{
  "id": "gen9championsvgc2026regma-2582829254",
  "format": "[Gen 9 Champions] VGC 2026 Reg M-A",
  "players": [
    "ScribbleScribble",
    "FredBearFan"
  ],
  "log": "|j|\u2606ScribbleScribble\n|j|\u2606FredBearFan\n|t:|1776117294\n|gametype|doubles\n|player|p1|ScribbleScribble|mina-lgpe|1368\n|player|p2|FredBearFan|fisherman-gen4|1338\n|gen|9\n|tier|[Gen 9 Champions] VGC 2026 Reg M-A\n|rated|\n|rule|Species Clause: Limit one of each Pok\u00e9mon\n|rule|Item Clause: Limit 1 of each item\n|clearpoke\n|poke|p1|Floette-Eternal, L50, F|\n|poke|p1|Sneasler, L50, M|\n|poke|p1|Aerodactyl, L50, M|\n|poke|p1|Garchomp, L50, F|\n|poke|p1|Kingambit, L50, F|\n|poke|p1|Basculegion, L50, M|\n|poke|p2|Scovillain, L50, M|\n|poke|p2|Garchomp, L50, F|\n|poke|p2|Sinistcha, L50|\n|poke|p2|Aerodactyl, L50, F|\n|poke|p2|Sneasler, L50, F|\n|poke|p2|Primarina, L50, F|\n|teampreview|4\n|inactive|Battle timer is ON: inactive players will automatically lose when time's up. (requested by ScribbleScribble)\n|inactive|ScribbleScribble has 60 seconds left.\n|\n|t:|1776117337\n|teamsize|p1|4\n|teamsize|p2|4\n|start\n|switch|p1a: Floette|Floette-Eternal, L50, F|100/100\n|switch|p1b: Aerodactyl|Aerodactyl, L50, M|100/100\n|switch|p2a: Aerodactyl|Aerodactyl, L50, F|100/100\n|switch|p2b: Sneasler|Sneasler, L50, F|100/100\n|-ability|p1b: Aerodactyl|Unnerve\n|-ability|p2a: Aerodactyl|Unnerve\n|turn|1\n|\n|t:|1776117353\n|detailschange|p1a: Floette|Floette-Mega, L50, F\n|-mega|p1a: Floette|Floette|Floettite\n|-ability|p1a: Floette|Fairy Aura\n|move|p2b: Sneasler|Fake Out|p1b: Aerodactyl\n|-resisted|p1b: Aerodactyl|1\n|-damage|p1b: Aerodactyl|89/100\n|move|p2a: Aerodactyl|Tailwind|p2a: Aerodactyl\n|-sidestart|p2: FredBearFan|move: Tailwind\n|cant|p1b: Aerodactyl|flinch\n|move|p1a: Floette|Dazzling Gleam|p2b: Sneasler|[spread] p2a,p2b\n|-damage|p2a: Aerodactyl|22/100\n|-damage|p2b: Sneasler|26/100\n|\n|upkeep\n|turn|2\n|inactive|ScribbleScribble has 30 seconds left.\n|inactive|FredBearFan has 30 seconds left.\n|inactive|ScribbleScribble has 20 seconds left.\n|inactive|FredBearFan has 20 seconds left.\n|inactive|ScribbleScribble has 15 seconds left.\n|inactive|ScribbleScribble has 10 seconds left.\n|inactive|ScribbleScribble has 5 seconds left.\n|\n|t:|1776117405\n|move|p1a: Floette|Protect|p1a: Floette\n|-singleturn|p1a: Floette|Protect\n|move|p2a: Aerodactyl|Rock Slide|p1b: Aerodactyl|[spread] p1b\n|-activate|p1a: Floette|move: Protect\n|-supereffective|p1b: Aerodactyl|1\n|-damage|p1b: Aerodactyl|8/100\n|move|p2b: Sneasler|Dire Claw|p1a: Floette\n|-activate|p1a: Floette|move: Protect\n|move|p1b: Aerodactyl|Tailwind|p1b: Aerodactyl\n|-sidestart|p1: ScribbleScribble|move: Tailwind\n|\n|upkeep\n|turn|3\n|\n|t:|1776117417\n|switch|p1a: Basculegion|Basculegion, L50, M|100/100\n|move|p1b: Aerodactyl|Dual Wingbeat|p2b: Sneasler\n|-supereffective|p2b: Sneasler|1\n|-damage|p2b: Sneasler|0 fnt\n|faint|p2b: Sneasler\n|-hitcount|p2: Sneasler|1\n|move|p2a: Aerodactyl|Rock Slide|p1b: Aerodactyl|[spread] p1b\n|-miss|p2a: Aerodactyl|p1a: Basculegion\n|-supereffective|p1b: Aerodactyl|1\n|-damage|p1b: Aerodactyl|0 fnt\n|faint|p1b: Aerodactyl\n|\n|upkeep\n|inactive|ScribbleScribble has 30 seconds left.\n|\n|t:|1776117450\n|switch|p1b: Sneasler|Sneasler, L50, M|100/100\n|switch|p2b: Scovillain|Scovillain, L50, M|100/100\n|turn|4\n|\n|t:|1776117473\n|detailschange|p2b: Scovillain|Scovillain-Mega, L50, M\n|-mega|p2b: Scovillain|Scovillain|Scovillainite\n|move|p2b: Scovillain|Rage Powder|p2b: Scovillain\n|-singleturn|p2b: Scovillain|move: Rage Powder\n|move|p1a: Basculegion|Last Respects|p2b: Scovillain\n|-damage|p2b: Scovillain|42/100\n|-status|p1a: Basculegion|brn|[from] ability: Spicy Spray|[of] p2b: Scovillain\n|move|p2a: Aerodactyl|Dual Wingbeat|p1b: Sneasler\n|-supereffective|p1b: Sneasler|1\n|-damage|p1b: Sneasler|39/100\n|-supereffective|p1b: Sneasler|1\n|-damage|p1b: Sneasler|0 fnt\n|faint|p1b: Sneasler\n|-hitcount|p1: Sneasler|2\n|\n|-damage|p1a: Basculegion|94/100 brn|[from] brn\n|-sideend|p2: FredBearFan|move: Tailwind\n|upkeep\n|\n|t:|1776117480\n|switch|p1b: Floette|Floette-Mega, L50, F|100/100\n|-ability|p1b: Floette|Fairy Aura\n|turn|5\n|\n|t:|1776117489\n|move|p2a: Aerodactyl|Protect|p2a: Aerodactyl\n|-singleturn|p2a: Aerodactyl|Protect\n|move|p2b: Scovillain|Protect|p2b: Scovillain\n|-singleturn|p2b: Scovillain|Protect\n|move|p1a: Basculegion|Last Respects|p2a: Aerodactyl\n|-activate|p2a: Aerodactyl|move: Protect\n|move|p1b: Floette|Moonblast|p2b: Scovillain\n|-activate|p2b: Scovillain|move: Protect\n|\n|-damage|p1a: Basculegion|88/100 brn|[from] brn\n|-sideend|p1: ScribbleScribble|move: Tailwind\n|upkeep\n|turn|6\n|\n|t:|1776117504\n|move|p2b: Scovillain|Rage Powder|p2b: Scovillain\n|-singleturn|p2b: Scovillain|move: Rage Powder\n|move|p1a: Basculegion|Last Respects|p2b: Scovillain\n|-damage|p2b: Scovillain|2/100\n|move|p2a: Aerodactyl|Tailwind|p2a: Aerodactyl\n|-sidestart|p2: FredBearFan|move: Tailwind\n|move|p1b: Floette|Dazzling Gleam|p2a: Aerodactyl|[spread] p2a,p2b\n|-resisted|p2b: Scovillain|1\n|-damage|p2a: Aerodactyl|0 fnt\n|-damage|p2b: Scovillain|0 fnt\n|-status|p1b: Floette|brn|[from] ability: Spicy Spray|[of] p2b: Scovillain\n|faint|p2a: Aerodactyl\n|faint|p2b: Scovillain\n|\n|-damage|p1a: Basculegion|82/100 brn|[from] brn\n|-damage|p1b: Floette|94/100 brn|[from] brn\n|upkeep\n|\n|t:|1776117525\n|switch|p2a: Primarina|Primarina, L50, F|100/100\n|turn|7\n|\n|t:|1776117535\n|move|p1a: Basculegion|Last Respects|p2a: Primarina\n|-damage|p2a: Primarina|40/100\n|move|p2a: Primarina|Calm Mind|p2a: Primarina\n|-boost|p2a: Primarina|spa|1\n|-boost|p2a: Primarina|spd|1\n|move|p1b: Floette|Moonblast|p2a: Primarina\n|-damage|p2a: Primarina|0 fnt\n|faint|p2a: Primarina\n|\n|win|ScribbleScribble\n|raw|ScribbleScribble's rating: 1392 &rarr; <strong>1409</strong><br />(+17 for winning)\n|raw|FredBearFan's rating: 1338 &rarr; <strong>1321</strong><br />(-17 for losing)\n|l|\u2606FredBearFan\n|player|p2|\n|l|\u2606ScribbleScribble\n|player|p1|\n",
  "uploadtime": 1776117549,
  "views": 29,
  "formatid": "gen9championsvgc2026regma",
  "rating": 1321,
  "private": 0,
  "password": null
}