{
  "id": "gen9championsvgc2026regma-2586892899",
  "format": "[Gen 9 Champions] VGC 2026 Reg M-A",
  "players": [
    "ansbbv",
    "SoyGomezLoco"
  ],
  "log": "|j|\u2606ansbbv\n|j|\u2606SoyGomezLoco\n|t:|1776469219\n|gametype|doubles\n|player|p1|ansbbv|skier|1070\n|player|p2|SoyGomezLoco|hiker-gen4|1157\n|gen|9\n|tier|[Gen 9 Champions] VGC 2026 Reg M-A\n|rated|\n|rule|Species Clause: Limit one of each Pok\u00e9mon\n|rule|Item Clause: Limit 1 of each item\n|clearpoke\n|poke|p1|Venusaur, L50, F|\n|poke|p1|Charizard, L50, F|\n|poke|p1|Torkoal, L50, M|\n|poke|p1|Absol, L50, F|\n|poke|p1|Archaludon, L50, M|\n|poke|p1|Farigiraf, L50, F|\n|poke|p2|Dragonite, L50, M|\n|poke|p2|Dragapult, L50, F|\n|poke|p2|Salazzle, L50, F|\n|poke|p2|Kommo-o, L50, F|\n|poke|p2|Goodra-Hisui, L50, M|\n|poke|p2|Basculegion, L50, M|\n|teampreview|4\n|inactive|Battle timer is ON: inactive players will automatically lose when time's up. (requested by ansbbv)\n|\n|t:|1776469297\n|teamsize|p1|4\n|teamsize|p2|4\n|start\n|switch|p1a: Absol|Absol, L50, F|100/100\n|switch|p1b: Archaludon|Archaludon, L50, M, shiny|100/100\n|switch|p2a: Jeremy|Dragonite, L50, M|100/100\n|switch|p2b: Dragnil The Jet|Dragapult, L50, F, shiny|100/100\n|turn|1\n|inactive|ansbbv has 30 seconds left.\n|\n|t:|1776469323\n|detailschange|p1a: Absol|Absol-Mega, L50, F\n|-mega|p1a: Absol|Absol|Absolite\n|detailschange|p2a: Jeremy|Dragonite-Mega, L50, M\n|-mega|p2a: Jeremy|Dragonite|Dragoninite\n|move|p2b: Dragnil The Jet|Dragon Cheer|p2a: Jeremy\n|-start|p2a: Jeremy|move: Dragon Cheer\n|move|p1a: Absol|Rock Slide|p2b: Dragnil The Jet|[spread] p2a,p2b\n|-supereffective|p2a: Jeremy|1\n|-damage|p2a: Jeremy|84/100\n|-damage|p2b: Dragnil The Jet|73/100\n|move|p2a: Jeremy|Draco Meteor|p1b: Archaludon\n|-crit|p1b: Archaludon\n|-damage|p1b: Archaludon|0 fnt\n|-unboost|p2a: Jeremy|spa|2\n|faint|p1b: Archaludon\n|\n|upkeep\n|\n|t:|1776469337\n|switch|p1b: Farigiraf|Farigiraf, L50, F|100/100\n|turn|2\n|\n|t:|1776469347\n|move|p2b: Dragnil The Jet|U-turn|p1a: Absol\n|-supereffective|p1a: Absol|1\n|-damage|p1a: Absol|34/100\n|\n|t:|1776469352\n|switch|p2b: Kaiser|Kommo-o, L50, F|100/100|[from] U-turn\n|move|p1a: Absol|Play Rough|p2a: Jeremy\n|-supereffective|p2a: Jeremy|1\n|-damage|p2a: Jeremy|25/100\n|move|p2a: Jeremy|Draco Meteor|p1b: Farigiraf\n|-crit|p1b: Farigiraf\n|-damage|p1b: Farigiraf|2/100\n|-unboost|p2a: Jeremy|spa|2\n|move|p1b: Farigiraf|Trick Room|p1b: Farigiraf\n|-fieldstart|move: Trick Room|[of] p1b: Farigiraf\n|\n|upkeep\n|turn|3\n|\n|t:|1776469377\n|move|p2a: Jeremy|Protect|p2a: Jeremy\n|-singleturn|p2a: Jeremy|Protect\n|move|p1b: Farigiraf|Psychic Noise|p2b: Kaiser\n|-supereffective|p2b: Kaiser|1\n|-damage|p2b: Kaiser|50/100\n|-start|p2b: Kaiser|move: Heal Block\n|move|p2b: Kaiser|Clanging Scales|p1b: Farigiraf|[spread] p1a,p1b\n|-damage|p1a: Absol|0 fnt\n|-damage|p1b: Farigiraf|0 fnt\n|faint|p1a: Absol\n|faint|p1b: Farigiraf\n|-unboost|p2b: Kaiser|def|1\n|\n|upkeep\n|\n|t:|1776469394\n|switch|p1a: Torkoal|Torkoal, L50, M|100/100\n|-weather|SunnyDay|[from] ability: Drought|[of] p1a: Torkoal\n|turn|4\n|\n|t:|1776469402\n|move|p1a: Torkoal|Eruption|p2a: Jeremy|[spread] p2a,p2b\n|-resisted|p2a: Jeremy|1\n|-resisted|p2b: Kaiser|1\n|-damage|p2a: Jeremy|0 fnt\n|-damage|p2b: Kaiser|17/100\n|faint|p2a: Jeremy\n|move|p2b: Kaiser|Clanging Scales|p1a: Torkoal\n|-damage|p1a: Torkoal|52/100\n|-unboost|p2b: Kaiser|def|1\n|\n|-weather|SunnyDay|[upkeep]\n|-end|p2b: Kaiser|move: Heal Block\n|upkeep\n|\n|t:|1776469415\n|switch|p2a: Dragnil The Jet|Dragapult, L50, F, shiny|73/100\n|turn|5\n|-message|ansbbv forfeited.\n|\n|win|SoyGomezLoco\n|raw|ansbbv's rating: 1070 &rarr; <strong>1055</strong><br />(-15 for losing)\n|raw|SoyGomezLoco's rating: 1157 &rarr; <strong>1176</strong><br />(+19 for winning)\n|l|\u2606ansbbv\n|player|p1|\n|l|\u2606SoyGomezLoco\n|player|p2|\n|j|\u2606SoyGomezLoco\n|player|p2|SoyGomezLoco|hiker-gen4|\n",
  "uploadtime": 1776469431,
  "views": 25,
  "formatid": "gen9championsvgc2026regma",
  "rating": 1055,
  "private": 0,
  "password": null
}