{
  "id": "gen9championsvgc2026regma-2581661398",
  "format": "[Gen 9 Champions] VGC 2026 Reg M-A",
  "players": [
    "TomyMedra11",
    "Isakashi"
  ],
  "log": "|j|\u2606TomyMedra11\n|j|\u2606Isakashi\n|t:|1776018797\n|gametype|doubles\n|player|p1|TomyMedra11|blue|1087\n|player|p2|Isakashi|marshal|1000\n|gen|9\n|tier|[Gen 9 Champions] VGC 2026 Reg M-A\n|rated|\n|rule|Species Clause: Limit one of each Pok\u00e9mon\n|rule|Item Clause: Limit 1 of each item\n|clearpoke\n|poke|p1|Dragonite, L50, M|\n|poke|p1|Pelipper, L50, M|\n|poke|p1|Basculegion, L50, M|\n|poke|p1|Archaludon, L50, M|\n|poke|p1|Beartic, L50, M|\n|poke|p1|Heliolisk, L50, M|\n|poke|p2|Lucario, L50, F|\n|poke|p2|Incineroar, L50, M|\n|poke|p2|Dragapult, L50, M|\n|poke|p2|Rotom-Heat, L50|\n|poke|p2|Aegislash, L50, M|\n|poke|p2|Pelipper, L50, M|\n|teampreview|4\n|\n|t:|1776018842\n|teamsize|p1|4\n|teamsize|p2|4\n|start\n|switch|p1a: Torre Arasaka|Archaludon, L50, M|100/100\n|switch|p1b: Yoshi|Heliolisk, L50, M|100/100\n|switch|p2a: Hector el Father|Dragapult, L50, M|100/100\n|switch|p2b: To\u00f1o|Incineroar, L50, M|100/100\n|-ability|p2b: To\u00f1o|Intimidate|boost\n|-unboost|p1a: Torre Arasaka|atk|1\n|-unboost|p1b: Yoshi|atk|1\n|turn|1\n|\n|t:|1776018866\n|move|p1a: Torre Arasaka|Protect|p1a: Torre Arasaka\n|-singleturn|p1a: Torre Arasaka|Protect\n|move|p2a: Hector el Father|U-turn|p1b: Yoshi\n|-damage|p1b: Yoshi|43/100\n|\n|t:|1776018875\n|switch|p2a: Cooking Mama|Rotom-Heat, L50, shiny|100/100|[from] U-turn\n|move|p1b: Yoshi|Volt Switch|p2b: To\u00f1o\n|-damage|p2b: To\u00f1o|72/100\n|\n|t:|1776018880\n|switch|p1b: Cartero|Pelipper, L50, M|100/100|[from] Volt Switch\n|-weather|RainDance|[from] ability: Drizzle|[of] p1b: Cartero\n|move|p2b: To\u00f1o|Parting Shot|p1a: Torre Arasaka\n|-activate|p1a: Torre Arasaka|move: Protect\n|\n|-weather|RainDance|[upkeep]\n|upkeep\n|turn|2\n|\n|t:|1776018900\n|move|p1a: Torre Arasaka|Electro Shot||[still]\n|-prepare|p1a: Torre Arasaka|Electro Shot\n|-boost|p1a: Torre Arasaka|spa|1\n|-anim|p1a: Torre Arasaka|Electro Shot|p2b: To\u00f1o\n|-damage|p2b: To\u00f1o|27/100\n|-enditem|p2b: To\u00f1o|Sitrus Berry|[eat]\n|-heal|p2b: To\u00f1o|51/100|[from] item: Sitrus Berry\n|move|p2a: Cooking Mama|Volt Switch|p1b: Cartero\n|-supereffective|p1b: Cartero|2\n|-enditem|p1b: Cartero|Focus Sash\n|-damage|p1b: Cartero|1/100\n|\n|t:|1776018913\n|switch|p2a: Culario|Lucario, L50, F|100/100|[from] Volt Switch\n|move|p1b: Cartero|Tailwind|p1b: Cartero\n|-sidestart|p1: TomyMedra11|move: Tailwind\n|move|p2b: To\u00f1o|Parting Shot|p1a: Torre Arasaka\n|-unboost|p1a: Torre Arasaka|atk|1\n|-unboost|p1a: Torre Arasaka|spa|1\n|\n|t:|1776018942\n|switch|p2b: Hector el Father|Dragapult, L50, M|100/100|[from] Parting Shot\n|\n|-weather|RainDance|[upkeep]\n|upkeep\n|turn|3\n|\n|t:|1776018984\n|switch|p2b: Cooking Mama|Rotom-Heat, L50, shiny|100/100\n|detailschange|p2a: Culario|Lucario-Mega, L50, F\n|-mega|p2a: Culario|Lucario|Lucarionite\n|move|p1a: Torre Arasaka|Protect|p1a: Torre Arasaka\n|-singleturn|p1a: Torre Arasaka|Protect\n|move|p2a: Culario|Close Combat|p1a: Torre Arasaka\n|-activate|p1a: Torre Arasaka|move: Protect\n|move|p1b: Cartero|Hurricane|p2a: Culario\n|-damage|p2a: Culario|45/100\n|\n|-weather|RainDance|[upkeep]\n|upkeep\n|turn|4\n|\n|t:|1776019016\n|move|p2a: Culario|Protect|p2a: Culario\n|-singleturn|p2a: Culario|Protect\n|move|p1a: Torre Arasaka|Dragon Pulse|p2b: Cooking Mama\n|-damage|p2b: Cooking Mama|59/100\n|move|p1b: Cartero|Hurricane|p2a: Culario\n|-activate|p2a: Culario|move: Protect\n|move|p2b: Cooking Mama|Thunder Wave|p1a: Torre Arasaka\n|-status|p1a: Torre Arasaka|par\n|\n|-weather|RainDance|[upkeep]\n|upkeep\n|turn|5\n|\n|t:|1776019048\n|switch|p1b: Yoshi|Heliolisk, L50, M|43/100\n|switch|p2b: To\u00f1o|Incineroar, L50, M|51/100\n|-ability|p2b: To\u00f1o|Intimidate|boost\n|-unboost|p1a: Torre Arasaka|atk|1\n|-unboost|p1b: Yoshi|atk|1\n|move|p1a: Torre Arasaka|Protect|p1a: Torre Arasaka\n|-singleturn|p1a: Torre Arasaka|Protect\n|move|p2a: Culario|Bullet Punch|p1b: Yoshi\n|-resisted|p1b: Yoshi|1\n|-damage|p1b: Yoshi|10/100\n|\n|-weather|none\n|-sideend|p1: TomyMedra11|move: Tailwind\n|upkeep\n|turn|6\n|\n|t:|1776019071\n|switch|p1a: Cartero|Pelipper, L50, M|1/100\n|-weather|RainDance|[from] ability: Drizzle|[of] p1a: Cartero\n|move|p2b: To\u00f1o|Fake Out|p1b: Yoshi\n|-damage|p1b: Yoshi|0 fnt\n|faint|p1b: Yoshi\n|move|p2a: Culario|Close Combat|p1a: Cartero\n|-resisted|p1a: Cartero|1\n|-damage|p1a: Cartero|0 fnt\n|-unboost|p2a: Culario|def|1\n|-unboost|p2a: Culario|spd|1\n|faint|p1a: Cartero\n|\n|-weather|RainDance|[upkeep]\n|upkeep\n|\n|t:|1776019084\n|switch|p1b: Torre Arasaka|Archaludon, L50, M|100/100 par\n|switch|p1a: Popi|Dragonite, L50, M|100/100\n|turn|7\n|\n|t:|1776019123\n|switch|p2a: Cooking Mama|Rotom-Heat, L50, shiny|59/100\n|detailschange|p1a: Popi|Dragonite-Mega, L50, M\n|-mega|p1a: Popi|Dragonite|Dragoninite\n|move|p1a: Popi|Hurricane|p2b: To\u00f1o\n|-damage|p2b: To\u00f1o|0 fnt\n|faint|p2b: To\u00f1o\n|move|p1b: Torre Arasaka|Electro Shot||[still]\n|-prepare|p1b: Torre Arasaka|Electro Shot\n|-boost|p1b: Torre Arasaka|spa|1\n|-anim|p1b: Torre Arasaka|Electro Shot|p2a: Cooking Mama\n|-resisted|p2a: Cooking Mama|1\n|-damage|p2a: Cooking Mama|28/100\n|\n|-weather|RainDance|[upkeep]\n|upkeep\n|\n|t:|1776019140\n|switch|p2b: Culario|Lucario-Mega, L50, F|45/100\n|turn|8\n|\n|t:|1776019148\n|move|p2a: Cooking Mama|Protect|p2a: Cooking Mama\n|-singleturn|p2a: Cooking Mama|Protect\n|move|p2b: Culario|Close Combat|p1b: Torre Arasaka\n|-supereffective|p1b: Torre Arasaka|1\n|-crit|p1b: Torre Arasaka\n|-enditem|p1b: Torre Arasaka|Chople Berry|[eat]\n|-enditem|p1b: Torre Arasaka|Chople Berry|[weaken]\n|-damage|p1b: Torre Arasaka|0 fnt\n|-unboost|p2b: Culario|def|1\n|-unboost|p2b: Culario|spd|1\n|faint|p1b: Torre Arasaka\n|move|p1a: Popi|Hurricane|p2b: Culario\n|-damage|p2b: Culario|0 fnt\n|faint|p2b: Culario\n|\n|-weather|RainDance|[upkeep]\n|upkeep\n|\n|t:|1776019160\n|switch|p2b: Hector el Father|Dragapult, L50, M|100/100\n|turn|9\n|\n|t:|1776019170\n|move|p2b: Hector el Father|Dragon Darts|p1a: Popi\n|-supereffective|p1a: Popi|1\n|-damage|p1a: Popi|75/100\n|-anim|p2b: Hector el Father|Dragon Darts|p1a: Popi\n|-supereffective|p1a: Popi|1\n|-damage|p1a: Popi|20/100\n|move|p1a: Popi|Draco Meteor|p2b: Hector el Father\n|-supereffective|p2b: Hector el Father|1\n|-damage|p2b: Hector el Father|0 fnt\n|-unboost|p1a: Popi|spa|2\n|faint|p2b: Hector el Father\n|move|p2a: Cooking Mama|Thunder Wave|p1a: Popi\n|-status|p1a: Popi|par\n|\n|-weather|RainDance|[upkeep]\n|upkeep\n|turn|10\n|\n|t:|1776019187\n|move|p2a: Cooking Mama|Volt Switch|p1a: Popi\n|-damage|p1a: Popi|0 fnt\n|faint|p1a: Popi\n|\n|win|Isakashi\n|raw|TomyMedra11's rating: 1087 &rarr; <strong>1058</strong><br />(-29 for losing)\n|raw|Isakashi's rating: 1000 &rarr; <strong>1050</strong><br />(+50 for winning)\n|l|\u2606TomyMedra11\n|player|p1|\n",
  "uploadtime": 1776019208,
  "views": 18,
  "formatid": "gen9championsvgc2026regma",
  "rating": 1050,
  "private": 0,
  "password": null
}