{
  "id": "gen9championsvgc2026regma-2582530834",
  "format": "[Gen 9 Champions] VGC 2026 Reg M-A",
  "players": [
    "souzapj1",
    "TheRarWolf"
  ],
  "log": "|j|\u2606souzapj1\n|j|\u2606TheRarWolf\n|t:|1776097586\n|gametype|doubles\n|player|p1|souzapj1|102|1037\n|player|p2|TheRarWolf|janine|1000\n|gen|9\n|tier|[Gen 9 Champions] VGC 2026 Reg M-A\n|rated|\n|rule|Species Clause: Limit one of each Pok\u00e9mon\n|rule|Item Clause: Limit 1 of each item\n|clearpoke\n|poke|p1|Golurk, L50|\n|poke|p1|Aerodactyl, L50, F|\n|poke|p1|Ninetales-Alola, L50, F|\n|poke|p1|Sinistcha, L50|\n|poke|p1|Hydreigon, L50, M|\n|poke|p1|Slowbro, L50, F|\n|poke|p2|Clefable, L50, M|\n|poke|p2|Garchomp, L50, F|\n|poke|p2|Whimsicott, L50, F|\n|poke|p2|Rotom-Wash, L50|\n|poke|p2|Incineroar, L50, M|\n|poke|p2|Farigiraf, L50, M|\n|teampreview|4\n|inactive|Battle timer is ON: inactive players will automatically lose when time's up. (requested by TheRarWolf)\n|\n|t:|1776097616\n|teamsize|p1|4\n|teamsize|p2|4\n|start\n|switch|p1a: Sinistcha|Sinistcha, L50|100/100\n|switch|p1b: Slowbro|Slowbro, L50, F|100/100\n|switch|p2a: Satan|Incineroar, L50, M|100/100\n|switch|p2b: Zappa|Rotom-Wash, L50|100/100\n|-ability|p2a: Satan|Intimidate|boost\n|-unboost|p1a: Sinistcha|atk|1\n|-unboost|p1b: Slowbro|atk|1\n|turn|1\n|\n|t:|1776097633\n|move|p2a: Satan|Fake Out|p1b: Slowbro\n|-damage|p1b: Slowbro|92/100\n|move|p2b: Zappa|Thunder Wave|p1a: Sinistcha\n|-status|p1a: Sinistcha|par\n|cant|p1b: Slowbro|flinch\n|move|p1a: Sinistcha|Trick Room|p1a: Sinistcha\n|-fieldstart|move: Trick Room|[of] p1a: Sinistcha\n|\n|-heal|p1b: Slowbro|98/100|[from] item: Leftovers\n|upkeep\n|turn|2\n|\n|t:|1776097650\n|switch|p1a: Golurk|Golurk, L50|100/100\n|move|p1b: Slowbro|Surf|p2a: Satan|[spread] p1a,p2a,p2b\n|-supereffective|p1a: Golurk|1\n|-supereffective|p2a: Satan|1\n|-resisted|p2b: Zappa|1\n|-damage|p1a: Golurk|27/100\n|-damage|p2a: Satan|46/100\n|-damage|p2b: Zappa|85/100\n|-enditem|p2a: Satan|Sitrus Berry|[eat]\n|-heal|p2a: Satan|71/100|[from] item: Sitrus Berry\n|move|p2a: Satan|Flare Blitz|p1a: Golurk\n|-damage|p1a: Golurk|0 fnt\n|faint|p1a: Golurk\n|-damage|p2a: Satan|62/100|[from] Recoil\n|move|p2b: Zappa|Thunder Wave|p1b: Slowbro\n|-status|p1b: Slowbro|par\n|\n|-heal|p1b: Slowbro|100/100 par|[from] item: Leftovers\n|upkeep\n|\n|t:|1776097657\n|switch|p1a: Hydreigon|Hydreigon, L50, M|100/100\n|turn|3\n|\n|t:|1776097679\n|move|p2a: Satan|Protect|p2a: Satan\n|-singleturn|p2a: Satan|Protect\n|move|p1b: Slowbro|Surf|p2a: Satan|[spread] p1a,p2b\n|-activate|p2a: Satan|move: Protect\n|-resisted|p1a: Hydreigon|1\n|-resisted|p2b: Zappa|1\n|-damage|p1a: Hydreigon|85/100\n|-damage|p2b: Zappa|67/100\n|move|p2b: Zappa|Thunder Wave|p1a: Hydreigon\n|-status|p1a: Hydreigon|par\n|cant|p1a: Hydreigon|par\n|\n|upkeep\n|turn|4\n|\n|t:|1776097694\n|switch|p2a: Kita|Whimsicott, L50, F|100/100\n|move|p1b: Slowbro|Surf|p2a: Kita|[spread] p1a,p2a,p2b\n|-resisted|p1a: Hydreigon|1\n|-resisted|p2a: Kita|1\n|-resisted|p2b: Zappa|1\n|-damage|p1a: Hydreigon|70/100 par\n|-damage|p2a: Kita|76/100\n|-damage|p2b: Zappa|50/100\n|move|p1a: Hydreigon|Earth Power|p2b: Zappa\n|-immune|p2b: Zappa|[from] ability: Levitate\n|move|p2b: Zappa|Volt Switch|p1b: Slowbro\n|-supereffective|p1b: Slowbro|1\n|-damage|p1b: Slowbro|32/100 par\n|\n|t:|1776097700\n|switch|p2b: Satan|Incineroar, L50, M|62/100|[from] Volt Switch\n|-ability|p2b: Satan|Intimidate|boost\n|-unboost|p1a: Hydreigon|atk|1\n|-unboost|p1b: Slowbro|atk|1\n|\n|-heal|p1b: Slowbro|38/100 par|[from] item: Leftovers\n|upkeep\n|turn|5\n|\n|t:|1776097716\n|switch|p1b: Sinistcha|Sinistcha, L50|100/100 par\n|-heal|p1a: Hydreigon|94/100 par|[from] ability: Hospitality|[of] p1b: Sinistcha\n|move|p2a: Kita|Protect|p2a: Kita\n|-singleturn|p2a: Kita|Protect\n|move|p1a: Hydreigon|Protect|p1a: Hydreigon\n|-singleturn|p1a: Hydreigon|Protect\n|move|p2b: Satan|Fake Out|p1a: Hydreigon\n|-activate|p1a: Hydreigon|move: Protect\n|\n|-fieldend|move: Trick Room\n|upkeep\n|turn|6\n|\n|t:|1776097738\n|move|p2a: Kita|Tailwind|p2a: Kita\n|-sidestart|p2: TheRarWolf|move: Tailwind\n|move|p2b: Satan|Flare Blitz|p1b: Sinistcha\n|-supereffective|p1b: Sinistcha|1\n|-damage|p1b: Sinistcha|40/100 par\n|-damage|p2b: Satan|45/100|[from] Recoil\n|move|p1a: Hydreigon|Earth Power|p2b: Satan\n|-supereffective|p2b: Satan|1\n|-damage|p2b: Satan|0 fnt\n|faint|p2b: Satan\n|move|p1b: Sinistcha|Matcha Gotcha|p2a: Kita\n|-resisted|p2a: Kita|1\n|-damage|p2a: Kita|55/100\n|-heal|p1b: Sinistcha|49/100 par|[from] drain|[of] p2a: Kita\n|\n|upkeep\n|\n|t:|1776097743\n|switch|p2b: Cindi|Clefable, L50, M|100/100\n|turn|7\n|\n|t:|1776097766\n|switch|p1b: Slowbro|Slowbro, L50, F|71/100 par\n|detailschange|p2b: Cindi|Clefable-Mega, L50, M\n|-mega|p2b: Cindi|Clefable|Clefablite\n|move|p2a: Kita|Encore|p1a: Hydreigon\n|-hint|Since gen 7, Dark is immune to Prankster moves.\n|-immune|p1a: Hydreigon\n|move|p2b: Cindi|Calm Mind|p2b: Cindi\n|-boost|p2b: Cindi|spa|1\n|-boost|p2b: Cindi|spd|1\n|cant|p1a: Hydreigon|par\n|\n|-heal|p1b: Slowbro|77/100 par|[from] item: Leftovers\n|upkeep\n|turn|8\n|\n|t:|1776097786\n|switch|p1b: Sinistcha|Sinistcha, L50|49/100 par\n|-heal|p1a: Hydreigon|100/100 par|[from] ability: Hospitality|[of] p1b: Sinistcha\n|cant|p1a: Hydreigon|par\n|move|p2a: Kita|Energy Ball|p1b: Sinistcha\n|-resisted|p1b: Sinistcha|1\n|-damage|p1b: Sinistcha|32/100 par\n|move|p2b: Cindi|Draining Kiss|p1a: Hydreigon\n|-supereffective|p1a: Hydreigon|2\n|-damage|p1a: Hydreigon|0 fnt\n|faint|p1a: Hydreigon\n|\n|upkeep\n|\n|t:|1776097794\n|switch|p1a: Slowbro|Slowbro, L50, F|100/100 par\n|turn|9\n|\n|t:|1776097801\n|move|p2a: Kita|Energy Ball|p1a: Slowbro\n|-supereffective|p1a: Slowbro|1\n|-damage|p1a: Slowbro|31/100 par\n|-unboost|p1a: Slowbro|spd|1\n|move|p2b: Cindi|Flamethrower|p1b: Sinistcha\n|-supereffective|p1b: Sinistcha|1\n|-damage|p1b: Sinistcha|0 fnt\n|faint|p1b: Sinistcha\n|move|p1a: Slowbro|Blizzard|p2b: Cindi|[spread] p2a,p2b\n|-supereffective|p2a: Kita|1\n|-supereffective|p2b: Cindi|1\n|-damage|p2a: Kita|0 fnt\n|-damage|p2b: Cindi|70/100\n|faint|p2a: Kita\n|\n|-heal|p1a: Slowbro|37/100 par|[from] item: Leftovers\n|-sideend|p2: TheRarWolf|move: Tailwind\n|upkeep\n|\n|t:|1776097804\n|switch|p2a: Zappa|Rotom-Wash, L50|50/100\n|turn|10\n|\n|t:|1776097811\n|move|p2a: Zappa|Volt Switch|p1a: Slowbro\n|-supereffective|p1a: Slowbro|1\n|-damage|p1a: Slowbro|0 fnt\n|faint|p1a: Slowbro\n|\n|win|TheRarWolf\n|raw|souzapj1's rating: 1037 &rarr; <strong>1020</strong><br />(-17 for losing)\n|raw|TheRarWolf's rating: 1000 &rarr; <strong>1044</strong><br />(+44 for winning)\n",
  "uploadtime": 1776097814,
  "views": 22,
  "formatid": "gen9championsvgc2026regma",
  "rating": 1020,
  "private": 0,
  "password": null
}