{
  "id": "gen9championsvgc2026regma-2586915295",
  "format": "[Gen 9 Champions] VGC 2026 Reg M-A",
  "players": [
    "W1lker\u265d",
    "NovaGuy"
  ],
  "log": "|j|\u2606W1lker\u265d\n|j|\u2606NovaGuy\n|t:|1776471410\n|gametype|doubles\n|player|p1|W1lker\u265d|gentleman-gen4dp|1125\n|player|p2|NovaGuy|ethan|1112\n|gen|9\n|tier|[Gen 9 Champions] VGC 2026 Reg M-A\n|rated|\n|rule|Species Clause: Limit one of each Pok\u00e9mon\n|rule|Item Clause: Limit 1 of each item\n|clearpoke\n|poke|p1|Charizard, L50, F|\n|poke|p1|Sneasler, L50, F|\n|poke|p1|Basculegion, L50, M|\n|poke|p1|Garchomp, L50, F|\n|poke|p1|Incineroar, L50, F|\n|poke|p1|Venusaur, L50, M|\n|poke|p2|Charizard, L50, F|\n|poke|p2|Venusaur, L50, M|\n|poke|p2|Whimsicott, L50, M|\n|poke|p2|Milotic, L50, F|\n|poke|p2|Aegislash, L50, F|\n|poke|p2|Incineroar, L50, M|\n|teampreview|4\n|inactive|Battle timer is ON: inactive players will automatically lose when time's up. (requested by W1lker\u265d)\n|\n|t:|1776471438\n|teamsize|p1|4\n|teamsize|p2|4\n|start\n|switch|p1a: Charizard|Charizard, L50, F, shiny|100/100\n|switch|p1b: Venusaur|Venusaur, L50, M|100/100\n|switch|p2a: Milotic|Milotic, L50, F|100/100\n|switch|p2b: Aegislash|Aegislash, L50, F|100/100\n|turn|1\n|inactive|NovaGuy has 30 seconds left.\n|\n|t:|1776471472\n|detailschange|p1a: Charizard|Charizard-Mega-Y, L50, F, shiny\n|-mega|p1a: Charizard|Charizard|Charizardite Y\n|-weather|SunnyDay|[from] ability: Drought|[of] p1a: Charizard\n|move|p1b: Venusaur|Energy Ball|p2a: Milotic\n|-supereffective|p2a: Milotic|1\n|-damage|p2a: Milotic|50/100\n|move|p1a: Charizard|Heat Wave|p2a: Milotic|[spread] p2a,p2b\n|-resisted|p2a: Milotic|1\n|-supereffective|p2b: Aegislash|1\n|-damage|p2a: Milotic|32/100\n|-damage|p2b: Aegislash|0 fnt\n|faint|p2b: Aegislash\n|move|p2a: Milotic|Icy Wind|p1b: Venusaur|[spread] p1a,p1b\n|-supereffective|p1b: Venusaur|1\n|-damage|p1a: Charizard|90/100\n|-damage|p1b: Venusaur|80/100\n|-unboost|p1a: Charizard|spe|1\n|-unboost|p1b: Venusaur|spe|1\n|\n|-weather|SunnyDay|[upkeep]\n|-heal|p2a: Milotic|38/100|[from] item: Leftovers\n|upkeep\n|\n|t:|1776471494\n|switch|p2b: Whimsicott|Whimsicott, L50, M|100/100\n|turn|2\n|\n|t:|1776471513\n|move|p2a: Milotic|Protect|p2a: Milotic\n|-singleturn|p2a: Milotic|Protect\n|move|p2b: Whimsicott|Tailwind|p2b: Whimsicott\n|-sidestart|p2: NovaGuy|move: Tailwind\n|move|p1b: Venusaur|Energy Ball|p2a: Milotic\n|-activate|p2a: Milotic|move: Protect\n|move|p1a: Charizard|Air Slash|p2b: Whimsicott\n|-supereffective|p2b: Whimsicott|1\n|-enditem|p2b: Whimsicott|Focus Sash\n|-damage|p2b: Whimsicott|1/100\n|\n|-weather|SunnyDay|[upkeep]\n|-heal|p2a: Milotic|44/100|[from] item: Leftovers\n|upkeep\n|turn|3\n|inactive|NovaGuy has 30 seconds left.\n|inactive|NovaGuy has 20 seconds left.\n|inactive|NovaGuy has 15 seconds left.\n|inactive|NovaGuy has 10 seconds left.\n|\n|t:|1776471559\n|move|p2b: Whimsicott|Endeavor|p1b: Venusaur\n|-damage|p1b: Venusaur|1/100\n|move|p2a: Milotic|Icy Wind|p1a: Charizard|[spread] p1a,p1b\n|-supereffective|p1b: Venusaur|1\n|-damage|p1a: Charizard|80/100\n|-damage|p1b: Venusaur|0 fnt\n|-unboost|p1a: Charizard|spe|1\n|faint|p1b: Venusaur\n|move|p1a: Charizard|Heat Wave|p2a: Milotic|[spread] p2a,p2b\n|-resisted|p2a: Milotic|1\n|-supereffective|p2b: Whimsicott|1\n|-damage|p2a: Milotic|25/100\n|-damage|p2b: Whimsicott|0 fnt\n|faint|p2b: Whimsicott\n|\n|-weather|SunnyDay|[upkeep]\n|-heal|p2a: Milotic|31/100|[from] item: Leftovers\n|upkeep\n|\n|t:|1776471576\n|switch|p2b: Charizard|Charizard, L50, F|100/100\n|switch|p1b: Incineroar|Incineroar, L50, F, shiny|100/100\n|-ability|p1b: Incineroar|Intimidate|boost\n|-unboost|p2a: Milotic|atk|1\n|-ability|p2a: Milotic|Competitive|boost\n|-boost|p2a: Milotic|spa|2\n|-unboost|p2b: Charizard|atk|1\n|turn|4\n|\n|t:|1776471594\n|detailschange|p2b: Charizard|Charizard-Mega-X, L50, F\n|-mega|p2b: Charizard|Charizard|Charizardite X\n|move|p1b: Incineroar|Fake Out|p2b: Charizard\n|-damage|p2b: Charizard|89/100\n|cant|p2b: Charizard|flinch\n|move|p2a: Milotic|Muddy Water|p1a: Charizard|[spread] p1a,p1b\n|-supereffective|p1a: Charizard|1\n|-supereffective|p1b: Incineroar|1\n|-damage|p1a: Charizard|33/100\n|-damage|p1b: Incineroar|52/100\n|-unboost|p1a: Charizard|accuracy|1\n|-unboost|p1b: Incineroar|accuracy|1\n|move|p1a: Charizard|Air Slash|p2a: Milotic\n|-crit|p2a: Milotic\n|-damage|p2a: Milotic|0 fnt\n|faint|p2a: Milotic\n|\n|-weather|SunnyDay|[upkeep]\n|upkeep\n|turn|5\n|\n|t:|1776471616\n|move|p2b: Charizard|Dragon Dance|p2b: Charizard\n|-boost|p2b: Charizard|atk|1\n|-boost|p2b: Charizard|spe|1\n|move|p1b: Incineroar|Throat Chop|p2b: Charizard|[miss]\n|-miss|p1b: Incineroar|p2b: Charizard\n|move|p1a: Charizard|Air Slash|p2b: Charizard\n|-damage|p2b: Charizard|39/100\n|\n|-weather|none\n|-sideend|p2: NovaGuy|move: Tailwind\n|upkeep\n|turn|6\n|\n|t:|1776471631\n|move|p2b: Charizard|Dragon Claw|p1a: Charizard\n|-damage|p1a: Charizard|0 fnt\n|faint|p1a: Charizard\n|move|p1b: Incineroar|Parting Shot|p2b: Charizard|[miss]\n|-miss|p1b: Incineroar|p2b: Charizard\n|\n|upkeep\n|\n|t:|1776471637\n|switch|p1a: Sneasler|Sneasler, L50, F|100/100\n|turn|7\n|\n|t:|1776471647\n|move|p2b: Charizard|Protect|p2b: Charizard\n|-singleturn|p2b: Charizard|Protect\n|move|p1a: Sneasler|Close Combat|p2b: Charizard\n|-activate|p2b: Charizard|move: Protect\n|move|p1b: Incineroar|Throat Chop|p2b: Charizard\n|-activate|p2b: Charizard|move: Protect\n|\n|upkeep\n|turn|8\n|\n|t:|1776471659\n|move|p2b: Charizard|Flare Blitz|p1a: Sneasler\n|-damage|p1a: Sneasler|0 fnt\n|faint|p1a: Sneasler\n|-damage|p2b: Charizard|11/100|[from] Recoil\n|move|p1b: Incineroar|Throat Chop|p2b: Charizard\n|-damage|p2b: Charizard|0 fnt\n|faint|p2b: Charizard\n|\n|win|W1lker\u265d\n|raw|W1lker\u265d's rating: 1125 &rarr; <strong>1149</strong><br />(+24 for winning)\n|raw|NovaGuy's rating: 1112 &rarr; <strong>1088</strong><br />(-24 for losing)\n|c|\u2606W1lker\u265d|gg\n",
  "uploadtime": 1776471672,
  "views": 18,
  "formatid": "gen9championsvgc2026regma",
  "rating": 1088,
  "private": 0,
  "password": null
}