{
  "id": "gen9championsvgc2026regma-2580469207",
  "format": "[Gen 9 Champions] VGC 2026 Reg M-A",
  "players": [
    "6smallgenius6",
    "quinoa_monoprix"
  ],
  "log": "|j|\u26066smallgenius6\n|j|\u2606quinoa_monoprix\n|t:|1775901193\n|gametype|doubles\n|player|p1|6smallgenius6|170|1050\n|player|p2|quinoa_monoprix|101|1000\n|gen|9\n|tier|[Gen 9 Champions] VGC 2026 Reg M-A\n|rated|\n|rule|Species Clause: Limit one of each Pok\u00e9mon\n|rule|Item Clause: Limit 1 of each item\n|clearpoke\n|poke|p1|Skarmory, L50, M|\n|poke|p1|Mamoswine, L50, M|\n|poke|p1|Sinistcha, L50|\n|poke|p1|Rotom-Wash, L50|\n|poke|p1|Incineroar, L50, M|\n|poke|p1|Primarina, L50, F|\n|poke|p2|Tyranitar, L50, M|\n|poke|p2|Excadrill, L50, F|\n|poke|p2|Goodra-Hisui, L50, M|\n|poke|p2|Arcanine-Hisui, L50, F|\n|poke|p2|Slowking-Galar, L50, F|\n|poke|p2|Chesnaught, L50, M|\n|teampreview|4\n|\n|t:|1775901231\n|teamsize|p1|4\n|teamsize|p2|4\n|start\n|switch|p1a: Skarmory|Skarmory, L50, M|100/100\n|switch|p1b: Mamoswine|Mamoswine, L50, M|100/100\n|switch|p2a: Arcanine|Arcanine-Hisui, L50, F|100/100\n|switch|p2b: Tyranitar|Tyranitar, L50, M|100/100\n|-ability|p2a: Arcanine|Intimidate|boost\n|-unboost|p1a: Skarmory|atk|1\n|-fail|p1b: Mamoswine|unboost|Attack|[from] ability: Oblivious|[of] p1b: Mamoswine\n|-weather|Sandstorm|[from] ability: Sand Stream|[of] p2b: Tyranitar\n|turn|1\n|\n|t:|1775901259\n|detailschange|p1a: Skarmory|Skarmory-Mega, L50, M\n|-mega|p1a: Skarmory|Skarmory|Skarmorite\n|move|p2b: Tyranitar|Protect|p2b: Tyranitar\n|-singleturn|p2b: Tyranitar|Protect\n|move|p1a: Skarmory|Tailwind|p1a: Skarmory\n|-sidestart|p1: 6smallgenius6|move: Tailwind\n|move|p1b: Mamoswine|Earthquake|p2b: Tyranitar|[spread] p2a\n|-activate|p2b: Tyranitar|move: Protect\n|-immune|p1a: Skarmory\n|-supereffective|p2a: Arcanine|2\n|-damage|p2a: Arcanine|0 fnt\n|faint|p2a: Arcanine\n|\n|-weather|Sandstorm|[upkeep]\n|upkeep\n|\n|t:|1775901271\n|switch|p2a: Excadrill|Excadrill, L50, F|100/100\n|turn|2\n|\n|t:|1775901298\n|detailschange|p2b: Tyranitar|Tyranitar-Mega, L50, M\n|-mega|p2b: Tyranitar|Tyranitar|Tyranitarite\n|move|p1b: Mamoswine|Protect|p1b: Mamoswine\n|-singleturn|p1b: Mamoswine|Protect\n|move|p1a: Skarmory|Body Press|p2b: Tyranitar\n|-supereffective|p2b: Tyranitar|2\n|-damage|p2b: Tyranitar|50/100\n|move|p2a: Excadrill|Iron Head|p1a: Skarmory\n|-resisted|p1a: Skarmory|1\n|-crit|p1a: Skarmory\n|-damage|p1a: Skarmory|68/100\n|move|p2b: Tyranitar|Rock Slide|p1a: Skarmory|[spread] p1a\n|-activate|p1b: Mamoswine|move: Protect\n|-damage|p1a: Skarmory|32/100\n|\n|-weather|Sandstorm|[upkeep]\n|upkeep\n|turn|3\n|\n|t:|1775901321\n|switch|p1b: Incineroar|Incineroar, L50, M|100/100\n|-ability|p1b: Incineroar|Intimidate|boost\n|-unboost|p2a: Excadrill|atk|1\n|-unboost|p2b: Tyranitar|atk|1\n|move|p2b: Tyranitar|Protect|p2b: Tyranitar\n|-singleturn|p2b: Tyranitar|Protect\n|move|p1a: Skarmory|Body Press|p2a: Excadrill\n|-supereffective|p2a: Excadrill|1\n|-damage|p2a: Excadrill|41/100\n|move|p2a: Excadrill|Earthquake|p1a: Skarmory|[spread] p1b\n|-activate|p2b: Tyranitar|move: Protect\n|-immune|p1a: Skarmory\n|-supereffective|p1b: Incineroar|1\n|-enditem|p1b: Incineroar|Shuca Berry|[eat]\n|-enditem|p1b: Incineroar|Shuca Berry|[weaken]\n|-damage|p1b: Incineroar|77/100\n|\n|-weather|Sandstorm|[upkeep]\n|-damage|p1b: Incineroar|71/100|[from] Sandstorm\n|upkeep\n|turn|4\n|\n|t:|1775901357\n|switch|p2a: Slowking|Slowking-Galar, L50, F|100/100\n|-clearboost|p2b: Tyranitar|[from] ability: Curious Medicine|[of] p2a: Slowking\n|move|p1b: Incineroar|Fake Out|p2a: Slowking\n|-damage|p2a: Slowking|91/100\n|move|p1a: Skarmory|Body Press|p2b: Tyranitar\n|-supereffective|p2b: Tyranitar|2\n|-damage|p2b: Tyranitar|2/100\n|move|p2b: Tyranitar|Rock Slide|p1a: Skarmory|[spread] p1a,p1b\n|-supereffective|p1b: Incineroar|1\n|-damage|p1a: Skarmory|0 fnt\n|-damage|p1b: Incineroar|8/100\n|faint|p1a: Skarmory\n|\n|-weather|Sandstorm|[upkeep]\n|-damage|p1b: Incineroar|2/100|[from] Sandstorm\n|-damage|p2a: Slowking|85/100|[from] Sandstorm\n|-sideend|p1: 6smallgenius6|move: Tailwind\n|upkeep\n|\n|t:|1775901375\n|switch|p1a: Mamoswine|Mamoswine, L50, M|100/100\n|turn|5\n|\n|t:|1775901405\n|move|p2b: Tyranitar|Protect|p2b: Tyranitar\n|-singleturn|p2b: Tyranitar|Protect\n|move|p1a: Mamoswine|Ice Shard|p2b: Tyranitar\n|-activate|p2b: Tyranitar|move: Protect\n|move|p1b: Incineroar|Parting Shot|p2a: Slowking\n|-unboost|p2a: Slowking|atk|1\n|-unboost|p2a: Slowking|spa|1\n|\n|t:|1775901408\n|switch|p1b: Sinistcha|Sinistcha, L50|100/100|[from] Parting Shot\n|move|p2a: Slowking|Trick Room|p2a: Slowking\n|-fieldstart|move: Trick Room|[of] p2a: Slowking\n|\n|-weather|none\n|upkeep\n|turn|6\n|\n|t:|1775901439\n|move|p1a: Mamoswine|Protect|p1a: Mamoswine\n|-singleturn|p1a: Mamoswine|Protect\n|move|p2a: Slowking|Sludge Bomb|p1b: Sinistcha\n|-damage|p1b: Sinistcha|78/100\n|move|p2b: Tyranitar|Body Press|p1a: Mamoswine\n|-activate|p1a: Mamoswine|move: Protect\n|move|p1b: Sinistcha|Matcha Gotcha|p2b: Tyranitar|[spread] p2a,p2b\n|-resisted|p2a: Slowking|1\n|-supereffective|p2b: Tyranitar|1\n|-damage|p2a: Slowking|77/100\n|-heal|p1b: Sinistcha|82/100|[from] drain|[of] p2a: Slowking\n|-damage|p2b: Tyranitar|0 fnt\n|-heal|p1b: Sinistcha|83/100|[from] drain|[of] p2b: Tyranitar\n|faint|p2b: Tyranitar\n|\n|upkeep\n|\n|t:|1775901455\n|switch|p2b: Excadrill|Excadrill, L50, F|41/100\n|turn|7\n|\n|t:|1775901480\n|switch|p1b: Incineroar|Incineroar, L50, M|2/100\n|-ability|p1b: Incineroar|Intimidate|boost\n|-unboost|p2a: Slowking|atk|1\n|-unboost|p2b: Excadrill|atk|1\n|move|p2a: Slowking|Psychic|p1a: Mamoswine\n|-damage|p1a: Mamoswine|72/100\n|move|p1a: Mamoswine|Earthquake|p2a: Slowking|[spread] p1b,p2a,p2b\n|-supereffective|p1b: Incineroar|1\n|-supereffective|p2a: Slowking|1\n|-supereffective|p2b: Excadrill|1\n|-damage|p1b: Incineroar|0 fnt\n|-damage|p2a: Slowking|0 fnt\n|-damage|p2b: Excadrill|0 fnt\n|faint|p1b: Incineroar\n|faint|p2a: Slowking\n|faint|p2b: Excadrill\n|\n|win|6smallgenius6\n|raw|6smallgenius6's rating: 1050 &rarr; <strong>1078</strong><br />(+28 for winning)\n|raw|quinoa_monoprix's rating: 1000 &rarr; <strong>1000</strong><br />(+0 for losing)\n|c|\u26066smallgenius6|gg\n|c|\u2606quinoa_monoprix|gg\n|l|\u2606quinoa_monoprix\n|player|p2|\n",
  "uploadtime": 1775901540,
  "views": 24,
  "formatid": "gen9championsvgc2026regma",
  "rating": 1000,
  "private": 0,
  "password": null
}