{
  "id": "gen9championsvgc2026regma-2581084697",
  "format": "[Gen 9 Champions] VGC 2026 Reg M-A",
  "players": [
    "loklastaji",
    "TheLambsauce230"
  ],
  "log": "|j|\u2606loklastaji\n|j|\u2606TheLambsauce230\n|t:|1775958383\n|gametype|doubles\n|player|p1|loklastaji|101|1128\n|player|p2|TheLambsauce230|veteran-gen4|1055\n|gen|9\n|tier|[Gen 9 Champions] VGC 2026 Reg M-A\n|rated|\n|rule|Species Clause: Limit one of each Pok\u00e9mon\n|rule|Item Clause: Limit 1 of each item\n|clearpoke\n|poke|p1|Samurott-Hisui, L50, M|\n|poke|p1|Mamoswine, L50, F|\n|poke|p1|Delphox, L50, M|\n|poke|p1|Clefable, L50, M|\n|poke|p1|Corviknight, L50, F|\n|poke|p1|Dragonite, L50, M|\n|poke|p2|Froslass, L50, F|\n|poke|p2|Sneasler, L50, M|\n|poke|p2|Farigiraf, L50, M|\n|poke|p2|Ninetales-Alola, L50, M|\n|poke|p2|Archaludon, L50, M|\n|poke|p2|Garchomp, L50, M|\n|teampreview|4\n|inactive|Battle timer is ON: inactive players will automatically lose when time's up. (requested by TheLambsauce230)\n|inactive|loklastaji has 60 seconds left.\n|inactive|loklastaji has 30 seconds left.\n|inactive|loklastaji has 20 seconds left.\n|inactive|loklastaji has 15 seconds left.\n|inactive|loklastaji has 10 seconds left.\n|inactive|loklastaji has 5 seconds left.\n|\n|t:|1775958470\n|teamsize|p1|4\n|teamsize|p2|4\n|start\n|switch|p1a: Delphox|Delphox, L50, M|100/100\n|switch|p1b: Corviknight|Corviknight, L50, F|100/100\n|switch|p2a: Farigiraf|Farigiraf, L50, M|100/100\n|switch|p2b: Froslass|Froslass, L50, F|100/100\n|turn|1\n|\n|t:|1775958493\n|detailschange|p2b: Froslass|Froslass-Mega, L50, F\n|-mega|p2b: Froslass|Froslass|Froslassite\n|-weather|Snowscape|[from] ability: Snow Warning|[of] p2b: Froslass\n|detailschange|p1a: Delphox|Delphox-Mega, L50, M\n|-mega|p1a: Delphox|Delphox|Delphoxite\n|move|p1a: Delphox|Heat Wave|p2b: Froslass|[spread] p2a\n|-miss|p1a: Delphox|p2b: Froslass\n|-damage|p2a: Farigiraf|67/100\n|move|p2b: Froslass|Shadow Ball|p1a: Delphox\n|-supereffective|p1a: Delphox|1\n|-damage|p1a: Delphox|19/100\n|move|p1b: Corviknight|Iron Head|p2a: Farigiraf\n|-damage|p2a: Farigiraf|35/100\n|move|p2a: Farigiraf|Light Screen|p2a: Farigiraf\n|-sidestart|p2: TheLambsauce230|move: Light Screen\n|\n|-weather|Snowscape|[upkeep]\n|-heal|p2a: Farigiraf|41/100|[from] item: Leftovers\n|upkeep\n|turn|2\n|\n|t:|1775958516\n|move|p1a: Delphox|Protect|p1a: Delphox\n|-singleturn|p1a: Delphox|Protect\n|move|p2b: Froslass|Protect|p2b: Froslass\n|-singleturn|p2b: Froslass|Protect\n|move|p1b: Corviknight|Iron Head|p2b: Froslass\n|-activate|p2b: Froslass|move: Protect\n|move|p2a: Farigiraf|Psychic|p1a: Delphox\n|-activate|p1a: Delphox|move: Protect\n|\n|-weather|Snowscape|[upkeep]\n|-heal|p2a: Farigiraf|47/100|[from] item: Leftovers\n|upkeep\n|turn|3\n|inactive|TheLambsauce230 has 30 seconds left.\n|inactive|TheLambsauce230 has 20 seconds left.\n|inactive|loklastaji has 30 seconds left.\n|\n|t:|1775958559\n|switch|p1a: Samurott|Samurott-Hisui, L50, M|100/100\n|switch|p2b: Sneasler|Sneasler, L50, M|100/100\n|move|p1b: Corviknight|Tailwind|p1b: Corviknight\n|-sidestart|p1: loklastaji|move: Tailwind\n|move|p2a: Farigiraf|Hyper Voice|p1b: Corviknight|[spread] p1a,p1b\n|-resisted|p1b: Corviknight|1\n|-damage|p1a: Samurott|61/100\n|-damage|p1b: Corviknight|87/100\n|\n|-weather|Snowscape|[upkeep]\n|-heal|p1b: Corviknight|93/100|[from] item: Leftovers\n|-heal|p2a: Farigiraf|53/100|[from] item: Leftovers\n|upkeep\n|turn|4\n|\n|t:|1775958584\n|move|p2b: Sneasler|Fake Out|p1a: Samurott\n|-damage|p1a: Samurott|41/100\n|cant|p1a: Samurott|flinch\n|move|p1b: Corviknight|Brave Bird|p2b: Sneasler\n|-supereffective|p2b: Sneasler|1\n|-damage|p2b: Sneasler|0 fnt\n|faint|p2b: Sneasler\n|-damage|p1b: Corviknight|64/100|[from] Recoil\n|move|p2a: Farigiraf|Psychic|p1b: Corviknight\n|-resisted|p1b: Corviknight|1\n|-damage|p1b: Corviknight|46/100\n|\n|-weather|Snowscape|[upkeep]\n|-heal|p1b: Corviknight|51/100|[from] item: Leftovers\n|-heal|p2a: Farigiraf|59/100|[from] item: Leftovers\n|upkeep\n|\n|t:|1775958598\n|switch|p2b: Garchomp|Garchomp, L50, M|100/100\n|turn|5\n|\n|t:|1775958618\n|move|p2a: Farigiraf|Protect|p2a: Farigiraf\n|-singleturn|p2a: Farigiraf|Protect\n|move|p1a: Samurott|Ceaseless Edge|p2a: Farigiraf\n|-activate|p2a: Farigiraf|move: Protect\n|move|p1b: Corviknight|Brave Bird|p2b: Garchomp\n|-damage|p2b: Garchomp|52/100\n|-damage|p1b: Corviknight|39/100|[from] ability: Rough Skin|[of] p2b: Garchomp\n|-damage|p1b: Corviknight|22/100|[from] Recoil\n|move|p2b: Garchomp|Rock Slide|p1b: Corviknight|[spread] p1b\n|-miss|p2b: Garchomp|p1a: Samurott\n|-damage|p1b: Corviknight|1/100\n|\n|-weather|none\n|-heal|p1b: Corviknight|7/100|[from] item: Leftovers\n|-heal|p2a: Farigiraf|65/100|[from] item: Leftovers\n|-sideend|p2: TheLambsauce230|move: Light Screen\n|upkeep\n|turn|6\n|inactive|loklastaji has 30 seconds left.\n|\n|t:|1775958643\n|move|p1a: Samurott|Ceaseless Edge|p2a: Farigiraf\n|-supereffective|p2a: Farigiraf|1\n|-damage|p2a: Farigiraf|0 fnt\n|-sidestart|p2: TheLambsauce230|Spikes\n|faint|p2a: Farigiraf\n|move|p1b: Corviknight|Brave Bird|p2b: Garchomp\n|-damage|p2b: Garchomp|2/100\n|-damage|p1b: Corviknight|0 fnt|[from] ability: Rough Skin|[of] p2b: Garchomp\n|faint|p1b: Corviknight\n|move|p2b: Garchomp|Dragon Claw|p1a: Samurott\n|-damage|p1a: Samurott|0 fnt\n|faint|p1a: Samurott\n|\n|-sideend|p1: loklastaji|move: Tailwind\n|upkeep\n|\n|t:|1775958661\n|switch|p1a: Mamoswine|Mamoswine, L50, F|100/100\n|switch|p1b: Delphox|Delphox-Mega, L50, M|19/100\n|switch|p2a: Froslass|Froslass-Mega, L50, F|100/100\n|-damage|p2a: Froslass|88/100|[from] Spikes\n|-weather|Snowscape|[from] ability: Snow Warning|[of] p2a: Froslass\n|turn|7\n|\n|t:|1775958685\n|move|p2a: Froslass|Protect|p2a: Froslass\n|-singleturn|p2a: Froslass|Protect\n|move|p1a: Mamoswine|Earthquake|p2b: Garchomp|[spread] p2b\n|-activate|p2a: Froslass|move: Protect\n|-immune|p1b: Delphox|[from] ability: Levitate\n|-damage|p2b: Garchomp|0 fnt\n|faint|p2b: Garchomp\n|move|p1b: Delphox|Heat Wave|p2a: Froslass\n|-activate|p2a: Froslass|move: Protect\n|\n|-weather|Snowscape|[upkeep]\n|upkeep\n|turn|8\n|\n|t:|1775958699\n|move|p1a: Mamoswine|Earthquake|p2a: Froslass|[spread] p2a\n|-immune|p1b: Delphox|[from] ability: Levitate\n|-damage|p2a: Froslass|43/100\n|move|p1b: Delphox|Heat Wave|p2a: Froslass\n|-supereffective|p2a: Froslass|1\n|-damage|p2a: Froslass|0 fnt\n|faint|p2a: Froslass\n|\n|win|loklastaji\n|raw|loklastaji's rating: 1128 &rarr; <strong>1148</strong><br />(+20 for winning)\n|raw|TheLambsauce230's rating: 1055 &rarr; <strong>1041</strong><br />(-14 for losing)\n",
  "uploadtime": 1775958708,
  "views": 13,
  "formatid": "gen9championsvgc2026regma",
  "rating": 1041,
  "private": 0,
  "password": null
}