{
  "id": "gen9championsvgc2026regma-2587667238",
  "format": "[Gen 9 Champions] VGC 2026 Reg M-A",
  "players": [
    "dune's kitchen",
    "Hi jump kicker"
  ],
  "log": "|j|\u2606dune's kitchen\n|j|\u2606Hi jump kicker\n|t:|1776551977\n|gametype|doubles\n|player|p1|dune's kitchen|baker|1237\n|player|p2|Hi jump kicker|psychicf-gen4|1214\n|gen|9\n|tier|[Gen 9 Champions] VGC 2026 Reg M-A\n|rated|\n|rule|Species Clause: Limit one of each Pok\u00e9mon\n|rule|Item Clause: Limit 1 of each item\n|clearpoke\n|poke|p1|Meowstic-F, L50, F|\n|poke|p1|Wyrdeer, L50, M|\n|poke|p1|Tyranitar, L50, M|\n|poke|p1|Corviknight, L50, F|\n|poke|p1|Sinistcha, L50|\n|poke|p1|Sylveon, L50, F|\n|poke|p2|Venusaur, L50, F|\n|poke|p2|Charizard, L50, M|\n|poke|p2|Dragapult, L50, M|\n|poke|p2|Archaludon, L50, F|\n|poke|p2|Vanilluxe, L50, M|\n|poke|p2|Sylveon, L50, F|\n|teampreview|4\n|\n|t:|1776552010\n|teamsize|p1|4\n|teamsize|p2|4\n|start\n|switch|p1a: Meowstic|Meowstic-F, L50, F|100/100\n|switch|p1b: Wyrdeer|Wyrdeer, L50, M|100/100\n|switch|p2a: Dragapult|Dragapult, L50, M|100/100\n|switch|p2b: Archaludon|Archaludon, L50, F|100/100\n|-ability|p1b: Wyrdeer|Intimidate|boost\n|-fail|p2a: Dragapult|unboost|[from] ability: Clear Body|[of] p2a: Dragapult\n|-unboost|p2b: Archaludon|atk|1\n|turn|1\n|\n|t:|1776552044\n|move|p1a: Meowstic|Protect|p1a: Meowstic\n|-singleturn|p1a: Meowstic|Protect\n|move|p2a: Dragapult|Dragon Cheer|p2b: Archaludon\n|-start|p2b: Archaludon|move: Dragon Cheer\n|move|p2b: Archaludon|Draco Meteor|p1a: Meowstic\n|-activate|p1a: Meowstic|move: Protect\n|move|p1b: Wyrdeer|Trick Room|p1b: Wyrdeer\n|-fieldstart|move: Trick Room|[of] p1b: Wyrdeer\n|\n|upkeep\n|turn|2\n|\n|t:|1776552064\n|switch|p1a: Sylveon|Sylveon, L50, F|100/100\n|switch|p2a: Sylveon|Sylveon, L50, F|100/100\n|move|p1b: Wyrdeer|Earth Power|p2b: Archaludon\n|-supereffective|p2b: Archaludon|1\n|-damage|p2b: Archaludon|33/100\n|-unboost|p2b: Archaludon|spd|1\n|move|p2b: Archaludon|Draco Meteor|p1a: Sylveon\n|-immune|p1a: Sylveon\n|\n|upkeep\n|turn|3\n|\n|t:|1776552085\n|move|p2b: Archaludon|Protect|p2b: Archaludon\n|-singleturn|p2b: Archaludon|Protect\n|move|p1a: Sylveon|Calm Mind|p1a: Sylveon\n|-boost|p1a: Sylveon|spa|1\n|-boost|p1a: Sylveon|spd|1\n|move|p1b: Wyrdeer|Skill Swap|p2a: Sylveon\n|-activate|p1b: Wyrdeer|Skill Swap|Pixilate|Intimidate|[of] p2a: Sylveon\n|-ability|p2a: Sylveon|Intimidate|boost\n|-unboost|p1a: Sylveon|atk|1\n|-unboost|p1b: Wyrdeer|atk|1\n|move|p2a: Sylveon|Calm Mind|p2a: Sylveon\n|-boost|p2a: Sylveon|spa|1\n|-boost|p2a: Sylveon|spd|1\n|\n|upkeep\n|turn|4\n|\n|t:|1776552110\n|switch|p2b: Venusaur|Venusaur, L50, F|100/100\n|move|p1a: Sylveon|Calm Mind|p1a: Sylveon\n|-boost|p1a: Sylveon|spa|1\n|-boost|p1a: Sylveon|spd|1\n|move|p1b: Wyrdeer|Earth Power|p2b: Venusaur\n|-damage|p2b: Venusaur|74/100\n|move|p2a: Sylveon|Substitute|p2a: Sylveon\n|-start|p2a: Sylveon|Substitute\n|-damage|p2a: Sylveon|76/100\n|\n|-heal|p2a: Sylveon|82/100|[from] item: Leftovers\n|upkeep\n|turn|5\n|\n|t:|1776552135\n|detailschange|p2b: Venusaur|Venusaur-Mega, L50, F\n|-mega|p2b: Venusaur|Venusaur|Venusaurite\n|move|p1a: Sylveon|Hyper Voice|p2a: Sylveon|[spread] p2a,p2b\n|-resisted|p2b: Venusaur|1\n|-damage|p2a: Sylveon|54/100\n|-damage|p2b: Venusaur|46/100\n|move|p1b: Wyrdeer|Psychic Noise|p2b: Venusaur\n|-supereffective|p2b: Venusaur|1\n|-damage|p2b: Venusaur|0 fnt\n|faint|p2b: Venusaur\n|move|p2a: Sylveon|Calm Mind|p2a: Sylveon\n|-boost|p2a: Sylveon|spa|1\n|-boost|p2a: Sylveon|spd|1\n|\n|-heal|p2a: Sylveon|60/100|[from] item: Leftovers\n|-fieldend|move: Trick Room\n|upkeep\n|-message|Hi jump kicker forfeited.\n|\n|win|dune's kitchen\n|raw|dune&apos;s kitchen's rating: 1237 &rarr; <strong>1260</strong><br />(+23 for winning)\n|raw|Hi jump kicker's rating: 1214 &rarr; <strong>1191</strong><br />(-23 for losing)\n|l|\u2606Hi jump kicker\n|player|p2|\n",
  "uploadtime": 1776552152,
  "views": 10,
  "formatid": "gen9championsvgc2026regma",
  "rating": 1191,
  "private": 0,
  "password": null
}