{
  "id": "gen9championsvgc2026regma-2583705878",
  "format": "[Gen 9 Champions] VGC 2026 Reg M-A",
  "players": [
    "nonchalantpuzzle",
    "IanIsBored"
  ],
  "log": "|j|\u2606nonchalantpuzzle\n|j|\u2606IanIsBored\n|t:|1776192209\n|gametype|doubles\n|player|p1|nonchalantpuzzle|riley|1106\n|player|p2|IanIsBored|ethan|1049\n|gen|9\n|tier|[Gen 9 Champions] VGC 2026 Reg M-A\n|rated|\n|rule|Species Clause: Limit one of each Pok\u00e9mon\n|rule|Item Clause: Limit 1 of each item\n|clearpoke\n|poke|p1|Alakazam, L50, F|\n|poke|p1|Sableye, L50, M|\n|poke|p1|Pelipper, L50, F|\n|poke|p1|Dragonite, L50, M|\n|poke|p1|Archaludon, L50, F|\n|poke|p1|Sneasler, L50, M|\n|poke|p2|Farigiraf, L50, F|\n|poke|p2|Kingambit, L50, M|\n|poke|p2|Sinistcha, L50|\n|poke|p2|Incineroar, L50, M|\n|poke|p2|Golurk, L50|\n|poke|p2|Primarina, L50, M|\n|teampreview|4\n|inactive|Battle timer is ON: inactive players will automatically lose when time's up. (requested by IanIsBored)\n|\n|t:|1776192239\n|teamsize|p1|4\n|teamsize|p2|4\n|start\n|switch|p1a: Alakazam|Alakazam, L50, F|100/100\n|switch|p1b: Sneasler|Sneasler, L50, M|100/100\n|switch|p2a: Long Boi Slim|Farigiraf, L50, F|100/100\n|switch|p2b: Incineroar|Incineroar, L50, M|100/100\n|-ability|p2b: Incineroar|Intimidate|boost\n|-fail|p1a: Alakazam|unboost|Attack|[from] ability: Inner Focus|[of] p1a: Alakazam\n|-unboost|p1b: Sneasler|atk|1\n|-enditem|p1b: Sneasler|White Herb\n|-clearnegativeboost|p1b: Sneasler|[silent]\n|turn|1\n|inactive|nonchalantpuzzle has 30 seconds left.\n|\n|t:|1776192265\n|move|p2b: Incineroar|Fake Out|p1a: Alakazam\n|-damage|p1a: Alakazam|85/100\n|move|p1b: Sneasler|Close Combat|p2b: Incineroar\n|-supereffective|p2b: Incineroar|1\n|-damage|p2b: Incineroar|0 fnt\n|-unboost|p1b: Sneasler|def|1\n|-unboost|p1b: Sneasler|spd|1\n|faint|p2b: Incineroar\n|move|p1a: Alakazam|Reflect|p1a: Alakazam\n|-sidestart|p1: nonchalantpuzzle|Reflect\n|move|p2a: Long Boi Slim|Trick Room|p2a: Long Boi Slim\n|-fieldstart|move: Trick Room|[of] p2a: Long Boi Slim\n|\n|upkeep\n|\n|t:|1776192273\n|switch|p2b: Superman|Golurk, L50|100/100\n|turn|2\n|inactive|nonchalantpuzzle has 30 seconds left.\n|inactive|nonchalantpuzzle has 20 seconds left.\n|inactive|nonchalantpuzzle has 15 seconds left.\n|inactive|nonchalantpuzzle has 10 seconds left.\n|inactive|nonchalantpuzzle has 5 seconds left.\n|\n|t:|1776192328\n|detailschange|p2b: Superman|Golurk-Mega, L50\n|-mega|p2b: Superman|Golurk|Golurkite\n|move|p2a: Long Boi Slim|Dazzling Gleam|p1b: Sneasler|[spread] p1a,p1b\n|-damage|p1a: Alakazam|58/100\n|-damage|p1b: Sneasler|60/100\n|move|p2b: Superman|Headlong Rush|p1b: Sneasler\n|-supereffective|p1b: Sneasler|1\n|-damage|p1b: Sneasler|0 fnt\n|-unboost|p2b: Superman|def|1\n|-unboost|p2b: Superman|spd|1\n|faint|p1b: Sneasler\n|move|p1a: Alakazam|Expanding Force|p2b: Superman\n|-damage|p2b: Superman|53/100\n|\n|upkeep\n|inactive|nonchalantpuzzle has 30 seconds left.\n|inactive|nonchalantpuzzle has 20 seconds left.\n|inactive|nonchalantpuzzle has 15 seconds left.\n|inactive|nonchalantpuzzle has 10 seconds left.\n|inactive|nonchalantpuzzle has 5 seconds left.\n|\n|t:|1776192383\n|switch|p1b: Dragonite|Dragonite, L50, M|100/100\n|turn|3\n|\n|t:|1776192401\n|move|p1b: Dragonite|Protect|p1b: Dragonite\n|-singleturn|p1b: Dragonite|Protect\n|move|p1a: Alakazam|Protect|p1a: Alakazam\n|-singleturn|p1a: Alakazam|Protect\n|move|p2a: Long Boi Slim|Dazzling Gleam|p1a: Alakazam|[spread] \n|-activate|p1a: Alakazam|move: Protect\n|-activate|p1b: Dragonite|move: Protect\n|move|p2b: Superman|Ice Punch|p1b: Dragonite\n|-supereffective|p1b: Dragonite|2\n|-ability|p2b: Superman|Unseen Fist\n|-zbroken|p1b: Dragonite\n|-damage|p1b: Dragonite|80/100\n|\n|upkeep\n|turn|4\n|\n|t:|1776192415\n|switch|p1a: Pelipper|Pelipper, L50, F|100/100\n|-weather|RainDance|[from] ability: Drizzle|[of] p1a: Pelipper\n|detailschange|p1b: Dragonite|Dragonite-Mega, L50, M\n|-mega|p1b: Dragonite|Dragonite|Dragoninite\n|move|p2a: Long Boi Slim|Dazzling Gleam|p1a: Pelipper|[spread] p1a,p1b\n|-supereffective|p1b: Dragonite|1\n|-damage|p1a: Pelipper|64/100\n|-damage|p1b: Dragonite|42/100\n|move|p2b: Superman|Ice Punch|p1b: Dragonite\n|-supereffective|p1b: Dragonite|2\n|-damage|p1b: Dragonite|0 fnt\n|faint|p1b: Dragonite\n|\n|-weather|RainDance|[upkeep]\n|upkeep\n|\n|t:|1776192419\n|switch|p1b: Alakazam|Alakazam, L50, F|58/100\n|turn|5\n|\n|t:|1776192432\n|move|p1b: Alakazam|Protect|p1b: Alakazam\n|-singleturn|p1b: Alakazam|Protect\n|move|p1a: Pelipper|Wide Guard|p1a: Pelipper\n|-singleturn|p1a: Pelipper|Wide Guard\n|move|p2a: Long Boi Slim|Hyper Voice|p1b: Alakazam|[spread] \n|-activate|p1a: Pelipper|move: Wide Guard\n|-activate|p1b: Alakazam|move: Wide Guard\n|move|p2b: Superman|Thunder Punch|p1a: Pelipper\n|-supereffective|p1a: Pelipper|2\n|-crit|p1a: Pelipper\n|-damage|p1a: Pelipper|0 fnt\n|faint|p1a: Pelipper\n|\n|-weather|RainDance|[upkeep]\n|-sideend|p1: nonchalantpuzzle|Reflect\n|-fieldend|move: Trick Room\n|upkeep\n|turn|6\n|\n|t:|1776192448\n|move|p1b: Alakazam|Expanding Force|p2b: Superman\n|-damage|p2b: Superman|8/100\n|move|p2b: Superman|Headlong Rush|p1b: Alakazam\n|-damage|p1b: Alakazam|0 fnt\n|-unboost|p2b: Superman|def|1\n|-unboost|p2b: Superman|spd|1\n|faint|p1b: Alakazam\n|\n|win|IanIsBored\n|raw|nonchalantpuzzle's rating: 1106 &rarr; <strong>1077</strong><br />(-29 for losing)\n|raw|IanIsBored's rating: 1049 &rarr; <strong>1087</strong><br />(+38 for winning)\n|l|\u2606nonchalantpuzzle\n|player|p1|\n|c|\u2606IanIsBored|Gg\n",
  "uploadtime": 1776192465,
  "views": 14,
  "formatid": "gen9championsvgc2026regma",
  "rating": 1077,
  "private": 0,
  "password": null
}