{
  "id": "gen9championsvgc2026regma-2582114422",
  "format": "[Gen 9 Champions] VGC 2026 Reg M-A",
  "players": [
    "ctjn17",
    "Kiim_Dokjja"
  ],
  "log": "|j|\u2606ctjn17\n|j|\u2606Kiim_Dokjja\n|t:|1776059730\n|gametype|doubles\n|player|p1|ctjn17|roark|1056\n|player|p2|Kiim_Dokjja|plasmagrunt|1069\n|gen|9\n|tier|[Gen 9 Champions] VGC 2026 Reg M-A\n|rated|\n|rule|Species Clause: Limit one of each Pok\u00e9mon\n|rule|Item Clause: Limit 1 of each item\n|clearpoke\n|poke|p1|Tyranitar, L50, F|\n|poke|p1|Excadrill, L50, F|\n|poke|p1|Gengar, L50, M|\n|poke|p1|Talonflame, L50, M|\n|poke|p1|Rotom-Wash, L50|\n|poke|p1|Clefable, L50, M|\n|poke|p2|Farigiraf, L50, M|\n|poke|p2|Floette-Eternal, L50, F|\n|poke|p2|Sylveon, L50, M|\n|poke|p2|Clefable, L50, M|\n|poke|p2|Hatterene, L50, F|\n|poke|p2|Incineroar, L50, F|\n|teampreview|4\n|\n|t:|1776059771\n|teamsize|p1|4\n|teamsize|p2|4\n|start\n|switch|p1a: Gengar|Gengar, L50, M|100/100\n|switch|p1b: Talonflame|Talonflame, L50, M|100/100\n|switch|p2a: Farigiraf|Farigiraf, L50, M|100/100\n|switch|p2b: Sylveon|Sylveon, L50, M|100/100\n|turn|1\n|\n|t:|1776059793\n|detailschange|p1a: Gengar|Gengar-Mega, L50, M\n|-mega|p1a: Gengar|Gengar|Gengarite\n|move|p2b: Sylveon|Protect|p2b: Sylveon\n|-singleturn|p2b: Sylveon|Protect\n|move|p1a: Gengar|Sludge Bomb|p2b: Sylveon\n|-activate|p2b: Sylveon|move: Protect\n|move|p1b: Talonflame|Taunt|p2a: Farigiraf\n|-start|p2a: Farigiraf|move: Taunt\n|-enditem|p2a: Farigiraf|Mental Herb\n|-end|p2a: Farigiraf|move: Taunt\n|move|p2a: Farigiraf|Trick Room|p2a: Farigiraf\n|-fieldstart|move: Trick Room|[of] p2a: Farigiraf\n|\n|upkeep\n|turn|2\n|\n|t:|1776059820\n|move|p1a: Gengar|Protect|p1a: Gengar\n|-singleturn|p1a: Gengar|Protect\n|move|p1b: Talonflame|Acrobatics||[still]\n|cant|p2a: Farigiraf|ability: Armor Tail|Acrobatics|[of] p1b: Talonflame\n|move|p2a: Farigiraf|Psychic|p1a: Gengar\n|-activate|p1a: Gengar|move: Protect\n|move|p2b: Sylveon|Psychic|p1a: Gengar\n|-activate|p1a: Gengar|move: Protect\n|\n|upkeep\n|turn|3\n|\n|t:|1776059879\n|switch|p1a: Rotom|Rotom-Wash, L50|100/100\n|move|p2b: Sylveon|Hyper Voice|p1b: Talonflame|[spread] p1a,p1b\n|-resisted|p1b: Talonflame|1\n|-damage|p1a: Rotom|44/100\n|-damage|p1b: Talonflame|62/100\n|move|p2a: Farigiraf|Psychic|p1a: Rotom\n|-damage|p1a: Rotom|8/100\n|move|p1b: Talonflame|Taunt|p2a: Farigiraf\n|-start|p2a: Farigiraf|move: Taunt\n|\n|upkeep\n|turn|4\n|\n|t:|1776059907\n|move|p2b: Sylveon|Psychic|p1b: Talonflame\n|-damage|p1b: Talonflame|10/100\n|move|p2a: Farigiraf|Hyper Voice|p1b: Talonflame|[spread] p1a,p1b\n|-damage|p1a: Rotom|0 fnt\n|-damage|p1b: Talonflame|0 fnt\n|faint|p1a: Rotom\n|faint|p1b: Talonflame\n|\n|upkeep\n|\n|t:|1776059914\n|switch|p1a: Excadrill|Excadrill, L50, F|100/100\n|switch|p1b: Gengar|Gengar-Mega, L50, M|100/100\n|turn|5\n|\n|t:|1776059935\n|move|p1a: Excadrill|Protect|p1a: Excadrill\n|-singleturn|p1a: Excadrill|Protect\n|move|p1b: Gengar|Protect|p1b: Gengar\n|-singleturn|p1b: Gengar|Protect\n|move|p2b: Sylveon|Hyper Beam|p1a: Excadrill\n|-activate|p1a: Excadrill|move: Protect\n|move|p2a: Farigiraf|Psychic|p1b: Gengar\n|-activate|p1b: Gengar|move: Protect\n|\n|-fieldend|move: Trick Room\n|upkeep\n|turn|6\n|\n|t:|1776059956\n|move|p1b: Gengar|Sludge Bomb|p2a: Farigiraf\n|-damage|p2a: Farigiraf|49/100\n|move|p1a: Excadrill|Iron Head|p2a: Farigiraf\n|-damage|p2a: Farigiraf|14/100\n|move|p2a: Farigiraf|Psychic|p1b: Gengar\n|-supereffective|p1b: Gengar|1\n|-damage|p1b: Gengar|13/100\n|move|p2b: Sylveon|Psychic|p1b: Gengar\n|-supereffective|p1b: Gengar|1\n|-damage|p1b: Gengar|0 fnt\n|faint|p1b: Gengar\n|\n|-end|p2a: Farigiraf|move: Taunt\n|upkeep\n|turn|7\n|-message|ctjn17 forfeited.\n|\n|win|Kiim_Dokjja\n|raw|ctjn17's rating: 1056 &rarr; <strong>1038</strong><br />(-18 for losing)\n|raw|Kiim_Dokjja's rating: 1069 &rarr; <strong>1098</strong><br />(+29 for winning)\n|l|\u2606ctjn17\n|player|p1|\n|c|\u2606Kiim_Dokjja|gg\n",
  "uploadtime": 1776060146,
  "views": 12,
  "formatid": "gen9championsvgc2026regma",
  "rating": 1038,
  "private": 0,
  "password": null
}