{
  "id": "gen9championsvgc2026regma-2581031101",
  "format": "[Gen 9 Champions] VGC 2026 Reg M-A",
  "players": [
    "grophex",
    "marioman6444"
  ],
  "log": "|j|\u2606grophex\n|j|\u2606marioman6444\n|t:|1775953387\n|gametype|doubles\n|player|p1|grophex|harlequin|1084\n|player|p2|marioman6444|hoopster|1107\n|gen|9\n|tier|[Gen 9 Champions] VGC 2026 Reg M-A\n|rated|\n|rule|Species Clause: Limit one of each Pok\u00e9mon\n|rule|Item Clause: Limit 1 of each item\n|clearpoke\n|poke|p1|Corviknight, L50, F|\n|poke|p1|Chimecho, L50, M|\n|poke|p1|Tyranitar, L50, F|\n|poke|p1|Dragonite, L50, M|\n|poke|p1|Chandelure, L50, F|\n|poke|p1|Kingambit, L50, F|\n|poke|p2|Slowbro, L50, F|\n|poke|p2|Oranguru, L50, M|\n|poke|p2|Sinistcha, L50|\n|poke|p2|Sableye, L50, F|\n|poke|p2|Basculegion, L50, M|\n|poke|p2|Clefable, L50, F|\n|teampreview|4\n|inactive|Battle timer is ON: inactive players will automatically lose when time's up. (requested by marioman6444)\n|inactive|grophex also wants the timer to be on.\n|inactive|marioman6444 has 60 seconds left.\ngrophex has agreed to open team sheets.\n|inactive|marioman6444 has 30 seconds left.\n|inactive|marioman6444 has 20 seconds left.\n|inactive|marioman6444 has 15 seconds left.\n|inactive|marioman6444 has 10 seconds left.\n|inactive|marioman6444 has 5 seconds left.\n|\n|t:|1775953474\n|teamsize|p1|4\n|teamsize|p2|4\n|start\n|switch|p1a: Tyranitar|Tyranitar, L50, F|100/100\n|switch|p1b: Chimecho|Chimecho, L50, M|100/100\n|switch|p2a: Oranguru|Oranguru, L50, M, shiny|100/100\n|switch|p2b: Clefable|Clefable, L50, F|100/100\n|-weather|Sandstorm|[from] ability: Sand Stream|[of] p1a: Tyranitar\n|turn|1\n|\n|t:|1775953483\n|switch|p2b: Sableye|Sableye, L50, F|100/100\n|detailschange|p1b: Chimecho|Chimecho-Mega, L50, M\n|-mega|p1b: Chimecho|Chimecho|Chimechite\n|move|p2a: Oranguru|Protect|p2a: Oranguru\n|-singleturn|p2a: Oranguru|Protect\n|move|p1a: Tyranitar|Knock Off|p2a: Oranguru\n|-activate|p2a: Oranguru|move: Protect\n|move|p1b: Chimecho|Boomburst|p2a: Oranguru|[spread] p1a\n|-activate|p2a: Oranguru|move: Protect\n|-immune|p2b: Sableye\n|-resisted|p1a: Tyranitar|1\n|-damage|p1a: Tyranitar|89/100\n|\n|-weather|Sandstorm|[upkeep]\n|-damage|p2a: Oranguru|94/100|[from] Sandstorm\n|-damage|p2b: Sableye|95/100|[from] Sandstorm\n|upkeep\n|turn|2\n|inactive|marioman6444 has 30 seconds left.\n|inactive|grophex has 30 seconds left.\n|inactive|marioman6444 has 20 seconds left.\n|inactive|marioman6444 has 15 seconds left.\n|inactive|marioman6444 has 10 seconds left.\n|\n|t:|1775953530\n|move|p2b: Sableye|Encore|p1b: Chimecho\n|-start|p1b: Chimecho|Encore\n|move|p1a: Tyranitar|Earthquake|p2a: Oranguru|[spread] p2a,p2b\n|-immune|p1b: Chimecho|[from] ability: Levitate\n|-damage|p2a: Oranguru|69/100\n|-damage|p2b: Sableye|52/100\n|move|p1b: Chimecho|Boomburst|p2a: Oranguru|[spread] p1a,p2a\n|-immune|p2b: Sableye\n|-resisted|p1a: Tyranitar|1\n|-damage|p1a: Tyranitar|78/100\n|-damage|p2a: Oranguru|36/100\n|-enditem|p2a: Oranguru|Sitrus Berry|[eat]\n|-heal|p2a: Oranguru|60/100|[from] item: Sitrus Berry\n|move|p2a: Oranguru|Psychic|p1b: Chimecho\n|-resisted|p1b: Chimecho|2\n|-damage|p1b: Chimecho|94/100\n|\n|-weather|Sandstorm|[upkeep]\n|-damage|p2a: Oranguru|54/100|[from] Sandstorm\n|-damage|p2b: Sableye|46/100|[from] Sandstorm\n|upkeep\n|turn|3\n|inactive|grophex has 30 seconds left.\n|inactive|marioman6444 has 30 seconds left.\n|\n|t:|1775953564\n|move|p2b: Sableye|Rain Dance|p2b: Sableye\n|-weather|RainDance\n|move|p1a: Tyranitar|Earthquake|p2a: Oranguru|[spread] p2a,p2b\n|-immune|p1b: Chimecho|[from] ability: Levitate\n|-crit|p2a: Oranguru\n|-damage|p2a: Oranguru|19/100\n|-damage|p2b: Sableye|5/100\n|move|p1b: Chimecho|Boomburst|p2a: Oranguru|[spread] p1a,p2a\n|-immune|p2b: Sableye\n|-resisted|p1a: Tyranitar|1\n|-crit|p1a: Tyranitar\n|-damage|p1a: Tyranitar|54/100\n|-damage|p2a: Oranguru|0 fnt\n|faint|p2a: Oranguru\n|\n|-weather|RainDance|[upkeep]\n|upkeep\n|\n|t:|1775953581\n|switch|p2a: Basculegion|Basculegion, L50, M|100/100\n|turn|4\n|\n|t:|1775953602\n|switch|p1b: Kingambit|Kingambit, L50, F|100/100\n|switch|p2b: Clefable|Clefable, L50, F|100/100\n|move|p2a: Basculegion|Flip Turn|p1a: Tyranitar\n|-supereffective|p1a: Tyranitar|1\n|-damage|p1a: Tyranitar|0 fnt\n|faint|p1a: Tyranitar\n|\n|t:|1775953609\n|switch|p2a: Sableye|Sableye, L50, F|5/100|[from] Flip Turn\n|\n|-weather|RainDance|[upkeep]\n|upkeep\n|\n|t:|1775953617\n|switch|p1a: Chimecho|Chimecho-Mega, L50, M|94/100\n|turn|5\n|inactive|marioman6444 has 30 seconds left.\n|inactive|marioman6444 has 20 seconds left.\n|inactive|marioman6444 has 15 seconds left.\n|\n|t:|1775953657\n|detailschange|p2b: Clefable|Clefable-Mega, L50, F\n|-mega|p2b: Clefable|Clefable|Clefablite\n|move|p2a: Sableye|Fake Out|p1b: Kingambit\n|-resisted|p1b: Kingambit|1\n|-damage|p1b: Kingambit|98/100\n|move|p2b: Clefable|Moonblast|p1b: Kingambit\n|-damage|p1b: Kingambit|44/100\n|move|p1a: Chimecho|Boomburst|p2b: Clefable|[spread] p1b,p2b\n|-immune|p2a: Sableye\n|-resisted|p1b: Kingambit|1\n|-damage|p1b: Kingambit|26/100\n|-damage|p2b: Clefable|59/100\n|cant|p1b: Kingambit|flinch\n|\n|-weather|RainDance|[upkeep]\n|upkeep\n|turn|6\n|inactive|grophex has 30 seconds left.\n|inactive|marioman6444 has 30 seconds left.\n|\n|t:|1775953684\n|switch|p2b: Basculegion|Basculegion, L50, M|100/100\n|move|p2a: Sableye|Encore|p1a: Chimecho\n|-start|p1a: Chimecho|Encore\n|move|p1a: Chimecho|Boomburst|p2b: Basculegion|[spread] p1b\n|-immune|p2a: Sableye\n|-immune|p2b: Basculegion\n|-resisted|p1b: Kingambit|1\n|-damage|p1b: Kingambit|7/100\n|move|p1b: Kingambit|Iron Head|p2b: Basculegion\n|-resisted|p2b: Basculegion|1\n|-damage|p2b: Basculegion|70/100\n|\n|-weather|RainDance|[upkeep]\n|upkeep\n|turn|7\n|inactive|marioman6444 has 30 seconds left.\n|inactive|marioman6444 has 20 seconds left.\n|inactive|marioman6444 has 15 seconds left.\n|\n|t:|1775953728\n|switch|p2a: Clefable|Clefable-Mega, L50, F|59/100\n|move|p1b: Kingambit|Sucker Punch||[still]\n|-fail|p1b: Kingambit\n|move|p2b: Basculegion|Flip Turn|p1b: Kingambit\n|-damage|p1b: Kingambit|0 fnt\n|faint|p1b: Kingambit\n|\n|t:|1775953737\n|switch|p2b: Sableye|Sableye, L50, F|5/100|[from] Flip Turn\n|move|p1a: Chimecho|Boomburst|p2a: Clefable|[spread] p2a\n|-immune|p2b: Sableye\n|-damage|p2a: Clefable|18/100\n|\n|-weather|none\n|upkeep\n|\n|t:|1775953741\n|switch|p1b: Chandelure|Chandelure, L50, F|100/100\n|turn|8\n|inactive|marioman6444 has 30 seconds left.\n|\n|t:|1775953773\n|move|p2b: Sableye|Rain Dance|p2b: Sableye\n|-weather|RainDance\n|move|p2a: Clefable|Thunderbolt|p1b: Chandelure\n|-damage|p1b: Chandelure|57/100\n|move|p1b: Chandelure|Heat Wave|p2b: Sableye|[spread] p2b\n|-miss|p1b: Chandelure|p2a: Clefable\n|-damage|p2b: Sableye|0 fnt\n|faint|p2b: Sableye\n|move|p1a: Chimecho|Boomburst|p2a: Clefable|[spread] p2a\n|-immune|p1b: Chandelure\n|-damage|p2a: Clefable|0 fnt\n|faint|p2a: Clefable\n|\n|-weather|RainDance|[upkeep]\n|-end|p1a: Chimecho|Encore\n|upkeep\n|\n|t:|1775953782\n|switch|p2b: Basculegion|Basculegion, L50, M|70/100\n|turn|9\n|\n|t:|1775953803\n|move|p1b: Chandelure|Protect|p1b: Chandelure\n|-singleturn|p1b: Chandelure|Protect\n|move|p2b: Basculegion|Phantom Force||[still]\n|-prepare|p2b: Basculegion|Phantom Force\n|move|p1a: Chimecho|Trick Room|p1a: Chimecho\n|-fieldstart|move: Trick Room|[of] p1a: Chimecho\n|\n|-weather|RainDance|[upkeep]\n|upkeep\n|turn|10\n|\n|t:|1775953817\n|move|p1a: Chimecho|Psychic|p2b: Basculegion|[miss]\n|-miss|p1a: Chimecho|p2b: Basculegion\n|move|p1b: Chandelure|Shadow Ball|p2b: Basculegion|[miss]\n|-miss|p1b: Chandelure|p2b: Basculegion\n|move|p2b: Basculegion|Phantom Force|p1b: Chandelure|[from] lockedmove\n|-supereffective|p1b: Chandelure|1\n|-damage|p1b: Chandelure|0 fnt\n|faint|p1b: Chandelure\n|\n|-weather|RainDance|[upkeep]\n|upkeep\n|turn|11\n|\n|t:|1775953826\n|move|p1a: Chimecho|Psychic|p2b: Basculegion\n|-damage|p2b: Basculegion|13/100\n|move|p2b: Basculegion|Phantom Force||[still]\n|-prepare|p2b: Basculegion|Phantom Force\n|\n|-weather|RainDance|[upkeep]\n|upkeep\n|turn|12\n|inactive|grophex has 30 seconds left.\n|\n|t:|1775953860\n|move|p1a: Chimecho|Psychic|p2b: Basculegion|[miss]\n|-miss|p1a: Chimecho|p2b: Basculegion\n|move|p2b: Basculegion|Phantom Force|p1a: Chimecho|[from] lockedmove\n|-supereffective|p1a: Chimecho|1\n|-damage|p1a: Chimecho|0 fnt\n|faint|p1a: Chimecho\n|\n|win|marioman6444\n|raw|grophex's rating: 1084 &rarr; <strong>1063</strong><br />(-21 for losing)\n|raw|marioman6444's rating: 1107 &rarr; <strong>1130</strong><br />(+23 for winning)\n",
  "uploadtime": 1775953869,
  "views": 12,
  "formatid": "gen9championsvgc2026regma",
  "rating": 1063,
  "private": 0,
  "password": null
}