{
  "id": "gen9championsvgc2026regma-2588853491",
  "format": "[Gen 9 Champions] VGC 2026 Reg M-A",
  "players": [
    "kefyan",
    "Gjilly"
  ],
  "log": "|j|\u2606kefyan\n|j|\u2606Gjilly\n|t:|1776678767\n|gametype|doubles\n|player|p1|kefyan|bugcatcher-gen4dp|1077\n|player|p2|Gjilly|scientist-gen4|1000\n|gen|9\n|tier|[Gen 9 Champions] VGC 2026 Reg M-A\n|rated|\n|rule|Species Clause: Limit one of each Pok\u00e9mon\n|rule|Item Clause: Limit 1 of each item\n|clearpoke\n|poke|p1|Charizard, L50, F, shiny|\n|poke|p1|Clefable, L50, F, shiny|\n|poke|p1|Glimmora, L50, F, shiny|\n|poke|p1|Machamp, L50, M, shiny|\n|poke|p1|Meowscarada, L50, F, shiny|\n|poke|p1|Rotom-Wash, L50, shiny|\n|poke|p2|Froslass, L50, F|\n|poke|p2|Incineroar, L50, F|\n|poke|p2|Whimsicott, L50, M|\n|poke|p2|Orthworm, L50, F|\n|poke|p2|Diggersby, L50, F, shiny|\n|poke|p2|Palafin, L50, M, shiny|\n|teampreview|4\nGjilly has agreed to open team sheets.\n|inactive|Battle timer is ON: inactive players will automatically lose when time's up. (requested by Gjilly)\n|inactive|Gjilly has 60 seconds left.\n|\n|t:|1776678819\n|teamsize|p1|4\n|teamsize|p2|4\n|start\n|switch|p1a: Charizard|Charizard, L50, F, shiny|100/100\n|switch|p1b: Clefable|Clefable, L50, F, shiny|100/100\n|switch|p2a: Froslass|Froslass, L50, F|100/100\n|switch|p2b: Incineroar|Incineroar, L50, F|100/100\n|-ability|p2b: Incineroar|Intimidate|boost\n|-unboost|p1a: Charizard|atk|1\n|-unboost|p1b: Clefable|atk|1\n|turn|1\n|inactive|Gjilly has 30 seconds left.\n|\n|t:|1776678848\n|detailschange|p2a: Froslass|Froslass-Mega, L50, F\n|-mega|p2a: Froslass|Froslass|Froslassite\n|-weather|Snowscape|[from] ability: Snow Warning|[of] p2a: Froslass\n|detailschange|p1a: Charizard|Charizard-Mega-Y, L50, F, shiny\n|-mega|p1a: Charizard|Charizard|Charizardite Y\n|-weather|SunnyDay|[from] ability: Drought|[of] p1a: Charizard\n|move|p2b: Incineroar|Fake Out|p1a: Charizard\n|-damage|p1a: Charizard|84/100\n|move|p2a: Froslass|Blizzard|p1b: Clefable|[spread] p1a,p1b\n|-damage|p1a: Charizard|41/100\n|-damage|p1b: Clefable|67/100\n|cant|p1a: Charizard|flinch\n|move|p1b: Clefable|Sunny Day||[still]\n|-fail|p1b: Clefable\n|\n|-weather|SunnyDay|[upkeep]\n|-heal|p1b: Clefable|73/100|[from] item: Leftovers\n|upkeep\n|turn|2\n|inactive|Gjilly has 30 seconds left.\n|inactive|Gjilly has 20 seconds left.\n|inactive|Gjilly has 15 seconds left.\n|\n|t:|1776678890\n|move|p1b: Clefable|Follow Me|p1b: Clefable\n|-singleturn|p1b: Clefable|move: Follow Me\n|move|p2a: Froslass|Shadow Ball|p1b: Clefable\n|-damage|p1b: Clefable|41/100\n|move|p1a: Charizard|Heat Wave|p2a: Froslass|[spread] p2b\n|-miss|p1a: Charizard|p2a: Froslass\n|-resisted|p2b: Incineroar|1\n|-damage|p2b: Incineroar|79/100\n|move|p2b: Incineroar|Parting Shot|p1b: Clefable\n|-unboost|p1b: Clefable|atk|1\n|-unboost|p1b: Clefable|spa|1\n|\n|t:|1776678904\n|switch|p2b: Diggersby|Diggersby, L50, F, shiny|100/100|[from] Parting Shot\n|\n|-weather|SunnyDay|[upkeep]\n|-heal|p1b: Clefable|47/100|[from] item: Leftovers\n|upkeep\n|turn|3\n|\n|t:|1776678921\n|switch|p2a: Orthworm|Orthworm, L50, F|100/100\n|move|p1b: Clefable|Follow Me|p1b: Clefable\n|-singleturn|p1b: Clefable|move: Follow Me\n|move|p1a: Charizard|Heat Wave|p2b: Diggersby|[spread] p2a,p2b\n|-supereffective|p2a: Orthworm|1\n|-damage|p2a: Orthworm|0 fnt\n|-damage|p2b: Diggersby|14/100\n|faint|p2a: Orthworm\n|move|p2b: Diggersby|Rock Slide|p1b: Clefable|[spread] p1b\n|-miss|p2b: Diggersby|p1a: Charizard\n|-damage|p1b: Clefable|17/100\n|\n|-weather|SunnyDay|[upkeep]\n|-heal|p1b: Clefable|23/100|[from] item: Leftovers\n|upkeep\n|\n|t:|1776678934\n|switch|p2a: Froslass|Froslass-Mega, L50, F|100/100\n|-weather|Snowscape|[from] ability: Snow Warning|[of] p2a: Froslass\n|turn|4\n|\n|t:|1776678957\n|switch|p1a: Machamp|Machamp, L50, M, shiny|100/100\n|move|p2a: Froslass|Blizzard|p1a: Machamp|[spread] p1a,p1b\n|-damage|p1a: Machamp|47/100\n|-damage|p1b: Clefable|0 fnt\n|faint|p1b: Clefable\n|move|p2b: Diggersby|Rock Slide|p1a: Machamp\n|-resisted|p1a: Machamp|1\n|-damage|p1a: Machamp|27/100\n|\n|-weather|Snowscape|[upkeep]\n|upkeep\n|\n|t:|1776678970\n|switch|p1b: Charizard|Charizard-Mega-Y, L50, F, shiny|41/100\n|-weather|SunnyDay|[from] ability: Drought|[of] p1b: Charizard\n|turn|5\n|inactive|Gjilly has 30 seconds left.\n|\n|t:|1776679001\n|move|p2b: Diggersby|Quick Attack|p1b: Charizard\n|-damage|p1b: Charizard|5/100\n|move|p1a: Machamp|Bullet Punch|p2a: Froslass\n|-supereffective|p2a: Froslass|1\n|-damage|p2a: Froslass|48/100\n|move|p2a: Froslass|Blizzard|p1a: Machamp|[spread] p1a,p1b\n|-damage|p1a: Machamp|0 fnt\n|-damage|p1b: Charizard|0 fnt\n|faint|p1a: Machamp\n|faint|p1b: Charizard\n|\n|-weather|SunnyDay|[upkeep]\n|upkeep\n|\n|t:|1776679014\n|switch|p1a: Meowscarada|Meowscarada, L50, F, shiny|100/100\n|turn|6\n|\n|t:|1776679021\n|move|p1a: Meowscarada|Sucker Punch|p2a: Froslass\n|-start|p1a: Meowscarada|typechange|Dark|[from] ability: Protean\n|-supereffective|p2a: Froslass|1\n|-damage|p2a: Froslass|0 fnt\n|faint|p2a: Froslass\n|move|p2b: Diggersby|U-turn|p1a: Meowscarada\n|-supereffective|p1a: Meowscarada|1\n|-damage|p1a: Meowscarada|9/100\n|\n|t:|1776679023\n|switch|p2b: Incineroar|Incineroar, L50, F|79/100|[from] U-turn\n|-ability|p2b: Incineroar|Intimidate|boost\n|-unboost|p1a: Meowscarada|atk|1\n|\n|-weather|SunnyDay|[upkeep]\n|-heal|p2b: Incineroar|85/100|[from] item: Leftovers\n|upkeep\n|\n|t:|1776679025\n|switch|p2a: Diggersby|Diggersby, L50, F, shiny|14/100\n|turn|7\n|\n|t:|1776679040\n|move|p2b: Incineroar|Fake Out|p1a: Meowscarada\n|-damage|p1a: Meowscarada|0 fnt\n|faint|p1a: Meowscarada\n|\n|win|Gjilly\n|raw|kefyan's rating: 1077 &rarr; <strong>1051</strong><br />(-26 for losing)\n|raw|Gjilly's rating: 1000 &rarr; <strong>1049</strong><br />(+49 for winning)\n|l|\u2606kefyan\n|player|p1|\n",
  "uploadtime": 1776679044,
  "views": 12,
  "formatid": "gen9championsvgc2026regma",
  "rating": 1049,
  "private": 0,
  "password": null
}