{
  "id": "gen9championsvgc2026regma-2580855493",
  "format": "[Gen 9 Champions] VGC 2026 Reg M-A",
  "players": [
    "grandmasterluxroid",
    "kissanthemums"
  ],
  "log": "|j|\u2606grandmasterluxroid\n|j|\u2606kissanthemums\n|t:|1775938032\n|gametype|doubles\n|player|p1|grandmasterluxroid|lucian|\n|player|p2|kissanthemums|265|\n|gen|9\n|tier|[Gen 9 Champions] VGC 2026 Reg M-A\n|rule|Species Clause: Limit one of each Pok\u00e9mon\n|rule|Item Clause: Limit 1 of each item\n|clearpoke\n|poke|p1|Chandelure, L50, M|\n|poke|p1|Farigiraf, L50, F|\n|poke|p1|Torkoal, L50, F|\n|poke|p1|Charizard, L50, F|\n|poke|p1|Venusaur, L50, M|\n|poke|p1|Whimsicott, L50, F|\n|poke|p2|Farigiraf, L50, M|\n|poke|p2|Archaludon, L50, M|\n|poke|p2|Basculegion, L50, M|\n|poke|p2|Aggron, L50, F|\n|poke|p2|Incineroar, L50, M|\n|poke|p2|Sinistcha, L50|\n|teampreview|4\n|\n|t:|1775938074\n|teamsize|p1|4\n|teamsize|p2|4\n|start\n|switch|p1a: Mirror|Chandelure, L50, M|100/100\n|switch|p1b: Effarig|Farigiraf, L50, F|100/100\n|switch|p2a: Incineroar|Incineroar, L50, M|100/100\n|switch|p2b: Farigiraf|Farigiraf, L50, M|100/100\n|-ability|p2a: Incineroar|Intimidate|boost\n|-unboost|p1a: Mirror|atk|1\n|-unboost|p1b: Effarig|atk|1\n|turn|1\n|\n|t:|1775938094\n|detailschange|p1a: Mirror|Chandelure-Mega, L50, M\n|-mega|p1a: Mirror|Chandelure|Chandelurite\n|move|p1a: Mirror|Protect|p1a: Mirror\n|-singleturn|p1a: Mirror|Protect\n|move|p2a: Incineroar|Parting Shot|p1a: Mirror\n|-activate|p1a: Mirror|move: Protect\n|move|p2b: Farigiraf|Rain Dance|p2b: Farigiraf\n|-weather|RainDance\n|move|p1b: Effarig|Trick Room|p1b: Effarig\n|-fieldstart|move: Trick Room|[of] p1b: Effarig\n|\n|-weather|RainDance|[upkeep]\n|upkeep\n|turn|2\n|\n|t:|1775938148\n|switch|p2b: Sinistcha|Sinistcha, L50|100/100\n|move|p1b: Effarig|Ally Switch|p1b: Effarig\n|swap|p1b: Effarig|0|[from] move: Ally Switch\n|move|p2a: Incineroar|Parting Shot|p1a: Effarig\n|-unboost|p1a: Effarig|atk|1\n|-unboost|p1a: Effarig|spa|1\n|\n|t:|1775938158\n|switch|p2a: Archaludon|Archaludon, L50, M|100/100|[from] Parting Shot\n|move|p1b: Mirror|Energy Ball|p2b: Sinistcha\n|-resisted|p2b: Sinistcha|1\n|-damage|p2b: Sinistcha|75/100\n|\n|-weather|RainDance|[upkeep]\n|upkeep\n|turn|3\n|\n|t:|1775938178\n|switch|p1a: Flannery|Torkoal, L50, F|100/100\n|-weather|SunnyDay|[from] ability: Drought|[of] p1a: Flannery\n|move|p2b: Sinistcha|Matcha Gotcha|p1a: Flannery|[spread] p1a,p1b\n|-resisted|p1a: Flannery|1\n|-resisted|p1b: Mirror|1\n|-damage|p1a: Flannery|82/100\n|-heal|p2b: Sinistcha|85/100|[from] drain|[of] p1a: Flannery\n|-damage|p1b: Mirror|87/100\n|-heal|p2b: Sinistcha|91/100|[from] drain|[of] p1b: Mirror\n|move|p2a: Archaludon|Dark Pulse|p1b: Mirror\n|-supereffective|p1b: Mirror|1\n|-damage|p1b: Mirror|33/100\n|move|p1b: Mirror|Heat Wave|p2b: Sinistcha|[spread] p2a,p2b\n|-supereffective|p2b: Sinistcha|1\n|-damage|p2a: Archaludon|0 fnt\n|-damage|p2b: Sinistcha|0 fnt\n|faint|p2a: Archaludon\n|faint|p2b: Sinistcha\n|\n|-weather|SunnyDay|[upkeep]\n|upkeep\n|\n|t:|1775938224\n|switch|p2b: Farigiraf|Farigiraf, L50, M|100/100\n|switch|p2a: Incineroar|Incineroar, L50, M|100/100\n|-ability|p2a: Incineroar|Intimidate|boost\n|-unboost|p1a: Flannery|atk|1\n|-unboost|p1b: Mirror|atk|1\n|turn|4\n|\n|t:|1775938240\n|move|p2a: Incineroar|Fake Out|p1a: Flannery\n|-damage|p1a: Flannery|70/100\n|cant|p1a: Flannery|flinch\n|move|p2b: Farigiraf|Rain Dance|p2b: Farigiraf\n|-weather|RainDance\n|move|p1b: Mirror|Heat Wave|p2b: Farigiraf|[spread] p2a,p2b\n|-resisted|p2a: Incineroar|1\n|-damage|p2a: Incineroar|88/100\n|-damage|p2b: Farigiraf|75/100\n|\n|-weather|RainDance|[upkeep]\n|upkeep\n|turn|5\n|\n|t:|1775938264\n|move|p2a: Incineroar|Protect|p2a: Incineroar\n|-singleturn|p2a: Incineroar|Protect\n|move|p1b: Mirror|Protect|p1b: Mirror\n|-singleturn|p1b: Mirror|Protect\n|move|p1a: Flannery|Weather Ball|p2a: Incineroar\n|-activate|p2a: Incineroar|move: Protect\n|move|p2b: Farigiraf|Psychic|p1b: Mirror\n|-activate|p1b: Mirror|move: Protect\n|\n|-weather|RainDance|[upkeep]\n|-fieldend|move: Trick Room\n|upkeep\n|turn|6\n|\n|t:|1775938290\n|move|p1b: Mirror|Energy Ball|p2b: Farigiraf\n|-damage|p2b: Farigiraf|30/100\n|move|p2a: Incineroar|Parting Shot|p1b: Mirror\n|-unboost|p1b: Mirror|atk|1\n|-unboost|p1b: Mirror|spa|1\n|move|p2b: Farigiraf|Psychic|p1b: Mirror\n|-damage|p1b: Mirror|0 fnt\n|faint|p1b: Mirror\n|move|p1a: Flannery|Weather Ball|p2a: Incineroar\n|-supereffective|p2a: Incineroar|1\n|-damage|p2a: Incineroar|11/100\n|\n|-weather|RainDance|[upkeep]\n|upkeep\n|\n|t:|1775938303\n|switch|p1b: Anila|Whimsicott, L50, F|100/100\n|turn|7\n|\n|t:|1775938326\n|move|p1b: Anila|Sunny Day|p1b: Anila\n|-weather|SunnyDay\n|move|p2a: Incineroar|Flare Blitz|p1b: Anila\n|-supereffective|p1b: Anila|1\n|-damage|p1b: Anila|0 fnt\n|faint|p1b: Anila\n|-damage|p2a: Incineroar|0 fnt|[from] Recoil\n|faint|p2a: Incineroar\n|move|p2b: Farigiraf|Psychic|p1a: Flannery\n|-damage|p1a: Flannery|4/100\n|move|p1a: Flannery|Heat Wave|p2b: Farigiraf\n|-damage|p2b: Farigiraf|0 fnt\n|faint|p2b: Farigiraf\n|\n|win|grandmasterluxroid\n|l|\u2606kissanthemums\n|player|p2|\n",
  "uploadtime": 1775938411,
  "views": 19,
  "formatid": "gen9championsvgc2026regma",
  "rating": null,
  "private": 0,
  "password": null
}