{
  "id": "gen9championsvgc2026regma-2585163181",
  "format": "[Gen 9 Champions] VGC 2026 Reg M-A",
  "players": [
    "rodjilius",
    "dkapflzksh"
  ],
  "log": "|j|\u2606rodjilius\n|j|\u2606dkapflzksh\n|t:|1776319628\n|gametype|doubles\n|player|p1|rodjilius|unknown|1309\n|player|p2|dkapflzksh|scientist-gen4dp|1395\n|gen|9\n|tier|[Gen 9 Champions] VGC 2026 Reg M-A\n|rated|\n|rule|Species Clause: Limit one of each Pok\u00e9mon\n|rule|Item Clause: Limit 1 of each item\n|clearpoke\n|poke|p1|Lucario, L50, M|\n|poke|p1|Corviknight, L50, M|\n|poke|p1|Ninetales-Alola, L50, F|\n|poke|p1|Milotic, L50, M|\n|poke|p1|Arcanine-Hisui, L50, M|\n|poke|p1|Sneasler, L50, M|\n|poke|p2|Basculegion, L50, M|\n|poke|p2|Dragonite, L50, F|\n|poke|p2|Archaludon, L50, F|\n|poke|p2|Scizor, L50, F|\n|poke|p2|Incineroar, L50, F|\n|poke|p2|Pelipper, L50, M|\n|teampreview|4\n|inactive|Battle timer is ON: inactive players will automatically lose when time's up. (requested by rodjilius)\n|\n|t:|1776319656\n|teamsize|p1|4\n|teamsize|p2|4\n|start\n|switch|p1a: Arcanine|Arcanine-Hisui, L50, M|100/100\n|switch|p1b: Lucario|Lucario, L50, M|100/100\n|switch|p2a: Pelipper|Pelipper, L50, M, shiny|100/100\n|switch|p2b: Basculegion|Basculegion, L50, M, shiny|100/100\n|-ability|p1a: Arcanine|Intimidate|boost\n|-unboost|p2a: Pelipper|atk|1\n|-unboost|p2b: Basculegion|atk|1\n|-weather|RainDance|[from] ability: Drizzle|[of] p2a: Pelipper\n|turn|1\n|inactive|rodjilius has 30 seconds left.\n|\n|t:|1776319685\n|switch|p1a: Ninetales|Ninetales-Alola, L50, F|100/100\n|-weather|Snowscape|[from] ability: Snow Warning|[of] p1a: Ninetales\n|detailschange|p1b: Lucario|Lucario-Mega, L50, M\n|-mega|p1b: Lucario|Lucario|Lucarionite\n|move|p2b: Basculegion|Flip Turn|p1a: Ninetales\n|-damage|p1a: Ninetales|75/100\n|\n|t:|1776319695\n|switch|p2b: Archaludon|Archaludon, L50, F, shiny|100/100|[from] Flip Turn\n|move|p1b: Lucario|Meteor Mash|p2a: Pelipper\n|-resisted|p2a: Pelipper|1\n|-damage|p2a: Pelipper|65/100\n|move|p2a: Pelipper|Tailwind|p2a: Pelipper\n|-sidestart|p2: dkapflzksh|move: Tailwind\n|\n|-weather|Snowscape|[upkeep]\n|upkeep\n|turn|2\n|inactive|dkapflzksh has 30 seconds left.\n|inactive|dkapflzksh has 20 seconds left.\n|inactive|dkapflzksh has 15 seconds left.\n|inactive|dkapflzksh has 10 seconds left.\n|\n|t:|1776319741\n|move|p1a: Ninetales|Protect|p1a: Ninetales\n|-singleturn|p1a: Ninetales|Protect\n|move|p1b: Lucario|Detect|p1b: Lucario\n|-singleturn|p1b: Lucario|Protect\n|move|p2a: Pelipper|Weather Ball|p1b: Lucario\n|-activate|p1b: Lucario|move: Protect\n|move|p2b: Archaludon|Aura Sphere|p1b: Lucario\n|-activate|p1b: Lucario|move: Protect\n|\n|-weather|Snowscape|[upkeep]\n|upkeep\n|turn|3\n|inactive|dkapflzksh has 30 seconds left.\n|\n|t:|1776319772\n|switch|p1b: Sneasler|Sneasler, L50, M|100/100\n|move|p2a: Pelipper|Weather Ball|p1b: Sneasler\n|-damage|p1b: Sneasler|68/100\n|move|p2b: Archaludon|Aura Sphere|p1b: Sneasler\n|-resisted|p1b: Sneasler|1\n|-damage|p1b: Sneasler|50/100\n|move|p1a: Ninetales|Freeze-Dry|p2a: Pelipper\n|-supereffective|p2a: Pelipper|2\n|-damage|p2a: Pelipper|0 fnt\n|faint|p2a: Pelipper\n|\n|-weather|Snowscape|[upkeep]\n|upkeep\n|\n|t:|1776319797\n|switch|p2a: Basculegion|Basculegion, L50, M, shiny|100/100\n|turn|4\n|inactive|dkapflzksh has 30 seconds left.\n|\n|t:|1776319826\n|switch|p1b: Arcanine|Arcanine-Hisui, L50, M|100/100\n|-ability|p1b: Arcanine|Intimidate|boost\n|-unboost|p2a: Basculegion|atk|1\n|-unboost|p2b: Archaludon|atk|1\n|move|p1a: Ninetales|Protect|p1a: Ninetales\n|-singleturn|p1a: Ninetales|Protect\n|move|p2a: Basculegion|Flip Turn|p1a: Ninetales\n|-activate|p1a: Ninetales|move: Protect\n|move|p2b: Archaludon|Dragon Pulse|p1b: Arcanine\n|-damage|p1b: Arcanine|58/100\n|\n|-weather|Snowscape|[upkeep]\n|-sideend|p2: dkapflzksh|move: Tailwind\n|upkeep\n|turn|5\n|inactive|dkapflzksh has 30 seconds left.\n|\n|t:|1776319858\n|move|p2a: Basculegion|Flip Turn|p1b: Arcanine\n|-supereffective|p1b: Arcanine|2\n|-damage|p1b: Arcanine|0 fnt\n|faint|p1b: Arcanine\n|\n|t:|1776319862\n|switch|p2a: Dragonite|Dragonite, L50, F, shiny|100/100|[from] Flip Turn\n|move|p1a: Ninetales|Freeze-Dry|p2a: Dragonite\n|-supereffective|p2a: Dragonite|2\n|-damage|p2a: Dragonite|0 fnt\n|faint|p2a: Dragonite\n|move|p2b: Archaludon|Aura Sphere|p1a: Ninetales\n|-damage|p1a: Ninetales|45/100\n|\n|-weather|none\n|upkeep\n|\n|t:|1776319880\n|switch|p2a: Basculegion|Basculegion, L50, M, shiny|100/100\n|switch|p1b: Sneasler|Sneasler, L50, M|50/100\n|turn|6\n|\n|t:|1776319889\n|move|p2a: Basculegion|Last Respects|p1a: Ninetales\n|-damage|p1a: Ninetales|0 fnt\n|faint|p1a: Ninetales\n|move|p1b: Sneasler|Close Combat|p2b: Archaludon\n|-supereffective|p2b: Archaludon|1\n|-damage|p2b: Archaludon|9/100\n|-unboost|p1b: Sneasler|def|1\n|-unboost|p1b: Sneasler|spd|1\n|-ability|p2b: Archaludon|Stamina|boost\n|-boost|p2b: Archaludon|def|1\n|move|p2b: Archaludon|Dragon Pulse|p1b: Sneasler\n|-damage|p1b: Sneasler|0 fnt\n|faint|p1b: Sneasler\n|\n|-heal|p2b: Archaludon|15/100|[from] item: Leftovers\n|upkeep\n|\n|t:|1776319897\n|switch|p1b: Lucario|Lucario-Mega, L50, M|100/100\n|turn|7\n|\n|t:|1776319905\n|move|p1b: Lucario|Detect|p1b: Lucario\n|-singleturn|p1b: Lucario|Protect\n|move|p2a: Basculegion|Last Respects|p1b: Lucario\n|-activate|p1b: Lucario|move: Protect\n|move|p2b: Archaludon|Aura Sphere|p1b: Lucario\n|-activate|p1b: Lucario|move: Protect\n|\n|-heal|p2b: Archaludon|21/100|[from] item: Leftovers\n|upkeep\n|turn|8\n|\n|t:|1776319913\n|move|p2a: Basculegion|Last Respects|p1b: Lucario\n|-damage|p1b: Lucario|0 fnt\n|faint|p1b: Lucario\n|\n|win|dkapflzksh\n|raw|rodjilius's rating: 1309 &rarr; <strong>1294</strong><br />(-15 for losing)\n|raw|dkapflzksh's rating: 1395 &rarr; <strong>1410</strong><br />(+15 for winning)\n",
  "uploadtime": 1776319913,
  "views": 53,
  "formatid": "gen9championsvgc2026regma",
  "rating": 1294,
  "private": 0,
  "password": null
}