{
  "id": "gen9championsvgc2026regma-2585091685",
  "format": "[Gen 9 Champions] VGC 2026 Reg M-A",
  "players": [
    "ForgotToFlush",
    "crackinthebell"
  ],
  "log": "|j|\u2606ForgotToFlush\n|j|\u2606crackinthebell\n|t:|1776310847\n|gametype|doubles\n|player|p1|ForgotToFlush|giovanni|1046\n|player|p2|crackinthebell|giovanni|1117\n|gen|9\n|tier|[Gen 9 Champions] VGC 2026 Reg M-A\n|rated|\n|rule|Species Clause: Limit one of each Pok\u00e9mon\n|rule|Item Clause: Limit 1 of each item\n|clearpoke\n|poke|p1|Orthworm, L50, F|\n|poke|p1|Garchomp, L50, M|\n|poke|p1|Rotom-Heat, L50|\n|poke|p1|Sneasler, L50, M|\n|poke|p1|Blastoise, L50, F|\n|poke|p1|Sinistcha-Masterpiece, L50|\n|poke|p2|Sylveon, L50, M|\n|poke|p2|Oranguru, L50, F|\n|poke|p2|Runerigus, L50, M|\n|poke|p2|Armarouge, L50, F|\n|poke|p2|Froslass, L50, F|\n|poke|p2|Manectric, L50, F|\n|teampreview|4\n|inactive|Battle timer is ON: inactive players will automatically lose when time's up. (requested by crackinthebell)\nForgotToFlush has agreed to open team sheets.\n|inactive|ForgotToFlush has 60 seconds left.\n|inactive|crackinthebell has 60 seconds left.\n|inactive|crackinthebell has 30 seconds left.\n|inactive|crackinthebell has 20 seconds left.\n|\n|t:|1776310919\n|teamsize|p1|4\n|teamsize|p2|4\n|start\n|switch|p1a: Orthworm|Orthworm, L50, F|100/100\n|switch|p1b: Garchomp|Garchomp, L50, M|100/100\n|switch|p2a: Oranguru|Oranguru, L50, F|100/100\n|switch|p2b: Runerigus|Runerigus, L50, M|100/100\n|turn|1\n|\n|t:|1776310935\n|move|p1a: Orthworm|Helping Hand|p1b: Garchomp\n|-singleturn|p1b: Garchomp|Helping Hand|[of] p1a: Orthworm\n|move|p1b: Garchomp|Earthquake|p2a: Oranguru|[spread] p2a,p2b\n|-immune|p1a: Orthworm|[from] ability: Earth Eater\n|-damage|p2a: Oranguru|46/100\n|-damage|p2b: Runerigus|60/100\n|move|p2b: Runerigus|Body Press|p1a: Orthworm\n|-supereffective|p1a: Orthworm|1\n|-damage|p1a: Orthworm|63/100\n|move|p2a: Oranguru|Trick Room|p2a: Oranguru\n|-fieldstart|move: Trick Room|[of] p2a: Oranguru\n|\n|-heal|p2a: Oranguru|52/100|[from] item: Leftovers\n|upkeep\n|turn|2\n|\n|t:|1776310957\n|move|p1a: Orthworm|Helping Hand|p1b: Garchomp\n|-singleturn|p1b: Garchomp|Helping Hand|[of] p1a: Orthworm\n|move|p2b: Runerigus|Body Press|p1a: Orthworm\n|-supereffective|p1a: Orthworm|1\n|-damage|p1a: Orthworm|23/100\n|-enditem|p1a: Orthworm|Sitrus Berry|[eat]\n|-heal|p1a: Orthworm|48/100|[from] item: Sitrus Berry\n|move|p2a: Oranguru|Reflect|p2a: Oranguru\n|-sidestart|p2: crackinthebell|Reflect\n|move|p1b: Garchomp|Earthquake|p2a: Oranguru|[spread] p2a,p2b\n|-heal|p1a: Orthworm|73/100|[from] ability: Earth Eater|[of] p1b: Garchomp\n|-damage|p2a: Oranguru|12/100\n|-damage|p2b: Runerigus|30/100\n|-enditem|p2b: Runerigus|Sitrus Berry|[eat]\n|-heal|p2b: Runerigus|55/100|[from] item: Sitrus Berry\n|\n|-heal|p2a: Oranguru|18/100|[from] item: Leftovers\n|upkeep\n|turn|3\n|\n|t:|1776310973\n|move|p1a: Orthworm|Helping Hand|p1b: Garchomp\n|-singleturn|p1b: Garchomp|Helping Hand|[of] p1a: Orthworm\n|move|p2b: Runerigus|Body Press|p1a: Orthworm\n|-supereffective|p1a: Orthworm|1\n|-crit|p1a: Orthworm\n|-damage|p1a: Orthworm|13/100\n|move|p2a: Oranguru|Instruct|p2b: Runerigus\n|-singleturn|p2b: Runerigus|move: Instruct|[of] p2a: Oranguru\n|move|p2b: Runerigus|Body Press|p1a: Orthworm\n|-supereffective|p1a: Orthworm|1\n|-damage|p1a: Orthworm|0 fnt\n|faint|p1a: Orthworm\n|move|p1b: Garchomp|Earthquake|p2a: Oranguru|[spread] p2a,p2b\n|-damage|p2a: Oranguru|0 fnt\n|-damage|p2b: Runerigus|28/100\n|faint|p2a: Oranguru\n|\n|upkeep\n|\n|t:|1776310989\n|switch|p2a: Sylveon|Sylveon, L50, M|100/100\n|switch|p1a: Blastoise|Blastoise, L50, F|100/100\n|turn|4\n|\n|t:|1776311010\n|detailschange|p1a: Blastoise|Blastoise-Mega, L50, F\n|-mega|p1a: Blastoise|Blastoise|Blastoisinite\n|move|p2b: Runerigus|Ally Switch|p2b: Runerigus\n|swap|p2b: Runerigus|0|[from] move: Ally Switch\n|move|p2b: Sylveon|Hyper Voice|p1b: Garchomp|[spread] p1a,p1b\n|-supereffective|p1b: Garchomp|1\n|-damage|p1a: Blastoise|59/100\n|-damage|p1b: Garchomp|0 fnt\n|faint|p1b: Garchomp\n|move|p1a: Blastoise|Dark Pulse|p2b: Sylveon\n|-resisted|p2b: Sylveon|1\n|-damage|p2b: Sylveon|82/100\n|\n|upkeep\n|\n|t:|1776311018\n|switch|p1b: The Sneazzler|Sneasler, L50, M|100/100\n|turn|5\n|inactive|crackinthebell has 30 seconds left.\n|\n|t:|1776311051\n|switch|p2b: Armarouge|Armarouge, L50, F|100/100\n|move|p1b: The Sneazzler|Protect|p1b: The Sneazzler\n|-singleturn|p1b: The Sneazzler|Protect\n|move|p2a: Runerigus|Earth Power|p1b: The Sneazzler\n|-activate|p1b: The Sneazzler|move: Protect\n|move|p1a: Blastoise|Water Pulse|p2b: Armarouge\n|-supereffective|p2b: Armarouge|1\n|-damage|p2b: Armarouge|0 fnt\n|faint|p2b: Armarouge\n|\n|-fieldend|move: Trick Room\n|upkeep\n|\n|t:|1776311061\n|switch|p2b: Sylveon|Sylveon, L50, M|82/100\n|turn|6\n|\n|t:|1776311077\n|move|p2a: Runerigus|Ally Switch|p2a: Runerigus\n|swap|p2a: Runerigus|1|[from] move: Ally Switch\n|move|p1b: The Sneazzler|Dire Claw|p2b: Runerigus\n|-resisted|p2b: Runerigus|2\n|-crit|p2b: Runerigus\n|-damage|p2b: Runerigus|15/100\n|-activate|p1b: The Sneazzler|Skill Swap|Wandering Spirit|Unburden|[of] p2b: Runerigus\n|move|p1a: Blastoise|Dark Pulse|p2a: Sylveon\n|-resisted|p2a: Sylveon|1\n|-damage|p2a: Sylveon|63/100\n|cant|p2a: Sylveon|flinch\n|\n|-sideend|p2: crackinthebell|Reflect\n|upkeep\n|turn|7\n|inactive|crackinthebell has 30 seconds left.\n|\n|t:|1776311107\n|move|p1b: The Sneazzler|Protect|p1b: The Sneazzler\n|-singleturn|p1b: The Sneazzler|Protect\n|move|p1a: Blastoise|Water Pulse|p2a: Sylveon\n|-damage|p2a: Sylveon|22/100\n|move|p2a: Sylveon|Hyper Voice|p1b: The Sneazzler|[spread] p1a\n|-activate|p1b: The Sneazzler|move: Protect\n|-damage|p1a: Blastoise|11/100\n|move|p2b: Runerigus|Earth Power|p1b: The Sneazzler\n|-activate|p1b: The Sneazzler|move: Protect\n|\n|upkeep\n|turn|8\n|\n|t:|1776311124\n|move|p2b: Runerigus|Ally Switch|p2b: Runerigus\n|swap|p2b: Runerigus|0|[from] move: Ally Switch\n|move|p1b: The Sneazzler|Dire Claw|p2b: Sylveon\n|-supereffective|p2b: Sylveon|1\n|-damage|p2b: Sylveon|0 fnt\n|faint|p2b: Sylveon\n|move|p1a: Blastoise|Water Pulse|p2a: Runerigus\n|-supereffective|p2a: Runerigus|1\n|-damage|p2a: Runerigus|0 fnt\n|faint|p2a: Runerigus\n|\n|win|ForgotToFlush\n|raw|ForgotToFlush's rating: 1046 &rarr; <strong>1086</strong><br />(+40 for winning)\n|raw|crackinthebell's rating: 1117 &rarr; <strong>1087</strong><br />(-30 for losing)\n|l|\u2606crackinthebell\n|player|p2|\n|c|\u2606ForgotToFlush|gg\n",
  "uploadtime": 1776311133,
  "views": 37,
  "formatid": "gen9championsvgc2026regma",
  "rating": 1086,
  "private": 0,
  "password": null
}