{
  "id": "gen9championsvgc2026regma-2586579093",
  "format": "[Gen 9 Champions] VGC 2026 Reg M-A",
  "players": [
    "mkugmrs_guest",
    "Tomzzzz"
  ],
  "log": "|j|\u2606mkugmrs_guest\n|j|\u2606Tomzzzz\n|t:|1776444482\n|gametype|doubles\n|player|p1|mkugmrs_guest|iono-masters2|1126\n|player|p2|Tomzzzz|2|1221\n|gen|9\n|tier|[Gen 9 Champions] VGC 2026 Reg M-A\n|rated|\n|rule|Species Clause: Limit one of each Pok\u00e9mon\n|rule|Item Clause: Limit 1 of each item\n|clearpoke\n|poke|p1|Floette-Eternal, L50, F|\n|poke|p1|Torkoal, L50, M|\n|poke|p1|Farigiraf, L50, M|\n|poke|p1|Aerodactyl, L50, M|\n|poke|p1|Chimecho, L50, F|\n|poke|p1|Gallade, L50, M|\n|poke|p2|Milotic, L50, M|\n|poke|p2|Archaludon, L50, M|\n|poke|p2|Aerodactyl, L50, F|\n|poke|p2|Lopunny, L50, F|\n|poke|p2|Typhlosion-Hisui, L50, F|\n|poke|p2|Espathra, L50, M|\n|teampreview|4\n|inactive|Battle timer is ON: inactive players will automatically lose when time's up. (requested by Tomzzzz)\n|inactive|mkugmrs_guest has 60 seconds left.\nTomzzzz rejected open team sheets.\n|inactive|mkugmrs_guest has 30 seconds left.\n|\n|t:|1776444553\n|teamsize|p1|4\n|teamsize|p2|4\n|start\n|switch|p1a: Gallade|Gallade, L50, M|100/100\n|switch|p1b: Farigiraf|Farigiraf, L50, M|100/100\n|switch|p2a: Typhlosion|Typhlosion-Hisui, L50, F|100/100\n|switch|p2b: Milotic|Milotic, L50, M|100/100\n|turn|1\n|\n|t:|1776444570\n|move|p1b: Farigiraf|Protect|p1b: Farigiraf\n|-singleturn|p1b: Farigiraf|Protect\n|move|p2a: Typhlosion|Eruption|p1a: Gallade|[spread] p1a\n|-activate|p1b: Farigiraf|move: Protect\n|-damage|p1a: Gallade|27/100\n|move|p1a: Gallade|Night Slash|p2a: Typhlosion\n|-supereffective|p2a: Typhlosion|1\n|-crit|p2a: Typhlosion\n|-damage|p2a: Typhlosion|0 fnt\n|faint|p2a: Typhlosion\n|move|p2b: Milotic|Dragon Tail|p1b: Farigiraf\n|-activate|p1b: Farigiraf|move: Protect\n|\n|upkeep\n|\n|t:|1776444582\n|switch|p2a: Lopunny|Lopunny, L50, F|100/100\n|turn|2\n|\n|t:|1776444599\n|switch|p1b: Torkoal|Torkoal, L50, M|100/100\n|-weather|SunnyDay|[from] ability: Drought|[of] p1b: Torkoal\n|detailschange|p2a: Lopunny|Lopunny-Mega, L50, F\n|-mega|p2a: Lopunny|Lopunny|Lopunnite\n|move|p2a: Lopunny|Fake Out|p1a: Gallade\n|-damage|p1a: Gallade|0 fnt\n|faint|p1a: Gallade\n|move|p2b: Milotic|Scald|p1b: Torkoal\n|-supereffective|p1b: Torkoal|1\n|-damage|p1b: Torkoal|62/100\n|\n|-weather|SunnyDay|[upkeep]\n|-heal|p1b: Torkoal|68/100|[from] item: Leftovers\n|upkeep\n|\n|t:|1776444618\n|switch|p1a: Farigiraf|Farigiraf, L50, M|100/100\n|turn|3\n|\n|t:|1776444624\n|move|p2a: Lopunny|U-turn|p1a: Farigiraf\n|-supereffective|p1a: Farigiraf|1\n|-damage|p1a: Farigiraf|53/100\n|\n|t:|1776444628\n|switch|p2a: Archaludon|Archaludon, L50, M|100/100|[from] U-turn\n|move|p1a: Farigiraf|Psychic Noise|p2a: Archaludon\n|-resisted|p2a: Archaludon|1\n|-damage|p2a: Archaludon|78/100\n|-start|p2a: Archaludon|move: Heal Block\n|-ability|p2a: Archaludon|Stamina|boost\n|-boost|p2a: Archaludon|def|1\n|move|p1b: Torkoal|Solar Beam||[still]\n|-prepare|p1b: Torkoal|Solar Beam\n|-anim|p1b: Torkoal|Solar Beam|p2b: Milotic\n|-supereffective|p2b: Milotic|1\n|-damage|p2b: Milotic|62/100\n|move|p2b: Milotic|Dragon Tail|p1b: Torkoal\n|-damage|p1b: Torkoal|62/100\n|drag|p1b: Chimecho|Chimecho, L50, F|100/100\n|\n|-weather|SunnyDay|[upkeep]\n|-heal|p2b: Milotic|68/100|[from] item: Leftovers\n|upkeep\n|turn|4\n|inactive|mkugmrs_guest has 30 seconds left.\n|\n|t:|1776444661\n|switch|p1b: Torkoal|Torkoal, L50, M|62/100\n|move|p2b: Milotic|Protect|p2b: Milotic\n|-singleturn|p2b: Milotic|Protect\n|move|p2a: Archaludon|Dark Pulse|p1a: Farigiraf\n|-supereffective|p1a: Farigiraf|1\n|-damage|p1a: Farigiraf|8/100\n|-enditem|p1a: Farigiraf|Sitrus Berry|[eat]\n|-heal|p1a: Farigiraf|33/100|[from] item: Sitrus Berry\n|move|p1a: Farigiraf|Trick Room|p1a: Farigiraf\n|-fieldstart|move: Trick Room|[of] p1a: Farigiraf\n|\n|-weather|SunnyDay|[upkeep]\n|-heal|p1b: Torkoal|68/100|[from] item: Leftovers\n|-heal|p2b: Milotic|74/100|[from] item: Leftovers\n|-end|p2a: Archaludon|move: Heal Block\n|upkeep\n|turn|5\n|\n|t:|1776444680\n|move|p1a: Farigiraf|Helping Hand|p1b: Torkoal\n|-singleturn|p1b: Torkoal|Helping Hand|[of] p1a: Farigiraf\n|move|p1b: Torkoal|Solar Beam||[still]\n|-prepare|p1b: Torkoal|Solar Beam\n|-anim|p1b: Torkoal|Solar Beam|p2b: Milotic\n|-supereffective|p2b: Milotic|1\n|-damage|p2b: Milotic|21/100\n|move|p2b: Milotic|Scald|p1b: Torkoal\n|-supereffective|p1b: Torkoal|1\n|-damage|p1b: Torkoal|31/100\n|move|p2a: Archaludon|Draco Meteor|p1b: Torkoal\n|-damage|p1b: Torkoal|0 fnt\n|-unboost|p2a: Archaludon|spa|2\n|faint|p1b: Torkoal\n|\n|-weather|SunnyDay|[upkeep]\n|-heal|p2b: Milotic|27/100|[from] item: Leftovers\n|upkeep\n|\n|t:|1776444685\n|switch|p1b: Chimecho|Chimecho, L50, F|100/100\n|turn|6\n|\n|t:|1776444700\n|switch|p2a: Lopunny|Lopunny-Mega, L50, F|100/100\n|detailschange|p1b: Chimecho|Chimecho-Mega, L50, F\n|-mega|p1b: Chimecho|Chimecho|Chimechite\n|move|p2b: Milotic|Protect|p2b: Milotic\n|-singleturn|p2b: Milotic|Protect\n|move|p1a: Farigiraf|Psychic Noise|p2b: Milotic\n|-activate|p2b: Milotic|move: Protect\n|move|p1b: Chimecho|Calm Mind|p1b: Chimecho\n|-boost|p1b: Chimecho|spa|1\n|-boost|p1b: Chimecho|spd|1\n|\n|-weather|none\n|-heal|p2b: Milotic|33/100|[from] item: Leftovers\n|upkeep\n|turn|7\n|\n|t:|1776444719\n|move|p2a: Lopunny|Fake Out||[still]\n|cant|p1a: Farigiraf|ability: Armor Tail|Fake Out|[of] p2a: Lopunny\n|move|p1a: Farigiraf|Psychic Noise|p2b: Milotic\n|-damage|p2b: Milotic|9/100\n|-start|p2b: Milotic|move: Heal Block\n|move|p1b: Chimecho|Psychic|p2a: Lopunny\n|-supereffective|p2a: Lopunny|1\n|-damage|p2a: Lopunny|0 fnt\n|faint|p2a: Lopunny\n|move|p2b: Milotic|Scald|p1b: Chimecho\n|-damage|p1b: Chimecho|80/100\n|\n|upkeep\n|\n|t:|1776444728\n|switch|p2a: Archaludon|Archaludon, L50, M|78/100\n|turn|8\n|\n|t:|1776444739\n|move|p2b: Milotic|Protect|p2b: Milotic\n|-singleturn|p2b: Milotic|Protect\n|move|p1a: Farigiraf|Psychic Noise|p2b: Milotic\n|-activate|p2b: Milotic|move: Protect\n|move|p1b: Chimecho|Calm Mind|p1b: Chimecho\n|-boost|p1b: Chimecho|spa|1\n|-boost|p1b: Chimecho|spd|1\n|move|p2a: Archaludon|Dark Pulse|p1b: Chimecho\n|-supereffective|p1b: Chimecho|1\n|-damage|p1b: Chimecho|59/100\n|\n|-end|p2b: Milotic|move: Heal Block\n|-fieldend|move: Trick Room\n|upkeep\n|turn|9\n|\n|t:|1776444753\n|move|p2a: Archaludon|Dark Pulse|p1a: Farigiraf\n|-supereffective|p1a: Farigiraf|1\n|-damage|p1a: Farigiraf|0 fnt\n|faint|p1a: Farigiraf\n|move|p2b: Milotic|Scald|p1b: Chimecho\n|-damage|p1b: Chimecho|44/100\n|move|p1b: Chimecho|Recover|p1b: Chimecho\n|-heal|p1b: Chimecho|94/100\n|\n|-heal|p2b: Milotic|15/100|[from] item: Leftovers\n|upkeep\n|turn|10\n|\n|t:|1776444767\n|move|p2a: Archaludon|Dark Pulse|p1b: Chimecho\n|-supereffective|p1b: Chimecho|1\n|-damage|p1b: Chimecho|71/100\n|move|p2b: Milotic|Scald|p1b: Chimecho\n|-damage|p1b: Chimecho|53/100\n|move|p1b: Chimecho|Psychic|p2b: Milotic\n|-damage|p2b: Milotic|0 fnt\n|faint|p2b: Milotic\n|\n|upkeep\n|turn|11\n|\n|t:|1776444777\n|move|p2a: Archaludon|Dark Pulse|p1b: Chimecho\n|-supereffective|p1b: Chimecho|1\n|-damage|p1b: Chimecho|30/100\n|move|p1b: Chimecho|Recover|p1b: Chimecho\n|-heal|p1b: Chimecho|80/100\n|\n|upkeep\n|turn|12\n|\n|t:|1776444783\n|move|p2a: Archaludon|Dark Pulse|p1b: Chimecho\n|-supereffective|p1b: Chimecho|1\n|-damage|p1b: Chimecho|59/100\n|move|p1b: Chimecho|Calm Mind|p1b: Chimecho\n|-boost|p1b: Chimecho|spa|1\n|-boost|p1b: Chimecho|spd|1\n|\n|upkeep\n|turn|13\n|\n|t:|1776444791\n|move|p2a: Archaludon|Dark Pulse|p1b: Chimecho\n|-supereffective|p1b: Chimecho|1\n|-damage|p1b: Chimecho|41/100\n|move|p1b: Chimecho|Calm Mind|p1b: Chimecho\n|-boost|p1b: Chimecho|spa|1\n|-boost|p1b: Chimecho|spd|1\n|\n|upkeep\n|turn|14\n|\n|t:|1776444800\n|move|p2a: Archaludon|Flash Cannon|p1b: Chimecho\n|-resisted|p1b: Chimecho|1\n|-damage|p1b: Chimecho|35/100\n|move|p1b: Chimecho|Recover|p1b: Chimecho\n|-heal|p1b: Chimecho|85/100\n|\n|upkeep\n|turn|15\n|\n|t:|1776444805\n|move|p2a: Archaludon|Aura Sphere|p1b: Chimecho\n|-damage|p1b: Chimecho|77/100\n|move|p1b: Chimecho|Psychic|p2a: Archaludon\n|-resisted|p2a: Archaludon|1\n|-damage|p2a: Archaludon|0 fnt\n|faint|p2a: Archaludon\n|\n|win|mkugmrs_guest\n|raw|mkugmrs_guest's rating: 1126 &rarr; <strong>1158</strong><br />(+32 for winning)\n|raw|Tomzzzz's rating: 1221 &rarr; <strong>1189</strong><br />(-32 for losing)\n|l|\u2606Tomzzzz\n|player|p2|\n|c|\u2606mkugmrs_guest|gg\n",
  "uploadtime": 1776444814,
  "views": 24,
  "formatid": "gen9championsvgc2026regma",
  "rating": 1158,
  "private": 0,
  "password": null
}