{
  "id": "gen9championsvgc2026regma-2582817374",
  "format": "[Gen 9 Champions] VGC 2026 Reg M-A",
  "players": [
    "menci",
    "Caserrr"
  ],
  "log": "|j|\u2606menci\n|j|\u2606Caserrr\n|t:|1776116365\n|gametype|doubles\n|player|p1|menci|miku-ghost|1435\n|player|p2|Caserrr|101|1383\n|gen|9\n|tier|[Gen 9 Champions] VGC 2026 Reg M-A\n|rated|\n|rule|Species Clause: Limit one of each Pok\u00e9mon\n|rule|Item Clause: Limit 1 of each item\n|clearpoke\n|poke|p1|Dragonite, L50, M|\n|poke|p1|Pelipper, L50, M|\n|poke|p1|Basculegion, L50, M|\n|poke|p1|Sinistcha, L50|\n|poke|p1|Archaludon, L50, M|\n|poke|p1|Incineroar, L50, F|\n|poke|p2|Sinistcha, L50|\n|poke|p2|Kingambit, L50, M|\n|poke|p2|Froslass, L50, F|\n|poke|p2|Sneasler, L50, M|\n|poke|p2|Arcanine-Hisui, L50, M|\n|poke|p2|Palafin, L50, M|\n|teampreview|4\n|inactive|Battle timer is ON: inactive players will automatically lose when time's up. (requested by Caserrr)\n|inactive|menci has 60 seconds left.\n|inactive|menci has 30 seconds left.\n|inactive|menci has 20 seconds left.\n|inactive|menci has 15 seconds left.\n|inactive|menci has 10 seconds left.\n|\n|t:|1776116450\n|teamsize|p1|4\n|teamsize|p2|4\n|start\n|switch|p1a: Pelipper|Pelipper, L50, M|100/100\n|switch|p1b: Archaludon|Archaludon, L50, M|100/100\n|switch|p2a: Kingambit|Kingambit, L50, M|100/100\n|switch|p2b: Sneasler|Sneasler, L50, M|100/100\n|-weather|RainDance|[from] ability: Drizzle|[of] p1a: Pelipper\n|turn|1\n|\n|t:|1776116470\n|move|p2b: Sneasler|Fake Out|p1a: Pelipper\n|-damage|p1a: Pelipper|83/100\n|cant|p1a: Pelipper|flinch\n|move|p1b: Archaludon|Electro Shot||[still]\n|-prepare|p1b: Archaludon|Electro Shot\n|-boost|p1b: Archaludon|spa|1\n|-anim|p1b: Archaludon|Electro Shot|p2a: Kingambit\n|-damage|p2a: Kingambit|42/100\n|move|p2a: Kingambit|Swords Dance|p2a: Kingambit\n|-boost|p2a: Kingambit|atk|2\n|\n|-weather|RainDance|[upkeep]\n|upkeep\n|turn|2\n|\n|t:|1776116493\n|move|p1b: Archaludon|Protect|p1b: Archaludon\n|-singleturn|p1b: Archaludon|Protect\n|move|p2a: Kingambit|Sucker Punch||[still]\n|-fail|p2a: Kingambit\n|move|p2b: Sneasler|Close Combat|p1b: Archaludon\n|-activate|p1b: Archaludon|move: Protect\n|move|p1a: Pelipper|Tailwind|p1a: Pelipper\n|-sidestart|p1: menci|move: Tailwind\n|\n|-weather|RainDance|[upkeep]\n|upkeep\n|turn|3\n|\n|t:|1776116515\n|switch|p2b: Sinistcha|Sinistcha, L50|100/100\n|-heal|p2a: Kingambit|67/100|[from] ability: Hospitality|[of] p2b: Sinistcha\n|move|p2a: Kingambit|Sucker Punch|p1b: Archaludon\n|-damage|p1b: Archaludon|25/100\n|-ability|p1b: Archaludon|Stamina|boost\n|-boost|p1b: Archaludon|def|1\n|move|p1a: Pelipper|Weather Ball|p2a: Kingambit\n|-damage|p2a: Kingambit|0 fnt\n|faint|p2a: Kingambit\n|move|p1b: Archaludon|Electro Shot||[still]\n|-prepare|p1b: Archaludon|Electro Shot\n|-boost|p1b: Archaludon|spa|1\n|-anim|p1b: Archaludon|Electro Shot|p2b: Sinistcha\n|-resisted|p2b: Sinistcha|1\n|-damage|p2b: Sinistcha|68/100\n|\n|-weather|RainDance|[upkeep]\n|-heal|p1b: Archaludon|31/100|[from] item: Leftovers\n|upkeep\n|\n|t:|1776116523\n|switch|p2a: Sneasler|Sneasler, L50, M|100/100\n|turn|4\n|inactive|menci has 30 seconds left.\n|\n|t:|1776116550\n|move|p2a: Sneasler|Fake Out|p1a: Pelipper\n|-damage|p1a: Pelipper|63/100\n|move|p2b: Sinistcha|Rage Powder|p2b: Sinistcha\n|-singleturn|p2b: Sinistcha|move: Rage Powder\n|cant|p1a: Pelipper|flinch\n|move|p1b: Archaludon|Electro Shot||[still]\n|-prepare|p1b: Archaludon|Electro Shot\n|-boost|p1b: Archaludon|spa|1\n|-anim|p1b: Archaludon|Electro Shot|p2b: Sinistcha\n|-resisted|p2b: Sinistcha|1\n|-damage|p2b: Sinistcha|26/100\n|-enditem|p2b: Sinistcha|Sitrus Berry|[eat]\n|-heal|p2b: Sinistcha|51/100|[from] item: Sitrus Berry\n|\n|-weather|RainDance|[upkeep]\n|-heal|p1b: Archaludon|38/100|[from] item: Leftovers\n|upkeep\n|turn|5\n|\n|t:|1776116568\n|move|p2a: Sneasler|Protect|p2a: Sneasler\n|-singleturn|p2a: Sneasler|Protect\n|move|p2b: Sinistcha|Protect|p2b: Sinistcha\n|-singleturn|p2b: Sinistcha|Protect\n|move|p1a: Pelipper|Hurricane|p2b: Sinistcha\n|-activate|p2b: Sinistcha|move: Protect\n|move|p1b: Archaludon|Electro Shot||[still]\n|-prepare|p1b: Archaludon|Electro Shot\n|-boost|p1b: Archaludon|spa|1\n|-anim|p1b: Archaludon|Electro Shot|p2a: Sneasler\n|-activate|p2a: Sneasler|move: Protect\n|\n|-weather|none\n|-heal|p1b: Archaludon|44/100|[from] item: Leftovers\n|-sideend|p1: menci|move: Tailwind\n|upkeep\n|turn|6\n|\n|t:|1776116584\n|switch|p1a: Incineroar|Incineroar, L50, F|100/100\n|-ability|p1a: Incineroar|Intimidate|boost\n|-unboost|p2a: Sneasler|atk|1\n|-unboost|p2b: Sinistcha|atk|1\n|-enditem|p2a: Sneasler|White Herb\n|-clearnegativeboost|p2a: Sneasler|[silent]\n|switch|p2b: Froslass|Froslass, L50, F|100/100\n|move|p1b: Archaludon|Protect|p1b: Archaludon\n|-singleturn|p1b: Archaludon|Protect\n|move|p2a: Sneasler|Close Combat|p1b: Archaludon\n|-activate|p1b: Archaludon|move: Protect\n|\n|-heal|p1b: Archaludon|50/100|[from] item: Leftovers\n|upkeep\n|turn|7\n|\n|t:|1776116606\n|move|p1a: Incineroar|Fake Out|p2a: Sneasler\n|-damage|p2a: Sneasler|83/100\n|cant|p2a: Sneasler|flinch\n|move|p2b: Froslass|Shadow Ball|p1b: Archaludon\n|-damage|p1b: Archaludon|22/100\n|-ability|p1b: Archaludon|Stamina|boost\n|-boost|p1b: Archaludon|def|1\n|move|p1b: Archaludon|Flash Cannon|p2b: Froslass\n|-supereffective|p2b: Froslass|1\n|-damage|p2b: Froslass|0 fnt\n|faint|p2b: Froslass\n|\n|-heal|p1b: Archaludon|28/100|[from] item: Leftovers\n|upkeep\n|\n|t:|1776116609\n|switch|p2b: Sinistcha|Sinistcha, L50|51/100\n|-heal|p2a: Sneasler|100/100|[from] ability: Hospitality|[of] p2b: Sinistcha\n|turn|8\n|-message|Caserrr forfeited.\n|\n|win|menci\n|raw|menci's rating: 1435 &rarr; <strong>1452</strong><br />(+17 for winning)\n|raw|Caserrr's rating: 1383 &rarr; <strong>1366</strong><br />(-17 for losing)\n|l|\u2606Caserrr\n|player|p2|\n",
  "uploadtime": 1776116620,
  "views": 51,
  "formatid": "gen9championsvgc2026regma",
  "rating": 1366,
  "private": 0,
  "password": null
}