{
  "id": "gen9championsvgc2026regma-2587054171",
  "format": "[Gen 9 Champions] VGC 2026 Reg M-A",
  "players": [
    "Dra. Healer",
    "type nil"
  ],
  "log": "|j|\u2606Dra. Healer\n|j|\u2606type nil\n|t:|1776487369\n|gametype|doubles\n|player|p1|Dra. Healer|brycen|1229\n|player|p2|type nil|supernerd|1244\n|gen|9\n|tier|[Gen 9 Champions] VGC 2026 Reg M-A\n|rated|\n|rule|Species Clause: Limit one of each Pok\u00e9mon\n|rule|Item Clause: Limit 1 of each item\n|clearpoke\n|poke|p1|Banette, L50, F|\n|poke|p1|Gallade, L50, M|\n|poke|p1|Maushold, L50|\n|poke|p1|Vanilluxe, L50, F|\n|poke|p1|Alcremie, L50, F|\n|poke|p1|Tsareena, L50, F|\n|poke|p2|Kommo-o, L50, F|\n|poke|p2|Basculegion, L50, M|\n|poke|p2|Incineroar, L50, M|\n|poke|p2|Scizor, L50, F|\n|poke|p2|Sneasler, L50, F|\n|poke|p2|Ninetales-Alola, L50, M|\n|teampreview|4\n|inactive|Battle timer is ON: inactive players will automatically lose when time's up. (requested by Dra. Healer)\n|\n|t:|1776487459\n|teamsize|p1|4\n|teamsize|p2|4\n|start\n|switch|p1a: Gallade|Gallade, L50, M|100/100\n|switch|p1b: Tsareena|Tsareena, L50, F|100/100\n|switch|p2a: Ninetales|Ninetales-Alola, L50, M|100/100\n|switch|p2b: Incineroar|Incineroar, L50, M|100/100\n|-weather|Snowscape|[from] ability: Snow Warning|[of] p2a: Ninetales\n|-ability|p2b: Incineroar|Intimidate|boost\n|-unboost|p1a: Gallade|atk|1\n|-unboost|p1b: Tsareena|atk|1\n|turn|1\n|inactive|Dra. Healer has 30 seconds left.\n|inactive|type nil has 30 seconds left.\n|inactive|Dra. Healer has 20 seconds left.\n|\n|t:|1776487495\n|move|p2a: Ninetales|Blizzard|p1b: Tsareena|[spread] p1a,p1b\n|-supereffective|p1b: Tsareena|1\n|-damage|p1a: Gallade|75/100\n|-damage|p1b: Tsareena|39/100\n|move|p1a: Gallade|Sacred Sword|p2b: Incineroar\n|-supereffective|p2b: Incineroar|1\n|-damage|p2b: Incineroar|11/100\n|-enditem|p2b: Incineroar|Sitrus Berry|[eat]\n|-heal|p2b: Incineroar|36/100|[from] item: Sitrus Berry\n|move|p2b: Incineroar|Flare Blitz|p1a: Gallade\n|-damage|p1a: Gallade|10/100\n|-damage|p2b: Incineroar|17/100|[from] Recoil\n|move|p1b: Tsareena|Low Kick|p2b: Incineroar\n|-supereffective|p2b: Incineroar|1\n|-damage|p2b: Incineroar|0 fnt\n|faint|p2b: Incineroar\n|\n|-weather|Snowscape|[upkeep]\n|upkeep\n|inactive|type nil has 30 seconds left.\n|\n|t:|1776487520\n|switch|p2b: Kommo-o|Kommo-o, L50, F|100/100\n|turn|2\n|\n|t:|1776487526\n|move|p1a: Gallade|Wide Guard|p1a: Gallade\n|-singleturn|p1a: Gallade|Wide Guard\n|move|p2a: Ninetales|Blizzard|p1b: Tsareena|[spread] \n|-activate|p1a: Gallade|move: Wide Guard\n|-activate|p1b: Tsareena|move: Wide Guard\n|move|p2b: Kommo-o|Clangorous Soul|p2b: Kommo-o\n|-boost|p2b: Kommo-o|atk|1\n|-boost|p2b: Kommo-o|def|1\n|-boost|p2b: Kommo-o|spa|1\n|-boost|p2b: Kommo-o|spd|1\n|-boost|p2b: Kommo-o|spe|1\n|-damage|p2b: Kommo-o|68/100\n|move|p1b: Tsareena|Triple Axel|p2b: Kommo-o\n|-supereffective|p2b: Kommo-o|1\n|-damage|p2b: Kommo-o|62/100\n|-supereffective|p2b: Kommo-o|1\n|-damage|p2b: Kommo-o|52/100\n|-supereffective|p2b: Kommo-o|1\n|-damage|p2b: Kommo-o|36/100\n|-hitcount|p2b: Kommo-o|3\n|\n|-weather|Snowscape|[upkeep]\n|-heal|p2b: Kommo-o|42/100|[from] item: Leftovers\n|upkeep\n|turn|3\n|inactive|type nil has 30 seconds left.\n|\n|t:|1776487554\n|move|p1a: Gallade|Wide Guard|p1a: Gallade\n|-singleturn|p1a: Gallade|Wide Guard\n|move|p2b: Kommo-o|Aura Sphere|p1b: Tsareena\n|-damage|p1b: Tsareena|0 fnt\n|faint|p1b: Tsareena\n|move|p2a: Ninetales|Encore|p1a: Gallade\n|-start|p1a: Gallade|Encore\n|-enditem|p1a: Gallade|Mental Herb\n|-end|p1a: Gallade|Encore\n|\n|-weather|Snowscape|[upkeep]\n|-heal|p2b: Kommo-o|48/100|[from] item: Leftovers\n|upkeep\n|\n|t:|1776487565\n|switch|p1b: Alcremie|Alcremie, L50, F|100/100\n|turn|4\n|inactive|type nil has 30 seconds left.\n|\n|t:|1776487594\n|move|p2b: Kommo-o|Protect|p2b: Kommo-o\n|-singleturn|p2b: Kommo-o|Protect\n|move|p2a: Ninetales|Freeze-Dry|p1a: Gallade\n|-damage|p1a: Gallade|0 fnt\n|faint|p1a: Gallade\n|move|p1b: Alcremie|Calm Mind|p1b: Alcremie\n|-boost|p1b: Alcremie|spa|1\n|-boost|p1b: Alcremie|spd|1\n|\n|-weather|Snowscape|[upkeep]\n|-heal|p2b: Kommo-o|54/100|[from] item: Leftovers\n|upkeep\n|\n|t:|1776487602\n|switch|p1a: Banette|Banette, L50, F|100/100\n|-item|p2a: Ninetales|Focus Sash|[from] ability: Frisk|[of] p1a: Banette\n|-item|p2b: Kommo-o|Leftovers|[from] ability: Frisk|[of] p1a: Banette\n|turn|5\n|\n|t:|1776487613\n|detailschange|p1a: Banette|Banette-Mega, L50, F\n|-mega|p1a: Banette|Banette|Banettite\n|move|p1a: Banette|Encore|p2b: Kommo-o\n|-start|p2b: Kommo-o|Encore\n|move|p2b: Kommo-o|Protect||[still]\n|-fail|p2b: Kommo-o\n|move|p2a: Ninetales|Blizzard|p1a: Banette|[spread] p1a,p1b\n|-damage|p1a: Banette|64/100\n|-damage|p1b: Alcremie|82/100\n|-status|p1a: Banette|frz\n|move|p1b: Alcremie|Dazzling Gleam|p2a: Ninetales|[spread] p2a,p2b\n|-supereffective|p2b: Kommo-o|2\n|-damage|p2a: Ninetales|52/100\n|-damage|p2b: Kommo-o|0 fnt\n|faint|p2b: Kommo-o\n|\n|-weather|none\n|upkeep\n|\n|t:|1776487627\n|switch|p2b: Scizor|Scizor, L50, F|100/100\n|turn|6\n|\n|t:|1776487643\n|detailschange|p2b: Scizor|Scizor-Mega, L50, F\n|-mega|p2b: Scizor|Scizor|Scizorite\n|move|p2b: Scizor|Bullet Punch|p1b: Alcremie\n|-supereffective|p1b: Alcremie|1\n|-enditem|p1b: Alcremie|Babiri Berry|[eat]\n|-enditem|p1b: Alcremie|Babiri Berry|[weaken]\n|-damage|p1b: Alcremie|35/100\n|move|p2a: Ninetales|Freeze-Dry|p1b: Alcremie\n|-damage|p1b: Alcremie|21/100\n|cant|p1a: Banette|frz\n|move|p1b: Alcremie|Mystical Fire|p2b: Scizor\n|-supereffective|p2b: Scizor|2\n|-damage|p2b: Scizor|0 fnt\n|faint|p2b: Scizor\n|\n|upkeep\n|turn|7\n|\n|t:|1776487661\n|move|p2a: Ninetales|Blizzard|p1a: Banette|[spread] p1a\n|-miss|p2a: Ninetales|p1b: Alcremie\n|-crit|p1a: Banette\n|-damage|p1a: Banette|0 fnt\n|faint|p1a: Banette\n|move|p1b: Alcremie|Mystical Fire|p2a: Ninetales\n|-supereffective|p2a: Ninetales|1\n|-damage|p2a: Ninetales|0 fnt\n|faint|p2a: Ninetales\n|\n|win|Dra. Healer\n|raw|Dra. Healer's rating: 1229 &rarr; <strong>1255</strong><br />(+26 for winning)\n|raw|type nil's rating: 1244 &rarr; <strong>1218</strong><br />(-26 for losing)\n|l|\u2606type nil\n|player|p2|\n",
  "uploadtime": 1776487672,
  "views": 28,
  "formatid": "gen9championsvgc2026regma",
  "rating": 1218,
  "private": 0,
  "password": null
}