{
  "id": "gen9championsvgc2026regma-2583122502",
  "format": "[Gen 9 Champions] VGC 2026 Reg M-A",
  "players": [
    "360nodad",
    "diaspirateza"
  ],
  "log": "|j|\u2606360nodad\n|j|\u2606diaspirateza\n|t:|1776144679\n|gametype|doubles\n|player|p1|360nodad|aaron|1166\n|player|p2|diaspirateza|preschoolerf|1163\n|gen|9\n|tier|[Gen 9 Champions] VGC 2026 Reg M-A\n|rated|\n|rule|Species Clause: Limit one of each Pok\u00e9mon\n|rule|Item Clause: Limit 1 of each item\n|clearpoke\n|poke|p1|Pinsir, L50, F|\n|poke|p1|Sneasler, L50, M|\n|poke|p1|Clefable, L50, M|\n|poke|p1|Orthworm, L50, M|\n|poke|p1|Pelipper, L50, M|\n|poke|p1|Umbreon, L50, M|\n|poke|p2|Kingambit, L50, F|\n|poke|p2|Sneasler, L50, M|\n|poke|p2|Talonflame, L50, M|\n|poke|p2|Garchomp, L50, F|\n|poke|p2|Froslass, L50, F|\n|poke|p2|Milotic, L50, F|\n|teampreview|4\n|\n|t:|1776144716\n|teamsize|p1|4\n|teamsize|p2|4\n|start\n|switch|p1a: Pinsir|Pinsir, L50, F|100/100\n|switch|p1b: Sneasler|Sneasler, L50, M|100/100\n|switch|p2a: Sneasler|Sneasler, L50, M|100/100\n|switch|p2b: Talonflame|Talonflame, L50, M|100/100\n|turn|1\n|\n|t:|1776144740\n|detailschange|p1a: Pinsir|Pinsir-Mega, L50, F\n|-mega|p1a: Pinsir|Pinsir|Pinsirite\n|move|p1a: Pinsir|Protect|p1a: Pinsir\n|-singleturn|p1a: Pinsir|Protect\n|move|p2a: Sneasler|Fake Out|p1b: Sneasler\n|-damage|p1b: Sneasler|76/100\n|cant|p1b: Sneasler|flinch\n|move|p2b: Talonflame|Tailwind|p2b: Talonflame\n|-sidestart|p2: diaspirateza|move: Tailwind\n|\n|upkeep\n|turn|2\n|\n|t:|1776144781\n|switch|p1b: Pelipper|Pelipper, L50, M|100/100\n|-weather|RainDance|[from] ability: Drizzle|[of] p1b: Pelipper\n|switch|p1a: Umbreon|Umbreon, L50, M|100/100\n|move|p2a: Sneasler|Protect|p2a: Sneasler\n|-singleturn|p2a: Sneasler|Protect\n|move|p2b: Talonflame|Brave Bird|p1a: Umbreon\n|-damage|p1a: Umbreon|63/100\n|-damage|p2b: Talonflame|84/100|[from] Recoil\n|\n|-weather|RainDance|[upkeep]\n|-heal|p1a: Umbreon|69/100|[from] item: Leftovers\n|upkeep\n|turn|3\n|\n|t:|1776144824\n|move|p2b: Talonflame|Protect|p2b: Talonflame\n|-singleturn|p2b: Talonflame|Protect\n|move|p2a: Sneasler|Dire Claw|p1b: Pelipper|[miss]\n|-miss|p2a: Sneasler|p1b: Pelipper\n|move|p1b: Pelipper|Tailwind|p1b: Pelipper\n|-sidestart|p1: 360nodad|move: Tailwind\n|move|p1a: Umbreon|Yawn|p2a: Sneasler\n|-start|p2a: Sneasler|move: Yawn|[of] p1a: Umbreon\n|\n|-weather|RainDance|[upkeep]\n|-heal|p1a: Umbreon|75/100|[from] item: Leftovers\n|upkeep\n|turn|4\n|\n|t:|1776144857\n|switch|p2b: Milotic|Milotic, L50, F|100/100\n|move|p2a: Sneasler|Close Combat|p1a: Umbreon\n|-supereffective|p1a: Umbreon|1\n|-damage|p1a: Umbreon|0 fnt\n|-unboost|p2a: Sneasler|def|1\n|-unboost|p2a: Sneasler|spd|1\n|faint|p1a: Umbreon\n|move|p1b: Pelipper|Weather Ball|p2b: Milotic\n|-resisted|p2b: Milotic|1\n|-damage|p2b: Milotic|83/100\n|\n|-weather|RainDance|[upkeep]\n|-heal|p2b: Milotic|89/100|[from] item: Leftovers\n|-end|p2a: Sneasler|move: Yawn|[silent]\n|-status|p2a: Sneasler|slp\n|-sideend|p2: diaspirateza|move: Tailwind\n|upkeep\n|\n|t:|1776144879\n|switch|p1a: Pinsir|Pinsir-Mega, L50, F|100/100\n|turn|5\n|\n|t:|1776144888\n|switch|p1b: Sneasler|Sneasler, L50, M|76/100\n|move|p1a: Pinsir|Body Slam|p2b: Milotic\n|-crit|p2b: Milotic\n|-damage|p2b: Milotic|0 fnt\n|faint|p2b: Milotic\n|cant|p2a: Sneasler|slp\n|\n|-weather|RainDance|[upkeep]\n|upkeep\n|\n|t:|1776144897\n|switch|p2b: Froslass|Froslass, L50, F|100/100\n|turn|6\n|\n|t:|1776144919\n|detailschange|p2b: Froslass|Froslass-Mega, L50, F\n|-mega|p2b: Froslass|Froslass|Froslassite\n|-weather|Snowscape|[from] ability: Snow Warning|[of] p2b: Froslass\n|move|p2b: Froslass|Protect|p2b: Froslass\n|-singleturn|p2b: Froslass|Protect\n|move|p1b: Sneasler|Fake Out|p2a: Sneasler\n|-damage|p2a: Sneasler|66/100 slp\n|move|p1a: Pinsir|Body Slam|p2b: Froslass\n|-activate|p2b: Froslass|move: Protect\n|cant|p2a: Sneasler|slp\n|\n|-weather|Snowscape|[upkeep]\n|-sideend|p1: 360nodad|move: Tailwind\n|upkeep\n|turn|7\n|\n|t:|1776144941\n|switch|p1b: Pelipper|Pelipper, L50, M|100/100\n|-weather|RainDance|[from] ability: Drizzle|[of] p1b: Pelipper\n|switch|p2b: Talonflame|Talonflame, L50, M|84/100\n|move|p1a: Pinsir|Protect|p1a: Pinsir\n|-singleturn|p1a: Pinsir|Protect\n|-curestatus|p2a: Sneasler|slp|[msg]\n|move|p2a: Sneasler|Dire Claw|p1a: Pinsir\n|-activate|p1a: Pinsir|move: Protect\n|\n|-weather|RainDance|[upkeep]\n|upkeep\n|turn|8\n|\n|t:|1776144968\n|move|p1a: Pinsir|Quick Attack|p2a: Sneasler\n|-supereffective|p2a: Sneasler|1\n|-damage|p2a: Sneasler|0 fnt\n|faint|p2a: Sneasler\n|move|p2b: Talonflame|Tailwind|p2b: Talonflame\n|-sidestart|p2: diaspirateza|move: Tailwind\n|move|p1b: Pelipper|Weather Ball|p2b: Talonflame\n|-supereffective|p2b: Talonflame|1\n|-damage|p2b: Talonflame|0 fnt\n|faint|p2b: Talonflame\n|\n|-weather|RainDance|[upkeep]\n|upkeep\n|\n|t:|1776144976\n|switch|p2b: Froslass|Froslass-Mega, L50, F|100/100\n|-weather|Snowscape|[from] ability: Snow Warning|[of] p2b: Froslass\n|turn|9\n|\n|t:|1776144983\n|move|p1b: Pelipper|Wide Guard|p1b: Pelipper\n|-singleturn|p1b: Pelipper|Wide Guard\n|move|p2b: Froslass|Blizzard|p1b: Pelipper|[spread] \n|-activate|p1a: Pinsir|move: Wide Guard\n|-activate|p1b: Pelipper|move: Wide Guard\n|move|p1a: Pinsir|Body Slam|p2b: Froslass\n|-damage|p2b: Froslass|28/100\n|-status|p2b: Froslass|par\n|\n|-weather|Snowscape|[upkeep]\n|upkeep\n|turn|10\n|\n|t:|1776144995\n|move|p1b: Pelipper|Wide Guard|p1b: Pelipper\n|-singleturn|p1b: Pelipper|Wide Guard\n|move|p2b: Froslass|Shadow Ball|p1a: Pinsir\n|-damage|p1a: Pinsir|52/100\n|move|p1a: Pinsir|Body Slam|p2b: Froslass\n|-damage|p2b: Froslass|0 fnt\n|faint|p2b: Froslass\n|\n|win|360nodad\n|raw|360nodad's rating: 1166 &rarr; <strong>1191</strong><br />(+25 for winning)\n|raw|diaspirateza's rating: 1163 &rarr; <strong>1138</strong><br />(-25 for losing)\n|l|\u2606diaspirateza\n|player|p2|\n",
  "uploadtime": 1776145028,
  "views": 19,
  "formatid": "gen9championsvgc2026regma",
  "rating": 1138,
  "private": 0,
  "password": null
}