{
  "id": "gen9championsvgc2026regma-2586736591",
  "format": "[Gen 9 Champions] VGC 2026 Reg M-A",
  "players": [
    "Pickly_pancake",
    "holdingb"
  ],
  "log": "|j|\u2606Pickly_pancake\n|j|\u2606holdingb\n|t:|1776455914\n|gametype|doubles\n|player|p1|Pickly_pancake|ninjaboy|\n|player|p2|holdingb|266|\n|gen|9\n|tier|[Gen 9 Champions] VGC 2026 Reg M-A\n|rated|Tournament battle\n|rule|Species Clause: Limit one of each Pok\u00e9mon\n|rule|Item Clause: Limit 1 of each item\n|raw|<div class=\"infobox\"><details class=\"readmore\" open><summary><strong>1 custom rule:</strong></summary> Force Open Team Sheets</details></div>\n|clearpoke\n|poke|p1|Froslass, L50, F|\n|poke|p1|Sneasler, L50, F|\n|poke|p1|Incineroar, L50, M|\n|poke|p1|Tinkaton, L50, F|\n|poke|p1|Milotic, L50, M|\n|poke|p1|Aerodactyl, L50, M|\n|poke|p2|Clefable, L50, M|\n|poke|p2|Starmie, L50|\n|poke|p2|Meowstic, L50, M|\n|poke|p2|Sneasler, L50, M|\n|poke|p2|Talonflame, L50, F|\n|poke|p2|Garchomp, L50, F|\n|teampreview|4\n|showteam|p1|Froslass||Froslassite|CursedBody|AuroraVeil,Blizzard,ShadowBall,Protect|||F|||50|]Sneasler||WhiteHerb|Unburden|Protect,DireClaw,CloseCombat,RockTomb|||F|||50|]Incineroar||ChopleBerry|Intimidate|FakeOut,DarkestLariat,FlareBlitz,PartingShot|||M|||50|]Tinkaton||Leftovers|OwnTempo|GigatonHammer,FakeOut,PlayRough,HelpingHand|||F|||50|]Milotic||SitrusBerry|Competitive|IcyWind,LifeDew,Scald,Protect|||M|||50|]Aerodactyl||FocusSash|Pressure|DualWingbeat,RockSlide,Tailwind,PsychicFangs|||M|||50|\n|showteam|p2|Clefable||Clefablite|MagicGuard|Moonblast,PsychUp,StoredPower,Moonlight|||M|||50|]Starmie||Leftovers|Analytic|Scald,CosmicPower,Recover,Minimize||||||50|]Meowstic||ChestoBerry|Prankster|ChargeBeam,PsychUp,Rest,StoredPower|||M|||50|]Sneasler||FocusSash|Unburden|FakeOut,DireClaw,CloseCombat,RockSlide|||M|||50|]Talonflame||SharpBeak|GaleWings|Tailwind,QuickGuard,BraveBird,SunnyDay|||F|||50|]Garchomp||WhiteHerb|RoughSkin|Earthquake,RockSlide,DragonClaw,Protect|||F|||50|\n|inactive|Battle timer is ON: inactive players will automatically lose when time's up. (requested by holdingb)\n|c|\u2606Pickly_pancake|glhf\n|c|\u2606holdingb|u2\n|j| mind goblin games\n|inactive|holdingb has 60 seconds left.\n|\n|t:|1776455964\n|teamsize|p1|4\n|teamsize|p2|4\n|start\n|switch|p1a: Aerodactyl|Aerodactyl, L50, M|100/100\n|switch|p1b: Milotic|Milotic, L50, M|100/100\n|switch|p2a: Talonflame|Talonflame, L50, F|100/100\n|switch|p2b: Garchomp|Garchomp, L50, F|100/100\n|-ability|p1a: Aerodactyl|Pressure\n|turn|1\n|\n|t:|1776455987\n|move|p2a: Talonflame|Tailwind|p2a: Talonflame\n|-sidestart|p2: holdingb|move: Tailwind\n|move|p2b: Garchomp|Rock Slide|p1b: Milotic|[spread] p1a,p1b\n|-supereffective|p1a: Aerodactyl|1\n|-damage|p1a: Aerodactyl|29/100\n|-damage|p1b: Milotic|77/100\n|move|p1a: Aerodactyl|Tailwind|p1a: Aerodactyl\n|-sidestart|p1: Pickly_pancake|move: Tailwind\n|cant|p1b: Milotic|flinch\n|\n|upkeep\n|turn|2\n|inactive|Pickly_pancake has 30 seconds left.\n|\n|t:|1776456019\n|move|p2a: Talonflame|Brave Bird|p1b: Milotic\n|-damage|p1b: Milotic|24/100\n|-enditem|p1b: Milotic|Sitrus Berry|[eat]\n|-heal|p1b: Milotic|49/100|[from] item: Sitrus Berry\n|-damage|p2a: Talonflame|78/100|[from] Recoil\n|move|p1a: Aerodactyl|Rock Slide|p2a: Talonflame|[spread] p2a,p2b\n|-supereffective|p2a: Talonflame|2\n|-resisted|p2b: Garchomp|1\n|-damage|p2a: Talonflame|0 fnt\n|-damage|p2b: Garchomp|87/100\n|faint|p2a: Talonflame\n|move|p2b: Garchomp|Rock Slide|p1b: Milotic|[spread] p1a,p1b\n|-supereffective|p1a: Aerodactyl|1\n|-damage|p1a: Aerodactyl|0 fnt\n|-damage|p1b: Milotic|29/100\n|faint|p1a: Aerodactyl\n|cant|p1b: Milotic|flinch\n|\n|upkeep\n|\n|t:|1776456035\n|switch|p2a: Starmie|Starmie, L50|100/100\n|switch|p1a: Tinkaton|Tinkaton, L50, F|100/100\n|turn|3\n|\n|t:|1776456054\n|move|p1a: Tinkaton|Fake Out|p2a: Starmie\n|-damage|p2a: Starmie|89/100\n|move|p2b: Garchomp|Rock Slide|p1a: Tinkaton|[spread] p1a,p1b\n|-resisted|p1a: Tinkaton|1\n|-damage|p1a: Tinkaton|88/100\n|-damage|p1b: Milotic|9/100\n|cant|p2a: Starmie|flinch\n|move|p1b: Milotic|Icy Wind|p2b: Garchomp|[spread] p2a,p2b\n|-resisted|p2a: Starmie|1\n|-supereffective|p2b: Garchomp|2\n|-damage|p2a: Starmie|83/100\n|-damage|p2b: Garchomp|33/100\n|-unboost|p2a: Starmie|spe|1\n|-unboost|p2b: Garchomp|spe|1\n|-enditem|p2b: Garchomp|White Herb\n|-clearnegativeboost|p2b: Garchomp|[silent]\n|\n|-heal|p1a: Tinkaton|94/100|[from] item: Leftovers\n|-heal|p2a: Starmie|89/100|[from] item: Leftovers\n|upkeep\n|turn|4\n|\n|t:|1776456075\n|move|p2b: Garchomp|Protect|p2b: Garchomp\n|-singleturn|p2b: Garchomp|Protect\n|move|p1b: Milotic|Protect|p1b: Milotic\n|-singleturn|p1b: Milotic|Protect\n|move|p1a: Tinkaton|Play Rough|p2b: Garchomp\n|-activate|p2b: Garchomp|move: Protect\n|move|p2a: Starmie|Minimize|p2a: Starmie\n|-boost|p2a: Starmie|evasion|2\n|\n|-heal|p1a: Tinkaton|99/100|[from] item: Leftovers\n|-heal|p2a: Starmie|95/100|[from] item: Leftovers\n|-sideend|p2: holdingb|move: Tailwind\n|-sideend|p1: Pickly_pancake|move: Tailwind\n|upkeep\n|turn|5\n|\n|t:|1776456096\n|move|p2b: Garchomp|Earthquake|p1a: Tinkaton|[spread] p1a,p1b\n|-miss|p2b: Garchomp|p2a: Starmie\n|-supereffective|p1a: Tinkaton|1\n|-crit|p1a: Tinkaton\n|-damage|p1a: Tinkaton|0 fnt\n|-damage|p1b: Milotic|0 fnt\n|faint|p1a: Tinkaton\n|faint|p1b: Milotic\n|move|p2a: Starmie|Minimize|p2a: Starmie\n|-boost|p2a: Starmie|evasion|2\n|\n|-heal|p2a: Starmie|100/100|[from] item: Leftovers\n|upkeep\n|\n|t:|1776456100\n|switch|p1b: Froslass|Froslass, L50, F|100/100\n|turn|6\n|\n|t:|1776456105\n|detailschange|p1b: Froslass|Froslass-Mega, L50, F\n|-mega|p1b: Froslass|Froslass|Froslassite\n|-weather|Snowscape|[from] ability: Snow Warning|[of] p1b: Froslass\n|move|p2b: Garchomp|Protect|p2b: Garchomp\n|-singleturn|p2b: Garchomp|Protect\n|move|p1b: Froslass|Blizzard|p2a: Starmie|[spread] p2a\n|-activate|p2b: Garchomp|move: Protect\n|-resisted|p2a: Starmie|1\n|-damage|p2a: Starmie|83/100\n|move|p2a: Starmie|Cosmic Power|p2a: Starmie\n|-boost|p2a: Starmie|def|1\n|-boost|p2a: Starmie|spd|1\n|\n|-weather|Snowscape|[upkeep]\n|-heal|p2a: Starmie|89/100|[from] item: Leftovers\n|upkeep\n|turn|7\n|\n|t:|1776456120\n|move|p2b: Garchomp|Protect||[still]\n|-fail|p2b: Garchomp\n|move|p1b: Froslass|Blizzard|p2a: Starmie|[spread] p2a,p2b\n|-resisted|p2a: Starmie|1\n|-supereffective|p2b: Garchomp|2\n|-damage|p2a: Starmie|75/100\n|-damage|p2b: Garchomp|0 fnt\n|faint|p2b: Garchomp\n|move|p2a: Starmie|Cosmic Power|p2a: Starmie\n|-boost|p2a: Starmie|def|1\n|-boost|p2a: Starmie|spd|1\n|\n|-weather|Snowscape|[upkeep]\n|-heal|p2a: Starmie|81/100|[from] item: Leftovers\n|upkeep\n|\n|t:|1776456122\n|switch|p2b: Meowstic|Meowstic, L50, M|100/100\n|turn|8\n|\n|t:|1776456131\n|move|p2b: Meowstic|Psych Up|p2a: Starmie\n|-copyboost|p2b: Meowstic|p2a: Starmie|[from] move: Psych Up\n|move|p1b: Froslass|Blizzard|p2a: Starmie|[spread] p2a,p2b\n|-resisted|p2a: Starmie|1\n|-crit|p2b: Meowstic\n|-damage|p2a: Starmie|70/100\n|-damage|p2b: Meowstic|42/100\n|move|p2a: Starmie|Cosmic Power|p2a: Starmie\n|-boost|p2a: Starmie|def|1\n|-boost|p2a: Starmie|spd|1\n|\n|-weather|Snowscape|[upkeep]\n|-heal|p2a: Starmie|76/100|[from] item: Leftovers\n|upkeep\n|turn|9\n|\n|t:|1776456139\n|move|p1b: Froslass|Blizzard|p2b: Meowstic|[spread] p2a,p2b\n|-resisted|p2a: Starmie|1\n|-damage|p2a: Starmie|69/100\n|-damage|p2b: Meowstic|20/100\n|-status|p2a: Starmie|frz\n|cant|p2a: Starmie|frz\n|move|p2b: Meowstic|Stored Power|p1b: Froslass\n|-damage|p1b: Froslass|45/100\n|\n|-weather|Snowscape|[upkeep]\n|-heal|p2a: Starmie|75/100 frz|[from] item: Leftovers\n|upkeep\n|turn|10\n|\n|t:|1776456147\n|move|p2b: Meowstic|Rest|p2b: Meowstic\n|-status|p2b: Meowstic|slp|[from] move: Rest\n|-heal|p2b: Meowstic|100/100 slp|[silent]\n|-enditem|p2b: Meowstic|Chesto Berry|[eat]\n|-curestatus|p2b: Meowstic|slp|[msg]\n|move|p1b: Froslass|Blizzard|p2b: Meowstic|[spread] p2a,p2b\n|-resisted|p2a: Starmie|1\n|-damage|p2a: Starmie|67/100 frz\n|-damage|p2b: Meowstic|79/100\n|-curestatus|p2a: Starmie|frz|[from] move: Scald\n|move|p2a: Starmie|Scald|p1b: Froslass\n|-damage|p1b: Froslass|5/100\n|\n|-weather|none\n|-heal|p2a: Starmie|73/100|[from] item: Leftovers\n|upkeep\n|turn|11\n|\n|t:|1776456157\n|move|p1b: Froslass|Blizzard|p2a: Starmie|[spread] p2a\n|-miss|p1b: Froslass|p2b: Meowstic\n|-resisted|p2a: Starmie|1\n|-damage|p2a: Starmie|65/100\n|-status|p2a: Starmie|frz\n|-curestatus|p2a: Starmie|frz|[from] move: Scald\n|move|p2a: Starmie|Scald|p1b: Froslass\n|-damage|p1b: Froslass|0 fnt\n|faint|p1b: Froslass\n|\n|win|holdingb\n|n|\u2606Pickly_pancake|picklypancake\n|n|\u2606holdingb|holdingb\n|n| mind goblin games|mindgoblingames\n|l|\u2606Pickly_pancake\n|player|p1|\n",
  "uploadtime": 1776456165,
  "views": 26,
  "formatid": "gen9championsvgc2026regma",
  "rating": null,
  "private": 0,
  "password": null
}