{
  "id": "gen9championsvgc2026regma-2585853244",
  "format": "[Gen 9 Champions] VGC 2026 Reg M-A",
  "players": [
    "campeondelfitness",
    "willhoop"
  ],
  "log": "|j|\u2606campeondelfitness\n|j|\u2606willhoop\n|t:|1776375655\n|gametype|doubles\n|player|p1|campeondelfitness|swimmer|1279\n|player|p2|willhoop|crasherwake|1240\n|gen|9\n|tier|[Gen 9 Champions] VGC 2026 Reg M-A\n|rated|\n|rule|Species Clause: Limit one of each Pok\u00e9mon\n|rule|Item Clause: Limit 1 of each item\n|clearpoke\n|poke|p1|Tyranitar, L50, M|\n|poke|p1|Garchomp, L50, M|\n|poke|p1|Heliolisk, L50, F|\n|poke|p1|Rotom-Heat, L50|\n|poke|p1|Orthworm, L50, M|\n|poke|p1|Aerodactyl, L50, F|\n|poke|p2|Dragapult, L50, M|\n|poke|p2|Aerodactyl, L50, M|\n|poke|p2|Rotom-Wash, L50|\n|poke|p2|Incineroar, L50, M|\n|poke|p2|Floette-Eternal, L50, F|\n|poke|p2|Kingambit, L50, F|\n|teampreview|4\n|inactive|Battle timer is ON: inactive players will automatically lose when time's up. (requested by campeondelfitness)\n|inactive|willhoop has 60 seconds left.\n|\n|t:|1776375699\n|teamsize|p1|4\n|teamsize|p2|4\n|start\n|switch|p1a: Orthworm|Orthworm, L50, M|100/100\n|switch|p1b: Aerodactyl|Aerodactyl, L50, F|100/100\n|switch|p2a: Floette|Floette-Eternal, L50, F|100/100\n|switch|p2b: Rotom|Rotom-Wash, L50|100/100\n|-ability|p1b: Aerodactyl|Unnerve\n|turn|1\n|inactive|campeondelfitness has 30 seconds left.\n|\n|t:|1776375725\n|detailschange|p2a: Floette|Floette-Mega, L50, F\n|-mega|p2a: Floette|Floette|Floettite\n|-ability|p2a: Floette|Fairy Aura\n|move|p2b: Rotom|Electroweb|p1a: Orthworm|[spread] p1a,p1b\n|-supereffective|p1b: Aerodactyl|1\n|-damage|p1a: Orthworm|68/100\n|-damage|p1b: Aerodactyl|39/100\n|-unboost|p1a: Orthworm|spe|1\n|-unboost|p1b: Aerodactyl|spe|1\n|move|p1b: Aerodactyl|Tailwind|p1b: Aerodactyl\n|-sidestart|p1: campeondelfitness|move: Tailwind\n|move|p2a: Floette|Dazzling Gleam|p1a: Orthworm|[spread] p1a,p1b\n|-resisted|p1a: Orthworm|1\n|-damage|p1a: Orthworm|29/100\n|-damage|p1b: Aerodactyl|0 fnt\n|faint|p1b: Aerodactyl\n|move|p1a: Orthworm|Iron Head|p2a: Floette\n|-supereffective|p2a: Floette|1\n|-damage|p2a: Floette|51/100\n|\n|-heal|p1a: Orthworm|36/100|[from] item: Leftovers\n|upkeep\n|\n|t:|1776375745\n|switch|p1b: Garchomp|Garchomp, L50, M|100/100\n|turn|2\n|inactive|campeondelfitness has 30 seconds left.\n|inactive|willhoop has 30 seconds left.\n|inactive|willhoop has 20 seconds left.\n|\n|t:|1776375787\n|switch|p2b: Aerodactyl|Aerodactyl, L50, M|100/100\n|-ability|p2b: Aerodactyl|Unnerve\n|detailschange|p1b: Garchomp|Garchomp-Mega, L50, M\n|-mega|p1b: Garchomp|Garchomp|Garchompite\n|move|p1b: Garchomp|Earthquake|p2b: Aerodactyl|[spread] p2a\n|-heal|p1a: Orthworm|60/100|[from] ability: Earth Eater|[of] p1b: Garchomp\n|-immune|p2b: Aerodactyl\n|-damage|p2a: Floette|2/100\n|move|p2a: Floette|Dazzling Gleam|p1b: Garchomp|[spread] p1a,p1b\n|-resisted|p1a: Orthworm|1\n|-supereffective|p1b: Garchomp|1\n|-damage|p1a: Orthworm|21/100\n|-damage|p1b: Garchomp|0 fnt\n|faint|p1b: Garchomp\n|move|p1a: Orthworm|Iron Defense|p1a: Orthworm\n|-boost|p1a: Orthworm|def|2\n|\n|-heal|p1a: Orthworm|28/100|[from] item: Leftovers\n|upkeep\n|\n|t:|1776375804\n|switch|p1b: Tyranitar|Tyranitar, L50, M|100/100\n|-weather|Sandstorm|[from] ability: Sand Stream|[of] p1b: Tyranitar\n|turn|3\n|\n|t:|1776375813\n|move|p2a: Floette|Protect|p2a: Floette\n|-singleturn|p2a: Floette|Protect\n|move|p2b: Aerodactyl|Tailwind|p2b: Aerodactyl\n|-sidestart|p2: willhoop|move: Tailwind\n|move|p1b: Tyranitar|Icy Wind|p2a: Floette|[spread] p2b\n|-activate|p2a: Floette|move: Protect\n|-supereffective|p2b: Aerodactyl|1\n|-damage|p2b: Aerodactyl|83/100\n|-unboost|p2b: Aerodactyl|spe|1\n|move|p1a: Orthworm|Iron Defense|p1a: Orthworm\n|-boost|p1a: Orthworm|def|2\n|\n|-weather|Sandstorm|[upkeep]\n|-damage|p2a: Floette|0 fnt|[from] Sandstorm\n|faint|p2a: Floette\n|-heal|p1a: Orthworm|34/100|[from] item: Leftovers\n|upkeep\n|\n|t:|1776375820\n|switch|p2a: Rotom|Rotom-Wash, L50|100/100\n|turn|4\n|\n|t:|1776375836\n|switch|p2b: Kingambit|Kingambit, L50, F|100/100\n|move|p2a: Rotom|Hydro Pump|p1a: Orthworm\n|-damage|p1a: Orthworm|0 fnt\n|faint|p1a: Orthworm\n|move|p1b: Tyranitar|Knock Off|p2a: Rotom\n|-damage|p2a: Rotom|41/100\n|-enditem|p2a: Rotom|Choice Scarf|[from] move: Knock Off|[of] p1b: Tyranitar\n|\n|-weather|Sandstorm|[upkeep]\n|-damage|p2a: Rotom|36/100|[from] Sandstorm\n|-sideend|p1: campeondelfitness|move: Tailwind\n|upkeep\n|turn|5\n|-message|campeondelfitness forfeited.\n|\n|win|willhoop\n|raw|campeondelfitness's rating: 1279 &rarr; <strong>1251</strong><br />(-28 for losing)\n|raw|willhoop's rating: 1240 &rarr; <strong>1268</strong><br />(+28 for winning)\n",
  "uploadtime": 1776375854,
  "views": 52,
  "formatid": "gen9championsvgc2026regma",
  "rating": 1251,
  "private": 0,
  "password": null
}