{
  "id": "gen9championsvgc2026regma-2584493284",
  "format": "[Gen 9 Champions] VGC 2026 Reg M-A",
  "players": [
    "vegibore",
    "hex grop"
  ],
  "log": "|j|\u2606vegibore\n|j|\u2606hex grop\n|t:|1776264503\n|gametype|doubles\n|player|p1|vegibore|169|1100\n|player|p2|hex grop|bertha|1101\n|gen|9\n|tier|[Gen 9 Champions] VGC 2026 Reg M-A\n|rated|\n|rule|Species Clause: Limit one of each Pok\u00e9mon\n|rule|Item Clause: Limit 1 of each item\n|clearpoke\n|poke|p1|Charizard, L50, F|\n|poke|p1|Venusaur, L50, M|\n|poke|p1|Incineroar, L50, F|\n|poke|p1|Garchomp, L50, F|\n|poke|p1|Sneasler, L50, M|\n|poke|p1|Whimsicott, L50, F|\n|poke|p2|Corviknight, L50, M|\n|poke|p2|Chimecho, L50, F|\n|poke|p2|Tyranitar, L50, F|\n|poke|p2|Chandelure, L50, F|\n|poke|p2|Goodra-Hisui, L50, F|\n|poke|p2|Primarina, L50, F|\n|teampreview|4\nvegibore has agreed to open team sheets.\n|inactive|Battle timer is ON: inactive players will automatically lose when time's up. (requested by vegibore)\n|inactive|vegibore has 60 seconds left.\n|inactive|hex grop has 60 seconds left.\n|inactive|vegibore has 30 seconds left.\n|inactive|vegibore has 20 seconds left.\n|inactive|vegibore has 15 seconds left.\n|inactive|vegibore has 10 seconds left.\n|\n|t:|1776264591\n|teamsize|p1|4\n|teamsize|p2|4\n|start\n|switch|p1a: Incineroar|Incineroar, L50, F|100/100\n|switch|p1b: Whimsicott|Whimsicott, L50, F|100/100\n|switch|p2a: Chimecho|Chimecho, L50, F|100/100\n|switch|p2b: Corviknight|Corviknight, L50, M|100/100\n|-ability|p1a: Incineroar|Intimidate|boost\n|-unboost|p2a: Chimecho|atk|1\n|-ability|p2b: Corviknight|Mirror Armor\n|-unboost|p1a: Incineroar|atk|1\n|turn|1\n|inactive|hex grop has 30 seconds left.\n|\n|t:|1776264621\n|move|p2a: Chimecho|Protect|p2a: Chimecho\n|-singleturn|p2a: Chimecho|Protect\n|move|p1a: Incineroar|Fake Out|p2b: Corviknight\n|-resisted|p2b: Corviknight|1\n|-damage|p2b: Corviknight|98/100\n|move|p1b: Whimsicott|Tailwind|p1b: Whimsicott\n|-sidestart|p1: vegibore|move: Tailwind\n|cant|p2b: Corviknight|flinch\n|\n|-heal|p2b: Corviknight|100/100|[from] item: Leftovers\n|upkeep\n|turn|2\n|inactive|vegibore has 30 seconds left.\n|\n|t:|1776264648\n|detailschange|p2a: Chimecho|Chimecho-Mega, L50, F\n|-mega|p2a: Chimecho|Chimecho|Chimechite\n|move|p1b: Whimsicott|Encore|p2a: Chimecho\n|-start|p2a: Chimecho|Encore\n|move|p2a: Chimecho|Protect||[still]\n|-fail|p2a: Chimecho\n|move|p1a: Incineroar|Flare Blitz|p2b: Corviknight\n|-supereffective|p2b: Corviknight|1\n|-damage|p2b: Corviknight|50/100\n|-damage|p1a: Incineroar|84/100|[from] Recoil\n|move|p2b: Corviknight|Brave Bird|p1b: Whimsicott\n|-supereffective|p1b: Whimsicott|1\n|-enditem|p1b: Whimsicott|Focus Sash\n|-damage|p1b: Whimsicott|1/100\n|-damage|p2b: Corviknight|28/100|[from] Recoil\n|\n|-heal|p2b: Corviknight|34/100|[from] item: Leftovers\n|upkeep\n|turn|3\n|\n|t:|1776264668\n|switch|p2b: Tyranitar|Tyranitar, L50, F|100/100\n|-weather|Sandstorm|[from] ability: Sand Stream|[of] p2b: Tyranitar\n|switch|p2a: Primarina|Primarina, L50, F|100/100\n|move|p1b: Whimsicott|Protect|p1b: Whimsicott\n|-singleturn|p1b: Whimsicott|Protect\n|move|p1a: Incineroar|Flare Blitz|p2b: Tyranitar\n|-resisted|p2b: Tyranitar|1\n|-damage|p2b: Tyranitar|83/100\n|-damage|p1a: Incineroar|78/100|[from] Recoil\n|\n|-weather|Sandstorm|[upkeep]\n|-damage|p1b: Whimsicott|0 fnt|[from] Sandstorm\n|-damage|p1a: Incineroar|72/100|[from] Sandstorm\n|-damage|p2a: Primarina|95/100|[from] Sandstorm\n|faint|p1b: Whimsicott\n|upkeep\n|\n|t:|1776264684\n|switch|p1b: Sneasler|Sneasler, L50, M|100/100\n|turn|4\n|\n|t:|1776264692\n|move|p2a: Primarina|Protect|p2a: Primarina\n|-singleturn|p2a: Primarina|Protect\n|move|p1b: Sneasler|Fake Out|p2a: Primarina\n|-activate|p2a: Primarina|move: Protect\n|move|p1a: Incineroar|Parting Shot|p2a: Primarina\n|-activate|p2a: Primarina|move: Protect\n|move|p2b: Tyranitar|Earthquake|p1a: Incineroar|[spread] p1a,p1b\n|-activate|p2a: Primarina|move: Protect\n|-supereffective|p1a: Incineroar|1\n|-crit|p1a: Incineroar\n|-supereffective|p1b: Sneasler|1\n|-damage|p1a: Incineroar|0 fnt\n|-damage|p1b: Sneasler|8/100\n|faint|p1a: Incineroar\n|\n|-weather|Sandstorm|[upkeep]\n|-damage|p1b: Sneasler|2/100|[from] Sandstorm\n|-damage|p2a: Primarina|89/100|[from] Sandstorm\n|-sideend|p1: vegibore|move: Tailwind\n|upkeep\n|\n|t:|1776264708\n|switch|p1a: Charizard|Charizard, L50, F|100/100\n|turn|5\n|\n|t:|1776264715\n|detailschange|p1a: Charizard|Charizard-Mega-Y, L50, F\n|-mega|p1a: Charizard|Charizard|Charizardite Y\n|-weather|SunnyDay|[from] ability: Drought|[of] p1a: Charizard\n|move|p1b: Sneasler|Close Combat|p2b: Tyranitar\n|-supereffective|p2b: Tyranitar|2\n|-enditem|p2b: Tyranitar|Chople Berry|[eat]\n|-enditem|p2b: Tyranitar|Chople Berry|[weaken]\n|-damage|p2b: Tyranitar|0 fnt\n|-unboost|p1b: Sneasler|def|1\n|-unboost|p1b: Sneasler|spd|1\n|faint|p2b: Tyranitar\n|-enditem|p1b: Sneasler|White Herb\n|-clearnegativeboost|p1b: Sneasler|[silent]\n|move|p1a: Charizard|Solar Beam||[still]\n|-prepare|p1a: Charizard|Solar Beam\n|-anim|p1a: Charizard|Solar Beam|p2a: Primarina\n|-supereffective|p2a: Primarina|1\n|-damage|p2a: Primarina|4/100\n|move|p2a: Primarina|Hyper Voice|p1a: Charizard|[spread] p1a,p1b\n|-supereffective|p1a: Charizard|1\n|-damage|p1a: Charizard|68/100\n|-damage|p1b: Sneasler|0 fnt\n|faint|p1b: Sneasler\n|\n|-weather|SunnyDay|[upkeep]\n|upkeep\n|\n|t:|1776264736\n|switch|p2b: Corviknight|Corviknight, L50, M|34/100\n|turn|6\n|\n|t:|1776264744\n|move|p1a: Charizard|Heat Wave|p2a: Primarina|[spread] p2a,p2b\n|-resisted|p2a: Primarina|1\n|-supereffective|p2b: Corviknight|1\n|-damage|p2a: Primarina|0 fnt\n|-damage|p2b: Corviknight|0 fnt\n|faint|p2a: Primarina\n|faint|p2b: Corviknight\n|\n|-weather|SunnyDay|[upkeep]\n|upkeep\n|\n|t:|1776264747\n|switch|p2b: Chimecho|Chimecho-Mega, L50, F|100/100\n|turn|7\n|\n|t:|1776264756\n|move|p2b: Chimecho|Protect|p2b: Chimecho\n|-singleturn|p2b: Chimecho|Protect\n|move|p1a: Charizard|Weather Ball|p2b: Chimecho\n|-activate|p2b: Chimecho|move: Protect\n|\n|-weather|SunnyDay|[upkeep]\n|upkeep\n|turn|8\n|c|\u2606hex grop|Gg\n|\n|t:|1776264764\n|move|p2b: Chimecho|Protect|p2b: Chimecho\n|-singleturn|p2b: Chimecho|Protect\n|move|p1a: Charizard|Weather Ball|p2b: Chimecho\n|-activate|p2b: Chimecho|move: Protect\n|\n|-weather|SunnyDay|[upkeep]\n|upkeep\n|turn|9\n|\n|t:|1776264772\n|move|p2b: Chimecho|Protect|p2b: Chimecho\n|-singleturn|p2b: Chimecho|Protect\n|move|p1a: Charizard|Weather Ball|p2b: Chimecho\n|-activate|p2b: Chimecho|move: Protect\n|\n|-weather|none\n|upkeep\n|turn|10\n|c|\u2606vegibore|bruh hahaha\n|\n|t:|1776264779\n|move|p1a: Charizard|Heat Wave|p2b: Chimecho|[miss]\n|-miss|p1a: Charizard|p2b: Chimecho\n|move|p2b: Chimecho|Psychic|p1a: Charizard\n|-damage|p1a: Charizard|15/100\n|\n|upkeep\n|turn|11\n|c|\u2606hex grop|Ahhhha\n|\n|t:|1776264791\n|move|p1a: Charizard|Heat Wave|p2b: Chimecho\n|-supereffective|p2b: Chimecho|1\n|-damage|p2b: Chimecho|11/100\n|move|p2b: Chimecho|Psychic|p1a: Charizard\n|-damage|p1a: Charizard|0 fnt\n|faint|p1a: Charizard\n|\n|win|hex grop\n|raw|vegibore's rating: 1100 &rarr; <strong>1075</strong><br />(-25 for losing)\n|raw|hex grop's rating: 1101 &rarr; <strong>1126</strong><br />(+25 for winning)\n|c|\u2606vegibore|lmaoooo never in my life\n|c|\u2606vegibore|hahah gg\n|c|\u2606hex grop|Gg\n|c|\u2606hex grop|Omg\n|c|\u2606hex grop|u won  tbh\n",
  "uploadtime": 1776264848,
  "views": 22,
  "formatid": "gen9championsvgc2026regma",
  "rating": 1075,
  "private": 0,
  "password": null
}