{
  "id": "gen9championsvgc2026regma-2581271739",
  "format": "[Gen 9 Champions] VGC 2026 Reg M-A",
  "players": [
    "cherry786",
    "Zoenna55"
  ],
  "log": "|j|\u2606cherry786\n|j|\u2606Zoenna55\n|t:|1775979399\n|gametype|doubles\n|player|p1|cherry786|roxie-masters|1266\n|player|p2|Zoenna55|reporter|1285\n|gen|9\n|tier|[Gen 9 Champions] VGC 2026 Reg M-A\n|rated|\n|rule|Species Clause: Limit one of each Pok\u00e9mon\n|rule|Item Clause: Limit 1 of each item\n|clearpoke\n|poke|p1|Alakazam, L50, F|\n|poke|p1|Meowstic, L50, M|\n|poke|p1|Garchomp, L50, F|\n|poke|p1|Orthworm, L50, F|\n|poke|p1|Incineroar, L50, F|\n|poke|p1|Maushold, L50|\n|poke|p2|Floette-Eternal, L50, F|\n|poke|p2|Whimsicott, L50, F|\n|poke|p2|Incineroar, L50, F|\n|poke|p2|Maushold-Four, L50|\n|poke|p2|Pelipper, L50, F|\n|poke|p2|Archaludon, L50, F|\n|teampreview|4\n|inactive|Battle timer is ON: inactive players will automatically lose when time's up. (requested by cherry786)\n|j| botguy\n|inactive|cherry786 has 60 seconds left.\n|inactive|cherry786 has 30 seconds left.\n|inactive|cherry786 has 20 seconds left.\n|inactive|cherry786 has 15 seconds left.\n|inactive|cherry786 has 10 seconds left.\n|\n|t:|1775979483\n|teamsize|p1|4\n|teamsize|p2|4\n|start\n|switch|p1a: Meowstic|Meowstic, L50, M|100/100\n|switch|p1b: Orthworm|Orthworm, L50, F|100/100\n|switch|p2a: Floette|Floette-Eternal, L50, F|100/100\n|switch|p2b: Incineroar|Incineroar, L50, F|100/100\n|-ability|p2b: Incineroar|Intimidate|boost\n|-unboost|p1a: Meowstic|atk|1\n|-unboost|p1b: Orthworm|atk|1\n|turn|1\n|j| gE1xjZRtuhW2DdT0AK\n|inactive|cherry786 has 30 seconds left.\n|\n|t:|1775979515\n|move|p2b: Incineroar|Fake Out|p1b: Orthworm\n|-resisted|p1b: Orthworm|1\n|-damage|p1b: Orthworm|97/100\n|move|p1a: Meowstic|Thunder Wave|p2a: Floette|[miss]\n|-miss|p1a: Meowstic|p2a: Floette\n|move|p2a: Floette|Calm Mind|p2a: Floette\n|-boost|p2a: Floette|spa|1\n|-boost|p2a: Floette|spd|1\n|cant|p1b: Orthworm|flinch\n|\n|upkeep\n|turn|2\n|inactive|Zoenna55 has 30 seconds left.\n|\n|t:|1775979541\n|detailschange|p2a: Floette|Floette-Mega, L50, F\n|-mega|p2a: Floette|Floette|Floettite\n|-ability|p2a: Floette|Fairy Aura\n|move|p2b: Incineroar|Helping Hand|p2a: Floette\n|-singleturn|p2a: Floette|Helping Hand|[of] p2b: Incineroar\n|move|p1a: Meowstic|Light Screen|p1a: Meowstic\n|-sidestart|p1: cherry786|move: Light Screen\n|move|p2a: Floette|Moonblast|p1b: Orthworm\n|-resisted|p1b: Orthworm|1\n|-damage|p1b: Orthworm|15/100\n|-enditem|p1b: Orthworm|Sitrus Berry|[eat]\n|-heal|p1b: Orthworm|39/100|[from] item: Sitrus Berry\n|move|p1b: Orthworm|Shed Tail|p1b: Orthworm\n|-fail|p1b: Orthworm|move: Shed Tail|[weak]\n|\n|upkeep\n|turn|3\n|c|\u2606cherry786|sigh\n|c|\u2606cherry786|twave when u need it\n|inactive|cherry786 has 30 seconds left.\n|inactive|Zoenna55 has 30 seconds left.\n|inactive|Zoenna55 has 20 seconds left.\n|inactive|Zoenna55 has 15 seconds left.\n|inactive|Zoenna55 has 10 seconds left.\n|\n|t:|1775979591\n|move|p2a: Floette|Protect|p2a: Floette\n|-singleturn|p2a: Floette|Protect\n|move|p1a: Meowstic|Psychic Terrain|p1a: Meowstic\n|-fieldstart|move: Psychic Terrain\n|move|p1b: Orthworm|Heavy Slam|p2a: Floette\n|-activate|p2a: Floette|move: Protect\n|move|p2b: Incineroar|Throat Chop|p1a: Meowstic\n|-supereffective|p1a: Meowstic|1\n|-damage|p1a: Meowstic|33/100\n|-start|p1a: Meowstic|Throat Chop|[silent]\n|\n|upkeep\n|turn|4\n|\n|t:|1775979612\n|switch|p2b: Whimsicott|Whimsicott, L50, F|100/100\n|move|p1a: Meowstic|Reflect|p1a: Meowstic\n|-sidestart|p1: cherry786|Reflect\n|move|p2a: Floette|Dazzling Gleam|p1b: Orthworm|[spread] p1a,p1b\n|-resisted|p1b: Orthworm|1\n|-damage|p1a: Meowstic|0 fnt\n|-damage|p1b: Orthworm|7/100\n|faint|p1a: Meowstic\n|move|p1b: Orthworm|Heavy Slam|p2a: Floette\n|-supereffective|p2a: Floette|1\n|-damage|p2a: Floette|55/100\n|\n|upkeep\n|\n|t:|1775979621\n|switch|p1a: Alakazam|Alakazam, L50, F|100/100\n|turn|5\n|\n|t:|1775979643\n|detailschange|p1a: Alakazam|Alakazam-Mega, L50, F\n|-mega|p1a: Alakazam|Alakazam|Alakazite\n|-ability|p1a: Alakazam|Fairy Aura|Trace|[from] ability: Trace|[of] p2a: Floette\n|-ability|p1a: Alakazam|Fairy Aura\n|move|p2b: Whimsicott|Tailwind|p2b: Whimsicott\n|-sidestart|p2: Zoenna55|move: Tailwind\n|move|p2a: Floette|Dazzling Gleam|p1b: Orthworm|[spread] p1a,p1b\n|-resisted|p1b: Orthworm|1\n|-damage|p1a: Alakazam|34/100\n|-damage|p1b: Orthworm|0 fnt\n|faint|p1b: Orthworm\n|move|p1a: Alakazam|Expanding Force|p2a: Floette|[spread] p2a,p2b\n|-damage|p2a: Floette|10/100\n|-damage|p2b: Whimsicott|14/100\n|\n|upkeep\n|\n|t:|1775979655\n|switch|p1b: Incineroar|Incineroar, L50, F|100/100\n|-ability|p1b: Incineroar|Intimidate|boost\n|-unboost|p2a: Floette|atk|1\n|-unboost|p2b: Whimsicott|atk|1\n|turn|6\n|\n|t:|1775979661\n|switch|p2b: Incineroar|Incineroar, L50, F|100/100\n|-ability|p2b: Incineroar|Intimidate|boost\n|-unboost|p1a: Alakazam|atk|1\n|-unboost|p1b: Incineroar|atk|1\n|move|p2a: Floette|Protect|p2a: Floette\n|-singleturn|p2a: Floette|Protect\n|move|p1a: Alakazam|Protect|p1a: Alakazam\n|-singleturn|p1a: Alakazam|Protect\n|move|p1b: Incineroar|Flare Blitz|p2a: Floette\n|-activate|p2a: Floette|move: Protect\n|\n|-sideend|p1: cherry786|move: Light Screen\n|upkeep\n|turn|7\n|c|\u2606cherry786|L twave miss\n|-message|cherry786 forfeited.\n|\n|win|Zoenna55\n|raw|cherry786's rating: 1266 &rarr; <strong>1242</strong><br />(-24 for losing)\n|raw|Zoenna55's rating: 1285 &rarr; <strong>1309</strong><br />(+24 for winning)\n|l|\u2606cherry786\n|player|p1|\n|l| botguy\n",
  "uploadtime": 1775979681,
  "views": 19,
  "formatid": "gen9championsvgc2026regma",
  "rating": 1242,
  "private": 0,
  "password": null
}