{
  "id": "gen9championsvgc2026regma-2584921506",
  "format": "[Gen 9 Champions] VGC 2026 Reg M-A",
  "players": [
    "Magic D Fly",
    "Grimlord"
  ],
  "log": "|j|\u2606Magic D Fly\n|j|\u2606Grimlord\n|t:|1776294728\n|gametype|doubles\n|player|p1|Magic D Fly|palmer|1049\n|player|p2|Grimlord|169|1038\n|gen|9\n|tier|[Gen 9 Champions] VGC 2026 Reg M-A\n|rated|\n|rule|Species Clause: Limit one of each Pok\u00e9mon\n|rule|Item Clause: Limit 1 of each item\n|clearpoke\n|poke|p1|Raichu, L50, F|\n|poke|p1|Manectric, L50, F|\n|poke|p1|Rotom-Frost, L50|\n|poke|p1|Luxray, L50, F|\n|poke|p1|Emolga, L50, M|\n|poke|p1|Bellibolt, L50, M|\n|poke|p2|Jolteon, L50, F|\n|poke|p2|Scovillain, L50, F|\n|poke|p2|Krookodile, L50, M|\n|poke|p2|Whimsicott, L50, F|\n|poke|p2|Sneasler, L50, M|\n|poke|p2|Dragapult, L50, F|\n|teampreview|4\n|inactive|Battle timer is ON: inactive players will automatically lose when time's up. (requested by Magic D Fly)\nMagic D Fly rejected open team sheets.\n|inactive|Magic D Fly has 60 seconds left.\n|inactive|Grimlord has 60 seconds left.\n|\n|t:|1776294767\n|teamsize|p1|4\n|teamsize|p2|4\n|start\n|switch|p1a: Nala|Luxray, L50, F|100/100\n|switch|p1b: Free|Manectric, L50, F, shiny|100/100\n|switch|p2a: Krookodile|Krookodile, L50, M|100/100\n|switch|p2b: Sneasler|Sneasler, L50, M|100/100\n|-ability|p2a: Krookodile|Intimidate|boost\n|-unboost|p1a: Nala|atk|1\n|-unboost|p1b: Free|atk|1\n|-ability|p1a: Nala|Intimidate|boost\n|-unboost|p2a: Krookodile|atk|1\n|-unboost|p2b: Sneasler|atk|1\n|-enditem|p2b: Sneasler|White Herb\n|-clearnegativeboost|p2b: Sneasler|[silent]\n|turn|1\n|\n|t:|1776294789\n|switch|p1a: Fatino|Emolga, L50, M|100/100\n|detailschange|p1b: Free|Manectric-Mega, L50, F, shiny\n|-mega|p1b: Free|Manectric|Manectite\n|-ability|p1b: Free|Intimidate|boost\n|-unboost|p2a: Krookodile|atk|1\n|-unboost|p2b: Sneasler|atk|1\n|move|p1b: Free|Protect|p1b: Free\n|-singleturn|p1b: Free|Protect\n|move|p2b: Sneasler|Fake Out|p1b: Free\n|-activate|p1b: Free|move: Protect\n|move|p2a: Krookodile|High Horsepower|p1a: Fatino\n|-immune|p1a: Fatino\n|\n|upkeep\n|turn|2\n|\n|t:|1776294806\n|switch|p1b: Nala|Luxray, L50, F|100/100\n|-ability|p1b: Nala|Intimidate|boost\n|-unboost|p2a: Krookodile|atk|1\n|-unboost|p2b: Sneasler|atk|1\n|move|p2b: Sneasler|Coaching|p2a: Krookodile\n|-boost|p2a: Krookodile|atk|1\n|-boost|p2a: Krookodile|def|1\n|move|p2a: Krookodile|High Horsepower|p1b: Nala|[miss]\n|-miss|p2a: Krookodile|p1b: Nala\n|move|p1a: Fatino|Dual Wingbeat|p2b: Sneasler\n|-supereffective|p2b: Sneasler|1\n|-damage|p2b: Sneasler|65/100\n|-supereffective|p2b: Sneasler|1\n|-damage|p2b: Sneasler|26/100\n|-hitcount|p2b: Sneasler|2\n|\n|upkeep\n|turn|3\n|inactive|Magic D Fly has 30 seconds left.\n|\n|t:|1776294839\n|move|p2b: Sneasler|Coaching|p2a: Krookodile\n|-boost|p2a: Krookodile|atk|1\n|-boost|p2a: Krookodile|def|1\n|move|p2a: Krookodile|High Horsepower|p1b: Nala\n|-supereffective|p1b: Nala|1\n|-damage|p1b: Nala|23/100\n|-enditem|p1b: Nala|Sitrus Berry|[eat]\n|-heal|p1b: Nala|48/100|[from] item: Sitrus Berry\n|move|p1a: Fatino|Dual Wingbeat|p2b: Sneasler\n|-supereffective|p2b: Sneasler|1\n|-crit|p2b: Sneasler\n|-damage|p2b: Sneasler|0 fnt\n|faint|p2b: Sneasler\n|-hitcount|p2: Sneasler|1\n|move|p1b: Nala|Superpower|p2a: Krookodile\n|-supereffective|p2a: Krookodile|1\n|-damage|p2a: Krookodile|53/100\n|-unboost|p1b: Nala|atk|1\n|-unboost|p1b: Nala|def|1\n|\n|upkeep\n|\n|t:|1776294853\n|switch|p2b: Whimsicott|Whimsicott, L50, F|100/100\n|turn|4\n|\n|t:|1776294862\n|switch|p1b: Tom|Rotom-Frost, L50|100/100\n|move|p2b: Whimsicott|Light Screen|p2b: Whimsicott\n|-sidestart|p2: Grimlord|move: Light Screen\n|move|p2a: Krookodile|High Horsepower|p1b: Tom\n|-immune|p1b: Tom|[from] ability: Levitate\n|move|p1a: Fatino|Dual Wingbeat|p2b: Whimsicott\n|-supereffective|p2b: Whimsicott|1\n|-damage|p2b: Whimsicott|64/100\n|-supereffective|p2b: Whimsicott|1\n|-damage|p2b: Whimsicott|28/100\n|-hitcount|p2b: Whimsicott|2\n|\n|upkeep\n|turn|5\n|\n|t:|1776294881\n|switch|p2a: Scovillain|Scovillain, L50, F|100/100\n|move|p1b: Tom|Blizzard|p2b: Whimsicott|[spread] p2a\n|-miss|p1b: Tom|p2b: Whimsicott\n|-damage|p2a: Scovillain|70/100\n|-status|p2a: Scovillain|frz\n|move|p2b: Whimsicott|Moonblast|p1a: Fatino\n|-damage|p1a: Fatino|28/100\n|-unboost|p1a: Fatino|spa|1\n|move|p1a: Fatino|Dual Wingbeat|p2a: Scovillain\n|-supereffective|p2a: Scovillain|1\n|-damage|p2a: Scovillain|38/100 frz\n|-supereffective|p2a: Scovillain|1\n|-damage|p2a: Scovillain|7/100 frz\n|-hitcount|p2a: Scovillain|2\n|\n|upkeep\n|turn|6\n|\n|t:|1776294905\n|detailschange|p2a: Scovillain|Scovillain-Mega, L50, F\n|-mega|p2a: Scovillain|Scovillain|Scovillainite\n|-curestatus|p2a: Scovillain|frz|[msg]\n|move|p2a: Scovillain|Rage Powder|p2a: Scovillain\n|-singleturn|p2a: Scovillain|move: Rage Powder\n|move|p1b: Tom|Blizzard|p2a: Scovillain|[spread] p2a\n|-miss|p1b: Tom|p2b: Whimsicott\n|-damage|p2a: Scovillain|0 fnt\n|-status|p1b: Tom|brn|[from] ability: Spicy Spray|[of] p2a: Scovillain\n|faint|p2a: Scovillain\n|move|p2b: Whimsicott|Moonblast|p1a: Fatino\n|-damage|p1a: Fatino|0 fnt\n|faint|p1a: Fatino\n|\n|-damage|p1b: Tom|94/100 brn|[from] brn\n|upkeep\n|\n|t:|1776294922\n|switch|p1a: Free|Manectric-Mega, L50, F, shiny|100/100\n|switch|p2a: Krookodile|Krookodile, L50, M|53/100\n|-ability|p2a: Krookodile|Intimidate|boost\n|-unboost|p1a: Free|atk|1\n|-unboost|p1b: Tom|atk|1\n|-ability|p1a: Free|Intimidate|boost\n|-unboost|p2a: Krookodile|atk|1\n|-unboost|p2b: Whimsicott|atk|1\n|turn|7\n|\n|t:|1776294938\n|switch|p1a: Nala|Luxray, L50, F|48/100\n|-ability|p1a: Nala|Intimidate|boost\n|-unboost|p2a: Krookodile|atk|1\n|-unboost|p2b: Whimsicott|atk|1\n|move|p2a: Krookodile|Rock Slide|p1a: Nala|[spread] p1a,p1b\n|-supereffective|p1b: Tom|1\n|-damage|p1a: Nala|37/100\n|-damage|p1b: Tom|67/100 brn\n|cant|p1b: Tom|flinch\n|move|p2b: Whimsicott|Moonblast|p1a: Nala\n|-damage|p1a: Nala|0 fnt\n|faint|p1a: Nala\n|\n|-damage|p1b: Tom|61/100 brn|[from] brn\n|upkeep\n|\n|t:|1776294950\n|switch|p1a: Free|Manectric-Mega, L50, F, shiny|100/100\n|-ability|p1a: Free|Intimidate|boost\n|-unboost|p2a: Krookodile|atk|1\n|-unboost|p2b: Whimsicott|atk|1\n|turn|8\n|\n|t:|1776294961\n|move|p2a: Krookodile|Rock Slide|p1b: Tom|[spread] p1b\n|-miss|p2a: Krookodile|p1a: Free\n|-supereffective|p1b: Tom|1\n|-damage|p1b: Tom|38/100 brn\n|move|p1b: Tom|Blizzard|p2b: Whimsicott|[spread] p2a\n|-miss|p1b: Tom|p2b: Whimsicott\n|-supereffective|p2a: Krookodile|1\n|-damage|p2a: Krookodile|0 fnt\n|faint|p2a: Krookodile\n|move|p1a: Free|Overheat|p2b: Whimsicott\n|-supereffective|p2b: Whimsicott|1\n|-damage|p2b: Whimsicott|0 fnt\n|-unboost|p1a: Free|spa|2\n|faint|p2b: Whimsicott\n|\n|win|Magic D Fly\n|raw|Magic D Fly's rating: 1049 &rarr; <strong>1081</strong><br />(+32 for winning)\n|raw|Grimlord's rating: 1038 &rarr; <strong>1023</strong><br />(-15 for losing)\n|l|\u2606Grimlord\n|player|p2|\n",
  "uploadtime": 1776294978,
  "views": 30,
  "formatid": "gen9championsvgc2026regma",
  "rating": 1023,
  "private": 0,
  "password": null
}