{
  "id": "gen9championsvgc2026regma-2585887908",
  "format": "[Gen 9 Champions] VGC 2026 Reg M-A",
  "players": [
    "briocheboi",
    "ChimechoLover77"
  ],
  "log": "|j|\u2606briocheboi\n|j|\u2606ChimechoLover77\n|t:|1776378594\n|gametype|doubles\n|player|p1|briocheboi|pokemaniac|1090\n|player|p2|ChimechoLover77|miku-psychic|1084\n|gen|9\n|tier|[Gen 9 Champions] VGC 2026 Reg M-A\n|rated|\n|rule|Species Clause: Limit one of each Pok\u00e9mon\n|rule|Item Clause: Limit 1 of each item\n|clearpoke\n|poke|p1|Chandelure, L50, M|\n|poke|p1|Chesnaught, L50, M|\n|poke|p1|Corviknight, L50, F|\n|poke|p1|Rotom-Wash, L50|\n|poke|p1|Torkoal, L50, F|\n|poke|p1|Primarina, L50, F|\n|poke|p2|Manectric, L50, F|\n|poke|p2|Slowbro, L50, F|\n|poke|p2|Chimecho, L50, M|\n|poke|p2|Sneasler, L50, M|\n|poke|p2|Floette-Eternal, L50, F|\n|poke|p2|Raichu, L50, F|\n|teampreview|4\n|c|\u2606ChimechoLover77|Glhf\n|\n|t:|1776378661\n|teamsize|p1|4\n|teamsize|p2|4\n|start\n|switch|p1a: Corviknight|Corviknight, L50, F|100/100\n|switch|p1b: Chandelure|Chandelure, L50, M|100/100\n|switch|p2a: \u26a0\ufe0fPLS NO TIMER\u26a0\ufe0f|Raichu, L50, F|100/100\n|switch|p2b: \ud83d\ude1fPLS NO FORFEIT\ud83d\ude1f|Manectric, L50, F|100/100\n|turn|1\n|\n|t:|1776378706\n|move|p2a: \u26a0\ufe0fPLS NO TIMER\u26a0\ufe0f|Discharge|p1b: Chandelure|[spread] p1a,p1b\n|-ability|p2b: \ud83d\ude1fPLS NO FORFEIT\ud83d\ude1f|Lightning Rod|boost\n|-boost|p2b: \ud83d\ude1fPLS NO FORFEIT\ud83d\ude1f|spa|1\n|-supereffective|p1a: Corviknight|1\n|-damage|p1a: Corviknight|55/100\n|-damage|p1b: Chandelure|72/100\n|-status|p1b: Chandelure|par\n|move|p2b: \ud83d\ude1fPLS NO FORFEIT\ud83d\ude1f|Discharge|p1a: Corviknight|[spread] p1a,p1b\n|-ability|p2a: \u26a0\ufe0fPLS NO TIMER\u26a0\ufe0f|Lightning Rod|boost\n|-boost|p2a: \u26a0\ufe0fPLS NO TIMER\u26a0\ufe0f|spa|1\n|-supereffective|p1a: Corviknight|1\n|-damage|p1a: Corviknight|0 fnt\n|-damage|p1b: Chandelure|22/100 par\n|faint|p1a: Corviknight\n|move|p1b: Chandelure|Heat Wave|p2b: \ud83d\ude1fPLS NO FORFEIT\ud83d\ude1f|[spread] p2a,p2b\n|-crit|p2b: \ud83d\ude1fPLS NO FORFEIT\ud83d\ude1f\n|-damage|p2a: \u26a0\ufe0fPLS NO TIMER\u26a0\ufe0f|33/100\n|-damage|p2b: \ud83d\ude1fPLS NO FORFEIT\ud83d\ude1f|0 fnt\n|faint|p2b: \ud83d\ude1fPLS NO FORFEIT\ud83d\ude1f\n|\n|upkeep\n|\n|t:|1776378726\n|switch|p2b: \ud83c\udfcb\ufe0fNO GIVE UP\ud83c\udfcb\ufe0f|Slowbro, L50, F|100/100\n|switch|p1a: Chesnaught|Chesnaught, L50, M|100/100\n|turn|2\n|\n|t:|1776378758\n|detailschange|p2b: \ud83c\udfcb\ufe0fNO GIVE UP\ud83c\udfcb\ufe0f|Slowbro-Mega, L50, F\n|-mega|p2b: \ud83c\udfcb\ufe0fNO GIVE UP\ud83c\udfcb\ufe0f|Slowbro|Slowbronite\n|move|p1b: Chandelure|Protect|p1b: Chandelure\n|-singleturn|p1b: Chandelure|Protect\n|move|p2a: \u26a0\ufe0fPLS NO TIMER\u26a0\ufe0f|Discharge|p1b: Chandelure|[spread] p2b,p1a\n|-activate|p1b: Chandelure|move: Protect\n|-supereffective|p2b: \ud83c\udfcb\ufe0fNO GIVE UP\ud83c\udfcb\ufe0f|1\n|-resisted|p1a: Chesnaught|1\n|-damage|p2b: \ud83c\udfcb\ufe0fNO GIVE UP\ud83c\udfcb\ufe0f|43/100\n|-damage|p1a: Chesnaught|82/100\n|move|p1a: Chesnaught|Iron Defense|p1a: Chesnaught\n|-boost|p1a: Chesnaught|def|2\n|move|p2b: \ud83c\udfcb\ufe0fNO GIVE UP\ud83c\udfcb\ufe0f|Muddy Water|p1b: Chandelure|[spread] \n|-activate|p1b: Chandelure|move: Protect\n|-miss|p2b: \ud83c\udfcb\ufe0fNO GIVE UP\ud83c\udfcb\ufe0f|p1a: Chesnaught\n|\n|upkeep\n|turn|3\n|\n|t:|1776378811\n|move|p2a: \u26a0\ufe0fPLS NO TIMER\u26a0\ufe0f|Dazzling Gleam|p1a: Chesnaught|[spread] p1a,p1b\n|-supereffective|p1a: Chesnaught|1\n|-resisted|p1b: Chandelure|1\n|-damage|p1a: Chesnaught|31/100\n|-damage|p1b: Chandelure|7/100 par\n|move|p1a: Chesnaught|Seed Bomb|p2b: \ud83c\udfcb\ufe0fNO GIVE UP\ud83c\udfcb\ufe0f\n|-supereffective|p2b: \ud83c\udfcb\ufe0fNO GIVE UP\ud83c\udfcb\ufe0f|1\n|-damage|p2b: \ud83c\udfcb\ufe0fNO GIVE UP\ud83c\udfcb\ufe0f|12/100\n|move|p2b: \ud83c\udfcb\ufe0fNO GIVE UP\ud83c\udfcb\ufe0f|Slack Off|p2b: \ud83c\udfcb\ufe0fNO GIVE UP\ud83c\udfcb\ufe0f\n|-heal|p2b: \ud83c\udfcb\ufe0fNO GIVE UP\ud83c\udfcb\ufe0f|62/100\n|move|p1b: Chandelure|Trick Room|p1b: Chandelure\n|-fieldstart|move: Trick Room|[of] p1b: Chandelure\n|\n|upkeep\n|turn|4\n|\n|t:|1776378841\n|detailschange|p1a: Chesnaught|Chesnaught-Mega, L50, M\n|-mega|p1a: Chesnaught|Chesnaught|Chesnaughtite\n|move|p2b: \ud83c\udfcb\ufe0fNO GIVE UP\ud83c\udfcb\ufe0f|Slack Off|p2b: \ud83c\udfcb\ufe0fNO GIVE UP\ud83c\udfcb\ufe0f\n|-heal|p2b: \ud83c\udfcb\ufe0fNO GIVE UP\ud83c\udfcb\ufe0f|100/100\n|move|p1b: Chandelure|Heat Wave|p2a: \u26a0\ufe0fPLS NO TIMER\u26a0\ufe0f|[spread] p2a,p2b\n|-resisted|p2b: \ud83c\udfcb\ufe0fNO GIVE UP\ud83c\udfcb\ufe0f|1\n|-damage|p2a: \u26a0\ufe0fPLS NO TIMER\u26a0\ufe0f|0 fnt\n|-damage|p2b: \ud83c\udfcb\ufe0fNO GIVE UP\ud83c\udfcb\ufe0f|84/100\n|-status|p2b: \ud83c\udfcb\ufe0fNO GIVE UP\ud83c\udfcb\ufe0f|brn\n|faint|p2a: \u26a0\ufe0fPLS NO TIMER\u26a0\ufe0f\n|move|p1a: Chesnaught|Seed Bomb|p2b: \ud83c\udfcb\ufe0fNO GIVE UP\ud83c\udfcb\ufe0f\n|-supereffective|p2b: \ud83c\udfcb\ufe0fNO GIVE UP\ud83c\udfcb\ufe0f|1\n|-damage|p2b: \ud83c\udfcb\ufe0fNO GIVE UP\ud83c\udfcb\ufe0f|51/100 brn\n|\n|-damage|p2b: \ud83c\udfcb\ufe0fNO GIVE UP\ud83c\udfcb\ufe0f|46/100 brn|[from] brn\n|upkeep\n|\n|t:|1776378851\n|switch|p2a: (\u3065\u1d17 _\u1d17)\u3065\u26f0\ufe0fSisyphus|Chimecho, L50, M, shiny|100/100\n|turn|5\n|\n|t:|1776378870\n|move|p2b: \ud83c\udfcb\ufe0fNO GIVE UP\ud83c\udfcb\ufe0f|Skill Swap|p2a: (\u3065\u1d17 _\u1d17)\u3065\u26f0\ufe0fSisyphus\n|-activate|p2b: \ud83c\udfcb\ufe0fNO GIVE UP\ud83c\udfcb\ufe0f|Skill Swap|||[of] p2a: (\u3065\u1d17 _\u1d17)\u3065\u26f0\ufe0fSisyphus\n|cant|p1b: Chandelure|par\n|move|p1a: Chesnaught|Seed Bomb|p2b: \ud83c\udfcb\ufe0fNO GIVE UP\ud83c\udfcb\ufe0f\n|-supereffective|p2b: \ud83c\udfcb\ufe0fNO GIVE UP\ud83c\udfcb\ufe0f|1\n|-damage|p2b: \ud83c\udfcb\ufe0fNO GIVE UP\ud83c\udfcb\ufe0f|9/100 brn\n|move|p2a: (\u3065\u1d17 _\u1d17)\u3065\u26f0\ufe0fSisyphus|Cosmic Power|p2a: (\u3065\u1d17 _\u1d17)\u3065\u26f0\ufe0fSisyphus\n|-boost|p2a: (\u3065\u1d17 _\u1d17)\u3065\u26f0\ufe0fSisyphus|def|1\n|-boost|p2a: (\u3065\u1d17 _\u1d17)\u3065\u26f0\ufe0fSisyphus|spd|1\n|\n|-damage|p2b: \ud83c\udfcb\ufe0fNO GIVE UP\ud83c\udfcb\ufe0f|3/100 brn|[from] brn\n|upkeep\n|turn|6\n|\n|t:|1776378890\n|cant|p1b: Chandelure|par\n|move|p1a: Chesnaught|Spiky Shield|p1a: Chesnaught\n|-singleturn|p1a: Chesnaught|move: Protect\n|move|p2b: \ud83c\udfcb\ufe0fNO GIVE UP\ud83c\udfcb\ufe0f|Slack Off|p2b: \ud83c\udfcb\ufe0fNO GIVE UP\ud83c\udfcb\ufe0f\n|-heal|p2b: \ud83c\udfcb\ufe0fNO GIVE UP\ud83c\udfcb\ufe0f|53/100 brn\n|move|p2a: (\u3065\u1d17 _\u1d17)\u3065\u26f0\ufe0fSisyphus|Cosmic Power|p2a: (\u3065\u1d17 _\u1d17)\u3065\u26f0\ufe0fSisyphus\n|-boost|p2a: (\u3065\u1d17 _\u1d17)\u3065\u26f0\ufe0fSisyphus|def|1\n|-boost|p2a: (\u3065\u1d17 _\u1d17)\u3065\u26f0\ufe0fSisyphus|spd|1\n|\n|-damage|p2b: \ud83c\udfcb\ufe0fNO GIVE UP\ud83c\udfcb\ufe0f|47/100 brn|[from] brn\n|upkeep\n|turn|7\n|\n|t:|1776378917\n|move|p2b: \ud83c\udfcb\ufe0fNO GIVE UP\ud83c\udfcb\ufe0f|Muddy Water|p1a: Chesnaught|[spread] p1a\n|-miss|p2b: \ud83c\udfcb\ufe0fNO GIVE UP\ud83c\udfcb\ufe0f|p1b: Chandelure\n|-resisted|p1a: Chesnaught|1\n|-damage|p1a: Chesnaught|19/100\n|cant|p1b: Chandelure|par\n|move|p1a: Chesnaught|Seed Bomb|p2b: \ud83c\udfcb\ufe0fNO GIVE UP\ud83c\udfcb\ufe0f\n|-supereffective|p2b: \ud83c\udfcb\ufe0fNO GIVE UP\ud83c\udfcb\ufe0f|1\n|-damage|p2b: \ud83c\udfcb\ufe0fNO GIVE UP\ud83c\udfcb\ufe0f|10/100 brn\n|move|p2a: (\u3065\u1d17 _\u1d17)\u3065\u26f0\ufe0fSisyphus|Cosmic Power|p2a: (\u3065\u1d17 _\u1d17)\u3065\u26f0\ufe0fSisyphus\n|-boost|p2a: (\u3065\u1d17 _\u1d17)\u3065\u26f0\ufe0fSisyphus|def|1\n|-boost|p2a: (\u3065\u1d17 _\u1d17)\u3065\u26f0\ufe0fSisyphus|spd|1\n|\n|-damage|p2b: \ud83c\udfcb\ufe0fNO GIVE UP\ud83c\udfcb\ufe0f|4/100 brn|[from] brn\n|-fieldend|move: Trick Room\n|upkeep\n|turn|8\n|\n|t:|1776378947\n|move|p1a: Chesnaught|Spiky Shield|p1a: Chesnaught\n|-singleturn|p1a: Chesnaught|move: Protect\n|move|p2a: (\u3065\u1d17 _\u1d17)\u3065\u26f0\ufe0fSisyphus|Heal Pulse|p2b: \ud83c\udfcb\ufe0fNO GIVE UP\ud83c\udfcb\ufe0f\n|-heal|p2b: \ud83c\udfcb\ufe0fNO GIVE UP\ud83c\udfcb\ufe0f|54/100 brn\n|cant|p1b: Chandelure|par\n|move|p2b: \ud83c\udfcb\ufe0fNO GIVE UP\ud83c\udfcb\ufe0f|Muddy Water|p1a: Chesnaught|[spread] p1b\n|-activate|p1a: Chesnaught|move: Protect\n|-supereffective|p1b: Chandelure|1\n|-damage|p1b: Chandelure|0 fnt\n|faint|p1b: Chandelure\n|\n|-damage|p2b: \ud83c\udfcb\ufe0fNO GIVE UP\ud83c\udfcb\ufe0f|49/100 brn|[from] brn\n|upkeep\n|c|\u2606briocheboi|chandelure you cant keep choking like this\n|\n|t:|1776378962\n|switch|p1b: Rotom|Rotom-Wash, L50|100/100\n|turn|9\n|c|\u2606ChimechoLover77|lol\n|\n|t:|1776378987\n|move|p1b: Rotom|Thunderbolt|p2b: \ud83c\udfcb\ufe0fNO GIVE UP\ud83c\udfcb\ufe0f\n|-supereffective|p2b: \ud83c\udfcb\ufe0fNO GIVE UP\ud83c\udfcb\ufe0f|1\n|-damage|p2b: \ud83c\udfcb\ufe0fNO GIVE UP\ud83c\udfcb\ufe0f|0 fnt\n|faint|p2b: \ud83c\udfcb\ufe0fNO GIVE UP\ud83c\udfcb\ufe0f\n|move|p2a: (\u3065\u1d17 _\u1d17)\u3065\u26f0\ufe0fSisyphus|Heal Pulse|p2: \ud83c\udfcb\ufe0fNO GIVE UP\ud83c\udfcb\ufe0f|[notarget]\n|-fail|p2a: (\u3065\u1d17 _\u1d17)\u3065\u26f0\ufe0fSisyphus\n|move|p1a: Chesnaught|Seed Bomb|p2a: (\u3065\u1d17 _\u1d17)\u3065\u26f0\ufe0fSisyphus\n|-damage|p2a: (\u3065\u1d17 _\u1d17)\u3065\u26f0\ufe0fSisyphus|88/100\n|\n|upkeep\n|turn|10\n|\n|t:|1776379009\n|move|p1b: Rotom|Thunderbolt|p2a: (\u3065\u1d17 _\u1d17)\u3065\u26f0\ufe0fSisyphus\n|-damage|p2a: (\u3065\u1d17 _\u1d17)\u3065\u26f0\ufe0fSisyphus|65/100\n|move|p2a: (\u3065\u1d17 _\u1d17)\u3065\u26f0\ufe0fSisyphus|Cosmic Power|p2a: (\u3065\u1d17 _\u1d17)\u3065\u26f0\ufe0fSisyphus\n|-boost|p2a: (\u3065\u1d17 _\u1d17)\u3065\u26f0\ufe0fSisyphus|def|1\n|-boost|p2a: (\u3065\u1d17 _\u1d17)\u3065\u26f0\ufe0fSisyphus|spd|1\n|move|p1a: Chesnaught|Body Press|p2a: (\u3065\u1d17 _\u1d17)\u3065\u26f0\ufe0fSisyphus\n|-resisted|p2a: (\u3065\u1d17 _\u1d17)\u3065\u26f0\ufe0fSisyphus|1\n|-damage|p2a: (\u3065\u1d17 _\u1d17)\u3065\u26f0\ufe0fSisyphus|50/100\n|\n|upkeep\n|turn|11\n|\n|t:|1776379024\n|move|p1b: Rotom|Thunderbolt|p2a: (\u3065\u1d17 _\u1d17)\u3065\u26f0\ufe0fSisyphus\n|-damage|p2a: (\u3065\u1d17 _\u1d17)\u3065\u26f0\ufe0fSisyphus|29/100\n|move|p2a: (\u3065\u1d17 _\u1d17)\u3065\u26f0\ufe0fSisyphus|Recover|p2a: (\u3065\u1d17 _\u1d17)\u3065\u26f0\ufe0fSisyphus\n|-heal|p2a: (\u3065\u1d17 _\u1d17)\u3065\u26f0\ufe0fSisyphus|79/100\n|move|p1a: Chesnaught|Body Press|p2a: (\u3065\u1d17 _\u1d17)\u3065\u26f0\ufe0fSisyphus\n|-resisted|p2a: (\u3065\u1d17 _\u1d17)\u3065\u26f0\ufe0fSisyphus|1\n|-damage|p2a: (\u3065\u1d17 _\u1d17)\u3065\u26f0\ufe0fSisyphus|65/100\n|\n|upkeep\n|turn|12\n|\n|t:|1776379051\n|move|p1b: Rotom|Thunderbolt|p2a: (\u3065\u1d17 _\u1d17)\u3065\u26f0\ufe0fSisyphus\n|-damage|p2a: (\u3065\u1d17 _\u1d17)\u3065\u26f0\ufe0fSisyphus|45/100\n|move|p2a: (\u3065\u1d17 _\u1d17)\u3065\u26f0\ufe0fSisyphus|Recover|p2a: (\u3065\u1d17 _\u1d17)\u3065\u26f0\ufe0fSisyphus\n|-heal|p2a: (\u3065\u1d17 _\u1d17)\u3065\u26f0\ufe0fSisyphus|95/100\n|move|p1a: Chesnaught|Iron Defense|p1a: Chesnaught\n|-boost|p1a: Chesnaught|def|2\n|\n|upkeep\n|turn|13\n|\n|t:|1776379071\n|move|p1b: Rotom|Thunderbolt|p2a: (\u3065\u1d17 _\u1d17)\u3065\u26f0\ufe0fSisyphus\n|-damage|p2a: (\u3065\u1d17 _\u1d17)\u3065\u26f0\ufe0fSisyphus|77/100\n|move|p2a: (\u3065\u1d17 _\u1d17)\u3065\u26f0\ufe0fSisyphus|Cosmic Power|p2a: (\u3065\u1d17 _\u1d17)\u3065\u26f0\ufe0fSisyphus\n|-boost|p2a: (\u3065\u1d17 _\u1d17)\u3065\u26f0\ufe0fSisyphus|def|1\n|-boost|p2a: (\u3065\u1d17 _\u1d17)\u3065\u26f0\ufe0fSisyphus|spd|1\n|move|p1a: Chesnaught|Body Press|p2a: (\u3065\u1d17 _\u1d17)\u3065\u26f0\ufe0fSisyphus\n|-resisted|p2a: (\u3065\u1d17 _\u1d17)\u3065\u26f0\ufe0fSisyphus|1\n|-damage|p2a: (\u3065\u1d17 _\u1d17)\u3065\u26f0\ufe0fSisyphus|58/100\n|\n|upkeep\n|turn|14\n|\n|t:|1776379082\n|move|p1b: Rotom|Thunderbolt|p2a: (\u3065\u1d17 _\u1d17)\u3065\u26f0\ufe0fSisyphus\n|-damage|p2a: (\u3065\u1d17 _\u1d17)\u3065\u26f0\ufe0fSisyphus|42/100\n|move|p2a: (\u3065\u1d17 _\u1d17)\u3065\u26f0\ufe0fSisyphus|Cosmic Power|p2a: (\u3065\u1d17 _\u1d17)\u3065\u26f0\ufe0fSisyphus\n|-boost|p2a: (\u3065\u1d17 _\u1d17)\u3065\u26f0\ufe0fSisyphus|def|1\n|-boost|p2a: (\u3065\u1d17 _\u1d17)\u3065\u26f0\ufe0fSisyphus|spd|1\n|move|p1a: Chesnaught|Body Press|p2a: (\u3065\u1d17 _\u1d17)\u3065\u26f0\ufe0fSisyphus\n|-resisted|p2a: (\u3065\u1d17 _\u1d17)\u3065\u26f0\ufe0fSisyphus|1\n|-damage|p2a: (\u3065\u1d17 _\u1d17)\u3065\u26f0\ufe0fSisyphus|24/100\n|\n|upkeep\n|turn|15\n|\n|t:|1776379103\n|move|p1b: Rotom|Thunderbolt|p2a: (\u3065\u1d17 _\u1d17)\u3065\u26f0\ufe0fSisyphus\n|-damage|p2a: (\u3065\u1d17 _\u1d17)\u3065\u26f0\ufe0fSisyphus|9/100\n|move|p2a: (\u3065\u1d17 _\u1d17)\u3065\u26f0\ufe0fSisyphus|Recover|p2a: (\u3065\u1d17 _\u1d17)\u3065\u26f0\ufe0fSisyphus\n|-heal|p2a: (\u3065\u1d17 _\u1d17)\u3065\u26f0\ufe0fSisyphus|59/100\n|move|p1a: Chesnaught|Iron Defense|p1a: Chesnaught\n|-boost|p1a: Chesnaught|def|2\n|\n|upkeep\n|turn|16\n|\n|t:|1776379116\n|move|p1b: Rotom|Thunderbolt|p2a: (\u3065\u1d17 _\u1d17)\u3065\u26f0\ufe0fSisyphus\n|-damage|p2a: (\u3065\u1d17 _\u1d17)\u3065\u26f0\ufe0fSisyphus|45/100\n|move|p2a: (\u3065\u1d17 _\u1d17)\u3065\u26f0\ufe0fSisyphus|Recover|p2a: (\u3065\u1d17 _\u1d17)\u3065\u26f0\ufe0fSisyphus\n|-heal|p2a: (\u3065\u1d17 _\u1d17)\u3065\u26f0\ufe0fSisyphus|95/100\n|move|p1a: Chesnaught|Body Press|p2a: (\u3065\u1d17 _\u1d17)\u3065\u26f0\ufe0fSisyphus\n|-resisted|p2a: (\u3065\u1d17 _\u1d17)\u3065\u26f0\ufe0fSisyphus|1\n|-damage|p2a: (\u3065\u1d17 _\u1d17)\u3065\u26f0\ufe0fSisyphus|74/100\n|\n|upkeep\n|turn|17\n|c|\u2606briocheboi|rotom i am begging you to get the para\n|\n|t:|1776379132\n|move|p1b: Rotom|Thunderbolt|p2a: (\u3065\u1d17 _\u1d17)\u3065\u26f0\ufe0fSisyphus\n|-damage|p2a: (\u3065\u1d17 _\u1d17)\u3065\u26f0\ufe0fSisyphus|60/100\n|move|p2a: (\u3065\u1d17 _\u1d17)\u3065\u26f0\ufe0fSisyphus|Recover|p2a: (\u3065\u1d17 _\u1d17)\u3065\u26f0\ufe0fSisyphus\n|-heal|p2a: (\u3065\u1d17 _\u1d17)\u3065\u26f0\ufe0fSisyphus|100/100\n|move|p1a: Chesnaught|Body Press|p2a: (\u3065\u1d17 _\u1d17)\u3065\u26f0\ufe0fSisyphus\n|-resisted|p2a: (\u3065\u1d17 _\u1d17)\u3065\u26f0\ufe0fSisyphus|1\n|-damage|p2a: (\u3065\u1d17 _\u1d17)\u3065\u26f0\ufe0fSisyphus|77/100\n|\n|upkeep\n|turn|18\n|\n|t:|1776379141\n|move|p1b: Rotom|Thunderbolt|p2a: (\u3065\u1d17 _\u1d17)\u3065\u26f0\ufe0fSisyphus\n|-damage|p2a: (\u3065\u1d17 _\u1d17)\u3065\u26f0\ufe0fSisyphus|61/100\n|move|p2a: (\u3065\u1d17 _\u1d17)\u3065\u26f0\ufe0fSisyphus|Recover|p2a: (\u3065\u1d17 _\u1d17)\u3065\u26f0\ufe0fSisyphus\n|-heal|p2a: (\u3065\u1d17 _\u1d17)\u3065\u26f0\ufe0fSisyphus|100/100\n|move|p1a: Chesnaught|Body Press|p2a: (\u3065\u1d17 _\u1d17)\u3065\u26f0\ufe0fSisyphus\n|-resisted|p2a: (\u3065\u1d17 _\u1d17)\u3065\u26f0\ufe0fSisyphus|1\n|-damage|p2a: (\u3065\u1d17 _\u1d17)\u3065\u26f0\ufe0fSisyphus|77/100\n|\n|upkeep\n|turn|19\n|c|\u2606ChimechoLover77|pls don't forfeit I wanna do something funny\n|\n|t:|1776379152\n|move|p1b: Rotom|Thunderbolt|p2a: (\u3065\u1d17 _\u1d17)\u3065\u26f0\ufe0fSisyphus\n|-damage|p2a: (\u3065\u1d17 _\u1d17)\u3065\u26f0\ufe0fSisyphus|63/100\n|move|p2a: (\u3065\u1d17 _\u1d17)\u3065\u26f0\ufe0fSisyphus|Recover|p2a: (\u3065\u1d17 _\u1d17)\u3065\u26f0\ufe0fSisyphus\n|-heal|p2a: (\u3065\u1d17 _\u1d17)\u3065\u26f0\ufe0fSisyphus|100/100\n|move|p1a: Chesnaught|Body Press|p2a: (\u3065\u1d17 _\u1d17)\u3065\u26f0\ufe0fSisyphus\n|-resisted|p2a: (\u3065\u1d17 _\u1d17)\u3065\u26f0\ufe0fSisyphus|1\n|-damage|p2a: (\u3065\u1d17 _\u1d17)\u3065\u26f0\ufe0fSisyphus|80/100\n|\n|upkeep\n|turn|20\n|\n|t:|1776379163\n|move|p1b: Rotom|Thunderbolt|p2a: (\u3065\u1d17 _\u1d17)\u3065\u26f0\ufe0fSisyphus\n|-damage|p2a: (\u3065\u1d17 _\u1d17)\u3065\u26f0\ufe0fSisyphus|66/100\n|move|p2a: (\u3065\u1d17 _\u1d17)\u3065\u26f0\ufe0fSisyphus|Recover|p2a: (\u3065\u1d17 _\u1d17)\u3065\u26f0\ufe0fSisyphus\n|-heal|p2a: (\u3065\u1d17 _\u1d17)\u3065\u26f0\ufe0fSisyphus|100/100\n|-enditem|p2a: (\u3065\u1d17 _\u1d17)\u3065\u26f0\ufe0fSisyphus|Leppa Berry|[eat]\n|-activate|p2a: (\u3065\u1d17 _\u1d17)\u3065\u26f0\ufe0fSisyphus|item: Leppa Berry|Recover|[consumed]\n|move|p1a: Chesnaught|Body Press|p2a: (\u3065\u1d17 _\u1d17)\u3065\u26f0\ufe0fSisyphus\n|-resisted|p2a: (\u3065\u1d17 _\u1d17)\u3065\u26f0\ufe0fSisyphus|1\n|-damage|p2a: (\u3065\u1d17 _\u1d17)\u3065\u26f0\ufe0fSisyphus|80/100\n|\n|upkeep\n|turn|21\n|c|\u2606briocheboi|i am going to find you\n|\n|t:|1776379184\n|move|p1b: Rotom|Thunderbolt|p2a: (\u3065\u1d17 _\u1d17)\u3065\u26f0\ufe0fSisyphus\n|-damage|p2a: (\u3065\u1d17 _\u1d17)\u3065\u26f0\ufe0fSisyphus|64/100\n|move|p2a: (\u3065\u1d17 _\u1d17)\u3065\u26f0\ufe0fSisyphus|Recycle|p2a: (\u3065\u1d17 _\u1d17)\u3065\u26f0\ufe0fSisyphus\n|-item|p2a: (\u3065\u1d17 _\u1d17)\u3065\u26f0\ufe0fSisyphus|Leppa Berry|[from] move: Recycle\n|move|p1a: Chesnaught|Body Press|p2a: (\u3065\u1d17 _\u1d17)\u3065\u26f0\ufe0fSisyphus\n|-resisted|p2a: (\u3065\u1d17 _\u1d17)\u3065\u26f0\ufe0fSisyphus|1\n|-damage|p2a: (\u3065\u1d17 _\u1d17)\u3065\u26f0\ufe0fSisyphus|40/100\n|\n|upkeep\n|turn|22\n|\n|t:|1776379196\n|move|p1b: Rotom|Thunderbolt|p2a: (\u3065\u1d17 _\u1d17)\u3065\u26f0\ufe0fSisyphus\n|-damage|p2a: (\u3065\u1d17 _\u1d17)\u3065\u26f0\ufe0fSisyphus|25/100\n|move|p2a: (\u3065\u1d17 _\u1d17)\u3065\u26f0\ufe0fSisyphus|Recover|p2a: (\u3065\u1d17 _\u1d17)\u3065\u26f0\ufe0fSisyphus\n|-heal|p2a: (\u3065\u1d17 _\u1d17)\u3065\u26f0\ufe0fSisyphus|75/100\n|move|p1a: Chesnaught|Body Press|p2a: (\u3065\u1d17 _\u1d17)\u3065\u26f0\ufe0fSisyphus\n|-resisted|p2a: (\u3065\u1d17 _\u1d17)\u3065\u26f0\ufe0fSisyphus|1\n|-damage|p2a: (\u3065\u1d17 _\u1d17)\u3065\u26f0\ufe0fSisyphus|51/100\n|\n|upkeep\n|turn|23\n|\n|t:|1776379208\n|move|p1b: Rotom|Thunderbolt|p2a: (\u3065\u1d17 _\u1d17)\u3065\u26f0\ufe0fSisyphus\n|-damage|p2a: (\u3065\u1d17 _\u1d17)\u3065\u26f0\ufe0fSisyphus|37/100\n|-status|p2a: (\u3065\u1d17 _\u1d17)\u3065\u26f0\ufe0fSisyphus|par\n|move|p1a: Chesnaught|Body Press|p2a: (\u3065\u1d17 _\u1d17)\u3065\u26f0\ufe0fSisyphus\n|-resisted|p2a: (\u3065\u1d17 _\u1d17)\u3065\u26f0\ufe0fSisyphus|1\n|-damage|p2a: (\u3065\u1d17 _\u1d17)\u3065\u26f0\ufe0fSisyphus|14/100 par\n|move|p2a: (\u3065\u1d17 _\u1d17)\u3065\u26f0\ufe0fSisyphus|Recover|p2a: (\u3065\u1d17 _\u1d17)\u3065\u26f0\ufe0fSisyphus\n|-heal|p2a: (\u3065\u1d17 _\u1d17)\u3065\u26f0\ufe0fSisyphus|64/100 par\n|\n|upkeep\n|turn|24\n|c|\u2606briocheboi|FINALLY\n|c|\u2606ChimechoLover77|Oooooo\n|\n|t:|1776379223\n|move|p1b: Rotom|Thunderbolt|p2a: (\u3065\u1d17 _\u1d17)\u3065\u26f0\ufe0fSisyphus\n|-damage|p2a: (\u3065\u1d17 _\u1d17)\u3065\u26f0\ufe0fSisyphus|47/100 par\n|move|p1a: Chesnaught|Seed Bomb|p2a: (\u3065\u1d17 _\u1d17)\u3065\u26f0\ufe0fSisyphus\n|-damage|p2a: (\u3065\u1d17 _\u1d17)\u3065\u26f0\ufe0fSisyphus|40/100 par\n|move|p2a: (\u3065\u1d17 _\u1d17)\u3065\u26f0\ufe0fSisyphus|Recover|p2a: (\u3065\u1d17 _\u1d17)\u3065\u26f0\ufe0fSisyphus\n|-heal|p2a: (\u3065\u1d17 _\u1d17)\u3065\u26f0\ufe0fSisyphus|90/100 par\n|\n|upkeep\n|turn|25\n|\n|t:|1776379239\n|move|p1b: Rotom|Hydro Pump|p2a: (\u3065\u1d17 _\u1d17)\u3065\u26f0\ufe0fSisyphus\n|-damage|p2a: (\u3065\u1d17 _\u1d17)\u3065\u26f0\ufe0fSisyphus|76/100 par\n|move|p1a: Chesnaught|Seed Bomb|p2a: (\u3065\u1d17 _\u1d17)\u3065\u26f0\ufe0fSisyphus\n|-damage|p2a: (\u3065\u1d17 _\u1d17)\u3065\u26f0\ufe0fSisyphus|68/100 par\n|move|p2a: (\u3065\u1d17 _\u1d17)\u3065\u26f0\ufe0fSisyphus|Recover|p2a: (\u3065\u1d17 _\u1d17)\u3065\u26f0\ufe0fSisyphus\n|-heal|p2a: (\u3065\u1d17 _\u1d17)\u3065\u26f0\ufe0fSisyphus|100/100 par\n|\n|upkeep\n|turn|26\n|\n|t:|1776379253\n|move|p1b: Rotom|Hydro Pump|p2a: (\u3065\u1d17 _\u1d17)\u3065\u26f0\ufe0fSisyphus|[miss]\n|-miss|p1b: Rotom|p2a: (\u3065\u1d17 _\u1d17)\u3065\u26f0\ufe0fSisyphus\n|move|p1a: Chesnaught|Seed Bomb|p2a: (\u3065\u1d17 _\u1d17)\u3065\u26f0\ufe0fSisyphus\n|-damage|p2a: (\u3065\u1d17 _\u1d17)\u3065\u26f0\ufe0fSisyphus|92/100 par\n|move|p2a: (\u3065\u1d17 _\u1d17)\u3065\u26f0\ufe0fSisyphus|Recover|p2a: (\u3065\u1d17 _\u1d17)\u3065\u26f0\ufe0fSisyphus\n|-heal|p2a: (\u3065\u1d17 _\u1d17)\u3065\u26f0\ufe0fSisyphus|100/100 par\n|\n|upkeep\n|turn|27\n|c|\u2606briocheboi|ok im bored you win\n|c|\u2606ChimechoLover77|D:\n|-message|briocheboi forfeited.\n|\n|win|ChimechoLover77\n|raw|briocheboi's rating: 1090 &rarr; <strong>1066</strong><br />(-24 for losing)\n|raw|ChimechoLover77's rating: 1084 &rarr; <strong>1112</strong><br />(+28 for winning)\n|l|\u2606briocheboi\n|player|p1|\n",
  "uploadtime": 1776379278,
  "views": 18,
  "formatid": "gen9championsvgc2026regma",
  "rating": 1066,
  "private": 0,
  "password": null
}