{
  "id": "gen9championsvgc2026regma-2582799731",
  "format": "[Gen 9 Champions] VGC 2026 Reg M-A",
  "players": [
    "johnscottriley",
    "vegemite360"
  ],
  "log": "|j|\u2606johnscottriley\n|j|\u2606vegemite360\n|t:|1776115035\n|gametype|doubles\n|player|p1|johnscottriley|169|1214\n|player|p2|vegemite360|bugcatcher-gen4dp|1201\n|gen|9\n|tier|[Gen 9 Champions] VGC 2026 Reg M-A\n|rated|\n|rule|Species Clause: Limit one of each Pok\u00e9mon\n|rule|Item Clause: Limit 1 of each item\n|clearpoke\n|poke|p1|Froslass, L50, F|\n|poke|p1|Aerodactyl, L50, F|\n|poke|p1|Sneasler, L50, F|\n|poke|p1|Rotom-Heat, L50|\n|poke|p1|Kingambit, L50, F|\n|poke|p1|Basculegion, L50, M|\n|poke|p2|Crabominable, L50, M|\n|poke|p2|Primarina, L50, F|\n|poke|p2|Armarouge, L50, M|\n|poke|p2|Drampa, L50, M|\n|poke|p2|Sinistcha, L50|\n|poke|p2|Incineroar, L50, F|\n|teampreview|4\n|inactive|Battle timer is ON: inactive players will automatically lose when time's up. (requested by vegemite360)\n|inactive|johnscottriley has 60 seconds left.\n|inactive|vegemite360 has 60 seconds left.\n|\n|t:|1776115087\n|teamsize|p1|4\n|teamsize|p2|4\n|start\n|switch|p1a: Aerodactyl|Aerodactyl, L50, F|100/100\n|switch|p1b: Basculegion|Basculegion, L50, M|100/100\n|switch|p2a: Armarouge|Armarouge, L50, M|100/100\n|switch|p2b: Primarina|Primarina, L50, F|100/100\n|-ability|p1a: Aerodactyl|Unnerve\n|turn|1\n|\n|t:|1776115109\n|move|p2a: Armarouge|Protect|p2a: Armarouge\n|-singleturn|p2a: Armarouge|Protect\n|move|p1a: Aerodactyl|Tailwind|p1a: Aerodactyl\n|-sidestart|p1: johnscottriley|move: Tailwind\n|move|p1b: Basculegion|Wave Crash|p2a: Armarouge\n|-activate|p2a: Armarouge|move: Protect\n|move|p2b: Primarina|Hyper Voice|p1b: Basculegion|[spread] p1a,p1b\n|-supereffective|p1a: Aerodactyl|1\n|-resisted|p1b: Basculegion|1\n|-enditem|p1a: Aerodactyl|Focus Sash\n|-damage|p1a: Aerodactyl|1/100\n|-damage|p1b: Basculegion|80/100\n|\n|upkeep\n|turn|2\n|inactive|johnscottriley has 30 seconds left.\n|\n|t:|1776115141\n|switch|p2a: Drampa|Drampa, L50, M|100/100\n|-ability|p2a: Drampa|Cloud Nine\n|move|p1a: Aerodactyl|Rock Slide|p2b: Primarina|[spread] p2a,p2b\n|-damage|p2a: Drampa|72/100\n|-damage|p2b: Primarina|68/100\n|move|p1b: Basculegion|Wave Crash|p2a: Drampa\n|-resisted|p2a: Drampa|1\n|-damage|p2a: Drampa|26/100\n|-damage|p1b: Basculegion|67/100|[from] Recoil\n|cant|p2b: Primarina|flinch\n|\n|upkeep\n|turn|3\n|inactive|johnscottriley has 30 seconds left.\n|\n|t:|1776115172\n|move|p2b: Primarina|Protect|p2b: Primarina\n|-singleturn|p2b: Primarina|Protect\n|move|p1a: Aerodactyl|Rock Slide|p2b: Primarina|[spread] p2a\n|-activate|p2b: Primarina|move: Protect\n|-damage|p2a: Drampa|0 fnt\n|faint|p2a: Drampa\n|move|p1b: Basculegion|Wave Crash|p2b: Primarina\n|-activate|p2b: Primarina|move: Protect\n|\n|upkeep\n|\n|t:|1776115181\n|switch|p2a: Crabominable|Crabominable, L50, M|100/100\n|turn|4\n|\n|t:|1776115191\n|detailschange|p2a: Crabominable|Crabominable-Mega, L50, M\n|-mega|p2a: Crabominable|Crabominable|Crabominite\n|move|p2a: Crabominable|Mach Punch|p1a: Aerodactyl\n|-damage|p1a: Aerodactyl|0 fnt\n|faint|p1a: Aerodactyl\n|move|p1b: Basculegion|Wave Crash|p2b: Primarina\n|-resisted|p2b: Primarina|1\n|-damage|p2b: Primarina|17/100\n|-damage|p1b: Basculegion|54/100|[from] Recoil\n|move|p2b: Primarina|Moonblast|p1b: Basculegion\n|-damage|p1b: Basculegion|0 fnt\n|faint|p1b: Basculegion\n|\n|-sideend|p1: johnscottriley|move: Tailwind\n|upkeep\n|\n|t:|1776115207\n|switch|p1a: Rotom|Rotom-Heat, L50|100/100\n|switch|p1b: Sneasler|Sneasler, L50, F|100/100\n|turn|5\n|\n|t:|1776115238\n|move|p1b: Sneasler|Close Combat|p2a: Crabominable\n|-supereffective|p2a: Crabominable|1\n|-damage|p2a: Crabominable|14/100\n|-unboost|p1b: Sneasler|def|1\n|-unboost|p1b: Sneasler|spd|1\n|-enditem|p1b: Sneasler|White Herb\n|-clearnegativeboost|p1b: Sneasler|[silent]\n|move|p1a: Rotom|Thunderbolt|p2b: Primarina\n|-supereffective|p2b: Primarina|1\n|-damage|p2b: Primarina|0 fnt\n|faint|p2b: Primarina\n|move|p2a: Crabominable|Drain Punch|p1a: Rotom\n|-damage|p1a: Rotom|37/100\n|-heal|p2a: Crabominable|34/100|[from] drain|[of] p1a: Rotom\n|\n|-heal|p1a: Rotom|43/100|[from] item: Leftovers\n|upkeep\n|\n|t:|1776115246\n|switch|p2b: Armarouge|Armarouge, L50, M|100/100\n|turn|6\n|inactive|johnscottriley has 30 seconds left.\n|\n|t:|1776115273\n|move|p1b: Sneasler|Protect|p1b: Sneasler\n|-singleturn|p1b: Sneasler|Protect\n|move|p2a: Crabominable|Protect|p2a: Crabominable\n|-singleturn|p2a: Crabominable|Protect\n|move|p1a: Rotom|Thunderbolt|p2a: Crabominable\n|-activate|p2a: Crabominable|move: Protect\n|move|p2b: Armarouge|Trick Room|p2b: Armarouge\n|-fieldstart|move: Trick Room|[of] p2b: Armarouge\n|\n|-heal|p1a: Rotom|48/100|[from] item: Leftovers\n|upkeep\n|turn|7\n|inactive|johnscottriley has 30 seconds left.\n|inactive|johnscottriley has 20 seconds left.\n|\n|t:|1776115309\n|move|p2a: Crabominable|Drain Punch|p1a: Rotom\n|-damage|p1a: Rotom|0 fnt\n|-heal|p2a: Crabominable|49/100|[from] drain|[of] p1a: Rotom\n|faint|p1a: Rotom\n|move|p2b: Armarouge|Psyshock|p1b: Sneasler\n|-supereffective|p1b: Sneasler|2\n|-damage|p1b: Sneasler|0 fnt\n|faint|p1b: Sneasler\n|\n|win|vegemite360\n|raw|johnscottriley's rating: 1214 &rarr; <strong>1188</strong><br />(-26 for losing)\n|raw|vegemite360's rating: 1201 &rarr; <strong>1227</strong><br />(+26 for winning)\n|l|\u2606johnscottriley\n|player|p1|\n|c|\u2606vegemite360|:)\n",
  "uploadtime": 1776115325,
  "views": 15,
  "formatid": "gen9championsvgc2026regma",
  "rating": 1188,
  "private": 0,
  "password": null
}