{
  "id": "gen9championsvgc2026regma-2588644728",
  "format": "[Gen 9 Champions] VGC 2026 Reg M-A",
  "players": [
    "Spoofbit",
    "darkshelius"
  ],
  "log": "|j|\u2606Spoofbit\n|j|\u2606darkshelius\n|t:|1776653258\n|gametype|doubles\n|player|p1|Spoofbit|n|1101\n|player|p2|darkshelius|ninjaboy|1161\n|gen|9\n|tier|[Gen 9 Champions] VGC 2026 Reg M-A\n|rated|\n|rule|Species Clause: Limit one of each Pok\u00e9mon\n|rule|Item Clause: Limit 1 of each item\n|clearpoke\n|poke|p1|Serperior, L50, F, shiny|\n|poke|p1|Primarina, L50, F|\n|poke|p1|Rotom-Wash, L50|\n|poke|p1|Golurk, L50, shiny|\n|poke|p1|Slowking-Galar, L50, F|\n|poke|p1|Armarouge, L50, F, shiny|\n|poke|p2|Blastoise, L50, F|\n|poke|p2|Sinistcha, L50|\n|poke|p2|Basculegion, L50, M, shiny|\n|poke|p2|Farigiraf, L50, F, shiny|\n|poke|p2|Sneasler, L50, F, shiny|\n|poke|p2|Kingambit, L50, M, shiny|\n|teampreview|4\n|inactive|Battle timer is ON: inactive players will automatically lose when time's up. (requested by Spoofbit)\n|inactive|darkshelius also wants the timer to be on.\n|inactive|Spoofbit has 60 seconds left.\n|inactive|darkshelius has 60 seconds left.\n|inactive|darkshelius has 30 seconds left.\n|inactive|darkshelius has 20 seconds left.\n|\n|t:|1776653333\n|teamsize|p1|4\n|teamsize|p2|4\n|start\n|switch|p1a: Serperior|Serperior, L50, F, shiny|100/100\n|switch|p1b: Slowking|Slowking-Galar, L50, F|100/100\n|switch|p2a: Blastoise|Blastoise, L50, F|100/100\n|switch|p2b: Farigiraf|Farigiraf, L50, F, shiny|100/100\n|turn|1\n|inactive|Spoofbit has 30 seconds left.\n|\n|t:|1776653365\n|detailschange|p2a: Blastoise|Blastoise-Mega, L50, F\n|-mega|p2a: Blastoise|Blastoise|Blastoisinite\n|move|p2a: Blastoise|Fake Out|p1a: Serperior\n|-damage|p1a: Serperior|89/100\n|cant|p1a: Serperior|flinch\n|move|p1b: Slowking|Sludge Bomb|p2a: Blastoise\n|-damage|p2a: Blastoise|63/100\n|move|p2b: Farigiraf|Trick Room|p2b: Farigiraf\n|-fieldstart|move: Trick Room|[of] p2b: Farigiraf\n|\n|upkeep\n|turn|2\n|inactive|Spoofbit has 30 seconds left.\n|inactive|Spoofbit has 20 seconds left.\n|inactive|Spoofbit has 15 seconds left.\n|\n|t:|1776653407\n|move|p1b: Slowking|Psychic Terrain|p1b: Slowking\n|-fieldstart|move: Psychic Terrain\n|move|p2b: Farigiraf|Light Screen|p2b: Farigiraf\n|-sidestart|p2: darkshelius|move: Light Screen\n|move|p2a: Blastoise|Dark Pulse|p1b: Slowking\n|-supereffective|p1b: Slowking|1\n|-damage|p1b: Slowking|26/100\n|move|p1a: Serperior|Leaf Storm|p2a: Blastoise\n|-supereffective|p2a: Blastoise|1\n|-damage|p2a: Blastoise|4/100\n|-boost|p1a: Serperior|spa|2\n|\n|upkeep\n|turn|3\n|inactive|Spoofbit has 30 seconds left.\n|inactive|darkshelius has 30 seconds left.\n|\n|t:|1776653438\n|move|p1b: Slowking|Expanding Force|p2b: Farigiraf|[spread] p2a,p2b\n|-resisted|p2b: Farigiraf|1\n|-damage|p2a: Blastoise|0 fnt\n|-damage|p2b: Farigiraf|82/100\n|faint|p2a: Blastoise\n|move|p2b: Farigiraf|Psychic|p1a: Serperior\n|-crit|p1a: Serperior\n|-damage|p1a: Serperior|0 fnt\n|faint|p1a: Serperior\n|\n|upkeep\n|\n|t:|1776653459\n|switch|p2a: Sneasler|Sneasler, L50, F, shiny|100/100\n|switch|p1a: Golurk|Golurk, L50, shiny|100/100\n|turn|4\n|inactive|Spoofbit has 30 seconds left.\n|inactive|Spoofbit has 20 seconds left.\n|inactive|Spoofbit has 15 seconds left.\n|\n|t:|1776653503\n|detailschange|p1a: Golurk|Golurk-Mega, L50, shiny\n|-mega|p1a: Golurk|Golurk|Golurkite\n|move|p2a: Sneasler|Protect|p2a: Sneasler\n|-singleturn|p2a: Sneasler|Protect\n|move|p1b: Slowking|Expanding Force|p2b: Farigiraf|[spread] p2b\n|-activate|p2a: Sneasler|move: Protect\n|-resisted|p2b: Farigiraf|1\n|-damage|p2b: Farigiraf|62/100\n|move|p1a: Golurk|High Horsepower|p2b: Farigiraf\n|-damage|p2b: Farigiraf|0 fnt\n|faint|p2b: Farigiraf\n|\n|upkeep\n|\n|t:|1776653514\n|switch|p2b: Basculegion|Basculegion, L50, M, shiny|100/100\n|turn|5\n|inactive|Spoofbit has 30 seconds left.\n|\n|t:|1776653545\n|move|p1b: Slowking|Expanding Force|p2b: Basculegion|[spread] p2a,p2b\n|-supereffective|p2a: Sneasler|2\n|-crit|p2a: Sneasler\n|-enditem|p2a: Sneasler|Focus Sash\n|-damage|p2a: Sneasler|1/100\n|-damage|p2b: Basculegion|62/100\n|move|p1a: Golurk|Poltergeist|p2b: Basculegion\n|-activate|p2b: Basculegion|move: Poltergeist|Sitrus Berry\n|-supereffective|p2b: Basculegion|1\n|-damage|p2b: Basculegion|0 fnt\n|faint|p2b: Basculegion\n|move|p2a: Sneasler|Rock Slide|p1a: Golurk|[spread] p1a\n|-miss|p2a: Sneasler|p1b: Slowking\n|-resisted|p1a: Golurk|1\n|-damage|p1a: Golurk|92/100\n|\n|-fieldend|move: Trick Room\n|upkeep\n|turn|6\n|c|\u2606darkshelius|GG\n|-message|darkshelius forfeited.\n|\n|win|Spoofbit\n|raw|Spoofbit's rating: 1101 &rarr; <strong>1130</strong><br />(+29 for winning)\n|raw|darkshelius's rating: 1161 &rarr; <strong>1132</strong><br />(-29 for losing)\n|l|\u2606darkshelius\n|player|p2|\n",
  "uploadtime": 1776653658,
  "views": 9,
  "formatid": "gen9championsvgc2026regma",
  "rating": 1130,
  "private": 0,
  "password": null
}