{
  "id": "gen9championsvgc2026regma-2581303624",
  "format": "[Gen 9 Champions] VGC 2026 Reg M-A",
  "players": [
    "ohko_muk",
    "z123z"
  ],
  "log": "|j|\u2606ohko_muk\n|j|\u2606z123z\n|t:|1775983898\n|gametype|doubles\n|player|p1|ohko_muk|gambler|1252\n|player|p2|z123z|102|1301\n|gen|9\n|tier|[Gen 9 Champions] VGC 2026 Reg M-A\n|rated|\n|rule|Species Clause: Limit one of each Pok\u00e9mon\n|rule|Item Clause: Limit 1 of each item\n|clearpoke\n|poke|p1|Farigiraf, L50, F|\n|poke|p1|Blastoise, L50, M|\n|poke|p1|Ninetales-Alola, L50, F|\n|poke|p1|Sinistcha, L50|\n|poke|p1|Raichu, L50, F|\n|poke|p1|Garchomp, L50, M|\n|poke|p2|Farigiraf, L50, F|\n|poke|p2|Incineroar, L50, M|\n|poke|p2|Drampa, L50, M|\n|poke|p2|Kingambit, L50, F|\n|poke|p2|Froslass, L50, F|\n|poke|p2|Basculegion-F, L50, F|\n|teampreview|4\n|inactive|Battle timer is ON: inactive players will automatically lose when time's up. (requested by z123z)\n|j| gE1xjZRtuhW2DdT0AK\n|inactive|ohko_muk has 60 seconds left.\n|inactive|ohko_muk has 30 seconds left.\nz123z rejected open team sheets.\n|\n|t:|1775983967\n|teamsize|p1|4\n|teamsize|p2|4\n|start\n|switch|p1a: Farigiraf|Farigiraf, L50, F|100/100\n|switch|p1b: Blastoise|Blastoise, L50, M|100/100\n|switch|p2a: Farigiraf|Farigiraf, L50, F|100/100\n|switch|p2b: Incineroar|Incineroar, L50, M|100/100\n|-ability|p2b: Incineroar|Intimidate|boost\n|-unboost|p1a: Farigiraf|atk|1\n|-unboost|p1b: Blastoise|atk|1\n|turn|1\n|\n|t:|1775983985\n|switch|p2b: Drampa|Drampa, L50, M|100/100\n|detailschange|p1b: Blastoise|Blastoise-Mega, L50, M\n|-mega|p1b: Blastoise|Blastoise|Blastoisinite\n|move|p1a: Farigiraf|Helping Hand|p1b: Blastoise\n|-singleturn|p1b: Blastoise|Helping Hand|[of] p1a: Farigiraf\n|move|p1b: Blastoise|Water Spout|p2a: Farigiraf|[spread] p2a,p2b\n|-resisted|p2b: Drampa|1\n|-damage|p2a: Farigiraf|14/100\n|-damage|p2b: Drampa|50/100\n|-ability|p2b: Drampa|Berserk|boost\n|-boost|p2b: Drampa|spa|1\n|move|p2a: Farigiraf|Trick Room|p2a: Farigiraf\n|-fieldstart|move: Trick Room|[of] p2a: Farigiraf\n|\n|upkeep\n|turn|2\n|\n|t:|1775984006\n|detailschange|p2b: Drampa|Drampa-Mega, L50, M\n|-mega|p2b: Drampa|Drampa|Drampanite\n|move|p2b: Drampa|Hyper Voice|p1b: Blastoise|[spread] p1a,p1b\n|-damage|p1a: Farigiraf|27/100\n|-damage|p1b: Blastoise|40/100\n|-enditem|p1a: Farigiraf|Sitrus Berry|[eat]\n|-heal|p1a: Farigiraf|51/100|[from] item: Sitrus Berry\n|move|p2a: Farigiraf|Psyshock|p1b: Blastoise\n|-damage|p1b: Blastoise|9/100\n|move|p1a: Farigiraf|Hyper Voice|p2b: Drampa|[spread] p2a,p2b\n|-damage|p2a: Farigiraf|0 fnt\n|-damage|p2b: Drampa|27/100\n|faint|p2a: Farigiraf\n|move|p1b: Blastoise|Muddy Water|p2b: Drampa\n|-resisted|p2b: Drampa|1\n|-damage|p2b: Drampa|6/100\n|-unboost|p2b: Drampa|accuracy|1\n|\n|upkeep\n|\n|t:|1775984011\n|switch|p2a: Kingambit|Kingambit, L50, F|100/100\n|turn|3\n|\n|t:|1775984035\n|move|p2b: Drampa|Hyper Voice|p1a: Farigiraf|[spread] p1a,p1b\n|-damage|p1a: Farigiraf|0 fnt\n|-damage|p1b: Blastoise|0 fnt\n|faint|p1a: Farigiraf\n|faint|p1b: Blastoise\n|move|p2a: Kingambit|Kowtow Cleave|p1: Farigiraf|[notarget]\n|-fail|p2a: Kingambit\n|\n|upkeep\n|\n|t:|1775984038\n|switch|p1a: Sinistcha|Sinistcha, L50|100/100\n|switch|p1b: Raichu|Raichu, L50, F|100/100\n|turn|4\n|\n|t:|1775984059\n|move|p1b: Raichu|Fake Out|p2b: Drampa\n|-damage|p2b: Drampa|0 fnt\n|faint|p2b: Drampa\n|move|p2a: Kingambit|Kowtow Cleave|p1a: Sinistcha\n|-supereffective|p1a: Sinistcha|1\n|-damage|p1a: Sinistcha|13/100\n|move|p1a: Sinistcha|Matcha Gotcha|p2a: Kingambit\n|-resisted|p2a: Kingambit|1\n|-damage|p2a: Kingambit|86/100\n|-heal|p1a: Sinistcha|21/100|[from] drain|[of] p2a: Kingambit\n|\n|-heal|p1a: Sinistcha|27/100|[from] item: Leftovers\n|upkeep\n|\n|t:|1775984061\n|switch|p2b: Incineroar|Incineroar, L50, M|100/100\n|-ability|p2b: Incineroar|Intimidate|boost\n|-unboost|p1a: Sinistcha|atk|1\n|-unboost|p1b: Raichu|atk|1\n|turn|5\n|\n|t:|1775984073\n|move|p2b: Incineroar|Fake Out|p1b: Raichu\n|-damage|p1b: Raichu|72/100\n|move|p2a: Kingambit|Kowtow Cleave|p1a: Sinistcha\n|-supereffective|p1a: Sinistcha|1\n|-damage|p1a: Sinistcha|0 fnt\n|faint|p1a: Sinistcha\n|cant|p1b: Raichu|flinch\n|\n|-fieldend|move: Trick Room\n|upkeep\n|turn|6\n|-message|ohko_muk forfeited.\n|\n|win|z123z\n|raw|ohko_muk's rating: 1252 &rarr; <strong>1231</strong><br />(-21 for losing)\n|raw|z123z's rating: 1301 &rarr; <strong>1318</strong><br />(+17 for winning)\n|l|\u2606ohko_muk\n|player|p1|\n",
  "uploadtime": 1775984086,
  "views": 28,
  "formatid": "gen9championsvgc2026regma",
  "rating": 1231,
  "private": 0,
  "password": null
}