{
  "id": "gen9championsvgc2026regma-2580559482",
  "format": "[Gen 9 Champions] VGC 2026 Reg M-A",
  "players": [
    "Alaskan_fisher",
    "maik2020"
  ],
  "log": "|j|\u2606Alaskan_fisher\n|j|\u2606maik2020\n|t:|1775912820\n|gametype|doubles\n|player|p1|Alaskan_fisher|1|1140\n|player|p2|maik2020|265|1167\n|gen|9\n|tier|[Gen 9 Champions] VGC 2026 Reg M-A\n|rated|\n|rule|Species Clause: Limit one of each Pok\u00e9mon\n|rule|Item Clause: Limit 1 of each item\n|clearpoke\n|poke|p1|Charizard, L50, F|\n|poke|p1|Garchomp, L50, M|\n|poke|p1|Incineroar, L50, M|\n|poke|p1|Whimsicott, L50, F|\n|poke|p1|Rotom-Wash, L50|\n|poke|p1|Sneasler, L50, F|\n|poke|p2|Pelipper, L50, F|\n|poke|p2|Basculegion, L50, M|\n|poke|p2|Scizor, L50, F|\n|poke|p2|Sylveon, L50, F|\n|poke|p2|Sinistcha-Masterpiece, L50|\n|poke|p2|Sneasler, L50, F|\n|teampreview|4\n|inactive|Battle timer is ON: inactive players will automatically lose when time's up. (requested by maik2020)\n|inactive|Alaskan_fisher has 60 seconds left.\n|\n|t:|1775912868\n|teamsize|p1|4\n|teamsize|p2|4\n|start\n|switch|p1a: Charizard|Charizard, L50, F|100/100\n|switch|p1b: Garchomp|Garchomp, L50, M|100/100\n|switch|p2a: Basculegion|Basculegion, L50, M|100/100\n|switch|p2b: Sneasler|Sneasler, L50, F|100/100\n|turn|1\n|\n|t:|1775912888\n|move|p1a: Charizard|Protect|p1a: Charizard\n|-singleturn|p1a: Charizard|Protect\n|move|p2b: Sneasler|Fake Out|p1b: Garchomp\n|-damage|p1b: Garchomp|85/100\n|-damage|p2b: Sneasler|88/100|[from] ability: Rough Skin|[of] p1b: Garchomp\n|cant|p1b: Garchomp|flinch\n|move|p2a: Basculegion|Wave Crash|p1a: Charizard\n|-activate|p1a: Charizard|move: Protect\n|\n|upkeep\n|turn|2\n|\n|t:|1775912906\n|switch|p1a: Rotom|Rotom-Wash, L50|100/100\n|move|p1b: Garchomp|Bulldoze|p2b: Sneasler|[spread] p2a,p2b\n|-immune|p1a: Rotom|[from] ability: Levitate\n|-supereffective|p2b: Sneasler|1\n|-damage|p2a: Basculegion|68/100\n|-damage|p2b: Sneasler|15/100\n|-unboost|p2a: Basculegion|spe|1\n|-unboost|p2b: Sneasler|spe|1\n|-enditem|p2b: Sneasler|White Herb\n|-clearnegativeboost|p2b: Sneasler|[silent]\n|move|p2b: Sneasler|Close Combat|p1b: Garchomp\n|-damage|p1b: Garchomp|16/100\n|-unboost|p2b: Sneasler|def|1\n|-unboost|p2b: Sneasler|spd|1\n|-damage|p2b: Sneasler|2/100|[from] ability: Rough Skin|[of] p1b: Garchomp\n|move|p2a: Basculegion|Wave Crash|p1a: Rotom\n|-resisted|p1a: Rotom|1\n|-damage|p1a: Rotom|51/100\n|-damage|p2a: Basculegion|56/100|[from] Recoil\n|\n|-heal|p1a: Rotom|57/100|[from] item: Leftovers\n|upkeep\n|turn|3\n|\n|t:|1775912928\n|switch|p2a: Pelipper|Pelipper, L50, F|100/100\n|-weather|RainDance|[from] ability: Drizzle|[of] p2a: Pelipper\n|move|p2b: Sneasler|Close Combat|p1a: Rotom\n|-damage|p1a: Rotom|0 fnt\n|-unboost|p2b: Sneasler|def|1\n|-unboost|p2b: Sneasler|spd|1\n|faint|p1a: Rotom\n|move|p1b: Garchomp|Bulldoze|p2a: Pelipper|[spread] p2b\n|-immune|p2a: Pelipper\n|-supereffective|p2b: Sneasler|1\n|-damage|p2b: Sneasler|0 fnt\n|faint|p2b: Sneasler\n|\n|-weather|RainDance|[upkeep]\n|upkeep\n|\n|t:|1775912941\n|switch|p2b: Sylveon|Sylveon, L50, F|100/100\n|switch|p1a: Charizard|Charizard, L50, F|100/100\n|turn|4\n|inactive|Alaskan_fisher has 30 seconds left.\n|inactive|Alaskan_fisher has 20 seconds left.\n|inactive|Alaskan_fisher has 15 seconds left.\n|\n|t:|1775912983\n|switch|p2a: Basculegion|Basculegion, L50, M|56/100\n|detailschange|p1a: Charizard|Charizard-Mega-Y, L50, F\n|-mega|p1a: Charizard|Charizard|Charizardite Y\n|-weather|SunnyDay|[from] ability: Drought|[of] p1a: Charizard\n|move|p1b: Garchomp|Bulldoze|p2b: Sylveon|[spread] p2a,p2b\n|-immune|p1a: Charizard\n|-damage|p2a: Basculegion|24/100\n|-damage|p2b: Sylveon|74/100\n|-unboost|p2a: Basculegion|spe|1\n|-unboost|p2b: Sylveon|spe|1\n|move|p1a: Charizard|Solar Beam||[still]\n|-prepare|p1a: Charizard|Solar Beam\n|-anim|p1a: Charizard|Solar Beam|p2a: Basculegion\n|-supereffective|p2a: Basculegion|1\n|-damage|p2a: Basculegion|0 fnt\n|faint|p2a: Basculegion\n|move|p2b: Sylveon|Hyper Voice|p1a: Charizard|[spread] p1a,p1b\n|-resisted|p1a: Charizard|1\n|-supereffective|p1b: Garchomp|1\n|-damage|p1a: Charizard|82/100\n|-damage|p1b: Garchomp|0 fnt\n|faint|p1b: Garchomp\n|\n|-weather|SunnyDay|[upkeep]\n|-heal|p2b: Sylveon|80/100|[from] item: Leftovers\n|upkeep\n|\n|t:|1775913006\n|switch|p1b: Sneasler|Sneasler, L50, F|100/100\n|switch|p2a: Pelipper|Pelipper, L50, F|100/100\n|-weather|RainDance|[from] ability: Drizzle|[of] p2a: Pelipper\n|turn|5\n|\n|t:|1775913025\n|move|p2b: Sylveon|Protect|p2b: Sylveon\n|-singleturn|p2b: Sylveon|Protect\n|move|p1b: Sneasler|Fake Out|p2a: Pelipper\n|-damage|p2a: Pelipper|79/100\n|move|p1a: Charizard|Weather Ball|p2b: Sylveon\n|-activate|p2b: Sylveon|move: Protect\n|cant|p2a: Pelipper|flinch\n|\n|-weather|RainDance|[upkeep]\n|-heal|p2b: Sylveon|86/100|[from] item: Leftovers\n|upkeep\n|turn|6\n|\n|t:|1775913039\n|move|p1b: Sneasler|Dire Claw|p2a: Pelipper\n|-damage|p2a: Pelipper|20/100\n|-status|p2a: Pelipper|slp\n|move|p1a: Charizard|Weather Ball|p2b: Sylveon\n|-damage|p2b: Sylveon|37/100\n|cant|p2a: Pelipper|slp\n|move|p2b: Sylveon|Hyper Voice|p1a: Charizard|[spread] p1a,p1b\n|-resisted|p1a: Charizard|1\n|-damage|p1a: Charizard|62/100\n|-damage|p1b: Sneasler|51/100\n|\n|-weather|RainDance|[upkeep]\n|-heal|p2b: Sylveon|43/100|[from] item: Leftovers\n|upkeep\n|turn|7\n|c|\u2606Alaskan_fisher|sorry\n|c|\u2606maik2020|No problema\n|inactive|Alaskan_fisher has 30 seconds left.\n|\n|t:|1775913066\n|move|p2b: Sylveon|Protect|p2b: Sylveon\n|-singleturn|p2b: Sylveon|Protect\n|move|p1b: Sneasler|Dire Claw|p2b: Sylveon\n|-activate|p2b: Sylveon|move: Protect\n|move|p1a: Charizard|Weather Ball|p2a: Pelipper\n|-resisted|p2a: Pelipper|1\n|-damage|p2a: Pelipper|0 fnt\n|faint|p2a: Pelipper\n|\n|-weather|RainDance|[upkeep]\n|-heal|p2b: Sylveon|49/100|[from] item: Leftovers\n|upkeep\n|turn|8\n|c|\u2606maik2020|Gg\n|c|\u2606Alaskan_fisher|gg\n|\n|t:|1775913082\n|move|p1b: Sneasler|Dire Claw|p2b: Sylveon\n|-supereffective|p2b: Sylveon|1\n|-damage|p2b: Sylveon|0 fnt\n|faint|p2b: Sylveon\n|\n|win|Alaskan_fisher\n|raw|Alaskan_fisher's rating: 1140 &rarr; <strong>1167</strong><br />(+27 for winning)\n|raw|maik2020's rating: 1167 &rarr; <strong>1140</strong><br />(-27 for losing)\n|l|\u2606maik2020\n|player|p2|\n",
  "uploadtime": 1775913090,
  "views": 38,
  "formatid": "gen9championsvgc2026regma",
  "rating": 1140,
  "private": 0,
  "password": null
}