{
  "id": "gen9championsvgc2026regma-2584258563",
  "format": "[Gen 9 Champions] VGC 2026 Reg M-A",
  "players": [
    "cherry786",
    "defiantvgc"
  ],
  "log": "|j|\u2606cherry786\n|j|\u2606defiantvgc\n|t:|1776244160\n|gametype|doubles\n|player|p1|cherry786|roxie-masters|\n|player|p2|defiantvgc|spark-casual|\n|gen|9\n|tier|[Gen 9 Champions] VGC 2026 Reg M-A\n|rated|Tournament battle\n|rule|Species Clause: Limit one of each Pok\u00e9mon\n|rule|Item Clause: Limit 1 of each item\n|raw|<div class=\"infobox\"><details class=\"readmore\" open><summary><strong>1 custom rule:</strong></summary> Force Open Team Sheets</details></div>\n|clearpoke\n|poke|p1|Floette-Eternal, L50, F|\n|poke|p1|Maushold, L50|\n|poke|p1|Garchomp, L50, M|\n|poke|p1|Talonflame, L50, F|\n|poke|p1|Rotom-Wash, L50|\n|poke|p1|Aegislash, L50, F|\n|poke|p2|Delphox, L50, F|\n|poke|p2|Kingambit, L50, F|\n|poke|p2|Garchomp, L50, F|\n|poke|p2|Sneasler, L50, F|\n|poke|p2|Clefable, L50, M|\n|poke|p2|Incineroar, L50, M|\n|teampreview|4\n|showteam|p1|Floette-Eternal||Floettite|FlowerVeil|Moonblast,DazzlingGleam,CalmMind,Protect|||F|||50|]Maushold||FocusSash|FriendGuard|SuperFang,Taunt,FollowMe,Protect||||||50|]Garchomp||SoftSand|RoughSkin|Earthquake,StompingTantrum,StoneEdge,Protect|||M|||50|]Talonflame||WhiteHerb|GaleWings|Acrobatics,FlareBlitz,Tailwind,Protect|||F|||50|]Rotom-Wash||SitrusBerry|Levitate|HydroPump,WillOWisp,Thunderbolt,HelpingHand||||||50|]Aegislash||SpellTag|StanceChange|Poltergeist,ShadowSneak,IronHead,KingsShield|||F|||50|\n|showteam|p2|Delphox||Delphoxite|Blaze|NastyPlot,Psyshock,HeatWave,Protect|||F|||50|]Kingambit||ChopleBerry|Defiant|SuckerPunch,LowKick,IronHead,Protect|||F|||50|]Garchomp||SitrusBerry|RoughSkin|Protect,StompingTantrum,RockSlide,DragonClaw|||F|||50|]Sneasler||WhiteHerb|Unburden|CloseCombat,DireClaw,FakeOut,Protect|||F|||50|]Clefable||Leftovers|Unaware|Moonblast,FollowMe,HelpingHand,Protect|||M|||50|]Incineroar||PasshoBerry|Intimidate|FlareBlitz,ThroatChop,PartingShot,FakeOut|||M|||50|\n|inactive|Battle timer is ON: inactive players will automatically lose when time's up. (requested by cherry786)\n|c|\u2606cherry786|glhf\n|c|\u2606defiantvgc|glhf\n|inactive|cherry786 has 60 seconds left.\n|inactive|defiantvgc has 60 seconds left.\n|inactive|defiantvgc has 30 seconds left.\n|\n|t:|1776244223\n|teamsize|p1|4\n|teamsize|p2|4\n|start\n|switch|p1a: Talonflame|Talonflame, L50, F|100/100\n|switch|p1b: Garchomp|Garchomp, L50, M|100/100\n|switch|p2a: Kingambit|Kingambit, L50, F|100/100\n|switch|p2b: Clefable|Clefable, L50, M|100/100\n|turn|1\n|\n|t:|1776244234\n|move|p2a: Kingambit|Protect|p2a: Kingambit\n|-singleturn|p2a: Kingambit|Protect\n|move|p1a: Talonflame|Tailwind|p1a: Talonflame\n|-sidestart|p1: cherry786|move: Tailwind\n|move|p1b: Garchomp|Earthquake|p2b: Clefable|[spread] p2b\n|-activate|p2a: Kingambit|move: Protect\n|-immune|p1a: Talonflame\n|-damage|p2b: Clefable|64/100\n|move|p2b: Clefable|Moonblast|p1b: Garchomp\n|-supereffective|p1b: Garchomp|1\n|-damage|p1b: Garchomp|25/100\n|-unboost|p1b: Garchomp|spa|1\n|\n|-heal|p2b: Clefable|70/100|[from] item: Leftovers\n|upkeep\n|turn|2\n|\n|t:|1776244251\n|switch|p1b: Floette|Floette-Eternal, L50, F|100/100\n|move|p2b: Clefable|Follow Me|p2b: Clefable\n|-singleturn|p2b: Clefable|move: Follow Me\n|move|p2a: Kingambit|Sucker Punch||[still]\n|-fail|p2a: Kingambit\n|move|p1a: Talonflame|Flare Blitz|p2b: Clefable\n|-damage|p2b: Clefable|32/100\n|-damage|p1a: Talonflame|84/100|[from] Recoil\n|\n|-heal|p2b: Clefable|38/100|[from] item: Leftovers\n|upkeep\n|turn|3\n|\n|t:|1776244266\n|switch|p1b: Rotom|Rotom-Wash, L50|100/100\n|move|p1a: Talonflame|Protect|p1a: Talonflame\n|-singleturn|p1a: Talonflame|Protect\n|move|p2b: Clefable|Follow Me|p2b: Clefable\n|-singleturn|p2b: Clefable|move: Follow Me\n|move|p2a: Kingambit|Iron Head|p1b: Rotom\n|-resisted|p1b: Rotom|2\n|-damage|p1b: Rotom|88/100\n|\n|-heal|p2b: Clefable|44/100|[from] item: Leftovers\n|upkeep\n|turn|4\n|\n|t:|1776244276\n|move|p1b: Rotom|Helping Hand|p1a: Talonflame\n|-singleturn|p1a: Talonflame|Helping Hand|[of] p1b: Rotom\n|move|p2b: Clefable|Helping Hand|p2a: Kingambit\n|-singleturn|p2a: Kingambit|Helping Hand|[of] p2b: Clefable\n|move|p2a: Kingambit|Sucker Punch|p1a: Talonflame\n|-damage|p1a: Talonflame|0 fnt\n|faint|p1a: Talonflame\n|\n|-heal|p2b: Clefable|50/100|[from] item: Leftovers\n|-sideend|p1: cherry786|move: Tailwind\n|upkeep\n|\n|t:|1776244282\n|switch|p1a: Garchomp|Garchomp, L50, M|25/100\n|turn|5\n|\n|t:|1776244301\n|move|p1a: Garchomp|Protect|p1a: Garchomp\n|-singleturn|p1a: Garchomp|Protect\n|move|p2b: Clefable|Protect|p2b: Clefable\n|-singleturn|p2b: Clefable|Protect\n|move|p2a: Kingambit|Protect|p2a: Kingambit\n|-singleturn|p2a: Kingambit|Protect\n|move|p1b: Rotom|Will-O-Wisp|p2a: Kingambit\n|-activate|p2a: Kingambit|move: Protect\n|\n|-heal|p2b: Clefable|55/100|[from] item: Leftovers\n|upkeep\n|turn|6\n|inactive|defiantvgc has 30 seconds left.\n|\n|t:|1776244331\n|move|p1a: Garchomp|Protect|p1a: Garchomp\n|-singleturn|p1a: Garchomp|Protect\n|move|p2b: Clefable|Follow Me|p2b: Clefable\n|-singleturn|p2b: Clefable|move: Follow Me\n|move|p1b: Rotom|Will-O-Wisp|p2b: Clefable\n|-status|p2b: Clefable|brn\n|move|p2a: Kingambit|Iron Head|p1a: Garchomp\n|-activate|p1a: Garchomp|move: Protect\n|\n|-heal|p2b: Clefable|61/100 brn|[from] item: Leftovers\n|-damage|p2b: Clefable|55/100 brn|[from] brn\n|upkeep\n|turn|7\n|\n|t:|1776244354\n|move|p1a: Garchomp|Protect|p1a: Garchomp\n|-singleturn|p1a: Garchomp|Protect\n|move|p2b: Clefable|Follow Me|p2b: Clefable\n|-singleturn|p2b: Clefable|move: Follow Me\n|move|p2a: Kingambit|Sucker Punch||[still]\n|-fail|p2a: Kingambit\n|move|p1b: Rotom|Hydro Pump|p2b: Clefable\n|-damage|p2b: Clefable|9/100 brn\n|\n|-heal|p2b: Clefable|15/100 brn|[from] item: Leftovers\n|-damage|p2b: Clefable|9/100 brn|[from] brn\n|upkeep\n|turn|8\n|\n|t:|1776244372\n|move|p1a: Garchomp|Protect|p1a: Garchomp\n|-singleturn|p1a: Garchomp|Protect\n|move|p2a: Kingambit|Protect|p2a: Kingambit\n|-singleturn|p2a: Kingambit|Protect\n|move|p1b: Rotom|Hydro Pump|p2b: Clefable\n|-damage|p2b: Clefable|0 fnt\n|faint|p2b: Clefable\n|\n|upkeep\n|c|\u2606cherry786|NO WaY\n|c|\u2606cherry786|NO WaY\n|c|\u2606defiantvgc|... IM THAT UNLUCKY\n|c|\u2606cherry786|I\n|c|\u2606cherry786|this has to be cinema\n|inactive|defiantvgc has 30 seconds left.\n|inactive|defiantvgc has 20 seconds left.\n|inactive|defiantvgc has 15 seconds left.\n|inactive|defiantvgc has 10 seconds left.\n|\n|t:|1776244418\n|switch|p2b: Delphox|Delphox, L50, F|100/100\n|turn|9\n|j|%llefface\n|\n|t:|1776244428\n|detailschange|p2b: Delphox|Delphox-Mega, L50, F\n|-mega|p2b: Delphox|Delphox|Delphoxite\n|move|p1a: Garchomp|Protect||[still]\n|-fail|p1a: Garchomp\n|move|p2b: Delphox|Nasty Plot|p2b: Delphox\n|-boost|p2b: Delphox|spa|2\n|move|p1b: Rotom|Will-O-Wisp|p2a: Kingambit\n|-status|p2a: Kingambit|brn\n|move|p2a: Kingambit|Iron Head|p1a: Garchomp\n|-damage|p1a: Garchomp|1/100\n|-damage|p2a: Kingambit|88/100 brn|[from] ability: Rough Skin|[of] p1a: Garchomp\n|\n|-damage|p2a: Kingambit|82/100 brn|[from] brn\n|upkeep\n|turn|10\n|inactive|defiantvgc has 30 seconds left.\n|\n|t:|1776244456\n|move|p1a: Garchomp|Protect|p1a: Garchomp\n|-singleturn|p1a: Garchomp|Protect\n|move|p2a: Kingambit|Sucker Punch||[still]\n|-fail|p2a: Kingambit\n|move|p2b: Delphox|Psyshock|p1b: Rotom\n|-damage|p1b: Rotom|0 fnt\n|faint|p1b: Rotom\n|\n|-damage|p2a: Kingambit|76/100 brn|[from] brn\n|upkeep\n|c|\u2606cherry786|gg\n|c|\u2606defiantvgc|STOP CLICKING PROTECT\n|c|\u2606defiantvgc|gg\n|c|\u2606cherry786|I don't think I should have any another way\n|c|\u2606cherry786|the 4th turn was js\n|c|\u2606cherry786|funny\n|-message|cherry786 forfeited.\n|\n|win|defiantvgc\n|n|\u2606cherry786|cherry786\n|n|\u2606defiantvgc|defiantvgc\n|n| llefface|llefface\n|l| llefface\n",
  "uploadtime": 1776244485,
  "views": 19,
  "formatid": "gen9championsvgc2026regma",
  "rating": null,
  "private": 0,
  "password": null
}