{
  "id": "gen9championsvgc2026regma-2584444112",
  "format": "[Gen 9 Champions] VGC 2026 Reg M-A",
  "players": [
    "IMissExcadrill",
    "Angelito_prz"
  ],
  "log": "|j|\u2606IMissExcadrill\n|j|\u2606Angelito_prz\n|t:|1776261290\n|gametype|doubles\n|player|p1|IMissExcadrill|drayden|1078\n|player|p2|Angelito_prz|169|1174\n|gen|9\n|tier|[Gen 9 Champions] VGC 2026 Reg M-A\n|rated|\n|rule|Species Clause: Limit one of each Pok\u00e9mon\n|rule|Item Clause: Limit 1 of each item\n|clearpoke\n|poke|p1|Excadrill, L50, F|\n|poke|p1|Tyranitar, L50, F|\n|poke|p1|Rotom-Wash, L50|\n|poke|p1|Sinistcha, L50|\n|poke|p1|Incineroar, L50, F|\n|poke|p1|Noivern, L50, F|\n|poke|p2|Tyranitar, L50, F|\n|poke|p2|Excadrill, L50, F|\n|poke|p2|Sneasler, L50, M|\n|poke|p2|Incineroar, L50, M|\n|poke|p2|Sinistcha, L50|\n|poke|p2|Garchomp, L50, M|\n|teampreview|4\n|\n|t:|1776261326\n|teamsize|p1|4\n|teamsize|p2|4\n|start\n|switch|p1a: Noivern|Noivern, L50, F|100/100\n|switch|p1b: Rotom|Rotom-Wash, L50|100/100\n|switch|p2a: Incineroar|Incineroar, L50, M|100/100\n|switch|p2b: Sneasler|Sneasler, L50, M|100/100\n|-item|p2a: Incineroar|Sitrus Berry|[from] ability: Frisk|[of] p1a: Noivern\n|-item|p2b: Sneasler|Mental Herb|[from] ability: Frisk|[of] p1a: Noivern\n|-ability|p2a: Incineroar|Intimidate|boost\n|-unboost|p1a: Noivern|atk|1\n|-unboost|p1b: Rotom|atk|1\n|turn|1\n|\n|t:|1776261356\n|move|p1a: Noivern|Protect|p1a: Noivern\n|-singleturn|p1a: Noivern|Protect\n|move|p1b: Rotom|Protect|p1b: Rotom\n|-singleturn|p1b: Rotom|Protect\n|move|p2b: Sneasler|Fake Out|p1a: Noivern\n|-activate|p1a: Noivern|move: Protect\n|move|p2a: Incineroar|Fake Out|p1b: Rotom\n|-activate|p1b: Rotom|move: Protect\n|\n|upkeep\n|turn|2\n|\n|t:|1776261387\n|move|p1a: Noivern|Hurricane|p2b: Sneasler\n|-supereffective|p2b: Sneasler|1\n|-damage|p2b: Sneasler|0 fnt\n|faint|p2b: Sneasler\n|move|p1b: Rotom|Hydro Pump|p2a: Incineroar\n|-supereffective|p2a: Incineroar|1\n|-damage|p2a: Incineroar|12/100\n|-enditem|p2a: Incineroar|Sitrus Berry|[eat]\n|-heal|p2a: Incineroar|37/100|[from] item: Sitrus Berry\n|move|p2a: Incineroar|Darkest Lariat|p1b: Rotom\n|-damage|p1b: Rotom|54/100\n|\n|upkeep\n|\n|t:|1776261401\n|switch|p2b: Tyranitar|Tyranitar, L50, F|100/100\n|-weather|Sandstorm|[from] ability: Sand Stream|[of] p2b: Tyranitar\n|turn|3\n|\n|t:|1776261423\n|switch|p1a: Incineroar|Incineroar, L50, F|100/100\n|-ability|p1a: Incineroar|Intimidate|boost\n|-unboost|p2a: Incineroar|atk|1\n|-unboost|p2b: Tyranitar|atk|1\n|detailschange|p2b: Tyranitar|Tyranitar-Mega, L50, F\n|-mega|p2b: Tyranitar|Tyranitar|Tyranitarite\n|move|p2b: Tyranitar|Rock Slide|p1b: Rotom|[spread] p1a,p1b\n|-supereffective|p1a: Incineroar|1\n|-damage|p1a: Incineroar|52/100\n|-damage|p1b: Rotom|30/100\n|cant|p1b: Rotom|flinch\n|move|p2a: Incineroar|Flare Blitz|p1b: Rotom\n|-resisted|p1b: Rotom|1\n|-damage|p1b: Rotom|11/100\n|-damage|p2a: Incineroar|33/100|[from] Recoil\n|\n|-weather|Sandstorm|[upkeep]\n|-damage|p1b: Rotom|5/100|[from] Sandstorm\n|-damage|p1a: Incineroar|46/100|[from] Sandstorm\n|-damage|p2a: Incineroar|27/100|[from] Sandstorm\n|-enditem|p1a: Incineroar|Sitrus Berry|[eat]\n|-heal|p1a: Incineroar|71/100|[from] item: Sitrus Berry\n|upkeep\n|turn|4\n|\n|t:|1776261451\n|move|p1a: Incineroar|Fake Out|p2b: Tyranitar\n|-resisted|p2b: Tyranitar|1\n|-damage|p2b: Tyranitar|97/100\n|cant|p2b: Tyranitar|flinch\n|move|p1b: Rotom|Will-O-Wisp|p2b: Tyranitar\n|-status|p2b: Tyranitar|brn\n|move|p2a: Incineroar|Parting Shot|p1a: Incineroar\n|-unboost|p1a: Incineroar|atk|1\n|-unboost|p1a: Incineroar|spa|1\n|\n|t:|1776261463\n|switch|p2a: Garchomp|Garchomp, L50, M|100/100|[from] Parting Shot\n|\n|-weather|Sandstorm|[upkeep]\n|-damage|p1b: Rotom|0 fnt|[from] Sandstorm\n|-damage|p1a: Incineroar|65/100|[from] Sandstorm\n|faint|p1b: Rotom\n|-damage|p2b: Tyranitar|90/100 brn|[from] brn\n|upkeep\n|\n|t:|1776261468\n|switch|p1b: Noivern|Noivern, L50, F|100/100\n|-item|p2a: Garchomp|Choice Scarf|[from] ability: Frisk|[of] p1b: Noivern\n|-item|p2b: Tyranitar|Tyranitarite|[from] ability: Frisk|[of] p1b: Noivern\n|turn|5\n|\n|t:|1776261482\n|move|p2a: Garchomp|Dragon Claw|p1b: Noivern\n|-supereffective|p1b: Noivern|1\n|-enditem|p1b: Noivern|Focus Sash\n|-damage|p1b: Noivern|1/100\n|move|p1b: Noivern|Draco Meteor|p2a: Garchomp\n|-supereffective|p2a: Garchomp|1\n|-damage|p2a: Garchomp|0 fnt\n|-unboost|p1b: Noivern|spa|2\n|faint|p2a: Garchomp\n|move|p2b: Tyranitar|Rock Slide|p1b: Noivern|[spread] p1a,p1b\n|-supereffective|p1a: Incineroar|1\n|-supereffective|p1b: Noivern|1\n|-damage|p1a: Incineroar|43/100\n|-damage|p1b: Noivern|0 fnt\n|faint|p1b: Noivern\n|move|p1a: Incineroar|Parting Shot|p2b: Tyranitar\n|-unboost|p2b: Tyranitar|atk|1\n|-unboost|p2b: Tyranitar|spa|1\n|\n|t:|1776261495\n|switch|p1a: Excadrill|Excadrill, L50, F|100/100|[from] Parting Shot\n|\n|-weather|Sandstorm|[upkeep]\n|-damage|p2b: Tyranitar|84/100 brn|[from] brn\n|upkeep\n|\n|t:|1776261505\n|switch|p1b: Incineroar|Incineroar, L50, F|43/100\n|switch|p2a: Incineroar|Incineroar, L50, M|27/100\n|-ability|p1b: Incineroar|Intimidate|boost\n|-unboost|p2a: Incineroar|atk|1\n|-unboost|p2b: Tyranitar|atk|1\n|-ability|p2a: Incineroar|Intimidate|boost\n|-unboost|p1a: Excadrill|atk|1\n|-unboost|p1b: Incineroar|atk|1\n|turn|6\n|\n|t:|1776261532\n|move|p1a: Excadrill|Protect|p1a: Excadrill\n|-singleturn|p1a: Excadrill|Protect\n|move|p1b: Incineroar|Fake Out|p2a: Incineroar\n|-damage|p2a: Incineroar|18/100\n|cant|p2a: Incineroar|flinch\n|move|p2b: Tyranitar|Rock Slide|p1b: Incineroar|[spread] p1b\n|-activate|p1a: Excadrill|move: Protect\n|-supereffective|p1b: Incineroar|1\n|-damage|p1b: Incineroar|29/100\n|\n|-weather|Sandstorm|[upkeep]\n|-damage|p1b: Incineroar|23/100|[from] Sandstorm\n|-damage|p2a: Incineroar|12/100|[from] Sandstorm\n|-damage|p2b: Tyranitar|78/100 brn|[from] brn\n|upkeep\n|turn|7\n|\n|t:|1776261557\n|detailschange|p1a: Excadrill|Excadrill-Mega, L50, F\n|-mega|p1a: Excadrill|Excadrill|Excadrite\n|move|p1a: Excadrill|High Horsepower|p2a: Incineroar\n|-supereffective|p2a: Incineroar|1\n|-damage|p2a: Incineroar|0 fnt\n|faint|p2a: Incineroar\n|move|p2b: Tyranitar|Rock Slide|p1b: Incineroar|[spread] p1a,p1b\n|-resisted|p1a: Excadrill|2\n|-supereffective|p1b: Incineroar|1\n|-damage|p1a: Excadrill|99/100\n|-damage|p1b: Incineroar|10/100\n|move|p1b: Incineroar|Parting Shot|p2b: Tyranitar\n|-unboost|p2b: Tyranitar|atk|1\n|-unboost|p2b: Tyranitar|spa|1\n|\n|-weather|none\n|-damage|p2b: Tyranitar|72/100 brn|[from] brn\n|upkeep\n|turn|8\n|c|\u2606IMissExcadrill|Gg\n|-message|Angelito_prz forfeited.\n|\n|win|IMissExcadrill\n|raw|IMissExcadrill's rating: 1078 &rarr; <strong>1114</strong><br />(+36 for winning)\n|raw|Angelito_prz's rating: 1174 &rarr; <strong>1142</strong><br />(-32 for losing)\n|l|\u2606Angelito_prz\n|player|p2|\n|l|\u2606IMissExcadrill\n|player|p1|\n|j|\u2606IMissExcadrill\n|player|p1|IMissExcadrill|drayden|\n",
  "uploadtime": 1776261641,
  "views": 23,
  "formatid": "gen9championsvgc2026regma",
  "rating": 1114,
  "private": 0,
  "password": null
}