{
  "id": "gen9championsvgc2026regma-2581457914",
  "format": "[Gen 9 Champions] VGC 2026 Reg M-A",
  "players": [
    "Quaza15",
    "crepitans"
  ],
  "log": "|j|\u2606Quaza15\n|j|\u2606crepitans\n|t:|1776002347\n|gametype|doubles\n|player|p1|Quaza15|ruinmaniac|1269\n|player|p2|crepitans|aetherfoundation2|1261\n|gen|9\n|tier|[Gen 9 Champions] VGC 2026 Reg M-A\n|rated|\n|rule|Species Clause: Limit one of each Pok\u00e9mon\n|rule|Item Clause: Limit 1 of each item\n|clearpoke\n|poke|p1|Incineroar, L50, M|\n|poke|p1|Floette-Eternal, L50, F|\n|poke|p1|Sableye, L50, F|\n|poke|p1|Farigiraf, L50, F|\n|poke|p1|Sneasler, L50, F|\n|poke|p1|Garchomp, L50, M|\n|poke|p2|Alakazam, L50, M|\n|poke|p2|Meowstic, L50, M|\n|poke|p2|Tyranitar, L50, M|\n|poke|p2|Excadrill, L50, M|\n|poke|p2|Corviknight, L50, M|\n|poke|p2|Incineroar, L50, F|\n|teampreview|4\n|inactive|Battle timer is ON: inactive players will automatically lose when time's up. (requested by crepitans)\n|\n|t:|1776002372\n|teamsize|p1|4\n|teamsize|p2|4\n|start\n|switch|p1a: Floette|Floette-Eternal, L50, F|100/100\n|switch|p1b: Sableye|Sableye, L50, F|100/100\n|switch|p2a: Meowstic|Meowstic, L50, M|100/100\n|switch|p2b: indeedee please|Alakazam, L50, M|100/100\n|turn|1\n|inactive|crepitans has 30 seconds left.\n|\n|t:|1776002405\n|detailschange|p2b: indeedee please|Alakazam-Mega, L50, M\n|-mega|p2b: indeedee please|Alakazam|Alakazite\n|-ability|p2b: indeedee please|Prankster|Trace|[from] ability: Trace|[of] p1b: Sableye\n|move|p2a: Meowstic|Fake Out|p1a: Floette\n|-damage|p1a: Floette|92/100\n|move|p1b: Sableye|Fake Out|p2b: indeedee please\n|-damage|p2b: indeedee please|84/100\n|cant|p2b: indeedee please|flinch\n|cant|p1a: Floette|flinch\n|\n|upkeep\n|turn|2\n|c|\u2606crepitans|I guess bro\n|\n|t:|1776002421\n|detailschange|p1a: Floette|Floette-Mega, L50, F\n|-mega|p1a: Floette|Floette|Floettite\n|-ability|p1a: Floette|Fairy Aura\n|move|p2b: indeedee please|Protect|p2b: indeedee please\n|-singleturn|p2b: indeedee please|Protect\n|move|p2a: Meowstic|Psychic Terrain|p2a: Meowstic\n|-fieldstart|move: Psychic Terrain\n|move|p1b: Sableye|Encore|p2a: Meowstic\n|-activate|p2a: Meowstic|move: Psychic Terrain\n|move|p1a: Floette|Calm Mind|p1a: Floette\n|-boost|p1a: Floette|spa|1\n|-boost|p1a: Floette|spd|1\n|\n|upkeep\n|turn|3\n|inactive|Quaza15 has 30 seconds left.\n|\n|t:|1776002449\n|switch|p1b: Incineroar|Incineroar, L50, M|100/100\n|-ability|p1b: Incineroar|Intimidate|boost\n|-unboost|p2a: Meowstic|atk|1\n|-unboost|p2b: indeedee please|atk|1\n|move|p2a: Meowstic|Helping Hand|p2b: indeedee please\n|-singleturn|p2b: indeedee please|Helping Hand|[of] p2a: Meowstic\n|move|p2b: indeedee please|Expanding Force|p1a: Floette|[spread] p1a\n|-immune|p1b: Incineroar\n|-damage|p1a: Floette|36/100\n|move|p1a: Floette|Dazzling Gleam|p2a: Meowstic|[spread] p2a,p2b\n|-damage|p2a: Meowstic|21/100\n|-damage|p2b: indeedee please|0 fnt\n|faint|p2b: indeedee please\n|\n|upkeep\n|\n|t:|1776002462\n|switch|p2b: Tyranitar|Tyranitar, L50, M|100/100\n|-weather|Sandstorm|[from] ability: Sand Stream|[of] p2b: Tyranitar\n|turn|4\n|\n|t:|1776002468\n|move|p2b: Tyranitar|Rock Slide|p1b: Incineroar|[spread] p1a,p1b\n|-supereffective|p1b: Incineroar|1\n|-damage|p1a: Floette|1/100\n|-damage|p1b: Incineroar|43/100\n|cant|p1a: Floette|flinch\n|move|p2a: Meowstic|Expanding Force|p1b: Incineroar|[spread] p1a\n|-immune|p1b: Incineroar\n|-damage|p1a: Floette|0 fnt\n|faint|p1a: Floette\n|move|p1b: Incineroar|Parting Shot|p2b: Tyranitar\n|-unboost|p2b: Tyranitar|atk|1\n|-unboost|p2b: Tyranitar|spa|1\n|\n|t:|1776002477\n|switch|p1b: Sneasler|Sneasler, L50, F|100/100|[from] Parting Shot\n|\n|-weather|Sandstorm|[upkeep]\n|-damage|p1b: Sneasler|95/100|[from] Sandstorm\n|-damage|p2a: Meowstic|15/100|[from] Sandstorm\n|upkeep\n|\n|t:|1776002482\n|switch|p1a: Sableye|Sableye, L50, F|100/100\n|turn|5\n|\n|t:|1776002488\n|switch|p2b: Excadrill|Excadrill, L50, M|100/100\n|move|p1b: Sneasler|Protect|p1b: Sneasler\n|-singleturn|p1b: Sneasler|Protect\n|move|p2a: Meowstic|Expanding Force|p1b: Sneasler|[spread] \n|-activate|p1b: Sneasler|move: Protect\n|-immune|p1a: Sableye\n|move|p1a: Sableye|Night Shade|p2a: Meowstic\n|-damage|p2a: Meowstic|0 fnt\n|faint|p2a: Meowstic\n|\n|-weather|Sandstorm|[upkeep]\n|-damage|p1b: Sneasler|89/100|[from] Sandstorm\n|-damage|p1a: Sableye|95/100|[from] Sandstorm\n|upkeep\n|\n|t:|1776002499\n|switch|p2a: Tyranitar|Tyranitar, L50, M|100/100\n|turn|6\n|\n|t:|1776002504\n|switch|p1b: Incineroar|Incineroar, L50, M|43/100\n|-ability|p1b: Incineroar|Intimidate|boost\n|-unboost|p2a: Tyranitar|atk|1\n|-unboost|p2b: Excadrill|atk|1\n|move|p1a: Sableye|Reflect|p1a: Sableye\n|-sidestart|p1: Quaza15|Reflect\n|move|p2b: Excadrill|Earthquake|p1a: Sableye|[spread] p2a,p1a,p1b\n|-supereffective|p2a: Tyranitar|1\n|-supereffective|p1b: Incineroar|1\n|-damage|p2a: Tyranitar|48/100\n|-damage|p1a: Sableye|72/100\n|-damage|p1b: Incineroar|5/100\n|move|p2a: Tyranitar|Rock Slide|p1a: Sableye|[spread] p1a,p1b\n|-supereffective|p1b: Incineroar|1\n|-damage|p1a: Sableye|56/100\n|-damage|p1b: Incineroar|0 fnt\n|faint|p1b: Incineroar\n|\n|-weather|Sandstorm|[upkeep]\n|-damage|p1a: Sableye|50/100|[from] Sandstorm\n|-fieldend|move: Psychic Terrain\n|upkeep\n|\n|t:|1776002516\n|switch|p1b: Sneasler|Sneasler, L50, F|89/100\n|turn|7\n|\n|t:|1776002519\n|move|p1b: Sneasler|Protect|p1b: Sneasler\n|-singleturn|p1b: Sneasler|Protect\n|move|p1a: Sableye|Encore|p2b: Excadrill\n|-start|p2b: Excadrill|Encore\n|move|p2b: Excadrill|Earthquake|p1b: Sneasler|[spread] p2a,p1a\n|-activate|p1b: Sneasler|move: Protect\n|-supereffective|p2a: Tyranitar|1\n|-damage|p2a: Tyranitar|0 fnt\n|-damage|p1a: Sableye|27/100\n|faint|p2a: Tyranitar\n|\n|-weather|Sandstorm|[upkeep]\n|-damage|p1b: Sneasler|83/100|[from] Sandstorm\n|-damage|p1a: Sableye|21/100|[from] Sandstorm\n|upkeep\n|turn|8\n|\n|t:|1776002528\n|move|p2b: Excadrill|Earthquake|p1b: Sneasler|[spread] p1a,p1b\n|-supereffective|p1b: Sneasler|1\n|-damage|p1a: Sableye|0 fnt\n|-damage|p1b: Sneasler|19/100\n|faint|p1a: Sableye\n|move|p1b: Sneasler|Close Combat|p2b: Excadrill\n|-supereffective|p2b: Excadrill|1\n|-enditem|p2b: Excadrill|Focus Sash\n|-damage|p2b: Excadrill|1/100\n|-unboost|p1b: Sneasler|def|1\n|-unboost|p1b: Sneasler|spd|1\n|-enditem|p1b: Sneasler|White Herb\n|-clearnegativeboost|p1b: Sneasler|[silent]\n|\n|-weather|none\n|upkeep\n|turn|9\n|c|\u2606crepitans|gg\n|\n|t:|1776002537\n|move|p1b: Sneasler|Close Combat|p2b: Excadrill\n|-supereffective|p2b: Excadrill|1\n|-damage|p2b: Excadrill|0 fnt\n|-unboost|p1b: Sneasler|def|1\n|-unboost|p1b: Sneasler|spd|1\n|faint|p2b: Excadrill\n|\n|win|Quaza15\n|raw|Quaza15's rating: 1269 &rarr; <strong>1293</strong><br />(+24 for winning)\n|raw|crepitans's rating: 1261 &rarr; <strong>1237</strong><br />(-24 for losing)\n",
  "uploadtime": 1776002537,
  "views": 26,
  "formatid": "gen9championsvgc2026regma",
  "rating": 1237,
  "private": 0,
  "password": null
}