{
  "id": "gen9championsvgc2026regma-2583577085",
  "format": "[Gen 9 Champions] VGC 2026 Reg M-A",
  "players": [
    "Rumbeer",
    "Mirthinion"
  ],
  "log": "|j|\u2606Rumbeer\n|j|\u2606Mirthinion\n|t:|1776184376\n|gametype|doubles\n|player|p1|Rumbeer|170|1176\n|player|p2|Mirthinion|janitor|1174\n|gen|9\n|tier|[Gen 9 Champions] VGC 2026 Reg M-A\n|rated|\n|rule|Species Clause: Limit one of each Pok\u00e9mon\n|rule|Item Clause: Limit 1 of each item\n|clearpoke\n|poke|p1|Archaludon, L50, F|\n|poke|p1|Pelipper, L50, F|\n|poke|p1|Basculegion, L50, M|\n|poke|p1|Incineroar, L50, F|\n|poke|p1|Sinistcha, L50|\n|poke|p1|Floette-Eternal, L50, F|\n|poke|p2|Tyranitar, L50, M|\n|poke|p2|Lycanroc, L50, M|\n|poke|p2|Primarina, L50, F|\n|poke|p2|Corviknight, L50, M|\n|poke|p2|Kommo-o, L50, M|\n|poke|p2|Incineroar, L50, M|\n|teampreview|4\n|inactive|Battle timer is ON: inactive players will automatically lose when time's up. (requested by Mirthinion)\nMirthinion rejected open team sheets.\n|\n|t:|1776184406\n|teamsize|p1|4\n|teamsize|p2|4\n|start\n|switch|p1a: Incineroar|Incineroar, L50, F|100/100\n|switch|p1b: Floette|Floette-Eternal, L50, F|100/100\n|switch|p2a: Incineroar|Incineroar, L50, M|100/100\n|switch|p2b: Kommo-o|Kommo-o, L50, M, shiny|100/100\n|-ability|p2a: Incineroar|Intimidate|boost\n|-unboost|p1a: Incineroar|atk|1\n|-unboost|p1b: Floette|atk|1\n|-ability|p1a: Incineroar|Intimidate|boost\n|-unboost|p2a: Incineroar|atk|1\n|-unboost|p2b: Kommo-o|atk|1\n|turn|1\n|inactive|Mirthinion has 30 seconds left.\n|\n|t:|1776184434\n|detailschange|p1b: Floette|Floette-Mega, L50, F\n|-mega|p1b: Floette|Floette|Floettite\n|-ability|p1b: Floette|Fairy Aura\n|move|p1b: Floette|Protect|p1b: Floette\n|-singleturn|p1b: Floette|Protect\n|move|p2b: Kommo-o|Aura Sphere|p1a: Incineroar\n|-supereffective|p1a: Incineroar|1\n|-damage|p1a: Incineroar|59/100\n|move|p1a: Incineroar|Parting Shot|p2b: Kommo-o\n|-immune|p2b: Kommo-o|[from] ability: Soundproof\n|move|p2a: Incineroar|Parting Shot|p1b: Floette\n|-activate|p1b: Floette|move: Protect\n|\n|upkeep\n|turn|2\n|inactive|Rumbeer has 30 seconds left.\n|inactive|Rumbeer has 20 seconds left.\n|inactive|Rumbeer has 15 seconds left.\n|inactive|Rumbeer has 10 seconds left.\n|\n|t:|1776184481\n|move|p2b: Kommo-o|Protect|p2b: Kommo-o\n|-singleturn|p2b: Kommo-o|Protect\n|move|p1b: Floette|Moonblast|p2b: Kommo-o\n|-activate|p2b: Kommo-o|move: Protect\n|move|p2a: Incineroar|Parting Shot|p1b: Floette\n|-unboost|p1b: Floette|atk|1\n|-unboost|p1b: Floette|spa|1\n|\n|t:|1776184490\n|switch|p2a: Corviknight|Corviknight, L50, M|100/100|[from] Parting Shot\n|move|p1a: Incineroar|Parting Shot|p2a: Corviknight\n|-ability|p2a: Corviknight|Mirror Armor\n|-unboost|p1a: Incineroar|atk|1\n|-ability|p2a: Corviknight|Mirror Armor\n|-unboost|p1a: Incineroar|spa|1\n|\n|t:|1776184512\n|switch|p1a: Basculegion|Basculegion, L50, M|100/100|[from] Parting Shot\n|\n|upkeep\n|turn|3\n|inactive|Rumbeer has 30 seconds left.\n|\n|t:|1776184540\n|switch|p1b: Incineroar|Incineroar, L50, F|59/100\n|-ability|p1b: Incineroar|Intimidate|boost\n|-ability|p2a: Corviknight|Mirror Armor\n|-unboost|p1b: Incineroar|atk|1\n|-unboost|p2b: Kommo-o|atk|1\n|switch|p2b: Incineroar|Incineroar, L50, M|100/100\n|-ability|p2b: Incineroar|Intimidate|boost\n|-unboost|p1a: Basculegion|atk|1\n|-unboost|p1b: Incineroar|atk|1\n|move|p1a: Basculegion|Wave Crash|p2a: Corviknight\n|-damage|p2a: Corviknight|65/100\n|-damage|p1a: Basculegion|88/100|[from] Recoil\n|move|p2a: Corviknight|Tailwind|p2a: Corviknight\n|-sidestart|p2: Mirthinion|move: Tailwind\n|\n|upkeep\n|turn|4\n|inactive|Rumbeer has 30 seconds left.\n|inactive|Mirthinion has 30 seconds left.\n|\n|t:|1776184571\n|switch|p2b: Kommo-o|Kommo-o, L50, M, shiny|100/100\n|move|p1b: Incineroar|Fake Out|p2a: Corviknight\n|-resisted|p2a: Corviknight|1\n|-damage|p2a: Corviknight|63/100\n|move|p1a: Basculegion|Wave Crash|p2b: Kommo-o\n|-resisted|p2b: Kommo-o|1\n|-damage|p2b: Kommo-o|78/100\n|-damage|p1a: Basculegion|82/100|[from] Recoil\n|cant|p2a: Corviknight|flinch\n|\n|-heal|p2b: Kommo-o|84/100|[from] item: Leftovers\n|upkeep\n|turn|5\n|inactive|Rumbeer has 30 seconds left.\n|inactive|Rumbeer has 20 seconds left.\n|\n|t:|1776184609\n|switch|p1b: Sinistcha|Sinistcha, L50|100/100\n|-heal|p1a: Basculegion|100/100|[from] ability: Hospitality|[of] p1b: Sinistcha\n|move|p2b: Kommo-o|Clanging Scales|p1b: Sinistcha|[spread] p1a,p1b\n|-damage|p1a: Basculegion|63/100\n|-damage|p1b: Sinistcha|70/100\n|-unboost|p2b: Kommo-o|def|1\n|move|p1a: Basculegion|Wave Crash|p2a: Corviknight\n|-damage|p2a: Corviknight|24/100\n|-enditem|p2a: Corviknight|Sitrus Berry|[eat]\n|-heal|p2a: Corviknight|49/100|[from] item: Sitrus Berry\n|-damage|p1a: Basculegion|50/100|[from] Recoil\n|move|p2a: Corviknight|Brave Bird|p1a: Basculegion\n|-damage|p1a: Basculegion|0 fnt\n|faint|p1a: Basculegion\n|-damage|p2a: Corviknight|34/100|[from] Recoil\n|\n|-heal|p2b: Kommo-o|91/100|[from] item: Leftovers\n|upkeep\n|\n|t:|1776184629\n|switch|p1a: Floette|Floette-Mega, L50, F|100/100\n|-ability|p1a: Floette|Fairy Aura\n|turn|6\n|\n|t:|1776184644\n|move|p1a: Floette|Protect|p1a: Floette\n|-singleturn|p1a: Floette|Protect\n|move|p1b: Sinistcha|Protect|p1b: Sinistcha\n|-singleturn|p1b: Sinistcha|Protect\n|move|p2b: Kommo-o|Clanging Scales|p1a: Floette|[spread] \n|-activate|p1a: Floette|move: Protect\n|-activate|p1b: Sinistcha|move: Protect\n|move|p2a: Corviknight|Roost|p2a: Corviknight\n|-heal|p2a: Corviknight|84/100\n|-singleturn|p2a: Corviknight|move: Roost\n|\n|-heal|p2b: Kommo-o|97/100|[from] item: Leftovers\n|-sideend|p2: Mirthinion|move: Tailwind\n|upkeep\n|turn|7\n|inactive|Rumbeer has 30 seconds left.\n|\n|t:|1776184670\n|switch|p1b: Incineroar|Incineroar, L50, F|59/100\n|-ability|p1b: Incineroar|Intimidate|boost\n|-ability|p2a: Corviknight|Mirror Armor\n|-unboost|p1b: Incineroar|atk|1\n|-unboost|p2b: Kommo-o|atk|1\n|move|p1a: Floette|Moonblast|p2a: Corviknight\n|-resisted|p2a: Corviknight|1\n|-damage|p2a: Corviknight|54/100\n|move|p2b: Kommo-o|Clanging Scales|p1a: Floette|[spread] p1b\n|-immune|p1a: Floette\n|-damage|p1b: Incineroar|35/100\n|-enditem|p1b: Incineroar|Sitrus Berry|[eat]\n|-heal|p1b: Incineroar|60/100|[from] item: Sitrus Berry\n|-unboost|p2b: Kommo-o|def|1\n|move|p2a: Corviknight|Brave Bird|p1b: Incineroar\n|-damage|p1b: Incineroar|27/100\n|-damage|p2a: Corviknight|43/100|[from] Recoil\n|\n|-heal|p2b: Kommo-o|100/100|[from] item: Leftovers\n|upkeep\n|turn|8\n|inactive|Mirthinion has 30 seconds left.\n|\n|t:|1776184695\n|switch|p2a: Incineroar|Incineroar, L50, M|100/100\n|-ability|p2a: Incineroar|Intimidate|boost\n|-unboost|p1a: Floette|atk|1\n|-unboost|p1b: Incineroar|atk|1\n|move|p1b: Incineroar|Fake Out|p2a: Incineroar\n|-damage|p2a: Incineroar|97/100\n|move|p1a: Floette|Moonblast|p2b: Kommo-o\n|-supereffective|p2b: Kommo-o|2\n|-damage|p2b: Kommo-o|0 fnt\n|faint|p2b: Kommo-o\n|\n|upkeep\n|\n|t:|1776184705\n|switch|p2b: Corviknight|Corviknight, L50, M|43/100\n|turn|9\n|\n|t:|1776184725\n|move|p2a: Incineroar|Fake Out|p1a: Floette\n|-damage|p1a: Floette|85/100\n|cant|p1a: Floette|flinch\n|move|p2b: Corviknight|Tailwind|p2b: Corviknight\n|-sidestart|p2: Mirthinion|move: Tailwind\n|move|p1b: Incineroar|Flare Blitz|p2b: Corviknight\n|-supereffective|p2b: Corviknight|1\n|-damage|p2b: Corviknight|8/100\n|-damage|p1b: Incineroar|15/100|[from] Recoil\n|\n|upkeep\n|turn|10\n|\n|t:|1776184748\n|switch|p1b: Sinistcha|Sinistcha, L50|70/100\n|-heal|p1a: Floette|100/100|[from] ability: Hospitality|[of] p1b: Sinistcha\n|move|p2b: Corviknight|Roost|p2b: Corviknight\n|-heal|p2b: Corviknight|58/100\n|-singleturn|p2b: Corviknight|move: Roost\n|move|p1a: Floette|Moonblast|p2b: Corviknight\n|-resisted|p2b: Corviknight|1\n|-damage|p2b: Corviknight|28/100\n|move|p2a: Incineroar|Flare Blitz|p1b: Sinistcha\n|-supereffective|p1b: Sinistcha|1\n|-damage|p1b: Sinistcha|0 fnt\n|faint|p1b: Sinistcha\n|-damage|p2a: Incineroar|76/100|[from] Recoil\n|\n|upkeep\n|\n|t:|1776184763\n|switch|p1b: Incineroar|Incineroar, L50, F|15/100\n|-ability|p1b: Incineroar|Intimidate|boost\n|-unboost|p2a: Incineroar|atk|1\n|-ability|p2b: Corviknight|Mirror Armor\n|-unboost|p1b: Incineroar|atk|1\n|turn|11\n|\n|t:|1776184775\n|switch|p2b: Primarina|Primarina, L50, F|100/100\n|move|p1b: Incineroar|Fake Out|p2b: Primarina\n|-damage|p2b: Primarina|90/100\n|move|p1a: Floette|Moonblast|p2b: Primarina\n|-damage|p2b: Primarina|22/100\n|move|p2a: Incineroar|Parting Shot|p1a: Floette\n|-unboost|p1a: Floette|atk|1\n|-unboost|p1a: Floette|spa|1\n|\n|t:|1776184785\n|switch|p2a: Corviknight|Corviknight, L50, M|28/100|[from] Parting Shot\n|\n|upkeep\n|turn|12\n|-activate|p2b: Primarina|item: Quick Claw\n|\n|t:|1776184801\n|move|p1a: Floette|Protect|p1a: Floette\n|-singleturn|p1a: Floette|Protect\n|move|p1b: Incineroar|Protect|p1b: Incineroar\n|-singleturn|p1b: Incineroar|Protect\n|move|p2b: Primarina|Hyper Voice|p1b: Incineroar|[spread] \n|-activate|p1a: Floette|move: Protect\n|-activate|p1b: Incineroar|move: Protect\n|move|p2a: Corviknight|Roost|p2a: Corviknight\n|-heal|p2a: Corviknight|78/100\n|-singleturn|p2a: Corviknight|move: Roost\n|\n|-sideend|p2: Mirthinion|move: Tailwind\n|upkeep\n|turn|13\n|\n|t:|1776184823\n|switch|p2b: Incineroar|Incineroar, L50, M|76/100\n|-ability|p2b: Incineroar|Intimidate|boost\n|-unboost|p1a: Floette|atk|1\n|-unboost|p1b: Incineroar|atk|1\n|move|p1a: Floette|Moonblast|p2b: Incineroar\n|-damage|p2b: Incineroar|37/100\n|move|p2a: Corviknight|Tailwind|p2a: Corviknight\n|-sidestart|p2: Mirthinion|move: Tailwind\n|move|p1b: Incineroar|Flare Blitz|p2a: Corviknight\n|-supereffective|p2a: Corviknight|1\n|-damage|p2a: Corviknight|43/100\n|-damage|p1b: Incineroar|3/100|[from] Recoil\n|\n|upkeep\n|turn|14\n|inactive|Rumbeer has 30 seconds left.\n|\n|t:|1776184853\n|move|p1b: Incineroar|Protect|p1b: Incineroar\n|-singleturn|p1b: Incineroar|Protect\n|move|p2a: Corviknight|Roost|p2a: Corviknight\n|-heal|p2a: Corviknight|93/100\n|-singleturn|p2a: Corviknight|move: Roost\n|move|p1a: Floette|Moonblast|p2b: Incineroar\n|-damage|p2b: Incineroar|0 fnt\n|faint|p2b: Incineroar\n|\n|upkeep\n|\n|t:|1776184863\n|switch|p2b: Primarina|Primarina, L50, F|22/100\n|turn|15\n|\n|t:|1776184871\n|move|p2b: Primarina|Hyper Voice|p1b: Incineroar|[spread] p1a,p1b\n|-supereffective|p1b: Incineroar|1\n|-damage|p1a: Floette|68/100\n|-damage|p1b: Incineroar|0 fnt\n|faint|p1b: Incineroar\n|move|p2a: Corviknight|Iron Head|p1a: Floette\n|-supereffective|p1a: Floette|1\n|-damage|p1a: Floette|0 fnt\n|faint|p1a: Floette\n|\n|win|Mirthinion\n|raw|Rumbeer's rating: 1176 &rarr; <strong>1151</strong><br />(-25 for losing)\n|raw|Mirthinion's rating: 1174 &rarr; <strong>1199</strong><br />(+25 for winning)\n|c|\u2606Mirthinion|gg\n",
  "uploadtime": 1776185775,
  "views": 39,
  "formatid": "gen9championsvgc2026regma",
  "rating": 1151,
  "private": 0,
  "password": null
}