{
  "id": "gen9championsvgc2026regma-2580597573",
  "format": "[Gen 9 Champions] VGC 2026 Reg M-A",
  "players": [
    "sjysjy",
    "tf2026"
  ],
  "log": "|j|\u2606sjysjy\n|j|\u2606tf2026\n|t:|1775916658\n|gametype|doubles\n|player|p1|sjysjy|101|1232\n|player|p2|tf2026|2|1311\n|gen|9\n|tier|[Gen 9 Champions] VGC 2026 Reg M-A\n|rated|\n|rule|Species Clause: Limit one of each Pok\u00e9mon\n|rule|Item Clause: Limit 1 of each item\n|clearpoke\n|poke|p1|Gengar, L50, F|\n|poke|p1|Garchomp, L50, F|\n|poke|p1|Whimsicott, L50, F|\n|poke|p1|Typhlosion-Hisui, L50, F|\n|poke|p1|Kingambit, L50, M|\n|poke|p1|Rotom-Wash, L50|\n|poke|p2|Froslass, L50, F|\n|poke|p2|Milotic, L50, F|\n|poke|p2|Azumarill, L50, F|\n|poke|p2|Sinistcha-Masterpiece, L50|\n|poke|p2|Sneasler, L50, M|\n|poke|p2|Whimsicott, L50, F|\n|teampreview|4\n|\n|t:|1775916707\n|teamsize|p1|4\n|teamsize|p2|4\n|start\n|switch|p1a: Whimsicott|Whimsicott, L50, F|100/100\n|switch|p1b: Typhlosion|Typhlosion-Hisui, L50, F|100/100\n|switch|p2a: Froslass|Froslass, L50, F|100/100\n|switch|p2b: Whimsicott|Whimsicott, L50, F|100/100\n|turn|1\n|\n|t:|1775916719\n|move|p2a: Froslass|Protect|p2a: Froslass\n|-singleturn|p2a: Froslass|Protect\n|move|p1a: Whimsicott|Tailwind|p1a: Whimsicott\n|-sidestart|p1: sjysjy|move: Tailwind\n|move|p2b: Whimsicott|Taunt|p1a: Whimsicott\n|-start|p1a: Whimsicott|move: Taunt\n|move|p1b: Typhlosion|Eruption|p2a: Froslass|[spread] p2b\n|-activate|p2a: Froslass|move: Protect\n|-supereffective|p2b: Whimsicott|1\n|-enditem|p2b: Whimsicott|Focus Sash\n|-damage|p2b: Whimsicott|1/100\n|\n|upkeep\n|turn|2\n|\n|t:|1775916738\n|switch|p1a: Rotom|Rotom-Wash, L50|100/100\n|detailschange|p2a: Froslass|Froslass-Mega, L50, F\n|-mega|p2a: Froslass|Froslass|Froslassite\n|-weather|Snowscape|[from] ability: Snow Warning|[of] p2a: Froslass\n|move|p2b: Whimsicott|Tailwind|p2b: Whimsicott\n|-sidestart|p2: tf2026|move: Tailwind\n|move|p1b: Typhlosion|Eruption|p2b: Whimsicott|[spread] p2a,p2b\n|-supereffective|p2a: Froslass|1\n|-supereffective|p2b: Whimsicott|1\n|-damage|p2a: Froslass|0 fnt\n|-damage|p2b: Whimsicott|0 fnt\n|faint|p2a: Froslass\n|faint|p2b: Whimsicott\n|\n|-weather|Snowscape|[upkeep]\n|upkeep\n|j| paoxiaohufensi\n|\n|t:|1775916747\n|switch|p2a: Sinistcha|Sinistcha-Masterpiece, L50|100/100\n|switch|p2b: Azumarill|Azumarill, L50, F|100/100\n|turn|3\n|\n|t:|1775916761\n|move|p2b: Azumarill|Aqua Jet|p1b: Typhlosion\n|-supereffective|p1b: Typhlosion|1\n|-damage|p1b: Typhlosion|26/100\n|move|p1b: Typhlosion|Eruption|p2b: Azumarill|[spread] p2a,p2b\n|-supereffective|p2a: Sinistcha|1\n|-resisted|p2b: Azumarill|1\n|-damage|p2a: Sinistcha|53/100\n|-damage|p2b: Azumarill|90/100\n|move|p1a: Rotom|Thunderbolt|p2b: Azumarill\n|-supereffective|p2b: Azumarill|1\n|-damage|p2b: Azumarill|17/100\n|-enditem|p2b: Azumarill|Sitrus Berry|[eat]\n|-heal|p2b: Azumarill|42/100|[from] item: Sitrus Berry\n|move|p2a: Sinistcha|Matcha Gotcha|p1a: Rotom|[spread] p1a,p1b\n|-supereffective|p1a: Rotom|1\n|-resisted|p1b: Typhlosion|1\n|-damage|p1a: Rotom|28/100\n|-heal|p2a: Sinistcha|89/100|[from] drain|[of] p1a: Rotom\n|-damage|p1b: Typhlosion|2/100\n|-heal|p2a: Sinistcha|100/100|[from] drain|[of] p1b: Typhlosion\n|-enditem|p1a: Rotom|Sitrus Berry|[eat]\n|-heal|p1a: Rotom|53/100|[from] item: Sitrus Berry\n|\n|-weather|Snowscape|[upkeep]\n|upkeep\n|turn|4\n|\n|t:|1775916784\n|switch|p1b: Whimsicott|Whimsicott, L50, F|100/100\n|move|p2a: Sinistcha|Protect|p2a: Sinistcha\n|-singleturn|p2a: Sinistcha|Protect\n|move|p1a: Rotom|Thunderbolt|p2b: Azumarill\n|-supereffective|p2b: Azumarill|1\n|-damage|p2b: Azumarill|0 fnt\n|faint|p2b: Azumarill\n|\n|-weather|Snowscape|[upkeep]\n|-sideend|p1: sjysjy|move: Tailwind\n|upkeep\n|turn|5\n|j| Jackie67890\n|\n|t:|1775916803\n|move|p1b: Whimsicott|Fake Tears|p2a: Sinistcha\n|-unboost|p2a: Sinistcha|spd|2\n|move|p2a: Sinistcha|Matcha Gotcha|p1a: Rotom|[spread] p1a,p1b\n|-supereffective|p1a: Rotom|1\n|-resisted|p1b: Whimsicott|1\n|-damage|p1a: Rotom|0 fnt\n|-damage|p1b: Whimsicott|67/100\n|faint|p1a: Rotom\n|\n|-weather|Snowscape|[upkeep]\n|-sideend|p2: tf2026|move: Tailwind\n|upkeep\n|-message|tf2026 forfeited.\n|\n|win|sjysjy\n|raw|sjysjy's rating: 1232 &rarr; <strong>1264</strong><br />(+32 for winning)\n|raw|tf2026's rating: 1331 &rarr; <strong>1305</strong><br />(-26 for losing)\n|l|\u2606tf2026\n|player|p2|\n|l| Jackie67890\n",
  "uploadtime": 1775916814,
  "views": 59,
  "formatid": "gen9championsvgc2026regma",
  "rating": 1264,
  "private": 0,
  "password": null
}