{
  "id": "gen9championsvgc2026regma-2585845050",
  "format": "[Gen 9 Champions] VGC 2026 Reg M-A",
  "players": [
    "mariete952",
    "qtestq"
  ],
  "log": "|j|\u2606mariete952\n|j|\u2606qtestq\n|t:|1776374996\n|gametype|doubles\n|player|p1|mariete952|ethan|1224\n|player|p2|qtestq|hilbert-wonderlauncher|1182\n|gen|9\n|tier|[Gen 9 Champions] VGC 2026 Reg M-A\n|rated|\n|rule|Species Clause: Limit one of each Pok\u00e9mon\n|rule|Item Clause: Limit 1 of each item\n|clearpoke\n|poke|p1|Garchomp, L50, M|\n|poke|p1|Tyranitar, L50, M|\n|poke|p1|Gyarados, L50, F|\n|poke|p1|Sinistcha, L50|\n|poke|p1|Rotom-Wash, L50|\n|poke|p1|Sneasler, L50, M|\n|poke|p2|Charizard, L50, M|\n|poke|p2|Milotic, L50, F|\n|poke|p2|Sinistcha, L50|\n|poke|p2|Whimsicott, L50, M|\n|poke|p2|Aegislash, L50, F|\n|poke|p2|Incineroar, L50, M|\n|teampreview|4\n|inactive|Battle timer is ON: inactive players will automatically lose when time's up. (requested by qtestq)\n|\n|t:|1776375055\n|teamsize|p1|4\n|teamsize|p2|4\n|start\n|switch|p1a: Garchomp|Garchomp, L50, M|100/100\n|switch|p1b: Sneasler|Sneasler, L50, M|100/100\n|switch|p2a: Whimsicott|Whimsicott, L50, M|100/100\n|switch|p2b: Charizard|Charizard, L50, M|100/100\n|turn|1\n|\n|t:|1776375073\n|detailschange|p2b: Charizard|Charizard-Mega-X, L50, M\n|-mega|p2b: Charizard|Charizard|Charizardite X\n|move|p1b: Sneasler|Fake Out|p2a: Whimsicott\n|-damage|p2a: Whimsicott|79/100\n|cant|p2a: Whimsicott|flinch\n|move|p1a: Garchomp|Poison Jab|p2a: Whimsicott\n|-supereffective|p2a: Whimsicott|2\n|-damage|p2a: Whimsicott|0 fnt\n|faint|p2a: Whimsicott\n|move|p2b: Charizard|Flare Blitz|p1b: Sneasler\n|-damage|p1b: Sneasler|0 fnt\n|faint|p1b: Sneasler\n|-damage|p2b: Charizard|73/100|[from] Recoil\n|\n|upkeep\n|\n|t:|1776375094\n|switch|p2a: Milotic|Milotic, L50, F|100/100\n|switch|p1b: Tyranitar|Tyranitar, L50, M|100/100\n|-weather|Sandstorm|[from] ability: Sand Stream|[of] p1b: Tyranitar\n|turn|2\n|\n|t:|1776375110\n|switch|p1a: Sinistcha|Sinistcha, L50|100/100\n|detailschange|p1b: Tyranitar|Tyranitar-Mega, L50, M\n|-mega|p1b: Tyranitar|Tyranitar|Tyranitarite\n|move|p2b: Charizard|Protect|p2b: Charizard\n|-singleturn|p2b: Charizard|Protect\n|move|p2a: Milotic|Icy Wind|p1a: Sinistcha|[spread] p1b\n|-miss|p2a: Milotic|p1a: Sinistcha\n|-damage|p1b: Tyranitar|95/100\n|-unboost|p1b: Tyranitar|spe|1\n|move|p1b: Tyranitar|Rock Slide|p2b: Charizard|[spread] p2a\n|-activate|p2b: Charizard|move: Protect\n|-crit|p2a: Milotic\n|-damage|p2a: Milotic|44/100\n|\n|-weather|Sandstorm|[upkeep]\n|-damage|p2b: Charizard|67/100|[from] Sandstorm\n|-damage|p1a: Sinistcha|94/100|[from] Sandstorm\n|-damage|p2a: Milotic|38/100|[from] Sandstorm\n|-heal|p2a: Milotic|44/100|[from] item: Leftovers\n|upkeep\n|turn|3\n|inactive|mariete952 has 30 seconds left.\n|\n|t:|1776375139\n|switch|p2a: Sinistcha|Sinistcha, L50|100/100\n|-heal|p2b: Charizard|92/100|[from] ability: Hospitality|[of] p2a: Sinistcha\n|move|p2b: Charizard|Dragon Claw|p1b: Tyranitar\n|-damage|p1b: Tyranitar|68/100\n|move|p1a: Sinistcha|Matcha Gotcha|p2a: Sinistcha|[spread] p2a\n|-miss|p1a: Sinistcha|p2b: Charizard\n|-resisted|p2a: Sinistcha|1\n|-damage|p2a: Sinistcha|85/100\n|-heal|p1a: Sinistcha|100/100|[from] drain|[of] p2a: Sinistcha\n|move|p1b: Tyranitar|Rock Slide|p2b: Charizard|[spread] p2a,p2b\n|-supereffective|p2b: Charizard|1\n|-damage|p2a: Sinistcha|54/100\n|-damage|p2b: Charizard|23/100\n|\n|-weather|Sandstorm|[upkeep]\n|-damage|p2b: Charizard|17/100|[from] Sandstorm\n|-damage|p1a: Sinistcha|94/100|[from] Sandstorm\n|-damage|p2a: Sinistcha|48/100|[from] Sandstorm\n|-enditem|p2a: Sinistcha|Sitrus Berry|[eat]\n|-heal|p2a: Sinistcha|72/100|[from] item: Sitrus Berry\n|upkeep\n|turn|4\n|\n|t:|1776375163\n|move|p2b: Charizard|Flare Blitz|p1a: Sinistcha\n|-supereffective|p1a: Sinistcha|1\n|-damage|p1a: Sinistcha|0 fnt\n|faint|p1a: Sinistcha\n|-damage|p2b: Charizard|0 fnt|[from] Recoil\n|faint|p2b: Charizard\n|move|p2a: Sinistcha|Matcha Gotcha|p1b: Tyranitar\n|-supereffective|p1b: Tyranitar|1\n|-crit|p1b: Tyranitar\n|-damage|p1b: Tyranitar|9/100\n|-heal|p2a: Sinistcha|100/100|[from] drain|[of] p1b: Tyranitar\n|move|p1b: Tyranitar|Rock Slide|p2a: Sinistcha\n|-damage|p2a: Sinistcha|56/100\n|\n|-weather|Sandstorm|[upkeep]\n|-damage|p2a: Sinistcha|50/100|[from] Sandstorm\n|upkeep\n|\n|t:|1776375178\n|switch|p2b: Milotic|Milotic, L50, F|44/100\n|switch|p1a: Garchomp|Garchomp, L50, M|100/100\n|turn|5\n|inactive|qtestq has 30 seconds left.\n|inactive|qtestq has 20 seconds left.\n|\n|t:|1776375216\n|move|p1b: Tyranitar|Protect|p1b: Tyranitar\n|-singleturn|p1b: Tyranitar|Protect\n|move|p1a: Garchomp|Earthquake|p2a: Sinistcha|[spread] p2a,p2b\n|-activate|p1b: Tyranitar|move: Protect\n|-resisted|p2a: Sinistcha|1\n|-damage|p2a: Sinistcha|34/100\n|-damage|p2b: Milotic|8/100\n|move|p2b: Milotic|Ice Beam|p1a: Garchomp\n|-supereffective|p1a: Garchomp|2\n|-crit|p1a: Garchomp\n|-damage|p1a: Garchomp|0 fnt\n|faint|p1a: Garchomp\n|move|p2a: Sinistcha|Matcha Gotcha|p1b: Tyranitar\n|-activate|p1b: Tyranitar|move: Protect\n|\n|-weather|Sandstorm|[upkeep]\n|-damage|p2b: Milotic|2/100|[from] Sandstorm\n|-damage|p2a: Sinistcha|27/100|[from] Sandstorm\n|-heal|p2b: Milotic|8/100|[from] item: Leftovers\n|upkeep\n|turn|6\n|-message|mariete952 forfeited.\n|\n|win|qtestq\n|raw|mariete952's rating: 1224 &rarr; <strong>1196</strong><br />(-28 for losing)\n|raw|qtestq's rating: 1182 &rarr; <strong>1210</strong><br />(+28 for winning)\n|l|\u2606mariete952\n|player|p1|\n",
  "uploadtime": 1776375248,
  "views": 29,
  "formatid": "gen9championsvgc2026regma",
  "rating": 1196,
  "private": 0,
  "password": null
}