{
  "id": "gen9championsvgc2026regma-2585546333",
  "format": "[Gen 9 Champions] VGC 2026 Reg M-A",
  "players": [
    "antonmarci",
    "galargiant"
  ],
  "log": "|j|\u2606antonmarci\n|j|\u2606galargiant\n|t:|1776354664\n|gametype|doubles\n|player|p1|antonmarci|jasmine|1081\n|player|p2|galargiant|169|1103\n|gen|9\n|tier|[Gen 9 Champions] VGC 2026 Reg M-A\n|rated|\n|rule|Species Clause: Limit one of each Pok\u00e9mon\n|rule|Item Clause: Limit 1 of each item\n|clearpoke\n|poke|p1|Politoed, L50, M|\n|poke|p1|Gengar, L50, F|\n|poke|p1|Meganium, L50, M|\n|poke|p1|Basculegion, L50, M|\n|poke|p1|Aerodactyl, L50, M|\n|poke|p1|Archaludon, L50, M|\n|poke|p2|Froslass, L50, F|\n|poke|p2|Kingambit, L50, M|\n|poke|p2|Sneasler, L50, M|\n|poke|p2|Aerodactyl, L50, M|\n|poke|p2|Zoroark-Hisui, L50, M|\n|poke|p2|Incineroar, L50, F|\n|teampreview|4\n|\n|t:|1776354692\n|teamsize|p1|4\n|teamsize|p2|4\n|start\n|switch|p1a: Aerodactyl|Aerodactyl, L50, M|100/100\n|switch|p1b: Basculegion|Basculegion, L50, M|100/100\n|switch|p2a: Sneasler|Sneasler, L50, M|100/100\n|switch|p2b: Froslass|Froslass, L50, F|100/100\n|-ability|p1a: Aerodactyl|Pressure\n|turn|1\n|inactive|Battle timer is ON: inactive players will automatically lose when time's up. (requested by galargiant)\n|\n|t:|1776354708\n|move|p1a: Aerodactyl|Protect|p1a: Aerodactyl\n|-singleturn|p1a: Aerodactyl|Protect\n|move|p2a: Sneasler|Fake Out|p1a: Aerodactyl\n|-activate|p1a: Aerodactyl|move: Protect\n|move|p2b: Froslass|Bitter Malice|p1b: Basculegion\n|-supereffective|p1b: Basculegion|1\n|-damage|p1b: Basculegion|17/100\n|-unboost|p1b: Basculegion|atk|1\n|move|p1b: Basculegion|Last Respects|p2b: Froslass\n|-immune|p2b: Froslass\n|\n|upkeep\n|turn|2\n|inactive|galargiant has 30 seconds left.\n|\n|t:|1776354736\n|switch|p2a: Kingambit|Kingambit, L50, M|100/100\n|move|p2b: Froslass|Bitter Malice|p1b: Basculegion\n|-supereffective|p1b: Basculegion|1\n|-damage|p1b: Basculegion|0 fnt\n|faint|p1b: Basculegion\n|move|p1a: Aerodactyl|Dual Wingbeat|p2a: Kingambit\n|-resisted|p2a: Kingambit|1\n|-damage|p2a: Kingambit|94/100\n|-resisted|p2a: Kingambit|1\n|-damage|p2a: Kingambit|87/100\n|-hitcount|p2a: Kingambit|2\n|\n|upkeep\n|\n|t:|1776354742\n|switch|p1b: Meganium|Meganium, L50, M|100/100\n|turn|3\n|\n|t:|1776354760\n|switch|p2b: Sneasler|Sneasler, L50, M|100/100\n|switch|p1a: Politoed|Politoed, L50, M|100/100\n|-weather|RainDance|[from] ability: Drizzle|[of] p1a: Politoed\n|detailschange|p1b: Meganium|Meganium-Mega, L50, M\n|-mega|p1b: Meganium|Meganium|Meganiumite\n|move|p1b: Meganium|Weather Ball|p2a: Kingambit\n|-supereffective|p2a: Kingambit|1\n|-damage|p2a: Kingambit|0 fnt\n|faint|p2a: Kingambit\n|\n|-weather|RainDance|[upkeep]\n|upkeep\n|\n|t:|1776354771\n|switch|p2a: Froslass|Froslass, L50, F|100/100\n|turn|4\n|\n|t:|1776354781\n|switch|p1b: Aerodactyl|Aerodactyl, L50, M|100/100\n|-ability|p1b: Aerodactyl|Pressure\n|detailschange|p2a: Froslass|Froslass-Mega, L50, F\n|-mega|p2a: Froslass|Froslass|Froslassite\n|-weather|Snowscape|[from] ability: Snow Warning|[of] p2a: Froslass\n|move|p2a: Froslass|Thunderbolt|p1a: Politoed\n|-supereffective|p1a: Politoed|1\n|-damage|p1a: Politoed|50/100\n|-enditem|p1a: Politoed|Sitrus Berry|[eat]\n|-heal|p1a: Politoed|75/100|[from] item: Sitrus Berry\n|move|p2b: Sneasler|Dire Claw|p1b: Aerodactyl\n|-resisted|p1b: Aerodactyl|1\n|-damage|p1b: Aerodactyl|70/100\n|-status|p1b: Aerodactyl|slp\n|move|p1a: Politoed|Perish Song|p1a: Politoed\n|-start|p1a: Politoed|perish3|[silent]\n|-start|p1b: Aerodactyl|perish3|[silent]\n|-start|p2a: Froslass|perish3|[silent]\n|-start|p2b: Sneasler|perish3|[silent]\n|-fieldactivate|move: Perish Song\n|\n|-weather|Snowscape|[upkeep]\n|-start|p1b: Aerodactyl|perish3\n|-start|p2a: Froslass|perish3\n|-start|p2b: Sneasler|perish3\n|-start|p1a: Politoed|perish3\n|upkeep\n|turn|5\n|inactive|antonmarci has 30 seconds left.\n|inactive|antonmarci has 20 seconds left.\n|\n|t:|1776354817\n|move|p1a: Politoed|Protect|p1a: Politoed\n|-singleturn|p1a: Politoed|Protect\n|cant|p1b: Aerodactyl|slp\n|move|p2a: Froslass|Blizzard|p1b: Aerodactyl|[spread] p1b\n|-activate|p1a: Politoed|move: Protect\n|-supereffective|p1b: Aerodactyl|1\n|-damage|p1b: Aerodactyl|0 fnt\n|faint|p1b: Aerodactyl\n|move|p2b: Sneasler|Close Combat|p1a: Politoed\n|-activate|p1a: Politoed|move: Protect\n|\n|-weather|Snowscape|[upkeep]\n|-start|p2b: Sneasler|perish2\n|-start|p2a: Froslass|perish2\n|-start|p1a: Politoed|perish2\n|upkeep\n|\n|t:|1776354820\n|switch|p1b: Meganium|Meganium-Mega, L50, M|100/100\n|turn|6\n|\n|t:|1776354842\n|switch|p2a: Froslass|Froslass-Mega, L50, F|100/100\n|move|p2b: Sneasler|Close Combat|p1a: Politoed\n|-damage|p1a: Politoed|9/100\n|-unboost|p2b: Sneasler|def|1\n|-unboost|p2b: Sneasler|spd|1\n|-enditem|p2b: Sneasler|White Herb\n|-clearnegativeboost|p2b: Sneasler|[silent]\n|move|p1b: Meganium|Solar Beam||[still]\n|-prepare|p1b: Meganium|Solar Beam\n|-activate|p1b: Meganium|ability: Mega Sol\n|-anim|p1b: Meganium|Solar Beam|p2b: Sneasler\n|-resisted|p2b: Sneasler|1\n|-damage|p2b: Sneasler|53/100\n|move|p1a: Politoed|Hydro Pump|p2b: Sneasler\n|-damage|p2b: Sneasler|2/100\n|\n|-weather|Snowscape|[upkeep]\n|-start|p2b: Sneasler|perish1\n|-start|p1a: Politoed|perish1\n|upkeep\n|turn|7\n|\n|t:|1776354864\n|move|p1a: Politoed|Protect|p1a: Politoed\n|-singleturn|p1a: Politoed|Protect\n|move|p2b: Sneasler|Dire Claw|p1b: Meganium\n|-supereffective|p1b: Meganium|2\n|-damage|p1b: Meganium|0 fnt\n|faint|p1b: Meganium\n|move|p2a: Froslass|Hyper Voice|p1a: Politoed\n|-activate|p1a: Politoed|move: Protect\n|\n|-weather|Snowscape|[upkeep]\n|-start|p2b: Sneasler|perish0\n|-start|p1a: Politoed|perish0\n|faint|p2b: Sneasler\n|faint|p1a: Politoed\n|\n|win|galargiant\n|raw|antonmarci's rating: 1081 &rarr; <strong>1060</strong><br />(-21 for losing)\n|raw|galargiant's rating: 1103 &rarr; <strong>1126</strong><br />(+23 for winning)\n|l|\u2606antonmarci\n|player|p1|\n",
  "uploadtime": 1776354878,
  "views": 27,
  "formatid": "gen9championsvgc2026regma",
  "rating": 1060,
  "private": 0,
  "password": null
}