{
  "id": "gen9championsvgc2026regma-2584082909",
  "format": "[Gen 9 Champions] VGC 2026 Reg M-A",
  "players": [
    "Megaweeds",
    "0v4n"
  ],
  "log": "|j|\u2606Megaweeds\n|j|\u26060v4n\n|t:|1776223360\n|gametype|doubles\n|player|p1|Megaweeds|cynthia|1079\n|player|p2|0v4n|1|1000\n|gen|9\n|tier|[Gen 9 Champions] VGC 2026 Reg M-A\n|rated|\n|rule|Species Clause: Limit one of each Pok\u00e9mon\n|rule|Item Clause: Limit 1 of each item\n|clearpoke\n|poke|p1|Garchomp, L50, M|\n|poke|p1|Whimsicott, L50, M|\n|poke|p1|Rotom-Wash, L50|\n|poke|p1|Incineroar, L50, M|\n|poke|p1|Sinistcha, L50|\n|poke|p1|Basculegion, L50, M|\n|poke|p2|Starmie, L50|\n|poke|p2|Talonflame, L50, M|\n|poke|p2|Sinistcha, L50|\n|poke|p2|Absol, L50, F|\n|poke|p2|Arbok, L50, M|\n|poke|p2|Hatterene, L50, F|\n|teampreview|4\n|inactive|Battle timer is ON: inactive players will automatically lose when time's up. (requested by Megaweeds)\nMegaweeds rejected open team sheets.\n|\n|t:|1776223390\n|teamsize|p1|4\n|teamsize|p2|4\n|start\n|switch|p1a: Garchomp|Garchomp, L50, M, shiny|100/100\n|switch|p1b: Whimsicott|Whimsicott, L50, M|100/100\n|switch|p2a: Talonflame|Talonflame, L50, M|100/100\n|switch|p2b: Arbok|Arbok, L50, M|100/100\n|-ability|p2b: Arbok|Intimidate|boost\n|-unboost|p1a: Garchomp|atk|1\n|-unboost|p1b: Whimsicott|atk|1\n|turn|1\n|\n|t:|1776223410\n|detailschange|p1a: Garchomp|Garchomp-Mega, L50, M, shiny\n|-mega|p1a: Garchomp|Garchomp|Garchompite\n|move|p1b: Whimsicott|Tailwind|p1b: Whimsicott\n|-sidestart|p1: Megaweeds|move: Tailwind\n|move|p1a: Garchomp|Rock Slide|p2a: Talonflame|[spread] p2a,p2b\n|-supereffective|p2a: Talonflame|2\n|-damage|p2a: Talonflame|8/100\n|-damage|p2b: Arbok|77/100\n|move|p2a: Talonflame|Tailwind|p2a: Talonflame\n|-sidestart|p2: 0v4n|move: Tailwind\n|move|p2b: Arbok|Gunk Shot|p1b: Whimsicott|[miss]\n|-miss|p2b: Arbok|p1b: Whimsicott\n|\n|upkeep\n|turn|2\n|inactive|0v4n has 30 seconds left.\n|\n|t:|1776223442\n|move|p1b: Whimsicott|Helping Hand|p1a: Garchomp\n|-singleturn|p1a: Garchomp|Helping Hand|[of] p1b: Whimsicott\n|move|p2a: Talonflame|U-turn|p1b: Whimsicott\n|-damage|p1b: Whimsicott|82/100\n|\n|t:|1776223449\n|switch|p2a: Sinistcha|Sinistcha, L50|100/100|[from] U-turn\n|-heal|p2b: Arbok|100/100|[from] ability: Hospitality|[of] p2a: Sinistcha\n|move|p1a: Garchomp|Rock Slide|p2a: Sinistcha|[spread] p2a,p2b\n|-damage|p2a: Sinistcha|79/100\n|-damage|p2b: Arbok|69/100\n|move|p2b: Arbok|Gunk Shot|p1b: Whimsicott\n|-supereffective|p1b: Whimsicott|2\n|-damage|p1b: Whimsicott|0 fnt\n|faint|p1b: Whimsicott\n|\n|-heal|p2a: Sinistcha|85/100|[from] item: Leftovers\n|upkeep\n|\n|t:|1776223463\n|switch|p1b: Rotom|Rotom-Wash, L50|100/100\n|turn|3\n|\n|t:|1776223488\n|move|p2b: Arbok|Protect|p2b: Arbok\n|-singleturn|p2b: Arbok|Protect\n|move|p1a: Garchomp|Earthquake|p2a: Sinistcha|[spread] p2a\n|-activate|p2b: Arbok|move: Protect\n|-immune|p1b: Rotom|[from] ability: Levitate\n|-resisted|p2a: Sinistcha|1\n|-damage|p2a: Sinistcha|68/100\n|move|p1b: Rotom|Will-O-Wisp|p2b: Arbok\n|-activate|p2b: Arbok|move: Protect\n|move|p2a: Sinistcha|Matcha Gotcha|p1a: Garchomp|[spread] p1a,p1b\n|-supereffective|p1b: Rotom|1\n|-damage|p1a: Garchomp|67/100\n|-heal|p2a: Sinistcha|86/100|[from] drain|[of] p1a: Garchomp\n|-damage|p1b: Rotom|32/100\n|-heal|p2a: Sinistcha|100/100|[from] drain|[of] p1b: Rotom\n|\n|-heal|p1b: Rotom|37/100|[from] item: Leftovers\n|upkeep\n|turn|4\n|inactive|Megaweeds has 30 seconds left.\n|\n|t:|1776223518\n|switch|p2b: Talonflame|Talonflame, L50, M|8/100\n|move|p1a: Garchomp|Earthquake|p2b: Talonflame|[spread] p2a\n|-immune|p1b: Rotom|[from] ability: Levitate\n|-immune|p2b: Talonflame\n|-resisted|p2a: Sinistcha|1\n|-damage|p2a: Sinistcha|86/100\n|move|p1b: Rotom|Volt Switch|p2b: Talonflame\n|-supereffective|p2b: Talonflame|1\n|-damage|p2b: Talonflame|0 fnt\n|faint|p2b: Talonflame\n|\n|t:|1776223520\n|switch|p1b: Basculegion|Basculegion, L50, M|100/100|[from] Volt Switch\n|move|p2a: Sinistcha|Matcha Gotcha|p1a: Garchomp|[spread] p1a,p1b\n|-supereffective|p1b: Basculegion|1\n|-damage|p1a: Garchomp|33/100\n|-heal|p2a: Sinistcha|100/100|[from] drain|[of] p1a: Garchomp\n|-damage|p1b: Basculegion|26/100\n|\n|-sideend|p2: 0v4n|move: Tailwind\n|-sideend|p1: Megaweeds|move: Tailwind\n|upkeep\n|\n|t:|1776223541\n|switch|p2b: Arbok|Arbok, L50, M|69/100\n|-ability|p2b: Arbok|Intimidate|boost\n|-unboost|p1a: Garchomp|atk|1\n|-unboost|p1b: Basculegion|atk|1\n|turn|5\n|\n|t:|1776223556\n|switch|p1a: Rotom|Rotom-Wash, L50|37/100\n|move|p2b: Arbok|Sucker Punch|p1b: Basculegion\n|-supereffective|p1b: Basculegion|1\n|-damage|p1b: Basculegion|0 fnt\n|faint|p1b: Basculegion\n|move|p2a: Sinistcha|Shadow Ball|p1a: Rotom\n|-damage|p1a: Rotom|0 fnt\n|faint|p1a: Rotom\n|\n|upkeep\n|-message|Megaweeds forfeited.\n|\n|win|0v4n\n|raw|Megaweeds's rating: 1079 &rarr; <strong>1052</strong><br />(-27 for losing)\n|raw|0v4n's rating: 1000 &rarr; <strong>1049</strong><br />(+49 for winning)\n|l|\u2606Megaweeds\n|player|p1|\n",
  "uploadtime": 1776223572,
  "views": 41,
  "formatid": "gen9championsvgc2026regma",
  "rating": 1049,
  "private": 0,
  "password": null
}