{
  "id": "gen9championsvgc2026regma-2586838014",
  "format": "[Gen 9 Champions] VGC 2026 Reg M-A",
  "players": [
    "Aeterna Act 2",
    "ShayCarly"
  ],
  "log": "|j|\u2606Aeterna Act 2\n|j|\u2606ShayCarly\n|t:|1776464128\n|gametype|doubles\n|player|p1|Aeterna Act 2|marnie|1110\n|player|p2|ShayCarly|roxie|1049\n|gen|9\n|tier|[Gen 9 Champions] VGC 2026 Reg M-A\n|rated|\n|rule|Species Clause: Limit one of each Pok\u00e9mon\n|rule|Item Clause: Limit 1 of each item\n|clearpoke\n|poke|p1|Aggron, L50, M|\n|poke|p1|Sinistcha, L50|\n|poke|p1|Incineroar, L50, F|\n|poke|p1|Alakazam, L50, M|\n|poke|p1|Rotom-Wash, L50|\n|poke|p1|Drampa, L50, M|\n|poke|p2|Weavile, L50, F|\n|poke|p2|Sneasler, L50, F|\n|poke|p2|Zoroark-Hisui, L50, F|\n|poke|p2|Glimmora, L50, F|\n|poke|p2|Meowscarada, L50, F|\n|poke|p2|Whimsicott, L50, F|\n|teampreview|4\n|inactive|Battle timer is ON: inactive players will automatically lose when time's up. (requested by ShayCarly)\n|inactive|Aeterna Act 2 has 60 seconds left.\n|inactive|ShayCarly has 60 seconds left.\n|\n|t:|1776464169\n|teamsize|p1|4\n|teamsize|p2|4\n|start\n|switch|p1a: Alakazam|Alakazam, L50, M|100/100\n|switch|p1b: Aggron|Aggron, L50, M|100/100\n|switch|p2a: Meowscarada|Meowscarada, L50, F|100/100\n|switch|p2b: Whimsicott|Whimsicott, L50, F|100/100\n|turn|1\n|inactive|Aeterna Act 2 has 30 seconds left.\n|\n|t:|1776464194\n|detailschange|p1b: Aggron|Aggron-Mega, L50, M\n|-mega|p1b: Aggron|Aggron|Aggronite\n|move|p2b: Whimsicott|Taunt|p1a: Alakazam\n|-start|p1a: Alakazam|move: Taunt\n|move|p2a: Meowscarada|Low Kick|p1b: Aggron\n|-start|p2a: Meowscarada|typechange|Fighting|[from] ability: Protean\n|-supereffective|p1b: Aggron|1\n|-damage|p1b: Aggron|62/100\n|cant|p1a: Alakazam|move: Taunt|Speed Swap\n|move|p1b: Aggron|Body Press|p2a: Meowscarada\n|-damage|p2a: Meowscarada|38/100\n|\n|upkeep\n|turn|2\n|inactive|Aeterna Act 2 has 30 seconds left.\n|inactive|Aeterna Act 2 has 20 seconds left.\n|\n|t:|1776464238\n|switch|p1b: Incineroar|Incineroar, L50, F|100/100\n|-ability|p1b: Incineroar|Intimidate|boost\n|-unboost|p2a: Meowscarada|atk|1\n|-unboost|p2b: Whimsicott|atk|1\n|move|p2a: Meowscarada|Low Kick|p1b: Incineroar\n|-supereffective|p1b: Incineroar|1\n|-damage|p1b: Incineroar|52/100\n|move|p1a: Alakazam|Psychic|p2b: Whimsicott\n|-damage|p2b: Whimsicott|34/100\n|move|p2b: Whimsicott|Moonblast|p1b: Incineroar\n|-damage|p1b: Incineroar|34/100\n|-enditem|p1b: Incineroar|Sitrus Berry|[eat]\n|-heal|p1b: Incineroar|58/100|[from] item: Sitrus Berry\n|\n|upkeep\n|turn|3\n|inactive|ShayCarly has 30 seconds left.\n|\n|t:|1776464268\n|move|p1b: Incineroar|Fake Out|p2b: Whimsicott\n|-damage|p2b: Whimsicott|25/100\n|cant|p2b: Whimsicott|flinch\n|move|p2a: Meowscarada|Low Kick|p1b: Incineroar\n|-supereffective|p1b: Incineroar|1\n|-damage|p1b: Incineroar|5/100\n|move|p1a: Alakazam|Psychic|p2a: Meowscarada\n|-supereffective|p2a: Meowscarada|1\n|-damage|p2a: Meowscarada|0 fnt\n|faint|p2a: Meowscarada\n|\n|-end|p1a: Alakazam|move: Taunt\n|upkeep\n|\n|t:|1776464289\n|switch|p2a: Sneasler|Sneasler, L50, F|100/100\n|turn|4\n|\n|t:|1776464305\n|move|p2a: Sneasler|Fake Out|p1b: Incineroar\n|-damage|p1b: Incineroar|0 fnt\n|faint|p1b: Incineroar\n|move|p2b: Whimsicott|Tailwind|p2b: Whimsicott\n|-sidestart|p2: ShayCarly|move: Tailwind\n|move|p1a: Alakazam|Psychic|p2a: Sneasler\n|-supereffective|p2a: Sneasler|2\n|-damage|p2a: Sneasler|0 fnt\n|faint|p2a: Sneasler\n|\n|upkeep\n|\n|t:|1776464316\n|switch|p2a: Glimmora|Glimmora, L50, F|100/100\n|switch|p1b: Aggron|Aggron-Mega, L50, M|62/100\n|turn|5\n|inactive|ShayCarly has 30 seconds left.\n|\n|t:|1776464342\n|detailschange|p2a: Glimmora|Glimmora-Mega, L50, F\n|-mega|p2a: Glimmora|Glimmora|Glimmoranite\n|move|p2a: Glimmora|Power Gem|p1a: Alakazam\n|-damage|p1a: Alakazam|8/100\n|move|p2b: Whimsicott|Moonblast|p1a: Alakazam\n|-damage|p1a: Alakazam|0 fnt\n|faint|p1a: Alakazam\n|move|p1b: Aggron|Heavy Slam|p2a: Glimmora\n|-supereffective|p2a: Glimmora|1\n|-damage|p2a: Glimmora|0 fnt\n|faint|p2a: Glimmora\n|\n|upkeep\n|\n|t:|1776464353\n|switch|p1a: Rotom|Rotom-Wash, L50|100/100\n|turn|6\n|\n|t:|1776464363\n|move|p2b: Whimsicott|Moonblast|p1b: Aggron\n|-resisted|p1b: Aggron|1\n|-damage|p1b: Aggron|51/100\n|move|p1a: Rotom|Shadow Ball|p2b: Whimsicott\n|-damage|p2b: Whimsicott|0 fnt\n|faint|p2b: Whimsicott\n|\n|win|Aeterna Act 2\n|raw|Aeterna Act 2's rating: 1110 &rarr; <strong>1131</strong><br />(+21 for winning)\n|raw|ShayCarly's rating: 1049 &rarr; <strong>1035</strong><br />(-14 for losing)\n",
  "uploadtime": 1776464373,
  "views": 21,
  "formatid": "gen9championsvgc2026regma",
  "rating": 1035,
  "private": 0,
  "password": null
}