{
  "id": "gen9championsvgc2026regma-2584923205",
  "format": "[Gen 9 Champions] VGC 2026 Reg M-A",
  "players": [
    "Ph4npy",
    "BeanSauce"
  ],
  "log": "|j|\u2606Ph4npy\n|j|\u2606BeanSauce\n|t:|1776294885\n|gametype|doubles\n|player|p1|Ph4npy|lucas|1229\n|player|p2|BeanSauce|clerkf|1169\n|gen|9\n|tier|[Gen 9 Champions] VGC 2026 Reg M-A\n|rated|\n|rule|Species Clause: Limit one of each Pok\u00e9mon\n|rule|Item Clause: Limit 1 of each item\n|clearpoke\n|poke|p1|Mamoswine, L50, F|\n|poke|p1|Kleavor, L50, M|\n|poke|p1|Rotom-Wash, L50|\n|poke|p1|Farigiraf, L50, M|\n|poke|p1|Passimian, L50, M|\n|poke|p1|Altaria, L50, M|\n|poke|p2|Torterra, L50, M|\n|poke|p2|Aerodactyl, L50, F|\n|poke|p2|Tyranitar, L50, F|\n|poke|p2|Maushold, L50|\n|poke|p2|Rotom-Wash, L50|\n|poke|p2|Sneasler, L50, M|\n|teampreview|4\n|inactive|Battle timer is ON: inactive players will automatically lose when time's up. (requested by Ph4npy)\n|\n|t:|1776294911\n|teamsize|p1|4\n|teamsize|p2|4\n|start\n|switch|p1a: Farigiraf|Farigiraf, L50, M|100/100\n|switch|p1b: Rotom|Rotom-Wash, L50|100/100\n|switch|p2a: Sneasler|Sneasler, L50, M|100/100\n|switch|p2b: Torterra|Torterra, L50, M|100/100\n|turn|1\n|\n|t:|1776294931\n|move|p2a: Sneasler|Dire Claw|p1a: Farigiraf\n|-damage|p1a: Farigiraf|50/100\n|-enditem|p1a: Farigiraf|Sitrus Berry|[eat]\n|-heal|p1a: Farigiraf|75/100|[from] item: Sitrus Berry\n|move|p2b: Torterra|Shell Smash|p2b: Torterra\n|-unboost|p2b: Torterra|def|1\n|-unboost|p2b: Torterra|spd|1\n|-boost|p2b: Torterra|atk|2\n|-boost|p2b: Torterra|spa|2\n|-boost|p2b: Torterra|spe|2\n|move|p1b: Rotom|Will-O-Wisp|p2b: Torterra\n|-status|p2b: Torterra|brn\n|move|p1a: Farigiraf|Twin Beam|p2a: Sneasler\n|-supereffective|p2a: Sneasler|2\n|-damage|p2a: Sneasler|0 fnt\n|faint|p2a: Sneasler\n|-hitcount|p2: Sneasler|1\n|\n|-damage|p2b: Torterra|95/100 brn|[from] brn\n|upkeep\n|\n|t:|1776294949\n|switch|p2a: Rotom|Rotom-Wash, L50|100/100\n|turn|2\n|\n|t:|1776294963\n|move|p1b: Rotom|Protect|p1b: Rotom\n|-singleturn|p1b: Rotom|Protect\n|move|p2b: Torterra|Wood Hammer|p1b: Rotom\n|-activate|p1b: Rotom|move: Protect\n|move|p2a: Rotom|Thunderbolt|p1a: Farigiraf\n|-damage|p1a: Farigiraf|32/100\n|move|p1a: Farigiraf|Hyper Voice|p2a: Rotom|[spread] p2a,p2b\n|-damage|p2a: Rotom|55/100\n|-damage|p2b: Torterra|32/100 brn\n|\n|-heal|p2b: Torterra|37/100 brn|[from] item: Leftovers\n|-damage|p2b: Torterra|32/100 brn|[from] brn\n|-activate|p1a: Farigiraf|ability: Cud Chew\n|-enditem|p1a: Farigiraf|Sitrus Berry|[eat]\n|-heal|p1a: Farigiraf|57/100|[from] item: Sitrus Berry\n|upkeep\n|turn|3\n|\n|t:|1776294984\n|switch|p1b: Altaria|Altaria, L50, M|100/100\n|-ability|p1b: Altaria|Cloud Nine\n|move|p2b: Torterra|Wood Hammer|p1b: Altaria\n|-resisted|p1b: Altaria|2\n|-damage|p1b: Altaria|85/100\n|-damage|p2b: Torterra|27/100 brn|[from] Recoil\n|move|p2a: Rotom|Thunderbolt|p1a: Farigiraf\n|-damage|p1a: Farigiraf|16/100\n|move|p1a: Farigiraf|Hyper Voice|p2b: Torterra|[spread] p2a,p2b\n|-damage|p2a: Rotom|7/100\n|-damage|p2b: Torterra|0 fnt\n|faint|p2b: Torterra\n|\n|upkeep\n|\n|t:|1776294998\n|switch|p2b: Tyranitar|Tyranitar, L50, F|100/100\n|-weather|Sandstorm|[from] ability: Sand Stream|[of] p2b: Tyranitar\n|turn|4\n|\n|t:|1776295006\n|detailschange|p2b: Tyranitar|Tyranitar-Mega, L50, F\n|-mega|p2b: Tyranitar|Tyranitar|Tyranitarite\n|move|p1b: Altaria|Protect|p1b: Altaria\n|-singleturn|p1b: Altaria|Protect\n|move|p2a: Rotom|Thunderbolt|p1b: Altaria\n|-activate|p1b: Altaria|move: Protect\n|move|p2b: Tyranitar|Dragon Dance|p2b: Tyranitar\n|-boost|p2b: Tyranitar|atk|1\n|-boost|p2b: Tyranitar|spe|1\n|move|p1a: Farigiraf|Hyper Voice|p2a: Rotom|[spread] p2a,p2b\n|-resisted|p2b: Tyranitar|1\n|-damage|p2a: Rotom|0 fnt\n|-damage|p2b: Tyranitar|86/100\n|faint|p2a: Rotom\n|\n|-weather|Sandstorm|[upkeep]\n|upkeep\n|turn|5\n|\n|t:|1776295026\n|detailschange|p1b: Altaria|Altaria-Mega, L50, M\n|-mega|p1b: Altaria|Altaria|Altarianite\n|move|p2b: Tyranitar|Rock Slide|p1b: Altaria|[spread] p1a,p1b\n|-crit|p1b: Altaria\n|-damage|p1a: Farigiraf|0 fnt\n|-damage|p1b: Altaria|4/100\n|faint|p1a: Farigiraf\n|move|p1b: Altaria|Hyper Voice|p2b: Tyranitar\n|-supereffective|p2b: Tyranitar|1\n|-damage|p2b: Tyranitar|27/100\n|\n|-weather|Sandstorm|[upkeep]\n|-damage|p1b: Altaria|0 fnt|[from] Sandstorm\n|faint|p1b: Altaria\n|upkeep\n|\n|t:|1776295037\n|switch|p1b: Mamoswine|Mamoswine, L50, F|100/100\n|switch|p1a: Rotom|Rotom-Wash, L50|100/100\n|turn|6\n|\n|t:|1776295049\n|move|p2b: Tyranitar|Rock Slide|p1a: Rotom|[spread] p1a,p1b\n|-damage|p1a: Rotom|45/100\n|-damage|p1b: Mamoswine|47/100\n|move|p1b: Mamoswine|High Horsepower|p2b: Tyranitar\n|-supereffective|p2b: Tyranitar|1\n|-damage|p2b: Tyranitar|0 fnt\n|faint|p2b: Tyranitar\n|\n|win|Ph4npy\n|raw|Ph4npy's rating: 1229 &rarr; <strong>1250</strong><br />(+21 for winning)\n|raw|BeanSauce's rating: 1169 &rarr; <strong>1148</strong><br />(-21 for losing)\n|l|\u2606BeanSauce\n|player|p2|\n",
  "uploadtime": 1776295061,
  "views": 33,
  "formatid": "gen9championsvgc2026regma",
  "rating": 1148,
  "private": 0,
  "password": null
}