{
  "id": "gen9championsvgc2026regma-2583679467",
  "format": "[Gen 9 Champions] VGC 2026 Reg M-A",
  "players": [
    "Bona1718",
    "captainbader224"
  ],
  "log": "|j|\u2606Bona1718\n|j|\u2606captainbader224\n|t:|1776190577\n|gametype|doubles\n|player|p1|Bona1718|101|1084\n|player|p2|captainbader224|266|1045\n|gen|9\n|tier|[Gen 9 Champions] VGC 2026 Reg M-A\n|rated|\n|rule|Species Clause: Limit one of each Pok\u00e9mon\n|rule|Item Clause: Limit 1 of each item\n|clearpoke\n|poke|p1|Glimmora, L50, F|\n|poke|p1|Whimsicott, L50, M|\n|poke|p1|Sneasler, L50, M|\n|poke|p1|Basculegion, L50, M|\n|poke|p1|Dragapult, L50, M|\n|poke|p1|Sinistcha, L50|\n|poke|p2|Hawlucha, L50, F|\n|poke|p2|Krookodile, L50, M|\n|poke|p2|Whimsicott, L50, M|\n|poke|p2|Charizard, L50, F|\n|poke|p2|Typhlosion-Hisui, L50, F|\n|poke|p2|Weavile, L50, F|\n|teampreview|4\ncaptainbader224 rejected open team sheets.\n|inactive|Battle timer is ON: inactive players will automatically lose when time's up. (requested by captainbader224)\n|\n|t:|1776190660\n|teamsize|p1|4\n|teamsize|p2|4\n|start\n|switch|p1a: Sneasler|Sneasler, L50, M|100/100\n|switch|p1b: Whimsicott|Whimsicott, L50, M|100/100\n|switch|p2a: Whimsicott|Whimsicott, L50, M|100/100\n|switch|p2b: Weavile|Weavile, L50, F|100/100\n|turn|1\n|inactive|captainbader224 has 30 seconds left.\n|\n|t:|1776190685\n|move|p2b: Weavile|Fake Out|p1a: Sneasler\n|-damage|p1a: Sneasler|79/100\n|cant|p1a: Sneasler|flinch\n|move|p1b: Whimsicott|Tailwind|p1b: Whimsicott\n|-sidestart|p1: Bona1718|move: Tailwind\n|move|p2a: Whimsicott|Tailwind|p2a: Whimsicott\n|-sidestart|p2: captainbader224|move: Tailwind\n|\n|upkeep\n|turn|2\n|inactive|Bona1718 has 30 seconds left.\n|\n|t:|1776190718\n|move|p2b: Weavile|Triple Axel|p1a: Sneasler\n|-damage|p1a: Sneasler|61/100\n|-damage|p1a: Sneasler|28/100\n|-damage|p1a: Sneasler|0 fnt\n|faint|p1a: Sneasler\n|-hitcount|p1: Sneasler|3\n|move|p1b: Whimsicott|Moonblast|p2a: Whimsicott\n|-damage|p2a: Whimsicott|59/100\n|move|p2a: Whimsicott|Moonblast|p1b: Whimsicott\n|-damage|p1b: Whimsicott|57/100\n|\n|upkeep\n|\n|t:|1776190733\n|switch|p1a: Glimmora|Glimmora, L50, F|100/100\n|turn|3\n|\n|t:|1776190745\n|detailschange|p1a: Glimmora|Glimmora-Mega, L50, F\n|-mega|p1a: Glimmora|Glimmora|Glimmoranite\n|move|p2a: Whimsicott|Light Screen|p2a: Whimsicott\n|-sidestart|p2: captainbader224|move: Light Screen\n|move|p2b: Weavile|Triple Axel|p1b: Whimsicott\n|-supereffective|p1b: Whimsicott|1\n|-damage|p1b: Whimsicott|31/100\n|-supereffective|p1b: Whimsicott|1\n|-damage|p1b: Whimsicott|0 fnt\n|faint|p1b: Whimsicott\n|-hitcount|p1: Whimsicott|2\n|move|p1a: Glimmora|Sludge Bomb|p2a: Whimsicott\n|-supereffective|p2a: Whimsicott|2\n|-damage|p2a: Whimsicott|0 fnt\n|faint|p2a: Whimsicott\n|\n|upkeep\n|\n|t:|1776190761\n|switch|p1b: Basculegion|Basculegion, L50, M|100/100\n|switch|p2a: Krookodile|Krookodile, L50, M|100/100\n|-ability|p2a: Krookodile|Intimidate|boost\n|-unboost|p1a: Glimmora|atk|1\n|-unboost|p1b: Basculegion|atk|1\n|turn|4\n|inactive|captainbader224 has 30 seconds left.\n|inactive|captainbader224 has 20 seconds left.\n|\n|t:|1776190800\n|switch|p2b: Hawlucha|Hawlucha, L50, F|100/100\n|move|p1b: Basculegion|Wave Crash|p2a: Krookodile\n|-supereffective|p2a: Krookodile|1\n|-damage|p2a: Krookodile|0 fnt\n|faint|p2a: Krookodile\n|-damage|p1b: Basculegion|67/100|[from] Recoil\n|move|p1a: Glimmora|Power Gem|p2b: Hawlucha\n|-damage|p2b: Hawlucha|46/100\n|\n|-sideend|p1: Bona1718|move: Tailwind\n|-sideend|p2: captainbader224|move: Tailwind\n|upkeep\n|\n|t:|1776190811\n|switch|p2a: Weavile|Weavile, L50, F|100/100\n|turn|5\n|\n|t:|1776190829\n|detailschange|p2b: Hawlucha|Hawlucha-Mega, L50, F\n|-mega|p2b: Hawlucha|Hawlucha|Hawluchanite\n|move|p2b: Hawlucha|Detect|p2b: Hawlucha\n|-singleturn|p2b: Hawlucha|Protect\n|move|p1a: Glimmora|Spiky Shield|p1a: Glimmora\n|-singleturn|p1a: Glimmora|move: Protect\n|move|p1b: Basculegion|Wave Crash|p2b: Hawlucha\n|-activate|p2b: Hawlucha|move: Protect\n|move|p2a: Weavile|Knock Off|p1b: Basculegion\n|-supereffective|p1b: Basculegion|1\n|-damage|p1b: Basculegion|0 fnt\n|-enditem|p1b: Basculegion|Choice Scarf|[from] move: Knock Off|[of] p2a: Weavile\n|faint|p1b: Basculegion\n|\n|upkeep\n|turn|6\n|-message|Bona1718 forfeited.\n|\n|win|captainbader224\n|raw|Bona1718's rating: 1084 &rarr; <strong>1059</strong><br />(-25 for losing)\n|raw|captainbader224's rating: 1045 &rarr; <strong>1082</strong><br />(+37 for winning)\n|l|\u2606Bona1718\n|player|p1|\n",
  "uploadtime": 1776190875,
  "views": 15,
  "formatid": "gen9championsvgc2026regma",
  "rating": 1059,
  "private": 0,
  "password": null
}