{
  "id": "gen9championsvgc2026regma-2582357717",
  "format": "[Gen 9 Champions] VGC 2026 Reg M-A",
  "players": [
    "Troubler40",
    "Osdkiller"
  ],
  "log": "|j|\u2606Troubler40\n|j|\u2606Osdkiller\n|t:|1776086126\n|gametype|doubles\n|player|p1|Troubler40|101|1075\n|player|p2|Osdkiller|roxanne|1155\n|gen|9\n|tier|[Gen 9 Champions] VGC 2026 Reg M-A\n|rated|\n|rule|Species Clause: Limit one of each Pok\u00e9mon\n|rule|Item Clause: Limit 1 of each item\n|clearpoke\n|poke|p1|Froslass, L50, F|\n|poke|p1|Kingambit, L50, F|\n|poke|p1|Primarina, L50, F|\n|poke|p1|Arcanine-Hisui, L50, M|\n|poke|p1|Ninetales-Alola, L50, M|\n|poke|p1|Volcarona, L50, M|\n|poke|p2|Froslass, L50, F|\n|poke|p2|Incineroar, L50, M|\n|poke|p2|Rotom-Frost, L50|\n|poke|p2|Garchomp, L50, M|\n|poke|p2|Basculegion, L50, M|\n|poke|p2|Orthworm, L50, F|\n|teampreview|4\n|inactive|Battle timer is ON: inactive players will automatically lose when time's up. (requested by Troubler40)\n|\n|t:|1776086165\n|teamsize|p1|4\n|teamsize|p2|4\n|start\n|switch|p1a: Arcanine|Arcanine-Hisui, L50, M|100/100\n|switch|p1b: Primarina|Primarina, L50, F|100/100\n|switch|p2a: Orthworm|Orthworm, L50, F|100/100\n|switch|p2b: Garchomp|Garchomp, L50, M|100/100\n|turn|1\n|inactive|Troubler40 has 30 seconds left.\n|inactive|Troubler40 has 20 seconds left.\n|inactive|Troubler40 has 15 seconds left.\n|\n|t:|1776086208\n|move|p1a: Arcanine|Flare Blitz|p2a: Orthworm\n|-supereffective|p2a: Orthworm|1\n|-damage|p2a: Orthworm|32/100\n|-enditem|p2a: Orthworm|Sitrus Berry|[eat]\n|-heal|p2a: Orthworm|56/100|[from] item: Sitrus Berry\n|move|p2b: Garchomp|Earthquake|p1b: Primarina|[spread] p1a,p1b\n|-heal|p2a: Orthworm|81/100|[from] ability: Earth Eater|[of] p2b: Garchomp\n|-supereffective|p1a: Arcanine|2\n|-damage|p1a: Arcanine|0 fnt\n|-damage|p1b: Primarina|52/100\n|faint|p1a: Arcanine\n|move|p2a: Orthworm|Heavy Slam|p1b: Primarina\n|-damage|p1b: Primarina|11/100\n|-enditem|p1b: Primarina|Sitrus Berry|[eat]\n|-heal|p1b: Primarina|35/100|[from] item: Sitrus Berry\n|move|p1b: Primarina|Moonblast|p2b: Garchomp\n|-supereffective|p2b: Garchomp|1\n|-enditem|p2b: Garchomp|Focus Sash\n|-damage|p2b: Garchomp|1/100\n|\n|upkeep\n|\n|t:|1776086226\n|switch|p1a: Froslass|Froslass, L50, F|100/100\n|turn|2\n|\n|t:|1776086240\n|detailschange|p1a: Froslass|Froslass-Mega, L50, F\n|-mega|p1a: Froslass|Froslass|Froslassite\n|-weather|Snowscape|[from] ability: Snow Warning|[of] p1a: Froslass\n|move|p2b: Garchomp|Protect|p2b: Garchomp\n|-singleturn|p2b: Garchomp|Protect\n|move|p1a: Froslass|Aurora Veil|p1a: Froslass\n|-sidestart|p1: Troubler40|move: Aurora Veil\n|move|p2a: Orthworm|Heavy Slam|p1b: Primarina\n|-damage|p1b: Primarina|9/100\n|move|p1b: Primarina|Hyper Voice|p2b: Garchomp|[spread] p2a\n|-activate|p2b: Garchomp|move: Protect\n|-damage|p2a: Orthworm|17/100\n|\n|-weather|Snowscape|[upkeep]\n|upkeep\n|turn|3\n|\n|t:|1776086261\n|move|p1a: Froslass|Blizzard|p2b: Garchomp|[spread] p2a,p2b\n|-resisted|p2a: Orthworm|1\n|-supereffective|p2b: Garchomp|2\n|-damage|p2a: Orthworm|0 fnt\n|-damage|p2b: Garchomp|0 fnt\n|faint|p2a: Orthworm\n|faint|p2b: Garchomp\n|move|p1b: Primarina|Hyper Voice|p2: Orthworm|[notarget]\n|-fail|p1b: Primarina\n|\n|-weather|Snowscape|[upkeep]\n|upkeep\n|\n|t:|1776086269\n|switch|p2b: Froslass|Froslass, L50, F, shiny|100/100\n|switch|p2a: Basculegion|Basculegion, L50, M|100/100\n|turn|4\n|inactive|Osdkiller has 30 seconds left.\n|\n|t:|1776086308\n|detailschange|p2b: Froslass|Froslass-Mega, L50, F, shiny\n|-mega|p2b: Froslass|Froslass|Froslassite\n|move|p2a: Basculegion|Last Respects|p1a: Froslass\n|-supereffective|p1a: Froslass|1\n|-damage|p1a: Froslass|0 fnt\n|faint|p1a: Froslass\n|move|p2b: Froslass|Shadow Ball|p1b: Primarina\n|-damage|p1b: Primarina|0 fnt\n|faint|p1b: Primarina\n|\n|-weather|Snowscape|[upkeep]\n|upkeep\n|\n|t:|1776086319\n|switch|p1b: Kingambit|Kingambit, L50, F|100/100\n|-activate|p1b: Kingambit|ability: Supreme Overlord\n|-start|p1b: Kingambit|fallen3|[silent]\n|turn|5\n|\n|t:|1776086337\n|move|p2b: Froslass|Protect|p2b: Froslass\n|-singleturn|p2b: Froslass|Protect\n|move|p1b: Kingambit|Sucker Punch|p2a: Basculegion\n|-supereffective|p2a: Basculegion|1\n|-damage|p2a: Basculegion|0 fnt\n|faint|p2a: Basculegion\n|\n|-weather|Snowscape|[upkeep]\n|upkeep\n|turn|6\n|c|\u2606Osdkiller|damn\n|\n|t:|1776086347\n|move|p1b: Kingambit|Sucker Punch||[still]\n|-fail|p1b: Kingambit\n|move|p2b: Froslass|Nasty Plot|p2b: Froslass\n|-boost|p2b: Froslass|spa|2\n|\n|-weather|none\n|-sideend|p1: Troubler40|move: Aurora Veil\n|upkeep\n|turn|7\n|\n|t:|1776086357\n|move|p2b: Froslass|Protect|p2b: Froslass\n|-singleturn|p2b: Froslass|Protect\n|move|p1b: Kingambit|Sucker Punch||[still]\n|-fail|p1b: Kingambit\n|\n|upkeep\n|turn|8\n|\n|t:|1776086363\n|move|p1b: Kingambit|Sucker Punch||[still]\n|-fail|p1b: Kingambit\n|move|p2b: Froslass|Nasty Plot|p2b: Froslass\n|-boost|p2b: Froslass|spa|2\n|\n|upkeep\n|turn|9\n|\n|t:|1776086375\n|move|p2b: Froslass|Protect|p2b: Froslass\n|-singleturn|p2b: Froslass|Protect\n|move|p1b: Kingambit|Swords Dance|p1b: Kingambit\n|-boost|p1b: Kingambit|atk|2\n|\n|upkeep\n|turn|10\n|\n|t:|1776086383\n|move|p1b: Kingambit|Sucker Punch||[still]\n|-fail|p1b: Kingambit\n|move|p2b: Froslass|Nasty Plot|p2b: Froslass\n|-boost|p2b: Froslass|spa|2\n|\n|upkeep\n|turn|11\n|\n|t:|1776086394\n|move|p2b: Froslass|Protect|p2b: Froslass\n|-singleturn|p2b: Froslass|Protect\n|move|p1b: Kingambit|Sucker Punch||[still]\n|-fail|p1b: Kingambit\n|\n|upkeep\n|turn|12\n|\n|t:|1776086404\n|move|p2b: Froslass|Blizzard|p1b: Kingambit|[miss]\n|-miss|p2b: Froslass|p1b: Kingambit\n|move|p1b: Kingambit|Iron Head|p2b: Froslass\n|-supereffective|p2b: Froslass|1\n|-damage|p2b: Froslass|0 fnt\n|faint|p2b: Froslass\n|\n|win|Troubler40\n|raw|Troubler40's rating: 1075 &rarr; <strong>1110</strong><br />(+35 for winning)\n|raw|Osdkiller's rating: 1155 &rarr; <strong>1124</strong><br />(-31 for losing)\n|c|\u2606Osdkiller|ahhhhhhhhhhhhhhhh\n|c|\u2606Osdkiller|wp\n|c|\u2606Osdkiller|gg\n|c|\u2606Troubler40|unlucky\n|c|\u2606Troubler40|gg\n|c|\u2606Osdkiller|true\n|c|\u2606Osdkiller|but happens\n|c|\u2606Osdkiller|was fun\n|c|\u2606Troubler40|was fun fr\n",
  "uploadtime": 1776086432,
  "views": 14,
  "formatid": "gen9championsvgc2026regma",
  "rating": 1110,
  "private": 0,
  "password": null
}