{
  "id": "gen9championsvgc2026regma-2580384405",
  "format": "[Gen 9 Champions] VGC 2026 Reg M-A",
  "players": [
    "KinimaP",
    "hujko"
  ],
  "log": "|j|\u2606KinimaP\n|j|\u2606hujko\n|t:|1775888500\n|gametype|doubles\n|player|p1|KinimaP|2|1070\n|player|p2|hujko|ingo|1000\n|gen|9\n|tier|[Gen 9 Champions] VGC 2026 Reg M-A\n|rated|\n|rule|Species Clause: Limit one of each Pok\u00e9mon\n|rule|Item Clause: Limit 1 of each item\n|clearpoke\n|poke|p1|Floette-Eternal, L50, F|\n|poke|p1|Delphox, L50, F|\n|poke|p1|Maushold-Four, L50|\n|poke|p1|Aerodactyl, L50, M|\n|poke|p1|Garchomp, L50, M|\n|poke|p1|Incineroar, L50, F|\n|poke|p2|Gardevoir, L50, F|\n|poke|p2|Kingambit, L50, F|\n|poke|p2|Farigiraf, L50, M|\n|poke|p2|Skarmory, L50, F|\n|poke|p2|Glimmora, L50, M|\n|poke|p2|Sneasler, L50, M|\n|teampreview|4\n|\n|t:|1775888541\n|teamsize|p1|4\n|teamsize|p2|4\n|start\n|switch|p1a: Delphox|Delphox, L50, F|100/100\n|switch|p1b: Maushold|Maushold-Four, L50|100/100\n|switch|p2a: Sneasler|Sneasler, L50, M|100/100\n|switch|p2b: Gardevoir|Gardevoir, L50, F, shiny|100/100\n|turn|1\n|\n|t:|1775888566\n|switch|p2b: Kingambit|Kingambit, L50, F|100/100\n|move|p1b: Maushold|Protect|p1b: Maushold\n|-singleturn|p1b: Maushold|Protect\n|move|p1a: Delphox|Protect|p1a: Delphox\n|-singleturn|p1a: Delphox|Protect\n|move|p2a: Sneasler|Close Combat|p1b: Maushold\n|-activate|p1b: Maushold|move: Protect\n|\n|upkeep\n|turn|2\n|\n|t:|1775888581\n|detailschange|p1a: Delphox|Delphox-Mega, L50, F\n|-mega|p1a: Delphox|Delphox|Delphoxite\n|move|p2b: Kingambit|Protect|p2b: Kingambit\n|-singleturn|p2b: Kingambit|Protect\n|move|p1b: Maushold|Follow Me|p1b: Maushold\n|-singleturn|p1b: Maushold|move: Follow Me\n|move|p1a: Delphox|Heat Wave|p2b: Kingambit|[spread] p2a\n|-activate|p2b: Kingambit|move: Protect\n|-damage|p2a: Sneasler|51/100\n|move|p2a: Sneasler|Close Combat|p1b: Maushold\n|-supereffective|p1b: Maushold|1\n|-enditem|p1b: Maushold|Chople Berry|[eat]\n|-enditem|p1b: Maushold|Chople Berry|[weaken]\n|-damage|p1b: Maushold|23/100\n|-unboost|p2a: Sneasler|def|1\n|-unboost|p2a: Sneasler|spd|1\n|\n|upkeep\n|turn|3\n|\n|t:|1775888614\n|switch|p2b: Gardevoir|Gardevoir, L50, F, shiny|100/100\n|move|p2a: Sneasler|Protect|p2a: Sneasler\n|-singleturn|p2a: Sneasler|Protect\n|move|p1b: Maushold|Follow Me|p1b: Maushold\n|-singleturn|p1b: Maushold|move: Follow Me\n|move|p1a: Delphox|Heat Wave|p2b: Gardevoir|[spread] p2b\n|-activate|p2a: Sneasler|move: Protect\n|-damage|p2b: Gardevoir|60/100\n|\n|upkeep\n|turn|4\n|\n|t:|1775888635\n|move|p1b: Maushold|Protect|p1b: Maushold\n|-singleturn|p1b: Maushold|Protect\n|move|p1a: Delphox|Heat Wave|p2b: Gardevoir|[spread] p2b\n|-miss|p1a: Delphox|p2a: Sneasler\n|-damage|p2b: Gardevoir|21/100\n|move|p2b: Gardevoir|Moonblast|p1b: Maushold\n|-activate|p1b: Maushold|move: Protect\n|move|p2a: Sneasler|Dire Claw|p1a: Delphox\n|-damage|p1a: Delphox|63/100\n|-status|p1a: Delphox|slp\n|\n|upkeep\n|turn|5\n|\n|t:|1775888655\n|move|p1b: Maushold|Protect||[still]\n|-fail|p1b: Maushold\n|move|p2b: Gardevoir|Moonblast|p1b: Maushold\n|-crit|p1b: Maushold\n|-damage|p1b: Maushold|0 fnt\n|faint|p1b: Maushold\n|cant|p1a: Delphox|slp\n|move|p2a: Sneasler|Dire Claw|p1a: Delphox\n|-damage|p1a: Delphox|14/100 slp\n|\n|upkeep\n|\n|t:|1775888662\n|switch|p1b: Garchomp|Garchomp, L50, M|100/100\n|turn|6\n|\n|t:|1775888673\n|move|p2b: Gardevoir|Moonblast|p1b: Garchomp\n|-supereffective|p1b: Garchomp|1\n|-damage|p1b: Garchomp|2/100\n|cant|p1a: Delphox|slp\n|move|p2a: Sneasler|Dire Claw|p1a: Delphox\n|-damage|p1a: Delphox|0 fnt\n|faint|p1a: Delphox\n|move|p1b: Garchomp|Earthquake|p2b: Gardevoir|[spread] p2a,p2b\n|-supereffective|p2a: Sneasler|1\n|-damage|p2a: Sneasler|0 fnt\n|-damage|p2b: Gardevoir|0 fnt\n|faint|p2a: Sneasler\n|faint|p2b: Gardevoir\n|\n|upkeep\n|\n|t:|1775888686\n|switch|p1a: Aerodactyl|Aerodactyl, L50, M|100/100\n|switch|p2a: Kingambit|Kingambit, L50, F|100/100\n|switch|p2b: Skarmory|Skarmory, L50, F, shiny|100/100\n|-ability|p1a: Aerodactyl|Unnerve\n|turn|7\n|\n|t:|1775888700\n|move|p2a: Kingambit|Sucker Punch|p1b: Garchomp\n|-damage|p1b: Garchomp|0 fnt\n|-damage|p2a: Kingambit|88/100|[from] ability: Rough Skin|[of] p1b: Garchomp\n|faint|p1b: Garchomp\n|move|p1a: Aerodactyl|Rock Slide|p2b: Skarmory|[spread] p2a,p2b\n|-resisted|p2a: Kingambit|1\n|-damage|p2a: Kingambit|78/100\n|-damage|p2b: Skarmory|77/100\n|-ability|p2b: Skarmory|Weak Armor|boost\n|-unboost|p2b: Skarmory|def|1\n|-boost|p2b: Skarmory|spe|2\n|move|p2b: Skarmory|Swords Dance|p2b: Skarmory\n|-boost|p2b: Skarmory|atk|2\n|\n|upkeep\n|turn|8\n|\n|t:|1775888713\n|detailschange|p2b: Skarmory|Skarmory-Mega, L50, F, shiny\n|-mega|p2b: Skarmory|Skarmory|Skarmorite\n|move|p2b: Skarmory|Iron Head|p1a: Aerodactyl\n|-supereffective|p1a: Aerodactyl|1\n|-enditem|p1a: Aerodactyl|Focus Sash\n|-damage|p1a: Aerodactyl|1/100\n|move|p1a: Aerodactyl|Rock Slide|p2a: Kingambit|[spread] p2a,p2b\n|-resisted|p2a: Kingambit|1\n|-damage|p2a: Kingambit|69/100\n|-damage|p2b: Skarmory|32/100\n|move|p2a: Kingambit|Iron Head|p1a: Aerodactyl\n|-supereffective|p1a: Aerodactyl|1\n|-damage|p1a: Aerodactyl|0 fnt\n|faint|p1a: Aerodactyl\n|\n|win|hujko\n|raw|KinimaP's rating: 1070 &rarr; <strong>1045</strong><br />(-25 for losing)\n|raw|hujko's rating: 1000 &rarr; <strong>1048</strong><br />(+48 for winning)\n|l|\u2606hujko\n|player|p2|\n",
  "uploadtime": 1775888857,
  "views": 19,
  "formatid": "gen9championsvgc2026regma",
  "rating": 1045,
  "private": 0,
  "password": null
}