{
  "id": "gen9championsvgc2026regma-2584072668",
  "format": "[Gen 9 Champions] VGC 2026 Reg M-A",
  "players": [
    "hiyopon",
    "the boy savior"
  ],
  "log": "|j|\u2606hiyopon\n|j|\u2606the boy savior\n|t:|1776222355\n|gametype|doubles\n|player|p1|hiyopon|266|\n|player|p2|the boy savior|101|\n|gen|9\n|tier|[Gen 9 Champions] VGC 2026 Reg M-A\n|rated|Tournament battle\n|rule|Species Clause: Limit one of each Pok\u00e9mon\n|rule|Item Clause: Limit 1 of each item\n|raw|<div class=\"infobox\"><details class=\"readmore\" open><summary><strong>1 custom rule:</strong></summary> Force Open Team Sheets</details></div>\n|clearpoke\n|poke|p1|Aegislash, L50, F|\n|poke|p1|Incineroar, L50, M|\n|poke|p1|Milotic, L50, F|\n|poke|p1|Venusaur, L50, M|\n|poke|p1|Charizard, L50, F|\n|poke|p1|Sneasler, L50, F|\n|poke|p2|Aerodactyl, L50, F|\n|poke|p2|Lopunny, L50, F|\n|poke|p2|Archaludon, L50, F|\n|poke|p2|Incineroar, L50, F|\n|poke|p2|Floette-Eternal, L50, F|\n|poke|p2|Sinistcha, L50|\n|teampreview|4\n|showteam|p1|Aegislash||SpellTag|StanceChange|KingsShield,Poltergeist,IronHead,ShadowSneak|||F|||50|]Incineroar||Leftovers|Intimidate|FlareBlitz,ThroatChop,PartingShot,FakeOut|||M|||50|]Milotic||SitrusBerry|Competitive|Scald,IcyWind,Recover,Protect|||F|||50|]Venusaur||FocusSash|Chlorophyll|GigaDrain,SludgeBomb,SleepPowder,Protect|||M|||50|]Charizard||CharizarditeY|Blaze|HeatWave,WeatherBall,SolarBeam,Protect|||F|||50|]Sneasler||WhiteHerb|Unburden|CloseCombat,DireClaw,Coaching,Protect|||F|||50|\n|showteam|p2|Aerodactyl||FocusSash|RockHead|RockSlide,DualWingbeat,Tailwind,Protect|||F|||50|]Lopunny||Lopunnite|CuteCharm|FakeOut,CloseCombat,QuickAttack,Protect|||F|||50|]Archaludon||Leftovers|Stalwart|DragonPulse,Thunderbolt,FlashCannon,Protect|||F|||50|]Incineroar||SitrusBerry|Intimidate|FakeOut,PartingShot,ThroatChop,FlareBlitz|||F|||50|]Floette-Eternal||Floettite|FlowerVeil|DazzlingGleam,Moonblast,CalmMind,Protect|||F|||50|]Sinistcha||ColburBerry|Hospitality|MatchaGotcha,LifeDew,StrengthSap,RagePowder||||||50|\n|inactive|Battle timer is ON: inactive players will automatically lose when time's up. (requested by hiyopon)\n|j| eriksp\n|l| eriksp\n|inactive|hiyopon has 60 seconds left.\n|j| shoccco\u2764\n|\n|t:|1776222404\n|teamsize|p1|4\n|teamsize|p2|4\n|start\n|switch|p1a: Incineroar|Incineroar, L50, M|100/100\n|switch|p1b: Milotic|Milotic, L50, F|100/100\n|switch|p2a: Love Deluxe|Lopunny, L50, F, shiny|100/100\n|switch|p2b: Aerodactyl|Aerodactyl, L50, F|100/100\n|-ability|p1a: Incineroar|Intimidate|boost\n|-unboost|p2a: Love Deluxe|atk|1\n|-unboost|p2b: Aerodactyl|atk|1\n|turn|1\n|\n|t:|1776222422\n|switch|p1a: Sneasler|Sneasler, L50, F|100/100\n|detailschange|p2a: Love Deluxe|Lopunny-Mega, L50, F, shiny\n|-mega|p2a: Love Deluxe|Lopunny|Lopunnite\n|move|p2a: Love Deluxe|Fake Out|p1b: Milotic\n|-damage|p1b: Milotic|88/100\n|move|p2b: Aerodactyl|Rock Slide|p1a: Sneasler|[spread] p1a,p1b\n|-resisted|p1a: Sneasler|1\n|-damage|p1a: Sneasler|87/100\n|-damage|p1b: Milotic|75/100\n|cant|p1b: Milotic|flinch\n|\n|upkeep\n|turn|2\n|inactive|hiyopon has 30 seconds left.\n|inactive|the boy savior has 30 seconds left.\n|inactive|the boy savior has 20 seconds left.\n|\n|t:|1776222467\n|switch|p2a: Super Fly|Archaludon, L50, F|100/100\n|move|p2b: Aerodactyl|Tailwind|p2b: Aerodactyl\n|-sidestart|p2: the boy savior|move: Tailwind\n|move|p1a: Sneasler|Coaching|p1b: Milotic\n|-boost|p1b: Milotic|atk|1\n|-boost|p1b: Milotic|def|1\n|move|p1b: Milotic|Icy Wind|p2b: Aerodactyl|[spread] p2a,p2b\n|-supereffective|p2b: Aerodactyl|1\n|-damage|p2a: Super Fly|85/100\n|-damage|p2b: Aerodactyl|68/100\n|-unboost|p2a: Super Fly|spe|1\n|-unboost|p2b: Aerodactyl|spe|1\n|\n|-heal|p2a: Super Fly|91/100|[from] item: Leftovers\n|upkeep\n|turn|3\n|c| shoccco\u2764|love deluxe sounds like a stand icl\n|\n|t:|1776222491\n|switch|p1b: Incineroar|Incineroar, L50, M|100/100\n|-ability|p1b: Incineroar|Intimidate|boost\n|-unboost|p2a: Super Fly|atk|1\n|-unboost|p2b: Aerodactyl|atk|1\n|move|p1a: Sneasler|Protect|p1a: Sneasler\n|-singleturn|p1a: Sneasler|Protect\n|move|p2b: Aerodactyl|Dual Wingbeat|p1a: Sneasler\n|-activate|p1a: Sneasler|move: Protect\n|move|p2a: Super Fly|Thunderbolt|p1b: Incineroar\n|-damage|p1b: Incineroar|76/100\n|\n|-heal|p2a: Super Fly|97/100|[from] item: Leftovers\n|-heal|p1b: Incineroar|82/100|[from] item: Leftovers\n|upkeep\n|turn|4\n|\n|t:|1776222503\n|move|p1b: Incineroar|Fake Out|p2b: Aerodactyl\n|-resisted|p2b: Aerodactyl|1\n|-damage|p2b: Aerodactyl|60/100\n|cant|p2b: Aerodactyl|flinch\n|move|p1a: Sneasler|Close Combat|p2a: Super Fly\n|-supereffective|p2a: Super Fly|1\n|-damage|p2a: Super Fly|0 fnt\n|-unboost|p1a: Sneasler|def|1\n|-unboost|p1a: Sneasler|spd|1\n|faint|p2a: Super Fly\n|-enditem|p1a: Sneasler|White Herb\n|-clearnegativeboost|p1a: Sneasler|[silent]\n|\n|-heal|p1b: Incineroar|88/100|[from] item: Leftovers\n|upkeep\n|\n|t:|1776222507\n|switch|p2a: Incineroar|Incineroar, L50, F|100/100\n|-ability|p2a: Incineroar|Intimidate|boost\n|-unboost|p1a: Sneasler|atk|1\n|-unboost|p1b: Incineroar|atk|1\n|turn|5\n|\n|t:|1776222520\n|switch|p2b: Love Deluxe|Lopunny-Mega, L50, F, shiny|100/100\n|switch|p1b: Milotic|Milotic, L50, F|75/100\n|move|p1a: Sneasler|Protect|p1a: Sneasler\n|-singleturn|p1a: Sneasler|Protect\n|move|p2a: Incineroar|Throat Chop|p1b: Milotic\n|-damage|p1b: Milotic|38/100\n|-start|p1b: Milotic|Throat Chop|[silent]\n|-enditem|p1b: Milotic|Sitrus Berry|[eat]\n|-heal|p1b: Milotic|63/100|[from] item: Sitrus Berry\n|\n|-sideend|p2: the boy savior|move: Tailwind\n|upkeep\n|turn|6\n|inactive|hiyopon has 30 seconds left.\n|\n|t:|1776222545\n|move|p1a: Sneasler|Close Combat|p2b: Love Deluxe\n|-supereffective|p2b: Love Deluxe|1\n|-damage|p2b: Love Deluxe|0 fnt\n|-unboost|p1a: Sneasler|def|1\n|-unboost|p1a: Sneasler|spd|1\n|faint|p2b: Love Deluxe\n|move|p1b: Milotic|Icy Wind|p2a: Incineroar\n|-resisted|p2a: Incineroar|1\n|-damage|p2a: Incineroar|94/100\n|-unboost|p2a: Incineroar|spe|1\n|move|p2a: Incineroar|Parting Shot|p1a: Sneasler\n|-unboost|p1a: Sneasler|atk|1\n|-unboost|p1a: Sneasler|spa|1\n|\n|t:|1776222550\n|switch|p2a: Aerodactyl|Aerodactyl, L50, F|60/100|[from] Parting Shot\n|\n|-end|p1b: Milotic|Throat Chop|[silent]\n|upkeep\n|\n|t:|1776222551\n|switch|p2b: Incineroar|Incineroar, L50, F|94/100\n|-ability|p2b: Incineroar|Intimidate|boost\n|-unboost|p1a: Sneasler|atk|1\n|-unboost|p1b: Milotic|atk|1\n|-ability|p1b: Milotic|Competitive|boost\n|-boost|p1b: Milotic|spa|2\n|turn|7\n|\n|t:|1776222559\n|switch|p1a: Incineroar|Incineroar, L50, M|88/100\n|-ability|p1a: Incineroar|Intimidate|boost\n|-unboost|p2a: Aerodactyl|atk|1\n|-unboost|p2b: Incineroar|atk|1\n|move|p1b: Milotic|Protect|p1b: Milotic\n|-singleturn|p1b: Milotic|Protect\n|move|p2a: Aerodactyl|Dual Wingbeat|p1b: Milotic\n|-activate|p1b: Milotic|move: Protect\n|move|p2b: Incineroar|Throat Chop|p1b: Milotic\n|-activate|p1b: Milotic|move: Protect\n|\n|-heal|p1a: Incineroar|94/100|[from] item: Leftovers\n|upkeep\n|turn|8\n|-message|the boy savior forfeited.\n|\n|win|hiyopon\n|n|\u2606hiyopon|hiyopon\n|n|\u2606the boy savior|theboysavior\n|n| shoccco\u2764|shoccco\n|l|\u2606the boy savior\n|player|p2|\n",
  "uploadtime": 1776222567,
  "views": 17,
  "formatid": "gen9championsvgc2026regma",
  "rating": null,
  "private": 0,
  "password": null
}