{
  "id": "gen9championsvgc2026regma-2581403479",
  "format": "[Gen 9 Champions] VGC 2026 Reg M-A",
  "players": [
    "Bonaban",
    "AsexualBillClinton"
  ],
  "log": "|j|\u2606Bonaban\n|j|\u2606AsexualBillClinton\n|t:|1775996802\n|gametype|doubles\n|player|p1|Bonaban|2|1209\n|player|p2|AsexualBillClinton|marlon|1238\n|gen|9\n|tier|[Gen 9 Champions] VGC 2026 Reg M-A\n|rated|\n|rule|Species Clause: Limit one of each Pok\u00e9mon\n|rule|Item Clause: Limit 1 of each item\n|clearpoke\n|poke|p1|Meganium, L50, F|\n|poke|p1|Pelipper, L50, M|\n|poke|p1|Archaludon, L50, M|\n|poke|p1|Dragonite, L50, M|\n|poke|p1|Incineroar, L50, F|\n|poke|p1|Kingambit, L50, F|\n|poke|p2|Steelix, L50, F|\n|poke|p2|Tyranitar, L50, M|\n|poke|p2|Sinistcha, L50|\n|poke|p2|Whimsicott, L50, M|\n|poke|p2|Milotic, L50, F|\n|poke|p2|Sneasler, L50, M|\n|teampreview|4\n|\n|t:|1775996831\n|teamsize|p1|4\n|teamsize|p2|4\n|start\n|switch|p1a: Incineroar|Incineroar, L50, F|100/100\n|switch|p1b: Kingambit|Kingambit, L50, F|100/100\n|switch|p2a: Whimsicott|Whimsicott, L50, M|100/100\n|switch|p2b: Steelix|Steelix, L50, F|100/100\n|-ability|p1a: Incineroar|Intimidate|boost\n|-unboost|p2a: Whimsicott|atk|1\n|-unboost|p2b: Steelix|atk|1\n|turn|1\n|\n|t:|1775996866\n|move|p2b: Steelix|Protect|p2b: Steelix\n|-singleturn|p2b: Steelix|Protect\n|move|p1a: Incineroar|Fake Out|p2b: Steelix\n|-activate|p2b: Steelix|move: Protect\n|move|p1b: Kingambit|Swords Dance|p1b: Kingambit\n|-boost|p1b: Kingambit|atk|2\n|move|p2a: Whimsicott|Trick Room|p2a: Whimsicott\n|-fieldstart|move: Trick Room|[of] p2a: Whimsicott\n|\n|upkeep\n|turn|2\n|\n|t:|1775996886\n|detailschange|p2b: Steelix|Steelix-Mega, L50, F\n|-mega|p2b: Steelix|Steelix|Steelixite\n|move|p2a: Whimsicott|Light Screen|p2a: Whimsicott\n|-sidestart|p2: AsexualBillClinton|move: Light Screen\n|move|p2b: Steelix|Curse|p2b: Steelix\n|-unboost|p2b: Steelix|spe|1\n|-boost|p2b: Steelix|atk|1\n|-boost|p2b: Steelix|def|1\n|move|p1b: Kingambit|Swords Dance|p1b: Kingambit\n|-boost|p1b: Kingambit|atk|2\n|move|p1a: Incineroar|Parting Shot|p2b: Steelix\n|-unboost|p2b: Steelix|atk|1\n|-unboost|p2b: Steelix|spa|1\n|\n|t:|1775996908\n|switch|p1a: Pelipper|Pelipper, L50, M|100/100|[from] Parting Shot\n|-weather|RainDance|[from] ability: Drizzle|[of] p1a: Pelipper\n|\n|-weather|RainDance|[upkeep]\n|upkeep\n|turn|3\n|\n|t:|1775996923\n|switch|p2a: Tyranitar|Tyranitar, L50, M|100/100\n|-weather|Sandstorm|[from] ability: Sand Stream|[of] p2a: Tyranitar\n|move|p2b: Steelix|Body Press|p1b: Kingambit\n|-supereffective|p1b: Kingambit|2\n|-enditem|p1b: Kingambit|Chople Berry|[eat]\n|-enditem|p1b: Kingambit|Chople Berry|[weaken]\n|-damage|p1b: Kingambit|4/100\n|move|p1b: Kingambit|Swords Dance|p1b: Kingambit\n|-boost|p1b: Kingambit|atk|2\n|move|p1a: Pelipper|Weather Ball|p2b: Steelix\n|-resisted|p2b: Steelix|2\n|-damage|p2b: Steelix|96/100\n|\n|-weather|Sandstorm|[upkeep]\n|-damage|p1a: Pelipper|95/100|[from] Sandstorm\n|upkeep\n|turn|4\n|\n|t:|1775996959\n|switch|p1a: Incineroar|Incineroar, L50, F|100/100\n|-ability|p1a: Incineroar|Intimidate|boost\n|-unboost|p2a: Tyranitar|atk|1\n|-unboost|p2b: Steelix|atk|1\n|move|p1b: Kingambit|Sucker Punch|p2b: Steelix\n|-damage|p2b: Steelix|53/100\n|move|p2b: Steelix|Body Press|p1b: Kingambit\n|-supereffective|p1b: Kingambit|2\n|-damage|p1b: Kingambit|0 fnt\n|faint|p1b: Kingambit\n|move|p2a: Tyranitar|Thunder Punch|p1a: Incineroar\n|-damage|p1a: Incineroar|83/100\n|-status|p1a: Incineroar|par\n|-enditem|p1a: Incineroar|Lum Berry|[eat]\n|-curestatus|p1a: Incineroar|par|[msg]\n|\n|-weather|Sandstorm|[upkeep]\n|-damage|p1a: Incineroar|77/100|[from] Sandstorm\n|upkeep\n|\n|t:|1775996975\n|switch|p1b: Pelipper|Pelipper, L50, M|95/100\n|-weather|RainDance|[from] ability: Drizzle|[of] p1b: Pelipper\n|turn|5\n|\n|t:|1775996986\n|move|p1a: Incineroar|Fake Out|p2a: Tyranitar\n|-resisted|p2a: Tyranitar|1\n|-damage|p2a: Tyranitar|96/100\n|move|p2b: Steelix|Body Press|p1a: Incineroar\n|-supereffective|p1a: Incineroar|1\n|-damage|p1a: Incineroar|0 fnt\n|faint|p1a: Incineroar\n|cant|p2a: Tyranitar|flinch\n|move|p1b: Pelipper|Weather Ball|p2b: Steelix\n|-supereffective|p2b: Steelix|1\n|-damage|p2b: Steelix|0 fnt\n|faint|p2b: Steelix\n|\n|-weather|RainDance|[upkeep]\n|-fieldend|move: Trick Room\n|upkeep\n|\n|t:|1775996998\n|switch|p1a: Dragonite|Dragonite, L50, M|100/100\n|switch|p2b: Whimsicott|Whimsicott, L50, M|100/100\n|turn|6\n|\n|t:|1775997026\n|switch|p2a: Sneasler|Sneasler, L50, M|100/100\n|detailschange|p1a: Dragonite|Dragonite-Mega, L50, M\n|-mega|p1a: Dragonite|Dragonite|Dragoninite\n|move|p2b: Whimsicott|Encore|p1b: Pelipper\n|-start|p1b: Pelipper|Encore\n|move|p1a: Dragonite|Hurricane|p2b: Whimsicott\n|-supereffective|p2b: Whimsicott|1\n|-damage|p2b: Whimsicott|0 fnt\n|faint|p2b: Whimsicott\n|move|p1b: Pelipper|Weather Ball|p2a: Sneasler\n|-damage|p2a: Sneasler|39/100\n|\n|-weather|RainDance|[upkeep]\n|-sideend|p2: AsexualBillClinton|move: Light Screen\n|upkeep\n|\n|t:|1775997033\n|switch|p2b: Tyranitar|Tyranitar, L50, M|96/100\n|-weather|Sandstorm|[from] ability: Sand Stream|[of] p2b: Tyranitar\n|turn|7\n|\n|t:|1775997056\n|move|p2a: Sneasler|Fake Out|p1a: Dragonite\n|-damage|p1a: Dragonite|95/100\n|-status|p1a: Dragonite|psn|[from] ability: Poison Touch|[of] p2a: Sneasler\n|cant|p1a: Dragonite|flinch\n|move|p1b: Pelipper|Weather Ball|p2b: Tyranitar\n|-damage|p2b: Tyranitar|79/100\n|move|p2b: Tyranitar|Rock Slide|p1b: Pelipper|[spread] p1a,p1b\n|-supereffective|p1a: Dragonite|1\n|-supereffective|p1b: Pelipper|1\n|-damage|p1a: Dragonite|36/100 psn\n|-damage|p1b: Pelipper|6/100\n|\n|-weather|Sandstorm|[upkeep]\n|-damage|p2a: Sneasler|33/100|[from] Sandstorm\n|-damage|p1a: Dragonite|30/100 psn|[from] Sandstorm\n|-damage|p1b: Pelipper|0 fnt|[from] Sandstorm\n|faint|p1b: Pelipper\n|-damage|p1a: Dragonite|18/100 psn|[from] psn\n|upkeep\n|turn|8\n|\n|t:|1775997074\n|move|p2a: Sneasler|Dire Claw|p1a: Dragonite\n|-damage|p1a: Dragonite|0 fnt\n|faint|p1a: Dragonite\n|\n|win|AsexualBillClinton\n|raw|Bonaban's rating: 1209 &rarr; <strong>1186</strong><br />(-23 for losing)\n|raw|AsexualBillClinton's rating: 1238 &rarr; <strong>1261</strong><br />(+23 for winning)\n|l|\u2606Bonaban\n|player|p1|\n",
  "uploadtime": 1775997082,
  "views": 22,
  "formatid": "gen9championsvgc2026regma",
  "rating": 1186,
  "private": 0,
  "password": null
}