{
  "id": "gen9championsvgc2026regma-2588552546",
  "format": "[Gen 9 Champions] VGC 2026 Reg M-A",
  "players": [
    "MAGUSdk",
    "lessa_ped"
  ],
  "log": "|j|\u2606MAGUSdk\n|j|\u2606lessa_ped\n|t:|1776644263\n|gametype|doubles\n|player|p1|MAGUSdk|firebreather|1117\n|player|p2|lessa_ped|101|1153\n|gen|9\n|tier|[Gen 9 Champions] VGC 2026 Reg M-A\n|rated|\n|rule|Species Clause: Limit one of each Pok\u00e9mon\n|rule|Item Clause: Limit 1 of each item\n|clearpoke\n|poke|p1|Charizard, L50, M|\n|poke|p1|Venusaur, L50, F|\n|poke|p1|Basculegion, L50, M|\n|poke|p1|Farigiraf, L50, F|\n|poke|p1|Torkoal, L50, F|\n|poke|p1|Crabominable, L50, F|\n|poke|p2|Sinistcha, L50|\n|poke|p2|Sneasler, L50, M|\n|poke|p2|Kingambit, L50, M, shiny|\n|poke|p2|Incineroar, L50, F|\n|poke|p2|Politoed, L50, M|\n|poke|p2|Gengar, L50, M|\n|teampreview|4\n|\n|t:|1776644315\n|teamsize|p1|4\n|teamsize|p2|4\n|start\n|switch|p1a: Farigiraf|Farigiraf, L50, F|100/100\n|switch|p1b: Basculegion|Basculegion, L50, M|100/100\n|switch|p2a: Gengar|Gengar, L50, M|100/100\n|switch|p2b: Kingambit|Kingambit, L50, M, shiny|100/100\n|turn|1\n|\n|t:|1776644338\n|detailschange|p2a: Gengar|Gengar-Mega, L50, M\n|-mega|p2a: Gengar|Gengar|Gengarite\n|move|p2a: Gengar|Protect|p2a: Gengar\n|-singleturn|p2a: Gengar|Protect\n|move|p1b: Basculegion|Flip Turn|p2a: Gengar\n|-activate|p2a: Gengar|move: Protect\n|move|p2b: Kingambit|Kowtow Cleave|p1a: Farigiraf\n|-supereffective|p1a: Farigiraf|1\n|-damage|p1a: Farigiraf|18/100\n|-enditem|p1a: Farigiraf|Sitrus Berry|[eat]\n|-heal|p1a: Farigiraf|42/100|[from] item: Sitrus Berry\n|move|p1a: Farigiraf|Trick Room|p1a: Farigiraf\n|-fieldstart|move: Trick Room|[of] p1a: Farigiraf\n|\n|upkeep\n|turn|2\n|\n|t:|1776644362\n|switch|p2a: Politoed|Politoed, L50, M|100/100\n|-weather|RainDance|[from] ability: Drizzle|[of] p2a: Politoed\n|move|p2b: Kingambit|Kowtow Cleave|p1a: Farigiraf\n|-supereffective|p1a: Farigiraf|1\n|-damage|p1a: Farigiraf|0 fnt\n|faint|p1a: Farigiraf\n|move|p1b: Basculegion|Flip Turn|p2a: Politoed\n|-resisted|p2a: Politoed|1\n|-damage|p2a: Politoed|73/100\n|\n|t:|1776644377\n|switch|p1b: Torkoal|Torkoal, L50, F|100/100|[from] Flip Turn\n|-weather|SunnyDay|[from] ability: Drought|[of] p1b: Torkoal\n|\n|-weather|SunnyDay|[upkeep]\n|-heal|p2a: Politoed|79/100|[from] item: Leftovers\n|upkeep\n|\n|t:|1776644384\n|switch|p1a: Crabominable|Crabominable, L50, F|100/100\n|turn|3\n|\n|t:|1776644414\n|switch|p2a: Gengar|Gengar-Mega, L50, M|100/100\n|detailschange|p1a: Crabominable|Crabominable-Mega, L50, F\n|-mega|p1a: Crabominable|Crabominable|Crabominite\n|move|p2b: Kingambit|Protect|p2b: Kingambit\n|-singleturn|p2b: Kingambit|Protect\n|move|p1b: Torkoal|Eruption|p2b: Kingambit|[spread] p2a\n|-activate|p2b: Kingambit|move: Protect\n|-damage|p2a: Gengar|0 fnt\n|faint|p2a: Gengar\n|move|p1a: Crabominable|Drain Punch|p2b: Kingambit\n|-activate|p2b: Kingambit|move: Protect\n|\n|-weather|SunnyDay|[upkeep]\n|upkeep\n|\n|t:|1776644429\n|switch|p2a: Politoed|Politoed, L50, M|79/100\n|-weather|RainDance|[from] ability: Drizzle|[of] p2a: Politoed\n|turn|4\n|\n|t:|1776644465\n|switch|p2b: Sinistcha|Sinistcha, L50|100/100\n|-heal|p2a: Politoed|100/100|[from] ability: Hospitality|[of] p2b: Sinistcha\n|move|p2a: Politoed|Protect|p2a: Politoed\n|-singleturn|p2a: Politoed|Protect\n|move|p1b: Torkoal|Eruption|p2a: Politoed|[spread] p2b\n|-activate|p2a: Politoed|move: Protect\n|-supereffective|p2b: Sinistcha|1\n|-enditem|p2b: Sinistcha|Occa Berry|[eat]\n|-enditem|p2b: Sinistcha|Occa Berry|[weaken]\n|-damage|p2b: Sinistcha|70/100\n|move|p1a: Crabominable|Drain Punch|p2b: Sinistcha\n|-immune|p2b: Sinistcha\n|\n|-weather|RainDance|[upkeep]\n|upkeep\n|turn|5\n|\n|t:|1776644507\n|move|p2b: Sinistcha|Protect|p2b: Sinistcha\n|-singleturn|p2b: Sinistcha|Protect\n|move|p1b: Torkoal|Eruption|p2a: Politoed|[spread] p2a\n|-activate|p2b: Sinistcha|move: Protect\n|-resisted|p2a: Politoed|1\n|-damage|p2a: Politoed|89/100\n|move|p1a: Crabominable|Ice Hammer|p2b: Sinistcha\n|-activate|p2b: Sinistcha|move: Protect\n|move|p2a: Politoed|Weather Ball|p1b: Torkoal\n|-supereffective|p1b: Torkoal|1\n|-damage|p1b: Torkoal|0 fnt\n|faint|p1b: Torkoal\n|\n|-weather|RainDance|[upkeep]\n|-heal|p2a: Politoed|95/100|[from] item: Leftovers\n|-fieldend|move: Trick Room\n|upkeep\n|\n|t:|1776644522\n|switch|p1b: Basculegion|Basculegion, L50, M|100/100\n|turn|6\n|\n|t:|1776644529\n|switch|p2b: Kingambit|Kingambit, L50, M, shiny|100/100\n|move|p1a: Crabominable|Protect|p1a: Crabominable\n|-singleturn|p1a: Crabominable|Protect\n|move|p1b: Basculegion|Last Respects|p2b: Kingambit\n|-resisted|p2b: Kingambit|1\n|-damage|p2b: Kingambit|69/100\n|move|p2a: Politoed|Perish Song|p2a: Politoed\n|-start|p1a: Crabominable|perish3|[silent]\n|-start|p1b: Basculegion|perish3|[silent]\n|-start|p2a: Politoed|perish3|[silent]\n|-start|p2b: Kingambit|perish3|[silent]\n|-fieldactivate|move: Perish Song\n|\n|-weather|RainDance|[upkeep]\n|-heal|p2a: Politoed|100/100|[from] item: Leftovers\n|-start|p1b: Basculegion|perish3\n|-start|p2a: Politoed|perish3\n|-start|p2b: Kingambit|perish3\n|-start|p1a: Crabominable|perish3\n|upkeep\n|turn|7\n|\n|t:|1776644550\n|move|p2a: Politoed|Protect|p2a: Politoed\n|-singleturn|p2a: Politoed|Protect\n|move|p2b: Kingambit|Sucker Punch|p1b: Basculegion\n|-supereffective|p1b: Basculegion|1\n|-damage|p1b: Basculegion|0 fnt\n|faint|p1b: Basculegion\n|move|p1a: Crabominable|Mach Punch|p2b: Kingambit\n|-supereffective|p2b: Kingambit|2\n|-damage|p2b: Kingambit|0 fnt\n|faint|p2b: Kingambit\n|\n|-weather|RainDance|[upkeep]\n|-start|p2a: Politoed|perish2\n|-start|p1a: Crabominable|perish2\n|upkeep\n|\n|t:|1776644562\n|switch|p2b: Sinistcha|Sinistcha, L50|70/100\n|turn|8\n|\n|t:|1776644570\n|move|p2b: Sinistcha|Rage Powder|p2b: Sinistcha\n|-singleturn|p2b: Sinistcha|move: Rage Powder\n|move|p2a: Politoed|Encore|p1a: Crabominable\n|-start|p1a: Crabominable|Encore\n|move|p1a: Crabominable|Mach Punch|p2b: Sinistcha\n|-immune|p2b: Sinistcha\n|\n|-weather|none\n|-start|p2a: Politoed|perish1\n|-start|p1a: Crabominable|perish1\n|upkeep\n|turn|9\n|\n|t:|1776644583\n|move|p2b: Sinistcha|Rage Powder|p2b: Sinistcha\n|-singleturn|p2b: Sinistcha|move: Rage Powder\n|move|p1a: Crabominable|Mach Punch|p2b: Sinistcha\n|-immune|p2b: Sinistcha\n|move|p2a: Politoed|Weather Ball|p1a: Crabominable\n|-damage|p1a: Crabominable|92/100\n|\n|-start|p2a: Politoed|perish0\n|-start|p1a: Crabominable|perish0\n|upkeep\n|faint|p2a: Politoed\n|faint|p1a: Crabominable\n|\n|win|lessa_ped\n|raw|MAGUSdk's rating: 1117 &rarr; <strong>1095</strong><br />(-22 for losing)\n|raw|lessa_ped's rating: 1153 &rarr; <strong>1175</strong><br />(+22 for winning)\n",
  "uploadtime": 1776644593,
  "views": 10,
  "formatid": "gen9championsvgc2026regma",
  "rating": 1095,
  "private": 0,
  "password": null
}