{
  "id": "gen9championsvgc2026regma-2582121459",
  "format": "[Gen 9 Champions] VGC 2026 Reg M-A",
  "players": [
    "nextxenp",
    "rylbld"
  ],
  "log": "|j|\u2606nextxenp\n|j|\u2606rylbld\n|t:|1776060687\n|gametype|doubles\n|player|p1|nextxenp|skier|1132\n|player|p2|rylbld|guitarist|1092\n|gen|9\n|tier|[Gen 9 Champions] VGC 2026 Reg M-A\n|rated|\n|rule|Species Clause: Limit one of each Pok\u00e9mon\n|rule|Item Clause: Limit 1 of each item\n|clearpoke\n|poke|p1|Gengar, L50, M|\n|poke|p1|Incineroar, L50, M|\n|poke|p1|Sinistcha, L50|\n|poke|p1|Kingambit, L50, F|\n|poke|p1|Tyranitar, L50, F|\n|poke|p1|Kommo-o, L50, M|\n|poke|p2|Kingambit, L50, M|\n|poke|p2|Basculegion, L50, M|\n|poke|p2|Dragonite, L50, F|\n|poke|p2|Pelipper, L50, F|\n|poke|p2|Sneasler, L50, F|\n|poke|p2|Sinistcha, L50|\n|teampreview|4\nnextxenp has agreed to open team sheets.\n|\n|t:|1776060753\n|teamsize|p1|4\n|teamsize|p2|4\n|start\n|switch|p1a: Incineroar|Incineroar, L50, M|100/100\n|switch|p1b: Kommo-o|Kommo-o, L50, M|100/100\n|switch|p2a: Sneasler|Sneasler, L50, F|100/100\n|switch|p2b: Kingambit|Kingambit, L50, M|100/100\n|-ability|p1a: Incineroar|Intimidate|boost\n|-unboost|p2a: Sneasler|atk|1\n|-unboost|p2b: Kingambit|atk|1\n|-ability|p2b: Kingambit|Defiant|boost\n|-boost|p2b: Kingambit|atk|2\n|-enditem|p2a: Sneasler|White Herb\n|-clearnegativeboost|p2a: Sneasler|[silent]\n|turn|1\n|\n|t:|1776060777\n|move|p2b: Kingambit|Protect|p2b: Kingambit\n|-singleturn|p2b: Kingambit|Protect\n|move|p1a: Incineroar|Fake Out|p2a: Sneasler\n|-damage|p2a: Sneasler|83/100\n|cant|p2a: Sneasler|flinch\n|move|p1b: Kommo-o|Aura Sphere|p2b: Kingambit\n|-activate|p2b: Kingambit|move: Protect\n|\n|upkeep\n|turn|2\n|\n|t:|1776060807\n|switch|p2b: Basculegion|Basculegion, L50, M|100/100\n|move|p1b: Kommo-o|Protect|p1b: Kommo-o\n|-singleturn|p1b: Kommo-o|Protect\n|move|p2a: Sneasler|Close Combat|p1a: Incineroar\n|-supereffective|p1a: Incineroar|1\n|-damage|p1a: Incineroar|0 fnt\n|-unboost|p2a: Sneasler|def|1\n|-unboost|p2a: Sneasler|spd|1\n|faint|p1a: Incineroar\n|\n|upkeep\n|\n|t:|1776060824\n|switch|p1a: Kingambit|Kingambit, L50, F|100/100\n|turn|3\n|\n|t:|1776060837\n|switch|p2a: Pelipper|Pelipper, L50, F|100/100\n|-weather|RainDance|[from] ability: Drizzle|[of] p2a: Pelipper\n|move|p1a: Kingambit|Sucker Punch|p2b: Basculegion\n|-supereffective|p2b: Basculegion|1\n|-damage|p2b: Basculegion|2/100\n|move|p2b: Basculegion|Wave Crash|p1a: Kingambit\n|-damage|p1a: Kingambit|15/100\n|-damage|p2b: Basculegion|0 fnt|[from] Recoil\n|faint|p2b: Basculegion\n|move|p1b: Kommo-o|Clanging Scales|p2a: Pelipper\n|-damage|p2a: Pelipper|6/100\n|-unboost|p1b: Kommo-o|def|1\n|\n|-weather|RainDance|[upkeep]\n|upkeep\n|\n|t:|1776060856\n|switch|p2b: Sneasler|Sneasler, L50, F|83/100\n|turn|4\n|\n|t:|1776060866\n|switch|p1a: Tyranitar|Tyranitar, L50, F|100/100\n|-weather|Sandstorm|[from] ability: Sand Stream|[of] p1a: Tyranitar\n|move|p1b: Kommo-o|Protect|p1b: Kommo-o\n|-singleturn|p1b: Kommo-o|Protect\n|move|p2b: Sneasler|Fake Out|p1a: Tyranitar\n|-resisted|p1a: Tyranitar|1\n|-damage|p1a: Tyranitar|93/100\n|move|p2a: Pelipper|Hurricane|p1b: Kommo-o\n|-activate|p1b: Kommo-o|move: Protect\n|\n|-weather|Sandstorm|[upkeep]\n|-damage|p2b: Sneasler|78/100|[from] Sandstorm\n|-damage|p1b: Kommo-o|95/100|[from] Sandstorm\n|-damage|p2a: Pelipper|0 fnt|[from] Sandstorm\n|faint|p2a: Pelipper\n|-heal|p1b: Kommo-o|100/100|[from] item: Leftovers\n|upkeep\n|\n|t:|1776060871\n|switch|p2a: Kingambit|Kingambit, L50, M|100/100\n|turn|5\n|\n|t:|1776060891\n|move|p2a: Kingambit|Sucker Punch|p1b: Kommo-o\n|-resisted|p1b: Kommo-o|1\n|-damage|p1b: Kommo-o|66/100\n|move|p1a: Tyranitar|Low Kick|p2a: Kingambit\n|-supereffective|p2a: Kingambit|2\n|-damage|p2a: Kingambit|0 fnt\n|faint|p2a: Kingambit\n|move|p2b: Sneasler|Dire Claw|p1b: Kommo-o\n|-damage|p1b: Kommo-o|5/100\n|move|p1b: Kommo-o|Clanging Scales|p2b: Sneasler\n|-damage|p2b: Sneasler|2/100\n|-unboost|p1b: Kommo-o|def|1\n|\n|-weather|Sandstorm|[upkeep]\n|-damage|p2b: Sneasler|0 fnt|[from] Sandstorm\n|-damage|p1b: Kommo-o|0 fnt|[from] Sandstorm\n|faint|p2b: Sneasler\n|faint|p1b: Kommo-o\n|\n|win|nextxenp\n|raw|nextxenp's rating: 1132 &rarr; <strong>1154</strong><br />(+22 for winning)\n|raw|rylbld's rating: 1092 &rarr; <strong>1071</strong><br />(-21 for losing)\n",
  "uploadtime": 1776060907,
  "views": 17,
  "formatid": "gen9championsvgc2026regma",
  "rating": 1071,
  "private": 0,
  "password": null
}