{
  "id": "gen9championsvgc2026regma-2587408137",
  "format": "[Gen 9 Champions] VGC 2026 Reg M-A",
  "players": [
    "PesseGo72",
    "Pabilisco"
  ],
  "log": "|j|\u2606PesseGo72\n|j|\u2606Pabilisco\n|t:|1776529323\n|gametype|doubles\n|player|p1|PesseGo72|101|1216\n|player|p2|Pabilisco|rosa-masters3|1181\n|gen|9\n|tier|[Gen 9 Champions] VGC 2026 Reg M-A\n|rated|\n|rule|Species Clause: Limit one of each Pok\u00e9mon\n|rule|Item Clause: Limit 1 of each item\n|clearpoke\n|poke|p1|Tyranitar, L50, M|\n|poke|p1|Excadrill, L50, F|\n|poke|p1|Garchomp, L50, F|\n|poke|p1|Corviknight, L50, F|\n|poke|p1|Sinistcha, L50|\n|poke|p1|Rotom-Heat, L50|\n|poke|p2|Charizard, L50, M|\n|poke|p2|Serperior, L50, M|\n|poke|p2|Milotic, L50, M|\n|poke|p2|Aegislash, L50, F|\n|poke|p2|Whimsicott, L50, F|\n|poke|p2|Mamoswine, L50, M|\n|teampreview|4\n|\n|t:|1776529352\n|teamsize|p1|4\n|teamsize|p2|4\n|start\n|switch|p1a: Garchomp|Garchomp, L50, F|100/100\n|switch|p1b: Sinistcha|Sinistcha, L50|100/100\n|switch|p2a: Serperior|Serperior, L50, M|100/100\n|switch|p2b: Aegislash|Aegislash, L50, F|100/100\n|turn|1\n|\n|t:|1776529385\n|switch|p1b: Rotom|Rotom-Heat, L50|100/100\n|move|p2a: Serperior|Reflect|p2a: Serperior\n|-sidestart|p2: Pabilisco|Reflect\n|move|p1a: Garchomp|Earthquake|p2a: Serperior|[spread] p2a,p2b\n|-immune|p1b: Rotom|[from] ability: Levitate\n|-resisted|p2a: Serperior|1\n|-supereffective|p2b: Aegislash|1\n|-damage|p2a: Serperior|88/100\n|-damage|p2b: Aegislash|60/100\n|-formechange|p2b: Aegislash|Aegislash-Blade|\n|move|p2b: Aegislash|Poltergeist|p1b: Rotom\n|-activate|p1b: Rotom|move: Poltergeist|Choice Scarf\n|-damage|p1b: Rotom|37/100\n|\n|upkeep\n|turn|2\n|\n|t:|1776529404\n|switch|p2b: Milotic|Milotic, L50, M|100/100\n|move|p1b: Rotom|Overheat|p2b: Milotic\n|-resisted|p2b: Milotic|1\n|-damage|p2b: Milotic|84/100\n|-unboost|p1b: Rotom|spa|2\n|move|p2a: Serperior|Light Screen|p2a: Serperior\n|-sidestart|p2: Pabilisco|move: Light Screen\n|move|p1a: Garchomp|Earthquake|p2b: Milotic|[spread] p2a,p2b\n|-immune|p1b: Rotom|[from] ability: Levitate\n|-resisted|p2a: Serperior|1\n|-damage|p2a: Serperior|75/100\n|-damage|p2b: Milotic|61/100\n|\n|-heal|p2b: Milotic|67/100|[from] item: Leftovers\n|upkeep\n|turn|3\n|\n|t:|1776529420\n|switch|p1b: Sinistcha|Sinistcha, L50|100/100\n|move|p2a: Serperior|Leaf Storm|p1a: Garchomp\n|-damage|p1a: Garchomp|58/100\n|-boost|p2a: Serperior|spa|2\n|move|p1a: Garchomp|Poison Jab|p2a: Serperior\n|-supereffective|p2a: Serperior|1\n|-damage|p2a: Serperior|35/100\n|-enditem|p2a: Serperior|Sitrus Berry|[eat]\n|-heal|p2a: Serperior|60/100|[from] item: Sitrus Berry\n|move|p2b: Milotic|Scald|p1b: Sinistcha\n|-resisted|p1b: Sinistcha|1\n|-damage|p1b: Sinistcha|85/100\n|\n|-heal|p2b: Milotic|73/100|[from] item: Leftovers\n|upkeep\n|turn|4\n|\n|t:|1776529438\n|move|p2a: Serperior|Leaf Storm|p1a: Garchomp\n|-damage|p1a: Garchomp|0 fnt\n|-boost|p2a: Serperior|spa|2\n|faint|p1a: Garchomp\n|move|p2b: Milotic|Life Dew|p2b: Milotic|[spread] p2a,p2b\n|-heal|p2a: Serperior|84/100\n|-heal|p2b: Milotic|98/100\n|move|p1b: Sinistcha|Matcha Gotcha|p2b: Milotic|[spread] p2a,p2b\n|-resisted|p2a: Serperior|1\n|-supereffective|p2b: Milotic|1\n|-damage|p2a: Serperior|75/100\n|-heal|p1b: Sinistcha|90/100|[from] drain|[of] p2a: Serperior\n|-damage|p2b: Milotic|74/100\n|-heal|p1b: Sinistcha|100/100|[from] drain|[of] p2b: Milotic\n|-status|p2b: Milotic|brn\n|\n|-heal|p2b: Milotic|80/100 brn|[from] item: Leftovers\n|-damage|p2b: Milotic|74/100 brn|[from] brn\n|upkeep\n|\n|t:|1776529459\n|switch|p1a: Rotom|Rotom-Heat, L50|37/100\n|turn|5\n|\n|t:|1776529466\n|move|p2a: Serperior|Protect|p2a: Serperior\n|-singleturn|p2a: Serperior|Protect\n|move|p1b: Sinistcha|Rage Powder|p1b: Sinistcha\n|-singleturn|p1b: Sinistcha|move: Rage Powder\n|move|p1a: Rotom|Overheat|p2a: Serperior\n|-activate|p2a: Serperior|move: Protect\n|move|p2b: Milotic|Scald|p1b: Sinistcha\n|-resisted|p1b: Sinistcha|1\n|-damage|p1b: Sinistcha|85/100\n|\n|-heal|p2b: Milotic|80/100 brn|[from] item: Leftovers\n|-damage|p2b: Milotic|74/100 brn|[from] brn\n|-sideend|p2: Pabilisco|Reflect\n|upkeep\n|turn|6\n|\n|t:|1776529496\n|move|p1b: Sinistcha|Rage Powder|p1b: Sinistcha\n|-singleturn|p1b: Sinistcha|move: Rage Powder\n|move|p1a: Rotom|Overheat|p2a: Serperior\n|-supereffective|p2a: Serperior|1\n|-damage|p2a: Serperior|15/100\n|-unboost|p1a: Rotom|spa|2\n|move|p2a: Serperior|Leaf Storm|p1b: Sinistcha\n|-resisted|p1b: Sinistcha|1\n|-damage|p1b: Sinistcha|36/100\n|-boost|p2a: Serperior|spa|2\n|move|p2b: Milotic|Life Dew|p2b: Milotic|[spread] p2a,p2b\n|-heal|p2a: Serperior|40/100\n|-heal|p2b: Milotic|99/100 brn\n|\n|-heal|p2b: Milotic|100/100 brn|[from] item: Leftovers\n|-damage|p2b: Milotic|95/100 brn|[from] brn\n|-sideend|p2: Pabilisco|move: Light Screen\n|upkeep\n|turn|7\n|\n|t:|1776529548\n|switch|p1a: Tyranitar|Tyranitar, L50, M|100/100\n|-weather|Sandstorm|[from] ability: Sand Stream|[of] p1a: Tyranitar\n|move|p2a: Serperior|Protect|p2a: Serperior\n|-singleturn|p2a: Serperior|Protect\n|move|p2b: Milotic|Life Dew|p2b: Milotic|[spread] p2a,p2b\n|-heal|p2a: Serperior|65/100\n|-heal|p2b: Milotic|100/100 brn\n|move|p1b: Sinistcha|Shadow Ball|p2a: Serperior\n|-activate|p2a: Serperior|move: Protect\n|\n|-weather|Sandstorm|[upkeep]\n|-damage|p2a: Serperior|59/100|[from] Sandstorm\n|-damage|p2b: Milotic|95/100 brn|[from] Sandstorm\n|-damage|p1b: Sinistcha|30/100|[from] Sandstorm\n|-heal|p2b: Milotic|100/100 brn|[from] item: Leftovers\n|-damage|p2b: Milotic|95/100 brn|[from] brn\n|upkeep\n|turn|8\n|\n|t:|1776529567\n|detailschange|p1a: Tyranitar|Tyranitar-Mega, L50, M\n|-mega|p1a: Tyranitar|Tyranitar|Tyranitarite\n|move|p2a: Serperior|Leaf Storm|p1a: Tyranitar\n|-supereffective|p1a: Tyranitar|1\n|-damage|p1a: Tyranitar|0 fnt\n|faint|p1a: Tyranitar\n|move|p2b: Milotic|Weather Ball|p1b: Sinistcha\n|-damage|p1b: Sinistcha|5/100\n|move|p1b: Sinistcha|Matcha Gotcha|p2b: Milotic|[spread] p2a,p2b\n|-resisted|p2a: Serperior|1\n|-supereffective|p2b: Milotic|1\n|-damage|p2a: Serperior|45/100\n|-heal|p1b: Sinistcha|12/100|[from] drain|[of] p2a: Serperior\n|-damage|p2b: Milotic|56/100 brn\n|-heal|p1b: Sinistcha|34/100|[from] drain|[of] p2b: Milotic\n|\n|-weather|Sandstorm|[upkeep]\n|-damage|p2a: Serperior|39/100|[from] Sandstorm\n|-damage|p2b: Milotic|50/100 brn|[from] Sandstorm\n|-damage|p1b: Sinistcha|27/100|[from] Sandstorm\n|-heal|p2b: Milotic|56/100 brn|[from] item: Leftovers\n|-damage|p2b: Milotic|50/100 brn|[from] brn\n|upkeep\n|\n|t:|1776529574\n|switch|p1a: Rotom|Rotom-Heat, L50|37/100\n|turn|9\n|\n|t:|1776529585\n|move|p2a: Serperior|Protect|p2a: Serperior\n|-singleturn|p2a: Serperior|Protect\n|move|p1a: Rotom|Overheat|p2a: Serperior\n|-activate|p2a: Serperior|move: Protect\n|move|p2b: Milotic|Weather Ball|p1a: Rotom\n|-supereffective|p1a: Rotom|1\n|-damage|p1a: Rotom|0 fnt\n|faint|p1a: Rotom\n|move|p1b: Sinistcha|Trick Room|p1b: Sinistcha\n|-fieldstart|move: Trick Room|[of] p1b: Sinistcha\n|\n|-weather|Sandstorm|[upkeep]\n|-damage|p1b: Sinistcha|21/100|[from] Sandstorm\n|-damage|p2b: Milotic|44/100 brn|[from] Sandstorm\n|-damage|p2a: Serperior|33/100|[from] Sandstorm\n|-heal|p2b: Milotic|50/100 brn|[from] item: Leftovers\n|-damage|p2b: Milotic|44/100 brn|[from] brn\n|upkeep\n|turn|10\n|\n|t:|1776529598\n|move|p2b: Milotic|Protect|p2b: Milotic\n|-singleturn|p2b: Milotic|Protect\n|move|p1b: Sinistcha|Matcha Gotcha|p2b: Milotic|[spread] \n|-activate|p2b: Milotic|move: Protect\n|-miss|p1b: Sinistcha|p2a: Serperior\n|move|p2a: Serperior|Leaf Storm|p1b: Sinistcha\n|-resisted|p1b: Sinistcha|1\n|-damage|p1b: Sinistcha|0 fnt\n|faint|p1b: Sinistcha\n|\n|win|Pabilisco\n|raw|PesseGo72's rating: 1216 &rarr; <strong>1188</strong><br />(-28 for losing)\n|raw|Pabilisco's rating: 1181 &rarr; <strong>1209</strong><br />(+28 for winning)\n",
  "uploadtime": 1776529612,
  "views": 12,
  "formatid": "gen9championsvgc2026regma",
  "rating": 1188,
  "private": 0,
  "password": null
}