{
  "id": "gen9championsvgc2026regma-2586337250",
  "format": "[Gen 9 Champions] VGC 2026 Reg M-A",
  "players": [
    "MaruuxI",
    "Asteroide89"
  ],
  "log": "|j|\u2606MaruuxI\n|j|\u2606Asteroide89\n|t:|1776426587\n|gametype|doubles\n|player|p1|MaruuxI|wallace|1008\n|player|p2|Asteroide89|102|1052\n|gen|9\n|tier|[Gen 9 Champions] VGC 2026 Reg M-A\n|rated|\n|rule|Species Clause: Limit one of each Pok\u00e9mon\n|rule|Item Clause: Limit 1 of each item\n|clearpoke\n|poke|p1|Meowstic-F, L50, F|\n|poke|p1|Sneasler, L50, M|\n|poke|p1|Alakazam, L50, F|\n|poke|p1|Espeon, L50, M|\n|poke|p1|Garchomp, L50, F|\n|poke|p1|Talonflame, L50, M|\n|poke|p2|Sneasler, L50, M|\n|poke|p2|Incineroar, L50, F|\n|poke|p2|Golurk, L50|\n|poke|p2|Venusaur, L50, M|\n|poke|p2|Farigiraf, L50, M|\n|poke|p2|Torkoal, L50, F|\n|teampreview|4\n|inactive|Battle timer is ON: inactive players will automatically lose when time's up. (requested by Asteroide89)\n|\n|t:|1776426602\n|teamsize|p1|4\n|teamsize|p2|4\n|start\n|switch|p1a: Meowstic|Meowstic-F, L50, F|100/100\n|switch|p1b: Espeon|Espeon, L50, M|100/100\n|switch|p2a: Incineroar|Incineroar, L50, F|100/100\n|switch|p2b: Farigiraf|Farigiraf, L50, M|100/100\n|-ability|p2a: Incineroar|Intimidate|boost\n|-unboost|p1a: Meowstic|atk|1\n|-unboost|p1b: Espeon|atk|1\n|turn|1\n|\n|t:|1776426615\n|switch|p1a: Garchomp|Garchomp, L50, F|100/100\n|switch|p1b: Talonflame|Talonflame, L50, M|100/100\n|move|p2a: Incineroar|Fake Out|p1a: Garchomp\n|-damage|p1a: Garchomp|91/100\n|move|p2b: Farigiraf|Trick Room|p2b: Farigiraf\n|-fieldstart|move: Trick Room|[of] p2b: Farigiraf\n|\n|upkeep\n|turn|2\n|\n|t:|1776426633\n|switch|p1b: Espeon|Espeon, L50, M|100/100\n|move|p2b: Farigiraf|Psychic|p1b: Espeon\n|-resisted|p1b: Espeon|1\n|-damage|p1b: Espeon|85/100\n|move|p2a: Incineroar|Parting Shot|p1a: Garchomp\n|-unboost|p1a: Garchomp|atk|1\n|-unboost|p1a: Garchomp|spa|1\n|\n|t:|1776426641\n|switch|p2a: Golurk|Golurk, L50, shiny|100/100|[from] Parting Shot\n|move|p1a: Garchomp|Earthquake|p2a: Golurk|[spread] p1b,p2a,p2b\n|-damage|p1b: Espeon|55/100\n|-damage|p2a: Golurk|70/100\n|-damage|p2b: Farigiraf|79/100\n|\n|upkeep\n|turn|3\n|\n|t:|1776426654\n|detailschange|p2a: Golurk|Golurk-Mega, L50, shiny\n|-mega|p2a: Golurk|Golurk|Golurkite\n|move|p2b: Farigiraf|Ally Switch|p2b: Farigiraf\n|swap|p2b: Farigiraf|0|[from] move: Ally Switch\n|move|p2b: Golurk|Ice Punch|p1a: Garchomp\n|-supereffective|p1a: Garchomp|2\n|-enditem|p1a: Garchomp|Yache Berry|[eat]\n|-enditem|p1a: Garchomp|Yache Berry|[weaken]\n|-damage|p1a: Garchomp|20/100\n|move|p1b: Espeon|Psychic Terrain|p1b: Espeon\n|-fieldstart|move: Psychic Terrain\n|move|p1a: Garchomp|Rock Slide|p2a: Farigiraf|[spread] p2a\n|-miss|p1a: Garchomp|p2b: Golurk\n|-damage|p2a: Farigiraf|69/100\n|\n|upkeep\n|turn|4\n|\n|t:|1776426675\n|move|p2a: Farigiraf|Psychic|p1a: Garchomp\n|-damage|p1a: Garchomp|0 fnt\n|faint|p1a: Garchomp\n|move|p2b: Golurk|Poltergeist|p1b: Espeon\n|-activate|p1b: Espeon|move: Poltergeist|Focus Sash\n|-supereffective|p1b: Espeon|1\n|-damage|p1b: Espeon|0 fnt\n|faint|p1b: Espeon\n|\n|upkeep\n|\n|t:|1776426683\n|switch|p1b: Talonflame|Talonflame, L50, M|100/100\n|switch|p1a: Meowstic|Meowstic-F, L50, F|100/100\n|turn|5\n|\n|t:|1776426700\n|detailschange|p1a: Meowstic|Meowstic-F-Mega, L50, F\n|-mega|p1a: Meowstic|Meowstic|Meowsticite\n|-ability|p1a: Meowstic|Armor Tail|Trace|[from] ability: Trace|[of] p2a: Farigiraf\n|move|p2a: Farigiraf|Helping Hand|p2b: Golurk\n|-singleturn|p2b: Golurk|Helping Hand|[of] p2a: Farigiraf\n|move|p2b: Golurk|Poltergeist|p1a: Meowstic\n|-activate|p1a: Meowstic|move: Poltergeist|Meowsticite\n|-supereffective|p1a: Meowstic|1\n|-damage|p1a: Meowstic|0 fnt\n|faint|p1a: Meowstic\n|move|p1b: Talonflame|Will-O-Wisp|p2b: Golurk\n|-status|p2b: Golurk|brn\n|\n|-damage|p2b: Golurk|64/100 brn|[from] brn\n|-fieldend|move: Trick Room\n|upkeep\n|turn|6\n|\n|t:|1776426721\n|move|p2a: Farigiraf|Helping Hand|p2b: Golurk\n|-singleturn|p2b: Golurk|Helping Hand|[of] p2a: Farigiraf\n|move|p1b: Talonflame|Brave Bird|p2b: Golurk\n|-damage|p2b: Golurk|31/100 brn\n|-damage|p1b: Talonflame|89/100|[from] Recoil\n|move|p2b: Golurk|Ice Punch|p1b: Talonflame\n|-damage|p1b: Talonflame|58/100\n|-status|p1b: Talonflame|frz\n|\n|-damage|p2b: Golurk|26/100 brn|[from] brn\n|upkeep\n|turn|7\n|\n|t:|1776426734\n|switch|p2b: Incineroar|Incineroar, L50, F|100/100\n|-ability|p2b: Incineroar|Intimidate|boost\n|-unboost|p1b: Talonflame|atk|1\n|cant|p1b: Talonflame|frz\n|move|p2a: Farigiraf|Trick Room|p2a: Farigiraf\n|-fieldstart|move: Trick Room|[of] p2a: Farigiraf\n|\n|-fieldend|move: Psychic Terrain\n|upkeep\n|turn|8\n|\n|t:|1776426749\n|move|p2b: Incineroar|Fake Out|p1b: Talonflame\n|-damage|p1b: Talonflame|45/100 frz\n|-enditem|p1b: Talonflame|Sitrus Berry|[eat]\n|-heal|p1b: Talonflame|70/100 frz|[from] item: Sitrus Berry\n|move|p2a: Farigiraf|Psychic|p1b: Talonflame\n|-damage|p1b: Talonflame|21/100 frz\n|cant|p1b: Talonflame|frz\n|\n|upkeep\n|turn|9\n|\n|t:|1776426760\n|move|p2a: Farigiraf|Psychic|p1b: Talonflame\n|-damage|p1b: Talonflame|0 fnt\n|faint|p1b: Talonflame\n|\n|win|Asteroide89\n|raw|MaruuxI's rating: 1008 &rarr; <strong>1000</strong><br />(-8 for losing)\n|raw|Asteroide89's rating: 1052 &rarr; <strong>1080</strong><br />(+28 for winning)\n",
  "uploadtime": 1776426762,
  "views": 26,
  "formatid": "gen9championsvgc2026regma",
  "rating": 1000,
  "private": 0,
  "password": null
}