{
  "id": "gen9championsvgc2026regma-2588027456",
  "format": "[Gen 9 Champions] VGC 2026 Reg M-A",
  "players": [
    "horohorovasey",
    "loreaccuratebroly"
  ],
  "log": "|j|\u2606horohorovasey\n|j|\u2606loreaccuratebroly\n|t:|1776594950\n|gametype|doubles\n|player|p1|horohorovasey|miku-ghost|1044\n|player|p2|loreaccuratebroly|crasherwake|1000\n|gen|9\n|tier|[Gen 9 Champions] VGC 2026 Reg M-A\n|rated|\n|rule|Species Clause: Limit one of each Pok\u00e9mon\n|rule|Item Clause: Limit 1 of each item\n|clearpoke\n|poke|p1|Gourgeist-Super, L50, M, shiny|\n|poke|p1|Crabominable, L50, F|\n|poke|p1|Tyranitar, L50, F|\n|poke|p1|Incineroar, L50, F|\n|poke|p1|Rotom-Wash, L50|\n|poke|p1|Tinkaton, L50, F|\n|poke|p2|Skarmory, L50, F|\n|poke|p2|Sneasler, L50, M|\n|poke|p2|Garchomp, L50, F|\n|poke|p2|Rotom-Wash, L50|\n|poke|p2|Sylveon, L50, M|\n|poke|p2|Tyranitar, L50, F|\n|teampreview|4\nhorohorovasey rejected open team sheets.\n|\n|t:|1776595017\n|teamsize|p1|4\n|teamsize|p2|4\n|start\n|switch|p1a: Incineroar|Incineroar, L50, F|100/100\n|switch|p1b: Goo Goo Dolls|Gourgeist-Super, L50, M, shiny|100/100\n|switch|p2a: Skarmory|Skarmory, L50, F|100/100\n|switch|p2b: Tyranitar|Tyranitar, L50, F|100/100\n|-weather|Sandstorm|[from] ability: Sand Stream|[of] p2b: Tyranitar\n|-ability|p1a: Incineroar|Intimidate|boost\n|-unboost|p2a: Skarmory|atk|1\n|-unboost|p2b: Tyranitar|atk|1\n|-item|p2a: Skarmory|Skarmorite|[from] ability: Frisk|[of] p1b: Goo Goo Dolls\n|-item|p2b: Tyranitar|Chople Berry|[from] ability: Frisk|[of] p1b: Goo Goo Dolls\n|turn|1\n|\n|t:|1776595061\n|detailschange|p2a: Skarmory|Skarmory-Mega, L50, F\n|-mega|p2a: Skarmory|Skarmory|Skarmorite\n|move|p1a: Incineroar|Fake Out|p2a: Skarmory\n|-resisted|p2a: Skarmory|1\n|-damage|p2a: Skarmory|94/100\n|cant|p2a: Skarmory|flinch\n|move|p2b: Tyranitar|Earthquake|p1a: Incineroar|[spread] p1a,p1b\n|-immune|p2a: Skarmory\n|-supereffective|p1a: Incineroar|1\n|-resisted|p1b: Goo Goo Dolls|1\n|-damage|p1a: Incineroar|71/100\n|-damage|p1b: Goo Goo Dolls|94/100\n|move|p1b: Goo Goo Dolls|Trick Room|p1b: Goo Goo Dolls\n|-fieldstart|move: Trick Room|[of] p1b: Goo Goo Dolls\n|\n|-weather|Sandstorm|[upkeep]\n|-damage|p1b: Goo Goo Dolls|88/100|[from] Sandstorm\n|-damage|p1a: Incineroar|65/100|[from] Sandstorm\n|upkeep\n|turn|2\n|\n|t:|1776595092\n|switch|p2b: Sylveon|Sylveon, L50, M|100/100\n|switch|p2a: Rotom|Rotom-Wash, L50|100/100\n|move|p1b: Goo Goo Dolls|Will-O-Wisp|p2a: Rotom\n|-status|p2a: Rotom|brn\n|move|p1a: Incineroar|Parting Shot|p2b: Sylveon\n|-unboost|p2b: Sylveon|atk|1\n|-unboost|p2b: Sylveon|spa|1\n|\n|t:|1776595102\n|switch|p1a: Tinkaton|Tinkaton, L50, F|100/100|[from] Parting Shot\n|-ability|p1a: Tinkaton|Mold Breaker\n|\n|-weather|Sandstorm|[upkeep]\n|-damage|p1b: Goo Goo Dolls|82/100|[from] Sandstorm\n|-damage|p2b: Sylveon|95/100|[from] Sandstorm\n|-damage|p2a: Rotom|95/100 brn|[from] Sandstorm\n|-heal|p2a: Rotom|100/100 brn|[from] item: Leftovers\n|-damage|p2a: Rotom|95/100 brn|[from] brn\n|upkeep\n|turn|3\n|\n|t:|1776595136\n|move|p2a: Rotom|Protect|p2a: Rotom\n|-singleturn|p2a: Rotom|Protect\n|move|p1b: Goo Goo Dolls|Poltergeist|p2b: Sylveon\n|-activate|p2b: Sylveon|move: Poltergeist|Fairy Feather\n|-damage|p2b: Sylveon|38/100\n|move|p2b: Sylveon|Shadow Ball|p1b: Goo Goo Dolls\n|-supereffective|p1b: Goo Goo Dolls|1\n|-enditem|p1b: Goo Goo Dolls|Kasib Berry|[eat]\n|-enditem|p1b: Goo Goo Dolls|Kasib Berry|[weaken]\n|-damage|p1b: Goo Goo Dolls|66/100\n|-unboost|p1b: Goo Goo Dolls|spd|1\n|move|p1a: Tinkaton|Gigaton Hammer|p2b: Sylveon\n|-supereffective|p2b: Sylveon|1\n|-damage|p2b: Sylveon|0 fnt\n|faint|p2b: Sylveon\n|\n|-weather|Sandstorm|[upkeep]\n|-damage|p1b: Goo Goo Dolls|59/100|[from] Sandstorm\n|-damage|p2a: Rotom|89/100 brn|[from] Sandstorm\n|-heal|p2a: Rotom|95/100 brn|[from] item: Leftovers\n|-damage|p2a: Rotom|89/100 brn|[from] brn\n|upkeep\n|\n|t:|1776595156\n|switch|p2b: Skarmory|Skarmory-Mega, L50, F|94/100\n|turn|4\n|\n|t:|1776595168\n|move|p1b: Goo Goo Dolls|Will-O-Wisp|p2b: Skarmory|[miss]\n|-miss|p1b: Goo Goo Dolls|p2b: Skarmory\n|move|p2a: Rotom|Hydro Pump|p1a: Tinkaton\n|-damage|p1a: Tinkaton|68/100\n|move|p1a: Tinkaton|Encore|p2a: Rotom\n|-start|p2a: Rotom|Encore\n|move|p2b: Skarmory|Dual Wingbeat|p1b: Goo Goo Dolls\n|-supereffective|p1b: Goo Goo Dolls|1\n|-crit|p1b: Goo Goo Dolls\n|-damage|p1b: Goo Goo Dolls|12/100\n|-supereffective|p1b: Goo Goo Dolls|1\n|-damage|p1b: Goo Goo Dolls|0 fnt\n|faint|p1b: Goo Goo Dolls\n|-hitcount|p1: Goo Goo Dolls|2\n|\n|-weather|Sandstorm|[upkeep]\n|-damage|p2a: Rotom|84/100 brn|[from] Sandstorm\n|-heal|p2a: Rotom|89/100 brn|[from] item: Leftovers\n|-damage|p2a: Rotom|84/100 brn|[from] brn\n|upkeep\n|\n|t:|1776595180\n|switch|p1b: Incineroar|Incineroar, L50, F|65/100\n|-ability|p1b: Incineroar|Intimidate|boost\n|-unboost|p2a: Rotom|atk|1\n|-unboost|p2b: Skarmory|atk|1\n|turn|5\n|\n|t:|1776595202\n|move|p2b: Skarmory|Protect|p2b: Skarmory\n|-singleturn|p2b: Skarmory|Protect\n|move|p1b: Incineroar|Flare Blitz|p2b: Skarmory\n|-activate|p2b: Skarmory|move: Protect\n|move|p2a: Rotom|Hydro Pump|p1b: Incineroar\n|-supereffective|p1b: Incineroar|1\n|-damage|p1b: Incineroar|8/100\n|-enditem|p1b: Incineroar|Sitrus Berry|[eat]\n|-heal|p1b: Incineroar|33/100|[from] item: Sitrus Berry\n|move|p1a: Tinkaton|Encore|p2b: Skarmory\n|-activate|p2b: Skarmory|move: Protect\n|\n|-weather|none\n|-heal|p2a: Rotom|89/100 brn|[from] item: Leftovers\n|-damage|p2a: Rotom|84/100 brn|[from] brn\n|-fieldend|move: Trick Room\n|upkeep\n|turn|6\n|\n|t:|1776595229\n|move|p1b: Incineroar|Protect|p1b: Incineroar\n|-singleturn|p1b: Incineroar|Protect\n|move|p2b: Skarmory|Brave Bird|p1a: Tinkaton\n|-resisted|p1a: Tinkaton|1\n|-damage|p1a: Tinkaton|46/100\n|-damage|p2b: Skarmory|84/100|[from] Recoil\n|move|p1a: Tinkaton|Encore|p2b: Skarmory\n|-start|p2b: Skarmory|Encore\n|move|p2a: Rotom|Hydro Pump|p1b: Incineroar\n|-activate|p1b: Incineroar|move: Protect\n|\n|-heal|p2a: Rotom|89/100 brn|[from] item: Leftovers\n|-damage|p2a: Rotom|84/100 brn|[from] brn\n|upkeep\n|turn|7\n|\n|t:|1776595246\n|switch|p2b: Tyranitar|Tyranitar, L50, F|100/100\n|-weather|Sandstorm|[from] ability: Sand Stream|[of] p2b: Tyranitar\n|move|p1a: Tinkaton|Protect|p1a: Tinkaton\n|-singleturn|p1a: Tinkaton|Protect\n|move|p2a: Rotom|Hydro Pump|p1b: Incineroar\n|-supereffective|p1b: Incineroar|1\n|-damage|p1b: Incineroar|0 fnt\n|faint|p1b: Incineroar\n|\n|-weather|Sandstorm|[upkeep]\n|-damage|p2a: Rotom|78/100 brn|[from] Sandstorm\n|-heal|p2a: Rotom|84/100 brn|[from] item: Leftovers\n|-damage|p2a: Rotom|78/100 brn|[from] brn\n|-end|p2a: Rotom|Encore\n|upkeep\n|\n|t:|1776595249\n|switch|p1b: Crabominable|Crabominable, L50, F|100/100\n|turn|8\n|\n|t:|1776595283\n|detailschange|p1b: Crabominable|Crabominable-Mega, L50, F\n|-mega|p1b: Crabominable|Crabominable|Crabominite\n|move|p1a: Tinkaton|Protect|p1a: Tinkaton\n|-singleturn|p1a: Tinkaton|Protect\n|move|p2a: Rotom|Thunderbolt|p1b: Crabominable\n|-damage|p1b: Crabominable|74/100\n|move|p2b: Tyranitar|Earthquake|p1a: Tinkaton|[spread] p1b\n|-activate|p1a: Tinkaton|move: Protect\n|-immune|p2a: Rotom|[from] ability: Levitate\n|-damage|p1b: Crabominable|54/100\n|move|p1b: Crabominable|Drain Punch|p2b: Tyranitar\n|-supereffective|p2b: Tyranitar|2\n|-enditem|p2b: Tyranitar|Chople Berry|[eat]\n|-enditem|p2b: Tyranitar|Chople Berry|[weaken]\n|-damage|p2b: Tyranitar|18/100\n|-heal|p1b: Crabominable|90/100|[from] drain|[of] p2b: Tyranitar\n|\n|-weather|Sandstorm|[upkeep]\n|-damage|p2a: Rotom|72/100 brn|[from] Sandstorm\n|-damage|p1b: Crabominable|84/100|[from] Sandstorm\n|-heal|p2a: Rotom|78/100 brn|[from] item: Leftovers\n|-damage|p2a: Rotom|72/100 brn|[from] brn\n|upkeep\n|turn|9\n|\n|t:|1776595310\n|move|p1b: Crabominable|Protect|p1b: Crabominable\n|-singleturn|p1b: Crabominable|Protect\n|move|p1a: Tinkaton|Gigaton Hammer|p2b: Tyranitar\n|-supereffective|p2b: Tyranitar|1\n|-damage|p2b: Tyranitar|0 fnt\n|faint|p2b: Tyranitar\n|move|p2a: Rotom|Volt Switch|p1b: Crabominable\n|-activate|p1b: Crabominable|move: Protect\n|\n|-weather|Sandstorm|[upkeep]\n|-damage|p2a: Rotom|67/100 brn|[from] Sandstorm\n|-damage|p1b: Crabominable|78/100|[from] Sandstorm\n|-heal|p2a: Rotom|72/100 brn|[from] item: Leftovers\n|-damage|p2a: Rotom|67/100 brn|[from] brn\n|upkeep\n|\n|t:|1776595312\n|switch|p2b: Skarmory|Skarmory-Mega, L50, F|84/100\n|turn|10\n|\n|t:|1776595326\n|move|p2b: Skarmory|Brave Bird|p1b: Crabominable\n|-supereffective|p1b: Crabominable|1\n|-damage|p1b: Crabominable|0 fnt\n|faint|p1b: Crabominable\n|-damage|p2b: Skarmory|47/100|[from] Recoil\n|move|p1a: Tinkaton|Encore|p2b: Skarmory\n|-start|p2b: Skarmory|Encore\n|move|p2a: Rotom|Thunderbolt|p1a: Tinkaton\n|-damage|p1a: Tinkaton|22/100\n|\n|-weather|Sandstorm|[upkeep]\n|-damage|p2a: Rotom|61/100 brn|[from] Sandstorm\n|-heal|p2a: Rotom|67/100 brn|[from] item: Leftovers\n|-damage|p2a: Rotom|61/100 brn|[from] brn\n|upkeep\n|turn|11\n|\n|t:|1776595332\n|move|p2b: Skarmory|Brave Bird|p1a: Tinkaton\n|-resisted|p1a: Tinkaton|1\n|-damage|p1a: Tinkaton|0 fnt\n|faint|p1a: Tinkaton\n|-damage|p2b: Skarmory|37/100|[from] Recoil\n|\n|win|loreaccuratebroly\n|raw|horohorovasey's rating: 1044 &rarr; <strong>1025</strong><br />(-19 for losing)\n|raw|loreaccuratebroly's rating: 1000 &rarr; <strong>1045</strong><br />(+45 for winning)\n|c|\u2606horohorovasey|ggwp\n|l|\u2606loreaccuratebroly\n|player|p2|\n",
  "uploadtime": 1776595341,
  "views": 10,
  "formatid": "gen9championsvgc2026regma",
  "rating": 1025,
  "private": 0,
  "password": null
}