{
  "id": "gen9championsvgc2026regma-2587264163",
  "format": "[Gen 9 Champions] VGC 2026 Reg M-A",
  "players": [
    "ajisainoyoru",
    "Yaoshi"
  ],
  "log": "|j|\u2606ajisainoyoru\n|j|\u2606Yaoshi\n|t:|1776516017\n|gametype|doubles\n|player|p1|ajisainoyoru|veteranf|1123\n|player|p2|Yaoshi|steven-masters3|1120\n|gen|9\n|tier|[Gen 9 Champions] VGC 2026 Reg M-A\n|rated|\n|rule|Species Clause: Limit one of each Pok\u00e9mon\n|rule|Item Clause: Limit 1 of each item\n|clearpoke\n|poke|p1|Froslass, L50, F|\n|poke|p1|Rotom-Frost, L50|\n|poke|p1|Aegislash, L50, F|\n|poke|p1|Floette-Eternal, L50, F|\n|poke|p1|Garchomp, L50, M|\n|poke|p1|Sinistcha-Masterpiece, L50|\n|poke|p2|Hawlucha, L50, M|\n|poke|p2|Excadrill, L50, F|\n|poke|p2|Aerodactyl, L50, M, shiny|\n|poke|p2|Floette-Eternal, L50, F, shiny|\n|poke|p2|Torkoal, L50, F|\n|poke|p2|Typhlosion-Hisui, L50, F|\n|teampreview|4\n|inactive|Battle timer is ON: inactive players will automatically lose when time's up. (requested by Yaoshi)\n|\n|t:|1776516048\n|teamsize|p1|4\n|teamsize|p2|4\n|start\n|switch|p1a: Meowchomp|Garchomp, L50, M|100/100\n|switch|p1b: Hydrogen bomb|Floette-Eternal, L50, F|100/100\n|switch|p2a: Aerodactyl|Aerodactyl, L50, M, shiny|100/100\n|switch|p2b: Floette|Floette-Eternal, L50, F, shiny|100/100\n|-ability|p2a: Aerodactyl|Unnerve\n|turn|1\n|\n|t:|1776516068\n|detailschange|p1b: Hydrogen bomb|Floette-Mega, L50, F\n|-mega|p1b: Hydrogen bomb|Floette|Floettite\n|-ability|p1b: Hydrogen bomb|Fairy Aura\n|detailschange|p2b: Floette|Floette-Mega, L50, F, shiny\n|-mega|p2b: Floette|Floette|Floettite\n|-ability|p2b: Floette|Fairy Aura\n|move|p2a: Aerodactyl|Rock Slide|p1a: Meowchomp|[spread] p1a,p1b\n|-resisted|p1a: Meowchomp|1\n|-damage|p1a: Meowchomp|87/100\n|-damage|p1b: Hydrogen bomb|70/100\n|move|p1a: Meowchomp|Poison Jab|p2b: Floette\n|-supereffective|p2b: Floette|1\n|-damage|p2b: Floette|38/100\n|move|p1b: Hydrogen bomb|Calm Mind|p1b: Hydrogen bomb\n|-boost|p1b: Hydrogen bomb|spa|1\n|-boost|p1b: Hydrogen bomb|spd|1\n|move|p2b: Floette|Dazzling Gleam|p1b: Hydrogen bomb|[spread] p1a,p1b\n|-supereffective|p1a: Meowchomp|1\n|-damage|p1a: Meowchomp|0 fnt\n|-damage|p1b: Hydrogen bomb|43/100\n|faint|p1a: Meowchomp\n|\n|upkeep\n|\n|t:|1776516092\n|switch|p1a: Meowlash|Aegislash, L50, F|100/100\n|turn|2\n|\n|t:|1776516114\n|move|p1a: Meowlash|Wide Guard|p1a: Meowlash\n|-singleturn|p1a: Meowlash|Wide Guard\n|move|p2a: Aerodactyl|Rock Slide|p1b: Hydrogen bomb|[spread] \n|-activate|p1a: Meowlash|move: Wide Guard\n|-activate|p1b: Hydrogen bomb|move: Wide Guard\n|move|p1b: Hydrogen bomb|Dazzling Gleam|p2b: Floette|[spread] p2a,p2b\n|-damage|p2a: Aerodactyl|0 fnt\n|-damage|p2b: Floette|0 fnt\n|faint|p2a: Aerodactyl\n|faint|p2b: Floette\n|\n|upkeep\n|\n|t:|1776516123\n|switch|p2a: Torkoal|Torkoal, L50, F|100/100\n|switch|p2b: Typhlosion|Typhlosion-Hisui, L50, F|100/100\n|-weather|SunnyDay|[from] ability: Drought|[of] p2a: Torkoal\n|turn|3\n|\n|t:|1776516143\n|switch|p1a: Matcha meow|Sinistcha-Masterpiece, L50|100/100\n|-heal|p1b: Hydrogen bomb|68/100|[from] ability: Hospitality|[of] p1a: Matcha meow\n|move|p1b: Hydrogen bomb|Protect|p1b: Hydrogen bomb\n|-singleturn|p1b: Hydrogen bomb|Protect\n|move|p2b: Typhlosion|Eruption|p1a: Matcha meow|[spread] p1a\n|-activate|p1b: Hydrogen bomb|move: Protect\n|-supereffective|p1a: Matcha meow|1\n|-damage|p1a: Matcha meow|0 fnt\n|faint|p1a: Matcha meow\n|move|p2a: Torkoal|Heat Wave|p1b: Hydrogen bomb\n|-activate|p1b: Hydrogen bomb|move: Protect\n|\n|-weather|SunnyDay|[upkeep]\n|upkeep\n|\n|t:|1776516159\n|switch|p1a: Meowlash|Aegislash, L50, F|100/100\n|turn|4\n|\n|t:|1776516175\n|move|p1a: Meowlash|Wide Guard|p1a: Meowlash\n|-singleturn|p1a: Meowlash|Wide Guard\n|move|p2b: Typhlosion|Eruption|p1b: Hydrogen bomb|[spread] \n|-activate|p1a: Meowlash|move: Wide Guard\n|-activate|p1b: Hydrogen bomb|move: Wide Guard\n|move|p1b: Hydrogen bomb|Dazzling Gleam|p2b: Typhlosion|[spread] p2a,p2b\n|-resisted|p2a: Torkoal|1\n|-resisted|p2b: Typhlosion|1\n|-damage|p2a: Torkoal|50/100\n|-damage|p2b: Typhlosion|51/100\n|move|p2a: Torkoal|Scorching Sands|p1a: Meowlash\n|-supereffective|p1a: Meowlash|1\n|-damage|p1a: Meowlash|74/100\n|\n|-weather|SunnyDay|[upkeep]\n|-heal|p2a: Torkoal|56/100|[from] item: Leftovers\n|upkeep\n|turn|5\n|-message|Yaoshi forfeited.\n|\n|win|ajisainoyoru\n|raw|ajisainoyoru's rating: 1123 &rarr; <strong>1148</strong><br />(+25 for winning)\n|raw|Yaoshi's rating: 1120 &rarr; <strong>1095</strong><br />(-25 for losing)\n|l|\u2606Yaoshi\n|player|p2|\n",
  "uploadtime": 1776516260,
  "views": 16,
  "formatid": "gen9championsvgc2026regma",
  "rating": 1095,
  "private": 0,
  "password": null
}