{
  "id": "gen9championsvgc2026regma-2588094662",
  "format": "[Gen 9 Champions] VGC 2026 Reg M-A",
  "players": [
    "Loecki",
    "Jminny"
  ],
  "log": "|j|\u2606Loecki\n|j|\u2606Jminny\n|t:|1776603639\n|gametype|doubles\n|player|p1|Loecki|crasherwake|1129\n|player|p2|Jminny|169|1045\n|gen|9\n|tier|[Gen 9 Champions] VGC 2026 Reg M-A\n|rated|\n|rule|Species Clause: Limit one of each Pok\u00e9mon\n|rule|Item Clause: Limit 1 of each item\n|clearpoke\n|poke|p1|Tyranitar, L50, F|\n|poke|p1|Excadrill, L50, F|\n|poke|p1|Corviknight, L50, M|\n|poke|p1|Rotom-Wash, L50|\n|poke|p1|Hydreigon, L50, M|\n|poke|p1|Mimikyu, L50, F|\n|poke|p2|Froslass, L50, F|\n|poke|p2|Sneasler, L50, M|\n|poke|p2|Incineroar, L50, M|\n|poke|p2|Mamoswine, L50, M|\n|poke|p2|Sableye, L50, F|\n|poke|p2|Crabominable, L50, M|\n|teampreview|4\n|inactive|Battle timer is ON: inactive players will automatically lose when time's up. (requested by Jminny)\n|\n|t:|1776603695\n|teamsize|p1|4\n|teamsize|p2|4\n|start\n|switch|p1a: Tyranitar|Tyranitar, L50, F|100/100\n|switch|p1b: Excadrill|Excadrill, L50, F|100/100\n|switch|p2a: Froslass|Froslass, L50, F|100/100\n|switch|p2b: Sneasler|Sneasler, L50, M|100/100\n|-weather|Sandstorm|[from] ability: Sand Stream|[of] p1a: Tyranitar\n|turn|1\n|\n|t:|1776603715\n|detailschange|p2a: Froslass|Froslass-Mega, L50, F\n|-mega|p2a: Froslass|Froslass|Froslassite\n|-weather|Snowscape|[from] ability: Snow Warning|[of] p2a: Froslass\n|move|p1b: Excadrill|Protect|p1b: Excadrill\n|-singleturn|p1b: Excadrill|Protect\n|move|p1a: Tyranitar|Protect|p1a: Tyranitar\n|-singleturn|p1a: Tyranitar|Protect\n|move|p2b: Sneasler|Close Combat|p1a: Tyranitar\n|-activate|p1a: Tyranitar|move: Protect\n|move|p2a: Froslass|Aurora Veil|p2a: Froslass\n|-sidestart|p2: Jminny|move: Aurora Veil\n|\n|-weather|Snowscape|[upkeep]\n|upkeep\n|turn|2\n|inactive|Loecki has 30 seconds left.\n|\n|t:|1776603743\n|detailschange|p1a: Tyranitar|Tyranitar-Mega, L50, F\n|-mega|p1a: Tyranitar|Tyranitar|Tyranitarite\n|-weather|Sandstorm|[from] ability: Sand Stream|[of] p1a: Tyranitar\n|move|p2a: Froslass|Protect|p2a: Froslass\n|-singleturn|p2a: Froslass|Protect\n|move|p1b: Excadrill|High Horsepower|p2b: Sneasler\n|-supereffective|p2b: Sneasler|1\n|-crit|p2b: Sneasler\n|-damage|p2b: Sneasler|0 fnt\n|faint|p2b: Sneasler\n|move|p1a: Tyranitar|Knock Off|p2a: Froslass\n|-activate|p2a: Froslass|move: Protect\n|\n|-weather|Sandstorm|[upkeep]\n|-damage|p2a: Froslass|94/100|[from] Sandstorm\n|upkeep\n|\n|t:|1776603758\n|switch|p2b: Incineroar|Incineroar, L50, M|100/100\n|-ability|p2b: Incineroar|Intimidate|boost\n|-unboost|p1a: Tyranitar|atk|1\n|-unboost|p1b: Excadrill|atk|1\n|turn|3\n|\n|t:|1776603782\n|move|p2b: Incineroar|Fake Out|p1a: Tyranitar\n|-resisted|p1a: Tyranitar|1\n|-damage|p1a: Tyranitar|97/100\n|move|p1b: Excadrill|Iron Head|p2a: Froslass\n|-supereffective|p2a: Froslass|1\n|-damage|p2a: Froslass|43/100\n|move|p2a: Froslass|Blizzard|p1a: Tyranitar|[spread] p1a,p1b\n|-crit|p1a: Tyranitar\n|-damage|p1a: Tyranitar|62/100\n|-damage|p1b: Excadrill|39/100\n|cant|p1a: Tyranitar|flinch\n|\n|-weather|Sandstorm|[upkeep]\n|-damage|p2a: Froslass|37/100|[from] Sandstorm\n|-damage|p2b: Incineroar|95/100|[from] Sandstorm\n|-heal|p2b: Incineroar|100/100|[from] item: Leftovers\n|upkeep\n|turn|4\n|inactive|Loecki has 30 seconds left.\n|inactive|Jminny has 30 seconds left.\n|inactive|Loecki has 20 seconds left.\n|inactive|Loecki has 15 seconds left.\n|\n|t:|1776603824\n|switch|p1a: Rotom|Rotom-Wash, L50|100/100\n|move|p2a: Froslass|Protect|p2a: Froslass\n|-singleturn|p2a: Froslass|Protect\n|move|p1b: Excadrill|Iron Head|p2a: Froslass\n|-activate|p2a: Froslass|move: Protect\n|move|p2b: Incineroar|Parting Shot|p1a: Rotom\n|-unboost|p1a: Rotom|atk|1\n|-unboost|p1a: Rotom|spa|1\n|\n|t:|1776603835\n|switch|p2b: Sableye|Sableye, L50, F|100/100|[from] Parting Shot\n|\n|-weather|Sandstorm|[upkeep]\n|-damage|p2a: Froslass|30/100|[from] Sandstorm\n|-damage|p1a: Rotom|95/100|[from] Sandstorm\n|-damage|p2b: Sableye|95/100|[from] Sandstorm\n|upkeep\n|turn|5\n|inactive|Jminny has 30 seconds left.\n|\n|t:|1776603860\n|move|p2b: Sableye|Thunder Wave|p1a: Rotom\n|-immune|p1a: Rotom\n|move|p1b: Excadrill|High Horsepower|p2a: Froslass\n|-damage|p2a: Froslass|0 fnt\n|faint|p2a: Froslass\n|move|p1a: Rotom|Hydro Pump|p2b: Sableye\n|-damage|p2b: Sableye|59/100\n|\n|-weather|Sandstorm|[upkeep]\n|-damage|p1a: Rotom|89/100|[from] Sandstorm\n|-damage|p2b: Sableye|53/100|[from] Sandstorm\n|-sideend|p2: Jminny|move: Aurora Veil\n|upkeep\n|-message|Jminny forfeited.\n|\n|win|Loecki\n|raw|Loecki's rating: 1129 &rarr; <strong>1148</strong><br />(+19 for winning)\n|raw|Jminny's rating: 1045 &rarr; <strong>1032</strong><br />(-13 for losing)\n",
  "uploadtime": 1776603873,
  "views": 7,
  "formatid": "gen9championsvgc2026regma",
  "rating": 1032,
  "private": 0,
  "password": null
}