{
  "id": "gen9championsvgc2026regma-2582802687",
  "format": "[Gen 9 Champions] VGC 2026 Reg M-A",
  "players": [
    "HarolDeus",
    "PlayingViking"
  ],
  "log": "|j|\u203dHarolDeus\n|j|\u2606PlayingViking\n|t:|1776115261\n|gametype|doubles\n|player|p1|HarolDeus|101|1000\n|player|p2|PlayingViking|101|1004\n|gen|9\n|tier|[Gen 9 Champions] VGC 2026 Reg M-A\n|rated|\n|rule|Species Clause: Limit one of each Pok\u00e9mon\n|rule|Item Clause: Limit 1 of each item\n|clearpoke\n|poke|p1|Lucario, L50, F|\n|poke|p1|Venusaur, L50, F|\n|poke|p1|Meowstic, L50, M|\n|poke|p1|Aegislash, L50, F|\n|poke|p1|Rotom-Heat, L50|\n|poke|p1|Charizard, L50, M|\n|poke|p2|Gyarados, L50, F|\n|poke|p2|Manectric, L50, M|\n|poke|p2|Gliscor, L50, M|\n|poke|p2|Tsareena, L50, F|\n|poke|p2|Aegislash, L50, F|\n|poke|p2|Rotom-Heat, L50|\n|teampreview|4\nPlayingViking rejected open team sheets.\n|\n|t:|1776115315\n|teamsize|p1|4\n|teamsize|p2|4\n|start\n|switch|p1a: Meowstic|Meowstic, L50, M|100/100\n|switch|p1b: Charizard|Charizard, L50, M|100/100\n|switch|p2a: Manectric|Manectric, L50, M|100/100\n|switch|p2b: Gyarados|Gyarados, L50, F|100/100\n|-ability|p2b: Gyarados|Intimidate|boost\n|-unboost|p1a: Meowstic|atk|1\n|-unboost|p1b: Charizard|atk|1\n|turn|1\n|inactive|Battle timer is ON: inactive players will automatically lose when time's up. (requested by PlayingViking)\n|inactive|PlayingViking has 60 seconds left.\n|\n|t:|1776115351\n|move|p1a: Meowstic|Fake Out|p2a: Manectric\n|-damage|p2a: Manectric|95/100\n|cant|p2a: Manectric|flinch\n|move|p1b: Charizard|Scorching Sands|p2a: Manectric\n|-supereffective|p2a: Manectric|1\n|-damage|p2a: Manectric|15/100\n|move|p2b: Gyarados|Icy Wind|p1b: Charizard|[spread] p1b\n|-miss|p2b: Gyarados|p1a: Meowstic\n|-damage|p1b: Charizard|93/100\n|-unboost|p1b: Charizard|spe|1\n|\n|upkeep\n|turn|2\n|inactive|PlayingViking has 30 seconds left.\n|\n|t:|1776115383\n|switch|p1b: Rotom|Rotom-Heat, L50|100/100\n|switch|p2b: Tsareena|Tsareena, L50, F|100/100\n|move|p1a: Meowstic|Thunder Wave||[still]\n|-activate|p2a: Manectric|ability: Lightning Rod\n|cant|p2b: Tsareena|ability: Queenly Majesty|Thunder Wave|[of] p1a: Meowstic\n|move|p2a: Manectric|Thunderbolt|p1b: Rotom\n|-resisted|p1b: Rotom|1\n|-damage|p1b: Rotom|78/100\n|\n|upkeep\n|turn|3\n|\n|t:|1776115407\n|move|p2b: Tsareena|Protect|p2b: Tsareena\n|-singleturn|p2b: Tsareena|Protect\n|move|p2a: Manectric|Volt Switch|p1a: Meowstic\n|-damage|p1a: Meowstic|67/100\n|\n|t:|1776115414\n|switch|p2a: Gyarados|Gyarados, L50, F|100/100|[from] Volt Switch\n|-ability|p2a: Gyarados|Intimidate|boost\n|-unboost|p1a: Meowstic|atk|1\n|-unboost|p1b: Rotom|atk|1\n|move|p1a: Meowstic|Psychic Noise|p2a: Gyarados\n|-damage|p2a: Gyarados|86/100\n|-start|p2a: Gyarados|move: Heal Block\n|move|p1b: Rotom|Thunderbolt|p2b: Tsareena\n|-activate|p2b: Tsareena|move: Protect\n|\n|-heal|p1a: Meowstic|73/100|[from] item: Leftovers\n|upkeep\n|turn|4\n|inactive|PlayingViking has 30 seconds left.\n|\n|t:|1776115440\n|switch|p2b: Rotom|Rotom-Heat, L50|100/100\n|move|p1a: Meowstic|Sunny Day|p1a: Meowstic\n|-weather|SunnyDay\n|move|p1b: Rotom|Will-O-Wisp|p2a: Gyarados\n|-status|p2a: Gyarados|brn\n|move|p2a: Gyarados|Waterfall|p1b: Rotom\n|-supereffective|p1b: Rotom|1\n|-damage|p1b: Rotom|59/100\n|\n|-weather|SunnyDay|[upkeep]\n|-heal|p1a: Meowstic|79/100|[from] item: Leftovers\n|-damage|p2a: Gyarados|80/100 brn|[from] brn\n|-end|p2a: Gyarados|move: Heal Block\n|upkeep\n|turn|5\n|inactive|HarolDeus has 30 seconds left.\n|\n|t:|1776115471\n|move|p2a: Gyarados|Protect|p2a: Gyarados\n|-singleturn|p2a: Gyarados|Protect\n|move|p1a: Meowstic|Psychic Noise|p2b: Rotom\n|-damage|p2b: Rotom|76/100\n|-start|p2b: Rotom|move: Heal Block\n|move|p1b: Rotom|Thunderbolt|p2a: Gyarados\n|-activate|p2a: Gyarados|move: Protect\n|move|p2b: Rotom|Overheat|p1a: Meowstic\n|-damage|p1a: Meowstic|0 fnt\n|-unboost|p2b: Rotom|spa|2\n|faint|p1a: Meowstic\n|\n|-weather|SunnyDay|[upkeep]\n|-damage|p2a: Gyarados|74/100 brn|[from] brn\n|upkeep\n|\n|t:|1776115489\n|switch|p1a: Venusaur|Venusaur, L50, F|100/100\n|turn|6\n|\n|t:|1776115507\n|switch|p2a: Manectric|Manectric, L50, M|15/100\n|move|p1a: Venusaur|Protect|p1a: Venusaur\n|-singleturn|p1a: Venusaur|Protect\n|move|p2b: Rotom|Volt Switch|p2a: Manectric\n|-activate|p2a: Manectric|ability: Lightning Rod\n|-ability|p2a: Manectric|Lightning Rod|boost\n|-boost|p2a: Manectric|spa|1\n|move|p1b: Rotom|Thunderbolt|p2a: Manectric\n|-ability|p2a: Manectric|Lightning Rod|boost\n|-boost|p2a: Manectric|spa|1\n|\n|-weather|SunnyDay|[upkeep]\n|-end|p2b: Rotom|move: Heal Block\n|upkeep\n|turn|7\n|inactive|PlayingViking has 30 seconds left.\n|inactive|PlayingViking has 20 seconds left.\n|inactive|PlayingViking has 15 seconds left.\n|inactive|PlayingViking has 10 seconds left.\n|\n|t:|1776115553\n|switch|p2b: Gyarados|Gyarados, L50, F|74/100 brn\n|-ability|p2b: Gyarados|Intimidate|boost\n|-unboost|p1a: Venusaur|atk|1\n|-unboost|p1b: Rotom|atk|1\n|detailschange|p2a: Manectric|Manectric-Mega, L50, M\n|-mega|p2a: Manectric|Manectric|Manectite\n|-ability|p2a: Manectric|Intimidate|boost\n|-unboost|p1a: Venusaur|atk|1\n|-unboost|p1b: Rotom|atk|1\n|move|p1a: Venusaur|Earth Power|p2a: Manectric\n|-supereffective|p2a: Manectric|1\n|-damage|p2a: Manectric|0 fnt\n|faint|p2a: Manectric\n|move|p1b: Rotom|Overheat|p2b: Gyarados\n|-resisted|p2b: Gyarados|1\n|-damage|p2b: Gyarados|46/100 brn\n|-unboost|p1b: Rotom|spa|2\n|-enditem|p2b: Gyarados|Sitrus Berry|[eat]\n|-heal|p2b: Gyarados|70/100 brn|[from] item: Sitrus Berry\n|\n|-weather|SunnyDay|[upkeep]\n|-damage|p2b: Gyarados|64/100 brn|[from] brn\n|upkeep\n|\n|t:|1776115574\n|switch|p2a: Rotom|Rotom-Heat, L50|76/100\n|turn|8\n|\n|t:|1776115588\n|move|p1a: Venusaur|Protect|p1a: Venusaur\n|-singleturn|p1a: Venusaur|Protect\n|move|p1b: Rotom|Thunderbolt|p2b: Gyarados\n|-supereffective|p2b: Gyarados|2\n|-damage|p2b: Gyarados|5/100 brn\n|move|p2a: Rotom|Overheat|p1b: Rotom\n|-resisted|p1b: Rotom|1\n|-damage|p1b: Rotom|11/100\n|-unboost|p2a: Rotom|spa|2\n|-enditem|p1b: Rotom|Sitrus Berry|[eat]\n|-heal|p1b: Rotom|36/100|[from] item: Sitrus Berry\n|move|p2b: Gyarados|Thunder Wave|p1a: Venusaur\n|-activate|p1a: Venusaur|move: Protect\n|\n|-weather|none\n|-heal|p2a: Rotom|81/100|[from] item: Leftovers\n|-damage|p2b: Gyarados|0 fnt|[from] brn\n|faint|p2b: Gyarados\n|upkeep\n|\n|t:|1776115604\n|switch|p2b: Tsareena|Tsareena, L50, F|100/100\n|turn|9\n|\n|t:|1776115617\n|switch|p1a: Charizard|Charizard, L50, M|93/100\n|move|p2a: Rotom|Thunderbolt|p1b: Rotom\n|-resisted|p1b: Rotom|1\n|-damage|p1b: Rotom|23/100\n|move|p1b: Rotom|Will-O-Wisp|p2b: Tsareena\n|-status|p2b: Tsareena|brn\n|move|p2b: Tsareena|Triple Axel|p1a: Charizard\n|-damage|p1a: Charizard|88/100\n|-crit|p1a: Charizard\n|-damage|p1a: Charizard|72/100\n|-damage|p1a: Charizard|57/100\n|-hitcount|p1a: Charizard|3\n|\n|-heal|p2a: Rotom|87/100|[from] item: Leftovers\n|-damage|p2b: Tsareena|94/100 brn|[from] brn\n|upkeep\n|turn|10\n|inactive|HarolDeus has 30 seconds left.\n|inactive|PlayingViking has 30 seconds left.\n|inactive|HarolDeus has 20 seconds left.\n|\n|t:|1776115654\n|move|p1a: Charizard|Scorching Sands|p2a: Rotom\n|-immune|p2a: Rotom|[from] ability: Levitate\n|move|p2a: Rotom|Thunderbolt|p1a: Charizard\n|-supereffective|p1a: Charizard|1\n|-damage|p1a: Charizard|0 fnt\n|faint|p1a: Charizard\n|move|p1b: Rotom|Overheat|p2a: Rotom|[miss]\n|-miss|p1b: Rotom|p2a: Rotom\n|move|p2b: Tsareena|Triple Axel|p1b: Rotom\n|-resisted|p1b: Rotom|1\n|-damage|p1b: Rotom|21/100\n|-resisted|p1b: Rotom|1\n|-damage|p1b: Rotom|17/100\n|-resisted|p1b: Rotom|1\n|-damage|p1b: Rotom|11/100\n|-hitcount|p1b: Rotom|3\n|\n|-heal|p2a: Rotom|93/100|[from] item: Leftovers\n|-damage|p2b: Tsareena|88/100 brn|[from] brn\n|upkeep\n|\n|t:|1776115674\n|switch|p1a: Venusaur|Venusaur, L50, F|100/100\n|turn|11\n|\n|t:|1776115685\n|move|p1a: Venusaur|Sludge Bomb|p2b: Tsareena\n|-supereffective|p2b: Tsareena|1\n|-damage|p2b: Tsareena|0 fnt\n|faint|p2b: Tsareena\n|move|p1b: Rotom|Thunderbolt|p2a: Rotom\n|-resisted|p2a: Rotom|1\n|-damage|p2a: Rotom|81/100\n|move|p2a: Rotom|Thunderbolt|p1b: Rotom\n|-resisted|p1b: Rotom|1\n|-damage|p1b: Rotom|0 fnt\n|faint|p1b: Rotom\n|\n|-heal|p2a: Rotom|86/100|[from] item: Leftovers\n|upkeep\n|turn|12\n|\n|t:|1776115701\n|move|p1a: Venusaur|Protect|p1a: Venusaur\n|-singleturn|p1a: Venusaur|Protect\n|move|p2a: Rotom|Will-O-Wisp|p1a: Venusaur\n|-activate|p1a: Venusaur|move: Protect\n|\n|-heal|p2a: Rotom|92/100|[from] item: Leftovers\n|upkeep\n|turn|13\n|\n|t:|1776115711\n|move|p1a: Venusaur|Energy Ball|p2a: Rotom\n|-resisted|p2a: Rotom|1\n|-damage|p2a: Rotom|69/100\n|move|p2a: Rotom|Will-O-Wisp|p1a: Venusaur\n|-status|p1a: Venusaur|brn\n|\n|-heal|p2a: Rotom|75/100|[from] item: Leftovers\n|-damage|p1a: Venusaur|95/100 brn|[from] brn\n|upkeep\n|turn|14\n|\n|t:|1776115723\n|move|p1a: Venusaur|Sludge Bomb|p2a: Rotom\n|-damage|p2a: Rotom|27/100\n|move|p2a: Rotom|Thunderbolt|p1a: Venusaur\n|-resisted|p1a: Venusaur|1\n|-damage|p1a: Venusaur|82/100 brn\n|\n|-heal|p2a: Rotom|32/100|[from] item: Leftovers\n|-damage|p1a: Venusaur|76/100 brn|[from] brn\n|upkeep\n|turn|15\n|\n|t:|1776115734\n|move|p1a: Venusaur|Sludge Bomb|p2a: Rotom\n|-damage|p2a: Rotom|0 fnt\n|faint|p2a: Rotom\n|\n|win|HarolDeus\n|raw|HarolDeus's rating: 1000 &rarr; <strong>1040</strong><br />(+40 for winning)\n|raw|PlayingViking's rating: 1004 &rarr; <strong>1000</strong><br />(-4 for losing)\n",
  "uploadtime": 1776115739,
  "views": 14,
  "formatid": "gen9championsvgc2026regma",
  "rating": 1000,
  "private": 0,
  "password": null
}