{
  "id": "gen9championsvgc2026regma-2587463230",
  "format": "[Gen 9 Champions] VGC 2026 Reg M-A",
  "players": [
    "LangostaAzul",
    "lenianx"
  ],
  "log": "|j|\u2606LangostaAzul\n|j|\u2606lenianx\n|t:|1776533931\n|gametype|doubles\n|player|p1|LangostaAzul|byron|1082\n|player|p2|lenianx|hugh|1050\n|gen|9\n|tier|[Gen 9 Champions] VGC 2026 Reg M-A\n|rated|\n|rule|Species Clause: Limit one of each Pok\u00e9mon\n|rule|Item Clause: Limit 1 of each item\n|clearpoke\n|poke|p1|Oranguru, L50, M|\n|poke|p1|Ariados, L50, F|\n|poke|p1|Aegislash, L50, M, shiny|\n|poke|p1|Glimmora, L50, M|\n|poke|p1|Incineroar, L50, F|\n|poke|p1|Tyranitar, L50, M|\n|poke|p2|Archaludon, L50, F|\n|poke|p2|Sableye, L50, M|\n|poke|p2|Meganium, L50, M|\n|poke|p2|Sneasler, L50, M, shiny|\n|poke|p2|Dragonite, L50, F, shiny|\n|poke|p2|Incineroar, L50, M, shiny|\n|teampreview|4\n|inactive|Battle timer is ON: inactive players will automatically lose when time's up. (requested by LangostaAzul)\nlenianx has agreed to open team sheets.\n|inactive|LangostaAzul has 60 seconds left.\n|\n|t:|1776533963\n|teamsize|p1|4\n|teamsize|p2|4\n|start\n|switch|p1a: Ariados|Ariados, L50, F|100/100\n|switch|p1b: Oranguru|Oranguru, L50, M|100/100\n|switch|p2a: Archaludon|Archaludon, L50, F|100/100\n|switch|p2b: Sableye|Sableye, L50, M|100/100\n|turn|1\n|\n|t:|1776533975\n|move|p2b: Sableye|Rain Dance|p2b: Sableye\n|-weather|RainDance\n|move|p1b: Oranguru|Yawn|p2a: Archaludon\n|-start|p2a: Archaludon|move: Yawn|[of] p1b: Oranguru\n|move|p2a: Archaludon|Electro Shot||[still]\n|-prepare|p2a: Archaludon|Electro Shot\n|-boost|p2a: Archaludon|spa|1\n|-anim|p2a: Archaludon|Electro Shot|p1b: Oranguru\n|-damage|p1b: Oranguru|52/100\n|move|p1a: Ariados|Sticky Web|p2a: Archaludon\n|-sidestart|p2: lenianx|move: Sticky Web\n|\n|-weather|RainDance|[upkeep]\n|upkeep\n|turn|2\n|inactive|LangostaAzul has 30 seconds left.\n|\n|t:|1776534001\n|switch|p1b: Aegislash|Aegislash, L50, M, shiny|100/100\n|switch|p2a: Meganium|Meganium, L50, M|100/100\n|-activate|p2a: Meganium|move: Sticky Web\n|-unboost|p2a: Meganium|spe|1\n|switch|p2b: Incineroar|Incineroar, L50, M, shiny|100/100\n|-activate|p2b: Incineroar|move: Sticky Web\n|-unboost|p2b: Incineroar|spe|1\n|-ability|p2b: Incineroar|Intimidate|boost\n|-unboost|p1a: Ariados|atk|1\n|-unboost|p1b: Aegislash|atk|1\n|move|p1a: Ariados|Disable||[still]\n|-fail|p1a: Ariados\n|\n|-weather|RainDance|[upkeep]\n|upkeep\n|turn|3\n|\n|t:|1776534021\n|switch|p1b: Glimmora|Glimmora, L50, M|100/100\n|detailschange|p2a: Meganium|Meganium-Mega, L50, M\n|-mega|p2a: Meganium|Meganium|Meganiumite\n|move|p2a: Meganium|Protect|p2a: Meganium\n|-singleturn|p2a: Meganium|Protect\n|move|p1a: Ariados|Struggle Bug|p2b: Incineroar|[spread] p2b\n|-activate|p2a: Meganium|move: Protect\n|-damage|p2b: Incineroar|91/100\n|-unboost|p2b: Incineroar|spa|1\n|move|p2b: Incineroar|Flare Blitz|p1b: Glimmora\n|-resisted|p1b: Glimmora|1\n|-damage|p1b: Glimmora|84/100\n|-activate|p1b: Glimmora|ability: Toxic Debris\n|-sidestart|p2: lenianx|move: Toxic Spikes\n|-damage|p2b: Incineroar|86/100|[from] Recoil\n|\n|-weather|RainDance|[upkeep]\n|upkeep\n|turn|4\n|inactive|lenianx has 30 seconds left.\n|\n|t:|1776534049\n|switch|p2b: Archaludon|Archaludon, L50, F|100/100\n|-activate|p2b: Archaludon|move: Sticky Web\n|-unboost|p2b: Archaludon|spe|1\n|detailschange|p1b: Glimmora|Glimmora-Mega, L50, M\n|-mega|p1b: Glimmora|Glimmora|Glimmoranite\n|move|p1b: Glimmora|Sludge Wave|p2b: Archaludon|[spread] p1a,p2a\n|-immune|p2b: Archaludon\n|-resisted|p1a: Ariados|1\n|-supereffective|p2a: Meganium|2\n|-damage|p1a: Ariados|64/100\n|-damage|p2a: Meganium|0 fnt\n|faint|p2a: Meganium\n|move|p1a: Ariados|Struggle Bug|p2b: Archaludon\n|-resisted|p2b: Archaludon|1\n|-damage|p2b: Archaludon|95/100\n|-unboost|p2b: Archaludon|spa|1\n|-ability|p2b: Archaludon|Stamina|boost\n|-boost|p2b: Archaludon|def|1\n|\n|-weather|RainDance|[upkeep]\n|-heal|p2b: Archaludon|100/100|[from] item: Leftovers\n|upkeep\n|\n|t:|1776534060\n|switch|p2a: Sableye|Sableye, L50, M|100/100\n|-activate|p2a: Sableye|move: Sticky Web\n|-unboost|p2a: Sableye|spe|1\n|-status|p2a: Sableye|psn\n|turn|5\n|\n|t:|1776534072\n|move|p2a: Sableye|Fake Out|p1b: Glimmora\n|-resisted|p1b: Glimmora|1\n|-damage|p1b: Glimmora|79/100\n|move|p1a: Ariados|Rage Powder|p1a: Ariados\n|-singleturn|p1a: Ariados|move: Rage Powder\n|cant|p1b: Glimmora|flinch\n|move|p2b: Archaludon|Flash Cannon|p1a: Ariados\n|-damage|p1a: Ariados|33/100\n|\n|-weather|none\n|-damage|p2a: Sableye|89/100 psn|[from] psn\n|upkeep\n|turn|6\n|inactive|LangostaAzul has 30 seconds left.\n|inactive|LangostaAzul has 20 seconds left.\n|inactive|LangostaAzul has 15 seconds left.\n|inactive|LangostaAzul has 10 seconds left.\n|\n|t:|1776534119\n|move|p2a: Sableye|Rain Dance|p2a: Sableye\n|-weather|RainDance\n|move|p1b: Glimmora|Power Gem|p2a: Sableye\n|-damage|p2a: Sableye|8/100 psn\n|move|p2b: Archaludon|Electro Shot||[still]\n|-prepare|p2b: Archaludon|Electro Shot\n|-boost|p2b: Archaludon|spa|1\n|-anim|p2b: Archaludon|Electro Shot|p1b: Glimmora\n|-damage|p1b: Glimmora|40/100\n|move|p1a: Ariados|Disable|p2b: Archaludon\n|-start|p2b: Archaludon|Disable|Electro Shot\n|\n|-weather|RainDance|[upkeep]\n|-damage|p2a: Sableye|0 fnt|[from] psn\n|faint|p2a: Sableye\n|upkeep\n|\n|t:|1776534128\n|switch|p2a: Incineroar|Incineroar, L50, M, shiny|86/100\n|-activate|p2a: Incineroar|move: Sticky Web\n|-unboost|p2a: Incineroar|spe|1\n|-status|p2a: Incineroar|psn\n|-ability|p2a: Incineroar|Intimidate|boost\n|-unboost|p1a: Ariados|atk|1\n|-unboost|p1b: Glimmora|atk|1\n|turn|7\n|\n|t:|1776534143\n|move|p1b: Glimmora|Spiky Shield|p1b: Glimmora\n|-singleturn|p1b: Glimmora|move: Protect\n|move|p2a: Incineroar|Fake Out|p1a: Ariados\n|-damage|p1a: Ariados|22/100\n|cant|p1a: Ariados|flinch\n|move|p2b: Archaludon|Flash Cannon|p1b: Glimmora\n|-activate|p1b: Glimmora|move: Protect\n|\n|-weather|RainDance|[upkeep]\n|-damage|p2a: Incineroar|73/100 psn|[from] psn\n|upkeep\n|turn|8\n|\n|t:|1776534163\n|move|p1a: Ariados|Rage Powder|p1a: Ariados\n|-singleturn|p1a: Ariados|move: Rage Powder\n|move|p1b: Glimmora|Power Gem|p2a: Incineroar\n|-supereffective|p2a: Incineroar|1\n|-damage|p2a: Incineroar|0 fnt\n|faint|p2a: Incineroar\n|move|p2b: Archaludon|Flash Cannon|p1a: Ariados\n|-damage|p1a: Ariados|0 fnt\n|faint|p1a: Ariados\n|\n|-weather|RainDance|[upkeep]\n|upkeep\n|\n|t:|1776534170\n|switch|p1a: Oranguru|Oranguru, L50, M|52/100\n|turn|9\n|\n|t:|1776534177\n|switch|p1b: Aegislash|Aegislash, L50, M, shiny|100/100\n|move|p1a: Oranguru|Yawn|p2b: Archaludon\n|-start|p2b: Archaludon|move: Yawn|[of] p1a: Oranguru\n|move|p2b: Archaludon|Flash Cannon|p1b: Aegislash\n|-resisted|p1b: Aegislash|1\n|-damage|p1b: Aegislash|89/100\n|\n|-weather|RainDance|[upkeep]\n|-heal|p1b: Aegislash|95/100|[from] item: Leftovers\n|upkeep\n|turn|10\n|\n|t:|1776534200\n|move|p2b: Archaludon|Protect|p2b: Archaludon\n|-singleturn|p2b: Archaludon|Protect\n|move|p1a: Oranguru|Encore|p2b: Archaludon\n|-activate|p2b: Archaludon|move: Protect\n|-formechange|p1b: Aegislash|Aegislash-Blade|\n|move|p1b: Aegislash|Shadow Ball|p2b: Archaludon\n|-activate|p2b: Archaludon|move: Protect\n|\n|-weather|none\n|-heal|p1b: Aegislash|100/100|[from] item: Leftovers\n|-end|p2b: Archaludon|Disable\n|-end|p2b: Archaludon|move: Yawn|[silent]\n|-status|p2b: Archaludon|slp\n|upkeep\n|turn|11\n|\n|t:|1776534212\n|move|p1a: Oranguru|Instruct|p1b: Aegislash\n|-singleturn|p1b: Aegislash|move: Instruct|[of] p1a: Oranguru\n|move|p1b: Aegislash|Shadow Ball|p2b: Archaludon\n|-damage|p2b: Archaludon|64/100 slp\n|-ability|p2b: Archaludon|Stamina|boost\n|-boost|p2b: Archaludon|def|1\n|move|p1b: Aegislash|Shadow Ball|p2b: Archaludon\n|-damage|p2b: Archaludon|27/100 slp\n|-ability|p2b: Archaludon|Stamina|boost\n|-boost|p2b: Archaludon|def|1\n|cant|p2b: Archaludon|slp\n|\n|-heal|p2b: Archaludon|33/100 slp|[from] item: Leftovers\n|upkeep\n|turn|12\n|\n|t:|1776534228\n|move|p1a: Oranguru|Instruct|p1b: Aegislash\n|-singleturn|p1b: Aegislash|move: Instruct|[of] p1a: Oranguru\n|move|p1b: Aegislash|Shadow Ball|p2b: Archaludon\n|-damage|p2b: Archaludon|0 fnt\n|faint|p2b: Archaludon\n|\n|win|LangostaAzul\n|raw|LangostaAzul's rating: 1082 &rarr; <strong>1107</strong><br />(+25 for winning)\n|raw|lenianx's rating: 1050 &rarr; <strong>1034</strong><br />(-16 for losing)\n|l|\u2606lenianx\n|player|p2|\n",
  "uploadtime": 1776534243,
  "views": 20,
  "formatid": "gen9championsvgc2026regma",
  "rating": 1034,
  "private": 0,
  "password": null
}