{
  "id": "gen9championsvgc2026regma-2586802065",
  "format": "[Gen 9 Champions] VGC 2026 Reg M-A",
  "players": [
    "jakeofonline",
    "Ricola7_YT"
  ],
  "log": "|j|\u2606jakeofonline\n|j|\u2606Ricola7_YT\n|t:|1776461071\n|gametype|doubles\n|player|p1|jakeofonline|brycenman|1165\n|player|p2|Ricola7_YT|1|1114\n|gen|9\n|tier|[Gen 9 Champions] VGC 2026 Reg M-A\n|rated|\n|rule|Species Clause: Limit one of each Pok\u00e9mon\n|rule|Item Clause: Limit 1 of each item\n|clearpoke\n|poke|p1|Chandelure, L50, F|\n|poke|p1|Oranguru, L50, M|\n|poke|p1|Tsareena, L50, F|\n|poke|p1|Florges, L50, F|\n|poke|p1|Aerodactyl, L50, M|\n|poke|p1|Gallade, L50, M|\n|poke|p2|Venusaur, L50, F|\n|poke|p2|Whimsicott, L50, M|\n|poke|p2|Typhlosion-Hisui, L50, M|\n|poke|p2|Farigiraf, L50, F|\n|poke|p2|Charizard, L50, M|\n|poke|p2|Volcarona, L50, M|\n|teampreview|4\n|inactive|Battle timer is ON: inactive players will automatically lose when time's up. (requested by jakeofonline)\n|inactive|Ricola7_YT has 60 seconds left.\n|inactive|Ricola7_YT has 30 seconds left.\n|\n|t:|1776461137\n|teamsize|p1|4\n|teamsize|p2|4\n|start\n|switch|p1a: Oranguru|Oranguru, L50, M|100/100\n|switch|p1b: Tsareena|Tsareena, L50, F|100/100\n|switch|p2a: Farigiraf|Farigiraf, L50, F|100/100\n|switch|p2b: Charizard|Charizard, L50, M|100/100\n|turn|1\n|inactive|jakeofonline has 30 seconds left.\n|inactive|jakeofonline has 20 seconds left.\n|inactive|jakeofonline has 15 seconds left.\n|\n|t:|1776461182\n|switch|p1b: Chandelure|Chandelure, L50, F|100/100\n|detailschange|p2b: Charizard|Charizard-Mega-X, L50, M\n|-mega|p2b: Charizard|Charizard|Charizardite X\n|move|p2a: Farigiraf|Helping Hand|p2b: Charizard\n|-singleturn|p2b: Charizard|Helping Hand|[of] p2a: Farigiraf\n|move|p2b: Charizard|Dragon Claw|p1a: Oranguru\n|-damage|p1a: Oranguru|23/100\n|-enditem|p1a: Oranguru|Sitrus Berry|[eat]\n|-heal|p1a: Oranguru|48/100|[from] item: Sitrus Berry\n|move|p1a: Oranguru|Yawn|p2b: Charizard\n|-start|p2b: Charizard|move: Yawn|[of] p1a: Oranguru\n|\n|upkeep\n|turn|2\n|inactive|Ricola7_YT has 30 seconds left.\n|inactive|Ricola7_YT has 20 seconds left.\n|inactive|Ricola7_YT has 15 seconds left.\n|\n|t:|1776461226\n|switch|p1a: Aerodactyl|Aerodactyl, L50, M|100/100\n|detailschange|p1b: Chandelure|Chandelure-Mega, L50, F\n|-mega|p1b: Chandelure|Chandelure|Chandelurite\n|move|p2b: Charizard|Dragon Claw|p1a: Aerodactyl\n|-damage|p1a: Aerodactyl|15/100\n|move|p1b: Chandelure|Shadow Ball|p2b: Charizard\n|-damage|p2b: Charizard|44/100\n|move|p2a: Farigiraf|Twin Beam|p1b: Chandelure\n|-damage|p1b: Chandelure|86/100\n|-damage|p1b: Chandelure|71/100\n|-hitcount|p1b: Chandelure|2\n|\n|-end|p2b: Charizard|move: Yawn|[silent]\n|-status|p2b: Charizard|slp\n|upkeep\n|turn|3\n|\n|t:|1776461247\n|move|p1a: Aerodactyl|Rock Slide|p2a: Farigiraf|[spread] p2a,p2b\n|-supereffective|p2b: Charizard|1\n|-damage|p2a: Farigiraf|80/100\n|-damage|p2b: Charizard|0 fnt\n|faint|p2b: Charizard\n|move|p1b: Chandelure|Heat Wave|p2a: Farigiraf|[miss]\n|-miss|p1b: Chandelure|p2a: Farigiraf\n|move|p2a: Farigiraf|Twin Beam|p1a: Aerodactyl\n|-damage|p1a: Aerodactyl|0 fnt\n|faint|p1a: Aerodactyl\n|-hitcount|p1: Aerodactyl|1\n|\n|-heal|p2a: Farigiraf|86/100|[from] item: Leftovers\n|upkeep\n|\n|t:|1776461265\n|switch|p1a: Tsareena|Tsareena, L50, F|100/100\n|switch|p2b: Whimsicott|Whimsicott, L50, M|100/100\n|turn|4\n|inactive|Ricola7_YT has 30 seconds left.\n|\n|t:|1776461294\n|move|p2b: Whimsicott|Tailwind|p2b: Whimsicott\n|-sidestart|p2: Ricola7_YT|move: Tailwind\n|move|p2a: Farigiraf|Twin Beam|p1b: Chandelure\n|-damage|p1b: Chandelure|55/100\n|-damage|p1b: Chandelure|40/100\n|-hitcount|p1b: Chandelure|2\n|move|p1b: Chandelure|Heat Wave|p2b: Whimsicott|[spread] p2a,p2b\n|-supereffective|p2b: Whimsicott|1\n|-damage|p2a: Farigiraf|44/100\n|-enditem|p2b: Whimsicott|Focus Sash\n|-damage|p2b: Whimsicott|1/100\n|move|p1a: Tsareena|Triple Axel|p2b: Whimsicott\n|-supereffective|p2b: Whimsicott|1\n|-damage|p2b: Whimsicott|0 fnt\n|faint|p2b: Whimsicott\n|-hitcount|p2: Whimsicott|1\n|\n|-heal|p2a: Farigiraf|50/100|[from] item: Leftovers\n|upkeep\n|\n|t:|1776461298\n|switch|p2b: Venusaur|Venusaur, L50, F|100/100\n|turn|5\n|\n|t:|1776461320\n|move|p2a: Farigiraf|Helping Hand|p2b: Venusaur\n|-singleturn|p2b: Venusaur|Helping Hand|[of] p2a: Farigiraf\n|move|p2b: Venusaur|Giga Drain|p1b: Chandelure\n|-resisted|p1b: Chandelure|1\n|-damage|p1b: Chandelure|21/100\n|move|p1b: Chandelure|Heat Wave|p2a: Farigiraf|[spread] p2a,p2b\n|-supereffective|p2b: Venusaur|1\n|-damage|p2a: Farigiraf|8/100\n|-damage|p2b: Venusaur|14/100\n|move|p1a: Tsareena|Triple Axel|p2b: Venusaur\n|-supereffective|p2b: Venusaur|1\n|-damage|p2b: Venusaur|0 fnt\n|faint|p2b: Venusaur\n|-hitcount|p2: Venusaur|1\n|\n|-heal|p2a: Farigiraf|14/100|[from] item: Leftovers\n|upkeep\n|turn|6\n|-message|Ricola7_YT forfeited.\n|\n|win|jakeofonline\n|raw|jakeofonline's rating: 1165 &rarr; <strong>1186</strong><br />(+21 for winning)\n|raw|Ricola7_YT's rating: 1114 &rarr; <strong>1093</strong><br />(-21 for losing)\n|l|\u2606Ricola7_YT\n|player|p2|\n",
  "uploadtime": 1776461331,
  "views": 21,
  "formatid": "gen9championsvgc2026regma",
  "rating": 1093,
  "private": 0,
  "password": null
}