{
  "id": "gen9championsvgc2026regma-2588022445",
  "format": "[Gen 9 Champions] VGC 2026 Reg M-A",
  "players": [
    "ManOnCorks",
    "dfgbfvd"
  ],
  "log": "|j|\u2606ManOnCorks\n|j|\u2606dfgbfvd\n|t:|1776594233\n|gametype|doubles\n|player|p1|ManOnCorks|cynthia-gen4|1103\n|player|p2|dfgbfvd|101|1000\n|gen|9\n|tier|[Gen 9 Champions] VGC 2026 Reg M-A\n|rated|\n|rule|Species Clause: Limit one of each Pok\u00e9mon\n|rule|Item Clause: Limit 1 of each item\n|clearpoke\n|poke|p1|Chimecho, L50, F|\n|poke|p1|Maushold-Four, L50|\n|poke|p1|Sinistcha, L50|\n|poke|p1|Archaludon, L50, F|\n|poke|p1|Pelipper, L50, M|\n|poke|p1|Incineroar, L50, F|\n|poke|p2|Talonflame, L50, F|\n|poke|p2|Diggersby, L50, M|\n|poke|p2|Manectric, L50, M|\n|poke|p2|Ampharos, L50, F|\n|poke|p2|Pelipper, L50, M|\n|poke|p2|Froslass, L50, F|\n|teampreview|4\n|inactive|Battle timer is ON: inactive players will automatically lose when time's up. (requested by ManOnCorks)\nManOnCorks rejected open team sheets.\n|\n|t:|1776594254\n|teamsize|p1|4\n|teamsize|p2|4\n|start\n|switch|p1a: Chimecho|Chimecho, L50, F|100/100\n|switch|p1b: Maushold|Maushold-Four, L50|100/100\n|switch|p2a: Manectric|Manectric, L50, M|100/100\n|switch|p2b: Ampharos|Ampharos, L50, F|100/100\n|turn|1\n|\n|t:|1776594269\n|detailschange|p1a: Chimecho|Chimecho-Mega, L50, F\n|-mega|p1a: Chimecho|Chimecho|Chimechite\n|move|p1b: Maushold|Follow Me|p1b: Maushold\n|-singleturn|p1b: Maushold|move: Follow Me\n|move|p2a: Manectric|Thunderbolt|p1b: Maushold\n|-damage|p1b: Maushold|3/100\n|move|p1a: Chimecho|Calm Mind|p1a: Chimecho\n|-boost|p1a: Chimecho|spa|1\n|-boost|p1a: Chimecho|spd|1\n|move|p2b: Ampharos|Thunderbolt|p1b: Maushold\n|-damage|p1b: Maushold|0 fnt\n|faint|p1b: Maushold\n|\n|upkeep\n|\n|t:|1776594281\n|switch|p1b: Incineroar|Incineroar, L50, F|100/100\n|-ability|p1b: Incineroar|Intimidate|boost\n|-unboost|p2a: Manectric|atk|1\n|-unboost|p2b: Ampharos|atk|1\n|turn|2\n|\n|t:|1776594300\n|move|p2a: Manectric|Protect|p2a: Manectric\n|-singleturn|p2a: Manectric|Protect\n|move|p2b: Ampharos|Protect|p2b: Ampharos\n|-singleturn|p2b: Ampharos|Protect\n|move|p1b: Incineroar|Swords Dance|p1b: Incineroar\n|-boost|p1b: Incineroar|atk|2\n|move|p1a: Chimecho|Calm Mind|p1a: Chimecho\n|-boost|p1a: Chimecho|spa|1\n|-boost|p1a: Chimecho|spd|1\n|\n|upkeep\n|turn|3\n|inactive|dfgbfvd has 30 seconds left.\n|\n|t:|1776594325\n|move|p2a: Manectric|Thunderbolt|p1b: Incineroar\n|-damage|p1b: Incineroar|35/100\n|move|p1b: Incineroar|Earthquake|p2b: Ampharos|[spread] p2a,p2b\n|-immune|p1a: Chimecho|[from] ability: Levitate\n|-supereffective|p2a: Manectric|1\n|-supereffective|p2b: Ampharos|1\n|-enditem|p2a: Manectric|Focus Sash\n|-damage|p2a: Manectric|1/100\n|-damage|p2b: Ampharos|0 fnt\n|faint|p2b: Ampharos\n|move|p1a: Chimecho|Calm Mind|p1a: Chimecho\n|-boost|p1a: Chimecho|spa|1\n|-boost|p1a: Chimecho|spd|1\n|\n|upkeep\n|\n|t:|1776594340\n|switch|p2b: Diggersby|Diggersby, L50, M|100/100\n|turn|4\n|\n|t:|1776594347\n|move|p2b: Diggersby|Giga Impact|p1a: Chimecho\n|-resisted|p1a: Chimecho|1\n|-damage|p1a: Chimecho|61/100\n|-mustrecharge|p2b: Diggersby\n|move|p2a: Manectric|Thunderbolt|p1b: Incineroar\n|-damage|p1b: Incineroar|0 fnt\n|faint|p1b: Incineroar\n|move|p1a: Chimecho|Calm Mind|p1a: Chimecho\n|-boost|p1a: Chimecho|spa|1\n|-boost|p1a: Chimecho|spd|1\n|\n|upkeep\n|\n|t:|1776594353\n|switch|p1b: Sinistcha|Sinistcha, L50|100/100\n|-heal|p1a: Chimecho|85/100|[from] ability: Hospitality|[of] p1b: Sinistcha\n|turn|5\n|\n|t:|1776594361\n|cant|p2b: Diggersby|recharge\n|move|p2a: Manectric|Flamethrower|p1b: Sinistcha\n|-supereffective|p1b: Sinistcha|1\n|-damage|p1b: Sinistcha|40/100\n|move|p1b: Sinistcha|Matcha Gotcha|p2a: Manectric|[spread] p2a,p2b\n|-supereffective|p2b: Diggersby|1\n|-damage|p2a: Manectric|0 fnt\n|-heal|p1b: Sinistcha|40/100|[from] drain|[of] p2a: Manectric\n|-damage|p2b: Diggersby|23/100\n|-heal|p1b: Sinistcha|79/100|[from] drain|[of] p2b: Diggersby\n|-status|p2b: Diggersby|brn\n|faint|p2a: Manectric\n|move|p1a: Chimecho|Boomburst|p2b: Diggersby|[spread] p2b\n|-immune|p1b: Sinistcha\n|-damage|p2b: Diggersby|0 fnt\n|faint|p2b: Diggersby\n|\n|-heal|p1b: Sinistcha|85/100|[from] item: Leftovers\n|upkeep\n|\n|t:|1776594383\n|switch|p2b: Froslass|Froslass, L50, F|100/100\n|turn|6\n|\n|t:|1776594393\n|detailschange|p2b: Froslass|Froslass-Mega, L50, F\n|-mega|p2b: Froslass|Froslass|Froslassite\n|-weather|Snowscape|[from] ability: Snow Warning|[of] p2b: Froslass\n|move|p2b: Froslass|Blizzard|p1a: Chimecho|[spread] p1a,p1b\n|-resisted|p1a: Chimecho|1\n|-supereffective|p1b: Sinistcha|1\n|-damage|p1a: Chimecho|78/100\n|-damage|p1b: Sinistcha|0 fnt\n|faint|p1b: Sinistcha\n|move|p1a: Chimecho|Shadow Ball|p2b: Froslass\n|-supereffective|p2b: Froslass|1\n|-crit|p2b: Froslass\n|-damage|p2b: Froslass|0 fnt\n|faint|p2b: Froslass\n|\n|win|ManOnCorks\n|raw|ManOnCorks's rating: 1103 &rarr; <strong>1121</strong><br />(+18 for winning)\n|raw|dfgbfvd's rating: 1000 &rarr; <strong>1000</strong><br />(+0 for losing)\n",
  "uploadtime": 1776594401,
  "views": 10,
  "formatid": "gen9championsvgc2026regma",
  "rating": 1000,
  "private": 0,
  "password": null
}