{
  "id": "gen9championsvgc2026regma-2588337511",
  "format": "[Gen 9 Champions] VGC 2026 Reg M-A",
  "players": [
    "TheGengarMaster3",
    "LordOrange94"
  ],
  "log": "|j|\u2606TheGengarMaster3\n|j|\u2606LordOrange94\n|t:|1776625240\n|gametype|doubles\n|player|p1|TheGengarMaster3|waitress-gen4|\n|player|p2|LordOrange94|steven|\n|gen|9\n|tier|[Gen 9 Champions] VGC 2026 Reg M-A\n|rule|Species Clause: Limit one of each Pok\u00e9mon\n|rule|Item Clause: Limit 1 of each item\n|clearpoke\n|poke|p1|Pelipper, L50, F, shiny|\n|poke|p1|Feraligatr, L50, F, shiny|\n|poke|p1|Basculegion, L50, M, shiny|\n|poke|p1|Politoed, L50, F, shiny|\n|poke|p1|Blastoise, L50, F, shiny|\n|poke|p1|Raichu, L50, F|\n|poke|p2|Sneasler, L50, F|\n|poke|p2|Sinistcha, L50|\n|poke|p2|Feraligatr, L50, F|\n|poke|p2|Kingambit, L50, M|\n|poke|p2|Talonflame, L50, F|\n|poke|p2|Gardevoir, L50, M|\n|teampreview|4\n|\n|t:|1776625252\n|teamsize|p1|4\n|teamsize|p2|4\n|start\n|switch|p1a: The Pelipper|Pelipper, L50, F, shiny|100/100\n|switch|p1b: The Basculegion|Basculegion, L50, M, shiny|100/100\n|switch|p2a: Sneasler|Sneasler, L50, F|100/100\n|switch|p2b: Kingambit|Kingambit, L50, M|100/100\n|-weather|RainDance|[from] ability: Drizzle|[of] p1a: The Pelipper\n|turn|1\n|\n|t:|1776625266\n|move|p2a: Sneasler|Fake Out|p1a: The Pelipper\n|-damage|p1a: The Pelipper|86/100\n|move|p2b: Kingambit|Sucker Punch|p1b: The Basculegion\n|-supereffective|p1b: The Basculegion|1\n|-crit|p1b: The Basculegion\n|-damage|p1b: The Basculegion|0 fnt\n|faint|p1b: The Basculegion\n|cant|p1a: The Pelipper|flinch\n|\n|-weather|RainDance|[upkeep]\n|-heal|p1a: The Pelipper|92/100|[from] item: Leftovers\n|upkeep\n|\n|t:|1776625280\n|switch|p1b: The Politoed|Politoed, L50, F, shiny|100/100\n|turn|2\n|-activate|p1b: The Politoed|item: Quick Claw\n|\n|t:|1776625292\n|move|p2b: Kingambit|Protect|p2b: Kingambit\n|-singleturn|p2b: Kingambit|Protect\n|move|p1b: The Politoed|Perish Song|p1b: The Politoed\n|-start|p1a: The Pelipper|perish3|[silent]\n|-start|p1b: The Politoed|perish3|[silent]\n|-start|p2a: Sneasler|perish3|[silent]\n|-start|p2b: Kingambit|perish3|[silent]\n|-fieldactivate|move: Perish Song\n|move|p2a: Sneasler|Coaching|p2b: Kingambit\n|-boost|p2b: Kingambit|atk|1\n|-boost|p2b: Kingambit|def|1\n|move|p1a: The Pelipper|Tailwind|p1a: The Pelipper\n|-sidestart|p1: TheGengarMaster3|move: Tailwind\n|\n|-weather|RainDance|[upkeep]\n|-heal|p1a: The Pelipper|98/100|[from] item: Leftovers\n|-start|p2a: Sneasler|perish3\n|-start|p1b: The Politoed|perish3\n|-start|p1a: The Pelipper|perish3\n|-start|p2b: Kingambit|perish3\n|upkeep\n|turn|3\n|\n|t:|1776625315\n|switch|p1b: The Feraligatr|Feraligatr, L50, F, shiny|100/100\n|move|p2b: Kingambit|Sucker Punch|p1a: The Pelipper\n|-damage|p1a: The Pelipper|43/100\n|move|p2a: Sneasler|Coaching|p2b: Kingambit\n|-boost|p2b: Kingambit|atk|1\n|-boost|p2b: Kingambit|def|1\n|move|p1a: The Pelipper|Hurricane|p2a: Sneasler\n|-supereffective|p2a: Sneasler|1\n|-enditem|p2a: Sneasler|Focus Sash\n|-damage|p2a: Sneasler|1/100\n|-start|p2a: Sneasler|confusion\n|\n|-weather|RainDance|[upkeep]\n|-heal|p1a: The Pelipper|49/100|[from] item: Leftovers\n|-start|p2a: Sneasler|perish2\n|-start|p1a: The Pelipper|perish2\n|-start|p2b: Kingambit|perish2\n|upkeep\n|turn|4\n|\n|t:|1776625357\n|detailschange|p1b: The Feraligatr|Feraligatr-Mega, L50, F, shiny\n|-mega|p1b: The Feraligatr|Feraligatr|Feraligite\n|move|p1b: The Feraligatr|Dragon Dance|p1b: The Feraligatr\n|-boost|p1b: The Feraligatr|atk|1\n|-boost|p1b: The Feraligatr|spe|1\n|-activate|p2a: Sneasler|confusion\n|move|p2a: Sneasler|Dire Claw|p1b: The Feraligatr\n|-damage|p1b: The Feraligatr|63/100\n|-status|p1b: The Feraligatr|slp\n|move|p1a: The Pelipper|Surf|p2b: Kingambit|[spread] p1b,p2a,p2b\n|-resisted|p1b: The Feraligatr|2\n|-damage|p1b: The Feraligatr|54/100 slp\n|-damage|p2a: Sneasler|0 fnt\n|-damage|p2b: Kingambit|69/100\n|faint|p2a: Sneasler\n|move|p2b: Kingambit|Kowtow Cleave|p1a: The Pelipper\n|-damage|p1a: The Pelipper|0 fnt\n|faint|p1a: The Pelipper\n|\n|-weather|RainDance|[upkeep]\n|-start|p2b: Kingambit|perish1\n|upkeep\n|\n|t:|1776625374\n|switch|p2a: Sinistcha|Sinistcha, L50|100/100\n|switch|p1a: The Politoed|Politoed, L50, F, shiny|100/100\n|-heal|p2b: Kingambit|93/100|[from] ability: Hospitality|[of] p2a: Sinistcha\n|turn|5\n|\n|t:|1776625391\n|move|p1a: The Politoed|Protect|p1a: The Politoed\n|-singleturn|p1a: The Politoed|Protect\n|cant|p1b: The Feraligatr|slp\n|move|p2a: Sinistcha|Matcha Gotcha|p1b: The Feraligatr|[spread] p1b\n|-activate|p1a: The Politoed|move: Protect\n|-damage|p1b: The Feraligatr|27/100 slp\n|move|p2b: Kingambit|Kowtow Cleave|p1b: The Feraligatr\n|-damage|p1b: The Feraligatr|0 fnt\n|faint|p1b: The Feraligatr\n|\n|-weather|none\n|-start|p2b: Kingambit|perish0\n|-sideend|p1: TheGengarMaster3|move: Tailwind\n|faint|p2b: Kingambit\n|upkeep\n|\n|t:|1776625401\n|switch|p2b: Feraligatr|Feraligatr, L50, F|100/100\n|turn|6\n|-message|TheGengarMaster3 forfeited.\n|\n|win|LordOrange94\n|l|\u2606TheGengarMaster3\n|player|p1|\n",
  "uploadtime": 1776625417,
  "views": 7,
  "formatid": "gen9championsvgc2026regma",
  "rating": null,
  "private": 0,
  "password": null
}