{
  "id": "gen9championsvgc2026regma-2583675207",
  "format": "[Gen 9 Champions] VGC 2026 Reg M-A",
  "players": [
    "Hao_poke",
    "Wolfe Flick"
  ],
  "log": "|j|\u2606Hao_poke\n|j|\u2606Wolfe Flick\n|t:|1776190310\n|gametype|doubles\n|player|p1|Hao_poke|102|1400\n|player|p2|Wolfe Flick|leon-tower|1548\n|gen|9\n|tier|[Gen 9 Champions] VGC 2026 Reg M-A\n|rated|\n|rule|Species Clause: Limit one of each Pok\u00e9mon\n|rule|Item Clause: Limit 1 of each item\n|clearpoke\n|poke|p1|Sneasler, L50, M|\n|poke|p1|Kingambit, L50, M|\n|poke|p1|Basculegion, L50, M|\n|poke|p1|Blastoise, L50, M|\n|poke|p1|Sinistcha, L50|\n|poke|p1|Farigiraf, L50, M|\n|poke|p2|Pelipper, L50, M|\n|poke|p2|Meganium, L50, M|\n|poke|p2|Basculegion, L50, M|\n|poke|p2|Archaludon, L50, M|\n|poke|p2|Glimmora, L50, F|\n|poke|p2|Sableye, L50, F|\n|teampreview|4\n|inactive|Battle timer is ON: inactive players will automatically lose when time's up. (requested by Hao_poke)\n|\n|t:|1776190356\n|teamsize|p1|4\n|teamsize|p2|4\n|start\n|switch|p1a: Farigiraf|Farigiraf, L50, M|100/100\n|switch|p1b: Blastoise|Blastoise, L50, M|100/100\n|switch|p2a: Meganium|Meganium, L50, M, shiny|100/100\n|switch|p2b: Basculegion|Basculegion, L50, M|100/100\n|turn|1\n|\n|t:|1776190380\n|switch|p1b: Kingambit|Kingambit, L50, M|100/100\n|detailschange|p2a: Meganium|Meganium-Mega, L50, M, shiny\n|-mega|p2a: Meganium|Meganium|Meganiumite\n|move|p2b: Basculegion|Wave Crash|p1a: Farigiraf\n|-damage|p1a: Farigiraf|25/100\n|-damage|p2b: Basculegion|71/100|[from] Recoil\n|move|p2a: Meganium|Dazzling Gleam|p1a: Farigiraf|[spread] p1a,p1b\n|-damage|p1a: Farigiraf|0 fnt\n|-damage|p1b: Kingambit|63/100\n|faint|p1a: Farigiraf\n|\n|upkeep\n|\n|t:|1776190398\n|switch|p1a: Sneasler|Sneasler, L50, M|100/100\n|turn|2\n|\n|t:|1776190423\n|move|p2a: Meganium|Protect|p2a: Meganium\n|-singleturn|p2a: Meganium|Protect\n|move|p1b: Kingambit|Sucker Punch|p2b: Basculegion\n|-supereffective|p2b: Basculegion|1\n|-damage|p2b: Basculegion|0 fnt\n|faint|p2b: Basculegion\n|move|p1a: Sneasler|Dire Claw|p2a: Meganium\n|-activate|p2a: Meganium|move: Protect\n|\n|upkeep\n|\n|t:|1776190429\n|switch|p2b: Sableye|Sableye, L50, F|100/100\n|turn|3\n|\n|t:|1776190437\n|move|p2b: Sableye|Disable|p1a: Sneasler\n|-start|p1a: Sneasler|Disable|Dire Claw\n|cant|p1a: Sneasler|Disable|Dire Claw\n|move|p2a: Meganium|Weather Ball|p1b: Kingambit\n|-supereffective|p1b: Kingambit|1\n|-damage|p1b: Kingambit|0 fnt\n|faint|p1b: Kingambit\n|\n|upkeep\n|\n|t:|1776190445\n|switch|p1b: Blastoise|Blastoise, L50, M|100/100\n|turn|4\n|\n|t:|1776190461\n|detailschange|p1b: Blastoise|Blastoise-Mega, L50, M\n|-mega|p1b: Blastoise|Blastoise|Blastoisinite\n|move|p2b: Sableye|Thunder Wave|p1b: Blastoise\n|-status|p1b: Blastoise|par\n|move|p1a: Sneasler|Close Combat|p2a: Meganium\n|-resisted|p2a: Meganium|1\n|-damage|p2a: Meganium|70/100\n|-unboost|p1a: Sneasler|def|1\n|-unboost|p1a: Sneasler|spd|1\n|-enditem|p1a: Sneasler|White Herb\n|-clearnegativeboost|p1a: Sneasler|[silent]\n|move|p2a: Meganium|Solar Beam||[still]\n|-prepare|p2a: Meganium|Solar Beam\n|-activate|p2a: Meganium|ability: Mega Sol\n|-anim|p2a: Meganium|Solar Beam|p1b: Blastoise\n|-supereffective|p1b: Blastoise|1\n|-damage|p1b: Blastoise|0 fnt\n|faint|p1b: Blastoise\n|\n|upkeep\n|turn|5\n|-message|Hao_poke forfeited.\n|\n|win|Wolfe Flick\n|raw|Hao_poke's rating: 1400 &rarr; <strong>1388</strong><br />(-12 for losing)\n|raw|Wolfe Flick's rating: 1548 &rarr; <strong>1560</strong><br />(+12 for winning)\n|l|\u2606Hao_poke\n|player|p1|\n",
  "uploadtime": 1776190485,
  "views": 48,
  "formatid": "gen9championsvgc2026regma",
  "rating": 1388,
  "private": 0,
  "password": null
}