{
  "id": "gen9championsvgc2026regma-2581238638",
  "format": "[Gen 9 Champions] VGC 2026 Reg M-A",
  "players": [
    "Zappyzap01",
    "Avi 2007"
  ],
  "log": "|j|\u2606Zappyzap01\n|j|\u2606Avi 2007\n|t:|1775974740\n|gametype|doubles\n|player|p1|Zappyzap01|benga|1204\n|player|p2|Avi 2007|palmer|1245\n|gen|9\n|tier|[Gen 9 Champions] VGC 2026 Reg M-A\n|rated|\n|rule|Species Clause: Limit one of each Pok\u00e9mon\n|rule|Item Clause: Limit 1 of each item\n|clearpoke\n|poke|p1|Sylveon, L50, F|\n|poke|p1|Camerupt, L50, M|\n|poke|p1|Sableye, L50, M|\n|poke|p1|Oranguru, L50, M|\n|poke|p1|Torkoal, L50, M|\n|poke|p1|Meganium, L50, F|\n|poke|p2|Delphox, L50, M|\n|poke|p2|Whimsicott, L50, M|\n|poke|p2|Garchomp, L50, M|\n|poke|p2|Farigiraf, L50, M|\n|poke|p2|Meowstic, L50, M|\n|poke|p2|Dragapult, L50, M|\n|teampreview|4\n|\n|t:|1775974759\n|teamsize|p1|4\n|teamsize|p2|4\n|start\n|switch|p1a: Oranguru|Oranguru, L50, M, shiny|100/100\n|switch|p1b: Sylveon|Sylveon, L50, F, shiny|100/100\n|switch|p2a: Delphox|Delphox, L50, M|100/100\n|switch|p2b: Farigiraf|Farigiraf, L50, M|100/100\n|turn|1\n|inactive|Battle timer is ON: inactive players will automatically lose when time's up. (requested by Avi 2007)\n|\n|t:|1775974783\n|detailschange|p2a: Delphox|Delphox-Mega, L50, M\n|-mega|p2a: Delphox|Delphox|Delphoxite\n|move|p2a: Delphox|Nasty Plot|p2a: Delphox\n|-boost|p2a: Delphox|spa|2\n|move|p2b: Farigiraf|Imprison|p2b: Farigiraf\n|-start|p2b: Farigiraf|move: Imprison\n|move|p1b: Sylveon|Hyper Beam|p2b: Farigiraf|[miss]\n|-miss|p1b: Sylveon|p2b: Farigiraf\n|cant|p1a: Oranguru|move: Imprison|Trick Room\n|\n|upkeep\n|turn|2\n|inactive|Zappyzap01 has 30 seconds left.\n|\n|t:|1775974812\n|switch|p1a: Torkoal|Torkoal, L50, M, shiny|100/100\n|-weather|SunnyDay|[from] ability: Drought|[of] p1a: Torkoal\n|move|p2a: Delphox|Heat Wave|p1b: Sylveon|[spread] p1a\n|-miss|p2a: Delphox|p1b: Sylveon\n|-resisted|p1a: Torkoal|1\n|-damage|p1a: Torkoal|12/100\n|move|p2b: Farigiraf|Hyper Voice|p1b: Sylveon|[spread] p1a,p1b\n|-damage|p1a: Torkoal|0 fnt\n|-damage|p1b: Sylveon|78/100\n|faint|p1a: Torkoal\n|move|p1b: Sylveon|Hyper Beam|p2b: Farigiraf\n|-damage|p2b: Farigiraf|0 fnt\n|-mustrecharge|p1b: Sylveon\n|faint|p2b: Farigiraf\n|\n|-weather|SunnyDay|[upkeep]\n|upkeep\n|\n|t:|1775974826\n|switch|p2b: Garchomp|Garchomp, L50, M|100/100\n|switch|p1a: Oranguru|Oranguru, L50, M, shiny|100/100\n|turn|3\n|\n|t:|1775974832\n|move|p2b: Garchomp|Earthquake|p1a: Oranguru|[spread] p1a,p1b\n|-immune|p2a: Delphox|[from] ability: Levitate\n|-damage|p1a: Oranguru|67/100\n|-damage|p1b: Sylveon|38/100\n|move|p2a: Delphox|Heat Wave|p1a: Oranguru|[spread] \n|-miss|p2a: Delphox|p1a: Oranguru\n|-miss|p2a: Delphox|p1b: Sylveon\n|cant|p1b: Sylveon|recharge\n|move|p1a: Oranguru|Trick Room|p1a: Oranguru\n|-fieldstart|move: Trick Room|[of] p1a: Oranguru\n|\n|-weather|SunnyDay|[upkeep]\n|upkeep\n|turn|4\n|\n|t:|1775974846\n|move|p1b: Sylveon|Hyper Voice|p2b: Garchomp|[spread] p2a,p2b\n|-resisted|p2a: Delphox|1\n|-supereffective|p2b: Garchomp|1\n|-damage|p2a: Delphox|76/100\n|-damage|p2b: Garchomp|0 fnt\n|faint|p2b: Garchomp\n|move|p1a: Oranguru|Instruct|p1b: Sylveon\n|-singleturn|p1b: Sylveon|move: Instruct|[of] p1a: Oranguru\n|move|p1b: Sylveon|Hyper Voice|p2a: Delphox\n|-resisted|p2a: Delphox|1\n|-damage|p2a: Delphox|43/100\n|move|p2a: Delphox|Heat Wave|p1b: Sylveon|[spread] p1a,p1b\n|-damage|p1a: Oranguru|0 fnt\n|-damage|p1b: Sylveon|0 fnt\n|faint|p1a: Oranguru\n|faint|p1b: Sylveon\n|\n|-weather|SunnyDay|[upkeep]\n|upkeep\n|\n|t:|1775974861\n|switch|p1b: Camerupt|Camerupt, L50, M, shiny|100/100\n|switch|p2b: Meowstic|Meowstic, L50, M, shiny|100/100\n|turn|5\n|\n|t:|1775974868\n|detailschange|p1b: Camerupt|Camerupt-Mega, L50, M, shiny\n|-mega|p1b: Camerupt|Camerupt|Cameruptite\n|move|p2b: Meowstic|Fake Out|p1b: Camerupt\n|-damage|p1b: Camerupt|95/100\n|cant|p1b: Camerupt|flinch\n|move|p2a: Delphox|Expanding Force|p1b: Camerupt\n|-damage|p1b: Camerupt|0 fnt\n|faint|p1b: Camerupt\n|\n|win|Avi 2007\n|raw|Zappyzap01's rating: 1204 &rarr; <strong>1182</strong><br />(-22 for losing)\n|raw|Avi 2007's rating: 1245 &rarr; <strong>1267</strong><br />(+22 for winning)\n|l|\u2606Zappyzap01\n|player|p1|\n",
  "uploadtime": 1775974890,
  "views": 16,
  "formatid": "gen9championsvgc2026regma",
  "rating": 1182,
  "private": 0,
  "password": null
}