{
  "id": "gen9championsvgc2026regma-2582739655",
  "format": "[Gen 9 Champions] VGC 2026 Reg M-A",
  "players": [
    "lukelby",
    "RedEmperorKing"
  ],
  "log": "|j|\u2606lukelby\n|j|\u2606RedEmperorKing\n|t:|1776110785\n|gametype|doubles\n|player|p1|lukelby|hiker-gen4|1043\n|player|p2|RedEmperorKing|alder|1067\n|gen|9\n|tier|[Gen 9 Champions] VGC 2026 Reg M-A\n|rated|\n|rule|Species Clause: Limit one of each Pok\u00e9mon\n|rule|Item Clause: Limit 1 of each item\n|clearpoke\n|poke|p1|Ninetales-Alola, L50, F|\n|poke|p1|Sinistcha, L50|\n|poke|p1|Crabominable, L50, F|\n|poke|p1|Incineroar, L50, M|\n|poke|p1|Farigiraf, L50, F|\n|poke|p1|Hydreigon, L50, F|\n|poke|p2|Charizard, L50, F|\n|poke|p2|Typhlosion-Hisui, L50, F|\n|poke|p2|Talonflame, L50, F|\n|poke|p2|Gardevoir, L50, M|\n|poke|p2|Venusaur, L50, M|\n|poke|p2|Garchomp, L50, M|\n|teampreview|4\n|inactive|Battle timer is ON: inactive players will automatically lose when time's up. (requested by RedEmperorKing)\n|inactive|lukelby has 60 seconds left.\n|\n|t:|1776110823\n|teamsize|p1|4\n|teamsize|p2|4\n|start\n|switch|p1a: Hydreigon|Hydreigon, L50, F|100/100\n|switch|p1b: mimmer|Incineroar, L50, M|100/100\n|switch|p2a: Charizard|Charizard, L50, F, shiny|100/100\n|switch|p2b: Talonflame|Talonflame, L50, F|100/100\n|-ability|p1b: mimmer|Intimidate|boost\n|-unboost|p2a: Charizard|atk|1\n|-unboost|p2b: Talonflame|atk|1\n|turn|1\n|inactive|lukelby has 30 seconds left.\n|\n|t:|1776110856\n|detailschange|p2a: Charizard|Charizard-Mega-Y, L50, F, shiny\n|-mega|p2a: Charizard|Charizard|Charizardite Y\n|-weather|SunnyDay|[from] ability: Drought|[of] p2a: Charizard\n|move|p2b: Talonflame|Upper Hand|p1b: mimmer\n|-supereffective|p1b: mimmer|1\n|-enditem|p1b: mimmer|Chople Berry|[eat]\n|-enditem|p1b: mimmer|Chople Berry|[weaken]\n|-damage|p1b: mimmer|92/100\n|cant|p1b: mimmer|flinch\n|move|p1a: Hydreigon|Dragon Pulse|p2a: Charizard\n|-damage|p2a: Charizard|53/100\n|move|p2a: Charizard|Air Slash|p1a: Hydreigon\n|-damage|p1a: Hydreigon|49/100\n|\n|-weather|SunnyDay|[upkeep]\n|upkeep\n|turn|2\n|inactive|lukelby has 30 seconds left.\n|\n|t:|1776110882\n|switch|p1a: miinnie|Ninetales-Alola, L50, F|100/100\n|-weather|Snowscape|[from] ability: Snow Warning|[of] p1a: miinnie\n|move|p2b: Talonflame|Tailwind|p2b: Talonflame\n|-sidestart|p2: RedEmperorKing|move: Tailwind\n|move|p2a: Charizard|Air Slash|p1a: miinnie\n|-damage|p1a: miinnie|52/100\n|move|p1b: mimmer|Darkest Lariat|p2a: Charizard\n|-damage|p2a: Charizard|4/100\n|\n|-weather|Snowscape|[upkeep]\n|upkeep\n|turn|3\n|inactive|lukelby has 30 seconds left.\n|\n|t:|1776110913\n|move|p2b: Talonflame|Brave Bird|p1b: mimmer\n|-damage|p1b: mimmer|67/100\n|-damage|p2b: Talonflame|89/100|[from] Recoil\n|move|p2a: Charizard|Heat Wave|p1b: mimmer|[spread] p1b\n|-miss|p2a: Charizard|p1a: miinnie\n|-resisted|p1b: mimmer|1\n|-damage|p1b: mimmer|50/100\n|move|p1a: miinnie|Blizzard|p2b: Talonflame|[spread] p2a,p2b\n|-damage|p2a: Charizard|0 fnt\n|-damage|p2b: Talonflame|52/100\n|faint|p2a: Charizard\n|move|p1b: mimmer|Darkest Lariat|p2b: Talonflame\n|-damage|p2b: Talonflame|17/100\n|\n|-weather|Snowscape|[upkeep]\n|-heal|p2b: Talonflame|23/100|[from] item: Leftovers\n|upkeep\n|\n|t:|1776110924\n|switch|p2a: Typhlosion|Typhlosion-Hisui, L50, F, shiny|100/100\n|-item|p1a: miinnie|Babiri Berry|[from] ability: Frisk|[of] p2a: Typhlosion\n|turn|4\n|inactive|lukelby has 30 seconds left.\n|inactive|lukelby has 20 seconds left.\n|inactive|lukelby has 15 seconds left.\n|inactive|lukelby has 10 seconds left.\n|\n|t:|1776110970\n|switch|p1a: Farigiraf|Farigiraf, L50, F|100/100\n|move|p2a: Typhlosion|Eruption|p1a: Farigiraf|[spread] p1a,p1b\n|-resisted|p1b: mimmer|1\n|-damage|p1a: Farigiraf|62/100\n|-damage|p1b: mimmer|31/100\n|move|p2b: Talonflame|Brave Bird|p1b: mimmer\n|-damage|p1b: mimmer|7/100\n|-damage|p2b: Talonflame|12/100|[from] Recoil\n|move|p1b: mimmer|Parting Shot|p2a: Typhlosion\n|-unboost|p2a: Typhlosion|atk|1\n|-unboost|p2a: Typhlosion|spa|1\n|\n|t:|1776110982\n|switch|p1b: miinnie|Ninetales-Alola, L50, F|52/100|[from] Parting Shot\n|\n|-weather|Snowscape|[upkeep]\n|-heal|p2b: Talonflame|18/100|[from] item: Leftovers\n|upkeep\n|turn|5\n|-message|RedEmperorKing forfeited.\n|\n|win|lukelby\n|raw|lukelby's rating: 1043 &rarr; <strong>1079</strong><br />(+36 for winning)\n|raw|RedEmperorKing's rating: 1067 &rarr; <strong>1046</strong><br />(-21 for losing)\n|l|\u2606RedEmperorKing\n|player|p2|\n",
  "uploadtime": 1776110992,
  "views": 14,
  "formatid": "gen9championsvgc2026regma",
  "rating": 1046,
  "private": 0,
  "password": null
}