{
  "id": "gen9championsvgc2026regma-2587651150",
  "format": "[Gen 9 Champions] VGC 2026 Reg M-A",
  "players": [
    "pokemanwomanman",
    "KennarDH"
  ],
  "log": "|j|\u2606pokemanwomanman\n|j|\u2606KennarDH\n|t:|1776550485\n|gametype|doubles\n|player|p1|pokemanwomanman|265|1353\n|player|p2|KennarDH|rocketgruntf|1257\n|gen|9\n|tier|[Gen 9 Champions] VGC 2026 Reg M-A\n|rated|\n|rule|Species Clause: Limit one of each Pok\u00e9mon\n|rule|Item Clause: Limit 1 of each item\n|clearpoke\n|poke|p1|Camerupt, L50, M, shiny|\n|poke|p1|Farigiraf, L50, F, shiny|\n|poke|p1|Incineroar, L50, M, shiny|\n|poke|p1|Rotom-Wash, L50, shiny|\n|poke|p1|Sinistcha, L50|\n|poke|p1|Aggron, L50, F, shiny|\n|poke|p2|Froslass, L50, F|\n|poke|p2|Glaceon, L50, F|\n|poke|p2|Slowking, L50, M|\n|poke|p2|Raichu-Alola, L50, M|\n|poke|p2|Quaquaval, L50, M|\n|poke|p2|Kangaskhan, L50, F|\n|teampreview|4\n|inactive|Battle timer is ON: inactive players will automatically lose when time's up. (requested by pokemanwomanman)\n|inactive|pokemanwomanman has 60 seconds left.\n|\n|t:|1776550536\n|teamsize|p1|4\n|teamsize|p2|4\n|start\n|switch|p1a: Incineroar|Incineroar, L50, M, shiny|100/100\n|switch|p1b: Farigiraf|Farigiraf, L50, F, shiny|100/100\n|switch|p2a: Quaquaval|Quaquaval, L50, M|100/100\n|switch|p2b: Froslass|Froslass, L50, F|100/100\n|-ability|p1a: Incineroar|Intimidate|boost\n|-unboost|p2a: Quaquaval|atk|1\n|-unboost|p2b: Froslass|atk|1\n|-enditem|p2a: Quaquaval|White Herb\n|-clearnegativeboost|p2a: Quaquaval|[silent]\n|turn|1\n|inactive|KennarDH has 30 seconds left.\n|\n|t:|1776550564\n|detailschange|p2b: Froslass|Froslass-Mega, L50, F\n|-mega|p2b: Froslass|Froslass|Froslassite\n|-weather|Snowscape|[from] ability: Snow Warning|[of] p2b: Froslass\n|move|p1a: Incineroar|Fake Out|p2a: Quaquaval\n|-damage|p2a: Quaquaval|89/100\n|move|p2b: Froslass|Aurora Veil|p2b: Froslass\n|-sidestart|p2: KennarDH|move: Aurora Veil\n|cant|p2a: Quaquaval|flinch\n|move|p1b: Farigiraf|Trick Room|p1b: Farigiraf\n|-fieldstart|move: Trick Room|[of] p1b: Farigiraf\n|\n|-weather|Snowscape|[upkeep]\n|upkeep\n|turn|2\n|inactive|pokemanwomanman has 30 seconds left.\n|inactive|pokemanwomanman has 20 seconds left.\n|inactive|pokemanwomanman has 15 seconds left.\n|\n|t:|1776550606\n|switch|p1b: Aggron|Aggron, L50, F, shiny|100/100\n|move|p1a: Incineroar|Parting Shot|p2a: Quaquaval\n|-unboost|p2a: Quaquaval|atk|1\n|-unboost|p2a: Quaquaval|spa|1\n|\n|t:|1776550614\n|switch|p1a: Farigiraf|Farigiraf, L50, F, shiny|100/100|[from] Parting Shot\n|move|p2a: Quaquaval|Close Combat|p1a: Farigiraf\n|-damage|p1a: Farigiraf|74/100\n|-unboost|p2a: Quaquaval|def|1\n|-unboost|p2a: Quaquaval|spd|1\n|move|p2b: Froslass|Blizzard|p1a: Farigiraf|[spread] p1a,p1b\n|-resisted|p1b: Aggron|1\n|-damage|p1a: Farigiraf|33/100\n|-damage|p1b: Aggron|79/100\n|\n|-weather|Snowscape|[upkeep]\n|upkeep\n|turn|3\n|\n|t:|1776550636\n|switch|p1a: Incineroar|Incineroar, L50, M, shiny|100/100\n|-ability|p1a: Incineroar|Intimidate|boost\n|-unboost|p2a: Quaquaval|atk|1\n|-unboost|p2b: Froslass|atk|1\n|switch|p2a: Slowking|Slowking, L50, M|100/100\n|detailschange|p1b: Aggron|Aggron-Mega, L50, F, shiny\n|-mega|p1b: Aggron|Aggron|Aggronite\n|move|p1b: Aggron|Iron Defense|p1b: Aggron\n|-boost|p1b: Aggron|def|2\n|move|p2b: Froslass|Shadow Ball|p1b: Aggron\n|-damage|p1b: Aggron|44/100\n|\n|-weather|Snowscape|[upkeep]\n|upkeep\n|turn|4\n|inactive|KennarDH has 30 seconds left.\n|\n|t:|1776550664\n|switch|p2b: Quaquaval|Quaquaval, L50, M|89/100\n|move|p2a: Slowking|Protect|p2a: Slowking\n|-singleturn|p2a: Slowking|Protect\n|move|p1a: Incineroar|Fake Out|p2a: Slowking\n|-activate|p2a: Slowking|move: Protect\n|move|p1b: Aggron|Heavy Slam|p2b: Quaquaval\n|-resisted|p2b: Quaquaval|1\n|-damage|p2b: Quaquaval|68/100\n|\n|-weather|Snowscape|[upkeep]\n|upkeep\n|turn|5\n|\n|t:|1776550686\n|move|p2b: Quaquaval|Protect|p2b: Quaquaval\n|-singleturn|p2b: Quaquaval|Protect\n|move|p2a: Slowking|Scald|p1b: Aggron\n|-damage|p1b: Aggron|22/100\n|-status|p1b: Aggron|brn\n|move|p1b: Aggron|Body Press|p2b: Quaquaval\n|-activate|p2b: Quaquaval|move: Protect\n|move|p1a: Incineroar|Parting Shot|p2b: Quaquaval\n|-activate|p2b: Quaquaval|move: Protect\n|\n|-weather|none\n|-damage|p1b: Aggron|16/100 brn|[from] brn\n|-sideend|p2: KennarDH|move: Aurora Veil\n|-fieldend|move: Trick Room\n|upkeep\n|turn|6\n|\n|t:|1776550708\n|move|p1b: Aggron|Protect|p1b: Aggron\n|-singleturn|p1b: Aggron|Protect\n|move|p2b: Quaquaval|Aqua Step|p1a: Incineroar\n|-supereffective|p1a: Incineroar|1\n|-damage|p1a: Incineroar|34/100\n|-boost|p2b: Quaquaval|spe|1\n|-enditem|p1a: Incineroar|Sitrus Berry|[eat]\n|-heal|p1a: Incineroar|59/100|[from] item: Sitrus Berry\n|move|p1a: Incineroar|Parting Shot|p2b: Quaquaval\n|-unboost|p2b: Quaquaval|atk|1\n|-unboost|p2b: Quaquaval|spa|1\n|\n|t:|1776550719\n|switch|p1a: Sinistcha|Sinistcha, L50|100/100|[from] Parting Shot\n|-heal|p1b: Aggron|41/100 brn|[from] ability: Hospitality|[of] p1a: Sinistcha\n|move|p2a: Slowking|Scald|p1a: Sinistcha\n|-resisted|p1a: Sinistcha|1\n|-crit|p1a: Sinistcha\n|-damage|p1a: Sinistcha|78/100\n|-status|p1a: Sinistcha|brn\n|\n|-damage|p1a: Sinistcha|72/100 brn|[from] brn\n|-damage|p1b: Aggron|35/100 brn|[from] brn\n|upkeep\n|turn|7\n|\n|t:|1776550741\n|switch|p2b: Froslass|Froslass-Mega, L50, F|100/100\n|-weather|Snowscape|[from] ability: Snow Warning|[of] p2b: Froslass\n|move|p1a: Sinistcha|Rage Powder|p1a: Sinistcha\n|-singleturn|p1a: Sinistcha|move: Rage Powder\n|move|p1b: Aggron|Heavy Slam|p2b: Froslass\n|-supereffective|p2b: Froslass|1\n|-damage|p2b: Froslass|52/100\n|move|p2a: Slowking|Scald|p1a: Sinistcha\n|-resisted|p1a: Sinistcha|1\n|-damage|p1a: Sinistcha|56/100 brn\n|\n|-weather|Snowscape|[upkeep]\n|-damage|p1a: Sinistcha|50/100 brn|[from] brn\n|-damage|p1b: Aggron|28/100 brn|[from] brn\n|upkeep\n|turn|8\n|\n|t:|1776550758\n|switch|p1a: Incineroar|Incineroar, L50, M, shiny|59/100\n|-ability|p1a: Incineroar|Intimidate|boost\n|-fail|p2a: Slowking|unboost|Attack|[from] ability: Oblivious|[of] p2a: Slowking\n|-unboost|p2b: Froslass|atk|1\n|move|p2b: Froslass|Blizzard|p1a: Incineroar|[spread] p1a,p1b\n|-resisted|p1a: Incineroar|1\n|-resisted|p1b: Aggron|1\n|-damage|p1a: Incineroar|45/100\n|-damage|p1b: Aggron|10/100 brn\n|move|p1b: Aggron|Heavy Slam|p2b: Froslass\n|-supereffective|p2b: Froslass|1\n|-damage|p2b: Froslass|5/100\n|move|p2a: Slowking|Scald|p1b: Aggron\n|-damage|p1b: Aggron|0 fnt\n|faint|p1b: Aggron\n|\n|-weather|Snowscape|[upkeep]\n|upkeep\n|\n|t:|1776550771\n|switch|p1b: Sinistcha|Sinistcha, L50|50/100 brn\n|-heal|p1a: Incineroar|69/100|[from] ability: Hospitality|[of] p1b: Sinistcha\n|turn|9\n|\n|t:|1776550789\n|switch|p1b: Farigiraf|Farigiraf, L50, F, shiny|33/100\n|move|p2b: Froslass|Aurora Veil|p2b: Froslass\n|-sidestart|p2: KennarDH|move: Aurora Veil\n|move|p1a: Incineroar|Flare Blitz|p2b: Froslass\n|-supereffective|p2b: Froslass|1\n|-damage|p2b: Froslass|0 fnt\n|faint|p2b: Froslass\n|-damage|p1a: Incineroar|68/100|[from] Recoil\n|move|p2a: Slowking|Scald|p1a: Incineroar\n|-supereffective|p1a: Incineroar|1\n|-damage|p1a: Incineroar|26/100\n|\n|-weather|Snowscape|[upkeep]\n|upkeep\n|\n|t:|1776550802\n|switch|p2b: Glaceon|Glaceon, L50, F|100/100\n|turn|10\n|\n|t:|1776550809\n|switch|p1a: Sinistcha|Sinistcha, L50|50/100 brn\n|-heal|p1b: Farigiraf|57/100|[from] ability: Hospitality|[of] p1a: Sinistcha\n|move|p2b: Glaceon|Blizzard|p1a: Sinistcha|[spread] p1a,p1b\n|-supereffective|p1a: Sinistcha|1\n|-damage|p1a: Sinistcha|0 fnt\n|-damage|p1b: Farigiraf|13/100\n|-status|p1b: Farigiraf|frz\n|faint|p1a: Sinistcha\n|move|p2a: Slowking|Scald|p1b: Farigiraf\n|-damage|p1b: Farigiraf|0 fnt\n|faint|p1b: Farigiraf\n|\n|-weather|Snowscape|[upkeep]\n|upkeep\n|-message|pokemanwomanman forfeited.\n|\n|win|KennarDH\n|raw|pokemanwomanman's rating: 1353 &rarr; <strong>1328</strong><br />(-25 for losing)\n|raw|KennarDH's rating: 1257 &rarr; <strong>1289</strong><br />(+32 for winning)\n|l|\u2606pokemanwomanman\n|player|p1|\n",
  "uploadtime": 1776550826,
  "views": 20,
  "formatid": "gen9championsvgc2026regma",
  "rating": 1289,
  "private": 0,
  "password": null
}