{
  "id": "gen9championsvgc2026regma-2583858028",
  "format": "[Gen 9 Champions] VGC 2026 Reg M-A",
  "players": [
    "ThijMan",
    "21chenhen"
  ],
  "log": "|j|\u2606ThijMan\n|j|\u260621chenhen\n|t:|1776203201\n|gametype|doubles\n|player|p1|ThijMan|1|1178\n|player|p2|21chenhen|cynthia-gen4|1208\n|gen|9\n|tier|[Gen 9 Champions] VGC 2026 Reg M-A\n|rated|\n|rule|Species Clause: Limit one of each Pok\u00e9mon\n|rule|Item Clause: Limit 1 of each item\n|clearpoke\n|poke|p1|Greninja-*, L50, M|\n|poke|p1|Dragapult, L50, M|\n|poke|p1|Kingambit, L50, M|\n|poke|p1|Sneasler, L50, M|\n|poke|p1|Goodra-Hisui, L50, M|\n|poke|p1|Sableye, L50, M|\n|poke|p2|Aerodactyl, L50, M|\n|poke|p2|Glimmora, L50, M|\n|poke|p2|Rotom-Wash, L50|\n|poke|p2|Sinistcha, L50|\n|poke|p2|Incineroar, L50, M|\n|poke|p2|Kingambit, L50, M|\n|teampreview|4\n|\n|t:|1776203257\n|teamsize|p1|4\n|teamsize|p2|4\n|start\n|switch|p1a: Sneasler|Sneasler, L50, M, shiny|100/100\n|switch|p1b: Greninja|Greninja, L50, M, shiny|100/100\n|switch|p2a: Rotom|Rotom-Wash, L50|100/100\n|switch|p2b: Aerodactyl|Aerodactyl, L50, M, shiny|100/100\n|-ability|p2b: Aerodactyl|Unnerve\n|turn|1\n|inactive|Battle timer is ON: inactive players will automatically lose when time's up. (requested by ThijMan)\n|inactive|21chenhen has 60 seconds left.\n|\n|t:|1776203288\n|detailschange|p1b: Greninja|Greninja-Mega, L50, M, shiny\n|-mega|p1b: Greninja|Greninja|Greninjite\n|detailschange|p2b: Aerodactyl|Aerodactyl-Mega, L50, M, shiny\n|-mega|p2b: Aerodactyl|Aerodactyl|Aerodactylite\n|move|p2b: Aerodactyl|Protect|p2b: Aerodactyl\n|-singleturn|p2b: Aerodactyl|Protect\n|move|p1a: Sneasler|Fake Out|p2b: Aerodactyl\n|-activate|p2b: Aerodactyl|move: Protect\n|move|p1b: Greninja|Sludge Wave|p2a: Rotom|[spread] p1a,p2a\n|-start|p1b: Greninja|typechange|Poison|[from] ability: Protean\n|-activate|p2b: Aerodactyl|move: Protect\n|-resisted|p1a: Sneasler|1\n|-damage|p1a: Sneasler|76/100\n|-damage|p2a: Rotom|54/100\n|move|p2a: Rotom|Electroweb|p1a: Sneasler|[spread] p1a,p1b\n|-damage|p1a: Sneasler|49/100\n|-damage|p1b: Greninja|74/100\n|-unboost|p1a: Sneasler|spe|1\n|-unboost|p1b: Greninja|spe|1\n|-enditem|p1a: Sneasler|White Herb\n|-clearnegativeboost|p1a: Sneasler|[silent]\n|\n|upkeep\n|turn|2\n|inactive|21chenhen has 30 seconds left.\n|inactive|21chenhen has 20 seconds left.\n|inactive|21chenhen has 15 seconds left.\n|inactive|21chenhen has 10 seconds left.\n|inactive|21chenhen has 5 seconds left.\n|\n|t:|1776203338\n|switch|p2a: Incineroar|Incineroar, L50, M|100/100\n|-ability|p2a: Incineroar|Intimidate|boost\n|-unboost|p1a: Sneasler|atk|1\n|-unboost|p1b: Greninja|atk|1\n|move|p1b: Greninja|Water Shuriken|p2b: Aerodactyl\n|-supereffective|p2b: Aerodactyl|1\n|-crit|p2b: Aerodactyl\n|-damage|p2b: Aerodactyl|82/100\n|-supereffective|p2b: Aerodactyl|1\n|-damage|p2b: Aerodactyl|69/100\n|-hitcount|p2b: Aerodactyl|2\n|move|p1a: Sneasler|Close Combat|p2b: Aerodactyl\n|-damage|p2b: Aerodactyl|20/100\n|-unboost|p1a: Sneasler|def|1\n|-unboost|p1a: Sneasler|spd|1\n|move|p2b: Aerodactyl|Dual Wingbeat|p1a: Sneasler\n|-supereffective|p1a: Sneasler|1\n|-damage|p1a: Sneasler|0 fnt\n|faint|p1a: Sneasler\n|-hitcount|p1: Sneasler|1\n|\n|upkeep\n|\n|t:|1776203362\n|switch|p1a: Kingambit|Kingambit, L50, M, shiny|100/100\n|turn|3\n|\n|t:|1776203384\n|move|p2b: Aerodactyl|Protect|p2b: Aerodactyl\n|-singleturn|p2b: Aerodactyl|Protect\n|move|p1a: Kingambit|Sucker Punch||[still]\n|-fail|p1a: Kingambit\n|move|p1b: Greninja|Sludge Wave|p2a: Incineroar|[spread] p2a\n|-activate|p2b: Aerodactyl|move: Protect\n|-immune|p1a: Kingambit\n|-damage|p2a: Incineroar|68/100\n|move|p2a: Incineroar|Flare Blitz|p1a: Kingambit\n|-supereffective|p1a: Kingambit|1\n|-damage|p1a: Kingambit|15/100\n|-damage|p2a: Incineroar|39/100|[from] Recoil\n|-enditem|p2a: Incineroar|Sitrus Berry|[eat]\n|-heal|p2a: Incineroar|64/100|[from] item: Sitrus Berry\n|\n|upkeep\n|turn|4\n|inactive|21chenhen has 30 seconds left.\n|\n|t:|1776203413\n|switch|p2b: Rotom|Rotom-Wash, L50|54/100\n|move|p1b: Greninja|Water Shuriken|p2a: Incineroar\n|-supereffective|p2a: Incineroar|1\n|-damage|p2a: Incineroar|53/100\n|-supereffective|p2a: Incineroar|1\n|-damage|p2a: Incineroar|42/100\n|-hitcount|p2a: Incineroar|2\n|move|p1a: Kingambit|Sucker Punch||[still]\n|-fail|p1a: Kingambit\n|move|p2a: Incineroar|Parting Shot|p1b: Greninja\n|-unboost|p1b: Greninja|atk|1\n|-unboost|p1b: Greninja|spa|1\n|\n|t:|1776203430\n|switch|p2a: Sinistcha|Sinistcha, L50|100/100|[from] Parting Shot\n|-heal|p2b: Rotom|79/100|[from] ability: Hospitality|[of] p2a: Sinistcha\n|\n|upkeep\n|turn|5\n|\n|t:|1776203449\n|switch|p1b: Goodra|Goodra-Hisui, L50, M, shiny|100/100\n|move|p2a: Sinistcha|Protect|p2a: Sinistcha\n|-singleturn|p2a: Sinistcha|Protect\n|move|p1a: Kingambit|Protect|p1a: Kingambit\n|-singleturn|p1a: Kingambit|Protect\n|move|p2b: Rotom|Electroweb|p1b: Goodra|[spread] p1b\n|-activate|p1a: Kingambit|move: Protect\n|-resisted|p1b: Goodra|1\n|-damage|p1b: Goodra|94/100\n|-unboost|p1b: Goodra|spe|1\n|\n|upkeep\n|turn|6\n|\n|t:|1776203471\n|move|p2a: Sinistcha|Rage Powder|p2a: Sinistcha\n|-singleturn|p2a: Sinistcha|move: Rage Powder\n|move|p1a: Kingambit|Sucker Punch||[still]\n|-fail|p1a: Kingambit\n|move|p2b: Rotom|Electroweb|p1b: Goodra|[spread] p1a,p1b\n|-resisted|p1b: Goodra|1\n|-damage|p1a: Kingambit|0 fnt\n|-damage|p1b: Goodra|88/100\n|-unboost|p1b: Goodra|spe|1\n|faint|p1a: Kingambit\n|move|p1b: Goodra|Shelter|p1b: Goodra\n|-boost|p1b: Goodra|def|2\n|\n|upkeep\n|\n|t:|1776203474\n|switch|p1a: Greninja|Greninja-Mega, L50, M, shiny|74/100\n|turn|7\n|inactive|21chenhen has 30 seconds left.\n|\n|t:|1776203499\n|move|p2a: Sinistcha|Protect|p2a: Sinistcha\n|-singleturn|p2a: Sinistcha|Protect\n|move|p1a: Greninja|Sludge Wave|p2b: Rotom|[spread] p2b\n|-start|p1a: Greninja|typechange|Poison|[from] ability: Protean\n|-activate|p2a: Sinistcha|move: Protect\n|-immune|p1b: Goodra\n|-damage|p2b: Rotom|32/100\n|move|p2b: Rotom|Electroweb|p1a: Greninja|[spread] p1a,p1b\n|-resisted|p1b: Goodra|1\n|-damage|p1a: Greninja|43/100\n|-damage|p1b: Goodra|81/100\n|-unboost|p1a: Greninja|spe|1\n|-unboost|p1b: Goodra|spe|1\n|move|p1b: Goodra|Body Press|p2b: Rotom\n|-damage|p2b: Rotom|0 fnt\n|faint|p2b: Rotom\n|\n|upkeep\n|inactive|21chenhen has 30 seconds left.\n|\n|t:|1776203531\n|switch|p2b: Incineroar|Incineroar, L50, M|42/100\n|-ability|p2b: Incineroar|Intimidate|boost\n|-unboost|p1a: Greninja|atk|1\n|-unboost|p1b: Goodra|atk|1\n|turn|8\n|\n|t:|1776203548\n|move|p1a: Greninja|Protect|p1a: Greninja\n|-singleturn|p1a: Greninja|Protect\n|move|p2a: Sinistcha|Rage Powder|p2a: Sinistcha\n|-singleturn|p2a: Sinistcha|move: Rage Powder\n|move|p2b: Incineroar|Darkest Lariat|p1b: Goodra\n|-damage|p1b: Goodra|50/100\n|-enditem|p1b: Goodra|Sitrus Berry|[eat]\n|-heal|p1b: Goodra|75/100|[from] item: Sitrus Berry\n|move|p1b: Goodra|Draco Meteor|p2a: Sinistcha\n|-damage|p2a: Sinistcha|47/100\n|-unboost|p1b: Goodra|spa|2\n|\n|-heal|p2a: Sinistcha|53/100|[from] item: Leftovers\n|upkeep\n|turn|9\n|inactive|21chenhen has 30 seconds left.\n|inactive|21chenhen has 20 seconds left.\n|\n|t:|1776203585\n|move|p2a: Sinistcha|Protect|p2a: Sinistcha\n|-singleturn|p2a: Sinistcha|Protect\n|move|p1a: Greninja|Sludge Wave|p2b: Incineroar|[spread] p2b\n|-activate|p2a: Sinistcha|move: Protect\n|-immune|p1b: Goodra\n|-damage|p2b: Incineroar|6/100\n|move|p2b: Incineroar|Flare Blitz|p1a: Greninja\n|-damage|p1a: Greninja|0 fnt\n|faint|p1a: Greninja\n|-damage|p2b: Incineroar|0 fnt|[from] Recoil\n|faint|p2b: Incineroar\n|move|p1b: Goodra|Body Press|p2a: Sinistcha\n|-activate|p2a: Sinistcha|move: Protect\n|\n|-heal|p2a: Sinistcha|59/100|[from] item: Leftovers\n|upkeep\n|\n|t:|1776203596\n|switch|p2b: Aerodactyl|Aerodactyl-Mega, L50, M, shiny|20/100\n|turn|10\n|\n|t:|1776203619\n|move|p2b: Aerodactyl|Protect|p2b: Aerodactyl\n|-singleturn|p2b: Aerodactyl|Protect\n|move|p2a: Sinistcha|Life Dew|p2a: Sinistcha|[spread] p2a,p2b\n|-heal|p2a: Sinistcha|84/100\n|-heal|p2b: Aerodactyl|46/100\n|move|p1b: Goodra|Draco Meteor|p2a: Sinistcha\n|-damage|p2a: Sinistcha|60/100\n|-unboost|p1b: Goodra|spa|2\n|\n|-heal|p2a: Sinistcha|66/100|[from] item: Leftovers\n|upkeep\n|turn|11\n|\n|t:|1776203631\n|move|p2a: Sinistcha|Rage Powder|p2a: Sinistcha\n|-singleturn|p2a: Sinistcha|move: Rage Powder\n|move|p2b: Aerodactyl|Ice Fang|p1b: Goodra\n|-damage|p1b: Goodra|64/100\n|move|p1b: Goodra|Body Press|p2a: Sinistcha\n|-immune|p2a: Sinistcha\n|\n|-heal|p2a: Sinistcha|72/100|[from] item: Leftovers\n|upkeep\n|turn|12\n|\n|t:|1776203640\n|move|p2b: Aerodactyl|Protect|p2b: Aerodactyl\n|-singleturn|p2b: Aerodactyl|Protect\n|move|p2a: Sinistcha|Life Dew|p2a: Sinistcha|[spread] p2a,p2b\n|-heal|p2a: Sinistcha|98/100\n|-heal|p2b: Aerodactyl|71/100\n|move|p1b: Goodra|Draco Meteor|p2a: Sinistcha\n|-damage|p2a: Sinistcha|79/100\n|-unboost|p1b: Goodra|spa|2\n|\n|-heal|p2a: Sinistcha|85/100|[from] item: Leftovers\n|upkeep\n|turn|13\n|\n|t:|1776203658\n|move|p2a: Sinistcha|Rage Powder|p2a: Sinistcha\n|-singleturn|p2a: Sinistcha|move: Rage Powder\n|move|p2b: Aerodactyl|Ice Fang|p1b: Goodra\n|-damage|p1b: Goodra|55/100\n|move|p1b: Goodra|Heavy Slam|p2a: Sinistcha\n|-damage|p2a: Sinistcha|62/100\n|\n|-heal|p2a: Sinistcha|68/100|[from] item: Leftovers\n|upkeep\n|turn|14\n|\n|t:|1776203667\n|move|p2b: Aerodactyl|Protect|p2b: Aerodactyl\n|-singleturn|p2b: Aerodactyl|Protect\n|move|p2a: Sinistcha|Life Dew|p2a: Sinistcha|[spread] p2a,p2b\n|-heal|p2a: Sinistcha|94/100\n|-heal|p2b: Aerodactyl|96/100\n|move|p1b: Goodra|Heavy Slam|p2b: Aerodactyl\n|-activate|p2b: Aerodactyl|move: Protect\n|\n|-heal|p2a: Sinistcha|99/100|[from] item: Leftovers\n|upkeep\n|turn|15\n|\n|t:|1776203679\n|move|p2a: Sinistcha|Rage Powder|p2a: Sinistcha\n|-singleturn|p2a: Sinistcha|move: Rage Powder\n|move|p2b: Aerodactyl|Ice Fang|p1b: Goodra\n|-damage|p1b: Goodra|44/100\n|cant|p1b: Goodra|flinch\n|\n|-heal|p2a: Sinistcha|100/100|[from] item: Leftovers\n|upkeep\n|turn|16\n|\n|t:|1776203689\n|move|p2a: Sinistcha|Rage Powder|p2a: Sinistcha\n|-singleturn|p2a: Sinistcha|move: Rage Powder\n|move|p2b: Aerodactyl|Ice Fang|p1b: Goodra\n|-damage|p1b: Goodra|34/100\n|move|p1b: Goodra|Body Press|p2a: Sinistcha\n|-immune|p2a: Sinistcha\n|\n|upkeep\n|turn|17\n|\n|t:|1776203699\n|move|p2a: Sinistcha|Rage Powder|p2a: Sinistcha\n|-singleturn|p2a: Sinistcha|move: Rage Powder\n|move|p2b: Aerodactyl|Ice Fang|p1b: Goodra\n|-damage|p1b: Goodra|24/100\n|move|p1b: Goodra|Shelter|p1b: Goodra\n|-boost|p1b: Goodra|def|2\n|\n|upkeep\n|turn|18\n|\n|t:|1776203708\n|move|p2a: Sinistcha|Rage Powder|p2a: Sinistcha\n|-singleturn|p2a: Sinistcha|move: Rage Powder\n|move|p2b: Aerodactyl|Ice Fang|p1b: Goodra\n|-damage|p1b: Goodra|17/100\n|move|p1b: Goodra|Heavy Slam|p2a: Sinistcha\n|-damage|p2a: Sinistcha|80/100\n|\n|-heal|p2a: Sinistcha|86/100|[from] item: Leftovers\n|upkeep\n|turn|19\n|\n|t:|1776203719\n|move|p2a: Sinistcha|Rage Powder|p2a: Sinistcha\n|-singleturn|p2a: Sinistcha|move: Rage Powder\n|move|p2b: Aerodactyl|Ice Fang|p1b: Goodra\n|-damage|p1b: Goodra|11/100\n|move|p1b: Goodra|Heavy Slam|p2a: Sinistcha\n|-damage|p2a: Sinistcha|66/100\n|\n|-heal|p2a: Sinistcha|72/100|[from] item: Leftovers\n|upkeep\n|turn|20\n|\n|t:|1776203727\n|move|p2a: Sinistcha|Rage Powder|p2a: Sinistcha\n|-singleturn|p2a: Sinistcha|move: Rage Powder\n|move|p2b: Aerodactyl|Ice Fang|p1b: Goodra\n|-damage|p1b: Goodra|4/100\n|move|p1b: Goodra|Heavy Slam|p2a: Sinistcha\n|-damage|p2a: Sinistcha|48/100\n|\n|-heal|p2a: Sinistcha|54/100|[from] item: Leftovers\n|upkeep\n|turn|21\n|\n|t:|1776203738\n|move|p2a: Sinistcha|Rage Powder|p2a: Sinistcha\n|-singleturn|p2a: Sinistcha|move: Rage Powder\n|move|p2b: Aerodactyl|Ice Fang|p1b: Goodra\n|-damage|p1b: Goodra|0 fnt\n|faint|p1b: Goodra\n|\n|win|21chenhen\n|raw|ThijMan's rating: 1178 &rarr; <strong>1155</strong><br />(-23 for losing)\n|raw|21chenhen's rating: 1208 &rarr; <strong>1231</strong><br />(+23 for winning)\n|l|\u2606ThijMan\n|player|p1|\n",
  "uploadtime": 1776203747,
  "views": 21,
  "formatid": "gen9championsvgc2026regma",
  "rating": 1155,
  "private": 0,
  "password": null
}