{
  "id": "gen9championsvgc2026regma-2583966839",
  "format": "[Gen 9 Champions] VGC 2026 Reg M-A",
  "players": [
    "zoan lover",
    "jenzz2"
  ],
  "log": "|j|\u2606zoan lover\n|j|\u2606jenzz2\n|t:|1776212589\n|gametype|doubles\n|player|p1|zoan lover|clown|1154\n|player|p2|jenzz2|bruno|1249\n|gen|9\n|tier|[Gen 9 Champions] VGC 2026 Reg M-A\n|rated|\n|rule|Species Clause: Limit one of each Pok\u00e9mon\n|rule|Item Clause: Limit 1 of each item\n|clearpoke\n|poke|p1|Talonflame, L50, M|\n|poke|p1|Floette-Eternal, L50, F|\n|poke|p1|Incineroar, L50, F|\n|poke|p1|Kingambit, L50, F|\n|poke|p1|Garchomp, L50, M|\n|poke|p1|Sinistcha, L50|\n|poke|p2|Meganium, L50, F|\n|poke|p2|Aerodactyl, L50, F|\n|poke|p2|Basculegion, L50, M|\n|poke|p2|Pelipper, L50, M|\n|poke|p2|Aegislash, L50, M|\n|poke|p2|Tyranitar, L50, M|\n|teampreview|4\n|inactive|Battle timer is ON: inactive players will automatically lose when time's up. (requested by zoan lover)\n|inactive|zoan lover has 60 seconds left.\n|inactive|jenzz2 has 60 seconds left.\n|\n|t:|1776212645\n|teamsize|p1|4\n|teamsize|p2|4\n|start\n|switch|p1a: Floette|Floette-Eternal, L50, F|100/100\n|switch|p1b: Incineroar|Incineroar, L50, F|100/100\n|switch|p2a: Aerodactyl|Aerodactyl, L50, F|100/100\n|switch|p2b: Tyranitar|Tyranitar, L50, M|100/100\n|-ability|p2a: Aerodactyl|Unnerve\n|-ability|p1b: Incineroar|Intimidate|boost\n|-unboost|p2a: Aerodactyl|atk|1\n|-unboost|p2b: Tyranitar|atk|1\n|-weather|Sandstorm|[from] ability: Sand Stream|[of] p2b: Tyranitar\n|turn|1\n|inactive|jenzz2 has 30 seconds left.\n|inactive|jenzz2 has 20 seconds left.\n|inactive|jenzz2 has 15 seconds left.\n|\n|t:|1776212686\n|detailschange|p1a: Floette|Floette-Mega, L50, F\n|-mega|p1a: Floette|Floette|Floettite\n|-ability|p1a: Floette|Fairy Aura\n|detailschange|p2b: Tyranitar|Tyranitar-Mega, L50, M\n|-mega|p2b: Tyranitar|Tyranitar|Tyranitarite\n|move|p2a: Aerodactyl|Protect|p2a: Aerodactyl\n|-singleturn|p2a: Aerodactyl|Protect\n|move|p1b: Incineroar|Fake Out|p2a: Aerodactyl\n|-activate|p2a: Aerodactyl|move: Protect\n|move|p1a: Floette|Calm Mind|p1a: Floette\n|-boost|p1a: Floette|spa|1\n|-boost|p1a: Floette|spd|1\n|move|p2b: Tyranitar|Rock Slide|p1a: Floette|[spread] p1b\n|-miss|p2b: Tyranitar|p1a: Floette\n|-supereffective|p1b: Incineroar|1\n|-damage|p1b: Incineroar|66/100\n|\n|-weather|Sandstorm|[upkeep]\n|-damage|p1a: Floette|95/100|[from] Sandstorm\n|-damage|p1b: Incineroar|60/100|[from] Sandstorm\n|upkeep\n|turn|2\n|inactive|zoan lover has 30 seconds left.\n|inactive|jenzz2 has 30 seconds left.\n|inactive|jenzz2 has 20 seconds left.\n|\n|t:|1776212723\n|move|p2a: Aerodactyl|Tailwind|p2a: Aerodactyl\n|-sidestart|p2: jenzz2|move: Tailwind\n|move|p2b: Tyranitar|Rock Slide|p1b: Incineroar|[spread] p1a,p1b\n|-supereffective|p1b: Incineroar|1\n|-damage|p1a: Floette|62/100\n|-damage|p1b: Incineroar|27/100\n|cant|p1a: Floette|flinch\n|move|p1b: Incineroar|Flare Blitz|p2a: Aerodactyl\n|-resisted|p2a: Aerodactyl|1\n|-damage|p2a: Aerodactyl|61/100\n|-damage|p1b: Incineroar|15/100|[from] Recoil\n|\n|-weather|Sandstorm|[upkeep]\n|-damage|p1a: Floette|56/100|[from] Sandstorm\n|-damage|p1b: Incineroar|9/100|[from] Sandstorm\n|upkeep\n|turn|3\n|inactive|jenzz2 has 30 seconds left.\n|\n|t:|1776212756\n|switch|p2b: Pelipper|Pelipper, L50, M|100/100\n|-weather|RainDance|[from] ability: Drizzle|[of] p2b: Pelipper\n|move|p1a: Floette|Protect|p1a: Floette\n|-singleturn|p1a: Floette|Protect\n|move|p2a: Aerodactyl|Rock Slide|p1b: Incineroar|[spread] p1b\n|-activate|p1a: Floette|move: Protect\n|-supereffective|p1b: Incineroar|1\n|-damage|p1b: Incineroar|0 fnt\n|faint|p1b: Incineroar\n|\n|-weather|RainDance|[upkeep]\n|upkeep\n|\n|t:|1776212773\n|switch|p1b: Sinistcha|Sinistcha, L50|100/100\n|-heal|p1a: Floette|81/100|[from] ability: Hospitality|[of] p1b: Sinistcha\n|turn|4\n|inactive|jenzz2 has 30 seconds left.\n|\n|t:|1776212800\n|switch|p1b: Kingambit|Kingambit, L50, F|100/100\n|move|p2a: Aerodactyl|Rock Slide|p1b: Kingambit|[spread] p1a,p1b\n|-resisted|p1b: Kingambit|1\n|-damage|p1a: Floette|57/100\n|-damage|p1b: Kingambit|95/100\n|move|p2b: Pelipper|Hurricane|p1b: Kingambit\n|-resisted|p1b: Kingambit|1\n|-damage|p1b: Kingambit|71/100\n|cant|p1a: Floette|flinch\n|\n|-weather|RainDance|[upkeep]\n|upkeep\n|turn|5\n|inactive|jenzz2 has 30 seconds left.\n|inactive|jenzz2 has 20 seconds left.\n|\n|t:|1776212840\n|switch|p1b: Sinistcha|Sinistcha, L50|100/100\n|-heal|p1a: Floette|81/100|[from] ability: Hospitality|[of] p1b: Sinistcha\n|move|p2a: Aerodactyl|Protect|p2a: Aerodactyl\n|-singleturn|p2a: Aerodactyl|Protect\n|move|p2b: Pelipper|Hurricane|p1a: Floette\n|-damage|p1a: Floette|53/100\n|-start|p1a: Floette|confusion\n|-activate|p1a: Floette|confusion\n|-damage|p1a: Floette|44/100|[from] confusion\n|\n|-weather|RainDance|[upkeep]\n|-sideend|p2: jenzz2|move: Tailwind\n|upkeep\n|turn|6\n|inactive|jenzz2 has 30 seconds left.\n|\n|t:|1776212865\n|move|p2a: Aerodactyl|Dual Wingbeat|p1b: Sinistcha\n|-supereffective|p1b: Sinistcha|1\n|-damage|p1b: Sinistcha|84/100\n|-supereffective|p1b: Sinistcha|1\n|-damage|p1b: Sinistcha|67/100\n|-hitcount|p1b: Sinistcha|2\n|move|p2b: Pelipper|Hurricane|p1b: Sinistcha\n|-supereffective|p1b: Sinistcha|1\n|-damage|p1b: Sinistcha|0 fnt\n|faint|p1b: Sinistcha\n|-activate|p1a: Floette|confusion\n|-damage|p1a: Floette|34/100|[from] confusion\n|\n|-weather|RainDance|[upkeep]\n|upkeep\n|c|\u2606zoan lover|omg\n|c|\u2606zoan lover|hagshagshas\n|\n|t:|1776212879\n|switch|p1b: Kingambit|Kingambit, L50, F|71/100\n|turn|7\n|\n|t:|1776212893\n|move|p1b: Kingambit|Sucker Punch||[still]\n|-fail|p1b: Kingambit\n|move|p2a: Aerodactyl|Tailwind|p2a: Aerodactyl\n|-sidestart|p2: jenzz2|move: Tailwind\n|move|p2b: Pelipper|Hurricane|p1a: Floette\n|-damage|p1a: Floette|8/100\n|-activate|p1a: Floette|confusion\n|-damage|p1a: Floette|0 fnt|[from] confusion\n|faint|p1a: Floette\n|\n|-weather|none\n|upkeep\n|turn|8\n|c|\u2606zoan lover|damn\n|c|\u2606zoan lover|ggs\n|c|\u2606jenzz2|Dude!\n|inactive|zoan lover has 30 seconds left.\n|inactive|jenzz2 has 30 seconds left.\n|c|\u2606jenzz2|Rng was crazy\n|c|\u2606zoan lover|gotta keep this video xd\n|inactive|jenzz2 has 20 seconds left.\n|c|\u2606jenzz2|Bro I need to save it lol\n|inactive|jenzz2 has 15 seconds left.\n|c|\u2606jenzz2|Ggs\n|inactive|jenzz2 has 10 seconds left.\n|\n|t:|1776212941\n|move|p1b: Kingambit|Sucker Punch|p2a: Aerodactyl\n|-damage|p2a: Aerodactyl|0 fnt\n|faint|p2a: Aerodactyl\n|move|p2b: Pelipper|Hurricane|p1b: Kingambit\n|-resisted|p1b: Kingambit|1\n|-damage|p1b: Kingambit|49/100\n|\n|upkeep\n|\n|t:|1776212950\n|switch|p2a: Tyranitar|Tyranitar-Mega, L50, M|100/100\n|-weather|Sandstorm|[from] ability: Sand Stream|[of] p2a: Tyranitar\n|turn|9\n|\n|t:|1776212956\n|switch|p2b: Basculegion|Basculegion, L50, M|100/100\n|move|p2a: Tyranitar|Low Kick|p1b: Kingambit\n|-supereffective|p1b: Kingambit|2\n|-damage|p1b: Kingambit|0 fnt\n|faint|p1b: Kingambit\n|\n|win|jenzz2\n|raw|zoan lover's rating: 1154 &rarr; <strong>1136</strong><br />(-18 for losing)\n|raw|jenzz2's rating: 1249 &rarr; <strong>1267</strong><br />(+18 for winning)\n|l|\u2606zoan lover\n|player|p1|\n",
  "uploadtime": 1776212975,
  "views": 60,
  "formatid": "gen9championsvgc2026regma",
  "rating": 1136,
  "private": 0,
  "password": null
}