{
  "id": "gen9championsvgc2026regma-2583135526",
  "format": "[Gen 9 Champions] VGC 2026 Reg M-A",
  "players": [
    "RedyVGC",
    "Novicebest"
  ],
  "log": "|j|\u2606RedyVGC\n|j|\u2606Novicebest\n|t:|1776146301\n|gametype|doubles\n|player|p1|RedyVGC|gambler|1326\n|player|p2|Novicebest|dawn|1376\n|gen|9\n|tier|[Gen 9 Champions] VGC 2026 Reg M-A\n|rated|\n|rule|Species Clause: Limit one of each Pok\u00e9mon\n|rule|Item Clause: Limit 1 of each item\n|clearpoke\n|poke|p1|Charizard, L50, M|\n|poke|p1|Garchomp, L50, F|\n|poke|p1|Basculegion, L50, M|\n|poke|p1|Incineroar, L50, F|\n|poke|p1|Venusaur, L50, M|\n|poke|p1|Sneasler, L50, F|\n|poke|p2|Kingambit, L50, F|\n|poke|p2|Gengar, L50, M|\n|poke|p2|Kommo-o, L50, F|\n|poke|p2|Politoed, L50, M|\n|poke|p2|Incineroar, L50, F|\n|poke|p2|Basculegion, L50, M|\n|teampreview|4\n|inactive|Battle timer is ON: inactive players will automatically lose when time's up. (requested by RedyVGC)\nRedyVGC has agreed to open team sheets.\n|inactive|RedyVGC has 60 seconds left.\n|inactive|Novicebest has 60 seconds left.\n|inactive|Novicebest has 30 seconds left.\n|\n|t:|1776146375\n|teamsize|p1|4\n|teamsize|p2|4\n|start\n|switch|p1a: Charizard|Charizard, L50, M|100/100\n|switch|p1b: Venusaur|Venusaur, L50, M|100/100\n|switch|p2a: Incineroar|Incineroar, L50, F|100/100\n|switch|p2b: Gengar|Gengar, L50, M|100/100\n|-ability|p2a: Incineroar|Intimidate|boost\n|-unboost|p1a: Charizard|atk|1\n|-unboost|p1b: Venusaur|atk|1\n|turn|1\n|inactive|RedyVGC has 30 seconds left.\n|\n|t:|1776146407\n|switch|p1a: Garchomp|Garchomp, L50, F|100/100\n|switch|p1b: Sneasler|Sneasler, L50, F|100/100\n|detailschange|p2b: Gengar|Gengar-Mega, L50, M\n|-mega|p2b: Gengar|Gengar|Gengarite\n|move|p2a: Incineroar|Fake Out|p1b: Sneasler\n|-damage|p1b: Sneasler|84/100\n|move|p2b: Gengar|Perish Song|p2b: Gengar\n|-start|p1a: Garchomp|perish3|[silent]\n|-start|p1b: Sneasler|perish3|[silent]\n|-start|p2a: Incineroar|perish3|[silent]\n|-start|p2b: Gengar|perish3|[silent]\n|-fieldactivate|move: Perish Song\n|\n|-start|p2b: Gengar|perish3\n|-start|p1b: Sneasler|perish3\n|-start|p1a: Garchomp|perish3\n|-start|p2a: Incineroar|perish3\n|upkeep\n|turn|2\n|inactive|RedyVGC has 30 seconds left.\n|inactive|Novicebest has 30 seconds left.\n|\n|t:|1776146440\n|move|p2b: Gengar|Protect|p2b: Gengar\n|-singleturn|p2b: Gengar|Protect\n|move|p1b: Sneasler|Protect|p1b: Sneasler\n|-singleturn|p1b: Sneasler|Protect\n|move|p2a: Incineroar|Protect|p2a: Incineroar\n|-singleturn|p2a: Incineroar|Protect\n|move|p1a: Garchomp|Earthquake|p2a: Incineroar|[spread] \n|-activate|p1b: Sneasler|move: Protect\n|-activate|p2a: Incineroar|move: Protect\n|-activate|p2b: Gengar|move: Protect\n|\n|-start|p2b: Gengar|perish2\n|-start|p1b: Sneasler|perish2\n|-start|p1a: Garchomp|perish2\n|-start|p2a: Incineroar|perish2\n|upkeep\n|turn|3\n|inactive|RedyVGC has 30 seconds left.\n|inactive|RedyVGC has 20 seconds left.\n|inactive|RedyVGC has 15 seconds left.\n|inactive|RedyVGC has 10 seconds left.\n|\n|t:|1776146488\n|switch|p2b: Kommo-o|Kommo-o, L50, F|100/100\n|move|p1b: Sneasler|Dire Claw|p2a: Incineroar\n|-damage|p2a: Incineroar|66/100\n|move|p1a: Garchomp|Earthquake|p2b: Kommo-o|[spread] p1b,p2a,p2b\n|-supereffective|p1b: Sneasler|1\n|-supereffective|p2a: Incineroar|1\n|-damage|p1b: Sneasler|0 fnt\n|-damage|p2a: Incineroar|10/100\n|-damage|p2b: Kommo-o|63/100\n|-enditem|p2a: Incineroar|Sitrus Berry|[eat]\n|-heal|p2a: Incineroar|35/100|[from] item: Sitrus Berry\n|faint|p1b: Sneasler\n|move|p2a: Incineroar|Parting Shot|p1a: Garchomp\n|-unboost|p1a: Garchomp|atk|1\n|-unboost|p1a: Garchomp|spa|1\n|\n|t:|1776146504\n|switch|p2a: Gengar|Gengar-Mega, L50, M|100/100|[from] Parting Shot\n|\n|-start|p1a: Garchomp|perish1\n|upkeep\n|\n|t:|1776146518\n|switch|p1b: Venusaur|Venusaur, L50, M|100/100\n|turn|4\n|\n|t:|1776146542\n|move|p2a: Gengar|Protect|p2a: Gengar\n|-singleturn|p2a: Gengar|Protect\n|move|p1a: Garchomp|Dragon Claw|p2b: Kommo-o\n|-supereffective|p2b: Kommo-o|1\n|-damage|p2b: Kommo-o|4/100\n|move|p2b: Kommo-o|Clanging Scales|p1a: Garchomp|[spread] p1a,p1b\n|-supereffective|p1a: Garchomp|1\n|-enditem|p1a: Garchomp|Haban Berry|[eat]\n|-enditem|p1a: Garchomp|Haban Berry|[weaken]\n|-crit|p1b: Venusaur\n|-damage|p1a: Garchomp|55/100\n|-damage|p1b: Venusaur|16/100\n|-unboost|p2b: Kommo-o|def|1\n|move|p1b: Venusaur|Earth Power|p2a: Gengar\n|-activate|p2a: Gengar|move: Protect\n|\n|-start|p1a: Garchomp|perish0\n|faint|p1a: Garchomp\n|upkeep\n|\n|t:|1776146549\n|switch|p1a: Charizard|Charizard, L50, M|100/100\n|turn|5\n|\n|t:|1776146570\n|detailschange|p1a: Charizard|Charizard-Mega-Y, L50, M\n|-mega|p1a: Charizard|Charizard|Charizardite Y\n|-weather|SunnyDay|[from] ability: Drought|[of] p1a: Charizard\n|move|p1b: Venusaur|Earth Power|p2b: Kommo-o\n|-damage|p2b: Kommo-o|0 fnt\n|faint|p2b: Kommo-o\n|move|p2a: Gengar|Shadow Ball|p1b: Venusaur\n|-damage|p1b: Venusaur|0 fnt\n|faint|p1b: Venusaur\n|move|p1a: Charizard|Heat Wave|p2a: Gengar\n|-damage|p2a: Gengar|0 fnt\n|faint|p2a: Gengar\n|\n|-weather|SunnyDay|[upkeep]\n|upkeep\n|\n|t:|1776146586\n|switch|p2a: Incineroar|Incineroar, L50, F|35/100\n|switch|p2b: Politoed|Politoed, L50, M|100/100\n|-weather|RainDance|[from] ability: Drizzle|[of] p2b: Politoed\n|-ability|p2a: Incineroar|Intimidate|boost\n|-unboost|p1a: Charizard|atk|1\n|turn|6\n|\n|t:|1776146595\n|move|p1a: Charizard|Protect|p1a: Charizard\n|-singleturn|p1a: Charizard|Protect\n|move|p2a: Incineroar|Fake Out|p1a: Charizard\n|-activate|p1a: Charizard|move: Protect\n|move|p2b: Politoed|Weather Ball|p1a: Charizard\n|-activate|p1a: Charizard|move: Protect\n|\n|-weather|RainDance|[upkeep]\n|upkeep\n|turn|7\n|\n|t:|1776146606\n|move|p1a: Charizard|Air Slash|p2b: Politoed\n|-damage|p2b: Politoed|67/100\n|move|p2b: Politoed|Weather Ball|p1a: Charizard\n|-supereffective|p1a: Charizard|1\n|-damage|p1a: Charizard|6/100\n|move|p2a: Incineroar|Parting Shot|p1a: Charizard\n|-unboost|p1a: Charizard|atk|1\n|-unboost|p1a: Charizard|spa|1\n|\n|-weather|RainDance|[upkeep]\n|-heal|p2b: Politoed|73/100|[from] item: Leftovers\n|upkeep\n|turn|8\n|\n|t:|1776146619\n|move|p1a: Charizard|Protect|p1a: Charizard\n|-singleturn|p1a: Charizard|Protect\n|move|p2b: Politoed|Weather Ball|p1a: Charizard\n|-activate|p1a: Charizard|move: Protect\n|move|p2a: Incineroar|Throat Chop|p1a: Charizard\n|-activate|p1a: Charizard|move: Protect\n|\n|-weather|RainDance|[upkeep]\n|-heal|p2b: Politoed|79/100|[from] item: Leftovers\n|upkeep\n|turn|9\n|-message|RedyVGC forfeited.\n|\n|win|Novicebest\n|raw|RedyVGC's rating: 1326 &rarr; <strong>1309</strong><br />(-17 for losing)\n|raw|Novicebest's rating: 1376 &rarr; <strong>1393</strong><br />(+17 for winning)\n|l|\u2606RedyVGC\n|player|p1|\n",
  "uploadtime": 1776146623,
  "views": 30,
  "formatid": "gen9championsvgc2026regma",
  "rating": 1309,
  "private": 0,
  "password": null
}