{
  "id": "gen9championsvgc2026regma-2582977129",
  "format": "[Gen 9 Champions] VGC 2026 Reg M-A",
  "players": [
    "chap10thanghph",
    "bookworm2818"
  ],
  "log": "|j|\u2606chap10thanghph\n|j|\u2606bookworm2818\n|t:|1776130125\n|gametype|doubles\n|player|p1|chap10thanghph|lucas-gen4pt|1000\n|player|p2|bookworm2818|101|1003\n|gen|9\n|tier|[Gen 9 Champions] VGC 2026 Reg M-A\n|rated|\n|rule|Species Clause: Limit one of each Pok\u00e9mon\n|rule|Item Clause: Limit 1 of each item\n|clearpoke\n|poke|p1|Incineroar, L50, M|\n|poke|p1|Oranguru, L50, F|\n|poke|p1|Torkoal, L50, F|\n|poke|p1|Crabominable, L50, F|\n|poke|p1|Sinistcha-Masterpiece, L50|\n|poke|p1|Sylveon, L50, F|\n|poke|p2|Hawlucha, L50, F|\n|poke|p2|Vanilluxe, L50, F|\n|poke|p2|Aerodactyl, L50, F|\n|poke|p2|Sylveon, L50, M|\n|poke|p2|Basculegion, L50, M|\n|poke|p2|Volcarona, L50, F|\n|teampreview|4\n|inactive|Battle timer is ON: inactive players will automatically lose when time's up. (requested by chap10thanghph)\n|\n|t:|1776130145\n|teamsize|p1|4\n|teamsize|p2|4\n|start\n|switch|p1a: Incineroar|Incineroar, L50, M|100/100\n|switch|p1b: Oranguru|Oranguru, L50, F|100/100\n|switch|p2a: Kris|Hawlucha, L50, F, shiny|100/100\n|switch|p2b: Noelle|Vanilluxe, L50, F|100/100\n|-ability|p2a: Kris|Mold Breaker\n|-weather|Snowscape|[from] ability: Snow Warning|[of] p2b: Noelle\n|-ability|p1a: Incineroar|Intimidate|boost\n|-unboost|p2a: Kris|atk|1\n|-unboost|p2b: Noelle|atk|1\n|turn|1\n|\n|t:|1776130170\n|detailschange|p2a: Kris|Hawlucha-Mega, L50, F, shiny\n|-mega|p2a: Kris|Hawlucha|Hawluchanite\n|move|p2a: Kris|Entrainment|p2b: Noelle\n|-ability|p2b: Noelle|No Guard|Snow Warning|[from] move: Entrainment|[of] p2a: Kris\n|move|p2b: Noelle|Aurora Veil|p2b: Noelle\n|-sidestart|p2: bookworm2818|move: Aurora Veil\n|move|p1a: Incineroar|Parting Shot|p2a: Kris\n|-unboost|p2a: Kris|atk|1\n|-unboost|p2a: Kris|spa|1\n|\n|t:|1776130181\n|switch|p1a: Crabominable|Crabominable, L50, F|100/100|[from] Parting Shot\n|move|p1b: Oranguru|Trick Room|p1b: Oranguru\n|-fieldstart|move: Trick Room|[of] p1b: Oranguru\n|\n|-weather|Snowscape|[upkeep]\n|upkeep\n|turn|2\n|\n|t:|1776130202\n|detailschange|p1a: Crabominable|Crabominable-Mega, L50, F\n|-mega|p1a: Crabominable|Crabominable|Crabominite\n|move|p1a: Crabominable|Crabhammer|p2b: Noelle\n|-damage|p2b: Noelle|83/100\n|move|p1b: Oranguru|Instruct|p1a: Crabominable\n|-singleturn|p1a: Crabominable|move: Instruct|[of] p1b: Oranguru\n|move|p1a: Crabominable|Crabhammer|p2b: Noelle\n|-damage|p2b: Noelle|66/100\n|move|p2b: Noelle|Sheer Cold|p1b: Oranguru\n|-damage|p1b: Oranguru|0 fnt\n|faint|p1b: Oranguru\n|-ohko\n|move|p2a: Kris|High Jump Kick|p1a: Crabominable\n|-supereffective|p1a: Crabominable|1\n|-damage|p1a: Crabominable|62/100\n|\n|-weather|Snowscape|[upkeep]\n|-heal|p2b: Noelle|72/100|[from] item: Leftovers\n|upkeep\n|\n|t:|1776130217\n|switch|p1b: Incineroar|Incineroar, L50, M|100/100\n|-ability|p1b: Incineroar|Intimidate|boost\n|-unboost|p2a: Kris|atk|1\n|-unboost|p2b: Noelle|atk|1\n|turn|3\n|\n|t:|1776130236\n|move|p1b: Incineroar|Fake Out|p2b: Noelle\n|-damage|p2b: Noelle|67/100\n|move|p1a: Crabominable|Close Combat|p2b: Noelle\n|-supereffective|p2b: Noelle|1\n|-damage|p2b: Noelle|3/100\n|-unboost|p1a: Crabominable|def|1\n|-unboost|p1a: Crabominable|spd|1\n|cant|p2b: Noelle|flinch\n|move|p2a: Kris|Encore|p1b: Incineroar\n|-start|p1b: Incineroar|Encore\n|\n|-weather|Snowscape|[upkeep]\n|-heal|p2b: Noelle|9/100|[from] item: Leftovers\n|upkeep\n|turn|4\n|inactive|chap10thanghph has 30 seconds left.\n|inactive|bookworm2818 has 30 seconds left.\n|inactive|chap10thanghph has 20 seconds left.\n|inactive|chap10thanghph has 15 seconds left.\n|inactive|chap10thanghph has 10 seconds left.\n|inactive|chap10thanghph has 5 seconds left.\n|\n|t:|1776130286\n|switch|p1b: Sinistcha|Sinistcha-Masterpiece, L50|100/100\n|-heal|p1a: Crabominable|87/100|[from] ability: Hospitality|[of] p1b: Sinistcha\n|move|p1a: Crabominable|Crabhammer|p2b: Noelle\n|-damage|p2b: Noelle|0 fnt\n|faint|p2b: Noelle\n|move|p2a: Kris|High Jump Kick|p1a: Crabominable\n|-supereffective|p1a: Crabominable|1\n|-damage|p1a: Crabominable|42/100\n|\n|-weather|Snowscape|[upkeep]\n|upkeep\n|\n|t:|1776130303\n|switch|p2b: Susie|Aerodactyl, L50, F|100/100\n|-ability|p2b: Susie|Unnerve\n|turn|5\n|inactive|chap10thanghph has 30 seconds left.\n|\n|t:|1776130330\n|move|p2b: Susie|Protect|p2b: Susie\n|-singleturn|p2b: Susie|Protect\n|move|p1a: Crabominable|Crabhammer|p2b: Susie\n|-activate|p2b: Susie|move: Protect\n|move|p1b: Sinistcha|Life Dew||[still]|[spread] p1a,p1b\n|-heal|p1a: Crabominable|67/100\n|-fail|p1b: Sinistcha|heal\n|move|p2a: Kris|High Jump Kick|p1a: Crabominable\n|-supereffective|p1a: Crabominable|1\n|-damage|p1a: Crabominable|20/100\n|\n|-weather|none\n|-sideend|p2: bookworm2818|move: Aurora Veil\n|-fieldend|move: Trick Room\n|upkeep\n|turn|6\n|inactive|chap10thanghph has 30 seconds left.\n|\n|t:|1776130364\n|switch|p1a: Incineroar|Incineroar, L50, M|100/100\n|-ability|p1a: Incineroar|Intimidate|boost\n|-unboost|p2a: Kris|atk|1\n|-unboost|p2b: Susie|atk|1\n|move|p2b: Susie|Tailwind|p2b: Susie\n|-sidestart|p2: bookworm2818|move: Tailwind\n|move|p2a: Kris|High Jump Kick|p1a: Incineroar\n|-supereffective|p1a: Incineroar|1\n|-damage|p1a: Incineroar|58/100\n|move|p1b: Sinistcha|Matcha Gotcha|p2a: Kris|[spread] p2a,p2b\n|-resisted|p2a: Kris|1\n|-crit|p2a: Kris\n|-damage|p2a: Kris|79/100\n|-damage|p2b: Susie|68/100\n|-status|p2a: Kris|brn\n|-status|p2b: Susie|brn\n|\n|-damage|p2b: Susie|62/100 brn|[from] brn\n|-damage|p2a: Kris|73/100 brn|[from] brn\n|upkeep\n|turn|7\n|inactive|chap10thanghph has 30 seconds left.\n|inactive|bookworm2818 has 30 seconds left.\n|\n|t:|1776130396\n|move|p2b: Susie|Earthquake|p1b: Sinistcha|[spread] p1a,p1b\n|-immune|p2a: Kris\n|-supereffective|p1a: Incineroar|1\n|-resisted|p1b: Sinistcha|1\n|-damage|p1a: Incineroar|44/100\n|-damage|p1b: Sinistcha|98/100\n|move|p2a: Kris|High Jump Kick|p1a: Incineroar\n|-supereffective|p1a: Incineroar|1\n|-damage|p1a: Incineroar|21/100\n|move|p1b: Sinistcha|Matcha Gotcha|p2b: Susie|[spread] p2a,p2b\n|-resisted|p2a: Kris|1\n|-crit|p2a: Kris\n|-damage|p2a: Kris|48/100 brn\n|-heal|p1b: Sinistcha|100/100|[from] drain|[of] p2a: Kris\n|-damage|p2b: Susie|29/100 brn\n|move|p1a: Incineroar|Flare Blitz|p2a: Kris\n|-damage|p2a: Kris|0 fnt\n|faint|p2a: Kris\n|-damage|p1a: Incineroar|9/100|[from] Recoil\n|\n|-damage|p2b: Susie|23/100 brn|[from] brn\n|upkeep\n|\n|t:|1776130419\n|switch|p2a: Lancer|Basculegion, L50, M|100/100\n|turn|8\n|\n|t:|1776130432\n|move|p2b: Susie|Protect|p2b: Susie\n|-singleturn|p2b: Susie|Protect\n|move|p1b: Sinistcha|Rage Powder|p1b: Sinistcha\n|-singleturn|p1b: Sinistcha|move: Rage Powder\n|move|p2a: Lancer|Last Respects|p1b: Sinistcha\n|-supereffective|p1b: Sinistcha|1\n|-damage|p1b: Sinistcha|0 fnt\n|faint|p1b: Sinistcha\n|move|p1a: Incineroar|Snarl|p2a: Lancer|[spread] p2a\n|-activate|p2b: Susie|move: Protect\n|-supereffective|p2a: Lancer|1\n|-damage|p2a: Lancer|79/100\n|-unboost|p2a: Lancer|spa|1\n|\n|-damage|p2b: Susie|17/100 brn|[from] brn\n|upkeep\n|\n|t:|1776130440\n|switch|p1b: Crabominable|Crabominable-Mega, L50, F|20/100\n|turn|9\n|-message|chap10thanghph forfeited.\n|\n|win|bookworm2818\n|raw|chap10thanghph's rating: 1000 &rarr; <strong>1000</strong><br />(+0 for losing)\n|raw|bookworm2818's rating: 1003 &rarr; <strong>1042</strong><br />(+39 for winning)\n|l|\u2606chap10thanghph\n|player|p1|\n",
  "uploadtime": 1776130467,
  "views": 13,
  "formatid": "gen9championsvgc2026regma",
  "rating": 1000,
  "private": 0,
  "password": null
}