{
  "id": "gen9championsvgc2026regma-2581194283",
  "format": "[Gen 9 Champions] VGC 2026 Reg M-A",
  "players": [
    "gulpin on ya",
    "Sceptilicious"
  ],
  "log": "|j|\u2606gulpin on ya\n|j|\u2606Sceptilicious\n|t:|1775969340\n|gametype|doubles\n|player|p1|gulpin on ya|plasmagrunt-gen5bw|1094\n|player|p2|Sceptilicious|266|1080\n|gen|9\n|tier|[Gen 9 Champions] VGC 2026 Reg M-A\n|rated|\n|rule|Species Clause: Limit one of each Pok\u00e9mon\n|rule|Item Clause: Limit 1 of each item\n|clearpoke\n|poke|p1|Manectric, L50, M|\n|poke|p1|Archaludon, L50, F|\n|poke|p1|Pelipper, L50, M|\n|poke|p1|Incineroar, L50, F|\n|poke|p1|Sneasler, L50, F|\n|poke|p1|Basculegion, L50, M|\n|poke|p2|Sinistcha, L50|\n|poke|p2|Dragonite, L50, M|\n|poke|p2|Milotic, L50, F|\n|poke|p2|Incineroar, L50, F|\n|poke|p2|Rotom-Wash, L50|\n|poke|p2|Maushold, L50|\n|teampreview|4\n|\n|t:|1775969373\n|teamsize|p1|4\n|teamsize|p2|4\n|start\n|switch|p1a: Pelipper|Pelipper, L50, M|100/100\n|switch|p1b: Archaludon|Archaludon, L50, F|100/100\n|switch|p2a: Nicole|Dragonite, L50, M, shiny|100/100\n|switch|p2b: Lucy|Milotic, L50, F, shiny|100/100\n|-weather|RainDance|[from] ability: Drizzle|[of] p1a: Pelipper\n|turn|1\n|inactive|Battle timer is ON: inactive players will automatically lose when time's up. (requested by gulpin on ya)\n|\n|t:|1775969407\n|detailschange|p2a: Nicole|Dragonite-Mega, L50, M, shiny\n|-mega|p2a: Nicole|Dragonite|Dragoninite\n|move|p1b: Archaludon|Protect|p1b: Archaludon\n|-singleturn|p1b: Archaludon|Protect\n|move|p2a: Nicole|Draco Meteor|p1b: Archaludon\n|-activate|p1b: Archaludon|move: Protect\n|move|p1a: Pelipper|Tailwind|p1a: Pelipper\n|-sidestart|p1: gulpin on ya|move: Tailwind\n|move|p2b: Lucy|Icy Wind|p1a: Pelipper|[spread] p1a\n|-activate|p1b: Archaludon|move: Protect\n|-damage|p1a: Pelipper|83/100\n|-unboost|p1a: Pelipper|spe|1\n|\n|-weather|RainDance|[upkeep]\n|upkeep\n|turn|2\n|\n|t:|1775969425\n|switch|p2b: Tea Time|Sinistcha, L50|100/100\n|move|p2a: Nicole|Protect|p2a: Nicole\n|-singleturn|p2a: Nicole|Protect\n|move|p1b: Archaludon|Draco Meteor|p2a: Nicole\n|-activate|p2a: Nicole|move: Protect\n|move|p1a: Pelipper|Hurricane|p2b: Tea Time\n|-supereffective|p2b: Tea Time|1\n|-damage|p2b: Tea Time|2/100\n|-enditem|p2b: Tea Time|Sitrus Berry|[eat]\n|-heal|p2b: Tea Time|27/100|[from] item: Sitrus Berry\n|\n|-weather|RainDance|[upkeep]\n|upkeep\n|turn|3\n|inactive|Sceptilicious has 30 seconds left.\n|\n|t:|1775969450\n|move|p2b: Tea Time|Rage Powder|p2b: Tea Time\n|-singleturn|p2b: Tea Time|move: Rage Powder\n|move|p1b: Archaludon|Electro Shot||[still]\n|-prepare|p1b: Archaludon|Electro Shot\n|-boost|p1b: Archaludon|spa|1\n|-anim|p1b: Archaludon|Electro Shot|p2b: Tea Time\n|-resisted|p2b: Tea Time|1\n|-damage|p2b: Tea Time|0 fnt\n|faint|p2b: Tea Time\n|move|p2a: Nicole|Draco Meteor|p1b: Archaludon\n|-damage|p1b: Archaludon|0 fnt\n|-unboost|p2a: Nicole|spa|2\n|faint|p1b: Archaludon\n|move|p1a: Pelipper|Hurricane|p2a: Nicole\n|-damage|p2a: Nicole|80/100\n|-start|p2a: Nicole|confusion\n|\n|-weather|RainDance|[upkeep]\n|upkeep\n|\n|t:|1775969469\n|switch|p1b: Sneasler|Sneasler, L50, F|100/100\n|switch|p2b: The Trickster|Rotom-Wash, L50|100/100\n|turn|4\n|\n|t:|1775969485\n|switch|p2a: Lucy|Milotic, L50, F, shiny|100/100\n|move|p1a: Pelipper|Protect|p1a: Pelipper\n|-singleturn|p1a: Pelipper|Protect\n|move|p1b: Sneasler|Dire Claw|p2a: Lucy\n|-damage|p2a: Lucy|59/100\n|move|p2b: The Trickster|Will-O-Wisp|p1b: Sneasler\n|-status|p1b: Sneasler|brn\n|-enditem|p1b: Sneasler|Lum Berry|[eat]\n|-curestatus|p1b: Sneasler|brn|[msg]\n|\n|-weather|RainDance|[upkeep]\n|-sideend|p1: gulpin on ya|move: Tailwind\n|upkeep\n|turn|5\n|\n|t:|1775969503\n|switch|p1a: Basculegion|Basculegion, L50, M|100/100\n|move|p1b: Sneasler|Dire Claw|p2a: Lucy\n|-damage|p2a: Lucy|18/100\n|move|p2b: The Trickster|Will-O-Wisp|p2a: Lucy\n|-status|p2a: Lucy|brn\n|move|p2a: Lucy|Recover|p2a: Lucy\n|-heal|p2a: Lucy|68/100 brn\n|\n|-weather|none\n|-damage|p2a: Lucy|62/100 brn|[from] brn\n|upkeep\n|turn|6\n|inactive|gulpin on ya has 30 seconds left.\n|inactive|gulpin on ya has 20 seconds left.\n|inactive|gulpin on ya has 15 seconds left.\n|inactive|gulpin on ya has 10 seconds left.\n|inactive|gulpin on ya has 5 seconds left.\n|\n|t:|1775969557\n|move|p1b: Sneasler|Dire Claw|p2a: Lucy\n|-damage|p2a: Lucy|35/100 brn\n|move|p1a: Basculegion|Phantom Force||[still]\n|-prepare|p1a: Basculegion|Phantom Force\n|move|p2b: The Trickster|Will-O-Wisp|p1a: Basculegion|[miss]\n|-miss|p2b: The Trickster|p1a: Basculegion\n|move|p2a: Lucy|Recover|p2a: Lucy\n|-heal|p2a: Lucy|85/100 brn\n|\n|-damage|p2a: Lucy|79/100 brn|[from] brn\n|upkeep\n|turn|7\n|inactive|Sceptilicious has 30 seconds left.\n|\n|t:|1775969583\n|move|p1b: Sneasler|Dire Claw|p2b: The Trickster\n|-damage|p2b: The Trickster|58/100\n|-status|p2b: The Trickster|psn\n|move|p1a: Basculegion|Phantom Force|p2b: The Trickster|[from] lockedmove\n|-damage|p2b: The Trickster|9/100 psn\n|move|p2b: The Trickster|Volt Switch|p1a: Basculegion\n|-supereffective|p1a: Basculegion|1\n|-damage|p1a: Basculegion|45/100\n|\n|t:|1775969593\n|switch|p2b: Nicole|Dragonite-Mega, L50, M, shiny|80/100|[from] Volt Switch\n|move|p2a: Lucy|Icy Wind|p1b: Sneasler|[spread] p1a,p1b\n|-resisted|p1a: Basculegion|1\n|-damage|p1a: Basculegion|39/100\n|-damage|p1b: Sneasler|88/100\n|-unboost|p1a: Basculegion|spe|1\n|-unboost|p1b: Sneasler|spe|1\n|\n|-damage|p2a: Lucy|73/100 brn|[from] brn\n|upkeep\n|turn|8\n|\n|t:|1775969608\n|switch|p1b: Pelipper|Pelipper, L50, M|83/100\n|-weather|RainDance|[from] ability: Drizzle|[of] p1b: Pelipper\n|move|p1a: Basculegion|Phantom Force||[still]\n|-prepare|p1a: Basculegion|Phantom Force\n|move|p2b: Nicole|Draco Meteor|p1b: Pelipper\n|-damage|p1b: Pelipper|0 fnt\n|-unboost|p2b: Nicole|spa|2\n|faint|p1b: Pelipper\n|move|p2a: Lucy|Scald|p1a: Basculegion|[miss]\n|-miss|p2a: Lucy|p1a: Basculegion\n|\n|-weather|RainDance|[upkeep]\n|-damage|p2a: Lucy|68/100 brn|[from] brn\n|upkeep\n|\n|t:|1775969622\n|switch|p1b: Sneasler|Sneasler, L50, F|88/100\n|turn|9\n|\n|t:|1775969630\n|switch|p2b: The Trickster|Rotom-Wash, L50|9/100 psn\n|move|p1b: Sneasler|Fake Out|p2b: The Trickster\n|-damage|p2b: The Trickster|0 fnt\n|faint|p2b: The Trickster\n|move|p1a: Basculegion|Phantom Force|p2a: Lucy|[from] lockedmove\n|-damage|p2a: Lucy|41/100 brn\n|move|p2a: Lucy|Recover|p2a: Lucy\n|-heal|p2a: Lucy|91/100 brn\n|\n|-weather|RainDance|[upkeep]\n|-damage|p2a: Lucy|85/100 brn|[from] brn\n|upkeep\n|\n|t:|1775969641\n|switch|p2b: Nicole|Dragonite-Mega, L50, M, shiny|80/100\n|turn|10\n|inactive|gulpin on ya has 30 seconds left.\n|\n|t:|1775969674\n|move|p2b: Nicole|Protect|p2b: Nicole\n|-singleturn|p2b: Nicole|Protect\n|move|p1a: Basculegion|Phantom Force||[still]\n|-prepare|p1a: Basculegion|Phantom Force\n|move|p1b: Sneasler|Dire Claw|p2a: Lucy\n|-damage|p2a: Lucy|55/100 brn\n|move|p2a: Lucy|Icy Wind|p1a: Basculegion|[spread] p1b\n|-miss|p2a: Lucy|p1a: Basculegion\n|-damage|p1b: Sneasler|74/100\n|-unboost|p1b: Sneasler|spe|1\n|\n|-weather|RainDance|[upkeep]\n|-damage|p2a: Lucy|49/100 brn|[from] brn\n|upkeep\n|turn|11\n|\n|t:|1775969697\n|move|p1a: Basculegion|Phantom Force|p2b: Nicole|[from] lockedmove\n|-damage|p2b: Nicole|37/100\n|move|p2b: Nicole|Hurricane|p1a: Basculegion\n|-damage|p1a: Basculegion|0 fnt\n|faint|p1a: Basculegion\n|move|p1b: Sneasler|Close Combat|p2a: Lucy\n|-damage|p2a: Lucy|10/100 brn\n|-unboost|p1b: Sneasler|def|1\n|-unboost|p1b: Sneasler|spd|1\n|move|p2a: Lucy|Scald|p1b: Sneasler\n|-damage|p1b: Sneasler|0 fnt\n|faint|p1b: Sneasler\n|\n|win|Sceptilicious\n|raw|gulpin on ya's rating: 1094 &rarr; <strong>1069</strong><br />(-25 for losing)\n|raw|Sceptilicious's rating: 1080 &rarr; <strong>1109</strong><br />(+29 for winning)\n",
  "uploadtime": 1775969711,
  "views": 14,
  "formatid": "gen9championsvgc2026regma",
  "rating": 1069,
  "private": 0,
  "password": null
}