{
  "id": "gen9championsvgc2026regma-2580666773",
  "format": "[Gen 9 Champions] VGC 2026 Reg M-A",
  "players": [
    "reenipix",
    "littenlover81"
  ],
  "log": "|j|\u2606reenipix\n|j|\u2606littenlover81\n|t:|1775922657\n|gametype|doubles\n|player|p1|reenipix|170|1000\n|player|p2|littenlover81|169|1014\n|gen|9\n|tier|[Gen 9 Champions] VGC 2026 Reg M-A\n|rated|\n|rule|Species Clause: Limit one of each Pok\u00e9mon\n|rule|Item Clause: Limit 1 of each item\n|clearpoke\n|poke|p1|Primarina, L50, F|\n|poke|p1|Charizard, L50, M|\n|poke|p1|Sinistcha, L50|\n|poke|p1|Orthworm, L50, M|\n|poke|p1|Incineroar, L50, F|\n|poke|p2|Politoed, L50, M|\n|poke|p2|Dragonite, L50, F|\n|poke|p2|Sneasler, L50, M|\n|poke|p2|Incineroar, L50, M|\n|poke|p2|Basculegion, L50, M|\n|poke|p2|Sinistcha, L50|\n|teampreview|4\n|inactive|Battle timer is ON: inactive players will automatically lose when time's up. (requested by reenipix)\nreenipix rejected open team sheets.\n|inactive|littenlover81 has 60 seconds left.\n|\n|t:|1775922723\n|teamsize|p1|4\n|teamsize|p2|4\n|start\n|switch|p1a: Orthworm|Orthworm, L50, M|100/100\n|switch|p1b: Incineroar|Incineroar, L50, F|100/100\n|switch|p2a: Sneasler|Sneasler, L50, M, shiny|100/100\n|switch|p2b: Sinistcha|Sinistcha, L50|100/100\n|-ability|p1b: Incineroar|Intimidate|boost\n|-unboost|p2a: Sneasler|atk|1\n|-unboost|p2b: Sinistcha|atk|1\n|-enditem|p2a: Sneasler|White Herb\n|-clearnegativeboost|p2a: Sneasler|[silent]\n|turn|1\n|inactive|littenlover81 has 30 seconds left.\n|inactive|littenlover81 has 20 seconds left.\n|\n|t:|1775922759\n|move|p1b: Incineroar|Fake Out|p2a: Sneasler\n|-damage|p2a: Sneasler|75/100\n|move|p2b: Sinistcha|Rage Powder|p2b: Sinistcha\n|-singleturn|p2b: Sinistcha|move: Rage Powder\n|cant|p2a: Sneasler|flinch\n|move|p1a: Orthworm|Shed Tail|p1a: Orthworm\n|-start|p1a: Orthworm|Substitute|[from] move: Shed Tail\n|-damage|p1a: Orthworm|50/100\n|-enditem|p1a: Orthworm|Sitrus Berry|[eat]\n|-heal|p1a: Orthworm|75/100|[from] item: Sitrus Berry\n|\n|t:|1775922769\n|switch|p1a: Charizard|Charizard, L50, M|100/100|[from] Shed Tail\n|\n|upkeep\n|turn|2\n|inactive|reenipix has 30 seconds left.\n|inactive|reenipix has 20 seconds left.\n|\n|t:|1775922809\n|move|p2a: Sneasler|Dire Claw|p1a: Charizard\n|-end|p1a: Charizard|Substitute\n|move|p1a: Charizard|Dragon Dance|p1a: Charizard\n|-boost|p1a: Charizard|atk|1\n|-boost|p1a: Charizard|spe|1\n|move|p2b: Sinistcha|Strength Sap|p1b: Incineroar\n|-unboost|p1b: Incineroar|atk|1\n|move|p1b: Incineroar|Flare Blitz|p2a: Sneasler\n|-damage|p2a: Sneasler|6/100\n|-damage|p1b: Incineroar|83/100|[from] Recoil\n|\n|upkeep\n|turn|3\n|inactive|reenipix has 30 seconds left.\n|inactive|littenlover81 has 30 seconds left.\n|inactive|littenlover81 has 20 seconds left.\n|inactive|littenlover81 has 15 seconds left.\n|\n|t:|1775922852\n|detailschange|p1a: Charizard|Charizard-Mega-X, L50, M\n|-mega|p1a: Charizard|Charizard|Charizardite X\n|move|p2a: Sneasler|Dire Claw|p1a: Charizard\n|-damage|p1a: Charizard|50/100\n|move|p1a: Charizard|Flare Blitz|p2b: Sinistcha\n|-supereffective|p2b: Sinistcha|1\n|-damage|p2b: Sinistcha|0 fnt\n|faint|p2b: Sinistcha\n|-damage|p1a: Charizard|12/100|[from] Recoil\n|move|p1b: Incineroar|Flare Blitz|p2a: Sneasler\n|-damage|p2a: Sneasler|0 fnt\n|faint|p2a: Sneasler\n|-damage|p1b: Incineroar|81/100|[from] Recoil\n|\n|upkeep\n|\n|t:|1775922866\n|switch|p2a: Dragonite|Dragonite, L50, F, shiny|100/100\n|switch|p2b: Politoed|Politoed, L50, M|100/100\n|-weather|RainDance|[from] ability: Drizzle|[of] p2b: Politoed\n|turn|4\n|\n|t:|1775922885\n|detailschange|p2a: Dragonite|Dragonite-Mega, L50, F, shiny\n|-mega|p2a: Dragonite|Dragonite|Dragoninite\n|move|p1a: Charizard|Protect|p1a: Charizard\n|-singleturn|p1a: Charizard|Protect\n|move|p2a: Dragonite|Hurricane|p1a: Charizard\n|-activate|p1a: Charizard|move: Protect\n|move|p2b: Politoed|Weather Ball|p1b: Incineroar\n|-supereffective|p1b: Incineroar|1\n|-crit|p1b: Incineroar\n|-damage|p1b: Incineroar|0 fnt\n|faint|p1b: Incineroar\n|\n|-weather|RainDance|[upkeep]\n|upkeep\n|\n|t:|1775922897\n|switch|p1b: Primarina|Primarina, L50, F|100/100\n|turn|5\n|\n|t:|1775922918\n|move|p1a: Charizard|Dragon Claw|p2a: Dragonite\n|-supereffective|p2a: Dragonite|1\n|-damage|p2a: Dragonite|25/100\n|move|p2a: Dragonite|Thunder|p1b: Primarina\n|-supereffective|p1b: Primarina|1\n|-damage|p1b: Primarina|23/100\n|-status|p1b: Primarina|par\n|move|p2b: Politoed|Weather Ball|p1a: Charizard\n|-crit|p1a: Charizard\n|-damage|p1a: Charizard|0 fnt\n|faint|p1a: Charizard\n|move|p1b: Primarina|Moonblast|p2a: Dragonite\n|-supereffective|p2a: Dragonite|1\n|-damage|p2a: Dragonite|0 fnt\n|faint|p2a: Dragonite\n|\n|-weather|RainDance|[upkeep]\n|upkeep\n|\n|t:|1775922931\n|switch|p1a: Orthworm|Orthworm, L50, M|75/100\n|turn|6\n|\n|t:|1775922944\n|move|p1a: Orthworm|Iron Defense|p1a: Orthworm\n|-boost|p1a: Orthworm|def|2\n|move|p2b: Politoed|Weather Ball|p1b: Primarina\n|-resisted|p1b: Primarina|1\n|-damage|p1b: Primarina|3/100 par\n|cant|p1b: Primarina|par\n|\n|-weather|RainDance|[upkeep]\n|upkeep\n|turn|7\n|\n|t:|1775922957\n|move|p1a: Orthworm|Body Press|p2b: Politoed\n|-damage|p2b: Politoed|52/100\n|move|p2b: Politoed|Weather Ball|p1b: Primarina\n|-resisted|p1b: Primarina|1\n|-damage|p1b: Primarina|0 fnt\n|faint|p1b: Primarina\n|\n|-weather|RainDance|[upkeep]\n|-heal|p2b: Politoed|58/100|[from] item: Leftovers\n|upkeep\n|turn|8\n|\n|t:|1775922970\n|move|p1a: Orthworm|Body Press|p2b: Politoed\n|-damage|p2b: Politoed|5/100\n|move|p2b: Politoed|Weather Ball|p1a: Orthworm\n|-damage|p1a: Orthworm|23/100\n|\n|-weather|none\n|-heal|p2b: Politoed|11/100|[from] item: Leftovers\n|upkeep\n|turn|9\n|\n|t:|1775922979\n|move|p1a: Orthworm|Body Press|p2b: Politoed\n|-damage|p2b: Politoed|0 fnt\n|faint|p2b: Politoed\n|\n|win|reenipix\n|raw|reenipix's rating: 1000 &rarr; <strong>1042</strong><br />(+42 for winning)\n|raw|littenlover81's rating: 1014 &rarr; <strong>1001</strong><br />(-13 for losing)\n",
  "uploadtime": 1775922983,
  "views": 20,
  "formatid": "gen9championsvgc2026regma",
  "rating": 1001,
  "private": 0,
  "password": null
}