{
  "id": "gen9championsvgc2026regma-2587028464",
  "format": "[Gen 9 Champions] VGC 2026 Reg M-A",
  "players": [
    "OberonVor",
    "Phillip Blevin"
  ],
  "log": "|j|\u2606OberonVor\n|j|\u2606Phillip Blevin\n|t:|1776482852\n|gametype|doubles\n|player|p1|OberonVor|cynthia-gen4|1329\n|player|p2|Phillip Blevin|cynthia-masters4|1399\n|gen|9\n|tier|[Gen 9 Champions] VGC 2026 Reg M-A\n|rated|\n|rule|Species Clause: Limit one of each Pok\u00e9mon\n|rule|Item Clause: Limit 1 of each item\n|clearpoke\n|poke|p1|Maushold-Four, L50|\n|poke|p1|Sableye, L50, F|\n|poke|p1|Oranguru, L50, F|\n|poke|p1|Garchomp, L50, F|\n|poke|p1|Rotom-Heat, L50|\n|poke|p1|Delphox, L50, F|\n|poke|p2|Gengar, L50, M|\n|poke|p2|Rotom-Wash, L50|\n|poke|p2|Sneasler, L50, M|\n|poke|p2|Corviknight, L50, M|\n|poke|p2|Incineroar, L50, F|\n|poke|p2|Whimsicott, L50, M|\n|teampreview|4\n|inactive|Battle timer is ON: inactive players will automatically lose when time's up. (requested by Phillip Blevin)\nPhillip Blevin has agreed to open team sheets.\n|inactive|OberonVor has 60 seconds left.\n|\n|t:|1776482894\n|teamsize|p1|4\n|teamsize|p2|4\n|start\n|switch|p1a: Garchomp|Garchomp, L50, F|100/100\n|switch|p1b: L\u00f2 vi s\u00f3ng|Rotom-Heat, L50|100/100\n|switch|p2a: Gengar|Gengar, L50, M|100/100\n|switch|p2b: Rotom|Rotom-Wash, L50|100/100\n|turn|1\n|\n|t:|1776482912\n|detailschange|p2a: Gengar|Gengar-Mega, L50, M\n|-mega|p2a: Gengar|Gengar|Gengarite\n|move|p2a: Gengar|Protect|p2a: Gengar\n|-singleturn|p2a: Gengar|Protect\n|move|p1a: Garchomp|Protect|p1a: Garchomp\n|-singleturn|p1a: Garchomp|Protect\n|move|p2b: Rotom|Volt Switch|p1b: L\u00f2 vi s\u00f3ng\n|-resisted|p1b: L\u00f2 vi s\u00f3ng|1\n|-damage|p1b: L\u00f2 vi s\u00f3ng|87/100\n|\n|t:|1776482917\n|switch|p2b: Incineroar|Incineroar, L50, F|100/100|[from] Volt Switch\n|-ability|p2b: Incineroar|Intimidate|boost\n|-unboost|p1a: Garchomp|atk|1\n|-unboost|p1b: L\u00f2 vi s\u00f3ng|atk|1\n|-enditem|p1a: Garchomp|White Herb\n|-clearnegativeboost|p1a: Garchomp|[silent]\n|move|p1b: L\u00f2 vi s\u00f3ng|Eerie Impulse|p2b: Incineroar\n|-unboost|p2b: Incineroar|spa|2\n|\n|upkeep\n|turn|2\n|\n|t:|1776482933\n|move|p2b: Incineroar|Fake Out|p1a: Garchomp\n|-damage|p1a: Garchomp|89/100\n|-damage|p2b: Incineroar|88/100|[from] ability: Rough Skin|[of] p1a: Garchomp\n|move|p2a: Gengar|Shadow Ball|p1a: Garchomp\n|-damage|p1a: Garchomp|25/100\n|cant|p1a: Garchomp|flinch\n|move|p1b: L\u00f2 vi s\u00f3ng|Eerie Impulse|p2a: Gengar\n|-unboost|p2a: Gengar|spa|2\n|\n|upkeep\n|turn|3\n|\n|t:|1776482945\n|move|p2a: Gengar|Shadow Ball|p1a: Garchomp\n|-damage|p1a: Garchomp|0 fnt\n|faint|p1a: Garchomp\n|move|p1b: L\u00f2 vi s\u00f3ng|Volt Switch|p2b: Incineroar\n|-damage|p2b: Incineroar|58/100\n|\n|t:|1776482950\n|switch|p1b: Delphox|Delphox, L50, F|100/100|[from] Volt Switch\n|move|p2b: Incineroar|Parting Shot|p1b: Delphox\n|-unboost|p1b: Delphox|atk|1\n|-unboost|p1b: Delphox|spa|1\n|\n|t:|1776482955\n|switch|p2b: Sneasler|Sneasler, L50, M|100/100|[from] Parting Shot\n|\n|upkeep\n|\n|t:|1776482958\n|switch|p1a: Sinh vi\u00ean|Sableye, L50, F|100/100\n|turn|4\n|\n|t:|1776482968\n|switch|p2a: Incineroar|Incineroar, L50, F|58/100\n|-ability|p2a: Incineroar|Intimidate|boost\n|-unboost|p1a: Sinh vi\u00ean|atk|1\n|-unboost|p1b: Delphox|atk|1\n|detailschange|p1b: Delphox|Delphox-Mega, L50, F\n|-mega|p1b: Delphox|Delphox|Delphoxite\n|move|p1b: Delphox|Protect|p1b: Delphox\n|-singleturn|p1b: Delphox|Protect\n|move|p1a: Sinh vi\u00ean|Fake Out|p2b: Sneasler\n|-damage|p2b: Sneasler|92/100\n|cant|p2b: Sneasler|flinch\n|\n|upkeep\n|turn|5\n|\n|t:|1776482981\n|switch|p1b: L\u00f2 vi s\u00f3ng|Rotom-Heat, L50|87/100\n|move|p2a: Incineroar|Fake Out|p1b: L\u00f2 vi s\u00f3ng\n|-damage|p1b: L\u00f2 vi s\u00f3ng|76/100\n|move|p1a: Sinh vi\u00ean|Encore||[still]\n|-fail|p1a: Sinh vi\u00ean\n|move|p2b: Sneasler|Rock Tomb|p1b: L\u00f2 vi s\u00f3ng|[miss]\n|-miss|p2b: Sneasler|p1b: L\u00f2 vi s\u00f3ng\n|\n|upkeep\n|turn|6\n|\n|t:|1776482998\n|move|p1a: Sinh vi\u00ean|Disable|p2b: Sneasler\n|-start|p2b: Sneasler|Disable|Rock Tomb\n|move|p2b: Sneasler|Close Combat|p1b: L\u00f2 vi s\u00f3ng\n|-damage|p1b: L\u00f2 vi s\u00f3ng|0 fnt\n|-unboost|p2b: Sneasler|def|1\n|-unboost|p2b: Sneasler|spd|1\n|faint|p1b: L\u00f2 vi s\u00f3ng\n|-enditem|p2b: Sneasler|White Herb\n|-clearnegativeboost|p2b: Sneasler|[silent]\n|move|p2a: Incineroar|Parting Shot|p1a: Sinh vi\u00ean\n|-unboost|p1a: Sinh vi\u00ean|atk|1\n|-unboost|p1a: Sinh vi\u00ean|spa|1\n|\n|t:|1776483010\n|switch|p2a: Rotom|Rotom-Wash, L50|100/100|[from] Parting Shot\n|\n|upkeep\n|\n|t:|1776483012\n|switch|p1b: Delphox|Delphox-Mega, L50, F|100/100\n|turn|7\n|\n|t:|1776483022\n|switch|p2b: Incineroar|Incineroar, L50, F|58/100\n|-ability|p2b: Incineroar|Intimidate|boost\n|-unboost|p1a: Sinh vi\u00ean|atk|1\n|-unboost|p1b: Delphox|atk|1\n|move|p1a: Sinh vi\u00ean|Gravity|p1a: Sinh vi\u00ean\n|-fieldstart|move: Gravity\n|move|p2a: Rotom|Trick|p1a: Sinh vi\u00ean\n|-activate|p2a: Rotom|move: Trick|[of] p1a: Sinh vi\u00ean\n|-item|p1a: Sinh vi\u00ean|Choice Scarf|[from] move: Trick\n|-item|p2a: Rotom|Focus Sash|[from] move: Trick\n|move|p1b: Delphox|Hypnosis|p2a: Rotom\n|-status|p2a: Rotom|slp|[from] move: Hypnosis\n|\n|upkeep\n|turn|8\n|\n|t:|1776483042\n|move|p2b: Incineroar|Fake Out|p1b: Delphox\n|-damage|p1b: Delphox|84/100\n|move|p1a: Sinh vi\u00ean|Encore|p2a: Rotom\n|-start|p2a: Rotom|Encore\n|cant|p1b: Delphox|flinch\n|cant|p2a: Rotom|slp\n|\n|upkeep\n|turn|9\n|\n|t:|1776483055\n|move|p1a: Sinh vi\u00ean|Encore|p2b: Incineroar\n|-hint|Since gen 7, Dark is immune to Prankster moves.\n|-immune|p2b: Incineroar\n|move|p1b: Delphox|Hypnosis|p2b: Incineroar\n|-status|p2b: Incineroar|slp|[from] move: Hypnosis\n|cant|p2a: Rotom|slp\n|cant|p2b: Incineroar|slp\n|\n|upkeep\n|turn|10\n|\n|t:|1776483071\n|move|p1a: Sinh vi\u00ean|Encore||[still]\n|-fail|p1a: Sinh vi\u00ean\n|move|p1b: Delphox|Heat Wave|p2a: Rotom|[spread] p2a,p2b\n|-resisted|p2a: Rotom|1\n|-resisted|p2b: Incineroar|1\n|-damage|p2a: Rotom|79/100 slp\n|-damage|p2b: Incineroar|40/100 slp\n|-enditem|p2b: Incineroar|Sitrus Berry|[eat]\n|-heal|p2b: Incineroar|64/100 slp|[from] item: Sitrus Berry\n|-curestatus|p2a: Rotom|slp|[msg]\n|move|p2a: Rotom|Trick||[still]\n|-fail|p2a: Rotom\n|cant|p2b: Incineroar|slp\n|\n|-end|p2a: Rotom|Encore\n|upkeep\n|turn|11\n|\n|t:|1776483088\n|move|p1a: Sinh vi\u00ean|Encore|p2a: Rotom\n|-start|p2a: Rotom|Encore\n|move|p1b: Delphox|Psychic|p2a: Rotom\n|-damage|p2a: Rotom|16/100\n|move|p2a: Rotom|Trick|p1a: Sinh vi\u00ean\n|-activate|p2a: Rotom|move: Trick|[of] p1a: Sinh vi\u00ean\n|-item|p1a: Sinh vi\u00ean|Focus Sash|[from] move: Trick\n|-item|p2a: Rotom|Choice Scarf|[from] move: Trick\n|-curestatus|p2b: Incineroar|slp|[msg]\n|move|p2b: Incineroar|Darkest Lariat|p1b: Delphox\n|-supereffective|p1b: Delphox|1\n|-damage|p1b: Delphox|0 fnt\n|faint|p1b: Delphox\n|\n|-fieldend|move: Gravity\n|upkeep\n|turn|12\n|-message|OberonVor forfeited.\n|\n|win|Phillip Blevin\n|raw|OberonVor's rating: 1329 &rarr; <strong>1313</strong><br />(-16 for losing)\n|raw|Phillip Blevin's rating: 1399 &rarr; <strong>1415</strong><br />(+16 for winning)\n",
  "uploadtime": 1776483099,
  "views": 24,
  "formatid": "gen9championsvgc2026regma",
  "rating": 1313,
  "private": 0,
  "password": null
}