{
  "id": "gen9championsvgc2026regma-2589559217",
  "format": "[Gen 9 Champions] VGC 2026 Reg M-A",
  "players": [
    "TheM3ta",
    "alvarriderr"
  ],
  "log": "|j|\u2606TheM3ta\n|j|\u2606alvarriderr\n|t:|1776734091\n|gametype|doubles\n|player|p1|TheM3ta|clown|1139\n|player|p2|alvarriderr|hilbert-wonderlauncher|1232\n|gen|9\n|tier|[Gen 9 Champions] VGC 2026 Reg M-A\n|rated|\n|rule|Species Clause: Limit one of each Pok\u00e9mon\n|rule|Item Clause: Limit 1 of each item\n|clearpoke\n|poke|p1|Whimsicott, L50, F|\n|poke|p1|Arcanine-Hisui, L50, M|\n|poke|p1|Kingambit, L50, M|\n|poke|p1|Sneasler, L50, F|\n|poke|p1|Rotom-Wash, L50|\n|poke|p1|Froslass, L50, F|\n|poke|p2|Hawlucha, L50, F|\n|poke|p2|Excadrill, L50, F|\n|poke|p2|Tyranitar, L50, M|\n|poke|p2|Sinistcha, L50|\n|poke|p2|Gardevoir, L50, F|\n|poke|p2|Volcarona, L50, F|\n|teampreview|4\nalvarriderr has agreed to open team sheets.\n|\n|t:|1776734140\n|teamsize|p1|4\n|teamsize|p2|4\n|start\n|switch|p1a: Whimsicott|Whimsicott, L50, F|100/100\n|switch|p1b: Sneasler|Sneasler, L50, F|100/100\n|switch|p2a: Hawlucha|Hawlucha, L50, F|100/100\n|switch|p2b: Excadrill|Excadrill, L50, F|100/100\n|turn|1\n|\n|t:|1776734176\n|detailschange|p2a: Hawlucha|Hawlucha-Mega, L50, F\n|-mega|p2a: Hawlucha|Hawlucha|Hawluchanite\n|move|p2b: Excadrill|Protect|p2b: Excadrill\n|-singleturn|p2b: Excadrill|Protect\n|move|p1b: Sneasler|Fake Out|p2b: Excadrill\n|-activate|p2b: Excadrill|move: Protect\n|move|p1a: Whimsicott|Tailwind|p1a: Whimsicott\n|-sidestart|p1: TheM3ta|move: Tailwind\n|move|p2a: Hawlucha|Dual Wingbeat|p1b: Sneasler\n|-supereffective|p1b: Sneasler|1\n|-damage|p1b: Sneasler|33/100\n|-supereffective|p1b: Sneasler|1\n|-damage|p1b: Sneasler|0 fnt\n|faint|p1b: Sneasler\n|-hitcount|p1: Sneasler|2\n|\n|upkeep\n|\n|t:|1776734183\n|switch|p1b: Froslass|Froslass, L50, F|100/100\n|turn|2\n|\n|t:|1776734218\n|switch|p2a: Volcarona|Volcarona, L50, F|100/100\n|detailschange|p1b: Froslass|Froslass-Mega, L50, F\n|-mega|p1b: Froslass|Froslass|Froslassite\n|-weather|Snowscape|[from] ability: Snow Warning|[of] p1b: Froslass\n|move|p1a: Whimsicott|Encore|p2b: Excadrill\n|-start|p2b: Excadrill|Encore\n|move|p2b: Excadrill|Protect|p2b: Excadrill\n|-singleturn|p2b: Excadrill|Protect\n|move|p1b: Froslass|Aurora Veil|p1b: Froslass\n|-sidestart|p1: TheM3ta|move: Aurora Veil\n|\n|-weather|Snowscape|[upkeep]\n|upkeep\n|turn|3\n|\n|t:|1776734246\n|switch|p2b: Tyranitar|Tyranitar, L50, M|100/100\n|-weather|Sandstorm|[from] ability: Sand Stream|[of] p2b: Tyranitar\n|move|p1b: Froslass|Shadow Ball|p2a: Volcarona\n|-damage|p2a: Volcarona|54/100\n|move|p1a: Whimsicott|Moonblast|p2b: Tyranitar\n|-supereffective|p2b: Tyranitar|1\n|-damage|p2b: Tyranitar|71/100\n|move|p2a: Volcarona|Heat Wave|p1a: Whimsicott|[spread] p1a,p1b\n|-supereffective|p1a: Whimsicott|1\n|-supereffective|p1b: Froslass|1\n|-damage|p1a: Whimsicott|38/100\n|-damage|p1b: Froslass|36/100\n|\n|-weather|Sandstorm|[upkeep]\n|-damage|p1b: Froslass|30/100|[from] Sandstorm\n|-damage|p1a: Whimsicott|32/100|[from] Sandstorm\n|-damage|p2a: Volcarona|48/100|[from] Sandstorm\n|upkeep\n|turn|4\n|\n|t:|1776734285\n|switch|p1b: Kingambit|Kingambit, L50, M|100/100\n|move|p1a: Whimsicott|Moonblast|p2b: Tyranitar\n|-supereffective|p2b: Tyranitar|1\n|-damage|p2b: Tyranitar|44/100\n|-unboost|p2b: Tyranitar|spa|1\n|-enditem|p2b: Tyranitar|White Herb\n|-clearnegativeboost|p2b: Tyranitar|[silent]\n|move|p2a: Volcarona|Heat Wave|p1a: Whimsicott|[spread] p1a,p1b\n|-supereffective|p1a: Whimsicott|1\n|-supereffective|p1b: Kingambit|1\n|-damage|p1a: Whimsicott|0 fnt\n|-damage|p1b: Kingambit|41/100\n|faint|p1a: Whimsicott\n|move|p2b: Tyranitar|Rock Slide|p1b: Kingambit\n|-resisted|p1b: Kingambit|1\n|-damage|p1b: Kingambit|32/100\n|\n|-weather|Sandstorm|[upkeep]\n|-damage|p2a: Volcarona|42/100|[from] Sandstorm\n|-sideend|p1: TheM3ta|move: Tailwind\n|upkeep\n|\n|t:|1776734301\n|switch|p1a: Froslass|Froslass-Mega, L50, F|30/100\n|-weather|Snowscape|[from] ability: Snow Warning|[of] p1a: Froslass\n|turn|5\n|\n|t:|1776734353\n|switch|p2b: Hawlucha|Hawlucha-Mega, L50, F|100/100\n|move|p1b: Kingambit|Sucker Punch|p2a: Volcarona\n|-damage|p2a: Volcarona|0 fnt\n|faint|p2a: Volcarona\n|move|p1a: Froslass|Blizzard|p2b: Hawlucha\n|-supereffective|p2b: Hawlucha|1\n|-damage|p2b: Hawlucha|0 fnt\n|faint|p2b: Hawlucha\n|\n|-weather|Snowscape|[upkeep]\n|upkeep\n|\n|t:|1776734363\n|switch|p2b: Tyranitar|Tyranitar, L50, M|44/100\n|switch|p2a: Excadrill|Excadrill, L50, F|100/100\n|-weather|Sandstorm|[from] ability: Sand Stream|[of] p2b: Tyranitar\n|turn|6\n|\n|t:|1776734383\n|move|p1a: Froslass|Protect|p1a: Froslass\n|-singleturn|p1a: Froslass|Protect\n|move|p2b: Tyranitar|Protect|p2b: Tyranitar\n|-singleturn|p2b: Tyranitar|Protect\n|move|p2a: Excadrill|Earthquake|p1b: Kingambit|[spread] p1b\n|-activate|p2b: Tyranitar|move: Protect\n|-activate|p1a: Froslass|move: Protect\n|-supereffective|p1b: Kingambit|1\n|-damage|p1b: Kingambit|0 fnt\n|faint|p1b: Kingambit\n|\n|-weather|Sandstorm|[upkeep]\n|-damage|p1a: Froslass|24/100|[from] Sandstorm\n|-sideend|p1: TheM3ta|move: Aurora Veil\n|upkeep\n|turn|7\n|\n|t:|1776734398\n|move|p1a: Froslass|Protect||[still]\n|-fail|p1a: Froslass\n|move|p2a: Excadrill|Iron Head|p1a: Froslass\n|-supereffective|p1a: Froslass|1\n|-damage|p1a: Froslass|0 fnt\n|faint|p1a: Froslass\n|\n|win|alvarriderr\n|raw|TheM3ta's rating: 1139 &rarr; <strong>1121</strong><br />(-18 for losing)\n|raw|alvarriderr's rating: 1232 &rarr; <strong>1250</strong><br />(+18 for winning)\n|c|\u2606alvarriderr|gg\n|l|\u2606TheM3ta\n|player|p1|\n",
  "uploadtime": 1776734408,
  "views": 4,
  "formatid": "gen9championsvgc2026regma",
  "rating": 1121,
  "private": 0,
  "password": null
}