{
  "id": "gen9championsvgc2026regma-2580759213",
  "format": "[Gen 9 Champions] VGC 2026 Reg M-A",
  "players": [
    "butterchicken786",
    "xBabis_"
  ],
  "log": "|j|\u2606butterchicken786\n|j|\u2606xBabis_\n|t:|1775930170\n|gametype|doubles\n|player|p1|butterchicken786|giovanni|1063\n|player|p2|xBabis_|170|1071\n|gen|9\n|tier|[Gen 9 Champions] VGC 2026 Reg M-A\n|rated|\n|rule|Species Clause: Limit one of each Pok\u00e9mon\n|rule|Item Clause: Limit 1 of each item\n|clearpoke\n|poke|p1|Golurk, L50|\n|poke|p1|Sneasler, L50, F|\n|poke|p1|Farigiraf, L50, F|\n|poke|p1|Torkoal, L50, F|\n|poke|p1|Venusaur, L50, M|\n|poke|p1|Basculegion, L50, M|\n|poke|p2|Feraligatr, L50, M|\n|poke|p2|Empoleon, L50, F|\n|poke|p2|Rotom-Wash, L50|\n|poke|p2|Garchomp, L50, F|\n|poke|p2|Talonflame, L50, M|\n|poke|p2|Clefable, L50, F|\n|teampreview|4\n|inactive|Battle timer is ON: inactive players will automatically lose when time's up. (requested by butterchicken786)\n|inactive|butterchicken786 has 60 seconds left.\n|\n|t:|1775930222\n|teamsize|p1|4\n|teamsize|p2|4\n|start\n|switch|p1a: Basculegion|Basculegion, L50, M|100/100\n|switch|p1b: Farigiraf|Farigiraf, L50, F|100/100\n|switch|p2a: Empoleon|Empoleon, L50, F|100/100\n|switch|p2b: Feraligatr|Feraligatr, L50, M|100/100\n|turn|1\n|inactive|xBabis_ has 30 seconds left.\n|\n|t:|1775930247\n|move|p2b: Feraligatr|Protect|p2b: Feraligatr\n|-singleturn|p2b: Feraligatr|Protect\n|move|p1a: Basculegion|Flip Turn|p2b: Feraligatr\n|-activate|p2b: Feraligatr|move: Protect\n|move|p2a: Empoleon|Icy Wind|p1a: Basculegion|[spread] p1a,p1b\n|-resisted|p1a: Basculegion|1\n|-damage|p1a: Basculegion|95/100\n|-damage|p1b: Farigiraf|93/100\n|-unboost|p1a: Basculegion|spe|1\n|-unboost|p1b: Farigiraf|spe|1\n|move|p1b: Farigiraf|Trick Room|p1b: Farigiraf\n|-fieldstart|move: Trick Room|[of] p1b: Farigiraf\n|\n|upkeep\n|turn|2\n|inactive|butterchicken786 has 30 seconds left.\n|inactive|xBabis_ has 30 seconds left.\n|\n|t:|1775930281\n|switch|p1a: Golurk|Golurk, L50|100/100\n|move|p2a: Empoleon|Protect|p2a: Empoleon\n|-singleturn|p2a: Empoleon|Protect\n|move|p1b: Farigiraf|Foul Play|p2b: Feraligatr\n|-damage|p2b: Feraligatr|69/100\n|move|p2b: Feraligatr|Swords Dance|p2b: Feraligatr\n|-boost|p2b: Feraligatr|atk|2\n|\n|upkeep\n|turn|3\n|inactive|butterchicken786 has 30 seconds left.\n|inactive|xBabis_ has 30 seconds left.\n|inactive|xBabis_ has 20 seconds left.\n|inactive|xBabis_ has 15 seconds left.\n|\n|t:|1775930322\n|detailschange|p1a: Golurk|Golurk-Mega, L50\n|-mega|p1a: Golurk|Golurk|Golurkite\n|detailschange|p2b: Feraligatr|Feraligatr-Mega, L50, M\n|-mega|p2b: Feraligatr|Feraligatr|Feraligite\n|move|p1b: Farigiraf|Helping Hand|p1a: Golurk\n|-singleturn|p1a: Golurk|Helping Hand|[of] p1b: Farigiraf\n|move|p1a: Golurk|Headlong Rush|p2b: Feraligatr\n|-damage|p2b: Feraligatr|0 fnt\n|-unboost|p1a: Golurk|def|1\n|-unboost|p1a: Golurk|spd|1\n|faint|p2b: Feraligatr\n|move|p2a: Empoleon|Surf|p1b: Farigiraf|[spread] p1a,p1b\n|-supereffective|p1a: Golurk|1\n|-damage|p1a: Golurk|38/100\n|-damage|p1b: Farigiraf|73/100\n|\n|upkeep\n|inactive|xBabis_ has 30 seconds left.\n|inactive|xBabis_ has 20 seconds left.\n|\n|t:|1775930358\n|switch|p2b: Garchomp|Garchomp, L50, F|100/100\n|turn|4\n|\n|t:|1775930376\n|move|p2a: Empoleon|Protect|p2a: Empoleon\n|-singleturn|p2a: Empoleon|Protect\n|move|p1b: Farigiraf|Psychic|p2b: Garchomp\n|-damage|p2b: Garchomp|67/100\n|move|p1a: Golurk|Headlong Rush|p2a: Empoleon\n|-supereffective|p2a: Empoleon|1\n|-damage|p2a: Empoleon|71/100\n|-unboost|p1a: Golurk|def|1\n|-unboost|p1a: Golurk|spd|1\n|move|p2b: Garchomp|Earthquake|p1b: Farigiraf|[spread] p1a,p1b\n|-activate|p2a: Empoleon|move: Protect\n|-damage|p1a: Golurk|0 fnt\n|-damage|p1b: Farigiraf|34/100\n|faint|p1a: Golurk\n|\n|-heal|p2a: Empoleon|76/100|[from] item: Leftovers\n|upkeep\n|\n|t:|1775930387\n|switch|p1a: Sneasler|Sneasler, L50, F|100/100\n|turn|5\n|\n|t:|1775930411\n|move|p2b: Garchomp|Protect|p2b: Garchomp\n|-singleturn|p2b: Garchomp|Protect\n|move|p1a: Sneasler|Protect|p1a: Sneasler\n|-singleturn|p1a: Sneasler|Protect\n|move|p1b: Farigiraf|Foul Play|p2b: Garchomp\n|-activate|p2b: Garchomp|move: Protect\n|move|p2a: Empoleon|Surf|p1b: Farigiraf|[spread] p1b\n|-activate|p2b: Garchomp|move: Protect\n|-activate|p1a: Sneasler|move: Protect\n|-damage|p1b: Farigiraf|12/100\n|\n|-heal|p2a: Empoleon|82/100|[from] item: Leftovers\n|-fieldend|move: Trick Room\n|upkeep\n|turn|6\n|inactive|xBabis_ has 30 seconds left.\n|\n|t:|1775930439\n|switch|p1b: Basculegion|Basculegion, L50, M|95/100\n|move|p2a: Empoleon|Protect|p2a: Empoleon\n|-singleturn|p2a: Empoleon|Protect\n|move|p1a: Sneasler|Close Combat|p2a: Empoleon\n|-activate|p2a: Empoleon|move: Protect\n|move|p2b: Garchomp|Earthquake|p1a: Sneasler|[spread] p1a,p1b\n|-activate|p2a: Empoleon|move: Protect\n|-supereffective|p1a: Sneasler|1\n|-damage|p1a: Sneasler|0 fnt\n|-damage|p1b: Basculegion|43/100\n|faint|p1a: Sneasler\n|\n|-heal|p2a: Empoleon|88/100|[from] item: Leftovers\n|upkeep\n|-message|butterchicken786 forfeited.\n|\n|win|xBabis_\n|raw|butterchicken786's rating: 1063 &rarr; <strong>1044</strong><br />(-19 for losing)\n|raw|xBabis_'s rating: 1071 &rarr; <strong>1100</strong><br />(+29 for winning)\n|l|\u2606butterchicken786\n|player|p1|\n|j|\u2606butterchicken786\n|player|p1|butterchicken786|giovanni|\n|l|\u2606butterchicken786\n|player|p1|\n",
  "uploadtime": 1775930493,
  "views": 11,
  "formatid": "gen9championsvgc2026regma",
  "rating": 1044,
  "private": 0,
  "password": null
}