{
  "id": "gen9championsvgc2026regma-2581289644",
  "format": "[Gen 9 Champions] VGC 2026 Reg M-A",
  "players": [
    "testballs",
    "B.Skull"
  ],
  "log": "|j|\u203dtestballs\n|j|\u2606B.Skull\n|t:|1775981954\n|gametype|doubles\n|player|p1|testballs|twins|1114\n|player|p2|B.Skull|2|1127\n|gen|9\n|tier|[Gen 9 Champions] VGC 2026 Reg M-A\n|rated|\n|rule|Species Clause: Limit one of each Pok\u00e9mon\n|rule|Item Clause: Limit 1 of each item\n|clearpoke\n|poke|p1|Kommo-o, L50, F|\n|poke|p1|Politoed, L50, M|\n|poke|p1|Sableye, L50, F|\n|poke|p1|Volcarona, L50, M|\n|poke|p1|Glimmora, L50, M|\n|poke|p1|Rotom-Wash, L50|\n|poke|p2|Sylveon, L50, M|\n|poke|p2|Rotom-Wash, L50|\n|poke|p2|Gengar, L50, M|\n|poke|p2|Altaria, L50, M|\n|poke|p2|Incineroar, L50, M|\n|poke|p2|Maushold-Four, L50|\n|teampreview|4\n|inactive|Battle timer is ON: inactive players will automatically lose when time's up. (requested by testballs)\n|\n|t:|1775981995\n|teamsize|p1|4\n|teamsize|p2|4\n|start\n|switch|p1a: Kommo-o|Kommo-o, L50, F|100/100\n|switch|p1b: Sableye|Sableye, L50, F|100/100\n|switch|p2a: Gengar|Gengar, L50, M|100/100\n|switch|p2b: Incineroar|Incineroar, L50, M|100/100\n|-ability|p2b: Incineroar|Intimidate|boost\n|-unboost|p1a: Kommo-o|atk|1\n|-unboost|p1b: Sableye|atk|1\n|turn|1\n|inactive|testballs has 30 seconds left.\n|\n|t:|1775982026\n|move|p1a: Kommo-o|Protect|p1a: Kommo-o\n|-singleturn|p1a: Kommo-o|Protect\n|move|p2b: Incineroar|Fake Out|p1a: Kommo-o\n|-activate|p1a: Kommo-o|move: Protect\n|move|p2a: Gengar|Shadow Ball|p1b: Sableye\n|-damage|p1b: Sableye|56/100\n|-unboost|p1b: Sableye|spd|1\n|move|p1b: Sableye|Foul Play|p2a: Gengar\n|-supereffective|p2a: Gengar|1\n|-damage|p2a: Gengar|33/100\n|\n|upkeep\n|turn|2\n|inactive|B.Skull has 30 seconds left.\n|\n|t:|1775982053\n|detailschange|p2a: Gengar|Gengar-Mega, L50, M\n|-mega|p2a: Gengar|Gengar|Gengarite\n|move|p2a: Gengar|Protect|p2a: Gengar\n|-singleturn|p2a: Gengar|Protect\n|move|p1b: Sableye|Encore|p2b: Incineroar\n|-hint|Since gen 7, Dark is immune to Prankster moves.\n|-immune|p2b: Incineroar\n|move|p1a: Kommo-o|Belly Drum|p1a: Kommo-o\n|-damage|p1a: Kommo-o|50/100\n|-setboost|p1a: Kommo-o|atk|6|[from] move: Belly Drum\n|-enditem|p1a: Kommo-o|Sitrus Berry|[eat]\n|-heal|p1a: Kommo-o|75/100|[from] item: Sitrus Berry\n|move|p2b: Incineroar|Parting Shot|p1a: Kommo-o\n|-immune|p1a: Kommo-o|[from] ability: Soundproof\n|\n|upkeep\n|turn|3\n|inactive|B.Skull has 30 seconds left.\n|\n|t:|1775982082\n|move|p1b: Sableye|Quash|p2a: Gengar\n|-activate|p2a: Gengar|move: Quash\n|move|p1a: Kommo-o|Rock Slide|p2b: Incineroar|[spread] p2b\n|-miss|p1a: Kommo-o|p2a: Gengar\n|-supereffective|p2b: Incineroar|1\n|-damage|p2b: Incineroar|0 fnt\n|faint|p2b: Incineroar\n|move|p2a: Gengar|Shadow Ball|p1a: Kommo-o\n|-damage|p1a: Kommo-o|19/100\n|\n|upkeep\n|\n|t:|1775982089\n|switch|p2b: Maushold|Maushold-Four, L50|100/100\n|turn|4\n|\n|t:|1775982101\n|switch|p1b: Volcarona|Volcarona, L50, M|100/100\n|move|p1a: Kommo-o|Protect|p1a: Kommo-o\n|-singleturn|p1a: Kommo-o|Protect\n|move|p2b: Maushold|Follow Me|p2b: Maushold\n|-singleturn|p2b: Maushold|move: Follow Me\n|move|p2a: Gengar|Shadow Ball|p1a: Kommo-o\n|-activate|p1a: Kommo-o|move: Protect\n|\n|upkeep\n|turn|5\n|\n|t:|1775982117\n|move|p1b: Volcarona|Rage Powder|p1b: Volcarona\n|-singleturn|p1b: Volcarona|move: Rage Powder\n|move|p2a: Gengar|Shadow Ball|p1b: Volcarona\n|-damage|p1b: Volcarona|59/100\n|move|p2b: Maushold|Super Fang|p1b: Volcarona\n|-damage|p1b: Volcarona|30/100\n|move|p1a: Kommo-o|Drain Punch|p2b: Maushold\n|-supereffective|p2b: Maushold|1\n|-enditem|p2b: Maushold|Chople Berry|[eat]\n|-enditem|p2b: Maushold|Chople Berry|[weaken]\n|-damage|p2b: Maushold|0 fnt\n|-heal|p1a: Kommo-o|80/100|[from] drain|[of] p2b: Maushold\n|faint|p2b: Maushold\n|\n|upkeep\n|\n|t:|1775982130\n|switch|p2b: Altaria|Altaria, L50, M|100/100\n|-ability|p2b: Altaria|Cloud Nine\n|turn|6\n|inactive|B.Skull has 30 seconds left.\n|inactive|B.Skull has 20 seconds left.\n|\n|t:|1775982166\n|move|p2a: Gengar|Protect|p2a: Gengar\n|-singleturn|p2a: Gengar|Protect\n|move|p1b: Volcarona|Rage Powder|p1b: Volcarona\n|-singleturn|p1b: Volcarona|move: Rage Powder\n|move|p1a: Kommo-o|Rock Slide|p2b: Altaria|[spread] p2b\n|-activate|p2a: Gengar|move: Protect\n|-supereffective|p2b: Altaria|1\n|-damage|p2b: Altaria|0 fnt\n|faint|p2b: Altaria\n|\n|upkeep\n|turn|7\n|\n|t:|1775982177\n|move|p1b: Volcarona|Rage Powder|p1b: Volcarona\n|-singleturn|p1b: Volcarona|move: Rage Powder\n|move|p2a: Gengar|Shadow Ball|p1b: Volcarona\n|-damage|p1b: Volcarona|0 fnt\n|faint|p1b: Volcarona\n|move|p1a: Kommo-o|Rock Slide|p2a: Gengar\n|-damage|p2a: Gengar|0 fnt\n|faint|p2a: Gengar\n|\n|win|testballs\n|raw|testballs's rating: 1114 &rarr; <strong>1140</strong><br />(+26 for winning)\n|raw|B.Skull's rating: 1127 &rarr; <strong>1101</strong><br />(-26 for losing)\n|l|\u2606B.Skull\n|player|p2|\n",
  "uploadtime": 1775982241,
  "views": 15,
  "formatid": "gen9championsvgc2026regma",
  "rating": 1101,
  "private": 0,
  "password": null
}