{
  "id": "gen9championsvgc2026regma-2585461717",
  "format": "[Gen 9 Champions] VGC 2026 Reg M-A",
  "players": [
    "helo hru",
    "maximegashlongito"
  ],
  "log": "|j|\u2606helo hru\n|j|\u2606maximegashlongito\n|t:|1776348870\n|gametype|doubles\n|player|p1|helo hru|unknownf|1095\n|player|p2|maximegashlongito|102|1000\n|gen|9\n|tier|[Gen 9 Champions] VGC 2026 Reg M-A\n|rated|\n|rule|Species Clause: Limit one of each Pok\u00e9mon\n|rule|Item Clause: Limit 1 of each item\n|clearpoke\n|poke|p1|Houndoom, L50, F|\n|poke|p1|Ninetales, L50, F|\n|poke|p1|Dragonite, L50, M|\n|poke|p1|Sneasler, L50, M|\n|poke|p1|Primarina, L50, M|\n|poke|p1|Flapple, L50, F|\n|poke|p2|Arcanine-Hisui, L50, M|\n|poke|p2|Froslass, L50, F|\n|poke|p2|Volcarona, L50, F|\n|poke|p2|Meganium, L50, M|\n|poke|p2|Noivern, L50, F|\n|poke|p2|Zoroark-Hisui, L50, F|\n|teampreview|4\n|inactive|Battle timer is ON: inactive players will automatically lose when time's up. (requested by maximegashlongito)\n|\n|t:|1776348919\n|teamsize|p1|4\n|teamsize|p2|4\n|start\n|switch|p1a: Sneasler|Sneasler, L50, M|100/100\n|switch|p1b: Houndoom|Houndoom, L50, F|100/100\n|switch|p2a: Froslass|Froslass, L50, F|100/100\n|switch|p2b: Volcarona|Volcarona, L50, F|100/100\n|turn|1\n|\n|t:|1776348936\n|detailschange|p2a: Froslass|Froslass-Mega, L50, F\n|-mega|p2a: Froslass|Froslass|Froslassite\n|-weather|Snowscape|[from] ability: Snow Warning|[of] p2a: Froslass\n|detailschange|p1b: Houndoom|Houndoom-Mega, L50, F\n|-mega|p1b: Houndoom|Houndoom|Houndoominite\n|move|p2a: Froslass|Aurora Veil|p2a: Froslass\n|-sidestart|p2: maximegashlongito|move: Aurora Veil\n|move|p1b: Houndoom|Flamethrower|p2a: Froslass\n|-supereffective|p2a: Froslass|1\n|-damage|p2a: Froslass|23/100\n|move|p1a: Sneasler|Poison Jab|p2b: Volcarona\n|-damage|p2b: Volcarona|70/100\n|move|p2b: Volcarona|Tailwind|p2b: Volcarona\n|-sidestart|p2: maximegashlongito|move: Tailwind\n|\n|-weather|Snowscape|[upkeep]\n|-heal|p2b: Volcarona|76/100|[from] item: Leftovers\n|upkeep\n|turn|2\n|inactive|maximegashlongito has 30 seconds left.\n|inactive|helo hru has 30 seconds left.\n|inactive|maximegashlongito has 20 seconds left.\n|\n|t:|1776348974\n|move|p2a: Froslass|Blizzard|p1a: Sneasler|[spread] p1a,p1b\n|-resisted|p1b: Houndoom|1\n|-damage|p1a: Sneasler|41/100\n|-damage|p1b: Houndoom|70/100\n|move|p2b: Volcarona|U-turn|p1b: Houndoom\n|-damage|p1b: Houndoom|52/100\n|\n|t:|1776348981\n|switch|p2b: Salukamelczizou|Arcanine-Hisui, L50, M|100/100|[from] U-turn\n|move|p1b: Houndoom|Dark Pulse|p2a: Froslass\n|-supereffective|p2a: Froslass|1\n|-damage|p2a: Froslass|0 fnt\n|faint|p2a: Froslass\n|move|p1a: Sneasler|Poison Jab|p2b: Salukamelczizou\n|-resisted|p2b: Salukamelczizou|1\n|-damage|p2b: Salukamelczizou|80/100\n|-status|p2b: Salukamelczizou|psn\n|\n|-weather|Snowscape|[upkeep]\n|-damage|p2b: Salukamelczizou|68/100 psn|[from] psn\n|upkeep\n|\n|t:|1776348998\n|switch|p2a: Volcarona|Volcarona, L50, F|76/100\n|turn|3\n|inactive|helo hru has 30 seconds left.\n|\n|t:|1776349030\n|switch|p1a: Primarina|Primarina, L50, M|100/100\n|move|p2a: Volcarona|Rage Powder|p2a: Volcarona\n|-singleturn|p2a: Volcarona|move: Rage Powder\n|move|p2b: Salukamelczizou|Flare Blitz|p1a: Primarina\n|-resisted|p1a: Primarina|1\n|-damage|p1a: Primarina|61/100\n|move|p1b: Houndoom|Flamethrower|p2a: Volcarona\n|-damage|p2a: Volcarona|48/100\n|\n|-weather|Snowscape|[upkeep]\n|-heal|p2a: Volcarona|54/100|[from] item: Leftovers\n|-damage|p2b: Salukamelczizou|56/100 psn|[from] psn\n|upkeep\n|turn|4\n|\n|t:|1776349054\n|move|p1a: Primarina|Protect|p1a: Primarina\n|-singleturn|p1a: Primarina|Protect\n|move|p2b: Salukamelczizou|Head Smash|p1b: Houndoom\n|-supereffective|p1b: Houndoom|1\n|-damage|p1b: Houndoom|0 fnt\n|faint|p1b: Houndoom\n|move|p2a: Volcarona|Giga Drain|p1a: Primarina\n|-activate|p1a: Primarina|move: Protect\n|\n|-weather|Snowscape|[upkeep]\n|-heal|p2a: Volcarona|60/100|[from] item: Leftovers\n|-damage|p2b: Salukamelczizou|44/100 psn|[from] psn\n|-sideend|p2: maximegashlongito|move: Tailwind\n|upkeep\n|\n|t:|1776349065\n|switch|p1b: Sneasler|Sneasler, L50, M|41/100\n|turn|5\n|\n|t:|1776349081\n|move|p1b: Sneasler|Fake Out|p2b: Salukamelczizou\n|-resisted|p2b: Salukamelczizou|1\n|-damage|p2b: Salukamelczizou|37/100 psn\n|cant|p2b: Salukamelczizou|flinch\n|move|p2a: Volcarona|Giga Drain|p1a: Primarina\n|-supereffective|p1a: Primarina|1\n|-damage|p1a: Primarina|26/100\n|-heal|p2a: Volcarona|78/100|[from] drain|[of] p1a: Primarina\n|move|p1a: Primarina|Hyper Voice|p2a: Volcarona|[spread] p2a,p2b\n|-supereffective|p2a: Volcarona|1\n|-supereffective|p2b: Salukamelczizou|2\n|-enditem|p2b: Salukamelczizou|Passho Berry|[eat]\n|-enditem|p2b: Salukamelczizou|Passho Berry|[weaken]\n|-damage|p2a: Volcarona|36/100\n|-damage|p2b: Salukamelczizou|0 fnt\n|faint|p2b: Salukamelczizou\n|\n|-weather|none\n|-heal|p2a: Volcarona|42/100|[from] item: Leftovers\n|-sideend|p2: maximegashlongito|move: Aurora Veil\n|upkeep\n|\n|t:|1776349099\n|switch|p2b: Noivern|Noivern, L50, F|100/100\n|turn|6\n|\n|t:|1776349126\n|switch|p1b: Ninetales|Ninetales, L50, F|100/100\n|-weather|SunnyDay|[from] ability: Drought|[of] p1b: Ninetales\n|move|p2b: Noivern|Boomburst|p1b: Ninetales|[spread] p2a,p1a,p1b\n|-crit|p2a: Volcarona\n|-damage|p2a: Volcarona|2/100\n|-damage|p1a: Primarina|0 fnt\n|-damage|p1b: Ninetales|77/100\n|faint|p1a: Primarina\n|move|p2a: Volcarona|Giga Drain|p1b: Ninetales\n|-resisted|p1b: Ninetales|1\n|-crit|p1b: Ninetales\n|-damage|p1b: Ninetales|65/100\n|-heal|p2a: Volcarona|8/100|[from] drain|[of] p1b: Ninetales\n|\n|-weather|SunnyDay|[upkeep]\n|-heal|p2a: Volcarona|14/100|[from] item: Leftovers\n|upkeep\n|\n|t:|1776349137\n|switch|p1a: Sneasler|Sneasler, L50, M|41/100\n|turn|7\n|\n|t:|1776349164\n|move|p1a: Sneasler|Fake Out|p2a: Volcarona\n|-damage|p2a: Volcarona|0 fnt\n|-status|p1a: Sneasler|brn|[from] ability: Flame Body|[of] p2a: Volcarona\n|faint|p2a: Volcarona\n|move|p2b: Noivern|Boomburst|p1a: Sneasler|[spread] p1a,p1b\n|-damage|p1a: Sneasler|0 fnt\n|-damage|p1b: Ninetales|41/100\n|-enditem|p1b: Ninetales|Sitrus Berry|[eat]\n|-heal|p1b: Ninetales|66/100|[from] item: Sitrus Berry\n|faint|p1a: Sneasler\n|move|p1b: Ninetales|Encore|p2b: Noivern\n|-start|p2b: Noivern|Encore\n|\n|-weather|SunnyDay|[upkeep]\n|upkeep\n|turn|8\n|\n|t:|1776349176\n|move|p2b: Noivern|Boomburst|p1b: Ninetales\n|-damage|p1b: Ninetales|35/100\n|move|p1b: Ninetales|Disable|p2b: Noivern\n|-start|p2b: Noivern|Disable|Boomburst\n|\n|-weather|SunnyDay|[upkeep]\n|upkeep\n|turn|9\n|\n|t:|1776349181\n|-activate|p2b: Noivern|move: Struggle\n|move|p2b: Noivern|Struggle|p1b: Ninetales\n|-damage|p1b: Ninetales|25/100\n|-damage|p2b: Noivern|75/100|[from] recoil\n|move|p1b: Ninetales|Heat Wave|p2b: Noivern\n|-resisted|p2b: Noivern|1\n|-damage|p2b: Noivern|47/100\n|\n|-weather|SunnyDay|[upkeep]\n|upkeep\n|turn|10\n|\n|t:|1776349185\n|-activate|p2b: Noivern|move: Struggle\n|move|p2b: Noivern|Struggle|p1b: Ninetales\n|-damage|p1b: Ninetales|16/100\n|-damage|p2b: Noivern|22/100|[from] recoil\n|move|p1b: Ninetales|Heat Wave|p2b: Noivern\n|-resisted|p2b: Noivern|1\n|-damage|p2b: Noivern|0 fnt\n|faint|p2b: Noivern\n|\n|win|helo hru\n|raw|helo hru's rating: 1095 &rarr; <strong>1114</strong><br />(+19 for winning)\n|raw|maximegashlongito's rating: 1000 &rarr; <strong>1000</strong><br />(+0 for losing)\n|l|\u2606maximegashlongito\n|player|p2|\n",
  "uploadtime": 1776349978,
  "views": 31,
  "formatid": "gen9championsvgc2026regma",
  "rating": 1000,
  "private": 0,
  "password": null
}