{
  "id": "gen9championsvgc2026regma-2585363995",
  "format": "[Gen 9 Champions] VGC 2026 Reg M-A",
  "players": [
    "Zapdos79",
    "PeePooBum"
  ],
  "log": "|j|\u2606Zapdos79\n|j|\u2606PeePooBum\n|t:|1776341549\n|gametype|doubles\n|player|p1|Zapdos79|flannery|1120\n|player|p2|PeePooBum|265|1175\n|gen|9\n|tier|[Gen 9 Champions] VGC 2026 Reg M-A\n|rated|\n|rule|Species Clause: Limit one of each Pok\u00e9mon\n|rule|Item Clause: Limit 1 of each item\n|clearpoke\n|poke|p1|Tyranitar, L50, M|\n|poke|p1|Basculegion, L50, M|\n|poke|p1|Excadrill, L50, F|\n|poke|p1|Meganium, L50, M|\n|poke|p1|Farigiraf, L50, M|\n|poke|p1|Incineroar, L50, M|\n|poke|p2|Meganium, L50, M|\n|poke|p2|Milotic, L50, M|\n|poke|p2|Altaria, L50, M|\n|poke|p2|Farigiraf, L50, M|\n|poke|p2|Arcanine-Hisui, L50, F|\n|poke|p2|Aegislash, L50, F|\n|teampreview|4\n|\n|t:|1776341624\n|teamsize|p1|4\n|teamsize|p2|4\n|start\n|switch|p1a: Tyranitar|Tyranitar, L50, M|100/100\n|switch|p1b: Excadrill|Excadrill, L50, F|100/100\n|switch|p2a: Milotic|Milotic, L50, M|100/100\n|switch|p2b: Meganium|Meganium, L50, M|100/100\n|-weather|Sandstorm|[from] ability: Sand Stream|[of] p1a: Tyranitar\n|turn|1\n|\n|t:|1776341656\n|detailschange|p2b: Meganium|Meganium-Mega, L50, M\n|-mega|p2b: Meganium|Meganium|Meganiumite\n|move|p2b: Meganium|Protect|p2b: Meganium\n|-singleturn|p2b: Meganium|Protect\n|move|p1b: Excadrill|High Horsepower|p2a: Milotic\n|-damage|p2a: Milotic|42/100\n|move|p1a: Tyranitar|Knock Off|p2a: Milotic\n|-damage|p2a: Milotic|0 fnt\n|-enditem|p2a: Milotic|Leftovers|[from] move: Knock Off|[of] p1a: Tyranitar\n|faint|p2a: Milotic\n|\n|-weather|Sandstorm|[upkeep]\n|-damage|p2b: Meganium|95/100|[from] Sandstorm\n|upkeep\n|\n|t:|1776341673\n|switch|p2a: Altaria|Altaria, L50, M|100/100\n|-ability|p2a: Altaria|Cloud Nine\n|turn|2\n|\n|t:|1776341690\n|switch|p1a: Meganium|Meganium, L50, M|100/100\n|switch|p2b: Aegislash|Aegislash, L50, F|100/100\n|move|p1b: Excadrill|Iron Head|p2b: Aegislash\n|-resisted|p2b: Aegislash|1\n|-damage|p2b: Aegislash|84/100\n|move|p2a: Altaria|Will-O-Wisp|p1a: Meganium\n|-status|p1a: Meganium|brn\n|\n|-weather|Sandstorm|[upkeep]\n|-damage|p1a: Meganium|95/100 brn|[from] brn\n|upkeep\n|turn|3\n|\n|t:|1776341719\n|move|p1a: Meganium|Protect|p1a: Meganium\n|-singleturn|p1a: Meganium|Protect\n|move|p2b: Aegislash|King's Shield|p2b: Aegislash\n|-singleturn|p2b: Aegislash|Protect\n|move|p1b: Excadrill|Rock Slide|p2a: Altaria|[spread] p2a\n|-activate|p2b: Aegislash|move: Protect\n|-supereffective|p2a: Altaria|1\n|-damage|p2a: Altaria|58/100\n|cant|p2a: Altaria|flinch\n|\n|-weather|Sandstorm|[upkeep]\n|-damage|p1a: Meganium|89/100 brn|[from] brn\n|upkeep\n|turn|4\n|\n|t:|1776341778\n|switch|p1a: Basculegion|Basculegion, L50, M|100/100\n|move|p1b: Excadrill|Iron Head|p2a: Altaria\n|-damage|p2a: Altaria|10/100\n|cant|p2a: Altaria|flinch\n|-formechange|p2b: Aegislash|Aegislash-Blade|\n|move|p2b: Aegislash|Iron Head|p1a: Basculegion\n|-resisted|p1a: Basculegion|1\n|-damage|p1a: Basculegion|67/100\n|\n|-weather|Sandstorm|[upkeep]\n|upkeep\n|turn|5\n|\n|t:|1776341821\n|move|p2a: Altaria|Protect|p2a: Altaria\n|-singleturn|p2a: Altaria|Protect\n|-formechange|p2b: Aegislash|Aegislash|\n|move|p2b: Aegislash|King's Shield|p2b: Aegislash\n|-singleturn|p2b: Aegislash|Protect\n|move|p1a: Basculegion|Flip Turn|p2a: Altaria\n|-activate|p2a: Altaria|move: Protect\n|move|p1b: Excadrill|Rock Slide|p2a: Altaria|[spread] \n|-activate|p2a: Altaria|move: Protect\n|-activate|p2b: Aegislash|move: Protect\n|\n|-weather|none\n|upkeep\n|turn|6\n|\n|t:|1776341848\n|switch|p2a: Meganium|Meganium-Mega, L50, M|95/100\n|move|p1a: Basculegion|Flip Turn|p2a: Meganium\n|-resisted|p2a: Meganium|1\n|-damage|p2a: Meganium|78/100\n|\n|t:|1776341858\n|switch|p1a: Tyranitar|Tyranitar, L50, M|100/100|[from] Flip Turn\n|-weather|Sandstorm|[from] ability: Sand Stream|[of] p1a: Tyranitar\n|move|p1b: Excadrill|High Horsepower|p2b: Aegislash\n|-supereffective|p2b: Aegislash|1\n|-damage|p2b: Aegislash|0 fnt\n|faint|p2b: Aegislash\n|\n|-weather|Sandstorm|[upkeep]\n|-damage|p2a: Meganium|72/100|[from] Sandstorm\n|upkeep\n|\n|t:|1776341875\n|switch|p2b: Altaria|Altaria, L50, M|10/100\n|-ability|p2b: Altaria|Cloud Nine\n|turn|7\n|\n|t:|1776341887\n|move|p1b: Excadrill|Iron Head|p2a: Meganium\n|-supereffective|p2a: Meganium|1\n|-damage|p2a: Meganium|0 fnt\n|faint|p2a: Meganium\n|move|p2b: Altaria|Tailwind|p2b: Altaria\n|-sidestart|p2: PeePooBum|move: Tailwind\n|move|p1a: Tyranitar|Rock Slide|p2b: Altaria\n|-supereffective|p2b: Altaria|1\n|-damage|p2b: Altaria|0 fnt\n|faint|p2b: Altaria\n|\n|win|Zapdos79\n|raw|Zapdos79's rating: 1120 &rarr; <strong>1149</strong><br />(+29 for winning)\n|raw|PeePooBum's rating: 1175 &rarr; <strong>1146</strong><br />(-29 for losing)\n|l|\u2606PeePooBum\n|player|p2|\n|c|\u2606Zapdos79|gg\n",
  "uploadtime": 1776341899,
  "views": 21,
  "formatid": "gen9championsvgc2026regma",
  "rating": 1146,
  "private": 0,
  "password": null
}