{
  "id": "gen9championsvgc2026regma-2588555788",
  "format": "[Gen 9 Champions] VGC 2026 Reg M-A",
  "players": [
    "SakikoPlushie",
    "Jirowoo"
  ],
  "log": "|j|\u2606SakikoPlushie\n|j|\u2606Jirowoo\n|t:|1776644584\n|gametype|doubles\n|player|p1|SakikoPlushie|miku-ghost|\n|player|p2|Jirowoo|benga|\n|gen|9\n|tier|[Gen 9 Champions] VGC 2026 Reg M-A\n|rule|Species Clause: Limit one of each Pok\u00e9mon\n|rule|Item Clause: Limit 1 of each item\n|clearpoke\n|poke|p1|Archaludon, L50, M|\n|poke|p1|Politoed, L50, M|\n|poke|p1|Toxicroak, L50, M|\n|poke|p1|Corviknight, L50, M|\n|poke|p1|Chimecho, L50, M|\n|poke|p1|Basculegion-F, L50, F|\n|poke|p2|Meganium, L50, M|\n|poke|p2|Politoed, L50, F|\n|poke|p2|Basculegion-F, L50, F, shiny|\n|poke|p2|Toxicroak, L50, F|\n|poke|p2|Archaludon, L50, F|\n|poke|p2|Maushold, L50|\n|teampreview|4\nSakikoPlushie has agreed to open team sheets.\nJirowoo has agreed to open team sheets.\n|showteam|p1|Archaludon||DragonFang|Stamina|DracoMeteor,ElectroShot,FlashCannon,Protect|||M|||50|]Politoed||SitrusBerry|Drizzle|Protect,WeatherBall,Hypnosis,Encore|||M|||50|]Toxicroak||PoisonBarb|DrySkin|FakeOut,CloseCombat,Coaching,GunkShot|||M|||50|]Corviknight||Leftovers|MirrorArmor|Tailwind,BraveBird,Roost,Taunt|||M|||50|]Chimecho||Chimechite|Levitate|Psychic,CosmicPower,Recover,BatonPass|||M|||50|]Basculegion-F||MysticWater|Adaptability|IcyWind,ShadowBall,Surf,Protect|||F|||50|\n|showteam|p2|Meganium||Meganiumite|Overgrow|WeatherBall,Protect,SolarBeam,Synthesis|||M|||50|]Politoed||SitrusBerry|Drizzle|Protect,WeatherBall,Hypnosis,Encore|||F|||50|]Basculegion-F||MysticWater|Adaptability|IcyWind,ShadowBall,Surf,Protect|||F|||50|]Toxicroak||PoisonBarb|DrySkin|FakeOut,CloseCombat,Coaching,GunkShot|||F|||50|]Archaludon||DragonFang|Stamina|DracoMeteor,ElectroShot,FlashCannon,Protect|||F|||50|]Maushold||ChopleBerry|FriendGuard|FollowMe,PopulationBomb,SuperFang,HelpingHand||||||50|\n|j| zCamii\n|j| Vikin\n|\n|t:|1776644624\n|teamsize|p1|4\n|teamsize|p2|4\n|start\n|switch|p1a: Archaludon|Archaludon, L50, M|100/100\n|switch|p1b: Toxicroak|Toxicroak, L50, M|100/100\n|switch|p2a: Politoed|Politoed, L50, F|100/100\n|switch|p2b: Basculegion|Basculegion-F, L50, F, shiny|100/100\n|-weather|RainDance|[from] ability: Drizzle|[of] p2a: Politoed\n|turn|1\n|\n|t:|1776644648\n|move|p2b: Basculegion|Protect|p2b: Basculegion\n|-singleturn|p2b: Basculegion|Protect\n|move|p2a: Politoed|Protect|p2a: Politoed\n|-singleturn|p2a: Politoed|Protect\n|move|p1b: Toxicroak|Fake Out|p2a: Politoed\n|-activate|p2a: Politoed|move: Protect\n|move|p1a: Archaludon|Electro Shot||[still]\n|-prepare|p1a: Archaludon|Electro Shot\n|-boost|p1a: Archaludon|spa|1\n|-anim|p1a: Archaludon|Electro Shot|p2b: Basculegion\n|-activate|p2b: Basculegion|move: Protect\n|\n|-weather|RainDance|[upkeep]\n|upkeep\n|turn|2\n|\n|t:|1776644674\n|switch|p2b: Archaludon|Archaludon, L50, F|100/100\n|move|p1b: Toxicroak|Gunk Shot|p2a: Politoed|[miss]\n|-miss|p1b: Toxicroak|p2a: Politoed\n|move|p1a: Archaludon|Electro Shot||[still]\n|-prepare|p1a: Archaludon|Electro Shot\n|-boost|p1a: Archaludon|spa|1\n|-anim|p1a: Archaludon|Electro Shot|p2b: Archaludon\n|-resisted|p2b: Archaludon|1\n|-damage|p2b: Archaludon|46/100\n|-ability|p2b: Archaludon|Stamina|boost\n|-boost|p2b: Archaludon|def|1\n|move|p2a: Politoed|Hypnosis|p1a: Archaludon\n|-status|p1a: Archaludon|slp|[from] move: Hypnosis\n|\n|-weather|RainDance|[upkeep]\n|upkeep\n|turn|3\n|c|\u2606SakikoPlushie|Ok\n|c|\u2606SakikoPlushie|lmao\n|\n|t:|1776644714\n|move|p1b: Toxicroak|Close Combat|p2b: Archaludon\n|-supereffective|p2b: Archaludon|1\n|-damage|p2b: Archaludon|0 fnt\n|-unboost|p1b: Toxicroak|def|1\n|-unboost|p1b: Toxicroak|spd|1\n|faint|p2b: Archaludon\n|cant|p1a: Archaludon|slp\n|move|p2a: Politoed|Hypnosis|p1b: Toxicroak|[miss]\n|-miss|p2a: Politoed|p1b: Toxicroak\n|\n|-weather|RainDance|[upkeep]\n|upkeep\n|\n|t:|1776644719\n|switch|p2b: Basculegion|Basculegion-F, L50, F, shiny|100/100\n|turn|4\n|\n|t:|1776644738\n|move|p1b: Toxicroak|Close Combat|p2a: Politoed\n|-damage|p2a: Politoed|37/100\n|-unboost|p1b: Toxicroak|def|1\n|-unboost|p1b: Toxicroak|spd|1\n|-enditem|p2a: Politoed|Sitrus Berry|[eat]\n|-heal|p2a: Politoed|61/100|[from] item: Sitrus Berry\n|move|p2b: Basculegion|Shadow Ball|p1a: Archaludon\n|-damage|p1a: Archaludon|27/100 slp\n|-ability|p1a: Archaludon|Stamina|boost\n|-boost|p1a: Archaludon|def|1\n|cant|p1a: Archaludon|slp\n|move|p2a: Politoed|Weather Ball|p1a: Archaludon\n|-resisted|p1a: Archaludon|1\n|-damage|p1a: Archaludon|0 fnt\n|faint|p1a: Archaludon\n|\n|-weather|RainDance|[upkeep]\n|upkeep\n|\n|t:|1776644760\n|switch|p1a: Basculegion|Basculegion-F, L50, F|100/100\n|turn|5\n|\n|t:|1776644779\n|move|p1b: Toxicroak|Close Combat|p2a: Politoed\n|-damage|p2a: Politoed|5/100\n|-unboost|p1b: Toxicroak|def|1\n|-unboost|p1b: Toxicroak|spd|1\n|move|p2b: Basculegion|Shadow Ball|p1a: Basculegion\n|-supereffective|p1a: Basculegion|1\n|-damage|p1a: Basculegion|0 fnt\n|faint|p1a: Basculegion\n|move|p2a: Politoed|Hypnosis|p1b: Toxicroak|[miss]\n|-miss|p2a: Politoed|p1b: Toxicroak\n|\n|-weather|none\n|upkeep\n|\n|t:|1776644791\n|switch|p1a: Chimecho|Chimecho, L50, M|100/100\n|turn|6\n|\n|t:|1776644816\n|detailschange|p1a: Chimecho|Chimecho-Mega, L50, M\n|-mega|p1a: Chimecho|Chimecho|Chimechite\n|move|p1b: Toxicroak|Close Combat|p2a: Politoed\n|-damage|p2a: Politoed|0 fnt\n|-unboost|p1b: Toxicroak|def|1\n|-unboost|p1b: Toxicroak|spd|1\n|faint|p2a: Politoed\n|move|p2b: Basculegion|Shadow Ball|p1a: Chimecho\n|-supereffective|p1a: Chimecho|1\n|-damage|p1a: Chimecho|30/100\n|move|p1a: Chimecho|Cosmic Power|p1a: Chimecho\n|-boost|p1a: Chimecho|def|1\n|-boost|p1a: Chimecho|spd|1\n|\n|upkeep\n|\n|t:|1776644821\n|switch|p2a: Toxicroak|Toxicroak, L50, F|100/100\n|turn|7\n|\n|t:|1776644834\n|move|p2a: Toxicroak|Fake Out|p1b: Toxicroak\n|-damage|p1b: Toxicroak|46/100\n|cant|p1b: Toxicroak|flinch\n|move|p2b: Basculegion|Shadow Ball|p1a: Chimecho\n|-supereffective|p1a: Chimecho|1\n|-damage|p1a: Chimecho|0 fnt\n|faint|p1a: Chimecho\n|\n|upkeep\n|turn|8\n|c|\u2606SakikoPlushie|gg\n|-message|SakikoPlushie forfeited.\n|\n|win|Jirowoo\n|l|\u2606SakikoPlushie\n|player|p1|\n|c|\u2606Jirowoo|gg\n",
  "uploadtime": 1776644588,
  "views": 11,
  "formatid": "gen9championsvgc2026regma",
  "rating": null,
  "private": 0,
  "password": null
}