{
  "id": "gen9championsvgc2026regma-2587619469",
  "format": "[Gen 9 Champions] VGC 2026 Reg M-A",
  "players": [
    "Evil Yarrack",
    "Sic-beatz"
  ],
  "log": "|j|\u2606Evil Yarrack\n|j|\u2606Sic-beatz\n|t:|1776547556\n|gametype|doubles\n|player|p1|Evil Yarrack|youngster-gen4dp|1510\n|player|p2|Sic-beatz|102|1572\n|gen|9\n|tier|[Gen 9 Champions] VGC 2026 Reg M-A\n|rated|\n|rule|Species Clause: Limit one of each Pok\u00e9mon\n|rule|Item Clause: Limit 1 of each item\n|clearpoke\n|poke|p1|Scizor, L50, M|\n|poke|p1|Tyranitar, L50, F|\n|poke|p1|Lycanroc, L50, F|\n|poke|p1|Clawitzer, L50, M|\n|poke|p1|Whimsicott, L50, M|\n|poke|p1|Sinistcha, L50|\n|poke|p2|Starmie, L50, shiny|\n|poke|p2|Archaludon, L50, F, shiny|\n|poke|p2|Orthworm, L50, F, shiny|\n|poke|p2|Pelipper, L50, M, shiny|\n|poke|p2|Sneasler, L50, F, shiny|\n|poke|p2|Sinistcha, L50, shiny|\n|teampreview|4\n|inactive|Battle timer is ON: inactive players will automatically lose when time's up. (requested by Evil Yarrack)\n|inactive|Evil Yarrack has 60 seconds left.\n|inactive|Evil Yarrack has 30 seconds left.\n|\n|t:|1776547626\n|teamsize|p1|4\n|teamsize|p2|4\n|start\n|switch|p1a: Whimsicott|Whimsicott, L50, M|100/100\n|switch|p1b: Tyranitar|Tyranitar, L50, F|100/100\n|switch|p2a: Archaludon|Archaludon, L50, F, shiny|100/100\n|switch|p2b: Sinistcha|Sinistcha, L50, shiny|100/100\n|-weather|Sandstorm|[from] ability: Sand Stream|[of] p1b: Tyranitar\n|turn|1\n|\n|t:|1776547650\n|detailschange|p1b: Tyranitar|Tyranitar-Mega, L50, F\n|-mega|p1b: Tyranitar|Tyranitar|Tyranitarite\n|move|p1a: Whimsicott|Protect|p1a: Whimsicott\n|-singleturn|p1a: Whimsicott|Protect\n|move|p1b: Tyranitar|Protect|p1b: Tyranitar\n|-singleturn|p1b: Tyranitar|Protect\n|move|p2a: Archaludon|Electro Shot||[still]\n|-prepare|p2a: Archaludon|Electro Shot\n|-boost|p2a: Archaludon|spa|1\n|move|p2b: Sinistcha|Matcha Gotcha|p1a: Whimsicott|[spread] \n|-activate|p1a: Whimsicott|move: Protect\n|-activate|p1b: Tyranitar|move: Protect\n|\n|-weather|Sandstorm|[upkeep]\n|-damage|p1a: Whimsicott|95/100|[from] Sandstorm\n|-damage|p2b: Sinistcha|95/100|[from] Sandstorm\n|upkeep\n|turn|2\n|inactive|Evil Yarrack has 30 seconds left.\n|inactive|Evil Yarrack has 20 seconds left.\n|\n|t:|1776547685\n|move|p1a: Whimsicott|Encore|p2a: Archaludon\n|-start|p2a: Archaludon|Encore\n|move|p1b: Tyranitar|Assurance|p2b: Sinistcha\n|-supereffective|p2b: Sinistcha|1\n|-enditem|p2b: Sinistcha|Colbur Berry|[eat]\n|-enditem|p2b: Sinistcha|Colbur Berry|[weaken]\n|-damage|p2b: Sinistcha|62/100\n|move|p2a: Archaludon|Electro Shot|p1b: Tyranitar|[from] lockedmove\n|-damage|p1b: Tyranitar|67/100\n|move|p2b: Sinistcha|Life Dew||[still]|[spread] p2a,p2b\n|-fail|p2a: Archaludon|heal\n|-heal|p2b: Sinistcha|87/100\n|\n|-weather|Sandstorm|[upkeep]\n|-damage|p1a: Whimsicott|89/100|[from] Sandstorm\n|-damage|p2b: Sinistcha|81/100|[from] Sandstorm\n|upkeep\n|turn|3\n|\n|t:|1776547703\n|switch|p2b: Pelipper|Pelipper, L50, M, shiny|100/100\n|-weather|RainDance|[from] ability: Drizzle|[of] p2b: Pelipper\n|move|p1a: Whimsicott|Energy Ball|p2b: Pelipper\n|-damage|p2b: Pelipper|69/100\n|move|p1b: Tyranitar|Assurance|p2b: Pelipper\n|-damage|p2b: Pelipper|0 fnt\n|faint|p2b: Pelipper\n|move|p2a: Archaludon|Electro Shot||[still]\n|-prepare|p2a: Archaludon|Electro Shot\n|-boost|p2a: Archaludon|spa|1\n|-anim|p2a: Archaludon|Electro Shot|p1a: Whimsicott\n|-resisted|p1a: Whimsicott|1\n|-damage|p1a: Whimsicott|32/100\n|\n|-weather|RainDance|[upkeep]\n|upkeep\n|\n|t:|1776547721\n|switch|p2b: Starmie|Starmie, L50, shiny|100/100\n|turn|4\n|\n|t:|1776547732\n|detailschange|p2b: Starmie|Starmie-Mega, L50, shiny\n|-mega|p2b: Starmie|Starmie|Starminite\n|move|p1a: Whimsicott|Tailwind|p1a: Whimsicott\n|-sidestart|p1: Evil Yarrack|move: Tailwind\n|move|p1b: Tyranitar|Assurance|p2b: Starmie\n|-supereffective|p2b: Starmie|1\n|-damage|p2b: Starmie|5/100\n|move|p2b: Starmie|Liquidation|p1b: Tyranitar\n|-supereffective|p1b: Tyranitar|1\n|-damage|p1b: Tyranitar|0 fnt\n|faint|p1b: Tyranitar\n|move|p2a: Archaludon|Electro Shot||[still]\n|-prepare|p2a: Archaludon|Electro Shot\n|-boost|p2a: Archaludon|spa|1\n|-anim|p2a: Archaludon|Electro Shot|p1a: Whimsicott\n|-resisted|p1a: Whimsicott|1\n|-damage|p1a: Whimsicott|0 fnt\n|faint|p1a: Whimsicott\n|\n|-weather|RainDance|[upkeep]\n|-end|p2a: Archaludon|Encore\n|upkeep\n|\n|t:|1776547748\n|switch|p1a: Lycanroc|Lycanroc, L50, F|100/100\n|switch|p1b: Clawitzer|Clawitzer, L50, M|100/100\n|turn|5\n|\n|t:|1776547767\n|move|p2a: Archaludon|Protect|p2a: Archaludon\n|-singleturn|p2a: Archaludon|Protect\n|move|p2b: Starmie|Aqua Jet|p1a: Lycanroc\n|-supereffective|p1a: Lycanroc|1\n|-enditem|p1a: Lycanroc|Focus Sash\n|-damage|p1a: Lycanroc|1/100\n|move|p1a: Lycanroc|Rock Slide|p2b: Starmie|[spread] p2b\n|-activate|p2a: Archaludon|move: Protect\n|-damage|p2b: Starmie|0 fnt\n|faint|p2b: Starmie\n|move|p1b: Clawitzer|Aura Sphere|p2a: Archaludon\n|-activate|p2a: Archaludon|move: Protect\n|\n|-weather|RainDance|[upkeep]\n|upkeep\n|\n|t:|1776547783\n|switch|p2b: Sinistcha|Sinistcha, L50, shiny|81/100\n|turn|6\n|j| Unchained\n|\n|t:|1776547800\n|move|p2b: Sinistcha|Rage Powder|p2b: Sinistcha\n|-singleturn|p2b: Sinistcha|move: Rage Powder\n|move|p1a: Lycanroc|Rock Slide|p2a: Archaludon|[spread] p2a,p2b\n|-resisted|p2a: Archaludon|1\n|-damage|p2a: Archaludon|91/100\n|-damage|p2b: Sinistcha|57/100\n|-ability|p2a: Archaludon|Stamina|boost\n|-boost|p2a: Archaludon|def|1\n|move|p1b: Clawitzer|Ice Beam|p2b: Sinistcha\n|-supereffective|p2b: Sinistcha|1\n|-crit|p2b: Sinistcha\n|-damage|p2b: Sinistcha|0 fnt\n|faint|p2b: Sinistcha\n|cant|p2a: Archaludon|flinch\n|\n|-weather|RainDance|[upkeep]\n|-heal|p2a: Archaludon|97/100|[from] item: Leftovers\n|upkeep\n|turn|7\n|\n|t:|1776547816\n|move|p2a: Archaludon|Protect|p2a: Archaludon\n|-singleturn|p2a: Archaludon|Protect\n|move|p1a: Lycanroc|Close Combat|p2a: Archaludon\n|-activate|p2a: Archaludon|move: Protect\n|move|p1b: Clawitzer|Aura Sphere|p2a: Archaludon\n|-activate|p2a: Archaludon|move: Protect\n|\n|-weather|none\n|-heal|p2a: Archaludon|100/100|[from] item: Leftovers\n|-sideend|p1: Evil Yarrack|move: Tailwind\n|upkeep\n|turn|8\n|\n|t:|1776547829\n|move|p1a: Lycanroc|Close Combat|p2a: Archaludon\n|-supereffective|p2a: Archaludon|1\n|-damage|p2a: Archaludon|63/100\n|-unboost|p1a: Lycanroc|def|1\n|-unboost|p1a: Lycanroc|spd|1\n|-ability|p2a: Archaludon|Stamina|boost\n|-boost|p2a: Archaludon|def|1\n|move|p1b: Clawitzer|Aura Sphere|p2a: Archaludon\n|-supereffective|p2a: Archaludon|1\n|-damage|p2a: Archaludon|0 fnt\n|faint|p2a: Archaludon\n|\n|win|Evil Yarrack\n|raw|Evil Yarrack's rating: 1533 &rarr; <strong>1555</strong><br />(+22 for winning)\n|raw|Sic-beatz's rating: 1572 &rarr; <strong>1550</strong><br />(-22 for losing)\n|l|\u2606Evil Yarrack\n|player|p1|\n|l|\u2606Sic-beatz\n|player|p2|\n",
  "uploadtime": 1776547849,
  "views": 26,
  "formatid": "gen9championsvgc2026regma",
  "rating": 1550,
  "private": 0,
  "password": null
}