{
  "id": "gen9championsvgc2026regma-2584426260",
  "format": "[Gen 9 Champions] VGC 2026 Reg M-A",
  "players": [
    "StonerXVIII",
    "Stoner007"
  ],
  "log": "|j|\u2606StonerXVIII\n|j|\u2606Stoner007\n|t:|1776260040\n|gametype|doubles\n|player|p1|StonerXVIII|lucas-gen4pt|\n|player|p2|Stoner007|ethan|\n|gen|9\n|tier|[Gen 9 Champions] VGC 2026 Reg M-A\n|rule|Species Clause: Limit one of each Pok\u00e9mon\n|rule|Item Clause: Limit 1 of each item\n|clearpoke\n|poke|p1|Froslass, L50, F|\n|poke|p1|Rotom-Frost, L50|\n|poke|p1|Beartic, L50, M|\n|poke|p1|Empoleon, L50, M|\n|poke|p1|Milotic, L50, M|\n|poke|p1|Incineroar, L50, M|\n|poke|p2|Houndoom, L50, M|\n|poke|p2|Venusaur, L50, M|\n|poke|p2|Sneasler, L50, M|\n|poke|p2|Ninetales, L50, M|\n|poke|p2|Milotic, L50, F|\n|poke|p2|Typhlosion-Hisui, L50, F|\n|teampreview|4\n|inactive|Battle timer is ON: inactive players will automatically lose when time's up. (requested by Stoner007)\nStoner007 rejected open team sheets.\n|inactiveoff|Battle timer is now OFF.\n|\n|t:|1776260085\n|teamsize|p1|4\n|teamsize|p2|4\n|start\n|switch|p1a: Froslass|Froslass, L50, F|100/100\n|switch|p1b: Rotom|Rotom-Frost, L50|100/100\n|switch|p2a: Sneasler|Sneasler, L50, M|100/100\n|switch|p2b: Milotic|Milotic, L50, F|100/100\n|turn|1\n|\n|t:|1776260151\n|detailschange|p1a: Froslass|Froslass-Mega, L50, F\n|-mega|p1a: Froslass|Froslass|Froslassite\n|-weather|Snowscape|[from] ability: Snow Warning|[of] p1a: Froslass\n|move|p2a: Sneasler|Fake Out|p1b: Rotom\n|-damage|p1b: Rotom|90/100\n|cant|p1b: Rotom|flinch\n|move|p1a: Froslass|Aurora Veil|p1a: Froslass\n|-sidestart|p1: StonerXVIII|move: Aurora Veil\n|move|p2b: Milotic|Muddy Water|p1b: Rotom|[spread] p1a,p1b\n|-crit|p1a: Froslass\n|-damage|p1a: Froslass|40/100\n|-damage|p1b: Rotom|68/100\n|-unboost|p1a: Froslass|accuracy|1\n|-unboost|p1b: Rotom|accuracy|1\n|\n|-weather|Snowscape|[upkeep]\n|upkeep\n|turn|2\n|\n|t:|1776260185\n|move|p1b: Rotom|Volt Switch|p2b: Milotic\n|-supereffective|p2b: Milotic|1\n|-damage|p2b: Milotic|53/100\n|\n|t:|1776260190\n|switch|p1b: Incineroar|Incineroar, L50, M|100/100|[from] Volt Switch\n|-ability|p1b: Incineroar|Intimidate|boost\n|-unboost|p2a: Sneasler|atk|1\n|-unboost|p2b: Milotic|atk|1\n|-ability|p2b: Milotic|Competitive|boost\n|-boost|p2b: Milotic|spa|2\n|move|p2a: Sneasler|Close Combat|p1b: Incineroar\n|-supereffective|p1b: Incineroar|1\n|-damage|p1b: Incineroar|41/100\n|-unboost|p2a: Sneasler|def|1\n|-unboost|p2a: Sneasler|spd|1\n|move|p1a: Froslass|Blizzard|p2b: Milotic|[spread] p2a,p2b\n|-resisted|p2b: Milotic|1\n|-damage|p2a: Sneasler|13/100\n|-damage|p2b: Milotic|37/100\n|-status|p2b: Milotic|frz\n|-curestatus|p2b: Milotic|frz|[msg]\n|move|p2b: Milotic|Draining Kiss|p1a: Froslass\n|-damage|p1a: Froslass|12/100\n|-heal|p2b: Milotic|52/100|[from] drain|[of] p1a: Froslass\n|\n|-weather|Snowscape|[upkeep]\n|-heal|p2b: Milotic|58/100|[from] item: Leftovers\n|-heal|p1b: Incineroar|47/100|[from] item: Leftovers\n|upkeep\n|turn|3\n|\n|t:|1776260247\n|move|p2a: Sneasler|Upper Hand|p1b: Incineroar\n|-supereffective|p1b: Incineroar|1\n|-damage|p1b: Incineroar|19/100\n|cant|p1b: Incineroar|flinch\n|move|p1a: Froslass|Blizzard|p2a: Sneasler|[spread] p2a,p2b\n|-resisted|p2b: Milotic|1\n|-damage|p2a: Sneasler|0 fnt\n|-damage|p2b: Milotic|41/100\n|faint|p2a: Sneasler\n|move|p2b: Milotic|Muddy Water|p1a: Froslass|[spread] p1a,p1b\n|-supereffective|p1b: Incineroar|1\n|-damage|p1a: Froslass|0 fnt\n|-damage|p1b: Incineroar|0 fnt\n|faint|p1a: Froslass\n|faint|p1b: Incineroar\n|\n|-weather|Snowscape|[upkeep]\n|-heal|p2b: Milotic|47/100|[from] item: Leftovers\n|upkeep\n|\n|t:|1776260266\n|switch|p2a: Ninetales|Ninetales, L50, M|100/100\n|switch|p1a: Beartic|Beartic, L50, M|100/100\n|switch|p1b: Rotom|Rotom-Frost, L50|68/100\n|-weather|SunnyDay|[from] ability: Drought|[of] p2a: Ninetales\n|turn|4\n|\n|t:|1776260330\n|move|p1b: Rotom|Thunderbolt|p2b: Milotic\n|-supereffective|p2b: Milotic|1\n|-damage|p2b: Milotic|0 fnt\n|faint|p2b: Milotic\n|move|p2a: Ninetales|Extrasensory|p1a: Beartic\n|-damage|p1a: Beartic|88/100\n|move|p1a: Beartic|Earthquake|p2a: Ninetales|[spread] p2a\n|-immune|p1b: Rotom|[from] ability: Levitate\n|-supereffective|p2a: Ninetales|1\n|-damage|p2a: Ninetales|34/100\n|\n|-weather|SunnyDay|[upkeep]\n|upkeep\n|\n|t:|1776260339\n|switch|p2b: Houndoom|Houndoom, L50, M|100/100\n|turn|5\n|\n|t:|1776260360\n|detailschange|p2b: Houndoom|Houndoom-Mega, L50, M\n|-mega|p2b: Houndoom|Houndoom|Houndoominite\n|move|p1b: Rotom|Thunderbolt|p2b: Houndoom\n|-damage|p2b: Houndoom|50/100\n|move|p2b: Houndoom|Heat Wave|p1a: Beartic|[spread] p1a,p1b\n|-supereffective|p1a: Beartic|1\n|-supereffective|p1b: Rotom|1\n|-damage|p1a: Beartic|0 fnt\n|-damage|p1b: Rotom|0 fnt\n|faint|p1a: Beartic\n|faint|p1b: Rotom\n|\n|win|Stoner007\n",
  "uploadtime": 1776260381,
  "views": 18,
  "formatid": "gen9championsvgc2026regma",
  "rating": null,
  "private": 0,
  "password": null
}