{
  "id": "gen9championsvgc2026regma-2583787358",
  "format": "[Gen 9 Champions] VGC 2026 Reg M-A",
  "players": [
    "Bardo52",
    "GeneticIvy"
  ],
  "log": "|j|\u2606Bardo52\n|j|\u2606GeneticIvy\n|html|<table width=\"100%\"><tr><td align=\"left\">Bardo52</td><td align=\"right\">GeneticIvy</tr><tr><td align=\"left\"><i class=\"fa fa-circle-o\"></i> <i class=\"fa fa-circle-o\"></i> </td><td align=\"right\"><i class=\"fa fa-circle-o\"></i> <i class=\"fa fa-circle-o\"></i> </tr></table>\n|uhtml|bestof|<h2><strong>Game 1</strong> of <a href=\"/game-bestof3-gen9championsvgc2026regma-2583787356\">a best-of-3</a></h2>\n|t:|1776197685\n|gametype|doubles\n|player|p1|Bardo52|265|\n|player|p2|GeneticIvy|beauty-gen6xy|\n|gen|9\n|tier|[Gen 9 Champions] VGC 2026 Reg M-A\n|rule|Species Clause: Limit one of each Pok\u00e9mon\n|rule|Item Clause: Limit 1 of each item\n|raw|<div class=\"infobox\"><details class=\"readmore\" open><summary><strong>1 custom rule:</strong></summary> Best of = 3</details></div>\n|clearpoke\n|poke|p1|Glimmora, L50, F|\n|poke|p1|Aegislash, L50, M|\n|poke|p1|Decidueye-Hisui, L50, M|\n|poke|p1|Rotom-Heat, L50|\n|poke|p1|Whimsicott, L50, M|\n|poke|p1|Gyarados, L50, M|\n|poke|p2|Medicham, L50, F|\n|poke|p2|Tyranitar, L50, F|\n|poke|p2|Maushold, L50|\n|poke|p2|Meowscarada, L50, M|\n|poke|p2|Milotic, L50, M|\n|poke|p2|Tauros-Paldea-Blaze, L50, M|\n|teampreview|4\n|c|\u2606Bardo52|Can you drop the live link?\n|c|\u2606Bardo52|I\u2019m on mobile\nBardo52 rejected open team sheets.\n|c|\u2606GeneticIvy|yes\n|c|\u2606GeneticIvy|1 moment\n|c|\u2606Bardo52|Thanks :)\n|c|\u2606Bardo52|Glhf\n|c|\u2606GeneticIvy|likewise\n|j| k3ksmann\n|\n|t:|1776197807\n|teamsize|p1|4\n|teamsize|p2|4\n|start\n|switch|p1a: Glimmora|Glimmora, L50, F|100/100\n|switch|p1b: Whimsicott|Whimsicott, L50, M|100/100\n|switch|p2a: Mike Mitch & Mo|Maushold, L50|100/100\n|switch|p2b: Meowty|Meowscarada, L50, M|100/100\n|turn|1\n|\n|t:|1776197828\n|detailschange|p1a: Glimmora|Glimmora-Mega, L50, F\n|-mega|p1a: Glimmora|Glimmora|Glimmoranite\n|move|p2b: Meowty|Protect|p2b: Meowty\n|-start|p2b: Meowty|typechange|Normal|[from] ability: Protean\n|-singleturn|p2b: Meowty|Protect\n|move|p1b: Whimsicott|Tailwind|p1b: Whimsicott\n|-sidestart|p1: Bardo52|move: Tailwind\n|move|p1a: Glimmora|Dazzling Gleam|p2a: Mike Mitch & Mo|[spread] p2a\n|-activate|p2b: Meowty|move: Protect\n|-damage|p2a: Mike Mitch & Mo|66/100\n|move|p2a: Mike Mitch & Mo|Thunder Wave|p1a: Glimmora\n|-status|p1a: Glimmora|par\n|\n|upkeep\n|turn|2\n|\n|t:|1776197859\n|switch|p1b: Gyarados|Gyarados, L50, M|100/100\n|-ability|p1b: Gyarados|Intimidate|boost\n|-unboost|p2a: Mike Mitch & Mo|atk|1\n|-unboost|p2b: Meowty|atk|1\n|move|p1a: Glimmora|Spiky Shield|p1a: Glimmora\n|-singleturn|p1a: Glimmora|move: Protect\n|move|p2b: Meowty|Flower Trick|p1a: Glimmora\n|-activate|p1a: Glimmora|move: Protect\n|move|p2a: Mike Mitch & Mo|Population Bomb|p1b: Gyarados\n|-damage|p1b: Gyarados|96/100\n|-damage|p1b: Gyarados|91/100\n|-damage|p1b: Gyarados|86/100\n|-damage|p1b: Gyarados|81/100\n|-crit|p1b: Gyarados\n|-damage|p1b: Gyarados|70/100\n|-damage|p1b: Gyarados|65/100\n|-damage|p1b: Gyarados|60/100\n|-damage|p1b: Gyarados|55/100\n|-damage|p1b: Gyarados|50/100\n|-damage|p1b: Gyarados|44/100\n|-hitcount|p1b: Gyarados|10\n|\n|upkeep\n|turn|3\n|c|\u2606Bardo52|Wide lens???\n|c|\u2606GeneticIvy|no\n|\n|t:|1776197915\n|switch|p1a: Decidueye|Decidueye-Hisui, L50, M|100/100\n|move|p1b: Gyarados|Protect|p1b: Gyarados\n|-singleturn|p1b: Gyarados|Protect\n|move|p2b: Meowty|Protect|p2b: Meowty\n|-singleturn|p2b: Meowty|Protect\n|move|p2a: Mike Mitch & Mo|Thunder Wave|p1b: Gyarados\n|-activate|p1b: Gyarados|move: Protect\n|\n|upkeep\n|turn|4\n|c|\u2606Bardo52|It was a joke\n|c|\u2606Bardo52|the item isn\u2019t in the game\n|c|\u2606GeneticIvy|oh\n|c|\u2606GeneticIvy|that makes more sense\n|\n|t:|1776197939\n|switch|p1b: Whimsicott|Whimsicott, L50, M|100/100\n|switch|p2a: Moxie|Medicham, L50, F|100/100\n|move|p1a: Decidueye|Triple Arrows|p2a: Moxie\n|-resisted|p2a: Moxie|1\n|-damage|p2a: Moxie|68/100\n|-unboost|p2a: Moxie|def|1\n|move|p2b: Meowty|Flower Trick|p1b: Whimsicott\n|-resisted|p1b: Whimsicott|1\n|-crit|p1b: Whimsicott\n|-damage|p1b: Whimsicott|78/100\n|\n|-sideend|p1: Bardo52|move: Tailwind\n|upkeep\n|turn|5\n|\n|t:|1776197963\n|detailschange|p2a: Moxie|Medicham-Mega, L50, F\n|-mega|p2a: Moxie|Medicham|Medichamite\n|move|p2a: Moxie|Fake Out|p1b: Whimsicott\n|-damage|p1b: Whimsicott|38/100\n|cant|p1b: Whimsicott|flinch\n|move|p2b: Meowty|Triple Axel|p1b: Whimsicott\n|-supereffective|p1b: Whimsicott|1\n|-damage|p1b: Whimsicott|24/100\n|-supereffective|p1b: Whimsicott|1\n|-damage|p1b: Whimsicott|0 fnt\n|faint|p1b: Whimsicott\n|-hitcount|p1: Whimsicott|2\n|move|p1a: Decidueye|Dual Wingbeat|p2a: Moxie\n|-supereffective|p2a: Moxie|1\n|-damage|p2a: Moxie|15/100\n|-supereffective|p2a: Moxie|1\n|-damage|p2a: Moxie|0 fnt\n|faint|p2a: Moxie\n|-hitcount|p2: Moxie|2\n|\n|upkeep\n|\n|t:|1776197984\n|switch|p1b: Gyarados|Gyarados, L50, M|44/100\n|switch|p2a: Mike Mitch & Mo|Maushold, L50|66/100\n|-ability|p1b: Gyarados|Intimidate|boost\n|-unboost|p2a: Mike Mitch & Mo|atk|1\n|-unboost|p2b: Meowty|atk|1\n|turn|6\n|\n|t:|1776198008\n|switch|p1b: Glimmora|Glimmora-Mega, L50, F|100/100 par\n|move|p2b: Meowty|Flower Trick|p1b: Glimmora\n|-crit|p1b: Glimmora\n|-damage|p1b: Glimmora|72/100 par\n|move|p2a: Mike Mitch & Mo|Population Bomb|p1a: Decidueye\n|-damage|p1a: Decidueye|96/100\n|-damage|p1a: Decidueye|91/100\n|-damage|p1a: Decidueye|86/100\n|-damage|p1a: Decidueye|82/100\n|-damage|p1a: Decidueye|78/100\n|-damage|p1a: Decidueye|74/100\n|-damage|p1a: Decidueye|69/100\n|-damage|p1a: Decidueye|65/100\n|-damage|p1a: Decidueye|61/100\n|-hitcount|p1a: Decidueye|9\n|move|p1a: Decidueye|Triple Arrows|p2b: Meowty\n|-supereffective|p2b: Meowty|1\n|-enditem|p2b: Meowty|Focus Sash\n|-damage|p2b: Meowty|1/100\n|\n|upkeep\n|turn|7\n|\n|t:|1776198056\n|switch|p1a: Gyarados|Gyarados, L50, M|44/100\n|-ability|p1a: Gyarados|Intimidate|boost\n|-unboost|p2a: Mike Mitch & Mo|atk|1\n|-unboost|p2b: Meowty|atk|1\n|move|p1b: Glimmora|Spiky Shield|p1b: Glimmora\n|-singleturn|p1b: Glimmora|move: Protect\n|move|p2b: Meowty|Flower Trick|p1a: Gyarados\n|-crit|p1a: Gyarados\n|-damage|p1a: Gyarados|6/100\n|move|p2a: Mike Mitch & Mo|Thunder Wave|p1a: Gyarados\n|-status|p1a: Gyarados|par\n|\n|upkeep\n|turn|8\n|\n|t:|1776198086\n|move|p2b: Meowty|Protect|p2b: Meowty\n|-singleturn|p2b: Meowty|Protect\n|move|p2a: Mike Mitch & Mo|Population Bomb|p1a: Gyarados\n|-damage|p1a: Gyarados|2/100 par\n|-damage|p1a: Gyarados|0 fnt\n|faint|p1a: Gyarados\n|-hitcount|p1: Gyarados|2\n|move|p1b: Glimmora|Sludge Bomb|p2a: Mike Mitch & Mo\n|-damage|p2a: Mike Mitch & Mo|0 fnt\n|faint|p2a: Mike Mitch & Mo\n|\n|upkeep\n|\n|t:|1776198099\n|switch|p2a: Mildred|Tyranitar, L50, F, shiny|100/100\n|switch|p1a: Decidueye|Decidueye-Hisui, L50, M|61/100\n|-ability|p2a: Mildred|Unnerve\n|turn|9\n|\n|t:|1776198149\n|move|p1a: Decidueye|Protect|p1a: Decidueye\n|-singleturn|p1a: Decidueye|Protect\n|move|p2b: Meowty|Triple Axel|p1a: Decidueye\n|-activate|p1a: Decidueye|move: Protect\n|move|p2a: Mildred|High Horsepower|p1b: Glimmora\n|-supereffective|p1b: Glimmora|2\n|-damage|p1b: Glimmora|0 fnt\n|faint|p1b: Glimmora\n|\n|upkeep\n|turn|10\n|\n|t:|1776198178\n|move|p2b: Meowty|Flower Trick|p1a: Decidueye\n|-resisted|p1a: Decidueye|1\n|-crit|p1a: Decidueye\n|-damage|p1a: Decidueye|42/100\n|move|p1a: Decidueye|Leaf Blade|p2b: Meowty\n|-damage|p2b: Meowty|0 fnt\n|faint|p2b: Meowty\n|move|p2a: Mildred|Knock Off|p1a: Decidueye\n|-resisted|p1a: Decidueye|1\n|-crit|p1a: Decidueye\n|-damage|p1a: Decidueye|0 fnt\n|-enditem|p1a: Decidueye|Payapa Berry|[from] move: Knock Off|[of] p2a: Mildred\n|faint|p1a: Decidueye\n|\n|win|GeneticIvy\n|inactive|Bardo52 has 30 seconds to confirm battle start!\n|inactive|GeneticIvy has 30 seconds to confirm battle start!\n||GeneticIvy is ready for game 2.\n|c|\u2606Bardo52|Gg\n||Bardo52 is ready for game 2.\n|uhtml|next|Next: <a href=\"/battle-gen9championsvgc2026regma-2583794390\"><strong>Game 2 of 3</strong></a>\n",
  "uploadtime": 1776198819,
  "views": 25,
  "formatid": "gen9championsvgc2026regma",
  "rating": null,
  "private": 0,
  "password": null
}