{
  "id": "gen9championsvgc2026regma-2580533989",
  "format": "[Gen 9 Champions] VGC 2026 Reg M-A",
  "players": [
    "Aleeck17",
    "voolase"
  ],
  "log": "|j|\u2606Aleeck17\n|j|\u2606voolase\n|t:|1775909850\n|gametype|doubles\n|player|p1|Aleeck17|170|1000\n|player|p2|voolase|265|1040\n|gen|9\n|tier|[Gen 9 Champions] VGC 2026 Reg M-A\n|rated|\n|rule|Species Clause: Limit one of each Pok\u00e9mon\n|rule|Item Clause: Limit 1 of each item\n|clearpoke\n|poke|p1|Vanilluxe, L50, M|\n|poke|p1|Hawlucha, L50, M|\n|poke|p1|Pikachu, L50, M|\n|poke|p1|Castform, L50, M|\n|poke|p2|Camerupt, L50, M|\n|poke|p2|Whimsicott, L50, M|\n|poke|p2|Hatterene, L50, F|\n|poke|p2|Incineroar, L50, F|\n|poke|p2|Rotom-Wash, L50|\n|poke|p2|Sinistcha, L50|\n|teampreview|4\n|\n|t:|1775909888\n|teamsize|p1|4\n|teamsize|p2|4\n|start\n|switch|p1a: Hawlucha|Hawlucha, L50, M|100/100\n|switch|p1b: Vanilluxe|Vanilluxe, L50, M|100/100\n|switch|p2a: Incineroar|Incineroar, L50, F|100/100\n|switch|p2b: Hatterene|Hatterene, L50, F|100/100\n|-ability|p1a: Hawlucha|Mold Breaker\n|-ability|p2a: Incineroar|Intimidate|boost\n|-unboost|p1a: Hawlucha|atk|1\n|-unboost|p1b: Vanilluxe|atk|1\n|turn|1\n|\n|t:|1775909903\n|detailschange|p1a: Hawlucha|Hawlucha-Mega, L50, M\n|-mega|p1a: Hawlucha|Hawlucha|Hawluchanite\n|move|p2a: Incineroar|Fake Out|p1a: Hawlucha\n|-damage|p1a: Hawlucha|90/100\n|move|p1b: Vanilluxe|Sheer Cold|p2a: Incineroar|[miss]\n|-miss|p1b: Vanilluxe|p2a: Incineroar\n|cant|p1a: Hawlucha|flinch\n|move|p2b: Hatterene|Trick Room|p2b: Hatterene\n|-fieldstart|move: Trick Room|[of] p2b: Hatterene\n|\n|upkeep\n|turn|2\n|\n|t:|1775909936\n|move|p2b: Hatterene|Expanding Force|p1a: Hawlucha\n|-supereffective|p1a: Hawlucha|1\n|-damage|p1a: Hawlucha|0 fnt\n|faint|p1a: Hawlucha\n|move|p2a: Incineroar|Flare Blitz|p1b: Vanilluxe\n|-supereffective|p1b: Vanilluxe|1\n|-damage|p1b: Vanilluxe|0 fnt\n|faint|p1b: Vanilluxe\n|-damage|p2a: Incineroar|71/100|[from] Recoil\n|\n|upkeep\n|\n|t:|1775909946\n|switch|p1b: Castform|Castform, L50, M|100/100\n|switch|p1a: Pikachu|Pikachu, L50, M|100/100\n|turn|3\n|\n|t:|1775909959\n|move|p1b: Castform|Protect|p1b: Castform\n|-singleturn|p1b: Castform|Protect\n|move|p2b: Hatterene|Expanding Force|p1a: Pikachu\n|-enditem|p1a: Pikachu|Focus Sash\n|-damage|p1a: Pikachu|1/100\n|move|p2a: Incineroar|Flare Blitz|p1b: Castform\n|-activate|p1b: Castform|move: Protect\n|move|p1a: Pikachu|Endeavor|p2b: Hatterene\n|-damage|p2b: Hatterene|1/100\n|\n|upkeep\n|turn|4\n|\n|t:|1775909986\n|switch|p2b: Camerupt|Camerupt, L50, M|100/100\n|move|p2a: Incineroar|Flare Blitz|p1b: Castform\n|-damage|p1b: Castform|38/100\n|-enditem|p1b: Castform|Sitrus Berry|[eat]\n|-heal|p1b: Castform|63/100|[from] item: Sitrus Berry\n|-damage|p2a: Incineroar|53/100|[from] Recoil\n|move|p1b: Castform|Hurricane|p2a: Incineroar\n|-damage|p2a: Incineroar|39/100\n|-enditem|p2a: Incineroar|Sitrus Berry|[eat]\n|-heal|p2a: Incineroar|63/100|[from] item: Sitrus Berry\n|move|p1a: Pikachu|Volt Switch|p2b: Camerupt\n|-immune|p2b: Camerupt\n|\n|upkeep\n|turn|5\n|\n|t:|1775910006\n|detailschange|p2b: Camerupt|Camerupt-Mega, L50, M\n|-mega|p2b: Camerupt|Camerupt|Cameruptite\n|move|p2b: Camerupt|Heat Wave|p1a: Pikachu|[spread] p1a,p1b\n|-damage|p1a: Pikachu|0 fnt\n|-damage|p1b: Castform|0 fnt\n|faint|p1a: Pikachu\n|faint|p1b: Castform\n|\n|win|voolase\n",
  "uploadtime": 1775909855,
  "views": 17,
  "formatid": "gen9championsvgc2026regma",
  "rating": null,
  "private": 0,
  "password": null
}