{
  "id": "gen9championsvgc2026regma-2581095197",
  "format": "[Gen 9 Champions] VGC 2026 Reg M-A",
  "players": [
    "maxirp_64",
    "SpiderKash"
  ],
  "log": "|j|\u2606maxirp_64\n|j|\u2606SpiderKash\n|t:|1775959377\n|gametype|doubles\n|player|p1|maxirp_64|lass-gen4|1269\n|player|p2|SpiderKash|2|1332\n|gen|9\n|tier|[Gen 9 Champions] VGC 2026 Reg M-A\n|rated|\n|rule|Species Clause: Limit one of each Pok\u00e9mon\n|rule|Item Clause: Limit 1 of each item\n|clearpoke\n|poke|p1|Floette-Eternal, L50, F|\n|poke|p1|Garchomp, L50, F|\n|poke|p1|Maushold-Four, L50|\n|poke|p1|Sneasler, L50, M|\n|poke|p1|Talonflame, L50, M|\n|poke|p1|Milotic, L50, F|\n|poke|p2|Kangaskhan, L50, F|\n|poke|p2|Incineroar, L50, M|\n|poke|p2|Dragapult, L50, M|\n|poke|p2|Sneasler, L50, F|\n|poke|p2|Whimsicott, L50, F|\n|poke|p2|Floette-Eternal, L50, F|\n|teampreview|4\n|j| acyanmage\n|inactive|Battle timer is ON: inactive players will automatically lose when time's up. (requested by SpiderKash)\n|\n|t:|1775959408\n|teamsize|p1|4\n|teamsize|p2|4\n|start\n|switch|p1a: Milotic|Milotic, L50, F|100/100\n|switch|p1b: Talonflame|Talonflame, L50, M|100/100\n|switch|p2a: Dragapult|Dragapult, L50, M|100/100\n|switch|p2b: Sneasler|Sneasler, L50, F|100/100\n|turn|1\n|\n|t:|1775959421\n|move|p1b: Talonflame|Protect|p1b: Talonflame\n|-singleturn|p1b: Talonflame|Protect\n|move|p1a: Milotic|Protect|p1a: Milotic\n|-singleturn|p1a: Milotic|Protect\n|move|p2b: Sneasler|Fake Out|p1b: Talonflame\n|-activate|p1b: Talonflame|move: Protect\n|move|p2a: Dragapult|Dragon Dance|p2a: Dragapult\n|-boost|p2a: Dragapult|atk|1\n|-boost|p2a: Dragapult|spe|1\n|\n|upkeep\n|turn|2\n|\n|t:|1775959437\n|move|p1b: Talonflame|Tailwind|p1b: Talonflame\n|-sidestart|p1: maxirp_64|move: Tailwind\n|move|p2a: Dragapult|Dragon Darts|p1b: Talonflame\n|-damage|p1b: Talonflame|36/100\n|-anim|p2a: Dragapult|Dragon Darts|p1a: Milotic\n|-damage|p1a: Milotic|60/100\n|move|p1a: Milotic|Muddy Water|p2b: Sneasler|[spread] p2b\n|-miss|p1a: Milotic|p2a: Dragapult\n|-damage|p2b: Sneasler|64/100\n|move|p2b: Sneasler|Close Combat|p1a: Milotic\n|-damage|p1a: Milotic|0 fnt\n|-unboost|p2b: Sneasler|def|1\n|-unboost|p2b: Sneasler|spd|1\n|faint|p1a: Milotic\n|\n|upkeep\n|\n|t:|1775959447\n|switch|p1a: Floette|Floette-Eternal, L50, F|100/100\n|turn|3\n|\n|t:|1775959466\n|switch|p2b: Whimsicott|Whimsicott, L50, F|100/100\n|detailschange|p1a: Floette|Floette-Mega, L50, F\n|-mega|p1a: Floette|Floette|Floettite\n|-ability|p1a: Floette|Fairy Aura\n|move|p2a: Dragapult|Protect|p2a: Dragapult\n|-singleturn|p2a: Dragapult|Protect\n|move|p1b: Talonflame|Brave Bird|p2b: Whimsicott\n|-supereffective|p2b: Whimsicott|1\n|-enditem|p2b: Whimsicott|Coba Berry|[eat]\n|-enditem|p2b: Whimsicott|Coba Berry|[weaken]\n|-damage|p2b: Whimsicott|50/100\n|-damage|p1b: Talonflame|17/100|[from] Recoil\n|move|p1a: Floette|Moonblast|p2a: Dragapult\n|-activate|p2a: Dragapult|move: Protect\n|\n|upkeep\n|turn|4\n|\n|t:|1775959478\n|move|p2b: Whimsicott|Tailwind|p2b: Whimsicott\n|-sidestart|p2: SpiderKash|move: Tailwind\n|move|p2a: Dragapult|Phantom Force||[still]\n|-prepare|p2a: Dragapult|Phantom Force\n|move|p1b: Talonflame|Brave Bird|p2a: Dragapult|[miss]\n|-miss|p1b: Talonflame|p2a: Dragapult\n|move|p1a: Floette|Dazzling Gleam|p2a: Dragapult|[spread] p2b\n|-miss|p1a: Floette|p2a: Dragapult\n|-damage|p2b: Whimsicott|0 fnt\n|faint|p2b: Whimsicott\n|\n|upkeep\n|\n|t:|1775959485\n|switch|p2b: Sneasler|Sneasler, L50, F|64/100\n|turn|5\n|inactive|maxirp_64 has 30 seconds left.\n|\n|t:|1775959519\n|move|p1b: Talonflame|Protect|p1b: Talonflame\n|-singleturn|p1b: Talonflame|Protect\n|move|p1a: Floette|Protect|p1a: Floette\n|-singleturn|p1a: Floette|Protect\n|move|p2b: Sneasler|Fake Out|p1a: Floette\n|-activate|p1a: Floette|move: Protect\n|move|p2a: Dragapult|Phantom Force|p1a: Floette|[from] lockedmove\n|-activate|p1a: Floette|move: Phantom Force|[broken]\n|-damage|p1a: Floette|4/100\n|\n|-sideend|p1: maxirp_64|move: Tailwind\n|upkeep\n|turn|6\n|\n|t:|1775959532\n|move|p2a: Dragapult|Dragon Darts|p1b: Talonflame\n|-damage|p1b: Talonflame|0 fnt\n|faint|p1b: Talonflame\n|move|p2b: Sneasler|Dire Claw|p1a: Floette\n|-supereffective|p1a: Floette|1\n|-damage|p1a: Floette|0 fnt\n|faint|p1a: Floette\n|\n|upkeep\n|-message|maxirp_64 forfeited.\n|\n|win|SpiderKash\n|raw|maxirp_64's rating: 1269 &rarr; <strong>1248</strong><br />(-21 for losing)\n|raw|SpiderKash's rating: 1332 &rarr; <strong>1348</strong><br />(+16 for winning)\n|l|\u2606maxirp_64\n|player|p1|\n",
  "uploadtime": 1775959541,
  "views": 58,
  "formatid": "gen9championsvgc2026regma",
  "rating": 1248,
  "private": 0,
  "password": null
}