{
  "id": "gen9championsvgc2026regma-2585521133",
  "format": "[Gen 9 Champions] VGC 2026 Reg M-A",
  "players": [
    "Limey",
    "reggie1000"
  ],
  "log": "|j|\u2606Limey\n|j|\u2606reggie1000\n|t:|1776353075\n|gametype|doubles\n|player|p1|Limey|caitlin|1124\n|player|p2|reggie1000|102|1176\n|gen|9\n|tier|[Gen 9 Champions] VGC 2026 Reg M-A\n|rated|\n|rule|Species Clause: Limit one of each Pok\u00e9mon\n|rule|Item Clause: Limit 1 of each item\n|clearpoke\n|poke|p1|Incineroar, L50, M|\n|poke|p1|Sinistcha, L50|\n|poke|p1|Aggron, L50, F|\n|poke|p1|Pelipper, L50, M|\n|poke|p1|Sneasler, L50, F|\n|poke|p1|Whimsicott, L50, F|\n|poke|p2|Excadrill, L50, M|\n|poke|p2|Talonflame, L50, M|\n|poke|p2|Basculegion, L50, M|\n|poke|p2|Sneasler, L50, M|\n|poke|p2|Froslass, L50, F|\n|poke|p2|Greninja-*, L50, F|\n|teampreview|4\n|\n|t:|1776353103\n|teamsize|p1|4\n|teamsize|p2|4\n|start\n|switch|p1a: Incineroar|Incineroar, L50, M|100/100\n|switch|p1b: Whimsicott|Whimsicott, L50, F|100/100\n|switch|p2a: Smogon bird|Talonflame, L50, M|100/100\n|switch|p2b: Weezer|Sneasler, L50, M|100/100\n|-ability|p1a: Incineroar|Intimidate|boost\n|-unboost|p2a: Smogon bird|atk|1\n|-unboost|p2b: Weezer|atk|1\n|-enditem|p2b: Weezer|White Herb\n|-clearnegativeboost|p2b: Weezer|[silent]\n|turn|1\n|\n|t:|1776353117\n|move|p2b: Weezer|Fake Out|p1b: Whimsicott\n|-damage|p1b: Whimsicott|86/100\n|move|p2a: Smogon bird|Upper Hand|p1a: Incineroar\n|-supereffective|p1a: Incineroar|1\n|-damage|p1a: Incineroar|78/100\n|cant|p1a: Incineroar|flinch\n|cant|p1b: Whimsicott|flinch\n|\n|upkeep\n|turn|2\n|\n|t:|1776353148\n|move|p2a: Smogon bird|Acrobatics|p1b: Whimsicott\n|-supereffective|p1b: Whimsicott|1\n|-damage|p1b: Whimsicott|42/100\n|move|p1b: Whimsicott|Encore|p2b: Weezer\n|-start|p2b: Weezer|Encore\n|move|p2b: Weezer|Fake Out||[still]\n|-hint|Fake Out only works on your first turn out.\n|-fail|p2b: Weezer\n|move|p1a: Incineroar|Parting Shot|p2b: Weezer\n|-unboost|p2b: Weezer|atk|1\n|-unboost|p2b: Weezer|spa|1\n|\n|t:|1776353160\n|switch|p1a: Aggron|Aggron, L50, F|100/100|[from] Parting Shot\n|\n|upkeep\n|turn|3\n|\n|t:|1776353192\n|switch|p2b: Activision|Froslass, L50, F|100/100\n|detailschange|p1a: Aggron|Aggron-Mega, L50, F\n|-mega|p1a: Aggron|Aggron|Aggronite\n|move|p1a: Aggron|Protect|p1a: Aggron\n|-singleturn|p1a: Aggron|Protect\n|move|p2a: Smogon bird|U-turn|p1b: Whimsicott\n|-damage|p1b: Whimsicott|30/100\n|\n|t:|1776353219\n|switch|p2a: Weezer|Sneasler, L50, M|100/100|[from] U-turn\n|move|p1b: Whimsicott|Moonblast|p2a: Weezer\n|-damage|p2a: Weezer|61/100\n|\n|upkeep\n|turn|4\n|\n|t:|1776353267\n|detailschange|p2b: Activision|Froslass-Mega, L50, F\n|-mega|p2b: Activision|Froslass|Froslassite\n|-weather|Snowscape|[from] ability: Snow Warning|[of] p2b: Activision\n|move|p1b: Whimsicott|Tailwind|p1b: Whimsicott\n|-sidestart|p1: Limey|move: Tailwind\n|move|p2b: Activision|Shadow Ball|p1a: Aggron\n|-damage|p1a: Aggron|60/100\n|move|p2a: Weezer|Dire Claw|p1b: Whimsicott\n|-supereffective|p1b: Whimsicott|2\n|-enditem|p1b: Whimsicott|Kebia Berry|[eat]\n|-enditem|p1b: Whimsicott|Kebia Berry|[weaken]\n|-damage|p1b: Whimsicott|0 fnt\n|faint|p1b: Whimsicott\n|move|p1a: Aggron|Heavy Slam|p2a: Weezer\n|-damage|p2a: Weezer|0 fnt\n|faint|p2a: Weezer\n|\n|-weather|Snowscape|[upkeep]\n|upkeep\n|\n|t:|1776353284\n|switch|p2a: Smogon bird|Talonflame, L50, M|100/100\n|switch|p1b: Pelipper|Pelipper, L50, M|100/100\n|-weather|RainDance|[from] ability: Drizzle|[of] p1b: Pelipper\n|turn|5\n|\n|t:|1776353303\n|move|p2a: Smogon bird|Tailwind|p2a: Smogon bird\n|-sidestart|p2: reggie1000|move: Tailwind\n|move|p2b: Activision|Thunderbolt|p1b: Pelipper\n|-supereffective|p1b: Pelipper|2\n|-damage|p1b: Pelipper|0 fnt\n|faint|p1b: Pelipper\n|move|p1a: Aggron|Heavy Slam|p2b: Activision\n|-supereffective|p2b: Activision|1\n|-damage|p2b: Activision|0 fnt\n|faint|p2b: Activision\n|\n|-weather|RainDance|[upkeep]\n|upkeep\n|\n|t:|1776353312\n|switch|p2b: Froggy|Greninja, L50, F, shiny|100/100\n|switch|p1b: Incineroar|Incineroar, L50, M|78/100\n|-ability|p1b: Incineroar|Intimidate|boost\n|-unboost|p2a: Smogon bird|atk|1\n|-unboost|p2b: Froggy|atk|1\n|turn|6\n|\n|t:|1776353331\n|move|p2a: Smogon bird|Upper Hand||[still]\n|-fail|p2a: Smogon bird\n|move|p2b: Froggy|Hydro Cannon|p1a: Aggron\n|-start|p2b: Froggy|typechange|Water|[from] ability: Protean\n|-damage|p1a: Aggron|0 fnt\n|-mustrecharge|p2b: Froggy\n|faint|p1a: Aggron\n|move|p1b: Incineroar|Parting Shot|p2b: Froggy\n|-unboost|p2b: Froggy|atk|1\n|-unboost|p2b: Froggy|spa|1\n|\n|-weather|RainDance|[upkeep]\n|upkeep\n|turn|7\n|\n|t:|1776353345\n|move|p2a: Smogon bird|Acrobatics|p1b: Incineroar\n|-damage|p1b: Incineroar|50/100\n|-enditem|p1b: Incineroar|Sitrus Berry|[eat]\n|-heal|p1b: Incineroar|74/100|[from] item: Sitrus Berry\n|cant|p2b: Froggy|recharge\n|move|p1b: Incineroar|Throat Chop|p2a: Smogon bird\n|-damage|p2a: Smogon bird|32/100\n|-start|p2a: Smogon bird|Throat Chop|[silent]\n|\n|-weather|RainDance|[upkeep]\n|-sideend|p1: Limey|move: Tailwind\n|upkeep\n|turn|8\n|\n|t:|1776353369\n|move|p2a: Smogon bird|Acrobatics|p1b: Incineroar\n|-damage|p1b: Incineroar|47/100\n|move|p2b: Froggy|Weather Ball|p1b: Incineroar\n|-supereffective|p1b: Incineroar|1\n|-damage|p1b: Incineroar|0 fnt\n|faint|p1b: Incineroar\n|\n|win|reggie1000\n|raw|Limey's rating: 1124 &rarr; <strong>1103</strong><br />(-21 for losing)\n|raw|reggie1000's rating: 1176 &rarr; <strong>1197</strong><br />(+21 for winning)\n",
  "uploadtime": 1776353376,
  "views": 26,
  "formatid": "gen9championsvgc2026regma",
  "rating": 1103,
  "private": 0,
  "password": null
}