{
  "id": "gen9championsvgc2026regma-2588417571",
  "format": "[Gen 9 Champions] VGC 2026 Reg M-A",
  "players": [
    "Braxus",
    "Squirtle Soldier"
  ],
  "log": "|j|\u2606Braxus\n|j|\u2606Squirtle Soldier\n|t:|1776631778\n|gametype|doubles\n|player|p1|Braxus|266|1196\n|player|p2|Squirtle Soldier|2|1147\n|gen|9\n|tier|[Gen 9 Champions] VGC 2026 Reg M-A\n|rated|\n|rule|Species Clause: Limit one of each Pok\u00e9mon\n|rule|Item Clause: Limit 1 of each item\n|clearpoke\n|poke|p1|Sneasler, L50, F|\n|poke|p1|Gyarados, L50, M|\n|poke|p1|Ninetales-Alola, L50, F|\n|poke|p1|Garchomp, L50, M|\n|poke|p1|Orthworm, L50, M|\n|poke|p1|Delphox, L50, F|\n|poke|p2|Raichu, L50, F|\n|poke|p2|Jolteon, L50, M|\n|poke|p2|Scovillain, L50, F|\n|poke|p2|Gliscor, L50, F|\n|poke|p2|Whimsicott, L50, F|\n|poke|p2|Basculegion-F, L50, F|\n|teampreview|4\n|inactive|Battle timer is ON: inactive players will automatically lose when time's up. (requested by Squirtle Soldier)\n|inactive|Squirtle Soldier has 30 seconds left.\n|inactive|Squirtle Soldier has 20 seconds left.\n|inactive|Squirtle Soldier has 15 seconds left.\n|inactive|Squirtle Soldier has 10 seconds left.\n|\n|t:|1776631849\n|teamsize|p1|4\n|teamsize|p2|4\n|start\n|switch|p1a: Garchomp|Garchomp, L50, M|100/100\n|switch|p1b: Orthworm|Orthworm, L50, M|100/100\n|switch|p2a: Basculegion-Fish|Basculegion-F, L50, F|100/100\n|switch|p2b: Scovillain|Scovillain, L50, F|100/100\n|turn|1\n|inactive|Squirtle Soldier has 30 seconds left.\n|\n|t:|1776631880\n|detailschange|p2b: Scovillain|Scovillain-Mega, L50, F\n|-mega|p2b: Scovillain|Scovillain|Scovillainite\n|move|p1a: Garchomp|Rock Slide|p2b: Scovillain|[spread] p2a,p2b\n|-supereffective|p2b: Scovillain|1\n|-damage|p2a: Basculegion-Fish|77/100\n|-damage|p2b: Scovillain|53/100\n|-status|p1a: Garchomp|brn|[from] ability: Spicy Spray|[of] p2b: Scovillain\n|move|p2a: Basculegion-Fish|Muddy Water|p1b: Orthworm|[spread] p1a,p1b\n|-damage|p1a: Garchomp|41/100 brn\n|-damage|p1b: Orthworm|24/100\n|-unboost|p1a: Garchomp|accuracy|1\n|-enditem|p1b: Orthworm|Sitrus Berry|[eat]\n|-heal|p1b: Orthworm|49/100|[from] item: Sitrus Berry\n|move|p2b: Scovillain|Overheat|p1b: Orthworm\n|-supereffective|p1b: Orthworm|1\n|-crit|p1b: Orthworm\n|-damage|p1b: Orthworm|0 fnt\n|-unboost|p2b: Scovillain|spa|2\n|faint|p1b: Orthworm\n|\n|-damage|p1a: Garchomp|35/100 brn|[from] brn\n|upkeep\n|\n|t:|1776631895\n|switch|p1b: Delphox|Delphox, L50, F|100/100\n|turn|2\n|\n|t:|1776631911\n|detailschange|p1b: Delphox|Delphox-Mega, L50, F\n|-mega|p1b: Delphox|Delphox|Delphoxite\n|move|p1b: Delphox|Protect|p1b: Delphox\n|-singleturn|p1b: Delphox|Protect\n|move|p2b: Scovillain|Rage Powder|p2b: Scovillain\n|-singleturn|p2b: Scovillain|move: Rage Powder\n|move|p1a: Garchomp|Rock Slide|p2a: Basculegion-Fish|[spread] p2a,p2b\n|-supereffective|p2b: Scovillain|1\n|-damage|p2a: Basculegion-Fish|64/100\n|-damage|p2b: Scovillain|31/100\n|move|p2a: Basculegion-Fish|Muddy Water|p1b: Delphox|[spread] p1a\n|-activate|p1b: Delphox|move: Protect\n|-damage|p1a: Garchomp|0 fnt\n|faint|p1a: Garchomp\n|\n|upkeep\n|\n|t:|1776631924\n|switch|p1a: Sneasler|Sneasler, L50, F|100/100\n|turn|3\n|\n|t:|1776631935\n|move|p2b: Scovillain|Rage Powder|p2b: Scovillain\n|-singleturn|p2b: Scovillain|move: Rage Powder\n|move|p1b: Delphox|Psychic|p2b: Scovillain\n|-crit|p2b: Scovillain\n|-damage|p2b: Scovillain|0 fnt\n|-immune|p1b: Delphox\n|faint|p2b: Scovillain\n|move|p1a: Sneasler|Dire Claw|p2a: Basculegion-Fish\n|-resisted|p2a: Basculegion-Fish|1\n|-damage|p2a: Basculegion-Fish|40/100\n|move|p2a: Basculegion-Fish|Muddy Water|p1b: Delphox|[spread] p1b\n|-miss|p2a: Basculegion-Fish|p1a: Sneasler\n|-supereffective|p1b: Delphox|1\n|-damage|p1b: Delphox|19/100\n|-unboost|p1b: Delphox|accuracy|1\n|\n|upkeep\n|\n|t:|1776631948\n|switch|p2b: Whimsicott|Whimsicott, L50, F|100/100\n|turn|4\n|\n|t:|1776631958\n|move|p2b: Whimsicott|Tailwind|p2b: Whimsicott\n|-sidestart|p2: Squirtle Soldier|move: Tailwind\n|move|p2a: Basculegion-Fish|Muddy Water|p1a: Sneasler|[spread] p1b\n|-miss|p2a: Basculegion-Fish|p1a: Sneasler\n|-supereffective|p1b: Delphox|1\n|-damage|p1b: Delphox|0 fnt\n|faint|p1b: Delphox\n|move|p1a: Sneasler|Dire Claw|p2a: Basculegion-Fish\n|-resisted|p2a: Basculegion-Fish|1\n|-damage|p2a: Basculegion-Fish|14/100\n|-status|p2a: Basculegion-Fish|psn\n|\n|-damage|p2a: Basculegion-Fish|1/100 psn|[from] psn\n|upkeep\n|turn|5\n|\n|t:|1776631970\n|move|p2b: Whimsicott|Moonblast|p1a: Sneasler\n|-damage|p1a: Sneasler|50/100\n|move|p2a: Basculegion-Fish|Hydro Pump|p1a: Sneasler\n|-damage|p1a: Sneasler|0 fnt\n|faint|p1a: Sneasler\n|\n|win|Squirtle Soldier\n|raw|Braxus's rating: 1196 &rarr; <strong>1167</strong><br />(-29 for losing)\n|raw|Squirtle Soldier's rating: 1147 &rarr; <strong>1176</strong><br />(+29 for winning)\n",
  "uploadtime": 1776631976,
  "views": 11,
  "formatid": "gen9championsvgc2026regma",
  "rating": 1167,
  "private": 0,
  "password": null
}