{
  "id": "gen9championsvgc2026regma-2588691982",
  "format": "[Gen 9 Champions] VGC 2026 Reg M-A",
  "players": [
    "theodenhaspeekl",
    "ScribbleScribble"
  ],
  "log": "|j|\u2606theodenhaspeekl\n|j|\u2606ScribbleScribble\n|t:|1776658321\n|gametype|doubles\n|player|p1|theodenhaspeekl|unknownf|1479\n|player|p2|ScribbleScribble|mina-lgpe|1483\n|gen|9\n|tier|[Gen 9 Champions] VGC 2026 Reg M-A\n|rated|\n|rule|Species Clause: Limit one of each Pok\u00e9mon\n|rule|Item Clause: Limit 1 of each item\n|clearpoke\n|poke|p1|Garchomp, L50, F|\n|poke|p1|Aerodactyl, L50, F|\n|poke|p1|Scovillain, L50, F|\n|poke|p1|Sneasler, L50, M|\n|poke|p1|Kingambit, L50, F|\n|poke|p1|Basculegion, L50, M|\n|poke|p2|Basculegion, L50, M|\n|poke|p2|Venusaur, L50, M|\n|poke|p2|Dragonite, L50, M|\n|poke|p2|Politoed, L50, M|\n|poke|p2|Archaludon, L50, M|\n|poke|p2|Tauros-Paldea-Blaze, L50, M|\n|teampreview|4\n|inactive|Battle timer is ON: inactive players will automatically lose when time's up. (requested by ScribbleScribble)\n|\n|t:|1776658346\n|teamsize|p1|4\n|teamsize|p2|4\n|start\n|switch|p1a: Scovillain|Scovillain, L50, F|100/100\n|switch|p1b: Sneasler|Sneasler, L50, M|100/100\n|switch|p2a: Politoed|Politoed, L50, M|100/100\n|switch|p2b: Basculegion|Basculegion, L50, M|100/100\n|-weather|RainDance|[from] ability: Drizzle|[of] p2a: Politoed\n|turn|1\n|\n|t:|1776658362\n|switch|p2b: Venusaur|Venusaur, L50, M|100/100\n|move|p1b: Sneasler|Protect|p1b: Sneasler\n|-singleturn|p1b: Sneasler|Protect\n|move|p1a: Scovillain|Protect|p1a: Scovillain\n|-singleturn|p1a: Scovillain|Protect\n|move|p2a: Politoed|Muddy Water|p1a: Scovillain|[spread] \n|-activate|p1a: Scovillain|move: Protect\n|-activate|p1b: Sneasler|move: Protect\n|\n|-weather|RainDance|[upkeep]\n|-ability|p1a: Scovillain|Moody|boost\n|-boost|p1a: Scovillain|atk|2\n|-unboost|p1a: Scovillain|def|1\n|upkeep\n|turn|2\n|\n|t:|1776658377\n|switch|p1a: Kingambit|Kingambit, L50, F|100/100\n|detailschange|p2b: Venusaur|Venusaur-Mega, L50, M\n|-mega|p2b: Venusaur|Venusaur|Venusaurite\n|move|p1b: Sneasler|Close Combat|p2a: Politoed\n|-damage|p2a: Politoed|37/100\n|-unboost|p1b: Sneasler|def|1\n|-unboost|p1b: Sneasler|spd|1\n|-enditem|p2a: Politoed|Sitrus Berry|[eat]\n|-heal|p2a: Politoed|62/100|[from] item: Sitrus Berry\n|-enditem|p1b: Sneasler|White Herb\n|-clearnegativeboost|p1b: Sneasler|[silent]\n|move|p2b: Venusaur|Sludge Bomb|p1a: Kingambit\n|-immune|p1a: Kingambit\n|move|p2a: Politoed|Muddy Water|p1b: Sneasler|[spread] p1b\n|-miss|p2a: Politoed|p1a: Kingambit\n|-damage|p1b: Sneasler|58/100\n|-unboost|p1b: Sneasler|accuracy|1\n|\n|-weather|RainDance|[upkeep]\n|upkeep\n|turn|3\n|\n|t:|1776658392\n|move|p1b: Sneasler|Close Combat|p2a: Politoed\n|-damage|p2a: Politoed|0 fnt\n|-unboost|p1b: Sneasler|def|1\n|-unboost|p1b: Sneasler|spd|1\n|faint|p2a: Politoed\n|move|p2b: Venusaur|Sleep Powder|p1a: Kingambit\n|-status|p1a: Kingambit|slp|[from] move: Sleep Powder\n|cant|p1a: Kingambit|slp\n|\n|-weather|RainDance|[upkeep]\n|upkeep\n|\n|t:|1776658401\n|switch|p2a: Basculegion|Basculegion, L50, M|100/100\n|turn|4\n|\n|t:|1776658414\n|move|p1b: Sneasler|Protect|p1b: Sneasler\n|-singleturn|p1b: Sneasler|Protect\n|move|p2a: Basculegion|Aqua Jet|p1b: Sneasler\n|-activate|p1b: Sneasler|move: Protect\n|cant|p1a: Kingambit|slp\n|move|p2b: Venusaur|Leech Seed|p1a: Kingambit|[miss]\n|-miss|p2b: Venusaur|p1a: Kingambit\n|\n|-weather|RainDance|[upkeep]\n|upkeep\n|turn|5\n|\n|t:|1776658423\n|switch|p2a: Archaludon|Archaludon, L50, M|100/100\n|switch|p1b: Garchomp|Garchomp, L50, F|100/100\n|move|p2b: Venusaur|Sludge Bomb|p1b: Garchomp\n|-resisted|p1b: Garchomp|1\n|-damage|p1b: Garchomp|82/100\n|-status|p1b: Garchomp|psn\n|-curestatus|p1a: Kingambit|slp|[msg]\n|move|p1a: Kingambit|Swords Dance|p1a: Kingambit\n|-boost|p1a: Kingambit|atk|2\n|\n|-weather|none\n|-damage|p1b: Garchomp|70/100 psn|[from] psn\n|upkeep\n|turn|6\n|\n|t:|1776658439\n|move|p1b: Garchomp|Protect|p1b: Garchomp\n|-singleturn|p1b: Garchomp|Protect\n|move|p2a: Archaludon|Protect|p2a: Archaludon\n|-singleturn|p2a: Archaludon|Protect\n|move|p2b: Venusaur|Sleep Powder|p1a: Kingambit\n|-status|p1a: Kingambit|slp|[from] move: Sleep Powder\n|cant|p1a: Kingambit|slp\n|\n|-damage|p1b: Garchomp|58/100 psn|[from] psn\n|upkeep\n|turn|7\n|inactive|ScribbleScribble has 30 seconds left.\n|\n|t:|1776658466\n|move|p1b: Garchomp|Dragon Claw|p2b: Venusaur\n|-damage|p2b: Venusaur|68/100\n|move|p2a: Archaludon|Draco Meteor|p1b: Garchomp\n|-supereffective|p1b: Garchomp|1\n|-damage|p1b: Garchomp|0 fnt\n|-unboost|p2a: Archaludon|spa|2\n|faint|p1b: Garchomp\n|move|p2b: Venusaur|Leech Seed|p1a: Kingambit\n|-start|p1a: Kingambit|move: Leech Seed\n|cant|p1a: Kingambit|slp\n|\n|-damage|p1a: Kingambit|88/100 slp|[from] Leech Seed|[of] p2b: Venusaur\n|-heal|p2b: Venusaur|82/100|[silent]\n|upkeep\n|\n|t:|1776658479\n|switch|p1b: Scovillain|Scovillain, L50, F|100/100\n|turn|8\n|\n|t:|1776658490\n|detailschange|p1b: Scovillain|Scovillain-Mega, L50, F\n|-mega|p1b: Scovillain|Scovillain|Scovillainite\n|move|p2b: Venusaur|Protect|p2b: Venusaur\n|-singleturn|p2b: Venusaur|Protect\n|move|p2a: Archaludon|Draco Meteor|p1b: Scovillain\n|-damage|p1b: Scovillain|69/100\n|-unboost|p2a: Archaludon|spa|2\n|-status|p2a: Archaludon|brn|[from] ability: Spicy Spray|[of] p1b: Scovillain\n|move|p1b: Scovillain|Flamethrower|p2a: Archaludon\n|-damage|p2a: Archaludon|56/100 brn\n|-ability|p2a: Archaludon|Stamina|boost\n|-boost|p2a: Archaludon|def|1\n|-curestatus|p1a: Kingambit|slp|[msg]\n|move|p1a: Kingambit|Kowtow Cleave|p2b: Venusaur\n|-activate|p2b: Venusaur|move: Protect\n|\n|-heal|p2a: Archaludon|62/100 brn|[from] item: Leftovers\n|-damage|p1a: Kingambit|76/100|[from] Leech Seed|[of] p2b: Venusaur\n|-heal|p2b: Venusaur|95/100|[silent]\n|-damage|p2a: Archaludon|56/100 brn|[from] brn\n|upkeep\n|turn|9\n|\n|t:|1776658504\n|move|p2a: Archaludon|Draco Meteor|p1b: Scovillain\n|-damage|p1b: Scovillain|45/100\n|-unboost|p2a: Archaludon|spa|2\n|move|p2b: Venusaur|Sleep Powder|p1a: Kingambit\n|-status|p1a: Kingambit|slp|[from] move: Sleep Powder\n|move|p1b: Scovillain|Flamethrower|p2b: Venusaur\n|-supereffective|p2b: Venusaur|1\n|-damage|p2b: Venusaur|66/100\n|cant|p1a: Kingambit|slp\n|\n|-heal|p2a: Archaludon|62/100 brn|[from] item: Leftovers\n|-damage|p1a: Kingambit|64/100 slp|[from] Leech Seed|[of] p2b: Venusaur\n|-heal|p2b: Venusaur|80/100|[silent]\n|-damage|p2a: Archaludon|56/100 brn|[from] brn\n|upkeep\n|turn|10\n|\n|t:|1776658517\n|switch|p2a: Basculegion|Basculegion, L50, M|100/100\n|move|p2b: Venusaur|Sludge Bomb|p1b: Scovillain\n|-supereffective|p1b: Scovillain|1\n|-damage|p1b: Scovillain|0 fnt\n|-status|p2b: Venusaur|brn|[from] ability: Spicy Spray|[of] p1b: Scovillain\n|faint|p1b: Scovillain\n|cant|p1a: Kingambit|slp\n|\n|-damage|p1a: Kingambit|52/100 slp|[from] Leech Seed|[of] p2b: Venusaur\n|-heal|p2b: Venusaur|93/100 brn|[silent]\n|-damage|p2b: Venusaur|87/100 brn|[from] brn\n|upkeep\n|\n|t:|1776658522\n|switch|p1b: Sneasler|Sneasler, L50, M|58/100\n|turn|11\n|\n|t:|1776658533\n|move|p1b: Sneasler|Protect|p1b: Sneasler\n|-singleturn|p1b: Sneasler|Protect\n|move|p2b: Venusaur|Protect|p2b: Venusaur\n|-singleturn|p2b: Venusaur|Protect\n|move|p2a: Basculegion|Aqua Jet|p1a: Kingambit\n|-crit|p1a: Kingambit\n|-damage|p1a: Kingambit|30/100 slp\n|-curestatus|p1a: Kingambit|slp|[msg]\n|move|p1a: Kingambit|Kowtow Cleave|p2a: Basculegion\n|-supereffective|p2a: Basculegion|1\n|-damage|p2a: Basculegion|0 fnt\n|faint|p2a: Basculegion\n|\n|-damage|p1a: Kingambit|18/100|[from] Leech Seed|[of] p2b: Venusaur\n|-heal|p2b: Venusaur|100/100 brn|[silent]\n|-damage|p2b: Venusaur|95/100 brn|[from] brn\n|upkeep\n|\n|t:|1776658541\n|switch|p2a: Archaludon|Archaludon, L50, M|56/100 brn\n|turn|12\n|\n|t:|1776658552\n|move|p1b: Sneasler|Close Combat|p2a: Archaludon\n|-supereffective|p2a: Archaludon|1\n|-damage|p2a: Archaludon|0 fnt\n|-unboost|p1b: Sneasler|def|1\n|-unboost|p1b: Sneasler|spd|1\n|faint|p2a: Archaludon\n|move|p2b: Venusaur|Sleep Powder|p1a: Kingambit|[miss]\n|-miss|p2b: Venusaur|p1a: Kingambit\n|move|p1a: Kingambit|Kowtow Cleave|p2b: Venusaur\n|-damage|p2b: Venusaur|15/100 brn\n|\n|-damage|p1a: Kingambit|6/100|[from] Leech Seed|[of] p2b: Venusaur\n|-heal|p2b: Venusaur|29/100 brn|[silent]\n|-damage|p2b: Venusaur|23/100 brn|[from] brn\n|upkeep\n|turn|13\n|\n|t:|1776658566\n|move|p2b: Venusaur|Protect|p2b: Venusaur\n|-singleturn|p2b: Venusaur|Protect\n|move|p1b: Sneasler|Dire Claw|p2b: Venusaur\n|-activate|p2b: Venusaur|move: Protect\n|move|p1a: Kingambit|Swords Dance|p1a: Kingambit\n|-boost|p1a: Kingambit|atk|2\n|\n|-damage|p1a: Kingambit|0 fnt|[from] Leech Seed|[of] p2b: Venusaur\n|-heal|p2b: Venusaur|29/100 brn|[silent]\n|faint|p1a: Kingambit\n|-damage|p2b: Venusaur|23/100 brn|[from] brn\n|upkeep\n|turn|14\n|\n|t:|1776658572\n|move|p1b: Sneasler|Dire Claw|p2b: Venusaur\n|-damage|p2b: Venusaur|0 fnt\n|faint|p2b: Venusaur\n|\n|win|theodenhaspeekl\n|raw|theodenhaspeekl's rating: 1479 &rarr; <strong>1500</strong><br />(+21 for winning)\n|raw|ScribbleScribble's rating: 1502 &rarr; <strong>1481</strong><br />(-21 for losing)\n|l|\u2606theodenhaspeekl\n|player|p1|\n",
  "uploadtime": 1776658598,
  "views": 7,
  "formatid": "gen9championsvgc2026regma",
  "rating": 1481,
  "private": 0,
  "password": null
}