{
  "id": "gen9championsvgc2026regma-2588608694",
  "format": "[Gen 9 Champions] VGC 2026 Reg M-A",
  "players": [
    "houses6\u80e1\u841d\u535c\u4fa0",
    "TheVGChef"
  ],
  "log": "|j|\u2606houses6\u80e1\u841d\u535c\u4fa0\n|j|\u2606TheVGChef\n|t:|1776649701\n|gametype|doubles\n|player|p1|houses6\u80e1\u841d\u535c\u4fa0|102|1581\n|player|p2|TheVGChef|265|1531\n|gen|9\n|tier|[Gen 9 Champions] VGC 2026 Reg M-A\n|rated|\n|rule|Species Clause: Limit one of each Pok\u00e9mon\n|rule|Item Clause: Limit 1 of each item\n|clearpoke\n|poke|p1|Basculegion, L50, M|\n|poke|p1|Pelipper, L50, F|\n|poke|p1|Floette-Eternal, L50, F|\n|poke|p1|Incineroar, L50, F|\n|poke|p1|Sinistcha-Masterpiece, L50|\n|poke|p1|Aegislash, L50, F|\n|poke|p2|Venusaur, L50, F|\n|poke|p2|Pelipper, L50, F|\n|poke|p2|Archaludon, L50, F|\n|poke|p2|Basculegion, L50, M|\n|poke|p2|Incineroar, L50, M|\n|poke|p2|Ninetales-Alola, L50, F|\n|teampreview|4\n|inactive|Battle timer is ON: inactive players will automatically lose when time's up. (requested by houses6\u80e1\u841d\u535c\u4fa0)\n|\n|t:|1776649817\n|teamsize|p1|4\n|teamsize|p2|4\n|start\n|switch|p1a: Floette|Floette-Eternal, L50, F|100/100\n|switch|p1b: Incineroar|Incineroar, L50, F|100/100\n|switch|p2a: Venusaur|Venusaur, L50, F|100/100\n|switch|p2b: Incineroar|Incineroar, L50, M|100/100\n|-ability|p1b: Incineroar|Intimidate|boost\n|-unboost|p2a: Venusaur|atk|1\n|-unboost|p2b: Incineroar|atk|1\n|-ability|p2b: Incineroar|Intimidate|boost\n|-unboost|p1a: Floette|atk|1\n|-unboost|p1b: Incineroar|atk|1\n|turn|1\n|inactive|houses6\u80e1\u841d\u535c\u4fa0 has 30 seconds left.\n|\n|t:|1776649843\n|detailschange|p2a: Venusaur|Venusaur-Mega, L50, F\n|-mega|p2a: Venusaur|Venusaur|Venusaurite\n|move|p1a: Floette|Protect|p1a: Floette\n|-singleturn|p1a: Floette|Protect\n|move|p2b: Incineroar|Fake Out|p1a: Floette\n|-activate|p1a: Floette|move: Protect\n|move|p2a: Venusaur|Sludge Bomb|p1a: Floette\n|-activate|p1a: Floette|move: Protect\n|move|p1b: Incineroar|Parting Shot|p2a: Venusaur\n|-unboost|p2a: Venusaur|atk|1\n|-unboost|p2a: Venusaur|spa|1\n|\n|t:|1776649862\n|switch|p1b: Sinistcha|Sinistcha-Masterpiece, L50|100/100|[from] Parting Shot\n|\n|upkeep\n|turn|2\n|inactive|houses6\u80e1\u841d\u535c\u4fa0 has 30 seconds left.\n|\n|t:|1776649897\n|switch|p1a: Incineroar|Incineroar, L50, F|100/100\n|-ability|p1a: Incineroar|Intimidate|boost\n|-unboost|p2a: Venusaur|atk|1\n|-unboost|p2b: Incineroar|atk|1\n|move|p2a: Venusaur|Leech Seed|p1a: Incineroar|[miss]\n|-miss|p2a: Venusaur|p1a: Incineroar\n|move|p1b: Sinistcha|Life Dew||[still]|[still]|[spread] \n|-fail|p1a: Incineroar|heal\n|-fail|p1b: Sinistcha|heal\n|move|p2b: Incineroar|Parting Shot|p1a: Incineroar\n|-unboost|p1a: Incineroar|atk|1\n|-unboost|p1a: Incineroar|spa|1\n|\n|t:|1776649907\n|switch|p2b: Basculegion|Basculegion, L50, M|100/100|[from] Parting Shot\n|\n|upkeep\n|turn|3\n|\n|t:|1776649917\n|switch|p2a: Incineroar|Incineroar, L50, M|100/100\n|-ability|p2a: Incineroar|Intimidate|boost\n|-unboost|p1a: Incineroar|atk|1\n|-unboost|p1b: Sinistcha|atk|1\n|move|p1b: Sinistcha|Rage Powder|p1b: Sinistcha\n|-singleturn|p1b: Sinistcha|move: Rage Powder\n|move|p2b: Basculegion|Flip Turn|p1b: Sinistcha\n|-resisted|p1b: Sinistcha|1\n|-damage|p1b: Sinistcha|81/100\n|\n|t:|1776649924\n|switch|p2b: Venusaur|Venusaur-Mega, L50, F|100/100|[from] Flip Turn\n|move|p1a: Incineroar|Parting Shot|p2b: Venusaur\n|-unboost|p2b: Venusaur|atk|1\n|-unboost|p2b: Venusaur|spa|1\n|\n|t:|1776649932\n|switch|p1a: Floette|Floette-Eternal, L50, F|100/100|[from] Parting Shot\n|\n|upkeep\n|turn|4\n|\n|t:|1776649943\n|switch|p1b: Incineroar|Incineroar, L50, F|100/100\n|-ability|p1b: Incineroar|Intimidate|boost\n|-unboost|p2a: Incineroar|atk|1\n|-unboost|p2b: Venusaur|atk|1\n|detailschange|p1a: Floette|Floette-Mega, L50, F\n|-mega|p1a: Floette|Floette|Floettite\n|-ability|p1a: Floette|Fairy Aura\n|move|p1a: Floette|Protect|p1a: Floette\n|-singleturn|p1a: Floette|Protect\n|move|p2b: Venusaur|Sludge Bomb|p1b: Incineroar\n|-damage|p1b: Incineroar|76/100\n|move|p2a: Incineroar|Flare Blitz|p1b: Incineroar\n|-resisted|p1b: Incineroar|1\n|-damage|p1b: Incineroar|63/100\n|-damage|p2a: Incineroar|96/100|[from] Recoil\n|\n|upkeep\n|turn|5\n|\n|t:|1776649957\n|move|p2b: Venusaur|Protect|p2b: Venusaur\n|-singleturn|p2b: Venusaur|Protect\n|move|p1b: Incineroar|Fake Out|p2b: Venusaur\n|-activate|p2b: Venusaur|move: Protect\n|move|p1a: Floette|Calm Mind|p1a: Floette\n|-boost|p1a: Floette|spa|1\n|-boost|p1a: Floette|spd|1\n|move|p2a: Incineroar|Parting Shot|p1a: Floette\n|-unboost|p1a: Floette|atk|1\n|-unboost|p1a: Floette|spa|1\n|\n|t:|1776649965\n|switch|p2a: Basculegion|Basculegion, L50, M|100/100|[from] Parting Shot\n|\n|upkeep\n|turn|6\n|\n|t:|1776649989\n|switch|p1b: Sinistcha|Sinistcha-Masterpiece, L50|81/100\n|move|p1a: Floette|Protect|p1a: Floette\n|-singleturn|p1a: Floette|Protect\n|move|p2a: Basculegion|Flip Turn|p1b: Sinistcha\n|-resisted|p1b: Sinistcha|1\n|-damage|p1b: Sinistcha|62/100\n|\n|t:|1776649998\n|switch|p2a: Incineroar|Incineroar, L50, M|96/100|[from] Flip Turn\n|-ability|p2a: Incineroar|Intimidate|boost\n|-unboost|p1a: Floette|atk|1\n|-unboost|p1b: Sinistcha|atk|1\n|move|p2b: Venusaur|Leech Seed|p1a: Floette\n|-activate|p1a: Floette|move: Protect\n|\n|upkeep\n|turn|7\n|inactive|houses6\u80e1\u841d\u535c\u4fa0 has 30 seconds left.\n|j| DankLad07\n|inactive|houses6\u80e1\u841d\u535c\u4fa0 has 20 seconds left.\n|\n|t:|1776650035\n|switch|p1b: Incineroar|Incineroar, L50, F|63/100\n|-ability|p1b: Incineroar|Intimidate|boost\n|-unboost|p2a: Incineroar|atk|1\n|-unboost|p2b: Venusaur|atk|1\n|move|p1a: Floette|Calm Mind|p1a: Floette\n|-boost|p1a: Floette|spa|1\n|-boost|p1a: Floette|spd|1\n|move|p2b: Venusaur|Leech Seed|p1a: Floette\n|-start|p1a: Floette|move: Leech Seed\n|move|p2a: Incineroar|Flare Blitz|p1a: Floette\n|-damage|p1a: Floette|69/100\n|-damage|p2a: Incineroar|87/100|[from] Recoil\n|\n|-damage|p1a: Floette|57/100|[from] Leech Seed|[of] p2b: Venusaur\n|upkeep\n|turn|8\n|\n|t:|1776650052\n|move|p1b: Incineroar|Fake Out|p2a: Incineroar\n|-damage|p2a: Incineroar|78/100\n|move|p1a: Floette|Moonblast|p2a: Incineroar\n|-damage|p2a: Incineroar|5/100\n|-unboost|p2a: Incineroar|spa|1\n|-enditem|p2a: Incineroar|Sitrus Berry|[eat]\n|-heal|p2a: Incineroar|30/100|[from] item: Sitrus Berry\n|move|p2b: Venusaur|Sludge Bomb|p1a: Floette\n|-supereffective|p1a: Floette|1\n|-damage|p1a: Floette|33/100\n|cant|p2a: Incineroar|flinch\n|\n|-damage|p1a: Floette|21/100|[from] Leech Seed|[of] p2b: Venusaur\n|upkeep\n|turn|9\n|\n|t:|1776650071\n|move|p1a: Floette|Dazzling Gleam|p2b: Venusaur|[spread] p2a,p2b\n|-resisted|p2b: Venusaur|1\n|-damage|p2a: Incineroar|0 fnt\n|-damage|p2b: Venusaur|75/100\n|faint|p2a: Incineroar\n|move|p2b: Venusaur|Sludge Bomb|p1a: Floette\n|-supereffective|p1a: Floette|1\n|-damage|p1a: Floette|0 fnt\n|faint|p1a: Floette\n|move|p1b: Incineroar|Parting Shot|p2b: Venusaur\n|-unboost|p2b: Venusaur|atk|1\n|-unboost|p2b: Venusaur|spa|1\n|\n|t:|1776650082\n|switch|p1b: Pelipper|Pelipper, L50, F|100/100|[from] Parting Shot\n|-weather|RainDance|[from] ability: Drizzle|[of] p1b: Pelipper\n|\n|-weather|RainDance|[upkeep]\n|upkeep\n|\n|t:|1776650088\n|switch|p1a: Incineroar|Incineroar, L50, F|63/100\n|switch|p2a: Ninetales|Ninetales-Alola, L50, F|100/100\n|-weather|Snowscape|[from] ability: Snow Warning|[of] p2a: Ninetales\n|-ability|p1a: Incineroar|Intimidate|boost\n|-unboost|p2a: Ninetales|atk|1\n|-unboost|p2b: Venusaur|atk|1\n|turn|10\n|\n|t:|1776650107\n|switch|p1b: Sinistcha|Sinistcha-Masterpiece, L50|62/100\n|-heal|p1a: Incineroar|88/100|[from] ability: Hospitality|[of] p1b: Sinistcha\n|switch|p2b: Basculegion|Basculegion, L50, M|100/100\n|move|p2a: Ninetales|Aurora Veil|p2a: Ninetales\n|-sidestart|p2: TheVGChef|move: Aurora Veil\n|move|p1a: Incineroar|Parting Shot|p2a: Ninetales\n|-unboost|p2a: Ninetales|atk|1\n|-unboost|p2a: Ninetales|spa|1\n|\n|t:|1776650113\n|switch|p1a: Pelipper|Pelipper, L50, F|100/100|[from] Parting Shot\n|-weather|RainDance|[from] ability: Drizzle|[of] p1a: Pelipper\n|\n|-weather|RainDance|[upkeep]\n|upkeep\n|turn|11\n|\n|t:|1776650126\n|move|p2a: Ninetales|Icy Wind|p1a: Pelipper|[spread] p1a,p1b\n|-supereffective|p1b: Sinistcha|1\n|-damage|p1a: Pelipper|79/100\n|-damage|p1b: Sinistcha|38/100\n|-unboost|p1a: Pelipper|spe|1\n|-unboost|p1b: Sinistcha|spe|1\n|move|p2b: Basculegion|Last Respects|p1b: Sinistcha\n|-supereffective|p1b: Sinistcha|1\n|-damage|p1b: Sinistcha|0 fnt\n|faint|p1b: Sinistcha\n|move|p1a: Pelipper|Hurricane|p2b: Basculegion\n|-damage|p2b: Basculegion|66/100\n|\n|-weather|RainDance|[upkeep]\n|upkeep\n|\n|t:|1776650134\n|switch|p1b: Incineroar|Incineroar, L50, F|88/100\n|-ability|p1b: Incineroar|Intimidate|boost\n|-unboost|p2a: Ninetales|atk|1\n|-unboost|p2b: Basculegion|atk|1\n|turn|12\n|-message|houses6\u80e1\u841d\u535c\u4fa0 forfeited.\n|\n|win|TheVGChef\n|raw|houses6\u80e1\u841d\u535c\u4fa0's rating: 1581 &rarr; <strong>1558</strong><br />(-23 for losing)\n|raw|TheVGChef's rating: 1531 &rarr; <strong>1554</strong><br />(+23 for winning)\n|l|\u2606houses6\u80e1\u841d\u535c\u4fa0\n|player|p1|\n|l|\u2606TheVGChef\n|player|p2|\n",
  "uploadtime": 1776650157,
  "views": 13,
  "formatid": "gen9championsvgc2026regma",
  "rating": 1554,
  "private": 0,
  "password": null
}