{
  "id": "gen9championsvgc2026regma-2586450368",
  "format": "[Gen 9 Champions] VGC 2026 Reg M-A",
  "players": [
    "Loglord142",
    "drdarkmango2"
  ],
  "log": "|j|\u2606Loglord142\n|j|\u2606drdarkmango2\n|t:|1776435528\n|gametype|doubles\n|player|p1|Loglord142|pokemonbreeder-gen4|1102\n|player|p2|drdarkmango2|alder|1185\n|gen|9\n|tier|[Gen 9 Champions] VGC 2026 Reg M-A\n|rated|\n|rule|Species Clause: Limit one of each Pok\u00e9mon\n|rule|Item Clause: Limit 1 of each item\n|clearpoke\n|poke|p1|Incineroar, L50, M|\n|poke|p1|Charizard, L50, F|\n|poke|p1|Venusaur, L50, F|\n|poke|p1|Aerodactyl, L50, M|\n|poke|p1|Garchomp, L50, F|\n|poke|p1|Trevenant, L50, M|\n|poke|p2|Crabominable, L50, F|\n|poke|p2|Oranguru, L50, F|\n|poke|p2|Golurk, L50|\n|poke|p2|Torkoal, L50, F|\n|poke|p2|Sinistcha, L50|\n|poke|p2|Kingambit, L50, F|\n|teampreview|4\n|inactive|Battle timer is ON: inactive players will automatically lose when time's up. (requested by drdarkmango2)\n|\n|t:|1776435560\n|teamsize|p1|4\n|teamsize|p2|4\n|start\n|switch|p1a: Wolfey|Incineroar, L50, M|100/100\n|switch|p1b: Wasteland Mother|Charizard, L50, F|100/100\n|switch|p2a: Oranguru|Oranguru, L50, F|100/100\n|switch|p2b: Kingambit|Kingambit, L50, F|100/100\n|-ability|p1a: Wolfey|Intimidate|boost\n|-fail|p2a: Oranguru|unboost|Attack|[from] ability: Inner Focus|[of] p2a: Oranguru\n|-unboost|p2b: Kingambit|atk|1\n|-ability|p2b: Kingambit|Defiant|boost\n|-boost|p2b: Kingambit|atk|2\n|turn|1\n|\n|t:|1776435582\n|detailschange|p1b: Wasteland Mother|Charizard-Mega-Y, L50, F\n|-mega|p1b: Wasteland Mother|Charizard|Charizardite Y\n|-weather|SunnyDay|[from] ability: Drought|[of] p1b: Wasteland Mother\n|move|p2b: Kingambit|Protect|p2b: Kingambit\n|-singleturn|p2b: Kingambit|Protect\n|move|p1a: Wolfey|Fake Out|p2b: Kingambit\n|-activate|p2b: Kingambit|move: Protect\n|move|p1b: Wasteland Mother|Heat Wave|p2b: Kingambit|[spread] \n|-activate|p2b: Kingambit|move: Protect\n|-miss|p1b: Wasteland Mother|p2a: Oranguru\n|move|p2a: Oranguru|Trick Room|p2a: Oranguru\n|-fieldstart|move: Trick Room|[of] p2a: Oranguru\n|\n|-weather|SunnyDay|[upkeep]\n|upkeep\n|turn|2\n|inactive|Loglord142 has 30 seconds left.\n|\n|t:|1776435610\n|move|p2b: Kingambit|Kowtow Cleave|p1b: Wasteland Mother\n|-damage|p1b: Wasteland Mother|0 fnt\n|faint|p1b: Wasteland Mother\n|move|p2a: Oranguru|Instruct|p2b: Kingambit\n|-singleturn|p2b: Kingambit|move: Instruct|[of] p2a: Oranguru\n|move|p2b: Kingambit|Kowtow Cleave|p1a: Wolfey\n|-resisted|p1a: Wolfey|1\n|-damage|p1a: Wolfey|50/100\n|move|p1a: Wolfey|Flare Blitz|p2b: Kingambit\n|-supereffective|p2b: Kingambit|1\n|-damage|p2b: Kingambit|0 fnt\n|faint|p2b: Kingambit\n|-damage|p1a: Wolfey|10/100|[from] Recoil\n|\n|-weather|SunnyDay|[upkeep]\n|upkeep\n|\n|t:|1776435628\n|switch|p2b: Golurk|Golurk, L50, shiny|100/100\n|switch|p1b: Not a Cactus|Venusaur, L50, F|100/100\n|turn|3\n|inactive|Loglord142 has 30 seconds left.\n|\n|t:|1776435663\n|switch|p1a: bite :3|Garchomp, L50, F|100/100\n|detailschange|p2b: Golurk|Golurk-Mega, L50, shiny\n|-mega|p2b: Golurk|Golurk|Golurkite\n|move|p2b: Golurk|Poltergeist|p1b: Not a Cactus\n|-activate|p1b: Not a Cactus|move: Poltergeist|Leftovers\n|-damage|p1b: Not a Cactus|15/100\n|move|p2a: Oranguru|Instruct|p2b: Golurk\n|-singleturn|p2b: Golurk|move: Instruct|[of] p2a: Oranguru\n|move|p2b: Golurk|Poltergeist|p1b: Not a Cactus\n|-activate|p1b: Not a Cactus|move: Poltergeist|Leftovers\n|-damage|p1b: Not a Cactus|0 fnt\n|faint|p1b: Not a Cactus\n|\n|-weather|SunnyDay|[upkeep]\n|upkeep\n|\n|t:|1776435680\n|switch|p1b: Wolfey|Incineroar, L50, M|10/100\n|-ability|p1b: Wolfey|Intimidate|boost\n|-fail|p2a: Oranguru|unboost|Attack|[from] ability: Inner Focus|[of] p2a: Oranguru\n|-unboost|p2b: Golurk|atk|1\n|turn|4\n|\n|t:|1776435702\n|move|p2b: Golurk|Poltergeist|p1a: bite :3\n|-activate|p1a: bite :3|move: Poltergeist|Hard Stone\n|-damage|p1a: bite :3|61/100\n|move|p2a: Oranguru|Instruct|p2b: Golurk\n|-singleturn|p2b: Golurk|move: Instruct|[of] p2a: Oranguru\n|move|p2b: Golurk|Poltergeist|p1a: bite :3\n|-activate|p1a: bite :3|move: Poltergeist|Hard Stone\n|-damage|p1a: bite :3|21/100\n|move|p1b: Wolfey|Parting Shot|p2b: Golurk\n|-unboost|p2b: Golurk|atk|1\n|-unboost|p2b: Golurk|spa|1\n|move|p1a: bite :3|Swords Dance|p1a: bite :3\n|-boost|p1a: bite :3|atk|2\n|\n|-weather|SunnyDay|[upkeep]\n|upkeep\n|turn|5\n|inactive|Loglord142 has 30 seconds left.\n|inactive|Loglord142 has 20 seconds left.\n|inactive|drdarkmango2 has 30 seconds left.\n|\n|t:|1776435741\n|move|p1a: bite :3|Protect|p1a: bite :3\n|-singleturn|p1a: bite :3|Protect\n|move|p2b: Golurk|Headlong Rush|p1a: bite :3\n|-ability|p2b: Golurk|Unseen Fist\n|-zbroken|p1a: bite :3\n|-damage|p1a: bite :3|12/100\n|-unboost|p2b: Golurk|def|1\n|-unboost|p2b: Golurk|spd|1\n|-damage|p2b: Golurk|88/100|[from] ability: Rough Skin|[of] p1a: bite :3\n|move|p2a: Oranguru|Instruct|p2b: Golurk\n|-singleturn|p2b: Golurk|move: Instruct|[of] p2a: Oranguru\n|move|p2b: Golurk|Headlong Rush|p1a: bite :3\n|-ability|p2b: Golurk|Unseen Fist\n|-zbroken|p1a: bite :3\n|-damage|p1a: bite :3|3/100\n|-unboost|p2b: Golurk|def|1\n|-unboost|p2b: Golurk|spd|1\n|-damage|p2b: Golurk|76/100|[from] ability: Rough Skin|[of] p1a: bite :3\n|move|p1b: Wolfey|Darkest Lariat|p2b: Golurk\n|-supereffective|p2b: Golurk|1\n|-damage|p2b: Golurk|11/100\n|\n|-weather|none\n|-fieldend|move: Trick Room\n|upkeep\n|turn|6\n|inactive|Loglord142 has 30 seconds left.\n|\n|t:|1776435776\n|switch|p2b: Sinistcha|Sinistcha, L50|100/100\n|move|p1a: bite :3|Rock Slide|p2a: Oranguru|[spread] p2a,p2b\n|-damage|p2a: Oranguru|65/100\n|-damage|p2b: Sinistcha|75/100\n|move|p1b: Wolfey|Darkest Lariat|p2a: Oranguru\n|-supereffective|p2a: Oranguru|1\n|-damage|p2a: Oranguru|0 fnt\n|faint|p2a: Oranguru\n|\n|upkeep\n|\n|t:|1776435785\n|switch|p2a: Golurk|Golurk-Mega, L50, shiny|11/100\n|turn|7\n|\n|t:|1776435797\n|move|p2b: Sinistcha|Rage Powder|p2b: Sinistcha\n|-singleturn|p2b: Sinistcha|move: Rage Powder\n|move|p1a: bite :3|Rock Slide|p2a: Golurk|[spread] p2a,p2b\n|-resisted|p2a: Golurk|1\n|-damage|p2a: Golurk|0 fnt\n|-damage|p2b: Sinistcha|47/100\n|faint|p2a: Golurk\n|move|p1b: Wolfey|Flare Blitz|p2b: Sinistcha\n|-supereffective|p2b: Sinistcha|1\n|-crit|p2b: Sinistcha\n|-damage|p2b: Sinistcha|0 fnt\n|faint|p2b: Sinistcha\n|-damage|p1b: Wolfey|0 fnt|[from] Recoil\n|faint|p1b: Wolfey\n|\n|win|Loglord142\n|raw|Loglord142's rating: 1102 &rarr; <strong>1133</strong><br />(+31 for winning)\n|raw|drdarkmango2's rating: 1185 &rarr; <strong>1154</strong><br />(-31 for losing)\n|l|\u2606drdarkmango2\n|player|p2|\n",
  "uploadtime": 1776435812,
  "views": 25,
  "formatid": "gen9championsvgc2026regma",
  "rating": 1133,
  "private": 0,
  "password": null
}