{
  "id": "gen9championsvgc2026regma-2582407799",
  "format": "[Gen 9 Champions] VGC 2026 Reg M-A",
  "players": [
    "Yashinon",
    "MimeYourBusiness"
  ],
  "log": "|j|\u2606Yashinon\n|j|\u2606MimeYourBusiness\n|t:|1776089691\n|gametype|doubles\n|player|p1|Yashinon|266|1162\n|player|p2|MimeYourBusiness|nemona-s|1133\n|gen|9\n|tier|[Gen 9 Champions] VGC 2026 Reg M-A\n|rated|\n|rule|Species Clause: Limit one of each Pok\u00e9mon\n|rule|Item Clause: Limit 1 of each item\n|clearpoke\n|poke|p1|Gengar, L50, F|\n|poke|p1|Incineroar, L50, M|\n|poke|p1|Politoed, L50, M|\n|poke|p1|Archaludon, L50, M|\n|poke|p1|Sinistcha-Masterpiece, L50|\n|poke|p1|Primarina, L50, M|\n|poke|p2|Floette-Eternal, L50, F|\n|poke|p2|Talonflame, L50, M|\n|poke|p2|Rotom-Wash, L50|\n|poke|p2|Garchomp, L50, M|\n|poke|p2|Farigiraf, L50, M|\n|poke|p2|Glimmora, L50, F|\n|teampreview|4\n|\n|t:|1776089748\n|teamsize|p1|4\n|teamsize|p2|4\n|start\n|switch|p1a: Gengar|Gengar, L50, F|100/100\n|switch|p1b: Incineroar|Incineroar, L50, M|100/100\n|switch|p2a: Floette|Floette-Eternal, L50, F|100/100\n|switch|p2b: Rotom|Rotom-Wash, L50|100/100\n|-ability|p1b: Incineroar|Intimidate|boost\n|-unboost|p2a: Floette|atk|1\n|-unboost|p2b: Rotom|atk|1\n|turn|1\n|inactive|Battle timer is ON: inactive players will automatically lose when time's up. (requested by MimeYourBusiness)\n|\n|t:|1776089776\n|switch|p2a: Garchomp|Garchomp, L50, M|100/100\n|detailschange|p1a: Gengar|Gengar-Mega, L50, F\n|-mega|p1a: Gengar|Gengar|Gengarite\n|move|p1b: Incineroar|Fake Out|p2b: Rotom\n|-damage|p2b: Rotom|89/100\n|move|p1a: Gengar|Perish Song|p1a: Gengar\n|-start|p1a: Gengar|perish3|[silent]\n|-start|p1b: Incineroar|perish3|[silent]\n|-start|p2a: Garchomp|perish3|[silent]\n|-start|p2b: Rotom|perish3|[silent]\n|-fieldactivate|move: Perish Song\n|cant|p2b: Rotom|flinch\n|\n|-start|p1a: Gengar|perish3\n|-start|p2a: Garchomp|perish3\n|-start|p2b: Rotom|perish3\n|-start|p1b: Incineroar|perish3\n|upkeep\n|turn|2\n|inactive|Yashinon has 30 seconds left.\n|inactive|Yashinon has 20 seconds left.\n|inactive|Yashinon has 15 seconds left.\n|inactive|Yashinon has 10 seconds left.\n|inactive|Yashinon has 5 seconds left.\n|\n|t:|1776089827\n|switch|p1a: Primarina|Primarina, L50, M|100/100\n|move|p2a: Garchomp|Earthquake|p1a: Primarina|[spread] p1a,p1b\n|-immune|p2b: Rotom|[from] ability: Levitate\n|-supereffective|p1b: Incineroar|1\n|-enditem|p1b: Incineroar|Shuca Berry|[eat]\n|-enditem|p1b: Incineroar|Shuca Berry|[weaken]\n|-damage|p1a: Primarina|39/100\n|-damage|p1b: Incineroar|60/100\n|move|p2b: Rotom|Hydro Pump|p1b: Incineroar\n|-supereffective|p1b: Incineroar|1\n|-damage|p1b: Incineroar|0 fnt\n|faint|p1b: Incineroar\n|\n|-start|p2a: Garchomp|perish2\n|-start|p2b: Rotom|perish2\n|upkeep\n|\n|t:|1776089844\n|switch|p1b: Gengar|Gengar-Mega, L50, F|100/100\n|turn|3\n|\n|t:|1776089856\n|switch|p1a: Sinistcha|Sinistcha-Masterpiece, L50|100/100\n|move|p1b: Gengar|Substitute|p1b: Gengar\n|-start|p1b: Gengar|Substitute\n|-damage|p1b: Gengar|76/100\n|move|p2a: Garchomp|Earthquake|p1a: Sinistcha|[spread] p1a,p1b\n|-immune|p2b: Rotom|[from] ability: Levitate\n|-supereffective|p1b: Gengar|1\n|-end|p1b: Gengar|Substitute\n|-resisted|p1a: Sinistcha|1\n|-damage|p1a: Sinistcha|80/100\n|move|p2b: Rotom|Electroweb|p1b: Gengar|[spread] p1a,p1b\n|-resisted|p1a: Sinistcha|1\n|-damage|p1a: Sinistcha|72/100\n|-damage|p1b: Gengar|54/100\n|-unboost|p1a: Sinistcha|spe|1\n|-unboost|p1b: Gengar|spe|1\n|\n|-start|p2a: Garchomp|perish1\n|-start|p2b: Rotom|perish1\n|upkeep\n|turn|4\n|\n|t:|1776089880\n|move|p1b: Gengar|Protect|p1b: Gengar\n|-singleturn|p1b: Gengar|Protect\n|move|p1a: Sinistcha|Protect|p1a: Sinistcha\n|-singleturn|p1a: Sinistcha|Protect\n|move|p2a: Garchomp|Earthquake|p1a: Sinistcha|[spread] \n|-activate|p1a: Sinistcha|move: Protect\n|-activate|p1b: Gengar|move: Protect\n|-immune|p2b: Rotom|[from] ability: Levitate\n|move|p2b: Rotom|Electroweb|p1a: Sinistcha|[spread] \n|-activate|p1a: Sinistcha|move: Protect\n|-activate|p1b: Gengar|move: Protect\n|\n|-start|p2a: Garchomp|perish0\n|-start|p2b: Rotom|perish0\n|faint|p2a: Garchomp\n|faint|p2b: Rotom\n|upkeep\n|\n|t:|1776089885\n|switch|p2a: Floette|Floette-Eternal, L50, F|100/100\n|switch|p2b: Talonflame|Talonflame, L50, M|100/100\n|turn|5\n|\n|t:|1776089906\n|detailschange|p2a: Floette|Floette-Mega, L50, F\n|-mega|p2a: Floette|Floette|Floettite\n|-ability|p2a: Floette|Fairy Aura\n|move|p2b: Talonflame|Dual Wingbeat|p1a: Sinistcha\n|-supereffective|p1a: Sinistcha|1\n|-crit|p1a: Sinistcha\n|-damage|p1a: Sinistcha|24/100\n|-supereffective|p1a: Sinistcha|1\n|-crit|p1a: Sinistcha\n|-damage|p1a: Sinistcha|0 fnt\n|faint|p1a: Sinistcha\n|-hitcount|p1: Sinistcha|2\n|move|p2a: Floette|Moonblast|p1b: Gengar\n|-resisted|p1b: Gengar|1\n|-damage|p1b: Gengar|12/100\n|move|p1b: Gengar|Perish Song|p1b: Gengar\n|-start|p1b: Gengar|perish3|[silent]\n|-start|p2a: Floette|perish3|[silent]\n|-start|p2b: Talonflame|perish3|[silent]\n|-fieldactivate|move: Perish Song\n|\n|-start|p2a: Floette|perish3\n|-start|p2b: Talonflame|perish3\n|-start|p1b: Gengar|perish3\n|upkeep\n|\n|t:|1776089926\n|switch|p1a: Primarina|Primarina, L50, M|39/100\n|turn|6\n|inactive|Yashinon has 30 seconds left.\n|inactive|Yashinon has 20 seconds left.\n|\n|t:|1776089964\n|move|p1b: Gengar|Protect|p1b: Gengar\n|-singleturn|p1b: Gengar|Protect\n|move|p1a: Primarina|Protect|p1a: Primarina\n|-singleturn|p1a: Primarina|Protect\n|move|p2b: Talonflame|Feint|p1a: Primarina\n|-activate|p1a: Primarina|move: Feint\n|-damage|p1a: Primarina|30/100\n|move|p2a: Floette|Dazzling Gleam|p1b: Gengar|[spread] p1a\n|-activate|p1b: Gengar|move: Protect\n|-damage|p1a: Primarina|0 fnt\n|faint|p1a: Primarina\n|\n|-start|p2a: Floette|perish2\n|-start|p2b: Talonflame|perish2\n|-start|p1b: Gengar|perish2\n|upkeep\n|turn|7\n|inactive|Yashinon has 30 seconds left.\n|-message|Yashinon forfeited.\n|\n|win|MimeYourBusiness\n|raw|Yashinon's rating: 1162 &rarr; <strong>1135</strong><br />(-27 for losing)\n|raw|MimeYourBusiness's rating: 1133 &rarr; <strong>1160</strong><br />(+27 for winning)\n|l|\u2606Yashinon\n|player|p1|\n",
  "uploadtime": 1776089992,
  "views": 13,
  "formatid": "gen9championsvgc2026regma",
  "rating": 1135,
  "private": 0,
  "password": null
}