{
  "id": "gen9championsvgc2026regma-2584912459",
  "format": "[Gen 9 Champions] VGC 2026 Reg M-A",
  "players": [
    "KUTF1",
    "TheOrthwormJim"
  ],
  "log": "|j|\u2606KUTF1\n|j|\u2606TheOrthwormJim\n|t:|1776293894\n|gametype|doubles\n|player|p1|KUTF1|firebreather|1163\n|player|p2|TheOrthwormJim|ballguy|1247\n|gen|9\n|tier|[Gen 9 Champions] VGC 2026 Reg M-A\n|rated|\n|rule|Species Clause: Limit one of each Pok\u00e9mon\n|rule|Item Clause: Limit 1 of each item\n|clearpoke\n|poke|p1|Drampa, L50, M|\n|poke|p1|Emboar, L50, M|\n|poke|p1|Kingambit, L50, M|\n|poke|p1|Decidueye-Hisui, L50, M|\n|poke|p1|Farigiraf, L50, M|\n|poke|p1|Incineroar, L50, M|\n|poke|p2|Orthworm, L50, M|\n|poke|p2|Whimsicott, L50, F|\n|poke|p2|Garchomp, L50, F|\n|poke|p2|Delphox, L50, F|\n|poke|p2|Rotom-Wash, L50|\n|poke|p2|Tyranitar, L50, M|\n|teampreview|4\n|inactive|Battle timer is ON: inactive players will automatically lose when time's up. (requested by KUTF1)\n|\n|t:|1776293924\n|teamsize|p1|4\n|teamsize|p2|4\n|start\n|switch|p1a: Bruh.|Incineroar, L50, M|100/100\n|switch|p1b: Say it Again|Farigiraf, L50, M|100/100\n|switch|p2a: Supercuts|Whimsicott, L50, F|100/100\n|switch|p2b: TheOrthwormJim|Orthworm, L50, M, shiny|100/100\n|-ability|p1a: Bruh.|Intimidate|boost\n|-unboost|p2a: Supercuts|atk|1\n|-unboost|p2b: TheOrthwormJim|atk|1\n|turn|1\n|\n|t:|1776293933\n|switch|p2a: Big Terry|Tyranitar, L50, M|100/100\n|-weather|Sandstorm|[from] ability: Sand Stream|[of] p2a: Big Terry\n|move|p2b: TheOrthwormJim|Iron Defense|p2b: TheOrthwormJim\n|-boost|p2b: TheOrthwormJim|def|2\n|move|p1a: Bruh.|Flare Blitz|p2b: TheOrthwormJim\n|-supereffective|p2b: TheOrthwormJim|1\n|-damage|p2b: TheOrthwormJim|63/100\n|-damage|p1a: Bruh.|90/100|[from] Recoil\n|move|p1b: Say it Again|Trick Room|p1b: Say it Again\n|-fieldstart|move: Trick Room|[of] p1b: Say it Again\n|\n|-weather|Sandstorm|[upkeep]\n|-damage|p1b: Say it Again|94/100|[from] Sandstorm\n|-damage|p1a: Bruh.|84/100|[from] Sandstorm\n|upkeep\n|turn|2\n|\n|t:|1776293948\n|move|p1b: Say it Again|Hyper Voice|p2b: TheOrthwormJim|[spread] p2a,p2b\n|-resisted|p2a: Big Terry|1\n|-resisted|p2b: TheOrthwormJim|1\n|-damage|p2a: Big Terry|92/100\n|-damage|p2b: TheOrthwormJim|42/100\n|-enditem|p2b: TheOrthwormJim|Sitrus Berry|[eat]\n|-heal|p2b: TheOrthwormJim|67/100|[from] item: Sitrus Berry\n|move|p1a: Bruh.|Parting Shot|p2a: Big Terry\n|-unboost|p2a: Big Terry|atk|1\n|-unboost|p2a: Big Terry|spa|1\n|\n|t:|1776293955\n|switch|p1a: Konshu\u2019s Will|Decidueye-Hisui, L50, M|100/100|[from] Parting Shot\n|move|p2b: TheOrthwormJim|Shed Tail|p2b: TheOrthwormJim\n|-start|p2b: TheOrthwormJim|Substitute|[from] move: Shed Tail\n|-damage|p2b: TheOrthwormJim|17/100\n|\n|t:|1776293959\n|switch|p2b: Supercuts|Whimsicott, L50, F|100/100|[from] Shed Tail\n|move|p2a: Big Terry|Earthquake|p1a: Konshu\u2019s Will|[spread] p2b,p1a,p1b\n|-resisted|p2b: Supercuts|1\n|-activate|p2b: Supercuts|move: Substitute|[damage]\n|-resisted|p1a: Konshu\u2019s Will|1\n|-damage|p1a: Konshu\u2019s Will|90/100\n|-damage|p1b: Say it Again|78/100\n|\n|-weather|Sandstorm|[upkeep]\n|-damage|p1a: Konshu\u2019s Will|84/100|[from] Sandstorm\n|-damage|p1b: Say it Again|71/100|[from] Sandstorm\n|-damage|p2b: Supercuts|95/100|[from] Sandstorm\n|upkeep\n|turn|3\n|\n|t:|1776293974\n|move|p1a: Konshu\u2019s Will|Triple Arrows|p2a: Big Terry\n|-supereffective|p2a: Big Terry|2\n|-damage|p2a: Big Terry|0 fnt\n|faint|p2a: Big Terry\n|move|p1b: Say it Again|Psychic|p2b: Supercuts\n|-end|p2b: Supercuts|Substitute\n|move|p2b: Supercuts|Moonblast|p1a: Konshu\u2019s Will\n|-supereffective|p1a: Konshu\u2019s Will|1\n|-damage|p1a: Konshu\u2019s Will|12/100\n|\n|-weather|Sandstorm|[upkeep]\n|-damage|p1b: Say it Again|65/100|[from] Sandstorm\n|-damage|p1a: Konshu\u2019s Will|6/100|[from] Sandstorm\n|-damage|p2b: Supercuts|89/100|[from] Sandstorm\n|upkeep\n|\n|t:|1776293987\n|switch|p2a: TheOrthwormJim|Orthworm, L50, M, shiny|17/100\n|turn|4\n|\n|t:|1776293998\n|move|p1a: Konshu\u2019s Will|Triple Arrows|p2a: TheOrthwormJim\n|-supereffective|p2a: TheOrthwormJim|1\n|-crit|p2a: TheOrthwormJim\n|-damage|p2a: TheOrthwormJim|0 fnt\n|faint|p2a: TheOrthwormJim\n|move|p1b: Say it Again|Psychic|p2b: Supercuts\n|-damage|p2b: Supercuts|26/100\n|move|p2b: Supercuts|Moonblast|p1b: Say it Again\n|-damage|p1b: Say it Again|39/100\n|\n|-weather|Sandstorm|[upkeep]\n|-damage|p1b: Say it Again|33/100|[from] Sandstorm\n|-damage|p1a: Konshu\u2019s Will|0 fnt|[from] Sandstorm\n|-damage|p2b: Supercuts|20/100|[from] Sandstorm\n|faint|p1a: Konshu\u2019s Will\n|upkeep\n|\n|t:|1776294006\n|switch|p1a: Mori Jin|Emboar, L50, M, shiny|100/100\n|switch|p2a: Cat|Delphox, L50, F|100/100\n|turn|5\n|\n|t:|1776294014\n|detailschange|p1a: Mori Jin|Emboar-Mega, L50, M, shiny\n|-mega|p1a: Mori Jin|Emboar|Emboarite\n|-ability|p1a: Mori Jin|Mold Breaker\n|move|p2a: Cat|Protect|p2a: Cat\n|-singleturn|p2a: Cat|Protect\n|move|p1b: Say it Again|Hyper Voice|p2a: Cat|[spread] p2b\n|-activate|p2a: Cat|move: Protect\n|-damage|p2b: Supercuts|0 fnt\n|faint|p2b: Supercuts\n|move|p1a: Mori Jin|Flare Blitz|p2a: Cat\n|-activate|p2a: Cat|move: Protect\n|\n|-weather|none\n|-fieldend|move: Trick Room\n|upkeep\n|turn|6\n|\n|t:|1776294028\n|detailschange|p2a: Cat|Delphox-Mega, L50, F\n|-mega|p2a: Cat|Delphox|Delphoxite\n|move|p2a: Cat|Nasty Plot|p2a: Cat\n|-boost|p2a: Cat|spa|2\n|move|p1a: Mori Jin|Flare Blitz|p2a: Cat\n|-resisted|p2a: Cat|1\n|-damage|p2a: Cat|40/100\n|-damage|p1a: Mori Jin|87/100|[from] Recoil\n|move|p1b: Say it Again|Psychic|p2a: Cat\n|-resisted|p2a: Cat|1\n|-damage|p2a: Cat|21/100\n|\n|upkeep\n|turn|7\n|\n|t:|1776294040\n|move|p1a: Mori Jin|Sucker Punch|p2a: Cat\n|-supereffective|p2a: Cat|1\n|-damage|p2a: Cat|0 fnt\n|faint|p2a: Cat\n|\n|win|KUTF1\n|raw|KUTF1's rating: 1163 &rarr; <strong>1194</strong><br />(+31 for winning)\n|raw|TheOrthwormJim's rating: 1247 &rarr; <strong>1216</strong><br />(-31 for losing)\n|l|\u2606TheOrthwormJim\n|player|p2|\n",
  "uploadtime": 1776294044,
  "views": 23,
  "formatid": "gen9championsvgc2026regma",
  "rating": 1194,
  "private": 0,
  "password": null
}