{
  "id": "gen9championsvgc2026regma-2585503765",
  "format": "[Gen 9 Champions] VGC 2026 Reg M-A",
  "players": [
    "Leonellus_117",
    "Bot Leader"
  ],
  "log": "|j|\u2606Leonellus_117\n|j|\u2606Bot Leader\n|t:|1776351949\n|gametype|doubles\n|player|p1|Leonellus_117|erika-gen1rb|1174\n|player|p2|Bot Leader|102|1082\n|gen|9\n|tier|[Gen 9 Champions] VGC 2026 Reg M-A\n|rated|\n|rule|Species Clause: Limit one of each Pok\u00e9mon\n|rule|Item Clause: Limit 1 of each item\n|clearpoke\n|poke|p1|Charizard, L50, M|\n|poke|p1|Garchomp, L50, F|\n|poke|p1|Aegislash, L50, M|\n|poke|p1|Milotic, L50, F|\n|poke|p1|Kingambit, L50, M|\n|poke|p1|Basculegion, L50, M|\n|poke|p2|Hawlucha, L50, M|\n|poke|p2|Banette, L50, F|\n|poke|p2|Kingambit, L50, F|\n|poke|p2|Incineroar, L50, F|\n|poke|p2|Aerodactyl, L50, F|\n|poke|p2|Milotic, L50, M|\n|teampreview|4\n|inactive|Battle timer is ON: inactive players will automatically lose when time's up. (requested by Leonellus_117)\n|inactive|Leonellus_117 has 60 seconds left.\n|inactive|Bot Leader has 60 seconds left.\n|\n|t:|1776351994\n|teamsize|p1|4\n|teamsize|p2|4\n|start\n|switch|p1a: Maho|Milotic, L50, F, shiny|100/100\n|switch|p1b: PRESS \u27a1\ufe0f\ud83c\udd70\ufe0f\u2b05\ufe0f|Basculegion, L50, M, shiny|100/100\n|switch|p2a: Banette|Banette, L50, F|100/100\n|switch|p2b: Hawlucha|Hawlucha, L50, M|100/100\n|-item|p1a: Maho|Leftovers|[from] ability: Frisk|[of] p2a: Banette\n|-item|p1b: PRESS \u27a1\ufe0f\ud83c\udd70\ufe0f\u2b05\ufe0f|Choice Scarf|[from] ability: Frisk|[of] p2a: Banette\n|turn|1\n|inactive|Bot Leader has 30 seconds left.\n|\n|t:|1776352023\n|detailschange|p2a: Banette|Banette-Mega, L50, F\n|-mega|p2a: Banette|Banette|Banettite\n|move|p2a: Banette|Swagger|p2b: Hawlucha\n|-boost|p2b: Hawlucha|atk|2\n|-start|p2b: Hawlucha|confusion\n|-enditem|p2b: Hawlucha|Lum Berry|[eat]\n|-end|p2b: Hawlucha|confusion\n|move|p2b: Hawlucha|Acrobatics|p1b: PRESS \u27a1\ufe0f\ud83c\udd70\ufe0f\u2b05\ufe0f\n|-damage|p1b: PRESS \u27a1\ufe0f\ud83c\udd70\ufe0f\u2b05\ufe0f|0 fnt\n|faint|p1b: PRESS \u27a1\ufe0f\ud83c\udd70\ufe0f\u2b05\ufe0f\n|move|p1a: Maho|Icy Wind|p2a: Banette|[spread] p2a,p2b\n|-supereffective|p2b: Hawlucha|1\n|-damage|p2a: Banette|89/100\n|-damage|p2b: Hawlucha|67/100\n|-unboost|p2a: Banette|spe|1\n|-unboost|p2b: Hawlucha|spe|1\n|\n|upkeep\n|\n|t:|1776352038\n|switch|p1b: THE ONE PIEEEEECE|Kingambit, L50, M, shiny|100/100\n|turn|2\n|inactive|Bot Leader has 30 seconds left.\n|inactive|Bot Leader has 20 seconds left.\n|\n|t:|1776352075\n|switch|p1b: Sharknado|Garchomp, L50, F, shiny|100/100\n|switch|p2a: Aerodactyl|Aerodactyl, L50, F|100/100\n|-ability|p2a: Aerodactyl|Unnerve\n|move|p2b: Hawlucha|Protect|p2b: Hawlucha\n|-singleturn|p2b: Hawlucha|Protect\n|move|p1a: Maho|Scald|p2b: Hawlucha\n|-activate|p2b: Hawlucha|move: Protect\n|\n|upkeep\n|turn|3\n|inactive|Bot Leader has 30 seconds left.\n|\n|t:|1776352101\n|move|p2b: Hawlucha|Acrobatics|p1b: Sharknado\n|-damage|p1b: Sharknado|7/100\n|-damage|p2b: Hawlucha|55/100|[from] ability: Rough Skin|[of] p1b: Sharknado\n|move|p2a: Aerodactyl|Tailwind|p2a: Aerodactyl\n|-sidestart|p2: Bot Leader|move: Tailwind\n|move|p1b: Sharknado|Rock Slide|p2b: Hawlucha|[spread] p2a,p2b\n|-supereffective|p2a: Aerodactyl|1\n|-damage|p2a: Aerodactyl|41/100\n|-damage|p2b: Hawlucha|29/100\n|move|p1a: Maho|Scald|p2a: Aerodactyl\n|-supereffective|p2a: Aerodactyl|1\n|-damage|p2a: Aerodactyl|0 fnt\n|-enditem|p1b: Sharknado|Sitrus Berry|[eat]\n|-heal|p1b: Sharknado|32/100|[from] item: Sitrus Berry\n|faint|p2a: Aerodactyl\n|\n|upkeep\n|\n|t:|1776352121\n|switch|p2a: Banette|Banette-Mega, L50, F|89/100\n|turn|4\n|\n|t:|1776352134\n|move|p2b: Hawlucha|Protect|p2b: Hawlucha\n|-singleturn|p2b: Hawlucha|Protect\n|move|p1b: Sharknado|Protect|p1b: Sharknado\n|-singleturn|p1b: Sharknado|Protect\n|move|p2a: Banette|Shadow Sneak|p1b: Sharknado\n|-activate|p1b: Sharknado|move: Protect\n|move|p1a: Maho|Icy Wind|p2a: Banette|[spread] p2a\n|-activate|p2b: Hawlucha|move: Protect\n|-damage|p2a: Banette|78/100\n|-unboost|p2a: Banette|spe|1\n|\n|upkeep\n|turn|5\n|inactive|Leonellus_117 has 30 seconds left.\n|\n|t:|1776352160\n|move|p2a: Banette|Shadow Sneak|p1b: Sharknado\n|-damage|p1b: Sharknado|7/100\n|-damage|p2a: Banette|65/100|[from] ability: Rough Skin|[of] p1b: Sharknado\n|move|p2b: Hawlucha|Close Combat|p1a: Maho\n|-damage|p1a: Maho|7/100\n|-unboost|p2b: Hawlucha|def|1\n|-unboost|p2b: Hawlucha|spd|1\n|move|p1b: Sharknado|Rock Slide|p2b: Hawlucha|[spread] p2a,p2b\n|-damage|p2a: Banette|38/100\n|-damage|p2b: Hawlucha|0 fnt\n|faint|p2b: Hawlucha\n|move|p1a: Maho|Icy Wind|p2a: Banette\n|-damage|p2a: Banette|23/100\n|-unboost|p2a: Banette|spe|1\n|\n|-heal|p1a: Maho|13/100|[from] item: Leftovers\n|upkeep\n|\n|t:|1776352177\n|switch|p2b: Kingambit|Kingambit, L50, F|100/100\n|turn|6\n|inactive|Bot Leader has 30 seconds left.\n|\n|t:|1776352205\n|move|p1b: Sharknado|Protect|p1b: Sharknado\n|-singleturn|p1b: Sharknado|Protect\n|move|p2a: Banette|Shadow Sneak|p1b: Sharknado\n|-activate|p1b: Sharknado|move: Protect\n|move|p2b: Kingambit|Kowtow Cleave|p1a: Maho\n|-crit|p1a: Maho\n|-damage|p1a: Maho|0 fnt\n|faint|p1a: Maho\n|\n|-sideend|p2: Bot Leader|move: Tailwind\n|upkeep\n|\n|t:|1776352209\n|switch|p1a: THE ONE PIEEEEECE|Kingambit, L50, M, shiny|100/100\n|turn|7\n|inactive|Bot Leader has 30 seconds left.\n|inactive|Bot Leader has 20 seconds left.\n|\n|t:|1776352247\n|move|p2a: Banette|Shadow Sneak|p1b: Sharknado\n|-damage|p1b: Sharknado|0 fnt\n|-damage|p2a: Banette|10/100|[from] ability: Rough Skin|[of] p1b: Sharknado\n|faint|p1b: Sharknado\n|move|p1a: THE ONE PIEEEEECE|Low Kick|p2b: Kingambit\n|-supereffective|p2b: Kingambit|2\n|-enditem|p2b: Kingambit|Chople Berry|[eat]\n|-enditem|p2b: Kingambit|Chople Berry|[weaken]\n|-damage|p2b: Kingambit|46/100\n|move|p2b: Kingambit|Kowtow Cleave|p1a: THE ONE PIEEEEECE\n|-resisted|p1a: THE ONE PIEEEEECE|1\n|-damage|p1a: THE ONE PIEEEEECE|81/100\n|\n|upkeep\n|turn|8\n|inactive|Bot Leader has 30 seconds left.\n|\n|t:|1776352276\n|move|p2b: Kingambit|Sucker Punch|p1a: THE ONE PIEEEEECE\n|-resisted|p1a: THE ONE PIEEEEECE|1\n|-damage|p1a: THE ONE PIEEEEECE|65/100\n|move|p1a: THE ONE PIEEEEECE|Low Kick|p2b: Kingambit\n|-supereffective|p2b: Kingambit|2\n|-damage|p2b: Kingambit|0 fnt\n|faint|p2b: Kingambit\n|move|p2a: Banette|Poltergeist|p1a: THE ONE PIEEEEECE\n|-activate|p1a: THE ONE PIEEEEECE|move: Poltergeist|Black Glasses\n|-resisted|p1a: THE ONE PIEEEEECE|1\n|-damage|p1a: THE ONE PIEEEEECE|37/100\n|\n|upkeep\n|turn|9\n|\n|t:|1776352293\n|move|p1a: THE ONE PIEEEEECE|Kowtow Cleave|p2a: Banette\n|-supereffective|p2a: Banette|1\n|-damage|p2a: Banette|0 fnt\n|faint|p2a: Banette\n|\n|win|Leonellus_117\n|raw|Leonellus_117's rating: 1174 &rarr; <strong>1193</strong><br />(+19 for winning)\n|raw|Bot Leader's rating: 1082 &rarr; <strong>1065</strong><br />(-17 for losing)\n|c|\u2606Leonellus_117|Gg\n|l|\u2606Bot Leader\n|player|p2|\n",
  "uploadtime": 1776352305,
  "views": 28,
  "formatid": "gen9championsvgc2026regma",
  "rating": 1065,
  "private": 0,
  "password": null
}