{
  "id": "gen9championsvgc2026regma-2585851983",
  "format": "[Gen 9 Champions] VGC 2026 Reg M-A",
  "players": [
    "BaboonX",
    "beng33"
  ],
  "log": "|j|\u2606BaboonX\n|j|\u2606beng33\n|t:|1776375553\n|gametype|doubles\n|player|p1|BaboonX|swimmer|1238\n|player|p2|beng33|silver|1178\n|gen|9\n|tier|[Gen 9 Champions] VGC 2026 Reg M-A\n|rated|\n|rule|Species Clause: Limit one of each Pok\u00e9mon\n|rule|Item Clause: Limit 1 of each item\n|clearpoke\n|poke|p1|Tyranitar, L50, M|\n|poke|p1|Whimsicott, L50, M|\n|poke|p1|Empoleon, L50, M|\n|poke|p1|Runerigus, L50, M|\n|poke|p1|Heliolisk, L50, M|\n|poke|p1|Kleavor, L50, M|\n|poke|p2|Gengar, L50, F|\n|poke|p2|Incineroar, L50, M|\n|poke|p2|Farigiraf, L50, F|\n|poke|p2|Archaludon, L50, F|\n|poke|p2|Pelipper, L50, M|\n|poke|p2|Basculegion, L50, M|\n|teampreview|4\n|inactive|Battle timer is ON: inactive players will automatically lose when time's up. (requested by beng33)\n|\n|t:|1776375578\n|teamsize|p1|4\n|teamsize|p2|4\n|start\n|switch|p1a: Runerigus|Runerigus, L50, M|100/100\n|switch|p1b: Empoleon|Empoleon, L50, M|100/100\n|switch|p2a: Gengar|Gengar, L50, F, shiny|100/100\n|switch|p2b: Basculegion|Basculegion, L50, M|100/100\n|turn|1\n|inactive|BaboonX has 30 seconds left.\n|inactive|BaboonX has 20 seconds left.\n|inactive|BaboonX has 15 seconds left.\n|\n|t:|1776375621\n|switch|p1a: Heliolisk|Heliolisk, L50, M|100/100\n|detailschange|p2a: Gengar|Gengar-Mega, L50, F, shiny\n|-mega|p2a: Gengar|Gengar|Gengarite\n|move|p2a: Gengar|Shadow Ball|p1b: Empoleon\n|-damage|p1b: Empoleon|50/100\n|move|p2b: Basculegion|Flip Turn|p1a: Heliolisk\n|-immune|p1a: Heliolisk|[from] ability: Dry Skin\n|move|p1b: Empoleon|Surf|p2b: Basculegion|[spread] p2a,p2b\n|-immune|p1a: Heliolisk|[from] ability: Dry Skin\n|-crit|p2a: Gengar\n|-resisted|p2b: Basculegion|1\n|-damage|p2a: Gengar|25/100\n|-damage|p2b: Basculegion|80/100\n|\n|-heal|p1b: Empoleon|55/100|[from] item: Leftovers\n|upkeep\n|turn|2\n|inactive|beng33 has 30 seconds left.\n|\n|t:|1776375647\n|move|p1a: Heliolisk|Ally Switch|p1a: Heliolisk\n|swap|p1a: Heliolisk|1|[from] move: Ally Switch\n|move|p2a: Gengar|Shadow Ball|p1b: Heliolisk\n|-immune|p1b: Heliolisk\n|move|p2b: Basculegion|Flip Turn|p1b: Heliolisk\n|-immune|p1b: Heliolisk|[from] ability: Dry Skin\n|move|p1a: Empoleon|Surf|p2a: Gengar|[spread] p2a,p2b\n|-immune|p1b: Heliolisk|[from] ability: Dry Skin\n|-crit|p2a: Gengar\n|-resisted|p2b: Basculegion|1\n|-damage|p2a: Gengar|0 fnt\n|-damage|p2b: Basculegion|60/100\n|faint|p2a: Gengar\n|\n|-heal|p1a: Empoleon|61/100|[from] item: Leftovers\n|upkeep\n|\n|t:|1776375659\n|switch|p2a: Archaludon|Archaludon, L50, F|100/100\n|turn|3\n|\n|t:|1776375677\n|switch|p2b: Pelipper|Pelipper, L50, M|100/100\n|-weather|RainDance|[from] ability: Drizzle|[of] p2b: Pelipper\n|move|p1a: Empoleon|Protect|p1a: Empoleon\n|-singleturn|p1a: Empoleon|Protect\n|move|p1b: Heliolisk|Volt Switch|p2b: Pelipper\n|-supereffective|p2b: Pelipper|2\n|-enditem|p2b: Pelipper|Focus Sash\n|-damage|p2b: Pelipper|1/100\n|\n|t:|1776375687\n|switch|p1b: Tyranitar|Tyranitar, L50, M|100/100|[from] Volt Switch\n|-weather|Sandstorm|[from] ability: Sand Stream|[of] p1b: Tyranitar\n|move|p2a: Archaludon|Electro Shot||[still]\n|-prepare|p2a: Archaludon|Electro Shot\n|-boost|p2a: Archaludon|spa|1\n|\n|-weather|Sandstorm|[upkeep]\n|-damage|p2b: Pelipper|0 fnt|[from] Sandstorm\n|faint|p2b: Pelipper\n|-heal|p1a: Empoleon|67/100|[from] item: Leftovers\n|upkeep\n|\n|t:|1776375693\n|switch|p2b: Basculegion|Basculegion, L50, M|60/100\n|turn|4\n|\n|t:|1776375717\n|switch|p1a: Runerigus|Runerigus, L50, M|100/100\n|move|p1b: Tyranitar|Protect|p1b: Tyranitar\n|-singleturn|p1b: Tyranitar|Protect\n|move|p2b: Basculegion|Liquidation|p1b: Tyranitar\n|-activate|p1b: Tyranitar|move: Protect\n|move|p2a: Archaludon|Electro Shot|p1a: Runerigus|[from] lockedmove\n|-immune|p1a: Runerigus\n|\n|-weather|Sandstorm|[upkeep]\n|-damage|p2b: Basculegion|54/100|[from] Sandstorm\n|upkeep\n|turn|5\n|inactive|BaboonX has 30 seconds left.\n|inactive|beng33 has 30 seconds left.\n|inactive|beng33 has 20 seconds left.\n|inactive|beng33 has 15 seconds left.\n|inactive|beng33 has 10 seconds left.\n|\n|t:|1776375764\n|switch|p1b: Heliolisk|Heliolisk, L50, M|100/100\n|move|p2b: Basculegion|Liquidation|p1a: Runerigus\n|-supereffective|p1a: Runerigus|1\n|-damage|p1a: Runerigus|20/100\n|-activate|p2b: Basculegion|Skill Swap|Wandering Spirit|Adaptability|[of] p1a: Runerigus\n|move|p2a: Archaludon|Flash Cannon|p1b: Heliolisk\n|-resisted|p1b: Heliolisk|1\n|-damage|p1b: Heliolisk|61/100\n|move|p1a: Runerigus|Trick Room|p1a: Runerigus\n|-fieldstart|move: Trick Room|[of] p1a: Runerigus\n|\n|-weather|Sandstorm|[upkeep]\n|-damage|p1b: Heliolisk|55/100|[from] Sandstorm\n|-damage|p2b: Basculegion|48/100|[from] Sandstorm\n|upkeep\n|turn|6\n|\n|t:|1776375787\n|move|p1a: Runerigus|Poltergeist|p2b: Basculegion\n|-activate|p2b: Basculegion|move: Poltergeist|Choice Scarf\n|-supereffective|p2b: Basculegion|1\n|-damage|p2b: Basculegion|0 fnt\n|faint|p2b: Basculegion\n|move|p2a: Archaludon|Dragon Pulse|p1b: Heliolisk\n|-damage|p1b: Heliolisk|0 fnt\n|faint|p1b: Heliolisk\n|\n|-weather|Sandstorm|[upkeep]\n|upkeep\n|\n|t:|1776375797\n|switch|p1b: Tyranitar|Tyranitar, L50, M|100/100\n|turn|7\n|\n|t:|1776375805\n|detailschange|p1b: Tyranitar|Tyranitar-Mega, L50, M\n|-mega|p1b: Tyranitar|Tyranitar|Tyranitarite\n|move|p1a: Runerigus|Curse|p2a: Archaludon\n|-start|p2a: Archaludon|Curse|[of] p1a: Runerigus\n|-damage|p1a: Runerigus|0 fnt\n|faint|p1a: Runerigus\n|move|p2a: Archaludon|Dragon Pulse|p1b: Tyranitar\n|-damage|p1b: Tyranitar|63/100\n|move|p1b: Tyranitar|Earthquake|p2a: Archaludon\n|-supereffective|p2a: Archaludon|1\n|-damage|p2a: Archaludon|33/100\n|-ability|p2a: Archaludon|Stamina|boost\n|-boost|p2a: Archaludon|def|1\n|\n|-weather|none\n|-heal|p2a: Archaludon|40/100|[from] item: Leftovers\n|-damage|p2a: Archaludon|15/100|[from] Curse\n|upkeep\n|\n|t:|1776375819\n|switch|p1a: Empoleon|Empoleon, L50, M|67/100\n|turn|8\n|\n|t:|1776375825\n|move|p1a: Empoleon|Flash Cannon|p2a: Archaludon\n|-resisted|p2a: Archaludon|1\n|-damage|p2a: Archaludon|0 fnt\n|faint|p2a: Archaludon\n|\n|win|BaboonX\n|raw|BaboonX's rating: 1238 &rarr; <strong>1259</strong><br />(+21 for winning)\n|raw|beng33's rating: 1178 &rarr; <strong>1157</strong><br />(-21 for losing)\n|l|\u2606beng33\n|player|p2|\n",
  "uploadtime": 1776375835,
  "views": 20,
  "formatid": "gen9championsvgc2026regma",
  "rating": 1157,
  "private": 0,
  "password": null
}