{
  "id": "gen9championsvgc2026regma-2586668914",
  "format": "[Gen 9 Champions] VGC 2026 Reg M-A",
  "players": [
    "skywalkingchris",
    "ShaPuyoDude"
  ],
  "log": "|j|\u2606skywalkingchris\n|j|\u2606ShaPuyoDude\n|t:|1776450716\n|gametype|doubles\n|player|p1|skywalkingchris|102|1124\n|player|p2|ShaPuyoDude|102|1055\n|gen|9\n|tier|[Gen 9 Champions] VGC 2026 Reg M-A\n|rated|\n|rule|Species Clause: Limit one of each Pok\u00e9mon\n|rule|Item Clause: Limit 1 of each item\n|clearpoke\n|poke|p1|Garchomp, L50, F|\n|poke|p1|Chimecho, L50, F|\n|poke|p1|Tyranitar, L50, M|\n|poke|p1|Glimmora, L50, M|\n|poke|p1|Kangaskhan, L50, F|\n|poke|p1|Sinistcha-Masterpiece, L50|\n|poke|p2|Meowstic, L50, M|\n|poke|p2|Armarouge, L50, F|\n|poke|p2|Maushold, L50|\n|poke|p2|Aegislash, L50, F|\n|poke|p2|Espathra, L50, M|\n|poke|p2|Sneasler, L50, F|\n|teampreview|4\n|\n|t:|1776450785\n|teamsize|p1|4\n|teamsize|p2|4\n|start\n|switch|p1a: Garchomp|Garchomp, L50, F|100/100\n|switch|p1b: Tyranitar|Tyranitar, L50, M|100/100\n|switch|p2a: Armarouge|Armarouge, L50, F|100/100\n|switch|p2b: Meowstic|Meowstic, L50, M|100/100\n|-weather|Sandstorm|[from] ability: Sand Stream|[of] p1b: Tyranitar\n|turn|1\n|\n|t:|1776450816\n|move|p2a: Armarouge|Protect|p2a: Armarouge\n|-singleturn|p2a: Armarouge|Protect\n|move|p2b: Meowstic|Psychic Terrain|p2b: Meowstic\n|-fieldstart|move: Psychic Terrain\n|move|p1a: Garchomp|Stomping Tantrum|p2a: Armarouge\n|-activate|p2a: Armarouge|move: Protect\n|move|p1b: Tyranitar|Knock Off|p2a: Armarouge\n|-activate|p2a: Armarouge|move: Protect\n|\n|-weather|Sandstorm|[upkeep]\n|-damage|p2b: Meowstic|94/100|[from] Sandstorm\n|-damage|p2a: Armarouge|95/100|[from] Sandstorm\n|upkeep\n|turn|2\n|\n|t:|1776450848\n|detailschange|p2b: Meowstic|Meowstic-M-Mega, L50, M\n|-mega|p2b: Meowstic|Meowstic|Meowsticite\n|-ability|p2b: Meowstic|Sand Stream|Trace|[from] ability: Trace|[of] p1b: Tyranitar\n|move|p1a: Garchomp|Stomping Tantrum|p2a: Armarouge\n|-supereffective|p2a: Armarouge|1\n|-damage|p2a: Armarouge|9/100\n|-ability|p2a: Armarouge|Weak Armor|boost\n|-unboost|p2a: Armarouge|def|1\n|-boost|p2a: Armarouge|spe|2\n|-enditem|p2a: Armarouge|White Herb\n|-clearnegativeboost|p2a: Armarouge|[silent]\n|move|p2a: Armarouge|Aura Sphere|p1b: Tyranitar\n|-supereffective|p1b: Tyranitar|2\n|-enditem|p1b: Tyranitar|Chople Berry|[eat]\n|-enditem|p1b: Tyranitar|Chople Berry|[weaken]\n|-damage|p1b: Tyranitar|69/100\n|move|p2b: Meowstic|Expanding Force|p1b: Tyranitar|[spread] p1a\n|-immune|p1b: Tyranitar\n|-damage|p1a: Garchomp|25/100\n|move|p1b: Tyranitar|Knock Off|p2b: Meowstic\n|-supereffective|p2b: Meowstic|1\n|-damage|p2b: Meowstic|0 fnt\n|faint|p2b: Meowstic\n|\n|-weather|Sandstorm|[upkeep]\n|-damage|p2a: Armarouge|3/100|[from] Sandstorm\n|upkeep\n|\n|t:|1776450874\n|switch|p2b: Sneasler|Sneasler, L50, F|100/100\n|turn|3\n|\n|t:|1776450887\n|switch|p1a: Kangaskhan|Kangaskhan, L50, F|100/100\n|move|p1b: Tyranitar|Protect|p1b: Tyranitar\n|-singleturn|p1b: Tyranitar|Protect\n|move|p2a: Armarouge|Expanding Force|p1b: Tyranitar|[spread] p1a\n|-activate|p1b: Tyranitar|move: Protect\n|-damage|p1a: Kangaskhan|22/100\n|move|p2b: Sneasler|Close Combat|p1b: Tyranitar\n|-activate|p1b: Tyranitar|move: Protect\n|\n|-weather|Sandstorm|[upkeep]\n|-damage|p2a: Armarouge|0 fnt|[from] Sandstorm\n|-damage|p2b: Sneasler|95/100|[from] Sandstorm\n|-damage|p1a: Kangaskhan|15/100|[from] Sandstorm\n|faint|p2a: Armarouge\n|upkeep\n|\n|t:|1776450892\n|switch|p2a: Aegislash|Aegislash, L50, F|100/100\n|turn|4\n|\n|t:|1776450922\n|switch|p1b: Sinistcha|Sinistcha-Masterpiece, L50|100/100\n|-heal|p1a: Kangaskhan|40/100|[from] ability: Hospitality|[of] p1b: Sinistcha\n|move|p2b: Sneasler|Swords Dance|p2b: Sneasler\n|-boost|p2b: Sneasler|atk|2\n|move|p1a: Kangaskhan|Double-Edge|p2b: Sneasler\n|-damage|p2b: Sneasler|14/100\n|-damage|p1a: Kangaskhan|17/100|[from] Recoil\n|-formechange|p2a: Aegislash|Aegislash-Blade|\n|move|p2a: Aegislash|Sacred Sword|p1b: Sinistcha\n|-immune|p1b: Sinistcha\n|\n|-weather|Sandstorm|[upkeep]\n|-damage|p2b: Sneasler|8/100|[from] Sandstorm\n|-damage|p1a: Kangaskhan|11/100|[from] Sandstorm\n|-damage|p1b: Sinistcha|94/100|[from] Sandstorm\n|-heal|p1b: Sinistcha|100/100|[from] item: Leftovers\n|upkeep\n|turn|5\n|\n|t:|1776450961\n|switch|p1b: Garchomp|Garchomp, L50, F|25/100\n|move|p1a: Kangaskhan|Protect|p1a: Kangaskhan\n|-singleturn|p1a: Kangaskhan|Protect\n|move|p2b: Sneasler|Dire Claw|p1b: Garchomp\n|-resisted|p1b: Garchomp|1\n|-damage|p1b: Garchomp|0 fnt\n|-damage|p2b: Sneasler|0 fnt|[from] ability: Rough Skin|[of] p1b: Garchomp\n|faint|p1b: Garchomp\n|faint|p2b: Sneasler\n|move|p2a: Aegislash|Sacred Sword|p1a: Kangaskhan\n|-activate|p1a: Kangaskhan|move: Protect\n|\n|-weather|none\n|-fieldend|move: Psychic Terrain\n|upkeep\n|\n|t:|1776450985\n|switch|p1b: Tyranitar|Tyranitar, L50, M|69/100\n|-weather|Sandstorm|[from] ability: Sand Stream|[of] p1b: Tyranitar\n|turn|6\n|\n|t:|1776450995\n|detailschange|p1a: Kangaskhan|Kangaskhan-Mega, L50, F\n|-mega|p1a: Kangaskhan|Kangaskhan|Kangaskhanite\n|move|p1a: Kangaskhan|Sucker Punch|p2a: Aegislash\n|-supereffective|p2a: Aegislash|1\n|-enditem|p2a: Aegislash|Focus Sash\n|-damage|p2a: Aegislash|1/100\n|-supereffective|p2a: Aegislash|1\n|-damage|p2a: Aegislash|0 fnt\n|faint|p2a: Aegislash\n|-hitcount|p2: Aegislash|2\n|\n|win|skywalkingchris\n|raw|skywalkingchris's rating: 1124 &rarr; <strong>1144</strong><br />(+20 for winning)\n|raw|ShaPuyoDude's rating: 1055 &rarr; <strong>1040</strong><br />(-15 for losing)\n|l|\u2606ShaPuyoDude\n|player|p2|\n",
  "uploadtime": 1776451005,
  "views": 47,
  "formatid": "gen9championsvgc2026regma",
  "rating": 1040,
  "private": 0,
  "password": null
}