{
  "id": "gen9championsvgc2026regma-2587792408",
  "format": "[Gen 9 Champions] VGC 2026 Reg M-A",
  "players": [
    "manofcream",
    "azumarillsky"
  ],
  "log": "|j|\u2606manofcream\n|j|\u2606azumarillsky\n|t:|1776564489\n|gametype|doubles\n|player|p1|manofcream|swimmer|1421\n|player|p2|azumarillsky|170|1420\n|gen|9\n|tier|[Gen 9 Champions] VGC 2026 Reg M-A\n|rated|\n|rule|Species Clause: Limit one of each Pok\u00e9mon\n|rule|Item Clause: Limit 1 of each item\n|clearpoke\n|poke|p1|Sinistcha, L50|\n|poke|p1|Gyarados, L50, F|\n|poke|p1|Rotom-Heat, L50|\n|poke|p1|Gliscor, L50, M|\n|poke|p1|Sneasler, L50, M|\n|poke|p1|Sylveon, L50, M|\n|poke|p2|Blastoise, L50, M|\n|poke|p2|Kingambit, L50, F|\n|poke|p2|Aegislash, L50, M|\n|poke|p2|Aerodactyl, L50, M|\n|poke|p2|Sneasler, L50, F|\n|poke|p2|Sinistcha, L50|\n|teampreview|4\n|\n|t:|1776564531\n|teamsize|p1|4\n|teamsize|p2|4\n|start\n|switch|p1a: Gliscor|Gliscor, L50, M|100/100\n|switch|p1b: Sylveon|Sylveon, L50, M|100/100\n|switch|p2a: Aerodactyl|Aerodactyl, L50, M|100/100\n|switch|p2b: Kingambit|Kingambit, L50, F|100/100\n|-ability|p2a: Aerodactyl|Unnerve\n|turn|1\n|inactive|Battle timer is ON: inactive players will automatically lose when time's up. (requested by azumarillsky)\n|\n|t:|1776564545\n|detailschange|p2a: Aerodactyl|Aerodactyl-Mega, L50, M\n|-mega|p2a: Aerodactyl|Aerodactyl|Aerodactylite\n|move|p2a: Aerodactyl|Ice Fang|p1a: Gliscor\n|-supereffective|p1a: Gliscor|2\n|-damage|p1a: Gliscor|0 fnt\n|faint|p1a: Gliscor\n|move|p2b: Kingambit|Iron Head|p1b: Sylveon\n|-supereffective|p1b: Sylveon|1\n|-damage|p1b: Sylveon|4/100\n|move|p1b: Sylveon|Hyper Voice|p2b: Kingambit|[spread] p2a,p2b\n|-damage|p2a: Aerodactyl|48/100\n|-damage|p2b: Kingambit|47/100\n|\n|upkeep\n|c|\u2606manofcream|What\n|inactive|manofcream has 30 seconds left.\n|c|\u2606manofcream|so lemme get this straight you have ice fang aero and max speed gambit\n|c|\u2606manofcream|what the hell sure\n|inactive|manofcream has 20 seconds left.\n|\n|t:|1776564581\n|switch|p1a: Sinistcha|Sinistcha, L50|100/100\n|-heal|p1b: Sylveon|29/100|[from] ability: Hospitality|[of] p1a: Sinistcha\n|turn|2\n|c|\u2606azumarillsky|as gambit\n|inactive|azumarillsky has 30 seconds left.\n|\n|t:|1776564612\n|move|p1b: Sylveon|Protect|p1b: Sylveon\n|-singleturn|p1b: Sylveon|Protect\n|move|p2a: Aerodactyl|Rock Slide|p1b: Sylveon|[spread] p1a\n|-activate|p1b: Sylveon|move: Protect\n|-damage|p1a: Sinistcha|74/100\n|move|p2b: Kingambit|Assurance|p1a: Sinistcha\n|-supereffective|p1a: Sinistcha|1\n|-damage|p1a: Sinistcha|0 fnt\n|faint|p1a: Sinistcha\n|\n|upkeep\n|\n|t:|1776564620\n|switch|p1a: Gyarados|Gyarados, L50, F|100/100\n|-ability|p1a: Gyarados|Intimidate|boost\n|-unboost|p2a: Aerodactyl|atk|1\n|-unboost|p2b: Kingambit|atk|1\n|-ability|p2b: Kingambit|Defiant|boost\n|-boost|p2b: Kingambit|atk|2\n|turn|3\n|\n|t:|1776564639\n|detailschange|p1a: Gyarados|Gyarados-Mega, L50, F\n|-mega|p1a: Gyarados|Gyarados|Gyaradosite\n|-ability|p1a: Gyarados|Mold Breaker\n|move|p1b: Sylveon|Protect||[still]\n|-fail|p1b: Sylveon\n|move|p2a: Aerodactyl|Rock Slide|p1b: Sylveon|[spread] p1a,p1b\n|-damage|p1a: Gyarados|82/100\n|-damage|p1b: Sylveon|5/100\n|move|p1a: Gyarados|Waterfall|p2b: Kingambit\n|-damage|p2b: Kingambit|6/100\n|move|p2b: Kingambit|Assurance|p1a: Gyarados\n|-resisted|p1a: Gyarados|1\n|-damage|p1a: Gyarados|32/100\n|\n|upkeep\n|turn|4\n|inactive|manofcream has 30 seconds left.\n|c|\u2606manofcream|so wait wtf are you not tailwind\n|inactive|manofcream has 20 seconds left.\n|c|\u2606manofcream|mannn what are we doing\n|inactive|manofcream has 15 seconds left.\n|\n|t:|1776564680\n|move|p1a: Gyarados|Protect|p1a: Gyarados\n|-singleturn|p1a: Gyarados|Protect\n|move|p2b: Kingambit|Sucker Punch|p1b: Sylveon\n|-resisted|p1b: Sylveon|1\n|-damage|p1b: Sylveon|0 fnt\n|faint|p1b: Sylveon\n|move|p2a: Aerodactyl|Rock Slide|p1a: Gyarados\n|-activate|p1a: Gyarados|move: Protect\n|\n|upkeep\n|turn|5\n|\n|t:|1776564704\n|move|p2b: Kingambit|Sucker Punch|p1a: Gyarados\n|-resisted|p1a: Gyarados|1\n|-damage|p1a: Gyarados|1/100\n|move|p2a: Aerodactyl|Rock Slide|p1a: Gyarados\n|-damage|p1a: Gyarados|0 fnt\n|faint|p1a: Gyarados\n|\n|win|azumarillsky\n|raw|manofcream's rating: 1421 &rarr; <strong>1401</strong><br />(-20 for losing)\n|raw|azumarillsky's rating: 1420 &rarr; <strong>1440</strong><br />(+20 for winning)\n|l|\u2606manofcream\n|player|p1|\n|l|\u2606azumarillsky\n|player|p2|\n",
  "uploadtime": 1776564754,
  "views": 16,
  "formatid": "gen9championsvgc2026regma",
  "rating": 1401,
  "private": 0,
  "password": null
}