{
  "id": "gen9championsvgc2026regma-2582037429",
  "format": "[Gen 9 Champions] VGC 2026 Reg M-A",
  "players": [
    "9bhf",
    "Sensicloud"
  ],
  "log": "|j|\u26069bhf\n|j|\u2606Sensicloud\n|t:|1776050694\n|gametype|doubles\n|player|p1|9bhf|101|1000\n|player|p2|Sensicloud|169|1015\n|gen|9\n|tier|[Gen 9 Champions] VGC 2026 Reg M-A\n|rated|\n|rule|Species Clause: Limit one of each Pok\u00e9mon\n|rule|Item Clause: Limit 1 of each item\n|clearpoke\n|poke|p1|Ninetales-Alola, L50, M|\n|poke|p1|Glaceon, L50, F|\n|poke|p1|Rotom-Heat, L50|\n|poke|p1|Kingambit, L50, M|\n|poke|p1|Sneasler, L50, M|\n|poke|p1|Kangaskhan, L50, F|\n|poke|p2|Archaludon, L50, F|\n|poke|p2|Pelipper, L50, M|\n|poke|p2|Rotom-Wash, L50|\n|poke|p2|Gengar, L50, F|\n|poke|p2|Delphox, L50, M|\n|poke|p2|Sinistcha, L50|\n|teampreview|4\n|\n|t:|1776050733\n|teamsize|p1|4\n|teamsize|p2|4\n|start\n|switch|p1a: Kangaskhan|Kangaskhan, L50, F|100/100\n|switch|p1b: Glaceon|Glaceon, L50, F|100/100\n|switch|p2a: Archaludon|Archaludon, L50, F|100/100\n|switch|p2b: Pelipper|Pelipper, L50, M|100/100\n|-weather|RainDance|[from] ability: Drizzle|[of] p2b: Pelipper\n|turn|1\n|inactive|Battle timer is ON: inactive players will automatically lose when time's up. (requested by 9bhf)\n|\n|t:|1776050791\n|switch|p1b: Ninetales|Ninetales-Alola, L50, M|100/100\n|-weather|Snowscape|[from] ability: Snow Warning|[of] p1b: Ninetales\n|detailschange|p1a: Kangaskhan|Kangaskhan-Mega, L50, F\n|-mega|p1a: Kangaskhan|Kangaskhan|Kangaskhanite\n|move|p1a: Kangaskhan|Fake Out|p2a: Archaludon\n|-resisted|p2a: Archaludon|1\n|-damage|p2a: Archaludon|94/100\n|-ability|p2a: Archaludon|Stamina|boost\n|-boost|p2a: Archaludon|def|1\n|-resisted|p2a: Archaludon|1\n|-damage|p2a: Archaludon|93/100\n|-ability|p2a: Archaludon|Stamina|boost\n|-boost|p2a: Archaludon|def|1\n|-hitcount|p2a: Archaludon|2\n|cant|p2a: Archaludon|flinch\n|move|p2b: Pelipper|Tailwind|p2b: Pelipper\n|-sidestart|p2: Sensicloud|move: Tailwind\n|\n|-weather|Snowscape|[upkeep]\n|-heal|p2a: Archaludon|99/100|[from] item: Leftovers\n|upkeep\n|turn|2\n|inactive|Sensicloud has 30 seconds left.\n|\n|t:|1776050819\n|move|p1b: Ninetales|Protect|p1b: Ninetales\n|-singleturn|p1b: Ninetales|Protect\n|move|p2a: Archaludon|Iron Head|p1b: Ninetales\n|-activate|p1b: Ninetales|move: Protect\n|move|p2b: Pelipper|Surf|p1b: Ninetales|[spread] p2a,p1a\n|-activate|p1b: Ninetales|move: Protect\n|-resisted|p2a: Archaludon|1\n|-damage|p2a: Archaludon|85/100\n|-damage|p1a: Kangaskhan|82/100\n|-ability|p2a: Archaludon|Stamina|boost\n|-boost|p2a: Archaludon|def|1\n|move|p1a: Kangaskhan|Drain Punch|p2a: Archaludon\n|-supereffective|p2a: Archaludon|1\n|-damage|p2a: Archaludon|72/100\n|-heal|p1a: Kangaskhan|87/100|[from] drain|[of] p2a: Archaludon\n|-ability|p2a: Archaludon|Stamina|boost\n|-boost|p2a: Archaludon|def|1\n|-supereffective|p2a: Archaludon|1\n|-damage|p2a: Archaludon|70/100\n|-heal|p1a: Kangaskhan|88/100|[from] drain|[of] p2a: Archaludon\n|-ability|p2a: Archaludon|Stamina|boost\n|-boost|p2a: Archaludon|def|1\n|-hitcount|p2a: Archaludon|2\n|\n|-weather|Snowscape|[upkeep]\n|-heal|p2a: Archaludon|76/100|[from] item: Leftovers\n|upkeep\n|turn|3\n|inactive|9bhf has 30 seconds left.\n|inactive|Sensicloud has 30 seconds left.\n|\n|t:|1776050851\n|move|p2a: Archaludon|Electro Shot||[still]\n|-prepare|p2a: Archaludon|Electro Shot\n|-boost|p2a: Archaludon|spa|1\n|move|p2b: Pelipper|Hurricane|p1b: Ninetales\n|-damage|p1b: Ninetales|60/100\n|move|p1b: Ninetales|Aurora Veil|p1b: Ninetales\n|-sidestart|p1: 9bhf|move: Aurora Veil\n|move|p1a: Kangaskhan|Double-Edge|p2b: Pelipper\n|-damage|p2b: Pelipper|45/100\n|-damage|p2b: Pelipper|31/100\n|-hitcount|p2b: Pelipper|2\n|-damage|p1a: Kangaskhan|72/100|[from] Recoil\n|\n|-weather|Snowscape|[upkeep]\n|-heal|p2a: Archaludon|82/100|[from] item: Leftovers\n|upkeep\n|turn|4\n|inactive|9bhf has 30 seconds left.\n|\n|t:|1776050886\n|switch|p2b: Sinistcha|Sinistcha, L50|100/100\n|-heal|p2a: Archaludon|100/100|[from] ability: Hospitality|[of] p2b: Sinistcha\n|move|p1b: Ninetales|Protect|p1b: Ninetales\n|-singleturn|p1b: Ninetales|Protect\n|move|p2a: Archaludon|Electro Shot|p1a: Kangaskhan|[from] lockedmove\n|-damage|p1a: Kangaskhan|48/100\n|move|p1a: Kangaskhan|Drain Punch|p2a: Archaludon\n|-supereffective|p2a: Archaludon|1\n|-damage|p2a: Archaludon|92/100\n|-heal|p1a: Kangaskhan|51/100|[from] drain|[of] p2a: Archaludon\n|-ability|p2a: Archaludon|Stamina|boost\n|-boost|p2a: Archaludon|def|1\n|-supereffective|p2a: Archaludon|1\n|-damage|p2a: Archaludon|91/100\n|-heal|p1a: Kangaskhan|52/100|[from] drain|[of] p2a: Archaludon\n|-hitcount|p2a: Archaludon|2\n|\n|-weather|Snowscape|[upkeep]\n|-heal|p2a: Archaludon|97/100|[from] item: Leftovers\n|-sideend|p2: Sensicloud|move: Tailwind\n|upkeep\n|turn|5\n|inactive|9bhf has 30 seconds left.\n|inactive|9bhf has 20 seconds left.\n|inactive|9bhf has 15 seconds left.\n|inactive|9bhf has 10 seconds left.\n|\n|t:|1776050935\n|switch|p1b: Glaceon|Glaceon, L50, F|100/100\n|move|p2a: Archaludon|Earthquake|p1a: Kangaskhan|[spread] p2b,p1a,p1b\n|-resisted|p2b: Sinistcha|1\n|-damage|p2b: Sinistcha|91/100\n|-damage|p1a: Kangaskhan|42/100\n|-damage|p1b: Glaceon|92/100\n|move|p1a: Kangaskhan|Double-Edge|p2b: Sinistcha\n|-immune|p2b: Sinistcha\n|move|p2b: Sinistcha|Matcha Gotcha|p1a: Kangaskhan|[spread] p1b\n|-miss|p2b: Sinistcha|p1a: Kangaskhan\n|-damage|p1b: Glaceon|77/100\n|-heal|p2b: Sinistcha|99/100|[from] drain|[of] p1b: Glaceon\n|-status|p1b: Glaceon|brn\n|\n|-weather|none\n|-heal|p2a: Archaludon|100/100|[from] item: Leftovers\n|-damage|p1b: Glaceon|71/100 brn|[from] brn\n|upkeep\n|turn|6\n|inactive|9bhf has 30 seconds left.\n|inactive|Sensicloud has 30 seconds left.\n|\n|t:|1776050966\n|switch|p1a: Ninetales|Ninetales-Alola, L50, M|60/100\n|-weather|Snowscape|[from] ability: Snow Warning|[of] p1a: Ninetales\n|switch|p2b: Pelipper|Pelipper, L50, M|31/100\n|-weather|RainDance|[from] ability: Drizzle|[of] p2b: Pelipper\n|move|p2a: Archaludon|Iron Head|p1b: Glaceon\n|-supereffective|p1b: Glaceon|1\n|-damage|p1b: Glaceon|36/100 brn\n|move|p1b: Glaceon|Blizzard|p2a: Archaludon|[spread] \n|-miss|p1b: Glaceon|p2a: Archaludon\n|-miss|p1b: Glaceon|p2b: Pelipper\n|\n|-weather|RainDance|[upkeep]\n|-damage|p1b: Glaceon|30/100 brn|[from] brn\n|upkeep\n|turn|7\n|inactive|9bhf has 30 seconds left.\n|\n|t:|1776050992\n|switch|p1a: Kangaskhan|Kangaskhan-Mega, L50, F|42/100\n|move|p2a: Archaludon|Iron Head|p1a: Kangaskhan\n|-damage|p1a: Kangaskhan|27/100\n|move|p2b: Pelipper|Surf|p1b: Glaceon|[spread] p2a,p1a,p1b\n|-resisted|p2a: Archaludon|1\n|-damage|p2a: Archaludon|79/100\n|-damage|p1a: Kangaskhan|8/100\n|-damage|p1b: Glaceon|9/100 brn\n|move|p1b: Glaceon|Wish|p1b: Glaceon\n|\n|-weather|RainDance|[upkeep]\n|-heal|p2a: Archaludon|85/100|[from] item: Leftovers\n|-damage|p1b: Glaceon|2/100 brn|[from] brn\n|-sideend|p1: 9bhf|move: Aurora Veil\n|upkeep\n|turn|8\n|\n|t:|1776051012\n|switch|p1a: Ninetales|Ninetales-Alola, L50, M|60/100\n|-weather|Snowscape|[from] ability: Snow Warning|[of] p1a: Ninetales\n|move|p2b: Pelipper|Protect|p2b: Pelipper\n|-singleturn|p2b: Pelipper|Protect\n|move|p2a: Archaludon|Earthquake|p1b: Glaceon|[spread] p1a\n|-activate|p2b: Pelipper|move: Protect\n|-miss|p2a: Archaludon|p1b: Glaceon\n|-damage|p1a: Ninetales|49/100\n|move|p1b: Glaceon|Blizzard|p2a: Archaludon|[spread] p2a\n|-activate|p2b: Pelipper|move: Protect\n|-damage|p2a: Archaludon|36/100\n|\n|-weather|Snowscape|[upkeep]\n|-heal|p1b: Glaceon|52/100 brn|[from] move: Wish|[wisher] Glaceon\n|-heal|p2a: Archaludon|42/100|[from] item: Leftovers\n|-damage|p1b: Glaceon|46/100 brn|[from] brn\n|upkeep\n|turn|9\n|inactive|9bhf has 30 seconds left.\n|inactive|Sensicloud has 30 seconds left.\n|\n|t:|1776051044\n|switch|p1a: Kangaskhan|Kangaskhan-Mega, L50, F|8/100\n|switch|p2b: Sinistcha|Sinistcha, L50|99/100\n|-heal|p2a: Archaludon|67/100|[from] ability: Hospitality|[of] p2b: Sinistcha\n|move|p2a: Archaludon|Iron Head|p1a: Kangaskhan\n|-damage|p1a: Kangaskhan|0 fnt\n|faint|p1a: Kangaskhan\n|move|p1b: Glaceon|Blizzard|p2b: Sinistcha|[spread] p2a,p2b\n|-supereffective|p2b: Sinistcha|1\n|-damage|p2a: Archaludon|21/100\n|-damage|p2b: Sinistcha|4/100\n|-status|p2b: Sinistcha|frz\n|\n|-weather|Snowscape|[upkeep]\n|-heal|p2a: Archaludon|27/100|[from] item: Leftovers\n|-damage|p1b: Glaceon|40/100 brn|[from] brn\n|upkeep\n|\n|t:|1776051059\n|switch|p1a: Kingambit|Kingambit, L50, M|100/100\n|turn|10\n|\n|t:|1776051082\n|move|p2a: Archaludon|Earthquake|p1b: Glaceon|[spread] p2b,p1a,p1b\n|-resisted|p2b: Sinistcha|1\n|-supereffective|p1a: Kingambit|1\n|-damage|p2b: Sinistcha|0 fnt\n|-damage|p1a: Kingambit|72/100\n|-damage|p1b: Glaceon|30/100 brn\n|faint|p2b: Sinistcha\n|move|p1b: Glaceon|Shadow Ball|p2a: Archaludon\n|-damage|p2a: Archaludon|0 fnt\n|faint|p2a: Archaludon\n|move|p1a: Kingambit|Kowtow Cleave|p2: Archaludon|[notarget]\n|-fail|p1a: Kingambit\n|\n|-weather|Snowscape|[upkeep]\n|-damage|p1b: Glaceon|23/100 brn|[from] brn\n|upkeep\n|\n|t:|1776051097\n|switch|p2a: Delphox|Delphox, L50, M|100/100\n|switch|p2b: Pelipper|Pelipper, L50, M|31/100\n|-weather|RainDance|[from] ability: Drizzle|[of] p2b: Pelipper\n|turn|11\n|\n|t:|1776051116\n|move|p1a: Kingambit|Sucker Punch|p2a: Delphox\n|-supereffective|p2a: Delphox|1\n|-damage|p2a: Delphox|0 fnt\n|faint|p2a: Delphox\n|move|p2b: Pelipper|Surf|p1b: Glaceon|[spread] p1a,p1b\n|-damage|p1a: Kingambit|37/100\n|-damage|p1b: Glaceon|0 fnt\n|-enditem|p1a: Kingambit|Sitrus Berry|[eat]\n|-heal|p1a: Kingambit|61/100|[from] item: Sitrus Berry\n|faint|p1b: Glaceon\n|\n|-weather|RainDance|[upkeep]\n|upkeep\n|\n|t:|1776051126\n|switch|p1b: Ninetales|Ninetales-Alola, L50, M|49/100\n|-weather|Snowscape|[from] ability: Snow Warning|[of] p1b: Ninetales\n|turn|12\n|\n|t:|1776051132\n|move|p1a: Kingambit|Sucker Punch|p2b: Pelipper\n|-damage|p2b: Pelipper|0 fnt\n|faint|p2b: Pelipper\n|\n|win|9bhf\n|raw|9bhf's rating: 1000 &rarr; <strong>1042</strong><br />(+42 for winning)\n|raw|Sensicloud's rating: 1015 &rarr; <strong>1002</strong><br />(-13 for losing)\n",
  "uploadtime": 1776051142,
  "views": 9,
  "formatid": "gen9championsvgc2026regma",
  "rating": 1002,
  "private": 0,
  "password": null
}