{
  "id": "gen9championsvgc2026regma-2583998756",
  "format": "[Gen 9 Champions] VGC 2026 Reg M-A",
  "players": [
    "potaajyu_jv",
    "Red Ferrous"
  ],
  "log": "|j|\u2606potaajyu_jv\n|j|\u2606Red Ferrous\n|t:|1776215440\n|gametype|doubles\n|player|p1|potaajyu_jv|cheryl|1082\n|player|p2|Red Ferrous|pokemonrangerf|1049\n|gen|9\n|tier|[Gen 9 Champions] VGC 2026 Reg M-A\n|rated|\n|rule|Species Clause: Limit one of each Pok\u00e9mon\n|rule|Item Clause: Limit 1 of each item\n|clearpoke\n|poke|p1|Primarina, L50, M|\n|poke|p1|Drampa, L50, F|\n|poke|p1|Sneasler, L50, F|\n|poke|p1|Sinistcha, L50|\n|poke|p1|Farigiraf, L50, M|\n|poke|p1|Crabominable, L50, F|\n|poke|p2|Farigiraf, L50, F|\n|poke|p2|Tyrantrum, L50, F|\n|poke|p2|Tyranitar, L50, F|\n|poke|p2|Zoroark-Hisui, L50, F|\n|poke|p2|Aggron, L50, F|\n|poke|p2|Appletun, L50, F|\n|teampreview|4\nRed Ferrous rejected open team sheets.\n|\n|t:|1776215475\n|teamsize|p1|4\n|teamsize|p2|4\n|start\n|switch|p1a: \u30a2\u30b7\u30ec\u30fc\u30cc|Primarina, L50, M|100/100\n|switch|p1b: \u30ea\u30ad\u30ad\u30ea\u30f3|Farigiraf, L50, M|100/100\n|switch|p2a: Farigiraf|Farigiraf, L50, F, shiny|100/100\n|switch|p2b: Tyrantrum|Tyrantrum, L50, F|100/100\n|turn|1\n|\n|t:|1776215497\n|move|p1b: \u30ea\u30ad\u30ad\u30ea\u30f3|Helping Hand|p1a: \u30a2\u30b7\u30ec\u30fc\u30cc\n|-singleturn|p1a: \u30a2\u30b7\u30ec\u30fc\u30cc|Helping Hand|[of] p1b: \u30ea\u30ad\u30ad\u30ea\u30f3\n|move|p2b: Tyrantrum|Head Smash|p1a: \u30a2\u30b7\u30ec\u30fc\u30cc|[miss]\n|-miss|p2b: Tyrantrum|p1a: \u30a2\u30b7\u30ec\u30fc\u30cc\n|move|p2a: Farigiraf|Taunt|p1b: \u30ea\u30ad\u30ad\u30ea\u30f3\n|-start|p1b: \u30ea\u30ad\u30ad\u30ea\u30f3|move: Taunt\n|move|p1a: \u30a2\u30b7\u30ec\u30fc\u30cc|Hyper Voice|p2a: Farigiraf|[spread] p2a,p2b\n|-enditem|p2a: Farigiraf|Focus Sash\n|-damage|p2a: Farigiraf|1/100\n|-damage|p2b: Tyrantrum|4/100\n|replace|p2a: Zoroark|Zoroark-Hisui, L50, F\n|-end|p2a: Zoroark|Illusion\n|\n|upkeep\n|turn|2\n|\n|t:|1776215527\n|move|p1a: \u30a2\u30b7\u30ec\u30fc\u30cc|Aqua Jet|p2a: Zoroark\n|-damage|p2a: Zoroark|0 fnt\n|faint|p2a: Zoroark\n|move|p2b: Tyrantrum|Head Smash|p1a: \u30a2\u30b7\u30ec\u30fc\u30cc|[miss]\n|-miss|p2b: Tyrantrum|p1a: \u30a2\u30b7\u30ec\u30fc\u30cc\n|move|p1b: \u30ea\u30ad\u30ad\u30ea\u30f3|Night Shade|p2b: Tyrantrum\n|-damage|p2b: Tyrantrum|0 fnt\n|faint|p2b: Tyrantrum\n|\n|upkeep\n|\n|t:|1776215536\n|switch|p2a: Aggron|Aggron, L50, F|100/100\n|switch|p2b: Farigiraf|Farigiraf, L50, F, shiny|100/100\n|turn|3\n|\n|t:|1776215550\n|detailschange|p2a: Aggron|Aggron-Mega, L50, F\n|-mega|p2a: Aggron|Aggron|Aggronite\n|move|p1a: \u30a2\u30b7\u30ec\u30fc\u30cc|Hyper Voice|p2b: Farigiraf|[spread] p2a,p2b\n|-damage|p2a: Aggron|55/100\n|-damage|p2b: Farigiraf|66/100\n|move|p1b: \u30ea\u30ad\u30ad\u30ea\u30f3|Night Shade|p2a: Aggron\n|-damage|p2a: Aggron|26/100\n|move|p2b: Farigiraf|Hyper Voice|p1a: \u30a2\u30b7\u30ec\u30fc\u30cc|[spread] p1a,p1b\n|-damage|p1a: \u30a2\u30b7\u30ec\u30fc\u30cc|68/100\n|-damage|p1b: \u30ea\u30ad\u30ad\u30ea\u30f3|75/100\n|move|p2a: Aggron|Iron Defense|p2a: Aggron\n|-boost|p2a: Aggron|def|2\n|\n|upkeep\n|turn|4\n|\n|t:|1776215578\n|switch|p1b: \u30e4\u30d0\u30bd\u30c1\u30e3|Sinistcha, L50|100/100\n|-heal|p1a: \u30a2\u30b7\u30ec\u30fc\u30cc|93/100|[from] ability: Hospitality|[of] p1b: \u30e4\u30d0\u30bd\u30c1\u30e3\n|move|p1a: \u30a2\u30b7\u30ec\u30fc\u30cc|Hyper Voice|p2a: Aggron|[spread] p2a,p2b\n|-damage|p2a: Aggron|0 fnt\n|-damage|p2b: Farigiraf|33/100\n|faint|p2a: Aggron\n|move|p2b: Farigiraf|Psychic Noise|p1a: \u30a2\u30b7\u30ec\u30fc\u30cc\n|-damage|p1a: \u30a2\u30b7\u30ec\u30fc\u30cc|55/100\n|-start|p1a: \u30a2\u30b7\u30ec\u30fc\u30cc|move: Heal Block\n|\n|upkeep\n|turn|5\n|-message|Red Ferrous forfeited.\n|\n|win|potaajyu_jv\n|raw|potaajyu_jv's rating: 1082 &rarr; <strong>1107</strong><br />(+25 for winning)\n|raw|Red Ferrous's rating: 1049 &rarr; <strong>1033</strong><br />(-16 for losing)\n|l|\u2606Red Ferrous\n|player|p2|\n",
  "uploadtime": 1776215603,
  "views": 28,
  "formatid": "gen9championsvgc2026regma",
  "rating": 1033,
  "private": 0,
  "password": null
}