{
  "id": "gen9championsvgc2026regma-2580331735",
  "format": "[Gen 9 Champions] VGC 2026 Reg M-A",
  "players": [
    "Iron Boulder Fan",
    "spongebobvious"
  ],
  "log": "|j|\u2606Iron Boulder Fan\n|j|\u2606spongebobvious\n|t:|1775881460\n|gametype|doubles\n|player|p1|Iron Boulder Fan|morgan|1098\n|player|p2|spongebobvious|266|1040\n|gen|9\n|tier|[Gen 9 Champions] VGC 2026 Reg M-A\n|rated|\n|rule|Species Clause: Limit one of each Pok\u00e9mon\n|rule|Item Clause: Limit 1 of each item\n|clearpoke\n|poke|p1|Gengar, L50, F|\n|poke|p1|Whimsicott, L50, F|\n|poke|p1|Incineroar, L50, M|\n|poke|p1|Sinistcha, L50|\n|poke|p1|Sneasler, L50, F|\n|poke|p1|Ninetales-Alola, L50, F|\n|poke|p2|Hawlucha, L50, M|\n|poke|p2|Excadrill, L50, F|\n|poke|p2|Tyranitar, L50, M|\n|poke|p2|Glalie, L50, F|\n|teampreview|4\n|inactive|Battle timer is ON: inactive players will automatically lose when time's up. (requested by Iron Boulder Fan)\n|c|\u2606Iron Boulder Fan|ok brother\nspongebobvious rejected open team sheets.\n|inactive|Iron Boulder Fan has 60 seconds left.\n|\n|t:|1775881515\n|teamsize|p1|4\n|teamsize|p2|4\n|start\n|switch|p1a: jonkler|Gengar, L50, F, shiny|100/100\n|switch|p1b: RyanButtlord|Whimsicott, L50, F|100/100\n|switch|p2a: Hawlucha|Hawlucha, L50, M|100/100\n|switch|p2b: Excadrill|Excadrill, L50, F|100/100\n|turn|1\n|inactive|spongebobvious has 30 seconds left.\n|inactive|Iron Boulder Fan has 30 seconds left.\n|inactive|spongebobvious has 20 seconds left.\n|\n|t:|1775881553\n|detailschange|p2a: Hawlucha|Hawlucha-Mega, L50, M\n|-mega|p2a: Hawlucha|Hawlucha|Hawluchanite\n|detailschange|p1a: jonkler|Gengar-Mega, L50, F, shiny\n|-mega|p1a: jonkler|Gengar|Gengarite\n|move|p1b: RyanButtlord|Protect|p1b: RyanButtlord\n|-singleturn|p1b: RyanButtlord|Protect\n|move|p1a: jonkler|Protect|p1a: jonkler\n|-singleturn|p1a: jonkler|Protect\n|move|p2a: Hawlucha|Entrainment|p2b: Excadrill\n|-ability|p2b: Excadrill|No Guard|Sand Rush|[from] move: Entrainment|[of] p2a: Hawlucha\n|move|p2b: Excadrill|Horn Drill|p1b: RyanButtlord\n|-activate|p1b: RyanButtlord|move: Protect\n|\n|upkeep\n|turn|2\n|\n|t:|1775881571\n|move|p1b: RyanButtlord|Encore|p2b: Excadrill\n|-start|p2b: Excadrill|Encore\n|move|p1a: jonkler|Disable|p2b: Excadrill\n|-start|p2b: Excadrill|Disable|Horn Drill\n|move|p2a: Hawlucha|U-turn|p1a: jonkler\n|-resisted|p1a: jonkler|2\n|-damage|p1a: jonkler|91/100\n|c|\u2606Iron Boulder Fan|ZERO DAMAGE!!!!!\n|\n|t:|1775881588\n|switch|p2a: Tyranitar|Tyranitar, L50, M|100/100|[from] U-turn\n|-weather|Sandstorm|[from] ability: Sand Stream|[of] p2a: Tyranitar\n|cant|p2b: Excadrill|Disable|Horn Drill\n|\n|-weather|Sandstorm|[upkeep]\n|-damage|p1a: jonkler|85/100|[from] Sandstorm\n|-damage|p1b: RyanButtlord|95/100|[from] Sandstorm\n|upkeep\n|turn|3\n|\n|t:|1775881609\n|move|p1a: jonkler|Protect|p1a: jonkler\n|-singleturn|p1a: jonkler|Protect\n|move|p1b: RyanButtlord|Fake Tears|p2a: Tyranitar\n|-hint|Since gen 7, Dark is immune to Prankster moves.\n|-immune|p2a: Tyranitar\n|-activate|p2b: Excadrill|move: Struggle\n|move|p2b: Excadrill|Struggle|p1b: RyanButtlord\n|-damage|p1b: RyanButtlord|74/100\n|-damage|p2b: Excadrill|76/100|[from] recoil\n|move|p2a: Tyranitar|Knock Off|p1a: jonkler\n|-activate|p1a: jonkler|move: Protect\n|\n|-weather|Sandstorm|[upkeep]\n|-damage|p1a: jonkler|78/100|[from] Sandstorm\n|-damage|p1b: RyanButtlord|68/100|[from] Sandstorm\n|upkeep\n|turn|4\n|\n|t:|1775881632\n|switch|p1b: Lillie|Ninetales-Alola, L50, F, shiny|100/100\n|-weather|Snowscape|[from] ability: Snow Warning|[of] p1b: Lillie\n|move|p1a: jonkler|Disable|p2a: Tyranitar\n|-start|p2a: Tyranitar|Disable|Knock Off\n|-activate|p2b: Excadrill|move: Struggle\n|move|p2b: Excadrill|Struggle|p1a: jonkler\n|-damage|p1a: jonkler|51/100\n|-damage|p2b: Excadrill|51/100|[from] recoil\n|cant|p2a: Tyranitar|Disable|Knock Off\n|\n|-weather|Snowscape|[upkeep]\n|-end|p2b: Excadrill|Encore\n|upkeep\n|turn|5\n|c|\u2606Iron Boulder Fan|oops lol\n|inactive|Iron Boulder Fan has 30 seconds left.\n|inactive|spongebobvious has 30 seconds left.\n|\n|t:|1775881660\n|move|p1b: Lillie|Moonblast|p2a: Tyranitar\n|-supereffective|p2a: Tyranitar|1\n|-damage|p2a: Tyranitar|36/100\n|move|p1a: jonkler|Shadow Ball|p2b: Excadrill\n|-damage|p2b: Excadrill|0 fnt\n|faint|p2b: Excadrill\n|move|p2a: Tyranitar|Earthquake|p1a: jonkler|[spread] p1a,p1b\n|-supereffective|p1a: jonkler|1\n|-damage|p1a: jonkler|0 fnt\n|-damage|p1b: Lillie|70/100\n|faint|p1a: jonkler\n|\n|-weather|Snowscape|[upkeep]\n|-heal|p2a: Tyranitar|42/100|[from] item: Leftovers\n|upkeep\n|\n|t:|1775881676\n|switch|p1a: 2004 dog|Sneasler, L50, F|100/100\n|switch|p2b: Glalie|Glalie, L50, F|100/100\n|turn|6\n|\n|t:|1775881683\n|move|p2b: Glalie|Protect|p2b: Glalie\n|-singleturn|p2b: Glalie|Protect\n|move|p2a: Tyranitar|Protect|p2a: Tyranitar\n|-singleturn|p2a: Tyranitar|Protect\n|move|p1a: 2004 dog|Fake Out|p2b: Glalie\n|-activate|p2b: Glalie|move: Protect\n|move|p1b: Lillie|Moonblast|p2a: Tyranitar\n|-activate|p2a: Tyranitar|move: Protect\n|\n|-weather|Snowscape|[upkeep]\n|-heal|p2a: Tyranitar|47/100|[from] item: Leftovers\n|-ability|p2b: Glalie|Moody|boost\n|-boost|p2b: Glalie|spd|2\n|-unboost|p2b: Glalie|def|1\n|upkeep\n|turn|7\n|\n|t:|1775881699\n|move|p1b: Lillie|Moonblast|p2a: Tyranitar\n|-supereffective|p2a: Tyranitar|1\n|-crit|p2a: Tyranitar\n|-damage|p2a: Tyranitar|0 fnt\n|faint|p2a: Tyranitar\n|move|p1a: 2004 dog|Close Combat|p2b: Glalie\n|-supereffective|p2b: Glalie|1\n|-enditem|p2b: Glalie|Chople Berry|[eat]\n|-enditem|p2b: Glalie|Chople Berry|[weaken]\n|-damage|p2b: Glalie|0 fnt\n|-unboost|p1a: 2004 dog|def|1\n|-unboost|p1a: 2004 dog|spd|1\n|faint|p2b: Glalie\n|-enditem|p1a: 2004 dog|White Herb\n|-clearnegativeboost|p1a: 2004 dog|[silent]\n|\n|-weather|Snowscape|[upkeep]\n|upkeep\n|\n|t:|1775881708\n|switch|p2a: Hawlucha|Hawlucha-Mega, L50, M|100/100\n|turn|8\n|c|\u2606Iron Boulder Fan|i guess bro\n|\n|t:|1775881716\n|move|p1a: 2004 dog|Dire Claw|p2a: Hawlucha\n|-damage|p2a: Hawlucha|44/100\n|move|p1b: Lillie|Moonblast|p2a: Hawlucha\n|-supereffective|p2a: Hawlucha|1\n|-damage|p2a: Hawlucha|0 fnt\n|faint|p2a: Hawlucha\n|\n|win|Iron Boulder Fan\n|raw|Iron Boulder Fan's rating: 1098 &rarr; <strong>1119</strong><br />(+21 for winning)\n|raw|spongebobvious's rating: 1040 &rarr; <strong>1027</strong><br />(-13 for losing)\n|l|\u2606spongebobvious\n|player|p2|\n",
  "uploadtime": 1775881726,
  "views": 12,
  "formatid": "gen9championsvgc2026regma",
  "rating": 1027,
  "private": 0,
  "password": null
}