{
  "id": "gen9championsvgc2026regma-2585452286",
  "format": "[Gen 9 Champions] VGC 2026 Reg M-A",
  "players": [
    "slyvesterccd",
    "gthamsrim"
  ],
  "log": "|j|\u2606slyvesterccd\n|j|\u2606gthamsrim\n|t:|1776348252\n|gametype|doubles\n|player|p1|slyvesterccd|265|\n|player|p2|gthamsrim|102|\n|gen|9\n|tier|[Gen 9 Champions] VGC 2026 Reg M-A\n|rule|Species Clause: Limit one of each Pok\u00e9mon\n|rule|Item Clause: Limit 1 of each item\n|clearpoke\n|poke|p1|Gengar, L50, M|\n|poke|p1|Incineroar, L50, M|\n|poke|p1|Kingambit, L50, M|\n|poke|p1|Kommo-o, L50, M|\n|poke|p1|Sinistcha-Masterpiece, L50|\n|poke|p1|Tyranitar, L50, M|\n|poke|p2|Pelipper, L50, F|\n|poke|p2|Jolteon, L50, F|\n|poke|p2|Conkeldurr, L50, F|\n|poke|p2|Hatterene, L50, F|\n|poke|p2|Beartic, L50, F|\n|poke|p2|Arbok, L50, M|\n|teampreview|4\n|c|\u2606slyvesterccd|no mega ?\n|\n|t:|1776348283\n|teamsize|p1|4\n|teamsize|p2|4\n|start\n|switch|p1a: Incineroar|Incineroar, L50, M|100/100\n|switch|p1b: Kingambit|Kingambit, L50, M, shiny|100/100\n|switch|p2a: Conkeldurr|Conkeldurr, L50, F|100/100\n|switch|p2b: Jolteon|Jolteon, L50, F|100/100\n|-ability|p1a: Incineroar|Intimidate|boost\n|-unboost|p2a: Conkeldurr|atk|1\n|-unboost|p2b: Jolteon|atk|1\n|turn|1\n|l|\u2606gthamsrim\n|player|p2|\n|j|\u2606gthamsrim\n|player|p2|gthamsrim|102|\n|\n|t:|1776348337\n|move|p2a: Conkeldurr|Protect|p2a: Conkeldurr\n|-singleturn|p2a: Conkeldurr|Protect\n|move|p1a: Incineroar|Fake Out|p2a: Conkeldurr\n|-activate|p2a: Conkeldurr|move: Protect\n|move|p1b: Kingambit|Sucker Punch|p2b: Jolteon\n|-damage|p2b: Jolteon|15/100\n|move|p2b: Jolteon|Volt Switch|p1a: Incineroar\n|-damage|p1a: Incineroar|66/100\n|l|\u2606gthamsrim\n|player|p2|\n|j|\u2606gthamsrim\n|player|p2|gthamsrim|102|\n|\n|t:|1776348426\n|switch|p2b: Arbok|Arbok, L50, M|100/100|[from] Volt Switch\n|-ability|p2b: Arbok|Intimidate|boost\n|-unboost|p1a: Incineroar|atk|1\n|-unboost|p1b: Kingambit|atk|1\n|-ability|p1b: Kingambit|Defiant|boost\n|-boost|p1b: Kingambit|atk|2\n|\n|upkeep\n|turn|2\n|\n|t:|1776348445\n|move|p1b: Kingambit|Sucker Punch||[still]\n|-fail|p1b: Kingambit\n|move|p2b: Arbok|Coil|p2b: Arbok\n|-boost|p2b: Arbok|atk|1\n|-boost|p2b: Arbok|def|1\n|-boost|p2b: Arbok|accuracy|1\n|move|p1a: Incineroar|Flare Blitz|p2a: Conkeldurr\n|-damage|p2a: Conkeldurr|64/100\n|-damage|p1a: Incineroar|54/100|[from] Recoil\n|move|p2a: Conkeldurr|Drain Punch|p1b: Kingambit\n|-supereffective|p1b: Kingambit|2\n|-damage|p1b: Kingambit|0 fnt\n|-heal|p2a: Conkeldurr|100/100|[from] drain|[of] p1b: Kingambit\n|faint|p1b: Kingambit\n|\n|upkeep\n|\n|t:|1776348458\n|switch|p1b: Gengar|Gengar, L50, M, shiny|100/100\n|turn|3\n|\n|t:|1776348468\n|detailschange|p1b: Gengar|Gengar-Mega, L50, M, shiny\n|-mega|p1b: Gengar|Gengar|Gengarite\n|move|p1b: Gengar|Substitute|p1b: Gengar\n|-start|p1b: Gengar|Substitute\n|-damage|p1b: Gengar|76/100\n|move|p2b: Arbok|Glare||[still]\n|-fail|p2b: Arbok\n|move|p1a: Incineroar|Flare Blitz|p2a: Conkeldurr\n|-damage|p2a: Conkeldurr|64/100\n|-damage|p1a: Incineroar|43/100|[from] Recoil\n|move|p2a: Conkeldurr|Drain Punch|p1a: Incineroar\n|-supereffective|p1a: Incineroar|1\n|-damage|p1a: Incineroar|0 fnt\n|-heal|p2a: Conkeldurr|86/100|[from] drain|[of] p1a: Incineroar\n|faint|p1a: Incineroar\n|\n|upkeep\n|\n|t:|1776348480\n|switch|p1a: Kommo-o|Kommo-o, L50, M|100/100\n|turn|4\n|\n|t:|1776348509\n|move|p1b: Gengar|Shadow Ball|p2b: Arbok\n|-damage|p2b: Arbok|18/100\n|move|p1a: Kommo-o|Clanging Scales|p2a: Conkeldurr|[spread] p2a,p2b\n|-damage|p2a: Conkeldurr|52/100\n|-damage|p2b: Arbok|0 fnt\n|faint|p2b: Arbok\n|-unboost|p1a: Kommo-o|def|1\n|move|p2a: Conkeldurr|Drain Punch|p1a: Kommo-o\n|-damage|p1a: Kommo-o|39/100\n|-heal|p2a: Conkeldurr|77/100|[from] drain|[of] p1a: Kommo-o\n|-enditem|p1a: Kommo-o|Sitrus Berry|[eat]\n|-heal|p1a: Kommo-o|64/100|[from] item: Sitrus Berry\n|\n|upkeep\n|\n|t:|1776348519\n|switch|p2b: Jolteon|Jolteon, L50, F|15/100\n|turn|5\n|\n|t:|1776348531\n|move|p1b: Gengar|Shadow Ball|p2a: Conkeldurr\n|-damage|p2a: Conkeldurr|25/100\n|-unboost|p2a: Conkeldurr|spd|1\n|move|p2b: Jolteon|Volt Switch|p1b: Gengar\n|-end|p1b: Gengar|Substitute\n|\n|t:|1776348538\n|switch|p2b: Pelipper|Pelipper, L50, F|100/100|[from] Volt Switch\n|-weather|RainDance|[from] ability: Drizzle|[of] p2b: Pelipper\n|move|p1a: Kommo-o|Clanging Scales|p2b: Pelipper|[spread] p2a,p2b\n|-damage|p2a: Conkeldurr|0 fnt\n|-damage|p2b: Pelipper|39/100\n|faint|p2a: Conkeldurr\n|-unboost|p1a: Kommo-o|def|1\n|\n|-weather|RainDance|[upkeep]\n|upkeep\n|\n|t:|1776348540\n|switch|p2a: Jolteon|Jolteon, L50, F|15/100\n|turn|6\n|\n|t:|1776348559\n|move|p1b: Gengar|Protect|p1b: Gengar\n|-singleturn|p1b: Gengar|Protect\n|move|p2a: Jolteon|Shadow Ball|p1b: Gengar\n|-activate|p1b: Gengar|move: Protect\n|move|p1a: Kommo-o|Clanging Scales|p2b: Pelipper|[spread] p2a,p2b\n|-damage|p2a: Jolteon|0 fnt\n|-damage|p2b: Pelipper|0 fnt\n|faint|p2a: Jolteon\n|faint|p2b: Pelipper\n|\n|win|slyvesterccd\n|c|\u2606slyvesterccd|gg\n|l|\u2606slyvesterccd\n|player|p1|\n|j|\u2606slyvesterccd\n|player|p1|slyvesterccd|265|\n",
  "uploadtime": 1776348576,
  "views": 25,
  "formatid": "gen9championsvgc2026regma",
  "rating": null,
  "private": 0,
  "password": null
}