{
  "id": "gen9championsvgc2026regma-2583028507",
  "format": "[Gen 9 Champions] VGC 2026 Reg M-A",
  "players": [
    "TassoAlcolemico35",
    "dxiss"
  ],
  "log": "|j|\u2606TassoAlcolemico35\n|j|\u2606dxiss\n|t:|1776134724\n|gametype|doubles\n|player|p1|TassoAlcolemico35|169|1061\n|player|p2|dxiss|iris-gen5bw2|1016\n|gen|9\n|tier|[Gen 9 Champions] VGC 2026 Reg M-A\n|rated|\n|rule|Species Clause: Limit one of each Pok\u00e9mon\n|rule|Item Clause: Limit 1 of each item\n|clearpoke\n|poke|p1|Charizard, L50, F|\n|poke|p1|Whimsicott, L50, F|\n|poke|p1|Farigiraf, L50, F|\n|poke|p1|Crabominable, L50, F|\n|poke|p1|Torkoal, L50, F|\n|poke|p1|Absol, L50, F|\n|poke|p2|Greninja-*, L50, F|\n|poke|p2|Tyranitar, L50, F|\n|poke|p2|Klefki, L50, F|\n|poke|p2|Sneasler, L50, F|\n|poke|p2|Aerodactyl, L50, M|\n|poke|p2|Garchomp, L50, M|\n|teampreview|4\ndxiss has agreed to open team sheets.\n|inactive|Battle timer is ON: inactive players will automatically lose when time's up. (requested by dxiss)\nTassoAlcolemico35 rejected open team sheets.\n|inactive|dxiss has 60 seconds left.\n|\n|t:|1776134785\n|teamsize|p1|4\n|teamsize|p2|4\n|start\n|switch|p1a: Crabominable|Crabominable, L50, F|100/100\n|switch|p1b: Absol|Absol, L50, F|100/100\n|switch|p2a: Klefki|Klefki, L50, F|100/100\n|switch|p2b: Greninja|Greninja, L50, F|100/100\n|turn|1\n|inactive|dxiss has 30 seconds left.\n|\n|t:|1776134819\n|switch|p2b: Aerodactyl|Aerodactyl, L50, M|100/100\n|-ability|p2b: Aerodactyl|Unnerve\n|move|p1b: Absol|Quick Attack|p1a: Crabominable\n|-crit|p1a: Crabominable\n|-damage|p1a: Crabominable|74/100\n|-setboost|p1a: Crabominable|atk|6|[from] ability: Anger Point\n|move|p2a: Klefki|Reflect|p2a: Klefki\n|-sidestart|p2: dxiss|Reflect\n|move|p1a: Crabominable|Mach Punch|p2b: Aerodactyl\n|-enditem|p2b: Aerodactyl|Focus Sash\n|-damage|p2b: Aerodactyl|1/100\n|\n|upkeep\n|turn|2\n|inactive|TassoAlcolemico35 has 30 seconds left.\n|\n|t:|1776134851\n|move|p1b: Absol|Quick Attack|p2b: Aerodactyl\n|-resisted|p2b: Aerodactyl|1\n|-crit|p2b: Aerodactyl\n|-damage|p2b: Aerodactyl|0 fnt\n|faint|p2b: Aerodactyl\n|move|p1a: Crabominable|Mach Punch|p2a: Klefki\n|-damage|p2a: Klefki|15/100\n|move|p2a: Klefki|Dazzling Gleam|p1a: Crabominable|[spread] p1a,p1b\n|-supereffective|p1a: Crabominable|1\n|-supereffective|p1b: Absol|1\n|-damage|p1a: Crabominable|33/100\n|-damage|p1b: Absol|40/100\n|\n|upkeep\n|\n|t:|1776134865\n|switch|p2b: Tyranitar|Tyranitar, L50, F|100/100\n|-weather|Sandstorm|[from] ability: Sand Stream|[of] p2b: Tyranitar\n|turn|3\n|inactive|TassoAlcolemico35 has 30 seconds left.\n|\n|t:|1776134898\n|move|p2b: Tyranitar|Protect|p2b: Tyranitar\n|-singleturn|p2b: Tyranitar|Protect\n|move|p1a: Crabominable|Protect|p1a: Crabominable\n|-singleturn|p1a: Crabominable|Protect\n|move|p1b: Absol|Knock Off|p2a: Klefki\n|-resisted|p2a: Klefki|1\n|-crit|p2a: Klefki\n|-damage|p2a: Klefki|0 fnt\n|-enditem|p2a: Klefki|Mental Herb|[from] move: Knock Off|[of] p1b: Absol\n|faint|p2a: Klefki\n|\n|-weather|Sandstorm|[upkeep]\n|-damage|p1b: Absol|34/100|[from] Sandstorm\n|-damage|p1a: Crabominable|27/100|[from] Sandstorm\n|upkeep\n|\n|t:|1776134912\n|switch|p2a: Greninja|Greninja, L50, F|100/100\n|turn|4\n|\n|t:|1776134936\n|detailschange|p2a: Greninja|Greninja-Mega, L50, F\n|-mega|p2a: Greninja|Greninja|Greninjite\n|move|p1b: Absol|Quick Attack|p2a: Greninja\n|-crit|p2a: Greninja\n|-damage|p2a: Greninja|65/100\n|move|p1a: Crabominable|Mach Punch|p2b: Tyranitar\n|-supereffective|p2b: Tyranitar|2\n|-enditem|p2b: Tyranitar|Chople Berry|[eat]\n|-enditem|p2b: Tyranitar|Chople Berry|[weaken]\n|-damage|p2b: Tyranitar|0 fnt\n|faint|p2b: Tyranitar\n|move|p2a: Greninja|Weather Ball|p1a: Crabominable\n|-start|p2a: Greninja|typechange|Rock|[from] ability: Protean\n|-damage|p1a: Crabominable|0 fnt\n|faint|p1a: Crabominable\n|\n|-weather|Sandstorm|[upkeep]\n|-damage|p1b: Absol|29/100|[from] Sandstorm\n|upkeep\n|inactive|TassoAlcolemico35 has 30 seconds left.\n|\n|t:|1776134965\n|switch|p1a: Charizard|Charizard, L50, F, shiny|100/100\n|turn|5\n|\n|t:|1776134974\n|detailschange|p1a: Charizard|Charizard-Mega-Y, L50, F, shiny\n|-mega|p1a: Charizard|Charizard|Charizardite Y\n|-weather|SunnyDay|[from] ability: Drought|[of] p1a: Charizard\n|move|p2a: Greninja|Weather Ball|p1a: Charizard\n|-resisted|p1a: Charizard|1\n|-damage|p1a: Charizard|71/100\n|move|p1a: Charizard|Heat Wave|p2a: Greninja\n|-resisted|p2a: Greninja|1\n|-damage|p2a: Greninja|0 fnt\n|faint|p2a: Greninja\n|\n|win|TassoAlcolemico35\n|raw|TassoAlcolemico35's rating: 1061 &rarr; <strong>1088</strong><br />(+27 for winning)\n|raw|dxiss's rating: 1016 &rarr; <strong>1005</strong><br />(-11 for losing)\n|l|\u2606dxiss\n|player|p2|\n",
  "uploadtime": 1776134992,
  "views": 21,
  "formatid": "gen9championsvgc2026regma",
  "rating": 1005,
  "private": 0,
  "password": null
}