{
  "id": "gen9championsvgc2026regma-2581724227",
  "format": "[Gen 9 Champions] VGC 2026 Reg M-A",
  "players": [
    "king_kobold",
    "Nansral26"
  ],
  "log": "|j|\u2606king_kobold\n|j|\u2606Nansral26\n|t:|1776023550\n|gametype|doubles\n|player|p1|king_kobold|plasmagruntf-gen5bw|\n|player|p2|Nansral26|hiker-gen4|\n|gen|9\n|tier|[Gen 9 Champions] VGC 2026 Reg M-A\n|rule|Species Clause: Limit one of each Pok\u00e9mon\n|rule|Item Clause: Limit 1 of each item\n|clearpoke\n|poke|p1|Pelipper, L50, F|\n|poke|p1|Archaludon, L50, F|\n|poke|p1|Dragonite, L50, F|\n|poke|p1|Incineroar, L50, F|\n|poke|p1|Sinistcha-Masterpiece, L50|\n|poke|p1|Azumarill, L50, M|\n|poke|p2|Excadrill, L50, F|\n|poke|p2|Maushold, L50|\n|poke|p2|Pinsir, L50, M|\n|poke|p2|Garganacl, L50, F|\n|poke|p2|Hippowdon, L50, F|\n|poke|p2|Stunfisk, L50, F|\n|teampreview|4\n|inactive|Battle timer is ON: inactive players will automatically lose when time's up. (requested by king_kobold)\n|inactive|Nansral26 also wants the timer to be on.\n|\n|t:|1776023568\n|teamsize|p1|4\n|teamsize|p2|4\n|start\n|switch|p1a: Pelipper|Pelipper, L50, F|100/100\n|switch|p1b: Archaludon|Archaludon, L50, F|100/100\n|switch|p2a: Hippowdon|Hippowdon, L50, F|100/100\n|switch|p2b: Stunfisk|Stunfisk, L50, F|100/100\n|-weather|RainDance|[from] ability: Drizzle|[of] p1a: Pelipper\n|-weather|Sandstorm|[from] ability: Sand Stream|[of] p2a: Hippowdon\n|turn|1\n|inactive|king_kobold has 30 seconds left.\n|\n|t:|1776023597\n|move|p1b: Archaludon|Aura Sphere|p2a: Hippowdon\n|-crit|p2a: Hippowdon\n|-damage|p2a: Hippowdon|51/100\n|move|p1a: Pelipper|U-turn|p2a: Hippowdon\n|-damage|p2a: Hippowdon|46/100\n|\n|t:|1776023607\n|switch|p1a: Azumarill|Azumarill, L50, M|100/100|[from] U-turn\n|move|p2a: Hippowdon|Fissure|p1b: Archaludon|[miss]\n|-miss|p2a: Hippowdon|p1b: Archaludon\n|move|p2b: Stunfisk|Yawn|p1a: Azumarill\n|-start|p1a: Azumarill|move: Yawn|[of] p2b: Stunfisk\n|\n|-weather|Sandstorm|[upkeep]\n|-damage|p1a: Azumarill|94/100|[from] Sandstorm\n|upkeep\n|turn|2\n|\n|t:|1776023630\n|switch|p1b: Pelipper|Pelipper, L50, F|100/100\n|-weather|RainDance|[from] ability: Drizzle|[of] p1b: Pelipper\n|move|p2a: Hippowdon|Protect|p2a: Hippowdon\n|-singleturn|p2a: Hippowdon|Protect\n|move|p1a: Azumarill|Liquidation|p2a: Hippowdon\n|-activate|p2a: Hippowdon|move: Protect\n|move|p2b: Stunfisk|Fissure|p1b: Pelipper\n|-immune|p1b: Pelipper\n|\n|-weather|RainDance|[upkeep]\n|-end|p1a: Azumarill|move: Yawn|[silent]\n|-status|p1a: Azumarill|slp\n|upkeep\n|turn|3\n|\n|t:|1776023649\n|switch|p2a: Excadrill|Excadrill, L50, F|100/100\n|-ability|p2a: Excadrill|Mold Breaker\n|cant|p1a: Azumarill|slp\n|move|p1b: Pelipper|Hurricane|p2a: Excadrill\n|-resisted|p2a: Excadrill|1\n|-damage|p2a: Excadrill|69/100\n|move|p2b: Stunfisk|Fissure|p1a: Azumarill\n|-damage|p1a: Azumarill|0 fnt\n|faint|p1a: Azumarill\n|-ohko\n|\n|-weather|RainDance|[upkeep]\n|upkeep\n|\n|t:|1776023657\n|switch|p1a: Sinistcha|Sinistcha-Masterpiece, L50|100/100\n|turn|4\n|\n|t:|1776023673\n|switch|p1b: Archaludon|Archaludon, L50, F|100/100\n|detailschange|p2a: Excadrill|Excadrill-Mega, L50, F\n|-mega|p2a: Excadrill|Excadrill|Excadrite\n|move|p2a: Excadrill|Horn Drill|p1b: Archaludon\n|-damage|p1b: Archaludon|0 fnt\n|faint|p1b: Archaludon\n|-ohko\n|move|p1a: Sinistcha|Matcha Gotcha|p2a: Excadrill|[spread] p2a,p2b\n|-crit|p2a: Excadrill\n|-supereffective|p2b: Stunfisk|1\n|-damage|p2a: Excadrill|0 fnt\n|-damage|p2b: Stunfisk|61/100\n|faint|p2a: Excadrill\n|move|p2b: Stunfisk|Fissure|p1a: Sinistcha\n|-damage|p1a: Sinistcha|0 fnt\n|faint|p1a: Sinistcha\n|-ohko\n|\n|-weather|RainDance|[upkeep]\n|upkeep\n|\n|t:|1776023687\n|switch|p2a: Maushold|Maushold, L50|100/100\n|switch|p1b: Pelipper|Pelipper, L50, F|100/100\n|turn|5\n|\n|t:|1776023697\n|move|p2a: Maushold|Population Bomb|p1b: Pelipper\n|-damage|p1b: Pelipper|85/100\n|-damage|p1b: Pelipper|71/100\n|-damage|p1b: Pelipper|57/100\n|-damage|p1b: Pelipper|43/100\n|-damage|p1b: Pelipper|28/100\n|-hitcount|p1b: Pelipper|5\n|move|p1b: Pelipper|Hurricane|p2a: Maushold\n|-damage|p2a: Maushold|28/100\n|move|p2b: Stunfisk|Foul Play|p1b: Pelipper\n|-damage|p1b: Pelipper|13/100\n|\n|-weather|RainDance|[upkeep]\n|upkeep\n|turn|6\n|\n|t:|1776023714\n|move|p2a: Maushold|Bite|p1b: Pelipper\n|-damage|p1b: Pelipper|0 fnt\n|faint|p1b: Pelipper\n|\n|win|Nansral26\n",
  "uploadtime": 1776023718,
  "views": 28,
  "formatid": "gen9championsvgc2026regma",
  "rating": null,
  "private": 0,
  "password": null
}