{
  "id": "gen9championsvgc2026regma-2587637091",
  "format": "[Gen 9 Champions] VGC 2026 Reg M-A",
  "players": [
    "KennarDH",
    "XDedo0"
  ],
  "log": "|j|\u2606KennarDH\n|j|\u2606XDedo0\n|t:|1776549180\n|gametype|doubles\n|player|p1|KennarDH|rocketgruntf|1260\n|player|p2|XDedo0|harlequin|1250\n|gen|9\n|tier|[Gen 9 Champions] VGC 2026 Reg M-A\n|rated|\n|rule|Species Clause: Limit one of each Pok\u00e9mon\n|rule|Item Clause: Limit 1 of each item\n|clearpoke\n|poke|p1|Froslass, L50, F|\n|poke|p1|Glaceon, L50, M|\n|poke|p1|Slowking, L50, F|\n|poke|p1|Raichu-Alola, L50, M|\n|poke|p1|Quaquaval, L50, M|\n|poke|p1|Kangaskhan, L50, F|\n|poke|p2|Charizard, L50, M|\n|poke|p2|Whimsicott, L50, F|\n|poke|p2|Incineroar, L50, M|\n|poke|p2|Rotom-Wash, L50|\n|poke|p2|Dragapult, L50, F|\n|poke|p2|Glimmora, L50, M, shiny|\n|teampreview|4\n|\n|t:|1776549207\n|teamsize|p1|4\n|teamsize|p2|4\n|start\n|switch|p1a: Froslass|Froslass, L50, F|100/100\n|switch|p1b: Slowking|Slowking, L50, F|100/100\n|switch|p2a: chepa|Glimmora, L50, M, shiny|100/100\n|switch|p2b: reques\u00f3n|Whimsicott, L50, F|100/100\n|turn|1\n|\n|t:|1776549237\n|detailschange|p1a: Froslass|Froslass-Mega, L50, F\n|-mega|p1a: Froslass|Froslass|Froslassite\n|-weather|Snowscape|[from] ability: Snow Warning|[of] p1a: Froslass\n|detailschange|p2a: chepa|Glimmora-Mega, L50, M, shiny\n|-mega|p2a: chepa|Glimmora|Glimmoranite\n|move|p2b: reques\u00f3n|Sunny Day|p2b: reques\u00f3n\n|-weather|SunnyDay\n|move|p1a: Froslass|Blizzard|p2a: chepa|[spread] p2b\n|-miss|p1a: Froslass|p2a: chepa\n|-supereffective|p2b: reques\u00f3n|1\n|-damage|p2b: reques\u00f3n|6/100\n|move|p2a: chepa|Ancient Power|p1a: Froslass\n|-supereffective|p1a: Froslass|1\n|-crit|p1a: Froslass\n|-damage|p1a: Froslass|0 fnt\n|faint|p1a: Froslass\n|move|p1b: Slowking|Trick Room|p1b: Slowking\n|-fieldstart|move: Trick Room|[of] p1b: Slowking\n|\n|-weather|SunnyDay|[upkeep]\n|upkeep\n|\n|t:|1776549252\n|switch|p1a: Glaceon|Glaceon, L50, M|100/100\n|turn|2\n|\n|t:|1776549280\n|switch|p2b: messif\u00fa|Incineroar, L50, M|100/100\n|-ability|p2b: messif\u00fa|Intimidate|boost\n|-unboost|p1a: Glaceon|atk|1\n|-fail|p1b: Slowking|unboost|Attack|[from] ability: Oblivious|[of] p1b: Slowking\n|move|p1b: Slowking|Protect|p1b: Slowking\n|-singleturn|p1b: Slowking|Protect\n|move|p2a: chepa|Spiky Shield|p2a: chepa\n|-singleturn|p2a: chepa|move: Protect\n|move|p1a: Glaceon|Freeze-Dry|p2b: messif\u00fa\n|-resisted|p2b: messif\u00fa|1\n|-damage|p2b: messif\u00fa|84/100\n|\n|-weather|SunnyDay|[upkeep]\n|upkeep\n|turn|3\n|\n|t:|1776549299\n|move|p1a: Glaceon|Protect|p1a: Glaceon\n|-singleturn|p1a: Glaceon|Protect\n|-prepare|p1b: Slowking|Chilly Reception|[premajor]\n|move|p1b: Slowking|Chilly Reception|p1b: Slowking\n|-weather|Snowscape\n|\n|t:|1776549307\n|switch|p1b: Raichu|Raichu-Alola, L50, M|100/100|[from] Chilly Reception\n|move|p2b: messif\u00fa|Flare Blitz|p1a: Glaceon\n|-activate|p1a: Glaceon|move: Protect\n|move|p2a: chepa|Ancient Power|p1a: Glaceon\n|-activate|p1a: Glaceon|move: Protect\n|\n|-weather|Snowscape|[upkeep]\n|upkeep\n|turn|4\n|\n|t:|1776549336\n|switch|p1b: Slowking|Slowking, L50, F|100/100\n|move|p2a: chepa|Spiky Shield|p2a: chepa\n|-singleturn|p2a: chepa|move: Protect\n|move|p2b: messif\u00fa|Parting Shot|p1a: Glaceon\n|-unboost|p1a: Glaceon|atk|1\n|-unboost|p1a: Glaceon|spa|1\n|\n|t:|1776549343\n|switch|p2b: reques\u00f3n|Whimsicott, L50, F|6/100|[from] Parting Shot\n|move|p1a: Glaceon|Blizzard|p2a: chepa|[spread] p2b\n|-activate|p2a: chepa|move: Protect\n|-supereffective|p2b: reques\u00f3n|1\n|-damage|p2b: reques\u00f3n|0 fnt\n|faint|p2b: reques\u00f3n\n|\n|-weather|Snowscape|[upkeep]\n|upkeep\n|\n|t:|1776549352\n|switch|p2b: messif\u00fa|Incineroar, L50, M|84/100\n|-ability|p2b: messif\u00fa|Intimidate|boost\n|-unboost|p1a: Glaceon|atk|1\n|-fail|p1b: Slowking|unboost|Attack|[from] ability: Oblivious|[of] p1b: Slowking\n|turn|5\n|\n|t:|1776549361\n|move|p1b: Slowking|Scald|p2a: chepa\n|-supereffective|p2a: chepa|1\n|-damage|p2a: chepa|32/100\n|move|p2b: messif\u00fa|Throat Chop|p1b: Slowking\n|-supereffective|p1b: Slowking|1\n|-damage|p1b: Slowking|47/100\n|-start|p1b: Slowking|Throat Chop|[silent]\n|move|p1a: Glaceon|Blizzard|p2a: chepa|[spread] p2a,p2b\n|-resisted|p2b: messif\u00fa|1\n|-damage|p2a: chepa|0 fnt\n|-damage|p2b: messif\u00fa|71/100\n|faint|p2a: chepa\n|\n|-weather|Snowscape|[upkeep]\n|-fieldend|move: Trick Room\n|upkeep\n|\n|t:|1776549369\n|switch|p2a: bebesita|Dragapult, L50, F|100/100\n|turn|6\n|\n|t:|1776549382\n|move|p2a: bebesita|Phantom Force||[still]\n|-prepare|p2a: bebesita|Phantom Force\n|move|p1a: Glaceon|Blizzard|p2a: bebesita|[spread] p2b\n|-miss|p1a: Glaceon|p2a: bebesita\n|-resisted|p2b: messif\u00fa|1\n|-damage|p2b: messif\u00fa|58/100\n|move|p2b: messif\u00fa|Parting Shot|p1a: Glaceon\n|-unboost|p1a: Glaceon|atk|1\n|-unboost|p1a: Glaceon|spa|1\n|move|p1b: Slowking|Trick Room|p1b: Slowking\n|-fieldstart|move: Trick Room|[of] p1b: Slowking\n|\n|-weather|Snowscape|[upkeep]\n|-end|p1b: Slowking|Throat Chop|[silent]\n|upkeep\n|turn|7\n|\n|t:|1776549396\n|switch|p1a: Raichu|Raichu-Alola, L50, M|100/100\n|move|p1b: Slowking|Scald|p2b: messif\u00fa\n|-supereffective|p2b: messif\u00fa|1\n|-damage|p2b: messif\u00fa|4/100\n|-enditem|p2b: messif\u00fa|Sitrus Berry|[eat]\n|-heal|p2b: messif\u00fa|29/100|[from] item: Sitrus Berry\n|move|p2b: messif\u00fa|Parting Shot|p1a: Raichu\n|-unboost|p1a: Raichu|atk|1\n|-unboost|p1a: Raichu|spa|1\n|move|p2a: bebesita|Phantom Force|p1b: Slowking|[from] lockedmove\n|-supereffective|p1b: Slowking|1\n|-damage|p1b: Slowking|0 fnt\n|faint|p1b: Slowking\n|\n|-weather|none\n|upkeep\n|\n|t:|1776549410\n|switch|p1b: Glaceon|Glaceon, L50, M|100/100\n|turn|8\n|\n|t:|1776549423\n|move|p1a: Raichu|Fake Out|p2b: messif\u00fa\n|-damage|p2b: messif\u00fa|24/100\n|cant|p2b: messif\u00fa|flinch\n|move|p1b: Glaceon|Freeze-Dry|p2a: bebesita\n|-supereffective|p2a: bebesita|1\n|-damage|p2a: bebesita|8/100\n|move|p2a: bebesita|Phantom Force||[still]\n|-prepare|p2a: bebesita|Phantom Force\n|\n|upkeep\n|turn|9\n|\n|t:|1776549436\n|move|p2b: messif\u00fa|Flare Blitz|p1b: Glaceon\n|-supereffective|p1b: Glaceon|1\n|-damage|p1b: Glaceon|20/100\n|-damage|p2b: messif\u00fa|1/100|[from] Recoil\n|move|p1b: Glaceon|Freeze-Dry|p2b: messif\u00fa\n|-resisted|p2b: messif\u00fa|1\n|-damage|p2b: messif\u00fa|0 fnt\n|faint|p2b: messif\u00fa\n|move|p1a: Raichu|Volt Switch|p2a: bebesita|[miss]\n|-miss|p1a: Raichu|p2a: bebesita\n|move|p2a: bebesita|Phantom Force|p1a: Raichu|[from] lockedmove\n|-supereffective|p1a: Raichu|1\n|-enditem|p1a: Raichu|Focus Sash\n|-damage|p1a: Raichu|1/100\n|\n|-heal|p1b: Glaceon|26/100|[from] item: Leftovers\n|upkeep\n|turn|10\n|\n|t:|1776549456\n|move|p1b: Glaceon|Freeze-Dry|p2a: bebesita\n|-supereffective|p2a: bebesita|1\n|-damage|p2a: bebesita|0 fnt\n|faint|p2a: bebesita\n|\n|win|KennarDH\n|raw|KennarDH's rating: 1260 &rarr; <strong>1284</strong><br />(+24 for winning)\n|raw|XDedo0's rating: 1250 &rarr; <strong>1226</strong><br />(-24 for losing)\n|l|\u2606XDedo0\n|player|p2|\n",
  "uploadtime": 1776549463,
  "views": 20,
  "formatid": "gen9championsvgc2026regma",
  "rating": 1226,
  "private": 0,
  "password": null
}