{
  "id": "gen9championsvgc2026regma-2582013959",
  "format": "[Gen 9 Champions] VGC 2026 Reg M-A",
  "players": [
    "tindall65",
    "MegaBiscuit123"
  ],
  "log": "|j|\u2606tindall65\n|j|\u2606MegaBiscuit123\n|t:|1776048402\n|gametype|doubles\n|player|p1|tindall65|ranmaru-conquest|1130\n|player|p2|MegaBiscuit123|1|1061\n|gen|9\n|tier|[Gen 9 Champions] VGC 2026 Reg M-A\n|rated|\n|rule|Species Clause: Limit one of each Pok\u00e9mon\n|rule|Item Clause: Limit 1 of each item\n|clearpoke\n|poke|p1|Alcremie, L50, F|\n|poke|p1|Garchomp, L50, M|\n|poke|p1|Delphox, L50, M|\n|poke|p1|Rotom-Wash, L50|\n|poke|p1|Farigiraf, L50, F|\n|poke|p1|Talonflame, L50, M|\n|poke|p2|Charizard, L50, M|\n|poke|p2|Whimsicott, L50, M|\n|poke|p2|Typhlosion-Hisui, L50, M|\n|poke|p2|Hydrapple, L50, M|\n|poke|p2|Krookodile, L50, F|\n|poke|p2|Kommo-o, L50, F|\n|teampreview|4\n|\n|t:|1776048437\n|teamsize|p1|4\n|teamsize|p2|4\n|start\n|switch|p1a: Talonflame|Talonflame, L50, M|100/100\n|switch|p1b: Garchomp|Garchomp, L50, M|100/100\n|switch|p2a: Whimsicott|Whimsicott, L50, M|100/100\n|switch|p2b: Charizard|Charizard, L50, M|100/100\n|turn|1\n|inactive|Battle timer is ON: inactive players will automatically lose when time's up. (requested by MegaBiscuit123)\n|\n|t:|1776048457\n|detailschange|p2b: Charizard|Charizard-Mega-Y, L50, M\n|-mega|p2b: Charizard|Charizard|Charizardite Y\n|-weather|SunnyDay|[from] ability: Drought|[of] p2b: Charizard\n|move|p1a: Talonflame|Tailwind|p1a: Talonflame\n|-sidestart|p1: tindall65|move: Tailwind\n|move|p2a: Whimsicott|Tailwind|p2a: Whimsicott\n|-sidestart|p2: MegaBiscuit123|move: Tailwind\n|move|p1b: Garchomp|Rock Slide|p2b: Charizard|[spread] p2a,p2b\n|-supereffective|p2b: Charizard|2\n|-damage|p2a: Whimsicott|79/100\n|-damage|p2b: Charizard|0 fnt\n|faint|p2b: Charizard\n|\n|-weather|SunnyDay|[upkeep]\n|upkeep\n|\n|t:|1776048468\n|switch|p2b: Kommo-o|Kommo-o, L50, F|100/100\n|turn|2\n|\n|t:|1776048489\n|move|p1a: Talonflame|Dual Wingbeat|p2a: Whimsicott\n|-supereffective|p2a: Whimsicott|1\n|-damage|p2a: Whimsicott|43/100\n|-supereffective|p2a: Whimsicott|1\n|-damage|p2a: Whimsicott|11/100\n|-hitcount|p2a: Whimsicott|2\n|move|p2a: Whimsicott|Encore|p1b: Garchomp\n|-start|p1b: Garchomp|Encore\n|move|p1b: Garchomp|Rock Slide|p2b: Kommo-o|[spread] p2a,p2b\n|-resisted|p2b: Kommo-o|1\n|-damage|p2a: Whimsicott|0 fnt\n|-damage|p2b: Kommo-o|90/100\n|faint|p2a: Whimsicott\n|move|p2b: Kommo-o|Clangorous Soul|p2b: Kommo-o\n|-boost|p2b: Kommo-o|atk|1\n|-boost|p2b: Kommo-o|def|1\n|-boost|p2b: Kommo-o|spa|1\n|-boost|p2b: Kommo-o|spd|1\n|-boost|p2b: Kommo-o|spe|1\n|-damage|p2b: Kommo-o|58/100\n|\n|-weather|SunnyDay|[upkeep]\n|upkeep\n|\n|t:|1776048504\n|switch|p2a: Typhlosion|Typhlosion-Hisui, L50, M|100/100\n|turn|3\n|\n|t:|1776048521\n|move|p1a: Talonflame|Protect|p1a: Talonflame\n|-singleturn|p1a: Talonflame|Protect\n|move|p2a: Typhlosion|Eruption|p1a: Talonflame|[spread] p1b\n|-activate|p1a: Talonflame|move: Protect\n|-resisted|p1b: Garchomp|1\n|-damage|p1b: Garchomp|57/100\n|move|p2b: Kommo-o|Clanging Scales|p1b: Garchomp|[spread] p1b\n|-activate|p1a: Talonflame|move: Protect\n|-supereffective|p1b: Garchomp|1\n|-damage|p1b: Garchomp|0 fnt\n|faint|p1b: Garchomp\n|-unboost|p2b: Kommo-o|def|1\n|\n|-weather|SunnyDay|[upkeep]\n|upkeep\n|\n|t:|1776048532\n|switch|p1b: Delphox|Delphox, L50, M|100/100\n|turn|4\n|inactive|tindall65 has 30 seconds left.\n|inactive|tindall65 has 20 seconds left.\n|inactive|tindall65 has 15 seconds left.\n|\n|t:|1776048573\n|detailschange|p1b: Delphox|Delphox-Mega, L50, M\n|-mega|p1b: Delphox|Delphox|Delphoxite\n|move|p1a: Talonflame|Dual Wingbeat|p2a: Typhlosion\n|-damage|p2a: Typhlosion|78/100\n|-damage|p2a: Typhlosion|57/100\n|-hitcount|p2a: Typhlosion|2\n|move|p2a: Typhlosion|Eruption|p1a: Talonflame|[spread] p1a,p1b\n|-resisted|p1a: Talonflame|1\n|-resisted|p1b: Delphox|1\n|-crit|p1b: Delphox\n|-damage|p1a: Talonflame|63/100\n|-damage|p1b: Delphox|63/100\n|move|p2b: Kommo-o|Clanging Scales|p1b: Delphox|[spread] p1a,p1b\n|-crit|p1b: Delphox\n|-damage|p1a: Talonflame|0 fnt\n|-damage|p1b: Delphox|6/100\n|faint|p1a: Talonflame\n|-unboost|p2b: Kommo-o|def|1\n|move|p1b: Delphox|Psyshock|p2b: Kommo-o\n|-supereffective|p2b: Kommo-o|1\n|-damage|p2b: Kommo-o|0 fnt\n|faint|p2b: Kommo-o\n|\n|-weather|SunnyDay|[upkeep]\n|-sideend|p1: tindall65|move: Tailwind\n|-sideend|p2: MegaBiscuit123|move: Tailwind\n|upkeep\n|\n|t:|1776048589\n|switch|p1a: Rotom|Rotom-Wash, L50|100/100\n|turn|5\n|\n|t:|1776048592\n|move|p1b: Delphox|Protect|p1b: Delphox\n|-singleturn|p1b: Delphox|Protect\n|move|p2a: Typhlosion|Eruption|p1a: Rotom|[spread] p1a\n|-activate|p1b: Delphox|move: Protect\n|-resisted|p1a: Rotom|1\n|-damage|p1a: Rotom|74/100\n|move|p1a: Rotom|Electroweb|p2a: Typhlosion\n|-damage|p2a: Typhlosion|26/100\n|-unboost|p2a: Typhlosion|spe|1\n|\n|-weather|none\n|upkeep\n|turn|6\n|\n|t:|1776048610\n|move|p1b: Delphox|Psyshock|p2a: Typhlosion\n|-damage|p2a: Typhlosion|0 fnt\n|faint|p2a: Typhlosion\n|\n|win|tindall65\n|raw|tindall65's rating: 1161 &rarr; <strong>1179</strong><br />(+18 for winning)\n|raw|MegaBiscuit123's rating: 1061 &rarr; <strong>1047</strong><br />(-14 for losing)\n|l|\u2606MegaBiscuit123\n|player|p2|\n",
  "uploadtime": 1776048621,
  "views": 17,
  "formatid": "gen9championsvgc2026regma",
  "rating": 1047,
  "private": 0,
  "password": null
}