{
  "id": "gen9championsvgc2026regma-2588204588",
  "format": "[Gen 9 Champions] VGC 2026 Reg M-A",
  "players": [
    "Mango404",
    "Punkrazz"
  ],
  "log": "|j|\u2606Mango404\n|j|\u2606Punkrazz\n|t:|1776614194\n|gametype|doubles\n|player|p1|Mango404|harlequin|1033\n|player|p2|Punkrazz|lady-gen4|1075\n|gen|9\n|tier|[Gen 9 Champions] VGC 2026 Reg M-A\n|rated|\n|rule|Species Clause: Limit one of each Pok\u00e9mon\n|rule|Item Clause: Limit 1 of each item\n|clearpoke\n|poke|p1|Gardevoir, L50, F|\n|poke|p1|Incineroar, L50, F|\n|poke|p1|Sinistcha, L50|\n|poke|p1|Sableye, L50, M|\n|poke|p1|Farigiraf, L50, F|\n|poke|p1|Sneasler, L50, F|\n|poke|p2|Delphox, L50, M|\n|poke|p2|Primarina, L50, F|\n|poke|p2|Rotom-Wash, L50|\n|poke|p2|Sinistcha, L50|\n|poke|p2|Bastiodon, L50, F|\n|poke|p2|Dragonite, L50, F|\n|teampreview|4\n|inactive|Battle timer is ON: inactive players will automatically lose when time's up. (requested by Mango404)\n|\n|t:|1776614258\n|teamsize|p1|4\n|teamsize|p2|4\n|start\n|switch|p1a: Gardevoir|Gardevoir, L50, F|100/100\n|switch|p1b: Sableye|Sableye, L50, M|100/100\n|switch|p2a: Primarina|Primarina, L50, F|100/100\n|switch|p2b: Sinistcha|Sinistcha, L50|100/100\n|-ability|p1a: Gardevoir|Hospitality|Trace|[from] ability: Trace|[of] p2b: Sinistcha\n|turn|1\n|inactive|Punkrazz has 30 seconds left.\n|\n|t:|1776614289\n|detailschange|p1a: Gardevoir|Gardevoir-Mega, L50, F\n|-mega|p1a: Gardevoir|Gardevoir|Gardevoirite\n|move|p1b: Sableye|Fake Out|p2a: Primarina\n|-damage|p2a: Primarina|91/100\n|move|p2b: Sinistcha|Rage Powder|p2b: Sinistcha\n|-singleturn|p2b: Sinistcha|move: Rage Powder\n|move|p1a: Gardevoir|Calm Mind|p1a: Gardevoir\n|-boost|p1a: Gardevoir|spa|1\n|-boost|p1a: Gardevoir|spd|1\n|cant|p2a: Primarina|flinch\n|\n|upkeep\n|turn|2\n|\n|t:|1776614306\n|move|p1b: Sableye|Encore|p2b: Sinistcha\n|-start|p2b: Sinistcha|Encore\n|move|p2b: Sinistcha|Rage Powder|p2b: Sinistcha\n|-singleturn|p2b: Sinistcha|move: Rage Powder\n|move|p1a: Gardevoir|Hyper Voice|p2a: Primarina|[spread] p2a,p2b\n|-damage|p2a: Primarina|12/100\n|-enditem|p2b: Sinistcha|Focus Sash\n|-damage|p2b: Sinistcha|1/100\n|move|p2a: Primarina|Moonblast|p1b: Sableye\n|-supereffective|p1b: Sableye|1\n|-enditem|p1b: Sableye|Focus Sash\n|-damage|p1b: Sableye|1/100\n|\n|upkeep\n|turn|3\n|inactive|Punkrazz has 30 seconds left.\n|inactive|Punkrazz has 20 seconds left.\n|inactive|Punkrazz has 15 seconds left.\n|\n|t:|1776614348\n|switch|p2b: Dragonite|Dragonite, L50, F|100/100\n|move|p2a: Primarina|Protect|p2a: Primarina\n|-singleturn|p2a: Primarina|Protect\n|move|p1b: Sableye|Disable|p2a: Primarina\n|-activate|p2a: Primarina|move: Protect\n|move|p1a: Gardevoir|Hyper Voice|p2a: Primarina|[spread] p2b\n|-activate|p2a: Primarina|move: Protect\n|-supereffective|p2b: Dragonite|1\n|-damage|p2b: Dragonite|20/100\n|\n|upkeep\n|turn|4\n|\n|t:|1776614372\n|move|p2b: Dragonite|Protect|p2b: Dragonite\n|-singleturn|p2b: Dragonite|Protect\n|move|p1b: Sableye|Quash|p2b: Dragonite\n|-activate|p2b: Dragonite|move: Protect\n|move|p1a: Gardevoir|Hyper Voice|p2b: Dragonite|[spread] p2a\n|-activate|p2b: Dragonite|move: Protect\n|-damage|p2a: Primarina|0 fnt\n|faint|p2a: Primarina\n|\n|upkeep\n|\n|t:|1776614382\n|switch|p2a: Delphox|Delphox, L50, M|100/100\n|turn|5\n|\n|t:|1776614394\n|detailschange|p2a: Delphox|Delphox-Mega, L50, M\n|-mega|p2a: Delphox|Delphox|Delphoxite\n|move|p1b: Sableye|Quash|p2a: Delphox\n|-activate|p2a: Delphox|move: Quash\n|move|p1a: Gardevoir|Hyper Voice|p2b: Dragonite|[spread] p2a,p2b\n|-resisted|p2a: Delphox|1\n|-supereffective|p2b: Dragonite|1\n|-damage|p2a: Delphox|63/100\n|-damage|p2b: Dragonite|0 fnt\n|faint|p2b: Dragonite\n|move|p2a: Delphox|Heat Wave|p1b: Sableye|[spread] p1a,p1b\n|-crit|p1b: Sableye\n|-damage|p1a: Gardevoir|75/100\n|-damage|p1b: Sableye|0 fnt\n|-status|p1a: Gardevoir|brn\n|faint|p1b: Sableye\n|\n|-damage|p1a: Gardevoir|69/100 brn|[from] brn\n|upkeep\n|\n|t:|1776614410\n|switch|p2b: Sinistcha|Sinistcha, L50|1/100\n|switch|p1b: Sneasler|Sneasler, L50, F|100/100\n|-heal|p2a: Delphox|88/100|[from] ability: Hospitality|[of] p2b: Sinistcha\n|turn|6\n|\n|t:|1776614420\n|move|p2a: Delphox|Protect|p2a: Delphox\n|-singleturn|p2a: Delphox|Protect\n|move|p2b: Sinistcha|Protect|p2b: Sinistcha\n|-singleturn|p2b: Sinistcha|Protect\n|move|p1b: Sneasler|Fake Out|p2a: Delphox\n|-activate|p2a: Delphox|move: Protect\n|move|p1a: Gardevoir|Hyper Voice|p2b: Sinistcha|[spread] \n|-activate|p2a: Delphox|move: Protect\n|-activate|p2b: Sinistcha|move: Protect\n|\n|-damage|p1a: Gardevoir|63/100 brn|[from] brn\n|upkeep\n|turn|7\n|\n|t:|1776614439\n|switch|p1b: Farigiraf|Farigiraf, L50, F|100/100\n|move|p2b: Sinistcha|Rage Powder|p2b: Sinistcha\n|-singleturn|p2b: Sinistcha|move: Rage Powder\n|move|p2a: Delphox|Psychic|p1b: Farigiraf\n|-resisted|p1b: Farigiraf|1\n|-damage|p1b: Farigiraf|75/100\n|move|p1a: Gardevoir|Hyper Voice|p2b: Sinistcha|[spread] p2a,p2b\n|-resisted|p2a: Delphox|1\n|-damage|p2a: Delphox|45/100\n|-damage|p2b: Sinistcha|0 fnt\n|faint|p2b: Sinistcha\n|\n|-damage|p1a: Gardevoir|57/100 brn|[from] brn\n|upkeep\n|turn|8\n|\n|t:|1776614452\n|move|p1b: Farigiraf|Helping Hand|p1a: Gardevoir\n|-singleturn|p1a: Gardevoir|Helping Hand|[of] p1b: Farigiraf\n|move|p2a: Delphox|Protect|p2a: Delphox\n|-singleturn|p2a: Delphox|Protect\n|move|p1a: Gardevoir|Expanding Force|p2a: Delphox\n|-activate|p2a: Delphox|move: Protect\n|\n|-damage|p1a: Gardevoir|50/100 brn|[from] brn\n|upkeep\n|turn|9\n|\n|t:|1776614461\n|move|p1b: Farigiraf|Helping Hand|p1a: Gardevoir\n|-singleturn|p1a: Gardevoir|Helping Hand|[of] p1b: Farigiraf\n|move|p2a: Delphox|Heat Wave|p1b: Farigiraf|[spread] p1a,p1b\n|-damage|p1a: Gardevoir|26/100 brn\n|-damage|p1b: Farigiraf|32/100\n|-enditem|p1b: Farigiraf|Sitrus Berry|[eat]\n|-heal|p1b: Farigiraf|57/100|[from] item: Sitrus Berry\n|move|p1a: Gardevoir|Expanding Force|p2a: Delphox\n|-resisted|p2a: Delphox|1\n|-damage|p2a: Delphox|0 fnt\n|faint|p2a: Delphox\n|\n|win|Mango404\n|raw|Mango404's rating: 1033 &rarr; <strong>1072</strong><br />(+39 for winning)\n|raw|Punkrazz's rating: 1075 &rarr; <strong>1051</strong><br />(-24 for losing)\n",
  "uploadtime": 1776614463,
  "views": 13,
  "formatid": "gen9championsvgc2026regma",
  "rating": 1051,
  "private": 0,
  "password": null
}