{
  "id": "gen9championsvgc2026regma-2583141380",
  "format": "[Gen 9 Champions] VGC 2026 Reg M-A",
  "players": [
    "rezon8",
    "Sablewile"
  ],
  "log": "|j|\u2606rezon8\n|j|\u2606Sablewile\n|t:|1776147041\n|gametype|doubles\n|player|p1|rezon8|101|1185\n|player|p2|Sablewile|265|1249\n|gen|9\n|tier|[Gen 9 Champions] VGC 2026 Reg M-A\n|rated|\n|rule|Species Clause: Limit one of each Pok\u00e9mon\n|rule|Item Clause: Limit 1 of each item\n|clearpoke\n|poke|p1|Hydreigon, L50, F|\n|poke|p1|Charizard, L50, F|\n|poke|p1|Krookodile, L50, M|\n|poke|p1|Armarouge, L50, F|\n|poke|p1|Sinistcha, L50|\n|poke|p1|Whimsicott, L50, F|\n|poke|p2|Gengar, L50, M|\n|poke|p2|Incineroar, L50, M|\n|poke|p2|Corviknight, L50, F|\n|poke|p2|Politoed, L50, F|\n|poke|p2|Raichu, L50, F|\n|poke|p2|Basculegion, L50, M|\n|teampreview|4\n|\n|t:|1776147121\n|teamsize|p1|4\n|teamsize|p2|4\n|start\n|switch|p1a: Hydreigon|Hydreigon, L50, F|100/100\n|switch|p1b: Whimsicott|Whimsicott, L50, F|100/100\n|switch|p2a: Gengar|Gengar, L50, M|100/100\n|switch|p2b: Incineroar|Incineroar, L50, M|100/100\n|-ability|p2b: Incineroar|Intimidate|boost\n|-unboost|p1a: Hydreigon|atk|1\n|-unboost|p1b: Whimsicott|atk|1\n|turn|1\n|\n|t:|1776147160\n|switch|p1b: Krookodile|Krookodile, L50, M|100/100\n|-ability|p1b: Krookodile|Intimidate|boost\n|-unboost|p2a: Gengar|atk|1\n|-unboost|p2b: Incineroar|atk|1\n|detailschange|p2a: Gengar|Gengar-Mega, L50, M\n|-mega|p2a: Gengar|Gengar|Gengarite\n|move|p2b: Incineroar|Fake Out|p1a: Hydreigon\n|-damage|p1a: Hydreigon|93/100\n|move|p2a: Gengar|Perish Song|p2a: Gengar\n|-start|p1a: Hydreigon|perish3|[silent]\n|-start|p1b: Krookodile|perish3|[silent]\n|-start|p2a: Gengar|perish3|[silent]\n|-start|p2b: Incineroar|perish3|[silent]\n|-fieldactivate|move: Perish Song\n|cant|p1a: Hydreigon|flinch\n|\n|-start|p2a: Gengar|perish3\n|-start|p1b: Krookodile|perish3\n|-start|p1a: Hydreigon|perish3\n|-start|p2b: Incineroar|perish3\n|upkeep\n|turn|2\n|\n|t:|1776147202\n|move|p2a: Gengar|Protect|p2a: Gengar\n|-singleturn|p2a: Gengar|Protect\n|move|p1b: Krookodile|Earthquake|p2a: Gengar|[spread] p2b\n|-activate|p2a: Gengar|move: Protect\n|-immune|p1a: Hydreigon|[from] ability: Levitate\n|-supereffective|p2b: Incineroar|1\n|-damage|p2b: Incineroar|20/100\n|-enditem|p2b: Incineroar|Sitrus Berry|[eat]\n|-heal|p2b: Incineroar|45/100|[from] item: Sitrus Berry\n|move|p1a: Hydreigon|Focus Energy|p1a: Hydreigon\n|-start|p1a: Hydreigon|move: Focus Energy\n|move|p2b: Incineroar|Parting Shot|p1b: Krookodile\n|-unboost|p1b: Krookodile|atk|1\n|-unboost|p1b: Krookodile|spa|1\n|\n|t:|1776147220\n|switch|p2b: Politoed|Politoed, L50, F|100/100|[from] Parting Shot\n|-weather|RainDance|[from] ability: Drizzle|[of] p2b: Politoed\n|\n|-weather|RainDance|[upkeep]\n|-start|p2a: Gengar|perish2\n|-start|p1b: Krookodile|perish2\n|-start|p1a: Hydreigon|perish2\n|upkeep\n|turn|3\n|\n|t:|1776147240\n|switch|p2a: Incineroar|Incineroar, L50, M|45/100\n|-ability|p2a: Incineroar|Intimidate|boost\n|-unboost|p1a: Hydreigon|atk|1\n|-unboost|p1b: Krookodile|atk|1\n|move|p1b: Krookodile|Earthquake|p2b: Politoed|[spread] p2a,p2b\n|-immune|p1a: Hydreigon|[from] ability: Levitate\n|-supereffective|p2a: Incineroar|1\n|-damage|p2a: Incineroar|9/100\n|-damage|p2b: Politoed|83/100\n|move|p1a: Hydreigon|Dark Pulse|p2a: Incineroar\n|-resisted|p2a: Incineroar|1\n|-crit|p2a: Incineroar\n|-damage|p2a: Incineroar|0 fnt\n|faint|p2a: Incineroar\n|move|p2b: Politoed|Icy Wind|p1a: Hydreigon|[spread] p1a,p1b\n|-supereffective|p1a: Hydreigon|1\n|-supereffective|p1b: Krookodile|1\n|-damage|p1a: Hydreigon|75/100\n|-damage|p1b: Krookodile|77/100\n|-unboost|p1a: Hydreigon|spe|1\n|-unboost|p1b: Krookodile|spe|1\n|\n|-weather|RainDance|[upkeep]\n|-start|p1b: Krookodile|perish1\n|-start|p1a: Hydreigon|perish1\n|upkeep\n|\n|t:|1776147242\n|switch|p2a: Gengar|Gengar-Mega, L50, M|100/100\n|turn|4\n|\n|t:|1776147274\n|move|p2a: Gengar|Protect|p2a: Gengar\n|-singleturn|p2a: Gengar|Protect\n|move|p2b: Politoed|Protect|p2b: Politoed\n|-singleturn|p2b: Politoed|Protect\n|move|p1b: Krookodile|Earthquake|p2a: Gengar|[spread] \n|-activate|p2a: Gengar|move: Protect\n|-activate|p2b: Politoed|move: Protect\n|-immune|p1a: Hydreigon|[from] ability: Levitate\n|move|p1a: Hydreigon|Dark Pulse|p2b: Politoed\n|-activate|p2b: Politoed|move: Protect\n|\n|-weather|RainDance|[upkeep]\n|-start|p1b: Krookodile|perish0\n|-start|p1a: Hydreigon|perish0\n|faint|p1b: Krookodile\n|faint|p1a: Hydreigon\n|upkeep\n|\n|t:|1776147278\n|switch|p1a: Charizard|Charizard, L50, F|100/100\n|switch|p1b: Whimsicott|Whimsicott, L50, F|100/100\n|turn|5\n|\n|t:|1776147302\n|switch|p2a: Basculegion|Basculegion, L50, M|100/100\n|detailschange|p1a: Charizard|Charizard-Mega-Y, L50, F\n|-mega|p1a: Charizard|Charizard|Charizardite Y\n|-weather|SunnyDay|[from] ability: Drought|[of] p1a: Charizard\n|move|p1b: Whimsicott|Encore||[still]\n|-fail|p1b: Whimsicott\n|move|p1a: Charizard|Heat Wave|p2a: Basculegion|[spread] p2a,p2b\n|-resisted|p2a: Basculegion|1\n|-resisted|p2b: Politoed|1\n|-damage|p2a: Basculegion|62/100\n|-damage|p2b: Politoed|57/100\n|-status|p2b: Politoed|brn\n|move|p2b: Politoed|Perish Song|p2b: Politoed\n|-start|p1a: Charizard|perish3|[silent]\n|-start|p1b: Whimsicott|perish3|[silent]\n|-start|p2a: Basculegion|perish3|[silent]\n|-start|p2b: Politoed|perish3|[silent]\n|-fieldactivate|move: Perish Song\n|\n|-weather|SunnyDay|[upkeep]\n|-damage|p2b: Politoed|51/100 brn|[from] brn\n|-start|p1b: Whimsicott|perish3\n|-start|p1a: Charizard|perish3\n|-start|p2a: Basculegion|perish3\n|-start|p2b: Politoed|perish3\n|upkeep\n|turn|6\n|\n|t:|1776147350\n|switch|p2b: Gengar|Gengar-Mega, L50, M|100/100\n|move|p1b: Whimsicott|Tailwind|p1b: Whimsicott\n|-sidestart|p1: rezon8|move: Tailwind\n|move|p1a: Charizard|Solar Beam||[still]\n|-prepare|p1a: Charizard|Solar Beam\n|-anim|p1a: Charizard|Solar Beam|p2a: Basculegion\n|-supereffective|p2a: Basculegion|1\n|-damage|p2a: Basculegion|0 fnt\n|faint|p2a: Basculegion\n|\n|-weather|SunnyDay|[upkeep]\n|-start|p1b: Whimsicott|perish2\n|-start|p1a: Charizard|perish2\n|upkeep\n|\n|t:|1776147357\n|switch|p2a: Politoed|Politoed, L50, F|51/100 brn\n|-weather|RainDance|[from] ability: Drizzle|[of] p2a: Politoed\n|turn|7\n|\n|t:|1776147375\n|move|p1b: Whimsicott|Sunny Day|p1b: Whimsicott\n|-weather|SunnyDay\n|move|p1a: Charizard|Solar Beam||[still]\n|-prepare|p1a: Charizard|Solar Beam\n|-anim|p1a: Charizard|Solar Beam|p2a: Politoed\n|-supereffective|p2a: Politoed|1\n|-enditem|p2a: Politoed|Rindo Berry|[eat]\n|-enditem|p2a: Politoed|Rindo Berry|[weaken]\n|-damage|p2a: Politoed|9/100 brn\n|move|p2b: Gengar|Substitute|p2b: Gengar\n|-start|p2b: Gengar|Substitute\n|-damage|p2b: Gengar|76/100\n|move|p2a: Politoed|Icy Wind|p1b: Whimsicott|[spread] p1a,p1b\n|-supereffective|p1b: Whimsicott|1\n|-damage|p1a: Charizard|91/100\n|-damage|p1b: Whimsicott|70/100\n|-unboost|p1a: Charizard|spe|1\n|-unboost|p1b: Whimsicott|spe|1\n|\n|-weather|SunnyDay|[upkeep]\n|-damage|p2a: Politoed|3/100 brn|[from] brn\n|-start|p1b: Whimsicott|perish1\n|-start|p1a: Charizard|perish1\n|upkeep\n|turn|8\n|c|\u2606rezon8|gg\n|c|\u2606Sablewile|gg\n|c|\u2606rezon8|first perish trap team i played against\n|\n|t:|1776147430\n|move|p2b: Gengar|Protect|p2b: Gengar\n|-singleturn|p2b: Gengar|Protect\n|move|p2a: Politoed|Protect|p2a: Politoed\n|-singleturn|p2a: Politoed|Protect\n|move|p1b: Whimsicott|Moonblast|p2a: Politoed\n|-activate|p2a: Politoed|move: Protect\n|move|p1a: Charizard|Heat Wave|p2a: Politoed|[spread] \n|-activate|p2a: Politoed|move: Protect\n|-activate|p2b: Gengar|move: Protect\n|\n|-weather|SunnyDay|[upkeep]\n|-damage|p2a: Politoed|0 fnt|[from] brn\n|faint|p2a: Politoed\n|-start|p1b: Whimsicott|perish0\n|-start|p1a: Charizard|perish0\n|faint|p1b: Whimsicott\n|faint|p1a: Charizard\n|\n|win|Sablewile\n|raw|rezon8's rating: 1185 &rarr; <strong>1165</strong><br />(-20 for losing)\n|raw|Sablewile's rating: 1249 &rarr; <strong>1269</strong><br />(+20 for winning)\n",
  "uploadtime": 1776147452,
  "views": 41,
  "formatid": "gen9championsvgc2026regma",
  "rating": 1165,
  "private": 0,
  "password": null
}