{
  "id": "gen9championsvgc2026regma-2586965770",
  "format": "[Gen 9 Champions] VGC 2026 Reg M-A",
  "players": [
    "xBlakelor",
    "catpotatt"
  ],
  "log": "|j|\u2606xBlakelor\n|j|\u2606catpotatt\n|t:|1776476380\n|gametype|doubles\n|player|p1|xBlakelor|burglar|1347\n|player|p2|catpotatt|roxie|1437\n|gen|9\n|tier|[Gen 9 Champions] VGC 2026 Reg M-A\n|rated|\n|rule|Species Clause: Limit one of each Pok\u00e9mon\n|rule|Item Clause: Limit 1 of each item\n|clearpoke\n|poke|p1|Pelipper, L50, F|\n|poke|p1|Sinistcha, L50|\n|poke|p1|Archaludon, L50, M|\n|poke|p1|Blastoise, L50, F|\n|poke|p1|Talonflame, L50, M|\n|poke|p1|Raichu, L50, F|\n|poke|p2|Floette-Eternal, L50, F|\n|poke|p2|Whimsicott, L50, M|\n|poke|p2|Gengar, L50, M|\n|poke|p2|Rotom-Wash, L50|\n|poke|p2|Tyranitar, L50, M|\n|poke|p2|Araquanid, L50, F|\n|teampreview|4\n|inactive|Battle timer is ON: inactive players will automatically lose when time's up. (requested by xBlakelor)\nxBlakelor rejected open team sheets.\n|inactive|catpotatt has 60 seconds left.\n|\n|t:|1776476411\n|teamsize|p1|4\n|teamsize|p2|4\n|start\n|switch|p1a: Blastoise|Blastoise, L50, F|100/100\n|switch|p1b: Talonflame|Talonflame, L50, M|100/100\n|switch|p2a: Gengar|Gengar, L50, M|100/100\n|switch|p2b: Whimsicott|Whimsicott, L50, M|100/100\n|turn|1\n|\n|t:|1776476422\n|detailschange|p2a: Gengar|Gengar-Mega, L50, M\n|-mega|p2a: Gengar|Gengar|Gengarite\n|detailschange|p1a: Blastoise|Blastoise-Mega, L50, F\n|-mega|p1a: Blastoise|Blastoise|Blastoisinite\n|move|p2b: Whimsicott|Protect|p2b: Whimsicott\n|-singleturn|p2b: Whimsicott|Protect\n|move|p1b: Talonflame|Tailwind|p1b: Talonflame\n|-sidestart|p1: xBlakelor|move: Tailwind\n|move|p1a: Blastoise|Water Spout|p2a: Gengar|[spread] p2a\n|-activate|p2b: Whimsicott|move: Protect\n|-damage|p2a: Gengar|3/100\n|move|p2a: Gengar|Sludge Bomb|p1a: Blastoise\n|-damage|p1a: Blastoise|41/100\n|-status|p1a: Blastoise|psn\n|\n|-damage|p1a: Blastoise|29/100 psn|[from] psn\n|upkeep\n|turn|2\n|inactive|catpotatt has 30 seconds left.\n|inactive|catpotatt has 20 seconds left.\n|\n|t:|1776476461\n|switch|p2a: Tyranitar|Tyranitar, L50, M|100/100\n|-weather|Sandstorm|[from] ability: Sand Stream|[of] p2a: Tyranitar\n|move|p1b: Talonflame|Brave Bird|p2b: Whimsicott\n|-supereffective|p2b: Whimsicott|1\n|-enditem|p2b: Whimsicott|Focus Sash\n|-damage|p2b: Whimsicott|1/100\n|-damage|p1b: Talonflame|65/100|[from] Recoil\n|move|p2b: Whimsicott|Encore|p1a: Blastoise\n|-start|p1a: Blastoise|Encore\n|move|p1a: Blastoise|Water Spout|p2a: Tyranitar|[spread] p2a,p2b\n|-supereffective|p2a: Tyranitar|1\n|-resisted|p2b: Whimsicott|1\n|-damage|p2a: Tyranitar|76/100\n|-damage|p2b: Whimsicott|0 fnt\n|faint|p2b: Whimsicott\n|\n|-weather|Sandstorm|[upkeep]\n|-damage|p1b: Talonflame|59/100|[from] Sandstorm\n|-damage|p1a: Blastoise|23/100 psn|[from] Sandstorm\n|-damage|p1a: Blastoise|11/100 psn|[from] psn\n|upkeep\n|\n|t:|1776476468\n|switch|p2b: Araquanid|Araquanid, L50, F|100/100\n|turn|3\n|\n|t:|1776476488\n|switch|p1a: Pelipper|Pelipper, L50, F|100/100\n|-weather|RainDance|[from] ability: Drizzle|[of] p1a: Pelipper\n|move|p1b: Talonflame|Brave Bird|p2b: Araquanid\n|-supereffective|p2b: Araquanid|1\n|-damage|p2b: Araquanid|0 fnt\n|faint|p2b: Araquanid\n|-damage|p1b: Talonflame|22/100|[from] Recoil\n|move|p2a: Tyranitar|Rock Slide|p1a: Pelipper|[spread] p1a,p1b\n|-supereffective|p1a: Pelipper|1\n|-supereffective|p1b: Talonflame|2\n|-damage|p1a: Pelipper|26/100\n|-damage|p1b: Talonflame|0 fnt\n|faint|p1b: Talonflame\n|\n|-weather|RainDance|[upkeep]\n|upkeep\n|\n|t:|1776476507\n|switch|p1b: Blastoise|Blastoise-Mega, L50, F|11/100 psn\n|switch|p2b: Gengar|Gengar-Mega, L50, M|3/100\n|turn|4\n|\n|t:|1776476524\n|move|p2b: Gengar|Protect|p2b: Gengar\n|-singleturn|p2b: Gengar|Protect\n|move|p2a: Tyranitar|Protect|p2a: Tyranitar\n|-singleturn|p2a: Tyranitar|Protect\n|move|p1a: Pelipper|Wide Guard|p1a: Pelipper\n|-singleturn|p1a: Pelipper|Wide Guard\n|move|p1b: Blastoise|Water Spout|p2b: Gengar|[spread] \n|-activate|p2a: Tyranitar|move: Protect\n|-activate|p2b: Gengar|move: Protect\n|\n|-weather|RainDance|[upkeep]\n|-damage|p1b: Blastoise|0 fnt|[from] psn\n|faint|p1b: Blastoise\n|-sideend|p1: xBlakelor|move: Tailwind\n|upkeep\n|\n|t:|1776476540\n|switch|p1b: Sinistcha|Sinistcha, L50|100/100\n|-heal|p1a: Pelipper|51/100|[from] ability: Hospitality|[of] p1b: Sinistcha\n|turn|5\n|inactive|catpotatt has 30 seconds left.\n|\n|t:|1776476566\n|move|p2b: Gengar|Shadow Ball|p1b: Sinistcha\n|-supereffective|p1b: Sinistcha|1\n|-damage|p1b: Sinistcha|8/100\n|-unboost|p1b: Sinistcha|spd|1\n|-enditem|p1b: Sinistcha|Sitrus Berry|[eat]\n|-heal|p1b: Sinistcha|33/100|[from] item: Sitrus Berry\n|move|p2a: Tyranitar|Rock Slide|p1a: Pelipper|[spread] p1a,p1b\n|-supereffective|p1a: Pelipper|1\n|-damage|p1a: Pelipper|0 fnt\n|-damage|p1b: Sinistcha|8/100\n|faint|p1a: Pelipper\n|cant|p1b: Sinistcha|flinch\n|\n|-weather|RainDance|[upkeep]\n|upkeep\n|turn|6\n|-message|xBlakelor forfeited.\n|\n|win|catpotatt\n|raw|xBlakelor's rating: 1347 &rarr; <strong>1332</strong><br />(-15 for losing)\n|raw|catpotatt's rating: 1437 &rarr; <strong>1452</strong><br />(+15 for winning)\n|l|\u2606xBlakelor\n|player|p1|\n",
  "uploadtime": 1776476583,
  "views": 30,
  "formatid": "gen9championsvgc2026regma",
  "rating": 1332,
  "private": 0,
  "password": null
}