{
  "id": "gen9championsvgc2026regma-2582155253",
  "format": "[Gen 9 Champions] VGC 2026 Reg M-A",
  "players": [
    "TheFrostyKnight",
    "autistic person 28"
  ],
  "log": "|j|\u2606TheFrostyKnight\n|j|\u2606autistic person 28\n|t:|1776065089\n|gametype|doubles\n|player|p1|TheFrostyKnight|1|1079\n|player|p2|autistic person 28|preschooler|1002\n|gen|9\n|tier|[Gen 9 Champions] VGC 2026 Reg M-A\n|rated|\n|rule|Species Clause: Limit one of each Pok\u00e9mon\n|rule|Item Clause: Limit 1 of each item\n|clearpoke\n|poke|p1|Farigiraf, L50, F|\n|poke|p1|Slowking-Galar, L50, M|\n|poke|p1|Camerupt, L50, M|\n|poke|p1|Empoleon, L50, M|\n|poke|p1|Forretress, L50, M|\n|poke|p1|Runerigus, L50, M|\n|poke|p2|Incineroar, L50, F|\n|poke|p2|Gengar, L50, F|\n|poke|p2|Sinistcha, L50|\n|poke|p2|Kingambit, L50, M|\n|poke|p2|Tyranitar, L50, M|\n|poke|p2|Kommo-o, L50, F|\n|teampreview|4\n|inactive|Battle timer is ON: inactive players will automatically lose when time's up. (requested by autistic person 28)\n|\n|t:|1776065115\n|teamsize|p1|4\n|teamsize|p2|4\n|start\n|switch|p1a: Farigiraf|Farigiraf, L50, F|100/100\n|switch|p1b: Runerigus|Runerigus, L50, M|100/100\n|switch|p2a: Gengar|Gengar, L50, F|100/100\n|switch|p2b: Incineroar|Incineroar, L50, F|100/100\n|-ability|p2b: Incineroar|Intimidate|boost\n|-unboost|p1a: Farigiraf|atk|1\n|-unboost|p1b: Runerigus|atk|1\n|turn|1\n|\n|t:|1776065135\n|detailschange|p2a: Gengar|Gengar-Mega, L50, F\n|-mega|p2a: Gengar|Gengar|Gengarite\n|move|p2a: Gengar|Substitute|p2a: Gengar\n|-start|p2a: Gengar|Substitute\n|-damage|p2a: Gengar|76/100\n|move|p2b: Incineroar|Parting Shot|p1b: Runerigus\n|-unboost|p1b: Runerigus|atk|1\n|-unboost|p1b: Runerigus|spa|1\n|\n|t:|1776065144\n|switch|p2b: Sinistcha|Sinistcha, L50|100/100|[from] Parting Shot\n|-heal|p2a: Gengar|100/100|[from] ability: Hospitality|[of] p2b: Sinistcha\n|move|p1a: Farigiraf|Imprison|p1a: Farigiraf\n|-start|p1a: Farigiraf|move: Imprison\n|move|p1b: Runerigus|Poltergeist|p2a: Gengar\n|-activate|p2a: Gengar|move: Poltergeist|Gengarite\n|-supereffective|p2a: Gengar|1\n|-end|p2a: Gengar|Substitute\n|\n|upkeep\n|turn|2\n|inactive|autistic person 28 has 30 seconds left.\n|\n|t:|1776065170\n|move|p2a: Gengar|Perish Song|p2a: Gengar\n|-start|p1a: Farigiraf|perish3|[silent]\n|-start|p1b: Runerigus|perish3|[silent]\n|-start|p2a: Gengar|perish3|[silent]\n|-start|p2b: Sinistcha|perish3|[silent]\n|-fieldactivate|move: Perish Song\n|move|p2b: Sinistcha|Life Dew||[still]|[still]|[spread] \n|-fail|p2a: Gengar|heal\n|-fail|p2b: Sinistcha|heal\n|move|p1b: Runerigus|Poltergeist|p2b: Sinistcha\n|-activate|p2b: Sinistcha|move: Poltergeist|Sitrus Berry\n|-supereffective|p2b: Sinistcha|1\n|-damage|p2b: Sinistcha|70/100\n|move|p1a: Farigiraf|Trick Room|p1a: Farigiraf\n|-fieldstart|move: Trick Room|[of] p1a: Farigiraf\n|\n|-start|p1b: Runerigus|perish3\n|-start|p1a: Farigiraf|perish3\n|-start|p2b: Sinistcha|perish3\n|-start|p2a: Gengar|perish3\n|upkeep\n|turn|3\n|inactive|autistic person 28 has 30 seconds left.\n|\n|t:|1776065199\n|switch|p1b: Camerupt|Camerupt, L50, M|100/100\n|move|p1a: Farigiraf|Protect|p1a: Farigiraf\n|-singleturn|p1a: Farigiraf|Protect\n|move|p2b: Sinistcha|Rage Powder|p2b: Sinistcha\n|-singleturn|p2b: Sinistcha|move: Rage Powder\n|move|p2a: Gengar|Substitute|p2a: Gengar\n|-start|p2a: Gengar|Substitute\n|-damage|p2a: Gengar|76/100\n|\n|-start|p1a: Farigiraf|perish2\n|-start|p2b: Sinistcha|perish2\n|-start|p2a: Gengar|perish2\n|upkeep\n|turn|4\n|inactive|TheFrostyKnight has 30 seconds left.\n|\n|t:|1776065225\n|switch|p2b: Incineroar|Incineroar, L50, F|100/100\n|-ability|p2b: Incineroar|Intimidate|boost\n|-unboost|p1a: Farigiraf|atk|1\n|-unboost|p1b: Camerupt|atk|1\n|detailschange|p1b: Camerupt|Camerupt-Mega, L50, M\n|-mega|p1b: Camerupt|Camerupt|Cameruptite\n|move|p1b: Camerupt|Heat Wave|p2b: Incineroar|[spread] p2a,p2b\n|-end|p2a: Gengar|Substitute\n|-resisted|p2b: Incineroar|1\n|-damage|p2b: Incineroar|79/100\n|move|p1a: Farigiraf|Hyper Voice|p2b: Incineroar|[spread] p2b\n|-immune|p2a: Gengar\n|-damage|p2b: Incineroar|61/100\n|move|p2a: Gengar|Perish Song|p2a: Gengar\n|-start|p1b: Camerupt|perish3|[silent]\n|-start|p2b: Incineroar|perish3|[silent]\n|-fieldactivate|move: Perish Song\n|\n|-start|p1b: Camerupt|perish3\n|-start|p1a: Farigiraf|perish1\n|-start|p2b: Incineroar|perish3\n|-start|p2a: Gengar|perish1\n|upkeep\n|turn|5\n|\n|t:|1776065249\n|switch|p2a: Sinistcha|Sinistcha, L50|70/100\n|-heal|p2b: Incineroar|86/100|[from] ability: Hospitality|[of] p2a: Sinistcha\n|move|p1b: Camerupt|Eruption|p2a: Sinistcha|[spread] p2a,p2b\n|-supereffective|p2a: Sinistcha|1\n|-resisted|p2b: Incineroar|1\n|-damage|p2a: Sinistcha|0 fnt\n|-damage|p2b: Incineroar|60/100\n|faint|p2a: Sinistcha\n|move|p1a: Farigiraf|Hyper Voice|p2b: Incineroar\n|-damage|p2b: Incineroar|35/100\n|move|p2b: Incineroar|Parting Shot|p1b: Camerupt\n|-unboost|p1b: Camerupt|atk|1\n|-unboost|p1b: Camerupt|spa|1\n|\n|t:|1776065262\n|switch|p2b: Gengar|Gengar-Mega, L50, F|76/100|[from] Parting Shot\n|\n|-start|p1b: Camerupt|perish2\n|-start|p1a: Farigiraf|perish0\n|faint|p1a: Farigiraf\n|upkeep\n|\n|t:|1776065270\n|switch|p1a: Empoleon|Empoleon, L50, M|100/100\n|switch|p2a: Incineroar|Incineroar, L50, F|35/100\n|-ability|p2a: Incineroar|Intimidate|boost\n|-unboost|p1a: Empoleon|atk|1\n|-ability|p1a: Empoleon|Competitive|boost\n|-boost|p1a: Empoleon|spa|2\n|-unboost|p1b: Camerupt|atk|1\n|turn|6\n|\n|t:|1776065284\n|move|p2b: Gengar|Protect|p2b: Gengar\n|-singleturn|p2b: Gengar|Protect\n|move|p2a: Incineroar|Fake Out|p1a: Empoleon\n|-resisted|p1a: Empoleon|1\n|-damage|p1a: Empoleon|96/100\n|move|p1b: Camerupt|Earth Power|p2b: Gengar\n|-activate|p2b: Gengar|move: Protect\n|cant|p1a: Empoleon|flinch\n|\n|-start|p1b: Camerupt|perish1\n|-fieldend|move: Trick Room\n|upkeep\n|turn|7\n|\n|t:|1776065307\n|move|p2a: Incineroar|Protect|p2a: Incineroar\n|-singleturn|p2a: Incineroar|Protect\n|move|p2b: Gengar|Substitute|p2b: Gengar\n|-start|p2b: Gengar|Substitute\n|-damage|p2b: Gengar|51/100\n|move|p1a: Empoleon|Hydro Pump|p2a: Incineroar\n|-activate|p2a: Incineroar|move: Protect\n|move|p1b: Camerupt|Earth Power|p2b: Gengar\n|-supereffective|p2b: Gengar|1\n|-end|p2b: Gengar|Substitute\n|\n|-start|p1b: Camerupt|perish0\n|faint|p1b: Camerupt\n|upkeep\n|\n|t:|1776065314\n|switch|p1b: Runerigus|Runerigus, L50, M|100/100\n|turn|8\n|\n|t:|1776065335\n|switch|p2a: Kommo-o|Kommo-o, L50, F|100/100\n|move|p2b: Gengar|Perish Song|p2b: Gengar\n|-start|p1a: Empoleon|perish3|[silent]\n|-start|p1b: Runerigus|perish3|[silent]\n|-immune|p2a: Kommo-o|[from] ability: Soundproof\n|-start|p2b: Gengar|perish3|[silent]\n|-fieldactivate|move: Perish Song\n|move|p1a: Empoleon|Blizzard|p2b: Gengar|[spread] p2a,p2b\n|-supereffective|p2a: Kommo-o|1\n|-damage|p2a: Kommo-o|0 fnt\n|-damage|p2b: Gengar|0 fnt\n|faint|p2a: Kommo-o\n|faint|p2b: Gengar\n|move|p1b: Runerigus|Rock Slide|p2: Kommo-o|[notarget]\n|-fail|p1b: Runerigus\n|\n|-start|p1a: Empoleon|perish3\n|-start|p1b: Runerigus|perish3\n|upkeep\n|\n|t:|1776065355\n|switch|p2b: Incineroar|Incineroar, L50, F|35/100\n|-ability|p2b: Incineroar|Intimidate|boost\n|-unboost|p1a: Empoleon|atk|1\n|-ability|p1a: Empoleon|Competitive|boost\n|-boost|p1a: Empoleon|spa|2\n|-unboost|p1b: Runerigus|atk|1\n|turn|9\n|\n|t:|1776065361\n|move|p2b: Incineroar|Protect|p2b: Incineroar\n|-singleturn|p2b: Incineroar|Protect\n|move|p1a: Empoleon|Hydro Pump|p2b: Incineroar\n|-activate|p2b: Incineroar|move: Protect\n|move|p1b: Runerigus|Destiny Bond|p1b: Runerigus\n|-singlemove|p1b: Runerigus|Destiny Bond\n|\n|-start|p1a: Empoleon|perish2\n|-start|p1b: Runerigus|perish2\n|upkeep\n|turn|10\n|\n|t:|1776065376\n|move|p2b: Incineroar|Protect||[still]\n|-fail|p2b: Incineroar\n|move|p1a: Empoleon|Hydro Pump|p2b: Incineroar\n|-supereffective|p2b: Incineroar|1\n|-damage|p2b: Incineroar|0 fnt\n|faint|p2b: Incineroar\n|\n|win|TheFrostyKnight\n|raw|TheFrostyKnight's rating: 1079 &rarr; <strong>1101</strong><br />(+22 for winning)\n|raw|autistic person 28's rating: 1002 &rarr; <strong>1000</strong><br />(-2 for losing)\n|l|\u2606autistic person 28\n|player|p2|\n",
  "uploadtime": 1776065383,
  "views": 11,
  "formatid": "gen9championsvgc2026regma",
  "rating": 1000,
  "private": 0,
  "password": null
}