{
  "id": "gen9championsvgc2026regma-2585083759",
  "format": "[Gen 9 Champions] VGC 2026 Reg M-A",
  "players": [
    "freakziIIa",
    "tastytjuice"
  ],
  "log": "|j|\u2606freakziIIa\n|j|\u2606tastytjuice\n|t:|1776310032\n|gametype|doubles\n|player|p1|freakziIIa|swimmer|1305\n|player|p2|tastytjuice|1|1324\n|gen|9\n|tier|[Gen 9 Champions] VGC 2026 Reg M-A\n|rated|\n|rule|Species Clause: Limit one of each Pok\u00e9mon\n|rule|Item Clause: Limit 1 of each item\n|clearpoke\n|poke|p1|Tyranitar, L50, M|\n|poke|p1|Sinistcha, L50|\n|poke|p1|Rotom-Wash, L50|\n|poke|p1|Sylveon, L50, F|\n|poke|p1|Garchomp, L50, M|\n|poke|p1|Lycanroc, L50, M|\n|poke|p2|Tyranitar, L50, F|\n|poke|p2|Excadrill, L50, M|\n|poke|p2|Incineroar, L50, M|\n|poke|p2|Rotom-Wash, L50|\n|poke|p2|Basculegion, L50, M|\n|poke|p2|Milotic, L50, F|\n|teampreview|4\n|inactive|Battle timer is ON: inactive players will automatically lose when time's up. (requested by freakziIIa)\n|inactive|freakziIIa has 60 seconds left.\n|inactive|tastytjuice has 60 seconds left.\n|inactive|freakziIIa has 30 seconds left.\n|\n|t:|1776310095\n|teamsize|p1|4\n|teamsize|p2|4\n|start\n|switch|p1a: Sinistcha|Sinistcha, L50|100/100\n|switch|p1b: Rotom|Rotom-Wash, L50, shiny|100/100\n|switch|p2a: Rotom|Rotom-Wash, L50|100/100\n|switch|p2b: Milotic|Milotic, L50, F, shiny|100/100\n|turn|1\n|\n|t:|1776310117\n|move|p1b: Rotom|Thunderbolt|p2b: Milotic\n|-supereffective|p2b: Milotic|1\n|-damage|p2b: Milotic|52/100\n|move|p2a: Rotom|Thunderbolt|p1b: Rotom\n|-damage|p1b: Rotom|67/100\n|move|p2b: Milotic|Icy Wind|p1b: Rotom|[spread] p1a\n|-miss|p2b: Milotic|p1b: Rotom\n|-supereffective|p1a: Sinistcha|1\n|-damage|p1a: Sinistcha|76/100\n|-unboost|p1a: Sinistcha|spe|1\n|move|p1a: Sinistcha|Trick Room|p1a: Sinistcha\n|-fieldstart|move: Trick Room|[of] p1a: Sinistcha\n|\n|-heal|p2b: Milotic|58/100|[from] item: Leftovers\n|upkeep\n|turn|2\n|j| CARtu348rjf90\n|\n|t:|1776310142\n|switch|p2a: Incineroar|Incineroar, L50, M|100/100\n|-ability|p2a: Incineroar|Intimidate|boost\n|-unboost|p1a: Sinistcha|atk|1\n|-unboost|p1b: Rotom|atk|1\n|move|p2b: Milotic|Protect|p2b: Milotic\n|-singleturn|p2b: Milotic|Protect\n|move|p1a: Sinistcha|Matcha Gotcha|p2a: Incineroar|[spread] p2a\n|-activate|p2b: Milotic|move: Protect\n|-resisted|p2a: Incineroar|1\n|-damage|p2a: Incineroar|92/100\n|-heal|p1a: Sinistcha|82/100|[from] drain|[of] p2a: Incineroar\n|move|p1b: Rotom|Thunderbolt|p2b: Milotic\n|-activate|p2b: Milotic|move: Protect\n|\n|-heal|p2b: Milotic|64/100|[from] item: Leftovers\n|upkeep\n|turn|3\n|l| CARtu348rjf90\n|\n|t:|1776310162\n|switch|p1a: Tyranitar|Tyranitar, L50, M|100/100\n|-weather|Sandstorm|[from] ability: Sand Stream|[of] p1a: Tyranitar\n|switch|p2b: Rotom|Rotom-Wash, L50|100/100\n|move|p2a: Incineroar|Fake Out|p1b: Rotom\n|-damage|p1b: Rotom|57/100\n|cant|p1b: Rotom|flinch\n|\n|-weather|Sandstorm|[upkeep]\n|-damage|p2a: Incineroar|86/100|[from] Sandstorm\n|-damage|p1b: Rotom|51/100|[from] Sandstorm\n|-damage|p2b: Rotom|95/100|[from] Sandstorm\n|upkeep\n|turn|4\n|inactive|tastytjuice has 30 seconds left.\n|inactive|tastytjuice has 20 seconds left.\n|\n|t:|1776310198\n|move|p2a: Incineroar|Parting Shot|p1b: Rotom\n|-unboost|p1b: Rotom|atk|1\n|-unboost|p1b: Rotom|spa|1\n|\n|t:|1776310203\n|switch|p2a: Milotic|Milotic, L50, F, shiny|64/100|[from] Parting Shot\n|move|p1a: Tyranitar|Rock Slide|p2b: Rotom|[spread] p2a,p2b\n|-damage|p2a: Milotic|32/100\n|-damage|p2b: Rotom|62/100\n|move|p1b: Rotom|Hydro Pump|p2a: Milotic\n|-resisted|p2a: Milotic|1\n|-damage|p2a: Milotic|22/100\n|move|p2b: Rotom|Will-O-Wisp|p1a: Tyranitar\n|-status|p1a: Tyranitar|brn\n|\n|-weather|Sandstorm|[upkeep]\n|-damage|p2a: Milotic|16/100|[from] Sandstorm\n|-damage|p1b: Rotom|45/100|[from] Sandstorm\n|-damage|p2b: Rotom|57/100|[from] Sandstorm\n|-enditem|p1b: Rotom|Sitrus Berry|[eat]\n|-heal|p1b: Rotom|70/100|[from] item: Sitrus Berry\n|-heal|p2a: Milotic|22/100|[from] item: Leftovers\n|-damage|p1a: Tyranitar|95/100 brn|[from] brn\n|upkeep\n|turn|5\n|inactive|freakziIIa has 30 seconds left.\n|inactive|tastytjuice has 30 seconds left.\n|\n|t:|1776310229\n|move|p1a: Tyranitar|Rock Slide|p2b: Rotom|[spread] p2a,p2b\n|-damage|p2a: Milotic|6/100\n|-damage|p2b: Rotom|37/100\n|move|p2a: Milotic|Recover|p2a: Milotic\n|-heal|p2a: Milotic|56/100\n|move|p1b: Rotom|Volt Switch|p2a: Milotic\n|-supereffective|p2a: Milotic|1\n|-damage|p2a: Milotic|29/100\n|\n|t:|1776310237\n|switch|p1b: Sinistcha|Sinistcha, L50|82/100|[from] Volt Switch\n|-heal|p1a: Tyranitar|100/100 brn|[from] ability: Hospitality|[of] p1b: Sinistcha\n|move|p2b: Rotom|Hydro Pump|p1a: Tyranitar\n|-supereffective|p1a: Tyranitar|1\n|-damage|p1a: Tyranitar|53/100 brn\n|\n|-weather|Sandstorm|[upkeep]\n|-damage|p1b: Sinistcha|76/100|[from] Sandstorm\n|-damage|p2a: Milotic|23/100|[from] Sandstorm\n|-damage|p2b: Rotom|32/100|[from] Sandstorm\n|-heal|p2a: Milotic|29/100|[from] item: Leftovers\n|-damage|p1a: Tyranitar|48/100 brn|[from] brn\n|-fieldend|move: Trick Room\n|upkeep\n|turn|6\n|\n|t:|1776310259\n|switch|p1a: Rotom|Rotom-Wash, L50, shiny|70/100\n|move|p2b: Rotom|Will-O-Wisp|p1b: Sinistcha\n|-status|p1b: Sinistcha|brn\n|move|p2a: Milotic|Recover|p2a: Milotic\n|-heal|p2a: Milotic|79/100\n|move|p1b: Sinistcha|Trick Room|p1b: Sinistcha\n|-fieldstart|move: Trick Room|[of] p1b: Sinistcha\n|\n|-weather|Sandstorm|[upkeep]\n|-damage|p1b: Sinistcha|70/100 brn|[from] Sandstorm\n|-damage|p2a: Milotic|73/100|[from] Sandstorm\n|-damage|p2b: Rotom|26/100|[from] Sandstorm\n|-damage|p1a: Rotom|64/100|[from] Sandstorm\n|-heal|p2a: Milotic|79/100|[from] item: Leftovers\n|-damage|p1b: Sinistcha|64/100 brn|[from] brn\n|upkeep\n|turn|7\n|inactive|tastytjuice has 30 seconds left.\n|\n|t:|1776310291\n|switch|p2a: Incineroar|Incineroar, L50, M|86/100\n|-ability|p2a: Incineroar|Intimidate|boost\n|-unboost|p1a: Rotom|atk|1\n|-unboost|p1b: Sinistcha|atk|1\n|move|p1b: Sinistcha|Matcha Gotcha|p2a: Incineroar|[spread] p2b\n|-miss|p1b: Sinistcha|p2a: Incineroar\n|-supereffective|p2b: Rotom|1\n|-enditem|p2b: Rotom|Rindo Berry|[eat]\n|-enditem|p2b: Rotom|Rindo Berry|[weaken]\n|-damage|p2b: Rotom|8/100\n|-heal|p1b: Sinistcha|73/100 brn|[from] drain|[of] p2b: Rotom\n|-status|p2b: Rotom|brn\n|move|p2b: Rotom|Volt Switch|p1a: Rotom\n|-damage|p1a: Rotom|35/100\n|inactive|tastytjuice has 30 seconds left.\n|\n|t:|1776310321\n|switch|p2b: Milotic|Milotic, L50, F, shiny|79/100|[from] Volt Switch\n|move|p1a: Rotom|Thunderbolt|p2b: Milotic\n|-supereffective|p2b: Milotic|1\n|-damage|p2b: Milotic|31/100\n|\n|-weather|none\n|-heal|p2b: Milotic|37/100|[from] item: Leftovers\n|-damage|p1b: Sinistcha|67/100 brn|[from] brn\n|upkeep\n|turn|8\n|\n|t:|1776310339\n|move|p1a: Rotom|Protect|p1a: Rotom\n|-singleturn|p1a: Rotom|Protect\n|move|p2a: Incineroar|Fake Out|p1a: Rotom\n|-activate|p1a: Rotom|move: Protect\n|move|p1b: Sinistcha|Matcha Gotcha|p2a: Incineroar|[spread] p2a,p2b\n|-resisted|p2a: Incineroar|1\n|-supereffective|p2b: Milotic|1\n|-damage|p2a: Incineroar|77/100\n|-heal|p1b: Sinistcha|73/100 brn|[from] drain|[of] p2a: Incineroar\n|-damage|p2b: Milotic|10/100\n|-heal|p1b: Sinistcha|92/100 brn|[from] drain|[of] p2b: Milotic\n|move|p2b: Milotic|Recover|p2b: Milotic\n|-heal|p2b: Milotic|60/100\n|\n|-heal|p2b: Milotic|66/100|[from] item: Leftovers\n|-damage|p1b: Sinistcha|85/100 brn|[from] brn\n|upkeep\n|turn|9\n|\n|t:|1776310362\n|move|p2b: Milotic|Protect|p2b: Milotic\n|-singleturn|p2b: Milotic|Protect\n|move|p2a: Incineroar|Flare Blitz|p1b: Sinistcha\n|-supereffective|p1b: Sinistcha|1\n|-damage|p1b: Sinistcha|0 fnt\n|faint|p1b: Sinistcha\n|-damage|p2a: Incineroar|56/100|[from] Recoil\n|move|p1a: Rotom|Thunderbolt|p2b: Milotic\n|-activate|p2b: Milotic|move: Protect\n|\n|-heal|p2b: Milotic|72/100|[from] item: Leftovers\n|upkeep\n|\n|t:|1776310374\n|switch|p1b: Tyranitar|Tyranitar, L50, M|48/100 brn\n|-weather|Sandstorm|[from] ability: Sand Stream|[of] p1b: Tyranitar\n|turn|10\n|\n|t:|1776310386\n|move|p1b: Tyranitar|Earthquake|p2a: Incineroar|[spread] p2a,p2b\n|-immune|p1a: Rotom|[from] ability: Levitate\n|-supereffective|p2a: Incineroar|1\n|-damage|p2a: Incineroar|29/100\n|-damage|p2b: Milotic|57/100\n|-enditem|p2a: Incineroar|Sitrus Berry|[eat]\n|-heal|p2a: Incineroar|54/100|[from] item: Sitrus Berry\n|move|p2a: Incineroar|Parting Shot|p1a: Rotom\n|-unboost|p1a: Rotom|atk|1\n|-unboost|p1a: Rotom|spa|1\n|\n|t:|1776310400\n|switch|p2a: Basculegion|Basculegion, L50, M|100/100|[from] Parting Shot\n|move|p2b: Milotic|Recover|p2b: Milotic\n|-heal|p2b: Milotic|100/100\n|move|p1a: Rotom|Hydro Pump|p2a: Basculegion\n|-resisted|p2a: Basculegion|1\n|-damage|p2a: Basculegion|81/100\n|\n|-weather|Sandstorm|[upkeep]\n|-damage|p2b: Milotic|95/100|[from] Sandstorm\n|-damage|p1a: Rotom|29/100|[from] Sandstorm\n|-damage|p2a: Basculegion|75/100|[from] Sandstorm\n|-heal|p2b: Milotic|100/100|[from] item: Leftovers\n|-damage|p1b: Tyranitar|42/100 brn|[from] brn\n|-fieldend|move: Trick Room\n|upkeep\n|turn|11\n|inactive|tastytjuice has 30 seconds left.\n|\n|t:|1776310428\n|move|p2a: Basculegion|Wave Crash|p1b: Tyranitar\n|-supereffective|p1b: Tyranitar|1\n|-damage|p1b: Tyranitar|0 fnt\n|faint|p1b: Tyranitar\n|-damage|p2a: Basculegion|62/100|[from] Recoil\n|move|p1a: Rotom|Thunderbolt|p2a: Basculegion\n|-supereffective|p2a: Basculegion|1\n|-damage|p2a: Basculegion|0 fnt\n|faint|p2a: Basculegion\n|move|p2b: Milotic|Scald|p1a: Rotom\n|-resisted|p1a: Rotom|1\n|-damage|p1a: Rotom|14/100\n|-status|p1a: Rotom|brn\n|\n|-weather|Sandstorm|[upkeep]\n|-damage|p1a: Rotom|8/100 brn|[from] Sandstorm\n|-damage|p2b: Milotic|95/100|[from] Sandstorm\n|-heal|p2b: Milotic|100/100|[from] item: Leftovers\n|-damage|p1a: Rotom|2/100 brn|[from] brn\n|upkeep\n|\n|t:|1776310445\n|switch|p2a: Incineroar|Incineroar, L50, M|54/100\n|switch|p1b: Garchomp|Garchomp, L50, M|100/100\n|-ability|p2a: Incineroar|Intimidate|boost\n|-unboost|p1a: Rotom|atk|1\n|-unboost|p1b: Garchomp|atk|1\n|turn|12\n|\n|t:|1776310459\n|detailschange|p1b: Garchomp|Garchomp-Mega, L50, M\n|-mega|p1b: Garchomp|Garchomp|Garchompite\n|move|p2a: Incineroar|Fake Out|p1a: Rotom\n|-damage|p1a: Rotom|0 fnt\n|faint|p1a: Rotom\n|move|p1b: Garchomp|Earthquake|p2a: Incineroar|[spread] p2a,p2b\n|-supereffective|p2a: Incineroar|1\n|-damage|p2a: Incineroar|0 fnt\n|-damage|p2b: Milotic|54/100\n|faint|p2a: Incineroar\n|move|p2b: Milotic|Icy Wind|p1b: Garchomp\n|-supereffective|p1b: Garchomp|2\n|-damage|p1b: Garchomp|61/100\n|-unboost|p1b: Garchomp|spe|1\n|\n|-weather|Sandstorm|[upkeep]\n|-damage|p2b: Milotic|49/100|[from] Sandstorm\n|-heal|p2b: Milotic|54/100|[from] item: Leftovers\n|upkeep\n|\n|t:|1776310473\n|switch|p2a: Rotom|Rotom-Wash, L50|8/100 brn\n|turn|13\n|\n|t:|1776310484\n|move|p2a: Rotom|Will-O-Wisp|p1b: Garchomp\n|-status|p1b: Garchomp|brn\n|move|p2b: Milotic|Recover|p2b: Milotic\n|-heal|p2b: Milotic|100/100\n|move|p1b: Garchomp|Rock Slide|p2a: Rotom|[spread] p2a,p2b\n|-damage|p2a: Rotom|0 fnt\n|-damage|p2b: Milotic|89/100\n|faint|p2a: Rotom\n|\n|-weather|Sandstorm|[upkeep]\n|-damage|p2b: Milotic|83/100|[from] Sandstorm\n|-heal|p2b: Milotic|89/100|[from] item: Leftovers\n|-damage|p1b: Garchomp|55/100 brn|[from] brn\n|upkeep\n|turn|14\n|\n|t:|1776310499\n|move|p2b: Milotic|Icy Wind|p1b: Garchomp\n|-supereffective|p1b: Garchomp|2\n|-damage|p1b: Garchomp|11/100 brn\n|-unboost|p1b: Garchomp|spe|1\n|move|p1b: Garchomp|Earthquake|p2b: Milotic\n|-damage|p2b: Milotic|59/100\n|\n|-weather|none\n|-heal|p2b: Milotic|65/100|[from] item: Leftovers\n|-damage|p1b: Garchomp|5/100 brn|[from] brn\n|upkeep\n|turn|15\n|c|\u2606tastytjuice|lol ggs\n|\n|t:|1776310513\n|move|p2b: Milotic|Scald|p1b: Garchomp\n|-damage|p1b: Garchomp|0 fnt\n|faint|p1b: Garchomp\n|\n|win|tastytjuice\n|raw|freakziIIa's rating: 1305 &rarr; <strong>1286</strong><br />(-19 for losing)\n|raw|tastytjuice's rating: 1324 &rarr; <strong>1343</strong><br />(+19 for winning)\n|l|\u2606freakziIIa\n|player|p1|\n",
  "uploadtime": 1776310521,
  "views": 47,
  "formatid": "gen9championsvgc2026regma",
  "rating": 1286,
  "private": 0,
  "password": null
}