{
  "id": "gen9championsvgc2026regma-2586023025",
  "format": "[Gen 9 Champions] VGC 2026 Reg M-A",
  "players": [
    "senorpotatono",
    "politoed migration"
  ],
  "log": "|j|\u2606senorpotatono\n|j|\u2606politoed migration\n|t:|1776391197\n|gametype|doubles\n|player|p1|senorpotatono|elesa|1053\n|player|p2|politoed migration|roxanne|1146\n|gen|9\n|tier|[Gen 9 Champions] VGC 2026 Reg M-A\n|rated|\n|rule|Species Clause: Limit one of each Pok\u00e9mon\n|rule|Item Clause: Limit 1 of each item\n|clearpoke\n|poke|p1|Incineroar, L50, M|\n|poke|p1|Scizor, L50, M|\n|poke|p1|Sinistcha, L50|\n|poke|p1|Pelipper, L50, M|\n|poke|p1|Basculegion, L50, M|\n|poke|p1|Aegislash, L50, M|\n|poke|p2|Aggron, L50, F|\n|poke|p2|Sinistcha-Masterpiece, L50|\n|poke|p2|Pelipper, L50, M|\n|poke|p2|Incineroar, L50, M|\n|poke|p2|Archaludon, L50, M|\n|poke|p2|Sneasler, L50, M|\n|teampreview|4\n|inactive|Battle timer is ON: inactive players will automatically lose when time's up. (requested by politoed migration)\n|\n|t:|1776391219\n|teamsize|p1|4\n|teamsize|p2|4\n|start\n|switch|p1a: Basculegion|Basculegion, L50, M|100/100\n|switch|p1b: Aegislash|Aegislash, L50, M|100/100\n|switch|p2a: Incineroar|Incineroar, L50, M|100/100\n|switch|p2b: Aggron|Aggron, L50, F|100/100\n|-ability|p2a: Incineroar|Intimidate|boost\n|-unboost|p1a: Basculegion|atk|1\n|-unboost|p1b: Aegislash|atk|1\n|turn|1\n|\n|t:|1776391233\n|switch|p1a: Incineroar|Incineroar, L50, M|100/100\n|-ability|p1a: Incineroar|Intimidate|boost\n|-unboost|p2a: Incineroar|atk|1\n|-unboost|p2b: Aggron|atk|1\n|detailschange|p2b: Aggron|Aggron-Mega, L50, F\n|-mega|p2b: Aggron|Aggron|Aggronite\n|move|p1b: Aegislash|King's Shield|p1b: Aegislash\n|-singleturn|p1b: Aegislash|Protect\n|move|p2a: Incineroar|Parting Shot|p1a: Incineroar\n|-unboost|p1a: Incineroar|atk|1\n|-unboost|p1a: Incineroar|spa|1\n|\n|t:|1776391245\n|switch|p2a: Archaludon|Archaludon, L50, M|100/100|[from] Parting Shot\n|move|p2b: Aggron|Iron Defense|p2b: Aggron\n|-boost|p2b: Aggron|def|2\n|\n|upkeep\n|turn|2\n|inactive|senorpotatono has 30 seconds left.\n|\n|t:|1776391273\n|switch|p1b: Scizor|Scizor, L50, M|100/100\n|move|p2a: Archaludon|Dragon Pulse|p1a: Incineroar\n|-damage|p1a: Incineroar|72/100\n|move|p1a: Incineroar|Will-O-Wisp|p2b: Aggron\n|-status|p2b: Aggron|brn\n|move|p2b: Aggron|Heavy Slam|p1b: Scizor\n|-resisted|p1b: Scizor|1\n|-damage|p1b: Scizor|94/100\n|\n|-damage|p2b: Aggron|94/100 brn|[from] brn\n|upkeep\n|turn|3\n|\n|t:|1776391293\n|detailschange|p1b: Scizor|Scizor-Mega, L50, M\n|-mega|p1b: Scizor|Scizor|Scizorite\n|move|p2a: Archaludon|Dragon Pulse|p1a: Incineroar\n|-damage|p1a: Incineroar|44/100\n|move|p1b: Scizor|Knock Off|p2a: Archaludon\n|-damage|p2a: Archaludon|71/100\n|-ability|p2a: Archaludon|Stamina|boost\n|-boost|p2a: Archaludon|def|1\n|-enditem|p2a: Archaludon|Mental Herb|[from] move: Knock Off|[of] p1b: Scizor\n|move|p1a: Incineroar|Parting Shot|p2a: Archaludon\n|-unboost|p2a: Archaludon|atk|1\n|-unboost|p2a: Archaludon|spa|1\n|\n|t:|1776391309\n|switch|p1a: Aegislash|Aegislash, L50, M|100/100|[from] Parting Shot\n|move|p2b: Aggron|Body Press|p1b: Scizor\n|-damage|p1b: Scizor|63/100\n|\n|-damage|p2b: Aggron|88/100 brn|[from] brn\n|upkeep\n|turn|4\n|\n|t:|1776391328\n|switch|p2a: Incineroar|Incineroar, L50, M|100/100\n|-ability|p2a: Incineroar|Intimidate|boost\n|-unboost|p1a: Aegislash|atk|1\n|-unboost|p1b: Scizor|atk|1\n|move|p1a: Aegislash|King's Shield|p1a: Aegislash\n|-singleturn|p1a: Aegislash|Protect\n|move|p1b: Scizor|U-turn|p2a: Incineroar\n|-damage|p2a: Incineroar|75/100\n|\n|t:|1776391336\n|switch|p1b: Incineroar|Incineroar, L50, M|44/100|[from] U-turn\n|-ability|p1b: Incineroar|Intimidate|boost\n|-unboost|p2a: Incineroar|atk|1\n|-unboost|p2b: Aggron|atk|1\n|move|p2b: Aggron|Iron Defense|p2b: Aggron\n|-boost|p2b: Aggron|def|2\n|\n|-damage|p2b: Aggron|82/100 brn|[from] brn\n|upkeep\n|turn|5\n|inactive|politoed migration has 30 seconds left.\n|\n|t:|1776391362\n|move|p2a: Incineroar|Flare Blitz|p1a: Aegislash\n|-supereffective|p1a: Aegislash|1\n|-damage|p1a: Aegislash|39/100\n|-damage|p2a: Incineroar|58/100|[from] Recoil\n|move|p1b: Incineroar|Close Combat|p2a: Incineroar\n|-supereffective|p2a: Incineroar|1\n|-damage|p2a: Incineroar|0 fnt\n|-unboost|p1b: Incineroar|def|1\n|-unboost|p1b: Incineroar|spd|1\n|faint|p2a: Incineroar\n|-formechange|p1a: Aegislash|Aegislash-Blade|\n|move|p1a: Aegislash|Iron Head|p2b: Aggron\n|-resisted|p2b: Aggron|1\n|-damage|p2b: Aggron|78/100 brn\n|move|p2b: Aggron|Iron Defense|p2b: Aggron\n|-boost|p2b: Aggron|def|2\n|\n|-damage|p2b: Aggron|72/100 brn|[from] brn\n|upkeep\n|inactive|politoed migration has 30 seconds left.\n|\n|t:|1776391390\n|switch|p2a: Sinistcha|Sinistcha-Masterpiece, L50|100/100\n|-heal|p2b: Aggron|97/100 brn|[from] ability: Hospitality|[of] p2a: Sinistcha\n|turn|6\n|\n|t:|1776391406\n|move|p1a: Aegislash|Shadow Sneak|p2a: Sinistcha\n|-supereffective|p2a: Sinistcha|1\n|-damage|p2a: Sinistcha|79/100\n|move|p2a: Sinistcha|Matcha Gotcha|p1b: Incineroar|[spread] p1a,p1b\n|-resisted|p1a: Aegislash|1\n|-resisted|p1b: Incineroar|1\n|-damage|p1a: Aegislash|19/100\n|-heal|p2a: Sinistcha|89/100|[from] drain|[of] p1a: Aegislash\n|-damage|p1b: Incineroar|28/100\n|-heal|p2a: Sinistcha|98/100|[from] drain|[of] p1b: Incineroar\n|-status|p1a: Aegislash|brn\n|move|p1b: Incineroar|Darkest Lariat|p2a: Sinistcha\n|-supereffective|p2a: Sinistcha|1\n|-damage|p2a: Sinistcha|43/100\n|move|p2b: Aggron|Body Press|p1b: Incineroar\n|-supereffective|p1b: Incineroar|1\n|-enditem|p1b: Incineroar|Chople Berry|[eat]\n|-enditem|p1b: Incineroar|Chople Berry|[weaken]\n|-damage|p1b: Incineroar|0 fnt\n|faint|p1b: Incineroar\n|\n|-heal|p2a: Sinistcha|49/100|[from] item: Leftovers\n|-damage|p1a: Aegislash|13/100 brn|[from] brn\n|-damage|p2b: Aggron|91/100 brn|[from] brn\n|upkeep\n|\n|t:|1776391428\n|switch|p1b: Scizor|Scizor-Mega, L50, M|63/100\n|turn|7\n|\n|t:|1776391436\n|move|p1a: Aegislash|Shadow Sneak|p2a: Sinistcha\n|-supereffective|p2a: Sinistcha|1\n|-damage|p2a: Sinistcha|37/100\n|move|p1b: Scizor|Knock Off|p2a: Sinistcha\n|-supereffective|p2a: Sinistcha|1\n|-damage|p2a: Sinistcha|0 fnt\n|-enditem|p2a: Sinistcha|Leftovers|[from] move: Knock Off|[of] p1b: Scizor\n|faint|p2a: Sinistcha\n|move|p2b: Aggron|Body Press|p1b: Scizor\n|-damage|p1b: Scizor|10/100\n|\n|-damage|p1a: Aegislash|7/100 brn|[from] brn\n|-damage|p2b: Aggron|85/100 brn|[from] brn\n|upkeep\n|\n|t:|1776391455\n|switch|p2a: Archaludon|Archaludon, L50, M|71/100\n|turn|8\n|\n|t:|1776391468\n|move|p1b: Scizor|Bullet Punch|p2a: Archaludon\n|-resisted|p2a: Archaludon|1\n|-damage|p2a: Archaludon|59/100\n|-ability|p2a: Archaludon|Stamina|boost\n|-boost|p2a: Archaludon|def|1\n|move|p1a: Aegislash|Shadow Sneak|p2a: Archaludon\n|-damage|p2a: Archaludon|55/100\n|-ability|p2a: Archaludon|Stamina|boost\n|-boost|p2a: Archaludon|def|1\n|move|p2a: Archaludon|Dragon Pulse|p1a: Aegislash\n|-resisted|p1a: Aegislash|1\n|-damage|p1a: Aegislash|0 fnt\n|faint|p1a: Aegislash\n|move|p2b: Aggron|Body Press|p1b: Scizor\n|-damage|p1b: Scizor|0 fnt\n|faint|p1b: Scizor\n|\n|-damage|p2b: Aggron|78/100 brn|[from] brn\n|upkeep\n|\n|t:|1776391484\n|switch|p1b: Basculegion|Basculegion, L50, M|100/100\n|turn|9\n|\n|t:|1776391492\n|move|p2a: Archaludon|Dragon Pulse|p1b: Basculegion\n|-damage|p1b: Basculegion|67/100\n|move|p1b: Basculegion|Last Respects|p2a: Archaludon\n|-damage|p2a: Archaludon|18/100\n|-ability|p2a: Archaludon|Stamina|boost\n|-boost|p2a: Archaludon|def|1\n|move|p2b: Aggron|Heavy Slam|p1b: Basculegion\n|-resisted|p1b: Basculegion|1\n|-damage|p1b: Basculegion|62/100\n|\n|-damage|p2b: Aggron|72/100 brn|[from] brn\n|upkeep\n|turn|10\n|\n|t:|1776391503\n|move|p2a: Archaludon|Protect|p2a: Archaludon\n|-singleturn|p2a: Archaludon|Protect\n|move|p1b: Basculegion|Last Respects|p2a: Archaludon\n|-activate|p2a: Archaludon|move: Protect\n|move|p2b: Aggron|Heavy Slam|p1b: Basculegion\n|-resisted|p1b: Basculegion|1\n|-damage|p1b: Basculegion|56/100\n|\n|-damage|p2b: Aggron|66/100 brn|[from] brn\n|upkeep\n|turn|11\n|\n|t:|1776391513\n|move|p2a: Archaludon|Protect||[still]\n|-fail|p2a: Archaludon\n|move|p1b: Basculegion|Last Respects|p2a: Archaludon\n|-damage|p2a: Archaludon|0 fnt\n|faint|p2a: Archaludon\n|move|p2b: Aggron|Heavy Slam|p1b: Basculegion\n|-resisted|p1b: Basculegion|1\n|-damage|p1b: Basculegion|52/100\n|\n|-damage|p2b: Aggron|60/100 brn|[from] brn\n|upkeep\n|turn|12\n|\n|t:|1776391525\n|move|p1b: Basculegion|Last Respects|p2b: Aggron\n|-damage|p2b: Aggron|47/100 brn\n|move|p2b: Aggron|Heavy Slam|p1b: Basculegion\n|-resisted|p1b: Basculegion|1\n|-damage|p1b: Basculegion|46/100\n|-enditem|p1b: Basculegion|Sitrus Berry|[eat]\n|-heal|p1b: Basculegion|71/100|[from] item: Sitrus Berry\n|\n|-damage|p2b: Aggron|41/100 brn|[from] brn\n|upkeep\n|turn|13\n|\n|t:|1776391535\n|move|p1b: Basculegion|Last Respects|p2b: Aggron\n|-damage|p2b: Aggron|27/100 brn\n|move|p2b: Aggron|Heavy Slam|p2: Archaludon|[notarget]\n|-fail|p2b: Aggron\n|\n|-damage|p2b: Aggron|21/100 brn|[from] brn\n|upkeep\n|turn|14\n|inactive|politoed migration has 30 seconds left.\n|\n|t:|1776391564\n|move|p1b: Basculegion|Last Respects|p2b: Aggron\n|-damage|p2b: Aggron|8/100 brn\n|move|p2b: Aggron|Heavy Slam|p1b: Basculegion\n|-resisted|p1b: Basculegion|1\n|-damage|p1b: Basculegion|66/100\n|\n|-damage|p2b: Aggron|2/100 brn|[from] brn\n|upkeep\n|turn|15\n|\n|t:|1776391573\n|move|p1b: Basculegion|Wave Crash|p2b: Aggron\n|-damage|p2b: Aggron|0 fnt\n|faint|p2b: Aggron\n|-damage|p1b: Basculegion|66/100|[from] Recoil\n|\n|win|senorpotatono\n|raw|senorpotatono's rating: 1053 &rarr; <strong>1093</strong><br />(+40 for winning)\n|raw|politoed migration's rating: 1146 &rarr; <strong>1114</strong><br />(-32 for losing)\n|l|\u2606politoed migration\n|player|p2|\n",
  "uploadtime": 1776391580,
  "views": 29,
  "formatid": "gen9championsvgc2026regma",
  "rating": 1093,
  "private": 0,
  "password": null
}