{
  "id": "gen9championsvgc2026regma-2580948257",
  "format": "[Gen 9 Champions] VGC 2026 Reg M-A",
  "players": [
    "Poglu",
    "The Bongo Time"
  ],
  "log": "|j|\u2606Poglu\n|j|\u2606The Bongo Time\n|t:|1775945823\n|gametype|doubles\n|player|p1|Poglu|caitlin|1091\n|player|p2|The Bongo Time|janitor|1184\n|gen|9\n|tier|[Gen 9 Champions] VGC 2026 Reg M-A\n|rated|\n|rule|Species Clause: Limit one of each Pok\u00e9mon\n|rule|Item Clause: Limit 1 of each item\n|clearpoke\n|poke|p1|Aegislash, L50, M|\n|poke|p1|Delphox, L50, F|\n|poke|p1|Garchomp, L50, M|\n|poke|p1|Talonflame, L50, M|\n|poke|p1|Sinistcha, L50|\n|poke|p1|Floette-Eternal, L50, F|\n|poke|p2|Tyranitar, L50, F|\n|poke|p2|Excadrill, L50, F|\n|poke|p2|Aerodactyl, L50, M|\n|poke|p2|Floette-Eternal, L50, F|\n|poke|p2|Aegislash, L50, M|\n|poke|p2|Incineroar, L50, M|\n|teampreview|4\nThe Bongo Time has agreed to open team sheets.\n|inactive|Battle timer is ON: inactive players will automatically lose when time's up. (requested by The Bongo Time)\n|c|\u2606The Bongo Time|g;hf\n|\n|t:|1775945874\n|teamsize|p1|4\n|teamsize|p2|4\n|start\n|switch|p1a: Talonflame|Talonflame, L50, M|100/100\n|switch|p1b: Garchomp|Garchomp, L50, M|100/100\n|switch|p2a: Incineroar|Incineroar, L50, M|100/100\n|switch|p2b: Murder Hornet|Aerodactyl, L50, M|100/100\n|-ability|p2a: Incineroar|Intimidate|boost\n|-unboost|p1a: Talonflame|atk|1\n|-unboost|p1b: Garchomp|atk|1\n|turn|1\n|\n|t:|1775945892\n|switch|p1a: Aegislash|Aegislash, L50, M|100/100\n|move|p2a: Incineroar|Fake Out|p1b: Garchomp\n|-damage|p1b: Garchomp|90/100\n|-damage|p2a: Incineroar|88/100|[from] ability: Rough Skin|[of] p1b: Garchomp\n|move|p2b: Murder Hornet|Tailwind|p2b: Murder Hornet\n|-sidestart|p2: The Bongo Time|move: Tailwind\n|cant|p1b: Garchomp|flinch\n|\n|upkeep\n|turn|2\n|inactive|The Bongo Time has 30 seconds left.\n|\n|t:|1775945918\n|switch|p2b: Godzillatar|Tyranitar, L50, F|100/100\n|-weather|Sandstorm|[from] ability: Sand Stream|[of] p2b: Godzillatar\n|move|p1a: Aegislash|King's Shield|p1a: Aegislash\n|-singleturn|p1a: Aegislash|Protect\n|move|p1b: Garchomp|Rock Slide|p2b: Godzillatar|[spread] p2a,p2b\n|-supereffective|p2a: Incineroar|1\n|-damage|p2a: Incineroar|63/100\n|-damage|p2b: Godzillatar|89/100\n|cant|p2a: Incineroar|flinch\n|\n|-weather|Sandstorm|[upkeep]\n|-damage|p2a: Incineroar|57/100|[from] Sandstorm\n|upkeep\n|turn|3\n|\n|t:|1775945941\n|switch|p1b: Sinistcha|Sinistcha, L50|100/100\n|switch|p2a: ASMWW2J|Excadrill, L50, F|100/100\n|detailschange|p2b: Godzillatar|Tyranitar-Mega, L50, F\n|-mega|p2b: Godzillatar|Tyranitar|Tyranitarite\n|move|p2b: Godzillatar|Crunch|p1a: Aegislash\n|-supereffective|p1a: Aegislash|1\n|-damage|p1a: Aegislash|9/100\n|-formechange|p1a: Aegislash|Aegislash-Blade|\n|move|p1a: Aegislash|Iron Head|p2b: Godzillatar\n|-supereffective|p2b: Godzillatar|1\n|-damage|p2b: Godzillatar|39/100\n|\n|-weather|Sandstorm|[upkeep]\n|-damage|p1b: Sinistcha|94/100|[from] Sandstorm\n|-heal|p1b: Sinistcha|100/100|[from] item: Leftovers\n|upkeep\n|turn|4\n|inactive|The Bongo Time has 30 seconds left.\n|\n|t:|1775945967\n|move|p1b: Sinistcha|Protect|p1b: Sinistcha\n|-singleturn|p1b: Sinistcha|Protect\n|-formechange|p1a: Aegislash|Aegislash|\n|move|p1a: Aegislash|King's Shield|p1a: Aegislash\n|-singleturn|p1a: Aegislash|Protect\n|move|p2a: ASMWW2J|Stomping Tantrum|p1a: Aegislash\n|-activate|p1a: Aegislash|move: Protect\n|-unboost|p2a: ASMWW2J|atk|1\n|move|p2b: Godzillatar|Crunch|p1b: Sinistcha\n|-activate|p1b: Sinistcha|move: Protect\n|\n|-weather|Sandstorm|[upkeep]\n|-damage|p1b: Sinistcha|94/100|[from] Sandstorm\n|-heal|p1b: Sinistcha|100/100|[from] item: Leftovers\n|-sideend|p2: The Bongo Time|move: Tailwind\n|upkeep\n|turn|5\n|inactive|Poglu has 30 seconds left.\n|\n|t:|1775945997\n|switch|p1b: Garchomp|Garchomp, L50, M|90/100\n|-formechange|p1a: Aegislash|Aegislash-Blade|\n|move|p1a: Aegislash|Shadow Sneak|p2a: ASMWW2J\n|-damage|p2a: ASMWW2J|65/100\n|move|p2a: ASMWW2J|Stomping Tantrum|p1a: Aegislash\n|-supereffective|p1a: Aegislash|1\n|-damage|p1a: Aegislash|0 fnt\n|faint|p1a: Aegislash\n|move|p2b: Godzillatar|Crunch|p1b: Garchomp|[miss]\n|-miss|p2b: Godzillatar|p1b: Garchomp\n|\n|-weather|Sandstorm|[upkeep]\n|upkeep\n|\n|t:|1775946008\n|switch|p1a: Talonflame|Talonflame, L50, M|100/100\n|turn|6\n|\n|t:|1775946030\n|switch|p2a: Incineroar|Incineroar, L50, M|57/100\n|-ability|p2a: Incineroar|Intimidate|boost\n|-unboost|p1a: Talonflame|atk|1\n|-unboost|p1b: Garchomp|atk|1\n|switch|p2b: Murder Hornet|Aerodactyl, L50, M|100/100\n|move|p1a: Talonflame|Tailwind|p1a: Talonflame\n|-sidestart|p1: Poglu|move: Tailwind\n|move|p1b: Garchomp|Earthquake|p2b: Murder Hornet|[spread] p2a\n|-immune|p1a: Talonflame\n|-immune|p2b: Murder Hornet\n|-supereffective|p2a: Incineroar|1\n|-damage|p2a: Incineroar|12/100\n|-enditem|p2a: Incineroar|Sitrus Berry|[eat]\n|-heal|p2a: Incineroar|37/100|[from] item: Sitrus Berry\n|\n|-weather|none\n|upkeep\n|turn|7\n|inactive|Poglu has 30 seconds left.\n|\n|t:|1775946059\n|move|p2a: Incineroar|Fake Out|p1a: Talonflame\n|-damage|p1a: Talonflame|85/100\n|cant|p1a: Talonflame|flinch\n|move|p1b: Garchomp|Earthquake|p2a: Incineroar|[spread] p2a\n|-immune|p1a: Talonflame\n|-immune|p2b: Murder Hornet\n|-supereffective|p2a: Incineroar|1\n|-damage|p2a: Incineroar|0 fnt\n|faint|p2a: Incineroar\n|move|p2b: Murder Hornet|Tailwind|p2b: Murder Hornet\n|-sidestart|p2: The Bongo Time|move: Tailwind\n|\n|upkeep\n|\n|t:|1775946069\n|switch|p2a: Godzillatar|Tyranitar-Mega, L50, F|39/100\n|-weather|Sandstorm|[from] ability: Sand Stream|[of] p2a: Godzillatar\n|turn|8\n|inactive|Poglu has 30 seconds left.\n|inactive|Poglu has 20 seconds left.\n|inactive|Poglu has 15 seconds left.\n|inactive|Poglu has 10 seconds left.\n|\n|t:|1775946118\n|move|p2a: Godzillatar|Protect|p2a: Godzillatar\n|-singleturn|p2a: Godzillatar|Protect\n|move|p2b: Murder Hornet|Rock Slide|p1b: Garchomp|[spread] p1a,p1b\n|-supereffective|p1a: Talonflame|2\n|-resisted|p1b: Garchomp|1\n|-damage|p1a: Talonflame|0 fnt\n|-damage|p1b: Garchomp|76/100\n|faint|p1a: Talonflame\n|cant|p1b: Garchomp|flinch\n|\n|-weather|Sandstorm|[upkeep]\n|upkeep\n|\n|t:|1775946122\n|switch|p1a: Sinistcha|Sinistcha, L50|100/100\n|-heal|p1b: Garchomp|100/100|[from] ability: Hospitality|[of] p1a: Sinistcha\n|turn|9\n|\n|t:|1775946143\n|move|p2b: Murder Hornet|Dual Wingbeat|p1a: Sinistcha\n|-supereffective|p1a: Sinistcha|1\n|-damage|p1a: Sinistcha|60/100\n|-supereffective|p1a: Sinistcha|1\n|-damage|p1a: Sinistcha|14/100\n|-hitcount|p1a: Sinistcha|2\n|move|p1b: Garchomp|Rock Slide|p2b: Murder Hornet|[spread] p2a,p2b\n|-supereffective|p2b: Murder Hornet|1\n|-crit|p2b: Murder Hornet\n|-damage|p2a: Godzillatar|31/100\n|-damage|p2b: Murder Hornet|9/100\n|move|p1a: Sinistcha|Matcha Gotcha|p2b: Murder Hornet|[spread] p2a\n|-miss|p1a: Sinistcha|p2b: Murder Hornet\n|-supereffective|p2a: Godzillatar|1\n|-damage|p2a: Godzillatar|5/100\n|-heal|p1a: Sinistcha|32/100|[from] drain|[of] p2a: Godzillatar\n|-status|p2a: Godzillatar|brn\n|move|p2a: Godzillatar|Crunch|p1b: Garchomp\n|-damage|p1b: Garchomp|74/100\n|-damage|p2a: Godzillatar|0 fnt|[from] ability: Rough Skin|[of] p1b: Garchomp\n|faint|p2a: Godzillatar\n|\n|-weather|Sandstorm|[upkeep]\n|-damage|p1a: Sinistcha|26/100|[from] Sandstorm\n|-heal|p1a: Sinistcha|32/100|[from] item: Leftovers\n|-sideend|p1: Poglu|move: Tailwind\n|upkeep\n|\n|t:|1775946152\n|switch|p2a: ASMWW2J|Excadrill, L50, F|65/100\n|turn|10\n|inactive|Poglu has 30 seconds left.\n|\n|t:|1775946183\n|move|p1a: Sinistcha|Protect|p1a: Sinistcha\n|-singleturn|p1a: Sinistcha|Protect\n|move|p2a: ASMWW2J|Iron Head|p1b: Garchomp\n|-damage|p1b: Garchomp|25/100\n|-damage|p2a: ASMWW2J|53/100|[from] ability: Rough Skin|[of] p1b: Garchomp\n|move|p2b: Murder Hornet|Dual Wingbeat|p1a: Sinistcha\n|-activate|p1a: Sinistcha|move: Protect\n|cant|p1b: Garchomp|flinch\n|\n|-weather|Sandstorm|[upkeep]\n|-damage|p1a: Sinistcha|26/100|[from] Sandstorm\n|-heal|p1a: Sinistcha|32/100|[from] item: Leftovers\n|-sideend|p2: The Bongo Time|move: Tailwind\n|upkeep\n|turn|11\n|c|\u2606The Bongo Time|ggwp you got robbed im so serious\n|inactive|Poglu has 30 seconds left.\n|inactive|Poglu has 20 seconds left.\n|inactive|Poglu has 15 seconds left.\n|inactive|Poglu has 10 seconds left.\n|c|\u2606Poglu|I mean its also bright power chomp so could be either way around xd\n|c|\u2606Poglu|gg\n|inactive|Poglu has 5 seconds left.\n|c|\u2606The Bongo Time|lol yeah\n|\n|t:|1775946238\n|move|p2a: ASMWW2J|Iron Head|p1b: Garchomp|[miss]\n|-miss|p2a: ASMWW2J|p1b: Garchomp\n|move|p2b: Murder Hornet|Dual Wingbeat|p1a: Sinistcha|[miss]\n|-miss|p2b: Murder Hornet|p1a: Sinistcha\n|move|p1b: Garchomp|Dragon Claw|p2b: Murder Hornet\n|-damage|p2b: Murder Hornet|0 fnt\n|faint|p2b: Murder Hornet\n|move|p1a: Sinistcha|Life Dew|p1a: Sinistcha|[spread] p1a,p1b\n|-heal|p1a: Sinistcha|57/100\n|-heal|p1b: Garchomp|50/100\n|\n|-weather|Sandstorm|[upkeep]\n|-damage|p1a: Sinistcha|51/100|[from] Sandstorm\n|-heal|p1a: Sinistcha|57/100|[from] item: Leftovers\n|upkeep\n|turn|12\n|c|\u2606The Bongo Time|NO WAY\n|c|\u2606Poglu|XD\n|c|\u2606The Bongo Time|GGWP\n|c|\u2606The Bongo Time|Thats hilarious\n|inactive|Poglu has 30 seconds left.\n|\n|t:|1775946263\n|move|p1b: Garchomp|Protect|p1b: Garchomp\n|-singleturn|p1b: Garchomp|Protect\n|move|p2a: ASMWW2J|Iron Head|p1b: Garchomp\n|-activate|p1b: Garchomp|move: Protect\n|move|p1a: Sinistcha|Life Dew|p1a: Sinistcha|[spread] p1a,p1b\n|-heal|p1a: Sinistcha|82/100\n|-heal|p1b: Garchomp|75/100\n|\n|-weather|none\n|-heal|p1a: Sinistcha|88/100|[from] item: Leftovers\n|upkeep\n|turn|13\n|\n|t:|1775946281\n|move|p1b: Garchomp|Dragon Claw|p2a: ASMWW2J\n|-resisted|p2a: ASMWW2J|1\n|-damage|p2a: ASMWW2J|31/100\n|move|p2a: ASMWW2J|Iron Head|p1b: Garchomp\n|-damage|p1b: Garchomp|31/100\n|-damage|p2a: ASMWW2J|19/100|[from] ability: Rough Skin|[of] p1b: Garchomp\n|move|p1a: Sinistcha|Life Dew|p1a: Sinistcha|[spread] p1a,p1b\n|-heal|p1a: Sinistcha|100/100\n|-heal|p1b: Garchomp|56/100\n|\n|upkeep\n|turn|14\n|-message|The Bongo Time forfeited.\n|\n|win|Poglu\n|raw|Poglu's rating: 1091 &rarr; <strong>1124</strong><br />(+33 for winning)\n|raw|The Bongo Time's rating: 1184 &rarr; <strong>1152</strong><br />(-32 for losing)\n|l|\u2606The Bongo Time\n|player|p2|\n",
  "uploadtime": 1775946367,
  "views": 15,
  "formatid": "gen9championsvgc2026regma",
  "rating": 1124,
  "private": 0,
  "password": null
}