{
  "id": "gen9championsvgc2026regma-2582940490",
  "format": "[Gen 9 Champions] VGC 2026 Reg M-A",
  "players": [
    "VanillaPuddingCake",
    "Juya"
  ],
  "log": "|j|\u2606VanillaPuddingCake\n|j|\u2606Juya\n|t:|1776126887\n|gametype|doubles\n|player|p1|VanillaPuddingCake|170|1098\n|player|p2|Juya|266|1114\n|gen|9\n|tier|[Gen 9 Champions] VGC 2026 Reg M-A\n|rated|\n|rule|Species Clause: Limit one of each Pok\u00e9mon\n|rule|Item Clause: Limit 1 of each item\n|clearpoke\n|poke|p1|Froslass, L50, F|\n|poke|p1|Incineroar, L50, M|\n|poke|p1|Orthworm, L50, M|\n|poke|p1|Garchomp, L50, M|\n|poke|p1|Basculegion, L50, M|\n|poke|p1|Rotom-Frost, L50|\n|poke|p2|Farigiraf, L50, F|\n|poke|p2|Crabominable, L50, F|\n|poke|p2|Kingambit, L50, M|\n|poke|p2|Sableye, L50, F|\n|poke|p2|Pelipper, L50, F|\n|poke|p2|Rhyperior, L50, M|\n|teampreview|4\n|inactive|Battle timer is ON: inactive players will automatically lose when time's up. (requested by Juya)\n|inactive|VanillaPuddingCake has 60 seconds left.\n|\n|t:|1776126928\n|teamsize|p1|4\n|teamsize|p2|4\n|start\n|switch|p1a: Incineroar|Incineroar, L50, M|100/100\n|switch|p1b: Orthworm|Orthworm, L50, M|100/100\n|switch|p2a: Farigiraf|Farigiraf, L50, F|100/100\n|switch|p2b: Pelipper|Pelipper, L50, F|100/100\n|-weather|RainDance|[from] ability: Drizzle|[of] p2b: Pelipper\n|-ability|p1a: Incineroar|Intimidate|boost\n|-unboost|p2a: Farigiraf|atk|1\n|-unboost|p2b: Pelipper|atk|1\n|turn|1\n|inactive|VanillaPuddingCake has 30 seconds left.\n|\n|t:|1776126961\n|move|p2a: Farigiraf|Protect|p2a: Farigiraf\n|-singleturn|p2a: Farigiraf|Protect\n|move|p2b: Pelipper|Weather Ball|p1a: Incineroar\n|-supereffective|p1a: Incineroar|1\n|-damage|p1a: Incineroar|0 fnt\n|faint|p1a: Incineroar\n|move|p1b: Orthworm|Shed Tail|p1b: Orthworm\n|-start|p1b: Orthworm|Substitute|[from] move: Shed Tail\n|-damage|p1b: Orthworm|50/100\n|-enditem|p1b: Orthworm|Sitrus Berry|[eat]\n|-heal|p1b: Orthworm|75/100|[from] item: Sitrus Berry\n|\n|t:|1776126967\n|switch|p1b: Froslass|Froslass, L50, F|100/100|[from] Shed Tail\n|\n|-weather|RainDance|[upkeep]\n|upkeep\n|\n|t:|1776126969\n|switch|p1a: Garchomp|Garchomp, L50, M|100/100\n|turn|2\n|\n|t:|1776126991\n|detailschange|p1b: Froslass|Froslass-Mega, L50, F\n|-mega|p1b: Froslass|Froslass|Froslassite\n|-weather|Snowscape|[from] ability: Snow Warning|[of] p1b: Froslass\n|move|p2b: Pelipper|Protect|p2b: Pelipper\n|-singleturn|p2b: Pelipper|Protect\n|move|p1b: Froslass|Nasty Plot|p1b: Froslass\n|-boost|p1b: Froslass|spa|2\n|move|p1a: Garchomp|Rock Slide|p2a: Farigiraf|[spread] p2a\n|-activate|p2b: Pelipper|move: Protect\n|-damage|p2a: Farigiraf|83/100\n|move|p2a: Farigiraf|Trick Room|p2a: Farigiraf\n|-fieldstart|move: Trick Room|[of] p2a: Farigiraf\n|\n|-weather|Snowscape|[upkeep]\n|upkeep\n|turn|3\n|\n|t:|1776127011\n|move|p1a: Garchomp|Protect|p1a: Garchomp\n|-singleturn|p1a: Garchomp|Protect\n|move|p2a: Farigiraf|Twin Beam|p1b: Froslass\n|-activate|p1b: Froslass|move: Substitute|[damage]\n|-end|p1b: Froslass|Substitute\n|-hitcount|p1b: Froslass|2\n|move|p2b: Pelipper|Ice Beam|p1a: Garchomp\n|-activate|p1a: Garchomp|move: Protect\n|move|p1b: Froslass|Blizzard|p2a: Farigiraf|[spread] p2a,p2b\n|-damage|p2a: Farigiraf|0 fnt\n|-damage|p2b: Pelipper|0 fnt\n|faint|p2a: Farigiraf\n|faint|p2b: Pelipper\n|\n|-weather|Snowscape|[upkeep]\n|upkeep\n|\n|t:|1776127023\n|switch|p2a: Kingambit|Kingambit, L50, M|100/100\n|switch|p2b: Crabominable|Crabominable, L50, F|100/100\n|turn|4\n|inactive|VanillaPuddingCake has 30 seconds left.\n|\n|t:|1776127053\n|switch|p1b: Orthworm|Orthworm, L50, M|75/100\n|detailschange|p2b: Crabominable|Crabominable-Mega, L50, F\n|-mega|p2b: Crabominable|Crabominable|Crabominite\n|move|p2b: Crabominable|Ice Hammer|p1a: Garchomp\n|-supereffective|p1a: Garchomp|2\n|-enditem|p1a: Garchomp|Focus Sash\n|-damage|p1a: Garchomp|1/100\n|-unboost|p2b: Crabominable|spe|1\n|-damage|p2b: Crabominable|88/100|[from] ability: Rough Skin|[of] p1a: Garchomp\n|move|p2a: Kingambit|Kowtow Cleave|p1b: Orthworm\n|-crit|p1b: Orthworm\n|-damage|p1b: Orthworm|19/100\n|move|p1a: Garchomp|Earthquake|p2b: Crabominable|[spread] p2a,p2b\n|-heal|p1b: Orthworm|44/100|[from] ability: Earth Eater|[of] p1a: Garchomp\n|-supereffective|p2a: Kingambit|1\n|-damage|p2a: Kingambit|44/100\n|-damage|p2b: Crabominable|69/100\n|\n|-weather|Snowscape|[upkeep]\n|upkeep\n|turn|5\n|inactive|VanillaPuddingCake has 30 seconds left.\n|\n|t:|1776127085\n|switch|p1b: Froslass|Froslass-Mega, L50, F|100/100\n|move|p1a: Garchomp|Protect|p1a: Garchomp\n|-singleturn|p1a: Garchomp|Protect\n|move|p2a: Kingambit|Sucker Punch||[still]\n|-fail|p2a: Kingambit\n|move|p2b: Crabominable|Close Combat|p1b: Froslass\n|-immune|p1b: Froslass\n|\n|-weather|Snowscape|[upkeep]\n|upkeep\n|turn|6\n|inactive|Juya has 30 seconds left.\n|\n|t:|1776127116\n|switch|p1a: Orthworm|Orthworm, L50, M|44/100\n|move|p1b: Froslass|Protect|p1b: Froslass\n|-singleturn|p1b: Froslass|Protect\n|move|p2b: Crabominable|Close Combat|p1a: Orthworm\n|-supereffective|p1a: Orthworm|1\n|-damage|p1a: Orthworm|0 fnt\n|-unboost|p2b: Crabominable|def|1\n|-unboost|p2b: Crabominable|spd|1\n|faint|p1a: Orthworm\n|move|p2a: Kingambit|Kowtow Cleave|p1b: Froslass\n|-activate|p1b: Froslass|move: Protect\n|\n|-weather|none\n|-fieldend|move: Trick Room\n|upkeep\n|\n|t:|1776127128\n|switch|p1a: Garchomp|Garchomp, L50, M|1/100\n|turn|7\n|inactive|VanillaPuddingCake has 30 seconds left.\n|\n|t:|1776127156\n|move|p2a: Kingambit|Protect|p2a: Kingambit\n|-singleturn|p2a: Kingambit|Protect\n|move|p2b: Crabominable|Protect|p2b: Crabominable\n|-singleturn|p2b: Crabominable|Protect\n|move|p1b: Froslass|Blizzard|p2a: Kingambit|[spread] \n|-activate|p2a: Kingambit|move: Protect\n|-activate|p2b: Crabominable|move: Protect\n|move|p1a: Garchomp|Rock Slide|p2b: Crabominable|[spread] \n|-activate|p2a: Kingambit|move: Protect\n|-activate|p2b: Crabominable|move: Protect\n|\n|upkeep\n|turn|8\n|\n|t:|1776127170\n|move|p1b: Froslass|Protect|p1b: Froslass\n|-singleturn|p1b: Froslass|Protect\n|move|p2a: Kingambit|Sucker Punch|p1a: Garchomp\n|-damage|p1a: Garchomp|0 fnt\n|-damage|p2a: Kingambit|32/100|[from] ability: Rough Skin|[of] p1a: Garchomp\n|faint|p1a: Garchomp\n|move|p2b: Crabominable|Knock Off|p1b: Froslass\n|-activate|p1b: Froslass|move: Protect\n|\n|upkeep\n|turn|9\n|\n|t:|1776127184\n|move|p2a: Kingambit|Sucker Punch|p1b: Froslass\n|-supereffective|p1b: Froslass|1\n|-damage|p1b: Froslass|0 fnt\n|faint|p1b: Froslass\n|\n|win|Juya\n|raw|VanillaPuddingCake's rating: 1098 &rarr; <strong>1074</strong><br />(-24 for losing)\n|raw|Juya's rating: 1114 &rarr; <strong>1138</strong><br />(+24 for winning)\n",
  "uploadtime": 1776127189,
  "views": 10,
  "formatid": "gen9championsvgc2026regma",
  "rating": 1074,
  "private": 0,
  "password": null
}