{
  "id": "gen9championsvgc2026regma-2582815730",
  "format": "[Gen 9 Champions] VGC 2026 Reg M-A",
  "players": [
    "ScribbleScribble",
    "holdingb"
  ],
  "log": "|j|\u2606ScribbleScribble\n|j|\u2606holdingb\n|t:|1776116243\n|gametype|doubles\n|player|p1|ScribbleScribble|mina-lgpe|1426\n|player|p2|holdingb|anabel-gen7|1423\n|gen|9\n|tier|[Gen 9 Champions] VGC 2026 Reg M-A\n|rated|\n|rule|Species Clause: Limit one of each Pok\u00e9mon\n|rule|Item Clause: Limit 1 of each item\n|clearpoke\n|poke|p1|Floette-Eternal, L50, F|\n|poke|p1|Sneasler, L50, F|\n|poke|p1|Aerodactyl, L50, M|\n|poke|p1|Garchomp, L50, M|\n|poke|p1|Kingambit, L50, F|\n|poke|p1|Basculegion, L50, M|\n|poke|p2|Blastoise, L50, M|\n|poke|p2|Sneasler, L50, M|\n|poke|p2|Garchomp, L50, F|\n|poke|p2|Aerodactyl, L50, M|\n|poke|p2|Sylveon, L50, F|\n|poke|p2|Sinistcha, L50|\n|teampreview|4\n|inactive|Battle timer is ON: inactive players will automatically lose when time's up. (requested by holdingb)\n|inactive|ScribbleScribble also wants the timer to be on.\n|c|\u2606holdingb|oh\n|c|\u2606ScribbleScribble|Helloldingb\n|c|\u2606holdingb|helloibble\n|inactive|ScribbleScribble has 60 seconds left.\n|inactive|holdingb has 60 seconds left.\n|inactive|holdingb has 30 seconds left.\n|inactive|holdingb has 20 seconds left.\n|inactive|holdingb has 15 seconds left.\n|inactive|holdingb has 10 seconds left.\n|\n|t:|1776116325\n|teamsize|p1|4\n|teamsize|p2|4\n|start\n|switch|p1a: Aerodactyl|Aerodactyl, L50, M|100/100\n|switch|p1b: Floette|Floette-Eternal, L50, F|100/100\n|switch|p2a: Sylveon|Sylveon, L50, F|100/100\n|switch|p2b: Sinistcha|Sinistcha, L50|100/100\n|-ability|p1a: Aerodactyl|Unnerve\n|turn|1\n|j| Adicire\n|inactive|ScribbleScribble has 30 seconds left.\n|inactive|ScribbleScribble has 20 seconds left.\n|inactive|ScribbleScribble has 15 seconds left.\n|inactive|ScribbleScribble has 10 seconds left.\n|inactive|ScribbleScribble has 5 seconds left.\n|\n|t:|1776116380\n|move|p2a: Sylveon|Detect|p2a: Sylveon\n|-singleturn|p2a: Sylveon|Protect\n|move|p1a: Aerodactyl|Rock Slide|p2b: Sinistcha|[spread] p2b\n|-activate|p2a: Sylveon|move: Protect\n|-damage|p2b: Sinistcha|79/100\n|move|p1b: Floette|Moonblast|p2b: Sinistcha\n|-damage|p2b: Sinistcha|29/100\n|move|p2b: Sinistcha|Trick Room|p2b: Sinistcha\n|-fieldstart|move: Trick Room|[of] p2b: Sinistcha\n|\n|upkeep\n|turn|2\n|inactive|ScribbleScribble has 30 seconds left.\n|inactive|holdingb has 30 seconds left.\n|\n|t:|1776116414\n|detailschange|p1b: Floette|Floette-Mega, L50, F\n|-mega|p1b: Floette|Floette|Floettite\n|-ability|p1b: Floette|Fairy Aura\n|move|p2a: Sylveon|Hyper Voice|p1b: Floette|[spread] p1a,p1b\n|-damage|p1a: Aerodactyl|5/100\n|-damage|p1b: Floette|56/100\n|move|p2b: Sinistcha|Matcha Gotcha|p1b: Floette|[spread] p1a,p1b\n|-damage|p1a: Aerodactyl|0 fnt\n|-heal|p2b: Sinistcha|31/100|[from] drain|[of] p1a: Aerodactyl\n|-damage|p1b: Floette|37/100\n|-heal|p2b: Sinistcha|40/100|[from] drain|[of] p1b: Floette\n|-enditem|p2b: Sinistcha|Sitrus Berry|[eat]\n|-heal|p2b: Sinistcha|65/100|[from] item: Sitrus Berry\n|faint|p1a: Aerodactyl\n|move|p1b: Floette|Dazzling Gleam|p2b: Sinistcha|[spread] p2a,p2b\n|-damage|p2a: Sylveon|55/100\n|-damage|p2b: Sinistcha|19/100\n|\n|upkeep\n|\n|t:|1776116421\n|switch|p1a: Sneasler|Sneasler, L50, F|100/100\n|turn|3\n|inactive|holdingb has 30 seconds left.\n|inactive|holdingb has 20 seconds left.\n|\n|t:|1776116457\n|move|p2a: Sylveon|Detect|p2a: Sylveon\n|-singleturn|p2a: Sylveon|Protect\n|move|p1a: Sneasler|Fake Out|p2a: Sylveon\n|-activate|p2a: Sylveon|move: Protect\n|move|p2b: Sinistcha|Matcha Gotcha|p1a: Sneasler|[spread] p1a,p1b\n|-resisted|p1a: Sneasler|1\n|-crit|p1b: Floette\n|-damage|p1a: Sneasler|85/100\n|-heal|p2b: Sinistcha|26/100|[from] drain|[of] p1a: Sneasler\n|-damage|p1b: Floette|6/100\n|-heal|p2b: Sinistcha|40/100|[from] drain|[of] p1b: Floette\n|-status|p1a: Sneasler|brn\n|-status|p1b: Floette|brn\n|move|p1b: Floette|Dazzling Gleam|p2a: Sylveon|[spread] p2b\n|-activate|p2a: Sylveon|move: Protect\n|-damage|p2b: Sinistcha|0 fnt\n|faint|p2b: Sinistcha\n|\n|-damage|p1b: Floette|0 fnt|[from] brn\n|faint|p1b: Floette\n|-damage|p1a: Sneasler|79/100 brn|[from] brn\n|upkeep\n|\n|t:|1776116477\n|switch|p2b: Blastoise|Blastoise, L50, M|100/100\n|switch|p1b: Basculegion|Basculegion, L50, M|100/100\n|turn|4\n|\n|t:|1776116486\n|detailschange|p2b: Blastoise|Blastoise-Mega, L50, M\n|-mega|p2b: Blastoise|Blastoise|Blastoisinite\n|move|p2a: Sylveon|Hyper Voice|p1a: Sneasler|[spread] p1a,p1b\n|-damage|p1a: Sneasler|13/100 brn\n|-damage|p1b: Basculegion|47/100\n|move|p2b: Blastoise|Dark Pulse|p1b: Basculegion\n|-supereffective|p1b: Basculegion|1\n|-damage|p1b: Basculegion|0 fnt\n|faint|p1b: Basculegion\n|move|p1a: Sneasler|Dire Claw|p2a: Sylveon\n|-supereffective|p2a: Sylveon|1\n|-damage|p2a: Sylveon|8/100\n|-status|p2a: Sylveon|slp\n|\n|-damage|p1a: Sneasler|7/100 brn|[from] brn\n|upkeep\n|turn|5\n|c|\u2606ScribbleScribble|gg\n|c|\u2606holdingb|gg\n|\n|t:|1776116495\n|cant|p2a: Sylveon|slp\n|move|p2b: Blastoise|Water Spout|p1a: Sneasler\n|-damage|p1a: Sneasler|0 fnt\n|faint|p1a: Sneasler\n|\n|win|holdingb\n|raw|ScribbleScribble's rating: 1377 &rarr; <strong>1360</strong><br />(-17 for losing)\n|raw|holdingb's rating: 1423 &rarr; <strong>1440</strong><br />(+17 for winning)\n|l|\u2606ScribbleScribble\n|player|p1|\n|l|\u2606holdingb\n|player|p2|\n",
  "uploadtime": 1776116499,
  "views": 31,
  "formatid": "gen9championsvgc2026regma",
  "rating": 1360,
  "private": 0,
  "password": null
}