{
  "id": "gen9championsvgc2026regma-2584497360",
  "format": "[Gen 9 Champions] VGC 2026 Reg M-A",
  "players": [
    "davidauscc",
    "Faiafureku"
  ],
  "log": "|j|\u2606davidauscc\n|j|\u2606Faiafureku\n|t:|1776264767\n|gametype|doubles\n|player|p1|davidauscc|169|1112\n|player|p2|Faiafureku|102|1053\n|gen|9\n|tier|[Gen 9 Champions] VGC 2026 Reg M-A\n|rated|\n|rule|Species Clause: Limit one of each Pok\u00e9mon\n|rule|Item Clause: Limit 1 of each item\n|clearpoke\n|poke|p1|Archaludon, L50, M|\n|poke|p1|Pelipper, L50, F|\n|poke|p1|Manectric, L50, F|\n|poke|p1|Volcarona, L50, F|\n|poke|p1|Basculegion, L50, M|\n|poke|p1|Lucario, L50, F|\n|poke|p2|Garchomp, L50, M|\n|poke|p2|Sneasler, L50, F|\n|poke|p2|Sinistcha, L50|\n|poke|p2|Milotic, L50, F|\n|poke|p2|Armarouge, L50, F|\n|poke|p2|Charizard, L50, F|\n|teampreview|4\n|\n|t:|1776264787\n|teamsize|p1|4\n|teamsize|p2|4\n|start\n|switch|p1a: Archaludon|Archaludon, L50, M|100/100\n|switch|p1b: Manectric|Manectric, L50, F|100/100\n|switch|p2a: Sinistcha|Sinistcha, L50, shiny|100/100\n|switch|p2b: Sneasler|Sneasler, L50, F|100/100\n|turn|1\n|inactive|Battle timer is ON: inactive players will automatically lose when time's up. (requested by davidauscc)\n|\n|t:|1776264812\n|switch|p1b: Pelipper|Pelipper, L50, F|100/100\n|-weather|RainDance|[from] ability: Drizzle|[of] p1b: Pelipper\n|move|p2a: Sinistcha|Rage Powder|p2a: Sinistcha\n|-singleturn|p2a: Sinistcha|move: Rage Powder\n|move|p1a: Archaludon|Electro Shot||[still]\n|-prepare|p1a: Archaludon|Electro Shot\n|-boost|p1a: Archaludon|spa|1\n|-anim|p1a: Archaludon|Electro Shot|p2a: Sinistcha\n|-resisted|p2a: Sinistcha|1\n|-damage|p2a: Sinistcha|68/100\n|move|p2b: Sneasler|Close Combat|p1a: Archaludon\n|-supereffective|p1a: Archaludon|1\n|-damage|p1a: Archaludon|6/100\n|-unboost|p2b: Sneasler|def|1\n|-unboost|p2b: Sneasler|spd|1\n|-ability|p1a: Archaludon|Stamina|boost\n|-boost|p1a: Archaludon|def|1\n|\n|-weather|RainDance|[upkeep]\n|-heal|p1a: Archaludon|12/100|[from] item: Leftovers\n|upkeep\n|turn|2\n|\n|t:|1776264832\n|move|p1a: Archaludon|Protect|p1a: Archaludon\n|-singleturn|p1a: Archaludon|Protect\n|move|p2a: Sinistcha|Rage Powder|p2a: Sinistcha\n|-singleturn|p2a: Sinistcha|move: Rage Powder\n|move|p2b: Sneasler|Close Combat|p1a: Archaludon\n|-activate|p1a: Archaludon|move: Protect\n|move|p1b: Pelipper|Tailwind|p1b: Pelipper\n|-sidestart|p1: davidauscc|move: Tailwind\n|\n|-weather|RainDance|[upkeep]\n|-heal|p1a: Archaludon|18/100|[from] item: Leftovers\n|upkeep\n|turn|3\n|\n|t:|1776264864\n|switch|p1a: Basculegion|Basculegion, L50, M|100/100\n|move|p2a: Sinistcha|Protect|p2a: Sinistcha\n|-singleturn|p2a: Sinistcha|Protect\n|move|p1b: Pelipper|Air Slash|p2b: Sneasler\n|-supereffective|p2b: Sneasler|1\n|-damage|p2b: Sneasler|29/100\n|move|p2b: Sneasler|Close Combat|p1a: Basculegion\n|-immune|p1a: Basculegion\n|\n|-weather|RainDance|[upkeep]\n|upkeep\n|turn|4\n|\n|t:|1776264884\n|switch|p2b: Milotic|Milotic, L50, F|100/100\n|move|p1a: Basculegion|Last Respects|p2a: Sinistcha\n|-supereffective|p2a: Sinistcha|1\n|-damage|p2a: Sinistcha|15/100\n|move|p1b: Pelipper|Air Slash|p2b: Milotic\n|-damage|p2b: Milotic|81/100\n|move|p2a: Sinistcha|Matcha Gotcha|p1a: Basculegion|[spread] p1a\n|-miss|p2a: Sinistcha|p1b: Pelipper\n|-supereffective|p1a: Basculegion|1\n|-damage|p1a: Basculegion|38/100\n|-heal|p2a: Sinistcha|49/100|[from] drain|[of] p1a: Basculegion\n|-heal|p2a: Sinistcha|57/100|[from] item: Shell Bell|[of] p1b: Pelipper\n|\n|-weather|RainDance|[upkeep]\n|-heal|p2b: Milotic|87/100|[from] item: Leftovers\n|upkeep\n|turn|5\n|inactive|davidauscc has 30 seconds left.\n|inactive|Faiafureku has 30 seconds left.\n|\n|t:|1776264919\n|switch|p1a: Archaludon|Archaludon, L50, M|18/100\n|move|p2a: Sinistcha|Protect|p2a: Sinistcha\n|-singleturn|p2a: Sinistcha|Protect\n|move|p1b: Pelipper|Air Slash|p2a: Sinistcha\n|-activate|p2a: Sinistcha|move: Protect\n|move|p2b: Milotic|Draining Kiss|p1a: Archaludon\n|-damage|p1a: Archaludon|0 fnt\n|-heal|p2b: Milotic|98/100|[from] drain|[of] p1a: Archaludon\n|faint|p1a: Archaludon\n|\n|-weather|none\n|-heal|p2b: Milotic|100/100|[from] item: Leftovers\n|-sideend|p1: davidauscc|move: Tailwind\n|upkeep\n|\n|t:|1776264935\n|switch|p1a: Manectric|Manectric, L50, F|100/100\n|turn|6\n|inactive|Faiafureku has 30 seconds left.\n|\n|t:|1776264960\n|detailschange|p1a: Manectric|Manectric-Mega, L50, F\n|-mega|p1a: Manectric|Manectric|Manectite\n|-ability|p1a: Manectric|Intimidate|boost\n|-unboost|p2a: Sinistcha|atk|1\n|-unboost|p2b: Milotic|atk|1\n|-ability|p2b: Milotic|Competitive|boost\n|-boost|p2b: Milotic|spa|2\n|move|p1b: Pelipper|Protect|p1b: Pelipper\n|-singleturn|p1b: Pelipper|Protect\n|move|p2a: Sinistcha|Rage Powder|p2a: Sinistcha\n|-singleturn|p2a: Sinistcha|move: Rage Powder\n|move|p1a: Manectric|Discharge|p2b: Milotic|[spread] p2a,p2b\n|-activate|p1b: Pelipper|move: Protect\n|-resisted|p2a: Sinistcha|1\n|-supereffective|p2b: Milotic|1\n|-damage|p2a: Sinistcha|44/100\n|-damage|p2b: Milotic|55/100\n|-status|p2b: Milotic|par\n|move|p2b: Milotic|Scald|p1a: Manectric\n|-damage|p1a: Manectric|12/100\n|\n|-heal|p2b: Milotic|61/100 par|[from] item: Leftovers\n|upkeep\n|turn|7\n|inactive|davidauscc has 30 seconds left.\n|\n|t:|1776264987\n|move|p2b: Milotic|Helping Hand|p2a: Sinistcha\n|-singleturn|p2a: Sinistcha|Helping Hand|[of] p2b: Milotic\n|move|p1a: Manectric|Volt Switch|p2b: Milotic\n|-supereffective|p2b: Milotic|1\n|-damage|p2b: Milotic|1/100 par\n|\n|t:|1776264993\n|switch|p1a: Basculegion|Basculegion, L50, M|38/100|[from] Volt Switch\n|move|p2a: Sinistcha|Matcha Gotcha|p1a: Basculegion|[spread] p1a,p1b\n|-supereffective|p1a: Basculegion|1\n|-damage|p1a: Basculegion|0 fnt\n|-heal|p2a: Sinistcha|65/100|[from] drain|[of] p1a: Basculegion\n|-damage|p1b: Pelipper|49/100\n|-heal|p2a: Sinistcha|84/100|[from] drain|[of] p1b: Pelipper\n|faint|p1a: Basculegion\n|-heal|p2a: Sinistcha|94/100|[from] item: Shell Bell|[of] p1b: Pelipper\n|move|p1b: Pelipper|Tailwind|p1b: Pelipper\n|-sidestart|p1: davidauscc|move: Tailwind\n|\n|-heal|p2b: Milotic|7/100 par|[from] item: Leftovers\n|upkeep\n|\n|t:|1776265008\n|switch|p1a: Manectric|Manectric-Mega, L50, F|12/100\n|-ability|p1a: Manectric|Intimidate|boost\n|-unboost|p2a: Sinistcha|atk|1\n|-unboost|p2b: Milotic|atk|1\n|-ability|p2b: Milotic|Competitive|boost\n|-boost|p2b: Milotic|spa|2\n|turn|8\n|\n|t:|1776265017\n|move|p2b: Milotic|Helping Hand|p2a: Sinistcha\n|-singleturn|p2a: Sinistcha|Helping Hand|[of] p2b: Milotic\n|move|p1b: Pelipper|Protect|p1b: Pelipper\n|-singleturn|p1b: Pelipper|Protect\n|move|p1a: Manectric|Discharge|p2b: Milotic|[spread] p2a,p2b\n|-activate|p1b: Pelipper|move: Protect\n|-resisted|p2a: Sinistcha|1\n|-supereffective|p2b: Milotic|1\n|-damage|p2a: Sinistcha|80/100\n|-damage|p2b: Milotic|0 fnt\n|faint|p2b: Milotic\n|move|p2a: Sinistcha|Matcha Gotcha|p1a: Manectric|[spread] p1a\n|-activate|p1b: Pelipper|move: Protect\n|-damage|p1a: Manectric|0 fnt\n|-heal|p2a: Sinistcha|85/100|[from] drain|[of] p1a: Manectric\n|faint|p1a: Manectric\n|-heal|p2a: Sinistcha|86/100|[from] item: Shell Bell|[of] p1b: Pelipper\n|\n|upkeep\n|\n|t:|1776265022\n|switch|p2b: Sneasler|Sneasler, L50, F|29/100\n|turn|9\n|\n|t:|1776265037\n|move|p2b: Sneasler|Fake Out|p1b: Pelipper\n|-damage|p1b: Pelipper|37/100\n|cant|p1b: Pelipper|flinch\n|move|p2a: Sinistcha|Matcha Gotcha|p1b: Pelipper\n|-damage|p1b: Pelipper|0 fnt\n|-heal|p2a: Sinistcha|99/100|[from] drain|[of] p1b: Pelipper\n|faint|p1b: Pelipper\n|-heal|p2a: Sinistcha|100/100|[from] item: Shell Bell|[of] p1: Pelipper\n|\n|win|Faiafureku\n|raw|davidauscc's rating: 1112 &rarr; <strong>1083</strong><br />(-29 for losing)\n|raw|Faiafureku's rating: 1053 &rarr; <strong>1090</strong><br />(+37 for winning)\n|l|\u2606davidauscc\n|player|p1|\n",
  "uploadtime": 1776265050,
  "views": 28,
  "formatid": "gen9championsvgc2026regma",
  "rating": 1083,
  "private": 0,
  "password": null
}