{
  "id": "gen9championsvgc2026regma-2583879102",
  "format": "[Gen 9 Champions] VGC 2026 Reg M-A",
  "players": [
    "Logan Helfield",
    "retrojp"
  ],
  "log": "|j|\u2606Logan Helfield\n|j|\u2606retrojp\n|t:|1776204896\n|gametype|doubles\n|player|p1|Logan Helfield|riley|1094\n|player|p2|retrojp|101|1099\n|gen|9\n|tier|[Gen 9 Champions] VGC 2026 Reg M-A\n|rated|\n|rule|Species Clause: Limit one of each Pok\u00e9mon\n|rule|Item Clause: Limit 1 of each item\n|clearpoke\n|poke|p1|Feraligatr, L50, F|\n|poke|p1|Sableye, L50, F|\n|poke|p1|Raichu, L50, M|\n|poke|p1|Incineroar, L50, M|\n|poke|p1|Sinistcha-Masterpiece, L50|\n|poke|p1|Milotic, L50, M|\n|poke|p2|Aggron, L50, F|\n|poke|p2|Aerodactyl, L50, F|\n|poke|p2|Hydreigon, L50, M|\n|poke|p2|Tyranitar, L50, F|\n|poke|p2|Sneasler, L50, F|\n|poke|p2|Sinistcha, L50|\n|teampreview|4\nLogan Helfield rejected open team sheets.\n|\n|t:|1776204950\n|teamsize|p1|4\n|teamsize|p2|4\n|start\n|switch|p1a: Feraligatr|Feraligatr, L50, F|100/100\n|switch|p1b: Sableye|Sableye, L50, F|100/100\n|switch|p2a: Tyranitar|Tyranitar, L50, F|100/100\n|switch|p2b: Sneasler|Sneasler, L50, F|100/100\n|-ability|p2b: Sneasler|Pressure\n|-weather|Sandstorm|[from] ability: Sand Stream|[of] p2a: Tyranitar\n|turn|1\n|\n|t:|1776204974\n|move|p1a: Feraligatr|Protect|p1a: Feraligatr\n|-singleturn|p1a: Feraligatr|Protect\n|move|p2b: Sneasler|Fake Out|p1a: Feraligatr\n|-activate|p1a: Feraligatr|move: Protect\n|move|p1b: Sableye|Will-O-Wisp|p2b: Sneasler\n|-status|p2b: Sneasler|brn\n|move|p2a: Tyranitar|Rock Slide|p1b: Sableye|[spread] p1b\n|-activate|p1a: Feraligatr|move: Protect\n|-damage|p1b: Sableye|53/100\n|\n|-weather|Sandstorm|[upkeep]\n|-damage|p2b: Sneasler|95/100 brn|[from] Sandstorm\n|-damage|p1a: Feraligatr|94/100|[from] Sandstorm\n|-damage|p1b: Sableye|48/100|[from] Sandstorm\n|-enditem|p1b: Sableye|Sitrus Berry|[eat]\n|-heal|p1b: Sableye|72/100|[from] item: Sitrus Berry\n|-damage|p2b: Sneasler|89/100 brn|[from] brn\n|upkeep\n|turn|2\n|\n|t:|1776205011\n|detailschange|p1a: Feraligatr|Feraligatr-Mega, L50, F\n|-mega|p1a: Feraligatr|Feraligatr|Feraligite\n|move|p1b: Sableye|Rain Dance|p1b: Sableye\n|-weather|RainDance\n|move|p2b: Sneasler|Coaching|p2a: Tyranitar\n|-boost|p2a: Tyranitar|atk|1\n|-boost|p2a: Tyranitar|def|1\n|move|p1a: Feraligatr|Liquidation|p2a: Tyranitar\n|-supereffective|p2a: Tyranitar|1\n|-damage|p2a: Tyranitar|18/100\n|-unboost|p2a: Tyranitar|def|1\n|move|p2a: Tyranitar|Knock Off|p1b: Sableye\n|-crit|p1b: Sableye\n|-damage|p1b: Sableye|0 fnt\n|faint|p1b: Sableye\n|\n|-weather|RainDance|[upkeep]\n|-damage|p2b: Sneasler|83/100 brn|[from] brn\n|upkeep\n|\n|t:|1776205030\n|switch|p1b: Raichu|Raichu, L50, M|100/100\n|turn|3\n|\n|t:|1776205055\n|switch|p2a: Aggron|Aggron, L50, F|100/100\n|move|p1b: Raichu|Fake Out|p2a: Aggron\n|-resisted|p2a: Aggron|2\n|-damage|p2a: Aggron|99/100\n|move|p2b: Sneasler|Coaching|p2a: Aggron\n|-boost|p2a: Aggron|atk|1\n|-boost|p2a: Aggron|def|1\n|move|p1a: Feraligatr|Trailblaze|p2a: Aggron\n|-damage|p2a: Aggron|92/100\n|-boost|p1a: Feraligatr|spe|1\n|\n|-weather|RainDance|[upkeep]\n|-damage|p2b: Sneasler|77/100 brn|[from] brn\n|upkeep\n|turn|4\n|\n|t:|1776205082\n|move|p2b: Sneasler|Coaching|p2a: Aggron\n|-boost|p2a: Aggron|atk|1\n|-boost|p2a: Aggron|def|1\n|move|p1b: Raichu|Nuzzle|p2a: Aggron\n|-damage|p2a: Aggron|89/100\n|-status|p2a: Aggron|par\n|move|p1a: Feraligatr|Liquidation|p2b: Sneasler\n|-damage|p2b: Sneasler|0 fnt\n|faint|p2b: Sneasler\n|cant|p2a: Aggron|par\n|\n|-weather|RainDance|[upkeep]\n|upkeep\n|\n|t:|1776205099\n|switch|p2b: Sinistcha|Sinistcha, L50|100/100\n|-heal|p2a: Aggron|100/100 par|[from] ability: Hospitality|[of] p2b: Sinistcha\n|turn|5\n|\n|t:|1776205109\n|detailschange|p2a: Aggron|Aggron-Mega, L50, F\n|-mega|p2a: Aggron|Aggron|Aggronite\n|move|p2b: Sinistcha|Rage Powder|p2b: Sinistcha\n|-singleturn|p2b: Sinistcha|move: Rage Powder\n|move|p1b: Raichu|Nuzzle|p2b: Sinistcha\n|-resisted|p2b: Sinistcha|1\n|-damage|p2b: Sinistcha|97/100\n|-status|p2b: Sinistcha|par\n|move|p1a: Feraligatr|Facade|p2b: Sinistcha\n|-damage|p2b: Sinistcha|56/100 par\n|move|p2a: Aggron|Body Press|p1a: Feraligatr\n|-damage|p1a: Feraligatr|30/100\n|\n|-weather|RainDance|[upkeep]\n|upkeep\n|turn|6\n|\n|t:|1776205126\n|switch|p1b: Milotic|Milotic, L50, M|100/100\n|move|p1a: Feraligatr|Protect|p1a: Feraligatr\n|-singleturn|p1a: Feraligatr|Protect\n|cant|p2a: Aggron|par\n|move|p2b: Sinistcha|Trick Room|p2b: Sinistcha\n|-fieldstart|move: Trick Room|[of] p2b: Sinistcha\n|\n|-weather|none\n|upkeep\n|turn|7\n|\n|t:|1776205144\n|move|p2a: Aggron|Body Press|p1a: Feraligatr\n|-damage|p1a: Feraligatr|0 fnt\n|faint|p1a: Feraligatr\n|move|p2b: Sinistcha|Matcha Gotcha|p1b: Milotic\n|-supereffective|p1b: Milotic|1\n|-damage|p1b: Milotic|49/100\n|-heal|p2b: Sinistcha|86/100 par|[from] drain|[of] p1b: Milotic\n|-status|p1b: Milotic|brn\n|move|p1b: Milotic|Life Dew|p1b: Milotic\n|-heal|p1b: Milotic|74/100 brn\n|\n|-heal|p1b: Milotic|80/100 brn|[from] item: Leftovers\n|-damage|p1b: Milotic|74/100 brn|[from] brn\n|upkeep\n|-message|Logan Helfield forfeited.\n|\n|win|retrojp\n|raw|Logan Helfield's rating: 1094 &rarr; <strong>1070</strong><br />(-24 for losing)\n|raw|retrojp's rating: 1099 &rarr; <strong>1124</strong><br />(+25 for winning)\n|l|\u2606Logan Helfield\n|player|p1|\n",
  "uploadtime": 1776205163,
  "views": 17,
  "formatid": "gen9championsvgc2026regma",
  "rating": 1070,
  "private": 0,
  "password": null
}