{
  "id": "gen9championsvgc2026regma-2586358052",
  "format": "[Gen 9 Champions] VGC 2026 Reg M-A",
  "players": [
    "pits fiend",
    "emmannuelle"
  ],
  "log": "|j|\u2606pits fiend\n|j|\u2606emmannuelle\n|html|<table width=\"100%\"><tr><td align=\"left\">pits fiend</td><td align=\"right\">emmannuelle</tr><tr><td align=\"left\"><i class=\"fa fa-circle-o\"></i> <i class=\"fa fa-circle-o\"></i> </td><td align=\"right\"><i class=\"fa fa-circle-o\"></i> <i class=\"fa fa-circle-o\"></i> </tr></table>\n|uhtml|bestof|<h2><strong>Game 1</strong> of <a href=\"/game-bestof3-gen9championsvgc2026regma-2586358051\">a best-of-3</a></h2>\n|t:|1776428496\n|gametype|doubles\n|player|p1|pits fiend|gwynn|\n|player|p2|emmannuelle|102|\n|gen|9\n|tier|[Gen 9 Champions] VGC 2026 Reg M-A\n|rated|Tournament battle\n|rule|Species Clause: Limit one of each Pok\u00e9mon\n|rule|Item Clause: Limit 1 of each item\n|raw|<div class=\"infobox\"><details class=\"readmore\" open><summary><strong>2 custom rules:</strong></summary> Force Open Team Sheets, Best of = 3</details></div>\n|clearpoke\n|poke|p1|Gardevoir, L50, M|\n|poke|p1|Garchomp, L50, F|\n|poke|p1|Rotom-Wash, L50|\n|poke|p1|Tsareena, L50, F|\n|poke|p1|Incineroar, L50, F|\n|poke|p1|Orthworm, L50, M|\n|poke|p2|Scizor, L50, M|\n|poke|p2|Sinistcha, L50|\n|poke|p2|Basculegion, L50, M|\n|poke|p2|Milotic, L50, F|\n|poke|p2|Tyranitar, L50, F|\n|poke|p2|Aerodactyl, L50, F|\n|teampreview|4\n|showteam|p1|Gardevoir||Gardevoirite|Trace|HyperVoice,Psyshock,Protect,TrickRoom|||M|||50|]Garchomp||WhiteHerb|RoughSkin|Earthquake,DragonClaw,RockSlide,Protect|||F|||50|]Rotom-Wash||ChoiceScarf|Levitate|Electroweb,VoltSwitch,Thunderbolt,HydroPump||||||50|]Tsareena||MiracleSeed|QueenlyMajesty|TropKick,KnockOff,Protect,HelpingHand|||F|||50|]Incineroar||ShucaBerry|Intimidate|FakeOut,ThroatChop,PartingShot,FlareBlitz|||F|||50|]Orthworm||SitrusBerry|EarthEater|ShedTail,HeavySlam,BodyPress,Protect|||M|||50|\n|showteam|p2|Scizor||Scizorite|Technician|BugBite,BulletPunch,SwordsDance,Protect|||M|||50|]Sinistcha||SitrusBerry|Hospitality|MatchaGotcha,LifeDew,RagePowder,TrickRoom||||||50|]Basculegion||ChoiceScarf|Adaptability|LastRespects,WaveCrash,FlipTurn,AquaJet|||M|||50|]Milotic||Leftovers|Competitive|IceBeam,Scald,MuddyWater,Protect|||F|||50|]Tyranitar||Tyranitarite|SandStream|Crunch,RockSlide,LowKick,Protect|||F|||50|]Aerodactyl||FocusSash|Unnerve|DualWingbeat,RockSlide,Tailwind,Protect|||F|||50|\n|c|\u2606pits fiend|glhf\n|\n|t:|1776428554\n|teamsize|p1|4\n|teamsize|p2|4\n|start\n|switch|p1a: Rotom|Rotom-Wash, L50|100/100\n|switch|p1b: Bottom Surgery|Orthworm, L50, M|100/100\n|switch|p2a: Milotic|Milotic, L50, F|100/100\n|switch|p2b: Scizor|Scizor, L50, M|100/100\n|turn|1\n|\n|t:|1776428587\n|detailschange|p2b: Scizor|Scizor-Mega, L50, M\n|-mega|p2b: Scizor|Scizor|Scizorite\n|move|p1a: Rotom|Thunderbolt|p2b: Scizor\n|-damage|p2b: Scizor|67/100\n|-status|p2b: Scizor|par\n|move|p2a: Milotic|Scald|p1b: Bottom Surgery\n|-damage|p1b: Bottom Surgery|56/100\n|move|p1b: Bottom Surgery|Shed Tail|p1b: Bottom Surgery\n|-start|p1b: Bottom Surgery|Substitute|[from] move: Shed Tail\n|-damage|p1b: Bottom Surgery|6/100\n|-enditem|p1b: Bottom Surgery|Sitrus Berry|[eat]\n|-heal|p1b: Bottom Surgery|31/100|[from] item: Sitrus Berry\n|c|\u2606emmannuelle|...\n|\n|t:|1776428608\n|switch|p1b: Gardevoir|Gardevoir, L50, M, shiny|100/100|[from] Shed Tail\n|-ability|p1b: Gardevoir|Competitive|Trace|[from] ability: Trace|[of] p2a: Milotic\n|move|p2b: Scizor|Bug Bite|p1b: Gardevoir\n|-end|p1b: Gardevoir|Substitute\n|\n|upkeep\n|turn|2\n|\n|t:|1776428636\n|switch|p2a: Sinistcha|Sinistcha, L50|100/100\n|-heal|p2b: Scizor|91/100 par|[from] ability: Hospitality|[of] p2a: Sinistcha\n|detailschange|p1b: Gardevoir|Gardevoir-Mega, L50, M, shiny\n|-mega|p1b: Gardevoir|Gardevoir|Gardevoirite\n|move|p1a: Rotom|Thunderbolt|p2b: Scizor\n|-damage|p2b: Scizor|59/100 par\n|move|p1b: Gardevoir|Hyper Voice|p2b: Scizor|[spread] p2a,p2b\n|-resisted|p2b: Scizor|1\n|-damage|p2a: Sinistcha|35/100\n|-damage|p2b: Scizor|32/100 par\n|-enditem|p2a: Sinistcha|Sitrus Berry|[eat]\n|-heal|p2a: Sinistcha|59/100|[from] item: Sitrus Berry\n|move|p2b: Scizor|Swords Dance|p2b: Scizor\n|-boost|p2b: Scizor|atk|2\n|\n|upkeep\n|turn|3\n|\n|t:|1776428670\n|switch|p1b: Garchomp|Garchomp, L50, F|100/100\n|move|p2a: Sinistcha|Rage Powder|p2a: Sinistcha\n|-singleturn|p2a: Sinistcha|move: Rage Powder\n|move|p2b: Scizor|Bullet Punch|p1b: Garchomp\n|-damage|p1b: Garchomp|24/100\n|-damage|p2b: Scizor|19/100 par|[from] ability: Rough Skin|[of] p1b: Garchomp\n|move|p1a: Rotom|Thunderbolt|p2a: Sinistcha\n|-resisted|p2a: Sinistcha|1\n|-damage|p2a: Sinistcha|39/100\n|\n|upkeep\n|turn|4\n|\n|t:|1776428701\n|move|p1b: Garchomp|Protect|p1b: Garchomp\n|-singleturn|p1b: Garchomp|Protect\n|move|p2b: Scizor|Protect|p2b: Scizor\n|-singleturn|p2b: Scizor|Protect\n|move|p1a: Rotom|Thunderbolt|p2a: Sinistcha\n|-resisted|p2a: Sinistcha|1\n|-damage|p2a: Sinistcha|20/100\n|move|p2a: Sinistcha|Life Dew|p2a: Sinistcha|[spread] p2a,p2b\n|-heal|p2a: Sinistcha|45/100\n|-heal|p2b: Scizor|44/100 par\n|\n|upkeep\n|turn|5\n|\n|t:|1776428725\n|move|p2b: Scizor|Bullet Punch|p1b: Garchomp\n|-damage|p1b: Garchomp|0 fnt\n|-damage|p2b: Scizor|32/100 par|[from] ability: Rough Skin|[of] p1b: Garchomp\n|faint|p1b: Garchomp\n|move|p1a: Rotom|Thunderbolt|p2b: Scizor\n|-damage|p2b: Scizor|0 fnt\n|faint|p2b: Scizor\n|move|p2a: Sinistcha|Matcha Gotcha|p1a: Rotom\n|-supereffective|p1a: Rotom|1\n|-damage|p1a: Rotom|38/100\n|-heal|p2a: Sinistcha|70/100|[from] drain|[of] p1a: Rotom\n|\n|upkeep\n|\n|t:|1776428765\n|switch|p1b: Gardevoir|Gardevoir-Mega, L50, M, shiny|100/100\n|switch|p2b: Basculegion|Basculegion, L50, M|100/100\n|turn|6\n|\n|t:|1776428779\n|move|p2a: Sinistcha|Rage Powder|p2a: Sinistcha\n|-singleturn|p2a: Sinistcha|move: Rage Powder\n|move|p1a: Rotom|Thunderbolt|p2a: Sinistcha\n|-resisted|p2a: Sinistcha|1\n|-damage|p2a: Sinistcha|51/100\n|-status|p2a: Sinistcha|par\n|move|p2b: Basculegion|Last Respects|p1b: Gardevoir\n|-supereffective|p1b: Gardevoir|1\n|-damage|p1b: Gardevoir|0 fnt\n|faint|p1b: Gardevoir\n|\n|upkeep\n|\n|t:|1776428786\n|switch|p1b: Bottom Surgery|Orthworm, L50, M|31/100\n|turn|7\n|\n|t:|1776428821\n|move|p1a: Rotom|Thunderbolt|p2b: Basculegion\n|-supereffective|p2b: Basculegion|1\n|-damage|p2b: Basculegion|24/100\n|move|p2b: Basculegion|Last Respects|p1a: Rotom\n|-damage|p1a: Rotom|0 fnt\n|faint|p1a: Rotom\n|move|p1b: Bottom Surgery|Heavy Slam|p2a: Sinistcha\n|-damage|p2a: Sinistcha|22/100 par\n|move|p2a: Sinistcha|Matcha Gotcha|p1b: Bottom Surgery\n|-resisted|p1b: Bottom Surgery|1\n|-damage|p1b: Bottom Surgery|12/100\n|-heal|p2a: Sinistcha|31/100 par|[from] drain|[of] p1b: Bottom Surgery\n|-status|p1b: Bottom Surgery|brn\n|\n|-damage|p1b: Bottom Surgery|6/100 brn|[from] brn\n|upkeep\n|turn|8\n|\n|t:|1776428831\n|move|p2b: Basculegion|Last Respects|p1b: Bottom Surgery\n|-damage|p1b: Bottom Surgery|0 fnt\n|faint|p1b: Bottom Surgery\n|\n|win|emmannuelle\n",
  "uploadtime": 1776428832,
  "views": 21,
  "formatid": "gen9championsvgc2026regma",
  "rating": null,
  "private": 0,
  "password": null
}