{
  "id": "gen9championsvgc2026regma-2581937658",
  "format": "[Gen 9 Champions] VGC 2026 Reg M-A",
  "players": [
    "BigRoflet",
    "pedroplay033"
  ],
  "log": "|j|\u203dBigRoflet\n|j|\u2606pedroplay033\n|t:|1776041402\n|gametype|doubles\n|player|p1|BigRoflet|harlequin|1039\n|player|p2|pedroplay033|n|1057\n|gen|9\n|tier|[Gen 9 Champions] VGC 2026 Reg M-A\n|rated|\n|rule|Species Clause: Limit one of each Pok\u00e9mon\n|rule|Item Clause: Limit 1 of each item\n|clearpoke\n|poke|p1|Sneasler, L50, M|\n|poke|p1|Feraligatr, L50, M|\n|poke|p1|Aerodactyl, L50, M|\n|poke|p1|Incineroar, L50, M|\n|poke|p1|Sinistcha, L50|\n|poke|p1|Orthworm, L50, F|\n|poke|p2|Golurk, L50|\n|poke|p2|Maushold-Four, L50|\n|poke|p2|Sinistcha, L50|\n|poke|p2|Garchomp, L50, M|\n|poke|p2|Incineroar, L50, F|\n|poke|p2|Garganacl, L50, F|\n|teampreview|4\n|\n|t:|1776041420\n|teamsize|p1|4\n|teamsize|p2|4\n|start\n|switch|p1a: Orthworm|Orthworm, L50, F|100/100\n|switch|p1b: Sneasler|Sneasler, L50, M|100/100\n|switch|p2a: Incineroar|Incineroar, L50, F|100/100\n|switch|p2b: Sinistcha|Sinistcha, L50|100/100\n|-ability|p2a: Incineroar|Intimidate|boost\n|-unboost|p1a: Orthworm|atk|1\n|-unboost|p1b: Sneasler|atk|1\n|turn|1\n|\n|t:|1776041437\n|move|p1b: Sneasler|Fake Out|p2a: Incineroar\n|-damage|p2a: Incineroar|93/100\n|cant|p2a: Incineroar|flinch\n|move|p1a: Orthworm|Body Press|p2a: Incineroar\n|-supereffective|p2a: Incineroar|1\n|-damage|p2a: Incineroar|55/100\n|move|p2b: Sinistcha|Trick Room|p2b: Sinistcha\n|-fieldstart|move: Trick Room|[of] p2b: Sinistcha\n|\n|upkeep\n|turn|2\n|\n|t:|1776041460\n|move|p2b: Sinistcha|Rage Powder|p2b: Sinistcha\n|-singleturn|p2b: Sinistcha|move: Rage Powder\n|move|p2a: Incineroar|Parting Shot|p1b: Sneasler\n|-unboost|p1b: Sneasler|atk|1\n|-unboost|p1b: Sneasler|spa|1\n|\n|t:|1776041465\n|switch|p2a: Golurk|Golurk, L50|100/100|[from] Parting Shot\n|move|p1a: Orthworm|Shed Tail|p1a: Orthworm\n|-start|p1a: Orthworm|Substitute|[from] move: Shed Tail\n|-damage|p1a: Orthworm|50/100\n|-enditem|p1a: Orthworm|Sitrus Berry|[eat]\n|-heal|p1a: Orthworm|75/100|[from] item: Sitrus Berry\n|\n|t:|1776041473\n|switch|p1a: Feraligatr|Feraligatr, L50, M|100/100|[from] Shed Tail\n|move|p1b: Sneasler|Coaching|p1a: Feraligatr\n|-boost|p1a: Feraligatr|atk|1\n|-boost|p1a: Feraligatr|def|1\n|\n|upkeep\n|turn|3\n|\n|t:|1776041500\n|detailschange|p2a: Golurk|Golurk-Mega, L50\n|-mega|p2a: Golurk|Golurk|Golurkite\n|detailschange|p1a: Feraligatr|Feraligatr-Mega, L50, M\n|-mega|p1a: Feraligatr|Feraligatr|Feraligite\n|move|p2b: Sinistcha|Rage Powder|p2b: Sinistcha\n|-singleturn|p2b: Sinistcha|move: Rage Powder\n|move|p2a: Golurk|Earthquake|p1a: Feraligatr|[spread] p2b,p1a,p1b\n|-end|p1a: Feraligatr|Substitute\n|-resisted|p2b: Sinistcha|1\n|-supereffective|p1b: Sneasler|1\n|-damage|p2b: Sinistcha|82/100\n|-enditem|p1b: Sneasler|Focus Sash\n|-damage|p1b: Sneasler|1/100\n|move|p1a: Feraligatr|Liquidation|p2b: Sinistcha\n|-resisted|p2b: Sinistcha|1\n|-damage|p2b: Sinistcha|54/100\n|move|p1b: Sneasler|Dire Claw|p2b: Sinistcha\n|-damage|p2b: Sinistcha|39/100\n|-enditem|p2b: Sinistcha|Sitrus Berry|[eat]\n|-heal|p2b: Sinistcha|63/100|[from] item: Sitrus Berry\n|\n|upkeep\n|turn|4\n|\n|t:|1776041531\n|switch|p1b: Incineroar|Incineroar, L50, M|100/100\n|-ability|p1b: Incineroar|Intimidate|boost\n|-unboost|p2a: Golurk|atk|1\n|-unboost|p2b: Sinistcha|atk|1\n|move|p1a: Feraligatr|Protect|p1a: Feraligatr\n|-singleturn|p1a: Feraligatr|Protect\n|move|p2a: Golurk|Ice Punch|p1a: Feraligatr\n|-ability|p2a: Golurk|Unseen Fist\n|-zbroken|p1a: Feraligatr\n|-damage|p1a: Feraligatr|98/100\n|move|p2b: Sinistcha|Matcha Gotcha|p1a: Feraligatr|[spread] p1b\n|-activate|p1a: Feraligatr|move: Protect\n|-resisted|p1b: Incineroar|1\n|-damage|p1b: Incineroar|90/100\n|-heal|p2b: Sinistcha|70/100|[from] drain|[of] p1b: Incineroar\n|\n|upkeep\n|turn|5\n|\n|t:|1776041577\n|move|p1b: Incineroar|Flare Blitz|p2b: Sinistcha\n|-supereffective|p2b: Sinistcha|1\n|-damage|p2b: Sinistcha|0 fnt\n|faint|p2b: Sinistcha\n|-damage|p1b: Incineroar|70/100|[from] Recoil\n|move|p2a: Golurk|Drain Punch|p1b: Incineroar\n|-supereffective|p1b: Incineroar|1\n|-crit|p1b: Incineroar\n|-damage|p1b: Incineroar|0 fnt\n|faint|p1b: Incineroar\n|move|p1a: Feraligatr|Liquidation|p2a: Golurk\n|-supereffective|p2a: Golurk|1\n|-damage|p2a: Golurk|0 fnt\n|faint|p2a: Golurk\n|\n|-fieldend|move: Trick Room\n|upkeep\n|\n|t:|1776041595\n|switch|p2b: Incineroar|Incineroar, L50, F|55/100\n|switch|p2a: Garganacl|Garganacl, L50, F|100/100\n|switch|p1b: Sneasler|Sneasler, L50, M|1/100\n|-ability|p2b: Incineroar|Intimidate|boost\n|-unboost|p1a: Feraligatr|atk|1\n|-unboost|p1b: Sneasler|atk|1\n|turn|6\n|\n|t:|1776041611\n|move|p1b: Sneasler|Fake Out|p2b: Incineroar\n|-damage|p2b: Incineroar|49/100\n|cant|p2b: Incineroar|flinch\n|move|p1a: Feraligatr|Liquidation|p2b: Incineroar\n|-supereffective|p2b: Incineroar|1\n|-damage|p2b: Incineroar|0 fnt\n|faint|p2b: Incineroar\n|move|p2a: Garganacl|Iron Defense|p2a: Garganacl\n|-boost|p2a: Garganacl|def|2\n|\n|upkeep\n|turn|7\n|\n|t:|1776041630\n|move|p1b: Sneasler|Coaching|p1a: Feraligatr\n|-boost|p1a: Feraligatr|atk|1\n|-boost|p1a: Feraligatr|def|1\n|move|p1a: Feraligatr|Liquidation|p2a: Garganacl\n|-supereffective|p2a: Garganacl|1\n|-enditem|p2a: Garganacl|Passho Berry|[eat]\n|-enditem|p2a: Garganacl|Passho Berry|[weaken]\n|-damage|p2a: Garganacl|80/100\n|move|p2a: Garganacl|Salt Cure|p1a: Feraligatr\n|-damage|p1a: Feraligatr|91/100\n|-start|p1a: Feraligatr|Salt Cure\n|\n|-damage|p1a: Feraligatr|79/100|[from] Salt Cure\n|upkeep\n|turn|8\n|\n|t:|1776041652\n|move|p1b: Sneasler|Coaching|p1a: Feraligatr\n|-boost|p1a: Feraligatr|atk|1\n|-boost|p1a: Feraligatr|def|1\n|move|p1a: Feraligatr|Liquidation|p2a: Garganacl\n|-supereffective|p2a: Garganacl|1\n|-damage|p2a: Garganacl|15/100\n|move|p2a: Garganacl|Salt Cure|p1b: Sneasler\n|-resisted|p1b: Sneasler|1\n|-damage|p1b: Sneasler|0 fnt\n|faint|p1b: Sneasler\n|\n|-damage|p1a: Feraligatr|66/100|[from] Salt Cure\n|upkeep\n|-message|pedroplay033 forfeited.\n|\n|win|BigRoflet\n|raw|BigRoflet's rating: 1039 &rarr; <strong>1075</strong><br />(+36 for winning)\n|raw|pedroplay033's rating: 1057 &rarr; <strong>1037</strong><br />(-20 for losing)\n|l|\u2606pedroplay033\n|player|p2|\n",
  "uploadtime": 1776041667,
  "views": 24,
  "formatid": "gen9championsvgc2026regma",
  "rating": 1037,
  "private": 0,
  "password": null
}