{
  "id": "gen9championsvgc2026regma-2584047615",
  "format": "[Gen 9 Champions] VGC 2026 Reg M-A",
  "players": [
    "Elrusherito",
    "yukideee"
  ],
  "log": "|j|\u2606Elrusherito\n|j|\u2606yukideee\n|t:|1776219945\n|gametype|doubles\n|player|p1|Elrusherito|266|1093\n|player|p2|yukideee|cynthia-masters4|1040\n|gen|9\n|tier|[Gen 9 Champions] VGC 2026 Reg M-A\n|rated|\n|rule|Species Clause: Limit one of each Pok\u00e9mon\n|rule|Item Clause: Limit 1 of each item\n|clearpoke\n|poke|p1|Gyarados, L50, M|\n|poke|p1|Garchomp, L50, F|\n|poke|p1|Milotic, L50, F|\n|poke|p1|Pelipper, L50, F|\n|poke|p1|Archaludon, L50, M|\n|poke|p1|Gengar, L50, M|\n|poke|p2|Sinistcha-Masterpiece, L50|\n|poke|p2|Pelipper, L50, M|\n|poke|p2|Basculegion, L50, M|\n|poke|p2|Scizor, L50, M|\n|poke|p2|Alakazam, L50, M|\n|poke|p2|Drampa, L50, F|\n|teampreview|4\n|inactive|Battle timer is ON: inactive players will automatically lose when time's up. (requested by yukideee)\nyukideee has agreed to open team sheets.\n|inactive|Elrusherito has 60 seconds left.\n|\n|t:|1776219990\n|teamsize|p1|4\n|teamsize|p2|4\n|start\n|switch|p1a: Pelipper|Pelipper, L50, F|100/100\n|switch|p1b: Archaludon|Archaludon, L50, M|100/100\n|switch|p2a: Alakazam|Alakazam, L50, M|100/100\n|switch|p2b: Drampa|Drampa, L50, F|100/100\n|-weather|RainDance|[from] ability: Drizzle|[of] p1a: Pelipper\n|-ability|p2b: Drampa|Cloud Nine\n|turn|1\n|inactive|Elrusherito has 30 seconds left.\n|inactive|Elrusherito has 20 seconds left.\n|\n|t:|1776220028\n|move|p2a: Alakazam|Light Screen|p2a: Alakazam\n|-sidestart|p2: yukideee|move: Light Screen\n|move|p1b: Archaludon|Aura Sphere|p2b: Drampa\n|-supereffective|p2b: Drampa|1\n|-damage|p2b: Drampa|66/100\n|move|p1a: Pelipper|Hurricane|p2a: Alakazam\n|-damage|p2a: Alakazam|67/100\n|-start|p2a: Alakazam|confusion\n|move|p2b: Drampa|Calm Mind|p2b: Drampa\n|-boost|p2b: Drampa|spa|1\n|-boost|p2b: Drampa|spd|1\n|\n|-weather|RainDance|[upkeep]\n|upkeep\n|turn|2\n|inactive|Elrusherito has 30 seconds left.\n|inactive|yukideee has 30 seconds left.\n|inactive|Elrusherito has 20 seconds left.\n|inactive|yukideee has 20 seconds left.\n|inactive|Elrusherito has 15 seconds left.\n|inactive|yukideee has 15 seconds left.\n|inactive|yukideee has 10 seconds left.\n|inactive|yukideee has 5 seconds left.\n|\n|t:|1776220083\n|move|p1b: Archaludon|Protect|p1b: Archaludon\n|-singleturn|p1b: Archaludon|Protect\n|-activate|p2a: Alakazam|confusion\n|-damage|p2a: Alakazam|54/100|[from] confusion\n|move|p1a: Pelipper|Weather Ball|p2b: Drampa\n|-damage|p2b: Drampa|59/100\n|move|p2b: Drampa|Hyper Voice|p1b: Archaludon|[spread] p1a\n|-activate|p1b: Archaludon|move: Protect\n|-damage|p1a: Pelipper|42/100\n|\n|-weather|RainDance|[upkeep]\n|upkeep\n|turn|3\n|inactive|Elrusherito has 30 seconds left.\n|inactive|yukideee has 30 seconds left.\n|\n|t:|1776220114\n|-activate|p2a: Alakazam|confusion\n|move|p2a: Alakazam|Speed Swap|p2b: Drampa\n|-activate|p2a: Alakazam|move: Speed Swap|[of] p2b: Drampa\n|move|p2b: Drampa|Earth Power|p1b: Archaludon\n|-supereffective|p1b: Archaludon|1\n|-damage|p1b: Archaludon|0 fnt\n|faint|p1b: Archaludon\n|move|p1a: Pelipper|Hurricane|p2b: Drampa\n|-damage|p2b: Drampa|42/100\n|\n|-weather|RainDance|[upkeep]\n|upkeep\n|\n|t:|1776220133\n|switch|p1b: Gyarados|Gyarados, L50, M|100/100\n|turn|4\n|\n|t:|1776220158\n|detailschange|p2b: Drampa|Drampa-Mega, L50, F\n|-mega|p2b: Drampa|Drampa|Drampanite\n|detailschange|p1b: Gyarados|Gyarados-Mega, L50, M\n|-mega|p1b: Gyarados|Gyarados|Gyaradosite\n|-ability|p1b: Gyarados|Mold Breaker\n|move|p1a: Pelipper|Protect|p1a: Pelipper\n|-singleturn|p1a: Pelipper|Protect\n|move|p1b: Gyarados|Dragon Dance|p1b: Gyarados\n|-boost|p1b: Gyarados|atk|1\n|-boost|p1b: Gyarados|spe|1\n|move|p2b: Drampa|Hyper Voice|p1a: Pelipper|[spread] p1b\n|-activate|p1a: Pelipper|move: Protect\n|-damage|p1b: Gyarados|47/100\n|-activate|p2a: Alakazam|confusion\n|-damage|p2a: Alakazam|40/100|[from] confusion\n|\n|-weather|RainDance|[upkeep]\n|upkeep\n|turn|5\n|inactive|Elrusherito has 30 seconds left.\n|inactive|yukideee has 30 seconds left.\n|inactive|Elrusherito has 20 seconds left.\n|inactive|Elrusherito has 15 seconds left.\n|inactive|Elrusherito has 10 seconds left.\n|\n|t:|1776220206\n|move|p1b: Gyarados|Crunch|p2b: Drampa\n|-damage|p2b: Drampa|0 fnt\n|faint|p2b: Drampa\n|move|p1a: Pelipper|Hurricane|p2a: Alakazam\n|-damage|p2a: Alakazam|7/100\n|-end|p2a: Alakazam|confusion\n|move|p2a: Alakazam|Psychic|p1a: Pelipper\n|-damage|p1a: Pelipper|0 fnt\n|faint|p1a: Pelipper\n|\n|-weather|none\n|-sideend|p2: yukideee|move: Light Screen\n|upkeep\n|\n|t:|1776220219\n|switch|p1a: Gengar|Gengar, L50, M|100/100\n|switch|p2b: Sinistcha|Sinistcha-Masterpiece, L50|100/100\n|-heal|p2a: Alakazam|31/100|[from] ability: Hospitality|[of] p2b: Sinistcha\n|turn|6\n|\n|t:|1776220241\n|move|p1b: Gyarados|Protect|p1b: Gyarados\n|-singleturn|p1b: Gyarados|Protect\n|move|p2b: Sinistcha|Rage Powder|p2b: Sinistcha\n|-singleturn|p2b: Sinistcha|move: Rage Powder\n|move|p1a: Gengar|Shadow Ball|p2b: Sinistcha\n|-supereffective|p2b: Sinistcha|1\n|-crit|p2b: Sinistcha\n|-damage|p2b: Sinistcha|0 fnt\n|faint|p2b: Sinistcha\n|move|p2a: Alakazam|Psychic|p1a: Gengar\n|-supereffective|p1a: Gengar|1\n|-damage|p1a: Gengar|0 fnt\n|faint|p1a: Gengar\n|\n|upkeep\n|\n|t:|1776220252\n|switch|p2b: Scizor|Scizor, L50, M|100/100\n|turn|7\n|\n|t:|1776220266\n|move|p1b: Gyarados|Crunch|p2a: Alakazam\n|-supereffective|p2a: Alakazam|1\n|-enditem|p2a: Alakazam|Colbur Berry|[eat]\n|-enditem|p2a: Alakazam|Colbur Berry|[weaken]\n|-damage|p2a: Alakazam|0 fnt\n|faint|p2a: Alakazam\n|move|p2b: Scizor|Bug Bite|p1b: Gyarados\n|-supereffective|p1b: Gyarados|1\n|-damage|p1b: Gyarados|0 fnt\n|faint|p1b: Gyarados\n|\n|win|yukideee\n|raw|Elrusherito's rating: 1093 &rarr; <strong>1065</strong><br />(-28 for losing)\n|raw|yukideee's rating: 1040 &rarr; <strong>1079</strong><br />(+39 for winning)\n",
  "uploadtime": 1776220267,
  "views": 20,
  "formatid": "gen9championsvgc2026regma",
  "rating": 1065,
  "private": 0,
  "password": null
}