{
  "id": "gen9championsvgc2026regma-2584219944",
  "format": "[Gen 9 Champions] VGC 2026 Reg M-A",
  "players": [
    "nakoharuno",
    "Flamoflight"
  ],
  "log": "|j|\u2606nakoharuno\n|j|\u2606Flamoflight\n|t:|1776239728\n|gametype|doubles\n|player|p1|nakoharuno|dawn|1098\n|player|p2|Flamoflight|102|1102\n|gen|9\n|tier|[Gen 9 Champions] VGC 2026 Reg M-A\n|rated|\n|rule|Species Clause: Limit one of each Pok\u00e9mon\n|rule|Item Clause: Limit 1 of each item\n|clearpoke\n|poke|p1|Floette-Eternal, L50, F|\n|poke|p1|Garchomp, L50, M|\n|poke|p1|Gengar, L50, F|\n|poke|p1|Corviknight, L50, M|\n|poke|p1|Rotom-Frost, L50|\n|poke|p1|Ninetales-Alola, L50, F|\n|poke|p2|Starmie, L50|\n|poke|p2|Meganium, L50, F|\n|poke|p2|Pelipper, L50, F|\n|poke|p2|Basculegion, L50, M|\n|poke|p2|Aerodactyl, L50, M|\n|poke|p2|Incineroar, L50, F|\n|teampreview|4\n|\n|t:|1776239773\n|teamsize|p1|4\n|teamsize|p2|4\n|start\n|switch|p1a: Flordelis|Floette-Eternal, L50, F, shiny|100/100\n|switch|p1b: Forpu|Garchomp, L50, M|100/100\n|switch|p2a: Starmie|Starmie, L50, shiny|100/100\n|switch|p2b: Basculegion|Basculegion, L50, M|100/100\n|turn|1\n|\n|t:|1776239810\n|switch|p2a: Incineroar|Incineroar, L50, F, shiny|100/100\n|-ability|p2a: Incineroar|Intimidate|boost\n|-unboost|p1a: Flordelis|atk|1\n|-unboost|p1b: Forpu|atk|1\n|detailschange|p1a: Flordelis|Floette-Mega, L50, F, shiny\n|-mega|p1a: Flordelis|Floette|Floettite\n|-ability|p1a: Flordelis|Fairy Aura\n|move|p2b: Basculegion|Protect|p2b: Basculegion\n|-singleturn|p2b: Basculegion|Protect\n|move|p1b: Forpu|Rock Slide|p2a: Incineroar|[spread] \n|-activate|p2b: Basculegion|move: Protect\n|-miss|p1b: Forpu|p2a: Incineroar\n|move|p1a: Flordelis|Calm Mind|p1a: Flordelis\n|-boost|p1a: Flordelis|spa|1\n|-boost|p1a: Flordelis|spd|1\n|\n|upkeep\n|turn|2\n|\n|t:|1776239831\n|switch|p2a: Pelipper|Pelipper, L50, F, shiny|100/100\n|-weather|RainDance|[from] ability: Drizzle|[of] p2a: Pelipper\n|move|p1a: Flordelis|Protect|p1a: Flordelis\n|-singleturn|p1a: Flordelis|Protect\n|move|p2b: Basculegion|Wave Crash|p1a: Flordelis\n|-activate|p1a: Flordelis|move: Protect\n|move|p1b: Forpu|Rock Slide|p2b: Basculegion|[spread] p2a,p2b\n|-supereffective|p2a: Pelipper|1\n|-damage|p2a: Pelipper|60/100\n|-damage|p2b: Basculegion|82/100\n|\n|-weather|RainDance|[upkeep]\n|upkeep\n|turn|3\n|j| smiles150\n|\n|t:|1776239851\n|switch|p1b: Noplda|Ninetales-Alola, L50, F, shiny|100/100\n|-weather|Snowscape|[from] ability: Snow Warning|[of] p1b: Noplda\n|switch|p2a: Starmie|Starmie, L50, shiny|100/100\n|move|p1a: Flordelis|Light of Ruin|p2b: Basculegion\n|-damage|p2b: Basculegion|0 fnt\n|faint|p2b: Basculegion\n|-damage|p1a: Flordelis|46/100|[from] Recoil\n|\n|-weather|Snowscape|[upkeep]\n|upkeep\n|l| smiles150\n|\n|t:|1776239878\n|switch|p2b: Pelipper|Pelipper, L50, F, shiny|60/100\n|-weather|RainDance|[from] ability: Drizzle|[of] p2b: Pelipper\n|turn|4\n|\n|t:|1776239904\n|switch|p1b: Rotom|Rotom-Frost, L50, shiny|100/100\n|detailschange|p2a: Starmie|Starmie-Mega, L50, shiny\n|-mega|p2a: Starmie|Starmie|Starminite\n|move|p2a: Starmie|Liquidation|p1b: Rotom\n|-damage|p1b: Rotom|0 fnt\n|faint|p1b: Rotom\n|move|p1a: Flordelis|Draining Kiss|p2a: Starmie\n|-damage|p2a: Starmie|22/100\n|-heal|p1a: Flordelis|100/100|[from] drain|[of] p2a: Starmie\n|move|p2b: Pelipper|Tailwind|p2b: Pelipper\n|-sidestart|p2: Flamoflight|move: Tailwind\n|\n|-weather|RainDance|[upkeep]\n|upkeep\n|\n|t:|1776239919\n|switch|p1b: Noplda|Ninetales-Alola, L50, F, shiny|100/100\n|-weather|Snowscape|[from] ability: Snow Warning|[of] p1b: Noplda\n|turn|5\n|\n|t:|1776239939\n|switch|p2b: Incineroar|Incineroar, L50, F, shiny|100/100\n|-ability|p2b: Incineroar|Intimidate|boost\n|-unboost|p1a: Flordelis|atk|1\n|-unboost|p1b: Noplda|atk|1\n|move|p1a: Flordelis|Protect|p1a: Flordelis\n|-singleturn|p1a: Flordelis|Protect\n|move|p2a: Starmie|Flip Turn|p1a: Flordelis\n|-activate|p1a: Flordelis|move: Protect\n|move|p1b: Noplda|Aurora Veil|p1b: Noplda\n|-sidestart|p1: nakoharuno|move: Aurora Veil\n|\n|-weather|Snowscape|[upkeep]\n|upkeep\n|turn|6\n|\n|t:|1776239961\n|switch|p2b: Pelipper|Pelipper, L50, F, shiny|60/100\n|-weather|RainDance|[from] ability: Drizzle|[of] p2b: Pelipper\n|move|p2a: Starmie|Liquidation|p1a: Flordelis\n|-damage|p1a: Flordelis|15/100\n|move|p1b: Noplda|Blizzard|p2a: Starmie|[spread] p2a,p2b\n|-resisted|p2a: Starmie|1\n|-damage|p2a: Starmie|0 fnt\n|-damage|p2b: Pelipper|9/100\n|-status|p2b: Pelipper|frz\n|faint|p2a: Starmie\n|move|p1a: Flordelis|Draining Kiss|p2b: Pelipper\n|-damage|p2b: Pelipper|0 fnt\n|-heal|p1a: Flordelis|21/100|[from] drain|[of] p2b: Pelipper\n|faint|p2b: Pelipper\n|\n|-weather|RainDance|[upkeep]\n|upkeep\n|-message|Flamoflight forfeited.\n|\n|win|nakoharuno\n|raw|nakoharuno's rating: 1098 &rarr; <strong>1124</strong><br />(+26 for winning)\n|raw|Flamoflight's rating: 1102 &rarr; <strong>1077</strong><br />(-25 for losing)\n|l|\u2606Flamoflight\n|player|p2|\n|c|\u2606nakoharuno|GG\n",
  "uploadtime": 1776239989,
  "views": 27,
  "formatid": "gen9championsvgc2026regma",
  "rating": 1077,
  "private": 0,
  "password": null
}