{
  "id": "gen9championsvgc2026regma-2582233784",
  "format": "[Gen 9 Champions] VGC 2026 Reg M-A",
  "players": [
    "1#MiraidonHater",
    "Klnito100"
  ],
  "log": "|j|\u26061#MiraidonHater\n|j|\u2606Klnito100\n|t:|1776074319\n|gametype|doubles\n|player|p1|1#MiraidonHater|169|1172\n|player|p2|Klnito100|drayden|1130\n|gen|9\n|tier|[Gen 9 Champions] VGC 2026 Reg M-A\n|rated|\n|rule|Species Clause: Limit one of each Pok\u00e9mon\n|rule|Item Clause: Limit 1 of each item\n|clearpoke\n|poke|p1|Kommo-o, L50, F|\n|poke|p1|Glimmora, L50, F|\n|poke|p1|Incineroar, L50, M|\n|poke|p1|Sinistcha, L50|\n|poke|p1|Palafin, L50, F|\n|poke|p1|Corviknight, L50, M|\n|poke|p2|Scovillain, L50, M|\n|poke|p2|Primarina, L50, F|\n|poke|p2|Kingambit, L50, M|\n|poke|p2|Sneasler, L50, M|\n|poke|p2|Garchomp, L50, M|\n|poke|p2|Aerodactyl, L50, M|\n|teampreview|4\n|inactive|Battle timer is ON: inactive players will automatically lose when time's up. (requested by Klnito100)\n|inactive|1#MiraidonHater has 60 seconds left.\n|\n|t:|1776074371\n|teamsize|p1|4\n|teamsize|p2|4\n|start\n|switch|p1a: Glimmora|Glimmora, L50, F|100/100\n|switch|p1b: Corviknight|Corviknight, L50, M|100/100\n|switch|p2a: Scovillain|Scovillain, L50, M|100/100\n|switch|p2b: Kingambit|Kingambit, L50, M, shiny|100/100\n|turn|1\n|inactive|1#MiraidonHater has 30 seconds left.\n|inactive|Klnito100 has 30 seconds left.\n|inactive|1#MiraidonHater has 20 seconds left.\n|inactive|Klnito100 has 20 seconds left.\n|\n|t:|1776074413\n|detailschange|p2a: Scovillain|Scovillain-Mega, L50, M\n|-mega|p2a: Scovillain|Scovillain|Scovillainite\n|move|p1a: Glimmora|Spiky Shield|p1a: Glimmora\n|-singleturn|p1a: Glimmora|move: Protect\n|move|p2b: Kingambit|Protect|p2b: Kingambit\n|-singleturn|p2b: Kingambit|Protect\n|move|p2a: Scovillain|Flamethrower|p1b: Corviknight\n|-supereffective|p1b: Corviknight|1\n|-damage|p1b: Corviknight|39/100\n|move|p1b: Corviknight|Tailwind|p1b: Corviknight\n|-sidestart|p1: 1#MiraidonHater|move: Tailwind\n|\n|upkeep\n|turn|2\n|inactive|Klnito100 has 30 seconds left.\n|inactive|Klnito100 has 20 seconds left.\n|\n|t:|1776074452\n|switch|p1b: Kommo-o|Kommo-o, L50, F|100/100\n|detailschange|p1a: Glimmora|Glimmora-Mega, L50, F\n|-mega|p1a: Glimmora|Glimmora|Glimmoranite\n|move|p2a: Scovillain|Protect|p2a: Scovillain\n|-singleturn|p2a: Scovillain|Protect\n|move|p1a: Glimmora|Power Gem|p2a: Scovillain\n|-activate|p2a: Scovillain|move: Protect\n|move|p2b: Kingambit|Swords Dance|p2b: Kingambit\n|-boost|p2b: Kingambit|atk|2\n|\n|upkeep\n|turn|3\n|\n|t:|1776074476\n|move|p1a: Glimmora|Spiky Shield|p1a: Glimmora\n|-singleturn|p1a: Glimmora|move: Protect\n|move|p2a: Scovillain|Rage Powder|p2a: Scovillain\n|-singleturn|p2a: Scovillain|move: Rage Powder\n|move|p1b: Kommo-o|Aura Sphere|p2b: Kingambit\n|-supereffective|p2b: Kingambit|2\n|-damage|p2b: Kingambit|0 fnt\n|faint|p2b: Kingambit\n|\n|upkeep\n|\n|t:|1776074487\n|switch|p2b: Garchomp|Garchomp, L50, M|100/100\n|turn|4\n|\n|t:|1776074499\n|switch|p1a: Incineroar|Incineroar, L50, M|100/100\n|-ability|p1a: Incineroar|Intimidate|boost\n|-unboost|p2a: Scovillain|atk|1\n|-unboost|p2b: Garchomp|atk|1\n|move|p1b: Kommo-o|Protect|p1b: Kommo-o\n|-singleturn|p1b: Kommo-o|Protect\n|move|p2a: Scovillain|Rage Powder|p2a: Scovillain\n|-singleturn|p2a: Scovillain|move: Rage Powder\n|move|p2b: Garchomp|Dragon Claw|p1b: Kommo-o\n|-activate|p1b: Kommo-o|move: Protect\n|\n|-sideend|p1: 1#MiraidonHater|move: Tailwind\n|upkeep\n|turn|5\n|\n|t:|1776074513\n|move|p1a: Incineroar|Fake Out|p2b: Garchomp\n|-damage|p2b: Garchomp|88/100\n|-damage|p1a: Incineroar|88/100|[from] ability: Rough Skin|[of] p2b: Garchomp\n|move|p2a: Scovillain|Rage Powder|p2a: Scovillain\n|-singleturn|p2a: Scovillain|move: Rage Powder\n|cant|p2b: Garchomp|flinch\n|move|p1b: Kommo-o|Clangorous Soul|p1b: Kommo-o\n|-boost|p1b: Kommo-o|atk|1\n|-boost|p1b: Kommo-o|def|1\n|-boost|p1b: Kommo-o|spa|1\n|-boost|p1b: Kommo-o|spd|1\n|-boost|p1b: Kommo-o|spe|1\n|-damage|p1b: Kommo-o|68/100\n|\n|-heal|p1b: Kommo-o|74/100|[from] item: Leftovers\n|upkeep\n|turn|6\n|\n|t:|1776074532\n|move|p2a: Scovillain|Rage Powder|p2a: Scovillain\n|-singleturn|p2a: Scovillain|move: Rage Powder\n|move|p1b: Kommo-o|Clanging Scales|p2a: Scovillain|[spread] p2a,p2b\n|-supereffective|p2b: Garchomp|1\n|-crit|p2b: Garchomp\n|-enditem|p2b: Garchomp|Haban Berry|[eat]\n|-enditem|p2b: Garchomp|Haban Berry|[weaken]\n|-damage|p2a: Scovillain|46/100\n|-damage|p2b: Garchomp|0 fnt\n|-status|p1b: Kommo-o|brn|[from] ability: Spicy Spray|[of] p2a: Scovillain\n|faint|p2b: Garchomp\n|-unboost|p1b: Kommo-o|def|1\n|move|p1a: Incineroar|Flare Blitz|p2a: Scovillain\n|-damage|p2a: Scovillain|0 fnt\n|-immune|p1a: Incineroar\n|faint|p2a: Scovillain\n|-damage|p1a: Incineroar|75/100|[from] Recoil\n|\n|-heal|p1b: Kommo-o|80/100 brn|[from] item: Leftovers\n|-damage|p1b: Kommo-o|74/100 brn|[from] brn\n|upkeep\n|-message|Klnito100 forfeited.\n|\n|win|1#MiraidonHater\n|raw|1#MiraidonHater's rating: 1172 &rarr; <strong>1194</strong><br />(+22 for winning)\n|raw|Klnito100's rating: 1130 &rarr; <strong>1108</strong><br />(-22 for losing)\n|l|\u2606Klnito100\n|player|p2|\n|l|\u26061#MiraidonHater\n|player|p1|\n|j| porygon-epilepz\n",
  "uploadtime": 1776074551,
  "views": 14,
  "formatid": "gen9championsvgc2026regma",
  "rating": 1108,
  "private": 0,
  "password": null
}