{
  "id": "gen9championsvgc2026regma-2582035315",
  "format": "[Gen 9 Champions] VGC 2026 Reg M-A",
  "players": [
    "Kwow11",
    "woobiusart"
  ],
  "log": "|j|\u2606Kwow11\n|j|\u2606woobiusart\n|t:|1776050483\n|gametype|doubles\n|player|p1|Kwow11|170|1023\n|player|p2|woobiusart|roxie|1006\n|gen|9\n|tier|[Gen 9 Champions] VGC 2026 Reg M-A\n|rated|\n|rule|Species Clause: Limit one of each Pok\u00e9mon\n|rule|Item Clause: Limit 1 of each item\n|clearpoke\n|poke|p1|Archaludon, L50, M|\n|poke|p1|Pelipper, L50, F|\n|poke|p1|Lopunny, L50, M|\n|poke|p1|Basculegion, L50, M|\n|poke|p1|Empoleon, L50, M|\n|poke|p1|Arbok, L50, M|\n|poke|p2|Dragonite, L50, M|\n|poke|p2|Basculegion, L50, M|\n|poke|p2|Glimmora, L50, F|\n|poke|p2|Clefable, L50, F|\n|poke|p2|Kingambit, L50, F|\n|poke|p2|Gengar, L50, M|\n|teampreview|4\nKwow11 rejected open team sheets.\n|\n|t:|1776050520\n|teamsize|p1|4\n|teamsize|p2|4\n|start\n|switch|p1a: Arbok|Arbok, L50, M|100/100\n|switch|p1b: Pelipper|Pelipper, L50, F|100/100\n|switch|p2a: Glimmora|Glimmora, L50, F, shiny|100/100\n|switch|p2b: Dragonite|Dragonite, L50, M|100/100\n|-weather|RainDance|[from] ability: Drizzle|[of] p1b: Pelipper\n|-ability|p1a: Arbok|Intimidate|boost\n|-unboost|p2a: Glimmora|atk|1\n|-unboost|p2b: Dragonite|atk|1\n|turn|1\n|\n|t:|1776050540\n|detailschange|p2b: Dragonite|Dragonite-Mega, L50, M\n|-mega|p2b: Dragonite|Dragonite|Dragoninite\n|move|p2b: Dragonite|Stomping Tantrum|p1a: Arbok\n|-supereffective|p1a: Arbok|1\n|-damage|p1a: Arbok|70/100\n|move|p2a: Glimmora|Stealth Rock|p1b: Pelipper\n|-sidestart|p1: Kwow11|move: Stealth Rock\n|move|p1b: Pelipper|U-turn|p2b: Dragonite\n|-resisted|p2b: Dragonite|1\n|-damage|p2b: Dragonite|99/100\n|\n|t:|1776050549\n|switch|p1b: Archaludon|Archaludon, L50, M|100/100|[from] U-turn\n|-damage|p1b: Archaludon|94/100|[from] Stealth Rock\n|move|p1a: Arbok|Glare|p2a: Glimmora\n|-status|p2a: Glimmora|par\n|\n|-weather|RainDance|[upkeep]\n|-heal|p1a: Arbok|76/100|[from] item: Leftovers\n|upkeep\n|turn|2\n|\n|t:|1776050564\n|move|p2b: Dragonite|Outrage|p1a: Arbok\n|-damage|p1a: Arbok|39/100\n|move|p1b: Archaludon|Electro Shot||[still]\n|-prepare|p1b: Archaludon|Electro Shot\n|-boost|p1b: Archaludon|spa|1\n|-anim|p1b: Archaludon|Electro Shot|p2b: Dragonite\n|-damage|p2b: Dragonite|36/100\n|move|p1a: Arbok|Knock Off|p2a: Glimmora\n|-damage|p2a: Glimmora|73/100 par\n|-activate|p2a: Glimmora|ability: Toxic Debris\n|-sidestart|p1: Kwow11|move: Toxic Spikes\n|-enditem|p2a: Glimmora|Focus Sash|[from] move: Knock Off|[of] p1a: Arbok\n|move|p2a: Glimmora|Earth Power|p1b: Archaludon\n|-supereffective|p1b: Archaludon|1\n|-damage|p1b: Archaludon|0 fnt\n|faint|p1b: Archaludon\n|\n|-weather|RainDance|[upkeep]\n|-heal|p1a: Arbok|44/100|[from] item: Leftovers\n|upkeep\n|\n|t:|1776050586\n|switch|p1b: Pelipper|Pelipper, L50, F|100/100\n|-damage|p1b: Pelipper|76/100|[from] Stealth Rock\n|turn|3\n|\n|t:|1776050611\n|move|p1a: Arbok|Protect|p1a: Arbok\n|-singleturn|p1a: Arbok|Protect\n|move|p2a: Glimmora|Spiky Shield|p2a: Glimmora\n|-singleturn|p2a: Glimmora|move: Protect\n|move|p2b: Dragonite|Outrage|p1a: Arbok|[from] lockedmove\n|-activate|p1a: Arbok|move: Protect\n|move|p1b: Pelipper|Hurricane|p2b: Dragonite\n|-damage|p2b: Dragonite|0 fnt\n|faint|p2b: Dragonite\n|\n|-weather|RainDance|[upkeep]\n|-heal|p1a: Arbok|50/100|[from] item: Leftovers\n|upkeep\n|\n|t:|1776050623\n|switch|p2b: Kingambit|Kingambit, L50, F|100/100\n|-activate|p2b: Kingambit|ability: Supreme Overlord\n|-start|p2b: Kingambit|fallen1|[silent]\n|turn|4\n|\n|t:|1776050635\n|move|p1b: Pelipper|Tailwind|p1b: Pelipper\n|-sidestart|p1: Kwow11|move: Tailwind\n|move|p1a: Arbok|Glare|p2b: Kingambit\n|-status|p2b: Kingambit|par\n|move|p2a: Glimmora|Earth Power|p1a: Arbok\n|-supereffective|p1a: Arbok|1\n|-damage|p1a: Arbok|0 fnt\n|faint|p1a: Arbok\n|move|p2b: Kingambit|Swords Dance|p2b: Kingambit\n|-boost|p2b: Kingambit|atk|2\n|\n|-weather|RainDance|[upkeep]\n|upkeep\n|\n|t:|1776050646\n|switch|p1a: Basculegion|Basculegion, L50, M|100/100\n|-damage|p1a: Basculegion|88/100|[from] Stealth Rock\n|-status|p1a: Basculegion|psn\n|turn|5\n|\n|t:|1776050668\n|cant|p2a: Glimmora|par\n|move|p1a: Basculegion|Wave Crash|p2b: Kingambit\n|-damage|p2b: Kingambit|23/100 par\n|-damage|p1a: Basculegion|61/100 psn|[from] Recoil\n|move|p1b: Pelipper|Hurricane|p2b: Kingambit\n|-resisted|p2b: Kingambit|1\n|-damage|p2b: Kingambit|0 fnt\n|faint|p2b: Kingambit\n|-end|p2b: Kingambit|fallen1|[silent]\n|\n|-weather|none\n|-damage|p1a: Basculegion|49/100 psn|[from] psn\n|upkeep\n|\n|t:|1776050679\n|switch|p2b: Basculegion|Basculegion, L50, M|100/100\n|turn|6\n|\n|t:|1776050708\n|move|p1a: Basculegion|Crunch|p2b: Basculegion\n|-supereffective|p2b: Basculegion|1\n|-damage|p2b: Basculegion|28/100\n|-unboost|p2b: Basculegion|def|1\n|move|p1b: Pelipper|Hurricane|p2b: Basculegion\n|-damage|p2b: Basculegion|0 fnt\n|faint|p2b: Basculegion\n|move|p2a: Glimmora|Sludge Bomb|p1b: Pelipper\n|-damage|p1b: Pelipper|0 fnt\n|faint|p1b: Pelipper\n|\n|-damage|p1a: Basculegion|36/100 psn|[from] psn\n|upkeep\n|turn|7\n|\n|t:|1776050723\n|move|p2a: Glimmora|Spiky Shield|p2a: Glimmora\n|-singleturn|p2a: Glimmora|move: Protect\n|move|p1a: Basculegion|Wave Crash|p2a: Glimmora\n|-activate|p2a: Glimmora|move: Protect\n|-damage|p1a: Basculegion|24/100 psn|[from] Spiky Shield|[of] p2a: Glimmora\n|\n|-damage|p1a: Basculegion|12/100 psn|[from] psn\n|-sideend|p1: Kwow11|move: Tailwind\n|upkeep\n|turn|8\n|\n|t:|1776050749\n|move|p2a: Glimmora|Spiky Shield||[still]\n|-fail|p2a: Glimmora\n|move|p1a: Basculegion|Wave Crash|p2a: Glimmora\n|-supereffective|p2a: Glimmora|1\n|-damage|p2a: Glimmora|0 fnt\n|-activate|p2a: Glimmora|ability: Toxic Debris\n|-sidestart|p1: Kwow11|move: Toxic Spikes\n|faint|p2a: Glimmora\n|-damage|p1a: Basculegion|0 fnt|[from] Recoil\n|faint|p1a: Basculegion\n|\n|win|Kwow11\n|raw|Kwow11's rating: 1023 &rarr; <strong>1058</strong><br />(+35 for winning)\n|raw|woobiusart's rating: 1006 &rarr; <strong>1000</strong><br />(-6 for losing)\n|l|\u2606Kwow11\n|player|p1|\n|c|\u2606woobiusart|lol\n",
  "uploadtime": 1776050823,
  "views": 19,
  "formatid": "gen9championsvgc2026regma",
  "rating": 1000,
  "private": 0,
  "password": null
}