{
  "id": "gen9championsvgc2026regma-2581199186",
  "format": "[Gen 9 Champions] VGC 2026 Reg M-A",
  "players": [
    "alexzarded",
    "platanopower420"
  ],
  "log": "|j|\u2606alexzarded\n|j|\u2606platanopower420\n|t:|1775969882\n|gametype|doubles\n|player|p1|alexzarded|blackbelt-gen4|1074\n|player|p2|platanopower420|psychic-gen4|1159\n|gen|9\n|tier|[Gen 9 Champions] VGC 2026 Reg M-A\n|rated|\n|rule|Species Clause: Limit one of each Pok\u00e9mon\n|rule|Item Clause: Limit 1 of each item\n|clearpoke\n|poke|p1|Charizard, L50, M|\n|poke|p1|Venusaur, L50, M|\n|poke|p1|Garchomp, L50, M|\n|poke|p1|Rotom-Wash, L50|\n|poke|p1|Sneasler, L50, M|\n|poke|p1|Incineroar, L50, M|\n|poke|p2|Delphox, L50, M|\n|poke|p2|Garchomp, L50, F|\n|poke|p2|Floette-Eternal, L50, F|\n|poke|p2|Whimsicott, L50, M|\n|poke|p2|Sneasler, L50, F|\n|poke|p2|Arcanine-Hisui, L50, M|\n|teampreview|4\n|inactive|Battle timer is ON: inactive players will automatically lose when time's up. (requested by platanopower420)\n|inactive|platanopower420 has 60 seconds left.\n|\n|t:|1775969915\n|teamsize|p1|4\n|teamsize|p2|4\n|start\n|switch|p1a: Incineroar|Incineroar, L50, M|100/100\n|switch|p1b: Garchomp|Garchomp, L50, M, shiny|100/100\n|switch|p2a: Floette|Floette-Eternal, L50, F|100/100\n|switch|p2b: Garchomp|Garchomp, L50, F|100/100\n|-ability|p1a: Incineroar|Intimidate|boost\n|-unboost|p2a: Floette|atk|1\n|-unboost|p2b: Garchomp|atk|1\n|turn|1\n|inactive|alexzarded has 30 seconds left.\n|\n|t:|1775969942\n|switch|p2b: Arcanine|Arcanine-Hisui, L50, M|100/100\n|-ability|p2b: Arcanine|Intimidate|boost\n|-unboost|p1a: Incineroar|atk|1\n|-unboost|p1b: Garchomp|atk|1\n|detailschange|p2a: Floette|Floette-Mega, L50, F\n|-mega|p2a: Floette|Floette|Floettite\n|-ability|p2a: Floette|Fairy Aura\n|move|p1a: Incineroar|Fake Out|p2a: Floette\n|-damage|p2a: Floette|92/100\n|move|p1b: Garchomp|Rock Slide|p2b: Arcanine|[spread] p2a\n|-miss|p1b: Garchomp|p2b: Arcanine\n|-damage|p2a: Floette|77/100\n|cant|p2a: Floette|flinch\n|\n|upkeep\n|turn|2\n|inactive|alexzarded has 30 seconds left.\n|\n|t:|1775969970\n|move|p1b: Garchomp|Rock Slide|p2b: Arcanine|[spread] p2a\n|-miss|p1b: Garchomp|p2b: Arcanine\n|-damage|p2a: Floette|64/100\n|move|p2b: Arcanine|Rock Slide|p1b: Garchomp|[spread] p1a,p1b\n|-supereffective|p1a: Incineroar|1\n|-resisted|p1b: Garchomp|1\n|-damage|p1a: Incineroar|52/100\n|-damage|p1b: Garchomp|87/100\n|move|p2a: Floette|Calm Mind|p2a: Floette\n|-boost|p2a: Floette|spa|1\n|-boost|p2a: Floette|spd|1\n|move|p1a: Incineroar|Parting Shot|p2a: Floette\n|-unboost|p2a: Floette|atk|1\n|-unboost|p2a: Floette|spa|1\n|\n|t:|1775969986\n|switch|p1a: Sneasler|Sneasler, L50, M|100/100|[from] Parting Shot\n|\n|upkeep\n|turn|3\n|\n|t:|1775969999\n|switch|p2b: Garchomp|Garchomp, L50, F|100/100\n|move|p1a: Sneasler|Fake Out|p2b: Garchomp\n|-damage|p2b: Garchomp|85/100\n|-damage|p1a: Sneasler|88/100|[from] ability: Rough Skin|[of] p2b: Garchomp\n|move|p1b: Garchomp|Rock Slide|p2a: Floette|[spread] p2a,p2b\n|-resisted|p2b: Garchomp|1\n|-damage|p2a: Floette|51/100\n|-damage|p2b: Garchomp|78/100\n|cant|p2a: Floette|flinch\n|\n|upkeep\n|turn|4\n|\n|t:|1775970017\n|move|p2b: Garchomp|Earthquake|p1b: Garchomp|[spread] p2a,p1a,p1b\n|-supereffective|p1a: Sneasler|1\n|-damage|p2a: Floette|12/100\n|-damage|p1a: Sneasler|0 fnt\n|-damage|p1b: Garchomp|50/100\n|faint|p1a: Sneasler\n|move|p1b: Garchomp|Rock Slide|p2b: Garchomp|[spread] p2a,p2b\n|-crit|p2a: Floette\n|-resisted|p2b: Garchomp|1\n|-damage|p2a: Floette|0 fnt\n|-damage|p2b: Garchomp|70/100\n|faint|p2a: Floette\n|\n|upkeep\n|\n|t:|1775970026\n|switch|p1a: Incineroar|Incineroar, L50, M|52/100\n|switch|p2a: Delphox|Delphox, L50, M|100/100\n|-ability|p1a: Incineroar|Intimidate|boost\n|-unboost|p2a: Delphox|atk|1\n|-unboost|p2b: Garchomp|atk|1\n|turn|5\n|\n|t:|1775970040\n|switch|p2b: Arcanine|Arcanine-Hisui, L50, M|100/100\n|-ability|p2b: Arcanine|Intimidate|boost\n|-unboost|p1a: Incineroar|atk|1\n|-unboost|p1b: Garchomp|atk|1\n|move|p2a: Delphox|Protect|p2a: Delphox\n|-singleturn|p2a: Delphox|Protect\n|move|p1a: Incineroar|Fake Out|p2b: Arcanine\n|-resisted|p2b: Arcanine|1\n|-damage|p2b: Arcanine|95/100\n|move|p1b: Garchomp|Rock Slide|p2b: Arcanine|[spread] p2b\n|-activate|p2a: Delphox|move: Protect\n|-supereffective|p2b: Arcanine|1\n|-damage|p2b: Arcanine|68/100\n|\n|-heal|p2b: Arcanine|74/100|[from] item: Leftovers\n|upkeep\n|turn|6\n|\n|t:|1775970056\n|switch|p2a: Garchomp|Garchomp, L50, F|70/100\n|switch|p1a: Rotom|Rotom-Wash, L50, shiny|100/100\n|move|p1b: Garchomp|Rock Slide|p2a: Garchomp|[spread] p2a\n|-miss|p1b: Garchomp|p2b: Arcanine\n|-resisted|p2a: Garchomp|1\n|-damage|p2a: Garchomp|65/100\n|move|p2b: Arcanine|Rock Slide|p1b: Garchomp|[spread] p1a,p1b\n|-resisted|p1b: Garchomp|1\n|-damage|p1a: Rotom|78/100\n|-damage|p1b: Garchomp|36/100\n|\n|-heal|p2b: Arcanine|80/100|[from] item: Leftovers\n|-heal|p1a: Rotom|83/100|[from] item: Leftovers\n|upkeep\n|turn|7\n|\n|t:|1775970073\n|move|p2a: Garchomp|Dragon Claw|p1a: Rotom\n|-damage|p1a: Rotom|48/100\n|move|p1b: Garchomp|Rock Slide|p2b: Arcanine|[spread] p2a,p2b\n|-resisted|p2a: Garchomp|1\n|-supereffective|p2b: Arcanine|1\n|-damage|p2a: Garchomp|60/100\n|-damage|p2b: Arcanine|50/100\n|cant|p2b: Arcanine|flinch\n|move|p1a: Rotom|Hydro Pump|p2b: Arcanine\n|-supereffective|p2b: Arcanine|2\n|-damage|p2b: Arcanine|0 fnt\n|faint|p2b: Arcanine\n|\n|-heal|p1a: Rotom|54/100|[from] item: Leftovers\n|upkeep\n|\n|t:|1775970079\n|switch|p2b: Delphox|Delphox, L50, M|100/100\n|turn|8\n|\n|t:|1775970101\n|move|p2a: Garchomp|Dragon Claw|p1b: Garchomp\n|-supereffective|p1b: Garchomp|1\n|-damage|p1b: Garchomp|0 fnt\n|-damage|p2a: Garchomp|48/100|[from] ability: Rough Skin|[of] p1b: Garchomp\n|faint|p1b: Garchomp\n|move|p2b: Delphox|Psychic|p1a: Rotom\n|-damage|p1a: Rotom|4/100\n|move|p1a: Rotom|Hydro Pump|p2b: Delphox\n|-supereffective|p2b: Delphox|1\n|-damage|p2b: Delphox|0 fnt\n|faint|p2b: Delphox\n|\n|-heal|p1a: Rotom|9/100|[from] item: Leftovers\n|upkeep\n|\n|t:|1775970114\n|switch|p1b: Incineroar|Incineroar, L50, M|52/100\n|-ability|p1b: Incineroar|Intimidate|boost\n|-unboost|p2a: Garchomp|atk|1\n|turn|9\n|\n|t:|1775970133\n|move|p1b: Incineroar|Fake Out|p2a: Garchomp\n|-damage|p2a: Garchomp|33/100\n|-damage|p1b: Incineroar|40/100|[from] ability: Rough Skin|[of] p2a: Garchomp\n|-enditem|p1b: Incineroar|Sitrus Berry|[eat]\n|-heal|p1b: Incineroar|64/100|[from] item: Sitrus Berry\n|cant|p2a: Garchomp|flinch\n|move|p1a: Rotom|Will-O-Wisp|p2a: Garchomp\n|-status|p2a: Garchomp|brn\n|\n|-heal|p1a: Rotom|15/100|[from] item: Leftovers\n|-damage|p2a: Garchomp|28/100 brn|[from] brn\n|upkeep\n|turn|10\n|\n|t:|1775970153\n|move|p1a: Rotom|Protect|p1a: Rotom\n|-singleturn|p1a: Rotom|Protect\n|move|p2a: Garchomp|Dragon Claw|p1a: Rotom\n|-activate|p1a: Rotom|move: Protect\n|move|p1b: Incineroar|Darkest Lariat|p2a: Garchomp\n|-damage|p2a: Garchomp|0 fnt\n|-damage|p1b: Incineroar|52/100|[from] ability: Rough Skin|[of] p2a: Garchomp\n|faint|p2a: Garchomp\n|\n|win|alexzarded\n|raw|alexzarded's rating: 1074 &rarr; <strong>1111</strong><br />(+37 for winning)\n|raw|platanopower420's rating: 1176 &rarr; <strong>1144</strong><br />(-32 for losing)\n|c|\u2606alexzarded|gg\n",
  "uploadtime": 1775970165,
  "views": 27,
  "formatid": "gen9championsvgc2026regma",
  "rating": 1111,
  "private": 0,
  "password": null
}