{
  "id": "gen9championsvgc2026regma-2580476098",
  "format": "[Gen 9 Champions] VGC 2026 Reg M-A",
  "players": [
    "star\u262ddweller",
    "benniOVYalt"
  ],
  "log": "|j|\u2606star\u262ddweller\n|j|\u2606benniOVYalt\n|html|<table width=\"100%\"><tr><td align=\"left\">star\u262ddweller</td><td align=\"right\">benniOVYalt</tr><tr><td align=\"left\"><i class=\"fa fa-circle-o\"></i> <i class=\"fa fa-circle-o\"></i> </td><td align=\"right\"><i class=\"fa fa-circle-o\"></i> <i class=\"fa fa-circle-o\"></i> </tr></table>\n|uhtml|bestof|<h2><strong>Game 1</strong> of <a href=\"/game-bestof3-gen9championsvgc2026regma-2580476097\">a best-of-3</a></h2>\n|t:|1775902172\n|gametype|doubles\n|player|p1|star\u262ddweller|az|\n|player|p2|benniOVYalt|psychic-gen4|\n|gen|9\n|tier|[Gen 9 Champions] VGC 2026 Reg M-A\n|rated|Tournament battle\n|rule|Species Clause: Limit one of each Pok\u00e9mon\n|rule|Item Clause: Limit 1 of each item\n|raw|<div class=\"infobox\"><details class=\"readmore\" open><summary><strong>2 custom rules:</strong></summary> best of=3, force open team sheets</details></div>\n|clearpoke\n|poke|p1|Glimmora, L50, F|\n|poke|p1|Ninetales-Alola, L50, M|\n|poke|p1|Incineroar, L50, F|\n|poke|p1|Sinistcha, L50|\n|poke|p1|Volcarona, L50, F|\n|poke|p1|Basculegion, L50, M|\n|poke|p2|Venusaur, L50, M|\n|poke|p2|Gardevoir, L50, F|\n|poke|p2|Incineroar, L50, F|\n|poke|p2|Sneasler, L50, M|\n|poke|p2|Garchomp, L50, F|\n|poke|p2|Rotom-Wash, L50|\n|teampreview|4\n|showteam|p1|Glimmora||Glimmoranite|ToxicDebris|SludgeBomb,PowerGem,EarthPower,SpikyShield|||F|||50|]Ninetales-Alola||FocusSash|SnowWarning|Blizzard,IcyWind,AuroraVeil,Protect|||M|||50|]Incineroar||ChopleBerry|Intimidate|FakeOut,ThroatChop,PartingShot,FlareBlitz|||F|||50|]Sinistcha||KasibBerry|Hospitality|MatchaGotcha,ShadowBall,Protect,RagePowder||||||50|]Volcarona||Leftovers|FlameBody|HeatWave,BugBuzz,Protect,QuiverDance|||F|||50|]Basculegion||ChoiceScarf|Adaptability|WaveCrash,AquaJet,FlipTurn,LastRespects|||M|||50|\n|showteam|p2|Venusaur||Venusaurite|Overgrow|GigaDrain,LeechSeed,SludgeBomb,Protect|||M|||50|]Gardevoir||Gardevoirite|Trace|HyperVoice,Psychic,TrickRoom,Protect|||F|||50|]Incineroar||SitrusBerry|Intimidate|FlareBlitz,ThroatChop,PartingShot,FakeOut|||F|||50|]Sneasler||FocusSash|Unburden|CloseCombat,DireClaw,FakeOut,Protect|||M|||50|]Garchomp||SoftSand|RoughSkin|Earthquake,StompingTantrum,StoneEdge,Protect|||F|||50|]Rotom-Wash||ChoiceScarf|Levitate|HydroPump,VoltSwitch,Discharge,Electroweb||||||50|\n|j|@Therazer456\n|c|\u2606benniOVYalt|bug buzz volc?\n|c|\u2606star\u262ddweller|yerp\n|c|\u2606benniOVYalt|no way that has ever been clicked?\n|c|\u2606star\u262ddweller|the other options arent as good without tera\n|j| espatocular\n|c|\u2606star\u262ddweller|no its pretty useful\n|c|@Therazer456|its a good choice for it tbh\n|c|@Therazer456|no tera makes giga drain kinda bad\n|c|\u2606star\u262ddweller|good into farig lol\n|c|@Therazer456|etc\n|c|\u2606star\u262ddweller|yup and no tera fairy blast\n|c|\u2606benniOVYalt|i do like volc tho\n|c|\u2606benniOVYalt|it seems pretty good rn\n|c|\u2606star\u262ddweller|mega venu is cool\n|c|\u2606benniOVYalt|good base speeds, flame body, set up, can theaten a lot\n|c|\u2606benniOVYalt|yeh i like it a lot\n|c|\u2606benniOVYalt|feels kinda power crept tho\n|\n|t:|1775902310\n|teamsize|p1|4\n|teamsize|p2|4\n|start\n|switch|p1a: Ninetales|Ninetales-Alola, L50, M|100/100\n|switch|p1b: Incineroar|Incineroar, L50, F|100/100\n|switch|p2a: Garchomp|Garchomp, L50, F|100/100\n|switch|p2b: Rotom|Rotom-Wash, L50|100/100\n|-weather|Snowscape|[from] ability: Snow Warning|[of] p1a: Ninetales\n|-ability|p1b: Incineroar|Intimidate|boost\n|-unboost|p2a: Garchomp|atk|1\n|-unboost|p2b: Rotom|atk|1\n|turn|1\n|c|\u2606benniOVYalt|the bulk doesnt feel nearly as high as its supposed to feel\n|l| espatocular\n|c|\u2606star\u262ddweller|how the hell is it powercrept lol\n|c|\u2606benniOVYalt|nah nah just how everything else is way more offensive\n|c|\u2606star\u262ddweller|bro it was used in regulation i\n|c|\u2606star\u262ddweller|lmao\n|n|!benniOVYalt|benniovyalt\n|c|\u2606star\u262ddweller|this format is very low power level\n|\n|t:|1775902408\n|switch|p2a: Incineroar|Incineroar, L50, F|100/100\n|-ability|p2a: Incineroar|Intimidate|boost\n|-unboost|p1a: Ninetales|atk|1\n|-unboost|p1b: Incineroar|atk|1\n|move|p1b: Incineroar|Fake Out|p2b: Rotom\n|-damage|p2b: Rotom|91/100\n|cant|p2b: Rotom|flinch\n|move|p1a: Ninetales|Blizzard|p2b: Rotom|[spread] p2a,p2b\n|-resisted|p2a: Incineroar|1\n|-resisted|p2b: Rotom|1\n|-damage|p2a: Incineroar|88/100\n|-damage|p2b: Rotom|72/100\n|\n|-weather|Snowscape|[upkeep]\n|upkeep\n|turn|2\n|\n|t:|1775902452\n|switch|p1a: Glimmora|Glimmora, L50, F|100/100\n|move|p2a: Incineroar|Fake Out|p1a: Glimmora\n|-resisted|p1a: Glimmora|1\n|-damage|p1a: Glimmora|94/100\n|-activate|p1a: Glimmora|ability: Toxic Debris\n|-sidestart|p2: benniOVYalt|move: Toxic Spikes\n|move|p2b: Rotom|Hydro Pump|p1b: Incineroar|[miss]\n|-miss|p2b: Rotom|p1b: Incineroar\n|move|p1b: Incineroar|Parting Shot|p2b: Rotom\n|-unboost|p2b: Rotom|atk|1\n|-unboost|p2b: Rotom|spa|1\n|c|\u2606star\u262ddweller|unlucky\n|\n|t:|1775902474\n|switch|p1b: Basculegion|Basculegion, L50, M|100/100|[from] Parting Shot\n|\n|-weather|Snowscape|[upkeep]\n|upkeep\n|turn|3\n|\n|t:|1775902486\n|switch|p2b: Garchomp|Garchomp, L50, F|100/100\n|-status|p2b: Garchomp|psn\n|detailschange|p1a: Glimmora|Glimmora-Mega, L50, F\n|-mega|p1a: Glimmora|Glimmora|Glimmoranite\n|move|p1b: Basculegion|Wave Crash|p2a: Incineroar\n|-supereffective|p2a: Incineroar|1\n|-damage|p2a: Incineroar|0 fnt\n|faint|p2a: Incineroar\n|-damage|p1b: Basculegion|71/100|[from] Recoil\n|move|p1a: Glimmora|Sludge Bomb|p2b: Garchomp\n|-resisted|p2b: Garchomp|1\n|-damage|p2b: Garchomp|61/100 psn\n|\n|-weather|Snowscape|[upkeep]\n|-damage|p2b: Garchomp|49/100 psn|[from] psn\n|upkeep\n|\n|t:|1775902497\n|switch|p2a: Rotom|Rotom-Wash, L50|72/100\n|turn|4\n|\n|t:|1775902521\n|switch|p1b: Incineroar|Incineroar, L50, F|100/100\n|-ability|p1b: Incineroar|Intimidate|boost\n|-unboost|p2a: Rotom|atk|1\n|-unboost|p2b: Garchomp|atk|1\n|move|p1a: Glimmora|Spiky Shield|p1a: Glimmora\n|-singleturn|p1a: Glimmora|move: Protect\n|move|p2a: Rotom|Discharge|p1b: Incineroar|[spread] p1b\n|-activate|p1a: Glimmora|move: Protect\n|-immune|p2b: Garchomp\n|-damage|p1b: Incineroar|82/100\n|move|p2b: Garchomp|Earthquake|p1b: Incineroar|[spread] p1b\n|-activate|p1a: Glimmora|move: Protect\n|-immune|p2a: Rotom|[from] ability: Levitate\n|-supereffective|p1b: Incineroar|1\n|-damage|p1b: Incineroar|22/100\n|\n|-weather|Snowscape|[upkeep]\n|-damage|p2b: Garchomp|37/100 psn|[from] psn\n|upkeep\n|turn|5\n|\n|t:|1775902542\n|move|p1b: Incineroar|Fake Out|p2b: Garchomp\n|-damage|p2b: Garchomp|26/100 psn\n|-damage|p1b: Incineroar|9/100|[from] ability: Rough Skin|[of] p2b: Garchomp\n|move|p2a: Rotom|Discharge|p1a: Glimmora|[spread] p1a,p1b\n|-immune|p2b: Garchomp\n|-damage|p1a: Glimmora|62/100\n|-damage|p1b: Incineroar|0 fnt\n|-status|p1a: Glimmora|par\n|faint|p1b: Incineroar\n|cant|p2b: Garchomp|flinch\n|move|p1a: Glimmora|Sludge Bomb|p2a: Rotom\n|-damage|p2a: Rotom|0 fnt\n|faint|p2a: Rotom\n|\n|-weather|none\n|-damage|p2b: Garchomp|14/100 psn|[from] psn\n|upkeep\n|\n|t:|1775902562\n|switch|p2a: Gardevoir|Gardevoir, L50, F|100/100\n|switch|p1b: Ninetales|Ninetales-Alola, L50, M|100/100\n|-weather|Snowscape|[from] ability: Snow Warning|[of] p1b: Ninetales\n|-status|p2a: Gardevoir|psn\n|-ability|p2a: Gardevoir|Snow Warning|Trace|[from] ability: Trace|[of] p1b: Ninetales\n|turn|6\n|\n|t:|1775902582\n|detailschange|p2a: Gardevoir|Gardevoir-Mega, L50, F\n|-mega|p2a: Gardevoir|Gardevoir|Gardevoirite\n|move|p2b: Garchomp|Protect|p2b: Garchomp\n|-singleturn|p2b: Garchomp|Protect\n|move|p1b: Ninetales|Blizzard|p2b: Garchomp|[spread] p2a\n|-activate|p2b: Garchomp|move: Protect\n|-damage|p2a: Gardevoir|73/100 psn\n|move|p2a: Gardevoir|Hyper Voice|p1a: Glimmora|[spread] p1a,p1b\n|-resisted|p1a: Glimmora|1\n|-damage|p1a: Glimmora|34/100 par\n|-damage|p1b: Ninetales|37/100\n|move|p1a: Glimmora|Sludge Bomb|p2a: Gardevoir\n|-supereffective|p2a: Gardevoir|1\n|-damage|p2a: Gardevoir|0 fnt\n|faint|p2a: Gardevoir\n|\n|-weather|Snowscape|[upkeep]\n|-damage|p2b: Garchomp|2/100 psn|[from] psn\n|upkeep\n|turn|7\n|-message|benniOVYalt forfeited.\n|\n|win|star\u262ddweller\n",
  "uploadtime": 1775902350,
  "views": 15,
  "formatid": "gen9championsvgc2026regma",
  "rating": null,
  "private": 0,
  "password": null
}