{
  "id": "gen9championsvgc2026regma-2582950971",
  "format": "[Gen 9 Champions] VGC 2026 Reg M-A",
  "players": [
    "Jah_08",
    "uioyhgtz"
  ],
  "log": "|j|\u2606Jah_08\n|j|\u2606uioyhgtz\n|t:|1776127811\n|gametype|doubles\n|player|p1|Jah_08|alder|1234\n|player|p2|uioyhgtz|hiker-gen4|1279\n|gen|9\n|tier|[Gen 9 Champions] VGC 2026 Reg M-A\n|rated|\n|rule|Species Clause: Limit one of each Pok\u00e9mon\n|rule|Item Clause: Limit 1 of each item\n|clearpoke\n|poke|p1|Excadrill, L50, M|\n|poke|p1|Whimsicott, L50, M|\n|poke|p1|Volcarona, L50, M|\n|poke|p1|Zoroark-Hisui, L50, M|\n|poke|p1|Basculegion, L50, M|\n|poke|p1|Conkeldurr, L50, M|\n|poke|p2|Cofagrigus, L50, M|\n|poke|p2|Scovillain, L50, M|\n|poke|p2|Primarina, L50, M|\n|poke|p2|Kangaskhan, L50, F|\n|poke|p2|Sneasler, L50, F|\n|poke|p2|Aerodactyl, L50, F|\n|teampreview|4\n|c|\u2606uioyhgtz|glhf!\n|inactive|Battle timer is ON: inactive players will automatically lose when time's up. (requested by uioyhgtz)\n|inactive|Jah_08 has 60 seconds left.\n|inactive|uioyhgtz has 60 seconds left.\n|j| TorukVGC\n|\n|t:|1776127859\n|teamsize|p1|4\n|teamsize|p2|4\n|start\n|switch|p1a: Basculegion|Basculegion, L50, M|100/100\n|switch|p1b: Whimsicott|Whimsicott, L50, M, shiny|100/100\n|switch|p2a: Scovillain|Scovillain, L50, M|100/100\n|switch|p2b: Primarina|Primarina, L50, M|100/100\n|turn|1\n|inactive|Jah_08 has 30 seconds left.\n|inactive|Jah_08 has 20 seconds left.\n|\n|t:|1776127897\n|detailschange|p2a: Scovillain|Scovillain-Mega, L50, M\n|-mega|p2a: Scovillain|Scovillain|Scovillainite\n|move|p1a: Basculegion|Sludge Bomb|p2b: Primarina\n|-supereffective|p2b: Primarina|1\n|-damage|p2b: Primarina|49/100\n|-status|p2b: Primarina|psn\n|-enditem|p2b: Primarina|Sitrus Berry|[eat]\n|-heal|p2b: Primarina|74/100 psn|[from] item: Sitrus Berry\n|move|p1b: Whimsicott|Moonblast|p2b: Primarina\n|-damage|p2b: Primarina|42/100 psn\n|move|p2a: Scovillain|Flamethrower|p1b: Whimsicott\n|-supereffective|p1b: Whimsicott|1\n|-enditem|p1b: Whimsicott|Focus Sash\n|-damage|p1b: Whimsicott|1/100\n|move|p2b: Primarina|Hyper Voice|p1b: Whimsicott|[spread] p1a,p1b\n|-resisted|p1b: Whimsicott|1\n|-damage|p1a: Basculegion|27/100\n|-damage|p1b: Whimsicott|0 fnt\n|replace|p1a: Zoroark|Zoroark-Hisui, L50, M\n|-end|p1a: Zoroark|Illusion\n|faint|p1b: Whimsicott\n|\n|-damage|p2b: Primarina|30/100 psn|[from] psn\n|upkeep\n|c|\u2606uioyhgtz|wait a minute....\n|c|\u2606uioyhgtz|basculegion doesnt get sludge bomb..\n|inactive|Jah_08 has 30 seconds left.\n|\n|t:|1776127924\n|switch|p1b: Excadrill|Excadrill, L50, M|100/100\n|-ability|p1b: Excadrill|Mold Breaker\n|turn|2\n|c|\u2606uioyhgtz|it must have gotten a buff!\n|\n|t:|1776127949\n|detailschange|p1b: Excadrill|Excadrill-Mega, L50, M\n|-mega|p1b: Excadrill|Excadrill|Excadrite\n|move|p1b: Excadrill|Protect|p1b: Excadrill\n|-singleturn|p1b: Excadrill|Protect\n|move|p1a: Zoroark|Sludge Bomb|p2a: Scovillain\n|-supereffective|p2a: Scovillain|1\n|-damage|p2a: Scovillain|40/100\n|-status|p1a: Zoroark|brn|[from] ability: Spicy Spray|[of] p2a: Scovillain\n|move|p2a: Scovillain|Flamethrower|p1b: Excadrill\n|-activate|p1b: Excadrill|move: Protect\n|move|p2b: Primarina|Hyper Voice|p1b: Excadrill|[spread] p1a\n|-activate|p1b: Excadrill|move: Protect\n|-damage|p1a: Zoroark|0 fnt\n|faint|p1a: Zoroark\n|\n|-damage|p2b: Primarina|18/100 psn|[from] psn\n|upkeep\n|\n|t:|1776127969\n|switch|p1a: Basculegion|Basculegion, L50, M|100/100\n|turn|3\n|\n|t:|1776127979\n|move|p2a: Scovillain|Rage Powder|p2a: Scovillain\n|-singleturn|p2a: Scovillain|move: Rage Powder\n|move|p1a: Basculegion|Last Respects|p2a: Scovillain\n|-damage|p2a: Scovillain|0 fnt\n|-status|p1a: Basculegion|brn|[from] ability: Spicy Spray|[of] p2a: Scovillain\n|faint|p2a: Scovillain\n|move|p1b: Excadrill|Rock Slide|p2b: Primarina\n|-damage|p2b: Primarina|0 fnt\n|faint|p2b: Primarina\n|\n|-damage|p1a: Basculegion|94/100 brn|[from] brn\n|upkeep\n|\n|t:|1776127983\n|switch|p2b: Cofagrigus|Cofagrigus, L50, M|100/100\n|switch|p2a: Sneasler|Sneasler, L50, F|100/100\n|turn|4\n|\n|t:|1776128005\n|move|p1b: Excadrill|Protect|p1b: Excadrill\n|-singleturn|p1b: Excadrill|Protect\n|move|p2a: Sneasler|Fake Out|p1b: Excadrill\n|-activate|p1b: Excadrill|move: Protect\n|move|p1a: Basculegion|Last Respects|p2b: Cofagrigus\n|-supereffective|p2b: Cofagrigus|1\n|-damage|p2b: Cofagrigus|28/100\n|move|p2b: Cofagrigus|Hex|p1a: Basculegion\n|-supereffective|p1a: Basculegion|1\n|-damage|p1a: Basculegion|0 fnt\n|faint|p1a: Basculegion\n|\n|-heal|p2b: Cofagrigus|34/100|[from] item: Leftovers\n|upkeep\n|turn|5\n|\n|t:|1776128022\n|move|p2a: Sneasler|Close Combat|p1b: Excadrill\n|-supereffective|p1b: Excadrill|1\n|-damage|p1b: Excadrill|0 fnt\n|-unboost|p2a: Sneasler|def|1\n|-unboost|p2a: Sneasler|spd|1\n|faint|p1b: Excadrill\n|\n|win|uioyhgtz\n|raw|Jah_08's rating: 1234 &rarr; <strong>1212</strong><br />(-22 for losing)\n|raw|uioyhgtz's rating: 1279 &rarr; <strong>1301</strong><br />(+22 for winning)\n|c|\u2606uioyhgtz|ggs wp\n|l|\u2606Jah_08\n|player|p1|\n|l| TorukVGC\n|l|\u2606uioyhgtz\n|player|p2|\n|j|\u2606Jah_08\n|player|p1|Jah_08|alder|\n",
  "uploadtime": 1776128137,
  "views": 20,
  "formatid": "gen9championsvgc2026regma",
  "rating": 1212,
  "private": 0,
  "password": null
}