{
  "id": "gen9championsvgc2026regma-2581762437",
  "format": "[Gen 9 Champions] VGC 2026 Reg M-A",
  "players": [
    "FearZero",
    "1NamiGlazer"
  ],
  "log": "|j|\u2606FearZero\n|j|\u26061NamiGlazer\n|t:|1776026445\n|gametype|doubles\n|player|p1|FearZero|265|1123\n|player|p2|1NamiGlazer|guzma|1034\n|gen|9\n|tier|[Gen 9 Champions] VGC 2026 Reg M-A\n|rated|\n|rule|Species Clause: Limit one of each Pok\u00e9mon\n|rule|Item Clause: Limit 1 of each item\n|clearpoke\n|poke|p1|Rotom-Wash, L50|\n|poke|p1|Sinistcha, L50|\n|poke|p1|Gallade, L50, M|\n|poke|p1|Garchomp, L50, F|\n|poke|p1|Tyranitar, L50, M|\n|poke|p1|Arcanine-Hisui, L50, F|\n|poke|p2|Crabominable, L50, F|\n|poke|p2|Farigiraf, L50, F|\n|poke|p2|Incineroar, L50, F|\n|poke|p2|Sinistcha, L50|\n|poke|p2|Charizard, L50, M|\n|poke|p2|Whimsicott, L50, M|\n|teampreview|4\n|inactive|Battle timer is ON: inactive players will automatically lose when time's up. (requested by 1NamiGlazer)\n|inactive|FearZero has 60 seconds left.\n|\n|t:|1776026487\n|teamsize|p1|4\n|teamsize|p2|4\n|start\n|switch|p1a: Sinistcha|Sinistcha, L50|100/100\n|switch|p1b: Gallade|Gallade, L50, M|100/100\n|switch|p2a: Farigiraf|Farigiraf, L50, F|100/100\n|switch|p2b: Incineroar|Incineroar, L50, F|100/100\n|-ability|p2b: Incineroar|Intimidate|boost\n|-unboost|p1a: Sinistcha|atk|1\n|-unboost|p1b: Gallade|atk|1\n|-enditem|p1b: Gallade|White Herb\n|-clearnegativeboost|p1b: Gallade|[silent]\n|turn|1\n|\n|t:|1776026505\n|move|p1b: Gallade|Protect|p1b: Gallade\n|-singleturn|p1b: Gallade|Protect\n|move|p2b: Incineroar|Fake Out|p1b: Gallade\n|-activate|p1b: Gallade|move: Protect\n|move|p1a: Sinistcha|Trick Room|p1a: Sinistcha\n|-fieldstart|move: Trick Room|[of] p1a: Sinistcha\n|move|p2a: Farigiraf|Trick Room|p2a: Farigiraf\n|-fieldend|move: Trick Room\n|\n|upkeep\n|turn|2\n|inactive|FearZero has 30 seconds left.\n|\n|t:|1776026533\n|move|p1b: Gallade|Sacred Sword|p2b: Incineroar\n|-supereffective|p2b: Incineroar|1\n|-damage|p2b: Incineroar|0 fnt\n|faint|p2b: Incineroar\n|move|p1a: Sinistcha|Matcha Gotcha|p2a: Farigiraf\n|-damage|p2a: Farigiraf|68/100\n|move|p2a: Farigiraf|Foul Play|p1a: Sinistcha\n|-supereffective|p1a: Sinistcha|1\n|-damage|p1a: Sinistcha|84/100\n|\n|upkeep\n|\n|t:|1776026546\n|switch|p2b: Sinistcha|Sinistcha, L50|100/100\n|-heal|p2a: Farigiraf|93/100|[from] ability: Hospitality|[of] p2b: Sinistcha\n|turn|3\n|\n|t:|1776026556\n|move|p1b: Gallade|Shadow Claw|p2b: Sinistcha\n|-supereffective|p2b: Sinistcha|1\n|-damage|p2b: Sinistcha|28/100\n|move|p2b: Sinistcha|Nasty Plot|p2b: Sinistcha\n|-boost|p2b: Sinistcha|spa|2\n|move|p2a: Farigiraf|Foul Play|p1b: Gallade\n|-damage|p1b: Gallade|50/100\n|move|p1a: Sinistcha|Trick Room|p1a: Sinistcha\n|-fieldstart|move: Trick Room|[of] p1a: Sinistcha\n|\n|upkeep\n|turn|4\n|\n|t:|1776026572\n|move|p1b: Gallade|Protect|p1b: Gallade\n|-singleturn|p1b: Gallade|Protect\n|move|p2a: Farigiraf|Hyper Voice|p1a: Sinistcha|[spread] \n|-activate|p1b: Gallade|move: Protect\n|-immune|p1a: Sinistcha\n|move|p1a: Sinistcha|Matcha Gotcha|p2a: Farigiraf|[spread] p2b\n|-miss|p1a: Sinistcha|p2a: Farigiraf\n|-resisted|p2b: Sinistcha|1\n|-damage|p2b: Sinistcha|16/100\n|-heal|p1a: Sinistcha|89/100|[from] drain|[of] p2b: Sinistcha\n|move|p2b: Sinistcha|Matcha Gotcha|p1b: Gallade|[spread] p1a\n|-activate|p1b: Gallade|move: Protect\n|-resisted|p1a: Sinistcha|1\n|-damage|p1a: Sinistcha|62/100\n|-heal|p2b: Sinistcha|32/100|[from] drain|[of] p1a: Sinistcha\n|\n|upkeep\n|turn|5\n|inactive|FearZero has 30 seconds left.\n|inactive|FearZero has 20 seconds left.\n|inactive|1NamiGlazer has 30 seconds left.\n|inactive|FearZero has 15 seconds left.\n|\n|t:|1776026612\n|switch|p1a: Tyranitar|Tyranitar, L50, M|100/100\n|-weather|Sandstorm|[from] ability: Sand Stream|[of] p1a: Tyranitar\n|switch|p1b: Arcanine|Arcanine-Hisui, L50, F|100/100\n|-ability|p1b: Arcanine|Intimidate|boost\n|-unboost|p2a: Farigiraf|atk|1\n|-unboost|p2b: Sinistcha|atk|1\n|move|p2a: Farigiraf|Foul Play|p1a: Tyranitar\n|-resisted|p1a: Tyranitar|1\n|-damage|p1a: Tyranitar|86/100\n|move|p2b: Sinistcha|Matcha Gotcha|p1b: Arcanine|[spread] p1a,p1b\n|-supereffective|p1a: Tyranitar|1\n|-damage|p1a: Tyranitar|13/100\n|-heal|p2b: Sinistcha|83/100|[from] drain|[of] p1a: Tyranitar\n|-damage|p1b: Arcanine|54/100\n|-heal|p2b: Sinistcha|100/100|[from] drain|[of] p1b: Arcanine\n|\n|-weather|Sandstorm|[upkeep]\n|-damage|p2a: Farigiraf|87/100|[from] Sandstorm\n|-damage|p2b: Sinistcha|94/100|[from] Sandstorm\n|upkeep\n|turn|6\n|inactive|FearZero has 30 seconds left.\n|inactive|1NamiGlazer has 30 seconds left.\n|inactive|FearZero has 20 seconds left.\n|c|\u26061NamiGlazer|Bottom five play oat\n|\n|t:|1776026652\n|move|p2a: Farigiraf|Foul Play|p1b: Arcanine\n|-damage|p1b: Arcanine|15/100\n|move|p1a: Tyranitar|Knock Off|p2b: Sinistcha\n|-supereffective|p2b: Sinistcha|1\n|-damage|p2b: Sinistcha|0 fnt\n|-enditem|p2b: Sinistcha|Miracle Seed|[from] move: Knock Off|[of] p1a: Tyranitar\n|faint|p2b: Sinistcha\n|move|p1b: Arcanine|Rock Slide|p2a: Farigiraf\n|-damage|p2a: Farigiraf|52/100\n|\n|-weather|Sandstorm|[upkeep]\n|-damage|p2a: Farigiraf|46/100|[from] Sandstorm\n|-enditem|p2a: Farigiraf|Sitrus Berry|[eat]\n|-heal|p2a: Farigiraf|71/100|[from] item: Sitrus Berry\n|upkeep\n|\n|t:|1776026667\n|switch|p2b: Crabominable|Crabominable, L50, F|100/100\n|turn|7\n|c|\u2606FearZero|u think?\n|\n|t:|1776026677\n|switch|p1b: Sinistcha|Sinistcha, L50|62/100\n|-heal|p1a: Tyranitar|38/100|[from] ability: Hospitality|[of] p1b: Sinistcha\n|detailschange|p2b: Crabominable|Crabominable-Mega, L50, F\n|-mega|p2b: Crabominable|Crabominable|Crabominite\n|move|p1a: Tyranitar|Protect|p1a: Tyranitar\n|-singleturn|p1a: Tyranitar|Protect\n|move|p2b: Crabominable|Drain Punch|p1b: Sinistcha\n|-immune|p1b: Sinistcha\n|move|p2a: Farigiraf|Hyper Voice|p1a: Tyranitar|[spread] \n|-activate|p1a: Tyranitar|move: Protect\n|-immune|p1b: Sinistcha\n|\n|-weather|Sandstorm|[upkeep]\n|-damage|p2b: Crabominable|94/100|[from] Sandstorm\n|-damage|p2a: Farigiraf|65/100|[from] Sandstorm\n|-damage|p1b: Sinistcha|56/100|[from] Sandstorm\n|-fieldend|move: Trick Room\n|upkeep\n|turn|8\n|c|\u26061NamiGlazer|Yeah\n|c|\u26061NamiGlazer|why would u double swap\n|c|\u2606FearZero|u sure?\n|c|\u26061NamiGlazer|Yes\n|c|\u26061NamiGlazer|still was\n|inactive|1NamiGlazer has 30 seconds left.\n|inactive|FearZero has 30 seconds left.\n|c|\u26061NamiGlazer|I messed up after but that double swap was atrocious\n|inactive|1NamiGlazer has 20 seconds left.\n|\n|t:|1776026714\n|detailschange|p1a: Tyranitar|Tyranitar-Mega, L50, M\n|-mega|p1a: Tyranitar|Tyranitar|Tyranitarite\n|move|p2b: Crabominable|Protect|p2b: Crabominable\n|-singleturn|p2b: Crabominable|Protect\n|move|p1b: Sinistcha|Rage Powder|p1b: Sinistcha\n|-singleturn|p1b: Sinistcha|move: Rage Powder\n|move|p1a: Tyranitar|Knock Off|p2a: Farigiraf\n|-supereffective|p2a: Farigiraf|1\n|-crit|p2a: Farigiraf\n|-damage|p2a: Farigiraf|0 fnt\n|faint|p2a: Farigiraf\n|\n|-weather|Sandstorm|[upkeep]\n|-damage|p1b: Sinistcha|49/100|[from] Sandstorm\n|-damage|p2b: Crabominable|88/100|[from] Sandstorm\n|-enditem|p1b: Sinistcha|Sitrus Berry|[eat]\n|-heal|p1b: Sinistcha|74/100|[from] item: Sitrus Berry\n|upkeep\n|turn|9\n|c|\u2606FearZero|u completely sure?\n|c|\u2606FearZero|like\n|c|\u2606FearZero|are YOU SURE'\n|c|\u2606FearZero|?\n|c|\u2606FearZero|last chance\n|c|\u26061NamiGlazer|Yes 200%\n|\n|t:|1776026736\n|switch|p1a: Arcanine|Arcanine-Hisui, L50, F|15/100\n|-ability|p1a: Arcanine|Intimidate|boost\n|-unboost|p2b: Crabominable|atk|1\n|move|p1b: Sinistcha|Matcha Gotcha|p2b: Crabominable\n|-damage|p2b: Crabominable|64/100\n|-heal|p1b: Sinistcha|88/100|[from] drain|[of] p2b: Crabominable\n|move|p2b: Crabominable|Drain Punch|p1a: Arcanine\n|-supereffective|p1a: Arcanine|1\n|-damage|p1a: Arcanine|0 fnt\n|-heal|p2b: Crabominable|71/100|[from] drain|[of] p1a: Arcanine\n|faint|p1a: Arcanine\n|\n|-weather|none\n|upkeep\n|c|\u2606FearZero|ARE\n|c|\u2606FearZero|YOU\n|c|\u2606FearZero|SURE?\n|\n|t:|1776026750\n|switch|p1a: Gallade|Gallade, L50, M|50/100\n|turn|10\n|c|\u26061NamiGlazer|Son\n|c|\u2606FearZero|like\n|c|\u2606FearZero|ARE YOU COMPLETELY SURE\n|c|\u2606FearZero|IT WAS A BOTTOM 5\n|c|\u2606FearZero|CONSIDERING YOU ARE ON YOUR LAST MON\n|inactive|FearZero has 30 seconds left.\n|inactive|1NamiGlazer has 30 seconds left.\n|c|\u2606FearZero|AND I JUST LOST A SINGLE MON\n|inactive|FearZero has 20 seconds left.\n|inactive|1NamiGlazer has 20 seconds left.\n|c|\u26061NamiGlazer|I had double special attack boosted Sinistcha and you swapped out of two neutral mobs into TTAR (your mega) AND arcanine\n|inactive|1NamiGlazer has 15 seconds left.\n|inactive|1NamiGlazer has 10 seconds left.\n|c|\u26061NamiGlazer|Yeah I misplayed too\n|inactive|1NamiGlazer has 5 seconds left.\n|\n|t:|1776026802\n|move|p1b: Sinistcha|Rage Powder|p1b: Sinistcha\n|-singleturn|p1b: Sinistcha|move: Rage Powder\n|move|p1a: Gallade|Sacred Sword|p2b: Crabominable\n|-supereffective|p2b: Crabominable|1\n|-damage|p2b: Crabominable|0 fnt\n|faint|p2b: Crabominable\n|\n|win|FearZero\n|raw|FearZero's rating: 1123 &rarr; <strong>1142</strong><br />(+19 for winning)\n|raw|1NamiGlazer's rating: 1034 &rarr; <strong>1023</strong><br />(-11 for losing)\n|c|\u2606FearZero|and both of them GET SPECIAL DEFENSE BOOSTED\n|c|\u2606FearZero|UNDER THE SANDSTORM\n|c|\u2606FearZero|??????????????\n|c|\u2606FearZero|no wonder you lost\n|c|\u26061NamiGlazer|You\u2019re risking a burn on TTAr\n|c|\u2606FearZero|you are stupid\n|c|\u2606FearZero|LMAO\n|c|\u26061NamiGlazer|?\n|c|\u26061NamiGlazer|Son\n|c|\u2606FearZero|gg ez\n|c|\u26061NamiGlazer|Alr\n|c|\u26061NamiGlazer|Have fun losing on the ladder again\n|l|\u26061NamiGlazer\n|player|p2|\n|c|\u2606FearZero|Lmao\n|c|\u2606FearZero|cry\n",
  "uploadtime": 1776026849,
  "views": 19,
  "formatid": "gen9championsvgc2026regma",
  "rating": 1023,
  "private": 0,
  "password": null
}