{
  "id": "gen9championsvgc2026regma-2583045277",
  "format": "[Gen 9 Champions] VGC 2026 Reg M-A",
  "players": [
    "Tealnotsu",
    "lolgz"
  ],
  "log": "|j|\u2606Tealnotsu\n|j|\u2606lolgz\n|t:|1776136253\n|gametype|doubles\n|player|p1|Tealnotsu|miku-ghost|\n|player|p2|lolgz|265|\n|gen|9\n|tier|[Gen 9 Champions] VGC 2026 Reg M-A\n|rated|Tournament battle\n|rule|Species Clause: Limit one of each Pok\u00e9mon\n|rule|Item Clause: Limit 1 of each item\n|raw|<div class=\"infobox\"><details class=\"readmore\" open><summary><strong>1 custom rule:</strong></summary> Force Open Team Sheets</details></div>\n|clearpoke\n|poke|p1|Charizard, L50, M|\n|poke|p1|Venusaur, L50, F|\n|poke|p1|Sneasler, L50, F|\n|poke|p1|Rotom-Wash, L50|\n|poke|p1|Incineroar, L50, F|\n|poke|p1|Excadrill, L50, F|\n|poke|p2|Charizard, L50, F|\n|poke|p2|Whimsicott, L50, M|\n|poke|p2|Basculegion, L50, M|\n|poke|p2|Farigiraf, L50, F|\n|poke|p2|Sneasler, L50, M|\n|poke|p2|Floette-Eternal, L50, F|\n|teampreview|4\n|showteam|p1|Charizard||CharizarditeY|SolarPower|AncientPower,HeatWave,Overheat,Protect|||M|||50|]Venusaur||FocusSash|Chlorophyll|EarthPower,AcidSpray,LeafStorm,Protect|||F|||50|]Sneasler||WhiteHerb|Unburden|CloseCombat,DireClaw,Taunt,Protect|||F|||50|]Rotom-Wash||SitrusBerry|Levitate|VoltSwitch,HydroPump,WillOWisp,Protect||||||50|]Incineroar||ShucaBerry|Intimidate|FlareBlitz,DarkestLariat,FakeOut,PartingShot|||F|||50|]Excadrill||ChoiceScarf|MoldBreaker|Earthquake,HighHorsepower,IronHead,RockSlide|||F|||50|\n|showteam|p2|Charizard||CharizarditeY|SolarPower|WeatherBall,HeatWave,SolarBeam,Protect|||F|||50|]Whimsicott||FocusSash|Prankster|Moonblast,Tailwind,SunnyDay,Encore|||M|||50|]Basculegion||ChoiceScarf|Adaptability|WaveCrash,AquaJet,LastRespects,FlipTurn|||M|||50|]Farigiraf||SitrusBerry|ArmorTail|Psychic,HyperVoice,HelpingHand,TrickRoom|||F|||50|]Sneasler||WhiteHerb|Unburden|FakeOut,CloseCombat,DireClaw,ThroatChop|||M|||50|]Floette-Eternal||Floettite|FlowerVeil|DazzlingGleam,LightofRuin,Moonblast,Protect|||F|||50|\n|j| pipievgc103\n|\n|t:|1776136305\n|teamsize|p1|4\n|teamsize|p2|4\n|start\n|switch|p1a: Charizardysies|Charizard, L50, M, shiny|100/100\n|switch|p1b: Incineroar|Incineroar, L50, F|100/100\n|switch|p2a: Whimsicott|Whimsicott, L50, M|100/100\n|switch|p2b: Charizard|Charizard, L50, F|100/100\n|-ability|p1b: Incineroar|Intimidate|boost\n|-unboost|p2a: Whimsicott|atk|1\n|-unboost|p2b: Charizard|atk|1\n|turn|1\n|\n|t:|1776136327\n|switch|p2b: Basculegion|Basculegion, L50, M|100/100\n|switch|p1b: Venusaurus|Venusaur, L50, F|100/100\n|detailschange|p1a: Charizardysies|Charizard-Mega-Y, L50, M, shiny\n|-mega|p1a: Charizardysies|Charizard|Charizardite Y\n|-weather|SunnyDay|[from] ability: Drought|[of] p1a: Charizardysies\n|move|p2a: Whimsicott|Tailwind|p2a: Whimsicott\n|-sidestart|p2: lolgz|move: Tailwind\n|move|p1a: Charizardysies|Ancient Power|p2b: Basculegion\n|-damage|p2b: Basculegion|72/100\n|\n|-weather|SunnyDay|[upkeep]\n|upkeep\n|turn|2\n|\n|t:|1776136361\n|move|p1a: Charizardysies|Protect|p1a: Charizardysies\n|-singleturn|p1a: Charizardysies|Protect\n|move|p2b: Basculegion|Flip Turn|p1b: Venusaurus\n|-resisted|p1b: Venusaurus|1\n|-damage|p1b: Venusaurus|89/100\n|\n|t:|1776136366\n|switch|p2b: Sneasler|Sneasler, L50, M|100/100|[from] Flip Turn\n|move|p2a: Whimsicott|Moonblast|p1b: Venusaurus\n|-resisted|p1b: Venusaurus|1\n|-damage|p1b: Venusaurus|72/100\n|move|p1b: Venusaurus|Acid Spray|p2a: Whimsicott\n|-supereffective|p2a: Whimsicott|2\n|-enditem|p2a: Whimsicott|Focus Sash\n|-damage|p2a: Whimsicott|1/100\n|-unboost|p2a: Whimsicott|spd|2\n|\n|-weather|SunnyDay|[upkeep]\n|upkeep\n|turn|3\n|j| OnToTheOther\n|\n|t:|1776136377\n|switch|p1a: Incineroar|Incineroar, L50, F|100/100\n|-ability|p1a: Incineroar|Intimidate|boost\n|-unboost|p2a: Whimsicott|atk|1\n|-unboost|p2b: Sneasler|atk|1\n|-enditem|p2b: Sneasler|White Herb\n|-clearnegativeboost|p2b: Sneasler|[silent]\n|move|p2b: Sneasler|Fake Out|p1b: Venusaurus\n|-damage|p1b: Venusaurus|53/100\n|move|p2a: Whimsicott|Encore|p1a: Incineroar\n|-hint|Since gen 7, Dark is immune to Prankster moves.\n|-immune|p1a: Incineroar\n|cant|p1b: Venusaurus|flinch\n|\n|-weather|SunnyDay|[upkeep]\n|upkeep\n|turn|4\n|j| howdy12345\n|\n|t:|1776136408\n|move|p1a: Incineroar|Fake Out|p2b: Sneasler\n|-damage|p2b: Sneasler|83/100\n|cant|p2b: Sneasler|flinch\n|move|p2a: Whimsicott|Moonblast|p1b: Venusaurus\n|-resisted|p1b: Venusaurus|1\n|-damage|p1b: Venusaurus|33/100\n|move|p1b: Venusaurus|Acid Spray|p2a: Whimsicott\n|-supereffective|p2a: Whimsicott|2\n|-damage|p2a: Whimsicott|0 fnt\n|faint|p2a: Whimsicott\n|\n|-weather|SunnyDay|[upkeep]\n|-sideend|p2: lolgz|move: Tailwind\n|upkeep\n|\n|t:|1776136416\n|switch|p2a: Basculegion|Basculegion, L50, M|72/100\n|turn|5\n|\n|t:|1776136422\n|move|p2b: Sneasler|Dire Claw|p1b: Venusaurus\n|-damage|p1b: Venusaurus|0 fnt\n|faint|p1b: Venusaurus\n|move|p2a: Basculegion|Wave Crash|p1a: Incineroar\n|-supereffective|p1a: Incineroar|1\n|-damage|p1a: Incineroar|33/100\n|-damage|p2a: Basculegion|49/100|[from] Recoil\n|move|p1a: Incineroar|Flare Blitz|p2b: Sneasler\n|-damage|p2b: Sneasler|0 fnt\n|faint|p2b: Sneasler\n|-damage|p1a: Incineroar|12/100|[from] Recoil\n|\n|-weather|none\n|upkeep\n|\n|t:|1776136451\n|switch|p2b: Charizard|Charizard, L50, F|100/100\n|switch|p1b: Excadrill|Excadrill, L50, F|100/100\n|-ability|p1b: Excadrill|Mold Breaker\n|turn|6\n|\n|t:|1776136459\n|detailschange|p2b: Charizard|Charizard-Mega-Y, L50, F\n|-mega|p2b: Charizard|Charizard|Charizardite Y\n|-weather|SunnyDay|[from] ability: Drought|[of] p2b: Charizard\n|move|p1b: Excadrill|High Horsepower|p2a: Basculegion\n|-damage|p2a: Basculegion|0 fnt\n|faint|p2a: Basculegion\n|move|p2b: Charizard|Heat Wave|p1b: Excadrill|[spread] p1a\n|-miss|p2b: Charizard|p1b: Excadrill\n|-resisted|p1a: Incineroar|1\n|-damage|p1a: Incineroar|0 fnt\n|faint|p1a: Incineroar\n|\n|-weather|SunnyDay|[upkeep]\n|upkeep\n|\n|t:|1776136467\n|switch|p1a: Charizardysies|Charizard-Mega-Y, L50, M, shiny|100/100\n|turn|7\n|\n|t:|1776136471\n|move|p1b: Excadrill|High Horsepower|p2b: Charizard\n|-immune|p2b: Charizard\n|move|p2b: Charizard|Heat Wave|p1b: Excadrill|[spread] p1a,p1b\n|-resisted|p1a: Charizardysies|1\n|-supereffective|p1b: Excadrill|1\n|-damage|p1a: Charizardysies|68/100\n|-damage|p1b: Excadrill|0 fnt\n|faint|p1b: Excadrill\n|move|p1a: Charizardysies|Ancient Power|p2b: Charizard\n|-supereffective|p2b: Charizard|2\n|-damage|p2b: Charizard|0 fnt\n|faint|p2b: Charizard\n|\n|win|Tealnotsu\n|n|\u2606Tealnotsu|tealnotsu\n|n|\u2606lolgz|lolgz\n|n| pipievgc103|pipievgc103\n|n| OnToTheOther|ontotheother\n|n| howdy12345|howdy12345\n",
  "uploadtime": 1776136472,
  "views": 10,
  "formatid": "gen9championsvgc2026regma",
  "rating": null,
  "private": 0,
  "password": null
}