{
  "id": "gen9championsvgc2026regma-2587768114",
  "format": "[Gen 9 Champions] VGC 2026 Reg M-A",
  "players": [
    "LSAbergaReor",
    "winronronwin"
  ],
  "log": "|j|\u2606LSAbergaReor\n|j|\u2606winronronwin\n|t:|1776562030\n|gametype|doubles\n|player|p1|LSAbergaReor|dawn|1160\n|player|p2|winronronwin|hilda|1132\n|gen|9\n|tier|[Gen 9 Champions] VGC 2026 Reg M-A\n|rated|\n|rule|Species Clause: Limit one of each Pok\u00e9mon\n|rule|Item Clause: Limit 1 of each item\n|clearpoke\n|poke|p1|Incineroar, L50, M|\n|poke|p1|Palafin, L50, M|\n|poke|p1|Floette-Eternal, L50, F|\n|poke|p1|Whimsicott, L50, M, shiny|\n|poke|p1|Garchomp, L50, F|\n|poke|p1|Sinistcha-Masterpiece, L50|\n|poke|p2|Floette-Eternal, L50, F, shiny|\n|poke|p2|Maushold, L50, shiny|\n|poke|p2|Garchomp, L50, M, shiny|\n|poke|p2|Talonflame, L50, F, shiny|\n|poke|p2|Sneasler, L50, F, shiny|\n|poke|p2|Incineroar, L50, M, shiny|\n|teampreview|4\n|inactive|Battle timer is ON: inactive players will automatically lose when time's up. (requested by LSAbergaReor)\n|\n|t:|1776562069\n|teamsize|p1|4\n|teamsize|p2|4\n|start\n|switch|p1a: Palafin|Palafin, L50, M|100/100\n|switch|p1b: Incineroar|Incineroar, L50, M|100/100\n|switch|p2a: Floette|Floette-Eternal, L50, F, shiny|100/100\n|switch|p2b: Talonflame|Talonflame, L50, F, shiny|100/100\n|-ability|p1b: Incineroar|Intimidate|boost\n|-unboost|p2a: Floette|atk|1\n|-unboost|p2b: Talonflame|atk|1\n|turn|1\n|\n|t:|1776562087\n|move|p1b: Incineroar|Fake Out|p2b: Talonflame\n|-damage|p2b: Talonflame|77/100\n|move|p1a: Palafin|Flip Turn|p2a: Floette\n|-damage|p2a: Floette|68/100\n|\n|t:|1776562096\n|detailschange|p1a: Palafin|Palafin-Hero, L50, M\n|switch|p1a: Whimsicott|Whimsicott, L50, M, shiny|100/100|[from] Flip Turn\n|cant|p2b: Talonflame|flinch\n|move|p2a: Floette|Calm Mind|p2a: Floette\n|-boost|p2a: Floette|spa|1\n|-boost|p2a: Floette|spd|1\n|\n|upkeep\n|turn|2\n|\n|t:|1776562115\n|move|p1a: Whimsicott|Encore|p2a: Floette\n|-start|p2a: Floette|Encore\n|move|p2b: Talonflame|Tailwind|p2b: Talonflame\n|-sidestart|p2: winronronwin|move: Tailwind\n|move|p2a: Floette|Calm Mind|p2a: Floette\n|-boost|p2a: Floette|spa|1\n|-boost|p2a: Floette|spd|1\n|move|p1b: Incineroar|Throat Chop|p2b: Talonflame\n|-damage|p2b: Talonflame|13/100\n|-start|p2b: Talonflame|Throat Chop|[silent]\n|\n|upkeep\n|turn|3\n|\n|t:|1776562131\n|switch|p2b: Maushold|Maushold, L50, shiny|100/100\n|move|p1a: Whimsicott|Encore||[still]\n|-fail|p1a: Whimsicott\n|move|p2a: Floette|Calm Mind|p2a: Floette\n|-boost|p2a: Floette|spa|1\n|-boost|p2a: Floette|spd|1\n|move|p1b: Incineroar|Flare Blitz|p2a: Floette\n|-damage|p2a: Floette|1/100\n|-damage|p1b: Incineroar|82/100|[from] Recoil\n|\n|upkeep\n|turn|4\n|inactive|LSAbergaReor has 30 seconds left.\n|\n|t:|1776562157\n|detailschange|p2a: Floette|Floette-Mega, L50, F, shiny\n|-mega|p2a: Floette|Floette|Floettite\n|-ability|p2a: Floette|Fairy Aura\n|move|p2b: Maushold|Follow Me|p2b: Maushold\n|-singleturn|p2b: Maushold|move: Follow Me\n|move|p1a: Whimsicott|Tailwind|p1a: Whimsicott\n|-sidestart|p1: LSAbergaReor|move: Tailwind\n|move|p2a: Floette|Calm Mind|p2a: Floette\n|-boost|p2a: Floette|spa|1\n|-boost|p2a: Floette|spd|1\n|move|p1b: Incineroar|Throat Chop|p2b: Maushold\n|-damage|p2b: Maushold|57/100\n|-start|p2b: Maushold|Throat Chop|[silent]\n|\n|-end|p2a: Floette|Encore\n|upkeep\n|turn|5\n|\n|t:|1776562180\n|move|p2b: Maushold|Follow Me|p2b: Maushold\n|-singleturn|p2b: Maushold|move: Follow Me\n|move|p1a: Whimsicott|Light Screen|p1a: Whimsicott\n|-sidestart|p1: LSAbergaReor|move: Light Screen\n|move|p2a: Floette|Dazzling Gleam|p1b: Incineroar|[spread] p1a,p1b\n|-enditem|p1a: Whimsicott|Focus Sash\n|-damage|p1a: Whimsicott|1/100\n|-damage|p1b: Incineroar|0 fnt\n|faint|p1b: Incineroar\n|\n|-end|p2b: Maushold|Throat Chop|[silent]\n|-sideend|p2: winronronwin|move: Tailwind\n|upkeep\n|inactive|LSAbergaReor has 30 seconds left.\n|\n|t:|1776562208\n|switch|p1b: Palafin|Palafin-Hero, L50, M|100/100\n|-activate|p1b: Palafin|ability: Zero to Hero\n|turn|6\n|\n|t:|1776562218\n|move|p2b: Maushold|Follow Me|p2b: Maushold\n|-singleturn|p2b: Maushold|move: Follow Me\n|move|p1b: Palafin|Waterfall|p2b: Maushold\n|-damage|p2b: Maushold|2/100\n|move|p1a: Whimsicott|Moonblast|p2b: Maushold\n|-damage|p2b: Maushold|0 fnt\n|faint|p2b: Maushold\n|move|p2a: Floette|Dazzling Gleam|p1b: Palafin|[spread] p1a,p1b\n|-damage|p1a: Whimsicott|0 fnt\n|-damage|p1b: Palafin|0 fnt\n|faint|p1a: Whimsicott\n|faint|p1b: Palafin\n|\n|upkeep\n|c|\u2606LSAbergaReor|...\n|\n|t:|1776562233\n|switch|p1b: Floette|Floette-Eternal, L50, F|100/100\n|switch|p2b: Talonflame|Talonflame, L50, F, shiny|13/100\n|turn|7\n|\n|t:|1776562254\n|detailschange|p1b: Floette|Floette-Mega, L50, F\n|-mega|p1b: Floette|Floette|Floettite\n|-ability|p1b: Floette|Fairy Aura\n|move|p1b: Floette|Light of Ruin|p2b: Talonflame\n|-resisted|p2b: Talonflame|1\n|-damage|p2b: Talonflame|0 fnt\n|faint|p2b: Talonflame\n|-damage|p1b: Floette|94/100|[from] Recoil\n|move|p2a: Floette|Moonblast|p1b: Floette\n|-damage|p1b: Floette|0 fnt\n|faint|p1b: Floette\n|\n|win|winronronwin\n|raw|LSAbergaReor's rating: 1160 &rarr; <strong>1133</strong><br />(-27 for losing)\n|raw|winronronwin's rating: 1132 &rarr; <strong>1159</strong><br />(+27 for winning)\n|l|\u2606LSAbergaReor\n|player|p1|\n",
  "uploadtime": 1776562268,
  "views": 10,
  "formatid": "gen9championsvgc2026regma",
  "rating": 1133,
  "private": 0,
  "password": null
}