{
  "id": "gen9championsvgc2026regma-2585058370",
  "format": "[Gen 9 Champions] VGC 2026 Reg M-A",
  "players": [
    "ZAPDOSISGOATED",
    "lakeandbake"
  ],
  "log": "|j|\u2606ZAPDOSISGOATED\n|j|\u203dlakeandbake\n|t:|1776307542\n|gametype|doubles\n|player|p1|ZAPDOSISGOATED|1|1195\n|player|p2|lakeandbake|iono-masters|1194\n|gen|9\n|tier|[Gen 9 Champions] VGC 2026 Reg M-A\n|rated|\n|rule|Species Clause: Limit one of each Pok\u00e9mon\n|rule|Item Clause: Limit 1 of each item\n|clearpoke\n|poke|p1|Aerodactyl, L50, F|\n|poke|p1|Garchomp, L50, M|\n|poke|p1|Whimsicott, L50, F|\n|poke|p1|Snorlax, L50, M|\n|poke|p1|Farigiraf, L50, F|\n|poke|p1|Typhlosion-Hisui, L50, F|\n|poke|p2|Drampa, L50, F|\n|poke|p2|Sinistcha, L50|\n|poke|p2|Torkoal, L50, F|\n|poke|p2|Sneasler, L50, F|\n|poke|p2|Incineroar, L50, F|\n|poke|p2|Farigiraf, L50, M|\n|teampreview|4\n|inactive|Battle timer is ON: inactive players will automatically lose when time's up. (requested by ZAPDOSISGOATED)\nZAPDOSISGOATED rejected open team sheets.\n|\n|t:|1776307564\n|teamsize|p1|4\n|teamsize|p2|4\n|start\n|switch|p1a: Garchomp|Garchomp, L50, M|100/100\n|switch|p1b: Aerodactyl|Aerodactyl, L50, F, shiny|100/100\n|switch|p2a: Torkoal|Torkoal, L50, F|100/100\n|switch|p2b: Sneasler|Sneasler, L50, F|100/100\n|-weather|SunnyDay|[from] ability: Drought|[of] p2a: Torkoal\n|turn|1\n|\n|t:|1776307581\n|move|p1b: Aerodactyl|Protect|p1b: Aerodactyl\n|-singleturn|p1b: Aerodactyl|Protect\n|move|p1a: Garchomp|Protect|p1a: Garchomp\n|-singleturn|p1a: Garchomp|Protect\n|move|p2b: Sneasler|Fake Out|p1a: Garchomp\n|-activate|p1a: Garchomp|move: Protect\n|move|p2a: Torkoal|Yawn|p1b: Aerodactyl\n|-activate|p1b: Aerodactyl|move: Protect\n|\n|-weather|SunnyDay|[upkeep]\n|upkeep\n|turn|2\n|\n|t:|1776307603\n|detailschange|p1b: Aerodactyl|Aerodactyl-Mega, L50, F, shiny\n|-mega|p1b: Aerodactyl|Aerodactyl|Aerodactylite\n|move|p1b: Aerodactyl|Dual Wingbeat|p2b: Sneasler\n|-supereffective|p2b: Sneasler|1\n|-enditem|p2b: Sneasler|Focus Sash\n|-damage|p2b: Sneasler|1/100\n|-supereffective|p2b: Sneasler|1\n|-damage|p2b: Sneasler|0 fnt\n|faint|p2b: Sneasler\n|-hitcount|p2: Sneasler|2\n|move|p1a: Garchomp|Earthquake|p2a: Torkoal|[spread] p2a\n|-immune|p1b: Aerodactyl\n|-supereffective|p2a: Torkoal|1\n|-damage|p2a: Torkoal|35/100\n|move|p2a: Torkoal|Yawn|p1b: Aerodactyl\n|-start|p1b: Aerodactyl|move: Yawn|[of] p2a: Torkoal\n|\n|-weather|SunnyDay|[upkeep]\n|upkeep\n|\n|t:|1776307610\n|switch|p2b: Sinistcha|Sinistcha, L50|100/100\n|-heal|p2a: Torkoal|60/100|[from] ability: Hospitality|[of] p2b: Sinistcha\n|turn|3\n|\n|t:|1776307626\n|switch|p1b: Typhlosion|Typhlosion-Hisui, L50, F|100/100\n|-item|p2a: Torkoal|Charcoal|[from] ability: Frisk|[of] p1b: Typhlosion\n|-item|p2b: Sinistcha|Sitrus Berry|[from] ability: Frisk|[of] p1b: Typhlosion\n|switch|p2a: Drampa|Drampa, L50, F|100/100\n|-ability|p2a: Drampa|Cloud Nine\n|move|p1a: Garchomp|Earthquake|p2b: Sinistcha|[spread] p1b,p2a,p2b\n|-supereffective|p1b: Typhlosion|1\n|-resisted|p2b: Sinistcha|1\n|-damage|p1b: Typhlosion|0 fnt\n|-damage|p2a: Drampa|58/100\n|-damage|p2b: Sinistcha|80/100\n|faint|p1b: Typhlosion\n|move|p2b: Sinistcha|Trick Room|p2b: Sinistcha\n|-fieldstart|move: Trick Room|[of] p2b: Sinistcha\n|\n|-weather|SunnyDay|[upkeep]\n|upkeep\n|\n|t:|1776307640\n|switch|p1b: Aerodactyl|Aerodactyl-Mega, L50, F, shiny|100/100\n|turn|4\n|\n|t:|1776307658\n|detailschange|p2a: Drampa|Drampa-Mega, L50, F\n|-mega|p2a: Drampa|Drampa|Drampanite\n|move|p1a: Garchomp|Protect|p1a: Garchomp\n|-singleturn|p1a: Garchomp|Protect\n|move|p2a: Drampa|Dragon Pulse|p1a: Garchomp\n|-activate|p1a: Garchomp|move: Protect\n|move|p2b: Sinistcha|Matcha Gotcha|p1a: Garchomp|[spread] p1b\n|-activate|p1a: Garchomp|move: Protect\n|-damage|p1b: Aerodactyl|69/100\n|-heal|p2b: Sinistcha|94/100|[from] drain|[of] p1b: Aerodactyl\n|move|p1b: Aerodactyl|Dual Wingbeat|p2a: Drampa\n|-damage|p2a: Drampa|35/100\n|-damage|p2a: Drampa|11/100\n|-hitcount|p2a: Drampa|2\n|-ability|p2a: Drampa|Berserk|boost\n|-boost|p2a: Drampa|spa|1\n|\n|-weather|SunnyDay|[upkeep]\n|upkeep\n|turn|5\n|inactive|ZAPDOSISGOATED has 30 seconds left.\n|inactive|lakeandbake has 30 seconds left.\n|\n|t:|1776307689\n|move|p2a: Drampa|Protect|p2a: Drampa\n|-singleturn|p2a: Drampa|Protect\n|move|p2b: Sinistcha|Matcha Gotcha|p1a: Garchomp|[spread] \n|-miss|p2b: Sinistcha|p1a: Garchomp\n|-miss|p2b: Sinistcha|p1b: Aerodactyl\n|move|p1a: Garchomp|Earthquake|p2a: Drampa|[spread] p2b\n|-activate|p2a: Drampa|move: Protect\n|-immune|p1b: Aerodactyl\n|-resisted|p2b: Sinistcha|1\n|-damage|p2b: Sinistcha|76/100\n|move|p1b: Aerodactyl|Rock Slide|p2a: Drampa|[spread] p2b\n|-activate|p2a: Drampa|move: Protect\n|-damage|p2b: Sinistcha|49/100\n|-enditem|p2b: Sinistcha|Sitrus Berry|[eat]\n|-heal|p2b: Sinistcha|74/100|[from] item: Sitrus Berry\n|\n|-weather|none\n|upkeep\n|turn|6\n|\n|t:|1776307712\n|move|p2a: Drampa|Dragon Pulse|p1a: Garchomp\n|-supereffective|p1a: Garchomp|1\n|-damage|p1a: Garchomp|0 fnt\n|faint|p1a: Garchomp\n|move|p2b: Sinistcha|Life Dew|p2b: Sinistcha|[spread] p2a,p2b\n|-heal|p2a: Drampa|36/100\n|-heal|p2b: Sinistcha|99/100\n|move|p1b: Aerodactyl|Rock Slide|p2b: Sinistcha|[spread] p2a,p2b\n|-damage|p2a: Drampa|11/100\n|-damage|p2b: Sinistcha|72/100\n|\n|upkeep\n|\n|t:|1776307722\n|switch|p1a: Whimsicott|Whimsicott, L50, F|100/100\n|turn|7\n|\n|t:|1776307729\n|move|p2a: Drampa|Flamethrower|p1a: Whimsicott\n|-supereffective|p1a: Whimsicott|1\n|-enditem|p1a: Whimsicott|Focus Sash\n|-damage|p1a: Whimsicott|1/100\n|move|p2b: Sinistcha|Matcha Gotcha|p1b: Aerodactyl|[spread] p1a,p1b\n|-resisted|p1a: Whimsicott|1\n|-damage|p1a: Whimsicott|0 fnt\n|-heal|p2b: Sinistcha|72/100|[from] drain|[of] p1a: Whimsicott\n|-damage|p1b: Aerodactyl|40/100\n|-heal|p2b: Sinistcha|85/100|[from] drain|[of] p1b: Aerodactyl\n|faint|p1a: Whimsicott\n|move|p1b: Aerodactyl|Dual Wingbeat|p2b: Sinistcha\n|-supereffective|p2b: Sinistcha|1\n|-damage|p2b: Sinistcha|30/100\n|-supereffective|p2b: Sinistcha|1\n|-damage|p2b: Sinistcha|0 fnt\n|faint|p2b: Sinistcha\n|-hitcount|p2: Sinistcha|2\n|\n|-fieldend|move: Trick Room\n|upkeep\n|-message|lakeandbake forfeited.\n|\n|win|ZAPDOSISGOATED\n|raw|ZAPDOSISGOATED's rating: 1195 &rarr; <strong>1220</strong><br />(+25 for winning)\n|raw|lakeandbake's rating: 1194 &rarr; <strong>1169</strong><br />(-25 for losing)\n",
  "uploadtime": 1776307748,
  "views": 17,
  "formatid": "gen9championsvgc2026regma",
  "rating": 1169,
  "private": 0,
  "password": null
}