{
  "id": "gen9championsvgc2026regma-2582966051",
  "format": "[Gen 9 Champions] VGC 2026 Reg M-A",
  "players": [
    "ranch12690",
    "vegemite360"
  ],
  "log": "|j|\u2606ranch12690\n|j|\u2606vegemite360\n|t:|1776129148\n|gametype|doubles\n|player|p1|ranch12690|266|1246\n|player|p2|vegemite360|bugcatcher-gen4dp|1258\n|gen|9\n|tier|[Gen 9 Champions] VGC 2026 Reg M-A\n|rated|\n|rule|Species Clause: Limit one of each Pok\u00e9mon\n|rule|Item Clause: Limit 1 of each item\n|clearpoke\n|poke|p1|Aerodactyl, L50, M|\n|poke|p1|Floette-Eternal, L50, F|\n|poke|p1|Garchomp, L50, F|\n|poke|p1|Aegislash, L50, M|\n|poke|p1|Basculegion, L50, M|\n|poke|p1|Rotom-Mow, L50|\n|poke|p2|Crabominable, L50, M|\n|poke|p2|Primarina, L50, M|\n|poke|p2|Armarouge, L50, M|\n|poke|p2|Drampa, L50, M|\n|poke|p2|Sinistcha, L50|\n|poke|p2|Incineroar, L50, M|\n|teampreview|4\n|inactive|Battle timer is ON: inactive players will automatically lose when time's up. (requested by vegemite360)\n|j| zzz1994000\n|inactive|ranch12690 has 60 seconds left.\n|\n|t:|1776129190\n|teamsize|p1|4\n|teamsize|p2|4\n|start\n|switch|p1a: Basculegion|Basculegion, L50, M|100/100\n|switch|p1b: Aerodactyl|Aerodactyl, L50, M|100/100\n|switch|p2a: Incineroar|Incineroar, L50, M|100/100\n|switch|p2b: Armarouge|Armarouge, L50, M|100/100\n|-ability|p1b: Aerodactyl|Unnerve\n|-ability|p2a: Incineroar|Intimidate|boost\n|-unboost|p1a: Basculegion|atk|1\n|-unboost|p1b: Aerodactyl|atk|1\n|turn|1\n|\n|t:|1776129210\n|move|p1b: Aerodactyl|Protect|p1b: Aerodactyl\n|-singleturn|p1b: Aerodactyl|Protect\n|move|p2b: Armarouge|Protect|p2b: Armarouge\n|-singleturn|p2b: Armarouge|Protect\n|move|p1a: Basculegion|Flip Turn|p2b: Armarouge\n|-activate|p2b: Armarouge|move: Protect\n|move|p2a: Incineroar|Will-O-Wisp|p1a: Basculegion\n|-status|p1a: Basculegion|brn\n|\n|-damage|p1a: Basculegion|94/100 brn|[from] brn\n|upkeep\n|turn|2\n|\n|t:|1776129229\n|detailschange|p1b: Aerodactyl|Aerodactyl-Mega, L50, M\n|-mega|p1b: Aerodactyl|Aerodactyl|Aerodactylite\n|move|p1b: Aerodactyl|Rock Slide|p2b: Armarouge|[spread] p2a,p2b\n|-supereffective|p2a: Incineroar|1\n|-supereffective|p2b: Armarouge|1\n|-damage|p2a: Incineroar|70/100\n|-damage|p2b: Armarouge|68/100\n|move|p1a: Basculegion|Flip Turn|p2b: Armarouge\n|-supereffective|p2b: Armarouge|1\n|-damage|p2b: Armarouge|46/100\n|\n|t:|1776129241\n|switch|p1a: Aegislash|Aegislash, L50, M|100/100|[from] Flip Turn\n|cant|p2a: Incineroar|flinch\n|move|p2b: Armarouge|Trick Room|p2b: Armarouge\n|-fieldstart|move: Trick Room|[of] p2b: Armarouge\n|\n|upkeep\n|turn|3\n|\n|t:|1776129257\n|switch|p1b: Basculegion|Basculegion, L50, M|94/100 brn\n|-formechange|p1a: Aegislash|Aegislash-Blade|\n|move|p1a: Aegislash|Shadow Ball|p2b: Armarouge\n|-supereffective|p2b: Armarouge|1\n|-damage|p2b: Armarouge|0 fnt\n|faint|p2b: Armarouge\n|move|p2a: Incineroar|Will-O-Wisp|p1b: Basculegion\n|-fail|p1b: Basculegion|brn\n|\n|-damage|p1b: Basculegion|88/100 brn|[from] brn\n|upkeep\n|\n|t:|1776129267\n|switch|p2b: Primarina|Primarina, L50, M|100/100\n|turn|4\n|\n|t:|1776129292\n|move|p2b: Primarina|Moonblast|p1b: Basculegion\n|-damage|p1b: Basculegion|22/100 brn\n|move|p1a: Aegislash|Flash Cannon|p2b: Primarina\n|-damage|p2b: Primarina|62/100\n|move|p2a: Incineroar|Parting Shot|p1b: Basculegion\n|-unboost|p1b: Basculegion|atk|1\n|-unboost|p1b: Basculegion|spa|1\n|\n|t:|1776129295\n|switch|p2a: Crabominable|Crabominable, L50, M|100/100|[from] Parting Shot\n|move|p1b: Basculegion|Wave Crash|p2a: Crabominable\n|-damage|p2a: Crabominable|74/100\n|-damage|p1b: Basculegion|13/100 brn|[from] Recoil\n|\n|-damage|p1b: Basculegion|7/100 brn|[from] brn\n|upkeep\n|turn|5\n|\n|t:|1776129310\n|detailschange|p2a: Crabominable|Crabominable-Mega, L50, M\n|-mega|p2a: Crabominable|Crabominable|Crabominite\n|move|p2a: Crabominable|Ice Hammer|p1b: Basculegion\n|-resisted|p1b: Basculegion|1\n|-damage|p1b: Basculegion|0 fnt\n|-unboost|p2a: Crabominable|spe|1\n|faint|p1b: Basculegion\n|move|p2b: Primarina|Hyper Voice|p1a: Aegislash\n|-damage|p1a: Aegislash|0 fnt\n|faint|p1a: Aegislash\n|\n|upkeep\n|\n|t:|1776129316\n|switch|p1a: Aerodactyl|Aerodactyl-Mega, L50, M|100/100\n|switch|p1b: Floette|Floette-Eternal, L50, F|100/100\n|turn|6\n|\n|t:|1776129330\n|switch|p2a: Incineroar|Incineroar, L50, M|70/100\n|-ability|p2a: Incineroar|Intimidate|boost\n|-unboost|p1a: Aerodactyl|atk|1\n|-unboost|p1b: Floette|atk|1\n|move|p1b: Floette|Protect|p1b: Floette\n|-singleturn|p1b: Floette|Protect\n|move|p1a: Aerodactyl|Protect|p1a: Aerodactyl\n|-singleturn|p1a: Aerodactyl|Protect\n|move|p2b: Primarina|Hyper Voice|p1b: Floette|[spread] \n|-activate|p1a: Aerodactyl|move: Protect\n|-activate|p1b: Floette|move: Protect\n|\n|-fieldend|move: Trick Room\n|upkeep\n|turn|7\n|\n|t:|1776129349\n|move|p2a: Incineroar|Fake Out|p1a: Aerodactyl\n|-resisted|p1a: Aerodactyl|1\n|-damage|p1a: Aerodactyl|94/100\n|cant|p1a: Aerodactyl|flinch\n|move|p1b: Floette|Energy Ball|p2b: Primarina\n|-supereffective|p2b: Primarina|1\n|-damage|p2b: Primarina|5/100\n|move|p2b: Primarina|Hyper Voice|p1a: Aerodactyl|[spread] p1a,p1b\n|-supereffective|p1a: Aerodactyl|1\n|-crit|p1b: Floette\n|-damage|p1a: Aerodactyl|1/100\n|-damage|p1b: Floette|38/100\n|\n|upkeep\n|turn|8\n|inactive|vegemite360 has 30 seconds left.\n|inactive|vegemite360 has 20 seconds left.\n|\n|t:|1776129384\n|move|p2b: Primarina|Protect|p2b: Primarina\n|-singleturn|p2b: Primarina|Protect\n|move|p1a: Aerodactyl|Rock Slide|p2a: Incineroar|[spread] \n|-activate|p2b: Primarina|move: Protect\n|-miss|p1a: Aerodactyl|p2a: Incineroar\n|move|p1b: Floette|Moonblast|p2a: Incineroar\n|-damage|p2a: Incineroar|29/100\n|-enditem|p2a: Incineroar|Sitrus Berry|[eat]\n|-heal|p2a: Incineroar|54/100|[from] item: Sitrus Berry\n|move|p2a: Incineroar|Flare Blitz|p1b: Floette\n|-damage|p1b: Floette|0 fnt\n|faint|p1b: Floette\n|-damage|p2a: Incineroar|45/100|[from] Recoil\n|\n|upkeep\n|turn|9\n|\n|t:|1776129397\n|move|p1a: Aerodactyl|Rock Slide|p2b: Primarina|[spread] p2a\n|-miss|p1a: Aerodactyl|p2b: Primarina\n|-supereffective|p2a: Incineroar|1\n|-damage|p2a: Incineroar|15/100\n|move|p2a: Incineroar|Flare Blitz|p1a: Aerodactyl\n|-resisted|p1a: Aerodactyl|1\n|-damage|p1a: Aerodactyl|0 fnt\n|faint|p1a: Aerodactyl\n|-damage|p2a: Incineroar|14/100|[from] Recoil\n|\n|win|vegemite360\n|raw|ranch12690's rating: 1246 &rarr; <strong>1222</strong><br />(-24 for losing)\n|raw|vegemite360's rating: 1258 &rarr; <strong>1282</strong><br />(+24 for winning)\n|l| zzz1994000\n",
  "uploadtime": 1776129400,
  "views": 18,
  "formatid": "gen9championsvgc2026regma",
  "rating": 1222,
  "private": 0,
  "password": null
}