{
  "id": "gen9championsvgc2026regma-2587876887",
  "format": "[Gen 9 Champions] VGC 2026 Reg M-A",
  "players": [
    "The Jagged Queen",
    "redeye555"
  ],
  "log": "|j|\u203dThe Jagged Queen\n|j|\u2606redeye555\n|t:|1776573549\n|gametype|doubles\n|player|p1|The Jagged Queen|caitlin|1121\n|player|p2|redeye555|acetrainersnow|1229\n|gen|9\n|tier|[Gen 9 Champions] VGC 2026 Reg M-A\n|rated|\n|rule|Species Clause: Limit one of each Pok\u00e9mon\n|rule|Item Clause: Limit 1 of each item\n|clearpoke\n|poke|p1|Delphox, L50, F|\n|poke|p1|Whimsicott, L50, M|\n|poke|p1|Tauros-Paldea-Aqua, L50, M|\n|poke|p1|Maushold-Four, L50|\n|poke|p1|Aegislash, L50, F|\n|poke|p1|Garchomp, L50, M|\n|poke|p2|Talonflame, L50, M|\n|poke|p2|Sneasler, L50, M|\n|poke|p2|Maushold-Four, L50|\n|poke|p2|Primarina, L50, F|\n|poke|p2|Floette-Eternal, L50, F|\n|poke|p2|Heracross, L50, M|\n|teampreview|4\n|\n|t:|1776573569\n|teamsize|p1|4\n|teamsize|p2|4\n|start\n|switch|p1a: Whimsicott|Whimsicott, L50, M|100/100\n|switch|p1b: Tauros|Tauros-Paldea-Aqua, L50, M|100/100\n|switch|p2a: Sneasler|Sneasler, L50, M|100/100\n|switch|p2b: Heracross|Heracross, L50, M|100/100\n|-ability|p1b: Tauros|Intimidate|boost\n|-unboost|p2a: Sneasler|atk|1\n|-unboost|p2b: Heracross|atk|1\n|-enditem|p2a: Sneasler|White Herb\n|-clearnegativeboost|p2a: Sneasler|[silent]\n|turn|1\n|\n|t:|1776573601\n|detailschange|p2b: Heracross|Heracross-Mega, L50, M\n|-mega|p2b: Heracross|Heracross|Heracronite\n|move|p1a: Whimsicott|Tailwind|p1a: Whimsicott\n|-sidestart|p1: The Jagged Queen|move: Tailwind\n|move|p1b: Tauros|Zen Headbutt|p2a: Sneasler\n|-supereffective|p2a: Sneasler|2\n|-damage|p2a: Sneasler|0 fnt\n|faint|p2a: Sneasler\n|move|p2b: Heracross|Close Combat|p1b: Tauros\n|-damage|p1b: Tauros|32/100\n|-unboost|p2b: Heracross|def|1\n|-unboost|p2b: Heracross|spd|1\n|\n|upkeep\n|\n|t:|1776573623\n|switch|p2a: Talonflame|Talonflame, L50, M|100/100\n|turn|2\n|\n|t:|1776573635\n|move|p2a: Talonflame|Tailwind|p2a: Talonflame\n|-sidestart|p2: redeye555|move: Tailwind\n|move|p1b: Tauros|Zen Headbutt|p2b: Heracross\n|-supereffective|p2b: Heracross|1\n|-damage|p2b: Heracross|37/100\n|move|p1a: Whimsicott|Moonblast|p2b: Heracross\n|-supereffective|p2b: Heracross|1\n|-damage|p2b: Heracross|0 fnt\n|faint|p2b: Heracross\n|\n|upkeep\n|\n|t:|1776573645\n|switch|p2b: Primarina|Primarina, L50, F|100/100\n|turn|3\n|\n|t:|1776573658\n|switch|p1b: Aegislash|Aegislash, L50, F|100/100\n|move|p2a: Talonflame|Protect|p2a: Talonflame\n|-singleturn|p2a: Talonflame|Protect\n|move|p1a: Whimsicott|Encore|p2a: Talonflame\n|-activate|p2a: Talonflame|move: Protect\n|move|p2b: Primarina|Dazzling Gleam|p1a: Whimsicott|[spread] p1a,p1b\n|-resisted|p1b: Aegislash|1\n|-damage|p1a: Whimsicott|38/100\n|-damage|p1b: Aegislash|84/100\n|\n|upkeep\n|turn|4\n|\n|t:|1776573687\n|move|p2a: Talonflame|Brave Bird|p1a: Whimsicott\n|-supereffective|p1a: Whimsicott|1\n|-damage|p1a: Whimsicott|0 fnt\n|faint|p1a: Whimsicott\n|-damage|p2a: Talonflame|88/100|[from] Recoil\n|move|p2b: Primarina|Hyper Voice|p1b: Aegislash\n|-damage|p1b: Aegislash|47/100\n|-formechange|p1b: Aegislash|Aegislash-Blade|\n|move|p1b: Aegislash|Iron Head|p2b: Primarina\n|-damage|p2b: Primarina|44/100\n|\n|-sideend|p1: The Jagged Queen|move: Tailwind\n|upkeep\n|\n|t:|1776573702\n|switch|p1a: Delphox|Delphox, L50, F|100/100\n|turn|5\n|\n|t:|1776573711\n|detailschange|p1a: Delphox|Delphox-Mega, L50, F\n|-mega|p1a: Delphox|Delphox|Delphoxite\n|move|p2a: Talonflame|Protect|p2a: Talonflame\n|-singleturn|p2a: Talonflame|Protect\n|move|p1a: Delphox|Protect|p1a: Delphox\n|-singleturn|p1a: Delphox|Protect\n|-formechange|p1b: Aegislash|Aegislash|\n|move|p1b: Aegislash|King's Shield|p1b: Aegislash\n|-singleturn|p1b: Aegislash|Protect\n|move|p2b: Primarina|Hyper Voice|p1a: Delphox|[spread] \n|-activate|p1a: Delphox|move: Protect\n|-activate|p1b: Aegislash|move: Protect\n|\n|-sideend|p2: redeye555|move: Tailwind\n|upkeep\n|turn|6\n|\n|t:|1776573730\n|move|p1a: Delphox|Psychic|p2b: Primarina\n|-damage|p2b: Primarina|6/100\n|move|p2a: Talonflame|Tailwind|p2a: Talonflame\n|-sidestart|p2: redeye555|move: Tailwind\n|move|p2b: Primarina|Hyper Voice|p1a: Delphox|[spread] p1a,p1b\n|-supereffective|p1a: Delphox|1\n|-damage|p1a: Delphox|41/100\n|-damage|p1b: Aegislash|14/100\n|-formechange|p1b: Aegislash|Aegislash-Blade|\n|move|p1b: Aegislash|Poltergeist|p2b: Primarina\n|-activate|p2b: Primarina|move: Poltergeist|Fairy Feather\n|-damage|p2b: Primarina|0 fnt\n|faint|p2b: Primarina\n|\n|upkeep\n|turn|7\n|\n|t:|1776573755\n|-formechange|p1b: Aegislash|Aegislash|\n|move|p1b: Aegislash|King's Shield|p1b: Aegislash\n|-singleturn|p1b: Aegislash|Protect\n|move|p2a: Talonflame|Brave Bird|p1a: Delphox\n|-damage|p1a: Delphox|0 fnt\n|faint|p1a: Delphox\n|-damage|p2a: Talonflame|74/100|[from] Recoil\n|\n|upkeep\n|\n|t:|1776573763\n|switch|p1a: Tauros|Tauros-Paldea-Aqua, L50, M|32/100\n|-ability|p1a: Tauros|Intimidate|boost\n|-unboost|p2a: Talonflame|atk|1\n|turn|8\n|\n|t:|1776573773\n|move|p2a: Talonflame|Flare Blitz|p1b: Aegislash\n|-supereffective|p1b: Aegislash|1\n|-damage|p1b: Aegislash|0 fnt\n|faint|p1b: Aegislash\n|-damage|p2a: Talonflame|69/100|[from] Recoil\n|move|p1a: Tauros|Wave Crash|p2a: Talonflame\n|-supereffective|p2a: Talonflame|1\n|-damage|p2a: Talonflame|0 fnt\n|faint|p2a: Talonflame\n|-damage|p1a: Tauros|9/100|[from] Recoil\n|\n|win|The Jagged Queen\n|raw|The Jagged Queen's rating: 1121 &rarr; <strong>1154</strong><br />(+33 for winning)\n|raw|redeye555's rating: 1229 &rarr; <strong>1196</strong><br />(-33 for losing)\n",
  "uploadtime": 1776573784,
  "views": 10,
  "formatid": "gen9championsvgc2026regma",
  "rating": 1154,
  "private": 0,
  "password": null
}