{
  "id": "gen9championsvgc2026regma-2583888292",
  "format": "[Gen 9 Champions] VGC 2026 Reg M-A",
  "players": [
    "Qloser",
    "rotormotor"
  ],
  "log": "|j|\u2606Qloser\n|j|\u2606rotormotor\n|t:|1776205666\n|gametype|doubles\n|player|p1|Qloser|norman|1318\n|player|p2|rotormotor|2|1312\n|gen|9\n|tier|[Gen 9 Champions] VGC 2026 Reg M-A\n|rated|\n|rule|Species Clause: Limit one of each Pok\u00e9mon\n|rule|Item Clause: Limit 1 of each item\n|clearpoke\n|poke|p1|Charizard, L50, M|\n|poke|p1|Kingambit, L50, M|\n|poke|p1|Rotom-Wash, L50|\n|poke|p1|Tyranitar, L50, F|\n|poke|p1|Sinistcha, L50|\n|poke|p1|Excadrill, L50, F|\n|poke|p2|Charizard, L50, M|\n|poke|p2|Venusaur, L50, F|\n|poke|p2|Garchomp, L50, F|\n|poke|p2|Sneasler, L50, M|\n|poke|p2|Aegislash, L50, M|\n|poke|p2|Aerodactyl, L50, M|\n|teampreview|4\n|inactive|Battle timer is ON: inactive players will automatically lose when time's up. (requested by Qloser)\n|inactive|rotormotor also wants the timer to be on.\n|inactive|Qloser has 60 seconds left.\n|inactive|rotormotor has 60 seconds left.\n|\n|t:|1776205710\n|teamsize|p1|4\n|teamsize|p2|4\n|start\n|switch|p1a: Tyranitar|Tyranitar, L50, F|100/100\n|switch|p1b: Sinistcha|Sinistcha, L50|100/100\n|switch|p2a: Garchomp|Garchomp, L50, F|100/100\n|switch|p2b: Aerodactyl|Aerodactyl, L50, M|100/100\n|-ability|p2b: Aerodactyl|Unnerve\n|-weather|Sandstorm|[from] ability: Sand Stream|[of] p1a: Tyranitar\n|turn|1\n|\n|t:|1776205719\n|move|p2a: Garchomp|Earthquake|p1b: Sinistcha|[spread] p1a,p1b\n|-immune|p2b: Aerodactyl\n|-supereffective|p1a: Tyranitar|1\n|-resisted|p1b: Sinistcha|1\n|-damage|p1a: Tyranitar|18/100\n|-damage|p1b: Sinistcha|82/100\n|move|p2b: Aerodactyl|Taunt|p1b: Sinistcha\n|-start|p1b: Sinistcha|move: Taunt\n|move|p1a: Tyranitar|Ice Punch|p2a: Garchomp\n|-supereffective|p2a: Garchomp|2\n|-damage|p2a: Garchomp|0 fnt\n|-damage|p1a: Tyranitar|5/100|[from] ability: Rough Skin|[of] p2a: Garchomp\n|faint|p2a: Garchomp\n|move|p1b: Sinistcha|Matcha Gotcha|p2b: Aerodactyl\n|-damage|p2b: Aerodactyl|71/100\n|-heal|p1b: Sinistcha|98/100|[from] drain|[of] p2b: Aerodactyl\n|\n|-weather|Sandstorm|[upkeep]\n|-damage|p1b: Sinistcha|91/100|[from] Sandstorm\n|-heal|p1b: Sinistcha|98/100|[from] item: Leftovers\n|upkeep\n|\n|t:|1776205729\n|switch|p2a: Charizard|Charizard, L50, M|100/100\n|turn|2\n|inactive|Qloser has 30 seconds left.\n|\n|t:|1776205759\n|switch|p1b: Rotom|Rotom-Wash, L50|100/100\n|detailschange|p2a: Charizard|Charizard-Mega-Y, L50, M\n|-mega|p2a: Charizard|Charizard|Charizardite Y\n|-weather|SunnyDay|[from] ability: Drought|[of] p2a: Charizard\n|move|p2b: Aerodactyl|Tailwind|p2b: Aerodactyl\n|-sidestart|p2: rotormotor|move: Tailwind\n|move|p2a: Charizard|Heat Wave|p1b: Rotom|[spread] p1a,p1b\n|-resisted|p1a: Tyranitar|1\n|-resisted|p1b: Rotom|1\n|-damage|p1a: Tyranitar|0 fnt\n|-damage|p1b: Rotom|64/100\n|faint|p1a: Tyranitar\n|\n|-weather|SunnyDay|[upkeep]\n|upkeep\n|\n|t:|1776205768\n|switch|p1a: Charizard|Charizard, L50, M|100/100\n|turn|3\n|j| Choklit Milk\n|l| Choklit Milk\n|\n|t:|1776205784\n|detailschange|p1a: Charizard|Charizard-Mega-X, L50, M\n|-mega|p1a: Charizard|Charizard|Charizardite X\n|move|p2b: Aerodactyl|Rock Slide|p1b: Rotom|[spread] p1a\n|-miss|p2b: Aerodactyl|p1b: Rotom\n|-supereffective|p1a: Charizard|1\n|-damage|p1a: Charizard|65/100\n|move|p2a: Charizard|Heat Wave|p1a: Charizard|[spread] p1a,p1b\n|-resisted|p1a: Charizard|2\n|-resisted|p1b: Rotom|1\n|-damage|p1a: Charizard|49/100\n|-damage|p1b: Rotom|30/100\n|cant|p1a: Charizard|flinch\n|move|p1b: Rotom|Electroweb|p2b: Aerodactyl|[spread] p2a,p2b\n|-supereffective|p2a: Charizard|1\n|-supereffective|p2b: Aerodactyl|1\n|-damage|p2a: Charizard|62/100\n|-damage|p2b: Aerodactyl|20/100\n|-unboost|p2a: Charizard|spe|1\n|-unboost|p2b: Aerodactyl|spe|1\n|\n|-weather|SunnyDay|[upkeep]\n|upkeep\n|turn|4\n|inactive|Qloser has 30 seconds left.\n|inactive|rotormotor has 30 seconds left.\n|\n|t:|1776205817\n|move|p2b: Aerodactyl|Rock Slide|p1a: Charizard|[spread] p1a,p1b\n|-supereffective|p1a: Charizard|1\n|-damage|p1a: Charizard|15/100\n|-damage|p1b: Rotom|6/100\n|move|p2a: Charizard|Air Slash|p1a: Charizard\n|-damage|p1a: Charizard|0 fnt\n|faint|p1a: Charizard\n|move|p1b: Rotom|Electroweb|p2a: Charizard|[spread] p2a,p2b\n|-supereffective|p2a: Charizard|1\n|-supereffective|p2b: Aerodactyl|1\n|-damage|p2a: Charizard|19/100\n|-damage|p2b: Aerodactyl|0 fnt\n|-unboost|p2a: Charizard|spe|1\n|-enditem|p1b: Rotom|Sitrus Berry|[eat]\n|-heal|p1b: Rotom|31/100|[from] item: Sitrus Berry\n|faint|p2b: Aerodactyl\n|\n|-weather|SunnyDay|[upkeep]\n|upkeep\n|\n|t:|1776205832\n|switch|p2b: Venusaur|Venusaur, L50, F|100/100\n|switch|p1a: Sinistcha|Sinistcha, L50|98/100\n|-heal|p1b: Rotom|56/100|[from] ability: Hospitality|[of] p1a: Sinistcha\n|turn|5\n|\n|t:|1776205847\n|move|p1b: Rotom|Protect|p1b: Rotom\n|-singleturn|p1b: Rotom|Protect\n|move|p2b: Venusaur|Energy Ball|p1b: Rotom\n|-activate|p1b: Rotom|move: Protect\n|move|p2a: Charizard|Heat Wave|p1a: Sinistcha|[spread] p1a\n|-activate|p1b: Rotom|move: Protect\n|-supereffective|p1a: Sinistcha|1\n|-damage|p1a: Sinistcha|0 fnt\n|faint|p1a: Sinistcha\n|\n|-weather|SunnyDay|[upkeep]\n|-sideend|p2: rotormotor|move: Tailwind\n|upkeep\n|turn|6\n|\n|t:|1776205862\n|move|p2b: Venusaur|Energy Ball|p1b: Rotom\n|-supereffective|p1b: Rotom|1\n|-damage|p1b: Rotom|0 fnt\n|faint|p1b: Rotom\n|\n|win|rotormotor\n|raw|Qloser's rating: 1318 &rarr; <strong>1298</strong><br />(-20 for losing)\n|raw|rotormotor's rating: 1312 &rarr; <strong>1332</strong><br />(+20 for winning)\n",
  "uploadtime": 1776205862,
  "views": 30,
  "formatid": "gen9championsvgc2026regma",
  "rating": 1298,
  "private": 0,
  "password": null
}