{
  "id": "gen9championsvgc2026regma-2581751233",
  "format": "[Gen 9 Champions] VGC 2026 Reg M-A",
  "players": [
    "blaze61",
    "STNKYJ"
  ],
  "log": "|j|\u2606blaze61\n|j|\u2606STNKYJ\n|t:|1776025593\n|gametype|doubles\n|player|p1|blaze61|pokemonranger-gen4|1204\n|player|p2|STNKYJ|pokekid|1159\n|gen|9\n|tier|[Gen 9 Champions] VGC 2026 Reg M-A\n|rated|\n|rule|Species Clause: Limit one of each Pok\u00e9mon\n|rule|Item Clause: Limit 1 of each item\n|clearpoke\n|poke|p1|Pelipper, L50, M|\n|poke|p1|Basculegion, L50, M|\n|poke|p1|Skarmory, L50, M|\n|poke|p1|Sinistcha, L50|\n|poke|p1|Milotic, L50, F|\n|poke|p1|Hydreigon, L50, M|\n|poke|p2|Cofagrigus, L50, F|\n|poke|p2|Reuniclus, L50, M|\n|poke|p2|Tyranitar, L50, F|\n|poke|p2|Torkoal, L50, M|\n|poke|p2|Incineroar, L50, M|\n|poke|p2|Sinistcha, L50|\n|teampreview|4\n|c|\u2606blaze61|Cool team\n|inactive|Battle timer is ON: inactive players will automatically lose when time's up. (requested by STNKYJ)\n|\n|t:|1776025628\n|teamsize|p1|4\n|teamsize|p2|4\n|start\n|switch|p1a: Pelipper|Pelipper, L50, M|100/100\n|switch|p1b: Basculegion|Basculegion, L50, M, shiny|100/100\n|switch|p2a: Cofagrigus|Cofagrigus, L50, F|100/100\n|switch|p2b: Reuniclus|Reuniclus, L50, M|100/100\n|-weather|RainDance|[from] ability: Drizzle|[of] p1a: Pelipper\n|turn|1\n|inactive|blaze61 has 30 seconds left.\n|\n|t:|1776025653\n|move|p1b: Basculegion|Wave Crash|p2b: Reuniclus\n|-damage|p2b: Reuniclus|0 fnt\n|faint|p2b: Reuniclus\n|-damage|p1b: Basculegion|64/100|[from] Recoil\n|move|p1a: Pelipper|Weather Ball|p2a: Cofagrigus\n|-damage|p2a: Cofagrigus|58/100\n|move|p2a: Cofagrigus|Trick Room|p2a: Cofagrigus\n|-fieldstart|move: Trick Room|[of] p2a: Cofagrigus\n|\n|-weather|RainDance|[upkeep]\n|upkeep\n|\n|t:|1776025657\n|switch|p2b: Sinistcha|Sinistcha, L50|100/100\n|-heal|p2a: Cofagrigus|83/100|[from] ability: Hospitality|[of] p2b: Sinistcha\n|turn|2\n|inactive|blaze61 has 30 seconds left.\n|\n|t:|1776025691\n|switch|p2a: Tyranitar|Tyranitar, L50, F|100/100\n|-weather|Sandstorm|[from] ability: Sand Stream|[of] p2a: Tyranitar\n|switch|p1b: Milotic|Milotic, L50, F, shiny|100/100\n|move|p2b: Sinistcha|Matcha Gotcha|p1b: Milotic|[spread] p1a,p1b\n|-supereffective|p1b: Milotic|1\n|-damage|p1a: Pelipper|75/100\n|-damage|p1b: Milotic|70/100\n|-status|p1b: Milotic|brn\n|move|p1a: Pelipper|Hurricane|p2b: Sinistcha|[miss]\n|-miss|p1a: Pelipper|p2b: Sinistcha\n|\n|-weather|Sandstorm|[upkeep]\n|-damage|p2b: Sinistcha|95/100|[from] Sandstorm\n|-damage|p1a: Pelipper|69/100|[from] Sandstorm\n|-damage|p1b: Milotic|64/100 brn|[from] Sandstorm\n|-heal|p2b: Sinistcha|100/100|[from] item: Leftovers\n|-heal|p1b: Milotic|70/100 brn|[from] item: Leftovers\n|-damage|p1b: Milotic|64/100 brn|[from] brn\n|upkeep\n|turn|3\n|c|\u2606STNKYJ|ouch that wave crash hurt\n|inactive|blaze61 has 30 seconds left.\n|\n|t:|1776025722\n|switch|p2a: Cofagrigus|Cofagrigus, L50, F|83/100\n|move|p1a: Pelipper|Wide Guard|p1a: Pelipper\n|-singleturn|p1a: Pelipper|Wide Guard\n|move|p2b: Sinistcha|Matcha Gotcha|p1a: Pelipper|[spread] \n|-activate|p1a: Pelipper|move: Wide Guard\n|-activate|p1b: Milotic|move: Wide Guard\n|move|p1b: Milotic|Scald|p2a: Cofagrigus\n|-damage|p2a: Cofagrigus|55/100\n|\n|-weather|Sandstorm|[upkeep]\n|-damage|p2a: Cofagrigus|49/100|[from] Sandstorm\n|-damage|p2b: Sinistcha|95/100|[from] Sandstorm\n|-damage|p1a: Pelipper|63/100|[from] Sandstorm\n|-damage|p1b: Milotic|58/100 brn|[from] Sandstorm\n|-heal|p2b: Sinistcha|100/100|[from] item: Leftovers\n|-heal|p1b: Milotic|64/100 brn|[from] item: Leftovers\n|-damage|p1b: Milotic|58/100 brn|[from] brn\n|upkeep\n|turn|4\n|inactive|blaze61 has 30 seconds left.\n|inactive|blaze61 has 20 seconds left.\n|\n|t:|1776025760\n|move|p2a: Cofagrigus|Hex|p1b: Milotic\n|-damage|p1b: Milotic|28/100 brn\n|move|p2b: Sinistcha|Shadow Ball|p1a: Pelipper\n|-damage|p1a: Pelipper|32/100\n|move|p1a: Pelipper|Hurricane|p2b: Sinistcha\n|-supereffective|p2b: Sinistcha|1\n|-damage|p2b: Sinistcha|22/100\n|move|p1b: Milotic|Scald|p2a: Cofagrigus\n|-damage|p2a: Cofagrigus|18/100\n|\n|-weather|Sandstorm|[upkeep]\n|-damage|p2a: Cofagrigus|12/100|[from] Sandstorm\n|-damage|p2b: Sinistcha|16/100|[from] Sandstorm\n|-damage|p1a: Pelipper|26/100|[from] Sandstorm\n|-damage|p1b: Milotic|22/100 brn|[from] Sandstorm\n|-heal|p2b: Sinistcha|22/100|[from] item: Leftovers\n|-heal|p1b: Milotic|28/100 brn|[from] item: Leftovers\n|-damage|p1b: Milotic|22/100 brn|[from] brn\n|upkeep\n|turn|5\n|inactive|blaze61 has 30 seconds left.\n|\n|t:|1776025792\n|switch|p2b: Tyranitar|Tyranitar, L50, F|100/100\n|move|p1b: Milotic|Protect|p1b: Milotic\n|-singleturn|p1b: Milotic|Protect\n|move|p2a: Cofagrigus|Body Press|p1b: Milotic\n|-activate|p1b: Milotic|move: Protect\n|move|p1a: Pelipper|Weather Ball|p2b: Tyranitar\n|-damage|p2b: Tyranitar|89/100\n|\n|-weather|Sandstorm|[upkeep]\n|-damage|p2a: Cofagrigus|6/100|[from] Sandstorm\n|-damage|p1a: Pelipper|20/100|[from] Sandstorm\n|-damage|p1b: Milotic|16/100 brn|[from] Sandstorm\n|-heal|p1b: Milotic|22/100 brn|[from] item: Leftovers\n|-damage|p1b: Milotic|16/100 brn|[from] brn\n|-fieldend|move: Trick Room\n|upkeep\n|turn|6\n|inactive|blaze61 has 30 seconds left.\n|inactive|blaze61 has 20 seconds left.\n|\n|t:|1776025829\n|switch|p1a: Hydreigon|Hydreigon, L50, M|100/100\n|switch|p2b: Sinistcha|Sinistcha, L50|22/100\n|-heal|p2a: Cofagrigus|31/100|[from] ability: Hospitality|[of] p2b: Sinistcha\n|move|p1b: Milotic|Scald|p2a: Cofagrigus\n|-damage|p2a: Cofagrigus|3/100\n|move|p2a: Cofagrigus|Trick Room|p2a: Cofagrigus\n|-fieldstart|move: Trick Room|[of] p2a: Cofagrigus\n|\n|-weather|none\n|-heal|p2b: Sinistcha|28/100|[from] item: Leftovers\n|-heal|p1b: Milotic|22/100 brn|[from] item: Leftovers\n|-damage|p1b: Milotic|16/100 brn|[from] brn\n|upkeep\n|turn|7\n|inactive|blaze61 has 30 seconds left.\n|\n|t:|1776025858\n|move|p2a: Cofagrigus|Body Press|p1a: Hydreigon\n|-supereffective|p1a: Hydreigon|1\n|-damage|p1a: Hydreigon|30/100\n|move|p2b: Sinistcha|Matcha Gotcha|p1b: Milotic|[spread] p1a,p1b\n|-resisted|p1a: Hydreigon|1\n|-crit|p1a: Hydreigon\n|-supereffective|p1b: Milotic|1\n|-damage|p1a: Hydreigon|8/100\n|-heal|p2b: Sinistcha|39/100|[from] drain|[of] p1a: Hydreigon\n|-damage|p1b: Milotic|0 fnt\n|-heal|p2b: Sinistcha|48/100|[from] drain|[of] p1b: Milotic\n|faint|p1b: Milotic\n|move|p1a: Hydreigon|Dark Pulse|p2b: Sinistcha\n|-supereffective|p2b: Sinistcha|1\n|-damage|p2b: Sinistcha|0 fnt\n|faint|p2b: Sinistcha\n|\n|upkeep\n|inactive|blaze61 has 30 seconds left.\n|\n|t:|1776025889\n|switch|p2b: Tyranitar|Tyranitar, L50, F|89/100\n|switch|p1b: Pelipper|Pelipper, L50, M|20/100\n|-weather|Sandstorm|[from] ability: Sand Stream|[of] p2b: Tyranitar\n|-weather|RainDance|[from] ability: Drizzle|[of] p1b: Pelipper\n|turn|8\n|\n|t:|1776025910\n|detailschange|p2b: Tyranitar|Tyranitar-Mega, L50, F\n|-mega|p2b: Tyranitar|Tyranitar|Tyranitarite\n|-weather|Sandstorm|[from] ability: Sand Stream|[of] p2b: Tyranitar\n|move|p2a: Cofagrigus|Hex|p1a: Hydreigon\n|-resisted|p1a: Hydreigon|1\n|-damage|p1a: Hydreigon|0 fnt\n|faint|p1a: Hydreigon\n|move|p2b: Tyranitar|Crunch|p1b: Pelipper\n|-damage|p1b: Pelipper|0 fnt\n|faint|p1b: Pelipper\n|\n|-weather|Sandstorm|[upkeep]\n|-damage|p2a: Cofagrigus|0 fnt|[from] Sandstorm\n|faint|p2a: Cofagrigus\n|upkeep\n|c|\u2606blaze61|Ggs\n|\n|t:|1776025932\n|switch|p1b: Basculegion|Basculegion, L50, M, shiny|64/100\n|turn|9\n|c|\u2606STNKYJ|ggs\n|c|\u2606STNKYJ|That milotic scary\n|\n|t:|1776025953\n|move|p1b: Basculegion|Aqua Jet|p2b: Tyranitar\n|-supereffective|p2b: Tyranitar|1\n|-damage|p2b: Tyranitar|50/100\n|move|p2b: Tyranitar|Crunch|p1b: Basculegion\n|-supereffective|p1b: Basculegion|1\n|-damage|p1b: Basculegion|0 fnt\n|faint|p1b: Basculegion\n|\n|win|STNKYJ\n|raw|blaze61's rating: 1204 &rarr; <strong>1176</strong><br />(-28 for losing)\n|raw|STNKYJ's rating: 1159 &rarr; <strong>1187</strong><br />(+28 for winning)\n",
  "uploadtime": 1776025969,
  "views": 26,
  "formatid": "gen9championsvgc2026regma",
  "rating": 1176,
  "private": 0,
  "password": null
}