{
  "id": "gen9championsvgc2026regma-2586499710",
  "format": "[Gen 9 Champions] VGC 2026 Reg M-A",
  "players": [
    "bdude",
    "IuseExeggutor"
  ],
  "log": "|j|\u2606bdude\n|j|\u2606IuseExeggutor\n|t:|1776438925\n|gametype|doubles\n|player|p1|bdude|ghetsis-gen5bw|\n|player|p2|IuseExeggutor|psychic-gen3rs|\n|gen|9\n|tier|[Gen 9 Champions] VGC 2026 Reg M-A\n|rated|Tournament battle\n|rule|Species Clause: Limit one of each Pok\u00e9mon\n|rule|Item Clause: Limit 1 of each item\n|clearpoke\n|poke|p1|Greninja-*, L50, F|\n|poke|p1|Sinistcha, L50|\n|poke|p1|Incineroar, L50, F|\n|poke|p1|Sneasler, L50, M|\n|poke|p1|Pelipper, L50, M|\n|poke|p1|Archaludon, L50, M|\n|poke|p2|Lucario, L50, M|\n|poke|p2|Clefable, L50, M|\n|poke|p2|Aerodactyl, L50, M|\n|poke|p2|Incineroar, L50, M|\n|poke|p2|Rotom-Mow, L50|\n|poke|p2|Milotic, L50, M|\n|teampreview|4\n|inactive|Battle timer is ON: inactive players will automatically lose when time's up. (requested by bdude)\n|c|\u2606bdude|g;hf\n|inactive|bdude has 60 seconds left.\n|\n|t:|1776438971\n|teamsize|p1|4\n|teamsize|p2|4\n|start\n|switch|p1a: Incineroar|Incineroar, L50, F|100/100\n|switch|p1b: Archaludon|Archaludon, L50, M|100/100\n|switch|p2a: rng jumpscare|Aerodactyl, L50, M|100/100\n|switch|p2b: wifi mowtom|Rotom-Mow, L50|100/100\n|-ability|p2a: rng jumpscare|Unnerve\n|-ability|p1a: Incineroar|Intimidate|boost\n|-unboost|p2a: rng jumpscare|atk|1\n|-unboost|p2b: wifi mowtom|atk|1\n|turn|1\n|inactive|bdude has 30 seconds left.\n|inactive|bdude has 20 seconds left.\n|inactive|bdude has 15 seconds left.\n|\n|t:|1776439015\n|move|p2b: wifi mowtom|Volt Switch|p1a: Incineroar\n|-crit|p1a: Incineroar\n|-damage|p1a: Incineroar|62/100\n|\n|t:|1776439031\n|switch|p2b: incin bot counter|Milotic, L50, M|100/100|[from] Volt Switch\n|move|p2a: rng jumpscare|Tailwind|p2a: rng jumpscare\n|-sidestart|p2: IuseExeggutor|move: Tailwind\n|move|p1b: Archaludon|Flash Cannon|p2a: rng jumpscare\n|-supereffective|p2a: rng jumpscare|1\n|-enditem|p2a: rng jumpscare|Focus Sash\n|-damage|p2a: rng jumpscare|1/100\n|move|p1a: Incineroar|Flare Blitz|p2b: incin bot counter\n|-resisted|p2b: incin bot counter|1\n|-damage|p2b: incin bot counter|75/100\n|-damage|p1a: Incineroar|55/100|[from] Recoil\n|\n|upkeep\n|turn|2\n|\n|t:|1776439049\n|switch|p1a: Pelipper|Pelipper, L50, M|100/100\n|-weather|RainDance|[from] ability: Drizzle|[of] p1a: Pelipper\n|move|p2a: rng jumpscare|Rock Slide|p1a: Pelipper|[spread] p1a,p1b\n|-supereffective|p1a: Pelipper|1\n|-resisted|p1b: Archaludon|1\n|-damage|p1a: Pelipper|57/100\n|-damage|p1b: Archaludon|94/100\n|-ability|p1b: Archaludon|Stamina|boost\n|-boost|p1b: Archaludon|def|1\n|move|p2b: incin bot counter|Hypnosis|p1b: Archaludon\n|-status|p1b: Archaludon|slp|[from] move: Hypnosis\n|cant|p1b: Archaludon|slp\n|\n|-weather|RainDance|[upkeep]\n|-heal|p1b: Archaludon|99/100 slp|[from] item: Leftovers\n|upkeep\n|turn|3\n|inactive|bdude has 30 seconds left.\n|\n|t:|1776439076\n|move|p2a: rng jumpscare|Rock Slide|p1b: Archaludon|[spread] p1a,p1b\n|-supereffective|p1a: Pelipper|1\n|-resisted|p1b: Archaludon|1\n|-damage|p1a: Pelipper|16/100\n|-damage|p1b: Archaludon|96/100 slp\n|-ability|p1b: Archaludon|Stamina|boost\n|-boost|p1b: Archaludon|def|1\n|move|p2b: incin bot counter|Ice Beam|p1b: Archaludon\n|-damage|p1b: Archaludon|56/100 slp\n|-ability|p1b: Archaludon|Stamina|boost\n|-boost|p1b: Archaludon|def|1\n|cant|p1b: Archaludon|slp\n|cant|p1a: Pelipper|flinch\n|\n|-weather|RainDance|[upkeep]\n|-heal|p1b: Archaludon|62/100 slp|[from] item: Leftovers\n|upkeep\n|turn|4\n|\n|t:|1776439099\n|move|p1a: Pelipper|Protect|p1a: Pelipper\n|-singleturn|p1a: Pelipper|Protect\n|move|p2a: rng jumpscare|Rock Slide|p1b: Archaludon|[spread] p1b\n|-activate|p1a: Pelipper|move: Protect\n|-resisted|p1b: Archaludon|1\n|-damage|p1b: Archaludon|60/100 slp\n|-ability|p1b: Archaludon|Stamina|boost\n|-boost|p1b: Archaludon|def|1\n|move|p2b: incin bot counter|Ice Beam|p1b: Archaludon\n|-damage|p1b: Archaludon|24/100 slp\n|-ability|p1b: Archaludon|Stamina|boost\n|-boost|p1b: Archaludon|def|1\n|-curestatus|p1b: Archaludon|slp|[msg]\n|move|p1b: Archaludon|Electro Shot||[still]\n|-prepare|p1b: Archaludon|Electro Shot\n|-boost|p1b: Archaludon|spa|1\n|-anim|p1b: Archaludon|Electro Shot|p2b: incin bot counter\n|-supereffective|p2b: incin bot counter|1\n|-damage|p2b: incin bot counter|0 fnt\n|faint|p2b: incin bot counter\n|\n|-weather|RainDance|[upkeep]\n|-heal|p1b: Archaludon|30/100|[from] item: Leftovers\n|-sideend|p2: IuseExeggutor|move: Tailwind\n|upkeep\n|\n|t:|1776439107\n|switch|p2b: the funny|Lucario, L50, M|100/100\n|turn|5\n|c|\u2606bdude|what is this team \ud83d\ude2d\ud83d\ude2d\ud83d\ude2d\n|\n|t:|1776439125\n|detailschange|p2b: the funny|Lucario-Mega, L50, M\n|-mega|p2b: the funny|Lucario|Lucarionite\n|move|p2a: rng jumpscare|Rock Slide|p1a: Pelipper|[spread] p1b\n|-miss|p2a: rng jumpscare|p1a: Pelipper\n|-resisted|p1b: Archaludon|1\n|-damage|p1b: Archaludon|28/100\n|-ability|p1b: Archaludon|Stamina|boost\n|-boost|p1b: Archaludon|def|1\n|move|p2b: the funny|Aura Sphere|p1b: Archaludon\n|-supereffective|p1b: Archaludon|1\n|-damage|p1b: Archaludon|0 fnt\n|faint|p1b: Archaludon\n|move|p1a: Pelipper|Hurricane|p2b: the funny\n|-damage|p2b: the funny|23/100\n|\n|-weather|RainDance|[upkeep]\n|upkeep\n|\n|t:|1776439136\n|switch|p1b: Incineroar|Incineroar, L50, F|55/100\n|-ability|p1b: Incineroar|Intimidate|boost\n|-unboost|p2a: rng jumpscare|atk|1\n|-unboost|p2b: the funny|atk|1\n|turn|6\n|\n|t:|1776439148\n|move|p1b: Incineroar|Fake Out|p2a: rng jumpscare\n|-resisted|p2a: rng jumpscare|1\n|-damage|p2a: rng jumpscare|0 fnt\n|faint|p2a: rng jumpscare\n|move|p2b: the funny|Extreme Speed|p1a: Pelipper\n|-damage|p1a: Pelipper|0 fnt\n|faint|p1a: Pelipper\n|\n|-weather|none\n|upkeep\n|\n|t:|1776439154\n|switch|p2a: wifi mowtom|Rotom-Mow, L50|100/100\n|switch|p1a: Greninja|Greninja, L50, F|100/100\n|turn|7\n|\n|t:|1776439171\n|detailschange|p1a: Greninja|Greninja-Mega, L50, F\n|-mega|p1a: Greninja|Greninja|Greninjite\n|move|p2a: wifi mowtom|Thunderbolt|p1a: Greninja\n|-supereffective|p1a: Greninja|1\n|-damage|p1a: Greninja|0 fnt\n|faint|p1a: Greninja\n|move|p2b: the funny|Aura Sphere|p1b: Incineroar\n|-supereffective|p1b: Incineroar|1\n|-damage|p1b: Incineroar|0 fnt\n|faint|p1b: Incineroar\n|\n|win|IuseExeggutor\n|n|\u2606bdude|bdude\n|n|\u2606IuseExeggutor|iuseexeggutor\n",
  "uploadtime": 1776439175,
  "views": 18,
  "formatid": "gen9championsvgc2026regma",
  "rating": null,
  "private": 0,
  "password": null
}