{
  "id": "gen9championsvgc2026regma-2585422361",
  "format": "[Gen 9 Champions] VGC 2026 Reg M-A",
  "players": [
    "ULT_violet",
    "AAACompanyBtw"
  ],
  "log": "|j|\u2606ULT_violet\n|j|\u2606AAACompanyBtw\n|t:|1776346206\n|gametype|doubles\n|player|p1|ULT_violet|veteran|1141\n|player|p2|AAACompanyBtw|2|1234\n|gen|9\n|tier|[Gen 9 Champions] VGC 2026 Reg M-A\n|rated|\n|rule|Species Clause: Limit one of each Pok\u00e9mon\n|rule|Item Clause: Limit 1 of each item\n|clearpoke\n|poke|p1|Pelipper, L50, M|\n|poke|p1|Archaludon, L50, F|\n|poke|p1|Rotom-Heat, L50|\n|poke|p1|Dragonite, L50, F|\n|poke|p1|Sinistcha-Masterpiece, L50|\n|poke|p1|Basculegion, L50, M|\n|poke|p2|Medicham, L50, M|\n|poke|p2|Empoleon, L50, M|\n|poke|p2|Talonflame, L50, M|\n|poke|p2|Tyranitar, L50, F|\n|poke|p2|Excadrill, L50, F|\n|poke|p2|Sinistcha, L50|\n|teampreview|4\n|\n|t:|1776346230\n|teamsize|p1|4\n|teamsize|p2|4\n|start\n|switch|p1a: Gulosinho|Pelipper, L50, M, shiny|100/100\n|switch|p1b: Til\u00e1pia possu\u00edda|Basculegion, L50, M|100/100\n|switch|p2a: Medicham|Medicham, L50, M|100/100\n|switch|p2b: Sinistcha|Sinistcha, L50|100/100\n|-weather|RainDance|[from] ability: Drizzle|[of] p1a: Gulosinho\n|turn|1\n|\n|t:|1776346254\n|switch|p1a: Golden Gate|Archaludon, L50, F|100/100\n|detailschange|p2a: Medicham|Medicham-Mega, L50, M\n|-mega|p2a: Medicham|Medicham|Medichamite\n|move|p2b: Sinistcha|Rage Powder|p2b: Sinistcha\n|-singleturn|p2b: Sinistcha|move: Rage Powder\n|move|p1b: Til\u00e1pia possu\u00edda|Flip Turn|p2b: Sinistcha\n|-resisted|p2b: Sinistcha|1\n|-damage|p2b: Sinistcha|82/100\n|\n|t:|1776346266\n|switch|p1b: Gulosinho|Pelipper, L50, M, shiny|100/100|[from] Flip Turn\n|move|p2a: Medicham|Trailblaze|p1b: Gulosinho\n|-damage|p1b: Gulosinho|60/100\n|-boost|p2a: Medicham|spe|1\n|\n|-weather|RainDance|[upkeep]\n|upkeep\n|turn|2\n|\n|t:|1776346295\n|move|p2b: Sinistcha|Rage Powder|p2b: Sinistcha\n|-singleturn|p2b: Sinistcha|move: Rage Powder\n|move|p2a: Medicham|Psycho Cut|p1b: Gulosinho\n|-damage|p1b: Gulosinho|0 fnt\n|faint|p1b: Gulosinho\n|move|p1a: Golden Gate|Dragon Pulse|p2b: Sinistcha\n|-damage|p2b: Sinistcha|26/100\n|-enditem|p2b: Sinistcha|Sitrus Berry|[eat]\n|-heal|p2b: Sinistcha|50/100|[from] item: Sitrus Berry\n|\n|-weather|RainDance|[upkeep]\n|upkeep\n|\n|t:|1776346308\n|switch|p1b: Forninho da barbie|Rotom-Heat, L50, shiny|100/100\n|turn|3\n|\n|t:|1776346319\n|switch|p2b: Tyranitar|Tyranitar, L50, F|100/100\n|-weather|Sandstorm|[from] ability: Sand Stream|[of] p2b: Tyranitar\n|move|p2a: Medicham|Close Combat|p1a: Golden Gate\n|-supereffective|p1a: Golden Gate|1\n|-damage|p1a: Golden Gate|0 fnt\n|-unboost|p2a: Medicham|def|1\n|-unboost|p2a: Medicham|spd|1\n|faint|p1a: Golden Gate\n|move|p1b: Forninho da barbie|Will-O-Wisp|p2a: Medicham\n|-status|p2a: Medicham|brn\n|\n|-weather|Sandstorm|[upkeep]\n|-damage|p2a: Medicham|95/100 brn|[from] Sandstorm\n|-damage|p1b: Forninho da barbie|95/100|[from] Sandstorm\n|-damage|p2a: Medicham|89/100 brn|[from] brn\n|upkeep\n|\n|t:|1776346337\n|switch|p1a: Til\u00e1pia possu\u00edda|Basculegion, L50, M|100/100\n|turn|4\n|\n|t:|1776346352\n|move|p2a: Medicham|Close Combat|p1b: Forninho da barbie\n|-damage|p1b: Forninho da barbie|46/100\n|-unboost|p2a: Medicham|def|1\n|-unboost|p2a: Medicham|spd|1\n|move|p1a: Til\u00e1pia possu\u00edda|Wave Crash|p2b: Tyranitar\n|-supereffective|p2b: Tyranitar|1\n|-enditem|p2b: Tyranitar|Passho Berry|[eat]\n|-enditem|p2b: Tyranitar|Passho Berry|[weaken]\n|-damage|p2b: Tyranitar|51/100\n|-damage|p1a: Til\u00e1pia possu\u00edda|83/100|[from] Recoil\n|move|p1b: Forninho da barbie|Overheat|p2a: Medicham\n|-damage|p2a: Medicham|0 fnt\n|-unboost|p1b: Forninho da barbie|spa|2\n|faint|p2a: Medicham\n|-enditem|p1b: Forninho da barbie|White Herb\n|-clearnegativeboost|p1b: Forninho da barbie|[silent]\n|move|p2b: Tyranitar|Knock Off|p1a: Til\u00e1pia possu\u00edda\n|-supereffective|p1a: Til\u00e1pia possu\u00edda|1\n|-damage|p1a: Til\u00e1pia possu\u00edda|0 fnt\n|-enditem|p1a: Til\u00e1pia possu\u00edda|Mystic Water|[from] move: Knock Off|[of] p2b: Tyranitar\n|faint|p1a: Til\u00e1pia possu\u00edda\n|\n|-weather|Sandstorm|[upkeep]\n|-damage|p1b: Forninho da barbie|40/100|[from] Sandstorm\n|upkeep\n|\n|t:|1776346368\n|switch|p2a: Excadrill|Excadrill, L50, F|100/100\n|turn|5\n|\n|t:|1776346382\n|move|p1b: Forninho da barbie|Protect|p1b: Forninho da barbie\n|-singleturn|p1b: Forninho da barbie|Protect\n|move|p2a: Excadrill|Rock Slide|p1b: Forninho da barbie\n|-activate|p1b: Forninho da barbie|move: Protect\n|move|p2b: Tyranitar|Rock Slide|p1b: Forninho da barbie\n|-activate|p1b: Forninho da barbie|move: Protect\n|\n|-weather|Sandstorm|[upkeep]\n|-damage|p1b: Forninho da barbie|35/100|[from] Sandstorm\n|upkeep\n|turn|6\n|\n|t:|1776346395\n|move|p2a: Excadrill|Rock Slide|p1b: Forninho da barbie\n|-supereffective|p1b: Forninho da barbie|1\n|-damage|p1b: Forninho da barbie|0 fnt\n|faint|p1b: Forninho da barbie\n|\n|win|AAACompanyBtw\n|raw|ULT_violet's rating: 1141 &rarr; <strong>1123</strong><br />(-18 for losing)\n|raw|AAACompanyBtw's rating: 1234 &rarr; <strong>1252</strong><br />(+18 for winning)\n|l|\u2606ULT_violet\n|player|p1|\n",
  "uploadtime": 1776346402,
  "views": 27,
  "formatid": "gen9championsvgc2026regma",
  "rating": 1123,
  "private": 0,
  "password": null
}