{
  "id": "gen9championsvgc2026regma-2583837403",
  "format": "[Gen 9 Champions] VGC 2026 Reg M-A",
  "players": [
    "gabomrv",
    "Ellye"
  ],
  "log": "|j|\u2606gabomrv\n|j|\u2606Ellye\n|t:|1776201587\n|gametype|doubles\n|player|p1|gabomrv|266|1072\n|player|p2|Ellye|pokemonbreederf-gen4|1000\n|gen|9\n|tier|[Gen 9 Champions] VGC 2026 Reg M-A\n|rated|\n|rule|Species Clause: Limit one of each Pok\u00e9mon\n|rule|Item Clause: Limit 1 of each item\n|clearpoke\n|poke|p1|Delphox, L50, F|\n|poke|p1|Sneasler, L50, F|\n|poke|p1|Zoroark-Hisui, L50, F|\n|poke|p1|Lopunny, L50, F|\n|poke|p1|Primarina, L50, F|\n|poke|p1|Lycanroc-Dusk, L50, M|\n|poke|p2|Morpeko, L50, F|\n|poke|p2|Dragonite, L50, M|\n|poke|p2|Whimsicott, L50, M|\n|poke|p2|Azumarill, L50, F|\n|poke|p2|Goodra-Hisui, L50, M|\n|poke|p2|Farigiraf, L50, F|\n|teampreview|4\n|inactive|Battle timer is ON: inactive players will automatically lose when time's up. (requested by gabomrv)\n|inactive|gabomrv has 60 seconds left.\n|\n|t:|1776201654\n|teamsize|p1|4\n|teamsize|p2|4\n|start\n|switch|p1a: Delphox|Delphox, L50, F|100/100\n|switch|p1b: Sneasler|Sneasler, L50, F|100/100\n|switch|p2a: Farigiraf|Farigiraf, L50, F|100/100\n|switch|p2b: Morpeko|Morpeko, L50, F|100/100\n|turn|1\n|inactive|Ellye has 30 seconds left.\n|\n|t:|1776201686\n|move|p2b: Morpeko|Fake Out|p1a: Delphox\n|-immune|p1a: Delphox\n|move|p1b: Sneasler|Close Combat|p2b: Morpeko\n|-supereffective|p2b: Morpeko|1\n|-enditem|p2b: Morpeko|Focus Sash\n|-damage|p2b: Morpeko|1/100\n|-unboost|p1b: Sneasler|def|1\n|-unboost|p1b: Sneasler|spd|1\n|-enditem|p1b: Sneasler|White Herb\n|-clearnegativeboost|p1b: Sneasler|[silent]\n|move|p1a: Delphox|Bitter Malice|p2a: Farigiraf\n|-immune|p2a: Farigiraf\n|move|p2a: Farigiraf|Psychic|p1b: Sneasler\n|-supereffective|p1b: Sneasler|2\n|-damage|p1b: Sneasler|0 fnt\n|faint|p1b: Sneasler\n|\n|-formechange|p2b: Morpeko|Morpeko-Hangry|\n|upkeep\n|\n|t:|1776201706\n|switch|p1b: Primarina|Primarina, L50, F|100/100\n|turn|2\n|inactive|Ellye has 30 seconds left.\n|inactive|Ellye has 20 seconds left.\n|\n|t:|1776201742\n|move|p2b: Morpeko|Aura Wheel|p1a: Delphox\n|-supereffective|p1a: Delphox|1\n|-enditem|p1a: Delphox|Focus Sash\n|-damage|p1a: Delphox|1/100\n|-boost|p2b: Morpeko|spe|1\n|replace|p1a: Zoroark|Zoroark-Hisui, L50, F, shiny\n|-end|p1a: Zoroark|Illusion\n|move|p1a: Zoroark|Hyper Voice|p2b: Morpeko|[spread] p2a,p2b\n|-damage|p2a: Farigiraf|66/100\n|-damage|p2b: Morpeko|0 fnt\n|faint|p2b: Morpeko\n|move|p1b: Primarina|Moonblast|p2a: Farigiraf\n|-damage|p2a: Farigiraf|16/100\n|move|p2a: Farigiraf|Hyper Voice|p1b: Primarina|[spread] p1b\n|-immune|p1a: Zoroark\n|-damage|p1b: Primarina|75/100\n|\n|-heal|p2a: Farigiraf|22/100|[from] item: Leftovers\n|upkeep\n|\n|t:|1776201763\n|switch|p2b: Goodra|Goodra-Hisui, L50, M|100/100\n|turn|3\n|\n|t:|1776201783\n|move|p2a: Farigiraf|Protect|p2a: Farigiraf\n|-singleturn|p2a: Farigiraf|Protect\n|move|p1a: Zoroark|Dark Pulse|p2a: Farigiraf\n|-activate|p2a: Farigiraf|move: Protect\n|move|p1b: Primarina|Flip Turn|p2b: Goodra\n|-resisted|p2b: Goodra|1\n|-damage|p2b: Goodra|94/100\n|\n|t:|1776201791\n|switch|p1b: Delphox|Delphox, L50, F|100/100|[from] Flip Turn\n|move|p2b: Goodra|Flash Cannon|p1a: Zoroark\n|-damage|p1a: Zoroark|0 fnt\n|faint|p1a: Zoroark\n|\n|-heal|p2a: Farigiraf|28/100|[from] item: Leftovers\n|upkeep\n|\n|t:|1776201796\n|switch|p1a: Primarina|Primarina, L50, F|75/100\n|turn|4\n|\n|t:|1776201821\n|detailschange|p1b: Delphox|Delphox-Mega, L50, F\n|-mega|p1b: Delphox|Delphox|Delphoxite\n|move|p1b: Delphox|Heat Wave|p2a: Farigiraf|[spread] p2a,p2b\n|-damage|p2a: Farigiraf|0 fnt\n|-damage|p2b: Goodra|59/100\n|faint|p2a: Farigiraf\n|move|p1a: Primarina|Moonblast|p2b: Goodra\n|-damage|p2b: Goodra|22/100\n|-enditem|p2b: Goodra|Sitrus Berry|[eat]\n|-heal|p2b: Goodra|47/100|[from] item: Sitrus Berry\n|move|p2b: Goodra|Thunderbolt|p1a: Primarina\n|-supereffective|p1a: Primarina|1\n|-damage|p1a: Primarina|18/100\n|-enditem|p1a: Primarina|Sitrus Berry|[eat]\n|-heal|p1a: Primarina|43/100|[from] item: Sitrus Berry\n|\n|upkeep\n|\n|t:|1776201835\n|switch|p2a: Dragonite|Dragonite, L50, M|100/100\n|turn|5\n|\n|t:|1776201856\n|detailschange|p2a: Dragonite|Dragonite-Mega, L50, M\n|-mega|p2a: Dragonite|Dragonite|Dragoninite\n|move|p1b: Delphox|Heat Wave|p2a: Dragonite|[spread] p2a,p2b\n|-resisted|p2a: Dragonite|1\n|-crit|p2a: Dragonite\n|-damage|p2a: Dragonite|87/100\n|-damage|p2b: Goodra|14/100\n|move|p2a: Dragonite|Hurricane|p1a: Primarina|[miss]\n|-miss|p2a: Dragonite|p1a: Primarina\n|move|p1a: Primarina|Ice Beam|p2a: Dragonite\n|-supereffective|p2a: Dragonite|2\n|-damage|p2a: Dragonite|0 fnt\n|faint|p2a: Dragonite\n|move|p2b: Goodra|Thunderbolt|p1a: Primarina\n|-supereffective|p1a: Primarina|1\n|-damage|p1a: Primarina|0 fnt\n|faint|p1a: Primarina\n|\n|upkeep\n|turn|6\n|\n|t:|1776201877\n|move|p1b: Delphox|Psychic|p2b: Goodra\n|-resisted|p2b: Goodra|1\n|-damage|p2b: Goodra|0 fnt\n|faint|p2b: Goodra\n|\n|win|gabomrv\n|raw|gabomrv's rating: 1072 &rarr; <strong>1095</strong><br />(+23 for winning)\n|raw|Ellye's rating: 1000 &rarr; <strong>1000</strong><br />(+0 for losing)\n|l|\u2606gabomrv\n|player|p1|\n",
  "uploadtime": 1776201889,
  "views": 20,
  "formatid": "gen9championsvgc2026regma",
  "rating": 1000,
  "private": 0,
  "password": null
}