{
  "id": "gen9championsvgc2026regma-2581478088",
  "format": "[Gen 9 Champions] VGC 2026 Reg M-A",
  "players": [
    "Eydan420",
    "yuriimon"
  ],
  "log": "|j|\u2606Eydan420\n|j|\u2606yuriimon\n|t:|1776004205\n|gametype|doubles\n|player|p1|Eydan420|worker|1000\n|player|p2|yuriimon|waitress-gen4|1034\n|gen|9\n|tier|[Gen 9 Champions] VGC 2026 Reg M-A\n|rated|\n|rule|Species Clause: Limit one of each Pok\u00e9mon\n|rule|Item Clause: Limit 1 of each item\n|clearpoke\n|poke|p1|Arcanine, L50, M|\n|poke|p1|Rotom-Wash, L50|\n|poke|p1|Garchomp, L50, M|\n|poke|p1|Venusaur, L50, F|\n|poke|p1|Corviknight, L50, M|\n|poke|p1|Sneasler, L50, M|\n|poke|p2|Feraligatr, L50, M|\n|poke|p2|Gallade, L50, M|\n|poke|p2|Pelipper, L50, F|\n|poke|p2|Delphox, L50, F|\n|poke|p2|Arcanine-Hisui, L50, M|\n|poke|p2|Raichu, L50, F|\n|teampreview|4\n|inactive|Battle timer is ON: inactive players will automatically lose when time's up. (requested by yuriimon)\n|inactive|Eydan420 has 60 seconds left.\n|inactive|yuriimon has 60 seconds left.\n|\n|t:|1776004246\n|teamsize|p1|4\n|teamsize|p2|4\n|start\n|switch|p1a: Venusaur|Venusaur, L50, F|100/100\n|switch|p1b: Rotom|Rotom-Wash, L50|100/100\n|switch|p2a: Raichu|Raichu, L50, F|100/100\n|switch|p2b: Delphox|Delphox, L50, F|100/100\n|turn|1\n|\n|t:|1776004269\n|detailschange|p2b: Delphox|Delphox-Mega, L50, F\n|-mega|p2b: Delphox|Delphox|Delphoxite\n|move|p1a: Venusaur|Protect|p1a: Venusaur\n|-singleturn|p1a: Venusaur|Protect\n|move|p2a: Raichu|Fake Out|p1b: Rotom\n|-damage|p1b: Rotom|89/100\n|cant|p1b: Rotom|flinch\n|move|p2b: Delphox|Psychic|p1a: Venusaur\n|-activate|p1a: Venusaur|move: Protect\n|\n|upkeep\n|turn|2\n|\n|t:|1776004288\n|detailschange|p1a: Venusaur|Venusaur-Mega, L50, F\n|-mega|p1a: Venusaur|Venusaur|Venusaurite\n|move|p2b: Delphox|Protect|p2b: Delphox\n|-singleturn|p2b: Delphox|Protect\n|move|p1b: Rotom|Hydro Pump|p2b: Delphox\n|-activate|p2b: Delphox|move: Protect\n|move|p2a: Raichu|Volt Switch|p1b: Rotom\n|-damage|p1b: Rotom|56/100\n|\n|t:|1776004301\n|switch|p2a: Pelipper|Pelipper, L50, F|100/100|[from] Volt Switch\n|-weather|RainDance|[from] ability: Drizzle|[of] p2a: Pelipper\n|move|p1a: Venusaur|Leech Seed|p2b: Delphox\n|-activate|p2b: Delphox|move: Protect\n|\n|-weather|RainDance|[upkeep]\n|upkeep\n|turn|3\n|\n|t:|1776004318\n|switch|p2b: Feraligatr|Feraligatr, L50, M|100/100\n|move|p1b: Rotom|Hydro Pump|p2b: Feraligatr\n|-resisted|p2b: Feraligatr|1\n|-damage|p2b: Feraligatr|62/100\n|move|p1a: Venusaur|Leech Seed|p2b: Feraligatr\n|-start|p2b: Feraligatr|move: Leech Seed\n|move|p2a: Pelipper|Tailwind|p2a: Pelipper\n|-sidestart|p2: yuriimon|move: Tailwind\n|\n|-weather|RainDance|[upkeep]\n|-damage|p2b: Feraligatr|49/100|[from] Leech Seed|[of] p1a: Venusaur\n|upkeep\n|turn|4\n|\n|t:|1776004339\n|switch|p1b: Garchomp|Garchomp, L50, M|100/100\n|switch|p2b: Raichu|Raichu, L50, F|100/100\n|move|p1a: Venusaur|Protect|p1a: Venusaur\n|-singleturn|p1a: Venusaur|Protect\n|move|p2a: Pelipper|Hurricane|p1a: Venusaur\n|-activate|p1a: Venusaur|move: Protect\n|\n|-weather|RainDance|[upkeep]\n|upkeep\n|turn|5\n|\n|t:|1776004357\n|move|p2b: Raichu|Fake Out|p1b: Garchomp\n|-damage|p1b: Garchomp|93/100\n|-damage|p2b: Raichu|89/100|[from] ability: Rough Skin|[of] p1b: Garchomp\n|move|p2a: Pelipper|Hurricane|p1a: Venusaur\n|-supereffective|p1a: Venusaur|1\n|-damage|p1a: Venusaur|40/100\n|cant|p1b: Garchomp|flinch\n|move|p1a: Venusaur|Leech Seed|p2b: Raichu\n|-start|p2b: Raichu|move: Leech Seed\n|\n|-weather|RainDance|[upkeep]\n|-damage|p2b: Raichu|77/100|[from] Leech Seed|[of] p1a: Venusaur\n|-heal|p1a: Venusaur|48/100|[silent]\n|upkeep\n|turn|6\n|\n|t:|1776004373\n|move|p1a: Venusaur|Protect|p1a: Venusaur\n|-singleturn|p1a: Venusaur|Protect\n|move|p2b: Raichu|Volt Switch|p1a: Venusaur\n|-activate|p1a: Venusaur|move: Protect\n|move|p2a: Pelipper|Weather Ball|p1b: Garchomp\n|-damage|p1b: Garchomp|37/100\n|move|p1b: Garchomp|Rock Slide|p2b: Raichu|[spread] p2a,p2b\n|-supereffective|p2a: Pelipper|1\n|-damage|p2a: Pelipper|59/100\n|-damage|p2b: Raichu|46/100\n|\n|-weather|none\n|-damage|p2b: Raichu|34/100|[from] Leech Seed|[of] p1a: Venusaur\n|-heal|p1a: Venusaur|57/100|[silent]\n|-sideend|p2: yuriimon|move: Tailwind\n|upkeep\n|turn|7\n|\n|t:|1776004396\n|move|p1b: Garchomp|Protect|p1b: Garchomp\n|-singleturn|p1b: Garchomp|Protect\n|move|p2b: Raichu|Volt Switch|p1a: Venusaur\n|-resisted|p1a: Venusaur|1\n|-damage|p1a: Venusaur|49/100\n|\n|t:|1776004403\n|switch|p2b: Delphox|Delphox-Mega, L50, F|100/100|[from] Volt Switch\n|move|p1a: Venusaur|Leech Seed|p2a: Pelipper\n|-start|p2a: Pelipper|move: Leech Seed\n|move|p2a: Pelipper|Tailwind|p2a: Pelipper\n|-sidestart|p2: yuriimon|move: Tailwind\n|\n|-damage|p2a: Pelipper|47/100|[from] Leech Seed|[of] p1a: Venusaur\n|-heal|p1a: Venusaur|57/100|[silent]\n|upkeep\n|turn|8\n|\n|t:|1776004415\n|switch|p2a: Raichu|Raichu, L50, F|34/100\n|move|p1a: Venusaur|Protect|p1a: Venusaur\n|-singleturn|p1a: Venusaur|Protect\n|move|p2b: Delphox|Psychic|p1b: Garchomp\n|-damage|p1b: Garchomp|0 fnt\n|faint|p1b: Garchomp\n|\n|upkeep\n|\n|t:|1776004427\n|switch|p1b: Rotom|Rotom-Wash, L50|56/100\n|turn|9\n|\n|t:|1776004443\n|move|p2a: Raichu|Fake Out|p1b: Rotom\n|-damage|p1b: Rotom|45/100\n|move|p2b: Delphox|Psychic|p1a: Venusaur\n|-supereffective|p1a: Venusaur|1\n|-crit|p1a: Venusaur\n|-damage|p1a: Venusaur|0 fnt\n|faint|p1a: Venusaur\n|cant|p1b: Rotom|flinch\n|\n|upkeep\n|\n|t:|1776004447\n|switch|p1a: Sneasler|Sneasler, L50, M|100/100\n|turn|10\n|\n|t:|1776004462\n|move|p2b: Delphox|Protect|p2b: Delphox\n|-singleturn|p2b: Delphox|Protect\n|move|p2a: Raichu|Protect|p2a: Raichu\n|-singleturn|p2a: Raichu|Protect\n|move|p1a: Sneasler|Fake Out|p2b: Delphox\n|-activate|p2b: Delphox|move: Protect\n|move|p1b: Rotom|Hydro Pump|p2a: Raichu\n|-activate|p2a: Raichu|move: Protect\n|\n|-sideend|p2: yuriimon|move: Tailwind\n|upkeep\n|turn|11\n|\n|t:|1776004476\n|move|p1b: Rotom|Hydro Pump|p2b: Delphox\n|-supereffective|p2b: Delphox|1\n|-damage|p2b: Delphox|3/100\n|move|p2b: Delphox|Psychic|p1a: Sneasler\n|-supereffective|p1a: Sneasler|2\n|-enditem|p1a: Sneasler|Focus Sash\n|-damage|p1a: Sneasler|1/100\n|move|p1a: Sneasler|Dire Claw|p2b: Delphox\n|-damage|p2b: Delphox|0 fnt\n|faint|p2b: Delphox\n|move|p2a: Raichu|Volt Switch|p1b: Rotom\n|-damage|p1b: Rotom|15/100\n|\n|t:|1776004489\n|switch|p2a: Pelipper|Pelipper, L50, F|47/100|[from] Volt Switch\n|-weather|RainDance|[from] ability: Drizzle|[of] p2a: Pelipper\n|\n|-weather|RainDance|[upkeep]\n|upkeep\n|\n|t:|1776004491\n|switch|p2b: Raichu|Raichu, L50, F|34/100\n|turn|12\n|\n|t:|1776004508\n|move|p2b: Raichu|Fake Out|p1a: Sneasler\n|-damage|p1a: Sneasler|0 fnt\n|faint|p1a: Sneasler\n|move|p1b: Rotom|Hydro Pump|p2b: Raichu\n|-damage|p2b: Raichu|0 fnt\n|faint|p2b: Raichu\n|move|p2a: Pelipper|Tailwind|p2a: Pelipper\n|-sidestart|p2: yuriimon|move: Tailwind\n|\n|-weather|RainDance|[upkeep]\n|upkeep\n|\n|t:|1776004517\n|switch|p2b: Feraligatr|Feraligatr, L50, M|49/100\n|turn|13\n|\n|t:|1776004524\n|move|p1b: Rotom|Hydro Pump|p2a: Pelipper\n|-resisted|p2a: Pelipper|1\n|-damage|p2a: Pelipper|0 fnt\n|faint|p2a: Pelipper\n|move|p2b: Feraligatr|Body Slam|p1b: Rotom\n|-damage|p1b: Rotom|0 fnt\n|faint|p1b: Rotom\n|\n|win|yuriimon\n|raw|Eydan420's rating: 1000 &rarr; <strong>1000</strong><br />(+0 for losing)\n|raw|yuriimon's rating: 1034 &rarr; <strong>1065</strong><br />(+31 for winning)\n|l|\u2606Eydan420\n|player|p1|\n|c|\u2606yuriimon|gg\n",
  "uploadtime": 1776004541,
  "views": 16,
  "formatid": "gen9championsvgc2026regma",
  "rating": 1000,
  "private": 0,
  "password": null
}