{
  "id": "gen9championsvgc2026regma-2582610851",
  "format": "[Gen 9 Champions] VGC 2026 Reg M-A",
  "players": [
    "themegaisiug",
    "BigSkenny05"
  ],
  "log": "|j|\u2606themegaisiug\n|j|\u2606BigSkenny05\n|t:|1776102515\n|gametype|doubles\n|player|p1|themegaisiug|boarder|1133\n|player|p2|BigSkenny05|benga|1040\n|gen|9\n|tier|[Gen 9 Champions] VGC 2026 Reg M-A\n|rated|\n|rule|Species Clause: Limit one of each Pok\u00e9mon\n|rule|Item Clause: Limit 1 of each item\n|clearpoke\n|poke|p1|Aerodactyl, L50, F|\n|poke|p1|Floette-Eternal, L50, F|\n|poke|p1|Incineroar, L50, M|\n|poke|p1|Sinistcha, L50|\n|poke|p1|Sneasler, L50, F|\n|poke|p1|Kingambit, L50, M|\n|poke|p2|Tyranitar, L50, F|\n|poke|p2|Excadrill, L50, M|\n|poke|p2|Garchomp, L50, M|\n|poke|p2|Meganium, L50, M|\n|poke|p2|Aerodactyl, L50, M|\n|poke|p2|Gyarados, L50, F|\n|teampreview|4\n|\n|t:|1776102550\n|teamsize|p1|4\n|teamsize|p2|4\n|start\n|switch|p1a: Floette|Floette-Eternal, L50, F|100/100\n|switch|p1b: Incineroar|Incineroar, L50, M|100/100\n|switch|p2a: Tyranitar|Tyranitar, L50, F|100/100\n|switch|p2b: Excadrill|Excadrill, L50, M|100/100\n|-ability|p1b: Incineroar|Intimidate|boost\n|-unboost|p2a: Tyranitar|atk|1\n|-unboost|p2b: Excadrill|atk|1\n|-weather|Sandstorm|[from] ability: Sand Stream|[of] p2a: Tyranitar\n|turn|1\n|\n|t:|1776102571\n|detailschange|p1a: Floette|Floette-Mega, L50, F\n|-mega|p1a: Floette|Floette|Floettite\n|-ability|p1a: Floette|Fairy Aura\n|move|p1b: Incineroar|Fake Out|p2b: Excadrill\n|-resisted|p2b: Excadrill|1\n|-damage|p2b: Excadrill|91/100\n|cant|p2b: Excadrill|flinch\n|move|p1a: Floette|Calm Mind|p1a: Floette\n|-boost|p1a: Floette|spa|1\n|-boost|p1a: Floette|spd|1\n|move|p2a: Tyranitar|Snarl|p1b: Incineroar|[spread] p1a,p1b\n|-resisted|p1a: Floette|1\n|-resisted|p1b: Incineroar|1\n|-damage|p1a: Floette|97/100\n|-damage|p1b: Incineroar|95/100\n|-unboost|p1a: Floette|spa|1\n|-unboost|p1b: Incineroar|spa|1\n|\n|-weather|Sandstorm|[upkeep]\n|-damage|p1a: Floette|91/100|[from] Sandstorm\n|-damage|p1b: Incineroar|89/100|[from] Sandstorm\n|upkeep\n|turn|2\n|\n|t:|1776102592\n|switch|p1b: Aerodactyl|Aerodactyl, L50, F|100/100\n|-ability|p1b: Aerodactyl|Unnerve\n|move|p1a: Floette|Protect|p1a: Floette\n|-singleturn|p1a: Floette|Protect\n|move|p2b: Excadrill|Iron Head|p1a: Floette\n|-activate|p1a: Floette|move: Protect\n|move|p2a: Tyranitar|Snarl|p1a: Floette|[spread] p1b\n|-activate|p1a: Floette|move: Protect\n|-damage|p1b: Aerodactyl|87/100\n|-unboost|p1b: Aerodactyl|spa|1\n|\n|-weather|Sandstorm|[upkeep]\n|-damage|p1a: Floette|85/100|[from] Sandstorm\n|upkeep\n|turn|3\n|\n|t:|1776102613\n|switch|p1a: Incineroar|Incineroar, L50, M|89/100\n|-ability|p1a: Incineroar|Intimidate|boost\n|-unboost|p2a: Tyranitar|atk|1\n|-unboost|p2b: Excadrill|atk|1\n|move|p2b: Excadrill|Iron Head|p1a: Incineroar\n|-resisted|p1a: Incineroar|1\n|-damage|p1a: Incineroar|79/100\n|move|p1b: Aerodactyl|Tailwind|p1b: Aerodactyl\n|-sidestart|p1: themegaisiug|move: Tailwind\n|move|p2a: Tyranitar|Rock Slide|p1b: Aerodactyl|[spread] p1a,p1b\n|-supereffective|p1a: Incineroar|1\n|-supereffective|p1b: Aerodactyl|1\n|-damage|p1a: Incineroar|58/100\n|-damage|p1b: Aerodactyl|44/100\n|\n|-weather|Sandstorm|[upkeep]\n|-damage|p1a: Incineroar|52/100|[from] Sandstorm\n|upkeep\n|turn|4\n|\n|t:|1776102639\n|switch|p2b: Garchomp|Garchomp, L50, M|100/100\n|move|p1b: Aerodactyl|Rock Slide|p2a: Tyranitar|[spread] p2a\n|-miss|p1b: Aerodactyl|p2b: Garchomp\n|-damage|p2a: Tyranitar|86/100\n|move|p1a: Incineroar|Flare Blitz|p2b: Garchomp\n|-resisted|p2b: Garchomp|1\n|-damage|p2b: Garchomp|73/100\n|-damage|p1a: Incineroar|39/100|[from] ability: Rough Skin|[of] p2b: Garchomp\n|-damage|p1a: Incineroar|31/100|[from] Recoil\n|move|p2a: Tyranitar|Snarl|p1a: Incineroar|[spread] p1a,p1b\n|-resisted|p1a: Incineroar|1\n|-damage|p1a: Incineroar|25/100\n|-damage|p1b: Aerodactyl|30/100\n|-unboost|p1a: Incineroar|spa|1\n|-unboost|p1b: Aerodactyl|spa|1\n|\n|-weather|Sandstorm|[upkeep]\n|-damage|p1a: Incineroar|19/100|[from] Sandstorm\n|upkeep\n|turn|5\n|\n|t:|1776102662\n|switch|p1b: Kingambit|Kingambit, L50, M|100/100\n|move|p1a: Incineroar|Parting Shot|p2b: Garchomp\n|-unboost|p2b: Garchomp|atk|1\n|-unboost|p2b: Garchomp|spa|1\n|\n|t:|1776102674\n|switch|p1a: Floette|Floette-Mega, L50, F|85/100|[from] Parting Shot\n|-ability|p1a: Floette|Fairy Aura\n|move|p2b: Garchomp|Rock Slide|p1a: Floette|[spread] p1a,p1b\n|-resisted|p1b: Kingambit|1\n|-damage|p1a: Floette|72/100\n|-damage|p1b: Kingambit|96/100\n|move|p2a: Tyranitar|Rock Slide|p1b: Kingambit|[spread] p1a,p1b\n|-resisted|p1b: Kingambit|1\n|-damage|p1a: Floette|61/100\n|-damage|p1b: Kingambit|91/100\n|\n|-weather|none\n|upkeep\n|turn|6\n|\n|t:|1776102696\n|switch|p2b: Excadrill|Excadrill, L50, M|91/100\n|move|p1a: Floette|Calm Mind|p1a: Floette\n|-boost|p1a: Floette|spa|1\n|-boost|p1a: Floette|spd|1\n|move|p1b: Kingambit|Low Kick|p2a: Tyranitar\n|-supereffective|p2a: Tyranitar|2\n|-enditem|p2a: Tyranitar|Chople Berry|[eat]\n|-enditem|p2a: Tyranitar|Chople Berry|[weaken]\n|-damage|p2a: Tyranitar|27/100\n|move|p2a: Tyranitar|Snarl|p1a: Floette|[spread] p1b\n|-miss|p2a: Tyranitar|p1a: Floette\n|-resisted|p1b: Kingambit|1\n|-damage|p1b: Kingambit|85/100\n|-unboost|p1b: Kingambit|spa|1\n|-ability|p1b: Kingambit|Defiant|boost\n|-boost|p1b: Kingambit|atk|2\n|\n|-sideend|p1: themegaisiug|move: Tailwind\n|upkeep\n|turn|7\n|\n|t:|1776102727\n|move|p1a: Floette|Protect|p1a: Floette\n|-singleturn|p1a: Floette|Protect\n|move|p2a: Tyranitar|Protect|p2a: Tyranitar\n|-singleturn|p2a: Tyranitar|Protect\n|move|p1b: Kingambit|Sucker Punch|p2b: Excadrill\n|-damage|p2b: Excadrill|0 fnt\n|faint|p2b: Excadrill\n|\n|upkeep\n|\n|t:|1776102736\n|switch|p2b: Aerodactyl|Aerodactyl, L50, M|100/100\n|-ability|p2b: Aerodactyl|Unnerve\n|turn|8\n|\n|t:|1776102751\n|move|p2b: Aerodactyl|Tailwind|p2b: Aerodactyl\n|-sidestart|p2: BigSkenny05|move: Tailwind\n|move|p2a: Tyranitar|Rock Slide|p1b: Kingambit|[spread] p1a,p1b\n|-resisted|p1b: Kingambit|1\n|-damage|p1a: Floette|47/100\n|-damage|p1b: Kingambit|80/100\n|move|p1a: Floette|Dazzling Gleam|p2b: Aerodactyl|[spread] p2a,p2b\n|-supereffective|p2a: Tyranitar|1\n|-damage|p2a: Tyranitar|0 fnt\n|-damage|p2b: Aerodactyl|11/100\n|faint|p2a: Tyranitar\n|move|p1b: Kingambit|Iron Head|p2b: Aerodactyl\n|-supereffective|p2b: Aerodactyl|1\n|-damage|p2b: Aerodactyl|0 fnt\n|faint|p2b: Aerodactyl\n|\n|upkeep\n|\n|t:|1776102764\n|switch|p2a: Garchomp|Garchomp, L50, M|73/100\n|turn|9\n|\n|t:|1776102771\n|switch|p1a: Incineroar|Incineroar, L50, M|19/100\n|-ability|p1a: Incineroar|Intimidate|boost\n|-unboost|p2a: Garchomp|atk|1\n|move|p1b: Kingambit|Sucker Punch|p2a: Garchomp\n|-damage|p2a: Garchomp|0 fnt\n|-damage|p1b: Kingambit|68/100|[from] ability: Rough Skin|[of] p2a: Garchomp\n|faint|p2a: Garchomp\n|\n|win|themegaisiug\n|raw|themegaisiug's rating: 1133 &rarr; <strong>1151</strong><br />(+18 for winning)\n|raw|BigSkenny05's rating: 1040 &rarr; <strong>1028</strong><br />(-12 for losing)\n|c|\u2606themegaisiug|gg\n",
  "uploadtime": 1776102780,
  "views": 9,
  "formatid": "gen9championsvgc2026regma",
  "rating": 1028,
  "private": 0,
  "password": null
}