{
  "id": "gen9championsvgc2026regma-2587423451",
  "format": "[Gen 9 Champions] VGC 2026 Reg M-A",
  "players": [
    "ironman3169",
    "cataclyst03"
  ],
  "log": "|j|\u2606ironman3169\n|j|\u2606cataclyst03\n|t:|1776530575\n|gametype|doubles\n|player|p1|ironman3169|ash|1213\n|player|p2|cataclyst03|hilbert|1223\n|gen|9\n|tier|[Gen 9 Champions] VGC 2026 Reg M-A\n|rated|\n|rule|Species Clause: Limit one of each Pok\u00e9mon\n|rule|Item Clause: Limit 1 of each item\n|clearpoke\n|poke|p1|Golurk, L50|\n|poke|p1|Torkoal, L50, F|\n|poke|p1|Incineroar, L50, M|\n|poke|p1|Farigiraf, L50, M|\n|poke|p1|Venusaur, L50, M|\n|poke|p1|Sneasler, L50, F|\n|poke|p2|Scovillain, L50, F|\n|poke|p2|Farigiraf, L50, M|\n|poke|p2|Torkoal, L50, M|\n|poke|p2|Conkeldurr, L50, F|\n|poke|p2|Weavile, L50, F|\n|poke|p2|Feraligatr, L50, F|\n|teampreview|4\n|inactive|Battle timer is ON: inactive players will automatically lose when time's up. (requested by cataclyst03)\n|inactive|ironman3169 has 60 seconds left.\n|inactive|cataclyst03 has 60 seconds left.\n|inactive|ironman3169 has 30 seconds left.\n|inactive|ironman3169 has 20 seconds left.\n|inactive|ironman3169 has 15 seconds left.\n|\n|t:|1776530652\n|teamsize|p1|4\n|teamsize|p2|4\n|start\n|switch|p1a: Farigiraf|Farigiraf, L50, M|100/100\n|switch|p1b: Venusaur|Venusaur, L50, M|100/100\n|switch|p2a: Scovillain|Scovillain, L50, F|100/100\n|switch|p2b: Farigiraf|Farigiraf, L50, M|100/100\n|turn|1\n|inactive|ironman3169 has 30 seconds left.\n|inactive|ironman3169 has 20 seconds left.\n|inactive|ironman3169 has 15 seconds left.\n|\n|t:|1776530694\n|switch|p2b: Conkeldurr|Conkeldurr, L50, F|100/100\n|detailschange|p2a: Scovillain|Scovillain-Mega, L50, F\n|-mega|p2a: Scovillain|Scovillain|Scovillainite\n|move|p1b: Venusaur|Sludge Bomb|p2a: Scovillain\n|-supereffective|p2a: Scovillain|1\n|-damage|p2a: Scovillain|27/100\n|-status|p2a: Scovillain|psn\n|-status|p1b: Venusaur|brn|[from] ability: Spicy Spray|[of] p2a: Scovillain\n|move|p2a: Scovillain|Flamethrower|p1b: Venusaur\n|-supereffective|p1b: Venusaur|1\n|-damage|p1b: Venusaur|4/100 brn\n|move|p1a: Farigiraf|Trick Room|p1a: Farigiraf\n|-fieldstart|move: Trick Room|[of] p1a: Farigiraf\n|\n|-damage|p2a: Scovillain|15/100 psn|[from] psn\n|-damage|p1b: Venusaur|0 fnt|[from] brn\n|faint|p1b: Venusaur\n|upkeep\n|inactive|ironman3169 has 30 seconds left.\n|inactive|ironman3169 has 20 seconds left.\n|\n|t:|1776530732\n|switch|p1b: Torkoal|Torkoal, L50, F|100/100\n|-weather|SunnyDay|[from] ability: Drought|[of] p1b: Torkoal\n|turn|2\n|\n|t:|1776530751\n|move|p2a: Scovillain|Rage Powder|p2a: Scovillain\n|-singleturn|p2a: Scovillain|move: Rage Powder\n|move|p1b: Torkoal|Eruption|p2b: Conkeldurr|[spread] p2a,p2b\n|-damage|p2a: Scovillain|0 fnt\n|-damage|p2b: Conkeldurr|19/100\n|-immune|p1b: Torkoal\n|faint|p2a: Scovillain\n|move|p2b: Conkeldurr|Knock Off|p1a: Farigiraf\n|-supereffective|p1a: Farigiraf|1\n|-damage|p1a: Farigiraf|46/100\n|-enditem|p1a: Farigiraf|Sitrus Berry|[from] move: Knock Off|[of] p2b: Conkeldurr\n|move|p1a: Farigiraf|Psychic|p2b: Conkeldurr\n|-supereffective|p2b: Conkeldurr|1\n|-damage|p2b: Conkeldurr|0 fnt\n|faint|p2b: Conkeldurr\n|\n|-weather|SunnyDay|[upkeep]\n|upkeep\n|\n|t:|1776530759\n|switch|p2b: Weavile|Weavile, L50, F|100/100\n|switch|p2a: Farigiraf|Farigiraf, L50, M|100/100\n|turn|3\n|\n|t:|1776530773\n|move|p2b: Weavile|Protect|p2b: Weavile\n|-singleturn|p2b: Weavile|Protect\n|move|p1b: Torkoal|Eruption|p2b: Weavile|[spread] p2a\n|-activate|p2b: Weavile|move: Protect\n|-damage|p2a: Farigiraf|26/100\n|-enditem|p2a: Farigiraf|Sitrus Berry|[eat]\n|-heal|p2a: Farigiraf|51/100|[from] item: Sitrus Berry\n|move|p1a: Farigiraf|Hyper Voice|p2b: Weavile|[spread] p2a\n|-activate|p2b: Weavile|move: Protect\n|-damage|p2a: Farigiraf|27/100\n|move|p2a: Farigiraf|Trick Room|p2a: Farigiraf\n|-fieldend|move: Trick Room\n|\n|-weather|SunnyDay|[upkeep]\n|upkeep\n|turn|4\n|inactive|cataclyst03 has 30 seconds left.\n|inactive|cataclyst03 has 20 seconds left.\n|inactive|cataclyst03 has 15 seconds left.\n|inactive|cataclyst03 has 10 seconds left.\n|inactive|cataclyst03 has 5 seconds left.\n|\n|t:|1776530828\n|move|p2b: Weavile|Knock Off|p1b: Torkoal\n|-damage|p1b: Torkoal|58/100\n|-enditem|p1b: Torkoal|Charcoal|[from] move: Knock Off|[of] p2b: Weavile\n|move|p2a: Farigiraf|Hyper Voice|p1a: Farigiraf|[spread] p1a,p1b\n|-damage|p1a: Farigiraf|23/100\n|-damage|p1b: Torkoal|28/100\n|move|p1b: Torkoal|Heat Wave|p2b: Weavile|[spread] p2a,p2b\n|-supereffective|p2b: Weavile|1\n|-damage|p2a: Farigiraf|0 fnt\n|-enditem|p2b: Weavile|Focus Sash\n|-damage|p2b: Weavile|1/100\n|faint|p2a: Farigiraf\n|move|p1a: Farigiraf|Trick Room|p1a: Farigiraf\n|-fieldstart|move: Trick Room|[of] p1a: Farigiraf\n|\n|-weather|SunnyDay|[upkeep]\n|upkeep\n|turn|5\n|-message|cataclyst03 forfeited.\n|\n|win|ironman3169\n|raw|ironman3169's rating: 1213 &rarr; <strong>1239</strong><br />(+26 for winning)\n|raw|cataclyst03's rating: 1223 &rarr; <strong>1197</strong><br />(-26 for losing)\n|l|\u2606cataclyst03\n|player|p2|\n",
  "uploadtime": 1776530845,
  "views": 23,
  "formatid": "gen9championsvgc2026regma",
  "rating": 1197,
  "private": 0,
  "password": null
}