{
  "id": "gen9championsvgc2026regma-2588693940",
  "format": "[Gen 9 Champions] VGC 2026 Reg M-A",
  "players": [
    "gimwepaw",
    "Jackalope11"
  ],
  "log": "|j|\u2606gimwepaw\n|j|\u2606Jackalope11\n|html|<table width=\"100%\"><tr><td align=\"left\">gimwepaw</td><td align=\"right\">Jackalope11</tr><tr><td align=\"left\"><i class=\"fa fa-circle-o\"></i> <i class=\"fa fa-circle-o\"></i> </td><td align=\"right\"><i class=\"fa fa-circle-o\"></i> <i class=\"fa fa-circle-o\"></i> </tr></table>\n|uhtml|bestof|<h2><strong>Game 1</strong> of <a href=\"/game-bestof3-gen9championsvgc2026regma-2588693939\">a best-of-3</a></h2>\n|t:|1776658556\n|gametype|doubles\n|player|p1|gimwepaw|265|\n|player|p2|Jackalope11|2|\n|gen|9\n|tier|[Gen 9 Champions] VGC 2026 Reg M-A\n|rule|Species Clause: Limit one of each Pok\u00e9mon\n|rule|Item Clause: Limit 1 of each item\n|raw|<div class=\"infobox\"><details class=\"readmore\" open><summary><strong>1 custom rule:</strong></summary> Best of = 3</details></div>\n|clearpoke\n|poke|p1|Feraligatr, L50, F|\n|poke|p1|Sinistcha, L50|\n|poke|p1|Arcanine-Hisui, L50, M|\n|poke|p1|Aerodactyl, L50, M|\n|poke|p1|Archaludon, L50, F|\n|poke|p1|Klefki, L50, F|\n|poke|p2|Rotom-Wash, L50|\n|poke|p2|Excadrill, L50, F|\n|poke|p2|Tyranitar, L50, M|\n|poke|p2|Sinistcha, L50|\n|poke|p2|Sneasler, L50, M|\n|poke|p2|Delphox, L50, F|\n|teampreview|4\n|c|\u2606gimwepaw|Ur fried rice buddy\n|c|\u2606Jackalope11|i never seen that giy\n|c|\u2606Jackalope11|dunno what it does\n|inactive|Battle timer is ON: inactive players will automatically lose when time's up. (requested by gimwepaw)\n|\n|t:|1776658624\n|teamsize|p1|4\n|teamsize|p2|4\n|start\n|switch|p1a: Feraligatr|Feraligatr, L50, F|100/100\n|switch|p1b: Klefki|Klefki, L50, F|100/100\n|switch|p2a: Delphox|Delphox, L50, F|100/100\n|switch|p2b: Sneasler|Sneasler, L50, M|100/100\n|turn|1\n|inactive|gimwepaw has 30 seconds left.\n|\n|t:|1776658656\n|detailschange|p2a: Delphox|Delphox-Mega, L50, F\n|-mega|p2a: Delphox|Delphox|Delphoxite\n|move|p1a: Feraligatr|Protect|p1a: Feraligatr\n|-singleturn|p1a: Feraligatr|Protect\n|move|p2b: Sneasler|Fake Out|p1a: Feraligatr\n|-activate|p1a: Feraligatr|move: Protect\n|move|p1b: Klefki|Light Screen|p1b: Klefki\n|-sidestart|p1: gimwepaw|move: Light Screen\n|move|p2a: Delphox|Heat Wave|p1a: Feraligatr|[spread] p1b\n|-activate|p1a: Feraligatr|move: Protect\n|-supereffective|p1b: Klefki|1\n|-damage|p1b: Klefki|27/100\n|-status|p1b: Klefki|brn\n|\n|-damage|p1b: Klefki|21/100 brn|[from] brn\n|upkeep\n|turn|2\n|inactive|gimwepaw has 30 seconds left.\n|inactive|Jackalope11 has 30 seconds left.\n|\n|t:|1776658686\n|detailschange|p1a: Feraligatr|Feraligatr-Mega, L50, F\n|-mega|p1a: Feraligatr|Feraligatr|Feraligite\n|move|p1b: Klefki|Reflect|p1b: Klefki\n|-sidestart|p1: gimwepaw|Reflect\n|move|p2a: Delphox|Psychic|p1a: Feraligatr\n|-crit|p1a: Feraligatr\n|-damage|p1a: Feraligatr|10/100\n|-unboost|p1a: Feraligatr|spd|1\n|move|p2b: Sneasler|Close Combat|p1a: Feraligatr\n|-damage|p1a: Feraligatr|0 fnt\n|-unboost|p2b: Sneasler|def|1\n|-unboost|p2b: Sneasler|spd|1\n|faint|p1a: Feraligatr\n|-enditem|p2b: Sneasler|White Herb\n|-clearnegativeboost|p2b: Sneasler|[silent]\n|\n|-damage|p1b: Klefki|15/100 brn|[from] brn\n|upkeep\n|c|\u2606Jackalope11|oops\n|c|\u2606gimwepaw|UNCLE\n|\n|t:|1776658706\n|switch|p1a: Archaludon|Archaludon, L50, F|100/100\n|turn|3\n|\n|t:|1776658720\n|move|p1b: Klefki|Rain Dance|p1b: Klefki\n|-weather|RainDance\n|move|p2b: Sneasler|Close Combat|p1a: Archaludon\n|-supereffective|p1a: Archaludon|1\n|-enditem|p1a: Archaludon|Chople Berry|[eat]\n|-enditem|p1a: Archaludon|Chople Berry|[weaken]\n|-damage|p1a: Archaludon|72/100\n|-unboost|p2b: Sneasler|def|1\n|-unboost|p2b: Sneasler|spd|1\n|-ability|p1a: Archaludon|Stamina|boost\n|-boost|p1a: Archaludon|def|1\n|move|p2a: Delphox|Heat Wave|p1a: Archaludon|[spread] p1a\n|-miss|p2a: Delphox|p1b: Klefki\n|-damage|p1a: Archaludon|57/100\n|-ability|p1a: Archaludon|Stamina|boost\n|-boost|p1a: Archaludon|def|1\n|move|p1a: Archaludon|Electro Shot||[still]\n|-prepare|p1a: Archaludon|Electro Shot\n|-boost|p1a: Archaludon|spa|1\n|-anim|p1a: Archaludon|Electro Shot|p2a: Delphox\n|-damage|p2a: Delphox|48/100\n|\n|-weather|RainDance|[upkeep]\n|-damage|p1b: Klefki|9/100 brn|[from] brn\n|upkeep\n|turn|4\n|c|\u2606gimwepaw|That\u2019s okay\n|c|\u2606Jackalope11|wow this guys tanky\n|inactive|Jackalope11 has 30 seconds left.\n|\n|t:|1776658749\n|switch|p2b: Sinistcha|Sinistcha, L50|100/100\n|-heal|p2a: Delphox|72/100|[from] ability: Hospitality|[of] p2b: Sinistcha\n|switch|p1b: Sinistcha|Sinistcha, L50|100/100\n|-heal|p1a: Archaludon|82/100|[from] ability: Hospitality|[of] p1b: Sinistcha\n|move|p2a: Delphox|Shadow Ball|p1a: Archaludon\n|-damage|p1a: Archaludon|58/100\n|-ability|p1a: Archaludon|Stamina|boost\n|-boost|p1a: Archaludon|def|1\n|move|p1a: Archaludon|Electro Shot||[still]\n|-prepare|p1a: Archaludon|Electro Shot\n|-boost|p1a: Archaludon|spa|1\n|-anim|p1a: Archaludon|Electro Shot|p2a: Delphox\n|-damage|p2a: Delphox|0 fnt\n|faint|p2a: Delphox\n|\n|-weather|RainDance|[upkeep]\n|upkeep\n|c|\u2606Jackalope11|yoo im cooked\n|inactive|Jackalope11 has 30 seconds left.\n|\n|t:|1776658777\n|switch|p2a: Rotom|Rotom-Wash, L50|100/100\n|turn|5\n|inactive|Jackalope11 has 30 seconds left.\n|inactive|Jackalope11 has 20 seconds left.\n|\n|t:|1776658813\n|move|p1a: Archaludon|Protect|p1a: Archaludon\n|-singleturn|p1a: Archaludon|Protect\n|move|p2a: Rotom|Hydro Pump|p1a: Archaludon\n|-activate|p1a: Archaludon|move: Protect\n|move|p2b: Sinistcha|Matcha Gotcha|p1a: Archaludon|[spread] p1b\n|-activate|p1a: Archaludon|move: Protect\n|-resisted|p1b: Sinistcha|1\n|-damage|p1b: Sinistcha|92/100\n|move|p1b: Sinistcha|Imprison|p1b: Sinistcha\n|-start|p1b: Sinistcha|move: Imprison\n|\n|-weather|RainDance|[upkeep]\n|-sideend|p1: gimwepaw|move: Light Screen\n|upkeep\n|turn|6\n|inactive|Jackalope11 has 30 seconds left.\n|\n|t:|1776658843\n|switch|p2b: Sneasler|Sneasler, L50, M|100/100\n|move|p1b: Sinistcha|Rage Powder|p1b: Sinistcha\n|-singleturn|p1b: Sinistcha|move: Rage Powder\n|move|p2a: Rotom|Hydro Pump|p1b: Sinistcha\n|-resisted|p1b: Sinistcha|1\n|-damage|p1b: Sinistcha|52/100\n|move|p1a: Archaludon|Electro Shot||[still]\n|-prepare|p1a: Archaludon|Electro Shot\n|-boost|p1a: Archaludon|spa|1\n|-anim|p1a: Archaludon|Electro Shot|p2a: Rotom\n|-damage|p2a: Rotom|9/100\n|\n|-weather|RainDance|[upkeep]\n|-heal|p2a: Rotom|15/100|[from] item: Leftovers\n|-sideend|p1: gimwepaw|Reflect\n|upkeep\n|turn|7\n|inactive|gimwepaw has 30 seconds left.\n|\n|t:|1776658873\n|move|p1a: Archaludon|Protect|p1a: Archaludon\n|-singleturn|p1a: Archaludon|Protect\n|move|p2b: Sneasler|Dire Claw|p1b: Sinistcha\n|-damage|p1b: Sinistcha|14/100\n|-status|p1b: Sinistcha|par\n|-enditem|p1b: Sinistcha|Sitrus Berry|[eat]\n|-heal|p1b: Sinistcha|39/100 par|[from] item: Sitrus Berry\n|move|p2a: Rotom|Hydro Pump|p1b: Sinistcha\n|-resisted|p1b: Sinistcha|1\n|-damage|p1b: Sinistcha|0 fnt\n|faint|p1b: Sinistcha\n|\n|-weather|none\n|-heal|p2a: Rotom|21/100|[from] item: Leftovers\n|upkeep\n|\n|t:|1776658897\n|switch|p1b: Klefki|Klefki, L50, F|9/100 brn\n|turn|8\n|c|\u2606Jackalope11|please crit please crit\n|inactive|Jackalope11 has 30 seconds left.\n|\n|t:|1776658922\n|move|p1b: Klefki|Light Screen|p1b: Klefki\n|-sidestart|p1: gimwepaw|move: Light Screen\n|move|p2b: Sneasler|Close Combat|p1a: Archaludon\n|-supereffective|p1a: Archaludon|1\n|-damage|p1a: Archaludon|19/100\n|-unboost|p2b: Sneasler|def|1\n|-unboost|p2b: Sneasler|spd|1\n|-ability|p1a: Archaludon|Stamina|boost\n|-boost|p1a: Archaludon|def|1\n|move|p2a: Rotom|Hydro Pump|p1a: Archaludon\n|-resisted|p1a: Archaludon|1\n|-damage|p1a: Archaludon|4/100\n|-ability|p1a: Archaludon|Stamina|boost\n|-boost|p1a: Archaludon|def|1\n|move|p1a: Archaludon|Flash Cannon|p2a: Rotom\n|-resisted|p2a: Rotom|2\n|-crit|p2a: Rotom\n|-damage|p2a: Rotom|0 fnt\n|faint|p2a: Rotom\n|\n|-damage|p1b: Klefki|3/100 brn|[from] brn\n|upkeep\n|c|\u2606Jackalope11|ok ggs\n|\n|t:|1776658935\n|switch|p2a: Sinistcha|Sinistcha, L50|100/100\n|turn|9\n|\n|t:|1776658945\n|move|p1a: Archaludon|Protect|p1a: Archaludon\n|-singleturn|p1a: Archaludon|Protect\n|move|p2b: Sneasler|Close Combat|p1a: Archaludon\n|-activate|p1a: Archaludon|move: Protect\n|move|p1b: Klefki|Dazzling Gleam|p2a: Sinistcha|[spread] p2a,p2b\n|-damage|p2a: Sinistcha|83/100\n|-damage|p2b: Sneasler|65/100\n|move|p2a: Sinistcha|Matcha Gotcha|p1a: Archaludon|[spread] p1b\n|-activate|p1a: Archaludon|move: Protect\n|-resisted|p1b: Klefki|1\n|-damage|p1b: Klefki|0 fnt\n|-heal|p2a: Sinistcha|84/100|[from] drain|[of] p1b: Klefki\n|faint|p1b: Klefki\n|\n|upkeep\n|turn|10\n|\n|t:|1776658956\n|move|p2b: Sneasler|Close Combat|p1a: Archaludon\n|-supereffective|p1a: Archaludon|1\n|-damage|p1a: Archaludon|0 fnt\n|-unboost|p2b: Sneasler|def|1\n|-unboost|p2b: Sneasler|spd|1\n|faint|p1a: Archaludon\n|\n|win|Jackalope11\n|c|\u2606gimwepaw|Oh my GOD bro\n||gimwepaw is ready for game 2.\n||Jackalope11 is ready for game 2.\n|uhtml|next|Next: <a href=\"/battle-gen9championsvgc2026regma-2588697523\"><strong>Game 2 of 3</strong></a>\n|l|\u2606gimwepaw\n|player|p1|\n",
  "uploadtime": 1776659743,
  "views": 5,
  "formatid": "gen9championsvgc2026regma",
  "rating": null,
  "private": 0,
  "password": null
}