{
  "id": "gen9championsvgc2026regma-2585244205",
  "format": "[Gen 9 Champions] VGC 2026 Reg M-A",
  "players": [
    "Deryplayer",
    "Pinstress"
  ],
  "log": "|j|\u2606Deryplayer\n|j|\u2606Pinstress\n|t:|1776329267\n|gametype|doubles\n|player|p1|Deryplayer|1|1000\n|player|p2|Pinstress|psychicf-gen4|1071\n|gen|9\n|tier|[Gen 9 Champions] VGC 2026 Reg M-A\n|rated|\n|rule|Species Clause: Limit one of each Pok\u00e9mon\n|rule|Item Clause: Limit 1 of each item\n|clearpoke\n|poke|p1|Kingambit, L50, F|\n|poke|p1|Sylveon, L50, F|\n|poke|p1|Incineroar, L50, F|\n|poke|p1|Sneasler, L50, F|\n|poke|p1|Starmie, L50|\n|poke|p1|Sinistcha, L50|\n|poke|p2|Floette-Eternal, L50, F|\n|poke|p2|Incineroar, L50, M|\n|poke|p2|Sinistcha-Masterpiece, L50|\n|poke|p2|Sneasler, L50, F|\n|poke|p2|Kingambit, L50, M|\n|poke|p2|Aerodactyl, L50, F|\n|teampreview|4\n|\n|t:|1776329318\n|teamsize|p1|4\n|teamsize|p2|4\n|start\n|switch|p1a: Starmie|Starmie, L50|100/100\n|switch|p1b: Sneasler|Sneasler, L50, F|100/100\n|switch|p2a: Aerodactyl|Aerodactyl, L50, F|100/100\n|switch|p2b: Sneasler|Sneasler, L50, F|100/100\n|-ability|p2a: Aerodactyl|Unnerve\n|turn|1\n|\n|t:|1776329343\n|detailschange|p1a: Starmie|Starmie-Mega, L50\n|-mega|p1a: Starmie|Starmie|Starminite\n|move|p1b: Sneasler|Fake Out|p2b: Sneasler\n|-damage|p2b: Sneasler|76/100\n|cant|p2b: Sneasler|flinch\n|move|p2a: Aerodactyl|Tailwind|p2a: Aerodactyl\n|-sidestart|p2: Pinstress|move: Tailwind\n|move|p1a: Starmie|Liquidation|p2a: Aerodactyl\n|-supereffective|p2a: Aerodactyl|1\n|-enditem|p2a: Aerodactyl|Focus Sash\n|-damage|p2a: Aerodactyl|1/100\n|\n|upkeep\n|turn|2\n|\n|t:|1776329375\n|move|p1a: Starmie|Protect|p1a: Starmie\n|-singleturn|p1a: Starmie|Protect\n|move|p2a: Aerodactyl|Dual Wingbeat|p1b: Sneasler\n|-supereffective|p1b: Sneasler|1\n|-damage|p1b: Sneasler|42/100\n|-supereffective|p1b: Sneasler|1\n|-damage|p1b: Sneasler|0 fnt\n|faint|p1b: Sneasler\n|-hitcount|p1: Sneasler|2\n|move|p2b: Sneasler|Close Combat|p1a: Starmie\n|-activate|p1a: Starmie|move: Protect\n|\n|upkeep\n|\n|t:|1776329382\n|switch|p1b: Kingambit|Kingambit, L50, F|100/100\n|turn|3\n|\n|t:|1776329400\n|move|p2a: Aerodactyl|Protect|p2a: Aerodactyl\n|-singleturn|p2a: Aerodactyl|Protect\n|move|p1b: Kingambit|Sucker Punch||[still]\n|-fail|p1b: Kingambit\n|move|p2b: Sneasler|Close Combat|p1b: Kingambit\n|-supereffective|p1b: Kingambit|2\n|-damage|p1b: Kingambit|0 fnt\n|-unboost|p2b: Sneasler|def|1\n|-unboost|p2b: Sneasler|spd|1\n|faint|p1b: Kingambit\n|-enditem|p2b: Sneasler|White Herb\n|-clearnegativeboost|p2b: Sneasler|[silent]\n|move|p1a: Starmie|Liquidation|p2b: Sneasler\n|-damage|p2b: Sneasler|0 fnt\n|faint|p2b: Sneasler\n|\n|upkeep\n|\n|t:|1776329421\n|switch|p2b: Kingambit|Kingambit, L50, M|100/100\n|switch|p1b: Sylveon|Sylveon, L50, F|100/100\n|turn|4\n|\n|t:|1776329437\n|move|p2a: Aerodactyl|Rock Slide|p1a: Starmie|[spread] p1b\n|-miss|p2a: Aerodactyl|p1a: Starmie\n|-damage|p1b: Sylveon|72/100\n|move|p2b: Kingambit|Iron Head|p1b: Sylveon\n|-supereffective|p1b: Sylveon|1\n|-damage|p1b: Sylveon|0 fnt\n|faint|p1b: Sylveon\n|move|p1a: Starmie|Liquidation|p2b: Kingambit\n|-damage|p2b: Kingambit|35/100\n|\n|-sideend|p2: Pinstress|move: Tailwind\n|upkeep\n|turn|5\n|-message|Deryplayer forfeited.\n|\n|win|Pinstress\n|raw|Deryplayer's rating: 1000 &rarr; <strong>1000</strong><br />(+0 for losing)\n|raw|Pinstress's rating: 1071 &rarr; <strong>1094</strong><br />(+23 for winning)\n|l|\u2606Deryplayer\n|player|p1|\n",
  "uploadtime": 1776329458,
  "views": 22,
  "formatid": "gen9championsvgc2026regma",
  "rating": 1000,
  "private": 0,
  "password": null
}