{
  "id": "gen9championsvgc2026regma-2586707862",
  "format": "[Gen 9 Champions] VGC 2026 Reg M-A",
  "players": [
    "BrotadYT",
    "mrfruc"
  ],
  "log": "|j|\u2606BrotadYT\n|j|\u2606mrfruc\n|t:|1776453767\n|gametype|doubles\n|player|p1|BrotadYT|1|1178\n|player|p2|mrfruc|acetrainer-gen4dp|1113\n|gen|9\n|tier|[Gen 9 Champions] VGC 2026 Reg M-A\n|rated|\n|rule|Species Clause: Limit one of each Pok\u00e9mon\n|rule|Item Clause: Limit 1 of each item\n|clearpoke\n|poke|p1|Dragapult, L50, F|\n|poke|p1|Charizard, L50, M|\n|poke|p1|Milotic, L50, M|\n|poke|p1|Sableye, L50, M|\n|poke|p1|Lucario, L50, F|\n|poke|p1|Heliolisk, L50, F|\n|poke|p2|Torkoal, L50, M|\n|poke|p2|Sneasler, L50, F|\n|poke|p2|Farigiraf, L50, M|\n|poke|p2|Golurk, L50|\n|poke|p2|Kingambit, L50, F|\n|poke|p2|Drampa, L50, F|\n|teampreview|4\n|inactive|Battle timer is ON: inactive players will automatically lose when time's up. (requested by BrotadYT)\n|c|\u2606mrfruc|glhf\nmrfruc has agreed to open team sheets.\n|\n|t:|1776453810\n|teamsize|p1|4\n|teamsize|p2|4\n|start\n|switch|p1a: Dragapult|Dragapult, L50, F, shiny|100/100\n|switch|p1b: Heliolisk|Heliolisk, L50, F, shiny|100/100\n|switch|p2a: Tear|Sneasler, L50, F|100/100\n|switch|p2b: Chompers|Farigiraf, L50, M|100/100\n|turn|1\n|\n|t:|1776453831\n|move|p1b: Heliolisk|Protect|p1b: Heliolisk\n|-singleturn|p1b: Heliolisk|Protect\n|move|p2b: Chompers|Protect|p2b: Chompers\n|-singleturn|p2b: Chompers|Protect\n|move|p2a: Tear|Fake Out|p1b: Heliolisk\n|-activate|p1b: Heliolisk|move: Protect\n|move|p1a: Dragapult|Draco Meteor|p2b: Chompers\n|-activate|p2b: Chompers|move: Protect\n|\n|upkeep\n|turn|2\n|\n|t:|1776453851\n|move|p1a: Dragapult|Draco Meteor|p2a: Tear\n|-damage|p2a: Tear|20/100\n|-unboost|p1a: Dragapult|spa|2\n|move|p2a: Tear|U-turn|p1a: Dragapult\n|-resisted|p1a: Dragapult|1\n|-damage|p1a: Dragapult|85/100\n|\n|t:|1776453858\n|switch|p2a: Warmachine|Golurk, L50|100/100|[from] U-turn\n|move|p1b: Heliolisk|Shed Tail|p1b: Heliolisk\n|-start|p1b: Heliolisk|Substitute|[from] move: Shed Tail\n|-damage|p1b: Heliolisk|50/100\n|-enditem|p1b: Heliolisk|Sitrus Berry|[eat]\n|-heal|p1b: Heliolisk|75/100|[from] item: Sitrus Berry\n|\n|t:|1776453866\n|switch|p1b: Charizard|Charizard, L50, M, shiny|100/100|[from] Shed Tail\n|move|p2b: Chompers|Trick Room|p2b: Chompers\n|-fieldstart|move: Trick Room|[of] p2b: Chompers\n|\n|upkeep\n|turn|3\n|\n|t:|1776453882\n|switch|p1a: Milotic|Milotic, L50, M, shiny|100/100\n|detailschange|p2a: Warmachine|Golurk-Mega, L50\n|-mega|p2a: Warmachine|Golurk|Golurkite\n|move|p2a: Warmachine|Ice Punch|p1a: Milotic\n|-resisted|p1a: Milotic|1\n|-damage|p1a: Milotic|83/100\n|move|p2b: Chompers|Hyper Voice|p1b: Charizard|[spread] p1a,p1b\n|-damage|p1a: Milotic|62/100\n|-damage|p1b: Charizard|65/100\n|move|p1b: Charizard|Dragon Dance|p1b: Charizard\n|-boost|p1b: Charizard|atk|1\n|-boost|p1b: Charizard|spe|1\n|\n|-heal|p1a: Milotic|68/100|[from] item: Leftovers\n|upkeep\n|turn|4\n|inactive|mrfruc has 30 seconds left.\n|\n|t:|1776453917\n|detailschange|p1b: Charizard|Charizard-Mega-X, L50, M, shiny\n|-mega|p1b: Charizard|Charizard|Charizardite X\n|move|p2a: Warmachine|Poltergeist|p1b: Charizard\n|-activate|p1b: Charizard|move: Poltergeist|Charizardite X\n|-end|p1b: Charizard|Substitute\n|move|p2b: Chompers|Twin Beam|p1b: Charizard\n|-damage|p1b: Charizard|41/100\n|-damage|p1b: Charizard|16/100\n|-hitcount|p1b: Charizard|2\n|move|p1a: Milotic|Life Dew|p1a: Milotic|[spread] p1a,p1b\n|-heal|p1a: Milotic|93/100\n|-heal|p1b: Charizard|40/100\n|move|p1b: Charizard|Dragon Rush|p2a: Warmachine|[miss]\n|-miss|p1b: Charizard|p2a: Warmachine\n|\n|-heal|p1a: Milotic|99/100|[from] item: Leftovers\n|upkeep\n|turn|5\n|inactive|mrfruc has 30 seconds left.\n|\n|t:|1776453951\n|move|p1b: Charizard|Protect|p1b: Charizard\n|-singleturn|p1b: Charizard|Protect\n|move|p2a: Warmachine|Headlong Rush|p1b: Charizard\n|-supereffective|p1b: Charizard|1\n|-crit|p1b: Charizard\n|-ability|p2a: Warmachine|Unseen Fist\n|-zbroken|p1b: Charizard\n|-damage|p1b: Charizard|0 fnt\n|-unboost|p2a: Warmachine|def|1\n|-unboost|p2a: Warmachine|spd|1\n|faint|p1b: Charizard\n|move|p2b: Chompers|Hyper Voice|p1a: Milotic\n|-damage|p1a: Milotic|65/100\n|move|p1a: Milotic|Life Dew|p1a: Milotic\n|-heal|p1a: Milotic|90/100\n|\n|-heal|p1a: Milotic|96/100|[from] item: Leftovers\n|upkeep\n|c|\u2606BrotadYT|I forgor\n|\n|t:|1776453974\n|switch|p1b: Dragapult|Dragapult, L50, F, shiny|85/100\n|turn|6\n|\n|t:|1776453994\n|move|p2b: Chompers|Protect|p2b: Chompers\n|-singleturn|p2b: Chompers|Protect\n|move|p2a: Warmachine|Poltergeist|p1b: Dragapult\n|-activate|p1b: Dragapult|move: Poltergeist|Choice Scarf\n|-supereffective|p1b: Dragapult|1\n|-damage|p1b: Dragapult|0 fnt\n|faint|p1b: Dragapult\n|move|p1a: Milotic|Scald|p2a: Warmachine\n|-supereffective|p2a: Warmachine|1\n|-damage|p2a: Warmachine|17/100\n|-status|p2a: Warmachine|brn\n|\n|-heal|p1a: Milotic|100/100|[from] item: Leftovers\n|-damage|p2a: Warmachine|11/100 brn|[from] brn\n|-fieldend|move: Trick Room\n|upkeep\n|\n|t:|1776454006\n|switch|p1b: Heliolisk|Heliolisk, L50, F, shiny|75/100\n|turn|7\n|\n|t:|1776454019\n|switch|p2a: Tear|Sneasler, L50, F|20/100\n|move|p1b: Heliolisk|Thunder|p2b: Chompers|[miss]\n|-miss|p1b: Heliolisk|p2b: Chompers\n|move|p1a: Milotic|Icy Wind|p2b: Chompers|[spread] p2a,p2b\n|-damage|p2a: Tear|4/100\n|-damage|p2b: Chompers|89/100\n|-unboost|p2a: Tear|spe|1\n|-unboost|p2b: Chompers|spe|1\n|-enditem|p2a: Tear|White Herb\n|-clearnegativeboost|p2a: Tear|[silent]\n|move|p2b: Chompers|Trick Room|p2b: Chompers\n|-fieldstart|move: Trick Room|[of] p2b: Chompers\n|\n|upkeep\n|turn|8\n|\n|t:|1776454036\n|move|p1b: Heliolisk|Protect|p1b: Heliolisk\n|-singleturn|p1b: Heliolisk|Protect\n|move|p2a: Tear|Fake Out|p1a: Milotic\n|-damage|p1a: Milotic|85/100\n|move|p2b: Chompers|Hyper Voice|p1b: Heliolisk|[spread] p1a\n|-activate|p1b: Heliolisk|move: Protect\n|-damage|p1a: Milotic|60/100\n|cant|p1a: Milotic|flinch\n|\n|-heal|p1a: Milotic|66/100|[from] item: Leftovers\n|upkeep\n|turn|9\n|inactive|BrotadYT has 30 seconds left.\n|\n|t:|1776454064\n|move|p2b: Chompers|Twin Beam|p1b: Heliolisk\n|-damage|p1b: Heliolisk|47/100\n|-damage|p1b: Heliolisk|22/100\n|-hitcount|p1b: Heliolisk|2\n|move|p1a: Milotic|Icy Wind|p2b: Chompers|[spread] p2a,p2b\n|-damage|p2a: Tear|0 fnt\n|-damage|p2b: Chompers|76/100\n|-unboost|p2b: Chompers|spe|1\n|faint|p2a: Tear\n|move|p1b: Heliolisk|Thunder|p2b: Chompers\n|-damage|p2b: Chompers|28/100\n|-status|p2b: Chompers|par\n|-enditem|p2b: Chompers|Sitrus Berry|[eat]\n|-heal|p2b: Chompers|53/100 par|[from] item: Sitrus Berry\n|\n|-heal|p1a: Milotic|72/100|[from] item: Leftovers\n|upkeep\n|\n|t:|1776454075\n|switch|p2a: Queen's Gambit|Kingambit, L50, F, shiny|100/100\n|turn|10\n|\n|t:|1776454087\n|move|p1b: Heliolisk|Protect|p1b: Heliolisk\n|-singleturn|p1b: Heliolisk|Protect\n|move|p2b: Chompers|Twin Beam|p1b: Heliolisk\n|-activate|p1b: Heliolisk|move: Protect\n|move|p2a: Queen's Gambit|Kowtow Cleave|p1a: Milotic\n|-damage|p1a: Milotic|21/100\n|move|p1a: Milotic|Life Dew|p1a: Milotic|[spread] p1a\n|-heal|p1b: Heliolisk|47/100|[from] ability: Dry Skin|[of] p1a: Milotic\n|-heal|p1a: Milotic|46/100\n|\n|-heal|p1a: Milotic|52/100|[from] item: Leftovers\n|upkeep\n|turn|11\n|\n|t:|1776454106\n|move|p2b: Chompers|Twin Beam|p1a: Milotic\n|-damage|p1a: Milotic|38/100\n|-damage|p1a: Milotic|22/100\n|-hitcount|p1a: Milotic|2\n|move|p2a: Queen's Gambit|Kowtow Cleave|p1b: Heliolisk\n|-damage|p1b: Heliolisk|0 fnt\n|faint|p1b: Heliolisk\n|move|p1a: Milotic|Scald|p2a: Queen's Gambit\n|-damage|p2a: Queen's Gambit|64/100\n|\n|-heal|p1a: Milotic|28/100|[from] item: Leftovers\n|-fieldend|move: Trick Room\n|upkeep\n|turn|12\n|\n|t:|1776454122\n|move|p2a: Queen's Gambit|Sucker Punch|p1a: Milotic\n|-damage|p1a: Milotic|0 fnt\n|faint|p1a: Milotic\n|\n|win|mrfruc\n|raw|BrotadYT's rating: 1178 &rarr; <strong>1148</strong><br />(-30 for losing)\n|raw|mrfruc's rating: 1113 &rarr; <strong>1143</strong><br />(+30 for winning)\n|l|\u2606BrotadYT\n|player|p1|\n|c|\u2606mrfruc|gg wp\n",
  "uploadtime": 1776454134,
  "views": 37,
  "formatid": "gen9championsvgc2026regma",
  "rating": 1143,
  "private": 0,
  "password": null
}