{
  "id": "gen9championsvgc2026regma-2587604166",
  "format": "[Gen 9 Champions] VGC 2026 Reg M-A",
  "players": [
    "neotis",
    "CedUp999"
  ],
  "log": "|j|\u2606neotis\n|j|\u2606CedUp999\n|t:|1776546191\n|gametype|doubles\n|player|p1|neotis|266|1069\n|player|p2|CedUp999|102|1045\n|gen|9\n|tier|[Gen 9 Champions] VGC 2026 Reg M-A\n|rated|\n|rule|Species Clause: Limit one of each Pok\u00e9mon\n|rule|Item Clause: Limit 1 of each item\n|clearpoke\n|poke|p1|Gengar, L50, F|\n|poke|p1|Klefki, L50, F|\n|poke|p1|Incineroar, L50, F|\n|poke|p1|Sneasler, L50, F|\n|poke|p1|Sinistcha, L50|\n|poke|p1|Basculegion, L50, M|\n|poke|p2|Heracross, L50, F, shiny|\n|poke|p2|Pelipper, L50, F|\n|poke|p2|Sinistcha, L50|\n|poke|p2|Basculegion, L50, M|\n|poke|p2|Sneasler, L50, M|\n|poke|p2|Gyarados, L50, F, shiny|\n|teampreview|4\n|inactive|Battle timer is ON: inactive players will automatically lose when time's up. (requested by neotis)\n|\n|t:|1776546283\n|teamsize|p1|4\n|teamsize|p2|4\n|start\n|switch|p1a: Sneasler|Sneasler, L50, F|100/100\n|switch|p1b: Incineroar|Incineroar, L50, F|100/100\n|switch|p2a: Sneasler|Sneasler, L50, M|100/100\n|switch|p2b: Basculegion|Basculegion, L50, M|100/100\n|-ability|p1b: Incineroar|Intimidate|boost\n|-unboost|p2a: Sneasler|atk|1\n|-unboost|p2b: Basculegion|atk|1\n|-enditem|p2a: Sneasler|White Herb\n|-clearnegativeboost|p2a: Sneasler|[silent]\n|turn|1\n|inactive|CedUp999 has 30 seconds left.\n|inactive|CedUp999 has 20 seconds left.\n|\n|t:|1776546322\n|switch|p1a: Gengar|Gengar, L50, F|100/100\n|move|p2a: Sneasler|Fake Out|p1a: Gengar\n|-immune|p1a: Gengar\n|move|p2b: Basculegion|Liquidation|p1a: Gengar\n|-damage|p1a: Gengar|43/100\n|-start|p2b: Basculegion|Disable|Liquidation|[from] ability: Cursed Body|[of] p1a: Gengar\n|move|p1b: Incineroar|Darkest Lariat|p2b: Basculegion\n|-supereffective|p2b: Basculegion|1\n|-enditem|p2b: Basculegion|Focus Sash\n|-damage|p2b: Basculegion|1/100\n|\n|upkeep\n|turn|2\n|inactive|CedUp999 has 30 seconds left.\n|inactive|CedUp999 has 20 seconds left.\n|inactive|CedUp999 has 15 seconds left.\n|\n|t:|1776546367\n|switch|p2b: Heracross|Heracross, L50, F, shiny|100/100\n|move|p1a: Gengar|Protect|p1a: Gengar\n|-singleturn|p1a: Gengar|Protect\n|move|p2a: Sneasler|Rock Slide|p1a: Gengar|[spread] p1b\n|-activate|p1a: Gengar|move: Protect\n|-supereffective|p1b: Incineroar|1\n|-damage|p1b: Incineroar|68/100\n|cant|p1b: Incineroar|flinch\n|\n|upkeep\n|turn|3\n|inactive|CedUp999 has 30 seconds left.\n|\n|t:|1776546401\n|switch|p1b: Klefki|Klefki, L50, F|100/100\n|move|p2a: Sneasler|Rock Slide|p1b: Klefki|[spread] p1a,p1b\n|-resisted|p1b: Klefki|1\n|-damage|p1a: Gengar|3/100\n|-damage|p1b: Klefki|89/100\n|move|p1a: Gengar|Sludge Wave|p2a: Sneasler|[spread] p2a,p2b\n|-immune|p1b: Klefki\n|-resisted|p2a: Sneasler|1\n|-damage|p2a: Sneasler|74/100\n|-damage|p2b: Heracross|65/100\n|move|p2b: Heracross|Close Combat|p1b: Klefki\n|-damage|p1b: Klefki|20/100\n|-unboost|p2b: Heracross|def|1\n|-unboost|p2b: Heracross|spd|1\n|-enditem|p1b: Klefki|Sitrus Berry|[eat]\n|-heal|p1b: Klefki|45/100|[from] item: Sitrus Berry\n|\n|upkeep\n|turn|4\n|inactive|CedUp999 has 30 seconds left.\n|inactive|CedUp999 has 20 seconds left.\n|inactive|CedUp999 has 15 seconds left.\n|inactive|CedUp999 has 10 seconds left.\n|\n|t:|1776546448\n|move|p1a: Gengar|Protect|p1a: Gengar\n|-singleturn|p1a: Gengar|Protect\n|move|p2a: Sneasler|Rock Slide|p1a: Gengar|[spread] p1b\n|-activate|p1a: Gengar|move: Protect\n|-resisted|p1b: Klefki|1\n|-damage|p1b: Klefki|33/100\n|move|p1b: Klefki|Draining Kiss|p2b: Heracross\n|-supereffective|p2b: Heracross|1\n|-crit|p2b: Heracross\n|-damage|p2b: Heracross|0 fnt\n|-heal|p1b: Klefki|100/100|[from] drain|[of] p2b: Heracross\n|faint|p2b: Heracross\n|\n|upkeep\n|inactive|CedUp999 has 30 seconds left.\n|\n|t:|1776546477\n|switch|p2b: Sinistcha|Sinistcha, L50|100/100\n|-heal|p2a: Sneasler|99/100|[from] ability: Hospitality|[of] p2b: Sinistcha\n|turn|5\n|\n|t:|1776546490\n|switch|p1a: Incineroar|Incineroar, L50, F|68/100\n|-ability|p1a: Incineroar|Intimidate|boost\n|-unboost|p2a: Sneasler|atk|1\n|-unboost|p2b: Sinistcha|atk|1\n|move|p2b: Sinistcha|Protect|p2b: Sinistcha\n|-singleturn|p2b: Sinistcha|Protect\n|move|p1b: Klefki|Reflect|p1b: Klefki\n|-sidestart|p1: neotis|Reflect\n|move|p2a: Sneasler|Dire Claw|p1a: Incineroar\n|-damage|p1a: Incineroar|53/100\n|\n|upkeep\n|turn|6\n|\n|t:|1776546513\n|move|p2b: Sinistcha|Rage Powder|p2b: Sinistcha\n|-singleturn|p2b: Sinistcha|move: Rage Powder\n|move|p1b: Klefki|Calm Mind|p1b: Klefki\n|-boost|p1b: Klefki|spa|1\n|-boost|p1b: Klefki|spd|1\n|move|p2a: Sneasler|Close Combat|p1a: Incineroar\n|-supereffective|p1a: Incineroar|1\n|-damage|p1a: Incineroar|1/100\n|-unboost|p2a: Sneasler|def|1\n|-unboost|p2a: Sneasler|spd|1\n|move|p1a: Incineroar|Flare Blitz|p2b: Sinistcha\n|-supereffective|p2b: Sinistcha|1\n|-damage|p2b: Sinistcha|12/100\n|-damage|p1a: Incineroar|0 fnt|[from] Recoil\n|faint|p1a: Incineroar\n|\n|upkeep\n|\n|t:|1776546528\n|switch|p1a: Sneasler|Sneasler, L50, F|100/100\n|turn|7\n|\n|t:|1776546541\n|switch|p2a: Basculegion|Basculegion, L50, M|1/100\n|move|p2b: Sinistcha|Protect|p2b: Sinistcha\n|-singleturn|p2b: Sinistcha|Protect\n|move|p1a: Sneasler|U-turn|p2a: Basculegion\n|-resisted|p2a: Basculegion|1\n|-damage|p2a: Basculegion|0 fnt\n|faint|p2a: Basculegion\n|\n|t:|1776546555\n|switch|p1a: Gengar|Gengar, L50, F|3/100|[from] U-turn\n|move|p1b: Klefki|Draining Kiss|p2b: Sinistcha\n|-activate|p2b: Sinistcha|move: Protect\n|\n|upkeep\n|-message|CedUp999 forfeited.\n|\n|win|neotis\n|raw|neotis's rating: 1069 &rarr; <strong>1097</strong><br />(+28 for winning)\n|raw|CedUp999's rating: 1045 &rarr; <strong>1029</strong><br />(-16 for losing)\n|l|\u2606CedUp999\n|player|p2|\n",
  "uploadtime": 1776546570,
  "views": 19,
  "formatid": "gen9championsvgc2026regma",
  "rating": 1029,
  "private": 0,
  "password": null
}