{
  "id": "gen9championsvgc2026regma-2586361420",
  "format": "[Gen 9 Champions] VGC 2026 Reg M-A",
  "players": [
    "roogie.",
    "yukideee"
  ],
  "log": "|j|\u203droogie.\n|j|\u2606yukideee\n|t:|1776428791\n|gametype|doubles\n|player|p1|roogie.|alder|1063\n|player|p2|yukideee|cynthia-masters4|1016\n|gen|9\n|tier|[Gen 9 Champions] VGC 2026 Reg M-A\n|rated|\n|rule|Species Clause: Limit one of each Pok\u00e9mon\n|rule|Item Clause: Limit 1 of each item\n|clearpoke\n|poke|p1|Gengar, L50, M|\n|poke|p1|Incineroar, L50, F|\n|poke|p1|Primarina, L50, M|\n|poke|p1|Kommo-o, L50, F|\n|poke|p1|Farigiraf, L50, M|\n|poke|p1|Torkoal, L50, M|\n|poke|p2|Sinistcha-Masterpiece, L50|\n|poke|p2|Pelipper, L50, F|\n|poke|p2|Basculegion, L50, M|\n|poke|p2|Scizor, L50, M|\n|poke|p2|Alakazam, L50, M|\n|poke|p2|Drampa, L50, F|\n|teampreview|4\n|inactive|Battle timer is ON: inactive players will automatically lose when time's up. (requested by yukideee)\n|\n|t:|1776428803\n|teamsize|p1|4\n|teamsize|p2|4\n|start\n|switch|p1a: Farigiraf|Farigiraf, L50, M|100/100\n|switch|p1b: Gengar|Gengar, L50, M|100/100\n|switch|p2a: Alakazam|Alakazam, L50, M|100/100\n|switch|p2b: Drampa|Drampa, L50, F|100/100\n|-ability|p2b: Drampa|Cloud Nine\n|turn|1\n|\n|t:|1776428815\n|detailschange|p1b: Gengar|Gengar-Mega, L50, M\n|-mega|p1b: Gengar|Gengar|Gengarite\n|move|p1a: Farigiraf|Ally Switch|p1a: Farigiraf\n|swap|p1a: Farigiraf|1|[from] move: Ally Switch\n|move|p2a: Alakazam|Psychic|p1b: Farigiraf\n|-resisted|p1b: Farigiraf|1\n|-damage|p1b: Farigiraf|83/100\n|move|p1a: Gengar|Perish Song|p1a: Gengar\n|-start|p1a: Gengar|perish3|[silent]\n|-start|p1b: Farigiraf|perish3|[silent]\n|-start|p2a: Alakazam|perish3|[silent]\n|-start|p2b: Drampa|perish3|[silent]\n|-fieldactivate|move: Perish Song\n|move|p2b: Drampa|Calm Mind|p2b: Drampa\n|-boost|p2b: Drampa|spa|1\n|-boost|p2b: Drampa|spd|1\n|\n|-start|p2a: Alakazam|perish3\n|-start|p1a: Gengar|perish3\n|-start|p1b: Farigiraf|perish3\n|-start|p2b: Drampa|perish3\n|upkeep\n|turn|2\n|inactive|roogie. has 30 seconds left.\n|inactive|roogie. has 20 seconds left.\n|inactive|roogie. has 15 seconds left.\n|\n|t:|1776428858\n|switch|p1b: Primarina|Primarina, L50, M|100/100\n|move|p2a: Alakazam|Speed Swap|p2b: Drampa\n|-activate|p2a: Alakazam|move: Speed Swap|[of] p2b: Drampa\n|move|p2b: Drampa|Hyper Voice|p1b: Primarina|[spread] p1b\n|-immune|p1a: Gengar\n|-damage|p1b: Primarina|64/100\n|move|p1a: Gengar|Substitute|p1a: Gengar\n|-start|p1a: Gengar|Substitute\n|-damage|p1a: Gengar|76/100\n|\n|-heal|p1b: Primarina|70/100|[from] item: Leftovers\n|-start|p2b: Drampa|perish2\n|-start|p1a: Gengar|perish2\n|-start|p2a: Alakazam|perish2\n|upkeep\n|turn|3\n|inactive|roogie. has 30 seconds left.\n|inactive|yukideee has 30 seconds left.\n|inactive|yukideee has 20 seconds left.\n|\n|t:|1776428896\n|detailschange|p2b: Drampa|Drampa-Mega, L50, F\n|-mega|p2b: Drampa|Drampa|Drampanite\n|move|p1a: Gengar|Protect|p1a: Gengar\n|-singleturn|p1a: Gengar|Protect\n|move|p1b: Primarina|Protect|p1b: Primarina\n|-singleturn|p1b: Primarina|Protect\n|move|p2b: Drampa|Earth Power|p1b: Primarina\n|-activate|p1b: Primarina|move: Protect\n|move|p2a: Alakazam|Psychic|p1b: Primarina\n|-activate|p1b: Primarina|move: Protect\n|\n|-heal|p1b: Primarina|76/100|[from] item: Leftovers\n|-start|p1a: Gengar|perish1\n|-start|p2a: Alakazam|perish1\n|-start|p2b: Drampa|perish1\n|upkeep\n|turn|4\n|\n|t:|1776428917\n|switch|p1a: Torkoal|Torkoal, L50, M|100/100\n|-weather|SunnyDay|[from] ability: Drought|[of] p1a: Torkoal\n|switch|p1b: Farigiraf|Farigiraf, L50, M|83/100\n|move|p2a: Alakazam|Psychic|p1b: Farigiraf\n|-resisted|p1b: Farigiraf|1\n|-damage|p1b: Farigiraf|65/100\n|move|p2b: Drampa|Hyper Voice|p1a: Torkoal|[spread] p1a,p1b\n|-damage|p1a: Torkoal|0 fnt\n|-damage|p1b: Farigiraf|21/100\n|faint|p1a: Torkoal\n|\n|-weather|SunnyDay|[upkeep]\n|-start|p2b: Drampa|perish0\n|-start|p2a: Alakazam|perish0\n|faint|p2b: Drampa\n|faint|p2a: Alakazam\n|upkeep\n|\n|t:|1776428929\n|switch|p2a: Pelipper|Pelipper, L50, F|100/100\n|switch|p2b: Basculegion|Basculegion, L50, M|100/100\n|switch|p1a: Primarina|Primarina, L50, M|76/100\n|-weather|RainDance|[from] ability: Drizzle|[of] p2a: Pelipper\n|turn|5\n|\n|t:|1776428946\n|move|p1b: Farigiraf|Ally Switch|p1b: Farigiraf\n|swap|p1b: Farigiraf|0|[from] move: Ally Switch\n|move|p2b: Basculegion|Wave Crash|p1a: Farigiraf\n|-damage|p1a: Farigiraf|0 fnt\n|faint|p1a: Farigiraf\n|-damage|p2b: Basculegion|92/100|[from] Recoil\n|move|p2a: Pelipper|Tailwind|p2a: Pelipper\n|-sidestart|p2: yukideee|move: Tailwind\n|move|p1b: Primarina|Perish Song|p1b: Primarina\n|-start|p1b: Primarina|perish3|[silent]\n|-start|p2a: Pelipper|perish3|[silent]\n|-start|p2b: Basculegion|perish3|[silent]\n|-fieldactivate|move: Perish Song\n|\n|-weather|RainDance|[upkeep]\n|-heal|p1b: Primarina|82/100|[from] item: Leftovers\n|-start|p2b: Basculegion|perish3\n|-start|p2a: Pelipper|perish3\n|-start|p1b: Primarina|perish3\n|upkeep\n|\n|t:|1776428962\n|switch|p1a: Gengar|Gengar-Mega, L50, M|76/100\n|turn|6\n|\n|t:|1776428973\n|move|p1a: Gengar|Protect|p1a: Gengar\n|-singleturn|p1a: Gengar|Protect\n|move|p2b: Basculegion|Wave Crash|p1b: Primarina\n|-resisted|p1b: Primarina|1\n|-damage|p1b: Primarina|7/100\n|-damage|p2b: Basculegion|70/100|[from] Recoil\n|move|p2a: Pelipper|Weather Ball|p1a: Gengar\n|-activate|p1a: Gengar|move: Protect\n|move|p1b: Primarina|Moonblast|p2b: Basculegion\n|-damage|p2b: Basculegion|23/100\n|\n|-weather|RainDance|[upkeep]\n|-heal|p1b: Primarina|13/100|[from] item: Leftovers\n|-start|p2b: Basculegion|perish2\n|-start|p2a: Pelipper|perish2\n|-start|p1b: Primarina|perish2\n|upkeep\n|turn|7\n|\n|t:|1776428997\n|move|p2b: Basculegion|Wave Crash|p1a: Gengar\n|-damage|p1a: Gengar|0 fnt\n|faint|p1a: Gengar\n|-damage|p2b: Basculegion|2/100|[from] Recoil\n|move|p2a: Pelipper|Hurricane|p1b: Primarina\n|-damage|p1b: Primarina|0 fnt\n|faint|p1b: Primarina\n|\n|win|yukideee\n|raw|roogie.'s rating: 1063 &rarr; <strong>1041</strong><br />(-22 for losing)\n|raw|yukideee's rating: 1016 &rarr; <strong>1059</strong><br />(+43 for winning)\n",
  "uploadtime": 1776428997,
  "views": 26,
  "formatid": "gen9championsvgc2026regma",
  "rating": 1041,
  "private": 0,
  "password": null
}