{
  "id": "gen9championsvgc2026regma-2582574468",
  "format": "[Gen 9 Champions] VGC 2026 Reg M-A",
  "players": [
    "SCPRafael",
    "radiantblue4552"
  ],
  "log": "|j|\u2606SCPRafael\n|j|\u2606radiantblue4552\n|t:|1776100288\n|gametype|doubles\n|player|p1|SCPRafael|1|1222\n|player|p2|radiantblue4552|2|1264\n|gen|9\n|tier|[Gen 9 Champions] VGC 2026 Reg M-A\n|rated|\n|rule|Species Clause: Limit one of each Pok\u00e9mon\n|rule|Item Clause: Limit 1 of each item\n|clearpoke\n|poke|p1|Aegislash, L50, F|\n|poke|p1|Sneasler, L50, F|\n|poke|p1|Froslass, L50, F|\n|poke|p1|Volcarona, L50, M|\n|poke|p1|Araquanid, L50, M|\n|poke|p1|Garchomp, L50, M|\n|poke|p2|Weavile, L50, F|\n|poke|p2|Abomasnow, L50, M|\n|poke|p2|Beartic, L50, F|\n|poke|p2|Ninetales-Alola, L50, F|\n|poke|p2|Crabominable, L50, F|\n|poke|p2|Froslass, L50, F|\n|teampreview|4\n|\n|t:|1776100312\n|teamsize|p1|4\n|teamsize|p2|4\n|start\n|switch|p1a: Sneasler|Sneasler, L50, F, shiny|100/100\n|switch|p1b: Froslass|Froslass, L50, F, shiny|100/100\n|switch|p2a: Beartic|Beartic, L50, F|100/100\n|switch|p2b: Ninetales|Ninetales-Alola, L50, F|100/100\n|-weather|Snowscape|[from] ability: Snow Warning|[of] p2b: Ninetales\n|turn|1\n|\n|t:|1776100333\n|detailschange|p1b: Froslass|Froslass-Mega, L50, F, shiny\n|-mega|p1b: Froslass|Froslass|Froslassite\n|move|p1a: Sneasler|Fake Out|p2b: Ninetales\n|-damage|p2b: Ninetales|87/100\n|cant|p2b: Ninetales|flinch\n|move|p2a: Beartic|Icicle Crash|p1a: Sneasler\n|-damage|p1a: Sneasler|31/100\n|move|p1b: Froslass|Aurora Veil|p1b: Froslass\n|-sidestart|p1: SCPRafael|move: Aurora Veil\n|\n|-weather|Snowscape|[upkeep]\n|upkeep\n|turn|2\n|\n|t:|1776100357\n|move|p2b: Ninetales|Blizzard|p1a: Sneasler|[spread] p1a,p1b\n|-resisted|p1b: Froslass|1\n|-damage|p1a: Sneasler|0 fnt\n|-damage|p1b: Froslass|88/100\n|faint|p1a: Sneasler\n|move|p2a: Beartic|Icicle Crash|p1b: Froslass\n|-resisted|p1b: Froslass|1\n|-damage|p1b: Froslass|73/100\n|move|p1b: Froslass|Shadow Ball|p2a: Beartic\n|-damage|p2a: Beartic|44/100\n|\n|-weather|Snowscape|[upkeep]\n|upkeep\n|\n|t:|1776100367\n|switch|p1a: Aegislash|Aegislash, L50, F, shiny|100/100\n|turn|3\n|inactive|Battle timer is ON: inactive players will automatically lose when time's up. (requested by SCPRafael)\n|inactive|radiantblue4552 has 60 seconds left.\n|inactive|radiantblue4552 has 30 seconds left.\n|inactive|radiantblue4552 has 20 seconds left.\n|inactive|radiantblue4552 has 15 seconds left.\n|inactive|radiantblue4552 has 10 seconds left.\n|inactive|radiantblue4552 has 5 seconds left.\n|\n|t:|1776100544\n|move|p1b: Froslass|Protect|p1b: Froslass\n|-singleturn|p1b: Froslass|Protect\n|move|p2b: Ninetales|Blizzard|p1a: Aegislash|[spread] p1a\n|-activate|p1b: Froslass|move: Protect\n|-resisted|p1a: Aegislash|1\n|-damage|p1a: Aegislash|93/100\n|move|p2a: Beartic|Icicle Crash|p1a: Aegislash\n|-resisted|p1a: Aegislash|1\n|-crit|p1a: Aegislash\n|-damage|p1a: Aegislash|68/100\n|-formechange|p1a: Aegislash|Aegislash-Blade|\n|move|p1a: Aegislash|Flash Cannon|p2b: Ninetales\n|-supereffective|p2b: Ninetales|2\n|-damage|p2b: Ninetales|0 fnt\n|faint|p2b: Ninetales\n|\n|-weather|Snowscape|[upkeep]\n|-heal|p1a: Aegislash|74/100|[from] item: Leftovers\n|upkeep\n|\n|t:|1776100559\n|switch|p2b: Froslass|Froslass, L50, F|100/100\n|turn|4\n|\n|t:|1776100571\n|switch|p1b: Araquanid|Araquanid, L50, M, shiny|100/100\n|detailschange|p2b: Froslass|Froslass-Mega, L50, F\n|-mega|p2b: Froslass|Froslass|Froslassite\n|-formechange|p1a: Aegislash|Aegislash|\n|move|p1a: Aegislash|King's Shield|p1a: Aegislash\n|-singleturn|p1a: Aegislash|Protect\n|move|p2a: Beartic|Icicle Crash|p1b: Araquanid\n|-resisted|p1b: Araquanid|1\n|-damage|p1b: Araquanid|87/100\n|move|p2b: Froslass|Shadow Ball|p1b: Araquanid\n|-damage|p1b: Araquanid|66/100\n|-unboost|p1b: Araquanid|spd|1\n|\n|-weather|Snowscape|[upkeep]\n|-heal|p1a: Aegislash|80/100|[from] item: Leftovers\n|upkeep\n|turn|5\n|\n|t:|1776100595\n|move|p2a: Beartic|Icicle Crash|p1a: Aegislash|[miss]\n|-miss|p2a: Beartic|p1a: Aegislash\n|move|p2b: Froslass|Shadow Ball|p1a: Aegislash\n|-supereffective|p1a: Aegislash|1\n|-damage|p1a: Aegislash|47/100\n|-formechange|p1a: Aegislash|Aegislash-Blade|\n|move|p1a: Aegislash|Flash Cannon|p2b: Froslass\n|-supereffective|p2b: Froslass|1\n|-damage|p2b: Froslass|18/100\n|move|p1b: Araquanid|Liquidation|p2b: Froslass\n|-damage|p2b: Froslass|0 fnt\n|faint|p2b: Froslass\n|\n|-weather|none\n|-heal|p1a: Aegislash|53/100|[from] item: Leftovers\n|-sideend|p1: SCPRafael|move: Aurora Veil\n|upkeep\n|inactive|radiantblue4552 has 30 seconds left.\n|\n|t:|1776100627\n|switch|p2b: Crabominable|Crabominable, L50, F|100/100\n|turn|6\n|inactive|radiantblue4552 has 30 seconds left.\n|inactive|radiantblue4552 has 20 seconds left.\n|inactive|radiantblue4552 has 15 seconds left.\n|inactive|radiantblue4552 has 10 seconds left.\n|inactive|radiantblue4552 has 5 seconds left.\n|\n|t:|1776100683\n|-formechange|p1a: Aegislash|Aegislash|\n|move|p1a: Aegislash|King's Shield|p1a: Aegislash\n|-singleturn|p1a: Aegislash|Protect\n|move|p1b: Araquanid|Protect|p1b: Araquanid\n|-singleturn|p1b: Araquanid|Protect\n|move|p2a: Beartic|Icicle Crash|p1b: Araquanid\n|-activate|p1b: Araquanid|move: Protect\n|move|p2b: Crabominable|Drain Punch|p1b: Araquanid\n|-activate|p1b: Araquanid|move: Protect\n|\n|-heal|p1a: Aegislash|59/100|[from] item: Leftovers\n|upkeep\n|turn|7\n|inactive|radiantblue4552 has 30 seconds left.\n|inactive|radiantblue4552 has 20 seconds left.\n|inactive|radiantblue4552 has 15 seconds left.\n|inactive|radiantblue4552 has 10 seconds left.\n|inactive|radiantblue4552 has 5 seconds left.\n|\n|t:|1776100739\n|switch|p1b: Froslass|Froslass-Mega, L50, F, shiny|73/100\n|-weather|Snowscape|[from] ability: Snow Warning|[of] p1b: Froslass\n|move|p2a: Beartic|Icicle Crash|p1a: Aegislash\n|-resisted|p1a: Aegislash|1\n|-damage|p1a: Aegislash|41/100\n|-formechange|p1a: Aegislash|Aegislash-Blade|\n|move|p1a: Aegislash|Flash Cannon|p2a: Beartic\n|-supereffective|p2a: Beartic|1\n|-damage|p2a: Beartic|0 fnt\n|faint|p2a: Beartic\n|move|p2b: Crabominable|Drain Punch|p1a: Aegislash\n|-immune|p1a: Aegislash\n|\n|-weather|Snowscape|[upkeep]\n|-heal|p1a: Aegislash|47/100|[from] item: Leftovers\n|upkeep\n|turn|8\n|c|\u2606SCPRafael|gg\n|inactive|radiantblue4552 has 30 seconds left.\n|inactive|radiantblue4552 has 20 seconds left.\n|inactive|radiantblue4552 has 15 seconds left.\n|inactive|radiantblue4552 has 10 seconds left.\n|inactive|radiantblue4552 has 5 seconds left.\n|\n|t:|1776100794\n|move|p1b: Froslass|Shadow Ball|p2b: Crabominable\n|-damage|p2b: Crabominable|49/100\n|move|p1a: Aegislash|Flash Cannon|p2b: Crabominable\n|-supereffective|p2b: Crabominable|1\n|-damage|p2b: Crabominable|0 fnt\n|faint|p2b: Crabominable\n|\n|win|SCPRafael\n|raw|SCPRafael's rating: 1222 &rarr; <strong>1250</strong><br />(+28 for winning)\n|raw|radiantblue4552's rating: 1264 &rarr; <strong>1236</strong><br />(-28 for losing)\n",
  "uploadtime": 1776100800,
  "views": 44,
  "formatid": "gen9championsvgc2026regma",
  "rating": 1236,
  "private": 0,
  "password": null
}