{
  "id": "gen9championsvgc2026regma-2583235290",
  "format": "[Gen 9 Champions] VGC 2026 Reg M-A",
  "players": [
    "plaweh",
    "campeondelfitness"
  ],
  "log": "|j|\u2606plaweh\n|j|\u2606campeondelfitness\n|t:|1776157884\n|gametype|doubles\n|player|p1|plaweh|101|1210\n|player|p2|campeondelfitness|swimmer|1136\n|gen|9\n|tier|[Gen 9 Champions] VGC 2026 Reg M-A\n|rated|\n|rule|Species Clause: Limit one of each Pok\u00e9mon\n|rule|Item Clause: Limit 1 of each item\n|clearpoke\n|poke|p1|Basculegion, L50, M|\n|poke|p1|Pelipper, L50, M|\n|poke|p1|Archaludon, L50, F|\n|poke|p1|Incineroar, L50, F|\n|poke|p1|Venusaur, L50, M|\n|poke|p1|Farigiraf, L50, M|\n|poke|p2|Greninja-*, L50, F|\n|poke|p2|Aerodactyl, L50, F|\n|poke|p2|Tyranitar, L50, F|\n|poke|p2|Sneasler, L50, M|\n|poke|p2|Excadrill, L50, F|\n|poke|p2|Rotom-Mow, L50|\n|teampreview|4\n|inactive|Battle timer is ON: inactive players will automatically lose when time's up. (requested by campeondelfitness)\n|inactive|plaweh has 60 seconds left.\n|inactive|campeondelfitness has 60 seconds left.\n|\n|t:|1776157923\n|teamsize|p1|4\n|teamsize|p2|4\n|start\n|switch|p1a: Archaludon|Archaludon, L50, F|100/100\n|switch|p1b: Venusaur|Venusaur, L50, M|100/100\n|switch|p2a: Rotom|Rotom-Mow, L50|100/100\n|switch|p2b: Excadrill|Excadrill, L50, F|100/100\n|turn|1\n|\n|t:|1776157947\n|switch|p1a: Pelipper|Pelipper, L50, M|100/100\n|-weather|RainDance|[from] ability: Drizzle|[of] p1a: Pelipper\n|detailschange|p1b: Venusaur|Venusaur-Mega, L50, M\n|-mega|p1b: Venusaur|Venusaur|Venusaurite\n|move|p2a: Rotom|Volt Switch|p1b: Venusaur\n|-resisted|p1b: Venusaur|1\n|-damage|p1b: Venusaur|88/100\n|\n|t:|1776157955\n|switch|p2a: Tyranitar|Tyranitar, L50, F|100/100|[from] Volt Switch\n|-weather|Sandstorm|[from] ability: Sand Stream|[of] p2a: Tyranitar\n|move|p2b: Excadrill|Earthquake|p1a: Pelipper|[spread] p2a,p1b\n|-immune|p1a: Pelipper\n|-supereffective|p2a: Tyranitar|1\n|-crit|p2a: Tyranitar\n|-enditem|p2a: Tyranitar|Focus Sash\n|-damage|p2a: Tyranitar|1/100\n|-damage|p1b: Venusaur|60/100\n|move|p1b: Venusaur|Sludge Bomb|p2a: Tyranitar\n|-resisted|p2a: Tyranitar|1\n|-damage|p2a: Tyranitar|0 fnt\n|faint|p2a: Tyranitar\n|\n|-weather|Sandstorm|[upkeep]\n|-damage|p1a: Pelipper|95/100|[from] Sandstorm\n|-damage|p1b: Venusaur|55/100|[from] Sandstorm\n|upkeep\n|\n|t:|1776157977\n|switch|p2a: Aerodactyl|Aerodactyl, L50, F|100/100\n|turn|2\n|\n|t:|1776157996\n|switch|p2b: Rotom|Rotom-Mow, L50|100/100\n|detailschange|p2a: Aerodactyl|Aerodactyl-Mega, L50, F\n|-mega|p2a: Aerodactyl|Aerodactyl|Aerodactylite\n|move|p1a: Pelipper|Protect|p1a: Pelipper\n|-singleturn|p1a: Pelipper|Protect\n|move|p2a: Aerodactyl|Dual Wingbeat|p1b: Venusaur\n|-supereffective|p1b: Venusaur|1\n|-damage|p1b: Venusaur|26/100\n|-supereffective|p1b: Venusaur|1\n|-damage|p1b: Venusaur|0 fnt\n|faint|p1b: Venusaur\n|-hitcount|p1: Venusaur|2\n|\n|-weather|Sandstorm|[upkeep]\n|-damage|p2b: Rotom|95/100|[from] Sandstorm\n|-damage|p1a: Pelipper|89/100|[from] Sandstorm\n|upkeep\n|\n|t:|1776158009\n|switch|p1b: Archaludon|Archaludon, L50, F|100/100\n|turn|3\n|inactive|plaweh has 30 seconds left.\n|\n|t:|1776158043\n|switch|p1a: Basculegion|Basculegion, L50, M|100/100\n|move|p2b: Rotom|Thunderbolt|p1a: Basculegion\n|-supereffective|p1a: Basculegion|1\n|-damage|p1a: Basculegion|14/100\n|move|p2a: Aerodactyl|Dual Wingbeat|p1a: Basculegion\n|-crit|p1a: Basculegion\n|-damage|p1a: Basculegion|0 fnt\n|faint|p1a: Basculegion\n|-hitcount|p1: Basculegion|1\n|move|p1b: Archaludon|Flash Cannon|p2a: Aerodactyl\n|-supereffective|p2a: Aerodactyl|1\n|-damage|p2a: Aerodactyl|10/100\n|\n|-weather|Sandstorm|[upkeep]\n|-damage|p2b: Rotom|89/100|[from] Sandstorm\n|upkeep\n|\n|t:|1776158057\n|switch|p1a: Pelipper|Pelipper, L50, M|89/100\n|-weather|RainDance|[from] ability: Drizzle|[of] p1a: Pelipper\n|turn|4\n|inactive|campeondelfitness has 30 seconds left.\n|inactive|campeondelfitness has 20 seconds left.\n|inactive|campeondelfitness has 15 seconds left.\n|\n|t:|1776158097\n|move|p2a: Aerodactyl|Protect|p2a: Aerodactyl\n|-singleturn|p2a: Aerodactyl|Protect\n|move|p1a: Pelipper|Protect|p1a: Pelipper\n|-singleturn|p1a: Pelipper|Protect\n|move|p2b: Rotom|Thunderbolt|p1a: Pelipper\n|-activate|p1a: Pelipper|move: Protect\n|move|p1b: Archaludon|Flash Cannon|p2a: Aerodactyl\n|-activate|p2a: Aerodactyl|move: Protect\n|\n|-weather|RainDance|[upkeep]\n|upkeep\n|turn|5\n|inactive|plaweh has 30 seconds left.\n|inactive|campeondelfitness has 30 seconds left.\n|\n|t:|1776158135\n|move|p2b: Rotom|Thunderbolt|p1a: Pelipper\n|-supereffective|p1a: Pelipper|2\n|-damage|p1a: Pelipper|0 fnt\n|faint|p1a: Pelipper\n|move|p2a: Aerodactyl|Tailwind|p2a: Aerodactyl\n|-sidestart|p2: campeondelfitness|move: Tailwind\n|move|p1b: Archaludon|Dragon Pulse|p2b: Rotom\n|-damage|p2b: Rotom|22/100\n|\n|-weather|RainDance|[upkeep]\n|upkeep\n|turn|6\n|inactive|plaweh has 30 seconds left.\n|inactive|campeondelfitness has 30 seconds left.\n|inactive|plaweh has 20 seconds left.\n|\n|t:|1776158171\n|move|p2a: Aerodactyl|Protect|p2a: Aerodactyl\n|-singleturn|p2a: Aerodactyl|Protect\n|move|p2b: Rotom|Thunderbolt|p1b: Archaludon\n|-resisted|p1b: Archaludon|1\n|-damage|p1b: Archaludon|73/100\n|-ability|p1b: Archaludon|Stamina|boost\n|-boost|p1b: Archaludon|def|1\n|move|p1b: Archaludon|Dragon Pulse|p2b: Rotom\n|-damage|p2b: Rotom|0 fnt\n|faint|p2b: Rotom\n|\n|-weather|RainDance|[upkeep]\n|upkeep\n|\n|t:|1776158181\n|switch|p2b: Excadrill|Excadrill, L50, F|100/100\n|turn|7\n|\n|t:|1776158193\n|move|p2a: Aerodactyl|Tailwind||[still]\n|-fail|p2a: Aerodactyl\n|move|p2b: Excadrill|Earthquake|p1b: Archaludon|[spread] p1b\n|-immune|p2a: Aerodactyl\n|-supereffective|p1b: Archaludon|1\n|-damage|p1b: Archaludon|27/100\n|-ability|p1b: Archaludon|Stamina|boost\n|-boost|p1b: Archaludon|def|1\n|move|p1b: Archaludon|Dragon Pulse|p2b: Excadrill\n|-resisted|p2b: Excadrill|1\n|-damage|p2b: Excadrill|67/100\n|\n|-weather|RainDance|[upkeep]\n|upkeep\n|turn|8\n|\n|t:|1776158206\n|move|p2a: Aerodactyl|Protect|p2a: Aerodactyl\n|-singleturn|p2a: Aerodactyl|Protect\n|move|p2b: Excadrill|Earthquake|p1b: Archaludon|[spread] p1b\n|-activate|p2a: Aerodactyl|move: Protect\n|-supereffective|p1b: Archaludon|1\n|-damage|p1b: Archaludon|0 fnt\n|faint|p1b: Archaludon\n|\n|win|campeondelfitness\n|raw|plaweh's rating: 1210 &rarr; <strong>1180</strong><br />(-30 for losing)\n|raw|campeondelfitness's rating: 1136 &rarr; <strong>1166</strong><br />(+30 for winning)\n|l|\u2606plaweh\n|player|p1|\n",
  "uploadtime": 1776158215,
  "views": 31,
  "formatid": "gen9championsvgc2026regma",
  "rating": 1166,
  "private": 0,
  "password": null
}