{
  "id": "gen9championsvgc2026regma-2580643054",
  "format": "[Gen 9 Champions] VGC 2026 Reg M-A",
  "players": [
    "Ninfirno",
    "EllaPlayzIGidk"
  ],
  "log": "|j|\u2606Ninfirno\n|j|\u2606EllaPlayzIGidk\n|t:|1775920720\n|gametype|doubles\n|player|p1|Ninfirno|1|1038\n|player|p2|EllaPlayzIGidk|lady-gen4|1032\n|gen|9\n|tier|[Gen 9 Champions] VGC 2026 Reg M-A\n|rated|\n|rule|Species Clause: Limit one of each Pok\u00e9mon\n|rule|Item Clause: Limit 1 of each item\n|clearpoke\n|poke|p1|Tyranitar, L50, F|\n|poke|p1|Rotom-Wash, L50|\n|poke|p1|Excadrill, L50, F|\n|poke|p1|Incineroar, L50, F|\n|poke|p1|Sinistcha-Masterpiece, L50|\n|poke|p1|Corviknight, L50, F|\n|poke|p2|Garchomp, L50, M|\n|poke|p2|Whimsicott, L50, M|\n|poke|p2|Armarouge, L50, M|\n|poke|p2|Empoleon, L50, M|\n|poke|p2|Glimmora, L50, F|\n|poke|p2|Corviknight, L50, M|\n|teampreview|4\n|\n|t:|1775920760\n|teamsize|p1|4\n|teamsize|p2|4\n|start\n|switch|p1a: Sinistcha|Sinistcha-Masterpiece, L50|100/100\n|switch|p1b: Corviknight|Corviknight, L50, F|100/100\n|switch|p2a: Glimmora|Glimmora, L50, F|100/100\n|switch|p2b: Whimsicott|Whimsicott, L50, M, shiny|100/100\n|turn|1\n|\n|t:|1775920777\n|move|p2b: Whimsicott|Protect|p2b: Whimsicott\n|-singleturn|p2b: Whimsicott|Protect\n|move|p2a: Glimmora|Stealth Rock|p1b: Corviknight\n|-sidestart|p1: Ninfirno|move: Stealth Rock\n|move|p1b: Corviknight|Brave Bird|p2b: Whimsicott\n|-activate|p2b: Whimsicott|move: Protect\n|move|p1a: Sinistcha|Trick Room|p1a: Sinistcha\n|-fieldstart|move: Trick Room|[of] p1a: Sinistcha\n|\n|upkeep\n|turn|2\n|\n|t:|1775920803\n|move|p2b: Whimsicott|Cotton Guard|p2b: Whimsicott\n|-boost|p2b: Whimsicott|def|3\n|move|p1b: Corviknight|Brave Bird|p2b: Whimsicott\n|-supereffective|p2b: Whimsicott|1\n|-damage|p2b: Whimsicott|60/100\n|-damage|p1b: Corviknight|92/100|[from] Recoil\n|move|p1a: Sinistcha|Matcha Gotcha|p2b: Whimsicott|[spread] p2a\n|-miss|p1a: Sinistcha|p2b: Whimsicott\n|-damage|p2a: Glimmora|66/100\n|move|p2a: Glimmora|Spikes|p1b: Corviknight\n|-sidestart|p1: Ninfirno|Spikes\n|\n|upkeep\n|turn|3\n|\n|t:|1775920836\n|move|p1b: Corviknight|Body Press|p2a: Glimmora\n|-damage|p2a: Glimmora|42/100\n|-activate|p2a: Glimmora|ability: Toxic Debris\n|-sidestart|p1: Ninfirno|move: Toxic Spikes\n|move|p1a: Sinistcha|Shadow Ball|p2a: Glimmora\n|-damage|p2a: Glimmora|0 fnt\n|faint|p2a: Glimmora\n|move|p2b: Whimsicott|Moonblast|p1a: Sinistcha\n|-damage|p1a: Sinistcha|76/100\n|\n|upkeep\n|\n|t:|1775920850\n|switch|p2a: Armarouge|Armarouge, L50, M|100/100\n|turn|4\n|\n|t:|1775920893\n|switch|p1a: Rotom|Rotom-Wash, L50|100/100\n|-damage|p1a: Rotom|88/100|[from] Stealth Rock\n|move|p2b: Whimsicott|Protect|p2b: Whimsicott\n|-singleturn|p2b: Whimsicott|Protect\n|move|p1b: Corviknight|Brave Bird|p2a: Armarouge\n|-damage|p2a: Armarouge|59/100\n|-ability|p2a: Armarouge|Weak Armor|boost\n|-unboost|p2a: Armarouge|def|1\n|-boost|p2a: Armarouge|spe|2\n|-damage|p1b: Corviknight|81/100|[from] Recoil\n|move|p2a: Armarouge|Armor Cannon|p1a: Rotom\n|-resisted|p1a: Rotom|1\n|-crit|p1a: Rotom\n|-damage|p1a: Rotom|37/100\n|-unboost|p2a: Armarouge|def|1\n|-unboost|p2a: Armarouge|spd|1\n|\n|-heal|p1a: Rotom|43/100|[from] item: Leftovers\n|upkeep\n|turn|5\n|\n|t:|1775920949\n|move|p1b: Corviknight|Tailwind|p1b: Corviknight\n|-sidestart|p1: Ninfirno|move: Tailwind\n|move|p2b: Whimsicott|Moonblast|p1a: Rotom\n|-damage|p1a: Rotom|12/100\n|move|p1a: Rotom|Hydro Pump|p2a: Armarouge\n|-supereffective|p2a: Armarouge|1\n|-damage|p2a: Armarouge|0 fnt\n|faint|p2a: Armarouge\n|\n|-heal|p1a: Rotom|17/100|[from] item: Leftovers\n|-fieldend|move: Trick Room\n|upkeep\n|\n|t:|1775920962\n|switch|p2a: Garchomp|Garchomp, L50, M|100/100\n|turn|6\n|\n|t:|1775920976\n|detailschange|p2a: Garchomp|Garchomp-Mega, L50, M\n|-mega|p2a: Garchomp|Garchomp|Garchompite\n|move|p2b: Whimsicott|Tailwind|p2b: Whimsicott\n|-sidestart|p2: EllaPlayzIGidk|move: Tailwind\n|move|p2a: Garchomp|Swords Dance|p2a: Garchomp\n|-boost|p2a: Garchomp|atk|2\n|move|p1a: Rotom|Will-O-Wisp|p2a: Garchomp\n|-status|p2a: Garchomp|brn\n|move|p1b: Corviknight|Brave Bird|p2b: Whimsicott\n|-supereffective|p2b: Whimsicott|1\n|-damage|p2b: Whimsicott|21/100\n|-damage|p1b: Corviknight|72/100|[from] Recoil\n|\n|-heal|p1a: Rotom|23/100|[from] item: Leftovers\n|-damage|p2a: Garchomp|94/100 brn|[from] brn\n|upkeep\n|turn|7\n|\n|t:|1775921008\n|switch|p1a: Sinistcha|Sinistcha-Masterpiece, L50|76/100\n|-damage|p1a: Sinistcha|64/100|[from] Stealth Rock\n|-damage|p1a: Sinistcha|52/100|[from] Spikes\n|-status|p1a: Sinistcha|psn\n|-heal|p1b: Corviknight|97/100|[from] ability: Hospitality|[of] p1a: Sinistcha\n|move|p2b: Whimsicott|Moonblast|p1a: Sinistcha\n|-damage|p1a: Sinistcha|26/100 psn\n|move|p2a: Garchomp|Swords Dance|p2a: Garchomp\n|-boost|p2a: Garchomp|atk|2\n|move|p1b: Corviknight|Brave Bird|p2b: Whimsicott\n|-supereffective|p2b: Whimsicott|1\n|-damage|p2b: Whimsicott|0 fnt\n|faint|p2b: Whimsicott\n|-damage|p1b: Corviknight|92/100|[from] Recoil\n|\n|-damage|p1a: Sinistcha|13/100 psn|[from] psn\n|-damage|p2a: Garchomp|88/100 brn|[from] brn\n|upkeep\n|turn|8\n|\n|t:|1775921033\n|move|p2a: Garchomp|Rock Slide|p1b: Corviknight|[spread] p1a,p1b\n|-damage|p1a: Sinistcha|0 fnt\n|-damage|p1b: Corviknight|65/100\n|faint|p1a: Sinistcha\n|cant|p1b: Corviknight|flinch\n|\n|-damage|p2a: Garchomp|82/100 brn|[from] brn\n|-sideend|p1: Ninfirno|move: Tailwind\n|upkeep\n|\n|t:|1775921044\n|switch|p1a: Rotom|Rotom-Wash, L50|23/100\n|-damage|p1a: Rotom|11/100|[from] Stealth Rock\n|turn|9\n|\n|t:|1775921057\n|move|p2a: Garchomp|Rock Slide|p1a: Rotom|[spread] p1a,p1b\n|-damage|p1a: Rotom|0 fnt\n|-damage|p1b: Corviknight|40/100\n|faint|p1a: Rotom\n|cant|p1b: Corviknight|flinch\n|\n|-damage|p2a: Garchomp|76/100 brn|[from] brn\n|-sideend|p2: EllaPlayzIGidk|move: Tailwind\n|upkeep\n|c|\u2606Ninfirno|GG|\n|\n|t:|1775921066\n|switch|p1a: Excadrill|Excadrill, L50, F|100/100\n|-damage|p1a: Excadrill|98/100|[from] Stealth Rock\n|-damage|p1a: Excadrill|85/100|[from] Spikes\n|turn|10\n|\n|t:|1775921075\n|move|p2a: Garchomp|Earthquake|p1b: Corviknight|[spread] p1a\n|-immune|p1b: Corviknight\n|-supereffective|p1a: Excadrill|1\n|-damage|p1a: Excadrill|0 fnt\n|faint|p1a: Excadrill\n|move|p1b: Corviknight|Tailwind|p1b: Corviknight\n|-sidestart|p1: Ninfirno|move: Tailwind\n|\n|-damage|p2a: Garchomp|70/100 brn|[from] brn\n|upkeep\n|turn|11\n|\n|t:|1775921089\n|move|p1b: Corviknight|Body Press|p2a: Garchomp\n|-damage|p2a: Garchomp|51/100 brn\n|move|p2a: Garchomp|Dragon Claw|p1b: Corviknight\n|-resisted|p1b: Corviknight|1\n|-damage|p1b: Corviknight|12/100\n|\n|-damage|p2a: Garchomp|45/100 brn|[from] brn\n|upkeep\n|turn|12\n|c|\u2606Ninfirno|easily the best two turns you couldve flinched\n|\n|t:|1775921101\n|move|p1b: Corviknight|Body Press|p2a: Garchomp\n|-damage|p2a: Garchomp|26/100 brn\n|move|p2a: Garchomp|Dragon Claw|p1b: Corviknight\n|-resisted|p1b: Corviknight|1\n|-damage|p1b: Corviknight|0 fnt\n|faint|p1b: Corviknight\n|\n|win|EllaPlayzIGidk\n|raw|Ninfirno's rating: 1038 &rarr; <strong>1022</strong><br />(-16 for losing)\n|raw|EllaPlayzIGidk's rating: 1032 &rarr; <strong>1068</strong><br />(+36 for winning)\n",
  "uploadtime": 1775921110,
  "views": 20,
  "formatid": "gen9championsvgc2026regma",
  "rating": 1022,
  "private": 0,
  "password": null
}