{
  "id": "gen9championsvgc2026regma-2584554200",
  "format": "[Gen 9 Champions] VGC 2026 Reg M-A",
  "players": [
    "bambuverde",
    "kreb14"
  ],
  "log": "|j|\u2606bambuverde\n|j|\u2606kreb14\n|t:|1776268395\n|gametype|doubles\n|player|p1|bambuverde|101|1044\n|player|p2|kreb14|striker|1053\n|gen|9\n|tier|[Gen 9 Champions] VGC 2026 Reg M-A\n|rated|\n|rule|Species Clause: Limit one of each Pok\u00e9mon\n|rule|Item Clause: Limit 1 of each item\n|clearpoke\n|poke|p1|Aggron, L50, F|\n|poke|p1|Pelipper, L50, F|\n|poke|p1|Aerodactyl, L50, F|\n|poke|p1|Gyarados, L50, M|\n|poke|p1|Archaludon, L50, F|\n|poke|p1|Corviknight, L50, F|\n|poke|p2|Floette-Eternal, L50, F|\n|poke|p2|Whimsicott, L50, F|\n|poke|p2|Pelipper, L50, F|\n|poke|p2|Archaludon, L50, F|\n|poke|p2|Incineroar, L50, F|\n|poke|p2|Basculegion, L50, M|\n|teampreview|4\n|\n|t:|1776268435\n|teamsize|p1|4\n|teamsize|p2|4\n|start\n|switch|p1a: Corviknight|Corviknight, L50, F|100/100\n|switch|p1b: Archaludon|Archaludon, L50, F|100/100\n|switch|p2a: Archaludon|Archaludon, L50, F|100/100\n|switch|p2b: Incineroar|Incineroar, L50, F|100/100\n|-ability|p2b: Incineroar|Intimidate|boost\n|-ability|p1a: Corviknight|Mirror Armor\n|-unboost|p2b: Incineroar|atk|1\n|-unboost|p1b: Archaludon|atk|1\n|turn|1\n|\n|t:|1776268455\n|move|p1b: Archaludon|Protect|p1b: Archaludon\n|-singleturn|p1b: Archaludon|Protect\n|move|p2b: Incineroar|Fake Out|p1a: Corviknight\n|-resisted|p1a: Corviknight|1\n|-crit|p1a: Corviknight\n|-damage|p1a: Corviknight|93/100\n|move|p2a: Archaludon|Body Slam|p1b: Archaludon\n|-activate|p1b: Archaludon|move: Protect\n|cant|p1a: Corviknight|flinch\n|\n|upkeep\n|turn|2\n|\n|t:|1776268470\n|move|p1b: Archaludon|Draco Meteor|p2a: Archaludon\n|-damage|p2a: Archaludon|26/100\n|-unboost|p1b: Archaludon|spa|2\n|-ability|p2a: Archaludon|Stamina|boost\n|-boost|p2a: Archaludon|def|1\n|move|p2a: Archaludon|Electro Shot||[still]\n|-prepare|p2a: Archaludon|Electro Shot\n|-boost|p2a: Archaludon|spa|1\n|move|p2b: Incineroar|Will-O-Wisp|p1b: Archaludon\n|-status|p1b: Archaludon|brn\n|move|p1a: Corviknight|Tailwind|p1a: Corviknight\n|-sidestart|p1: bambuverde|move: Tailwind\n|\n|-damage|p1b: Archaludon|95/100 brn|[from] brn\n|upkeep\n|turn|3\n|\n|t:|1776268500\n|switch|p1a: Aggron|Aggron, L50, F|100/100\n|move|p1b: Archaludon|Draco Meteor|p2a: Archaludon|[miss]\n|-miss|p1b: Archaludon|p2a: Archaludon\n|move|p2a: Archaludon|Electro Shot|p1a: Aggron|[from] lockedmove\n|-damage|p1a: Aggron|4/100\n|move|p2b: Incineroar|Parting Shot|p1b: Archaludon\n|-unboost|p1b: Archaludon|atk|1\n|-unboost|p1b: Archaludon|spa|1\n|\n|t:|1776268511\n|switch|p2b: Basculegion|Basculegion, L50, M|100/100|[from] Parting Shot\n|\n|-damage|p1b: Archaludon|89/100 brn|[from] brn\n|upkeep\n|turn|4\n|\n|t:|1776268531\n|move|p2a: Archaludon|Protect|p2a: Archaludon\n|-singleturn|p2a: Archaludon|Protect\n|move|p1b: Archaludon|Draco Meteor|p2a: Archaludon\n|-activate|p2a: Archaludon|move: Protect\n|move|p2b: Basculegion|Liquidation|p1a: Aggron\n|-supereffective|p1a: Aggron|1\n|-damage|p1a: Aggron|0 fnt\n|faint|p1a: Aggron\n|\n|-damage|p1b: Archaludon|83/100 brn|[from] brn\n|upkeep\n|\n|t:|1776268539\n|switch|p1a: Corviknight|Corviknight, L50, F|93/100\n|turn|5\n|\n|t:|1776268563\n|move|p1b: Archaludon|Draco Meteor|p2a: Archaludon\n|-damage|p2a: Archaludon|0 fnt\n|-unboost|p1b: Archaludon|spa|2\n|faint|p2a: Archaludon\n|move|p1a: Corviknight|Brave Bird|p2b: Basculegion\n|-damage|p2b: Basculegion|43/100\n|-damage|p1a: Corviknight|74/100|[from] Recoil\n|move|p2b: Basculegion|Liquidation|p1b: Archaludon\n|-resisted|p1b: Archaludon|1\n|-damage|p1b: Archaludon|66/100 brn\n|\n|-damage|p1b: Archaludon|60/100 brn|[from] brn\n|-sideend|p1: bambuverde|move: Tailwind\n|upkeep\n|\n|t:|1776268573\n|switch|p2a: Incineroar|Incineroar, L50, F|100/100\n|-ability|p2a: Incineroar|Intimidate|boost\n|-ability|p1a: Corviknight|Mirror Armor\n|-unboost|p2a: Incineroar|atk|1\n|-unboost|p1b: Archaludon|atk|1\n|turn|6\n|\n|t:|1776268589\n|move|p2b: Basculegion|Liquidation|p1a: Corviknight\n|-damage|p1a: Corviknight|40/100\n|move|p1b: Archaludon|Electro Shot||[still]\n|-prepare|p1b: Archaludon|Electro Shot\n|-boost|p1b: Archaludon|spa|1\n|move|p2a: Incineroar|Flare Blitz|p1b: Archaludon\n|-damage|p1b: Archaludon|32/100 brn\n|-damage|p2a: Incineroar|92/100|[from] Recoil\n|move|p1a: Corviknight|Brave Bird|p2b: Basculegion\n|-damage|p2b: Basculegion|0 fnt\n|faint|p2b: Basculegion\n|-damage|p1a: Corviknight|26/100|[from] Recoil\n|\n|-damage|p1b: Archaludon|26/100 brn|[from] brn\n|upkeep\n|\n|t:|1776268600\n|switch|p2b: Floette|Floette-Eternal, L50, F|100/100\n|turn|7\n|\n|t:|1776268626\n|detailschange|p2b: Floette|Floette-Mega, L50, F\n|-mega|p2b: Floette|Floette|Floettite\n|-ability|p2b: Floette|Fairy Aura\n|move|p1b: Archaludon|Electro Shot|p2a: Incineroar|[from] lockedmove\n|-damage|p2a: Incineroar|74/100\n|move|p2b: Floette|Moonblast|p1a: Corviknight\n|-resisted|p1a: Corviknight|1\n|-damage|p1a: Corviknight|0 fnt\n|faint|p1a: Corviknight\n|move|p2a: Incineroar|Flare Blitz|p1b: Archaludon\n|-damage|p1b: Archaludon|1/100 brn\n|-damage|p2a: Incineroar|66/100|[from] Recoil\n|\n|-damage|p1b: Archaludon|0 fnt|[from] brn\n|faint|p1b: Archaludon\n|upkeep\n|\n|t:|1776268638\n|switch|p1a: Pelipper|Pelipper, L50, F|100/100\n|-weather|RainDance|[from] ability: Drizzle|[of] p1a: Pelipper\n|turn|8\n|\n|t:|1776268646\n|move|p1a: Pelipper|Surf|p2b: Floette|[spread] p2a,p2b\n|-supereffective|p2a: Incineroar|1\n|-damage|p2a: Incineroar|0 fnt\n|-damage|p2b: Floette|66/100\n|faint|p2a: Incineroar\n|move|p2b: Floette|Light of Ruin|p1a: Pelipper|[miss]\n|-miss|p2b: Floette|p1a: Pelipper\n|\n|-weather|RainDance|[upkeep]\n|upkeep\n|turn|9\n|\n|t:|1776268654\n|move|p1a: Pelipper|Surf|p2b: Floette\n|-damage|p2b: Floette|17/100\n|move|p2b: Floette|Light of Ruin|p1a: Pelipper\n|-damage|p1a: Pelipper|0 fnt\n|faint|p1a: Pelipper\n|-damage|p2b: Floette|0 fnt|[from] Recoil\n|faint|p2b: Floette\n|\n|win|kreb14\n|raw|bambuverde's rating: 1044 &rarr; <strong>1028</strong><br />(-16 for losing)\n|raw|kreb14's rating: 1053 &rarr; <strong>1084</strong><br />(+31 for winning)\n",
  "uploadtime": 1776268708,
  "views": 16,
  "formatid": "gen9championsvgc2026regma",
  "rating": 1028,
  "private": 0,
  "password": null
}