{
  "id": "gen9championsvgc2026regma-2586973048",
  "format": "[Gen 9 Champions] VGC 2026 Reg M-A",
  "players": [
    "Prohxy",
    "papercanooe"
  ],
  "log": "|j|\u2606Prohxy\n|j|\u2606papercanooe\n|t:|1776477117\n|gametype|doubles\n|player|p1|Prohxy|swimmerf|1008\n|player|p2|papercanooe|170|1021\n|gen|9\n|tier|[Gen 9 Champions] VGC 2026 Reg M-A\n|rated|\n|rule|Species Clause: Limit one of each Pok\u00e9mon\n|rule|Item Clause: Limit 1 of each item\n|clearpoke\n|poke|p1|Alcremie-Rainbow-Swirl, L50, F|\n|poke|p1|Milotic, L50, M|\n|poke|p1|Tsareena, L50, F|\n|poke|p1|Aggron, L50, F|\n|poke|p1|Typhlosion-Hisui, L50, M|\n|poke|p1|Oranguru, L50, F|\n|poke|p2|Golurk, L50|\n|poke|p2|Farigiraf, L50, M|\n|poke|p2|Incineroar, L50, F|\n|poke|p2|Torkoal, L50, M|\n|poke|p2|Sneasler, L50, M|\n|poke|p2|Venusaur, L50, F|\n|teampreview|4\n|inactive|Battle timer is ON: inactive players will automatically lose when time's up. (requested by Prohxy)\nProhxy rejected open team sheets.\n|inactive|Prohxy has 60 seconds left.\n|inactive|papercanooe has 60 seconds left.\n|inactive|papercanooe has 30 seconds left.\n|inactive|papercanooe has 20 seconds left.\n|inactive|papercanooe has 15 seconds left.\n|inactive|papercanooe has 10 seconds left.\n|inactive|papercanooe has 5 seconds left.\n|\n|t:|1776477208\n|teamsize|p1|4\n|teamsize|p2|4\n|start\n|switch|p1a: Tsareena|Tsareena, L50, F, shiny|100/100\n|switch|p1b: Typhlosion|Typhlosion-Hisui, L50, M, shiny|100/100\n|switch|p2a: Golurk|Golurk, L50|100/100\n|switch|p2b: Farigiraf|Farigiraf, L50, M|100/100\n|-item|p2a: Golurk|Golurkite|[from] ability: Frisk|[of] p1b: Typhlosion\n|-item|p2b: Farigiraf|Sitrus Berry|[from] ability: Frisk|[of] p1b: Typhlosion\n|turn|1\n|inactive|Prohxy has 30 seconds left.\n|inactive|papercanooe has 30 seconds left.\n|inactive|papercanooe has 20 seconds left.\n|\n|t:|1776477243\n|switch|p2b: Incineroar|Incineroar, L50, F|100/100\n|-ability|p2b: Incineroar|Intimidate|boost\n|-unboost|p1a: Tsareena|atk|1\n|-unboost|p1b: Typhlosion|atk|1\n|move|p2a: Golurk|Protect|p2a: Golurk\n|-singleturn|p2a: Golurk|Protect\n|move|p1b: Typhlosion|Eruption|p2a: Golurk|[spread] p2b\n|-activate|p2a: Golurk|move: Protect\n|-resisted|p2b: Incineroar|1\n|-damage|p2b: Incineroar|72/100\n|move|p1a: Tsareena|U-turn|p2b: Incineroar\n|-damage|p2b: Incineroar|57/100\n|\n|t:|1776477257\n|switch|p1a: Milotic|Milotic, L50, M, shiny|100/100|[from] U-turn\n|\n|upkeep\n|turn|2\n|inactive|papercanooe has 30 seconds left.\n|inactive|papercanooe has 20 seconds left.\n|\n|t:|1776477293\n|switch|p1b: Tsareena|Tsareena, L50, F, shiny|100/100\n|detailschange|p2a: Golurk|Golurk-Mega, L50\n|-mega|p2a: Golurk|Golurk|Golurkite\n|move|p2b: Incineroar|Fake Out||[still]\n|cant|p1b: Tsareena|ability: Queenly Majesty|Fake Out|[of] p2b: Incineroar\n|move|p1a: Milotic|Scald|p2a: Golurk\n|-supereffective|p2a: Golurk|1\n|-damage|p2a: Golurk|38/100\n|-status|p2a: Golurk|brn\n|move|p2a: Golurk|Poltergeist|p1b: Tsareena\n|-activate|p1b: Tsareena|move: Poltergeist|Scope Lens\n|-damage|p1b: Tsareena|64/100\n|\n|-damage|p2a: Golurk|32/100 brn|[from] brn\n|upkeep\n|turn|3\n|inactive|Prohxy has 30 seconds left.\n|inactive|papercanooe has 30 seconds left.\n|\n|t:|1776477319\n|move|p2a: Golurk|Protect|p2a: Golurk\n|-singleturn|p2a: Golurk|Protect\n|move|p1a: Milotic|Scald|p2b: Incineroar\n|-supereffective|p2b: Incineroar|1\n|-damage|p2b: Incineroar|0 fnt\n|faint|p2b: Incineroar\n|move|p1b: Tsareena|Trop Kick|p2a: Golurk\n|-activate|p2a: Golurk|move: Protect\n|\n|-damage|p2a: Golurk|26/100 brn|[from] brn\n|upkeep\n|\n|t:|1776477328\n|switch|p2b: Farigiraf|Farigiraf, L50, M|100/100\n|turn|4\n|\n|t:|1776477348\n|move|p1a: Milotic|Scald|p2a: Golurk\n|-supereffective|p2a: Golurk|1\n|-damage|p2a: Golurk|0 fnt\n|faint|p2a: Golurk\n|move|p1b: Tsareena|U-turn|p2b: Farigiraf\n|-supereffective|p2b: Farigiraf|1\n|-crit|p2b: Farigiraf\n|-damage|p2b: Farigiraf|39/100\n|-enditem|p2b: Farigiraf|Sitrus Berry|[eat]\n|-heal|p2b: Farigiraf|63/100|[from] item: Sitrus Berry\n|\n|t:|1776477361\n|switch|p1b: Typhlosion|Typhlosion-Hisui, L50, M, shiny|100/100|[from] U-turn\n|move|p2b: Farigiraf|Trick Room|p2b: Farigiraf\n|-fieldstart|move: Trick Room|[of] p2b: Farigiraf\n|\n|upkeep\n|\n|t:|1776477364\n|switch|p2a: Torkoal|Torkoal, L50, M|100/100\n|-weather|SunnyDay|[from] ability: Drought|[of] p2a: Torkoal\n|turn|5\n|\n|t:|1776477386\n|move|p2a: Torkoal|Eruption|p1a: Milotic|[spread] p1a,p1b\n|-resisted|p1a: Milotic|1\n|-resisted|p1b: Typhlosion|1\n|-damage|p1a: Milotic|66/100\n|-damage|p1b: Typhlosion|40/100\n|move|p2b: Farigiraf|Psychic|p1b: Typhlosion\n|-damage|p1b: Typhlosion|0 fnt\n|faint|p1b: Typhlosion\n|move|p1a: Milotic|Scald|p2a: Torkoal\n|-supereffective|p2a: Torkoal|1\n|-damage|p2a: Torkoal|57/100\n|\n|-weather|SunnyDay|[upkeep]\n|-heal|p1a: Milotic|72/100|[from] item: Leftovers\n|upkeep\n|\n|t:|1776477402\n|switch|p1b: Tsareena|Tsareena, L50, F, shiny|64/100\n|turn|6\n|\n|t:|1776477422\n|move|p2b: Farigiraf|Helping Hand|p2a: Torkoal\n|-singleturn|p2a: Torkoal|Helping Hand|[of] p2b: Farigiraf\n|move|p1b: Tsareena|Protect|p1b: Tsareena\n|-singleturn|p1b: Tsareena|Protect\n|move|p2a: Torkoal|Heat Wave|p1b: Tsareena|[spread] p1a\n|-activate|p1b: Tsareena|move: Protect\n|-resisted|p1a: Milotic|1\n|-damage|p1a: Milotic|37/100\n|move|p1a: Milotic|Scald|p2a: Torkoal\n|-supereffective|p2a: Torkoal|1\n|-damage|p2a: Torkoal|5/100\n|\n|-weather|SunnyDay|[upkeep]\n|-heal|p1a: Milotic|43/100|[from] item: Leftovers\n|upkeep\n|turn|7\n|\n|t:|1776477445\n|switch|p1b: Aggron|Aggron, L50, F, shiny|100/100\n|move|p1a: Milotic|Protect|p1a: Milotic\n|-singleturn|p1a: Milotic|Protect\n|move|p2a: Torkoal|Heat Wave|p1a: Milotic|[spread] p1b\n|-activate|p1a: Milotic|move: Protect\n|-damage|p1b: Aggron|43/100\n|move|p2b: Farigiraf|Hyper Voice|p1a: Milotic|[spread] p1b\n|-activate|p1a: Milotic|move: Protect\n|-resisted|p1b: Aggron|2\n|-damage|p1b: Aggron|36/100\n|\n|-weather|SunnyDay|[upkeep]\n|-heal|p1a: Milotic|49/100|[from] item: Leftovers\n|upkeep\n|turn|8\n|inactive|Prohxy has 30 seconds left.\n|\n|t:|1776477471\n|detailschange|p1b: Aggron|Aggron-Mega, L50, F, shiny\n|-mega|p1b: Aggron|Aggron|Aggronite\n|move|p2a: Torkoal|Heat Wave|p1b: Aggron|[spread] p1b\n|-miss|p2a: Torkoal|p1a: Milotic\n|-supereffective|p1b: Aggron|1\n|-crit|p1b: Aggron\n|-damage|p1b: Aggron|0 fnt\n|faint|p1b: Aggron\n|move|p2b: Farigiraf|Hyper Voice|p1a: Milotic\n|-damage|p1a: Milotic|14/100\n|move|p1a: Milotic|Scald|p2a: Torkoal\n|-supereffective|p2a: Torkoal|1\n|-damage|p2a: Torkoal|0 fnt\n|faint|p2a: Torkoal\n|\n|-weather|SunnyDay|[upkeep]\n|-heal|p1a: Milotic|20/100|[from] item: Leftovers\n|-fieldend|move: Trick Room\n|upkeep\n|\n|t:|1776477485\n|switch|p1b: Tsareena|Tsareena, L50, F, shiny|64/100\n|turn|9\n|\n|t:|1776477497\n|move|p1a: Milotic|Draining Kiss|p2b: Farigiraf\n|-damage|p2b: Farigiraf|49/100\n|-heal|p1a: Milotic|35/100|[from] drain|[of] p2b: Farigiraf\n|move|p1b: Tsareena|U-turn|p2b: Farigiraf\n|-supereffective|p2b: Farigiraf|1\n|-damage|p2b: Farigiraf|8/100\n|move|p2b: Farigiraf|Trick Room|p2b: Farigiraf\n|-fieldstart|move: Trick Room|[of] p2b: Farigiraf\n|\n|-weather|none\n|-heal|p1a: Milotic|40/100|[from] item: Leftovers\n|upkeep\n|turn|10\n|\n|t:|1776477511\n|move|p1a: Milotic|Protect|p1a: Milotic\n|-singleturn|p1a: Milotic|Protect\n|move|p2b: Farigiraf|Hyper Voice|p1b: Tsareena|[spread] p1b\n|-activate|p1a: Milotic|move: Protect\n|-damage|p1b: Tsareena|37/100\n|move|p1b: Tsareena|U-turn|p2b: Farigiraf\n|-supereffective|p2b: Farigiraf|1\n|-damage|p2b: Farigiraf|0 fnt\n|faint|p2b: Farigiraf\n|\n|win|Prohxy\n|raw|Prohxy's rating: 1008 &rarr; <strong>1048</strong><br />(+40 for winning)\n|raw|papercanooe's rating: 1021 &rarr; <strong>1007</strong><br />(-14 for losing)\n|l|\u2606papercanooe\n|player|p2|\n",
  "uploadtime": 1776477521,
  "views": 30,
  "formatid": "gen9championsvgc2026regma",
  "rating": 1007,
  "private": 0,
  "password": null
}