{
  "id": "gen9championsvgc2026regma-2584115566",
  "format": "[Gen 9 Champions] VGC 2026 Reg M-A",
  "players": [
    "Pevar_8",
    "Ja6wiz"
  ],
  "log": "|j|\u2606Pevar_8\n|j|\u2606Ja6wiz\n|t:|1776226820\n|gametype|doubles\n|player|p1|Pevar_8|265|1059\n|player|p2|Ja6wiz|flint|1112\n|gen|9\n|tier|[Gen 9 Champions] VGC 2026 Reg M-A\n|rated|\n|rule|Species Clause: Limit one of each Pok\u00e9mon\n|rule|Item Clause: Limit 1 of each item\n|clearpoke\n|poke|p1|Basculegion, L50, M|\n|poke|p1|Gengar, L50, F|\n|poke|p1|Whimsicott, L50, M|\n|poke|p1|Corviknight, L50, F|\n|poke|p1|Maushold, L50|\n|poke|p1|Pelipper, L50, F|\n|poke|p2|Floette-Eternal, L50, F|\n|poke|p2|Corviknight, L50, F|\n|poke|p2|Sinistcha, L50|\n|poke|p2|Tyranitar, L50, M|\n|poke|p2|Sneasler, L50, F|\n|poke|p2|Milotic, L50, M|\n|teampreview|4\n|inactive|Battle timer is ON: inactive players will automatically lose when time's up. (requested by Pevar_8)\nPevar_8 rejected open team sheets.\n|\n|t:|1776226899\n|teamsize|p1|4\n|teamsize|p2|4\n|start\n|switch|p1a: Gengar|Gengar, L50, F, shiny|100/100\n|switch|p1b: Whimsicott|Whimsicott, L50, M|100/100\n|switch|p2a: Tyranitar|Tyranitar, L50, M|100/100\n|switch|p2b: Sneasler|Sneasler, L50, F|100/100\n|-weather|Sandstorm|[from] ability: Sand Stream|[of] p2a: Tyranitar\n|turn|1\n|inactive|Ja6wiz has 30 seconds left.\n|inactive|Ja6wiz has 20 seconds left.\n|inactive|Ja6wiz has 15 seconds left.\n|inactive|Ja6wiz has 10 seconds left.\n|\n|t:|1776226948\n|detailschange|p1a: Gengar|Gengar-Mega, L50, F, shiny\n|-mega|p1a: Gengar|Gengar|Gengarite\n|move|p2a: Tyranitar|Protect|p2a: Tyranitar\n|-singleturn|p2a: Tyranitar|Protect\n|move|p2b: Sneasler|Fake Out|p1b: Whimsicott\n|-damage|p1b: Whimsicott|84/100\n|cant|p1b: Whimsicott|flinch\n|move|p1a: Gengar|Perish Song|p1a: Gengar\n|-start|p1a: Gengar|perish3|[silent]\n|-start|p1b: Whimsicott|perish3|[silent]\n|-start|p2a: Tyranitar|perish3|[silent]\n|-start|p2b: Sneasler|perish3|[silent]\n|-fieldactivate|move: Perish Song\n|\n|-weather|Sandstorm|[upkeep]\n|-damage|p1a: Gengar|95/100|[from] Sandstorm\n|-damage|p2b: Sneasler|95/100|[from] Sandstorm\n|-damage|p1b: Whimsicott|78/100|[from] Sandstorm\n|-start|p1a: Gengar|perish3\n|-start|p2b: Sneasler|perish3\n|-start|p1b: Whimsicott|perish3\n|-start|p2a: Tyranitar|perish3\n|upkeep\n|turn|2\n|inactive|Pevar_8 has 30 seconds left.\n|inactive|Ja6wiz has 30 seconds left.\n|inactive|Ja6wiz has 20 seconds left.\n|\n|t:|1776226983\n|detailschange|p2a: Tyranitar|Tyranitar-Mega, L50, M\n|-mega|p2a: Tyranitar|Tyranitar|Tyranitarite\n|move|p1a: Gengar|Protect|p1a: Gengar\n|-singleturn|p1a: Gengar|Protect\n|move|p1b: Whimsicott|Encore|p2b: Sneasler\n|-start|p2b: Sneasler|Encore\n|move|p2b: Sneasler|Fake Out||[still]\n|-hint|Fake Out only works on your first turn out.\n|-fail|p2b: Sneasler\n|move|p2a: Tyranitar|Crunch|p1a: Gengar\n|-activate|p1a: Gengar|move: Protect\n|\n|-weather|Sandstorm|[upkeep]\n|-damage|p1a: Gengar|89/100|[from] Sandstorm\n|-damage|p2b: Sneasler|89/100|[from] Sandstorm\n|-damage|p1b: Whimsicott|72/100|[from] Sandstorm\n|-start|p1a: Gengar|perish2\n|-start|p2b: Sneasler|perish2\n|-start|p1b: Whimsicott|perish2\n|-start|p2a: Tyranitar|perish2\n|upkeep\n|turn|3\n|inactive|Ja6wiz has 30 seconds left.\n|\n|t:|1776227018\n|move|p1b: Whimsicott|Tailwind|p1b: Whimsicott\n|-sidestart|p1: Pevar_8|move: Tailwind\n|move|p1a: Gengar|Substitute|p1a: Gengar\n|-start|p1a: Gengar|Substitute\n|-damage|p1a: Gengar|64/100\n|-activate|p2b: Sneasler|move: Struggle\n|move|p2b: Sneasler|Struggle|p1a: Gengar\n|-activate|p1a: Gengar|move: Substitute|[damage]\n|-damage|p2b: Sneasler|64/100|[from] recoil\n|move|p2a: Tyranitar|Crunch|p1a: Gengar\n|-supereffective|p1a: Gengar|1\n|-end|p1a: Gengar|Substitute\n|\n|-weather|Sandstorm|[upkeep]\n|-damage|p1a: Gengar|58/100|[from] Sandstorm\n|-damage|p1b: Whimsicott|66/100|[from] Sandstorm\n|-damage|p2b: Sneasler|58/100|[from] Sandstorm\n|-start|p1a: Gengar|perish1\n|-start|p1b: Whimsicott|perish1\n|-start|p2b: Sneasler|perish1\n|-start|p2a: Tyranitar|perish1\n|upkeep\n|turn|4\n|inactive|Pevar_8 has 30 seconds left.\n|\n|t:|1776227046\n|switch|p1a: Corviknight|Corviknight, L50, F|100/100\n|-ability|p1a: Corviknight|Unnerve\n|switch|p1b: Maushold|Maushold, L50|100/100\n|-activate|p2b: Sneasler|move: Struggle\n|move|p2b: Sneasler|Struggle|p1a: Corviknight\n|-damage|p1a: Corviknight|90/100\n|-damage|p2b: Sneasler|34/100|[from] recoil\n|move|p2a: Tyranitar|Crunch|p1a: Corviknight\n|-crit|p1a: Corviknight\n|-damage|p1a: Corviknight|41/100\n|\n|-weather|Sandstorm|[upkeep]\n|-damage|p1b: Maushold|95/100|[from] Sandstorm\n|-damage|p2b: Sneasler|28/100|[from] Sandstorm\n|-heal|p1a: Corviknight|47/100|[from] item: Leftovers\n|-end|p2b: Sneasler|Encore\n|-start|p2b: Sneasler|perish0\n|-start|p2a: Tyranitar|perish0\n|faint|p2b: Sneasler\n|faint|p2a: Tyranitar\n|upkeep\n|inactive|Ja6wiz has 30 seconds left.\n|inactive|Ja6wiz has 20 seconds left.\n|\n|t:|1776227084\n|switch|p2b: Sinistcha|Sinistcha, L50|100/100\n|switch|p2a: Milotic|Milotic, L50, M|100/100\n|turn|5\n|inactive|Ja6wiz has 30 seconds left.\n|inactive|Ja6wiz has 20 seconds left.\n|inactive|Ja6wiz has 15 seconds left.\n|inactive|Ja6wiz has 10 seconds left.\n|\n|t:|1776227134\n|move|p1b: Maushold|Switcheroo|p2b: Sinistcha\n|-activate|p1b: Maushold|move: Trick|[of] p2b: Sinistcha\n|-item|p2b: Sinistcha|Choice Scarf|[from] move: Switcheroo\n|-item|p1b: Maushold|Sitrus Berry|[from] move: Switcheroo\n|move|p1a: Corviknight|U-turn|p2b: Sinistcha\n|-damage|p2b: Sinistcha|86/100\n|\n|t:|1776227144\n|switch|p1a: Gengar|Gengar-Mega, L50, F, shiny|58/100|[from] U-turn\n|move|p2b: Sinistcha|Matcha Gotcha|p1b: Maushold|[spread] p1a,p1b\n|-resisted|p1a: Gengar|1\n|-damage|p1a: Gengar|45/100\n|-heal|p2b: Sinistcha|92/100|[from] drain|[of] p1a: Gengar\n|-damage|p1b: Maushold|60/100\n|-heal|p2b: Sinistcha|100/100|[from] drain|[of] p1b: Maushold\n|move|p2a: Milotic|Ice Beam|p1a: Gengar\n|-damage|p1a: Gengar|27/100\n|\n|-weather|none\n|upkeep\n|turn|6\n|\n|t:|1776227167\n|move|p1b: Maushold|Follow Me|p1b: Maushold\n|-singleturn|p1b: Maushold|move: Follow Me\n|move|p1a: Gengar|Perish Song|p1a: Gengar\n|-start|p1a: Gengar|perish3|[silent]\n|-start|p1b: Maushold|perish3|[silent]\n|-start|p2a: Milotic|perish3|[silent]\n|-start|p2b: Sinistcha|perish3|[silent]\n|-fieldactivate|move: Perish Song\n|move|p2b: Sinistcha|Matcha Gotcha|p1b: Maushold|[spread] p1a,p1b\n|-resisted|p1a: Gengar|1\n|-damage|p1a: Gengar|15/100\n|-damage|p1b: Maushold|25/100\n|-enditem|p1b: Maushold|Sitrus Berry|[eat]\n|-heal|p1b: Maushold|50/100|[from] item: Sitrus Berry\n|move|p2a: Milotic|Surf|p1b: Maushold|[spread] p2b,p1a,p1b\n|-resisted|p2b: Sinistcha|1\n|-damage|p2b: Sinistcha|83/100\n|-damage|p1a: Gengar|0 fnt\n|-damage|p1b: Maushold|15/100\n|faint|p1a: Gengar\n|\n|-start|p1b: Maushold|perish3\n|-start|p2b: Sinistcha|perish3\n|-start|p2a: Milotic|perish3\n|-sideend|p1: Pevar_8|move: Tailwind\n|upkeep\n|\n|t:|1776227188\n|switch|p1a: Whimsicott|Whimsicott, L50, M|66/100\n|turn|7\n|\n|t:|1776227203\n|move|p1b: Maushold|Protect|p1b: Maushold\n|-singleturn|p1b: Maushold|Protect\n|move|p1a: Whimsicott|Tailwind|p1a: Whimsicott\n|-sidestart|p1: Pevar_8|move: Tailwind\n|move|p2b: Sinistcha|Matcha Gotcha|p1a: Whimsicott|[spread] p1a\n|-activate|p1b: Maushold|move: Protect\n|-resisted|p1a: Whimsicott|1\n|-damage|p1a: Whimsicott|54/100\n|-heal|p2b: Sinistcha|88/100|[from] drain|[of] p1a: Whimsicott\n|move|p2a: Milotic|Ice Beam|p1a: Whimsicott\n|-supereffective|p1a: Whimsicott|1\n|-damage|p1a: Whimsicott|18/100\n|\n|-start|p1b: Maushold|perish2\n|-start|p2b: Sinistcha|perish2\n|-start|p2a: Milotic|perish2\n|upkeep\n|turn|8\n|inactive|Pevar_8 has 30 seconds left.\n|inactive|Ja6wiz has 30 seconds left.\n|inactive|Ja6wiz has 20 seconds left.\n|\n|t:|1776227240\n|move|p1a: Whimsicott|Protect|p1a: Whimsicott\n|-singleturn|p1a: Whimsicott|Protect\n|move|p1b: Maushold|Population Bomb|p2a: Milotic\n|-crit|p2a: Milotic\n|-damage|p2a: Milotic|91/100\n|-damage|p2a: Milotic|85/100\n|-damage|p2a: Milotic|78/100\n|-damage|p2a: Milotic|72/100\n|-crit|p2a: Milotic\n|-damage|p2a: Milotic|63/100\n|-damage|p2a: Milotic|56/100\n|-damage|p2a: Milotic|50/100\n|-hitcount|p2a: Milotic|7\n|move|p2b: Sinistcha|Matcha Gotcha|p1a: Whimsicott|[spread] p1b\n|-activate|p1a: Whimsicott|move: Protect\n|-damage|p1b: Maushold|0 fnt\n|-heal|p2b: Sinistcha|95/100|[from] drain|[of] p1b: Maushold\n|faint|p1b: Maushold\n|move|p2a: Milotic|Ice Beam|p1a: Whimsicott\n|-activate|p1a: Whimsicott|move: Protect\n|\n|-start|p2b: Sinistcha|perish1\n|-start|p2a: Milotic|perish1\n|upkeep\n|inactive|Pevar_8 has 30 seconds left.\n|\n|t:|1776227265\n|switch|p1b: Corviknight|Corviknight, L50, F|47/100\n|-ability|p1b: Corviknight|Unnerve\n|turn|9\n|\n|t:|1776227280\n|move|p1a: Whimsicott|Protect||[still]\n|-fail|p1a: Whimsicott\n|move|p1b: Corviknight|Protect|p1b: Corviknight\n|-singleturn|p1b: Corviknight|Protect\n|move|p2b: Sinistcha|Matcha Gotcha|p1a: Whimsicott|[spread] \n|-activate|p1b: Corviknight|move: Protect\n|-miss|p2b: Sinistcha|p1a: Whimsicott\n|move|p2a: Milotic|Surf|p1b: Corviknight|[spread] p2b,p1a\n|-activate|p1b: Corviknight|move: Protect\n|-resisted|p2b: Sinistcha|1\n|-resisted|p1a: Whimsicott|1\n|-damage|p2b: Sinistcha|77/100\n|-damage|p1a: Whimsicott|3/100\n|\n|-heal|p1b: Corviknight|53/100|[from] item: Leftovers\n|-start|p2b: Sinistcha|perish0\n|-start|p2a: Milotic|perish0\n|faint|p2b: Sinistcha\n|faint|p2a: Milotic\n|\n|win|Pevar_8\n|raw|Pevar_8's rating: 1059 &rarr; <strong>1095</strong><br />(+36 for winning)\n|raw|Ja6wiz's rating: 1112 &rarr; <strong>1083</strong><br />(-29 for losing)\n|l|\u2606Ja6wiz\n|player|p2|\n",
  "uploadtime": 1776227301,
  "views": 22,
  "formatid": "gen9championsvgc2026regma",
  "rating": 1083,
  "private": 0,
  "password": null
}