{
  "id": "gen9championsvgc2026regma-2587191667",
  "format": "[Gen 9 Champions] VGC 2026 Reg M-A",
  "players": [
    "AidzPlayz",
    "sweepy boi"
  ],
  "log": "|j|\u2606AidzPlayz\n|j|\u2606sweepy boi\n|t:|1776506781\n|gametype|doubles\n|player|p1|AidzPlayz|ghetsis-gen5bw|1360\n|player|p2|sweepy boi|skyla|1317\n|gen|9\n|tier|[Gen 9 Champions] VGC 2026 Reg M-A\n|rated|\n|rule|Species Clause: Limit one of each Pok\u00e9mon\n|rule|Item Clause: Limit 1 of each item\n|clearpoke\n|poke|p1|Aerodactyl, L50, M|\n|poke|p1|Incineroar, L50, M|\n|poke|p1|Floette-Eternal, L50, F|\n|poke|p1|Basculegion, L50, M|\n|poke|p1|Garchomp, L50, F|\n|poke|p1|Sneasler, L50, F|\n|poke|p2|Palafin, L50, F|\n|poke|p2|Sinistcha, L50|\n|poke|p2|Aegislash, L50, M|\n|poke|p2|Manectric, L50, F|\n|poke|p2|Pelipper, L50, M|\n|poke|p2|Gengar, L50, F|\n|teampreview|4\n|\n|t:|1776506832\n|teamsize|p1|4\n|teamsize|p2|4\n|start\n|switch|p1a: Aerodactyl|Aerodactyl, L50, M|100/100\n|switch|p1b: Garchomp|Garchomp, L50, F|100/100\n|switch|p2a: Palafin|Palafin, L50, F|100/100\n|switch|p2b: Gengar|Gengar, L50, F|100/100\n|-ability|p1a: Aerodactyl|Unnerve\n|turn|1\n|inactive|Battle timer is ON: inactive players will automatically lose when time's up. (requested by AidzPlayz)\n|\n|t:|1776506853\n|detailschange|p2b: Gengar|Gengar-Mega, L50, F\n|-mega|p2b: Gengar|Gengar|Gengarite\n|move|p2b: Gengar|Protect|p2b: Gengar\n|-singleturn|p2b: Gengar|Protect\n|move|p1a: Aerodactyl|Tailwind|p1a: Aerodactyl\n|-sidestart|p1: AidzPlayz|move: Tailwind\n|move|p1b: Garchomp|Earthquake|p2a: Palafin|[spread] p2a\n|-activate|p2b: Gengar|move: Protect\n|-immune|p1a: Aerodactyl\n|-damage|p2a: Palafin|47/100\n|move|p2a: Palafin|Wave Crash|p1a: Aerodactyl\n|-supereffective|p1a: Aerodactyl|1\n|-enditem|p1a: Aerodactyl|Focus Sash\n|-damage|p1a: Aerodactyl|1/100\n|-damage|p2a: Palafin|21/100|[from] Recoil\n|\n|upkeep\n|turn|2\n|\n|t:|1776506878\n|switch|p2b: Sinistcha|Sinistcha, L50|100/100\n|-heal|p2a: Palafin|46/100|[from] ability: Hospitality|[of] p2b: Sinistcha\n|move|p2a: Palafin|Jet Punch|p1a: Aerodactyl\n|-supereffective|p1a: Aerodactyl|1\n|-damage|p1a: Aerodactyl|0 fnt\n|faint|p1a: Aerodactyl\n|move|p1b: Garchomp|Earthquake|p2a: Palafin|[spread] p2a,p2b\n|-resisted|p2b: Sinistcha|1\n|-damage|p2a: Palafin|0 fnt\n|-damage|p2b: Sinistcha|80/100\n|faint|p2a: Palafin\n|\n|-heal|p2b: Sinistcha|86/100|[from] item: Leftovers\n|upkeep\n|\n|t:|1776506902\n|switch|p1a: Floette|Floette-Eternal, L50, F|100/100\n|switch|p2a: Gengar|Gengar-Mega, L50, F|100/100\n|turn|3\n|\n|t:|1776506915\n|move|p1a: Floette|Protect|p1a: Floette\n|-singleturn|p1a: Floette|Protect\n|move|p2a: Gengar|Protect|p2a: Gengar\n|-singleturn|p2a: Gengar|Protect\n|move|p1b: Garchomp|Earthquake|p2b: Sinistcha|[spread] p2b\n|-activate|p1a: Floette|move: Protect\n|-activate|p2a: Gengar|move: Protect\n|-resisted|p2b: Sinistcha|1\n|-damage|p2b: Sinistcha|68/100\n|move|p2b: Sinistcha|Imprison|p2b: Sinistcha\n|-start|p2b: Sinistcha|move: Imprison\n|\n|-heal|p2b: Sinistcha|75/100|[from] item: Leftovers\n|upkeep\n|turn|4\n|\n|t:|1776506940\n|switch|p2a: Manectric|Manectric, L50, F|100/100\n|detailschange|p1a: Floette|Floette-Mega, L50, F\n|-mega|p1a: Floette|Floette|Floettite\n|-ability|p1a: Floette|Fairy Aura\n|move|p1b: Garchomp|Earthquake|p2a: Manectric|[spread] p1a,p2a,p2b\n|-supereffective|p2a: Manectric|1\n|-resisted|p2b: Sinistcha|1\n|-damage|p1a: Floette|39/100\n|-damage|p2a: Manectric|0 fnt\n|-damage|p2b: Sinistcha|54/100\n|faint|p2a: Manectric\n|move|p1a: Floette|Moonblast|p2b: Sinistcha\n|-damage|p2b: Sinistcha|0 fnt\n|faint|p2b: Sinistcha\n|\n|-sideend|p1: AidzPlayz|move: Tailwind\n|upkeep\n|\n|t:|1776506955\n|switch|p2b: Gengar|Gengar-Mega, L50, F|100/100\n|turn|5\n|c|\u2606AidzPlayz|what was that supposed to do\n|\n|t:|1776506967\n|move|p1a: Floette|Protect|p1a: Floette\n|-singleturn|p1a: Floette|Protect\n|move|p2b: Gengar|Disable|p1b: Garchomp\n|-start|p1b: Garchomp|Disable|Earthquake\n|cant|p1b: Garchomp|Disable|Earthquake\n|\n|upkeep\n|turn|6\n|\n|t:|1776506978\n|move|p2b: Gengar|Sludge Bomb|p1a: Floette\n|-supereffective|p1a: Floette|1\n|-damage|p1a: Floette|0 fnt\n|faint|p1a: Floette\n|move|p1b: Garchomp|Dragon Claw|p2b: Gengar\n|-damage|p2b: Gengar|48/100\n|\n|upkeep\n|\n|t:|1776506985\n|switch|p1a: Basculegion|Basculegion, L50, M|100/100\n|turn|7\n|-message|sweepy boi forfeited.\n|\n|win|AidzPlayz\n|raw|AidzPlayz's rating: 1360 &rarr; <strong>1378</strong><br />(+18 for winning)\n|raw|sweepy boi's rating: 1317 &rarr; <strong>1299</strong><br />(-18 for losing)\n",
  "uploadtime": 1776506989,
  "views": 20,
  "formatid": "gen9championsvgc2026regma",
  "rating": 1299,
  "private": 0,
  "password": null
}