{
  "id": "gen9championsvgc2026regma-2582713023",
  "format": "[Gen 9 Champions] VGC 2026 Reg M-A",
  "players": [
    "duckwithafedora",
    "the_ag_is_fake"
  ],
  "log": "|j|\u2606duckwithafedora\n|j|\u2606the_ag_is_fake\n|t:|1776109009\n|gametype|doubles\n|player|p1|duckwithafedora|170|1251\n|player|p2|the_ag_is_fake|rika|1335\n|gen|9\n|tier|[Gen 9 Champions] VGC 2026 Reg M-A\n|rated|\n|rule|Species Clause: Limit one of each Pok\u00e9mon\n|rule|Item Clause: Limit 1 of each item\n|clearpoke\n|poke|p1|Zoroark-Hisui, L50, F|\n|poke|p1|Kingambit, L50, F|\n|poke|p1|Whimsicott, L50, M|\n|poke|p1|Rotom-Wash, L50|\n|poke|p1|Gengar, L50, F|\n|poke|p1|Sneasler, L50, M|\n|poke|p2|Clefable, L50, F|\n|poke|p2|Incineroar, L50, M|\n|poke|p2|Kingambit, L50, F|\n|poke|p2|Mamoswine, L50, M|\n|poke|p2|Kommo-o, L50, F|\n|poke|p2|Gengar, L50, F|\n|teampreview|4\n|inactive|Battle timer is ON: inactive players will automatically lose when time's up. (requested by the_ag_is_fake)\n|inactive|duckwithafedora also wants the timer to be on.\n|\n|t:|1776109028\n|teamsize|p1|4\n|teamsize|p2|4\n|start\n|switch|p1a: Whimsicott|Whimsicott, L50, M|100/100\n|switch|p1b: Gengar|Gengar, L50, F|100/100\n|switch|p2a: Kingambit|Kingambit, L50, F|100/100\n|switch|p2b: Gengar|Gengar, L50, F|100/100\n|turn|1\n|\n|t:|1776109036\n|detailschange|p2b: Gengar|Gengar-Mega, L50, F\n|-mega|p2b: Gengar|Gengar|Gengarite\n|detailschange|p1b: Gengar|Gengar-Mega, L50, F\n|-mega|p1b: Gengar|Gengar|Gengarite\n|move|p1b: Gengar|Protect|p1b: Gengar\n|-singleturn|p1b: Gengar|Protect\n|move|p2a: Kingambit|Sucker Punch||[still]\n|-fail|p2a: Kingambit\n|move|p2b: Gengar|Sludge Bomb|p1a: Whimsicott\n|-resisted|p1a: Whimsicott|1\n|-damage|p1a: Whimsicott|41/100\n|replace|p1a: Zoroark|Zoroark-Hisui, L50, F\n|-end|p1a: Zoroark|Illusion\n|move|p1a: Zoroark|Will-O-Wisp|p2a: Kingambit\n|-status|p2a: Kingambit|brn\n|\n|-damage|p2a: Kingambit|95/100 brn|[from] brn\n|upkeep\n|turn|2\n|inactive|duckwithafedora has 30 seconds left.\n|\n|t:|1776109066\n|switch|p1b: Whimsicott|Whimsicott, L50, M|100/100\n|move|p2a: Kingambit|Sucker Punch||[still]\n|-fail|p2a: Kingambit\n|move|p2b: Gengar|Shadow Ball|p1a: Zoroark\n|-immune|p1a: Zoroark\n|move|p1a: Zoroark|Icy Wind|p2a: Kingambit|[spread] p2a,p2b\n|-resisted|p2a: Kingambit|1\n|-damage|p2a: Kingambit|87/100 brn\n|-damage|p2b: Gengar|82/100\n|-unboost|p2a: Kingambit|spe|1\n|-ability|p2a: Kingambit|Defiant|boost\n|-boost|p2a: Kingambit|atk|2\n|-unboost|p2b: Gengar|spe|1\n|\n|-damage|p2a: Kingambit|82/100 brn|[from] brn\n|upkeep\n|turn|3\n|c|\u2606the_ag_is_fake|i mislicked, i think im stupid\n|\n|t:|1776109084\n|move|p1b: Whimsicott|Encore|p2a: Kingambit\n|-hint|Since gen 7, Dark is immune to Prankster moves.\n|-immune|p2a: Kingambit\n|move|p2a: Kingambit|Sucker Punch|p1a: Zoroark\n|-supereffective|p1a: Zoroark|1\n|-damage|p1a: Zoroark|0 fnt\n|faint|p1a: Zoroark\n|move|p2b: Gengar|Sludge Bomb|p1b: Whimsicott\n|-supereffective|p1b: Whimsicott|2\n|-damage|p1b: Whimsicott|0 fnt\n|faint|p1b: Whimsicott\n|\n|-damage|p2a: Kingambit|76/100 brn|[from] brn\n|upkeep\n|\n|t:|1776109093\n|switch|p1a: Sneasler|Sneasler, L50, M|100/100\n|switch|p1b: Gengar|Gengar-Mega, L50, F|100/100\n|turn|4\n|\n|t:|1776109104\n|switch|p2b: Kommo-o|Kommo-o, L50, F|100/100\n|move|p2a: Kingambit|Protect|p2a: Kingambit\n|-singleturn|p2a: Kingambit|Protect\n|move|p1a: Sneasler|Fake Out|p2a: Kingambit\n|-activate|p2a: Kingambit|move: Protect\n|move|p1b: Gengar|Shadow Ball|p2b: Kommo-o\n|-damage|p2b: Kommo-o|52/100\n|\n|-heal|p2b: Kommo-o|58/100|[from] item: Leftovers\n|-damage|p2a: Kingambit|70/100 brn|[from] brn\n|upkeep\n|turn|5\n|\n|t:|1776109113\n|move|p1b: Gengar|Protect|p1b: Gengar\n|-singleturn|p1b: Gengar|Protect\n|move|p2a: Kingambit|Sucker Punch||[still]\n|-fail|p2a: Kingambit\n|move|p1a: Sneasler|Close Combat|p2a: Kingambit\n|-supereffective|p2a: Kingambit|2\n|-damage|p2a: Kingambit|0 fnt\n|-unboost|p1a: Sneasler|def|1\n|-unboost|p1a: Sneasler|spd|1\n|faint|p2a: Kingambit\n|-enditem|p1a: Sneasler|White Herb\n|-clearnegativeboost|p1a: Sneasler|[silent]\n|move|p2b: Kommo-o|Clanging Scales|p1a: Sneasler|[spread] p1a\n|-activate|p1b: Gengar|move: Protect\n|-damage|p1a: Sneasler|46/100\n|-unboost|p2b: Kommo-o|def|1\n|\n|-heal|p2b: Kommo-o|64/100|[from] item: Leftovers\n|upkeep\n|\n|t:|1776109123\n|switch|p2a: Gengar|Gengar-Mega, L50, F|82/100\n|turn|6\n|\n|t:|1776109129\n|move|p1a: Sneasler|Dire Claw|p2b: Kommo-o\n|-crit|p2b: Kommo-o\n|-damage|p2b: Kommo-o|0 fnt\n|faint|p2b: Kommo-o\n|move|p2a: Gengar|Shadow Ball|p1b: Gengar\n|-supereffective|p1b: Gengar|1\n|-damage|p1b: Gengar|0 fnt\n|faint|p1b: Gengar\n|\n|upkeep\n|\n|t:|1776109132\n|switch|p2b: Mamoswine|Mamoswine, L50, M|100/100\n|turn|7\n|\n|t:|1776109136\n|move|p2b: Mamoswine|Ice Shard|p1a: Sneasler\n|-damage|p1a: Sneasler|0 fnt\n|faint|p1a: Sneasler\n|\n|win|the_ag_is_fake\n|raw|duckwithafedora's rating: 1251 &rarr; <strong>1232</strong><br />(-19 for losing)\n|raw|the_ag_is_fake's rating: 1335 &rarr; <strong>1350</strong><br />(+15 for winning)\n",
  "uploadtime": 1776109136,
  "views": 20,
  "formatid": "gen9championsvgc2026regma",
  "rating": 1232,
  "private": 0,
  "password": null
}