{
  "id": "gen9championsvgc2026regma-2587677851",
  "format": "[Gen 9 Champions] VGC 2026 Reg M-A",
  "players": [
    "Pws6",
    "Azreal29"
  ],
  "log": "|j|\u2606Pws6\n|j|\u2606Azreal29\n|t:|1776553002\n|gametype|doubles\n|player|p1|Pws6|170|1165\n|player|p2|Azreal29|unknown|1186\n|gen|9\n|tier|[Gen 9 Champions] VGC 2026 Reg M-A\n|rated|\n|rule|Species Clause: Limit one of each Pok\u00e9mon\n|rule|Item Clause: Limit 1 of each item\n|clearpoke\n|poke|p1|Aggron, L50, F|\n|poke|p1|Hydrapple, L50, M|\n|poke|p1|Basculegion, L50, M|\n|poke|p1|Rotom-Heat, L50|\n|poke|p1|Farigiraf, L50, M|\n|poke|p1|Tyranitar, L50, F|\n|poke|p2|Gengar, L50, M, shiny|\n|poke|p2|Pelipper, L50, M|\n|poke|p2|Incineroar, L50, M|\n|poke|p2|Maushold-Four, L50|\n|poke|p2|Politoed, L50, M|\n|poke|p2|Archaludon, L50, M|\n|teampreview|4\n|inactive|Battle timer is ON: inactive players will automatically lose when time's up. (requested by Azreal29)\n|\n|t:|1776553024\n|teamsize|p1|4\n|teamsize|p2|4\n|start\n|switch|p1a: Aggron|Aggron, L50, F|100/100\n|switch|p1b: Tyranitar|Tyranitar, L50, F|100/100\n|switch|p2a: Inumaki|Gengar, L50, M, shiny|100/100\n|switch|p2b: Cursed spirit|Maushold-Four, L50|100/100\n|-weather|Sandstorm|[from] ability: Sand Stream|[of] p1b: Tyranitar\n|turn|1\n|\n|t:|1776553045\n|detailschange|p2a: Inumaki|Gengar-Mega, L50, M, shiny\n|-mega|p2a: Inumaki|Gengar|Gengarite\n|detailschange|p1a: Aggron|Aggron-Mega, L50, F\n|-mega|p1a: Aggron|Aggron|Aggronite\n|move|p2b: Cursed spirit|Follow Me|p2b: Cursed spirit\n|-singleturn|p2b: Cursed spirit|move: Follow Me\n|move|p2a: Inumaki|Perish Song|p2a: Inumaki\n|-start|p1a: Aggron|perish3|[silent]\n|-start|p1b: Tyranitar|perish3|[silent]\n|-start|p2a: Inumaki|perish3|[silent]\n|-start|p2b: Cursed spirit|perish3|[silent]\n|-fieldactivate|move: Perish Song\n|move|p1b: Tyranitar|Knock Off|p2b: Cursed spirit\n|-damage|p2b: Cursed spirit|23/100\n|-enditem|p2b: Cursed spirit|Mental Herb|[from] move: Knock Off|[of] p1b: Tyranitar\n|move|p1a: Aggron|Body Press|p2b: Cursed spirit\n|-supereffective|p2b: Cursed spirit|1\n|-damage|p2b: Cursed spirit|0 fnt\n|faint|p2b: Cursed spirit\n|\n|-weather|Sandstorm|[upkeep]\n|-damage|p2a: Inumaki|95/100|[from] Sandstorm\n|-start|p2a: Inumaki|perish3\n|-start|p1b: Tyranitar|perish3\n|-start|p1a: Aggron|perish3\n|upkeep\n|\n|t:|1776553059\n|switch|p2b: Dhruv's birb|Pelipper, L50, M|100/100\n|-weather|RainDance|[from] ability: Drizzle|[of] p2b: Dhruv's birb\n|turn|2\n|\n|t:|1776553078\n|move|p2b: Dhruv's birb|Wide Guard|p2b: Dhruv's birb\n|-singleturn|p2b: Dhruv's birb|Wide Guard\n|move|p2a: Inumaki|Disable|p1b: Tyranitar\n|-start|p1b: Tyranitar|Disable|Knock Off\n|move|p1b: Tyranitar|Rock Slide|p2a: Inumaki|[spread] \n|-activate|p2a: Inumaki|move: Wide Guard\n|-activate|p2b: Dhruv's birb|move: Wide Guard\n|move|p1a: Aggron|Rock Slide|p2a: Inumaki|[spread] \n|-activate|p2a: Inumaki|move: Wide Guard\n|-activate|p2b: Dhruv's birb|move: Wide Guard\n|\n|-weather|RainDance|[upkeep]\n|-start|p2a: Inumaki|perish2\n|-start|p1b: Tyranitar|perish2\n|-start|p1a: Aggron|perish2\n|upkeep\n|turn|3\n|inactive|Pws6 has 30 seconds left.\n|\n|t:|1776553104\n|move|p2a: Inumaki|Protect|p2a: Inumaki\n|-singleturn|p2a: Inumaki|Protect\n|move|p2b: Dhruv's birb|Tailwind|p2b: Dhruv's birb\n|-sidestart|p2: Azreal29|move: Tailwind\n|move|p1b: Tyranitar|Earthquake|p2b: Dhruv's birb|[spread] p1a\n|-activate|p2a: Inumaki|move: Protect\n|-immune|p2b: Dhruv's birb\n|-supereffective|p1a: Aggron|1\n|-damage|p1a: Aggron|80/100\n|move|p1a: Aggron|Rock Slide|p2b: Dhruv's birb|[spread] p2b\n|-activate|p2a: Inumaki|move: Protect\n|-supereffective|p2b: Dhruv's birb|1\n|-damage|p2b: Dhruv's birb|57/100\n|\n|-weather|RainDance|[upkeep]\n|-start|p2a: Inumaki|perish1\n|-start|p1b: Tyranitar|perish1\n|-start|p1a: Aggron|perish1\n|upkeep\n|turn|4\n|inactive|Pws6 has 30 seconds left.\n|inactive|Azreal29 has 30 seconds left.\n|inactive|Pws6 has 20 seconds left.\n|\n|t:|1776553141\n|switch|p2a: Kashimo|Archaludon, L50, M|100/100\n|move|p2b: Dhruv's birb|Wide Guard|p2b: Dhruv's birb\n|-singleturn|p2b: Dhruv's birb|Wide Guard\n|move|p1b: Tyranitar|Earthquake|p2a: Kashimo|[spread] p1a\n|-activate|p2a: Kashimo|move: Wide Guard\n|-activate|p2b: Dhruv's birb|move: Wide Guard\n|-supereffective|p1a: Aggron|1\n|-damage|p1a: Aggron|60/100\n|move|p1a: Aggron|Heavy Slam|p2a: Kashimo\n|-resisted|p2a: Kashimo|1\n|-damage|p2a: Kashimo|82/100\n|-ability|p2a: Kashimo|Stamina|boost\n|-boost|p2a: Kashimo|def|1\n|\n|-weather|RainDance|[upkeep]\n|-start|p1b: Tyranitar|perish0\n|-start|p1a: Aggron|perish0\n|faint|p1b: Tyranitar\n|faint|p1a: Aggron\n|upkeep\n|\n|t:|1776553161\n|switch|p1b: Farigiraf|Farigiraf, L50, M|100/100\n|switch|p1a: Basculegion|Basculegion, L50, M|100/100\n|turn|5\n|-activate|p2a: Kashimo|item: Quick Claw\n|\n|t:|1776553174\n|move|p2a: Kashimo|Electro Shot||[still]\n|-prepare|p2a: Kashimo|Electro Shot\n|-boost|p2a: Kashimo|spa|1\n|-anim|p2a: Kashimo|Electro Shot|p1a: Basculegion\n|-supereffective|p1a: Basculegion|1\n|-crit|p1a: Basculegion\n|-damage|p1a: Basculegion|0 fnt\n|faint|p1a: Basculegion\n|move|p2b: Dhruv's birb|Weather Ball|p1b: Farigiraf\n|-damage|p1b: Farigiraf|28/100\n|-enditem|p1b: Farigiraf|Sitrus Berry|[eat]\n|-heal|p1b: Farigiraf|52/100|[from] item: Sitrus Berry\n|move|p1b: Farigiraf|Dazzling Gleam|p2a: Kashimo|[spread] p2a,p2b\n|-damage|p2a: Kashimo|62/100\n|-damage|p2b: Dhruv's birb|24/100\n|-ability|p2a: Kashimo|Stamina|boost\n|-boost|p2a: Kashimo|def|1\n|\n|-weather|RainDance|[upkeep]\n|upkeep\n|turn|6\n|-activate|p2a: Kashimo|item: Quick Claw\n|\n|t:|1776553194\n|move|p2a: Kashimo|Draco Meteor|p1b: Farigiraf\n|-damage|p1b: Farigiraf|0 fnt\n|-unboost|p2a: Kashimo|spa|2\n|faint|p1b: Farigiraf\n|\n|win|Azreal29\n|raw|Pws6's rating: 1165 &rarr; <strong>1142</strong><br />(-23 for losing)\n|raw|Azreal29's rating: 1186 &rarr; <strong>1209</strong><br />(+23 for winning)\n|l|\u2606Pws6\n|player|p1|\n",
  "uploadtime": 1776553209,
  "views": 11,
  "formatid": "gen9championsvgc2026regma",
  "rating": 1142,
  "private": 0,
  "password": null
}