{
  "id": "gen9championsvgc2026regma-2583003920",
  "format": "[Gen 9 Champions] VGC 2026 Reg M-A",
  "players": [
    "Ginesect",
    "pikachuvsmew2"
  ],
  "log": "|j|\u2606Ginesect\n|j|\u2606pikachuvsmew2\n|t:|1776132508\n|gametype|doubles\n|player|p1|Ginesect|gambler|1050\n|player|p2|pikachuvsmew2|169|1040\n|gen|9\n|tier|[Gen 9 Champions] VGC 2026 Reg M-A\n|rated|\n|rule|Species Clause: Limit one of each Pok\u00e9mon\n|rule|Item Clause: Limit 1 of each item\n|clearpoke\n|poke|p1|Delphox, L50, F|\n|poke|p1|Sneasler, L50, M|\n|poke|p1|Basculegion, L50, M|\n|poke|p1|Garchomp, L50, F|\n|poke|p1|Kingambit, L50, F|\n|poke|p1|Whimsicott, L50, M|\n|poke|p2|Froslass, L50, F|\n|poke|p2|Whimsicott, L50, F|\n|poke|p2|Arcanine-Hisui, L50, M|\n|poke|p2|Rotom-Wash, L50|\n|poke|p2|Golurk, L50|\n|poke|p2|Farigiraf, L50, M|\n|teampreview|4\n|\n|t:|1776132537\n|teamsize|p1|4\n|teamsize|p2|4\n|start\n|switch|p1a: Garchomp|Garchomp, L50, F|100/100\n|switch|p1b: Sneasler|Sneasler, L50, M|100/100\n|switch|p2a: Rotom|Rotom-Wash, L50|100/100\n|switch|p2b: Farigiraf|Farigiraf, L50, M|100/100\n|turn|1\n|\n|t:|1776132565\n|switch|p1a: Kingambit|Kingambit, L50, F|100/100\n|move|p1b: Sneasler|Protect|p1b: Sneasler\n|-singleturn|p1b: Sneasler|Protect\n|move|p2a: Rotom|Hydro Pump|p1a: Kingambit\n|-damage|p1a: Kingambit|57/100\n|move|p2b: Farigiraf|Trick Room|p2b: Farigiraf\n|-fieldstart|move: Trick Room|[of] p2b: Farigiraf\n|\n|upkeep\n|turn|2\n|inactive|Battle timer is ON: inactive players will automatically lose when time's up. (requested by pikachuvsmew2)\n|\n|t:|1776132598\n|switch|p1b: Whimsicott|Whimsicott, L50, M|100/100\n|move|p1a: Kingambit|Kowtow Cleave|p2b: Farigiraf\n|-supereffective|p2b: Farigiraf|1\n|-damage|p2b: Farigiraf|13/100\n|-enditem|p2b: Farigiraf|Sitrus Berry|[eat]\n|-heal|p2b: Farigiraf|38/100|[from] item: Sitrus Berry\n|move|p2b: Farigiraf|Psychic|p1b: Whimsicott\n|-damage|p1b: Whimsicott|59/100\n|move|p2a: Rotom|Volt Switch|p1a: Kingambit\n|-damage|p1a: Kingambit|26/100\n|\n|t:|1776132611\n|switch|p2a: Golurk|Golurk, L50, shiny|100/100|[from] Volt Switch\n|\n|upkeep\n|turn|3\n|inactive|Ginesect has 30 seconds left.\n|\n|t:|1776132645\n|detailschange|p2a: Golurk|Golurk-Mega, L50, shiny\n|-mega|p2a: Golurk|Golurk|Golurkite\n|move|p2b: Farigiraf|Protect|p2b: Farigiraf\n|-singleturn|p2b: Farigiraf|Protect\n|move|p1a: Kingambit|Sucker Punch||[still]\n|cant|p2b: Farigiraf|ability: Armor Tail|Sucker Punch|[of] p1a: Kingambit\n|move|p2a: Golurk|Earthquake|p1b: Whimsicott|[spread] p1a,p1b\n|-activate|p2b: Farigiraf|move: Protect\n|-supereffective|p1a: Kingambit|1\n|-resisted|p1b: Whimsicott|1\n|-damage|p1a: Kingambit|0 fnt\n|-damage|p1b: Whimsicott|31/100\n|faint|p1a: Kingambit\n|move|p1b: Whimsicott|Moonblast|p2a: Golurk\n|-damage|p2a: Golurk|77/100\n|\n|upkeep\n|\n|t:|1776132658\n|switch|p1a: Garchomp|Garchomp, L50, F|100/100\n|turn|4\n|\n|t:|1776132680\n|switch|p2b: Rotom|Rotom-Wash, L50|100/100\n|move|p1a: Garchomp|Protect|p1a: Garchomp\n|-singleturn|p1a: Garchomp|Protect\n|move|p1b: Whimsicott|Tailwind|p1b: Whimsicott\n|-sidestart|p1: Ginesect|move: Tailwind\n|move|p2a: Golurk|Earthquake|p1b: Whimsicott|[spread] p1b\n|-activate|p1a: Garchomp|move: Protect\n|-immune|p2b: Rotom|[from] ability: Levitate\n|-resisted|p1b: Whimsicott|1\n|-damage|p1b: Whimsicott|7/100\n|\n|upkeep\n|turn|5\n|inactive|Ginesect has 30 seconds left.\n|\n|t:|1776132706\n|move|p2a: Golurk|Earthquake|p1b: Whimsicott|[spread] p1a,p1b\n|-immune|p2b: Rotom|[from] ability: Levitate\n|-resisted|p1b: Whimsicott|1\n|-damage|p1a: Garchomp|54/100\n|-damage|p1b: Whimsicott|0 fnt\n|faint|p1b: Whimsicott\n|move|p2b: Rotom|Hydro Pump|p1a: Garchomp\n|-damage|p1a: Garchomp|3/100\n|move|p1a: Garchomp|Dragon Claw|p2a: Golurk\n|-damage|p2a: Golurk|43/100\n|\n|-fieldend|move: Trick Room\n|upkeep\n|\n|t:|1776132718\n|switch|p1b: Sneasler|Sneasler, L50, M|100/100\n|turn|6\n|inactive|Ginesect has 30 seconds left.\n|inactive|Ginesect has 20 seconds left.\n|inactive|pikachuvsmew2 has 30 seconds left.\n|\n|t:|1776132757\n|move|p2b: Rotom|Protect|p2b: Rotom\n|-singleturn|p2b: Rotom|Protect\n|move|p1b: Sneasler|Dire Claw|p2a: Golurk\n|-resisted|p2a: Golurk|2\n|-damage|p2a: Golurk|34/100\n|move|p1a: Garchomp|Dragon Claw|p2a: Golurk\n|-damage|p2a: Golurk|0 fnt\n|faint|p2a: Golurk\n|\n|upkeep\n|\n|t:|1776132767\n|switch|p2a: Arcanine|Arcanine-Hisui, L50, M|100/100\n|-ability|p2a: Arcanine|Intimidate|boost\n|-unboost|p1a: Garchomp|atk|1\n|-unboost|p1b: Sneasler|atk|1\n|-enditem|p1b: Sneasler|White Herb\n|-clearnegativeboost|p1b: Sneasler|[silent]\n|turn|7\n|\n|t:|1776132790\n|switch|p2a: Farigiraf|Farigiraf, L50, M|38/100\n|move|p1b: Sneasler|Close Combat|p2b: Rotom\n|-damage|p2b: Rotom|20/100\n|-unboost|p1b: Sneasler|def|1\n|-unboost|p1b: Sneasler|spd|1\n|move|p1a: Garchomp|Rock Slide|p2a: Farigiraf|[spread] p2a,p2b\n|-damage|p2a: Farigiraf|23/100\n|-damage|p2b: Rotom|1/100\n|cant|p2b: Rotom|flinch\n|\n|-heal|p2b: Rotom|7/100|[from] item: Leftovers\n|-sideend|p1: Ginesect|move: Tailwind\n|upkeep\n|turn|8\n|inactive|Ginesect has 30 seconds left.\n|\n|t:|1776132825\n|move|p1b: Sneasler|Dire Claw|p2b: Rotom\n|-damage|p2b: Rotom|0 fnt\n|faint|p2b: Rotom\n|move|p1a: Garchomp|Dragon Claw|p2a: Farigiraf\n|-damage|p2a: Farigiraf|0 fnt\n|faint|p2a: Farigiraf\n|\n|upkeep\n|\n|t:|1776132831\n|switch|p2b: Arcanine|Arcanine-Hisui, L50, M|100/100\n|-ability|p2b: Arcanine|Intimidate|boost\n|-unboost|p1a: Garchomp|atk|1\n|-unboost|p1b: Sneasler|atk|1\n|turn|9\n|l|\u2606Ginesect\n|inactive|Ginesect disconnected and has a minute to reconnect!\n|player|p1|\n|inactive|Ginesect has 30 seconds left.\n|j|\u2606Ginesect\n|inactive|Ginesect reconnected and has 30 seconds left.\n|player|p1|Ginesect|gambler|\n|\n|t:|1776132865\n|move|p2b: Arcanine|Extreme Speed|p1a: Garchomp\n|-damage|p1a: Garchomp|0 fnt\n|-damage|p2b: Arcanine|88/100|[from] ability: Rough Skin|[of] p1a: Garchomp\n|faint|p1a: Garchomp\n|move|p1b: Sneasler|Close Combat|p2b: Arcanine\n|-supereffective|p2b: Arcanine|1\n|-damage|p2b: Arcanine|0 fnt\n|-unboost|p1b: Sneasler|def|1\n|-unboost|p1b: Sneasler|spd|1\n|faint|p2b: Arcanine\n|\n|win|Ginesect\n|raw|Ginesect's rating: 1050 &rarr; <strong>1082</strong><br />(+32 for winning)\n|raw|pikachuvsmew2's rating: 1040 &rarr; <strong>1024</strong><br />(-16 for losing)\n",
  "uploadtime": 1776132868,
  "views": 25,
  "formatid": "gen9championsvgc2026regma",
  "rating": 1024,
  "private": 0,
  "password": null
}