{
  "id": "gen9championsvgc2026regma-2588307518",
  "format": "[Gen 9 Champions] VGC 2026 Reg M-A",
  "players": [
    "Poapap2",
    "TacoDad"
  ],
  "log": "|j|\u2606Poapap2\n|j|\u2606TacoDad\n|t:|1776622792\n|gametype|doubles\n|player|p1|Poapap2|169|1220\n|player|p2|TacoDad|2|1316\n|gen|9\n|tier|[Gen 9 Champions] VGC 2026 Reg M-A\n|rated|\n|rule|Species Clause: Limit one of each Pok\u00e9mon\n|rule|Item Clause: Limit 1 of each item\n|clearpoke\n|poke|p1|Milotic, L50, M|\n|poke|p1|Sinistcha-Masterpiece, L50|\n|poke|p1|Kangaskhan, L50, F|\n|poke|p1|Tyranitar, L50, M|\n|poke|p1|Excadrill, L50, F|\n|poke|p1|Farigiraf, L50, M|\n|poke|p2|Charizard, L50, F|\n|poke|p2|Sneasler, L50, F|\n|poke|p2|Aerodactyl, L50, M|\n|poke|p2|Aegislash, L50, F|\n|poke|p2|Milotic, L50, F|\n|poke|p2|Sinistcha, L50|\n|teampreview|4\n|\n|t:|1776622809\n|teamsize|p1|4\n|teamsize|p2|4\n|start\n|switch|p1a: Tyranitar|Tyranitar, L50, M|100/100\n|switch|p1b: Excadrill|Excadrill, L50, F|100/100\n|switch|p2a: Charizard|Charizard, L50, F|100/100\n|switch|p2b: Sneasler|Sneasler, L50, F|100/100\n|-weather|Sandstorm|[from] ability: Sand Stream|[of] p1a: Tyranitar\n|turn|1\n|\n|t:|1776622836\n|switch|p1b: Farigiraf|Farigiraf, L50, M|100/100\n|move|p2a: Charizard|Protect|p2a: Charizard\n|-singleturn|p2a: Charizard|Protect\n|move|p1a: Tyranitar|Rock Slide|p2a: Charizard|[spread] p2b\n|-activate|p2a: Charizard|move: Protect\n|-resisted|p2b: Sneasler|1\n|-damage|p2b: Sneasler|79/100\n|move|p2b: Sneasler|Coaching|p2a: Charizard\n|-boost|p2a: Charizard|atk|1\n|-boost|p2a: Charizard|def|1\n|\n|-weather|Sandstorm|[upkeep]\n|-damage|p2b: Sneasler|73/100|[from] Sandstorm\n|-damage|p2a: Charizard|95/100|[from] Sandstorm\n|-damage|p1b: Farigiraf|94/100|[from] Sandstorm\n|-heal|p1b: Farigiraf|100/100|[from] item: Leftovers\n|upkeep\n|turn|2\n|\n|t:|1776622874\n|detailschange|p2a: Charizard|Charizard-Mega-X, L50, F\n|-mega|p2a: Charizard|Charizard|Charizardite X\n|move|p1b: Farigiraf|Ally Switch|p1b: Farigiraf\n|swap|p1b: Farigiraf|0|[from] move: Ally Switch\n|move|p1b: Tyranitar|Rock Slide|p2a: Charizard|[spread] p2a,p2b\n|-supereffective|p2a: Charizard|1\n|-resisted|p2b: Sneasler|1\n|-damage|p2a: Charizard|59/100\n|-damage|p2b: Sneasler|48/100\n|cant|p2b: Sneasler|flinch\n|move|p2a: Charizard|Flare Blitz|p1b: Tyranitar\n|-resisted|p1b: Tyranitar|1\n|-damage|p1b: Tyranitar|52/100\n|-damage|p2a: Charizard|39/100|[from] Recoil\n|\n|-weather|Sandstorm|[upkeep]\n|-damage|p2b: Sneasler|42/100|[from] Sandstorm\n|-damage|p2a: Charizard|33/100|[from] Sandstorm\n|-damage|p1a: Farigiraf|94/100|[from] Sandstorm\n|-heal|p1a: Farigiraf|100/100|[from] item: Leftovers\n|upkeep\n|turn|3\n|\n|t:|1776622897\n|move|p1b: Tyranitar|Rock Slide|p2a: Charizard|[spread] p2a,p2b\n|-supereffective|p2a: Charizard|1\n|-resisted|p2b: Sneasler|1\n|-damage|p2a: Charizard|0 fnt\n|-damage|p2b: Sneasler|19/100\n|faint|p2a: Charizard\n|cant|p2b: Sneasler|flinch\n|move|p1a: Farigiraf|Dazzling Gleam|p2b: Sneasler\n|-damage|p2b: Sneasler|0 fnt\n|faint|p2b: Sneasler\n|\n|-weather|Sandstorm|[upkeep]\n|-damage|p1a: Farigiraf|94/100|[from] Sandstorm\n|-heal|p1a: Farigiraf|100/100|[from] item: Leftovers\n|upkeep\n|\n|t:|1776622913\n|switch|p2b: Milotic|Milotic, L50, F|100/100\n|switch|p2a: Sinistcha|Sinistcha, L50|100/100\n|turn|4\n|\n|t:|1776622920\n|move|p1b: Tyranitar|Rock Slide|p2a: Sinistcha|[spread] p2a,p2b\n|-damage|p2a: Sinistcha|72/100\n|-damage|p2b: Milotic|80/100\n|cant|p2b: Milotic|flinch\n|move|p2a: Sinistcha|Matcha Gotcha|p1b: Tyranitar|[spread] p1a,p1b\n|-supereffective|p1b: Tyranitar|1\n|-damage|p1a: Farigiraf|74/100\n|-heal|p2a: Sinistcha|89/100|[from] drain|[of] p1a: Farigiraf\n|-damage|p1b: Tyranitar|15/100\n|-heal|p2a: Sinistcha|100/100|[from] drain|[of] p1b: Tyranitar\n|move|p1a: Farigiraf|Trick Room|p1a: Farigiraf\n|-fieldstart|move: Trick Room|[of] p1a: Farigiraf\n|\n|-weather|Sandstorm|[upkeep]\n|-damage|p1a: Farigiraf|68/100|[from] Sandstorm\n|-damage|p2a: Sinistcha|94/100|[from] Sandstorm\n|-damage|p2b: Milotic|74/100|[from] Sandstorm\n|-heal|p1a: Farigiraf|74/100|[from] item: Leftovers\n|-heal|p2b: Milotic|80/100|[from] item: Leftovers\n|upkeep\n|turn|5\n|\n|t:|1776622944\n|move|p2a: Sinistcha|Matcha Gotcha|p1b: Tyranitar|[spread] p1a,p1b\n|-supereffective|p1b: Tyranitar|1\n|-damage|p1a: Farigiraf|51/100\n|-heal|p2a: Sinistcha|100/100|[from] drain|[of] p1a: Farigiraf\n|-damage|p1b: Tyranitar|0 fnt\n|-status|p1a: Farigiraf|brn\n|faint|p1b: Tyranitar\n|move|p2b: Milotic|Scald|p1a: Farigiraf\n|-damage|p1a: Farigiraf|25/100 brn\n|move|p1a: Farigiraf|Trick Room|p1a: Farigiraf\n|-fieldend|move: Trick Room\n|\n|-weather|none\n|-heal|p2b: Milotic|86/100|[from] item: Leftovers\n|-heal|p1a: Farigiraf|31/100 brn|[from] item: Leftovers\n|-damage|p1a: Farigiraf|25/100 brn|[from] brn\n|upkeep\n|\n|t:|1776622952\n|switch|p1b: Excadrill|Excadrill, L50, F|100/100\n|turn|6\n|\n|t:|1776622967\n|move|p1b: Excadrill|Iron Head|p2a: Sinistcha\n|-damage|p2a: Sinistcha|62/100\n|move|p2b: Milotic|Scald|p1a: Farigiraf\n|-damage|p1a: Farigiraf|0 fnt\n|faint|p1a: Farigiraf\n|move|p2a: Sinistcha|Matcha Gotcha|p1b: Excadrill\n|-damage|p1b: Excadrill|55/100\n|-heal|p2a: Sinistcha|89/100|[from] drain|[of] p1b: Excadrill\n|\n|-heal|p2b: Milotic|92/100|[from] item: Leftovers\n|upkeep\n|\n|t:|1776622972\n|switch|p1a: Kangaskhan|Kangaskhan, L50, F|100/100\n|turn|7\n|\n|t:|1776622987\n|detailschange|p1a: Kangaskhan|Kangaskhan-Mega, L50, F\n|-mega|p1a: Kangaskhan|Kangaskhan|Kangaskhanite\n|move|p1a: Kangaskhan|Fake Out|p2b: Milotic\n|-damage|p2b: Milotic|75/100\n|-damage|p2b: Milotic|71/100\n|-hitcount|p2b: Milotic|2\n|move|p1b: Excadrill|Iron Head|p2a: Sinistcha\n|-damage|p2a: Sinistcha|47/100\n|-enditem|p2a: Sinistcha|Sitrus Berry|[eat]\n|-heal|p2a: Sinistcha|71/100|[from] item: Sitrus Berry\n|cant|p2b: Milotic|flinch\n|move|p2a: Sinistcha|Matcha Gotcha|p1b: Excadrill|[spread] p1a,p1b\n|-damage|p1a: Kangaskhan|78/100\n|-heal|p2a: Sinistcha|85/100|[from] drain|[of] p1a: Kangaskhan\n|-damage|p1b: Excadrill|24/100\n|-heal|p2a: Sinistcha|100/100|[from] drain|[of] p1b: Excadrill\n|\n|-heal|p2b: Milotic|77/100|[from] item: Leftovers\n|upkeep\n|turn|8\n|\n|t:|1776623010\n|move|p1a: Kangaskhan|Sucker Punch|p2a: Sinistcha\n|-supereffective|p2a: Sinistcha|1\n|-damage|p2a: Sinistcha|54/100\n|-supereffective|p2a: Sinistcha|1\n|-damage|p2a: Sinistcha|43/100\n|-hitcount|p2a: Sinistcha|2\n|move|p1b: Excadrill|Rock Slide|p2b: Milotic|[spread] p2a,p2b\n|-damage|p2a: Sinistcha|23/100\n|-damage|p2b: Milotic|60/100\n|move|p2b: Milotic|Scald|p1a: Kangaskhan\n|-damage|p1a: Kangaskhan|52/100\n|cant|p2a: Sinistcha|flinch\n|\n|-heal|p2b: Milotic|66/100|[from] item: Leftovers\n|upkeep\n|turn|9\n|\n|t:|1776623031\n|move|p2a: Sinistcha|Protect|p2a: Sinistcha\n|-singleturn|p2a: Sinistcha|Protect\n|move|p1a: Kangaskhan|Sucker Punch||[still]\n|-fail|p1a: Kangaskhan\n|move|p1b: Excadrill|Iron Head|p2a: Sinistcha\n|-activate|p2a: Sinistcha|move: Protect\n|move|p2b: Milotic|Scald|p1b: Excadrill\n|-supereffective|p1b: Excadrill|1\n|-damage|p1b: Excadrill|0 fnt\n|faint|p1b: Excadrill\n|\n|-heal|p2b: Milotic|72/100|[from] item: Leftovers\n|upkeep\n|turn|10\n|\n|t:|1776623054\n|move|p1a: Kangaskhan|Drain Punch|p2b: Milotic\n|-damage|p2b: Milotic|52/100\n|-heal|p1a: Kangaskhan|62/100|[from] drain|[of] p2b: Milotic\n|-damage|p2b: Milotic|48/100\n|-heal|p1a: Kangaskhan|64/100|[from] drain|[of] p2b: Milotic\n|-hitcount|p2b: Milotic|2\n|move|p2b: Milotic|Scald|p1a: Kangaskhan\n|-damage|p1a: Kangaskhan|41/100\n|move|p2a: Sinistcha|Matcha Gotcha|p1a: Kangaskhan\n|-damage|p1a: Kangaskhan|11/100\n|-heal|p2a: Sinistcha|41/100|[from] drain|[of] p1a: Kangaskhan\n|-status|p1a: Kangaskhan|brn\n|\n|-heal|p2b: Milotic|53/100|[from] item: Leftovers\n|-damage|p1a: Kangaskhan|5/100 brn|[from] brn\n|upkeep\n|turn|11\n|\n|t:|1776623073\n|move|p2b: Milotic|Protect|p2b: Milotic\n|-singleturn|p2b: Milotic|Protect\n|move|p2a: Sinistcha|Protect|p2a: Sinistcha\n|-singleturn|p2a: Sinistcha|Protect\n|move|p1a: Kangaskhan|Sucker Punch||[still]\n|-fail|p1a: Kangaskhan\n|\n|-heal|p2b: Milotic|59/100|[from] item: Leftovers\n|-damage|p1a: Kangaskhan|0 fnt|[from] brn\n|faint|p1a: Kangaskhan\n|\n|win|TacoDad\n|raw|Poapap2's rating: 1220 &rarr; <strong>1202</strong><br />(-18 for losing)\n|raw|TacoDad's rating: 1316 &rarr; <strong>1331</strong><br />(+15 for winning)\n|l|\u2606Poapap2\n|player|p1|\n",
  "uploadtime": 1776623102,
  "views": 30,
  "formatid": "gen9championsvgc2026regma",
  "rating": 1202,
  "private": 0,
  "password": null
}