{
  "id": "gen9championsvgc2026regma-2588601868",
  "format": "[Gen 9 Champions] VGC 2026 Reg M-A",
  "players": [
    "adalove",
    "Jslo32193"
  ],
  "log": "|j|\u2606adalove\n|j|\u2606Jslo32193\n|t:|1776649067\n|gametype|doubles\n|player|p1|adalove|dragontamer|1150\n|player|p2|Jslo32193|lance|1141\n|gen|9\n|tier|[Gen 9 Champions] VGC 2026 Reg M-A\n|rated|\n|rule|Species Clause: Limit one of each Pok\u00e9mon\n|rule|Item Clause: Limit 1 of each item\n|clearpoke\n|poke|p1|Tyranitar, L50, M|\n|poke|p1|Excadrill, L50, F|\n|poke|p1|Corviknight, L50, M|\n|poke|p1|Milotic, L50, F|\n|poke|p1|Farigiraf, L50, M|\n|poke|p1|Floette-Eternal, L50, F|\n|poke|p2|Meganium, L50, M, shiny|\n|poke|p2|Aerodactyl, L50, M, shiny|\n|poke|p2|Tauros-Paldea-Aqua, L50, M, shiny|\n|poke|p2|Jolteon, L50, F, shiny|\n|poke|p2|Kangaskhan, L50, F, shiny|\n|poke|p2|Gengar, L50, M, shiny|\n|teampreview|4\n|inactive|Battle timer is ON: inactive players will automatically lose when time's up. (requested by adalove)\nadalove rejected open team sheets.\n|inactive|Jslo32193 has 60 seconds left.\n|\n|t:|1776649107\n|teamsize|p1|4\n|teamsize|p2|4\n|start\n|switch|p1a: Corviknight|Corviknight, L50, M|100/100\n|switch|p1b: Milotic|Milotic, L50, F|100/100\n|switch|p2a: Tauros|Tauros-Paldea-Aqua, L50, M, shiny|100/100\n|switch|p2b: Kangaskhan|Kangaskhan, L50, F, shiny|100/100\n|-ability|p2a: Tauros|Intimidate|boost\n|-ability|p1a: Corviknight|Mirror Armor\n|-unboost|p2a: Tauros|atk|1\n|-unboost|p1b: Milotic|atk|1\n|-ability|p1b: Milotic|Competitive|boost\n|-boost|p1b: Milotic|spa|2\n|turn|1\n|inactive|adalove has 30 seconds left.\n|inactive|Jslo32193 has 30 seconds left.\n|inactive|adalove has 20 seconds left.\n|inactive|Jslo32193 has 20 seconds left.\n|inactive|adalove has 15 seconds left.\n|inactive|adalove has 10 seconds left.\n|inactive|adalove has 5 seconds left.\n|\n|t:|1776649157\n|switch|p2a: Jolteon|Jolteon, L50, F, shiny|100/100\n|move|p2b: Kangaskhan|Fake Out|p1b: Milotic\n|-damage|p1b: Milotic|82/100\n|cant|p1b: Milotic|flinch\n|move|p1a: Corviknight|Bulk Up|p1a: Corviknight\n|-boost|p1a: Corviknight|atk|1\n|-boost|p1a: Corviknight|def|1\n|\n|-heal|p1b: Milotic|88/100|[from] item: Leftovers\n|upkeep\n|turn|2\n|\n|t:|1776649177\n|switch|p1b: Tyranitar|Tyranitar, L50, M|100/100\n|-weather|Sandstorm|[from] ability: Sand Stream|[of] p1b: Tyranitar\n|move|p2a: Jolteon|Thunderbolt|p1a: Corviknight\n|-supereffective|p1a: Corviknight|1\n|-damage|p1a: Corviknight|12/100\n|-enditem|p1a: Corviknight|Sitrus Berry|[eat]\n|-heal|p1a: Corviknight|37/100|[from] item: Sitrus Berry\n|move|p2b: Kangaskhan|Double-Edge|p1b: Tyranitar\n|-resisted|p1b: Tyranitar|1\n|-damage|p1b: Tyranitar|81/100\n|-damage|p2b: Kangaskhan|94/100|[from] Recoil\n|move|p1a: Corviknight|Tailwind|p1a: Corviknight\n|-sidestart|p1: adalove|move: Tailwind\n|\n|-weather|Sandstorm|[upkeep]\n|-damage|p2a: Jolteon|95/100|[from] Sandstorm\n|-damage|p2b: Kangaskhan|88/100|[from] Sandstorm\n|upkeep\n|turn|3\n|inactive|adalove has 30 seconds left.\n|\n|t:|1776649203\n|detailschange|p1b: Tyranitar|Tyranitar-Mega, L50, M\n|-mega|p1b: Tyranitar|Tyranitar|Tyranitarite\n|move|p2a: Jolteon|Thunderbolt|p1a: Corviknight\n|-supereffective|p1a: Corviknight|1\n|-damage|p1a: Corviknight|0 fnt\n|faint|p1a: Corviknight\n|move|p1b: Tyranitar|Knock Off|p2a: Jolteon\n|-damage|p2a: Jolteon|0 fnt\n|-enditem|p2a: Jolteon|Choice Scarf|[from] move: Knock Off|[of] p1b: Tyranitar\n|faint|p2a: Jolteon\n|move|p2b: Kangaskhan|Drain Punch|p1b: Tyranitar\n|-supereffective|p1b: Tyranitar|2\n|-damage|p1b: Tyranitar|25/100\n|-heal|p2b: Kangaskhan|100/100|[from] drain|[of] p1b: Tyranitar\n|\n|-weather|Sandstorm|[upkeep]\n|-damage|p2b: Kangaskhan|94/100|[from] Sandstorm\n|upkeep\n|\n|t:|1776649218\n|switch|p2a: Tauros|Tauros-Paldea-Aqua, L50, M, shiny|100/100\n|switch|p1a: Excadrill|Excadrill, L50, F|100/100\n|-ability|p2a: Tauros|Intimidate|boost\n|-unboost|p1a: Excadrill|atk|1\n|-unboost|p1b: Tyranitar|atk|1\n|turn|4\n|\n|t:|1776649235\n|move|p1b: Tyranitar|Protect|p1b: Tyranitar\n|-singleturn|p1b: Tyranitar|Protect\n|move|p2a: Tauros|Aqua Jet|p1b: Tyranitar\n|-activate|p1b: Tyranitar|move: Protect\n|move|p1a: Excadrill|Earthquake|p2a: Tauros|[spread] p2a,p2b\n|-activate|p1b: Tyranitar|move: Protect\n|-damage|p2a: Tauros|75/100\n|-damage|p2b: Kangaskhan|65/100\n|move|p2b: Kangaskhan|Drain Punch|p1a: Excadrill\n|-supereffective|p1a: Excadrill|1\n|-damage|p1a: Excadrill|34/100\n|-heal|p2b: Kangaskhan|94/100|[from] drain|[of] p1a: Excadrill\n|\n|-weather|Sandstorm|[upkeep]\n|-damage|p2a: Tauros|69/100|[from] Sandstorm\n|-damage|p2b: Kangaskhan|88/100|[from] Sandstorm\n|upkeep\n|turn|5\n|inactive|adalove has 30 seconds left.\n|inactive|adalove has 20 seconds left.\n|inactive|adalove has 15 seconds left.\n|\n|t:|1776649276\n|switch|p1b: Milotic|Milotic, L50, F|88/100\n|move|p2a: Tauros|Aqua Jet|p1a: Excadrill\n|-supereffective|p1a: Excadrill|1\n|-crit|p1a: Excadrill\n|-damage|p1a: Excadrill|0 fnt\n|faint|p1a: Excadrill\n|move|p2b: Kangaskhan|Drain Punch|p1b: Milotic\n|-damage|p1b: Milotic|62/100\n|-heal|p2b: Kangaskhan|99/100|[from] drain|[of] p1b: Milotic\n|\n|-weather|Sandstorm|[upkeep]\n|-damage|p1b: Milotic|56/100|[from] Sandstorm\n|-damage|p2a: Tauros|63/100|[from] Sandstorm\n|-damage|p2b: Kangaskhan|93/100|[from] Sandstorm\n|-heal|p1b: Milotic|62/100|[from] item: Leftovers\n|-sideend|p1: adalove|move: Tailwind\n|upkeep\n|\n|t:|1776649282\n|switch|p1a: Tyranitar|Tyranitar-Mega, L50, M|25/100\n|turn|6\n|\n|t:|1776649298\n|move|p2a: Tauros|Liquidation|p1a: Tyranitar\n|-supereffective|p1a: Tyranitar|1\n|-damage|p1a: Tyranitar|0 fnt\n|faint|p1a: Tyranitar\n|move|p2b: Kangaskhan|Double-Edge|p1b: Milotic\n|-damage|p1b: Milotic|5/100\n|-damage|p2b: Kangaskhan|76/100|[from] Recoil\n|move|p1b: Milotic|Life Dew|p1b: Milotic\n|-heal|p1b: Milotic|30/100\n|\n|-weather|none\n|-heal|p1b: Milotic|36/100|[from] item: Leftovers\n|upkeep\n|turn|7\n|\n|t:|1776649313\n|detailschange|p2b: Kangaskhan|Kangaskhan-Mega, L50, F, shiny\n|-mega|p2b: Kangaskhan|Kangaskhan|Kangaskhanite\n|move|p2a: Tauros|Close Combat|p1b: Milotic\n|-damage|p1b: Milotic|0 fnt\n|-unboost|p2a: Tauros|def|1\n|-unboost|p2a: Tauros|spd|1\n|faint|p1b: Milotic\n|\n|win|Jslo32193\n|raw|adalove's rating: 1150 &rarr; <strong>1124</strong><br />(-26 for losing)\n|raw|Jslo32193's rating: 1141 &rarr; <strong>1167</strong><br />(+26 for winning)\n",
  "uploadtime": 1776649313,
  "views": 5,
  "formatid": "gen9championsvgc2026regma",
  "rating": 1124,
  "private": 0,
  "password": null
}