{
  "id": "gen9championsvgc2026regma-2588488065",
  "format": "[Gen 9 Champions] VGC 2026 Reg M-A",
  "players": [
    "Markiito18",
    "dodoce12345"
  ],
  "log": "|j|\u2606Markiito18\n|j|\u2606dodoce12345\n|t:|1776638027\n|gametype|doubles\n|player|p1|Markiito18|rood|1383\n|player|p2|dodoce12345|265|1351\n|gen|9\n|tier|[Gen 9 Champions] VGC 2026 Reg M-A\n|rated|\n|rule|Species Clause: Limit one of each Pok\u00e9mon\n|rule|Item Clause: Limit 1 of each item\n|clearpoke\n|poke|p1|Farigiraf, L50, F, shiny|\n|poke|p1|Sylveon, L50, F, shiny|\n|poke|p1|Hydreigon, L50, M, shiny|\n|poke|p1|Aegislash, L50, F, shiny|\n|poke|p1|Slowking-Galar, L50, F, shiny|\n|poke|p1|Lopunny, L50, M, shiny|\n|poke|p2|Incineroar, L50, F, shiny|\n|poke|p2|Dragonite, L50, M, shiny|\n|poke|p2|Archaludon, L50, M|\n|poke|p2|Pelipper, L50, M|\n|poke|p2|Glimmora, L50, F|\n|poke|p2|Milotic, L50, F|\n|teampreview|4\n|inactive|Battle timer is ON: inactive players will automatically lose when time's up. (requested by dodoce12345)\n|inactive|Markiito18 has 60 seconds left.\n|\n|t:|1776638207\n|teamsize|p1|4\n|teamsize|p2|4\n|start\n|switch|p1a: Hydreigon|Hydreigon, L50, M, shiny|100/100\n|switch|p1b: Lopunny|Lopunny, L50, M, shiny|100/100\n|switch|p2a: Dragonite|Dragonite, L50, M, shiny|100/100\n|switch|p2b: Pelipper|Pelipper, L50, M|100/100\n|-weather|RainDance|[from] ability: Drizzle|[of] p2b: Pelipper\n|turn|1\n|\n|t:|1776638231\n|detailschange|p1b: Lopunny|Lopunny-Mega, L50, M, shiny\n|-mega|p1b: Lopunny|Lopunny|Lopunnite\n|move|p1b: Lopunny|Fake Out|p2b: Pelipper\n|-damage|p2b: Pelipper|74/100\n|move|p1a: Hydreigon|Draco Meteor|p2b: Pelipper\n|-damage|p2b: Pelipper|0 fnt\n|-unboost|p1a: Hydreigon|spa|2\n|faint|p2b: Pelipper\n|move|p2a: Dragonite|Tailwind|p2a: Dragonite\n|-sidestart|p2: dodoce12345|move: Tailwind\n|\n|-weather|RainDance|[upkeep]\n|upkeep\n|\n|t:|1776638244\n|switch|p2b: Archaludon|Archaludon, L50, M|100/100\n|turn|2\n|\n|t:|1776638261\n|switch|p1b: Aegislash|Aegislash, L50, F, shiny|100/100\n|detailschange|p2a: Dragonite|Dragonite-Mega, L50, M, shiny\n|-mega|p2a: Dragonite|Dragonite|Dragoninite\n|move|p1a: Hydreigon|Protect|p1a: Hydreigon\n|-singleturn|p1a: Hydreigon|Protect\n|move|p2a: Dragonite|Hurricane|p1b: Aegislash\n|-resisted|p1b: Aegislash|1\n|-damage|p1b: Aegislash|78/100\n|move|p2b: Archaludon|Electro Shot||[still]\n|-prepare|p2b: Archaludon|Electro Shot\n|-boost|p2b: Archaludon|spa|1\n|-anim|p2b: Archaludon|Electro Shot|p1a: Hydreigon\n|-activate|p1a: Hydreigon|move: Protect\n|\n|-weather|RainDance|[upkeep]\n|-heal|p1b: Aegislash|84/100|[from] item: Leftovers\n|upkeep\n|turn|3\n|inactive|Markiito18 has 30 seconds left.\n|\n|t:|1776638287\n|switch|p2a: Incineroar|Incineroar, L50, F, shiny|100/100\n|-ability|p2a: Incineroar|Intimidate|boost\n|-unboost|p1a: Hydreigon|atk|1\n|-unboost|p1b: Aegislash|atk|1\n|switch|p1b: Slowking|Slowking-Galar, L50, F, shiny|100/100\n|-clearboost|p1a: Hydreigon|[from] ability: Curious Medicine|[of] p1b: Slowking\n|move|p2b: Archaludon|Dragon Pulse|p1a: Hydreigon\n|-supereffective|p1a: Hydreigon|1\n|-damage|p1a: Hydreigon|0 fnt\n|faint|p1a: Hydreigon\n|\n|-weather|RainDance|[upkeep]\n|upkeep\n|\n|t:|1776638299\n|switch|p1a: Lopunny|Lopunny-Mega, L50, M, shiny|100/100\n|turn|4\n|\n|t:|1776638309\n|move|p2b: Archaludon|Protect|p2b: Archaludon\n|-singleturn|p2b: Archaludon|Protect\n|move|p1a: Lopunny|Fake Out|p2b: Archaludon\n|-activate|p2b: Archaludon|move: Protect\n|move|p2a: Incineroar|Taunt|p1b: Slowking\n|-start|p1b: Slowking|move: Taunt\n|cant|p1b: Slowking|move: Taunt|Trick Room\n|\n|-weather|RainDance|[upkeep]\n|-sideend|p2: dodoce12345|move: Tailwind\n|upkeep\n|turn|5\n|inactive|Markiito18 has 30 seconds left.\n|\n|t:|1776638338\n|move|p1a: Lopunny|Encore|p2b: Archaludon\n|-start|p2b: Archaludon|Encore\n|move|p2b: Archaludon|Protect||[still]\n|-fail|p2b: Archaludon\n|move|p2a: Incineroar|Parting Shot|p1a: Lopunny\n|-unboost|p1a: Lopunny|atk|1\n|-unboost|p1a: Lopunny|spa|1\n|\n|t:|1776638342\n|switch|p2a: Dragonite|Dragonite-Mega, L50, M, shiny|100/100|[from] Parting Shot\n|move|p1b: Slowking|Sludge Bomb|p2a: Dragonite\n|-damage|p2a: Dragonite|85/100\n|\n|-weather|none\n|upkeep\n|turn|6\n|\n|t:|1776638362\n|move|p2b: Archaludon|Protect|p2b: Archaludon\n|-singleturn|p2b: Archaludon|Protect\n|move|p1a: Lopunny|After You|p1b: Slowking\n|-activate|p1b: Slowking|move: After You\n|move|p1b: Slowking|Ice Beam|p2a: Dragonite\n|-supereffective|p2a: Dragonite|2\n|-crit|p2a: Dragonite\n|-damage|p2a: Dragonite|0 fnt\n|faint|p2a: Dragonite\n|\n|-end|p1b: Slowking|move: Taunt\n|upkeep\n|\n|t:|1776638368\n|switch|p2a: Incineroar|Incineroar, L50, F, shiny|100/100\n|-ability|p2a: Incineroar|Intimidate|boost\n|-fail|p1a: Lopunny|unboost|Attack|[from] ability: Scrappy|[of] p1a: Lopunny\n|-unboost|p1b: Slowking|atk|1\n|turn|7\n|\n|t:|1776638384\n|switch|p1a: Aegislash|Aegislash, L50, F, shiny|84/100\n|move|p2b: Archaludon|Protect||[still]\n|-fail|p2b: Archaludon\n|move|p2a: Incineroar|Fake Out|p1a: Aegislash\n|-immune|p1a: Aegislash\n|move|p1b: Slowking|Focus Blast|p2b: Archaludon|[miss]\n|-miss|p1b: Slowking|p2b: Archaludon\n|\n|-heal|p1a: Aegislash|90/100|[from] item: Leftovers\n|-end|p2b: Archaludon|Encore\n|upkeep\n|turn|8\n|\n|t:|1776638402\n|move|p1a: Aegislash|King's Shield|p1a: Aegislash\n|-singleturn|p1a: Aegislash|Protect\n|move|p2b: Archaludon|Dragon Pulse|p1b: Slowking\n|-damage|p1b: Slowking|55/100\n|move|p2a: Incineroar|Flare Blitz|p1a: Aegislash\n|-activate|p1a: Aegislash|move: Protect\n|-unboost|p2a: Incineroar|atk|1\n|move|p1b: Slowking|Focus Blast|p2b: Archaludon|[miss]\n|-miss|p1b: Slowking|p2b: Archaludon\n|\n|-heal|p1a: Aegislash|97/100|[from] item: Leftovers\n|upkeep\n|turn|9\n|inactive|Markiito18 has 30 seconds left.\n|\n|t:|1776638428\n|move|p2b: Archaludon|Protect|p2b: Archaludon\n|-singleturn|p2b: Archaludon|Protect\n|move|p2a: Incineroar|Parting Shot|p1a: Aegislash\n|-unboost|p1a: Aegislash|atk|1\n|-unboost|p1a: Aegislash|spa|1\n|-formechange|p1a: Aegislash|Aegislash-Blade|\n|move|p1a: Aegislash|Shadow Ball|p2b: Archaludon\n|-activate|p2b: Archaludon|move: Protect\n|move|p1b: Slowking|Focus Blast|p2b: Archaludon\n|-activate|p2b: Archaludon|move: Protect\n|\n|-heal|p1a: Aegislash|100/100|[from] item: Leftovers\n|upkeep\n|turn|10\n|inactive|Markiito18 has 30 seconds left.\n|inactive|dodoce12345 has 30 seconds left.\n|\n|t:|1776638454\n|switch|p1a: Lopunny|Lopunny-Mega, L50, M, shiny|100/100\n|move|p2b: Archaludon|Electro Shot||[still]\n|-prepare|p2b: Archaludon|Electro Shot\n|-boost|p2b: Archaludon|spa|1\n|move|p2a: Incineroar|Parting Shot|p1b: Slowking\n|-unboost|p1b: Slowking|atk|1\n|-unboost|p1b: Slowking|spa|1\n|move|p1b: Slowking|Sludge Bomb|p2a: Incineroar\n|-damage|p2a: Incineroar|79/100\n|-status|p2a: Incineroar|psn\n|\n|-damage|p2a: Incineroar|67/100 psn|[from] psn\n|upkeep\n|turn|11\n|\n|t:|1776638477\n|move|p1a: Lopunny|Fake Out|p2b: Archaludon\n|-resisted|p2b: Archaludon|1\n|-damage|p2b: Archaludon|93/100\n|-ability|p2b: Archaludon|Stamina|boost\n|-boost|p2b: Archaludon|def|1\n|cant|p2b: Archaludon|flinch\n|move|p2a: Incineroar|Flare Blitz|p1a: Lopunny\n|-damage|p1a: Lopunny|59/100\n|-damage|p2a: Incineroar|57/100 psn|[from] Recoil\n|move|p1b: Slowking|Focus Blast|p2b: Archaludon|[miss]\n|-miss|p1b: Slowking|p2b: Archaludon\n|\n|-heal|p2b: Archaludon|99/100|[from] item: Leftovers\n|-damage|p2a: Incineroar|45/100 psn|[from] psn\n|upkeep\n|-enditem|p2a: Incineroar|Sitrus Berry|[eat]\n|-heal|p2a: Incineroar|69/100 psn|[from] item: Sitrus Berry\n|turn|12\n|c|\u2606Markiito18|brooooooo\n|\n|t:|1776638498\n|move|p1a: Lopunny|Encore|p2b: Archaludon\n|-start|p2b: Archaludon|Encore\n|move|p2b: Archaludon|Electro Shot||[still]\n|-prepare|p2b: Archaludon|Electro Shot\n|-boost|p2b: Archaludon|spa|1\n|move|p2a: Incineroar|Flare Blitz|p1b: Slowking\n|-damage|p1b: Slowking|23/100\n|-damage|p2a: Incineroar|58/100 psn|[from] Recoil\n|move|p1b: Slowking|Focus Blast|p2b: Archaludon|[miss]\n|-miss|p1b: Slowking|p2b: Archaludon\n|\n|-heal|p2b: Archaludon|100/100|[from] item: Leftovers\n|-damage|p2a: Incineroar|46/100 psn|[from] psn\n|upkeep\n|turn|13\n|\n|t:|1776638520\n|move|p1a: Lopunny|Close Combat|p2b: Archaludon\n|-supereffective|p2b: Archaludon|1\n|-crit|p2b: Archaludon\n|-damage|p2b: Archaludon|0 fnt\n|-unboost|p1a: Lopunny|def|1\n|-unboost|p1a: Lopunny|spd|1\n|faint|p2b: Archaludon\n|move|p2a: Incineroar|Flare Blitz|p1b: Slowking\n|-damage|p1b: Slowking|0 fnt\n|faint|p1b: Slowking\n|-damage|p2a: Incineroar|39/100 psn|[from] Recoil\n|\n|-damage|p2a: Incineroar|26/100 psn|[from] psn\n|upkeep\n|-message|dodoce12345 forfeited.\n|\n|win|Markiito18\n|raw|Markiito18's rating: 1383 &rarr; <strong>1401</strong><br />(+18 for winning)\n|raw|dodoce12345's rating: 1351 &rarr; <strong>1333</strong><br />(-18 for losing)\n|l|\u2606dodoce12345\n|player|p2|\n",
  "uploadtime": 1776638529,
  "views": 15,
  "formatid": "gen9championsvgc2026regma",
  "rating": 1333,
  "private": 0,
  "password": null
}