{
  "id": "gen9championsvgc2026regma-2582958783",
  "format": "[Gen 9 Champions] VGC 2026 Reg M-A",
  "players": [
    "CappyCappy",
    "manu0710"
  ],
  "log": "|j|\u2606CappyCappy\n|j|\u2606manu0710\n|t:|1776128500\n|gametype|doubles\n|player|p1|CappyCappy|miku-fairy|1218\n|player|p2|manu0710|170|1213\n|gen|9\n|tier|[Gen 9 Champions] VGC 2026 Reg M-A\n|rated|\n|rule|Species Clause: Limit one of each Pok\u00e9mon\n|rule|Item Clause: Limit 1 of each item\n|clearpoke\n|poke|p1|Sneasler, L50, M|\n|poke|p1|Incineroar, L50, F|\n|poke|p1|Kingambit, L50, M|\n|poke|p1|Aerodactyl, L50, M|\n|poke|p1|Floette-Eternal, L50, F|\n|poke|p1|Delphox, L50, M|\n|poke|p2|Araquanid, L50, M|\n|poke|p2|Gardevoir, L50, M|\n|poke|p2|Incineroar, L50, F|\n|poke|p2|Whimsicott, L50, M|\n|poke|p2|Venusaur, L50, M|\n|poke|p2|Infernape, L50, F|\n|teampreview|4\n|inactive|Battle timer is ON: inactive players will automatically lose when time's up. (requested by manu0710)\nCappyCappy has agreed to open team sheets.\n|inactive|CappyCappy has 60 seconds left.\n|\n|t:|1776128536\n|teamsize|p1|4\n|teamsize|p2|4\n|start\n|switch|p1a: Sneasler|Sneasler, L50, M|100/100\n|switch|p1b: Aerodactyl|Aerodactyl, L50, M|100/100\n|switch|p2a: Araquanid|Araquanid, L50, M|100/100\n|switch|p2b: Infernape|Infernape, L50, F|100/100\n|turn|1\n|inactive|manu0710 has 30 seconds left.\n|inactive|manu0710 has 20 seconds left.\n|inactive|manu0710 has 15 seconds left.\n|\n|t:|1776128578\n|move|p1a: Sneasler|Fake Out|p2b: Infernape\n|-damage|p2b: Infernape|75/100\n|move|p1b: Aerodactyl|Tailwind|p1b: Aerodactyl\n|-sidestart|p1: CappyCappy|move: Tailwind\n|cant|p2b: Infernape|flinch\n|move|p2a: Araquanid|Liquidation|p1a: Sneasler\n|-damage|p1a: Sneasler|0 fnt\n|faint|p1a: Sneasler\n|\n|upkeep\n|\n|t:|1776128594\n|switch|p1a: Incineroar|Incineroar, L50, F|100/100\n|-ability|p1a: Incineroar|Intimidate|boost\n|-unboost|p2a: Araquanid|atk|1\n|-unboost|p2b: Infernape|atk|1\n|turn|2\n|\n|t:|1776128613\n|move|p1a: Incineroar|Fake Out|p2b: Infernape\n|-damage|p2b: Infernape|55/100\n|move|p1b: Aerodactyl|Rock Slide|p2b: Infernape|[spread] p2a,p2b\n|-supereffective|p2a: Araquanid|1\n|-damage|p2a: Araquanid|44/100\n|-damage|p2b: Infernape|21/100\n|cant|p2b: Infernape|flinch\n|move|p2a: Araquanid|Liquidation|p1b: Aerodactyl\n|-supereffective|p1b: Aerodactyl|1\n|-enditem|p1b: Aerodactyl|Focus Sash\n|-damage|p1b: Aerodactyl|1/100\n|\n|upkeep\n|turn|3\n|\n|t:|1776128631\n|move|p2a: Araquanid|Wide Guard|p2a: Araquanid\n|-singleturn|p2a: Araquanid|Wide Guard\n|move|p1b: Aerodactyl|Rock Slide|p2a: Araquanid|[spread] \n|-activate|p2a: Araquanid|move: Wide Guard\n|-activate|p2b: Infernape|move: Wide Guard\n|move|p2b: Infernape|Rock Slide|p1b: Aerodactyl|[spread] p1a,p1b\n|-supereffective|p1a: Incineroar|1\n|-supereffective|p1b: Aerodactyl|1\n|-damage|p1a: Incineroar|83/100\n|-damage|p1b: Aerodactyl|0 fnt\n|faint|p1b: Aerodactyl\n|cant|p1a: Incineroar|flinch\n|\n|upkeep\n|\n|t:|1776128642\n|switch|p1b: Floette|Floette-Eternal, L50, F|100/100\n|turn|4\n|\n|t:|1776128666\n|detailschange|p1b: Floette|Floette-Mega, L50, F\n|-mega|p1b: Floette|Floette|Floettite\n|-ability|p1b: Floette|Fairy Aura\n|move|p2a: Araquanid|Wide Guard|p2a: Araquanid\n|-singleturn|p2a: Araquanid|Wide Guard\n|move|p1b: Floette|Moonblast|p2b: Infernape\n|-damage|p2b: Infernape|0 fnt\n|faint|p2b: Infernape\n|move|p1a: Incineroar|Darkest Lariat|p2a: Araquanid\n|-damage|p2a: Araquanid|0 fnt\n|faint|p2a: Araquanid\n|\n|-sideend|p1: CappyCappy|move: Tailwind\n|upkeep\n|\n|t:|1776128672\n|switch|p2b: Whimsicott|Whimsicott, L50, M|100/100\n|switch|p2a: Gardevoir|Gardevoir, L50, M|100/100\n|turn|5\n|\n|t:|1776128691\n|detailschange|p2a: Gardevoir|Gardevoir-Mega, L50, M\n|-mega|p2a: Gardevoir|Gardevoir|Gardevoirite\n|move|p2b: Whimsicott|Moonblast|p1a: Incineroar\n|-damage|p1a: Incineroar|51/100\n|move|p1b: Floette|Moonblast|p2a: Gardevoir\n|-damage|p2a: Gardevoir|34/100\n|move|p2a: Gardevoir|Hyper Voice|p1a: Incineroar|[spread] p1a,p1b\n|-damage|p1a: Incineroar|0 fnt\n|-damage|p1b: Floette|47/100\n|faint|p1a: Incineroar\n|\n|upkeep\n|turn|6\n|\n|t:|1776128702\n|move|p2b: Whimsicott|Tailwind|p2b: Whimsicott\n|-sidestart|p2: manu0710|move: Tailwind\n|move|p2a: Gardevoir|Hyper Voice|p1b: Floette\n|-damage|p1b: Floette|0 fnt\n|faint|p1b: Floette\n|\n|win|manu0710\n|raw|CappyCappy's rating: 1218 &rarr; <strong>1193</strong><br />(-25 for losing)\n|raw|manu0710's rating: 1213 &rarr; <strong>1238</strong><br />(+25 for winning)\n",
  "uploadtime": 1776128703,
  "views": 17,
  "formatid": "gen9championsvgc2026regma",
  "rating": 1193,
  "private": 0,
  "password": null
}