{
  "id": "gen9championsvgc2026regma-2585862541",
  "format": "[Gen 9 Champions] VGC 2026 Reg M-A",
  "players": [
    "airpodjuniors",
    "clockworkmango"
  ],
  "log": "|j|\u2606airpodjuniors\n|j|\u2606clockworkmango\n|t:|1776376423\n|gametype|doubles\n|player|p1|airpodjuniors|266|1323\n|player|p2|clockworkmango|burglar|1259\n|gen|9\n|tier|[Gen 9 Champions] VGC 2026 Reg M-A\n|rated|\n|rule|Species Clause: Limit one of each Pok\u00e9mon\n|rule|Item Clause: Limit 1 of each item\n|clearpoke\n|poke|p1|Tyranitar, L50, M|\n|poke|p1|Garchomp, L50, M|\n|poke|p1|Primarina, L50, M|\n|poke|p1|Incineroar, L50, F|\n|poke|p1|Gardevoir, L50, F|\n|poke|p1|Sinistcha-Masterpiece, L50|\n|poke|p2|Glimmora, L50, M|\n|poke|p2|Gardevoir, L50, F|\n|poke|p2|Garchomp, L50, F|\n|poke|p2|Tyranitar, L50, F|\n|poke|p2|Gyarados, L50, M|\n|poke|p2|Sinistcha, L50|\n|teampreview|4\n|\n|t:|1776376457\n|teamsize|p1|4\n|teamsize|p2|4\n|start\n|switch|p1a: Incineroar|Incineroar, L50, F|100/100\n|switch|p1b: Garchomp|Garchomp, L50, M|100/100\n|switch|p2a: Gyarados|Gyarados, L50, M|100/100\n|switch|p2b: Garchomp|Garchomp, L50, F|100/100\n|-ability|p2a: Gyarados|Intimidate|boost\n|-unboost|p1a: Incineroar|atk|1\n|-unboost|p1b: Garchomp|atk|1\n|-ability|p1a: Incineroar|Intimidate|boost\n|-unboost|p2a: Gyarados|atk|1\n|-unboost|p2b: Garchomp|atk|1\n|turn|1\n|\n|t:|1776376486\n|move|p2b: Garchomp|Protect|p2b: Garchomp\n|-singleturn|p2b: Garchomp|Protect\n|move|p1b: Garchomp|Dragon Claw|p2a: Gyarados\n|-damage|p2a: Gyarados|77/100\n|move|p2a: Gyarados|Thunder Wave|p1a: Incineroar\n|-status|p1a: Incineroar|par\n|move|p1a: Incineroar|Parting Shot|p2b: Garchomp\n|-activate|p2b: Garchomp|move: Protect\n|\n|upkeep\n|turn|2\n|\n|t:|1776376516\n|switch|p2b: Gardevoir|Gardevoir, L50, F|100/100\n|switch|p1b: Primarina|Primarina, L50, M|100/100\n|move|p2a: Gyarados|Waterfall|p1b: Primarina\n|-resisted|p1b: Primarina|1\n|-damage|p1b: Primarina|88/100\n|move|p1a: Incineroar|Parting Shot|p2b: Gardevoir\n|-unboost|p2b: Gardevoir|atk|1\n|-unboost|p2b: Gardevoir|spa|1\n|\n|t:|1776376528\n|switch|p1a: Sinistcha|Sinistcha-Masterpiece, L50|100/100|[from] Parting Shot\n|-heal|p1b: Primarina|100/100|[from] ability: Hospitality|[of] p1a: Sinistcha\n|\n|upkeep\n|turn|3\n|\n|t:|1776376590\n|move|p2b: Gardevoir|Dazzling Gleam|p1a: Sinistcha|[spread] p1a,p1b\n|-damage|p1a: Sinistcha|81/100\n|-damage|p1b: Primarina|84/100\n|move|p2a: Gyarados|Taunt|p1a: Sinistcha\n|-start|p1a: Sinistcha|move: Taunt\n|move|p1a: Sinistcha|Matcha Gotcha|p2b: Gardevoir|[spread] p2a,p2b\n|-damage|p2a: Gyarados|58/100\n|-heal|p1a: Sinistcha|92/100|[from] drain|[of] p2a: Gyarados\n|-damage|p2b: Gardevoir|74/100\n|-heal|p1a: Sinistcha|100/100|[from] drain|[of] p2b: Gardevoir\n|move|p1b: Primarina|Moonblast|p2a: Gyarados\n|-damage|p2a: Gyarados|16/100\n|\n|upkeep\n|turn|4\n|\n|t:|1776376613\n|move|p2b: Gardevoir|Dazzling Gleam|p1b: Primarina|[spread] p1a,p1b\n|-damage|p1a: Sinistcha|80/100\n|-damage|p1b: Primarina|68/100\n|move|p2a: Gyarados|Thunder Wave|p1b: Primarina\n|-status|p1b: Primarina|par\n|move|p1a: Sinistcha|Shadow Ball|p2b: Gardevoir\n|-supereffective|p2b: Gardevoir|1\n|-damage|p2b: Gardevoir|6/100\n|-unboost|p2b: Gardevoir|spd|1\n|move|p1b: Primarina|Hyper Voice|p2a: Gyarados|[spread] p2a,p2b\n|-resisted|p2a: Gyarados|1\n|-damage|p2a: Gyarados|0 fnt\n|-damage|p2b: Gardevoir|0 fnt\n|faint|p2a: Gyarados\n|faint|p2b: Gardevoir\n|\n|-heal|p1a: Sinistcha|86/100|[from] item: Leftovers\n|upkeep\n|\n|t:|1776376631\n|switch|p2b: Garchomp|Garchomp, L50, F|100/100\n|switch|p2a: Tyranitar|Tyranitar, L50, F|100/100\n|-weather|Sandstorm|[from] ability: Sand Stream|[of] p2a: Tyranitar\n|turn|5\n|inactive|Battle timer is ON: inactive players will automatically lose when time's up. (requested by airpodjuniors)\n|\n|t:|1776376673\n|switch|p1a: Incineroar|Incineroar, L50, F|100/100 par\n|-ability|p1a: Incineroar|Intimidate|boost\n|-unboost|p2a: Tyranitar|atk|1\n|-unboost|p2b: Garchomp|atk|1\n|detailschange|p2a: Tyranitar|Tyranitar-Mega, L50, F\n|-mega|p2a: Tyranitar|Tyranitar|Tyranitarite\n|move|p2b: Garchomp|Protect|p2b: Garchomp\n|-singleturn|p2b: Garchomp|Protect\n|move|p2a: Tyranitar|Dragon Dance|p2a: Tyranitar\n|-boost|p2a: Tyranitar|atk|1\n|-boost|p2a: Tyranitar|spe|1\n|move|p1b: Primarina|Moonblast|p2b: Garchomp\n|-activate|p2b: Garchomp|move: Protect\n|\n|-weather|Sandstorm|[upkeep]\n|-damage|p1a: Incineroar|95/100 par|[from] Sandstorm\n|-damage|p1b: Primarina|63/100 par|[from] Sandstorm\n|upkeep\n|turn|6\n|\n|t:|1776376694\n|move|p1a: Incineroar|Fake Out|p2a: Tyranitar\n|-resisted|p2a: Tyranitar|1\n|-damage|p2a: Tyranitar|97/100\n|cant|p2a: Tyranitar|flinch\n|move|p2b: Garchomp|Stomping Tantrum|p1a: Incineroar\n|-supereffective|p1a: Incineroar|1\n|-damage|p1a: Incineroar|41/100 par\n|-enditem|p1a: Incineroar|Sitrus Berry|[eat]\n|-heal|p1a: Incineroar|66/100 par|[from] item: Sitrus Berry\n|cant|p1b: Primarina|par\n|\n|-weather|Sandstorm|[upkeep]\n|-damage|p1a: Incineroar|60/100 par|[from] Sandstorm\n|-damage|p1b: Primarina|57/100 par|[from] Sandstorm\n|upkeep\n|turn|7\n|\n|t:|1776376716\n|switch|p1a: Sinistcha|Sinistcha-Masterpiece, L50|86/100\n|-heal|p1b: Primarina|81/100 par|[from] ability: Hospitality|[of] p1a: Sinistcha\n|move|p2a: Tyranitar|Rock Slide|p1b: Primarina|[spread] p1a,p1b\n|-damage|p1a: Sinistcha|57/100\n|-damage|p1b: Primarina|38/100 par\n|move|p2b: Garchomp|Stomping Tantrum|p1b: Primarina\n|-damage|p1b: Primarina|7/100 par\n|move|p1b: Primarina|Hyper Voice|p2a: Tyranitar|[spread] p2a\n|-miss|p1b: Primarina|p2b: Garchomp\n|-supereffective|p2a: Tyranitar|1\n|-damage|p2a: Tyranitar|42/100\n|\n|-weather|Sandstorm|[upkeep]\n|-damage|p1a: Sinistcha|51/100|[from] Sandstorm\n|-damage|p1b: Primarina|2/100 par|[from] Sandstorm\n|-heal|p1a: Sinistcha|57/100|[from] item: Leftovers\n|upkeep\n|turn|8\n|inactive|clockworkmango has 30 seconds left.\n|inactive|clockworkmango has 20 seconds left.\n|\n|t:|1776376754\n|switch|p1a: Incineroar|Incineroar, L50, F|60/100 par\n|-ability|p1a: Incineroar|Intimidate|boost\n|-unboost|p2a: Tyranitar|atk|1\n|-unboost|p2b: Garchomp|atk|1\n|move|p2a: Tyranitar|Crunch|p1a: Incineroar\n|-resisted|p1a: Incineroar|1\n|-crit|p1a: Incineroar\n|-damage|p1a: Incineroar|25/100 par\n|move|p2b: Garchomp|Stomping Tantrum|p1b: Primarina\n|-damage|p1b: Primarina|0 fnt\n|faint|p1b: Primarina\n|\n|-weather|Sandstorm|[upkeep]\n|-damage|p1a: Incineroar|19/100 par|[from] Sandstorm\n|upkeep\n|\n|t:|1776376769\n|switch|p1b: Garchomp|Garchomp, L50, M|100/100\n|turn|9\n|\n|t:|1776376781\n|move|p2a: Tyranitar|Protect|p2a: Tyranitar\n|-singleturn|p2a: Tyranitar|Protect\n|move|p2b: Garchomp|Protect|p2b: Garchomp\n|-singleturn|p2b: Garchomp|Protect\n|move|p1a: Incineroar|Fake Out|p2b: Garchomp\n|-activate|p2b: Garchomp|move: Protect\n|move|p1b: Garchomp|Stomping Tantrum|p2a: Tyranitar\n|-activate|p2a: Tyranitar|move: Protect\n|\n|-weather|none\n|upkeep\n|turn|10\n|\n|t:|1776376802\n|move|p2a: Tyranitar|Rock Slide|p1a: Incineroar|[spread] p1a,p1b\n|-supereffective|p1a: Incineroar|1\n|-resisted|p1b: Garchomp|1\n|-damage|p1a: Incineroar|0 fnt\n|-damage|p1b: Garchomp|89/100\n|faint|p1a: Incineroar\n|cant|p1b: Garchomp|flinch\n|move|p2b: Garchomp|Dragon Claw|p1b: Garchomp\n|-supereffective|p1b: Garchomp|1\n|-damage|p1b: Garchomp|47/100\n|\n|upkeep\n|\n|t:|1776376812\n|switch|p1a: Sinistcha|Sinistcha-Masterpiece, L50|57/100\n|-heal|p1b: Garchomp|72/100|[from] ability: Hospitality|[of] p1a: Sinistcha\n|turn|11\n|c|\u2606airpodjuniors|rng might get u this lol\n|inactive|clockworkmango has 30 seconds left.\n|inactive|clockworkmango has 20 seconds left.\n|inactive|clockworkmango has 15 seconds left.\n|inactive|clockworkmango has 10 seconds left.\n|\n|t:|1776376860\n|move|p2a: Tyranitar|Protect|p2a: Tyranitar\n|-singleturn|p2a: Tyranitar|Protect\n|move|p1b: Garchomp|Protect|p1b: Garchomp\n|-singleturn|p1b: Garchomp|Protect\n|move|p2b: Garchomp|Dragon Claw|p1b: Garchomp\n|-activate|p1b: Garchomp|move: Protect\n|move|p1a: Sinistcha|Matcha Gotcha|p2b: Garchomp|[spread] p2b\n|-activate|p2a: Tyranitar|move: Protect\n|-damage|p2b: Garchomp|73/100\n|-heal|p1a: Sinistcha|72/100|[from] drain|[of] p2b: Garchomp\n|\n|-heal|p1a: Sinistcha|78/100|[from] item: Leftovers\n|upkeep\n|turn|12\n|inactive|airpodjuniors has 30 seconds left.\n|\n|t:|1776376892\n|move|p2a: Tyranitar|Rock Slide|p1b: Garchomp|[spread] p1a\n|-miss|p2a: Tyranitar|p1b: Garchomp\n|-damage|p1a: Sinistcha|59/100\n|move|p2b: Garchomp|Dragon Claw|p1b: Garchomp\n|-supereffective|p1b: Garchomp|1\n|-damage|p1b: Garchomp|25/100\n|move|p1b: Garchomp|Stomping Tantrum|p2a: Tyranitar\n|-supereffective|p2a: Tyranitar|1\n|-damage|p2a: Tyranitar|0 fnt\n|faint|p2a: Tyranitar\n|move|p1a: Sinistcha|Matcha Gotcha|p2b: Garchomp\n|-damage|p2b: Garchomp|39/100\n|-heal|p1a: Sinistcha|77/100|[from] drain|[of] p2b: Garchomp\n|\n|-heal|p1a: Sinistcha|84/100|[from] item: Leftovers\n|upkeep\n|turn|13\n|c|\u2606clockworkmango|Honestly it's been crazy lol\n|c|\u2606clockworkmango|But you got it\n|\n|t:|1776376913\n|move|p1a: Sinistcha|Rage Powder|p1a: Sinistcha\n|-singleturn|p1a: Sinistcha|move: Rage Powder\n|move|p2b: Garchomp|Earthquake|p1b: Garchomp|[spread] p1a,p1b\n|-resisted|p1a: Sinistcha|1\n|-damage|p1a: Sinistcha|76/100\n|-damage|p1b: Garchomp|6/100\n|move|p1b: Garchomp|Dragon Claw|p2b: Garchomp\n|-supereffective|p2b: Garchomp|1\n|-damage|p2b: Garchomp|0 fnt\n|faint|p2b: Garchomp\n|\n|win|airpodjuniors\n|raw|airpodjuniors's rating: 1323 &rarr; <strong>1339</strong><br />(+16 for winning)\n|raw|clockworkmango's rating: 1259 &rarr; <strong>1239</strong><br />(-20 for losing)\n|c|\u2606airpodjuniors|gg\n|c|\u2606clockworkmango|Gg\n",
  "uploadtime": 1776376924,
  "views": 41,
  "formatid": "gen9championsvgc2026regma",
  "rating": 1239,
  "private": 0,
  "password": null
}