{
  "id": "gen9championsvgc2026regma-2583063497",
  "format": "[Gen 9 Champions] VGC 2026 Reg M-A",
  "players": [
    "torwildheart",
    "Ombix"
  ],
  "log": "|j|\u2606torwildheart\n|j|\u2606Ombix\n|t:|1776138014\n|gametype|doubles\n|player|p1|torwildheart|teamrocket|1074\n|player|p2|Ombix|pokemonbreeder-gen4|1062\n|gen|9\n|tier|[Gen 9 Champions] VGC 2026 Reg M-A\n|rated|\n|rule|Species Clause: Limit one of each Pok\u00e9mon\n|rule|Item Clause: Limit 1 of each item\n|clearpoke\n|poke|p1|Tyranitar, L50, F|\n|poke|p1|Sinistcha, L50|\n|poke|p1|Primarina, L50, F|\n|poke|p1|Arcanine, L50, M|\n|poke|p1|Crabominable, L50, M|\n|poke|p1|Sneasler, L50, M|\n|poke|p2|Incineroar, L50, M|\n|poke|p2|Kommo-o, L50, M|\n|poke|p2|Politoed, L50, F|\n|poke|p2|Archaludon, L50, M|\n|poke|p2|Starmie, L50|\n|poke|p2|Chimecho, L50, F|\n|teampreview|4\ntorwildheart has agreed to open team sheets.\n|inactive|Battle timer is ON: inactive players will automatically lose when time's up. (requested by torwildheart)\n|\n|t:|1776138055\n|teamsize|p1|4\n|teamsize|p2|4\n|start\n|switch|p1a: Drink Up|Sinistcha, L50|100/100\n|switch|p1b: Ice Tyson|Crabominable, L50, M|100/100\n|switch|p2a: Starmie|Starmie, L50|100/100\n|switch|p2b: Archaludon|Archaludon, L50, M|100/100\n|turn|1\n|inactive|Ombix has 30 seconds left.\n|\n|t:|1776138081\n|detailschange|p2a: Starmie|Starmie-Mega, L50\n|-mega|p2a: Starmie|Starmie|Starminite\n|move|p1b: Ice Tyson|Protect|p1b: Ice Tyson\n|-singleturn|p1b: Ice Tyson|Protect\n|move|p2b: Archaludon|Draco Meteor|p1a: Drink Up\n|-damage|p1a: Drink Up|36/100\n|-unboost|p2b: Archaludon|spa|2\n|-enditem|p1a: Drink Up|Sitrus Berry|[eat]\n|-heal|p1a: Drink Up|61/100|[from] item: Sitrus Berry\n|move|p2a: Starmie|Psycho Cut|p1a: Drink Up\n|-crit|p1a: Drink Up\n|-damage|p1a: Drink Up|0 fnt\n|faint|p1a: Drink Up\n|\n|upkeep\n|\n|t:|1776138096\n|switch|p1a: Siren|Primarina, L50, F|100/100\n|turn|2\n|\n|t:|1776138102\n|switch|p2b: Politoed|Politoed, L50, F|100/100\n|-weather|RainDance|[from] ability: Drizzle|[of] p2b: Politoed\n|switch|p1b: Gojira|Tyranitar, L50, F|100/100\n|-weather|Sandstorm|[from] ability: Sand Stream|[of] p1b: Gojira\n|move|p2a: Starmie|Psycho Cut|p1b: Gojira\n|-immune|p1b: Gojira\n|move|p1a: Siren|Moonblast|p2a: Starmie\n|-damage|p2a: Starmie|45/100\n|\n|-weather|Sandstorm|[upkeep]\n|-damage|p2a: Starmie|39/100|[from] Sandstorm\n|-damage|p1a: Siren|94/100|[from] Sandstorm\n|-damage|p2b: Politoed|94/100|[from] Sandstorm\n|upkeep\n|turn|3\n|\n|t:|1776138112\n|switch|p2b: Archaludon|Archaludon, L50, M|100/100\n|move|p1b: Gojira|Protect|p1b: Gojira\n|-singleturn|p1b: Gojira|Protect\n|move|p2a: Starmie|Liquidation|p1b: Gojira\n|-activate|p1b: Gojira|move: Protect\n|move|p1a: Siren|Moonblast|p2a: Starmie\n|-damage|p2a: Starmie|0 fnt\n|faint|p2a: Starmie\n|\n|-weather|Sandstorm|[upkeep]\n|-damage|p1a: Siren|88/100|[from] Sandstorm\n|upkeep\n|\n|t:|1776138114\n|switch|p2a: Politoed|Politoed, L50, F|94/100\n|-weather|RainDance|[from] ability: Drizzle|[of] p2a: Politoed\n|turn|4\n|\n|t:|1776138123\n|detailschange|p1b: Gojira|Tyranitar-Mega, L50, F\n|-mega|p1b: Gojira|Tyranitar|Tyranitarite\n|-weather|Sandstorm|[from] ability: Sand Stream|[of] p1b: Gojira\n|move|p2a: Politoed|Protect|p2a: Politoed\n|-singleturn|p2a: Politoed|Protect\n|move|p2b: Archaludon|Electro Shot||[still]\n|-prepare|p2b: Archaludon|Electro Shot\n|-boost|p2b: Archaludon|spa|1\n|move|p1a: Siren|Moonblast|p2b: Archaludon\n|-damage|p2b: Archaludon|30/100\n|-ability|p2b: Archaludon|Stamina|boost\n|-boost|p2b: Archaludon|def|1\n|move|p1b: Gojira|High Horsepower|p2b: Archaludon\n|-supereffective|p2b: Archaludon|1\n|-damage|p2b: Archaludon|0 fnt\n|faint|p2b: Archaludon\n|\n|-weather|Sandstorm|[upkeep]\n|-damage|p1a: Siren|82/100|[from] Sandstorm\n|-damage|p2a: Politoed|88/100|[from] Sandstorm\n|upkeep\n|\n|t:|1776138131\n|switch|p2b: Kommo-o|Kommo-o, L50, M|100/100\n|turn|5\n|\n|t:|1776138136\n|move|p1b: Gojira|Protect|p1b: Gojira\n|-singleturn|p1b: Gojira|Protect\n|move|p1a: Siren|Moonblast|p2b: Kommo-o\n|-supereffective|p2b: Kommo-o|2\n|-damage|p2b: Kommo-o|0 fnt\n|faint|p2b: Kommo-o\n|move|p2a: Politoed|Perish Song|p2a: Politoed\n|-start|p1a: Siren|perish3|[silent]\n|-start|p1b: Gojira|perish3|[silent]\n|-start|p2a: Politoed|perish3|[silent]\n|-fieldactivate|move: Perish Song\n|\n|-weather|Sandstorm|[upkeep]\n|-damage|p1a: Siren|76/100|[from] Sandstorm\n|-damage|p2a: Politoed|82/100|[from] Sandstorm\n|-start|p1a: Siren|perish3\n|-start|p1b: Gojira|perish3\n|-start|p2a: Politoed|perish3\n|upkeep\n|turn|6\n|-message|Ombix forfeited.\n|\n|win|torwildheart\n|raw|torwildheart's rating: 1074 &rarr; <strong>1102</strong><br />(+28 for winning)\n|raw|Ombix's rating: 1062 &rarr; <strong>1043</strong><br />(-19 for losing)\n",
  "uploadtime": 1776138148,
  "views": 29,
  "formatid": "gen9championsvgc2026regma",
  "rating": 1043,
  "private": 0,
  "password": null
}