{
  "id": "gen9championsvgc2026regma-2586130853",
  "format": "[Gen 9 Champions] VGC 2026 Reg M-A",
  "players": [
    "ult. big chill",
    "FaTT87"
  ],
  "log": "|j|\u2606ult. big chill\n|j|\u2606FaTT87\n|t:|1776402785\n|gametype|doubles\n|player|p1|ult. big chill|burgh|1246\n|player|p2|FaTT87|brock|1344\n|gen|9\n|tier|[Gen 9 Champions] VGC 2026 Reg M-A\n|rated|\n|rule|Species Clause: Limit one of each Pok\u00e9mon\n|rule|Item Clause: Limit 1 of each item\n|clearpoke\n|poke|p1|Camerupt, L50, F|\n|poke|p1|Farigiraf, L50, F|\n|poke|p1|Primarina, L50, F|\n|poke|p1|Incineroar, L50, M|\n|poke|p1|Drampa, L50, M|\n|poke|p1|Runerigus, L50, M|\n|poke|p2|Snorlax, L50, M|\n|poke|p2|Sinistcha, L50|\n|poke|p2|Incineroar, L50, M|\n|poke|p2|Clefable, L50, F|\n|poke|p2|Sneasler, L50, M|\n|poke|p2|Mimikyu, L50, M|\n|teampreview|4\n|\n|t:|1776402840\n|teamsize|p1|4\n|teamsize|p2|4\n|start\n|switch|p1a: SandyEggo|Farigiraf, L50, F, shiny|100/100\n|switch|p1b: Pivot Man|Incineroar, L50, M|100/100\n|switch|p2a: Snorlax|Snorlax, L50, M|100/100\n|switch|p2b: Clefable|Clefable, L50, F|100/100\n|-ability|p1b: Pivot Man|Intimidate|boost\n|-unboost|p2a: Snorlax|atk|1\n|-unboost|p2b: Clefable|atk|1\n|turn|1\n|\n|t:|1776402855\n|detailschange|p2b: Clefable|Clefable-Mega, L50, F\n|-mega|p2b: Clefable|Clefable|Clefablite\n|move|p2b: Clefable|Calm Mind|p2b: Clefable\n|-boost|p2b: Clefable|spa|1\n|-boost|p2b: Clefable|spd|1\n|move|p1b: Pivot Man|Parting Shot|p2a: Snorlax\n|-unboost|p2a: Snorlax|atk|1\n|-unboost|p2a: Snorlax|spa|1\n|\n|t:|1776402860\n|switch|p1b: Molpe|Primarina, L50, F|100/100|[from] Parting Shot\n|move|p2a: Snorlax|Belly Drum|p2a: Snorlax\n|-damage|p2a: Snorlax|50/100\n|-setboost|p2a: Snorlax|atk|6|[from] move: Belly Drum\n|-enditem|p2a: Snorlax|Sitrus Berry|[eat]\n|-heal|p2a: Snorlax|75/100|[from] item: Sitrus Berry\n|move|p1a: SandyEggo|Trick Room|p1a: SandyEggo\n|-fieldstart|move: Trick Room|[of] p1a: SandyEggo\n|\n|upkeep\n|turn|2\n|\n|t:|1776402883\n|move|p2a: Snorlax|Double-Edge|p1a: SandyEggo\n|-damage|p1a: SandyEggo|0 fnt\n|faint|p1a: SandyEggo\n|-damage|p2a: Snorlax|46/100|[from] Recoil\n|move|p1b: Molpe|Haze|p1b: Molpe\n|-clearallboost\n|move|p2b: Clefable|Moonblast|p1b: Molpe\n|-damage|p1b: Molpe|53/100\n|\n|upkeep\n|\n|t:|1776402889\n|switch|p1a: Moose|Camerupt, L50, F, shiny|100/100\n|turn|3\n|\n|t:|1776402909\n|switch|p2b: Sinistcha|Sinistcha, L50|100/100\n|-heal|p2a: Snorlax|71/100|[from] ability: Hospitality|[of] p2b: Sinistcha\n|detailschange|p1a: Moose|Camerupt-Mega, L50, F, shiny\n|-mega|p1a: Moose|Camerupt|Cameruptite\n|move|p1a: Moose|Eruption|p2b: Sinistcha|[spread] p2a,p2b\n|-supereffective|p2b: Sinistcha|1\n|-damage|p2a: Snorlax|50/100\n|-damage|p2b: Sinistcha|0 fnt\n|faint|p2b: Sinistcha\n|move|p2a: Snorlax|High Horsepower|p1a: Moose\n|-supereffective|p1a: Moose|1\n|-damage|p1a: Moose|42/100\n|move|p1b: Molpe|Moonblast|p2a: Snorlax\n|-damage|p2a: Snorlax|15/100\n|\n|upkeep\n|\n|t:|1776402927\n|switch|p2b: Mimikyu|Mimikyu, L50, M|100/100\n|turn|4\n|\n|t:|1776402936\n|switch|p1a: Pivot Man|Incineroar, L50, M|100/100\n|-ability|p1a: Pivot Man|Intimidate|boost\n|-unboost|p2a: Snorlax|atk|1\n|-unboost|p2b: Mimikyu|atk|1\n|move|p2a: Snorlax|High Horsepower|p1a: Pivot Man\n|-supereffective|p1a: Pivot Man|1\n|-damage|p1a: Pivot Man|62/100\n|move|p1b: Molpe|Dazzling Gleam|p2a: Snorlax|[spread] p2a,p2b\n|-damage|p2a: Snorlax|0 fnt\n|-activate|p2b: Mimikyu|ability: Disguise\n|-damage|p2b: Mimikyu|100/100\n|detailschange|p2b: Mimikyu|Mimikyu-Busted, L50, M\n|-damage|p2b: Mimikyu|88/100|[from] pokemon: Mimikyu-Busted\n|faint|p2a: Snorlax\n|move|p2b: Mimikyu|Trick Room|p2b: Mimikyu\n|-fieldend|move: Trick Room\n|\n|upkeep\n|\n|t:|1776402947\n|switch|p2a: Clefable|Clefable-Mega, L50, F|100/100\n|turn|5\n|\n|t:|1776402972\n|move|p2a: Clefable|Protect|p2a: Clefable\n|-singleturn|p2a: Clefable|Protect\n|move|p2b: Mimikyu|Play Rough|p1b: Molpe\n|-damage|p1b: Molpe|22/100\n|move|p1b: Molpe|Moonblast|p2a: Clefable\n|-activate|p2a: Clefable|move: Protect\n|move|p1a: Pivot Man|Flare Blitz|p2a: Clefable\n|-activate|p2a: Clefable|move: Protect\n|\n|upkeep\n|turn|6\n|\n|t:|1776402990\n|move|p2b: Mimikyu|Play Rough|p1a: Pivot Man\n|-damage|p1a: Pivot Man|40/100\n|move|p2a: Clefable|Moonblast|p1b: Molpe\n|-damage|p1b: Molpe|0 fnt\n|faint|p1b: Molpe\n|move|p1a: Pivot Man|Parting Shot|p2b: Mimikyu\n|-unboost|p2b: Mimikyu|atk|1\n|-unboost|p2b: Mimikyu|spa|1\n|\n|t:|1776402993\n|switch|p1a: Moose|Camerupt-Mega, L50, F, shiny|42/100|[from] Parting Shot\n|\n|upkeep\n|\n|t:|1776402995\n|switch|p1b: Pivot Man|Incineroar, L50, M|40/100\n|-ability|p1b: Pivot Man|Intimidate|boost\n|-unboost|p2a: Clefable|atk|1\n|-unboost|p2b: Mimikyu|atk|1\n|turn|7\n|\n|t:|1776403018\n|move|p1b: Pivot Man|Fake Out|p2a: Clefable\n|-damage|p2a: Clefable|90/100\n|move|p2b: Mimikyu|Shadow Claw|p1a: Moose\n|-damage|p1a: Moose|30/100\n|cant|p2a: Clefable|flinch\n|move|p1a: Moose|Earth Power|p2b: Mimikyu\n|-damage|p2b: Mimikyu|20/100\n|\n|upkeep\n|turn|8\n|\n|t:|1776403036\n|move|p2b: Mimikyu|Shadow Claw|p1a: Moose\n|-damage|p1a: Moose|16/100\n|move|p2a: Clefable|Calm Mind|p2a: Clefable\n|-boost|p2a: Clefable|spa|1\n|-boost|p2a: Clefable|spd|1\n|move|p1b: Pivot Man|Flare Blitz|p2a: Clefable\n|-damage|p2a: Clefable|41/100\n|-damage|p1b: Pivot Man|23/100|[from] Recoil\n|move|p1a: Moose|Heat Wave|p2b: Mimikyu|[spread] p2a,p2b\n|-damage|p2a: Clefable|8/100\n|-damage|p2b: Mimikyu|0 fnt\n|faint|p2b: Mimikyu\n|\n|upkeep\n|turn|9\n|\n|t:|1776403047\n|move|p2a: Clefable|Moonblast|p1b: Pivot Man\n|-damage|p1b: Pivot Man|0 fnt\n|faint|p1b: Pivot Man\n|move|p1a: Moose|Heat Wave|p2a: Clefable\n|-damage|p2a: Clefable|0 fnt\n|faint|p2a: Clefable\n|\n|win|ult. big chill\n|raw|ult. big chill's rating: 1246 &rarr; <strong>1278</strong><br />(+32 for winning)\n|raw|FaTT87's rating: 1344 &rarr; <strong>1319</strong><br />(-25 for losing)\n|c|\u2606ult. big chill|gg\n|l|\u2606FaTT87\n|player|p2|\n",
  "uploadtime": 1776403064,
  "views": 36,
  "formatid": "gen9championsvgc2026regma",
  "rating": 1278,
  "private": 0,
  "password": null
}