{
  "id": "gen9championsvgc2026regma-2587863522",
  "format": "[Gen 9 Champions] VGC 2026 Reg M-A",
  "players": [
    "GUILHERMEYT7",
    "TheGamingMammoth"
  ],
  "log": "|j|\u2606GUILHERMEYT7\n|j|\u2606TheGamingMammoth\n|t:|1776571977\n|gametype|doubles\n|player|p1|GUILHERMEYT7|169|1090\n|player|p2|TheGamingMammoth|1|1020\n|gen|9\n|tier|[Gen 9 Champions] VGC 2026 Reg M-A\n|rated|\n|rule|Species Clause: Limit one of each Pok\u00e9mon\n|rule|Item Clause: Limit 1 of each item\n|clearpoke\n|poke|p1|Basculegion, L50, M, shiny|\n|poke|p1|Pelipper, L50, F|\n|poke|p1|Charizard, L50, F, shiny|\n|poke|p1|Incineroar, L50, F|\n|poke|p1|Sableye, L50, M, shiny|\n|poke|p1|Primarina, L50, M|\n|poke|p2|Politoed, L50, F|\n|poke|p2|Abomasnow, L50, M|\n|poke|p2|Basculegion, L50, M|\n|poke|p2|Archaludon, L50, F|\n|poke|p2|Aerodactyl, L50, F|\n|poke|p2|Venusaur, L50, F|\n|teampreview|4\n|\n|t:|1776572013\n|teamsize|p1|4\n|teamsize|p2|4\n|start\n|switch|p1a: Sableye|Sableye, L50, M, shiny|100/100\n|switch|p1b: Charizard|Charizard, L50, F, shiny|100/100\n|switch|p2a: Archaludon|Archaludon, L50, F|100/100\n|switch|p2b: Aerodactyl|Aerodactyl, L50, F|100/100\n|-ability|p2b: Aerodactyl|Unnerve\n|turn|1\n|\n|t:|1776572044\n|detailschange|p1b: Charizard|Charizard-Mega-Y, L50, F, shiny\n|-mega|p1b: Charizard|Charizard|Charizardite Y\n|-weather|SunnyDay|[from] ability: Drought|[of] p1b: Charizard\n|move|p1a: Sableye|Fake Out|p2b: Aerodactyl\n|-resisted|p2b: Aerodactyl|1\n|-damage|p2b: Aerodactyl|95/100\n|cant|p2b: Aerodactyl|flinch\n|move|p1b: Charizard|Weather Ball|p2a: Archaludon\n|-damage|p2a: Archaludon|0 fnt\n|faint|p2a: Archaludon\n|\n|-weather|SunnyDay|[upkeep]\n|upkeep\n|\n|t:|1776572058\n|switch|p2a: Venusaur|Venusaur, L50, F|100/100\n|turn|2\n|\n|t:|1776572079\n|switch|p1b: Incineroar|Incineroar, L50, F|100/100\n|-ability|p1b: Incineroar|Intimidate|boost\n|-unboost|p2a: Venusaur|atk|1\n|-unboost|p2b: Aerodactyl|atk|1\n|move|p2b: Aerodactyl|Rock Slide|p1b: Incineroar|[spread] p1a,p1b\n|-supereffective|p1b: Incineroar|1\n|-damage|p1a: Sableye|85/100\n|-damage|p1b: Incineroar|65/100\n|move|p2a: Venusaur|Sleep Powder|p1b: Incineroar\n|-status|p1b: Incineroar|slp|[from] move: Sleep Powder\n|move|p1a: Sableye|Foul Play|p2b: Aerodactyl\n|-damage|p2b: Aerodactyl|51/100\n|\n|-weather|SunnyDay|[upkeep]\n|upkeep\n|turn|3\n|\n|t:|1776572141\n|move|p2a: Venusaur|Sleep Powder|p1a: Sableye\n|-status|p1a: Sableye|slp|[from] move: Sleep Powder\n|move|p2b: Aerodactyl|Tailwind|p2b: Aerodactyl\n|-sidestart|p2: TheGamingMammoth|move: Tailwind\n|cant|p1b: Incineroar|slp\n|cant|p1a: Sableye|slp\n|\n|-weather|SunnyDay|[upkeep]\n|upkeep\n|turn|4\n|\n|t:|1776572162\n|cant|p1a: Sableye|slp\n|move|p2a: Venusaur|Sludge Bomb|p1b: Incineroar\n|-damage|p1b: Incineroar|25/100 slp\n|move|p2b: Aerodactyl|Rock Slide|p1a: Sableye|[spread] p1a,p1b\n|-supereffective|p1b: Incineroar|1\n|-damage|p1a: Sableye|69/100 slp\n|-damage|p1b: Incineroar|0 fnt\n|faint|p1b: Incineroar\n|\n|-weather|SunnyDay|[upkeep]\n|upkeep\n|\n|t:|1776572173\n|switch|p1b: Charizard|Charizard-Mega-Y, L50, F, shiny|100/100\n|turn|5\n|\n|t:|1776572199\n|-curestatus|p1a: Sableye|slp|[msg]\n|move|p1a: Sableye|Encore|p2a: Venusaur\n|-start|p2a: Venusaur|Encore\n|move|p2a: Venusaur|Sludge Bomb|p1a: Sableye\n|-resisted|p1a: Sableye|1\n|-damage|p1a: Sableye|39/100\n|move|p2b: Aerodactyl|Rock Slide|p1b: Charizard|[spread] p1a\n|-miss|p2b: Aerodactyl|p1b: Charizard\n|-damage|p1a: Sableye|24/100\n|move|p1b: Charizard|Heat Wave|p2a: Venusaur|[spread] p2a,p2b\n|-supereffective|p2a: Venusaur|1\n|-resisted|p2b: Aerodactyl|1\n|-damage|p2a: Venusaur|0 fnt\n|-damage|p2b: Aerodactyl|1/100\n|faint|p2a: Venusaur\n|\n|-weather|none\n|upkeep\n|c|\u2606TheGamingMammoth|encore targeting is random????\n|\n|t:|1776572219\n|switch|p2a: Basculegion|Basculegion, L50, M|100/100\n|turn|6\n|\n|t:|1776572289\n|switch|p1b: Pelipper|Pelipper, L50, F|100/100\n|-weather|RainDance|[from] ability: Drizzle|[of] p1b: Pelipper\n|move|p2a: Basculegion|Last Respects|p1a: Sableye\n|-damage|p1a: Sableye|0 fnt\n|faint|p1a: Sableye\n|move|p2b: Aerodactyl|Rock Slide|p1b: Pelipper\n|-supereffective|p1b: Pelipper|1\n|-damage|p1b: Pelipper|59/100\n|\n|-weather|RainDance|[upkeep]\n|-sideend|p2: TheGamingMammoth|move: Tailwind\n|upkeep\n|\n|t:|1776572301\n|switch|p1a: Charizard|Charizard-Mega-Y, L50, F, shiny|100/100\n|-weather|SunnyDay|[from] ability: Drought|[of] p1a: Charizard\n|turn|7\n|\n|t:|1776572324\n|move|p2b: Aerodactyl|Protect|p2b: Aerodactyl\n|-singleturn|p2b: Aerodactyl|Protect\n|move|p1b: Pelipper|Wide Guard|p1b: Pelipper\n|-singleturn|p1b: Pelipper|Wide Guard\n|move|p1a: Charizard|Solar Beam||[still]\n|-prepare|p1a: Charizard|Solar Beam\n|-anim|p1a: Charizard|Solar Beam|p2a: Basculegion\n|-supereffective|p2a: Basculegion|1\n|-damage|p2a: Basculegion|0 fnt\n|faint|p2a: Basculegion\n|\n|-weather|SunnyDay|[upkeep]\n|upkeep\n|turn|8\n|\n|t:|1776572350\n|move|p1b: Pelipper|Wide Guard|p1b: Pelipper\n|-singleturn|p1b: Pelipper|Wide Guard\n|move|p2b: Aerodactyl|Dual Wingbeat|p1a: Charizard\n|-damage|p1a: Charizard|82/100\n|-damage|p1a: Charizard|64/100\n|-hitcount|p1a: Charizard|2\n|move|p1a: Charizard|Weather Ball|p2b: Aerodactyl\n|-resisted|p2b: Aerodactyl|1\n|-damage|p2b: Aerodactyl|0 fnt\n|faint|p2b: Aerodactyl\n|\n|win|GUILHERMEYT7\n|raw|GUILHERMEYT7's rating: 1090 &rarr; <strong>1111</strong><br />(+21 for winning)\n|raw|TheGamingMammoth's rating: 1020 &rarr; <strong>1010</strong><br />(-10 for losing)\n",
  "uploadtime": 1776572350,
  "views": 10,
  "formatid": "gen9championsvgc2026regma",
  "rating": 1010,
  "private": 0,
  "password": null
}