{
  "id": "gen9championsvgc2026regma-2582998652",
  "format": "[Gen 9 Champions] VGC 2026 Reg M-A",
  "players": [
    "sora the panda",
    "Ginesect"
  ],
  "log": "|j|\u2606sora the panda\n|j|\u2606Ginesect\n|t:|1776132030\n|gametype|doubles\n|player|p1|sora the panda|2|1088\n|player|p2|Ginesect|gambler|1000\n|gen|9\n|tier|[Gen 9 Champions] VGC 2026 Reg M-A\n|rated|\n|rule|Species Clause: Limit one of each Pok\u00e9mon\n|rule|Item Clause: Limit 1 of each item\n|clearpoke\n|poke|p1|Glimmora, L50, M|\n|poke|p1|Mamoswine, L50, M|\n|poke|p1|Orthworm, L50, F|\n|poke|p1|Rotom-Wash, L50|\n|poke|p1|Clefable, L50, F|\n|poke|p1|Aegislash, L50, F|\n|poke|p2|Delphox, L50, M|\n|poke|p2|Sneasler, L50, M|\n|poke|p2|Basculegion, L50, M|\n|poke|p2|Garchomp, L50, M|\n|poke|p2|Kingambit, L50, M|\n|poke|p2|Whimsicott, L50, M|\n|teampreview|4\n|inactive|Battle timer is ON: inactive players will automatically lose when time's up. (requested by sora the panda)\n|inactive|sora the panda has 60 seconds left.\n|inactive|Ginesect has 60 seconds left.\nGinesect has agreed to open team sheets.\n|inactive|sora the panda has 30 seconds left.\n|\n|t:|1776132101\n|teamsize|p1|4\n|teamsize|p2|4\n|start\n|switch|p1a: Rotom|Rotom-Wash, L50|100/100\n|switch|p1b: Mamoswine|Mamoswine, L50, M|100/100\n|switch|p2a: Garchomp|Garchomp, L50, M|100/100\n|switch|p2b: Sneasler|Sneasler, L50, M|100/100\n|turn|1\n|l|\u2606Ginesect\n|inactive|Ginesect disconnected and has a minute to reconnect!\n|player|p2|\n|j|\u2606Ginesect\n|inactive|Ginesect reconnected and has 45 seconds left.\n|player|p2|Ginesect|gambler|\n|inactive|sora the panda has 30 seconds left.\n|inactive|Ginesect has 30 seconds left.\n|\n|t:|1776132134\n|move|p2a: Garchomp|Protect|p2a: Garchomp\n|-singleturn|p2a: Garchomp|Protect\n|move|p2b: Sneasler|Fake Out|p1b: Mamoswine\n|-damage|p1b: Mamoswine|84/100\n|cant|p1b: Mamoswine|flinch\n|move|p1a: Rotom|Volt Switch|p2b: Sneasler\n|-damage|p2b: Sneasler|55/100\n|inactive|sora the panda has 30 seconds left.\n|\n|t:|1776132160\n|switch|p1a: Glimmora|Glimmora, L50, M|100/100|[from] Volt Switch\n|\n|upkeep\n|turn|2\n|\n|t:|1776132168\n|detailschange|p1a: Glimmora|Glimmora-Mega, L50, M\n|-mega|p1a: Glimmora|Glimmora|Glimmoranite\n|move|p1a: Glimmora|Spiky Shield|p1a: Glimmora\n|-singleturn|p1a: Glimmora|move: Protect\n|move|p2b: Sneasler|Close Combat|p1b: Mamoswine\n|-supereffective|p1b: Mamoswine|1\n|-damage|p1b: Mamoswine|0 fnt\n|-unboost|p2b: Sneasler|def|1\n|-unboost|p2b: Sneasler|spd|1\n|faint|p1b: Mamoswine\n|-enditem|p2b: Sneasler|White Herb\n|-clearnegativeboost|p2b: Sneasler|[silent]\n|move|p2a: Garchomp|Stomping Tantrum|p1a: Glimmora\n|-activate|p1a: Glimmora|move: Protect\n|-damage|p2a: Garchomp|88/100|[from] Spiky Shield|[of] p1a: Glimmora\n|\n|upkeep\n|\n|t:|1776132189\n|switch|p1b: Orthworm|Orthworm, L50, F|100/100\n|turn|3\n|inactive|sora the panda has 30 seconds left.\n|\n|t:|1776132215\n|move|p2b: Sneasler|Protect|p2b: Sneasler\n|-singleturn|p2b: Sneasler|Protect\n|move|p2a: Garchomp|Protect|p2a: Garchomp\n|-singleturn|p2a: Garchomp|Protect\n|move|p1a: Glimmora|Sludge Wave|p2a: Garchomp|[spread] \n|-activate|p2a: Garchomp|move: Protect\n|-activate|p2b: Sneasler|move: Protect\n|-immune|p1b: Orthworm\n|move|p1b: Orthworm|Heavy Slam|p2b: Sneasler\n|-activate|p2b: Sneasler|move: Protect\n|\n|upkeep\n|turn|4\n|\n|t:|1776132233\n|move|p2b: Sneasler|Close Combat|p1b: Orthworm\n|-supereffective|p1b: Orthworm|1\n|-damage|p1b: Orthworm|26/100\n|-unboost|p2b: Sneasler|def|1\n|-unboost|p2b: Sneasler|spd|1\n|-enditem|p1b: Orthworm|Sitrus Berry|[eat]\n|-heal|p1b: Orthworm|51/100|[from] item: Sitrus Berry\n|move|p2a: Garchomp|Stomping Tantrum|p1a: Glimmora\n|-supereffective|p1a: Glimmora|2\n|-damage|p1a: Glimmora|0 fnt\n|faint|p1a: Glimmora\n|move|p1b: Orthworm|Heavy Slam|p2b: Sneasler\n|-damage|p2b: Sneasler|0 fnt\n|faint|p2b: Sneasler\n|\n|upkeep\n|\n|t:|1776132249\n|switch|p2b: Basculegion|Basculegion, L50, M|100/100\n|switch|p1a: Rotom|Rotom-Wash, L50|100/100\n|turn|5\n|inactive|sora the panda has 30 seconds left.\n|\n|t:|1776132283\n|move|p1a: Rotom|Thunderbolt|p2b: Basculegion\n|-supereffective|p2b: Basculegion|1\n|-damage|p2b: Basculegion|2/100\n|move|p2b: Basculegion|Last Respects|p1a: Rotom\n|-damage|p1a: Rotom|8/100\n|move|p2a: Garchomp|Dragon Claw|p1a: Rotom\n|-damage|p1a: Rotom|0 fnt\n|faint|p1a: Rotom\n|move|p1b: Orthworm|Heavy Slam|p2b: Basculegion\n|-resisted|p2b: Basculegion|1\n|-damage|p2b: Basculegion|0 fnt\n|faint|p2b: Basculegion\n|\n|upkeep\n|\n|t:|1776132294\n|switch|p2b: Delphox|Delphox, L50, M|100/100\n|turn|6\n|-message|sora the panda forfeited.\n|\n|win|Ginesect\n|raw|sora the panda's rating: 1088 &rarr; <strong>1059</strong><br />(-29 for losing)\n|raw|Ginesect's rating: 1000 &rarr; <strong>1050</strong><br />(+50 for winning)\n|l|\u2606sora the panda\n|player|p1|\n",
  "uploadtime": 1776132299,
  "views": 21,
  "formatid": "gen9championsvgc2026regma",
  "rating": 1050,
  "private": 0,
  "password": null
}