{
  "id": "gen9championsvgc2026regma-2582540836",
  "format": "[Gen 9 Champions] VGC 2026 Reg M-A",
  "players": [
    "amongdripgoku",
    "ZarDinogre"
  ],
  "log": "|j|\u2606amongdripgoku\n|j|\u2606ZarDinogre\n|t:|1776098203\n|gametype|doubles\n|player|p1|amongdripgoku|2|1151\n|player|p2|ZarDinogre|266|1073\n|gen|9\n|tier|[Gen 9 Champions] VGC 2026 Reg M-A\n|rated|\n|rule|Species Clause: Limit one of each Pok\u00e9mon\n|rule|Item Clause: Limit 1 of each item\n|clearpoke\n|poke|p1|Pelipper, L50, M|\n|poke|p1|Gengar, L50, F|\n|poke|p1|Greninja-*, L50, F|\n|poke|p1|Basculegion, L50, M|\n|poke|p1|Archaludon, L50, F|\n|poke|p1|Whimsicott, L50, M|\n|poke|p2|Delphox, L50, M|\n|poke|p2|Milotic, L50, M|\n|poke|p2|Whimsicott, L50, M|\n|poke|p2|Sneasler, L50, F|\n|poke|p2|Garchomp, L50, M|\n|poke|p2|Tinkaton, L50, F|\n|teampreview|4\n|\n|t:|1776098232\n|teamsize|p1|4\n|teamsize|p2|4\n|start\n|switch|p1a: Archaludon|Archaludon, L50, F|100/100\n|switch|p1b: Greninja|Greninja, L50, F|100/100\n|switch|p2a: Whimsicott|Whimsicott, L50, M|100/100\n|switch|p2b: Tinkaton|Tinkaton, L50, F|100/100\n|turn|1\n|inactive|Battle timer is ON: inactive players will automatically lose when time's up. (requested by amongdripgoku)\n|\n|t:|1776098260\n|move|p2b: Tinkaton|Fake Out|p1a: Archaludon\n|-resisted|p1a: Archaludon|1\n|-damage|p1a: Archaludon|96/100\n|move|p2a: Whimsicott|Tailwind|p2a: Whimsicott\n|-sidestart|p2: ZarDinogre|move: Tailwind\n|move|p1b: Greninja|U-turn|p2b: Tinkaton\n|-start|p1b: Greninja|typechange|Bug|[from] ability: Protean\n|-resisted|p2b: Tinkaton|2\n|-damage|p2b: Tinkaton|95/100\n|inactive|amongdripgoku has 30 seconds left.\n|\n|t:|1776098285\n|switch|p1b: Pelipper|Pelipper, L50, M|100/100|[from] U-turn\n|-weather|RainDance|[from] ability: Drizzle|[of] p1b: Pelipper\n|cant|p1a: Archaludon|flinch\n|\n|-weather|RainDance|[upkeep]\n|upkeep\n|turn|2\n|\n|t:|1776098296\n|switch|p2b: Delphox|Delphox, L50, M|100/100\n|move|p2a: Whimsicott|Sunny Day|p2a: Whimsicott\n|-weather|SunnyDay\n|move|p1a: Archaludon|Electro Shot||[still]\n|-prepare|p1a: Archaludon|Electro Shot\n|-boost|p1a: Archaludon|spa|1\n|move|p1b: Pelipper|Hurricane|p2a: Whimsicott\n|-supereffective|p2a: Whimsicott|1\n|-enditem|p2a: Whimsicott|Focus Sash\n|-damage|p2a: Whimsicott|1/100\n|-start|p2a: Whimsicott|confusion\n|\n|-weather|SunnyDay|[upkeep]\n|upkeep\n|turn|3\n|\n|t:|1776098310\n|switch|p2a: Sneasler|Sneasler, L50, F|100/100\n|-ability|p2a: Sneasler|Pressure\n|detailschange|p2b: Delphox|Delphox-Mega, L50, M\n|-mega|p2b: Delphox|Delphox|Delphoxite\n|move|p1b: Pelipper|Wide Guard|p1b: Pelipper\n|-singleturn|p1b: Pelipper|Wide Guard\n|move|p2b: Delphox|Heat Wave|p1b: Pelipper|[spread] \n|-activate|p1a: Archaludon|move: Wide Guard\n|-activate|p1b: Pelipper|move: Wide Guard\n|move|p1a: Archaludon|Electro Shot|p2b: Delphox|[from] lockedmove\n|-damage|p2b: Delphox|27/100\n|\n|-weather|SunnyDay|[upkeep]\n|upkeep\n|turn|4\n|inactive|amongdripgoku has 30 seconds left.\n|\n|t:|1776098341\n|switch|p1b: Greninja|Greninja, L50, F|100/100\n|move|p2b: Delphox|Psychic|p1a: Archaludon\n|-resisted|p1a: Archaludon|1\n|-damage|p1a: Archaludon|64/100\n|move|p2a: Sneasler|Close Combat|p1a: Archaludon\n|-supereffective|p1a: Archaludon|1\n|-crit|p1a: Archaludon\n|-damage|p1a: Archaludon|0 fnt\n|-unboost|p2a: Sneasler|def|1\n|-unboost|p2a: Sneasler|spd|1\n|faint|p1a: Archaludon\n|-enditem|p2a: Sneasler|White Herb\n|-clearnegativeboost|p2a: Sneasler|[silent]\n|\n|-weather|SunnyDay|[upkeep]\n|-sideend|p2: ZarDinogre|move: Tailwind\n|upkeep\n|\n|t:|1776098351\n|switch|p1a: Pelipper|Pelipper, L50, M|100/100\n|-weather|RainDance|[from] ability: Drizzle|[of] p1a: Pelipper\n|turn|5\n|inactive|amongdripgoku has 30 seconds left.\n|\n|t:|1776098384\n|switch|p2b: Tinkaton|Tinkaton, L50, F|95/100\n|detailschange|p1b: Greninja|Greninja-Mega, L50, F\n|-mega|p1b: Greninja|Greninja|Greninjite\n|move|p1b: Greninja|Surf|p2b: Tinkaton|[spread] p1a,p2a,p2b\n|-start|p1b: Greninja|typechange|Water|[from] ability: Protean\n|-resisted|p1a: Pelipper|1\n|-damage|p1a: Pelipper|77/100\n|-damage|p2a: Sneasler|23/100\n|-damage|p2b: Tinkaton|34/100\n|-enditem|p2b: Tinkaton|Sitrus Berry|[eat]\n|-heal|p2b: Tinkaton|58/100|[from] item: Sitrus Berry\n|move|p2a: Sneasler|Close Combat|p1b: Greninja\n|-damage|p1b: Greninja|7/100\n|-unboost|p2a: Sneasler|def|1\n|-unboost|p2a: Sneasler|spd|1\n|move|p1a: Pelipper|Hurricane|p2a: Sneasler\n|-supereffective|p2a: Sneasler|1\n|-damage|p2a: Sneasler|0 fnt\n|faint|p2a: Sneasler\n|\n|-weather|RainDance|[upkeep]\n|-heal|p1a: Pelipper|83/100|[from] item: Leftovers\n|upkeep\n|\n|t:|1776098404\n|switch|p2a: Whimsicott|Whimsicott, L50, M|1/100\n|turn|6\n|\n|t:|1776098424\n|move|p2b: Tinkaton|Fake Out|p1a: Pelipper\n|-damage|p1a: Pelipper|72/100\n|move|p2a: Whimsicott|Tailwind|p2a: Whimsicott\n|-sidestart|p2: ZarDinogre|move: Tailwind\n|move|p1b: Greninja|U-turn|p2a: Whimsicott\n|-damage|p2a: Whimsicott|0 fnt\n|faint|p2a: Whimsicott\n|\n|t:|1776098431\n|switch|p1b: Basculegion|Basculegion, L50, M|100/100|[from] U-turn\n|cant|p1a: Pelipper|flinch\n|\n|-weather|RainDance|[upkeep]\n|-heal|p1a: Pelipper|78/100|[from] item: Leftovers\n|upkeep\n|\n|t:|1776098439\n|switch|p2a: Delphox|Delphox-Mega, L50, M|27/100\n|turn|7\n|\n|t:|1776098449\n|move|p2a: Delphox|Protect|p2a: Delphox\n|-singleturn|p2a: Delphox|Protect\n|move|p1b: Basculegion|Aqua Jet|p2a: Delphox\n|-activate|p2a: Delphox|move: Protect\n|move|p2b: Tinkaton|Knock Off|p1b: Basculegion\n|-supereffective|p1b: Basculegion|1\n|-damage|p1b: Basculegion|31/100\n|-enditem|p1b: Basculegion|White Herb|[from] move: Knock Off|[of] p2b: Tinkaton\n|move|p1a: Pelipper|Weather Ball|p2b: Tinkaton\n|-damage|p2b: Tinkaton|8/100\n|\n|-weather|RainDance|[upkeep]\n|-heal|p1a: Pelipper|84/100|[from] item: Leftovers\n|upkeep\n|turn|8\n|\n|t:|1776098474\n|move|p1b: Basculegion|Aqua Jet|p2b: Tinkaton\n|-damage|p2b: Tinkaton|0 fnt\n|faint|p2b: Tinkaton\n|move|p2a: Delphox|Psychic|p1a: Pelipper\n|-damage|p1a: Pelipper|31/100\n|move|p1a: Pelipper|Weather Ball|p2a: Delphox\n|-supereffective|p2a: Delphox|1\n|-damage|p2a: Delphox|0 fnt\n|faint|p2a: Delphox\n|\n|win|amongdripgoku\n|raw|amongdripgoku's rating: 1151 &rarr; <strong>1170</strong><br />(+19 for winning)\n|raw|ZarDinogre's rating: 1073 &rarr; <strong>1057</strong><br />(-16 for losing)\n",
  "uploadtime": 1776098475,
  "views": 10,
  "formatid": "gen9championsvgc2026regma",
  "rating": 1057,
  "private": 0,
  "password": null
}