{
  "id": "gen9championsvgc2026regma-2586475788",
  "format": "[Gen 9 Champions] VGC 2026 Reg M-A",
  "players": [
    "STEVECOOL2604",
    "Teocoli97"
  ],
  "log": "|j|\u2606STEVECOOL2604\n|j|\u2606Teocoli97\n|t:|1776437272\n|gametype|doubles\n|player|p1|STEVECOOL2604|266|1046\n|player|p2|Teocoli97|101|1046\n|gen|9\n|tier|[Gen 9 Champions] VGC 2026 Reg M-A\n|rated|\n|rule|Species Clause: Limit one of each Pok\u00e9mon\n|rule|Item Clause: Limit 1 of each item\n|clearpoke\n|poke|p1|Venusaur, L50, M|\n|poke|p1|Torkoal, L50, M|\n|poke|p1|Reuniclus, L50, F|\n|poke|p1|Aerodactyl, L50, M|\n|poke|p1|Milotic, L50, F|\n|poke|p1|Tyranitar, L50, F|\n|poke|p2|Basculegion, L50, M|\n|poke|p2|Kingambit, L50, F|\n|poke|p2|Rotom-Heat, L50|\n|poke|p2|Froslass, L50, F|\n|poke|p2|Sneasler, L50, M|\n|poke|p2|Clefable, L50, M|\n|teampreview|4\nTeocoli97 rejected open team sheets.\n|inactive|Battle timer is ON: inactive players will automatically lose when time's up. (requested by Teocoli97)\n|\n|t:|1776437317\n|teamsize|p1|4\n|teamsize|p2|4\n|start\n|switch|p1a: Reuniclus|Reuniclus, L50, F|100/100\n|switch|p1b: Venusaur|Venusaur, L50, M|100/100\n|switch|p2a: Basculegion|Basculegion, L50, M|100/100\n|switch|p2b: Sneasler|Sneasler, L50, M|100/100\n|turn|1\n|inactive|STEVECOOL2604 has 30 seconds left.\n|inactive|STEVECOOL2604 has 20 seconds left.\n|\n|t:|1776437357\n|move|p2b: Sneasler|Fake Out|p1a: Reuniclus\n|-damage|p1a: Reuniclus|87/100\n|move|p2a: Basculegion|Flip Turn|p1a: Reuniclus\n|-damage|p1a: Reuniclus|50/100\n|\n|t:|1776437363\n|switch|p2a: Rotom|Rotom-Heat, L50|100/100|[from] Flip Turn\n|move|p1b: Venusaur|Giga Drain|p2a: Rotom\n|-resisted|p2a: Rotom|1\n|-damage|p2a: Rotom|78/100\n|cant|p1a: Reuniclus|flinch\n|\n|-heal|p2a: Rotom|83/100|[from] item: Leftovers\n|upkeep\n|turn|2\n|inactive|STEVECOOL2604 has 30 seconds left.\n|inactive|STEVECOOL2604 has 20 seconds left.\n|inactive|STEVECOOL2604 has 15 seconds left.\n|\n|t:|1776437405\n|switch|p1a: Torkoal|Torkoal, L50, M|100/100\n|-weather|SunnyDay|[from] ability: Drought|[of] p1a: Torkoal\n|move|p1b: Venusaur|Sludge Bomb|p2a: Rotom\n|-damage|p2a: Rotom|31/100\n|move|p2b: Sneasler|Dire Claw|p1a: Torkoal\n|-damage|p1a: Torkoal|67/100\n|-status|p1a: Torkoal|psn|[from] ability: Poison Touch|[of] p2b: Sneasler\n|move|p2a: Rotom|Overheat|p1b: Venusaur\n|-supereffective|p1b: Venusaur|1\n|-damage|p1b: Venusaur|0 fnt\n|-unboost|p2a: Rotom|spa|2\n|faint|p1b: Venusaur\n|\n|-weather|SunnyDay|[upkeep]\n|-heal|p2a: Rotom|37/100|[from] item: Leftovers\n|-damage|p1a: Torkoal|55/100 psn|[from] psn\n|upkeep\n|\n|t:|1776437429\n|switch|p1b: Aerodactyl|Aerodactyl, L50, M|100/100\n|-ability|p1b: Aerodactyl|Unnerve\n|turn|3\n|\n|t:|1776437446\n|move|p1b: Aerodactyl|Dual Wingbeat|p2b: Sneasler\n|-supereffective|p2b: Sneasler|1\n|-damage|p2b: Sneasler|39/100\n|-supereffective|p2b: Sneasler|1\n|-damage|p2b: Sneasler|0 fnt\n|faint|p2b: Sneasler\n|-hitcount|p2: Sneasler|2\n|move|p2a: Rotom|Will-O-Wisp|p1b: Aerodactyl\n|-status|p1b: Aerodactyl|brn\n|move|p1a: Torkoal|Eruption|p2a: Rotom\n|-resisted|p2a: Rotom|1\n|-damage|p2a: Rotom|3/100\n|\n|-weather|SunnyDay|[upkeep]\n|-heal|p2a: Rotom|8/100|[from] item: Leftovers\n|-damage|p1a: Torkoal|42/100 psn|[from] psn\n|-damage|p1b: Aerodactyl|95/100 brn|[from] brn\n|upkeep\n|-enditem|p1a: Torkoal|Sitrus Berry|[eat]\n|-heal|p1a: Torkoal|67/100 psn|[from] item: Sitrus Berry\n|\n|t:|1776437463\n|switch|p2b: Basculegion|Basculegion, L50, M|100/100\n|turn|4\n|\n|t:|1776437488\n|switch|p1a: Reuniclus|Reuniclus, L50, F|50/100\n|move|p1b: Aerodactyl|Rock Slide|p2a: Rotom|[spread] p2a,p2b\n|-supereffective|p2a: Rotom|1\n|-damage|p2a: Rotom|0 fnt\n|-damage|p2b: Basculegion|86/100\n|faint|p2a: Rotom\n|move|p2b: Basculegion|Wave Crash|p1b: Aerodactyl\n|-supereffective|p1b: Aerodactyl|1\n|-damage|p1b: Aerodactyl|0 fnt\n|faint|p1b: Aerodactyl\n|-damage|p2b: Basculegion|61/100|[from] Recoil\n|\n|-weather|SunnyDay|[upkeep]\n|upkeep\n|\n|t:|1776437502\n|switch|p1b: Torkoal|Torkoal, L50, M|67/100 psn\n|switch|p2a: Froslass|Froslass, L50, F|100/100\n|turn|5\n|\n|t:|1776437517\n|detailschange|p2a: Froslass|Froslass-Mega, L50, F\n|-mega|p2a: Froslass|Froslass|Froslassite\n|-weather|Snowscape|[from] ability: Snow Warning|[of] p2a: Froslass\n|move|p1b: Torkoal|Protect|p1b: Torkoal\n|-singleturn|p1b: Torkoal|Protect\n|move|p2b: Basculegion|Wave Crash|p1b: Torkoal\n|-activate|p1b: Torkoal|move: Protect\n|move|p2a: Froslass|Shadow Ball|p1a: Reuniclus\n|-supereffective|p1a: Reuniclus|1\n|-damage|p1a: Reuniclus|0 fnt\n|faint|p1a: Reuniclus\n|\n|-weather|Snowscape|[upkeep]\n|-damage|p1b: Torkoal|55/100 psn|[from] psn\n|upkeep\n|turn|6\n|\n|t:|1776437534\n|move|p2b: Basculegion|Wave Crash|p1b: Torkoal\n|-supereffective|p1b: Torkoal|1\n|-damage|p1b: Torkoal|0 fnt\n|faint|p1b: Torkoal\n|-damage|p2b: Basculegion|47/100|[from] Recoil\n|\n|win|Teocoli97\n|raw|STEVECOOL2604's rating: 1046 &rarr; <strong>1029</strong><br />(-17 for losing)\n|raw|Teocoli97's rating: 1046 &rarr; <strong>1079</strong><br />(+33 for winning)\n",
  "uploadtime": 1776437542,
  "views": 16,
  "formatid": "gen9championsvgc2026regma",
  "rating": 1029,
  "private": 0,
  "password": null
}