{
  "id": "gen9championsvgc2026regma-2580630715",
  "format": "[Gen 9 Champions] VGC 2026 Reg M-A",
  "players": [
    "Greningram",
    "Abulalala"
  ],
  "log": "|j|\u2606Greningram\n|j|\u2606Abulalala\n|t:|1775919657\n|gametype|doubles\n|player|p1|Greningram|lance|1012\n|player|p2|Abulalala|101|1000\n|gen|9\n|tier|[Gen 9 Champions] VGC 2026 Reg M-A\n|rated|\n|rule|Species Clause: Limit one of each Pok\u00e9mon\n|rule|Item Clause: Limit 1 of each item\n|clearpoke\n|poke|p1|Meganium, L50, M|\n|poke|p1|Meowstic, L50, M|\n|poke|p1|Basculegion-F, L50, F|\n|poke|p1|Pelipper, L50, M|\n|poke|p1|Archaludon, L50, M|\n|poke|p1|Maushold-Four, L50|\n|poke|p2|Clefable, L50, M|\n|poke|p2|Skarmory, L50, M|\n|poke|p2|Dragapult, L50, M|\n|poke|p2|Maushold, L50|\n|poke|p2|Kangaskhan, L50, F|\n|poke|p2|Alakazam, L50, F|\n|teampreview|4\n|inactive|Battle timer is ON: inactive players will automatically lose when time's up. (requested by Abulalala)\n|\n|t:|1775919673\n|teamsize|p1|4\n|teamsize|p2|4\n|start\n|switch|p1a: Basculegion|Basculegion-F, L50, F|100/100\n|switch|p1b: Pelipper|Pelipper, L50, M, shiny|100/100\n|switch|p2a: Maushold|Maushold, L50|100/100\n|switch|p2b: Kangaskhan|Kangaskhan, L50, F|100/100\n|-weather|RainDance|[from] ability: Drizzle|[of] p1b: Pelipper\n|turn|1\n|\n|t:|1775919690\n|move|p2b: Kangaskhan|Fake Out|p1b: Pelipper\n|-damage|p1b: Pelipper|78/100\n|move|p1a: Basculegion|Icy Wind|p2b: Kangaskhan|[spread] p2a,p2b\n|-damage|p2a: Maushold|83/100\n|-damage|p2b: Kangaskhan|92/100\n|-unboost|p2a: Maushold|spe|1\n|-unboost|p2b: Kangaskhan|spe|1\n|cant|p1b: Pelipper|flinch\n|move|p2a: Maushold|U-turn|p1a: Basculegion\n|-resisted|p1a: Basculegion|1\n|-damage|p1a: Basculegion|93/100\n|\n|t:|1775919703\n|switch|p2a: Dragapult|Dragapult, L50, M|100/100|[from] U-turn\n|\n|-weather|RainDance|[upkeep]\n|-heal|p1a: Basculegion|99/100|[from] item: Leftovers\n|upkeep\n|turn|2\n|\n|t:|1775919715\n|move|p2b: Kangaskhan|Protect|p2b: Kangaskhan\n|-singleturn|p2b: Kangaskhan|Protect\n|move|p2a: Dragapult|Phantom Force||[still]\n|-prepare|p2a: Dragapult|Phantom Force\n|move|p1a: Basculegion|Ice Beam|p2a: Dragapult|[miss]\n|-miss|p1a: Basculegion|p2a: Dragapult\n|move|p1b: Pelipper|Tailwind|p1b: Pelipper\n|-sidestart|p1: Greningram|move: Tailwind\n|\n|-weather|RainDance|[upkeep]\n|-heal|p1a: Basculegion|100/100|[from] item: Leftovers\n|upkeep\n|turn|3\n|inactive|Greningram has 30 seconds left.\n|\n|t:|1775919748\n|switch|p1a: Archaludon|Archaludon, L50, M|100/100\n|move|p2b: Kangaskhan|Helping Hand|p2a: Dragapult\n|-singleturn|p2a: Dragapult|Helping Hand|[of] p2b: Kangaskhan\n|move|p1b: Pelipper|U-turn|p1a: Archaludon\n|-resisted|p1a: Archaludon|1\n|-damage|p1a: Archaludon|97/100\n|-ability|p1a: Archaludon|Stamina|boost\n|-boost|p1a: Archaludon|def|1\n|\n|t:|1775919756\n|switch|p1b: Basculegion|Basculegion-F, L50, F|100/100|[from] U-turn\n|move|p2a: Dragapult|Phantom Force|p1a: Archaludon|[from] lockedmove\n|-damage|p1a: Archaludon|53/100\n|-ability|p1a: Archaludon|Stamina|boost\n|-boost|p1a: Archaludon|def|1\n|\n|-weather|RainDance|[upkeep]\n|upkeep\n|turn|4\n|inactive|Greningram has 30 seconds left.\n|inactive|Greningram has 20 seconds left.\n|\n|t:|1775919792\n|switch|p2b: Maushold|Maushold, L50|83/100\n|move|p1b: Basculegion|Icy Wind|p2a: Dragapult|[spread] p2a,p2b\n|-supereffective|p2a: Dragapult|1\n|-crit|p2b: Maushold\n|-damage|p2a: Dragapult|78/100\n|-damage|p2b: Maushold|57/100\n|-unboost|p2b: Maushold|spe|1\n|move|p2a: Dragapult|Phantom Force||[still]\n|-prepare|p2a: Dragapult|Phantom Force\n|move|p1a: Archaludon|Electro Shot||[still]\n|-prepare|p1a: Archaludon|Electro Shot\n|-boost|p1a: Archaludon|spa|1\n|-anim|p1a: Archaludon|Electro Shot|p2b: Maushold\n|-damage|p2b: Maushold|0 fnt\n|faint|p2b: Maushold\n|\n|-weather|RainDance|[upkeep]\n|upkeep\n|\n|t:|1775919807\n|switch|p2b: Kangaskhan|Kangaskhan, L50, F|92/100\n|turn|5\n|\n|t:|1775919823\n|switch|p1b: Pelipper|Pelipper, L50, M, shiny|78/100\n|move|p2b: Kangaskhan|Helping Hand|p2a: Dragapult\n|-singleturn|p2a: Dragapult|Helping Hand|[of] p2b: Kangaskhan\n|move|p2a: Dragapult|Phantom Force|p1b: Pelipper|[from] lockedmove\n|-damage|p1b: Pelipper|0 fnt\n|faint|p1b: Pelipper\n|move|p1a: Archaludon|Snarl|p2a: Dragapult|[spread] p2a,p2b\n|-supereffective|p2a: Dragapult|1\n|-damage|p2a: Dragapult|32/100\n|-damage|p2b: Kangaskhan|69/100\n|-unboost|p2b: Kangaskhan|spa|1\n|\n|-weather|none\n|-sideend|p1: Greningram|move: Tailwind\n|upkeep\n|\n|t:|1775919836\n|switch|p1b: Meganium|Meganium, L50, M|100/100\n|turn|6\n|\n|t:|1775919853\n|detailschange|p1b: Meganium|Meganium-Mega, L50, M\n|-mega|p1b: Meganium|Meganium|Meganiumite\n|move|p2b: Kangaskhan|Protect|p2b: Kangaskhan\n|-singleturn|p2b: Kangaskhan|Protect\n|move|p2a: Dragapult|Phantom Force||[still]\n|-prepare|p2a: Dragapult|Phantom Force\n|move|p1b: Meganium|Solar Beam||[still]\n|-prepare|p1b: Meganium|Solar Beam\n|-activate|p1b: Meganium|ability: Mega Sol\n|-anim|p1b: Meganium|Solar Beam|p2b: Kangaskhan\n|-activate|p2b: Kangaskhan|move: Protect\n|move|p1a: Archaludon|Snarl|p2a: Dragapult|[spread] \n|-miss|p1a: Archaludon|p2a: Dragapult\n|-activate|p2b: Kangaskhan|move: Protect\n|\n|upkeep\n|turn|7\n|\n|t:|1775919874\n|move|p2a: Dragapult|Phantom Force|p1b: Meganium|[from] lockedmove\n|-damage|p1b: Meganium|52/100\n|move|p1b: Meganium|Solar Beam||[still]\n|-prepare|p1b: Meganium|Solar Beam\n|-activate|p1b: Meganium|ability: Mega Sol\n|-anim|p1b: Meganium|Solar Beam|p2b: Kangaskhan\n|-damage|p2b: Kangaskhan|0 fnt\n|faint|p2b: Kangaskhan\n|move|p1a: Archaludon|Snarl|p2a: Dragapult\n|-supereffective|p2a: Dragapult|1\n|-damage|p2a: Dragapult|0 fnt\n|faint|p2a: Dragapult\n|\n|upkeep\n|-message|Abulalala forfeited.\n|\n|win|Greningram\n|raw|Greningram's rating: 1012 &rarr; <strong>1049</strong><br />(+37 for winning)\n|raw|Abulalala's rating: 1000 &rarr; <strong>1000</strong><br />(+0 for losing)\n|l|\u2606Abulalala\n|player|p2|\n",
  "uploadtime": 1775919900,
  "views": 24,
  "formatid": "gen9championsvgc2026regma",
  "rating": 1000,
  "private": 0,
  "password": null
}