{
  "id": "gen9championsvgc2026regma-2580526476",
  "format": "[Gen 9 Champions] VGC 2026 Reg M-A",
  "players": [
    "10test01",
    "senzumi_here"
  ],
  "log": "|j|\u260610test01\n|j|\u2606senzumi_here\n|t:|1775908904\n|gametype|doubles\n|player|p1|10test01|2|1063\n|player|p2|senzumi_here|psychicf-gen4|1151\n|gen|9\n|tier|[Gen 9 Champions] VGC 2026 Reg M-A\n|rated|\n|rule|Species Clause: Limit one of each Pok\u00e9mon\n|rule|Item Clause: Limit 1 of each item\n|clearpoke\n|poke|p1|Orthworm, L50, F|\n|poke|p1|Whimsicott, L50, F|\n|poke|p1|Dragonite, L50, M|\n|poke|p1|Chandelure, L50, F|\n|poke|p2|Floette-Eternal, L50, F|\n|poke|p2|Delphox, L50, F|\n|poke|p2|Aerodactyl, L50, M|\n|poke|p2|Maushold, L50|\n|poke|p2|Incineroar, L50, M|\n|poke|p2|Garchomp, L50, M|\n|teampreview|4\n|inactive|Battle timer is ON: inactive players will automatically lose when time's up. (requested by 10test01)\n|inactive|10test01 has 60 seconds left.\n|inactive|senzumi_here has 60 seconds left.\n|\n|t:|1775908947\n|teamsize|p1|4\n|teamsize|p2|4\n|start\n|switch|p1a: Whimsicott|Whimsicott, L50, F|100/100\n|switch|p1b: Orthworm|Orthworm, L50, F|100/100\n|switch|p2a: Aerodactyl|Aerodactyl, L50, M|100/100\n|switch|p2b: Maushold|Maushold, L50|100/100\n|-ability|p2a: Aerodactyl|Unnerve\n|turn|1\n|inactive|10test01 has 30 seconds left.\n|inactive|10test01 has 20 seconds left.\n|inactive|10test01 has 15 seconds left.\n|\n|t:|1775908989\n|move|p1a: Whimsicott|Tailwind|p1a: Whimsicott\n|-sidestart|p1: 10test01|move: Tailwind\n|move|p1b: Orthworm|Iron Defense|p1b: Orthworm\n|-boost|p1b: Orthworm|def|2\n|move|p2a: Aerodactyl|Dual Wingbeat|p1a: Whimsicott\n|-supereffective|p1a: Whimsicott|1\n|-damage|p1a: Whimsicott|53/100\n|-supereffective|p1a: Whimsicott|1\n|-damage|p1a: Whimsicott|2/100\n|-hitcount|p1a: Whimsicott|2\n|move|p2b: Maushold|Taunt|p1b: Orthworm\n|-start|p1b: Orthworm|move: Taunt\n|\n|upkeep\n|turn|2\n|\n|t:|1775909001\n|move|p1a: Whimsicott|Protect|p1a: Whimsicott\n|-singleturn|p1a: Whimsicott|Protect\n|move|p1b: Orthworm|Body Press|p2b: Maushold\n|-supereffective|p2b: Maushold|1\n|-enditem|p2b: Maushold|Chople Berry|[eat]\n|-enditem|p2b: Maushold|Chople Berry|[weaken]\n|-damage|p2b: Maushold|26/100\n|move|p2a: Aerodactyl|Tailwind|p2a: Aerodactyl\n|-sidestart|p2: senzumi_here|move: Tailwind\n|move|p2b: Maushold|Super Fang|p1b: Orthworm\n|-damage|p1b: Orthworm|51/100\n|\n|upkeep\n|turn|3\n|\n|t:|1775909029\n|move|p2a: Aerodactyl|Rock Slide|p1a: Whimsicott|[spread] p1a,p1b\n|-resisted|p1b: Orthworm|1\n|-damage|p1a: Whimsicott|0 fnt\n|-damage|p1b: Orthworm|45/100\n|faint|p1a: Whimsicott\n|move|p2b: Maushold|Super Fang|p1b: Orthworm\n|-damage|p1b: Orthworm|23/100\n|cant|p1b: Orthworm|flinch\n|\n|upkeep\n|\n|t:|1775909043\n|switch|p1a: Dragonite|Dragonite, L50, M|100/100\n|turn|4\n|\n|t:|1775909053\n|detailschange|p1a: Dragonite|Dragonite-Mega, L50, M\n|-mega|p1a: Dragonite|Dragonite|Dragoninite\n|move|p2a: Aerodactyl|Rock Slide|p1b: Orthworm|[spread] p1a,p1b\n|-supereffective|p1a: Dragonite|1\n|-resisted|p1b: Orthworm|1\n|-damage|p1a: Dragonite|82/100\n|-damage|p1b: Orthworm|18/100\n|move|p2b: Maushold|Super Fang|p1a: Dragonite\n|-damage|p1a: Dragonite|42/100\n|cant|p1a: Dragonite|flinch\n|cant|p1b: Orthworm|flinch\n|\n|-end|p1b: Orthworm|move: Taunt\n|-sideend|p1: 10test01|move: Tailwind\n|upkeep\n|turn|5\n|\n|t:|1775909074\n|switch|p1a: Chandelure|Chandelure, L50, F|100/100\n|move|p2b: Maushold|Follow Me|p2b: Maushold\n|-singleturn|p2b: Maushold|move: Follow Me\n|move|p2a: Aerodactyl|Rock Slide|p1a: Chandelure|[spread] p1a,p1b\n|-supereffective|p1a: Chandelure|1\n|-resisted|p1b: Orthworm|1\n|-damage|p1a: Chandelure|43/100\n|-damage|p1b: Orthworm|13/100\n|move|p1b: Orthworm|Body Press|p2b: Maushold\n|-supereffective|p2b: Maushold|1\n|-damage|p2b: Maushold|0 fnt\n|faint|p2b: Maushold\n|\n|-sideend|p2: senzumi_here|move: Tailwind\n|upkeep\n|\n|t:|1775909082\n|switch|p2b: Garchomp|Garchomp, L50, M|100/100\n|turn|6\n|\n|t:|1775909090\n|move|p1b: Orthworm|Protect|p1b: Orthworm\n|-singleturn|p1b: Orthworm|Protect\n|move|p2a: Aerodactyl|Tailwind|p2a: Aerodactyl\n|-sidestart|p2: senzumi_here|move: Tailwind\n|move|p2b: Garchomp|Dragon Claw|p1a: Chandelure\n|-damage|p1a: Chandelure|0 fnt\n|faint|p1a: Chandelure\n|\n|upkeep\n|\n|t:|1775909096\n|switch|p1a: Dragonite|Dragonite-Mega, L50, M|42/100\n|turn|7\n|\n|t:|1775909105\n|move|p2a: Aerodactyl|Rock Slide|p1b: Orthworm|[spread] p1a,p1b\n|-supereffective|p1a: Dragonite|1\n|-resisted|p1b: Orthworm|1\n|-damage|p1a: Dragonite|1/100\n|-damage|p1b: Orthworm|7/100\n|move|p2b: Garchomp|Rock Slide|p1a: Dragonite|[spread] p1a\n|-miss|p2b: Garchomp|p1b: Orthworm\n|-supereffective|p1a: Dragonite|1\n|-damage|p1a: Dragonite|0 fnt\n|faint|p1a: Dragonite\n|cant|p1b: Orthworm|flinch\n|\n|upkeep\n|turn|8\n|\n|t:|1775909114\n|move|p2a: Aerodactyl|Rock Slide|p1b: Orthworm\n|-resisted|p1b: Orthworm|1\n|-damage|p1b: Orthworm|0 fnt\n|faint|p1b: Orthworm\n|\n|win|senzumi_here\n|raw|10test01's rating: 1063 &rarr; <strong>1048</strong><br />(-15 for losing)\n|raw|senzumi_here's rating: 1151 &rarr; <strong>1170</strong><br />(+19 for winning)\n",
  "uploadtime": 1775909117,
  "views": 12,
  "formatid": "gen9championsvgc2026regma",
  "rating": 1048,
  "private": 0,
  "password": null
}