{
  "id": "gen9championsvgc2026regma-2580666798",
  "format": "[Gen 9 Champions] VGC 2026 Reg M-A",
  "players": [
    "anniemays",
    "gameliking"
  ],
  "log": "|j|\u2606anniemays\n|j|\u203dgameliking\n|t:|1775922659\n|gametype|doubles\n|player|p1|anniemays|bianca-masters|1000\n|player|p2|gameliking|unknown|1000\n|gen|9\n|tier|[Gen 9 Champions] VGC 2026 Reg M-A\n|rated|\n|rule|Species Clause: Limit one of each Pok\u00e9mon\n|rule|Item Clause: Limit 1 of each item\n|clearpoke\n|poke|p1|Garchomp, L50, F|\n|poke|p1|Whimsicott, L50, M|\n|poke|p1|Aggron, L50, M|\n|poke|p1|Incineroar, L50, M|\n|poke|p1|Rotom-Wash, L50|\n|poke|p1|Corviknight, L50, M|\n|poke|p2|Meganium, L50, M|\n|poke|p2|Beartic, L50, M|\n|poke|p2|Blastoise, L50, F|\n|poke|p2|Pelipper, L50, F|\n|poke|p2|Abomasnow, L50, M|\n|poke|p2|Corviknight, L50, F|\n|teampreview|4\n|\n|t:|1775922706\n|teamsize|p1|4\n|teamsize|p2|4\n|start\n|switch|p1a: Incineroar|Incineroar, L50, M|100/100\n|switch|p1b: Whimsicott|Whimsicott, L50, M, shiny|100/100\n|switch|p2a: Pelipper|Pelipper, L50, F|100/100\n|switch|p2b: Beartic|Beartic, L50, M|100/100\n|-weather|RainDance|[from] ability: Drizzle|[of] p2a: Pelipper\n|-ability|p1a: Incineroar|Intimidate|boost\n|-unboost|p2a: Pelipper|atk|1\n|-unboost|p2b: Beartic|atk|1\n|turn|1\n|\n|t:|1775922723\n|move|p1a: Incineroar|Fake Out|p2b: Beartic\n|-damage|p2b: Beartic|86/100\n|move|p1b: Whimsicott|Tailwind|p1b: Whimsicott\n|-sidestart|p1: anniemays|move: Tailwind\n|cant|p2b: Beartic|flinch\n|move|p2a: Pelipper|Hurricane|p1b: Whimsicott\n|-supereffective|p1b: Whimsicott|1\n|-enditem|p1b: Whimsicott|Focus Sash\n|-damage|p1b: Whimsicott|1/100\n|\n|-weather|RainDance|[upkeep]\n|upkeep\n|turn|2\n|\n|t:|1775922744\n|move|p1b: Whimsicott|Moonblast|p2b: Beartic\n|-damage|p2b: Beartic|51/100\n|move|p2b: Beartic|Rock Slide|p1b: Whimsicott|[spread] p1a\n|-miss|p2b: Beartic|p1b: Whimsicott\n|-supereffective|p1a: Incineroar|1\n|-damage|p1a: Incineroar|72/100\n|cant|p1a: Incineroar|flinch\n|move|p2a: Pelipper|U-turn|p1b: Whimsicott\n|-damage|p1b: Whimsicott|0 fnt\n|faint|p1b: Whimsicott\n|\n|t:|1775922758\n|switch|p2a: Corviknight|Corviknight, L50, F|100/100|[from] U-turn\n|\n|-weather|RainDance|[upkeep]\n|upkeep\n|\n|t:|1775922786\n|switch|p1b: Rotom|Rotom-Wash, L50|100/100\n|turn|3\n|\n|t:|1775922814\n|move|p1a: Incineroar|Protect|p1a: Incineroar\n|-singleturn|p1a: Incineroar|Protect\n|move|p1b: Rotom|Discharge|p2a: Corviknight|[spread] p2a,p2b\n|-activate|p1a: Incineroar|move: Protect\n|-supereffective|p2a: Corviknight|1\n|-damage|p2a: Corviknight|44/100\n|-damage|p2b: Beartic|20/100\n|-status|p2a: Corviknight|par\n|move|p2b: Beartic|Rock Slide|p1a: Incineroar|[spread] p1b\n|-activate|p1a: Incineroar|move: Protect\n|-damage|p1b: Rotom|81/100\n|move|p2a: Corviknight|Tailwind|p2a: Corviknight\n|-sidestart|p2: gameliking|move: Tailwind\n|\n|-weather|RainDance|[upkeep]\n|upkeep\n|turn|4\n|\n|t:|1775922839\n|move|p1b: Rotom|Discharge|p2b: Beartic|[spread] p1a,p2a,p2b\n|-supereffective|p2a: Corviknight|1\n|-damage|p1a: Incineroar|52/100\n|-damage|p2a: Corviknight|0 fnt\n|-damage|p2b: Beartic|0 fnt\n|faint|p2a: Corviknight\n|faint|p2b: Beartic\n|move|p1a: Incineroar|Flare Blitz|p2: Corviknight|[notarget]\n|-fail|p1a: Incineroar\n|\n|-weather|RainDance|[upkeep]\n|-sideend|p1: anniemays|move: Tailwind\n|upkeep\n|\n|t:|1775922842\n|switch|p2b: Pelipper|Pelipper, L50, F|100/100\n|switch|p2a: Meganium|Meganium, L50, M|100/100\n|turn|5\n|\n|t:|1775922860\n|switch|p1b: Aggron|Aggron, L50, M, shiny|100/100\n|detailschange|p2a: Meganium|Meganium-Mega, L50, M\n|-mega|p2a: Meganium|Meganium|Meganiumite\n|move|p2a: Meganium|Protect|p2a: Meganium\n|-singleturn|p2a: Meganium|Protect\n|move|p2b: Pelipper|Hurricane|p1a: Incineroar\n|-crit|p1a: Incineroar\n|-damage|p1a: Incineroar|7/100\n|move|p1a: Incineroar|Parting Shot|p2a: Meganium\n|-activate|p2a: Meganium|move: Protect\n|\n|-weather|none\n|upkeep\n|turn|6\n|l|\u203dgameliking\n|player|p2|\n|j|\u203dgameliking\n|player|p2|gameliking|unknown|\n|n|\u203dgameliking|gameliking\n|\n|t:|1775922895\n|move|p1a: Incineroar|Protect|p1a: Incineroar\n|-singleturn|p1a: Incineroar|Protect\n|move|p1b: Aggron|Protect|p1b: Aggron\n|-singleturn|p1b: Aggron|Protect\n|move|p2a: Meganium|Dazzling Gleam|p1b: Aggron|[spread] \n|-activate|p1a: Incineroar|move: Protect\n|-activate|p1b: Aggron|move: Protect\n|move|p2b: Pelipper|Hurricane|p1b: Aggron\n|-activate|p1b: Aggron|move: Protect\n|\n|-sideend|p2: gameliking|move: Tailwind\n|upkeep\n|turn|7\n|\n|t:|1775922917\n|detailschange|p1b: Aggron|Aggron-Mega, L50, M, shiny\n|-mega|p1b: Aggron|Aggron|Aggronite\n|move|p2a: Meganium|Solar Beam||[still]\n|-prepare|p2a: Meganium|Solar Beam\n|-activate|p2a: Meganium|ability: Mega Sol\n|-anim|p2a: Meganium|Solar Beam|p1b: Aggron\n|-resisted|p1b: Aggron|1\n|-damage|p1b: Aggron|71/100\n|move|p2b: Pelipper|Knock Off|p1a: Incineroar\n|-resisted|p1a: Incineroar|1\n|-damage|p1a: Incineroar|1/100\n|-enditem|p1a: Incineroar|Charcoal|[from] move: Knock Off|[of] p2b: Pelipper\n|move|p1a: Incineroar|Flare Blitz|p2a: Meganium\n|-supereffective|p2a: Meganium|1\n|-damage|p2a: Meganium|11/100\n|-damage|p1a: Incineroar|0 fnt|[from] Recoil\n|faint|p1a: Incineroar\n|move|p1b: Aggron|Heavy Slam|p2a: Meganium\n|-supereffective|p2a: Meganium|1\n|-damage|p2a: Meganium|0 fnt\n|faint|p2a: Meganium\n|\n|upkeep\n|\n|t:|1775922933\n|switch|p1a: Rotom|Rotom-Wash, L50|81/100\n|turn|8\n|-message|gameliking forfeited.\n|\n|win|anniemays\n|raw|anniemays's rating: 1000 &rarr; <strong>1040</strong><br />(+40 for winning)\n|raw|gameliking's rating: 1000 &rarr; <strong>1000</strong><br />(+0 for losing)\n|l|\u203dgameliking\n|player|p2|\n",
  "uploadtime": 1775922993,
  "views": 31,
  "formatid": "gen9championsvgc2026regma",
  "rating": 1000,
  "private": 0,
  "password": null
}