{
  "id": "gen9championsvgc2026regma-2580345673",
  "format": "[Gen 9 Champions] VGC 2026 Reg M-A",
  "players": [
    "Cabin6",
    "exobial"
  ],
  "log": "|j|\u2606Cabin6\n|j|\u2606exobial\n|t:|1775883208\n|gametype|doubles\n|player|p1|Cabin6|leon|1088\n|player|p2|exobial|shadowtriad|1043\n|gen|9\n|tier|[Gen 9 Champions] VGC 2026 Reg M-A\n|rated|\n|rule|Species Clause: Limit one of each Pok\u00e9mon\n|rule|Item Clause: Limit 1 of each item\n|clearpoke\n|poke|p1|Maushold, L50|\n|poke|p1|Floette-Eternal, L50, F|\n|poke|p1|Garchomp, L50, F|\n|poke|p1|Talonflame, L50, M|\n|poke|p1|Rotom-Wash, L50|\n|poke|p1|Aegislash, L50, F|\n|poke|p2|Kingambit, L50, M|\n|poke|p2|Charizard, L50, M|\n|poke|p2|Whimsicott, L50, F|\n|poke|p2|Maushold-Four, L50|\n|poke|p2|Sneasler, L50, F|\n|poke|p2|Garchomp, L50, M|\n|teampreview|4\n|inactive|Battle timer is ON: inactive players will automatically lose when time's up. (requested by exobial)\n|\n|t:|1775883262\n|teamsize|p1|4\n|teamsize|p2|4\n|start\n|switch|p1a: Garchomp|Garchomp, L50, F|100/100\n|switch|p1b: Talonflame|Talonflame, L50, M|100/100\n|switch|p2a: Sneasler|Sneasler, L50, F|100/100\n|switch|p2b: Charizard|Charizard, L50, M, shiny|100/100\n|turn|1\n|\n|t:|1775883278\n|detailschange|p2b: Charizard|Charizard-Mega-Y, L50, M, shiny\n|-mega|p2b: Charizard|Charizard|Charizardite Y\n|-weather|SunnyDay|[from] ability: Drought|[of] p2b: Charizard\n|move|p1a: Garchomp|Protect|p1a: Garchomp\n|-singleturn|p1a: Garchomp|Protect\n|move|p2a: Sneasler|Fake Out|p1a: Garchomp\n|-activate|p1a: Garchomp|move: Protect\n|move|p1b: Talonflame|Tailwind|p1b: Talonflame\n|-sidestart|p1: Cabin6|move: Tailwind\n|move|p2b: Charizard|Overheat|p1b: Talonflame\n|-resisted|p1b: Talonflame|1\n|-damage|p1b: Talonflame|4/100\n|-unboost|p2b: Charizard|spa|2\n|\n|-weather|SunnyDay|[upkeep]\n|upkeep\n|turn|2\n|\n|t:|1775883299\n|switch|p2a: Whimsicott|Whimsicott, L50, F|100/100\n|move|p2b: Charizard|Protect|p2b: Charizard\n|-singleturn|p2b: Charizard|Protect\n|move|p1b: Talonflame|Acrobatics|p2a: Whimsicott\n|-supereffective|p2a: Whimsicott|1\n|-enditem|p2a: Whimsicott|Focus Sash\n|-damage|p2a: Whimsicott|1/100\n|move|p1a: Garchomp|Stone Edge|p2b: Charizard\n|-activate|p2b: Charizard|move: Protect\n|\n|-weather|SunnyDay|[upkeep]\n|upkeep\n|turn|3\n|inactive|Cabin6 has 30 seconds left.\n|inactive|exobial has 30 seconds left.\n|\n|t:|1775883328\n|switch|p1b: Floette|Floette-Eternal, L50, F|100/100\n|move|p2a: Whimsicott|Tailwind|p2a: Whimsicott\n|-sidestart|p2: exobial|move: Tailwind\n|move|p1a: Garchomp|Stomping Tantrum|p2a: Whimsicott\n|-resisted|p2a: Whimsicott|1\n|-damage|p2a: Whimsicott|0 fnt\n|faint|p2a: Whimsicott\n|move|p2b: Charizard|Heat Wave|p1a: Garchomp|[spread] p1a,p1b\n|-resisted|p1a: Garchomp|1\n|-crit|p1a: Garchomp\n|-damage|p1a: Garchomp|46/100\n|-damage|p1b: Floette|72/100\n|\n|-weather|SunnyDay|[upkeep]\n|upkeep\n|\n|t:|1775883342\n|switch|p2a: Sneasler|Sneasler, L50, F|100/100\n|turn|4\n|\n|t:|1775883355\n|move|p2b: Charizard|Protect|p2b: Charizard\n|-singleturn|p2b: Charizard|Protect\n|move|p1b: Floette|Protect|p1b: Floette\n|-singleturn|p1b: Floette|Protect\n|move|p2a: Sneasler|Dire Claw|p1b: Floette\n|-activate|p1b: Floette|move: Protect\n|move|p1a: Garchomp|Earthquake|p2a: Sneasler|[spread] p2a\n|-activate|p1b: Floette|move: Protect\n|-activate|p2b: Charizard|move: Protect\n|-supereffective|p2a: Sneasler|1\n|-damage|p2a: Sneasler|0 fnt\n|faint|p2a: Sneasler\n|\n|-weather|SunnyDay|[upkeep]\n|-sideend|p1: Cabin6|move: Tailwind\n|upkeep\n|\n|t:|1775883368\n|switch|p2a: Kingambit|Kingambit, L50, M|100/100\n|turn|5\n|\n|t:|1775883387\n|switch|p1b: Talonflame|Talonflame, L50, M|4/100\n|move|p1a: Garchomp|Protect|p1a: Garchomp\n|-singleturn|p1a: Garchomp|Protect\n|move|p2a: Kingambit|Sucker Punch||[still]\n|-fail|p2a: Kingambit\n|move|p2b: Charizard|Heat Wave|p1b: Talonflame|[spread] \n|-activate|p1a: Garchomp|move: Protect\n|-miss|p2b: Charizard|p1b: Talonflame\n|\n|-weather|none\n|upkeep\n|turn|6\n|\n|t:|1775883407\n|move|p1b: Talonflame|Protect|p1b: Talonflame\n|-singleturn|p1b: Talonflame|Protect\n|move|p1a: Garchomp|Protect||[still]\n|-fail|p1a: Garchomp\n|move|p2b: Charizard|Heat Wave|p1b: Talonflame|[spread] p1a\n|-activate|p1b: Talonflame|move: Protect\n|-resisted|p1a: Garchomp|1\n|-damage|p1a: Garchomp|33/100\n|move|p2a: Kingambit|Swords Dance|p2a: Kingambit\n|-boost|p2a: Kingambit|atk|2\n|\n|-sideend|p2: exobial|move: Tailwind\n|upkeep\n|turn|7\n|\n|t:|1775883427\n|move|p1a: Garchomp|Protect|p1a: Garchomp\n|-singleturn|p1a: Garchomp|Protect\n|move|p2a: Kingambit|Sucker Punch||[still]\n|-fail|p2a: Kingambit\n|move|p1b: Talonflame|Tailwind|p1b: Talonflame\n|-sidestart|p1: Cabin6|move: Tailwind\n|move|p2b: Charizard|Heat Wave|p1b: Talonflame|[spread] p1b\n|-activate|p1a: Garchomp|move: Protect\n|-resisted|p1b: Talonflame|1\n|-damage|p1b: Talonflame|0 fnt\n|faint|p1b: Talonflame\n|\n|upkeep\n|\n|t:|1775883440\n|switch|p1b: Floette|Floette-Eternal, L50, F|72/100\n|turn|8\n|\n|t:|1775883450\n|switch|p1a: Maushold|Maushold, L50|100/100\n|detailschange|p1b: Floette|Floette-Mega, L50, F\n|-mega|p1b: Floette|Floette|Floettite\n|-ability|p1b: Floette|Fairy Aura\n|move|p1b: Floette|Protect|p1b: Floette\n|-singleturn|p1b: Floette|Protect\n|move|p2a: Kingambit|Sucker Punch||[still]\n|-fail|p2a: Kingambit\n|move|p2b: Charizard|Heat Wave|p1b: Floette|[spread] p1a\n|-activate|p1b: Floette|move: Protect\n|-damage|p1a: Maushold|75/100\n|\n|upkeep\n|turn|9\n|inactive|Cabin6 has 30 seconds left.\n|inactive|Cabin6 has 20 seconds left.\n|\n|t:|1775883489\n|move|p1a: Maushold|Follow Me|p1a: Maushold\n|-singleturn|p1a: Maushold|move: Follow Me\n|move|p1b: Floette|Moonblast|p2a: Kingambit\n|-damage|p2a: Kingambit|20/100\n|-unboost|p2a: Kingambit|spa|1\n|-ability|p2a: Kingambit|Defiant|boost\n|-boost|p2a: Kingambit|atk|2\n|move|p2b: Charizard|Heat Wave|p1a: Maushold|[spread] p1a,p1b\n|-damage|p1a: Maushold|46/100\n|-damage|p1b: Floette|60/100\n|move|p2a: Kingambit|Low Kick|p1a: Maushold\n|-supereffective|p1a: Maushold|1\n|-damage|p1a: Maushold|0 fnt\n|faint|p1a: Maushold\n|\n|upkeep\n|c|\u2606Cabin6|oh god\n|\n|t:|1775883502\n|switch|p1a: Garchomp|Garchomp, L50, F|33/100\n|turn|10\n|\n|t:|1775883521\n|move|p1a: Garchomp|Protect|p1a: Garchomp\n|-singleturn|p1a: Garchomp|Protect\n|move|p2a: Kingambit|Sucker Punch||[still]\n|-fail|p2a: Kingambit\n|move|p1b: Floette|Dazzling Gleam|p2a: Kingambit|[spread] p2a,p2b\n|-resisted|p2b: Charizard|1\n|-damage|p2a: Kingambit|0 fnt\n|-damage|p2b: Charizard|79/100\n|faint|p2a: Kingambit\n|move|p2b: Charizard|Heat Wave|p1b: Floette|[spread] p1b\n|-activate|p1a: Garchomp|move: Protect\n|-damage|p1b: Floette|42/100\n|\n|-sideend|p1: Cabin6|move: Tailwind\n|upkeep\n|turn|11\n|c|\u2606Cabin6|well good ig\n|-message|exobial forfeited.\n|\n|win|Cabin6\n|raw|Cabin6's rating: 1088 &rarr; <strong>1111</strong><br />(+23 for winning)\n|raw|exobial's rating: 1043 &rarr; <strong>1029</strong><br />(-14 for losing)\n|l|\u2606exobial\n|player|p2|\n",
  "uploadtime": 1775883937,
  "views": 17,
  "formatid": "gen9championsvgc2026regma",
  "rating": 1029,
  "private": 0,
  "password": null
}