{
  "id": "gen9championsvgc2026regma-2581029153",
  "format": "[Gen 9 Champions] VGC 2026 Reg M-A",
  "players": [
    "BiggerMonkey",
    "Galbitrix"
  ],
  "log": "|j|\u2606BiggerMonkey\n|j|\u2606Galbitrix\n|t:|1775953206\n|gametype|doubles\n|player|p1|BiggerMonkey|clay|\n|player|p2|Galbitrix|1|\n|gen|9\n|tier|[Gen 9 Champions] VGC 2026 Reg M-A\n|rule|Species Clause: Limit one of each Pok\u00e9mon\n|rule|Item Clause: Limit 1 of each item\n|clearpoke\n|poke|p1|Simipour, L50, M|\n|poke|p1|Simisage, L50, F|\n|poke|p1|Simisear, L50, F|\n|poke|p1|Abomasnow, L50, M|\n|poke|p1|Oranguru, L50, M|\n|poke|p1|Passimian, L50, M|\n|poke|p2|Whimsicott, L50, F|\n|poke|p2|Incineroar, L50, F|\n|poke|p2|Charizard, L50, M|\n|poke|p2|Sneasler, L50, M|\n|poke|p2|Garchomp, L50, M|\n|poke|p2|Venusaur, L50, M|\n|teampreview|4\nGalbitrix rejected open team sheets.\n|\n|t:|1775953255\n|teamsize|p1|4\n|teamsize|p2|4\n|start\n|switch|p1a: Spider monkey|Simisage, L50, F|100/100\n|switch|p1b: Basically a yeti|Abomasnow, L50, M|100/100\n|switch|p2a: Marigold|Charizard, L50, M|100/100\n|switch|p2b: Sunflower|Venusaur, L50, M|100/100\n|turn|1\n|\n|t:|1775953277\n|switch|p1b: Macaque|Simisear, L50, F|100/100\n|detailschange|p2a: Marigold|Charizard-Mega-Y, L50, M\n|-mega|p2a: Marigold|Charizard|Charizardite Y\n|-weather|SunnyDay|[from] ability: Drought|[of] p2a: Marigold\n|move|p1a: Spider monkey|Fake Out|p2a: Marigold\n|-damage|p2a: Marigold|85/100\n|move|p2b: Sunflower|Sludge Bomb|p1b: Macaque\n|-damage|p1b: Macaque|27/100\n|cant|p2a: Marigold|flinch\n|\n|-weather|SunnyDay|[upkeep]\n|upkeep\n|turn|2\n|\n|t:|1775953309\n|switch|p1a: Capuchin|Simipour, L50, M|100/100\n|move|p2b: Sunflower|Sludge Bomb|p1b: Macaque\n|-damage|p1b: Macaque|0 fnt\n|faint|p1b: Macaque\n|move|p2a: Marigold|Heat Wave|p1a: Capuchin\n|-resisted|p1a: Capuchin|1\n|-damage|p1a: Capuchin|28/100\n|\n|-weather|SunnyDay|[upkeep]\n|upkeep\n|\n|t:|1775953317\n|switch|p1b: Basically a yeti|Abomasnow, L50, M|100/100\n|turn|3\n|\n|t:|1775953328\n|detailschange|p1b: Basically a yeti|Abomasnow-Mega, L50, M\n|-mega|p1b: Basically a yeti|Abomasnow|Abomasite\n|-weather|Snowscape|[from] ability: Snow Warning|[of] p1b: Basically a yeti\n|move|p1a: Capuchin|Protect|p1a: Capuchin\n|-singleturn|p1a: Capuchin|Protect\n|move|p1b: Basically a yeti|Ice Shard|p2b: Sunflower\n|-supereffective|p2b: Sunflower|1\n|-damage|p2b: Sunflower|36/100\n|move|p2a: Marigold|Heat Wave|p1b: Basically a yeti|[spread] p1b\n|-activate|p1a: Capuchin|move: Protect\n|-supereffective|p1b: Basically a yeti|2\n|-damage|p1b: Basically a yeti|0 fnt\n|faint|p1b: Basically a yeti\n|move|p2b: Sunflower|Sludge Bomb|p1a: Capuchin\n|-activate|p1a: Capuchin|move: Protect\n|\n|-weather|Snowscape|[upkeep]\n|upkeep\n|\n|t:|1775953362\n|switch|p1b: Spider monkey|Simisage, L50, F|100/100\n|turn|4\n|\n|t:|1775953417\n|move|p1b: Spider monkey|Fake Out|p2a: Marigold\n|-damage|p2a: Marigold|69/100\n|move|p1a: Capuchin|Scald|p2a: Marigold\n|-supereffective|p2a: Marigold|1\n|-damage|p2a: Marigold|0 fnt\n|faint|p2a: Marigold\n|move|p2b: Sunflower|Sludge Bomb|p1a: Capuchin\n|-damage|p1a: Capuchin|0 fnt\n|faint|p1a: Capuchin\n|\n|-weather|Snowscape|[upkeep]\n|upkeep\n|\n|t:|1775953443\n|switch|p2a: Belladonna|Sneasler, L50, M|100/100\n|-ability|p2a: Belladonna|Pressure\n|turn|5\n|\n|t:|1775953455\n|move|p2a: Belladonna|Fake Out|p1b: Spider monkey\n|-damage|p1b: Spider monkey|78/100\n|cant|p1b: Spider monkey|flinch\n|move|p2b: Sunflower|Sludge Bomb|p1b: Spider monkey\n|-supereffective|p1b: Spider monkey|1\n|-damage|p1b: Spider monkey|0 fnt\n|faint|p1b: Spider monkey\n|\n|win|Galbitrix\n",
  "uploadtime": 1775953464,
  "views": 11,
  "formatid": "gen9championsvgc2026regma",
  "rating": null,
  "private": 0,
  "password": null
}