{
  "id": "gen9championsvgc2026regma-2583643492",
  "format": "[Gen 9 Champions] VGC 2026 Reg M-A",
  "players": [
    "Chococroc",
    "ScribbleScribble"
  ],
  "log": "|j|\u2606Chococroc\n|j|\u2606ScribbleScribble\n|t:|1776188364\n|gametype|doubles\n|player|p1|Chococroc|pokemaniac|1462\n|player|p2|ScribbleScribble|mina-lgpe|1464\n|gen|9\n|tier|[Gen 9 Champions] VGC 2026 Reg M-A\n|rated|\n|rule|Species Clause: Limit one of each Pok\u00e9mon\n|rule|Item Clause: Limit 1 of each item\n|clearpoke\n|poke|p1|Gengar, L50, F|\n|poke|p1|Snorlax, L50, M|\n|poke|p1|Politoed, L50, F|\n|poke|p1|Archaludon, L50, M|\n|poke|p1|Sinistcha, L50|\n|poke|p1|Volcarona, L50, F|\n|poke|p2|Floette-Eternal, L50, F|\n|poke|p2|Sneasler, L50, M|\n|poke|p2|Aerodactyl, L50, F|\n|poke|p2|Garchomp, L50, F|\n|poke|p2|Kingambit, L50, F|\n|poke|p2|Basculegion, L50, M|\n|teampreview|4\n|inactive|Battle timer is ON: inactive players will automatically lose when time's up. (requested by ScribbleScribble)\n|j| DirtyDan257\n|inactive|Chococroc has 60 seconds left.\n|\n|t:|1776188411\n|teamsize|p1|4\n|teamsize|p2|4\n|start\n|switch|p1a: Gengar|Gengar, L50, F|100/100\n|switch|p1b: Snorlax|Snorlax, L50, M|100/100\n|switch|p2a: Sneasler|Sneasler, L50, M|100/100\n|switch|p2b: Aerodactyl|Aerodactyl, L50, F|100/100\n|-ability|p2b: Aerodactyl|Unnerve\n|turn|1\n|\n|t:|1776188422\n|detailschange|p1a: Gengar|Gengar-Mega, L50, F\n|-mega|p1a: Gengar|Gengar|Gengarite\n|move|p2b: Aerodactyl|Rock Slide|p1b: Snorlax|[spread] p1a,p1b\n|-damage|p1a: Gengar|57/100\n|-damage|p1b: Snorlax|86/100\n|cant|p1a: Gengar|flinch\n|move|p2a: Sneasler|Close Combat|p1b: Snorlax\n|-supereffective|p1b: Snorlax|1\n|-damage|p1b: Snorlax|0 fnt\n|-unboost|p2a: Sneasler|def|1\n|-unboost|p2a: Sneasler|spd|1\n|faint|p1b: Snorlax\n|-enditem|p2a: Sneasler|White Herb\n|-clearnegativeboost|p2a: Sneasler|[silent]\n|\n|upkeep\n|\n|t:|1776188434\n|switch|p1b: Sinistcha|Sinistcha, L50|100/100\n|-heal|p1a: Gengar|82/100|[from] ability: Hospitality|[of] p1b: Sinistcha\n|turn|2\n|\n|t:|1776188449\n|move|p2a: Sneasler|Dire Claw|p1a: Gengar\n|-resisted|p1a: Gengar|2\n|-damage|p1a: Gengar|65/100\n|-status|p1a: Gengar|slp\n|move|p2b: Aerodactyl|Rock Slide|p1b: Sinistcha|[spread] \n|-miss|p2b: Aerodactyl|p1a: Gengar\n|-miss|p2b: Aerodactyl|p1b: Sinistcha\n|cant|p1a: Gengar|slp\n|move|p1b: Sinistcha|Matcha Gotcha|p2b: Aerodactyl|[spread] p2b\n|-miss|p1b: Sinistcha|p2a: Sneasler\n|-damage|p2b: Aerodactyl|64/100\n|\n|upkeep\n|turn|3\n|\n|t:|1776188471\n|move|p2a: Sneasler|Dire Claw|p1b: Sinistcha\n|-damage|p1b: Sinistcha|68/100\n|-status|p1b: Sinistcha|par\n|cant|p1a: Gengar|slp\n|move|p2b: Aerodactyl|Dual Wingbeat|p1b: Sinistcha\n|-supereffective|p1b: Sinistcha|1\n|-crit|p1b: Sinistcha\n|-damage|p1b: Sinistcha|30/100 par\n|-supereffective|p1b: Sinistcha|1\n|-damage|p1b: Sinistcha|6/100 par\n|-hitcount|p1b: Sinistcha|2\n|move|p1b: Sinistcha|Life Dew|p1b: Sinistcha|[spread] p1a,p1b\n|-heal|p1a: Gengar|90/100 slp\n|-heal|p1b: Sinistcha|31/100 par\n|\n|upkeep\n|turn|4\n|\n|t:|1776188495\n|move|p2a: Sneasler|Dire Claw|p1b: Sinistcha\n|-damage|p1b: Sinistcha|0 fnt\n|faint|p1b: Sinistcha\n|move|p2b: Aerodactyl|Rock Slide|p1a: Gengar\n|-damage|p1a: Gengar|41/100 slp\n|-curestatus|p1a: Gengar|slp|[msg]\n|move|p1a: Gengar|Shadow Ball|p2b: Aerodactyl\n|-damage|p2b: Aerodactyl|0 fnt\n|faint|p2b: Aerodactyl\n|\n|upkeep\n|\n|t:|1776188505\n|switch|p2b: Basculegion|Basculegion, L50, M|100/100\n|switch|p1b: Volcarona|Volcarona, L50, F|100/100\n|turn|5\n|\n|t:|1776188514\n|move|p1b: Volcarona|Protect|p1b: Volcarona\n|-singleturn|p1b: Volcarona|Protect\n|move|p2a: Sneasler|Dire Claw|p1a: Gengar\n|-resisted|p1a: Gengar|2\n|-damage|p1a: Gengar|22/100\n|move|p2b: Basculegion|Wave Crash|p1b: Volcarona\n|-activate|p1b: Volcarona|move: Protect\n|move|p1a: Gengar|Disable|p2b: Basculegion\n|-start|p2b: Basculegion|Disable|Wave Crash\n|\n|upkeep\n|turn|6\n|\n|t:|1776188531\n|move|p2a: Sneasler|Dire Claw|p1b: Volcarona\n|-damage|p1b: Volcarona|38/100\n|-status|p2a: Sneasler|brn|[from] ability: Flame Body|[of] p1b: Volcarona\n|-activate|p2b: Basculegion|move: Struggle\n|move|p2b: Basculegion|Struggle|p1b: Volcarona\n|-damage|p1b: Volcarona|17/100\n|-damage|p2b: Basculegion|76/100|[from] recoil\n|move|p1a: Gengar|Disable|p2a: Sneasler\n|-start|p2a: Sneasler|Disable|Dire Claw\n|move|p1b: Volcarona|Quiver Dance|p1b: Volcarona\n|-boost|p1b: Volcarona|spa|1\n|-boost|p1b: Volcarona|spd|1\n|-boost|p1b: Volcarona|spe|1\n|\n|-damage|p2a: Sneasler|95/100 brn|[from] brn\n|upkeep\n|turn|7\n|j| threeturnsleepfan\n|inactive|Chococroc has 30 seconds left.\n|j| iamanewbie2\n|inactive|Chococroc has 20 seconds left.\n|\n|t:|1776188571\n|move|p2a: Sneasler|Close Combat|p1b: Volcarona\n|-resisted|p1b: Volcarona|1\n|-damage|p1b: Volcarona|0 fnt\n|-unboost|p2a: Sneasler|def|1\n|-unboost|p2a: Sneasler|spd|1\n|faint|p1b: Volcarona\n|-activate|p2b: Basculegion|move: Struggle\n|move|p2b: Basculegion|Struggle|p1a: Gengar\n|-damage|p1a: Gengar|0 fnt\n|faint|p1a: Gengar\n|-damage|p2b: Basculegion|51/100|[from] recoil\n|\n|win|ScribbleScribble\n|raw|Chococroc's rating: 1462 &rarr; <strong>1443</strong><br />(-19 for losing)\n|raw|ScribbleScribble's rating: 1479 &rarr; <strong>1498</strong><br />(+19 for winning)\n|j| NEONxTOKYO\n",
  "uploadtime": 1776188572,
  "views": 86,
  "formatid": "gen9championsvgc2026regma",
  "rating": 1443,
  "private": 0,
  "password": null
}