{
  "id": "gen9championsvgc2026regma-2581806843",
  "format": "[Gen 9 Champions] VGC 2026 Reg M-A",
  "players": [
    "testhan92",
    "mondher"
  ],
  "log": "|j|\u2606testhan92\n|j|\u2606mondher\n|t:|1776029970\n|gametype|doubles\n|player|p1|testhan92|101|1000\n|player|p2|mondher|101|1010\n|gen|9\n|tier|[Gen 9 Champions] VGC 2026 Reg M-A\n|rated|\n|rule|Species Clause: Limit one of each Pok\u00e9mon\n|rule|Item Clause: Limit 1 of each item\n|clearpoke\n|poke|p1|Charizard, L50, M|\n|poke|p1|Tyranitar, L50, M|\n|poke|p1|Aegislash, L50, F|\n|poke|p1|Floette-Eternal, L50, F|\n|poke|p1|Sinistcha, L50|\n|poke|p1|Gyarados, L50, M|\n|poke|p2|Whimsicott, L50, M|\n|poke|p2|Gengar, L50, F|\n|poke|p2|Maushold, L50|\n|poke|p2|Aerodactyl, L50, M|\n|poke|p2|Floette-Eternal, L50, F|\n|poke|p2|Pelipper, L50, M|\n|teampreview|4\n|inactive|Battle timer is ON: inactive players will automatically lose when time's up. (requested by testhan92)\n|\n|t:|1776030008\n|teamsize|p1|4\n|teamsize|p2|4\n|start\n|switch|p1a: Charizard|Charizard, L50, M|100/100\n|switch|p1b: Aegislash|Aegislash, L50, F|100/100\n|switch|p2a: Whimsicott|Whimsicott, L50, M|100/100\n|switch|p2b: Gengar|Gengar, L50, F|100/100\n|turn|1\n|\n|t:|1776030030\n|detailschange|p2b: Gengar|Gengar-Mega, L50, F\n|-mega|p2b: Gengar|Gengar|Gengarite\n|detailschange|p1a: Charizard|Charizard-Mega-X, L50, M\n|-mega|p1a: Charizard|Charizard|Charizardite X\n|move|p1b: Aegislash|King's Shield|p1b: Aegislash\n|-singleturn|p1b: Aegislash|Protect\n|move|p2a: Whimsicott|Fake Tears|p1b: Aegislash\n|-unboost|p1b: Aegislash|spd|2\n|move|p2b: Gengar|Shadow Ball|p1b: Aegislash\n|-activate|p1b: Aegislash|move: Protect\n|move|p1a: Charizard|Flare Blitz|p2b: Gengar\n|-damage|p2b: Gengar|0 fnt\n|faint|p2b: Gengar\n|-damage|p1a: Charizard|74/100|[from] Recoil\n|\n|upkeep\n|\n|t:|1776030048\n|switch|p2b: Pelipper|Pelipper, L50, M|100/100\n|-weather|RainDance|[from] ability: Drizzle|[of] p2b: Pelipper\n|turn|2\n|\n|t:|1776030070\n|switch|p1b: Tyranitar|Tyranitar, L50, M|100/100\n|-weather|Sandstorm|[from] ability: Sand Stream|[of] p1b: Tyranitar\n|move|p2a: Whimsicott|Encore|p1a: Charizard\n|-start|p1a: Charizard|Encore\n|move|p2b: Pelipper|Muddy Water|p1a: Charizard|[spread] p1a,p1b\n|-supereffective|p1b: Tyranitar|1\n|-damage|p1a: Charizard|38/100\n|-damage|p1b: Tyranitar|59/100\n|move|p1a: Charizard|Flare Blitz|p2b: Pelipper\n|-resisted|p2b: Pelipper|1\n|-damage|p2b: Pelipper|51/100\n|-damage|p1a: Charizard|26/100|[from] Recoil\n|\n|-weather|Sandstorm|[upkeep]\n|-damage|p2a: Whimsicott|95/100|[from] Sandstorm\n|-damage|p2b: Pelipper|45/100|[from] Sandstorm\n|-damage|p1a: Charizard|20/100|[from] Sandstorm\n|upkeep\n|turn|3\n|inactive|testhan92 has 30 seconds left.\n|inactive|mondher has 30 seconds left.\n|\n|t:|1776030097\n|switch|p1a: Aegislash|Aegislash, L50, F|100/100\n|move|p2a: Whimsicott|Tailwind|p2a: Whimsicott\n|-sidestart|p2: mondher|move: Tailwind\n|move|p2b: Pelipper|Muddy Water|p1b: Tyranitar|[spread] p1b\n|-miss|p2b: Pelipper|p1a: Aegislash\n|-supereffective|p1b: Tyranitar|1\n|-damage|p1b: Tyranitar|15/100\n|move|p1b: Tyranitar|Ice Punch|p2a: Whimsicott\n|-supereffective|p2a: Whimsicott|1\n|-damage|p2a: Whimsicott|15/100\n|\n|-weather|Sandstorm|[upkeep]\n|-damage|p2a: Whimsicott|9/100|[from] Sandstorm\n|-damage|p2b: Pelipper|39/100|[from] Sandstorm\n|upkeep\n|turn|4\n|inactive|testhan92 has 30 seconds left.\n|inactive|testhan92 has 20 seconds left.\n|inactive|testhan92 has 15 seconds left.\n|inactive|testhan92 has 10 seconds left.\n|\n|t:|1776030146\n|switch|p2a: Aerodactyl|Aerodactyl, L50, M|100/100\n|-ability|p2a: Aerodactyl|Unnerve\n|switch|p1b: Gyarados|Gyarados, L50, M|100/100\n|-ability|p1b: Gyarados|Intimidate|boost\n|-unboost|p2a: Aerodactyl|atk|1\n|-unboost|p2b: Pelipper|atk|1\n|move|p2b: Pelipper|Muddy Water|p1a: Aegislash|[spread] p1b\n|-miss|p2b: Pelipper|p1a: Aegislash\n|-resisted|p1b: Gyarados|1\n|-damage|p1b: Gyarados|87/100\n|-formechange|p1a: Aegislash|Aegislash-Blade|\n|move|p1a: Aegislash|Iron Head|p2a: Aerodactyl\n|-supereffective|p2a: Aerodactyl|1\n|-damage|p2a: Aerodactyl|0 fnt\n|faint|p2a: Aerodactyl\n|\n|-weather|Sandstorm|[upkeep]\n|-damage|p2b: Pelipper|33/100|[from] Sandstorm\n|-damage|p1b: Gyarados|81/100|[from] Sandstorm\n|upkeep\n|\n|t:|1776030164\n|switch|p2a: Whimsicott|Whimsicott, L50, M|9/100\n|turn|5\n|\n|t:|1776030178\n|move|p1a: Aegislash|Wide Guard|p1a: Aegislash\n|-singleturn|p1a: Aegislash|Wide Guard\n|move|p2a: Whimsicott|Endeavor|p1b: Gyarados\n|-damage|p1b: Gyarados|6/100\n|move|p2b: Pelipper|Muddy Water|p1b: Gyarados|[spread] \n|-activate|p1a: Aegislash|move: Wide Guard\n|-activate|p1b: Gyarados|move: Wide Guard\n|move|p1b: Gyarados|Waterfall|p2a: Whimsicott\n|-resisted|p2a: Whimsicott|1\n|-damage|p2a: Whimsicott|0 fnt\n|faint|p2a: Whimsicott\n|\n|-weather|Sandstorm|[upkeep]\n|-damage|p2b: Pelipper|28/100|[from] Sandstorm\n|-damage|p1b: Gyarados|0 fnt|[from] Sandstorm\n|faint|p1b: Gyarados\n|upkeep\n|-message|mondher forfeited.\n|\n|win|testhan92\n|raw|testhan92's rating: 1000 &rarr; <strong>1041</strong><br />(+41 for winning)\n|raw|mondher's rating: 1010 &rarr; <strong>1000</strong><br />(-10 for losing)\n|l|\u2606mondher\n|player|p2|\n",
  "uploadtime": 1776030191,
  "views": 39,
  "formatid": "gen9championsvgc2026regma",
  "rating": 1000,
  "private": 0,
  "password": null
}