{
  "id": "gen9championsvgc2026regma-2581772261",
  "format": "[Gen 9 Champions] VGC 2026 Reg M-A",
  "players": [
    "midoo",
    "GiulyTheClockworko"
  ],
  "log": "|j|\u2606midoo\n|j|\u2606GiulyTheClockworko\n|t:|1776027202\n|gametype|doubles\n|player|p1|midoo|brycenman|1089\n|player|p2|GiulyTheClockworko|saturn|1035\n|gen|9\n|tier|[Gen 9 Champions] VGC 2026 Reg M-A\n|rated|\n|rule|Species Clause: Limit one of each Pok\u00e9mon\n|rule|Item Clause: Limit 1 of each item\n|clearpoke\n|poke|p1|Charizard, L50, M|\n|poke|p1|Venusaur, L50, M|\n|poke|p1|Garchomp, L50, F|\n|poke|p1|Rotom-Wash, L50|\n|poke|p1|Sneasler, L50, M|\n|poke|p1|Incineroar, L50, F|\n|poke|p2|Garchomp, L50, M|\n|poke|p2|Tyranitar, L50, M|\n|poke|p2|Incineroar, L50, M|\n|poke|p2|Sinistcha, L50|\n|poke|p2|Sneasler, L50, M|\n|poke|p2|Rotom-Wash, L50|\n|teampreview|4\n|inactive|Battle timer is ON: inactive players will automatically lose when time's up. (requested by GiulyTheClockworko)\n|\n|t:|1776027230\n|teamsize|p1|4\n|teamsize|p2|4\n|start\n|switch|p1a: Rotom|Rotom-Wash, L50|100/100\n|switch|p1b: Sneasler|Sneasler, L50, M|100/100\n|switch|p2a: Tyranitar|Tyranitar, L50, M|100/100\n|switch|p2b: Incineroar|Incineroar, L50, M|100/100\n|-ability|p2b: Incineroar|Intimidate|boost\n|-unboost|p1a: Rotom|atk|1\n|-unboost|p1b: Sneasler|atk|1\n|-weather|Sandstorm|[from] ability: Sand Stream|[of] p2a: Tyranitar\n|-enditem|p1b: Sneasler|White Herb\n|-clearnegativeboost|p1b: Sneasler|[silent]\n|turn|1\n|inactive|GiulyTheClockworko has 30 seconds left.\n|\n|t:|1776027256\n|move|p2b: Incineroar|Protect|p2b: Incineroar\n|-singleturn|p2b: Incineroar|Protect\n|move|p1b: Sneasler|Fake Out|p2b: Incineroar\n|-activate|p2b: Incineroar|move: Protect\n|move|p1a: Rotom|Hydro Pump|p2b: Incineroar\n|-activate|p2b: Incineroar|move: Protect\n|move|p2a: Tyranitar|High Horsepower|p1b: Sneasler\n|-supereffective|p1b: Sneasler|1\n|-damage|p1b: Sneasler|0 fnt\n|faint|p1b: Sneasler\n|\n|-weather|Sandstorm|[upkeep]\n|-damage|p1a: Rotom|95/100|[from] Sandstorm\n|-damage|p2b: Incineroar|95/100|[from] Sandstorm\n|-heal|p1a: Rotom|100/100|[from] item: Leftovers\n|upkeep\n|\n|t:|1776027273\n|switch|p1b: Garchomp|Garchomp, L50, F|100/100\n|turn|2\n|\n|t:|1776027293\n|move|p1b: Garchomp|Earthquake|p2a: Tyranitar|[spread] p2a,p2b\n|-immune|p1a: Rotom|[from] ability: Levitate\n|-supereffective|p2a: Tyranitar|1\n|-supereffective|p2b: Incineroar|1\n|-damage|p2a: Tyranitar|39/100\n|-damage|p2b: Incineroar|23/100\n|move|p1a: Rotom|Hydro Pump|p2a: Tyranitar|[miss]\n|-miss|p1a: Rotom|p2a: Tyranitar\n|move|p2b: Incineroar|Parting Shot|p1b: Garchomp\n|-unboost|p1b: Garchomp|atk|1\n|-unboost|p1b: Garchomp|spa|1\n|\n|t:|1776027304\n|switch|p2b: Garchomp|Garchomp, L50, M|100/100|[from] Parting Shot\n|move|p2a: Tyranitar|High Horsepower|p1a: Rotom\n|-immune|p1a: Rotom|[from] ability: Levitate\n|\n|-weather|Sandstorm|[upkeep]\n|-damage|p1a: Rotom|95/100|[from] Sandstorm\n|-heal|p1a: Rotom|100/100|[from] item: Leftovers\n|upkeep\n|turn|3\n|\n|t:|1776027324\n|switch|p1b: Charizard|Charizard, L50, M|100/100\n|detailschange|p2b: Garchomp|Garchomp-Mega, L50, M\n|-mega|p2b: Garchomp|Garchomp|Garchompite\n|move|p2b: Garchomp|Dragon Claw|p1b: Charizard\n|-damage|p1b: Charizard|21/100\n|move|p1a: Rotom|Will-O-Wisp|p2b: Garchomp\n|-status|p2b: Garchomp|brn\n|move|p2a: Tyranitar|Rock Slide|p1a: Rotom|[spread] p1a,p1b\n|-supereffective|p1b: Charizard|2\n|-damage|p1a: Rotom|78/100\n|-damage|p1b: Charizard|0 fnt\n|faint|p1b: Charizard\n|\n|-weather|Sandstorm|[upkeep]\n|-damage|p1a: Rotom|72/100|[from] Sandstorm\n|-heal|p1a: Rotom|78/100|[from] item: Leftovers\n|-damage|p2b: Garchomp|95/100 brn|[from] brn\n|upkeep\n|\n|t:|1776027342\n|switch|p1b: Garchomp|Garchomp, L50, F|100/100\n|turn|4\n|\n|t:|1776027357\n|move|p1b: Garchomp|Dragon Claw|p2b: Garchomp\n|-supereffective|p2b: Garchomp|1\n|-damage|p2b: Garchomp|12/100 brn\n|move|p2b: Garchomp|Dragon Claw|p1b: Garchomp\n|-supereffective|p1b: Garchomp|1\n|-damage|p1b: Garchomp|41/100\n|-damage|p2b: Garchomp|0 fnt|[from] ability: Rough Skin|[of] p1b: Garchomp\n|faint|p2b: Garchomp\n|move|p1a: Rotom|Hydro Pump|p2a: Tyranitar|[miss]\n|-miss|p1a: Rotom|p2a: Tyranitar\n|move|p2a: Tyranitar|High Horsepower|p1b: Garchomp\n|-damage|p1b: Garchomp|11/100\n|-damage|p2a: Tyranitar|27/100|[from] ability: Rough Skin|[of] p1b: Garchomp\n|\n|-weather|Sandstorm|[upkeep]\n|-damage|p1a: Rotom|72/100|[from] Sandstorm\n|-heal|p1a: Rotom|78/100|[from] item: Leftovers\n|upkeep\n|\n|t:|1776027374\n|switch|p2b: Incineroar|Incineroar, L50, M|23/100\n|-ability|p2b: Incineroar|Intimidate|boost\n|-unboost|p1a: Rotom|atk|1\n|-unboost|p1b: Garchomp|atk|1\n|turn|5\n|\n|t:|1776027395\n|move|p2b: Incineroar|Fake Out|p1b: Garchomp\n|-damage|p1b: Garchomp|0 fnt\n|-damage|p2b: Incineroar|10/100|[from] ability: Rough Skin|[of] p1b: Garchomp\n|faint|p1b: Garchomp\n|move|p1a: Rotom|Hydro Pump|p2a: Tyranitar\n|-supereffective|p2a: Tyranitar|1\n|-crit|p2a: Tyranitar\n|-damage|p2a: Tyranitar|0 fnt\n|faint|p2a: Tyranitar\n|\n|-weather|none\n|-heal|p1a: Rotom|83/100|[from] item: Leftovers\n|upkeep\n|\n|t:|1776027406\n|switch|p2a: Sinistcha|Sinistcha, L50|100/100\n|-heal|p2b: Incineroar|35/100|[from] ability: Hospitality|[of] p2a: Sinistcha\n|turn|6\n|\n|t:|1776027414\n|move|p2b: Incineroar|Protect|p2b: Incineroar\n|-singleturn|p2b: Incineroar|Protect\n|move|p1a: Rotom|Hydro Pump|p2b: Incineroar\n|-activate|p2b: Incineroar|move: Protect\n|move|p2a: Sinistcha|Matcha Gotcha|p1a: Rotom\n|-supereffective|p1a: Rotom|1\n|-damage|p1a: Rotom|26/100\n|\n|-heal|p1a: Rotom|32/100|[from] item: Leftovers\n|upkeep\n|turn|7\n|inactive|GiulyTheClockworko has 30 seconds left.\n|\n|t:|1776027448\n|move|p1a: Rotom|Protect|p1a: Rotom\n|-singleturn|p1a: Rotom|Protect\n|move|p2b: Incineroar|Parting Shot|p1a: Rotom\n|-activate|p1a: Rotom|move: Protect\n|move|p2a: Sinistcha|Matcha Gotcha|p1a: Rotom\n|-activate|p1a: Rotom|move: Protect\n|\n|-heal|p1a: Rotom|37/100|[from] item: Leftovers\n|upkeep\n|turn|8\n|\n|t:|1776027460\n|move|p2b: Incineroar|Protect|p2b: Incineroar\n|-singleturn|p2b: Incineroar|Protect\n|move|p1a: Rotom|Hydro Pump|p2b: Incineroar\n|-activate|p2b: Incineroar|move: Protect\n|move|p2a: Sinistcha|Matcha Gotcha|p1a: Rotom\n|-supereffective|p1a: Rotom|1\n|-damage|p1a: Rotom|0 fnt\n|faint|p1a: Rotom\n|\n|win|GiulyTheClockworko\n|raw|midoo's rating: 1089 &rarr; <strong>1062</strong><br />(-27 for losing)\n|raw|GiulyTheClockworko's rating: 1035 &rarr; <strong>1075</strong><br />(+40 for winning)\n",
  "uploadtime": 1776027473,
  "views": 12,
  "formatid": "gen9championsvgc2026regma",
  "rating": 1062,
  "private": 0,
  "password": null
}