{
  "id": "gen9championsvgc2026regma-2585479634",
  "format": "[Gen 9 Champions] VGC 2026 Reg M-A",
  "players": [
    "pinkes",
    "A$apdos Rocky"
  ],
  "log": "|j|\u2606pinkes\n|j|\u2606A$apdos Rocky\n|t:|1776350250\n|gametype|doubles\n|player|p1|pinkes|burglar|1228\n|player|p2|A$apdos Rocky|hugh|1205\n|gen|9\n|tier|[Gen 9 Champions] VGC 2026 Reg M-A\n|rated|\n|rule|Species Clause: Limit one of each Pok\u00e9mon\n|rule|Item Clause: Limit 1 of each item\n|clearpoke\n|poke|p1|Delphox, L50, F|\n|poke|p1|Aerodactyl, L50, F|\n|poke|p1|Sinistcha, L50|\n|poke|p1|Goodra-Hisui, L50, M|\n|poke|p1|Sneasler, L50, F|\n|poke|p1|Rotom-Wash, L50|\n|poke|p2|Tyranitar, L50, F|\n|poke|p2|Orthworm, L50, F|\n|poke|p2|Rotom-Wash, L50|\n|poke|p2|Farigiraf, L50, F|\n|poke|p2|Sinistcha, L50|\n|poke|p2|Sneasler, L50, F|\n|teampreview|4\n|inactive|Battle timer is ON: inactive players will automatically lose when time's up. (requested by A$apdos Rocky)\n|inactive|pinkes also wants the timer to be on.\n|\n|t:|1776350277\n|teamsize|p1|4\n|teamsize|p2|4\n|start\n|switch|p1a: Goodra|Goodra-Hisui, L50, M|100/100\n|switch|p1b: Aerodactyl|Aerodactyl, L50, F|100/100\n|switch|p2a: El Fary|Farigiraf, L50, F|100/100\n|switch|p2b: Orugrita|Orthworm, L50, F|100/100\n|-ability|p1b: Aerodactyl|Unnerve\n|turn|1\n|inactive|pinkes has 30 seconds left.\n|\n|t:|1776350303\n|switch|p1b: Delphox|Delphox, L50, F|100/100\n|move|p2b: Orugrita|Protect|p2b: Orugrita\n|-singleturn|p2b: Orugrita|Protect\n|move|p1a: Goodra|Shelter|p1a: Goodra\n|-boost|p1a: Goodra|def|2\n|move|p2a: El Fary|Trick Room|p2a: El Fary\n|-fieldstart|move: Trick Room|[of] p2a: El Fary\n|\n|upkeep\n|turn|2\n|\n|t:|1776350316\n|move|p1b: Delphox|Protect|p1b: Delphox\n|-singleturn|p1b: Delphox|Protect\n|move|p1a: Goodra|Shelter|p1a: Goodra\n|-boost|p1a: Goodra|def|2\n|move|p2b: Orugrita|Shed Tail|p2b: Orugrita\n|-start|p2b: Orugrita|Substitute|[from] move: Shed Tail\n|-damage|p2b: Orugrita|50/100\n|-enditem|p2b: Orugrita|Sitrus Berry|[eat]\n|-heal|p2b: Orugrita|75/100|[from] item: Sitrus Berry\n|\n|t:|1776350327\n|switch|p2b: El Bicho|Tyranitar, L50, F|100/100|[from] Shed Tail\n|-weather|Sandstorm|[from] ability: Sand Stream|[of] p2b: El Bicho\n|move|p2a: El Fary|Light Screen|p2a: El Fary\n|-sidestart|p2: A$apdos Rocky|move: Light Screen\n|\n|-weather|Sandstorm|[upkeep]\n|-damage|p2a: El Fary|94/100|[from] Sandstorm\n|-damage|p1b: Delphox|95/100|[from] Sandstorm\n|upkeep\n|turn|3\n|\n|t:|1776350348\n|switch|p1b: Aerodactyl|Aerodactyl, L50, F|100/100\n|-ability|p1b: Aerodactyl|Unnerve\n|move|p1a: Goodra|Body Press|p2b: El Bicho\n|-supereffective|p2b: El Bicho|2\n|-end|p2b: El Bicho|Substitute\n|move|p2a: El Fary|Hyper Voice|p1a: Goodra|[spread] p1a,p1b\n|-resisted|p1a: Goodra|1\n|-resisted|p1b: Aerodactyl|1\n|-damage|p1a: Goodra|94/100\n|-damage|p1b: Aerodactyl|89/100\n|move|p2b: El Bicho|Rock Slide|p1b: Aerodactyl|[spread] \n|-miss|p2b: El Bicho|p1a: Goodra\n|-miss|p2b: El Bicho|p1b: Aerodactyl\n|\n|-weather|Sandstorm|[upkeep]\n|-damage|p2a: El Fary|88/100|[from] Sandstorm\n|-heal|p1a: Goodra|99/100|[from] item: Leftovers\n|upkeep\n|turn|4\n|inactive|A$apdos Rocky has 30 seconds left.\n|\n|t:|1776350380\n|move|p2b: El Bicho|Protect|p2b: El Bicho\n|-singleturn|p2b: El Bicho|Protect\n|move|p1b: Aerodactyl|Protect|p1b: Aerodactyl\n|-singleturn|p1b: Aerodactyl|Protect\n|move|p1a: Goodra|Body Press|p2b: El Bicho\n|-activate|p2b: El Bicho|move: Protect\n|move|p2a: El Fary|Twin Beam|p1a: Goodra\n|-resisted|p1a: Goodra|1\n|-damage|p1a: Goodra|95/100\n|-resisted|p1a: Goodra|1\n|-damage|p1a: Goodra|91/100\n|-hitcount|p1a: Goodra|2\n|\n|-weather|Sandstorm|[upkeep]\n|-damage|p2a: El Fary|82/100|[from] Sandstorm\n|-heal|p1a: Goodra|97/100|[from] item: Leftovers\n|upkeep\n|turn|5\n|inactive|A$apdos Rocky has 30 seconds left.\n|\n|t:|1776350406\n|switch|p2b: Orugrita|Orthworm, L50, F|75/100\n|move|p1a: Goodra|Body Press|p2b: Orugrita\n|-supereffective|p2b: Orugrita|1\n|-damage|p2b: Orugrita|6/100\n|move|p2a: El Fary|Hyper Voice|p1b: Aerodactyl|[spread] p1a,p1b\n|-resisted|p1a: Goodra|1\n|-resisted|p1b: Aerodactyl|1\n|-damage|p1a: Goodra|90/100\n|-damage|p1b: Aerodactyl|77/100\n|move|p1b: Aerodactyl|Dual Wingbeat|p2a: El Fary\n|-damage|p2a: El Fary|69/100\n|-damage|p2a: El Fary|55/100\n|-hitcount|p2a: El Fary|2\n|\n|-weather|Sandstorm|[upkeep]\n|-damage|p2a: El Fary|49/100|[from] Sandstorm\n|-heal|p1a: Goodra|96/100|[from] item: Leftovers\n|-fieldend|move: Trick Room\n|upkeep\n|turn|6\n|inactive|A$apdos Rocky has 30 seconds left.\n|\n|t:|1776350439\n|move|p2b: Orugrita|Protect|p2b: Orugrita\n|-singleturn|p2b: Orugrita|Protect\n|move|p1b: Aerodactyl|Dual Wingbeat|p2b: Orugrita\n|-activate|p2b: Orugrita|move: Protect\n|move|p2a: El Fary|Hyper Voice|p1a: Goodra|[spread] p1a,p1b\n|-resisted|p1a: Goodra|1\n|-resisted|p1b: Aerodactyl|1\n|-damage|p1a: Goodra|90/100\n|-damage|p1b: Aerodactyl|66/100\n|move|p1a: Goodra|Body Press|p2a: El Fary\n|-damage|p2a: El Fary|8/100\n|\n|-weather|none\n|-heal|p1a: Goodra|96/100|[from] item: Leftovers\n|-sideend|p2: A$apdos Rocky|move: Light Screen\n|upkeep\n|turn|7\n|\n|t:|1776350464\n|move|p1b: Aerodactyl|Rock Slide|p2b: Orugrita|[spread] p2a,p2b\n|-resisted|p2b: Orugrita|1\n|-damage|p2a: El Fary|0 fnt\n|-damage|p2b: Orugrita|0 fnt\n|faint|p2a: El Fary\n|faint|p2b: Orugrita\n|move|p1a: Goodra|Body Press|p2: El Fary|[notarget]\n|-fail|p1a: Goodra\n|\n|-heal|p1a: Goodra|100/100|[from] item: Leftovers\n|upkeep\n|\n|t:|1776350475\n|switch|p2a: El Bicho|Tyranitar, L50, F|100/100\n|switch|p2b: Sneasler|Sneasler, L50, F|100/100\n|-weather|Sandstorm|[from] ability: Sand Stream|[of] p2a: El Bicho\n|turn|8\n|inactive|A$apdos Rocky has 30 seconds left.\n|\n|t:|1776350509\n|move|p2b: Sneasler|Fake Out|p1a: Goodra\n|-resisted|p1a: Goodra|1\n|-damage|p1a: Goodra|98/100\n|move|p1b: Aerodactyl|Dual Wingbeat|p2b: Sneasler\n|-supereffective|p2b: Sneasler|1\n|-damage|p2b: Sneasler|42/100\n|-supereffective|p2b: Sneasler|1\n|-damage|p2b: Sneasler|0 fnt\n|faint|p2b: Sneasler\n|-hitcount|p2: Sneasler|2\n|move|p2a: El Bicho|Rock Slide|p1b: Aerodactyl|[spread] p1b\n|-miss|p2a: El Bicho|p1a: Goodra\n|-supereffective|p1b: Aerodactyl|1\n|-damage|p1b: Aerodactyl|0 fnt\n|faint|p1b: Aerodactyl\n|cant|p1a: Goodra|flinch\n|\n|-weather|Sandstorm|[upkeep]\n|-heal|p1a: Goodra|100/100|[from] item: Leftovers\n|upkeep\n|\n|t:|1776350526\n|switch|p1b: Sinistcha|Sinistcha, L50|100/100\n|turn|9\n|\n|t:|1776350537\n|detailschange|p2a: El Bicho|Tyranitar-Mega, L50, F\n|-mega|p2a: El Bicho|Tyranitar|Tyranitarite\n|move|p2a: El Bicho|Earthquake|p1a: Goodra|[spread] p1a,p1b\n|-supereffective|p1a: Goodra|1\n|-resisted|p1b: Sinistcha|1\n|-damage|p1a: Goodra|80/100\n|-damage|p1b: Sinistcha|89/100\n|move|p1b: Sinistcha|Matcha Gotcha|p2a: El Bicho\n|-supereffective|p2a: El Bicho|1\n|-damage|p2a: El Bicho|68/100\n|-heal|p1b: Sinistcha|100/100|[from] drain|[of] p2a: El Bicho\n|-status|p2a: El Bicho|brn\n|move|p1a: Goodra|Body Press|p2a: El Bicho\n|-supereffective|p2a: El Bicho|2\n|-damage|p2a: El Bicho|0 fnt\n|faint|p2a: El Bicho\n|\n|win|pinkes\n|raw|pinkes's rating: 1228 &rarr; <strong>1251</strong><br />(+23 for winning)\n|raw|A$apdos Rocky's rating: 1205 &rarr; <strong>1182</strong><br />(-23 for losing)\n",
  "uploadtime": 1776350551,
  "views": 29,
  "formatid": "gen9championsvgc2026regma",
  "rating": 1182,
  "private": 0,
  "password": null
}