{
  "id": "gen9championsvgc2026regma-2586950387",
  "format": "[Gen 9 Champions] VGC 2026 Reg M-A",
  "players": [
    "sprix",
    "areestoo"
  ],
  "log": "|j|\u2606sprix\n|j|\u2606areestoo\n|t:|1776474841\n|gametype|doubles\n|player|p1|sprix|benga|1340\n|player|p2|areestoo|101|1346\n|gen|9\n|tier|[Gen 9 Champions] VGC 2026 Reg M-A\n|rated|\n|rule|Species Clause: Limit one of each Pok\u00e9mon\n|rule|Item Clause: Limit 1 of each item\n|clearpoke\n|poke|p1|Delphox, L50, F|\n|poke|p1|Sinistcha, L50|\n|poke|p1|Primarina, L50, F|\n|poke|p1|Rotom-Wash, L50|\n|poke|p1|Excadrill, L50, M|\n|poke|p1|Tyranitar, L50, M|\n|poke|p2|Incineroar, L50, M|\n|poke|p2|Farigiraf, L50, M|\n|poke|p2|Torkoal, L50, F|\n|poke|p2|Scovillain, L50, F|\n|poke|p2|Feraligatr, L50, M|\n|poke|p2|Kingambit, L50, F|\n|teampreview|4\n|inactive|Battle timer is ON: inactive players will automatically lose when time's up. (requested by sprix)\n|inactive|areestoo also wants the timer to be on.\n|\n|t:|1776474868\n|teamsize|p1|4\n|teamsize|p2|4\n|start\n|switch|p1a: Rotom|Rotom-Wash, L50|100/100\n|switch|p1b: Primarina|Primarina, L50, F|100/100\n|switch|p2a: Incineroar|Incineroar, L50, M|100/100\n|switch|p2b: Farigiraf|Farigiraf, L50, M|100/100\n|-ability|p2a: Incineroar|Intimidate|boost\n|-unboost|p1a: Rotom|atk|1\n|-unboost|p1b: Primarina|atk|1\n|turn|1\n|\n|t:|1776474891\n|move|p2a: Incineroar|Fake Out|p1b: Primarina\n|-damage|p1b: Primarina|89/100\n|move|p1a: Rotom|Hydro Pump|p2a: Incineroar\n|-supereffective|p2a: Incineroar|1\n|-damage|p2a: Incineroar|13/100\n|cant|p1b: Primarina|flinch\n|move|p2b: Farigiraf|Trick Room|p2b: Farigiraf\n|-fieldstart|move: Trick Room|[of] p2b: Farigiraf\n|\n|-heal|p1b: Primarina|95/100|[from] item: Leftovers\n|upkeep\n|turn|2\n|\n|t:|1776474914\n|move|p2a: Incineroar|Throat Chop|p1b: Primarina\n|-resisted|p1b: Primarina|1\n|-crit|p1b: Primarina\n|-damage|p1b: Primarina|69/100\n|-start|p1b: Primarina|Throat Chop|[silent]\n|move|p1b: Primarina|Calm Mind|p1b: Primarina\n|-boost|p1b: Primarina|spa|1\n|-boost|p1b: Primarina|spd|1\n|move|p2b: Farigiraf|Nasty Plot|p2b: Farigiraf\n|-boost|p2b: Farigiraf|spa|2\n|move|p1a: Rotom|Hydro Pump|p2b: Farigiraf|[miss]\n|-miss|p1a: Rotom|p2b: Farigiraf\n|\n|-heal|p1b: Primarina|75/100|[from] item: Leftovers\n|upkeep\n|turn|3\n|inactive|sprix has 30 seconds left.\n|\n|t:|1776474939\n|move|p2a: Incineroar|Throat Chop|p1a: Rotom\n|-damage|p1a: Rotom|60/100\n|-start|p1a: Rotom|Throat Chop|[silent]\n|move|p2b: Farigiraf|Hyper Voice|p1a: Rotom|[spread] p1a,p1b\n|-damage|p1a: Rotom|2/100\n|-damage|p1b: Primarina|40/100\n|move|p1b: Primarina|Calm Mind|p1b: Primarina\n|-boost|p1b: Primarina|spa|1\n|-boost|p1b: Primarina|spd|1\n|move|p1a: Rotom|Hydro Pump|p2a: Incineroar\n|-supereffective|p2a: Incineroar|1\n|-damage|p2a: Incineroar|0 fnt\n|faint|p2a: Incineroar\n|\n|-heal|p1b: Primarina|45/100|[from] item: Leftovers\n|-end|p1b: Primarina|Throat Chop|[silent]\n|upkeep\n|\n|t:|1776474950\n|switch|p2a: Kingambit|Kingambit, L50, F|100/100\n|turn|4\n|\n|t:|1776474960\n|switch|p1a: Tyranitar|Tyranitar, L50, M, shiny|100/100\n|-weather|Sandstorm|[from] ability: Sand Stream|[of] p1a: Tyranitar\n|move|p1b: Primarina|Protect|p1b: Primarina\n|-singleturn|p1b: Primarina|Protect\n|move|p2a: Kingambit|Iron Head|p1b: Primarina\n|-activate|p1b: Primarina|move: Protect\n|move|p2b: Farigiraf|Hyper Voice|p1b: Primarina|[spread] p1a\n|-activate|p1b: Primarina|move: Protect\n|-resisted|p1a: Tyranitar|1\n|-damage|p1a: Tyranitar|81/100\n|\n|-weather|Sandstorm|[upkeep]\n|-damage|p2b: Farigiraf|94/100|[from] Sandstorm\n|-damage|p1b: Primarina|40/100|[from] Sandstorm\n|-heal|p1b: Primarina|45/100|[from] item: Leftovers\n|upkeep\n|turn|5\n|inactive|areestoo has 30 seconds left.\n|\n|t:|1776474987\n|move|p2a: Kingambit|Iron Head|p1b: Primarina\n|-damage|p1b: Primarina|7/100\n|move|p1b: Primarina|Dazzling Gleam|p2a: Kingambit|[spread] p2a,p2b\n|-damage|p2a: Kingambit|48/100\n|-damage|p2b: Farigiraf|44/100\n|move|p2b: Farigiraf|Psychic|p1b: Primarina\n|-damage|p1b: Primarina|0 fnt\n|faint|p1b: Primarina\n|move|p1a: Tyranitar|Low Kick|p2a: Kingambit\n|-supereffective|p2a: Kingambit|2\n|-damage|p2a: Kingambit|0 fnt\n|faint|p2a: Kingambit\n|\n|-weather|Sandstorm|[upkeep]\n|-damage|p2b: Farigiraf|38/100|[from] Sandstorm\n|-fieldend|move: Trick Room\n|upkeep\n|\n|t:|1776475002\n|switch|p1b: Excadrill|Excadrill, L50, M|100/100\n|switch|p2a: Feraligatr|Feraligatr, L50, M|100/100\n|turn|6\n|\n|t:|1776475012\n|detailschange|p2a: Feraligatr|Feraligatr-Mega, L50, M\n|-mega|p2a: Feraligatr|Feraligatr|Feraligite\n|move|p1a: Tyranitar|Protect|p1a: Tyranitar\n|-singleturn|p1a: Tyranitar|Protect\n|move|p1b: Excadrill|Earthquake|p2a: Feraligatr|[spread] p2a,p2b\n|-activate|p1a: Tyranitar|move: Protect\n|-damage|p2a: Feraligatr|64/100\n|-damage|p2b: Farigiraf|0 fnt\n|faint|p2b: Farigiraf\n|move|p2a: Feraligatr|Liquidation|p1a: Tyranitar\n|-activate|p1a: Tyranitar|move: Protect\n|\n|-weather|Sandstorm|[upkeep]\n|-damage|p2a: Feraligatr|58/100|[from] Sandstorm\n|upkeep\n|turn|7\n|-message|areestoo forfeited.\n|\n|win|sprix\n|raw|sprix's rating: 1340 &rarr; <strong>1360</strong><br />(+20 for winning)\n|raw|areestoo's rating: 1346 &rarr; <strong>1326</strong><br />(-20 for losing)\n",
  "uploadtime": 1776475022,
  "views": 43,
  "formatid": "gen9championsvgc2026regma",
  "rating": 1326,
  "private": 0,
  "password": null
}