{
  "id": "gen9championsvgc2026regma-2589556929",
  "format": "[Gen 9 Champions] VGC 2026 Reg M-A",
  "players": [
    "Spgdd",
    "pom123123123"
  ],
  "log": "|j|\u2606Spgdd\n|j|\u2606pom123123123\n|t:|1776733879\n|gametype|doubles\n|player|p1|Spgdd|miku-water|1137\n|player|p2|pom123123123|wattson|1084\n|gen|9\n|tier|[Gen 9 Champions] VGC 2026 Reg M-A\n|rated|\n|rule|Species Clause: Limit one of each Pok\u00e9mon\n|rule|Item Clause: Limit 1 of each item\n|clearpoke\n|poke|p1|Aggron, L50, M, shiny|\n|poke|p1|Froslass, L50, F, shiny|\n|poke|p1|Talonflame, L50, M, shiny|\n|poke|p1|Goodra, L50, F, shiny|\n|poke|p1|Sneasler, L50, F, shiny|\n|poke|p1|Sinistcha, L50, shiny|\n|poke|p2|Heliolisk, L50, M|\n|poke|p2|Venusaur, L50, M|\n|poke|p2|Sableye, L50, M|\n|poke|p2|Charizard, L50, M|\n|poke|p2|Mamoswine, L50, M|\n|poke|p2|Incineroar, L50, F|\n|teampreview|4\n|inactive|Battle timer is ON: inactive players will automatically lose when time's up. (requested by pom123123123)\n|inactive|Spgdd also wants the timer to be on.\n|l|\u2606pom123123123\n|inactive|pom123123123 disconnected and has a minute to reconnect!\n|player|p2|\n|inactive|Spgdd has 60 seconds left.\n|j|\u2606pom123123123\n|inactive|pom123123123 reconnected and has 55 seconds left.\n|player|p2|pom123123123|wattson|\n|inactive|pom123123123 has 30 seconds left.\n|inactive|pom123123123 has 20 seconds left.\n|inactive|pom123123123 has 15 seconds left.\n|inactive|pom123123123 has 10 seconds left.\n|inactive|pom123123123 has 5 seconds left.\n|\n|t:|1776733969\n|teamsize|p1|4\n|teamsize|p2|4\n|start\n|switch|p1a: Froslass|Froslass, L50, F, shiny|100/100\n|switch|p1b: Sneasler|Sneasler, L50, F, shiny|100/100\n|switch|p2a: Heliolisk|Heliolisk, L50, M|100/100\n|switch|p2b: Charizard|Charizard, L50, M|100/100\n|turn|1\n|inactive|Spgdd has 30 seconds left.\n|inactive|pom123123123 has 30 seconds left.\n|\n|t:|1776733996\n|detailschange|p1a: Froslass|Froslass-Mega, L50, F, shiny\n|-mega|p1a: Froslass|Froslass|Froslassite\n|-weather|Snowscape|[from] ability: Snow Warning|[of] p1a: Froslass\n|move|p2b: Charizard|Protect|p2b: Charizard\n|-singleturn|p2b: Charizard|Protect\n|move|p1b: Sneasler|Fake Out|p2b: Charizard\n|-activate|p2b: Charizard|move: Protect\n|move|p2a: Heliolisk|Volt Switch|p1b: Sneasler\n|-damage|p1b: Sneasler|56/100\n|\n|t:|1776734010\n|switch|p2a: Incineroar|Incineroar, L50, F|100/100|[from] Volt Switch\n|-ability|p2a: Incineroar|Intimidate|boost\n|-unboost|p1a: Froslass|atk|1\n|-unboost|p1b: Sneasler|atk|1\n|-enditem|p1b: Sneasler|White Herb\n|-clearnegativeboost|p1b: Sneasler|[silent]\n|move|p1a: Froslass|Icy Wind|p2a: Incineroar|[spread] p2a\n|-activate|p2b: Charizard|move: Protect\n|-resisted|p2a: Incineroar|1\n|-damage|p2a: Incineroar|89/100\n|-unboost|p2a: Incineroar|spe|1\n|\n|-weather|Snowscape|[upkeep]\n|upkeep\n|turn|2\n|\n|t:|1776734033\n|switch|p1a: Goodra|Goodra, L50, F, shiny|100/100\n|detailschange|p2b: Charizard|Charizard-Mega-Y, L50, M\n|-mega|p2b: Charizard|Charizard|Charizardite Y\n|-weather|SunnyDay|[from] ability: Drought|[of] p2b: Charizard\n|move|p2a: Incineroar|Fake Out|p1b: Sneasler\n|-damage|p1b: Sneasler|31/100\n|cant|p1b: Sneasler|flinch\n|move|p2b: Charizard|Heat Wave|p1a: Goodra|[spread] p1a,p1b\n|-resisted|p1a: Goodra|1\n|-damage|p1a: Goodra|81/100\n|-damage|p1b: Sneasler|0 fnt\n|faint|p1b: Sneasler\n|\n|-weather|SunnyDay|[upkeep]\n|-heal|p1a: Goodra|87/100|[from] item: Leftovers\n|upkeep\n|\n|t:|1776734051\n|switch|p1b: Froslass|Froslass-Mega, L50, F, shiny|100/100\n|-weather|Snowscape|[from] ability: Snow Warning|[of] p1b: Froslass\n|turn|3\n|\n|t:|1776734070\n|move|p2b: Charizard|Protect|p2b: Charizard\n|-singleturn|p2b: Charizard|Protect\n|move|p1b: Froslass|Aurora Veil|p1b: Froslass\n|-sidestart|p1: Spgdd|move: Aurora Veil\n|move|p1a: Goodra|Muddy Water|p2b: Charizard|[spread] p2a\n|-activate|p2b: Charizard|move: Protect\n|-supereffective|p2a: Incineroar|1\n|-damage|p2a: Incineroar|42/100\n|-enditem|p2a: Incineroar|Sitrus Berry|[eat]\n|-heal|p2a: Incineroar|66/100|[from] item: Sitrus Berry\n|move|p2a: Incineroar|Darkest Lariat|p1b: Froslass\n|-supereffective|p1b: Froslass|1\n|-damage|p1b: Froslass|41/100\n|\n|-weather|Snowscape|[upkeep]\n|-heal|p1a: Goodra|93/100|[from] item: Leftovers\n|upkeep\n|turn|4\n|inactive|pom123123123 has 30 seconds left.\n|inactive|pom123123123 has 20 seconds left.\n|inactive|pom123123123 has 15 seconds left.\n|inactive|pom123123123 has 10 seconds left.\n|\n|t:|1776734117\n|switch|p1b: Aggron|Aggron, L50, M, shiny|100/100\n|move|p2b: Charizard|Weather Ball|p1a: Goodra\n|-supereffective|p1a: Goodra|1\n|-damage|p1a: Goodra|59/100\n|move|p1a: Goodra|Muddy Water|p2a: Incineroar|[spread] p2b\n|-miss|p1a: Goodra|p2a: Incineroar\n|-supereffective|p2b: Charizard|1\n|-damage|p2b: Charizard|51/100\n|-unboost|p2b: Charizard|accuracy|1\n|move|p2a: Incineroar|Darkest Lariat|p1b: Aggron\n|-damage|p1b: Aggron|82/100\n|\n|-weather|Snowscape|[upkeep]\n|-heal|p1a: Goodra|65/100|[from] item: Leftovers\n|upkeep\n|turn|5\n|inactive|Spgdd has 30 seconds left.\n|inactive|pom123123123 has 30 seconds left.\n|\n|t:|1776734145\n|switch|p2b: Heliolisk|Heliolisk, L50, M|100/100\n|move|p1a: Goodra|Muddy Water|p2a: Incineroar|[spread] p2a,p2b\n|-supereffective|p2a: Incineroar|1\n|-damage|p2a: Incineroar|22/100\n|-damage|p2b: Heliolisk|72/100\n|move|p1b: Aggron|Body Press|p2a: Incineroar\n|-supereffective|p2a: Incineroar|1\n|-damage|p2a: Incineroar|0 fnt\n|faint|p2a: Incineroar\n|\n|-weather|Snowscape|[upkeep]\n|-heal|p1a: Goodra|71/100|[from] item: Leftovers\n|upkeep\n|\n|t:|1776734157\n|switch|p2a: Mamoswine|Mamoswine, L50, M|100/100\n|turn|6\n|inactive|Spgdd has 30 seconds left.\n|\n|t:|1776734192\n|move|p2b: Heliolisk|Hyper Voice|p1b: Aggron|[spread] p1a,p1b\n|-resisted|p1b: Aggron|2\n|-damage|p1a: Goodra|56/100\n|-damage|p1b: Aggron|77/100\n|move|p2a: Mamoswine|High Horsepower|p1b: Aggron\n|-supereffective|p1b: Aggron|2\n|-damage|p1b: Aggron|0 fnt\n|faint|p1b: Aggron\n|move|p1a: Goodra|Muddy Water|p2a: Mamoswine|[spread] p2a,p2b\n|-supereffective|p2a: Mamoswine|1\n|-crit|p2a: Mamoswine\n|-enditem|p2a: Mamoswine|Focus Sash\n|-damage|p2a: Mamoswine|1/100\n|-damage|p2b: Heliolisk|38/100\n|\n|-weather|Snowscape|[upkeep]\n|-heal|p1a: Goodra|62/100|[from] item: Leftovers\n|upkeep\n|\n|t:|1776734208\n|switch|p1b: Froslass|Froslass-Mega, L50, F, shiny|41/100\n|turn|7\n|\n|t:|1776734228\n|move|p2a: Mamoswine|Ice Shard|p1a: Goodra\n|-supereffective|p1a: Goodra|1\n|-damage|p1a: Goodra|27/100\n|move|p2b: Heliolisk|Hyper Voice|p1a: Goodra|[spread] p1a\n|-immune|p1b: Froslass\n|-damage|p1a: Goodra|11/100\n|move|p1b: Froslass|Icy Wind|p2b: Heliolisk|[spread] p2a,p2b\n|-damage|p2a: Mamoswine|0 fnt\n|-damage|p2b: Heliolisk|9/100\n|-unboost|p2b: Heliolisk|spe|1\n|faint|p2a: Mamoswine\n|move|p1a: Goodra|Muddy Water|p2b: Heliolisk\n|-damage|p2b: Heliolisk|0 fnt\n|faint|p2b: Heliolisk\n|\n|-weather|none\n|-heal|p1a: Goodra|17/100|[from] item: Leftovers\n|-sideend|p1: Spgdd|move: Aurora Veil\n|upkeep\n|\n|t:|1776734237\n|switch|p2b: Charizard|Charizard-Mega-Y, L50, M|51/100\n|-weather|SunnyDay|[from] ability: Drought|[of] p2b: Charizard\n|turn|8\n|\n|t:|1776734257\n|move|p1b: Froslass|Shadow Ball|p2b: Charizard\n|-damage|p2b: Charizard|6/100\n|move|p2b: Charizard|Heat Wave|p1b: Froslass|[spread] p1a,p1b\n|-resisted|p1a: Goodra|1\n|-supereffective|p1b: Froslass|1\n|-damage|p1a: Goodra|0 fnt\n|-damage|p1b: Froslass|0 fnt\n|faint|p1a: Goodra\n|faint|p1b: Froslass\n|\n|win|pom123123123\n|raw|Spgdd's rating: 1137 &rarr; <strong>1108</strong><br />(-29 for losing)\n|raw|pom123123123's rating: 1084 &rarr; <strong>1116</strong><br />(+32 for winning)\n",
  "uploadtime": 1776734267,
  "views": 4,
  "formatid": "gen9championsvgc2026regma",
  "rating": 1108,
  "private": 0,
  "password": null
}