{
  "id": "gen9championsvgc2026regma-2588280244",
  "format": "[Gen 9 Champions] VGC 2026 Reg M-A",
  "players": [
    "leo_overside",
    "grandaddysenpai"
  ],
  "log": "|j|\u2606leo_overside\n|j|\u2606grandaddysenpai\n|t:|1776620569\n|gametype|doubles\n|player|p1|leo_overside|ghetsis|1000\n|player|p2|grandaddysenpai|101|1050\n|gen|9\n|tier|[Gen 9 Champions] VGC 2026 Reg M-A\n|rated|\n|rule|Species Clause: Limit one of each Pok\u00e9mon\n|rule|Item Clause: Limit 1 of each item\n|clearpoke\n|poke|p1|Gengar, L50, F, shiny|\n|poke|p1|Maushold, L50|\n|poke|p1|Tyranitar, L50, M, shiny|\n|poke|p1|Sinistcha, L50, shiny|\n|poke|p1|Incineroar, L50, F|\n|poke|p1|Kommo-o, L50, F, shiny|\n|poke|p2|Archaludon, L50, F, shiny|\n|poke|p2|Pelipper, L50, F|\n|poke|p2|Sneasler, L50, M|\n|poke|p2|Incineroar, L50, F, shiny|\n|poke|p2|Basculegion, L50, M, shiny|\n|poke|p2|Meganium, L50, F|\n|teampreview|4\n|inactive|Battle timer is ON: inactive players will automatically lose when time's up. (requested by leo_overside)\n|\n|t:|1776620605\n|teamsize|p1|4\n|teamsize|p2|4\n|start\n|switch|p1a: Gengar|Gengar, L50, F, shiny|100/100\n|switch|p1b: Maushold|Maushold, L50|100/100\n|switch|p2a: Sneasler|Sneasler, L50, M|100/100\n|switch|p2b: Meganium|Meganium, L50, F|100/100\n|turn|1\n|inactive|grandaddysenpai has 30 seconds left.\n|inactive|grandaddysenpai has 20 seconds left.\n|\n|t:|1776620642\n|detailschange|p1a: Gengar|Gengar-Mega, L50, F, shiny\n|-mega|p1a: Gengar|Gengar|Gengarite\n|detailschange|p2b: Meganium|Meganium-Mega, L50, F\n|-mega|p2b: Meganium|Meganium|Meganiumite\n|move|p1b: Maushold|Protect|p1b: Maushold\n|-singleturn|p1b: Maushold|Protect\n|move|p2a: Sneasler|Fake Out|p1b: Maushold\n|-activate|p1b: Maushold|move: Protect\n|move|p1a: Gengar|Perish Song|p1a: Gengar\n|-start|p1a: Gengar|perish3|[silent]\n|-start|p1b: Maushold|perish3|[silent]\n|-start|p2a: Sneasler|perish3|[silent]\n|-start|p2b: Meganium|perish3|[silent]\n|-fieldactivate|move: Perish Song\n|move|p2b: Meganium|Solar Beam||[still]\n|-prepare|p2b: Meganium|Solar Beam\n|-activate|p2b: Meganium|ability: Mega Sol\n|-anim|p2b: Meganium|Solar Beam|p1b: Maushold\n|-activate|p1b: Maushold|move: Protect\n|\n|-start|p2a: Sneasler|perish3\n|-start|p1a: Gengar|perish3\n|-start|p1b: Maushold|perish3\n|-start|p2b: Meganium|perish3\n|upkeep\n|turn|2\n|inactive|grandaddysenpai has 30 seconds left.\n|\n|t:|1776620671\n|move|p1b: Maushold|Follow Me|p1b: Maushold\n|-singleturn|p1b: Maushold|move: Follow Me\n|move|p2a: Sneasler|Dire Claw|p1b: Maushold\n|-damage|p1b: Maushold|30/100\n|move|p1a: Gengar|Substitute|p1a: Gengar\n|-start|p1a: Gengar|Substitute\n|-damage|p1a: Gengar|76/100\n|move|p2b: Meganium|Weather Ball|p1b: Maushold\n|-damage|p1b: Maushold|0 fnt\n|faint|p1b: Maushold\n|\n|-start|p2a: Sneasler|perish2\n|-start|p1a: Gengar|perish2\n|-start|p2b: Meganium|perish2\n|upkeep\n|\n|t:|1776620696\n|switch|p1b: Kommo-o|Kommo-o, L50, F, shiny|100/100\n|turn|3\n|inactive|leo_overside has 30 seconds left.\n|inactive|leo_overside has 20 seconds left.\n|inactive|leo_overside has 15 seconds left.\n|inactive|leo_overside has 10 seconds left.\n|inactive|leo_overside has 5 seconds left.\n|\n|t:|1776620751\n|move|p2a: Sneasler|Dire Claw|p1a: Gengar\n|-resisted|p1a: Gengar|2\n|-activate|p1a: Gengar|move: Substitute|[damage]\n|move|p1a: Gengar|Shadow Ball|p2b: Meganium\n|-damage|p2b: Meganium|54/100\n|move|p1b: Kommo-o|Clangorous Soul|p1b: Kommo-o\n|-boost|p1b: Kommo-o|atk|1\n|-boost|p1b: Kommo-o|def|1\n|-boost|p1b: Kommo-o|spa|1\n|-boost|p1b: Kommo-o|spd|1\n|-boost|p1b: Kommo-o|spe|1\n|-damage|p1b: Kommo-o|68/100\n|move|p2b: Meganium|Weather Ball|p1a: Gengar\n|-end|p1a: Gengar|Substitute\n|\n|-start|p2a: Sneasler|perish1\n|-start|p1a: Gengar|perish1\n|-start|p2b: Meganium|perish1\n|upkeep\n|turn|4\n|inactive|grandaddysenpai has 30 seconds left.\n|inactive|grandaddysenpai has 20 seconds left.\n|inactive|grandaddysenpai has 15 seconds left.\n|inactive|grandaddysenpai has 10 seconds left.\n|inactive|grandaddysenpai has 5 seconds left.\n|\n|t:|1776620802\n|switch|p1a: Tyranitar|Tyranitar, L50, M, shiny|100/100\n|-weather|Sandstorm|[from] ability: Sand Stream|[of] p1a: Tyranitar\n|move|p1b: Kommo-o|Protect|p1b: Kommo-o\n|-singleturn|p1b: Kommo-o|Protect\n|move|p2a: Sneasler|Dire Claw|p1b: Kommo-o\n|-activate|p1b: Kommo-o|move: Protect\n|move|p2b: Meganium|Solar Beam||[still]\n|-prepare|p2b: Meganium|Solar Beam\n|-activate|p2b: Meganium|ability: Mega Sol\n|-anim|p2b: Meganium|Solar Beam|p1a: Tyranitar\n|-supereffective|p1a: Tyranitar|1\n|-damage|p1a: Tyranitar|0 fnt\n|faint|p1a: Tyranitar\n|\n|-weather|Sandstorm|[upkeep]\n|-damage|p2a: Sneasler|95/100|[from] Sandstorm\n|-damage|p2b: Meganium|48/100|[from] Sandstorm\n|-start|p2a: Sneasler|perish0\n|-start|p2b: Meganium|perish0\n|faint|p2a: Sneasler\n|faint|p2b: Meganium\n|upkeep\n|\n|t:|1776620827\n|switch|p2a: Pelipper|Pelipper, L50, F|100/100\n|switch|p2b: Basculegion|Basculegion, L50, M, shiny|100/100\n|switch|p1a: Gengar|Gengar-Mega, L50, F, shiny|76/100\n|-weather|RainDance|[from] ability: Drizzle|[of] p2a: Pelipper\n|turn|5\n|inactive|grandaddysenpai has 30 seconds left.\n|\n|t:|1776620855\n|move|p1a: Gengar|Protect|p1a: Gengar\n|-singleturn|p1a: Gengar|Protect\n|move|p1b: Kommo-o|Clanging Scales|p2b: Basculegion|[spread] p2a,p2b\n|-damage|p2a: Pelipper|14/100\n|-damage|p2b: Basculegion|34/100\n|-unboost|p1b: Kommo-o|def|1\n|move|p2b: Basculegion|Last Respects|p1a: Gengar\n|-activate|p1a: Gengar|move: Protect\n|move|p2a: Pelipper|Tailwind|p2a: Pelipper\n|-sidestart|p2: grandaddysenpai|move: Tailwind\n|\n|-weather|RainDance|[upkeep]\n|upkeep\n|turn|6\n|inactive|leo_overside has 30 seconds left.\n|inactive|leo_overside has 20 seconds left.\n|inactive|leo_overside has 15 seconds left.\n|inactive|leo_overside has 10 seconds left.\n|inactive|leo_overside has 5 seconds left.\n|\n|t:|1776620910\n|move|p2b: Basculegion|Last Respects|p1a: Gengar\n|-supereffective|p1a: Gengar|1\n|-damage|p1a: Gengar|0 fnt\n|faint|p1a: Gengar\n|move|p2a: Pelipper|Hurricane|p1b: Kommo-o\n|-supereffective|p1b: Kommo-o|1\n|-damage|p1b: Kommo-o|0 fnt\n|faint|p1b: Kommo-o\n|\n|win|grandaddysenpai\n|raw|leo_overside's rating: 1000 &rarr; <strong>1000</strong><br />(+0 for losing)\n|raw|grandaddysenpai's rating: 1050 &rarr; <strong>1078</strong><br />(+28 for winning)\n|l|\u2606leo_overside\n|player|p1|\n",
  "uploadtime": 1776620960,
  "views": 9,
  "formatid": "gen9championsvgc2026regma",
  "rating": 1000,
  "private": 0,
  "password": null
}