{
  "id": "gen9championsvgc2026regma-2585248288",
  "format": "[Gen 9 Champions] VGC 2026 Reg M-A",
  "players": [
    "Melldollaz",
    "CEExy"
  ],
  "log": "|j|\u2606Melldollaz\n|j|\u2606CEExy\n|t:|1776329729\n|gametype|doubles\n|player|p1|Melldollaz|265|1129\n|player|p2|CEExy|hilbert|1072\n|gen|9\n|tier|[Gen 9 Champions] VGC 2026 Reg M-A\n|rated|\n|rule|Species Clause: Limit one of each Pok\u00e9mon\n|rule|Item Clause: Limit 1 of each item\n|clearpoke\n|poke|p1|Charizard, L50, F|\n|poke|p1|Aggron, L50, M|\n|poke|p1|Talonflame, L50, M|\n|poke|p1|Sinistcha, L50|\n|poke|p1|Gyarados, L50, M|\n|poke|p1|Sneasler, L50, M|\n|poke|p2|Floette-Eternal, L50, F|\n|poke|p2|Talonflame, L50, M|\n|poke|p2|Sinistcha-Masterpiece, L50|\n|poke|p2|Kingambit, L50, F|\n|poke|p2|Heliolisk, L50, M|\n|poke|p2|Arcanine-Hisui, L50, M|\n|teampreview|4\n|\n|t:|1776329793\n|teamsize|p1|4\n|teamsize|p2|4\n|start\n|switch|p1a: Talonflame|Talonflame, L50, M|100/100\n|switch|p1b: Aggron|Aggron, L50, M|100/100\n|switch|p2a: Arcanine|Arcanine-Hisui, L50, M|100/100\n|switch|p2b: Kingambit|Kingambit, L50, F|100/100\n|turn|1\n|\n|t:|1776329847\n|move|p2b: Kingambit|Protect|p2b: Kingambit\n|-singleturn|p2b: Kingambit|Protect\n|move|p1a: Talonflame|Tailwind|p1a: Talonflame\n|-sidestart|p1: Melldollaz|move: Tailwind\n|move|p2a: Arcanine|Rock Slide|p1b: Aggron|[spread] p1a,p1b\n|-supereffective|p1a: Talonflame|2\n|-resisted|p1b: Aggron|1\n|-damage|p1a: Talonflame|0 fnt\n|-damage|p1b: Aggron|92/100\n|faint|p1a: Talonflame\n|move|p1b: Aggron|Low Kick|p2b: Kingambit\n|-activate|p2b: Kingambit|move: Protect\n|\n|upkeep\n|\n|t:|1776329888\n|switch|p1a: Sneasler|Sneasler, L50, M|100/100\n|turn|2\n|\n|t:|1776329906\n|switch|p2b: Sinistcha|Sinistcha-Masterpiece, L50|100/100\n|move|p1a: Sneasler|Fake Out|p2a: Arcanine\n|-resisted|p2a: Arcanine|1\n|-damage|p2a: Arcanine|92/100\n|cant|p2a: Arcanine|flinch\n|move|p1b: Aggron|Heavy Slam|p2b: Sinistcha\n|-damage|p2b: Sinistcha|51/100\n|\n|-heal|p2b: Sinistcha|57/100|[from] item: Leftovers\n|upkeep\n|turn|3\n|\n|t:|1776329931\n|move|p1a: Sneasler|Dire Claw|p2b: Sinistcha\n|-damage|p2b: Sinistcha|20/100\n|move|p2a: Arcanine|Rock Slide|p1b: Aggron|[spread] p1b\n|-miss|p2a: Arcanine|p1a: Sneasler\n|-resisted|p1b: Aggron|1\n|-damage|p1b: Aggron|84/100\n|move|p1b: Aggron|Low Kick|p2a: Arcanine\n|-supereffective|p2a: Arcanine|1\n|-damage|p2a: Arcanine|16/100\n|move|p2b: Sinistcha|Strength Sap|p1a: Sneasler\n|-unboost|p1a: Sneasler|atk|1\n|-heal|p2b: Sinistcha|100/100\n|\n|upkeep\n|turn|4\n|\n|t:|1776329961\n|move|p1a: Sneasler|U-turn|p2b: Sinistcha\n|-damage|p2b: Sinistcha|85/100\n|\n|t:|1776329965\n|switch|p1a: Charizard|Charizard, L50, F, shiny|100/100|[from] U-turn\n|move|p2a: Arcanine|Rock Slide|p1a: Charizard|[spread] p1a,p1b\n|-supereffective|p1a: Charizard|2\n|-resisted|p1b: Aggron|1\n|-damage|p1a: Charizard|0 fnt\n|-damage|p1b: Aggron|75/100\n|faint|p1a: Charizard\n|cant|p1b: Aggron|flinch\n|move|p2b: Sinistcha|Strength Sap|p1b: Aggron\n|-unboost|p1b: Aggron|atk|1\n|-heal|p2b: Sinistcha|100/100\n|\n|-sideend|p1: Melldollaz|move: Tailwind\n|upkeep\n|\n|t:|1776329971\n|switch|p1a: Sneasler|Sneasler, L50, M|100/100\n|turn|5\n|\n|t:|1776329982\n|detailschange|p1b: Aggron|Aggron-Mega, L50, M\n|-mega|p1b: Aggron|Aggron|Aggronite\n|move|p2a: Arcanine|Rock Slide|p1b: Aggron|[spread] p1a,p1b\n|-resisted|p1a: Sneasler|1\n|-resisted|p1b: Aggron|1\n|-damage|p1a: Sneasler|74/100\n|-damage|p1b: Aggron|68/100\n|cant|p1a: Sneasler|flinch\n|move|p2b: Sinistcha|Strength Sap|p1a: Sneasler\n|-unboost|p1a: Sneasler|atk|1\n|move|p1b: Aggron|Rock Slide|p2a: Arcanine|[spread] p2a,p2b\n|-supereffective|p2a: Arcanine|1\n|-damage|p2a: Arcanine|0 fnt\n|-damage|p2b: Sinistcha|88/100\n|faint|p2a: Arcanine\n|\n|-heal|p2b: Sinistcha|94/100|[from] item: Leftovers\n|upkeep\n|\n|t:|1776329995\n|switch|p2a: Kingambit|Kingambit, L50, F|100/100\n|turn|6\n|\n|t:|1776330025\n|move|p2b: Sinistcha|Rage Powder|p2b: Sinistcha\n|-singleturn|p2b: Sinistcha|move: Rage Powder\n|move|p1a: Sneasler|Close Combat|p2b: Sinistcha\n|-immune|p2b: Sinistcha\n|move|p2a: Kingambit|Low Kick|p1b: Aggron\n|-supereffective|p1b: Aggron|1\n|-damage|p1b: Aggron|36/100\n|move|p1b: Aggron|Low Kick|p2b: Sinistcha\n|-immune|p2b: Sinistcha\n|\n|-heal|p2b: Sinistcha|99/100|[from] item: Leftovers\n|upkeep\n|turn|7\n|\n|t:|1776330047\n|move|p2a: Kingambit|Protect|p2a: Kingambit\n|-singleturn|p2a: Kingambit|Protect\n|move|p1a: Sneasler|U-turn|p2b: Sinistcha\n|-damage|p2b: Sinistcha|85/100\n|move|p2b: Sinistcha|Strength Sap|p1a: Sneasler\n|-unboost|p1a: Sneasler|atk|1\n|-heal|p2b: Sinistcha|100/100\n|move|p1b: Aggron|Avalanche|p2b: Sinistcha\n|-supereffective|p2b: Sinistcha|1\n|-damage|p2b: Sinistcha|74/100\n|\n|-heal|p2b: Sinistcha|80/100|[from] item: Leftovers\n|upkeep\n|turn|8\n|-message|Melldollaz forfeited.\n|\n|win|CEExy\n|raw|Melldollaz's rating: 1129 &rarr; <strong>1100</strong><br />(-29 for losing)\n|raw|CEExy's rating: 1072 &rarr; <strong>1106</strong><br />(+34 for winning)\n|l|\u2606Melldollaz\n|player|p1|\n",
  "uploadtime": 1776330064,
  "views": 23,
  "formatid": "gen9championsvgc2026regma",
  "rating": 1100,
  "private": 0,
  "password": null
}