{
  "id": "gen9championsvgc2026regma-2580664438",
  "format": "[Gen 9 Champions] VGC 2026 Reg M-A",
  "players": [
    "sknowing",
    "Kir1ku"
  ],
  "log": "|j|\u203dsknowing\n|j|\u2606Kir1ku\n|t:|1775922466\n|gametype|doubles\n|player|p1|sknowing|n|1000\n|player|p2|Kir1ku|chase|1095\n|gen|9\n|tier|[Gen 9 Champions] VGC 2026 Reg M-A\n|rated|\n|rule|Species Clause: Limit one of each Pok\u00e9mon\n|rule|Item Clause: Limit 1 of each item\n|clearpoke\n|poke|p1|Froslass, L50, F|\n|poke|p1|Basculegion, L50, M|\n|poke|p1|Incineroar, L50, M|\n|poke|p1|Clefable, L50, F|\n|poke|p1|Talonflame, L50, M|\n|poke|p1|Garchomp, L50, F|\n|poke|p2|Froslass, L50, F|\n|poke|p2|Vanilluxe, L50, M|\n|poke|p2|Pikachu, L50, M|\n|poke|p2|Hawlucha, L50, M|\n|poke|p2|Krookodile, L50, F|\n|poke|p2|Incineroar, L50, F|\n|teampreview|4\nsknowing has agreed to open team sheets.\n|inactive|Battle timer is ON: inactive players will automatically lose when time's up. (requested by Kir1ku)\n|inactive|sknowing has 60 seconds left.\n|\n|t:|1775922513\n|teamsize|p1|4\n|teamsize|p2|4\n|start\n|switch|p1a: Froslass|Froslass, L50, F|100/100\n|switch|p1b: Basculegion|Basculegion, L50, M, shiny|100/100\n|switch|p2a: Hawlucha|Hawlucha, L50, M, shiny|100/100\n|switch|p2b: Krookodile|Krookodile, L50, F|100/100\n|-ability|p2b: Krookodile|Intimidate|boost\n|-unboost|p1a: Froslass|atk|1\n|-unboost|p1b: Basculegion|atk|1\n|turn|1\n|\n|t:|1775922532\n|detailschange|p2a: Hawlucha|Hawlucha-Mega, L50, M, shiny\n|-mega|p2a: Hawlucha|Hawlucha|Hawluchanite\n|detailschange|p1a: Froslass|Froslass-Mega, L50, F\n|-mega|p1a: Froslass|Froslass|Froslassite\n|-weather|Snowscape|[from] ability: Snow Warning|[of] p1a: Froslass\n|move|p1a: Froslass|Protect|p1a: Froslass\n|-singleturn|p1a: Froslass|Protect\n|move|p1b: Basculegion|Flip Turn|p2b: Krookodile\n|-supereffective|p2b: Krookodile|1\n|-crit|p2b: Krookodile\n|-enditem|p2b: Krookodile|Focus Sash\n|-damage|p2b: Krookodile|1/100\n|\n|t:|1775922546\n|switch|p1b: Garchomp|Garchomp, L50, F|100/100|[from] Flip Turn\n|move|p2a: Hawlucha|Entrainment|p2b: Krookodile\n|-ability|p2b: Krookodile|No Guard|Intimidate|[from] move: Entrainment|[of] p2a: Hawlucha\n|move|p2b: Krookodile|Fissure|p1a: Froslass\n|-activate|p1a: Froslass|move: Protect\n|\n|-weather|Snowscape|[upkeep]\n|upkeep\n|turn|2\n|inactive|sknowing has 30 seconds left.\n|\n|t:|1775922573\n|switch|p1a: Incineroar|Incineroar, L50, M|100/100\n|-ability|p1a: Incineroar|Intimidate|boost\n|-unboost|p2a: Hawlucha|atk|1\n|-unboost|p2b: Krookodile|atk|1\n|switch|p2a: Incineroar|Incineroar, L50, F|100/100\n|-ability|p2a: Incineroar|Intimidate|boost\n|-unboost|p1a: Incineroar|atk|1\n|-unboost|p1b: Garchomp|atk|1\n|move|p1b: Garchomp|Rock Slide|p2b: Krookodile|[spread] p2a,p2b\n|-supereffective|p2a: Incineroar|1\n|-resisted|p2b: Krookodile|1\n|-damage|p2a: Incineroar|82/100\n|-damage|p2b: Krookodile|0 fnt\n|faint|p2b: Krookodile\n|\n|-weather|Snowscape|[upkeep]\n|upkeep\n|\n|t:|1775922585\n|switch|p2b: Vanilluxe|Vanilluxe, L50, M, shiny|100/100\n|turn|3\n|\n|t:|1775922598\n|move|p1b: Garchomp|Protect|p1b: Garchomp\n|-singleturn|p1b: Garchomp|Protect\n|move|p2a: Incineroar|Fake Out|p1a: Incineroar\n|-damage|p1a: Incineroar|92/100\n|cant|p1a: Incineroar|flinch\n|move|p2b: Vanilluxe|Blizzard|p1a: Incineroar|[spread] p1a\n|-activate|p1b: Garchomp|move: Protect\n|-resisted|p1a: Incineroar|1\n|-damage|p1a: Incineroar|75/100\n|\n|-weather|Snowscape|[upkeep]\n|upkeep\n|turn|4\n|\n|t:|1775922614\n|move|p2b: Vanilluxe|Blizzard|p1b: Garchomp|[spread] p1a,p1b\n|-resisted|p1a: Incineroar|1\n|-supereffective|p1b: Garchomp|2\n|-damage|p1a: Incineroar|58/100\n|-damage|p1b: Garchomp|0 fnt\n|faint|p1b: Garchomp\n|move|p2a: Incineroar|Parting Shot|p1a: Incineroar\n|-unboost|p1a: Incineroar|atk|1\n|-unboost|p1a: Incineroar|spa|1\n|\n|t:|1775922621\n|switch|p2a: Hawlucha|Hawlucha-Mega, L50, M, shiny|100/100|[from] Parting Shot\n|move|p1a: Incineroar|Flare Blitz|p2b: Vanilluxe\n|-supereffective|p2b: Vanilluxe|1\n|-damage|p2b: Vanilluxe|56/100\n|-damage|p1a: Incineroar|48/100|[from] Recoil\n|\n|-weather|Snowscape|[upkeep]\n|-heal|p2b: Vanilluxe|62/100|[from] ability: Ice Body\n|upkeep\n|\n|t:|1775922627\n|switch|p1b: Froslass|Froslass-Mega, L50, F|100/100\n|turn|5\n|\n|t:|1775922640\n|switch|p2a: Incineroar|Incineroar, L50, F|82/100\n|-ability|p2a: Incineroar|Intimidate|boost\n|-unboost|p1a: Incineroar|atk|1\n|-unboost|p1b: Froslass|atk|1\n|move|p1b: Froslass|Protect|p1b: Froslass\n|-singleturn|p1b: Froslass|Protect\n|move|p2b: Vanilluxe|Blizzard|p1b: Froslass|[spread] p1a\n|-activate|p1b: Froslass|move: Protect\n|-resisted|p1a: Incineroar|1\n|-damage|p1a: Incineroar|31/100\n|move|p1a: Incineroar|Flare Blitz|p2b: Vanilluxe\n|-supereffective|p2b: Vanilluxe|1\n|-damage|p2b: Vanilluxe|29/100\n|-damage|p1a: Incineroar|23/100|[from] Recoil\n|\n|-weather|none\n|upkeep\n|turn|6\n|inactive|Kir1ku has 30 seconds left.\n|\n|t:|1775922665\n|switch|p1b: Basculegion|Basculegion, L50, M, shiny|100/100\n|move|p2b: Vanilluxe|Blizzard|p1a: Incineroar|[spread] p1b\n|-miss|p2b: Vanilluxe|p1a: Incineroar\n|-resisted|p1b: Basculegion|1\n|-damage|p1b: Basculegion|76/100\n|move|p2a: Incineroar|Parting Shot|p1b: Basculegion\n|-unboost|p1b: Basculegion|atk|1\n|-unboost|p1b: Basculegion|spa|1\n|\n|t:|1775922673\n|switch|p2a: Hawlucha|Hawlucha-Mega, L50, M, shiny|100/100|[from] Parting Shot\n|move|p1a: Incineroar|Parting Shot|p2a: Hawlucha\n|-unboost|p2a: Hawlucha|atk|1\n|-unboost|p2a: Hawlucha|spa|1\n|\n|t:|1775922676\n|switch|p1a: Froslass|Froslass-Mega, L50, F|100/100|[from] Parting Shot\n|-weather|Snowscape|[from] ability: Snow Warning|[of] p1a: Froslass\n|\n|-weather|Snowscape|[upkeep]\n|-heal|p2b: Vanilluxe|35/100|[from] ability: Ice Body\n|upkeep\n|turn|7\n|\n|t:|1775922683\n|move|p1b: Basculegion|Flip Turn|p2a: Hawlucha\n|-damage|p2a: Hawlucha|73/100\n|\n|t:|1775922686\n|switch|p1b: Incineroar|Incineroar, L50, M|23/100|[from] Flip Turn\n|-ability|p1b: Incineroar|Intimidate|boost\n|-unboost|p2a: Hawlucha|atk|1\n|-unboost|p2b: Vanilluxe|atk|1\n|move|p1a: Froslass|Blizzard|p2b: Vanilluxe|[spread] p2a,p2b\n|-supereffective|p2a: Hawlucha|1\n|-resisted|p2b: Vanilluxe|1\n|-damage|p2a: Hawlucha|0 fnt\n|-damage|p2b: Vanilluxe|2/100\n|faint|p2a: Hawlucha\n|move|p2b: Vanilluxe|Blizzard|p1b: Incineroar|[spread] p1a,p1b\n|-resisted|p1a: Froslass|1\n|-resisted|p1b: Incineroar|1\n|-damage|p1a: Froslass|75/100\n|-damage|p1b: Incineroar|6/100\n|-status|p1b: Incineroar|frz\n|-enditem|p1b: Incineroar|Lum Berry|[eat]\n|-curestatus|p1b: Incineroar|frz|[msg]\n|\n|-weather|Snowscape|[upkeep]\n|-heal|p2b: Vanilluxe|8/100|[from] ability: Ice Body\n|upkeep\n|\n|t:|1775922696\n|switch|p2a: Incineroar|Incineroar, L50, F|82/100\n|-ability|p2a: Incineroar|Intimidate|boost\n|-unboost|p1a: Froslass|atk|1\n|-unboost|p1b: Incineroar|atk|1\n|turn|8\n|\n|t:|1775922705\n|move|p1b: Incineroar|Fake Out|p2a: Incineroar\n|-damage|p2a: Incineroar|76/100\n|move|p1a: Froslass|Blizzard|p2b: Vanilluxe|[spread] p2a,p2b\n|-resisted|p2a: Incineroar|1\n|-resisted|p2b: Vanilluxe|1\n|-damage|p2a: Incineroar|58/100\n|-damage|p2b: Vanilluxe|0 fnt\n|-status|p2a: Incineroar|frz\n|faint|p2b: Vanilluxe\n|cant|p2a: Incineroar|flinch\n|\n|-weather|Snowscape|[upkeep]\n|upkeep\n|turn|9\n|\n|t:|1775922712\n|switch|p1a: Basculegion|Basculegion, L50, M, shiny|76/100\n|-curestatus|p2a: Incineroar|frz|[from] move: Flare Blitz\n|move|p2a: Incineroar|Flare Blitz|p1a: Basculegion\n|-resisted|p1a: Basculegion|1\n|-damage|p1a: Basculegion|47/100\n|-damage|p2a: Incineroar|49/100|[from] Recoil\n|-enditem|p2a: Incineroar|Sitrus Berry|[eat]\n|-heal|p2a: Incineroar|74/100|[from] item: Sitrus Berry\n|move|p1b: Incineroar|Parting Shot|p2a: Incineroar\n|-unboost|p2a: Incineroar|atk|1\n|-unboost|p2a: Incineroar|spa|1\n|\n|t:|1775922717\n|switch|p1b: Froslass|Froslass-Mega, L50, F|75/100|[from] Parting Shot\n|\n|-weather|Snowscape|[upkeep]\n|upkeep\n|turn|10\n|-message|Kir1ku forfeited.\n|\n|win|sknowing\n|raw|sknowing's rating: 1000 &rarr; <strong>1051</strong><br />(+51 for winning)\n|raw|Kir1ku's rating: 1095 &rarr; <strong>1064</strong><br />(-31 for losing)\n|l|\u2606Kir1ku\n|player|p2|\n",
  "uploadtime": 1775922733,
  "views": 14,
  "formatid": "gen9championsvgc2026regma",
  "rating": 1051,
  "private": 0,
  "password": null
}