{
  "id": "gen9championsvgc2026regma-2586260182",
  "format": "[Gen 9 Champions] VGC 2026 Reg M-A",
  "players": [
    "lank.eyy",
    "TrainerDylan24"
  ],
  "log": "|j|\u2606lank.eyy\n|j|\u2606TrainerDylan24\n|t:|1776418513\n|gametype|doubles\n|player|p1|lank.eyy|gardenia|1000\n|player|p2|TrainerDylan24|grimsley|1000\n|gen|9\n|tier|[Gen 9 Champions] VGC 2026 Reg M-A\n|rated|\n|rule|Species Clause: Limit one of each Pok\u00e9mon\n|rule|Item Clause: Limit 1 of each item\n|clearpoke\n|poke|p1|Aerodactyl, L50, M|\n|poke|p1|Charizard, L50, F|\n|poke|p1|Dragonite, L50, M|\n|poke|p1|Slowbro-Galar, L50, F|\n|poke|p1|Incineroar, L50, M|\n|poke|p1|Sylveon, L50, F|\n|poke|p2|Emboar, L50, F|\n|poke|p2|Whimsicott, L50, M|\n|poke|p2|Ninetales, L50, F|\n|poke|p2|Venusaur, L50, F|\n|poke|p2|Sneasler, L50, F|\n|poke|p2|Farigiraf, L50, M|\n|teampreview|4\n|inactive|Battle timer is ON: inactive players will automatically lose when time's up. (requested by lank.eyy)\nTrainerDylan24 rejected open team sheets.\n|inactive|lank.eyy has 60 seconds left.\n|inactive|TrainerDylan24 has 60 seconds left.\n|inactive|lank.eyy has 30 seconds left.\n|\n|t:|1776418574\n|teamsize|p1|4\n|teamsize|p2|4\n|start\n|switch|p1a: Slowbro|Slowbro-Galar, L50, F|100/100\n|switch|p1b: Aerodactyl|Aerodactyl, L50, M, shiny|100/100\n|switch|p2a: Whimsicott|Whimsicott, L50, M|100/100\n|switch|p2b: Sneasler|Sneasler, L50, F|100/100\n|-ability|p1b: Aerodactyl|Unnerve\n|turn|1\n|inactive|lank.eyy has 30 seconds left.\n|-activate|p1a: Slowbro|ability: Quick Draw\n|\n|t:|1776418607\n|switch|p2b: Farigiraf|Farigiraf, L50, M|100/100\n|move|p2a: Whimsicott|Tailwind|p2a: Whimsicott\n|-sidestart|p2: TrainerDylan24|move: Tailwind\n|move|p1a: Slowbro|Ice Beam|p2a: Whimsicott\n|-supereffective|p2a: Whimsicott|1\n|-damage|p2a: Whimsicott|10/100\n|move|p1b: Aerodactyl|Tailwind|p1b: Aerodactyl\n|-sidestart|p1: lank.eyy|move: Tailwind\n|\n|upkeep\n|turn|2\n|-activate|p1a: Slowbro|ability: Quick Draw\n|\n|t:|1776418632\n|move|p2a: Whimsicott|Encore|p1b: Aerodactyl\n|-start|p1b: Aerodactyl|Encore\n|move|p1a: Slowbro|Sludge Wave|p2b: Farigiraf|[spread] p1b,p2a,p2b\n|-resisted|p1b: Aerodactyl|1\n|-supereffective|p2a: Whimsicott|2\n|-damage|p1b: Aerodactyl|77/100\n|-damage|p2a: Whimsicott|0 fnt\n|-damage|p2b: Farigiraf|70/100\n|faint|p2a: Whimsicott\n|move|p1b: Aerodactyl|Tailwind||[still]\n|-fail|p1b: Aerodactyl\n|move|p2b: Farigiraf|Hyper Voice|p1a: Slowbro|[spread] p1a,p1b\n|-resisted|p1b: Aerodactyl|1\n|-damage|p1a: Slowbro|51/100\n|-damage|p1b: Aerodactyl|52/100\n|\n|-heal|p1b: Aerodactyl|58/100|[from] item: Leftovers\n|upkeep\n|\n|t:|1776418644\n|switch|p2a: Emboar|Emboar, L50, F|100/100\n|turn|3\n|\n|t:|1776418658\n|switch|p1b: Dragonite|Dragonite, L50, M, shiny|100/100\n|detailschange|p2a: Emboar|Emboar-Mega, L50, F\n|-mega|p2a: Emboar|Emboar|Emboarite\n|-ability|p2a: Emboar|Mold Breaker\n|move|p2a: Emboar|Flare Blitz|p1b: Dragonite\n|-resisted|p1b: Dragonite|1\n|-damage|p1b: Dragonite|59/100\n|-damage|p2a: Emboar|88/100|[from] Recoil\n|move|p2b: Farigiraf|Hyper Voice|p1b: Dragonite|[spread] p1a,p1b\n|-damage|p1a: Slowbro|6/100\n|-damage|p1b: Dragonite|28/100\n|move|p1a: Slowbro|Rain Dance|p1a: Slowbro\n|-weather|RainDance\n|\n|-weather|RainDance|[upkeep]\n|upkeep\n|turn|4\n|-activate|p1a: Slowbro|ability: Quick Draw\n|\n|t:|1776418678\n|detailschange|p1b: Dragonite|Dragonite-Mega, L50, M, shiny\n|-mega|p1b: Dragonite|Dragonite|Dragoninite\n|move|p2a: Emboar|Sucker Punch|p1b: Dragonite\n|-damage|p1b: Dragonite|1/100\n|move|p1a: Slowbro|Shell Side Arm|p2a: Emboar|[anim] Shell Side Arm Physical\n|-damage|p2a: Emboar|42/100\n|-hint|Physical Shell Side Arm\n|move|p1b: Dragonite|Hurricane|p2a: Emboar\n|-supereffective|p2a: Emboar|1\n|-damage|p2a: Emboar|0 fnt\n|faint|p2a: Emboar\n|move|p2b: Farigiraf|Hyper Voice|p1b: Dragonite|[spread] p1a,p1b\n|-damage|p1a: Slowbro|0 fnt\n|-damage|p1b: Dragonite|0 fnt\n|faint|p1a: Slowbro\n|faint|p1b: Dragonite\n|\n|-weather|RainDance|[upkeep]\n|-sideend|p2: TrainerDylan24|move: Tailwind\n|-sideend|p1: lank.eyy|move: Tailwind\n|upkeep\n|\n|t:|1776418701\n|switch|p2a: Sneasler|Sneasler, L50, F|100/100\n|switch|p1b: Incineroar|Incineroar, L50, M|100/100\n|switch|p1a: Aerodactyl|Aerodactyl, L50, M, shiny|58/100\n|-ability|p1a: Aerodactyl|Unnerve\n|-ability|p1b: Incineroar|Intimidate|boost\n|-unboost|p2a: Sneasler|atk|1\n|-unboost|p2b: Farigiraf|atk|1\n|-enditem|p2a: Sneasler|White Herb\n|-clearnegativeboost|p2a: Sneasler|[silent]\n|turn|5\n|\n|t:|1776418714\n|move|p2a: Sneasler|Upper Hand||[still]\n|-fail|p2a: Sneasler\n|move|p1a: Aerodactyl|Roost|p1a: Aerodactyl\n|-heal|p1a: Aerodactyl|100/100\n|-singleturn|p1a: Aerodactyl|move: Roost\n|move|p1b: Incineroar|Throat Chop|p2b: Farigiraf\n|-supereffective|p2b: Farigiraf|1\n|-damage|p2b: Farigiraf|3/100\n|-start|p2b: Farigiraf|Throat Chop|[silent]\n|cant|p2b: Farigiraf|move: Throat Chop\n|\n|-weather|RainDance|[upkeep]\n|upkeep\n|turn|6\n|inactive|lank.eyy has 30 seconds left.\n|\n|t:|1776418740\n|move|p2a: Sneasler|Close Combat|p1b: Incineroar\n|-supereffective|p1b: Incineroar|1\n|-damage|p1b: Incineroar|0 fnt\n|-unboost|p2a: Sneasler|def|1\n|-unboost|p2a: Sneasler|spd|1\n|faint|p1b: Incineroar\n|move|p1a: Aerodactyl|Rock Slide|p2a: Sneasler|[spread] p2b\n|-miss|p1a: Aerodactyl|p2a: Sneasler\n|-damage|p2b: Farigiraf|0 fnt\n|faint|p2b: Farigiraf\n|\n|-weather|RainDance|[upkeep]\n|upkeep\n|turn|7\n|\n|t:|1776418755\n|move|p2a: Sneasler|Dire Claw|p1a: Aerodactyl\n|-resisted|p1a: Aerodactyl|1\n|-damage|p1a: Aerodactyl|70/100\n|move|p1a: Aerodactyl|Tailwind|p1a: Aerodactyl\n|-sidestart|p1: lank.eyy|move: Tailwind\n|\n|-weather|none\n|-heal|p1a: Aerodactyl|75/100|[from] item: Leftovers\n|upkeep\n|turn|8\n|\n|t:|1776418766\n|move|p1a: Aerodactyl|Rock Slide|p2a: Sneasler|[miss]\n|-miss|p1a: Aerodactyl|p2a: Sneasler\n|move|p2a: Sneasler|Close Combat|p1a: Aerodactyl\n|-damage|p1a: Aerodactyl|0 fnt\n|-unboost|p2a: Sneasler|def|1\n|-unboost|p2a: Sneasler|spd|1\n|faint|p1a: Aerodactyl\n|\n|win|TrainerDylan24\n|raw|lank.eyy's rating: 1000 &rarr; <strong>1000</strong><br />(+0 for losing)\n|raw|TrainerDylan24's rating: 1000 &rarr; <strong>1040</strong><br />(+40 for winning)\n|l|\u2606lank.eyy\n|player|p1|\n",
  "uploadtime": 1776418781,
  "views": 16,
  "formatid": "gen9championsvgc2026regma",
  "rating": 1000,
  "private": 0,
  "password": null
}