{
  "id": "gen9championsvgc2026regma-2582731421",
  "format": "[Gen 9 Champions] VGC 2026 Reg M-A",
  "players": [
    "NotTheRealAdo",
    "piedidiconkeldurr"
  ],
  "log": "|j|\u2606NotTheRealAdo\n|j|\u2606piedidiconkeldurr\n|t:|1776110222\n|gametype|doubles\n|player|p1|NotTheRealAdo|karen|1072\n|player|p2|piedidiconkeldurr|cynthia|1168\n|gen|9\n|tier|[Gen 9 Champions] VGC 2026 Reg M-A\n|rated|\n|rule|Species Clause: Limit one of each Pok\u00e9mon\n|rule|Item Clause: Limit 1 of each item\n|clearpoke\n|poke|p1|Floette-Eternal, L50, F|\n|poke|p1|Incineroar, L50, F|\n|poke|p1|Garchomp, L50, F|\n|poke|p1|Sneasler, L50, M|\n|poke|p1|Rotom-Wash, L50|\n|poke|p1|Aerodactyl, L50, M|\n|poke|p2|Camerupt, L50, F|\n|poke|p2|Farigiraf, L50, M|\n|poke|p2|Snorlax, L50, F|\n|poke|p2|Froslass, L50, F|\n|poke|p2|Sinistcha, L50|\n|poke|p2|Incineroar, L50, F|\n|teampreview|4\n|\n|t:|1776110276\n|teamsize|p1|4\n|teamsize|p2|4\n|start\n|switch|p1a: Mary Poppins|Floette-Eternal, L50, F|100/100\n|switch|p1b: Incineroar|Incineroar, L50, F|100/100\n|switch|p2a: Incineroar|Incineroar, L50, F|100/100\n|switch|p2b: Farigiraf|Farigiraf, L50, M|100/100\n|-ability|p1b: Incineroar|Intimidate|boost\n|-unboost|p2a: Incineroar|atk|1\n|-unboost|p2b: Farigiraf|atk|1\n|-ability|p2a: Incineroar|Intimidate|boost\n|-unboost|p1a: Mary Poppins|atk|1\n|-unboost|p1b: Incineroar|atk|1\n|turn|1\n|\n|t:|1776110304\n|detailschange|p1a: Mary Poppins|Floette-Mega, L50, F\n|-mega|p1a: Mary Poppins|Floette|Floettite\n|-ability|p1a: Mary Poppins|Fairy Aura\n|move|p1a: Mary Poppins|Calm Mind|p1a: Mary Poppins\n|-boost|p1a: Mary Poppins|spa|1\n|-boost|p1a: Mary Poppins|spd|1\n|move|p1b: Incineroar|Throat Chop|p2b: Farigiraf\n|-supereffective|p2b: Farigiraf|1\n|-damage|p2b: Farigiraf|60/100\n|-start|p2b: Farigiraf|Throat Chop|[silent]\n|move|p2a: Incineroar|Flare Blitz|p1a: Mary Poppins\n|-damage|p1a: Mary Poppins|65/100\n|-damage|p2a: Incineroar|90/100|[from] Recoil\n|move|p2b: Farigiraf|Trick Room|p2b: Farigiraf\n|-fieldstart|move: Trick Room|[of] p2b: Farigiraf\n|\n|upkeep\n|turn|2\n|\n|t:|1776110367\n|switch|p2a: Camerupt|Camerupt, L50, F|100/100\n|move|p2b: Farigiraf|Gravity|p2b: Farigiraf\n|-fieldstart|move: Gravity\n|move|p1b: Incineroar|Parting Shot|p2a: Camerupt\n|-unboost|p2a: Camerupt|atk|1\n|-unboost|p2a: Camerupt|spa|1\n|\n|t:|1776110375\n|switch|p1b: Rotom|Rotom-Wash, L50|100/100|[from] Parting Shot\n|move|p1a: Mary Poppins|Dazzling Gleam|p2a: Camerupt|[spread] p2a,p2b\n|-resisted|p2a: Camerupt|1\n|-damage|p2a: Camerupt|55/100\n|-damage|p2b: Farigiraf|0 fnt\n|faint|p2b: Farigiraf\n|\n|upkeep\n|\n|t:|1776110384\n|switch|p2b: Incineroar|Incineroar, L50, F|90/100\n|-ability|p2b: Incineroar|Intimidate|boost\n|-unboost|p1a: Mary Poppins|atk|1\n|-unboost|p1b: Rotom|atk|1\n|turn|3\n|\n|t:|1776110416\n|detailschange|p2a: Camerupt|Camerupt-Mega, L50, F\n|-mega|p2a: Camerupt|Camerupt|Cameruptite\n|move|p1a: Mary Poppins|Protect|p1a: Mary Poppins\n|-singleturn|p1a: Mary Poppins|Protect\n|move|p2a: Camerupt|Earth Power|p1b: Rotom\n|-supereffective|p1b: Rotom|1\n|-damage|p1b: Rotom|0 fnt\n|faint|p1b: Rotom\n|move|p2b: Incineroar|Flare Blitz|p1a: Mary Poppins\n|-activate|p1a: Mary Poppins|move: Protect\n|\n|upkeep\n|\n|t:|1776110426\n|switch|p1b: Incineroar|Incineroar, L50, F|100/100\n|-ability|p1b: Incineroar|Intimidate|boost\n|-unboost|p2a: Camerupt|atk|1\n|-unboost|p2b: Incineroar|atk|1\n|turn|4\n|\n|t:|1776110453\n|move|p2a: Camerupt|Protect|p2a: Camerupt\n|-singleturn|p2a: Camerupt|Protect\n|move|p1b: Incineroar|Fake Out|p2b: Incineroar\n|-damage|p2b: Incineroar|81/100\n|cant|p2b: Incineroar|flinch\n|move|p1a: Mary Poppins|Moonblast|p2b: Incineroar\n|-damage|p2b: Incineroar|0 fnt\n|faint|p2b: Incineroar\n|\n|upkeep\n|\n|t:|1776110463\n|switch|p2b: Sinistcha|Sinistcha, L50|100/100\n|-heal|p2a: Camerupt|80/100|[from] ability: Hospitality|[of] p2b: Sinistcha\n|turn|5\n|\n|t:|1776110478\n|switch|p1b: Garchomp|Garchomp, L50, F|100/100\n|move|p1a: Mary Poppins|Protect|p1a: Mary Poppins\n|-singleturn|p1a: Mary Poppins|Protect\n|move|p2a: Camerupt|Eruption|p1b: Garchomp|[spread] p1b\n|-activate|p1a: Mary Poppins|move: Protect\n|-resisted|p1b: Garchomp|1\n|-damage|p1b: Garchomp|80/100\n|move|p2b: Sinistcha|Shadow Ball|p1a: Mary Poppins\n|-activate|p1a: Mary Poppins|move: Protect\n|\n|-fieldend|move: Trick Room\n|upkeep\n|turn|6\n|\n|t:|1776110510\n|move|p2b: Sinistcha|Protect|p2b: Sinistcha\n|-singleturn|p2b: Sinistcha|Protect\n|move|p2a: Camerupt|Protect|p2a: Camerupt\n|-singleturn|p2a: Camerupt|Protect\n|move|p1b: Garchomp|Stomping Tantrum|p2a: Camerupt\n|-activate|p2a: Camerupt|move: Protect\n|move|p1a: Mary Poppins|Moonblast|p2b: Sinistcha\n|-activate|p2b: Sinistcha|move: Protect\n|\n|-fieldend|move: Gravity\n|upkeep\n|turn|7\n|\n|t:|1776110540\n|move|p1b: Garchomp|Stomping Tantrum|p2a: Camerupt\n|-supereffective|p2a: Camerupt|1\n|-damage|p2a: Camerupt|0 fnt\n|faint|p2a: Camerupt\n|move|p1a: Mary Poppins|Moonblast|p2b: Sinistcha\n|-enditem|p2b: Sinistcha|Focus Sash\n|-damage|p2b: Sinistcha|1/100\n|move|p2b: Sinistcha|Trick Room|p2b: Sinistcha\n|-fieldstart|move: Trick Room|[of] p2b: Sinistcha\n|\n|upkeep\n|turn|8\n|\n|t:|1776110566\n|move|p2b: Sinistcha|Strength Sap|p1b: Garchomp\n|-unboost|p1b: Garchomp|atk|1\n|-heal|p2b: Sinistcha|100/100\n|move|p1a: Mary Poppins|Calm Mind|p1a: Mary Poppins\n|-boost|p1a: Mary Poppins|spa|1\n|-boost|p1a: Mary Poppins|spd|1\n|move|p1b: Garchomp|Dragon Claw|p2b: Sinistcha\n|-damage|p2b: Sinistcha|72/100\n|\n|upkeep\n|turn|9\n|\n|t:|1776110584\n|switch|p1b: Incineroar|Incineroar, L50, F|100/100\n|-ability|p1b: Incineroar|Intimidate|boost\n|-unboost|p2b: Sinistcha|atk|1\n|move|p2b: Sinistcha|Shadow Ball|p1a: Mary Poppins\n|-damage|p1a: Mary Poppins|49/100\n|move|p1a: Mary Poppins|Moonblast|p2b: Sinistcha\n|-crit|p2b: Sinistcha\n|-damage|p2b: Sinistcha|0 fnt\n|faint|p2b: Sinistcha\n|\n|win|NotTheRealAdo\n|raw|NotTheRealAdo's rating: 1072 &rarr; <strong>1109</strong><br />(+37 for winning)\n|raw|piedidiconkeldurr's rating: 1168 &rarr; <strong>1136</strong><br />(-32 for losing)\n",
  "uploadtime": 1776110600,
  "views": 22,
  "formatid": "gen9championsvgc2026regma",
  "rating": 1109,
  "private": 0,
  "password": null
}