{
  "id": "gen9championsvgc2026regma-2581002803",
  "format": "[Gen 9 Champions] VGC 2026 Reg M-A",
  "players": [
    "MasterpieceDivded",
    "mrpoopass"
  ],
  "log": "|j|\u203dMasterpieceDivded\n|j|\u2606mrpoopass\n|t:|1775950726\n|gametype|doubles\n|player|p1|MasterpieceDivded|1|1172\n|player|p2|mrpoopass|blaine|1168\n|gen|9\n|tier|[Gen 9 Champions] VGC 2026 Reg M-A\n|rated|\n|rule|Species Clause: Limit one of each Pok\u00e9mon\n|rule|Item Clause: Limit 1 of each item\n|clearpoke\n|poke|p1|Floette-Eternal, L50, F|\n|poke|p1|Incineroar, L50, M|\n|poke|p1|Whimsicott, L50, F|\n|poke|p1|Garchomp, L50, F|\n|poke|p1|Clefable, L50, F|\n|poke|p1|Froslass, L50, F|\n|poke|p2|Scovillain, L50, M|\n|poke|p2|Tyranitar, L50, M|\n|poke|p2|Basculegion, L50, M|\n|poke|p2|Milotic, L50, M|\n|poke|p2|Excadrill, L50, F|\n|poke|p2|Sylveon, L50, M|\n|teampreview|4\n|inactive|Battle timer is ON: inactive players will automatically lose when time's up. (requested by mrpoopass)\n|inactive|mrpoopass has 60 seconds left.\n|\n|t:|1775950762\n|teamsize|p1|4\n|teamsize|p2|4\n|start\n|switch|p1a: Floette|Floette-Eternal, L50, F|100/100\n|switch|p1b: Whimsicott|Whimsicott, L50, F|100/100\n|switch|p2a: Milotic|Milotic, L50, M, shiny|100/100\n|switch|p2b: Basculegion|Basculegion, L50, M|100/100\n|turn|1\n|\n|t:|1775950779\n|detailschange|p1a: Floette|Floette-Mega, L50, F\n|-mega|p1a: Floette|Floette|Floettite\n|-ability|p1a: Floette|Fairy Aura\n|move|p1b: Whimsicott|Tailwind|p1b: Whimsicott\n|-sidestart|p1: MasterpieceDivded|move: Tailwind\n|move|p1a: Floette|Dazzling Gleam|p2a: Milotic|[spread] p2a,p2b\n|-damage|p2a: Milotic|63/100\n|-damage|p2b: Basculegion|45/100\n|move|p2b: Basculegion|Wave Crash|p1a: Floette\n|-damage|p1a: Floette|7/100\n|-damage|p2b: Basculegion|22/100|[from] Recoil\n|move|p2a: Milotic|Icy Wind|p1b: Whimsicott|[spread] p1a,p1b\n|-supereffective|p1b: Whimsicott|1\n|-damage|p1a: Floette|0 fnt\n|-damage|p1b: Whimsicott|69/100\n|-unboost|p1b: Whimsicott|spe|1\n|faint|p1a: Floette\n|\n|-heal|p2a: Milotic|69/100|[from] item: Leftovers\n|upkeep\n|\n|t:|1775950791\n|switch|p1a: Garchomp|Garchomp, L50, F|100/100\n|turn|2\n|\n|t:|1775950805\n|move|p1a: Garchomp|Earthquake|p2b: Basculegion|[spread] p1b,p2a,p2b\n|-resisted|p1b: Whimsicott|1\n|-damage|p1b: Whimsicott|44/100\n|-damage|p2a: Milotic|21/100\n|-damage|p2b: Basculegion|0 fnt\n|faint|p2b: Basculegion\n|move|p1b: Whimsicott|Moonblast|p2a: Milotic\n|-damage|p2a: Milotic|2/100\n|move|p2a: Milotic|Icy Wind|p1b: Whimsicott|[spread] p1a,p1b\n|-supereffective|p1a: Garchomp|2\n|-supereffective|p1b: Whimsicott|1\n|-damage|p1a: Garchomp|49/100\n|-damage|p1b: Whimsicott|12/100\n|-unboost|p1a: Garchomp|spe|1\n|-unboost|p1b: Whimsicott|spe|1\n|\n|-heal|p2a: Milotic|8/100|[from] item: Leftovers\n|upkeep\n|\n|t:|1775950825\n|switch|p2b: Excadrill|Excadrill, L50, F|100/100\n|turn|3\n|j| Jah_08\n|\n|t:|1775950842\n|switch|p1b: Incineroar|Incineroar, L50, M|100/100\n|-ability|p1b: Incineroar|Intimidate|boost\n|-unboost|p2a: Milotic|atk|1\n|-ability|p2a: Milotic|Competitive|boost\n|-boost|p2a: Milotic|spa|2\n|-unboost|p2b: Excadrill|atk|1\n|switch|p2a: Tyranitar|Tyranitar, L50, M|100/100\n|-weather|Sandstorm|[from] ability: Sand Stream|[of] p2a: Tyranitar\n|move|p1a: Garchomp|Earthquake|p2a: Tyranitar|[spread] p1b,p2a,p2b\n|-supereffective|p1b: Incineroar|1\n|-supereffective|p2a: Tyranitar|1\n|-supereffective|p2b: Excadrill|1\n|-damage|p1b: Incineroar|23/100\n|-damage|p2a: Tyranitar|33/100\n|-enditem|p2b: Excadrill|Focus Sash\n|-damage|p2b: Excadrill|1/100\n|-enditem|p1b: Incineroar|Sitrus Berry|[eat]\n|-heal|p1b: Incineroar|48/100|[from] item: Sitrus Berry\n|move|p2b: Excadrill|Iron Head|p1a: Garchomp\n|-damage|p1a: Garchomp|16/100\n|-damage|p2b: Excadrill|0 fnt|[from] ability: Rough Skin|[of] p1a: Garchomp\n|faint|p2b: Excadrill\n|\n|-weather|Sandstorm|[upkeep]\n|-damage|p1b: Incineroar|42/100|[from] Sandstorm\n|upkeep\n|\n|t:|1775950861\n|switch|p2b: Milotic|Milotic, L50, M, shiny|8/100\n|turn|4\n|\n|t:|1775950867\n|move|p2b: Milotic|Protect|p2b: Milotic\n|-singleturn|p2b: Milotic|Protect\n|move|p2a: Tyranitar|Protect|p2a: Tyranitar\n|-singleturn|p2a: Tyranitar|Protect\n|move|p1b: Incineroar|Fake Out|p2a: Tyranitar\n|-activate|p2a: Tyranitar|move: Protect\n|move|p1a: Garchomp|Earthquake|p2b: Milotic|[spread] p1b\n|-activate|p2a: Tyranitar|move: Protect\n|-activate|p2b: Milotic|move: Protect\n|-supereffective|p1b: Incineroar|1\n|-damage|p1b: Incineroar|0 fnt\n|faint|p1b: Incineroar\n|\n|-weather|Sandstorm|[upkeep]\n|-damage|p2b: Milotic|2/100|[from] Sandstorm\n|-heal|p2b: Milotic|8/100|[from] item: Leftovers\n|-sideend|p1: MasterpieceDivded|move: Tailwind\n|upkeep\n|\n|t:|1775950871\n|switch|p1b: Whimsicott|Whimsicott, L50, F|12/100\n|turn|5\n|\n|t:|1775950877\n|detailschange|p2a: Tyranitar|Tyranitar-Mega, L50, M\n|-mega|p2a: Tyranitar|Tyranitar|Tyranitarite\n|move|p1b: Whimsicott|Tailwind|p1b: Whimsicott\n|-sidestart|p1: MasterpieceDivded|move: Tailwind\n|move|p1a: Garchomp|Earthquake|p2b: Milotic|[spread] p1b,p2a,p2b\n|-resisted|p1b: Whimsicott|1\n|-supereffective|p2a: Tyranitar|1\n|-damage|p1b: Whimsicott|0 fnt\n|-damage|p2a: Tyranitar|0 fnt\n|-damage|p2b: Milotic|0 fnt\n|faint|p1b: Whimsicott\n|faint|p2a: Tyranitar\n|faint|p2b: Milotic\n|\n|win|MasterpieceDivded\n|raw|MasterpieceDivded's rating: 1172 &rarr; <strong>1197</strong><br />(+25 for winning)\n|raw|mrpoopass's rating: 1168 &rarr; <strong>1143</strong><br />(-25 for losing)\n",
  "uploadtime": 1775950881,
  "views": 33,
  "formatid": "gen9championsvgc2026regma",
  "rating": 1143,
  "private": 0,
  "password": null
}