{
  "id": "gen9championsvgc2026regma-2584806106",
  "format": "[Gen 9 Champions] VGC 2026 Reg M-A",
  "players": [
    "kellenargos",
    "campeondelfitness"
  ],
  "log": "|j|\u2606kellenargos\n|j|\u2606campeondelfitness\n|t:|1776285031\n|gametype|doubles\n|player|p1|kellenargos|birdkeeper-gen6|1063\n|player|p2|campeondelfitness|swimmer|1045\n|gen|9\n|tier|[Gen 9 Champions] VGC 2026 Reg M-A\n|rated|\n|rule|Species Clause: Limit one of each Pok\u00e9mon\n|rule|Item Clause: Limit 1 of each item\n|clearpoke\n|poke|p1|Aerodactyl, L50, M|\n|poke|p1|Kommo-o, L50, M|\n|poke|p1|Sinistcha, L50|\n|poke|p1|Arcanine-Hisui, L50, F|\n|poke|p1|Lucario, L50, M|\n|poke|p1|Basculegion, L50, M|\n|poke|p2|Tyranitar, L50, F|\n|poke|p2|Excadrill, L50, F|\n|poke|p2|Garchomp, L50, M|\n|poke|p2|Heliolisk, L50, F|\n|poke|p2|Rotom-Heat, L50|\n|poke|p2|Orthworm, L50, M|\n|teampreview|4\n|inactive|Battle timer is ON: inactive players will automatically lose when time's up. (requested by campeondelfitness)\n|inactive|campeondelfitness has 60 seconds left.\n|\n|t:|1776285062\n|teamsize|p1|4\n|teamsize|p2|4\n|start\n|switch|p1a: Aerodactyl|Aerodactyl, L50, M|100/100\n|switch|p1b: Basculegion|Basculegion, L50, M|100/100\n|switch|p2a: Garchomp|Garchomp, L50, M|100/100\n|switch|p2b: Heliolisk|Heliolisk, L50, F|100/100\n|-ability|p1a: Aerodactyl|Unnerve\n|turn|1\n|\n|t:|1776285087\n|detailschange|p1a: Aerodactyl|Aerodactyl-Mega, L50, M\n|-mega|p1a: Aerodactyl|Aerodactyl|Aerodactylite\n|detailschange|p2a: Garchomp|Garchomp-Mega, L50, M\n|-mega|p2a: Garchomp|Garchomp|Garchompite\n|move|p1a: Aerodactyl|Tailwind|p1a: Aerodactyl\n|-sidestart|p1: kellenargos|move: Tailwind\n|move|p1b: Basculegion|Flip Turn|p2a: Garchomp\n|-damage|p2a: Garchomp|65/100\n|\n|t:|1776285103\n|switch|p1b: Sinistcha|Sinistcha, L50|100/100|[from] Flip Turn\n|move|p2b: Heliolisk|Discharge|p1a: Aerodactyl|[spread] p1a,p1b\n|-immune|p2a: Garchomp\n|-supereffective|p1a: Aerodactyl|1\n|-resisted|p1b: Sinistcha|1\n|-damage|p1a: Aerodactyl|38/100\n|-damage|p1b: Sinistcha|89/100\n|move|p2a: Garchomp|Dragon Claw|p1a: Aerodactyl\n|-damage|p1a: Aerodactyl|0 fnt\n|faint|p1a: Aerodactyl\n|\n|upkeep\n|\n|t:|1776285115\n|switch|p1a: Kommo-o|Kommo-o, L50, M|100/100\n|turn|2\n|inactive|campeondelfitness has 30 seconds left.\n|inactive|campeondelfitness has 20 seconds left.\n|\n|t:|1776285152\n|switch|p2a: Orthworm|Orthworm, L50, M|100/100\n|move|p1b: Sinistcha|Rage Powder|p1b: Sinistcha\n|-singleturn|p1b: Sinistcha|move: Rage Powder\n|move|p1a: Kommo-o|Iron Defense|p1a: Kommo-o\n|-boost|p1a: Kommo-o|def|2\n|move|p2b: Heliolisk|Discharge|p1a: Kommo-o|[spread] p2a,p1a,p1b\n|-resisted|p1a: Kommo-o|1\n|-resisted|p1b: Sinistcha|1\n|-damage|p2a: Orthworm|51/100\n|-damage|p1a: Kommo-o|87/100\n|-damage|p1b: Sinistcha|77/100\n|-status|p1a: Kommo-o|par\n|\n|-heal|p1a: Kommo-o|93/100 par|[from] item: Leftovers\n|-heal|p2a: Orthworm|58/100|[from] item: Leftovers\n|upkeep\n|turn|3\n|inactive|kellenargos has 30 seconds left.\n|inactive|campeondelfitness has 30 seconds left.\n|\n|t:|1776285186\n|move|p1b: Sinistcha|Matcha Gotcha|p2a: Orthworm|[spread] p2a,p2b\n|-resisted|p2a: Orthworm|1\n|-damage|p2a: Orthworm|39/100\n|-heal|p1b: Sinistcha|87/100|[from] drain|[of] p2a: Orthworm\n|-damage|p2b: Heliolisk|68/100\n|-heal|p1b: Sinistcha|99/100|[from] drain|[of] p2b: Heliolisk\n|move|p2b: Heliolisk|Volt Switch|p1a: Kommo-o\n|-resisted|p1a: Kommo-o|1\n|-damage|p1a: Kommo-o|79/100 par\n|\n|t:|1776285199\n|switch|p2b: Garchomp|Garchomp-Mega, L50, M|65/100|[from] Volt Switch\n|move|p1a: Kommo-o|Body Press|p2b: Garchomp\n|-damage|p2b: Garchomp|0 fnt\n|faint|p2b: Garchomp\n|move|p2a: Orthworm|Shed Tail|p2a: Orthworm\n|-fail|p2a: Orthworm|move: Shed Tail|[weak]\n|\n|-heal|p1a: Kommo-o|85/100 par|[from] item: Leftovers\n|-heal|p2a: Orthworm|45/100|[from] item: Leftovers\n|upkeep\n|\n|t:|1776285224\n|switch|p2b: Tyranitar|Tyranitar, L50, F|100/100\n|-weather|Sandstorm|[from] ability: Sand Stream|[of] p2b: Tyranitar\n|turn|4\n|\n|t:|1776285238\n|move|p2b: Tyranitar|Protect|p2b: Tyranitar\n|-singleturn|p2b: Tyranitar|Protect\n|move|p1b: Sinistcha|Matcha Gotcha|p2a: Orthworm|[spread] p2a\n|-activate|p2b: Tyranitar|move: Protect\n|-resisted|p2a: Orthworm|1\n|-crit|p2a: Orthworm\n|-damage|p2a: Orthworm|16/100\n|-heal|p1b: Sinistcha|100/100|[from] drain|[of] p2a: Orthworm\n|move|p1a: Kommo-o|Body Press|p2a: Orthworm\n|-supereffective|p2a: Orthworm|1\n|-damage|p2a: Orthworm|0 fnt\n|faint|p2a: Orthworm\n|\n|-weather|Sandstorm|[upkeep]\n|-damage|p1b: Sinistcha|94/100|[from] Sandstorm\n|-damage|p1a: Kommo-o|79/100 par|[from] Sandstorm\n|-heal|p1a: Kommo-o|85/100 par|[from] item: Leftovers\n|-sideend|p1: kellenargos|move: Tailwind\n|upkeep\n|\n|t:|1776285254\n|switch|p2a: Heliolisk|Heliolisk, L50, F|68/100\n|turn|5\n|\n|t:|1776285267\n|move|p1b: Sinistcha|Rage Powder|p1b: Sinistcha\n|-singleturn|p1b: Sinistcha|move: Rage Powder\n|move|p2a: Heliolisk|Discharge|p1b: Sinistcha|[spread] p2b,p1a,p1b\n|-crit|p2b: Tyranitar\n|-resisted|p1a: Kommo-o|1\n|-resisted|p1b: Sinistcha|1\n|-crit|p1b: Sinistcha\n|-damage|p2b: Tyranitar|80/100\n|-damage|p1a: Kommo-o|72/100 par\n|-damage|p1b: Sinistcha|76/100\n|move|p2b: Tyranitar|Knock Off|p1b: Sinistcha\n|-supereffective|p1b: Sinistcha|1\n|-damage|p1b: Sinistcha|0 fnt\n|-enditem|p1b: Sinistcha|Sitrus Berry|[from] move: Knock Off|[of] p2b: Tyranitar\n|faint|p1b: Sinistcha\n|move|p1a: Kommo-o|Body Press|p2b: Tyranitar\n|-supereffective|p2b: Tyranitar|2\n|-damage|p2b: Tyranitar|0 fnt\n|faint|p2b: Tyranitar\n|\n|-weather|Sandstorm|[upkeep]\n|-damage|p1a: Kommo-o|66/100 par|[from] Sandstorm\n|-heal|p1a: Kommo-o|72/100 par|[from] item: Leftovers\n|upkeep\n|\n|t:|1776285272\n|switch|p1b: Basculegion|Basculegion, L50, M|100/100\n|turn|6\n|-message|campeondelfitness forfeited.\n|\n|win|kellenargos\n|raw|kellenargos's rating: 1063 &rarr; <strong>1092</strong><br />(+29 for winning)\n|raw|campeondelfitness's rating: 1045 &rarr; <strong>1029</strong><br />(-16 for losing)\n",
  "uploadtime": 1776285287,
  "views": 28,
  "formatid": "gen9championsvgc2026regma",
  "rating": 1029,
  "private": 0,
  "password": null
}