{
  "id": "gen9championsvgc2026regma-2580430919",
  "format": "[Gen 9 Champions] VGC 2026 Reg M-A",
  "players": [
    "sparemeplz",
    "nunoserfaty"
  ],
  "log": "|j|\u2606sparemeplz\n|j|\u2606nunoserfaty\n|t:|1775895447\n|gametype|doubles\n|player|p1|sparemeplz|102|1083\n|player|p2|nunoserfaty|102|1052\n|gen|9\n|tier|[Gen 9 Champions] VGC 2026 Reg M-A\n|rated|\n|rule|Species Clause: Limit one of each Pok\u00e9mon\n|rule|Item Clause: Limit 1 of each item\n|clearpoke\n|poke|p1|Heracross, L50, M|\n|poke|p1|Talonflame, L50, M|\n|poke|p1|Kingambit, L50, M|\n|poke|p1|Araquanid, L50, M|\n|poke|p1|Sinistcha, L50|\n|poke|p1|Arcanine-Hisui, L50, F|\n|poke|p2|Talonflame, L50, F|\n|poke|p2|Rotom-Wash, L50|\n|poke|p2|Garchomp, L50, M|\n|poke|p2|Floette-Eternal, L50, F|\n|poke|p2|Sinistcha, L50|\n|poke|p2|Tyranitar, L50, M|\n|teampreview|4\n|\n|t:|1775895499\n|teamsize|p1|4\n|teamsize|p2|4\n|start\n|switch|p1a: Sinistcha|Sinistcha, L50|100/100\n|switch|p1b: Araquanid|Araquanid, L50, M|100/100\n|switch|p2a: Talonflame|Talonflame, L50, F|100/100\n|switch|p2b: Rotom|Rotom-Wash, L50|100/100\n|turn|1\n|\n|t:|1775895525\n|switch|p1a: Kingambit|Kingambit, L50, M|100/100\n|move|p2a: Talonflame|Acrobatics|p1a: Kingambit\n|-resisted|p1a: Kingambit|1\n|-damage|p1a: Kingambit|86/100\n|move|p2b: Rotom|Volt Switch|p1b: Araquanid\n|-supereffective|p1b: Araquanid|1\n|-damage|p1b: Araquanid|49/100\n|\n|t:|1775895539\n|switch|p2b: Garchomp|Garchomp, L50, M|100/100|[from] Volt Switch\n|move|p1b: Araquanid|Liquidation|p2a: Talonflame\n|-supereffective|p2a: Talonflame|1\n|-damage|p2a: Talonflame|0 fnt\n|faint|p2a: Talonflame\n|\n|-heal|p1b: Araquanid|55/100|[from] item: Leftovers\n|upkeep\n|\n|t:|1775895551\n|switch|p2a: Rotom|Rotom-Wash, L50|100/100\n|turn|2\n|\n|t:|1775895582\n|move|p1b: Araquanid|Wide Guard|p1b: Araquanid\n|-singleturn|p1b: Araquanid|Wide Guard\n|move|p2a: Rotom|Discharge|p1a: Kingambit|[spread] \n|-activate|p1a: Kingambit|move: Wide Guard\n|-activate|p1b: Araquanid|move: Wide Guard\n|-immune|p2b: Garchomp\n|move|p2b: Garchomp|Earthquake|p1a: Kingambit|[spread] \n|-activate|p1a: Kingambit|move: Wide Guard\n|-activate|p1b: Araquanid|move: Wide Guard\n|-immune|p2a: Rotom|[from] ability: Levitate\n|move|p1a: Kingambit|Throat Chop|p2a: Rotom\n|-damage|p2a: Rotom|19/100\n|-start|p2a: Rotom|Throat Chop|[silent]\n|\n|-heal|p1b: Araquanid|60/100|[from] item: Leftovers\n|upkeep\n|turn|3\n|\n|t:|1775895615\n|move|p1b: Araquanid|Wide Guard|p1b: Araquanid\n|-singleturn|p1b: Araquanid|Wide Guard\n|move|p1a: Kingambit|Sucker Punch|p2a: Rotom\n|-damage|p2a: Rotom|0 fnt\n|faint|p2a: Rotom\n|move|p2b: Garchomp|Dragon Claw|p1b: Araquanid\n|-damage|p1b: Araquanid|23/100\n|\n|-heal|p1b: Araquanid|28/100|[from] item: Leftovers\n|upkeep\n|\n|t:|1775895624\n|switch|p2a: Floette|Floette-Eternal, L50, F|100/100\n|turn|4\n|\n|t:|1775895647\n|detailschange|p2a: Floette|Floette-Mega, L50, F\n|-mega|p2a: Floette|Floette|Floettite\n|-ability|p2a: Floette|Fairy Aura\n|move|p2a: Floette|Protect|p2a: Floette\n|-singleturn|p2a: Floette|Protect\n|move|p1b: Araquanid|Wide Guard|p1b: Araquanid\n|-singleturn|p1b: Araquanid|Wide Guard\n|move|p2b: Garchomp|Stone Edge|p1b: Araquanid|[miss]\n|-miss|p2b: Garchomp|p1b: Araquanid\n|move|p1a: Kingambit|Iron Head|p2a: Floette\n|-activate|p2a: Floette|move: Protect\n|\n|-heal|p1b: Araquanid|34/100|[from] item: Leftovers\n|upkeep\n|turn|5\n|\n|t:|1775895685\n|move|p1b: Araquanid|Wide Guard|p1b: Araquanid\n|-singleturn|p1b: Araquanid|Wide Guard\n|move|p2b: Garchomp|Earthquake|p1b: Araquanid|[spread] p2a\n|-activate|p1a: Kingambit|move: Wide Guard\n|-activate|p1b: Araquanid|move: Wide Guard\n|-damage|p2a: Floette|52/100\n|move|p2a: Floette|Moonblast|p1a: Kingambit\n|-damage|p1a: Kingambit|2/100\n|move|p1a: Kingambit|Iron Head|p2a: Floette\n|-supereffective|p2a: Floette|1\n|-damage|p2a: Floette|0 fnt\n|faint|p2a: Floette\n|\n|-heal|p1b: Araquanid|40/100|[from] item: Leftovers\n|upkeep\n|turn|6\n|-message|nunoserfaty forfeited.\n|\n|win|sparemeplz\n|raw|sparemeplz's rating: 1083 &rarr; <strong>1108</strong><br />(+25 for winning)\n|raw|nunoserfaty's rating: 1052 &rarr; <strong>1036</strong><br />(-16 for losing)\n|l|\u2606nunoserfaty\n|player|p2|\n",
  "uploadtime": 1775895700,
  "views": 14,
  "formatid": "gen9championsvgc2026regma",
  "rating": 1036,
  "private": 0,
  "password": null
}