{
  "id": "gen9championsvgc2026regma-2583377708",
  "format": "[Gen 9 Champions] VGC 2026 Reg M-A",
  "players": [
    "Don_Toto_Woods",
    "libertasm"
  ],
  "log": "|j|\u2606Don_Toto_Woods\n|j|\u2606libertasm\n|t:|1776171404\n|gametype|doubles\n|player|p1|Don_Toto_Woods|red|1130\n|player|p2|libertasm|pokemonranger-gen4|1054\n|gen|9\n|tier|[Gen 9 Champions] VGC 2026 Reg M-A\n|rated|\n|rule|Species Clause: Limit one of each Pok\u00e9mon\n|rule|Item Clause: Limit 1 of each item\n|clearpoke\n|poke|p1|Dragonite, L50, F|\n|poke|p1|Pelipper, L50, M|\n|poke|p1|Basculegion, L50, M|\n|poke|p1|Incineroar, L50, F|\n|poke|p1|Archaludon, L50, M|\n|poke|p1|Sinistcha, L50|\n|poke|p2|Blastoise, L50, M|\n|poke|p2|Charizard, L50, F|\n|poke|p2|Venusaur, L50, F|\n|poke|p2|Incineroar, L50, M|\n|poke|p2|Dragonite, L50, F|\n|poke|p2|Aerodactyl, L50, F|\n|teampreview|4\n|inactive|Battle timer is ON: inactive players will automatically lose when time's up. (requested by Don_Toto_Woods)\n|inactive|libertasm has 60 seconds left.\n|\n|t:|1776171468\n|teamsize|p1|4\n|teamsize|p2|4\n|start\n|switch|p1a: Dracolosse|Dragonite, L50, F|100/100\n|switch|p1b: Paragruel|Basculegion, L50, M|100/100\n|switch|p2a: Aerodactyl|Aerodactyl, L50, F|100/100\n|switch|p2b: Charizard|Charizard, L50, F|100/100\n|-ability|p2a: Aerodactyl|Unnerve\n|turn|1\n|\n|t:|1776171491\n|move|p2b: Charizard|Protect|p2b: Charizard\n|-singleturn|p2b: Charizard|Protect\n|move|p1b: Paragruel|Protect|p1b: Paragruel\n|-singleturn|p1b: Paragruel|Protect\n|move|p1a: Dracolosse|Protect|p1a: Dracolosse\n|-singleturn|p1a: Dracolosse|Protect\n|move|p2a: Aerodactyl|Rock Slide|p1a: Dracolosse|[spread] \n|-activate|p1a: Dracolosse|move: Protect\n|-activate|p1b: Paragruel|move: Protect\n|\n|upkeep\n|turn|2\n|inactive|Don_Toto_Woods has 30 seconds left.\n|inactive|libertasm has 30 seconds left.\n|\n|t:|1776171522\n|switch|p2b: Incineroar|Incineroar, L50, M|100/100\n|-ability|p2b: Incineroar|Intimidate|boost\n|-unboost|p1a: Dracolosse|atk|1\n|-unboost|p1b: Paragruel|atk|1\n|detailschange|p1a: Dracolosse|Dragonite-Mega, L50, F\n|-mega|p1a: Dracolosse|Dragonite|Dragoninite\n|move|p2a: Aerodactyl|Tailwind|p2a: Aerodactyl\n|-sidestart|p2: libertasm|move: Tailwind\n|move|p1b: Paragruel|Wave Crash|p2a: Aerodactyl\n|-supereffective|p2a: Aerodactyl|1\n|-enditem|p2a: Aerodactyl|Focus Sash\n|-damage|p2a: Aerodactyl|1/100\n|-damage|p1b: Paragruel|74/100|[from] Recoil\n|move|p1a: Dracolosse|Draco Meteor|p2a: Aerodactyl\n|-damage|p2a: Aerodactyl|0 fnt\n|-unboost|p1a: Dracolosse|spa|2\n|faint|p2a: Aerodactyl\n|\n|upkeep\n|inactive|libertasm has 30 seconds left.\n|\n|t:|1776171551\n|switch|p2a: Dragonite|Dragonite, L50, F|100/100\n|turn|3\n|\n|t:|1776171568\n|switch|p1a: Bekipan|Pelipper, L50, M, shiny|100/100\n|-weather|RainDance|[from] ability: Drizzle|[of] p1a: Bekipan\n|detailschange|p2a: Dragonite|Dragonite-Mega, L50, F\n|-mega|p2a: Dragonite|Dragonite|Dragoninite\n|move|p2b: Incineroar|Fake Out|p1a: Bekipan\n|-damage|p1a: Bekipan|84/100\n|move|p2a: Dragonite|Thunderbolt|p1b: Paragruel\n|-supereffective|p1b: Paragruel|1\n|-damage|p1b: Paragruel|0 fnt\n|faint|p1b: Paragruel\n|\n|-weather|RainDance|[upkeep]\n|upkeep\n|\n|t:|1776171584\n|switch|p1b: Dracolosse|Dragonite-Mega, L50, F|100/100\n|turn|4\n|\n|t:|1776171611\n|move|p2a: Dragonite|Ice Beam|p1b: Dracolosse\n|-supereffective|p1b: Dracolosse|2\n|-damage|p1b: Dracolosse|52/100\n|move|p2b: Incineroar|Parting Shot|p1b: Dracolosse\n|-unboost|p1b: Dracolosse|atk|1\n|-unboost|p1b: Dracolosse|spa|1\n|\n|t:|1776171619\n|switch|p2b: Charizard|Charizard, L50, F|100/100|[from] Parting Shot\n|move|p1a: Bekipan|Hurricane|p2a: Dragonite\n|-damage|p2a: Dragonite|83/100\n|move|p1b: Dracolosse|Tailwind|p1b: Dracolosse\n|-sidestart|p1: Don_Toto_Woods|move: Tailwind\n|\n|-weather|RainDance|[upkeep]\n|upkeep\n|turn|5\n|\n|t:|1776171643\n|switch|p1a: F\u00e9linferno|Incineroar, L50, F|100/100\n|-ability|p1a: F\u00e9linferno|Intimidate|boost\n|-unboost|p2a: Dragonite|atk|1\n|-unboost|p2b: Charizard|atk|1\n|move|p2b: Charizard|Protect|p2b: Charizard\n|-singleturn|p2b: Charizard|Protect\n|move|p1b: Dracolosse|Protect|p1b: Dracolosse\n|-singleturn|p1b: Dracolosse|Protect\n|move|p2a: Dragonite|Ice Beam|p1b: Dracolosse\n|-activate|p1b: Dracolosse|move: Protect\n|\n|-weather|RainDance|[upkeep]\n|-sideend|p2: libertasm|move: Tailwind\n|upkeep\n|turn|6\n|\n|t:|1776171666\n|switch|p2a: Incineroar|Incineroar, L50, M|100/100\n|-ability|p2a: Incineroar|Intimidate|boost\n|-unboost|p1a: F\u00e9linferno|atk|1\n|-unboost|p1b: Dracolosse|atk|1\n|move|p1a: F\u00e9linferno|Fake Out|p2b: Charizard\n|-damage|p2b: Charizard|90/100\n|move|p1b: Dracolosse|Draco Meteor|p2a: Incineroar\n|-damage|p2a: Incineroar|61/100\n|-unboost|p1b: Dracolosse|spa|2\n|cant|p2b: Charizard|flinch\n|\n|-weather|RainDance|[upkeep]\n|-heal|p2a: Incineroar|67/100|[from] item: Leftovers\n|upkeep\n|turn|7\n|inactive|Don_Toto_Woods has 30 seconds left.\n|inactive|libertasm has 30 seconds left.\n|inactive|Don_Toto_Woods has 20 seconds left.\n|\n|t:|1776171702\n|switch|p2b: Dragonite|Dragonite-Mega, L50, F|83/100\n|move|p1b: Dracolosse|Protect|p1b: Dracolosse\n|-singleturn|p1b: Dracolosse|Protect\n|move|p1a: F\u00e9linferno|Throat Chop|p2b: Dragonite\n|-damage|p2b: Dragonite|63/100\n|-start|p2b: Dragonite|Throat Chop|[silent]\n|move|p2a: Incineroar|Close Combat|p1a: F\u00e9linferno\n|-supereffective|p1a: F\u00e9linferno|1\n|-damage|p1a: F\u00e9linferno|44/100\n|-unboost|p2a: Incineroar|def|1\n|-unboost|p2a: Incineroar|spd|1\n|-enditem|p1a: F\u00e9linferno|Sitrus Berry|[eat]\n|-heal|p1a: F\u00e9linferno|69/100|[from] item: Sitrus Berry\n|\n|-weather|none\n|-heal|p2a: Incineroar|73/100|[from] item: Leftovers\n|-sideend|p1: Don_Toto_Woods|move: Tailwind\n|upkeep\n|turn|8\n|inactive|Don_Toto_Woods has 30 seconds left.\n|inactive|libertasm has 30 seconds left.\n|inactive|Don_Toto_Woods has 20 seconds left.\n|inactive|Don_Toto_Woods has 15 seconds left.\n|\n|t:|1776171744\n|switch|p2a: Charizard|Charizard, L50, F|90/100\n|move|p2b: Dragonite|Draco Meteor|p1b: Dracolosse|[miss]\n|-miss|p2b: Dragonite|p1b: Dracolosse\n|move|p1b: Dracolosse|Draco Meteor|p2b: Dragonite\n|-supereffective|p2b: Dragonite|1\n|-damage|p2b: Dragonite|8/100\n|-unboost|p1b: Dracolosse|spa|2\n|move|p1a: F\u00e9linferno|Will-O-Wisp|p2b: Dragonite\n|-status|p2b: Dragonite|brn\n|\n|-damage|p2b: Dragonite|2/100 brn|[from] brn\n|-end|p2b: Dragonite|Throat Chop|[silent]\n|upkeep\n|turn|9\n|inactive|libertasm has 30 seconds left.\n|\n|t:|1776171770\n|switch|p2b: Incineroar|Incineroar, L50, M|73/100\n|-ability|p2b: Incineroar|Intimidate|boost\n|-unboost|p1a: F\u00e9linferno|atk|1\n|-unboost|p1b: Dracolosse|atk|1\n|move|p1b: Dracolosse|Protect|p1b: Dracolosse\n|-singleturn|p1b: Dracolosse|Protect\n|move|p2a: Charizard|Scorching Sands|p1a: F\u00e9linferno\n|-supereffective|p1a: F\u00e9linferno|1\n|-damage|p1a: F\u00e9linferno|31/100\n|move|p1a: F\u00e9linferno|Throat Chop|p2a: Charizard\n|-damage|p2a: Charizard|68/100\n|-start|p2a: Charizard|Throat Chop|[silent]\n|\n|-heal|p2b: Incineroar|79/100|[from] item: Leftovers\n|upkeep\n|turn|10\n|inactive|Don_Toto_Woods has 30 seconds left.\n|inactive|libertasm has 30 seconds left.\n|inactive|libertasm has 20 seconds left.\n|\n|t:|1776171810\n|switch|p1b: Bekipan|Pelipper, L50, M, shiny|84/100\n|-weather|RainDance|[from] ability: Drizzle|[of] p1b: Bekipan\n|move|p2a: Charizard|Heat Wave|p1b: Bekipan|[spread] p1a,p1b\n|-resisted|p1a: F\u00e9linferno|1\n|-resisted|p1b: Bekipan|1\n|-damage|p1a: F\u00e9linferno|24/100\n|-damage|p1b: Bekipan|68/100\n|move|p1a: F\u00e9linferno|Throat Chop|p2a: Charizard\n|-damage|p2a: Charizard|46/100\n|move|p2b: Incineroar|Flare Blitz|p1a: F\u00e9linferno\n|-resisted|p1a: F\u00e9linferno|1\n|-damage|p1a: F\u00e9linferno|14/100\n|-damage|p2b: Incineroar|76/100|[from] Recoil\n|\n|-weather|RainDance|[upkeep]\n|-heal|p2b: Incineroar|82/100|[from] item: Leftovers\n|-end|p2a: Charizard|Throat Chop|[silent]\n|upkeep\n|turn|11\n|inactive|Don_Toto_Woods has 30 seconds left.\n|inactive|libertasm has 30 seconds left.\n|inactive|libertasm has 20 seconds left.\n|inactive|libertasm has 15 seconds left.\n|\n|t:|1776171851\n|switch|p1a: Dracolosse|Dragonite-Mega, L50, F|52/100\n|move|p2a: Charizard|Protect|p2a: Charizard\n|-singleturn|p2a: Charizard|Protect\n|move|p1b: Bekipan|Weather Ball|p2b: Incineroar\n|-supereffective|p2b: Incineroar|1\n|-damage|p2b: Incineroar|0 fnt\n|faint|p2b: Incineroar\n|\n|-weather|RainDance|[upkeep]\n|upkeep\n|\n|t:|1776171863\n|switch|p2b: Dragonite|Dragonite-Mega, L50, F|2/100 brn\n|turn|12\n|\n|t:|1776171872\n|move|p1b: Bekipan|Protect|p1b: Bekipan\n|-singleturn|p1b: Bekipan|Protect\n|move|p1a: Dracolosse|Protect|p1a: Dracolosse\n|-singleturn|p1a: Dracolosse|Protect\n|move|p2a: Charizard|Heat Wave|p1b: Bekipan|[spread] \n|-activate|p1a: Dracolosse|move: Protect\n|-activate|p1b: Bekipan|move: Protect\n|move|p2b: Dragonite|Thunderbolt|p1b: Bekipan\n|-activate|p1b: Bekipan|move: Protect\n|\n|-weather|RainDance|[upkeep]\n|-damage|p2b: Dragonite|0 fnt|[from] brn\n|faint|p2b: Dragonite\n|upkeep\n|turn|13\n|inactive|libertasm has 30 seconds left.\n|\n|t:|1776171897\n|move|p2a: Charizard|Heat Wave|p1b: Bekipan|[spread] p1a,p1b\n|-resisted|p1a: Dracolosse|1\n|-resisted|p1b: Bekipan|1\n|-damage|p1a: Dracolosse|46/100\n|-damage|p1b: Bekipan|55/100\n|-status|p1b: Bekipan|brn\n|move|p1b: Bekipan|Weather Ball|p2a: Charizard\n|-supereffective|p2a: Charizard|1\n|-damage|p2a: Charizard|0 fnt\n|faint|p2a: Charizard\n|\n|win|Don_Toto_Woods\n|raw|Don_Toto_Woods's rating: 1130 &rarr; <strong>1150</strong><br />(+20 for winning)\n|raw|libertasm's rating: 1054 &rarr; <strong>1040</strong><br />(-14 for losing)\n|l|\u2606Don_Toto_Woods\n|player|p1|\n",
  "uploadtime": 1776171995,
  "views": 17,
  "formatid": "gen9championsvgc2026regma",
  "rating": 1040,
  "private": 0,
  "password": null
}