{
  "id": "gen9championsvgc2026regma-2587895272",
  "format": "[Gen 9 Champions] VGC 2026 Reg M-A",
  "players": [
    "T.L3393",
    "choko1"
  ],
  "log": "|j|\u2606T.L3393\n|j|\u2606choko1\n|t:|1776575812\n|gametype|doubles\n|player|p1|T.L3393|blue|1051\n|player|p2|choko1|clown|1105\n|gen|9\n|tier|[Gen 9 Champions] VGC 2026 Reg M-A\n|rated|\n|rule|Species Clause: Limit one of each Pok\u00e9mon\n|rule|Item Clause: Limit 1 of each item\n|clearpoke\n|poke|p1|Whimsicott, L50, M|\n|poke|p1|Incineroar, L50, M|\n|poke|p1|Sinistcha, L50|\n|poke|p1|Gengar, L50, M|\n|poke|p1|Rotom-Wash, L50|\n|poke|p1|Kingambit, L50, F|\n|poke|p2|Tyranitar, L50, M|\n|poke|p2|Tinkaton, L50, F|\n|poke|p2|Gengar, L50, M, shiny|\n|poke|p2|Arcanine, L50, M, shiny|\n|poke|p2|Rotom-Wash, L50|\n|poke|p2|Mamoswine, L50, M|\n|teampreview|4\n|\n|t:|1776575845\n|teamsize|p1|4\n|teamsize|p2|4\n|start\n|switch|p1a: Whimsicott|Whimsicott, L50, M|100/100\n|switch|p1b: Incineroar|Incineroar, L50, M|100/100\n|switch|p2a: Tinkaton|Tinkaton, L50, F|100/100\n|switch|p2b: Gengar|Gengar, L50, M, shiny|100/100\n|-ability|p1b: Incineroar|Intimidate|boost\n|-fail|p2a: Tinkaton|unboost|Attack|[from] ability: Own Tempo|[of] p2a: Tinkaton\n|-unboost|p2b: Gengar|atk|1\n|turn|1\n|inactive|Battle timer is ON: inactive players will automatically lose when time's up. (requested by choko1)\n|\n|t:|1776575867\n|detailschange|p2b: Gengar|Gengar-Mega, L50, M, shiny\n|-mega|p2b: Gengar|Gengar|Gengarite\n|move|p2b: Gengar|Protect|p2b: Gengar\n|-singleturn|p2b: Gengar|Protect\n|move|p1b: Incineroar|Protect|p1b: Incineroar\n|-singleturn|p1b: Incineroar|Protect\n|move|p2a: Tinkaton|Fake Out|p1a: Whimsicott\n|-damage|p1a: Whimsicott|90/100\n|cant|p1a: Whimsicott|flinch\n|\n|upkeep\n|turn|2\n|\n|t:|1776575886\n|switch|p2b: Tyranitar|Tyranitar, L50, M|100/100\n|-weather|Sandstorm|[from] ability: Sand Stream|[of] p2b: Tyranitar\n|move|p1a: Whimsicott|Tailwind|p1a: Whimsicott\n|-sidestart|p1: T.L3393|move: Tailwind\n|move|p1b: Incineroar|Parting Shot|p2b: Tyranitar\n|-unboost|p2b: Tyranitar|atk|1\n|-unboost|p2b: Tyranitar|spa|1\n|\n|t:|1776575902\n|switch|p1b: Rotom|Rotom-Wash, L50|100/100|[from] Parting Shot\n|move|p2a: Tinkaton|Gigaton Hammer|p1a: Whimsicott\n|-supereffective|p1a: Whimsicott|1\n|-damage|p1a: Whimsicott|0 fnt\n|faint|p1a: Whimsicott\n|\n|-weather|Sandstorm|[upkeep]\n|-damage|p1b: Rotom|95/100|[from] Sandstorm\n|-heal|p1b: Rotom|100/100|[from] item: Leftovers\n|upkeep\n|\n|t:|1776575916\n|switch|p1a: Incineroar|Incineroar, L50, M|100/100\n|-ability|p1a: Incineroar|Intimidate|boost\n|-fail|p2a: Tinkaton|unboost|Attack|[from] ability: Own Tempo|[of] p2a: Tinkaton\n|-unboost|p2b: Tyranitar|atk|1\n|turn|3\n|\n|t:|1776575938\n|move|p2b: Tyranitar|Protect|p2b: Tyranitar\n|-singleturn|p2b: Tyranitar|Protect\n|move|p1a: Incineroar|Fake Out|p2a: Tinkaton\n|-resisted|p2a: Tinkaton|1\n|-damage|p2a: Tinkaton|94/100\n|move|p1b: Rotom|Hydro Pump|p2b: Tyranitar\n|-activate|p2b: Tyranitar|move: Protect\n|cant|p2a: Tinkaton|flinch\n|\n|-weather|Sandstorm|[upkeep]\n|-damage|p1b: Rotom|95/100|[from] Sandstorm\n|-damage|p1a: Incineroar|95/100|[from] Sandstorm\n|-heal|p1b: Rotom|100/100|[from] item: Leftovers\n|upkeep\n|turn|4\n|\n|t:|1776575962\n|switch|p2b: Gengar|Gengar-Mega, L50, M, shiny|100/100\n|move|p1b: Rotom|Hydro Pump|p2b: Gengar\n|-damage|p2b: Gengar|36/100\n|move|p1a: Incineroar|Flare Blitz|p2a: Tinkaton\n|-supereffective|p2a: Tinkaton|1\n|-enditem|p2a: Tinkaton|Occa Berry|[eat]\n|-enditem|p2a: Tinkaton|Occa Berry|[weaken]\n|-damage|p2a: Tinkaton|48/100\n|-damage|p1a: Incineroar|79/100|[from] Recoil\n|move|p2a: Tinkaton|Play Rough|p1a: Incineroar\n|-crit|p1a: Incineroar\n|-damage|p1a: Incineroar|36/100\n|-enditem|p1a: Incineroar|Sitrus Berry|[eat]\n|-heal|p1a: Incineroar|61/100|[from] item: Sitrus Berry\n|\n|-weather|Sandstorm|[upkeep]\n|-damage|p1b: Rotom|95/100|[from] Sandstorm\n|-damage|p2b: Gengar|30/100|[from] Sandstorm\n|-damage|p1a: Incineroar|55/100|[from] Sandstorm\n|-heal|p1b: Rotom|100/100|[from] item: Leftovers\n|upkeep\n|turn|5\n|inactive|T.L3393 has 30 seconds left.\n|\n|t:|1776575992\n|move|p1b: Rotom|Protect|p1b: Rotom\n|-singleturn|p1b: Rotom|Protect\n|move|p2b: Gengar|Protect|p2b: Gengar\n|-singleturn|p2b: Gengar|Protect\n|move|p1a: Incineroar|Parting Shot|p2b: Gengar\n|-activate|p2b: Gengar|move: Protect\n|move|p2a: Tinkaton|Play Rough|p1a: Incineroar\n|-damage|p1a: Incineroar|25/100\n|-unboost|p1a: Incineroar|atk|1\n|\n|-weather|Sandstorm|[upkeep]\n|-damage|p1b: Rotom|95/100|[from] Sandstorm\n|-damage|p2b: Gengar|24/100|[from] Sandstorm\n|-damage|p1a: Incineroar|19/100|[from] Sandstorm\n|-heal|p1b: Rotom|100/100|[from] item: Leftovers\n|-sideend|p1: T.L3393|move: Tailwind\n|upkeep\n|turn|6\n|inactive|T.L3393 has 30 seconds left.\n|inactive|choko1 has 30 seconds left.\n|\n|t:|1776576018\n|move|p2b: Gengar|Sludge Bomb|p1a: Incineroar\n|-damage|p1a: Incineroar|0 fnt\n|faint|p1a: Incineroar\n|move|p2a: Tinkaton|Play Rough|p1b: Rotom\n|-damage|p1b: Rotom|66/100\n|move|p1b: Rotom|Thunderbolt|p2a: Tinkaton\n|-damage|p2a: Tinkaton|14/100\n|-status|p2a: Tinkaton|par\n|\n|-weather|none\n|-heal|p1b: Rotom|72/100|[from] item: Leftovers\n|upkeep\n|\n|t:|1776576032\n|switch|p1a: Kingambit|Kingambit, L50, F|100/100\n|turn|7\n|\n|t:|1776576047\n|move|p2b: Gengar|Protect|p2b: Gengar\n|-singleturn|p2b: Gengar|Protect\n|move|p1a: Kingambit|Sucker Punch||[still]\n|-fail|p1a: Kingambit\n|move|p1b: Rotom|Thunderbolt|p2a: Tinkaton\n|-damage|p2a: Tinkaton|0 fnt\n|faint|p2a: Tinkaton\n|\n|-heal|p1b: Rotom|78/100|[from] item: Leftovers\n|upkeep\n|\n|t:|1776576061\n|switch|p2a: Mamoswine|Mamoswine, L50, M|100/100\n|turn|8\n|\n|t:|1776576085\n|switch|p2b: Tyranitar|Tyranitar, L50, M|100/100\n|-weather|Sandstorm|[from] ability: Sand Stream|[of] p2b: Tyranitar\n|move|p1a: Kingambit|Sucker Punch||[still]\n|-fail|p1a: Kingambit\n|move|p2a: Mamoswine|High Horsepower|p1a: Kingambit\n|-supereffective|p1a: Kingambit|1\n|-damage|p1a: Kingambit|12/100\n|move|p1b: Rotom|Hydro Pump|p2a: Mamoswine\n|-supereffective|p2a: Mamoswine|1\n|-enditem|p2a: Mamoswine|Focus Sash\n|-damage|p2a: Mamoswine|1/100\n|\n|-weather|Sandstorm|[upkeep]\n|-damage|p1b: Rotom|72/100|[from] Sandstorm\n|-heal|p1b: Rotom|78/100|[from] item: Leftovers\n|upkeep\n|turn|9\n|inactive|T.L3393 has 30 seconds left.\n|inactive|choko1 has 30 seconds left.\n|inactive|T.L3393 has 20 seconds left.\n|\n|t:|1776576121\n|move|p2a: Mamoswine|Protect|p2a: Mamoswine\n|-singleturn|p2a: Mamoswine|Protect\n|move|p2b: Tyranitar|Rock Slide|p1b: Rotom|[spread] p1a,p1b\n|-resisted|p1a: Kingambit|1\n|-damage|p1a: Kingambit|0 fnt\n|-damage|p1b: Rotom|46/100\n|faint|p1a: Kingambit\n|cant|p1b: Rotom|flinch\n|\n|-weather|Sandstorm|[upkeep]\n|-damage|p1b: Rotom|40/100|[from] Sandstorm\n|-heal|p1b: Rotom|46/100|[from] item: Leftovers\n|upkeep\n|turn|10\n|\n|t:|1776576137\n|move|p2a: Mamoswine|Icicle Crash|p1b: Rotom|[miss]\n|-miss|p2a: Mamoswine|p1b: Rotom\n|move|p2b: Tyranitar|Rock Slide|p1b: Rotom\n|-damage|p1b: Rotom|2/100\n|cant|p1b: Rotom|flinch\n|\n|-weather|Sandstorm|[upkeep]\n|-damage|p1b: Rotom|0 fnt|[from] Sandstorm\n|faint|p1b: Rotom\n|\n|win|choko1\n|raw|T.L3393's rating: 1051 &rarr; <strong>1036</strong><br />(-15 for losing)\n|raw|choko1's rating: 1105 &rarr; <strong>1126</strong><br />(+21 for winning)\n|l|\u2606T.L3393\n|player|p1|\n",
  "uploadtime": 1776576154,
  "views": 12,
  "formatid": "gen9championsvgc2026regma",
  "rating": 1036,
  "private": 0,
  "password": null
}