{
  "id": "gen9championsvgc2026regma-2586910907",
  "format": "[Gen 9 Champions] VGC 2026 Reg M-A",
  "players": [
    "AidzPlayz",
    "Eidocles"
  ],
  "log": "|j|\u2606AidzPlayz\n|j|\u2606Eidocles\n|t:|1776470981\n|gametype|doubles\n|player|p1|AidzPlayz|ghetsis-gen5bw|1356\n|player|p2|Eidocles|unknown|1312\n|gen|9\n|tier|[Gen 9 Champions] VGC 2026 Reg M-A\n|rated|\n|rule|Species Clause: Limit one of each Pok\u00e9mon\n|rule|Item Clause: Limit 1 of each item\n|clearpoke\n|poke|p1|Aerodactyl, L50, M|\n|poke|p1|Incineroar, L50, F|\n|poke|p1|Floette-Eternal, L50, F|\n|poke|p1|Basculegion, L50, M|\n|poke|p1|Garchomp, L50, M|\n|poke|p1|Sneasler, L50, M|\n|poke|p2|Manectric, L50, F|\n|poke|p2|Corviknight, L50, F|\n|poke|p2|Archaludon, L50, M|\n|poke|p2|Pelipper, L50, F|\n|poke|p2|Sneasler, L50, F|\n|poke|p2|Sinistcha-Masterpiece, L50|\n|teampreview|4\n|inactive|Battle timer is ON: inactive players will automatically lose when time's up. (requested by Eidocles)\n|inactive|AidzPlayz has 60 seconds left.\n|c|\u2606Eidocles|Glhf\n|\n|t:|1776471034\n|teamsize|p1|4\n|teamsize|p2|4\n|start\n|switch|p1a: Incineroar|Incineroar, L50, F|100/100\n|switch|p1b: Sneasler|Sneasler, L50, M|100/100\n|switch|p2a: Manectric|Manectric, L50, F|100/100\n|switch|p2b: Archaludon|Archaludon, L50, M|100/100\n|-ability|p1a: Incineroar|Intimidate|boost\n|-unboost|p2a: Manectric|atk|1\n|-unboost|p2b: Archaludon|atk|1\n|turn|1\n|\n|t:|1776471051\n|detailschange|p2a: Manectric|Manectric-Mega, L50, F\n|-mega|p2a: Manectric|Manectric|Manectite\n|-ability|p2a: Manectric|Intimidate|boost\n|-unboost|p1a: Incineroar|atk|1\n|-unboost|p1b: Sneasler|atk|1\n|-enditem|p1b: Sneasler|White Herb\n|-clearnegativeboost|p1b: Sneasler|[silent]\n|move|p2a: Manectric|Protect|p2a: Manectric\n|-singleturn|p2a: Manectric|Protect\n|move|p2b: Archaludon|Protect|p2b: Archaludon\n|-singleturn|p2b: Archaludon|Protect\n|move|p1a: Incineroar|Fake Out|p2a: Manectric\n|-activate|p2a: Manectric|move: Protect\n|move|p1b: Sneasler|Close Combat|p2a: Manectric\n|-activate|p2a: Manectric|move: Protect\n|\n|upkeep\n|turn|2\n|\n|t:|1776471075\n|move|p1b: Sneasler|Dire Claw|p2a: Manectric\n|-damage|p2a: Manectric|50/100\n|move|p2a: Manectric|Volt Switch|p1b: Sneasler\n|-damage|p1b: Sneasler|52/100\n|\n|t:|1776471082\n|switch|p2a: Pelipper|Pelipper, L50, F|100/100|[from] Volt Switch\n|-weather|RainDance|[from] ability: Drizzle|[of] p2a: Pelipper\n|move|p2b: Archaludon|Electro Shot||[still]\n|-prepare|p2b: Archaludon|Electro Shot\n|-boost|p2b: Archaludon|spa|1\n|-anim|p2b: Archaludon|Electro Shot|p1b: Sneasler\n|-damage|p1b: Sneasler|0 fnt\n|faint|p1b: Sneasler\n|move|p1a: Incineroar|Parting Shot|p2a: Pelipper\n|-unboost|p2a: Pelipper|atk|1\n|-unboost|p2a: Pelipper|spa|1\n|\n|t:|1776471096\n|switch|p1a: Floette|Floette-Eternal, L50, F|100/100|[from] Parting Shot\n|\n|-weather|RainDance|[upkeep]\n|upkeep\n|\n|t:|1776471099\n|switch|p1b: Incineroar|Incineroar, L50, F|100/100\n|-ability|p1b: Incineroar|Intimidate|boost\n|-unboost|p2a: Pelipper|atk|1\n|-unboost|p2b: Archaludon|atk|1\n|turn|3\n|\n|t:|1776471114\n|detailschange|p1a: Floette|Floette-Mega, L50, F\n|-mega|p1a: Floette|Floette|Floettite\n|-ability|p1a: Floette|Fairy Aura\n|move|p1b: Incineroar|Helping Hand|p1a: Floette\n|-singleturn|p1a: Floette|Helping Hand|[of] p1b: Incineroar\n|move|p1a: Floette|Dazzling Gleam|p2b: Archaludon|[spread] p2a,p2b\n|-enditem|p2a: Pelipper|Focus Sash\n|-damage|p2a: Pelipper|1/100\n|-damage|p2b: Archaludon|39/100\n|-ability|p2b: Archaludon|Stamina|boost\n|-boost|p2b: Archaludon|def|1\n|move|p2a: Pelipper|Hurricane|p1a: Floette\n|-damage|p1a: Floette|71/100\n|move|p2b: Archaludon|Electro Shot||[still]\n|-prepare|p2b: Archaludon|Electro Shot\n|-boost|p2b: Archaludon|spa|1\n|-anim|p2b: Archaludon|Electro Shot|p1a: Floette\n|-damage|p1a: Floette|6/100\n|\n|-weather|RainDance|[upkeep]\n|-heal|p2b: Archaludon|45/100|[from] item: Leftovers\n|upkeep\n|turn|4\n|\n|t:|1776471137\n|move|p1b: Incineroar|Helping Hand|p1a: Floette\n|-singleturn|p1a: Floette|Helping Hand|[of] p1b: Incineroar\n|move|p2a: Pelipper|Wide Guard|p2a: Pelipper\n|-singleturn|p2a: Pelipper|Wide Guard\n|move|p1a: Floette|Dazzling Gleam|p2a: Pelipper|[spread] \n|-activate|p2a: Pelipper|move: Wide Guard\n|-activate|p2b: Archaludon|move: Wide Guard\n|move|p2b: Archaludon|Electro Shot||[still]\n|-prepare|p2b: Archaludon|Electro Shot\n|-boost|p2b: Archaludon|spa|1\n|-anim|p2b: Archaludon|Electro Shot|p1b: Incineroar\n|-damage|p1b: Incineroar|36/100\n|-enditem|p1b: Incineroar|Sitrus Berry|[eat]\n|-heal|p1b: Incineroar|60/100|[from] item: Sitrus Berry\n|\n|-weather|RainDance|[upkeep]\n|-heal|p2b: Archaludon|51/100|[from] item: Leftovers\n|upkeep\n|turn|5\n|inactive|Eidocles has 30 seconds left.\n|\n|t:|1776471163\n|switch|p2a: Sinistcha|Sinistcha-Masterpiece, L50|100/100\n|-heal|p2b: Archaludon|76/100|[from] ability: Hospitality|[of] p2a: Sinistcha\n|move|p2b: Archaludon|Protect|p2b: Archaludon\n|-singleturn|p2b: Archaludon|Protect\n|move|p1a: Floette|Moonblast|p2b: Archaludon\n|-activate|p2b: Archaludon|move: Protect\n|move|p1b: Incineroar|Flare Blitz|p2a: Sinistcha\n|-supereffective|p2a: Sinistcha|1\n|-damage|p2a: Sinistcha|59/100\n|-damage|p1b: Incineroar|49/100|[from] Recoil\n|\n|-weather|RainDance|[upkeep]\n|-heal|p2b: Archaludon|82/100|[from] item: Leftovers\n|upkeep\n|turn|6\n|\n|t:|1776471181\n|move|p1a: Floette|Light of Ruin|p2b: Archaludon\n|-damage|p2b: Archaludon|0 fnt\n|faint|p2b: Archaludon\n|-damage|p1a: Floette|0 fnt|[from] Recoil\n|faint|p1a: Floette\n|move|p2a: Sinistcha|Life Dew|p2a: Sinistcha\n|-heal|p2a: Sinistcha|84/100\n|move|p1b: Incineroar|Flare Blitz|p2a: Sinistcha\n|-supereffective|p2a: Sinistcha|1\n|-damage|p2a: Sinistcha|37/100\n|-status|p2a: Sinistcha|brn\n|-damage|p1b: Incineroar|35/100|[from] Recoil\n|\n|-weather|none\n|-damage|p2a: Sinistcha|31/100 brn|[from] brn\n|upkeep\n|\n|t:|1776471194\n|switch|p1a: Garchomp|Garchomp, L50, M|100/100\n|switch|p2b: Manectric|Manectric-Mega, L50, F|50/100\n|-ability|p2b: Manectric|Intimidate|boost\n|-unboost|p1a: Garchomp|atk|1\n|-unboost|p1b: Incineroar|atk|1\n|turn|7\n|j| noahtdiditfirst\n|inactive|AidzPlayz has 30 seconds left.\n|inactive|AidzPlayz has 20 seconds left.\n|\n|t:|1776471232\n|move|p2b: Manectric|Protect|p2b: Manectric\n|-singleturn|p2b: Manectric|Protect\n|move|p1a: Garchomp|Earthquake|p2b: Manectric|[spread] p1b,p2a\n|-activate|p2b: Manectric|move: Protect\n|-supereffective|p1b: Incineroar|1\n|-resisted|p2a: Sinistcha|1\n|-damage|p1b: Incineroar|0 fnt\n|-damage|p2a: Sinistcha|18/100 brn\n|faint|p1b: Incineroar\n|move|p2a: Sinistcha|Strength Sap|p1a: Garchomp\n|-unboost|p1a: Garchomp|atk|1\n|-heal|p2a: Sinistcha|93/100 brn\n|\n|-damage|p2a: Sinistcha|86/100 brn|[from] brn\n|upkeep\n|turn|8\n|c|\u2606AidzPlayz|gg\n|\n|t:|1776471255\n|switch|p2b: Pelipper|Pelipper, L50, F|1/100\n|-weather|RainDance|[from] ability: Drizzle|[of] p2b: Pelipper\n|move|p1a: Garchomp|Earthquake|p2b: Pelipper|[spread] p2a\n|-immune|p2b: Pelipper\n|-resisted|p2a: Sinistcha|1\n|-damage|p2a: Sinistcha|76/100 brn\n|move|p2a: Sinistcha|Strength Sap|p1a: Garchomp\n|-unboost|p1a: Garchomp|atk|1\n|-heal|p2a: Sinistcha|100/100 brn\n|\n|-weather|RainDance|[upkeep]\n|-damage|p2a: Sinistcha|94/100 brn|[from] brn\n|upkeep\n|turn|9\n|-message|AidzPlayz forfeited.\n|\n|win|Eidocles\n|raw|AidzPlayz's rating: 1356 &rarr; <strong>1333</strong><br />(-23 for losing)\n|raw|Eidocles's rating: 1312 &rarr; <strong>1335</strong><br />(+23 for winning)\n",
  "uploadtime": 1776471258,
  "views": 32,
  "formatid": "gen9championsvgc2026regma",
  "rating": 1333,
  "private": 0,
  "password": null
}