{
  "id": "gen9championsvgc2026regma-2580771949",
  "format": "[Gen 9 Champions] VGC 2026 Reg M-A",
  "players": [
    "otaaaaaaaa",
    "sammg"
  ],
  "log": "|j|\u2606otaaaaaaaa\n|j|\u2606sammg\n|t:|1775931209\n|gametype|doubles\n|player|p1|otaaaaaaaa|1|1233\n|player|p2|sammg|101|1234\n|gen|9\n|tier|[Gen 9 Champions] VGC 2026 Reg M-A\n|rated|\n|rule|Species Clause: Limit one of each Pok\u00e9mon\n|rule|Item Clause: Limit 1 of each item\n|clearpoke\n|poke|p1|Excadrill, L50, M|\n|poke|p1|Corviknight, L50, F|\n|poke|p1|Sneasler, L50, M|\n|poke|p1|Tyranitar, L50, F|\n|poke|p1|Arcanine, L50, M|\n|poke|p1|Sinistcha-Masterpiece, L50|\n|poke|p2|Maushold-Four, L50|\n|poke|p2|Floette-Eternal, L50, F|\n|poke|p2|Garchomp, L50, F|\n|poke|p2|Talonflame, L50, M|\n|poke|p2|Rotom-Wash, L50|\n|poke|p2|Aegislash, L50, M|\n|teampreview|4\n|inactive|Battle timer is ON: inactive players will automatically lose when time's up. (requested by sammg)\n|inactive|otaaaaaaaa has 60 seconds left.\n|inactive|sammg has 60 seconds left.\n|inactive|otaaaaaaaa has 30 seconds left.\n|\n|t:|1775931271\n|teamsize|p1|4\n|teamsize|p2|4\n|start\n|switch|p1a: Tyranitar|Tyranitar, L50, F|100/100\n|switch|p1b: Excadrill|Excadrill, L50, M|100/100\n|switch|p2a: Rotom|Rotom-Wash, L50|100/100\n|switch|p2b: Talonflame|Talonflame, L50, M|100/100\n|-weather|Sandstorm|[from] ability: Sand Stream|[of] p1a: Tyranitar\n|turn|1\n|inactive|otaaaaaaaa has 30 seconds left.\n|inactive|sammg has 30 seconds left.\n|inactive|sammg has 20 seconds left.\n|\n|t:|1775931315\n|switch|p2a: Garchomp|Garchomp, L50, F|100/100\n|detailschange|p1a: Tyranitar|Tyranitar-Mega, L50, F\n|-mega|p1a: Tyranitar|Tyranitar|Tyranitarite\n|move|p2b: Talonflame|Protect|p2b: Talonflame\n|-singleturn|p2b: Talonflame|Protect\n|move|p1b: Excadrill|Swords Dance|p1b: Excadrill\n|-boost|p1b: Excadrill|atk|2\n|move|p1a: Tyranitar|Rock Slide|p2b: Talonflame|[spread] p2a\n|-activate|p2b: Talonflame|move: Protect\n|-resisted|p2a: Garchomp|1\n|-damage|p2a: Garchomp|81/100\n|\n|-weather|Sandstorm|[upkeep]\n|-damage|p2b: Talonflame|95/100|[from] Sandstorm\n|upkeep\n|turn|2\n|inactive|sammg has 30 seconds left.\n|\n|t:|1775931342\n|move|p1b: Excadrill|Rock Slide|p2a: Garchomp|[spread] p2a,p2b\n|-resisted|p2a: Garchomp|1\n|-supereffective|p2b: Talonflame|2\n|-damage|p2a: Garchomp|58/100\n|-damage|p2b: Talonflame|0 fnt\n|faint|p2b: Talonflame\n|cant|p2a: Garchomp|flinch\n|move|p1a: Tyranitar|Rock Slide|p2a: Garchomp\n|-resisted|p2a: Garchomp|1\n|-damage|p2a: Garchomp|32/100\n|\n|-weather|Sandstorm|[upkeep]\n|upkeep\n|\n|t:|1775931352\n|switch|p2b: Rotom|Rotom-Wash, L50|100/100\n|turn|3\n|\n|t:|1775931370\n|move|p2a: Garchomp|Protect|p2a: Garchomp\n|-singleturn|p2a: Garchomp|Protect\n|move|p1b: Excadrill|Rock Slide|p2b: Rotom|[spread] p2b\n|-activate|p2a: Garchomp|move: Protect\n|-damage|p2b: Rotom|53/100\n|cant|p2b: Rotom|flinch\n|move|p1a: Tyranitar|Rock Slide|p2a: Garchomp|[spread] p2b\n|-activate|p2a: Garchomp|move: Protect\n|-damage|p2b: Rotom|16/100\n|-enditem|p2b: Rotom|Sitrus Berry|[eat]\n|-heal|p2b: Rotom|41/100|[from] item: Sitrus Berry\n|\n|-weather|Sandstorm|[upkeep]\n|-damage|p2b: Rotom|36/100|[from] Sandstorm\n|upkeep\n|turn|4\n|c|\u2606otaaaaaaaa|sry\n|c|\u2606sammg|yeah well\n|inactive|sammg has 30 seconds left.\n|\n|t:|1775931399\n|move|p1b: Excadrill|Rock Slide|p2a: Garchomp|[spread] p2a,p2b\n|-resisted|p2a: Garchomp|1\n|-damage|p2a: Garchomp|11/100\n|-damage|p2b: Rotom|0 fnt\n|faint|p2b: Rotom\n|move|p2a: Garchomp|Earthquake|p1a: Tyranitar|[spread] p1a,p1b\n|-supereffective|p1a: Tyranitar|1\n|-supereffective|p1b: Excadrill|1\n|-damage|p1a: Tyranitar|41/100\n|-enditem|p1b: Excadrill|Focus Sash\n|-damage|p1b: Excadrill|1/100\n|move|p1a: Tyranitar|Rock Slide|p2a: Garchomp\n|-resisted|p2a: Garchomp|1\n|-damage|p2a: Garchomp|0 fnt\n|faint|p2a: Garchomp\n|\n|-weather|Sandstorm|[upkeep]\n|upkeep\n|\n|t:|1775931406\n|switch|p2a: Floette|Floette-Eternal, L50, F|100/100\n|turn|5\n|inactive|otaaaaaaaa has 30 seconds left.\n|inactive|otaaaaaaaa has 20 seconds left.\n|\n|t:|1775931444\n|switch|p1a: Sinistcha|Sinistcha-Masterpiece, L50|100/100\n|-heal|p1b: Excadrill|26/100|[from] ability: Hospitality|[of] p1a: Sinistcha\n|detailschange|p2a: Floette|Floette-Mega, L50, F\n|-mega|p2a: Floette|Floette|Floettite\n|-ability|p2a: Floette|Fairy Aura\n|move|p2a: Floette|Protect|p2a: Floette\n|-singleturn|p2a: Floette|Protect\n|move|p1b: Excadrill|Earthquake|p2a: Floette|[spread] p1a\n|-activate|p2a: Floette|move: Protect\n|-resisted|p1a: Sinistcha|1\n|-damage|p1a: Sinistcha|68/100\n|\n|-weather|none\n|upkeep\n|turn|6\n|\n|t:|1775931465\n|move|p1b: Excadrill|Protect|p1b: Excadrill\n|-singleturn|p1b: Excadrill|Protect\n|move|p2a: Floette|Dazzling Gleam|p1a: Sinistcha|[spread] p1a\n|-activate|p1b: Excadrill|move: Protect\n|-damage|p1a: Sinistcha|6/100\n|move|p1a: Sinistcha|Trick Room|p1a: Sinistcha\n|-fieldstart|move: Trick Room|[of] p1a: Sinistcha\n|\n|upkeep\n|turn|7\n|\n|t:|1775931479\n|move|p1a: Sinistcha|Strength Sap|p2a: Floette\n|-unboost|p2a: Floette|atk|1\n|-heal|p1a: Sinistcha|58/100\n|move|p2a: Floette|Dazzling Gleam|p1a: Sinistcha|[spread] p1a,p1b\n|-resisted|p1b: Excadrill|1\n|-damage|p1a: Sinistcha|0 fnt\n|-damage|p1b: Excadrill|0 fnt\n|faint|p1a: Sinistcha\n|faint|p1b: Excadrill\n|\n|upkeep\n|inactive|otaaaaaaaa has 30 seconds left.\n|inactive|otaaaaaaaa has 20 seconds left.\n|inactive|otaaaaaaaa has 15 seconds left.\n|\n|t:|1775931521\n|switch|p1a: Tyranitar|Tyranitar-Mega, L50, F|41/100\n|switch|p1b: Arcanine|Arcanine, L50, M|100/100\n|-weather|Sandstorm|[from] ability: Sand Stream|[of] p1a: Tyranitar\n|-ability|p1b: Arcanine|Intimidate|boost\n|-unboost|p2a: Floette|atk|1\n|turn|8\n|inactive|otaaaaaaaa has 30 seconds left.\n|\n|t:|1775931554\n|move|p1a: Tyranitar|Rock Slide|p2a: Floette\n|-damage|p2a: Floette|49/100\n|move|p2a: Floette|Dazzling Gleam|p1a: Tyranitar|[spread] p1a,p1b\n|-supereffective|p1a: Tyranitar|1\n|-resisted|p1b: Arcanine|1\n|-damage|p1a: Tyranitar|0 fnt\n|-damage|p1b: Arcanine|75/100\n|faint|p1a: Tyranitar\n|move|p1b: Arcanine|Snarl|p2a: Floette\n|-resisted|p2a: Floette|1\n|-damage|p2a: Floette|44/100\n|-unboost|p2a: Floette|spa|1\n|\n|-weather|Sandstorm|[upkeep]\n|-damage|p2a: Floette|38/100|[from] Sandstorm\n|-damage|p1b: Arcanine|69/100|[from] Sandstorm\n|upkeep\n|turn|9\n|\n|t:|1775931568\n|move|p1b: Arcanine|Protect|p1b: Arcanine\n|-singleturn|p1b: Arcanine|Protect\n|move|p2a: Floette|Calm Mind|p2a: Floette\n|-boost|p2a: Floette|spa|1\n|-boost|p2a: Floette|spd|1\n|\n|-weather|Sandstorm|[upkeep]\n|-damage|p2a: Floette|32/100|[from] Sandstorm\n|-damage|p1b: Arcanine|63/100|[from] Sandstorm\n|upkeep\n|turn|10\n|\n|t:|1775931584\n|move|p2a: Floette|Moonblast|p1b: Arcanine\n|-resisted|p1b: Arcanine|1\n|-damage|p1b: Arcanine|24/100\n|-enditem|p1b: Arcanine|Sitrus Berry|[eat]\n|-heal|p1b: Arcanine|49/100|[from] item: Sitrus Berry\n|move|p1b: Arcanine|Overheat|p2a: Floette\n|-damage|p2a: Floette|7/100\n|-unboost|p1b: Arcanine|spa|2\n|\n|-weather|Sandstorm|[upkeep]\n|-damage|p2a: Floette|1/100|[from] Sandstorm\n|-damage|p1b: Arcanine|43/100|[from] Sandstorm\n|-fieldend|move: Trick Room\n|upkeep\n|turn|11\n|\n|t:|1775931595\n|move|p1b: Arcanine|Protect|p1b: Arcanine\n|-singleturn|p1b: Arcanine|Protect\n|move|p2a: Floette|Calm Mind|p2a: Floette\n|-boost|p2a: Floette|spa|1\n|-boost|p2a: Floette|spd|1\n|\n|-weather|Sandstorm|[upkeep]\n|-damage|p1b: Arcanine|37/100|[from] Sandstorm\n|-damage|p2a: Floette|0 fnt|[from] Sandstorm\n|faint|p2a: Floette\n|\n|win|otaaaaaaaa\n|raw|otaaaaaaaa's rating: 1233 &rarr; <strong>1258</strong><br />(+25 for winning)\n|raw|sammg's rating: 1234 &rarr; <strong>1209</strong><br />(-25 for losing)\n|c|\u2606otaaaaaaaa|gg\n|l|\u2606sammg\n|player|p2|\n",
  "uploadtime": 1775931605,
  "views": 61,
  "formatid": "gen9championsvgc2026regma",
  "rating": 1209,
  "private": 0,
  "password": null
}