{
  "id": "gen9championsvgc2026regma-2588215303",
  "format": "[Gen 9 Champions] VGC 2026 Reg M-A",
  "players": [
    "betinobullicio",
    "WrstEGirl"
  ],
  "log": "|j|\u2606betinobullicio\n|j|\u2606WrstEGirl\n|t:|1776615123\n|gametype|doubles\n|player|p1|betinobullicio|veteran|1088\n|player|p2|WrstEGirl|101|1046\n|gen|9\n|tier|[Gen 9 Champions] VGC 2026 Reg M-A\n|rated|\n|rule|Species Clause: Limit one of each Pok\u00e9mon\n|rule|Item Clause: Limit 1 of each item\n|clearpoke\n|poke|p1|Aggron, L50, F|\n|poke|p1|Sinistcha, L50|\n|poke|p1|Aerodactyl, L50, M|\n|poke|p1|Sneasler, L50, M|\n|poke|p1|Tyranitar, L50, F|\n|poke|p1|Hydreigon, L50, M|\n|poke|p2|Sneasler, L50, F|\n|poke|p2|Whimsicott, L50, M|\n|poke|p2|Aerodactyl, L50, M|\n|poke|p2|Delphox, L50, M|\n|poke|p2|Rotom-Wash, L50|\n|poke|p2|Gengar, L50, F|\n|teampreview|4\n|inactive|Battle timer is ON: inactive players will automatically lose when time's up. (requested by betinobullicio)\n|inactive|WrstEGirl has 60 seconds left.\n|\n|t:|1776615163\n|teamsize|p1|4\n|teamsize|p2|4\n|start\n|switch|p1a: Sinistcha|Sinistcha, L50|100/100\n|switch|p1b: Sneasler|Sneasler, L50, M|100/100\n|switch|p2a: Gengar|Gengar, L50, F|100/100\n|switch|p2b: Whimsicott|Whimsicott, L50, M|100/100\n|turn|1\n|\n|t:|1776615178\n|detailschange|p2a: Gengar|Gengar-Mega, L50, F\n|-mega|p2a: Gengar|Gengar|Gengarite\n|move|p1b: Sneasler|Fake Out|p2b: Whimsicott\n|-damage|p2b: Whimsicott|77/100\n|cant|p2b: Whimsicott|flinch\n|move|p2a: Gengar|Icy Wind|p1b: Sneasler|[spread] p1a,p1b\n|-supereffective|p1a: Sinistcha|1\n|-damage|p1a: Sinistcha|65/100\n|-damage|p1b: Sneasler|77/100\n|-unboost|p1a: Sinistcha|spe|1\n|-unboost|p1b: Sneasler|spe|1\n|-enditem|p1b: Sneasler|White Herb\n|-clearnegativeboost|p1b: Sneasler|[silent]\n|move|p1a: Sinistcha|Trick Room|p1a: Sinistcha\n|-fieldstart|move: Trick Room|[of] p1a: Sinistcha\n|\n|upkeep\n|turn|2\n|inactive|betinobullicio has 30 seconds left.\n|inactive|WrstEGirl has 30 seconds left.\n|\n|t:|1776615213\n|move|p2b: Whimsicott|Protect|p2b: Whimsicott\n|-singleturn|p2b: Whimsicott|Protect\n|move|p1a: Sinistcha|Matcha Gotcha|p2b: Whimsicott|[spread] p2a\n|-activate|p2b: Whimsicott|move: Protect\n|-resisted|p2a: Gengar|1\n|-damage|p2a: Gengar|83/100\n|-heal|p1a: Sinistcha|73/100|[from] drain|[of] p2a: Gengar\n|move|p2a: Gengar|Icy Wind|p1a: Sinistcha|[spread] p1a,p1b\n|-supereffective|p1a: Sinistcha|1\n|-crit|p1a: Sinistcha\n|-damage|p1a: Sinistcha|13/100\n|-damage|p1b: Sneasler|51/100\n|-unboost|p1a: Sinistcha|spe|1\n|-unboost|p1b: Sneasler|spe|1\n|move|p1b: Sneasler|Dire Claw|p2b: Whimsicott\n|-activate|p2b: Whimsicott|move: Protect\n|\n|upkeep\n|turn|3\n|inactive|WrstEGirl has 30 seconds left.\n|inactive|WrstEGirl has 20 seconds left.\n|\n|t:|1776615249\n|switch|p2b: Delphox|Delphox, L50, M|100/100\n|move|p1a: Sinistcha|Matcha Gotcha|p2b: Delphox|[spread] p2a,p2b\n|-resisted|p2a: Gengar|1\n|-resisted|p2b: Delphox|1\n|-damage|p2a: Gengar|66/100\n|-heal|p1a: Sinistcha|21/100|[from] drain|[of] p2a: Gengar\n|-damage|p2b: Delphox|86/100\n|-heal|p1a: Sinistcha|29/100|[from] drain|[of] p2b: Delphox\n|move|p2a: Gengar|Icy Wind|p1a: Sinistcha|[spread] p1a,p1b\n|-supereffective|p1a: Sinistcha|1\n|-damage|p1a: Sinistcha|0 fnt\n|-damage|p1b: Sneasler|28/100\n|-unboost|p1b: Sneasler|spe|1\n|faint|p1a: Sinistcha\n|move|p1b: Sneasler|Dire Claw|p2b: Delphox\n|-damage|p2b: Delphox|9/100\n|-status|p2b: Delphox|slp\n|\n|upkeep\n|\n|t:|1776615270\n|switch|p1a: Aggron|Aggron, L50, F|100/100\n|turn|4\n|\n|t:|1776615292\n|detailschange|p1a: Aggron|Aggron-Mega, L50, F\n|-mega|p1a: Aggron|Aggron|Aggronite\n|move|p1a: Aggron|Iron Defense|p1a: Aggron\n|-boost|p1a: Aggron|def|2\n|move|p1b: Sneasler|Coaching|p1a: Aggron\n|-boost|p1a: Aggron|atk|1\n|-boost|p1a: Aggron|def|1\n|move|p2a: Gengar|Icy Wind|p1a: Aggron|[spread] p1a,p1b\n|-resisted|p1a: Aggron|1\n|-damage|p1a: Aggron|93/100\n|-damage|p1b: Sneasler|4/100\n|-unboost|p1a: Aggron|spe|1\n|-unboost|p1b: Sneasler|spe|1\n|cant|p2b: Delphox|slp\n|\n|upkeep\n|turn|5\n|\n|t:|1776615312\n|move|p1a: Aggron|Iron Defense|p1a: Aggron\n|-boost|p1a: Aggron|def|2\n|move|p1b: Sneasler|Coaching|p1a: Aggron\n|-boost|p1a: Aggron|atk|1\n|-boost|p1a: Aggron|def|1\n|move|p2a: Gengar|Icy Wind|p1b: Sneasler|[spread] p1a,p1b\n|-resisted|p1a: Aggron|1\n|-crit|p1a: Aggron\n|-damage|p1a: Aggron|81/100\n|-damage|p1b: Sneasler|0 fnt\n|-unboost|p1a: Aggron|spe|1\n|faint|p1b: Sneasler\n|-curestatus|p2b: Delphox|slp|[msg]\n|move|p2b: Delphox|Flamethrower|p1a: Aggron\n|-supereffective|p1a: Aggron|1\n|-damage|p1a: Aggron|20/100\n|\n|-fieldend|move: Trick Room\n|upkeep\n|\n|t:|1776615330\n|switch|p1b: Tyranitar|Tyranitar, L50, F|100/100\n|-weather|Sandstorm|[from] ability: Sand Stream|[of] p1b: Tyranitar\n|turn|6\n|\n|t:|1776615343\n|move|p2b: Delphox|Flamethrower|p1a: Aggron\n|-supereffective|p1a: Aggron|1\n|-damage|p1a: Aggron|0 fnt\n|faint|p1a: Aggron\n|move|p2a: Gengar|Thunderbolt|p1b: Tyranitar\n|-damage|p1b: Tyranitar|78/100\n|move|p1b: Tyranitar|Rock Slide|p2a: Gengar|[spread] p2a,p2b\n|-supereffective|p2b: Delphox|1\n|-damage|p2a: Gengar|17/100\n|-damage|p2b: Delphox|0 fnt\n|faint|p2b: Delphox\n|\n|-weather|Sandstorm|[upkeep]\n|-damage|p2a: Gengar|11/100|[from] Sandstorm\n|upkeep\n|\n|t:|1776615364\n|switch|p2b: Whimsicott|Whimsicott, L50, M|77/100\n|turn|7\n|\n|t:|1776615382\n|move|p2a: Gengar|Icy Wind|p1b: Tyranitar\n|-damage|p1b: Tyranitar|63/100\n|-unboost|p1b: Tyranitar|spe|1\n|move|p2b: Whimsicott|Moonblast|p1b: Tyranitar\n|-supereffective|p1b: Tyranitar|1\n|-damage|p1b: Tyranitar|24/100\n|move|p1b: Tyranitar|Knock Off|p2a: Gengar\n|-supereffective|p2a: Gengar|1\n|-damage|p2a: Gengar|0 fnt\n|faint|p2a: Gengar\n|\n|-weather|Sandstorm|[upkeep]\n|-damage|p2b: Whimsicott|71/100|[from] Sandstorm\n|upkeep\n|\n|t:|1776615394\n|switch|p2a: Sneasler|Sneasler, L50, F|100/100\n|turn|8\n|\n|t:|1776615404\n|move|p2b: Whimsicott|Giga Drain|p1b: Tyranitar\n|-supereffective|p1b: Tyranitar|1\n|-damage|p1b: Tyranitar|0 fnt\n|-heal|p2b: Whimsicott|86/100|[from] drain|[of] p1b: Tyranitar\n|faint|p1b: Tyranitar\n|\n|win|WrstEGirl\n|raw|betinobullicio's rating: 1088 &rarr; <strong>1062</strong><br />(-26 for losing)\n|raw|WrstEGirl's rating: 1046 &rarr; <strong>1083</strong><br />(+37 for winning)\n|l|\u2606betinobullicio\n|player|p1|\n",
  "uploadtime": 1776615415,
  "views": 20,
  "formatid": "gen9championsvgc2026regma",
  "rating": 1062,
  "private": 0,
  "password": null
}