{
  "id": "gen9championsvgc2026regma-2586743177",
  "format": "[Gen 9 Champions] VGC 2026 Reg M-A",
  "players": [
    "kekw 67",
    "destock22"
  ],
  "log": "|j|\u2606kekw 67\n|j|\u2606destock22\n|t:|1776456425\n|gametype|doubles\n|player|p1|kekw 67|lucas|1406\n|player|p2|destock22|266|1363\n|gen|9\n|tier|[Gen 9 Champions] VGC 2026 Reg M-A\n|rated|\n|rule|Species Clause: Limit one of each Pok\u00e9mon\n|rule|Item Clause: Limit 1 of each item\n|clearpoke\n|poke|p1|Slowbro, L50, M|\n|poke|p1|Incineroar, L50, M|\n|poke|p1|Sinistcha, L50|\n|poke|p1|Sneasler, L50, F|\n|poke|p1|Aegislash, L50, M|\n|poke|p1|Delphox, L50, F|\n|poke|p2|Aegislash, L50, M|\n|poke|p2|Talonflame, L50, F|\n|poke|p2|Garchomp, L50, M|\n|poke|p2|Rotom-Wash, L50|\n|poke|p2|Incineroar, L50, F|\n|poke|p2|Floette-Eternal, L50, F|\n|teampreview|4\n|inactive|Battle timer is ON: inactive players will automatically lose when time's up. (requested by kekw 67)\ndestock22 rejected open team sheets.\n|inactive|kekw 67 has 60 seconds left.\n|\n|t:|1776456487\n|teamsize|p1|4\n|teamsize|p2|4\n|start\n|switch|p1a: Slowbro|Slowbro, L50, M|100/100\n|switch|p1b: Incineroar|Incineroar, L50, M|100/100\n|switch|p2a: Rotom|Rotom-Wash, L50|100/100\n|switch|p2b: Talonflame|Talonflame, L50, F|100/100\n|-ability|p1b: Incineroar|Intimidate|boost\n|-unboost|p2a: Rotom|atk|1\n|-unboost|p2b: Talonflame|atk|1\n|turn|1\n|inactive|destock22 has 30 seconds left.\n|inactive|destock22 has 20 seconds left.\n|inactive|destock22 has 15 seconds left.\n|inactive|destock22 has 10 seconds left.\n|inactive|destock22 has 5 seconds left.\n|\n|t:|1776456540\n|detailschange|p1a: Slowbro|Slowbro-Mega, L50, M\n|-mega|p1a: Slowbro|Slowbro|Slowbronite\n|move|p2a: Rotom|Protect|p2a: Rotom\n|-singleturn|p2a: Rotom|Protect\n|move|p1b: Incineroar|Fake Out|p2a: Rotom\n|-activate|p2a: Rotom|move: Protect\n|move|p2b: Talonflame|Acrobatics|p1a: Slowbro\n|-damage|p1a: Slowbro|87/100\n|move|p1a: Slowbro|Calm Mind|p1a: Slowbro\n|-boost|p1a: Slowbro|spa|1\n|-boost|p1a: Slowbro|spd|1\n|\n|upkeep\n|turn|2\n|\n|t:|1776456564\n|move|p2b: Talonflame|Tailwind|p2b: Talonflame\n|-sidestart|p2: destock22|move: Tailwind\n|move|p2a: Rotom|Hydro Pump|p1b: Incineroar\n|-supereffective|p1b: Incineroar|1\n|-damage|p1b: Incineroar|25/100\n|-enditem|p1b: Incineroar|Sitrus Berry|[eat]\n|-heal|p1b: Incineroar|50/100|[from] item: Sitrus Berry\n|move|p1b: Incineroar|Parting Shot|p2a: Rotom\n|-unboost|p2a: Rotom|atk|1\n|-unboost|p2a: Rotom|spa|1\n|\n|t:|1776456579\n|switch|p1b: Sneasler|Sneasler, L50, F|100/100|[from] Parting Shot\n|move|p1a: Slowbro|Calm Mind|p1a: Slowbro\n|-boost|p1a: Slowbro|spa|1\n|-boost|p1a: Slowbro|spd|1\n|\n|upkeep\n|turn|3\n|\n|t:|1776456595\n|switch|p2a: Garchomp|Garchomp, L50, M|100/100\n|switch|p1b: Incineroar|Incineroar, L50, M|50/100\n|-ability|p1b: Incineroar|Intimidate|boost\n|-unboost|p2a: Garchomp|atk|1\n|-unboost|p2b: Talonflame|atk|1\n|-enditem|p2a: Garchomp|White Herb\n|-clearnegativeboost|p2a: Garchomp|[silent]\n|move|p2b: Talonflame|Protect|p2b: Talonflame\n|-singleturn|p2b: Talonflame|Protect\n|move|p1a: Slowbro|Calm Mind|p1a: Slowbro\n|-boost|p1a: Slowbro|spa|1\n|-boost|p1a: Slowbro|spd|1\n|\n|upkeep\n|turn|4\n|inactive|kekw 67 has 30 seconds left.\n|inactive|kekw 67 has 20 seconds left.\n|inactive|kekw 67 has 15 seconds left.\n|\n|t:|1776456636\n|switch|p2b: Rotom|Rotom-Wash, L50|100/100\n|switch|p1b: Sinistcha|Sinistcha, L50|100/100\n|-heal|p1a: Slowbro|100/100|[from] ability: Hospitality|[of] p1b: Sinistcha\n|move|p2a: Garchomp|Protect|p2a: Garchomp\n|-singleturn|p2a: Garchomp|Protect\n|move|p1a: Slowbro|Scald|p2b: Rotom\n|-resisted|p2b: Rotom|1\n|-damage|p2b: Rotom|57/100\n|-status|p2b: Rotom|brn\n|\n|-damage|p2b: Rotom|51/100 brn|[from] brn\n|upkeep\n|turn|5\n|\n|t:|1776456659\n|move|p2a: Garchomp|Earthquake|p1b: Sinistcha|[spread] p1a,p1b\n|-immune|p2b: Rotom|[from] ability: Levitate\n|-resisted|p1b: Sinistcha|1\n|-damage|p1a: Slowbro|82/100\n|-damage|p1b: Sinistcha|82/100\n|move|p2b: Rotom|Hydro Pump|p1b: Sinistcha\n|-resisted|p1b: Sinistcha|1\n|-damage|p1b: Sinistcha|61/100\n|move|p1a: Slowbro|Calm Mind|p1a: Slowbro\n|-boost|p1a: Slowbro|spa|1\n|-boost|p1a: Slowbro|spd|1\n|move|p1b: Sinistcha|Trick Room|p1b: Sinistcha\n|-fieldstart|move: Trick Room|[of] p1b: Sinistcha\n|\n|-damage|p2b: Rotom|45/100 brn|[from] brn\n|-sideend|p2: destock22|move: Tailwind\n|upkeep\n|-enditem|p2b: Rotom|Sitrus Berry|[eat]\n|-heal|p2b: Rotom|70/100 brn|[from] item: Sitrus Berry\n|turn|6\n|inactive|destock22 has 30 seconds left.\n|\n|t:|1776456690\n|move|p2a: Garchomp|Protect|p2a: Garchomp\n|-singleturn|p2a: Garchomp|Protect\n|move|p1a: Slowbro|Scald|p2a: Garchomp\n|-activate|p2a: Garchomp|move: Protect\n|move|p1b: Sinistcha|Matcha Gotcha|p2a: Garchomp|[spread] p2b\n|-activate|p2a: Garchomp|move: Protect\n|-supereffective|p2b: Rotom|1\n|-damage|p2b: Rotom|19/100 brn\n|-heal|p1b: Sinistcha|83/100|[from] drain|[of] p2b: Rotom\n|move|p2b: Rotom|Will-O-Wisp|p1a: Slowbro|[miss]\n|-miss|p2b: Rotom|p1a: Slowbro\n|\n|-damage|p2b: Rotom|13/100 brn|[from] brn\n|upkeep\n|turn|7\n|-message|destock22 forfeited.\n|\n|win|kekw 67\n|raw|kekw 67's rating: 1406 &rarr; <strong>1424</strong><br />(+18 for winning)\n|raw|destock22's rating: 1363 &rarr; <strong>1345</strong><br />(-18 for losing)\n|l|\u2606destock22\n|player|p2|\n",
  "uploadtime": 1776456751,
  "views": 72,
  "formatid": "gen9championsvgc2026regma",
  "rating": 1345,
  "private": 0,
  "password": null
}