{
  "id": "gen9championsvgc2026regma-2583906490",
  "format": "[Gen 9 Champions] VGC 2026 Reg M-A",
  "players": [
    "poopeo",
    "Zarato"
  ],
  "log": "|j|\u2606poopeo\n|j|\u2606Zarato\n|t:|1776207182\n|gametype|doubles\n|player|p1|poopeo|beauty-gen4dp|1043\n|player|p2|Zarato|n|1048\n|gen|9\n|tier|[Gen 9 Champions] VGC 2026 Reg M-A\n|rated|\n|rule|Species Clause: Limit one of each Pok\u00e9mon\n|rule|Item Clause: Limit 1 of each item\n|clearpoke\n|poke|p1|Vivillon, L50, F|\n|poke|p1|Altaria, L50, F|\n|poke|p1|Clefable, L50, F|\n|poke|p1|Gardevoir, L50, F|\n|poke|p1|Ninetales, L50, F|\n|poke|p1|Dedenne, L50, M|\n|poke|p2|Weavile, L50, M|\n|poke|p2|Glaceon, L50, F|\n|poke|p2|Froslass, L50, F|\n|poke|p2|Incineroar, L50, M|\n|poke|p2|Sinistcha, L50|\n|poke|p2|Sneasler, L50, M|\n|teampreview|4\n|inactive|Battle timer is ON: inactive players will automatically lose when time's up. (requested by Zarato)\nZarato has agreed to open team sheets.\n|\n|t:|1776207203\n|teamsize|p1|4\n|teamsize|p2|4\n|start\n|switch|p1a: Vivillon|Vivillon, L50, F|100/100\n|switch|p1b: Gardevoir|Gardevoir, L50, F|100/100\n|switch|p2a: Weavile|Weavile, L50, M|100/100\n|switch|p2b: Froslass|Froslass, L50, F|100/100\n|-ability|p2a: Weavile|Pressure\n|turn|1\n|\n|t:|1776207221\n|detailschange|p2b: Froslass|Froslass-Mega, L50, F\n|-mega|p2b: Froslass|Froslass|Froslassite\n|-weather|Snowscape|[from] ability: Snow Warning|[of] p2b: Froslass\n|move|p2b: Froslass|Blizzard|p1a: Vivillon|[spread] p1a,p1b\n|-supereffective|p1a: Vivillon|1\n|-enditem|p1a: Vivillon|Focus Sash\n|-damage|p1a: Vivillon|1/100\n|-damage|p1b: Gardevoir|63/100\n|move|p2a: Weavile|Icicle Crash|p1a: Vivillon\n|-supereffective|p1a: Vivillon|1\n|-damage|p1a: Vivillon|0 fnt\n|faint|p1a: Vivillon\n|move|p1b: Gardevoir|Calm Mind|p1b: Gardevoir\n|-boost|p1b: Gardevoir|spa|1\n|-boost|p1b: Gardevoir|spd|1\n|\n|-weather|Snowscape|[upkeep]\n|upkeep\n|\n|t:|1776207240\n|switch|p1a: Clefable|Clefable, L50, F|100/100\n|turn|2\n|\n|t:|1776207262\n|detailschange|p1b: Gardevoir|Gardevoir-Mega, L50, F\n|-mega|p1b: Gardevoir|Gardevoir|Gardevoirite\n|move|p1a: Clefable|Helping Hand|p1b: Gardevoir\n|-singleturn|p1b: Gardevoir|Helping Hand|[of] p1a: Clefable\n|move|p2b: Froslass|Shadow Ball|p1b: Gardevoir\n|-supereffective|p1b: Gardevoir|1\n|-damage|p1b: Gardevoir|15/100\n|-unboost|p1b: Gardevoir|spd|1\n|move|p2a: Weavile|Knock Off|p1a: Clefable\n|-resisted|p1a: Clefable|1\n|-damage|p1a: Clefable|75/100\n|-enditem|p1a: Clefable|Leftovers|[from] move: Knock Off|[of] p2a: Weavile\n|move|p1b: Gardevoir|Hyper Voice|p2b: Froslass|[spread] p2a,p2b\n|-supereffective|p2a: Weavile|1\n|-enditem|p2a: Weavile|Focus Sash\n|-damage|p2a: Weavile|1/100\n|-damage|p2b: Froslass|0 fnt\n|faint|p2b: Froslass\n|\n|-weather|Snowscape|[upkeep]\n|upkeep\n|inactive|Zarato has 30 seconds left.\n|\n|t:|1776207289\n|switch|p2b: Incineroar|Incineroar, L50, M|100/100\n|-ability|p2b: Incineroar|Intimidate|boost\n|-unboost|p1a: Clefable|atk|1\n|-unboost|p1b: Gardevoir|atk|1\n|turn|3\n|\n|t:|1776207301\n|move|p2b: Incineroar|Fake Out|p1a: Clefable\n|-damage|p1a: Clefable|65/100\n|cant|p1a: Clefable|flinch\n|move|p2a: Weavile|Ice Shard|p1b: Gardevoir\n|-damage|p1b: Gardevoir|0 fnt\n|faint|p1b: Gardevoir\n|\n|-weather|Snowscape|[upkeep]\n|upkeep\n|\n|t:|1776207313\n|switch|p1b: Dedenne|Dedenne, L50, M|100/100\n|turn|4\n|\n|t:|1776207335\n|move|p1a: Clefable|Follow Me|p1a: Clefable\n|-singleturn|p1a: Clefable|move: Follow Me\n|move|p2a: Weavile|Knock Off|p1a: Clefable\n|-resisted|p1a: Clefable|1\n|-damage|p1a: Clefable|48/100\n|move|p2b: Incineroar|Flare Blitz|p1a: Clefable\n|-damage|p1a: Clefable|0 fnt\n|faint|p1a: Clefable\n|-damage|p2b: Incineroar|85/100|[from] Recoil\n|move|p1b: Dedenne|Nuzzle|p2a: Weavile\n|-damage|p2a: Weavile|0 fnt\n|faint|p2a: Weavile\n|\n|-weather|Snowscape|[upkeep]\n|upkeep\n|\n|t:|1776207347\n|switch|p2a: Sneasler|Sneasler, L50, M|100/100\n|turn|5\n|\n|t:|1776207358\n|move|p2a: Sneasler|Fake Out|p1b: Dedenne\n|-damage|p1b: Dedenne|76/100\n|move|p2b: Incineroar|Flare Blitz|p1b: Dedenne\n|-damage|p1b: Dedenne|0 fnt\n|faint|p1b: Dedenne\n|-damage|p2b: Incineroar|63/100|[from] Recoil\n|\n|win|Zarato\n|raw|poopeo's rating: 1043 &rarr; <strong>1027</strong><br />(-16 for losing)\n|raw|Zarato's rating: 1048 &rarr; <strong>1080</strong><br />(+32 for winning)\n|l|\u2606poopeo\n|player|p1|\n",
  "uploadtime": 1776207367,
  "views": 22,
  "formatid": "gen9championsvgc2026regma",
  "rating": 1027,
  "private": 0,
  "password": null
}