{
  "id": "gen9championsvgc2026regma-2588730337",
  "format": "[Gen 9 Champions] VGC 2026 Reg M-A",
  "players": [
    "bluejayx2",
    "Anditto612"
  ],
  "log": "|j|\u203dbluejayx2\n|j|\u2606Anditto612\n|t:|1776663094\n|gametype|doubles\n|player|p1|bluejayx2|marley|1137\n|player|p2|Anditto612|266|1114\n|gen|9\n|tier|[Gen 9 Champions] VGC 2026 Reg M-A\n|rated|\n|rule|Species Clause: Limit one of each Pok\u00e9mon\n|rule|Item Clause: Limit 1 of each item\n|clearpoke\n|poke|p1|Pinsir, L50, F, shiny|\n|poke|p1|Clefable, L50, F, shiny|\n|poke|p1|Absol, L50, F, shiny|\n|poke|p1|Charizard, L50, F, shiny|\n|poke|p1|Politoed, L50, F|\n|poke|p1|Sableye, L50, F, shiny|\n|poke|p2|Typhlosion-Hisui, L50, M|\n|poke|p2|Whimsicott, L50, F|\n|poke|p2|Garchomp, L50, M|\n|poke|p2|Farigiraf, L50, F|\n|poke|p2|Primarina, L50, F|\n|poke|p2|Venusaur, L50, M|\n|teampreview|4\n|inactive|Battle timer is ON: inactive players will automatically lose when time's up. (requested by bluejayx2)\n|inactive|bluejayx2 has 60 seconds left.\n|\n|t:|1776663124\n|teamsize|p1|4\n|teamsize|p2|4\n|start\n|switch|p1a: Charizard|Charizard, L50, F, shiny|100/100\n|switch|p1b: Sableye|Sableye, L50, F, shiny|100/100\n|switch|p2a: Whimsicott|Whimsicott, L50, F|100/100\n|switch|p2b: Razor|Venusaur, L50, M|100/100\n|turn|1\n|\n|t:|1776663145\n|move|p2a: Whimsicott|Tailwind|p2a: Whimsicott\n|-sidestart|p2: Anditto612|move: Tailwind\n|move|p1b: Sableye|Encore|p2a: Whimsicott\n|-start|p2a: Whimsicott|Encore\n|move|p1a: Charizard|Heat Wave|p2b: Razor|[spread] p2a,p2b\n|-supereffective|p2a: Whimsicott|1\n|-supereffective|p2b: Razor|1\n|-enditem|p2a: Whimsicott|Focus Sash\n|-damage|p2a: Whimsicott|1/100\n|-damage|p2b: Razor|42/100\n|move|p2b: Razor|Sleep Powder|p1a: Charizard\n|-status|p1a: Charizard|slp|[from] move: Sleep Powder\n|\n|upkeep\n|turn|2\n|inactive|bluejayx2 has 30 seconds left.\n|\n|t:|1776663171\n|switch|p2a: Garchomp|Garchomp, L50, M|100/100\n|cant|p1a: Charizard|slp\n|move|p2b: Razor|Sleep Powder|p1b: Sableye\n|-status|p1b: Sableye|slp|[from] move: Sleep Powder\n|cant|p1b: Sableye|slp\n|\n|upkeep\n|turn|3\n|inactive|bluejayx2 has 30 seconds left.\n|\n|t:|1776663201\n|-curestatus|p1b: Sableye|slp|[msg]\n|move|p1b: Sableye|Sunny Day|p1b: Sableye\n|-weather|SunnyDay\n|move|p2b: Razor|Leech Seed|p1b: Sableye\n|-start|p1b: Sableye|move: Leech Seed\n|move|p2a: Garchomp|Rock Slide|p1a: Charizard|[spread] p1a,p1b\n|-supereffective|p1a: Charizard|2\n|-damage|p1a: Charizard|0 fnt\n|-damage|p1b: Sableye|71/100\n|faint|p1a: Charizard\n|\n|-weather|SunnyDay|[upkeep]\n|-damage|p1b: Sableye|58/100|[from] Leech Seed|[of] p2b: Razor\n|-heal|p2b: Razor|52/100|[silent]\n|upkeep\n|\n|t:|1776663216\n|switch|p1a: Absol|Absol, L50, F, shiny|100/100\n|turn|4\n|\n|t:|1776663227\n|move|p2a: Garchomp|Protect|p2a: Garchomp\n|-singleturn|p2a: Garchomp|Protect\n|move|p1a: Absol|Detect|p1a: Absol\n|-singleturn|p1a: Absol|Protect\n|move|p2b: Razor|Sleep Powder|p1a: Absol\n|-activate|p1a: Absol|move: Protect\n|move|p1b: Sableye|Foul Play|p2a: Garchomp\n|-activate|p2a: Garchomp|move: Protect\n|\n|-weather|SunnyDay|[upkeep]\n|-damage|p1b: Sableye|46/100|[from] Leech Seed|[of] p2b: Razor\n|-heal|p2b: Razor|62/100|[silent]\n|-sideend|p2: Anditto612|move: Tailwind\n|upkeep\n|turn|5\n|\n|t:|1776663243\n|move|p1b: Sableye|Encore|p2a: Garchomp\n|-start|p2a: Garchomp|Encore\n|move|p2a: Garchomp|Protect|p2a: Garchomp\n|-singleturn|p2a: Garchomp|Protect\n|move|p2b: Razor|Sleep Powder|p1b: Sableye|[miss]\n|-miss|p2b: Razor|p1b: Sableye\n|move|p1a: Absol|Night Slash|p2b: Razor\n|-crit|p2b: Razor\n|-damage|p2b: Razor|0 fnt\n|faint|p2b: Razor\n|\n|-weather|SunnyDay|[upkeep]\n|upkeep\n|\n|t:|1776663256\n|switch|p2b: Igni|Typhlosion-Hisui, L50, M|100/100\n|-item|p1a: Absol|Focus Sash|[from] ability: Frisk|[of] p2b: Igni\n|-item|p1b: Sableye|Mental Herb|[from] ability: Frisk|[of] p2b: Igni\n|turn|6\n|\n|t:|1776663266\n|switch|p2a: Whimsicott|Whimsicott, L50, F|1/100\n|move|p1a: Absol|Sucker Punch|p2b: Igni\n|-supereffective|p2b: Igni|1\n|-crit|p2b: Igni\n|-damage|p2b: Igni|0 fnt\n|faint|p2b: Igni\n|move|p1b: Sableye|Foul Play|p2a: Whimsicott\n|-resisted|p2a: Whimsicott|1\n|-damage|p2a: Whimsicott|0 fnt\n|faint|p2a: Whimsicott\n|\n|-weather|SunnyDay|[upkeep]\n|upkeep\n|\n|t:|1776663271\n|switch|p2b: Garchomp|Garchomp, L50, M|100/100\n|turn|7\n|\n|t:|1776663282\n|switch|p1b: Politoed|Politoed, L50, F|100/100\n|-weather|RainDance|[from] ability: Drizzle|[of] p1b: Politoed\n|move|p1a: Absol|Detect|p1a: Absol\n|-singleturn|p1a: Absol|Protect\n|move|p2b: Garchomp|Earthquake|p1a: Absol|[spread] p1b\n|-activate|p1a: Absol|move: Protect\n|-damage|p1b: Politoed|65/100\n|\n|-weather|RainDance|[upkeep]\n|upkeep\n|turn|8\n|-activate|p1b: Politoed|item: Quick Claw\n|\n|t:|1776663304\n|move|p1b: Politoed|Icy Wind|p2b: Garchomp\n|-supereffective|p2b: Garchomp|2\n|-damage|p2b: Garchomp|50/100\n|-unboost|p2b: Garchomp|spe|1\n|move|p1a: Absol|Night Slash|p2b: Garchomp\n|-damage|p2b: Garchomp|11/100\n|move|p2b: Garchomp|Earthquake|p1b: Politoed|[spread] p1a,p1b\n|-damage|p1a: Absol|24/100\n|-damage|p1b: Politoed|30/100\n|\n|-weather|RainDance|[upkeep]\n|upkeep\n|turn|9\n|\n|t:|1776663320\n|move|p1a: Absol|Sucker Punch|p2b: Garchomp\n|-damage|p2b: Garchomp|0 fnt\n|faint|p2b: Garchomp\n|\n|win|bluejayx2\n|raw|bluejayx2's rating: 1137 &rarr; <strong>1160</strong><br />(+23 for winning)\n|raw|Anditto612's rating: 1114 &rarr; <strong>1091</strong><br />(-23 for losing)\n|l|\u2606Anditto612\n|player|p2|\n|l|\u203dbluejayx2\n|player|p1|\n|j|\u203dbluejayx2\n|player|p1|bluejayx2|marley|\n|n|\u203dbluejayx2|bluejayx2\n",
  "uploadtime": 1776663391,
  "views": 11,
  "formatid": "gen9championsvgc2026regma",
  "rating": 1091,
  "private": 0,
  "password": null
}