{
  "id": "gen9championsvgc2026regma-2580855624",
  "format": "[Gen 9 Champions] VGC 2026 Reg M-A",
  "players": [
    "txpxyy",
    "Ghoolzy"
  ],
  "log": "|j|\u2606txpxyy\n|j|\u2606Ghoolzy\n|t:|1775938042\n|gametype|doubles\n|player|p1|txpxyy|marshal|1000\n|player|p2|Ghoolzy|170|1000\n|gen|9\n|tier|[Gen 9 Champions] VGC 2026 Reg M-A\n|rated|\n|rule|Species Clause: Limit one of each Pok\u00e9mon\n|rule|Item Clause: Limit 1 of each item\n|clearpoke\n|poke|p1|Aggron, L50, M|\n|poke|p1|Slowbro, L50, M|\n|poke|p1|Mudsdale, L50, F|\n|poke|p1|Pelipper, L50, F|\n|poke|p1|Klefki, L50, F|\n|poke|p1|Ampharos, L50, M|\n|poke|p2|Gliscor, L50, M|\n|poke|p2|Aerodactyl, L50, M|\n|poke|p2|Tyranitar, L50, M|\n|poke|p2|Arcanine-Hisui, L50, M|\n|poke|p2|Bastiodon, L50, M|\n|poke|p2|Spiritomb, L50, M|\n|teampreview|4\n|\n|t:|1775938087\n|teamsize|p1|4\n|teamsize|p2|4\n|start\n|switch|p1a: MineMineMine|Pelipper, L50, F|100/100\n|switch|p1b: Durr|Slowbro, L50, M|100/100\n|switch|p2a: Gliscor|Gliscor, L50, M, shiny|100/100\n|switch|p2b: Tyranitar|Tyranitar, L50, M, shiny|100/100\n|-weather|RainDance|[from] ability: Drizzle|[of] p1a: MineMineMine\n|-weather|Sandstorm|[from] ability: Sand Stream|[of] p2b: Tyranitar\n|turn|1\n|\n|t:|1775938113\n|move|p2a: Gliscor|Toxic|p1b: Durr\n|-status|p1b: Durr|tox\n|move|p1a: MineMineMine|U-turn|p2a: Gliscor\n|-resisted|p2a: Gliscor|1\n|-damage|p2a: Gliscor|97/100\n|\n|t:|1775938123\n|switch|p1a: Kaiju|Aggron, L50, M, shiny|100/100|[from] U-turn\n|move|p2b: Tyranitar|Stone Edge|p1a: Kaiju\n|-resisted|p1a: Kaiju|1\n|-damage|p1a: Kaiju|80/100\n|move|p1b: Durr|Ice Beam|p2a: Gliscor\n|-supereffective|p2a: Gliscor|2\n|-damage|p2a: Gliscor|3/100\n|\n|-weather|Sandstorm|[upkeep]\n|-damage|p1b: Durr|95/100 tox|[from] Sandstorm\n|-heal|p2a: Gliscor|9/100|[from] item: Leftovers\n|-heal|p1b: Durr|100/100 tox|[from] item: Leftovers\n|-damage|p1b: Durr|95/100 tox|[from] psn\n|upkeep\n|turn|2\n|\n|t:|1775938144\n|switch|p1b: MineMineMine|Pelipper, L50, F|100/100\n|-weather|RainDance|[from] ability: Drizzle|[of] p1b: MineMineMine\n|detailschange|p1a: Kaiju|Aggron-Mega, L50, M, shiny\n|-mega|p1a: Kaiju|Aggron|Aggronite\n|move|p2a: Gliscor|Protect|p2a: Gliscor\n|-singleturn|p2a: Gliscor|Protect\n|move|p2b: Tyranitar|Fire Punch|p1a: Kaiju\n|-supereffective|p1a: Kaiju|1\n|-damage|p1a: Kaiju|70/100\n|move|p1a: Kaiju|Heavy Slam|p2b: Tyranitar\n|-supereffective|p2b: Tyranitar|1\n|-damage|p2b: Tyranitar|65/100\n|\n|-weather|RainDance|[upkeep]\n|-heal|p2a: Gliscor|15/100|[from] item: Leftovers\n|upkeep\n|turn|3\n|\n|t:|1775938172\n|switch|p2b: Spiritomb|Spiritomb, L50, M, shiny|100/100\n|-ability|p2b: Spiritomb|Pressure\n|move|p2a: Gliscor|Toxic|p1a: Kaiju\n|-immune|p1a: Kaiju\n|move|p1b: MineMineMine|U-turn|p2b: Spiritomb\n|-damage|p2b: Spiritomb|91/100\n|\n|t:|1775938182\n|switch|p1b: Durr|Slowbro, L50, M|100/100 tox|[from] U-turn\n|move|p1a: Kaiju|Body Press|p2b: Spiritomb\n|-immune|p2b: Spiritomb\n|\n|-weather|RainDance|[upkeep]\n|-heal|p2a: Gliscor|21/100|[from] item: Leftovers\n|-damage|p1b: Durr|95/100 tox|[from] psn\n|upkeep\n|turn|4\n|\n|t:|1775938206\n|switch|p2a: Tyranitar|Tyranitar, L50, M, shiny|65/100\n|-weather|Sandstorm|[from] ability: Sand Stream|[of] p2a: Tyranitar\n|move|p1a: Kaiju|Rock Slide|p2a: Tyranitar|[spread] p2a,p2b\n|-damage|p2a: Tyranitar|49/100\n|-damage|p2b: Spiritomb|71/100\n|move|p2b: Spiritomb|Hex|p1b: Durr\n|-supereffective|p1b: Durr|1\n|-damage|p1b: Durr|0 fnt\n|faint|p1b: Durr\n|\n|-weather|Sandstorm|[upkeep]\n|-damage|p2b: Spiritomb|65/100|[from] Sandstorm\n|upkeep\n|\n|t:|1775938220\n|switch|p1b: MineMineMine|Pelipper, L50, F|100/100\n|-weather|RainDance|[from] ability: Drizzle|[of] p1b: MineMineMine\n|turn|5\n|\n|t:|1775938238\n|switch|p2a: Gliscor|Gliscor, L50, M, shiny|21/100\n|move|p1b: MineMineMine|Hurricane|p2b: Spiritomb\n|-damage|p2b: Spiritomb|13/100\n|move|p1a: Kaiju|Body Press|p2a: Gliscor\n|-resisted|p2a: Gliscor|1\n|-damage|p2a: Gliscor|8/100\n|move|p2b: Spiritomb|Foul Play|p1a: Kaiju\n|-damage|p1a: Kaiju|39/100\n|\n|-weather|RainDance|[upkeep]\n|-heal|p2a: Gliscor|14/100|[from] item: Leftovers\n|upkeep\n|turn|6\n|\n|t:|1775938258\n|move|p2a: Gliscor|Protect|p2a: Gliscor\n|-singleturn|p2a: Gliscor|Protect\n|move|p1b: MineMineMine|Protect|p1b: MineMineMine\n|-singleturn|p1b: MineMineMine|Protect\n|move|p1a: Kaiju|Rock Slide|p2b: Spiritomb|[spread] p2b\n|-activate|p2a: Gliscor|move: Protect\n|-damage|p2b: Spiritomb|0 fnt\n|faint|p2b: Spiritomb\n|\n|-weather|RainDance|[upkeep]\n|-heal|p2a: Gliscor|20/100|[from] item: Leftovers\n|upkeep\n|\n|t:|1775938270\n|switch|p2b: Arcanine|Arcanine-Hisui, L50, M, shiny|100/100\n|turn|7\n|\n|t:|1775938282\n|move|p2b: Arcanine|Wild Charge|p1b: MineMineMine\n|-supereffective|p1b: MineMineMine|2\n|-damage|p1b: MineMineMine|0 fnt\n|faint|p1b: MineMineMine\n|move|p2a: Gliscor|High Horsepower|p1a: Kaiju\n|-supereffective|p1a: Kaiju|1\n|-damage|p1a: Kaiju|8/100\n|move|p1a: Kaiju|Rock Slide|p2a: Gliscor|[spread] p2a,p2b\n|-supereffective|p2b: Arcanine|1\n|-damage|p2a: Gliscor|4/100\n|-damage|p2b: Arcanine|61/100\n|\n|-weather|RainDance|[upkeep]\n|-heal|p2a: Gliscor|10/100|[from] item: Leftovers\n|upkeep\n|\n|t:|1775938294\n|switch|p1b: Steed|Mudsdale, L50, F|100/100\n|turn|8\n|\n|t:|1775938337\n|move|p1b: Steed|Protect|p1b: Steed\n|-singleturn|p1b: Steed|Protect\n|move|p2b: Arcanine|Flare Blitz|p1b: Steed\n|-activate|p1b: Steed|move: Protect\n|move|p2a: Gliscor|High Horsepower|p1a: Kaiju|[miss]\n|-miss|p2a: Gliscor|p1a: Kaiju\n|move|p1a: Kaiju|Body Press|p2b: Arcanine\n|-supereffective|p2b: Arcanine|1\n|-damage|p2b: Arcanine|0 fnt\n|faint|p2b: Arcanine\n|\n|-weather|RainDance|[upkeep]\n|-heal|p2a: Gliscor|16/100|[from] item: Leftovers\n|upkeep\n|\n|t:|1775938350\n|switch|p2b: Tyranitar|Tyranitar, L50, M, shiny|49/100\n|-weather|Sandstorm|[from] ability: Sand Stream|[of] p2b: Tyranitar\n|turn|9\n|\n|t:|1775938366\n|move|p2a: Gliscor|High Horsepower|p1a: Kaiju\n|-supereffective|p1a: Kaiju|1\n|-damage|p1a: Kaiju|0 fnt\n|faint|p1a: Kaiju\n|move|p2b: Tyranitar|Stone Edge|p1b: Steed\n|-resisted|p1b: Steed|1\n|-damage|p1b: Steed|76/100\n|move|p1b: Steed|Stone Edge|p2a: Gliscor\n|-damage|p2a: Gliscor|0 fnt\n|faint|p2a: Gliscor\n|\n|-weather|Sandstorm|[upkeep]\n|upkeep\n|turn|10\n|\n|t:|1775938380\n|move|p1b: Steed|Body Press|p2b: Tyranitar\n|-supereffective|p2b: Tyranitar|2\n|-damage|p2b: Tyranitar|0 fnt\n|faint|p2b: Tyranitar\n|\n|win|txpxyy\n|raw|txpxyy's rating: 1000 &rarr; <strong>1040</strong><br />(+40 for winning)\n|raw|Ghoolzy's rating: 1000 &rarr; <strong>1000</strong><br />(+0 for losing)\n|l|\u2606Ghoolzy\n|player|p2|\n|c|\u2606txpxyy|gg\n",
  "uploadtime": 1775938399,
  "views": 17,
  "formatid": "gen9championsvgc2026regma",
  "rating": 1000,
  "private": 0,
  "password": null
}