{
  "id": "gen9championsvgc2026regma-2583678376",
  "format": "[Gen 9 Champions] VGC 2026 Reg M-A",
  "players": [
    "gholdengogobbler",
    "rubissimo"
  ],
  "log": "|j|\u203dgholdengogobbler\n|j|\u2606rubissimo\n|t:|1776190506\n|gametype|doubles\n|player|p1|gholdengogobbler|rainbowrocketgruntf|1028\n|player|p2|rubissimo|266|1063\n|gen|9\n|tier|[Gen 9 Champions] VGC 2026 Reg M-A\n|rated|\n|rule|Species Clause: Limit one of each Pok\u00e9mon\n|rule|Item Clause: Limit 1 of each item\n|clearpoke\n|poke|p1|Scovillain, L50, M|\n|poke|p1|Slowking-Galar, L50, M|\n|poke|p1|Sinistcha-Masterpiece, L50|\n|poke|p1|Garchomp, L50, F|\n|poke|p1|Floette-Eternal, L50, F|\n|poke|p1|Talonflame, L50, F|\n|poke|p2|Hawlucha, L50, F|\n|poke|p2|Kingambit, L50, F|\n|poke|p2|Incineroar, L50, F|\n|poke|p2|Farigiraf, L50, F|\n|poke|p2|Sinistcha, L50|\n|poke|p2|Camerupt, L50, F|\n|teampreview|4\nrubissimo rejected open team sheets.\n|\n|t:|1776190570\n|teamsize|p1|4\n|teamsize|p2|4\n|start\n|switch|p1a: Scovillain|Scovillain, L50, M, shiny|100/100\n|switch|p1b: Slowking|Slowking-Galar, L50, M, shiny|100/100\n|switch|p2a: Incineroar|Incineroar, L50, F|100/100\n|switch|p2b: Hawlucha|Hawlucha, L50, F|100/100\n|-ability|p2a: Incineroar|Intimidate|boost\n|-unboost|p1a: Scovillain|atk|1\n|-unboost|p1b: Slowking|atk|1\n|turn|1\n|\n|t:|1776190615\n|detailschange|p2b: Hawlucha|Hawlucha-Mega, L50, F\n|-mega|p2b: Hawlucha|Hawlucha|Hawluchanite\n|detailschange|p1a: Scovillain|Scovillain-Mega, L50, M, shiny\n|-mega|p1a: Scovillain|Scovillain|Scovillainite\n|move|p2a: Incineroar|Fake Out|p1b: Slowking\n|-damage|p1b: Slowking|90/100\n|move|p1a: Scovillain|Rage Powder|p1a: Scovillain\n|-singleturn|p1a: Scovillain|move: Rage Powder\n|move|p2b: Hawlucha|Brave Bird|p1a: Scovillain\n|-supereffective|p1a: Scovillain|1\n|-damage|p1a: Scovillain|0 fnt\n|-status|p2b: Hawlucha|brn|[from] ability: Spicy Spray|[of] p1a: Scovillain\n|faint|p1a: Scovillain\n|-damage|p2b: Hawlucha|75/100 brn|[from] Recoil\n|cant|p1b: Slowking|flinch\n|\n|-damage|p2b: Hawlucha|69/100 brn|[from] brn\n|upkeep\n|\n|t:|1776190632\n|switch|p1a: Sinistcha|Sinistcha-Masterpiece, L50, shiny|100/100\n|-heal|p1b: Slowking|100/100|[from] ability: Hospitality|[of] p1a: Sinistcha\n|turn|2\n|inactive|Battle timer is ON: inactive players will automatically lose when time's up. (requested by gholdengogobbler)\n|\n|t:|1776190691\n|move|p2b: Hawlucha|Brave Bird|p1a: Sinistcha\n|-supereffective|p1a: Sinistcha|1\n|-damage|p1a: Sinistcha|59/100\n|-damage|p2b: Hawlucha|56/100 brn|[from] Recoil\n|move|p2a: Incineroar|Parting Shot|p1b: Slowking\n|-unboost|p1b: Slowking|atk|1\n|-unboost|p1b: Slowking|spa|1\n|\n|t:|1776190700\n|switch|p2a: Kingambit|Kingambit, L50, F|100/100|[from] Parting Shot\n|move|p1b: Slowking|Hex|p2b: Hawlucha\n|-damage|p2b: Hawlucha|23/100 brn\n|move|p1a: Sinistcha|Trick Room|p1a: Sinistcha\n|-fieldstart|move: Trick Room|[of] p1a: Sinistcha\n|\n|-heal|p1a: Sinistcha|66/100|[from] item: Leftovers\n|-damage|p2b: Hawlucha|17/100 brn|[from] brn\n|upkeep\n|turn|3\n|inactive|rubissimo has 30 seconds left.\n|inactive|gholdengogobbler has 30 seconds left.\n|inactive|rubissimo has 20 seconds left.\n|\n|t:|1776190740\n|switch|p1b: Garchomp|Garchomp, L50, F, shiny|100/100\n|move|p2a: Kingambit|Protect|p2a: Kingambit\n|-singleturn|p2a: Kingambit|Protect\n|move|p1a: Sinistcha|Matcha Gotcha|p2a: Kingambit|[spread] p2b\n|-activate|p2a: Kingambit|move: Protect\n|-resisted|p2b: Hawlucha|1\n|-damage|p2b: Hawlucha|4/100 brn\n|-heal|p1a: Sinistcha|72/100|[from] drain|[of] p2b: Hawlucha\n|move|p2b: Hawlucha|Entrainment|p2a: Kingambit\n|-activate|p2a: Kingambit|move: Protect\n|\n|-heal|p1a: Sinistcha|79/100|[from] item: Leftovers\n|-damage|p2b: Hawlucha|0 fnt|[from] brn\n|faint|p2b: Hawlucha\n|upkeep\n|\n|t:|1776190758\n|switch|p2b: Incineroar|Incineroar, L50, F|100/100\n|-ability|p2b: Incineroar|Intimidate|boost\n|-unboost|p1a: Sinistcha|atk|1\n|-unboost|p1b: Garchomp|atk|1\n|turn|4\n|\n|t:|1776190774\n|move|p2a: Kingambit|Guillotine|p1b: Garchomp|[miss]\n|-miss|p2a: Kingambit|p1b: Garchomp\n|move|p2b: Incineroar|Flare Blitz|p1a: Sinistcha\n|-supereffective|p1a: Sinistcha|1\n|-damage|p1a: Sinistcha|18/100\n|-damage|p2b: Incineroar|83/100|[from] Recoil\n|move|p1a: Sinistcha|Matcha Gotcha|p2b: Incineroar|[spread] p2a,p2b\n|-resisted|p2a: Kingambit|1\n|-resisted|p2b: Incineroar|1\n|-damage|p2a: Kingambit|92/100\n|-heal|p1a: Sinistcha|23/100|[from] drain|[of] p2a: Kingambit\n|-damage|p2b: Incineroar|74/100\n|-heal|p1a: Sinistcha|28/100|[from] drain|[of] p2b: Incineroar\n|move|p1b: Garchomp|Stomping Tantrum|p2a: Kingambit\n|-supereffective|p2a: Kingambit|1\n|-damage|p2a: Kingambit|53/100\n|\n|-heal|p2b: Incineroar|80/100|[from] item: Leftovers\n|-heal|p1a: Sinistcha|34/100|[from] item: Leftovers\n|upkeep\n|turn|5\n|inactive|gholdengogobbler has 30 seconds left.\n|inactive|rubissimo has 30 seconds left.\n|\n|t:|1776190809\n|switch|p1a: Slowking|Slowking-Galar, L50, M, shiny|100/100\n|move|p2a: Kingambit|Sucker Punch||[still]\n|-fail|p2a: Kingambit\n|move|p2b: Incineroar|Parting Shot|p1b: Garchomp\n|-unboost|p1b: Garchomp|atk|1\n|-unboost|p1b: Garchomp|spa|1\n|\n|t:|1776190816\n|switch|p2b: Farigiraf|Farigiraf, L50, F|100/100|[from] Parting Shot\n|move|p1b: Garchomp|Rock Slide|p2b: Farigiraf|[spread] p2a,p2b\n|-resisted|p2a: Kingambit|1\n|-damage|p2a: Kingambit|49/100\n|-damage|p2b: Farigiraf|93/100\n|-enditem|p2a: Kingambit|Sitrus Berry|[eat]\n|-heal|p2a: Kingambit|74/100|[from] item: Sitrus Berry\n|\n|upkeep\n|turn|6\n|inactive|gholdengogobbler has 30 seconds left.\n|inactive|rubissimo has 30 seconds left.\n|inactive|rubissimo has 20 seconds left.\n|inactive|rubissimo has 15 seconds left.\n|\n|t:|1776190861\n|switch|p2a: Incineroar|Incineroar, L50, F|80/100\n|-ability|p2a: Incineroar|Intimidate|boost\n|-unboost|p1a: Slowking|atk|1\n|-unboost|p1b: Garchomp|atk|1\n|switch|p1b: Sinistcha|Sinistcha-Masterpiece, L50, shiny|34/100\n|move|p1a: Slowking|Skill Swap|p1b: Sinistcha\n|-activate|p1a: Slowking|Skill Swap|||[of] p1b: Sinistcha\n|-heal|p1b: Sinistcha|59/100|[from] ability: Hospitality|[of] p1a: Slowking\n|move|p2b: Farigiraf|Hyper Voice|p1b: Sinistcha|[spread] p1a\n|-immune|p1b: Sinistcha\n|-damage|p1a: Slowking|79/100\n|\n|-heal|p2a: Incineroar|86/100|[from] item: Leftovers\n|-heal|p1b: Sinistcha|65/100|[from] item: Leftovers\n|-fieldend|move: Trick Room\n|upkeep\n|turn|7\n|inactive|gholdengogobbler has 30 seconds left.\n|inactive|rubissimo has 30 seconds left.\n|\n|t:|1776190893\n|move|p2a: Incineroar|Fake Out|p1a: Slowking\n|-damage|p1a: Slowking|68/100\n|cant|p1a: Slowking|flinch\n|move|p1b: Sinistcha|Trick Room|p1b: Sinistcha\n|-fieldstart|move: Trick Room|[of] p1b: Sinistcha\n|move|p2b: Farigiraf|Trick Room|p2b: Farigiraf\n|-fieldend|move: Trick Room\n|\n|-heal|p1b: Sinistcha|71/100|[from] item: Leftovers\n|-heal|p2a: Incineroar|92/100|[from] item: Leftovers\n|upkeep\n|turn|8\n|inactive|rubissimo has 30 seconds left.\n|\n|t:|1776190926\n|move|p1b: Sinistcha|Life Dew|p1b: Sinistcha|[spread] p1a,p1b\n|-heal|p1a: Slowking|94/100\n|-heal|p1b: Sinistcha|97/100\n|move|p2a: Incineroar|Flare Blitz|p1b: Sinistcha\n|-supereffective|p1b: Sinistcha|1\n|-damage|p1b: Sinistcha|29/100\n|-damage|p2a: Incineroar|72/100|[from] Recoil\n|move|p1a: Slowking|Heal Pulse|p1b: Sinistcha\n|-heal|p1b: Sinistcha|79/100\n|move|p2b: Farigiraf|Trick Room|p2b: Farigiraf\n|-fieldstart|move: Trick Room|[of] p2b: Farigiraf\n|\n|-heal|p2a: Incineroar|78/100|[from] item: Leftovers\n|-heal|p1b: Sinistcha|85/100|[from] item: Leftovers\n|upkeep\n|turn|9\n|\n|t:|1776190949\n|move|p1a: Slowking|Sludge Bomb|p2a: Incineroar\n|-damage|p2a: Incineroar|39/100\n|move|p2a: Incineroar|Flare Blitz|p1b: Sinistcha\n|-supereffective|p1b: Sinistcha|1\n|-damage|p1b: Sinistcha|13/100\n|-damage|p2a: Incineroar|18/100|[from] Recoil\n|move|p2b: Farigiraf|Psychic|p1b: Sinistcha\n|-damage|p1b: Sinistcha|0 fnt\n|faint|p1b: Sinistcha\n|\n|-heal|p2a: Incineroar|24/100|[from] item: Leftovers\n|upkeep\n|\n|t:|1776190967\n|switch|p1b: Garchomp|Garchomp, L50, F, shiny|100/100\n|turn|10\n|inactive|rubissimo has 30 seconds left.\n|inactive|rubissimo has 20 seconds left.\n|inactive|rubissimo has 15 seconds left.\n|\n|t:|1776191010\n|switch|p2a: Kingambit|Kingambit, L50, F|74/100\n|move|p2b: Farigiraf|Protect|p2b: Farigiraf\n|-singleturn|p2b: Farigiraf|Protect\n|move|p1a: Slowking|Skill Swap|p1b: Garchomp\n|-activate|p1a: Slowking|Skill Swap|||[of] p1b: Garchomp\n|-heal|p1a: Slowking|100/100|[from] ability: Hospitality|[of] p1b: Garchomp\n|move|p1b: Garchomp|Rock Slide|p2a: Kingambit|[spread] \n|-activate|p2b: Farigiraf|move: Protect\n|-miss|p1b: Garchomp|p2a: Kingambit\n|\n|upkeep\n|turn|11\n|inactive|gholdengogobbler has 30 seconds left.\n|inactive|rubissimo has 30 seconds left.\n|inactive|rubissimo has 20 seconds left.\n|inactive|rubissimo has 15 seconds left.\n|inactive|rubissimo has 10 seconds left.\n|\n|t:|1776191057\n|switch|p2b: Incineroar|Incineroar, L50, F|24/100\n|-ability|p2b: Incineroar|Intimidate|boost\n|-unboost|p1a: Slowking|atk|1\n|-unboost|p1b: Garchomp|atk|1\n|move|p2a: Kingambit|Sucker Punch|p1a: Slowking\n|-supereffective|p1a: Slowking|1\n|-damage|p1a: Slowking|23/100\n|-damage|p2a: Kingambit|62/100|[from] ability: Rough Skin|[of] p1a: Slowking\n|-enditem|p1a: Slowking|Sitrus Berry|[eat]\n|-heal|p1a: Slowking|48/100|[from] item: Sitrus Berry\n|move|p1a: Slowking|Sludge Bomb|p2b: Incineroar\n|-damage|p2b: Incineroar|0 fnt\n|faint|p2b: Incineroar\n|move|p1b: Garchomp|Stomping Tantrum|p2a: Kingambit\n|-supereffective|p2a: Kingambit|1\n|-damage|p2a: Kingambit|0 fnt\n|faint|p2a: Kingambit\n|\n|upkeep\n|inactive|rubissimo has 30 seconds left.\n|-message|rubissimo forfeited.\n|\n|win|gholdengogobbler\n|raw|gholdengogobbler's rating: 1028 &rarr; <strong>1067</strong><br />(+39 for winning)\n|raw|rubissimo's rating: 1063 &rarr; <strong>1042</strong><br />(-21 for losing)\n|l|\u2606rubissimo\n|player|p2|\n",
  "uploadtime": 1776191086,
  "views": 19,
  "formatid": "gen9championsvgc2026regma",
  "rating": 1042,
  "private": 0,
  "password": null
}