{
  "id": "gen9championsvgc2026regma-2582171674",
  "format": "[Gen 9 Champions] VGC 2026 Reg M-A",
  "players": [
    "fatlip",
    "RBG_LOL"
  ],
  "log": "|j|\u2606fatlip\n|j|\u2606RBG_LOL\n|t:|1776067088\n|gametype|doubles\n|player|p1|fatlip|cynthia-gen4|1062\n|player|p2|RBG_LOL|ghetsis-gen5bw|1000\n|gen|9\n|tier|[Gen 9 Champions] VGC 2026 Reg M-A\n|rated|\n|rule|Species Clause: Limit one of each Pok\u00e9mon\n|rule|Item Clause: Limit 1 of each item\n|clearpoke\n|poke|p1|Farigiraf, L50, M|\n|poke|p1|Armarouge, L50, M|\n|poke|p1|Hatterene, L50, F|\n|poke|p1|Abomasnow, L50, F|\n|poke|p1|Glaceon, L50, F|\n|poke|p1|Empoleon, L50, F|\n|poke|p2|Garchomp, L50, M|\n|poke|p2|Froslass, L50, F|\n|poke|p2|Sneasler, L50, M|\n|poke|p2|Kingambit, L50, M|\n|poke|p2|Talonflame, L50, M|\n|poke|p2|Milotic, L50, F|\n|teampreview|4\n|\n|t:|1776067136\n|teamsize|p1|4\n|teamsize|p2|4\n|start\n|switch|p1a: Farigiraf|Farigiraf, L50, M|100/100\n|switch|p1b: Abomasnow|Abomasnow, L50, F|100/100\n|switch|p2a: Kingambit|Kingambit, L50, M|100/100\n|switch|p2b: Froslass|Froslass, L50, F|100/100\n|-weather|Snowscape|[from] ability: Snow Warning|[of] p1b: Abomasnow\n|turn|1\n|\n|t:|1776067181\n|detailschange|p2b: Froslass|Froslass-Mega, L50, F\n|-mega|p2b: Froslass|Froslass|Froslassite\n|detailschange|p1b: Abomasnow|Abomasnow-Mega, L50, F\n|-mega|p1b: Abomasnow|Abomasnow|Abomasite\n|move|p2b: Froslass|Aurora Veil|p2b: Froslass\n|-sidestart|p2: RBG_LOL|move: Aurora Veil\n|move|p2a: Kingambit|Kowtow Cleave|p1a: Farigiraf\n|-supereffective|p1a: Farigiraf|1\n|-damage|p1a: Farigiraf|5/100\n|move|p1b: Abomasnow|Aurora Veil|p1b: Abomasnow\n|-sidestart|p1: fatlip|move: Aurora Veil\n|move|p1a: Farigiraf|Trick Room|p1a: Farigiraf\n|-fieldstart|move: Trick Room|[of] p1a: Farigiraf\n|\n|-weather|Snowscape|[upkeep]\n|upkeep\n|turn|2\n|\n|t:|1776067211\n|move|p2a: Kingambit|Protect|p2a: Kingambit\n|-singleturn|p2a: Kingambit|Protect\n|move|p1b: Abomasnow|Earth Power|p2a: Kingambit\n|-activate|p2a: Kingambit|move: Protect\n|move|p1a: Farigiraf|Psychic Fangs|p2b: Froslass\n|-sideend|p2: RBG_LOL|move: Aurora Veil\n|-damage|p2b: Froslass|73/100\n|move|p2b: Froslass|Blizzard|p1b: Abomasnow|[spread] p1a,p1b\n|-damage|p1a: Farigiraf|0 fnt\n|-damage|p1b: Abomasnow|70/100\n|faint|p1a: Farigiraf\n|\n|-weather|Snowscape|[upkeep]\n|upkeep\n|\n|t:|1776067230\n|switch|p1a: Glaceon|Glaceon, L50, F|100/100\n|turn|3\n|\n|t:|1776067244\n|move|p2a: Kingambit|Sucker Punch|p1b: Abomasnow\n|-damage|p1b: Abomasnow|51/100\n|move|p1b: Abomasnow|Earth Power|p2a: Kingambit\n|-supereffective|p2a: Kingambit|1\n|-damage|p2a: Kingambit|34/100\n|-unboost|p2a: Kingambit|spd|1\n|-ability|p2a: Kingambit|Defiant|boost\n|-boost|p2a: Kingambit|atk|2\n|move|p1a: Glaceon|Blizzard|p2b: Froslass|[spread] p2a,p2b\n|-resisted|p2a: Kingambit|1\n|-resisted|p2b: Froslass|1\n|-damage|p2a: Kingambit|0 fnt\n|-damage|p2b: Froslass|37/100\n|faint|p2a: Kingambit\n|move|p2b: Froslass|Blizzard|p1a: Glaceon|[spread] p1a,p1b\n|-resisted|p1a: Glaceon|1\n|-damage|p1a: Glaceon|82/100\n|-damage|p1b: Abomasnow|22/100\n|\n|-weather|Snowscape|[upkeep]\n|upkeep\n|\n|t:|1776067260\n|switch|p2a: Sneasler|Sneasler, L50, M|100/100\n|turn|4\n|\n|t:|1776067285\n|move|p2a: Sneasler|Fake Out|p1b: Abomasnow\n|-damage|p1b: Abomasnow|16/100\n|cant|p1b: Abomasnow|flinch\n|move|p1a: Glaceon|Blizzard|p2b: Froslass|[spread] p2a,p2b\n|-resisted|p2b: Froslass|1\n|-damage|p2a: Sneasler|23/100\n|-damage|p2b: Froslass|1/100\n|move|p2b: Froslass|Blizzard|p1a: Glaceon|[spread] p1a,p1b\n|-resisted|p1a: Glaceon|1\n|-damage|p1a: Glaceon|64/100\n|-damage|p1b: Abomasnow|0 fnt\n|faint|p1b: Abomasnow\n|\n|-weather|Snowscape|[upkeep]\n|upkeep\n|\n|t:|1776067297\n|switch|p1b: Armarouge|Armarouge, L50, M|100/100\n|turn|5\n|\n|t:|1776067312\n|switch|p2b: Milotic|Milotic, L50, F|100/100\n|move|p2a: Sneasler|Protect|p2a: Sneasler\n|-singleturn|p2a: Sneasler|Protect\n|move|p1a: Glaceon|Blizzard|p2b: Milotic|[spread] p2b\n|-activate|p2a: Sneasler|move: Protect\n|-resisted|p2b: Milotic|1\n|-damage|p2b: Milotic|78/100\n|move|p1b: Armarouge|Expanding Force|p2a: Sneasler\n|-activate|p2a: Sneasler|move: Protect\n|\n|-weather|none\n|-heal|p2b: Milotic|83/100|[from] item: Leftovers\n|-sideend|p1: fatlip|move: Aurora Veil\n|-fieldend|move: Trick Room\n|upkeep\n|turn|6\n|\n|t:|1776067336\n|move|p2a: Sneasler|Close Combat|p1a: Glaceon\n|-supereffective|p1a: Glaceon|1\n|-damage|p1a: Glaceon|0 fnt\n|-unboost|p2a: Sneasler|def|1\n|-unboost|p2a: Sneasler|spd|1\n|faint|p1a: Glaceon\n|-enditem|p2a: Sneasler|White Herb\n|-clearnegativeboost|p2a: Sneasler|[silent]\n|move|p2b: Milotic|Scald|p1b: Armarouge\n|-supereffective|p1b: Armarouge|1\n|-damage|p1b: Armarouge|18/100\n|move|p1b: Armarouge|Energy Ball|p2b: Milotic\n|-supereffective|p2b: Milotic|1\n|-damage|p2b: Milotic|22/100\n|\n|-heal|p2b: Milotic|28/100|[from] item: Leftovers\n|upkeep\n|turn|7\n|-message|fatlip forfeited.\n|\n|win|RBG_LOL\n|raw|fatlip's rating: 1062 &rarr; <strong>1039</strong><br />(-23 for losing)\n|raw|RBG_LOL's rating: 1000 &rarr; <strong>1047</strong><br />(+47 for winning)\n|l|\u2606fatlip\n|player|p1|\n",
  "uploadtime": 1776067354,
  "views": 18,
  "formatid": "gen9championsvgc2026regma",
  "rating": 1039,
  "private": 0,
  "password": null
}