{
  "id": "gen9championsvgc2026regma-2585218973",
  "format": "[Gen 9 Champions] VGC 2026 Reg M-A",
  "players": [
    "noRNGplz",
    "D-World"
  ],
  "log": "|j|\u2606noRNGplz\n|j|\u203dD-World\n|t:|1776326381\n|gametype|doubles\n|player|p1|noRNGplz|102|1155\n|player|p2|D-World|266|1127\n|gen|9\n|tier|[Gen 9 Champions] VGC 2026 Reg M-A\n|rated|\n|rule|Species Clause: Limit one of each Pok\u00e9mon\n|rule|Item Clause: Limit 1 of each item\n|clearpoke\n|poke|p1|Delphox, L50, M|\n|poke|p1|Sneasler, L50, F|\n|poke|p1|Aegislash, L50, F|\n|poke|p1|Garchomp, L50, F|\n|poke|p1|Maushold, L50|\n|poke|p1|Blastoise, L50, M|\n|poke|p2|Chimecho, L50, M|\n|poke|p2|Aerodactyl, L50, M|\n|poke|p2|Tyranitar, L50, M|\n|poke|p2|Sinistcha, L50|\n|poke|p2|Incineroar, L50, M|\n|poke|p2|Meganium, L50, M|\n|teampreview|4\n|\n|t:|1776326423\n|teamsize|p1|4\n|teamsize|p2|4\n|start\n|switch|p1a: Sneasler|Sneasler, L50, F|100/100\n|switch|p1b: Blastoise|Blastoise, L50, M|100/100\n|switch|p2a: Aerodactyl|Aerodactyl, L50, M|100/100\n|switch|p2b: Meganium|Meganium, L50, M|100/100\n|-ability|p2a: Aerodactyl|Unnerve\n|turn|1\n|\n|t:|1776326438\n|detailschange|p2b: Meganium|Meganium-Mega, L50, M\n|-mega|p2b: Meganium|Meganium|Meganiumite\n|move|p2b: Meganium|Protect|p2b: Meganium\n|-singleturn|p2b: Meganium|Protect\n|move|p1b: Blastoise|Fake Out|p2a: Aerodactyl\n|-resisted|p2a: Aerodactyl|1\n|-damage|p2a: Aerodactyl|95/100\n|cant|p2a: Aerodactyl|flinch\n|move|p1a: Sneasler|Dire Claw|p2b: Meganium\n|-activate|p2b: Meganium|move: Protect\n|\n|upkeep\n|turn|2\n|\n|t:|1776326465\n|switch|p2b: Sinistcha|Sinistcha, L50|100/100\n|-heal|p2a: Aerodactyl|100/100|[from] ability: Hospitality|[of] p2b: Sinistcha\n|switch|p1b: Garchomp|Garchomp, L50, F|100/100\n|move|p2a: Aerodactyl|Tailwind|p2a: Aerodactyl\n|-sidestart|p2: D-World|move: Tailwind\n|move|p1a: Sneasler|Dire Claw|p2b: Sinistcha\n|-damage|p2b: Sinistcha|66/100\n|-status|p2b: Sinistcha|psn\n|\n|-heal|p2b: Sinistcha|72/100 psn|[from] item: Leftovers\n|-damage|p2b: Sinistcha|60/100 psn|[from] psn\n|upkeep\n|turn|3\n|\n|t:|1776326482\n|switch|p2b: Meganium|Meganium-Mega, L50, M|100/100\n|move|p1a: Sneasler|Protect|p1a: Sneasler\n|-singleturn|p1a: Sneasler|Protect\n|move|p2a: Aerodactyl|Dual Wingbeat|p1a: Sneasler\n|-activate|p1a: Sneasler|move: Protect\n|move|p1b: Garchomp|Rock Slide|p2a: Aerodactyl|[spread] p2a,p2b\n|-supereffective|p2a: Aerodactyl|1\n|-damage|p2a: Aerodactyl|35/100\n|-damage|p2b: Meganium|83/100\n|\n|upkeep\n|turn|4\n|\n|t:|1776326492\n|switch|p1a: Blastoise|Blastoise, L50, M|100/100\n|move|p2a: Aerodactyl|Dual Wingbeat|p1a: Blastoise\n|-damage|p1a: Blastoise|82/100\n|-damage|p1a: Blastoise|66/100\n|-hitcount|p1a: Blastoise|2\n|move|p1b: Garchomp|Rock Slide|p2b: Meganium|[spread] p2a,p2b\n|-supereffective|p2a: Aerodactyl|1\n|-damage|p2a: Aerodactyl|0 fnt\n|-damage|p2b: Meganium|65/100\n|faint|p2a: Aerodactyl\n|move|p2b: Meganium|Dazzling Gleam|p1b: Garchomp|[spread] p1a,p1b\n|-crit|p1a: Blastoise\n|-supereffective|p1b: Garchomp|1\n|-damage|p1a: Blastoise|18/100\n|-damage|p1b: Garchomp|30/100\n|\n|upkeep\n|\n|t:|1776326502\n|switch|p2a: Sinistcha|Sinistcha, L50|60/100 psn\n|-heal|p2b: Meganium|90/100|[from] ability: Hospitality|[of] p2a: Sinistcha\n|turn|5\n|\n|t:|1776326522\n|move|p1a: Blastoise|Helping Hand|p1b: Garchomp\n|-singleturn|p1b: Garchomp|Helping Hand|[of] p1a: Blastoise\n|move|p1b: Garchomp|Rock Slide|p2a: Sinistcha|[spread] p2b\n|-miss|p1b: Garchomp|p2a: Sinistcha\n|-damage|p2b: Meganium|65/100\n|move|p2b: Meganium|Dazzling Gleam|p1b: Garchomp|[spread] p1a,p1b\n|-supereffective|p1b: Garchomp|1\n|-damage|p1a: Blastoise|0 fnt\n|-damage|p1b: Garchomp|0 fnt\n|faint|p1a: Blastoise\n|faint|p1b: Garchomp\n|move|p2a: Sinistcha|Trick Room|p2a: Sinistcha\n|-fieldstart|move: Trick Room|[of] p2a: Sinistcha\n|\n|-heal|p2a: Sinistcha|66/100 psn|[from] item: Leftovers\n|-damage|p2a: Sinistcha|54/100 psn|[from] psn\n|-sideend|p2: D-World|move: Tailwind\n|upkeep\n|\n|t:|1776326527\n|switch|p1a: Sneasler|Sneasler, L50, F|100/100\n|switch|p1b: Delphox|Delphox, L50, M|100/100\n|turn|6\n|\n|t:|1776326545\n|detailschange|p1b: Delphox|Delphox-Mega, L50, M\n|-mega|p1b: Delphox|Delphox|Delphoxite\n|move|p1a: Sneasler|Fake Out|p2b: Meganium\n|-damage|p2b: Meganium|53/100\n|move|p2a: Sinistcha|Life Dew|p2a: Sinistcha|[spread] p2a,p2b\n|-heal|p2a: Sinistcha|79/100 psn\n|-heal|p2b: Meganium|78/100\n|cant|p2b: Meganium|flinch\n|move|p1b: Delphox|Heat Wave|p2a: Sinistcha|[spread] p2a,p2b\n|-supereffective|p2a: Sinistcha|1\n|-supereffective|p2b: Meganium|1\n|-damage|p2a: Sinistcha|0 fnt\n|-damage|p2b: Meganium|4/100\n|faint|p2a: Sinistcha\n|\n|upkeep\n|\n|t:|1776326551\n|switch|p2a: Tyranitar|Tyranitar, L50, M|100/100\n|-weather|Sandstorm|[from] ability: Sand Stream|[of] p2a: Tyranitar\n|turn|7\n|\n|t:|1776326573\n|move|p1a: Sneasler|Protect|p1a: Sneasler\n|-singleturn|p1a: Sneasler|Protect\n|move|p1b: Delphox|Protect|p1b: Delphox\n|-singleturn|p1b: Delphox|Protect\n|move|p2a: Tyranitar|Rock Slide|p1a: Sneasler|[spread] \n|-activate|p1a: Sneasler|move: Protect\n|-activate|p1b: Delphox|move: Protect\n|move|p2b: Meganium|Weather Ball|p1a: Sneasler\n|-activate|p1a: Sneasler|move: Protect\n|\n|-weather|Sandstorm|[upkeep]\n|-damage|p2b: Meganium|0 fnt|[from] Sandstorm\n|-damage|p1a: Sneasler|95/100|[from] Sandstorm\n|-damage|p1b: Delphox|95/100|[from] Sandstorm\n|faint|p2b: Meganium\n|upkeep\n|turn|8\n|\n|t:|1776326585\n|move|p2a: Tyranitar|Rock Slide|p1b: Delphox|[spread] p1a,p1b\n|-resisted|p1a: Sneasler|1\n|-supereffective|p1b: Delphox|1\n|-crit|p1b: Delphox\n|-damage|p1a: Sneasler|66/100\n|-damage|p1b: Delphox|0 fnt\n|faint|p1b: Delphox\n|move|p1a: Sneasler|Close Combat|p2a: Tyranitar\n|-supereffective|p2a: Tyranitar|2\n|-enditem|p2a: Tyranitar|Chople Berry|[eat]\n|-enditem|p2a: Tyranitar|Chople Berry|[weaken]\n|-damage|p2a: Tyranitar|1/100\n|-unboost|p1a: Sneasler|def|1\n|-unboost|p1a: Sneasler|spd|1\n|-enditem|p1a: Sneasler|White Herb\n|-clearnegativeboost|p1a: Sneasler|[silent]\n|\n|-weather|Sandstorm|[upkeep]\n|-damage|p1a: Sneasler|60/100|[from] Sandstorm\n|upkeep\n|turn|9\n|\n|t:|1776326595\n|move|p1a: Sneasler|Protect|p1a: Sneasler\n|-singleturn|p1a: Sneasler|Protect\n|move|p2a: Tyranitar|Rock Slide|p1a: Sneasler\n|-activate|p1a: Sneasler|move: Protect\n|\n|-weather|Sandstorm|[upkeep]\n|-damage|p1a: Sneasler|55/100|[from] Sandstorm\n|-fieldend|move: Trick Room\n|upkeep\n|turn|10\n|-message|D-World forfeited.\n|\n|win|noRNGplz\n|raw|noRNGplz's rating: 1155 &rarr; <strong>1178</strong><br />(+23 for winning)\n|raw|D-World's rating: 1127 &rarr; <strong>1104</strong><br />(-23 for losing)\n|l|\u203dD-World\n|player|p2|\n",
  "uploadtime": 1776326601,
  "views": 37,
  "formatid": "gen9championsvgc2026regma",
  "rating": 1104,
  "private": 0,
  "password": null
}