{
  "id": "gen9championsvgc2026regma-2586824629",
  "format": "[Gen 9 Champions] VGC 2026 Reg M-A",
  "players": [
    "SKTMarimo",
    "outofthebox215"
  ],
  "log": "|j|\u2606SKTMarimo\n|j|\u2606outofthebox215\n|t:|1776462971\n|gametype|doubles\n|player|p1|SKTMarimo|riley|1183\n|player|p2|outofthebox215|265|1146\n|gen|9\n|tier|[Gen 9 Champions] VGC 2026 Reg M-A\n|rated|\n|rule|Species Clause: Limit one of each Pok\u00e9mon\n|rule|Item Clause: Limit 1 of each item\n|clearpoke\n|poke|p1|Excadrill, L50, M|\n|poke|p1|Aerodactyl, L50, M|\n|poke|p1|Meganium, L50, F|\n|poke|p1|Incineroar, L50, F|\n|poke|p1|Weavile, L50, M|\n|poke|p1|Dragonite, L50, M|\n|poke|p2|Aggron, L50, F|\n|poke|p2|Ninetales-Alola, L50, M|\n|poke|p2|Oranguru, L50, M|\n|poke|p2|Gyarados, L50, M|\n|poke|p2|Sinistcha, L50|\n|poke|p2|Snorlax, L50, M|\n|teampreview|4\n|\n|t:|1776463012\n|teamsize|p1|4\n|teamsize|p2|4\n|start\n|switch|p1a: Excadrill|Excadrill, L50, M|100/100\n|switch|p1b: Aerodactyl|Aerodactyl, L50, M|100/100\n|switch|p2a: Snorlax|Snorlax, L50, M, shiny|100/100\n|switch|p2b: Oranguru|Oranguru, L50, M, shiny|100/100\n|-ability|p1b: Aerodactyl|Unnerve\n|-ability|p1a: Excadrill|Mold Breaker\n|turn|1\n|inactive|Battle timer is ON: inactive players will automatically lose when time's up. (requested by outofthebox215)\n|inactive|SKTMarimo has 60 seconds left.\n|\n|t:|1776463051\n|detailschange|p1a: Excadrill|Excadrill-Mega, L50, M\n|-mega|p1a: Excadrill|Excadrill|Excadrite\n|move|p1b: Aerodactyl|Rock Slide|p2b: Oranguru|[spread] p2a,p2b\n|-damage|p2a: Snorlax|81/100\n|-damage|p2b: Oranguru|80/100\n|move|p1a: Excadrill|Rock Slide|p2a: Snorlax|[spread] p2a,p2b\n|-damage|p2a: Snorlax|65/100\n|-damage|p2b: Oranguru|59/100\n|move|p2a: Snorlax|Belly Drum|p2a: Snorlax\n|-damage|p2a: Snorlax|15/100\n|-setboost|p2a: Snorlax|atk|6|[from] move: Belly Drum\n|move|p2b: Oranguru|Trick Room|p2b: Oranguru\n|-fieldstart|move: Trick Room|[of] p2b: Oranguru\n|\n|upkeep\n|turn|2\n|inactive|SKTMarimo has 30 seconds left.\n|inactive|outofthebox215 has 30 seconds left.\n|inactive|SKTMarimo has 20 seconds left.\n|inactive|outofthebox215 has 20 seconds left.\n|inactive|SKTMarimo has 15 seconds left.\n|inactive|SKTMarimo has 10 seconds left.\n|\n|t:|1776463100\n|switch|p2b: Gyarados|Gyarados, L50, M, shiny|100/100\n|-ability|p2b: Gyarados|Intimidate|boost\n|-unboost|p1a: Excadrill|atk|1\n|-unboost|p1b: Aerodactyl|atk|1\n|move|p2a: Snorlax|Protect|p2a: Snorlax\n|-singleturn|p2a: Snorlax|Protect\n|move|p1b: Aerodactyl|Protect|p1b: Aerodactyl\n|-singleturn|p1b: Aerodactyl|Protect\n|move|p1a: Excadrill|Rock Slide|p2b: Gyarados|[spread] p2b\n|-activate|p2a: Snorlax|move: Protect\n|-supereffective|p2b: Gyarados|1\n|-damage|p2b: Gyarados|75/100\n|\n|upkeep\n|turn|3\n|inactive|SKTMarimo has 30 seconds left.\n|\n|t:|1776463128\n|move|p2a: Snorlax|High Horsepower|p1a: Excadrill\n|-supereffective|p1a: Excadrill|1\n|-damage|p1a: Excadrill|0 fnt\n|faint|p1a: Excadrill\n|move|p2b: Gyarados|Waterfall|p1b: Aerodactyl\n|-supereffective|p1b: Aerodactyl|1\n|-enditem|p1b: Aerodactyl|Focus Sash\n|-damage|p1b: Aerodactyl|1/100\n|cant|p1b: Aerodactyl|flinch\n|\n|upkeep\n|\n|t:|1776463148\n|switch|p1a: Weavile|Weavile, L50, M|100/100\n|-ability|p1a: Weavile|Pressure\n|turn|4\n|inactive|SKTMarimo has 30 seconds left.\n|inactive|SKTMarimo has 20 seconds left.\n|\n|t:|1776463186\n|move|p1a: Weavile|Fake Out|p2b: Gyarados\n|-crit|p2b: Gyarados\n|-damage|p2b: Gyarados|58/100\n|move|p2a: Snorlax|Body Slam|p1a: Weavile\n|-damage|p1a: Weavile|0 fnt\n|faint|p1a: Weavile\n|cant|p2b: Gyarados|flinch\n|move|p1b: Aerodactyl|Tailwind|p1b: Aerodactyl\n|-sidestart|p1: SKTMarimo|move: Tailwind\n|\n|upkeep\n|\n|t:|1776463195\n|switch|p1a: Incineroar|Incineroar, L50, F, shiny|100/100\n|-ability|p1a: Incineroar|Intimidate|boost\n|-unboost|p2a: Snorlax|atk|1\n|-unboost|p2b: Gyarados|atk|1\n|turn|5\n|\n|t:|1776463215\n|switch|p2b: Oranguru|Oranguru, L50, M, shiny|59/100\n|move|p2a: Snorlax|Protect|p2a: Snorlax\n|-singleturn|p2a: Snorlax|Protect\n|move|p1a: Incineroar|Fake Out|p2a: Snorlax\n|-activate|p2a: Snorlax|move: Protect\n|move|p1b: Aerodactyl|Rock Slide|p2b: Oranguru|[spread] p2b\n|-activate|p2a: Snorlax|move: Protect\n|-damage|p2b: Oranguru|46/100\n|\n|-fieldend|move: Trick Room\n|upkeep\n|turn|6\n|inactive|SKTMarimo has 30 seconds left.\n|\n|t:|1776463244\n|switch|p2b: Gyarados|Gyarados, L50, M, shiny|58/100\n|-ability|p2b: Gyarados|Intimidate|boost\n|-unboost|p1a: Incineroar|atk|1\n|-unboost|p1b: Aerodactyl|atk|1\n|move|p1b: Aerodactyl|Dual Wingbeat|p2a: Snorlax\n|-damage|p2a: Snorlax|8/100\n|-damage|p2a: Snorlax|1/100\n|-hitcount|p2a: Snorlax|2\n|move|p1a: Incineroar|Flare Blitz|p2b: Gyarados\n|-resisted|p2b: Gyarados|1\n|-damage|p2b: Gyarados|44/100\n|-damage|p1a: Incineroar|96/100|[from] Recoil\n|move|p2a: Snorlax|High Horsepower|p1a: Incineroar\n|-supereffective|p1a: Incineroar|1\n|-damage|p1a: Incineroar|0 fnt\n|faint|p1a: Incineroar\n|\n|upkeep\n|turn|7\n|-message|SKTMarimo forfeited.\n|\n|win|outofthebox215\n|raw|SKTMarimo's rating: 1183 &rarr; <strong>1155</strong><br />(-28 for losing)\n|raw|outofthebox215's rating: 1146 &rarr; <strong>1174</strong><br />(+28 for winning)\n|l|\u2606SKTMarimo\n|player|p1|\n",
  "uploadtime": 1776463262,
  "views": 32,
  "formatid": "gen9championsvgc2026regma",
  "rating": 1155,
  "private": 0,
  "password": null
}