{
  "id": "gen9championsvgc2026regma-2588765127",
  "format": "[Gen 9 Champions] VGC 2026 Reg M-A",
  "players": [
    "tubbatub",
    "C3z_Toxic"
  ],
  "log": "|j|\u203dtubbatub\n|j|\u2606C3z_Toxic\n|t:|1776667863\n|gametype|doubles\n|player|p1|tubbatub|fantina|1094\n|player|p2|C3z_Toxic|galacticgrunt|1002\n|gen|9\n|tier|[Gen 9 Champions] VGC 2026 Reg M-A\n|rated|\n|rule|Species Clause: Limit one of each Pok\u00e9mon\n|rule|Item Clause: Limit 1 of each item\n|clearpoke\n|poke|p1|Scovillain, L50, M|\n|poke|p1|Conkeldurr, L50, F|\n|poke|p1|Sinistcha, L50|\n|poke|p1|Dragapult, L50, M|\n|poke|p1|Armarouge, L50, M|\n|poke|p1|Aerodactyl, L50, M|\n|poke|p2|Sneasler, L50, M|\n|poke|p2|Hydreigon, L50, F|\n|poke|p2|Heliolisk, L50, F|\n|poke|p2|Arcanine-Hisui, L50, M|\n|poke|p2|Greninja, L50, F|\n|poke|p2|Scizor, L50, M|\n|teampreview|4\n|inactive|Battle timer is ON: inactive players will automatically lose when time's up. (requested by tubbatub)\nC3z_Toxic has agreed to open team sheets.\n|inactive|C3z_Toxic has 60 seconds left.\n|inactive|C3z_Toxic has 30 seconds left.\n|\n|t:|1776667927\n|teamsize|p1|4\n|teamsize|p2|4\n|start\n|switch|p1a: Scovillain|Scovillain, L50, M|100/100\n|switch|p1b: Conkeldurr|Conkeldurr, L50, F|100/100\n|switch|p2a: Scizor|Scizor, L50, M|100/100\n|switch|p2b: Heliolisk|Heliolisk, L50, F|100/100\n|turn|1\n|\n|t:|1776667943\n|detailschange|p2a: Scizor|Scizor-Mega, L50, M\n|-mega|p2a: Scizor|Scizor|Scizorite\n|move|p1a: Scovillain|Protect|p1a: Scovillain\n|-singleturn|p1a: Scovillain|Protect\n|move|p2b: Heliolisk|Shed Tail|p2b: Heliolisk\n|-start|p2b: Heliolisk|Substitute|[from] move: Shed Tail\n|-damage|p2b: Heliolisk|50/100\n|\n|t:|1776667949\n|switch|p2b: Arcanine|Arcanine-Hisui, L50, M|100/100|[from] Shed Tail\n|-ability|p2b: Arcanine|Intimidate|boost\n|-unboost|p1a: Scovillain|atk|1\n|-unboost|p1b: Conkeldurr|atk|1\n|move|p2a: Scizor|Tailwind|p2a: Scizor\n|-sidestart|p2: C3z_Toxic|move: Tailwind\n|move|p1b: Conkeldurr|Drain Punch|p2b: Arcanine\n|-supereffective|p2b: Arcanine|1\n|-end|p2b: Arcanine|Substitute\n|\n|-ability|p1a: Scovillain|Moody|boost\n|-boost|p1a: Scovillain|spa|2\n|-unboost|p1a: Scovillain|spe|1\n|upkeep\n|turn|2\n|inactive|tubbatub has 30 seconds left.\n|\n|t:|1776667975\n|detailschange|p1a: Scovillain|Scovillain-Mega, L50, M\n|-mega|p1a: Scovillain|Scovillain|Scovillainite\n|move|p2b: Arcanine|Rock Slide|p1b: Conkeldurr|[spread] p1a,p1b\n|-supereffective|p1a: Scovillain|1\n|-resisted|p1b: Conkeldurr|1\n|-damage|p1a: Scovillain|54/100\n|-damage|p1b: Conkeldurr|88/100\n|-immune|p2b: Arcanine\n|move|p2a: Scizor|Dual Wingbeat|p1b: Conkeldurr\n|-supereffective|p1b: Conkeldurr|1\n|-damage|p1b: Conkeldurr|54/100\n|-supereffective|p1b: Conkeldurr|1\n|-damage|p1b: Conkeldurr|18/100\n|-hitcount|p1b: Conkeldurr|2\n|move|p1b: Conkeldurr|Drain Punch|p2b: Arcanine\n|-supereffective|p2b: Arcanine|1\n|-enditem|p2b: Arcanine|Chople Berry|[eat]\n|-enditem|p2b: Arcanine|Chople Berry|[weaken]\n|-damage|p2b: Arcanine|69/100\n|-heal|p1b: Conkeldurr|33/100|[from] drain|[of] p2b: Arcanine\n|move|p1a: Scovillain|Leech Seed|p2a: Scizor\n|-start|p2a: Scizor|move: Leech Seed\n|\n|-heal|p1b: Conkeldurr|39/100|[from] item: Leftovers\n|-damage|p2a: Scizor|88/100|[from] Leech Seed|[of] p1a: Scovillain\n|-heal|p1a: Scovillain|67/100|[silent]\n|upkeep\n|turn|3\n|inactive|tubbatub has 30 seconds left.\n|\n|t:|1776668007\n|switch|p2a: Heliolisk|Heliolisk, L50, F|50/100\n|move|p1a: Scovillain|Protect|p1a: Scovillain\n|-singleturn|p1a: Scovillain|Protect\n|move|p1b: Conkeldurr|Mach Punch|p2b: Arcanine\n|-supereffective|p2b: Arcanine|1\n|-damage|p2b: Arcanine|35/100\n|move|p2b: Arcanine|Rock Slide|p1a: Scovillain|[spread] p1b\n|-activate|p1a: Scovillain|move: Protect\n|-resisted|p1b: Conkeldurr|1\n|-damage|p1b: Conkeldurr|29/100\n|\n|-heal|p1b: Conkeldurr|35/100|[from] item: Leftovers\n|upkeep\n|turn|4\n|inactive|C3z_Toxic has 30 seconds left.\n|\n|t:|1776668038\n|move|p2b: Arcanine|Extreme Speed|p1b: Conkeldurr\n|-damage|p1b: Conkeldurr|15/100\n|move|p1b: Conkeldurr|Mach Punch|p2a: Heliolisk\n|-supereffective|p2a: Heliolisk|1\n|-damage|p2a: Heliolisk|0 fnt\n|faint|p2a: Heliolisk\n|move|p1a: Scovillain|Leech Seed|p2b: Arcanine\n|-start|p2b: Arcanine|move: Leech Seed\n|\n|-heal|p1b: Conkeldurr|21/100|[from] item: Leftovers\n|-damage|p2b: Arcanine|23/100|[from] Leech Seed|[of] p1a: Scovillain\n|-heal|p1a: Scovillain|82/100|[silent]\n|-sideend|p2: C3z_Toxic|move: Tailwind\n|upkeep\n|\n|t:|1776668051\n|switch|p2a: Scizor|Scizor-Mega, L50, M|88/100\n|turn|5\n|\n|t:|1776668070\n|move|p2b: Arcanine|Protect|p2b: Arcanine\n|-singleturn|p2b: Arcanine|Protect\n|move|p1b: Conkeldurr|Detect|p1b: Conkeldurr\n|-singleturn|p1b: Conkeldurr|Protect\n|move|p2a: Scizor|Tailwind|p2a: Scizor\n|-sidestart|p2: C3z_Toxic|move: Tailwind\n|move|p1a: Scovillain|Flamethrower|p2a: Scizor\n|-supereffective|p2a: Scizor|2\n|-damage|p2a: Scizor|0 fnt\n|faint|p2a: Scizor\n|\n|-heal|p1b: Conkeldurr|27/100|[from] item: Leftovers\n|-damage|p2b: Arcanine|10/100|[from] Leech Seed|[of] p1a: Scovillain\n|-heal|p1a: Scovillain|97/100|[silent]\n|upkeep\n|-message|C3z_Toxic forfeited.\n|\n|win|tubbatub\n|raw|tubbatub's rating: 1094 &rarr; <strong>1113</strong><br />(+19 for winning)\n|raw|C3z_Toxic's rating: 1002 &rarr; <strong>1000</strong><br />(-2 for losing)\n|l|\u2606C3z_Toxic\n|player|p2|\n",
  "uploadtime": 1776668083,
  "views": 10,
  "formatid": "gen9championsvgc2026regma",
  "rating": 1000,
  "private": 0,
  "password": null
}