{
  "id": "gen9championsvgc2026regma-2584034690",
  "format": "[Gen 9 Champions] VGC 2026 Reg M-A",
  "players": [
    "pee1",
    "siunhanech"
  ],
  "log": "|j|\u2606pee1\n|j|\u2606siunhanech\n|t:|1776218739\n|gametype|doubles\n|player|p1|pee1|1|1403\n|player|p2|siunhanech|cynthia-gen4|1328\n|gen|9\n|tier|[Gen 9 Champions] VGC 2026 Reg M-A\n|rated|\n|rule|Species Clause: Limit one of each Pok\u00e9mon\n|rule|Item Clause: Limit 1 of each item\n|clearpoke\n|poke|p1|Gengar, L50, M|\n|poke|p1|Sneasler, L50, F|\n|poke|p1|Garchomp, L50, M|\n|poke|p1|Milotic, L50, F|\n|poke|p1|Corviknight, L50, F|\n|poke|p1|Incineroar, L50, F|\n|poke|p2|Blastoise, L50, F|\n|poke|p2|Sableye, L50, F|\n|poke|p2|Basculegion, L50, M|\n|poke|p2|Sneasler, L50, M|\n|poke|p2|Sinistcha, L50|\n|poke|p2|Rotom-Wash, L50|\n|teampreview|4\n|inactive|Battle timer is ON: inactive players will automatically lose when time's up. (requested by siunhanech)\n|j| Kuroitenshi17\n|\n|t:|1776218767\n|teamsize|p1|4\n|teamsize|p2|4\n|start\n|switch|p1a: Sneasler|Sneasler, L50, F|100/100\n|switch|p1b: Milotic|Milotic, L50, F|100/100\n|switch|p2a: C\u00e1 ch\u00e9p r\u00e1n|Basculegion, L50, M, shiny|100/100\n|switch|p2b: Sinh vi\u00ean|Sableye, L50, F|100/100\n|turn|1\n|\n|t:|1776218782\n|move|p1a: Sneasler|Protect|p1a: Sneasler\n|-singleturn|p1a: Sneasler|Protect\n|move|p2b: Sinh vi\u00ean|Fake Out|p1b: Milotic\n|-damage|p1b: Milotic|94/100\n|move|p2a: C\u00e1 ch\u00e9p r\u00e1n|Wave Crash|p1a: Sneasler\n|-activate|p1a: Sneasler|move: Protect\n|cant|p1b: Milotic|flinch\n|\n|-heal|p1b: Milotic|99/100|[from] item: Leftovers\n|upkeep\n|turn|2\n|inactive|siunhanech has 30 seconds left.\n|\n|t:|1776218810\n|switch|p2a: B\u1eafn t\u00f9m lum|Blastoise, L50, F|100/100\n|move|p2b: Sinh vi\u00ean|Encore|p1a: Sneasler\n|-start|p1a: Sneasler|Encore\n|move|p1a: Sneasler|Protect||[still]\n|-fail|p1a: Sneasler\n|move|p1b: Milotic|Coil|p1b: Milotic\n|-boost|p1b: Milotic|atk|1\n|-boost|p1b: Milotic|def|1\n|-boost|p1b: Milotic|accuracy|1\n|\n|-heal|p1b: Milotic|100/100|[from] item: Leftovers\n|upkeep\n|turn|3\n|inactive|pee1 has 30 seconds left.\n|inactive|pee1 has 20 seconds left.\n|\n|t:|1776218848\n|switch|p1a: Gengar|Gengar, L50, M, shiny|100/100\n|detailschange|p2a: B\u1eafn t\u00f9m lum|Blastoise-Mega, L50, F\n|-mega|p2a: B\u1eafn t\u00f9m lum|Blastoise|Blastoisinite\n|move|p2b: Sinh vi\u00ean|Encore|p1b: Milotic\n|-start|p1b: Milotic|Encore\n|move|p1b: Milotic|Coil|p1b: Milotic\n|-boost|p1b: Milotic|atk|1\n|-boost|p1b: Milotic|def|1\n|-boost|p1b: Milotic|accuracy|1\n|move|p2a: B\u1eafn t\u00f9m lum|Shell Smash|p2a: B\u1eafn t\u00f9m lum\n|-unboost|p2a: B\u1eafn t\u00f9m lum|def|1\n|-unboost|p2a: B\u1eafn t\u00f9m lum|spd|1\n|-boost|p2a: B\u1eafn t\u00f9m lum|atk|2\n|-boost|p2a: B\u1eafn t\u00f9m lum|spa|2\n|-boost|p2a: B\u1eafn t\u00f9m lum|spe|2\n|\n|upkeep\n|turn|4\n|\n|t:|1776218865\n|detailschange|p1a: Gengar|Gengar-Mega, L50, M, shiny\n|-mega|p1a: Gengar|Gengar|Gengarite\n|move|p1a: Gengar|Protect|p1a: Gengar\n|-singleturn|p1a: Gengar|Protect\n|move|p2b: Sinh vi\u00ean|Rain Dance|p2b: Sinh vi\u00ean\n|-weather|RainDance\n|move|p2a: B\u1eafn t\u00f9m lum|Water Spout|p1b: Milotic|[spread] p1b\n|-activate|p1a: Gengar|move: Protect\n|-resisted|p1b: Milotic|1\n|-damage|p1b: Milotic|28/100\n|move|p1b: Milotic|Coil|p1b: Milotic\n|-boost|p1b: Milotic|atk|1\n|-boost|p1b: Milotic|def|1\n|-boost|p1b: Milotic|accuracy|1\n|\n|-weather|RainDance|[upkeep]\n|-heal|p1b: Milotic|34/100|[from] item: Leftovers\n|upkeep\n|turn|5\n|\n|t:|1776218882\n|switch|p1a: Garchomp|Garchomp, L50, M|100/100\n|switch|p1b: Sneasler|Sneasler, L50, F|100/100\n|move|p2b: Sinh vi\u00ean|Encore||[still]\n|-fail|p2b: Sinh vi\u00ean\n|move|p2a: B\u1eafn t\u00f9m lum|Water Spout|p1a: Garchomp|[spread] p1a,p1b\n|-damage|p1a: Garchomp|0 fnt\n|-enditem|p1b: Sneasler|Focus Sash\n|-damage|p1b: Sneasler|1/100\n|faint|p1a: Garchomp\n|\n|-weather|RainDance|[upkeep]\n|upkeep\n|\n|t:|1776218885\n|switch|p1a: Gengar|Gengar-Mega, L50, M, shiny|100/100\n|turn|6\n|inactive|siunhanech has 30 seconds left.\n|\n|t:|1776218912\n|move|p2b: Sinh vi\u00ean|Disable||[still]\n|-fail|p2b: Sinh vi\u00ean\n|move|p1b: Sneasler|Close Combat|p2a: B\u1eafn t\u00f9m lum\n|-damage|p2a: B\u1eafn t\u00f9m lum|23/100\n|-unboost|p1b: Sneasler|def|1\n|-unboost|p1b: Sneasler|spd|1\n|move|p1a: Gengar|Shadow Ball|p2b: Sinh vi\u00ean\n|-damage|p2b: Sinh vi\u00ean|24/100\n|move|p2a: B\u1eafn t\u00f9m lum|Water Spout|p1a: Gengar|[spread] p1a,p1b\n|-damage|p1a: Gengar|35/100\n|-damage|p1b: Sneasler|0 fnt\n|faint|p1b: Sneasler\n|\n|-weather|RainDance|[upkeep]\n|upkeep\n|\n|t:|1776218920\n|switch|p1b: Milotic|Milotic, L50, F|34/100\n|turn|7\n|\n|t:|1776218929\n|move|p1a: Gengar|Protect|p1a: Gengar\n|-singleturn|p1a: Gengar|Protect\n|move|p2b: Sinh vi\u00ean|Disable|p1a: Gengar\n|-activate|p1a: Gengar|move: Protect\n|move|p2a: B\u1eafn t\u00f9m lum|Water Spout|p1a: Gengar|[spread] p1b\n|-activate|p1a: Gengar|move: Protect\n|-resisted|p1b: Milotic|1\n|-damage|p1b: Milotic|17/100\n|move|p1b: Milotic|Muddy Water|p2b: Sinh vi\u00ean|[spread] p2a\n|-miss|p1b: Milotic|p2b: Sinh vi\u00ean\n|-resisted|p2a: B\u1eafn t\u00f9m lum|1\n|-damage|p2a: B\u1eafn t\u00f9m lum|0 fnt\n|faint|p2a: B\u1eafn t\u00f9m lum\n|\n|-weather|RainDance|[upkeep]\n|-heal|p1b: Milotic|23/100|[from] item: Leftovers\n|upkeep\n|\n|t:|1776218934\n|switch|p2a: C\u00e1 ch\u00e9p r\u00e1n|Basculegion, L50, M, shiny|100/100\n|turn|8\n|\n|t:|1776218954\n|move|p1a: Gengar|Protect||[still]\n|-fail|p1a: Gengar\n|move|p2b: Sinh vi\u00ean|Encore|p1b: Milotic\n|-start|p1b: Milotic|Encore\n|move|p2a: C\u00e1 ch\u00e9p r\u00e1n|Last Respects|p1a: Gengar\n|-supereffective|p1a: Gengar|1\n|-damage|p1a: Gengar|0 fnt\n|faint|p1a: Gengar\n|move|p1b: Milotic|Muddy Water|p2b: Sinh vi\u00ean|[spread] p2a,p2b\n|-resisted|p2a: C\u00e1 ch\u00e9p r\u00e1n|1\n|-damage|p2a: C\u00e1 ch\u00e9p r\u00e1n|78/100\n|-damage|p2b: Sinh vi\u00ean|0 fnt\n|-unboost|p2a: C\u00e1 ch\u00e9p r\u00e1n|accuracy|1\n|faint|p2b: Sinh vi\u00ean\n|\n|-weather|none\n|-heal|p1b: Milotic|29/100|[from] item: Leftovers\n|upkeep\n|\n|t:|1776218964\n|switch|p2b: Tr\u00e0 t\u1eeb tay|Sinistcha, L50|100/100\n|-heal|p2a: C\u00e1 ch\u00e9p r\u00e1n|100/100|[from] ability: Hospitality|[of] p2b: Tr\u00e0 t\u1eeb tay\n|turn|9\n|\n|t:|1776218966\n|move|p2a: C\u00e1 ch\u00e9p r\u00e1n|Last Respects|p1b: Milotic\n|-damage|p1b: Milotic|0 fnt\n|faint|p1b: Milotic\n|\n|win|siunhanech\n|raw|pee1's rating: 1403 &rarr; <strong>1379</strong><br />(-24 for losing)\n|raw|siunhanech's rating: 1328 &rarr; <strong>1352</strong><br />(+24 for winning)\n",
  "uploadtime": 1776218968,
  "views": 27,
  "formatid": "gen9championsvgc2026regma",
  "rating": 1352,
  "private": 0,
  "password": null
}