{
  "id": "gen9championsvgc2026regma-2581152351",
  "format": "[Gen 9 Champions] VGC 2026 Reg M-A",
  "players": [
    "Sklapr",
    "noobtoilet1020"
  ],
  "log": "|j|\u2606Sklapr\n|j|\u2606noobtoilet1020\n|t:|1775964928\n|gametype|doubles\n|player|p1|Sklapr|265|1110\n|player|p2|noobtoilet1020|barry|1072\n|gen|9\n|tier|[Gen 9 Champions] VGC 2026 Reg M-A\n|rated|\n|rule|Species Clause: Limit one of each Pok\u00e9mon\n|rule|Item Clause: Limit 1 of each item\n|clearpoke\n|poke|p1|Whimsicott, L50, F|\n|poke|p1|Volcarona, L50, F|\n|poke|p1|Charizard, L50, F|\n|poke|p1|Garchomp, L50, F|\n|poke|p1|Gengar, L50, M|\n|poke|p1|Hydreigon, L50, M|\n|poke|p2|Vaporeon, L50, F|\n|poke|p2|Jolteon, L50, M|\n|poke|p2|Flareon, L50, F|\n|poke|p2|Espeon, L50, F|\n|poke|p2|Umbreon, L50, M|\n|poke|p2|Sylveon, L50, M|\n|teampreview|4\n|\n|t:|1775964949\n|teamsize|p1|4\n|teamsize|p2|4\n|start\n|switch|p1a: Garchomp|Garchomp, L50, F, shiny|100/100\n|switch|p1b: Gengar|Gengar, L50, M, shiny|100/100\n|switch|p2a: Jolteon|Jolteon, L50, M|100/100\n|switch|p2b: Sylveon|Sylveon, L50, M|100/100\n|turn|1\n|\n|t:|1775964974\n|detailschange|p1b: Gengar|Gengar-Mega, L50, M, shiny\n|-mega|p1b: Gengar|Gengar|Gengarite\n|move|p1a: Garchomp|Protect|p1a: Garchomp\n|-singleturn|p1a: Garchomp|Protect\n|move|p2a: Jolteon|Thunderbolt|p1b: Gengar\n|-damage|p1b: Gengar|44/100\n|move|p1b: Gengar|Perish Song|p1b: Gengar\n|-start|p1a: Garchomp|perish3|[silent]\n|-start|p1b: Gengar|perish3|[silent]\n|-start|p2a: Jolteon|perish3|[silent]\n|-start|p2b: Sylveon|perish3|[silent]\n|-fieldactivate|move: Perish Song\n|move|p2b: Sylveon|Hyper Voice|p1b: Gengar|[spread] p1b\n|-activate|p1a: Garchomp|move: Protect\n|-resisted|p1b: Gengar|1\n|-damage|p1b: Gengar|16/100\n|\n|-start|p2a: Jolteon|perish3\n|-start|p1b: Gengar|perish3\n|-start|p1a: Garchomp|perish3\n|-start|p2b: Sylveon|perish3\n|upkeep\n|turn|2\n|\n|t:|1775964996\n|move|p1b: Gengar|Protect|p1b: Gengar\n|-singleturn|p1b: Gengar|Protect\n|move|p2a: Jolteon|Fake Tears|p1a: Garchomp\n|-unboost|p1a: Garchomp|spd|2\n|move|p1a: Garchomp|Earthquake|p2a: Jolteon|[spread] p2a,p2b\n|-activate|p1b: Gengar|move: Protect\n|-supereffective|p2a: Jolteon|1\n|-crit|p2a: Jolteon\n|-enditem|p2a: Jolteon|Focus Sash\n|-damage|p2a: Jolteon|1/100\n|-damage|p2b: Sylveon|62/100\n|move|p2b: Sylveon|Hyper Voice|p1a: Garchomp|[spread] p1a\n|-activate|p1b: Gengar|move: Protect\n|-supereffective|p1a: Garchomp|1\n|-damage|p1a: Garchomp|0 fnt\n|faint|p1a: Garchomp\n|\n|-start|p2a: Jolteon|perish2\n|-start|p1b: Gengar|perish2\n|-start|p2b: Sylveon|perish2\n|upkeep\n|\n|t:|1775965018\n|switch|p1a: Volcarona|Volcarona, L50, F, shiny|100/100\n|turn|3\n|\n|t:|1775965029\n|move|p1a: Volcarona|Rage Powder|p1a: Volcarona\n|-singleturn|p1a: Volcarona|move: Rage Powder\n|move|p2a: Jolteon|Thunderbolt|p1a: Volcarona\n|-damage|p1a: Volcarona|63/100\n|move|p1b: Gengar|Sludge Bomb|p2b: Sylveon\n|-supereffective|p2b: Sylveon|1\n|-damage|p2b: Sylveon|0 fnt\n|faint|p2b: Sylveon\n|\n|-start|p2a: Jolteon|perish1\n|-start|p1b: Gengar|perish1\n|upkeep\n|\n|t:|1775965038\n|switch|p2b: Flareon|Flareon, L50, F|100/100\n|turn|4\n|\n|t:|1775965054\n|switch|p1b: Whimsicott|Whimsicott, L50, F, shiny|100/100\n|move|p2a: Jolteon|Thunderbolt|p1b: Whimsicott\n|-resisted|p1b: Whimsicott|1\n|-damage|p1b: Whimsicott|69/100\n|move|p1a: Volcarona|Struggle Bug|p2b: Flareon|[spread] p2a,p2b\n|-resisted|p2b: Flareon|1\n|-damage|p2a: Jolteon|0 fnt\n|-damage|p2b: Flareon|93/100\n|-unboost|p2b: Flareon|spa|1\n|faint|p2a: Jolteon\n|move|p2b: Flareon|Flare Blitz|p1a: Volcarona\n|-damage|p1a: Volcarona|3/100\n|-enditem|p1a: Volcarona|Sitrus Berry|[eat]\n|-heal|p1a: Volcarona|28/100|[from] item: Sitrus Berry\n|-damage|p2b: Flareon|71/100|[from] Recoil\n|\n|upkeep\n|\n|t:|1775965059\n|switch|p2a: Umbreon|Umbreon, L50, M|100/100\n|turn|5\n|\n|t:|1775965098\n|move|p1a: Volcarona|Rage Powder|p1a: Volcarona\n|-singleturn|p1a: Volcarona|move: Rage Powder\n|move|p1b: Whimsicott|Fake Tears|p2b: Flareon\n|-unboost|p2b: Flareon|spd|2\n|move|p2a: Umbreon|Moonlight|p2a: Umbreon\n|-fail|p2a: Umbreon|heal\n|move|p2b: Flareon|Flare Blitz|p1a: Volcarona\n|-damage|p1a: Volcarona|0 fnt\n|faint|p1a: Volcarona\n|-damage|p2b: Flareon|61/100|[from] Recoil\n|\n|upkeep\n|\n|t:|1775965099\n|switch|p1a: Gengar|Gengar-Mega, L50, M, shiny|16/100\n|turn|6\n|\n|t:|1775965115\n|move|p1a: Gengar|Sludge Bomb|p2b: Flareon\n|-damage|p2b: Flareon|0 fnt\n|faint|p2b: Flareon\n|move|p1b: Whimsicott|Moonblast|p2a: Umbreon\n|-supereffective|p2a: Umbreon|1\n|-damage|p2a: Umbreon|47/100\n|move|p2a: Umbreon|Snarl|p1b: Whimsicott|[spread] p1a,p1b\n|-supereffective|p1a: Gengar|1\n|-resisted|p1b: Whimsicott|1\n|-damage|p1a: Gengar|0 fnt\n|-damage|p1b: Whimsicott|61/100\n|-unboost|p1b: Whimsicott|spa|1\n|faint|p1a: Gengar\n|\n|-heal|p2a: Umbreon|53/100|[from] item: Leftovers\n|upkeep\n|turn|7\n|\n|t:|1775965121\n|move|p1b: Whimsicott|Moonblast|p2a: Umbreon\n|-supereffective|p2a: Umbreon|1\n|-damage|p2a: Umbreon|17/100\n|move|p2a: Umbreon|Moonlight|p2a: Umbreon\n|-heal|p2a: Umbreon|67/100\n|\n|-heal|p2a: Umbreon|73/100|[from] item: Leftovers\n|upkeep\n|turn|8\n|\n|t:|1775965123\n|move|p1b: Whimsicott|Moonblast|p2a: Umbreon\n|-supereffective|p2a: Umbreon|1\n|-damage|p2a: Umbreon|40/100\n|move|p2a: Umbreon|Moonlight|p2a: Umbreon\n|-heal|p2a: Umbreon|90/100\n|\n|-heal|p2a: Umbreon|96/100|[from] item: Leftovers\n|upkeep\n|turn|9\n|\n|t:|1775965128\n|move|p1b: Whimsicott|Moonblast|p2a: Umbreon\n|-supereffective|p2a: Umbreon|1\n|-damage|p2a: Umbreon|62/100\n|-unboost|p2a: Umbreon|spa|1\n|move|p2a: Umbreon|Yawn|p1b: Whimsicott\n|-start|p1b: Whimsicott|move: Yawn|[of] p2a: Umbreon\n|\n|-heal|p2a: Umbreon|68/100|[from] item: Leftovers\n|upkeep\n|turn|10\n|\n|t:|1775965133\n|move|p1b: Whimsicott|Moonblast|p2a: Umbreon\n|-supereffective|p2a: Umbreon|1\n|-damage|p2a: Umbreon|35/100\n|move|p2a: Umbreon|Moonlight|p2a: Umbreon\n|-heal|p2a: Umbreon|85/100\n|\n|-heal|p2a: Umbreon|91/100|[from] item: Leftovers\n|-end|p1b: Whimsicott|move: Yawn|[silent]\n|-status|p1b: Whimsicott|slp\n|upkeep\n|turn|11\n|\n|t:|1775965138\n|cant|p1b: Whimsicott|slp\n|move|p2a: Umbreon|Snarl|p1b: Whimsicott\n|-resisted|p1b: Whimsicott|1\n|-damage|p1b: Whimsicott|55/100 slp\n|-unboost|p1b: Whimsicott|spa|1\n|\n|-heal|p2a: Umbreon|97/100|[from] item: Leftovers\n|upkeep\n|turn|12\n|\n|t:|1775965140\n|-curestatus|p1b: Whimsicott|slp|[msg]\n|move|p1b: Whimsicott|Moonblast|p2a: Umbreon\n|-supereffective|p2a: Umbreon|1\n|-damage|p2a: Umbreon|70/100\n|move|p2a: Umbreon|Snarl|p1b: Whimsicott\n|-resisted|p1b: Whimsicott|1\n|-damage|p1b: Whimsicott|47/100\n|-unboost|p1b: Whimsicott|spa|1\n|\n|-heal|p2a: Umbreon|76/100|[from] item: Leftovers\n|upkeep\n|turn|13\n|\n|t:|1775965143\n|move|p1b: Whimsicott|Moonblast|p2a: Umbreon\n|-supereffective|p2a: Umbreon|1\n|-damage|p2a: Umbreon|55/100\n|move|p2a: Umbreon|Moonlight|p2a: Umbreon\n|-heal|p2a: Umbreon|100/100\n|\n|upkeep\n|turn|14\n|\n|t:|1775965149\n|move|p1b: Whimsicott|Moonblast|p2a: Umbreon\n|-supereffective|p2a: Umbreon|1\n|-damage|p2a: Umbreon|77/100\n|move|p2a: Umbreon|Yawn|p1b: Whimsicott\n|-start|p1b: Whimsicott|move: Yawn|[of] p2a: Umbreon\n|\n|-heal|p2a: Umbreon|83/100|[from] item: Leftovers\n|upkeep\n|turn|15\n|\n|t:|1775965153\n|move|p1b: Whimsicott|Moonblast|p2a: Umbreon\n|-supereffective|p2a: Umbreon|1\n|-damage|p2a: Umbreon|62/100\n|move|p2a: Umbreon|Snarl|p1b: Whimsicott\n|-resisted|p1b: Whimsicott|1\n|-crit|p1b: Whimsicott\n|-damage|p1b: Whimsicott|30/100\n|-unboost|p1b: Whimsicott|spa|1\n|\n|-heal|p2a: Umbreon|68/100|[from] item: Leftovers\n|-end|p1b: Whimsicott|move: Yawn|[silent]\n|-status|p1b: Whimsicott|slp\n|upkeep\n|turn|16\n|inactive|Battle timer is ON: inactive players will automatically lose when time's up. (requested by Sklapr)\n|\n|t:|1775965158\n|cant|p1b: Whimsicott|slp\n|move|p2a: Umbreon|Snarl|p1b: Whimsicott\n|-resisted|p1b: Whimsicott|1\n|-damage|p1b: Whimsicott|22/100 slp\n|-unboost|p1b: Whimsicott|spa|1\n|\n|-heal|p2a: Umbreon|74/100|[from] item: Leftovers\n|upkeep\n|turn|17\n|\n|t:|1775965161\n|-curestatus|p1b: Whimsicott|slp|[msg]\n|move|p1b: Whimsicott|Moonblast|p2a: Umbreon\n|-supereffective|p2a: Umbreon|1\n|-damage|p2a: Umbreon|61/100\n|move|p2a: Umbreon|Moonlight|p2a: Umbreon\n|-heal|p2a: Umbreon|100/100\n|\n|upkeep\n|turn|18\n|\n|t:|1775965164\n|move|p1b: Whimsicott|Moonblast|p2a: Umbreon\n|-supereffective|p2a: Umbreon|1\n|-damage|p2a: Umbreon|86/100\n|move|p2a: Umbreon|Yawn|p1b: Whimsicott\n|-start|p1b: Whimsicott|move: Yawn|[of] p2a: Umbreon\n|\n|-heal|p2a: Umbreon|92/100|[from] item: Leftovers\n|upkeep\n|turn|19\n|\n|t:|1775965168\n|move|p1b: Whimsicott|Moonblast|p2a: Umbreon\n|-supereffective|p2a: Umbreon|1\n|-damage|p2a: Umbreon|77/100\n|move|p2a: Umbreon|Snarl|p1b: Whimsicott\n|-resisted|p1b: Whimsicott|1\n|-damage|p1b: Whimsicott|15/100\n|-unboost|p1b: Whimsicott|spa|1\n|\n|-heal|p2a: Umbreon|83/100|[from] item: Leftovers\n|-end|p1b: Whimsicott|move: Yawn|[silent]\n|-status|p1b: Whimsicott|slp\n|upkeep\n|turn|20\n|\n|t:|1775965171\n|cant|p1b: Whimsicott|slp\n|move|p2a: Umbreon|Foul Play|p1b: Whimsicott\n|-resisted|p1b: Whimsicott|1\n|-damage|p1b: Whimsicott|0 fnt\n|faint|p1b: Whimsicott\n|\n|win|noobtoilet1020\n|raw|Sklapr's rating: 1110 &rarr; <strong>1082</strong><br />(-28 for losing)\n|raw|noobtoilet1020's rating: 1072 &rarr; <strong>1104</strong><br />(+32 for winning)\n|l|\u2606Sklapr\n|player|p1|\n",
  "uploadtime": 1775965178,
  "views": 15,
  "formatid": "gen9championsvgc2026regma",
  "rating": 1082,
  "private": 0,
  "password": null
}