{
  "id": "gen9championsvgc2026regma-2588395728",
  "format": "[Gen 9 Champions] VGC 2026 Reg M-A",
  "players": [
    "fuily",
    "sdlt 2krl coolguy"
  ],
  "log": "|raw|<div class=\"broadcast-blue\"><strong>This battle is required to be public due to a player having a name starting with 'sdlt'.</div>\n|j|\u2606fuily\n|j|\u2606sdlt 2krl coolguy\n|t:|1776629958\n|gametype|doubles\n|player|p1|fuily|266|1317\n|player|p2|sdlt 2krl coolguy|leon-masters2|1345\n|gen|9\n|tier|[Gen 9 Champions] VGC 2026 Reg M-A\n|rated|\n|rule|Species Clause: Limit one of each Pok\u00e9mon\n|rule|Item Clause: Limit 1 of each item\n|clearpoke\n|poke|p1|Chandelure, L50, M|\n|poke|p1|Torkoal, L50, F|\n|poke|p1|Whimsicott, L50, M|\n|poke|p1|Farigiraf, L50, M|\n|poke|p1|Milotic, L50, F|\n|poke|p1|Gardevoir, L50, M|\n|poke|p2|Floette-Eternal, L50, F|\n|poke|p2|Incineroar, L50, M|\n|poke|p2|Sinistcha, L50|\n|poke|p2|Garchomp, L50, M|\n|poke|p2|Sneasler, L50, M|\n|poke|p2|Kingambit, L50, M|\n|teampreview|4\n|inactive|Battle timer is ON: inactive players will automatically lose when time's up. (requested by sdlt 2krl coolguy)\n|inactive|fuily has 60 seconds left.\n|\n|t:|1776630003\n|teamsize|p1|4\n|teamsize|p2|4\n|start\n|switch|p1a: Farigiraf|Farigiraf, L50, M|100/100\n|switch|p1b: Milotic|Milotic, L50, F|100/100\n|switch|p2a: Kingambit|Kingambit, L50, M|100/100\n|switch|p2b: Sneasler|Sneasler, L50, M|100/100\n|turn|1\n|inactive|fuily has 30 seconds left.\n|\n|t:|1776630030\n|move|p2b: Sneasler|Dire Claw|p1a: Farigiraf\n|-damage|p1a: Farigiraf|67/100\n|move|p1b: Milotic|Scald|p2a: Kingambit\n|-damage|p2a: Kingambit|66/100\n|-status|p2a: Kingambit|brn\n|move|p1a: Farigiraf|Low Kick|p2a: Kingambit\n|-supereffective|p2a: Kingambit|2\n|-damage|p2a: Kingambit|0 fnt\n|faint|p2a: Kingambit\n|\n|upkeep\n|inactive|sdlt 2krl coolguy has 30 seconds left.\n|\n|t:|1776630060\n|switch|p2a: Floette|Floette-Eternal, L50, F|100/100\n|turn|2\n|\n|t:|1776630073\n|detailschange|p2a: Floette|Floette-Mega, L50, F\n|-mega|p2a: Floette|Floette|Floettite\n|-ability|p2a: Floette|Fairy Aura\n|move|p2b: Sneasler|Close Combat|p1a: Farigiraf\n|-damage|p1a: Farigiraf|21/100\n|-unboost|p2b: Sneasler|def|1\n|-unboost|p2b: Sneasler|spd|1\n|-enditem|p2b: Sneasler|White Herb\n|-clearnegativeboost|p2b: Sneasler|[silent]\n|move|p2a: Floette|Dazzling Gleam|p1a: Farigiraf|[spread] p1a,p1b\n|-damage|p1a: Farigiraf|0 fnt\n|-damage|p1b: Milotic|66/100\n|faint|p1a: Farigiraf\n|move|p1b: Milotic|Icy Wind|p2a: Floette|[spread] p2a,p2b\n|-damage|p2a: Floette|92/100\n|-damage|p2b: Sneasler|84/100\n|-unboost|p2a: Floette|spe|1\n|-unboost|p2b: Sneasler|spe|1\n|\n|-heal|p1b: Milotic|72/100|[from] item: Leftovers\n|upkeep\n|inactive|fuily has 30 seconds left.\n|\n|t:|1776630098\n|switch|p1a: Whimsicott|Whimsicott, L50, M|100/100\n|turn|3\n|inactive|fuily has 30 seconds left.\n|\n|t:|1776630125\n|move|p1a: Whimsicott|Tailwind|p1a: Whimsicott\n|-sidestart|p1: fuily|move: Tailwind\n|move|p2b: Sneasler|Dire Claw|p1a: Whimsicott\n|-supereffective|p1a: Whimsicott|2\n|-damage|p1a: Whimsicott|0 fnt\n|faint|p1a: Whimsicott\n|move|p1b: Milotic|Scald|p2b: Sneasler\n|-damage|p2b: Sneasler|37/100\n|-status|p2b: Sneasler|brn\n|move|p2a: Floette|Dazzling Gleam|p1b: Milotic\n|-damage|p1b: Milotic|29/100\n|\n|-heal|p1b: Milotic|35/100|[from] item: Leftovers\n|-damage|p2b: Sneasler|31/100 brn|[from] brn\n|upkeep\n|\n|t:|1776630134\n|switch|p1a: Gardevoir|Gardevoir, L50, M|100/100\n|-ability|p1a: Gardevoir|Unburden|Trace|[from] ability: Trace|[of] p2b: Sneasler\n|turn|4\n|inactive|fuily has 30 seconds left.\n|inactive|sdlt 2krl coolguy has 30 seconds left.\n|\n|t:|1776630174\n|detailschange|p1a: Gardevoir|Gardevoir-Mega, L50, M\n|-mega|p1a: Gardevoir|Gardevoir|Gardevoirite\n|move|p2b: Sneasler|Dire Claw|p1a: Gardevoir\n|-supereffective|p1a: Gardevoir|1\n|-damage|p1a: Gardevoir|45/100\n|-status|p1a: Gardevoir|slp\n|cant|p1a: Gardevoir|slp\n|move|p1b: Milotic|Scald|p2a: Floette\n|-damage|p2a: Floette|68/100\n|-status|p2a: Floette|brn\n|move|p2a: Floette|Calm Mind|p2a: Floette\n|-boost|p2a: Floette|spa|1\n|-boost|p2a: Floette|spd|1\n|\n|-heal|p1b: Milotic|41/100|[from] item: Leftovers\n|-damage|p2b: Sneasler|26/100 brn|[from] brn\n|-damage|p2a: Floette|62/100 brn|[from] brn\n|upkeep\n|turn|5\n|\n|t:|1776630193\n|cant|p1a: Gardevoir|slp\n|move|p2b: Sneasler|Dire Claw|p1a: Gardevoir\n|-supereffective|p1a: Gardevoir|1\n|-damage|p1a: Gardevoir|0 fnt\n|faint|p1a: Gardevoir\n|move|p1b: Milotic|Icy Wind|p2a: Floette|[spread] p2a,p2b\n|-damage|p2a: Floette|56/100 brn\n|-damage|p2b: Sneasler|11/100 brn\n|-unboost|p2a: Floette|spe|1\n|-unboost|p2b: Sneasler|spe|1\n|move|p2a: Floette|Dazzling Gleam|p1b: Milotic\n|-damage|p1b: Milotic|0 fnt\n|faint|p1b: Milotic\n|\n|win|sdlt 2krl coolguy\n|raw|fuily's rating: 1317 &rarr; <strong>1299</strong><br />(-18 for losing)\n|raw|sdlt 2krl coolguy's rating: 1345 &rarr; <strong>1363</strong><br />(+18 for winning)\n",
  "uploadtime": 1776630193,
  "views": 12,
  "formatid": "gen9championsvgc2026regma",
  "rating": 1299,
  "private": 0,
  "password": null
}