{
  "id": "gen9championsvgc2026regma-2582907151",
  "format": "[Gen 9 Champions] VGC 2026 Reg M-A",
  "players": [
    "ScuffedMike",
    "Tijuana Katana"
  ],
  "log": "|j|\u2606ScuffedMike\n|j|\u2606Tijuana Katana\n|t:|1776123900\n|gametype|doubles\n|player|p1|ScuffedMike|hilbert-wonderlauncher|1040\n|player|p2|Tijuana Katana|102|1084\n|gen|9\n|tier|[Gen 9 Champions] VGC 2026 Reg M-A\n|rated|\n|rule|Species Clause: Limit one of each Pok\u00e9mon\n|rule|Item Clause: Limit 1 of each item\n|clearpoke\n|poke|p1|Chesnaught, L50, M|\n|poke|p1|Sinistcha-Masterpiece, L50|\n|poke|p1|Garchomp, L50, M|\n|poke|p1|Incineroar, L50, M|\n|poke|p1|Sneasler, L50, F|\n|poke|p1|Pelipper, L50, M|\n|poke|p2|Starmie, L50|\n|poke|p2|Sableye, L50, M|\n|poke|p2|Archaludon, L50, M|\n|poke|p2|Dragonite, L50, F|\n|poke|p2|Maushold-Four, L50|\n|poke|p2|Kingambit, L50, M|\n|teampreview|4\n|inactive|Battle timer is ON: inactive players will automatically lose when time's up. (requested by Tijuana Katana)\n|\n|t:|1776123921\n|teamsize|p1|4\n|teamsize|p2|4\n|start\n|switch|p1a: Chesnaught|Chesnaught, L50, M|100/100\n|switch|p1b: Sinistcha|Sinistcha-Masterpiece, L50|100/100\n|switch|p2a: Sableye|Sableye, L50, M|100/100\n|switch|p2b: Archaludon|Archaludon, L50, M|100/100\n|turn|1\n|\n|t:|1776123938\n|detailschange|p1a: Chesnaught|Chesnaught-Mega, L50, M\n|-mega|p1a: Chesnaught|Chesnaught|Chesnaughtite\n|move|p1a: Chesnaught|Spiky Shield|p1a: Chesnaught\n|-singleturn|p1a: Chesnaught|move: Protect\n|move|p2a: Sableye|Will-O-Wisp|p1a: Chesnaught\n|-activate|p1a: Chesnaught|move: Protect\n|move|p2b: Archaludon|Draco Meteor|p1b: Sinistcha\n|-damage|p1b: Sinistcha|28/100\n|-unboost|p2b: Archaludon|spa|2\n|move|p1b: Sinistcha|Grassy Terrain|p1b: Sinistcha\n|-fieldstart|move: Grassy Terrain\n|\n|-heal|p1b: Sinistcha|34/100|[from] Grassy Terrain\n|upkeep\n|turn|2\n|\n|t:|1776123953\n|switch|p1a: Incineroar|Incineroar, L50, M|100/100\n|-ability|p1a: Incineroar|Intimidate|boost\n|-unboost|p2a: Sableye|atk|1\n|-unboost|p2b: Archaludon|atk|1\n|move|p2a: Sableye|Rain Dance|p2a: Sableye\n|-weather|RainDance\n|move|p2b: Archaludon|Draco Meteor|p1b: Sinistcha\n|-crit|p1b: Sinistcha\n|-damage|p1b: Sinistcha|0 fnt\n|-unboost|p2b: Archaludon|spa|2\n|faint|p1b: Sinistcha\n|\n|-weather|RainDance|[upkeep]\n|upkeep\n|\n|t:|1776123958\n|switch|p1b: Sneasler|Sneasler, L50, F|100/100\n|turn|3\n|inactive|ScuffedMike has 30 seconds left.\n|\n|t:|1776123987\n|move|p2a: Sableye|Protect|p2a: Sableye\n|-singleturn|p2a: Sableye|Protect\n|move|p1b: Sneasler|Close Combat|p2b: Archaludon\n|-supereffective|p2b: Archaludon|1\n|-damage|p2b: Archaludon|11/100\n|-unboost|p1b: Sneasler|def|1\n|-unboost|p1b: Sneasler|spd|1\n|-ability|p2b: Archaludon|Stamina|boost\n|-boost|p2b: Archaludon|def|1\n|move|p2b: Archaludon|Electro Shot||[still]\n|-prepare|p2b: Archaludon|Electro Shot\n|-boost|p2b: Archaludon|spa|1\n|-anim|p2b: Archaludon|Electro Shot|p1b: Sneasler\n|-damage|p1b: Sneasler|62/100\n|move|p1a: Incineroar|Throat Chop|p2a: Sableye\n|-activate|p2a: Sableye|move: Protect\n|\n|-weather|RainDance|[upkeep]\n|-heal|p1b: Sneasler|68/100|[from] Grassy Terrain\n|-heal|p2b: Archaludon|17/100|[from] Grassy Terrain\n|-heal|p2b: Archaludon|23/100|[from] item: Leftovers\n|upkeep\n|turn|4\n|\n|t:|1776124001\n|move|p2a: Sableye|Will-O-Wisp|p1b: Sneasler\n|-status|p1b: Sneasler|brn\n|move|p1b: Sneasler|Close Combat|p2b: Archaludon\n|-supereffective|p2b: Archaludon|1\n|-damage|p2b: Archaludon|0 fnt\n|-unboost|p1b: Sneasler|def|1\n|-unboost|p1b: Sneasler|spd|1\n|faint|p2b: Archaludon\n|move|p1a: Incineroar|Throat Chop|p2a: Sableye\n|-damage|p2a: Sableye|64/100\n|-start|p2a: Sableye|Throat Chop|[silent]\n|\n|-weather|RainDance|[upkeep]\n|-heal|p1b: Sneasler|73/100 brn|[from] Grassy Terrain\n|-heal|p2a: Sableye|70/100|[from] Grassy Terrain\n|-damage|p1b: Sneasler|68/100 brn|[from] brn\n|upkeep\n|\n|t:|1776124005\n|switch|p2b: Starmie|Starmie, L50, shiny|100/100\n|turn|5\n|\n|t:|1776124022\n|switch|p2a: Maushold|Maushold-Four, L50|100/100\n|move|p2b: Starmie|Protect|p2b: Starmie\n|-singleturn|p2b: Starmie|Protect\n|move|p1b: Sneasler|Coaching|p1a: Incineroar\n|-boost|p1a: Incineroar|atk|1\n|-boost|p1a: Incineroar|def|1\n|move|p1a: Incineroar|Throat Chop|p2b: Starmie\n|-activate|p2b: Starmie|move: Protect\n|\n|-weather|RainDance|[upkeep]\n|-heal|p1b: Sneasler|73/100 brn|[from] Grassy Terrain\n|-damage|p1b: Sneasler|68/100 brn|[from] brn\n|-fieldend|move: Grassy Terrain\n|upkeep\n|turn|6\n|\n|t:|1776124035\n|detailschange|p2b: Starmie|Starmie-Mega, L50, shiny\n|-mega|p2b: Starmie|Starmie|Starminite\n|move|p2a: Maushold|Follow Me|p2a: Maushold\n|-singleturn|p2a: Maushold|move: Follow Me\n|move|p2b: Starmie|Liquidation|p1a: Incineroar\n|-supereffective|p1a: Incineroar|1\n|-damage|p1a: Incineroar|0 fnt\n|faint|p1a: Incineroar\n|move|p1b: Sneasler|Coaching|p1: Incineroar|[notarget]\n|-fail|p1b: Sneasler\n|\n|-weather|none\n|-damage|p1b: Sneasler|62/100 brn|[from] brn\n|upkeep\n|\n|t:|1776124041\n|switch|p1a: Chesnaught|Chesnaught-Mega, L50, M|100/100\n|turn|7\n|\n|t:|1776124051\n|move|p2a: Maushold|Follow Me|p2a: Maushold\n|-singleturn|p2a: Maushold|move: Follow Me\n|move|p2b: Starmie|Zen Headbutt|p1a: Chesnaught\n|-supereffective|p1a: Chesnaught|1\n|-damage|p1a: Chesnaught|16/100\n|move|p1b: Sneasler|Coaching|p1a: Chesnaught\n|-boost|p1a: Chesnaught|atk|1\n|-boost|p1a: Chesnaught|def|1\n|move|p1a: Chesnaught|Bulk Up|p1a: Chesnaught\n|-boost|p1a: Chesnaught|atk|1\n|-boost|p1a: Chesnaught|def|1\n|\n|-damage|p1b: Sneasler|56/100 brn|[from] brn\n|upkeep\n|turn|8\n|inactive|ScuffedMike has 30 seconds left.\n|\n|t:|1776124077\n|move|p2a: Maushold|Follow Me|p2a: Maushold\n|-singleturn|p2a: Maushold|move: Follow Me\n|move|p2b: Starmie|Liquidation|p1b: Sneasler\n|-damage|p1b: Sneasler|0 fnt\n|faint|p1b: Sneasler\n|move|p1a: Chesnaught|Drain Punch|p2a: Maushold\n|-supereffective|p2a: Maushold|1\n|-damage|p2a: Maushold|0 fnt\n|-heal|p1a: Chesnaught|59/100|[from] drain|[of] p2a: Maushold\n|faint|p2a: Maushold\n|\n|upkeep\n|\n|t:|1776124081\n|switch|p2a: Sableye|Sableye, L50, M|70/100\n|turn|9\n|\n|t:|1776124094\n|move|p2b: Starmie|Protect|p2b: Starmie\n|-singleturn|p2b: Starmie|Protect\n|move|p2a: Sableye|Will-O-Wisp|p1a: Chesnaught\n|-status|p1a: Chesnaught|brn\n|move|p1a: Chesnaught|Grassy Glide|p2b: Starmie\n|-activate|p2b: Starmie|move: Protect\n|\n|-damage|p1a: Chesnaught|53/100 brn|[from] brn\n|upkeep\n|turn|10\n|\n|t:|1776124100\n|move|p2a: Sableye|Helping Hand|p2b: Starmie\n|-singleturn|p2b: Starmie|Helping Hand|[of] p2a: Sableye\n|move|p2b: Starmie|Zen Headbutt|p1a: Chesnaught\n|-supereffective|p1a: Chesnaught|1\n|-damage|p1a: Chesnaught|0 fnt\n|faint|p1a: Chesnaught\n|\n|win|Tijuana Katana\n|raw|ScuffedMike's rating: 1040 &rarr; <strong>1026</strong><br />(-14 for losing)\n|raw|Tijuana Katana's rating: 1084 &rarr; <strong>1108</strong><br />(+24 for winning)\n|l|\u2606ScuffedMike\n|player|p1|\n",
  "uploadtime": 1776124106,
  "views": 19,
  "formatid": "gen9championsvgc2026regma",
  "rating": 1026,
  "private": 0,
  "password": null
}