{
  "id": "gen9championsvgc2026regma-2581549926",
  "format": "[Gen 9 Champions] VGC 2026 Reg M-A",
  "players": [
    "ThePeasent",
    "matttttio"
  ],
  "log": "|j|\u2606ThePeasent\n|j|\u2606matttttio\n|t:|1776010179\n|gametype|doubles\n|player|p1|ThePeasent|170|1144\n|player|p2|matttttio|266|1070\n|gen|9\n|tier|[Gen 9 Champions] VGC 2026 Reg M-A\n|rated|\n|rule|Species Clause: Limit one of each Pok\u00e9mon\n|rule|Item Clause: Limit 1 of each item\n|clearpoke\n|poke|p1|Glimmora, L50, M|\n|poke|p1|Tyranitar, L50, F|\n|poke|p1|Excadrill, L50, M|\n|poke|p1|Milotic, L50, M|\n|poke|p1|Sneasler, L50, M|\n|poke|p1|Rotom-Wash, L50|\n|poke|p2|Palafin, L50, F|\n|poke|p2|Starmie, L50|\n|poke|p2|Whimsicott, L50, F|\n|poke|p2|Rotom-Heat, L50|\n|poke|p2|Aegislash, L50, M|\n|poke|p2|Excadrill, L50, M|\n|teampreview|4\n|inactive|Battle timer is ON: inactive players will automatically lose when time's up. (requested by ThePeasent)\n|\n|t:|1776010203\n|teamsize|p1|4\n|teamsize|p2|4\n|start\n|switch|p1a: Rotom|Rotom-Wash, L50|100/100\n|switch|p1b: Excadrill|Excadrill, L50, M|100/100\n|switch|p2a: Whimsicott|Whimsicott, L50, F|100/100\n|switch|p2b: Palafin|Palafin, L50, F|100/100\n|turn|1\n|\n|t:|1776010218\n|move|p1b: Excadrill|Protect|p1b: Excadrill\n|-singleturn|p1b: Excadrill|Protect\n|move|p2a: Whimsicott|Tailwind|p2a: Whimsicott\n|-sidestart|p2: matttttio|move: Tailwind\n|move|p2b: Palafin|Flip Turn|p1b: Excadrill\n|-activate|p1b: Excadrill|move: Protect\n|move|p1a: Rotom|Volt Switch|p2b: Palafin\n|-supereffective|p2b: Palafin|1\n|-damage|p2b: Palafin|19/100\n|\n|t:|1776010231\n|switch|p1a: Milotic|Milotic, L50, M|100/100|[from] Volt Switch\n|\n|upkeep\n|turn|2\n|\n|t:|1776010244\n|switch|p1b: Rotom|Rotom-Wash, L50|100/100\n|move|p2a: Whimsicott|Protect|p2a: Whimsicott\n|-singleturn|p2a: Whimsicott|Protect\n|move|p2b: Palafin|Flip Turn|p1b: Rotom\n|-resisted|p1b: Rotom|1\n|-crit|p1b: Rotom\n|-damage|p1b: Rotom|85/100\n|\n|t:|1776010254\n|detailschange|p2b: Palafin|Palafin-Hero, L50, F\n|switch|p2b: Starmie|Starmie, L50|100/100|[from] Flip Turn\n|move|p1a: Milotic|Icy Wind|p2b: Starmie|[spread] p2b\n|-activate|p2a: Whimsicott|move: Protect\n|-resisted|p2b: Starmie|1\n|-damage|p2b: Starmie|94/100\n|-unboost|p2b: Starmie|spe|1\n|\n|upkeep\n|turn|3\n|inactive|matttttio has 30 seconds left.\n|\n|t:|1776010285\n|detailschange|p2b: Starmie|Starmie-Mega, L50\n|-mega|p2b: Starmie|Starmie|Starminite\n|move|p2a: Whimsicott|Taunt|p1b: Rotom\n|-start|p1b: Rotom|move: Taunt\n|move|p2b: Starmie|Zen Headbutt|p1a: Milotic\n|-damage|p1a: Milotic|41/100\n|move|p1b: Rotom|Volt Switch|p2b: Starmie\n|-supereffective|p2b: Starmie|1\n|-damage|p2b: Starmie|31/100\n|\n|t:|1776010300\n|switch|p1b: Excadrill|Excadrill, L50, M|100/100|[from] Volt Switch\n|move|p1a: Milotic|Icy Wind|p2b: Starmie|[spread] p2a,p2b\n|-supereffective|p2a: Whimsicott|1\n|-resisted|p2b: Starmie|1\n|-damage|p2a: Whimsicott|66/100\n|-damage|p2b: Starmie|25/100\n|-unboost|p2a: Whimsicott|spe|1\n|-unboost|p2b: Starmie|spe|1\n|\n|-heal|p1a: Milotic|47/100|[from] item: Leftovers\n|upkeep\n|turn|4\n|inactive|matttttio has 30 seconds left.\n|inactive|matttttio has 20 seconds left.\n|inactive|matttttio has 15 seconds left.\n|\n|t:|1776010343\n|switch|p2a: Palafin|Palafin-Hero, L50, F|19/100\n|-activate|p2a: Palafin|ability: Zero to Hero\n|switch|p2b: Excadrill|Excadrill, L50, M|100/100\n|move|p1a: Milotic|Protect|p1a: Milotic\n|-singleturn|p1a: Milotic|Protect\n|move|p1b: Excadrill|Earthquake|p2b: Excadrill|[spread] p2a,p2b\n|-activate|p1a: Milotic|move: Protect\n|-supereffective|p2b: Excadrill|1\n|-damage|p2a: Palafin|0 fnt\n|-damage|p2b: Excadrill|0 fnt\n|faint|p2a: Palafin\n|faint|p2b: Excadrill\n|\n|-heal|p1a: Milotic|52/100|[from] item: Leftovers\n|-sideend|p2: matttttio|move: Tailwind\n|upkeep\n|\n|t:|1776010360\n|switch|p2a: Whimsicott|Whimsicott, L50, F|66/100\n|switch|p2b: Starmie|Starmie-Mega, L50|25/100\n|turn|5\n|\n|t:|1776010373\n|move|p2a: Whimsicott|Tailwind|p2a: Whimsicott\n|-sidestart|p2: matttttio|move: Tailwind\n|move|p2b: Starmie|Liquidation|p1b: Excadrill\n|-supereffective|p1b: Excadrill|1\n|-enditem|p1b: Excadrill|Focus Sash\n|-damage|p1b: Excadrill|1/100\n|move|p1b: Excadrill|Rock Slide|p2a: Whimsicott|[spread] p2a,p2b\n|-damage|p2a: Whimsicott|31/100\n|-damage|p2b: Starmie|0 fnt\n|faint|p2b: Starmie\n|move|p1a: Milotic|Icy Wind|p2a: Whimsicott\n|-supereffective|p2a: Whimsicott|1\n|-damage|p2a: Whimsicott|0 fnt\n|faint|p2a: Whimsicott\n|\n|win|ThePeasent\n|raw|ThePeasent's rating: 1144 &rarr; <strong>1164</strong><br />(+20 for winning)\n|raw|matttttio's rating: 1070 &rarr; <strong>1054</strong><br />(-16 for losing)\n|l|\u2606matttttio\n|player|p2|\n",
  "uploadtime": 1776010387,
  "views": 27,
  "formatid": "gen9championsvgc2026regma",
  "rating": 1054,
  "private": 0,
  "password": null
}