{
  "id": "gen9championsvgc2026regma-2585690512",
  "format": "[Gen 9 Champions] VGC 2026 Reg M-A",
  "players": [
    "elitesun",
    "sinho77"
  ],
  "log": "|j|\u2606elitesun\n|j|\u2606sinho77\n|t:|1776363982\n|gametype|doubles\n|player|p1|elitesun|101|1112\n|player|p2|sinho77|bugcatcher-gen4dp|1021\n|gen|9\n|tier|[Gen 9 Champions] VGC 2026 Reg M-A\n|rated|\n|rule|Species Clause: Limit one of each Pok\u00e9mon\n|rule|Item Clause: Limit 1 of each item\n|clearpoke\n|poke|p1|Morpeko, L50, F|\n|poke|p1|Dragonite, L50, F|\n|poke|p1|Milotic, L50, M|\n|poke|p1|Politoed, L50, M|\n|poke|p1|Aegislash, L50, F|\n|poke|p1|Sneasler, L50, F|\n|poke|p2|Infernape, L50, M|\n|poke|p2|Sinistcha, L50|\n|poke|p2|Kangaskhan, L50, F|\n|poke|p2|Politoed, L50, F|\n|poke|p2|Scizor, L50, M|\n|poke|p2|Manectric, L50, M|\n|teampreview|4\nsinho77 rejected open team sheets.\n|inactive|Battle timer is ON: inactive players will automatically lose when time's up. (requested by sinho77)\n|inactive|sinho77 has 60 seconds left.\n|inactiveoff|Battle timer is now OFF.\n|inactive|Battle timer is ON: inactive players will automatically lose when time's up. (requested by elitesun)\n|inactive|sinho77 has 30 seconds left.\n|\n|t:|1776364132\n|teamsize|p1|4\n|teamsize|p2|4\n|start\n|switch|p1a: Morpeko|Morpeko, L50, F|100/100\n|switch|p1b: Aegislash|Aegislash, L50, F|100/100\n|switch|p2a: Infernape|Infernape, L50, M|100/100\n|switch|p2b: Scizor|Scizor, L50, M|100/100\n|turn|1\n|inactive|elitesun has 30 seconds left.\n|inactive|sinho77 has 30 seconds left.\n|\n|t:|1776364163\n|switch|p1a: Dragonite|Dragonite, L50, F|100/100\n|move|p2a: Infernape|Coaching|p2b: Scizor\n|-boost|p2b: Scizor|atk|1\n|-boost|p2b: Scizor|def|1\n|move|p2b: Scizor|Swords Dance|p2b: Scizor\n|-boost|p2b: Scizor|atk|2\n|-formechange|p1b: Aegislash|Aegislash-Blade|\n|move|p1b: Aegislash|Sacred Sword|p2b: Scizor\n|-damage|p2b: Scizor|73/100\n|\n|upkeep\n|turn|2\n|inactive|elitesun has 30 seconds left.\n|inactive|elitesun has 20 seconds left.\n|\n|t:|1776364200\n|detailschange|p1a: Dragonite|Dragonite-Mega, L50, F\n|-mega|p1a: Dragonite|Dragonite|Dragoninite\n|move|p2b: Scizor|Protect|p2b: Scizor\n|-singleturn|p2b: Scizor|Protect\n|move|p2a: Infernape|Stone Edge|p1a: Dragonite|[miss]\n|-miss|p2a: Infernape|p1a: Dragonite\n|move|p1a: Dragonite|Tailwind|p1a: Dragonite\n|-sidestart|p1: elitesun|move: Tailwind\n|move|p1b: Aegislash|Poltergeist|p2b: Scizor\n|-activate|p2b: Scizor|move: Protect\n|\n|upkeep\n|turn|3\n|inactive|sinho77 has 30 seconds left.\n|\n|t:|1776364233\n|switch|p2a: Sinistcha|Sinistcha, L50|100/100\n|-heal|p2b: Scizor|98/100|[from] ability: Hospitality|[of] p2a: Sinistcha\n|detailschange|p2b: Scizor|Scizor-Mega, L50, M\n|-mega|p2b: Scizor|Scizor|Scizorite\n|move|p2b: Scizor|Bullet Punch|p1a: Dragonite\n|-damage|p1a: Dragonite|60/100\n|move|p1a: Dragonite|Hurricane|p2a: Sinistcha|[miss]\n|-miss|p1a: Dragonite|p2a: Sinistcha\n|move|p1b: Aegislash|Poltergeist|p2b: Scizor\n|-activate|p2b: Scizor|move: Poltergeist|Scizorite\n|-damage|p2b: Scizor|71/100\n|\n|upkeep\n|turn|4\n|inactive|sinho77 has 30 seconds left.\n|\n|t:|1776364262\n|-formechange|p1b: Aegislash|Aegislash|\n|move|p1b: Aegislash|King's Shield|p1b: Aegislash\n|-singleturn|p1b: Aegislash|Protect\n|move|p1a: Dragonite|Hurricane|p2b: Scizor\n|-damage|p2b: Scizor|2/100\n|move|p2b: Scizor|Swords Dance|p2b: Scizor\n|-boost|p2b: Scizor|atk|2\n|move|p2a: Sinistcha|Trick Room|p2a: Sinistcha\n|-fieldstart|move: Trick Room|[of] p2a: Sinistcha\n|\n|upkeep\n|turn|5\n|\n|t:|1776364282\n|move|p2b: Scizor|Protect|p2b: Scizor\n|-singleturn|p2b: Scizor|Protect\n|-formechange|p1b: Aegislash|Aegislash-Blade|\n|move|p1b: Aegislash|Shadow Sneak|p2b: Scizor\n|-activate|p2b: Scizor|move: Protect\n|move|p2a: Sinistcha|Life Dew||[still]|[spread] p2a,p2b\n|-fail|p2a: Sinistcha|heal\n|-heal|p2b: Scizor|27/100\n|move|p1a: Dragonite|Hurricane|p2a: Sinistcha|[miss]\n|-miss|p1a: Dragonite|p2a: Sinistcha\n|\n|-sideend|p1: elitesun|move: Tailwind\n|upkeep\n|turn|6\n|inactive|sinho77 has 30 seconds left.\n|\n|t:|1776364310\n|switch|p2a: Manectric|Manectric, L50, M|100/100\n|-formechange|p1b: Aegislash|Aegislash|\n|move|p1b: Aegislash|King's Shield|p1b: Aegislash\n|-singleturn|p1b: Aegislash|Protect\n|move|p2b: Scizor|Bullet Punch|p1a: Dragonite\n|-damage|p1a: Dragonite|0 fnt\n|faint|p1a: Dragonite\n|\n|upkeep\n|\n|t:|1776364320\n|switch|p1a: Sneasler|Sneasler, L50, F|100/100\n|turn|7\n|inactive|sinho77 has 30 seconds left.\n|\n|t:|1776364348\n|switch|p2a: Sinistcha|Sinistcha, L50|100/100\n|-heal|p2b: Scizor|52/100|[from] ability: Hospitality|[of] p2a: Sinistcha\n|move|p2b: Scizor|Protect|p2b: Scizor\n|-singleturn|p2b: Scizor|Protect\n|move|p1a: Sneasler|Fake Out|p2b: Scizor\n|-activate|p2b: Scizor|move: Protect\n|-formechange|p1b: Aegislash|Aegislash-Blade|\n|move|p1b: Aegislash|Poltergeist|p2a: Sinistcha\n|-activate|p2a: Sinistcha|move: Poltergeist|Sitrus Berry\n|-supereffective|p2a: Sinistcha|1\n|-damage|p2a: Sinistcha|9/100\n|-enditem|p2a: Sinistcha|Sitrus Berry|[eat]\n|-heal|p2a: Sinistcha|34/100|[from] item: Sitrus Berry\n|\n|upkeep\n|turn|8\n|inactive|elitesun has 30 seconds left.\n|inactive|sinho77 has 30 seconds left.\n|\n|t:|1776364379\n|switch|p2a: Infernape|Infernape, L50, M|100/100\n|-formechange|p1b: Aegislash|Aegislash|\n|move|p1b: Aegislash|King's Shield|p1b: Aegislash\n|-singleturn|p1b: Aegislash|Protect\n|move|p2b: Scizor|Bullet Punch|p1a: Sneasler\n|-damage|p1a: Sneasler|0 fnt\n|faint|p1a: Sneasler\n|\n|-fieldend|move: Trick Room\n|upkeep\n|\n|t:|1776364389\n|switch|p1a: Morpeko|Morpeko, L50, F|100/100\n|turn|9\n|\n|t:|1776364407\n|move|p1a: Morpeko|Fake Out|p2a: Infernape\n|-damage|p2a: Infernape|83/100\n|move|p2b: Scizor|Bullet Punch|p1b: Aegislash\n|-resisted|p1b: Aegislash|1\n|-damage|p1b: Aegislash|63/100\n|cant|p2a: Infernape|flinch\n|-formechange|p1b: Aegislash|Aegislash-Blade|\n|move|p1b: Aegislash|Poltergeist|p2b: Scizor\n|-activate|p2b: Scizor|move: Poltergeist|Scizorite\n|-damage|p2b: Scizor|26/100\n|\n|-formechange|p1a: Morpeko|Morpeko-Hangry|\n|upkeep\n|turn|10\n|inactive|elitesun has 30 seconds left.\n|\n|t:|1776364440\n|move|p2b: Scizor|Protect|p2b: Scizor\n|-singleturn|p2b: Scizor|Protect\n|move|p1a: Morpeko|Aura Wheel|p2b: Scizor\n|-activate|p2b: Scizor|move: Protect\n|move|p2a: Infernape|Close Combat|p1a: Morpeko\n|-supereffective|p1a: Morpeko|1\n|-enditem|p1a: Morpeko|Focus Sash\n|-damage|p1a: Morpeko|1/100\n|-unboost|p2a: Infernape|def|1\n|-unboost|p2a: Infernape|spd|1\n|move|p1b: Aegislash|Poltergeist|p2b: Scizor\n|-activate|p2b: Scizor|move: Protect\n|\n|-formechange|p1a: Morpeko|Morpeko|\n|upkeep\n|turn|11\n|inactive|sinho77 has 30 seconds left.\n|\n|t:|1776364476\n|switch|p2a: Sinistcha|Sinistcha, L50|34/100\n|-heal|p2b: Scizor|51/100|[from] ability: Hospitality|[of] p2a: Sinistcha\n|-formechange|p1b: Aegislash|Aegislash|\n|move|p1b: Aegislash|King's Shield|p1b: Aegislash\n|-singleturn|p1b: Aegislash|Protect\n|move|p1a: Morpeko|Endeavor|p2b: Scizor\n|-damage|p2b: Scizor|1/100\n|move|p2b: Scizor|Swords Dance|p2b: Scizor\n|-boost|p2b: Scizor|atk|1\n|\n|-formechange|p1a: Morpeko|Morpeko-Hangry|\n|upkeep\n|turn|12\n|\n|t:|1776364500\n|move|p2a: Sinistcha|Rage Powder|p2a: Sinistcha\n|-singleturn|p2a: Sinistcha|move: Rage Powder\n|move|p2b: Scizor|Bullet Punch|p1b: Aegislash\n|-resisted|p1b: Aegislash|1\n|-damage|p1b: Aegislash|20/100\n|-formechange|p1b: Aegislash|Aegislash-Blade|\n|move|p1b: Aegislash|Shadow Sneak|p2a: Sinistcha\n|-supereffective|p2a: Sinistcha|1\n|-damage|p2a: Sinistcha|0 fnt\n|faint|p2a: Sinistcha\n|move|p1a: Morpeko|Aura Wheel|p2b: Scizor\n|-damage|p2b: Scizor|0 fnt\n|-boost|p1a: Morpeko|spe|1\n|faint|p2b: Scizor\n|\n|-formechange|p1a: Morpeko|Morpeko|\n|upkeep\n|\n|t:|1776364515\n|switch|p2b: Infernape|Infernape, L50, M|83/100\n|switch|p2a: Manectric|Manectric, L50, M|100/100\n|turn|13\n|\n|t:|1776364533\n|-formechange|p1b: Aegislash|Aegislash|\n|move|p1b: Aegislash|King's Shield|p1b: Aegislash\n|-singleturn|p1b: Aegislash|Protect\n|move|p2b: Infernape|Fake Out|p1a: Morpeko\n|-damage|p1a: Morpeko|0 fnt\n|faint|p1a: Morpeko\n|move|p2a: Manectric|Volt Switch|p1b: Aegislash\n|-activate|p1b: Aegislash|move: Protect\n|\n|upkeep\n|turn|14\n|\n|t:|1776364547\n|move|p2a: Manectric|Overheat|p1b: Aegislash\n|-supereffective|p1b: Aegislash|1\n|-damage|p1b: Aegislash|0 fnt\n|-unboost|p2a: Manectric|spa|2\n|faint|p1b: Aegislash\n|\n|win|sinho77\n|raw|elitesun's rating: 1112 &rarr; <strong>1081</strong><br />(-31 for losing)\n|raw|sinho77's rating: 1021 &rarr; <strong>1067</strong><br />(+46 for winning)\n",
  "uploadtime": 1776364551,
  "views": 23,
  "formatid": "gen9championsvgc2026regma",
  "rating": 1067,
  "private": 0,
  "password": null
}