{
  "id": "gen9championsvgc2026regma-2587828385",
  "format": "[Gen 9 Champions] VGC 2026 Reg M-A",
  "players": [
    "Ferdford",
    "looongirsu"
  ],
  "log": "|j|\u2606Ferdford\n|j|\u2606looongirsu\n|t:|1776568178\n|gametype|doubles\n|player|p1|Ferdford|pilot|1214\n|player|p2|looongirsu|harlequin|1120\n|gen|9\n|tier|[Gen 9 Champions] VGC 2026 Reg M-A\n|rated|\n|rule|Species Clause: Limit one of each Pok\u00e9mon\n|rule|Item Clause: Limit 1 of each item\n|clearpoke\n|poke|p1|Aerodactyl, L50, F|\n|poke|p1|Scizor, L50, M|\n|poke|p1|Kommo-o, L50, M|\n|poke|p1|Basculegion, L50, M|\n|poke|p1|Sneasler, L50, M|\n|poke|p1|Scovillain, L50, M|\n|poke|p2|Victreebel, L50, M|\n|poke|p2|Garchomp, L50, M|\n|poke|p2|Aerodactyl, L50, F|\n|poke|p2|Kingambit, L50, M|\n|poke|p2|Pelipper, L50, F|\n|poke|p2|Sneasler, L50, M|\n|teampreview|4\n|inactive|Battle timer is ON: inactive players will automatically lose when time's up. (requested by looongirsu)\n|inactive|looongirsu has 60 seconds left.\n|\n|t:|1776568224\n|teamsize|p1|4\n|teamsize|p2|4\n|start\n|switch|p1a: Scovillain|Scovillain, L50, M|100/100\n|switch|p1b: Aerodactyl|Aerodactyl, L50, F|100/100\n|switch|p2a: Garchomp|Garchomp, L50, M|100/100\n|switch|p2b: Aerodactyl|Aerodactyl, L50, F|100/100\n|-ability|p1b: Aerodactyl|Unnerve\n|-ability|p2b: Aerodactyl|Unnerve\n|turn|1\n|inactive|Ferdford has 30 seconds left.\n|inactive|looongirsu has 30 seconds left.\n|\n|t:|1776568259\n|detailschange|p1a: Scovillain|Scovillain-Mega, L50, M\n|-mega|p1a: Scovillain|Scovillain|Scovillainite\n|move|p2a: Garchomp|Rock Slide|p1a: Scovillain|[spread] p1a,p1b\n|-supereffective|p1a: Scovillain|1\n|-supereffective|p1b: Aerodactyl|1\n|-damage|p1a: Scovillain|64/100\n|-damage|p1b: Aerodactyl|37/100\n|-status|p2a: Garchomp|brn|[from] ability: Spicy Spray|[of] p1a: Scovillain\n|move|p2b: Aerodactyl|Rock Slide|p1b: Aerodactyl|[spread] p1a,p1b\n|-supereffective|p1a: Scovillain|1\n|-supereffective|p1b: Aerodactyl|1\n|-damage|p1a: Scovillain|19/100\n|-damage|p1b: Aerodactyl|0 fnt\n|-status|p2b: Aerodactyl|brn|[from] ability: Spicy Spray|[of] p1a: Scovillain\n|faint|p1b: Aerodactyl\n|move|p1a: Scovillain|Leaf Storm|p2a: Garchomp\n|-damage|p2a: Garchomp|43/100 brn\n|-unboost|p1a: Scovillain|spa|2\n|\n|-damage|p2a: Garchomp|38/100 brn|[from] brn\n|-damage|p2b: Aerodactyl|95/100 brn|[from] brn\n|upkeep\n|\n|t:|1776568276\n|switch|p1b: Scizor|Scizor, L50, M|100/100\n|turn|2\n|\n|t:|1776568294\n|move|p1a: Scovillain|Rage Powder|p1a: Scovillain\n|-singleturn|p1a: Scovillain|move: Rage Powder\n|move|p1b: Scizor|Bullet Punch|p2b: Aerodactyl\n|-supereffective|p2b: Aerodactyl|1\n|-damage|p2b: Aerodactyl|0 fnt\n|faint|p2b: Aerodactyl\n|move|p2a: Garchomp|Rock Slide|p1a: Scovillain|[spread] p1b\n|-miss|p2a: Garchomp|p1a: Scovillain\n|-damage|p1b: Scizor|91/100\n|\n|-damage|p2a: Garchomp|32/100 brn|[from] brn\n|upkeep\n|\n|t:|1776568306\n|switch|p2b: Sneasler|Sneasler, L50, M|100/100\n|turn|3\n|\n|t:|1776568317\n|move|p1a: Scovillain|Protect|p1a: Scovillain\n|-singleturn|p1a: Scovillain|Protect\n|move|p1b: Scizor|Protect|p1b: Scizor\n|-singleturn|p1b: Scizor|Protect\n|move|p2a: Garchomp|Rock Slide|p1b: Scizor|[spread] \n|-activate|p1a: Scovillain|move: Protect\n|-activate|p1b: Scizor|move: Protect\n|move|p2b: Sneasler|Close Combat|p1b: Scizor\n|-activate|p1b: Scizor|move: Protect\n|\n|-damage|p2a: Garchomp|26/100 brn|[from] brn\n|upkeep\n|turn|4\n|\n|t:|1776568334\n|move|p1a: Scovillain|Rage Powder|p1a: Scovillain\n|-singleturn|p1a: Scovillain|move: Rage Powder\n|move|p1b: Scizor|Bullet Punch|p2a: Garchomp\n|-damage|p2a: Garchomp|0 fnt\n|faint|p2a: Garchomp\n|move|p2b: Sneasler|Close Combat|p1a: Scovillain\n|-damage|p1a: Scovillain|0 fnt\n|-unboost|p2b: Sneasler|def|1\n|-unboost|p2b: Sneasler|spd|1\n|-status|p2b: Sneasler|brn|[from] ability: Spicy Spray|[of] p1a: Scovillain\n|faint|p1a: Scovillain\n|-enditem|p2b: Sneasler|White Herb\n|-clearnegativeboost|p2b: Sneasler|[silent]\n|\n|-damage|p2b: Sneasler|95/100 brn|[from] brn\n|upkeep\n|\n|t:|1776568359\n|switch|p2a: Kingambit|Kingambit, L50, M|100/100\n|switch|p1a: Kommo-o|Kommo-o, L50, M|100/100\n|turn|5\n|\n|t:|1776568379\n|move|p2a: Kingambit|Protect|p2a: Kingambit\n|-singleturn|p2a: Kingambit|Protect\n|move|p1b: Scizor|Bullet Punch|p2b: Sneasler\n|-damage|p2b: Sneasler|18/100 brn\n|move|p2b: Sneasler|Close Combat|p1b: Scizor\n|-damage|p1b: Scizor|60/100\n|-unboost|p2b: Sneasler|def|1\n|-unboost|p2b: Sneasler|spd|1\n|move|p1a: Kommo-o|Aura Sphere|p2a: Kingambit\n|-activate|p2a: Kingambit|move: Protect\n|\n|-damage|p2b: Sneasler|13/100 brn|[from] brn\n|upkeep\n|turn|6\n|\n|t:|1776568399\n|move|p2a: Kingambit|Sucker Punch|p1a: Kommo-o\n|-resisted|p1a: Kommo-o|1\n|-damage|p1a: Kommo-o|77/100\n|move|p2b: Sneasler|Dire Claw|p1a: Kommo-o\n|-crit|p1a: Kommo-o\n|-damage|p1a: Kommo-o|45/100\n|-status|p1a: Kommo-o|par\n|move|p1b: Scizor|Bug Bite|p2a: Kingambit\n|-damage|p2a: Kingambit|60/100\n|move|p1a: Kommo-o|Aura Sphere|p2a: Kingambit\n|-supereffective|p2a: Kingambit|2\n|-damage|p2a: Kingambit|0 fnt\n|faint|p2a: Kingambit\n|\n|-heal|p1a: Kommo-o|51/100 par|[from] item: Leftovers\n|-damage|p2b: Sneasler|7/100 brn|[from] brn\n|upkeep\n|turn|7\n|inactive|looongirsu has 30 seconds left.\n|inactive|looongirsu has 20 seconds left.\n|inactive|looongirsu has 15 seconds left.\n|inactive|looongirsu has 10 seconds left.\n|inactive|looongirsu has 5 seconds left.\n|\n|t:|1776568454\n|move|p1b: Scizor|Bullet Punch|p2b: Sneasler\n|-damage|p2b: Sneasler|0 fnt\n|faint|p2b: Sneasler\n|\n|win|Ferdford\n|raw|Ferdford's rating: 1214 &rarr; <strong>1232</strong><br />(+18 for winning)\n|raw|looongirsu's rating: 1120 &rarr; <strong>1102</strong><br />(-18 for losing)\n",
  "uploadtime": 1776568535,
  "views": 12,
  "formatid": "gen9championsvgc2026regma",
  "rating": 1102,
  "private": 0,
  "password": null
}