{
  "id": "gen9championsvgc2026regma-2588470236",
  "format": "[Gen 9 Champions] VGC 2026 Reg M-A",
  "players": [
    "Dr Gaster PHD",
    "Zifny"
  ],
  "log": "|j|\u2606Dr Gaster PHD\n|j|\u2606Zifny\n|t:|1776636375\n|gametype|doubles\n|player|p1|Dr Gaster PHD|ghetsis|1347\n|player|p2|Zifny|1|1251\n|gen|9\n|tier|[Gen 9 Champions] VGC 2026 Reg M-A\n|rated|\n|rule|Species Clause: Limit one of each Pok\u00e9mon\n|rule|Item Clause: Limit 1 of each item\n|clearpoke\n|poke|p1|Pelipper, L50, F|\n|poke|p1|Basculegion, L50, M, shiny|\n|poke|p1|Archaludon, L50, F, shiny|\n|poke|p1|Sinistcha-Masterpiece, L50|\n|poke|p1|Meganium, L50, M|\n|poke|p1|Victreebel, L50, F|\n|poke|p2|Aggron, L50, F|\n|poke|p2|Basculegion, L50, M|\n|poke|p2|Sinistcha, L50|\n|poke|p2|Sneasler, L50, M|\n|poke|p2|Incineroar, L50, M|\n|poke|p2|Delphox, L50, M|\n|teampreview|4\n|inactive|Battle timer is ON: inactive players will automatically lose when time's up. (requested by Zifny)\n|\n|t:|1776636397\n|teamsize|p1|4\n|teamsize|p2|4\n|start\n|switch|p1a: Purple Rain|Basculegion, L50, M, shiny|100/100\n|switch|p1b: Bridget|Archaludon, L50, F, shiny|100/100\n|switch|p2a: THE WALL|Aggron, L50, F|100/100\n|switch|p2b: Basculegend|Basculegion, L50, M|100/100\n|turn|1\n|\n|t:|1776636419\n|detailschange|p2a: THE WALL|Aggron-Mega, L50, F\n|-mega|p2a: THE WALL|Aggron|Aggronite\n|move|p2b: Basculegend|Flip Turn|p1b: Bridget\n|-resisted|p1b: Bridget|1\n|-damage|p1b: Bridget|86/100\n|-ability|p1b: Bridget|Stamina|boost\n|-boost|p1b: Bridget|def|1\n|\n|t:|1776636430\n|switch|p2b: Sneasler|Sneasler, L50, M|100/100|[from] Flip Turn\n|move|p1a: Purple Rain|Flip Turn|p2b: Sneasler\n|-damage|p2b: Sneasler|36/100\n|\n|t:|1776636433\n|switch|p1a: Sky Toilet|Pelipper, L50, F|100/100|[from] Flip Turn\n|-weather|RainDance|[from] ability: Drizzle|[of] p1a: Sky Toilet\n|move|p1b: Bridget|Electro Shot||[still]\n|-prepare|p1b: Bridget|Electro Shot\n|-boost|p1b: Bridget|spa|1\n|-anim|p1b: Bridget|Electro Shot|p2a: THE WALL\n|-damage|p2a: THE WALL|47/100\n|move|p2a: THE WALL|Iron Defense|p2a: THE WALL\n|-boost|p2a: THE WALL|def|2\n|\n|-weather|RainDance|[upkeep]\n|-heal|p1b: Bridget|92/100|[from] item: Leftovers\n|upkeep\n|turn|2\n|\n|t:|1776636451\n|switch|p2b: Sinistcha|Sinistcha, L50|100/100\n|-heal|p2a: THE WALL|72/100|[from] ability: Hospitality|[of] p2b: Sinistcha\n|move|p2a: THE WALL|Protect|p2a: THE WALL\n|-singleturn|p2a: THE WALL|Protect\n|move|p1a: Sky Toilet|Hurricane|p2b: Sinistcha\n|-supereffective|p2b: Sinistcha|1\n|-enditem|p2b: Sinistcha|Focus Sash\n|-damage|p2b: Sinistcha|1/100\n|-start|p2b: Sinistcha|confusion\n|move|p1b: Bridget|Electro Shot||[still]\n|-prepare|p1b: Bridget|Electro Shot\n|-boost|p1b: Bridget|spa|1\n|-anim|p1b: Bridget|Electro Shot|p2a: THE WALL\n|-activate|p2a: THE WALL|move: Protect\n|\n|-weather|RainDance|[upkeep]\n|-heal|p1b: Bridget|98/100|[from] item: Leftovers\n|upkeep\n|turn|3\n|inactive|Zifny has 30 seconds left.\n|\n|t:|1776636477\n|-activate|p2b: Sinistcha|confusion\n|-damage|p2b: Sinistcha|0 fnt|[from] confusion\n|faint|p2b: Sinistcha\n|move|p1a: Sky Toilet|Hurricane|p2a: THE WALL\n|-resisted|p2a: THE WALL|1\n|-damage|p2a: THE WALL|51/100\n|move|p1b: Bridget|Electro Shot||[still]\n|-prepare|p1b: Bridget|Electro Shot\n|-boost|p1b: Bridget|spa|1\n|-anim|p1b: Bridget|Electro Shot|p2a: THE WALL\n|-damage|p2a: THE WALL|0 fnt\n|faint|p2a: THE WALL\n|\n|-weather|RainDance|[upkeep]\n|-heal|p1b: Bridget|100/100|[from] item: Leftovers\n|upkeep\n|\n|t:|1776636487\n|switch|p2b: Basculegend|Basculegion, L50, M|100/100\n|switch|p2a: Sneasler|Sneasler, L50, M|36/100\n|turn|4\n|\n|t:|1776636498\n|move|p2a: Sneasler|Fake Out|p1a: Sky Toilet\n|-damage|p1a: Sky Toilet|83/100\n|move|p2b: Basculegend|Last Respects|p1b: Bridget\n|-damage|p1b: Bridget|52/100\n|-ability|p1b: Bridget|Stamina|boost\n|-boost|p1b: Bridget|def|1\n|cant|p1a: Sky Toilet|flinch\n|move|p1b: Bridget|Electro Shot||[still]\n|-prepare|p1b: Bridget|Electro Shot\n|-boost|p1b: Bridget|spa|1\n|-anim|p1b: Bridget|Electro Shot|p2b: Basculegend\n|-supereffective|p2b: Basculegend|1\n|-damage|p2b: Basculegend|0 fnt\n|faint|p2b: Basculegend\n|\n|-weather|RainDance|[upkeep]\n|-heal|p1b: Bridget|58/100|[from] item: Leftovers\n|upkeep\n|turn|5\n|c|\u2606Dr Gaster PHD|saddening performance from The Wall\n|\n|t:|1776636512\n|move|p2a: Sneasler|Close Combat|p1b: Bridget\n|-supereffective|p1b: Bridget|1\n|-damage|p1b: Bridget|9/100\n|-unboost|p2a: Sneasler|def|1\n|-unboost|p2a: Sneasler|spd|1\n|-ability|p1b: Bridget|Stamina|boost\n|-boost|p1b: Bridget|def|1\n|-enditem|p2a: Sneasler|White Herb\n|-clearnegativeboost|p2a: Sneasler|[silent]\n|move|p1a: Sky Toilet|Hurricane|p2a: Sneasler\n|-supereffective|p2a: Sneasler|1\n|-damage|p2a: Sneasler|0 fnt\n|faint|p2a: Sneasler\n|\n|win|Dr Gaster PHD\n|raw|Dr Gaster PHD's rating: 1347 &rarr; <strong>1362</strong><br />(+15 for winning)\n|raw|Zifny's rating: 1251 &rarr; <strong>1233</strong><br />(-18 for losing)\n",
  "uploadtime": 1776636516,
  "views": 12,
  "formatid": "gen9championsvgc2026regma",
  "rating": 1233,
  "private": 0,
  "password": null
}