{
  "id": "gen9championsvgc2026regma-2581280702",
  "format": "[Gen 9 Champions] VGC 2026 Reg M-A",
  "players": [
    "kerhgv",
    "ray_game0"
  ],
  "log": "|j|\u2606kerhgv\n|j|\u2606ray_game0\n|t:|1775980687\n|gametype|doubles\n|player|p1|kerhgv|2|1024\n|player|p2|ray_game0|hiker-gen4|1000\n|gen|9\n|tier|[Gen 9 Champions] VGC 2026 Reg M-A\n|rated|\n|rule|Species Clause: Limit one of each Pok\u00e9mon\n|rule|Item Clause: Limit 1 of each item\n|clearpoke\n|poke|p1|Charizard, L50, F|\n|poke|p1|Venusaur, L50, F|\n|poke|p1|Garchomp, L50, F|\n|poke|p1|Incineroar, L50, F|\n|poke|p1|Whimsicott, L50, F|\n|poke|p1|Sylveon, L50, M|\n|poke|p2|Whimsicott, L50, M|\n|poke|p2|Glalie, L50, M|\n|poke|p2|Archaludon, L50, M|\n|poke|p2|Pelipper, L50, M|\n|teampreview|4\n|\n|t:|1775980727\n|teamsize|p1|4\n|teamsize|p2|4\n|start\n|switch|p1a: Garchomp|Garchomp, L50, F|100/100\n|switch|p1b: Incineroar|Incineroar, L50, F|100/100\n|switch|p2a: Whimsicott|Whimsicott, L50, M|100/100\n|switch|p2b: Glalie|Glalie, L50, M|100/100\n|-ability|p1b: Incineroar|Intimidate|boost\n|-unboost|p2a: Whimsicott|atk|1\n|-unboost|p2b: Glalie|atk|1\n|turn|1\n|\n|t:|1775980748\n|move|p2a: Whimsicott|Protect|p2a: Whimsicott\n|-singleturn|p2a: Whimsicott|Protect\n|move|p2b: Glalie|Protect|p2b: Glalie\n|-singleturn|p2b: Glalie|Protect\n|move|p1b: Incineroar|Fake Out|p2a: Whimsicott\n|-activate|p2a: Whimsicott|move: Protect\n|move|p1a: Garchomp|Rock Slide|p2a: Whimsicott|[spread] \n|-activate|p2a: Whimsicott|move: Protect\n|-activate|p2b: Glalie|move: Protect\n|\n|-ability|p2b: Glalie|Moody|boost\n|-boost|p2b: Glalie|def|2\n|-unboost|p2b: Glalie|atk|1\n|upkeep\n|turn|2\n|\n|t:|1775980777\n|detailschange|p2b: Glalie|Glalie-Mega, L50, M\n|-mega|p2b: Glalie|Glalie|Glalitite\n|move|p2a: Whimsicott|Tailwind|p2a: Whimsicott\n|-sidestart|p2: ray_game0|move: Tailwind\n|move|p2b: Glalie|Explosion|p1b: Incineroar|[spread] p2a,p1a,p1b\n|-supereffective|p2a: Whimsicott|1\n|-supereffective|p1a: Garchomp|2\n|-resisted|p1b: Incineroar|1\n|-damage|p2a: Whimsicott|0 fnt\n|-damage|p1a: Garchomp|0 fnt\n|-damage|p1b: Incineroar|78/100\n|faint|p2b: Glalie\n|faint|p2a: Whimsicott\n|faint|p1a: Garchomp\n|move|p1b: Incineroar|Parting Shot|p2: Whimsicott|[notarget]\n|-fail|p1b: Incineroar\n|\n|upkeep\n|\n|t:|1775980791\n|switch|p2a: Archaludon|Archaludon, L50, M|100/100\n|switch|p1a: Sylveon|Sylveon, L50, M|100/100\n|switch|p2b: Pelipper|Pelipper, L50, M|100/100\n|turn|3\n|\n|t:|1775980830\n|switch|p1b: Whimsicott|Whimsicott, L50, F|100/100\n|move|p1a: Sylveon|Protect|p1a: Sylveon\n|-singleturn|p1a: Sylveon|Protect\n|move|p2b: Pelipper|Wide Guard|p2b: Pelipper\n|-singleturn|p2b: Pelipper|Wide Guard\n|move|p2a: Archaludon|Aura Sphere|p1b: Whimsicott\n|-resisted|p1b: Whimsicott|1\n|-damage|p1b: Whimsicott|76/100\n|\n|upkeep\n|turn|4\n|\n|t:|1775980856\n|move|p1b: Whimsicott|Tailwind|p1b: Whimsicott\n|-sidestart|p1: kerhgv|move: Tailwind\n|move|p1a: Sylveon|Shadow Ball|p2a: Archaludon\n|-damage|p2a: Archaludon|74/100\n|-unboost|p2a: Archaludon|spd|1\n|-ability|p2a: Archaludon|Stamina|boost\n|-boost|p2a: Archaludon|def|1\n|move|p2a: Archaludon|Thunder Wave|p1a: Sylveon\n|-status|p1a: Sylveon|par\n|move|p2b: Pelipper|Rain Dance|p2b: Pelipper\n|-weather|RainDance\n|\n|-weather|RainDance|[upkeep]\n|upkeep\n|turn|5\n|\n|t:|1775980896\n|move|p1b: Whimsicott|Moonblast|p2a: Archaludon\n|-crit|p2a: Archaludon\n|-damage|p2a: Archaludon|0 fnt\n|faint|p2a: Archaludon\n|move|p2b: Pelipper|Hurricane|p1b: Whimsicott\n|-supereffective|p1b: Whimsicott|1\n|-damage|p1b: Whimsicott|0 fnt\n|faint|p1b: Whimsicott\n|move|p1a: Sylveon|Hyper Voice|p2b: Pelipper\n|-damage|p2b: Pelipper|47/100\n|\n|-weather|RainDance|[upkeep]\n|-heal|p2b: Pelipper|53/100|[from] ability: Rain Dish\n|-sideend|p2: ray_game0|move: Tailwind\n|upkeep\n|\n|t:|1775980912\n|switch|p1b: Incineroar|Incineroar, L50, F|78/100\n|-ability|p1b: Incineroar|Intimidate|boost\n|-unboost|p2b: Pelipper|atk|1\n|turn|6\n|-message|ray_game0 forfeited.\n|\n|win|kerhgv\n",
  "uploadtime": 1775980689,
  "views": 32,
  "formatid": "gen9championsvgc2026regma",
  "rating": null,
  "private": 0,
  "password": null
}