{
  "id": "gen9championsvgc2026regma-2581887534",
  "format": "[Gen 9 Champions] VGC 2026 Reg M-A",
  "players": [
    "Jar of Rod",
    "PCRman"
  ],
  "log": "|j|\u2606Jar of Rod\n|j|\u2606PCRman\n|t:|1776036870\n|gametype|doubles\n|player|p1|Jar of Rod|n|1146\n|player|p2|PCRman|veteran|1044\n|gen|9\n|tier|[Gen 9 Champions] VGC 2026 Reg M-A\n|rated|\n|rule|Species Clause: Limit one of each Pok\u00e9mon\n|rule|Item Clause: Limit 1 of each item\n|clearpoke\n|poke|p1|Floette-Eternal, L50, F|\n|poke|p1|Ninetales, L50, F|\n|poke|p1|Incineroar, L50, M|\n|poke|p1|Venusaur, L50, M|\n|poke|p1|Sneasler, L50, M|\n|poke|p1|Aerodactyl, L50, F|\n|poke|p2|Feraligatr, L50, M|\n|poke|p2|Ninetales-Alola, L50, F|\n|poke|p2|Arcanine-Hisui, L50, F|\n|poke|p2|Tyranitar, L50, M|\n|poke|p2|Aerodactyl, L50, F|\n|poke|p2|Dragapult, L50, M|\n|teampreview|4\n|inactive|Battle timer is ON: inactive players will automatically lose when time's up. (requested by PCRman)\n|inactive|Jar of Rod has 60 seconds left.\n|inactive|PCRman has 60 seconds left.\n|inactive|Jar of Rod has 30 seconds left.\n|\n|t:|1776036937\n|teamsize|p1|4\n|teamsize|p2|4\n|start\n|switch|p1a: Incineroar|Incineroar, L50, M|100/100\n|switch|p1b: Venusaur|Venusaur, L50, M|100/100\n|switch|p2a: Aerodactyl|Aerodactyl, L50, F|100/100\n|switch|p2b: Arcanine|Arcanine-Hisui, L50, F|100/100\n|-ability|p2a: Aerodactyl|Unnerve\n|-ability|p2b: Arcanine|Intimidate|boost\n|-unboost|p1a: Incineroar|atk|1\n|-unboost|p1b: Venusaur|atk|1\n|-ability|p1a: Incineroar|Intimidate|boost\n|-unboost|p2a: Aerodactyl|atk|1\n|-unboost|p2b: Arcanine|atk|1\n|turn|1\n|inactive|Jar of Rod has 30 seconds left.\n|inactive|Jar of Rod has 20 seconds left.\n|inactive|Jar of Rod has 15 seconds left.\n|\n|t:|1776036981\n|move|p2a: Aerodactyl|Protect|p2a: Aerodactyl\n|-singleturn|p2a: Aerodactyl|Protect\n|move|p2b: Arcanine|Protect|p2b: Arcanine\n|-singleturn|p2b: Arcanine|Protect\n|move|p1a: Incineroar|Fake Out|p2a: Aerodactyl\n|-activate|p2a: Aerodactyl|move: Protect\n|move|p1b: Venusaur|Earth Power|p2b: Arcanine\n|-activate|p2b: Arcanine|move: Protect\n|\n|upkeep\n|turn|2\n|inactive|PCRman has 30 seconds left.\n|\n|t:|1776037007\n|switch|p1a: Ninetales|Ninetales, L50, F|100/100\n|-weather|SunnyDay|[from] ability: Drought|[of] p1a: Ninetales\n|move|p1b: Venusaur|Sleep Powder|p2a: Aerodactyl\n|-status|p2a: Aerodactyl|slp|[from] move: Sleep Powder\n|cant|p2a: Aerodactyl|slp\n|move|p2b: Arcanine|Flare Blitz|p1b: Venusaur\n|-supereffective|p1b: Venusaur|1\n|-damage|p1b: Venusaur|0 fnt\n|faint|p1b: Venusaur\n|-damage|p2b: Arcanine|64/100|[from] Recoil\n|\n|-weather|SunnyDay|[upkeep]\n|upkeep\n|\n|t:|1776037030\n|switch|p1b: Floette|Floette-Eternal, L50, F|100/100\n|turn|3\n|inactive|Jar of Rod has 30 seconds left.\n|\n|t:|1776037061\n|switch|p1a: Incineroar|Incineroar, L50, M|100/100\n|-ability|p1a: Incineroar|Intimidate|boost\n|-unboost|p2a: Aerodactyl|atk|1\n|-unboost|p2b: Arcanine|atk|1\n|move|p1b: Floette|Protect|p1b: Floette\n|-singleturn|p1b: Floette|Protect\n|cant|p2a: Aerodactyl|slp\n|move|p2b: Arcanine|Flare Blitz|p1b: Floette\n|-activate|p1b: Floette|move: Protect\n|\n|-weather|SunnyDay|[upkeep]\n|upkeep\n|turn|4\n|\n|t:|1776037090\n|switch|p2b: Dragapult|Dragapult, L50, M|100/100\n|detailschange|p1b: Floette|Floette-Mega, L50, F\n|-mega|p1b: Floette|Floette|Floettite\n|-ability|p1b: Floette|Fairy Aura\n|-curestatus|p2a: Aerodactyl|slp|[msg]\n|move|p2a: Aerodactyl|Protect|p2a: Aerodactyl\n|-singleturn|p2a: Aerodactyl|Protect\n|move|p1a: Incineroar|Fake Out|p2b: Dragapult\n|-immune|p2b: Dragapult\n|move|p1b: Floette|Dazzling Gleam|p2b: Dragapult|[spread] p2b\n|-activate|p2a: Aerodactyl|move: Protect\n|-supereffective|p2b: Dragapult|1\n|-enditem|p2b: Dragapult|Focus Sash\n|-damage|p2b: Dragapult|1/100\n|\n|-weather|SunnyDay|[upkeep]\n|upkeep\n|turn|5\n|\n|t:|1776037114\n|move|p2a: Aerodactyl|Tailwind|p2a: Aerodactyl\n|-sidestart|p2: PCRman|move: Tailwind\n|move|p2b: Dragapult|Draco Meteor|p1a: Incineroar\n|-damage|p1a: Incineroar|51/100\n|-unboost|p2b: Dragapult|spa|2\n|move|p1b: Floette|Dazzling Gleam|p2a: Aerodactyl|[spread] p2a,p2b\n|-supereffective|p2b: Dragapult|1\n|-damage|p2a: Aerodactyl|30/100\n|-damage|p2b: Dragapult|0 fnt\n|-enditem|p2a: Aerodactyl|Sitrus Berry|[eat]\n|-heal|p2a: Aerodactyl|55/100|[from] item: Sitrus Berry\n|faint|p2b: Dragapult\n|move|p1a: Incineroar|Flare Blitz|p2a: Aerodactyl\n|-resisted|p2a: Aerodactyl|1\n|-damage|p2a: Aerodactyl|0 fnt\n|faint|p2a: Aerodactyl\n|-damage|p1a: Incineroar|37/100|[from] Recoil\n|\n|-weather|SunnyDay|[upkeep]\n|upkeep\n|\n|t:|1776037130\n|switch|p2a: Tyranitar|Tyranitar, L50, M, shiny|100/100\n|switch|p2b: Arcanine|Arcanine-Hisui, L50, F|64/100\n|-weather|Sandstorm|[from] ability: Sand Stream|[of] p2a: Tyranitar\n|-ability|p2b: Arcanine|Intimidate|boost\n|-unboost|p1a: Incineroar|atk|1\n|-unboost|p1b: Floette|atk|1\n|turn|6\n|\n|t:|1776037140\n|switch|p1a: Ninetales|Ninetales, L50, F|100/100\n|-weather|SunnyDay|[from] ability: Drought|[of] p1a: Ninetales\n|move|p1b: Floette|Protect|p1b: Floette\n|-singleturn|p1b: Floette|Protect\n|move|p2a: Tyranitar|Rock Slide|p1b: Floette|[spread] p1a\n|-activate|p1b: Floette|move: Protect\n|-supereffective|p1a: Ninetales|1\n|-damage|p1a: Ninetales|20/100\n|move|p2b: Arcanine|Rock Slide|p1b: Floette|[spread] p1a\n|-activate|p1b: Floette|move: Protect\n|-supereffective|p1a: Ninetales|1\n|-damage|p1a: Ninetales|0 fnt\n|faint|p1a: Ninetales\n|\n|-weather|SunnyDay|[upkeep]\n|upkeep\n|\n|t:|1776037153\n|switch|p1a: Incineroar|Incineroar, L50, M|37/100\n|-ability|p1a: Incineroar|Intimidate|boost\n|-unboost|p2a: Tyranitar|atk|1\n|-unboost|p2b: Arcanine|atk|1\n|turn|7\n|\n|t:|1776037169\n|move|p1a: Incineroar|Fake Out|p2b: Arcanine\n|-resisted|p2b: Arcanine|1\n|-damage|p2b: Arcanine|58/100\n|move|p2a: Tyranitar|Rock Slide|p1a: Incineroar|[spread] p1a,p1b\n|-supereffective|p1a: Incineroar|1\n|-crit|p1a: Incineroar\n|-damage|p1a: Incineroar|0 fnt\n|-damage|p1b: Floette|74/100\n|faint|p1a: Incineroar\n|cant|p2b: Arcanine|flinch\n|cant|p1b: Floette|flinch\n|\n|-weather|SunnyDay|[upkeep]\n|upkeep\n|turn|8\n|\n|t:|1776037182\n|move|p1b: Floette|Protect|p1b: Floette\n|-singleturn|p1b: Floette|Protect\n|move|p2a: Tyranitar|Rock Slide|p1b: Floette\n|-activate|p1b: Floette|move: Protect\n|move|p2b: Arcanine|Flare Blitz|p1b: Floette\n|-activate|p1b: Floette|move: Protect\n|\n|-weather|SunnyDay|[upkeep]\n|-sideend|p2: PCRman|move: Tailwind\n|upkeep\n|turn|9\n|\n|t:|1776037193\n|move|p2a: Tyranitar|Rock Slide|p1b: Floette\n|-damage|p1b: Floette|35/100\n|move|p1b: Floette|Moonblast|p2a: Tyranitar\n|-supereffective|p2a: Tyranitar|1\n|-damage|p2a: Tyranitar|0 fnt\n|faint|p2a: Tyranitar\n|move|p2b: Arcanine|Flare Blitz|p1b: Floette\n|-damage|p1b: Floette|0 fnt\n|faint|p1b: Floette\n|-damage|p2b: Arcanine|48/100|[from] Recoil\n|\n|win|PCRman\n|raw|Jar of Rod's rating: 1146 &rarr; <strong>1114</strong><br />(-32 for losing)\n|raw|PCRman's rating: 1044 &rarr; <strong>1087</strong><br />(+43 for winning)\n|l|\u2606PCRman\n|player|p2|\n",
  "uploadtime": 1776037604,
  "views": 20,
  "formatid": "gen9championsvgc2026regma",
  "rating": 1087,
  "private": 0,
  "password": null
}