{
  "id": "gen9championsvgc2026regma-2582058671",
  "format": "[Gen 9 Champions] VGC 2026 Reg M-A",
  "players": [
    "crn719",
    "It'sJustKen VGC"
  ],
  "log": "|j|\u2606crn719\n|j|\u2606It'sJustKen VGC\n|t:|1776052903\n|gametype|doubles\n|player|p1|crn719|169|1079\n|player|p2|It'sJustKen VGC|265|1047\n|gen|9\n|tier|[Gen 9 Champions] VGC 2026 Reg M-A\n|rated|\n|rule|Species Clause: Limit one of each Pok\u00e9mon\n|rule|Item Clause: Limit 1 of each item\n|clearpoke\n|poke|p1|Charizard, L50, M|\n|poke|p1|Floette-Eternal, L50, F|\n|poke|p1|Garchomp, L50, F|\n|poke|p1|Farigiraf, L50, F|\n|poke|p1|Whimsicott, L50, F|\n|poke|p1|Incineroar, L50, F|\n|poke|p2|Kingambit, L50, M|\n|poke|p2|Spiritomb, L50, F|\n|poke|p2|Garganacl, L50, M|\n|poke|p2|Hawlucha, L50, F|\n|poke|p2|Clefable, L50, F|\n|poke|p2|Golurk, L50|\n|teampreview|4\n|inactive|Battle timer is ON: inactive players will automatically lose when time's up. (requested by It'sJustKen VGC)\n|\n|t:|1776052931\n|teamsize|p1|4\n|teamsize|p2|4\n|start\n|switch|p1a: Garchomp|Garchomp, L50, F|100/100\n|switch|p1b: Whimsicott|Whimsicott, L50, F|100/100\n|switch|p2a: Clefable|Clefable, L50, F|100/100\n|switch|p2b: Spiritomb|Spiritomb, L50, F|100/100\n|turn|1\n|\n|t:|1776052954\n|move|p1a: Garchomp|Iron Head|p2a: Clefable\n|-supereffective|p2a: Clefable|1\n|-damage|p2a: Clefable|44/100\n|move|p1b: Whimsicott|Moonblast|p2b: Spiritomb\n|-supereffective|p2b: Spiritomb|1\n|-damage|p2b: Spiritomb|27/100\n|move|p2a: Clefable|Moonblast|p1a: Garchomp\n|-supereffective|p1a: Garchomp|1\n|-damage|p1a: Garchomp|29/100\n|move|p2b: Spiritomb|Trick Room|p2b: Spiritomb\n|-fieldstart|move: Trick Room|[of] p2b: Spiritomb\n|\n|-heal|p2a: Clefable|50/100|[from] item: Leftovers\n|upkeep\n|turn|2\n|\n|t:|1776052968\n|switch|p1a: Incineroar|Incineroar, L50, F|100/100\n|-ability|p1a: Incineroar|Intimidate|boost\n|-unboost|p2a: Clefable|atk|1\n|-unboost|p2b: Spiritomb|atk|1\n|move|p2b: Spiritomb|Hypnosis|p1b: Whimsicott\n|-status|p1b: Whimsicott|slp|[from] move: Hypnosis\n|move|p2a: Clefable|Heal Pulse|p2b: Spiritomb\n|-heal|p2b: Spiritomb|77/100\n|cant|p1b: Whimsicott|slp\n|\n|-heal|p2a: Clefable|56/100|[from] item: Leftovers\n|upkeep\n|turn|3\n|\n|t:|1776052986\n|switch|p2a: Golurk|Golurk, L50|100/100\n|move|p1a: Incineroar|Fake Out|p2a: Golurk\n|-immune|p2a: Golurk\n|move|p2b: Spiritomb|Skill Swap|p2a: Golurk\n|-activate|p2b: Spiritomb|Skill Swap|||[of] p2a: Golurk\n|cant|p1b: Whimsicott|slp\n|\n|upkeep\n|turn|4\n|inactive|It'sJustKen VGC has 30 seconds left.\n|inactive|It'sJustKen VGC has 20 seconds left.\n|inactive|It'sJustKen VGC has 15 seconds left.\n|inactive|It'sJustKen VGC has 10 seconds left.\n|inactive|It'sJustKen VGC has 5 seconds left.\n|\n|t:|1776053042\n|move|p2b: Spiritomb|Protect|p2b: Spiritomb\n|-singleturn|p2b: Spiritomb|Protect\n|move|p2a: Golurk|Dynamic Punch|p1b: Whimsicott|[miss]\n|-miss|p2a: Golurk|p1b: Whimsicott\n|move|p1a: Incineroar|Parting Shot|p2a: Golurk\n|-unboost|p2a: Golurk|atk|1\n|-unboost|p2a: Golurk|spa|1\n|\n|t:|1776053050\n|switch|p1a: Garchomp|Garchomp, L50, F|29/100|[from] Parting Shot\n|-curestatus|p1b: Whimsicott|slp|[msg]\n|move|p1b: Whimsicott|Moonblast|p2b: Spiritomb\n|-activate|p2b: Spiritomb|move: Protect\n|\n|upkeep\n|turn|5\n|\n|t:|1776053068\n|switch|p2a: Clefable|Clefable, L50, F|56/100\n|move|p2b: Spiritomb|Hypnosis|p1b: Whimsicott\n|-status|p1b: Whimsicott|slp|[from] move: Hypnosis\n|cant|p1b: Whimsicott|slp\n|move|p1a: Garchomp|Outrage|p2a: Clefable\n|-immune|p2a: Clefable\n|\n|-heal|p2a: Clefable|62/100|[from] item: Leftovers\n|-fieldend|move: Trick Room\n|upkeep\n|turn|6\n|\n|t:|1776053090\n|switch|p1a: Incineroar|Incineroar, L50, F|100/100\n|-ability|p1a: Incineroar|Intimidate|boost\n|-unboost|p2a: Clefable|atk|1\n|-unboost|p2b: Spiritomb|atk|1\n|move|p2a: Clefable|Follow Me|p2a: Clefable\n|-singleturn|p2a: Clefable|move: Follow Me\n|cant|p1b: Whimsicott|slp\n|move|p2b: Spiritomb|Trick Room|p2b: Spiritomb\n|-fieldstart|move: Trick Room|[of] p2b: Spiritomb\n|\n|-heal|p2a: Clefable|68/100|[from] item: Leftovers\n|upkeep\n|turn|7\n|-message|crn719 forfeited.\n|\n|win|It'sJustKen VGC\n|raw|crn719's rating: 1079 &rarr; <strong>1055</strong><br />(-24 for losing)\n|raw|It&apos;sJustKen VGC's rating: 1047 &rarr; <strong>1083</strong><br />(+36 for winning)\n|l|\u2606crn719\n|player|p1|\n",
  "uploadtime": 1776053099,
  "views": 14,
  "formatid": "gen9championsvgc2026regma",
  "rating": 1055,
  "private": 0,
  "password": null
}