{
  "id": "gen9championsvgc2026regma-2585486625",
  "format": "[Gen 9 Champions] VGC 2026 Reg M-A",
  "players": [
    "smp on whimsicott",
    "teal_knight"
  ],
  "log": "|j|\u2606smp on whimsicott\n|j|\u2606teal_knight\n|t:|1776350790\n|gametype|doubles\n|player|p1|smp on whimsicott|artist-gen4|1381\n|player|p2|teal_knight|169|1286\n|gen|9\n|tier|[Gen 9 Champions] VGC 2026 Reg M-A\n|rated|\n|rule|Species Clause: Limit one of each Pok\u00e9mon\n|rule|Item Clause: Limit 1 of each item\n|clearpoke\n|poke|p1|Aerodactyl, L50, F|\n|poke|p1|Garchomp, L50, M|\n|poke|p1|Milotic, L50, M|\n|poke|p1|Hydreigon, L50, F|\n|poke|p1|Mimikyu, L50, F|\n|poke|p1|Scizor, L50, F|\n|poke|p2|Aggron, L50, F|\n|poke|p2|Sinistcha, L50|\n|poke|p2|Pelipper, L50, M|\n|poke|p2|Basculegion, L50, M|\n|poke|p2|Incineroar, L50, F|\n|poke|p2|Sylveon, L50, F|\n|teampreview|4\n|inactive|Battle timer is ON: inactive players will automatically lose when time's up. (requested by teal_knight)\n|inactive|smp on whimsicott has 60 seconds left.\n|\n|t:|1776350847\n|teamsize|p1|4\n|teamsize|p2|4\n|start\n|switch|p1a: Hydreigon|Hydreigon, L50, F|100/100\n|switch|p1b: Milotic|Milotic, L50, M|100/100\n|switch|p2a: Sinistcha|Sinistcha, L50|100/100\n|switch|p2b: Incineroar|Incineroar, L50, F|100/100\n|-ability|p2b: Incineroar|Intimidate|boost\n|-unboost|p1a: Hydreigon|atk|1\n|-unboost|p1b: Milotic|atk|1\n|-ability|p1b: Milotic|Competitive|boost\n|-boost|p1b: Milotic|spa|2\n|turn|1\n|\n|t:|1776350863\n|move|p2b: Incineroar|Fake Out|p1a: Hydreigon\n|-damage|p1a: Hydreigon|88/100\n|cant|p1a: Hydreigon|flinch\n|move|p1b: Milotic|Muddy Water|p2a: Sinistcha|[spread] p2a,p2b\n|-resisted|p2a: Sinistcha|1\n|-supereffective|p2b: Incineroar|1\n|-damage|p2a: Sinistcha|71/100\n|-damage|p2b: Incineroar|29/100\n|-enditem|p2b: Incineroar|Sitrus Berry|[eat]\n|-heal|p2b: Incineroar|54/100|[from] item: Sitrus Berry\n|move|p2a: Sinistcha|Trick Room|p2a: Sinistcha\n|-fieldstart|move: Trick Room|[of] p2a: Sinistcha\n|\n|upkeep\n|turn|2\n|\n|t:|1776350888\n|move|p2b: Incineroar|Parting Shot|p1a: Hydreigon\n|-unboost|p1a: Hydreigon|atk|1\n|-unboost|p1a: Hydreigon|spa|1\n|\n|t:|1776350896\n|switch|p2b: Aggron|Aggron, L50, F|100/100|[from] Parting Shot\n|move|p2a: Sinistcha|Matcha Gotcha|p1b: Milotic|[spread] p1a,p1b\n|-resisted|p1a: Hydreigon|1\n|-supereffective|p1b: Milotic|1\n|-damage|p1a: Hydreigon|76/100\n|-heal|p2a: Sinistcha|77/100|[from] drain|[of] p1a: Hydreigon\n|-damage|p1b: Milotic|62/100\n|-heal|p2a: Sinistcha|99/100|[from] drain|[of] p1b: Milotic\n|move|p1b: Milotic|Muddy Water|p2b: Aggron|[spread] p2a,p2b\n|-resisted|p2a: Sinistcha|1\n|-supereffective|p2b: Aggron|1\n|-damage|p2a: Sinistcha|71/100\n|-ability|p2b: Aggron|Sturdy\n|-damage|p2b: Aggron|1/100\n|-unboost|p2a: Sinistcha|accuracy|1\n|move|p1a: Hydreigon|Fire Blast|p2b: Aggron\n|-damage|p2b: Aggron|0 fnt\n|faint|p2b: Aggron\n|\n|-heal|p1b: Milotic|68/100|[from] item: Leftovers\n|upkeep\n|\n|t:|1776350901\n|switch|p2b: Sylveon|Sylveon, L50, F|100/100\n|turn|3\n|inactive|smp on whimsicott has 30 seconds left.\n|\n|t:|1776350932\n|move|p1b: Milotic|Protect|p1b: Milotic\n|-singleturn|p1b: Milotic|Protect\n|move|p2b: Sylveon|Hyper Voice|p1b: Milotic|[spread] p1a\n|-activate|p1b: Milotic|move: Protect\n|-supereffective|p1a: Hydreigon|2\n|-damage|p1a: Hydreigon|0 fnt\n|faint|p1a: Hydreigon\n|move|p2a: Sinistcha|Matcha Gotcha|p1b: Milotic\n|-activate|p1b: Milotic|move: Protect\n|\n|-heal|p1b: Milotic|74/100|[from] item: Leftovers\n|upkeep\n|\n|t:|1776350939\n|switch|p1a: Scizor|Scizor, L50, F|100/100\n|turn|4\n|\n|t:|1776350950\n|detailschange|p1a: Scizor|Scizor-Mega, L50, F\n|-mega|p1a: Scizor|Scizor|Scizorite\n|move|p2a: Sinistcha|Rage Powder|p2a: Sinistcha\n|-singleturn|p2a: Sinistcha|move: Rage Powder\n|move|p1a: Scizor|Bullet Punch|p2a: Sinistcha\n|-crit|p2a: Sinistcha\n|-damage|p2a: Sinistcha|28/100\n|move|p2b: Sylveon|Shadow Ball|p1a: Scizor\n|-damage|p1a: Scizor|73/100\n|-unboost|p1a: Scizor|spd|1\n|move|p1b: Milotic|Muddy Water|p2b: Sylveon|[spread] p2a,p2b\n|-resisted|p2a: Sinistcha|1\n|-damage|p2a: Sinistcha|0 fnt\n|-damage|p2b: Sylveon|58/100\n|-unboost|p2b: Sylveon|accuracy|1\n|faint|p2a: Sinistcha\n|\n|-heal|p1b: Milotic|80/100|[from] item: Leftovers\n|upkeep\n|\n|t:|1776350959\n|switch|p2a: Incineroar|Incineroar, L50, F|54/100\n|-ability|p2a: Incineroar|Intimidate|boost\n|-unboost|p1a: Scizor|atk|1\n|-unboost|p1b: Milotic|atk|1\n|-ability|p1b: Milotic|Competitive|boost\n|-boost|p1b: Milotic|spa|2\n|turn|5\n|\n|t:|1776350972\n|move|p1a: Scizor|Protect|p1a: Scizor\n|-singleturn|p1a: Scizor|Protect\n|move|p1b: Milotic|Protect|p1b: Milotic\n|-singleturn|p1b: Milotic|Protect\n|move|p2a: Incineroar|Fake Out|p1a: Scizor\n|-activate|p1a: Scizor|move: Protect\n|move|p2b: Sylveon|Calm Mind|p2b: Sylveon\n|-boost|p2b: Sylveon|spa|1\n|-boost|p2b: Sylveon|spd|1\n|\n|-heal|p1b: Milotic|86/100|[from] item: Leftovers\n|-fieldend|move: Trick Room\n|upkeep\n|turn|6\n|\n|t:|1776350993\n|switch|p1a: Garchomp|Garchomp, L50, M|100/100\n|move|p2b: Sylveon|Detect|p2b: Sylveon\n|-singleturn|p2b: Sylveon|Protect\n|move|p1b: Milotic|Muddy Water|p2a: Incineroar|[spread] p2a\n|-activate|p2b: Sylveon|move: Protect\n|-supereffective|p2a: Incineroar|1\n|-damage|p2a: Incineroar|0 fnt\n|faint|p2a: Incineroar\n|\n|-heal|p1b: Milotic|92/100|[from] item: Leftovers\n|upkeep\n|turn|7\n|\n|t:|1776351004\n|move|p1a: Garchomp|Stomping Tantrum|p2b: Sylveon\n|-damage|p2b: Sylveon|7/100\n|move|p1b: Milotic|Muddy Water|p2b: Sylveon|[miss]\n|-miss|p1b: Milotic|p2b: Sylveon\n|move|p2b: Sylveon|Hyper Voice|p1a: Garchomp|[spread] p1a\n|-miss|p2b: Sylveon|p1b: Milotic\n|-supereffective|p1a: Garchomp|1\n|-damage|p1a: Garchomp|0 fnt\n|faint|p1a: Garchomp\n|\n|-heal|p1b: Milotic|98/100|[from] item: Leftovers\n|upkeep\n|\n|t:|1776351007\n|switch|p1a: Scizor|Scizor-Mega, L50, F|73/100\n|turn|8\n|-message|teal_knight forfeited.\n|\n|win|smp on whimsicott\n|raw|smp on whimsicott's rating: 1381 &rarr; <strong>1396</strong><br />(+15 for winning)\n|raw|teal_knight's rating: 1286 &rarr; <strong>1268</strong><br />(-18 for losing)\n|l|\u2606teal_knight\n|player|p2|\n",
  "uploadtime": 1776351016,
  "views": 40,
  "formatid": "gen9championsvgc2026regma",
  "rating": 1268,
  "private": 0,
  "password": null
}