{
  "id": "gen9championsvgc2026regma-2588878287",
  "format": "[Gen 9 Champions] VGC 2026 Reg M-A",
  "players": [
    "Eecom",
    "naviapie32"
  ],
  "log": "|j|\u2606Eecom\n|j|\u2606naviapie32\n|t:|1776681593\n|gametype|doubles\n|player|p1|Eecom|1|1089\n|player|p2|naviapie32|169|1112\n|gen|9\n|tier|[Gen 9 Champions] VGC 2026 Reg M-A\n|rated|\n|rule|Species Clause: Limit one of each Pok\u00e9mon\n|rule|Item Clause: Limit 1 of each item\n|clearpoke\n|poke|p1|Meganium, L50, M, shiny|\n|poke|p1|Dragonite, L50, M, shiny|\n|poke|p1|Politoed, L50, M, shiny|\n|poke|p1|Espathra, L50, M, shiny|\n|poke|p1|Kingambit, L50, F|\n|poke|p1|Aerodactyl, L50, F, shiny|\n|poke|p2|Aggron, L50, M|\n|poke|p2|Umbreon, L50, M|\n|poke|p2|Incineroar, L50, M|\n|poke|p2|Slowbro, L50, F|\n|poke|p2|Aerodactyl, L50, F|\n|poke|p2|Sinistcha-Masterpiece, L50|\n|teampreview|4\n|inactive|Battle timer is ON: inactive players will automatically lose when time's up. (requested by naviapie32)\n|\n|t:|1776681620\n|teamsize|p1|4\n|teamsize|p2|4\n|start\n|switch|p1a: Espathra|Espathra, L50, M, shiny|100/100\n|switch|p1b: Aerodactyl|Aerodactyl, L50, F, shiny|100/100\n|switch|p2a: Slowbro|Slowbro, L50, F|100/100\n|switch|p2b: Umbreon|Umbreon, L50, M|100/100\n|-ability|p1b: Aerodactyl|Unnerve\n|turn|1\n|inactive|Eecom has 30 seconds left.\n|\n|t:|1776681648\n|switch|p1b: Politoed|Politoed, L50, M, shiny|100/100\n|-weather|RainDance|[from] ability: Drizzle|[of] p1b: Politoed\n|move|p1a: Espathra|Protect|p1a: Espathra\n|-singleturn|p1a: Espathra|Protect\n|move|p2b: Umbreon|Snarl|p1b: Politoed|[spread] p1b\n|-activate|p1a: Espathra|move: Protect\n|-damage|p1b: Politoed|90/100\n|-unboost|p1b: Politoed|spa|1\n|move|p2a: Slowbro|Trick Room|p2a: Slowbro\n|-fieldstart|move: Trick Room|[of] p2a: Slowbro\n|\n|-weather|RainDance|[upkeep]\n|-heal|p1b: Politoed|96/100|[from] item: Leftovers\n|-ability|p1a: Espathra|Speed Boost|boost\n|-boost|p1a: Espathra|spe|1\n|upkeep\n|turn|2\n|\n|t:|1776681668\n|move|p2a: Slowbro|Substitute|p2a: Slowbro\n|-start|p2a: Slowbro|Substitute\n|-damage|p2a: Slowbro|76/100\n|move|p2b: Umbreon|Foul Play|p1a: Espathra\n|-supereffective|p1a: Espathra|1\n|-damage|p1a: Espathra|50/100\n|-enditem|p1a: Espathra|Sitrus Berry|[eat]\n|-heal|p1a: Espathra|75/100|[from] item: Sitrus Berry\n|move|p1b: Politoed|Muddy Water|p2b: Umbreon|[spread] p2a,p2b\n|-resisted|p2a: Slowbro|1\n|-activate|p2a: Slowbro|move: Substitute|[damage]\n|-damage|p2b: Umbreon|87/100\n|-unboost|p2b: Umbreon|accuracy|1\n|move|p1a: Espathra|Calm Mind|p1a: Espathra\n|-boost|p1a: Espathra|spa|1\n|-boost|p1a: Espathra|spd|1\n|\n|-weather|RainDance|[upkeep]\n|-heal|p2b: Umbreon|92/100|[from] item: Leftovers\n|-heal|p1b: Politoed|100/100|[from] item: Leftovers\n|-ability|p1a: Espathra|Speed Boost|boost\n|-boost|p1a: Espathra|spe|1\n|upkeep\n|turn|3\n|inactive|naviapie32 has 30 seconds left.\n|inactive|naviapie32 has 20 seconds left.\n|\n|t:|1776681707\n|move|p1a: Espathra|Protect|p1a: Espathra\n|-singleturn|p1a: Espathra|Protect\n|move|p2a: Slowbro|Psychic|p1a: Espathra\n|-activate|p1a: Espathra|move: Protect\n|move|p2b: Umbreon|Foul Play|p1a: Espathra\n|-activate|p1a: Espathra|move: Protect\n|move|p1b: Politoed|Muddy Water|p2b: Umbreon|[spread] p2a,p2b\n|-resisted|p2a: Slowbro|1\n|-activate|p2a: Slowbro|move: Substitute|[damage]\n|-damage|p2b: Umbreon|77/100\n|\n|-weather|RainDance|[upkeep]\n|-heal|p2b: Umbreon|82/100|[from] item: Leftovers\n|-ability|p1a: Espathra|Speed Boost|boost\n|-boost|p1a: Espathra|spe|1\n|upkeep\n|turn|4\n|inactive|Eecom has 30 seconds left.\n|\n|t:|1776681741\n|move|p2a: Slowbro|Psychic|p1a: Espathra\n|-resisted|p1a: Espathra|1\n|-damage|p1a: Espathra|59/100\n|move|p2b: Umbreon|Foul Play|p1a: Espathra\n|-supereffective|p1a: Espathra|1\n|-damage|p1a: Espathra|7/100\n|move|p1b: Politoed|Muddy Water|p2a: Slowbro|[spread] p2a,p2b\n|-resisted|p2a: Slowbro|1\n|-activate|p2a: Slowbro|move: Substitute|[damage]\n|-damage|p2b: Umbreon|68/100\n|move|p1a: Espathra|Baton Pass|p1a: Espathra\n|\n|t:|1776681754\n|switch|p1a: Dragonite|Dragonite, L50, M, shiny|100/100|[from] Baton Pass\n|\n|-weather|RainDance|[upkeep]\n|-heal|p2b: Umbreon|74/100|[from] item: Leftovers\n|upkeep\n|turn|5\n|\n|t:|1776681773\n|detailschange|p1a: Dragonite|Dragonite-Mega, L50, M, shiny\n|-mega|p1a: Dragonite|Dragonite|Dragoninite\n|move|p2a: Slowbro|Protect|p2a: Slowbro\n|-singleturn|p2a: Slowbro|Protect\n|move|p2b: Umbreon|Guard Swap|p1a: Dragonite\n|-swapboost|p2b: Umbreon|p1a: Dragonite|def, spd|[from] move: Guard Swap\n|move|p1b: Politoed|Muddy Water|p2b: Umbreon|[spread] p2b\n|-activate|p2a: Slowbro|move: Protect\n|-damage|p2b: Umbreon|64/100\n|move|p1a: Dragonite|Hurricane|p2b: Umbreon\n|-damage|p2b: Umbreon|21/100\n|\n|-weather|none\n|-heal|p2b: Umbreon|27/100|[from] item: Leftovers\n|-fieldend|move: Trick Room\n|upkeep\n|turn|6\n|inactive|Eecom has 30 seconds left.\n|\n|t:|1776681807\n|switch|p1b: Espathra|Espathra, L50, M, shiny|7/100\n|move|p2b: Umbreon|Protect|p2b: Umbreon\n|-singleturn|p2b: Umbreon|Protect\n|move|p1a: Dragonite|Ice Beam|p2b: Umbreon\n|-activate|p2b: Umbreon|move: Protect\n|move|p2a: Slowbro|Trick Room|p2a: Slowbro\n|-fieldstart|move: Trick Room|[of] p2a: Slowbro\n|\n|-heal|p2b: Umbreon|32/100|[from] item: Leftovers\n|upkeep\n|turn|7\n|\n|t:|1776681823\n|switch|p1b: Politoed|Politoed, L50, M, shiny|100/100\n|-weather|RainDance|[from] ability: Drizzle|[of] p1b: Politoed\n|move|p2a: Slowbro|Psychic|p1a: Dragonite\n|-damage|p1a: Dragonite|86/100\n|move|p2b: Umbreon|Snarl|p1a: Dragonite|[spread] p1a,p1b\n|-damage|p1a: Dragonite|78/100\n|-damage|p1b: Politoed|90/100\n|-unboost|p1a: Dragonite|spa|1\n|-unboost|p1b: Politoed|spa|1\n|move|p1a: Dragonite|Hurricane|p2b: Umbreon\n|-damage|p2b: Umbreon|4/100\n|\n|-weather|RainDance|[upkeep]\n|-heal|p2b: Umbreon|10/100|[from] item: Leftovers\n|-heal|p1b: Politoed|96/100|[from] item: Leftovers\n|upkeep\n|turn|8\n|inactive|naviapie32 has 30 seconds left.\n|inactive|naviapie32 has 20 seconds left.\n|\n|t:|1776681860\n|move|p2a: Slowbro|Psychic|p1a: Dragonite\n|-damage|p1a: Dragonite|53/100\n|move|p2b: Umbreon|Foul Play|p1a: Dragonite\n|-damage|p1a: Dragonite|21/100\n|move|p1b: Politoed|Muddy Water|p2b: Umbreon|[spread] p2a,p2b\n|-resisted|p2a: Slowbro|1\n|-end|p2a: Slowbro|Substitute\n|-damage|p2b: Umbreon|0 fnt\n|faint|p2b: Umbreon\n|move|p1a: Dragonite|Thunder|p2a: Slowbro\n|-supereffective|p2a: Slowbro|1\n|-damage|p2a: Slowbro|11/100\n|-status|p2a: Slowbro|par\n|\n|-weather|RainDance|[upkeep]\n|-heal|p1b: Politoed|100/100|[from] item: Leftovers\n|upkeep\n|\n|t:|1776681876\n|switch|p2b: Aggron|Aggron, L50, M|100/100\n|turn|9\n|\n|t:|1776681886\n|switch|p1a: Espathra|Espathra, L50, M, shiny|7/100\n|detailschange|p2b: Aggron|Aggron-Mega, L50, M\n|-mega|p2b: Aggron|Aggron|Aggronite\n|move|p2a: Slowbro|Psychic|p1a: Espathra\n|-resisted|p1a: Espathra|1\n|-damage|p1a: Espathra|0 fnt\n|faint|p1a: Espathra\n|move|p2b: Aggron|Iron Defense|p2b: Aggron\n|-boost|p2b: Aggron|def|2\n|move|p1b: Politoed|Muddy Water|p2a: Slowbro|[spread] p2a,p2b\n|-resisted|p2a: Slowbro|1\n|-damage|p2a: Slowbro|3/100 par\n|-damage|p2b: Aggron|81/100\n|\n|-weather|RainDance|[upkeep]\n|upkeep\n|\n|t:|1776681899\n|switch|p1a: Dragonite|Dragonite-Mega, L50, M, shiny|21/100\n|turn|10\n|\n|t:|1776681911\n|move|p1b: Politoed|Protect|p1b: Politoed\n|-singleturn|p1b: Politoed|Protect\n|move|p1a: Dragonite|Protect|p1a: Dragonite\n|-singleturn|p1a: Dragonite|Protect\n|move|p2a: Slowbro|Psychic|p1a: Dragonite\n|-activate|p1a: Dragonite|move: Protect\n|move|p2b: Aggron|Body Press|p1b: Politoed\n|-activate|p1b: Politoed|move: Protect\n|\n|-weather|RainDance|[upkeep]\n|-fieldend|move: Trick Room\n|upkeep\n|turn|11\n|\n|t:|1776681936\n|switch|p2a: Sinistcha|Sinistcha-Masterpiece, L50|100/100\n|-heal|p2b: Aggron|100/100|[from] ability: Hospitality|[of] p2a: Sinistcha\n|move|p2b: Aggron|Protect|p2b: Aggron\n|-singleturn|p2b: Aggron|Protect\n|move|p1a: Dragonite|Hurricane|p2a: Sinistcha\n|-supereffective|p2a: Sinistcha|1\n|-damage|p2a: Sinistcha|0 fnt\n|faint|p2a: Sinistcha\n|move|p1b: Politoed|Weather Ball|p2b: Aggron\n|-activate|p2b: Aggron|move: Protect\n|\n|-weather|none\n|upkeep\n|\n|t:|1776681945\n|switch|p2a: Slowbro|Slowbro, L50, F|36/100 par\n|turn|12\n|\n|t:|1776681953\n|move|p1a: Dragonite|Thunder|p2a: Slowbro|[miss]\n|-miss|p1a: Dragonite|p2a: Slowbro\n|move|p1b: Politoed|Muddy Water|p2a: Slowbro|[spread] p2b\n|-miss|p1b: Politoed|p2a: Slowbro\n|-damage|p2b: Aggron|88/100\n|move|p2b: Aggron|Body Press|p1b: Politoed\n|-damage|p1b: Politoed|11/100\n|move|p2a: Slowbro|Trick Room|p2a: Slowbro\n|-fieldstart|move: Trick Room|[of] p2a: Slowbro\n|\n|-heal|p1b: Politoed|17/100|[from] item: Leftovers\n|upkeep\n|turn|13\n|-message|Eecom forfeited.\n|\n|win|naviapie32\n|raw|Eecom's rating: 1089 &rarr; <strong>1067</strong><br />(-22 for losing)\n|raw|naviapie32's rating: 1112 &rarr; <strong>1135</strong><br />(+23 for winning)\n|l|\u2606Eecom\n|player|p1|\n",
  "uploadtime": 1776681977,
  "views": 14,
  "formatid": "gen9championsvgc2026regma",
  "rating": 1067,
  "private": 0,
  "password": null
}