{
  "id": "gen9championsvgc2026regma-2586464996",
  "format": "[Gen 9 Champions] VGC 2026 Reg M-A",
  "players": [
    "perona 33",
    "Scizorboiye"
  ],
  "log": "|j|\u2606perona 33\n|j|\u2606Scizorboiye\n|t:|1776436556\n|gametype|doubles\n|player|p1|perona 33|steven|1080\n|player|p2|Scizorboiye|ingo-hisui|1082\n|gen|9\n|tier|[Gen 9 Champions] VGC 2026 Reg M-A\n|rated|\n|rule|Species Clause: Limit one of each Pok\u00e9mon\n|rule|Item Clause: Limit 1 of each item\n|clearpoke\n|poke|p1|Sylveon, L50, F|\n|poke|p1|Arcanine, L50, M|\n|poke|p1|Basculegion, L50, M|\n|poke|p1|Tyranitar, L50, F|\n|poke|p1|Sneasler, L50, F|\n|poke|p1|Starmie, L50|\n|poke|p2|Aggron, L50, M|\n|poke|p2|Hatterene, L50, F|\n|poke|p2|Cofagrigus, L50, F|\n|poke|p2|Drampa, L50, M|\n|poke|p2|Sinistcha-Masterpiece, L50|\n|poke|p2|Crabominable, L50, F|\n|teampreview|4\n|\n|t:|1776436592\n|teamsize|p1|4\n|teamsize|p2|4\n|start\n|switch|p1a: Arcanine|Arcanine, L50, M, shiny|100/100\n|switch|p1b: Basculegion|Basculegion, L50, M|100/100\n|switch|p2a: Sinistcha|Sinistcha-Masterpiece, L50|100/100\n|switch|p2b: Aggron|Aggron, L50, M|100/100\n|-ability|p1a: Arcanine|Intimidate|boost\n|-unboost|p2a: Sinistcha|atk|1\n|-unboost|p2b: Aggron|atk|1\n|turn|1\n|\n|t:|1776436621\n|detailschange|p2b: Aggron|Aggron-Mega, L50, M\n|-mega|p2b: Aggron|Aggron|Aggronite\n|move|p1a: Arcanine|Protect|p1a: Arcanine\n|-singleturn|p1a: Arcanine|Protect\n|move|p1b: Basculegion|Flip Turn|p2b: Aggron\n|-damage|p2b: Aggron|83/100\n|\n|t:|1776436627\n|switch|p1b: Sneasler|Sneasler, L50, F, shiny|100/100|[from] Flip Turn\n|move|p2b: Aggron|Iron Defense|p2b: Aggron\n|-boost|p2b: Aggron|def|2\n|move|p2a: Sinistcha|Trick Room|p2a: Sinistcha\n|-fieldstart|move: Trick Room|[of] p2a: Sinistcha\n|\n|upkeep\n|turn|2\n|\n|t:|1776436651\n|move|p2a: Sinistcha|Rage Powder|p2a: Sinistcha\n|-singleturn|p2a: Sinistcha|move: Rage Powder\n|move|p2b: Aggron|Earthquake|p1b: Sneasler|[spread] p2a,p1a,p1b\n|-resisted|p2a: Sinistcha|1\n|-supereffective|p1a: Arcanine|1\n|-supereffective|p1b: Sneasler|1\n|-damage|p2a: Sinistcha|91/100\n|-damage|p1a: Arcanine|49/100\n|-damage|p1b: Sneasler|45/100\n|move|p1b: Sneasler|Close Combat|p2a: Sinistcha\n|-immune|p2a: Sinistcha\n|move|p1a: Arcanine|Flare Blitz|p2a: Sinistcha\n|-supereffective|p2a: Sinistcha|1\n|-damage|p2a: Sinistcha|0 fnt\n|faint|p2a: Sinistcha\n|-damage|p1a: Arcanine|23/100|[from] Recoil\n|-heal|p1a: Arcanine|32/100|[from] item: Shell Bell|[of] p2: Sinistcha\n|\n|upkeep\n|\n|t:|1776436664\n|switch|p2a: Hatterene|Hatterene, L50, F|100/100\n|turn|3\n|\n|t:|1776436677\n|switch|p1a: Basculegion|Basculegion, L50, M|100/100\n|move|p1b: Sneasler|Protect|p1b: Sneasler\n|-singleturn|p1b: Sneasler|Protect\n|move|p2a: Hatterene|Dazzling Gleam|p1b: Sneasler|[spread] p1a\n|-activate|p1b: Sneasler|move: Protect\n|-damage|p1a: Basculegion|56/100\n|move|p2b: Aggron|Earthquake|p1b: Sneasler|[spread] p2a,p1a\n|-activate|p1b: Sneasler|move: Protect\n|-damage|p2a: Hatterene|75/100\n|-damage|p1a: Basculegion|32/100\n|\n|upkeep\n|turn|4\n|\n|t:|1776436699\n|switch|p1b: Starmie|Starmie, L50, shiny|100/100\n|move|p1a: Basculegion|Aqua Jet|p2a: Hatterene\n|-damage|p2a: Hatterene|38/100\n|-enditem|p2a: Hatterene|Sitrus Berry|[eat]\n|-heal|p2a: Hatterene|63/100|[from] item: Sitrus Berry\n|move|p2a: Hatterene|Psychic|p1b: Starmie\n|-resisted|p1b: Starmie|1\n|-damage|p1b: Starmie|61/100\n|move|p2b: Aggron|Rock Slide|p1a: Basculegion|[spread] p1a,p1b\n|-damage|p1a: Basculegion|14/100\n|-damage|p1b: Starmie|39/100\n|\n|upkeep\n|turn|5\n|\n|t:|1776436726\n|switch|p1a: Arcanine|Arcanine, L50, M, shiny|32/100\n|-ability|p1a: Arcanine|Intimidate|boost\n|-unboost|p2a: Hatterene|atk|1\n|-unboost|p2b: Aggron|atk|1\n|detailschange|p1b: Starmie|Starmie-Mega, L50, shiny\n|-mega|p1b: Starmie|Starmie|Starminite\n|move|p1b: Starmie|Protect|p1b: Starmie\n|-singleturn|p1b: Starmie|Protect\n|move|p2a: Hatterene|Dazzling Gleam|p1b: Starmie|[spread] p1a\n|-activate|p1b: Starmie|move: Protect\n|-resisted|p1a: Arcanine|1\n|-damage|p1a: Arcanine|8/100\n|move|p2b: Aggron|Earthquake|p1a: Arcanine|[spread] p2a,p1a\n|-activate|p1b: Starmie|move: Protect\n|-supereffective|p1a: Arcanine|1\n|-damage|p2a: Hatterene|45/100\n|-damage|p1a: Arcanine|0 fnt\n|faint|p1a: Arcanine\n|\n|-fieldend|move: Trick Room\n|upkeep\n|\n|t:|1776436742\n|switch|p1a: Sneasler|Sneasler, L50, F, shiny|45/100\n|turn|6\n|\n|t:|1776436752\n|move|p1b: Starmie|Aqua Jet|p2a: Hatterene\n|-damage|p2a: Hatterene|0 fnt\n|faint|p2a: Hatterene\n|move|p1a: Sneasler|Close Combat|p2b: Aggron\n|-supereffective|p2b: Aggron|1\n|-damage|p2b: Aggron|60/100\n|-unboost|p1a: Sneasler|def|1\n|-unboost|p1a: Sneasler|spd|1\n|-enditem|p1a: Sneasler|White Herb\n|-clearnegativeboost|p1a: Sneasler|[silent]\n|move|p2b: Aggron|Body Press|p1b: Starmie\n|-resisted|p1b: Starmie|1\n|-damage|p1b: Starmie|0 fnt\n|faint|p1b: Starmie\n|\n|upkeep\n|\n|t:|1776436765\n|switch|p1b: Basculegion|Basculegion, L50, M|14/100\n|switch|p2a: Crabominable|Crabominable, L50, F|100/100\n|turn|7\n|\n|t:|1776436778\n|move|p1a: Sneasler|Close Combat|p2b: Aggron\n|-supereffective|p2b: Aggron|1\n|-damage|p2b: Aggron|37/100\n|-unboost|p1a: Sneasler|def|1\n|-unboost|p1a: Sneasler|spd|1\n|move|p1b: Basculegion|Flip Turn|p2b: Aggron\n|-damage|p2b: Aggron|27/100\n|move|p2b: Aggron|Body Press|p1a: Sneasler\n|-resisted|p1a: Sneasler|1\n|-damage|p1a: Sneasler|0 fnt\n|faint|p1a: Sneasler\n|move|p2a: Crabominable|Thunder Punch|p1b: Basculegion\n|-supereffective|p1b: Basculegion|1\n|-damage|p1b: Basculegion|0 fnt\n|faint|p1b: Basculegion\n|\n|win|Scizorboiye\n|raw|perona 33's rating: 1080 &rarr; <strong>1058</strong><br />(-22 for losing)\n|raw|Scizorboiye's rating: 1082 &rarr; <strong>1110</strong><br />(+28 for winning)\n|l|\u2606perona 33\n|player|p1|\n",
  "uploadtime": 1776436801,
  "views": 21,
  "formatid": "gen9championsvgc2026regma",
  "rating": 1058,
  "private": 0,
  "password": null
}