{
  "id": "gen9championsvgc2026regma-2585350577",
  "format": "[Gen 9 Champions] VGC 2026 Reg M-A",
  "players": [
    "SANJAClNTO",
    "blog2"
  ],
  "log": "|j|\u2606SANJAClNTO\n|j|\u2606blog2\n|t:|1776340354\n|gametype|doubles\n|player|p1|SANJAClNTO|102|1056\n|player|p2|blog2|170|1000\n|gen|9\n|tier|[Gen 9 Champions] VGC 2026 Reg M-A\n|rated|\n|rule|Species Clause: Limit one of each Pok\u00e9mon\n|rule|Item Clause: Limit 1 of each item\n|clearpoke\n|poke|p1|Sneasler, L50, M|\n|poke|p1|Gengar, L50, M|\n|poke|p1|Kingambit, L50, M|\n|poke|p1|Garchomp, L50, M|\n|poke|p1|Whimsicott, L50, F|\n|poke|p1|Incineroar, L50, F|\n|poke|p2|Dragonite, L50, M|\n|poke|p2|Alakazam, L50, F|\n|poke|p2|Mamoswine, L50, F|\n|poke|p2|Sneasler, L50, F|\n|poke|p2|Sinistcha, L50|\n|poke|p2|Tinkaton, L50, F|\n|teampreview|4\n|\n|t:|1776340401\n|teamsize|p1|4\n|teamsize|p2|4\n|start\n|switch|p1a: Whimsicott|Whimsicott, L50, F|100/100\n|switch|p1b: Kingambit|Kingambit, L50, M|100/100\n|switch|p2a: Sneasler|Sneasler, L50, F|100/100\n|switch|p2b: Mamoswine|Mamoswine, L50, F|100/100\n|turn|1\n|inactive|Battle timer is ON: inactive players will automatically lose when time's up. (requested by blog2)\n|\n|t:|1776340429\n|move|p1a: Whimsicott|Tailwind|p1a: Whimsicott\n|-sidestart|p1: SANJAClNTO|move: Tailwind\n|move|p2a: Sneasler|Poison Jab|p1a: Whimsicott\n|-supereffective|p1a: Whimsicott|2\n|-enditem|p1a: Whimsicott|Focus Sash\n|-damage|p1a: Whimsicott|1/100\n|move|p1b: Kingambit|Iron Head|p2b: Mamoswine\n|-supereffective|p2b: Mamoswine|1\n|-damage|p2b: Mamoswine|3/100\n|-enditem|p2b: Mamoswine|Sitrus Berry|[eat]\n|-heal|p2b: Mamoswine|28/100|[from] item: Sitrus Berry\n|move|p2b: Mamoswine|High Horsepower|p1b: Kingambit\n|-supereffective|p1b: Kingambit|1\n|-damage|p1b: Kingambit|24/100\n|\n|upkeep\n|turn|2\n|inactive|SANJAClNTO has 30 seconds left.\n|\n|t:|1776340463\n|switch|p1a: Incineroar|Incineroar, L50, F|100/100\n|-ability|p1a: Incineroar|Intimidate|boost\n|-unboost|p2a: Sneasler|atk|1\n|-unboost|p2b: Mamoswine|atk|1\n|move|p2b: Mamoswine|Protect|p2b: Mamoswine\n|-singleturn|p2b: Mamoswine|Protect\n|move|p1b: Kingambit|Sucker Punch||[still]\n|-fail|p1b: Kingambit\n|move|p2a: Sneasler|Close Combat|p1b: Kingambit\n|-supereffective|p1b: Kingambit|2\n|-damage|p1b: Kingambit|0 fnt\n|-unboost|p2a: Sneasler|def|1\n|-unboost|p2a: Sneasler|spd|1\n|faint|p1b: Kingambit\n|\n|upkeep\n|\n|t:|1776340472\n|switch|p1b: Gengar|Gengar, L50, M|100/100\n|turn|3\n|\n|t:|1776340493\n|switch|p2b: Dragonite|Dragonite, L50, M|100/100\n|detailschange|p1b: Gengar|Gengar-Mega, L50, M\n|-mega|p1b: Gengar|Gengar|Gengarite\n|move|p2a: Sneasler|Protect|p2a: Sneasler\n|-singleturn|p2a: Sneasler|Protect\n|move|p1a: Incineroar|Fake Out|p2a: Sneasler\n|-activate|p2a: Sneasler|move: Protect\n|move|p1b: Gengar|Shadow Ball|p2b: Dragonite\n|-damage|p2b: Dragonite|76/100\n|\n|upkeep\n|turn|4\n|inactive|SANJAClNTO has 30 seconds left.\n|inactive|blog2 has 30 seconds left.\n|inactive|SANJAClNTO has 20 seconds left.\n|inactive|blog2 has 20 seconds left.\n|\n|t:|1776340533\n|detailschange|p2b: Dragonite|Dragonite-Mega, L50, M\n|-mega|p2b: Dragonite|Dragonite|Dragoninite\n|move|p2b: Dragonite|Protect|p2b: Dragonite\n|-singleturn|p2b: Dragonite|Protect\n|move|p1b: Gengar|Thunderbolt|p2b: Dragonite\n|-activate|p2b: Dragonite|move: Protect\n|move|p2a: Sneasler|Throat Chop|p1b: Gengar\n|-supereffective|p1b: Gengar|1\n|-damage|p1b: Gengar|38/100\n|-start|p1b: Gengar|Throat Chop|[silent]\n|move|p1a: Incineroar|Parting Shot|p2b: Dragonite\n|-activate|p2b: Dragonite|move: Protect\n|\n|-sideend|p1: SANJAClNTO|move: Tailwind\n|upkeep\n|turn|5\n|\n|t:|1776340554\n|move|p2a: Sneasler|Protect|p2a: Sneasler\n|-singleturn|p2a: Sneasler|Protect\n|move|p1b: Gengar|Shadow Ball|p2b: Dragonite\n|-damage|p2b: Dragonite|36/100\n|-unboost|p2b: Dragonite|spd|1\n|move|p2b: Dragonite|Dragon Pulse|p1b: Gengar\n|-damage|p1b: Gengar|0 fnt\n|faint|p1b: Gengar\n|move|p1a: Incineroar|Parting Shot|p2b: Dragonite\n|-unboost|p2b: Dragonite|atk|1\n|-unboost|p2b: Dragonite|spa|1\n|l|\u2606SANJAClNTO\n|inactive|SANJAClNTO disconnected and has a minute to reconnect!\n|player|p1|\n|inactive|SANJAClNTO has 30 seconds left.\n|inactive|SANJAClNTO has 20 seconds left.\n|inactive|SANJAClNTO has 15 seconds left.\n|inactive|SANJAClNTO has 10 seconds left.\n|inactive|SANJAClNTO has 5 seconds left.\n|-message|SANJAClNTO lost due to inactivity.\n|\n|win|blog2\n|raw|SANJAClNTO's rating: 1056 &rarr; <strong>1035</strong><br />(-21 for losing)\n|raw|blog2's rating: 1000 &rarr; <strong>1046</strong><br />(+46 for winning)\n",
  "uploadtime": 1776340660,
  "views": 29,
  "formatid": "gen9championsvgc2026regma",
  "rating": 1035,
  "private": 0,
  "password": null
}