{
  "id": "gen9championsvgc2026regma-2581991049",
  "format": "[Gen 9 Champions] VGC 2026 Reg M-A",
  "players": [
    "elgra",
    "sandwhale"
  ],
  "log": "|j|\u2606elgra\n|j|\u2606sandwhale\n|t:|1776046234\n|gametype|doubles\n|player|p1|elgra|proton|1093\n|player|p2|sandwhale|101|1056\n|gen|9\n|tier|[Gen 9 Champions] VGC 2026 Reg M-A\n|rated|\n|rule|Species Clause: Limit one of each Pok\u00e9mon\n|rule|Item Clause: Limit 1 of each item\n|clearpoke\n|poke|p1|Klefki, L50, F|\n|poke|p1|Pelipper, L50, M|\n|poke|p1|Gengar, L50, M|\n|poke|p1|Archaludon, L50, F|\n|poke|p1|Garchomp, L50, F|\n|poke|p1|Rotom-Heat, L50|\n|poke|p2|Sneasler, L50, M|\n|poke|p2|Aerodactyl, L50, M|\n|poke|p2|Milotic, L50, M|\n|poke|p2|Serperior, L50, F|\n|poke|p2|Lucario, L50, F|\n|poke|p2|Chandelure, L50, M|\n|teampreview|4\nelgra has agreed to open team sheets.\n|\n|t:|1776046291\n|teamsize|p1|4\n|teamsize|p2|4\n|start\n|switch|p1a: Klefki|Klefki, L50, F|100/100\n|switch|p1b: Pelipper|Pelipper, L50, M|100/100\n|switch|p2a: Lucario|Lucario, L50, F|100/100\n|switch|p2b: Sneasler|Sneasler, L50, M|100/100\n|-weather|RainDance|[from] ability: Drizzle|[of] p1b: Pelipper\n|turn|1\n|\n|t:|1776046310\n|move|p2b: Sneasler|Fake Out|p1a: Klefki\n|-resisted|p1a: Klefki|1\n|-damage|p1a: Klefki|93/100\n|cant|p1a: Klefki|flinch\n|move|p2a: Lucario|Bulk Up|p2a: Lucario\n|-boost|p2a: Lucario|atk|1\n|-boost|p2a: Lucario|def|1\n|move|p1b: Pelipper|Tailwind|p1b: Pelipper\n|-sidestart|p1: elgra|move: Tailwind\n|\n|-weather|RainDance|[upkeep]\n|upkeep\n|turn|2\n|\n|t:|1776046344\n|detailschange|p2a: Lucario|Lucario-Mega, L50, F\n|-mega|p2a: Lucario|Lucario|Lucarionite\n|move|p1a: Klefki|Reflect|p1a: Klefki\n|-sidestart|p1: elgra|Reflect\n|move|p2a: Lucario|Bullet Punch|p1a: Klefki\n|-crit|p1a: Klefki\n|-damage|p1a: Klefki|20/100\n|move|p1b: Pelipper|Hurricane|p2b: Sneasler\n|-supereffective|p2b: Sneasler|1\n|-damage|p2b: Sneasler|0 fnt\n|faint|p2b: Sneasler\n|\n|-weather|RainDance|[upkeep]\n|upkeep\n|\n|t:|1776046359\n|switch|p2b: Aerodactyl|Aerodactyl, L50, M|100/100\n|turn|3\n|\n|t:|1776046376\n|move|p1a: Klefki|Thunder Wave|p2a: Lucario\n|-status|p2a: Lucario|par\n|move|p1b: Pelipper|Hurricane|p2a: Lucario\n|-damage|p2a: Lucario|34/100 par\n|move|p2b: Aerodactyl|Tailwind|p2b: Aerodactyl\n|-sidestart|p2: sandwhale|move: Tailwind\n|move|p2a: Lucario|Drain Punch|p1a: Klefki\n|-damage|p1a: Klefki|0 fnt\n|-heal|p2a: Lucario|42/100 par|[from] drain|[of] p1a: Klefki\n|faint|p1a: Klefki\n|\n|-weather|RainDance|[upkeep]\n|upkeep\n|\n|t:|1776046389\n|switch|p1a: Archaludon|Archaludon, L50, F|100/100\n|turn|4\n|\n|t:|1776046411\n|switch|p1a: Gengar|Gengar, L50, M|100/100\n|move|p2b: Aerodactyl|Rock Slide|p1a: Gengar|[spread] p1a,p1b\n|-supereffective|p1b: Pelipper|1\n|-damage|p1a: Gengar|66/100\n|-damage|p1b: Pelipper|59/100\n|move|p1b: Pelipper|Hurricane|p2a: Lucario\n|-damage|p2a: Lucario|0 fnt\n|faint|p2a: Lucario\n|\n|-weather|RainDance|[upkeep]\n|-sideend|p1: elgra|move: Tailwind\n|upkeep\n|\n|t:|1776046419\n|switch|p2a: Serperior|Serperior, L50, F|100/100\n|turn|5\n|\n|t:|1776046431\n|detailschange|p1a: Gengar|Gengar-Mega, L50, M\n|-mega|p1a: Gengar|Gengar|Gengarite\n|move|p1b: Pelipper|Protect|p1b: Pelipper\n|-singleturn|p1b: Pelipper|Protect\n|move|p2a: Serperior|Leaf Storm|p1b: Pelipper\n|-activate|p1b: Pelipper|move: Protect\n|move|p2b: Aerodactyl|Rock Slide|p1b: Pelipper|[spread] p1a\n|-activate|p1b: Pelipper|move: Protect\n|-damage|p1a: Gengar|41/100\n|move|p1a: Gengar|Sludge Wave|p2b: Aerodactyl|[spread] p2a,p2b\n|-activate|p1b: Pelipper|move: Protect\n|-supereffective|p2a: Serperior|1\n|-resisted|p2b: Aerodactyl|1\n|-damage|p2a: Serperior|0 fnt\n|-damage|p2b: Aerodactyl|68/100\n|faint|p2a: Serperior\n|\n|-weather|none\n|upkeep\n|turn|6\n|-message|sandwhale forfeited.\n|\n|win|elgra\n|raw|elgra's rating: 1093 &rarr; <strong>1116</strong><br />(+23 for winning)\n|raw|sandwhale's rating: 1056 &rarr; <strong>1040</strong><br />(-16 for losing)\n|l|\u2606sandwhale\n|player|p2|\n",
  "uploadtime": 1776046453,
  "views": 13,
  "formatid": "gen9championsvgc2026regma",
  "rating": 1040,
  "private": 0,
  "password": null
}