{
  "id": "gen9championsvgc2026regma-2585876175",
  "format": "[Gen 9 Champions] VGC 2026 Reg M-A",
  "players": [
    "O Pausanias",
    "Shadow_Speed0"
  ],
  "log": "|j|\u2606O Pausanias\n|j|\u2606Shadow_Speed0\n|t:|1776377585\n|gametype|doubles\n|player|p1|O Pausanias|az|1210\n|player|p2|Shadow_Speed0|101|1236\n|gen|9\n|tier|[Gen 9 Champions] VGC 2026 Reg M-A\n|rated|\n|rule|Species Clause: Limit one of each Pok\u00e9mon\n|rule|Item Clause: Limit 1 of each item\n|clearpoke\n|poke|p1|Gardevoir, L50, F|\n|poke|p1|Charizard, L50, M|\n|poke|p1|Venusaur, L50, M|\n|poke|p1|Milotic, L50, F|\n|poke|p1|Garchomp, L50, F|\n|poke|p1|Incineroar, L50, M|\n|poke|p2|Garganacl, L50, M|\n|poke|p2|Blastoise, L50, F|\n|poke|p2|Sneasler, L50, F|\n|poke|p2|Orthworm, L50, M|\n|poke|p2|Froslass, L50, F|\n|poke|p2|Dragapult, L50, M|\n|teampreview|4\n|\n|t:|1776377658\n|teamsize|p1|4\n|teamsize|p2|4\n|start\n|switch|p1a: Gardevoir|Gardevoir, L50, F|100/100\n|switch|p1b: Incineroar|Incineroar, L50, M|100/100\n|switch|p2a: Orthworm|Orthworm, L50, M|100/100\n|switch|p2b: Blastoise|Blastoise, L50, F|100/100\n|-ability|p1b: Incineroar|Intimidate|boost\n|-unboost|p2a: Orthworm|atk|1\n|-unboost|p2b: Blastoise|atk|1\n|-enditem|p2b: Blastoise|White Herb\n|-clearnegativeboost|p2b: Blastoise|[silent]\n|turn|1\n|\n|t:|1776377685\n|move|p1b: Incineroar|Fake Out|p2b: Blastoise\n|-damage|p2b: Blastoise|90/100\n|move|p1a: Gardevoir|Aura Sphere|p2a: Orthworm\n|-supereffective|p2a: Orthworm|1\n|-damage|p2a: Orthworm|0 fnt\n|faint|p2a: Orthworm\n|cant|p2b: Blastoise|flinch\n|\n|upkeep\n|\n|t:|1776377696\n|switch|p2a: Sneasler|Sneasler, L50, F|100/100\n|turn|2\n|\n|t:|1776377710\n|switch|p1a: Venusaur|Venusaur, L50, M|100/100\n|move|p2a: Sneasler|Fake Out|p1a: Venusaur\n|-damage|p1a: Venusaur|80/100\n|-immune|p1a: Venusaur\n|move|p2b: Blastoise|Yawn|p1a: Venusaur\n|-start|p1a: Venusaur|move: Yawn|[of] p2b: Blastoise\n|move|p1b: Incineroar|Parting Shot|p2b: Blastoise\n|-unboost|p2b: Blastoise|atk|1\n|-unboost|p2b: Blastoise|spa|1\n|\n|t:|1776377723\n|switch|p1b: Gardevoir|Gardevoir, L50, F|100/100|[from] Parting Shot\n|\n|upkeep\n|turn|3\n|\n|t:|1776377739\n|switch|p1a: Incineroar|Incineroar, L50, M|100/100\n|-ability|p1a: Incineroar|Intimidate|boost\n|-unboost|p2a: Sneasler|atk|1\n|-unboost|p2b: Blastoise|atk|1\n|move|p1b: Gardevoir|Psyshock|p2a: Sneasler\n|-supereffective|p2a: Sneasler|2\n|-enditem|p2a: Sneasler|Focus Sash\n|-damage|p2a: Sneasler|1/100\n|move|p2a: Sneasler|Dire Claw|p1b: Gardevoir\n|-supereffective|p1b: Gardevoir|1\n|-damage|p1b: Gardevoir|3/100\n|-status|p1b: Gardevoir|slp\n|move|p2b: Blastoise|Shell Smash|p2b: Blastoise\n|-unboost|p2b: Blastoise|def|1\n|-unboost|p2b: Blastoise|spd|1\n|-boost|p2b: Blastoise|atk|2\n|-boost|p2b: Blastoise|spa|2\n|-boost|p2b: Blastoise|spe|2\n|\n|upkeep\n|turn|4\n|\n|t:|1776377769\n|move|p1a: Incineroar|Fake Out|p2a: Sneasler\n|-damage|p2a: Sneasler|0 fnt\n|faint|p2a: Sneasler\n|cant|p1b: Gardevoir|slp\n|move|p2b: Blastoise|Blizzard|p1b: Gardevoir|[spread] p1a\n|-miss|p2b: Blastoise|p1b: Gardevoir\n|-resisted|p1a: Incineroar|1\n|-damage|p1a: Incineroar|86/100\n|\n|upkeep\n|\n|t:|1776377778\n|switch|p2a: Froslass|Froslass, L50, F|100/100\n|turn|5\n|\n|t:|1776377802\n|detailschange|p2a: Froslass|Froslass-Mega, L50, F\n|-mega|p2a: Froslass|Froslass|Froslassite\n|-weather|Snowscape|[from] ability: Snow Warning|[of] p2a: Froslass\n|-curestatus|p1b: Gardevoir|slp|[msg]\n|move|p1b: Gardevoir|Psyshock|p2b: Blastoise\n|-damage|p2b: Blastoise|32/100\n|move|p2b: Blastoise|Hydro Pump|p1a: Incineroar\n|-supereffective|p1a: Incineroar|1\n|-damage|p1a: Incineroar|0 fnt\n|faint|p1a: Incineroar\n|move|p2a: Froslass|Nasty Plot|p2a: Froslass\n|-boost|p2a: Froslass|spa|2\n|\n|-weather|Snowscape|[upkeep]\n|upkeep\n|\n|t:|1776377820\n|switch|p1a: Charizard|Charizard, L50, M|100/100\n|turn|6\n|\n|t:|1776377835\n|detailschange|p1a: Charizard|Charizard-Mega-Y, L50, M\n|-mega|p1a: Charizard|Charizard|Charizardite Y\n|-weather|SunnyDay|[from] ability: Drought|[of] p1a: Charizard\n|move|p1a: Charizard|Protect|p1a: Charizard\n|-singleturn|p1a: Charizard|Protect\n|move|p1b: Gardevoir|Psyshock|p2b: Blastoise\n|-damage|p2b: Blastoise|0 fnt\n|faint|p2b: Blastoise\n|move|p2a: Froslass|Blizzard|p1b: Gardevoir|[spread] p1b\n|-activate|p1a: Charizard|move: Protect\n|-damage|p1b: Gardevoir|0 fnt\n|faint|p1b: Gardevoir\n|\n|-weather|SunnyDay|[upkeep]\n|upkeep\n|\n|t:|1776377852\n|switch|p1b: Venusaur|Venusaur, L50, M|80/100\n|turn|7\n|\n|t:|1776377867\n|move|p2a: Froslass|Protect|p2a: Froslass\n|-singleturn|p2a: Froslass|Protect\n|move|p1b: Venusaur|Energy Ball|p2a: Froslass\n|-activate|p2a: Froslass|move: Protect\n|move|p1a: Charizard|Weather Ball|p2a: Froslass\n|-activate|p2a: Froslass|move: Protect\n|\n|-weather|SunnyDay|[upkeep]\n|upkeep\n|turn|8\n|\n|t:|1776377881\n|move|p1b: Venusaur|Energy Ball|p2a: Froslass\n|-damage|p2a: Froslass|47/100\n|move|p2a: Froslass|Blizzard|p1a: Charizard|[spread] p1a\n|-miss|p2a: Froslass|p1b: Venusaur\n|-damage|p1a: Charizard|16/100\n|move|p1a: Charizard|Weather Ball|p2a: Froslass\n|-supereffective|p2a: Froslass|1\n|-crit|p2a: Froslass\n|-damage|p2a: Froslass|0 fnt\n|faint|p2a: Froslass\n|\n|win|O Pausanias\n|raw|O Pausanias's rating: 1210 &rarr; <strong>1237</strong><br />(+27 for winning)\n|raw|Shadow_Speed0's rating: 1236 &rarr; <strong>1209</strong><br />(-27 for losing)\n|c|\u2606Shadow_Speed0|gg\n|l|\u2606Shadow_Speed0\n|player|p2|\n",
  "uploadtime": 1776377909,
  "views": 28,
  "formatid": "gen9championsvgc2026regma",
  "rating": 1209,
  "private": 0,
  "password": null
}