{
  "id": "gen9championsvgc2026regma-2587024869",
  "format": "[Gen 9 Champions] VGC 2026 Reg M-A",
  "players": [
    "mooontide",
    "unfurroml"
  ],
  "log": "|j|\u2606mooontide\n|j|\u2606unfurroml\n|t:|1776482458\n|gametype|doubles\n|player|p1|mooontide|psychic-gen4|1251\n|player|p2|unfurroml|spark|1239\n|gen|9\n|tier|[Gen 9 Champions] VGC 2026 Reg M-A\n|rated|\n|rule|Species Clause: Limit one of each Pok\u00e9mon\n|rule|Item Clause: Limit 1 of each item\n|clearpoke\n|poke|p1|Chandelure, L50, F|\n|poke|p1|Whimsicott, L50, M|\n|poke|p1|Farigiraf, L50, F|\n|poke|p1|Primarina, L50, F|\n|poke|p1|Kangaskhan, L50, F|\n|poke|p1|Aerodactyl, L50, F|\n|poke|p2|Charizard, L50, F|\n|poke|p2|Aegislash, L50, F|\n|poke|p2|Garchomp, L50, M|\n|poke|p2|Milotic, L50, M|\n|poke|p2|Tyranitar, L50, M|\n|poke|p2|Farigiraf, L50, M|\n|teampreview|4\n|inactive|Battle timer is ON: inactive players will automatically lose when time's up. (requested by mooontide)\n|inactive|mooontide has 60 seconds left.\n|\n|t:|1776482511\n|teamsize|p1|4\n|teamsize|p2|4\n|start\n|switch|p1a: Aerodactyl|Aerodactyl, L50, F|100/100\n|switch|p1b: Primarina|Primarina, L50, F|100/100\n|switch|p2a: Garchomp|Garchomp, L50, M|100/100\n|switch|p2b: Aegislash|Aegislash, L50, F|100/100\n|-ability|p1a: Aerodactyl|Unnerve\n|turn|1\n|inactive|mooontide has 30 seconds left.\n|\n|t:|1776482537\n|move|p1b: Primarina|Protect|p1b: Primarina\n|-singleturn|p1b: Primarina|Protect\n|move|p2a: Garchomp|Rock Slide|p1a: Aerodactyl|[spread] p1a\n|-activate|p1b: Primarina|move: Protect\n|-supereffective|p1a: Aerodactyl|1\n|-damage|p1a: Aerodactyl|30/100\n|cant|p1a: Aerodactyl|flinch\n|-formechange|p2b: Aegislash|Aegislash-Blade|\n|move|p2b: Aegislash|Flash Cannon|p1b: Primarina\n|-activate|p1b: Primarina|move: Protect\n|\n|upkeep\n|turn|2\n|\n|t:|1776482556\n|switch|p2b: Tyranitar|Tyranitar, L50, M|100/100\n|-weather|Sandstorm|[from] ability: Sand Stream|[of] p2b: Tyranitar\n|move|p1a: Aerodactyl|Wide Guard|p1a: Aerodactyl\n|-singleturn|p1a: Aerodactyl|Wide Guard\n|move|p2a: Garchomp|Rock Slide|p1a: Aerodactyl|[spread] \n|-activate|p1a: Aerodactyl|move: Wide Guard\n|-activate|p1b: Primarina|move: Wide Guard\n|move|p1b: Primarina|Moonblast|p2a: Garchomp\n|-supereffective|p2a: Garchomp|1\n|-damage|p2a: Garchomp|0 fnt\n|faint|p2a: Garchomp\n|\n|-weather|Sandstorm|[upkeep]\n|-damage|p1b: Primarina|95/100|[from] Sandstorm\n|upkeep\n|\n|t:|1776482565\n|switch|p2a: Aegislash|Aegislash, L50, F|100/100\n|turn|3\n|\n|t:|1776482586\n|move|p1a: Aerodactyl|Tailwind|p1a: Aerodactyl\n|-sidestart|p1: mooontide|move: Tailwind\n|move|p1b: Primarina|Hyper Voice|p2a: Aegislash|[spread] p2a,p2b\n|-supereffective|p2b: Tyranitar|1\n|-damage|p2a: Aegislash|74/100\n|-damage|p2b: Tyranitar|53/100\n|move|p2b: Tyranitar|Dragon Dance|p2b: Tyranitar\n|-boost|p2b: Tyranitar|atk|1\n|-boost|p2b: Tyranitar|spe|1\n|-formechange|p2a: Aegislash|Aegislash-Blade|\n|move|p2a: Aegislash|Flash Cannon|p1b: Primarina\n|-damage|p1b: Primarina|62/100\n|\n|-weather|Sandstorm|[upkeep]\n|-damage|p1b: Primarina|56/100|[from] Sandstorm\n|-heal|p2a: Aegislash|80/100|[from] item: Leftovers\n|upkeep\n|turn|4\n|\n|t:|1776482605\n|move|p2b: Tyranitar|Protect|p2b: Tyranitar\n|-singleturn|p2b: Tyranitar|Protect\n|move|p1a: Aerodactyl|Rock Slide|p2b: Tyranitar|[spread] p2a\n|-activate|p2b: Tyranitar|move: Protect\n|-resisted|p2a: Aegislash|1\n|-damage|p2a: Aegislash|56/100\n|move|p1b: Primarina|Moonblast|p2b: Tyranitar\n|-activate|p2b: Tyranitar|move: Protect\n|cant|p2a: Aegislash|flinch\n|\n|-weather|Sandstorm|[upkeep]\n|-damage|p1b: Primarina|50/100|[from] Sandstorm\n|-enditem|p1b: Primarina|Sitrus Berry|[eat]\n|-heal|p1b: Primarina|75/100|[from] item: Sitrus Berry\n|-heal|p2a: Aegislash|62/100|[from] item: Leftovers\n|upkeep\n|turn|5\n|\n|t:|1776482627\n|-formechange|p2a: Aegislash|Aegislash|\n|move|p2a: Aegislash|King's Shield|p2a: Aegislash\n|-singleturn|p2a: Aegislash|Protect\n|move|p1a: Aerodactyl|Rock Slide|p2a: Aegislash|[spread] p2b\n|-activate|p2a: Aegislash|move: Protect\n|-damage|p2b: Tyranitar|29/100\n|move|p2b: Tyranitar|Rock Slide|p1b: Primarina|[spread] p1b\n|-miss|p2b: Tyranitar|p1a: Aerodactyl\n|-crit|p1b: Primarina\n|-damage|p1b: Primarina|0 fnt\n|faint|p1b: Primarina\n|\n|-weather|Sandstorm|[upkeep]\n|-heal|p2a: Aegislash|68/100|[from] item: Leftovers\n|upkeep\n|\n|t:|1776482640\n|switch|p1b: Kangaskhan|Kangaskhan, L50, F|100/100\n|turn|6\n|\n|t:|1776482651\n|detailschange|p1b: Kangaskhan|Kangaskhan-Mega, L50, F\n|-mega|p1b: Kangaskhan|Kangaskhan|Kangaskhanite\n|move|p2b: Tyranitar|Protect|p2b: Tyranitar\n|-singleturn|p2b: Tyranitar|Protect\n|move|p1a: Aerodactyl|Wide Guard|p1a: Aerodactyl\n|-singleturn|p1a: Aerodactyl|Wide Guard\n|move|p1b: Kangaskhan|Drain Punch|p2b: Tyranitar\n|-activate|p2b: Tyranitar|move: Protect\n|-formechange|p2a: Aegislash|Aegislash-Blade|\n|move|p2a: Aegislash|Flash Cannon|p1a: Aerodactyl\n|-supereffective|p1a: Aerodactyl|1\n|-damage|p1a: Aerodactyl|0 fnt\n|faint|p1a: Aerodactyl\n|\n|-weather|none\n|-heal|p2a: Aegislash|74/100|[from] item: Leftovers\n|-sideend|p1: mooontide|move: Tailwind\n|upkeep\n|\n|t:|1776482654\n|switch|p1a: Whimsicott|Whimsicott, L50, M|100/100\n|turn|7\n|\n|t:|1776482674\n|switch|p2b: Farigiraf|Farigiraf, L50, M|100/100\n|-formechange|p2a: Aegislash|Aegislash|\n|move|p2a: Aegislash|King's Shield|p2a: Aegislash\n|-singleturn|p2a: Aegislash|Protect\n|move|p1a: Whimsicott|Tailwind|p1a: Whimsicott\n|-sidestart|p1: mooontide|move: Tailwind\n|move|p1b: Kangaskhan|Sucker Punch||[still]\n|cant|p2b: Farigiraf|ability: Armor Tail|Sucker Punch|[of] p1b: Kangaskhan\n|\n|-heal|p2a: Aegislash|80/100|[from] item: Leftovers\n|upkeep\n|turn|8\n|\n|t:|1776482687\n|move|p1a: Whimsicott|Moonblast|p2b: Farigiraf\n|-damage|p2b: Farigiraf|70/100\n|move|p1b: Kangaskhan|Double-Edge|p2b: Farigiraf\n|-damage|p2b: Farigiraf|8/100\n|-damage|p2b: Farigiraf|0 fnt\n|faint|p2b: Farigiraf\n|-hitcount|p2: Farigiraf|2\n|-damage|p1b: Kangaskhan|76/100|[from] Recoil\n|-formechange|p2a: Aegislash|Aegislash-Blade|\n|move|p2a: Aegislash|Sacred Sword|p1b: Kangaskhan\n|-supereffective|p1b: Kangaskhan|1\n|-damage|p1b: Kangaskhan|34/100\n|\n|-heal|p2a: Aegislash|86/100|[from] item: Leftovers\n|upkeep\n|\n|t:|1776482699\n|switch|p2b: Tyranitar|Tyranitar, L50, M|29/100\n|-weather|Sandstorm|[from] ability: Sand Stream|[of] p2b: Tyranitar\n|turn|9\n|\n|t:|1776482709\n|-formechange|p2a: Aegislash|Aegislash|\n|move|p2a: Aegislash|King's Shield|p2a: Aegislash\n|-singleturn|p2a: Aegislash|Protect\n|move|p1b: Kangaskhan|Sucker Punch||[still]\n|-fail|p1b: Kangaskhan\n|move|p1a: Whimsicott|Moonblast|p2b: Tyranitar\n|-supereffective|p2b: Tyranitar|1\n|-damage|p2b: Tyranitar|0 fnt\n|faint|p2b: Tyranitar\n|\n|-weather|Sandstorm|[upkeep]\n|-damage|p1a: Whimsicott|95/100|[from] Sandstorm\n|-damage|p1b: Kangaskhan|28/100|[from] Sandstorm\n|-heal|p2a: Aegislash|92/100|[from] item: Leftovers\n|upkeep\n|turn|10\n|\n|t:|1776482725\n|move|p1a: Whimsicott|Encore|p2a: Aegislash\n|-start|p2a: Aegislash|Encore\n|move|p2a: Aegislash|King's Shield|p2a: Aegislash\n|-singleturn|p2a: Aegislash|Protect\n|move|p1b: Kangaskhan|Sucker Punch||[still]\n|-fail|p1b: Kangaskhan\n|\n|-weather|Sandstorm|[upkeep]\n|-damage|p1a: Whimsicott|89/100|[from] Sandstorm\n|-damage|p1b: Kangaskhan|22/100|[from] Sandstorm\n|-heal|p2a: Aegislash|98/100|[from] item: Leftovers\n|-sideend|p1: mooontide|move: Tailwind\n|upkeep\n|turn|11\n|\n|t:|1776482733\n|move|p2a: Aegislash|King's Shield||[still]\n|-fail|p2a: Aegislash\n|move|p1a: Whimsicott|Moonblast|p2a: Aegislash\n|-resisted|p2a: Aegislash|1\n|-damage|p2a: Aegislash|87/100\n|move|p1b: Kangaskhan|Drain Punch|p2a: Aegislash\n|-immune|p2a: Aegislash\n|\n|-weather|Sandstorm|[upkeep]\n|-damage|p1a: Whimsicott|83/100|[from] Sandstorm\n|-damage|p1b: Kangaskhan|16/100|[from] Sandstorm\n|-heal|p2a: Aegislash|93/100|[from] item: Leftovers\n|upkeep\n|turn|12\n|\n|t:|1776482748\n|move|p2a: Aegislash|King's Shield|p2a: Aegislash\n|-singleturn|p2a: Aegislash|Protect\n|move|p1b: Kangaskhan|Sucker Punch||[still]\n|-fail|p1b: Kangaskhan\n|move|p1a: Whimsicott|Moonblast|p2a: Aegislash\n|-activate|p2a: Aegislash|move: Protect\n|\n|-weather|Sandstorm|[upkeep]\n|-damage|p1a: Whimsicott|77/100|[from] Sandstorm\n|-damage|p1b: Kangaskhan|10/100|[from] Sandstorm\n|-heal|p2a: Aegislash|99/100|[from] item: Leftovers\n|-end|p2a: Aegislash|Encore\n|upkeep\n|turn|13\n|\n|t:|1776482761\n|move|p1b: Kangaskhan|Sucker Punch|p2a: Aegislash\n|-supereffective|p2a: Aegislash|1\n|-damage|p2a: Aegislash|56/100\n|-supereffective|p2a: Aegislash|1\n|-damage|p2a: Aegislash|47/100\n|-hitcount|p2a: Aegislash|2\n|move|p1a: Whimsicott|Moonblast|p2a: Aegislash\n|-resisted|p2a: Aegislash|1\n|-damage|p2a: Aegislash|36/100\n|-formechange|p2a: Aegislash|Aegislash-Blade|\n|move|p2a: Aegislash|Flash Cannon|p1a: Whimsicott\n|-supereffective|p1a: Whimsicott|1\n|-damage|p1a: Whimsicott|0 fnt\n|faint|p1a: Whimsicott\n|\n|-weather|none\n|-heal|p2a: Aegislash|42/100|[from] item: Leftovers\n|upkeep\n|turn|14\n|\n|t:|1776482775\n|-formechange|p2a: Aegislash|Aegislash|\n|move|p2a: Aegislash|King's Shield|p2a: Aegislash\n|-singleturn|p2a: Aegislash|Protect\n|move|p1b: Kangaskhan|Drain Punch|p2a: Aegislash\n|-activate|p2a: Aegislash|move: Protect\n|-unboost|p1b: Kangaskhan|atk|1\n|\n|-heal|p2a: Aegislash|48/100|[from] item: Leftovers\n|upkeep\n|turn|15\n|\n|t:|1776482787\n|move|p1b: Kangaskhan|Sucker Punch|p2a: Aegislash\n|-supereffective|p2a: Aegislash|1\n|-damage|p2a: Aegislash|21/100\n|-supereffective|p2a: Aegislash|1\n|-damage|p2a: Aegislash|15/100\n|-hitcount|p2a: Aegislash|2\n|-formechange|p2a: Aegislash|Aegislash-Blade|\n|move|p2a: Aegislash|Sacred Sword|p1b: Kangaskhan\n|-supereffective|p1b: Kangaskhan|1\n|-damage|p1b: Kangaskhan|0 fnt\n|faint|p1b: Kangaskhan\n|\n|win|unfurroml\n|raw|mooontide's rating: 1251 &rarr; <strong>1225</strong><br />(-26 for losing)\n|raw|unfurroml's rating: 1239 &rarr; <strong>1265</strong><br />(+26 for winning)\n|l|\u2606mooontide\n|player|p1|\n",
  "uploadtime": 1776482795,
  "views": 36,
  "formatid": "gen9championsvgc2026regma",
  "rating": 1225,
  "private": 0,
  "password": null
}