{
  "id": "gen9championsvgc2026regma-2585850075",
  "format": "[Gen 9 Champions] VGC 2026 Reg M-A",
  "players": [
    "SyntheticSun",
    "dinomon10"
  ],
  "log": "|j|\u2606SyntheticSun\n|j|\u2606dinomon10\n|t:|1776375402\n|gametype|doubles\n|player|p1|SyntheticSun|n|1046\n|player|p2|dinomon10|2|1146\n|gen|9\n|tier|[Gen 9 Champions] VGC 2026 Reg M-A\n|rated|\n|rule|Species Clause: Limit one of each Pok\u00e9mon\n|rule|Item Clause: Limit 1 of each item\n|clearpoke\n|poke|p1|Floette-Eternal, L50, F|\n|poke|p1|Sinistcha-Masterpiece, L50|\n|poke|p1|Incineroar, L50, M|\n|poke|p1|Sneasler, L50, M|\n|poke|p1|Garchomp, L50, M|\n|poke|p1|Orthworm, L50, F|\n|poke|p2|Aegislash, L50, F|\n|poke|p2|Farigiraf, L50, F|\n|poke|p2|Drampa, L50, M|\n|poke|p2|Sinistcha, L50|\n|poke|p2|Arcanine-Hisui, L50, F|\n|poke|p2|Primarina, L50, M|\n|teampreview|4\n|inactive|Battle timer is ON: inactive players will automatically lose when time's up. (requested by dinomon10)\n|inactive|SyntheticSun has 60 seconds left.\n|\n|t:|1776375439\n|teamsize|p1|4\n|teamsize|p2|4\n|start\n|switch|p1a: Sinistcha|Sinistcha-Masterpiece, L50|100/100\n|switch|p1b: Garchomp|Garchomp, L50, M|100/100\n|switch|p2a: Sinistcha|Sinistcha, L50|100/100\n|switch|p2b: Primarina|Primarina, L50, M, shiny|100/100\n|turn|1\n|inactive|SyntheticSun has 30 seconds left.\n|\n|t:|1776375473\n|move|p1b: Garchomp|Dragon Claw|p2a: Sinistcha\n|-damage|p2a: Sinistcha|55/100\n|move|p2b: Primarina|Moonblast|p1b: Garchomp\n|-supereffective|p1b: Garchomp|1\n|-damage|p1b: Garchomp|18/100\n|-unboost|p1b: Garchomp|spa|1\n|move|p1a: Sinistcha|Trick Room|p1a: Sinistcha\n|-fieldstart|move: Trick Room|[of] p1a: Sinistcha\n|move|p2a: Sinistcha|Trick Room|p2a: Sinistcha\n|-fieldend|move: Trick Room\n|\n|upkeep\n|turn|2\n|inactive|SyntheticSun has 30 seconds left.\n|inactive|SyntheticSun has 20 seconds left.\n|\n|t:|1776375512\n|move|p1b: Garchomp|Protect|p1b: Garchomp\n|-singleturn|p1b: Garchomp|Protect\n|move|p1a: Sinistcha|Shadow Ball|p2a: Sinistcha\n|-supereffective|p2a: Sinistcha|1\n|-damage|p2a: Sinistcha|0 fnt\n|faint|p2a: Sinistcha\n|move|p2b: Primarina|Hyper Voice|p1a: Sinistcha|[spread] p1a\n|-activate|p1b: Garchomp|move: Protect\n|-resisted|p1a: Sinistcha|1\n|-damage|p1a: Sinistcha|86/100\n|\n|upkeep\n|\n|t:|1776375522\n|switch|p2a: Aegislash|Aegislash, L50, F|100/100\n|turn|3\n|\n|t:|1776375543\n|-formechange|p2a: Aegislash|Aegislash-Blade|\n|move|p2a: Aegislash|Shadow Sneak|p1b: Garchomp\n|-damage|p1b: Garchomp|0 fnt\n|-damage|p2a: Aegislash|89/100|[from] ability: Rough Skin|[of] p1b: Garchomp\n|faint|p1b: Garchomp\n|move|p1a: Sinistcha|Shadow Ball|p2a: Aegislash\n|-supereffective|p2a: Aegislash|1\n|-damage|p2a: Aegislash|0 fnt\n|faint|p2a: Aegislash\n|move|p2b: Primarina|Moonblast|p1a: Sinistcha\n|-damage|p1a: Sinistcha|53/100\n|\n|upkeep\n|\n|t:|1776375560\n|switch|p1b: Sneasler|Sneasler, L50, M|100/100\n|switch|p2a: Drampa|Drampa, L50, M, shiny|100/100\n|-ability|p2a: Drampa|Cloud Nine\n|turn|4\n|inactive|SyntheticSun has 30 seconds left.\n|\n|t:|1776375593\n|detailschange|p2a: Drampa|Drampa-Mega, L50, M, shiny\n|-mega|p2a: Drampa|Drampa|Drampanite\n|move|p1a: Sinistcha|Rage Powder|p1a: Sinistcha\n|-singleturn|p1a: Sinistcha|move: Rage Powder\n|move|p1b: Sneasler|Close Combat|p2a: Drampa\n|-supereffective|p2a: Drampa|1\n|-damage|p2a: Drampa|0 fnt\n|-unboost|p1b: Sneasler|def|1\n|-unboost|p1b: Sneasler|spd|1\n|faint|p2a: Drampa\n|-enditem|p1b: Sneasler|White Herb\n|-clearnegativeboost|p1b: Sneasler|[silent]\n|move|p2b: Primarina|Hyper Voice|p1a: Sinistcha|[spread] p1a,p1b\n|-resisted|p1a: Sinistcha|1\n|-damage|p1a: Sinistcha|40/100\n|-damage|p1b: Sneasler|57/100\n|\n|upkeep\n|turn|5\n|-message|dinomon10 forfeited.\n|\n|win|SyntheticSun\n|raw|SyntheticSun's rating: 1046 &rarr; <strong>1088</strong><br />(+42 for winning)\n|raw|dinomon10's rating: 1146 &rarr; <strong>1114</strong><br />(-32 for losing)\n|l|\u2606dinomon10\n|player|p2|\n",
  "uploadtime": 1776375618,
  "views": 20,
  "formatid": "gen9championsvgc2026regma",
  "rating": 1088,
  "private": 0,
  "password": null
}