{
  "id": "gen9championsvgc2026regma-2583778089",
  "format": "[Gen 9 Champions] VGC 2026 Reg M-A",
  "players": [
    "Missed Ledgedash",
    "reggie1000"
  ],
  "log": "|j|\u2606Missed Ledgedash\n|j|\u2606reggie1000\n|t:|1776197044\n|gametype|doubles\n|player|p1|Missed Ledgedash|juan-gen3|1135\n|player|p2|reggie1000|101|1141\n|gen|9\n|tier|[Gen 9 Champions] VGC 2026 Reg M-A\n|rated|\n|rule|Species Clause: Limit one of each Pok\u00e9mon\n|rule|Item Clause: Limit 1 of each item\n|clearpoke\n|poke|p1|Incineroar, L50, M|\n|poke|p1|Gengar, L50, F|\n|poke|p1|Sneasler, L50, M|\n|poke|p1|Tyranitar, L50, F|\n|poke|p1|Sinistcha, L50|\n|poke|p1|Rotom-Wash, L50|\n|poke|p2|Starmie, L50|\n|poke|p2|Alakazam, L50, M|\n|poke|p2|Arcanine, L50, M|\n|poke|p2|Aerodactyl, L50, F|\n|poke|p2|Rotom-Mow, L50|\n|poke|p2|Sinistcha, L50|\n|teampreview|4\n|\n|t:|1776197079\n|teamsize|p1|4\n|teamsize|p2|4\n|start\n|switch|p1a: Gengar|Gengar, L50, F|100/100\n|switch|p1b: Incineroar|Incineroar, L50, M|100/100\n|switch|p2a: Alakazam|Alakazam, L50, M|100/100\n|switch|p2b: Aerodactyl|Aerodactyl, L50, F|100/100\n|-ability|p2b: Aerodactyl|Unnerve\n|-ability|p1b: Incineroar|Intimidate|boost\n|-fail|p2a: Alakazam|unboost|Attack|[from] ability: Inner Focus|[of] p2a: Alakazam\n|-unboost|p2b: Aerodactyl|atk|1\n|turn|1\n|\n|t:|1776197097\n|detailschange|p1a: Gengar|Gengar-Mega, L50, F\n|-mega|p1a: Gengar|Gengar|Gengarite\n|move|p1b: Incineroar|Fake Out|p2b: Aerodactyl\n|-resisted|p2b: Aerodactyl|1\n|-damage|p2b: Aerodactyl|91/100\n|cant|p2b: Aerodactyl|flinch\n|move|p1a: Gengar|Shadow Ball|p2a: Alakazam\n|-supereffective|p2a: Alakazam|1\n|-damage|p2a: Alakazam|0 fnt\n|faint|p2a: Alakazam\n|\n|upkeep\n|\n|t:|1776197106\n|switch|p2a: Arcanine|Arcanine, L50, M|100/100\n|-ability|p2a: Arcanine|Intimidate|boost\n|-unboost|p1a: Gengar|atk|1\n|-unboost|p1b: Incineroar|atk|1\n|turn|2\n|\n|t:|1776197115\n|move|p2b: Aerodactyl|Tailwind|p2b: Aerodactyl\n|-sidestart|p2: reggie1000|move: Tailwind\n|move|p2a: Arcanine|Flare Blitz|p1a: Gengar\n|-damage|p1a: Gengar|30/100\n|-damage|p2a: Arcanine|78/100|[from] Recoil\n|move|p1a: Gengar|Perish Song|p1a: Gengar\n|-start|p1a: Gengar|perish3|[silent]\n|-start|p1b: Incineroar|perish3|[silent]\n|-start|p2a: Arcanine|perish3|[silent]\n|-start|p2b: Aerodactyl|perish3|[silent]\n|-fieldactivate|move: Perish Song\n|move|p1b: Incineroar|Parting Shot|p2a: Arcanine\n|-unboost|p2a: Arcanine|atk|1\n|-unboost|p2a: Arcanine|spa|1\n|\n|t:|1776197129\n|switch|p1b: Sinistcha|Sinistcha, L50|100/100|[from] Parting Shot\n|-enditem|p2a: Arcanine|White Herb\n|-clearnegativeboost|p2a: Arcanine|[silent]\n|-heal|p1a: Gengar|54/100|[from] ability: Hospitality|[of] p1b: Sinistcha\n|\n|-start|p2b: Aerodactyl|perish3\n|-start|p2a: Arcanine|perish3\n|-start|p1a: Gengar|perish3\n|upkeep\n|turn|3\n|\n|t:|1776197149\n|switch|p1b: Incineroar|Incineroar, L50, M|100/100\n|-ability|p1b: Incineroar|Intimidate|boost\n|-unboost|p2a: Arcanine|atk|1\n|-unboost|p2b: Aerodactyl|atk|1\n|move|p1a: Gengar|Protect|p1a: Gengar\n|-singleturn|p1a: Gengar|Protect\n|move|p2b: Aerodactyl|Rock Slide|p1b: Incineroar|[spread] p1b\n|-activate|p1a: Gengar|move: Protect\n|-supereffective|p1b: Incineroar|1\n|-damage|p1b: Incineroar|82/100\n|move|p2a: Arcanine|Howl|p2a: Arcanine|[spread] p2a,p2b\n|-boost|p2a: Arcanine|atk|1\n|-boost|p2b: Aerodactyl|atk|1\n|\n|-start|p2b: Aerodactyl|perish2\n|-start|p2a: Arcanine|perish2\n|-start|p1a: Gengar|perish2\n|upkeep\n|turn|4\n|\n|t:|1776197169\n|switch|p1a: Sinistcha|Sinistcha, L50|100/100\n|-heal|p1b: Incineroar|100/100|[from] ability: Hospitality|[of] p1a: Sinistcha\n|move|p2b: Aerodactyl|Dual Wingbeat|p1a: Sinistcha\n|-supereffective|p1a: Sinistcha|1\n|-crit|p1a: Sinistcha\n|-damage|p1a: Sinistcha|60/100\n|-supereffective|p1a: Sinistcha|1\n|-damage|p1a: Sinistcha|43/100\n|-hitcount|p1a: Sinistcha|2\n|move|p2a: Arcanine|Howl|p2a: Arcanine|[spread] p2a,p2b\n|-boost|p2a: Arcanine|atk|1\n|-boost|p2b: Aerodactyl|atk|1\n|move|p1b: Incineroar|Parting Shot|p2a: Arcanine\n|-unboost|p2a: Arcanine|atk|1\n|-unboost|p2a: Arcanine|spa|1\n|\n|t:|1776197182\n|switch|p1b: Gengar|Gengar-Mega, L50, F|54/100|[from] Parting Shot\n|\n|-start|p2b: Aerodactyl|perish1\n|-start|p2a: Arcanine|perish1\n|upkeep\n|turn|5\n|\n|t:|1776197196\n|move|p1b: Gengar|Protect|p1b: Gengar\n|-singleturn|p1b: Gengar|Protect\n|move|p1a: Sinistcha|Protect|p1a: Sinistcha\n|-singleturn|p1a: Sinistcha|Protect\n|move|p2b: Aerodactyl|Rock Slide|p1a: Sinistcha|[spread] \n|-activate|p1a: Sinistcha|move: Protect\n|-activate|p1b: Gengar|move: Protect\n|move|p2a: Arcanine|Flare Blitz|p1a: Sinistcha\n|-activate|p1a: Sinistcha|move: Protect\n|\n|-start|p2b: Aerodactyl|perish0\n|-start|p2a: Arcanine|perish0\n|-sideend|p2: reggie1000|move: Tailwind\n|faint|p2b: Aerodactyl\n|faint|p2a: Arcanine\n|upkeep\n|\n|t:|1776197200\n|switch|p2b: Starmie|Starmie, L50|100/100\n|turn|6\n|\n|t:|1776197214\n|detailschange|p2b: Starmie|Starmie-Mega, L50\n|-mega|p2b: Starmie|Starmie|Starminite\n|move|p1a: Sinistcha|Rage Powder|p1a: Sinistcha\n|-singleturn|p1a: Sinistcha|move: Rage Powder\n|move|p1b: Gengar|Shadow Ball|p2b: Starmie\n|-supereffective|p2b: Starmie|1\n|-damage|p2b: Starmie|24/100\n|move|p2b: Starmie|Liquidation|p1a: Sinistcha\n|-resisted|p1a: Sinistcha|1\n|-damage|p1a: Sinistcha|25/100\n|-unboost|p1a: Sinistcha|def|1\n|\n|upkeep\n|turn|7\n|\n|t:|1776197223\n|move|p1a: Sinistcha|Rage Powder|p1a: Sinistcha\n|-singleturn|p1a: Sinistcha|move: Rage Powder\n|move|p1b: Gengar|Shadow Ball|p2b: Starmie\n|-supereffective|p2b: Starmie|1\n|-damage|p2b: Starmie|0 fnt\n|faint|p2b: Starmie\n|\n|win|Missed Ledgedash\n|raw|Missed Ledgedash's rating: 1135 &rarr; <strong>1160</strong><br />(+25 for winning)\n|raw|reggie1000's rating: 1141 &rarr; <strong>1116</strong><br />(-25 for losing)\n",
  "uploadtime": 1776197224,
  "views": 15,
  "formatid": "gen9championsvgc2026regma",
  "rating": 1116,
  "private": 0,
  "password": null
}