{
  "id": "gen9championsvgc2026regma-2583144063",
  "format": "[Gen 9 Champions] VGC 2026 Reg M-A",
  "players": [
    "LyRooster",
    "MyNameIsTomL"
  ],
  "log": "|j|\u2606LyRooster\n|j|\u2606MyNameIsTomL\n|t:|1776147384\n|gametype|doubles\n|player|p1|LyRooster|169|1150\n|player|p2|MyNameIsTomL|2|1066\n|gen|9\n|tier|[Gen 9 Champions] VGC 2026 Reg M-A\n|rated|\n|rule|Species Clause: Limit one of each Pok\u00e9mon\n|rule|Item Clause: Limit 1 of each item\n|clearpoke\n|poke|p1|Tyranitar, L50, F|\n|poke|p1|Arcanine-Hisui, L50, F|\n|poke|p1|Rotom-Wash, L50|\n|poke|p1|Decidueye-Hisui, L50, F|\n|poke|p1|Chesnaught, L50, F|\n|poke|p1|Talonflame, L50, M|\n|poke|p2|Gengar, L50, F|\n|poke|p2|Toxicroak, L50, F|\n|poke|p2|Whimsicott, L50, M|\n|poke|p2|Incineroar, L50, M|\n|poke|p2|Sinistcha, L50|\n|poke|p2|Meganium, L50, M|\n|teampreview|4\n|\n|t:|1776147402\n|teamsize|p1|4\n|teamsize|p2|4\n|start\n|switch|p1a: Talonflame|Talonflame, L50, M|100/100\n|switch|p1b: Arcanine|Arcanine-Hisui, L50, F|100/100\n|switch|p2a: Gengar|Gengar, L50, F|100/100\n|switch|p2b: Toxicroak|Toxicroak, L50, F|100/100\n|-ability|p1b: Arcanine|Intimidate|boost\n|-unboost|p2a: Gengar|atk|1\n|-unboost|p2b: Toxicroak|atk|1\n|turn|1\n|\n|t:|1776147423\n|detailschange|p2a: Gengar|Gengar-Mega, L50, F\n|-mega|p2a: Gengar|Gengar|Gengarite\n|move|p2b: Toxicroak|Fake Out|p1b: Arcanine\n|-resisted|p1b: Arcanine|1\n|-damage|p1b: Arcanine|96/100\n|move|p1a: Talonflame|Tailwind|p1a: Talonflame\n|-sidestart|p1: LyRooster|move: Tailwind\n|cant|p1b: Arcanine|flinch\n|move|p2a: Gengar|Perish Song|p2a: Gengar\n|-start|p1a: Talonflame|perish3|[silent]\n|-start|p1b: Arcanine|perish3|[silent]\n|-start|p2a: Gengar|perish3|[silent]\n|-start|p2b: Toxicroak|perish3|[silent]\n|-fieldactivate|move: Perish Song\n|\n|-start|p1a: Talonflame|perish3\n|-start|p1b: Arcanine|perish3\n|-start|p2a: Gengar|perish3\n|-start|p2b: Toxicroak|perish3\n|upkeep\n|turn|2\n|\n|t:|1776147450\n|move|p2a: Gengar|Protect|p2a: Gengar\n|-singleturn|p2a: Gengar|Protect\n|move|p2b: Toxicroak|Protect|p2b: Toxicroak\n|-singleturn|p2b: Toxicroak|Protect\n|move|p1a: Talonflame|Brave Bird|p2b: Toxicroak\n|-activate|p2b: Toxicroak|move: Protect\n|move|p1b: Arcanine|Flare Blitz|p2b: Toxicroak\n|-activate|p2b: Toxicroak|move: Protect\n|\n|-start|p1a: Talonflame|perish2\n|-start|p1b: Arcanine|perish2\n|-start|p2a: Gengar|perish2\n|-start|p2b: Toxicroak|perish2\n|upkeep\n|turn|3\n|\n|t:|1776147468\n|switch|p2a: Incineroar|Incineroar, L50, M|100/100\n|-ability|p2a: Incineroar|Intimidate|boost\n|-unboost|p1a: Talonflame|atk|1\n|-unboost|p1b: Arcanine|atk|1\n|move|p1a: Talonflame|Brave Bird|p2a: Incineroar\n|-damage|p2a: Incineroar|69/100\n|-damage|p1a: Talonflame|87/100|[from] Recoil\n|move|p1b: Arcanine|Flare Blitz|p2a: Incineroar\n|-resisted|p2a: Incineroar|1\n|-damage|p2a: Incineroar|50/100\n|-damage|p1b: Arcanine|90/100|[from] Recoil\n|move|p2b: Toxicroak|Baton Pass|p2b: Toxicroak\n|\n|t:|1776147481\n|switch|p2b: Gengar|Gengar-Mega, L50, F|100/100|[from] Baton Pass\n|\n|-start|p1a: Talonflame|perish1\n|-start|p1b: Arcanine|perish1\n|-start|p2b: Gengar|perish1\n|upkeep\n|turn|4\n|\n|t:|1776147500\n|move|p2b: Gengar|Protect|p2b: Gengar\n|-singleturn|p2b: Gengar|Protect\n|move|p2a: Incineroar|Protect|p2a: Incineroar\n|-singleturn|p2a: Incineroar|Protect\n|move|p1a: Talonflame|Tailwind||[still]\n|-fail|p1a: Talonflame\n|move|p1b: Arcanine|Will-O-Wisp|p2a: Incineroar\n|-activate|p2a: Incineroar|move: Protect\n|\n|-start|p1a: Talonflame|perish0\n|-start|p1b: Arcanine|perish0\n|-start|p2b: Gengar|perish0\n|-sideend|p1: LyRooster|move: Tailwind\n|faint|p1a: Talonflame\n|faint|p1b: Arcanine\n|faint|p2b: Gengar\n|upkeep\n|c|\u2606MyNameIsTomL|Fucking bug wtf\n|\n|t:|1776147543\n|switch|p2b: Toxicroak|Toxicroak, L50, F|100/100\n|switch|p1a: Chesnaught|Chesnaught, L50, F|100/100\n|switch|p1b: Decidueye|Decidueye-Hisui, L50, F|100/100\n|turn|5\n|c|\u2606LyRooster|yeah\n|c|\u2606LyRooster|s\n|\n|t:|1776147561\n|detailschange|p1a: Chesnaught|Chesnaught-Mega, L50, F\n|-mega|p1a: Chesnaught|Chesnaught|Chesnaughtite\n|move|p2a: Incineroar|Flare Blitz|p1a: Chesnaught\n|-supereffective|p1a: Chesnaught|1\n|-damage|p1a: Chesnaught|56/100\n|-damage|p2a: Incineroar|36/100|[from] Recoil\n|move|p2b: Toxicroak|Drain Punch|p1a: Chesnaught\n|-damage|p1a: Chesnaught|41/100\n|move|p1b: Decidueye|Triple Arrows|p2b: Toxicroak\n|-resisted|p2b: Toxicroak|1\n|-crit|p2b: Toxicroak\n|-damage|p2b: Toxicroak|56/100\n|move|p1a: Chesnaught|Body Press|p2a: Incineroar\n|-supereffective|p2a: Incineroar|1\n|-damage|p2a: Incineroar|0 fnt\n|faint|p2a: Incineroar\n|\n|upkeep\n|c|\u2606MyNameIsTomL|Well done I don\u2019t think I can win now\n|\n|t:|1776147581\n|switch|p2a: Sinistcha|Sinistcha, L50|100/100\n|-heal|p2b: Toxicroak|81/100|[from] ability: Hospitality|[of] p2a: Sinistcha\n|turn|6\n|\n|t:|1776147599\n|move|p2a: Sinistcha|Rage Powder|p2a: Sinistcha\n|-singleturn|p2a: Sinistcha|move: Rage Powder\n|move|p2b: Toxicroak|Drain Punch|p1b: Decidueye\n|-damage|p1b: Decidueye|65/100\n|-heal|p2b: Toxicroak|99/100|[from] drain|[of] p1b: Decidueye\n|move|p1b: Decidueye|Triple Arrows|p2a: Sinistcha\n|-damage|p2a: Sinistcha|62/100\n|move|p1a: Chesnaught|Iron Defense|p1a: Chesnaught\n|-boost|p1a: Chesnaught|def|2\n|\n|upkeep\n|turn|7\n|\n|t:|1776147617\n|move|p2a: Sinistcha|Rage Powder|p2a: Sinistcha\n|-singleturn|p2a: Sinistcha|move: Rage Powder\n|move|p2b: Toxicroak|Drain Punch|p1b: Decidueye\n|-damage|p1b: Decidueye|28/100\n|-heal|p2b: Toxicroak|100/100|[from] drain|[of] p1b: Decidueye\n|move|p1b: Decidueye|Triple Arrows|p2a: Sinistcha\n|-damage|p2a: Sinistcha|19/100\n|-unboost|p2a: Sinistcha|def|1\n|move|p1a: Chesnaught|Iron Defense|p1a: Chesnaught\n|-boost|p1a: Chesnaught|def|2\n|\n|upkeep\n|turn|8\n|\n|t:|1776147643\n|move|p2b: Toxicroak|Drain Punch|p1b: Decidueye\n|-damage|p1b: Decidueye|0 fnt\n|faint|p1b: Decidueye\n|move|p2a: Sinistcha|Matcha Gotcha|p1a: Chesnaught\n|-resisted|p1a: Chesnaught|1\n|-damage|p1a: Chesnaught|27/100\n|-heal|p2a: Sinistcha|27/100|[from] drain|[of] p1a: Chesnaught\n|move|p1a: Chesnaught|Body Press|p2b: Toxicroak\n|-resisted|p2b: Toxicroak|1\n|-enditem|p2b: Toxicroak|Focus Sash\n|-damage|p2b: Toxicroak|1/100\n|\n|upkeep\n|turn|9\n|c|\u2606LyRooster|eh\n|\n|t:|1776147664\n|move|p2b: Toxicroak|Drain Punch|p1a: Chesnaught\n|-damage|p1a: Chesnaught|21/100\n|-heal|p2b: Toxicroak|4/100|[from] drain|[of] p1a: Chesnaught\n|move|p2a: Sinistcha|Giga Drain|p1a: Chesnaught\n|-resisted|p1a: Chesnaught|1\n|-damage|p1a: Chesnaught|8/100\n|-heal|p2a: Sinistcha|34/100|[from] drain|[of] p1a: Chesnaught\n|move|p1a: Chesnaught|Rest|p1a: Chesnaught\n|-status|p1a: Chesnaught|slp|[from] move: Rest\n|-heal|p1a: Chesnaught|100/100 slp|[silent]\n|\n|upkeep\n|turn|10\n|c|\u2606MyNameIsTomL|Ahhhhh\n|\n|t:|1776147695\n|move|p2b: Toxicroak|Drain Punch|p1a: Chesnaught\n|-damage|p1a: Chesnaught|95/100 slp\n|-heal|p2b: Toxicroak|7/100|[from] drain|[of] p1a: Chesnaught\n|move|p2a: Sinistcha|Giga Drain|p1a: Chesnaught\n|-resisted|p1a: Chesnaught|1\n|-damage|p1a: Chesnaught|83/100 slp\n|-heal|p2a: Sinistcha|41/100|[from] drain|[of] p1a: Chesnaught\n|cant|p1a: Chesnaught|slp\n|move|p1a: Chesnaught|Sleep Talk|p1a: Chesnaught\n|move|p1a: Chesnaught|Iron Defense|p1a: Chesnaught|[from] move: Sleep Talk\n|-boost|p1a: Chesnaught|def|2\n|\n|upkeep\n|turn|11\n|c|\u2606LyRooster|dw i dont have for sini\n|\n|t:|1776147715\n|move|p2b: Toxicroak|Drain Punch|p1a: Chesnaught\n|-damage|p1a: Chesnaught|78/100 slp\n|-heal|p2b: Toxicroak|9/100|[from] drain|[of] p1a: Chesnaught\n|move|p2a: Sinistcha|Matcha Gotcha|p1a: Chesnaught|[miss]\n|-miss|p2a: Sinistcha|p1a: Chesnaught\n|cant|p1a: Chesnaught|slp\n|move|p1a: Chesnaught|Sleep Talk|p1a: Chesnaught\n|move|p1a: Chesnaught|Rest||[from] move: Sleep Talk|[still]\n|-fail|p1a: Chesnaught\n|\n|upkeep\n|turn|12\n|c|\u2606LyRooster|long game\n|\n|t:|1776147731\n|move|p2b: Toxicroak|Drain Punch|p1a: Chesnaught\n|-damage|p1a: Chesnaught|74/100 slp\n|-heal|p2b: Toxicroak|12/100|[from] drain|[of] p1a: Chesnaught\n|move|p2a: Sinistcha|Giga Drain|p1a: Chesnaught\n|-resisted|p1a: Chesnaught|1\n|-damage|p1a: Chesnaught|60/100 slp\n|-heal|p2a: Sinistcha|48/100|[from] drain|[of] p1a: Chesnaught\n|-curestatus|p1a: Chesnaught|slp|[msg]\n|move|p1a: Chesnaught|Sleep Talk||[still]\n|-fail|p1a: Chesnaught\n|\n|upkeep\n|turn|13\n|\n|t:|1776147747\n|move|p2b: Toxicroak|Drain Punch|p1a: Chesnaught\n|-damage|p1a: Chesnaught|56/100\n|-heal|p2b: Toxicroak|15/100|[from] drain|[of] p1a: Chesnaught\n|move|p2a: Sinistcha|Giga Drain|p1a: Chesnaught\n|-resisted|p1a: Chesnaught|1\n|-damage|p1a: Chesnaught|44/100\n|-heal|p2a: Sinistcha|55/100|[from] drain|[of] p1a: Chesnaught\n|move|p1a: Chesnaught|Body Press|p2b: Toxicroak\n|-resisted|p2b: Toxicroak|1\n|-damage|p2b: Toxicroak|0 fnt\n|faint|p2b: Toxicroak\n|\n|upkeep\n|turn|14\n|c|\u2606LyRooster|uhhh\n|\n|t:|1776147769\n|move|p2a: Sinistcha|Giga Drain|p1a: Chesnaught\n|-resisted|p1a: Chesnaught|1\n|-damage|p1a: Chesnaught|32/100\n|-heal|p2a: Sinistcha|62/100|[from] drain|[of] p1a: Chesnaught\n|move|p1a: Chesnaught|Body Press|p2a: Sinistcha\n|-immune|p2a: Sinistcha\n|\n|upkeep\n|turn|15\n|c|\u2606MyNameIsTomL|Oh hahahaha\n|c|\u2606MyNameIsTomL|could be down to timer\n|\n|t:|1776147787\n|move|p2a: Sinistcha|Giga Drain|p1a: Chesnaught\n|-resisted|p1a: Chesnaught|1\n|-damage|p1a: Chesnaught|19/100\n|-heal|p2a: Sinistcha|69/100|[from] drain|[of] p1a: Chesnaught\n|move|p1a: Chesnaught|Body Press|p2a: Sinistcha\n|-immune|p2a: Sinistcha\n|\n|upkeep\n|turn|16\n|c|\u2606LyRooster|or pp\n|\n|t:|1776147797\n|move|p2a: Sinistcha|Giga Drain|p1a: Chesnaught\n|-resisted|p1a: Chesnaught|1\n|-damage|p1a: Chesnaught|8/100\n|-heal|p2a: Sinistcha|75/100|[from] drain|[of] p1a: Chesnaught\n|move|p1a: Chesnaught|Rest|p1a: Chesnaught\n|-status|p1a: Chesnaught|slp|[from] move: Rest\n|-heal|p1a: Chesnaught|100/100 slp|[silent]\n|\n|upkeep\n|turn|17\n|inactive|Battle timer is ON: inactive players will automatically lose when time's up. (requested by MyNameIsTomL)\n|\n|t:|1776147809\n|move|p2a: Sinistcha|Matcha Gotcha|p1a: Chesnaught\n|-resisted|p1a: Chesnaught|1\n|-damage|p1a: Chesnaught|88/100 slp\n|-heal|p2a: Sinistcha|83/100|[from] drain|[of] p1a: Chesnaught\n|cant|p1a: Chesnaught|slp\n|move|p1a: Chesnaught|Sleep Talk|p1a: Chesnaught\n|move|p1a: Chesnaught|Body Press|p2a: Sinistcha|[from] move: Sleep Talk\n|-immune|p2a: Sinistcha\n|\n|upkeep\n|turn|18\n|\n|t:|1776147822\n|move|p2a: Sinistcha|Matcha Gotcha|p1a: Chesnaught\n|-resisted|p1a: Chesnaught|1\n|-damage|p1a: Chesnaught|73/100 slp\n|-heal|p2a: Sinistcha|90/100|[from] drain|[of] p1a: Chesnaught\n|cant|p1a: Chesnaught|slp\n|move|p1a: Chesnaught|Sleep Talk|p1a: Chesnaught\n|move|p1a: Chesnaught|Rest||[from] move: Sleep Talk|[still]\n|-fail|p1a: Chesnaught\n|\n|upkeep\n|turn|19\n|\n|t:|1776147834\n|move|p2a: Sinistcha|Matcha Gotcha|p1a: Chesnaught\n|-resisted|p1a: Chesnaught|1\n|-damage|p1a: Chesnaught|61/100 slp\n|-heal|p2a: Sinistcha|97/100|[from] drain|[of] p1a: Chesnaught\n|-curestatus|p1a: Chesnaught|slp|[msg]\n|move|p1a: Chesnaught|Iron Defense|p1a: Chesnaught\n|-boost|p1a: Chesnaught|def|0\n|\n|upkeep\n|turn|20\n|\n|t:|1776147848\n|move|p2a: Sinistcha|Rage Powder|p2a: Sinistcha\n|-singleturn|p2a: Sinistcha|move: Rage Powder\n|move|p1a: Chesnaught|Iron Defense|p1a: Chesnaught\n|-boost|p1a: Chesnaught|def|0\n|\n|upkeep\n|turn|21\n|\n|t:|1776147853\n|move|p2a: Sinistcha|Rage Powder|p2a: Sinistcha\n|-singleturn|p2a: Sinistcha|move: Rage Powder\n|move|p1a: Chesnaught|Iron Defense|p1a: Chesnaught\n|-boost|p1a: Chesnaught|def|0\n|\n|upkeep\n|turn|22\n|\n|t:|1776147859\n|move|p2a: Sinistcha|Rage Powder|p2a: Sinistcha\n|-singleturn|p2a: Sinistcha|move: Rage Powder\n|move|p1a: Chesnaught|Iron Defense|p1a: Chesnaught\n|-boost|p1a: Chesnaught|def|0\n|\n|upkeep\n|turn|23\n|\n|t:|1776147864\n|move|p2a: Sinistcha|Rage Powder|p2a: Sinistcha\n|-singleturn|p2a: Sinistcha|move: Rage Powder\n|move|p1a: Chesnaught|Iron Defense|p1a: Chesnaught\n|-boost|p1a: Chesnaught|def|0\n|\n|upkeep\n|turn|24\n|c|\u2606LyRooster|so stupid xd\n|c|\u2606MyNameIsTomL|Haahaha\n|\n|t:|1776147872\n|move|p2a: Sinistcha|Rage Powder|p2a: Sinistcha\n|-singleturn|p2a: Sinistcha|move: Rage Powder\n|move|p1a: Chesnaught|Iron Defense|p1a: Chesnaught\n|-boost|p1a: Chesnaught|def|0\n|\n|upkeep\n|turn|25\n|\n|t:|1776147878\n|move|p2a: Sinistcha|Rage Powder|p2a: Sinistcha\n|-singleturn|p2a: Sinistcha|move: Rage Powder\n|move|p1a: Chesnaught|Iron Defense|p1a: Chesnaught\n|-boost|p1a: Chesnaught|def|0\n|\n|upkeep\n|turn|26\n|\n|t:|1776147884\n|move|p2a: Sinistcha|Matcha Gotcha|p1a: Chesnaught\n|-resisted|p1a: Chesnaught|1\n|-damage|p1a: Chesnaught|49/100\n|-heal|p2a: Sinistcha|100/100|[from] drain|[of] p1a: Chesnaught\n|move|p1a: Chesnaught|Iron Defense|p1a: Chesnaught\n|-boost|p1a: Chesnaught|def|0\n|\n|upkeep\n|turn|27\n|\n|t:|1776147894\n|move|p2a: Sinistcha|Matcha Gotcha|p1a: Chesnaught|[miss]\n|-miss|p2a: Sinistcha|p1a: Chesnaught\n|move|p1a: Chesnaught|Body Press|p2a: Sinistcha\n|-immune|p2a: Sinistcha\n|\n|upkeep\n|turn|28\n|\n|t:|1776147903\n|move|p2a: Sinistcha|Matcha Gotcha|p1a: Chesnaught\n|-resisted|p1a: Chesnaught|1\n|-damage|p1a: Chesnaught|35/100\n|-status|p1a: Chesnaught|brn\n|move|p1a: Chesnaught|Body Press|p2a: Sinistcha\n|-immune|p2a: Sinistcha\n|\n|-damage|p1a: Chesnaught|29/100 brn|[from] brn\n|upkeep\n|turn|29\n|\n|t:|1776147913\n|move|p2a: Sinistcha|Matcha Gotcha|p1a: Chesnaught\n|-resisted|p1a: Chesnaught|1\n|-damage|p1a: Chesnaught|14/100 brn\n|move|p1a: Chesnaught|Iron Defense|p1a: Chesnaught\n|-boost|p1a: Chesnaught|def|0\n|\n|-damage|p1a: Chesnaught|8/100 brn|[from] brn\n|upkeep\n|turn|30\n|\n|t:|1776147922\n|move|p2a: Sinistcha|Giga Drain|p1a: Chesnaught\n|-resisted|p1a: Chesnaught|1\n|-damage|p1a: Chesnaught|0 fnt\n|faint|p1a: Chesnaught\n|\n|win|MyNameIsTomL\n|raw|LyRooster's rating: 1150 &rarr; <strong>1119</strong><br />(-31 for losing)\n|raw|MyNameIsTomL's rating: 1066 &rarr; <strong>1103</strong><br />(+37 for winning)\n|c|\u2606LyRooster|ggs\n|c|\u2606MyNameIsTomL|Gg haha\n|l|\u2606LyRooster\n|player|p1|\n",
  "uploadtime": 1776147937,
  "views": 21,
  "formatid": "gen9championsvgc2026regma",
  "rating": 1103,
  "private": 0,
  "password": null
}