{
  "id": "gen9championsvgc2026regma-2586078144",
  "format": "[Gen 9 Champions] VGC 2026 Reg M-A",
  "players": [
    "wulanpami",
    "K1tfox"
  ],
  "log": "|j|\u203dwulanpami\n|j|\u2606K1tfox\n|t:|1776396617\n|gametype|doubles\n|player|p1|wulanpami|170|1050\n|player|p2|K1tfox|harlequin|1045\n|gen|9\n|tier|[Gen 9 Champions] VGC 2026 Reg M-A\n|rated|\n|rule|Species Clause: Limit one of each Pok\u00e9mon\n|rule|Item Clause: Limit 1 of each item\n|clearpoke\n|poke|p1|Gengar, L50, M|\n|poke|p1|Incineroar, L50, F|\n|poke|p1|Sinistcha, L50|\n|poke|p1|Kingambit, L50, F|\n|poke|p1|Kommo-o, L50, F|\n|poke|p1|Tyranitar, L50, F|\n|poke|p2|Arcanine, L50, F|\n|poke|p2|Maushold, L50|\n|poke|p2|Sneasler, L50, M|\n|poke|p2|Archaludon, L50, M|\n|poke|p2|Palafin, L50, M|\n|poke|p2|Scizor, L50, M|\n|teampreview|4\n|inactive|Battle timer is ON: inactive players will automatically lose when time's up. (requested by wulanpami)\n|\n|t:|1776396638\n|teamsize|p1|4\n|teamsize|p2|4\n|start\n|switch|p1a: Gengar|Gengar, L50, M|100/100\n|switch|p1b: Incineroar|Incineroar, L50, F|100/100\n|switch|p2a: Chris maus|Maushold, L50|100/100\n|switch|p2b: Dancinlikaflipler|Palafin, L50, M|100/100\n|-ability|p1b: Incineroar|Intimidate|boost\n|-unboost|p2a: Chris maus|atk|1\n|-unboost|p2b: Dancinlikaflipler|atk|1\n|turn|1\n|\n|t:|1776396661\n|detailschange|p2b: Dancinlikaflipler|Palafin-Hero, L50, M\n|switch|p2b: Hiswife|Arcanine, L50, F|100/100\n|detailschange|p1a: Gengar|Gengar-Mega, L50, M\n|-mega|p1a: Gengar|Gengar|Gengarite\n|move|p1b: Incineroar|Fake Out|p2b: Hiswife\n|-damage|p2b: Hiswife|92/100\n|move|p1a: Gengar|Perish Song|p1a: Gengar\n|-start|p1a: Gengar|perish3|[silent]\n|-start|p1b: Incineroar|perish3|[silent]\n|-start|p2a: Chris maus|perish3|[silent]\n|-start|p2b: Hiswife|perish3|[silent]\n|-fieldactivate|move: Perish Song\n|move|p2a: Chris maus|Beat Up|p2b: Hiswife\n|-crit|p2b: Hiswife\n|-damage|p2b: Hiswife|89/100\n|-ability|p2b: Hiswife|Justified|boost\n|-boost|p2b: Hiswife|atk|1\n|-damage|p2b: Hiswife|87/100\n|-ability|p2b: Hiswife|Justified|boost\n|-boost|p2b: Hiswife|atk|1\n|-damage|p2b: Hiswife|85/100\n|-ability|p2b: Hiswife|Justified|boost\n|-boost|p2b: Hiswife|atk|1\n|-damage|p2b: Hiswife|83/100\n|-ability|p2b: Hiswife|Justified|boost\n|-boost|p2b: Hiswife|atk|1\n|-hitcount|p2b: Hiswife|4\n|\n|-start|p1a: Gengar|perish3\n|-start|p2a: Chris maus|perish3\n|-start|p2b: Hiswife|perish3\n|-start|p1b: Incineroar|perish3\n|upkeep\n|turn|2\n|inactive|K1tfox has 30 seconds left.\n|\n|t:|1776396694\n|move|p2a: Chris maus|Follow Me|p2a: Chris maus\n|-singleturn|p2a: Chris maus|move: Follow Me\n|move|p1a: Gengar|Substitute|p1a: Gengar\n|-start|p1a: Gengar|Substitute\n|-damage|p1a: Gengar|76/100\n|move|p2b: Hiswife|Crunch|p1a: Gengar\n|-supereffective|p1a: Gengar|1\n|-end|p1a: Gengar|Substitute\n|move|p1b: Incineroar|Parting Shot|p2a: Chris maus\n|-unboost|p2a: Chris maus|atk|1\n|-unboost|p2a: Chris maus|spa|1\n|\n|t:|1776396703\n|switch|p1b: Sinistcha|Sinistcha, L50|100/100|[from] Parting Shot\n|-heal|p1a: Gengar|100/100|[from] ability: Hospitality|[of] p1b: Sinistcha\n|\n|-start|p1a: Gengar|perish2\n|-start|p2a: Chris maus|perish2\n|-start|p2b: Hiswife|perish2\n|upkeep\n|turn|3\n|c|\u2606K1tfox|Dang\n|inactive|K1tfox has 30 seconds left.\n|inactive|K1tfox has 20 seconds left.\n|\n|t:|1776396740\n|switch|p1b: Incineroar|Incineroar, L50, F|100/100\n|-ability|p1b: Incineroar|Intimidate|boost\n|-unboost|p2a: Chris maus|atk|1\n|-unboost|p2b: Hiswife|atk|1\n|move|p2a: Chris maus|Helping Hand|p2b: Hiswife\n|-singleturn|p2b: Hiswife|Helping Hand|[of] p2a: Chris maus\n|move|p1a: Gengar|Protect|p1a: Gengar\n|-singleturn|p1a: Gengar|Protect\n|move|p2b: Hiswife|Temper Flare|p1b: Incineroar\n|-resisted|p1b: Incineroar|1\n|-damage|p1b: Incineroar|42/100\n|\n|-start|p1a: Gengar|perish1\n|-start|p2a: Chris maus|perish1\n|-start|p2b: Hiswife|perish1\n|upkeep\n|turn|4\n|c|\u2606K1tfox|So that's how the team works\n|c|\u2606K1tfox|Been trying to figure it out\n|\n|t:|1776396765\n|switch|p1a: Sinistcha|Sinistcha, L50|100/100\n|-heal|p1b: Incineroar|67/100|[from] ability: Hospitality|[of] p1a: Sinistcha\n|move|p2a: Chris maus|Helping Hand|p2b: Hiswife\n|-singleturn|p2b: Hiswife|Helping Hand|[of] p2a: Chris maus\n|move|p1b: Incineroar|Fake Out|p2b: Hiswife\n|-damage|p2b: Hiswife|74/100\n|cant|p2b: Hiswife|flinch\n|\n|-start|p2a: Chris maus|perish0\n|-start|p2b: Hiswife|perish0\n|upkeep\n|faint|p2a: Chris maus\n|faint|p2b: Hiswife\n|\n|t:|1776396772\n|switch|p2a: Dancinlikaflipler|Palafin-Hero, L50, M|100/100\n|switch|p2b: MettatonNEO|Scizor, L50, M|100/100\n|-activate|p2a: Dancinlikaflipler|ability: Zero to Hero\n|turn|5\n|\n|t:|1776396795\n|detailschange|p2b: MettatonNEO|Scizor-Mega, L50, M\n|-mega|p2b: MettatonNEO|Scizor|Scizorite\n|move|p1a: Sinistcha|Rage Powder|p1a: Sinistcha\n|-singleturn|p1a: Sinistcha|move: Rage Powder\n|move|p2a: Dancinlikaflipler|Drain Punch|p1a: Sinistcha\n|-immune|p1a: Sinistcha\n|move|p2b: MettatonNEO|Brutal Swing|p1a: Sinistcha|[spread] p2a,p1a,p1b\n|-supereffective|p1a: Sinistcha|1\n|-resisted|p1b: Incineroar|1\n|-damage|p2a: Dancinlikaflipler|75/100\n|-damage|p1a: Sinistcha|53/100\n|-damage|p1b: Incineroar|55/100\n|move|p1b: Incineroar|Parting Shot|p2a: Dancinlikaflipler\n|-unboost|p2a: Dancinlikaflipler|atk|1\n|-unboost|p2a: Dancinlikaflipler|spa|1\n|\n|t:|1776396806\n|switch|p1b: Gengar|Gengar-Mega, L50, M|100/100|[from] Parting Shot\n|\n|upkeep\n|turn|6\n|c|\u2606K1tfox|Yeah gg\n|c|\u2606K1tfox|Roat to 0atk\n|c|\u2606K1tfox|Perish\n|c|\u2606K1tfox|Cha\n|c|\u2606K1tfox|Wow that's cool\n|c|\u2606K1tfox|I'll nam\n|inactive|K1tfox has 30 seconds left.\n|inactive|K1tfox has 20 seconds left.\n|inactive|K1tfox has 15 seconds left.\n|\n|t:|1776396849\n|move|p1a: Sinistcha|Rage Powder|p1a: Sinistcha\n|-singleturn|p1a: Sinistcha|move: Rage Powder\n|move|p2a: Dancinlikaflipler|Jet Punch|p1a: Sinistcha\n|-resisted|p1a: Sinistcha|1\n|-damage|p1a: Sinistcha|39/100\n|-enditem|p1a: Sinistcha|Sitrus Berry|[eat]\n|-heal|p1a: Sinistcha|64/100|[from] item: Sitrus Berry\n|move|p1b: Gengar|Perish Song|p1b: Gengar\n|-start|p1a: Sinistcha|perish3|[silent]\n|-start|p1b: Gengar|perish3|[silent]\n|-start|p2a: Dancinlikaflipler|perish3|[silent]\n|-start|p2b: MettatonNEO|perish3|[silent]\n|-fieldactivate|move: Perish Song\n|move|p2b: MettatonNEO|Brutal Swing|p1a: Sinistcha|[spread] p2a,p1a,p1b\n|-supereffective|p1a: Sinistcha|1\n|-supereffective|p1b: Gengar|1\n|-damage|p2a: Dancinlikaflipler|48/100\n|-damage|p1a: Sinistcha|12/100\n|-damage|p1b: Gengar|37/100\n|\n|-start|p1b: Gengar|perish3\n|-start|p2a: Dancinlikaflipler|perish3\n|-start|p2b: MettatonNEO|perish3\n|-start|p1a: Sinistcha|perish3\n|upkeep\n|turn|7\n|inactive|wulanpami has 30 seconds left.\n|\n|t:|1776396875\n|move|p1b: Gengar|Protect|p1b: Gengar\n|-singleturn|p1b: Gengar|Protect\n|move|p1a: Sinistcha|Protect|p1a: Sinistcha\n|-singleturn|p1a: Sinistcha|Protect\n|move|p2a: Dancinlikaflipler|Jet Punch|p1a: Sinistcha\n|-activate|p1a: Sinistcha|move: Protect\n|move|p2b: MettatonNEO|Brutal Swing|p1a: Sinistcha|[spread] p2a\n|-activate|p1a: Sinistcha|move: Protect\n|-activate|p1b: Gengar|move: Protect\n|-damage|p2a: Dancinlikaflipler|24/100\n|\n|-start|p1b: Gengar|perish2\n|-start|p2a: Dancinlikaflipler|perish2\n|-start|p2b: MettatonNEO|perish2\n|-start|p1a: Sinistcha|perish2\n|upkeep\n|turn|8\n|\n|t:|1776396882\n|move|p2a: Dancinlikaflipler|Jet Punch|p1a: Sinistcha\n|-resisted|p1a: Sinistcha|1\n|-damage|p1a: Sinistcha|0 fnt\n|faint|p1a: Sinistcha\n|move|p1b: Gengar|Substitute|p1b: Gengar\n|-start|p1b: Gengar|Substitute\n|-damage|p1b: Gengar|12/100\n|move|p2b: MettatonNEO|Brutal Swing|p1b: Gengar|[spread] p2a,p1b\n|-supereffective|p1b: Gengar|1\n|-crit|p1b: Gengar\n|-end|p1b: Gengar|Substitute\n|-damage|p2a: Dancinlikaflipler|0 fnt\n|faint|p2a: Dancinlikaflipler\n|\n|-start|p1b: Gengar|perish1\n|-start|p2b: MettatonNEO|perish1\n|upkeep\n|\n|t:|1776396892\n|switch|p1a: Incineroar|Incineroar, L50, F|55/100\n|-ability|p1a: Incineroar|Intimidate|boost\n|-unboost|p2b: MettatonNEO|atk|1\n|turn|9\n|\n|t:|1776396903\n|switch|p1b: Kommo-o|Kommo-o, L50, F|100/100\n|move|p1a: Incineroar|Fake Out|p2b: MettatonNEO\n|-resisted|p2b: MettatonNEO|1\n|-damage|p2b: MettatonNEO|96/100\n|cant|p2b: MettatonNEO|flinch\n|\n|-start|p2b: MettatonNEO|perish0\n|upkeep\n|faint|p2b: MettatonNEO\n|\n|win|wulanpami\n|raw|wulanpami's rating: 1050 &rarr; <strong>1082</strong><br />(+32 for winning)\n|raw|K1tfox's rating: 1045 &rarr; <strong>1028</strong><br />(-17 for losing)\n|c|\u2606K1tfox|Ggz\n",
  "uploadtime": 1776396912,
  "views": 17,
  "formatid": "gen9championsvgc2026regma",
  "rating": 1028,
  "private": 0,
  "password": null
}