{
  "id": "gen9championsvgc2026regma-2588430855",
  "format": "[Gen 9 Champions] VGC 2026 Reg M-A",
  "players": [
    "umbreo589",
    "TonySopranosWife"
  ],
  "log": "|j|\u2606umbreo589\n|j|\u2606TonySopranosWife\n|t:|1776632905\n|gametype|doubles\n|player|p1|umbreo589|hilbert|1143\n|player|p2|TonySopranosWife|battlegirl-gen4|1111\n|gen|9\n|tier|[Gen 9 Champions] VGC 2026 Reg M-A\n|rated|\n|rule|Species Clause: Limit one of each Pok\u00e9mon\n|rule|Item Clause: Limit 1 of each item\n|clearpoke\n|poke|p1|Pelipper, L50, M|\n|poke|p1|Archaludon, L50, M|\n|poke|p1|Dragonite, L50, F, shiny|\n|poke|p1|Lucario, L50, F, shiny|\n|poke|p1|Basculegion, L50, M|\n|poke|p1|Sylveon, L50, M, shiny|\n|poke|p2|Rotom-Wash, L50|\n|poke|p2|Sinistcha, L50|\n|poke|p2|Farigiraf, L50, F|\n|poke|p2|Maushold-Four, L50|\n|poke|p2|Sneasler, L50, F|\n|poke|p2|Kleavor, L50, F|\n|teampreview|4\n|\n|t:|1776632935\n|teamsize|p1|4\n|teamsize|p2|4\n|start\n|switch|p1a: Pelipper|Pelipper, L50, M|100/100\n|switch|p1b: Archaludon|Archaludon, L50, M|100/100\n|switch|p2a: Sneasler|Sneasler, L50, F|100/100\n|switch|p2b: Maushold|Maushold-Four, L50|100/100\n|-weather|RainDance|[from] ability: Drizzle|[of] p1a: Pelipper\n|turn|1\n|inactive|Battle timer is ON: inactive players will automatically lose when time's up. (requested by umbreo589)\n|\n|t:|1776632972\n|switch|p1b: Basculegion|Basculegion, L50, M|100/100\n|move|p2a: Sneasler|Fake Out|p1a: Pelipper\n|-damage|p1a: Pelipper|81/100\n|move|p2b: Maushold|Tidy Up|p2b: Maushold\n|-boost|p2b: Maushold|atk|1\n|-boost|p2b: Maushold|spe|1\n|cant|p1a: Pelipper|flinch\n|\n|-weather|RainDance|[upkeep]\n|upkeep\n|turn|2\n|\n|t:|1776632988\n|switch|p2a: Farigiraf|Farigiraf, L50, F|100/100\n|move|p1b: Basculegion|Protect|p1b: Basculegion\n|-singleturn|p1b: Basculegion|Protect\n|move|p2b: Maushold|Crunch|p1b: Basculegion\n|-activate|p1b: Basculegion|move: Protect\n|move|p1a: Pelipper|Hurricane|p2a: Farigiraf\n|-damage|p2a: Farigiraf|51/100\n|\n|-weather|RainDance|[upkeep]\n|-heal|p2a: Farigiraf|57/100|[from] item: Leftovers\n|upkeep\n|turn|3\n|\n|t:|1776633012\n|switch|p1b: Archaludon|Archaludon, L50, M|100/100\n|switch|p1a: Sylveon|Sylveon, L50, M, shiny|100/100\n|move|p2b: Maushold|Population Bomb|p1a: Sylveon\n|-damage|p1a: Sylveon|84/100\n|-damage|p1a: Sylveon|65/100\n|-damage|p1a: Sylveon|46/100\n|-hitcount|p1a: Sylveon|3\n|move|p2a: Farigiraf|Body Slam|p1a: Sylveon\n|-damage|p1a: Sylveon|13/100\n|\n|-weather|RainDance|[upkeep]\n|-heal|p2a: Farigiraf|63/100|[from] item: Leftovers\n|upkeep\n|turn|4\n|\n|t:|1776633027\n|move|p1a: Sylveon|Protect|p1a: Sylveon\n|-singleturn|p1a: Sylveon|Protect\n|move|p2b: Maushold|Population Bomb|p1b: Archaludon\n|-resisted|p1b: Archaludon|1\n|-damage|p1b: Archaludon|95/100\n|-ability|p1b: Archaludon|Stamina|boost\n|-boost|p1b: Archaludon|def|1\n|-resisted|p1b: Archaludon|1\n|-crit|p1b: Archaludon\n|-damage|p1b: Archaludon|85/100\n|-ability|p1b: Archaludon|Stamina|boost\n|-boost|p1b: Archaludon|def|1\n|-resisted|p1b: Archaludon|1\n|-damage|p1b: Archaludon|82/100\n|-ability|p1b: Archaludon|Stamina|boost\n|-boost|p1b: Archaludon|def|1\n|-resisted|p1b: Archaludon|1\n|-damage|p1b: Archaludon|79/100\n|-ability|p1b: Archaludon|Stamina|boost\n|-boost|p1b: Archaludon|def|1\n|-resisted|p1b: Archaludon|1\n|-damage|p1b: Archaludon|77/100\n|-ability|p1b: Archaludon|Stamina|boost\n|-boost|p1b: Archaludon|def|1\n|-resisted|p1b: Archaludon|1\n|-damage|p1b: Archaludon|76/100\n|-ability|p1b: Archaludon|Stamina|boost\n|-boost|p1b: Archaludon|def|1\n|-resisted|p1b: Archaludon|1\n|-damage|p1b: Archaludon|74/100\n|-resisted|p1b: Archaludon|1\n|-damage|p1b: Archaludon|72/100\n|-hitcount|p1b: Archaludon|8\n|cant|p1b: Archaludon|flinch\n|move|p2a: Farigiraf|Body Slam|p1a: Sylveon\n|-activate|p1a: Sylveon|move: Protect\n|\n|-weather|RainDance|[upkeep]\n|-heal|p1b: Archaludon|78/100|[from] item: Leftovers\n|-heal|p2a: Farigiraf|69/100|[from] item: Leftovers\n|upkeep\n|turn|5\n|inactive|umbreo589 has 30 seconds left.\n|inactive|TonySopranosWife has 30 seconds left.\n|inactive|umbreo589 has 20 seconds left.\n|\n|t:|1776633063\n|move|p2b: Maushold|Population Bomb|p1b: Archaludon|[miss]\n|-miss|p2b: Maushold|p1b: Archaludon\n|move|p1b: Archaludon|Snarl|p2b: Maushold|[spread] p2a,p2b\n|-supereffective|p2a: Farigiraf|1\n|-damage|p2a: Farigiraf|46/100\n|-damage|p2b: Maushold|85/100\n|-unboost|p2a: Farigiraf|spa|1\n|-unboost|p2b: Maushold|spa|1\n|move|p1a: Sylveon|Hyper Voice|p2b: Maushold|[spread] p2a,p2b\n|-damage|p2a: Farigiraf|4/100\n|-damage|p2b: Maushold|23/100\n|move|p2a: Farigiraf|Body Slam|p1a: Sylveon\n|-damage|p1a: Sylveon|0 fnt\n|faint|p1a: Sylveon\n|\n|-weather|none\n|-heal|p1b: Archaludon|84/100|[from] item: Leftovers\n|-heal|p2a: Farigiraf|10/100|[from] item: Leftovers\n|upkeep\n|\n|t:|1776633067\n|switch|p1a: Basculegion|Basculegion, L50, M|100/100\n|turn|6\n|\n|t:|1776633086\n|move|p2b: Maushold|Crunch|p1a: Basculegion\n|-supereffective|p1a: Basculegion|1\n|-damage|p1a: Basculegion|31/100\n|move|p1a: Basculegion|Wave Crash|p2b: Maushold\n|-damage|p2b: Maushold|0 fnt\n|faint|p2b: Maushold\n|-damage|p1a: Basculegion|26/100|[from] Recoil\n|move|p1b: Archaludon|Snarl|p2a: Farigiraf\n|-supereffective|p2a: Farigiraf|1\n|-damage|p2a: Farigiraf|0 fnt\n|faint|p2a: Farigiraf\n|\n|-heal|p1b: Archaludon|90/100|[from] item: Leftovers\n|upkeep\n|\n|t:|1776633099\n|switch|p2b: Sinistcha|Sinistcha, L50|100/100\n|switch|p2a: Sneasler|Sneasler, L50, F|100/100\n|turn|7\n|\n|t:|1776633115\n|switch|p1b: Pelipper|Pelipper, L50, M|81/100\n|-weather|RainDance|[from] ability: Drizzle|[of] p1b: Pelipper\n|move|p2a: Sneasler|Fake Out|p1b: Pelipper\n|-damage|p1b: Pelipper|63/100\n|move|p1a: Basculegion|Last Respects|p2b: Sinistcha\n|-supereffective|p2b: Sinistcha|1\n|-damage|p2b: Sinistcha|30/100\n|-enditem|p2b: Sinistcha|Sitrus Berry|[eat]\n|-heal|p2b: Sinistcha|54/100|[from] item: Sitrus Berry\n|move|p2b: Sinistcha|Matcha Gotcha|p1b: Pelipper|[spread] p1a,p1b\n|-supereffective|p1a: Basculegion|1\n|-damage|p1a: Basculegion|0 fnt\n|-heal|p2b: Sinistcha|69/100|[from] drain|[of] p1a: Basculegion\n|-damage|p1b: Pelipper|17/100\n|-heal|p2b: Sinistcha|87/100|[from] drain|[of] p1b: Pelipper\n|faint|p1a: Basculegion\n|\n|-weather|RainDance|[upkeep]\n|upkeep\n|\n|t:|1776633125\n|switch|p1a: Archaludon|Archaludon, L50, M|90/100\n|turn|8\n|\n|t:|1776633138\n|move|p2a: Sneasler|Close Combat|p1a: Archaludon\n|-supereffective|p1a: Archaludon|1\n|-damage|p1a: Archaludon|5/100\n|-unboost|p2a: Sneasler|def|1\n|-unboost|p2a: Sneasler|spd|1\n|-ability|p1a: Archaludon|Stamina|boost\n|-boost|p1a: Archaludon|def|1\n|-enditem|p2a: Sneasler|White Herb\n|-clearnegativeboost|p2a: Sneasler|[silent]\n|move|p1b: Pelipper|Hurricane|p2a: Sneasler\n|-supereffective|p2a: Sneasler|1\n|-damage|p2a: Sneasler|0 fnt\n|faint|p2a: Sneasler\n|move|p1a: Archaludon|Snarl|p2b: Sinistcha\n|-supereffective|p2b: Sinistcha|1\n|-crit|p2b: Sinistcha\n|-damage|p2b: Sinistcha|41/100\n|-unboost|p2b: Sinistcha|spa|1\n|move|p2b: Sinistcha|Matcha Gotcha|p1b: Pelipper|[spread] p1a,p1b\n|-resisted|p1a: Archaludon|2\n|-damage|p1a: Archaludon|2/100\n|-heal|p2b: Sinistcha|43/100|[from] drain|[of] p1a: Archaludon\n|-damage|p1b: Pelipper|0 fnt\n|-heal|p2b: Sinistcha|50/100|[from] drain|[of] p1b: Pelipper\n|-ability|p1a: Archaludon|Stamina|boost\n|-boost|p1a: Archaludon|def|1\n|faint|p1b: Pelipper\n|\n|-weather|RainDance|[upkeep]\n|-heal|p1a: Archaludon|8/100|[from] item: Leftovers\n|upkeep\n|turn|9\n|inactive|umbreo589 has 30 seconds left.\n|\n|t:|1776633165\n|move|p1a: Archaludon|Flash Cannon|p2b: Sinistcha\n|-damage|p2b: Sinistcha|16/100\n|move|p2b: Sinistcha|Matcha Gotcha|p1a: Archaludon\n|-resisted|p1a: Archaludon|2\n|-damage|p1a: Archaludon|3/100\n|-heal|p2b: Sinistcha|18/100|[from] drain|[of] p1a: Archaludon\n|-status|p1a: Archaludon|brn\n|-ability|p1a: Archaludon|Stamina|boost\n|-boost|p1a: Archaludon|def|1\n|\n|-weather|RainDance|[upkeep]\n|-heal|p1a: Archaludon|9/100 brn|[from] item: Leftovers\n|-damage|p1a: Archaludon|3/100 brn|[from] brn\n|upkeep\n|turn|10\n|\n|t:|1776633171\n|move|p1a: Archaludon|Flash Cannon|p2b: Sinistcha\n|-damage|p2b: Sinistcha|0 fnt\n|faint|p2b: Sinistcha\n|\n|win|umbreo589\n|raw|umbreo589's rating: 1143 &rarr; <strong>1166</strong><br />(+23 for winning)\n|raw|TonySopranosWife's rating: 1111 &rarr; <strong>1088</strong><br />(-23 for losing)\n|l|\u2606TonySopranosWife\n|player|p2|\n",
  "uploadtime": 1776633194,
  "views": 16,
  "formatid": "gen9championsvgc2026regma",
  "rating": 1088,
  "private": 0,
  "password": null
}