{
  "id": "gen9championsvgc2026regma-2584911489",
  "format": "[Gen 9 Champions] VGC 2026 Reg M-A",
  "players": [
    "beanstalk0115",
    "orionsayshi"
  ],
  "log": "|j|\u2606beanstalk0115\n|j|\u2606orionsayshi\n|t:|1776293805\n|gametype|doubles\n|player|p1|beanstalk0115|blue|1117\n|player|p2|orionsayshi|elesa|1106\n|gen|9\n|tier|[Gen 9 Champions] VGC 2026 Reg M-A\n|rated|\n|rule|Species Clause: Limit one of each Pok\u00e9mon\n|rule|Item Clause: Limit 1 of each item\n|clearpoke\n|poke|p1|Meganium, L50, M|\n|poke|p1|Pelipper, L50, F|\n|poke|p1|Ditto, L50|\n|poke|p1|Sinistcha, L50|\n|poke|p1|Rotom-Wash, L50|\n|poke|p1|Sneasler, L50, M|\n|poke|p2|Incineroar, L50, M|\n|poke|p2|Gengar, L50, M|\n|poke|p2|Sableye, L50, M|\n|poke|p2|Arcanine-Hisui, L50, M|\n|poke|p2|Bellibolt, L50, F|\n|poke|p2|Sinistcha, L50|\n|teampreview|4\n|inactive|Battle timer is ON: inactive players will automatically lose when time's up. (requested by orionsayshi)\n|\n|t:|1776293848\n|teamsize|p1|4\n|teamsize|p2|4\n|start\n|switch|p1a: Pelipper|Pelipper, L50, F|100/100\n|switch|p1b: Meganium|Meganium, L50, M|100/100\n|switch|p2a: Gengar|Gengar, L50, M|100/100\n|switch|p2b: Bellibolt|Bellibolt, L50, F|100/100\n|-weather|RainDance|[from] ability: Drizzle|[of] p1a: Pelipper\n|turn|1\n|\n|t:|1776293868\n|detailschange|p2a: Gengar|Gengar-Mega, L50, M\n|-mega|p2a: Gengar|Gengar|Gengarite\n|detailschange|p1b: Meganium|Meganium-Mega, L50, M\n|-mega|p1b: Meganium|Meganium|Meganiumite\n|move|p2a: Gengar|Protect|p2a: Gengar\n|-singleturn|p2a: Gengar|Protect\n|move|p1b: Meganium|Weather Ball|p2a: Gengar\n|-activate|p2a: Gengar|move: Protect\n|move|p1a: Pelipper|Tailwind|p1a: Pelipper\n|-sidestart|p1: beanstalk0115|move: Tailwind\n|move|p2b: Bellibolt|Parabolic Charge|p1b: Meganium|[spread] p1a,p1b\n|-activate|p2a: Gengar|move: Protect\n|-supereffective|p1a: Pelipper|2\n|-resisted|p1b: Meganium|1\n|-enditem|p1a: Pelipper|Focus Sash\n|-damage|p1a: Pelipper|1/100\n|-damage|p1b: Meganium|88/100\n|\n|-weather|RainDance|[upkeep]\n|upkeep\n|turn|2\n|inactive|beanstalk0115 has 30 seconds left.\n|inactive|orionsayshi has 30 seconds left.\n|\n|t:|1776293895\n|switch|p2a: Arcanine|Arcanine-Hisui, L50, M|100/100\n|-ability|p2a: Arcanine|Intimidate|boost\n|-unboost|p1a: Pelipper|atk|1\n|-unboost|p1b: Meganium|atk|1\n|move|p1b: Meganium|Weather Ball|p2a: Arcanine\n|-resisted|p2a: Arcanine|2\n|-damage|p2a: Arcanine|81/100\n|move|p1a: Pelipper|Weather Ball|p2a: Arcanine\n|-supereffective|p2a: Arcanine|2\n|-damage|p2a: Arcanine|0 fnt\n|faint|p2a: Arcanine\n|move|p2b: Bellibolt|Eerie Impulse|p1b: Meganium\n|-unboost|p1b: Meganium|spa|2\n|\n|-weather|RainDance|[upkeep]\n|upkeep\n|\n|t:|1776293909\n|switch|p2a: Incineroar|Incineroar, L50, M|100/100\n|-ability|p2a: Incineroar|Intimidate|boost\n|-unboost|p1a: Pelipper|atk|1\n|-unboost|p1b: Meganium|atk|1\n|turn|3\n|\n|t:|1776293919\n|switch|p1b: Sneasler|Sneasler, L50, M|100/100\n|switch|p1a: Rotom|Rotom-Wash, L50|100/100\n|move|p2a: Incineroar|Fake Out|p1a: Rotom\n|-damage|p1a: Rotom|81/100\n|move|p2b: Bellibolt|Volt Switch|p1b: Sneasler\n|-damage|p1b: Sneasler|48/100\n|\n|t:|1776293929\n|switch|p2b: Gengar|Gengar-Mega, L50, M|100/100|[from] Volt Switch\n|\n|-weather|RainDance|[upkeep]\n|upkeep\n|turn|4\n|\n|t:|1776293953\n|move|p1a: Rotom|Protect|p1a: Rotom\n|-singleturn|p1a: Rotom|Protect\n|move|p1b: Sneasler|Fake Out|p2a: Incineroar\n|-damage|p2a: Incineroar|89/100\n|move|p2b: Gengar|Perish Song|p2b: Gengar\n|-start|p1a: Rotom|perish3|[silent]\n|-start|p1b: Sneasler|perish3|[silent]\n|-start|p2a: Incineroar|perish3|[silent]\n|-start|p2b: Gengar|perish3|[silent]\n|-fieldactivate|move: Perish Song\n|cant|p2a: Incineroar|flinch\n|\n|-weather|RainDance|[upkeep]\n|-start|p1b: Sneasler|perish3\n|-start|p1a: Rotom|perish3\n|-start|p2b: Gengar|perish3\n|-start|p2a: Incineroar|perish3\n|-sideend|p1: beanstalk0115|move: Tailwind\n|upkeep\n|turn|5\n|\n|t:|1776293969\n|move|p2b: Gengar|Protect|p2b: Gengar\n|-singleturn|p2b: Gengar|Protect\n|move|p2a: Incineroar|Protect|p2a: Incineroar\n|-singleturn|p2a: Incineroar|Protect\n|move|p1b: Sneasler|Throat Chop|p2b: Gengar\n|-activate|p2b: Gengar|move: Protect\n|move|p1a: Rotom|Hydro Pump|p2a: Incineroar\n|-activate|p2a: Incineroar|move: Protect\n|\n|-weather|none\n|-start|p2b: Gengar|perish2\n|-start|p1b: Sneasler|perish2\n|-start|p1a: Rotom|perish2\n|-start|p2a: Incineroar|perish2\n|upkeep\n|turn|6\n|\n|t:|1776293977\n|switch|p2b: Bellibolt|Bellibolt, L50, F|100/100\n|move|p1b: Sneasler|Throat Chop|p2b: Bellibolt\n|-damage|p2b: Bellibolt|75/100\n|-start|p2b: Bellibolt|Throat Chop|[silent]\n|-start|p2b: Bellibolt|Charge|Throat Chop|[from] ability: Electromorphosis\n|move|p1a: Rotom|Hydro Pump|p2a: Incineroar\n|-supereffective|p2a: Incineroar|1\n|-damage|p2a: Incineroar|0 fnt\n|faint|p2a: Incineroar\n|\n|-heal|p2b: Bellibolt|81/100|[from] item: Leftovers\n|-start|p1b: Sneasler|perish1\n|-start|p1a: Rotom|perish1\n|upkeep\n|\n|t:|1776293986\n|switch|p2a: Gengar|Gengar-Mega, L50, M|100/100\n|turn|7\n|\n|t:|1776294005\n|move|p2a: Gengar|Protect|p2a: Gengar\n|-singleturn|p2a: Gengar|Protect\n|move|p2b: Bellibolt|Protect|p2b: Bellibolt\n|-singleturn|p2b: Bellibolt|Protect\n|move|p1b: Sneasler|Throat Chop|p2a: Gengar\n|-activate|p2a: Gengar|move: Protect\n|move|p1a: Rotom|Hydro Pump|p2b: Bellibolt\n|-activate|p2b: Bellibolt|move: Protect\n|\n|-heal|p2b: Bellibolt|87/100|[from] item: Leftovers\n|-end|p2b: Bellibolt|Throat Chop|[silent]\n|-start|p1b: Sneasler|perish0\n|-start|p1a: Rotom|perish0\n|faint|p1b: Sneasler\n|faint|p1a: Rotom\n|upkeep\n|\n|t:|1776294010\n|switch|p1b: Meganium|Meganium-Mega, L50, M|88/100\n|switch|p1a: Pelipper|Pelipper, L50, F|1/100\n|-weather|RainDance|[from] ability: Drizzle|[of] p1a: Pelipper\n|turn|8\n|\n|t:|1776294032\n|move|p2a: Gengar|Substitute|p2a: Gengar\n|-start|p2a: Gengar|Substitute\n|-damage|p2a: Gengar|76/100\n|move|p1b: Meganium|Solar Beam||[still]\n|-prepare|p1b: Meganium|Solar Beam\n|-activate|p1b: Meganium|ability: Mega Sol\n|-anim|p1b: Meganium|Solar Beam|p2b: Bellibolt\n|-damage|p2b: Bellibolt|13/100\n|-start|p2b: Bellibolt|Charge|Solar Beam|[from] ability: Electromorphosis\n|move|p1a: Pelipper|Weather Ball|p2a: Gengar\n|-end|p2a: Gengar|Substitute\n|move|p2b: Bellibolt|Eerie Impulse|p1b: Meganium\n|-unboost|p1b: Meganium|spa|2\n|-end|p2b: Bellibolt|Charge|[silent]\n|\n|-weather|RainDance|[upkeep]\n|-heal|p2b: Bellibolt|19/100|[from] item: Leftovers\n|upkeep\n|turn|9\n|inactive|orionsayshi has 30 seconds left.\n|inactive|orionsayshi has 20 seconds left.\n|inactive|orionsayshi has 15 seconds left.\n|\n|t:|1776294073\n|move|p1a: Pelipper|Helping Hand|p1b: Meganium\n|-singleturn|p1b: Meganium|Helping Hand|[of] p1a: Pelipper\n|move|p2a: Gengar|Shadow Ball|p1a: Pelipper\n|-damage|p1a: Pelipper|0 fnt\n|faint|p1a: Pelipper\n|move|p1b: Meganium|Dazzling Gleam|p2a: Gengar|[spread] p2a,p2b\n|-resisted|p2a: Gengar|1\n|-damage|p2a: Gengar|62/100\n|-damage|p2b: Bellibolt|0 fnt\n|faint|p2b: Bellibolt\n|\n|-weather|RainDance|[upkeep]\n|upkeep\n|turn|10\n|\n|t:|1776294091\n|move|p2a: Gengar|Shadow Ball|p1b: Meganium\n|-damage|p1b: Meganium|38/100\n|-unboost|p1b: Meganium|spd|1\n|move|p1b: Meganium|Weather Ball|p2a: Gengar\n|-damage|p2a: Gengar|26/100\n|\n|-weather|RainDance|[upkeep]\n|upkeep\n|turn|11\n|\n|t:|1776294100\n|move|p2a: Gengar|Shadow Ball|p1b: Meganium\n|-damage|p1b: Meganium|0 fnt\n|faint|p1b: Meganium\n|\n|win|orionsayshi\n|raw|beanstalk0115's rating: 1117 &rarr; <strong>1091</strong><br />(-26 for losing)\n|raw|orionsayshi's rating: 1106 &rarr; <strong>1132</strong><br />(+26 for winning)\n|l|\u2606beanstalk0115\n|player|p1|\n",
  "uploadtime": 1776294104,
  "views": 22,
  "formatid": "gen9championsvgc2026regma",
  "rating": 1091,
  "private": 0,
  "password": null
}