{
  "id": "gen9championsvgc2026regma-2584931159",
  "format": "[Gen 9 Champions] VGC 2026 Reg M-A",
  "players": [
    "kevintoodlepoot",
    "JustThatFish"
  ],
  "log": "|j|\u2606kevintoodlepoot\n|j|\u2606JustThatFish\n|t:|1776295625\n|gametype|doubles\n|player|p1|kevintoodlepoot|1|1270\n|player|p2|JustThatFish|beauty-gen4dp|1192\n|gen|9\n|tier|[Gen 9 Champions] VGC 2026 Reg M-A\n|rated|\n|rule|Species Clause: Limit one of each Pok\u00e9mon\n|rule|Item Clause: Limit 1 of each item\n|clearpoke\n|poke|p1|Charizard, L50, M|\n|poke|p1|Sinistcha, L50|\n|poke|p1|Kingambit, L50, M|\n|poke|p1|Sneasler, L50, F|\n|poke|p1|Ninetales-Alola, L50, F|\n|poke|p1|Basculegion, L50, M|\n|poke|p2|Basculegion, L50, M|\n|poke|p2|Pelipper, L50, M|\n|poke|p2|Dragonite, L50, F|\n|poke|p2|Sneasler, L50, M|\n|poke|p2|Sinistcha-Masterpiece, L50|\n|poke|p2|Archaludon, L50, F|\n|teampreview|4\n|inactive|Battle timer is ON: inactive players will automatically lose when time's up. (requested by JustThatFish)\n|inactive|kevintoodlepoot has 60 seconds left.\n|\n|t:|1776295682\n|teamsize|p1|4\n|teamsize|p2|4\n|start\n|switch|p1a: Charizard|Charizard, L50, M|100/100\n|switch|p1b: Sneasler|Sneasler, L50, F|100/100\n|switch|p2a: Archaludon|Archaludon, L50, F|100/100\n|switch|p2b: Dragonite|Dragonite, L50, F|100/100\n|turn|1\n|\n|t:|1776295705\n|detailschange|p1a: Charizard|Charizard-Mega-X, L50, M\n|-mega|p1a: Charizard|Charizard|Charizardite X\n|detailschange|p2b: Dragonite|Dragonite-Mega, L50, F\n|-mega|p2b: Dragonite|Dragonite|Dragoninite\n|move|p2b: Dragonite|Protect|p2b: Dragonite\n|-singleturn|p2b: Dragonite|Protect\n|move|p2a: Archaludon|Protect|p2a: Archaludon\n|-singleturn|p2a: Archaludon|Protect\n|move|p1b: Sneasler|Coaching|p1a: Charizard\n|-boost|p1a: Charizard|atk|1\n|-boost|p1a: Charizard|def|1\n|move|p1a: Charizard|Dragon Dance|p1a: Charizard\n|-boost|p1a: Charizard|atk|1\n|-boost|p1a: Charizard|spe|1\n|\n|upkeep\n|turn|2\n|inactive|kevintoodlepoot has 30 seconds left.\n|\n|t:|1776295732\n|move|p1a: Charizard|Protect|p1a: Charizard\n|-singleturn|p1a: Charizard|Protect\n|move|p1b: Sneasler|Dire Claw|p2b: Dragonite\n|-damage|p2b: Dragonite|85/100\n|move|p2b: Dragonite|Tailwind|p2b: Dragonite\n|-sidestart|p2: JustThatFish|move: Tailwind\n|move|p2a: Archaludon|Draco Meteor|p1a: Charizard\n|-activate|p1a: Charizard|move: Protect\n|\n|upkeep\n|turn|3\n|\n|t:|1776295752\n|move|p2b: Dragonite|Dragon Pulse|p1a: Charizard\n|-supereffective|p1a: Charizard|1\n|-damage|p1a: Charizard|0 fnt\n|faint|p1a: Charizard\n|move|p2a: Archaludon|Electro Shot||[still]\n|-prepare|p2a: Archaludon|Electro Shot\n|-boost|p2a: Archaludon|spa|1\n|move|p1b: Sneasler|Close Combat|p2a: Archaludon\n|-supereffective|p2a: Archaludon|1\n|-damage|p2a: Archaludon|19/100\n|-unboost|p1b: Sneasler|def|1\n|-unboost|p1b: Sneasler|spd|1\n|-ability|p2a: Archaludon|Stamina|boost\n|-boost|p2a: Archaludon|def|1\n|-enditem|p1b: Sneasler|White Herb\n|-clearnegativeboost|p1b: Sneasler|[silent]\n|\n|-heal|p2a: Archaludon|25/100|[from] item: Leftovers\n|upkeep\n|\n|t:|1776295763\n|switch|p1a: Basculegion|Basculegion, L50, M|100/100\n|turn|4\n|\n|t:|1776295780\n|switch|p2b: Sinistcha|Sinistcha-Masterpiece, L50|100/100\n|-heal|p2a: Archaludon|49/100|[from] ability: Hospitality|[of] p2b: Sinistcha\n|move|p1b: Sneasler|Coaching|p1a: Basculegion\n|-boost|p1a: Basculegion|atk|1\n|-boost|p1a: Basculegion|def|1\n|move|p2a: Archaludon|Electro Shot|p1b: Sneasler|[from] lockedmove\n|-damage|p1b: Sneasler|32/100\n|move|p1a: Basculegion|Last Respects|p2b: Sinistcha\n|-supereffective|p2b: Sinistcha|1\n|-damage|p2b: Sinistcha|0 fnt\n|faint|p2b: Sinistcha\n|\n|-heal|p2a: Archaludon|55/100|[from] item: Leftovers\n|upkeep\n|\n|t:|1776295797\n|switch|p2b: Dragonite|Dragonite-Mega, L50, F|85/100\n|turn|5\n|\n|t:|1776295810\n|switch|p1b: Ninetales|Ninetales-Alola, L50, F, shiny|100/100\n|-weather|Snowscape|[from] ability: Snow Warning|[of] p1b: Ninetales\n|move|p2b: Dragonite|Protect|p2b: Dragonite\n|-singleturn|p2b: Dragonite|Protect\n|move|p1a: Basculegion|Protect|p1a: Basculegion\n|-singleturn|p1a: Basculegion|Protect\n|move|p2a: Archaludon|Electro Shot||[still]\n|-prepare|p2a: Archaludon|Electro Shot\n|-boost|p2a: Archaludon|spa|1\n|\n|-weather|Snowscape|[upkeep]\n|-heal|p2a: Archaludon|61/100|[from] item: Leftovers\n|-sideend|p2: JustThatFish|move: Tailwind\n|upkeep\n|turn|6\n|\n|t:|1776295832\n|switch|p2b: Pelipper|Pelipper, L50, M|100/100\n|-weather|RainDance|[from] ability: Drizzle|[of] p2b: Pelipper\n|move|p1b: Ninetales|Blizzard|p2b: Pelipper|[spread] p2b\n|-miss|p1b: Ninetales|p2a: Archaludon\n|-damage|p2b: Pelipper|57/100\n|move|p1a: Basculegion|Last Respects|p2a: Archaludon\n|-damage|p2a: Archaludon|15/100\n|-ability|p2a: Archaludon|Stamina|boost\n|-boost|p2a: Archaludon|def|1\n|move|p2a: Archaludon|Electro Shot|p1a: Basculegion|[from] lockedmove\n|-supereffective|p1a: Basculegion|1\n|-enditem|p1a: Basculegion|Focus Sash\n|-damage|p1a: Basculegion|1/100\n|\n|-weather|RainDance|[upkeep]\n|-heal|p2a: Archaludon|21/100|[from] item: Leftovers\n|upkeep\n|turn|7\n|\n|t:|1776295853\n|move|p2a: Archaludon|Protect|p2a: Archaludon\n|-singleturn|p2a: Archaludon|Protect\n|move|p1b: Ninetales|Icy Wind|p2a: Archaludon|[spread] p2b\n|-activate|p2a: Archaludon|move: Protect\n|-damage|p2b: Pelipper|35/100\n|-unboost|p2b: Pelipper|spe|1\n|move|p1a: Basculegion|Last Respects|p2b: Pelipper\n|-damage|p2b: Pelipper|0 fnt\n|faint|p2b: Pelipper\n|\n|-weather|RainDance|[upkeep]\n|-heal|p2a: Archaludon|27/100|[from] item: Leftovers\n|upkeep\n|\n|t:|1776295865\n|switch|p2b: Dragonite|Dragonite-Mega, L50, F|85/100\n|turn|8\n|\n|t:|1776295879\n|move|p2b: Dragonite|Protect|p2b: Dragonite\n|-singleturn|p2b: Dragonite|Protect\n|move|p1b: Ninetales|Icy Wind|p2a: Archaludon|[spread] p2a\n|-activate|p2b: Dragonite|move: Protect\n|-damage|p2a: Archaludon|6/100\n|-unboost|p2a: Archaludon|spe|1\n|-ability|p2a: Archaludon|Stamina|boost\n|-boost|p2a: Archaludon|def|1\n|move|p1a: Basculegion|Last Respects|p2b: Dragonite\n|-activate|p2b: Dragonite|move: Protect\n|move|p2a: Archaludon|Flash Cannon|p1b: Ninetales\n|-supereffective|p1b: Ninetales|2\n|-damage|p1b: Ninetales|0 fnt\n|faint|p1b: Ninetales\n|\n|-weather|RainDance|[upkeep]\n|-heal|p2a: Archaludon|12/100|[from] item: Leftovers\n|upkeep\n|\n|t:|1776295881\n|switch|p1b: Sneasler|Sneasler, L50, F|32/100\n|turn|9\n|inactive|kevintoodlepoot has 30 seconds left.\n|inactive|JustThatFish has 30 seconds left.\n|inactive|kevintoodlepoot has 20 seconds left.\n|inactive|kevintoodlepoot has 15 seconds left.\n|\n|t:|1776295925\n|move|p1b: Sneasler|Fake Out|p2a: Archaludon\n|-resisted|p2a: Archaludon|1\n|-damage|p2a: Archaludon|10/100\n|-ability|p2a: Archaludon|Stamina|boost\n|-boost|p2a: Archaludon|def|1\n|move|p1a: Basculegion|Last Respects|p2b: Dragonite\n|-damage|p2b: Dragonite|0 fnt\n|faint|p2b: Dragonite\n|cant|p2a: Archaludon|flinch\n|\n|-weather|RainDance|[upkeep]\n|-heal|p2a: Archaludon|16/100|[from] item: Leftovers\n|upkeep\n|turn|10\n|\n|t:|1776295936\n|move|p2a: Archaludon|Protect|p2a: Archaludon\n|-singleturn|p2a: Archaludon|Protect\n|move|p1b: Sneasler|Close Combat|p2a: Archaludon\n|-activate|p2a: Archaludon|move: Protect\n|move|p1a: Basculegion|Last Respects|p2a: Archaludon\n|-activate|p2a: Archaludon|move: Protect\n|\n|-weather|none\n|-heal|p2a: Archaludon|22/100|[from] item: Leftovers\n|upkeep\n|turn|11\n|\n|t:|1776295952\n|move|p1b: Sneasler|Close Combat|p2a: Archaludon\n|-supereffective|p2a: Archaludon|1\n|-damage|p2a: Archaludon|0 fnt\n|-unboost|p1b: Sneasler|def|1\n|-unboost|p1b: Sneasler|spd|1\n|faint|p2a: Archaludon\n|\n|win|kevintoodlepoot\n|raw|kevintoodlepoot's rating: 1270 &rarr; <strong>1289</strong><br />(+19 for winning)\n|raw|JustThatFish's rating: 1192 &rarr; <strong>1173</strong><br />(-19 for losing)\n",
  "uploadtime": 1776295956,
  "views": 19,
  "formatid": "gen9championsvgc2026regma",
  "rating": 1173,
  "private": 0,
  "password": null
}