{
  "id": "gen9championsvgc2026regma-2585682474",
  "format": "[Gen 9 Champions] VGC 2026 Reg M-A",
  "players": [
    "Phillip Blevin",
    "aarav38"
  ],
  "log": "|j|\u2606Phillip Blevin\n|j|\u2606aarav38\n|t:|1776363455\n|gametype|doubles\n|player|p1|Phillip Blevin|cynthia-masters4|1300\n|player|p2|aarav38|cynthia|1223\n|gen|9\n|tier|[Gen 9 Champions] VGC 2026 Reg M-A\n|rated|\n|rule|Species Clause: Limit one of each Pok\u00e9mon\n|rule|Item Clause: Limit 1 of each item\n|clearpoke\n|poke|p1|Lopunny, L50, M|\n|poke|p1|Corviknight, L50, M|\n|poke|p1|Garchomp, L50, F|\n|poke|p1|Arcanine-Hisui, L50, M|\n|poke|p1|Froslass, L50, F|\n|poke|p1|Rotom-Wash, L50|\n|poke|p2|Pelipper, L50, M|\n|poke|p2|Archaludon, L50, F|\n|poke|p2|Basculegion, L50, M|\n|poke|p2|Dragonite, L50, M|\n|poke|p2|Tauros-Paldea-Aqua, L50, M|\n|poke|p2|Greninja-*, L50, M|\n|teampreview|4\n|inactive|Battle timer is ON: inactive players will automatically lose when time's up. (requested by Phillip Blevin)\n|inactive|aarav38 also wants the timer to be on.\nPhillip Blevin has agreed to open team sheets.\n|\n|t:|1776363476\n|teamsize|p1|4\n|teamsize|p2|4\n|start\n|switch|p1a: Lopunny|Lopunny, L50, M|100/100\n|switch|p1b: Rotom|Rotom-Wash, L50|100/100\n|switch|p2a: Greninja|Greninja, L50, M|100/100\n|switch|p2b: Tauros|Tauros-Paldea-Aqua, L50, M|100/100\n|-ability|p2b: Tauros|Intimidate|boost\n|-unboost|p1a: Lopunny|atk|1\n|-unboost|p1b: Rotom|atk|1\n|turn|1\n|\n|t:|1776363488\n|detailschange|p1a: Lopunny|Lopunny-Mega, L50, M\n|-mega|p1a: Lopunny|Lopunny|Lopunnite\n|move|p2a: Greninja|Protect|p2a: Greninja\n|-start|p2a: Greninja|typechange|Normal|[from] ability: Protean\n|-singleturn|p2a: Greninja|Protect\n|move|p1a: Lopunny|Fake Out|p2a: Greninja\n|-activate|p2a: Greninja|move: Protect\n|move|p2b: Tauros|Close Combat|p1a: Lopunny\n|-supereffective|p1a: Lopunny|1\n|-damage|p1a: Lopunny|0 fnt\n|-unboost|p2b: Tauros|def|1\n|-unboost|p2b: Tauros|spd|1\n|faint|p1a: Lopunny\n|move|p1b: Rotom|Electroweb|p2a: Greninja|[spread] p2b\n|-activate|p2a: Greninja|move: Protect\n|-supereffective|p2b: Tauros|1\n|-damage|p2b: Tauros|24/100\n|-unboost|p2b: Tauros|spe|1\n|\n|upkeep\n|\n|t:|1776363498\n|switch|p1a: Garchomp|Garchomp, L50, F|100/100\n|turn|2\n|\n|t:|1776363512\n|detailschange|p2a: Greninja|Greninja-Mega, L50, M\n|-mega|p2a: Greninja|Greninja|Greninjite\n|move|p1b: Rotom|Electroweb|p2a: Greninja|[spread] p2a,p2b\n|-supereffective|p2a: Greninja|1\n|-supereffective|p2b: Tauros|1\n|-crit|p2b: Tauros\n|-damage|p2a: Greninja|56/100\n|-damage|p2b: Tauros|0 fnt\n|-unboost|p2a: Greninja|spe|1\n|faint|p2b: Tauros\n|move|p1a: Garchomp|Earthquake|p2a: Greninja|[spread] p2a\n|-immune|p1b: Rotom|[from] ability: Levitate\n|-damage|p2a: Greninja|0 fnt\n|faint|p2a: Greninja\n|\n|upkeep\n|\n|t:|1776363524\n|switch|p2a: Pelipper|Pelipper, L50, M|100/100\n|switch|p2b: Archaludon|Archaludon, L50, F|100/100\n|-weather|RainDance|[from] ability: Drizzle|[of] p2a: Pelipper\n|turn|3\n|\n|t:|1776363539\n|move|p2b: Archaludon|Protect|p2b: Archaludon\n|-singleturn|p2b: Archaludon|Protect\n|move|p1b: Rotom|Electroweb|p2a: Pelipper|[spread] p2a\n|-activate|p2b: Archaludon|move: Protect\n|-supereffective|p2a: Pelipper|2\n|-damage|p2a: Pelipper|21/100\n|-unboost|p2a: Pelipper|spe|1\n|move|p1a: Garchomp|Earthquake|p2b: Archaludon|[spread] \n|-activate|p2b: Archaludon|move: Protect\n|-immune|p1b: Rotom|[from] ability: Levitate\n|-immune|p2a: Pelipper\n|move|p2a: Pelipper|Tailwind|p2a: Pelipper\n|-sidestart|p2: aarav38|move: Tailwind\n|\n|-weather|RainDance|[upkeep]\n|upkeep\n|turn|4\n|\n|t:|1776363560\n|switch|p1b: Corviknight|Corviknight, L50, M|100/100\n|move|p2b: Archaludon|Dragon Pulse|p1a: Garchomp\n|-supereffective|p1a: Garchomp|1\n|-damage|p1a: Garchomp|0 fnt\n|faint|p1a: Garchomp\n|move|p2a: Pelipper|Hurricane|p1b: Corviknight\n|-resisted|p1b: Corviknight|1\n|-damage|p1b: Corviknight|81/100\n|-start|p1b: Corviknight|confusion\n|\n|-weather|RainDance|[upkeep]\n|-heal|p1b: Corviknight|87/100|[from] item: Leftovers\n|upkeep\n|\n|t:|1776363565\n|switch|p1a: Rotom|Rotom-Wash, L50|100/100\n|turn|5\n|inactive|Phillip Blevin has 30 seconds left.\n|\n|t:|1776363592\n|move|p2a: Pelipper|Protect|p2a: Pelipper\n|-singleturn|p2a: Pelipper|Protect\n|move|p1a: Rotom|Electroweb|p2b: Archaludon|[spread] p2b\n|-activate|p2a: Pelipper|move: Protect\n|-resisted|p2b: Archaludon|1\n|-damage|p2b: Archaludon|90/100\n|-unboost|p2b: Archaludon|spe|1\n|-ability|p2b: Archaludon|Stamina|boost\n|-boost|p2b: Archaludon|def|1\n|move|p2b: Archaludon|Electro Shot||[still]\n|-prepare|p2b: Archaludon|Electro Shot\n|-boost|p2b: Archaludon|spa|1\n|-anim|p2b: Archaludon|Electro Shot|p1a: Rotom\n|-damage|p1a: Rotom|27/100\n|-activate|p1b: Corviknight|confusion\n|move|p1b: Corviknight|Body Press|p2b: Archaludon\n|-supereffective|p2b: Archaludon|1\n|-damage|p2b: Archaludon|62/100\n|-ability|p2b: Archaludon|Stamina|boost\n|-boost|p2b: Archaludon|def|1\n|\n|-weather|RainDance|[upkeep]\n|-heal|p1b: Corviknight|93/100|[from] item: Leftovers\n|upkeep\n|turn|6\n|inactive|aarav38 has 30 seconds left.\n|\n|t:|1776363618\n|move|p2a: Pelipper|Protect||[still]\n|-fail|p2a: Pelipper\n|move|p1a: Rotom|Electroweb|p2b: Archaludon|[spread] p2a\n|-miss|p1a: Rotom|p2b: Archaludon\n|-supereffective|p2a: Pelipper|2\n|-damage|p2a: Pelipper|0 fnt\n|faint|p2a: Pelipper\n|move|p2b: Archaludon|Electro Shot||[still]\n|-prepare|p2b: Archaludon|Electro Shot\n|-boost|p2b: Archaludon|spa|1\n|-anim|p2b: Archaludon|Electro Shot|p1a: Rotom\n|-damage|p1a: Rotom|0 fnt\n|faint|p1a: Rotom\n|-end|p1b: Corviknight|confusion\n|move|p1b: Corviknight|Bulk Up|p1b: Corviknight\n|-boost|p1b: Corviknight|atk|1\n|-boost|p1b: Corviknight|def|1\n|\n|-weather|RainDance|[upkeep]\n|-heal|p1b: Corviknight|99/100|[from] item: Leftovers\n|-sideend|p2: aarav38|move: Tailwind\n|upkeep\n|turn|7\n|-activate|p2b: Archaludon|item: Quick Claw\n|\n|t:|1776363626\n|move|p2b: Archaludon|Electro Shot||[still]\n|-prepare|p2b: Archaludon|Electro Shot\n|-boost|p2b: Archaludon|spa|1\n|-anim|p2b: Archaludon|Electro Shot|p1b: Corviknight\n|-supereffective|p1b: Corviknight|1\n|-damage|p1b: Corviknight|0 fnt\n|faint|p1b: Corviknight\n|\n|win|aarav38\n|raw|Phillip Blevin's rating: 1300 &rarr; <strong>1270</strong><br />(-30 for losing)\n|raw|aarav38's rating: 1223 &rarr; <strong>1253</strong><br />(+30 for winning)\n",
  "uploadtime": 1776363627,
  "views": 25,
  "formatid": "gen9championsvgc2026regma",
  "rating": 1253,
  "private": 0,
  "password": null
}