{
  "id": "gen9championsvgc2026regma-2586893571",
  "format": "[Gen 9 Champions] VGC 2026 Reg M-A",
  "players": [
    "Fruct\u97f3\u7bb1\u87c0\u4fa0",
    "SakikoPlushie"
  ],
  "log": "|j|\u2606Fruct\u97f3\u7bb1\u87c0\u4fa0\n|j|\u2606SakikoPlushie\n|t:|1776469286\n|gametype|doubles\n|player|p1|Fruct\u97f3\u7bb1\u87c0\u4fa0|266|1000\n|player|p2|SakikoPlushie|miku-ghost|1084\n|gen|9\n|tier|[Gen 9 Champions] VGC 2026 Reg M-A\n|rated|\n|rule|Species Clause: Limit one of each Pok\u00e9mon\n|rule|Item Clause: Limit 1 of each item\n|clearpoke\n|poke|p1|Floette-Eternal, L50, F|\n|poke|p1|Incineroar, L50, M|\n|poke|p1|Kommo-o, L50, M|\n|poke|p1|Sneasler, L50, F|\n|poke|p1|Garchomp, L50, F|\n|poke|p1|Rotom-Wash, L50|\n|poke|p2|Basculegion, L50, M|\n|poke|p2|Dragonite, L50, M|\n|poke|p2|Garchomp, L50, F|\n|poke|p2|Whimsicott, L50, F|\n|poke|p2|Pelipper, L50, F|\n|poke|p2|Incineroar, L50, F|\n|teampreview|4\n|\n|t:|1776469304\n|teamsize|p1|4\n|teamsize|p2|4\n|start\n|switch|p1a: Floette|Floette-Eternal, L50, F|100/100\n|switch|p1b: Incineroar|Incineroar, L50, M|100/100\n|switch|p2a: SpecialWeek|Dragonite, L50, M|100/100\n|switch|p2b: Juvia|Pelipper, L50, F|100/100\n|-weather|RainDance|[from] ability: Drizzle|[of] p2b: Juvia\n|-ability|p1b: Incineroar|Intimidate|boost\n|-unboost|p2a: SpecialWeek|atk|1\n|-unboost|p2b: Juvia|atk|1\n|turn|1\n|\n|t:|1776469323\n|detailschange|p2a: SpecialWeek|Dragonite-Mega, L50, M\n|-mega|p2a: SpecialWeek|Dragonite|Dragoninite\n|detailschange|p1a: Floette|Floette-Mega, L50, F\n|-mega|p1a: Floette|Floette|Floettite\n|-ability|p1a: Floette|Fairy Aura\n|move|p2a: SpecialWeek|Protect|p2a: SpecialWeek\n|-singleturn|p2a: SpecialWeek|Protect\n|move|p1b: Incineroar|Fake Out|p2a: SpecialWeek\n|-activate|p2a: SpecialWeek|move: Protect\n|move|p1a: Floette|Dazzling Gleam|p2a: SpecialWeek|[spread] p2b\n|-activate|p2a: SpecialWeek|move: Protect\n|-damage|p2b: Juvia|38/100\n|move|p2b: Juvia|Muddy Water|p1a: Floette|[spread] p1a,p1b\n|-supereffective|p1b: Incineroar|1\n|-damage|p1a: Floette|72/100\n|-damage|p1b: Incineroar|37/100\n|-enditem|p1b: Incineroar|Sitrus Berry|[eat]\n|-heal|p1b: Incineroar|62/100|[from] item: Sitrus Berry\n|\n|-weather|RainDance|[upkeep]\n|upkeep\n|turn|2\n|\n|t:|1776469352\n|move|p2b: Juvia|Protect|p2b: Juvia\n|-singleturn|p2b: Juvia|Protect\n|move|p2a: SpecialWeek|Hurricane|p1a: Floette\n|-damage|p1a: Floette|34/100\n|move|p1a: Floette|Calm Mind|p1a: Floette\n|-boost|p1a: Floette|spa|1\n|-boost|p1a: Floette|spd|1\n|move|p1b: Incineroar|Parting Shot|p2a: SpecialWeek\n|-unboost|p2a: SpecialWeek|atk|1\n|-unboost|p2a: SpecialWeek|spa|1\n|\n|t:|1776469363\n|switch|p1b: Rotom|Rotom-Wash, L50|100/100|[from] Parting Shot\n|\n|-weather|RainDance|[upkeep]\n|upkeep\n|turn|3\n|\n|t:|1776469373\n|move|p1b: Rotom|Electroweb|p2b: Juvia|[spread] p2a,p2b\n|-supereffective|p2b: Juvia|2\n|-damage|p2a: SpecialWeek|92/100\n|-damage|p2b: Juvia|0 fnt\n|-unboost|p2a: SpecialWeek|spe|1\n|faint|p2b: Juvia\n|move|p1a: Floette|Dazzling Gleam|p2a: SpecialWeek\n|-supereffective|p2a: SpecialWeek|1\n|-damage|p2a: SpecialWeek|0 fnt\n|faint|p2a: SpecialWeek\n|\n|-weather|RainDance|[upkeep]\n|upkeep\n|\n|t:|1776469382\n|switch|p2a: RiceShower|Basculegion, L50, M|100/100\n|switch|p2b: Opera O|Garchomp, L50, F|100/100\n|turn|4\n|\n|t:|1776469395\n|move|p2b: Opera O|Stomping Tantrum|p1a: Floette\n|-damage|p1a: Floette|0 fnt\n|faint|p1a: Floette\n|move|p1b: Rotom|Electroweb|p2b: Opera O|[spread] p2a\n|-immune|p2b: Opera O\n|-supereffective|p2a: RiceShower|1\n|-crit|p2a: RiceShower\n|-damage|p2a: RiceShower|42/100\n|-unboost|p2a: RiceShower|spe|1\n|move|p2a: RiceShower|Last Respects|p1b: Rotom\n|-damage|p1b: Rotom|7/100\n|\n|-weather|RainDance|[upkeep]\n|upkeep\n|\n|t:|1776469405\n|switch|p1a: Garchomp|Garchomp, L50, F|100/100\n|turn|5\n|\n|t:|1776469413\n|move|p2a: RiceShower|Aqua Jet|p1b: Rotom\n|-resisted|p1b: Rotom|1\n|-damage|p1b: Rotom|0 fnt\n|faint|p1b: Rotom\n|move|p2b: Opera O|Stomping Tantrum|p1a: Garchomp\n|-damage|p1a: Garchomp|53/100\n|-damage|p2b: Opera O|88/100|[from] ability: Rough Skin|[of] p1a: Garchomp\n|move|p1a: Garchomp|Earthquake|p2b: Opera O|[spread] p2a,p2b\n|-damage|p2a: RiceShower|0 fnt\n|-damage|p2b: Opera O|39/100\n|faint|p2a: RiceShower\n|\n|-weather|none\n|upkeep\n|\n|t:|1776469425\n|switch|p1b: Incineroar|Incineroar, L50, M|62/100\n|-ability|p1b: Incineroar|Intimidate|boost\n|-unboost|p2b: Opera O|atk|1\n|turn|6\n|\n|t:|1776469429\n|move|p1b: Incineroar|Fake Out|p2b: Opera O\n|-damage|p2b: Opera O|29/100\n|-damage|p1b: Incineroar|50/100|[from] ability: Rough Skin|[of] p2b: Opera O\n|cant|p2b: Opera O|flinch\n|move|p1a: Garchomp|Earthquake|p2b: Opera O|[spread] p1b,p2b\n|-supereffective|p1b: Incineroar|1\n|-damage|p1b: Incineroar|0 fnt\n|-damage|p2b: Opera O|0 fnt\n|faint|p1b: Incineroar\n|faint|p2b: Opera O\n|\n|win|Fruct\u97f3\u7bb1\u87c0\u4fa0\n",
  "uploadtime": 1776469289,
  "views": 12,
  "formatid": "gen9championsvgc2026regma",
  "rating": null,
  "private": 0,
  "password": null
}