{
  "id": "gen9championsvgc2026regma-2588739532",
  "format": "[Gen 9 Champions] VGC 2026 Reg M-A",
  "players": [
    "Where Is My Router",
    "revientacloyster"
  ],
  "log": "|j|\u2606Where Is My Router\n|j|\u2606revientacloyster\n|t:|1776664350\n|gametype|doubles\n|player|p1|Where Is My Router|giovanni|1080\n|player|p2|revientacloyster|riley|1147\n|gen|9\n|tier|[Gen 9 Champions] VGC 2026 Reg M-A\n|rated|\n|rule|Species Clause: Limit one of each Pok\u00e9mon\n|rule|Item Clause: Limit 1 of each item\n|clearpoke\n|poke|p1|Golurk, L50|\n|poke|p1|Mimikyu, L50, F|\n|poke|p1|Basculegion, L50, M|\n|poke|p1|Spiritomb, L50, F|\n|poke|p1|Sinistcha-Masterpiece, L50|\n|poke|p1|Zoroark-Hisui, L50, M|\n|poke|p2|Dragonite, L50, F|\n|poke|p2|Archaludon, L50, M|\n|poke|p2|Basculegion, L50, M|\n|poke|p2|Pelipper, L50, M|\n|poke|p2|Rotom-Wash, L50|\n|poke|p2|Kingambit, L50, F|\n|teampreview|4\n|inactive|Battle timer is ON: inactive players will automatically lose when time's up. (requested by revientacloyster)\n|inactive|revientacloyster has 60 seconds left.\n|\n|t:|1776664408\n|teamsize|p1|4\n|teamsize|p2|4\n|start\n|switch|p1a: Atlas|Golurk, L50|100/100\n|switch|p1b: Brewdew|Sinistcha-Masterpiece, L50|100/100\n|switch|p2a: Basculegion|Basculegion, L50, M|100/100\n|switch|p2b: Pelipper|Pelipper, L50, M|100/100\n|-weather|RainDance|[from] ability: Drizzle|[of] p2b: Pelipper\n|turn|1\n|c|\u2606Where Is My Router|srry for the mono ghost team\n|inactive|revientacloyster has 30 seconds left.\n|\n|t:|1776664434\n|move|p1a: Atlas|Protect|p1a: Atlas\n|-singleturn|p1a: Atlas|Protect\n|move|p2a: Basculegion|Flip Turn|p1b: Brewdew\n|-resisted|p1b: Brewdew|1\n|-damage|p1b: Brewdew|76/100\n|\n|t:|1776664443\n|switch|p2a: Dragonite|Dragonite, L50, F|100/100|[from] Flip Turn\n|move|p2b: Pelipper|Weather Ball|p1a: Atlas\n|-activate|p1a: Atlas|move: Protect\n|move|p1b: Brewdew|Trick Room|p1b: Brewdew\n|-fieldstart|move: Trick Room|[of] p1b: Brewdew\n|\n|-weather|RainDance|[upkeep]\n|upkeep\n|turn|2\n|\n|t:|1776664465\n|detailschange|p1a: Atlas|Golurk-Mega, L50\n|-mega|p1a: Atlas|Golurk|Golurkite\n|detailschange|p2a: Dragonite|Dragonite-Mega, L50, F\n|-mega|p2a: Dragonite|Dragonite|Dragoninite\n|move|p1b: Brewdew|Rage Powder|p1b: Brewdew\n|-singleturn|p1b: Brewdew|move: Rage Powder\n|move|p1a: Atlas|Ice Punch|p2a: Dragonite\n|-supereffective|p2a: Dragonite|2\n|-damage|p2a: Dragonite|38/100\n|-status|p2a: Dragonite|frz\n|move|p2b: Pelipper|Weather Ball|p1b: Brewdew\n|-resisted|p1b: Brewdew|1\n|-damage|p1b: Brewdew|34/100\n|cant|p2a: Dragonite|frz\n|\n|-weather|RainDance|[upkeep]\n|upkeep\n|turn|3\n|\n|t:|1776664484\n|cant|p2a: Dragonite|frz\n|move|p1b: Brewdew|Rage Powder|p1b: Brewdew\n|-singleturn|p1b: Brewdew|move: Rage Powder\n|move|p1a: Atlas|Ice Punch|p2a: Dragonite\n|-supereffective|p2a: Dragonite|2\n|-damage|p2a: Dragonite|0 fnt\n|faint|p2a: Dragonite\n|move|p2b: Pelipper|Hurricane|p1b: Brewdew\n|-supereffective|p1b: Brewdew|1\n|-damage|p1b: Brewdew|0 fnt\n|faint|p1b: Brewdew\n|\n|-weather|RainDance|[upkeep]\n|upkeep\n|\n|t:|1776664498\n|switch|p1b: Aura|Spiritomb, L50, F|100/100\n|switch|p2a: Rotom|Rotom-Wash, L50|100/100\n|-ability|p1b: Aura|Pressure\n|turn|4\n|\n|t:|1776664521\n|move|p1b: Aura|Snarl|p2a: Rotom|[spread] p2a,p2b\n|-damage|p2a: Rotom|83/100\n|-damage|p2b: Pelipper|70/100\n|-unboost|p2a: Rotom|spa|1\n|-unboost|p2b: Pelipper|spa|1\n|move|p1a: Atlas|Ice Punch|p2a: Rotom\n|-resisted|p2a: Rotom|1\n|-damage|p2a: Rotom|65/100\n|move|p2b: Pelipper|Weather Ball|p1b: Aura\n|-damage|p1b: Aura|56/100\n|move|p2a: Rotom|Will-O-Wisp|p1a: Atlas\n|-status|p1a: Atlas|brn\n|\n|-weather|RainDance|[upkeep]\n|-heal|p1b: Aura|62/100|[from] item: Leftovers\n|-damage|p1a: Atlas|94/100 brn|[from] brn\n|upkeep\n|turn|5\n|\n|t:|1776664542\n|move|p1b: Aura|Helping Hand|p1a: Atlas\n|-singleturn|p1a: Atlas|Helping Hand|[of] p1b: Aura\n|move|p2b: Pelipper|Protect|p2b: Pelipper\n|-singleturn|p2b: Pelipper|Protect\n|move|p1a: Atlas|Ice Punch|p2b: Pelipper\n|-ability|p1a: Atlas|Unseen Fist\n|-zbroken|p2b: Pelipper\n|-damage|p2b: Pelipper|62/100\n|move|p2a: Rotom|Volt Switch|p1b: Aura\n|-damage|p1b: Aura|44/100\n|\n|t:|1776664550\n|switch|p2a: Basculegion|Basculegion, L50, M|100/100|[from] Volt Switch\n|\n|-weather|none\n|-heal|p1b: Aura|50/100|[from] item: Leftovers\n|-damage|p1a: Atlas|88/100 brn|[from] brn\n|-fieldend|move: Trick Room\n|upkeep\n|turn|6\n|\n|t:|1776664563\n|switch|p2b: Rotom|Rotom-Wash, L50|65/100\n|move|p1a: Atlas|Protect|p1a: Atlas\n|-singleturn|p1a: Atlas|Protect\n|move|p2a: Basculegion|Wave Crash|p1a: Atlas\n|-activate|p1a: Atlas|move: Protect\n|move|p1b: Aura|Trick Room|p1b: Aura\n|-fieldstart|move: Trick Room|[of] p1b: Aura\n|\n|-heal|p1b: Aura|56/100|[from] item: Leftovers\n|-damage|p1a: Atlas|82/100 brn|[from] brn\n|upkeep\n|turn|7\n|\n|t:|1776664579\n|switch|p2b: Pelipper|Pelipper, L50, M|62/100\n|-weather|RainDance|[from] ability: Drizzle|[of] p2b: Pelipper\n|move|p1b: Aura|Snarl|p2a: Basculegion|[spread] p2a,p2b\n|-supereffective|p2a: Basculegion|1\n|-damage|p2a: Basculegion|64/100\n|-damage|p2b: Pelipper|33/100\n|-unboost|p2a: Basculegion|spa|1\n|-unboost|p2b: Pelipper|spa|1\n|move|p1a: Atlas|Headlong Rush|p2a: Basculegion\n|-damage|p2a: Basculegion|17/100\n|-unboost|p1a: Atlas|def|1\n|-unboost|p1a: Atlas|spd|1\n|move|p2a: Basculegion|Wave Crash|p1b: Aura\n|-damage|p1b: Aura|0 fnt\n|faint|p1b: Aura\n|-damage|p2a: Basculegion|3/100|[from] Recoil\n|\n|-weather|RainDance|[upkeep]\n|-damage|p1a: Atlas|76/100 brn|[from] brn\n|upkeep\n|\n|t:|1776664601\n|switch|p1b: Karonte|Basculegion, L50, M|100/100\n|turn|8\n|\n|t:|1776664610\n|switch|p2a: Rotom|Rotom-Wash, L50|65/100\n|move|p2b: Pelipper|Protect|p2b: Pelipper\n|-singleturn|p2b: Pelipper|Protect\n|move|p1a: Atlas|Ice Punch|p2a: Rotom\n|-resisted|p2a: Rotom|1\n|-damage|p2a: Rotom|56/100\n|move|p1b: Karonte|Last Respects|p2b: Pelipper\n|-activate|p2b: Pelipper|move: Protect\n|\n|-weather|RainDance|[upkeep]\n|-damage|p1a: Atlas|70/100 brn|[from] brn\n|upkeep\n|turn|9\n|inactive|revientacloyster has 30 seconds left.\n|\n|t:|1776664639\n|move|p1a: Atlas|Close Combat|p2a: Rotom\n|-damage|p2a: Rotom|27/100\n|-unboost|p1a: Atlas|def|1\n|-unboost|p1a: Atlas|spd|1\n|-enditem|p2a: Rotom|Sitrus Berry|[eat]\n|-heal|p2a: Rotom|52/100|[from] item: Sitrus Berry\n|move|p1b: Karonte|Last Respects|p2a: Rotom\n|-damage|p2a: Rotom|0 fnt\n|faint|p2a: Rotom\n|move|p2b: Pelipper|Weather Ball|p1a: Atlas\n|-supereffective|p1a: Atlas|1\n|-damage|p1a: Atlas|0 fnt\n|faint|p1a: Atlas\n|\n|-weather|RainDance|[upkeep]\n|upkeep\n|\n|t:|1776664650\n|switch|p2a: Basculegion|Basculegion, L50, M|3/100\n|turn|10\n|\n|t:|1776664663\n|move|p1b: Karonte|Last Respects|p2a: Basculegion\n|-supereffective|p2a: Basculegion|1\n|-damage|p2a: Basculegion|0 fnt\n|faint|p2a: Basculegion\n|move|p2b: Pelipper|Hurricane|p1b: Karonte\n|-damage|p1b: Karonte|67/100\n|\n|-weather|RainDance|[upkeep]\n|-fieldend|move: Trick Room\n|upkeep\n|turn|11\n|-activate|p1b: Karonte|item: Quick Claw\n|\n|t:|1776664673\n|move|p2b: Pelipper|Protect|p2b: Pelipper\n|-singleturn|p2b: Pelipper|Protect\n|move|p1b: Karonte|Last Respects|p2b: Pelipper\n|-activate|p2b: Pelipper|move: Protect\n|\n|-weather|none\n|upkeep\n|turn|12\n|-activate|p1b: Karonte|item: Quick Claw\n|\n|t:|1776664682\n|move|p1b: Karonte|Last Respects|p2b: Pelipper\n|-damage|p2b: Pelipper|0 fnt\n|faint|p2b: Pelipper\n|\n|win|Where Is My Router\n|raw|Where Is My Router's rating: 1080 &rarr; <strong>1113</strong><br />(+33 for winning)\n|raw|revientacloyster's rating: 1147 &rarr; <strong>1117</strong><br />(-30 for losing)\n|l|\u2606revientacloyster\n|player|p2|\n|c|\u2606Where Is My Router|Gg\n",
  "uploadtime": 1776664692,
  "views": 18,
  "formatid": "gen9championsvgc2026regma",
  "rating": 1113,
  "private": 0,
  "password": null
}