{
  "id": "gen9championsvgc2026regma-2588885825",
  "format": "[Gen 9 Champions] VGC 2026 Reg M-A",
  "players": [
    "rockyredstone",
    "Romulu5"
  ],
  "log": "|j|\u2606rockyredstone\n|j|\u2606Romulu5\n|t:|1776682406\n|gametype|doubles\n|player|p1|rockyredstone|winona|1016\n|player|p2|Romulu5|2|1000\n|gen|9\n|tier|[Gen 9 Champions] VGC 2026 Reg M-A\n|rated|\n|rule|Species Clause: Limit one of each Pok\u00e9mon\n|rule|Item Clause: Limit 1 of each item\n|clearpoke\n|poke|p1|Meowscarada, L50, M|\n|poke|p1|Victreebel, L50, F|\n|poke|p1|Venusaur, L50, F|\n|poke|p1|Whimsicott, L50, F|\n|poke|p1|Decidueye-Hisui, L50, F|\n|poke|p1|Tsareena, L50, F|\n|poke|p2|Gengar, L50, M|\n|poke|p2|Starmie, L50|\n|poke|p2|Sinistcha, L50|\n|poke|p2|Incineroar, L50, M|\n|poke|p2|Altaria, L50, F|\n|poke|p2|Ninetales-Alola, L50, M|\n|teampreview|4\n|\n|t:|1776682430\n|teamsize|p1|4\n|teamsize|p2|4\n|start\n|switch|p1a: Whimsicott|Whimsicott, L50, F|100/100\n|switch|p1b: Tsareena|Tsareena, L50, F|100/100\n|switch|p2a: Incineroar|Incineroar, L50, M|100/100\n|switch|p2b: Gengar|Gengar, L50, M|100/100\n|-ability|p2a: Incineroar|Intimidate|boost\n|-unboost|p1a: Whimsicott|atk|1\n|-unboost|p1b: Tsareena|atk|1\n|turn|1\n|inactive|Battle timer is ON: inactive players will automatically lose when time's up. (requested by Romulu5)\n|inactive|rockyredstone has 60 seconds left.\n|\n|t:|1776682480\n|detailschange|p2b: Gengar|Gengar-Mega, L50, M\n|-mega|p2b: Gengar|Gengar|Gengarite\n|move|p2a: Incineroar|Fake Out||[still]\n|cant|p1b: Tsareena|ability: Queenly Majesty|Fake Out|[of] p2a: Incineroar\n|move|p1a: Whimsicott|Tailwind|p1a: Whimsicott\n|-sidestart|p1: rockyredstone|move: Tailwind\n|move|p1b: Tsareena|Triple Axel|p2b: Gengar\n|-damage|p2b: Gengar|94/100\n|-damage|p2b: Gengar|82/100\n|-damage|p2b: Gengar|65/100\n|-hitcount|p2b: Gengar|3\n|move|p2b: Gengar|Perish Song|p2b: Gengar\n|-start|p1a: Whimsicott|perish3|[silent]\n|-start|p1b: Tsareena|perish3|[silent]\n|-start|p2a: Incineroar|perish3|[silent]\n|-start|p2b: Gengar|perish3|[silent]\n|-fieldactivate|move: Perish Song\n|\n|-start|p1b: Tsareena|perish3\n|-start|p1a: Whimsicott|perish3\n|-start|p2b: Gengar|perish3\n|-start|p2a: Incineroar|perish3\n|upkeep\n|turn|2\n|\n|t:|1776682504\n|move|p2b: Gengar|Protect|p2b: Gengar\n|-singleturn|p2b: Gengar|Protect\n|move|p1a: Whimsicott|Encore|p2b: Gengar\n|-activate|p2b: Gengar|move: Protect\n|move|p1b: Tsareena|Triple Axel|p2a: Incineroar\n|-resisted|p2a: Incineroar|1\n|-crit|p2a: Incineroar\n|-damage|p2a: Incineroar|96/100\n|-resisted|p2a: Incineroar|1\n|-damage|p2a: Incineroar|91/100\n|-resisted|p2a: Incineroar|1\n|-damage|p2a: Incineroar|84/100\n|-hitcount|p2a: Incineroar|3\n|move|p2a: Incineroar|Flare Blitz|p1a: Whimsicott\n|-supereffective|p1a: Whimsicott|1\n|-damage|p1a: Whimsicott|20/100\n|-damage|p2a: Incineroar|60/100|[from] Recoil\n|\n|-start|p1b: Tsareena|perish2\n|-start|p1a: Whimsicott|perish2\n|-start|p2b: Gengar|perish2\n|-start|p2a: Incineroar|perish2\n|upkeep\n|turn|3\n|inactive|Romulu5 has 30 seconds left.\n|inactive|rockyredstone has 30 seconds left.\n|\n|t:|1776682542\n|move|p1a: Whimsicott|Sunny Day|p1a: Whimsicott\n|-weather|SunnyDay\n|move|p1b: Tsareena|Triple Axel|p2b: Gengar\n|-damage|p2b: Gengar|59/100\n|-damage|p2b: Gengar|49/100\n|-damage|p2b: Gengar|30/100\n|-hitcount|p2b: Gengar|3\n|move|p2b: Gengar|Substitute|p2b: Gengar\n|-start|p2b: Gengar|Substitute\n|-damage|p2b: Gengar|5/100\n|move|p2a: Incineroar|Parting Shot|p1b: Tsareena\n|-unboost|p1b: Tsareena|atk|1\n|-unboost|p1b: Tsareena|spa|1\n|\n|t:|1776682555\n|switch|p2a: Sinistcha|Sinistcha, L50|100/100|[from] Parting Shot\n|-heal|p2b: Gengar|30/100|[from] ability: Hospitality|[of] p2a: Sinistcha\n|\n|-weather|SunnyDay|[upkeep]\n|-start|p1b: Tsareena|perish1\n|-start|p1a: Whimsicott|perish1\n|-start|p2b: Gengar|perish1\n|upkeep\n|turn|4\n|\n|t:|1776682574\n|switch|p2b: Ninetales|Ninetales-Alola, L50, M|100/100\n|-weather|Snowscape|[from] ability: Snow Warning|[of] p2b: Ninetales\n|move|p2a: Sinistcha|Protect|p2a: Sinistcha\n|-singleturn|p2a: Sinistcha|Protect\n|move|p1b: Tsareena|Triple Axel|p2a: Sinistcha\n|-activate|p2a: Sinistcha|move: Protect\n|move|p1a: Whimsicott|Moonblast|p2a: Sinistcha\n|-activate|p2a: Sinistcha|move: Protect\n|\n|-weather|Snowscape|[upkeep]\n|-start|p1b: Tsareena|perish0\n|-start|p1a: Whimsicott|perish0\n|-sideend|p1: rockyredstone|move: Tailwind\n|faint|p1b: Tsareena\n|faint|p1a: Whimsicott\n|upkeep\n|\n|t:|1776682581\n|switch|p1a: Venusaur|Venusaur, L50, F|100/100\n|switch|p1b: Victreebel|Victreebel, L50, F|100/100\n|turn|5\n|\n|t:|1776682597\n|detailschange|p1a: Venusaur|Venusaur-Mega, L50, F\n|-mega|p1a: Venusaur|Venusaur|Venusaurite\n|move|p2a: Sinistcha|Rage Powder|p2a: Sinistcha\n|-singleturn|p2a: Sinistcha|move: Rage Powder\n|move|p2b: Ninetales|Aurora Veil|p2b: Ninetales\n|-sidestart|p2: Romulu5|move: Aurora Veil\n|move|p1b: Victreebel|Sludge Bomb|p2b: Ninetales\n|-supereffective|p2b: Ninetales|1\n|-damage|p2b: Ninetales|30/100\n|-status|p2b: Ninetales|psn\n|move|p1a: Venusaur|Weather Ball|p2a: Sinistcha\n|-supereffective|p2a: Sinistcha|1\n|-damage|p2a: Sinistcha|51/100\n|\n|-weather|Snowscape|[upkeep]\n|-damage|p2b: Ninetales|18/100 psn|[from] psn\n|upkeep\n|turn|6\n|\n|t:|1776682618\n|move|p2b: Ninetales|Blizzard|p1a: Venusaur|[spread] p1a,p1b\n|-supereffective|p1a: Venusaur|1\n|-supereffective|p1b: Victreebel|1\n|-damage|p1a: Venusaur|76/100\n|-damage|p1b: Victreebel|11/100\n|-status|p1a: Venusaur|frz\n|move|p1b: Victreebel|Sludge Bomb|p2b: Ninetales\n|-supereffective|p2b: Ninetales|1\n|-damage|p2b: Ninetales|0 fnt\n|faint|p2b: Ninetales\n|cant|p1a: Venusaur|frz\n|move|p2a: Sinistcha|Life Dew|p2a: Sinistcha\n|-heal|p2a: Sinistcha|76/100\n|\n|-weather|Snowscape|[upkeep]\n|upkeep\n|\n|t:|1776682630\n|switch|p2b: Gengar|Gengar-Mega, L50, M|30/100\n|turn|7\n|\n|t:|1776682642\n|move|p2b: Gengar|Protect|p2b: Gengar\n|-singleturn|p2b: Gengar|Protect\n|move|p1b: Victreebel|Weather Ball|p2b: Gengar\n|-activate|p2b: Gengar|move: Protect\n|cant|p1a: Venusaur|frz\n|move|p2a: Sinistcha|Life Dew|p2a: Sinistcha|[spread] p2a,p2b\n|-heal|p2a: Sinistcha|100/100\n|-heal|p2b: Gengar|55/100\n|\n|-weather|Snowscape|[upkeep]\n|upkeep\n|turn|8\n|inactive|Romulu5 has 30 seconds left.\n|\n|t:|1776682668\n|move|p2b: Gengar|Perish Song|p2b: Gengar\n|-start|p1a: Venusaur|perish3|[silent]\n|-start|p1b: Victreebel|perish3|[silent]\n|-start|p2a: Sinistcha|perish3|[silent]\n|-start|p2b: Gengar|perish3|[silent]\n|-fieldactivate|move: Perish Song\n|move|p1b: Victreebel|Weather Ball|p2b: Gengar\n|-damage|p2b: Gengar|32/100\n|-curestatus|p1a: Venusaur|frz|[msg]\n|move|p1a: Venusaur|Earth Power|p2b: Gengar\n|-supereffective|p2b: Gengar|1\n|-damage|p2b: Gengar|0 fnt\n|faint|p2b: Gengar\n|move|p2a: Sinistcha|Life Dew||[still]\n|-fail|p2a: Sinistcha|heal\n|\n|-weather|none\n|-start|p1b: Victreebel|perish3\n|-start|p1a: Venusaur|perish3\n|-start|p2a: Sinistcha|perish3\n|upkeep\n|\n|t:|1776682683\n|switch|p2b: Incineroar|Incineroar, L50, M|60/100\n|-ability|p2b: Incineroar|Intimidate|boost\n|-unboost|p1a: Venusaur|atk|1\n|-unboost|p1b: Victreebel|atk|1\n|turn|9\n|\n|t:|1776682695\n|move|p2b: Incineroar|Fake Out|p1a: Venusaur\n|-damage|p1a: Venusaur|68/100\n|move|p1b: Victreebel|Sludge Bomb|p2a: Sinistcha\n|-damage|p2a: Sinistcha|71/100\n|-status|p2a: Sinistcha|psn\n|cant|p1a: Venusaur|flinch\n|move|p2a: Sinistcha|Matcha Gotcha|p1b: Victreebel|[spread] p1a\n|-miss|p2a: Sinistcha|p1b: Victreebel\n|-resisted|p1a: Venusaur|2\n|-damage|p1a: Venusaur|63/100\n|-heal|p2a: Sinistcha|73/100 psn|[from] drain|[of] p1a: Venusaur\n|-status|p1a: Venusaur|brn\n|-heal|p2a: Sinistcha|74/100 psn|[from] item: Shell Bell|[of] p1b: Victreebel\n|\n|-damage|p2a: Sinistcha|62/100 psn|[from] psn\n|-damage|p1a: Venusaur|57/100 brn|[from] brn\n|-start|p1b: Victreebel|perish2\n|-start|p1a: Venusaur|perish2\n|-start|p2a: Sinistcha|perish2\n|-sideend|p2: Romulu5|move: Aurora Veil\n|upkeep\n|turn|10\n|inactive|Romulu5 has 30 seconds left.\n|\n|t:|1776682727\n|move|p1b: Victreebel|Sludge Bomb|p2b: Incineroar\n|-damage|p2b: Incineroar|23/100\n|-enditem|p2b: Incineroar|Sitrus Berry|[eat]\n|-heal|p2b: Incineroar|47/100|[from] item: Sitrus Berry\n|move|p1a: Venusaur|Earth Power|p2b: Incineroar\n|-supereffective|p2b: Incineroar|1\n|-damage|p2b: Incineroar|0 fnt\n|faint|p2b: Incineroar\n|move|p2a: Sinistcha|Life Dew|p2a: Sinistcha\n|-heal|p2a: Sinistcha|86/100 psn\n|\n|-damage|p2a: Sinistcha|74/100 psn|[from] psn\n|-damage|p1a: Venusaur|50/100 brn|[from] brn\n|-start|p1b: Victreebel|perish1\n|-start|p1a: Venusaur|perish1\n|-start|p2a: Sinistcha|perish1\n|upkeep\n|turn|11\n|\n|t:|1776682744\n|move|p2a: Sinistcha|Protect|p2a: Sinistcha\n|-singleturn|p2a: Sinistcha|Protect\n|move|p1b: Victreebel|Sludge Bomb|p2a: Sinistcha\n|-activate|p2a: Sinistcha|move: Protect\n|move|p1a: Venusaur|Earth Power|p2a: Sinistcha\n|-activate|p2a: Sinistcha|move: Protect\n|\n|-damage|p2a: Sinistcha|62/100 psn|[from] psn\n|-damage|p1a: Venusaur|44/100 brn|[from] brn\n|-start|p1b: Victreebel|perish0\n|-start|p1a: Venusaur|perish0\n|-start|p2a: Sinistcha|perish0\n|faint|p1b: Victreebel\n|faint|p1a: Venusaur\n|faint|p2a: Sinistcha\n|\n|win|Romulu5\n|raw|rockyredstone's rating: 1016 &rarr; <strong>1003</strong><br />(-13 for losing)\n|raw|Romulu5's rating: 1000 &rarr; <strong>1042</strong><br />(+42 for winning)\n|l|\u2606rockyredstone\n|player|p1|\n",
  "uploadtime": 1776682763,
  "views": 17,
  "formatid": "gen9championsvgc2026regma",
  "rating": 1003,
  "private": 0,
  "password": null
}