{
  "id": "gen9championsvgc2026regma-2583670755",
  "format": "[Gen 9 Champions] VGC 2026 Reg M-A",
  "players": [
    "Nickdia1",
    "yukidagoatt"
  ],
  "log": "|j|\u2606Nickdia1\n|j|\u2606yukidagoatt\n|t:|1776190035\n|gametype|doubles\n|player|p1|Nickdia1|266|1180\n|player|p2|yukidagoatt|169|1102\n|gen|9\n|tier|[Gen 9 Champions] VGC 2026 Reg M-A\n|rated|\n|rule|Species Clause: Limit one of each Pok\u00e9mon\n|rule|Item Clause: Limit 1 of each item\n|clearpoke\n|poke|p1|Camerupt, L50, M|\n|poke|p1|Bellibolt, L50, F|\n|poke|p1|Sinistcha-Masterpiece, L50|\n|poke|p1|Raichu-Alola, L50, F|\n|poke|p1|Incineroar, L50, F|\n|poke|p1|Archaludon, L50, M|\n|poke|p2|Maushold, L50|\n|poke|p2|Floette-Eternal, L50, F|\n|poke|p2|Garchomp, L50, M|\n|poke|p2|Talonflame, L50, F|\n|poke|p2|Rotom-Wash, L50|\n|poke|p2|Aegislash, L50, M|\n|teampreview|4\n|inactive|Battle timer is ON: inactive players will automatically lose when time's up. (requested by yukidagoatt)\n|inactive|Nickdia1 has 60 seconds left.\n|inactive|yukidagoatt has 60 seconds left.\n|\n|t:|1776190086\n|teamsize|p1|4\n|teamsize|p2|4\n|start\n|switch|p1a: Sinistcha|Sinistcha-Masterpiece, L50|100/100\n|switch|p1b: Bellibolt|Bellibolt, L50, F|100/100\n|switch|p2a: Maushold|Maushold, L50|100/100\n|switch|p2b: Floette|Floette-Eternal, L50, F, shiny|100/100\n|turn|1\n|inactive|yukidagoatt has 30 seconds left.\n|\n|t:|1776190115\n|move|p2a: Maushold|Protect|p2a: Maushold\n|-singleturn|p2a: Maushold|Protect\n|move|p2b: Floette|Protect|p2b: Floette\n|-singleturn|p2b: Floette|Protect\n|move|p1b: Bellibolt|Soak|p2b: Floette\n|-activate|p2b: Floette|move: Protect\n|move|p1a: Sinistcha|Trick Room|p1a: Sinistcha\n|-fieldstart|move: Trick Room|[of] p1a: Sinistcha\n|\n|upkeep\n|turn|2\n|inactive|Nickdia1 has 30 seconds left.\n|inactive|Nickdia1 has 20 seconds left.\n|\n|t:|1776190150\n|detailschange|p2b: Floette|Floette-Mega, L50, F, shiny\n|-mega|p2b: Floette|Floette|Floettite\n|-ability|p2b: Floette|Fairy Aura\n|move|p2a: Maushold|Follow Me|p2a: Maushold\n|-singleturn|p2a: Maushold|move: Follow Me\n|move|p1b: Bellibolt|Muddy Water|p2b: Floette|[spread] p2a,p2b\n|-damage|p2a: Maushold|81/100\n|-damage|p2b: Floette|91/100\n|move|p1a: Sinistcha|Calm Mind|p1a: Sinistcha\n|-boost|p1a: Sinistcha|spa|1\n|-boost|p1a: Sinistcha|spd|1\n|move|p2b: Floette|Calm Mind|p2b: Floette\n|-boost|p2b: Floette|spa|1\n|-boost|p2b: Floette|spd|1\n|\n|upkeep\n|turn|3\n|inactive|yukidagoatt has 30 seconds left.\n|\n|t:|1776190185\n|move|p2a: Maushold|Follow Me|p2a: Maushold\n|-singleturn|p2a: Maushold|move: Follow Me\n|move|p1b: Bellibolt|Soak|p2a: Maushold\n|-start|p2a: Maushold|typechange|Water\n|move|p1a: Sinistcha|Matcha Gotcha|p2b: Floette|[spread] p2a\n|-miss|p1a: Sinistcha|p2b: Floette\n|-supereffective|p2a: Maushold|1\n|-damage|p2a: Maushold|0 fnt\n|faint|p2a: Maushold\n|move|p2b: Floette|Calm Mind|p2b: Floette\n|-boost|p2b: Floette|spa|1\n|-boost|p2b: Floette|spd|1\n|\n|upkeep\n|\n|t:|1776190207\n|switch|p2a: Aegislash|Aegislash, L50, M|100/100\n|turn|4\n|\n|t:|1776190227\n|move|p2b: Floette|Protect|p2b: Floette\n|-singleturn|p2b: Floette|Protect\n|-formechange|p2a: Aegislash|Aegislash-Blade|\n|move|p2a: Aegislash|Shadow Sneak|p1a: Sinistcha\n|-supereffective|p1a: Sinistcha|1\n|-damage|p1a: Sinistcha|57/100\n|move|p1b: Bellibolt|Soak|p2a: Aegislash\n|-start|p2a: Aegislash|typechange|Water\n|move|p1a: Sinistcha|Matcha Gotcha|p2b: Floette|[spread] p2a\n|-activate|p2b: Floette|move: Protect\n|-supereffective|p2a: Aegislash|1\n|-damage|p2a: Aegislash|0 fnt\n|-heal|p1a: Sinistcha|100/100|[from] drain|[of] p2a: Aegislash\n|faint|p2a: Aegislash\n|\n|upkeep\n|\n|t:|1776190242\n|switch|p2a: Rotom|Rotom-Wash, L50|100/100\n|turn|5\n|\n|t:|1776190250\n|move|p2a: Rotom|Helping Hand|p2b: Floette\n|-singleturn|p2b: Floette|Helping Hand|[of] p2a: Rotom\n|move|p1b: Bellibolt|Soak|p2b: Floette\n|-start|p2b: Floette|typechange|Water\n|move|p1a: Sinistcha|Matcha Gotcha|p2b: Floette|[spread] p2b\n|-miss|p1a: Sinistcha|p2a: Rotom\n|-supereffective|p2b: Floette|1\n|-damage|p2b: Floette|63/100\n|move|p2b: Floette|Dazzling Gleam|p1a: Sinistcha|[spread] p1a,p1b\n|-damage|p1a: Sinistcha|18/100\n|-damage|p1b: Bellibolt|24/100\n|-start|p1b: Bellibolt|Charge|Dazzling Gleam|[from] ability: Electromorphosis\n|\n|-fieldend|move: Trick Room\n|upkeep\n|turn|6\n|\n|t:|1776190268\n|move|p2a: Rotom|Helping Hand|p2b: Floette\n|-singleturn|p2b: Floette|Helping Hand|[of] p2a: Rotom\n|move|p2b: Floette|Dazzling Gleam|p1a: Sinistcha|[spread] p1a,p1b\n|-damage|p1a: Sinistcha|0 fnt\n|-damage|p1b: Bellibolt|0 fnt\n|faint|p1a: Sinistcha\n|faint|p1b: Bellibolt\n|\n|upkeep\n|\n|t:|1776190273\n|switch|p1a: Camerupt|Camerupt, L50, M|100/100\n|switch|p1b: Incineroar|Incineroar, L50, F|100/100\n|-ability|p1b: Incineroar|Intimidate|boost\n|-unboost|p2a: Rotom|atk|1\n|-unboost|p2b: Floette|atk|1\n|turn|7\n|\n|t:|1776190291\n|detailschange|p1a: Camerupt|Camerupt-Mega, L50, M\n|-mega|p1a: Camerupt|Camerupt|Cameruptite\n|move|p2b: Floette|Protect|p2b: Floette\n|-singleturn|p2b: Floette|Protect\n|move|p1b: Incineroar|Fake Out|p2a: Rotom\n|-damage|p2a: Rotom|88/100\n|cant|p2a: Rotom|flinch\n|move|p1a: Camerupt|Earth Power|p2b: Floette\n|-activate|p2b: Floette|move: Protect\n|\n|upkeep\n|turn|8\n|\n|t:|1776190304\n|move|p2a: Rotom|Helping Hand|p2b: Floette\n|-singleturn|p2b: Floette|Helping Hand|[of] p2a: Rotom\n|move|p2b: Floette|Dazzling Gleam|p1b: Incineroar|[spread] p1a,p1b\n|-resisted|p1a: Camerupt|1\n|-damage|p1a: Camerupt|53/100\n|-damage|p1b: Incineroar|11/100\n|-enditem|p1b: Incineroar|Sitrus Berry|[eat]\n|-heal|p1b: Incineroar|36/100|[from] item: Sitrus Berry\n|move|p1b: Incineroar|Flare Blitz|p2b: Floette\n|-resisted|p2b: Floette|1\n|-damage|p2b: Floette|36/100\n|-damage|p1b: Incineroar|27/100|[from] Recoil\n|move|p1a: Camerupt|Earth Power|p2b: Floette\n|-damage|p2b: Floette|9/100\n|\n|upkeep\n|turn|9\n|-message|Nickdia1 forfeited.\n|\n|win|yukidagoatt\n|raw|Nickdia1's rating: 1180 &rarr; <strong>1149</strong><br />(-31 for losing)\n|raw|yukidagoatt's rating: 1102 &rarr; <strong>1133</strong><br />(+31 for winning)\n|l|\u2606Nickdia1\n|player|p1|\n",
  "uploadtime": 1776190329,
  "views": 19,
  "formatid": "gen9championsvgc2026regma",
  "rating": 1133,
  "private": 0,
  "password": null
}