{
  "id": "gen9championsvgc2026regma-2584658343",
  "format": "[Gen 9 Champions] VGC 2026 Reg M-A",
  "players": [
    "Ascalon017",
    "gdmklrfnkg"
  ],
  "log": "|j|\u2606Ascalon017\n|j|\u2606gdmklrfnkg\n|t:|1776274958\n|gametype|doubles\n|player|p1|Ascalon017|benga|1079\n|player|p2|gdmklrfnkg|101|1045\n|gen|9\n|tier|[Gen 9 Champions] VGC 2026 Reg M-A\n|rated|\n|rule|Species Clause: Limit one of each Pok\u00e9mon\n|rule|Item Clause: Limit 1 of each item\n|clearpoke\n|poke|p1|Charizard, L50, M|\n|poke|p1|Venusaur, L50, F|\n|poke|p1|Incineroar, L50, M|\n|poke|p1|Whimsicott, L50, F|\n|poke|p1|Garchomp, L50, M|\n|poke|p1|Sneasler, L50, F|\n|poke|p2|Garchomp, L50, M|\n|poke|p2|Tyranitar, L50, F|\n|poke|p2|Kingambit, L50, F|\n|poke|p2|Farigiraf, L50, M|\n|poke|p2|Milotic, L50, M|\n|poke|p2|Sinistcha, L50|\n|teampreview|4\n|inactive|Battle timer is ON: inactive players will automatically lose when time's up. (requested by Ascalon017)\n|\n|t:|1776274980\n|teamsize|p1|4\n|teamsize|p2|4\n|start\n|switch|p1a: Charizard|Charizard, L50, M|100/100\n|switch|p1b: Garchomp|Garchomp, L50, M|100/100\n|switch|p2a: Farigiraf|Farigiraf, L50, M|100/100\n|switch|p2b: Tyranitar|Tyranitar, L50, F|100/100\n|-weather|Sandstorm|[from] ability: Sand Stream|[of] p2b: Tyranitar\n|turn|1\n|\n|t:|1776275001\n|detailschange|p1a: Charizard|Charizard-Mega-Y, L50, M\n|-mega|p1a: Charizard|Charizard|Charizardite Y\n|-weather|SunnyDay|[from] ability: Drought|[of] p1a: Charizard\n|move|p1b: Garchomp|Earthquake|p2b: Tyranitar|[spread] p2a,p2b\n|-immune|p1a: Charizard\n|-supereffective|p2b: Tyranitar|1\n|-damage|p2a: Farigiraf|72/100\n|-damage|p2b: Tyranitar|39/100\n|move|p1a: Charizard|Heat Wave|p2a: Farigiraf|[spread] p2a,p2b\n|-resisted|p2b: Tyranitar|1\n|-damage|p2a: Farigiraf|0 fnt\n|-damage|p2b: Tyranitar|11/100\n|faint|p2a: Farigiraf\n|move|p2b: Tyranitar|Rock Slide|p1a: Charizard|[spread] p1a,p1b\n|-supereffective|p1a: Charizard|2\n|-resisted|p1b: Garchomp|1\n|-damage|p1a: Charizard|0 fnt\n|-damage|p1b: Garchomp|85/100\n|faint|p1a: Charizard\n|\n|-weather|SunnyDay|[upkeep]\n|upkeep\n|inactive|gdmklrfnkg has 30 seconds left.\n|\n|t:|1776275029\n|switch|p1a: Venusaur|Venusaur, L50, F|100/100\n|switch|p2a: Kingambit|Kingambit, L50, F|100/100\n|turn|2\n|\n|t:|1776275046\n|switch|p1b: Incineroar|Incineroar, L50, M|100/100\n|-ability|p1b: Incineroar|Intimidate|boost\n|-unboost|p2a: Kingambit|atk|1\n|-ability|p2a: Kingambit|Defiant|boost\n|-boost|p2a: Kingambit|atk|2\n|-unboost|p2b: Tyranitar|atk|1\n|move|p1a: Venusaur|Giga Drain|p2b: Tyranitar\n|-supereffective|p2b: Tyranitar|1\n|-damage|p2b: Tyranitar|0 fnt\n|faint|p2b: Tyranitar\n|move|p2a: Kingambit|Iron Head|p1a: Venusaur\n|-damage|p1a: Venusaur|10/100\n|\n|-weather|SunnyDay|[upkeep]\n|-heal|p1a: Venusaur|16/100|[from] item: Leftovers\n|upkeep\n|\n|t:|1776275061\n|switch|p2b: Garchomp|Garchomp, L50, M|100/100\n|turn|3\n|inactive|gdmklrfnkg has 30 seconds left.\n|\n|t:|1776275093\n|detailschange|p2b: Garchomp|Garchomp-Mega, L50, M\n|-mega|p2b: Garchomp|Garchomp|Garchompite\n|move|p1a: Venusaur|Protect|p1a: Venusaur\n|-singleturn|p1a: Venusaur|Protect\n|move|p1b: Incineroar|Fake Out|p2a: Kingambit\n|-resisted|p2a: Kingambit|1\n|-damage|p2a: Kingambit|96/100\n|cant|p2a: Kingambit|flinch\n|move|p2b: Garchomp|Earthquake|p1a: Venusaur|[spread] p2a,p1b\n|-activate|p1a: Venusaur|move: Protect\n|-supereffective|p2a: Kingambit|1\n|-supereffective|p1b: Incineroar|1\n|-damage|p2a: Kingambit|29/100\n|-damage|p1b: Incineroar|6/100\n|-enditem|p1b: Incineroar|Sitrus Berry|[eat]\n|-heal|p1b: Incineroar|31/100|[from] item: Sitrus Berry\n|\n|-weather|SunnyDay|[upkeep]\n|-heal|p1a: Venusaur|22/100|[from] item: Leftovers\n|upkeep\n|turn|4\n|\n|t:|1776275115\n|move|p2a: Kingambit|Sucker Punch|p1a: Venusaur\n|-damage|p1a: Venusaur|0 fnt\n|faint|p1a: Venusaur\n|move|p2b: Garchomp|Earthquake|p1b: Incineroar|[spread] p2a,p1b\n|-supereffective|p2a: Kingambit|1\n|-supereffective|p1b: Incineroar|1\n|-damage|p2a: Kingambit|0 fnt\n|-damage|p1b: Incineroar|0 fnt\n|faint|p2a: Kingambit\n|faint|p1b: Incineroar\n|\n|-weather|SunnyDay|[upkeep]\n|upkeep\n|inactive|Ascalon017 has 30 seconds left.\n|inactive|Ascalon017 has 20 seconds left.\n|inactive|Ascalon017 has 15 seconds left.\n|inactive|Ascalon017 has 10 seconds left.\n|inactive|Ascalon017 has 5 seconds left.\n|\n|t:|1776275173\n|switch|p1a: Garchomp|Garchomp, L50, M|85/100\n|turn|5\n|\n|t:|1776275190\n|move|p1a: Garchomp|Dragon Claw|p2b: Garchomp\n|-supereffective|p2b: Garchomp|1\n|-damage|p2b: Garchomp|26/100\n|move|p2b: Garchomp|Dragon Claw|p1a: Garchomp\n|-supereffective|p1a: Garchomp|1\n|-damage|p1a: Garchomp|0 fnt\n|-damage|p2b: Garchomp|13/100|[from] ability: Rough Skin|[of] p1a: Garchomp\n|faint|p1a: Garchomp\n|\n|win|gdmklrfnkg\n|raw|Ascalon017's rating: 1079 &rarr; <strong>1055</strong><br />(-24 for losing)\n|raw|gdmklrfnkg's rating: 1045 &rarr; <strong>1081</strong><br />(+36 for winning)\n|l|\u2606Ascalon017\n|player|p1|\n",
  "uploadtime": 1776275383,
  "views": 18,
  "formatid": "gen9championsvgc2026regma",
  "rating": 1055,
  "private": 0,
  "password": null
}