{
  "id": "gen9championsvgc2026regma-2581763719",
  "format": "[Gen 9 Champions] VGC 2026 Reg M-A",
  "players": [
    "Jah_08",
    "Adadoo"
  ],
  "log": "|j|\u2606Jah_08\n|j|\u2606Adadoo\n|t:|1776026545\n|gametype|doubles\n|player|p1|Jah_08|alder|1259\n|player|p2|Adadoo|102|1161\n|gen|9\n|tier|[Gen 9 Champions] VGC 2026 Reg M-A\n|rated|\n|rule|Species Clause: Limit one of each Pok\u00e9mon\n|rule|Item Clause: Limit 1 of each item\n|clearpoke\n|poke|p1|Basculegion, L50, M|\n|poke|p1|Zoroark-Hisui, L50, M|\n|poke|p1|Conkeldurr, L50, F|\n|poke|p1|Whimsicott, L50, F|\n|poke|p1|Chandelure, L50, F|\n|poke|p1|Vanilluxe, L50, M|\n|poke|p2|Gengar, L50, F|\n|poke|p2|Incineroar, L50, M|\n|poke|p2|Sinistcha, L50|\n|poke|p2|Weavile, L50, M|\n|poke|p2|Scizor, L50, M|\n|poke|p2|Kommo-o, L50, F|\n|teampreview|4\n|inactive|Battle timer is ON: inactive players will automatically lose when time's up. (requested by Adadoo)\n|inactive|Jah_08 has 60 seconds left.\n|\n|t:|1776026580\n|teamsize|p1|4\n|teamsize|p2|4\n|start\n|switch|p1a: Basculegion|Basculegion, L50, M|100/100\n|switch|p1b: Conkeldurr|Conkeldurr, L50, F, shiny|100/100\n|switch|p2a: Incineroar|Incineroar, L50, M|100/100\n|switch|p2b: Kommo-o|Kommo-o, L50, F|100/100\n|-ability|p2a: Incineroar|Intimidate|boost\n|-unboost|p1a: Basculegion|atk|1\n|-unboost|p1b: Conkeldurr|atk|1\n|turn|1\n|\n|t:|1776026598\n|move|p2a: Incineroar|Fake Out|p1b: Conkeldurr\n|-immune|p1b: Conkeldurr\n|move|p1a: Basculegion|Wave Crash|p2a: Incineroar\n|-supereffective|p2a: Incineroar|1\n|-crit|p2a: Incineroar\n|-damage|p2a: Incineroar|0 fnt\n|faint|p2a: Incineroar\n|-damage|p1a: Basculegion|67/100|[from] Recoil\n|move|p1b: Conkeldurr|Icy Wind|p2b: Kommo-o\n|-supereffective|p2b: Kommo-o|1\n|-damage|p2b: Kommo-o|60/100\n|-unboost|p2b: Kommo-o|spe|1\n|move|p2b: Kommo-o|Clangorous Soul|p2b: Kommo-o\n|-boost|p2b: Kommo-o|atk|1\n|-boost|p2b: Kommo-o|def|1\n|-boost|p2b: Kommo-o|spa|1\n|-boost|p2b: Kommo-o|spd|1\n|-boost|p2b: Kommo-o|spe|1\n|-damage|p2b: Kommo-o|28/100\n|\n|-heal|p2b: Kommo-o|33/100|[from] item: Leftovers\n|upkeep\n|\n|t:|1776026616\n|switch|p2a: Sinistcha|Sinistcha, L50|100/100\n|-heal|p2b: Kommo-o|58/100|[from] ability: Hospitality|[of] p2a: Sinistcha\n|turn|2\n|\n|t:|1776026636\n|switch|p1a: Vanilluxe|Vanilluxe, L50, M, shiny|100/100\n|-weather|Snowscape|[from] ability: Snow Warning|[of] p1a: Vanilluxe\n|move|p2a: Sinistcha|Rage Powder|p2a: Sinistcha\n|-singleturn|p2a: Sinistcha|move: Rage Powder\n|move|p1b: Conkeldurr|Icy Wind|p2b: Kommo-o|[spread] p2a,p2b\n|-supereffective|p2a: Sinistcha|1\n|-supereffective|p2b: Kommo-o|1\n|-damage|p2a: Sinistcha|77/100\n|-damage|p2b: Kommo-o|37/100\n|-unboost|p2a: Sinistcha|spe|1\n|-unboost|p2b: Kommo-o|spe|1\n|move|p2b: Kommo-o|Clanging Scales|p1b: Conkeldurr|[spread] p1a,p1b\n|-damage|p1a: Vanilluxe|53/100\n|-enditem|p1b: Conkeldurr|Focus Sash\n|-damage|p1b: Conkeldurr|1/100\n|replace|p1b: Zoroark|Zoroark-Hisui, L50, M\n|-end|p1b: Zoroark|Illusion\n|-unboost|p2b: Kommo-o|def|1\n|\n|-weather|Snowscape|[upkeep]\n|-heal|p2b: Kommo-o|43/100|[from] item: Leftovers\n|upkeep\n|turn|3\n|inactive|Adadoo has 30 seconds left.\n|\n|t:|1776026666\n|move|p2a: Sinistcha|Protect|p2a: Sinistcha\n|-singleturn|p2a: Sinistcha|Protect\n|move|p1b: Zoroark|Icy Wind|p2a: Sinistcha|[spread] p2b\n|-activate|p2a: Sinistcha|move: Protect\n|-supereffective|p2b: Kommo-o|1\n|-damage|p2b: Kommo-o|21/100\n|-unboost|p2b: Kommo-o|spe|1\n|move|p1a: Vanilluxe|Blizzard|p2a: Sinistcha|[spread] p2b\n|-activate|p2a: Sinistcha|move: Protect\n|-supereffective|p2b: Kommo-o|1\n|-damage|p2b: Kommo-o|0 fnt\n|faint|p2b: Kommo-o\n|\n|-weather|Snowscape|[upkeep]\n|upkeep\n|\n|t:|1776026675\n|switch|p2b: Scizor|Scizor, L50, M|100/100\n|turn|4\n|\n|t:|1776026691\n|detailschange|p2b: Scizor|Scizor-Mega, L50, M\n|-mega|p2b: Scizor|Scizor|Scizorite\n|move|p2b: Scizor|Bullet Punch|p1a: Vanilluxe\n|-supereffective|p1a: Vanilluxe|1\n|-damage|p1a: Vanilluxe|0 fnt\n|faint|p1a: Vanilluxe\n|move|p1b: Zoroark|Will-O-Wisp|p2b: Scizor\n|-status|p2b: Scizor|brn\n|move|p2a: Sinistcha|Life Dew||[still]|[spread] p2a,p2b\n|-heal|p2a: Sinistcha|100/100\n|-fail|p2b: Scizor|heal\n|\n|-weather|Snowscape|[upkeep]\n|-damage|p2b: Scizor|94/100 brn|[from] brn\n|upkeep\n|\n|t:|1776026714\n|switch|p1a: Conkeldurr|Conkeldurr, L50, F, shiny|100/100\n|turn|5\n|\n|t:|1776026722\n|move|p2a: Sinistcha|Rage Powder|p2a: Sinistcha\n|-singleturn|p2a: Sinistcha|move: Rage Powder\n|move|p2b: Scizor|Bullet Punch|p1b: Zoroark\n|-damage|p1b: Zoroark|0 fnt\n|faint|p1b: Zoroark\n|move|p1a: Conkeldurr|Drain Punch|p2a: Sinistcha\n|-immune|p2a: Sinistcha\n|\n|-weather|Snowscape|[upkeep]\n|-damage|p2b: Scizor|88/100 brn|[from] brn\n|upkeep\n|\n|t:|1776026733\n|switch|p1b: Basculegion|Basculegion, L50, M|67/100\n|turn|6\n|\n|t:|1776026747\n|move|p1b: Basculegion|Last Respects|p2a: Sinistcha\n|-supereffective|p2a: Sinistcha|1\n|-damage|p2a: Sinistcha|0 fnt\n|faint|p2a: Sinistcha\n|move|p2b: Scizor|Dual Wingbeat|p1a: Conkeldurr\n|-supereffective|p1a: Conkeldurr|1\n|-damage|p1a: Conkeldurr|73/100\n|-supereffective|p1a: Conkeldurr|1\n|-damage|p1a: Conkeldurr|48/100\n|-hitcount|p1a: Conkeldurr|2\n|move|p1a: Conkeldurr|Drain Punch|p2b: Scizor\n|-damage|p2b: Scizor|47/100 brn\n|-heal|p1a: Conkeldurr|69/100|[from] drain|[of] p2b: Scizor\n|\n|-weather|none\n|-damage|p2b: Scizor|41/100 brn|[from] brn\n|upkeep\n|turn|7\n|-message|Adadoo forfeited.\n|\n|win|Jah_08\n|raw|Jah_08's rating: 1259 &rarr; <strong>1277</strong><br />(+18 for winning)\n|raw|Adadoo's rating: 1161 &rarr; <strong>1143</strong><br />(-18 for losing)\n|l|\u2606Adadoo\n|player|p2|\n",
  "uploadtime": 1776026766,
  "views": 20,
  "formatid": "gen9championsvgc2026regma",
  "rating": 1143,
  "private": 0,
  "password": null
}