{
  "id": "gen9championsvgc2026regma-2584895293",
  "format": "[Gen 9 Champions] VGC 2026 Reg M-A",
  "players": [
    "TheSemmel",
    "AkioKira"
  ],
  "log": "|j|\u2606TheSemmel\n|j|\u2606AkioKira\n|t:|1776292357\n|gametype|doubles\n|player|p1|TheSemmel|170|1181\n|player|p2|AkioKira|miku-ground|1110\n|gen|9\n|tier|[Gen 9 Champions] VGC 2026 Reg M-A\n|rated|\n|rule|Species Clause: Limit one of each Pok\u00e9mon\n|rule|Item Clause: Limit 1 of each item\n|clearpoke\n|poke|p1|Garchomp, L50, M|\n|poke|p1|Whimsicott, L50, M|\n|poke|p1|Archaludon, L50, F|\n|poke|p1|Typhlosion-Hisui, L50, F|\n|poke|p1|Weavile, L50, F|\n|poke|p1|Charizard, L50, M|\n|poke|p2|Beedrill, L50, F|\n|poke|p2|Rotom-Wash, L50|\n|poke|p2|Aegislash, L50, F|\n|poke|p2|Incineroar, L50, M|\n|poke|p2|Sinistcha, L50|\n|poke|p2|Aerodactyl, L50, M|\n|teampreview|4\n|\n|t:|1776292391\n|teamsize|p1|4\n|teamsize|p2|4\n|start\n|switch|p1a: Whimsicott|Whimsicott, L50, M|100/100\n|switch|p1b: Weavile|Weavile, L50, F|100/100\n|switch|p2a: POTENUINELY|Beedrill, L50, F|100/100\n|switch|p2b: AERO|Aerodactyl, L50, M|100/100\n|-ability|p2b: AERO|Unnerve\n|-ability|p1b: Weavile|Pressure\n|turn|1\n|\n|t:|1776292407\n|detailschange|p2a: POTENUINELY|Beedrill-Mega, L50, F\n|-mega|p2a: POTENUINELY|Beedrill|Beedrillite\n|move|p1a: Whimsicott|Tailwind|p1a: Whimsicott\n|-sidestart|p1: TheSemmel|move: Tailwind\n|move|p1b: Weavile|Icicle Spear|p2b: AERO\n|-supereffective|p2b: AERO|1\n|-damage|p2b: AERO|57/100\n|-supereffective|p2b: AERO|1\n|-damage|p2b: AERO|18/100\n|-hitcount|p2b: AERO|2\n|move|p2a: POTENUINELY|X-Scissor|p1b: Weavile\n|-supereffective|p1b: Weavile|1\n|-damage|p1b: Weavile|0 fnt\n|faint|p1b: Weavile\n|move|p2b: AERO|Dual Wingbeat|p1a: Whimsicott\n|-supereffective|p1a: Whimsicott|1\n|-damage|p1a: Whimsicott|39/100\n|-supereffective|p1a: Whimsicott|1\n|-damage|p1a: Whimsicott|0 fnt\n|faint|p1a: Whimsicott\n|-hitcount|p1: Whimsicott|2\n|\n|upkeep\n|\n|t:|1776292438\n|switch|p1b: Typhlosion|Typhlosion-Hisui, L50, F|100/100\n|switch|p1a: Charizard|Charizard, L50, M|100/100\n|turn|2\n|\n|t:|1776292461\n|switch|p2a: HIM|Incineroar, L50, M|100/100\n|-ability|p2a: HIM|Intimidate|boost\n|-unboost|p1a: Charizard|atk|1\n|-unboost|p1b: Typhlosion|atk|1\n|detailschange|p1a: Charizard|Charizard-Mega-Y, L50, M\n|-mega|p1a: Charizard|Charizard|Charizardite Y\n|-weather|SunnyDay|[from] ability: Drought|[of] p1a: Charizard\n|move|p1a: Charizard|Protect|p1a: Charizard\n|-singleturn|p1a: Charizard|Protect\n|move|p2b: AERO|Protect|p2b: AERO\n|-singleturn|p2b: AERO|Protect\n|move|p1b: Typhlosion|Eruption|p2a: HIM|[spread] p2a\n|-activate|p2b: AERO|move: Protect\n|-resisted|p2a: HIM|1\n|-damage|p2a: HIM|60/100\n|\n|-weather|SunnyDay|[upkeep]\n|upkeep\n|turn|3\n|\n|t:|1776292485\n|move|p1b: Typhlosion|Eruption|p2b: AERO|[spread] p2a,p2b\n|-resisted|p2a: HIM|1\n|-resisted|p2b: AERO|1\n|-damage|p2a: HIM|23/100\n|-damage|p2b: AERO|0 fnt\n|faint|p2b: AERO\n|move|p1a: Charizard|Ancient Power|p2a: HIM\n|-supereffective|p2a: HIM|1\n|-damage|p2a: HIM|0 fnt\n|faint|p2a: HIM\n|\n|-weather|SunnyDay|[upkeep]\n|upkeep\n|\n|t:|1776292498\n|switch|p2b: POTENUINELY|Beedrill-Mega, L50, F|100/100\n|switch|p2a: SLASH|Aegislash, L50, F|100/100\n|turn|4\n|\n|t:|1776292508\n|move|p2a: SLASH|Wide Guard|p2a: SLASH\n|-singleturn|p2a: SLASH|Wide Guard\n|move|p1b: Typhlosion|Eruption|p2b: POTENUINELY|[spread] \n|-activate|p2a: SLASH|move: Wide Guard\n|-activate|p2b: POTENUINELY|move: Wide Guard\n|move|p1a: Charizard|Heat Wave|p2b: POTENUINELY|[spread] \n|-activate|p2a: SLASH|move: Wide Guard\n|-activate|p2b: POTENUINELY|move: Wide Guard\n|move|p2b: POTENUINELY|Poison Jab|p1a: Charizard\n|-damage|p1a: Charizard|15/100\n|-status|p1a: Charizard|psn\n|\n|-weather|SunnyDay|[upkeep]\n|-damage|p1a: Charizard|3/100 psn|[from] psn\n|-sideend|p1: TheSemmel|move: Tailwind\n|upkeep\n|turn|5\n|\n|t:|1776292531\n|move|p2a: SLASH|Wide Guard|p2a: SLASH\n|-singleturn|p2a: SLASH|Wide Guard\n|move|p1b: Typhlosion|Eruption|p2b: POTENUINELY|[spread] \n|-activate|p2a: SLASH|move: Wide Guard\n|-activate|p2b: POTENUINELY|move: Wide Guard\n|move|p2b: POTENUINELY|Poison Jab|p1a: Charizard\n|-damage|p1a: Charizard|0 fnt\n|faint|p1a: Charizard\n|\n|-weather|SunnyDay|[upkeep]\n|upkeep\n|turn|6\n|\n|t:|1776292544\n|move|p2a: SLASH|Wide Guard|p2a: SLASH\n|-singleturn|p2a: SLASH|Wide Guard\n|move|p1b: Typhlosion|Eruption|p2b: POTENUINELY|[spread] \n|-activate|p2a: SLASH|move: Wide Guard\n|-activate|p2b: POTENUINELY|move: Wide Guard\n|move|p2b: POTENUINELY|Poison Jab|p1b: Typhlosion\n|-resisted|p1b: Typhlosion|1\n|-damage|p1b: Typhlosion|58/100\n|\n|-weather|none\n|upkeep\n|turn|7\n|-message|TheSemmel forfeited.\n|\n|win|AkioKira\n|raw|TheSemmel's rating: 1181 &rarr; <strong>1151</strong><br />(-30 for losing)\n|raw|AkioKira's rating: 1110 &rarr; <strong>1140</strong><br />(+30 for winning)\n|l|\u2606TheSemmel\n|player|p1|\n",
  "uploadtime": 1776292556,
  "views": 17,
  "formatid": "gen9championsvgc2026regma",
  "rating": 1140,
  "private": 0,
  "password": null
}