{
  "id": "gen9championsvgc2026regma-2589563466",
  "format": "[Gen 9 Champions] VGC 2026 Reg M-A",
  "players": [
    "jones436",
    "sdlt 2krl kiki"
  ],
  "log": "|raw|<div class=\"broadcast-blue\"><strong>This battle is required to be public due to a player having a name starting with 'sdlt'.</div>\n|j|\u2606jones436\n|j|\u2606sdlt 2krl kiki\n|t:|1776734484\n|gametype|doubles\n|player|p1|jones436|fisherman|1000\n|player|p2|sdlt 2krl kiki|aquasuit|1080\n|gen|9\n|tier|[Gen 9 Champions] VGC 2026 Reg M-A\n|rated|\n|rule|Species Clause: Limit one of each Pok\u00e9mon\n|rule|Item Clause: Limit 1 of each item\n|clearpoke\n|poke|p1|Dragapult, L50, F|\n|poke|p1|Sneasler, L50, F|\n|poke|p1|Kingambit, L50, F|\n|poke|p1|Volcarona, L50, F|\n|poke|p1|Sableye, L50, F|\n|poke|p1|Floette-Eternal, L50, F|\n|poke|p2|Scovillain, L50, F|\n|poke|p2|Espathra, L50, M|\n|poke|p2|Milotic, L50, M|\n|poke|p2|Floette-Eternal, L50, F|\n|poke|p2|Sneasler, L50, F|\n|poke|p2|Incineroar, L50, F|\n|teampreview|4\n|inactive|Battle timer is ON: inactive players will automatically lose when time's up. (requested by sdlt 2krl kiki)\n|\n|t:|1776734515\n|teamsize|p1|4\n|teamsize|p2|4\n|start\n|switch|p1a: Kingambit|Kingambit, L50, F|100/100\n|switch|p1b: Sneasler|Sneasler, L50, F|100/100\n|switch|p2a: Espathra|Espathra, L50, M|100/100\n|switch|p2b: Scovillain|Scovillain, L50, F|100/100\n|turn|1\n|\n|t:|1776734533\n|move|p1b: Sneasler|Fake Out|p2b: Scovillain\n|-damage|p2b: Scovillain|85/100\n|cant|p2b: Scovillain|flinch\n|move|p2a: Espathra|Calm Mind|p2a: Espathra\n|-boost|p2a: Espathra|spa|1\n|-boost|p2a: Espathra|spd|1\n|move|p1a: Kingambit|Kowtow Cleave|p2a: Espathra\n|-supereffective|p2a: Espathra|1\n|-enditem|p2a: Espathra|Focus Sash\n|-damage|p2a: Espathra|1/100\n|\n|-ability|p2a: Espathra|Speed Boost|boost\n|-boost|p2a: Espathra|spe|1\n|upkeep\n|turn|2\n|inactive|sdlt 2krl kiki has 30 seconds left.\n|inactive|sdlt 2krl kiki has 20 seconds left.\n|inactive|sdlt 2krl kiki has 15 seconds left.\n|\n|t:|1776734581\n|switch|p2b: Sneasler|Sneasler, L50, F|100/100\n|move|p2a: Espathra|Protect|p2a: Espathra\n|-singleturn|p2a: Espathra|Protect\n|move|p1a: Kingambit|Sucker Punch||[still]\n|-fail|p1a: Kingambit\n|move|p1b: Sneasler|Dire Claw|p2b: Sneasler\n|-resisted|p2b: Sneasler|1\n|-damage|p2b: Sneasler|78/100\n|\n|-ability|p2a: Espathra|Speed Boost|boost\n|-boost|p2a: Espathra|spe|1\n|upkeep\n|turn|3\n|\n|t:|1776734598\n|move|p1b: Sneasler|Protect|p1b: Sneasler\n|-singleturn|p1b: Sneasler|Protect\n|move|p1a: Kingambit|Protect|p1a: Kingambit\n|-singleturn|p1a: Kingambit|Protect\n|move|p2a: Espathra|Baton Pass|p2a: Espathra\n|\n|t:|1776734602\n|switch|p2a: Floette|Floette-Eternal, L50, F|100/100|[from] Baton Pass\n|move|p2b: Sneasler|Close Combat|p1a: Kingambit\n|-activate|p1a: Kingambit|move: Protect\n|\n|upkeep\n|turn|4\n|\n|t:|1776734619\n|switch|p1a: Volcarona|Volcarona, L50, F|100/100\n|detailschange|p2a: Floette|Floette-Mega, L50, F\n|-mega|p2a: Floette|Floette|Floettite\n|-ability|p2a: Floette|Fairy Aura\n|move|p2a: Floette|Moonblast|p1b: Sneasler\n|-enditem|p1b: Sneasler|Focus Sash\n|-damage|p1b: Sneasler|1/100\n|-unboost|p1b: Sneasler|spa|1\n|move|p1b: Sneasler|Dire Claw|p2a: Floette\n|-supereffective|p2a: Floette|1\n|-damage|p2a: Floette|30/100\n|move|p2b: Sneasler|Close Combat|p1a: Volcarona\n|-resisted|p1a: Volcarona|1\n|-damage|p1a: Volcarona|67/100\n|-unboost|p2b: Sneasler|def|1\n|-unboost|p2b: Sneasler|spd|1\n|-enditem|p2b: Sneasler|White Herb\n|-clearnegativeboost|p2b: Sneasler|[silent]\n|\n|upkeep\n|turn|5\n|inactive|jones436 has 30 seconds left.\n|\n|t:|1776734646\n|move|p1a: Volcarona|Rage Powder|p1a: Volcarona\n|-singleturn|p1a: Volcarona|move: Rage Powder\n|move|p1b: Sneasler|Dire Claw|p2a: Floette\n|-supereffective|p2a: Floette|1\n|-damage|p2a: Floette|0 fnt\n|faint|p2a: Floette\n|move|p2b: Sneasler|Gunk Shot|p1a: Volcarona|[miss]\n|-miss|p2b: Sneasler|p1a: Volcarona\n|\n|upkeep\n|\n|t:|1776734667\n|switch|p2a: Scovillain|Scovillain, L50, F|85/100\n|turn|6\n|\n|t:|1776734674\n|move|p2a: Scovillain|Rage Powder|p2a: Scovillain\n|-singleturn|p2a: Scovillain|move: Rage Powder\n|move|p1b: Sneasler|Dire Claw|p2a: Scovillain\n|-supereffective|p2a: Scovillain|1\n|-damage|p2a: Scovillain|0 fnt\n|faint|p2a: Scovillain\n|move|p2b: Sneasler|Gunk Shot|p1a: Volcarona\n|-damage|p1a: Volcarona|0 fnt\n|faint|p1a: Volcarona\n|\n|upkeep\n|\n|t:|1776734686\n|switch|p1a: Kingambit|Kingambit, L50, F|100/100\n|switch|p2a: Espathra|Espathra, L50, M|1/100\n|turn|7\n|inactive|jones436 has 30 seconds left.\n|\n|t:|1776734719\n|move|p2a: Espathra|Protect|p2a: Espathra\n|-singleturn|p2a: Espathra|Protect\n|move|p1a: Kingambit|Protect|p1a: Kingambit\n|-singleturn|p1a: Kingambit|Protect\n|move|p1b: Sneasler|Dire Claw|p2a: Espathra\n|-activate|p2a: Espathra|move: Protect\n|move|p2b: Sneasler|Close Combat|p1a: Kingambit\n|-activate|p1a: Kingambit|move: Protect\n|\n|-ability|p2a: Espathra|Speed Boost|boost\n|-boost|p2a: Espathra|spe|1\n|upkeep\n|turn|8\n|\n|t:|1776734734\n|move|p1b: Sneasler|Protect|p1b: Sneasler\n|-singleturn|p1b: Sneasler|Protect\n|move|p2a: Espathra|Protect||[still]\n|-fail|p2a: Espathra\n|move|p1a: Kingambit|Sucker Punch||[still]\n|-fail|p1a: Kingambit\n|move|p2b: Sneasler|Close Combat|p1a: Kingambit\n|-supereffective|p1a: Kingambit|2\n|-damage|p1a: Kingambit|0 fnt\n|-unboost|p2b: Sneasler|def|1\n|-unboost|p2b: Sneasler|spd|1\n|faint|p1a: Kingambit\n|\n|-ability|p2a: Espathra|Speed Boost|boost\n|-boost|p2a: Espathra|spe|1\n|upkeep\n|\n|t:|1776734742\n|switch|p1a: Floette|Floette-Eternal, L50, F|100/100\n|turn|9\n|\n|t:|1776734766\n|detailschange|p1a: Floette|Floette-Mega, L50, F\n|-mega|p1a: Floette|Floette|Floettite\n|-ability|p1a: Floette|Fairy Aura\n|move|p2a: Espathra|Protect|p2a: Espathra\n|-singleturn|p2a: Espathra|Protect\n|move|p2b: Sneasler|Protect|p2b: Sneasler\n|-singleturn|p2b: Sneasler|Protect\n|move|p1b: Sneasler|Dire Claw|p2a: Espathra\n|-activate|p2a: Espathra|move: Protect\n|move|p1a: Floette|Dazzling Gleam|p2b: Sneasler|[spread] \n|-activate|p2a: Espathra|move: Protect\n|-activate|p2b: Sneasler|move: Protect\n|\n|-ability|p2a: Espathra|Speed Boost|boost\n|-boost|p2a: Espathra|spe|1\n|upkeep\n|turn|10\n|\n|t:|1776734779\n|move|p2a: Espathra|Lumina Crash|p1b: Sneasler\n|-supereffective|p1b: Sneasler|2\n|-damage|p1b: Sneasler|0 fnt\n|faint|p1b: Sneasler\n|move|p2b: Sneasler|Gunk Shot|p1a: Floette|[miss]\n|-miss|p2b: Sneasler|p1a: Floette\n|move|p1a: Floette|Dazzling Gleam|p2b: Sneasler|[spread] p2a,p2b\n|-damage|p2a: Espathra|0 fnt\n|-damage|p2b: Sneasler|14/100\n|faint|p2a: Espathra\n|\n|upkeep\n|turn|11\n|\n|t:|1776734803\n|move|p1a: Floette|Protect|p1a: Floette\n|-singleturn|p1a: Floette|Protect\n|move|p2b: Sneasler|Gunk Shot|p1a: Floette\n|-activate|p1a: Floette|move: Protect\n|\n|upkeep\n|turn|12\n|\n|t:|1776734811\n|move|p2b: Sneasler|Gunk Shot|p1a: Floette\n|-supereffective|p1a: Floette|1\n|-damage|p1a: Floette|0 fnt\n|faint|p1a: Floette\n|\n|win|sdlt 2krl kiki\n|raw|jones436's rating: 1000 &rarr; <strong>1000</strong><br />(+0 for losing)\n|raw|sdlt 2krl kiki's rating: 1080 &rarr; <strong>1102</strong><br />(+22 for winning)\n",
  "uploadtime": 1776734811,
  "views": 2,
  "formatid": "gen9championsvgc2026regma",
  "rating": 1000,
  "private": 0,
  "password": null
}