{
  "id": "gen9championsvgc2026regma-2583094289",
  "format": "[Gen 9 Champions] VGC 2026 Reg M-A",
  "players": [
    "snively3",
    "Bman311"
  ],
  "log": "|j|\u2606snively3\n|j|\u2606Bman311\n|t:|1776141306\n|gametype|doubles\n|player|p1|snively3|veteran|\n|player|p2|Bman311|1|\n|gen|9\n|tier|[Gen 9 Champions] VGC 2026 Reg M-A\n|rated|Tournament battle\n|rule|Species Clause: Limit one of each Pok\u00e9mon\n|rule|Item Clause: Limit 1 of each item\n|clearpoke\n|poke|p1|Venusaur, L50, F|\n|poke|p1|Incineroar, L50, M|\n|poke|p1|Politoed, L50, M|\n|poke|p1|Aerodactyl, L50, F|\n|poke|p1|Gengar, L50, M|\n|poke|p1|Basculegion, L50, M|\n|poke|p2|Aegislash, L50, M|\n|poke|p2|Garchomp, L50, F|\n|poke|p2|Delphox, L50, F|\n|poke|p2|Floette-Eternal, L50, F|\n|poke|p2|Maushold-Four, L50|\n|poke|p2|Talonflame, L50, F|\n|teampreview|4\n|inactive|Battle timer is ON: inactive players will automatically lose when time's up. (requested by Bman311)\n|inactive|snively3 also wants the timer to be on.\nBman311 has agreed to open team sheets.\n|c|\u2606snively3|glhf\nsnively3 has agreed to open team sheets.\n|showteam|p1|Venusaur||Venusaurite|Chlorophyll|Protect,LeechSeed,SludgeBomb,GigaDrain|||F|||50|]Incineroar||SitrusBerry|Intimidate|FlareBlitz,ThroatChop,PartingShot,FakeOut|||M|||50|]Politoed||Leftovers|Drizzle|Protect,PerishSong,Encore,WeatherBall|||M|||50|]Aerodactyl||FocusSash|Unnerve|Protect,RockSlide,DualWingbeat,WideGuard|||F|||50|]Gengar||Gengarite|CursedBody|Protect,PerishSong,ShadowBall,Disable|||M|||50|]Basculegion||ChoiceScarf|Adaptability|FlipTurn,WaveCrash,LastRespects,AquaJet|||M|||50|\n|showteam|p2|Aegislash||Leftovers|StanceChange|ShadowBall,FlashCannon,WideGuard,KingsShield|||M|||50|]Garchomp||SitrusBerry|RoughSkin|Earthquake,DragonClaw,RockSlide,Protect|||F|||50|]Delphox||Delphoxite|Blaze|HeatWave,Psychic,Encore,Protect|||F|||50|]Floette-Eternal||Floettite|FlowerVeil|Moonblast,DazzlingGleam,CalmMind,Protect|||F|||50|]Maushold-Four||FocusSash|FriendGuard|SuperFang,FollowMe,HelpingHand,Protect||||||50|]Talonflame|||GaleWings|Tailwind,Acrobatics,FlareBlitz,Protect|||F|||50|\n|c|\u2606Bman311|glhf\n|inactive|snively3 has 60 seconds left.\n|inactive|Bman311 has 60 seconds left.\n|\n|t:|1776141369\n|teamsize|p1|4\n|teamsize|p2|4\n|start\n|switch|p1a: Incineroar|Incineroar, L50, M|100/100\n|switch|p1b: Gengar|Gengar, L50, M, shiny|100/100\n|switch|p2a: Delphox|Delphox, L50, F|100/100\n|switch|p2b: Maushold|Maushold-Four, L50|100/100\n|-ability|p1a: Incineroar|Intimidate|boost\n|-unboost|p2a: Delphox|atk|1\n|-unboost|p2b: Maushold|atk|1\n|turn|1\n|inactive|snively3 has 30 seconds left.\n|\n|t:|1776141402\n|switch|p2b: Garchomp|Garchomp, L50, F|100/100\n|detailschange|p2a: Delphox|Delphox-Mega, L50, F\n|-mega|p2a: Delphox|Delphox|Delphoxite\n|detailschange|p1b: Gengar|Gengar-Mega, L50, M, shiny\n|-mega|p1b: Gengar|Gengar|Gengarite\n|move|p2a: Delphox|Protect|p2a: Delphox\n|-singleturn|p2a: Delphox|Protect\n|move|p1a: Incineroar|Fake Out|p2a: Delphox\n|-activate|p2a: Delphox|move: Protect\n|move|p1b: Gengar|Disable||[still]\n|-fail|p1b: Gengar\n|\n|upkeep\n|turn|2\n|\n|t:|1776141419\n|move|p1b: Gengar|Protect|p1b: Gengar\n|-singleturn|p1b: Gengar|Protect\n|move|p2a: Delphox|Encore|p1a: Incineroar\n|-start|p1a: Incineroar|Encore\n|move|p1a: Incineroar|Fake Out||[still]\n|-hint|Fake Out only works on your first turn out.\n|-fail|p1a: Incineroar\n|move|p2b: Garchomp|Earthquake|p1a: Incineroar|[spread] p1a\n|-activate|p1b: Gengar|move: Protect\n|-immune|p2a: Delphox|[from] ability: Levitate\n|-supereffective|p1a: Incineroar|1\n|-damage|p1a: Incineroar|37/100\n|-enditem|p1a: Incineroar|Sitrus Berry|[eat]\n|-heal|p1a: Incineroar|62/100|[from] item: Sitrus Berry\n|\n|upkeep\n|turn|3\n|\n|t:|1776141433\n|switch|p1b: Politoed|Politoed, L50, M, shiny|100/100\n|-weather|RainDance|[from] ability: Drizzle|[of] p1b: Politoed\n|move|p2a: Delphox|Encore||[still]\n|-fail|p2a: Delphox\n|move|p2b: Garchomp|Earthquake|p1b: Politoed|[spread] p1a,p1b\n|-immune|p2a: Delphox|[from] ability: Levitate\n|-supereffective|p1a: Incineroar|1\n|-crit|p1b: Politoed\n|-damage|p1a: Incineroar|0 fnt\n|-damage|p1b: Politoed|41/100\n|faint|p1a: Incineroar\n|\n|-weather|RainDance|[upkeep]\n|-heal|p1b: Politoed|47/100|[from] item: Leftovers\n|upkeep\n|\n|t:|1776141436\n|switch|p1a: Basculegion|Basculegion, L50, M|100/100\n|turn|4\n|inactive|Bman311 has 30 seconds left.\n|inactive|Bman311 has 20 seconds left.\n|inactive|Bman311 has 15 seconds left.\n|\n|t:|1776141477\n|switch|p2a: Maushold|Maushold-Four, L50|100/100\n|move|p1a: Basculegion|Wave Crash|p2b: Garchomp\n|-damage|p2b: Garchomp|29/100\n|-damage|p1a: Basculegion|88/100|[from] ability: Rough Skin|[of] p2b: Garchomp\n|-enditem|p2b: Garchomp|Sitrus Berry|[eat]\n|-heal|p2b: Garchomp|53/100|[from] item: Sitrus Berry\n|-damage|p1a: Basculegion|63/100|[from] Recoil\n|move|p2b: Garchomp|Dragon Claw|p1a: Basculegion\n|-damage|p1a: Basculegion|10/100\n|move|p1b: Politoed|Weather Ball|p2a: Maushold\n|-damage|p2a: Maushold|39/100\n|\n|-weather|RainDance|[upkeep]\n|-heal|p1b: Politoed|53/100|[from] item: Leftovers\n|upkeep\n|turn|5\n|inactive|Bman311 has 30 seconds left.\n|inactive|snively3 has 30 seconds left.\n|\n|t:|1776141508\n|switch|p1a: Gengar|Gengar-Mega, L50, M, shiny|100/100\n|move|p2a: Maushold|Follow Me|p2a: Maushold\n|-singleturn|p2a: Maushold|move: Follow Me\n|move|p2b: Garchomp|Earthquake|p1a: Gengar|[spread] p2a,p1a,p1b\n|-supereffective|p1a: Gengar|1\n|-damage|p2a: Maushold|0 fnt\n|-damage|p1a: Gengar|5/100\n|-damage|p1b: Politoed|14/100\n|faint|p2a: Maushold\n|move|p1b: Politoed|Weather Ball|p2b: Garchomp\n|-damage|p2b: Garchomp|8/100\n|\n|-weather|RainDance|[upkeep]\n|-heal|p1b: Politoed|20/100|[from] item: Leftovers\n|upkeep\n|\n|t:|1776141516\n|switch|p2a: Delphox|Delphox-Mega, L50, F|100/100\n|turn|6\n|\n|t:|1776141529\n|move|p2a: Delphox|Psychic|p1a: Gengar\n|-supereffective|p1a: Gengar|1\n|-damage|p1a: Gengar|0 fnt\n|faint|p1a: Gengar\n|move|p2b: Garchomp|Earthquake|p1b: Politoed|[spread] p1b\n|-immune|p2a: Delphox|[from] ability: Levitate\n|-damage|p1b: Politoed|0 fnt\n|faint|p1b: Politoed\n|\n|-weather|RainDance|[upkeep]\n|upkeep\n|\n|t:|1776141532\n|switch|p1b: Basculegion|Basculegion, L50, M|10/100\n|turn|7\n|c|\u2606Bman311|gg\n|c|\u2606snively3|ggwp\n|\n|t:|1776141539\n|move|p1b: Basculegion|Last Respects|p2a: Delphox\n|-supereffective|p2a: Delphox|1\n|-damage|p2a: Delphox|0 fnt\n|faint|p2a: Delphox\n|move|p2b: Garchomp|Dragon Claw|p1b: Basculegion\n|-damage|p1b: Basculegion|0 fnt\n|faint|p1b: Basculegion\n|\n|win|Bman311\n|n|\u2606snively3|snively3\n|n|\u2606Bman311|bman311\n|l|\u2606snively3\n|player|p1|\n",
  "uploadtime": 1776141551,
  "views": 15,
  "formatid": "gen9championsvgc2026regma",
  "rating": null,
  "private": 0,
  "password": null
}