{
  "id": "gen9championsvgc2026regma-2588610868",
  "format": "[Gen 9 Champions] VGC 2026 Reg M-A",
  "players": [
    "the roach goblin",
    "Return2Cinder"
  ],
  "log": "|j|\u2606the roach goblin\n|j|\u2606Return2Cinder\n|t:|1776649909\n|gametype|doubles\n|player|p1|the roach goblin|idol|1113\n|player|p2|Return2Cinder|steven|1047\n|gen|9\n|tier|[Gen 9 Champions] VGC 2026 Reg M-A\n|rated|\n|rule|Species Clause: Limit one of each Pok\u00e9mon\n|rule|Item Clause: Limit 1 of each item\n|clearpoke\n|poke|p1|Garchomp, L50, M|\n|poke|p1|Rotom-Heat, L50|\n|poke|p1|Whimsicott, L50, M|\n|poke|p1|Tyranitar, L50, M|\n|poke|p1|Aegislash, L50, F|\n|poke|p1|Incineroar, L50, M|\n|poke|p2|Aggron, L50, F, shiny|\n|poke|p2|Blastoise, L50, M, shiny|\n|poke|p2|Farigiraf, L50, F, shiny|\n|poke|p2|Sinistcha, L50|\n|poke|p2|Kingambit, L50, F|\n|poke|p2|Klefki, L50, F|\n|teampreview|4\n|inactive|Battle timer is ON: inactive players will automatically lose when time's up. (requested by Return2Cinder)\n|\n|t:|1776649953\n|teamsize|p1|4\n|teamsize|p2|4\n|start\n|switch|p1a: Garchomp|Garchomp, L50, M|100/100\n|switch|p1b: Tyranitar|Tyranitar, L50, M|100/100\n|switch|p2a: Farigiraf|Farigiraf, L50, F, shiny|100/100\n|switch|p2b: Aggron|Aggron, L50, F, shiny|100/100\n|-weather|Sandstorm|[from] ability: Sand Stream|[of] p1b: Tyranitar\n|turn|1\n|\n|t:|1776649972\n|detailschange|p1a: Garchomp|Garchomp-Mega, L50, M\n|-mega|p1a: Garchomp|Garchomp|Garchompite\n|detailschange|p2b: Aggron|Aggron-Mega, L50, F, shiny\n|-mega|p2b: Aggron|Aggron|Aggronite\n|move|p1a: Garchomp|Rock Slide|p2a: Farigiraf|[spread] p2a,p2b\n|-resisted|p2b: Aggron|1\n|-damage|p2a: Farigiraf|76/100\n|-damage|p2b: Aggron|95/100\n|move|p1b: Tyranitar|Knock Off|p2a: Farigiraf\n|-supereffective|p2a: Farigiraf|1\n|-enditem|p2a: Farigiraf|Colbur Berry|[eat]\n|-enditem|p2a: Farigiraf|Colbur Berry|[weaken]\n|-damage|p2a: Farigiraf|27/100\n|move|p2b: Aggron|Iron Defense|p2b: Aggron\n|-boost|p2b: Aggron|def|2\n|cant|p2a: Farigiraf|flinch\n|\n|-weather|Sandstorm|[upkeep]\n|-damage|p2a: Farigiraf|21/100|[from] Sandstorm\n|upkeep\n|turn|2\n|inactive|Return2Cinder has 30 seconds left.\n|inactive|Return2Cinder has 20 seconds left.\n|\n|t:|1776650008\n|switch|p2a: Kingambit|Kingambit, L50, F|100/100\n|move|p1b: Tyranitar|Protect|p1b: Tyranitar\n|-singleturn|p1b: Tyranitar|Protect\n|move|p1a: Garchomp|Earthquake|p2b: Aggron|[spread] p2a,p2b\n|-activate|p1b: Tyranitar|move: Protect\n|-supereffective|p2a: Kingambit|1\n|-crit|p2a: Kingambit\n|-supereffective|p2b: Aggron|1\n|-crit|p2b: Aggron\n|-damage|p2a: Kingambit|0 fnt\n|-damage|p2b: Aggron|38/100\n|faint|p2a: Kingambit\n|move|p2b: Aggron|Body Press|p1b: Tyranitar\n|-activate|p1b: Tyranitar|move: Protect\n|\n|-weather|Sandstorm|[upkeep]\n|upkeep\n|\n|t:|1776650013\n|switch|p2a: Sinistcha|Sinistcha, L50|100/100\n|-heal|p2b: Aggron|63/100|[from] ability: Hospitality|[of] p2a: Sinistcha\n|turn|3\n|\n|t:|1776650033\n|switch|p1b: Incineroar|Incineroar, L50, M|100/100\n|-ability|p1b: Incineroar|Intimidate|boost\n|-unboost|p2a: Sinistcha|atk|1\n|-unboost|p2b: Aggron|atk|1\n|move|p1a: Garchomp|Earthquake|p2b: Aggron|[spread] p1b,p2a,p2b\n|-supereffective|p1b: Incineroar|1\n|-resisted|p2a: Sinistcha|1\n|-supereffective|p2b: Aggron|1\n|-damage|p1b: Incineroar|17/100\n|-damage|p2a: Sinistcha|75/100\n|-damage|p2b: Aggron|44/100\n|move|p2b: Aggron|Body Press|p1b: Incineroar\n|-supereffective|p1b: Incineroar|1\n|-damage|p1b: Incineroar|0 fnt\n|faint|p1b: Incineroar\n|move|p2a: Sinistcha|Trick Room|p2a: Sinistcha\n|-fieldstart|move: Trick Room|[of] p2a: Sinistcha\n|\n|-weather|Sandstorm|[upkeep]\n|-damage|p2a: Sinistcha|69/100|[from] Sandstorm\n|upkeep\n|\n|t:|1776650044\n|switch|p1b: Aegislash|Aegislash, L50, F|100/100\n|turn|4\n|inactive|the roach goblin has 30 seconds left.\n|\n|t:|1776650070\n|move|p1b: Aegislash|King's Shield|p1b: Aegislash\n|-singleturn|p1b: Aegislash|Protect\n|move|p2b: Aggron|Body Press|p1a: Garchomp\n|-damage|p1a: Garchomp|13/100\n|move|p2a: Sinistcha|Life Dew|p2a: Sinistcha|[spread] p2a,p2b\n|-heal|p2a: Sinistcha|94/100\n|-heal|p2b: Aggron|69/100\n|move|p1a: Garchomp|Earthquake|p2a: Sinistcha|[spread] p2a,p2b\n|-activate|p1b: Aegislash|move: Protect\n|-resisted|p2a: Sinistcha|1\n|-supereffective|p2b: Aggron|1\n|-damage|p2a: Sinistcha|68/100\n|-damage|p2b: Aggron|53/100\n|\n|-weather|Sandstorm|[upkeep]\n|-damage|p2a: Sinistcha|62/100|[from] Sandstorm\n|upkeep\n|turn|5\n|\n|t:|1776650088\n|-formechange|p1b: Aegislash|Aegislash-Blade|\n|move|p1b: Aegislash|Shadow Sneak|p2a: Sinistcha\n|-supereffective|p2a: Sinistcha|1\n|-damage|p2a: Sinistcha|21/100\n|-enditem|p2a: Sinistcha|Sitrus Berry|[eat]\n|-heal|p2a: Sinistcha|45/100|[from] item: Sitrus Berry\n|move|p2b: Aggron|Heavy Slam|p1b: Aegislash\n|-resisted|p1b: Aegislash|1\n|-damage|p1b: Aegislash|56/100\n|move|p2a: Sinistcha|Matcha Gotcha|p1b: Aegislash|[spread] p1a\n|-miss|p2a: Sinistcha|p1b: Aegislash\n|-damage|p1a: Garchomp|0 fnt\n|-heal|p2a: Sinistcha|52/100|[from] drain|[of] p1a: Garchomp\n|faint|p1a: Garchomp\n|\n|-weather|none\n|upkeep\n|\n|t:|1776650094\n|switch|p1a: Tyranitar|Tyranitar, L50, M|100/100\n|-weather|Sandstorm|[from] ability: Sand Stream|[of] p1a: Tyranitar\n|turn|6\n|inactive|Return2Cinder has 30 seconds left.\n|\n|t:|1776650119\n|move|p1b: Aegislash|Shadow Sneak|p2a: Sinistcha\n|-supereffective|p2a: Sinistcha|1\n|-damage|p2a: Sinistcha|15/100\n|move|p2b: Aggron|Iron Defense|p2b: Aggron\n|-boost|p2b: Aggron|def|2\n|move|p1a: Tyranitar|Knock Off|p2a: Sinistcha\n|-supereffective|p2a: Sinistcha|1\n|-damage|p2a: Sinistcha|0 fnt\n|faint|p2a: Sinistcha\n|\n|-weather|Sandstorm|[upkeep]\n|upkeep\n|\n|t:|1776650121\n|switch|p2a: Farigiraf|Farigiraf, L50, F, shiny|21/100\n|turn|7\n|\n|t:|1776650143\n|move|p2a: Farigiraf|Helping Hand|p2b: Aggron\n|-singleturn|p2b: Aggron|Helping Hand|[of] p2a: Farigiraf\n|-formechange|p1b: Aegislash|Aegislash|\n|move|p1b: Aegislash|King's Shield|p1b: Aegislash\n|-singleturn|p1b: Aegislash|Protect\n|move|p2b: Aggron|Body Press|p1a: Tyranitar\n|-supereffective|p1a: Tyranitar|2\n|-damage|p1a: Tyranitar|0 fnt\n|faint|p1a: Tyranitar\n|\n|-weather|Sandstorm|[upkeep]\n|-damage|p2a: Farigiraf|15/100|[from] Sandstorm\n|-fieldend|move: Trick Room\n|upkeep\n|turn|8\n|\n|t:|1776650162\n|move|p2a: Farigiraf|Helping Hand|p2b: Aggron\n|-singleturn|p2b: Aggron|Helping Hand|[of] p2a: Farigiraf\n|move|p1b: Aegislash|Swords Dance|p1b: Aegislash\n|-boost|p1b: Aegislash|atk|2\n|move|p2b: Aggron|Heavy Slam|p1b: Aegislash\n|-resisted|p1b: Aegislash|1\n|-damage|p1b: Aegislash|25/100\n|\n|-weather|Sandstorm|[upkeep]\n|-damage|p2a: Farigiraf|8/100|[from] Sandstorm\n|upkeep\n|turn|9\n|inactive|Return2Cinder has 30 seconds left.\n|\n|t:|1776650187\n|move|p1b: Aegislash|King's Shield|p1b: Aegislash\n|-singleturn|p1b: Aegislash|Protect\n|move|p2b: Aggron|Protect|p2b: Aggron\n|-singleturn|p2b: Aggron|Protect\n|move|p2a: Farigiraf|Rain Dance|p2a: Farigiraf\n|-weather|RainDance\n|\n|-weather|RainDance|[upkeep]\n|upkeep\n|turn|10\n|\n|t:|1776650201\n|-formechange|p1b: Aegislash|Aegislash-Blade|\n|move|p1b: Aegislash|Iron Head|p2a: Farigiraf\n|-damage|p2a: Farigiraf|0 fnt\n|faint|p2a: Farigiraf\n|move|p2b: Aggron|Heavy Slam|p1b: Aegislash\n|-resisted|p1b: Aegislash|1\n|-damage|p1b: Aegislash|0 fnt\n|faint|p1b: Aegislash\n|\n|win|Return2Cinder\n|raw|the roach goblin's rating: 1113 &rarr; <strong>1083</strong><br />(-30 for losing)\n|raw|Return2Cinder's rating: 1047 &rarr; <strong>1086</strong><br />(+39 for winning)\n|l|\u2606the roach goblin\n|player|p1|\n",
  "uploadtime": 1776650210,
  "views": 21,
  "formatid": "gen9championsvgc2026regma",
  "rating": 1083,
  "private": 0,
  "password": null
}