{
  "id": "gen9championsvgc2026regma-2589537689",
  "format": "[Gen 9 Champions] VGC 2026 Reg M-A",
  "players": [
    "WoefulGhost",
    "guioguoguo"
  ],
  "log": "|j|\u2606WoefulGhost\n|j|\u2606guioguoguo\n|t:|1776732080\n|gametype|doubles\n|player|p1|WoefulGhost|169|1214\n|player|p2|guioguoguo|266|1217\n|gen|9\n|tier|[Gen 9 Champions] VGC 2026 Reg M-A\n|rated|\n|rule|Species Clause: Limit one of each Pok\u00e9mon\n|rule|Item Clause: Limit 1 of each item\n|clearpoke\n|poke|p1|Dragonite, L50, M|\n|poke|p1|Dragapult, L50, F|\n|poke|p1|Basculegion, L50, M|\n|poke|p1|Lucario, L50, F|\n|poke|p1|Pelipper, L50, F|\n|poke|p1|Incineroar, L50, M|\n|poke|p2|Excadrill, L50, M, shiny|\n|poke|p2|Hawlucha, L50, M, shiny|\n|poke|p2|Tyranitar, L50, M, shiny|\n|poke|p2|Espathra, L50, F, shiny|\n|poke|p2|Sinistcha, L50, shiny|\n|poke|p2|Incineroar, L50, M, shiny|\n|teampreview|4\n|inactive|Battle timer is ON: inactive players will automatically lose when time's up. (requested by WoefulGhost)\n|\n|t:|1776732142\n|teamsize|p1|4\n|teamsize|p2|4\n|start\n|switch|p1a: Dragapult|Dragapult, L50, F|100/100\n|switch|p1b: Lucario|Lucario, L50, F|100/100\n|switch|p2a: Excadrill|Excadrill, L50, M, shiny|100/100\n|switch|p2b: Hawlucha|Hawlucha, L50, M, shiny|100/100\n|-ability|p2b: Hawlucha|Mold Breaker\n|turn|1\n|inactive|WoefulGhost has 30 seconds left.\n|\n|t:|1776732174\n|switch|p1b: Pelipper|Pelipper, L50, F|100/100\n|-weather|RainDance|[from] ability: Drizzle|[of] p1b: Pelipper\n|detailschange|p2b: Hawlucha|Hawlucha-Mega, L50, M, shiny\n|-mega|p2b: Hawlucha|Hawlucha|Hawluchanite\n|move|p1a: Dragapult|Reflect|p1a: Dragapult\n|-sidestart|p1: WoefulGhost|Reflect\n|move|p2b: Hawlucha|Cross Chop|p1b: Pelipper\n|-resisted|p1b: Pelipper|1\n|-damage|p1b: Pelipper|77/100\n|move|p2a: Excadrill|Stomping Tantrum|p1b: Pelipper\n|-immune|p1b: Pelipper\n|\n|-weather|RainDance|[upkeep]\n|upkeep\n|turn|2\n|inactive|WoefulGhost has 30 seconds left.\n|inactive|guioguoguo has 30 seconds left.\n|inactive|guioguoguo has 20 seconds left.\n|\n|t:|1776732212\n|move|p1a: Dragapult|Dragon Darts|p2a: Excadrill\n|-resisted|p2a: Excadrill|1\n|-damage|p2a: Excadrill|93/100\n|-anim|p1a: Dragapult|Dragon Darts|p2b: Hawlucha\n|-damage|p2b: Hawlucha|77/100\n|move|p2b: Hawlucha|Entrainment|p2a: Excadrill\n|-ability|p2a: Excadrill|No Guard|Sand Rush|[from] move: Entrainment|[of] p2b: Hawlucha\n|move|p1b: Pelipper|Tailwind|p1b: Pelipper\n|-sidestart|p1: WoefulGhost|move: Tailwind\n|move|p2a: Excadrill|Horn Drill|p1b: Pelipper\n|-damage|p1b: Pelipper|0 fnt\n|faint|p1b: Pelipper\n|-ohko\n|\n|-weather|RainDance|[upkeep]\n|upkeep\n|\n|t:|1776732234\n|switch|p1b: Basculegion|Basculegion, L50, M|100/100\n|turn|3\n|\n|t:|1776732248\n|switch|p2b: Sinistcha|Sinistcha, L50, shiny|100/100\n|-heal|p2a: Excadrill|100/100|[from] ability: Hospitality|[of] p2b: Sinistcha\n|move|p1a: Dragapult|Helping Hand|p1b: Basculegion\n|-singleturn|p1b: Basculegion|Helping Hand|[of] p1a: Dragapult\n|move|p1b: Basculegion|Wave Crash|p2b: Sinistcha\n|-resisted|p2b: Sinistcha|1\n|-damage|p2b: Sinistcha|0 fnt\n|faint|p2b: Sinistcha\n|-damage|p1b: Basculegion|76/100|[from] Recoil\n|move|p2a: Excadrill|Fissure|p1b: Basculegion\n|-damage|p1b: Basculegion|0 fnt\n|faint|p1b: Basculegion\n|-ohko\n|\n|-weather|RainDance|[upkeep]\n|upkeep\n|\n|t:|1776732268\n|switch|p2b: Hawlucha|Hawlucha-Mega, L50, M, shiny|77/100\n|switch|p1b: Lucario|Lucario, L50, F|100/100\n|turn|4\n|\n|t:|1776732288\n|detailschange|p1b: Lucario|Lucario-Mega, L50, F\n|-mega|p1b: Lucario|Lucario|Lucarionite\n|move|p1a: Dragapult|Dragon Darts|p2a: Excadrill\n|-resisted|p2a: Excadrill|1\n|-damage|p2a: Excadrill|92/100\n|-anim|p1a: Dragapult|Dragon Darts|p2b: Hawlucha\n|-damage|p2b: Hawlucha|56/100\n|move|p1b: Lucario|Swords Dance|p1b: Lucario\n|-boost|p1b: Lucario|atk|2\n|move|p2b: Hawlucha|Cross Chop|p1b: Lucario\n|-supereffective|p1b: Lucario|1\n|-damage|p1b: Lucario|10/100\n|move|p2a: Excadrill|Fissure|p1b: Lucario\n|-damage|p1b: Lucario|0 fnt\n|faint|p1b: Lucario\n|-ohko\n|\n|-weather|RainDance|[upkeep]\n|upkeep\n|turn|5\n|-message|WoefulGhost forfeited.\n|\n|win|guioguoguo\n|raw|WoefulGhost's rating: 1214 &rarr; <strong>1189</strong><br />(-25 for losing)\n|raw|guioguoguo's rating: 1217 &rarr; <strong>1242</strong><br />(+25 for winning)\n|l|\u2606WoefulGhost\n|player|p1|\n",
  "uploadtime": 1776732378,
  "views": 3,
  "formatid": "gen9championsvgc2026regma",
  "rating": 1189,
  "private": 0,
  "password": null
}