{
  "id": "gen9championsvgc2026regma-2585175861",
  "format": "[Gen 9 Champions] VGC 2026 Reg M-A",
  "players": [
    "Smartbart",
    "hernndezz_vgc"
  ],
  "log": "|j|\u2606Smartbart\n|j|\u2606hernndezz_vgc\n|t:|1776321233\n|gametype|doubles\n|player|p1|Smartbart|101|1190\n|player|p2|hernndezz_vgc|cyrus|1195\n|gen|9\n|tier|[Gen 9 Champions] VGC 2026 Reg M-A\n|rated|\n|rule|Species Clause: Limit one of each Pok\u00e9mon\n|rule|Item Clause: Limit 1 of each item\n|clearpoke\n|poke|p1|Aggron, L50, F|\n|poke|p1|Lycanroc-Dusk, L50, F|\n|poke|p1|Incineroar, L50, F|\n|poke|p1|Sableye, L50, M|\n|poke|p1|Sinistcha, L50|\n|poke|p1|Golurk, L50|\n|poke|p2|Talonflame, L50, F|\n|poke|p2|Floette-Eternal, L50, F|\n|poke|p2|Rotom-Wash, L50|\n|poke|p2|Incineroar, L50, F|\n|poke|p2|Garchomp, L50, F|\n|poke|p2|Maushold-Four, L50|\n|teampreview|4\n|\n|t:|1776321276\n|teamsize|p1|4\n|teamsize|p2|4\n|start\n|switch|p1a: Aggron|Aggron, L50, F|100/100\n|switch|p1b: Incineroar|Incineroar, L50, F|100/100\n|switch|p2a: Floette|Floette-Eternal, L50, F|100/100\n|switch|p2b: Maushold|Maushold-Four, L50|100/100\n|-ability|p1b: Incineroar|Intimidate|boost\n|-unboost|p2a: Floette|atk|1\n|-unboost|p2b: Maushold|atk|1\n|turn|1\n|inactive|Battle timer is ON: inactive players will automatically lose when time's up. (requested by hernndezz_vgc)\n|\n|t:|1776321294\n|detailschange|p1a: Aggron|Aggron-Mega, L50, F\n|-mega|p1a: Aggron|Aggron|Aggronite\n|move|p2b: Maushold|Protect|p2b: Maushold\n|-singleturn|p2b: Maushold|Protect\n|move|p2a: Floette|Protect|p2a: Floette\n|-singleturn|p2a: Floette|Protect\n|move|p1b: Incineroar|Fake Out|p2a: Floette\n|-activate|p2a: Floette|move: Protect\n|move|p1a: Aggron|Iron Defense|p1a: Aggron\n|-boost|p1a: Aggron|def|2\n|\n|upkeep\n|turn|2\n|l|\u2606hernndezz_vgc\n|inactive|hernndezz_vgc disconnected and has a minute to reconnect!\n|player|p2|\n|inactive|hernndezz_vgc has 30 seconds left.\n|j|\u2606hernndezz_vgc\n|inactive|hernndezz_vgc reconnected and has 30 seconds left.\n|player|p2|hernndezz_vgc|cyrus|\n|inactive|hernndezz_vgc has 20 seconds left.\n|inactive|hernndezz_vgc has 15 seconds left.\n|inactive|hernndezz_vgc has 10 seconds left.\n|inactive|hernndezz_vgc has 5 seconds left.\n|\n|t:|1776321344\n|detailschange|p2a: Floette|Floette-Mega, L50, F\n|-mega|p2a: Floette|Floette|Floettite\n|-ability|p2a: Floette|Fairy Aura\n|move|p2b: Maushold|Encore|p1a: Aggron\n|-start|p1a: Aggron|Encore\n|move|p2a: Floette|Dazzling Gleam|p1a: Aggron|[spread] p1a,p1b\n|-resisted|p1a: Aggron|1\n|-damage|p1a: Aggron|82/100\n|-damage|p1b: Incineroar|68/100\n|move|p1b: Incineroar|Parting Shot|p2a: Floette\n|-unboost|p2a: Floette|atk|1\n|-unboost|p2a: Floette|spa|1\n|\n|t:|1776321356\n|switch|p1b: Sinistcha|Sinistcha, L50|100/100|[from] Parting Shot\n|-heal|p1a: Aggron|100/100|[from] ability: Hospitality|[of] p1b: Sinistcha\n|move|p1a: Aggron|Iron Defense|p1a: Aggron\n|-boost|p1a: Aggron|def|2\n|\n|upkeep\n|turn|3\n|\n|t:|1776321376\n|move|p2b: Maushold|Super Fang|p1a: Aggron\n|-damage|p1a: Aggron|51/100\n|move|p2a: Floette|Calm Mind|p2a: Floette\n|-boost|p2a: Floette|spa|1\n|-boost|p2a: Floette|spd|1\n|move|p1b: Sinistcha|Matcha Gotcha|p2a: Floette|[spread] p2a,p2b\n|-damage|p2a: Floette|92/100\n|-damage|p2b: Maushold|62/100\n|move|p1a: Aggron|Iron Defense|p1a: Aggron\n|-boost|p1a: Aggron|def|2\n|\n|upkeep\n|turn|4\n|inactive|Smartbart has 30 seconds left.\n|\n|t:|1776321404\n|switch|p1b: Incineroar|Incineroar, L50, F|68/100\n|-ability|p1b: Incineroar|Intimidate|boost\n|-unboost|p2a: Floette|atk|1\n|-unboost|p2b: Maushold|atk|1\n|move|p2b: Maushold|Encore||[still]\n|-fail|p2b: Maushold\n|move|p2a: Floette|Calm Mind|p2a: Floette\n|-boost|p2a: Floette|spa|1\n|-boost|p2a: Floette|spd|1\n|move|p1a: Aggron|Iron Defense|p1a: Aggron\n|-boost|p1a: Aggron|def|0\n|\n|-end|p1a: Aggron|Encore\n|upkeep\n|turn|5\n|inactive|hernndezz_vgc has 30 seconds left.\n|\n|t:|1776321432\n|move|p2b: Maushold|Protect|p2b: Maushold\n|-singleturn|p2b: Maushold|Protect\n|move|p2a: Floette|Protect|p2a: Floette\n|-singleturn|p2a: Floette|Protect\n|move|p1b: Incineroar|Fake Out|p2b: Maushold\n|-activate|p2b: Maushold|move: Protect\n|move|p1a: Aggron|Heavy Slam|p2a: Floette\n|-activate|p2a: Floette|move: Protect\n|\n|upkeep\n|turn|6\n|inactive|Smartbart has 30 seconds left.\n|inactive|Smartbart has 20 seconds left.\n|\n|t:|1776321468\n|move|p2b: Maushold|Encore|p1b: Incineroar\n|-start|p1b: Incineroar|Encore\n|move|p1b: Incineroar|Fake Out||[still]\n|-hint|Fake Out only works on your first turn out.\n|-fail|p1b: Incineroar\n|move|p2a: Floette|Dazzling Gleam|p1a: Aggron|[spread] p1a,p1b\n|-resisted|p1a: Aggron|1\n|-damage|p1a: Aggron|23/100\n|-damage|p1b: Incineroar|20/100\n|-enditem|p1b: Incineroar|Sitrus Berry|[eat]\n|-heal|p1b: Incineroar|45/100|[from] item: Sitrus Berry\n|move|p1a: Aggron|Heavy Slam|p2a: Floette\n|-supereffective|p2a: Floette|1\n|-damage|p2a: Floette|41/100\n|\n|upkeep\n|turn|7\n|\n|t:|1776321492\n|switch|p1b: Sinistcha|Sinistcha, L50|100/100\n|-heal|p1a: Aggron|47/100|[from] ability: Hospitality|[of] p1b: Sinistcha\n|move|p1a: Aggron|Protect|p1a: Aggron\n|-singleturn|p1a: Aggron|Protect\n|move|p2b: Maushold|Super Fang|p1b: Sinistcha\n|-immune|p1b: Sinistcha\n|move|p2a: Floette|Dazzling Gleam|p1a: Aggron|[spread] p1b\n|-activate|p1a: Aggron|move: Protect\n|-damage|p1b: Sinistcha|21/100\n|\n|upkeep\n|turn|8\n|inactive|Smartbart has 30 seconds left.\n|\n|t:|1776321520\n|switch|p1b: Incineroar|Incineroar, L50, F|45/100\n|-ability|p1b: Incineroar|Intimidate|boost\n|-unboost|p2a: Floette|atk|1\n|-unboost|p2b: Maushold|atk|1\n|move|p2b: Maushold|Encore|p1a: Aggron\n|-start|p1a: Aggron|Encore\n|move|p1a: Aggron|Protect||[still]\n|-fail|p1a: Aggron\n|move|p2a: Floette|Dazzling Gleam|p1a: Aggron|[spread] p1a,p1b\n|-resisted|p1a: Aggron|1\n|-damage|p1a: Aggron|21/100\n|-damage|p1b: Incineroar|0 fnt\n|faint|p1b: Incineroar\n|\n|upkeep\n|\n|t:|1776321529\n|switch|p1b: Lycanroc|Lycanroc-Dusk, L50, F|100/100\n|turn|9\n|\n|t:|1776321540\n|move|p1a: Aggron|Protect|p1a: Aggron\n|-singleturn|p1a: Aggron|Protect\n|move|p2b: Maushold|Follow Me|p2b: Maushold\n|-singleturn|p2b: Maushold|move: Follow Me\n|move|p1b: Lycanroc|Rock Slide|p2a: Floette|[spread] p2b\n|-miss|p1b: Lycanroc|p2a: Floette\n|-damage|p2b: Maushold|15/100\n|move|p2a: Floette|Dazzling Gleam|p1b: Lycanroc|[spread] p1b\n|-activate|p1a: Aggron|move: Protect\n|-damage|p1b: Lycanroc|0 fnt\n|faint|p1b: Lycanroc\n|\n|upkeep\n|\n|t:|1776321549\n|switch|p1b: Sinistcha|Sinistcha, L50|21/100\n|-heal|p1a: Aggron|46/100|[from] ability: Hospitality|[of] p1b: Sinistcha\n|turn|10\n|-message|Smartbart forfeited.\n|\n|win|hernndezz_vgc\n|raw|Smartbart's rating: 1190 &rarr; <strong>1165</strong><br />(-25 for losing)\n|raw|hernndezz_vgc's rating: 1195 &rarr; <strong>1220</strong><br />(+25 for winning)\n|l|\u2606Smartbart\n|player|p1|\n",
  "uploadtime": 1776321563,
  "views": 22,
  "formatid": "gen9championsvgc2026regma",
  "rating": 1165,
  "private": 0,
  "password": null
}