{
  "id": "gen9championsvgc2026regma-2589568290",
  "format": "[Gen 9 Champions] VGC 2026 Reg M-A",
  "players": [
    "Unviable Character",
    "0yukumo"
  ],
  "log": "|j|\u2606Unviable Character\n|j|\u26060yukumo\n|t:|1776734927\n|gametype|doubles\n|player|p1|Unviable Character|guzma|1207\n|player|p2|0yukumo|scientist-gen4dp|1181\n|gen|9\n|tier|[Gen 9 Champions] VGC 2026 Reg M-A\n|rated|\n|rule|Species Clause: Limit one of each Pok\u00e9mon\n|rule|Item Clause: Limit 1 of each item\n|clearpoke\n|poke|p1|Meganium, L50, F|\n|poke|p1|Pelipper, L50, F|\n|poke|p1|Dragonite, L50, M|\n|poke|p1|Kingambit, L50, M|\n|poke|p1|Cofagrigus, L50, M|\n|poke|p1|Scizor, L50, M|\n|poke|p2|Tyranitar, L50, F, shiny|\n|poke|p2|Excadrill, L50, F, shiny|\n|poke|p2|Corviknight, L50, M, shiny|\n|poke|p2|Rotom-Wash, L50, shiny|\n|poke|p2|Mimikyu, L50, F, shiny|\n|poke|p2|Hydreigon, L50, F, shiny|\n|teampreview|4\n|\n|t:|1776734967\n|teamsize|p1|4\n|teamsize|p2|4\n|start\n|switch|p1a: Cofagrigus|Cofagrigus, L50, M|100/100\n|switch|p1b: Scizor|Scizor, L50, M|100/100\n|switch|p2a: Tyranitar|Tyranitar, L50, F, shiny|100/100\n|switch|p2b: Excadrill|Excadrill, L50, F, shiny|100/100\n|-weather|Sandstorm|[from] ability: Sand Stream|[of] p2a: Tyranitar\n|turn|1\n|j| B press user\n|l| B press user\n|\n|t:|1776735027\n|move|p2a: Tyranitar|Protect|p2a: Tyranitar\n|-singleturn|p2a: Tyranitar|Protect\n|move|p1a: Cofagrigus|Protect|p1a: Cofagrigus\n|-singleturn|p1a: Cofagrigus|Protect\n|move|p2b: Excadrill|Earthquake|p1b: Scizor|[spread] p1b\n|-activate|p2a: Tyranitar|move: Protect\n|-activate|p1a: Cofagrigus|move: Protect\n|-damage|p1b: Scizor|63/100\n|move|p1b: Scizor|Iron Head|p2a: Tyranitar\n|-activate|p2a: Tyranitar|move: Protect\n|\n|-weather|Sandstorm|[upkeep]\n|-damage|p1a: Cofagrigus|94/100|[from] Sandstorm\n|upkeep\n|turn|2\n|\n|t:|1776735051\n|switch|p2a: Corviknight|Corviknight, L50, M, shiny|100/100\n|move|p2b: Excadrill|Rock Slide|p1a: Cofagrigus|[spread] p1a,p1b\n|-damage|p1a: Cofagrigus|79/100\n|-damage|p1b: Scizor|42/100\n|move|p1b: Scizor|Iron Head|p2b: Excadrill\n|-resisted|p2b: Excadrill|1\n|-damage|p2b: Excadrill|64/100\n|cant|p1a: Cofagrigus|flinch\n|\n|-weather|Sandstorm|[upkeep]\n|-damage|p1a: Cofagrigus|73/100|[from] Sandstorm\n|upkeep\n|turn|3\n|\n|t:|1776735070\n|move|p1b: Scizor|Protect|p1b: Scizor\n|-singleturn|p1b: Scizor|Protect\n|move|p2b: Excadrill|Rock Slide|p1a: Cofagrigus|[spread] p1a\n|-activate|p1b: Scizor|move: Protect\n|-damage|p1a: Cofagrigus|59/100\n|move|p2a: Corviknight|Brave Bird|p1b: Scizor\n|-activate|p1b: Scizor|move: Protect\n|move|p1a: Cofagrigus|Trick Room|p1a: Cofagrigus\n|-fieldstart|move: Trick Room|[of] p1a: Cofagrigus\n|\n|-weather|Sandstorm|[upkeep]\n|-damage|p1a: Cofagrigus|53/100|[from] Sandstorm\n|upkeep\n|turn|4\n|\n|t:|1776735107\n|move|p1a: Cofagrigus|Will-O-Wisp|p2a: Corviknight\n|-status|p2a: Corviknight|brn\n|move|p2a: Corviknight|Bulk Up|p2a: Corviknight\n|-boost|p2a: Corviknight|atk|1\n|-boost|p2a: Corviknight|def|1\n|move|p1b: Scizor|Bug Bite|p2a: Corviknight\n|-resisted|p2a: Corviknight|2\n|-damage|p2a: Corviknight|95/100 brn\n|move|p2b: Excadrill|Earthquake|p1a: Cofagrigus|[spread] p1a,p1b\n|-immune|p2a: Corviknight\n|-damage|p1a: Cofagrigus|22/100\n|-damage|p1b: Scizor|0 fnt\n|faint|p1b: Scizor\n|\n|-weather|Sandstorm|[upkeep]\n|-damage|p1a: Cofagrigus|16/100|[from] Sandstorm\n|-heal|p2a: Corviknight|100/100 brn|[from] item: Leftovers\n|-damage|p2a: Corviknight|95/100 brn|[from] brn\n|upkeep\n|\n|t:|1776735121\n|switch|p1b: Meganium|Meganium, L50, F|100/100\n|turn|5\n|\n|t:|1776735153\n|switch|p2a: Tyranitar|Tyranitar, L50, F, shiny|100/100\n|detailschange|p1b: Meganium|Meganium-Mega, L50, F\n|-mega|p1b: Meganium|Meganium|Meganiumite\n|move|p1a: Cofagrigus|Hex|p2a: Tyranitar\n|-resisted|p2a: Tyranitar|1\n|-damage|p2a: Tyranitar|94/100\n|move|p1b: Meganium|Solar Beam||[still]\n|-prepare|p1b: Meganium|Solar Beam\n|-activate|p1b: Meganium|ability: Mega Sol\n|-anim|p1b: Meganium|Solar Beam|p2b: Excadrill\n|-damage|p2b: Excadrill|0 fnt\n|faint|p2b: Excadrill\n|\n|-weather|none\n|upkeep\n|\n|t:|1776735170\n|switch|p2b: Corviknight|Corviknight, L50, M, shiny|95/100 brn\n|turn|6\n|\n|t:|1776735185\n|detailschange|p2a: Tyranitar|Tyranitar-Mega, L50, F, shiny\n|-mega|p2a: Tyranitar|Tyranitar|Tyranitarite\n|-weather|Sandstorm|[from] ability: Sand Stream|[of] p2a: Tyranitar\n|move|p1a: Cofagrigus|Will-O-Wisp|p2a: Tyranitar\n|-status|p2a: Tyranitar|brn\n|move|p2b: Corviknight|Brave Bird|p1b: Meganium\n|-supereffective|p1b: Meganium|1\n|-damage|p1b: Meganium|58/100\n|-damage|p2b: Corviknight|82/100 brn|[from] Recoil\n|move|p2a: Tyranitar|Rock Slide|p1a: Cofagrigus|[spread] p1a,p1b\n|-damage|p1a: Cofagrigus|1/100\n|-damage|p1b: Meganium|41/100\n|move|p1b: Meganium|Weather Ball|p2b: Corviknight\n|-supereffective|p2b: Corviknight|1\n|-damage|p2b: Corviknight|0 fnt\n|faint|p2b: Corviknight\n|\n|-weather|Sandstorm|[upkeep]\n|-damage|p1a: Cofagrigus|0 fnt|[from] Sandstorm\n|-damage|p1b: Meganium|35/100|[from] Sandstorm\n|faint|p1a: Cofagrigus\n|-damage|p2a: Tyranitar|88/100 brn|[from] brn\n|upkeep\n|\n|t:|1776735202\n|switch|p1a: Pelipper|Pelipper, L50, F|100/100\n|switch|p2b: Hydreigon|Hydreigon, L50, F, shiny|100/100\n|-weather|RainDance|[from] ability: Drizzle|[of] p1a: Pelipper\n|turn|7\n|\n|t:|1776735263\n|move|p1a: Pelipper|Wide Guard|p1a: Pelipper\n|-singleturn|p1a: Pelipper|Wide Guard\n|move|p2a: Tyranitar|Rock Slide|p1b: Meganium|[spread] \n|-activate|p1a: Pelipper|move: Wide Guard\n|-activate|p1b: Meganium|move: Wide Guard\n|move|p1b: Meganium|Dazzling Gleam|p2b: Hydreigon|[spread] p2a,p2b\n|-supereffective|p2a: Tyranitar|1\n|-supereffective|p2b: Hydreigon|2\n|-damage|p2a: Tyranitar|38/100 brn\n|-damage|p2b: Hydreigon|0 fnt\n|faint|p2b: Hydreigon\n|\n|-weather|RainDance|[upkeep]\n|-damage|p2a: Tyranitar|32/100 brn|[from] brn\n|-fieldend|move: Trick Room\n|upkeep\n|turn|8\n|-message|0yukumo forfeited.\n|\n|win|Unviable Character\n|raw|Unviable Character's rating: 1207 &rarr; <strong>1230</strong><br />(+23 for winning)\n|raw|0yukumo's rating: 1181 &rarr; <strong>1158</strong><br />(-23 for losing)\n|l|\u26060yukumo\n|player|p2|\n",
  "uploadtime": 1776735283,
  "views": 2,
  "formatid": "gen9championsvgc2026regma",
  "rating": 1158,
  "private": 0,
  "password": null
}