{
  "id": "gen9championsvgc2026regma-2587452180",
  "format": "[Gen 9 Champions] VGC 2026 Reg M-A",
  "players": [
    "megachandelureyay",
    "Warehouse User"
  ],
  "log": "|j|\u2606megachandelureyay\n|j|\u2606Warehouse User\n|t:|1776533001\n|gametype|doubles\n|player|p1|megachandelureyay|102|1019\n|player|p2|Warehouse User|170|1000\n|gen|9\n|tier|[Gen 9 Champions] VGC 2026 Reg M-A\n|rated|\n|rule|Species Clause: Limit one of each Pok\u00e9mon\n|rule|Item Clause: Limit 1 of each item\n|clearpoke\n|poke|p1|Tyranitar, L50, M, shiny|\n|poke|p1|Vivillon, L50, F|\n|poke|p1|Aegislash, L50, M|\n|poke|p1|Dragonite, L50, F, shiny|\n|poke|p1|Dragapult, L50, M|\n|poke|p1|Clawitzer, L50, F|\n|poke|p2|Aegislash, L50, F|\n|poke|p2|Maushold-Four, L50|\n|poke|p2|Azumarill, L50, M|\n|poke|p2|Whimsicott, L50, M|\n|poke|p2|Beedrill, L50, M|\n|poke|p2|Castform, L50, M|\n|teampreview|4\n|\n|t:|1776533019\n|teamsize|p1|4\n|teamsize|p2|4\n|start\n|switch|p1a: Tyranitar|Tyranitar, L50, M, shiny|100/100\n|switch|p1b: Dragonite|Dragonite, L50, F, shiny|100/100\n|switch|p2a: Aegislash|Aegislash, L50, F|100/100\n|switch|p2b: Maushold|Maushold-Four, L50|100/100\n|-weather|Sandstorm|[from] ability: Sand Stream|[of] p1a: Tyranitar\n|turn|1\n|\n|t:|1776533041\n|move|p2b: Maushold|Super Fang|p1b: Dragonite\n|-damage|p1b: Dragonite|50/100\n|move|p1b: Dragonite|Agility|p1b: Dragonite\n|-boost|p1b: Dragonite|spe|2\n|move|p1a: Tyranitar|Crunch|p2a: Aegislash\n|-supereffective|p2a: Aegislash|1\n|-damage|p2a: Aegislash|52/100\n|move|p2a: Aegislash|Swords Dance|p2a: Aegislash\n|-boost|p2a: Aegislash|atk|2\n|\n|-weather|Sandstorm|[upkeep]\n|-damage|p1b: Dragonite|44/100|[from] Sandstorm\n|-damage|p2b: Maushold|94/100|[from] Sandstorm\n|upkeep\n|turn|2\n|\n|t:|1776533059\n|detailschange|p1a: Tyranitar|Tyranitar-Mega, L50, M, shiny\n|-mega|p1a: Tyranitar|Tyranitar|Tyranitarite\n|move|p1b: Dragonite|Extreme Speed|p2a: Aegislash\n|-immune|p2a: Aegislash\n|move|p2b: Maushold|Follow Me|p2b: Maushold\n|-singleturn|p2b: Maushold|move: Follow Me\n|-formechange|p2a: Aegislash|Aegislash-Blade|\n|move|p2a: Aegislash|Shadow Sneak|p1b: Dragonite\n|-crit|p1b: Dragonite\n|-damage|p1b: Dragonite|0 fnt\n|faint|p1b: Dragonite\n|move|p1a: Tyranitar|Earthquake|p2b: Maushold|[spread] p2a,p2b\n|-supereffective|p2a: Aegislash|1\n|-damage|p2a: Aegislash|0 fnt\n|-damage|p2b: Maushold|55/100\n|faint|p2a: Aegislash\n|\n|-weather|Sandstorm|[upkeep]\n|-damage|p2b: Maushold|49/100|[from] Sandstorm\n|upkeep\n|\n|t:|1776533079\n|switch|p1b: Clawitzer|Clawitzer, L50, F|100/100\n|switch|p2a: Azumarill|Azumarill, L50, M|100/100\n|turn|3\n|\n|t:|1776533090\n|move|p2b: Maushold|Super Fang|p1a: Tyranitar\n|-damage|p1a: Tyranitar|51/100\n|move|p1a: Tyranitar|Iron Defense|p1a: Tyranitar\n|-boost|p1a: Tyranitar|def|2\n|move|p1b: Clawitzer|Heal Pulse|p1a: Tyranitar\n|-heal|p1a: Tyranitar|100/100\n|move|p2a: Azumarill|Play Rough|p1a: Tyranitar\n|-supereffective|p1a: Tyranitar|1\n|-damage|p1a: Tyranitar|68/100\n|\n|-weather|Sandstorm|[upkeep]\n|-damage|p2b: Maushold|43/100|[from] Sandstorm\n|-damage|p1b: Clawitzer|94/100|[from] Sandstorm\n|-damage|p2a: Azumarill|95/100|[from] Sandstorm\n|upkeep\n|turn|4\n|\n|t:|1776533112\n|move|p2b: Maushold|Super Fang|p1a: Tyranitar\n|-damage|p1a: Tyranitar|34/100\n|move|p1a: Tyranitar|Iron Defense|p1a: Tyranitar\n|-boost|p1a: Tyranitar|def|2\n|move|p1b: Clawitzer|Dark Pulse|p2b: Maushold\n|-damage|p2b: Maushold|0 fnt\n|faint|p2b: Maushold\n|move|p2a: Azumarill|Belly Drum|p2a: Azumarill\n|-damage|p2a: Azumarill|45/100\n|-setboost|p2a: Azumarill|atk|6|[from] move: Belly Drum\n|-enditem|p2a: Azumarill|Sitrus Berry|[eat]\n|-heal|p2a: Azumarill|70/100|[from] item: Sitrus Berry\n|\n|-weather|Sandstorm|[upkeep]\n|-damage|p1b: Clawitzer|88/100|[from] Sandstorm\n|-damage|p2a: Azumarill|64/100|[from] Sandstorm\n|upkeep\n|\n|t:|1776533130\n|switch|p2b: Whimsicott|Whimsicott, L50, M|100/100\n|turn|5\n|\n|t:|1776533136\n|move|p1a: Tyranitar|Protect|p1a: Tyranitar\n|-singleturn|p1a: Tyranitar|Protect\n|move|p2a: Azumarill|Aqua Jet|p1a: Tyranitar\n|-activate|p1a: Tyranitar|move: Protect\n|move|p2b: Whimsicott|Energy Ball|p1b: Clawitzer\n|-supereffective|p1b: Clawitzer|1\n|-enditem|p1b: Clawitzer|Rindo Berry|[eat]\n|-enditem|p1b: Clawitzer|Rindo Berry|[weaken]\n|-damage|p1b: Clawitzer|51/100\n|move|p1b: Clawitzer|Heal Pulse|p1a: Tyranitar\n|-activate|p1a: Tyranitar|move: Protect\n|\n|-weather|none\n|upkeep\n|turn|6\n|\n|t:|1776533162\n|move|p2a: Azumarill|Aqua Jet|p1a: Tyranitar\n|-supereffective|p1a: Tyranitar|1\n|-damage|p1a: Tyranitar|0 fnt\n|faint|p1a: Tyranitar\n|move|p2b: Whimsicott|Energy Ball|p1b: Clawitzer\n|-supereffective|p1b: Clawitzer|1\n|-damage|p1b: Clawitzer|0 fnt\n|faint|p1b: Clawitzer\n|\n|upkeep\n|\n|t:|1776533182\n|switch|p1b: Dragapult|Dragapult, L50, M|100/100\n|turn|7\n|inactive|Battle timer is ON: inactive players will automatically lose when time's up. (requested by Warehouse User)\n|\n|t:|1776533197\n|move|p2a: Azumarill|Aqua Jet|p1b: Dragapult\n|-resisted|p1b: Dragapult|1\n|-damage|p1b: Dragapult|38/100\n|move|p1b: Dragapult|Phantom Force||[still]\n|-prepare|p1b: Dragapult|Phantom Force\n|move|p2b: Whimsicott|Moonblast|p1b: Dragapult|[miss]\n|-miss|p2b: Whimsicott|p1b: Dragapult\n|\n|upkeep\n|turn|8\n|inactive|Warehouse User has 30 seconds left.\n|\n|t:|1776533222\n|move|p1b: Dragapult|Phantom Force|p2a: Azumarill|[from] lockedmove\n|-damage|p2a: Azumarill|10/100\n|move|p2b: Whimsicott|Moonblast|p1b: Dragapult\n|-supereffective|p1b: Dragapult|1\n|-damage|p1b: Dragapult|0 fnt\n|faint|p1b: Dragapult\n|\n|win|Warehouse User\n|raw|megachandelureyay's rating: 1019 &rarr; <strong>1005</strong><br />(-14 for losing)\n|raw|Warehouse User's rating: 1000 &rarr; <strong>1042</strong><br />(+42 for winning)\n|l|\u2606megachandelureyay\n|player|p1|\n",
  "uploadtime": 1776533232,
  "views": 13,
  "formatid": "gen9championsvgc2026regma",
  "rating": 1005,
  "private": 0,
  "password": null
}