{
  "id": "gen9championsvgc2026regma-2584599093",
  "format": "[Gen 9 Champions] VGC 2026 Reg M-A",
  "players": [
    "gurik",
    "DryIceBros"
  ],
  "log": "|j|\u2606gurik\n|j|\u2606DryIceBros\n|t:|1776271255\n|gametype|doubles\n|player|p1|gurik|cynthia-gen4|1363\n|player|p2|DryIceBros|mars|1280\n|gen|9\n|tier|[Gen 9 Champions] VGC 2026 Reg M-A\n|rated|\n|rule|Species Clause: Limit one of each Pok\u00e9mon\n|rule|Item Clause: Limit 1 of each item\n|clearpoke\n|poke|p1|Charizard, L50, M|\n|poke|p1|Venusaur, L50, M|\n|poke|p1|Incineroar, L50, F|\n|poke|p1|Farigiraf, L50, M|\n|poke|p1|Clefable, L50, M|\n|poke|p1|Torkoal, L50, F|\n|poke|p2|Crabominable, L50, M|\n|poke|p2|Slowking-Galar, L50, M|\n|poke|p2|Incineroar, L50, M|\n|poke|p2|Sinistcha, L50|\n|poke|p2|Primarina, L50, M|\n|poke|p2|Kingambit, L50, M|\n|teampreview|4\n|j| golett kombucha\nDryIceBros has agreed to open team sheets.\ngurik has agreed to open team sheets.\n|showteam|p1|Charizard||CharizarditeY|SolarPower|Protect,HeatWave,SolarBeam,WeatherBall|||M|||50|]Venusaur||FocusSash|Chlorophyll|EnergyBall,EarthPower,SludgeBomb,SleepPowder|||M|||50|]Incineroar||SitrusBerry|Intimidate|FakeOut,FlareBlitz,PartingShot,DarkestLariat|||F|||50|]Farigiraf||ColburBerry|ArmorTail|HyperVoice,TrickRoom,Psychic,ThunderWave|||M|||50|]Clefable||Leftovers|Unaware|Protect,FollowMe,Moonblast,LifeDew|||M|||50|]Torkoal||Charcoal|Drought|Protect,Eruption,HeatCrash,EarthPower|||F|||50|\n|showteam|p2|Crabominable||Crabominite|HyperCutter|IceHammer,DrainPunch,MachPunch,Protect|||M|||50|]Slowking-Galar||ColburBerry|Regenerator|SludgeBomb,Psychic,TrickRoom,ChillyReception|||M|||50|]Incineroar||SitrusBerry|Intimidate|FakeOut,FlareBlitz,ThroatChop,PartingShot|||M|||50|]Sinistcha||BrightPowder|Hospitality|MatchaGotcha,RagePowder,TrickRoom,Protect||||||50|]Primarina||Leftovers|LiquidVoice|HyperVoice,Moonblast,CalmMind,Protect|||M|||50|]Kingambit||ShucaBerry|Defiant|IronHead,KowtowCleave,LowKick,Protect|||M|||50|\n|\n|t:|1776271307\n|teamsize|p1|4\n|teamsize|p2|4\n|start\n|switch|p1a: Charizard|Charizard, L50, M|100/100\n|switch|p1b: Clefable|Clefable, L50, M|100/100\n|switch|p2a: Incineroar|Incineroar, L50, M|100/100\n|switch|p2b: Slowking|Slowking-Galar, L50, M|100/100\n|-ability|p2a: Incineroar|Intimidate|boost\n|-unboost|p1a: Charizard|atk|1\n|-unboost|p1b: Clefable|atk|1\n|turn|1\n|inactive|Battle timer is ON: inactive players will automatically lose when time's up. (requested by gurik)\n|\n|t:|1776271328\n|switch|p1b: Farigiraf|Farigiraf, L50, M|100/100\n|detailschange|p1a: Charizard|Charizard-Mega-Y, L50, M\n|-mega|p1a: Charizard|Charizard|Charizardite Y\n|-weather|SunnyDay|[from] ability: Drought|[of] p1a: Charizard\n|move|p2a: Incineroar|Fake Out||[still]\n|cant|p1b: Farigiraf|ability: Armor Tail|Fake Out|[of] p2a: Incineroar\n|move|p1a: Charizard|Weather Ball|p2b: Slowking\n|-damage|p2b: Slowking|36/100\n|move|p2b: Slowking|Trick Room|p2b: Slowking\n|-fieldstart|move: Trick Room|[of] p2b: Slowking\n|\n|-weather|SunnyDay|[upkeep]\n|upkeep\n|turn|2\n|\n|t:|1776271348\n|move|p1a: Charizard|Protect|p1a: Charizard\n|-singleturn|p1a: Charizard|Protect\n|-prepare|p2b: Slowking|Chilly Reception|[premajor]\n|move|p2b: Slowking|Chilly Reception|p2b: Slowking\n|-weather|Snowscape\n|\n|t:|1776271355\n|switch|p2b: Primarina|Primarina, L50, M|100/100|[from] Chilly Reception\n|move|p2a: Incineroar|Throat Chop|p1b: Farigiraf\n|-supereffective|p1b: Farigiraf|1\n|-enditem|p1b: Farigiraf|Colbur Berry|[eat]\n|-enditem|p1b: Farigiraf|Colbur Berry|[weaken]\n|-damage|p1b: Farigiraf|79/100\n|-start|p1b: Farigiraf|Throat Chop|[silent]\n|move|p1b: Farigiraf|Trick Room|p1b: Farigiraf\n|-fieldend|move: Trick Room\n|\n|-weather|Snowscape|[upkeep]\n|upkeep\n|turn|3\n|\n|t:|1776271379\n|switch|p1b: Torkoal|Torkoal, L50, F|100/100\n|-weather|SunnyDay|[from] ability: Drought|[of] p1b: Torkoal\n|move|p1a: Charizard|Solar Beam||[still]\n|-prepare|p1a: Charizard|Solar Beam\n|-anim|p1a: Charizard|Solar Beam|p2b: Primarina\n|-supereffective|p2b: Primarina|1\n|-damage|p2b: Primarina|5/100\n|move|p2b: Primarina|Hyper Voice|p1b: Torkoal|[spread] p1a,p1b\n|-supereffective|p1a: Charizard|1\n|-supereffective|p1b: Torkoal|1\n|-damage|p1a: Charizard|62/100\n|-damage|p1b: Torkoal|55/100\n|move|p2a: Incineroar|Parting Shot|p1b: Torkoal\n|-unboost|p1b: Torkoal|atk|1\n|-unboost|p1b: Torkoal|spa|1\n|\n|t:|1776271391\n|switch|p2a: Slowking|Slowking-Galar, L50, M|69/100|[from] Parting Shot\n|\n|-weather|SunnyDay|[upkeep]\n|-heal|p2b: Primarina|11/100|[from] item: Leftovers\n|upkeep\n|turn|4\n|l| golett kombucha\n|\n|t:|1776271400\n|move|p2b: Primarina|Protect|p2b: Primarina\n|-singleturn|p2b: Primarina|Protect\n|move|p1a: Charizard|Heat Wave|p2a: Slowking|[spread] p2a\n|-activate|p2b: Primarina|move: Protect\n|-damage|p2a: Slowking|17/100\n|-status|p2a: Slowking|brn\n|-prepare|p2a: Slowking|Chilly Reception|[premajor]\n|move|p2a: Slowking|Chilly Reception|p2a: Slowking\n|-weather|Snowscape\n|\n|t:|1776271412\n|switch|p2a: Incineroar|Incineroar, L50, M|100/100|[from] Chilly Reception\n|-ability|p2a: Incineroar|Intimidate|boost\n|-unboost|p1a: Charizard|atk|1\n|-unboost|p1b: Torkoal|atk|1\n|move|p1b: Torkoal|Earth Power|p2a: Incineroar\n|-supereffective|p2a: Incineroar|1\n|-damage|p2a: Incineroar|76/100\n|\n|-weather|Snowscape|[upkeep]\n|-heal|p2b: Primarina|17/100|[from] item: Leftovers\n|upkeep\n|turn|5\n|\n|t:|1776271427\n|switch|p1a: Clefable|Clefable, L50, M|100/100\n|move|p1b: Torkoal|Protect|p1b: Torkoal\n|-singleturn|p1b: Torkoal|Protect\n|move|p2a: Incineroar|Fake Out|p1a: Clefable\n|-damage|p1a: Clefable|91/100\n|move|p2b: Primarina|Hyper Voice|p1a: Clefable|[spread] p1a\n|-activate|p1b: Torkoal|move: Protect\n|-damage|p1a: Clefable|61/100\n|\n|-weather|Snowscape|[upkeep]\n|-heal|p2b: Primarina|23/100|[from] item: Leftovers\n|-heal|p1a: Clefable|67/100|[from] item: Leftovers\n|upkeep\n|turn|6\n|inactive|DryIceBros has 30 seconds left.\n|\n|t:|1776271453\n|switch|p1b: Farigiraf|Farigiraf, L50, M|79/100\n|move|p2b: Primarina|Hyper Voice|p1a: Clefable|[spread] p1a,p1b\n|-damage|p1a: Clefable|37/100\n|-damage|p1b: Farigiraf|43/100\n|move|p1a: Clefable|Moonblast|p2b: Primarina\n|-damage|p2b: Primarina|0 fnt\n|faint|p2b: Primarina\n|move|p2a: Incineroar|Throat Chop|p1a: Clefable\n|-resisted|p1a: Clefable|1\n|-crit|p1a: Clefable\n|-damage|p1a: Clefable|16/100\n|-start|p1a: Clefable|Throat Chop|[silent]\n|\n|-weather|Snowscape|[upkeep]\n|-heal|p1a: Clefable|22/100|[from] item: Leftovers\n|upkeep\n|\n|t:|1776271462\n|switch|p2b: Slowking|Slowking-Galar, L50, M|50/100 brn\n|turn|7\n|\n|t:|1776271475\n|move|p1a: Clefable|Follow Me|p1a: Clefable\n|-singleturn|p1a: Clefable|move: Follow Me\n|move|p2a: Incineroar|Throat Chop|p1a: Clefable\n|-resisted|p1a: Clefable|1\n|-damage|p1a: Clefable|9/100\n|move|p1b: Farigiraf|Psychic|p2b: Slowking\n|-damage|p2b: Slowking|28/100 brn\n|move|p2b: Slowking|Sludge Bomb|p1a: Clefable\n|-supereffective|p1a: Clefable|1\n|-damage|p1a: Clefable|0 fnt\n|faint|p1a: Clefable\n|\n|-weather|Snowscape|[upkeep]\n|-damage|p2b: Slowking|22/100 brn|[from] brn\n|upkeep\n|\n|t:|1776271487\n|switch|p1a: Charizard|Charizard-Mega-Y, L50, M|62/100\n|-weather|SunnyDay|[from] ability: Drought|[of] p1a: Charizard\n|turn|8\n|\n|t:|1776271505\n|move|p1a: Charizard|Weather Ball|p2b: Slowking\n|-damage|p2b: Slowking|0 fnt\n|faint|p2b: Slowking\n|move|p1b: Farigiraf|Hyper Voice|p2a: Incineroar\n|-damage|p2a: Incineroar|50/100\n|-enditem|p2a: Incineroar|Sitrus Berry|[eat]\n|-heal|p2a: Incineroar|75/100|[from] item: Sitrus Berry\n|move|p2a: Incineroar|Throat Chop|p1a: Charizard\n|-damage|p1a: Charizard|23/100\n|-start|p1a: Charizard|Throat Chop|[silent]\n|\n|-weather|SunnyDay|[upkeep]\n|upkeep\n|\n|t:|1776271508\n|switch|p2b: Crabominable|Crabominable, L50, M|100/100\n|turn|9\n|\n|t:|1776271526\n|detailschange|p2b: Crabominable|Crabominable-Mega, L50, M\n|-mega|p2b: Crabominable|Crabominable|Crabominite\n|move|p1a: Charizard|Protect|p1a: Charizard\n|-singleturn|p1a: Charizard|Protect\n|move|p2b: Crabominable|Mach Punch||[still]\n|cant|p1b: Farigiraf|ability: Armor Tail|Mach Punch|[of] p2b: Crabominable\n|move|p1b: Farigiraf|Psychic|p2b: Crabominable\n|-supereffective|p2b: Crabominable|1\n|-damage|p2b: Crabominable|48/100\n|move|p2a: Incineroar|Throat Chop|p1b: Farigiraf\n|-supereffective|p1b: Farigiraf|1\n|-damage|p1b: Farigiraf|0 fnt\n|faint|p1b: Farigiraf\n|\n|-weather|SunnyDay|[upkeep]\n|-end|p1a: Charizard|Throat Chop|[silent]\n|upkeep\n|\n|t:|1776271536\n|switch|p1b: Torkoal|Torkoal, L50, F|55/100\n|turn|10\n|\n|t:|1776271548\n|move|p2b: Crabominable|Mach Punch|p1a: Charizard\n|-resisted|p1a: Charizard|1\n|-damage|p1a: Charizard|4/100\n|move|p1a: Charizard|Heat Wave|p2b: Crabominable|[spread] p2a,p2b\n|-resisted|p2a: Incineroar|1\n|-supereffective|p2b: Crabominable|1\n|-damage|p2a: Incineroar|50/100\n|-damage|p2b: Crabominable|0 fnt\n|faint|p2b: Crabominable\n|move|p2a: Incineroar|Throat Chop|p1b: Torkoal\n|-damage|p1b: Torkoal|33/100\n|-start|p1b: Torkoal|Throat Chop|[silent]\n|move|p1b: Torkoal|Eruption|p2a: Incineroar\n|-resisted|p2a: Incineroar|1\n|-damage|p2a: Incineroar|36/100\n|\n|-weather|SunnyDay|[upkeep]\n|upkeep\n|turn|11\n|\n|t:|1776271557\n|move|p1a: Charizard|Weather Ball|p2a: Incineroar\n|-resisted|p2a: Incineroar|1\n|-damage|p2a: Incineroar|0 fnt\n|faint|p2a: Incineroar\n|\n|win|gurik\n|raw|gurik's rating: 1363 &rarr; <strong>1378</strong><br />(+15 for winning)\n|raw|DryIceBros's rating: 1280 &rarr; <strong>1261</strong><br />(-19 for losing)\n|l|\u2606gurik\n|player|p1|\n",
  "uploadtime": 1776271562,
  "views": 26,
  "formatid": "gen9championsvgc2026regma",
  "rating": 1261,
  "private": 0,
  "password": null
}