{
  "id": "gen9championsvgc2026regma-2585238315",
  "format": "[Gen 9 Champions] VGC 2026 Reg M-A",
  "players": [
    "Jackbot92",
    "Pinstress"
  ],
  "log": "|j|\u2606Jackbot92\n|j|\u2606Pinstress\n|t:|1776328613\n|gametype|doubles\n|player|p1|Jackbot92|1|1133\n|player|p2|Pinstress|psychicf-gen4|1114\n|gen|9\n|tier|[Gen 9 Champions] VGC 2026 Reg M-A\n|rated|\n|rule|Species Clause: Limit one of each Pok\u00e9mon\n|rule|Item Clause: Limit 1 of each item\n|clearpoke\n|poke|p1|Froslass, L50, F|\n|poke|p1|Garchomp, L50, M|\n|poke|p1|Rotom-Frost, L50|\n|poke|p1|Volcarona, L50, M|\n|poke|p1|Primarina, L50, M|\n|poke|p1|Sneasler, L50, M|\n|poke|p2|Floette-Eternal, L50, F|\n|poke|p2|Incineroar, L50, F|\n|poke|p2|Sinistcha-Masterpiece, L50|\n|poke|p2|Sneasler, L50, F|\n|poke|p2|Kingambit, L50, M|\n|poke|p2|Aerodactyl, L50, F|\n|teampreview|4\n|\n|t:|1776328654\n|teamsize|p1|4\n|teamsize|p2|4\n|start\n|switch|p1a: Primarina|Primarina, L50, M|100/100\n|switch|p1b: Froslass|Froslass, L50, F|100/100\n|switch|p2a: Aerodactyl|Aerodactyl, L50, F|100/100\n|switch|p2b: Kingambit|Kingambit, L50, M|100/100\n|-ability|p2a: Aerodactyl|Unnerve\n|turn|1\n|\n|t:|1776328680\n|detailschange|p1b: Froslass|Froslass-Mega, L50, F\n|-mega|p1b: Froslass|Froslass|Froslassite\n|-weather|Snowscape|[from] ability: Snow Warning|[of] p1b: Froslass\n|move|p1b: Froslass|Protect|p1b: Froslass\n|-singleturn|p1b: Froslass|Protect\n|move|p2a: Aerodactyl|Tailwind|p2a: Aerodactyl\n|-sidestart|p2: Pinstress|move: Tailwind\n|move|p2b: Kingambit|Kowtow Cleave|p1b: Froslass\n|-activate|p1b: Froslass|move: Protect\n|move|p1a: Primarina|Hyper Voice|p2b: Kingambit|[spread] p2a,p2b\n|-supereffective|p2a: Aerodactyl|1\n|-enditem|p2a: Aerodactyl|Focus Sash\n|-damage|p2a: Aerodactyl|1/100\n|-damage|p2b: Kingambit|62/100\n|\n|-weather|Snowscape|[upkeep]\n|upkeep\n|turn|2\n|\n|t:|1776328730\n|switch|p1b: Garchomp|Garchomp, L50, M|100/100\n|move|p2a: Aerodactyl|Rock Slide|p1a: Primarina|[spread] p1b\n|-miss|p2a: Aerodactyl|p1a: Primarina\n|-resisted|p1b: Garchomp|1\n|-damage|p1b: Garchomp|87/100\n|move|p2b: Kingambit|Kowtow Cleave|p1a: Primarina\n|-resisted|p1a: Primarina|1\n|-damage|p1a: Primarina|64/100\n|move|p1a: Primarina|Hyper Voice|p2b: Kingambit|[spread] p2a,p2b\n|-supereffective|p2a: Aerodactyl|1\n|-crit|p2a: Aerodactyl\n|-damage|p2a: Aerodactyl|0 fnt\n|-damage|p2b: Kingambit|24/100\n|faint|p2a: Aerodactyl\n|\n|-weather|Snowscape|[upkeep]\n|-heal|p1a: Primarina|70/100|[from] item: Leftovers\n|upkeep\n|\n|t:|1776328746\n|switch|p2a: Incineroar|Incineroar, L50, F|100/100\n|-ability|p2a: Incineroar|Intimidate|boost\n|-unboost|p1a: Primarina|atk|1\n|-unboost|p1b: Garchomp|atk|1\n|-enditem|p1b: Garchomp|White Herb\n|-clearnegativeboost|p1b: Garchomp|[silent]\n|turn|3\n|\n|t:|1776328773\n|switch|p2b: Floette|Floette-Eternal, L50, F|100/100\n|move|p2a: Incineroar|Fake Out|p1b: Garchomp\n|-damage|p1b: Garchomp|76/100\n|-damage|p2a: Incineroar|88/100|[from] ability: Rough Skin|[of] p1b: Garchomp\n|cant|p1b: Garchomp|flinch\n|move|p1a: Primarina|Hyper Voice|p2a: Incineroar|[spread] p2a,p2b\n|-supereffective|p2a: Incineroar|1\n|-damage|p2a: Incineroar|35/100\n|-damage|p2b: Floette|70/100\n|\n|-weather|Snowscape|[upkeep]\n|-heal|p1a: Primarina|76/100|[from] item: Leftovers\n|upkeep\n|turn|4\n|\n|t:|1776328802\n|switch|p1b: Volcarona|Volcarona, L50, M|100/100\n|detailschange|p2b: Floette|Floette-Mega, L50, F\n|-mega|p2b: Floette|Floette|Floettite\n|-ability|p2b: Floette|Fairy Aura\n|move|p2b: Floette|Dazzling Gleam|p1b: Volcarona|[spread] p1a,p1b\n|-resisted|p1b: Volcarona|1\n|-damage|p1a: Primarina|37/100\n|-damage|p1b: Volcarona|76/100\n|move|p2a: Incineroar|Parting Shot|p1a: Primarina\n|-unboost|p1a: Primarina|atk|1\n|-unboost|p1a: Primarina|spa|1\n|\n|t:|1776328818\n|switch|p2a: Kingambit|Kingambit, L50, M|24/100|[from] Parting Shot\n|move|p1a: Primarina|Hyper Voice|p2b: Floette|[spread] p2a,p2b\n|-damage|p2a: Kingambit|0 fnt\n|-damage|p2b: Floette|53/100\n|faint|p2a: Kingambit\n|\n|-weather|Snowscape|[upkeep]\n|-heal|p1a: Primarina|43/100|[from] item: Leftovers\n|-sideend|p2: Pinstress|move: Tailwind\n|upkeep\n|\n|t:|1776328826\n|switch|p2a: Incineroar|Incineroar, L50, F|35/100\n|-ability|p2a: Incineroar|Intimidate|boost\n|-unboost|p1a: Primarina|atk|1\n|-unboost|p1b: Volcarona|atk|1\n|turn|5\n|\n|t:|1776328854\n|move|p2a: Incineroar|Fake Out|p1b: Volcarona\n|-damage|p1b: Volcarona|60/100\n|cant|p1b: Volcarona|flinch\n|move|p2b: Floette|Calm Mind|p2b: Floette\n|-boost|p2b: Floette|spa|1\n|-boost|p2b: Floette|spd|1\n|move|p1a: Primarina|Hyper Voice|p2a: Incineroar|[spread] p2a,p2b\n|-supereffective|p2a: Incineroar|1\n|-damage|p2a: Incineroar|0 fnt\n|-damage|p2b: Floette|41/100\n|faint|p2a: Incineroar\n|\n|-weather|none\n|-heal|p1a: Primarina|49/100|[from] item: Leftovers\n|upkeep\n|turn|6\n|\n|t:|1776328876\n|move|p1b: Volcarona|Heat Wave|p2b: Floette\n|-damage|p2b: Floette|17/100\n|move|p2b: Floette|Dazzling Gleam|p1a: Primarina|[spread] p1a,p1b\n|-resisted|p1b: Volcarona|1\n|-damage|p1a: Primarina|0 fnt\n|-damage|p1b: Volcarona|25/100\n|-enditem|p1b: Volcarona|Sitrus Berry|[eat]\n|-heal|p1b: Volcarona|50/100|[from] item: Sitrus Berry\n|faint|p1a: Primarina\n|\n|upkeep\n|\n|t:|1776328888\n|switch|p1a: Froslass|Froslass-Mega, L50, F|100/100\n|-weather|Snowscape|[from] ability: Snow Warning|[of] p1a: Froslass\n|turn|7\n|\n|t:|1776328894\n|move|p1a: Froslass|Blizzard|p2b: Floette\n|-damage|p2b: Floette|0 fnt\n|faint|p2b: Floette\n|\n|win|Jackbot92\n|raw|Jackbot92's rating: 1133 &rarr; <strong>1157</strong><br />(+24 for winning)\n|raw|Pinstress's rating: 1114 &rarr; <strong>1090</strong><br />(-24 for losing)\n",
  "uploadtime": 1776328900,
  "views": 21,
  "formatid": "gen9championsvgc2026regma",
  "rating": 1090,
  "private": 0,
  "password": null
}