{
  "id": "gen9championsvgc2026regma-2586981328",
  "format": "[Gen 9 Champions] VGC 2026 Reg M-A",
  "players": [
    "iqsolid",
    "try0000"
  ],
  "log": "|j|\u2606iqsolid\n|j|\u2606try0000\n|t:|1776477957\n|gametype|doubles\n|player|p1|iqsolid|steven|1340\n|player|p2|try0000|veteran|1426\n|gen|9\n|tier|[Gen 9 Champions] VGC 2026 Reg M-A\n|rated|\n|rule|Species Clause: Limit one of each Pok\u00e9mon\n|rule|Item Clause: Limit 1 of each item\n|clearpoke\n|poke|p1|Maushold, L50|\n|poke|p1|Rotom-Wash, L50|\n|poke|p1|Incineroar, L50, M|\n|poke|p1|Whimsicott, L50, F|\n|poke|p1|Gengar, L50, M|\n|poke|p1|Goodra-Hisui, L50, F|\n|poke|p2|Sneasler, L50, M|\n|poke|p2|Garchomp, L50, M|\n|poke|p2|Gardevoir, L50, F|\n|poke|p2|Basculegion, L50, M|\n|poke|p2|Kingambit, L50, M|\n|poke|p2|Froslass, L50, F|\n|teampreview|4\n|inactive|Battle timer is ON: inactive players will automatically lose when time's up. (requested by try0000)\n|inactive|iqsolid has 60 seconds left.\n|inactive|try0000 has 60 seconds left.\n|\n|t:|1776477999\n|teamsize|p1|4\n|teamsize|p2|4\n|start\n|switch|p1a: Goodra|Goodra-Hisui, L50, F|100/100\n|switch|p1b: Maushold|Maushold, L50|100/100\n|switch|p2a: Kingambit|Kingambit, L50, M|100/100\n|switch|p2b: Gardevoir|Gardevoir, L50, F|100/100\n|-ability|p2b: Gardevoir|Gooey|Trace|[from] ability: Trace|[of] p1a: Goodra\n|turn|1\n|\n|t:|1776478018\n|detailschange|p2b: Gardevoir|Gardevoir-Mega, L50, F\n|-mega|p2b: Gardevoir|Gardevoir|Gardevoirite\n|move|p1b: Maushold|Super Fang|p2a: Kingambit\n|-damage|p2a: Kingambit|51/100\n|move|p2b: Gardevoir|Hyper Voice|p1a: Goodra|[spread] p1a,p1b\n|-crit|p1b: Maushold\n|-damage|p1a: Goodra|79/100\n|-damage|p1b: Maushold|3/100\n|move|p1a: Goodra|Body Press|p2a: Kingambit\n|-supereffective|p2a: Kingambit|2\n|-enditem|p2a: Kingambit|Chople Berry|[eat]\n|-enditem|p2a: Kingambit|Chople Berry|[weaken]\n|-damage|p2a: Kingambit|19/100\n|move|p2a: Kingambit|Kowtow Cleave|p1b: Maushold\n|-damage|p1b: Maushold|0 fnt\n|faint|p1b: Maushold\n|\n|-heal|p1a: Goodra|85/100|[from] item: Leftovers\n|upkeep\n|\n|t:|1776478035\n|switch|p1b: Rotom|Rotom-Wash, L50|100/100\n|turn|2\n|\n|t:|1776478052\n|move|p1b: Rotom|Volt Switch|p2b: Gardevoir\n|-damage|p2b: Gardevoir|75/100\n|\n|t:|1776478056\n|switch|p1b: Gengar|Gengar, L50, M|100/100|[from] Volt Switch\n|move|p2b: Gardevoir|Calm Mind|p2b: Gardevoir\n|-boost|p2b: Gardevoir|spa|1\n|-boost|p2b: Gardevoir|spd|1\n|move|p1a: Goodra|Shelter|p1a: Goodra\n|-boost|p1a: Goodra|def|2\n|move|p2a: Kingambit|Low Kick|p1a: Goodra\n|-supereffective|p1a: Goodra|1\n|-damage|p1a: Goodra|50/100\n|-ability|p1a: Goodra|Gooey\n|-unboost|p2a: Kingambit|spe|1\n|-ability|p2a: Kingambit|Defiant|boost\n|-boost|p2a: Kingambit|atk|2\n|\n|-heal|p1a: Goodra|56/100|[from] item: Leftovers\n|upkeep\n|turn|3\n|\n|t:|1776478079\n|detailschange|p1b: Gengar|Gengar-Mega, L50, M\n|-mega|p1b: Gengar|Gengar|Gengarite\n|move|p2a: Kingambit|Sucker Punch|p1a: Goodra\n|-crit|p1a: Goodra\n|-damage|p1a: Goodra|0 fnt\n|-ability|p1a: Goodra|Gooey\n|-unboost|p2a: Kingambit|spe|1\n|-ability|p2a: Kingambit|Defiant|boost\n|-boost|p2a: Kingambit|atk|2\n|faint|p1a: Goodra\n|move|p1b: Gengar|Will-O-Wisp|p2a: Kingambit\n|-status|p2a: Kingambit|brn\n|move|p2b: Gardevoir|Hyper Voice|p1b: Gengar\n|-resisted|p1b: Gengar|1\n|-damage|p1b: Gengar|50/100\n|\n|-damage|p2a: Kingambit|13/100 brn|[from] brn\n|upkeep\n|\n|t:|1776478088\n|switch|p1a: Rotom|Rotom-Wash, L50|100/100\n|turn|4\n|\n|t:|1776478098\n|move|p1b: Gengar|Protect|p1b: Gengar\n|-singleturn|p1b: Gengar|Protect\n|move|p2a: Kingambit|Sucker Punch||[still]\n|-fail|p2a: Kingambit\n|move|p1a: Rotom|Hydro Pump|p2a: Kingambit|[miss]\n|-miss|p1a: Rotom|p2a: Kingambit\n|move|p2b: Gardevoir|Hyper Voice|p1b: Gengar|[spread] p1a\n|-activate|p1b: Gengar|move: Protect\n|-damage|p1a: Rotom|21/100\n|\n|-damage|p2a: Kingambit|7/100 brn|[from] brn\n|upkeep\n|turn|5\n|\n|t:|1776478119\n|move|p2a: Kingambit|Sucker Punch|p1a: Rotom\n|-damage|p1a: Rotom|0 fnt\n|faint|p1a: Rotom\n|move|p1b: Gengar|Shadow Ball|p2a: Kingambit\n|-resisted|p2a: Kingambit|1\n|-damage|p2a: Kingambit|0 fnt\n|faint|p2a: Kingambit\n|move|p2b: Gardevoir|Psyshock|p1b: Gengar\n|-supereffective|p1b: Gengar|1\n|-damage|p1b: Gengar|0 fnt\n|faint|p1b: Gengar\n|\n|win|try0000\n|raw|iqsolid's rating: 1340 &rarr; <strong>1325</strong><br />(-15 for losing)\n|raw|try0000's rating: 1426 &rarr; <strong>1441</strong><br />(+15 for winning)\n",
  "uploadtime": 1776478125,
  "views": 27,
  "formatid": "gen9championsvgc2026regma",
  "rating": 1325,
  "private": 0,
  "password": null
}