{
  "id": "gen9championsvgc2026regma-2584675704",
  "format": "[Gen 9 Champions] VGC 2026 Reg M-A",
  "players": [
    "Man_playingpokem",
    "Ferdford"
  ],
  "log": "|j|\u2606Man_playingpokem\n|j|\u2606Ferdford\n|t:|1776276068\n|gametype|doubles\n|player|p1|Man_playingpokem|lucas|1034\n|player|p2|Ferdford|byron|1032\n|gen|9\n|tier|[Gen 9 Champions] VGC 2026 Reg M-A\n|rated|\n|rule|Species Clause: Limit one of each Pok\u00e9mon\n|rule|Item Clause: Limit 1 of each item\n|clearpoke\n|poke|p1|Lucario, L50, F|\n|poke|p1|Maushold, L50|\n|poke|p1|Incineroar, L50, F|\n|poke|p1|Dragapult, L50, F|\n|poke|p1|Talonflame, L50, F|\n|poke|p1|Rotom-Wash, L50|\n|poke|p2|Typhlosion-Hisui, L50, F|\n|poke|p2|Aerodactyl, L50, M|\n|poke|p2|Torkoal, L50, M|\n|poke|p2|Whimsicott, L50, F|\n|poke|p2|Sneasler, L50, M|\n|poke|p2|Azumarill, L50, F|\n|teampreview|4\nFerdford rejected open team sheets.\n|\n|t:|1776276120\n|teamsize|p1|4\n|teamsize|p2|4\n|start\n|switch|p1a: Talonflame|Talonflame, L50, F|100/100\n|switch|p1b: Dragapult|Dragapult, L50, F|100/100\n|switch|p2a: Whimsicott|Whimsicott, L50, F|100/100\n|switch|p2b: Sneasler|Sneasler, L50, M|100/100\n|turn|1\n|\n|t:|1776276145\n|move|p1b: Dragapult|Protect|p1b: Dragapult\n|-singleturn|p1b: Dragapult|Protect\n|move|p1a: Talonflame|Quick Guard|p1a: Talonflame\n|-singleturn|p1a: Talonflame|Quick Guard\n|move|p2b: Sneasler|Fake Out|p1a: Talonflame\n|-activate|p1a: Talonflame|move: Quick Guard\n|move|p2a: Whimsicott|Tailwind|p2a: Whimsicott\n|-sidestart|p2: Ferdford|move: Tailwind\n|\n|upkeep\n|turn|2\n|\n|t:|1776276174\n|move|p2a: Whimsicott|Sunny Day|p2a: Whimsicott\n|-weather|SunnyDay\n|move|p1a: Talonflame|Dual Wingbeat|p2a: Whimsicott|[miss]\n|-miss|p1a: Talonflame|p2a: Whimsicott\n|move|p2b: Sneasler|Dire Claw|p1a: Talonflame\n|-damage|p1a: Talonflame|38/100\n|move|p1b: Dragapult|Thunder Wave|p2b: Sneasler\n|-status|p2b: Sneasler|par\n|\n|-weather|SunnyDay|[upkeep]\n|upkeep\n|turn|3\n|\n|t:|1776276241\n|switch|p2a: Typhlosion|Typhlosion-Hisui, L50, F|100/100\n|switch|p1b: Lucario|Lucario, L50, F|100/100\n|move|p1a: Talonflame|Dual Wingbeat|p2a: Typhlosion|[miss]\n|-miss|p1a: Talonflame|p2a: Typhlosion\n|move|p2b: Sneasler|Dire Claw|p1b: Lucario\n|-immune|p1b: Lucario\n|\n|-weather|SunnyDay|[upkeep]\n|upkeep\n|turn|4\n|\n|t:|1776276278\n|move|p1b: Lucario|Protect|p1b: Lucario\n|-singleturn|p1b: Lucario|Protect\n|move|p2a: Typhlosion|Eruption|p1a: Talonflame|[spread] p1a\n|-activate|p1b: Lucario|move: Protect\n|-resisted|p1a: Talonflame|1\n|-damage|p1a: Talonflame|0 fnt\n|faint|p1a: Talonflame\n|move|p2b: Sneasler|Close Combat|p1b: Lucario\n|-activate|p1b: Lucario|move: Protect\n|\n|-weather|SunnyDay|[upkeep]\n|-sideend|p2: Ferdford|move: Tailwind\n|upkeep\n|\n|t:|1776276293\n|switch|p1a: Dragapult|Dragapult, L50, F|100/100\n|turn|5\n|\n|t:|1776276309\n|switch|p1b: Rotom|Rotom-Wash, L50|100/100\n|move|p1a: Dragapult|Shadow Ball|p2a: Typhlosion\n|-supereffective|p2a: Typhlosion|1\n|-damage|p2a: Typhlosion|19/100\n|move|p2a: Typhlosion|Eruption|p1a: Dragapult|[spread] p1a,p1b\n|-resisted|p1a: Dragapult|1\n|-resisted|p1b: Rotom|1\n|-damage|p1a: Dragapult|86/100\n|-damage|p1b: Rotom|88/100\n|move|p2b: Sneasler|Dire Claw|p1a: Dragapult\n|-resisted|p1a: Dragapult|1\n|-damage|p1a: Dragapult|51/100\n|\n|-weather|SunnyDay|[upkeep]\n|-heal|p2a: Typhlosion|25/100|[from] item: Leftovers\n|upkeep\n|turn|6\n|\n|t:|1776276341\n|move|p2a: Typhlosion|Protect|p2a: Typhlosion\n|-singleturn|p2a: Typhlosion|Protect\n|move|p1b: Rotom|Thunderbolt|p2b: Sneasler\n|-damage|p2b: Sneasler|54/100 par\n|move|p1a: Dragapult|Shadow Ball|p2b: Sneasler\n|-damage|p2b: Sneasler|2/100 par\n|move|p2b: Sneasler|Close Combat|p1b: Rotom\n|-crit|p1b: Rotom\n|-damage|p1b: Rotom|0 fnt\n|-unboost|p2b: Sneasler|def|1\n|-unboost|p2b: Sneasler|spd|1\n|faint|p1b: Rotom\n|-enditem|p2b: Sneasler|White Herb\n|-clearnegativeboost|p2b: Sneasler|[silent]\n|\n|-weather|none\n|-heal|p2a: Typhlosion|31/100|[from] item: Leftovers\n|upkeep\n|\n|t:|1776276357\n|switch|p1b: Lucario|Lucario, L50, F|100/100\n|turn|7\n|\n|t:|1776276383\n|move|p1a: Dragapult|Shadow Ball|p2a: Typhlosion\n|-supereffective|p2a: Typhlosion|1\n|-damage|p2a: Typhlosion|0 fnt\n|faint|p2a: Typhlosion\n|move|p2b: Sneasler|Dire Claw|p1a: Dragapult\n|-resisted|p1a: Dragapult|1\n|-damage|p1a: Dragapult|17/100\n|move|p1b: Lucario|Meteor Mash|p2b: Sneasler\n|-damage|p2b: Sneasler|0 fnt\n|faint|p2b: Sneasler\n|\n|upkeep\n|\n|t:|1776276394\n|switch|p2b: Aerodactyl|Aerodactyl, L50, M|100/100\n|switch|p2a: Whimsicott|Whimsicott, L50, F|100/100\n|-ability|p2b: Aerodactyl|Unnerve\n|turn|8\n|\n|t:|1776276430\n|detailschange|p2b: Aerodactyl|Aerodactyl-Mega, L50, M\n|-mega|p2b: Aerodactyl|Aerodactyl|Aerodactylite\n|detailschange|p1b: Lucario|Lucario-Mega, L50, F\n|-mega|p1b: Lucario|Lucario|Lucarionite\n|move|p2a: Whimsicott|Tailwind|p2a: Whimsicott\n|-sidestart|p2: Ferdford|move: Tailwind\n|move|p2b: Aerodactyl|Earthquake|p1b: Lucario|[spread] p2a,p1a,p1b\n|-resisted|p2a: Whimsicott|1\n|-supereffective|p1b: Lucario|1\n|-damage|p2a: Whimsicott|80/100\n|-damage|p1a: Dragapult|0 fnt\n|-damage|p1b: Lucario|18/100\n|faint|p1a: Dragapult\n|move|p1b: Lucario|Meteor Mash|p2a: Whimsicott\n|-supereffective|p2a: Whimsicott|1\n|-damage|p2a: Whimsicott|0 fnt\n|faint|p2a: Whimsicott\n|\n|upkeep\n|turn|9\n|\n|t:|1776276447\n|move|p2b: Aerodactyl|Earthquake|p1b: Lucario\n|-supereffective|p1b: Lucario|1\n|-damage|p1b: Lucario|0 fnt\n|faint|p1b: Lucario\n|\n|win|Ferdford\n|raw|Man_playingpokem's rating: 1034 &rarr; <strong>1019</strong><br />(-15 for losing)\n|raw|Ferdford's rating: 1032 &rarr; <strong>1067</strong><br />(+35 for winning)\n|l|\u2606Man_playingpokem\n|player|p1|\n",
  "uploadtime": 1776276456,
  "views": 14,
  "formatid": "gen9championsvgc2026regma",
  "rating": 1019,
  "private": 0,
  "password": null
}