{
  "id": "gen9championsvgc2026regma-2581917974",
  "format": "[Gen 9 Champions] VGC 2026 Reg M-A",
  "players": [
    "giftedyewsucks",
    "Porygon 32"
  ],
  "log": "|j|\u2606giftedyewsucks\n|j|\u2606Porygon 32\n|t:|1776039627\n|gametype|doubles\n|player|p1|giftedyewsucks|266|1401\n|player|p2|Porygon 32|gambler|1321\n|gen|9\n|tier|[Gen 9 Champions] VGC 2026 Reg M-A\n|rated|\n|rule|Species Clause: Limit one of each Pok\u00e9mon\n|rule|Item Clause: Limit 1 of each item\n|clearpoke\n|poke|p1|Kingambit, L50, F|\n|poke|p1|Sneasler, L50, F|\n|poke|p1|Delphox, L50, F|\n|poke|p1|Whimsicott, L50, F|\n|poke|p1|Garchomp, L50, M|\n|poke|p1|Rotom-Wash, L50|\n|poke|p2|Crabominable, L50, M|\n|poke|p2|Rotom-Heat, L50|\n|poke|p2|Empoleon, L50, M|\n|poke|p2|Farigiraf, L50, F|\n|poke|p2|Sableye, L50, M|\n|poke|p2|Sinistcha, L50|\n|teampreview|4\n|j| AOM Hades\n|j| No.1yZap2\n|inactive|Battle timer is ON: inactive players will automatically lose when time's up. (requested by giftedyewsucks)\n|\n|t:|1776039669\n|teamsize|p1|4\n|teamsize|p2|4\n|start\n|switch|p1a: Delphox|Delphox, L50, F|100/100\n|switch|p1b: Kingambit|Kingambit, L50, F|100/100\n|switch|p2a: Rotom|Rotom-Heat, L50|100/100\n|switch|p2b: Smoothie|Farigiraf, L50, F|100/100\n|turn|1\n|\n|t:|1776039683\n|switch|p1b: Rotom|Rotom-Wash, L50|100/100\n|detailschange|p1a: Delphox|Delphox-Mega, L50, F\n|-mega|p1a: Delphox|Delphox|Delphoxite\n|move|p2a: Rotom|Overheat|p1b: Rotom\n|-resisted|p1b: Rotom|1\n|-damage|p1b: Rotom|65/100\n|-unboost|p2a: Rotom|spa|2\n|move|p1a: Delphox|Heat Wave|p2b: Smoothie|[spread] p2a,p2b\n|-resisted|p2a: Rotom|1\n|-damage|p2a: Rotom|71/100\n|-damage|p2b: Smoothie|71/100\n|move|p2b: Smoothie|Trick Room|p2b: Smoothie\n|-fieldstart|move: Trick Room|[of] p2b: Smoothie\n|\n|upkeep\n|turn|2\n|\n|t:|1776039699\n|switch|p2a: Empoleon|Empoleon, L50, M|100/100\n|move|p2b: Smoothie|Psychic|p1b: Rotom\n|-damage|p1b: Rotom|28/100\n|-enditem|p1b: Rotom|Sitrus Berry|[eat]\n|-heal|p1b: Rotom|53/100|[from] item: Sitrus Berry\n|move|p1b: Rotom|Will-O-Wisp|p2a: Empoleon\n|-status|p2a: Empoleon|brn\n|move|p1a: Delphox|Heat Wave|p2b: Smoothie|[spread] p2a,p2b\n|-damage|p2a: Empoleon|64/100 brn\n|-damage|p2b: Smoothie|42/100\n|\n|-damage|p2a: Empoleon|58/100 brn|[from] brn\n|upkeep\n|turn|3\n|-activate|p2a: Empoleon|item: Quick Claw\n|\n|t:|1776039722\n|move|p1b: Rotom|Protect|p1b: Rotom\n|-singleturn|p1b: Rotom|Protect\n|move|p1a: Delphox|Protect|p1a: Delphox\n|-singleturn|p1a: Delphox|Protect\n|move|p2a: Empoleon|Roost|p2a: Empoleon\n|-heal|p2a: Empoleon|100/100 brn\n|-singleturn|p2a: Empoleon|move: Roost\n|move|p2b: Smoothie|Psychic|p1b: Rotom\n|-activate|p1b: Rotom|move: Protect\n|\n|-damage|p2a: Empoleon|95/100 brn|[from] brn\n|upkeep\n|turn|4\n|\n|t:|1776039735\n|switch|p1a: Kingambit|Kingambit, L50, F|100/100\n|move|p2b: Smoothie|Helping Hand|p2a: Empoleon\n|-singleturn|p2a: Empoleon|Helping Hand|[of] p2b: Smoothie\n|move|p2a: Empoleon|Hydro Pump|p1a: Kingambit\n|-damage|p1a: Kingambit|24/100\n|move|p1b: Rotom|Thunderbolt|p2a: Empoleon\n|-supereffective|p2a: Empoleon|1\n|-damage|p2a: Empoleon|29/100 brn\n|\n|-damage|p2a: Empoleon|23/100 brn|[from] brn\n|upkeep\n|turn|5\n|-activate|p2a: Empoleon|item: Quick Claw\n|\n|t:|1776039757\n|switch|p1b: Delphox|Delphox-Mega, L50, F|100/100\n|move|p2a: Empoleon|Hydro Pump|p1b: Delphox\n|-supereffective|p1b: Delphox|1\n|-damage|p1b: Delphox|0 fnt\n|faint|p1b: Delphox\n|move|p1a: Kingambit|Kowtow Cleave|p2a: Empoleon\n|-crit|p2a: Empoleon\n|-damage|p2a: Empoleon|0 fnt\n|faint|p2a: Empoleon\n|move|p2b: Smoothie|Psychic|p1a: Kingambit\n|-immune|p1a: Kingambit\n|\n|-fieldend|move: Trick Room\n|upkeep\n|\n|t:|1776039767\n|switch|p1b: Sneasler|Sneasler, L50, F|100/100\n|switch|p2a: Rotom|Rotom-Heat, L50|71/100\n|turn|6\n|\n|t:|1776039775\n|move|p1a: Kingambit|Protect|p1a: Kingambit\n|-singleturn|p1a: Kingambit|Protect\n|move|p2a: Rotom|Volt Switch|p1a: Kingambit\n|-activate|p1a: Kingambit|move: Protect\n|move|p1b: Sneasler|Close Combat|p2b: Smoothie\n|-damage|p2b: Smoothie|0 fnt\n|-unboost|p1b: Sneasler|def|1\n|-unboost|p1b: Sneasler|spd|1\n|faint|p2b: Smoothie\n|-enditem|p1b: Sneasler|White Herb\n|-clearnegativeboost|p1b: Sneasler|[silent]\n|\n|upkeep\n|\n|t:|1776039777\n|switch|p2b: Inevitability|Crabominable, L50, M|100/100\n|turn|7\n|\n|t:|1776039801\n|detailschange|p2b: Inevitability|Crabominable-Mega, L50, M\n|-mega|p2b: Inevitability|Crabominable|Crabominite\n|move|p1a: Kingambit|Sucker Punch|p2a: Rotom\n|-damage|p2a: Rotom|1/100\n|move|p1b: Sneasler|Close Combat|p2b: Inevitability\n|-supereffective|p2b: Inevitability|1\n|-crit|p2b: Inevitability\n|-damage|p2b: Inevitability|0 fnt\n|-unboost|p1b: Sneasler|def|1\n|-unboost|p1b: Sneasler|spd|1\n|faint|p2b: Inevitability\n|move|p2a: Rotom|Volt Switch|p1a: Kingambit\n|-damage|p1a: Kingambit|0 fnt\n|faint|p1a: Kingambit\n|\n|upkeep\n|\n|t:|1776039807\n|switch|p1a: Rotom|Rotom-Wash, L50|53/100\n|turn|8\n|\n|t:|1776039810\n|move|p1b: Sneasler|Close Combat|p2a: Rotom\n|-damage|p2a: Rotom|0 fnt\n|-unboost|p1b: Sneasler|def|1\n|-unboost|p1b: Sneasler|spd|1\n|faint|p2a: Rotom\n|\n|win|giftedyewsucks\n|raw|giftedyewsucks's rating: 1379 &rarr; <strong>1396</strong><br />(+17 for winning)\n|raw|Porygon 32's rating: 1321 &rarr; <strong>1304</strong><br />(-17 for losing)\n|l|\u2606Porygon 32\n|player|p2|\n|j| Kjorb\n|l| AOM Hades\n|l| Kjorb\n",
  "uploadtime": 1776039824,
  "views": 38,
  "formatid": "gen9championsvgc2026regma",
  "rating": 1304,
  "private": 0,
  "password": null
}