{
  "id": "gen9championsvgc2026regma-2586057154",
  "format": "[Gen 9 Champions] VGC 2026 Reg M-A",
  "players": [
    "LBLFUSION",
    "Phillip Blevin"
  ],
  "log": "|j|\u2606LBLFUSION\n|j|\u2606Phillip Blevin\n|t:|1776394482\n|gametype|doubles\n|player|p1|LBLFUSION|1|1321\n|player|p2|Phillip Blevin|cynthia-masters4|1332\n|gen|9\n|tier|[Gen 9 Champions] VGC 2026 Reg M-A\n|rated|\n|rule|Species Clause: Limit one of each Pok\u00e9mon\n|rule|Item Clause: Limit 1 of each item\n|clearpoke\n|poke|p1|Kangaskhan, L50, F|\n|poke|p1|Kingambit, L50, M|\n|poke|p1|Sinistcha-Masterpiece, L50|\n|poke|p1|Sneasler, L50, F|\n|poke|p1|Milotic, L50, M|\n|poke|p1|Lucario, L50, M|\n|poke|p2|Froslass, L50, F|\n|poke|p2|Corviknight, L50, F|\n|poke|p2|Sneasler, L50, M|\n|poke|p2|Rotom-Mow, L50|\n|poke|p2|Incineroar, L50, M|\n|poke|p2|Milotic, L50, M|\n|teampreview|4\n|inactive|Battle timer is ON: inactive players will automatically lose when time's up. (requested by Phillip Blevin)\nPhillip Blevin has agreed to open team sheets.\n|\n|t:|1776394505\n|teamsize|p1|4\n|teamsize|p2|4\n|start\n|switch|p1a: Lucario|Lucario, L50, M|100/100\n|switch|p1b: Kangaskhan|Kangaskhan, L50, F|100/100\n|switch|p2a: Corviknight|Corviknight, L50, F|100/100\n|switch|p2b: Froslass|Froslass, L50, F|100/100\n|turn|1\n|\n|t:|1776394519\n|detailschange|p1b: Kangaskhan|Kangaskhan-Mega, L50, F\n|-mega|p1b: Kangaskhan|Kangaskhan|Kangaskhanite\n|move|p2b: Froslass|Protect|p2b: Froslass\n|-singleturn|p2b: Froslass|Protect\n|move|p1a: Lucario|Coaching|p1b: Kangaskhan\n|-boost|p1b: Kangaskhan|atk|1\n|-boost|p1b: Kangaskhan|def|1\n|move|p1b: Kangaskhan|Crunch|p2b: Froslass\n|-activate|p2b: Froslass|move: Protect\n|move|p2a: Corviknight|Bulk Up|p2a: Corviknight\n|-boost|p2a: Corviknight|atk|1\n|-boost|p2a: Corviknight|def|1\n|\n|upkeep\n|turn|2\n|\n|t:|1776394541\n|detailschange|p2b: Froslass|Froslass-Mega, L50, F\n|-mega|p2b: Froslass|Froslass|Froslassite\n|-weather|Snowscape|[from] ability: Snow Warning|[of] p2b: Froslass\n|move|p1a: Lucario|Coaching|p1b: Kangaskhan\n|-boost|p1b: Kangaskhan|atk|1\n|-boost|p1b: Kangaskhan|def|1\n|move|p2b: Froslass|Aurora Veil|p2b: Froslass\n|-sidestart|p2: Phillip Blevin|move: Aurora Veil\n|move|p1b: Kangaskhan|Crunch|p2b: Froslass\n|-supereffective|p2b: Froslass|1\n|-damage|p2b: Froslass|13/100\n|-supereffective|p2b: Froslass|1\n|-damage|p2b: Froslass|0 fnt\n|faint|p2b: Froslass\n|-hitcount|p2: Froslass|2\n|move|p2a: Corviknight|Body Press|p1b: Kangaskhan\n|-supereffective|p1b: Kangaskhan|1\n|-damage|p1b: Kangaskhan|61/100\n|\n|-weather|Snowscape|[upkeep]\n|upkeep\n|\n|t:|1776394552\n|switch|p2b: Incineroar|Incineroar, L50, M|100/100\n|-ability|p2b: Incineroar|Intimidate|boost\n|-fail|p1a: Lucario|unboost|Attack|[from] ability: Inner Focus|[of] p1a: Lucario\n|-unboost|p1b: Kangaskhan|atk|1\n|turn|3\n|\n|t:|1776394569\n|switch|p1b: Milotic|Milotic, L50, M|100/100\n|move|p2b: Incineroar|Fake Out|p1b: Milotic\n|-damage|p1b: Milotic|89/100\n|move|p1a: Lucario|Coaching|p1b: Milotic\n|-boost|p1b: Milotic|atk|1\n|-boost|p1b: Milotic|def|1\n|move|p2a: Corviknight|Bulk Up|p2a: Corviknight\n|-boost|p2a: Corviknight|atk|1\n|-boost|p2a: Corviknight|def|1\n|\n|-weather|Snowscape|[upkeep]\n|upkeep\n|turn|4\n|\n|t:|1776394581\n|switch|p2b: Sneasler|Sneasler, L50, M|100/100\n|-ability|p2b: Sneasler|Pressure\n|move|p1a: Lucario|Coaching|p1b: Milotic\n|-boost|p1b: Milotic|atk|1\n|-boost|p1b: Milotic|def|1\n|move|p1b: Milotic|Scald|p2a: Corviknight\n|-damage|p2a: Corviknight|77/100\n|move|p2a: Corviknight|Body Press|p1a: Lucario\n|-supereffective|p1a: Lucario|1\n|-damage|p1a: Lucario|0 fnt\n|faint|p1a: Lucario\n|\n|-weather|Snowscape|[upkeep]\n|-heal|p2a: Corviknight|82/100|[from] item: Leftovers\n|upkeep\n|\n|t:|1776394592\n|switch|p1a: Sinistcha|Sinistcha-Masterpiece, L50|100/100\n|-heal|p1b: Milotic|100/100|[from] ability: Hospitality|[of] p1a: Sinistcha\n|turn|5\n|\n|t:|1776394605\n|move|p2b: Sneasler|Fake Out|p1b: Milotic\n|-damage|p1b: Milotic|93/100\n|cant|p1b: Milotic|flinch\n|move|p1a: Sinistcha|Matcha Gotcha|p2a: Corviknight|[spread] p2a,p2b\n|-resisted|p2a: Corviknight|2\n|-resisted|p2b: Sneasler|1\n|-damage|p2a: Corviknight|78/100\n|-damage|p2b: Sneasler|85/100\n|move|p2a: Corviknight|Brave Bird|p1a: Sinistcha\n|-supereffective|p1a: Sinistcha|1\n|-enditem|p1a: Sinistcha|Focus Sash\n|-damage|p1a: Sinistcha|1/100\n|-damage|p2a: Corviknight|49/100|[from] Recoil\n|\n|-weather|Snowscape|[upkeep]\n|-heal|p2a: Corviknight|55/100|[from] item: Leftovers\n|upkeep\n|turn|6\n|c|\u2606LBLFUSION|WAW\n|\n|t:|1776394629\n|switch|p1a: Kangaskhan|Kangaskhan-Mega, L50, F|61/100\n|move|p2b: Sneasler|Dire Claw|p1b: Milotic\n|-damage|p1b: Milotic|71/100\n|move|p1b: Milotic|Scald|p2a: Corviknight\n|-damage|p2a: Corviknight|32/100\n|move|p2a: Corviknight|Brave Bird|p1b: Milotic\n|-damage|p1b: Milotic|31/100\n|-enditem|p1b: Milotic|Sitrus Berry|[eat]\n|-heal|p1b: Milotic|56/100|[from] item: Sitrus Berry\n|-damage|p2a: Corviknight|19/100|[from] Recoil\n|\n|-weather|none\n|-heal|p2a: Corviknight|24/100|[from] item: Leftovers\n|-sideend|p2: Phillip Blevin|move: Aurora Veil\n|upkeep\n|turn|7\n|\n|t:|1776394652\n|move|p1a: Kangaskhan|Fake Out|p2b: Sneasler\n|-damage|p2b: Sneasler|48/100\n|-damage|p2b: Sneasler|39/100\n|-hitcount|p2b: Sneasler|2\n|cant|p2b: Sneasler|flinch\n|move|p1b: Milotic|Scald|p2a: Corviknight\n|-damage|p2a: Corviknight|0 fnt\n|faint|p2a: Corviknight\n|\n|upkeep\n|\n|t:|1776394661\n|switch|p2a: Incineroar|Incineroar, L50, M|100/100\n|-ability|p2a: Incineroar|Intimidate|boost\n|-unboost|p1a: Kangaskhan|atk|1\n|-unboost|p1b: Milotic|atk|1\n|-ability|p1b: Milotic|Competitive|boost\n|-boost|p1b: Milotic|spa|2\n|turn|8\n|\n|t:|1776394675\n|switch|p1a: Sinistcha|Sinistcha-Masterpiece, L50|1/100\n|-heal|p1b: Milotic|81/100|[from] ability: Hospitality|[of] p1a: Sinistcha\n|move|p2a: Incineroar|Fake Out|p1b: Milotic\n|-damage|p1b: Milotic|75/100\n|move|p2b: Sneasler|Dire Claw|p1b: Milotic\n|-damage|p1b: Milotic|51/100\n|cant|p1b: Milotic|flinch\n|\n|upkeep\n|turn|9\n|\n|t:|1776394688\n|move|p1a: Sinistcha|Rage Powder|p1a: Sinistcha\n|-singleturn|p1a: Sinistcha|move: Rage Powder\n|move|p2b: Sneasler|Dire Claw|p1a: Sinistcha\n|-damage|p1a: Sinistcha|0 fnt\n|faint|p1a: Sinistcha\n|move|p1b: Milotic|Scald|p2a: Incineroar\n|-supereffective|p2a: Incineroar|1\n|-enditem|p2a: Incineroar|Passho Berry|[eat]\n|-enditem|p2a: Incineroar|Passho Berry|[weaken]\n|-damage|p2a: Incineroar|40/100\n|move|p2a: Incineroar|Darkest Lariat|p1b: Milotic\n|-damage|p1b: Milotic|18/100\n|\n|upkeep\n|\n|t:|1776394693\n|switch|p1a: Kangaskhan|Kangaskhan-Mega, L50, F|61/100\n|turn|10\n|\n|t:|1776394714\n|move|p2b: Sneasler|Protect|p2b: Sneasler\n|-singleturn|p2b: Sneasler|Protect\n|move|p1a: Kangaskhan|Fake Out|p2b: Sneasler\n|-activate|p2b: Sneasler|move: Protect\n|move|p1b: Milotic|Scald|p2a: Incineroar\n|-supereffective|p2a: Incineroar|1\n|-damage|p2a: Incineroar|0 fnt\n|faint|p2a: Incineroar\n|\n|upkeep\n|turn|11\n|\n|t:|1776394726\n|move|p2b: Sneasler|Dire Claw|p1b: Milotic\n|-damage|p1b: Milotic|0 fnt\n|faint|p1b: Milotic\n|move|p1a: Kangaskhan|Double-Edge|p2b: Sneasler\n|-damage|p2b: Sneasler|0 fnt\n|faint|p2b: Sneasler\n|-hitcount|p2: Sneasler|1\n|-damage|p1a: Kangaskhan|51/100|[from] Recoil\n|\n|win|LBLFUSION\n|raw|LBLFUSION's rating: 1321 &rarr; <strong>1342</strong><br />(+21 for winning)\n|raw|Phillip Blevin's rating: 1332 &rarr; <strong>1311</strong><br />(-21 for losing)\n",
  "uploadtime": 1776394726,
  "views": 25,
  "formatid": "gen9championsvgc2026regma",
  "rating": 1311,
  "private": 0,
  "password": null
}