{
  "id": "gen9championsvgc2026regma-2586681277",
  "format": "[Gen 9 Champions] VGC 2026 Reg M-A",
  "players": [
    "funnymangav",
    "Yslade"
  ],
  "log": "|j|\u2606funnymangav\n|j|\u2606Yslade\n|t:|1776451747\n|gametype|doubles\n|player|p1|funnymangav|dawn|1200\n|player|p2|Yslade|preschooler|1226\n|gen|9\n|tier|[Gen 9 Champions] VGC 2026 Reg M-A\n|rated|\n|rule|Species Clause: Limit one of each Pok\u00e9mon\n|rule|Item Clause: Limit 1 of each item\n|clearpoke\n|poke|p1|Gengar, L50, F|\n|poke|p1|Farigiraf, L50, M|\n|poke|p1|Arcanine-Hisui, L50, F|\n|poke|p1|Sneasler, L50, F|\n|poke|p1|Whimsicott, L50, F|\n|poke|p1|Bellibolt, L50, F|\n|poke|p2|Oranguru, L50, M|\n|poke|p2|Torkoal, L50, F|\n|poke|p2|Hatterene, L50, F|\n|poke|p2|Drampa, L50, M|\n|poke|p2|Venusaur, L50, M|\n|poke|p2|Incineroar, L50, M|\n|teampreview|4\n|inactive|Battle timer is ON: inactive players will automatically lose when time's up. (requested by funnymangav)\n|inactive|Yslade also wants the timer to be on.\nYslade rejected open team sheets.\n|\n|t:|1776451772\n|teamsize|p1|4\n|teamsize|p2|4\n|start\n|switch|p1a: :3|Gengar, L50, F|100/100\n|switch|p1b: Man|Sneasler, L50, F|100/100\n|switch|p2a: Torkoal|Torkoal, L50, F|100/100\n|switch|p2b: Oranguru|Oranguru, L50, M|100/100\n|-weather|SunnyDay|[from] ability: Drought|[of] p2a: Torkoal\n|turn|1\n|\n|t:|1776451785\n|detailschange|p1a: :3|Gengar-Mega, L50, F\n|-mega|p1a: :3|Gengar|Gengarite\n|move|p2a: Torkoal|Protect|p2a: Torkoal\n|-singleturn|p2a: Torkoal|Protect\n|move|p1b: Man|Close Combat|p2b: Oranguru\n|-damage|p2b: Oranguru|55/100\n|-unboost|p1b: Man|def|1\n|-unboost|p1b: Man|spd|1\n|-enditem|p1b: Man|White Herb\n|-clearnegativeboost|p1b: Man|[silent]\n|move|p1a: :3|Sludge Bomb|p2b: Oranguru\n|-damage|p2b: Oranguru|5/100\n|move|p2b: Oranguru|Trick Room|p2b: Oranguru\n|-fieldstart|move: Trick Room|[of] p2b: Oranguru\n|\n|-weather|SunnyDay|[upkeep]\n|upkeep\n|turn|2\n|\n|t:|1776451805\n|switch|p1b: Dog|Arcanine-Hisui, L50, F|100/100\n|-ability|p1b: Dog|Intimidate|boost\n|-unboost|p2a: Torkoal|atk|1\n|-fail|p2b: Oranguru|unboost|Attack|[from] ability: Inner Focus|[of] p2b: Oranguru\n|move|p1a: :3|Protect|p1a: :3\n|-singleturn|p1a: :3|Protect\n|move|p2a: Torkoal|Eruption|p1b: Dog|[spread] p1b\n|-activate|p1a: :3|move: Protect\n|-resisted|p1b: Dog|2\n|-damage|p1b: Dog|75/100\n|move|p2b: Oranguru|Psyshock|p1a: :3\n|-activate|p1a: :3|move: Protect\n|\n|-weather|SunnyDay|[upkeep]\n|upkeep\n|turn|3\n|\n|t:|1776451825\n|switch|p1a: Plant|Whimsicott, L50, F|100/100\n|move|p2a: Torkoal|Earth Power|p1b: Dog\n|-supereffective|p1b: Dog|2\n|-damage|p1b: Dog|0 fnt\n|faint|p1b: Dog\n|move|p2b: Oranguru|Psyshock|p1a: Plant\n|-damage|p1a: Plant|72/100\n|\n|-weather|SunnyDay|[upkeep]\n|upkeep\n|\n|t:|1776451833\n|switch|p1b: :3|Gengar-Mega, L50, F|100/100\n|turn|4\n|\n|t:|1776451846\n|move|p1b: :3|Protect|p1b: :3\n|-singleturn|p1b: :3|Protect\n|move|p1a: Plant|Taunt|p2b: Oranguru\n|-start|p2b: Oranguru|move: Taunt\n|-enditem|p2b: Oranguru|Mental Herb\n|-end|p2b: Oranguru|move: Taunt\n|move|p2a: Torkoal|Eruption|p1b: :3|[spread] p1a\n|-activate|p1b: :3|move: Protect\n|-supereffective|p1a: Plant|1\n|-damage|p1a: Plant|0 fnt\n|faint|p1a: Plant\n|move|p2b: Oranguru|Instruct|p2a: Torkoal\n|-singleturn|p2a: Torkoal|move: Instruct|[of] p2b: Oranguru\n|move|p2a: Torkoal|Eruption|p1b: :3\n|-activate|p1b: :3|move: Protect\n|\n|-weather|SunnyDay|[upkeep]\n|upkeep\n|\n|t:|1776451857\n|switch|p1a: Man|Sneasler, L50, F|100/100\n|turn|5\n|\n|t:|1776451865\n|move|p1b: :3|Protect||[still]\n|-fail|p1b: :3\n|move|p1a: Man|Protect|p1a: Man\n|-singleturn|p1a: Man|Protect\n|move|p2a: Torkoal|Eruption|p1b: :3|[spread] p1b\n|-activate|p1a: Man|move: Protect\n|-damage|p1b: :3|0 fnt\n|faint|p1b: :3\n|move|p2b: Oranguru|Psyshock|p1a: Man\n|-activate|p1a: Man|move: Protect\n|\n|-weather|none\n|-fieldend|move: Trick Room\n|upkeep\n|turn|6\n|\n|t:|1776451879\n|move|p1a: Man|Dire Claw|p2a: Torkoal\n|-damage|p2a: Torkoal|69/100\n|-status|p2a: Torkoal|psn\n|move|p2b: Oranguru|Psyshock|p1a: Man\n|-supereffective|p1a: Man|2\n|-damage|p1a: Man|0 fnt\n|faint|p1a: Man\n|\n|win|Yslade\n|raw|funnymangav's rating: 1200 &rarr; <strong>1177</strong><br />(-23 for losing)\n|raw|Yslade's rating: 1226 &rarr; <strong>1249</strong><br />(+23 for winning)\n|l|\u2606funnymangav\n|player|p1|\n",
  "uploadtime": 1776451889,
  "views": 38,
  "formatid": "gen9championsvgc2026regma",
  "rating": 1177,
  "private": 0,
  "password": null
}