{
  "id": "gen9championsvgc2026regma-2586466765",
  "format": "[Gen 9 Champions] VGC 2026 Reg M-A",
  "players": [
    "EllAkuro",
    "i_epix"
  ],
  "log": "|j|\u2606EllAkuro\n|j|\u2606i_epix\n|t:|1776436676\n|gametype|doubles\n|player|p1|EllAkuro|101|1388\n|player|p2|i_epix|266|1368\n|gen|9\n|tier|[Gen 9 Champions] VGC 2026 Reg M-A\n|rated|\n|rule|Species Clause: Limit one of each Pok\u00e9mon\n|rule|Item Clause: Limit 1 of each item\n|clearpoke\n|poke|p1|Clefable, L50, M|\n|poke|p1|Slowbro, L50, F|\n|poke|p1|Kangaskhan, L50, F|\n|poke|p1|Torterra, L50, F|\n|poke|p1|Rotom-Heat, L50|\n|poke|p1|Sneasler, L50, F|\n|poke|p2|Glimmora, L50, M|\n|poke|p2|Froslass, L50, F|\n|poke|p2|Incineroar, L50, M|\n|poke|p2|Talonflame, L50, M|\n|poke|p2|Farigiraf, L50, F|\n|poke|p2|Decidueye-Hisui, L50, M|\n|teampreview|4\n|inactive|Battle timer is ON: inactive players will automatically lose when time's up. (requested by i_epix)\n|inactive|EllAkuro has 60 seconds left.\n|inactive|i_epix has 60 seconds left.\n|\n|t:|1776436710\n|teamsize|p1|4\n|teamsize|p2|4\n|start\n|switch|p1a: Sneasler|Sneasler, L50, F|100/100\n|switch|p1b: Kangaskhan|Kangaskhan, L50, F|100/100\n|switch|p2a: Talonflame|Talonflame, L50, M|100/100\n|switch|p2b: Glimmora|Glimmora, L50, M|100/100\n|turn|1\n|\n|t:|1776436723\n|detailschange|p2b: Glimmora|Glimmora-Mega, L50, M\n|-mega|p2b: Glimmora|Glimmora|Glimmoranite\n|detailschange|p1b: Kangaskhan|Kangaskhan-Mega, L50, F\n|-mega|p1b: Kangaskhan|Kangaskhan|Kangaskhanite\n|move|p2a: Talonflame|Quick Guard|p2a: Talonflame\n|-singleturn|p2a: Talonflame|Quick Guard\n|move|p1a: Sneasler|Coaching|p1b: Kangaskhan\n|-boost|p1b: Kangaskhan|atk|1\n|-boost|p1b: Kangaskhan|def|1\n|move|p2b: Glimmora|Earth Power|p1a: Sneasler\n|-supereffective|p1a: Sneasler|1\n|-damage|p1a: Sneasler|1/100\n|move|p1b: Kangaskhan|Drain Punch|p2b: Glimmora\n|-damage|p2b: Glimmora|64/100\n|-damage|p2b: Glimmora|56/100\n|-hitcount|p2b: Glimmora|2\n|\n|upkeep\n|turn|2\n|\n|t:|1776436746\n|move|p2a: Talonflame|Acrobatics|p1a: Sneasler\n|-supereffective|p1a: Sneasler|1\n|-damage|p1a: Sneasler|0 fnt\n|faint|p1a: Sneasler\n|move|p2b: Glimmora|Sludge Bomb|p1b: Kangaskhan\n|-damage|p1b: Kangaskhan|48/100\n|move|p1b: Kangaskhan|Body Slam|p2a: Talonflame\n|-damage|p2a: Talonflame|6/100\n|-damage|p2a: Talonflame|0 fnt\n|faint|p2a: Talonflame\n|-hitcount|p2: Talonflame|2\n|\n|upkeep\n|\n|t:|1776436758\n|switch|p2a: Incineroar|Incineroar, L50, M|100/100\n|switch|p1a: Rotom|Rotom-Heat, L50|100/100\n|-ability|p2a: Incineroar|Intimidate|boost\n|-unboost|p1a: Rotom|atk|1\n|-unboost|p1b: Kangaskhan|atk|1\n|turn|3\n|\n|t:|1776436766\n|switch|p1b: Torterra|Torterra, L50, F|100/100\n|move|p2a: Incineroar|Fake Out|p1a: Rotom\n|-damage|p1a: Rotom|86/100\n|cant|p1a: Rotom|flinch\n|move|p2b: Glimmora|Sludge Bomb|p1b: Torterra\n|-damage|p1b: Torterra|27/100\n|\n|upkeep\n|turn|4\n|\n|t:|1776436781\n|move|p1b: Torterra|Protect|p1b: Torterra\n|-singleturn|p1b: Torterra|Protect\n|move|p1a: Rotom|Electroweb|p2b: Glimmora|[spread] p2a,p2b\n|-damage|p2a: Incineroar|84/100\n|-damage|p2b: Glimmora|33/100\n|-unboost|p2a: Incineroar|spe|1\n|-unboost|p2b: Glimmora|spe|1\n|move|p2b: Glimmora|Sludge Bomb|p1b: Torterra\n|-activate|p1b: Torterra|move: Protect\n|move|p2a: Incineroar|Darkest Lariat|p1a: Rotom\n|-damage|p1a: Rotom|32/100\n|\n|upkeep\n|turn|5\n|\n|t:|1776436797\n|switch|p2b: Farigiraf|Farigiraf, L50, F|100/100\n|move|p1a: Rotom|Electroweb|p2b: Farigiraf|[spread] p2a,p2b\n|-damage|p2a: Incineroar|68/100\n|-damage|p2b: Farigiraf|82/100\n|-unboost|p2a: Incineroar|spe|1\n|-unboost|p2b: Farigiraf|spe|1\n|move|p1b: Torterra|Headlong Rush|p2b: Farigiraf\n|-damage|p2b: Farigiraf|35/100\n|-unboost|p1b: Torterra|def|1\n|-unboost|p1b: Torterra|spd|1\n|-enditem|p1b: Torterra|White Herb\n|-clearnegativeboost|p1b: Torterra|[silent]\n|move|p2a: Incineroar|Darkest Lariat|p1a: Rotom\n|-damage|p1a: Rotom|0 fnt\n|faint|p1a: Rotom\n|\n|upkeep\n|\n|t:|1776436806\n|switch|p1a: Kangaskhan|Kangaskhan-Mega, L50, F|48/100\n|turn|6\n|\n|t:|1776436820\n|move|p2b: Farigiraf|Ally Switch|p2b: Farigiraf\n|swap|p2b: Farigiraf|0|[from] move: Ally Switch\n|move|p1a: Kangaskhan|Drain Punch|p2b: Incineroar\n|-supereffective|p2b: Incineroar|1\n|-crit|p2b: Incineroar\n|-damage|p2b: Incineroar|6/100\n|-heal|p1a: Kangaskhan|77/100|[from] drain|[of] p2b: Incineroar\n|-enditem|p2b: Incineroar|Sitrus Berry|[eat]\n|-heal|p2b: Incineroar|31/100|[from] item: Sitrus Berry\n|-supereffective|p2b: Incineroar|1\n|-damage|p2b: Incineroar|21/100\n|-heal|p1a: Kangaskhan|82/100|[from] drain|[of] p2b: Incineroar\n|-hitcount|p2b: Incineroar|2\n|move|p1b: Torterra|Headlong Rush|p2a: Farigiraf\n|-damage|p2a: Farigiraf|0 fnt\n|-unboost|p1b: Torterra|def|1\n|-unboost|p1b: Torterra|spd|1\n|faint|p2a: Farigiraf\n|move|p2b: Incineroar|Parting Shot|p1a: Kangaskhan\n|-unboost|p1a: Kangaskhan|atk|1\n|-unboost|p1a: Kangaskhan|spa|1\n|\n|t:|1776436833\n|switch|p2b: Glimmora|Glimmora-Mega, L50, M|33/100|[from] Parting Shot\n|\n|upkeep\n|\n|t:|1776436834\n|switch|p2a: Incineroar|Incineroar, L50, M|21/100\n|-ability|p2a: Incineroar|Intimidate|boost\n|-unboost|p1a: Kangaskhan|atk|1\n|-unboost|p1b: Torterra|atk|1\n|turn|7\n|\n|t:|1776436849\n|move|p1b: Torterra|Protect|p1b: Torterra\n|-singleturn|p1b: Torterra|Protect\n|move|p2a: Incineroar|Fake Out|p1a: Kangaskhan\n|-damage|p1a: Kangaskhan|74/100\n|cant|p1a: Kangaskhan|flinch\n|move|p2b: Glimmora|Sludge Bomb|p1a: Kangaskhan\n|-damage|p1a: Kangaskhan|17/100\n|\n|upkeep\n|turn|8\n|inactive|EllAkuro has 30 seconds left.\n|inactive|EllAkuro has 20 seconds left.\n|inactive|i_epix has 30 seconds left.\n|inactive|EllAkuro has 15 seconds left.\n|\n|t:|1776436890\n|move|p2b: Glimmora|Spiky Shield|p2b: Glimmora\n|-singleturn|p2b: Glimmora|move: Protect\n|move|p1a: Kangaskhan|Drain Punch|p2a: Incineroar\n|-supereffective|p2a: Incineroar|1\n|-damage|p2a: Incineroar|1/100\n|-heal|p1a: Kangaskhan|26/100|[from] drain|[of] p2a: Incineroar\n|-supereffective|p2a: Incineroar|1\n|-damage|p2a: Incineroar|0 fnt\n|-heal|p1a: Kangaskhan|27/100|[from] drain|[of] p2a: Incineroar\n|faint|p2a: Incineroar\n|-hitcount|p2: Incineroar|2\n|move|p1b: Torterra|Headlong Rush|p2b: Glimmora\n|-activate|p2b: Glimmora|move: Protect\n|-damage|p1b: Torterra|15/100|[from] Spiky Shield|[of] p2b: Glimmora\n|\n|upkeep\n|turn|9\n|\n|t:|1776436910\n|move|p2b: Glimmora|Sludge Bomb|p1b: Torterra\n|-damage|p1b: Torterra|0 fnt\n|faint|p1b: Torterra\n|move|p1a: Kangaskhan|Drain Punch|p2b: Glimmora\n|-damage|p2b: Glimmora|19/100\n|-heal|p1a: Kangaskhan|32/100|[from] drain|[of] p2b: Glimmora\n|-damage|p2b: Glimmora|17/100\n|-heal|p1a: Kangaskhan|33/100|[from] drain|[of] p2b: Glimmora\n|-hitcount|p2b: Glimmora|2\n|\n|upkeep\n|turn|10\n|\n|t:|1776436919\n|move|p2b: Glimmora|Spiky Shield|p2b: Glimmora\n|-singleturn|p2b: Glimmora|move: Protect\n|move|p1a: Kangaskhan|Sucker Punch||[still]\n|-fail|p1a: Kangaskhan\n|\n|upkeep\n|turn|11\n|\n|t:|1776436928\n|move|p1a: Kangaskhan|Sucker Punch|p2b: Glimmora\n|-damage|p2b: Glimmora|4/100\n|-crit|p2b: Glimmora\n|-damage|p2b: Glimmora|0 fnt\n|faint|p2b: Glimmora\n|-hitcount|p2: Glimmora|2\n|\n|win|EllAkuro\n|raw|EllAkuro's rating: 1388 &rarr; <strong>1407</strong><br />(+19 for winning)\n|raw|i_epix's rating: 1368 &rarr; <strong>1349</strong><br />(-19 for losing)\n",
  "uploadtime": 1776436933,
  "views": 31,
  "formatid": "gen9championsvgc2026regma",
  "rating": 1349,
  "private": 0,
  "password": null
}