{
  "id": "gen9championsvgc2026regma-2584277009",
  "format": "[Gen 9 Champions] VGC 2026 Reg M-A",
  "players": [
    "EXSA",
    "Dhervas15"
  ],
  "log": "|j|\u2606EXSA\n|j|\u2606Dhervas15\n|t:|1776246228\n|gametype|doubles\n|player|p1|EXSA|266|1201\n|player|p2|Dhervas15|sage|1215\n|gen|9\n|tier|[Gen 9 Champions] VGC 2026 Reg M-A\n|rated|\n|rule|Species Clause: Limit one of each Pok\u00e9mon\n|rule|Item Clause: Limit 1 of each item\n|clearpoke\n|poke|p1|Charizard, L50, F|\n|poke|p1|Incineroar, L50, M|\n|poke|p1|Maushold-Four, L50|\n|poke|p1|Hawlucha, L50, F|\n|poke|p1|Garchomp, L50, M|\n|poke|p1|Whimsicott, L50, F|\n|poke|p2|Arcanine, L50, M|\n|poke|p2|Rotom-Wash, L50|\n|poke|p2|Garchomp, L50, M|\n|poke|p2|Venusaur, L50, F|\n|poke|p2|Corviknight, L50, M|\n|poke|p2|Sneasler, L50, F|\n|teampreview|4\n|\n|t:|1776246288\n|teamsize|p1|4\n|teamsize|p2|4\n|start\n|switch|p1a: Charizard|Charizard, L50, F, shiny|100/100\n|switch|p1b: Whimsicott|Whimsicott, L50, F|100/100\n|switch|p2a: Corviknight|Corviknight, L50, M|100/100\n|switch|p2b: Arcanine|Arcanine, L50, M|100/100\n|-ability|p2b: Arcanine|Intimidate|boost\n|-unboost|p1a: Charizard|atk|1\n|-unboost|p1b: Whimsicott|atk|1\n|turn|1\n|\n|t:|1776246308\n|move|p2a: Corviknight|Protect|p2a: Corviknight\n|-singleturn|p2a: Corviknight|Protect\n|move|p1b: Whimsicott|Tailwind|p1b: Whimsicott\n|-sidestart|p1: EXSA|move: Tailwind\n|move|p1a: Charizard|Heat Wave|p2a: Corviknight|[spread] \n|-activate|p2a: Corviknight|move: Protect\n|-miss|p1a: Charizard|p2b: Arcanine\n|move|p2b: Arcanine|Flare Blitz|p1b: Whimsicott\n|-supereffective|p1b: Whimsicott|1\n|-enditem|p1b: Whimsicott|Focus Sash\n|-damage|p1b: Whimsicott|1/100\n|-damage|p2b: Arcanine|78/100|[from] Recoil\n|\n|upkeep\n|turn|2\n|\n|t:|1776246334\n|switch|p1b: Garchomp|Garchomp, L50, M|100/100\n|switch|p2a: Sneasler|Sneasler, L50, F|100/100\n|move|p1a: Charizard|Heat Wave|p2a: Sneasler|[spread] p2a\n|-miss|p1a: Charizard|p2b: Arcanine\n|-damage|p2a: Sneasler|58/100\n|-status|p2a: Sneasler|brn\n|move|p2b: Arcanine|Snarl|p1a: Charizard|[spread] p1a,p1b\n|-damage|p1a: Charizard|90/100\n|-damage|p1b: Garchomp|91/100\n|-unboost|p1a: Charizard|spa|1\n|-unboost|p1b: Garchomp|spa|1\n|\n|-damage|p2a: Sneasler|52/100 brn|[from] brn\n|upkeep\n|turn|3\n|\n|t:|1776246366\n|switch|p1b: Incineroar|Incineroar, L50, M|100/100\n|-ability|p1b: Incineroar|Intimidate|boost\n|-unboost|p2a: Sneasler|atk|1\n|-unboost|p2b: Arcanine|atk|1\n|switch|p2b: Corviknight|Corviknight, L50, M|100/100\n|move|p2a: Sneasler|Fake Out|p1a: Charizard\n|-damage|p1a: Charizard|83/100\n|cant|p1a: Charizard|flinch\n|\n|-damage|p2a: Sneasler|46/100 brn|[from] brn\n|upkeep\n|turn|4\n|\n|t:|1776246382\n|move|p2b: Corviknight|Protect|p2b: Corviknight\n|-singleturn|p2b: Corviknight|Protect\n|move|p1a: Charizard|Heat Wave|p2a: Sneasler|[spread] p2a\n|-activate|p2b: Corviknight|move: Protect\n|-damage|p2a: Sneasler|15/100 brn\n|move|p2a: Sneasler|Close Combat|p1b: Incineroar\n|-supereffective|p1b: Incineroar|1\n|-damage|p1b: Incineroar|60/100\n|-unboost|p2a: Sneasler|def|1\n|-unboost|p2a: Sneasler|spd|1\n|move|p1b: Incineroar|Flare Blitz|p2b: Corviknight\n|-activate|p2b: Corviknight|move: Protect\n|\n|-damage|p2a: Sneasler|9/100 brn|[from] brn\n|-sideend|p1: EXSA|move: Tailwind\n|upkeep\n|turn|5\n|\n|t:|1776246413\n|switch|p2a: Arcanine|Arcanine, L50, M|78/100\n|-ability|p2a: Arcanine|Intimidate|boost\n|-unboost|p1a: Charizard|atk|1\n|-unboost|p1b: Incineroar|atk|1\n|switch|p1b: Garchomp|Garchomp, L50, M|91/100\n|move|p1a: Charizard|Heat Wave|p2a: Arcanine|[spread] p2a,p2b\n|-resisted|p2a: Arcanine|1\n|-supereffective|p2b: Corviknight|1\n|-crit|p2b: Corviknight\n|-damage|p2a: Arcanine|66/100\n|-damage|p2b: Corviknight|15/100\n|move|p2b: Corviknight|Tailwind|p2b: Corviknight\n|-sidestart|p2: Dhervas15|move: Tailwind\n|\n|-heal|p2b: Corviknight|20/100|[from] item: Leftovers\n|upkeep\n|turn|6\n|\n|t:|1776246435\n|move|p2b: Corviknight|Protect|p2b: Corviknight\n|-singleturn|p2b: Corviknight|Protect\n|move|p2a: Arcanine|Will-O-Wisp|p1b: Garchomp\n|-status|p1b: Garchomp|brn\n|move|p1b: Garchomp|Earthquake|p2a: Arcanine|[spread] p2a\n|-activate|p2b: Corviknight|move: Protect\n|-immune|p1a: Charizard\n|-supereffective|p2a: Arcanine|1\n|-damage|p2a: Arcanine|20/100\n|-enditem|p2a: Arcanine|Sitrus Berry|[eat]\n|-heal|p2a: Arcanine|45/100|[from] item: Sitrus Berry\n|move|p1a: Charizard|Heat Wave|p2a: Arcanine|[spread] p2a\n|-activate|p2b: Corviknight|move: Protect\n|-resisted|p2a: Arcanine|1\n|-damage|p2a: Arcanine|34/100\n|\n|-heal|p2b: Corviknight|26/100|[from] item: Leftovers\n|-damage|p1b: Garchomp|85/100 brn|[from] brn\n|upkeep\n|turn|7\n|\n|t:|1776246466\n|move|p2a: Arcanine|Snarl|p1b: Garchomp|[spread] p1a,p1b\n|-damage|p1a: Charizard|71/100\n|-damage|p1b: Garchomp|77/100 brn\n|-unboost|p1a: Charizard|spa|1\n|-unboost|p1b: Garchomp|spa|1\n|move|p1b: Garchomp|Earthquake|p2b: Corviknight|[spread] p2a\n|-immune|p1a: Charizard\n|-immune|p2b: Corviknight\n|-supereffective|p2a: Arcanine|1\n|-damage|p2a: Arcanine|0 fnt\n|faint|p2a: Arcanine\n|move|p2b: Corviknight|Brave Bird|p1a: Charizard\n|-damage|p1a: Charizard|16/100\n|-damage|p2b: Corviknight|13/100|[from] Recoil\n|move|p1a: Charizard|Heat Wave|p2b: Corviknight\n|-supereffective|p2b: Corviknight|1\n|-damage|p2b: Corviknight|0 fnt\n|faint|p2b: Corviknight\n|\n|-damage|p1b: Garchomp|71/100 brn|[from] brn\n|upkeep\n|\n|t:|1776246493\n|switch|p2a: Sneasler|Sneasler, L50, F|9/100 brn\n|switch|p2b: Venusaur|Venusaur, L50, F|100/100\n|turn|8\n|\n|t:|1776246520\n|switch|p1b: Incineroar|Incineroar, L50, M|60/100\n|-ability|p1b: Incineroar|Intimidate|boost\n|-unboost|p2a: Sneasler|atk|1\n|-unboost|p2b: Venusaur|atk|1\n|detailschange|p2b: Venusaur|Venusaur-Mega, L50, F\n|-mega|p2b: Venusaur|Venusaur|Venusaurite\n|move|p1a: Charizard|Protect|p1a: Charizard\n|-singleturn|p1a: Charizard|Protect\n|move|p2a: Sneasler|Fake Out|p1a: Charizard\n|-activate|p1a: Charizard|move: Protect\n|move|p2b: Venusaur|Sludge Bomb|p1a: Charizard\n|-activate|p1a: Charizard|move: Protect\n|\n|-damage|p2a: Sneasler|4/100 brn|[from] brn\n|-sideend|p2: Dhervas15|move: Tailwind\n|upkeep\n|turn|9\n|\n|t:|1776246542\n|switch|p1a: Garchomp|Garchomp, L50, M|71/100 brn\n|move|p1b: Incineroar|Fake Out|p2a: Sneasler\n|-damage|p2a: Sneasler|0 fnt\n|faint|p2a: Sneasler\n|move|p2b: Venusaur|Sludge Bomb|p1a: Garchomp\n|-resisted|p1a: Garchomp|1\n|-damage|p1a: Garchomp|49/100 brn\n|\n|-damage|p1a: Garchomp|43/100 brn|[from] brn\n|upkeep\n|turn|10\n|\n|t:|1776246559\n|move|p2b: Venusaur|Protect|p2b: Venusaur\n|-singleturn|p2b: Venusaur|Protect\n|move|p1a: Garchomp|Earthquake|p2b: Venusaur|[spread] p1b\n|-activate|p2b: Venusaur|move: Protect\n|-supereffective|p1b: Incineroar|1\n|-damage|p1b: Incineroar|19/100\n|-enditem|p1b: Incineroar|Sitrus Berry|[eat]\n|-heal|p1b: Incineroar|43/100|[from] item: Sitrus Berry\n|move|p1b: Incineroar|Flare Blitz|p2b: Venusaur\n|-activate|p2b: Venusaur|move: Protect\n|\n|-damage|p1a: Garchomp|37/100 brn|[from] brn\n|upkeep\n|turn|11\n|\n|t:|1776246580\n|switch|p1b: Charizard|Charizard, L50, F, shiny|16/100\n|move|p1a: Garchomp|Earthquake|p2b: Venusaur|[spread] p2b\n|-immune|p1b: Charizard\n|-damage|p2b: Venusaur|83/100\n|move|p2b: Venusaur|Sludge Bomb|p1b: Charizard\n|-damage|p1b: Charizard|0 fnt\n|faint|p1b: Charizard\n|\n|-damage|p1a: Garchomp|31/100 brn|[from] brn\n|upkeep\n|\n|t:|1776246594\n|switch|p1b: Whimsicott|Whimsicott, L50, F|1/100\n|turn|12\n|\n|t:|1776246604\n|switch|p1a: Incineroar|Incineroar, L50, M|43/100\n|-ability|p1a: Incineroar|Intimidate|boost\n|-unboost|p2b: Venusaur|atk|1\n|move|p1b: Whimsicott|Tailwind|p1b: Whimsicott\n|-sidestart|p1: EXSA|move: Tailwind\n|move|p2b: Venusaur|Sludge Bomb|p1b: Whimsicott\n|-supereffective|p1b: Whimsicott|2\n|-damage|p1b: Whimsicott|0 fnt\n|faint|p1b: Whimsicott\n|\n|upkeep\n|\n|t:|1776246612\n|switch|p1b: Garchomp|Garchomp, L50, M|31/100 brn\n|turn|13\n|\n|t:|1776246619\n|move|p2b: Venusaur|Protect|p2b: Venusaur\n|-singleturn|p2b: Venusaur|Protect\n|move|p1a: Incineroar|Fake Out|p2b: Venusaur\n|-activate|p2b: Venusaur|move: Protect\n|move|p1b: Garchomp|Dragon Claw|p2b: Venusaur\n|-activate|p2b: Venusaur|move: Protect\n|\n|-damage|p1b: Garchomp|25/100 brn|[from] brn\n|upkeep\n|turn|14\n|\n|t:|1776246631\n|move|p1b: Garchomp|Dragon Claw|p2b: Venusaur\n|-damage|p2b: Venusaur|65/100\n|move|p1a: Incineroar|Throat Chop|p2b: Venusaur\n|-crit|p2b: Venusaur\n|-damage|p2b: Venusaur|17/100\n|-start|p2b: Venusaur|Throat Chop|[silent]\n|move|p2b: Venusaur|Sludge Bomb|p1a: Incineroar\n|-damage|p1a: Incineroar|6/100\n|\n|-damage|p1b: Garchomp|19/100 brn|[from] brn\n|upkeep\n|turn|15\n|\n|t:|1776246653\n|move|p1b: Garchomp|Dragon Claw|p2b: Venusaur\n|-damage|p2b: Venusaur|0 fnt\n|faint|p2b: Venusaur\n|\n|win|EXSA\n|raw|EXSA's rating: 1201 &rarr; <strong>1227</strong><br />(+26 for winning)\n|raw|Dhervas15's rating: 1215 &rarr; <strong>1189</strong><br />(-26 for losing)\n|l|\u2606Dhervas15\n|player|p2|\n",
  "uploadtime": 1776246717,
  "views": 24,
  "formatid": "gen9championsvgc2026regma",
  "rating": 1189,
  "private": 0,
  "password": null
}