{
  "id": "gen9championsvgc2026regma-2582504204",
  "format": "[Gen 9 Champions] VGC 2026 Reg M-A",
  "players": [
    "MartialZero",
    "jose.torres.1"
  ],
  "log": "|j|\u2606MartialZero\n|j|\u2606jose.torres.1\n|t:|1776095903\n|gametype|doubles\n|player|p1|MartialZero|n|1094\n|player|p2|jose.torres.1|striker|1070\n|gen|9\n|tier|[Gen 9 Champions] VGC 2026 Reg M-A\n|rated|\n|rule|Species Clause: Limit one of each Pok\u00e9mon\n|rule|Item Clause: Limit 1 of each item\n|clearpoke\n|poke|p1|Charizard, L50, F|\n|poke|p1|Venusaur, L50, M|\n|poke|p1|Aerodactyl, L50, M|\n|poke|p1|Garchomp, L50, M|\n|poke|p1|Rotom-Wash, L50|\n|poke|p1|Floette-Eternal, L50, F|\n|poke|p2|Aerodactyl, L50, M|\n|poke|p2|Tyranitar, L50, M|\n|poke|p2|Lycanroc, L50, F|\n|poke|p2|Zoroark-Hisui, L50, M|\n|poke|p2|Kingambit, L50, F|\n|poke|p2|Garchomp, L50, F|\n|teampreview|4\n|inactive|Battle timer is ON: inactive players will automatically lose when time's up. (requested by jose.torres.1)\n|\n|t:|1776095924\n|teamsize|p1|4\n|teamsize|p2|4\n|start\n|switch|p1a: Garchomp|Garchomp, L50, M|100/100\n|switch|p1b: Rotom|Rotom-Wash, L50|100/100\n|switch|p2a: Aerodactyl|Aerodactyl, L50, M|100/100\n|switch|p2b: Lycanroc|Lycanroc, L50, F|100/100\n|-ability|p2a: Aerodactyl|Pressure\n|turn|1\n|inactive|MartialZero has 30 seconds left.\n|\n|t:|1776095952\n|move|p2a: Aerodactyl|Protect|p2a: Aerodactyl\n|-singleturn|p2a: Aerodactyl|Protect\n|move|p2b: Lycanroc|Bitter Malice|p1a: Garchomp\n|-damage|p1a: Garchomp|61/100\n|-unboost|p1a: Garchomp|atk|1\n|move|p1a: Garchomp|Rock Slide|p2b: Lycanroc|[spread] p2b\n|-activate|p2a: Aerodactyl|move: Protect\n|-damage|p2b: Lycanroc|73/100\n|replace|p2b: Zoroark|Zoroark-Hisui, L50, M\n|-end|p2b: Zoroark|Illusion\n|move|p1b: Rotom|Will-O-Wisp|p2b: Zoroark\n|-status|p2b: Zoroark|brn\n|\n|-damage|p2b: Zoroark|67/100 brn|[from] brn\n|upkeep\n|turn|2\n|inactive|jose.torres.1 has 30 seconds left.\n|\n|t:|1776095980\n|switch|p1a: Aerodactyl|Aerodactyl, L50, M|100/100\n|-ability|p1a: Aerodactyl|Unnerve\n|detailschange|p2a: Aerodactyl|Aerodactyl-Mega, L50, M\n|-mega|p2a: Aerodactyl|Aerodactyl|Aerodactylite\n|move|p2b: Zoroark|Bitter Malice|p1a: Aerodactyl\n|-damage|p1a: Aerodactyl|44/100\n|-unboost|p1a: Aerodactyl|atk|1\n|move|p2a: Aerodactyl|Dual Wingbeat|p1a: Aerodactyl\n|-resisted|p1a: Aerodactyl|1\n|-damage|p1a: Aerodactyl|23/100\n|-resisted|p1a: Aerodactyl|1\n|-damage|p1a: Aerodactyl|2/100\n|-hitcount|p1a: Aerodactyl|2\n|move|p1b: Rotom|Hydro Pump|p2a: Aerodactyl\n|-supereffective|p2a: Aerodactyl|1\n|-crit|p2a: Aerodactyl\n|-damage|p2a: Aerodactyl|0 fnt\n|faint|p2a: Aerodactyl\n|\n|-damage|p2b: Zoroark|61/100 brn|[from] brn\n|upkeep\n|\n|t:|1776096000\n|switch|p2a: Lycanroc|Lycanroc, L50, F|100/100\n|turn|3\n|\n|t:|1776096014\n|move|p1a: Aerodactyl|Tailwind|p1a: Aerodactyl\n|-sidestart|p1: MartialZero|move: Tailwind\n|move|p1b: Rotom|Will-O-Wisp|p2a: Lycanroc\n|-status|p2a: Lycanroc|brn\n|move|p2b: Zoroark|Hyper Voice|p1a: Aerodactyl|[spread] p1a,p1b\n|-resisted|p1a: Aerodactyl|1\n|-damage|p1a: Aerodactyl|0 fnt\n|-damage|p1b: Rotom|67/100\n|faint|p1a: Aerodactyl\n|move|p2a: Lycanroc|Rock Slide|p1b: Rotom\n|-damage|p1b: Rotom|43/100\n|-enditem|p1b: Rotom|Sitrus Berry|[eat]\n|-heal|p1b: Rotom|67/100|[from] item: Sitrus Berry\n|\n|-damage|p2b: Zoroark|55/100 brn|[from] brn\n|-damage|p2a: Lycanroc|95/100 brn|[from] brn\n|upkeep\n|\n|t:|1776096033\n|switch|p1a: Garchomp|Garchomp, L50, M|61/100\n|turn|4\n|\n|t:|1776096044\n|move|p2b: Zoroark|Protect|p2b: Zoroark\n|-singleturn|p2b: Zoroark|Protect\n|move|p2a: Lycanroc|Protect|p2a: Lycanroc\n|-singleturn|p2a: Lycanroc|Protect\n|move|p1a: Garchomp|Rock Slide|p2a: Lycanroc|[spread] \n|-activate|p2a: Lycanroc|move: Protect\n|-activate|p2b: Zoroark|move: Protect\n|move|p1b: Rotom|Thunderbolt|p2a: Lycanroc\n|-activate|p2a: Lycanroc|move: Protect\n|\n|-damage|p2b: Zoroark|49/100 brn|[from] brn\n|-damage|p2a: Lycanroc|89/100 brn|[from] brn\n|upkeep\n|turn|5\n|inactive|jose.torres.1 has 30 seconds left.\n|\n|t:|1776096074\n|switch|p2b: Tyranitar|Tyranitar, L50, M|100/100\n|-weather|Sandstorm|[from] ability: Sand Stream|[of] p2b: Tyranitar\n|move|p1a: Garchomp|Rock Slide|p2b: Tyranitar|[spread] p2a\n|-miss|p1a: Garchomp|p2b: Tyranitar\n|-damage|p2a: Lycanroc|53/100 brn\n|move|p2a: Lycanroc|Rock Slide|p1a: Garchomp|[spread] p1a,p1b\n|-resisted|p1a: Garchomp|1\n|-damage|p1a: Garchomp|51/100\n|-damage|p1b: Rotom|50/100\n|cant|p1b: Rotom|flinch\n|\n|-weather|Sandstorm|[upkeep]\n|-damage|p1b: Rotom|44/100|[from] Sandstorm\n|-damage|p2a: Lycanroc|47/100 brn|[from] brn\n|upkeep\n|turn|6\n|\n|t:|1776096093\n|move|p2a: Lycanroc|Protect|p2a: Lycanroc\n|-singleturn|p2a: Lycanroc|Protect\n|move|p2b: Tyranitar|Protect|p2b: Tyranitar\n|-singleturn|p2b: Tyranitar|Protect\n|move|p1a: Garchomp|Earthquake|p2a: Lycanroc|[spread] \n|-activate|p2a: Lycanroc|move: Protect\n|-activate|p2b: Tyranitar|move: Protect\n|-immune|p1b: Rotom|[from] ability: Levitate\n|move|p1b: Rotom|Hydro Pump|p2b: Tyranitar\n|-activate|p2b: Tyranitar|move: Protect\n|\n|-weather|Sandstorm|[upkeep]\n|-damage|p1b: Rotom|38/100|[from] Sandstorm\n|-damage|p2a: Lycanroc|41/100 brn|[from] brn\n|-sideend|p1: MartialZero|move: Tailwind\n|upkeep\n|turn|7\n|\n|t:|1776096115\n|move|p2a: Lycanroc|Rock Slide|p1b: Rotom|[spread] p1a\n|-miss|p2a: Lycanroc|p1b: Rotom\n|-resisted|p1a: Garchomp|1\n|-damage|p1a: Garchomp|43/100\n|cant|p1a: Garchomp|flinch\n|move|p1b: Rotom|Hydro Pump|p2b: Tyranitar\n|-supereffective|p2b: Tyranitar|1\n|-crit|p2b: Tyranitar\n|-damage|p2b: Tyranitar|25/100\n|-enditem|p2b: Tyranitar|Sitrus Berry|[eat]\n|-heal|p2b: Tyranitar|50/100|[from] item: Sitrus Berry\n|move|p2b: Tyranitar|Assurance|p1a: Garchomp\n|-damage|p1a: Garchomp|0 fnt\n|-damage|p2b: Tyranitar|38/100|[from] ability: Rough Skin|[of] p1a: Garchomp\n|faint|p1a: Garchomp\n|\n|-weather|Sandstorm|[upkeep]\n|-damage|p1b: Rotom|32/100|[from] Sandstorm\n|-damage|p2a: Lycanroc|35/100 brn|[from] brn\n|upkeep\n|c|\u2606MartialZero|ur fucking ridiculous\n|c|\u2606MartialZero|lucky ass fuck\n|inactive|MartialZero has 30 seconds left.\n|-message|MartialZero forfeited.\n|\n|win|jose.torres.1\n",
  "uploadtime": 1776096132,
  "views": 10,
  "formatid": "gen9championsvgc2026regma",
  "rating": null,
  "private": 0,
  "password": null
}