{
  "id": "gen9championsvgc2026regma-2583302641",
  "format": "[Gen 9 Champions] VGC 2026 Reg M-A",
  "players": [
    "pepo893",
    "shin-tv07"
  ],
  "log": "|j|\u2606pepo893\n|j|\u2606shin-tv07\n|t:|1776164917\n|gametype|doubles\n|player|p1|pepo893|170|1052\n|player|p2|shin-tv07|twins-gen4dp|1092\n|gen|9\n|tier|[Gen 9 Champions] VGC 2026 Reg M-A\n|rated|\n|rule|Species Clause: Limit one of each Pok\u00e9mon\n|rule|Item Clause: Limit 1 of each item\n|clearpoke\n|poke|p1|Pelipper, L50, M|\n|poke|p1|Dragonite, L50, F|\n|poke|p1|Basculegion, L50, M|\n|poke|p1|Archaludon, L50, F|\n|poke|p1|Sneasler, L50, M|\n|poke|p1|Sinistcha, L50|\n|poke|p2|Tauros-Paldea-Aqua, L50, M|\n|poke|p2|Froslass, L50, F|\n|poke|p2|Whimsicott, L50, F|\n|poke|p2|Clefable, L50, F|\n|poke|p2|Palafin, L50, F|\n|poke|p2|Floette-Eternal, L50, F|\n|teampreview|4\n|\n|t:|1776164937\n|teamsize|p1|4\n|teamsize|p2|4\n|start\n|switch|p1a: Archaludon|Archaludon, L50, F|100/100\n|switch|p1b: Sneasler|Sneasler, L50, M|100/100\n|switch|p2a: Tauros|Tauros-Paldea-Aqua, L50, M|100/100\n|switch|p2b: Froslass|Froslass, L50, F|100/100\n|turn|1\n|\n|t:|1776164955\n|move|p2b: Froslass|Protect|p2b: Froslass\n|-singleturn|p2b: Froslass|Protect\n|move|p2a: Tauros|Protect|p2a: Tauros\n|-singleturn|p2a: Tauros|Protect\n|move|p1b: Sneasler|Fake Out|p2a: Tauros\n|-activate|p2a: Tauros|move: Protect\n|move|p1a: Archaludon|Flash Cannon|p2b: Froslass\n|-activate|p2b: Froslass|move: Protect\n|\n|upkeep\n|turn|2\n|\n|t:|1776164987\n|move|p1b: Sneasler|Dire Claw|p2a: Tauros\n|-damage|p2a: Tauros|52/100\n|-status|p2a: Tauros|slp\n|move|p2b: Froslass|Frost Breath|p2a: Tauros\n|-resisted|p2a: Tauros|1\n|-crit|p2a: Tauros\n|-damage|p2a: Tauros|37/100 slp\n|-setboost|p2a: Tauros|atk|6|[from] ability: Anger Point\n|cant|p2a: Tauros|slp\n|move|p1a: Archaludon|Flash Cannon|p2b: Froslass\n|-supereffective|p2b: Froslass|1\n|-damage|p2b: Froslass|12/100\n|-unboost|p2b: Froslass|spd|1\n|\n|upkeep\n|turn|3\n|\n|t:|1776165015\n|detailschange|p2b: Froslass|Froslass-Mega, L50, F\n|-mega|p2b: Froslass|Froslass|Froslassite\n|-weather|Snowscape|[from] ability: Snow Warning|[of] p2b: Froslass\n|move|p2b: Froslass|Blizzard|p1a: Archaludon|[spread] p1a,p1b\n|-damage|p1a: Archaludon|63/100\n|-damage|p1b: Sneasler|49/100\n|-status|p1a: Archaludon|frz\n|-status|p1b: Sneasler|frz\n|-ability|p1a: Archaludon|Stamina|boost\n|-boost|p1a: Archaludon|def|1\n|cant|p1b: Sneasler|frz\n|cant|p2a: Tauros|slp\n|cant|p1a: Archaludon|frz\n|\n|-weather|Snowscape|[upkeep]\n|-heal|p1a: Archaludon|69/100 frz|[from] item: Leftovers\n|upkeep\n|turn|4\n|c|\u2606pepo893|XD\n|c|\u2606shin-tv07|this\n|c|\u2606shin-tv07|is the most\n|c|\u2606shin-tv07|nothing turn ever\n|\n|t:|1776165056\n|-curestatus|p2a: Tauros|slp|[msg]\n|move|p2a: Tauros|Protect|p2a: Tauros\n|-singleturn|p2a: Tauros|Protect\n|move|p2b: Froslass|Blizzard|p1b: Sneasler|[spread] p1a,p1b\n|-damage|p1a: Archaludon|34/100 frz\n|-damage|p1b: Sneasler|0 fnt\n|-ability|p1a: Archaludon|Stamina|boost\n|-boost|p1a: Archaludon|def|1\n|faint|p1b: Sneasler\n|cant|p1a: Archaludon|frz\n|\n|-weather|Snowscape|[upkeep]\n|-heal|p1a: Archaludon|40/100 frz|[from] item: Leftovers\n|upkeep\n|\n|t:|1776165068\n|switch|p1b: Pelipper|Pelipper, L50, M|100/100\n|-weather|RainDance|[from] ability: Drizzle|[of] p1b: Pelipper\n|turn|5\n|\n|t:|1776165094\n|move|p2b: Froslass|Shadow Ball|p1b: Pelipper\n|-damage|p1b: Pelipper|42/100\n|move|p2a: Tauros|Rock Slide|p1a: Archaludon|[spread] p1a,p1b\n|-resisted|p1a: Archaludon|1\n|-supereffective|p1b: Pelipper|1\n|-damage|p1a: Archaludon|30/100 frz\n|-damage|p1b: Pelipper|0 fnt\n|-ability|p1a: Archaludon|Stamina|boost\n|-boost|p1a: Archaludon|def|1\n|faint|p1b: Pelipper\n|-curestatus|p1a: Archaludon|frz|[msg]\n|cant|p1a: Archaludon|flinch\n|\n|-weather|RainDance|[upkeep]\n|-heal|p1a: Archaludon|35/100|[from] item: Leftovers\n|upkeep\n|\n|t:|1776165100\n|switch|p1b: Basculegion|Basculegion, L50, M|100/100\n|turn|6\n|c|\u2606shin-tv07|YES\n|c|\u2606shin-tv07|actually uh\n|c|\u2606pepo893|I love this game\n|\n|t:|1776165140\n|move|p2b: Froslass|Protect|p2b: Froslass\n|-singleturn|p2b: Froslass|Protect\n|move|p1b: Basculegion|Wave Crash|p2b: Froslass\n|-activate|p2b: Froslass|move: Protect\n|move|p2a: Tauros|Close Combat|p1a: Archaludon\n|-supereffective|p1a: Archaludon|1\n|-damage|p1a: Archaludon|0 fnt\n|-unboost|p2a: Tauros|def|1\n|-unboost|p2a: Tauros|spd|1\n|faint|p1a: Archaludon\n|\n|-weather|RainDance|[upkeep]\n|upkeep\n|turn|7\n|c|\u2606shin-tv07|outplayed and out of luck champ\n|c|\u2606shin-tv07|end of the road\n|\n|t:|1776165165\n|move|p2a: Tauros|Aqua Jet|p1b: Basculegion\n|-resisted|p1b: Basculegion|1\n|-damage|p1b: Basculegion|47/100\n|move|p1b: Basculegion|Flip Turn|p2a: Tauros\n|-resisted|p2a: Tauros|1\n|-damage|p2a: Tauros|0 fnt\n|faint|p2a: Tauros\n|move|p2b: Froslass|Shadow Ball|p1b: Basculegion\n|-supereffective|p1b: Basculegion|1\n|-damage|p1b: Basculegion|0 fnt\n|faint|p1b: Basculegion\n|\n|win|shin-tv07\n|raw|pepo893's rating: 1052 &rarr; <strong>1036</strong><br />(-16 for losing)\n|raw|shin-tv07's rating: 1092 &rarr; <strong>1115</strong><br />(+23 for winning)\n|l|\u2606pepo893\n|player|p1|\n|c|\u2606shin-tv07|gg\n",
  "uploadtime": 1776165178,
  "views": 14,
  "formatid": "gen9championsvgc2026regma",
  "rating": 1036,
  "private": 0,
  "password": null
}