{
  "id": "gen9championsvgc2026regma-2582172796",
  "format": "[Gen 9 Champions] VGC 2026 Reg M-A",
  "players": [
    "jason986",
    "Synthiox"
  ],
  "log": "|badge|p1|bronze|gen9ubers|100-9\n|uhtml|medal-msg|<div class=\"broadcast-blue\">Curious what those medals under the avatar are? PS now has Ladder Seasons! For more information, check out the <a href=\"https://www.smogon.com/forums/threads/3740067/\">thread on Smogon.</a></div>\n|j|\u203djason986\n|j|\u2606Synthiox\n|t:|1776067226\n|gametype|doubles\n|player|p1|jason986|clerkf|1082\n|player|p2|Synthiox|ethan|1098\n|gen|9\n|tier|[Gen 9 Champions] VGC 2026 Reg M-A\n|rated|\n|rule|Species Clause: Limit one of each Pok\u00e9mon\n|rule|Item Clause: Limit 1 of each item\n|clearpoke\n|poke|p1|Charizard, L50, F|\n|poke|p1|Garchomp, L50, F|\n|poke|p1|Venusaur, L50, M|\n|poke|p1|Incineroar, L50, M|\n|poke|p1|Whimsicott, L50, M|\n|poke|p1|Sneasler, L50, F|\n|poke|p2|Delphox, L50, F|\n|poke|p2|Ninetales, L50, M|\n|poke|p2|Corviknight, L50, M|\n|poke|p2|Milotic, L50, F|\n|poke|p2|Clefable, L50, M|\n|poke|p2|Arcanine-Hisui, L50, M|\n|teampreview|4\n|l|\u2606Synthiox\n|player|p2|\njason986 has agreed to open team sheets.\n|inactive|Battle timer is ON: inactive players will automatically lose when time's up. (requested by jason986)\n|j|\u2606Synthiox\n|inactive|Synthiox reconnected and has 90 seconds left.\n|player|p2|Synthiox|ethan|\n|\n|t:|1776067261\n|teamsize|p1|4\n|teamsize|p2|4\n|start\n|switch|p1a: Garchomp|Garchomp, L50, F|100/100\n|switch|p1b: Incineroar|Incineroar, L50, M|100/100\n|switch|p2a: Clefable|Clefable, L50, M|100/100\n|switch|p2b: Arcanine|Arcanine-Hisui, L50, M|100/100\n|-ability|p1b: Incineroar|Intimidate|boost\n|-unboost|p2a: Clefable|atk|1\n|-unboost|p2b: Arcanine|atk|1\n|turn|1\n|\n|t:|1776067277\n|switch|p2b: Milotic|Milotic, L50, F|100/100\n|switch|p1b: Charizard|Charizard, L50, F|100/100\n|move|p1a: Garchomp|Earthquake|p2a: Clefable|[spread] p2a,p2b\n|-immune|p1b: Charizard\n|-damage|p2a: Clefable|50/100\n|-damage|p2b: Milotic|56/100\n|move|p2a: Clefable|Icy Wind|p1a: Garchomp|[spread] p1a,p1b\n|-supereffective|p1a: Garchomp|2\n|-damage|p1a: Garchomp|59/100\n|-damage|p1b: Charizard|88/100\n|-unboost|p1a: Garchomp|spe|1\n|-unboost|p1b: Charizard|spe|1\n|\n|-heal|p2b: Milotic|62/100|[from] item: Leftovers\n|upkeep\n|turn|2\n|inactive|Synthiox has 30 seconds left.\n|\n|t:|1776067307\n|detailschange|p1b: Charizard|Charizard-Mega-Y, L50, F\n|-mega|p1b: Charizard|Charizard|Charizardite Y\n|-weather|SunnyDay|[from] ability: Drought|[of] p1b: Charizard\n|move|p2b: Milotic|Protect|p2b: Milotic\n|-singleturn|p2b: Milotic|Protect\n|move|p1a: Garchomp|Earthquake|p2a: Clefable|[spread] p2a\n|-activate|p2b: Milotic|move: Protect\n|-immune|p1b: Charizard\n|-damage|p2a: Clefable|0 fnt\n|faint|p2a: Clefable\n|move|p1b: Charizard|Heat Wave|p2b: Milotic\n|-activate|p2b: Milotic|move: Protect\n|\n|-weather|SunnyDay|[upkeep]\n|-heal|p2b: Milotic|68/100|[from] item: Leftovers\n|upkeep\n|\n|t:|1776067323\n|switch|p2a: Arcanine|Arcanine-Hisui, L50, M|100/100\n|turn|3\n|\n|t:|1776067338\n|move|p1b: Charizard|Protect|p1b: Charizard\n|-singleturn|p1b: Charizard|Protect\n|move|p2a: Arcanine|Rock Slide|p1a: Garchomp|[spread] p1a\n|-activate|p1b: Charizard|move: Protect\n|-resisted|p1a: Garchomp|1\n|-damage|p1a: Garchomp|45/100\n|cant|p1a: Garchomp|flinch\n|move|p2b: Milotic|Scald|p1a: Garchomp\n|-damage|p1a: Garchomp|30/100\n|\n|-weather|SunnyDay|[upkeep]\n|-heal|p2b: Milotic|74/100|[from] item: Leftovers\n|upkeep\n|turn|4\n|\n|t:|1776067355\n|switch|p1b: Venusaur|Venusaur, L50, M|100/100\n|move|p2a: Arcanine|Rock Slide|p1b: Venusaur|[spread] p1a,p1b\n|-resisted|p1a: Garchomp|1\n|-damage|p1a: Garchomp|16/100\n|-damage|p1b: Venusaur|64/100\n|cant|p1a: Garchomp|flinch\n|move|p2b: Milotic|Scald|p1a: Garchomp\n|-damage|p1a: Garchomp|1/100\n|\n|-weather|SunnyDay|[upkeep]\n|-heal|p2b: Milotic|80/100|[from] item: Leftovers\n|upkeep\n|turn|5\n|\n|t:|1776067379\n|switch|p2a: Delphox|Delphox, L50, F|100/100\n|switch|p1a: Incineroar|Incineroar, L50, M|100/100\n|-ability|p1a: Incineroar|Intimidate|boost\n|-unboost|p2a: Delphox|atk|1\n|-unboost|p2b: Milotic|atk|1\n|-ability|p2b: Milotic|Competitive|boost\n|-boost|p2b: Milotic|spa|2\n|move|p1b: Venusaur|Sleep Powder|p2a: Delphox\n|-status|p2a: Delphox|slp|[from] move: Sleep Powder\n|move|p2b: Milotic|Scald|p1a: Incineroar\n|-supereffective|p1a: Incineroar|1\n|-damage|p1a: Incineroar|56/100\n|\n|-weather|SunnyDay|[upkeep]\n|-heal|p2b: Milotic|86/100|[from] item: Leftovers\n|upkeep\n|turn|6\n|\n|t:|1776067402\n|switch|p1a: Garchomp|Garchomp, L50, F|1/100\n|detailschange|p2a: Delphox|Delphox-Mega, L50, F\n|-mega|p2a: Delphox|Delphox|Delphoxite\n|cant|p2a: Delphox|slp\n|move|p2b: Milotic|Protect|p2b: Milotic\n|-singleturn|p2b: Milotic|Protect\n|move|p1b: Venusaur|Sleep Powder|p2b: Milotic\n|-activate|p2b: Milotic|move: Protect\n|\n|-weather|none\n|-heal|p2b: Milotic|92/100|[from] item: Leftovers\n|upkeep\n|turn|7\n|inactive|jason986 has 30 seconds left.\n|inactive|Synthiox has 30 seconds left.\n|\n|t:|1776067433\n|switch|p1b: Charizard|Charizard-Mega-Y, L50, F|88/100\n|-weather|SunnyDay|[from] ability: Drought|[of] p1b: Charizard\n|cant|p2a: Delphox|slp\n|move|p1a: Garchomp|Dragon Claw|p2a: Delphox\n|-damage|p2a: Delphox|31/100 slp\n|move|p2b: Milotic|Scald|p1a: Garchomp\n|-damage|p1a: Garchomp|0 fnt\n|faint|p1a: Garchomp\n|\n|-weather|SunnyDay|[upkeep]\n|-heal|p2b: Milotic|98/100|[from] item: Leftovers\n|upkeep\n|\n|t:|1776067443\n|switch|p1a: Incineroar|Incineroar, L50, M|56/100\n|-ability|p1a: Incineroar|Intimidate|boost\n|-unboost|p2a: Delphox|atk|1\n|-unboost|p2b: Milotic|atk|1\n|-ability|p2b: Milotic|Competitive|boost\n|-boost|p2b: Milotic|spa|2\n|turn|8\n|\n|t:|1776067460\n|switch|p1a: Venusaur|Venusaur, L50, M|64/100\n|move|p2b: Milotic|Protect|p2b: Milotic\n|-singleturn|p2b: Milotic|Protect\n|-curestatus|p2a: Delphox|slp|[msg]\n|move|p2a: Delphox|Dazzling Gleam|p1b: Charizard|[spread] p1a,p1b\n|-resisted|p1a: Venusaur|1\n|-resisted|p1b: Charizard|1\n|-damage|p1a: Venusaur|50/100\n|-damage|p1b: Charizard|75/100\n|move|p1b: Charizard|Weather Ball|p2a: Delphox\n|-resisted|p2a: Delphox|1\n|-damage|p2a: Delphox|0 fnt\n|faint|p2a: Delphox\n|\n|-weather|SunnyDay|[upkeep]\n|-heal|p2b: Milotic|100/100|[from] item: Leftovers\n|upkeep\n|\n|t:|1776067474\n|switch|p2a: Arcanine|Arcanine-Hisui, L50, M|100/100\n|turn|9\n|\n|t:|1776067498\n|move|p1b: Charizard|Protect|p1b: Charizard\n|-singleturn|p1b: Charizard|Protect\n|move|p1a: Venusaur|Sleep Powder|p2b: Milotic|[miss]\n|-miss|p1a: Venusaur|p2b: Milotic\n|move|p2a: Arcanine|Flare Blitz|p1a: Venusaur\n|-supereffective|p1a: Venusaur|1\n|-damage|p1a: Venusaur|0 fnt\n|faint|p1a: Venusaur\n|move|p2b: Milotic|Scald|p1b: Charizard\n|-activate|p1b: Charizard|move: Protect\n|\n|-weather|SunnyDay|[upkeep]\n|upkeep\n|\n|t:|1776067502\n|switch|p1a: Incineroar|Incineroar, L50, M|56/100\n|-ability|p1a: Incineroar|Intimidate|boost\n|-unboost|p2a: Arcanine|atk|1\n|-unboost|p2b: Milotic|atk|1\n|-ability|p2b: Milotic|Competitive|boost\n|-boost|p2b: Milotic|spa|2\n|turn|10\n|\n|t:|1776067519\n|move|p1a: Incineroar|Fake Out|p2a: Arcanine\n|-resisted|p2a: Arcanine|1\n|-crit|p2a: Arcanine\n|-damage|p2a: Arcanine|90/100\n|move|p1b: Charizard|Heat Wave|p2b: Milotic|[spread] p2a,p2b\n|-resisted|p2a: Arcanine|2\n|-resisted|p2b: Milotic|1\n|-damage|p2a: Arcanine|69/100\n|-damage|p2b: Milotic|81/100\n|cant|p2a: Arcanine|flinch\n|move|p2b: Milotic|Scald|p1b: Charizard\n|-supereffective|p1b: Charizard|1\n|-damage|p1b: Charizard|0 fnt\n|faint|p1b: Charizard\n|\n|-weather|SunnyDay|[upkeep]\n|-heal|p2b: Milotic|87/100|[from] item: Leftovers\n|upkeep\n|turn|11\n|inactive|jason986 has 30 seconds left.\n|c|\u2606Synthiox|no solar beam?\n|inactive|jason986 has 20 seconds left.\n|inactive|jason986 has 15 seconds left.\n|inactive|jason986 has 10 seconds left.\n|inactive|jason986 has 5 seconds left.\n|\n|t:|1776067574\n|move|p2a: Arcanine|Close Combat|p1a: Incineroar\n|-supereffective|p1a: Incineroar|1\n|-damage|p1a: Incineroar|13/100\n|-unboost|p2a: Arcanine|def|1\n|-unboost|p2a: Arcanine|spd|1\n|-enditem|p1a: Incineroar|Sitrus Berry|[eat]\n|-heal|p1a: Incineroar|38/100|[from] item: Sitrus Berry\n|move|p2b: Milotic|Scald|p1a: Incineroar\n|-supereffective|p1a: Incineroar|1\n|-damage|p1a: Incineroar|0 fnt\n|faint|p1a: Incineroar\n|\n|win|Synthiox\n|raw|jason986's rating: 1082 &rarr; <strong>1061</strong><br />(-21 for losing)\n|raw|Synthiox's rating: 1098 &rarr; <strong>1122</strong><br />(+24 for winning)\n|l|\u203djason986\n|player|p1|\n",
  "uploadtime": 1776067592,
  "views": 14,
  "formatid": "gen9championsvgc2026regma",
  "rating": 1061,
  "private": 0,
  "password": null
}