{
  "id": "gen9championsvgc2026regma-2582913439",
  "format": "[Gen 9 Champions] VGC 2026 Reg M-A",
  "players": [
    "kunkun4ever",
    "KilamanolaVGC"
  ],
  "log": "|j|\u2606kunkun4ever\n|j|\u203dKilamanolaVGC\n|t:|1776124464\n|gametype|doubles\n|player|p1|kunkun4ever|1|1381\n|player|p2|KilamanolaVGC|benga|1345\n|gen|9\n|tier|[Gen 9 Champions] VGC 2026 Reg M-A\n|rated|\n|rule|Species Clause: Limit one of each Pok\u00e9mon\n|rule|Item Clause: Limit 1 of each item\n|clearpoke\n|poke|p1|Garchomp, L50, F|\n|poke|p1|Tyranitar, L50, F|\n|poke|p1|Scizor, L50, F|\n|poke|p1|Incineroar, L50, F|\n|poke|p1|Hatterene, L50, F|\n|poke|p1|Dragapult, L50, F|\n|poke|p2|Floette-Eternal, L50, F|\n|poke|p2|Garchomp, L50, M|\n|poke|p2|Aerodactyl, L50, M|\n|poke|p2|Kingambit, L50, F|\n|poke|p2|Basculegion, L50, M|\n|poke|p2|Sneasler, L50, M|\n|teampreview|4\n|inactive|Battle timer is ON: inactive players will automatically lose when time's up. (requested by KilamanolaVGC)\nKilamanolaVGC has agreed to open team sheets.\n|inactive|KilamanolaVGC has 60 seconds left.\n|inactive|KilamanolaVGC has 30 seconds left.\n|\n|t:|1776124526\n|teamsize|p1|4\n|teamsize|p2|4\n|start\n|switch|p1a: Scizor|Scizor, L50, F|100/100\n|switch|p1b: Hatterene|Hatterene, L50, F|100/100\n|switch|p2a: Sneasler|Sneasler, L50, M, shiny|100/100\n|switch|p2b: Kingambit|Kingambit, L50, F, shiny|100/100\n|turn|1\n|\n|t:|1776124538\n|move|p1a: Scizor|Protect|p1a: Scizor\n|-singleturn|p1a: Scizor|Protect\n|move|p1b: Hatterene|Protect|p1b: Hatterene\n|-singleturn|p1b: Hatterene|Protect\n|move|p2a: Sneasler|Fake Out|p1a: Scizor\n|-activate|p1a: Scizor|move: Protect\n|move|p2b: Kingambit|Iron Head|p1b: Hatterene\n|-activate|p1b: Hatterene|move: Protect\n|\n|upkeep\n|turn|2\n|\n|t:|1776124549\n|move|p2a: Sneasler|Dire Claw|p1b: Hatterene\n|-supereffective|p1b: Hatterene|1\n|-damage|p1b: Hatterene|9/100\n|move|p1a: Scizor|Close Combat|p2b: Kingambit\n|-supereffective|p2b: Kingambit|2\n|-damage|p2b: Kingambit|0 fnt\n|-unboost|p1a: Scizor|def|1\n|-unboost|p1a: Scizor|spd|1\n|faint|p2b: Kingambit\n|move|p1b: Hatterene|Trick Room|p1b: Hatterene\n|-fieldstart|move: Trick Room|[of] p1b: Hatterene\n|\n|upkeep\n|\n|t:|1776124558\n|switch|p2b: Garchomp|Garchomp, L50, M, shiny|100/100\n|turn|3\n|j| tsetse\n|\n|t:|1776124571\n|move|p1b: Hatterene|Dazzling Gleam|p2a: Sneasler|[spread] p2a,p2b\n|-supereffective|p2b: Garchomp|1\n|-damage|p2a: Sneasler|50/100\n|-damage|p2b: Garchomp|19/100\n|move|p1a: Scizor|U-turn|p2b: Garchomp\n|-damage|p2b: Garchomp|0 fnt\n|-damage|p1a: Scizor|88/100|[from] ability: Rough Skin|[of] p2b: Garchomp\n|faint|p2b: Garchomp\n|l| tsetse\n|\n|t:|1776124580\n|switch|p1a: Tyranitar|Tyranitar, L50, F|100/100|[from] U-turn\n|-weather|Sandstorm|[from] ability: Sand Stream|[of] p1a: Tyranitar\n|move|p2a: Sneasler|Dire Claw|p1b: Hatterene\n|-supereffective|p1b: Hatterene|1\n|-damage|p1b: Hatterene|0 fnt\n|faint|p1b: Hatterene\n|\n|-weather|Sandstorm|[upkeep]\n|-damage|p2a: Sneasler|44/100|[from] Sandstorm\n|upkeep\n|\n|t:|1776124587\n|switch|p1b: Scizor|Scizor, L50, F|88/100\n|switch|p2b: Floette|Floette-Eternal, L50, F|100/100\n|turn|4\n|\n|t:|1776124602\n|move|p2b: Floette|Protect|p2b: Floette\n|-singleturn|p2b: Floette|Protect\n|move|p1b: Scizor|Bullet Punch|p2a: Sneasler\n|-damage|p2a: Sneasler|0 fnt\n|faint|p2a: Sneasler\n|move|p1a: Tyranitar|Power Gem|p2b: Floette\n|-activate|p2b: Floette|move: Protect\n|\n|-weather|Sandstorm|[upkeep]\n|-damage|p2b: Floette|95/100|[from] Sandstorm\n|upkeep\n|turn|5\n|-message|KilamanolaVGC forfeited.\n|\n|win|kunkun4ever\n|raw|kunkun4ever's rating: 1381 &rarr; <strong>1399</strong><br />(+18 for winning)\n|raw|KilamanolaVGC's rating: 1345 &rarr; <strong>1327</strong><br />(-18 for losing)\n|l|\u203dKilamanolaVGC\n|player|p2|\n|l|\u2606kunkun4ever\n|player|p1|\n",
  "uploadtime": 1776124617,
  "views": 40,
  "formatid": "gen9championsvgc2026regma",
  "rating": 1327,
  "private": 0,
  "password": null
}