{
  "id": "gen9championsvgc2026regma-2588453127",
  "format": "[Gen 9 Champions] VGC 2026 Reg M-A",
  "players": [
    "CrosspoisonVGC",
    "Tiguh"
  ],
  "log": "|j|\u2606CrosspoisonVGC\n|j|\u2606Tiguh\n|t:|1776634844\n|gametype|doubles\n|player|p1|CrosspoisonVGC|101|1235\n|player|p2|Tiguh|169|1289\n|gen|9\n|tier|[Gen 9 Champions] VGC 2026 Reg M-A\n|rated|\n|rule|Species Clause: Limit one of each Pok\u00e9mon\n|rule|Item Clause: Limit 1 of each item\n|clearpoke\n|poke|p1|Chimecho, L50, M|\n|poke|p1|Tyranitar, L50, F|\n|poke|p1|Excadrill, L50, F|\n|poke|p1|Gyarados, L50, F|\n|poke|p1|Sinistcha, L50|\n|poke|p1|Incineroar, L50, F|\n|poke|p2|Blastoise, L50, F|\n|poke|p2|Talonflame, L50, F|\n|poke|p2|Politoed, L50, F|\n|poke|p2|Kingambit, L50, M|\n|poke|p2|Sinistcha, L50|\n|poke|p2|Farigiraf, L50, M|\n|teampreview|4\n|\n|t:|1776634873\n|teamsize|p1|4\n|teamsize|p2|4\n|start\n|switch|p1a: Chimecho|Chimecho, L50, M|100/100\n|switch|p1b: Gyarados|Gyarados, L50, F|100/100\n|switch|p2a: Farigiraf|Farigiraf, L50, M|100/100\n|switch|p2b: Blastoise|Blastoise, L50, F|100/100\n|-ability|p1b: Gyarados|Intimidate|boost\n|-unboost|p2a: Farigiraf|atk|1\n|-unboost|p2b: Blastoise|atk|1\n|turn|1\n|\n|t:|1776634893\n|detailschange|p2b: Blastoise|Blastoise-Mega, L50, F\n|-mega|p2b: Blastoise|Blastoise|Blastoisinite\n|detailschange|p1a: Chimecho|Chimecho-Mega, L50, M\n|-mega|p1a: Chimecho|Chimecho|Chimechite\n|move|p2b: Blastoise|Protect|p2b: Blastoise\n|-singleturn|p2b: Blastoise|Protect\n|move|p1b: Gyarados|Power Whip|p2b: Blastoise\n|-activate|p2b: Blastoise|move: Protect\n|move|p1a: Chimecho|Snarl|p2a: Farigiraf|[spread] p2a\n|-activate|p2b: Blastoise|move: Protect\n|-supereffective|p2a: Farigiraf|1\n|-damage|p2a: Farigiraf|68/100\n|-unboost|p2a: Farigiraf|spa|1\n|move|p2a: Farigiraf|Trick Room|p2a: Farigiraf\n|-fieldstart|move: Trick Room|[of] p2a: Farigiraf\n|\n|upkeep\n|turn|2\n|\n|t:|1776634919\n|move|p2a: Farigiraf|Helping Hand|p2b: Blastoise\n|-singleturn|p2b: Blastoise|Helping Hand|[of] p2a: Farigiraf\n|move|p1a: Chimecho|Snarl|p2b: Blastoise|[spread] p2a,p2b\n|-supereffective|p2a: Farigiraf|1\n|-damage|p2a: Farigiraf|36/100\n|-damage|p2b: Blastoise|86/100\n|-unboost|p2a: Farigiraf|spa|1\n|-unboost|p2b: Blastoise|spa|1\n|-enditem|p2a: Farigiraf|Sitrus Berry|[eat]\n|-heal|p2a: Farigiraf|61/100|[from] item: Sitrus Berry\n|move|p2b: Blastoise|Water Spout|p1b: Gyarados|[spread] p1a,p1b\n|-resisted|p1b: Gyarados|1\n|-damage|p1a: Chimecho|49/100\n|-damage|p1b: Gyarados|73/100\n|move|p1b: Gyarados|Power Whip|p2b: Blastoise\n|-supereffective|p2b: Blastoise|1\n|-damage|p2b: Blastoise|8/100\n|\n|upkeep\n|turn|3\n|\n|t:|1776634935\n|switch|p2a: Sinistcha|Sinistcha, L50|100/100\n|-heal|p2b: Blastoise|32/100|[from] ability: Hospitality|[of] p2a: Sinistcha\n|switch|p1b: Sinistcha|Sinistcha, L50|100/100\n|-heal|p1a: Chimecho|74/100|[from] ability: Hospitality|[of] p1b: Sinistcha\n|move|p2b: Blastoise|Protect|p2b: Blastoise\n|-singleturn|p2b: Blastoise|Protect\n|move|p1a: Chimecho|Snarl|p2a: Sinistcha|[spread] p2a\n|-activate|p2b: Blastoise|move: Protect\n|-supereffective|p2a: Sinistcha|1\n|-damage|p2a: Sinistcha|68/100\n|-unboost|p2a: Sinistcha|spa|1\n|\n|upkeep\n|turn|4\n|inactive|Battle timer is ON: inactive players will automatically lose when time's up. (requested by Tiguh)\n|\n|t:|1776634973\n|move|p1a: Chimecho|Flash Cannon|p2a: Sinistcha\n|-damage|p2a: Sinistcha|27/100\n|-unboost|p2a: Sinistcha|spd|1\n|move|p2a: Sinistcha|Life Dew|p2a: Sinistcha|[spread] p2a,p2b\n|-heal|p2a: Sinistcha|52/100\n|-heal|p2b: Blastoise|57/100\n|move|p1b: Sinistcha|Matcha Gotcha|p2a: Sinistcha|[spread] p2a\n|-miss|p1b: Sinistcha|p2b: Blastoise\n|-resisted|p2a: Sinistcha|1\n|-damage|p2a: Sinistcha|34/100\n|move|p2b: Blastoise|Ice Beam|p1b: Sinistcha\n|-supereffective|p1b: Sinistcha|1\n|-damage|p1b: Sinistcha|57/100\n|\n|upkeep\n|turn|5\n|inactive|CrosspoisonVGC has 30 seconds left.\n|\n|t:|1776635004\n|move|p2b: Blastoise|Protect|p2b: Blastoise\n|-singleturn|p2b: Blastoise|Protect\n|move|p1a: Chimecho|Skill Swap|p1b: Sinistcha\n|-activate|p1a: Chimecho|Skill Swap|||[of] p1b: Sinistcha\n|-heal|p1b: Sinistcha|81/100|[from] ability: Hospitality|[of] p1a: Chimecho\n|move|p1b: Sinistcha|Matcha Gotcha|p2b: Blastoise|[spread] p2a\n|-activate|p2b: Blastoise|move: Protect\n|-resisted|p2a: Sinistcha|1\n|-damage|p2a: Sinistcha|19/100\n|-heal|p1b: Sinistcha|89/100|[from] drain|[of] p2a: Sinistcha\n|move|p2a: Sinistcha|Life Dew|p2a: Sinistcha|[spread] p2a,p2b\n|-heal|p2a: Sinistcha|44/100\n|-heal|p2b: Blastoise|82/100\n|\n|-fieldend|move: Trick Room\n|upkeep\n|turn|6\n|inactive|CrosspoisonVGC has 30 seconds left.\n|inactive|CrosspoisonVGC has 20 seconds left.\n|inactive|CrosspoisonVGC has 15 seconds left.\n|\n|t:|1776635046\n|switch|p1b: Gyarados|Gyarados, L50, F|73/100\n|-ability|p1b: Gyarados|Intimidate|boost\n|-unboost|p2a: Sinistcha|atk|1\n|-unboost|p2b: Blastoise|atk|1\n|switch|p2a: Politoed|Politoed, L50, F|100/100\n|-weather|RainDance|[from] ability: Drizzle|[of] p2a: Politoed\n|move|p2b: Blastoise|Water Spout|p1a: Chimecho|[spread] p1a,p1b\n|-resisted|p1b: Gyarados|1\n|-damage|p1a: Chimecho|26/100\n|-damage|p1b: Gyarados|45/100\n|move|p1a: Chimecho|Snarl|p2b: Blastoise|[spread] p2a,p2b\n|-damage|p2a: Politoed|85/100\n|-damage|p2b: Blastoise|69/100\n|-unboost|p2a: Politoed|spa|1\n|-unboost|p2b: Blastoise|spa|1\n|\n|-weather|RainDance|[upkeep]\n|-heal|p2a: Politoed|91/100|[from] item: Leftovers\n|upkeep\n|turn|7\n|\n|t:|1776635068\n|switch|p2a: Sinistcha|Sinistcha, L50|44/100\n|-heal|p2b: Blastoise|94/100|[from] ability: Hospitality|[of] p2a: Sinistcha\n|switch|p1a: Sinistcha|Sinistcha, L50|89/100\n|-heal|p1b: Gyarados|70/100|[from] ability: Hospitality|[of] p1a: Sinistcha\n|move|p1b: Gyarados|Power Whip|p2b: Blastoise\n|-supereffective|p2b: Blastoise|1\n|-damage|p2b: Blastoise|13/100\n|move|p2b: Blastoise|Water Spout|p1a: Sinistcha|[spread] p1a,p1b\n|-resisted|p1a: Sinistcha|1\n|-resisted|p1b: Gyarados|1\n|-damage|p1a: Sinistcha|86/100\n|-damage|p1b: Gyarados|67/100\n|\n|-weather|RainDance|[upkeep]\n|upkeep\n|turn|8\n|inactive|CrosspoisonVGC has 30 seconds left.\n|-message|Tiguh forfeited.\n|\n|win|CrosspoisonVGC\n|raw|CrosspoisonVGC's rating: 1235 &rarr; <strong>1264</strong><br />(+29 for winning)\n|raw|Tiguh's rating: 1289 &rarr; <strong>1260</strong><br />(-29 for losing)\n|l|\u2606Tiguh\n|player|p2|\n",
  "uploadtime": 1776635101,
  "views": 24,
  "formatid": "gen9championsvgc2026regma",
  "rating": 1260,
  "private": 0,
  "password": null
}