{
  "id": "gen9championsvgc2026regma-2585225699",
  "format": "[Gen 9 Champions] VGC 2026 Reg M-A",
  "players": [
    "brycego24",
    "lucio m"
  ],
  "log": "|j|\u2606brycego24\n|j|\u2606lucio m\n|t:|1776327175\n|gametype|doubles\n|player|p1|brycego24|1|1249\n|player|p2|lucio m|101|1235\n|gen|9\n|tier|[Gen 9 Champions] VGC 2026 Reg M-A\n|rated|\n|rule|Species Clause: Limit one of each Pok\u00e9mon\n|rule|Item Clause: Limit 1 of each item\n|clearpoke\n|poke|p1|Froslass, L50, F|\n|poke|p1|Garchomp, L50, F|\n|poke|p1|Rotom-Frost, L50|\n|poke|p1|Empoleon, L50, M|\n|poke|p1|Incineroar, L50, M|\n|poke|p1|Kingambit, L50, F|\n|poke|p2|Charizard, L50, M|\n|poke|p2|Meganium, L50, F|\n|poke|p2|Corviknight, L50, M|\n|poke|p2|Garchomp, L50, M|\n|poke|p2|Gengar, L50, M|\n|poke|p2|Rotom-Wash, L50|\n|teampreview|4\n|inactive|Battle timer is ON: inactive players will automatically lose when time's up. (requested by lucio m)\n|\n|t:|1776327255\n|teamsize|p1|4\n|teamsize|p2|4\n|start\n|switch|p1a: Froslass|Froslass, L50, F|100/100\n|switch|p1b: Rotom|Rotom-Frost, L50|100/100\n|switch|p2a: Gengar|Gengar, L50, M|100/100\n|switch|p2b: Charizard|Charizard, L50, M|100/100\n|turn|1\n|\n|t:|1776327273\n|detailschange|p2b: Charizard|Charizard-Mega-Y, L50, M\n|-mega|p2b: Charizard|Charizard|Charizardite Y\n|-weather|SunnyDay|[from] ability: Drought|[of] p2b: Charizard\n|move|p1a: Froslass|Protect|p1a: Froslass\n|-singleturn|p1a: Froslass|Protect\n|move|p1b: Rotom|Electroweb|p2b: Charizard|[spread] p2a,p2b\n|-supereffective|p2b: Charizard|1\n|-damage|p2a: Gengar|71/100\n|-damage|p2b: Charizard|65/100\n|-unboost|p2a: Gengar|spe|1\n|-unboost|p2b: Charizard|spe|1\n|-start|p1b: Rotom|Disable|Electroweb|[from] ability: Cursed Body|[of] p2a: Gengar\n|move|p2a: Gengar|Shadow Ball|p1a: Froslass\n|-activate|p1a: Froslass|move: Protect\n|move|p2b: Charizard|Heat Wave|p1a: Froslass|[spread] p1b\n|-activate|p1a: Froslass|move: Protect\n|-supereffective|p1b: Rotom|1\n|-damage|p1b: Rotom|0 fnt\n|faint|p1b: Rotom\n|\n|-weather|SunnyDay|[upkeep]\n|upkeep\n|\n|t:|1776327291\n|switch|p1b: Kingambit|Kingambit, L50, F|100/100\n|turn|2\n|\n|t:|1776327309\n|switch|p2b: Rotom|Rotom-Wash, L50|100/100\n|detailschange|p1a: Froslass|Froslass-Mega, L50, F\n|-mega|p1a: Froslass|Froslass|Froslassite\n|-weather|Snowscape|[from] ability: Snow Warning|[of] p1a: Froslass\n|move|p1b: Kingambit|Sucker Punch||[still]\n|-fail|p1b: Kingambit\n|move|p1a: Froslass|Blizzard|p2b: Rotom|[spread] p2a,p2b\n|-resisted|p2b: Rotom|1\n|-damage|p2a: Gengar|0 fnt\n|-damage|p2b: Rotom|72/100\n|-start|p1a: Froslass|Disable|Blizzard|[from] ability: Cursed Body|[of] p2a: Gengar\n|faint|p2a: Gengar\n|\n|-weather|Snowscape|[upkeep]\n|upkeep\n|\n|t:|1776327322\n|switch|p2a: Charizard|Charizard-Mega-Y, L50, M|65/100\n|-weather|SunnyDay|[from] ability: Drought|[of] p2a: Charizard\n|turn|3\n|\n|t:|1776327329\n|switch|p1a: Garchomp|Garchomp, L50, F|100/100\n|move|p1b: Kingambit|Protect|p1b: Kingambit\n|-singleturn|p1b: Kingambit|Protect\n|move|p2a: Charizard|Heat Wave|p1a: Garchomp|[spread] p1a\n|-activate|p1b: Kingambit|move: Protect\n|-resisted|p1a: Garchomp|1\n|-damage|p1a: Garchomp|65/100\n|move|p2b: Rotom|Volt Switch|p1b: Kingambit\n|-activate|p1b: Kingambit|move: Protect\n|\n|-weather|SunnyDay|[upkeep]\n|upkeep\n|turn|4\n|\n|t:|1776327341\n|switch|p2a: Corviknight|Corviknight, L50, M|100/100\n|move|p1b: Kingambit|Sucker Punch||[still]\n|-fail|p1b: Kingambit\n|move|p1a: Garchomp|Rock Slide|p2b: Rotom|[spread] p2a,p2b\n|-damage|p2a: Corviknight|86/100\n|-damage|p2b: Rotom|51/100\n|move|p2b: Rotom|Will-O-Wisp|p1a: Garchomp\n|-status|p1a: Garchomp|brn\n|\n|-weather|SunnyDay|[upkeep]\n|-heal|p2a: Corviknight|92/100|[from] item: Leftovers\n|-damage|p1a: Garchomp|59/100 brn|[from] brn\n|upkeep\n|turn|5\n|inactive|lucio m has 30 seconds left.\n|\n|t:|1776327367\n|move|p1b: Kingambit|Protect|p1b: Kingambit\n|-singleturn|p1b: Kingambit|Protect\n|move|p1a: Garchomp|Dragon Claw|p2b: Rotom\n|-damage|p2b: Rotom|27/100\n|-enditem|p2b: Rotom|Sitrus Berry|[eat]\n|-heal|p2b: Rotom|51/100|[from] item: Sitrus Berry\n|move|p2b: Rotom|Hydro Pump|p1a: Garchomp\n|-damage|p1a: Garchomp|29/100 brn\n|move|p2a: Corviknight|Body Press|p1a: Garchomp\n|-damage|p1a: Garchomp|4/100 brn\n|-damage|p2a: Corviknight|80/100|[from] ability: Rough Skin|[of] p1a: Garchomp\n|\n|-weather|SunnyDay|[upkeep]\n|-heal|p2a: Corviknight|86/100|[from] item: Leftovers\n|-damage|p1a: Garchomp|0 fnt|[from] brn\n|faint|p1a: Garchomp\n|upkeep\n|\n|t:|1776327373\n|switch|p1a: Froslass|Froslass-Mega, L50, F|100/100\n|-weather|Snowscape|[from] ability: Snow Warning|[of] p1a: Froslass\n|turn|6\n|\n|t:|1776327382\n|move|p1a: Froslass|Blizzard|p2a: Corviknight|[spread] p2a,p2b\n|-resisted|p2b: Rotom|1\n|-damage|p2a: Corviknight|41/100\n|-damage|p2b: Rotom|25/100\n|move|p1b: Kingambit|Iron Head|p2b: Rotom\n|-resisted|p2b: Rotom|2\n|-damage|p2b: Rotom|13/100\n|move|p2b: Rotom|Volt Switch|p1a: Froslass\n|-damage|p1a: Froslass|58/100\n|\n|t:|1776327391\n|switch|p2b: Charizard|Charizard-Mega-Y, L50, M|65/100|[from] Volt Switch\n|-weather|SunnyDay|[from] ability: Drought|[of] p2b: Charizard\n|move|p2a: Corviknight|Body Press|p1b: Kingambit\n|-supereffective|p1b: Kingambit|2\n|-damage|p1b: Kingambit|9/100\n|\n|-weather|SunnyDay|[upkeep]\n|-heal|p2a: Corviknight|47/100|[from] item: Leftovers\n|upkeep\n|turn|7\n|\n|t:|1776327415\n|move|p2b: Charizard|Protect|p2b: Charizard\n|-singleturn|p2b: Charizard|Protect\n|move|p1b: Kingambit|Sucker Punch||[still]\n|-fail|p1b: Kingambit\n|move|p1a: Froslass|Shadow Ball|p2b: Charizard\n|-activate|p2b: Charizard|move: Protect\n|move|p2a: Corviknight|Body Press|p1b: Kingambit\n|-supereffective|p1b: Kingambit|2\n|-damage|p1b: Kingambit|0 fnt\n|faint|p1b: Kingambit\n|\n|-weather|SunnyDay|[upkeep]\n|-heal|p2a: Corviknight|53/100|[from] item: Leftovers\n|upkeep\n|turn|8\n|\n|t:|1776327430\n|switch|p2b: Rotom|Rotom-Wash, L50|13/100\n|move|p1a: Froslass|Blizzard|p2a: Corviknight|[spread] p2a\n|-miss|p1a: Froslass|p2b: Rotom\n|-damage|p2a: Corviknight|11/100\n|move|p2a: Corviknight|Tailwind|p2a: Corviknight\n|-sidestart|p2: lucio m|move: Tailwind\n|\n|-weather|SunnyDay|[upkeep]\n|-heal|p2a: Corviknight|17/100|[from] item: Leftovers\n|upkeep\n|turn|9\n|\n|t:|1776327445\n|move|p2b: Rotom|Thunderbolt|p1a: Froslass\n|-damage|p1a: Froslass|6/100\n|move|p2a: Corviknight|Roost|p2a: Corviknight\n|-heal|p2a: Corviknight|67/100\n|-singleturn|p2a: Corviknight|move: Roost\n|move|p1a: Froslass|Blizzard|p2a: Corviknight|[spread] p2b\n|-miss|p1a: Froslass|p2a: Corviknight\n|-resisted|p2b: Rotom|1\n|-damage|p2b: Rotom|0 fnt\n|faint|p2b: Rotom\n|\n|-weather|SunnyDay|[upkeep]\n|-heal|p2a: Corviknight|73/100|[from] item: Leftovers\n|upkeep\n|\n|t:|1776327448\n|switch|p2b: Charizard|Charizard-Mega-Y, L50, M|65/100\n|turn|10\n|\n|t:|1776327453\n|move|p1a: Froslass|Protect|p1a: Froslass\n|-singleturn|p1a: Froslass|Protect\n|move|p2b: Charizard|Solar Beam||[still]\n|-prepare|p2b: Charizard|Solar Beam\n|-anim|p2b: Charizard|Solar Beam|p1a: Froslass\n|-activate|p1a: Froslass|move: Protect\n|move|p2a: Corviknight|Roost|p2a: Corviknight\n|-heal|p2a: Corviknight|100/100\n|-singleturn|p2a: Corviknight|move: Roost\n|\n|-weather|none\n|upkeep\n|turn|11\n|\n|t:|1776327461\n|move|p1a: Froslass|Protect||[still]\n|-fail|p1a: Froslass\n|move|p2b: Charizard|Heat Wave|p1a: Froslass\n|-supereffective|p1a: Froslass|1\n|-damage|p1a: Froslass|0 fnt\n|faint|p1a: Froslass\n|\n|win|lucio m\n|raw|brycego24's rating: 1249 &rarr; <strong>1223</strong><br />(-26 for losing)\n|raw|lucio m's rating: 1235 &rarr; <strong>1261</strong><br />(+26 for winning)\n|l|\u2606brycego24\n|player|p1|\n",
  "uploadtime": 1776327468,
  "views": 24,
  "formatid": "gen9championsvgc2026regma",
  "rating": 1223,
  "private": 0,
  "password": null
}