{
  "id": "gen9championsvgc2026regma-2586339277",
  "format": "[Gen 9 Champions] VGC 2026 Reg M-A",
  "players": [
    "1DFofehh283",
    "KennarDH"
  ],
  "log": "|j|\u26061DFofehh283\n|j|\u2606KennarDH\n|t:|1776426775\n|gametype|doubles\n|player|p1|1DFofehh283|102|1210\n|player|p2|KennarDH|rocketgruntf|1224\n|gen|9\n|tier|[Gen 9 Champions] VGC 2026 Reg M-A\n|rated|\n|rule|Species Clause: Limit one of each Pok\u00e9mon\n|rule|Item Clause: Limit 1 of each item\n|clearpoke\n|poke|p1|Meganium, L50, M|\n|poke|p1|Aerodactyl, L50, M|\n|poke|p1|Kangaskhan, L50, F|\n|poke|p1|Archaludon, L50, F|\n|poke|p1|Tauros-Paldea-Aqua, L50, M|\n|poke|p1|Typhlosion-Hisui, L50, M|\n|poke|p2|Farigiraf, L50, F|\n|poke|p2|Blastoise, L50, F|\n|poke|p2|Torkoal, L50, M|\n|poke|p2|Crabominable, L50, F|\n|poke|p2|Alakazam, L50, F|\n|poke|p2|Sinistcha, L50|\n|teampreview|4\n|\n|t:|1776426816\n|teamsize|p1|4\n|teamsize|p2|4\n|start\n|switch|p1a: Meganium|Meganium, L50, M|100/100\n|switch|p1b: Typhlosion|Typhlosion-Hisui, L50, M|100/100\n|switch|p2a: Farigiraf|Farigiraf, L50, F|100/100\n|switch|p2b: Crabominable|Crabominable, L50, F|100/100\n|-item|p2a: Farigiraf|Mental Herb|[from] ability: Frisk|[of] p1b: Typhlosion\n|-item|p2b: Crabominable|Sitrus Berry|[from] ability: Frisk|[of] p1b: Typhlosion\n|turn|1\n|\n|t:|1776426841\n|detailschange|p1a: Meganium|Meganium-Mega, L50, M\n|-mega|p1a: Meganium|Meganium|Meganiumite\n|move|p2b: Crabominable|Wide Guard|p2b: Crabominable\n|-singleturn|p2b: Crabominable|Wide Guard\n|move|p1b: Typhlosion|Eruption|p2b: Crabominable|[spread] \n|-activate|p2a: Farigiraf|move: Wide Guard\n|-activate|p2b: Crabominable|move: Wide Guard\n|move|p1a: Meganium|Weather Ball|p2a: Farigiraf\n|-damage|p2a: Farigiraf|48/100\n|move|p2a: Farigiraf|Trick Room|p2a: Farigiraf\n|-fieldstart|move: Trick Room|[of] p2a: Farigiraf\n|\n|upkeep\n|turn|2\n|\n|t:|1776426866\n|move|p2b: Crabominable|Knock Off|p1b: Typhlosion\n|-supereffective|p1b: Typhlosion|1\n|-damage|p1b: Typhlosion|0 fnt\n|-enditem|p1b: Typhlosion|Choice Scarf|[from] move: Knock Off|[of] p2b: Crabominable\n|faint|p1b: Typhlosion\n|move|p2a: Farigiraf|Twin Beam|p1a: Meganium\n|-damage|p1a: Meganium|83/100\n|-damage|p1a: Meganium|65/100\n|-hitcount|p1a: Meganium|2\n|move|p1a: Meganium|Weather Ball|p2b: Crabominable\n|-supereffective|p2b: Crabominable|1\n|-damage|p2b: Crabominable|0 fnt\n|faint|p2b: Crabominable\n|\n|upkeep\n|\n|t:|1776426880\n|switch|p2b: Torkoal|Torkoal, L50, M|100/100\n|switch|p1b: Archaludon|Archaludon, L50, F|100/100\n|-weather|SunnyDay|[from] ability: Drought|[of] p2b: Torkoal\n|turn|3\n|\n|t:|1776426890\n|move|p1a: Meganium|Protect|p1a: Meganium\n|-singleturn|p1a: Meganium|Protect\n|move|p1b: Archaludon|Protect|p1b: Archaludon\n|-singleturn|p1b: Archaludon|Protect\n|move|p2b: Torkoal|Eruption|p1a: Meganium|[spread] \n|-activate|p1a: Meganium|move: Protect\n|-activate|p1b: Archaludon|move: Protect\n|move|p2a: Farigiraf|Hyper Voice|p1b: Archaludon|[spread] \n|-activate|p1a: Meganium|move: Protect\n|-activate|p1b: Archaludon|move: Protect\n|\n|-weather|SunnyDay|[upkeep]\n|upkeep\n|turn|4\n|\n|t:|1776426917\n|switch|p1a: Tauros|Tauros-Paldea-Aqua, L50, M|100/100\n|-ability|p1a: Tauros|Intimidate|boost\n|-unboost|p2a: Farigiraf|atk|1\n|-unboost|p2b: Torkoal|atk|1\n|move|p2b: Torkoal|Eruption|p1a: Tauros|[spread] p1a,p1b\n|-resisted|p1a: Tauros|1\n|-crit|p1a: Tauros\n|-damage|p1a: Tauros|4/100\n|-ability|p1b: Archaludon|Sturdy\n|-damage|p1b: Archaludon|1/100\n|move|p2a: Farigiraf|Hyper Voice|p1b: Archaludon|[spread] p1a,p1b\n|-resisted|p1b: Archaludon|1\n|-damage|p1a: Tauros|0 fnt\n|-damage|p1b: Archaludon|0 fnt\n|faint|p1a: Tauros\n|faint|p1b: Archaludon\n|\n|-weather|SunnyDay|[upkeep]\n|upkeep\n|\n|t:|1776426936\n|switch|p1b: Meganium|Meganium-Mega, L50, M|65/100\n|turn|5\n|\n|t:|1776426940\n|switch|p2a: Alakazam|Alakazam, L50, F|100/100\n|move|p1b: Meganium|Protect|p1b: Meganium\n|-singleturn|p1b: Meganium|Protect\n|move|p2b: Torkoal|Eruption|p1b: Meganium\n|-activate|p1b: Meganium|move: Protect\n|\n|-weather|SunnyDay|[upkeep]\n|-fieldend|move: Trick Room\n|upkeep\n|turn|6\n|\n|t:|1776426954\n|move|p2a: Alakazam|Speed Swap|p2b: Torkoal\n|-activate|p2a: Alakazam|move: Speed Swap|[of] p2b: Torkoal\n|move|p2b: Torkoal|Eruption|p1b: Meganium\n|-supereffective|p1b: Meganium|1\n|-damage|p1b: Meganium|0 fnt\n|faint|p1b: Meganium\n|\n|win|KennarDH\n|raw|1DFofehh283's rating: 1210 &rarr; <strong>1186</strong><br />(-24 for losing)\n|raw|KennarDH's rating: 1224 &rarr; <strong>1248</strong><br />(+24 for winning)\n|l|\u26061DFofehh283\n|player|p1|\n",
  "uploadtime": 1776426963,
  "views": 38,
  "formatid": "gen9championsvgc2026regma",
  "rating": 1186,
  "private": 0,
  "password": null
}