{
  "id": "gen9championsvgc2026regma-2585741209",
  "format": "[Gen 9 Champions] VGC 2026 Reg M-A",
  "players": [
    "GuardianLemartes",
    "ziviz"
  ],
  "log": "|j|\u2606GuardianLemartes\n|j|\u203dziviz\n|t:|1776367378\n|gametype|doubles\n|player|p1|GuardianLemartes|rocketgruntf|1202\n|player|p2|ziviz|170|1241\n|gen|9\n|tier|[Gen 9 Champions] VGC 2026 Reg M-A\n|rated|\n|rule|Species Clause: Limit one of each Pok\u00e9mon\n|rule|Item Clause: Limit 1 of each item\n|clearpoke\n|poke|p1|Kingambit, L50, M|\n|poke|p1|Incineroar, L50, F|\n|poke|p1|Starmie, L50|\n|poke|p1|Sylveon, L50, M|\n|poke|p1|Sneasler, L50, M|\n|poke|p1|Sinistcha, L50|\n|poke|p2|Floette-Eternal, L50, F|\n|poke|p2|Sableye, L50, F|\n|poke|p2|Gyarados, L50, M|\n|poke|p2|Talonflame, L50, F|\n|poke|p2|Sinistcha, L50|\n|poke|p2|Kingambit, L50, M|\n|teampreview|4\nGuardianLemartes rejected open team sheets.\n|inactive|Battle timer is ON: inactive players will automatically lose when time's up. (requested by ziviz)\n|\n|t:|1776367478\n|teamsize|p1|4\n|teamsize|p2|4\n|start\n|switch|p1a: Sneasler|Sneasler, L50, M|100/100\n|switch|p1b: Sinistcha|Sinistcha, L50|100/100\n|switch|p2a: Sableye|Sableye, L50, F|100/100\n|switch|p2b: Gyarados|Gyarados, L50, M|100/100\n|-ability|p2b: Gyarados|Intimidate|boost\n|-unboost|p1a: Sneasler|atk|1\n|-unboost|p1b: Sinistcha|atk|1\n|turn|1\n|inactive|ziviz has 30 seconds left.\n|\n|t:|1776367503\n|move|p1a: Sneasler|Fake Out|p2b: Gyarados\n|-damage|p2b: Gyarados|88/100\n|move|p2a: Sableye|Fake Out|p1a: Sneasler\n|-damage|p1a: Sneasler|87/100\n|cant|p2b: Gyarados|flinch\n|move|p1b: Sinistcha|Trick Room|p1b: Sinistcha\n|-fieldstart|move: Trick Room|[of] p1b: Sinistcha\n|\n|upkeep\n|turn|2\n|\n|t:|1776367519\n|switch|p1a: Sylveon|Sylveon, L50, M|100/100\n|move|p1b: Sinistcha|Rage Powder|p1b: Sinistcha\n|-singleturn|p1b: Sinistcha|move: Rage Powder\n|move|p2a: Sableye|Encore|p1b: Sinistcha\n|-start|p1b: Sinistcha|Encore\n|move|p2b: Gyarados|Dragon Dance|p2b: Gyarados\n|-boost|p2b: Gyarados|atk|1\n|-boost|p2b: Gyarados|spe|1\n|\n|upkeep\n|turn|3\n|inactive|ziviz has 30 seconds left.\n|inactive|ziviz has 20 seconds left.\n|inactive|ziviz has 15 seconds left.\n|\n|t:|1776367560\n|move|p1b: Sinistcha|Rage Powder|p1b: Sinistcha\n|-singleturn|p1b: Sinistcha|move: Rage Powder\n|move|p2a: Sableye|Disable|p1b: Sinistcha\n|-start|p1b: Sinistcha|Disable|Rage Powder\n|move|p1a: Sylveon|Calm Mind|p1a: Sylveon\n|-boost|p1a: Sylveon|spa|1\n|-boost|p1a: Sylveon|spd|1\n|move|p2b: Gyarados|Waterfall|p1b: Sinistcha\n|-resisted|p1b: Sinistcha|1\n|-crit|p1b: Sinistcha\n|-damage|p1b: Sinistcha|58/100\n|\n|-heal|p1b: Sinistcha|64/100|[from] item: Leftovers\n|upkeep\n|turn|4\n|\n|t:|1776367576\n|switch|p1b: Sneasler|Sneasler, L50, M|87/100\n|move|p2a: Sableye|Encore|p1a: Sylveon\n|-start|p1a: Sylveon|Encore\n|move|p1a: Sylveon|Calm Mind|p1a: Sylveon\n|-boost|p1a: Sylveon|spa|1\n|-boost|p1a: Sylveon|spd|1\n|move|p2b: Gyarados|Waterfall|p1a: Sylveon\n|-damage|p1a: Sylveon|38/100\n|\n|upkeep\n|turn|5\n|\n|t:|1776367594\n|move|p1b: Sneasler|Fake Out|p2b: Gyarados\n|-damage|p2b: Gyarados|68/100\n|move|p2a: Sableye|Disable|p1a: Sylveon\n|-start|p1a: Sylveon|Disable|Calm Mind\n|cant|p1a: Sylveon|Disable|Calm Mind\n|cant|p2b: Gyarados|flinch\n|\n|-fieldend|move: Trick Room\n|upkeep\n|turn|6\n|c|\u2606GuardianLemartes|real\n|inactive|ziviz has 30 seconds left.\n|\n|t:|1776367627\n|switch|p1b: Sinistcha|Sinistcha, L50|64/100\n|-heal|p1a: Sylveon|63/100|[from] ability: Hospitality|[of] p1b: Sinistcha\n|switch|p1a: Starmie|Starmie, L50|100/100\n|move|p2a: Sableye|Encore||[still]\n|-fail|p2a: Sableye\n|move|p2b: Gyarados|Waterfall|p1b: Sinistcha\n|-resisted|p1b: Sinistcha|1\n|-damage|p1b: Sinistcha|39/100\n|\n|-heal|p1b: Sinistcha|45/100|[from] item: Leftovers\n|upkeep\n|turn|7\n|inactive|ziviz has 30 seconds left.\n|inactive|ziviz has 20 seconds left.\n|inactive|ziviz has 15 seconds left.\n|inactive|ziviz has 10 seconds left.\n|inactive|GuardianLemartes has 30 seconds left.\n|inactive|ziviz has 5 seconds left.\n|\n|t:|1776367683\n|switch|p2a: Sinistcha|Sinistcha, L50|100/100\n|-heal|p2b: Gyarados|93/100|[from] ability: Hospitality|[of] p2a: Sinistcha\n|detailschange|p2b: Gyarados|Gyarados-Mega, L50, M\n|-mega|p2b: Gyarados|Gyarados|Gyaradosite\n|-ability|p2b: Gyarados|Mold Breaker\n|move|p1a: Starmie|Protect|p1a: Starmie\n|-singleturn|p1a: Starmie|Protect\n|move|p2b: Gyarados|Dragon Dance|p2b: Gyarados\n|-boost|p2b: Gyarados|atk|1\n|-boost|p2b: Gyarados|spe|1\n|move|p1b: Sinistcha|Shadow Ball|p2a: Sinistcha\n|-supereffective|p2a: Sinistcha|1\n|-damage|p2a: Sinistcha|20/100\n|-enditem|p2a: Sinistcha|Sitrus Berry|[eat]\n|-heal|p2a: Sinistcha|44/100|[from] item: Sitrus Berry\n|\n|-heal|p1b: Sinistcha|51/100|[from] item: Leftovers\n|upkeep\n|turn|8\n|inactive|ziviz has 30 seconds left.\n|\n|t:|1776367715\n|switch|p1a: Sylveon|Sylveon, L50, M|63/100\n|switch|p1b: Sneasler|Sneasler, L50, M|87/100\n|move|p2b: Gyarados|Waterfall|p1a: Sylveon\n|-damage|p1a: Sylveon|0 fnt\n|faint|p1a: Sylveon\n|move|p2a: Sinistcha|Matcha Gotcha|p1b: Sneasler\n|-resisted|p1b: Sneasler|1\n|-damage|p1b: Sneasler|63/100\n|-heal|p2a: Sinistcha|55/100|[from] drain|[of] p1b: Sneasler\n|\n|upkeep\n|\n|t:|1776367727\n|switch|p1a: Sinistcha|Sinistcha, L50|51/100\n|-heal|p1b: Sneasler|88/100|[from] ability: Hospitality|[of] p1a: Sinistcha\n|turn|9\n|\n|t:|1776367739\n|move|p1b: Sneasler|Fake Out|p2b: Gyarados\n|-damage|p2b: Gyarados|78/100\n|move|p2a: Sinistcha|Rage Powder|p2a: Sinistcha\n|-singleturn|p2a: Sinistcha|move: Rage Powder\n|cant|p2b: Gyarados|flinch\n|move|p1a: Sinistcha|Shadow Ball|p2a: Sinistcha\n|-supereffective|p2a: Sinistcha|1\n|-damage|p2a: Sinistcha|0 fnt\n|faint|p2a: Sinistcha\n|\n|-heal|p1a: Sinistcha|58/100|[from] item: Leftovers\n|upkeep\n|\n|t:|1776367749\n|switch|p2a: Sableye|Sableye, L50, F|100/100\n|turn|10\n|inactive|ziviz has 30 seconds left.\n|\n|t:|1776367775\n|move|p2a: Sableye|Fake Out|p1b: Sneasler\n|-damage|p1b: Sneasler|77/100\n|move|p2b: Gyarados|Waterfall|p1a: Sinistcha\n|-resisted|p1a: Sinistcha|1\n|-damage|p1a: Sinistcha|15/100\n|cant|p1b: Sneasler|flinch\n|move|p1a: Sinistcha|Matcha Gotcha|p2a: Sableye|[spread] p2a,p2b\n|-supereffective|p2b: Gyarados|1\n|-damage|p2a: Sableye|58/100\n|-heal|p1a: Sinistcha|34/100|[from] drain|[of] p2a: Sableye\n|-damage|p2b: Gyarados|40/100\n|-heal|p1a: Sinistcha|52/100|[from] drain|[of] p2b: Gyarados\n|-status|p2a: Sableye|brn\n|-status|p2b: Gyarados|brn\n|\n|-heal|p1a: Sinistcha|59/100|[from] item: Leftovers\n|-heal|p2a: Sableye|64/100 brn|[from] item: Leftovers\n|-damage|p2b: Gyarados|34/100 brn|[from] brn\n|-damage|p2a: Sableye|58/100 brn|[from] brn\n|upkeep\n|turn|11\n|inactive|GuardianLemartes has 30 seconds left.\n|inactive|ziviz has 30 seconds left.\n|inactive|GuardianLemartes has 20 seconds left.\n|inactive|GuardianLemartes has 15 seconds left.\n|\n|t:|1776367819\n|move|p1a: Sinistcha|Rage Powder|p1a: Sinistcha\n|-singleturn|p1a: Sinistcha|move: Rage Powder\n|move|p2a: Sableye|Encore|p1a: Sinistcha\n|-start|p1a: Sinistcha|Encore\n|move|p2b: Gyarados|Outrage|p1a: Sinistcha\n|-damage|p1a: Sinistcha|15/100\n|move|p1b: Sneasler|Close Combat|p2b: Gyarados\n|-supereffective|p2b: Gyarados|1\n|-damage|p2b: Gyarados|0 fnt\n|-unboost|p1b: Sneasler|def|1\n|-unboost|p1b: Sneasler|spd|1\n|faint|p2b: Gyarados\n|\n|-heal|p1a: Sinistcha|21/100|[from] item: Leftovers\n|-heal|p2a: Sableye|64/100 brn|[from] item: Leftovers\n|-damage|p2a: Sableye|58/100 brn|[from] brn\n|upkeep\n|-message|ziviz forfeited.\n|\n|win|GuardianLemartes\n|raw|GuardianLemartes's rating: 1202 &rarr; <strong>1230</strong><br />(+28 for winning)\n|raw|ziviz's rating: 1241 &rarr; <strong>1213</strong><br />(-28 for losing)\n|l|\u203dziviz\n|player|p2|\n",
  "uploadtime": 1776367848,
  "views": 35,
  "formatid": "gen9championsvgc2026regma",
  "rating": 1213,
  "private": 0,
  "password": null
}