{
  "id": "gen9championsvgc2026regma-2580814619",
  "format": "[Gen 9 Champions] VGC 2026 Reg M-A",
  "players": [
    "princess 68",
    "the xpurt"
  ],
  "log": "|j|\u2606princess 68\n|j|\u2606the xpurt\n|t:|1775934672\n|gametype|doubles\n|player|p1|princess 68|elesa|1049\n|player|p2|the xpurt|harlequin|1036\n|gen|9\n|tier|[Gen 9 Champions] VGC 2026 Reg M-A\n|rated|\n|rule|Species Clause: Limit one of each Pok\u00e9mon\n|rule|Item Clause: Limit 1 of each item\n|clearpoke\n|poke|p1|Charizard, L50, M|\n|poke|p1|Venusaur, L50, M|\n|poke|p1|Incineroar, L50, M|\n|poke|p1|Garchomp, L50, F|\n|poke|p1|Gallade, L50, M|\n|poke|p1|Dragonite, L50, M|\n|poke|p2|Crabominable, L50, F|\n|poke|p2|Sinistcha, L50|\n|poke|p2|Ninetales-Alola, L50, M|\n|poke|p2|Hydrapple, L50, F|\n|poke|p2|Maushold-Four, L50|\n|poke|p2|Kingambit, L50, M|\n|teampreview|4\n|\n|t:|1775934683\n|teamsize|p1|4\n|teamsize|p2|4\n|start\n|switch|p1a: Dragonite|Dragonite, L50, M|100/100\n|switch|p1b: Gallade|Gallade, L50, M|100/100\n|switch|p2a: Sinistcha|Sinistcha, L50, shiny|100/100\n|switch|p2b: Crabominable|Crabominable, L50, F|100/100\n|turn|1\n|\n|t:|1775934736\n|move|p2b: Crabominable|Protect|p2b: Crabominable\n|-singleturn|p2b: Crabominable|Protect\n|move|p1b: Gallade|Sacred Sword|p2b: Crabominable\n|-activate|p2b: Crabominable|move: Protect\n|move|p1a: Dragonite|Tailwind|p1a: Dragonite\n|-sidestart|p1: princess 68|move: Tailwind\n|move|p2a: Sinistcha|Trick Room|p2a: Sinistcha\n|-fieldstart|move: Trick Room|[of] p2a: Sinistcha\n|\n|upkeep\n|turn|2\n|\n|t:|1775934765\n|detailschange|p2b: Crabominable|Crabominable-Mega, L50, F\n|-mega|p2b: Crabominable|Crabominable|Crabominite\n|move|p1b: Gallade|Protect|p1b: Gallade\n|-singleturn|p1b: Gallade|Protect\n|move|p1a: Dragonite|Protect|p1a: Dragonite\n|-singleturn|p1a: Dragonite|Protect\n|move|p2b: Crabominable|Ice Hammer|p1a: Dragonite\n|-activate|p1a: Dragonite|move: Protect\n|move|p2a: Sinistcha|Shadow Ball|p1b: Gallade\n|-activate|p1b: Gallade|move: Protect\n|\n|upkeep\n|turn|3\n|\n|t:|1775934793\n|switch|p1b: Venusaur|Venusaur, L50, M|100/100\n|switch|p1a: Charizard|Charizard, L50, M|100/100\n|move|p2b: Crabominable|Ice Hammer|p1a: Charizard\n|-damage|p1a: Charizard|0 fnt\n|-unboost|p2b: Crabominable|spe|1\n|faint|p1a: Charizard\n|move|p2a: Sinistcha|Matcha Gotcha|p1b: Venusaur|[miss]\n|-miss|p2a: Sinistcha|p1b: Venusaur\n|\n|upkeep\n|\n|t:|1775934815\n|switch|p1a: Gallade|Gallade, L50, M|100/100\n|turn|4\n|\n|t:|1775934833\n|move|p1a: Gallade|Protect|p1a: Gallade\n|-singleturn|p1a: Gallade|Protect\n|move|p1b: Venusaur|Protect|p1b: Venusaur\n|-singleturn|p1b: Venusaur|Protect\n|move|p2a: Sinistcha|Rage Powder|p2a: Sinistcha\n|-singleturn|p2a: Sinistcha|move: Rage Powder\n|move|p2b: Crabominable|Ice Hammer|p1b: Venusaur\n|-activate|p1b: Venusaur|move: Protect\n|\n|-sideend|p1: princess 68|move: Tailwind\n|upkeep\n|turn|5\n|\n|t:|1775934875\n|move|p2b: Crabominable|Ice Hammer|p1b: Venusaur\n|-supereffective|p1b: Venusaur|1\n|-damage|p1b: Venusaur|0 fnt\n|-unboost|p2b: Crabominable|spe|1\n|faint|p1b: Venusaur\n|move|p2a: Sinistcha|Shadow Ball|p1a: Gallade\n|-supereffective|p1a: Gallade|1\n|-damage|p1a: Gallade|0 fnt\n|faint|p1a: Gallade\n|\n|-fieldend|move: Trick Room\n|upkeep\n|\n|t:|1775934890\n|switch|p1a: Dragonite|Dragonite, L50, M|100/100\n|turn|6\n|\n|t:|1775934903\n|switch|p2a: Hydrapple|Hydrapple, L50, F, shiny|100/100\n|-ability|p2a: Hydrapple|Supersweet Syrup\n|-unboost|p1a: Dragonite|evasion|1\n|move|p1a: Dragonite|Scale Shot|p2a: Hydrapple\n|-supereffective|p2a: Hydrapple|1\n|-damage|p2a: Hydrapple|75/100\n|-supereffective|p2a: Hydrapple|1\n|-damage|p2a: Hydrapple|52/100\n|-hitcount|p2a: Hydrapple|2\n|-unboost|p1a: Dragonite|def|1\n|-boost|p1a: Dragonite|spe|1\n|move|p2b: Crabominable|Ice Hammer|p1a: Dragonite\n|-supereffective|p1a: Dragonite|2\n|-enditem|p1a: Dragonite|Focus Sash\n|-damage|p1a: Dragonite|1/100\n|-unboost|p2b: Crabominable|spe|1\n|\n|upkeep\n|turn|7\n|\n|t:|1775934926\n|switch|p2b: Sinistcha|Sinistcha, L50, shiny|100/100\n|-heal|p2a: Hydrapple|77/100|[from] ability: Hospitality|[of] p2b: Sinistcha\n|move|p1a: Dragonite|Scale Shot|p2a: Hydrapple\n|-supereffective|p2a: Hydrapple|1\n|-damage|p2a: Hydrapple|54/100\n|-supereffective|p2a: Hydrapple|1\n|-damage|p2a: Hydrapple|29/100\n|-supereffective|p2a: Hydrapple|1\n|-damage|p2a: Hydrapple|7/100\n|-supereffective|p2a: Hydrapple|1\n|-damage|p2a: Hydrapple|0 fnt\n|faint|p2a: Hydrapple\n|-hitcount|p2: Hydrapple|4\n|-unboost|p1a: Dragonite|def|1\n|-boost|p1a: Dragonite|spe|1\n|\n|upkeep\n|\n|t:|1775934940\n|switch|p2a: Kingambit|Kingambit, L50, M, shiny|100/100\n|turn|8\n|\n|t:|1775934958\n|move|p1a: Dragonite|Protect|p1a: Dragonite\n|-singleturn|p1a: Dragonite|Protect\n|move|p2a: Kingambit|Sucker Punch||[still]\n|-fail|p2a: Kingambit\n|move|p2b: Sinistcha|Matcha Gotcha|p1a: Dragonite\n|-activate|p1a: Dragonite|move: Protect\n|\n|upkeep\n|turn|9\n|\n|t:|1775934972\n|move|p2a: Kingambit|Sucker Punch||[still]\n|-fail|p2a: Kingambit\n|move|p1a: Dragonite|Tailwind|p1a: Dragonite\n|-sidestart|p1: princess 68|move: Tailwind\n|move|p2b: Sinistcha|Matcha Gotcha|p1a: Dragonite\n|-resisted|p1a: Dragonite|2\n|-damage|p1a: Dragonite|0 fnt\n|faint|p1a: Dragonite\n|\n|win|the xpurt\n|raw|princess 68's rating: 1049 &rarr; <strong>1031</strong><br />(-18 for losing)\n|raw|the xpurt's rating: 1036 &rarr; <strong>1072</strong><br />(+36 for winning)\n|c|\u2606the xpurt|gg\n|l|\u2606the xpurt\n|player|p2|\n|j|\u2606the xpurt\n|player|p2|the xpurt|harlequin|\n",
  "uploadtime": 1775934994,
  "views": 35,
  "formatid": "gen9championsvgc2026regma",
  "rating": 1031,
  "private": 0,
  "password": null
}