{
  "id": "gen9championsvgc2026regma-2583942680",
  "format": "[Gen 9 Champions] VGC 2026 Reg M-A",
  "players": [
    "earl5000",
    "JimmiBunnie"
  ],
  "log": "|j|\u2606earl5000\n|j|\u2606JimmiBunnie\n|t:|1776210375\n|gametype|doubles\n|player|p1|earl5000|palmer|1119\n|player|p2|JimmiBunnie|pokekid|1109\n|gen|9\n|tier|[Gen 9 Champions] VGC 2026 Reg M-A\n|rated|\n|rule|Species Clause: Limit one of each Pok\u00e9mon\n|rule|Item Clause: Limit 1 of each item\n|clearpoke\n|poke|p1|Kingambit, L50, M|\n|poke|p1|Farigiraf, L50, F|\n|poke|p1|Gengar, L50, F|\n|poke|p1|Incineroar, L50, F|\n|poke|p1|Hawlucha, L50, M|\n|poke|p1|Sinistcha, L50|\n|poke|p2|Lopunny, L50, M|\n|poke|p2|Garchomp, L50, M|\n|poke|p2|Incineroar, L50, F|\n|poke|p2|Rotom-Wash, L50|\n|poke|p2|Whimsicott, L50, M|\n|poke|p2|Milotic, L50, F|\n|teampreview|4\n|inactive|Battle timer is ON: inactive players will automatically lose when time's up. (requested by earl5000)\n|\n|t:|1776210394\n|teamsize|p1|4\n|teamsize|p2|4\n|start\n|switch|p1a: Kingambit|Kingambit, L50, M|100/100\n|switch|p1b: Gengar|Gengar, L50, F|100/100\n|switch|p2a: Milotic|Milotic, L50, F|100/100\n|switch|p2b: Rotom|Rotom-Wash, L50|100/100\n|turn|1\n|\n|t:|1776210409\n|move|p1b: Gengar|Nasty Plot|p1b: Gengar\n|-boost|p1b: Gengar|spa|2\n|move|p2b: Rotom|Volt Switch|p1b: Gengar\n|-damage|p1b: Gengar|38/100\n|\n|t:|1776210417\n|switch|p2b: Incineroar|Incineroar, L50, F|100/100|[from] Volt Switch\n|-ability|p2b: Incineroar|Intimidate|boost\n|-unboost|p1a: Kingambit|atk|1\n|-ability|p1a: Kingambit|Defiant|boost\n|-boost|p1a: Kingambit|atk|2\n|-unboost|p1b: Gengar|atk|1\n|move|p2a: Milotic|Scald|p1b: Gengar\n|-damage|p1b: Gengar|0 fnt\n|-start|p2a: Milotic|Disable|Scald|[from] ability: Cursed Body|[of] p1b: Gengar\n|faint|p1b: Gengar\n|move|p1a: Kingambit|Kowtow Cleave|p2a: Milotic\n|-damage|p2a: Milotic|26/100\n|\n|-heal|p2a: Milotic|32/100|[from] item: Leftovers\n|upkeep\n|\n|t:|1776210431\n|switch|p1b: Hawlucha|Hawlucha, L50, M|100/100\n|-ability|p1b: Hawlucha|Mold Breaker\n|turn|2\n|\n|t:|1776210445\n|detailschange|p1b: Hawlucha|Hawlucha-Mega, L50, M\n|-mega|p1b: Hawlucha|Hawlucha|Hawluchanite\n|move|p1b: Hawlucha|High Jump Kick|p2b: Incineroar\n|-supereffective|p2b: Incineroar|1\n|-damage|p2b: Incineroar|0 fnt\n|faint|p2b: Incineroar\n|move|p2a: Milotic|Icy Wind|p1a: Kingambit|[spread] p1b\n|-miss|p2a: Milotic|p1a: Kingambit\n|-supereffective|p1b: Hawlucha|1\n|-damage|p1b: Hawlucha|79/100\n|-unboost|p1b: Hawlucha|spe|1\n|move|p1a: Kingambit|Kowtow Cleave|p2a: Milotic\n|-damage|p2a: Milotic|0 fnt\n|faint|p2a: Milotic\n|\n|upkeep\n|\n|t:|1776210458\n|switch|p2a: Rotom|Rotom-Wash, L50|100/100\n|switch|p2b: Lopunny|Lopunny, L50, M|100/100\n|turn|3\n|\n|t:|1776210470\n|switch|p1b: Incineroar|Incineroar, L50, F|100/100\n|-ability|p1b: Incineroar|Intimidate|boost\n|-unboost|p2a: Rotom|atk|1\n|-unboost|p2b: Lopunny|atk|1\n|detailschange|p2b: Lopunny|Lopunny-Mega, L50, M\n|-mega|p2b: Lopunny|Lopunny|Lopunnite\n|move|p1a: Kingambit|Protect|p1a: Kingambit\n|-singleturn|p1a: Kingambit|Protect\n|move|p2b: Lopunny|Close Combat|p1a: Kingambit\n|-activate|p1a: Kingambit|move: Protect\n|move|p2a: Rotom|Volt Switch|p1b: Incineroar\n|-damage|p1b: Incineroar|67/100\n|\n|upkeep\n|turn|4\n|\n|t:|1776210491\n|move|p1b: Incineroar|Fake Out|p2b: Lopunny\n|-damage|p2b: Lopunny|86/100\n|cant|p2b: Lopunny|flinch\n|move|p2a: Rotom|Hydro Pump|p1b: Incineroar\n|-supereffective|p1b: Incineroar|1\n|-damage|p1b: Incineroar|0 fnt\n|faint|p1b: Incineroar\n|move|p1a: Kingambit|Kowtow Cleave|p2a: Rotom\n|-damage|p2a: Rotom|29/100\n|\n|upkeep\n|\n|t:|1776210505\n|switch|p1b: Hawlucha|Hawlucha-Mega, L50, M|79/100\n|turn|5\n|\n|t:|1776210518\n|move|p2b: Lopunny|Close Combat|p1a: Kingambit\n|-supereffective|p1a: Kingambit|2\n|-enditem|p1a: Kingambit|Chople Berry|[eat]\n|-enditem|p1a: Kingambit|Chople Berry|[weaken]\n|-damage|p1a: Kingambit|35/100\n|-unboost|p2b: Lopunny|def|1\n|-unboost|p2b: Lopunny|spd|1\n|move|p1b: Hawlucha|Flying Press|p2b: Lopunny\n|-supereffective|p2b: Lopunny|2\n|-damage|p2b: Lopunny|0 fnt\n|faint|p2b: Lopunny\n|move|p2a: Rotom|Hydro Pump|p1a: Kingambit\n|-damage|p1a: Kingambit|0 fnt\n|faint|p1a: Kingambit\n|\n|upkeep\n|turn|6\n|\n|t:|1776210537\n|move|p1b: Hawlucha|Flying Press|p2a: Rotom\n|-resisted|p2a: Rotom|1\n|-damage|p2a: Rotom|2/100\n|move|p2a: Rotom|Volt Switch|p1b: Hawlucha\n|-supereffective|p1b: Hawlucha|1\n|-damage|p1b: Hawlucha|0 fnt\n|faint|p1b: Hawlucha\n|\n|win|JimmiBunnie\n|raw|earl5000's rating: 1119 &rarr; <strong>1093</strong><br />(-26 for losing)\n|raw|JimmiBunnie's rating: 1109 &rarr; <strong>1135</strong><br />(+26 for winning)\n|c|\u2606earl5000|????\n|c|\u2606earl5000|Wtf\n",
  "uploadtime": 1776210549,
  "views": 12,
  "formatid": "gen9championsvgc2026regma",
  "rating": 1093,
  "private": 0,
  "password": null
}