{
  "id": "gen9championsvgc2026regma-2584390972",
  "format": "[Gen 9 Champions] VGC 2026 Reg M-A",
  "players": [
    "landofdeparture",
    "kheray"
  ],
  "log": "|j|\u2606landofdeparture\n|j|\u2606kheray\n|t:|1776257370\n|gametype|doubles\n|player|p1|landofdeparture|swimmerf|1169\n|player|p2|kheray|266|1069\n|gen|9\n|tier|[Gen 9 Champions] VGC 2026 Reg M-A\n|rated|\n|rule|Species Clause: Limit one of each Pok\u00e9mon\n|rule|Item Clause: Limit 1 of each item\n|clearpoke\n|poke|p1|Kingambit, L50, F|\n|poke|p1|Wyrdeer, L50, F|\n|poke|p1|Dragapult, L50, F|\n|poke|p1|Tsareena, L50, F|\n|poke|p1|Greninja-*, L50, M|\n|poke|p1|Bellibolt, L50, M|\n|poke|p2|Floette-Eternal, L50, F|\n|poke|p2|Sinistcha, L50|\n|poke|p2|Aerodactyl, L50, M|\n|poke|p2|Garchomp, L50, F|\n|poke|p2|Incineroar, L50, M|\n|poke|p2|Rotom-Wash, L50|\n|teampreview|4\n|inactive|Battle timer is ON: inactive players will automatically lose when time's up. (requested by kheray)\n|\n|t:|1776257407\n|teamsize|p1|4\n|teamsize|p2|4\n|start\n|switch|p1a: Wyrdeer|Wyrdeer, L50, F|100/100\n|switch|p1b: Kingambit|Kingambit, L50, F|100/100\n|switch|p2a: Aerodactyl|Aerodactyl, L50, M|100/100\n|switch|p2b: Floette|Floette-Eternal, L50, F|100/100\n|-ability|p2a: Aerodactyl|Unnerve\n|-ability|p1a: Wyrdeer|Intimidate|boost\n|-unboost|p2a: Aerodactyl|atk|1\n|-unboost|p2b: Floette|atk|1\n|turn|1\n|inactive|kheray has 30 seconds left.\n|\n|t:|1776257441\n|switch|p2a: Sinistcha|Sinistcha, L50|100/100\n|detailschange|p2b: Floette|Floette-Mega, L50, F\n|-mega|p2b: Floette|Floette|Floettite\n|-ability|p2b: Floette|Fairy Aura\n|move|p1b: Kingambit|Protect|p1b: Kingambit\n|-singleturn|p1b: Kingambit|Protect\n|move|p2b: Floette|Calm Mind|p2b: Floette\n|-boost|p2b: Floette|spa|1\n|-boost|p2b: Floette|spd|1\n|move|p1a: Wyrdeer|Trick Room|p1a: Wyrdeer\n|-fieldstart|move: Trick Room|[of] p1a: Wyrdeer\n|\n|upkeep\n|turn|2\n|inactive|landofdeparture has 30 seconds left.\n|inactive|kheray has 30 seconds left.\n|inactive|landofdeparture has 20 seconds left.\n|inactive|landofdeparture has 15 seconds left.\n|inactive|landofdeparture has 10 seconds left.\n|\n|t:|1776257486\n|move|p2b: Floette|Protect|p2b: Floette\n|-singleturn|p2b: Floette|Protect\n|move|p1a: Wyrdeer|Skill Swap|p2a: Sinistcha\n|-activate|p1a: Wyrdeer|Skill Swap|Hospitality|Intimidate|[of] p2a: Sinistcha\n|-ability|p2a: Sinistcha|Intimidate|boost\n|-unboost|p1a: Wyrdeer|atk|1\n|-unboost|p1b: Kingambit|atk|1\n|-ability|p1b: Kingambit|Defiant|boost\n|-boost|p1b: Kingambit|atk|2\n|move|p1b: Kingambit|Iron Head|p2b: Floette\n|-activate|p2b: Floette|move: Protect\n|move|p2a: Sinistcha|Trick Room|p2a: Sinistcha\n|-fieldend|move: Trick Room\n|\n|upkeep\n|turn|3\n|inactive|kheray has 30 seconds left.\n|\n|t:|1776257512\n|move|p2b: Floette|Dazzling Gleam|p1b: Kingambit|[spread] p1a,p1b\n|-damage|p1a: Wyrdeer|38/100\n|-damage|p1b: Kingambit|29/100\n|move|p2a: Sinistcha|Matcha Gotcha|p1a: Wyrdeer|[spread] p1a,p1b\n|-resisted|p1b: Kingambit|1\n|-damage|p1a: Wyrdeer|18/100\n|-damage|p1b: Kingambit|15/100\n|move|p1b: Kingambit|Iron Head|p2b: Floette\n|-supereffective|p2b: Floette|1\n|-damage|p2b: Floette|0 fnt\n|faint|p2b: Floette\n|move|p1a: Wyrdeer|Trick Room|p1a: Wyrdeer\n|-fieldstart|move: Trick Room|[of] p1a: Wyrdeer\n|\n|upkeep\n|\n|t:|1776257523\n|switch|p2b: Garchomp|Garchomp, L50, F|100/100\n|turn|4\n|\n|t:|1776257538\n|move|p1a: Wyrdeer|Skill Swap|p2b: Garchomp\n|-activate|p1a: Wyrdeer|Skill Swap|Rough Skin|Hospitality|[of] p2b: Garchomp\n|move|p1b: Kingambit|Kowtow Cleave|p2a: Sinistcha\n|-supereffective|p2a: Sinistcha|1\n|-damage|p2a: Sinistcha|0 fnt\n|faint|p2a: Sinistcha\n|move|p2b: Garchomp|Earthquake|p1a: Wyrdeer|[spread] p1a,p1b\n|-supereffective|p1b: Kingambit|1\n|-damage|p1a: Wyrdeer|0 fnt\n|-damage|p1b: Kingambit|0 fnt\n|faint|p1a: Wyrdeer\n|faint|p1b: Kingambit\n|\n|upkeep\n|\n|t:|1776257550\n|switch|p1a: Tsareena|Tsareena, L50, F|100/100\n|switch|p1b: Bellibolt|Bellibolt, L50, M, shiny|100/100\n|switch|p2a: Aerodactyl|Aerodactyl, L50, M|100/100\n|-ability|p2a: Aerodactyl|Unnerve\n|turn|5\n|\n|t:|1776257561\n|move|p1b: Bellibolt|Muddy Water|p2b: Garchomp|[spread] p2a\n|-miss|p1b: Bellibolt|p2b: Garchomp\n|-supereffective|p2a: Aerodactyl|1\n|-crit|p2a: Aerodactyl\n|-damage|p2a: Aerodactyl|20/100\n|move|p1a: Tsareena|Triple Axel|p2b: Garchomp|[miss]\n|-miss|p1a: Tsareena|p2b: Garchomp\n|move|p2a: Aerodactyl|Dual Wingbeat|p1a: Tsareena\n|-supereffective|p1a: Tsareena|1\n|-crit|p1a: Tsareena\n|-damage|p1a: Tsareena|28/100\n|-supereffective|p1a: Tsareena|1\n|-damage|p1a: Tsareena|0 fnt\n|faint|p1a: Tsareena\n|-hitcount|p1: Tsareena|2\n|move|p2b: Garchomp|Earthquake|p1b: Bellibolt|[spread] p1b\n|-immune|p2a: Aerodactyl\n|-supereffective|p1b: Bellibolt|1\n|-damage|p1b: Bellibolt|40/100\n|\n|upkeep\n|turn|6\n|c|\u2606landofdeparture|blind bitch\n|c|\u2606landofdeparture|oh my god\n|c|\u2606kheray|damn\n|c|\u2606kheray|im sorry man\n|\n|t:|1776257584\n|move|p1b: Bellibolt|Muddy Water|p2b: Garchomp|[spread] p2a,p2b\n|-supereffective|p2a: Aerodactyl|1\n|-damage|p2a: Aerodactyl|0 fnt\n|-damage|p2b: Garchomp|77/100\n|faint|p2a: Aerodactyl\n|move|p2b: Garchomp|Earthquake|p1b: Bellibolt\n|-supereffective|p1b: Bellibolt|1\n|-enditem|p1b: Bellibolt|Shuca Berry|[eat]\n|-enditem|p1b: Bellibolt|Shuca Berry|[weaken]\n|-damage|p1b: Bellibolt|0 fnt\n|faint|p1b: Bellibolt\n|\n|win|kheray\n",
  "uploadtime": 1776257571,
  "views": 17,
  "formatid": "gen9championsvgc2026regma",
  "rating": null,
  "private": 0,
  "password": null
}