{
  "id": "gen9championsvgc2026regma-2588033297",
  "format": "[Gen 9 Champions] VGC 2026 Reg M-A",
  "players": [
    "kao play game",
    "Sibartzy"
  ],
  "log": "|j|\u2606kao play game\n|j|\u2606Sibartzy\n|t:|1776595770\n|gametype|doubles\n|player|p1|kao play game|cynthia-gen4|1069\n|player|p2|Sibartzy|whitney|1103\n|gen|9\n|tier|[Gen 9 Champions] VGC 2026 Reg M-A\n|rated|\n|rule|Species Clause: Limit one of each Pok\u00e9mon\n|rule|Item Clause: Limit 1 of each item\n|clearpoke\n|poke|p1|Toxicroak, L50, F|\n|poke|p1|Sneasler, L50, M|\n|poke|p1|Milotic, L50, M|\n|poke|p1|Meganium, L50, F|\n|poke|p1|Pelipper, L50, M|\n|poke|p1|Sableye, L50, F|\n|poke|p2|Aggron, L50, F|\n|poke|p2|Alakazam, L50, M|\n|poke|p2|Tyranitar, L50, F|\n|poke|p2|Krookodile, L50, F|\n|poke|p2|Whimsicott, L50, M|\n|poke|p2|Araquanid, L50, F|\n|teampreview|4\n|inactive|Battle timer is ON: inactive players will automatically lose when time's up. (requested by Sibartzy)\n|\n|t:|1776595795\n|teamsize|p1|4\n|teamsize|p2|4\n|start\n|switch|p1a: Toxicroak|Toxicroak, L50, F|100/100\n|switch|p1b: Sneasler|Sneasler, L50, M|100/100\n|switch|p2a: Aggron|Aggron, L50, F|100/100\n|switch|p2b: Tyranitar|Tyranitar, L50, F|100/100\n|-weather|Sandstorm|[from] ability: Sand Stream|[of] p2b: Tyranitar\n|turn|1\n|\n|t:|1776595816\n|switch|p2b: Alakazam|Alakazam, L50, M|100/100\n|move|p2a: Aggron|Protect|p2a: Aggron\n|-singleturn|p2a: Aggron|Protect\n|move|p1b: Sneasler|Fake Out|p2a: Aggron\n|-activate|p2a: Aggron|move: Protect\n|move|p1a: Toxicroak|Fake Out|p2b: Alakazam\n|-damage|p2b: Alakazam|76/100\n|\n|-weather|Sandstorm|[upkeep]\n|-damage|p2b: Alakazam|70/100|[from] Sandstorm\n|-damage|p1b: Sneasler|95/100|[from] Sandstorm\n|-damage|p1a: Toxicroak|94/100|[from] Sandstorm\n|upkeep\n|turn|2\n|\n|t:|1776595840\n|detailschange|p2a: Aggron|Aggron-Mega, L50, F\n|-mega|p2a: Aggron|Aggron|Aggronite\n|move|p2b: Alakazam|Speed Swap|p2a: Aggron\n|-activate|p2b: Alakazam|move: Speed Swap|[of] p2a: Aggron\n|move|p2a: Aggron|Iron Defense|p2a: Aggron\n|-boost|p2a: Aggron|def|2\n|move|p1b: Sneasler|Close Combat|p2a: Aggron\n|-supereffective|p2a: Aggron|1\n|-damage|p2a: Aggron|76/100\n|-unboost|p1b: Sneasler|def|1\n|-unboost|p1b: Sneasler|spd|1\n|-enditem|p1b: Sneasler|White Herb\n|-clearnegativeboost|p1b: Sneasler|[silent]\n|move|p1a: Toxicroak|Close Combat|p2a: Aggron\n|-supereffective|p2a: Aggron|1\n|-damage|p2a: Aggron|56/100\n|-unboost|p1a: Toxicroak|def|1\n|-unboost|p1a: Toxicroak|spd|1\n|-immune|p2a: Aggron\n|\n|-weather|Sandstorm|[upkeep]\n|-damage|p1b: Sneasler|89/100|[from] Sandstorm\n|-damage|p1a: Toxicroak|88/100|[from] Sandstorm\n|-damage|p2b: Alakazam|64/100|[from] Sandstorm\n|upkeep\n|turn|3\n|inactive|Sibartzy has 30 seconds left.\n|\n|t:|1776595874\n|move|p1b: Sneasler|Dire Claw|p2b: Alakazam\n|-damage|p2b: Alakazam|0 fnt\n|faint|p2b: Alakazam\n|move|p2a: Aggron|Body Press|p1a: Toxicroak\n|-resisted|p1a: Toxicroak|1\n|-damage|p1a: Toxicroak|0 fnt\n|faint|p1a: Toxicroak\n|\n|-weather|Sandstorm|[upkeep]\n|-damage|p1b: Sneasler|83/100|[from] Sandstorm\n|upkeep\n|\n|t:|1776595884\n|switch|p2b: Krookodile|Krookodile, L50, F|100/100\n|switch|p1a: Sableye|Sableye, L50, F|100/100\n|-ability|p2b: Krookodile|Intimidate|boost\n|-unboost|p1a: Sableye|atk|1\n|-unboost|p1b: Sneasler|atk|1\n|turn|4\n|\n|t:|1776595894\n|move|p1a: Sableye|Disable|p2a: Aggron\n|-start|p2a: Aggron|Disable|Body Press\n|move|p1b: Sneasler|Close Combat|p2b: Krookodile\n|-supereffective|p2b: Krookodile|1\n|-enditem|p2b: Krookodile|Chople Berry|[eat]\n|-enditem|p2b: Krookodile|Chople Berry|[weaken]\n|-damage|p2b: Krookodile|53/100\n|-unboost|p1b: Sneasler|def|1\n|-unboost|p1b: Sneasler|spd|1\n|move|p2a: Aggron|Iron Defense|p2a: Aggron\n|-boost|p2a: Aggron|def|2\n|move|p2b: Krookodile|Taunt|p1a: Sableye\n|-start|p1a: Sableye|move: Taunt\n|\n|-weather|Sandstorm|[upkeep]\n|-damage|p1b: Sneasler|78/100|[from] Sandstorm\n|-damage|p1a: Sableye|95/100|[from] Sandstorm\n|upkeep\n|turn|5\n|\n|t:|1776595914\n|switch|p1a: Meganium|Meganium, L50, F|100/100\n|move|p1b: Sneasler|Close Combat|p2b: Krookodile\n|-supereffective|p2b: Krookodile|1\n|-damage|p2b: Krookodile|0 fnt\n|-unboost|p1b: Sneasler|def|1\n|-unboost|p1b: Sneasler|spd|1\n|faint|p2b: Krookodile\n|move|p2a: Aggron|Iron Head|p1b: Sneasler\n|-crit|p1b: Sneasler\n|-damage|p1b: Sneasler|0 fnt\n|faint|p1b: Sneasler\n|\n|-weather|none\n|upkeep\n|\n|t:|1776595926\n|switch|p1b: Sableye|Sableye, L50, F|95/100\n|switch|p2b: Tyranitar|Tyranitar, L50, F|100/100\n|-weather|Sandstorm|[from] ability: Sand Stream|[of] p2b: Tyranitar\n|turn|6\n|inactive|Sibartzy has 30 seconds left.\n|\n|t:|1776595957\n|detailschange|p1a: Meganium|Meganium-Mega, L50, F\n|-mega|p1a: Meganium|Meganium|Meganiumite\n|move|p2a: Aggron|Protect|p2a: Aggron\n|-singleturn|p2a: Aggron|Protect\n|move|p2b: Tyranitar|Protect|p2b: Tyranitar\n|-singleturn|p2b: Tyranitar|Protect\n|move|p1b: Sableye|Fake Out|p2a: Aggron\n|-activate|p2a: Aggron|move: Protect\n|move|p1a: Meganium|Weather Ball|p2a: Aggron\n|-activate|p2a: Aggron|move: Protect\n|\n|-weather|Sandstorm|[upkeep]\n|-damage|p1a: Meganium|95/100|[from] Sandstorm\n|-damage|p1b: Sableye|89/100|[from] Sandstorm\n|upkeep\n|turn|7\n|inactive|Sibartzy has 30 seconds left.\n|inactive|Sibartzy has 20 seconds left.\n|inactive|Sibartzy has 15 seconds left.\n|inactive|Sibartzy has 10 seconds left.\n|\n|t:|1776596002\n|move|p1b: Sableye|Encore|p2a: Aggron\n|-start|p2a: Aggron|Encore\n|move|p2a: Aggron|Protect|p2a: Aggron\n|-singleturn|p2a: Aggron|Protect\n|move|p1a: Meganium|Solar Beam||[still]\n|-prepare|p1a: Meganium|Solar Beam\n|-activate|p1a: Meganium|ability: Mega Sol\n|-anim|p1a: Meganium|Solar Beam|p2b: Tyranitar\n|-supereffective|p2b: Tyranitar|1\n|-damage|p2b: Tyranitar|0 fnt\n|faint|p2b: Tyranitar\n|\n|-weather|Sandstorm|[upkeep]\n|-damage|p1a: Meganium|89/100|[from] Sandstorm\n|-damage|p1b: Sableye|83/100|[from] Sandstorm\n|-end|p2a: Aggron|Disable\n|upkeep\n|turn|8\n|\n|t:|1776596019\n|move|p2a: Aggron|Protect|p2a: Aggron\n|-singleturn|p2a: Aggron|Protect\n|move|p1b: Sableye|Disable|p2a: Aggron\n|-activate|p2a: Aggron|move: Protect\n|move|p1a: Meganium|Weather Ball|p2a: Aggron\n|-activate|p2a: Aggron|move: Protect\n|\n|-weather|Sandstorm|[upkeep]\n|-damage|p1a: Meganium|83/100|[from] Sandstorm\n|-damage|p1b: Sableye|78/100|[from] Sandstorm\n|upkeep\n|turn|9\n|\n|t:|1776596029\n|move|p2a: Aggron|Protect||[still]\n|-fail|p2a: Aggron\n|move|p1b: Sableye|Disable|p2a: Aggron\n|-start|p2a: Aggron|Disable|Protect\n|move|p1a: Meganium|Weather Ball|p2a: Aggron\n|-supereffective|p2a: Aggron|1\n|-damage|p2a: Aggron|0 fnt\n|faint|p2a: Aggron\n|\n|win|kao play game\n|raw|kao play game's rating: 1069 &rarr; <strong>1102</strong><br />(+33 for winning)\n|raw|Sibartzy's rating: 1103 &rarr; <strong>1076</strong><br />(-27 for losing)\n",
  "uploadtime": 1776596034,
  "views": 8,
  "formatid": "gen9championsvgc2026regma",
  "rating": 1076,
  "private": 0,
  "password": null
}