{
  "id": "gen9championsvgc2026regma-2583785865",
  "format": "[Gen 9 Champions] VGC 2026 Reg M-A",
  "players": [
    "Jeragua",
    "lemonogo"
  ],
  "log": "|j|\u2606Jeragua\n|j|\u2606lemonogo\n|t:|1776197579\n|gametype|doubles\n|player|p1|Jeragua|swimmer|1113\n|player|p2|lemonogo|hilda|1086\n|gen|9\n|tier|[Gen 9 Champions] VGC 2026 Reg M-A\n|rated|\n|rule|Species Clause: Limit one of each Pok\u00e9mon\n|rule|Item Clause: Limit 1 of each item\n|clearpoke\n|poke|p1|Aerodactyl, L50, F|\n|poke|p1|Floette-Eternal, L50, F|\n|poke|p1|Sneasler, L50, F|\n|poke|p1|Sinistcha, L50|\n|poke|p1|Incineroar, L50, F|\n|poke|p1|Dragapult, L50, F|\n|poke|p2|Incineroar, L50, F|\n|poke|p2|Aerodactyl, L50, F|\n|poke|p2|Arcanine-Hisui, L50, F|\n|poke|p2|Basculegion, L50, M|\n|poke|p2|Sneasler, L50, M|\n|poke|p2|Crabominable, L50, M|\n|teampreview|4\n|inactive|Battle timer is ON: inactive players will automatically lose when time's up. (requested by Jeragua)\nlemonogo has agreed to open team sheets.\n|\n|t:|1776197607\n|teamsize|p1|4\n|teamsize|p2|4\n|start\n|switch|p1a: Dragapult|Dragapult, L50, F|100/100\n|switch|p1b: Sneasler|Sneasler, L50, F|100/100\n|switch|p2a: Sneasler|Sneasler, L50, M, shiny|100/100\n|switch|p2b: Aerodactyl|Aerodactyl, L50, F|100/100\n|-ability|p2b: Aerodactyl|Unnerve\n|turn|1\n|\n|t:|1776197619\n|move|p2a: Sneasler|Fake Out|p1b: Sneasler\n|-damage|p1b: Sneasler|71/100\n|cant|p1b: Sneasler|flinch\n|move|p1a: Dragapult|Reflect|p1a: Dragapult\n|-sidestart|p1: Jeragua|Reflect\n|move|p2b: Aerodactyl|Tailwind|p2b: Aerodactyl\n|-sidestart|p2: lemonogo|move: Tailwind\n|\n|upkeep\n|turn|2\n|\n|t:|1776197633\n|move|p1b: Sneasler|Protect|p1b: Sneasler\n|-singleturn|p1b: Sneasler|Protect\n|move|p2b: Aerodactyl|Taunt|p1a: Dragapult\n|-start|p1a: Dragapult|move: Taunt\n|move|p2a: Sneasler|Close Combat|p1b: Sneasler\n|-activate|p1b: Sneasler|move: Protect\n|move|p1a: Dragapult|Breaking Swipe|p2b: Aerodactyl|[spread] p2a,p2b\n|-damage|p2a: Sneasler|72/100\n|-damage|p2b: Aerodactyl|74/100\n|-unboost|p2a: Sneasler|atk|1\n|-unboost|p2b: Aerodactyl|atk|1\n|-enditem|p2a: Sneasler|White Herb\n|-clearnegativeboost|p2a: Sneasler|[silent]\n|\n|upkeep\n|turn|3\n|\n|t:|1776197656\n|move|p2a: Sneasler|Acrobatics|p1a: Dragapult\n|-damage|p1a: Dragapult|70/100\n|move|p2b: Aerodactyl|Dual Wingbeat|p1b: Sneasler\n|-supereffective|p1b: Sneasler|1\n|-damage|p1b: Sneasler|44/100\n|-supereffective|p1b: Sneasler|1\n|-damage|p1b: Sneasler|18/100\n|-hitcount|p1b: Sneasler|2\n|move|p1a: Dragapult|Breaking Swipe|p2b: Aerodactyl|[spread] p2a,p2b\n|-damage|p2a: Sneasler|45/100\n|-damage|p2b: Aerodactyl|44/100\n|-unboost|p2a: Sneasler|atk|1\n|-unboost|p2b: Aerodactyl|atk|1\n|move|p1b: Sneasler|Close Combat|p2a: Sneasler\n|-resisted|p2a: Sneasler|1\n|-damage|p2a: Sneasler|0 fnt\n|-unboost|p1b: Sneasler|def|1\n|-unboost|p1b: Sneasler|spd|1\n|faint|p2a: Sneasler\n|\n|upkeep\n|\n|t:|1776197676\n|switch|p2a: Arcanine|Arcanine-Hisui, L50, F, shiny|100/100\n|turn|4\n|\n|t:|1776197688\n|move|p1b: Sneasler|Protect|p1b: Sneasler\n|-singleturn|p1b: Sneasler|Protect\n|move|p2b: Aerodactyl|Wide Guard|p2b: Aerodactyl\n|-singleturn|p2b: Aerodactyl|Wide Guard\n|move|p2a: Arcanine|Rock Slide|p1b: Sneasler|[spread] p1a\n|-activate|p1b: Sneasler|move: Protect\n|-damage|p1a: Dragapult|51/100\n|move|p1a: Dragapult|Breaking Swipe|p2a: Arcanine|[spread] \n|-activate|p2a: Arcanine|move: Wide Guard\n|-activate|p2b: Aerodactyl|move: Wide Guard\n|\n|-end|p1a: Dragapult|move: Taunt\n|-sideend|p2: lemonogo|move: Tailwind\n|upkeep\n|turn|5\n|\n|t:|1776197706\n|move|p2a: Arcanine|Rock Slide|p1b: Sneasler|[spread] p1a,p1b\n|-resisted|p1b: Sneasler|1\n|-damage|p1a: Dragapult|31/100\n|-damage|p1b: Sneasler|0 fnt\n|faint|p1b: Sneasler\n|move|p1a: Dragapult|Shadow Ball|p2b: Aerodactyl\n|-damage|p2b: Aerodactyl|2/100\n|move|p2b: Aerodactyl|Tailwind|p2b: Aerodactyl\n|-sidestart|p2: lemonogo|move: Tailwind\n|\n|-sideend|p1: Jeragua|Reflect\n|upkeep\n|\n|t:|1776197720\n|switch|p1b: Sinistcha|Sinistcha, L50|100/100\n|-heal|p1a: Dragapult|56/100|[from] ability: Hospitality|[of] p1b: Sinistcha\n|turn|6\n|\n|t:|1776197731\n|move|p2b: Aerodactyl|Wide Guard|p2b: Aerodactyl\n|-singleturn|p2b: Aerodactyl|Wide Guard\n|move|p2a: Arcanine|Rock Slide|p1a: Dragapult|[spread] p1b\n|-miss|p2a: Arcanine|p1a: Dragapult\n|-damage|p1b: Sinistcha|75/100\n|move|p1a: Dragapult|Reflect|p1a: Dragapult\n|-sidestart|p1: Jeragua|Reflect\n|cant|p1b: Sinistcha|flinch\n|\n|upkeep\n|turn|7\n|\n|t:|1776197747\n|move|p2b: Aerodactyl|Wide Guard|p2b: Aerodactyl\n|-singleturn|p2b: Aerodactyl|Wide Guard\n|move|p2a: Arcanine|Rock Slide|p1b: Sinistcha|[spread] p1a,p1b\n|-damage|p1a: Dragapult|35/100\n|-damage|p1b: Sinistcha|60/100\n|move|p1a: Dragapult|Shadow Ball|p2b: Aerodactyl\n|-damage|p2b: Aerodactyl|0 fnt\n|faint|p2b: Aerodactyl\n|move|p1b: Sinistcha|Trick Room|p1b: Sinistcha\n|-fieldstart|move: Trick Room|[of] p1b: Sinistcha\n|\n|upkeep\n|\n|t:|1776197757\n|switch|p2b: Basculegion|Basculegion, L50, M, shiny|100/100\n|turn|8\n|\n|t:|1776197766\n|move|p2b: Basculegion|Protect|p2b: Basculegion\n|-singleturn|p2b: Basculegion|Protect\n|move|p1b: Sinistcha|Rage Powder|p1b: Sinistcha\n|-singleturn|p1b: Sinistcha|move: Rage Powder\n|move|p1a: Dragapult|Shadow Ball|p2b: Basculegion\n|-activate|p2b: Basculegion|move: Protect\n|move|p2a: Arcanine|Rock Slide|p1b: Sinistcha|[spread] p1a,p1b\n|-crit|p1b: Sinistcha\n|-damage|p1a: Dragapult|15/100\n|-damage|p1b: Sinistcha|26/100\n|-enditem|p1b: Sinistcha|Sitrus Berry|[eat]\n|-heal|p1b: Sinistcha|51/100|[from] item: Sitrus Berry\n|\n|-sideend|p2: lemonogo|move: Tailwind\n|upkeep\n|turn|9\n|\n|t:|1776197781\n|move|p2b: Basculegion|Protect|p2b: Basculegion\n|-singleturn|p2b: Basculegion|Protect\n|move|p1b: Sinistcha|Rage Powder|p1b: Sinistcha\n|-singleturn|p1b: Sinistcha|move: Rage Powder\n|move|p1a: Dragapult|Breaking Swipe|p2a: Arcanine|[spread] p2a\n|-activate|p2b: Basculegion|move: Protect\n|-damage|p2a: Arcanine|80/100\n|-unboost|p2a: Arcanine|atk|1\n|move|p2a: Arcanine|Rock Slide|p1b: Sinistcha|[spread] p1b\n|-miss|p2a: Arcanine|p1a: Dragapult\n|-damage|p1b: Sinistcha|40/100\n|\n|upkeep\n|turn|10\n|\n|t:|1776197799\n|move|p2b: Basculegion|Aqua Jet|p1a: Dragapult\n|-resisted|p1a: Dragapult|1\n|-damage|p1a: Dragapult|4/100\n|move|p1b: Sinistcha|Strength Sap|p2b: Basculegion\n|-unboost|p2b: Basculegion|atk|1\n|-heal|p1b: Sinistcha|100/100\n|move|p1a: Dragapult|Breaking Swipe|p2b: Basculegion|[spread] p2a,p2b\n|-damage|p2a: Arcanine|60/100\n|-damage|p2b: Basculegion|78/100\n|-unboost|p2a: Arcanine|atk|1\n|-unboost|p2b: Basculegion|atk|1\n|move|p2a: Arcanine|Rock Slide|p1b: Sinistcha|[spread] p1a,p1b\n|-damage|p1a: Dragapult|0 fnt\n|-damage|p1b: Sinistcha|93/100\n|faint|p1a: Dragapult\n|\n|-sideend|p1: Jeragua|Reflect\n|upkeep\n|\n|t:|1776197814\n|switch|p1a: Floette|Floette-Eternal, L50, F|100/100\n|turn|11\n|\n|t:|1776197822\n|detailschange|p1a: Floette|Floette-Mega, L50, F\n|-mega|p1a: Floette|Floette|Floettite\n|-ability|p1a: Floette|Fairy Aura\n|move|p2b: Basculegion|Protect|p2b: Basculegion\n|-singleturn|p2b: Basculegion|Protect\n|move|p1b: Sinistcha|Rage Powder|p1b: Sinistcha\n|-singleturn|p1b: Sinistcha|move: Rage Powder\n|move|p1a: Floette|Calm Mind|p1a: Floette\n|-boost|p1a: Floette|spa|1\n|-boost|p1a: Floette|spd|1\n|move|p2a: Arcanine|Rock Slide|p1a: Floette|[spread] p1a,p1b\n|-damage|p1a: Floette|85/100\n|-damage|p1b: Sinistcha|82/100\n|\n|-fieldend|move: Trick Room\n|upkeep\n|turn|12\n|\n|t:|1776197841\n|move|p1a: Floette|Protect|p1a: Floette\n|-singleturn|p1a: Floette|Protect\n|move|p2a: Arcanine|Rock Slide|p1a: Floette|[spread] \n|-activate|p1a: Floette|move: Protect\n|-miss|p2a: Arcanine|p1b: Sinistcha\n|move|p2b: Basculegion|Last Respects|p1a: Floette\n|-activate|p1a: Floette|move: Protect\n|move|p1b: Sinistcha|Trick Room|p1b: Sinistcha\n|-fieldstart|move: Trick Room|[of] p1b: Sinistcha\n|\n|upkeep\n|turn|13\n|\n|t:|1776197855\n|move|p1b: Sinistcha|Matcha Gotcha|p2a: Arcanine|[spread] p2a,p2b\n|-supereffective|p2b: Basculegion|1\n|-damage|p2a: Arcanine|28/100\n|-heal|p1b: Sinistcha|98/100|[from] drain|[of] p2a: Arcanine\n|-damage|p2b: Basculegion|20/100\n|-heal|p1b: Sinistcha|100/100|[from] drain|[of] p2b: Basculegion\n|-status|p2b: Basculegion|brn\n|move|p1a: Floette|Calm Mind|p1a: Floette\n|-boost|p1a: Floette|spa|1\n|-boost|p1a: Floette|spd|1\n|move|p2b: Basculegion|Last Respects|p1b: Sinistcha\n|-supereffective|p1b: Sinistcha|1\n|-damage|p1b: Sinistcha|44/100\n|move|p2a: Arcanine|Rock Slide|p1a: Floette|[spread] p1a,p1b\n|-crit|p1a: Floette\n|-damage|p1a: Floette|38/100\n|-damage|p1b: Sinistcha|33/100\n|\n|-damage|p2b: Basculegion|14/100 brn|[from] brn\n|upkeep\n|turn|14\n|\n|t:|1776197875\n|move|p2b: Basculegion|Aqua Jet|p1a: Floette\n|-damage|p1a: Floette|30/100\n|move|p1b: Sinistcha|Matcha Gotcha|p2a: Arcanine|[spread] p2a,p2b\n|-supereffective|p2b: Basculegion|1\n|-damage|p2a: Arcanine|0 fnt\n|-heal|p1b: Sinistcha|46/100|[from] drain|[of] p2a: Arcanine\n|-damage|p2b: Basculegion|0 fnt\n|-heal|p1b: Sinistcha|53/100|[from] drain|[of] p2b: Basculegion\n|faint|p2a: Arcanine\n|faint|p2b: Basculegion\n|\n|win|Jeragua\n|raw|Jeragua's rating: 1113 &rarr; <strong>1136</strong><br />(+23 for winning)\n|raw|lemonogo's rating: 1086 &rarr; <strong>1065</strong><br />(-21 for losing)\n|l|\u2606lemonogo\n|player|p2|\n",
  "uploadtime": 1776197883,
  "views": 15,
  "formatid": "gen9championsvgc2026regma",
  "rating": 1065,
  "private": 0,
  "password": null
}