{
  "id": "gen9championsvgc2026regma-2589552979",
  "format": "[Gen 9 Champions] VGC 2026 Reg M-A",
  "players": [
    "Argian",
    "aedaluss"
  ],
  "log": "|j|\u2606Argian\n|j|\u2606aedaluss\n|t:|1776733511\n|gametype|doubles\n|player|p1|Argian|101|1212\n|player|p2|aedaluss|cynthia|1215\n|gen|9\n|tier|[Gen 9 Champions] VGC 2026 Reg M-A\n|rated|\n|rule|Species Clause: Limit one of each Pok\u00e9mon\n|rule|Item Clause: Limit 1 of each item\n|clearpoke\n|poke|p1|Lucario, L50, M, shiny|\n|poke|p1|Garchomp, L50, M, shiny|\n|poke|p1|Rotom-Wash, L50|\n|poke|p1|Meowscarada, L50, M|\n|poke|p1|Talonflame, L50, M|\n|poke|p1|Tyranitar, L50, F|\n|poke|p2|Tyranitar, L50, M|\n|poke|p2|Excadrill, L50, M|\n|poke|p2|Talonflame, L50, F|\n|poke|p2|Sinistcha, L50|\n|poke|p2|Kommo-o, L50, M|\n|poke|p2|Glimmora, L50, F|\n|teampreview|4\n|inactive|Battle timer is ON: inactive players will automatically lose when time's up. (requested by aedaluss)\n|inactive|Argian has 60 seconds left.\n|inactive|aedaluss has 60 seconds left.\n|\n|t:|1776733545\n|teamsize|p1|4\n|teamsize|p2|4\n|start\n|switch|p1a: Talonflame|Talonflame, L50, M|100/100\n|switch|p1b: Garchomp|Garchomp, L50, M, shiny|100/100\n|switch|p2a: Talonflame|Talonflame, L50, F|100/100\n|switch|p2b: Kommo-o|Kommo-o, L50, M|100/100\n|turn|1\n|inactive|Argian has 30 seconds left.\n|inactive|aedaluss has 30 seconds left.\n|inactive|aedaluss has 20 seconds left.\n|inactive|aedaluss has 15 seconds left.\n|\n|t:|1776733588\n|move|p2b: Kommo-o|Protect|p2b: Kommo-o\n|-singleturn|p2b: Kommo-o|Protect\n|move|p2a: Talonflame|Dual Wingbeat|p1a: Talonflame\n|-crit|p1a: Talonflame\n|-damage|p1a: Talonflame|59/100\n|-damage|p1a: Talonflame|32/100\n|-hitcount|p1a: Talonflame|2\n|move|p1b: Garchomp|Rock Slide|p2b: Kommo-o|[spread] p2a\n|-activate|p2b: Kommo-o|move: Protect\n|-supereffective|p2a: Talonflame|2\n|-damage|p2a: Talonflame|0 fnt\n|faint|p2a: Talonflame\n|move|p1a: Talonflame|Tailwind|p1a: Talonflame\n|-sidestart|p1: Argian|move: Tailwind\n|\n|upkeep\n|\n|t:|1776733606\n|switch|p2a: Sinistcha|Sinistcha, L50|100/100\n|turn|2\n|\n|t:|1776733629\n|switch|p1b: Lucario|Lucario, L50, M, shiny|100/100\n|move|p2a: Sinistcha|Rage Powder|p2a: Sinistcha\n|-singleturn|p2a: Sinistcha|move: Rage Powder\n|move|p1a: Talonflame|Dual Wingbeat|p2a: Sinistcha\n|-supereffective|p2a: Sinistcha|1\n|-damage|p2a: Sinistcha|66/100\n|-supereffective|p2a: Sinistcha|1\n|-damage|p2a: Sinistcha|31/100\n|-hitcount|p2a: Sinistcha|2\n|move|p2b: Kommo-o|Clanging Scales|p1a: Talonflame|[spread] p1a,p1b\n|-resisted|p1b: Lucario|1\n|-damage|p1a: Talonflame|0 fnt\n|-damage|p1b: Lucario|66/100\n|faint|p1a: Talonflame\n|-unboost|p2b: Kommo-o|def|1\n|\n|-heal|p2a: Sinistcha|37/100|[from] item: Leftovers\n|upkeep\n|\n|t:|1776733649\n|switch|p1a: Meowscarada|Meowscarada, L50, M|100/100\n|turn|3\n|\n|t:|1776733672\n|move|p2b: Kommo-o|Protect|p2b: Kommo-o\n|-singleturn|p2b: Kommo-o|Protect\n|move|p1a: Meowscarada|Triple Axel|p2a: Sinistcha\n|-start|p1a: Meowscarada|typechange|Ice|[from] ability: Protean\n|-supereffective|p2a: Sinistcha|1\n|-damage|p2a: Sinistcha|17/100\n|-supereffective|p2a: Sinistcha|1\n|-damage|p2a: Sinistcha|0 fnt\n|faint|p2a: Sinistcha\n|-hitcount|p2: Sinistcha|2\n|move|p1b: Lucario|Psychic|p2b: Kommo-o\n|-activate|p2b: Kommo-o|move: Protect\n|\n|upkeep\n|\n|t:|1776733684\n|switch|p2a: Glimmora|Glimmora, L50, F|100/100\n|turn|4\n|\n|t:|1776733699\n|detailschange|p1b: Lucario|Lucario-Mega, L50, M, shiny\n|-mega|p1b: Lucario|Lucario|Lucarionite\n|detailschange|p2a: Glimmora|Glimmora-Mega, L50, F\n|-mega|p2a: Glimmora|Glimmora|Glimmoranite\n|move|p2a: Glimmora|Spiky Shield|p2a: Glimmora\n|-singleturn|p2a: Glimmora|move: Protect\n|move|p1a: Meowscarada|Triple Axel|p2b: Kommo-o\n|-supereffective|p2b: Kommo-o|1\n|-damage|p2b: Kommo-o|73/100\n|-supereffective|p2b: Kommo-o|1\n|-damage|p2b: Kommo-o|16/100\n|-supereffective|p2b: Kommo-o|1\n|-damage|p2b: Kommo-o|0 fnt\n|faint|p2b: Kommo-o\n|-hitcount|p2: Kommo-o|3\n|move|p1b: Lucario|Psychic|p2a: Glimmora\n|-activate|p2a: Glimmora|move: Protect\n|\n|-sideend|p1: Argian|move: Tailwind\n|upkeep\n|turn|5\n|-message|aedaluss forfeited.\n|\n|win|Argian\n|raw|Argian's rating: 1212 &rarr; <strong>1237</strong><br />(+25 for winning)\n|raw|aedaluss's rating: 1215 &rarr; <strong>1190</strong><br />(-25 for losing)\n|l|\u2606aedaluss\n|player|p2|\n",
  "uploadtime": 1776733721,
  "views": 5,
  "formatid": "gen9championsvgc2026regma",
  "rating": 1190,
  "private": 0,
  "password": null
}