{
  "id": "gen9championsvgc2026regma-2581215499",
  "format": "[Gen 9 Champions] VGC 2026 Reg M-A",
  "players": [
    "kritath",
    "21Kieran"
  ],
  "log": "|j|\u2606kritath\n|j|\u260621Kieran\n|t:|1775971808\n|gametype|doubles\n|player|p1|kritath|policeman-gen4|\n|player|p2|21Kieran|taunie|\n|gen|9\n|tier|[Gen 9 Champions] VGC 2026 Reg M-A\n|rated|Tournament battle\n|rule|Species Clause: Limit one of each Pok\u00e9mon\n|rule|Item Clause: Limit 1 of each item\n|clearpoke\n|poke|p1|Gengar, L50, M|\n|poke|p1|Incineroar, L50, M|\n|poke|p1|Politoed, L50, F|\n|poke|p1|Archaludon, L50, M|\n|poke|p1|Basculegion, L50, M|\n|poke|p1|Sinistcha, L50|\n|poke|p2|Incineroar, L50, M|\n|poke|p2|Gengar, L50, M|\n|poke|p2|Sinistcha, L50|\n|poke|p2|Kingambit, L50, F|\n|poke|p2|Tyranitar, L50, F|\n|poke|p2|Kommo-o, L50, F|\n|teampreview|4\n|inactive|Battle timer is ON: inactive players will automatically lose when time's up. (requested by kritath)\n|inactive|21Kieran also wants the timer to be on.\n21Kieran has agreed to open team sheets.\n|inactive|kritath has 60 seconds left.\n|inactive|21Kieran has 60 seconds left.\n|inactive|21Kieran has 30 seconds left.\n|\n|t:|1775971878\n|teamsize|p1|4\n|teamsize|p2|4\n|start\n|switch|p1a: Incineroar|Incineroar, L50, M|100/100\n|switch|p1b: Basculegion|Basculegion, L50, M|100/100\n|switch|p2a: Kommo-o|Kommo-o, L50, F|100/100\n|switch|p2b: Incineroar|Incineroar, L50, M|100/100\n|-ability|p1a: Incineroar|Intimidate|boost\n|-unboost|p2a: Kommo-o|atk|1\n|-unboost|p2b: Incineroar|atk|1\n|-ability|p2b: Incineroar|Intimidate|boost\n|-unboost|p1a: Incineroar|atk|1\n|-unboost|p1b: Basculegion|atk|1\n|turn|1\n|inactive|21Kieran has 30 seconds left.\n|\n|t:|1775971906\n|move|p1a: Incineroar|Fake Out|p2a: Kommo-o\n|-damage|p2a: Kommo-o|94/100\n|move|p2b: Incineroar|Fake Out|p1a: Incineroar\n|-damage|p1a: Incineroar|95/100\n|cant|p2a: Kommo-o|flinch\n|move|p1b: Basculegion|Flip Turn|p2b: Incineroar\n|-supereffective|p2b: Incineroar|1\n|-damage|p2b: Incineroar|53/100\n|inactive|kritath has 30 seconds left.\n|\n|t:|1775971935\n|switch|p1b: Politoed|Politoed, L50, F|100/100|[from] Flip Turn\n|-weather|RainDance|[from] ability: Drizzle|[of] p1b: Politoed\n|\n|-weather|RainDance|[upkeep]\n|-heal|p2a: Kommo-o|99/100|[from] item: Leftovers\n|upkeep\n|turn|2\n|inactive|21Kieran has 30 seconds left.\n|inactive|21Kieran has 20 seconds left.\n|\n|t:|1775971974\n|move|p2a: Kommo-o|Clangorous Soul|p2a: Kommo-o\n|-boost|p2a: Kommo-o|atk|1\n|-boost|p2a: Kommo-o|def|1\n|-boost|p2a: Kommo-o|spa|1\n|-boost|p2a: Kommo-o|spd|1\n|-boost|p2a: Kommo-o|spe|1\n|-damage|p2a: Kommo-o|67/100\n|move|p1b: Politoed|Encore|p2a: Kommo-o\n|-start|p2a: Kommo-o|Encore\n|move|p1a: Incineroar|Will-O-Wisp|p2b: Incineroar|[miss]\n|-miss|p1a: Incineroar|p2b: Incineroar\n|move|p2b: Incineroar|Parting Shot|p1b: Politoed\n|-unboost|p1b: Politoed|atk|1\n|-unboost|p1b: Politoed|spa|1\n|\n|t:|1775971978\n|switch|p2b: Tyranitar|Tyranitar, L50, F|100/100|[from] Parting Shot\n|-weather|Sandstorm|[from] ability: Sand Stream|[of] p2b: Tyranitar\n|\n|-weather|Sandstorm|[upkeep]\n|-damage|p2a: Kommo-o|61/100|[from] Sandstorm\n|-damage|p1b: Politoed|94/100|[from] Sandstorm\n|-damage|p1a: Incineroar|89/100|[from] Sandstorm\n|-heal|p2a: Kommo-o|67/100|[from] item: Leftovers\n|-heal|p1b: Politoed|100/100|[from] item: Leftovers\n|upkeep\n|turn|3\n|\n|t:|1775972001\n|switch|p1b: Gengar|Gengar, L50, M, shiny|100/100\n|move|p2a: Kommo-o|Clangorous Soul|p2a: Kommo-o\n|-boost|p2a: Kommo-o|atk|1\n|-boost|p2a: Kommo-o|def|1\n|-boost|p2a: Kommo-o|spa|1\n|-boost|p2a: Kommo-o|spd|1\n|-boost|p2a: Kommo-o|spe|1\n|-damage|p2a: Kommo-o|34/100\n|move|p2b: Tyranitar|Rock Slide|p1b: Gengar|[spread] p1a,p1b\n|-supereffective|p1a: Incineroar|1\n|-damage|p1a: Incineroar|38/100\n|-damage|p1b: Gengar|47/100\n|-start|p2b: Tyranitar|Disable|Rock Slide|[from] ability: Cursed Body|[of] p1b: Gengar\n|-enditem|p1a: Incineroar|Sitrus Berry|[eat]\n|-heal|p1a: Incineroar|63/100|[from] item: Sitrus Berry\n|cant|p1a: Incineroar|flinch\n|\n|-weather|Sandstorm|[upkeep]\n|-damage|p2a: Kommo-o|28/100|[from] Sandstorm\n|-damage|p1b: Gengar|41/100|[from] Sandstorm\n|-damage|p1a: Incineroar|57/100|[from] Sandstorm\n|-heal|p2a: Kommo-o|34/100|[from] item: Leftovers\n|upkeep\n|turn|4\n|inactive|kritath has 30 seconds left.\n|inactive|kritath has 20 seconds left.\n|\n|t:|1775972041\n|switch|p2a: Incineroar|Incineroar, L50, M|53/100\n|-ability|p2a: Incineroar|Intimidate|boost\n|-unboost|p1a: Incineroar|atk|1\n|-unboost|p1b: Gengar|atk|1\n|detailschange|p1b: Gengar|Gengar-Mega, L50, M, shiny\n|-mega|p1b: Gengar|Gengar|Gengarite\n|move|p1b: Gengar|Protect|p1b: Gengar\n|-singleturn|p1b: Gengar|Protect\n|-activate|p2b: Tyranitar|move: Struggle\n|move|p2b: Tyranitar|Struggle|p1b: Gengar\n|-activate|p1b: Gengar|move: Protect\n|move|p1a: Incineroar|Parting Shot|p2b: Tyranitar\n|-unboost|p2b: Tyranitar|atk|1\n|-unboost|p2b: Tyranitar|spa|1\n|\n|t:|1775972049\n|switch|p1a: Politoed|Politoed, L50, F|100/100|[from] Parting Shot\n|-weather|RainDance|[from] ability: Drizzle|[of] p1a: Politoed\n|\n|-weather|RainDance|[upkeep]\n|upkeep\n|turn|5\n|\n|t:|1775972060\n|switch|p1b: Basculegion|Basculegion, L50, M|100/100\n|-activate|p2b: Tyranitar|move: Struggle\n|move|p2b: Tyranitar|Struggle|p1a: Politoed\n|-damage|p1a: Politoed|89/100\n|-damage|p2b: Tyranitar|76/100|[from] recoil\n|move|p1a: Politoed|Weather Ball|p2a: Incineroar\n|-supereffective|p2a: Incineroar|1\n|-damage|p2a: Incineroar|0 fnt\n|faint|p2a: Incineroar\n|\n|-weather|RainDance|[upkeep]\n|-heal|p1a: Politoed|95/100|[from] item: Leftovers\n|upkeep\n|\n|t:|1775972064\n|switch|p2a: Gengar|Gengar, L50, M|100/100\n|turn|6\n|j| Ice124567890\n|\n|t:|1775972087\n|switch|p2b: Kommo-o|Kommo-o, L50, F|34/100\n|detailschange|p2a: Gengar|Gengar-Mega, L50, M\n|-mega|p2a: Gengar|Gengar|Gengarite\n|move|p2a: Gengar|Protect|p2a: Gengar\n|-singleturn|p2a: Gengar|Protect\n|move|p1b: Basculegion|Wave Crash|p2a: Gengar\n|-activate|p2a: Gengar|move: Protect\n|move|p1a: Politoed|Weather Ball|p2b: Kommo-o\n|-resisted|p2b: Kommo-o|1\n|-damage|p2b: Kommo-o|8/100\n|\n|-weather|RainDance|[upkeep]\n|-heal|p2b: Kommo-o|13/100|[from] item: Leftovers\n|-heal|p1a: Politoed|100/100|[from] item: Leftovers\n|upkeep\n|turn|7\n|inactive|kritath has 30 seconds left.\n|\n|t:|1775972122\n|switch|p1b: Incineroar|Incineroar, L50, M|57/100\n|-ability|p1b: Incineroar|Intimidate|boost\n|-unboost|p2a: Gengar|atk|1\n|-unboost|p2b: Kommo-o|atk|1\n|switch|p2b: Tyranitar|Tyranitar, L50, F|76/100\n|-weather|Sandstorm|[from] ability: Sand Stream|[of] p2b: Tyranitar\n|move|p2a: Gengar|Shadow Ball|p1b: Incineroar\n|-resisted|p1b: Incineroar|1\n|-crit|p1b: Incineroar\n|-damage|p1b: Incineroar|28/100\n|move|p1a: Politoed|Weather Ball|p2a: Gengar\n|-damage|p2a: Gengar|75/100\n|\n|-weather|Sandstorm|[upkeep]\n|-damage|p2a: Gengar|69/100|[from] Sandstorm\n|-damage|p1a: Politoed|94/100|[from] Sandstorm\n|-damage|p1b: Incineroar|22/100|[from] Sandstorm\n|-heal|p1a: Politoed|100/100|[from] item: Leftovers\n|upkeep\n|turn|8\n|inactive|21Kieran has 30 seconds left.\n|\n|t:|1775972148\n|move|p2a: Gengar|Protect|p2a: Gengar\n|-singleturn|p2a: Gengar|Protect\n|move|p1b: Incineroar|Fake Out|p2b: Tyranitar\n|-resisted|p2b: Tyranitar|1\n|-damage|p2b: Tyranitar|70/100\n|cant|p2b: Tyranitar|flinch\n|move|p1a: Politoed|Perish Song|p1a: Politoed\n|-start|p1a: Politoed|perish3|[silent]\n|-start|p1b: Incineroar|perish3|[silent]\n|-start|p2a: Gengar|perish3|[silent]\n|-start|p2b: Tyranitar|perish3|[silent]\n|-fieldactivate|move: Perish Song\n|\n|-weather|Sandstorm|[upkeep]\n|-damage|p2a: Gengar|63/100|[from] Sandstorm\n|-damage|p1a: Politoed|94/100|[from] Sandstorm\n|-damage|p1b: Incineroar|16/100|[from] Sandstorm\n|-heal|p1a: Politoed|100/100|[from] item: Leftovers\n|-start|p2a: Gengar|perish3\n|-start|p2b: Tyranitar|perish3\n|-start|p1a: Politoed|perish3\n|-start|p1b: Incineroar|perish3\n|upkeep\n|turn|9\n|\n|t:|1775972173\n|move|p2a: Gengar|Shadow Ball|p1a: Politoed\n|-damage|p1a: Politoed|67/100\n|move|p2b: Tyranitar|Rock Slide|p1b: Incineroar|[spread] p1a,p1b\n|-supereffective|p1b: Incineroar|1\n|-damage|p1a: Politoed|38/100\n|-damage|p1b: Incineroar|0 fnt\n|faint|p1b: Incineroar\n|move|p1a: Politoed|Encore|p2a: Gengar\n|-start|p2a: Gengar|Encore\n|\n|-weather|Sandstorm|[upkeep]\n|-damage|p2a: Gengar|57/100|[from] Sandstorm\n|-damage|p1a: Politoed|32/100|[from] Sandstorm\n|-heal|p1a: Politoed|38/100|[from] item: Leftovers\n|-start|p2a: Gengar|perish2\n|-start|p2b: Tyranitar|perish2\n|-start|p1a: Politoed|perish2\n|upkeep\n|\n|t:|1775972182\n|switch|p1b: Gengar|Gengar-Mega, L50, M, shiny|41/100\n|turn|10\n|inactive|kritath has 30 seconds left.\n|\n|t:|1775972216\n|move|p1b: Gengar|Shadow Ball|p2a: Gengar\n|-supereffective|p2a: Gengar|1\n|-damage|p2a: Gengar|0 fnt\n|faint|p2a: Gengar\n|move|p2b: Tyranitar|Rock Slide|p1b: Gengar|[spread] p1a,p1b\n|-damage|p1a: Politoed|12/100\n|-damage|p1b: Gengar|0 fnt\n|faint|p1b: Gengar\n|cant|p1a: Politoed|flinch\n|\n|-weather|Sandstorm|[upkeep]\n|-damage|p1a: Politoed|6/100|[from] Sandstorm\n|-heal|p1a: Politoed|12/100|[from] item: Leftovers\n|-start|p2b: Tyranitar|perish1\n|-start|p1a: Politoed|perish1\n|upkeep\n|\n|t:|1775972226\n|switch|p1b: Basculegion|Basculegion, L50, M|100/100\n|switch|p2a: Kommo-o|Kommo-o, L50, F|13/100\n|turn|11\n|\n|t:|1775972230\n|move|p1b: Basculegion|Protect|p1b: Basculegion\n|-singleturn|p1b: Basculegion|Protect\n|move|p2b: Tyranitar|Rock Slide|p1a: Politoed|[spread] p1a\n|-activate|p1b: Basculegion|move: Protect\n|-damage|p1a: Politoed|0 fnt\n|faint|p1a: Politoed\n|move|p2a: Kommo-o|Clanging Scales|p1b: Basculegion\n|-activate|p1b: Basculegion|move: Protect\n|\n|-weather|none\n|-heal|p2a: Kommo-o|19/100|[from] item: Leftovers\n|-start|p2b: Tyranitar|perish0\n|faint|p2b: Tyranitar\n|upkeep\n|turn|12\n|\n|t:|1775972245\n|move|p2a: Kommo-o|Clanging Scales|p1b: Basculegion\n|-damage|p1b: Basculegion|49/100\n|-unboost|p2a: Kommo-o|def|1\n|move|p1b: Basculegion|Wave Crash|p2a: Kommo-o\n|-resisted|p2a: Kommo-o|1\n|-damage|p2a: Kommo-o|0 fnt\n|faint|p2a: Kommo-o\n|-damage|p1b: Basculegion|44/100|[from] Recoil\n|\n|win|kritath\n|n|\u2606kritath|kritath\n|n|\u260621Kieran|21kieran\n|n| Ice124567890|ice124567890\n",
  "uploadtime": 1775972246,
  "views": 9,
  "formatid": "gen9championsvgc2026regma",
  "rating": null,
  "private": 0,
  "password": null
}