{
  "id": "gen9championsvgc2026regma-2584603198",
  "format": "[Gen 9 Champions] VGC 2026 Reg M-A",
  "players": [
    "etrdyfyiu",
    "PokestudioVGC"
  ],
  "log": "|j|\u2606etrdyfyiu\n|j|\u2606PokestudioVGC\n|t:|1776271511\n|gametype|doubles\n|player|p1|etrdyfyiu|266|1180\n|player|p2|PokestudioVGC|169|1148\n|gen|9\n|tier|[Gen 9 Champions] VGC 2026 Reg M-A\n|rated|\n|rule|Species Clause: Limit one of each Pok\u00e9mon\n|rule|Item Clause: Limit 1 of each item\n|clearpoke\n|poke|p1|Palafin, L50, M|\n|poke|p1|Arcanine, L50, M|\n|poke|p1|Scizor, L50, M|\n|poke|p1|Tyranitar, L50, F|\n|poke|p1|Sneasler, L50, F|\n|poke|p1|Sinistcha, L50|\n|poke|p2|Lopunny, L50, M|\n|poke|p2|Pelipper, L50, M|\n|poke|p2|Archaludon, L50, M|\n|poke|p2|Sableye, L50, F|\n|poke|p2|Raichu, L50, F|\n|poke|p2|Basculegion, L50, M|\n|teampreview|4\n|\n|t:|1776271535\n|teamsize|p1|4\n|teamsize|p2|4\n|start\n|switch|p1a: Tyranitar|Tyranitar, L50, F, shiny|100/100\n|switch|p1b: Sneasler|Sneasler, L50, F, shiny|100/100\n|switch|p2a: Sableye|Sableye, L50, F|100/100\n|switch|p2b: Basculegion|Basculegion, L50, M|100/100\n|-weather|Sandstorm|[from] ability: Sand Stream|[of] p1a: Tyranitar\n|turn|1\n|\n|t:|1776271561\n|switch|p1b: Arcanine|Arcanine, L50, M, shiny|100/100\n|-ability|p1b: Arcanine|Intimidate|boost\n|-unboost|p2a: Sableye|atk|1\n|-unboost|p2b: Basculegion|atk|1\n|detailschange|p1a: Tyranitar|Tyranitar-Mega, L50, F, shiny\n|-mega|p1a: Tyranitar|Tyranitar|Tyranitarite\n|move|p2a: Sableye|Protect|p2a: Sableye\n|-singleturn|p2a: Sableye|Protect\n|move|p2b: Basculegion|Protect|p2b: Basculegion\n|-singleturn|p2b: Basculegion|Protect\n|move|p1a: Tyranitar|Knock Off|p2b: Basculegion\n|-activate|p2b: Basculegion|move: Protect\n|\n|-weather|Sandstorm|[upkeep]\n|-damage|p2b: Basculegion|94/100|[from] Sandstorm\n|-damage|p1b: Arcanine|95/100|[from] Sandstorm\n|-damage|p2a: Sableye|94/100|[from] Sandstorm\n|upkeep\n|turn|2\n|\n|t:|1776271582\n|move|p2a: Sableye|Rain Dance|p2a: Sableye\n|-weather|RainDance\n|move|p2b: Basculegion|Wave Crash|p1a: Tyranitar\n|-supereffective|p1a: Tyranitar|1\n|-damage|p1a: Tyranitar|10/100\n|-damage|p2b: Basculegion|63/100|[from] Recoil\n|move|p1b: Arcanine|Will-O-Wisp|p2b: Basculegion|[miss]\n|-miss|p1b: Arcanine|p2b: Basculegion\n|move|p1a: Tyranitar|Knock Off|p2b: Basculegion\n|-supereffective|p2b: Basculegion|1\n|-damage|p2b: Basculegion|0 fnt\n|-enditem|p2b: Basculegion|Mystic Water|[from] move: Knock Off|[of] p1a: Tyranitar\n|faint|p2b: Basculegion\n|\n|-weather|RainDance|[upkeep]\n|upkeep\n|\n|t:|1776271599\n|switch|p2b: Lopunny|Lopunny, L50, M|100/100\n|turn|3\n|c|\u2606etrdyfyiu|that was surprising\n|\n|t:|1776271619\n|switch|p1a: Sinistcha|Sinistcha, L50|100/100\n|-heal|p1b: Arcanine|100/100|[from] ability: Hospitality|[of] p1a: Sinistcha\n|detailschange|p2b: Lopunny|Lopunny-Mega, L50, M\n|-mega|p2b: Lopunny|Lopunny|Lopunnite\n|move|p2a: Sableye|Disable|p1b: Arcanine\n|-start|p1b: Arcanine|Disable|Will-O-Wisp\n|move|p2b: Lopunny|U-turn|p1a: Sinistcha\n|-damage|p1a: Sinistcha|78/100\n|\n|t:|1776271628\n|switch|p2b: Raichu|Raichu, L50, F|100/100|[from] U-turn\n|cant|p1b: Arcanine|Disable|Will-O-Wisp\n|\n|-weather|RainDance|[upkeep]\n|upkeep\n|turn|4\n|\n|t:|1776271648\n|move|p2a: Sableye|Encore|p1b: Arcanine\n|-start|p1b: Arcanine|Encore\n|move|p2b: Raichu|Nuzzle|p1a: Sinistcha\n|-resisted|p1a: Sinistcha|1\n|-damage|p1a: Sinistcha|75/100\n|-status|p1a: Sinistcha|par\n|cant|p1b: Arcanine|Disable|Will-O-Wisp\n|move|p1a: Sinistcha|Matcha Gotcha|p2b: Raichu|[spread] p2a,p2b\n|-damage|p2a: Sableye|58/100\n|-heal|p1a: Sinistcha|90/100 par|[from] drain|[of] p2a: Sableye\n|-damage|p2b: Raichu|72/100\n|-heal|p1a: Sinistcha|100/100 par|[from] drain|[of] p2b: Raichu\n|-status|p2b: Raichu|brn\n|\n|-weather|RainDance|[upkeep]\n|-damage|p2b: Raichu|66/100 brn|[from] brn\n|upkeep\n|turn|5\n|\n|t:|1776271670\n|switch|p1b: Sneasler|Sneasler, L50, F, shiny|100/100\n|switch|p2a: Lopunny|Lopunny-Mega, L50, M|100/100\n|move|p1a: Sinistcha|Rage Powder|p1a: Sinistcha\n|-singleturn|p1a: Sinistcha|move: Rage Powder\n|move|p2b: Raichu|Nuzzle|p1a: Sinistcha\n|-resisted|p1a: Sinistcha|1\n|-damage|p1a: Sinistcha|99/100 par\n|\n|-weather|RainDance|[upkeep]\n|-damage|p2b: Raichu|60/100 brn|[from] brn\n|upkeep\n|turn|6\n|\n|t:|1776271693\n|move|p1b: Sneasler|Fake Out|p2b: Raichu\n|-damage|p2b: Raichu|35/100 brn\n|move|p2a: Lopunny|Close Combat|p1a: Sinistcha\n|-damage|p1a: Sinistcha|46/100 par\n|-unboost|p2a: Lopunny|def|1\n|-unboost|p2a: Lopunny|spd|1\n|-enditem|p1a: Sinistcha|Sitrus Berry|[eat]\n|-heal|p1a: Sinistcha|71/100 par|[from] item: Sitrus Berry\n|cant|p2b: Raichu|flinch\n|move|p1a: Sinistcha|Matcha Gotcha|p2b: Raichu|[spread] p2a,p2b\n|-damage|p2a: Lopunny|49/100\n|-heal|p1a: Sinistcha|92/100 par|[from] drain|[of] p2a: Lopunny\n|-damage|p2b: Raichu|7/100 brn\n|-heal|p1a: Sinistcha|100/100 par|[from] drain|[of] p2b: Raichu\n|\n|-weather|none\n|-damage|p2b: Raichu|0 fnt|[from] brn\n|faint|p2b: Raichu\n|upkeep\n|\n|t:|1776271712\n|switch|p2b: Sableye|Sableye, L50, F|58/100\n|turn|7\n|-message|PokestudioVGC forfeited.\n|\n|win|etrdyfyiu\n|raw|etrdyfyiu's rating: 1180 &rarr; <strong>1203</strong><br />(+23 for winning)\n|raw|PokestudioVGC's rating: 1148 &rarr; <strong>1125</strong><br />(-23 for losing)\n|l|\u2606PokestudioVGC\n|player|p2|\n",
  "uploadtime": 1776271720,
  "views": 19,
  "formatid": "gen9championsvgc2026regma",
  "rating": 1125,
  "private": 0,
  "password": null
}