{
  "id": "gen9championsvgc2026regma-2581076866",
  "format": "[Gen 9 Champions] VGC 2026 Reg M-A",
  "players": [
    "Todo CCT",
    "onixandcloyster2"
  ],
  "log": "|j|\u2606Todo CCT\n|j|\u2606onixandcloyster2\n|t:|1775957653\n|gametype|doubles\n|player|p1|Todo CCT|giovanni|1156\n|player|p2|onixandcloyster2|101|1114\n|gen|9\n|tier|[Gen 9 Champions] VGC 2026 Reg M-A\n|rated|\n|rule|Species Clause: Limit one of each Pok\u00e9mon\n|rule|Item Clause: Limit 1 of each item\n|clearpoke\n|poke|p1|Starmie, L50|\n|poke|p1|Archaludon, L50, M|\n|poke|p1|Pelipper, L50, F|\n|poke|p1|Incineroar, L50, M|\n|poke|p1|Basculegion, L50, M|\n|poke|p1|Aerodactyl, L50, F|\n|poke|p2|Scovillain, L50, M|\n|poke|p2|Ninetales-Alola, L50, M|\n|poke|p2|Arcanine-Hisui, L50, M|\n|poke|p2|Crabominable, L50, F|\n|poke|p2|Zoroark-Hisui, L50, M|\n|poke|p2|Farigiraf, L50, M|\n|teampreview|4\n|\n|t:|1775957693\n|teamsize|p1|4\n|teamsize|p2|4\n|start\n|switch|p1a: Aerodactyl|Aerodactyl, L50, F|100/100\n|switch|p1b: Archaludon|Archaludon, L50, M|100/100\n|switch|p2a: Scovillain|Scovillain, L50, M|100/100\n|switch|p2b: Ninetales|Ninetales-Alola, L50, M|100/100\n|-ability|p1a: Aerodactyl|Unnerve\n|-weather|Snowscape|[from] ability: Snow Warning|[of] p2b: Ninetales\n|turn|1\n|\n|t:|1775957719\n|switch|p2b: Ninetales|Ninetales-Alola, L50, M|100/100\n|move|p2a: Scovillain|Protect|p2a: Scovillain\n|-singleturn|p2a: Scovillain|Protect\n|move|p1a: Aerodactyl|Rain Dance|p1a: Aerodactyl\n|-weather|RainDance\n|move|p1b: Archaludon|Flash Cannon|p2b: Ninetales\n|-damage|p2b: Ninetales|6/100\n|replace|p2b: Zoroark|Zoroark-Hisui, L50, M\n|-end|p2b: Zoroark|Illusion\n|\n|-weather|RainDance|[upkeep]\n|-ability|p2a: Scovillain|Moody|boost\n|-boost|p2a: Scovillain|atk|2\n|-unboost|p2a: Scovillain|spa|1\n|upkeep\n|turn|2\n|\n|t:|1775957743\n|detailschange|p2a: Scovillain|Scovillain-Mega, L50, M\n|-mega|p2a: Scovillain|Scovillain|Scovillainite\n|move|p1a: Aerodactyl|Tailwind|p1a: Aerodactyl\n|-sidestart|p1: Todo CCT|move: Tailwind\n|move|p1b: Archaludon|Flash Cannon|p2b: Zoroark\n|-damage|p2b: Zoroark|0 fnt\n|faint|p2b: Zoroark\n|move|p2a: Scovillain|Flare Blitz|p1b: Archaludon\n|-damage|p1b: Archaludon|65/100\n|-ability|p1b: Archaludon|Stamina|boost\n|-boost|p1b: Archaludon|def|1\n|-damage|p2a: Scovillain|85/100|[from] Recoil\n|\n|-weather|RainDance|[upkeep]\n|upkeep\n|\n|t:|1775957758\n|switch|p2b: Ninetales|Ninetales-Alola, L50, M|100/100\n|-weather|Snowscape|[from] ability: Snow Warning|[of] p2b: Ninetales\n|turn|3\n|\n|t:|1775957778\n|switch|p2b: Farigiraf|Farigiraf, L50, M|100/100\n|move|p1a: Aerodactyl|Rain Dance|p1a: Aerodactyl\n|-weather|RainDance\n|move|p1b: Archaludon|Flash Cannon|p2b: Farigiraf\n|-damage|p2b: Farigiraf|55/100\n|move|p2a: Scovillain|Leaf Storm|p1a: Aerodactyl\n|-damage|p1a: Aerodactyl|45/100\n|-unboost|p2a: Scovillain|spa|2\n|\n|-weather|RainDance|[upkeep]\n|upkeep\n|turn|4\n|inactive|Battle timer is ON: inactive players will automatically lose when time's up. (requested by onixandcloyster2)\n|\n|t:|1775957826\n|move|p2a: Scovillain|Rage Powder|p2a: Scovillain\n|-singleturn|p2a: Scovillain|move: Rage Powder\n|move|p1a: Aerodactyl|Dual Wingbeat|p2a: Scovillain\n|-supereffective|p2a: Scovillain|1\n|-damage|p2a: Scovillain|43/100\n|-status|p1a: Aerodactyl|brn|[from] ability: Spicy Spray|[of] p2a: Scovillain\n|-enditem|p1a: Aerodactyl|Lum Berry|[eat]\n|-curestatus|p1a: Aerodactyl|brn|[msg]\n|-supereffective|p2a: Scovillain|1\n|-damage|p2a: Scovillain|0 fnt\n|-status|p1a: Aerodactyl|brn|[from] ability: Spicy Spray|[of] p2a: Scovillain\n|faint|p2a: Scovillain\n|-hitcount|p2: Scovillain|2\n|move|p1b: Archaludon|Electro Shot||[still]\n|-prepare|p1b: Archaludon|Electro Shot\n|-boost|p1b: Archaludon|spa|1\n|-anim|p1b: Archaludon|Electro Shot|p2b: Farigiraf\n|-damage|p2b: Farigiraf|0 fnt\n|faint|p2b: Farigiraf\n|\n|-weather|RainDance|[upkeep]\n|-damage|p1a: Aerodactyl|39/100 brn|[from] brn\n|upkeep\n|\n|t:|1775957850\n|switch|p2b: Ninetales|Ninetales-Alola, L50, M|100/100\n|-weather|Snowscape|[from] ability: Snow Warning|[of] p2b: Ninetales\n|turn|5\n|\n|t:|1775957857\n|move|p1a: Aerodactyl|Rain Dance|p1a: Aerodactyl\n|-weather|RainDance\n|move|p1b: Archaludon|Flash Cannon|p2b: Ninetales\n|-supereffective|p2b: Ninetales|2\n|-damage|p2b: Ninetales|0 fnt\n|faint|p2b: Ninetales\n|\n|win|Todo CCT\n|raw|Todo CCT's rating: 1156 &rarr; <strong>1178</strong><br />(+22 for winning)\n|raw|onixandcloyster2's rating: 1114 &rarr; <strong>1092</strong><br />(-22 for losing)\n|l|\u2606onixandcloyster2\n|player|p2|\n",
  "uploadtime": 1775958950,
  "views": 29,
  "formatid": "gen9championsvgc2026regma",
  "rating": 1092,
  "private": 0,
  "password": null
}