{
  "id": "gen9championsvgc2026regma-2582870166",
  "format": "[Gen 9 Champions] VGC 2026 Reg M-A",
  "players": [
    "3000 moths",
    "metaroou"
  ],
  "log": "|j|\u26063000 moths\n|j|\u2606metaroou\n|t:|1776120683\n|gametype|doubles\n|player|p1|3000 moths|miku-ghost|1340\n|player|p2|metaroou|rocketgrunt|1329\n|gen|9\n|tier|[Gen 9 Champions] VGC 2026 Reg M-A\n|rated|\n|rule|Species Clause: Limit one of each Pok\u00e9mon\n|rule|Item Clause: Limit 1 of each item\n|clearpoke\n|poke|p1|Maushold, L50|\n|poke|p1|Garchomp, L50, M|\n|poke|p1|Incineroar, L50, F|\n|poke|p1|Floette-Eternal, L50, F|\n|poke|p1|Farigiraf, L50, M|\n|poke|p1|Dragonite, L50, M|\n|poke|p2|Scizor, L50, M|\n|poke|p2|Pelipper, L50, M|\n|poke|p2|Archaludon, L50, M|\n|poke|p2|Basculegion, L50, M|\n|poke|p2|Sinistcha, L50|\n|poke|p2|Arcanine-Hisui, L50, M|\n|teampreview|4\n|inactive|Battle timer is ON: inactive players will automatically lose when time's up. (requested by 3000 moths)\n|inactive|3000 moths has 60 seconds left.\n|\n|t:|1776120722\n|teamsize|p1|4\n|teamsize|p2|4\n|start\n|switch|p1a: Floette|Floette-Eternal, L50, F|100/100\n|switch|p1b: Maushold|Maushold, L50|100/100\n|switch|p2a: Tommasi|Pelipper, L50, M, shiny|100/100\n|switch|p2b: Totti|Scizor, L50, M|100/100\n|-weather|RainDance|[from] ability: Drizzle|[of] p2a: Tommasi\n|turn|1\n|\n|t:|1776120731\n|detailschange|p1a: Floette|Floette-Mega, L50, F\n|-mega|p1a: Floette|Floette|Floettite\n|-ability|p1a: Floette|Fairy Aura\n|detailschange|p2b: Totti|Scizor-Mega, L50, M\n|-mega|p2b: Totti|Scizor|Scizorite\n|move|p1b: Maushold|Follow Me|p1b: Maushold\n|-singleturn|p1b: Maushold|move: Follow Me\n|move|p1a: Floette|Calm Mind|p1a: Floette\n|-boost|p1a: Floette|spa|1\n|-boost|p1a: Floette|spd|1\n|move|p2a: Tommasi|Tailwind|p2a: Tommasi\n|-sidestart|p2: metaroou|move: Tailwind\n|move|p2b: Totti|Swords Dance|p2b: Totti\n|-boost|p2b: Totti|atk|2\n|\n|-weather|RainDance|[upkeep]\n|upkeep\n|turn|2\n|\n|t:|1776120750\n|move|p1b: Maushold|Follow Me|p1b: Maushold\n|-singleturn|p1b: Maushold|move: Follow Me\n|move|p2b: Totti|Bullet Punch|p1b: Maushold\n|-enditem|p1b: Maushold|Focus Sash\n|-damage|p1b: Maushold|1/100\n|move|p2a: Tommasi|Hurricane|p1b: Maushold\n|-damage|p1b: Maushold|0 fnt\n|faint|p1b: Maushold\n|move|p1a: Floette|Moonblast|p2b: Totti\n|-resisted|p2b: Totti|1\n|-damage|p2b: Totti|20/100\n|\n|-weather|RainDance|[upkeep]\n|upkeep\n|\n|t:|1776120760\n|switch|p1b: Dragonite|Dragonite, L50, M|100/100\n|turn|3\n|j| KONY2O12\n|l| KONY2O12\n|\n|t:|1776120782\n|move|p2b: Totti|Protect|p2b: Totti\n|-singleturn|p2b: Totti|Protect\n|move|p1a: Floette|Protect|p1a: Floette\n|-singleturn|p1a: Floette|Protect\n|move|p2a: Tommasi|Hurricane|p1b: Dragonite\n|-damage|p1b: Dragonite|63/100\n|move|p1b: Dragonite|Tailwind|p1b: Dragonite\n|-sidestart|p1: 3000 moths|move: Tailwind\n|\n|-weather|RainDance|[upkeep]\n|-heal|p1b: Dragonite|69/100|[from] item: Leftovers\n|upkeep\n|turn|4\n|\n|t:|1776120796\n|switch|p1b: Farigiraf|Farigiraf, L50, M|100/100\n|move|p2b: Totti|Bullet Punch||[still]\n|cant|p1b: Farigiraf|ability: Armor Tail|Bullet Punch|[of] p2b: Totti\n|move|p1a: Floette|Moonblast|p2b: Totti\n|-resisted|p2b: Totti|1\n|-damage|p2b: Totti|0 fnt\n|faint|p2b: Totti\n|move|p2a: Tommasi|Hurricane|p1b: Farigiraf\n|-damage|p1b: Farigiraf|75/100\n|\n|-weather|RainDance|[upkeep]\n|-sideend|p2: metaroou|move: Tailwind\n|upkeep\n|\n|t:|1776120808\n|switch|p2b: Batistuta|Archaludon, L50, M|100/100\n|turn|5\n|\n|t:|1776120816\n|move|p1a: Floette|Moonblast|p2a: Tommasi\n|-damage|p2a: Tommasi|0 fnt\n|faint|p2a: Tommasi\n|move|p1b: Farigiraf|Psychic|p2b: Batistuta\n|-resisted|p2b: Batistuta|1\n|-damage|p2b: Batistuta|78/100\n|-ability|p2b: Batistuta|Stamina|boost\n|-boost|p2b: Batistuta|def|1\n|move|p2b: Batistuta|Electro Shot||[still]\n|-prepare|p2b: Batistuta|Electro Shot\n|-boost|p2b: Batistuta|spa|1\n|-anim|p2b: Batistuta|Electro Shot|p1a: Floette\n|-damage|p1a: Floette|62/100\n|-heal|p2b: Batistuta|81/100|[from] item: Shell Bell|[of] p1a: Floette\n|\n|-weather|none\n|upkeep\n|\n|t:|1776120827\n|switch|p2a: Nakata|Basculegion, L50, M|100/100\n|turn|6\n|\n|t:|1776120839\n|move|p1a: Floette|Moonblast|p2a: Nakata\n|-damage|p2a: Nakata|0 fnt\n|faint|p2a: Nakata\n|move|p1b: Farigiraf|Psychic|p2b: Batistuta\n|-resisted|p2b: Batistuta|1\n|-damage|p2b: Batistuta|60/100\n|-ability|p2b: Batistuta|Stamina|boost\n|-boost|p2b: Batistuta|def|1\n|move|p2b: Batistuta|Dragon Pulse|p1b: Farigiraf\n|-damage|p1b: Farigiraf|23/100\n|-enditem|p1b: Farigiraf|Sitrus Berry|[eat]\n|-heal|p1b: Farigiraf|48/100|[from] item: Sitrus Berry\n|-heal|p2b: Batistuta|67/100|[from] item: Shell Bell|[of] p1b: Farigiraf\n|\n|-sideend|p1: 3000 moths|move: Tailwind\n|upkeep\n|turn|7\n|\n|t:|1776120850\n|move|p1b: Farigiraf|Ally Switch|p1b: Farigiraf\n|swap|p1b: Farigiraf|0|[from] move: Ally Switch\n|move|p1b: Floette|Moonblast|p2b: Batistuta\n|-damage|p2b: Batistuta|0 fnt\n|faint|p2b: Batistuta\n|\n|win|3000 moths\n|raw|3000 moths's rating: 1340 &rarr; <strong>1359</strong><br />(+19 for winning)\n|raw|metaroou's rating: 1329 &rarr; <strong>1310</strong><br />(-19 for losing)\n|l|\u2606metaroou\n|player|p2|\n",
  "uploadtime": 1776120859,
  "views": 26,
  "formatid": "gen9championsvgc2026regma",
  "rating": 1310,
  "private": 0,
  "password": null
}