{
  "id": "gen9championsvgc2026regma-2581726456",
  "format": "[Gen 9 Champions] VGC 2026 Reg M-A",
  "players": [
    "alkdfe",
    "chhgokhdoihfoisdhf"
  ],
  "log": "|j|\u2606alkdfe\n|j|\u2606chhgokhdoihfoisdhf\n|t:|1776023718\n|gametype|doubles\n|player|p1|alkdfe|elesa|1107\n|player|p2|chhgokhdoihfoisdhf|2|1138\n|gen|9\n|tier|[Gen 9 Champions] VGC 2026 Reg M-A\n|rated|\n|rule|Species Clause: Limit one of each Pok\u00e9mon\n|rule|Item Clause: Limit 1 of each item\n|clearpoke\n|poke|p1|Charizard, L50, F|\n|poke|p1|Whimsicott, L50, M|\n|poke|p1|Sneasler, L50, F|\n|poke|p1|Incineroar, L50, F|\n|poke|p1|Kingambit, L50, M|\n|poke|p1|Basculegion, L50, M|\n|poke|p2|Excadrill, L50, F|\n|poke|p2|Tyranitar, L50, M|\n|poke|p2|Incineroar, L50, F|\n|poke|p2|Milotic, L50, F|\n|poke|p2|Meganium, L50, F|\n|poke|p2|Dragapult, L50, F|\n|teampreview|4\n|\n|t:|1776023746\n|teamsize|p1|4\n|teamsize|p2|4\n|start\n|switch|p1a: Basculegion|Basculegion, L50, M|100/100\n|switch|p1b: Sneasler|Sneasler, L50, F|100/100\n|switch|p2a: Milotic|Milotic, L50, F|100/100\n|switch|p2b: Excadrill|Excadrill, L50, F|100/100\n|turn|1\n|inactive|Battle timer is ON: inactive players will automatically lose when time's up. (requested by alkdfe)\n|\n|t:|1776023770\n|move|p2b: Excadrill|Protect|p2b: Excadrill\n|-singleturn|p2b: Excadrill|Protect\n|move|p1a: Basculegion|Wave Crash|p2b: Excadrill\n|-activate|p2b: Excadrill|move: Protect\n|move|p1b: Sneasler|Dire Claw|p2a: Milotic\n|-damage|p2a: Milotic|43/100\n|move|p2a: Milotic|Hydro Pump|p1b: Sneasler\n|-damage|p1b: Sneasler|38/100\n|\n|-heal|p2a: Milotic|49/100|[from] item: Leftovers\n|upkeep\n|turn|2\n|inactive|chhgokhdoihfoisdhf has 30 seconds left.\n|inactive|chhgokhdoihfoisdhf has 20 seconds left.\n|inactive|chhgokhdoihfoisdhf has 15 seconds left.\n|\n|t:|1776023813\n|move|p2a: Milotic|Protect|p2a: Milotic\n|-singleturn|p2a: Milotic|Protect\n|move|p1a: Basculegion|Wave Crash|p2b: Excadrill\n|-supereffective|p2b: Excadrill|1\n|-damage|p2b: Excadrill|0 fnt\n|faint|p2b: Excadrill\n|-damage|p1a: Basculegion|69/100|[from] Recoil\n|move|p1b: Sneasler|Close Combat|p2a: Milotic\n|-activate|p2a: Milotic|move: Protect\n|\n|-heal|p2a: Milotic|55/100|[from] item: Leftovers\n|upkeep\n|\n|t:|1776023829\n|switch|p2b: Meganium|Meganium, L50, F|100/100\n|turn|3\n|\n|t:|1776023840\n|switch|p1a: Charizard|Charizard, L50, F|100/100\n|move|p2b: Meganium|Protect|p2b: Meganium\n|-singleturn|p2b: Meganium|Protect\n|move|p1b: Sneasler|Dire Claw|p2b: Meganium\n|-activate|p2b: Meganium|move: Protect\n|move|p2a: Milotic|Hydro Pump|p1b: Sneasler\n|-damage|p1b: Sneasler|0 fnt\n|faint|p1b: Sneasler\n|\n|-heal|p2a: Milotic|61/100|[from] item: Leftovers\n|upkeep\n|\n|t:|1776023856\n|switch|p1b: Kingambit|Kingambit, L50, M|100/100\n|turn|4\n|inactive|chhgokhdoihfoisdhf has 30 seconds left.\n|\n|t:|1776023886\n|detailschange|p1a: Charizard|Charizard-Mega-Y, L50, F\n|-mega|p1a: Charizard|Charizard|Charizardite Y\n|-weather|SunnyDay|[from] ability: Drought|[of] p1a: Charizard\n|move|p1b: Kingambit|Sucker Punch|p2a: Milotic\n|-damage|p2a: Milotic|3/100\n|move|p1a: Charizard|Heat Wave|p2b: Meganium|[spread] p2a,p2b\n|-resisted|p2a: Milotic|1\n|-supereffective|p2b: Meganium|1\n|-damage|p2a: Milotic|0 fnt\n|-damage|p2b: Meganium|0 fnt\n|faint|p2a: Milotic\n|faint|p2b: Meganium\n|\n|-weather|SunnyDay|[upkeep]\n|upkeep\n|\n|t:|1776023903\n|switch|p2b: Tyranitar|Tyranitar, L50, M|100/100\n|-weather|Sandstorm|[from] ability: Sand Stream|[of] p2b: Tyranitar\n|turn|5\n|\n|t:|1776023914\n|detailschange|p2b: Tyranitar|Tyranitar-Mega, L50, M\n|-mega|p2b: Tyranitar|Tyranitar|Tyranitarite\n|move|p1a: Charizard|Weather Ball|p2b: Tyranitar\n|-damage|p2b: Tyranitar|78/100\n|move|p2b: Tyranitar|Brick Break|p1b: Kingambit\n|-supereffective|p1b: Kingambit|2\n|-damage|p1b: Kingambit|0 fnt\n|faint|p1b: Kingambit\n|\n|-weather|Sandstorm|[upkeep]\n|-damage|p1a: Charizard|95/100|[from] Sandstorm\n|upkeep\n|\n|t:|1776023926\n|switch|p1b: Basculegion|Basculegion, L50, M|69/100\n|turn|6\n|\n|t:|1776023937\n|move|p1b: Basculegion|Wave Crash|p2b: Tyranitar\n|-supereffective|p2b: Tyranitar|1\n|-damage|p2b: Tyranitar|0 fnt\n|faint|p2b: Tyranitar\n|-damage|p1b: Basculegion|44/100|[from] Recoil\n|\n|win|alkdfe\n|raw|alkdfe's rating: 1107 &rarr; <strong>1134</strong><br />(+27 for winning)\n|raw|chhgokhdoihfoisdhf's rating: 1138 &rarr; <strong>1111</strong><br />(-27 for losing)\n|l|\u2606chhgokhdoihfoisdhf\n|player|p2|\n",
  "uploadtime": 1776023944,
  "views": 40,
  "formatid": "gen9championsvgc2026regma",
  "rating": 1111,
  "private": 0,
  "password": null
}