{
  "id": "gen9championsvgc2026regma-2587877565",
  "format": "[Gen 9 Champions] VGC 2026 Reg M-A",
  "players": [
    "chapionsmeta",
    "reallyreallybadboy"
  ],
  "log": "|j|\u2606chapionsmeta\n|j|\u2606reallyreallybadboy\n|t:|1776573633\n|gametype|doubles\n|player|p1|chapionsmeta|steven|1292\n|player|p2|reallyreallybadboy|102|1244\n|gen|9\n|tier|[Gen 9 Champions] VGC 2026 Reg M-A\n|rated|\n|rule|Species Clause: Limit one of each Pok\u00e9mon\n|rule|Item Clause: Limit 1 of each item\n|clearpoke\n|poke|p1|Sneasler, L50, M|\n|poke|p1|Kommo-o, L50, F|\n|poke|p1|Incineroar, L50, M|\n|poke|p1|Kingambit, L50, M|\n|poke|p1|Tyranitar, L50, M|\n|poke|p1|Sinistcha-Masterpiece, L50|\n|poke|p2|Vanilluxe, L50, M, shiny|\n|poke|p2|Sableye, L50, M, shiny|\n|poke|p2|Garchomp, L50, M, shiny|\n|poke|p2|Hawlucha, L50, F, shiny|\n|poke|p2|Greninja, L50, M, shiny|\n|poke|p2|Kingambit, L50, M, shiny|\n|teampreview|4\n|inactive|Battle timer is ON: inactive players will automatically lose when time's up. (requested by reallyreallybadboy)\n|\n|t:|1776573676\n|teamsize|p1|4\n|teamsize|p2|4\n|start\n|switch|p1a: Sneasler|Sneasler, L50, M|100/100\n|switch|p1b: Kommo-o|Kommo-o, L50, F|100/100\n|switch|p2a: Kingambit|Kingambit, L50, M, shiny|100/100\n|switch|p2b: Greninja|Greninja, L50, M, shiny|100/100\n|turn|1\n|inactive|chapionsmeta has 30 seconds left.\n|\n|t:|1776573702\n|switch|p2a: Vanilluxe|Vanilluxe, L50, M, shiny|100/100\n|-weather|Snowscape|[from] ability: Snow Warning|[of] p2a: Vanilluxe\n|detailschange|p2b: Greninja|Greninja-Mega, L50, M, shiny\n|-mega|p2b: Greninja|Greninja|Greninjite\n|move|p1a: Sneasler|Fake Out|p2b: Greninja\n|-damage|p2b: Greninja|79/100\n|cant|p2b: Greninja|flinch\n|move|p1b: Kommo-o|Clangorous Soul|p1b: Kommo-o\n|-boost|p1b: Kommo-o|atk|1\n|-boost|p1b: Kommo-o|def|1\n|-boost|p1b: Kommo-o|spa|1\n|-boost|p1b: Kommo-o|spd|1\n|-boost|p1b: Kommo-o|spe|1\n|-damage|p1b: Kommo-o|68/100\n|\n|-weather|Snowscape|[upkeep]\n|-heal|p1b: Kommo-o|73/100|[from] item: Leftovers\n|upkeep\n|turn|2\n|inactive|chapionsmeta has 30 seconds left.\n|inactive|chapionsmeta has 20 seconds left.\n|inactive|chapionsmeta has 15 seconds left.\n|inactive|chapionsmeta has 10 seconds left.\n|\n|t:|1776573750\n|move|p2b: Greninja|Blizzard|p1b: Kommo-o|[spread] p1a,p1b\n|-start|p2b: Greninja|typechange|Ice|[from] ability: Protean\n|-supereffective|p1b: Kommo-o|1\n|-damage|p1a: Sneasler|45/100\n|-damage|p1b: Kommo-o|8/100\n|move|p1b: Kommo-o|Aura Sphere|p2a: Vanilluxe\n|-supereffective|p2a: Vanilluxe|1\n|-damage|p2a: Vanilluxe|0 fnt\n|faint|p2a: Vanilluxe\n|move|p1a: Sneasler|Close Combat|p2b: Greninja\n|-supereffective|p2b: Greninja|1\n|-damage|p2b: Greninja|0 fnt\n|-unboost|p1a: Sneasler|def|1\n|-unboost|p1a: Sneasler|spd|1\n|faint|p2b: Greninja\n|-enditem|p1a: Sneasler|White Herb\n|-clearnegativeboost|p1a: Sneasler|[silent]\n|\n|-weather|Snowscape|[upkeep]\n|-heal|p1b: Kommo-o|13/100|[from] item: Leftovers\n|upkeep\n|\n|t:|1776573758\n|switch|p2b: Garchomp|Garchomp, L50, M, shiny|100/100\n|switch|p2a: Kingambit|Kingambit, L50, M, shiny|100/100\n|turn|3\n|\n|t:|1776573783\n|move|p1b: Kommo-o|Protect|p1b: Kommo-o\n|-singleturn|p1b: Kommo-o|Protect\n|move|p2a: Kingambit|Protect|p2a: Kingambit\n|-singleturn|p2a: Kingambit|Protect\n|move|p1a: Sneasler|Coaching|p1b: Kommo-o\n|-boost|p1b: Kommo-o|atk|1\n|-boost|p1b: Kommo-o|def|1\n|move|p2b: Garchomp|Earthquake|p1a: Sneasler|[spread] p1a\n|-activate|p2a: Kingambit|move: Protect\n|-activate|p1b: Kommo-o|move: Protect\n|-supereffective|p1a: Sneasler|1\n|-damage|p1a: Sneasler|0 fnt\n|faint|p1a: Sneasler\n|\n|-weather|Snowscape|[upkeep]\n|-heal|p1b: Kommo-o|19/100|[from] item: Leftovers\n|upkeep\n|\n|t:|1776573802\n|switch|p1a: Sinistcha|Sinistcha-Masterpiece, L50|100/100\n|-heal|p1b: Kommo-o|44/100|[from] ability: Hospitality|[of] p1a: Sinistcha\n|turn|4\n|inactive|reallyreallybadboy has 30 seconds left.\n|inactive|reallyreallybadboy has 20 seconds left.\n|inactive|reallyreallybadboy has 15 seconds left.\n|\n|t:|1776573843\n|move|p1a: Sinistcha|Rage Powder|p1a: Sinistcha\n|-singleturn|p1a: Sinistcha|move: Rage Powder\n|move|p1b: Kommo-o|Clanging Scales|p2a: Kingambit|[spread] p2a,p2b\n|-resisted|p2a: Kingambit|1\n|-supereffective|p2b: Garchomp|1\n|-damage|p2a: Kingambit|76/100\n|-damage|p2b: Garchomp|0 fnt\n|faint|p2b: Garchomp\n|-unboost|p1b: Kommo-o|def|1\n|move|p2a: Kingambit|Kowtow Cleave|p1a: Sinistcha\n|-supereffective|p1a: Sinistcha|1\n|-damage|p1a: Sinistcha|11/100\n|-enditem|p1a: Sinistcha|Sitrus Berry|[eat]\n|-heal|p1a: Sinistcha|36/100|[from] item: Sitrus Berry\n|\n|-weather|Snowscape|[upkeep]\n|-heal|p1b: Kommo-o|50/100|[from] item: Leftovers\n|upkeep\n|turn|5\n|-message|reallyreallybadboy forfeited.\n|\n|win|chapionsmeta\n|raw|chapionsmeta's rating: 1292 &rarr; <strong>1314</strong><br />(+22 for winning)\n|raw|reallyreallybadboy's rating: 1244 &rarr; <strong>1222</strong><br />(-22 for losing)\n|l|\u2606reallyreallybadboy\n|player|p2|\n",
  "uploadtime": 1776573861,
  "views": 13,
  "formatid": "gen9championsvgc2026regma",
  "rating": 1222,
  "private": 0,
  "password": null
}