{
  "id": "gen9championsvgc2026regma-2585324798",
  "format": "[Gen 9 Champions] VGC 2026 Reg M-A",
  "players": [
    "mahery8",
    "Paquito40"
  ],
  "log": "|j|\u2606mahery8\n|j|\u2606Paquito40\n|t:|1776337916\n|gametype|doubles\n|player|p1|mahery8|1|1074\n|player|p2|Paquito40|101|1090\n|gen|9\n|tier|[Gen 9 Champions] VGC 2026 Reg M-A\n|rated|\n|rule|Species Clause: Limit one of each Pok\u00e9mon\n|rule|Item Clause: Limit 1 of each item\n|clearpoke\n|poke|p1|Slowking-Galar, L50, F|\n|poke|p1|Incineroar, L50, M|\n|poke|p1|Goodra-Hisui, L50, F|\n|poke|p1|Sinistcha, L50|\n|poke|p1|Glaceon, L50, M|\n|poke|p1|Crabominable, L50, M|\n|poke|p2|Kangaskhan, L50, F|\n|poke|p2|Pelipper, L50, F|\n|poke|p2|Aggron, L50, M|\n|poke|p2|Manectric, L50, F|\n|poke|p2|Sinistcha, L50|\n|poke|p2|Basculegion, L50, M|\n|teampreview|4\n|l|\u2606mahery8\n|player|p1|\n|j|\u2606mahery8\n|player|p1|mahery8|1|\n|\n|t:|1776337960\n|teamsize|p1|4\n|teamsize|p2|4\n|start\n|switch|p1a: Glaceon|Glaceon, L50, M|100/100\n|switch|p1b: Crabominable|Crabominable, L50, M|100/100\n|switch|p2a: Kangaskhan|Kangaskhan, L50, F|100/100\n|switch|p2b: Sinistcha|Sinistcha, L50|100/100\n|turn|1\n|\n|t:|1776337980\n|switch|p1a: Sinistcha|Sinistcha, L50|100/100\n|detailschange|p1b: Crabominable|Crabominable-Mega, L50, M\n|-mega|p1b: Crabominable|Crabominable|Crabominite\n|move|p2a: Kangaskhan|Fake Out|p1b: Crabominable\n|-damage|p1b: Crabominable|87/100\n|move|p2b: Sinistcha|Matcha Gotcha|p1b: Crabominable|[spread] p1a,p1b\n|-resisted|p1a: Sinistcha|1\n|-damage|p1a: Sinistcha|89/100\n|-damage|p1b: Crabominable|67/100\n|cant|p1b: Crabominable|flinch\n|\n|upkeep\n|turn|2\n|\n|t:|1776338005\n|switch|p2a: Aggron|Aggron, L50, M|100/100\n|switch|p1b: Slowking|Slowking-Galar, L50, F|100/100\n|move|p2b: Sinistcha|Rage Powder|p2b: Sinistcha\n|-singleturn|p2b: Sinistcha|move: Rage Powder\n|move|p1a: Sinistcha|Trick Room|p1a: Sinistcha\n|-fieldstart|move: Trick Room|[of] p1a: Sinistcha\n|\n|upkeep\n|turn|3\n|\n|t:|1776338030\n|detailschange|p2a: Aggron|Aggron-Mega, L50, M\n|-mega|p2a: Aggron|Aggron|Aggronite\n|-prepare|p1b: Slowking|Chilly Reception|[premajor]\n|move|p1b: Slowking|Chilly Reception|p1b: Slowking\n|-weather|Snowscape\n|\n|t:|1776338036\n|switch|p1b: Crabominable|Crabominable-Mega, L50, M|67/100|[from] Chilly Reception\n|move|p2a: Aggron|Heavy Slam|p1a: Sinistcha\n|-damage|p1a: Sinistcha|30/100\n|move|p1a: Sinistcha|Matcha Gotcha|p2b: Sinistcha|[spread] p2a,p2b\n|-resisted|p2a: Aggron|1\n|-resisted|p2b: Sinistcha|1\n|-damage|p2a: Aggron|86/100\n|-heal|p1a: Sinistcha|37/100|[from] drain|[of] p2a: Aggron\n|-damage|p2b: Sinistcha|90/100\n|-heal|p1a: Sinistcha|42/100|[from] drain|[of] p2b: Sinistcha\n|-status|p2b: Sinistcha|brn\n|move|p2b: Sinistcha|Matcha Gotcha|p1a: Sinistcha|[spread] p1b\n|-miss|p2b: Sinistcha|p1a: Sinistcha\n|-damage|p1b: Crabominable|45/100\n|-heal|p2b: Sinistcha|100/100 brn|[from] drain|[of] p1b: Crabominable\n|-status|p1b: Crabominable|brn\n|\n|-weather|Snowscape|[upkeep]\n|-damage|p1b: Crabominable|39/100 brn|[from] brn\n|-damage|p2b: Sinistcha|94/100 brn|[from] brn\n|upkeep\n|turn|4\n|\n|t:|1776338063\n|move|p1b: Crabominable|Drain Punch|p2a: Aggron\n|-supereffective|p2a: Aggron|1\n|-damage|p2a: Aggron|63/100\n|-heal|p1b: Crabominable|49/100 brn|[from] drain|[of] p2a: Aggron\n|move|p2a: Aggron|Heavy Slam|p1b: Crabominable\n|-supereffective|p1b: Crabominable|1\n|-damage|p1b: Crabominable|25/100 brn\n|move|p1a: Sinistcha|Shadow Ball|p2b: Sinistcha\n|-supereffective|p2b: Sinistcha|1\n|-damage|p2b: Sinistcha|34/100 brn\n|move|p2b: Sinistcha|Matcha Gotcha|p1a: Sinistcha|[spread] p1a,p1b\n|-resisted|p1a: Sinistcha|1\n|-damage|p1a: Sinistcha|30/100\n|-heal|p2b: Sinistcha|40/100 brn|[from] drain|[of] p1a: Sinistcha\n|-damage|p1b: Crabominable|2/100 brn\n|-heal|p2b: Sinistcha|53/100 brn|[from] drain|[of] p1b: Crabominable\n|\n|-weather|Snowscape|[upkeep]\n|-heal|p2b: Sinistcha|59/100 brn|[from] item: Leftovers\n|-damage|p1b: Crabominable|0 fnt|[from] brn\n|faint|p1b: Crabominable\n|-damage|p2b: Sinistcha|53/100 brn|[from] brn\n|upkeep\n|\n|t:|1776338071\n|switch|p1b: Glaceon|Glaceon, L50, M|100/100\n|turn|5\n|\n|t:|1776338100\n|move|p2a: Aggron|Heavy Slam|p1b: Glaceon\n|-supereffective|p1b: Glaceon|1\n|-damage|p1b: Glaceon|16/100\n|move|p1b: Glaceon|Blizzard|p2b: Sinistcha|[spread] p2a,p2b\n|-resisted|p2a: Aggron|1\n|-supereffective|p2b: Sinistcha|1\n|-damage|p2a: Aggron|39/100\n|-damage|p2b: Sinistcha|0 fnt\n|faint|p2b: Sinistcha\n|move|p1a: Sinistcha|Matcha Gotcha|p2a: Aggron\n|-resisted|p2a: Aggron|1\n|-damage|p2a: Aggron|20/100\n|-heal|p1a: Sinistcha|40/100|[from] drain|[of] p2a: Aggron\n|\n|-weather|Snowscape|[upkeep]\n|upkeep\n|\n|t:|1776338116\n|switch|p2b: Kangaskhan|Kangaskhan, L50, F|100/100\n|turn|6\n|\n|t:|1776338133\n|switch|p1b: Slowking|Slowking-Galar, L50, F|100/100\n|move|p2b: Kangaskhan|Sucker Punch|p1a: Sinistcha\n|-supereffective|p1a: Sinistcha|1\n|-damage|p1a: Sinistcha|4/100\n|move|p2a: Aggron|Rock Slide|p1b: Slowking|[spread] p1a,p1b\n|-damage|p1a: Sinistcha|0 fnt\n|-damage|p1b: Slowking|81/100\n|faint|p1a: Sinistcha\n|\n|-weather|Snowscape|[upkeep]\n|-fieldend|move: Trick Room\n|upkeep\n|\n|t:|1776338141\n|switch|p1a: Glaceon|Glaceon, L50, M|16/100\n|turn|7\n|\n|t:|1776338150\n|move|p2b: Kangaskhan|Sucker Punch|p1a: Glaceon|[miss]\n|-miss|p2b: Kangaskhan|p1a: Glaceon\n|move|p1a: Glaceon|Blizzard|p2a: Aggron|[spread] p2a,p2b\n|-resisted|p2a: Aggron|1\n|-damage|p2a: Aggron|0 fnt\n|-damage|p2b: Kangaskhan|59/100\n|-status|p2b: Kangaskhan|frz\n|faint|p2a: Aggron\n|move|p1b: Slowking|Eerie Spell|p2b: Kangaskhan\n|-damage|p2b: Kangaskhan|30/100 frz\n|-activate|p2b: Kangaskhan|move: Eerie Spell|Sucker Punch|3\n|\n|-weather|none\n|upkeep\n|\n|t:|1776338160\n|switch|p2a: Basculegion|Basculegion, L50, M|100/100\n|turn|8\n|\n|t:|1776338175\n|move|p2a: Basculegion|Aqua Jet|p1a: Glaceon\n|-damage|p1a: Glaceon|0 fnt\n|faint|p1a: Glaceon\n|cant|p2b: Kangaskhan|frz\n|move|p1b: Slowking|Sludge Wave|p2b: Kangaskhan|[spread] p2a,p2b\n|-resisted|p2a: Basculegion|1\n|-damage|p2a: Basculegion|86/100\n|-damage|p2b: Kangaskhan|2/100 frz\n|\n|upkeep\n|turn|9\n|\n|t:|1776338187\n|cant|p2b: Kangaskhan|frz\n|move|p2a: Basculegion|Last Respects|p1b: Slowking\n|-supereffective|p1b: Slowking|1\n|-damage|p1b: Slowking|0 fnt\n|faint|p1b: Slowking\n|\n|win|Paquito40\n|raw|mahery8's rating: 1074 &rarr; <strong>1054</strong><br />(-20 for losing)\n|raw|Paquito40's rating: 1090 &rarr; <strong>1115</strong><br />(+25 for winning)\n|l|\u2606mahery8\n|player|p1|\n|j|\u2606mahery8\n|player|p1|mahery8|1|\n|l|\u2606mahery8\n|player|p1|\n",
  "uploadtime": 1776338286,
  "views": 30,
  "formatid": "gen9championsvgc2026regma",
  "rating": 1054,
  "private": 0,
  "password": null
}