{
  "id": "gen9championsvgc2026regma-2586659427",
  "format": "[Gen 9 Champions] VGC 2026 Reg M-A",
  "players": [
    "Lessa_ped",
    "Darknight675"
  ],
  "log": "|j|\u2606Lessa_ped\n|j|\u203dDarknight675\n|t:|1776450059\n|gametype|doubles\n|player|p1|Lessa_ped|n|1108\n|player|p2|Darknight675|will|1145\n|gen|9\n|tier|[Gen 9 Champions] VGC 2026 Reg M-A\n|rated|\n|rule|Species Clause: Limit one of each Pok\u00e9mon\n|rule|Item Clause: Limit 1 of each item\n|clearpoke\n|poke|p1|Archaludon, L50, M|\n|poke|p1|Pelipper, L50, F|\n|poke|p1|Sneasler, L50, M|\n|poke|p1|Incineroar, L50, M|\n|poke|p1|Basculegion, L50, M|\n|poke|p1|Meganium, L50, M|\n|poke|p2|Floette-Eternal, L50, F|\n|poke|p2|Garchomp, L50, F|\n|poke|p2|Talonflame, L50, F|\n|poke|p2|Sneasler, L50, F|\n|poke|p2|Milotic, L50, M|\n|poke|p2|Sinistcha, L50|\n|teampreview|4\n|\n|t:|1776450122\n|teamsize|p1|4\n|teamsize|p2|4\n|start\n|switch|p1a: Pelipper|Pelipper, L50, F, shiny|100/100\n|switch|p1b: Sneasler|Sneasler, L50, M, shiny|100/100\n|switch|p2a: Floette|Floette-Eternal, L50, F|100/100\n|switch|p2b: Talonflame|Talonflame, L50, F, shiny|100/100\n|-weather|RainDance|[from] ability: Drizzle|[of] p1a: Pelipper\n|turn|1\n|\n|t:|1776450144\n|detailschange|p2a: Floette|Floette-Mega, L50, F\n|-mega|p2a: Floette|Floette|Floettite\n|-ability|p2a: Floette|Fairy Aura\n|move|p2b: Talonflame|Protect|p2b: Talonflame\n|-singleturn|p2b: Talonflame|Protect\n|move|p2a: Floette|Protect|p2a: Floette\n|-singleturn|p2a: Floette|Protect\n|move|p1b: Sneasler|Fake Out|p2b: Talonflame\n|-activate|p2b: Talonflame|move: Protect\n|move|p1a: Pelipper|Tailwind|p1a: Pelipper\n|-sidestart|p1: Lessa_ped|move: Tailwind\n|\n|-weather|RainDance|[upkeep]\n|upkeep\n|turn|2\n|\n|t:|1776450175\n|move|p1b: Sneasler|Protect|p1b: Sneasler\n|-singleturn|p1b: Sneasler|Protect\n|move|p2b: Talonflame|Dual Wingbeat|p1b: Sneasler\n|-activate|p1b: Sneasler|move: Protect\n|move|p1a: Pelipper|Weather Ball|p2b: Talonflame\n|-supereffective|p2b: Talonflame|1\n|-enditem|p2b: Talonflame|Focus Sash\n|-damage|p2b: Talonflame|1/100\n|move|p2a: Floette|Dazzling Gleam|p1a: Pelipper|[spread] p1a\n|-activate|p1b: Sneasler|move: Protect\n|-damage|p1a: Pelipper|25/100\n|\n|-weather|RainDance|[upkeep]\n|upkeep\n|turn|3\n|\n|t:|1776450202\n|switch|p1b: Basculegion|Basculegion, L50, M, shiny|100/100\n|move|p1a: Pelipper|Protect|p1a: Pelipper\n|-singleturn|p1a: Pelipper|Protect\n|move|p2b: Talonflame|Protect|p2b: Talonflame\n|-singleturn|p2b: Talonflame|Protect\n|move|p2a: Floette|Dazzling Gleam|p1b: Basculegion|[spread] p1b\n|-activate|p1a: Pelipper|move: Protect\n|-damage|p1b: Basculegion|47/100\n|\n|-weather|RainDance|[upkeep]\n|upkeep\n|turn|4\n|\n|t:|1776450232\n|switch|p1a: Sneasler|Sneasler, L50, M, shiny|100/100\n|switch|p2b: Sinistcha|Sinistcha, L50|100/100\n|move|p2a: Floette|Protect|p2a: Floette\n|-singleturn|p2a: Floette|Protect\n|move|p1b: Basculegion|Aqua Jet|p2b: Sinistcha\n|-resisted|p2b: Sinistcha|1\n|-damage|p2b: Sinistcha|85/100\n|\n|-weather|RainDance|[upkeep]\n|-sideend|p1: Lessa_ped|move: Tailwind\n|upkeep\n|turn|5\n|\n|t:|1776450245\n|move|p1b: Basculegion|Protect|p1b: Basculegion\n|-singleturn|p1b: Basculegion|Protect\n|move|p2b: Sinistcha|Rage Powder|p2b: Sinistcha\n|-singleturn|p2b: Sinistcha|move: Rage Powder\n|move|p1a: Sneasler|Dire Claw|p2b: Sinistcha\n|-damage|p2b: Sinistcha|46/100\n|-enditem|p2b: Sinistcha|Sitrus Berry|[eat]\n|-heal|p2b: Sinistcha|71/100|[from] item: Sitrus Berry\n|move|p2a: Floette|Dazzling Gleam|p1a: Sneasler|[spread] p1a\n|-activate|p1b: Basculegion|move: Protect\n|-damage|p1a: Sneasler|43/100\n|\n|-weather|none\n|upkeep\n|turn|6\n|\n|t:|1776450274\n|switch|p1b: Pelipper|Pelipper, L50, F, shiny|25/100\n|-weather|RainDance|[from] ability: Drizzle|[of] p1b: Pelipper\n|move|p1a: Sneasler|Protect|p1a: Sneasler\n|-singleturn|p1a: Sneasler|Protect\n|move|p2b: Sinistcha|Rage Powder|p2b: Sinistcha\n|-singleturn|p2b: Sinistcha|move: Rage Powder\n|move|p2a: Floette|Dazzling Gleam|p1b: Pelipper|[spread] p1b\n|-activate|p1a: Sneasler|move: Protect\n|-damage|p1b: Pelipper|0 fnt\n|faint|p1b: Pelipper\n|\n|-weather|RainDance|[upkeep]\n|upkeep\n|\n|t:|1776450284\n|switch|p1b: Basculegion|Basculegion, L50, M, shiny|47/100\n|turn|7\n|\n|t:|1776450300\n|switch|p1a: Archaludon|Archaludon, L50, M, shiny|100/100\n|move|p2b: Sinistcha|Rage Powder|p2b: Sinistcha\n|-singleturn|p2b: Sinistcha|move: Rage Powder\n|move|p1b: Basculegion|Last Respects|p2b: Sinistcha\n|-supereffective|p2b: Sinistcha|1\n|-damage|p2b: Sinistcha|0 fnt\n|faint|p2b: Sinistcha\n|move|p2a: Floette|Dazzling Gleam|p1b: Basculegion|[spread] p1a,p1b\n|-damage|p1a: Archaludon|57/100\n|-damage|p1b: Basculegion|0 fnt\n|-ability|p1a: Archaludon|Stamina|boost\n|-boost|p1a: Archaludon|def|1\n|faint|p1b: Basculegion\n|\n|-weather|RainDance|[upkeep]\n|-heal|p1a: Archaludon|63/100|[from] item: Leftovers\n|upkeep\n|\n|t:|1776450309\n|switch|p1b: Sneasler|Sneasler, L50, M, shiny|43/100\n|switch|p2b: Talonflame|Talonflame, L50, F, shiny|1/100\n|turn|8\n|\n|t:|1776450322\n|move|p2b: Talonflame|Protect|p2b: Talonflame\n|-singleturn|p2b: Talonflame|Protect\n|move|p2a: Floette|Protect|p2a: Floette\n|-singleturn|p2a: Floette|Protect\n|move|p1b: Sneasler|Fake Out|p2b: Talonflame\n|-activate|p2b: Talonflame|move: Protect\n|move|p1a: Archaludon|Flash Cannon|p2a: Floette\n|-activate|p2a: Floette|move: Protect\n|\n|-weather|RainDance|[upkeep]\n|-heal|p1a: Archaludon|70/100|[from] item: Leftovers\n|upkeep\n|turn|9\n|\n|t:|1776450348\n|move|p1b: Sneasler|Protect|p1b: Sneasler\n|-singleturn|p1b: Sneasler|Protect\n|move|p2b: Talonflame|Tailwind|p2b: Talonflame\n|-sidestart|p2: Darknight675|move: Tailwind\n|move|p2a: Floette|Moonblast|p1a: Archaludon\n|-damage|p1a: Archaludon|0 fnt\n|faint|p1a: Archaludon\n|\n|-weather|RainDance|[upkeep]\n|upkeep\n|turn|10\n|-message|Lessa_ped forfeited.\n|\n|win|Darknight675\n|raw|Lessa_ped's rating: 1108 &rarr; <strong>1086</strong><br />(-22 for losing)\n|raw|Darknight675's rating: 1145 &rarr; <strong>1167</strong><br />(+22 for winning)\n",
  "uploadtime": 1776450361,
  "views": 36,
  "formatid": "gen9championsvgc2026regma",
  "rating": 1086,
  "private": 0,
  "password": null
}