{
  "id": "gen9championsvgc2026regma-2582248241",
  "format": "[Gen 9 Champions] VGC 2026 Reg M-A",
  "players": [
    "storm93ita",
    "spreeding"
  ],
  "log": "|j|\u2606storm93ita\n|j|\u2606spreeding\n|t:|1776075911\n|gametype|doubles\n|player|p1|storm93ita|volkner|1107\n|player|p2|spreeding|valerie|1043\n|gen|9\n|tier|[Gen 9 Champions] VGC 2026 Reg M-A\n|rated|\n|rule|Species Clause: Limit one of each Pok\u00e9mon\n|rule|Item Clause: Limit 1 of each item\n|clearpoke\n|poke|p1|Gardevoir, L50, F|\n|poke|p1|Aerodactyl, L50, M|\n|poke|p1|Basculegion, L50, M|\n|poke|p1|Sneasler, L50, M|\n|poke|p1|Garchomp, L50, F|\n|poke|p1|Kingambit, L50, M|\n|poke|p2|Crabominable, L50, M|\n|poke|p2|Hatterene, L50, F|\n|poke|p2|Aegislash, L50, M|\n|poke|p2|Incineroar, L50, M|\n|poke|p2|Primarina, L50, M|\n|poke|p2|Slowking-Galar, L50, F|\n|teampreview|4\n|\n|t:|1776075932\n|teamsize|p1|4\n|teamsize|p2|4\n|start\n|switch|p1a: Gardevoir|Gardevoir, L50, F|100/100\n|switch|p1b: Aerodactyl|Aerodactyl, L50, M|100/100\n|switch|p2a: Hatterene|Hatterene, L50, F|100/100\n|switch|p2b: Incineroar|Incineroar, L50, M|100/100\n|-ability|p2b: Incineroar|Intimidate|boost\n|-unboost|p1a: Gardevoir|atk|1\n|-unboost|p1b: Aerodactyl|atk|1\n|turn|1\n|inactive|Battle timer is ON: inactive players will automatically lose when time's up. (requested by spreeding)\n|\n|t:|1776075964\n|detailschange|p1a: Gardevoir|Gardevoir-Mega, L50, F\n|-mega|p1a: Gardevoir|Gardevoir|Gardevoirite\n|move|p2b: Incineroar|Fake Out|p1b: Aerodactyl\n|-resisted|p1b: Aerodactyl|1\n|-damage|p1b: Aerodactyl|90/100\n|cant|p1b: Aerodactyl|flinch\n|move|p1a: Gardevoir|Moonblast|p2a: Hatterene\n|-damage|p2a: Hatterene|29/100\n|move|p2a: Hatterene|Trick Room|p2a: Hatterene\n|-fieldstart|move: Trick Room|[of] p2a: Hatterene\n|\n|-heal|p2a: Hatterene|35/100|[from] item: Leftovers\n|upkeep\n|turn|2\n|\n|t:|1776075981\n|move|p1b: Aerodactyl|Protect|p1b: Aerodactyl\n|-singleturn|p1b: Aerodactyl|Protect\n|move|p2a: Hatterene|Dazzling Gleam|p1a: Gardevoir|[spread] p1a\n|-activate|p1b: Aerodactyl|move: Protect\n|-damage|p1a: Gardevoir|65/100\n|move|p2b: Incineroar|Parting Shot|p1a: Gardevoir\n|-unboost|p1a: Gardevoir|atk|1\n|-unboost|p1a: Gardevoir|spa|1\n|\n|t:|1776075991\n|switch|p2b: Aegislash|Aegislash, L50, M|100/100|[from] Parting Shot\n|move|p1a: Gardevoir|Calm Mind|p1a: Gardevoir\n|-boost|p1a: Gardevoir|spa|1\n|-boost|p1a: Gardevoir|spd|1\n|\n|-heal|p2a: Hatterene|41/100|[from] item: Leftovers\n|upkeep\n|turn|3\n|\n|t:|1776076015\n|move|p2a: Hatterene|Dazzling Gleam|p1b: Aerodactyl|[spread] p1a,p1b\n|-damage|p1a: Gardevoir|40/100\n|-damage|p1b: Aerodactyl|42/100\n|-formechange|p2b: Aegislash|Aegislash-Blade|\n|move|p2b: Aegislash|Poltergeist|p1a: Gardevoir\n|-activate|p1a: Gardevoir|move: Poltergeist|Gardevoirite\n|-supereffective|p1a: Gardevoir|1\n|-damage|p1a: Gardevoir|0 fnt\n|faint|p1a: Gardevoir\n|move|p1b: Aerodactyl|Rock Slide|p2b: Aegislash|[spread] p2b\n|-miss|p1b: Aerodactyl|p2a: Hatterene\n|-resisted|p2b: Aegislash|1\n|-damage|p2b: Aegislash|88/100\n|\n|-heal|p2a: Hatterene|47/100|[from] item: Leftovers\n|upkeep\n|\n|t:|1776076029\n|switch|p1a: Kingambit|Kingambit, L50, M|100/100\n|-activate|p1a: Kingambit|ability: Supreme Overlord\n|-start|p1a: Kingambit|fallen1|[silent]\n|turn|4\n|\n|t:|1776076038\n|switch|p2a: Incineroar|Incineroar, L50, M|100/100\n|-ability|p2a: Incineroar|Intimidate|boost\n|-unboost|p1a: Kingambit|atk|1\n|-unboost|p1b: Aerodactyl|atk|1\n|-formechange|p2b: Aegislash|Aegislash|\n|move|p2b: Aegislash|King's Shield|p2b: Aegislash\n|-singleturn|p2b: Aegislash|Protect\n|move|p1b: Aerodactyl|Protect|p1b: Aerodactyl\n|-singleturn|p1b: Aerodactyl|Protect\n|move|p1a: Kingambit|Iron Head|p2a: Incineroar\n|-resisted|p2a: Incineroar|1\n|-damage|p2a: Incineroar|86/100\n|\n|upkeep\n|turn|5\n|inactive|spreeding has 30 seconds left.\n|\n|t:|1776076065\n|switch|p1b: Garchomp|Garchomp, L50, F|100/100\n|move|p1a: Kingambit|Protect|p1a: Kingambit\n|-singleturn|p1a: Kingambit|Protect\n|-formechange|p2b: Aegislash|Aegislash-Blade|\n|move|p2b: Aegislash|Poltergeist|p1b: Garchomp\n|-activate|p1b: Garchomp|move: Poltergeist|Soft Sand\n|-damage|p1b: Garchomp|49/100\n|move|p2a: Incineroar|Will-O-Wisp|p1a: Kingambit\n|-activate|p1a: Kingambit|move: Protect\n|\n|-fieldend|move: Trick Room\n|upkeep\n|turn|6\n|inactive|storm93ita has 30 seconds left.\n|\n|t:|1776076094\n|-formechange|p2b: Aegislash|Aegislash|\n|move|p2b: Aegislash|King's Shield|p2b: Aegislash\n|-singleturn|p2b: Aegislash|Protect\n|move|p1b: Garchomp|Dragon Claw|p2a: Incineroar\n|-damage|p2a: Incineroar|52/100\n|move|p2a: Incineroar|Parting Shot|p1a: Kingambit\n|-unboost|p1a: Kingambit|atk|1\n|-unboost|p1a: Kingambit|spa|1\n|\n|t:|1776076105\n|switch|p2a: Crabominable|Crabominable, L50, M|100/100|[from] Parting Shot\n|move|p1a: Kingambit|Low Kick|p2a: Crabominable\n|-supereffective|p2a: Crabominable|1\n|-damage|p2a: Crabominable|52/100\n|\n|upkeep\n|turn|7\n|\n|t:|1776076116\n|-end|p1a: Kingambit|fallen1|[silent]\n|switch|p1a: Aerodactyl|Aerodactyl, L50, M|42/100\n|detailschange|p2a: Crabominable|Crabominable-Mega, L50, M\n|-mega|p2a: Crabominable|Crabominable|Crabominite\n|move|p2a: Crabominable|Protect|p2a: Crabominable\n|-singleturn|p2a: Crabominable|Protect\n|move|p1b: Garchomp|Earthquake|p2a: Crabominable|[spread] p2b\n|-activate|p2a: Crabominable|move: Protect\n|-immune|p1a: Aerodactyl\n|-supereffective|p2b: Aegislash|1\n|-damage|p2b: Aegislash|18/100\n|-formechange|p2b: Aegislash|Aegislash-Blade|\n|move|p2b: Aegislash|Poltergeist|p1b: Garchomp\n|-activate|p1b: Garchomp|move: Poltergeist|Soft Sand\n|-damage|p1b: Garchomp|0 fnt\n|faint|p1b: Garchomp\n|\n|upkeep\n|\n|t:|1776076131\n|switch|p1b: Kingambit|Kingambit, L50, M|100/100\n|-activate|p1b: Kingambit|ability: Supreme Overlord\n|-start|p1b: Kingambit|fallen2|[silent]\n|turn|8\n|\n|t:|1776076141\n|switch|p2a: Incineroar|Incineroar, L50, M|52/100\n|-ability|p2a: Incineroar|Intimidate|boost\n|-unboost|p1a: Aerodactyl|atk|1\n|-unboost|p1b: Kingambit|atk|1\n|-formechange|p2b: Aegislash|Aegislash|\n|move|p2b: Aegislash|King's Shield|p2b: Aegislash\n|-singleturn|p2b: Aegislash|Protect\n|move|p1b: Kingambit|Sucker Punch||[still]\n|-fail|p1b: Kingambit\n|move|p1a: Aerodactyl|Rock Slide|p2a: Incineroar|[spread] p2a\n|-activate|p2b: Aegislash|move: Protect\n|-supereffective|p2a: Incineroar|1\n|-damage|p2a: Incineroar|21/100\n|\n|upkeep\n|turn|9\n|\n|t:|1776076155\n|move|p1a: Aerodactyl|Protect|p1a: Aerodactyl\n|-singleturn|p1a: Aerodactyl|Protect\n|move|p1b: Kingambit|Protect|p1b: Kingambit\n|-singleturn|p1b: Kingambit|Protect\n|move|p2a: Incineroar|Will-O-Wisp|p1b: Kingambit\n|-activate|p1b: Kingambit|move: Protect\n|move|p2b: Aegislash|Rest|p2b: Aegislash\n|-status|p2b: Aegislash|slp|[from] move: Rest\n|-heal|p2b: Aegislash|100/100 slp|[silent]\n|-enditem|p2b: Aegislash|Chesto Berry|[eat]\n|-curestatus|p2b: Aegislash|slp|[msg]\n|\n|upkeep\n|turn|10\n|\n|t:|1776076176\n|move|p2b: Aegislash|King's Shield|p2b: Aegislash\n|-singleturn|p2b: Aegislash|Protect\n|move|p1a: Aerodactyl|Rock Slide|p2b: Aegislash|[spread] p2a\n|-activate|p2b: Aegislash|move: Protect\n|-supereffective|p2a: Incineroar|1\n|-damage|p2a: Incineroar|0 fnt\n|faint|p2a: Incineroar\n|move|p1b: Kingambit|Iron Head|p2b: Aegislash\n|-activate|p2b: Aegislash|move: Protect\n|-unboost|p1b: Kingambit|atk|1\n|\n|upkeep\n|\n|t:|1776076188\n|switch|p2a: Hatterene|Hatterene, L50, F|47/100\n|turn|11\n|\n|t:|1776076196\n|move|p1b: Kingambit|Sucker Punch|p2b: Aegislash\n|-supereffective|p2b: Aegislash|1\n|-damage|p2b: Aegislash|67/100\n|move|p1a: Aerodactyl|Dual Wingbeat|p2a: Hatterene\n|-damage|p2a: Hatterene|34/100\n|-damage|p2a: Hatterene|19/100\n|-hitcount|p2a: Hatterene|2\n|-formechange|p2b: Aegislash|Aegislash-Blade|\n|move|p2b: Aegislash|Poltergeist|p1a: Aerodactyl\n|-activate|p1a: Aerodactyl|move: Poltergeist|Focus Sash\n|-damage|p1a: Aerodactyl|0 fnt\n|faint|p1a: Aerodactyl\n|move|p2a: Hatterene|Trick Room|p2a: Hatterene\n|-fieldstart|move: Trick Room|[of] p2a: Hatterene\n|\n|-heal|p2a: Hatterene|25/100|[from] item: Leftovers\n|upkeep\n|turn|12\n|-message|storm93ita forfeited.\n|\n|win|spreeding\n|raw|storm93ita's rating: 1107 &rarr; <strong>1077</strong><br />(-30 for losing)\n|raw|spreeding's rating: 1043 &rarr; <strong>1083</strong><br />(+40 for winning)\n|l|\u2606storm93ita\n|player|p1|\n",
  "uploadtime": 1776076216,
  "views": 30,
  "formatid": "gen9championsvgc2026regma",
  "rating": 1077,
  "private": 0,
  "password": null
}