{
  "id": "gen9championsvgc2026regma-2581793179",
  "format": "[Gen 9 Champions] VGC 2026 Reg M-A",
  "players": [
    "Taylung",
    "OColaco"
  ],
  "log": "|j|\u2606Taylung\n|j|\u2606OColaco\n|t:|1776028851\n|gametype|doubles\n|player|p1|Taylung|102|1070\n|player|p2|OColaco|blackbelt-gen4dp|1029\n|gen|9\n|tier|[Gen 9 Champions] VGC 2026 Reg M-A\n|rated|\n|rule|Species Clause: Limit one of each Pok\u00e9mon\n|rule|Item Clause: Limit 1 of each item\n|clearpoke\n|poke|p1|Milotic, L50, M|\n|poke|p1|Pelipper, L50, M|\n|poke|p1|Venusaur, L50, M|\n|poke|p1|Dragonite, L50, M|\n|poke|p1|Empoleon, L50, F|\n|poke|p1|Chesnaught, L50, F|\n|poke|p2|Orthworm, L50, F|\n|poke|p2|Basculegion, L50, M|\n|poke|p2|Incineroar, L50, F|\n|poke|p2|Froslass, L50, F|\n|poke|p2|Garchomp, L50, F|\n|poke|p2|Sneasler, L50, F|\n|teampreview|4\n|\n|t:|1776028883\n|teamsize|p1|4\n|teamsize|p2|4\n|start\n|switch|p1a: Milotic|Milotic, L50, M|100/100\n|switch|p1b: Pelipper|Pelipper, L50, M|100/100\n|switch|p2a: Froslass|Froslass, L50, F|100/100\n|switch|p2b: Sneasler|Sneasler, L50, F|100/100\n|-weather|RainDance|[from] ability: Drizzle|[of] p1b: Pelipper\n|turn|1\n|\n|t:|1776028908\n|detailschange|p2a: Froslass|Froslass-Mega, L50, F\n|-mega|p2a: Froslass|Froslass|Froslassite\n|-weather|Snowscape|[from] ability: Snow Warning|[of] p2a: Froslass\n|move|p2b: Sneasler|Fake Out|p1b: Pelipper\n|-damage|p1b: Pelipper|83/100\n|move|p2a: Froslass|Blizzard|p1b: Pelipper|[spread] p1a,p1b\n|-resisted|p1a: Milotic|1\n|-damage|p1a: Milotic|80/100\n|-damage|p1b: Pelipper|22/100\n|move|p1a: Milotic|Life Dew|p1a: Milotic|[spread] p1a,p1b\n|-heal|p1a: Milotic|100/100\n|-heal|p1b: Pelipper|47/100\n|cant|p1b: Pelipper|flinch\n|\n|-weather|Snowscape|[upkeep]\n|upkeep\n|turn|2\n|\n|t:|1776028936\n|switch|p1b: Empoleon|Empoleon, L50, F|100/100\n|move|p1a: Milotic|Protect|p1a: Milotic\n|-singleturn|p1a: Milotic|Protect\n|move|p2b: Sneasler|Dire Claw|p1a: Milotic\n|-activate|p1a: Milotic|move: Protect\n|move|p2a: Froslass|Blizzard|p1a: Milotic|[spread] p1b\n|-activate|p1a: Milotic|move: Protect\n|-resisted|p1b: Empoleon|2\n|-damage|p1b: Empoleon|88/100\n|\n|-weather|Snowscape|[upkeep]\n|upkeep\n|turn|3\n|\n|t:|1776028959\n|move|p2a: Froslass|Protect|p2a: Froslass\n|-singleturn|p2a: Froslass|Protect\n|move|p2b: Sneasler|Protect|p2b: Sneasler\n|-singleturn|p2b: Sneasler|Protect\n|move|p1a: Milotic|Scald|p2b: Sneasler\n|-activate|p2b: Sneasler|move: Protect\n|move|p1b: Empoleon|Flash Cannon|p2a: Froslass\n|-activate|p2a: Froslass|move: Protect\n|\n|-weather|Snowscape|[upkeep]\n|upkeep\n|turn|4\n|\n|t:|1776028988\n|switch|p2a: Garchomp|Garchomp, L50, F|100/100\n|switch|p1b: Pelipper|Pelipper, L50, M|47/100\n|-weather|RainDance|[from] ability: Drizzle|[of] p1b: Pelipper\n|move|p2b: Sneasler|Close Combat|p1b: Pelipper\n|-resisted|p1b: Pelipper|1\n|-damage|p1b: Pelipper|12/100\n|-unboost|p2b: Sneasler|def|1\n|-unboost|p2b: Sneasler|spd|1\n|move|p1a: Milotic|Life Dew||[still]|[spread] p1a,p1b\n|-fail|p1a: Milotic|heal\n|-heal|p1b: Pelipper|38/100\n|\n|-weather|RainDance|[upkeep]\n|upkeep\n|turn|5\n|\n|t:|1776029019\n|move|p2a: Garchomp|Protect|p2a: Garchomp\n|-singleturn|p2a: Garchomp|Protect\n|move|p2b: Sneasler|Dire Claw|p1a: Milotic\n|-damage|p1a: Milotic|61/100\n|move|p1a: Milotic|Ice Beam|p2a: Garchomp\n|-activate|p2a: Garchomp|move: Protect\n|move|p1b: Pelipper|Hurricane|p2b: Sneasler\n|-supereffective|p2b: Sneasler|1\n|-enditem|p2b: Sneasler|Focus Sash\n|-damage|p2b: Sneasler|1/100\n|-start|p2b: Sneasler|confusion\n|\n|-weather|RainDance|[upkeep]\n|-heal|p1a: Milotic|67/100|[from] item: Leftovers\n|upkeep\n|turn|6\n|\n|t:|1776029050\n|move|p1b: Pelipper|Protect|p1b: Pelipper\n|-singleturn|p1b: Pelipper|Protect\n|-activate|p2b: Sneasler|confusion\n|move|p2b: Sneasler|Close Combat|p1a: Milotic\n|-damage|p1a: Milotic|10/100\n|-unboost|p2b: Sneasler|def|1\n|-unboost|p2b: Sneasler|spd|1\n|move|p2a: Garchomp|Rock Slide|p1b: Pelipper|[spread] p1a\n|-activate|p1b: Pelipper|move: Protect\n|-damage|p1a: Milotic|0 fnt\n|faint|p1a: Milotic\n|\n|-weather|RainDance|[upkeep]\n|upkeep\n|\n|t:|1776029065\n|switch|p1a: Dragonite|Dragonite, L50, M|100/100\n|turn|7\n|\n|t:|1776029077\n|detailschange|p1a: Dragonite|Dragonite-Mega, L50, M\n|-mega|p1a: Dragonite|Dragonite|Dragoninite\n|-activate|p2b: Sneasler|confusion\n|-damage|p2b: Sneasler|0 fnt|[from] confusion\n|faint|p2b: Sneasler\n|move|p2a: Garchomp|Dragon Claw|p1a: Dragonite\n|-supereffective|p1a: Dragonite|1\n|-crit|p1a: Dragonite\n|-damage|p1a: Dragonite|43/100\n|move|p1a: Dragonite|Hurricane|p2a: Garchomp\n|-damage|p2a: Garchomp|33/100\n|move|p1b: Pelipper|Hurricane|p2a: Garchomp\n|-damage|p2a: Garchomp|0 fnt\n|faint|p2a: Garchomp\n|\n|-weather|RainDance|[upkeep]\n|upkeep\n|\n|t:|1776029095\n|switch|p2b: Basculegion|Basculegion, L50, M|100/100\n|switch|p2a: Froslass|Froslass-Mega, L50, F|100/100\n|-weather|Snowscape|[from] ability: Snow Warning|[of] p2a: Froslass\n|turn|8\n|\n|t:|1776029116\n|switch|p1a: Empoleon|Empoleon, L50, F|88/100\n|move|p1b: Pelipper|Protect|p1b: Pelipper\n|-singleturn|p1b: Pelipper|Protect\n|move|p2b: Basculegion|Aqua Jet|p1a: Empoleon\n|-resisted|p1a: Empoleon|1\n|-damage|p1a: Empoleon|75/100\n|move|p2a: Froslass|Blizzard|p1a: Empoleon|[spread] p1a\n|-activate|p1b: Pelipper|move: Protect\n|-resisted|p1a: Empoleon|2\n|-damage|p1a: Empoleon|62/100\n|\n|-weather|Snowscape|[upkeep]\n|upkeep\n|turn|9\n|\n|t:|1776029141\n|switch|p1b: Dragonite|Dragonite-Mega, L50, M|43/100\n|move|p2a: Froslass|Protect|p2a: Froslass\n|-singleturn|p2a: Froslass|Protect\n|move|p2b: Basculegion|Aqua Jet|p1b: Dragonite\n|-resisted|p1b: Dragonite|1\n|-crit|p1b: Dragonite\n|-damage|p1b: Dragonite|25/100\n|move|p1a: Empoleon|Flash Cannon|p2a: Froslass\n|-activate|p2a: Froslass|move: Protect\n|\n|-weather|Snowscape|[upkeep]\n|upkeep\n|turn|10\n|\n|t:|1776029164\n|switch|p1b: Pelipper|Pelipper, L50, M|38/100\n|-weather|RainDance|[from] ability: Drizzle|[of] p1b: Pelipper\n|move|p2b: Basculegion|Aqua Jet|p1a: Empoleon\n|-resisted|p1a: Empoleon|1\n|-damage|p1a: Empoleon|43/100\n|move|p2a: Froslass|Blizzard|p1b: Pelipper|[spread] p1b\n|-miss|p2a: Froslass|p1a: Empoleon\n|-damage|p1b: Pelipper|0 fnt\n|faint|p1b: Pelipper\n|move|p1a: Empoleon|Flash Cannon|p2a: Froslass\n|-supereffective|p2a: Froslass|1\n|-damage|p2a: Froslass|1/100\n|\n|-weather|RainDance|[upkeep]\n|upkeep\n|\n|t:|1776029181\n|switch|p1b: Dragonite|Dragonite-Mega, L50, M|25/100\n|turn|11\n|\n|t:|1776029188\n|move|p2b: Basculegion|Aqua Jet|p1b: Dragonite\n|-resisted|p1b: Dragonite|1\n|-damage|p1b: Dragonite|8/100\n|move|p2a: Froslass|Shadow Ball|p1a: Empoleon\n|-damage|p1a: Empoleon|0 fnt\n|faint|p1a: Empoleon\n|move|p1b: Dragonite|Thunder|p2b: Basculegion\n|-supereffective|p2b: Basculegion|1\n|-damage|p2b: Basculegion|7/100\n|\n|-weather|RainDance|[upkeep]\n|upkeep\n|turn|12\n|\n|t:|1776029205\n|move|p2b: Basculegion|Aqua Jet|p1b: Dragonite\n|-resisted|p1b: Dragonite|1\n|-damage|p1b: Dragonite|0 fnt\n|faint|p1b: Dragonite\n|\n|win|OColaco\n|raw|Taylung's rating: 1070 &rarr; <strong>1047</strong><br />(-23 for losing)\n|raw|OColaco's rating: 1029 &rarr; <strong>1069</strong><br />(+40 for winning)\n|l|\u2606Taylung\n|player|p1|\n",
  "uploadtime": 1776029212,
  "views": 20,
  "formatid": "gen9championsvgc2026regma",
  "rating": 1047,
  "private": 0,
  "password": null
}