{
  "id": "gen9championsvgc2026regma-2588579284",
  "format": "[Gen 9 Champions] VGC 2026 Reg M-A",
  "players": [
    "terratron",
    "Emmannuelle"
  ],
  "log": "|j|\u2606terratron\n|j|\u2606Emmannuelle\n|t:|1776646875\n|gametype|doubles\n|player|p1|terratron|bruno|1452\n|player|p2|Emmannuelle|169|1470\n|gen|9\n|tier|[Gen 9 Champions] VGC 2026 Reg M-A\n|rated|\n|rule|Species Clause: Limit one of each Pok\u00e9mon\n|rule|Item Clause: Limit 1 of each item\n|clearpoke\n|poke|p1|Farigiraf, L50, M|\n|poke|p1|Corviknight, L50, F|\n|poke|p1|Tyranitar, L50, F|\n|poke|p1|Excadrill, L50, M|\n|poke|p1|Gyarados, L50, F|\n|poke|p1|Meganium, L50, M|\n|poke|p2|Gengar, L50, M|\n|poke|p2|Blastoise, L50, M|\n|poke|p2|Ninetales-Alola, L50, F|\n|poke|p2|Corviknight, L50, M|\n|poke|p2|Kommo-o, L50, F|\n|poke|p2|Incineroar, L50, F|\n|teampreview|4\n|inactive|Battle timer is ON: inactive players will automatically lose when time's up. (requested by terratron)\n|inactive|terratron has 60 seconds left.\n|inactive|Emmannuelle has 60 seconds left.\n|inactive|terratron has 30 seconds left.\n|\n|t:|1776646940\n|teamsize|p1|4\n|teamsize|p2|4\n|start\n|switch|p1a: Tyranitar|Tyranitar, L50, F|100/100\n|switch|p1b: Excadrill|Excadrill, L50, M|100/100\n|switch|p2a: Corviknight|Corviknight, L50, M|100/100\n|switch|p2b: Incineroar|Incineroar, L50, F|100/100\n|-ability|p2a: Corviknight|Unnerve\n|-ability|p2b: Incineroar|Intimidate|boost\n|-unboost|p1a: Tyranitar|atk|1\n|-unboost|p1b: Excadrill|atk|1\n|-weather|Sandstorm|[from] ability: Sand Stream|[of] p1a: Tyranitar\n|turn|1\n|\n|t:|1776646957\n|switch|p1a: Farigiraf|Farigiraf, L50, M|100/100\n|move|p2b: Incineroar|Fake Out||[still]\n|cant|p1a: Farigiraf|ability: Armor Tail|Fake Out|[of] p2b: Incineroar\n|move|p1b: Excadrill|High Horsepower|p2b: Incineroar\n|-supereffective|p2b: Incineroar|1\n|-damage|p2b: Incineroar|40/100\n|move|p2a: Corviknight|Bulk Up|p2a: Corviknight\n|-boost|p2a: Corviknight|atk|1\n|-boost|p2a: Corviknight|def|1\n|\n|-weather|Sandstorm|[upkeep]\n|-damage|p2b: Incineroar|34/100|[from] Sandstorm\n|-damage|p1a: Farigiraf|94/100|[from] Sandstorm\n|upkeep\n|turn|2\n|\n|t:|1776646972\n|switch|p2b: Blastoise|Blastoise, L50, M|100/100\n|move|p1a: Farigiraf|Ally Switch|p1a: Farigiraf\n|swap|p1a: Farigiraf|1|[from] move: Ally Switch\n|move|p1a: Excadrill|High Horsepower|p2b: Blastoise\n|-damage|p2b: Blastoise|67/100\n|move|p2a: Corviknight|Bulk Up|p2a: Corviknight\n|-boost|p2a: Corviknight|atk|1\n|-boost|p2a: Corviknight|def|1\n|\n|-weather|Sandstorm|[upkeep]\n|-damage|p2b: Blastoise|61/100|[from] Sandstorm\n|-damage|p1b: Farigiraf|88/100|[from] Sandstorm\n|upkeep\n|turn|3\n|\n|t:|1776646991\n|switch|p1b: Meganium|Meganium, L50, M|100/100\n|move|p1a: Excadrill|Rock Slide|p2b: Blastoise|[spread] p2a,p2b\n|-damage|p2a: Corviknight|94/100\n|-damage|p2b: Blastoise|48/100\n|-enditem|p2b: Blastoise|Sitrus Berry|[eat]\n|-heal|p2b: Blastoise|73/100|[from] item: Sitrus Berry\n|cant|p2b: Blastoise|flinch\n|cant|p2a: Corviknight|flinch\n|\n|-weather|Sandstorm|[upkeep]\n|-damage|p1b: Meganium|95/100|[from] Sandstorm\n|-damage|p2b: Blastoise|67/100|[from] Sandstorm\n|upkeep\n|turn|4\n|\n|t:|1776647008\n|detailschange|p1b: Meganium|Meganium-Mega, L50, M\n|-mega|p1b: Meganium|Meganium|Meganiumite\n|move|p1a: Excadrill|High Horsepower|p2b: Blastoise\n|-damage|p2b: Blastoise|35/100\n|move|p1b: Meganium|Weather Ball|p2a: Corviknight\n|-supereffective|p2a: Corviknight|1\n|-damage|p2a: Corviknight|19/100\n|move|p2b: Blastoise|Flip Turn|p1a: Excadrill\n|-supereffective|p1a: Excadrill|1\n|-damage|p1a: Excadrill|52/100\n|\n|t:|1776647019\n|switch|p2b: Gengar|Gengar, L50, M|100/100|[from] Flip Turn\n|move|p2a: Corviknight|Roost|p2a: Corviknight\n|-heal|p2a: Corviknight|69/100\n|-singleturn|p2a: Corviknight|move: Roost\n|\n|-weather|Sandstorm|[upkeep]\n|-damage|p2b: Gengar|95/100|[from] Sandstorm\n|-damage|p1b: Meganium|89/100|[from] Sandstorm\n|upkeep\n|turn|5\n|\n|t:|1776647033\n|detailschange|p2b: Gengar|Gengar-Mega, L50, M\n|-mega|p2b: Gengar|Gengar|Gengarite\n|move|p1a: Excadrill|High Horsepower|p2b: Gengar\n|-supereffective|p2b: Gengar|1\n|-damage|p2b: Gengar|7/100\n|move|p2b: Gengar|Sludge Bomb|p1b: Meganium\n|-supereffective|p1b: Meganium|2\n|-damage|p1b: Meganium|0 fnt\n|faint|p1b: Meganium\n|move|p2a: Corviknight|Body Press|p1a: Excadrill\n|-supereffective|p1a: Excadrill|1\n|-damage|p1a: Excadrill|0 fnt\n|faint|p1a: Excadrill\n|\n|-weather|none\n|upkeep\n|\n|t:|1776647039\n|switch|p1a: Tyranitar|Tyranitar, L50, F|100/100\n|switch|p1b: Farigiraf|Farigiraf, L50, M|88/100\n|-weather|Sandstorm|[from] ability: Sand Stream|[of] p1a: Tyranitar\n|turn|6\n|inactive|Emmannuelle has 30 seconds left.\n|\n|t:|1776647065\n|move|p1b: Farigiraf|Ally Switch|p1b: Farigiraf\n|swap|p1b: Farigiraf|0|[from] move: Ally Switch\n|move|p2b: Gengar|Sludge Bomb|p1b: Tyranitar\n|-resisted|p1b: Tyranitar|1\n|-damage|p1b: Tyranitar|87/100\n|move|p2a: Corviknight|Body Press|p1a: Farigiraf\n|-damage|p1a: Farigiraf|55/100\n|move|p1b: Tyranitar|Rock Slide|p2b: Gengar|[spread] p2a,p2b\n|-damage|p2a: Corviknight|56/100\n|-damage|p2b: Gengar|0 fnt\n|faint|p2b: Gengar\n|\n|-weather|Sandstorm|[upkeep]\n|-damage|p1a: Farigiraf|49/100|[from] Sandstorm\n|upkeep\n|\n|t:|1776647075\n|switch|p2b: Incineroar|Incineroar, L50, F|34/100\n|-ability|p2b: Incineroar|Intimidate|boost\n|-unboost|p1a: Farigiraf|atk|1\n|-unboost|p1b: Tyranitar|atk|1\n|turn|7\n|\n|t:|1776647081\n|switch|p2b: Blastoise|Blastoise, L50, M|35/100\n|move|p1a: Farigiraf|Ally Switch|p1a: Farigiraf\n|swap|p1a: Farigiraf|1|[from] move: Ally Switch\n|move|p2a: Corviknight|Roost|p2a: Corviknight\n|-heal|p2a: Corviknight|100/100\n|-singleturn|p2a: Corviknight|move: Roost\n|move|p1a: Tyranitar|Rock Slide|p2a: Corviknight|[spread] p2a,p2b\n|-resisted|p2a: Corviknight|1\n|-damage|p2a: Corviknight|96/100\n|-damage|p2b: Blastoise|16/100\n|\n|-weather|Sandstorm|[upkeep]\n|-damage|p2b: Blastoise|10/100|[from] Sandstorm\n|-damage|p1b: Farigiraf|43/100|[from] Sandstorm\n|upkeep\n|turn|8\n|\n|t:|1776647094\n|switch|p2b: Incineroar|Incineroar, L50, F|34/100\n|-ability|p2b: Incineroar|Intimidate|boost\n|-unboost|p1a: Tyranitar|atk|1\n|-unboost|p1b: Farigiraf|atk|1\n|move|p2a: Corviknight|Body Press|p1a: Tyranitar\n|-supereffective|p1a: Tyranitar|2\n|-damage|p1a: Tyranitar|0 fnt\n|faint|p1a: Tyranitar\n|move|p1b: Farigiraf|Trick Room|p1b: Farigiraf\n|-fieldstart|move: Trick Room|[of] p1b: Farigiraf\n|\n|-weather|Sandstorm|[upkeep]\n|-damage|p1b: Farigiraf|37/100|[from] Sandstorm\n|-damage|p2b: Incineroar|28/100|[from] Sandstorm\n|upkeep\n|turn|9\n|\n|t:|1776647110\n|move|p1b: Farigiraf|Imprison|p1b: Farigiraf\n|-start|p1b: Farigiraf|move: Imprison\n|move|p2b: Incineroar|Throat Chop|p1b: Farigiraf\n|-supereffective|p1b: Farigiraf|1\n|-damage|p1b: Farigiraf|0 fnt\n|faint|p1b: Farigiraf\n|\n|win|Emmannuelle\n|raw|terratron's rating: 1452 &rarr; <strong>1433</strong><br />(-19 for losing)\n|raw|Emmannuelle's rating: 1470 &rarr; <strong>1489</strong><br />(+19 for winning)\n|l|\u2606Emmannuelle\n|player|p2|\n|l|\u2606terratron\n|player|p1|\n",
  "uploadtime": 1776647129,
  "views": 10,
  "formatid": "gen9championsvgc2026regma",
  "rating": 1433,
  "private": 0,
  "password": null
}