{
  "id": "gen9championsvgc2026regma-2585854316",
  "format": "[Gen 9 Champions] VGC 2026 Reg M-A",
  "players": [
    "Grade a type b",
    "KinkyKnives"
  ],
  "log": "|j|\u2606Grade a type b\n|j|\u2606KinkyKnives\n|t:|1776375739\n|gametype|doubles\n|player|p1|Grade a type b|170|1141\n|player|p2|KinkyKnives|cynthia|1117\n|gen|9\n|tier|[Gen 9 Champions] VGC 2026 Reg M-A\n|rated|\n|rule|Species Clause: Limit one of each Pok\u00e9mon\n|rule|Item Clause: Limit 1 of each item\n|clearpoke\n|poke|p1|Charizard, L50, F|\n|poke|p1|Rotom-Wash, L50|\n|poke|p1|Garchomp, L50, F|\n|poke|p1|Gardevoir, L50, M|\n|poke|p1|Venusaur, L50, F|\n|poke|p1|Aegislash, L50, F|\n|poke|p2|Mimikyu, L50, M|\n|poke|p2|Crabominable, L50, F|\n|poke|p2|Sinistcha, L50|\n|poke|p2|Primarina, L50, M|\n|poke|p2|Incineroar, L50, M|\n|poke|p2|Kingambit, L50, F|\n|teampreview|4\n|inactive|Battle timer is ON: inactive players will automatically lose when time's up. (requested by Grade a type b)\n|l|\u2606Grade a type b\n|inactive|Grade a type b disconnected and has a minute to reconnect!\n|player|p1|\n|j|\u2606Grade a type b\n|inactive|Grade a type b reconnected and has 70 seconds left.\n|player|p1|Grade a type b|170|\n|inactive|Grade a type b has 60 seconds left.\n|\n|t:|1776375794\n|teamsize|p1|4\n|teamsize|p2|4\n|start\n|switch|p1a: Charizard|Charizard, L50, F|100/100\n|switch|p1b: Venusaur|Venusaur, L50, F|100/100\n|switch|p2a: Mimikyu|Mimikyu, L50, M|100/100\n|switch|p2b: Incineroar|Incineroar, L50, M|100/100\n|-ability|p2b: Incineroar|Intimidate|boost\n|-unboost|p1a: Charizard|atk|1\n|-unboost|p1b: Venusaur|atk|1\n|turn|1\n|\n|t:|1776375812\n|switch|p1b: Garchomp|Garchomp, L50, F|100/100\n|detailschange|p1a: Charizard|Charizard-Mega-Y, L50, F\n|-mega|p1a: Charizard|Charizard|Charizardite Y\n|-weather|SunnyDay|[from] ability: Drought|[of] p1a: Charizard\n|move|p2b: Incineroar|Fake Out|p1b: Garchomp\n|-damage|p1b: Garchomp|90/100\n|-damage|p2b: Incineroar|88/100|[from] ability: Rough Skin|[of] p1b: Garchomp\n|move|p1a: Charizard|Heat Wave|p2a: Mimikyu|[spread] p2a,p2b\n|-resisted|p2b: Incineroar|1\n|-activate|p2a: Mimikyu|ability: Disguise\n|-damage|p2a: Mimikyu|100/100\n|-damage|p2b: Incineroar|63/100\n|detailschange|p2a: Mimikyu|Mimikyu-Busted, L50, M\n|-damage|p2a: Mimikyu|88/100|[from] pokemon: Mimikyu-Busted\n|move|p2a: Mimikyu|Trick Room|p2a: Mimikyu\n|-fieldstart|move: Trick Room|[of] p2a: Mimikyu\n|\n|-weather|SunnyDay|[upkeep]\n|upkeep\n|turn|2\n|\n|t:|1776375833\n|move|p2b: Incineroar|Parting Shot|p1a: Charizard\n|-unboost|p1a: Charizard|atk|1\n|-unboost|p1a: Charizard|spa|1\n|\n|t:|1776375838\n|switch|p2b: Primarina|Primarina, L50, M|100/100|[from] Parting Shot\n|move|p2a: Mimikyu|Will-O-Wisp|p1b: Garchomp|[miss]\n|-miss|p2a: Mimikyu|p1b: Garchomp\n|move|p1a: Charizard|Heat Wave|p2a: Mimikyu|[spread] p2a,p2b\n|-resisted|p2b: Primarina|1\n|-damage|p2a: Mimikyu|52/100\n|-damage|p2b: Primarina|84/100\n|move|p1b: Garchomp|Earthquake|p2a: Mimikyu|[spread] p2a,p2b\n|-immune|p1a: Charizard\n|-damage|p2a: Mimikyu|5/100\n|-damage|p2b: Primarina|40/100\n|\n|-weather|SunnyDay|[upkeep]\n|upkeep\n|turn|3\n|l|\u2606Grade a type b\n|inactive|Grade a type b disconnected and has a minute to reconnect!\n|player|p1|\n|\n|t:|1776375862\n|move|p1a: Charizard|Protect|p1a: Charizard\n|-singleturn|p1a: Charizard|Protect\n|move|p1b: Garchomp|Protect|p1b: Garchomp\n|-singleturn|p1b: Garchomp|Protect\n|move|p2b: Primarina|Hyper Voice|p1b: Garchomp|[spread] \n|-activate|p1a: Charizard|move: Protect\n|-activate|p1b: Garchomp|move: Protect\n|move|p2a: Mimikyu|Play Rough|p1b: Garchomp\n|-activate|p1b: Garchomp|move: Protect\n|\n|-weather|SunnyDay|[upkeep]\n|upkeep\n|turn|4\n|j|\u2606Grade a type b\n|inactive|Grade a type b reconnected and has 55 seconds left.\n|player|p1|Grade a type b|170|\n|n|\u2606Grade a type b|gradeatypeb\n|\n|t:|1776375883\n|move|p1a: Charizard|Protect||[still]\n|-fail|p1a: Charizard\n|move|p1b: Garchomp|Protect||[still]\n|-fail|p1b: Garchomp\n|move|p2b: Primarina|Hyper Voice|p1b: Garchomp|[spread] p1a,p1b\n|-supereffective|p1a: Charizard|1\n|-damage|p1a: Charizard|57/100\n|-damage|p1b: Garchomp|66/100\n|move|p2a: Mimikyu|Play Rough|p1b: Garchomp\n|-supereffective|p1b: Garchomp|1\n|-damage|p1b: Garchomp|13/100\n|-damage|p2a: Mimikyu|0 fnt|[from] ability: Rough Skin|[of] p1b: Garchomp\n|faint|p2a: Mimikyu\n|\n|-weather|SunnyDay|[upkeep]\n|upkeep\n|\n|t:|1776375900\n|switch|p2a: Crabominable|Crabominable, L50, F|100/100\n|turn|5\n|\n|t:|1776375913\n|detailschange|p2a: Crabominable|Crabominable-Mega, L50, F\n|-mega|p2a: Crabominable|Crabominable|Crabominite\n|move|p1a: Charizard|Protect|p1a: Charizard\n|-singleturn|p1a: Charizard|Protect\n|move|p1b: Garchomp|Protect|p1b: Garchomp\n|-singleturn|p1b: Garchomp|Protect\n|move|p2a: Crabominable|Thunder Punch|p1a: Charizard\n|-activate|p1a: Charizard|move: Protect\n|move|p2b: Primarina|Hyper Voice|p1b: Garchomp|[spread] \n|-activate|p1a: Charizard|move: Protect\n|-activate|p1b: Garchomp|move: Protect\n|\n|-weather|none\n|-fieldend|move: Trick Room\n|upkeep\n|turn|6\n|\n|t:|1776375931\n|switch|p2a: Incineroar|Incineroar, L50, M|63/100\n|-ability|p2a: Incineroar|Intimidate|boost\n|-unboost|p1a: Charizard|atk|1\n|-unboost|p1b: Garchomp|atk|1\n|move|p1b: Garchomp|Earthquake|p2a: Incineroar|[spread] p2a,p2b\n|-immune|p1a: Charizard\n|-supereffective|p2a: Incineroar|1\n|-damage|p2a: Incineroar|15/100\n|-damage|p2b: Primarina|11/100\n|-enditem|p2a: Incineroar|Sitrus Berry|[eat]\n|-heal|p2a: Incineroar|40/100|[from] item: Sitrus Berry\n|move|p1a: Charizard|Heat Wave|p2b: Primarina|[spread] p2b\n|-miss|p1a: Charizard|p2a: Incineroar\n|-resisted|p2b: Primarina|1\n|-damage|p2b: Primarina|0 fnt\n|faint|p2b: Primarina\n|\n|upkeep\n|\n|t:|1776375946\n|switch|p2b: Crabominable|Crabominable-Mega, L50, F|100/100\n|turn|7\n|l|\u2606Grade a type b\n|inactive|Grade a type b disconnected and has a minute to reconnect!\n|player|p1|\n|inactive|Grade a type b has 30 seconds left.\n|j|\u2606Grade a type b\n|inactive|Grade a type b reconnected and has 30 seconds left.\n|player|p1|Grade a type b|170|\n|inactive|Grade a type b has 20 seconds left.\n|\n|t:|1776375983\n|switch|p1b: Gardevoir|Gardevoir, L50, M|100/100\n|switch|p1a: Venusaur|Venusaur, L50, F|100/100\n|move|p2a: Incineroar|Fake Out|p1b: Gardevoir\n|-damage|p1b: Gardevoir|81/100\n|move|p2b: Crabominable|Thunder Punch|p1a: Venusaur\n|-resisted|p1a: Venusaur|1\n|-damage|p1a: Venusaur|72/100\n|\n|upkeep\n|turn|8\n|l|\u2606Grade a type b\n|inactive|Grade a type b disconnected and has a minute to reconnect!\n|player|p1|\n|inactive|Grade a type b has 30 seconds left.\n|j|\u2606Grade a type b\n|inactive|Grade a type b reconnected and has 30 seconds left.\n|player|p1|Grade a type b|170|\n|\n|t:|1776376017\n|move|p1b: Gardevoir|Focus Blast|p2a: Incineroar|[miss]\n|-miss|p1b: Gardevoir|p2a: Incineroar\n|move|p1a: Venusaur|Sleep Powder|p2b: Crabominable\n|-status|p2b: Crabominable|slp|[from] move: Sleep Powder\n|move|p2a: Incineroar|Parting Shot|p1a: Venusaur\n|-unboost|p1a: Venusaur|atk|1\n|-unboost|p1a: Venusaur|spa|1\n|cant|p2b: Crabominable|slp\n|\n|upkeep\n|turn|9\n|-message|KinkyKnives forfeited.\n|\n|win|Grade a type b\n|raw|Grade a type b's rating: 1141 &rarr; <strong>1164</strong><br />(+23 for winning)\n|raw|KinkyKnives's rating: 1117 &rarr; <strong>1094</strong><br />(-23 for losing)\n|l|\u2606KinkyKnives\n|player|p2|\n",
  "uploadtime": 1776376038,
  "views": 22,
  "formatid": "gen9championsvgc2026regma",
  "rating": 1094,
  "private": 0,
  "password": null
}