{
  "id": "gen9championsvgc2026regma-2585609718",
  "format": "[Gen 9 Champions] VGC 2026 Reg M-A",
  "players": [
    "outofthebox215",
    "Stringskipper"
  ],
  "log": "|j|\u2606outofthebox215\n|j|\u2606Stringskipper\n|t:|1776358689\n|gametype|doubles\n|player|p1|outofthebox215|102|1147\n|player|p2|Stringskipper|benga|1215\n|gen|9\n|tier|[Gen 9 Champions] VGC 2026 Reg M-A\n|rated|\n|rule|Species Clause: Limit one of each Pok\u00e9mon\n|rule|Item Clause: Limit 1 of each item\n|clearpoke\n|poke|p1|Tyranitar, L50, F|\n|poke|p1|Starmie, L50|\n|poke|p1|Gyarados, L50, F|\n|poke|p1|Runerigus, L50, F|\n|poke|p1|Armarouge, L50, M|\n|poke|p1|Gliscor, L50, M|\n|poke|p2|Charizard, L50, F|\n|poke|p2|Venusaur, L50, F|\n|poke|p2|Garchomp, L50, M|\n|poke|p2|Rotom-Wash, L50|\n|poke|p2|Sneasler, L50, M|\n|poke|p2|Whimsicott, L50, F|\n|teampreview|4\n|inactive|Battle timer is ON: inactive players will automatically lose when time's up. (requested by outofthebox215)\n|\n|t:|1776358769\n|teamsize|p1|4\n|teamsize|p2|4\n|start\n|switch|p1a: Armarouge|Armarouge, L50, M, shiny|100/100\n|switch|p1b: Runerigus|Runerigus, L50, F, shiny|100/100\n|switch|p2a: Garchomp|Garchomp, L50, M|100/100\n|switch|p2b: Sneasler|Sneasler, L50, M|100/100\n|turn|1\n|inactive|outofthebox215 has 30 seconds left.\n|\n|t:|1776358801\n|move|p2b: Sneasler|Protect|p2b: Sneasler\n|-singleturn|p2b: Sneasler|Protect\n|move|p1a: Armarouge|Wide Guard|p1a: Armarouge\n|-singleturn|p1a: Armarouge|Wide Guard\n|move|p2a: Garchomp|Earthquake|p1b: Runerigus|[spread] \n|-activate|p1a: Armarouge|move: Wide Guard\n|-activate|p1b: Runerigus|move: Wide Guard\n|-activate|p2b: Sneasler|move: Protect\n|move|p1b: Runerigus|Trick Room|p1b: Runerigus\n|-fieldstart|move: Trick Room|[of] p1b: Runerigus\n|\n|upkeep\n|turn|2\n|inactive|Stringskipper has 30 seconds left.\n|inactive|Stringskipper has 20 seconds left.\n|inactive|Stringskipper has 15 seconds left.\n|inactive|Stringskipper has 10 seconds left.\n|\n|t:|1776358847\n|move|p2b: Sneasler|Protect||[still]\n|-fail|p2b: Sneasler\n|move|p1b: Runerigus|Poltergeist|p2a: Garchomp\n|-activate|p2a: Garchomp|move: Poltergeist|Yache Berry\n|-crit|p2a: Garchomp\n|-damage|p2a: Garchomp|21/100\n|move|p1a: Armarouge|Heat Wave|p2b: Sneasler|[spread] p2a,p2b\n|-resisted|p2a: Garchomp|1\n|-damage|p2a: Garchomp|3/100\n|-damage|p2b: Sneasler|54/100\n|move|p2a: Garchomp|Dragon Claw|p1a: Armarouge\n|-damage|p1a: Armarouge|70/100\n|\n|upkeep\n|turn|3\n|\n|t:|1776358867\n|move|p2a: Garchomp|Protect|p2a: Garchomp\n|-singleturn|p2a: Garchomp|Protect\n|move|p2b: Sneasler|Protect|p2b: Sneasler\n|-singleturn|p2b: Sneasler|Protect\n|move|p1a: Armarouge|Wide Guard|p1a: Armarouge\n|-singleturn|p1a: Armarouge|Wide Guard\n|move|p1b: Runerigus|Earthquake|p2a: Garchomp|[spread] \n|-activate|p1a: Armarouge|move: Wide Guard\n|-activate|p2a: Garchomp|move: Protect\n|-activate|p2b: Sneasler|move: Protect\n|\n|upkeep\n|turn|4\n|inactive|Stringskipper has 30 seconds left.\n|inactive|Stringskipper has 20 seconds left.\n|inactive|Stringskipper has 15 seconds left.\n|inactive|Stringskipper has 10 seconds left.\n|inactive|Stringskipper has 5 seconds left.\n|\n|t:|1776358920\n|move|p1a: Armarouge|Wide Guard|p1a: Armarouge\n|-singleturn|p1a: Armarouge|Wide Guard\n|move|p1b: Runerigus|Earthquake|p2a: Garchomp|[spread] p2a,p2b\n|-activate|p1a: Armarouge|move: Wide Guard\n|-supereffective|p2b: Sneasler|1\n|-damage|p2a: Garchomp|0 fnt\n|-damage|p2b: Sneasler|0 fnt\n|faint|p2a: Garchomp\n|faint|p2b: Sneasler\n|\n|upkeep\n|\n|t:|1776358927\n|switch|p2a: Venusaur|Venusaur, L50, F|100/100\n|switch|p2b: Charizard|Charizard, L50, F, shiny|100/100\n|turn|5\n|\n|t:|1776358942\n|switch|p1a: Starmie|Starmie, L50, shiny|100/100\n|move|p2a: Venusaur|Protect|p2a: Venusaur\n|-singleturn|p2a: Venusaur|Protect\n|move|p2b: Charizard|Protect|p2b: Charizard\n|-singleturn|p2b: Charizard|Protect\n|move|p1b: Runerigus|Poltergeist|p2b: Charizard\n|-activate|p2b: Charizard|move: Protect\n|\n|-fieldend|move: Trick Room\n|upkeep\n|turn|6\n|inactive|outofthebox215 has 30 seconds left.\n|inactive|outofthebox215 has 20 seconds left.\n|inactive|outofthebox215 has 15 seconds left.\n|inactive|outofthebox215 has 10 seconds left.\n|\n|t:|1776358987\n|detailschange|p1a: Starmie|Starmie-Mega, L50, shiny\n|-mega|p1a: Starmie|Starmie|Starminite\n|detailschange|p2b: Charizard|Charizard-Mega-Y, L50, F, shiny\n|-mega|p2b: Charizard|Charizard|Charizardite Y\n|-weather|SunnyDay|[from] ability: Drought|[of] p2b: Charizard\n|move|p2a: Venusaur|Energy Ball|p1a: Starmie\n|-supereffective|p1a: Starmie|1\n|-damage|p1a: Starmie|0 fnt\n|faint|p1a: Starmie\n|move|p2b: Charizard|Weather Ball|p1b: Runerigus\n|-damage|p1b: Runerigus|9/100\n|-enditem|p1b: Runerigus|Sitrus Berry|[eat]\n|-heal|p1b: Runerigus|34/100|[from] item: Sitrus Berry\n|move|p1b: Runerigus|Poltergeist|p2a: Venusaur\n|-activate|p2a: Venusaur|move: Poltergeist|Occa Berry\n|-damage|p2a: Venusaur|30/100\n|\n|-weather|SunnyDay|[upkeep]\n|upkeep\n|\n|t:|1776358997\n|switch|p1a: Tyranitar|Tyranitar, L50, F, shiny|100/100\n|-weather|Sandstorm|[from] ability: Sand Stream|[of] p1a: Tyranitar\n|turn|7\n|inactive|Stringskipper has 30 seconds left.\n|\n|t:|1776359027\n|move|p1a: Tyranitar|Rock Slide|p2a: Venusaur|[spread] p2a,p2b\n|-supereffective|p2b: Charizard|2\n|-damage|p2a: Venusaur|0 fnt\n|-damage|p2b: Charizard|0 fnt\n|faint|p2a: Venusaur\n|faint|p2b: Charizard\n|\n|win|outofthebox215\n|raw|outofthebox215's rating: 1147 &rarr; <strong>1177</strong><br />(+30 for winning)\n|raw|Stringskipper's rating: 1215 &rarr; <strong>1185</strong><br />(-30 for losing)\n",
  "uploadtime": 1776359035,
  "views": 24,
  "formatid": "gen9championsvgc2026regma",
  "rating": 1177,
  "private": 0,
  "password": null
}