{
  "id": "gen9championsvgc2026regma-2584918212",
  "format": "[Gen 9 Champions] VGC 2026 Reg M-A",
  "players": [
    "TriquiZ",
    "thc_byakugan"
  ],
  "log": "|j|\u2606TriquiZ\n|j|\u2606thc_byakugan\n|t:|1776294419\n|gametype|doubles\n|player|p1|TriquiZ|winona|1093\n|player|p2|thc_byakugan|dancer|1044\n|gen|9\n|tier|[Gen 9 Champions] VGC 2026 Reg M-A\n|rated|\n|rule|Species Clause: Limit one of each Pok\u00e9mon\n|rule|Item Clause: Limit 1 of each item\n|clearpoke\n|poke|p1|Floette-Eternal, L50, F|\n|poke|p1|Garchomp, L50, M|\n|poke|p1|Sinistcha-Masterpiece, L50|\n|poke|p1|Incineroar, L50, F|\n|poke|p1|Rotom-Wash, L50|\n|poke|p1|Kingambit, L50, M|\n|poke|p2|Wyrdeer, L50, F|\n|poke|p2|Typhlosion-Hisui, L50, M|\n|poke|p2|Kommo-o, L50, F|\n|poke|p2|Kingambit, L50, M|\n|poke|p2|Blastoise, L50, F|\n|poke|p2|Clefable, L50, M|\n|teampreview|4\n|\n|t:|1776294479\n|teamsize|p1|4\n|teamsize|p2|4\n|start\n|switch|p1a: Garchomp|Garchomp, L50, M, shiny|100/100\n|switch|p1b: Kingambit|Kingambit, L50, M, shiny|100/100\n|switch|p2a: Wyrdeer|Wyrdeer, L50, F|100/100\n|switch|p2b: Kingambit|Kingambit, L50, M|100/100\n|-ability|p2a: Wyrdeer|Intimidate|boost\n|-unboost|p1a: Garchomp|atk|1\n|-unboost|p1b: Kingambit|atk|1\n|-ability|p1b: Kingambit|Defiant|boost\n|-boost|p1b: Kingambit|atk|2\n|turn|1\n|\n|t:|1776294528\n|switch|p2a: Blastoise|Blastoise, L50, F|100/100\n|switch|p2b: Kommo-o|Kommo-o, L50, F|100/100\n|detailschange|p1a: Garchomp|Garchomp-Mega, L50, M, shiny\n|-mega|p1a: Garchomp|Garchomp|Garchompite\n|move|p1a: Garchomp|Rock Slide|p2b: Kommo-o|[spread] \n|-miss|p1a: Garchomp|p2a: Blastoise\n|-miss|p1a: Garchomp|p2b: Kommo-o\n|move|p1b: Kingambit|Kowtow Cleave|p2a: Blastoise\n|-damage|p2a: Blastoise|34/100\n|\n|upkeep\n|turn|2\n|\n|t:|1776294564\n|detailschange|p2a: Blastoise|Blastoise-Mega, L50, F\n|-mega|p2a: Blastoise|Blastoise|Blastoisinite\n|move|p1a: Garchomp|Protect|p1a: Garchomp\n|-singleturn|p1a: Garchomp|Protect\n|move|p2a: Blastoise|Protect|p2a: Blastoise\n|-singleturn|p2a: Blastoise|Protect\n|move|p1b: Kingambit|Sucker Punch||[still]\n|-fail|p1b: Kingambit\n|move|p2b: Kommo-o|Aura Sphere|p1b: Kingambit\n|-supereffective|p1b: Kingambit|2\n|-enditem|p1b: Kingambit|Chople Berry|[eat]\n|-enditem|p1b: Kingambit|Chople Berry|[weaken]\n|-damage|p1b: Kingambit|21/100\n|\n|upkeep\n|turn|3\n|\n|t:|1776294603\n|switch|p1a: Sinistcha|Sinistcha-Masterpiece, L50|100/100\n|-heal|p1b: Kingambit|46/100|[from] ability: Hospitality|[of] p1a: Sinistcha\n|switch|p2a: Kingambit|Kingambit, L50, M|100/100\n|move|p2b: Kommo-o|Protect|p2b: Kommo-o\n|-singleturn|p2b: Kommo-o|Protect\n|move|p1b: Kingambit|Sucker Punch||[still]\n|-fail|p1b: Kingambit\n|\n|upkeep\n|turn|4\n|-activate|p2b: Kommo-o|item: Quick Claw\n|\n|t:|1776294635\n|move|p2a: Kingambit|Protect|p2a: Kingambit\n|-singleturn|p2a: Kingambit|Protect\n|move|p1b: Kingambit|Protect|p1b: Kingambit\n|-singleturn|p1b: Kingambit|Protect\n|move|p2b: Kommo-o|Aura Sphere|p1b: Kingambit\n|-activate|p1b: Kingambit|move: Protect\n|move|p1a: Sinistcha|Trick Room|p1a: Sinistcha\n|-fieldstart|move: Trick Room|[of] p1a: Sinistcha\n|\n|upkeep\n|turn|5\n|\n|t:|1776294659\n|move|p1a: Sinistcha|Rage Powder|p1a: Sinistcha\n|-singleturn|p1a: Sinistcha|move: Rage Powder\n|move|p1b: Kingambit|Kowtow Cleave|p2b: Kommo-o\n|-resisted|p2b: Kommo-o|1\n|-damage|p2b: Kommo-o|72/100\n|move|p2a: Kingambit|Kowtow Cleave|p1a: Sinistcha\n|-supereffective|p1a: Sinistcha|1\n|-damage|p1a: Sinistcha|7/100\n|-enditem|p1a: Sinistcha|Sitrus Berry|[eat]\n|-heal|p1a: Sinistcha|32/100|[from] item: Sitrus Berry\n|move|p2b: Kommo-o|Aura Sphere|p1a: Sinistcha\n|-immune|p1a: Sinistcha\n|\n|upkeep\n|turn|6\n|\n|t:|1776294705\n|switch|p1a: Garchomp|Garchomp-Mega, L50, M, shiny|100/100\n|move|p1b: Kingambit|Protect|p1b: Kingambit\n|-singleturn|p1b: Kingambit|Protect\n|move|p2a: Kingambit|Kowtow Cleave|p1a: Garchomp\n|-damage|p1a: Garchomp|60/100\n|move|p2b: Kommo-o|Clangorous Soul|p2b: Kommo-o\n|-boost|p2b: Kommo-o|atk|1\n|-boost|p2b: Kommo-o|def|1\n|-boost|p2b: Kommo-o|spa|1\n|-boost|p2b: Kommo-o|spd|1\n|-boost|p2b: Kommo-o|spe|1\n|-damage|p2b: Kommo-o|39/100\n|\n|upkeep\n|turn|7\n|inactive|Battle timer is ON: inactive players will automatically lose when time's up. (requested by TriquiZ)\n|\n|t:|1776294739\n|switch|p1b: Rotom|Rotom-Wash, L50, shiny|100/100\n|move|p2b: Kommo-o|Protect|p2b: Kommo-o\n|-singleturn|p2b: Kommo-o|Protect\n|move|p2a: Kingambit|Sucker Punch|p1a: Garchomp\n|-damage|p1a: Garchomp|27/100\n|move|p1a: Garchomp|Earthquake|p2a: Kingambit|[spread] p2a\n|-activate|p2b: Kommo-o|move: Protect\n|-immune|p1b: Rotom|[from] ability: Levitate\n|-supereffective|p2a: Kingambit|1\n|-damage|p2a: Kingambit|36/100\n|\n|upkeep\n|turn|8\n|-activate|p2b: Kommo-o|item: Quick Claw\n|\n|t:|1776294762\n|switch|p2a: Wyrdeer|Wyrdeer, L50, F|100/100\n|-ability|p2a: Wyrdeer|Intimidate|boost\n|-unboost|p1a: Garchomp|atk|1\n|-unboost|p1b: Rotom|atk|1\n|switch|p1b: Sinistcha|Sinistcha-Masterpiece, L50|32/100\n|-heal|p1a: Garchomp|52/100|[from] ability: Hospitality|[of] p1b: Sinistcha\n|move|p2b: Kommo-o|Protect|p2b: Kommo-o\n|-singleturn|p2b: Kommo-o|Protect\n|move|p1a: Garchomp|Earthquake|p2a: Wyrdeer|[spread] p1b,p2a\n|-activate|p2b: Kommo-o|move: Protect\n|-resisted|p1b: Sinistcha|1\n|-damage|p1b: Sinistcha|19/100\n|-damage|p2a: Wyrdeer|79/100\n|\n|-fieldend|move: Trick Room\n|upkeep\n|turn|9\n|\n|t:|1776294784\n|move|p1b: Sinistcha|Rage Powder|p1b: Sinistcha\n|-singleturn|p1b: Sinistcha|move: Rage Powder\n|move|p2b: Kommo-o|Clanging Scales|p1b: Sinistcha|[spread] p1a,p1b\n|-supereffective|p1a: Garchomp|1\n|-damage|p1a: Garchomp|0 fnt\n|-damage|p1b: Sinistcha|0 fnt\n|faint|p1a: Garchomp\n|faint|p1b: Sinistcha\n|-unboost|p2b: Kommo-o|def|1\n|move|p2a: Wyrdeer|Psych Up|p2b: Kommo-o\n|-copyboost|p2a: Wyrdeer|p2b: Kommo-o|[from] move: Psych Up\n|\n|upkeep\n|\n|t:|1776294795\n|switch|p1a: Rotom|Rotom-Wash, L50, shiny|100/100\n|switch|p1b: Kingambit|Kingambit, L50, M, shiny|46/100\n|turn|10\n|inactive|thc_byakugan has 30 seconds left.\n|inactive|thc_byakugan has 20 seconds left.\n|inactive|thc_byakugan has 15 seconds left.\n|inactive|thc_byakugan has 10 seconds left.\n|inactive|thc_byakugan has 5 seconds left.\n|\n|t:|1776294847\n|move|p1b: Kingambit|Sucker Punch|p2a: Wyrdeer\n|-supereffective|p2a: Wyrdeer|1\n|-damage|p2a: Wyrdeer|20/100\n|-enditem|p2a: Wyrdeer|Sitrus Berry|[eat]\n|-heal|p2a: Wyrdeer|45/100|[from] item: Sitrus Berry\n|move|p2b: Kommo-o|Clanging Scales|p1a: Rotom|[spread] p1a,p1b\n|-resisted|p1b: Kingambit|1\n|-damage|p1a: Rotom|36/100\n|-damage|p1b: Kingambit|15/100\n|-unboost|p2b: Kommo-o|def|1\n|move|p2a: Wyrdeer|Psyshield Bash|p1a: Rotom\n|-damage|p1a: Rotom|0 fnt\n|-boost|p2a: Wyrdeer|def|1\n|faint|p1a: Rotom\n|\n|upkeep\n|turn|11\n|-message|TriquiZ forfeited.\n|\n|win|thc_byakugan\n|raw|TriquiZ's rating: 1093 &rarr; <strong>1066</strong><br />(-27 for losing)\n|raw|thc_byakugan's rating: 1044 &rarr; <strong>1082</strong><br />(+38 for winning)\n|l|\u2606TriquiZ\n|player|p1|\n",
  "uploadtime": 1776294868,
  "views": 22,
  "formatid": "gen9championsvgc2026regma",
  "rating": 1066,
  "private": 0,
  "password": null
}