{
  "id": "gen9championsvgc2026regma-2587171524",
  "format": "[Gen 9 Champions] VGC 2026 Reg M-A",
  "players": [
    "rexoguns",
    "fpahstkxkd"
  ],
  "log": "|j|\u2606rexoguns\n|j|\u2606fpahstkxkd\n|t:|1776503913\n|gametype|doubles\n|player|p1|rexoguns|ingo|1326\n|player|p2|fpahstkxkd|265|1355\n|gen|9\n|tier|[Gen 9 Champions] VGC 2026 Reg M-A\n|rated|\n|rule|Species Clause: Limit one of each Pok\u00e9mon\n|rule|Item Clause: Limit 1 of each item\n|clearpoke\n|poke|p1|Kingambit, L50, M|\n|poke|p1|Sneasler, L50, F|\n|poke|p1|Basculegion, L50, M|\n|poke|p1|Delphox, L50, F|\n|poke|p1|Garchomp, L50, M, shiny|\n|poke|p1|Clefable, L50, F|\n|poke|p2|Politoed, L50, F|\n|poke|p2|Gengar, L50, M, shiny|\n|poke|p2|Incineroar, L50, F|\n|poke|p2|Palafin, L50, M|\n|poke|p2|Whimsicott, L50, M, shiny|\n|poke|p2|Kommo-o, L50, F|\n|teampreview|4\n|inactive|Battle timer is ON: inactive players will automatically lose when time's up. (requested by rexoguns)\n|inactive|rexoguns has 60 seconds left.\n|inactive|rexoguns has 30 seconds left.\n|inactive|rexoguns has 20 seconds left.\n|\n|t:|1776503985\n|teamsize|p1|4\n|teamsize|p2|4\n|start\n|switch|p1a: Argus|Kingambit, L50, M|100/100\n|switch|p1b: Natalia|Sneasler, L50, F|100/100\n|switch|p2a: Kommo-o|Kommo-o, L50, F|100/100\n|switch|p2b: Whimsicott|Whimsicott, L50, M, shiny|100/100\n|turn|1\n|\n|t:|1776503997\n|move|p2a: Kommo-o|Protect|p2a: Kommo-o\n|-singleturn|p2a: Kommo-o|Protect\n|move|p1b: Natalia|Fake Out|p2a: Kommo-o\n|-activate|p2a: Kommo-o|move: Protect\n|move|p2b: Whimsicott|Tailwind|p2b: Whimsicott\n|-sidestart|p2: fpahstkxkd|move: Tailwind\n|move|p1a: Argus|Swords Dance|p1a: Argus\n|-boost|p1a: Argus|atk|2\n|\n|upkeep\n|turn|2\n|\n|t:|1776504012\n|move|p1a: Argus|Protect|p1a: Argus\n|-singleturn|p1a: Argus|Protect\n|move|p2b: Whimsicott|Encore|p1b: Natalia\n|-start|p1b: Natalia|Encore\n|move|p1b: Natalia|Fake Out||[still]\n|-hint|Fake Out only works on your first turn out.\n|-fail|p1b: Natalia\n|move|p2a: Kommo-o|Clangorous Soul|p2a: Kommo-o\n|-boost|p2a: Kommo-o|atk|1\n|-boost|p2a: Kommo-o|def|1\n|-boost|p2a: Kommo-o|spa|1\n|-boost|p2a: Kommo-o|spd|1\n|-boost|p2a: Kommo-o|spe|1\n|-damage|p2a: Kommo-o|68/100\n|\n|upkeep\n|turn|3\n|\n|t:|1776504031\n|switch|p1b: Floryn|Clefable, L50, F|100/100\n|move|p1a: Argus|Sucker Punch|p2a: Kommo-o\n|-resisted|p2a: Kommo-o|1\n|-damage|p2a: Kommo-o|33/100\n|move|p2a: Kommo-o|Aura Sphere|p1a: Argus\n|-supereffective|p1a: Argus|2\n|-damage|p1a: Argus|0 fnt\n|faint|p1a: Argus\n|move|p2b: Whimsicott|Moonblast|p1b: Floryn\n|-damage|p1b: Floryn|74/100\n|\n|upkeep\n|\n|t:|1776504044\n|switch|p1a: Natalia|Sneasler, L50, F|100/100\n|turn|4\n|\n|t:|1776504056\n|move|p2b: Whimsicott|Protect|p2b: Whimsicott\n|-singleturn|p2b: Whimsicott|Protect\n|move|p2a: Kommo-o|Clanging Scales|p1a: Natalia|[spread] p1a\n|-immune|p1b: Floryn\n|-damage|p1a: Natalia|0 fnt\n|faint|p1a: Natalia\n|-unboost|p2a: Kommo-o|def|1\n|move|p1b: Floryn|Moonblast|p2a: Kommo-o\n|-supereffective|p2a: Kommo-o|2\n|-damage|p2a: Kommo-o|0 fnt\n|faint|p2a: Kommo-o\n|\n|-sideend|p2: fpahstkxkd|move: Tailwind\n|upkeep\n|\n|t:|1776504063\n|switch|p1a: Hanzo|Basculegion, L50, M|100/100\n|switch|p2a: Gengar|Gengar, L50, M, shiny|100/100\n|turn|5\n|\n|t:|1776504077\n|detailschange|p2a: Gengar|Gengar-Mega, L50, M, shiny\n|-mega|p2a: Gengar|Gengar|Gengarite\n|move|p2b: Whimsicott|Tailwind|p2b: Whimsicott\n|-sidestart|p2: fpahstkxkd|move: Tailwind\n|move|p2a: Gengar|Perish Song|p2a: Gengar\n|-start|p1a: Hanzo|perish3|[silent]\n|-start|p1b: Floryn|perish3|[silent]\n|-start|p2a: Gengar|perish3|[silent]\n|-start|p2b: Whimsicott|perish3|[silent]\n|-fieldactivate|move: Perish Song\n|move|p1a: Hanzo|Last Respects|p2b: Whimsicott\n|-enditem|p2b: Whimsicott|Focus Sash\n|-damage|p2b: Whimsicott|1/100\n|move|p1b: Floryn|Skill Swap|p2b: Whimsicott\n|-activate|p1b: Floryn|Skill Swap|Prankster|Unaware|[of] p2b: Whimsicott\n|\n|-start|p2a: Gengar|perish3\n|-start|p2b: Whimsicott|perish3\n|-start|p1a: Hanzo|perish3\n|-start|p1b: Floryn|perish3\n|upkeep\n|turn|6\n|\n|t:|1776504102\n|move|p2a: Gengar|Protect|p2a: Gengar\n|-singleturn|p2a: Gengar|Protect\n|move|p2b: Whimsicott|Protect|p2b: Whimsicott\n|-singleturn|p2b: Whimsicott|Protect\n|move|p1a: Hanzo|Last Respects|p2a: Gengar\n|-activate|p2a: Gengar|move: Protect\n|move|p1b: Floryn|Moonblast|p2b: Whimsicott\n|-activate|p2b: Whimsicott|move: Protect\n|\n|-start|p2a: Gengar|perish2\n|-start|p2b: Whimsicott|perish2\n|-start|p1a: Hanzo|perish2\n|-start|p1b: Floryn|perish2\n|upkeep\n|turn|7\n|\n|t:|1776504112\n|switch|p2b: Politoed|Politoed, L50, F|100/100\n|-weather|RainDance|[from] ability: Drizzle|[of] p2b: Politoed\n|move|p2a: Gengar|Disable|p1a: Hanzo\n|-start|p1a: Hanzo|Disable|Last Respects\n|cant|p1a: Hanzo|Disable|Last Respects\n|move|p1b: Floryn|Moonblast|p2b: Politoed\n|-damage|p2b: Politoed|76/100\n|\n|-weather|RainDance|[upkeep]\n|-heal|p2b: Politoed|82/100|[from] item: Leftovers\n|-start|p2a: Gengar|perish1\n|-start|p1a: Hanzo|perish1\n|-start|p1b: Floryn|perish1\n|upkeep\n|turn|8\n|-message|rexoguns forfeited.\n|\n|win|fpahstkxkd\n|raw|rexoguns's rating: 1326 &rarr; <strong>1308</strong><br />(-18 for losing)\n|raw|fpahstkxkd's rating: 1355 &rarr; <strong>1373</strong><br />(+18 for winning)\n|l|\u2606rexoguns\n|player|p1|\n",
  "uploadtime": 1776504191,
  "views": 41,
  "formatid": "gen9championsvgc2026regma",
  "rating": 1308,
  "private": 0,
  "password": null
}