{
  "id": "gen9championsvgc2026regma-2586853087",
  "format": "[Gen 9 Champions] VGC 2026 Reg M-A",
  "players": [
    "Anicredible",
    "Derni"
  ],
  "log": "|j|\u2606Anicredible\n|j|\u2606Derni\n|t:|1776465477\n|gametype|doubles\n|player|p1|Anicredible|schoolkid-gen4|1036\n|player|p2|Derni|1|1021\n|gen|9\n|tier|[Gen 9 Champions] VGC 2026 Reg M-A\n|rated|\n|rule|Species Clause: Limit one of each Pok\u00e9mon\n|rule|Item Clause: Limit 1 of each item\n|clearpoke\n|poke|p1|Kangaskhan, L50, F|\n|poke|p1|Sinistcha, L50|\n|poke|p1|Sneasler, L50, F|\n|poke|p1|Talonflame, L50, F|\n|poke|p1|Corviknight, L50, F|\n|poke|p1|Primarina, L50, F|\n|poke|p2|Sableye, L50, M|\n|poke|p2|Glimmora, L50, F|\n|poke|p2|Garganacl, L50, F|\n|poke|p2|Blastoise, L50, F|\n|poke|p2|Meowscarada, L50, M|\n|poke|p2|Skarmory, L50, M|\n|teampreview|4\n|inactive|Battle timer is ON: inactive players will automatically lose when time's up. (requested by Anicredible)\nAnicredible rejected open team sheets.\n|inactive|Anicredible has 60 seconds left.\n|\n|t:|1776465537\n|teamsize|p1|4\n|teamsize|p2|4\n|start\n|switch|p1a: Primarina|Primarina, L50, F|100/100\n|switch|p1b: Sinistcha|Sinistcha, L50|100/100\n|switch|p2a: Blastoise|Blastoise, L50, F|100/100\n|switch|p2b: Sableye|Sableye, L50, M|100/100\n|turn|1\n|inactive|Anicredible has 30 seconds left.\n|\n|t:|1776465564\n|switch|p2b: Glimmora|Glimmora, L50, F|100/100\n|detailschange|p2a: Blastoise|Blastoise-Mega, L50, F\n|-mega|p2a: Blastoise|Blastoise|Blastoisinite\n|move|p1a: Primarina|Protect|p1a: Primarina\n|-singleturn|p1a: Primarina|Protect\n|move|p2a: Blastoise|Dark Pulse|p1b: Sinistcha\n|-supereffective|p1b: Sinistcha|1\n|-enditem|p1b: Sinistcha|Colbur Berry|[eat]\n|-enditem|p1b: Sinistcha|Colbur Berry|[weaken]\n|-damage|p1b: Sinistcha|62/100\n|cant|p1b: Sinistcha|flinch\n|\n|upkeep\n|turn|2\n|\n|t:|1776465584\n|move|p1b: Sinistcha|Rage Powder|p1b: Sinistcha\n|-singleturn|p1b: Sinistcha|move: Rage Powder\n|move|p2b: Glimmora|Sludge Bomb|p1b: Sinistcha\n|-damage|p1b: Sinistcha|26/100\n|move|p2a: Blastoise|Shell Smash|p2a: Blastoise\n|-unboost|p2a: Blastoise|def|1\n|-unboost|p2a: Blastoise|spd|1\n|-boost|p2a: Blastoise|atk|2\n|-boost|p2a: Blastoise|spa|2\n|-boost|p2a: Blastoise|spe|2\n|move|p1a: Primarina|Calm Mind|p1a: Primarina\n|-boost|p1a: Primarina|spa|1\n|-boost|p1a: Primarina|spd|1\n|\n|upkeep\n|turn|3\n|inactive|Anicredible has 30 seconds left.\n|\n|t:|1776465616\n|move|p2a: Blastoise|Water Spout|p1b: Sinistcha|[spread] p1a,p1b\n|-resisted|p1a: Primarina|1\n|-resisted|p1b: Sinistcha|1\n|-damage|p1a: Primarina|65/100\n|-damage|p1b: Sinistcha|0 fnt\n|faint|p1b: Sinistcha\n|move|p2b: Glimmora|Sludge Bomb|p1a: Primarina\n|-supereffective|p1a: Primarina|1\n|-damage|p1a: Primarina|10/100\n|move|p1a: Primarina|Hyper Voice|p2b: Glimmora|[spread] p2a,p2b\n|-resisted|p2a: Blastoise|1\n|-supereffective|p2b: Glimmora|1\n|-damage|p2a: Blastoise|51/100\n|-enditem|p2b: Glimmora|Focus Sash\n|-damage|p2b: Glimmora|1/100\n|\n|upkeep\n|\n|t:|1776465632\n|switch|p1b: Talonflame|Talonflame, L50, F|100/100\n|turn|4\n|\n|t:|1776465653\n|move|p1a: Primarina|Protect|p1a: Primarina\n|-singleturn|p1a: Primarina|Protect\n|move|p1b: Talonflame|Tailwind|p1b: Talonflame\n|-sidestart|p1: Anicredible|move: Tailwind\n|move|p2a: Blastoise|Water Spout|p1b: Talonflame|[spread] p1b\n|-activate|p1a: Primarina|move: Protect\n|-supereffective|p1b: Talonflame|1\n|-enditem|p1b: Talonflame|Focus Sash\n|-damage|p1b: Talonflame|1/100\n|move|p2b: Glimmora|Sludge Bomb|p1a: Primarina\n|-activate|p1a: Primarina|move: Protect\n|\n|upkeep\n|turn|5\n|\n|t:|1776465672\n|move|p1b: Talonflame|Flamethrower|p2a: Blastoise\n|-resisted|p2a: Blastoise|1\n|-damage|p2a: Blastoise|35/100\n|move|p2a: Blastoise|Water Spout|p1b: Talonflame|[spread] p1a,p1b\n|-resisted|p1a: Primarina|1\n|-supereffective|p1b: Talonflame|1\n|-crit|p1b: Talonflame\n|-damage|p1a: Primarina|0 fnt\n|-damage|p1b: Talonflame|0 fnt\n|faint|p1a: Primarina\n|faint|p1b: Talonflame\n|move|p2b: Glimmora|Sludge Bomb|p1: Primarina|[notarget]\n|-fail|p2b: Glimmora\n|\n|upkeep\n|\n|t:|1776465680\n|switch|p1b: Sneasler|Sneasler, L50, F|100/100\n|turn|6\n|\n|t:|1776465700\n|move|p1b: Sneasler|Close Combat|p2a: Blastoise\n|-damage|p2a: Blastoise|0 fnt\n|-unboost|p1b: Sneasler|def|1\n|-unboost|p1b: Sneasler|spd|1\n|faint|p2a: Blastoise\n|-enditem|p1b: Sneasler|White Herb\n|-clearnegativeboost|p1b: Sneasler|[silent]\n|move|p2b: Glimmora|Earth Power|p1b: Sneasler\n|-supereffective|p1b: Sneasler|1\n|-damage|p1b: Sneasler|6/100\n|\n|upkeep\n|c|\u2606Anicredible|ggwp\n|\n|t:|1776465712\n|switch|p2a: Sableye|Sableye, L50, M|100/100\n|turn|7\n|-message|Anicredible forfeited.\n|\n|win|Derni\n|raw|Anicredible's rating: 1036 &rarr; <strong>1020</strong><br />(-16 for losing)\n|raw|Derni's rating: 1021 &rarr; <strong>1059</strong><br />(+38 for winning)\n|l|\u2606Derni\n|player|p2|\n",
  "uploadtime": 1776465724,
  "views": 22,
  "formatid": "gen9championsvgc2026regma",
  "rating": 1020,
  "private": 0,
  "password": null
}