{
  "id": "gen9championsvgc2026regma-2586243055",
  "format": "[Gen 9 Champions] VGC 2026 Reg M-A",
  "players": [
    "noslen9385",
    "Bulbasaur001VGC"
  ],
  "log": "|j|\u2606noslen9385\n|j|\u2606Bulbasaur001VGC\n|t:|1776416526\n|gametype|doubles\n|player|p1|noslen9385|101|1107\n|player|p2|Bulbasaur001VGC|riley|1200\n|gen|9\n|tier|[Gen 9 Champions] VGC 2026 Reg M-A\n|rated|\n|rule|Species Clause: Limit one of each Pok\u00e9mon\n|rule|Item Clause: Limit 1 of each item\n|clearpoke\n|poke|p1|Floette-Eternal, L50, F|\n|poke|p1|Tyranitar, L50, M|\n|poke|p1|Aerodactyl, L50, F|\n|poke|p1|Sneasler, L50, F|\n|poke|p1|Volcarona, L50, F|\n|poke|p1|Incineroar, L50, F|\n|poke|p2|Venusaur, L50, F|\n|poke|p2|Tyranitar, L50, F|\n|poke|p2|Excadrill, L50, F|\n|poke|p2|Rotom-Wash, L50|\n|poke|p2|Sneasler, L50, F|\n|poke|p2|Corviknight, L50, M|\n|teampreview|4\n|inactive|Battle timer is ON: inactive players will automatically lose when time's up. (requested by Bulbasaur001VGC)\nBulbasaur001VGC has agreed to open team sheets.\n|inactive|Bulbasaur001VGC has 60 seconds left.\n|\n|t:|1776416572\n|teamsize|p1|4\n|teamsize|p2|4\n|start\n|switch|p1a: Volcarona|Volcarona, L50, F|100/100\n|switch|p1b: Floette|Floette-Eternal, L50, F|100/100\n|switch|p2a: Venusaur|Venusaur, L50, F, shiny|100/100\n|switch|p2b: Sneasler|Sneasler, L50, F, shiny|100/100\n|turn|1\n|\n|t:|1776416590\n|detailschange|p1b: Floette|Floette-Mega, L50, F\n|-mega|p1b: Floette|Floette|Floettite\n|-ability|p1b: Floette|Fairy Aura\n|detailschange|p2a: Venusaur|Venusaur-Mega, L50, F, shiny\n|-mega|p2a: Venusaur|Venusaur|Venusaurite\n|move|p2b: Sneasler|Fake Out|p1a: Volcarona\n|-damage|p1a: Volcarona|84/100\n|-status|p2b: Sneasler|brn|[from] ability: Flame Body|[of] p1a: Volcarona\n|move|p1b: Floette|Calm Mind|p1b: Floette\n|-boost|p1b: Floette|spa|1\n|-boost|p1b: Floette|spd|1\n|cant|p1a: Volcarona|flinch\n|move|p2a: Venusaur|Sludge Bomb|p1b: Floette\n|-supereffective|p1b: Floette|1\n|-damage|p1b: Floette|49/100\n|-status|p1b: Floette|psn\n|\n|-damage|p1b: Floette|37/100 psn|[from] psn\n|-damage|p2b: Sneasler|95/100 brn|[from] brn\n|upkeep\n|turn|2\n|inactive|Bulbasaur001VGC has 30 seconds left.\n|\n|t:|1776416615\n|move|p2b: Sneasler|Dire Claw|p1b: Floette\n|-supereffective|p1b: Floette|1\n|-damage|p1b: Floette|0 fnt\n|faint|p1b: Floette\n|move|p1a: Volcarona|Fiery Dance|p2a: Venusaur\n|-supereffective|p2a: Venusaur|1\n|-damage|p2a: Venusaur|72/100\n|-boost|p1a: Volcarona|spa|1\n|move|p2a: Venusaur|Sludge Bomb|p1a: Volcarona\n|-damage|p1a: Volcarona|50/100\n|-enditem|p1a: Volcarona|Sitrus Berry|[eat]\n|-heal|p1a: Volcarona|75/100|[from] item: Sitrus Berry\n|\n|-damage|p2b: Sneasler|89/100 brn|[from] brn\n|upkeep\n|\n|t:|1776416631\n|switch|p1b: Incineroar|Incineroar, L50, F|100/100\n|-ability|p1b: Incineroar|Intimidate|boost\n|-unboost|p2a: Venusaur|atk|1\n|-unboost|p2b: Sneasler|atk|1\n|-enditem|p2b: Sneasler|White Herb\n|-clearnegativeboost|p2b: Sneasler|[silent]\n|turn|3\n|\n|t:|1776416641\n|switch|p2b: Tyranitar|Tyranitar, L50, F, shiny|100/100\n|-weather|Sandstorm|[from] ability: Sand Stream|[of] p2b: Tyranitar\n|move|p2a: Venusaur|Protect|p2a: Venusaur\n|-singleturn|p2a: Venusaur|Protect\n|move|p1b: Incineroar|Fake Out|p2b: Tyranitar\n|-resisted|p2b: Tyranitar|1\n|-damage|p2b: Tyranitar|95/100\n|move|p1a: Volcarona|Bug Buzz|p2a: Venusaur\n|-activate|p2a: Venusaur|move: Protect\n|\n|-weather|Sandstorm|[upkeep]\n|-damage|p1a: Volcarona|69/100|[from] Sandstorm\n|-damage|p2a: Venusaur|66/100|[from] Sandstorm\n|-damage|p1b: Incineroar|95/100|[from] Sandstorm\n|upkeep\n|turn|4\n|\n|t:|1776416659\n|move|p1a: Volcarona|Protect|p1a: Volcarona\n|-singleturn|p1a: Volcarona|Protect\n|move|p2b: Tyranitar|Rock Slide|p1a: Volcarona|[spread] \n|-activate|p1a: Volcarona|move: Protect\n|-miss|p2b: Tyranitar|p1b: Incineroar\n|move|p2a: Venusaur|Earth Power|p1b: Incineroar\n|-supereffective|p1b: Incineroar|1\n|-damage|p1b: Incineroar|43/100\n|move|p1b: Incineroar|Parting Shot|p2a: Venusaur\n|-unboost|p2a: Venusaur|atk|1\n|-unboost|p2a: Venusaur|spa|1\n|\n|t:|1776416672\n|switch|p1b: Sneasler|Sneasler, L50, F|100/100|[from] Parting Shot\n|\n|-weather|Sandstorm|[upkeep]\n|-damage|p1b: Sneasler|95/100|[from] Sandstorm\n|-damage|p1a: Volcarona|62/100|[from] Sandstorm\n|-damage|p2a: Venusaur|60/100|[from] Sandstorm\n|upkeep\n|turn|5\n|\n|t:|1776416681\n|move|p2b: Tyranitar|Protect|p2b: Tyranitar\n|-singleturn|p2b: Tyranitar|Protect\n|move|p2a: Venusaur|Protect|p2a: Venusaur\n|-singleturn|p2a: Venusaur|Protect\n|move|p1b: Sneasler|Close Combat|p2b: Tyranitar\n|-activate|p2b: Tyranitar|move: Protect\n|move|p1a: Volcarona|Fiery Dance|p2a: Venusaur\n|-activate|p2a: Venusaur|move: Protect\n|\n|-weather|Sandstorm|[upkeep]\n|-damage|p1b: Sneasler|89/100|[from] Sandstorm\n|-damage|p1a: Volcarona|56/100|[from] Sandstorm\n|-damage|p2a: Venusaur|54/100|[from] Sandstorm\n|upkeep\n|turn|6\n|inactive|Bulbasaur001VGC has 30 seconds left.\n|\n|t:|1776416708\n|move|p1b: Sneasler|Close Combat|p2b: Tyranitar\n|-supereffective|p2b: Tyranitar|2\n|-enditem|p2b: Tyranitar|Chople Berry|[eat]\n|-enditem|p2b: Tyranitar|Chople Berry|[weaken]\n|-damage|p2b: Tyranitar|0 fnt\n|-unboost|p1b: Sneasler|def|1\n|-unboost|p1b: Sneasler|spd|1\n|faint|p2b: Tyranitar\n|-enditem|p1b: Sneasler|White Herb\n|-clearnegativeboost|p1b: Sneasler|[silent]\n|move|p1a: Volcarona|Fiery Dance|p2a: Venusaur\n|-supereffective|p2a: Venusaur|1\n|-damage|p2a: Venusaur|6/100\n|-boost|p1a: Volcarona|spa|1\n|move|p2a: Venusaur|Earth Power|p1b: Sneasler\n|-supereffective|p1b: Sneasler|1\n|-damage|p1b: Sneasler|37/100\n|\n|-weather|Sandstorm|[upkeep]\n|-damage|p1b: Sneasler|31/100|[from] Sandstorm\n|-damage|p1a: Volcarona|50/100|[from] Sandstorm\n|-damage|p2a: Venusaur|0 fnt|[from] Sandstorm\n|faint|p2a: Venusaur\n|upkeep\n|\n|t:|1776416727\n|switch|p2b: Sneasler|Sneasler, L50, F, shiny|89/100 brn\n|switch|p2a: Excadrill|Excadrill, L50, F, shiny|100/100\n|turn|7\n|\n|t:|1776416737\n|move|p1b: Sneasler|Protect|p1b: Sneasler\n|-singleturn|p1b: Sneasler|Protect\n|move|p1a: Volcarona|Protect|p1a: Volcarona\n|-singleturn|p1a: Volcarona|Protect\n|move|p2b: Sneasler|Fake Out|p1b: Sneasler\n|-activate|p1b: Sneasler|move: Protect\n|move|p2a: Excadrill|Rock Slide|p1b: Sneasler|[spread] \n|-activate|p1a: Volcarona|move: Protect\n|-activate|p1b: Sneasler|move: Protect\n|\n|-weather|none\n|-damage|p2b: Sneasler|83/100 brn|[from] brn\n|upkeep\n|turn|8\n|\n|t:|1776416754\n|switch|p1b: Incineroar|Incineroar, L50, F|43/100\n|-ability|p1b: Incineroar|Intimidate|boost\n|-unboost|p2a: Excadrill|atk|1\n|-unboost|p2b: Sneasler|atk|1\n|move|p2b: Sneasler|Dire Claw|p1a: Volcarona\n|-damage|p1a: Volcarona|36/100\n|move|p2a: Excadrill|Rock Slide|p1a: Volcarona|[spread] p1a,p1b\n|-supereffective|p1a: Volcarona|2\n|-supereffective|p1b: Incineroar|1\n|-damage|p1a: Volcarona|0 fnt\n|-damage|p1b: Incineroar|16/100\n|faint|p1a: Volcarona\n|\n|-damage|p2b: Sneasler|77/100 brn|[from] brn\n|upkeep\n|\n|t:|1776416757\n|switch|p1a: Sneasler|Sneasler, L50, F|31/100\n|turn|9\n|\n|t:|1776416771\n|move|p2b: Sneasler|Protect|p2b: Sneasler\n|-singleturn|p2b: Sneasler|Protect\n|move|p2a: Excadrill|Protect|p2a: Excadrill\n|-singleturn|p2a: Excadrill|Protect\n|move|p1b: Incineroar|Fake Out|p2a: Excadrill\n|-activate|p2a: Excadrill|move: Protect\n|move|p1a: Sneasler|Close Combat|p2a: Excadrill\n|-activate|p2a: Excadrill|move: Protect\n|\n|-damage|p2b: Sneasler|71/100 brn|[from] brn\n|upkeep\n|turn|10\n|\n|t:|1776416794\n|move|p1b: Incineroar|Fake Out||[still]\n|-hint|Fake Out only works on your first turn out.\n|-fail|p1b: Incineroar\n|move|p2b: Sneasler|Close Combat|p1a: Sneasler\n|-resisted|p1a: Sneasler|1\n|-crit|p1a: Sneasler\n|-damage|p1a: Sneasler|0 fnt\n|-unboost|p2b: Sneasler|def|1\n|-unboost|p2b: Sneasler|spd|1\n|faint|p1a: Sneasler\n|move|p2a: Excadrill|Rock Slide|p1b: Incineroar\n|-supereffective|p1b: Incineroar|1\n|-damage|p1b: Incineroar|0 fnt\n|faint|p1b: Incineroar\n|\n|win|Bulbasaur001VGC\n|raw|noslen9385's rating: 1107 &rarr; <strong>1089</strong><br />(-18 for losing)\n|raw|Bulbasaur001VGC's rating: 1200 &rarr; <strong>1218</strong><br />(+18 for winning)\n|l|\u2606noslen9385\n|player|p1|\n",
  "uploadtime": 1776416806,
  "views": 15,
  "formatid": "gen9championsvgc2026regma",
  "rating": 1089,
  "private": 0,
  "password": null
}