{
  "id": "gen9championsvgc2026regma-2583905192",
  "format": "[Gen 9 Champions] VGC 2026 Reg M-A",
  "players": [
    "DavidTIS",
    "creemchease"
  ],
  "log": "|j|\u2606DavidTIS\n|j|\u2606creemchease\n|t:|1776207077\n|gametype|doubles\n|player|p1|DavidTIS|2|1161\n|player|p2|creemchease|101|1157\n|gen|9\n|tier|[Gen 9 Champions] VGC 2026 Reg M-A\n|rated|\n|rule|Species Clause: Limit one of each Pok\u00e9mon\n|rule|Item Clause: Limit 1 of each item\n|clearpoke\n|poke|p1|Starmie, L50|\n|poke|p1|Lucario, L50, M|\n|poke|p1|Lycanroc-Dusk, L50, F|\n|poke|p1|Hydreigon, L50, F|\n|poke|p1|Slowbro-Galar, L50, M|\n|poke|p1|Skarmory, L50, F|\n|poke|p2|Meganium, L50, M|\n|poke|p2|Basculegion, L50, M|\n|poke|p2|Politoed, L50, F|\n|poke|p2|Archaludon, L50, F|\n|poke|p2|Maushold, L50|\n|poke|p2|Talonflame, L50, F|\n|teampreview|4\n|\n|t:|1776207149\n|teamsize|p1|4\n|teamsize|p2|4\n|start\n|switch|p1a: Skarmory|Skarmory, L50, F|100/100\n|switch|p1b: Lucario|Lucario, L50, M|100/100\n|switch|p2a: Basculegion|Basculegion, L50, M|100/100\n|switch|p2b: Meganium|Meganium, L50, M|100/100\n|turn|1\n|\n|t:|1776207190\n|detailschange|p1a: Skarmory|Skarmory-Mega, L50, F\n|-mega|p1a: Skarmory|Skarmory|Skarmorite\n|move|p2b: Meganium|Protect|p2b: Meganium\n|-singleturn|p2b: Meganium|Protect\n|move|p2a: Basculegion|Wave Crash|p1b: Lucario\n|-damage|p1b: Lucario|0 fnt\n|faint|p1b: Lucario\n|-damage|p2a: Basculegion|76/100|[from] Recoil\n|move|p1a: Skarmory|Brave Bird|p2b: Meganium\n|-activate|p2b: Meganium|move: Protect\n|\n|upkeep\n|\n|t:|1776207224\n|switch|p1b: Lycanroc|Lycanroc-Dusk, L50, F|100/100\n|turn|2\n|\n|t:|1776207241\n|switch|p2b: Archaludon|Archaludon, L50, F|100/100\n|move|p2a: Basculegion|Wave Crash|p1b: Lycanroc\n|-supereffective|p1b: Lycanroc|1\n|-enditem|p1b: Lycanroc|Focus Sash\n|-damage|p1b: Lycanroc|1/100\n|-damage|p2a: Basculegion|50/100|[from] Recoil\n|move|p1b: Lycanroc|Crunch|p2a: Basculegion\n|-supereffective|p2a: Basculegion|1\n|-damage|p2a: Basculegion|0 fnt\n|faint|p2a: Basculegion\n|move|p1a: Skarmory|Brave Bird|p2b: Archaludon\n|-resisted|p2b: Archaludon|1\n|-damage|p2b: Archaludon|75/100\n|-damage|p1a: Skarmory|90/100|[from] Recoil\n|\n|upkeep\n|\n|t:|1776207248\n|switch|p2a: Talonflame|Talonflame, L50, F|100/100\n|turn|3\n|\n|t:|1776207292\n|move|p1a: Skarmory|Protect|p1a: Skarmory\n|-singleturn|p1a: Skarmory|Protect\n|move|p1b: Lycanroc|Accelerock|p2a: Talonflame\n|-supereffective|p2a: Talonflame|2\n|-damage|p2a: Talonflame|0 fnt\n|faint|p2a: Talonflame\n|move|p2b: Archaludon|Electro Shot||[still]\n|-prepare|p2b: Archaludon|Electro Shot\n|-boost|p2b: Archaludon|spa|1\n|\n|upkeep\n|\n|t:|1776207295\n|switch|p2a: Meganium|Meganium, L50, M|100/100\n|turn|4\n|\n|t:|1776207328\n|switch|p1a: Slowbro|Slowbro-Galar, L50, M|100/100\n|detailschange|p2a: Meganium|Meganium-Mega, L50, M\n|-mega|p2a: Meganium|Meganium|Meganiumite\n|move|p2a: Meganium|Protect|p2a: Meganium\n|-singleturn|p2a: Meganium|Protect\n|move|p1b: Lycanroc|Close Combat|p2b: Archaludon\n|-supereffective|p2b: Archaludon|1\n|-damage|p2b: Archaludon|0 fnt\n|-unboost|p1b: Lycanroc|def|1\n|-unboost|p1b: Lycanroc|spd|1\n|faint|p2b: Archaludon\n|\n|upkeep\n|turn|5\n|-message|creemchease forfeited.\n|\n|win|DavidTIS\n|raw|DavidTIS's rating: 1161 &rarr; <strong>1186</strong><br />(+25 for winning)\n|raw|creemchease's rating: 1157 &rarr; <strong>1132</strong><br />(-25 for losing)\n|l|\u2606creemchease\n|player|p2|\n",
  "uploadtime": 1776207344,
  "views": 38,
  "formatid": "gen9championsvgc2026regma",
  "rating": 1132,
  "private": 0,
  "password": null
}