{
  "id": "gen9championsvgc2026regma-2588583824",
  "format": "[Gen 9 Champions] VGC 2026 Reg M-A",
  "players": [
    "Elite Fource",
    "kenzievee"
  ],
  "log": "|j|\u2606Elite Fource\n|j|\u2606kenzievee\n|t:|1776647320\n|gametype|doubles\n|player|p1|Elite Fource|infielder|1013\n|player|p2|kenzievee|266|1038\n|gen|9\n|tier|[Gen 9 Champions] VGC 2026 Reg M-A\n|rated|\n|rule|Species Clause: Limit one of each Pok\u00e9mon\n|rule|Item Clause: Limit 1 of each item\n|clearpoke\n|poke|p1|Starmie, L50, shiny|\n|poke|p1|Manectric, L50, M|\n|poke|p1|Talonflame, L50, F|\n|poke|p1|Appletun, L50, F|\n|poke|p1|Lycanroc-Midnight, L50, F|\n|poke|p1|Sableye, L50, F|\n|poke|p2|Pelipper, L50, M|\n|poke|p2|Archaludon, L50, F|\n|poke|p2|Basculegion, L50, M|\n|poke|p2|Sinistcha, L50|\n|poke|p2|Aerodactyl, L50, M|\n|poke|p2|Aggron, L50, F|\n|teampreview|4\n|inactive|Battle timer is ON: inactive players will automatically lose when time's up. (requested by Elite Fource)\n|\n|t:|1776647347\n|teamsize|p1|4\n|teamsize|p2|4\n|start\n|switch|p1a: hi incineroar|Starmie, L50, shiny|100/100\n|switch|p1b: giza|Manectric, L50, M|100/100\n|switch|p2a: Pelipper|Pelipper, L50, M|100/100\n|switch|p2b: Archaludon|Archaludon, L50, F|100/100\n|-weather|RainDance|[from] ability: Drizzle|[of] p2a: Pelipper\n|turn|1\n|\n|t:|1776647363\n|detailschange|p1a: hi incineroar|Starmie-Mega, L50, shiny\n|-mega|p1a: hi incineroar|Starmie|Starminite\n|move|p1a: hi incineroar|Skill Swap|p1b: giza\n|-activate|p1a: hi incineroar|Skill Swap|||[of] p1b: giza\n|move|p1b: giza|Discharge|p2a: Pelipper|[spread] p2a,p2b\n|-ability|p1a: hi incineroar|Lightning Rod|boost\n|-boost|p1a: hi incineroar|spa|1\n|-supereffective|p2a: Pelipper|2\n|-resisted|p2b: Archaludon|1\n|-enditem|p2a: Pelipper|Focus Sash\n|-damage|p2a: Pelipper|1/100\n|-damage|p2b: Archaludon|91/100\n|-status|p2a: Pelipper|par\n|-status|p2b: Archaludon|par\n|-ability|p2b: Archaludon|Stamina|boost\n|-boost|p2b: Archaludon|def|1\n|move|p2b: Archaludon|Electro Shot||[still]\n|-prepare|p2b: Archaludon|Electro Shot\n|-boost|p2b: Archaludon|spa|1\n|-anim|p2b: Archaludon|Electro Shot|p1a: hi incineroar\n|-ability|p1a: hi incineroar|Lightning Rod|boost\n|-boost|p1a: hi incineroar|spa|1\n|move|p2a: Pelipper|Tailwind|p2a: Pelipper\n|-sidestart|p2: kenzievee|move: Tailwind\n|\n|-weather|RainDance|[upkeep]\n|-heal|p2b: Archaludon|97/100 par|[from] item: Leftovers\n|upkeep\n|turn|2\n|inactive|Elite Fource has 30 seconds left.\n|inactive|kenzievee has 30 seconds left.\n|inactive|kenzievee has 20 seconds left.\n|inactive|Elite Fource has 20 seconds left.\n|inactive|Elite Fource has 15 seconds left.\n|\n|t:|1776647408\n|move|p1a: hi incineroar|Scald|p2b: Archaludon\n|-resisted|p2b: Archaludon|1\n|-damage|p2b: Archaludon|47/100 par\n|-ability|p2b: Archaludon|Stamina|boost\n|-boost|p2b: Archaludon|def|1\n|move|p1b: giza|Trailblaze|p2a: Pelipper\n|-damage|p2a: Pelipper|0 fnt\n|-boost|p1b: giza|spe|1\n|faint|p2a: Pelipper\n|move|p2b: Archaludon|Dragon Pulse|p1b: giza\n|-enditem|p1b: giza|Focus Sash\n|-damage|p1b: giza|1/100\n|\n|-weather|RainDance|[upkeep]\n|-heal|p2b: Archaludon|53/100 par|[from] item: Leftovers\n|upkeep\n|\n|t:|1776647426\n|switch|p2a: Basculegion|Basculegion, L50, M|100/100\n|turn|3\n|\n|t:|1776647434\n|move|p2a: Basculegion|Aqua Jet|p1b: giza\n|-damage|p1b: giza|0 fnt\n|faint|p1b: giza\n|move|p1a: hi incineroar|Thunderbolt|p2a: Basculegion\n|-supereffective|p2a: Basculegion|1\n|-damage|p2a: Basculegion|0 fnt\n|faint|p2a: Basculegion\n|move|p2b: Archaludon|Dragon Pulse|p1a: hi incineroar\n|-damage|p1a: hi incineroar|38/100\n|\n|-weather|RainDance|[upkeep]\n|-heal|p2b: Archaludon|59/100 par|[from] item: Leftovers\n|upkeep\n|\n|t:|1776647447\n|switch|p1b: Schemin'|Sableye, L50, F|100/100\n|switch|p2a: Aggron|Aggron, L50, F|100/100\n|turn|4\n|inactive|Elite Fource has 30 seconds left.\n|\n|t:|1776647480\n|detailschange|p2a: Aggron|Aggron-Mega, L50, F\n|-mega|p2a: Aggron|Aggron|Aggronite\n|move|p1a: hi incineroar|Scald|p2a: Aggron\n|-damage|p2a: Aggron|0 fnt\n|faint|p2a: Aggron\n|move|p2b: Archaludon|Dragon Pulse|p1a: hi incineroar\n|-crit|p1a: hi incineroar\n|-damage|p1a: hi incineroar|0 fnt\n|faint|p1a: hi incineroar\n|move|p1b: Schemin'|Foul Play|p2b: Archaludon\n|-damage|p2b: Archaludon|48/100 par\n|-ability|p2b: Archaludon|Stamina|boost\n|-boost|p2b: Archaludon|def|1\n|\n|-weather|RainDance|[upkeep]\n|-heal|p2b: Archaludon|54/100 par|[from] item: Leftovers\n|-sideend|p2: kenzievee|move: Tailwind\n|upkeep\n|\n|t:|1776647485\n|switch|p1a: no documents|Appletun, L50, F|100/100\n|turn|5\n|\n|t:|1776647502\n|move|p2b: Archaludon|Protect|p2b: Archaludon\n|-singleturn|p2b: Archaludon|Protect\n|move|p1a: no documents|Apple Acid|p2b: Archaludon\n|-activate|p2b: Archaludon|move: Protect\n|move|p1b: Schemin'|Skill Swap|p2b: Archaludon\n|-activate|p2b: Archaludon|move: Protect\n|\n|-weather|none\n|-heal|p2b: Archaludon|60/100 par|[from] item: Leftovers\n|upkeep\n|turn|6\n|\n|t:|1776647515\n|cant|p2b: Archaludon|par\n|move|p1a: no documents|Apple Acid|p2b: Archaludon\n|-resisted|p2b: Archaludon|2\n|-damage|p2b: Archaludon|53/100 par\n|-unboost|p2b: Archaludon|spd|1\n|-ability|p2b: Archaludon|Stamina|boost\n|-boost|p2b: Archaludon|def|1\n|move|p1b: Schemin'|Knock Off|p2b: Archaludon\n|-damage|p2b: Archaludon|45/100 par\n|-ability|p2b: Archaludon|Stamina|boost\n|-boost|p2b: Archaludon|def|1\n|-enditem|p2b: Archaludon|Leftovers|[from] move: Knock Off|[of] p1b: Schemin'\n|\n|upkeep\n|turn|7\n|\n|t:|1776647532\n|move|p2b: Archaludon|Dragon Pulse|p1a: no documents\n|-supereffective|p1a: no documents|1\n|-damage|p1a: no documents|22/100\n|-activate|p1a: no documents|ability: Ripen\n|-enditem|p1a: no documents|Sitrus Berry|[eat]\n|-heal|p1a: no documents|72/100|[from] item: Sitrus Berry\n|move|p1a: no documents|Apple Acid|p2b: Archaludon\n|-resisted|p2b: Archaludon|2\n|-damage|p2b: Archaludon|34/100 par\n|-unboost|p2b: Archaludon|spd|1\n|-ability|p2b: Archaludon|Stamina|boost\n|-boost|p2b: Archaludon|def|1\n|move|p1b: Schemin'|Skill Swap|p2b: Archaludon\n|-activate|p1b: Schemin'|Skill Swap|Stamina|Stall|[of] p2b: Archaludon\n|\n|upkeep\n|turn|8\n|inactive|Elite Fource has 30 seconds left.\n|\n|t:|1776647566\n|move|p1b: Schemin'|Foul Play|p2b: Archaludon\n|-damage|p2b: Archaludon|28/100 par\n|move|p1a: no documents|Apple Acid|p2b: Archaludon\n|-resisted|p2b: Archaludon|2\n|-damage|p2b: Archaludon|13/100 par\n|-unboost|p2b: Archaludon|spd|1\n|cant|p2b: Archaludon|par\n|\n|upkeep\n|turn|9\n|-message|kenzievee forfeited.\n|\n|win|Elite Fource\n|raw|Elite Fource's rating: 1013 &rarr; <strong>1054</strong><br />(+41 for winning)\n|raw|kenzievee's rating: 1038 &rarr; <strong>1021</strong><br />(-17 for losing)\n|l|\u2606kenzievee\n|player|p2|\n",
  "uploadtime": 1776647582,
  "views": 6,
  "formatid": "gen9championsvgc2026regma",
  "rating": 1021,
  "private": 0,
  "password": null
}