{
  "id": "gen9championsvgc2026regma-2588536459",
  "format": "[Gen 9 Champions] VGC 2026 Reg M-A",
  "players": [
    "nicorniov9",
    "snowyhorse42"
  ],
  "log": "|j|\u2606nicorniov9\n|j|\u2606snowyhorse42\n|t:|1776642686\n|gametype|doubles\n|player|p1|nicorniov9|bruno|1226\n|player|p2|snowyhorse42|2|1129\n|gen|9\n|tier|[Gen 9 Champions] VGC 2026 Reg M-A\n|rated|\n|rule|Species Clause: Limit one of each Pok\u00e9mon\n|rule|Item Clause: Limit 1 of each item\n|clearpoke\n|poke|p1|Aegislash, L50, F|\n|poke|p1|Farigiraf, L50, M|\n|poke|p1|Kommo-o, L50, M|\n|poke|p1|Crabominable, L50, M|\n|poke|p1|Incineroar, L50, M, shiny|\n|poke|p1|Aerodactyl, L50, F, shiny|\n|poke|p2|Torterra, L50, M|\n|poke|p2|Incineroar, L50, F|\n|poke|p2|Tyranitar, L50, F|\n|poke|p2|Excadrill, L50, M|\n|poke|p2|Rotom-Wash, L50|\n|poke|p2|Sneasler, L50, M|\n|teampreview|4\n|\n|t:|1776642715\n|teamsize|p1|4\n|teamsize|p2|4\n|start\n|switch|p1a: Incineroar|Incineroar, L50, M, shiny|100/100\n|switch|p1b: Aerodactyl|Aerodactyl, L50, F, shiny|100/100\n|switch|p2a: Torterra|Torterra, L50, M|100/100\n|switch|p2b: Tyranitar|Tyranitar, L50, F|100/100\n|-ability|p1b: Aerodactyl|Unnerve\n|-weather|Sandstorm|[from] ability: Sand Stream|[of] p2b: Tyranitar\n|-ability|p1a: Incineroar|Intimidate|boost\n|-unboost|p2a: Torterra|atk|1\n|-unboost|p2b: Tyranitar|atk|1\n|turn|1\n|\n|t:|1776642733\n|switch|p2b: Incineroar|Incineroar, L50, F|100/100\n|-ability|p2b: Incineroar|Intimidate|boost\n|-unboost|p1a: Incineroar|atk|1\n|-unboost|p1b: Aerodactyl|atk|1\n|move|p1a: Incineroar|Fake Out|p2a: Torterra\n|-damage|p2a: Torterra|94/100\n|move|p1b: Aerodactyl|Tailwind|p1b: Aerodactyl\n|-sidestart|p1: nicorniov9|move: Tailwind\n|cant|p2a: Torterra|flinch\n|\n|-weather|Sandstorm|[upkeep]\n|-damage|p1a: Incineroar|95/100|[from] Sandstorm\n|-damage|p2b: Incineroar|95/100|[from] Sandstorm\n|-heal|p2a: Torterra|99/100|[from] item: Leftovers\n|upkeep\n|turn|2\n|\n|t:|1776642750\n|switch|p1b: Aegislash|Aegislash, L50, F|100/100\n|move|p2b: Incineroar|Fake Out|p1a: Incineroar\n|-damage|p1a: Incineroar|86/100\n|cant|p1a: Incineroar|flinch\n|move|p2a: Torterra|Stockpile|p2a: Torterra\n|-start|p2a: Torterra|stockpile1\n|-boost|p2a: Torterra|def|1\n|-boost|p2a: Torterra|spd|1\n|\n|-weather|Sandstorm|[upkeep]\n|-damage|p1a: Incineroar|80/100|[from] Sandstorm\n|-damage|p2b: Incineroar|89/100|[from] Sandstorm\n|-heal|p2a: Torterra|100/100|[from] item: Leftovers\n|upkeep\n|turn|3\n|\n|t:|1776642788\n|move|p1b: Aegislash|King's Shield|p1b: Aegislash\n|-singleturn|p1b: Aegislash|Protect\n|move|p2a: Torterra|Protect|p2a: Torterra\n|-singleturn|p2a: Torterra|Protect\n|move|p1a: Incineroar|Parting Shot|p2a: Torterra\n|-activate|p2a: Torterra|move: Protect\n|move|p2b: Incineroar|Parting Shot|p1a: Incineroar\n|-unboost|p1a: Incineroar|atk|1\n|-unboost|p1a: Incineroar|spa|1\n|\n|t:|1776642793\n|switch|p2b: Rotom|Rotom-Wash, L50|100/100|[from] Parting Shot\n|\n|-weather|Sandstorm|[upkeep]\n|-damage|p1a: Incineroar|74/100|[from] Sandstorm\n|-damage|p2b: Rotom|95/100|[from] Sandstorm\n|upkeep\n|turn|4\n|\n|t:|1776642810\n|-formechange|p1b: Aegislash|Aegislash-Blade|\n|move|p1b: Aegislash|Shadow Ball|p2b: Rotom\n|-damage|p2b: Rotom|41/100\n|-enditem|p2b: Rotom|Sitrus Berry|[eat]\n|-heal|p2b: Rotom|66/100|[from] item: Sitrus Berry\n|move|p1a: Incineroar|Parting Shot|p2b: Rotom\n|-unboost|p2b: Rotom|atk|1\n|-unboost|p2b: Rotom|spa|1\n|\n|t:|1776642818\n|switch|p1a: Kommo-o|Kommo-o, L50, M|100/100|[from] Parting Shot\n|move|p2b: Rotom|Will-O-Wisp|p1a: Kommo-o\n|-status|p1a: Kommo-o|brn\n|move|p2a: Torterra|Stockpile|p2a: Torterra\n|-start|p2a: Torterra|stockpile2\n|-boost|p2a: Torterra|def|1\n|-boost|p2a: Torterra|spd|1\n|\n|-weather|Sandstorm|[upkeep]\n|-damage|p1a: Kommo-o|94/100 brn|[from] Sandstorm\n|-damage|p2b: Rotom|60/100|[from] Sandstorm\n|-heal|p1a: Kommo-o|100/100 brn|[from] item: Leftovers\n|-damage|p1a: Kommo-o|94/100 brn|[from] brn\n|-sideend|p1: nicorniov9|move: Tailwind\n|upkeep\n|turn|5\n|\n|t:|1776642832\n|switch|p1b: Incineroar|Incineroar, L50, M, shiny|74/100\n|-ability|p1b: Incineroar|Intimidate|boost\n|-unboost|p2a: Torterra|atk|1\n|-unboost|p2b: Rotom|atk|1\n|move|p1a: Kommo-o|Clangorous Soul|p1a: Kommo-o\n|-boost|p1a: Kommo-o|atk|1\n|-boost|p1a: Kommo-o|def|1\n|-boost|p1a: Kommo-o|spa|1\n|-boost|p1a: Kommo-o|spd|1\n|-boost|p1a: Kommo-o|spe|1\n|-damage|p1a: Kommo-o|61/100 brn\n|move|p2b: Rotom|Electroweb|p1b: Incineroar|[spread] p1a,p1b\n|-resisted|p1a: Kommo-o|1\n|-crit|p1b: Incineroar\n|-damage|p1a: Kommo-o|58/100 brn\n|-damage|p1b: Incineroar|57/100\n|-unboost|p1a: Kommo-o|spe|1\n|-unboost|p1b: Incineroar|spe|1\n|move|p2a: Torterra|Sand Tomb|p1a: Kommo-o\n|-damage|p1a: Kommo-o|54/100 brn\n|-activate|p1a: Kommo-o|move: Sand Tomb|[of] p2a: Torterra\n|\n|-weather|none\n|-heal|p1a: Kommo-o|60/100 brn|[from] item: Leftovers\n|-damage|p1a: Kommo-o|54/100 brn|[from] brn\n|-damage|p1a: Kommo-o|42/100 brn|[from] move: Sand Tomb|[partiallytrapped]\n|upkeep\n|turn|6\n|\n|t:|1776642847\n|move|p2b: Rotom|Protect|p2b: Rotom\n|-singleturn|p2b: Rotom|Protect\n|move|p2a: Torterra|Protect|p2a: Torterra\n|-singleturn|p2a: Torterra|Protect\n|move|p1b: Incineroar|Fake Out|p2b: Rotom\n|-activate|p2b: Rotom|move: Protect\n|move|p1a: Kommo-o|Clanging Scales|p2b: Rotom|[spread] \n|-activate|p2a: Torterra|move: Protect\n|-activate|p2b: Rotom|move: Protect\n|\n|-heal|p1a: Kommo-o|48/100 brn|[from] item: Leftovers\n|-damage|p1a: Kommo-o|42/100 brn|[from] brn\n|-damage|p1a: Kommo-o|30/100 brn|[from] move: Sand Tomb|[partiallytrapped]\n|upkeep\n|turn|7\n|\n|t:|1776642872\n|switch|p2b: Tyranitar|Tyranitar, L50, F|100/100\n|-weather|Sandstorm|[from] ability: Sand Stream|[of] p2b: Tyranitar\n|move|p1a: Kommo-o|Clanging Scales|p2b: Tyranitar|[spread] p2a,p2b\n|-damage|p2a: Torterra|85/100\n|-damage|p2b: Tyranitar|71/100\n|-unboost|p1a: Kommo-o|def|1\n|move|p2a: Torterra|Stockpile|p2a: Torterra\n|-start|p2a: Torterra|stockpile3\n|-boost|p2a: Torterra|def|1\n|-boost|p2a: Torterra|spd|1\n|move|p1b: Incineroar|Flare Blitz|p2a: Torterra\n|-supereffective|p2a: Torterra|1\n|-damage|p2a: Torterra|51/100\n|-damage|p1b: Incineroar|46/100|[from] Recoil\n|-enditem|p1b: Incineroar|Sitrus Berry|[eat]\n|-heal|p1b: Incineroar|71/100|[from] item: Sitrus Berry\n|\n|-weather|Sandstorm|[upkeep]\n|-damage|p1a: Kommo-o|24/100 brn|[from] Sandstorm\n|-damage|p1b: Incineroar|65/100|[from] Sandstorm\n|-heal|p1a: Kommo-o|30/100 brn|[from] item: Leftovers\n|-heal|p2a: Torterra|57/100|[from] item: Leftovers\n|-damage|p1a: Kommo-o|24/100 brn|[from] brn\n|-damage|p1a: Kommo-o|12/100 brn|[from] move: Sand Tomb|[partiallytrapped]\n|upkeep\n|turn|8\n|\n|t:|1776642888\n|move|p2b: Tyranitar|Protect|p2b: Tyranitar\n|-singleturn|p2b: Tyranitar|Protect\n|move|p1a: Kommo-o|Aura Sphere|p2b: Tyranitar\n|-activate|p2b: Tyranitar|move: Protect\n|move|p2a: Torterra|Leech Seed|p1b: Incineroar\n|-start|p1b: Incineroar|move: Leech Seed\n|move|p1b: Incineroar|Parting Shot|p2a: Torterra\n|-unboost|p2a: Torterra|atk|1\n|-unboost|p2a: Torterra|spa|1\n|\n|t:|1776642893\n|switch|p1b: Aerodactyl|Aerodactyl, L50, F, shiny|100/100|[from] Parting Shot\n|-ability|p1b: Aerodactyl|Unnerve\n|\n|-weather|Sandstorm|[upkeep]\n|-damage|p1a: Kommo-o|6/100 brn|[from] Sandstorm\n|-heal|p1a: Kommo-o|12/100 brn|[from] item: Leftovers\n|-heal|p2a: Torterra|63/100|[from] item: Leftovers\n|-damage|p1a: Kommo-o|6/100 brn|[from] brn\n|-damage|p1a: Kommo-o|0 fnt|[from] move: Sand Tomb|[partiallytrapped]\n|faint|p1a: Kommo-o\n|upkeep\n|\n|t:|1776642897\n|switch|p1a: Incineroar|Incineroar, L50, M, shiny|65/100\n|-ability|p1a: Incineroar|Intimidate|boost\n|-unboost|p2a: Torterra|atk|1\n|-unboost|p2b: Tyranitar|atk|1\n|turn|9\n|\n|t:|1776642904\n|switch|p2b: Incineroar|Incineroar, L50, F|89/100\n|-ability|p2b: Incineroar|Intimidate|boost\n|-unboost|p1a: Incineroar|atk|1\n|-unboost|p1b: Aerodactyl|atk|1\n|move|p1a: Incineroar|Fake Out|p2b: Incineroar\n|-damage|p2b: Incineroar|82/100\n|move|p1b: Aerodactyl|Tailwind|p1b: Aerodactyl\n|-sidestart|p1: nicorniov9|move: Tailwind\n|move|p2a: Torterra|Leech Seed|p1b: Aerodactyl\n|-start|p1b: Aerodactyl|move: Leech Seed\n|\n|-weather|Sandstorm|[upkeep]\n|-damage|p1a: Incineroar|59/100|[from] Sandstorm\n|-damage|p2b: Incineroar|76/100|[from] Sandstorm\n|-heal|p2a: Torterra|69/100|[from] item: Leftovers\n|-damage|p1b: Aerodactyl|88/100|[from] Leech Seed|[of] p2a: Torterra\n|-heal|p2a: Torterra|79/100|[silent]\n|upkeep\n|turn|10\n|\n|t:|1776642917\n|move|p2b: Incineroar|Fake Out|p1a: Incineroar\n|-damage|p1a: Incineroar|50/100\n|move|p1b: Aerodactyl|Dual Wingbeat|p2a: Torterra\n|-supereffective|p2a: Torterra|1\n|-damage|p2a: Torterra|69/100\n|-supereffective|p2a: Torterra|1\n|-damage|p2a: Torterra|59/100\n|-hitcount|p2a: Torterra|2\n|cant|p1a: Incineroar|flinch\n|move|p2a: Torterra|Sand Tomb|p1a: Incineroar\n|-supereffective|p1a: Incineroar|1\n|-damage|p1a: Incineroar|43/100\n|-activate|p1a: Incineroar|move: Sand Tomb|[of] p2a: Torterra\n|\n|-weather|Sandstorm|[upkeep]\n|-damage|p1a: Incineroar|37/100|[from] Sandstorm\n|-damage|p2b: Incineroar|70/100|[from] Sandstorm\n|-heal|p2a: Torterra|65/100|[from] item: Leftovers\n|-damage|p1b: Aerodactyl|76/100|[from] Leech Seed|[of] p2a: Torterra\n|-heal|p2a: Torterra|74/100|[silent]\n|-damage|p1a: Incineroar|25/100|[from] move: Sand Tomb|[partiallytrapped]\n|upkeep\n|turn|11\n|\n|t:|1776642925\n|move|p1b: Aerodactyl|Dual Wingbeat|p2a: Torterra|[miss]\n|-miss|p1b: Aerodactyl|p2a: Torterra\n|move|p1a: Incineroar|Parting Shot|p2b: Incineroar\n|-unboost|p2b: Incineroar|atk|1\n|-unboost|p2b: Incineroar|spa|1\n|\n|t:|1776642928\n|switch|p1a: Aegislash|Aegislash, L50, F|100/100|[from] Parting Shot\n|move|p2b: Incineroar|Flare Blitz|p1a: Aegislash\n|-supereffective|p1a: Aegislash|1\n|-damage|p1a: Aegislash|54/100\n|-damage|p2b: Incineroar|57/100|[from] Recoil\n|move|p2a: Torterra|Leech Seed|p1a: Aegislash|[miss]\n|-miss|p2a: Torterra|p1a: Aegislash\n|\n|-weather|none\n|-heal|p2a: Torterra|80/100|[from] item: Leftovers\n|-damage|p1b: Aerodactyl|64/100|[from] Leech Seed|[of] p2a: Torterra\n|-heal|p2a: Torterra|90/100|[silent]\n|upkeep\n|turn|12\n|\n|t:|1776642945\n|switch|p2b: Rotom|Rotom-Wash, L50|60/100\n|move|p1b: Aerodactyl|Dual Wingbeat|p2a: Torterra\n|-supereffective|p2a: Torterra|1\n|-damage|p2a: Torterra|80/100\n|-supereffective|p2a: Torterra|1\n|-damage|p2a: Torterra|70/100\n|-hitcount|p2a: Torterra|2\n|-formechange|p1a: Aegislash|Aegislash-Blade|\n|move|p1a: Aegislash|Shadow Ball|p2a: Torterra\n|-damage|p2a: Torterra|54/100\n|move|p2a: Torterra|Leech Seed|p1a: Aegislash\n|-start|p1a: Aegislash|move: Leech Seed\n|\n|-heal|p2a: Torterra|60/100|[from] item: Leftovers\n|-damage|p1b: Aerodactyl|51/100|[from] Leech Seed|[of] p2a: Torterra\n|-heal|p2a: Torterra|70/100|[silent]\n|-damage|p1a: Aegislash|42/100|[from] Leech Seed|[of] p2a: Torterra\n|-heal|p2a: Torterra|80/100|[silent]\n|-sideend|p1: nicorniov9|move: Tailwind\n|upkeep\n|turn|13\n|\n|t:|1776642959\n|move|p1b: Aerodactyl|Dual Wingbeat|p2a: Torterra\n|-supereffective|p2a: Torterra|1\n|-damage|p2a: Torterra|70/100\n|-supereffective|p2a: Torterra|1\n|-damage|p2a: Torterra|60/100\n|-hitcount|p2a: Torterra|2\n|move|p2b: Rotom|Hydro Pump|p1b: Aerodactyl\n|-supereffective|p1b: Aerodactyl|1\n|-damage|p1b: Aerodactyl|0 fnt\n|faint|p1b: Aerodactyl\n|move|p1a: Aegislash|Shadow Ball|p2a: Torterra\n|-damage|p2a: Torterra|44/100\n|move|p2a: Torterra|Sand Tomb|p1a: Aegislash\n|-supereffective|p1a: Aegislash|1\n|-damage|p1a: Aegislash|24/100\n|-activate|p1a: Aegislash|move: Sand Tomb|[of] p2a: Torterra\n|\n|-heal|p2a: Torterra|50/100|[from] item: Leftovers\n|-damage|p1a: Aegislash|12/100|[from] Leech Seed|[of] p2a: Torterra\n|-heal|p2a: Torterra|59/100|[silent]\n|-damage|p1a: Aegislash|0 fnt|[from] move: Sand Tomb|[partiallytrapped]\n|faint|p1a: Aegislash\n|upkeep\n|\n|t:|1776642967\n|switch|p1b: Incineroar|Incineroar, L50, M, shiny|25/100\n|-ability|p1b: Incineroar|Intimidate|boost\n|-unboost|p2a: Torterra|atk|1\n|-unboost|p2b: Rotom|atk|1\n|turn|14\n|-message|nicorniov9 forfeited.\n|\n|win|snowyhorse42\n|raw|nicorniov9's rating: 1226 &rarr; <strong>1194</strong><br />(-32 for losing)\n|raw|snowyhorse42's rating: 1129 &rarr; <strong>1161</strong><br />(+32 for winning)\n|l|\u2606nicorniov9\n|player|p1|\n",
  "uploadtime": 1776642994,
  "views": 27,
  "formatid": "gen9championsvgc2026regma",
  "rating": 1161,
  "private": 0,
  "password": null
}