{
  "id": "gen9championsvgc2026regma-2584416623",
  "format": "[Gen 9 Champions] VGC 2026 Reg M-A",
  "players": [
    "Volcano0",
    "rubenoj94"
  ],
  "log": "|j|\u203dVolcano0\n|j|\u2606rubenoj94\n|t:|1776259342\n|gametype|doubles\n|player|p1|Volcano0|n|1124\n|player|p2|rubenoj94|pokefan|1061\n|gen|9\n|tier|[Gen 9 Champions] VGC 2026 Reg M-A\n|rated|\n|rule|Species Clause: Limit one of each Pok\u00e9mon\n|rule|Item Clause: Limit 1 of each item\n|clearpoke\n|poke|p1|Charizard, L50, F|\n|poke|p1|Venusaur, L50, F|\n|poke|p1|Incineroar, L50, F|\n|poke|p1|Garchomp, L50, F|\n|poke|p1|Floette-Eternal, L50, F|\n|poke|p1|Maushold-Four, L50|\n|poke|p2|Incineroar, L50, M|\n|poke|p2|Oranguru, L50, F|\n|poke|p2|Crabominable, L50, F|\n|poke|p2|Hatterene, L50, F|\n|poke|p2|Sneasler, L50, F|\n|poke|p2|Sinistcha, L50|\n|teampreview|4\n|inactive|Battle timer is ON: inactive players will automatically lose when time's up. (requested by Volcano0)\n|inactive|Volcano0 has 60 seconds left.\n|\n|t:|1776259377\n|teamsize|p1|4\n|teamsize|p2|4\n|start\n|switch|p1a: Charizard|Charizard, L50, F, shiny|100/100\n|switch|p1b: Garchomp|Garchomp, L50, F|100/100\n|switch|p2a: Incineroar|Incineroar, L50, M|100/100\n|switch|p2b: Oranguru|Oranguru, L50, F|100/100\n|-ability|p2a: Incineroar|Intimidate|boost\n|-unboost|p1a: Charizard|atk|1\n|-unboost|p1b: Garchomp|atk|1\n|turn|1\n|\n|t:|1776259397\n|move|p2a: Incineroar|Fake Out|p1a: Charizard\n|-damage|p1a: Charizard|87/100\n|move|p1b: Garchomp|Earthquake|p2a: Incineroar|[spread] p2a,p2b\n|-immune|p1a: Charizard\n|-supereffective|p2a: Incineroar|1\n|-damage|p2a: Incineroar|61/100\n|-damage|p2b: Oranguru|79/100\n|cant|p1a: Charizard|flinch\n|move|p2b: Oranguru|Trick Room|p2b: Oranguru\n|-fieldstart|move: Trick Room|[of] p2b: Oranguru\n|\n|-heal|p2a: Incineroar|67/100|[from] item: Leftovers\n|upkeep\n|turn|2\n|\n|t:|1776259415\n|move|p2b: Oranguru|Protect|p2b: Oranguru\n|-singleturn|p2b: Oranguru|Protect\n|move|p2a: Incineroar|Parting Shot|p1a: Charizard\n|-unboost|p1a: Charizard|atk|1\n|-unboost|p1a: Charizard|spa|1\n|\n|t:|1776259424\n|switch|p2a: Hatterene|Hatterene, L50, F|100/100|[from] Parting Shot\n|move|p1a: Charizard|Overheat|p2b: Oranguru\n|-activate|p2b: Oranguru|move: Protect\n|move|p1b: Garchomp|Earthquake|p2a: Hatterene|[spread] p2a\n|-activate|p2b: Oranguru|move: Protect\n|-immune|p1a: Charizard\n|-damage|p2a: Hatterene|71/100\n|\n|upkeep\n|turn|3\n|\n|t:|1776259441\n|switch|p1b: Incineroar|Incineroar, L50, F, shiny|100/100\n|-ability|p1b: Incineroar|Intimidate|boost\n|-unboost|p2a: Hatterene|atk|1\n|-fail|p2b: Oranguru|unboost|Attack|[from] ability: Inner Focus|[of] p2b: Oranguru\n|move|p2a: Hatterene|Dazzling Gleam|p1a: Charizard|[spread] p1a,p1b\n|-resisted|p1a: Charizard|1\n|-damage|p1a: Charizard|66/100\n|-damage|p1b: Incineroar|73/100\n|move|p2b: Oranguru|Instruct||[still]\n|-fail|p2b: Oranguru\n|move|p1a: Charizard|Heat Wave|p2a: Hatterene|[spread] p2a,p2b\n|-damage|p2a: Hatterene|45/100\n|-damage|p2b: Oranguru|60/100\n|-enditem|p2a: Hatterene|Sitrus Berry|[eat]\n|-heal|p2a: Hatterene|70/100|[from] item: Sitrus Berry\n|\n|upkeep\n|turn|4\n|\n|t:|1776259463\n|switch|p2a: Incineroar|Incineroar, L50, M|67/100\n|-ability|p2a: Incineroar|Intimidate|boost\n|-unboost|p1a: Charizard|atk|1\n|-unboost|p1b: Incineroar|atk|1\n|move|p2b: Oranguru|Protect|p2b: Oranguru\n|-singleturn|p2b: Oranguru|Protect\n|move|p1b: Incineroar|Flare Blitz|p2a: Incineroar\n|-resisted|p2a: Incineroar|1\n|-damage|p2a: Incineroar|55/100\n|-damage|p1b: Incineroar|69/100|[from] Recoil\n|move|p1a: Charizard|Heat Wave|p2b: Oranguru|[spread] p2a\n|-activate|p2b: Oranguru|move: Protect\n|-resisted|p2a: Incineroar|1\n|-damage|p2a: Incineroar|46/100\n|\n|-heal|p2a: Incineroar|52/100|[from] item: Leftovers\n|upkeep\n|turn|5\n|inactive|Volcano0 has 30 seconds left.\n|inactive|rubenoj94 has 30 seconds left.\n|inactive|rubenoj94 has 20 seconds left.\n|\n|t:|1776259498\n|switch|p2b: Hatterene|Hatterene, L50, F|70/100\n|move|p2a: Incineroar|Parting Shot|p1a: Charizard\n|-unboost|p1a: Charizard|atk|1\n|-unboost|p1a: Charizard|spa|1\n|\n|t:|1776259506\n|switch|p2a: Oranguru|Oranguru, L50, F|60/100|[from] Parting Shot\n|move|p1b: Incineroar|Darkest Lariat|p2b: Hatterene\n|-damage|p2b: Hatterene|42/100\n|move|p1a: Charizard|Overheat|p2b: Hatterene\n|-damage|p2b: Hatterene|7/100\n|-unboost|p1a: Charizard|spa|2\n|\n|-fieldend|move: Trick Room\n|upkeep\n|turn|6\n|\n|t:|1776259520\n|switch|p2b: Incineroar|Incineroar, L50, M|52/100\n|-ability|p2b: Incineroar|Intimidate|boost\n|-unboost|p1a: Charizard|atk|1\n|-unboost|p1b: Incineroar|atk|1\n|move|p1a: Charizard|Heat Wave|p2a: Oranguru|[spread] p2a,p2b\n|-resisted|p2b: Incineroar|1\n|-damage|p2a: Oranguru|51/100\n|-damage|p2b: Incineroar|48/100\n|move|p1b: Incineroar|Darkest Lariat|p2a: Oranguru\n|-supereffective|p2a: Oranguru|1\n|-damage|p2a: Oranguru|22/100\n|move|p2a: Oranguru|Trick Room|p2a: Oranguru\n|-fieldstart|move: Trick Room|[of] p2a: Oranguru\n|\n|-heal|p2b: Incineroar|53/100|[from] item: Leftovers\n|upkeep\n|turn|7\n|\n|t:|1776259540\n|move|p2a: Oranguru|Protect|p2a: Oranguru\n|-singleturn|p2a: Oranguru|Protect\n|move|p1a: Charizard|Protect|p1a: Charizard\n|-singleturn|p1a: Charizard|Protect\n|move|p2b: Incineroar|Parting Shot|p1a: Charizard\n|-activate|p1a: Charizard|move: Protect\n|move|p1b: Incineroar|Darkest Lariat|p2a: Oranguru\n|-activate|p2a: Oranguru|move: Protect\n|\n|-heal|p2b: Incineroar|59/100|[from] item: Leftovers\n|upkeep\n|turn|8\n|inactive|Volcano0 has 30 seconds left.\n|\n|t:|1776259572\n|switch|p2a: Crabominable|Crabominable, L50, F|100/100\n|switch|p1a: Floette|Floette-Eternal, L50, F|100/100\n|move|p2b: Incineroar|Parting Shot|p1a: Floette\n|-unboost|p1a: Floette|atk|1\n|-unboost|p1a: Floette|spa|1\n|\n|t:|1776259582\n|switch|p2b: Oranguru|Oranguru, L50, F|22/100|[from] Parting Shot\n|move|p1b: Incineroar|Darkest Lariat|p2a: Crabominable\n|-resisted|p2a: Crabominable|1\n|-damage|p2a: Crabominable|90/100\n|\n|upkeep\n|turn|9\n|\n|t:|1776259603\n|switch|p1a: Charizard|Charizard, L50, F, shiny|66/100\n|detailschange|p2a: Crabominable|Crabominable-Mega, L50, F\n|-mega|p2a: Crabominable|Crabominable|Crabominite\n|move|p2a: Crabominable|Drain Punch|p1b: Incineroar\n|-supereffective|p1b: Incineroar|1\n|-damage|p1b: Incineroar|0 fnt\n|-heal|p2a: Crabominable|100/100|[from] drain|[of] p1b: Incineroar\n|faint|p1b: Incineroar\n|move|p2b: Oranguru|Instruct|p2a: Crabominable\n|-singleturn|p2a: Crabominable|move: Instruct|[of] p2b: Oranguru\n|move|p2a: Crabominable|Drain Punch|p1a: Charizard\n|-resisted|p1a: Charizard|1\n|-damage|p1a: Charizard|32/100\n|\n|upkeep\n|\n|t:|1776259616\n|switch|p1b: Floette|Floette-Eternal, L50, F|100/100\n|turn|10\n|\n|t:|1776259631\n|move|p1b: Floette|Protect|p1b: Floette\n|-singleturn|p1b: Floette|Protect\n|move|p1a: Charizard|Protect|p1a: Charizard\n|-singleturn|p1a: Charizard|Protect\n|move|p2a: Crabominable|Thunder Punch|p1b: Floette\n|-activate|p1b: Floette|move: Protect\n|move|p2b: Oranguru|Instruct|p2a: Crabominable\n|-singleturn|p2a: Crabominable|move: Instruct|[of] p2b: Oranguru\n|move|p2a: Crabominable|Thunder Punch|p1b: Floette\n|-activate|p1b: Floette|move: Protect\n|\n|-fieldend|move: Trick Room\n|upkeep\n|turn|11\n|\n|t:|1776259648\n|switch|p2a: Incineroar|Incineroar, L50, M|59/100\n|-ability|p2a: Incineroar|Intimidate|boost\n|-unboost|p1a: Charizard|atk|1\n|-unboost|p1b: Floette|atk|1\n|detailschange|p1b: Floette|Floette-Mega, L50, F\n|-mega|p1b: Floette|Floette|Floettite\n|-ability|p1b: Floette|Fairy Aura\n|move|p2b: Oranguru|Protect|p2b: Oranguru\n|-singleturn|p2b: Oranguru|Protect\n|move|p1a: Charizard|Heat Wave|p2b: Oranguru|[spread] p2a\n|-activate|p2b: Oranguru|move: Protect\n|-resisted|p2a: Incineroar|1\n|-damage|p2a: Incineroar|38/100\n|move|p1b: Floette|Dazzling Gleam|p2b: Oranguru|[spread] p2a\n|-activate|p2b: Oranguru|move: Protect\n|-damage|p2a: Incineroar|0 fnt\n|faint|p2a: Incineroar\n|\n|upkeep\n|\n|t:|1776259668\n|switch|p2a: Hatterene|Hatterene, L50, F|7/100\n|turn|12\n|\n|t:|1776259677\n|move|p2b: Oranguru|Protect|p2b: Oranguru\n|-singleturn|p2b: Oranguru|Protect\n|move|p1a: Charizard|Heat Wave|p2b: Oranguru|[spread] p2a\n|-activate|p2b: Oranguru|move: Protect\n|-damage|p2a: Hatterene|0 fnt\n|faint|p2a: Hatterene\n|move|p1b: Floette|Dazzling Gleam|p2b: Oranguru\n|-activate|p2b: Oranguru|move: Protect\n|\n|upkeep\n|\n|t:|1776259687\n|switch|p2a: Crabominable|Crabominable-Mega, L50, F|100/100\n|turn|13\n|\n|t:|1776259696\n|move|p1a: Charizard|Heat Wave|p2a: Crabominable|[spread] p2a,p2b\n|-supereffective|p2a: Crabominable|1\n|-damage|p2a: Crabominable|23/100\n|-damage|p2b: Oranguru|0 fnt\n|faint|p2b: Oranguru\n|move|p1b: Floette|Dazzling Gleam|p2a: Crabominable\n|-supereffective|p2a: Crabominable|1\n|-damage|p2a: Crabominable|0 fnt\n|faint|p2a: Crabominable\n|\n|win|Volcano0\n|raw|Volcano0's rating: 1124 &rarr; <strong>1145</strong><br />(+21 for winning)\n|raw|rubenoj94's rating: 1061 &rarr; <strong>1045</strong><br />(-16 for losing)\n|l|\u2606rubenoj94\n|player|p2|\n",
  "uploadtime": 1776259704,
  "views": 23,
  "formatid": "gen9championsvgc2026regma",
  "rating": 1045,
  "private": 0,
  "password": null
}