{
  "id": "gen9championsvgc2026regma-2588642855",
  "format": "[Gen 9 Champions] VGC 2026 Reg M-A",
  "players": [
    "nugget1221",
    "Devta"
  ],
  "log": "|j|\u2606nugget1221\n|j|\u2606Devta\n|t:|1776653066\n|gametype|doubles\n|player|p1|nugget1221|ethan|1211\n|player|p2|Devta|hexmaniac-gen6|1289\n|gen|9\n|tier|[Gen 9 Champions] VGC 2026 Reg M-A\n|rated|\n|rule|Species Clause: Limit one of each Pok\u00e9mon\n|rule|Item Clause: Limit 1 of each item\n|clearpoke\n|poke|p1|Tyranitar, L50, F|\n|poke|p1|Excadrill, L50, M|\n|poke|p1|Dragapult, L50, M|\n|poke|p1|Meganium, L50, F|\n|poke|p1|Rotom-Wash, L50|\n|poke|p1|Sneasler, L50, M|\n|poke|p2|Floette-Eternal, L50, F|\n|poke|p2|Aerodactyl, L50, F|\n|poke|p2|Milotic, L50, M, shiny|\n|poke|p2|Kommo-o, L50, M|\n|poke|p2|Sinistcha-Masterpiece, L50, shiny|\n|poke|p2|Delphox, L50, F, shiny|\n|teampreview|4\n|inactive|Battle timer is ON: inactive players will automatically lose when time's up. (requested by nugget1221)\n|inactive|nugget1221 has 60 seconds left.\n|inactive|Devta has 60 seconds left.\n|\n|t:|1776653105\n|teamsize|p1|4\n|teamsize|p2|4\n|start\n|switch|p1a: Excadrill|Excadrill, L50, M|100/100\n|switch|p1b: Sneasler|Sneasler, L50, M|100/100\n|switch|p2a: Aerodactyl|Aerodactyl, L50, F|100/100\n|switch|p2b: Kommo-o|Kommo-o, L50, M|100/100\n|-ability|p2a: Aerodactyl|Unnerve\n|turn|1\n|\n|t:|1776653126\n|move|p2a: Aerodactyl|Protect|p2a: Aerodactyl\n|-singleturn|p2a: Aerodactyl|Protect\n|move|p2b: Kommo-o|Protect|p2b: Kommo-o\n|-singleturn|p2b: Kommo-o|Protect\n|move|p1b: Sneasler|Fake Out|p2a: Aerodactyl\n|-activate|p2a: Aerodactyl|move: Protect\n|move|p1a: Excadrill|Iron Head|p2a: Aerodactyl\n|-activate|p2a: Aerodactyl|move: Protect\n|\n|upkeep\n|turn|2\n|inactive|nugget1221 has 30 seconds left.\n|\n|t:|1776653154\n|move|p2a: Aerodactyl|Tailwind|p2a: Aerodactyl\n|-sidestart|p2: Devta|move: Tailwind\n|move|p2b: Kommo-o|Aura Sphere|p1a: Excadrill\n|-supereffective|p1a: Excadrill|1\n|-damage|p1a: Excadrill|4/100\n|move|p1b: Sneasler|Dire Claw|p2b: Kommo-o\n|-damage|p2b: Kommo-o|60/100\n|-status|p2b: Kommo-o|psn\n|move|p1a: Excadrill|Iron Head|p2a: Aerodactyl\n|-supereffective|p2a: Aerodactyl|1\n|-enditem|p2a: Aerodactyl|Focus Sash\n|-damage|p2a: Aerodactyl|1/100\n|\n|-damage|p2b: Kommo-o|48/100 psn|[from] psn\n|upkeep\n|turn|3\n|inactive|Devta has 30 seconds left.\n|\n|t:|1776653185\n|switch|p2a: Sinistcha|Sinistcha-Masterpiece, L50, shiny|100/100\n|-heal|p2b: Kommo-o|73/100 psn|[from] ability: Hospitality|[of] p2a: Sinistcha\n|move|p1b: Sneasler|Protect|p1b: Sneasler\n|-singleturn|p1b: Sneasler|Protect\n|move|p2b: Kommo-o|Clanging Scales|p1b: Sneasler|[spread] p1a\n|-activate|p1b: Sneasler|move: Protect\n|-resisted|p1a: Excadrill|1\n|-crit|p1a: Excadrill\n|-damage|p1a: Excadrill|0 fnt\n|faint|p1a: Excadrill\n|-unboost|p2b: Kommo-o|def|1\n|\n|-damage|p2b: Kommo-o|61/100 psn|[from] psn\n|upkeep\n|\n|t:|1776653193\n|switch|p1a: Meganium|Meganium, L50, F|100/100\n|turn|4\n|inactive|Devta has 30 seconds left.\n|inactive|Devta has 20 seconds left.\n|inactive|Devta has 15 seconds left.\n|inactive|Devta has 10 seconds left.\n|inactive|Devta has 5 seconds left.\n|\n|t:|1776653247\n|detailschange|p1a: Meganium|Meganium-Mega, L50, F\n|-mega|p1a: Meganium|Meganium|Meganiumite\n|move|p2b: Kommo-o|Clanging Scales|p1b: Sneasler|[spread] p1b\n|-immune|p1a: Meganium\n|-damage|p1b: Sneasler|37/100\n|-unboost|p2b: Kommo-o|def|1\n|move|p1b: Sneasler|Dire Claw|p2a: Sinistcha\n|-damage|p2a: Sinistcha|67/100\n|move|p2a: Sinistcha|Matcha Gotcha|p1b: Sneasler|[spread] p1a,p1b\n|-resisted|p1a: Meganium|1\n|-resisted|p1b: Sneasler|1\n|-damage|p1a: Meganium|90/100\n|-heal|p2a: Sinistcha|72/100|[from] drain|[of] p1a: Meganium\n|-damage|p1b: Sneasler|20/100\n|-heal|p2a: Sinistcha|80/100|[from] drain|[of] p1b: Sneasler\n|move|p1a: Meganium|Dazzling Gleam|p2a: Sinistcha|[spread] p2a,p2b\n|-supereffective|p2b: Kommo-o|2\n|-damage|p2a: Sinistcha|43/100\n|-damage|p2b: Kommo-o|0 fnt\n|-enditem|p2a: Sinistcha|Sitrus Berry|[eat]\n|-heal|p2a: Sinistcha|67/100|[from] item: Sitrus Berry\n|faint|p2b: Kommo-o\n|\n|upkeep\n|\n|t:|1776653259\n|switch|p2b: Floette|Floette-Eternal, L50, F|100/100\n|turn|5\n|\n|t:|1776653280\n|switch|p2a: Aerodactyl|Aerodactyl, L50, F|1/100\n|-ability|p2a: Aerodactyl|Unnerve\n|detailschange|p2b: Floette|Floette-Mega, L50, F\n|-mega|p2b: Floette|Floette|Floettite\n|-ability|p2b: Floette|Fairy Aura\n|move|p1b: Sneasler|Protect|p1b: Sneasler\n|-singleturn|p1b: Sneasler|Protect\n|move|p2b: Floette|Dazzling Gleam|p1b: Sneasler|[spread] p1a\n|-activate|p1b: Sneasler|move: Protect\n|-damage|p1a: Meganium|52/100\n|move|p1a: Meganium|Weather Ball|p2a: Aerodactyl\n|-resisted|p2a: Aerodactyl|1\n|-damage|p2a: Aerodactyl|0 fnt\n|faint|p2a: Aerodactyl\n|\n|-sideend|p2: Devta|move: Tailwind\n|upkeep\n|\n|t:|1776653291\n|switch|p2a: Sinistcha|Sinistcha-Masterpiece, L50, shiny|67/100\n|turn|6\n|inactive|Devta has 30 seconds left.\n|\n|t:|1776653323\n|switch|p1b: Tyranitar|Tyranitar, L50, F|100/100\n|-weather|Sandstorm|[from] ability: Sand Stream|[of] p1b: Tyranitar\n|move|p2a: Sinistcha|Rage Powder|p2a: Sinistcha\n|-singleturn|p2a: Sinistcha|move: Rage Powder\n|move|p2b: Floette|Dazzling Gleam|p1b: Tyranitar|[spread] p1a,p1b\n|-supereffective|p1b: Tyranitar|1\n|-damage|p1a: Meganium|10/100\n|-damage|p1b: Tyranitar|42/100\n|move|p1a: Meganium|Weather Ball|p2a: Sinistcha\n|-supereffective|p2a: Sinistcha|1\n|-damage|p2a: Sinistcha|0 fnt\n|faint|p2a: Sinistcha\n|\n|-weather|Sandstorm|[upkeep]\n|-damage|p2b: Floette|94/100|[from] Sandstorm\n|-damage|p1a: Meganium|4/100|[from] Sandstorm\n|upkeep\n|turn|7\n|\n|t:|1776653340\n|move|p2b: Floette|Dazzling Gleam|p1a: Meganium|[spread] p1a,p1b\n|-supereffective|p1b: Tyranitar|1\n|-damage|p1a: Meganium|0 fnt\n|-damage|p1b: Tyranitar|0 fnt\n|faint|p1a: Meganium\n|faint|p1b: Tyranitar\n|\n|-weather|Sandstorm|[upkeep]\n|-damage|p2b: Floette|88/100|[from] Sandstorm\n|upkeep\n|\n|t:|1776653343\n|switch|p1a: Sneasler|Sneasler, L50, M|20/100\n|turn|8\n|\n|t:|1776653350\n|move|p2b: Floette|Protect|p2b: Floette\n|-singleturn|p2b: Floette|Protect\n|move|p1a: Sneasler|Fake Out|p2b: Floette\n|-activate|p2b: Floette|move: Protect\n|\n|-weather|Sandstorm|[upkeep]\n|-damage|p1a: Sneasler|14/100|[from] Sandstorm\n|-damage|p2b: Floette|82/100|[from] Sandstorm\n|upkeep\n|turn|9\n|\n|t:|1776653353\n|move|p1a: Sneasler|Dire Claw|p2b: Floette\n|-supereffective|p2b: Floette|1\n|-damage|p2b: Floette|0 fnt\n|faint|p2b: Floette\n|\n|win|nugget1221\n|raw|nugget1221's rating: 1211 &rarr; <strong>1242</strong><br />(+31 for winning)\n|raw|Devta's rating: 1289 &rarr; <strong>1258</strong><br />(-31 for losing)\n|l|\u2606nugget1221\n|player|p1|\n",
  "uploadtime": 1776653367,
  "views": 8,
  "formatid": "gen9championsvgc2026regma",
  "rating": 1242,
  "private": 0,
  "password": null
}