{
  "id": "gen9championsvgc2026regma-2584158655",
  "format": "[Gen 9 Champions] VGC 2026 Reg M-A",
  "players": [
    "Missed Ledgedash",
    "rubisama\u53a8"
  ],
  "log": "|j|\u2606Missed Ledgedash\n|j|\u2606rubisama\u53a8\n|t:|1776232179\n|gametype|doubles\n|player|p1|Missed Ledgedash|juan-gen3|1193\n|player|p2|rubisama\u53a8|1|1229\n|gen|9\n|tier|[Gen 9 Champions] VGC 2026 Reg M-A\n|rated|\n|rule|Species Clause: Limit one of each Pok\u00e9mon\n|rule|Item Clause: Limit 1 of each item\n|clearpoke\n|poke|p1|Incineroar, L50, M|\n|poke|p1|Gengar, L50, F|\n|poke|p1|Sneasler, L50, F|\n|poke|p1|Tyranitar, L50, M|\n|poke|p1|Sinistcha, L50|\n|poke|p1|Rotom-Wash, L50|\n|poke|p2|Incineroar, L50, F|\n|poke|p2|Politoed, L50, F|\n|poke|p2|Basculegion, L50, M|\n|poke|p2|Sinistcha, L50|\n|poke|p2|Gengar, L50, M|\n|poke|p2|Rotom-Wash, L50|\n|teampreview|4\n|inactive|Battle timer is ON: inactive players will automatically lose when time's up. (requested by rubisama\u53a8)\n|\n|t:|1776232232\n|teamsize|p1|4\n|teamsize|p2|4\n|start\n|switch|p1a: Gengar|Gengar, L50, F|100/100\n|switch|p1b: Incineroar|Incineroar, L50, M|100/100\n|switch|p2a: Gengar|Gengar, L50, M|100/100\n|switch|p2b: Incineroar|Incineroar, L50, F|100/100\n|-ability|p2b: Incineroar|Intimidate|boost\n|-unboost|p1a: Gengar|atk|1\n|-unboost|p1b: Incineroar|atk|1\n|-ability|p1b: Incineroar|Intimidate|boost\n|-unboost|p2a: Gengar|atk|1\n|-unboost|p2b: Incineroar|atk|1\n|turn|1\n|\n|t:|1776232251\n|switch|p1b: Tyranitar|Tyranitar, L50, M|100/100\n|-weather|Sandstorm|[from] ability: Sand Stream|[of] p1b: Tyranitar\n|detailschange|p1a: Gengar|Gengar-Mega, L50, F\n|-mega|p1a: Gengar|Gengar|Gengarite\n|detailschange|p2a: Gengar|Gengar-Mega, L50, M\n|-mega|p2a: Gengar|Gengar|Gengarite\n|move|p1a: Gengar|Shadow Ball|p2a: Gengar\n|-supereffective|p2a: Gengar|1\n|-damage|p2a: Gengar|13/100\n|-unboost|p2a: Gengar|spd|1\n|move|p2a: Gengar|Shadow Ball|p1a: Gengar\n|-supereffective|p1a: Gengar|1\n|-damage|p1a: Gengar|0 fnt\n|faint|p1a: Gengar\n|move|p2b: Incineroar|Snarl|p1b: Tyranitar|[miss]\n|-miss|p2b: Incineroar|p1b: Tyranitar\n|\n|-weather|Sandstorm|[upkeep]\n|-damage|p2a: Gengar|7/100|[from] Sandstorm\n|-damage|p2b: Incineroar|95/100|[from] Sandstorm\n|upkeep\n|\n|t:|1776232268\n|switch|p1a: Sneasler|Sneasler, L50, F|100/100\n|turn|2\n|inactive|rubisama\u53a8 has 30 seconds left.\n|\n|t:|1776232298\n|switch|p2b: Rotom|Rotom-Wash, L50|100/100\n|move|p1a: Sneasler|Close Combat|p2b: Rotom\n|-damage|p2b: Rotom|41/100\n|-unboost|p1a: Sneasler|def|1\n|-unboost|p1a: Sneasler|spd|1\n|-enditem|p1a: Sneasler|White Herb\n|-clearnegativeboost|p1a: Sneasler|[silent]\n|move|p2a: Gengar|Shadow Ball|p1a: Sneasler\n|-damage|p1a: Sneasler|43/100\n|move|p1b: Tyranitar|Rock Slide|p2b: Rotom|[spread] p2a,p2b\n|-damage|p2a: Gengar|0 fnt\n|-damage|p2b: Rotom|11/100\n|faint|p2a: Gengar\n|\n|-weather|Sandstorm|[upkeep]\n|-damage|p1a: Sneasler|37/100|[from] Sandstorm\n|-damage|p2b: Rotom|5/100|[from] Sandstorm\n|-heal|p2b: Rotom|11/100|[from] item: Leftovers\n|upkeep\n|\n|t:|1776232309\n|switch|p2a: Incineroar|Incineroar, L50, F|95/100\n|-ability|p2a: Incineroar|Intimidate|boost\n|-unboost|p1a: Sneasler|atk|1\n|-unboost|p1b: Tyranitar|atk|1\n|turn|3\n|\n|t:|1776232321\n|move|p1a: Sneasler|Protect|p1a: Sneasler\n|-singleturn|p1a: Sneasler|Protect\n|move|p1b: Tyranitar|Protect|p1b: Tyranitar\n|-singleturn|p1b: Tyranitar|Protect\n|move|p2a: Incineroar|Fake Out|p1a: Sneasler\n|-activate|p1a: Sneasler|move: Protect\n|move|p2b: Rotom|Will-O-Wisp|p1b: Tyranitar\n|-activate|p1b: Tyranitar|move: Protect\n|\n|-weather|Sandstorm|[upkeep]\n|-damage|p1a: Sneasler|31/100|[from] Sandstorm\n|-damage|p2b: Rotom|5/100|[from] Sandstorm\n|-damage|p2a: Incineroar|89/100|[from] Sandstorm\n|-heal|p2b: Rotom|11/100|[from] item: Leftovers\n|upkeep\n|turn|4\n|inactive|rubisama\u53a8 has 30 seconds left.\n|inactive|rubisama\u53a8 has 20 seconds left.\n|\n|t:|1776232357\n|move|p2b: Rotom|Protect|p2b: Rotom\n|-singleturn|p2b: Rotom|Protect\n|move|p1a: Sneasler|Dire Claw|p2b: Rotom\n|-activate|p2b: Rotom|move: Protect\n|move|p1b: Tyranitar|Rock Slide|p2b: Rotom|[spread] p2a\n|-activate|p2b: Rotom|move: Protect\n|-supereffective|p2a: Incineroar|1\n|-damage|p2a: Incineroar|52/100\n|move|p2a: Incineroar|Will-O-Wisp|p1a: Sneasler\n|-status|p1a: Sneasler|brn\n|\n|-weather|Sandstorm|[upkeep]\n|-damage|p1a: Sneasler|25/100 brn|[from] Sandstorm\n|-damage|p2b: Rotom|5/100|[from] Sandstorm\n|-damage|p2a: Incineroar|46/100|[from] Sandstorm\n|-enditem|p2a: Incineroar|Sitrus Berry|[eat]\n|-heal|p2a: Incineroar|71/100|[from] item: Sitrus Berry\n|-heal|p2b: Rotom|11/100|[from] item: Leftovers\n|-damage|p1a: Sneasler|20/100 brn|[from] brn\n|upkeep\n|turn|5\n|\n|t:|1776232374\n|switch|p2b: Basculegion|Basculegion, L50, M|100/100\n|move|p1a: Sneasler|Close Combat|p2b: Basculegion\n|-immune|p2b: Basculegion\n|move|p1b: Tyranitar|Rock Slide|p2b: Basculegion|[spread] p2a,p2b\n|-supereffective|p2a: Incineroar|1\n|-crit|p2a: Incineroar\n|-damage|p2a: Incineroar|0 fnt\n|-damage|p2b: Basculegion|75/100\n|faint|p2a: Incineroar\n|\n|-weather|none\n|-damage|p1a: Sneasler|14/100 brn|[from] brn\n|upkeep\n|\n|t:|1776232383\n|switch|p2a: Rotom|Rotom-Wash, L50|11/100\n|turn|6\n|\n|t:|1776232395\n|switch|p1a: Incineroar|Incineroar, L50, M|100/100\n|-ability|p1a: Incineroar|Intimidate|boost\n|-unboost|p2a: Rotom|atk|1\n|-unboost|p2b: Basculegion|atk|1\n|move|p1b: Tyranitar|Protect|p1b: Tyranitar\n|-singleturn|p1b: Tyranitar|Protect\n|move|p2b: Basculegion|Wave Crash|p1b: Tyranitar\n|-activate|p1b: Tyranitar|move: Protect\n|move|p2a: Rotom|Volt Switch|p1a: Incineroar\n|-damage|p1a: Incineroar|79/100\n|\n|-heal|p2a: Rotom|16/100|[from] item: Leftovers\n|upkeep\n|turn|7\n|\n|t:|1776232410\n|move|p2a: Rotom|Protect|p2a: Rotom\n|-singleturn|p2a: Rotom|Protect\n|move|p1a: Incineroar|Fake Out|p2a: Rotom\n|-activate|p2a: Rotom|move: Protect\n|move|p2b: Basculegion|Wave Crash|p1b: Tyranitar\n|-supereffective|p1b: Tyranitar|1\n|-damage|p1b: Tyranitar|21/100\n|-damage|p2b: Basculegion|47/100|[from] Recoil\n|move|p1b: Tyranitar|Knock Off|p2b: Basculegion\n|-supereffective|p2b: Basculegion|1\n|-damage|p2b: Basculegion|0 fnt\n|-enditem|p2b: Basculegion|Choice Scarf|[from] move: Knock Off|[of] p1b: Tyranitar\n|faint|p2b: Basculegion\n|\n|-heal|p2a: Rotom|22/100|[from] item: Leftovers\n|upkeep\n|turn|8\n|-message|rubisama\u53a8 forfeited.\n|\n|win|Missed Ledgedash\n|raw|Missed Ledgedash's rating: 1193 &rarr; <strong>1221</strong><br />(+28 for winning)\n|raw|rubisama\u53a8's rating: 1229 &rarr; <strong>1201</strong><br />(-28 for losing)\n",
  "uploadtime": 1776232420,
  "views": 25,
  "formatid": "gen9championsvgc2026regma",
  "rating": 1201,
  "private": 0,
  "password": null
}