{
  "id": "gen9championsvgc2026regma-2587634518",
  "format": "[Gen 9 Champions] VGC 2026 Reg M-A",
  "players": [
    "florestantan",
    "dawod"
  ],
  "log": "|j|\u2606florestantan\n|j|\u2606dawod\n|t:|1776548936\n|gametype|doubles\n|player|p1|florestantan|pokemaniac|1070\n|player|p2|dawod|crasherwake|1160\n|gen|9\n|tier|[Gen 9 Champions] VGC 2026 Reg M-A\n|rated|\n|rule|Species Clause: Limit one of each Pok\u00e9mon\n|rule|Item Clause: Limit 1 of each item\n|clearpoke\n|poke|p1|Tinkaton, L50, F|\n|poke|p1|Meowstic, L50, M|\n|poke|p1|Wyrdeer, L50, F|\n|poke|p1|Conkeldurr, L50, F|\n|poke|p1|Reuniclus, L50, M|\n|poke|p1|Lucario, L50, M|\n|poke|p2|Glimmora, L50, M|\n|poke|p2|Incineroar, L50, F|\n|poke|p2|Aerodactyl, L50, F|\n|poke|p2|Tyranitar, L50, M|\n|poke|p2|Rotom-Wash, L50|\n|poke|p2|Garchomp, L50, F|\n|teampreview|4\n|inactive|Battle timer is ON: inactive players will automatically lose when time's up. (requested by dawod)\n|\n|t:|1776548992\n|teamsize|p1|4\n|teamsize|p2|4\n|start\n|switch|p1a: Meowstic|Meowstic, L50, M|100/100\n|switch|p1b: Lucario|Lucario, L50, M|100/100\n|switch|p2a: Tyranitar|Tyranitar, L50, M|100/100\n|switch|p2b: Garchomp|Garchomp, L50, F|100/100\n|-weather|Sandstorm|[from] ability: Sand Stream|[of] p2a: Tyranitar\n|turn|1\n|\n|t:|1776549014\n|switch|p1b: Wyrdeer|Wyrdeer, L50, F|100/100\n|-ability|p1b: Wyrdeer|Intimidate|boost\n|-unboost|p2a: Tyranitar|atk|1\n|-unboost|p2b: Garchomp|atk|1\n|move|p2a: Tyranitar|Protect|p2a: Tyranitar\n|-singleturn|p2a: Tyranitar|Protect\n|move|p1a: Meowstic|Reflect|p1a: Meowstic\n|-sidestart|p1: florestantan|Reflect\n|move|p2b: Garchomp|Earthquake|p1b: Wyrdeer|[spread] p1a,p1b\n|-activate|p2a: Tyranitar|move: Protect\n|-damage|p1a: Meowstic|80/100\n|-damage|p1b: Wyrdeer|76/100\n|\n|-weather|Sandstorm|[upkeep]\n|-damage|p1a: Meowstic|74/100|[from] Sandstorm\n|-damage|p1b: Wyrdeer|70/100|[from] Sandstorm\n|upkeep\n|turn|2\n|inactive|dawod has 30 seconds left.\n|inactive|florestantan has 30 seconds left.\n|\n|t:|1776549048\n|switch|p1a: Conkeldurr|Conkeldurr, L50, F|100/100\n|move|p2b: Garchomp|Stomping Tantrum|p1b: Wyrdeer\n|-damage|p1b: Wyrdeer|47/100\n|move|p2a: Tyranitar|Knock Off|p1b: Wyrdeer\n|-supereffective|p1b: Wyrdeer|1\n|-damage|p1b: Wyrdeer|0 fnt\n|-enditem|p1b: Wyrdeer|Mental Herb|[from] move: Knock Off|[of] p2a: Tyranitar\n|faint|p1b: Wyrdeer\n|\n|-weather|Sandstorm|[upkeep]\n|-damage|p1a: Conkeldurr|94/100|[from] Sandstorm\n|upkeep\n|\n|t:|1776549060\n|switch|p1b: Lucario|Lucario, L50, M|100/100\n|turn|3\n|\n|t:|1776549069\n|switch|p2a: Incineroar|Incineroar, L50, F|100/100\n|-ability|p2a: Incineroar|Intimidate|boost\n|-unboost|p1a: Conkeldurr|atk|1\n|-fail|p1b: Lucario|unboost|Attack|[from] ability: Inner Focus|[of] p1b: Lucario\n|detailschange|p1b: Lucario|Lucario-Mega, L50, M\n|-mega|p1b: Lucario|Lucario|Lucarionite\n|move|p1b: Lucario|Close Combat|p2b: Garchomp\n|-damage|p2b: Garchomp|6/100\n|-unboost|p1b: Lucario|def|1\n|-unboost|p1b: Lucario|spd|1\n|move|p2b: Garchomp|Stomping Tantrum|p1b: Lucario\n|-supereffective|p1b: Lucario|1\n|-damage|p1b: Lucario|29/100\n|move|p1a: Conkeldurr|Curse|p1a: Conkeldurr\n|-unboost|p1a: Conkeldurr|spe|1\n|-boost|p1a: Conkeldurr|atk|1\n|-boost|p1a: Conkeldurr|def|1\n|\n|-weather|Sandstorm|[upkeep]\n|-damage|p2a: Incineroar|95/100|[from] Sandstorm\n|-damage|p1a: Conkeldurr|88/100|[from] Sandstorm\n|upkeep\n|turn|4\n|inactive|florestantan has 30 seconds left.\n|inactive|dawod has 30 seconds left.\n|\n|t:|1776549099\n|move|p2a: Incineroar|Fake Out|p1b: Lucario\n|-resisted|p1b: Lucario|1\n|-damage|p1b: Lucario|21/100\n|cant|p1b: Lucario|flinch\n|move|p2b: Garchomp|Stomping Tantrum|p1a: Conkeldurr\n|-damage|p1a: Conkeldurr|77/100\n|move|p1a: Conkeldurr|Curse|p1a: Conkeldurr\n|-unboost|p1a: Conkeldurr|spe|1\n|-boost|p1a: Conkeldurr|atk|1\n|-boost|p1a: Conkeldurr|def|1\n|\n|-weather|Sandstorm|[upkeep]\n|-damage|p2a: Incineroar|89/100|[from] Sandstorm\n|-damage|p1a: Conkeldurr|71/100|[from] Sandstorm\n|upkeep\n|turn|5\n|\n|t:|1776549121\n|move|p2b: Garchomp|Protect|p2b: Garchomp\n|-singleturn|p2b: Garchomp|Protect\n|move|p1b: Lucario|Close Combat|p2b: Garchomp\n|-activate|p2b: Garchomp|move: Protect\n|move|p2a: Incineroar|Flare Blitz|p1b: Lucario\n|-supereffective|p1b: Lucario|1\n|-damage|p1b: Lucario|0 fnt\n|faint|p1b: Lucario\n|-damage|p2a: Incineroar|84/100|[from] Recoil\n|move|p1a: Conkeldurr|Drain Punch|p2a: Incineroar\n|-supereffective|p2a: Incineroar|1\n|-damage|p2a: Incineroar|0 fnt\n|-heal|p1a: Conkeldurr|100/100|[from] drain|[of] p2a: Incineroar\n|faint|p2a: Incineroar\n|\n|-weather|none\n|-sideend|p1: florestantan|Reflect\n|upkeep\n|\n|t:|1776549136\n|switch|p1b: Meowstic|Meowstic, L50, M|74/100\n|switch|p2a: Tyranitar|Tyranitar, L50, M|100/100\n|-weather|Sandstorm|[from] ability: Sand Stream|[of] p2a: Tyranitar\n|turn|6\n|\n|t:|1776549148\n|switch|p2b: Rotom|Rotom-Wash, L50|100/100\n|move|p1b: Meowstic|Reflect|p1b: Meowstic\n|-sidestart|p1: florestantan|Reflect\n|move|p2a: Tyranitar|Knock Off|p1b: Meowstic\n|-supereffective|p1b: Meowstic|1\n|-damage|p1b: Meowstic|0 fnt\n|-enditem|p1b: Meowstic|Sitrus Berry|[from] move: Knock Off|[of] p2a: Tyranitar\n|faint|p1b: Meowstic\n|move|p1a: Conkeldurr|Curse|p1a: Conkeldurr\n|-unboost|p1a: Conkeldurr|spe|1\n|-boost|p1a: Conkeldurr|atk|1\n|-boost|p1a: Conkeldurr|def|1\n|\n|-weather|Sandstorm|[upkeep]\n|-damage|p2b: Rotom|95/100|[from] Sandstorm\n|-damage|p1a: Conkeldurr|94/100|[from] Sandstorm\n|-heal|p2b: Rotom|100/100|[from] item: Leftovers\n|upkeep\n|turn|7\n|\n|t:|1776549165\n|move|p2a: Tyranitar|Protect|p2a: Tyranitar\n|-singleturn|p2a: Tyranitar|Protect\n|move|p2b: Rotom|Will-O-Wisp|p1a: Conkeldurr\n|-status|p1a: Conkeldurr|brn\n|move|p1a: Conkeldurr|Drain Punch|p2b: Rotom\n|-damage|p2b: Rotom|47/100\n|-heal|p1a: Conkeldurr|100/100 brn|[from] drain|[of] p2b: Rotom\n|\n|-weather|Sandstorm|[upkeep]\n|-damage|p2b: Rotom|41/100|[from] Sandstorm\n|-damage|p1a: Conkeldurr|94/100 brn|[from] Sandstorm\n|-heal|p2b: Rotom|47/100|[from] item: Leftovers\n|-damage|p1a: Conkeldurr|88/100 brn|[from] brn\n|upkeep\n|turn|8\n|\n|t:|1776549188\n|move|p2b: Rotom|Hydro Pump|p1a: Conkeldurr\n|-damage|p1a: Conkeldurr|37/100 brn\n|move|p2a: Tyranitar|Knock Off|p1a: Conkeldurr\n|-resisted|p1a: Conkeldurr|1\n|-damage|p1a: Conkeldurr|32/100 brn\n|-enditem|p1a: Conkeldurr|Shell Bell|[from] move: Knock Off|[of] p2a: Tyranitar\n|move|p1a: Conkeldurr|Drain Punch|p2b: Rotom\n|-damage|p2b: Rotom|0 fnt\n|-heal|p1a: Conkeldurr|49/100 brn|[from] drain|[of] p2b: Rotom\n|faint|p2b: Rotom\n|\n|-weather|Sandstorm|[upkeep]\n|-damage|p1a: Conkeldurr|43/100 brn|[from] Sandstorm\n|-damage|p1a: Conkeldurr|37/100 brn|[from] brn\n|upkeep\n|\n|t:|1776549198\n|switch|p2b: Garchomp|Garchomp, L50, F|6/100\n|turn|9\n|\n|t:|1776549214\n|move|p2b: Garchomp|Dragon Claw|p1a: Conkeldurr\n|-damage|p1a: Conkeldurr|27/100 brn\n|move|p2a: Tyranitar|Rock Slide|p1a: Conkeldurr|[miss]\n|-miss|p2a: Tyranitar|p1a: Conkeldurr\n|move|p1a: Conkeldurr|Ice Punch|p2b: Garchomp|[miss]\n|-miss|p1a: Conkeldurr|p2b: Garchomp\n|\n|-weather|Sandstorm|[upkeep]\n|-damage|p1a: Conkeldurr|21/100 brn|[from] Sandstorm\n|-damage|p1a: Conkeldurr|15/100 brn|[from] brn\n|upkeep\n|turn|10\n|\n|t:|1776549231\n|move|p2b: Garchomp|Dragon Claw|p1a: Conkeldurr\n|-damage|p1a: Conkeldurr|6/100 brn\n|move|p2a: Tyranitar|Low Kick|p1a: Conkeldurr\n|-damage|p1a: Conkeldurr|0 fnt\n|faint|p1a: Conkeldurr\n|\n|win|dawod\n|raw|florestantan's rating: 1070 &rarr; <strong>1055</strong><br />(-15 for losing)\n|raw|dawod's rating: 1160 &rarr; <strong>1179</strong><br />(+19 for winning)\n|c|\u2606dawod|GG\n|l|\u2606florestantan\n|player|p1|\n",
  "uploadtime": 1776549242,
  "views": 14,
  "formatid": "gen9championsvgc2026regma",
  "rating": 1055,
  "private": 0,
  "password": null
}