{
  "id": "gen9championsvgc2026regma-2587922026",
  "format": "[Gen 9 Champions] VGC 2026 Reg M-A",
  "players": [
    "RK9 Only",
    "morganfreemon69"
  ],
  "log": "|j|\u2606RK9 Only\n|j|\u2606morganfreemon69\n|t:|1776579442\n|gametype|doubles\n|player|p1|RK9 Only|crasherwake|1159\n|player|p2|morganfreemon69|265|1251\n|gen|9\n|tier|[Gen 9 Champions] VGC 2026 Reg M-A\n|rated|\n|rule|Species Clause: Limit one of each Pok\u00e9mon\n|rule|Item Clause: Limit 1 of each item\n|clearpoke\n|poke|p1|Venusaur, L50, M|\n|poke|p1|Archaludon, L50, F|\n|poke|p1|Slowking-Galar, L50, F|\n|poke|p1|Incineroar, L50, F|\n|poke|p1|Rotom-Wash, L50|\n|poke|p1|Sableye, L50, F|\n|poke|p2|Scovillain, L50, F|\n|poke|p2|Incineroar, L50, F|\n|poke|p2|Ninetales-Alola, L50, M|\n|poke|p2|Garchomp, L50, F|\n|poke|p2|Rotom-Wash, L50|\n|poke|p2|Aegislash, L50, F|\n|teampreview|4\n|inactive|Battle timer is ON: inactive players will automatically lose when time's up. (requested by RK9 Only)\nRK9 Only rejected open team sheets.\n|c|\u2606RK9 Only|nice ch team\n|inactive|morganfreemon69 has 60 seconds left.\n|\n|t:|1776579477\n|teamsize|p1|4\n|teamsize|p2|4\n|start\n|switch|p1a: Sableye|Sableye, L50, F|100/100\n|switch|p1b: Archaludon|Archaludon, L50, F|100/100\n|switch|p2a: Scovillain|Scovillain, L50, F|100/100\n|switch|p2b: Ninetales|Ninetales-Alola, L50, M|100/100\n|-weather|Snowscape|[from] ability: Snow Warning|[of] p2b: Ninetales\n|turn|1\n|inactive|RK9 Only has 30 seconds left.\n|inactive|RK9 Only has 20 seconds left.\n|\n|t:|1776579515\n|detailschange|p2a: Scovillain|Scovillain-Mega, L50, F\n|-mega|p2a: Scovillain|Scovillain|Scovillainite\n|move|p2b: Ninetales|Protect|p2b: Ninetales\n|-singleturn|p2b: Ninetales|Protect\n|move|p1a: Sableye|Rain Dance|p1a: Sableye\n|-weather|RainDance\n|move|p1b: Archaludon|Electro Shot||[still]\n|-prepare|p1b: Archaludon|Electro Shot\n|-boost|p1b: Archaludon|spa|1\n|-anim|p1b: Archaludon|Electro Shot|p2b: Ninetales\n|-activate|p2b: Ninetales|move: Protect\n|move|p2a: Scovillain|Leech Seed|p1b: Archaludon\n|-start|p1b: Archaludon|move: Leech Seed\n|\n|-weather|RainDance|[upkeep]\n|-damage|p1b: Archaludon|88/100|[from] Leech Seed|[of] p2a: Scovillain\n|upkeep\n|turn|2\n|inactive|RK9 Only has 30 seconds left.\n|inactive|morganfreemon69 has 30 seconds left.\n|\n|t:|1776579546\n|move|p2a: Scovillain|Rage Powder|p2a: Scovillain\n|-singleturn|p2a: Scovillain|move: Rage Powder\n|move|p1a: Sableye|Thunder Wave|p2a: Scovillain\n|-status|p2a: Scovillain|par\n|move|p2b: Ninetales|Moonblast|p1a: Sableye\n|-supereffective|p1a: Sableye|1\n|-damage|p1a: Sableye|32/100\n|-enditem|p1a: Sableye|Sitrus Berry|[eat]\n|-heal|p1a: Sableye|57/100|[from] item: Sitrus Berry\n|move|p1b: Archaludon|Electro Shot||[still]\n|-prepare|p1b: Archaludon|Electro Shot\n|-boost|p1b: Archaludon|spa|1\n|-anim|p1b: Archaludon|Electro Shot|p2a: Scovillain\n|-resisted|p2a: Scovillain|1\n|-damage|p2a: Scovillain|62/100 par\n|-status|p1b: Archaludon|brn|[from] ability: Spicy Spray|[of] p2a: Scovillain\n|\n|-weather|RainDance|[upkeep]\n|-damage|p1b: Archaludon|76/100 brn|[from] Leech Seed|[of] p2a: Scovillain\n|-heal|p2a: Scovillain|76/100 par|[silent]\n|-damage|p1b: Archaludon|70/100 brn|[from] brn\n|upkeep\n|turn|3\n|inactive|RK9 Only has 30 seconds left.\n|inactive|morganfreemon69 has 30 seconds left.\n|inactive|RK9 Only has 20 seconds left.\n|inactive|RK9 Only has 15 seconds left.\n|inactive|RK9 Only has 10 seconds left.\n|inactive|RK9 Only has 5 seconds left.\n|\n|t:|1776579597\n|switch|p2b: Aegislash|Aegislash, L50, F|100/100\n|move|p1a: Sableye|Light Screen|p1a: Sableye\n|-sidestart|p1: RK9 Only|move: Light Screen\n|move|p1b: Archaludon|Electro Shot||[still]\n|-prepare|p1b: Archaludon|Electro Shot\n|-boost|p1b: Archaludon|spa|1\n|-anim|p1b: Archaludon|Electro Shot|p2b: Aegislash\n|-damage|p2b: Aegislash|35/100\n|move|p2a: Scovillain|Leech Seed|p1a: Sableye\n|-start|p1a: Sableye|move: Leech Seed\n|\n|-weather|RainDance|[upkeep]\n|-damage|p1b: Archaludon|58/100 brn|[from] Leech Seed|[of] p2a: Scovillain\n|-heal|p2a: Scovillain|90/100 par|[silent]\n|-damage|p1a: Sableye|44/100|[from] Leech Seed|[of] p2a: Scovillain\n|-heal|p2a: Scovillain|100/100 par|[silent]\n|-damage|p1b: Archaludon|52/100 brn|[from] brn\n|upkeep\n|turn|4\n|\n|t:|1776579615\n|switch|p1b: Rotom|Rotom-Wash, L50|100/100\n|switch|p2b: Ninetales|Ninetales-Alola, L50, M|100/100\n|-weather|Snowscape|[from] ability: Snow Warning|[of] p2b: Ninetales\n|switch|p1a: Venusaur|Venusaur, L50, M|100/100\n|cant|p2a: Scovillain|par\n|\n|-weather|Snowscape|[upkeep]\n|upkeep\n|turn|5\n|\n|t:|1776579637\n|detailschange|p1a: Venusaur|Venusaur-Mega, L50, M\n|-mega|p1a: Venusaur|Venusaur|Venusaurite\n|move|p1b: Rotom|Volt Switch|p2b: Ninetales\n|-damage|p2b: Ninetales|67/100\n|\n|t:|1776579643\n|switch|p1b: Sableye|Sableye, L50, F|44/100|[from] Volt Switch\n|move|p2b: Ninetales|Aurora Veil|p2b: Ninetales\n|-sidestart|p2: morganfreemon69|move: Aurora Veil\n|move|p1a: Venusaur|Leech Seed|p2b: Ninetales|[miss]\n|-miss|p1a: Venusaur|p2b: Ninetales\n|move|p2a: Scovillain|Overheat|p1a: Venusaur\n|-supereffective|p1a: Venusaur|1\n|-damage|p1a: Venusaur|73/100\n|-unboost|p2a: Scovillain|spa|2\n|\n|-weather|Snowscape|[upkeep]\n|upkeep\n|turn|6\n|\n|t:|1776579666\n|switch|p2b: Aegislash|Aegislash, L50, F|35/100\n|move|p1b: Sableye|Thunder Wave|p2b: Aegislash\n|-status|p2b: Aegislash|par\n|move|p1a: Venusaur|Leech Seed|p2b: Aegislash\n|-start|p2b: Aegislash|move: Leech Seed\n|cant|p2a: Scovillain|par\n|\n|-weather|Snowscape|[upkeep]\n|-damage|p2b: Aegislash|23/100 par|[from] Leech Seed|[of] p1a: Venusaur\n|-heal|p1a: Venusaur|83/100|[silent]\n|upkeep\n|turn|7\n|\n|t:|1776579688\n|switch|p2b: Incineroar|Incineroar, L50, F|100/100\n|-ability|p2b: Incineroar|Intimidate|boost\n|-unboost|p1a: Venusaur|atk|1\n|-unboost|p1b: Sableye|atk|1\n|move|p1b: Sableye|Rain Dance|p1b: Sableye\n|-weather|RainDance\n|move|p1a: Venusaur|Giga Drain|p2b: Incineroar\n|-resisted|p2b: Incineroar|1\n|-damage|p2b: Incineroar|92/100\n|-heal|p1a: Venusaur|88/100|[from] drain|[of] p2b: Incineroar\n|move|p2a: Scovillain|Leech Seed|p1b: Sableye\n|-start|p1b: Sableye|move: Leech Seed\n|\n|-weather|RainDance|[upkeep]\n|-damage|p1b: Sableye|32/100|[from] Leech Seed|[of] p2a: Scovillain\n|-sideend|p1: RK9 Only|move: Light Screen\n|upkeep\n|turn|8\n|\n|t:|1776579706\n|switch|p1b: Rotom|Rotom-Wash, L50|100/100\n|move|p2a: Scovillain|Protect|p2a: Scovillain\n|-singleturn|p2a: Scovillain|Protect\n|move|p1a: Venusaur|Leech Seed|p2b: Incineroar\n|-start|p2b: Incineroar|move: Leech Seed\n|move|p2b: Incineroar|Parting Shot|p1a: Venusaur\n|-unboost|p1a: Venusaur|atk|1\n|-unboost|p1a: Venusaur|spa|1\n|\n|t:|1776579714\n|switch|p2b: Ninetales|Ninetales-Alola, L50, M|67/100|[from] Parting Shot\n|-weather|Snowscape|[from] ability: Snow Warning|[of] p2b: Ninetales\n|\n|-weather|Snowscape|[upkeep]\n|upkeep\n|turn|9\n|\n|t:|1776579736\n|move|p1b: Rotom|Hydro Pump|p2b: Ninetales\n|-damage|p2b: Ninetales|35/100\n|move|p2b: Ninetales|Blizzard|p1a: Venusaur|[spread] p1a,p1b\n|-supereffective|p1a: Venusaur|1\n|-resisted|p1b: Rotom|1\n|-damage|p1a: Venusaur|71/100\n|-damage|p1b: Rotom|82/100\n|move|p1a: Venusaur|Giga Drain|p2b: Ninetales\n|-damage|p2b: Ninetales|20/100\n|-heal|p1a: Venusaur|78/100|[from] drain|[of] p2b: Ninetales\n|move|p2a: Scovillain|Leech Seed|p1b: Rotom\n|-start|p1b: Rotom|move: Leech Seed\n|\n|-weather|Snowscape|[upkeep]\n|-damage|p1b: Rotom|71/100|[from] Leech Seed|[of] p2a: Scovillain\n|-sideend|p2: morganfreemon69|move: Aurora Veil\n|upkeep\n|turn|10\n|\n|t:|1776579761\n|switch|p1a: Sableye|Sableye, L50, F|32/100\n|switch|p2a: Incineroar|Incineroar, L50, F|92/100\n|-ability|p2a: Incineroar|Intimidate|boost\n|-unboost|p1a: Sableye|atk|1\n|-unboost|p1b: Rotom|atk|1\n|move|p2b: Ninetales|Protect|p2b: Ninetales\n|-singleturn|p2b: Ninetales|Protect\n|move|p1b: Rotom|Hydro Pump|p2b: Ninetales\n|-activate|p2b: Ninetales|move: Protect\n|\n|-weather|Snowscape|[upkeep]\n|-damage|p1b: Rotom|59/100|[from] Leech Seed|[of] p2a: Incineroar\n|-heal|p2a: Incineroar|99/100|[silent]\n|upkeep\n|turn|11\n|\n|t:|1776579776\n|switch|p1b: Venusaur|Venusaur-Mega, L50, M|78/100\n|switch|p2b: Aegislash|Aegislash, L50, F|23/100 par\n|move|p2a: Incineroar|Fake Out|p1b: Venusaur\n|-damage|p1b: Venusaur|70/100\n|move|p1a: Sableye|Light Screen|p1a: Sableye\n|-sidestart|p1: RK9 Only|move: Light Screen\n|\n|-weather|Snowscape|[upkeep]\n|upkeep\n|turn|12\n|\n|t:|1776579790\n|move|p1a: Sableye|Rain Dance|p1a: Sableye\n|-weather|RainDance\n|move|p1b: Venusaur|Toxic|p2a: Incineroar\n|-status|p2a: Incineroar|tox\n|move|p2a: Incineroar|Flare Blitz|p1b: Venusaur\n|-supereffective|p1b: Venusaur|1\n|-damage|p1b: Venusaur|53/100\n|-damage|p2a: Incineroar|94/100 tox|[from] Recoil\n|cant|p2b: Aegislash|par\n|\n|-weather|RainDance|[upkeep]\n|-damage|p2a: Incineroar|88/100 tox|[from] psn\n|upkeep\n|turn|13\n|\n|t:|1776579808\n|switch|p1a: Rotom|Rotom-Wash, L50|59/100\n|switch|p2b: Ninetales|Ninetales-Alola, L50, M|20/100\n|-weather|Snowscape|[from] ability: Snow Warning|[of] p2b: Ninetales\n|move|p1b: Venusaur|Leech Seed|p2a: Incineroar\n|-start|p2a: Incineroar|move: Leech Seed\n|move|p2a: Incineroar|Flare Blitz|p1b: Venusaur\n|-supereffective|p1b: Venusaur|1\n|-damage|p1b: Venusaur|13/100\n|-damage|p2a: Incineroar|76/100 tox|[from] Recoil\n|\n|-weather|Snowscape|[upkeep]\n|-damage|p2a: Incineroar|63/100 tox|[from] Leech Seed|[of] p1b: Venusaur\n|-heal|p1b: Venusaur|26/100|[silent]\n|-damage|p2a: Incineroar|51/100 tox|[from] psn\n|upkeep\n|turn|14\n|\n|t:|1776579829\n|switch|p1b: Archaludon|Archaludon, L50, F|52/100 brn\n|switch|p2a: Scovillain|Scovillain-Mega, L50, F|100/100 par\n|move|p1a: Rotom|Volt Switch|p2b: Ninetales\n|-damage|p2b: Ninetales|0 fnt\n|faint|p2b: Ninetales\n|\n|t:|1776579841\n|switch|p1a: Venusaur|Venusaur-Mega, L50, M|26/100|[from] Volt Switch\n|\n|-weather|Snowscape|[upkeep]\n|-damage|p1b: Archaludon|45/100 brn|[from] brn\n|upkeep\n|\n|t:|1776579847\n|switch|p2b: Incineroar|Incineroar, L50, F|51/100 tox\n|-ability|p2b: Incineroar|Intimidate|boost\n|-unboost|p1a: Venusaur|atk|1\n|-unboost|p1b: Archaludon|atk|1\n|turn|15\n|\n|t:|1776579856\n|switch|p1b: Rotom|Rotom-Wash, L50|59/100\n|move|p1a: Venusaur|Protect|p1a: Venusaur\n|-singleturn|p1a: Venusaur|Protect\n|move|p2b: Incineroar|Flare Blitz|p1a: Venusaur\n|-activate|p1a: Venusaur|move: Protect\n|move|p2a: Scovillain|Leech Seed|p1b: Rotom\n|-start|p1b: Rotom|move: Leech Seed\n|\n|-weather|Snowscape|[upkeep]\n|-damage|p1b: Rotom|47/100|[from] Leech Seed|[of] p2a: Scovillain\n|-damage|p2b: Incineroar|45/100 tox|[from] psn\n|-sideend|p1: RK9 Only|move: Light Screen\n|upkeep\n|turn|16\n|\n|t:|1776579874\n|switch|p1a: Sableye|Sableye, L50, F|32/100\n|move|p2a: Scovillain|Rage Powder|p2a: Scovillain\n|-singleturn|p2a: Scovillain|move: Rage Powder\n|move|p1b: Rotom|Hydro Pump|p2a: Scovillain\n|-damage|p2a: Scovillain|48/100 par\n|-status|p1b: Rotom|brn|[from] ability: Spicy Spray|[of] p2a: Scovillain\n|move|p2b: Incineroar|Flare Blitz|p1a: Sableye\n|-damage|p1a: Sableye|0 fnt\n|faint|p1a: Sableye\n|-damage|p2b: Incineroar|37/100 tox|[from] Recoil\n|\n|-weather|Snowscape|[upkeep]\n|-damage|p1b: Rotom|35/100 brn|[from] Leech Seed|[of] p2a: Scovillain\n|-heal|p2a: Scovillain|57/100 par|[silent]\n|-damage|p2b: Incineroar|25/100 tox|[from] psn\n|-damage|p1b: Rotom|30/100 brn|[from] brn\n|upkeep\n|\n|t:|1776579890\n|switch|p1a: Venusaur|Venusaur-Mega, L50, M|26/100\n|turn|17\n|\n|t:|1776579894\n|switch|p2b: Aegislash|Aegislash, L50, F|23/100 par\n|move|p1a: Venusaur|Protect|p1a: Venusaur\n|-singleturn|p1a: Venusaur|Protect\n|move|p1b: Rotom|Hydro Pump|p2a: Scovillain|[miss]\n|-miss|p1b: Rotom|p2a: Scovillain\n|cant|p2a: Scovillain|par\n|\n|-weather|none\n|-damage|p1b: Rotom|18/100 brn|[from] Leech Seed|[of] p2a: Scovillain\n|-heal|p2a: Scovillain|66/100 par|[silent]\n|-damage|p1b: Rotom|12/100 brn|[from] brn\n|upkeep\n|turn|18\n|\n|t:|1776579911\n|move|p2a: Scovillain|Protect|p2a: Scovillain\n|-singleturn|p2a: Scovillain|Protect\n|cant|p2b: Aegislash|par\n|move|p1b: Rotom|Hydro Pump|p2a: Scovillain\n|-activate|p2a: Scovillain|move: Protect\n|move|p1a: Venusaur|Leech Seed|p2b: Aegislash\n|-start|p2b: Aegislash|move: Leech Seed\n|\n|-damage|p1b: Rotom|0 fnt|[from] Leech Seed|[of] p2a: Scovillain\n|-heal|p2a: Scovillain|74/100 par|[silent]\n|faint|p1b: Rotom\n|-damage|p2b: Aegislash|11/100 par|[from] Leech Seed|[of] p1a: Venusaur\n|-heal|p1a: Venusaur|37/100|[silent]\n|upkeep\n|\n|t:|1776579922\n|switch|p1b: Archaludon|Archaludon, L50, F|45/100 brn\n|turn|19\n|\n|t:|1776579929\n|switch|p2b: Incineroar|Incineroar, L50, F|25/100 tox\n|-ability|p2b: Incineroar|Intimidate|boost\n|-unboost|p1a: Venusaur|atk|1\n|-unboost|p1b: Archaludon|atk|1\n|move|p1b: Archaludon|Snarl|p2b: Incineroar|[spread] p2a,p2b\n|-resisted|p2b: Incineroar|1\n|-damage|p2a: Scovillain|62/100 par\n|-damage|p2b: Incineroar|20/100 tox\n|-unboost|p2a: Scovillain|spa|1\n|-unboost|p2b: Incineroar|spa|1\n|move|p1a: Venusaur|Giga Drain|p2a: Scovillain\n|-resisted|p2a: Scovillain|2\n|-damage|p2a: Scovillain|54/100 par\n|-heal|p1a: Venusaur|41/100|[from] drain|[of] p2a: Scovillain\n|-status|p1a: Venusaur|brn|[from] ability: Spicy Spray|[of] p2a: Scovillain\n|cant|p2a: Scovillain|par\n|\n|-damage|p2b: Incineroar|14/100 tox|[from] psn\n|-damage|p1b: Archaludon|39/100 brn|[from] brn\n|-damage|p1a: Venusaur|35/100 brn|[from] brn\n|upkeep\n|turn|20\n|inactive|RK9 Only has 30 seconds left.\n|\n|t:|1776579952\n|switch|p2b: Aegislash|Aegislash, L50, F|11/100 par\n|move|p1a: Venusaur|Protect|p1a: Venusaur\n|-singleturn|p1a: Venusaur|Protect\n|move|p1b: Archaludon|Snarl|p2b: Aegislash|[spread] p2a,p2b\n|-supereffective|p2b: Aegislash|1\n|-damage|p2a: Scovillain|41/100 par\n|-damage|p2b: Aegislash|0 fnt\n|-unboost|p2a: Scovillain|spa|1\n|faint|p2b: Aegislash\n|move|p2a: Scovillain|Leech Seed|p1b: Archaludon\n|-start|p1b: Archaludon|move: Leech Seed\n|\n|-damage|p1b: Archaludon|27/100 brn|[from] Leech Seed|[of] p2a: Scovillain\n|-heal|p2a: Scovillain|55/100 par|[silent]\n|-damage|p1b: Archaludon|21/100 brn|[from] brn\n|-damage|p1a: Venusaur|29/100 brn|[from] brn\n|upkeep\n|\n|t:|1776579965\n|switch|p2b: Incineroar|Incineroar, L50, F|14/100 tox\n|-ability|p2b: Incineroar|Intimidate|boost\n|-unboost|p1a: Venusaur|atk|1\n|-unboost|p1b: Archaludon|atk|1\n|turn|21\n|inactive|RK9 Only has 30 seconds left this turn.\n|\n|t:|1776579974\n|move|p2a: Scovillain|Protect|p2a: Scovillain\n|-singleturn|p2a: Scovillain|Protect\n|move|p1b: Archaludon|Snarl|p2b: Incineroar|[spread] p2b\n|-activate|p2a: Scovillain|move: Protect\n|-resisted|p2b: Incineroar|1\n|-damage|p2b: Incineroar|9/100 tox\n|-unboost|p2b: Incineroar|spa|1\n|move|p1a: Venusaur|Leech Seed|p2b: Incineroar\n|-start|p2b: Incineroar|move: Leech Seed\n|move|p2b: Incineroar|Flare Blitz|p1b: Archaludon\n|-damage|p1b: Archaludon|0 fnt\n|faint|p1b: Archaludon\n|-damage|p2b: Incineroar|3/100 tox|[from] Recoil\n|\n|-damage|p2b: Incineroar|0 fnt|[from] Leech Seed|[of] p1a: Venusaur\n|-heal|p1a: Venusaur|32/100 brn|[silent]\n|faint|p2b: Incineroar\n|-damage|p1a: Venusaur|26/100 brn|[from] brn\n|upkeep\n|turn|22\n|inactive|RK9 Only has 25 seconds left this turn.\n|inactive|RK9 Only has 20 seconds left.\n|inactive|RK9 Only has 15 seconds left.\n|inactive|RK9 Only has 10 seconds left.\n|\n|t:|1776579991\n|move|p1a: Venusaur|Giga Drain|p2a: Scovillain\n|-resisted|p2a: Scovillain|2\n|-damage|p2a: Scovillain|48/100 par\n|-heal|p1a: Venusaur|30/100 brn|[from] drain|[of] p2a: Scovillain\n|move|p2a: Scovillain|Overheat|p1a: Venusaur\n|-supereffective|p1a: Venusaur|1\n|-damage|p1a: Venusaur|7/100 brn\n|-unboost|p2a: Scovillain|spa|2\n|\n|-damage|p1a: Venusaur|1/100 brn|[from] brn\n|upkeep\n|turn|23\n|inactive|RK9 Only has 10 seconds left this turn.\n|\n|t:|1776579998\n|move|p2a: Scovillain|Protect|p2a: Scovillain\n|-singleturn|p2a: Scovillain|Protect\n|move|p1a: Venusaur|Giga Drain|p2a: Scovillain\n|-activate|p2a: Scovillain|move: Protect\n|\n|-damage|p1a: Venusaur|0 fnt|[from] brn\n|faint|p1a: Venusaur\n|\n|win|morganfreemon69\n|raw|RK9 Only's rating: 1159 &rarr; <strong>1140</strong><br />(-19 for losing)\n|raw|morganfreemon69's rating: 1251 &rarr; <strong>1270</strong><br />(+19 for winning)\n",
  "uploadtime": 1776580001,
  "views": 32,
  "formatid": "gen9championsvgc2026regma",
  "rating": 1140,
  "private": 0,
  "password": null
}