{
  "id": "gen9championsvgc2026regma-2581639623",
  "format": "[Gen 9 Champions] VGC 2026 Reg M-A",
  "players": [
    "SimMikaze",
    "jewstein7"
  ],
  "log": "|j|\u2606SimMikaze\n|j|\u2606jewstein7\n|t:|1776017156\n|gametype|doubles\n|player|p1|SimMikaze|miku-ghost|1116\n|player|p2|jewstein7|2|1048\n|gen|9\n|tier|[Gen 9 Champions] VGC 2026 Reg M-A\n|rated|\n|rule|Species Clause: Limit one of each Pok\u00e9mon\n|rule|Item Clause: Limit 1 of each item\n|clearpoke\n|poke|p1|Hawlucha, L50, M|\n|poke|p1|Snorlax, L50, M|\n|poke|p1|Excadrill, L50, M|\n|poke|p1|Tyranitar, L50, M|\n|poke|p1|Whimsicott, L50, M|\n|poke|p1|Basculegion, L50, M|\n|poke|p2|Goodra-Hisui, L50, M|\n|poke|p2|Aggron, L50, M|\n|poke|p2|Meganium, L50, F|\n|poke|p2|Incineroar, L50, M|\n|poke|p2|Farigiraf, L50, M|\n|poke|p2|Charizard, L50, F|\n|teampreview|4\n|inactive|Battle timer is ON: inactive players will automatically lose when time's up. (requested by jewstein7)\n|\n|t:|1776017207\n|teamsize|p1|4\n|teamsize|p2|4\n|start\n|switch|p1a: Hawlucha|Hawlucha, L50, M|100/100\n|switch|p1b: Snorlax|Snorlax, L50, M|100/100\n|switch|p2a: Farigiraf|Farigiraf, L50, M|100/100\n|switch|p2b: Meganium|Meganium, L50, F|100/100\n|turn|1\n|l|\u2606jewstein7\n|inactive|jewstein7 disconnected and has a minute to reconnect!\n|player|p2|\n|inactive|SimMikaze has 30 seconds left.\n|inactive|jewstein7 has 30 seconds left.\n|j|\u2606jewstein7\n|inactive|jewstein7 reconnected and has 25 seconds left.\n|player|p2|jewstein7|2|\n|inactive|jewstein7 has 20 seconds left.\n|inactive|jewstein7 has 15 seconds left.\n|\n|t:|1776017251\n|detailschange|p1a: Hawlucha|Hawlucha-Mega, L50, M\n|-mega|p1a: Hawlucha|Hawlucha|Hawluchanite\n|move|p2b: Meganium|Protect|p2b: Meganium\n|-singleturn|p2b: Meganium|Protect\n|move|p1a: Hawlucha|Entrainment|p1b: Snorlax\n|-ability|p1b: Snorlax|No Guard|Thick Fat|[from] move: Entrainment|[of] p1a: Hawlucha\n|move|p2a: Farigiraf|Psychic Noise|p1a: Hawlucha\n|-supereffective|p1a: Hawlucha|1\n|-crit|p1a: Hawlucha\n|-damage|p1a: Hawlucha|13/100\n|-start|p1a: Hawlucha|move: Heal Block\n|move|p1b: Snorlax|Fissure|p2b: Meganium\n|-activate|p2b: Meganium|move: Protect\n|\n|upkeep\n|turn|2\n|inactive|jewstein7 has 30 seconds left.\n|inactive|SimMikaze has 30 seconds left.\n|inactive|SimMikaze has 20 seconds left.\n|inactive|jewstein7 has 20 seconds left.\n|inactive|jewstein7 has 15 seconds left.\n|inactive|jewstein7 has 10 seconds left.\n|inactive|jewstein7 has 5 seconds left.\n|\n|t:|1776017322\n|move|p2b: Meganium|Protect|p2b: Meganium\n|-singleturn|p2b: Meganium|Protect\n|move|p1a: Hawlucha|Dual Wingbeat|p2b: Meganium\n|-activate|p2b: Meganium|move: Protect\n|move|p2a: Farigiraf|Psychic Noise|p1a: Hawlucha\n|-supereffective|p1a: Hawlucha|1\n|-damage|p1a: Hawlucha|0 fnt\n|faint|p1a: Hawlucha\n|move|p1b: Snorlax|Fissure|p2a: Farigiraf\n|-damage|p2a: Farigiraf|0 fnt\n|faint|p2a: Farigiraf\n|-ohko\n|\n|upkeep\n|\n|t:|1776017334\n|switch|p1a: Excadrill|Excadrill, L50, M|100/100\n|switch|p2a: Incineroar|Incineroar, L50, M|100/100\n|-ability|p2a: Incineroar|Intimidate|boost\n|-unboost|p1a: Excadrill|atk|1\n|-unboost|p1b: Snorlax|atk|1\n|turn|3\n|\n|t:|1776017358\n|detailschange|p2b: Meganium|Meganium-Mega, L50, F\n|-mega|p2b: Meganium|Meganium|Meganiumite\n|move|p2a: Incineroar|Fake Out|p1b: Snorlax\n|-damage|p1b: Snorlax|94/100\n|move|p1a: Excadrill|Rock Slide|p2b: Meganium|[spread] p2a,p2b\n|-supereffective|p2a: Incineroar|1\n|-damage|p2a: Incineroar|83/100\n|-damage|p2b: Meganium|91/100\n|move|p2b: Meganium|Solar Beam||[still]\n|-prepare|p2b: Meganium|Solar Beam\n|-activate|p2b: Meganium|ability: Mega Sol\n|-anim|p2b: Meganium|Solar Beam|p1b: Snorlax\n|-damage|p1b: Snorlax|52/100\n|cant|p1b: Snorlax|flinch\n|\n|-heal|p1b: Snorlax|58/100|[from] item: Leftovers\n|upkeep\n|turn|4\n|inactive|jewstein7 has 30 seconds left.\n|\n|t:|1776017383\n|switch|p2a: Aggron|Aggron, L50, M|100/100\n|move|p1a: Excadrill|Horn Drill|p2a: Aggron\n|-immune|p2a: Aggron|[from] ability: Sturdy\n|move|p2b: Meganium|Weather Ball|p1a: Excadrill\n|-supereffective|p1a: Excadrill|1\n|-enditem|p1a: Excadrill|Focus Sash\n|-damage|p1a: Excadrill|1/100\n|move|p1b: Snorlax|Fissure|p2b: Meganium\n|-damage|p2b: Meganium|0 fnt\n|faint|p2b: Meganium\n|-ohko\n|\n|-heal|p1b: Snorlax|65/100|[from] item: Leftovers\n|upkeep\n|\n|t:|1776017395\n|switch|p2b: Incineroar|Incineroar, L50, M|83/100\n|-ability|p2b: Incineroar|Intimidate|boost\n|-unboost|p1a: Excadrill|atk|1\n|-unboost|p1b: Snorlax|atk|1\n|turn|5\n|inactive|jewstein7 has 30 seconds left.\n|\n|t:|1776017423\n|move|p1a: Excadrill|Horn Drill|p2b: Incineroar|[miss]\n|-miss|p1a: Excadrill|p2b: Incineroar\n|move|p2b: Incineroar|Brick Break|p1b: Snorlax\n|-supereffective|p1b: Snorlax|1\n|-damage|p1b: Snorlax|39/100\n|move|p2a: Aggron|Rock Slide|p1b: Snorlax|[spread] p1a,p1b\n|-resisted|p1a: Excadrill|2\n|-damage|p1a: Excadrill|0 fnt\n|-damage|p1b: Snorlax|24/100\n|faint|p1a: Excadrill\n|cant|p1b: Snorlax|flinch\n|\n|-heal|p1b: Snorlax|30/100|[from] item: Leftovers\n|upkeep\n|\n|t:|1776017429\n|switch|p1a: Tyranitar|Tyranitar, L50, M|100/100\n|-weather|Sandstorm|[from] ability: Sand Stream|[of] p1a: Tyranitar\n|turn|6\n|\n|t:|1776017452\n|move|p1a: Tyranitar|Protect|p1a: Tyranitar\n|-singleturn|p1a: Tyranitar|Protect\n|move|p2b: Incineroar|Brick Break|p1b: Snorlax\n|-supereffective|p1b: Snorlax|1\n|-damage|p1b: Snorlax|5/100\n|move|p2a: Aggron|Earthquake|p1a: Tyranitar|[spread] p2b,p1b\n|-activate|p1a: Tyranitar|move: Protect\n|-supereffective|p2b: Incineroar|1\n|-damage|p2b: Incineroar|54/100\n|-damage|p1b: Snorlax|0 fnt\n|faint|p1b: Snorlax\n|\n|-weather|Sandstorm|[upkeep]\n|-damage|p2b: Incineroar|48/100|[from] Sandstorm\n|upkeep\n|turn|7\n|c|\u2606jewstein7|The fact that\u2019s legal is CRAZY\n|\n|t:|1776017474\n|move|p1a: Tyranitar|Earthquake|p2a: Aggron|[spread] p2a,p2b\n|-supereffective|p2a: Aggron|2\n|-supereffective|p2b: Incineroar|1\n|-damage|p2a: Aggron|39/100\n|-damage|p2b: Incineroar|6/100\n|move|p2b: Incineroar|Brick Break|p1a: Tyranitar\n|-supereffective|p1a: Tyranitar|2\n|-enditem|p1a: Tyranitar|Chople Berry|[eat]\n|-enditem|p1a: Tyranitar|Chople Berry|[weaken]\n|-damage|p1a: Tyranitar|62/100\n|move|p2a: Aggron|Heavy Slam|p1a: Tyranitar\n|-supereffective|p1a: Tyranitar|1\n|-damage|p1a: Tyranitar|30/100\n|\n|-weather|Sandstorm|[upkeep]\n|-damage|p2b: Incineroar|0 fnt|[from] Sandstorm\n|faint|p2b: Incineroar\n|upkeep\n|turn|8\n|\n|t:|1776017487\n|move|p1a: Tyranitar|Earthquake|p2a: Aggron\n|-supereffective|p2a: Aggron|2\n|-damage|p2a: Aggron|0 fnt\n|faint|p2a: Aggron\n|\n|win|SimMikaze\n|raw|SimMikaze's rating: 1116 &rarr; <strong>1136</strong><br />(+20 for winning)\n|raw|jewstein7's rating: 1048 &rarr; <strong>1034</strong><br />(-14 for losing)\n|l|\u2606jewstein7\n|player|p2|\n",
  "uploadtime": 1776017489,
  "views": 17,
  "formatid": "gen9championsvgc2026regma",
  "rating": 1034,
  "private": 0,
  "password": null
}