{
  "id": "gen9championsvgc2026regma-2581324549",
  "format": "[Gen 9 Champions] VGC 2026 Reg M-A",
  "players": [
    "Olympicsvgc",
    "GothGirlLoverQ"
  ],
  "log": "|j|\u2606Olympicsvgc\n|j|\u2606GothGirlLoverQ\n|t:|1775986777\n|gametype|doubles\n|player|p1|Olympicsvgc|dawn|1270\n|player|p2|GothGirlLoverQ|unknown|1312\n|gen|9\n|tier|[Gen 9 Champions] VGC 2026 Reg M-A\n|rated|\n|rule|Species Clause: Limit one of each Pok\u00e9mon\n|rule|Item Clause: Limit 1 of each item\n|clearpoke\n|poke|p1|Gengar, L50, F|\n|poke|p1|Incineroar, L50, F|\n|poke|p1|Azumarill, L50, M|\n|poke|p1|Sinistcha, L50|\n|poke|p1|Clefable, L50, M|\n|poke|p1|Sneasler, L50, M|\n|poke|p2|Floette-Eternal, L50, F|\n|poke|p2|Maushold, L50|\n|poke|p2|Garchomp, L50, F|\n|poke|p2|Talonflame, L50, M|\n|poke|p2|Rotom-Wash, L50|\n|poke|p2|Aegislash, L50, M|\n|teampreview|4\n|inactive|Battle timer is ON: inactive players will automatically lose when time's up. (requested by GothGirlLoverQ)\n|\n|t:|1775986804\n|teamsize|p1|4\n|teamsize|p2|4\n|start\n|switch|p1a: Incineroar|Incineroar, L50, F|100/100\n|switch|p1b: Sneasler|Sneasler, L50, M|100/100\n|switch|p2a: Floette|Floette-Eternal, L50, F|100/100\n|switch|p2b: Maushold|Maushold, L50|100/100\n|-ability|p1a: Incineroar|Intimidate|boost\n|-unboost|p2a: Floette|atk|1\n|-unboost|p2b: Maushold|atk|1\n|turn|1\n|j| gE1xjZRtuhW2DdT0AK\n|inactive|GothGirlLoverQ has 30 seconds left.\n|\n|t:|1775986831\n|move|p2b: Maushold|Protect|p2b: Maushold\n|-singleturn|p2b: Maushold|Protect\n|move|p2a: Floette|Protect|p2a: Floette\n|-singleturn|p2a: Floette|Protect\n|move|p1a: Incineroar|Fake Out|p2b: Maushold\n|-activate|p2b: Maushold|move: Protect\n|move|p1b: Sneasler|Close Combat|p2b: Maushold\n|-activate|p2b: Maushold|move: Protect\n|\n|upkeep\n|turn|2\n|inactive|GothGirlLoverQ has 30 seconds left.\n|\n|t:|1775986866\n|detailschange|p2a: Floette|Floette-Mega, L50, F\n|-mega|p2a: Floette|Floette|Floettite\n|-ability|p2a: Floette|Fairy Aura\n|move|p1b: Sneasler|Protect|p1b: Sneasler\n|-singleturn|p1b: Sneasler|Protect\n|move|p2b: Maushold|Follow Me|p2b: Maushold\n|-singleturn|p2b: Maushold|move: Follow Me\n|move|p2a: Floette|Calm Mind|p2a: Floette\n|-boost|p2a: Floette|spa|1\n|-boost|p2a: Floette|spd|1\n|move|p1a: Incineroar|Flare Blitz|p2b: Maushold\n|-damage|p2b: Maushold|39/100\n|-damage|p1a: Incineroar|82/100|[from] Recoil\n|\n|upkeep\n|turn|3\n|\n|t:|1775986885\n|move|p2b: Maushold|Follow Me|p2b: Maushold\n|-singleturn|p2b: Maushold|move: Follow Me\n|move|p1b: Sneasler|Dire Claw|p2b: Maushold\n|-damage|p2b: Maushold|0 fnt\n|faint|p2b: Maushold\n|move|p2a: Floette|Calm Mind|p2a: Floette\n|-boost|p2a: Floette|spa|1\n|-boost|p2a: Floette|spd|1\n|move|p1a: Incineroar|Parting Shot|p2a: Floette\n|-unboost|p2a: Floette|atk|1\n|-unboost|p2a: Floette|spa|1\n|\n|t:|1775986899\n|switch|p1a: Gengar|Gengar, L50, F|100/100|[from] Parting Shot\n|\n|upkeep\n|\n|t:|1775986901\n|switch|p2b: Talonflame|Talonflame, L50, M|100/100\n|turn|4\n|\n|t:|1775986922\n|switch|p1a: Incineroar|Incineroar, L50, F|82/100\n|-ability|p1a: Incineroar|Intimidate|boost\n|-unboost|p2a: Floette|atk|1\n|-unboost|p2b: Talonflame|atk|1\n|move|p2b: Talonflame|Tailwind|p2b: Talonflame\n|-sidestart|p2: GothGirlLoverQ|move: Tailwind\n|move|p2a: Floette|Dazzling Gleam|p1a: Incineroar|[spread] p1a,p1b\n|-damage|p1a: Incineroar|30/100\n|-enditem|p1b: Sneasler|Focus Sash\n|-damage|p1b: Sneasler|1/100\n|-enditem|p1a: Incineroar|Sitrus Berry|[eat]\n|-heal|p1a: Incineroar|54/100|[from] item: Sitrus Berry\n|move|p1b: Sneasler|Dire Claw|p2a: Floette\n|-supereffective|p2a: Floette|1\n|-damage|p2a: Floette|17/100\n|-status|p2a: Floette|psn\n|\n|-damage|p2a: Floette|4/100 psn|[from] psn\n|upkeep\n|turn|5\n|inactive|Olympicsvgc has 30 seconds left.\n|inactive|GothGirlLoverQ has 30 seconds left.\n|\n|t:|1775986956\n|move|p1b: Sneasler|Protect|p1b: Sneasler\n|-singleturn|p1b: Sneasler|Protect\n|move|p1a: Incineroar|Protect|p1a: Incineroar\n|-singleturn|p1a: Incineroar|Protect\n|move|p2b: Talonflame|Acrobatics|p1b: Sneasler\n|-activate|p1b: Sneasler|move: Protect\n|move|p2a: Floette|Dazzling Gleam|p1a: Incineroar|[spread] \n|-activate|p1a: Incineroar|move: Protect\n|-activate|p1b: Sneasler|move: Protect\n|\n|-damage|p2a: Floette|0 fnt|[from] psn\n|faint|p2a: Floette\n|upkeep\n|\n|t:|1775986961\n|switch|p2a: Garchomp|Garchomp, L50, F|100/100\n|turn|6\n|\n|t:|1775986978\n|switch|p1a: Sinistcha|Sinistcha, L50|100/100\n|-heal|p1b: Sneasler|26/100|[from] ability: Hospitality|[of] p1a: Sinistcha\n|move|p2b: Talonflame|Acrobatics|p1b: Sneasler\n|-supereffective|p1b: Sneasler|1\n|-damage|p1b: Sneasler|0 fnt\n|faint|p1b: Sneasler\n|move|p2a: Garchomp|Earthquake|p1a: Sinistcha|[spread] p1a\n|-immune|p2b: Talonflame\n|-resisted|p1a: Sinistcha|1\n|-damage|p1a: Sinistcha|81/100\n|\n|upkeep\n|\n|t:|1775986993\n|switch|p1b: Incineroar|Incineroar, L50, F|54/100\n|-ability|p1b: Incineroar|Intimidate|boost\n|-unboost|p2a: Garchomp|atk|1\n|-unboost|p2b: Talonflame|atk|1\n|turn|7\n|\n|t:|1775987009\n|move|p2b: Talonflame|Protect|p2b: Talonflame\n|-singleturn|p2b: Talonflame|Protect\n|move|p2a: Garchomp|Protect|p2a: Garchomp\n|-singleturn|p2a: Garchomp|Protect\n|move|p1b: Incineroar|Fake Out|p2a: Garchomp\n|-activate|p2a: Garchomp|move: Protect\n|move|p1a: Sinistcha|Strength Sap|p2a: Garchomp\n|-activate|p2a: Garchomp|move: Protect\n|\n|-sideend|p2: GothGirlLoverQ|move: Tailwind\n|upkeep\n|turn|8\n|\n|t:|1775987030\n|move|p1b: Incineroar|Protect|p1b: Incineroar\n|-singleturn|p1b: Incineroar|Protect\n|move|p2b: Talonflame|Tailwind|p2b: Talonflame\n|-sidestart|p2: GothGirlLoverQ|move: Tailwind\n|move|p2a: Garchomp|Earthquake|p1b: Incineroar|[spread] p1a\n|-activate|p1b: Incineroar|move: Protect\n|-immune|p2b: Talonflame\n|-resisted|p1a: Sinistcha|1\n|-damage|p1a: Sinistcha|68/100\n|move|p1a: Sinistcha|Strength Sap|p2a: Garchomp\n|-unboost|p2a: Garchomp|atk|1\n|-heal|p1a: Sinistcha|100/100\n|\n|upkeep\n|turn|9\n|\n|t:|1775987048\n|move|p2b: Talonflame|Acrobatics|p1a: Sinistcha\n|-supereffective|p1a: Sinistcha|1\n|-damage|p1a: Sinistcha|63/100\n|move|p2a: Garchomp|Earthquake|p1b: Incineroar|[spread] p1a,p1b\n|-immune|p2b: Talonflame\n|-resisted|p1a: Sinistcha|1\n|-supereffective|p1b: Incineroar|1\n|-crit|p1b: Incineroar\n|-damage|p1a: Sinistcha|54/100\n|-damage|p1b: Incineroar|0 fnt\n|faint|p1b: Incineroar\n|move|p1a: Sinistcha|Matcha Gotcha|p2b: Talonflame|[spread] p2a,p2b\n|-resisted|p2b: Talonflame|2\n|-damage|p2a: Garchomp|71/100\n|-heal|p1a: Sinistcha|69/100|[from] drain|[of] p2a: Garchomp\n|-damage|p2b: Talonflame|91/100\n|-heal|p1a: Sinistcha|74/100|[from] drain|[of] p2b: Talonflame\n|-status|p2a: Garchomp|brn\n|\n|-damage|p2a: Garchomp|65/100 brn|[from] brn\n|upkeep\n|\n|t:|1775987056\n|switch|p1b: Gengar|Gengar, L50, F|100/100\n|turn|10\n|inactive|Olympicsvgc has 30 seconds left.\n|\n|t:|1775987089\n|detailschange|p1b: Gengar|Gengar-Mega, L50, F\n|-mega|p1b: Gengar|Gengar|Gengarite\n|move|p2b: Talonflame|Acrobatics|p1a: Sinistcha\n|-supereffective|p1a: Sinistcha|1\n|-crit|p1a: Sinistcha\n|-damage|p1a: Sinistcha|0 fnt\n|faint|p1a: Sinistcha\n|move|p2a: Garchomp|Earthquake|p1b: Gengar|[spread] p1b\n|-immune|p2b: Talonflame\n|-supereffective|p1b: Gengar|1\n|-damage|p1b: Gengar|69/100\n|move|p1b: Gengar|Shadow Ball|p2b: Talonflame\n|-damage|p2b: Talonflame|27/100\n|\n|-damage|p2a: Garchomp|59/100 brn|[from] brn\n|upkeep\n|turn|11\n|inactive|GothGirlLoverQ has 30 seconds left.\n|inactive|GothGirlLoverQ has 20 seconds left.\n|inactive|GothGirlLoverQ has 15 seconds left.\n|inactive|GothGirlLoverQ has 10 seconds left.\n|\n|t:|1775987139\n|move|p1b: Gengar|Protect|p1b: Gengar\n|-singleturn|p1b: Gengar|Protect\n|move|p2b: Talonflame|Acrobatics|p1b: Gengar\n|-activate|p1b: Gengar|move: Protect\n|move|p2a: Garchomp|Earthquake|p1b: Gengar|[spread] \n|-activate|p1b: Gengar|move: Protect\n|-immune|p2b: Talonflame\n|\n|-damage|p2a: Garchomp|53/100 brn|[from] brn\n|-sideend|p2: GothGirlLoverQ|move: Tailwind\n|upkeep\n|turn|12\n|\n|t:|1775987157\n|move|p2a: Garchomp|Protect|p2a: Garchomp\n|-singleturn|p2a: Garchomp|Protect\n|move|p1b: Gengar|Shadow Ball|p2a: Garchomp\n|-activate|p2a: Garchomp|move: Protect\n|move|p2b: Talonflame|Tailwind|p2b: Talonflame\n|-sidestart|p2: GothGirlLoverQ|move: Tailwind\n|\n|-damage|p2a: Garchomp|48/100 brn|[from] brn\n|upkeep\n|turn|13\n|\n|t:|1775987165\n|move|p1b: Gengar|Protect|p1b: Gengar\n|-singleturn|p1b: Gengar|Protect\n|move|p2b: Talonflame|Acrobatics|p1b: Gengar\n|-activate|p1b: Gengar|move: Protect\n|move|p2a: Garchomp|Earthquake|p1b: Gengar|[spread] \n|-activate|p1b: Gengar|move: Protect\n|-immune|p2b: Talonflame\n|\n|-damage|p2a: Garchomp|42/100 brn|[from] brn\n|upkeep\n|turn|14\n|\n|t:|1775987173\n|move|p2b: Talonflame|Acrobatics|p1b: Gengar\n|-damage|p1b: Gengar|42/100\n|move|p2a: Garchomp|Earthquake|p1b: Gengar|[spread] p1b\n|-immune|p2b: Talonflame\n|-supereffective|p1b: Gengar|1\n|-damage|p1b: Gengar|11/100\n|move|p1b: Gengar|Shadow Ball|p2b: Talonflame\n|-damage|p2b: Talonflame|0 fnt\n|faint|p2b: Talonflame\n|\n|-damage|p2a: Garchomp|36/100 brn|[from] brn\n|upkeep\n|turn|15\n|\n|t:|1775987187\n|move|p1b: Gengar|Protect|p1b: Gengar\n|-singleturn|p1b: Gengar|Protect\n|move|p2a: Garchomp|Stomping Tantrum|p1b: Gengar\n|-activate|p1b: Gengar|move: Protect\n|\n|-damage|p2a: Garchomp|30/100 brn|[from] brn\n|-sideend|p2: GothGirlLoverQ|move: Tailwind\n|upkeep\n|turn|16\n|\n|t:|1775987191\n|move|p1b: Gengar|Shadow Ball|p2a: Garchomp\n|-damage|p2a: Garchomp|0 fnt\n|faint|p2a: Garchomp\n|\n|win|Olympicsvgc\n|raw|Olympicsvgc's rating: 1270 &rarr; <strong>1298</strong><br />(+28 for winning)\n|raw|GothGirlLoverQ's rating: 1312 &rarr; <strong>1290</strong><br />(-22 for losing)\n|l|\u2606GothGirlLoverQ\n|player|p2|\n",
  "uploadtime": 1775987204,
  "views": 21,
  "formatid": "gen9championsvgc2026regma",
  "rating": 1290,
  "private": 0,
  "password": null
}