{
  "id": "gen9championsvgc2026regma-2584407850",
  "format": "[Gen 9 Champions] VGC 2026 Reg M-A",
  "players": [
    "flaemm",
    "MvillMpersonality"
  ],
  "log": "|j|\u2606flaemm\n|j|\u2606MvillMpersonality\n|t:|1776258694\n|gametype|doubles\n|player|p1|flaemm|alder|1224\n|player|p2|MvillMpersonality|pokemaniac|1270\n|gen|9\n|tier|[Gen 9 Champions] VGC 2026 Reg M-A\n|rated|\n|rule|Species Clause: Limit one of each Pok\u00e9mon\n|rule|Item Clause: Limit 1 of each item\n|clearpoke\n|poke|p1|Farigiraf, L50, F|\n|poke|p1|Floette-Eternal, L50, F|\n|poke|p1|Incineroar, L50, M|\n|poke|p1|Delphox, L50, F|\n|poke|p1|Kommo-o, L50, M|\n|poke|p1|Sinistcha-Masterpiece, L50|\n|poke|p2|Scovillain, L50, M|\n|poke|p2|Sinistcha, L50|\n|poke|p2|Gallade, L50, M|\n|poke|p2|Kingambit, L50, M|\n|poke|p2|Rhyperior, L50, M|\n|poke|p2|Primarina, L50, F|\n|teampreview|4\nflaemm rejected open team sheets.\n|\n|t:|1776258736\n|teamsize|p1|4\n|teamsize|p2|4\n|start\n|switch|p1a: Farigiraf|Farigiraf, L50, F|100/100\n|switch|p1b: Incineroar|Incineroar, L50, M|100/100\n|switch|p2a: Scovillain|Scovillain, L50, M|100/100\n|switch|p2b: Kingambit|Kingambit, L50, M|100/100\n|-ability|p1b: Incineroar|Intimidate|boost\n|-unboost|p2a: Scovillain|atk|1\n|-unboost|p2b: Kingambit|atk|1\n|-ability|p2b: Kingambit|Defiant|boost\n|-boost|p2b: Kingambit|atk|2\n|turn|1\n|\n|t:|1776258800\n|detailschange|p2a: Scovillain|Scovillain-Mega, L50, M\n|-mega|p2a: Scovillain|Scovillain|Scovillainite\n|move|p2b: Kingambit|Protect|p2b: Kingambit\n|-singleturn|p2b: Kingambit|Protect\n|move|p1b: Incineroar|Fake Out|p2b: Kingambit\n|-activate|p2b: Kingambit|move: Protect\n|move|p2a: Scovillain|Overheat|p1a: Farigiraf\n|-damage|p1a: Farigiraf|45/100\n|-unboost|p2a: Scovillain|spa|2\n|move|p1a: Farigiraf|Baton Pass|p1a: Farigiraf\n|\n|t:|1776258814\n|switch|p1a: Delphox|Delphox, L50, F|100/100|[from] Baton Pass\n|\n|upkeep\n|turn|2\n|\n|t:|1776258836\n|switch|p2b: Rhyperior|Rhyperior, L50, M|100/100\n|detailschange|p1a: Delphox|Delphox-Mega, L50, F\n|-mega|p1a: Delphox|Delphox|Delphoxite\n|move|p2a: Scovillain|Protect|p2a: Scovillain\n|-singleturn|p2a: Scovillain|Protect\n|move|p1a: Delphox|Substitute|p1a: Delphox\n|-start|p1a: Delphox|Substitute\n|-damage|p1a: Delphox|75/100\n|move|p1b: Incineroar|Flare Blitz|p2a: Scovillain\n|-activate|p2a: Scovillain|move: Protect\n|\n|upkeep\n|turn|3\n|\n|t:|1776258862\n|move|p2a: Scovillain|Rage Powder|p2a: Scovillain\n|-singleturn|p2a: Scovillain|move: Rage Powder\n|move|p1a: Delphox|Heat Wave|p2a: Scovillain|[spread] p2a,p2b\n|-resisted|p2b: Rhyperior|1\n|-damage|p2a: Scovillain|60/100\n|-damage|p2b: Rhyperior|80/100\n|-immune|p1a: Delphox\n|move|p1b: Incineroar|Parting Shot|p2a: Scovillain\n|-unboost|p2a: Scovillain|atk|1\n|-unboost|p2a: Scovillain|spa|1\n|\n|t:|1776258869\n|switch|p1b: Kommo-o|Kommo-o, L50, M|100/100|[from] Parting Shot\n|move|p2b: Rhyperior|Rock Slide|p1b: Kommo-o|[spread] p1a,p1b\n|-supereffective|p1a: Delphox|1\n|-end|p1a: Delphox|Substitute\n|-resisted|p1b: Kommo-o|1\n|-damage|p1b: Kommo-o|80/100\n|\n|upkeep\n|turn|4\n|\n|t:|1776258909\n|move|p1a: Delphox|Protect|p1a: Delphox\n|-singleturn|p1a: Delphox|Protect\n|move|p2a: Scovillain|Rage Powder|p2a: Scovillain\n|-singleturn|p2a: Scovillain|move: Rage Powder\n|move|p1b: Kommo-o|Aura Sphere|p2a: Scovillain\n|-damage|p2a: Scovillain|23/100\n|-status|p1b: Kommo-o|brn|[from] ability: Spicy Spray|[of] p2a: Scovillain\n|move|p2b: Rhyperior|Rock Slide|p1b: Kommo-o|[spread] p1b\n|-activate|p1a: Delphox|move: Protect\n|-resisted|p1b: Kommo-o|1\n|-damage|p1b: Kommo-o|60/100 brn\n|\n|-damage|p1b: Kommo-o|54/100 brn|[from] brn\n|upkeep\n|turn|5\n|\n|t:|1776258946\n|move|p1a: Delphox|Substitute|p1a: Delphox\n|-start|p1a: Delphox|Substitute\n|-damage|p1a: Delphox|50/100\n|move|p1b: Kommo-o|Clanging Scales|p2a: Scovillain|[spread] p2a,p2b\n|-damage|p2a: Scovillain|0 fnt\n|-damage|p2b: Rhyperior|44/100\n|faint|p2a: Scovillain\n|-unboost|p1b: Kommo-o|def|1\n|move|p2b: Rhyperior|Rock Slide|p1b: Kommo-o|[spread] p1a,p1b\n|-supereffective|p1a: Delphox|1\n|-crit|p1a: Delphox\n|-end|p1a: Delphox|Substitute\n|-resisted|p1b: Kommo-o|1\n|-damage|p1b: Kommo-o|23/100 brn\n|\n|-damage|p1b: Kommo-o|17/100 brn|[from] brn\n|upkeep\n|\n|t:|1776258964\n|switch|p2a: Kingambit|Kingambit, L50, M|100/100\n|turn|6\n|\n|t:|1776258988\n|switch|p1a: Farigiraf|Farigiraf, L50, F|45/100\n|move|p2a: Kingambit|Sucker Punch||[still]\n|cant|p1a: Farigiraf|ability: Armor Tail|Sucker Punch|[of] p2a: Kingambit\n|move|p1b: Kommo-o|Aura Sphere|p2b: Rhyperior\n|-supereffective|p2b: Rhyperior|1\n|-damage|p2b: Rhyperior|0 fnt\n|faint|p2b: Rhyperior\n|\n|-damage|p1b: Kommo-o|11/100 brn|[from] brn\n|upkeep\n|\n|t:|1776258998\n|switch|p2b: Gallade|Gallade, L50, M|100/100\n|turn|7\n|\n|t:|1776259022\n|move|p1b: Kommo-o|Protect|p1b: Kommo-o\n|-singleturn|p1b: Kommo-o|Protect\n|move|p2b: Gallade|Sacred Sword|p1a: Farigiraf\n|-damage|p1a: Farigiraf|0 fnt\n|faint|p1a: Farigiraf\n|move|p2a: Kingambit|Swords Dance|p2a: Kingambit\n|-boost|p2a: Kingambit|atk|2\n|\n|-damage|p1b: Kommo-o|5/100 brn|[from] brn\n|upkeep\n|\n|t:|1776259034\n|switch|p1a: Delphox|Delphox-Mega, L50, F|50/100\n|turn|8\n|c|\u2606flaemm|ballsy ass play\n|c|\u2606flaemm|love it\n|c|\u2606MvillMpersonality|<3\n|c|\u2606MvillMpersonality|Back was against the wall\n|c|\u2606flaemm|true\n|\n|t:|1776259067\n|move|p2a: Kingambit|Sucker Punch|p1a: Delphox\n|-supereffective|p1a: Delphox|1\n|-damage|p1a: Delphox|0 fnt\n|faint|p1a: Delphox\n|move|p1b: Kommo-o|Aura Sphere|p2a: Kingambit\n|-supereffective|p2a: Kingambit|2\n|-damage|p2a: Kingambit|0 fnt\n|faint|p2a: Kingambit\n|move|p2b: Gallade|Sacred Sword|p1b: Kommo-o\n|-damage|p1b: Kommo-o|0 fnt\n|faint|p1b: Kommo-o\n|\n|upkeep\n|\n|t:|1776259072\n|switch|p1a: Incineroar|Incineroar, L50, M|100/100\n|-ability|p1a: Incineroar|Intimidate|boost\n|-unboost|p2b: Gallade|atk|1\n|turn|9\n|\n|t:|1776259081\n|move|p2b: Gallade|Protect|p2b: Gallade\n|-singleturn|p2b: Gallade|Protect\n|move|p1a: Incineroar|Fake Out|p2b: Gallade\n|-activate|p2b: Gallade|move: Protect\n|\n|upkeep\n|turn|10\n|c|\u2606flaemm|ggs\n|c|\u2606MvillMpersonality|You too\n|c|\u2606MvillMpersonality|Wish I knew calcs offhand but 2 has to get it\n|\n|t:|1776259105\n|move|p2b: Gallade|Sacred Sword|p1a: Incineroar\n|-supereffective|p1a: Incineroar|1\n|-damage|p1a: Incineroar|0 fnt\n|faint|p1a: Incineroar\n|\n|win|MvillMpersonality\n|raw|flaemm's rating: 1224 &rarr; <strong>1202</strong><br />(-22 for losing)\n|raw|MvillMpersonality's rating: 1270 &rarr; <strong>1292</strong><br />(+22 for winning)\n|c|\u2606MvillMpersonality|one does :D\n|c|\u2606flaemm|nope\n|c|\u2606flaemm|sharpness gaming\n|c|\u2606flaemm|wp\n|c|\u2606MvillMpersonality|You as well!\n",
  "uploadtime": 1776259120,
  "views": 28,
  "formatid": "gen9championsvgc2026regma",
  "rating": 1202,
  "private": 0,
  "password": null
}