{
  "id": "gen9championsvgc2026regma-2587632386",
  "format": "[Gen 9 Champions] VGC 2026 Reg M-A",
  "players": [
    "autiorez",
    "adrianmer10"
  ],
  "log": "|j|\u2606autiorez\n|j|\u2606adrianmer10\n|t:|1776548735\n|gametype|doubles\n|player|p1|autiorez|youngn|1200\n|player|p2|adrianmer10|ethan|1284\n|gen|9\n|tier|[Gen 9 Champions] VGC 2026 Reg M-A\n|rated|\n|rule|Species Clause: Limit one of each Pok\u00e9mon\n|rule|Item Clause: Limit 1 of each item\n|clearpoke\n|poke|p1|Lucario, L50, F|\n|poke|p1|Dragapult, L50, M|\n|poke|p1|Kingambit, L50, M|\n|poke|p1|Starmie, L50|\n|poke|p1|Hippowdon, L50, F|\n|poke|p1|Jolteon, L50, F|\n|poke|p2|Sneasler, L50, M|\n|poke|p2|Milotic, L50, M|\n|poke|p2|Floette-Eternal, L50, F|\n|poke|p2|Incineroar, L50, M|\n|poke|p2|Garchomp, L50, F|\n|poke|p2|Whimsicott, L50, M|\n|teampreview|4\n|inactive|Battle timer is ON: inactive players will automatically lose when time's up. (requested by autiorez)\n|c|\u2606autiorez|holy meta sheep\n|inactive|autiorez has 60 seconds left.\n|inactive|adrianmer10 has 60 seconds left.\n|c|\u2606adrianmer10|xddd\n|inactive|adrianmer10 has 30 seconds left.\n|\n|t:|1776548797\n|teamsize|p1|4\n|teamsize|p2|4\n|start\n|switch|p1a: Lucario|Lucario, L50, F|100/100\n|switch|p1b: Kingambit|Kingambit, L50, M|100/100\n|switch|p2a: Whimsicott|Whimsicott, L50, M|100/100\n|switch|p2b: Incineroar|Incineroar, L50, M|100/100\n|-ability|p2b: Incineroar|Intimidate|boost\n|-fail|p1a: Lucario|unboost|Attack|[from] ability: Inner Focus|[of] p1a: Lucario\n|-unboost|p1b: Kingambit|atk|1\n|-ability|p1b: Kingambit|Defiant|boost\n|-boost|p1b: Kingambit|atk|2\n|turn|1\n|\n|t:|1776548821\n|detailschange|p1a: Lucario|Lucario-Mega, L50, F\n|-mega|p1a: Lucario|Lucario|Lucarionite\n|move|p2b: Incineroar|Fake Out|p1b: Kingambit\n|-resisted|p1b: Kingambit|1\n|-damage|p1b: Kingambit|94/100\n|move|p2a: Whimsicott|Tailwind|p2a: Whimsicott\n|-sidestart|p2: adrianmer10|move: Tailwind\n|move|p1a: Lucario|Close Combat|p2b: Incineroar\n|-supereffective|p2b: Incineroar|1\n|-damage|p2b: Incineroar|0 fnt\n|-unboost|p1a: Lucario|def|1\n|-unboost|p1a: Lucario|spd|1\n|faint|p2b: Incineroar\n|cant|p1b: Kingambit|flinch\n|\n|upkeep\n|\n|t:|1776548838\n|switch|p2b: Floette|Floette-Eternal, L50, F|100/100\n|turn|2\n|\n|t:|1776548849\n|detailschange|p2b: Floette|Floette-Mega, L50, F\n|-mega|p2b: Floette|Floette|Floettite\n|-ability|p2b: Floette|Fairy Aura\n|move|p1a: Lucario|Protect|p1a: Lucario\n|-singleturn|p1a: Lucario|Protect\n|move|p2a: Whimsicott|Encore|p1a: Lucario\n|-activate|p1a: Lucario|move: Protect\n|move|p2b: Floette|Dazzling Gleam|p1a: Lucario|[spread] p1b\n|-activate|p1a: Lucario|move: Protect\n|-damage|p1b: Kingambit|35/100\n|move|p1b: Kingambit|Iron Head|p2b: Floette\n|-supereffective|p2b: Floette|1\n|-damage|p2b: Floette|0 fnt\n|faint|p2b: Floette\n|\n|upkeep\n|\n|t:|1776548863\n|switch|p2b: Sneasler|Sneasler, L50, M|100/100\n|turn|3\n|\n|t:|1776548874\n|switch|p1a: Dragapult|Dragapult, L50, M|100/100\n|move|p2a: Whimsicott|Encore||[still]\n|-fail|p2a: Whimsicott\n|move|p2b: Sneasler|Close Combat|p1b: Kingambit\n|-supereffective|p1b: Kingambit|2\n|-damage|p1b: Kingambit|0 fnt\n|-unboost|p2b: Sneasler|def|1\n|-unboost|p2b: Sneasler|spd|1\n|faint|p1b: Kingambit\n|-enditem|p2b: Sneasler|White Herb\n|-clearnegativeboost|p2b: Sneasler|[silent]\n|\n|upkeep\n|c|\u2606autiorez|???\n|c|\u2606autiorez|i used sucker punch\n|\n|t:|1776548890\n|switch|p1b: Starmie|Starmie, L50|100/100\n|turn|4\n|inactive|adrianmer10 has 30 seconds left.\n|\n|t:|1776548916\n|move|p2b: Sneasler|Protect|p2b: Sneasler\n|-singleturn|p2b: Sneasler|Protect\n|move|p2a: Whimsicott|Moonblast|p1a: Dragapult\n|-supereffective|p1a: Dragapult|1\n|-damage|p1a: Dragapult|1/100\n|move|p1a: Dragapult|Flamethrower|p2a: Whimsicott\n|-supereffective|p2a: Whimsicott|1\n|-damage|p2a: Whimsicott|4/100\n|move|p1b: Starmie|Psycho Cut|p2b: Sneasler\n|-activate|p2b: Sneasler|move: Protect\n|\n|-sideend|p2: adrianmer10|move: Tailwind\n|upkeep\n|turn|5\n|inactive|adrianmer10 has 30 seconds left.\n|inactive|adrianmer10 has 20 seconds left.\n|\n|t:|1776548954\n|move|p2b: Sneasler|Throat Chop|p1b: Starmie\n|-supereffective|p1b: Starmie|1\n|-damage|p1b: Starmie|12/100\n|-start|p1b: Starmie|Throat Chop|[silent]\n|move|p1a: Dragapult|Flamethrower|p2a: Whimsicott\n|-supereffective|p2a: Whimsicott|1\n|-damage|p2a: Whimsicott|0 fnt\n|faint|p2a: Whimsicott\n|move|p1b: Starmie|Psycho Cut|p2b: Sneasler\n|-supereffective|p2b: Sneasler|2\n|-damage|p2b: Sneasler|0 fnt\n|faint|p2b: Sneasler\n|\n|win|autiorez\n|raw|autiorez's rating: 1173 &rarr; <strong>1206</strong><br />(+33 for winning)\n|raw|adrianmer10's rating: 1284 &rarr; <strong>1251</strong><br />(-33 for losing)\n|l|\u2606adrianmer10\n|player|p2|\n",
  "uploadtime": 1776548966,
  "views": 15,
  "formatid": "gen9championsvgc2026regma",
  "rating": 1206,
  "private": 0,
  "password": null
}