{
  "id": "gen9championsvgc2026regma-2588638280",
  "format": "[Gen 9 Champions] VGC 2026 Reg M-A",
  "players": [
    "Jeazoal",
    "123e34"
  ],
  "log": "|j|\u2606Jeazoal\n|j|\u2606123e34\n|t:|1776652608\n|gametype|doubles\n|player|p1|Jeazoal|pokemonranger-gen4|1038\n|player|p2|123e34|1|1109\n|gen|9\n|tier|[Gen 9 Champions] VGC 2026 Reg M-A\n|rated|\n|rule|Species Clause: Limit one of each Pok\u00e9mon\n|rule|Item Clause: Limit 1 of each item\n|clearpoke\n|poke|p1|Pelipper, L50, F|\n|poke|p1|Basculegion, L50, M|\n|poke|p1|Archaludon, L50, M|\n|poke|p1|Sinistcha, L50|\n|poke|p1|Dragonite, L50, M|\n|poke|p1|Sneasler, L50, M|\n|poke|p2|Tyranitar, L50, M|\n|poke|p2|Excadrill, L50, F|\n|poke|p2|Corviknight, L50, M|\n|poke|p2|Primarina, L50, M|\n|poke|p2|Incineroar, L50, F|\n|poke|p2|Sinistcha, L50|\n|teampreview|4\n|\n|t:|1776652636\n|teamsize|p1|4\n|teamsize|p2|4\n|start\n|switch|p1a: Pelipper|Pelipper, L50, F|100/100\n|switch|p1b: Dragonite|Dragonite, L50, M|100/100\n|switch|p2a: Sinistcha|Sinistcha, L50|100/100\n|switch|p2b: Corviknight|Corviknight, L50, M|100/100\n|-weather|RainDance|[from] ability: Drizzle|[of] p1a: Pelipper\n|turn|1\n|\n|t:|1776652668\n|switch|p2a: Tyranitar|Tyranitar, L50, M|100/100\n|-weather|Sandstorm|[from] ability: Sand Stream|[of] p2a: Tyranitar\n|detailschange|p1b: Dragonite|Dragonite-Mega, L50, M\n|-mega|p1b: Dragonite|Dragonite|Dragoninite\n|move|p1b: Dragonite|Tailwind|p1b: Dragonite\n|-sidestart|p1: Jeazoal|move: Tailwind\n|move|p1a: Pelipper|Hurricane|p2a: Tyranitar\n|-resisted|p2a: Tyranitar|1\n|-damage|p2a: Tyranitar|86/100\n|-start|p2a: Tyranitar|confusion\n|move|p2b: Corviknight|Tailwind|p2b: Corviknight\n|-sidestart|p2: 123e34|move: Tailwind\n|\n|-weather|Sandstorm|[upkeep]\n|-damage|p1b: Dragonite|95/100|[from] Sandstorm\n|-damage|p1a: Pelipper|95/100|[from] Sandstorm\n|upkeep\n|turn|2\n|\n|t:|1776652703\n|switch|p1a: Sneasler|Sneasler, L50, M|100/100\n|detailschange|p2a: Tyranitar|Tyranitar-Mega, L50, M\n|-mega|p2a: Tyranitar|Tyranitar|Tyranitarite\n|move|p1b: Dragonite|Protect|p1b: Dragonite\n|-singleturn|p1b: Dragonite|Protect\n|-activate|p2a: Tyranitar|confusion\n|-damage|p2a: Tyranitar|74/100|[from] confusion\n|move|p2b: Corviknight|Bulk Up|p2b: Corviknight\n|-boost|p2b: Corviknight|atk|1\n|-boost|p2b: Corviknight|def|1\n|\n|-weather|Sandstorm|[upkeep]\n|-damage|p1a: Sneasler|95/100|[from] Sandstorm\n|-damage|p1b: Dragonite|89/100|[from] Sandstorm\n|upkeep\n|turn|3\n|\n|t:|1776652734\n|switch|p1b: Pelipper|Pelipper, L50, F|95/100\n|-weather|RainDance|[from] ability: Drizzle|[of] p1b: Pelipper\n|move|p1a: Sneasler|Close Combat|p2a: Tyranitar\n|-supereffective|p2a: Tyranitar|2\n|-damage|p2a: Tyranitar|0 fnt\n|-unboost|p1a: Sneasler|def|1\n|-unboost|p1a: Sneasler|spd|1\n|faint|p2a: Tyranitar\n|-enditem|p1a: Sneasler|White Herb\n|-clearnegativeboost|p1a: Sneasler|[silent]\n|move|p2b: Corviknight|Brave Bird|p1a: Sneasler\n|-supereffective|p1a: Sneasler|1\n|-damage|p1a: Sneasler|0 fnt\n|faint|p1a: Sneasler\n|-damage|p2b: Corviknight|74/100|[from] Recoil\n|\n|-weather|RainDance|[upkeep]\n|-heal|p2b: Corviknight|80/100|[from] item: Leftovers\n|upkeep\n|\n|t:|1776652759\n|switch|p1a: Basculegion|Basculegion, L50, M|100/100\n|switch|p2a: Primarina|Primarina, L50, M|100/100\n|turn|4\n|\n|t:|1776652780\n|move|p1a: Basculegion|Wave Crash|p2a: Primarina\n|-resisted|p2a: Primarina|1\n|-damage|p2a: Primarina|22/100\n|-damage|p1a: Basculegion|77/100|[from] Recoil\n|move|p1b: Pelipper|Hurricane|p2a: Primarina\n|-damage|p2a: Primarina|0 fnt\n|faint|p2a: Primarina\n|move|p2b: Corviknight|Brave Bird|p1b: Pelipper\n|-damage|p1b: Pelipper|11/100\n|-damage|p2b: Corviknight|61/100|[from] Recoil\n|\n|-weather|RainDance|[upkeep]\n|-heal|p2b: Corviknight|67/100|[from] item: Leftovers\n|-sideend|p1: Jeazoal|move: Tailwind\n|-sideend|p2: 123e34|move: Tailwind\n|upkeep\n|\n|t:|1776652792\n|switch|p2a: Sinistcha|Sinistcha, L50|100/100\n|-heal|p2b: Corviknight|92/100|[from] ability: Hospitality|[of] p2a: Sinistcha\n|turn|5\n|\n|t:|1776652811\n|move|p1b: Pelipper|Protect|p1b: Pelipper\n|-singleturn|p1b: Pelipper|Protect\n|move|p1a: Basculegion|Last Respects|p2a: Sinistcha\n|-supereffective|p2a: Sinistcha|1\n|-damage|p2a: Sinistcha|22/100\n|-enditem|p2a: Sinistcha|Sitrus Berry|[eat]\n|-heal|p2a: Sinistcha|47/100|[from] item: Sitrus Berry\n|move|p2a: Sinistcha|Matcha Gotcha|p1b: Pelipper|[spread] p1a\n|-activate|p1b: Pelipper|move: Protect\n|-supereffective|p1a: Basculegion|1\n|-damage|p1a: Basculegion|19/100\n|-heal|p2a: Sinistcha|79/100|[from] drain|[of] p1a: Basculegion\n|move|p2b: Corviknight|Bulk Up|p2b: Corviknight\n|-boost|p2b: Corviknight|atk|1\n|-boost|p2b: Corviknight|def|1\n|\n|-weather|RainDance|[upkeep]\n|-heal|p2b: Corviknight|98/100|[from] item: Leftovers\n|upkeep\n|turn|6\n|\n|t:|1776652833\n|move|p1a: Basculegion|Wave Crash|p2a: Sinistcha\n|-resisted|p2a: Sinistcha|1\n|-damage|p2a: Sinistcha|31/100\n|-damage|p1a: Basculegion|5/100|[from] Recoil\n|move|p1b: Pelipper|Hurricane|p2a: Sinistcha\n|-supereffective|p2a: Sinistcha|1\n|-damage|p2a: Sinistcha|0 fnt\n|faint|p2a: Sinistcha\n|move|p2b: Corviknight|Tailwind|p2b: Corviknight\n|-sidestart|p2: 123e34|move: Tailwind\n|\n|-weather|RainDance|[upkeep]\n|-heal|p2b: Corviknight|100/100|[from] item: Leftovers\n|upkeep\n|turn|7\n|\n|t:|1776652867\n|move|p1a: Basculegion|Last Respects|p2b: Corviknight\n|-damage|p2b: Corviknight|84/100\n|move|p2b: Corviknight|Brave Bird|p1a: Basculegion\n|-damage|p1a: Basculegion|0 fnt\n|faint|p1a: Basculegion\n|-damage|p2b: Corviknight|82/100|[from] Recoil\n|move|p1b: Pelipper|Hurricane|p2b: Corviknight\n|-resisted|p2b: Corviknight|1\n|-damage|p2b: Corviknight|58/100\n|-start|p2b: Corviknight|confusion\n|\n|-weather|none\n|-heal|p2b: Corviknight|63/100|[from] item: Leftovers\n|upkeep\n|\n|t:|1776652882\n|switch|p1a: Dragonite|Dragonite-Mega, L50, M|89/100\n|turn|8\n|\n|t:|1776652905\n|move|p1b: Pelipper|Protect|p1b: Pelipper\n|-singleturn|p1b: Pelipper|Protect\n|-activate|p2b: Corviknight|confusion\n|move|p2b: Corviknight|Roost|p2b: Corviknight\n|-heal|p2b: Corviknight|100/100\n|-singleturn|p2b: Corviknight|move: Roost\n|move|p1a: Dragonite|Dragon Pulse|p2b: Corviknight\n|-resisted|p2b: Corviknight|1\n|-damage|p2b: Corviknight|73/100\n|\n|-heal|p2b: Corviknight|79/100|[from] item: Leftovers\n|upkeep\n|turn|9\n|\n|t:|1776652925\n|-activate|p2b: Corviknight|confusion\n|move|p2b: Corviknight|Brave Bird|p1a: Dragonite\n|-damage|p1a: Dragonite|15/100\n|-damage|p2b: Corviknight|59/100|[from] Recoil\n|move|p1a: Dragonite|Hurricane|p2b: Corviknight|[miss]\n|-miss|p1a: Dragonite|p2b: Corviknight\n|move|p1b: Pelipper|Hurricane|p2b: Corviknight|[miss]\n|-miss|p1b: Pelipper|p2b: Corviknight\n|\n|-heal|p2b: Corviknight|64/100|[from] item: Leftovers\n|-sideend|p2: 123e34|move: Tailwind\n|upkeep\n|turn|10\n|\n|t:|1776652939\n|move|p1a: Dragonite|Protect|p1a: Dragonite\n|-singleturn|p1a: Dragonite|Protect\n|move|p1b: Pelipper|Protect|p1b: Pelipper\n|-singleturn|p1b: Pelipper|Protect\n|-activate|p2b: Corviknight|confusion\n|move|p2b: Corviknight|Brave Bird|p1a: Dragonite\n|-activate|p1a: Dragonite|move: Protect\n|\n|-heal|p2b: Corviknight|70/100|[from] item: Leftovers\n|upkeep\n|turn|11\n|\n|t:|1776652954\n|move|p1a: Dragonite|Hurricane|p2b: Corviknight|[miss]\n|-miss|p1a: Dragonite|p2b: Corviknight\n|move|p1b: Pelipper|Hurricane|p2b: Corviknight|[miss]\n|-miss|p1b: Pelipper|p2b: Corviknight\n|-activate|p2b: Corviknight|confusion\n|move|p2b: Corviknight|Brave Bird|p1a: Dragonite\n|-damage|p1a: Dragonite|0 fnt\n|faint|p1a: Dragonite\n|-damage|p2b: Corviknight|66/100|[from] Recoil\n|\n|-heal|p2b: Corviknight|72/100|[from] item: Leftovers\n|upkeep\n|turn|12\n|\n|t:|1776652969\n|move|p1b: Pelipper|Weather Ball|p2b: Corviknight\n|-resisted|p2b: Corviknight|1\n|-damage|p2b: Corviknight|65/100\n|-end|p2b: Corviknight|confusion\n|move|p2b: Corviknight|Brave Bird|p1b: Pelipper\n|-damage|p1b: Pelipper|0 fnt\n|faint|p1b: Pelipper\n|-damage|p2b: Corviknight|63/100|[from] Recoil\n|\n|win|123e34\n|raw|Jeazoal's rating: 1038 &rarr; <strong>1025</strong><br />(-13 for losing)\n|raw|123e34's rating: 1109 &rarr; <strong>1129</strong><br />(+20 for winning)\n",
  "uploadtime": 1776653115,
  "views": 5,
  "formatid": "gen9championsvgc2026regma",
  "rating": 1025,
  "private": 0,
  "password": null
}