{
  "id": "gen9championsvgc2026regma-2582793909",
  "format": "[Gen 9 Champions] VGC 2026 Reg M-A",
  "players": [
    "Kojiiii",
    "MonasDK"
  ],
  "log": "|j|\u2606Kojiiii\n|j|\u2606MonasDK\n|t:|1776114604\n|gametype|doubles\n|player|p1|Kojiiii|265|1117\n|player|p2|MonasDK|2|1042\n|gen|9\n|tier|[Gen 9 Champions] VGC 2026 Reg M-A\n|rated|\n|rule|Species Clause: Limit one of each Pok\u00e9mon\n|rule|Item Clause: Limit 1 of each item\n|clearpoke\n|poke|p1|Incineroar, L50, F|\n|poke|p1|Pelipper, L50, F|\n|poke|p1|Sneasler, L50, F|\n|poke|p1|Floette-Eternal, L50, F|\n|poke|p1|Archaludon, L50, M|\n|poke|p1|Sinistcha, L50|\n|poke|p2|Charizard, L50, F|\n|poke|p2|Whimsicott, L50, F|\n|poke|p2|Venusaur, L50, M|\n|poke|p2|Torkoal, L50, M|\n|poke|p2|Incineroar, L50, F|\n|poke|p2|Farigiraf, L50, F|\n|teampreview|4\n|\n|t:|1776114626\n|teamsize|p1|4\n|teamsize|p2|4\n|start\n|switch|p1a: Incineroar|Incineroar, L50, F, shiny|100/100\n|switch|p1b: Floette|Floette-Eternal, L50, F|100/100\n|switch|p2a: Charizard|Charizard, L50, F|100/100\n|switch|p2b: Whimsicott|Whimsicott, L50, F|100/100\n|-ability|p1a: Incineroar|Intimidate|boost\n|-unboost|p2a: Charizard|atk|1\n|-unboost|p2b: Whimsicott|atk|1\n|turn|1\n|\n|t:|1776114656\n|detailschange|p1b: Floette|Floette-Mega, L50, F\n|-mega|p1b: Floette|Floette|Floettite\n|-ability|p1b: Floette|Fairy Aura\n|detailschange|p2a: Charizard|Charizard-Mega-Y, L50, F\n|-mega|p2a: Charizard|Charizard|Charizardite Y\n|-weather|SunnyDay|[from] ability: Drought|[of] p2a: Charizard\n|move|p1a: Incineroar|Fake Out|p2a: Charizard\n|-damage|p2a: Charizard|84/100\n|move|p2b: Whimsicott|Tailwind|p2b: Whimsicott\n|-sidestart|p2: MonasDK|move: Tailwind\n|cant|p2a: Charizard|flinch\n|move|p1b: Floette|Calm Mind|p1b: Floette\n|-boost|p1b: Floette|spa|1\n|-boost|p1b: Floette|spd|1\n|\n|-weather|SunnyDay|[upkeep]\n|upkeep\n|turn|2\n|\n|t:|1776114684\n|switch|p2b: Venusaur|Venusaur, L50, M|100/100\n|move|p1b: Floette|Protect|p1b: Floette\n|-singleturn|p1b: Floette|Protect\n|move|p2a: Charizard|Heat Wave|p1b: Floette|[spread] p1a\n|-activate|p1b: Floette|move: Protect\n|-resisted|p1a: Incineroar|1\n|-damage|p1a: Incineroar|65/100\n|move|p1a: Incineroar|Parting Shot|p2a: Charizard\n|-unboost|p2a: Charizard|atk|1\n|-unboost|p2a: Charizard|spa|1\n|\n|t:|1776114696\n|switch|p1a: Sneasler|Sneasler, L50, F, shiny|100/100|[from] Parting Shot\n|\n|-weather|SunnyDay|[upkeep]\n|upkeep\n|turn|3\n|\n|t:|1776114709\n|switch|p2a: Incineroar|Incineroar, L50, F|100/100\n|-ability|p2a: Incineroar|Intimidate|boost\n|-unboost|p1a: Sneasler|atk|1\n|-unboost|p1b: Floette|atk|1\n|-enditem|p1a: Sneasler|White Herb\n|-clearnegativeboost|p1a: Sneasler|[silent]\n|move|p1a: Sneasler|Fake Out|p2b: Venusaur\n|-damage|p2b: Venusaur|82/100\n|cant|p2b: Venusaur|flinch\n|move|p1b: Floette|Calm Mind|p1b: Floette\n|-boost|p1b: Floette|spa|1\n|-boost|p1b: Floette|spd|1\n|\n|-weather|SunnyDay|[upkeep]\n|upkeep\n|turn|4\n|\n|t:|1776114732\n|switch|p1a: Incineroar|Incineroar, L50, F, shiny|65/100\n|-ability|p1a: Incineroar|Intimidate|boost\n|-unboost|p2a: Incineroar|atk|1\n|-unboost|p2b: Venusaur|atk|1\n|move|p1b: Floette|Protect|p1b: Floette\n|-singleturn|p1b: Floette|Protect\n|move|p2a: Incineroar|Fake Out|p1a: Incineroar\n|-damage|p1a: Incineroar|59/100\n|move|p2b: Venusaur|Sleep Powder|p1b: Floette\n|-activate|p1b: Floette|move: Protect\n|\n|-weather|SunnyDay|[upkeep]\n|-sideend|p2: MonasDK|move: Tailwind\n|upkeep\n|turn|5\n|\n|t:|1776114765\n|move|p1a: Incineroar|Fake Out|p2b: Venusaur\n|-damage|p2b: Venusaur|68/100\n|cant|p2b: Venusaur|flinch\n|move|p1b: Floette|Draining Kiss|p2a: Incineroar\n|-damage|p2a: Incineroar|34/100\n|-enditem|p2a: Incineroar|Sitrus Berry|[eat]\n|-heal|p2a: Incineroar|59/100|[from] item: Sitrus Berry\n|move|p2a: Incineroar|Flare Blitz|p1b: Floette\n|-damage|p1b: Floette|41/100\n|-damage|p2a: Incineroar|44/100|[from] Recoil\n|\n|-weather|none\n|upkeep\n|turn|6\n|\n|t:|1776114785\n|move|p1b: Floette|Protect|p1b: Floette\n|-singleturn|p1b: Floette|Protect\n|move|p2b: Venusaur|Sludge Bomb|p1b: Floette\n|-activate|p1b: Floette|move: Protect\n|move|p2a: Incineroar|Flare Blitz|p1b: Floette\n|-activate|p1b: Floette|move: Protect\n|move|p1a: Incineroar|Parting Shot|p2b: Venusaur\n|-unboost|p2b: Venusaur|atk|1\n|-unboost|p2b: Venusaur|spa|1\n|\n|t:|1776114796\n|switch|p1a: Sneasler|Sneasler, L50, F, shiny|100/100|[from] Parting Shot\n|\n|upkeep\n|turn|7\n|\n|t:|1776114807\n|move|p1a: Sneasler|Fake Out|p2b: Venusaur\n|-damage|p2b: Venusaur|50/100\n|move|p1b: Floette|Draining Kiss|p2a: Incineroar\n|-damage|p2a: Incineroar|0 fnt\n|-heal|p1b: Floette|85/100|[from] drain|[of] p2a: Incineroar\n|faint|p2a: Incineroar\n|cant|p2b: Venusaur|flinch\n|\n|upkeep\n|\n|t:|1776114815\n|switch|p2a: Charizard|Charizard-Mega-Y, L50, F|84/100\n|-weather|SunnyDay|[from] ability: Drought|[of] p2a: Charizard\n|turn|8\n|\n|t:|1776114845\n|switch|p1a: Pelipper|Pelipper, L50, F, shiny|100/100\n|-weather|RainDance|[from] ability: Drizzle|[of] p1a: Pelipper\n|move|p1b: Floette|Light of Ruin|p2b: Venusaur\n|-resisted|p2b: Venusaur|1\n|-damage|p2b: Venusaur|0 fnt\n|faint|p2b: Venusaur\n|-damage|p1b: Floette|57/100|[from] Recoil\n|move|p2a: Charizard|Heat Wave|p1b: Floette|[spread] p1a,p1b\n|-resisted|p1a: Pelipper|1\n|-damage|p1a: Pelipper|80/100\n|-damage|p1b: Floette|47/100\n|\n|-weather|RainDance|[upkeep]\n|upkeep\n|\n|t:|1776114857\n|switch|p2b: Whimsicott|Whimsicott, L50, F|100/100\n|turn|9\n|\n|t:|1776114865\n|switch|p1a: Incineroar|Incineroar, L50, F, shiny|59/100\n|-ability|p1a: Incineroar|Intimidate|boost\n|-unboost|p2a: Charizard|atk|1\n|-unboost|p2b: Whimsicott|atk|1\n|move|p1b: Floette|Protect|p1b: Floette\n|-singleturn|p1b: Floette|Protect\n|move|p2b: Whimsicott|Sunny Day|p2b: Whimsicott\n|-weather|SunnyDay\n|move|p2a: Charizard|Solar Beam||[still]\n|-prepare|p2a: Charizard|Solar Beam\n|-anim|p2a: Charizard|Solar Beam|p1a: Incineroar\n|-resisted|p1a: Incineroar|1\n|-damage|p1a: Incineroar|31/100\n|\n|-weather|SunnyDay|[upkeep]\n|upkeep\n|turn|10\n|\n|t:|1776114890\n|move|p1a: Incineroar|Fake Out|p2b: Whimsicott\n|-damage|p2b: Whimsicott|84/100\n|cant|p2b: Whimsicott|flinch\n|move|p1b: Floette|Draining Kiss|p2b: Whimsicott\n|-damage|p2b: Whimsicott|0 fnt\n|-heal|p1b: Floette|100/100|[from] drain|[of] p2b: Whimsicott\n|faint|p2b: Whimsicott\n|move|p2a: Charizard|Heat Wave|p1a: Incineroar|[spread] p1a,p1b\n|-resisted|p1a: Incineroar|1\n|-damage|p1a: Incineroar|0 fnt\n|-damage|p1b: Floette|72/100\n|-status|p1b: Floette|brn\n|faint|p1a: Incineroar\n|\n|-weather|SunnyDay|[upkeep]\n|-damage|p1b: Floette|66/100 brn|[from] brn\n|upkeep\n|\n|t:|1776114907\n|switch|p1a: Pelipper|Pelipper, L50, F, shiny|80/100\n|-weather|RainDance|[from] ability: Drizzle|[of] p1a: Pelipper\n|turn|11\n|-message|MonasDK forfeited.\n|\n|win|Kojiiii\n|raw|Kojiiii's rating: 1117 &rarr; <strong>1137</strong><br />(+20 for winning)\n|raw|MonasDK's rating: 1042 &rarr; <strong>1029</strong><br />(-13 for losing)\n|l|\u2606MonasDK\n|player|p2|\n",
  "uploadtime": 1776114920,
  "views": 24,
  "formatid": "gen9championsvgc2026regma",
  "rating": 1029,
  "private": 0,
  "password": null
}