{
  "id": "gen9championsvgc2026regma-2580656866",
  "format": "[Gen 9 Champions] VGC 2026 Reg M-A",
  "players": [
    "makoyouidiot",
    "Viijohnny07"
  ],
  "log": "|j|\u2606makoyouidiot\n|j|\u2606Viijohnny07\n|t:|1775921853\n|gametype|doubles\n|player|p1|makoyouidiot|acetrainersnow|1143\n|player|p2|Viijohnny07|266|1044\n|gen|9\n|tier|[Gen 9 Champions] VGC 2026 Reg M-A\n|rated|\n|rule|Species Clause: Limit one of each Pok\u00e9mon\n|rule|Item Clause: Limit 1 of each item\n|clearpoke\n|poke|p1|Charizard, L50, F|\n|poke|p1|Aerodactyl, L50, F|\n|poke|p1|Serperior, L50, M|\n|poke|p1|Tyrantrum, L50, M|\n|poke|p1|Oranguru, L50, M|\n|poke|p1|Torkoal, L50, M|\n|poke|p2|Charizard, L50, M|\n|poke|p2|Torkoal, L50, F|\n|poke|p2|Farigiraf, L50, M|\n|poke|p2|Sneasler, L50, F|\n|poke|p2|Meganium, L50, M|\n|poke|p2|Garchomp, L50, F|\n|teampreview|4\n|inactive|Battle timer is ON: inactive players will automatically lose when time's up. (requested by Viijohnny07)\n|inactive|Viijohnny07 has 60 seconds left.\n|inactive|Viijohnny07 has 30 seconds left.\n|inactive|Viijohnny07 has 20 seconds left.\n|inactive|Viijohnny07 has 15 seconds left.\n|inactive|Viijohnny07 has 10 seconds left.\n|inactive|Viijohnny07 has 5 seconds left.\n|\n|t:|1775921961\n|teamsize|p1|4\n|teamsize|p2|4\n|start\n|switch|p1a: Oranguru|Oranguru, L50, M|100/100\n|switch|p1b: Torkoal|Torkoal, L50, M|100/100\n|switch|p2a: Charizard|Charizard, L50, M|100/100\n|switch|p2b: Torkoal|Torkoal, L50, F|100/100\n|-weather|SunnyDay|[from] ability: Drought|[of] p2b: Torkoal\n|turn|1\n|inactive|Viijohnny07 has 30 seconds left.\n|\n|t:|1775921987\n|switch|p2a: Farigiraf|Farigiraf, L50, M|100/100\n|switch|p1b: Tyrantrum|Tyrantrum, L50, M|100/100\n|move|p2b: Torkoal|Earth Power|p1b: Tyrantrum\n|-supereffective|p1b: Tyrantrum|1\n|-damage|p1b: Tyrantrum|34/100\n|move|p1a: Oranguru|Trick Room|p1a: Oranguru\n|-fieldstart|move: Trick Room|[of] p1a: Oranguru\n|\n|-weather|SunnyDay|[upkeep]\n|upkeep\n|turn|2\n|\n|t:|1775922008\n|move|p2b: Torkoal|Earth Power|p1b: Tyrantrum\n|-supereffective|p1b: Tyrantrum|1\n|-damage|p1b: Tyrantrum|0 fnt\n|faint|p1b: Tyrantrum\n|move|p1a: Oranguru|Instruct|p1: Tyrantrum|[notarget]\n|-fail|p1a: Oranguru\n|move|p2a: Farigiraf|Trick Room|p2a: Farigiraf\n|-fieldend|move: Trick Room\n|\n|-weather|SunnyDay|[upkeep]\n|upkeep\n|\n|t:|1775922018\n|switch|p1b: Serperior|Serperior, L50, M|100/100\n|turn|3\n|\n|t:|1775922035\n|move|p1b: Serperior|Leaf Storm|p2a: Farigiraf\n|-damage|p2a: Farigiraf|50/100\n|-boost|p1b: Serperior|spa|2\n|move|p1a: Oranguru|Instruct|p1b: Serperior\n|-singleturn|p1b: Serperior|move: Instruct|[of] p1a: Oranguru\n|move|p1b: Serperior|Leaf Storm|p2a: Farigiraf\n|-damage|p2a: Farigiraf|0 fnt\n|-boost|p1b: Serperior|spa|2\n|faint|p2a: Farigiraf\n|move|p2b: Torkoal|Heat Wave|p1b: Serperior|[spread] \n|-miss|p2b: Torkoal|p1a: Oranguru\n|-miss|p2b: Torkoal|p1b: Serperior\n|\n|-weather|SunnyDay|[upkeep]\n|upkeep\n|\n|t:|1775922039\n|switch|p2a: Charizard|Charizard, L50, M|100/100\n|turn|4\n|\n|t:|1775922061\n|detailschange|p2a: Charizard|Charizard-Mega-X, L50, M\n|-mega|p2a: Charizard|Charizard|Charizardite X\n|move|p1b: Serperior|Dragon Pulse|p2b: Torkoal\n|-damage|p2b: Torkoal|18/100\n|move|p2a: Charizard|Flare Blitz|p1b: Serperior\n|-supereffective|p1b: Serperior|1\n|-damage|p1b: Serperior|0 fnt\n|faint|p1b: Serperior\n|-damage|p2a: Charizard|73/100|[from] Recoil\n|move|p1a: Oranguru|Instruct|p1: Serperior|[notarget]\n|-fail|p1a: Oranguru\n|move|p2b: Torkoal|Eruption|p1a: Oranguru\n|-damage|p1a: Oranguru|84/100\n|\n|-weather|SunnyDay|[upkeep]\n|upkeep\n|\n|t:|1775922079\n|switch|p1b: Torkoal|Torkoal, L50, M|100/100\n|turn|5\n|\n|t:|1775922101\n|move|p1b: Torkoal|Protect|p1b: Torkoal\n|-singleturn|p1b: Torkoal|Protect\n|move|p2a: Charizard|Flare Blitz|p1a: Oranguru\n|-damage|p1a: Oranguru|0 fnt\n|faint|p1a: Oranguru\n|-damage|p2a: Charizard|44/100|[from] Recoil\n|move|p2b: Torkoal|Earth Power|p1b: Torkoal\n|-activate|p1b: Torkoal|move: Protect\n|\n|-weather|none\n|upkeep\n|turn|6\n|\n|t:|1775922116\n|move|p2a: Charizard|Dragon Claw|p1b: Torkoal\n|-damage|p1b: Torkoal|53/100\n|move|p1b: Torkoal|Earth Power|p2a: Charizard\n|-supereffective|p2a: Charizard|1\n|-damage|p2a: Charizard|0 fnt\n|faint|p2a: Charizard\n|move|p2b: Torkoal|Earth Power|p1b: Torkoal\n|-supereffective|p1b: Torkoal|1\n|-damage|p1b: Torkoal|0 fnt\n|faint|p1b: Torkoal\n|\n|win|Viijohnny07\n|raw|makoyouidiot's rating: 1143 &rarr; <strong>1111</strong><br />(-32 for losing)\n|raw|Viijohnny07's rating: 1044 &rarr; <strong>1087</strong><br />(+43 for winning)\n",
  "uploadtime": 1775922130,
  "views": 24,
  "formatid": "gen9championsvgc2026regma",
  "rating": 1087,
  "private": 0,
  "password": null
}