{
  "id": "gen9championsvgc2026regma-2581298139",
  "format": "[Gen 9 Champions] VGC 2026 Reg M-A",
  "players": [
    "daedae007",
    "chikoranium"
  ],
  "log": "|j|\u2606daedae007\n|j|\u2606chikoranium\n|t:|1775983133\n|gametype|doubles\n|player|p1|daedae007|1|1318\n|player|p2|chikoranium|265|1291\n|gen|9\n|tier|[Gen 9 Champions] VGC 2026 Reg M-A\n|rated|\n|rule|Species Clause: Limit one of each Pok\u00e9mon\n|rule|Item Clause: Limit 1 of each item\n|clearpoke\n|poke|p1|Greninja-*, L50, F|\n|poke|p1|Kingambit, L50, M|\n|poke|p1|Kommo-o, L50, M|\n|poke|p1|Sinistcha-Masterpiece, L50|\n|poke|p1|Incineroar, L50, M|\n|poke|p1|Aerodactyl, L50, F|\n|poke|p2|Basculegion, L50, M|\n|poke|p2|Manectric, L50, F|\n|poke|p2|Incineroar, L50, F|\n|poke|p2|Sneasler, L50, F|\n|poke|p2|Kleavor, L50, M|\n|poke|p2|Skarmory, L50, F|\n|teampreview|4\n|inactive|Battle timer is ON: inactive players will automatically lose when time's up. (requested by chikoranium)\n|inactive|daedae007 has 60 seconds left.\n|inactive|chikoranium has 60 seconds left.\n|\n|t:|1775983177\n|teamsize|p1|4\n|teamsize|p2|4\n|start\n|switch|p1a: Greninja|Greninja, L50, F|100/100\n|switch|p1b: Aerodactyl|Aerodactyl, L50, F|100/100\n|switch|p2a: Skarmory|Skarmory, L50, F|100/100\n|switch|p2b: Sneasler|Sneasler, L50, F|100/100\n|-ability|p1b: Aerodactyl|Unnerve\n|turn|1\n|j| gE1xjZRtuhW2DdT0AK\n|\n|t:|1775983199\n|switch|p2b: Basculegion|Basculegion, L50, M|100/100\n|detailschange|p1a: Greninja|Greninja-Mega, L50, F\n|-mega|p1a: Greninja|Greninja|Greninjite\n|move|p1a: Greninja|Extrasensory|p2b: Basculegion\n|-start|p1a: Greninja|typechange|Psychic|[from] ability: Protean\n|-damage|p2b: Basculegion|58/100\n|move|p1b: Aerodactyl|Dual Wingbeat|p2b: Basculegion\n|-damage|p2b: Basculegion|38/100\n|-damage|p2b: Basculegion|20/100\n|-hitcount|p2b: Basculegion|2\n|move|p2a: Skarmory|Body Press|p1a: Greninja\n|-resisted|p1a: Greninja|1\n|-damage|p1a: Greninja|81/100\n|\n|upkeep\n|turn|2\n|inactive|chikoranium has 30 seconds left.\n|\n|t:|1775983230\n|switch|p1a: Incineroar|Incineroar, L50, M|100/100\n|-ability|p1a: Incineroar|Intimidate|boost\n|-unboost|p2a: Skarmory|atk|1\n|-unboost|p2b: Basculegion|atk|1\n|detailschange|p2a: Skarmory|Skarmory-Mega, L50, F\n|-mega|p2a: Skarmory|Skarmory|Skarmorite\n|move|p2b: Basculegion|Flip Turn|p1b: Aerodactyl\n|-supereffective|p1b: Aerodactyl|1\n|-damage|p1b: Aerodactyl|37/100\n|\n|t:|1775983241\n|switch|p2b: Sneasler|Sneasler, L50, F|100/100|[from] Flip Turn\n|move|p1b: Aerodactyl|Tailwind|p1b: Aerodactyl\n|-sidestart|p1: daedae007|move: Tailwind\n|move|p2a: Skarmory|Brave Bird|p1a: Incineroar\n|-damage|p1a: Incineroar|57/100\n|-damage|p2a: Skarmory|80/100|[from] Recoil\n|\n|upkeep\n|turn|3\n|inactive|chikoranium has 30 seconds left.\n|inactive|chikoranium has 20 seconds left.\n|\n|t:|1775983278\n|move|p2b: Sneasler|Fake Out|p1b: Aerodactyl\n|-resisted|p1b: Aerodactyl|1\n|-damage|p1b: Aerodactyl|27/100\n|move|p1a: Incineroar|Fake Out|p2a: Skarmory\n|-resisted|p2a: Skarmory|1\n|-damage|p2a: Skarmory|73/100\n|cant|p1b: Aerodactyl|flinch\n|cant|p2a: Skarmory|flinch\n|\n|upkeep\n|turn|4\n|inactive|chikoranium has 30 seconds left.\n|\n|t:|1775983307\n|switch|p2b: Basculegion|Basculegion, L50, M|20/100\n|move|p1b: Aerodactyl|Rock Slide|p2b: Basculegion|[spread] p2a,p2b\n|-damage|p2a: Skarmory|48/100\n|-damage|p2b: Basculegion|0 fnt\n|faint|p2b: Basculegion\n|move|p1a: Incineroar|Flare Blitz|p2a: Skarmory\n|-supereffective|p2a: Skarmory|1\n|-damage|p2a: Skarmory|0 fnt\n|faint|p2a: Skarmory\n|-damage|p1a: Incineroar|46/100|[from] Recoil\n|\n|upkeep\n|\n|t:|1775983316\n|switch|p2a: Sneasler|Sneasler, L50, F|100/100\n|switch|p2b: Kleavor|Kleavor, L50, M|100/100\n|turn|5\n|\n|t:|1775983323\n|move|p1b: Aerodactyl|Protect|p1b: Aerodactyl\n|-singleturn|p1b: Aerodactyl|Protect\n|move|p2a: Sneasler|Fake Out|p1b: Aerodactyl\n|-activate|p1b: Aerodactyl|move: Protect\n|move|p1a: Incineroar|Parting Shot|p2b: Kleavor\n|-unboost|p2b: Kleavor|atk|1\n|-unboost|p2b: Kleavor|spa|1\n|\n|t:|1775983332\n|switch|p1a: Kingambit|Kingambit, L50, M|100/100|[from] Parting Shot\n|move|p2b: Kleavor|Tailwind|p2b: Kleavor\n|-sidestart|p2: chikoranium|move: Tailwind\n|\n|-sideend|p1: daedae007|move: Tailwind\n|upkeep\n|turn|6\n|inactive|daedae007 has 30 seconds left.\n|inactive|daedae007 has 20 seconds left.\n|\n|t:|1775983368\n|switch|p1b: Incineroar|Incineroar, L50, M|46/100\n|-ability|p1b: Incineroar|Intimidate|boost\n|-unboost|p2a: Sneasler|atk|1\n|-unboost|p2b: Kleavor|atk|1\n|-enditem|p2a: Sneasler|White Herb\n|-clearnegativeboost|p2a: Sneasler|[silent]\n|move|p1a: Kingambit|Protect|p1a: Kingambit\n|-singleturn|p1a: Kingambit|Protect\n|move|p2a: Sneasler|Close Combat|p1a: Kingambit\n|-activate|p1a: Kingambit|move: Protect\n|move|p2b: Kleavor|Stone Axe|p1b: Incineroar\n|-supereffective|p1b: Incineroar|1\n|-damage|p1b: Incineroar|0 fnt\n|-sidestart|p1: daedae007|move: Stealth Rock\n|faint|p1b: Incineroar\n|\n|upkeep\n|\n|t:|1775983381\n|switch|p1b: Aerodactyl|Aerodactyl, L50, F|27/100\n|-ability|p1b: Aerodactyl|Unnerve\n|-damage|p1b: Aerodactyl|3/100|[from] Stealth Rock\n|turn|7\n|\n|t:|1775983398\n|move|p1a: Kingambit|Sucker Punch|p2b: Kleavor\n|-damage|p2b: Kleavor|56/100\n|move|p2a: Sneasler|Close Combat|p1a: Kingambit\n|-supereffective|p1a: Kingambit|2\n|-damage|p1a: Kingambit|0 fnt\n|-unboost|p2a: Sneasler|def|1\n|-unboost|p2a: Sneasler|spd|1\n|faint|p1a: Kingambit\n|move|p2b: Kleavor|X-Scissor|p1b: Aerodactyl\n|-resisted|p1b: Aerodactyl|1\n|-damage|p1b: Aerodactyl|0 fnt\n|faint|p1b: Aerodactyl\n|\n|upkeep\n|\n|t:|1775983408\n|switch|p1b: Greninja|Greninja-Mega, L50, F|81/100\n|-damage|p1b: Greninja|69/100|[from] Stealth Rock\n|turn|8\n|-message|daedae007 forfeited.\n|\n|win|chikoranium\n|raw|daedae007's rating: 1318 &rarr; <strong>1296</strong><br />(-22 for losing)\n|raw|chikoranium's rating: 1291 &rarr; <strong>1318</strong><br />(+27 for winning)\n|l|\u2606daedae007\n|player|p1|\n|l|\u2606chikoranium\n|player|p2|\n",
  "uploadtime": 1775983449,
  "views": 27,
  "formatid": "gen9championsvgc2026regma",
  "rating": 1296,
  "private": 0,
  "password": null
}