{
  "id": "gen9championsvgc2026regma-2582222086",
  "format": "[Gen 9 Champions] VGC 2026 Reg M-A",
  "players": [
    "Vaerts",
    "Cereales_Hacendado"
  ],
  "log": "|j|\u2606Vaerts\n|j|\u2606Cereales_Hacendado\n|t:|1776073024\n|gametype|doubles\n|player|p1|Vaerts|169|1192\n|player|p2|Cereales_Hacendado|265|1273\n|gen|9\n|tier|[Gen 9 Champions] VGC 2026 Reg M-A\n|rated|\n|rule|Species Clause: Limit one of each Pok\u00e9mon\n|rule|Item Clause: Limit 1 of each item\n|clearpoke\n|poke|p1|Sneasler, L50, M|\n|poke|p1|Kingambit, L50, F|\n|poke|p1|Clefable, L50, F|\n|poke|p1|Basculegion, L50, M|\n|poke|p1|Dragonite, L50, F|\n|poke|p1|Delphox, L50, M|\n|poke|p2|Pinsir, L50, F|\n|poke|p2|Milotic, L50, F|\n|poke|p2|Corviknight, L50, M|\n|poke|p2|Rotom-Heat, L50|\n|poke|p2|Glimmora, L50, M|\n|poke|p2|Scovillain, L50, F|\n|teampreview|4\n|inactive|Battle timer is ON: inactive players will automatically lose when time's up. (requested by Vaerts)\n|\n|t:|1776073065\n|teamsize|p1|4\n|teamsize|p2|4\n|start\n|switch|p1a: Delphox|Delphox, L50, M|100/100\n|switch|p1b: Basculegion|Basculegion, L50, M|100/100\n|switch|p2a: La Exploradora|Glimmora, L50, M, shiny|100/100\n|switch|p2b: Ayuso|Milotic, L50, F, shiny|100/100\n|turn|1\n|\n|t:|1776073085\n|detailschange|p1a: Delphox|Delphox-Mega, L50, M\n|-mega|p1a: Delphox|Delphox|Delphoxite\n|move|p2a: La Exploradora|Spiky Shield|p2a: La Exploradora\n|-singleturn|p2a: La Exploradora|move: Protect\n|move|p1a: Delphox|Psychic|p2a: La Exploradora\n|-activate|p2a: La Exploradora|move: Protect\n|move|p1b: Basculegion|Flip Turn|p2b: Ayuso\n|-resisted|p2b: Ayuso|1\n|-damage|p2b: Ayuso|85/100\n|\n|t:|1776073091\n|switch|p1b: Clefable|Clefable, L50, F|100/100|[from] Flip Turn\n|move|p2b: Ayuso|Icy Wind|p1b: Clefable|[spread] p1a,p1b\n|-resisted|p1a: Delphox|1\n|-damage|p1a: Delphox|96/100\n|-damage|p1b: Clefable|91/100\n|-unboost|p1a: Delphox|spe|1\n|-unboost|p1b: Clefable|spe|1\n|\n|upkeep\n|turn|2\n|\n|t:|1776073113\n|switch|p2b: Edgar Allan Poe|Corviknight, L50, M, shiny|100/100\n|move|p1b: Clefable|Follow Me|p1b: Clefable\n|-singleturn|p1b: Clefable|move: Follow Me\n|move|p2a: La Exploradora|Sludge Wave|p1b: Clefable|[spread] p1a,p1b\n|-immune|p2b: Edgar Allan Poe\n|-supereffective|p1b: Clefable|1\n|-damage|p1a: Delphox|59/100\n|-damage|p1b: Clefable|26/100\n|-enditem|p1b: Clefable|Sitrus Berry|[eat]\n|-heal|p1b: Clefable|50/100|[from] item: Sitrus Berry\n|move|p1a: Delphox|Psychic|p2a: La Exploradora\n|-supereffective|p2a: La Exploradora|1\n|-enditem|p2a: La Exploradora|Focus Sash\n|-damage|p2a: La Exploradora|1/100\n|\n|upkeep\n|turn|3\n|inactive|Cereales_Hacendado has 30 seconds left.\n|\n|t:|1776073139\n|switch|p1a: Basculegion|Basculegion, L50, M|100/100\n|switch|p2b: Ayuso|Milotic, L50, F, shiny|85/100\n|move|p2a: La Exploradora|Spiky Shield|p2a: La Exploradora\n|-singleturn|p2a: La Exploradora|move: Protect\n|move|p1b: Clefable|Protect||[still]\n|-fail|p1b: Clefable\n|\n|upkeep\n|turn|4\n|inactive|Cereales_Hacendado has 30 seconds left.\n|\n|t:|1776073164\n|switch|p2a: Edgar Allan Poe|Corviknight, L50, M, shiny|100/100\n|move|p1a: Basculegion|Flip Turn|p2a: Edgar Allan Poe\n|-damage|p2a: Edgar Allan Poe|68/100\n|\n|t:|1776073176\n|switch|p1a: Delphox|Delphox-Mega, L50, M|59/100|[from] Flip Turn\n|move|p2b: Ayuso|Icy Wind|p1b: Clefable|[spread] p1a,p1b\n|-resisted|p1a: Delphox|1\n|-damage|p1a: Delphox|54/100\n|-damage|p1b: Clefable|42/100\n|-unboost|p1a: Delphox|spe|1\n|-unboost|p1b: Clefable|spe|1\n|move|p1b: Clefable|Moonblast|p2b: Ayuso\n|-damage|p2b: Ayuso|63/100\n|\n|upkeep\n|turn|5\n|inactive|Cereales_Hacendado has 30 seconds left.\n|\n|t:|1776073203\n|switch|p1a: Basculegion|Basculegion, L50, M|100/100\n|move|p2b: Ayuso|Scald|p1a: Basculegion\n|-resisted|p1a: Basculegion|1\n|-damage|p1a: Basculegion|84/100\n|-status|p1a: Basculegion|brn\n|move|p2a: Edgar Allan Poe|Brave Bird|p1a: Basculegion\n|-damage|p1a: Basculegion|35/100 brn\n|-damage|p2a: Edgar Allan Poe|53/100|[from] Recoil\n|move|p1b: Clefable|Moonblast|p2b: Ayuso\n|-damage|p2b: Ayuso|42/100\n|\n|-damage|p1a: Basculegion|29/100 brn|[from] brn\n|upkeep\n|turn|6\n|\n|t:|1776073228\n|move|p1b: Clefable|Helping Hand|p1a: Basculegion\n|-singleturn|p1a: Basculegion|Helping Hand|[of] p1b: Clefable\n|move|p1a: Basculegion|Wave Crash|p2a: Edgar Allan Poe\n|-damage|p2a: Edgar Allan Poe|1/100\n|-enditem|p2a: Edgar Allan Poe|Sitrus Berry|[eat]\n|-heal|p2a: Edgar Allan Poe|26/100|[from] item: Sitrus Berry\n|-damage|p1a: Basculegion|11/100 brn|[from] Recoil\n|move|p2b: Ayuso|Recover|p2b: Ayuso\n|-heal|p2b: Ayuso|93/100\n|move|p2a: Edgar Allan Poe|Roost|p2a: Edgar Allan Poe\n|-heal|p2a: Edgar Allan Poe|76/100\n|-singleturn|p2a: Edgar Allan Poe|move: Roost\n|\n|-damage|p1a: Basculegion|5/100 brn|[from] brn\n|upkeep\n|turn|7\n|\n|t:|1776073245\n|move|p1b: Clefable|Protect|p1b: Clefable\n|-singleturn|p1b: Clefable|Protect\n|move|p1a: Basculegion|Wave Crash|p2b: Ayuso\n|-resisted|p2b: Ayuso|1\n|-damage|p2b: Ayuso|78/100\n|-damage|p1a: Basculegion|0 fnt|[from] Recoil\n|faint|p1a: Basculegion\n|move|p2b: Ayuso|Scald|p1b: Clefable\n|-activate|p1b: Clefable|move: Protect\n|move|p2a: Edgar Allan Poe|Roost|p2a: Edgar Allan Poe\n|-heal|p2a: Edgar Allan Poe|100/100\n|-singleturn|p2a: Edgar Allan Poe|move: Roost\n|\n|upkeep\n|\n|t:|1776073261\n|switch|p1a: Delphox|Delphox-Mega, L50, M|54/100\n|turn|8\n|\n|t:|1776073275\n|move|p1a: Delphox|Protect|p1a: Delphox\n|-singleturn|p1a: Delphox|Protect\n|move|p2b: Ayuso|Icy Wind|p1b: Clefable|[spread] p1b\n|-activate|p1a: Delphox|move: Protect\n|-damage|p1b: Clefable|33/100\n|-unboost|p1b: Clefable|spe|1\n|move|p2a: Edgar Allan Poe|Brave Bird|p1a: Delphox\n|-activate|p1a: Delphox|move: Protect\n|move|p1b: Clefable|Moonblast|p2b: Ayuso\n|-damage|p2b: Ayuso|55/100\n|\n|upkeep\n|turn|9\n|\n|t:|1776073299\n|move|p1b: Clefable|Follow Me|p1b: Clefable\n|-singleturn|p1b: Clefable|move: Follow Me\n|move|p1a: Delphox|Psychic|p2b: Ayuso\n|-damage|p2b: Ayuso|18/100\n|move|p2b: Ayuso|Icy Wind|p1b: Clefable|[spread] p1a,p1b\n|-resisted|p1a: Delphox|1\n|-damage|p1a: Delphox|50/100\n|-damage|p1b: Clefable|24/100\n|-unboost|p1a: Delphox|spe|1\n|-unboost|p1b: Clefable|spe|1\n|move|p2a: Edgar Allan Poe|Brave Bird|p1b: Clefable\n|-crit|p1b: Clefable\n|-damage|p1b: Clefable|0 fnt\n|faint|p1b: Clefable\n|-damage|p2a: Edgar Allan Poe|93/100|[from] Recoil\n|\n|upkeep\n|\n|t:|1776073310\n|switch|p1b: Sneasler|Sneasler, L50, M|100/100\n|turn|10\n|\n|t:|1776073324\n|move|p2b: Ayuso|Protect|p2b: Ayuso\n|-singleturn|p2b: Ayuso|Protect\n|move|p1b: Sneasler|Fake Out|p2b: Ayuso\n|-activate|p2b: Ayuso|move: Protect\n|move|p1a: Delphox|Heat Wave|p2b: Ayuso|[spread] p2a\n|-activate|p2b: Ayuso|move: Protect\n|-supereffective|p2a: Edgar Allan Poe|1\n|-crit|p2a: Edgar Allan Poe\n|-damage|p2a: Edgar Allan Poe|0 fnt\n|faint|p2a: Edgar Allan Poe\n|\n|upkeep\n|\n|t:|1776073334\n|switch|p2a: La Exploradora|Glimmora, L50, M, shiny|1/100\n|turn|11\n|\n|t:|1776073345\n|move|p2a: La Exploradora|Spiky Shield|p2a: La Exploradora\n|-singleturn|p2a: La Exploradora|move: Protect\n|move|p1a: Delphox|Protect|p1a: Delphox\n|-singleturn|p1a: Delphox|Protect\n|move|p1b: Sneasler|Dire Claw|p2b: Ayuso\n|-damage|p2b: Ayuso|0 fnt\n|faint|p2b: Ayuso\n|\n|upkeep\n|\n|t:|1776073353\n|switch|p2b: Gender Bender|Pinsir, L50, F, shiny|100/100\n|turn|12\n|\n|t:|1776073377\n|detailschange|p2b: Gender Bender|Pinsir-Mega, L50, F, shiny\n|-mega|p2b: Gender Bender|Pinsir|Pinsirite\n|move|p1b: Sneasler|Dire Claw|p2a: La Exploradora\n|-resisted|p2a: La Exploradora|2\n|-damage|p2a: La Exploradora|0 fnt\n|-activate|p2a: La Exploradora|ability: Toxic Debris\n|-sidestart|p1: Vaerts|move: Toxic Spikes\n|faint|p2a: La Exploradora\n|move|p2b: Gender Bender|Rock Slide|p1a: Delphox|[spread] p1a,p1b\n|-supereffective|p1a: Delphox|1\n|-resisted|p1b: Sneasler|1\n|-damage|p1a: Delphox|0 fnt\n|-damage|p1b: Sneasler|82/100\n|faint|p1a: Delphox\n|\n|upkeep\n|turn|13\n|\n|t:|1776073398\n|move|p1b: Sneasler|Protect|p1b: Sneasler\n|-singleturn|p1b: Sneasler|Protect\n|move|p2b: Gender Bender|Quick Attack|p1b: Sneasler\n|-activate|p1b: Sneasler|move: Protect\n|\n|upkeep\n|turn|14\n|\n|t:|1776073404\n|move|p2b: Gender Bender|Quick Attack|p1b: Sneasler\n|-supereffective|p1b: Sneasler|1\n|-damage|p1b: Sneasler|0 fnt\n|faint|p1b: Sneasler\n|\n|win|Cereales_Hacendado\n|raw|Vaerts's rating: 1192 &rarr; <strong>1173</strong><br />(-19 for losing)\n|raw|Cereales_Hacendado's rating: 1273 &rarr; <strong>1292</strong><br />(+19 for winning)\n|c|\u2606Cereales_Hacendado|gg\n",
  "uploadtime": 1776073409,
  "views": 13,
  "formatid": "gen9championsvgc2026regma",
  "rating": 1173,
  "private": 0,
  "password": null
}