{
  "id": "gen9championsvgc2026regma-2586830807",
  "format": "[Gen 9 Champions] VGC 2026 Reg M-A",
  "players": [
    "unrl_bw",
    "BeTransThrowHands"
  ],
  "log": "|j|\u2606unrl_bw\n|j|\u2606BeTransThrowHands\n|t:|1776463510\n|gametype|doubles\n|player|p1|unrl_bw|hilbert|1120\n|player|p2|BeTransThrowHands|may-masters|1066\n|gen|9\n|tier|[Gen 9 Champions] VGC 2026 Reg M-A\n|rated|\n|rule|Species Clause: Limit one of each Pok\u00e9mon\n|rule|Item Clause: Limit 1 of each item\n|clearpoke\n|poke|p1|Volcarona, L50, F|\n|poke|p1|Aegislash, L50, M|\n|poke|p1|Whimsicott, L50, F|\n|poke|p1|Lopunny, L50, F|\n|poke|p1|Pelipper, L50, M|\n|poke|p1|Krookodile, L50, M|\n|poke|p2|Delphox, L50, M|\n|poke|p2|Froslass, L50, F|\n|poke|p2|Clefable, L50, F|\n|poke|p2|Aerodactyl, L50, F|\n|poke|p2|Glaceon, L50, F|\n|poke|p2|Sneasler, L50, M|\n|teampreview|4\n|inactive|Battle timer is ON: inactive players will automatically lose when time's up. (requested by unrl_bw)\n|\n|t:|1776463568\n|teamsize|p1|4\n|teamsize|p2|4\n|start\n|switch|p1a: sock n buskin|Aegislash, L50, M|100/100\n|switch|p1b: popcorn|Whimsicott, L50, F|100/100\n|switch|p2a: Sneasler|Sneasler, L50, M|100/100\n|switch|p2b: Delphox|Delphox, L50, M, shiny|100/100\n|turn|1\n|\n|t:|1776463582\n|detailschange|p2b: Delphox|Delphox-Mega, L50, M, shiny\n|-mega|p2b: Delphox|Delphox|Delphoxite\n|move|p2a: Sneasler|Fake Out|p1b: popcorn\n|-damage|p1b: popcorn|84/100\n|cant|p1b: popcorn|flinch\n|move|p2b: Delphox|Overheat|p1a: sock n buskin\n|-supereffective|p1a: sock n buskin|1\n|-damage|p1a: sock n buskin|0 fnt\n|-unboost|p2b: Delphox|spa|2\n|faint|p1a: sock n buskin\n|\n|upkeep\n|\n|t:|1776463594\n|switch|p1a: the messenger|Pelipper, L50, M|100/100\n|-weather|RainDance|[from] ability: Drizzle|[of] p1a: the messenger\n|turn|2\n|\n|t:|1776463610\n|switch|p2b: Clefable|Clefable, L50, F, shiny|100/100\n|move|p1b: popcorn|Tailwind|p1b: popcorn\n|-sidestart|p1: unrl_bw|move: Tailwind\n|move|p1a: the messenger|Weather Ball|p2b: Clefable\n|-damage|p2b: Clefable|47/100\n|-enditem|p2b: Clefable|Sitrus Berry|[eat]\n|-heal|p2b: Clefable|72/100|[from] item: Sitrus Berry\n|move|p2a: Sneasler|Dire Claw|p1b: popcorn\n|-supereffective|p1b: popcorn|2\n|-damage|p1b: popcorn|0 fnt\n|faint|p1b: popcorn\n|\n|-weather|RainDance|[upkeep]\n|upkeep\n|\n|t:|1776463622\n|switch|p1b: lola|Lopunny, L50, F|100/100\n|turn|3\n|\n|t:|1776463635\n|detailschange|p1b: lola|Lopunny-Mega, L50, F\n|-mega|p1b: lola|Lopunny|Lopunnite\n|move|p2a: Sneasler|Protect|p2a: Sneasler\n|-singleturn|p2a: Sneasler|Protect\n|move|p2b: Clefable|Protect|p2b: Clefable\n|-singleturn|p2b: Clefable|Protect\n|move|p1b: lola|Play Rough|p2b: Clefable\n|-activate|p2b: Clefable|move: Protect\n|move|p1a: the messenger|Hurricane|p2a: Sneasler\n|-activate|p2a: Sneasler|move: Protect\n|\n|-weather|RainDance|[upkeep]\n|upkeep\n|turn|4\n|\n|t:|1776463650\n|move|p2b: Clefable|Follow Me|p2b: Clefable\n|-singleturn|p2b: Clefable|move: Follow Me\n|move|p1b: lola|Play Rough|p2b: Clefable\n|-damage|p2b: Clefable|42/100\n|move|p1a: the messenger|Hurricane|p2b: Clefable\n|-damage|p2b: Clefable|3/100\n|-start|p2b: Clefable|confusion\n|move|p2a: Sneasler|Close Combat|p1b: lola\n|-supereffective|p1b: lola|1\n|-damage|p1b: lola|0 fnt\n|-unboost|p2a: Sneasler|def|1\n|-unboost|p2a: Sneasler|spd|1\n|faint|p1b: lola\n|-enditem|p2a: Sneasler|White Herb\n|-clearnegativeboost|p2a: Sneasler|[silent]\n|\n|-weather|RainDance|[upkeep]\n|upkeep\n|turn|5\n|\n|t:|1776463667\n|-activate|p2b: Clefable|confusion\n|move|p2b: Clefable|Follow Me|p2b: Clefable\n|-singleturn|p2b: Clefable|move: Follow Me\n|move|p2a: Sneasler|Dire Claw|p1a: the messenger\n|-damage|p1a: the messenger|41/100\n|move|p1a: the messenger|Icy Wind|p2b: Clefable|[spread] p2a,p2b\n|-damage|p2a: Sneasler|83/100\n|-damage|p2b: Clefable|0 fnt\n|-unboost|p2a: Sneasler|spe|1\n|faint|p2b: Clefable\n|\n|-weather|RainDance|[upkeep]\n|-sideend|p1: unrl_bw|move: Tailwind\n|upkeep\n|\n|t:|1776463672\n|switch|p2b: Aerodactyl|Aerodactyl, L50, F|100/100\n|-ability|p2b: Aerodactyl|Unnerve\n|turn|6\n|\n|t:|1776463684\n|move|p2a: Sneasler|Dire Claw|p1a: the messenger\n|-damage|p1a: the messenger|0 fnt\n|faint|p1a: the messenger\n|\n|win|BeTransThrowHands\n|raw|unrl_bw's rating: 1120 &rarr; <strong>1091</strong><br />(-29 for losing)\n|raw|BeTransThrowHands's rating: 1066 &rarr; <strong>1101</strong><br />(+35 for winning)\n|l|\u2606unrl_bw\n|player|p1|\n",
  "uploadtime": 1776463690,
  "views": 25,
  "formatid": "gen9championsvgc2026regma",
  "rating": 1091,
  "private": 0,
  "password": null
}