{
  "id": "gen9championsvgc2026regma-2583629147",
  "format": "[Gen 9 Champions] VGC 2026 Reg M-A",
  "players": [
    "CrazyCacturne01",
    "shin-tv07"
  ],
  "log": "|j|\u2606CrazyCacturne01\n|j|\u2606shin-tv07\n|t:|1776187511\n|gametype|doubles\n|player|p1|CrazyCacturne01|2|1037\n|player|p2|shin-tv07|twins-gen4dp|1115\n|gen|9\n|tier|[Gen 9 Champions] VGC 2026 Reg M-A\n|rated|\n|rule|Species Clause: Limit one of each Pok\u00e9mon\n|rule|Item Clause: Limit 1 of each item\n|clearpoke\n|poke|p1|Hatterene, L50, F|\n|poke|p1|Chandelure, L50, F|\n|poke|p1|Liepard, L50, M|\n|poke|p1|Torkoal, L50, M|\n|poke|p1|Venusaur, L50, F|\n|poke|p1|Crabominable, L50, M|\n|poke|p2|Tauros-Paldea-Aqua, L50, M|\n|poke|p2|Froslass, L50, F|\n|poke|p2|Whimsicott, L50, F|\n|poke|p2|Farigiraf, L50, M|\n|poke|p2|Palafin, L50, M|\n|poke|p2|Floette-Eternal, L50, F|\n|teampreview|4\nCrazyCacturne01 rejected open team sheets.\n|\n|t:|1776187540\n|teamsize|p1|4\n|teamsize|p2|4\n|start\n|switch|p1a: Torkoal|Torkoal, L50, M|100/100\n|switch|p1b: Venusaur|Venusaur, L50, F|100/100\n|switch|p2a: Tauros|Tauros-Paldea-Aqua, L50, M|100/100\n|switch|p2b: Froslass|Froslass, L50, F|100/100\n|-weather|SunnyDay|[from] ability: Drought|[of] p1a: Torkoal\n|turn|1\n|inactive|Battle timer is ON: inactive players will automatically lose when time's up. (requested by CrazyCacturne01)\n|\n|t:|1776187562\n|switch|p1a: Liepard|Liepard, L50, M|100/100\n|detailschange|p2b: Froslass|Froslass-Mega, L50, F\n|-mega|p2b: Froslass|Froslass|Froslassite\n|-weather|Snowscape|[from] ability: Snow Warning|[of] p2b: Froslass\n|move|p1b: Venusaur|Protect|p1b: Venusaur\n|-singleturn|p1b: Venusaur|Protect\n|move|p2b: Froslass|Frost Breath|p2a: Tauros\n|-resisted|p2a: Tauros|1\n|-crit|p2a: Tauros\n|-damage|p2a: Tauros|74/100\n|-setboost|p2a: Tauros|atk|6|[from] ability: Anger Point\n|move|p2a: Tauros|Rock Slide|p1b: Venusaur|[spread] p1a\n|-activate|p1b: Venusaur|move: Protect\n|-enditem|p1a: Liepard|Focus Sash\n|-damage|p1a: Liepard|1/100\n|\n|-weather|Snowscape|[upkeep]\n|upkeep\n|turn|2\n|\n|t:|1776187586\n|switch|p1a: Torkoal|Torkoal, L50, M|100/100\n|-weather|SunnyDay|[from] ability: Drought|[of] p1a: Torkoal\n|move|p1b: Venusaur|Sleep Powder|p2a: Tauros\n|-status|p2a: Tauros|slp|[from] move: Sleep Powder\n|move|p2b: Froslass|Blizzard|p1a: Torkoal|[spread] p1b\n|-miss|p2b: Froslass|p1a: Torkoal\n|-supereffective|p1b: Venusaur|1\n|-damage|p1b: Venusaur|44/100\n|cant|p2a: Tauros|slp\n|\n|-weather|SunnyDay|[upkeep]\n|upkeep\n|turn|3\n|inactive|shin-tv07 has 30 seconds left.\n|\n|t:|1776187618\n|cant|p2a: Tauros|slp\n|move|p1b: Venusaur|Leech Seed|p2a: Tauros\n|-start|p2a: Tauros|move: Leech Seed\n|move|p2b: Froslass|Blizzard|p1a: Torkoal|[spread] p1a\n|-miss|p2b: Froslass|p1b: Venusaur\n|-resisted|p1a: Torkoal|1\n|-damage|p1a: Torkoal|76/100\n|move|p1a: Torkoal|Eruption|p2a: Tauros|[spread] p2a,p2b\n|-resisted|p2a: Tauros|1\n|-supereffective|p2b: Froslass|1\n|-damage|p2a: Tauros|32/100 slp\n|-damage|p2b: Froslass|0 fnt\n|faint|p2b: Froslass\n|\n|-weather|SunnyDay|[upkeep]\n|-damage|p2a: Tauros|20/100 slp|[from] Leech Seed|[of] p1b: Venusaur\n|-heal|p1b: Venusaur|55/100|[silent]\n|upkeep\n|\n|t:|1776187626\n|switch|p2b: Whimsicott|Whimsicott, L50, F|100/100\n|turn|4\n|inactive|CrazyCacturne01 has 30 seconds left.\n|\n|t:|1776187657\n|move|p2b: Whimsicott|Tailwind|p2b: Whimsicott\n|-sidestart|p2: shin-tv07|move: Tailwind\n|-curestatus|p2a: Tauros|slp|[msg]\n|move|p2a: Tauros|Rock Slide|p1b: Venusaur|[spread] p1a,p1b\n|-supereffective|p1a: Torkoal|1\n|-damage|p1a: Torkoal|0 fnt\n|-damage|p1b: Venusaur|0 fnt\n|faint|p1a: Torkoal\n|faint|p1b: Venusaur\n|\n|-weather|SunnyDay|[upkeep]\n|upkeep\n|\n|t:|1776187666\n|switch|p1b: Chandelure|Chandelure, L50, F|100/100\n|switch|p1a: Liepard|Liepard, L50, M|1/100\n|turn|5\n|\n|t:|1776187683\n|detailschange|p1b: Chandelure|Chandelure-Mega, L50, F\n|-mega|p1b: Chandelure|Chandelure|Chandelurite\n|move|p2a: Tauros|Protect|p2a: Tauros\n|-singleturn|p2a: Tauros|Protect\n|move|p1a: Liepard|Fake Out|p2a: Tauros\n|-activate|p2a: Tauros|move: Protect\n|move|p2b: Whimsicott|Moonblast|p1a: Liepard\n|-supereffective|p1a: Liepard|1\n|-damage|p1a: Liepard|0 fnt\n|faint|p1a: Liepard\n|move|p1b: Chandelure|Heat Wave|p2a: Tauros|[spread] p2b\n|-activate|p2a: Tauros|move: Protect\n|-supereffective|p2b: Whimsicott|1\n|-damage|p2b: Whimsicott|0 fnt\n|faint|p2b: Whimsicott\n|\n|-weather|SunnyDay|[upkeep]\n|-damage|p2a: Tauros|8/100|[from] Leech Seed|[of] p1b: Chandelure\n|upkeep\n|c|\u2606shin-tv07|tauros moved like sukuna with that rockslide\n|\n|t:|1776187699\n|switch|p2b: Floette|Floette-Eternal, L50, F|100/100\n|turn|6\n|c|\u2606shin-tv07|gg\n|c|\u2606CrazyCacturne01|Gg\n|c|\u2606CrazyCacturne01|Fr\n|\n|t:|1776187713\n|move|p1b: Chandelure|Protect|p1b: Chandelure\n|-singleturn|p1b: Chandelure|Protect\n|move|p2a: Tauros|Aqua Jet|p1b: Chandelure\n|-activate|p1b: Chandelure|move: Protect\n|move|p2b: Floette|Calm Mind|p2b: Floette\n|-boost|p2b: Floette|spa|1\n|-boost|p2b: Floette|spd|1\n|\n|-weather|none\n|-damage|p2a: Tauros|0 fnt|[from] Leech Seed|[of] p1b: Chandelure\n|faint|p2a: Tauros\n|upkeep\n|turn|7\n|c|\u2606shin-tv07|actually\n|\n|t:|1776187724\n|move|p2b: Floette|Moonblast|p1b: Chandelure\n|-resisted|p1b: Chandelure|1\n|-damage|p1b: Chandelure|59/100\n|move|p1b: Chandelure|Heat Wave|p2b: Floette\n|-damage|p2b: Floette|58/100\n|\n|-sideend|p2: shin-tv07|move: Tailwind\n|upkeep\n|turn|8\n|\n|t:|1776187733\n|move|p2b: Floette|Moonblast|p1b: Chandelure\n|-resisted|p1b: Chandelure|1\n|-damage|p1b: Chandelure|15/100\n|move|p1b: Chandelure|Heat Wave|p2b: Floette\n|-damage|p2b: Floette|22/100\n|\n|upkeep\n|turn|9\n|c|\u2606CrazyCacturne01|Close\n|c|\u2606CrazyCacturne01|Ggs\n|\n|t:|1776187739\n|move|p2b: Floette|Moonblast|p1b: Chandelure\n|-resisted|p1b: Chandelure|1\n|-damage|p1b: Chandelure|0 fnt\n|faint|p1b: Chandelure\n|\n|win|shin-tv07\n|raw|CrazyCacturne01's rating: 1037 &rarr; <strong>1025</strong><br />(-12 for losing)\n|raw|shin-tv07's rating: 1115 &rarr; <strong>1134</strong><br />(+19 for winning)\n|c|\u2606shin-tv07|yeah ggs\n|l|\u2606CrazyCacturne01\n|player|p1|\n",
  "uploadtime": 1776187745,
  "views": 13,
  "formatid": "gen9championsvgc2026regma",
  "rating": 1025,
  "private": 0,
  "password": null
}