{
  "id": "gen9championsvgc2026regma-2581379262",
  "format": "[Gen 9 Champions] VGC 2026 Reg M-A",
  "players": [
    "soulo333",
    "Kebap32"
  ],
  "log": "|j|\u2606soulo333\n|j|\u2606Kebap32\n|t:|1775993950\n|gametype|doubles\n|player|p1|soulo333|2|1160\n|player|p2|Kebap32|skyla|1105\n|gen|9\n|tier|[Gen 9 Champions] VGC 2026 Reg M-A\n|rated|\n|rule|Species Clause: Limit one of each Pok\u00e9mon\n|rule|Item Clause: Limit 1 of each item\n|clearpoke\n|poke|p1|Charizard, L50, M|\n|poke|p1|Kingambit, L50, F|\n|poke|p1|Rotom-Wash, L50|\n|poke|p1|Sinistcha, L50|\n|poke|p1|Ninetales-Alola, L50, F|\n|poke|p1|Sneasler, L50, M|\n|poke|p2|Crabominable, L50, M|\n|poke|p2|Mimikyu, L50, M|\n|poke|p2|Hatterene, L50, F|\n|poke|p2|Ninetales-Alola, L50, M|\n|poke|p2|Hydrapple, L50, F|\n|poke|p2|Sinistcha, L50|\n|teampreview|4\n|\n|t:|1775993977\n|teamsize|p1|4\n|teamsize|p2|4\n|start\n|switch|p1a: Kingambit|Kingambit, L50, F|100/100\n|switch|p1b: Rotom|Rotom-Wash, L50|100/100\n|switch|p2a: Hydrapple|Hydrapple, L50, F|100/100\n|switch|p2b: Mimikyu|Mimikyu, L50, M|100/100\n|turn|1\n|\n|t:|1775993998\n|move|p1b: Rotom|Volt Switch|p2b: Mimikyu\n|-activate|p2b: Mimikyu|ability: Disguise\n|-damage|p2b: Mimikyu|100/100\n|detailschange|p2b: Mimikyu|Mimikyu-Busted, L50, M\n|-damage|p2b: Mimikyu|88/100|[from] pokemon: Mimikyu-Busted\n|\n|t:|1775994008\n|switch|p1b: Sinistcha|Sinistcha, L50|100/100|[from] Volt Switch\n|move|p1a: Kingambit|Iron Head|p2b: Mimikyu\n|-supereffective|p2b: Mimikyu|1\n|-damage|p2b: Mimikyu|0 fnt\n|faint|p2b: Mimikyu\n|move|p2a: Hydrapple|Earth Power|p1a: Kingambit\n|-supereffective|p1a: Kingambit|1\n|-damage|p1a: Kingambit|34/100\n|\n|upkeep\n|\n|t:|1775994020\n|switch|p2b: Ninetales|Ninetales-Alola, L50, M|100/100\n|-weather|Snowscape|[from] ability: Snow Warning|[of] p2b: Ninetales\n|turn|2\n|\n|t:|1775994030\n|move|p2b: Ninetales|Aurora Veil|p2b: Ninetales\n|-sidestart|p2: Kebap32|move: Aurora Veil\n|move|p1b: Sinistcha|Life Dew||[still]|[spread] p1a,p1b\n|-heal|p1a: Kingambit|60/100\n|-fail|p1b: Sinistcha|heal\n|move|p1a: Kingambit|Iron Head|p2b: Ninetales\n|-supereffective|p2b: Ninetales|2\n|-crit|p2b: Ninetales\n|-damage|p2b: Ninetales|0 fnt\n|faint|p2b: Ninetales\n|move|p2a: Hydrapple|Earth Power|p1a: Kingambit\n|-supereffective|p1a: Kingambit|1\n|-damage|p1a: Kingambit|1/100\n|\n|-weather|Snowscape|[upkeep]\n|upkeep\n|\n|t:|1775994044\n|switch|p2b: Crabominable|Crabominable, L50, M|100/100\n|turn|3\n|\n|t:|1775994065\n|detailschange|p2b: Crabominable|Crabominable-Mega, L50, M\n|-mega|p2b: Crabominable|Crabominable|Crabominite\n|move|p1b: Sinistcha|Matcha Gotcha|p2b: Crabominable|[spread] p2a,p2b\n|-resisted|p2a: Hydrapple|2\n|-damage|p2a: Hydrapple|96/100\n|-damage|p2b: Crabominable|87/100\n|-status|p2b: Crabominable|brn\n|move|p1a: Kingambit|Kowtow Cleave|p2a: Hydrapple\n|-damage|p2a: Hydrapple|70/100\n|move|p2a: Hydrapple|Earth Power|p1a: Kingambit\n|-supereffective|p1a: Kingambit|1\n|-damage|p1a: Kingambit|0 fnt\n|faint|p1a: Kingambit\n|move|p2b: Crabominable|Ice Hammer|p1b: Sinistcha\n|-supereffective|p1b: Sinistcha|1\n|-damage|p1b: Sinistcha|46/100\n|-unboost|p2b: Crabominable|spe|1\n|\n|-weather|Snowscape|[upkeep]\n|-heal|p1b: Sinistcha|52/100|[from] item: Leftovers\n|-damage|p2b: Crabominable|81/100 brn|[from] brn\n|upkeep\n|\n|t:|1775994083\n|switch|p1a: Charizard|Charizard, L50, M|100/100\n|turn|4\n|\n|t:|1775994097\n|switch|p1b: Rotom|Rotom-Wash, L50|100/100\n|detailschange|p1a: Charizard|Charizard-Mega-X, L50, M\n|-mega|p1a: Charizard|Charizard|Charizardite X\n|move|p1a: Charizard|Dragon Dance|p1a: Charizard\n|-boost|p1a: Charizard|atk|1\n|-boost|p1a: Charizard|spe|1\n|move|p2a: Hydrapple|Draco Meteor|p1a: Charizard\n|-supereffective|p1a: Charizard|1\n|-damage|p1a: Charizard|0 fnt\n|-unboost|p2a: Hydrapple|spa|2\n|faint|p1a: Charizard\n|move|p2b: Crabominable|Ice Hammer|p1b: Rotom|[miss]\n|-miss|p2b: Crabominable|p1b: Rotom\n|\n|-weather|Snowscape|[upkeep]\n|-damage|p2b: Crabominable|75/100 brn|[from] brn\n|upkeep\n|\n|t:|1775994101\n|switch|p1a: Sinistcha|Sinistcha, L50|52/100\n|turn|5\n|\n|t:|1775994130\n|move|p1b: Rotom|Thunderbolt|p2b: Crabominable\n|-damage|p2b: Crabominable|58/100 brn\n|move|p1a: Sinistcha|Matcha Gotcha|p2a: Hydrapple|[spread] p2a,p2b\n|-resisted|p2a: Hydrapple|2\n|-damage|p2a: Hydrapple|67/100\n|-heal|p1a: Sinistcha|54/100|[from] drain|[of] p2a: Hydrapple\n|-damage|p2b: Crabominable|47/100 brn\n|-heal|p1a: Sinistcha|60/100|[from] drain|[of] p2b: Crabominable\n|move|p2a: Hydrapple|Giga Drain|p1b: Rotom\n|-supereffective|p1b: Rotom|1\n|-crit|p1b: Rotom\n|-damage|p1b: Rotom|4/100\n|-heal|p2a: Hydrapple|100/100|[from] drain|[of] p1b: Rotom\n|-enditem|p1b: Rotom|Sitrus Berry|[eat]\n|-heal|p1b: Rotom|29/100|[from] item: Sitrus Berry\n|move|p2b: Crabominable|Ice Hammer|p1a: Sinistcha|[miss]\n|-miss|p2b: Crabominable|p1a: Sinistcha\n|\n|-weather|Snowscape|[upkeep]\n|-heal|p1a: Sinistcha|67/100|[from] item: Leftovers\n|-damage|p2b: Crabominable|41/100 brn|[from] brn\n|upkeep\n|turn|6\n|\n|t:|1775994161\n|move|p1b: Rotom|Hydro Pump|p2b: Crabominable\n|-damage|p2b: Crabominable|20/100 brn\n|move|p1a: Sinistcha|Life Dew|p1a: Sinistcha|[spread] p1a,p1b\n|-heal|p1a: Sinistcha|91/100\n|-heal|p1b: Rotom|53/100\n|move|p2a: Hydrapple|Giga Drain|p1b: Rotom\n|-supereffective|p1b: Rotom|1\n|-damage|p1b: Rotom|19/100\n|move|p2b: Crabominable|Ice Hammer|p1a: Sinistcha\n|-supereffective|p1a: Sinistcha|1\n|-damage|p1a: Sinistcha|37/100\n|-unboost|p2b: Crabominable|spe|1\n|\n|-weather|none\n|-heal|p1a: Sinistcha|43/100|[from] item: Leftovers\n|-damage|p2b: Crabominable|14/100 brn|[from] brn\n|-sideend|p2: Kebap32|move: Aurora Veil\n|upkeep\n|turn|7\n|\n|t:|1775994193\n|move|p2b: Crabominable|Protect|p2b: Crabominable\n|-singleturn|p2b: Crabominable|Protect\n|move|p1b: Rotom|Thunderbolt|p2b: Crabominable\n|-activate|p2b: Crabominable|move: Protect\n|move|p1a: Sinistcha|Life Dew|p1a: Sinistcha|[spread] p1a,p1b\n|-heal|p1a: Sinistcha|68/100\n|-heal|p1b: Rotom|44/100\n|move|p2a: Hydrapple|Giga Drain|p1b: Rotom\n|-supereffective|p1b: Rotom|1\n|-damage|p1b: Rotom|8/100\n|\n|-heal|p1a: Sinistcha|75/100|[from] item: Leftovers\n|-damage|p2b: Crabominable|8/100 brn|[from] brn\n|upkeep\n|turn|8\n|\n|t:|1775994231\n|move|p2b: Crabominable|Mach Punch|p1b: Rotom\n|-damage|p1b: Rotom|0 fnt\n|faint|p1b: Rotom\n|move|p1a: Sinistcha|Life Dew|p1a: Sinistcha\n|-heal|p1a: Sinistcha|99/100\n|move|p2a: Hydrapple|Earth Power|p1a: Sinistcha\n|-resisted|p1a: Sinistcha|1\n|-damage|p1a: Sinistcha|90/100\n|\n|-heal|p1a: Sinistcha|97/100|[from] item: Leftovers\n|-damage|p2b: Crabominable|2/100 brn|[from] brn\n|upkeep\n|turn|9\n|\n|t:|1775994250\n|move|p1a: Sinistcha|Matcha Gotcha|p2a: Hydrapple|[spread] p2a,p2b\n|-resisted|p2a: Hydrapple|2\n|-damage|p2a: Hydrapple|95/100\n|-heal|p1a: Sinistcha|99/100|[from] drain|[of] p2a: Hydrapple\n|-damage|p2b: Crabominable|0 fnt\n|-heal|p1a: Sinistcha|100/100|[from] drain|[of] p2b: Crabominable\n|faint|p2b: Crabominable\n|move|p2a: Hydrapple|Giga Drain|p1a: Sinistcha\n|-resisted|p1a: Sinistcha|1\n|-damage|p1a: Sinistcha|90/100\n|-heal|p2a: Hydrapple|99/100|[from] drain|[of] p1a: Sinistcha\n|\n|-heal|p1a: Sinistcha|96/100|[from] item: Leftovers\n|upkeep\n|turn|10\n|\n|t:|1775994268\n|move|p1a: Sinistcha|Matcha Gotcha|p2a: Hydrapple\n|-resisted|p2a: Hydrapple|2\n|-crit|p2a: Hydrapple\n|-damage|p2a: Hydrapple|88/100\n|-heal|p1a: Sinistcha|100/100|[from] drain|[of] p2a: Hydrapple\n|move|p2a: Hydrapple|Giga Drain|p1a: Sinistcha\n|-resisted|p1a: Sinistcha|1\n|-damage|p1a: Sinistcha|89/100\n|-heal|p2a: Hydrapple|93/100|[from] drain|[of] p1a: Sinistcha\n|\n|-heal|p1a: Sinistcha|95/100|[from] item: Leftovers\n|upkeep\n|turn|11\n|\n|t:|1775994278\n|move|p1a: Sinistcha|Matcha Gotcha|p2a: Hydrapple\n|-resisted|p2a: Hydrapple|2\n|-damage|p2a: Hydrapple|85/100\n|-heal|p1a: Sinistcha|99/100|[from] drain|[of] p2a: Hydrapple\n|-status|p2a: Hydrapple|brn\n|move|p2a: Hydrapple|Giga Drain|p1a: Sinistcha\n|-resisted|p1a: Sinistcha|1\n|-damage|p1a: Sinistcha|88/100\n|-heal|p2a: Hydrapple|90/100 brn|[from] drain|[of] p1a: Sinistcha\n|\n|-heal|p1a: Sinistcha|94/100|[from] item: Leftovers\n|-damage|p2a: Hydrapple|84/100 brn|[from] brn\n|upkeep\n|turn|12\n|\n|t:|1775994294\n|move|p2a: Hydrapple|Giga Drain|p1a: Sinistcha\n|-resisted|p1a: Sinistcha|1\n|-damage|p1a: Sinistcha|82/100\n|-heal|p2a: Hydrapple|89/100 brn|[from] drain|[of] p1a: Sinistcha\n|move|p1a: Sinistcha|Trick Room|p1a: Sinistcha\n|-fieldstart|move: Trick Room|[of] p1a: Sinistcha\n|\n|-heal|p1a: Sinistcha|89/100|[from] item: Leftovers\n|-damage|p2a: Hydrapple|83/100 brn|[from] brn\n|upkeep\n|turn|13\n|\n|t:|1775994305\n|move|p2a: Hydrapple|Giga Drain|p1a: Sinistcha\n|-resisted|p1a: Sinistcha|1\n|-damage|p1a: Sinistcha|77/100\n|-heal|p2a: Hydrapple|87/100 brn|[from] drain|[of] p1a: Sinistcha\n|move|p1a: Sinistcha|Trick Room|p1a: Sinistcha\n|-fieldend|move: Trick Room\n|\n|-heal|p1a: Sinistcha|84/100|[from] item: Leftovers\n|-damage|p2a: Hydrapple|81/100 brn|[from] brn\n|upkeep\n|turn|14\n|\n|t:|1775994320\n|move|p2a: Hydrapple|Giga Drain|p1a: Sinistcha\n|-resisted|p1a: Sinistcha|1\n|-damage|p1a: Sinistcha|73/100\n|-heal|p2a: Hydrapple|86/100 brn|[from] drain|[of] p1a: Sinistcha\n|move|p1a: Sinistcha|Trick Room|p1a: Sinistcha\n|-fieldstart|move: Trick Room|[of] p1a: Sinistcha\n|\n|-heal|p1a: Sinistcha|79/100|[from] item: Leftovers\n|-damage|p2a: Hydrapple|80/100 brn|[from] brn\n|upkeep\n|turn|15\n|\n|t:|1775994332\n|move|p2a: Hydrapple|Giga Drain|p1a: Sinistcha\n|-resisted|p1a: Sinistcha|1\n|-damage|p1a: Sinistcha|68/100\n|-heal|p2a: Hydrapple|85/100 brn|[from] drain|[of] p1a: Sinistcha\n|move|p1a: Sinistcha|Trick Room|p1a: Sinistcha\n|-fieldend|move: Trick Room\n|\n|-heal|p1a: Sinistcha|75/100|[from] item: Leftovers\n|-damage|p2a: Hydrapple|78/100 brn|[from] brn\n|upkeep\n|turn|16\n|\n|t:|1775994344\n|move|p1a: Sinistcha|Life Dew|p1a: Sinistcha\n|-heal|p1a: Sinistcha|99/100\n|move|p2a: Hydrapple|Earth Power|p1a: Sinistcha\n|-resisted|p1a: Sinistcha|1\n|-damage|p1a: Sinistcha|89/100\n|\n|-heal|p1a: Sinistcha|95/100|[from] item: Leftovers\n|-damage|p2a: Hydrapple|72/100 brn|[from] brn\n|upkeep\n|turn|17\n|\n|t:|1775994355\n|move|p1a: Sinistcha|Rage Powder|p1a: Sinistcha\n|-singleturn|p1a: Sinistcha|move: Rage Powder\n|move|p2a: Hydrapple|Earth Power|p1a: Sinistcha\n|-resisted|p1a: Sinistcha|1\n|-damage|p1a: Sinistcha|86/100\n|\n|-heal|p1a: Sinistcha|92/100|[from] item: Leftovers\n|-damage|p2a: Hydrapple|66/100 brn|[from] brn\n|upkeep\n|turn|18\n|inactive|Battle timer is ON: inactive players will automatically lose when time's up. (requested by soulo333)\n|\n|t:|1775994365\n|move|p1a: Sinistcha|Rage Powder|p1a: Sinistcha\n|-singleturn|p1a: Sinistcha|move: Rage Powder\n|move|p2a: Hydrapple|Earth Power|p1a: Sinistcha\n|-resisted|p1a: Sinistcha|1\n|-damage|p1a: Sinistcha|82/100\n|\n|-heal|p1a: Sinistcha|89/100|[from] item: Leftovers\n|-damage|p2a: Hydrapple|60/100 brn|[from] brn\n|upkeep\n|turn|19\n|\n|t:|1775994374\n|move|p1a: Sinistcha|Rage Powder|p1a: Sinistcha\n|-singleturn|p1a: Sinistcha|move: Rage Powder\n|move|p2a: Hydrapple|Earth Power|p1a: Sinistcha\n|-resisted|p1a: Sinistcha|1\n|-damage|p1a: Sinistcha|79/100\n|\n|-heal|p1a: Sinistcha|85/100|[from] item: Leftovers\n|-damage|p2a: Hydrapple|54/100 brn|[from] brn\n|upkeep\n|turn|20\n|\n|t:|1775994386\n|move|p1a: Sinistcha|Life Dew|p1a: Sinistcha\n|-heal|p1a: Sinistcha|100/100\n|move|p2a: Hydrapple|Earth Power|p1a: Sinistcha\n|-resisted|p1a: Sinistcha|1\n|-damage|p1a: Sinistcha|91/100\n|\n|-heal|p1a: Sinistcha|98/100|[from] item: Leftovers\n|-damage|p2a: Hydrapple|48/100 brn|[from] brn\n|upkeep\n|turn|21\n|\n|t:|1775994394\n|move|p1a: Sinistcha|Rage Powder|p1a: Sinistcha\n|-singleturn|p1a: Sinistcha|move: Rage Powder\n|move|p2a: Hydrapple|Earth Power|p1a: Sinistcha\n|-resisted|p1a: Sinistcha|1\n|-damage|p1a: Sinistcha|89/100\n|\n|-heal|p1a: Sinistcha|95/100|[from] item: Leftovers\n|-damage|p2a: Hydrapple|42/100 brn|[from] brn\n|upkeep\n|turn|22\n|\n|t:|1775994404\n|move|p1a: Sinistcha|Matcha Gotcha|p2a: Hydrapple\n|-resisted|p2a: Hydrapple|2\n|-damage|p2a: Hydrapple|34/100 brn\n|-heal|p1a: Sinistcha|100/100|[from] drain|[of] p2a: Hydrapple\n|move|p2a: Hydrapple|Earth Power|p1a: Sinistcha\n|-resisted|p1a: Sinistcha|1\n|-damage|p1a: Sinistcha|91/100\n|\n|-heal|p1a: Sinistcha|98/100|[from] item: Leftovers\n|-damage|p2a: Hydrapple|28/100 brn|[from] brn\n|upkeep\n|turn|23\n|\n|t:|1775994419\n|move|p1a: Sinistcha|Matcha Gotcha|p2a: Hydrapple\n|-resisted|p2a: Hydrapple|2\n|-damage|p2a: Hydrapple|20/100 brn\n|-heal|p1a: Sinistcha|100/100|[from] drain|[of] p2a: Hydrapple\n|move|p2a: Hydrapple|Draco Meteor|p1a: Sinistcha\n|-damage|p1a: Sinistcha|59/100\n|-unboost|p2a: Hydrapple|spa|2\n|\n|-heal|p1a: Sinistcha|65/100|[from] item: Leftovers\n|-damage|p2a: Hydrapple|14/100 brn|[from] brn\n|upkeep\n|turn|24\n|\n|t:|1775994432\n|move|p1a: Sinistcha|Life Dew|p1a: Sinistcha\n|-heal|p1a: Sinistcha|90/100\n|move|p2a: Hydrapple|Draco Meteor|p1a: Sinistcha\n|-damage|p1a: Sinistcha|65/100\n|-unboost|p2a: Hydrapple|spa|2\n|\n|-heal|p1a: Sinistcha|71/100|[from] item: Leftovers\n|-damage|p2a: Hydrapple|8/100 brn|[from] brn\n|upkeep\n|turn|25\n|\n|t:|1775994444\n|move|p1a: Sinistcha|Life Dew|p1a: Sinistcha\n|-heal|p1a: Sinistcha|96/100\n|move|p2a: Hydrapple|Giga Drain|p1a: Sinistcha\n|-resisted|p1a: Sinistcha|1\n|-damage|p1a: Sinistcha|90/100\n|-heal|p2a: Hydrapple|10/100 brn|[from] drain|[of] p1a: Sinistcha\n|\n|-heal|p1a: Sinistcha|97/100|[from] item: Leftovers\n|-damage|p2a: Hydrapple|4/100 brn|[from] brn\n|upkeep\n|turn|26\n|c|\u2606soulo333|gg wp\n|\n|t:|1775994455\n|move|p1a: Sinistcha|Matcha Gotcha|p2a: Hydrapple\n|-resisted|p2a: Hydrapple|2\n|-damage|p2a: Hydrapple|0 fnt\n|-heal|p1a: Sinistcha|99/100|[from] drain|[of] p2a: Hydrapple\n|faint|p2a: Hydrapple\n|\n|win|soulo333\n|raw|soulo333's rating: 1160 &rarr; <strong>1181</strong><br />(+21 for winning)\n|raw|Kebap32's rating: 1105 &rarr; <strong>1084</strong><br />(-21 for losing)\n",
  "uploadtime": 1775994455,
  "views": 16,
  "formatid": "gen9championsvgc2026regma",
  "rating": 1084,
  "private": 0,
  "password": null
}