{
  "id": "gen9championsvgc2026regma-2584799447",
  "format": "[Gen 9 Champions] VGC 2026 Reg M-A",
  "players": [
    "meow509",
    "Xedivad"
  ],
  "log": "|j|\u2606meow509\n|j|\u2606Xedivad\n|t:|1776284527\n|gametype|doubles\n|player|p1|meow509|lance|1065\n|player|p2|Xedivad|morty|1024\n|gen|9\n|tier|[Gen 9 Champions] VGC 2026 Reg M-A\n|rated|\n|rule|Species Clause: Limit one of each Pok\u00e9mon\n|rule|Item Clause: Limit 1 of each item\n|clearpoke\n|poke|p1|Incineroar, L50, M|\n|poke|p1|Orthworm, L50, F|\n|poke|p1|Garchomp, L50, F|\n|poke|p1|Avalugg-Hisui, L50, M|\n|poke|p1|Froslass, L50, F|\n|poke|p1|Delphox, L50, M|\n|poke|p2|Floette-Eternal, L50, F|\n|poke|p2|Sinistcha, L50|\n|poke|p2|Incineroar, L50, F|\n|poke|p2|Basculegion, L50, M|\n|poke|p2|Garchomp, L50, M|\n|poke|p2|Ninetales-Alola, L50, F|\n|teampreview|4\n|inactive|Battle timer is ON: inactive players will automatically lose when time's up. (requested by meow509)\n|\n|t:|1776284539\n|teamsize|p1|4\n|teamsize|p2|4\n|start\n|switch|p1a: Incineroar|Incineroar, L50, M, shiny|100/100\n|switch|p1b: Orthworm|Orthworm, L50, F|100/100\n|switch|p2a: Floette|Floette-Eternal, L50, F|100/100\n|switch|p2b: Incineroar|Incineroar, L50, F|100/100\n|-ability|p2b: Incineroar|Intimidate|boost\n|-unboost|p1a: Incineroar|atk|1\n|-unboost|p1b: Orthworm|atk|1\n|-ability|p1a: Incineroar|Intimidate|boost\n|-unboost|p2a: Floette|atk|1\n|-unboost|p2b: Incineroar|atk|1\n|turn|1\n|inactive|meow509 has 30 seconds left.\n|\n|t:|1776284567\n|detailschange|p2a: Floette|Floette-Mega, L50, F\n|-mega|p2a: Floette|Floette|Floettite\n|-ability|p2a: Floette|Fairy Aura\n|move|p2b: Incineroar|Fake Out|p1b: Orthworm\n|-resisted|p1b: Orthworm|1\n|-damage|p1b: Orthworm|98/100\n|move|p1a: Incineroar|Fake Out|p2a: Floette\n|-damage|p2a: Floette|93/100\n|cant|p2a: Floette|flinch\n|cant|p1b: Orthworm|flinch\n|\n|upkeep\n|turn|2\n|\n|t:|1776284585\n|move|p2a: Floette|Protect|p2a: Floette\n|-singleturn|p2a: Floette|Protect\n|move|p2b: Incineroar|Parting Shot|p1b: Orthworm\n|-unboost|p1b: Orthworm|atk|1\n|-unboost|p1b: Orthworm|spa|1\n|\n|t:|1776284591\n|switch|p2b: Ninetales|Ninetales-Alola, L50, F|100/100|[from] Parting Shot\n|-weather|Snowscape|[from] ability: Snow Warning|[of] p2b: Ninetales\n|move|p1b: Orthworm|Iron Head|p2a: Floette\n|-activate|p2a: Floette|move: Protect\n|move|p1a: Incineroar|Parting Shot|p2a: Floette\n|-activate|p2a: Floette|move: Protect\n|\n|-weather|Snowscape|[upkeep]\n|upkeep\n|turn|3\n|\n|t:|1776284609\n|move|p2b: Ninetales|Aurora Veil|p2b: Ninetales\n|-sidestart|p2: Xedivad|move: Aurora Veil\n|move|p2a: Floette|Calm Mind|p2a: Floette\n|-boost|p2a: Floette|spa|1\n|-boost|p2a: Floette|spd|1\n|move|p1b: Orthworm|Sandstorm|p1b: Orthworm\n|-weather|Sandstorm\n|move|p1a: Incineroar|Parting Shot|p2a: Floette\n|-unboost|p2a: Floette|atk|1\n|-unboost|p2a: Floette|spa|1\n|\n|t:|1776284620\n|switch|p1a: Garchomp|Garchomp, L50, F, shiny|100/100|[from] Parting Shot\n|\n|-weather|Sandstorm|[upkeep]\n|-damage|p2b: Ninetales|94/100|[from] Sandstorm\n|-damage|p2a: Floette|87/100|[from] Sandstorm\n|upkeep\n|turn|4\n|inactive|meow509 has 30 seconds left.\n|\n|t:|1776284649\n|switch|p2b: Incineroar|Incineroar, L50, F|100/100\n|-ability|p2b: Incineroar|Intimidate|boost\n|-unboost|p1a: Garchomp|atk|1\n|-unboost|p1b: Orthworm|atk|1\n|switch|p1b: Incineroar|Incineroar, L50, M, shiny|100/100\n|-ability|p1b: Incineroar|Intimidate|boost\n|-unboost|p2a: Floette|atk|1\n|-unboost|p2b: Incineroar|atk|1\n|detailschange|p1a: Garchomp|Garchomp-Mega, L50, F, shiny\n|-mega|p1a: Garchomp|Garchomp|Garchompite\n|move|p2a: Floette|Draining Kiss|p1a: Garchomp\n|-supereffective|p1a: Garchomp|1\n|-damage|p1a: Garchomp|32/100\n|-heal|p2a: Floette|100/100|[from] drain|[of] p1a: Garchomp\n|move|p1a: Garchomp|Earthquake|p2a: Floette|[spread] p1b,p2a,p2b\n|-supereffective|p1b: Incineroar|1\n|-supereffective|p2b: Incineroar|1\n|-damage|p1b: Incineroar|31/100\n|-damage|p2a: Floette|71/100\n|-damage|p2b: Incineroar|32/100\n|\n|-weather|Sandstorm|[upkeep]\n|-damage|p2a: Floette|65/100|[from] Sandstorm\n|-damage|p2b: Incineroar|26/100|[from] Sandstorm\n|-damage|p1b: Incineroar|25/100|[from] Sandstorm\n|upkeep\n|turn|5\n|inactive|meow509 has 30 seconds left.\n|inactive|Xedivad has 30 seconds left.\n|\n|t:|1776284679\n|move|p2b: Incineroar|Fake Out|p1a: Garchomp\n|-crit|p1a: Garchomp\n|-damage|p1a: Garchomp|16/100\n|move|p1b: Incineroar|Fake Out|p2a: Floette\n|-damage|p2a: Floette|57/100\n|cant|p2a: Floette|flinch\n|cant|p1a: Garchomp|flinch\n|\n|-weather|Sandstorm|[upkeep]\n|-damage|p2a: Floette|51/100|[from] Sandstorm\n|-damage|p2b: Incineroar|20/100|[from] Sandstorm\n|-damage|p1b: Incineroar|19/100|[from] Sandstorm\n|upkeep\n|turn|6\n|\n|t:|1776284698\n|switch|p1a: Orthworm|Orthworm, L50, F|98/100\n|switch|p2b: Ninetales|Ninetales-Alola, L50, F|94/100\n|-weather|Snowscape|[from] ability: Snow Warning|[of] p2b: Ninetales\n|move|p2a: Floette|Draining Kiss|p1a: Orthworm\n|-resisted|p1a: Orthworm|1\n|-damage|p1a: Orthworm|77/100\n|-heal|p2a: Floette|68/100|[from] drain|[of] p1a: Orthworm\n|move|p1b: Incineroar|Parting Shot|p2a: Floette\n|-unboost|p2a: Floette|atk|1\n|-unboost|p2a: Floette|spa|1\n|\n|t:|1776284714\n|switch|p1b: Delphox|Delphox, L50, M, shiny|100/100|[from] Parting Shot\n|\n|-weather|Snowscape|[upkeep]\n|upkeep\n|turn|7\n|\n|t:|1776284732\n|switch|p2a: Incineroar|Incineroar, L50, F|20/100\n|-ability|p2a: Incineroar|Intimidate|boost\n|-unboost|p1a: Orthworm|atk|1\n|-unboost|p1b: Delphox|atk|1\n|move|p2b: Ninetales|Blizzard|p1a: Orthworm|[spread] p1a,p1b\n|-resisted|p1a: Orthworm|1\n|-resisted|p1b: Delphox|1\n|-damage|p1a: Orthworm|60/100\n|-damage|p1b: Delphox|80/100\n|move|p1b: Delphox|Heat Wave|p2a: Incineroar|[spread] p2a,p2b\n|-resisted|p2a: Incineroar|1\n|-supereffective|p2b: Ninetales|1\n|-damage|p2a: Incineroar|6/100\n|-damage|p2b: Ninetales|35/100\n|move|p1a: Orthworm|Sandstorm|p1a: Orthworm\n|-weather|Sandstorm\n|\n|-weather|Sandstorm|[upkeep]\n|-damage|p2b: Ninetales|29/100|[from] Sandstorm\n|-damage|p1b: Delphox|74/100|[from] Sandstorm\n|-damage|p2a: Incineroar|0 fnt|[from] Sandstorm\n|faint|p2a: Incineroar\n|-sideend|p2: Xedivad|move: Aurora Veil\n|upkeep\n|\n|t:|1776284748\n|switch|p2a: Floette|Floette-Mega, L50, F|68/100\n|-ability|p2a: Floette|Fairy Aura\n|turn|8\n|\n|t:|1776284767\n|switch|p2b: Sinistcha|Sinistcha, L50|100/100\n|-heal|p2a: Floette|93/100|[from] ability: Hospitality|[of] p2b: Sinistcha\n|move|p1b: Delphox|Heat Wave|p2a: Floette|[spread] p2a,p2b\n|-supereffective|p2b: Sinistcha|1\n|-damage|p2a: Floette|66/100\n|-damage|p2b: Sinistcha|20/100\n|-enditem|p2b: Sinistcha|Sitrus Berry|[eat]\n|-heal|p2b: Sinistcha|44/100|[from] item: Sitrus Berry\n|move|p2a: Floette|Draining Kiss|p1b: Delphox\n|-resisted|p1b: Delphox|1\n|-damage|p1b: Delphox|51/100\n|-heal|p2a: Floette|82/100|[from] drain|[of] p1b: Delphox\n|move|p1a: Orthworm|Shed Tail|p1a: Orthworm\n|-start|p1a: Orthworm|Substitute|[from] move: Shed Tail\n|-damage|p1a: Orthworm|10/100\n|-enditem|p1a: Orthworm|Sitrus Berry|[eat]\n|-heal|p1a: Orthworm|35/100|[from] item: Sitrus Berry\n|\n|t:|1776284784\n|switch|p1a: Garchomp|Garchomp-Mega, L50, F, shiny|16/100|[from] Shed Tail\n|\n|-weather|Sandstorm|[upkeep]\n|-damage|p1b: Delphox|45/100|[from] Sandstorm\n|-damage|p2a: Floette|77/100|[from] Sandstorm\n|-damage|p2b: Sinistcha|38/100|[from] Sandstorm\n|upkeep\n|turn|9\n|\n|t:|1776284800\n|switch|p2a: Ninetales|Ninetales-Alola, L50, F|29/100\n|-weather|Snowscape|[from] ability: Snow Warning|[of] p2a: Ninetales\n|move|p1b: Delphox|Protect|p1b: Delphox\n|-singleturn|p1b: Delphox|Protect\n|move|p1a: Garchomp|Earthquake|p2b: Sinistcha|[spread] p2a,p2b\n|-activate|p1b: Delphox|move: Protect\n|-resisted|p2b: Sinistcha|1\n|-damage|p2a: Ninetales|0 fnt\n|-damage|p2b: Sinistcha|16/100\n|faint|p2a: Ninetales\n|move|p2b: Sinistcha|Strength Sap||[still]\n|-fail|p2b: Sinistcha\n|\n|-weather|Snowscape|[upkeep]\n|upkeep\n|\n|t:|1776284815\n|switch|p2a: Floette|Floette-Mega, L50, F|77/100\n|-ability|p2a: Floette|Fairy Aura\n|turn|10\n|\n|t:|1776284827\n|switch|p1b: Orthworm|Orthworm, L50, F|35/100\n|move|p2a: Floette|Draining Kiss|p1a: Garchomp\n|-supereffective|p1a: Garchomp|1\n|-end|p1a: Garchomp|Substitute\n|-heal|p2a: Floette|97/100|[from] drain|[of] p1a: Garchomp\n|move|p1a: Garchomp|Earthquake|p2a: Floette|[spread] p2a,p2b\n|-heal|p1b: Orthworm|60/100|[from] ability: Earth Eater|[of] p1a: Garchomp\n|-resisted|p2b: Sinistcha|1\n|-damage|p2a: Floette|44/100\n|-damage|p2b: Sinistcha|0 fnt\n|faint|p2b: Sinistcha\n|\n|-weather|Snowscape|[upkeep]\n|upkeep\n|turn|11\n|\n|t:|1776284845\n|move|p1a: Garchomp|Protect|p1a: Garchomp\n|-singleturn|p1a: Garchomp|Protect\n|move|p2a: Floette|Moonblast|p1a: Garchomp\n|-activate|p1a: Garchomp|move: Protect\n|move|p1b: Orthworm|Sandstorm|p1b: Orthworm\n|-weather|Sandstorm\n|\n|-weather|Sandstorm|[upkeep]\n|-damage|p2a: Floette|38/100|[from] Sandstorm\n|upkeep\n|turn|12\n|\n|t:|1776284860\n|move|p2a: Floette|Draining Kiss|p1a: Garchomp\n|-supereffective|p1a: Garchomp|1\n|-damage|p1a: Garchomp|0 fnt\n|-heal|p2a: Floette|51/100|[from] drain|[of] p1a: Garchomp\n|faint|p1a: Garchomp\n|move|p1b: Orthworm|Iron Head|p2a: Floette\n|-supereffective|p2a: Floette|1\n|-damage|p2a: Floette|2/100\n|\n|-weather|Sandstorm|[upkeep]\n|-damage|p2a: Floette|0 fnt|[from] Sandstorm\n|faint|p2a: Floette\n|\n|win|meow509\n|raw|meow509's rating: 1065 &rarr; <strong>1092</strong><br />(+27 for winning)\n|raw|Xedivad's rating: 1024 &rarr; <strong>1012</strong><br />(-12 for losing)\n|l|\u2606Xedivad\n|player|p2|\n",
  "uploadtime": 1776284884,
  "views": 19,
  "formatid": "gen9championsvgc2026regma",
  "rating": 1012,
  "private": 0,
  "password": null
}