{
  "id": "gen9championsvgc2026regma-2585630115",
  "format": "[Gen 9 Champions] VGC 2026 Reg M-A",
  "players": [
    "MegaPoblano",
    "stogan91"
  ],
  "log": "|j|\u203dMegaPoblano\n|j|\u2606stogan91\n|t:|1776359991\n|gametype|doubles\n|player|p1|MegaPoblano|red|1214\n|player|p2|stogan91|170|1258\n|gen|9\n|tier|[Gen 9 Champions] VGC 2026 Reg M-A\n|rated|\n|rule|Species Clause: Limit one of each Pok\u00e9mon\n|rule|Item Clause: Limit 1 of each item\n|clearpoke\n|poke|p1|Scovillain, L50, F|\n|poke|p1|Aerodactyl, L50, F|\n|poke|p1|Garchomp, L50, M|\n|poke|p1|Sneasler, L50, M|\n|poke|p1|Sinistcha, L50|\n|poke|p1|Primarina, L50, M|\n|poke|p2|Glimmora, L50, F|\n|poke|p2|Incineroar, L50, M|\n|poke|p2|Sinistcha, L50|\n|poke|p2|Milotic, L50, F|\n|poke|p2|Ninetales-Alola, L50, M|\n|poke|p2|Garchomp, L50, F|\n|teampreview|4\n|inactive|Battle timer is ON: inactive players will automatically lose when time's up. (requested by stogan91)\n|inactive|MegaPoblano has 60 seconds left.\n|inactive|stogan91 has 60 seconds left.\n|inactive|MegaPoblano has 30 seconds left.\n|\n|t:|1776360063\n|teamsize|p1|4\n|teamsize|p2|4\n|start\n|switch|p1a: Scovillain|Scovillain, L50, F|100/100\n|switch|p1b: Primarina|Primarina, L50, M|100/100\n|switch|p2a: Garchomp|Garchomp, L50, F|100/100\n|switch|p2b: Ninetales|Ninetales-Alola, L50, M|100/100\n|-weather|Snowscape|[from] ability: Snow Warning|[of] p2b: Ninetales\n|turn|1\n|\n|t:|1776360086\n|detailschange|p1a: Scovillain|Scovillain-Mega, L50, F\n|-mega|p1a: Scovillain|Scovillain|Scovillainite\n|move|p1a: Scovillain|Rage Powder|p1a: Scovillain\n|-singleturn|p1a: Scovillain|move: Rage Powder\n|move|p2a: Garchomp|Rock Slide|p1b: Primarina|[spread] p1b\n|-miss|p2a: Garchomp|p1a: Scovillain\n|-damage|p1b: Primarina|74/100\n|move|p2b: Ninetales|Aurora Veil|p2b: Ninetales\n|-sidestart|p2: stogan91|move: Aurora Veil\n|cant|p1b: Primarina|flinch\n|\n|-weather|Snowscape|[upkeep]\n|-heal|p1b: Primarina|81/100|[from] item: Leftovers\n|upkeep\n|turn|2\n|\n|t:|1776360101\n|move|p1a: Scovillain|Rage Powder|p1a: Scovillain\n|-singleturn|p1a: Scovillain|move: Rage Powder\n|move|p2a: Garchomp|Rock Slide|p1b: Primarina|[spread] p1a\n|-miss|p2a: Garchomp|p1b: Primarina\n|-supereffective|p1a: Scovillain|1\n|-damage|p1a: Scovillain|64/100\n|-status|p2a: Garchomp|brn|[from] ability: Spicy Spray|[of] p1a: Scovillain\n|move|p2b: Ninetales|Blizzard|p1a: Scovillain|[spread] p1a,p1b\n|-resisted|p1b: Primarina|1\n|-damage|p1a: Scovillain|31/100\n|-damage|p1b: Primarina|66/100\n|-status|p2b: Ninetales|brn|[from] ability: Spicy Spray|[of] p1a: Scovillain\n|move|p1b: Primarina|Calm Mind|p1b: Primarina\n|-boost|p1b: Primarina|spa|1\n|-boost|p1b: Primarina|spd|1\n|\n|-weather|Snowscape|[upkeep]\n|-heal|p1b: Primarina|72/100|[from] item: Leftovers\n|-damage|p2a: Garchomp|95/100 brn|[from] brn\n|-damage|p2b: Ninetales|94/100 brn|[from] brn\n|upkeep\n|turn|3\n|\n|t:|1776360121\n|move|p1a: Scovillain|Protect|p1a: Scovillain\n|-singleturn|p1a: Scovillain|Protect\n|move|p1b: Primarina|Protect|p1b: Primarina\n|-singleturn|p1b: Primarina|Protect\n|move|p2a: Garchomp|Rock Slide|p1a: Scovillain|[spread] \n|-activate|p1a: Scovillain|move: Protect\n|-activate|p1b: Primarina|move: Protect\n|move|p2b: Ninetales|Blizzard|p1b: Primarina|[spread] \n|-activate|p1a: Scovillain|move: Protect\n|-activate|p1b: Primarina|move: Protect\n|\n|-weather|Snowscape|[upkeep]\n|-heal|p1b: Primarina|78/100|[from] item: Leftovers\n|-damage|p2a: Garchomp|89/100 brn|[from] brn\n|-damage|p2b: Ninetales|88/100 brn|[from] brn\n|upkeep\n|turn|4\n|\n|t:|1776360136\n|move|p2a: Garchomp|Rock Slide|p1a: Scovillain|[spread] p1a,p1b\n|-supereffective|p1a: Scovillain|1\n|-damage|p1a: Scovillain|12/100\n|-damage|p1b: Primarina|65/100\n|move|p2b: Ninetales|Blizzard|p1b: Primarina|[spread] p1a,p1b\n|-resisted|p1b: Primarina|1\n|-damage|p1a: Scovillain|0 fnt\n|-damage|p1b: Primarina|56/100\n|faint|p1a: Scovillain\n|move|p1b: Primarina|Calm Mind|p1b: Primarina\n|-boost|p1b: Primarina|spa|1\n|-boost|p1b: Primarina|spd|1\n|\n|-weather|Snowscape|[upkeep]\n|-heal|p1b: Primarina|62/100|[from] item: Leftovers\n|-damage|p2a: Garchomp|83/100 brn|[from] brn\n|-damage|p2b: Ninetales|82/100 brn|[from] brn\n|upkeep\n|\n|t:|1776360143\n|switch|p1a: Aerodactyl|Aerodactyl, L50, F|100/100\n|-ability|p1a: Aerodactyl|Unnerve\n|turn|5\n|\n|t:|1776360168\n|switch|p2b: Incineroar|Incineroar, L50, M|100/100\n|-ability|p2b: Incineroar|Intimidate|boost\n|-unboost|p1a: Aerodactyl|atk|1\n|-unboost|p1b: Primarina|atk|1\n|move|p1a: Aerodactyl|Protect|p1a: Aerodactyl\n|-singleturn|p1a: Aerodactyl|Protect\n|move|p1b: Primarina|Protect|p1b: Primarina\n|-singleturn|p1b: Primarina|Protect\n|move|p2a: Garchomp|Rock Slide|p1b: Primarina|[spread] \n|-activate|p1a: Aerodactyl|move: Protect\n|-activate|p1b: Primarina|move: Protect\n|\n|-weather|none\n|-heal|p1b: Primarina|68/100|[from] item: Leftovers\n|-damage|p2a: Garchomp|77/100 brn|[from] brn\n|-sideend|p2: stogan91|move: Aurora Veil\n|upkeep\n|turn|6\n|\n|t:|1776360185\n|move|p2b: Incineroar|Fake Out|p1a: Aerodactyl\n|-resisted|p1a: Aerodactyl|1\n|-damage|p1a: Aerodactyl|92/100\n|move|p2a: Garchomp|Rock Slide|p1b: Primarina|[spread] p1a,p1b\n|-supereffective|p1a: Aerodactyl|1\n|-damage|p1a: Aerodactyl|57/100\n|-damage|p1b: Primarina|56/100\n|cant|p1a: Aerodactyl|flinch\n|move|p1b: Primarina|Hyper Voice|p2a: Garchomp|[spread] p2a,p2b\n|-supereffective|p2b: Incineroar|1\n|-damage|p2a: Garchomp|2/100 brn\n|-damage|p2b: Incineroar|0 fnt\n|faint|p2b: Incineroar\n|\n|-heal|p1b: Primarina|62/100|[from] item: Leftovers\n|-damage|p2a: Garchomp|0 fnt|[from] brn\n|faint|p2a: Garchomp\n|upkeep\n|\n|t:|1776360200\n|switch|p2a: Ninetales|Ninetales-Alola, L50, M|82/100 brn\n|switch|p2b: Glimmora|Glimmora, L50, F|100/100\n|-weather|Snowscape|[from] ability: Snow Warning|[of] p2a: Ninetales\n|turn|7\n|\n|t:|1776360210\n|detailschange|p2b: Glimmora|Glimmora-Mega, L50, F\n|-mega|p2b: Glimmora|Glimmora|Glimmoranite\n|move|p1a: Aerodactyl|Tailwind|p1a: Aerodactyl\n|-sidestart|p1: MegaPoblano|move: Tailwind\n|move|p1b: Primarina|Hyper Voice|p2b: Glimmora|[spread] p2a,p2b\n|-supereffective|p2b: Glimmora|1\n|-damage|p2a: Ninetales|0 fnt\n|-damage|p2b: Glimmora|0 fnt\n|faint|p2a: Ninetales\n|faint|p2b: Glimmora\n|\n|win|MegaPoblano\n|raw|MegaPoblano's rating: 1214 &rarr; <strong>1242</strong><br />(+28 for winning)\n|raw|stogan91's rating: 1258 &rarr; <strong>1230</strong><br />(-28 for losing)\n",
  "uploadtime": 1776360213,
  "views": 31,
  "formatid": "gen9championsvgc2026regma",
  "rating": 1230,
  "private": 0,
  "password": null
}