{
  "id": "gen9championsvgc2026regma-2583757766",
  "format": "[Gen 9 Champions] VGC 2026 Reg M-A",
  "players": [
    "Lakyzu98",
    "kingcoleman"
  ],
  "log": "|j|\u2606Lakyzu98\n|j|\u2606kingcoleman\n|t:|1776195671\n|gametype|doubles\n|player|p1|Lakyzu98|102|1253\n|player|p2|kingcoleman|miku-water|1320\n|gen|9\n|tier|[Gen 9 Champions] VGC 2026 Reg M-A\n|rated|\n|rule|Species Clause: Limit one of each Pok\u00e9mon\n|rule|Item Clause: Limit 1 of each item\n|clearpoke\n|poke|p1|Sableye, L50, F|\n|poke|p1|Primarina, L50, F|\n|poke|p1|Politoed, L50, M|\n|poke|p1|Incineroar, L50, M|\n|poke|p1|Oranguru, L50, F|\n|poke|p1|Crabominable, L50, F|\n|poke|p2|Scovillain, L50, M|\n|poke|p2|Primarina, L50, M|\n|poke|p2|Tyranitar, L50, F|\n|poke|p2|Farigiraf, L50, M|\n|poke|p2|Excadrill, L50, M|\n|poke|p2|Sneasler, L50, M|\n|teampreview|4\n|inactive|Battle timer is ON: inactive players will automatically lose when time's up. (requested by Lakyzu98)\n|inactive|kingcoleman has 60 seconds left.\n|\n|t:|1776195706\n|teamsize|p1|4\n|teamsize|p2|4\n|start\n|switch|p1a: Incineroar|Incineroar, L50, M|100/100\n|switch|p1b: Oranguru|Oranguru, L50, F|100/100\n|switch|p2a: Scovillain|Scovillain, L50, M|100/100\n|switch|p2b: Primarina|Primarina, L50, M|100/100\n|-ability|p1a: Incineroar|Intimidate|boost\n|-unboost|p2a: Scovillain|atk|1\n|-unboost|p2b: Primarina|atk|1\n|turn|1\n|\n|t:|1776195724\n|switch|p2a: Farigiraf|Farigiraf, L50, M|100/100\n|move|p2b: Primarina|Calm Mind|p2b: Primarina\n|-boost|p2b: Primarina|spa|1\n|-boost|p2b: Primarina|spd|1\n|move|p1a: Incineroar|Parting Shot|p2b: Primarina\n|-unboost|p2b: Primarina|atk|1\n|-unboost|p2b: Primarina|spa|1\n|\n|t:|1776195732\n|switch|p1a: Crabominable|Crabominable, L50, F|100/100|[from] Parting Shot\n|move|p1b: Oranguru|Trick Room|p1b: Oranguru\n|-fieldstart|move: Trick Room|[of] p1b: Oranguru\n|\n|upkeep\n|turn|2\n|\n|t:|1776195751\n|detailschange|p1a: Crabominable|Crabominable-Mega, L50, F\n|-mega|p1a: Crabominable|Crabominable|Crabominite\n|move|p1a: Crabominable|Ice Punch|p2b: Primarina\n|-resisted|p2b: Primarina|1\n|-damage|p2b: Primarina|65/100\n|move|p1b: Oranguru|Instruct|p1a: Crabominable\n|-singleturn|p1a: Crabominable|move: Instruct|[of] p1b: Oranguru\n|move|p1a: Crabominable|Ice Punch|p2b: Primarina\n|-resisted|p2b: Primarina|1\n|-damage|p2b: Primarina|28/100\n|-enditem|p2b: Primarina|Sitrus Berry|[eat]\n|-heal|p2b: Primarina|53/100|[from] item: Sitrus Berry\n|move|p2b: Primarina|Moonblast|p1a: Crabominable\n|-supereffective|p1a: Crabominable|1\n|-damage|p1a: Crabominable|14/100\n|move|p2a: Farigiraf|Trick Room|p2a: Farigiraf\n|-fieldend|move: Trick Room\n|\n|upkeep\n|turn|3\n|\n|t:|1776195772\n|move|p2a: Farigiraf|Helping Hand|p2b: Primarina\n|-singleturn|p2b: Primarina|Helping Hand|[of] p2a: Farigiraf\n|move|p1a: Crabominable|Protect|p1a: Crabominable\n|-singleturn|p1a: Crabominable|Protect\n|move|p2b: Primarina|Hyper Voice|p1b: Oranguru|[spread] p1b\n|-activate|p1a: Crabominable|move: Protect\n|-damage|p1b: Oranguru|62/100\n|move|p1b: Oranguru|Trick Room|p1b: Oranguru\n|-fieldstart|move: Trick Room|[of] p1b: Oranguru\n|\n|upkeep\n|turn|4\n|\n|t:|1776195796\n|move|p1a: Crabominable|Drain Punch|p2a: Farigiraf\n|-damage|p2a: Farigiraf|34/100\n|-heal|p1a: Crabominable|51/100|[from] drain|[of] p2a: Farigiraf\n|move|p1b: Oranguru|Instruct|p1a: Crabominable\n|-singleturn|p1a: Crabominable|move: Instruct|[of] p1b: Oranguru\n|move|p1a: Crabominable|Drain Punch|p2a: Farigiraf\n|-damage|p2a: Farigiraf|0 fnt\n|-heal|p1a: Crabominable|70/100|[from] drain|[of] p2a: Farigiraf\n|faint|p2a: Farigiraf\n|move|p2b: Primarina|Hyper Voice|p1a: Crabominable|[spread] p1a,p1b\n|-crit|p1a: Crabominable\n|-damage|p1a: Crabominable|23/100\n|-damage|p1b: Oranguru|36/100\n|\n|upkeep\n|\n|t:|1776195802\n|switch|p2a: Scovillain|Scovillain, L50, M|100/100\n|turn|5\n|\n|t:|1776195827\n|switch|p1a: Politoed|Politoed, L50, M|100/100\n|-weather|RainDance|[from] ability: Drizzle|[of] p1a: Politoed\n|detailschange|p2a: Scovillain|Scovillain-Mega, L50, M\n|-mega|p2a: Scovillain|Scovillain|Scovillainite\n|move|p2a: Scovillain|Rage Powder|p2a: Scovillain\n|-singleturn|p2a: Scovillain|move: Rage Powder\n|move|p1b: Oranguru|Psychic|p2a: Scovillain\n|-damage|p2a: Scovillain|66/100\n|-status|p1b: Oranguru|brn|[from] ability: Spicy Spray|[of] p2a: Scovillain\n|move|p2b: Primarina|Hyper Voice|p1b: Oranguru|[spread] p1a,p1b\n|-resisted|p1a: Politoed|1\n|-damage|p1a: Politoed|78/100\n|-damage|p1b: Oranguru|0 fnt\n|faint|p1b: Oranguru\n|\n|-weather|RainDance|[upkeep]\n|upkeep\n|\n|t:|1776195841\n|switch|p1b: Incineroar|Incineroar, L50, M|100/100\n|-ability|p1b: Incineroar|Intimidate|boost\n|-unboost|p2a: Scovillain|atk|1\n|-unboost|p2b: Primarina|atk|1\n|turn|6\n|\n|t:|1776195848\n|move|p2b: Primarina|Protect|p2b: Primarina\n|-singleturn|p2b: Primarina|Protect\n|move|p1b: Incineroar|Fake Out|p2b: Primarina\n|-activate|p2b: Primarina|move: Protect\n|move|p1a: Politoed|Muddy Water|p2a: Scovillain|[spread] \n|-activate|p2b: Primarina|move: Protect\n|-miss|p1a: Politoed|p2a: Scovillain\n|move|p2a: Scovillain|Giga Drain|p1a: Politoed\n|-supereffective|p1a: Politoed|1\n|-damage|p1a: Politoed|15/100\n|-heal|p2a: Scovillain|99/100|[from] drain|[of] p1a: Politoed\n|\n|-weather|RainDance|[upkeep]\n|upkeep\n|turn|7\n|inactive|Lakyzu98 has 30 seconds left.\n|\n|t:|1776195876\n|move|p2a: Scovillain|Rage Powder|p2a: Scovillain\n|-singleturn|p2a: Scovillain|move: Rage Powder\n|move|p1b: Incineroar|Darkest Lariat|p2a: Scovillain\n|-damage|p2a: Scovillain|66/100\n|-immune|p1b: Incineroar\n|move|p2b: Primarina|Hyper Voice|p1a: Politoed|[spread] p1a,p1b\n|-resisted|p1a: Politoed|1\n|-supereffective|p1b: Incineroar|1\n|-damage|p1a: Politoed|0 fnt\n|-damage|p1b: Incineroar|1/100\n|-enditem|p1b: Incineroar|Sitrus Berry|[eat]\n|-heal|p1b: Incineroar|26/100|[from] item: Sitrus Berry\n|faint|p1a: Politoed\n|\n|-weather|RainDance|[upkeep]\n|-fieldend|move: Trick Room\n|upkeep\n|\n|t:|1776195883\n|switch|p1a: Crabominable|Crabominable-Mega, L50, F|23/100\n|turn|8\n|\n|t:|1776195892\n|move|p2a: Scovillain|Rage Powder|p2a: Scovillain\n|-singleturn|p2a: Scovillain|move: Rage Powder\n|move|p2b: Primarina|Hyper Voice|p1a: Crabominable|[spread] p1a,p1b\n|-supereffective|p1b: Incineroar|1\n|-damage|p1a: Crabominable|0 fnt\n|-damage|p1b: Incineroar|0 fnt\n|faint|p1a: Crabominable\n|faint|p1b: Incineroar\n|\n|win|kingcoleman\n|raw|Lakyzu98's rating: 1253 &rarr; <strong>1233</strong><br />(-20 for losing)\n|raw|kingcoleman's rating: 1320 &rarr; <strong>1336</strong><br />(+16 for winning)\n|l|\u2606Lakyzu98\n|player|p1|\n",
  "uploadtime": 1776195906,
  "views": 30,
  "formatid": "gen9championsvgc2026regma",
  "rating": 1233,
  "private": 0,
  "password": null
}