{
  "id": "gen9championsvgc2026regma-2586533999",
  "format": "[Gen 9 Champions] VGC 2026 Reg M-A",
  "players": [
    "Roberfly",
    "Mr.X&Y97"
  ],
  "log": "|j|\u2606Roberfly\n|j|\u2606Mr.X&Y97\n|t:|1776441268\n|gametype|doubles\n|player|p1|Roberfly|rood|1223\n|player|p2|Mr.X&Y97|ingo|1226\n|gen|9\n|tier|[Gen 9 Champions] VGC 2026 Reg M-A\n|rated|\n|rule|Species Clause: Limit one of each Pok\u00e9mon\n|rule|Item Clause: Limit 1 of each item\n|clearpoke\n|poke|p1|Aegislash, L50, M|\n|poke|p1|Gallade, L50, M|\n|poke|p1|Whimsicott, L50, M|\n|poke|p1|Rotom-Wash, L50|\n|poke|p1|Mudsdale, L50, F|\n|poke|p1|Incineroar, L50, F|\n|poke|p2|Scovillain, L50, M|\n|poke|p2|Aerodactyl, L50, M|\n|poke|p2|Garchomp, L50, F|\n|poke|p2|Gyarados, L50, F|\n|poke|p2|Incineroar, L50, F|\n|poke|p2|Ninetales-Alola, L50, M|\n|teampreview|4\n|inactive|Battle timer is ON: inactive players will automatically lose when time's up. (requested by Mr.X&Y97)\n|inactive|Roberfly has 60 seconds left.\nMr.X&Y97 rejected open team sheets.\n|\n|t:|1776441306\n|teamsize|p1|4\n|teamsize|p2|4\n|start\n|switch|p1a: Whimsicott|Whimsicott, L50, M|100/100\n|switch|p1b: Incineroar|Incineroar, L50, F|100/100\n|switch|p2a: Scovillain|Scovillain, L50, M|100/100\n|switch|p2b: Aerodactyl|Aerodactyl, L50, M|100/100\n|-ability|p2b: Aerodactyl|Unnerve\n|-ability|p1b: Incineroar|Intimidate|boost\n|-unboost|p2a: Scovillain|atk|1\n|-unboost|p2b: Aerodactyl|atk|1\n|turn|1\n|inactive|Roberfly has 30 seconds left.\n|\n|t:|1776441336\n|detailschange|p2a: Scovillain|Scovillain-Mega, L50, M\n|-mega|p2a: Scovillain|Scovillain|Scovillainite\n|move|p1a: Whimsicott|Protect|p1a: Whimsicott\n|-singleturn|p1a: Whimsicott|Protect\n|move|p1b: Incineroar|Fake Out|p2b: Aerodactyl\n|-resisted|p2b: Aerodactyl|1\n|-damage|p2b: Aerodactyl|92/100\n|move|p2a: Scovillain|Rage Powder|p2a: Scovillain\n|-singleturn|p2a: Scovillain|move: Rage Powder\n|cant|p2b: Aerodactyl|flinch\n|\n|upkeep\n|turn|2\n|inactive|Roberfly has 30 seconds left.\n|inactive|Roberfly has 20 seconds left.\n|inactive|Roberfly has 15 seconds left.\n|\n|t:|1776441379\n|switch|p1b: Mudsdale|Mudsdale, L50, F|100/100\n|move|p2a: Scovillain|Rage Powder|p2a: Scovillain\n|-singleturn|p2a: Scovillain|move: Rage Powder\n|move|p2b: Aerodactyl|Tailwind|p2b: Aerodactyl\n|-sidestart|p2: Mr.X&Y97|move: Tailwind\n|move|p1a: Whimsicott|Beat Up|p1b: Mudsdale\n|-damage|p1b: Mudsdale|98/100\n|-ability|p1b: Mudsdale|Stamina|boost\n|-boost|p1b: Mudsdale|def|1\n|-damage|p1b: Mudsdale|96/100\n|-ability|p1b: Mudsdale|Stamina|boost\n|-boost|p1b: Mudsdale|def|1\n|-damage|p1b: Mudsdale|95/100\n|-ability|p1b: Mudsdale|Stamina|boost\n|-boost|p1b: Mudsdale|def|1\n|-damage|p1b: Mudsdale|94/100\n|-ability|p1b: Mudsdale|Stamina|boost\n|-boost|p1b: Mudsdale|def|1\n|-hitcount|p1b: Mudsdale|4\n|\n|-heal|p1b: Mudsdale|99/100|[from] item: Leftovers\n|upkeep\n|turn|3\n|inactive|Roberfly has 30 seconds left.\n|inactive|Mr.X&Y97 has 30 seconds left.\n|\n|t:|1776441414\n|switch|p2b: Gyarados|Gyarados, L50, F|100/100\n|-ability|p2b: Gyarados|Intimidate|boost\n|-unboost|p1a: Whimsicott|atk|1\n|-unboost|p1b: Mudsdale|atk|1\n|switch|p1a: Incineroar|Incineroar, L50, F|100/100\n|-ability|p1a: Incineroar|Intimidate|boost\n|-unboost|p2a: Scovillain|atk|1\n|-unboost|p2b: Gyarados|atk|1\n|move|p2a: Scovillain|Flamethrower|p1b: Mudsdale\n|-damage|p1b: Mudsdale|66/100\n|-ability|p1b: Mudsdale|Stamina|boost\n|-boost|p1b: Mudsdale|def|1\n|move|p1b: Mudsdale|Rock Slide|p2b: Gyarados|[spread] p2a,p2b\n|-supereffective|p2a: Scovillain|1\n|-supereffective|p2b: Gyarados|1\n|-damage|p2a: Scovillain|82/100\n|-damage|p2b: Gyarados|71/100\n|-status|p1b: Mudsdale|brn|[from] ability: Spicy Spray|[of] p2a: Scovillain\n|\n|-heal|p1b: Mudsdale|72/100 brn|[from] item: Leftovers\n|-damage|p1b: Mudsdale|66/100 brn|[from] brn\n|upkeep\n|turn|4\n|inactive|Roberfly has 30 seconds left.\n|inactive|Roberfly has 20 seconds left.\n|\n|t:|1776441454\n|move|p1a: Incineroar|Fake Out|p2b: Gyarados\n|-damage|p2b: Gyarados|57/100\n|cant|p2b: Gyarados|flinch\n|move|p2a: Scovillain|Leech Seed|p1b: Mudsdale\n|-start|p1b: Mudsdale|move: Leech Seed\n|move|p1b: Mudsdale|Body Press|p2a: Scovillain\n|-damage|p2a: Scovillain|53/100\n|\n|-heal|p1b: Mudsdale|72/100 brn|[from] item: Leftovers\n|-damage|p1b: Mudsdale|60/100 brn|[from] Leech Seed|[of] p2a: Scovillain\n|-heal|p2a: Scovillain|67/100|[silent]\n|-damage|p1b: Mudsdale|54/100 brn|[from] brn\n|upkeep\n|turn|5\n|\n|t:|1776441475\n|switch|p1b: Whimsicott|Whimsicott, L50, M|100/100\n|move|p2b: Gyarados|Waterfall|p1a: Incineroar\n|-supereffective|p1a: Incineroar|1\n|-damage|p1a: Incineroar|42/100\n|-enditem|p1a: Incineroar|Sitrus Berry|[eat]\n|-heal|p1a: Incineroar|67/100|[from] item: Sitrus Berry\n|move|p2a: Scovillain|Leech Seed|p1a: Incineroar\n|-start|p1a: Incineroar|move: Leech Seed\n|move|p1a: Incineroar|Parting Shot|p2b: Gyarados\n|-unboost|p2b: Gyarados|atk|1\n|-unboost|p2b: Gyarados|spa|1\n|\n|t:|1776441487\n|switch|p1a: Aegislash|Aegislash, L50, M|100/100|[from] Parting Shot\n|\n|-sideend|p2: Mr.X&Y97|move: Tailwind\n|upkeep\n|turn|6\n|\n|t:|1776441500\n|switch|p2b: Aerodactyl|Aerodactyl, L50, M|92/100\n|-ability|p2b: Aerodactyl|Unnerve\n|move|p1b: Whimsicott|Tailwind|p1b: Whimsicott\n|-sidestart|p1: Roberfly|move: Tailwind\n|-formechange|p1a: Aegislash|Aegislash-Blade|\n|move|p1a: Aegislash|Shadow Ball|p2a: Scovillain\n|-damage|p2a: Scovillain|7/100\n|-status|p1a: Aegislash|brn|[from] ability: Spicy Spray|[of] p2a: Scovillain\n|move|p2a: Scovillain|Flamethrower|p1a: Aegislash\n|-supereffective|p1a: Aegislash|1\n|-damage|p1a: Aegislash|0 fnt\n|faint|p1a: Aegislash\n|\n|upkeep\n|\n|t:|1776441523\n|switch|p1a: Incineroar|Incineroar, L50, F|67/100\n|-ability|p1a: Incineroar|Intimidate|boost\n|-unboost|p2a: Scovillain|atk|1\n|-unboost|p2b: Aerodactyl|atk|1\n|turn|7\n|\n|t:|1776441529\n|move|p2b: Aerodactyl|Protect|p2b: Aerodactyl\n|-singleturn|p2b: Aerodactyl|Protect\n|move|p2a: Scovillain|Protect|p2a: Scovillain\n|-singleturn|p2a: Scovillain|Protect\n|move|p1a: Incineroar|Fake Out|p2a: Scovillain\n|-activate|p2a: Scovillain|move: Protect\n|move|p1b: Whimsicott|Moonblast|p2b: Aerodactyl\n|-activate|p2b: Aerodactyl|move: Protect\n|\n|upkeep\n|turn|8\n|\n|t:|1776441544\n|switch|p1a: Mudsdale|Mudsdale, L50, F|54/100 brn\n|move|p2a: Scovillain|Rage Powder|p2a: Scovillain\n|-singleturn|p2a: Scovillain|move: Rage Powder\n|move|p1b: Whimsicott|Moonblast|p2a: Scovillain\n|-resisted|p2a: Scovillain|1\n|-damage|p2a: Scovillain|0 fnt\n|-status|p1b: Whimsicott|brn|[from] ability: Spicy Spray|[of] p2a: Scovillain\n|faint|p2a: Scovillain\n|move|p2b: Aerodactyl|Tailwind|p2b: Aerodactyl\n|-sidestart|p2: Mr.X&Y97|move: Tailwind\n|\n|-heal|p1a: Mudsdale|60/100 brn|[from] item: Leftovers\n|-damage|p1b: Whimsicott|95/100 brn|[from] brn\n|-damage|p1a: Mudsdale|54/100 brn|[from] brn\n|upkeep\n|\n|t:|1776441560\n|switch|p2a: Gyarados|Gyarados, L50, F|57/100\n|-ability|p2a: Gyarados|Intimidate|boost\n|-unboost|p1a: Mudsdale|atk|1\n|-unboost|p1b: Whimsicott|atk|1\n|turn|9\n|\n|t:|1776441572\n|switch|p1b: Incineroar|Incineroar, L50, F|67/100\n|-ability|p1b: Incineroar|Intimidate|boost\n|-unboost|p2a: Gyarados|atk|1\n|-unboost|p2b: Aerodactyl|atk|1\n|move|p2b: Aerodactyl|Dual Wingbeat|p1b: Incineroar\n|-damage|p1b: Incineroar|57/100\n|-damage|p1b: Incineroar|48/100\n|-hitcount|p1b: Incineroar|2\n|move|p2a: Gyarados|Iron Head|p1b: Incineroar\n|-resisted|p1b: Incineroar|1\n|-damage|p1b: Incineroar|38/100\n|move|p1a: Mudsdale|Rock Slide|p2a: Gyarados|[spread] p2a,p2b\n|-supereffective|p2a: Gyarados|1\n|-supereffective|p2b: Aerodactyl|1\n|-damage|p2a: Gyarados|42/100\n|-damage|p2b: Aerodactyl|74/100\n|\n|-heal|p1a: Mudsdale|60/100 brn|[from] item: Leftovers\n|-damage|p1a: Mudsdale|54/100 brn|[from] brn\n|-sideend|p1: Roberfly|move: Tailwind\n|upkeep\n|turn|10\n|\n|t:|1776441594\n|switch|p2b: Garchomp|Garchomp, L50, F|100/100\n|switch|p1a: Whimsicott|Whimsicott, L50, M|95/100 brn\n|move|p1b: Incineroar|Fake Out|p2a: Gyarados\n|-damage|p2a: Gyarados|28/100\n|cant|p2a: Gyarados|flinch\n|\n|-damage|p1a: Whimsicott|89/100 brn|[from] brn\n|upkeep\n|turn|11\n|\n|t:|1776441605\n|switch|p1b: Mudsdale|Mudsdale, L50, F|54/100 brn\n|move|p1a: Whimsicott|Protect|p1a: Whimsicott\n|-singleturn|p1a: Whimsicott|Protect\n|move|p2b: Garchomp|Poison Jab|p1a: Whimsicott\n|-activate|p1a: Whimsicott|move: Protect\n|move|p2a: Gyarados|Waterfall|p1b: Mudsdale\n|-supereffective|p1b: Mudsdale|1\n|-damage|p1b: Mudsdale|1/100 brn\n|-ability|p1b: Mudsdale|Stamina|boost\n|-boost|p1b: Mudsdale|def|1\n|\n|-heal|p1b: Mudsdale|7/100 brn|[from] item: Leftovers\n|-damage|p1a: Whimsicott|83/100 brn|[from] brn\n|-damage|p1b: Mudsdale|1/100 brn|[from] brn\n|-sideend|p2: Mr.X&Y97|move: Tailwind\n|upkeep\n|turn|12\n|inactive|Roberfly has 30 seconds left.\n|-message|Roberfly forfeited.\n|\n|win|Mr.X&Y97\n|raw|Roberfly's rating: 1223 &rarr; <strong>1198</strong><br />(-25 for losing)\n|raw|Mr.X&amp;Y97's rating: 1226 &rarr; <strong>1251</strong><br />(+25 for winning)\n|l|\u2606Roberfly\n|player|p1|\n",
  "uploadtime": 1776441656,
  "views": 20,
  "formatid": "gen9championsvgc2026regma",
  "rating": 1198,
  "private": 0,
  "password": null
}