{
  "id": "gen9championsvgc2026regma-2582099777",
  "format": "[Gen 9 Champions] VGC 2026 Reg M-A",
  "players": [
    "Marcus95",
    "Skillmiester"
  ],
  "log": "|j|\u2606Marcus95\n|j|\u2606Skillmiester\n|t:|1776057816\n|gametype|doubles\n|player|p1|Marcus95|2|1000\n|player|p2|Skillmiester|102|1000\n|gen|9\n|tier|[Gen 9 Champions] VGC 2026 Reg M-A\n|rated|\n|rule|Species Clause: Limit one of each Pok\u00e9mon\n|rule|Item Clause: Limit 1 of each item\n|clearpoke\n|poke|p1|Clefable, L50, F|\n|poke|p1|Kingambit, L50, M|\n|poke|p1|Sneasler, L50, M|\n|poke|p1|Dragonite, L50, M|\n|poke|p1|Delphox, L50, M|\n|poke|p1|Basculegion, L50, M|\n|poke|p2|Altaria, L50, F|\n|poke|p2|Incineroar, L50, F|\n|poke|p2|Flapple, L50, F|\n|poke|p2|Meowstic, L50, M|\n|poke|p2|Lopunny, L50, M|\n|poke|p2|Kingambit, L50, F|\n|teampreview|4\n|inactive|Battle timer is ON: inactive players will automatically lose when time's up. (requested by Skillmiester)\n|inactive|Marcus95 has 60 seconds left.\n|\n|t:|1776057856\n|teamsize|p1|4\n|teamsize|p2|4\n|start\n|switch|p1a: Clefable|Clefable, L50, F|100/100\n|switch|p1b: Delphox|Delphox, L50, M|100/100\n|switch|p2a: Flapple|Flapple, L50, F|100/100\n|switch|p2b: Meowstic|Meowstic, L50, M|100/100\n|turn|1\n|inactive|Skillmiester has 30 seconds left.\n|inactive|Skillmiester has 20 seconds left.\n|\n|t:|1776057892\n|detailschange|p1b: Delphox|Delphox-Mega, L50, M\n|-mega|p1b: Delphox|Delphox|Delphoxite\n|move|p1a: Clefable|Helping Hand|p1b: Delphox\n|-singleturn|p1b: Delphox|Helping Hand|[of] p1a: Clefable\n|move|p1b: Delphox|Heat Wave|p2b: Meowstic|[spread] p2b\n|-miss|p1b: Delphox|p2a: Flapple\n|-damage|p2b: Meowstic|25/100\n|-status|p2b: Meowstic|brn\n|move|p2b: Meowstic|Gravity|p2b: Meowstic\n|-fieldstart|move: Gravity\n|move|p2a: Flapple|Dual Wingbeat|p1b: Delphox\n|-damage|p1b: Delphox|70/100\n|-damage|p1b: Delphox|39/100\n|-hitcount|p1b: Delphox|2\n|\n|-damage|p2b: Meowstic|19/100 brn|[from] brn\n|upkeep\n|turn|2\n|inactive|Marcus95 has 30 seconds left.\n|inactive|Skillmiester has 30 seconds left.\n|\n|t:|1776057922\n|switch|p1b: Dragonite|Dragonite, L50, M|100/100\n|move|p2a: Flapple|Protect|p2a: Flapple\n|-singleturn|p2a: Flapple|Protect\n|move|p2b: Meowstic|Psychic|p1b: Dragonite\n|-damage|p1b: Dragonite|84/100\n|move|p1a: Clefable|Moonblast|p2a: Flapple\n|-activate|p2a: Flapple|move: Protect\n|\n|-damage|p2b: Meowstic|13/100 brn|[from] brn\n|upkeep\n|turn|3\n|\n|t:|1776057941\n|move|p1b: Dragonite|Extreme Speed|p2b: Meowstic\n|-damage|p2b: Meowstic|0 fnt\n|faint|p2b: Meowstic\n|move|p2a: Flapple|Dragon Rush|p1b: Dragonite\n|-supereffective|p1b: Dragonite|1\n|-damage|p1b: Dragonite|0 fnt\n|faint|p1b: Dragonite\n|move|p1a: Clefable|Moonblast|p2a: Flapple\n|-supereffective|p2a: Flapple|1\n|-enditem|p2a: Flapple|Focus Sash\n|-damage|p2a: Flapple|1/100\n|\n|upkeep\n|\n|t:|1776057955\n|switch|p2b: Lopunny|Lopunny, L50, M|100/100\n|switch|p1b: Delphox|Delphox-Mega, L50, M|39/100\n|turn|4\n|\n|t:|1776057978\n|switch|p1a: Sneasler|Sneasler, L50, M|100/100\n|detailschange|p2b: Lopunny|Lopunny-Mega, L50, M\n|-mega|p2b: Lopunny|Lopunny|Lopunnite\n|move|p1b: Delphox|Heat Wave|p2b: Lopunny|[spread] p2a,p2b\n|-damage|p2a: Flapple|0 fnt\n|-damage|p2b: Lopunny|41/100\n|faint|p2a: Flapple\n|move|p2b: Lopunny|Mega Kick|p1b: Delphox\n|-damage|p1b: Delphox|0 fnt\n|faint|p1b: Delphox\n|\n|upkeep\n|\n|t:|1776057992\n|switch|p1b: Clefable|Clefable, L50, F|100/100\n|switch|p2a: Kingambit|Kingambit, L50, F|100/100\n|-activate|p2a: Kingambit|ability: Supreme Overlord\n|-start|p2a: Kingambit|fallen2|[silent]\n|turn|5\n|inactive|Skillmiester has 30 seconds left.\n|\n|t:|1776058025\n|move|p1a: Sneasler|Fake Out|p2a: Kingambit\n|-resisted|p2a: Kingambit|1\n|-damage|p2a: Kingambit|94/100\n|move|p2b: Lopunny|Mega Kick|p1a: Sneasler\n|-enditem|p1a: Sneasler|Focus Sash\n|-damage|p1a: Sneasler|1/100\n|move|p1b: Clefable|Moonblast|p2b: Lopunny\n|-supereffective|p2b: Lopunny|1\n|-damage|p2b: Lopunny|0 fnt\n|faint|p2b: Lopunny\n|cant|p2a: Kingambit|flinch\n|\n|-heal|p2a: Kingambit|100/100|[from] item: Leftovers\n|-fieldend|move: Gravity\n|upkeep\n|turn|6\n|inactive|Marcus95 has 30 seconds left.\n|\n|t:|1776058052\n|move|p1b: Clefable|Follow Me|p1b: Clefable\n|-singleturn|p1b: Clefable|move: Follow Me\n|move|p2a: Kingambit|Sucker Punch||[still]\n|-fail|p2a: Kingambit\n|move|p1a: Sneasler|Close Combat|p2a: Kingambit\n|-supereffective|p2a: Kingambit|2\n|-damage|p2a: Kingambit|0 fnt\n|-unboost|p1a: Sneasler|def|1\n|-unboost|p1a: Sneasler|spd|1\n|faint|p2a: Kingambit\n|-end|p2a: Kingambit|fallen2|[silent]\n|\n|win|Marcus95\n|raw|Marcus95's rating: 1000 &rarr; <strong>1040</strong><br />(+40 for winning)\n|raw|Skillmiester's rating: 1000 &rarr; <strong>1000</strong><br />(+0 for losing)\n|l|\u2606Skillmiester\n|player|p2|\n",
  "uploadtime": 1776058063,
  "views": 12,
  "formatid": "gen9championsvgc2026regma",
  "rating": 1000,
  "private": 0,
  "password": null
}