{
  "id": "gen9championsvgc2026regma-2583765655",
  "format": "[Gen 9 Champions] VGC 2026 Reg M-A",
  "players": [
    "ryanline97",
    "mynameisshazam"
  ],
  "log": "|j|\u2606ryanline97\n|j|\u2606mynameisshazam\n|t:|1776196217\n|gametype|doubles\n|player|p1|ryanline97|1|1097\n|player|p2|mynameisshazam|266|1159\n|gen|9\n|tier|[Gen 9 Champions] VGC 2026 Reg M-A\n|rated|\n|rule|Species Clause: Limit one of each Pok\u00e9mon\n|rule|Item Clause: Limit 1 of each item\n|clearpoke\n|poke|p1|Charizard, L50, F|\n|poke|p1|Venusaur, L50, F|\n|poke|p1|Garchomp, L50, F|\n|poke|p1|Incineroar, L50, M|\n|poke|p1|Sneasler, L50, F|\n|poke|p1|Rotom-Wash, L50|\n|poke|p2|Raichu, L50, M|\n|poke|p2|Basculegion, L50, M|\n|poke|p2|Pelipper, L50, M|\n|poke|p2|Sinistcha, L50|\n|poke|p2|Archaludon, L50, F|\n|poke|p2|Weavile, L50, M|\n|teampreview|4\n|inactive|Battle timer is ON: inactive players will automatically lose when time's up. (requested by ryanline97)\n|inactive|ryanline97 has 60 seconds left.\n|inactive|mynameisshazam has 60 seconds left.\n|\n|t:|1776196267\n|teamsize|p1|4\n|teamsize|p2|4\n|start\n|switch|p1a: Rotom|Rotom-Wash, L50|100/100\n|switch|p1b: Incineroar|Incineroar, L50, M|100/100\n|switch|p2a: Raichu|Raichu, L50, M|100/100\n|switch|p2b: Basculegion|Basculegion, L50, M|100/100\n|-ability|p1b: Incineroar|Intimidate|boost\n|-unboost|p2a: Raichu|atk|1\n|-unboost|p2b: Basculegion|atk|1\n|turn|1\n|inactive|ryanline97 has 30 seconds left.\n|inactive|mynameisshazam has 30 seconds left.\n|inactive|ryanline97 has 20 seconds left.\n|\n|t:|1776196306\n|move|p2a: Raichu|Fake Out|p1b: Incineroar\n|-damage|p1b: Incineroar|95/100\n|cant|p1b: Incineroar|flinch\n|move|p2b: Basculegion|Flip Turn|p1b: Incineroar\n|-supereffective|p1b: Incineroar|1\n|-damage|p1b: Incineroar|46/100\n|-enditem|p1b: Incineroar|Sitrus Berry|[eat]\n|-heal|p1b: Incineroar|70/100|[from] item: Sitrus Berry\n|\n|t:|1776196314\n|switch|p2b: Pelipper|Pelipper, L50, M|100/100|[from] Flip Turn\n|-weather|RainDance|[from] ability: Drizzle|[of] p2b: Pelipper\n|move|p1a: Rotom|Will-O-Wisp|p2b: Pelipper\n|-status|p2b: Pelipper|brn\n|\n|-weather|RainDance|[upkeep]\n|-damage|p2b: Pelipper|95/100 brn|[from] brn\n|upkeep\n|turn|2\n|\n|t:|1776196330\n|move|p2a: Raichu|Volt Switch|p1b: Incineroar\n|-damage|p1b: Incineroar|50/100\n|\n|t:|1776196334\n|switch|p2a: Basculegion|Basculegion, L50, M|100/100|[from] Volt Switch\n|move|p2b: Pelipper|Tailwind|p2b: Pelipper\n|-sidestart|p2: mynameisshazam|move: Tailwind\n|move|p1a: Rotom|Hydro Pump|p2a: Basculegion\n|-resisted|p2a: Basculegion|1\n|-damage|p2a: Basculegion|56/100\n|move|p1b: Incineroar|Darkest Lariat|p2a: Basculegion\n|-supereffective|p2a: Basculegion|1\n|-damage|p2a: Basculegion|0 fnt\n|faint|p2a: Basculegion\n|\n|-weather|RainDance|[upkeep]\n|-damage|p2b: Pelipper|89/100 brn|[from] brn\n|upkeep\n|\n|t:|1776196342\n|switch|p2a: Archaludon|Archaludon, L50, F|100/100\n|turn|3\n|\n|t:|1776196353\n|move|p2b: Pelipper|Protect|p2b: Pelipper\n|-singleturn|p2b: Pelipper|Protect\n|move|p2a: Archaludon|Electro Shot||[still]\n|-prepare|p2a: Archaludon|Electro Shot\n|-boost|p2a: Archaludon|spa|1\n|-anim|p2a: Archaludon|Electro Shot|p1b: Incineroar\n|-damage|p1b: Incineroar|0 fnt\n|faint|p1b: Incineroar\n|move|p1a: Rotom|Thunderbolt|p2b: Pelipper\n|-activate|p2b: Pelipper|move: Protect\n|\n|-weather|RainDance|[upkeep]\n|-damage|p2b: Pelipper|83/100 brn|[from] brn\n|upkeep\n|\n|t:|1776196365\n|switch|p1b: Charizard|Charizard, L50, F|100/100\n|turn|4\n|\n|t:|1776196379\n|switch|p2b: Raichu|Raichu, L50, M|100/100\n|detailschange|p1b: Charizard|Charizard-Mega-Y, L50, F\n|-mega|p1b: Charizard|Charizard|Charizardite Y\n|-weather|SunnyDay|[from] ability: Drought|[of] p1b: Charizard\n|move|p2a: Archaludon|Dragon Pulse|p1a: Rotom\n|-damage|p1a: Rotom|28/100\n|move|p1b: Charizard|Heat Wave|p2a: Archaludon|[spread] p2a,p2b\n|-damage|p2a: Archaludon|35/100\n|-damage|p2b: Raichu|23/100\n|-ability|p2a: Archaludon|Stamina|boost\n|-boost|p2a: Archaludon|def|1\n|move|p1a: Rotom|Thunderbolt|p2b: Raichu\n|-ability|p2b: Raichu|Lightning Rod|boost\n|-boost|p2b: Raichu|spa|1\n|\n|-weather|SunnyDay|[upkeep]\n|-heal|p2a: Archaludon|41/100|[from] item: Leftovers\n|-heal|p1a: Rotom|34/100|[from] item: Leftovers\n|upkeep\n|turn|5\n|\n|t:|1776196398\n|move|p1b: Charizard|Protect|p1b: Charizard\n|-singleturn|p1b: Charizard|Protect\n|move|p1a: Rotom|Protect|p1a: Rotom\n|-singleturn|p1a: Rotom|Protect\n|move|p2b: Raichu|Volt Switch|p1a: Rotom\n|-activate|p1a: Rotom|move: Protect\n|move|p2a: Archaludon|Electro Shot||[still]\n|-prepare|p2a: Archaludon|Electro Shot\n|-boost|p2a: Archaludon|spa|1\n|\n|-weather|SunnyDay|[upkeep]\n|-heal|p2a: Archaludon|47/100|[from] item: Leftovers\n|-heal|p1a: Rotom|39/100|[from] item: Leftovers\n|-sideend|p2: mynameisshazam|move: Tailwind\n|upkeep\n|turn|6\n|\n|t:|1776196418\n|move|p2b: Raichu|Volt Switch|p1a: Rotom\n|-damage|p1a: Rotom|5/100\n|\n|t:|1776196421\n|switch|p2b: Pelipper|Pelipper, L50, M|83/100 brn|[from] Volt Switch\n|-weather|RainDance|[from] ability: Drizzle|[of] p2b: Pelipper\n|move|p1b: Charizard|Focus Blast|p2a: Archaludon|[miss]\n|-miss|p1b: Charizard|p2a: Archaludon\n|move|p2a: Archaludon|Electro Shot|p1b: Charizard|[from] lockedmove\n|-supereffective|p1b: Charizard|1\n|-damage|p1b: Charizard|0 fnt\n|faint|p1b: Charizard\n|move|p1a: Rotom|Thunderbolt|p2b: Pelipper\n|-supereffective|p2b: Pelipper|2\n|-damage|p2b: Pelipper|0 fnt\n|faint|p2b: Pelipper\n|\n|-weather|RainDance|[upkeep]\n|-heal|p2a: Archaludon|53/100|[from] item: Leftovers\n|-heal|p1a: Rotom|11/100|[from] item: Leftovers\n|upkeep\n|\n|t:|1776196437\n|switch|p1b: Venusaur|Venusaur, L50, F|100/100\n|switch|p2b: Raichu|Raichu, L50, M|23/100\n|turn|7\n|\n|t:|1776196457\n|move|p1a: Rotom|Protect|p1a: Rotom\n|-singleturn|p1a: Rotom|Protect\n|move|p2b: Raichu|Fake Out|p1a: Rotom\n|-activate|p1a: Rotom|move: Protect\n|move|p1b: Venusaur|Sludge Bomb|p2b: Raichu\n|-damage|p2b: Raichu|0 fnt\n|faint|p2b: Raichu\n|move|p2a: Archaludon|Dragon Pulse|p1b: Venusaur\n|-damage|p1b: Venusaur|6/100\n|\n|-weather|RainDance|[upkeep]\n|-heal|p2a: Archaludon|59/100|[from] item: Leftovers\n|-heal|p1a: Rotom|16/100|[from] item: Leftovers\n|upkeep\n|turn|8\n|\n|t:|1776196473\n|move|p1b: Venusaur|Sleep Powder|p2a: Archaludon\n|-status|p2a: Archaludon|slp|[from] move: Sleep Powder\n|cant|p2a: Archaludon|slp\n|move|p1a: Rotom|Hydro Pump|p2a: Archaludon\n|-resisted|p2a: Archaludon|1\n|-damage|p2a: Archaludon|16/100 slp\n|-ability|p2a: Archaludon|Stamina|boost\n|-boost|p2a: Archaludon|def|1\n|\n|-weather|RainDance|[upkeep]\n|-heal|p2a: Archaludon|22/100 slp|[from] item: Leftovers\n|-heal|p1a: Rotom|22/100|[from] item: Leftovers\n|upkeep\n|turn|9\n|\n|t:|1776196497\n|move|p1b: Venusaur|Solar Beam||[still]\n|-prepare|p1b: Venusaur|Solar Beam\n|cant|p2a: Archaludon|slp\n|move|p1a: Rotom|Hydro Pump|p2a: Archaludon\n|-resisted|p2a: Archaludon|1\n|-crit|p2a: Archaludon\n|-damage|p2a: Archaludon|0 fnt\n|faint|p2a: Archaludon\n|\n|win|ryanline97\n|raw|ryanline97's rating: 1097 &rarr; <strong>1127</strong><br />(+30 for winning)\n|raw|mynameisshazam's rating: 1159 &rarr; <strong>1130</strong><br />(-29 for losing)\n|l|\u2606mynameisshazam\n|player|p2|\n|c|\u2606ryanline97|g wp\n",
  "uploadtime": 1776196512,
  "views": 20,
  "formatid": "gen9championsvgc2026regma",
  "rating": 1127,
  "private": 0,
  "password": null
}