{
  "id": "gen9championsvgc2026regma-2584855518",
  "format": "[Gen 9 Champions] VGC 2026 Reg M-A",
  "players": [
    "ratbreakdancing",
    "ProKameron Bot"
  ],
  "log": "|j|\u2606ratbreakdancing\n|j|\u2606ProKameron Bot\n|t:|1776288986\n|gametype|doubles\n|player|p1|ratbreakdancing|rocketgrunt|\n|player|p2|ProKameron Bot|sada-ai|\n|gen|9\n|tier|[Gen 9 Champions] VGC 2026 Reg M-A\n|rule|Species Clause: Limit one of each Pok\u00e9mon\n|rule|Item Clause: Limit 1 of each item\n|clearpoke\n|poke|p1|Skarmory, L50, M|\n|poke|p1|Tyranitar, L50, F|\n|poke|p1|Garchomp, L50, F|\n|poke|p1|Excadrill, L50, M|\n|poke|p1|Incineroar, L50, M|\n|poke|p1|Rotom-Wash, L50|\n|poke|p2|Charizard, L50, M|\n|poke|p2|Garchomp, L50, F|\n|poke|p2|Venusaur, L50, F|\n|poke|p2|Incineroar, L50, M|\n|poke|p2|Whimsicott, L50, M|\n|poke|p2|Sneasler, L50, M|\n|teampreview|4\n|c|\u2606ProKameron Bot|Please note: I am a bot, not a human. As per what the <<help>> room says (``/roomfaq bots``), bots are allowed to ladder & battle humans. If you find my dialogue annoying, use ``/ignore prokameronbot`` and you won't see any of my messages. Please do not open any help tickets, it wastes staff's time.\n|raw|<div class=\"broadcast-red\"><strong>Moderated chat was set to autoconfirmed!</strong><br />Only users of rank autoconfirmed and higher can talk.</div>\n|c|\u2606ProKameron Bot|Hello! My name is ProKameron Bot. And I am, of course, a bot. Good luck and have fun!\n|inactive|Battle timer is ON: inactive players will automatically lose when time's up. (requested by ProKameron Bot)\n|inactive|ratbreakdancing has 60 seconds left.\n|\n|t:|1776289022\n|teamsize|p1|4\n|teamsize|p2|4\n|start\n|switch|p1a: Incineroar|Incineroar, L50, M, shiny|100/100\n|switch|p1b: Skarmory|Skarmory, L50, M, shiny|100/100\n|switch|p2a: Garchomp|Garchomp, L50, F|100/100\n|switch|p2b: Whimsicott|Whimsicott, L50, M|100/100\n|-ability|p1a: Incineroar|Intimidate|boost\n|-unboost|p2a: Garchomp|atk|1\n|-unboost|p2b: Whimsicott|atk|1\n|turn|1\n|\n|t:|1776289033\n|detailschange|p1b: Skarmory|Skarmory-Mega, L50, M, shiny\n|-mega|p1b: Skarmory|Skarmory|Skarmorite\n|move|p1a: Incineroar|Fake Out|p2a: Garchomp\n|-damage|p2a: Garchomp|89/100\n|-damage|p1a: Incineroar|88/100|[from] ability: Rough Skin|[of] p2a: Garchomp\n|move|p2b: Whimsicott|Moonblast|p1a: Incineroar\n|-damage|p1a: Incineroar|49/100\n|cant|p2a: Garchomp|flinch\n|move|p1b: Skarmory|Iron Head|p2b: Whimsicott\n|-supereffective|p2b: Whimsicott|1\n|-enditem|p2b: Whimsicott|Focus Sash\n|-damage|p2b: Whimsicott|1/100\n|\n|upkeep\n|turn|2\n|\n|t:|1776289046\n|move|p1b: Skarmory|Protect|p1b: Skarmory\n|-singleturn|p1b: Skarmory|Protect\n|move|p2b: Whimsicott|Moonblast|p1a: Incineroar\n|-damage|p1a: Incineroar|9/100\n|move|p2a: Garchomp|Earthquake|p1b: Skarmory|[spread] p2b,p1a\n|-activate|p1b: Skarmory|move: Protect\n|-resisted|p2b: Whimsicott|1\n|-supereffective|p1a: Incineroar|1\n|-enditem|p1a: Incineroar|Shuca Berry|[eat]\n|-enditem|p1a: Incineroar|Shuca Berry|[weaken]\n|-damage|p2b: Whimsicott|0 fnt\n|-damage|p1a: Incineroar|0 fnt\n|faint|p2b: Whimsicott\n|faint|p1a: Incineroar\n|\n|upkeep\n|\n|t:|1776289059\n|switch|p2b: Charizard|Charizard, L50, M|100/100\n|switch|p1a: Tyranitar|Tyranitar, L50, F, shiny|100/100\n|-weather|Sandstorm|[from] ability: Sand Stream|[of] p1a: Tyranitar\n|turn|3\n|\n|t:|1776289069\n|switch|p1a: Excadrill|Excadrill, L50, M, shiny|100/100\n|detailschange|p2b: Charizard|Charizard-Mega-Y, L50, M\n|-mega|p2b: Charizard|Charizard|Charizardite Y\n|-weather|SunnyDay|[from] ability: Drought|[of] p2b: Charizard\n|move|p2a: Garchomp|Earthquake|p1a: Excadrill|[spread] p1a\n|-immune|p2b: Charizard\n|-immune|p1b: Skarmory\n|-supereffective|p1a: Excadrill|1\n|-damage|p1a: Excadrill|18/100\n|move|p2b: Charizard|Heat Wave|p1a: Excadrill|[spread] p1a,p1b\n|-supereffective|p1a: Excadrill|1\n|-crit|p1a: Excadrill\n|-supereffective|p1b: Skarmory|1\n|-damage|p1a: Excadrill|0 fnt\n|-damage|p1b: Skarmory|0 fnt\n|faint|p1a: Excadrill\n|faint|p1b: Skarmory\n|\n|-weather|SunnyDay|[upkeep]\n|upkeep\n|\n|t:|1776289085\n|switch|p1b: Tyranitar|Tyranitar, L50, F, shiny|100/100\n|-weather|Sandstorm|[from] ability: Sand Stream|[of] p1b: Tyranitar\n|turn|4\n|\n|t:|1776289090\n|move|p2a: Garchomp|Earthquake|p1b: Tyranitar|[spread] p1b\n|-immune|p2b: Charizard\n|-supereffective|p1b: Tyranitar|1\n|-damage|p1b: Tyranitar|59/100\n|move|p2b: Charizard|Air Slash|p1b: Tyranitar\n|-resisted|p1b: Tyranitar|1\n|-damage|p1b: Tyranitar|48/100\n|move|p1b: Tyranitar|Rock Slide|p2b: Charizard|[spread] p2a,p2b\n|-resisted|p2a: Garchomp|1\n|-supereffective|p2b: Charizard|2\n|-damage|p2a: Garchomp|77/100\n|-damage|p2b: Charizard|0 fnt\n|faint|p2b: Charizard\n|\n|-weather|Sandstorm|[upkeep]\n|upkeep\n|\n|t:|1776289090\n|switch|p2b: Venusaur|Venusaur, L50, F|100/100\n|turn|5\n|j| ziggy26\n|\n|t:|1776289102\n|move|p2a: Garchomp|Earthquake|p1b: Tyranitar|[spread] p2b,p1b\n|-supereffective|p1b: Tyranitar|1\n|-damage|p2b: Venusaur|60/100\n|-damage|p1b: Tyranitar|6/100\n|move|p2b: Venusaur|Sludge Bomb|p1b: Tyranitar\n|-resisted|p1b: Tyranitar|1\n|-damage|p1b: Tyranitar|0 fnt\n|faint|p1b: Tyranitar\n|\n|win|ProKameron Bot\n|c|\u2606ProKameron Bot|**Thanks for the match. Good game.**\n|l|\u2606ProKameron Bot\n|player|p2|\n|l|\u2606ratbreakdancing\n|player|p1|\n",
  "uploadtime": 1776289381,
  "views": 18,
  "formatid": "gen9championsvgc2026regma",
  "rating": null,
  "private": 0,
  "password": null
}