{
  "id": "gen9championsvgc2026regma-2588669212",
  "format": "[Gen 9 Champions] VGC 2026 Reg M-A",
  "players": [
    "henitusec",
    "arwisv"
  ],
  "log": "|j|\u2606henitusec\n|j|\u2606arwisv\n|t:|1776655797\n|gametype|doubles\n|player|p1|henitusec|steven-masters|1128\n|player|p2|arwisv|2|1058\n|gen|9\n|tier|[Gen 9 Champions] VGC 2026 Reg M-A\n|rated|\n|rule|Species Clause: Limit one of each Pok\u00e9mon\n|rule|Item Clause: Limit 1 of each item\n|clearpoke\n|poke|p1|Delphox, L50, M|\n|poke|p1|Basculegion, L50, M|\n|poke|p1|Clefable, L50, M|\n|poke|p1|Kingambit, L50, F|\n|poke|p1|Dragonite, L50, F|\n|poke|p1|Sneasler, L50, M|\n|poke|p2|Basculegion, L50, M, shiny|\n|poke|p2|Pelipper, L50, F|\n|poke|p2|Incineroar, L50, M|\n|poke|p2|Toxicroak, L50, F|\n|poke|p2|Golurk, L50, shiny|\n|poke|p2|Archaludon, L50, M|\n|teampreview|4\n|inactive|Battle timer is ON: inactive players will automatically lose when time's up. (requested by henitusec)\n|inactive|arwisv has 60 seconds left.\nhenitusec rejected open team sheets.\n|\n|t:|1776655834\n|teamsize|p1|4\n|teamsize|p2|4\n|start\n|switch|p1a: Delphox|Delphox, L50, M|100/100\n|switch|p1b: Sneasler|Sneasler, L50, M|100/100\n|switch|p2a: Pelipper|Pelipper, L50, F|100/100\n|switch|p2b: Incineroar|Incineroar, L50, M|100/100\n|-ability|p2b: Incineroar|Intimidate|boost\n|-unboost|p1a: Delphox|atk|1\n|-unboost|p1b: Sneasler|atk|1\n|-weather|RainDance|[from] ability: Drizzle|[of] p2a: Pelipper\n|turn|1\n|inactive|arwisv has 30 seconds left.\n|\n|t:|1776655864\n|detailschange|p1a: Delphox|Delphox-Mega, L50, M\n|-mega|p1a: Delphox|Delphox|Delphoxite\n|move|p1b: Sneasler|Fake Out|p2b: Incineroar\n|-damage|p2b: Incineroar|91/100\n|cant|p2b: Incineroar|flinch\n|move|p1a: Delphox|Substitute|p1a: Delphox\n|-start|p1a: Delphox|Substitute\n|-damage|p1a: Delphox|76/100\n|move|p2a: Pelipper|Tailwind|p2a: Pelipper\n|-sidestart|p2: arwisv|move: Tailwind\n|\n|-weather|RainDance|[upkeep]\n|upkeep\n|turn|2\n|\n|t:|1776655887\n|move|p2b: Incineroar|Parting Shot|p1b: Sneasler\n|-unboost|p1b: Sneasler|atk|1\n|-unboost|p1b: Sneasler|spa|1\n|\n|t:|1776655894\n|switch|p2b: Archaludon|Archaludon, L50, M|100/100|[from] Parting Shot\n|move|p2a: Pelipper|Weather Ball|p1a: Delphox\n|-supereffective|p1a: Delphox|1\n|-end|p1a: Delphox|Substitute\n|move|p1a: Delphox|Psychic|p2a: Pelipper\n|-damage|p2a: Pelipper|20/100\n|move|p1b: Sneasler|Close Combat|p2b: Archaludon\n|-supereffective|p2b: Archaludon|1\n|-damage|p2b: Archaludon|35/100\n|-unboost|p1b: Sneasler|def|1\n|-unboost|p1b: Sneasler|spd|1\n|-ability|p2b: Archaludon|Stamina|boost\n|-boost|p2b: Archaludon|def|1\n|\n|-weather|RainDance|[upkeep]\n|-heal|p2b: Archaludon|41/100|[from] item: Leftovers\n|upkeep\n|turn|3\n|inactive|arwisv has 30 seconds left.\n|\n|t:|1776655929\n|switch|p2a: Incineroar|Incineroar, L50, M|91/100\n|-ability|p2a: Incineroar|Intimidate|boost\n|-unboost|p1a: Delphox|atk|1\n|-unboost|p1b: Sneasler|atk|1\n|move|p2b: Archaludon|Protect|p2b: Archaludon\n|-singleturn|p2b: Archaludon|Protect\n|move|p1a: Delphox|Protect|p1a: Delphox\n|-singleturn|p1a: Delphox|Protect\n|move|p1b: Sneasler|Close Combat|p2b: Archaludon\n|-activate|p2b: Archaludon|move: Protect\n|\n|-weather|RainDance|[upkeep]\n|-heal|p2b: Archaludon|47/100|[from] item: Leftovers\n|upkeep\n|turn|4\n|inactive|arwisv has 30 seconds left.\n|\n|t:|1776655962\n|move|p1a: Delphox|Protect|p1a: Delphox\n|-singleturn|p1a: Delphox|Protect\n|move|p1b: Sneasler|Protect|p1b: Sneasler\n|-singleturn|p1b: Sneasler|Protect\n|move|p2a: Incineroar|Fake Out|p1a: Delphox\n|-activate|p1a: Delphox|move: Protect\n|move|p2b: Archaludon|Electro Shot||[still]\n|-prepare|p2b: Archaludon|Electro Shot\n|-boost|p2b: Archaludon|spa|1\n|-anim|p2b: Archaludon|Electro Shot|p1b: Sneasler\n|-activate|p1b: Sneasler|move: Protect\n|\n|-weather|RainDance|[upkeep]\n|-heal|p2b: Archaludon|53/100|[from] item: Leftovers\n|-sideend|p2: arwisv|move: Tailwind\n|upkeep\n|turn|5\n|\n|t:|1776655984\n|move|p1a: Delphox|Heat Wave|p2b: Archaludon|[spread] p2a,p2b\n|-resisted|p2a: Incineroar|1\n|-damage|p2a: Incineroar|81/100\n|-damage|p2b: Archaludon|20/100\n|-ability|p2b: Archaludon|Stamina|boost\n|-boost|p2b: Archaludon|def|1\n|move|p1b: Sneasler|Close Combat|p2b: Archaludon\n|-supereffective|p2b: Archaludon|1\n|-damage|p2b: Archaludon|0 fnt\n|-unboost|p1b: Sneasler|def|1\n|-unboost|p1b: Sneasler|spd|1\n|faint|p2b: Archaludon\n|move|p2a: Incineroar|Flare Blitz|p1b: Sneasler\n|-damage|p1b: Sneasler|23/100\n|-damage|p2a: Incineroar|58/100|[from] Recoil\n|\n|-weather|none\n|upkeep\n|\n|t:|1776656000\n|switch|p2b: Golurk|Golurk, L50, shiny|100/100\n|turn|6\n|\n|t:|1776656018\n|detailschange|p2b: Golurk|Golurk-Mega, L50, shiny\n|-mega|p2b: Golurk|Golurk|Golurkite\n|move|p2a: Incineroar|Protect|p2a: Incineroar\n|-singleturn|p2a: Incineroar|Protect\n|move|p1a: Delphox|Substitute|p1a: Delphox\n|-start|p1a: Delphox|Substitute\n|-damage|p1a: Delphox|51/100\n|move|p1b: Sneasler|Close Combat|p2a: Incineroar\n|-activate|p2a: Incineroar|move: Protect\n|move|p2b: Golurk|Iron Defense|p2b: Golurk\n|-boost|p2b: Golurk|def|2\n|\n|upkeep\n|turn|7\n|inactive|arwisv has 30 seconds left.\n|\n|t:|1776656044\n|move|p1a: Delphox|Heat Wave|p2a: Incineroar|[spread] p2a,p2b\n|-resisted|p2a: Incineroar|1\n|-damage|p2a: Incineroar|36/100\n|-damage|p2b: Golurk|67/100\n|-status|p2b: Golurk|brn\n|-enditem|p2a: Incineroar|Sitrus Berry|[eat]\n|-heal|p2a: Incineroar|61/100|[from] item: Sitrus Berry\n|move|p1b: Sneasler|Dire Claw|p2b: Golurk\n|-resisted|p2b: Golurk|2\n|-damage|p2b: Golurk|65/100 brn\n|move|p2a: Incineroar|Flare Blitz|p1b: Sneasler\n|-crit|p1b: Sneasler\n|-damage|p1b: Sneasler|0 fnt\n|faint|p1b: Sneasler\n|-damage|p2a: Incineroar|54/100|[from] Recoil\n|move|p2b: Golurk|Knock Off|p1a: Delphox\n|-supereffective|p1a: Delphox|1\n|-end|p1a: Delphox|Substitute\n|\n|-damage|p2b: Golurk|59/100 brn|[from] brn\n|upkeep\n|\n|t:|1776656065\n|switch|p1b: Basculegion|Basculegion, L50, M|100/100\n|turn|8\n|inactive|arwisv has 30 seconds left.\n|\n|t:|1776656094\n|move|p2a: Incineroar|Protect|p2a: Incineroar\n|-singleturn|p2a: Incineroar|Protect\n|move|p1a: Delphox|Psychic|p2b: Golurk\n|-damage|p2b: Golurk|15/100 brn\n|move|p1b: Basculegion|Flip Turn|p2a: Incineroar\n|-activate|p2a: Incineroar|move: Protect\n|move|p2b: Golurk|Knock Off|p1a: Delphox\n|-supereffective|p1a: Delphox|1\n|-damage|p1a: Delphox|14/100\n|\n|-damage|p2b: Golurk|8/100 brn|[from] brn\n|upkeep\n|turn|9\n|\n|t:|1776656116\n|move|p1a: Delphox|Protect|p1a: Delphox\n|-singleturn|p1a: Delphox|Protect\n|move|p2b: Golurk|Protect|p2b: Golurk\n|-singleturn|p2b: Golurk|Protect\n|move|p1b: Basculegion|Flip Turn|p2a: Incineroar\n|-supereffective|p2a: Incineroar|1\n|-damage|p2a: Incineroar|0 fnt\n|faint|p2a: Incineroar\n|\n|t:|1776656124\n|switch|p1b: Kingambit|Kingambit, L50, F|100/100|[from] Flip Turn\n|\n|-damage|p2b: Golurk|2/100 brn|[from] brn\n|upkeep\n|\n|t:|1776656128\n|switch|p2a: Pelipper|Pelipper, L50, F|20/100\n|-weather|RainDance|[from] ability: Drizzle|[of] p2a: Pelipper\n|turn|10\n|\n|t:|1776656140\n|move|p1b: Kingambit|Sucker Punch|p2b: Golurk\n|-supereffective|p2b: Golurk|1\n|-damage|p2b: Golurk|0 fnt\n|faint|p2b: Golurk\n|move|p1a: Delphox|Psychic|p2a: Pelipper\n|-damage|p2a: Pelipper|0 fnt\n|faint|p2a: Pelipper\n|\n|win|henitusec\n|raw|henitusec's rating: 1128 &rarr; <strong>1148</strong><br />(+20 for winning)\n|raw|arwisv's rating: 1058 &rarr; <strong>1043</strong><br />(-15 for losing)\n",
  "uploadtime": 1776656143,
  "views": 4,
  "formatid": "gen9championsvgc2026regma",
  "rating": 1043,
  "private": 0,
  "password": null
}