{
  "id": "gen9championsvgc2026regma-2588301862",
  "format": "[Gen 9 Champions] VGC 2026 Reg M-A",
  "players": [
    "Phillis tk",
    "dawod"
  ],
  "log": "|j|\u2606Phillis tk\n|j|\u2606dawod\n|t:|1776622332\n|gametype|doubles\n|player|p1|Phillis tk|101|1224\n|player|p2|dawod|crasherwake|1313\n|gen|9\n|tier|[Gen 9 Champions] VGC 2026 Reg M-A\n|rated|\n|rule|Species Clause: Limit one of each Pok\u00e9mon\n|rule|Item Clause: Limit 1 of each item\n|clearpoke\n|poke|p1|Espathra, L50, F|\n|poke|p1|Heracross, L50, M|\n|poke|p1|Rotom-Heat, L50|\n|poke|p1|Aerodactyl, L50, M|\n|poke|p1|Milotic, L50, F|\n|poke|p1|Venusaur, L50, F|\n|poke|p2|Scovillain, L50, M|\n|poke|p2|Incineroar, L50, M|\n|poke|p2|Farigiraf, L50, F|\n|poke|p2|Gallade, L50, M|\n|poke|p2|Kingambit, L50, M|\n|poke|p2|Pelipper, L50, M|\n|teampreview|4\n|inactive|Battle timer is ON: inactive players will automatically lose when time's up. (requested by Phillis tk)\n|\n|t:|1776622398\n|teamsize|p1|4\n|teamsize|p2|4\n|start\n|switch|p1a: Rotom|Rotom-Heat, L50|100/100\n|switch|p1b: Espathra|Espathra, L50, F|100/100\n|switch|p2a: Scovillain|Scovillain, L50, M|100/100\n|switch|p2b: Farigiraf|Farigiraf, L50, F|100/100\n|turn|1\n|inactive|Phillis tk has 30 seconds left.\n|\n|t:|1776622426\n|detailschange|p2a: Scovillain|Scovillain-Mega, L50, M\n|-mega|p2a: Scovillain|Scovillain|Scovillainite\n|move|p2a: Scovillain|Rage Powder|p2a: Scovillain\n|-singleturn|p2a: Scovillain|move: Rage Powder\n|move|p1a: Rotom|Overheat|p2a: Scovillain\n|-damage|p2a: Scovillain|42/100\n|-unboost|p1a: Rotom|spa|2\n|-immune|p1a: Rotom\n|move|p1b: Espathra|Calm Mind|p1b: Espathra\n|-boost|p1b: Espathra|spa|1\n|-boost|p1b: Espathra|spd|1\n|move|p2b: Farigiraf|Trick Room|p2b: Farigiraf\n|-fieldstart|move: Trick Room|[of] p2b: Farigiraf\n|\n|-ability|p1b: Espathra|Speed Boost|boost\n|-boost|p1b: Espathra|spe|1\n|upkeep\n|turn|2\n|inactive|Phillis tk has 30 seconds left.\n|\n|t:|1776622455\n|switch|p1a: Milotic|Milotic, L50, F|100/100\n|move|p2a: Scovillain|Rage Powder|p2a: Scovillain\n|-singleturn|p2a: Scovillain|move: Rage Powder\n|move|p2b: Farigiraf|Nasty Plot|p2b: Farigiraf\n|-boost|p2b: Farigiraf|spa|2\n|move|p1b: Espathra|Lumina Crash|p2a: Scovillain\n|-damage|p2a: Scovillain|0 fnt\n|-status|p1b: Espathra|brn|[from] ability: Spicy Spray|[of] p2a: Scovillain\n|faint|p2a: Scovillain\n|\n|-damage|p1b: Espathra|95/100 brn|[from] brn\n|-ability|p1b: Espathra|Speed Boost|boost\n|-boost|p1b: Espathra|spe|1\n|upkeep\n|\n|t:|1776622465\n|switch|p2a: Kingambit|Kingambit, L50, M|100/100\n|turn|3\n|\n|t:|1776622476\n|move|p2a: Kingambit|Kowtow Cleave|p1a: Milotic\n|-damage|p1a: Milotic|42/100\n|-enditem|p1a: Milotic|Sitrus Berry|[eat]\n|-heal|p1a: Milotic|67/100|[from] item: Sitrus Berry\n|move|p2b: Farigiraf|Hyper Voice|p1a: Milotic|[spread] p1a,p1b\n|-damage|p1a: Milotic|17/100\n|-damage|p1b: Espathra|28/100 brn\n|move|p1a: Milotic|Scald|p2a: Kingambit\n|-damage|p2a: Kingambit|71/100\n|move|p1b: Espathra|Baton Pass|p1b: Espathra\n|\n|t:|1776622493\n|switch|p1b: Rotom|Rotom-Heat, L50|100/100|[from] Baton Pass\n|\n|upkeep\n|turn|4\n|\n|t:|1776622508\n|switch|p1a: Espathra|Espathra, L50, F|28/100 brn\n|move|p2a: Kingambit|Kowtow Cleave|p1b: Rotom\n|-damage|p1b: Rotom|21/100\n|move|p2b: Farigiraf|Hyper Voice|p1a: Espathra|[spread] p1a,p1b\n|-damage|p1a: Espathra|0 fnt\n|-damage|p1b: Rotom|0 fnt\n|faint|p1a: Espathra\n|faint|p1b: Rotom\n|\n|upkeep\n|\n|t:|1776622516\n|switch|p1b: Heracross|Heracross, L50, M|100/100\n|switch|p1a: Milotic|Milotic, L50, F|17/100\n|turn|5\n|\n|t:|1776622540\n|detailschange|p1b: Heracross|Heracross-Mega, L50, M\n|-mega|p1b: Heracross|Heracross|Heracronite\n|move|p1a: Milotic|Protect|p1a: Milotic\n|-singleturn|p1a: Milotic|Protect\n|move|p1b: Heracross|Protect|p1b: Heracross\n|-singleturn|p1b: Heracross|Protect\n|move|p2a: Kingambit|Iron Head|p1b: Heracross\n|-activate|p1b: Heracross|move: Protect\n|move|p2b: Farigiraf|Hyper Voice|p1b: Heracross|[spread] \n|-activate|p1a: Milotic|move: Protect\n|-activate|p1b: Heracross|move: Protect\n|\n|-fieldend|move: Trick Room\n|upkeep\n|turn|6\n|inactive|Phillis tk has 30 seconds left.\n|inactive|dawod has 30 seconds left.\n|\n|t:|1776622569\n|move|p1b: Heracross|Close Combat|p2b: Farigiraf\n|-damage|p2b: Farigiraf|22/100\n|-unboost|p1b: Heracross|def|1\n|-unboost|p1b: Heracross|spd|1\n|-enditem|p2b: Farigiraf|Sitrus Berry|[eat]\n|-heal|p2b: Farigiraf|46/100|[from] item: Sitrus Berry\n|move|p1a: Milotic|Scald|p2a: Kingambit\n|-damage|p2a: Kingambit|43/100\n|move|p2a: Kingambit|Kowtow Cleave|p1a: Milotic\n|-damage|p1a: Milotic|0 fnt\n|faint|p1a: Milotic\n|move|p2b: Farigiraf|Trick Room|p2b: Farigiraf\n|-fieldstart|move: Trick Room|[of] p2b: Farigiraf\n|\n|upkeep\n|turn|7\n|inactive|dawod has 30 seconds left.\n|\n|t:|1776622596\n|move|p2a: Kingambit|Iron Head|p1b: Heracross\n|-damage|p1b: Heracross|33/100\n|move|p2b: Farigiraf|Psychic|p1b: Heracross\n|-supereffective|p1b: Heracross|1\n|-damage|p1b: Heracross|0 fnt\n|faint|p1b: Heracross\n|\n|win|dawod\n|raw|Phillis tk's rating: 1224 &rarr; <strong>1205</strong><br />(-19 for losing)\n|raw|dawod's rating: 1313 &rarr; <strong>1328</strong><br />(+15 for winning)\n|c|\u2606dawod|ggs\n|l|\u2606Phillis tk\n|player|p1|\n",
  "uploadtime": 1776622606,
  "views": 27,
  "formatid": "gen9championsvgc2026regma",
  "rating": 1205,
  "private": 0,
  "password": null
}