{
  "id": "gen9championsvgc2026regma-2581606561",
  "format": "[Gen 9 Champions] VGC 2026 Reg M-A",
  "players": [
    "NEONxTOKYO",
    "adadouze"
  ],
  "log": "|j|\u2606NEONxTOKYO\n|j|\u203dadadouze\n|t:|1776014631\n|gametype|doubles\n|player|p1|NEONxTOKYO|unknown|1113\n|player|p2|adadouze|169|1075\n|gen|9\n|tier|[Gen 9 Champions] VGC 2026 Reg M-A\n|rated|\n|rule|Species Clause: Limit one of each Pok\u00e9mon\n|rule|Item Clause: Limit 1 of each item\n|clearpoke\n|poke|p1|Garchomp, L50, F|\n|poke|p1|Tyranitar, L50, M|\n|poke|p1|Excadrill, L50, M|\n|poke|p1|Corviknight, L50, M|\n|poke|p1|Rotom-Wash, L50|\n|poke|p1|Archaludon, L50, F|\n|poke|p2|Tyranitar, L50, M|\n|poke|p2|Excadrill, L50, F|\n|poke|p2|Milotic, L50, F|\n|poke|p2|Corviknight, L50, F|\n|poke|p2|Incineroar, L50, F|\n|poke|p2|Greninja-*, L50, F|\n|teampreview|4\n|l|\u2606NEONxTOKYO\n|player|p1|\n|j|\u2606NEONxTOKYO\n|player|p1|NEONxTOKYO|unknown|\n|\n|t:|1776014694\n|teamsize|p1|4\n|teamsize|p2|4\n|start\n|switch|p1a: Tyranitar|Tyranitar, L50, M|100/100\n|switch|p1b: Excadrill|Excadrill, L50, M|100/100\n|switch|p2a: Incineroar|Incineroar, L50, F|100/100\n|switch|p2b: Corviknight|Corviknight, L50, F|100/100\n|-weather|Sandstorm|[from] ability: Sand Stream|[of] p1a: Tyranitar\n|-ability|p2a: Incineroar|Intimidate|boost\n|-unboost|p1a: Tyranitar|atk|1\n|-unboost|p1b: Excadrill|atk|1\n|turn|1\n|\n|t:|1776014718\n|switch|p1b: Rotom|Rotom-Wash, L50|100/100\n|detailschange|p1a: Tyranitar|Tyranitar-Mega, L50, M\n|-mega|p1a: Tyranitar|Tyranitar|Tyranitarite\n|move|p2a: Incineroar|Fake Out|p1a: Tyranitar\n|-resisted|p1a: Tyranitar|1\n|-damage|p1a: Tyranitar|98/100\n|cant|p1a: Tyranitar|flinch\n|move|p2b: Corviknight|Iron Defense|p2b: Corviknight\n|-boost|p2b: Corviknight|def|2\n|\n|-weather|Sandstorm|[upkeep]\n|-damage|p1b: Rotom|95/100|[from] Sandstorm\n|-damage|p2a: Incineroar|95/100|[from] Sandstorm\n|upkeep\n|turn|2\n|\n|t:|1776014738\n|move|p1b: Rotom|Will-O-Wisp|p2b: Corviknight\n|-status|p2b: Corviknight|brn\n|move|p1a: Tyranitar|Rock Slide|p2b: Corviknight|[spread] \n|-miss|p1a: Tyranitar|p2a: Incineroar\n|-miss|p1a: Tyranitar|p2b: Corviknight\n|move|p2b: Corviknight|Body Press|p1a: Tyranitar\n|-supereffective|p1a: Tyranitar|2\n|-damage|p1a: Tyranitar|44/100\n|move|p2a: Incineroar|Parting Shot|p1b: Rotom\n|-unboost|p1b: Rotom|atk|1\n|-unboost|p1b: Rotom|spa|1\n|\n|t:|1776014753\n|switch|p2a: Excadrill|Excadrill, L50, F|100/100|[from] Parting Shot\n|\n|-weather|Sandstorm|[upkeep]\n|-damage|p1b: Rotom|89/100|[from] Sandstorm\n|-damage|p2b: Corviknight|95/100 brn|[from] brn\n|upkeep\n|turn|3\n|\n|t:|1776014771\n|move|p2a: Excadrill|Rock Slide|p1a: Tyranitar|[spread] p1a,p1b\n|-damage|p1a: Tyranitar|30/100\n|-damage|p1b: Rotom|65/100\n|move|p1b: Rotom|Will-O-Wisp|p2a: Excadrill\n|-status|p2a: Excadrill|brn\n|cant|p1a: Tyranitar|flinch\n|move|p2b: Corviknight|Iron Defense|p2b: Corviknight\n|-boost|p2b: Corviknight|def|2\n|\n|-weather|Sandstorm|[upkeep]\n|-damage|p1b: Rotom|59/100|[from] Sandstorm\n|-heal|p2b: Corviknight|100/100 brn|[from] item: Leftovers\n|-damage|p2a: Excadrill|95/100 brn|[from] brn\n|-damage|p2b: Corviknight|95/100 brn|[from] brn\n|upkeep\n|turn|4\n|\n|t:|1776014789\n|move|p2a: Excadrill|Rock Slide|p1b: Rotom|[spread] p1b\n|-miss|p2a: Excadrill|p1a: Tyranitar\n|-damage|p1b: Rotom|48/100\n|-enditem|p1b: Rotom|Sitrus Berry|[eat]\n|-heal|p1b: Rotom|73/100|[from] item: Sitrus Berry\n|move|p1b: Rotom|Thunderbolt|p2b: Corviknight\n|-supereffective|p2b: Corviknight|1\n|-damage|p2b: Corviknight|39/100 brn\n|move|p1a: Tyranitar|Low Kick|p2a: Excadrill\n|-supereffective|p2a: Excadrill|1\n|-damage|p2a: Excadrill|37/100 brn\n|move|p2b: Corviknight|Body Press|p1a: Tyranitar\n|-supereffective|p1a: Tyranitar|2\n|-damage|p1a: Tyranitar|0 fnt\n|faint|p1a: Tyranitar\n|\n|-weather|Sandstorm|[upkeep]\n|-damage|p1b: Rotom|67/100|[from] Sandstorm\n|-heal|p2b: Corviknight|45/100 brn|[from] item: Leftovers\n|-damage|p2a: Excadrill|31/100 brn|[from] brn\n|-damage|p2b: Corviknight|39/100 brn|[from] brn\n|upkeep\n|\n|t:|1776014802\n|switch|p1a: Archaludon|Archaludon, L50, F|100/100\n|turn|5\n|\n|t:|1776014819\n|move|p2a: Excadrill|Rock Slide|p1a: Archaludon|[spread] p1a,p1b\n|-resisted|p1a: Archaludon|1\n|-damage|p1a: Archaludon|97/100\n|-damage|p1b: Rotom|57/100\n|-ability|p1a: Archaludon|Stamina|boost\n|-boost|p1a: Archaludon|def|1\n|cant|p1b: Rotom|flinch\n|move|p1a: Archaludon|Thunderbolt|p2b: Corviknight\n|-supereffective|p2b: Corviknight|1\n|-damage|p2b: Corviknight|0 fnt\n|faint|p2b: Corviknight\n|\n|-weather|none\n|-damage|p2a: Excadrill|25/100 brn|[from] brn\n|upkeep\n|-message|adadouze forfeited.\n|\n|win|NEONxTOKYO\n|raw|NEONxTOKYO's rating: 1113 &rarr; <strong>1135</strong><br />(+22 for winning)\n|raw|adadouze's rating: 1075 &rarr; <strong>1056</strong><br />(-19 for losing)\n",
  "uploadtime": 1776014830,
  "views": 19,
  "formatid": "gen9championsvgc2026regma",
  "rating": 1056,
  "private": 0,
  "password": null
}