{
  "id": "gen9championsvgc2026regma-2583678007",
  "format": "[Gen 9 Champions] VGC 2026 Reg M-A",
  "players": [
    "Leuloch",
    "Bertorium7"
  ],
  "log": "|j|\u2606Leuloch\n|j|\u2606Bertorium7\n|t:|1776190484\n|gametype|doubles\n|player|p1|Leuloch|266|1058\n|player|p2|Bertorium7|102|1144\n|gen|9\n|tier|[Gen 9 Champions] VGC 2026 Reg M-A\n|rated|\n|rule|Species Clause: Limit one of each Pok\u00e9mon\n|rule|Item Clause: Limit 1 of each item\n|clearpoke\n|poke|p1|Venusaur, L50, M|\n|poke|p1|Milotic, L50, F|\n|poke|p1|Dragonite, L50, M|\n|poke|p1|Weavile, L50, M|\n|poke|p1|Raichu-Alola, L50, M|\n|poke|p1|Hawlucha, L50, F|\n|poke|p2|Gourgeist-*, L50, M|\n|poke|p2|Gengar, L50, M|\n|poke|p2|Gyarados, L50, F|\n|poke|p2|Politoed, L50, F|\n|poke|p2|Sneasler, L50, M|\n|poke|p2|Kingambit, L50, M|\n|teampreview|4\n|inactive|Battle timer is ON: inactive players will automatically lose when time's up. (requested by Leuloch)\n|\n|t:|1776190504\n|teamsize|p1|4\n|teamsize|p2|4\n|start\n|switch|p1a: Venusaur|Venusaur, L50, M, shiny|100/100\n|switch|p1b: Milotic|Milotic, L50, F, shiny|100/100\n|switch|p2a: Gourgeist|Gourgeist, L50, M|100/100\n|switch|p2b: Gengar|Gengar, L50, M|100/100\n|-item|p1a: Venusaur|Venusaurite|[from] ability: Frisk|[of] p2a: Gourgeist\n|-item|p1b: Milotic|Wacan Berry|[from] ability: Frisk|[of] p2a: Gourgeist\n|turn|1\n|\n|t:|1776190521\n|detailschange|p2b: Gengar|Gengar-Mega, L50, M\n|-mega|p2b: Gengar|Gengar|Gengarite\n|detailschange|p1a: Venusaur|Venusaur-Mega, L50, M, shiny\n|-mega|p1a: Venusaur|Venusaur|Venusaurite\n|move|p2a: Gourgeist|Explosion|p1b: Milotic|[spread] p1a,p1b\n|-immune|p2b: Gengar\n|-damage|p1a: Venusaur|68/100\n|-damage|p1b: Milotic|58/100\n|faint|p2a: Gourgeist\n|move|p2b: Gengar|Sludge Wave|p1b: Milotic|[spread] p1a,p1b\n|-crit|p1a: Venusaur\n|-damage|p1a: Venusaur|8/100\n|-damage|p1b: Milotic|22/100\n|move|p1b: Milotic|Icy Wind|p2b: Gengar|[miss]\n|-miss|p1b: Milotic|p2b: Gengar\n|move|p1a: Venusaur|Sludge Bomb|p2b: Gengar\n|-resisted|p2b: Gengar|2\n|-damage|p2b: Gengar|84/100\n|\n|upkeep\n|\n|t:|1776190535\n|switch|p2a: Sneasler|Sneasler, L50, M|100/100\n|turn|2\n|\n|t:|1776190545\n|move|p1b: Milotic|Protect|p1b: Milotic\n|-singleturn|p1b: Milotic|Protect\n|move|p1a: Venusaur|Protect|p1a: Venusaur\n|-singleturn|p1a: Venusaur|Protect\n|move|p2a: Sneasler|Fake Out|p1a: Venusaur\n|-activate|p1a: Venusaur|move: Protect\n|move|p2b: Gengar|Shadow Ball|p1b: Milotic\n|-activate|p1b: Milotic|move: Protect\n|\n|upkeep\n|turn|3\n|\n|t:|1776190563\n|move|p2b: Gengar|Shadow Ball|p1b: Milotic\n|-crit|p1b: Milotic\n|-damage|p1b: Milotic|0 fnt\n|faint|p1b: Milotic\n|move|p2a: Sneasler|Rock Slide|p1a: Venusaur\n|-damage|p1a: Venusaur|0 fnt\n|faint|p1a: Venusaur\n|\n|upkeep\n|\n|t:|1776190568\n|switch|p1b: Hawlucha|Hawlucha, L50, F|100/100\n|switch|p1a: Weavile|Weavile, L50, M, shiny|100/100\n|-ability|p1a: Weavile|Pressure\n|turn|4\n|inactive|Leuloch has 30 seconds left.\n|\n|t:|1776190595\n|move|p1a: Weavile|Fake Out|p2a: Sneasler\n|-damage|p2a: Sneasler|77/100\n|move|p2b: Gengar|Perish Song|p2b: Gengar\n|-start|p1a: Weavile|perish3|[silent]\n|-start|p1b: Hawlucha|perish3|[silent]\n|-start|p2a: Sneasler|perish3|[silent]\n|-start|p2b: Gengar|perish3|[silent]\n|-fieldactivate|move: Perish Song\n|cant|p2a: Sneasler|flinch\n|move|p1b: Hawlucha|Close Combat|p2a: Sneasler\n|-resisted|p2a: Sneasler|1\n|-damage|p2a: Sneasler|30/100\n|-unboost|p1b: Hawlucha|def|1\n|-unboost|p1b: Hawlucha|spd|1\n|-enditem|p1b: Hawlucha|White Herb\n|-clearnegativeboost|p1b: Hawlucha|[silent]\n|\n|-start|p1b: Hawlucha|perish3\n|-start|p2b: Gengar|perish3\n|-start|p2a: Sneasler|perish3\n|-start|p1a: Weavile|perish3\n|upkeep\n|turn|5\n|\n|t:|1776190608\n|move|p2b: Gengar|Protect|p2b: Gengar\n|-singleturn|p2b: Gengar|Protect\n|move|p1b: Hawlucha|Acrobatics|p2a: Sneasler\n|-supereffective|p2a: Sneasler|1\n|-damage|p2a: Sneasler|0 fnt\n|faint|p2a: Sneasler\n|move|p1a: Weavile|Knock Off|p2b: Gengar\n|-activate|p2b: Gengar|move: Protect\n|\n|-start|p1b: Hawlucha|perish2\n|-start|p2b: Gengar|perish2\n|-start|p1a: Weavile|perish2\n|upkeep\n|\n|t:|1776190616\n|switch|p2a: Politoed|Politoed, L50, F|100/100\n|-weather|RainDance|[from] ability: Drizzle|[of] p2a: Politoed\n|turn|6\n|\n|t:|1776190624\n|move|p2a: Politoed|Protect|p2a: Politoed\n|-singleturn|p2a: Politoed|Protect\n|move|p1b: Hawlucha|Acrobatics|p2a: Politoed\n|-activate|p2a: Politoed|move: Protect\n|move|p2b: Gengar|Sludge Wave|p1a: Weavile|[spread] p1a,p1b\n|-activate|p2a: Politoed|move: Protect\n|-damage|p1a: Weavile|35/100\n|-damage|p1b: Hawlucha|28/100\n|move|p1a: Weavile|Knock Off|p2b: Gengar\n|-supereffective|p2b: Gengar|1\n|-damage|p2b: Gengar|0 fnt\n|faint|p2b: Gengar\n|\n|-weather|RainDance|[upkeep]\n|-start|p1b: Hawlucha|perish1\n|-start|p1a: Weavile|perish1\n|upkeep\n|turn|7\n|\n|t:|1776190644\n|move|p1b: Hawlucha|Acrobatics|p2a: Politoed\n|-damage|p2a: Politoed|55/100\n|move|p1a: Weavile|Knock Off|p2a: Politoed\n|-damage|p2a: Politoed|10/100\n|-enditem|p2a: Politoed|Sitrus Berry|[from] move: Knock Off|[of] p1a: Weavile\n|move|p2a: Politoed|Icy Wind|p1a: Weavile|[spread] p1a,p1b\n|-resisted|p1a: Weavile|1\n|-supereffective|p1b: Hawlucha|1\n|-damage|p1a: Weavile|28/100\n|-damage|p1b: Hawlucha|0 fnt\n|-unboost|p1a: Weavile|spe|1\n|faint|p1b: Hawlucha\n|\n|-weather|RainDance|[upkeep]\n|-start|p1a: Weavile|perish0\n|upkeep\n|faint|p1a: Weavile\n|\n|win|Bertorium7\n|raw|Leuloch's rating: 1058 &rarr; <strong>1044</strong><br />(-14 for losing)\n|raw|Bertorium7's rating: 1144 &rarr; <strong>1163</strong><br />(+19 for winning)\n|l|\u2606Leuloch\n|player|p1|\n",
  "uploadtime": 1776190661,
  "views": 20,
  "formatid": "gen9championsvgc2026regma",
  "rating": 1044,
  "private": 0,
  "password": null
}