{
  "id": "gen9championsvgc2026regma-2588546391",
  "format": "[Gen 9 Champions] VGC 2026 Reg M-A",
  "players": [
    "ArepadeChorizard",
    "carsenics"
  ],
  "log": "|j|\u2606ArepadeChorizard\n|j|\u203dcarsenics\n|t:|1776643653\n|gametype|doubles\n|player|p1|ArepadeChorizard|allister-unmasked|1137\n|player|p2|carsenics|265|1054\n|gen|9\n|tier|[Gen 9 Champions] VGC 2026 Reg M-A\n|rated|\n|rule|Species Clause: Limit one of each Pok\u00e9mon\n|rule|Item Clause: Limit 1 of each item\n|clearpoke\n|poke|p1|Dragonite, L50, M, shiny|\n|poke|p1|Sinistcha-Masterpiece, L50, shiny|\n|poke|p1|Pelipper, L50, F, shiny|\n|poke|p1|Drampa, L50, M, shiny|\n|poke|p1|Klefki, L50, M, shiny|\n|poke|p1|Conkeldurr, L50, M, shiny|\n|poke|p2|Starmie, L50, shiny|\n|poke|p2|Gardevoir, L50, M, shiny|\n|poke|p2|Garchomp, L50, M|\n|poke|p2|Tyranitar, L50, M, shiny|\n|poke|p2|Sneasler, L50, M|\n|poke|p2|Pelipper, L50, M|\n|teampreview|4\n|inactive|Battle timer is ON: inactive players will automatically lose when time's up. (requested by ArepadeChorizard)\nArepadeChorizard rejected open team sheets.\n|inactive|ArepadeChorizard has 60 seconds left.\n|\n|t:|1776643695\n|teamsize|p1|4\n|teamsize|p2|4\n|start\n|switch|p1a: Drampa|Drampa, L50, M, shiny|100/100\n|switch|p1b: Klefki|Klefki, L50, M, shiny|100/100\n|switch|p2a: Starmie|Starmie, L50, shiny|100/100\n|switch|p2b: Gardevoir|Gardevoir, L50, M, shiny|100/100\n|turn|1\n|inactive|carsenics has 30 seconds left.\n|\n|t:|1776643722\n|move|p2a: Starmie|Protect|p2a: Starmie\n|-singleturn|p2a: Starmie|Protect\n|move|p2b: Gardevoir|Protect|p2b: Gardevoir\n|-singleturn|p2b: Gardevoir|Protect\n|move|p1a: Drampa|Protect|p1a: Drampa\n|-singleturn|p1a: Drampa|Protect\n|move|p1b: Klefki|Trick Room|p1b: Klefki\n|-fieldstart|move: Trick Room|[of] p1b: Klefki\n|\n|upkeep\n|turn|2\n|inactive|carsenics has 30 seconds left.\n|inactive|ArepadeChorizard has 30 seconds left.\n|inactive|carsenics has 20 seconds left.\n|inactive|carsenics has 15 seconds left.\n|\n|t:|1776643763\n|detailschange|p1a: Drampa|Drampa-Mega, L50, M, shiny\n|-mega|p1a: Drampa|Drampa|Drampanite\n|move|p1a: Drampa|Hyper Voice|p2a: Starmie|[spread] p2a,p2b\n|-damage|p2a: Starmie|30/100\n|-damage|p2b: Gardevoir|54/100\n|move|p1b: Klefki|Dazzling Gleam|p2a: Starmie|[spread] p2a,p2b\n|-damage|p2a: Starmie|4/100\n|-damage|p2b: Gardevoir|33/100\n|move|p2b: Gardevoir|Misty Explosion|p1b: Klefki|[spread] p2a,p1a,p1b\n|-supereffective|p1a: Drampa|1\n|-resisted|p1b: Klefki|1\n|-damage|p2a: Starmie|0 fnt\n|-damage|p1a: Drampa|43/100\n|-damage|p1b: Klefki|81/100\n|faint|p2b: Gardevoir\n|faint|p2a: Starmie\n|-ability|p1a: Drampa|Berserk|boost\n|-boost|p1a: Drampa|spa|1\n|\n|upkeep\n|c|\u2606ArepadeChorizard|XD?\n|inactive|carsenics has 30 seconds left.\n|\n|t:|1776643789\n|switch|p2b: Garchomp|Garchomp, L50, M|100/100\n|switch|p2a: Tyranitar|Tyranitar, L50, M, shiny|100/100\n|-weather|Sandstorm|[from] ability: Sand Stream|[of] p2a: Tyranitar\n|turn|3\n|\n|t:|1776643805\n|move|p1b: Klefki|Rain Dance|p1b: Klefki\n|-weather|RainDance\n|move|p1a: Drampa|Dragon Pulse|p2b: Garchomp\n|-supereffective|p2b: Garchomp|1\n|-enditem|p2b: Garchomp|Focus Sash\n|-damage|p2b: Garchomp|1/100\n|move|p2a: Tyranitar|Dragon Dance|p2a: Tyranitar\n|-boost|p2a: Tyranitar|atk|1\n|-boost|p2a: Tyranitar|spe|1\n|move|p2b: Garchomp|Dragon Claw|p1a: Drampa\n|-supereffective|p1a: Drampa|1\n|-damage|p1a: Drampa|0 fnt\n|faint|p1a: Drampa\n|\n|-weather|RainDance|[upkeep]\n|upkeep\n|\n|t:|1776643814\n|switch|p1a: Conkeldurr|Conkeldurr, L50, M, shiny|100/100\n|turn|4\n|c|\u2606ArepadeChorizard|Gg?\n|\n|t:|1776643829\n|move|p2a: Tyranitar|Protect|p2a: Tyranitar\n|-singleturn|p2a: Tyranitar|Protect\n|move|p1a: Conkeldurr|Drain Punch|p2a: Tyranitar\n|-activate|p2a: Tyranitar|move: Protect\n|move|p1b: Klefki|Dazzling Gleam|p2a: Tyranitar|[spread] p2b\n|-activate|p2a: Tyranitar|move: Protect\n|-supereffective|p2b: Garchomp|1\n|-damage|p2b: Garchomp|0 fnt\n|faint|p2b: Garchomp\n|\n|-weather|RainDance|[upkeep]\n|upkeep\n|turn|5\n|-message|carsenics forfeited.\n|\n|win|ArepadeChorizard\n|raw|ArepadeChorizard's rating: 1137 &rarr; <strong>1156</strong><br />(+19 for winning)\n|raw|carsenics's rating: 1054 &rarr; <strong>1040</strong><br />(-14 for losing)\n|l|\u203dcarsenics\n|player|p2|\n|c|\u2606ArepadeChorizard|Gg\n",
  "uploadtime": 1776643843,
  "views": 9,
  "formatid": "gen9championsvgc2026regma",
  "rating": 1040,
  "private": 0,
  "password": null
}