{
  "id": "gen9championsvgc2026regma-2583396568",
  "format": "[Gen 9 Champions] VGC 2026 Reg M-A",
  "players": [
    "kaiSSTX",
    "giubeppo"
  ],
  "log": "|j|\u2606kaiSSTX\n|j|\u2606giubeppo\n|t:|1776172812\n|gametype|doubles\n|player|p1|kaiSSTX|hilbert|1294\n|player|p2|giubeppo|101|1226\n|gen|9\n|tier|[Gen 9 Champions] VGC 2026 Reg M-A\n|rated|\n|rule|Species Clause: Limit one of each Pok\u00e9mon\n|rule|Item Clause: Limit 1 of each item\n|clearpoke\n|poke|p1|Archaludon, L50, F|\n|poke|p1|Pelipper, L50, F|\n|poke|p1|Sneasler, L50, F|\n|poke|p1|Starmie, L50|\n|poke|p1|Sinistcha, L50|\n|poke|p1|Incineroar, L50, F|\n|poke|p2|Starmie, L50|\n|poke|p2|Pelipper, L50, F|\n|poke|p2|Archaludon, L50, M|\n|poke|p2|Sneasler, L50, M|\n|poke|p2|Sinistcha, L50|\n|poke|p2|Incineroar, L50, F|\n|teampreview|4\n|inactive|Battle timer is ON: inactive players will automatically lose when time's up. (requested by kaiSSTX)\n|inactive|kaiSSTX has 60 seconds left.\n|\n|t:|1776172864\n|teamsize|p1|4\n|teamsize|p2|4\n|start\n|switch|p1a: Incineroar|Incineroar, L50, F|100/100\n|switch|p1b: Sinistcha|Sinistcha, L50|100/100\n|switch|p2a: Archaludon|Archaludon, L50, M|100/100\n|switch|p2b: Sneasler|Sneasler, L50, M|100/100\n|-ability|p1a: Incineroar|Intimidate|boost\n|-unboost|p2a: Archaludon|atk|1\n|-unboost|p2b: Sneasler|atk|1\n|-enditem|p2b: Sneasler|White Herb\n|-clearnegativeboost|p2b: Sneasler|[silent]\n|turn|1\n|inactive|kaiSSTX has 30 seconds left.\n|inactive|giubeppo has 30 seconds left.\n|inactive|giubeppo has 20 seconds left.\n|inactive|giubeppo has 15 seconds left.\n|\n|t:|1776172908\n|move|p2b: Sneasler|Protect|p2b: Sneasler\n|-singleturn|p2b: Sneasler|Protect\n|move|p1b: Sinistcha|Rage Powder|p1b: Sinistcha\n|-singleturn|p1b: Sinistcha|move: Rage Powder\n|move|p2a: Archaludon|Electro Shot||[still]\n|-prepare|p2a: Archaludon|Electro Shot\n|-boost|p2a: Archaludon|spa|1\n|move|p1a: Incineroar|Will-O-Wisp|p2b: Sneasler\n|-activate|p2b: Sneasler|move: Protect\n|\n|upkeep\n|turn|2\n|\n|t:|1776172927\n|move|p2b: Sneasler|Dire Claw|p1b: Sinistcha\n|-damage|p1b: Sinistcha|68/100\n|-status|p1b: Sinistcha|par\n|move|p2a: Archaludon|Electro Shot|p1a: Incineroar|[from] lockedmove\n|-damage|p1a: Incineroar|45/100\n|-enditem|p1a: Incineroar|Sitrus Berry|[eat]\n|-heal|p1a: Incineroar|70/100|[from] item: Sitrus Berry\n|move|p1a: Incineroar|Will-O-Wisp|p2b: Sneasler\n|-status|p2b: Sneasler|brn\n|move|p1b: Sinistcha|Calm Mind|p1b: Sinistcha\n|-boost|p1b: Sinistcha|spa|1\n|-boost|p1b: Sinistcha|spd|1\n|\n|-damage|p2b: Sneasler|95/100 brn|[from] brn\n|upkeep\n|turn|3\n|inactive|kaiSSTX has 30 seconds left.\n|\n|t:|1776172956\n|move|p1b: Sinistcha|Protect|p1b: Sinistcha\n|-singleturn|p1b: Sinistcha|Protect\n|move|p2b: Sneasler|Dire Claw|p1a: Incineroar\n|-damage|p1a: Incineroar|53/100\n|move|p2a: Archaludon|Draco Meteor|p1b: Sinistcha\n|-activate|p1b: Sinistcha|move: Protect\n|move|p1a: Incineroar|Parting Shot|p2a: Archaludon\n|-unboost|p2a: Archaludon|atk|1\n|-unboost|p2a: Archaludon|spa|1\n|\n|t:|1776172969\n|switch|p1a: Archaludon|Archaludon, L50, F|100/100|[from] Parting Shot\n|\n|-damage|p2b: Sneasler|89/100 brn|[from] brn\n|upkeep\n|turn|4\n|\n|t:|1776172990\n|move|p1b: Sinistcha|Rage Powder|p1b: Sinistcha\n|-singleturn|p1b: Sinistcha|move: Rage Powder\n|move|p2b: Sneasler|Close Combat|p1b: Sinistcha\n|-immune|p1b: Sinistcha\n|move|p1a: Archaludon|Draco Meteor|p2a: Archaludon\n|-damage|p2a: Archaludon|37/100\n|-unboost|p1a: Archaludon|spa|2\n|-ability|p2a: Archaludon|Stamina|boost\n|-boost|p2a: Archaludon|def|1\n|move|p2a: Archaludon|Draco Meteor|p1b: Sinistcha\n|-damage|p1b: Sinistcha|24/100 par\n|-unboost|p2a: Archaludon|spa|2\n|\n|-heal|p2a: Archaludon|43/100|[from] item: Leftovers\n|-damage|p2b: Sneasler|83/100 brn|[from] brn\n|upkeep\n|turn|5\n|inactive|kaiSSTX has 30 seconds left.\n|\n|t:|1776173017\n|switch|p1a: Incineroar|Incineroar, L50, F|53/100\n|-ability|p1a: Incineroar|Intimidate|boost\n|-unboost|p2a: Archaludon|atk|1\n|-unboost|p2b: Sneasler|atk|1\n|switch|p2a: Sinistcha|Sinistcha, L50|100/100\n|-heal|p2b: Sneasler|100/100 brn|[from] ability: Hospitality|[of] p2a: Sinistcha\n|move|p2b: Sneasler|Dire Claw|p1b: Sinistcha\n|-damage|p1b: Sinistcha|12/100 par\n|move|p1b: Sinistcha|Matcha Gotcha|p2a: Sinistcha|[spread] p2a,p2b\n|-resisted|p2a: Sinistcha|1\n|-resisted|p2b: Sneasler|1\n|-damage|p2a: Sinistcha|78/100\n|-heal|p1b: Sinistcha|22/100 par|[from] drain|[of] p2a: Sinistcha\n|-damage|p2b: Sneasler|75/100 brn\n|-heal|p1b: Sinistcha|33/100 par|[from] drain|[of] p2b: Sneasler\n|\n|-damage|p2b: Sneasler|70/100 brn|[from] brn\n|upkeep\n|turn|6\n|inactive|kaiSSTX has 30 seconds left.\n|inactive|giubeppo has 30 seconds left.\n|\n|t:|1776173044\n|switch|p2b: Archaludon|Archaludon, L50, M|43/100\n|switch|p1b: Archaludon|Archaludon, L50, F|100/100\n|move|p1a: Incineroar|Darkest Lariat|p2a: Sinistcha\n|-supereffective|p2a: Sinistcha|1\n|-damage|p2a: Sinistcha|21/100\n|move|p2a: Sinistcha|Matcha Gotcha|p1b: Archaludon|[spread] p1a,p1b\n|-resisted|p1a: Incineroar|1\n|-resisted|p1b: Archaludon|2\n|-damage|p1a: Incineroar|43/100\n|-heal|p2a: Sinistcha|28/100|[from] drain|[of] p1a: Incineroar\n|-damage|p1b: Archaludon|94/100\n|-heal|p2a: Sinistcha|33/100|[from] drain|[of] p1b: Archaludon\n|\n|-heal|p1b: Archaludon|99/100|[from] item: Leftovers\n|-heal|p2b: Archaludon|49/100|[from] item: Leftovers\n|upkeep\n|turn|7\n|inactive|kaiSSTX has 30 seconds left.\n|inactive|giubeppo has 30 seconds left.\n|inactive|giubeppo has 20 seconds left.\n|\n|t:|1776173081\n|switch|p1b: Sinistcha|Sinistcha, L50|33/100 par\n|-heal|p1a: Incineroar|67/100|[from] ability: Hospitality|[of] p1b: Sinistcha\n|switch|p2a: Sneasler|Sneasler, L50, M|70/100 brn\n|move|p2b: Archaludon|Protect|p2b: Archaludon\n|-singleturn|p2b: Archaludon|Protect\n|move|p1a: Incineroar|Darkest Lariat|p2a: Sneasler\n|-resisted|p2a: Sneasler|1\n|-damage|p2a: Sneasler|40/100 brn\n|\n|-heal|p2b: Archaludon|55/100|[from] item: Leftovers\n|-damage|p2a: Sneasler|35/100 brn|[from] brn\n|upkeep\n|turn|8\n|\n|t:|1776173102\n|cant|p1b: Sinistcha|par\n|move|p2a: Sneasler|Fake Out|p1a: Incineroar\n|-crit|p1a: Incineroar\n|-damage|p1a: Incineroar|59/100\n|move|p2b: Archaludon|Draco Meteor|p1b: Sinistcha\n|-damage|p1b: Sinistcha|0 fnt\n|-unboost|p2b: Archaludon|spa|2\n|faint|p1b: Sinistcha\n|cant|p1a: Incineroar|flinch\n|\n|-heal|p2b: Archaludon|61/100|[from] item: Leftovers\n|-damage|p2a: Sneasler|29/100 brn|[from] brn\n|upkeep\n|\n|t:|1776173112\n|switch|p1b: Archaludon|Archaludon, L50, F|99/100\n|turn|9\n|\n|t:|1776173136\n|switch|p2b: Sinistcha|Sinistcha, L50|33/100\n|-heal|p2a: Sneasler|53/100 brn|[from] ability: Hospitality|[of] p2b: Sinistcha\n|move|p2a: Sneasler|Close Combat|p1a: Incineroar\n|-supereffective|p1a: Incineroar|1\n|-damage|p1a: Incineroar|9/100\n|-unboost|p2a: Sneasler|def|1\n|-unboost|p2a: Sneasler|spd|1\n|move|p1b: Archaludon|Aura Sphere|p2b: Sinistcha\n|-immune|p2b: Sinistcha\n|move|p1a: Incineroar|Darkest Lariat|p2b: Sinistcha\n|-supereffective|p2b: Sinistcha|1\n|-damage|p2b: Sinistcha|0 fnt\n|faint|p2b: Sinistcha\n|\n|-heal|p1b: Archaludon|100/100|[from] item: Leftovers\n|-damage|p2a: Sneasler|48/100 brn|[from] brn\n|upkeep\n|\n|t:|1776173150\n|switch|p2b: Starmie|Starmie, L50|100/100\n|turn|10\n|inactive|kaiSSTX has 30 seconds left.\n|\n|t:|1776173176\n|switch|p1a: Starmie|Starmie, L50|100/100\n|detailschange|p2b: Starmie|Starmie-Mega, L50\n|-mega|p2b: Starmie|Starmie|Starminite\n|move|p2b: Starmie|Liquidation|p1b: Archaludon\n|-resisted|p1b: Archaludon|1\n|-damage|p1b: Archaludon|76/100\n|move|p2a: Sneasler|Close Combat|p1a: Starmie\n|-resisted|p1a: Starmie|1\n|-damage|p1a: Starmie|80/100\n|-unboost|p2a: Sneasler|def|1\n|-unboost|p2a: Sneasler|spd|1\n|move|p1b: Archaludon|Aura Sphere|p2a: Sneasler\n|-resisted|p2a: Sneasler|1\n|-damage|p2a: Sneasler|11/100 brn\n|\n|-heal|p1b: Archaludon|82/100|[from] item: Leftovers\n|-damage|p2a: Sneasler|5/100 brn|[from] brn\n|upkeep\n|turn|11\n|inactive|kaiSSTX has 30 seconds left.\n|inactive|giubeppo has 30 seconds left.\n|inactive|kaiSSTX has 20 seconds left.\n|\n|t:|1776173215\n|move|p1a: Starmie|Protect|p1a: Starmie\n|-singleturn|p1a: Starmie|Protect\n|move|p1b: Archaludon|Protect|p1b: Archaludon\n|-singleturn|p1b: Archaludon|Protect\n|move|p2b: Starmie|Liquidation|p1a: Starmie\n|-activate|p1a: Starmie|move: Protect\n|move|p2a: Sneasler|Dire Claw|p1a: Starmie\n|-activate|p1a: Starmie|move: Protect\n|\n|-heal|p1b: Archaludon|88/100|[from] item: Leftovers\n|-damage|p2a: Sneasler|0 fnt|[from] brn\n|faint|p2a: Sneasler\n|upkeep\n|\n|t:|1776173217\n|switch|p2a: Archaludon|Archaludon, L50, M|61/100\n|turn|12\n|inactive|kaiSSTX has 30 seconds left.\n|\n|t:|1776173246\n|switch|p1a: Incineroar|Incineroar, L50, F|9/100\n|-ability|p1a: Incineroar|Intimidate|boost\n|-unboost|p2a: Archaludon|atk|1\n|-unboost|p2b: Starmie|atk|1\n|move|p2b: Starmie|Zen Headbutt|p1a: Incineroar\n|-immune|p1a: Incineroar\n|move|p1b: Archaludon|Draco Meteor|p2a: Archaludon\n|-damage|p2a: Archaludon|0 fnt\n|-unboost|p1b: Archaludon|spa|2\n|faint|p2a: Archaludon\n|\n|-heal|p1b: Archaludon|94/100|[from] item: Leftovers\n|upkeep\n|turn|13\n|-message|giubeppo forfeited.\n|\n|win|kaiSSTX\n|raw|kaiSSTX's rating: 1294 &rarr; <strong>1314</strong><br />(+20 for winning)\n|raw|giubeppo's rating: 1226 &rarr; <strong>1206</strong><br />(-20 for losing)\n|l|\u2606giubeppo\n|player|p2|\n",
  "uploadtime": 1776173271,
  "views": 36,
  "formatid": "gen9championsvgc2026regma",
  "rating": 1206,
  "private": 0,
  "password": null
}