{
  "id": "gen9championsvgc2026regma-2583063594",
  "format": "[Gen 9 Champions] VGC 2026 Reg M-A",
  "players": [
    "Jim's Esports",
    "sodarist"
  ],
  "log": "|j|\u2606Jim's Esports\n|j|\u2606sodarist\n|t:|1776138023\n|gametype|doubles\n|player|p1|Jim's Esports|zinnia|1040\n|player|p2|sodarist|steven|1103\n|gen|9\n|tier|[Gen 9 Champions] VGC 2026 Reg M-A\n|rated|\n|rule|Species Clause: Limit one of each Pok\u00e9mon\n|rule|Item Clause: Limit 1 of each item\n|clearpoke\n|poke|p1|Gardevoir, L50, F|\n|poke|p1|Incineroar, L50, F|\n|poke|p1|Sinistcha, L50|\n|poke|p1|Pelipper, L50, M|\n|poke|p1|Basculegion, L50, M|\n|poke|p1|Kangaskhan, L50, F|\n|poke|p2|Incineroar, L50, M|\n|poke|p2|Sneasler, L50, F|\n|poke|p2|Whimsicott, L50, M|\n|poke|p2|Kingambit, L50, F|\n|poke|p2|Milotic, L50, M|\n|poke|p2|Froslass, L50, F|\n|teampreview|4\n|\n|t:|1776138068\n|teamsize|p1|4\n|teamsize|p2|4\n|start\n|switch|p1a: Gardevoir|Gardevoir, L50, F|100/100\n|switch|p1b: Sinistcha|Sinistcha, L50|100/100\n|switch|p2a: Whimsicott|Whimsicott, L50, M|100/100\n|switch|p2b: Froslass|Froslass, L50, F|100/100\n|-ability|p1a: Gardevoir|Cursed Body|Trace|[from] ability: Trace|[of] p2b: Froslass\n|turn|1\n|\n|t:|1776138086\n|switch|p1b: Incineroar|Incineroar, L50, F|100/100\n|-ability|p1b: Incineroar|Intimidate|boost\n|-unboost|p2a: Whimsicott|atk|1\n|-unboost|p2b: Froslass|atk|1\n|detailschange|p2b: Froslass|Froslass-Mega, L50, F\n|-mega|p2b: Froslass|Froslass|Froslassite\n|-weather|Snowscape|[from] ability: Snow Warning|[of] p2b: Froslass\n|detailschange|p1a: Gardevoir|Gardevoir-Mega, L50, F\n|-mega|p1a: Gardevoir|Gardevoir|Gardevoirite\n|move|p2a: Whimsicott|Taunt|p1b: Incineroar\n|-hint|Since gen 7, Dark is immune to Prankster moves.\n|-immune|p1b: Incineroar\n|move|p2b: Froslass|Light Screen|p2b: Froslass\n|-sidestart|p2: sodarist|move: Light Screen\n|move|p1a: Gardevoir|Trick Room|p1a: Gardevoir\n|-fieldstart|move: Trick Room|[of] p1a: Gardevoir\n|\n|-weather|Snowscape|[upkeep]\n|upkeep\n|turn|2\n|\n|t:|1776138120\n|move|p2a: Whimsicott|Protect|p2a: Whimsicott\n|-singleturn|p2a: Whimsicott|Protect\n|move|p1b: Incineroar|Fake Out|p2a: Whimsicott\n|-activate|p2a: Whimsicott|move: Protect\n|move|p1a: Gardevoir|Hyper Voice|p2b: Froslass|[spread] p2b\n|-activate|p2a: Whimsicott|move: Protect\n|-damage|p2b: Froslass|66/100\n|move|p2b: Froslass|Shadow Ball|p1a: Gardevoir\n|-supereffective|p1a: Gardevoir|1\n|-damage|p1a: Gardevoir|27/100\n|-unboost|p1a: Gardevoir|spd|1\n|\n|-weather|Snowscape|[upkeep]\n|upkeep\n|turn|3\n|\n|t:|1776138140\n|switch|p1a: Sinistcha|Sinistcha, L50|100/100\n|switch|p2a: Incineroar|Incineroar, L50, M|100/100\n|-ability|p2a: Incineroar|Intimidate|boost\n|-unboost|p1a: Sinistcha|atk|1\n|-unboost|p1b: Incineroar|atk|1\n|move|p1b: Incineroar|Flare Blitz|p2b: Froslass\n|-supereffective|p2b: Froslass|1\n|-damage|p2b: Froslass|2/100\n|-damage|p1b: Incineroar|82/100|[from] Recoil\n|move|p2b: Froslass|Blizzard|p1b: Incineroar|[spread] p1a,p1b\n|-supereffective|p1a: Sinistcha|1\n|-resisted|p1b: Incineroar|1\n|-damage|p1a: Sinistcha|3/100\n|-damage|p1b: Incineroar|66/100\n|\n|-weather|Snowscape|[upkeep]\n|-heal|p1a: Sinistcha|9/100|[from] item: Leftovers\n|upkeep\n|turn|4\n|\n|t:|1776138168\n|switch|p2b: Whimsicott|Whimsicott, L50, M|100/100\n|move|p2a: Incineroar|Fake Out|p1b: Incineroar\n|-damage|p1b: Incineroar|56/100\n|cant|p1b: Incineroar|flinch\n|move|p1a: Sinistcha|Matcha Gotcha|p2a: Incineroar|[spread] p2a,p2b\n|-resisted|p2a: Incineroar|1\n|-resisted|p2b: Whimsicott|1\n|-damage|p2a: Incineroar|92/100\n|-heal|p1a: Sinistcha|14/100|[from] drain|[of] p2a: Incineroar\n|-damage|p2b: Whimsicott|89/100\n|-heal|p1a: Sinistcha|20/100|[from] drain|[of] p2b: Whimsicott\n|-status|p2b: Whimsicott|brn\n|\n|-weather|Snowscape|[upkeep]\n|-heal|p1a: Sinistcha|26/100|[from] item: Leftovers\n|-damage|p2b: Whimsicott|83/100 brn|[from] brn\n|upkeep\n|turn|5\n|\n|t:|1776138198\n|move|p2b: Whimsicott|Taunt|p1a: Sinistcha\n|-start|p1a: Sinistcha|move: Taunt\n|move|p1b: Incineroar|Parting Shot|p2a: Incineroar\n|-unboost|p2a: Incineroar|atk|1\n|-unboost|p2a: Incineroar|spa|1\n|\n|t:|1776138204\n|switch|p1b: Pelipper|Pelipper, L50, M|100/100|[from] Parting Shot\n|-weather|RainDance|[from] ability: Drizzle|[of] p1b: Pelipper\n|move|p1a: Sinistcha|Matcha Gotcha|p2b: Whimsicott|[spread] p2a\n|-miss|p1a: Sinistcha|p2b: Whimsicott\n|-resisted|p2a: Incineroar|1\n|-damage|p2a: Incineroar|84/100\n|-heal|p1a: Sinistcha|30/100|[from] drain|[of] p2a: Incineroar\n|move|p2a: Incineroar|Flare Blitz|p1a: Sinistcha\n|-supereffective|p1a: Sinistcha|1\n|-damage|p1a: Sinistcha|9/100\n|-damage|p2a: Incineroar|78/100|[from] Recoil\n|\n|-weather|RainDance|[upkeep]\n|-heal|p1a: Sinistcha|15/100|[from] item: Leftovers\n|-damage|p2b: Whimsicott|77/100 brn|[from] brn\n|-sideend|p2: sodarist|move: Light Screen\n|-fieldend|move: Trick Room\n|upkeep\n|turn|6\n|\n|t:|1776138247\n|switch|p1a: Incineroar|Incineroar, L50, F|56/100\n|-ability|p1a: Incineroar|Intimidate|boost\n|-unboost|p2a: Incineroar|atk|1\n|-unboost|p2b: Whimsicott|atk|1\n|move|p2b: Whimsicott|Taunt|p1b: Pelipper\n|-start|p1b: Pelipper|move: Taunt\n|move|p2a: Incineroar|Parting Shot|p1b: Pelipper\n|-unboost|p1b: Pelipper|atk|1\n|-unboost|p1b: Pelipper|spa|1\n|\n|t:|1776138260\n|switch|p2a: Milotic|Milotic, L50, M|100/100|[from] Parting Shot\n|move|p1b: Pelipper|Hurricane|p2b: Whimsicott\n|-supereffective|p2b: Whimsicott|1\n|-damage|p2b: Whimsicott|0 fnt\n|faint|p2b: Whimsicott\n|\n|-weather|RainDance|[upkeep]\n|upkeep\n|\n|t:|1776138270\n|switch|p2b: Incineroar|Incineroar, L50, M|78/100\n|-ability|p2b: Incineroar|Intimidate|boost\n|-unboost|p1a: Incineroar|atk|1\n|-unboost|p1b: Pelipper|atk|1\n|turn|7\n|\n|t:|1776138289\n|switch|p1a: Sinistcha|Sinistcha, L50|15/100\n|move|p2b: Incineroar|Fake Out|p1a: Sinistcha\n|-immune|p1a: Sinistcha\n|move|p2a: Milotic|Muddy Water|p1b: Pelipper|[spread] p1a,p1b\n|-resisted|p1a: Sinistcha|1\n|-resisted|p1b: Pelipper|1\n|-damage|p1a: Sinistcha|0 fnt\n|-damage|p1b: Pelipper|73/100\n|faint|p1a: Sinistcha\n|move|p1b: Pelipper|Weather Ball|p2b: Incineroar\n|-supereffective|p2b: Incineroar|1\n|-crit|p2b: Incineroar\n|-damage|p2b: Incineroar|0 fnt\n|faint|p2b: Incineroar\n|\n|-weather|RainDance|[upkeep]\n|upkeep\n|\n|t:|1776138303\n|switch|p2b: Froslass|Froslass-Mega, L50, F|2/100\n|switch|p1a: Gardevoir|Gardevoir-Mega, L50, F|27/100\n|-weather|Snowscape|[from] ability: Snow Warning|[of] p2b: Froslass\n|turn|8\n|\n|t:|1776138325\n|move|p1a: Gardevoir|Protect|p1a: Gardevoir\n|-singleturn|p1a: Gardevoir|Protect\n|move|p2b: Froslass|Blizzard|p1b: Pelipper|[spread] p1b\n|-activate|p1a: Gardevoir|move: Protect\n|-damage|p1b: Pelipper|0 fnt\n|faint|p1b: Pelipper\n|move|p2a: Milotic|Muddy Water|p1a: Gardevoir\n|-activate|p1a: Gardevoir|move: Protect\n|\n|-weather|Snowscape|[upkeep]\n|upkeep\n|\n|t:|1776138331\n|switch|p1b: Incineroar|Incineroar, L50, F|56/100\n|-ability|p1b: Incineroar|Intimidate|boost\n|-unboost|p2a: Milotic|atk|1\n|-ability|p2a: Milotic|Competitive|boost\n|-boost|p2a: Milotic|spa|2\n|-unboost|p2b: Froslass|atk|1\n|turn|9\n|\n|t:|1776138347\n|move|p1b: Incineroar|Fake Out|p2a: Milotic\n|-damage|p2a: Milotic|88/100\n|move|p2b: Froslass|Blizzard|p1b: Incineroar|[spread] p1a,p1b\n|-resisted|p1b: Incineroar|1\n|-damage|p1a: Gardevoir|0 fnt\n|-damage|p1b: Incineroar|41/100\n|-enditem|p1b: Incineroar|Sitrus Berry|[eat]\n|-heal|p1b: Incineroar|66/100|[from] item: Sitrus Berry\n|faint|p1a: Gardevoir\n|cant|p2a: Milotic|flinch\n|\n|-weather|Snowscape|[upkeep]\n|-heal|p2a: Milotic|94/100|[from] item: Leftovers\n|upkeep\n|turn|10\n|-message|Jim's Esports forfeited.\n|\n|win|sodarist\n|raw|Jim&apos;s Esports's rating: 1040 &rarr; <strong>1027</strong><br />(-13 for losing)\n|raw|sodarist's rating: 1103 &rarr; <strong>1124</strong><br />(+21 for winning)\n|c|\u2606Jim's Esports|ggwp\n|l|\u2606Jim's Esports\n|player|p1|\n",
  "uploadtime": 1776138354,
  "views": 16,
  "formatid": "gen9championsvgc2026regma",
  "rating": 1027,
  "private": 0,
  "password": null
}