{
  "id": "gen9championsvgc2026regma-2588512984",
  "format": "[Gen 9 Champions] VGC 2026 Reg M-A",
  "players": [
    "sdlt 2krl coolguy",
    "Cyclo98"
  ],
  "log": "|raw|<div class=\"broadcast-blue\"><strong>This battle is required to be public due to a player having a name starting with 'sdlt'.</div>\n|j|\u2606sdlt 2krl coolguy\n|j|\u2606Cyclo98\n|t:|1776640409\n|gametype|doubles\n|player|p1|sdlt 2krl coolguy|leon-masters2|1166\n|player|p2|Cyclo98|101|1128\n|gen|9\n|tier|[Gen 9 Champions] VGC 2026 Reg M-A\n|rated|\n|rule|Species Clause: Limit one of each Pok\u00e9mon\n|rule|Item Clause: Limit 1 of each item\n|clearpoke\n|poke|p1|Floette-Eternal, L50, F|\n|poke|p1|Incineroar, L50, F|\n|poke|p1|Sinistcha, L50|\n|poke|p1|Garchomp, L50, M|\n|poke|p1|Sneasler, L50, M|\n|poke|p1|Kingambit, L50, M|\n|poke|p2|Crabominable, L50, M|\n|poke|p2|Slowking, L50, F|\n|poke|p2|Tsareena, L50, F|\n|poke|p2|Mimikyu, L50, M|\n|poke|p2|Goodra-Hisui, L50, F|\n|poke|p2|Incineroar, L50, M|\n|teampreview|4\n|inactive|Battle timer is ON: inactive players will automatically lose when time's up. (requested by sdlt 2krl coolguy)\n|inactive|Cyclo98 has 60 seconds left.\n|inactive|Cyclo98 has 30 seconds left.\n|inactive|Cyclo98 has 20 seconds left.\n|\n|t:|1776640482\n|teamsize|p1|4\n|teamsize|p2|4\n|start\n|switch|p1a: Sinistcha|Sinistcha, L50|100/100\n|switch|p1b: Incineroar|Incineroar, L50, F|100/100\n|switch|p2a: Slowking|Slowking, L50, F|100/100\n|switch|p2b: Tsareena|Tsareena, L50, F|100/100\n|-ability|p1b: Incineroar|Intimidate|boost\n|-unboost|p2a: Slowking|atk|1\n|-unboost|p2b: Tsareena|atk|1\n|-enditem|p2b: Tsareena|White Herb\n|-clearnegativeboost|p2b: Tsareena|[silent]\n|turn|1\n|\n|t:|1776640506\n|move|p2b: Tsareena|Trop Kick|p1b: Incineroar\n|-resisted|p1b: Incineroar|1\n|-damage|p1b: Incineroar|84/100\n|-unboost|p1b: Incineroar|atk|1\n|move|p1a: Sinistcha|Matcha Gotcha|p2b: Tsareena|[spread] p2a,p2b\n|-supereffective|p2a: Slowking|1\n|-resisted|p2b: Tsareena|1\n|-damage|p2a: Slowking|62/100\n|-damage|p2b: Tsareena|86/100\n|-status|p2a: Slowking|brn\n|-status|p2b: Tsareena|brn\n|move|p1b: Incineroar|Darkest Lariat|p2a: Slowking\n|-supereffective|p2a: Slowking|1\n|-damage|p2a: Slowking|22/100 brn\n|move|p2a: Slowking|Trick Room|p2a: Slowking\n|-fieldstart|move: Trick Room|[of] p2a: Slowking\n|\n|-damage|p2a: Slowking|16/100 brn|[from] brn\n|-damage|p2b: Tsareena|80/100 brn|[from] brn\n|upkeep\n|turn|2\n|inactive|sdlt 2krl coolguy has 30 seconds left.\n|inactive|Cyclo98 has 30 seconds left.\n|inactive|Cyclo98 has 20 seconds left.\n|\n|t:|1776640542\n|move|p2b: Tsareena|Protect|p2b: Tsareena\n|-singleturn|p2b: Tsareena|Protect\n|-prepare|p2a: Slowking|Chilly Reception|[premajor]\n|move|p2a: Slowking|Chilly Reception|p2a: Slowking\n|-weather|Snowscape\n|\n|t:|1776640552\n|switch|p2a: Crabominable|Crabominable, L50, M|100/100|[from] Chilly Reception\n|move|p1b: Incineroar|Flare Blitz|p2b: Tsareena\n|-activate|p2b: Tsareena|move: Protect\n|move|p1a: Sinistcha|Matcha Gotcha|p2b: Tsareena|[spread] p2a\n|-activate|p2b: Tsareena|move: Protect\n|-damage|p2a: Crabominable|71/100\n|-status|p2a: Crabominable|brn\n|\n|-weather|Snowscape|[upkeep]\n|-damage|p2a: Crabominable|65/100 brn|[from] brn\n|-damage|p2b: Tsareena|74/100 brn|[from] brn\n|upkeep\n|turn|3\n|\n|t:|1776640573\n|detailschange|p2a: Crabominable|Crabominable-Mega, L50, M\n|-mega|p2a: Crabominable|Crabominable|Crabominite\n|move|p2a: Crabominable|Bulk Up|p2a: Crabominable\n|-boost|p2a: Crabominable|atk|1\n|-boost|p2a: Crabominable|def|1\n|move|p1b: Incineroar|Parting Shot|p2a: Crabominable\n|-unboost|p2a: Crabominable|atk|1\n|-unboost|p2a: Crabominable|spa|1\n|\n|t:|1776640584\n|switch|p1b: Floette|Floette-Eternal, L50, F|100/100|[from] Parting Shot\n|move|p1a: Sinistcha|Life Dew||[still]|[still]|[spread] \n|-fail|p1a: Sinistcha|heal\n|-fail|p1b: Floette|heal\n|move|p2b: Tsareena|Triple Axel|p1a: Sinistcha\n|-supereffective|p1a: Sinistcha|1\n|-damage|p1a: Sinistcha|94/100\n|-supereffective|p1a: Sinistcha|1\n|-damage|p1a: Sinistcha|83/100\n|-supereffective|p1a: Sinistcha|1\n|-crit|p1a: Sinistcha\n|-damage|p1a: Sinistcha|54/100\n|-hitcount|p1a: Sinistcha|3\n|\n|-weather|Snowscape|[upkeep]\n|-damage|p2a: Crabominable|59/100 brn|[from] brn\n|-damage|p2b: Tsareena|68/100 brn|[from] brn\n|upkeep\n|turn|4\n|inactive|Cyclo98 has 30 seconds left.\n|\n|t:|1776640615\n|switch|p1a: Incineroar|Incineroar, L50, F|84/100\n|-ability|p1a: Incineroar|Intimidate|boost\n|-unboost|p2a: Crabominable|atk|1\n|-unboost|p2b: Tsareena|atk|1\n|detailschange|p1b: Floette|Floette-Mega, L50, F\n|-mega|p1b: Floette|Floette|Floettite\n|-ability|p1b: Floette|Fairy Aura\n|move|p2a: Crabominable|Ice Hammer|p1b: Floette\n|-damage|p1b: Floette|78/100\n|-unboost|p2a: Crabominable|spe|1\n|move|p2b: Tsareena|Triple Axel|p1a: Incineroar\n|-resisted|p1a: Incineroar|1\n|-damage|p1a: Incineroar|83/100\n|-resisted|p1a: Incineroar|1\n|-damage|p1a: Incineroar|82/100\n|-hitcount|p1a: Incineroar|2\n|move|p1b: Floette|Dazzling Gleam|p2b: Tsareena|[spread] p2a,p2b\n|-supereffective|p2a: Crabominable|1\n|-damage|p2a: Crabominable|0 fnt\n|-damage|p2b: Tsareena|14/100 brn\n|faint|p2a: Crabominable\n|\n|-weather|Snowscape|[upkeep]\n|-damage|p2b: Tsareena|8/100 brn|[from] brn\n|upkeep\n|\n|t:|1776640640\n|switch|p2a: Goodra|Goodra-Hisui, L50, F|100/100\n|turn|5\n|\n|t:|1776640650\n|move|p2a: Goodra|Shelter|p2a: Goodra\n|-boost|p2a: Goodra|def|2\n|move|p1a: Incineroar|Parting Shot|p2a: Goodra\n|-unboost|p2a: Goodra|atk|1\n|-unboost|p2a: Goodra|spa|1\n|\n|t:|1776640654\n|switch|p1a: Sinistcha|Sinistcha, L50|54/100|[from] Parting Shot\n|-heal|p1b: Floette|100/100|[from] ability: Hospitality|[of] p1a: Sinistcha\n|move|p2b: Tsareena|Trop Kick|p1b: Floette\n|-crit|p1b: Floette\n|-damage|p1b: Floette|66/100\n|-unboost|p1b: Floette|atk|1\n|move|p1b: Floette|Dazzling Gleam|p2b: Tsareena|[spread] p2a,p2b\n|-damage|p2a: Goodra|67/100\n|-damage|p2b: Tsareena|0 fnt\n|faint|p2b: Tsareena\n|\n|-weather|Snowscape|[upkeep]\n|-heal|p2a: Goodra|73/100|[from] item: Leftovers\n|-fieldend|move: Trick Room\n|upkeep\n|\n|t:|1776640669\n|switch|p2b: Slowking|Slowking, L50, F|49/100 brn\n|turn|6\n|\n|t:|1776640694\n|move|p2a: Goodra|Protect|p2a: Goodra\n|-singleturn|p2a: Goodra|Protect\n|move|p1a: Sinistcha|Rage Powder|p1a: Sinistcha\n|-singleturn|p1a: Sinistcha|move: Rage Powder\n|move|p1b: Floette|Dazzling Gleam|p2b: Slowking|[spread] p2b\n|-activate|p2a: Goodra|move: Protect\n|-damage|p2b: Slowking|11/100 brn\n|move|p2b: Slowking|Trick Room|p2b: Slowking\n|-fieldstart|move: Trick Room|[of] p2b: Slowking\n|\n|-weather|none\n|-heal|p2a: Goodra|79/100|[from] item: Leftovers\n|-damage|p2b: Slowking|5/100 brn|[from] brn\n|upkeep\n|turn|7\n|\n|t:|1776640711\n|move|p1b: Floette|Protect|p1b: Floette\n|-singleturn|p1b: Floette|Protect\n|move|p2b: Slowking|Scald|p1a: Sinistcha\n|-resisted|p1a: Sinistcha|1\n|-damage|p1a: Sinistcha|42/100\n|-enditem|p1a: Sinistcha|Sitrus Berry|[eat]\n|-heal|p1a: Sinistcha|66/100|[from] item: Sitrus Berry\n|move|p2a: Goodra|Heavy Slam|p1b: Floette\n|-activate|p1b: Floette|move: Protect\n|move|p1a: Sinistcha|Trick Room|p1a: Sinistcha\n|-fieldend|move: Trick Room\n|\n|-heal|p2a: Goodra|84/100|[from] item: Leftovers\n|-damage|p2b: Slowking|0 fnt|[from] brn\n|faint|p2b: Slowking\n|upkeep\n|turn|8\n|\n|t:|1776640732\n|move|p1a: Sinistcha|Rage Powder|p1a: Sinistcha\n|-singleturn|p1a: Sinistcha|move: Rage Powder\n|move|p1b: Floette|Calm Mind|p1b: Floette\n|-boost|p1b: Floette|spa|1\n|-boost|p1b: Floette|spd|1\n|move|p2a: Goodra|Heavy Slam|p1a: Sinistcha\n|-damage|p1a: Sinistcha|40/100\n|\n|-heal|p2a: Goodra|90/100|[from] item: Leftovers\n|upkeep\n|turn|9\n|\n|t:|1776640741\n|move|p1a: Sinistcha|Rage Powder|p1a: Sinistcha\n|-singleturn|p1a: Sinistcha|move: Rage Powder\n|move|p1b: Floette|Moonblast|p2a: Goodra\n|-damage|p2a: Goodra|11/100\n|move|p2a: Goodra|Heavy Slam|p1a: Sinistcha\n|-damage|p1a: Sinistcha|13/100\n|\n|-heal|p2a: Goodra|17/100|[from] item: Leftovers\n|upkeep\n|turn|10\n|\n|t:|1776640750\n|move|p1a: Sinistcha|Rage Powder|p1a: Sinistcha\n|-singleturn|p1a: Sinistcha|move: Rage Powder\n|move|p1b: Floette|Moonblast|p2a: Goodra\n|-damage|p2a: Goodra|0 fnt\n|faint|p2a: Goodra\n|\n|win|sdlt 2krl coolguy\n|raw|sdlt 2krl coolguy's rating: 1166 &rarr; <strong>1188</strong><br />(+22 for winning)\n|raw|Cyclo98's rating: 1128 &rarr; <strong>1106</strong><br />(-22 for losing)\n",
  "uploadtime": 1776640750,
  "views": 7,
  "formatid": "gen9championsvgc2026regma",
  "rating": 1106,
  "private": 0,
  "password": null
}