{
  "id": "gen9championsvgc2026regma-2587488472",
  "format": "[Gen 9 Champions] VGC 2026 Reg M-A",
  "players": [
    "Jaipesu",
    "Kairin_Heres"
  ],
  "log": "|j|\u2606Jaipesu\n|j|\u2606Kairin_Heres\n|t:|1776536080\n|gametype|doubles\n|player|p1|Jaipesu|169|1183\n|player|p2|Kairin_Heres|pokemaniac|1182\n|gen|9\n|tier|[Gen 9 Champions] VGC 2026 Reg M-A\n|rated|\n|rule|Species Clause: Limit one of each Pok\u00e9mon\n|rule|Item Clause: Limit 1 of each item\n|clearpoke\n|poke|p1|Sneasler, L50, M|\n|poke|p1|Milotic, L50, M|\n|poke|p1|Floette-Eternal, L50, F|\n|poke|p1|Garchomp, L50, M|\n|poke|p1|Kingambit, L50, M|\n|poke|p1|Sinistcha-Masterpiece, L50|\n|poke|p2|Glaceon, L50, M|\n|poke|p2|Starmie, L50|\n|poke|p2|Basculegion, L50, M|\n|poke|p2|Pelipper, L50, M|\n|poke|p2|Sharpedo, L50, M|\n|poke|p2|Archaludon, L50, F|\n|teampreview|4\n|\n|t:|1776536098\n|teamsize|p1|4\n|teamsize|p2|4\n|start\n|switch|p1a: Sneasler|Sneasler, L50, M|100/100\n|switch|p1b: Sinistcha|Sinistcha-Masterpiece, L50|100/100\n|switch|p2a: Glaceon|Glaceon, L50, M|100/100\n|switch|p2b: Pelipper|Pelipper, L50, M|100/100\n|-weather|RainDance|[from] ability: Drizzle|[of] p2b: Pelipper\n|turn|1\n|\n|t:|1776536111\n|move|p2b: Pelipper|Protect|p2b: Pelipper\n|-singleturn|p2b: Pelipper|Protect\n|move|p1a: Sneasler|Fake Out|p2b: Pelipper\n|-activate|p2b: Pelipper|move: Protect\n|move|p2a: Glaceon|Ice Beam|p1b: Sinistcha\n|-supereffective|p1b: Sinistcha|1\n|-damage|p1b: Sinistcha|0 fnt\n|faint|p1b: Sinistcha\n|\n|-weather|RainDance|[upkeep]\n|upkeep\n|\n|t:|1776536122\n|switch|p1b: Floette|Floette-Eternal, L50, F|100/100\n|turn|2\n|\n|t:|1776536128\n|detailschange|p1b: Floette|Floette-Mega, L50, F\n|-mega|p1b: Floette|Floette|Floettite\n|-ability|p1b: Floette|Fairy Aura\n|move|p2a: Glaceon|Ice Beam|p1b: Floette\n|-damage|p1b: Floette|61/100\n|move|p1a: Sneasler|Close Combat|p2a: Glaceon\n|-supereffective|p2a: Glaceon|1\n|-damage|p2a: Glaceon|0 fnt\n|-unboost|p1a: Sneasler|def|1\n|-unboost|p1a: Sneasler|spd|1\n|faint|p2a: Glaceon\n|move|p1b: Floette|Moonblast|p2b: Pelipper\n|-enditem|p2b: Pelipper|Focus Sash\n|-damage|p2b: Pelipper|1/100\n|move|p2b: Pelipper|Tailwind|p2b: Pelipper\n|-sidestart|p2: Kairin_Heres|move: Tailwind\n|\n|-weather|RainDance|[upkeep]\n|upkeep\n|\n|t:|1776536147\n|switch|p2a: Archaludon|Archaludon, L50, F|100/100\n|turn|3\n|\n|t:|1776536159\n|move|p1b: Floette|Protect|p1b: Floette\n|-singleturn|p1b: Floette|Protect\n|move|p2b: Pelipper|Hurricane|p1a: Sneasler\n|-supereffective|p1a: Sneasler|1\n|-enditem|p1a: Sneasler|Focus Sash\n|-damage|p1a: Sneasler|1/100\n|move|p2a: Archaludon|Electro Shot||[still]\n|-prepare|p2a: Archaludon|Electro Shot\n|-boost|p2a: Archaludon|spa|1\n|-anim|p2a: Archaludon|Electro Shot|p1b: Floette\n|-activate|p1b: Floette|move: Protect\n|move|p1a: Sneasler|Close Combat|p2a: Archaludon\n|-supereffective|p2a: Archaludon|1\n|-crit|p2a: Archaludon\n|-damage|p2a: Archaludon|0 fnt\n|-unboost|p1a: Sneasler|def|1\n|-unboost|p1a: Sneasler|spd|1\n|faint|p2a: Archaludon\n|\n|-weather|RainDance|[upkeep]\n|upkeep\n|\n|t:|1776536176\n|switch|p2a: Sharpedo|Sharpedo, L50, M|100/100\n|turn|4\n|\n|t:|1776536186\n|switch|p1a: Kingambit|Kingambit, L50, M|100/100\n|move|p2a: Sharpedo|Protect|p2a: Sharpedo\n|-singleturn|p2a: Sharpedo|Protect\n|move|p2b: Pelipper|Hurricane|p1b: Floette\n|-damage|p1b: Floette|18/100\n|-start|p1b: Floette|confusion\n|-activate|p1b: Floette|confusion\n|move|p1b: Floette|Dazzling Gleam|p2a: Sharpedo|[spread] p2b\n|-activate|p2a: Sharpedo|move: Protect\n|-damage|p2b: Pelipper|0 fnt\n|faint|p2b: Pelipper\n|\n|-weather|RainDance|[upkeep]\n|-ability|p2a: Sharpedo|Speed Boost|boost\n|-boost|p2a: Sharpedo|spe|1\n|upkeep\n|turn|5\n|\n|t:|1776536203\n|detailschange|p2a: Sharpedo|Sharpedo-Mega, L50, M\n|-mega|p2a: Sharpedo|Sharpedo|Sharpedonite\n|-end|p1b: Floette|confusion\n|move|p1b: Floette|Protect|p1b: Floette\n|-singleturn|p1b: Floette|Protect\n|move|p1a: Kingambit|Protect|p1a: Kingambit\n|-singleturn|p1a: Kingambit|Protect\n|move|p2a: Sharpedo|Close Combat|p1a: Kingambit\n|-activate|p1a: Kingambit|move: Protect\n|\n|-weather|none\n|-sideend|p2: Kairin_Heres|move: Tailwind\n|upkeep\n|turn|6\n|\n|t:|1776536224\n|move|p2a: Sharpedo|Aqua Jet|p1b: Floette\n|-damage|p1b: Floette|0 fnt\n|faint|p1b: Floette\n|move|p1a: Kingambit|Sucker Punch||[still]\n|-fail|p1a: Kingambit\n|\n|upkeep\n|\n|t:|1776536226\n|switch|p1b: Sneasler|Sneasler, L50, M|1/100\n|turn|7\n|\n|t:|1776536241\n|move|p1b: Sneasler|Upper Hand||[still]\n|-fail|p1b: Sneasler\n|move|p2a: Sharpedo|Close Combat|p1a: Kingambit\n|-supereffective|p1a: Kingambit|2\n|-damage|p1a: Kingambit|0 fnt\n|-unboost|p2a: Sharpedo|def|1\n|-unboost|p2a: Sharpedo|spd|1\n|faint|p1a: Kingambit\n|\n|upkeep\n|turn|8\n|c|\u2606Jaipesu|Wow\n|c|\u2606Jaipesu|u troll and yet u win\n|c|\u2606Jaipesu|amazing\n|c|\u2606Kairin_Heres|XD\n|\n|t:|1776536278\n|move|p2a: Sharpedo|Crunch|p1b: Sneasler\n|-resisted|p1b: Sneasler|1\n|-damage|p1b: Sneasler|0 fnt\n|faint|p1b: Sneasler\n|\n|win|Kairin_Heres\n|raw|Jaipesu's rating: 1183 &rarr; <strong>1158</strong><br />(-25 for losing)\n|raw|Kairin_Heres's rating: 1182 &rarr; <strong>1207</strong><br />(+25 for winning)\n|c|\u2606Kairin_Heres|gg\n|c|\u2606Jaipesu|I mena\n|c|\u2606Jaipesu|it should have been acua jet no?\n|c|\u2606Jaipesu|to outspped my fake out\n|c|\u2606Kairin_Heres|no cause you can protct\n|c|\u2606Jaipesu|Sneasler doesnt have protect in meta\n|c|\u2606Kairin_Heres|oh\n|c|\u2606Jaipesu|normally i think\n|c|\u2606Jaipesu|well wp inguess. Jajajajaa\n|c|\u2606Kairin_Heres|i see XD\n|c|\u2606Kairin_Heres|but was a good game\n|l|\u2606Jaipesu\n|player|p1|\n",
  "uploadtime": 1776536836,
  "views": 13,
  "formatid": "gen9championsvgc2026regma",
  "rating": 1158,
  "private": 0,
  "password": null
}