{
  "id": "gen9championsvgc2026regma-2588609378",
  "format": "[Gen 9 Champions] VGC 2026 Reg M-A",
  "players": [
    "sdlt 2krl coolguy",
    "BabyTester"
  ],
  "log": "|raw|<div class=\"broadcast-blue\"><strong>This battle is required to be public due to a player having a name starting with 'sdlt'.</div>\n|j|\u2606sdlt 2krl coolguy\n|j|\u2606BabyTester\n|t:|1776649767\n|gametype|doubles\n|player|p1|sdlt 2krl coolguy|leon-masters2|1360\n|player|p2|BabyTester|101|1277\n|gen|9\n|tier|[Gen 9 Champions] VGC 2026 Reg M-A\n|rated|\n|rule|Species Clause: Limit one of each Pok\u00e9mon\n|rule|Item Clause: Limit 1 of each item\n|clearpoke\n|poke|p1|Floette-Eternal, L50, F|\n|poke|p1|Incineroar, L50, F|\n|poke|p1|Sinistcha, L50|\n|poke|p1|Garchomp, L50, F|\n|poke|p1|Sneasler, L50, F|\n|poke|p1|Kingambit, L50, M|\n|poke|p2|Aerodactyl, L50, M|\n|poke|p2|Charizard, L50, M|\n|poke|p2|Kangaskhan, L50, F|\n|poke|p2|Gardevoir, L50, F|\n|poke|p2|Empoleon, L50, M|\n|poke|p2|Mamoswine, L50, M|\n|teampreview|4\n|inactive|Battle timer is ON: inactive players will automatically lose when time's up. (requested by sdlt 2krl coolguy)\n|inactive|BabyTester has 60 seconds left.\n|\n|t:|1776649799\n|teamsize|p1|4\n|teamsize|p2|4\n|start\n|switch|p1a: Floette|Floette-Eternal, L50, F|100/100\n|switch|p1b: Sneasler|Sneasler, L50, F|100/100\n|switch|p2a: Aerodactyl|Aerodactyl, L50, M|100/100\n|switch|p2b: Gardevoir|Gardevoir, L50, F|100/100\n|-ability|p2a: Aerodactyl|Unnerve\n|-ability|p2b: Gardevoir|Unburden|Trace|[from] ability: Trace|[of] p1b: Sneasler\n|turn|1\n|inactive|BabyTester has 30 seconds left.\n|\n|t:|1776649833\n|switch|p1b: Incineroar|Incineroar, L50, F|100/100\n|-ability|p1b: Incineroar|Intimidate|boost\n|-unboost|p2a: Aerodactyl|atk|1\n|-unboost|p2b: Gardevoir|atk|1\n|detailschange|p1a: Floette|Floette-Mega, L50, F\n|-mega|p1a: Floette|Floette|Floettite\n|-ability|p1a: Floette|Fairy Aura\n|move|p2a: Aerodactyl|Dual Wingbeat|p1b: Incineroar\n|-crit|p1b: Incineroar\n|-damage|p1b: Incineroar|79/100\n|-damage|p1b: Incineroar|70/100\n|-hitcount|p1b: Incineroar|2\n|move|p1a: Floette|Dazzling Gleam|p2b: Gardevoir|[spread] p2a,p2b\n|-damage|p2a: Aerodactyl|31/100\n|-damage|p2b: Gardevoir|54/100\n|move|p2b: Gardevoir|Psychic|p1b: Incineroar\n|-immune|p1b: Incineroar\n|\n|upkeep\n|turn|2\n|\n|t:|1776649848\n|move|p2a: Aerodactyl|Protect|p2a: Aerodactyl\n|-singleturn|p2a: Aerodactyl|Protect\n|move|p2b: Gardevoir|Protect|p2b: Gardevoir\n|-singleturn|p2b: Gardevoir|Protect\n|move|p1b: Incineroar|Fake Out|p2a: Aerodactyl\n|-activate|p2a: Aerodactyl|move: Protect\n|move|p1a: Floette|Dazzling Gleam|p2a: Aerodactyl|[spread] \n|-activate|p2a: Aerodactyl|move: Protect\n|-activate|p2b: Gardevoir|move: Protect\n|\n|upkeep\n|turn|3\n|\n|t:|1776649856\n|detailschange|p2b: Gardevoir|Gardevoir-Mega, L50, F\n|-mega|p2b: Gardevoir|Gardevoir|Gardevoirite\n|move|p2a: Aerodactyl|Tailwind|p2a: Aerodactyl\n|-sidestart|p2: BabyTester|move: Tailwind\n|move|p2b: Gardevoir|Hyper Voice|p1a: Floette|[spread] p1a,p1b\n|-damage|p1a: Floette|49/100\n|-damage|p1b: Incineroar|1/100\n|move|p1a: Floette|Dazzling Gleam|p2b: Gardevoir|[spread] p2a,p2b\n|-damage|p2a: Aerodactyl|0 fnt\n|-damage|p2b: Gardevoir|13/100\n|faint|p2a: Aerodactyl\n|move|p1b: Incineroar|Parting Shot|p2b: Gardevoir\n|-unboost|p2b: Gardevoir|atk|1\n|-unboost|p2b: Gardevoir|spa|1\n|\n|t:|1776649867\n|switch|p1b: Sneasler|Sneasler, L50, F|100/100|[from] Parting Shot\n|\n|upkeep\n|\n|t:|1776649872\n|switch|p2a: Kangaskhan|Kangaskhan, L50, F|100/100\n|turn|4\n|\n|t:|1776649886\n|switch|p1b: Incineroar|Incineroar, L50, F|1/100\n|-ability|p1b: Incineroar|Intimidate|boost\n|-fail|p2a: Kangaskhan|unboost|Attack|[from] ability: Scrappy|[of] p2a: Kangaskhan\n|-unboost|p2b: Gardevoir|atk|1\n|move|p1a: Floette|Protect|p1a: Floette\n|-singleturn|p1a: Floette|Protect\n|move|p2a: Kangaskhan|Fake Out|p1b: Incineroar\n|-damage|p1b: Incineroar|0 fnt\n|faint|p1b: Incineroar\n|move|p2b: Gardevoir|Hyper Voice|p1a: Floette\n|-activate|p1a: Floette|move: Protect\n|\n|upkeep\n|\n|t:|1776649894\n|switch|p1b: Sneasler|Sneasler, L50, F|100/100\n|turn|5\n|\n|t:|1776649900\n|move|p1b: Sneasler|Fake Out|p2b: Gardevoir\n|-damage|p2b: Gardevoir|0 fnt\n|faint|p2b: Gardevoir\n|move|p2a: Kangaskhan|Double-Edge|p1a: Floette\n|-damage|p1a: Floette|0 fnt\n|faint|p1a: Floette\n|-damage|p2a: Kangaskhan|87/100|[from] Recoil\n|\n|upkeep\n|\n|t:|1776649909\n|switch|p1a: Garchomp|Garchomp, L50, F|100/100\n|switch|p2b: Mamoswine|Mamoswine, L50, M|100/100\n|turn|6\n|\n|t:|1776649918\n|move|p1b: Sneasler|Protect|p1b: Sneasler\n|-singleturn|p1b: Sneasler|Protect\n|move|p1a: Garchomp|Protect|p1a: Garchomp\n|-singleturn|p1a: Garchomp|Protect\n|move|p2a: Kangaskhan|Double-Edge|p1b: Sneasler\n|-activate|p1b: Sneasler|move: Protect\n|move|p2b: Mamoswine|Icicle Crash|p1a: Garchomp\n|-activate|p1a: Garchomp|move: Protect\n|\n|-sideend|p2: BabyTester|move: Tailwind\n|upkeep\n|turn|7\n|\n|t:|1776649931\n|move|p2b: Mamoswine|Ice Shard|p1a: Garchomp\n|-supereffective|p1a: Garchomp|2\n|-damage|p1a: Garchomp|0 fnt\n|faint|p1a: Garchomp\n|move|p1b: Sneasler|Close Combat|p2a: Kangaskhan\n|-supereffective|p2a: Kangaskhan|1\n|-damage|p2a: Kangaskhan|0 fnt\n|-unboost|p1b: Sneasler|def|1\n|-unboost|p1b: Sneasler|spd|1\n|faint|p2a: Kangaskhan\n|-enditem|p1b: Sneasler|White Herb\n|-clearnegativeboost|p1b: Sneasler|[silent]\n|\n|upkeep\n|turn|8\n|\n|t:|1776649943\n|move|p1b: Sneasler|Close Combat|p2b: Mamoswine\n|-supereffective|p2b: Mamoswine|1\n|-damage|p2b: Mamoswine|0 fnt\n|-unboost|p1b: Sneasler|def|1\n|-unboost|p1b: Sneasler|spd|1\n|faint|p2b: Mamoswine\n|\n|win|sdlt 2krl coolguy\n|raw|sdlt 2krl coolguy's rating: 1360 &rarr; <strong>1375</strong><br />(+15 for winning)\n|raw|BabyTester's rating: 1277 &rarr; <strong>1258</strong><br />(-19 for losing)\n",
  "uploadtime": 1776649943,
  "views": 9,
  "formatid": "gen9championsvgc2026regma",
  "rating": 1258,
  "private": 0,
  "password": null
}