{
  "id": "gen9championsvgc2026regma-2586357662",
  "format": "[Gen 9 Champions] VGC 2026 Reg M-A",
  "players": [
    "sanper1",
    "TheWonderfulGirl"
  ],
  "log": "|j|\u2606sanper1\n|j|\u2606TheWonderfulGirl\n|t:|1776428464\n|gametype|doubles\n|player|p1|sanper1|101|1224\n|player|p2|TheWonderfulGirl|pokekid|1231\n|gen|9\n|tier|[Gen 9 Champions] VGC 2026 Reg M-A\n|rated|\n|rule|Species Clause: Limit one of each Pok\u00e9mon\n|rule|Item Clause: Limit 1 of each item\n|clearpoke\n|poke|p1|Froslass, L50, F|\n|poke|p1|Palafin, L50, F|\n|poke|p1|Kingambit, L50, F|\n|poke|p1|Arcanine-Hisui, L50, M|\n|poke|p1|Sinistcha, L50|\n|poke|p1|Sneasler, L50, M|\n|poke|p2|Froslass, L50, F|\n|poke|p2|Garchomp, L50, M|\n|poke|p2|Rotom-Frost, L50|\n|poke|p2|Empoleon, L50, M|\n|poke|p2|Incineroar, L50, M|\n|poke|p2|Kingambit, L50, F|\n|teampreview|4\n|inactive|Battle timer is ON: inactive players will automatically lose when time's up. (requested by TheWonderfulGirl)\n|inactive|sanper1 has 60 seconds left.\n|inactive|TheWonderfulGirl has 60 seconds left.\n|inactive|sanper1 has 30 seconds left.\n|inactive|TheWonderfulGirl has 30 seconds left.\n|inactive|sanper1 has 20 seconds left.\n|inactive|TheWonderfulGirl has 20 seconds left.\n|inactive|sanper1 has 15 seconds left.\n|inactive|TheWonderfulGirl has 15 seconds left.\n|inactive|sanper1 has 10 seconds left.\n|inactive|sanper1 has 5 seconds left.\n|\n|t:|1776428554\n|teamsize|p1|4\n|teamsize|p2|4\n|start\n|switch|p1a: Sneasler|Sneasler, L50, M|100/100\n|switch|p1b: Palafin|Palafin, L50, F|100/100\n|switch|p2a: Kingambit|Kingambit, L50, F|100/100\n|switch|p2b: Incineroar|Incineroar, L50, M|100/100\n|-ability|p2b: Incineroar|Intimidate|boost\n|-unboost|p1a: Sneasler|atk|1\n|-unboost|p1b: Palafin|atk|1\n|-enditem|p1a: Sneasler|White Herb\n|-clearnegativeboost|p1a: Sneasler|[silent]\n|turn|1\n|inactive|sanper1 has 30 seconds left.\n|inactive|TheWonderfulGirl has 30 seconds left.\n|inactive|sanper1 has 20 seconds left.\n|inactive|TheWonderfulGirl has 20 seconds left.\n|inactive|sanper1 has 15 seconds left.\n|inactive|TheWonderfulGirl has 15 seconds left.\n|inactive|sanper1 has 10 seconds left.\n|inactive|sanper1 has 5 seconds left.\n|\n|t:|1776428607\n|move|p2a: Kingambit|Protect|p2a: Kingambit\n|-singleturn|p2a: Kingambit|Protect\n|move|p1a: Sneasler|Close Combat|p2a: Kingambit\n|-activate|p2a: Kingambit|move: Protect\n|move|p1b: Palafin|Wave Crash|p2b: Incineroar\n|-supereffective|p2b: Incineroar|1\n|-damage|p2b: Incineroar|26/100\n|-enditem|p2b: Incineroar|Sitrus Berry|[eat]\n|-heal|p2b: Incineroar|51/100|[from] item: Sitrus Berry\n|-damage|p1b: Palafin|76/100|[from] Recoil\n|move|p2b: Incineroar|Parting Shot|p1a: Sneasler\n|-unboost|p1a: Sneasler|atk|1\n|-unboost|p1a: Sneasler|spa|1\n|\n|t:|1776428622\n|switch|p2b: Rotom|Rotom-Frost, L50|100/100|[from] Parting Shot\n|\n|upkeep\n|turn|2\n|inactive|sanper1 has 30 seconds left.\n|inactive|TheWonderfulGirl has 30 seconds left.\n|inactive|TheWonderfulGirl has 20 seconds left.\n|\n|t:|1776428658\n|detailschange|p1b: Palafin|Palafin-Hero, L50, F\n|switch|p1b: Arcanine|Arcanine-Hisui, L50, M|100/100\n|-ability|p1b: Arcanine|Intimidate|boost\n|-unboost|p2a: Kingambit|atk|1\n|-ability|p2a: Kingambit|Defiant|boost\n|-boost|p2a: Kingambit|atk|2\n|-unboost|p2b: Rotom|atk|1\n|move|p1a: Sneasler|Protect|p1a: Sneasler\n|-singleturn|p1a: Sneasler|Protect\n|move|p2b: Rotom|Electroweb|p1a: Sneasler|[spread] p1b\n|-activate|p1a: Sneasler|move: Protect\n|-damage|p1b: Arcanine|80/100\n|-unboost|p1b: Arcanine|spe|1\n|move|p2a: Kingambit|Iron Head|p1a: Sneasler\n|-activate|p1a: Sneasler|move: Protect\n|\n|upkeep\n|turn|3\n|inactive|sanper1 has 30 seconds left.\n|inactive|sanper1 has 20 seconds left.\n|\n|t:|1776428696\n|move|p1a: Sneasler|Close Combat|p2a: Kingambit\n|-supereffective|p2a: Kingambit|2\n|-crit|p2a: Kingambit\n|-enditem|p2a: Kingambit|Focus Sash\n|-damage|p2a: Kingambit|1/100\n|-unboost|p1a: Sneasler|def|1\n|-unboost|p1a: Sneasler|spd|1\n|move|p2b: Rotom|Electroweb|p1a: Sneasler|[spread] p1a,p1b\n|-damage|p1a: Sneasler|66/100\n|-damage|p1b: Arcanine|57/100\n|-unboost|p1a: Sneasler|spe|1\n|-unboost|p1b: Arcanine|spe|1\n|move|p2a: Kingambit|Low Kick|p1b: Arcanine\n|-supereffective|p1b: Arcanine|1\n|-damage|p1b: Arcanine|0 fnt\n|faint|p1b: Arcanine\n|\n|upkeep\n|\n|t:|1776428711\n|switch|p1b: Palafin|Palafin-Hero, L50, F|76/100\n|-activate|p1b: Palafin|ability: Zero to Hero\n|turn|4\n|inactive|sanper1 has 30 seconds left.\n|\n|t:|1776428741\n|move|p1b: Palafin|Jet Punch|p2a: Kingambit\n|-damage|p2a: Kingambit|0 fnt\n|faint|p2a: Kingambit\n|move|p1a: Sneasler|Close Combat|p2b: Rotom\n|-supereffective|p2b: Rotom|1\n|-damage|p2b: Rotom|0 fnt\n|-unboost|p1a: Sneasler|def|1\n|-unboost|p1a: Sneasler|spd|1\n|faint|p2b: Rotom\n|\n|upkeep\n|\n|t:|1776428752\n|switch|p2b: Incineroar|Incineroar, L50, M|51/100\n|switch|p2a: Empoleon|Empoleon, L50, M|100/100\n|-ability|p2b: Incineroar|Intimidate|boost\n|-unboost|p1a: Sneasler|atk|1\n|-unboost|p1b: Palafin|atk|1\n|turn|5\n|\n|t:|1776428763\n|move|p2b: Incineroar|Fake Out|p1b: Palafin\n|-damage|p1b: Palafin|63/100\n|move|p1a: Sneasler|Close Combat|p2b: Incineroar\n|-supereffective|p2b: Incineroar|1\n|-damage|p2b: Incineroar|0 fnt\n|-unboost|p1a: Sneasler|def|1\n|-unboost|p1a: Sneasler|spd|1\n|faint|p2b: Incineroar\n|cant|p1b: Palafin|flinch\n|move|p2a: Empoleon|Flash Cannon|p1a: Sneasler\n|-damage|p1a: Sneasler|0 fnt\n|faint|p1a: Sneasler\n|\n|upkeep\n|\n|t:|1776428773\n|switch|p1a: Froslass|Froslass, L50, F|100/100\n|turn|6\n|\n|t:|1776428789\n|detailschange|p1a: Froslass|Froslass-Mega, L50, F\n|-mega|p1a: Froslass|Froslass|Froslassite\n|-weather|Snowscape|[from] ability: Snow Warning|[of] p1a: Froslass\n|move|p1a: Froslass|Aurora Veil|p1a: Froslass\n|-sidestart|p1: sanper1|move: Aurora Veil\n|move|p1b: Palafin|Close Combat|p2a: Empoleon\n|-supereffective|p2a: Empoleon|1\n|-damage|p2a: Empoleon|31/100\n|-unboost|p1b: Palafin|def|1\n|-unboost|p1b: Palafin|spd|1\n|move|p2a: Empoleon|Flash Cannon|p1a: Froslass\n|-supereffective|p1a: Froslass|1\n|-damage|p1a: Froslass|45/100\n|\n|-weather|Snowscape|[upkeep]\n|-heal|p2a: Empoleon|37/100|[from] item: Leftovers\n|upkeep\n|turn|7\n|\n|t:|1776428804\n|move|p2a: Empoleon|Protect|p2a: Empoleon\n|-singleturn|p2a: Empoleon|Protect\n|move|p1a: Froslass|Shadow Ball|p2a: Empoleon\n|-activate|p2a: Empoleon|move: Protect\n|move|p1b: Palafin|Close Combat|p2a: Empoleon\n|-activate|p2a: Empoleon|move: Protect\n|\n|-weather|Snowscape|[upkeep]\n|-heal|p2a: Empoleon|43/100|[from] item: Leftovers\n|upkeep\n|turn|8\n|\n|t:|1776428818\n|move|p1a: Froslass|Shadow Ball|p2a: Empoleon\n|-damage|p2a: Empoleon|2/100\n|move|p1b: Palafin|Close Combat|p2a: Empoleon\n|-supereffective|p2a: Empoleon|1\n|-damage|p2a: Empoleon|0 fnt\n|-unboost|p1b: Palafin|def|1\n|-unboost|p1b: Palafin|spd|1\n|faint|p2a: Empoleon\n|\n|win|sanper1\n|raw|sanper1's rating: 1224 &rarr; <strong>1250</strong><br />(+26 for winning)\n|raw|TheWonderfulGirl's rating: 1231 &rarr; <strong>1205</strong><br />(-26 for losing)\n",
  "uploadtime": 1776428827,
  "views": 52,
  "formatid": "gen9championsvgc2026regma",
  "rating": 1205,
  "private": 0,
  "password": null
}