{
  "id": "gen9championsvgc2026regma-2583815057",
  "format": "[Gen 9 Champions] VGC 2026 Reg M-A",
  "players": [
    "Mask4M",
    "dwqdqdqdqdq"
  ],
  "log": "|j|\u2606Mask4M\n|j|\u2606dwqdqdqdqdq\n|t:|1776199825\n|gametype|doubles\n|player|p1|Mask4M|101|1146\n|player|p2|dwqdqdqdqdq|1|1129\n|gen|9\n|tier|[Gen 9 Champions] VGC 2026 Reg M-A\n|rated|\n|rule|Species Clause: Limit one of each Pok\u00e9mon\n|rule|Item Clause: Limit 1 of each item\n|clearpoke\n|poke|p1|Glimmora, L50, F|\n|poke|p1|Dragonite, L50, F|\n|poke|p1|Sneasler, L50, M|\n|poke|p1|Incineroar, L50, F|\n|poke|p1|Whimsicott, L50, F|\n|poke|p1|Rotom-Wash, L50|\n|poke|p2|Whimsicott, L50, M|\n|poke|p2|Milotic, L50, M|\n|poke|p2|Garchomp, L50, M|\n|poke|p2|Gengar, L50, M|\n|poke|p2|Froslass, L50, F|\n|poke|p2|Maushold, L50|\n|teampreview|4\n|inactive|Battle timer is ON: inactive players will automatically lose when time's up. (requested by Mask4M)\n|inactive|Mask4M has 60 seconds left.\n|inactive|dwqdqdqdqdq has 60 seconds left.\n|\n|t:|1776199882\n|teamsize|p1|4\n|teamsize|p2|4\n|start\n|switch|p1a: Glimmora|Glimmora, L50, F|100/100\n|switch|p1b: Dragonite|Dragonite, L50, F|100/100\n|switch|p2a: Milotic|Milotic, L50, M|100/100\n|switch|p2b: Whimsicott|Whimsicott, L50, M|100/100\n|turn|1\n|inactive|Mask4M has 30 seconds left.\n|\n|t:|1776199912\n|switch|p1a: Whimsicott|Whimsicott, L50, F|100/100\n|move|p2b: Whimsicott|Tailwind|p2b: Whimsicott\n|-sidestart|p2: dwqdqdqdqdq|move: Tailwind\n|move|p2a: Milotic|Blizzard|p1b: Dragonite|[spread] \n|-miss|p2a: Milotic|p1a: Whimsicott\n|-miss|p2a: Milotic|p1b: Dragonite\n|move|p1b: Dragonite|Dragon Claw|p2a: Milotic\n|-damage|p2a: Milotic|52/100\n|\n|-heal|p2a: Milotic|58/100|[from] item: Leftovers\n|upkeep\n|turn|2\n|\n|t:|1776199929\n|move|p1b: Dragonite|Protect|p1b: Dragonite\n|-singleturn|p1b: Dragonite|Protect\n|move|p2b: Whimsicott|Taunt|p1a: Whimsicott\n|-start|p1a: Whimsicott|move: Taunt\n|cant|p1a: Whimsicott|move: Taunt|Tailwind\n|move|p2a: Milotic|Blizzard|p1a: Whimsicott|[spread] p1a\n|-activate|p1b: Dragonite|move: Protect\n|-supereffective|p1a: Whimsicott|1\n|-damage|p1a: Whimsicott|31/100\n|-status|p1a: Whimsicott|frz\n|\n|-heal|p2a: Milotic|64/100|[from] item: Leftovers\n|upkeep\n|turn|3\n|inactive|Mask4M has 30 seconds left.\n|inactive|Mask4M has 20 seconds left.\n|\n|t:|1776199965\n|switch|p1b: Incineroar|Incineroar, L50, F|100/100\n|-ability|p1b: Incineroar|Intimidate|boost\n|-unboost|p2a: Milotic|atk|1\n|-ability|p2a: Milotic|Competitive|boost\n|-boost|p2a: Milotic|spa|2\n|-unboost|p2b: Whimsicott|atk|1\n|move|p2b: Whimsicott|Encore|p1b: Incineroar\n|-hint|Since gen 7, Dark is immune to Prankster moves.\n|-immune|p1b: Incineroar\n|move|p2a: Milotic|Blizzard|p1a: Whimsicott|[spread] p1a\n|-miss|p2a: Milotic|p1b: Incineroar\n|-supereffective|p1a: Whimsicott|1\n|-damage|p1a: Whimsicott|0 fnt\n|faint|p1a: Whimsicott\n|\n|-heal|p2a: Milotic|70/100|[from] item: Leftovers\n|upkeep\n|\n|t:|1776199982\n|switch|p1a: Dragonite|Dragonite, L50, F|100/100\n|turn|4\n|inactive|Mask4M has 30 seconds left.\n|\n|t:|1776200016\n|move|p2b: Whimsicott|Protect|p2b: Whimsicott\n|-singleturn|p2b: Whimsicott|Protect\n|move|p2a: Milotic|Protect|p2a: Milotic\n|-singleturn|p2a: Milotic|Protect\n|move|p1b: Incineroar|Fake Out|p2a: Milotic\n|-activate|p2a: Milotic|move: Protect\n|move|p1a: Dragonite|Dragon Claw|p2a: Milotic\n|-activate|p2a: Milotic|move: Protect\n|\n|-heal|p2a: Milotic|76/100|[from] item: Leftovers\n|-sideend|p2: dwqdqdqdqdq|move: Tailwind\n|upkeep\n|turn|5\n|inactive|Mask4M has 30 seconds left.\n|\n|t:|1776200043\n|move|p2b: Whimsicott|Tailwind|p2b: Whimsicott\n|-sidestart|p2: dwqdqdqdqdq|move: Tailwind\n|move|p2a: Milotic|Blizzard|p1a: Dragonite|[spread] p1a,p1b\n|-supereffective|p1a: Dragonite|2\n|-resisted|p1b: Incineroar|1\n|-damage|p1a: Dragonite|0 fnt\n|-damage|p1b: Incineroar|75/100\n|-status|p1b: Incineroar|frz\n|faint|p1a: Dragonite\n|cant|p1b: Incineroar|frz\n|\n|-heal|p2a: Milotic|82/100|[from] item: Leftovers\n|upkeep\n|\n|t:|1776200052\n|switch|p1a: Glimmora|Glimmora, L50, F|100/100\n|turn|6\n|\n|t:|1776200076\n|detailschange|p1a: Glimmora|Glimmora-Mega, L50, F\n|-mega|p1a: Glimmora|Glimmora|Glimmoranite\n|move|p2b: Whimsicott|Taunt|p1a: Glimmora\n|-start|p1a: Glimmora|move: Taunt\n|move|p2a: Milotic|Muddy Water|p1a: Glimmora|[spread] p1a,p1b\n|-supereffective|p1a: Glimmora|1\n|-supereffective|p1b: Incineroar|1\n|-damage|p1a: Glimmora|0 fnt\n|-damage|p1b: Incineroar|0 fnt\n|faint|p1a: Glimmora\n|faint|p1b: Incineroar\n|\n|win|dwqdqdqdqdq\n|raw|Mask4M's rating: 1146 &rarr; <strong>1120</strong><br />(-26 for losing)\n|raw|dwqdqdqdqdq's rating: 1129 &rarr; <strong>1155</strong><br />(+26 for winning)\n",
  "uploadtime": 1776200085,
  "views": 23,
  "formatid": "gen9championsvgc2026regma",
  "rating": 1120,
  "private": 0,
  "password": null
}