{
  "id": "gen9championsvgc2026regma-2587650016",
  "format": "[Gen 9 Champions] VGC 2026 Reg M-A",
  "players": [
    "breloomb01",
    "grout eleki"
  ],
  "log": "|j|\u2606breloomb01\n|j|\u2606grout eleki\n|t:|1776550381\n|gametype|doubles\n|player|p1|breloomb01|roughneck|1454\n|player|p2|grout eleki|265|1548\n|gen|9\n|tier|[Gen 9 Champions] VGC 2026 Reg M-A\n|rated|\n|rule|Species Clause: Limit one of each Pok\u00e9mon\n|rule|Item Clause: Limit 1 of each item\n|clearpoke\n|poke|p1|Aegislash, L50, M|\n|poke|p1|Aerodactyl, L50, F|\n|poke|p1|Rotom-Wash, L50|\n|poke|p1|Garchomp, L50, F|\n|poke|p1|Sneasler, L50, M|\n|poke|p1|Delphox, L50, M|\n|poke|p2|Tyranitar, L50, M|\n|poke|p2|Froslass, L50, F|\n|poke|p2|Rotom-Frost, L50|\n|poke|p2|Volcarona, L50, F|\n|poke|p2|Sneasler, L50, F|\n|poke|p2|Azumarill, L50, F|\n|teampreview|4\n|\n|t:|1776550426\n|teamsize|p1|4\n|teamsize|p2|4\n|start\n|switch|p1a: Aegislash|Aegislash, L50, M|100/100\n|switch|p1b: Delphox|Delphox, L50, M|100/100\n|switch|p2a: Froslass|Froslass, L50, F|100/100\n|switch|p2b: Sneasler|Sneasler, L50, F|100/100\n|turn|1\n|\n|t:|1776550455\n|switch|p1b: Garchomp|Garchomp, L50, F|100/100\n|detailschange|p2a: Froslass|Froslass-Mega, L50, F\n|-mega|p2a: Froslass|Froslass|Froslassite\n|-weather|Snowscape|[from] ability: Snow Warning|[of] p2a: Froslass\n|move|p2b: Sneasler|Fake Out|p1b: Garchomp\n|-damage|p1b: Garchomp|87/100\n|-damage|p2b: Sneasler|88/100|[from] ability: Rough Skin|[of] p1b: Garchomp\n|move|p2a: Froslass|Aurora Veil|p2a: Froslass\n|-sidestart|p2: grout eleki|move: Aurora Veil\n|-formechange|p1a: Aegislash|Aegislash-Blade|\n|move|p1a: Aegislash|Shadow Ball|p2a: Froslass\n|-supereffective|p2a: Froslass|1\n|-damage|p2a: Froslass|22/100\n|\n|-weather|Snowscape|[upkeep]\n|upkeep\n|turn|2\n|\n|t:|1776550471\n|move|p2a: Froslass|Protect|p2a: Froslass\n|-singleturn|p2a: Froslass|Protect\n|move|p1a: Aegislash|Wide Guard|p1a: Aegislash\n|-singleturn|p1a: Aegislash|Wide Guard\n|move|p2b: Sneasler|Close Combat|p1b: Garchomp\n|-damage|p1b: Garchomp|19/100\n|-unboost|p2b: Sneasler|def|1\n|-unboost|p2b: Sneasler|spd|1\n|-damage|p2b: Sneasler|76/100|[from] ability: Rough Skin|[of] p1b: Garchomp\n|-enditem|p2b: Sneasler|White Herb\n|-clearnegativeboost|p2b: Sneasler|[silent]\n|move|p1b: Garchomp|Earthquake|p2b: Sneasler|[spread] p2b\n|-activate|p1a: Aegislash|move: Wide Guard\n|-activate|p2a: Froslass|move: Protect\n|-supereffective|p2b: Sneasler|1\n|-damage|p2b: Sneasler|0 fnt\n|faint|p2b: Sneasler\n|\n|-weather|Snowscape|[upkeep]\n|upkeep\n|\n|t:|1776550483\n|switch|p2b: Azumarill|Azumarill, L50, F|100/100\n|turn|3\n|\n|t:|1776550500\n|-formechange|p1a: Aegislash|Aegislash|\n|move|p1a: Aegislash|King's Shield||[still]\n|-fail|p1a: Aegislash\n|move|p2a: Froslass|Shadow Ball|p1b: Garchomp\n|-damage|p1b: Garchomp|0 fnt\n|faint|p1b: Garchomp\n|move|p2b: Azumarill|Belly Drum|p2b: Azumarill\n|-damage|p2b: Azumarill|50/100\n|-setboost|p2b: Azumarill|atk|6|[from] move: Belly Drum\n|-enditem|p2b: Azumarill|Sitrus Berry|[eat]\n|-heal|p2b: Azumarill|75/100|[from] item: Sitrus Berry\n|\n|-weather|Snowscape|[upkeep]\n|upkeep\n|\n|t:|1776550509\n|switch|p1b: Sneasler|Sneasler, L50, M|100/100\n|turn|4\n|\n|t:|1776550526\n|move|p2b: Azumarill|Protect|p2b: Azumarill\n|-singleturn|p2b: Azumarill|Protect\n|move|p1b: Sneasler|Fake Out|p2b: Azumarill\n|-activate|p2b: Azumarill|move: Protect\n|move|p2a: Froslass|Blizzard|p1b: Sneasler|[spread] p1a,p1b\n|-resisted|p1a: Aegislash|1\n|-crit|p1a: Aegislash\n|-damage|p1a: Aegislash|72/100\n|-damage|p1b: Sneasler|33/100\n|-formechange|p1a: Aegislash|Aegislash-Blade|\n|move|p1a: Aegislash|Shadow Ball|p2a: Froslass\n|-supereffective|p2a: Froslass|1\n|-damage|p2a: Froslass|0 fnt\n|faint|p2a: Froslass\n|\n|-weather|Snowscape|[upkeep]\n|-heal|p1a: Aegislash|78/100|[from] item: Leftovers\n|upkeep\n|\n|t:|1776550536\n|switch|p2a: Volcarona|Volcarona, L50, F|100/100\n|turn|5\n|\n|t:|1776550550\n|move|p2b: Azumarill|Aqua Jet|p1b: Sneasler\n|-damage|p1b: Sneasler|0 fnt\n|faint|p1b: Sneasler\n|move|p2a: Volcarona|Heat Wave|p1a: Aegislash\n|-supereffective|p1a: Aegislash|1\n|-damage|p1a: Aegislash|0 fnt\n|faint|p1a: Aegislash\n|\n|-weather|none\n|-sideend|p2: grout eleki|move: Aurora Veil\n|upkeep\n|-message|breloomb01 forfeited.\n|\n|win|grout eleki\n|raw|breloomb01's rating: 1454 &rarr; <strong>1439</strong><br />(-15 for losing)\n|raw|grout eleki's rating: 1548 &rarr; <strong>1563</strong><br />(+15 for winning)\n|l|\u2606breloomb01\n|player|p1|\n|l|\u2606grout eleki\n|player|p2|\n",
  "uploadtime": 1776550567,
  "views": 18,
  "formatid": "gen9championsvgc2026regma",
  "rating": 1439,
  "private": 0,
  "password": null
}