{
  "id": "gen9championsvgc2026regma-2581531674",
  "format": "[Gen 9 Champions] VGC 2026 Reg M-A",
  "players": [
    "hfjdve",
    "barnebruh"
  ],
  "log": "|j|\u2606hfjdve\n|j|\u2606barnebruh\n|t:|1776008696\n|gametype|doubles\n|player|p1|hfjdve|emmet|1029\n|player|p2|barnebruh|bea|1026\n|gen|9\n|tier|[Gen 9 Champions] VGC 2026 Reg M-A\n|rated|\n|rule|Species Clause: Limit one of each Pok\u00e9mon\n|rule|Item Clause: Limit 1 of each item\n|clearpoke\n|poke|p1|Basculegion, L50, M|\n|poke|p1|Pelipper, L50, F|\n|poke|p1|Floette-Eternal, L50, F|\n|poke|p1|Vivillon, L50, M|\n|poke|p1|Incineroar, L50, F|\n|poke|p1|Aegislash, L50, F|\n|poke|p2|Chandelure, L50, M|\n|poke|p2|Whimsicott, L50, M|\n|poke|p2|Dragapult, L50, M|\n|poke|p2|Tyranitar, L50, F|\n|poke|p2|Excadrill, L50, M|\n|poke|p2|Sinistcha-Masterpiece, L50|\n|teampreview|4\n|inactive|Battle timer is ON: inactive players will automatically lose when time's up. (requested by barnebruh)\n|\n|t:|1776008727\n|teamsize|p1|4\n|teamsize|p2|4\n|start\n|switch|p1a: Basculegion|Basculegion, L50, M, shiny|100/100\n|switch|p1b: Pelipper|Pelipper, L50, F, shiny|100/100\n|switch|p2a: Neuki So Tired|Dragapult, L50, M, shiny|100/100\n|switch|p2b: whim|Whimsicott, L50, M, shiny|100/100\n|-weather|RainDance|[from] ability: Drizzle|[of] p1b: Pelipper\n|turn|1\n|inactive|barnebruh has 30 seconds left.\n|\n|t:|1776008758\n|move|p2b: whim|Helping Hand|p2a: Neuki So Tired\n|-singleturn|p2a: Neuki So Tired|Helping Hand|[of] p2b: whim\n|move|p2a: Neuki So Tired|Sucker Punch|p1a: Basculegion\n|-supereffective|p1a: Basculegion|1\n|-damage|p1a: Basculegion|0 fnt\n|faint|p1a: Basculegion\n|move|p1b: Pelipper|Tailwind|p1b: Pelipper\n|-sidestart|p1: hfjdve|move: Tailwind\n|\n|-weather|RainDance|[upkeep]\n|upkeep\n|\n|t:|1776008771\n|switch|p1a: Floette|Floette-Eternal, L50, F|100/100\n|turn|2\n|\n|t:|1776008779\n|detailschange|p1a: Floette|Floette-Mega, L50, F\n|-mega|p1a: Floette|Floette|Floettite\n|-ability|p1a: Floette|Fairy Aura\n|move|p2b: whim|Tailwind|p2b: whim\n|-sidestart|p2: barnebruh|move: Tailwind\n|move|p2a: Neuki So Tired|Phantom Force||[still]\n|-prepare|p2a: Neuki So Tired|Phantom Force\n|move|p1a: Floette|Dazzling Gleam|p2b: whim|[spread] p2b\n|-miss|p1a: Floette|p2a: Neuki So Tired\n|-damage|p2b: whim|35/100\n|move|p1b: Pelipper|Hurricane|p2b: whim\n|-supereffective|p2b: whim|1\n|-damage|p2b: whim|0 fnt\n|faint|p2b: whim\n|\n|-weather|RainDance|[upkeep]\n|upkeep\n|\n|t:|1776008786\n|switch|p2b: Tyrant|Tyranitar, L50, F, shiny|100/100\n|-weather|Sandstorm|[from] ability: Sand Stream|[of] p2b: Tyrant\n|turn|3\n|inactive|hfjdve has 30 seconds left.\n|\n|t:|1776008817\n|move|p1a: Floette|Protect|p1a: Floette\n|-singleturn|p1a: Floette|Protect\n|move|p2b: Tyrant|Protect|p2b: Tyrant\n|-singleturn|p2b: Tyrant|Protect\n|move|p2a: Neuki So Tired|Phantom Force|p1b: Pelipper|[from] lockedmove\n|-damage|p1b: Pelipper|61/100\n|move|p1b: Pelipper|Weather Ball|p2a: Neuki So Tired\n|-crit|p2a: Neuki So Tired\n|-damage|p2a: Neuki So Tired|59/100\n|\n|-weather|Sandstorm|[upkeep]\n|-damage|p2a: Neuki So Tired|53/100|[from] Sandstorm\n|-damage|p1a: Floette|94/100|[from] Sandstorm\n|-damage|p1b: Pelipper|55/100|[from] Sandstorm\n|upkeep\n|turn|4\n|inactive|barnebruh has 30 seconds left.\n|\n|t:|1776008842\n|detailschange|p2b: Tyrant|Tyranitar-Mega, L50, F, shiny\n|-mega|p2b: Tyrant|Tyranitar|Tyranitarite\n|move|p2a: Neuki So Tired|Phantom Force||[still]\n|-prepare|p2a: Neuki So Tired|Phantom Force\n|move|p1a: Floette|Dazzling Gleam|p2b: Tyrant|[spread] p2b\n|-miss|p1a: Floette|p2a: Neuki So Tired\n|-supereffective|p2b: Tyrant|1\n|-damage|p2b: Tyrant|54/100\n|move|p2b: Tyrant|Rock Slide|p1b: Pelipper|[spread] p1a,p1b\n|-supereffective|p1b: Pelipper|1\n|-damage|p1a: Floette|54/100\n|-damage|p1b: Pelipper|1/100\n|-enditem|p1b: Pelipper|Sitrus Berry|[eat]\n|-heal|p1b: Pelipper|26/100|[from] item: Sitrus Berry\n|move|p1b: Pelipper|Hurricane|p2b: Tyrant\n|-resisted|p2b: Tyrant|1\n|-damage|p2b: Tyrant|45/100\n|-start|p2b: Tyrant|confusion\n|\n|-weather|Sandstorm|[upkeep]\n|-damage|p2a: Neuki So Tired|47/100|[from] Sandstorm\n|-damage|p1a: Floette|47/100|[from] Sandstorm\n|-damage|p1b: Pelipper|20/100|[from] Sandstorm\n|-sideend|p1: hfjdve|move: Tailwind\n|upkeep\n|turn|5\n|inactive|hfjdve has 30 seconds left.\n|\n|t:|1776008869\n|switch|p1b: Vivillon|Vivillon, L50, M, shiny|100/100\n|-activate|p2b: Tyrant|confusion\n|move|p2b: Tyrant|Protect|p2b: Tyrant\n|-singleturn|p2b: Tyrant|Protect\n|move|p1a: Floette|Protect|p1a: Floette\n|-singleturn|p1a: Floette|Protect\n|move|p2a: Neuki So Tired|Phantom Force|p1b: Vivillon|[from] lockedmove\n|-enditem|p1b: Vivillon|Focus Sash\n|-damage|p1b: Vivillon|1/100\n|\n|-weather|Sandstorm|[upkeep]\n|-damage|p2a: Neuki So Tired|40/100|[from] Sandstorm\n|-damage|p1a: Floette|41/100|[from] Sandstorm\n|-damage|p1b: Vivillon|0 fnt|[from] Sandstorm\n|faint|p1b: Vivillon\n|-sideend|p2: barnebruh|move: Tailwind\n|upkeep\n|\n|t:|1776008886\n|switch|p1b: Pelipper|Pelipper, L50, F, shiny|20/100\n|-weather|RainDance|[from] ability: Drizzle|[of] p1b: Pelipper\n|turn|6\n|\n|t:|1776008896\n|switch|p2b: XDrill|Excadrill, L50, M|100/100\n|move|p2a: Neuki So Tired|Sucker Punch|p1b: Pelipper\n|-damage|p1b: Pelipper|0 fnt\n|faint|p1b: Pelipper\n|move|p1a: Floette|Dazzling Gleam|p2a: Neuki So Tired|[spread] p2a,p2b\n|-supereffective|p2a: Neuki So Tired|1\n|-resisted|p2b: XDrill|1\n|-damage|p2a: Neuki So Tired|0 fnt\n|-damage|p2b: XDrill|70/100\n|faint|p2a: Neuki So Tired\n|\n|-weather|RainDance|[upkeep]\n|upkeep\n|\n|t:|1776008902\n|switch|p2a: Tyrant|Tyranitar-Mega, L50, F, shiny|45/100\n|-weather|Sandstorm|[from] ability: Sand Stream|[of] p2a: Tyrant\n|turn|7\n|c|\u2606barnebruh|gg\n|\n|t:|1776008916\n|move|p2a: Tyrant|Protect|p2a: Tyrant\n|-singleturn|p2a: Tyrant|Protect\n|move|p2b: XDrill|Earthquake|p1a: Floette|[spread] p1a\n|-activate|p2a: Tyrant|move: Protect\n|-damage|p1a: Floette|0 fnt\n|faint|p1a: Floette\n|\n|win|barnebruh\n|raw|hfjdve's rating: 1029 &rarr; <strong>1015</strong><br />(-14 for losing)\n|raw|barnebruh's rating: 1026 &rarr; <strong>1062</strong><br />(+36 for winning)\n",
  "uploadtime": 1776008926,
  "views": 18,
  "formatid": "gen9championsvgc2026regma",
  "rating": 1015,
  "private": 0,
  "password": null
}