{
  "id": "gen9championsvgc2026regma-2580763988",
  "format": "[Gen 9 Champions] VGC 2026 Reg M-A",
  "players": [
    "ikuyo_vgc",
    "atfalse"
  ],
  "log": "|j|\u2606ikuyo_vgc\n|j|\u2606atfalse\n|t:|1775930560\n|gametype|doubles\n|player|p1|ikuyo_vgc|169|1215\n|player|p2|atfalse|shadowtriad|1310\n|gen|9\n|tier|[Gen 9 Champions] VGC 2026 Reg M-A\n|rated|\n|rule|Species Clause: Limit one of each Pok\u00e9mon\n|rule|Item Clause: Limit 1 of each item\n|clearpoke\n|poke|p1|Blastoise, L50, F|\n|poke|p1|Sableye, L50, M|\n|poke|p1|Pelipper, L50, F|\n|poke|p1|Archaludon, L50, M|\n|poke|p1|Basculegion, L50, M|\n|poke|p1|Weavile, L50, F|\n|poke|p2|Maushold, L50|\n|poke|p2|Garchomp, L50, F|\n|poke|p2|Rotom-Wash, L50|\n|poke|p2|Floette-Eternal, L50, F|\n|poke|p2|Talonflame, L50, F|\n|poke|p2|Aegislash, L50, F|\n|teampreview|4\n|inactive|Battle timer is ON: inactive players will automatically lose when time's up. (requested by atfalse)\n|\n|t:|1775930591\n|teamsize|p1|4\n|teamsize|p2|4\n|start\n|switch|p1a: Blastoise|Blastoise, L50, F|100/100\n|switch|p1b: Pelipper|Pelipper, L50, F|100/100\n|switch|p2a: Floette|Floette-Eternal, L50, F|100/100\n|switch|p2b: Maushold|Maushold, L50|100/100\n|-weather|RainDance|[from] ability: Drizzle|[of] p1b: Pelipper\n|turn|1\n|\n|t:|1775930604\n|detailschange|p2a: Floette|Floette-Mega, L50, F\n|-mega|p2a: Floette|Floette|Floettite\n|-ability|p2a: Floette|Fairy Aura\n|move|p1a: Blastoise|Fake Out|p2a: Floette\n|-damage|p2a: Floette|95/100\n|move|p2b: Maushold|Follow Me|p2b: Maushold\n|-singleturn|p2b: Maushold|move: Follow Me\n|move|p1b: Pelipper|Tailwind|p1b: Pelipper\n|-sidestart|p1: ikuyo_vgc|move: Tailwind\n|cant|p2a: Floette|flinch\n|\n|-weather|RainDance|[upkeep]\n|upkeep\n|turn|2\n|\n|t:|1775930624\n|detailschange|p1a: Blastoise|Blastoise-Mega, L50, F\n|-mega|p1a: Blastoise|Blastoise|Blastoisinite\n|move|p2b: Maushold|Follow Me|p2b: Maushold\n|-singleturn|p2b: Maushold|move: Follow Me\n|move|p1b: Pelipper|Weather Ball|p2b: Maushold\n|-damage|p2b: Maushold|18/100\n|move|p1a: Blastoise|Water Spout|p2a: Floette|[spread] p2a,p2b\n|-damage|p2a: Floette|45/100\n|-damage|p2b: Maushold|0 fnt\n|faint|p2b: Maushold\n|move|p2a: Floette|Calm Mind|p2a: Floette\n|-boost|p2a: Floette|spa|1\n|-boost|p2a: Floette|spd|1\n|\n|-weather|RainDance|[upkeep]\n|upkeep\n|\n|t:|1775930634\n|switch|p2b: Rotom|Rotom-Wash, L50|100/100\n|turn|3\n|\n|t:|1775930643\n|move|p2a: Floette|Protect|p2a: Floette\n|-singleturn|p2a: Floette|Protect\n|move|p1b: Pelipper|Weather Ball|p2b: Rotom\n|-resisted|p2b: Rotom|1\n|-damage|p2b: Rotom|65/100\n|move|p1a: Blastoise|Water Spout|p2b: Rotom|[spread] p2b\n|-activate|p2a: Floette|move: Protect\n|-resisted|p2b: Rotom|1\n|-damage|p2b: Rotom|11/100\n|-enditem|p2b: Rotom|Sitrus Berry|[eat]\n|-heal|p2b: Rotom|36/100|[from] item: Sitrus Berry\n|move|p2b: Rotom|Thunderbolt|p1a: Blastoise\n|-supereffective|p1a: Blastoise|1\n|-damage|p1a: Blastoise|28/100\n|\n|-weather|RainDance|[upkeep]\n|upkeep\n|turn|4\n|inactive|atfalse has 30 seconds left.\n|\n|t:|1775930669\n|move|p1b: Pelipper|Weather Ball|p2a: Floette\n|-damage|p2a: Floette|15/100\n|move|p1a: Blastoise|Water Pulse|p2a: Floette\n|-damage|p2a: Floette|0 fnt\n|faint|p2a: Floette\n|move|p2b: Rotom|Thunderbolt|p1b: Pelipper\n|-supereffective|p1b: Pelipper|2\n|-enditem|p1b: Pelipper|Focus Sash\n|-damage|p1b: Pelipper|1/100\n|-status|p1b: Pelipper|par\n|\n|-weather|RainDance|[upkeep]\n|-sideend|p1: ikuyo_vgc|move: Tailwind\n|upkeep\n|\n|t:|1775930688\n|switch|p2a: Garchomp|Garchomp, L50, F|100/100\n|turn|5\n|\n|t:|1775930699\n|move|p2a: Garchomp|Stomping Tantrum|p1a: Blastoise\n|-damage|p1a: Blastoise|0 fnt\n|faint|p1a: Blastoise\n|move|p2b: Rotom|Thunderbolt|p1b: Pelipper\n|-supereffective|p1b: Pelipper|2\n|-damage|p1b: Pelipper|0 fnt\n|faint|p1b: Pelipper\n|\n|-weather|none\n|upkeep\n|\n|t:|1775930707\n|switch|p1b: Basculegion|Basculegion, L50, M|100/100\n|switch|p1a: Archaludon|Archaludon, L50, M|100/100\n|turn|6\n|\n|t:|1775930718\n|move|p1b: Basculegion|Last Respects|p2b: Rotom\n|-damage|p2b: Rotom|0 fnt\n|faint|p2b: Rotom\n|move|p2a: Garchomp|Earthquake|p1b: Basculegion|[spread] p1a,p1b\n|-supereffective|p1a: Archaludon|1\n|-damage|p1a: Archaludon|36/100\n|-damage|p1b: Basculegion|44/100\n|-ability|p1a: Archaludon|Stamina|boost\n|-boost|p1a: Archaludon|def|1\n|move|p1a: Archaludon|Draco Meteor|p2a: Garchomp\n|-supereffective|p2a: Garchomp|1\n|-damage|p2a: Garchomp|0 fnt\n|-unboost|p1a: Archaludon|spa|2\n|faint|p2a: Garchomp\n|\n|win|ikuyo_vgc\n|raw|ikuyo_vgc's rating: 1215 &rarr; <strong>1247</strong><br />(+32 for winning)\n|raw|atfalse's rating: 1310 &rarr; <strong>1285</strong><br />(-25 for losing)\n|l|\u2606atfalse\n|player|p2|\n",
  "uploadtime": 1775930736,
  "views": 63,
  "formatid": "gen9championsvgc2026regma",
  "rating": 1247,
  "private": 0,
  "password": null
}