{
  "id": "gen9championsvgc2026regma-2586399605",
  "format": "[Gen 9 Champions] VGC 2026 Reg M-A",
  "players": [
    "blog2",
    "stel on demand"
  ],
  "log": "|j|\u2606blog2\n|j|\u2606stel on demand\n|t:|1776431921\n|gametype|doubles\n|player|p1|blog2|2|1038\n|player|p2|stel on demand|skierf-gen4dp|1014\n|gen|9\n|tier|[Gen 9 Champions] VGC 2026 Reg M-A\n|rated|\n|rule|Species Clause: Limit one of each Pok\u00e9mon\n|rule|Item Clause: Limit 1 of each item\n|clearpoke\n|poke|p1|Dragonite, L50, F|\n|poke|p1|Sinistcha, L50|\n|poke|p1|Greninja-*, L50, F|\n|poke|p1|Whimsicott, L50, M|\n|poke|p1|Incineroar, L50, F|\n|poke|p1|Aegislash, L50, F|\n|poke|p2|Aerodactyl, L50, F|\n|poke|p2|Blastoise, L50, M|\n|poke|p2|Starmie, L50|\n|poke|p2|Pelipper, L50, M|\n|poke|p2|Kangaskhan, L50, F|\n|poke|p2|Sinistcha-Masterpiece, L50|\n|teampreview|4\nblog2 has agreed to open team sheets.\n|inactive|Battle timer is ON: inactive players will automatically lose when time's up. (requested by stel on demand)\n|\n|t:|1776431957\n|teamsize|p1|4\n|teamsize|p2|4\n|start\n|switch|p1a: Dragonite|Dragonite, L50, F|100/100\n|switch|p1b: Whimsicott|Whimsicott, L50, M|100/100\n|switch|p2a: Pelipper|Pelipper, L50, M|100/100\n|switch|p2b: Blastoise|Blastoise, L50, M|100/100\n|-weather|RainDance|[from] ability: Drizzle|[of] p2a: Pelipper\n|turn|1\n|\n|t:|1776431968\n|detailschange|p2b: Blastoise|Blastoise-Mega, L50, M\n|-mega|p2b: Blastoise|Blastoise|Blastoisinite\n|detailschange|p1a: Dragonite|Dragonite-Mega, L50, F\n|-mega|p1a: Dragonite|Dragonite|Dragoninite\n|move|p2b: Blastoise|Fake Out|p1b: Whimsicott\n|-damage|p1b: Whimsicott|90/100\n|cant|p1b: Whimsicott|flinch\n|move|p1a: Dragonite|Thunderbolt|p2a: Pelipper\n|-supereffective|p2a: Pelipper|2\n|-damage|p2a: Pelipper|0 fnt\n|faint|p2a: Pelipper\n|\n|-weather|RainDance|[upkeep]\n|upkeep\n|\n|t:|1776431971\n|switch|p2a: Aerodactyl|Aerodactyl, L50, F, shiny|100/100\n|-ability|p2a: Aerodactyl|Unnerve\n|turn|2\n|\n|t:|1776431985\n|move|p1b: Whimsicott|Tailwind|p1b: Whimsicott\n|-sidestart|p1: blog2|move: Tailwind\n|move|p1a: Dragonite|Thunderbolt|p2a: Aerodactyl\n|-supereffective|p2a: Aerodactyl|1\n|-enditem|p2a: Aerodactyl|Focus Sash\n|-damage|p2a: Aerodactyl|1/100\n|move|p2a: Aerodactyl|Rock Slide|p1a: Dragonite|[spread] p1a,p1b\n|-supereffective|p1a: Dragonite|1\n|-damage|p1a: Dragonite|79/100\n|-damage|p1b: Whimsicott|57/100\n|move|p2b: Blastoise|Water Spout|p1a: Dragonite|[spread] p1a,p1b\n|-resisted|p1a: Dragonite|1\n|-resisted|p1b: Whimsicott|1\n|-damage|p1a: Dragonite|53/100\n|-damage|p1b: Whimsicott|10/100\n|\n|-weather|RainDance|[upkeep]\n|upkeep\n|turn|3\n|inactive|stel on demand has 30 seconds left.\n|\n|t:|1776432013\n|move|p1b: Whimsicott|Protect|p1b: Whimsicott\n|-singleturn|p1b: Whimsicott|Protect\n|move|p1a: Dragonite|Thunderbolt|p2b: Blastoise\n|-supereffective|p2b: Blastoise|1\n|-damage|p2b: Blastoise|33/100\n|move|p2a: Aerodactyl|Rock Slide|p1b: Whimsicott|[spread] p1a\n|-activate|p1b: Whimsicott|move: Protect\n|-supereffective|p1a: Dragonite|1\n|-damage|p1a: Dragonite|10/100\n|move|p2b: Blastoise|Water Spout|p1a: Dragonite|[spread] p1a\n|-activate|p1b: Whimsicott|move: Protect\n|-resisted|p1a: Dragonite|1\n|-damage|p1a: Dragonite|2/100\n|\n|-weather|RainDance|[upkeep]\n|upkeep\n|turn|4\n|\n|t:|1776432024\n|move|p2b: Blastoise|Protect|p2b: Blastoise\n|-singleturn|p2b: Blastoise|Protect\n|move|p1b: Whimsicott|Moonblast|p2a: Aerodactyl\n|-damage|p2a: Aerodactyl|0 fnt\n|faint|p2a: Aerodactyl\n|move|p1a: Dragonite|Thunderbolt|p2b: Blastoise\n|-activate|p2b: Blastoise|move: Protect\n|\n|-weather|RainDance|[upkeep]\n|upkeep\n|\n|t:|1776432028\n|switch|p2a: Kangaskhan|Kangaskhan, L50, F|100/100\n|turn|5\n|\n|t:|1776432053\n|move|p1b: Whimsicott|Protect|p1b: Whimsicott\n|-singleturn|p1b: Whimsicott|Protect\n|move|p1a: Dragonite|Protect|p1a: Dragonite\n|-singleturn|p1a: Dragonite|Protect\n|move|p2a: Kangaskhan|Fake Out|p1a: Dragonite\n|-activate|p1a: Dragonite|move: Protect\n|move|p2b: Blastoise|Weather Ball|p1b: Whimsicott\n|-activate|p1b: Whimsicott|move: Protect\n|\n|-weather|none\n|-sideend|p1: blog2|move: Tailwind\n|upkeep\n|turn|6\n|\n|t:|1776432071\n|move|p1b: Whimsicott|Tailwind|p1b: Whimsicott\n|-sidestart|p1: blog2|move: Tailwind\n|move|p1a: Dragonite|Thunderbolt|p2b: Blastoise\n|-supereffective|p2b: Blastoise|1\n|-damage|p2b: Blastoise|0 fnt\n|faint|p2b: Blastoise\n|move|p2a: Kangaskhan|Drain Punch|p1a: Dragonite\n|-resisted|p1a: Dragonite|1\n|-damage|p1a: Dragonite|0 fnt\n|faint|p1a: Dragonite\n|\n|upkeep\n|\n|t:|1776432075\n|switch|p1a: Sinistcha|Sinistcha, L50|100/100\n|-heal|p1b: Whimsicott|35/100|[from] ability: Hospitality|[of] p1a: Sinistcha\n|turn|7\n|\n|t:|1776432088\n|move|p1b: Whimsicott|Encore|p2a: Kangaskhan\n|-start|p2a: Kangaskhan|Encore\n|move|p1a: Sinistcha|Matcha Gotcha|p2a: Kangaskhan\n|-damage|p2a: Kangaskhan|56/100\n|move|p2a: Kangaskhan|Drain Punch|p1b: Whimsicott\n|-resisted|p1b: Whimsicott|1\n|-crit|p1b: Whimsicott\n|-damage|p1b: Whimsicott|15/100\n|-heal|p2a: Kangaskhan|65/100|[from] drain|[of] p1b: Whimsicott\n|\n|upkeep\n|turn|8\n|\n|t:|1776432098\n|switch|p1b: Aegislash|Aegislash, L50, F|100/100\n|move|p1a: Sinistcha|Matcha Gotcha|p2a: Kangaskhan\n|-damage|p2a: Kangaskhan|19/100\n|move|p2a: Kangaskhan|Drain Punch|p1a: Sinistcha\n|-damage|p1a: Sinistcha|81/100\n|-heal|p2a: Kangaskhan|29/100|[from] drain|[of] p1a: Sinistcha\n|\n|upkeep\n|turn|9\n|\n|t:|1776432106\n|move|p1a: Sinistcha|Matcha Gotcha|p2a: Kangaskhan\n|-damage|p2a: Kangaskhan|0 fnt\n|-heal|p1a: Sinistcha|95/100|[from] drain|[of] p2a: Kangaskhan\n|faint|p2a: Kangaskhan\n|\n|win|blog2\n|raw|blog2's rating: 1038 &rarr; <strong>1070</strong><br />(+32 for winning)\n|raw|stel on demand's rating: 1014 &rarr; <strong>1003</strong><br />(-11 for losing)\n|l|\u2606stel on demand\n|player|p2|\n",
  "uploadtime": 1776432115,
  "views": 27,
  "formatid": "gen9championsvgc2026regma",
  "rating": 1003,
  "private": 0,
  "password": null
}