{
  "id": "gen9championsvgc2026regma-2584516176",
  "format": "[Gen 9 Champions] VGC 2026 Reg M-A",
  "players": [
    "XDscatoliniz",
    "dwvwdvwvcvrrrr"
  ],
  "log": "|j|\u2606XDscatoliniz\n|j|\u203ddwvwdvwvcvrrrr\n|t:|1776265995\n|gametype|doubles\n|player|p1|XDscatoliniz|sabrina|1134\n|player|p2|dwvwdvwvcvrrrr|1|1075\n|gen|9\n|tier|[Gen 9 Champions] VGC 2026 Reg M-A\n|rated|\n|rule|Species Clause: Limit one of each Pok\u00e9mon\n|rule|Item Clause: Limit 1 of each item\n|clearpoke\n|poke|p1|Froslass, L50, F|\n|poke|p1|Aerodactyl, L50, F|\n|poke|p1|Garchomp, L50, F|\n|poke|p1|Rotom-Frost, L50|\n|poke|p1|Farigiraf, L50, F|\n|poke|p1|Primarina, L50, F|\n|poke|p2|Hippowdon, L50, M|\n|poke|p2|Meowscarada, L50, M|\n|poke|p2|Garchomp, L50, F|\n|poke|p2|Cofagrigus, L50, F|\n|poke|p2|Bellibolt, L50, M|\n|poke|p2|Incineroar, L50, M|\n|teampreview|4\ndwvwdvwvcvrrrr rejected open team sheets.\n|\n|t:|1776266052\n|teamsize|p1|4\n|teamsize|p2|4\n|start\n|switch|p1a: Froslass|Froslass, L50, F|100/100\n|switch|p1b: Aerodactyl|Aerodactyl, L50, F|100/100\n|switch|p2a: Cofagrigus|Cofagrigus, L50, F|100/100\n|switch|p2b: Incineroar|Incineroar, L50, M|100/100\n|-ability|p1b: Aerodactyl|Unnerve\n|-ability|p2b: Incineroar|Intimidate|boost\n|-unboost|p1a: Froslass|atk|1\n|-unboost|p1b: Aerodactyl|atk|1\n|turn|1\n|\n|t:|1776266073\n|detailschange|p1a: Froslass|Froslass-Mega, L50, F\n|-mega|p1a: Froslass|Froslass|Froslassite\n|-weather|Snowscape|[from] ability: Snow Warning|[of] p1a: Froslass\n|move|p1b: Aerodactyl|Protect|p1b: Aerodactyl\n|-singleturn|p1b: Aerodactyl|Protect\n|move|p2b: Incineroar|Fake Out|p1b: Aerodactyl\n|-activate|p1b: Aerodactyl|move: Protect\n|move|p1a: Froslass|Blizzard|p2b: Incineroar|[spread] p2a,p2b\n|-resisted|p2b: Incineroar|1\n|-damage|p2a: Cofagrigus|37/100\n|-damage|p2b: Incineroar|80/100\n|move|p2a: Cofagrigus|Trick Room|p2a: Cofagrigus\n|-fieldstart|move: Trick Room|[of] p2a: Cofagrigus\n|\n|-weather|Snowscape|[upkeep]\n|upkeep\n|turn|2\n|\n|t:|1776266104\n|switch|p1b: Farigiraf|Farigiraf, L50, F|100/100\n|move|p1a: Froslass|Protect|p1a: Froslass\n|-singleturn|p1a: Froslass|Protect\n|move|p2a: Cofagrigus|Shadow Ball|p1a: Froslass\n|-activate|p1a: Froslass|move: Protect\n|move|p2b: Incineroar|Parting Shot|p1b: Farigiraf\n|-unboost|p1b: Farigiraf|atk|1\n|-unboost|p1b: Farigiraf|spa|1\n|\n|t:|1776266115\n|switch|p2b: Bellibolt|Bellibolt, L50, M|100/100|[from] Parting Shot\n|\n|-weather|Snowscape|[upkeep]\n|upkeep\n|turn|3\n|\n|t:|1776266133\n|switch|p1a: Aerodactyl|Aerodactyl, L50, F|100/100\n|-ability|p1a: Aerodactyl|Unnerve\n|move|p2a: Cofagrigus|Giga Drain|p1b: Farigiraf\n|-damage|p1b: Farigiraf|82/100\n|-heal|p2a: Cofagrigus|54/100|[from] drain|[of] p1b: Farigiraf\n|move|p2b: Bellibolt|Soak|p1a: Aerodactyl\n|-start|p1a: Aerodactyl|typechange|Water\n|move|p1b: Farigiraf|Trick Room|p1b: Farigiraf\n|-fieldend|move: Trick Room\n|\n|-weather|Snowscape|[upkeep]\n|upkeep\n|turn|4\n|\n|t:|1776266150\n|move|p1a: Aerodactyl|Rock Slide|p2b: Bellibolt|[spread] p2a,p2b\n|-damage|p2a: Cofagrigus|40/100\n|-damage|p2b: Bellibolt|89/100\n|-start|p2b: Bellibolt|Charge|Rock Slide|[from] ability: Electromorphosis\n|move|p1b: Farigiraf|Imprison|p1b: Farigiraf\n|-start|p1b: Farigiraf|move: Imprison\n|move|p2b: Bellibolt|Soak|p1b: Farigiraf\n|-start|p1b: Farigiraf|typechange|Water\n|cant|p2a: Cofagrigus|move: Imprison|Trick Room\n|\n|-weather|Snowscape|[upkeep]\n|-heal|p2b: Bellibolt|95/100|[from] item: Leftovers\n|upkeep\n|turn|5\n|\n|t:|1776266184\n|move|p1a: Aerodactyl|Dual Wingbeat|p2a: Cofagrigus\n|-damage|p2a: Cofagrigus|31/100\n|-activate|p2a: Cofagrigus|ability: Mummy|p1a: Aerodactyl|[ability] Unnerve\n|-damage|p2a: Cofagrigus|20/100\n|-hitcount|p2a: Cofagrigus|2\n|move|p1b: Farigiraf|Psychic|p2a: Cofagrigus\n|-damage|p2a: Cofagrigus|0 fnt\n|faint|p2a: Cofagrigus\n|move|p2b: Bellibolt|Parabolic Charge|p1a: Aerodactyl|[spread] p1a,p1b\n|-supereffective|p1a: Aerodactyl|1\n|-supereffective|p1b: Farigiraf|1\n|-enditem|p1a: Aerodactyl|Focus Sash\n|-damage|p1a: Aerodactyl|1/100\n|-heal|p2b: Bellibolt|100/100|[from] drain|[of] p1a: Aerodactyl\n|-damage|p1b: Farigiraf|9/100\n|-enditem|p1b: Farigiraf|Sitrus Berry|[eat]\n|-heal|p1b: Farigiraf|34/100|[from] item: Sitrus Berry\n|-end|p2b: Bellibolt|Charge|[silent]\n|\n|-weather|none\n|upkeep\n|\n|t:|1776266203\n|switch|p2a: Incineroar|Incineroar, L50, M|80/100\n|-ability|p2a: Incineroar|Intimidate|boost\n|-unboost|p1a: Aerodactyl|atk|1\n|-unboost|p1b: Farigiraf|atk|1\n|turn|6\n|\n|t:|1776266223\n|move|p1a: Aerodactyl|Rock Slide|p2b: Bellibolt|[spread] p2a\n|-miss|p1a: Aerodactyl|p2b: Bellibolt\n|-supereffective|p2a: Incineroar|1\n|-damage|p2a: Incineroar|60/100\n|move|p2a: Incineroar|Darkest Lariat|p1a: Aerodactyl\n|-damage|p1a: Aerodactyl|0 fnt\n|-activate|p1a: Aerodactyl|ability: Mummy|p2a: Incineroar|[ability] Intimidate\n|faint|p1a: Aerodactyl\n|move|p1b: Farigiraf|Psychic|p2b: Bellibolt\n|-damage|p2b: Bellibolt|83/100\n|-start|p2b: Bellibolt|Charge|Psychic|[from] ability: Electromorphosis\n|move|p2b: Bellibolt|Parabolic Charge|p1b: Farigiraf|[spread] p2a,p1b\n|-supereffective|p1b: Farigiraf|1\n|-crit|p1b: Farigiraf\n|-damage|p2a: Incineroar|18/100\n|-heal|p2b: Bellibolt|100/100|[from] drain|[of] p2a: Incineroar\n|-damage|p1b: Farigiraf|0 fnt\n|-enditem|p2a: Incineroar|Sitrus Berry|[eat]\n|-heal|p2a: Incineroar|43/100|[from] item: Sitrus Berry\n|faint|p1b: Farigiraf\n|-end|p2b: Bellibolt|Charge|[silent]\n|\n|upkeep\n|\n|t:|1776266244\n|switch|p1a: Froslass|Froslass-Mega, L50, F|100/100\n|switch|p1b: Garchomp|Garchomp, L50, F|100/100\n|-weather|Snowscape|[from] ability: Snow Warning|[of] p1a: Froslass\n|turn|7\n|\n|t:|1776266254\n|switch|p2a: Meowscarada|Meowscarada, L50, M|100/100\n|move|p1a: Froslass|Protect|p1a: Froslass\n|-singleturn|p1a: Froslass|Protect\n|move|p2b: Bellibolt|Protect|p2b: Bellibolt\n|-singleturn|p2b: Bellibolt|Protect\n|move|p1b: Garchomp|Earthquake|p2b: Bellibolt|[spread] p2a\n|-activate|p1a: Froslass|move: Protect\n|-activate|p2b: Bellibolt|move: Protect\n|-resisted|p2a: Meowscarada|1\n|-damage|p2a: Meowscarada|69/100\n|\n|-weather|Snowscape|[upkeep]\n|upkeep\n|turn|8\n|\n|t:|1776266271\n|move|p2a: Meowscarada|Triple Axel|p1b: Garchomp\n|-start|p2a: Meowscarada|typechange|Ice|[from] ability: Protean\n|-supereffective|p1b: Garchomp|2\n|-damage|p1b: Garchomp|68/100\n|-damage|p2a: Meowscarada|57/100|[from] ability: Rough Skin|[of] p1b: Garchomp\n|-supereffective|p1b: Garchomp|2\n|-damage|p1b: Garchomp|10/100\n|-damage|p2a: Meowscarada|44/100|[from] ability: Rough Skin|[of] p1b: Garchomp\n|-supereffective|p1b: Garchomp|2\n|-damage|p1b: Garchomp|0 fnt\n|-damage|p2a: Meowscarada|32/100|[from] ability: Rough Skin|[of] p1b: Garchomp\n|faint|p1b: Garchomp\n|-hitcount|p1: Garchomp|3\n|move|p1a: Froslass|Blizzard|p2b: Bellibolt|[spread] p2a,p2b\n|-resisted|p2a: Meowscarada|1\n|-damage|p2a: Meowscarada|0 fnt\n|-damage|p2b: Bellibolt|49/100\n|-start|p2b: Bellibolt|Charge|Blizzard|[from] ability: Electromorphosis\n|faint|p2a: Meowscarada\n|move|p2b: Bellibolt|Soak|p1a: Froslass\n|-start|p1a: Froslass|typechange|Water\n|\n|-weather|Snowscape|[upkeep]\n|-heal|p2b: Bellibolt|55/100|[from] item: Leftovers\n|upkeep\n|\n|t:|1776266291\n|switch|p2a: Incineroar|Incineroar, L50, M|43/100\n|-ability|p2a: Incineroar|Intimidate|boost\n|-unboost|p1a: Froslass|atk|1\n|turn|9\n|\n|t:|1776266305\n|move|p2a: Incineroar|Fake Out|p1a: Froslass\n|-damage|p1a: Froslass|84/100\n|cant|p1a: Froslass|flinch\n|move|p2b: Bellibolt|Parabolic Charge|p1a: Froslass|[spread] p2a,p1a\n|-supereffective|p1a: Froslass|1\n|-damage|p2a: Incineroar|5/100\n|-heal|p2b: Bellibolt|73/100|[from] drain|[of] p2a: Incineroar\n|-damage|p1a: Froslass|0 fnt\n|-heal|p2b: Bellibolt|100/100|[from] drain|[of] p1a: Froslass\n|faint|p1a: Froslass\n|-end|p2b: Bellibolt|Charge|[silent]\n|\n|win|dwvwdvwvcvrrrr\n|raw|XDscatoliniz's rating: 1134 &rarr; <strong>1105</strong><br />(-29 for losing)\n|raw|dwvwdvwvcvrrrr's rating: 1075 &rarr; <strong>1109</strong><br />(+34 for winning)\n|l|\u2606XDscatoliniz\n|player|p1|\n",
  "uploadtime": 1776266364,
  "views": 46,
  "formatid": "gen9championsvgc2026regma",
  "rating": 1105,
  "private": 0,
  "password": null
}