{
  "id": "gen9championsvgc2026regma-2583651788",
  "format": "[Gen 9 Champions] VGC 2026 Reg M-A",
  "players": [
    "SwedishMorris",
    "B. Farro"
  ],
  "log": "|j|\u2606SwedishMorris\n|j|\u2606B. Farro\n|t:|1776188861\n|gametype|doubles\n|player|p1|SwedishMorris|101|1182\n|player|p2|B. Farro|ingo|1155\n|gen|9\n|tier|[Gen 9 Champions] VGC 2026 Reg M-A\n|rated|\n|rule|Species Clause: Limit one of each Pok\u00e9mon\n|rule|Item Clause: Limit 1 of each item\n|clearpoke\n|poke|p1|Floette-Eternal, L50, F|\n|poke|p1|Espathra, L50, M|\n|poke|p1|Typhlosion-Hisui, L50, F|\n|poke|p1|Incineroar, L50, M|\n|poke|p1|Conkeldurr, L50, F|\n|poke|p1|Maushold, L50|\n|poke|p2|Glimmora, L50, F|\n|poke|p2|Whimsicott, L50, F|\n|poke|p2|Altaria, L50, F|\n|poke|p2|Tauros-Paldea-Blaze, L50, M|\n|poke|p2|Garchomp, L50, F|\n|poke|p2|Kangaskhan, L50, F|\n|teampreview|4\n|inactive|Battle timer is ON: inactive players will automatically lose when time's up. (requested by SwedishMorris)\nSwedishMorris rejected open team sheets.\n|inactive|B. Farro has 60 seconds left.\n|\n|t:|1776188923\n|teamsize|p1|4\n|teamsize|p2|4\n|start\n|switch|p1a: Espathra|Espathra, L50, M|100/100\n|switch|p1b: Maushold|Maushold, L50|100/100\n|switch|p2a: Glimmora|Glimmora, L50, F|100/100\n|switch|p2b: Tauros|Tauros-Paldea-Blaze, L50, M|100/100\n|-ability|p2b: Tauros|Intimidate|boost\n|-unboost|p1a: Espathra|atk|1\n|-unboost|p1b: Maushold|atk|1\n|turn|1\n|inactive|SwedishMorris has 30 seconds left.\n|inactive|B. Farro has 30 seconds left.\n|inactive|SwedishMorris has 20 seconds left.\n|\n|t:|1776188960\n|switch|p2a: Whimsicott|Whimsicott, L50, F|100/100\n|move|p1b: Maushold|Follow Me|p1b: Maushold\n|-singleturn|p1b: Maushold|move: Follow Me\n|move|p2b: Tauros|Close Combat|p1b: Maushold\n|-supereffective|p1b: Maushold|1\n|-enditem|p1b: Maushold|Chople Berry|[eat]\n|-enditem|p1b: Maushold|Chople Berry|[weaken]\n|-damage|p1b: Maushold|29/100\n|-unboost|p2b: Tauros|def|1\n|-unboost|p2b: Tauros|spd|1\n|-enditem|p2b: Tauros|White Herb\n|-clearnegativeboost|p2b: Tauros|[silent]\n|move|p1a: Espathra|Calm Mind|p1a: Espathra\n|-boost|p1a: Espathra|spa|1\n|-boost|p1a: Espathra|spd|1\n|\n|-ability|p1a: Espathra|Speed Boost|boost\n|-boost|p1a: Espathra|spe|1\n|upkeep\n|turn|2\n|inactive|B. Farro has 30 seconds left.\n|\n|t:|1776188986\n|move|p1a: Espathra|Protect|p1a: Espathra\n|-singleturn|p1a: Espathra|Protect\n|move|p2a: Whimsicott|Encore|p1a: Espathra\n|-activate|p1a: Espathra|move: Protect\n|move|p1b: Maushold|Taunt|p2a: Whimsicott\n|-start|p2a: Whimsicott|move: Taunt\n|move|p2b: Tauros|Close Combat|p1b: Maushold\n|-supereffective|p1b: Maushold|1\n|-damage|p1b: Maushold|0 fnt\n|-unboost|p2b: Tauros|def|1\n|-unboost|p2b: Tauros|spd|1\n|faint|p1b: Maushold\n|\n|-ability|p1a: Espathra|Speed Boost|boost\n|-boost|p1a: Espathra|spe|1\n|upkeep\n|\n|t:|1776189002\n|switch|p1b: Conkeldurr|Conkeldurr, L50, F|100/100\n|turn|3\n|inactive|SwedishMorris has 30 seconds left.\n|\n|t:|1776189033\n|move|p2b: Tauros|Protect|p2b: Tauros\n|-singleturn|p2b: Tauros|Protect\n|move|p1b: Conkeldurr|Detect|p1b: Conkeldurr\n|-singleturn|p1b: Conkeldurr|Protect\n|move|p1a: Espathra|Substitute|p1a: Espathra\n|-start|p1a: Espathra|Substitute\n|-damage|p1a: Espathra|76/100\n|move|p2a: Whimsicott|Moonblast|p1b: Conkeldurr\n|-activate|p1b: Conkeldurr|move: Protect\n|\n|-ability|p1a: Espathra|Speed Boost|boost\n|-boost|p1a: Espathra|spe|1\n|upkeep\n|turn|4\n|inactive|B. Farro has 30 seconds left.\n|\n|t:|1776189061\n|move|p1b: Conkeldurr|Mach Punch|p2a: Whimsicott\n|-resisted|p2a: Whimsicott|1\n|-damage|p2a: Whimsicott|73/100\n|move|p1a: Espathra|Baton Pass|p1a: Espathra\n|\n|t:|1776189065\n|switch|p1a: Floette|Floette-Eternal, L50, F|100/100|[from] Baton Pass\n|move|p2a: Whimsicott|Moonblast|p1b: Conkeldurr\n|-supereffective|p1b: Conkeldurr|1\n|-damage|p1b: Conkeldurr|12/100\n|move|p2b: Tauros|Flare Blitz|p1a: Floette\n|-end|p1a: Floette|Substitute\n|-damage|p2b: Tauros|90/100|[from] Recoil|[of] p1a: Floette\n|\n|upkeep\n|turn|5\n|inactive|SwedishMorris has 30 seconds left.\n|inactive|B. Farro has 30 seconds left.\n|\n|t:|1776189097\n|switch|p2a: Garchomp|Garchomp, L50, F|100/100\n|switch|p1b: Espathra|Espathra, L50, M|76/100\n|detailschange|p1a: Floette|Floette-Mega, L50, F\n|-mega|p1a: Floette|Floette|Floettite\n|-ability|p1a: Floette|Fairy Aura\n|move|p1a: Floette|Dazzling Gleam|p2b: Tauros|[spread] p2a,p2b\n|-supereffective|p2a: Garchomp|1\n|-damage|p2a: Garchomp|0 fnt\n|-damage|p2b: Tauros|0 fnt\n|faint|p2a: Garchomp\n|faint|p2b: Tauros\n|\n|upkeep\n|\n|t:|1776189106\n|switch|p2a: Whimsicott|Whimsicott, L50, F|73/100\n|switch|p2b: Glimmora|Glimmora, L50, F|100/100\n|turn|6\n|\n|t:|1776189129\n|detailschange|p2b: Glimmora|Glimmora-Mega, L50, F\n|-mega|p2b: Glimmora|Glimmora|Glimmoranite\n|move|p1a: Floette|Moonblast|p2b: Glimmora\n|-resisted|p2b: Glimmora|1\n|-damage|p2b: Glimmora|33/100\n|move|p2b: Glimmora|Sludge Bomb|p1a: Floette\n|-supereffective|p1a: Floette|1\n|-damage|p1a: Floette|30/100\n|move|p2a: Whimsicott|Energy Ball|p1a: Floette\n|-damage|p1a: Floette|13/100\n|move|p1b: Espathra|Substitute|p1b: Espathra\n|-start|p1b: Espathra|Substitute\n|-damage|p1b: Espathra|51/100\n|\n|-ability|p1b: Espathra|Speed Boost|boost\n|-boost|p1b: Espathra|spe|1\n|upkeep\n|turn|7\n|\n|t:|1776189154\n|move|p2b: Glimmora|Spiky Shield|p2b: Glimmora\n|-singleturn|p2b: Glimmora|move: Protect\n|move|p1a: Floette|Dazzling Gleam|p2a: Whimsicott|[spread] p2a\n|-activate|p2b: Glimmora|move: Protect\n|-damage|p2a: Whimsicott|0 fnt\n|faint|p2a: Whimsicott\n|move|p1b: Espathra|Baton Pass|p1b: Espathra\n|\n|t:|1776189163\n|switch|p1b: Conkeldurr|Conkeldurr, L50, F|12/100|[from] Baton Pass\n|\n|upkeep\n|turn|8\n|-message|B. Farro forfeited.\n|\n|win|SwedishMorris\n|raw|SwedishMorris's rating: 1182 &rarr; <strong>1205</strong><br />(+23 for winning)\n|raw|B. Farro's rating: 1155 &rarr; <strong>1132</strong><br />(-23 for losing)\n|c|\u2606SwedishMorris|gg\n|c|\u2606B. Farro|gg\n",
  "uploadtime": 1776189178,
  "views": 16,
  "formatid": "gen9championsvgc2026regma",
  "rating": 1132,
  "private": 0,
  "password": null
}