{
  "id": "gen9championsvgc2026regma-2588323400",
  "format": "[Gen 9 Champions] VGC 2026 Reg M-A",
  "players": [
    "Roygrinb",
    "spideryacorn22"
  ],
  "log": "|j|\u2606Roygrinb\n|j|\u2606spideryacorn22\n|t:|1776624087\n|gametype|doubles\n|player|p1|Roygrinb|1|1092\n|player|p2|spideryacorn22|rocketgrunt|1089\n|gen|9\n|tier|[Gen 9 Champions] VGC 2026 Reg M-A\n|rated|\n|rule|Species Clause: Limit one of each Pok\u00e9mon\n|rule|Item Clause: Limit 1 of each item\n|clearpoke\n|poke|p1|Gengar, L50, M|\n|poke|p1|Sinistcha, L50|\n|poke|p1|Primarina, L50, F|\n|poke|p1|Vaporeon, L50, F|\n|poke|p1|Kommo-o, L50, F|\n|poke|p1|Abomasnow, L50, M|\n|poke|p2|Aggron, L50, M, shiny|\n|poke|p2|Farigiraf, L50, M, shiny|\n|poke|p2|Clawitzer, L50, M, shiny|\n|poke|p2|Sableye, L50, M, shiny|\n|poke|p2|Alcremie-Rainbow-Swirl, L50, F, shiny|\n|poke|p2|Crabominable, L50, M, shiny|\n|teampreview|4\nRoygrinb has agreed to open team sheets.\n|c|\u2606Roygrinb|Glhf\n|\n|t:|1776624103\n|teamsize|p1|4\n|teamsize|p2|4\n|start\n|switch|p1a: Gengar|Gengar, L50, M|100/100\n|switch|p1b: Kommo-o|Kommo-o, L50, F|100/100\n|switch|p2a: Jirafo|Farigiraf, L50, M, shiny|100/100\n|switch|p2b: Pablito|Alcremie-Rainbow-Swirl, L50, F, shiny|100/100\n|turn|1\n|\n|t:|1776624113\n|detailschange|p1a: Gengar|Gengar-Mega, L50, M\n|-mega|p1a: Gengar|Gengar|Gengarite\n|move|p1a: Gengar|Perish Song|p1a: Gengar\n|-start|p1a: Gengar|perish3|[silent]\n|-immune|p1b: Kommo-o|[from] ability: Soundproof\n|-start|p2a: Jirafo|perish3|[silent]\n|-start|p2b: Pablito|perish3|[silent]\n|-fieldactivate|move: Perish Song\n|move|p1b: Kommo-o|Clangorous Soul|p1b: Kommo-o\n|-boost|p1b: Kommo-o|atk|1\n|-boost|p1b: Kommo-o|def|1\n|-boost|p1b: Kommo-o|spa|1\n|-boost|p1b: Kommo-o|spd|1\n|-boost|p1b: Kommo-o|spe|1\n|-damage|p1b: Kommo-o|68/100\n|move|p2b: Pablito|Light Screen|p2b: Pablito\n|-sidestart|p2: spideryacorn22|move: Light Screen\n|move|p2a: Jirafo|Trick Room|p2a: Jirafo\n|-fieldstart|move: Trick Room|[of] p2a: Jirafo\n|\n|-heal|p1b: Kommo-o|74/100|[from] item: Leftovers\n|-start|p2a: Jirafo|perish3\n|-start|p2b: Pablito|perish3\n|-start|p1a: Gengar|perish3\n|upkeep\n|turn|2\n|\n|t:|1776624149\n|move|p1a: Gengar|Protect|p1a: Gengar\n|-singleturn|p1a: Gengar|Protect\n|move|p2a: Jirafo|Psychic|p1b: Kommo-o\n|-supereffective|p1b: Kommo-o|1\n|-damage|p1b: Kommo-o|26/100\n|move|p2b: Pablito|Alluring Voice|p1b: Kommo-o\n|-immune|p1b: Kommo-o|[from] ability: Soundproof\n|move|p1b: Kommo-o|Drain Punch|p2a: Jirafo\n|-damage|p2a: Jirafo|46/100\n|-heal|p1b: Kommo-o|61/100|[from] drain|[of] p2a: Jirafo\n|\n|-heal|p2a: Jirafo|52/100|[from] item: Leftovers\n|-heal|p1b: Kommo-o|68/100|[from] item: Leftovers\n|-start|p2a: Jirafo|perish2\n|-start|p2b: Pablito|perish2\n|-start|p1a: Gengar|perish2\n|upkeep\n|turn|3\n|\n|t:|1776624174\n|move|p1b: Kommo-o|Protect|p1b: Kommo-o\n|-singleturn|p1b: Kommo-o|Protect\n|move|p2a: Jirafo|Psychic|p1a: Gengar\n|-supereffective|p1a: Gengar|1\n|-damage|p1a: Gengar|0 fnt\n|faint|p1a: Gengar\n|move|p2b: Pablito|Decorate|p2a: Jirafo\n|-boost|p2a: Jirafo|atk|2\n|-boost|p2a: Jirafo|spa|2\n|\n|-heal|p2a: Jirafo|59/100|[from] item: Leftovers\n|-heal|p1b: Kommo-o|74/100|[from] item: Leftovers\n|-start|p2a: Jirafo|perish1\n|-start|p2b: Pablito|perish1\n|upkeep\n|\n|t:|1776624195\n|switch|p1a: Vaporeon|Vaporeon, L50, F|100/100\n|turn|4\n|\n|t:|1776624210\n|switch|p2a: BFG|Clawitzer, L50, M, shiny|100/100\n|move|p2b: Pablito|Decorate|p2a: BFG\n|-boost|p2a: BFG|atk|2\n|-boost|p2a: BFG|spa|2\n|move|p1a: Vaporeon|Scald|p2a: BFG\n|-resisted|p2a: BFG|1\n|-damage|p2a: BFG|88/100\n|move|p1b: Kommo-o|Drain Punch|p2a: BFG\n|-damage|p2a: BFG|28/100\n|-heal|p1b: Kommo-o|100/100|[from] drain|[of] p2a: BFG\n|\n|-start|p2b: Pablito|perish0\n|faint|p2b: Pablito\n|upkeep\n|\n|t:|1776624223\n|switch|p2b: Wey|Crabominable, L50, M, shiny|100/100\n|turn|5\n|\n|t:|1776624241\n|move|p1a: Vaporeon|Detect|p1a: Vaporeon\n|-singleturn|p1a: Vaporeon|Protect\n|move|p1b: Kommo-o|Protect|p1b: Kommo-o\n|-singleturn|p1b: Kommo-o|Protect\n|move|p2b: Wey|Bulk Up|p2b: Wey\n|-boost|p2b: Wey|atk|1\n|-boost|p2b: Wey|def|1\n|move|p2a: BFG|Dragon Pulse|p1a: Vaporeon\n|-activate|p1a: Vaporeon|move: Protect\n|\n|-sideend|p2: spideryacorn22|move: Light Screen\n|-fieldend|move: Trick Room\n|upkeep\n|turn|6\n|\n|t:|1776624261\n|switch|p2a: Jirafo|Farigiraf, L50, M, shiny|59/100\n|move|p1b: Kommo-o|Drain Punch|p2a: Jirafo\n|-damage|p2a: Jirafo|7/100\n|move|p1a: Vaporeon|Scald|p2b: Wey\n|-damage|p2b: Wey|51/100\n|move|p2b: Wey|Ice Hammer|p1b: Kommo-o\n|-supereffective|p1b: Kommo-o|1\n|-damage|p1b: Kommo-o|0 fnt\n|-unboost|p2b: Wey|spe|1\n|faint|p1b: Kommo-o\n|\n|-heal|p2a: Jirafo|13/100|[from] item: Leftovers\n|upkeep\n|\n|t:|1776624273\n|switch|p1b: Primarina|Primarina, L50, F|100/100\n|turn|7\n|\n|t:|1776624291\n|move|p2a: Jirafo|Protect|p2a: Jirafo\n|-singleturn|p2a: Jirafo|Protect\n|move|p1a: Vaporeon|Scald|p2b: Wey\n|-damage|p2b: Wey|6/100\n|-status|p2b: Wey|brn\n|move|p1b: Primarina|Surf|p2b: Wey|[spread] p2b\n|-activate|p2a: Jirafo|move: Protect\n|-immune|p1a: Vaporeon|[from] ability: Water Absorb\n|-damage|p2b: Wey|0 fnt\n|faint|p2b: Wey\n|\n|-heal|p2a: Jirafo|19/100|[from] item: Leftovers\n|upkeep\n|\n|t:|1776624301\n|switch|p2b: BFG|Clawitzer, L50, M, shiny|28/100\n|turn|8\n|\n|t:|1776624336\n|move|p1a: Vaporeon|Yawn|p2a: Jirafo\n|-start|p2a: Jirafo|move: Yawn|[of] p1a: Vaporeon\n|move|p1b: Primarina|Perish Song|p1b: Primarina\n|-immune|p1a: Vaporeon|[from] ability: Water Absorb\n|-start|p1b: Primarina|perish3|[silent]\n|-start|p2a: Jirafo|perish3|[silent]\n|-start|p2b: BFG|perish3|[silent]\n|-fieldactivate|move: Perish Song\n|move|p2b: BFG|Water Pulse|p1b: Primarina\n|-resisted|p1b: Primarina|1\n|-crit|p1b: Primarina\n|-damage|p1b: Primarina|63/100\n|move|p2a: Jirafo|Psychic|p1a: Vaporeon\n|-damage|p1a: Vaporeon|64/100\n|\n|-heal|p2a: Jirafo|25/100|[from] item: Leftovers\n|-start|p1b: Primarina|perish3\n|-start|p2b: BFG|perish3\n|-start|p2a: Jirafo|perish3\n|upkeep\n|turn|9\n|-activate|p1b: Primarina|item: Quick Claw\n|\n|t:|1776624371\n|move|p1b: Primarina|Surf|p2a: Jirafo|[spread] p2a,p2b\n|-heal|p1a: Vaporeon|89/100|[from] ability: Water Absorb|[of] p1b: Primarina\n|-resisted|p2b: BFG|1\n|-damage|p2a: Jirafo|0 fnt\n|-damage|p2b: BFG|13/100\n|faint|p2a: Jirafo\n|move|p1a: Vaporeon|Wish|p1a: Vaporeon\n|move|p2b: BFG|Water Pulse|p1b: Primarina\n|-resisted|p1b: Primarina|1\n|-damage|p1b: Primarina|37/100\n|\n|-start|p1b: Primarina|perish2\n|-start|p2b: BFG|perish2\n|upkeep\n|turn|10\n|\n|t:|1776624387\n|move|p1b: Primarina|Protect|p1b: Primarina\n|-singleturn|p1b: Primarina|Protect\n|move|p1a: Vaporeon|Yawn|p2b: BFG\n|-start|p2b: BFG|move: Yawn|[of] p1a: Vaporeon\n|move|p2b: BFG|Water Pulse|p1b: Primarina\n|-activate|p1b: Primarina|move: Protect\n|\n|-heal|p1a: Vaporeon|100/100|[from] move: Wish|[wisher] Vaporeon\n|-start|p1b: Primarina|perish1\n|-start|p2b: BFG|perish1\n|upkeep\n|turn|11\n|\n|t:|1776624400\n|move|p1a: Vaporeon|Scald|p2b: BFG\n|-resisted|p2b: BFG|1\n|-damage|p2b: BFG|0 fnt\n|faint|p2b: BFG\n|\n|win|Roygrinb\n|raw|Roygrinb's rating: 1092 &rarr; <strong>1118</strong><br />(+26 for winning)\n|raw|spideryacorn22's rating: 1089 &rarr; <strong>1066</strong><br />(-23 for losing)\n|l|\u2606spideryacorn22\n|player|p2|\n",
  "uploadtime": 1776624407,
  "views": 10,
  "formatid": "gen9championsvgc2026regma",
  "rating": 1066,
  "private": 0,
  "password": null
}