{
  "id": "gen9championsvgc2026regma-2582767201",
  "format": "[Gen 9 Champions] VGC 2026 Reg M-A",
  "players": [
    "OG Benny J",
    "pkmemes19"
  ],
  "log": "|j|\u2606OG Benny J\n|j|\u2606pkmemes19\n|t:|1776112667\n|gametype|doubles\n|player|p1|OG Benny J|2|1142\n|player|p2|pkmemes19|burgh|1230\n|gen|9\n|tier|[Gen 9 Champions] VGC 2026 Reg M-A\n|rated|\n|rule|Species Clause: Limit one of each Pok\u00e9mon\n|rule|Item Clause: Limit 1 of each item\n|clearpoke\n|poke|p1|Torkoal, L50, M|\n|poke|p1|Farigiraf, L50, M|\n|poke|p1|Sylveon, L50, F|\n|poke|p1|Incineroar, L50, M|\n|poke|p1|Steelix, L50, M|\n|poke|p1|Crabominable, L50, F|\n|poke|p2|Pelipper, L50, F|\n|poke|p2|Dragonite, L50, M|\n|poke|p2|Archaludon, L50, M|\n|poke|p2|Basculegion, L50, M|\n|poke|p2|Sneasler, L50, M|\n|poke|p2|Rotom-Heat, L50|\n|teampreview|4\n|inactive|Battle timer is ON: inactive players will automatically lose when time's up. (requested by OG Benny J)\n|inactive|pkmemes19 has 60 seconds left.\n|\n|t:|1776112723\n|teamsize|p1|4\n|teamsize|p2|4\n|start\n|switch|p1a: Farigiraf|Farigiraf, L50, M|100/100\n|switch|p1b: Wolfe|Incineroar, L50, M|100/100\n|switch|p2a: Pelipper|Pelipper, L50, F, shiny|100/100\n|switch|p2b: Dragonite|Dragonite, L50, M|100/100\n|-weather|RainDance|[from] ability: Drizzle|[of] p2a: Pelipper\n|-ability|p1b: Wolfe|Intimidate|boost\n|-unboost|p2a: Pelipper|atk|1\n|-unboost|p2b: Dragonite|atk|1\n|turn|1\n|\n|t:|1776112746\n|detailschange|p2b: Dragonite|Dragonite-Mega, L50, M\n|-mega|p2b: Dragonite|Dragonite|Dragoninite\n|move|p1b: Wolfe|Fake Out|p2b: Dragonite\n|-damage|p2b: Dragonite|95/100\n|cant|p2b: Dragonite|flinch\n|move|p2a: Pelipper|Hurricane|p1a: Farigiraf\n|-damage|p1a: Farigiraf|58/100\n|-start|p1a: Farigiraf|confusion\n|-activate|p1a: Farigiraf|confusion\n|-damage|p1a: Farigiraf|51/100|[from] confusion\n|\n|-weather|RainDance|[upkeep]\n|upkeep\n|turn|2\n|\n|t:|1776112767\n|switch|p1b: Donny|Torkoal, L50, M, shiny|100/100\n|-weather|SunnyDay|[from] ability: Drought|[of] p1b: Donny\n|move|p2b: Dragonite|Hurricane|p1a: Farigiraf|[miss]\n|-miss|p2b: Dragonite|p1a: Farigiraf\n|move|p2a: Pelipper|Hurricane|p1a: Farigiraf|[miss]\n|-miss|p2a: Pelipper|p1a: Farigiraf\n|-end|p1a: Farigiraf|confusion\n|move|p1a: Farigiraf|Trick Room|p1a: Farigiraf\n|-fieldstart|move: Trick Room|[of] p1a: Farigiraf\n|\n|-weather|SunnyDay|[upkeep]\n|upkeep\n|turn|3\n|inactive|OG Benny J has 30 seconds left.\n|\n|t:|1776112792\n|switch|p2a: Sneasler|Sneasler, L50, M|100/100\n|move|p1b: Donny|Eruption|p2a: Sneasler|[spread] p2a,p2b\n|-resisted|p2b: Dragonite|1\n|-damage|p2a: Sneasler|0 fnt\n|-damage|p2b: Dragonite|55/100\n|faint|p2a: Sneasler\n|move|p1a: Farigiraf|Hyper Voice|p2b: Dragonite\n|-damage|p2b: Dragonite|24/100\n|move|p2b: Dragonite|Dragon Pulse|p1a: Farigiraf\n|-damage|p1a: Farigiraf|0 fnt\n|faint|p1a: Farigiraf\n|\n|-weather|SunnyDay|[upkeep]\n|upkeep\n|\n|t:|1776112813\n|switch|p1a: Steelix|Steelix, L50, M, shiny|100/100\n|switch|p2a: Pelipper|Pelipper, L50, F, shiny|100/100\n|-weather|RainDance|[from] ability: Drizzle|[of] p2a: Pelipper\n|turn|4\n|\n|t:|1776112831\n|switch|p1b: Wolfe|Incineroar, L50, M|100/100\n|-ability|p1b: Wolfe|Intimidate|boost\n|-unboost|p2a: Pelipper|atk|1\n|-unboost|p2b: Dragonite|atk|1\n|switch|p2b: Archaludon|Archaludon, L50, M|100/100\n|detailschange|p1a: Steelix|Steelix-Mega, L50, M, shiny\n|-mega|p1a: Steelix|Steelix|Steelixite\n|move|p1a: Steelix|Rock Slide|p2a: Pelipper|[spread] p2b\n|-miss|p1a: Steelix|p2a: Pelipper\n|-resisted|p2b: Archaludon|1\n|-damage|p2b: Archaludon|93/100\n|-ability|p2b: Archaludon|Stamina|boost\n|-boost|p2b: Archaludon|def|1\n|move|p2a: Pelipper|Weather Ball|p1b: Wolfe\n|-supereffective|p1b: Wolfe|1\n|-damage|p1b: Wolfe|0 fnt\n|faint|p1b: Wolfe\n|\n|-weather|RainDance|[upkeep]\n|-heal|p2b: Archaludon|99/100|[from] item: Leftovers\n|upkeep\n|\n|t:|1776112852\n|switch|p1b: Donny|Torkoal, L50, M, shiny|100/100\n|-weather|SunnyDay|[from] ability: Drought|[of] p1b: Donny\n|turn|5\n|inactive|pkmemes19 has 30 seconds left.\n|inactive|pkmemes19 has 20 seconds left.\n|\n|t:|1776112889\n|switch|p2a: Dragonite|Dragonite-Mega, L50, M|24/100\n|move|p2b: Archaludon|Protect|p2b: Archaludon\n|-singleturn|p2b: Archaludon|Protect\n|move|p1b: Donny|Weather Ball|p2b: Archaludon\n|-activate|p2b: Archaludon|move: Protect\n|move|p1a: Steelix|Rock Slide|p2a: Dragonite|[spread] p2a\n|-activate|p2b: Archaludon|move: Protect\n|-supereffective|p2a: Dragonite|1\n|-damage|p2a: Dragonite|0 fnt\n|faint|p2a: Dragonite\n|\n|-weather|SunnyDay|[upkeep]\n|-heal|p2b: Archaludon|100/100|[from] item: Leftovers\n|upkeep\n|\n|t:|1776112891\n|switch|p2a: Pelipper|Pelipper, L50, F, shiny|100/100\n|-weather|RainDance|[from] ability: Drizzle|[of] p2a: Pelipper\n|turn|6\n|inactive|OG Benny J has 30 seconds left.\n|\n|t:|1776112923\n|move|p1b: Donny|Weather Ball|p2b: Archaludon\n|-resisted|p2b: Archaludon|1\n|-damage|p2b: Archaludon|80/100\n|-ability|p2b: Archaludon|Stamina|boost\n|-boost|p2b: Archaludon|def|1\n|move|p1a: Steelix|Drill Run|p2b: Archaludon\n|-supereffective|p2b: Archaludon|1\n|-crit|p2b: Archaludon\n|-damage|p2b: Archaludon|0 fnt\n|faint|p2b: Archaludon\n|move|p2a: Pelipper|Weather Ball|p1a: Steelix\n|-supereffective|p1a: Steelix|1\n|-damage|p1a: Steelix|0 fnt\n|faint|p1a: Steelix\n|\n|-weather|RainDance|[upkeep]\n|-fieldend|move: Trick Room\n|upkeep\n|turn|7\n|\n|t:|1776112943\n|move|p1b: Donny|Protect|p1b: Donny\n|-singleturn|p1b: Donny|Protect\n|move|p2a: Pelipper|Weather Ball|p1b: Donny\n|-activate|p1b: Donny|move: Protect\n|\n|-weather|RainDance|[upkeep]\n|upkeep\n|turn|8\n|\n|t:|1776112951\n|move|p1b: Donny|Protect|p1b: Donny\n|-singleturn|p1b: Donny|Protect\n|move|p2a: Pelipper|Weather Ball|p1b: Donny\n|-activate|p1b: Donny|move: Protect\n|\n|-weather|RainDance|[upkeep]\n|upkeep\n|turn|9\n|\n|t:|1776112958\n|move|p1b: Donny|Protect|p1b: Donny\n|-singleturn|p1b: Donny|Protect\n|move|p2a: Pelipper|Weather Ball|p1b: Donny\n|-activate|p1b: Donny|move: Protect\n|\n|-weather|RainDance|[upkeep]\n|upkeep\n|turn|10\n|\n|t:|1776112967\n|move|p1b: Donny|Protect|p1b: Donny\n|-singleturn|p1b: Donny|Protect\n|move|p2a: Pelipper|Weather Ball|p1b: Donny\n|-activate|p1b: Donny|move: Protect\n|\n|-weather|none\n|upkeep\n|turn|11\n|c|\u2606pkmemes19|brother chill please\n|inactive|OG Benny J has 30 seconds left.\n|\n|t:|1776113000\n|move|p2a: Pelipper|Hurricane|p1b: Donny\n|-damage|p1b: Donny|34/100\n|move|p1b: Donny|Eruption|p2a: Pelipper\n|-resisted|p2a: Pelipper|1\n|-damage|p2a: Pelipper|78/100\n|\n|upkeep\n|turn|12\n|\n|t:|1776113008\n|move|p2a: Pelipper|Hurricane|p1b: Donny\n|-damage|p1b: Donny|0 fnt\n|faint|p1b: Donny\n|\n|win|pkmemes19\n|raw|OG Benny J's rating: 1142 &rarr; <strong>1123</strong><br />(-19 for losing)\n|raw|pkmemes19's rating: 1230 &rarr; <strong>1249</strong><br />(+19 for winning)\n|c|\u2606OG Benny J|4 protects is crazy\n|c|\u2606pkmemes19|yeah lmao\n|c|\u2606pkmemes19|ggs\n",
  "uploadtime": 1776113043,
  "views": 35,
  "formatid": "gen9championsvgc2026regma",
  "rating": 1123,
  "private": 0,
  "password": null
}