{
  "id": "gen9championsvgc2026regma-2587246340",
  "format": "[Gen 9 Champions] VGC 2026 Reg M-A",
  "players": [
    "trubbishtyler",
    "colfox"
  ],
  "log": "|j|\u2606trubbishtyler\n|j|\u2606colfox\n|t:|1776513940\n|gametype|doubles\n|player|p1|trubbishtyler|burglar|1126\n|player|p2|colfox|266|1212\n|gen|9\n|tier|[Gen 9 Champions] VGC 2026 Reg M-A\n|rated|\n|rule|Species Clause: Limit one of each Pok\u00e9mon\n|rule|Item Clause: Limit 1 of each item\n|clearpoke\n|poke|p1|Hippowdon, L50, M|\n|poke|p1|Lycanroc, L50, F|\n|poke|p1|Corviknight, L50, F|\n|poke|p1|Sinistcha, L50|\n|poke|p1|Kommo-o, L50, F|\n|poke|p1|Gyarados, L50, M|\n|poke|p2|Tyranitar, L50, F|\n|poke|p2|Excadrill, L50, M|\n|poke|p2|Dragapult, L50, M|\n|poke|p2|Milotic, L50, M|\n|poke|p2|Raichu, L50, F|\n|poke|p2|Scizor, L50, M|\n|teampreview|4\n|\n|t:|1776513965\n|teamsize|p1|4\n|teamsize|p2|4\n|start\n|switch|p1a: Lycanroc|Lycanroc, L50, F|100/100\n|switch|p1b: Hippowdon|Hippowdon, L50, M|100/100\n|switch|p2a: Raichu|Raichu, L50, F|100/100\n|switch|p2b: Milotic|Milotic, L50, M|100/100\n|-weather|Sandstorm|[from] ability: Sand Stream|[of] p1b: Hippowdon\n|turn|1\n|\n|t:|1776513986\n|switch|p1a: Sinistcha|Sinistcha, L50|100/100\n|move|p1b: Hippowdon|Protect|p1b: Hippowdon\n|-singleturn|p1b: Hippowdon|Protect\n|move|p2a: Raichu|Fake Out|p1b: Hippowdon\n|-activate|p1b: Hippowdon|move: Protect\n|move|p2b: Milotic|Scald|p1a: Sinistcha\n|-resisted|p1a: Sinistcha|1\n|-damage|p1a: Sinistcha|77/100\n|\n|-weather|Sandstorm|[upkeep]\n|-damage|p2a: Raichu|95/100|[from] Sandstorm\n|-damage|p2b: Milotic|95/100|[from] Sandstorm\n|-damage|p1a: Sinistcha|71/100|[from] Sandstorm\n|upkeep\n|turn|2\n|\n|t:|1776514002\n|move|p2a: Raichu|Protect|p2a: Raichu\n|-singleturn|p2a: Raichu|Protect\n|move|p2b: Milotic|Icy Wind|p1a: Sinistcha|[spread] p1b\n|-miss|p2b: Milotic|p1a: Sinistcha\n|-supereffective|p1b: Hippowdon|1\n|-damage|p1b: Hippowdon|73/100\n|-unboost|p1b: Hippowdon|spe|1\n|move|p1b: Hippowdon|Yawn|p2b: Milotic\n|-start|p2b: Milotic|move: Yawn|[of] p1b: Hippowdon\n|move|p1a: Sinistcha|Trick Room|p1a: Sinistcha\n|-fieldstart|move: Trick Room|[of] p1a: Sinistcha\n|\n|-weather|Sandstorm|[upkeep]\n|-damage|p1a: Sinistcha|65/100|[from] Sandstorm\n|-damage|p2b: Milotic|89/100|[from] Sandstorm\n|-damage|p2a: Raichu|89/100|[from] Sandstorm\n|-heal|p1b: Hippowdon|79/100|[from] item: Leftovers\n|upkeep\n|turn|3\n|\n|t:|1776514036\n|switch|p2b: Scizor|Scizor, L50, M|100/100\n|move|p1b: Hippowdon|High Horsepower|p2a: Raichu\n|-supereffective|p2a: Raichu|1\n|-damage|p2a: Raichu|0 fnt\n|faint|p2a: Raichu\n|move|p1a: Sinistcha|Matcha Gotcha|p2b: Scizor\n|-resisted|p2b: Scizor|2\n|-damage|p2b: Scizor|90/100\n|-heal|p1a: Sinistcha|71/100|[from] drain|[of] p2b: Scizor\n|-status|p2b: Scizor|brn\n|\n|-weather|Sandstorm|[upkeep]\n|-damage|p1a: Sinistcha|65/100|[from] Sandstorm\n|-heal|p1b: Hippowdon|85/100|[from] item: Leftovers\n|-damage|p2b: Scizor|84/100 brn|[from] brn\n|upkeep\n|\n|t:|1776514067\n|switch|p2a: Milotic|Milotic, L50, M|89/100\n|turn|4\n|\n|t:|1776514074\n|detailschange|p2b: Scizor|Scizor-Mega, L50, M\n|-mega|p2b: Scizor|Scizor|Scizorite\n|move|p1b: Hippowdon|High Horsepower|p2a: Milotic\n|-damage|p2a: Milotic|32/100\n|move|p1a: Sinistcha|Matcha Gotcha|p2b: Scizor|[spread] p2a\n|-miss|p1a: Sinistcha|p2b: Scizor\n|-supereffective|p2a: Milotic|1\n|-damage|p2a: Milotic|0 fnt\n|-heal|p1a: Sinistcha|83/100|[from] drain|[of] p2a: Milotic\n|faint|p2a: Milotic\n|move|p2b: Scizor|Bug Bite|p1a: Sinistcha\n|-damage|p1a: Sinistcha|61/100\n|-enditem|p1a: Sinistcha|Colbur Berry|[from] stealeat|[move] Bug Bite|[of] p2b: Scizor\n|\n|-weather|Sandstorm|[upkeep]\n|-damage|p1a: Sinistcha|55/100|[from] Sandstorm\n|-heal|p1b: Hippowdon|91/100|[from] item: Leftovers\n|-damage|p2b: Scizor|77/100 brn|[from] brn\n|upkeep\n|\n|t:|1776514094\n|switch|p2a: Dragapult|Dragapult, L50, M|100/100\n|turn|5\n|\n|t:|1776514103\n|move|p1b: Hippowdon|High Horsepower|p2a: Dragapult\n|-damage|p2a: Dragapult|36/100\n|move|p1a: Sinistcha|Shadow Ball|p2a: Dragapult\n|-supereffective|p2a: Dragapult|1\n|-damage|p2a: Dragapult|0 fnt\n|faint|p2a: Dragapult\n|move|p2b: Scizor|Swords Dance|p2b: Scizor\n|-boost|p2b: Scizor|atk|2\n|\n|-weather|none\n|-heal|p1b: Hippowdon|97/100|[from] item: Leftovers\n|-damage|p2b: Scizor|71/100 brn|[from] brn\n|upkeep\n|turn|6\n|-message|colfox forfeited.\n|\n|win|trubbishtyler\n|raw|trubbishtyler's rating: 1126 &rarr; <strong>1157</strong><br />(+31 for winning)\n|raw|colfox's rating: 1212 &rarr; <strong>1181</strong><br />(-31 for losing)\n|l|\u2606colfox\n|player|p2|\n|l|\u2606trubbishtyler\n|player|p1|\n|j|\u2606trubbishtyler\n|player|p1|trubbishtyler|burglar|\n",
  "uploadtime": 1776514175,
  "views": 22,
  "formatid": "gen9championsvgc2026regma",
  "rating": 1157,
  "private": 0,
  "password": null
}