{
  "id": "gen9championsvgc2026regma-2584382343",
  "format": "[Gen 9 Champions] VGC 2026 Reg M-A",
  "players": [
    "AmcMoretz",
    "katysub"
  ],
  "log": "|j|\u2606AmcMoretz\n|j|\u2606katysub\n|t:|1776256665\n|gametype|doubles\n|player|p1|AmcMoretz|101|1077\n|player|p2|katysub|lass-gen4|1000\n|gen|9\n|tier|[Gen 9 Champions] VGC 2026 Reg M-A\n|rated|\n|rule|Species Clause: Limit one of each Pok\u00e9mon\n|rule|Item Clause: Limit 1 of each item\n|clearpoke\n|poke|p1|Kangaskhan, L50, F|\n|poke|p1|Basculegion, L50, M|\n|poke|p1|Pelipper, L50, F|\n|poke|p1|Dragonite, L50, F|\n|poke|p1|Kingambit, L50, M|\n|poke|p1|Rotom-Wash, L50|\n|poke|p2|Gardevoir, L50, M|\n|poke|p2|Aerodactyl, L50, F|\n|poke|p2|Incineroar, L50, M|\n|poke|p2|Rotom-Wash, L50|\n|poke|p2|Sinistcha, L50|\n|poke|p2|Garchomp, L50, F|\n|teampreview|4\n|inactive|Battle timer is ON: inactive players will automatically lose when time's up. (requested by AmcMoretz)\nAmcMoretz has agreed to open team sheets.\n|inactive|katysub has 60 seconds left.\n|\n|t:|1776256709\n|teamsize|p1|4\n|teamsize|p2|4\n|start\n|switch|p1a: Pelipper|Pelipper, L50, F|100/100\n|switch|p1b: Kangaskhan|Kangaskhan, L50, F|100/100\n|switch|p2a: Aerodactyl|Aerodactyl, L50, F|100/100\n|switch|p2b: Rotom|Rotom-Wash, L50|100/100\n|-ability|p2a: Aerodactyl|Unnerve\n|-weather|RainDance|[from] ability: Drizzle|[of] p1a: Pelipper\n|turn|1\n|inactive|AmcMoretz has 30 seconds left.\n|\n|t:|1776256739\n|switch|p2a: Sinistcha|Sinistcha, L50|100/100\n|detailschange|p1b: Kangaskhan|Kangaskhan-Mega, L50, F\n|-mega|p1b: Kangaskhan|Kangaskhan|Kangaskhanite\n|move|p2b: Rotom|Volt Switch|p1a: Pelipper\n|-supereffective|p1a: Pelipper|2\n|-enditem|p1a: Pelipper|Focus Sash\n|-damage|p1a: Pelipper|1/100\n|\n|t:|1776256748\n|switch|p2b: Aerodactyl|Aerodactyl, L50, F|100/100|[from] Volt Switch\n|-ability|p2b: Aerodactyl|Unnerve\n|move|p1a: Pelipper|Tailwind|p1a: Pelipper\n|-sidestart|p1: AmcMoretz|move: Tailwind\n|move|p1b: Kangaskhan|Double-Edge|p2b: Aerodactyl\n|-resisted|p2b: Aerodactyl|1\n|-damage|p2b: Aerodactyl|51/100\n|-resisted|p2b: Aerodactyl|1\n|-damage|p2b: Aerodactyl|38/100\n|-hitcount|p2b: Aerodactyl|2\n|-damage|p1b: Kangaskhan|85/100|[from] Recoil\n|\n|-weather|RainDance|[upkeep]\n|upkeep\n|turn|2\n|inactive|AmcMoretz has 30 seconds left.\n|inactive|AmcMoretz has 20 seconds left.\n|\n|t:|1776256784\n|switch|p1a: Kingambit|Kingambit, L50, M|100/100\n|move|p2a: Sinistcha|Rage Powder|p2a: Sinistcha\n|-singleturn|p2a: Sinistcha|move: Rage Powder\n|move|p1b: Kangaskhan|Sucker Punch||[still]\n|-fail|p1b: Kangaskhan\n|move|p2b: Aerodactyl|Tailwind|p2b: Aerodactyl\n|-sidestart|p2: katysub|move: Tailwind\n|\n|-weather|RainDance|[upkeep]\n|upkeep\n|turn|3\n|inactive|katysub has 30 seconds left.\n|\n|t:|1776256814\n|move|p2b: Aerodactyl|Protect|p2b: Aerodactyl\n|-singleturn|p2b: Aerodactyl|Protect\n|move|p1b: Kangaskhan|Double-Edge|p2b: Aerodactyl\n|-activate|p2b: Aerodactyl|move: Protect\n|move|p2a: Sinistcha|Matcha Gotcha|p1b: Kangaskhan|[spread] p1a\n|-miss|p2a: Sinistcha|p1b: Kangaskhan\n|-resisted|p1a: Kingambit|1\n|-damage|p1a: Kingambit|89/100\n|move|p1a: Kingambit|Kowtow Cleave|p2a: Sinistcha\n|-supereffective|p2a: Sinistcha|1\n|-damage|p2a: Sinistcha|22/100\n|\n|-weather|RainDance|[upkeep]\n|-heal|p2a: Sinistcha|28/100|[from] item: Leftovers\n|upkeep\n|turn|4\n|inactive|katysub has 30 seconds left.\n|inactive|katysub has 20 seconds left.\n|inactive|katysub has 15 seconds left.\n|\n|t:|1776256857\n|switch|p2a: Rotom|Rotom-Wash, L50|100/100\n|move|p1b: Kangaskhan|Sucker Punch||[still]\n|-fail|p1b: Kangaskhan\n|move|p2b: Aerodactyl|Rock Slide|p1b: Kangaskhan|[spread] p1a\n|-miss|p2b: Aerodactyl|p1b: Kangaskhan\n|-resisted|p1a: Kingambit|1\n|-damage|p1a: Kingambit|79/100\n|cant|p1a: Kingambit|flinch\n|\n|-weather|RainDance|[upkeep]\n|-sideend|p1: AmcMoretz|move: Tailwind\n|upkeep\n|turn|5\n|\n|t:|1776256878\n|move|p1a: Kingambit|Sucker Punch|p2b: Aerodactyl\n|-damage|p2b: Aerodactyl|0 fnt\n|faint|p2b: Aerodactyl\n|move|p2a: Rotom|Trick|p1a: Kingambit\n|-activate|p2a: Rotom|move: Trick|[of] p1a: Kingambit\n|-item|p1a: Kingambit|Choice Scarf|[from] move: Trick\n|-item|p2a: Rotom|Lum Berry|[from] move: Trick\n|move|p1b: Kangaskhan|Double-Edge|p2a: Rotom\n|-damage|p2a: Rotom|10/100\n|-damage|p2a: Rotom|0 fnt\n|faint|p2a: Rotom\n|-hitcount|p2: Rotom|2\n|-damage|p1b: Kangaskhan|65/100|[from] Recoil\n|\n|-weather|none\n|-sideend|p2: katysub|move: Tailwind\n|upkeep\n|\n|t:|1776256882\n|switch|p2b: Sinistcha|Sinistcha, L50|28/100\n|switch|p2a: Gardevoir|Gardevoir, L50, M|100/100\n|-ability|p2a: Gardevoir|Parental Bond|Trace|[from] ability: Trace|[of] p1b: Kangaskhan\n|turn|6\n|\n|t:|1776256898\n|switch|p1b: Pelipper|Pelipper, L50, F|1/100\n|-weather|RainDance|[from] ability: Drizzle|[of] p1b: Pelipper\n|detailschange|p2a: Gardevoir|Gardevoir-Mega, L50, M\n|-mega|p2a: Gardevoir|Gardevoir|Gardevoirite\n|move|p2b: Sinistcha|Rage Powder|p2b: Sinistcha\n|-singleturn|p2b: Sinistcha|move: Rage Powder\n|move|p1a: Kingambit|Sucker Punch||[still]\n|-fail|p1a: Kingambit\n|move|p2a: Gardevoir|Calm Mind|p2a: Gardevoir\n|-boost|p2a: Gardevoir|spa|1\n|-boost|p2a: Gardevoir|spd|1\n|\n|-weather|RainDance|[upkeep]\n|-heal|p2b: Sinistcha|34/100|[from] item: Leftovers\n|upkeep\n|turn|7\n|\n|t:|1776256912\n|move|p2b: Sinistcha|Rage Powder|p2b: Sinistcha\n|-singleturn|p2b: Sinistcha|move: Rage Powder\n|move|p1a: Kingambit|Sucker Punch||[still]\n|-fail|p1a: Kingambit\n|move|p1b: Pelipper|Weather Ball|p2b: Sinistcha\n|-resisted|p2b: Sinistcha|1\n|-damage|p2b: Sinistcha|4/100\n|move|p2a: Gardevoir|Hyper Voice|p1a: Kingambit|[spread] p1a,p1b\n|-damage|p1a: Kingambit|2/100\n|-damage|p1b: Pelipper|0 fnt\n|faint|p1b: Pelipper\n|\n|-weather|RainDance|[upkeep]\n|-heal|p2b: Sinistcha|10/100|[from] item: Leftovers\n|upkeep\n|\n|t:|1776256923\n|switch|p1b: Kangaskhan|Kangaskhan-Mega, L50, F|65/100\n|turn|8\n|\n|t:|1776256935\n|move|p1b: Kangaskhan|Fake Out|p2a: Gardevoir\n|-damage|p2a: Gardevoir|66/100\n|-damage|p2a: Gardevoir|58/100\n|-hitcount|p2a: Gardevoir|2\n|move|p2b: Sinistcha|Rage Powder|p2b: Sinistcha\n|-singleturn|p2b: Sinistcha|move: Rage Powder\n|move|p1a: Kingambit|Sucker Punch||[still]\n|-fail|p1a: Kingambit\n|cant|p2a: Gardevoir|flinch\n|\n|-weather|RainDance|[upkeep]\n|-heal|p2b: Sinistcha|16/100|[from] item: Leftovers\n|upkeep\n|turn|9\n|\n|t:|1776256949\n|move|p2b: Sinistcha|Rage Powder|p2b: Sinistcha\n|-singleturn|p2b: Sinistcha|move: Rage Powder\n|move|p1a: Kingambit|Sucker Punch||[still]\n|-fail|p1a: Kingambit\n|move|p1b: Kangaskhan|Double-Edge|p2b: Sinistcha\n|-immune|p2b: Sinistcha\n|move|p2a: Gardevoir|Hyper Voice|p1b: Kangaskhan|[spread] p1a,p1b\n|-damage|p1a: Kingambit|0 fnt\n|-damage|p1b: Kangaskhan|0 fnt\n|faint|p1a: Kingambit\n|faint|p1b: Kangaskhan\n|\n|-weather|RainDance|[upkeep]\n|-heal|p2b: Sinistcha|22/100|[from] item: Leftovers\n|upkeep\n|\n|t:|1776256954\n|switch|p1b: Basculegion|Basculegion, L50, M|100/100\n|turn|10\n|\n|t:|1776256978\n|move|p2b: Sinistcha|Rage Powder|p2b: Sinistcha\n|-singleturn|p2b: Sinistcha|move: Rage Powder\n|move|p1b: Basculegion|Last Respects|p2b: Sinistcha\n|-supereffective|p2b: Sinistcha|1\n|-damage|p2b: Sinistcha|0 fnt\n|faint|p2b: Sinistcha\n|move|p2a: Gardevoir|Hyper Voice|p1b: Basculegion\n|-damage|p1b: Basculegion|0 fnt\n|faint|p1b: Basculegion\n|\n|win|katysub\n|raw|AmcMoretz's rating: 1077 &rarr; <strong>1051</strong><br />(-26 for losing)\n|raw|katysub's rating: 1000 &rarr; <strong>1049</strong><br />(+49 for winning)\n",
  "uploadtime": 1776256990,
  "views": 26,
  "formatid": "gen9championsvgc2026regma",
  "rating": 1049,
  "private": 0,
  "password": null
}