{
  "id": "gen9championsvgc2026regma-2582472775",
  "format": "[Gen 9 Champions] VGC 2026 Reg M-A",
  "players": [
    "iamfrxst",
    "Pegassin"
  ],
  "log": "|j|\u2606iamfrxst\n|j|\u203dPegassin\n|t:|1776093928\n|gametype|doubles\n|player|p1|iamfrxst|170|1083\n|player|p2|Pegassin|170|1060\n|gen|9\n|tier|[Gen 9 Champions] VGC 2026 Reg M-A\n|rated|\n|rule|Species Clause: Limit one of each Pok\u00e9mon\n|rule|Item Clause: Limit 1 of each item\n|clearpoke\n|poke|p1|Basculegion, L50, M|\n|poke|p1|Pelipper, L50, M|\n|poke|p1|Archaludon, L50, F|\n|poke|p1|Sinistcha, L50|\n|poke|p1|Incineroar, L50, F|\n|poke|p1|Dragonite, L50, F|\n|poke|p2|Delphox, L50, M|\n|poke|p2|Tyranitar, L50, M|\n|poke|p2|Garchomp, L50, M|\n|poke|p2|Aegislash, L50, M|\n|poke|p2|Meowscarada, L50, M|\n|poke|p2|Rotom-Wash, L50|\n|teampreview|4\n|inactive|Battle timer is ON: inactive players will automatically lose when time's up. (requested by iamfrxst)\nPegassin rejected open team sheets.\n|inactive|Pegassin has 60 seconds left.\n|\n|t:|1776093962\n|teamsize|p1|4\n|teamsize|p2|4\n|start\n|switch|p1a: Pelipper|Pelipper, L50, M|100/100\n|switch|p1b: Dragonite|Dragonite, L50, F|100/100\n|switch|p2a: Tyranitar|Tyranitar, L50, M|100/100\n|switch|p2b: Garchomp|Garchomp, L50, M|100/100\n|-weather|RainDance|[from] ability: Drizzle|[of] p1a: Pelipper\n|-weather|Sandstorm|[from] ability: Sand Stream|[of] p2a: Tyranitar\n|turn|1\n|inactive|Pegassin has 30 seconds left.\n|inactive|Pegassin has 20 seconds left.\n|\n|t:|1776093997\n|switch|p1a: Archaludon|Archaludon, L50, F|100/100\n|move|p2b: Garchomp|Rock Tomb|p1b: Dragonite\n|-supereffective|p1b: Dragonite|1\n|-damage|p1b: Dragonite|77/100\n|-unboost|p1b: Dragonite|spe|1\n|move|p1b: Dragonite|Draco Meteor|p2b: Garchomp|[miss]\n|-miss|p1b: Dragonite|p2b: Garchomp\n|move|p2a: Tyranitar|Rock Slide|p1a: Archaludon|[spread] p1a,p1b\n|-resisted|p1a: Archaludon|1\n|-supereffective|p1b: Dragonite|1\n|-damage|p1a: Archaludon|91/100\n|-damage|p1b: Dragonite|23/100\n|\n|-weather|Sandstorm|[upkeep]\n|-damage|p1b: Dragonite|17/100|[from] Sandstorm\n|upkeep\n|turn|2\n|inactive|Pegassin has 30 seconds left.\n|\n|t:|1776094027\n|switch|p2b: Aegislash|Aegislash, L50, M|100/100\n|switch|p1a: Pelipper|Pelipper, L50, M|100/100\n|-weather|RainDance|[from] ability: Drizzle|[of] p1a: Pelipper\n|move|p1b: Dragonite|Protect|p1b: Dragonite\n|-singleturn|p1b: Dragonite|Protect\n|move|p2a: Tyranitar|Thunder Wave|p1a: Pelipper\n|-status|p1a: Pelipper|par\n|\n|-weather|RainDance|[upkeep]\n|upkeep\n|turn|3\n|inactive|iamfrxst has 30 seconds left.\n|\n|t:|1776094056\n|switch|p2a: Rotom|Rotom-Wash, L50|100/100\n|-formechange|p2b: Aegislash|Aegislash-Blade|\n|move|p2b: Aegislash|Shadow Sneak|p1b: Dragonite\n|-damage|p1b: Dragonite|0 fnt\n|faint|p1b: Dragonite\n|move|p1a: Pelipper|Weather Ball|p2a: Rotom\n|-resisted|p2a: Rotom|1\n|-damage|p2a: Rotom|65/100\n|\n|-weather|RainDance|[upkeep]\n|upkeep\n|\n|t:|1776094069\n|switch|p1b: Archaludon|Archaludon, L50, F|91/100\n|turn|4\n|inactive|Pegassin has 30 seconds left.\n|-activate|p2a: Rotom|item: Quick Claw\n|\n|t:|1776094097\n|switch|p1b: Basculegion|Basculegion, L50, M|100/100\n|-formechange|p2b: Aegislash|Aegislash|\n|move|p2b: Aegislash|King's Shield|p2b: Aegislash\n|-singleturn|p2b: Aegislash|Protect\n|move|p2a: Rotom|Volt Switch|p1a: Pelipper\n|-supereffective|p1a: Pelipper|2\n|-enditem|p1a: Pelipper|Focus Sash\n|-damage|p1a: Pelipper|1/100 par\n|\n|t:|1776094111\n|switch|p2a: Tyranitar|Tyranitar, L50, M|100/100|[from] Volt Switch\n|-weather|Sandstorm|[from] ability: Sand Stream|[of] p2a: Tyranitar\n|move|p1a: Pelipper|Tailwind|p1a: Pelipper\n|-sidestart|p1: iamfrxst|move: Tailwind\n|\n|-weather|Sandstorm|[upkeep]\n|-damage|p1b: Basculegion|94/100|[from] Sandstorm\n|-damage|p1a: Pelipper|0 fnt|[from] Sandstorm\n|faint|p1a: Pelipper\n|upkeep\n|\n|t:|1776094120\n|switch|p1a: Archaludon|Archaludon, L50, F|91/100\n|turn|5\n|inactive|Pegassin has 30 seconds left.\n|\n|t:|1776094145\n|-formechange|p2b: Aegislash|Aegislash-Blade|\n|move|p2b: Aegislash|Shadow Sneak|p1b: Basculegion\n|-supereffective|p1b: Basculegion|1\n|-damage|p1b: Basculegion|37/100\n|move|p1a: Archaludon|Flash Cannon|p2a: Tyranitar\n|-supereffective|p2a: Tyranitar|1\n|-damage|p2a: Tyranitar|55/100\n|move|p1b: Basculegion|Wave Crash|p2a: Tyranitar\n|-supereffective|p2a: Tyranitar|1\n|-damage|p2a: Tyranitar|0 fnt\n|faint|p2a: Tyranitar\n|-damage|p1b: Basculegion|21/100|[from] Recoil\n|\n|-weather|Sandstorm|[upkeep]\n|-damage|p1b: Basculegion|15/100|[from] Sandstorm\n|upkeep\n|\n|t:|1776094167\n|switch|p2a: Rotom|Rotom-Wash, L50|65/100\n|turn|6\n|\n|t:|1776094183\n|move|p2b: Aegislash|Shadow Sneak|p1b: Basculegion\n|-supereffective|p1b: Basculegion|1\n|-damage|p1b: Basculegion|0 fnt\n|faint|p1b: Basculegion\n|move|p1a: Archaludon|Draco Meteor|p2a: Rotom\n|-damage|p2a: Rotom|0 fnt\n|-unboost|p1a: Archaludon|spa|2\n|faint|p2a: Rotom\n|\n|-weather|Sandstorm|[upkeep]\n|upkeep\n|\n|t:|1776094188\n|switch|p2a: Garchomp|Garchomp, L50, M|100/100\n|turn|7\n|-message|iamfrxst forfeited.\n|\n|win|Pegassin\n|raw|iamfrxst's rating: 1083 &rarr; <strong>1059</strong><br />(-24 for losing)\n|raw|Pegassin's rating: 1060 &rarr; <strong>1093</strong><br />(+33 for winning)\n",
  "uploadtime": 1776094194,
  "views": 9,
  "formatid": "gen9championsvgc2026regma",
  "rating": 1059,
  "private": 0,
  "password": null
}