{
  "id": "gen9championsvgc2026regma-2585788900",
  "format": "[Gen 9 Champions] VGC 2026 Reg M-A",
  "players": [
    "zRed_xddddddd",
    "benjiapollo"
  ],
  "log": "|j|\u2606zRed_xddddddd\n|j|\u2606benjiapollo\n|t:|1776370728\n|gametype|doubles\n|player|p1|zRed_xddddddd|red|1505\n|player|p2|benjiapollo|giovanni|1482\n|gen|9\n|tier|[Gen 9 Champions] VGC 2026 Reg M-A\n|rated|\n|rule|Species Clause: Limit one of each Pok\u00e9mon\n|rule|Item Clause: Limit 1 of each item\n|clearpoke\n|poke|p1|Tyranitar, L50, M|\n|poke|p1|Excadrill, L50, M|\n|poke|p1|Primarina, L50, F|\n|poke|p1|Sinistcha, L50|\n|poke|p1|Kingambit, L50, F|\n|poke|p1|Sneasler, L50, M|\n|poke|p2|Basculegion, L50, M|\n|poke|p2|Charizard, L50, M|\n|poke|p2|Kingambit, L50, M|\n|poke|p2|Sneasler, L50, F|\n|poke|p2|Venusaur, L50, M|\n|poke|p2|Talonflame, L50, M|\n|teampreview|4\n|\n|t:|1776370742\n|teamsize|p1|4\n|teamsize|p2|4\n|start\n|switch|p1a: Tyranitar|Tyranitar, L50, M, shiny|100/100\n|switch|p1b: Excadrill|Excadrill, L50, M|100/100\n|switch|p2a: Talonflame|Talonflame, L50, M|100/100\n|switch|p2b: Charizard|Charizard, L50, M|100/100\n|-weather|Sandstorm|[from] ability: Sand Stream|[of] p1a: Tyranitar\n|turn|1\n|inactive|Battle timer is ON: inactive players will automatically lose when time's up. (requested by benjiapollo)\n|\n|t:|1776370757\n|detailschange|p2b: Charizard|Charizard-Mega-X, L50, M\n|-mega|p2b: Charizard|Charizard|Charizardite X\n|move|p1b: Excadrill|Protect|p1b: Excadrill\n|-singleturn|p1b: Excadrill|Protect\n|move|p1a: Tyranitar|Protect|p1a: Tyranitar\n|-singleturn|p1a: Tyranitar|Protect\n|move|p2a: Talonflame|Tailwind|p2a: Talonflame\n|-sidestart|p2: benjiapollo|move: Tailwind\n|move|p2b: Charizard|Brick Break|p1a: Tyranitar\n|-activate|p1a: Tyranitar|move: Protect\n|\n|-weather|Sandstorm|[upkeep]\n|-damage|p2a: Talonflame|95/100|[from] Sandstorm\n|-damage|p2b: Charizard|95/100|[from] Sandstorm\n|upkeep\n|turn|2\n|j| UltimatheoryPK\n|\n|t:|1776370773\n|switch|p1a: Primarina|Primarina, L50, F|100/100\n|move|p2a: Talonflame|Flare Blitz|p1b: Excadrill\n|-supereffective|p1b: Excadrill|1\n|-enditem|p1b: Excadrill|Focus Sash\n|-damage|p1b: Excadrill|1/100\n|-damage|p2a: Talonflame|55/100|[from] Recoil\n|move|p2b: Charizard|Brick Break|p1a: Primarina\n|-resisted|p1a: Primarina|1\n|-damage|p1a: Primarina|78/100\n|move|p1b: Excadrill|High Horsepower|p2b: Charizard\n|-supereffective|p2b: Charizard|1\n|-damage|p2b: Charizard|0 fnt\n|faint|p2b: Charizard\n|\n|-weather|Sandstorm|[upkeep]\n|-damage|p2a: Talonflame|50/100|[from] Sandstorm\n|-damage|p1a: Primarina|72/100|[from] Sandstorm\n|upkeep\n|\n|t:|1776370791\n|switch|p2b: Sneasler|Sneasler, L50, F|100/100\n|turn|3\n|\n|t:|1776370810\n|switch|p1a: Kingambit|Kingambit, L50, F|100/100\n|move|p1b: Excadrill|Protect|p1b: Excadrill\n|-singleturn|p1b: Excadrill|Protect\n|move|p2a: Talonflame|Flare Blitz|p1b: Excadrill\n|-activate|p1b: Excadrill|move: Protect\n|move|p2b: Sneasler|Dire Claw|p1a: Kingambit\n|-immune|p1a: Kingambit\n|\n|-weather|Sandstorm|[upkeep]\n|-damage|p2a: Talonflame|44/100|[from] Sandstorm\n|-damage|p2b: Sneasler|95/100|[from] Sandstorm\n|upkeep\n|turn|4\n|\n|t:|1776370823\n|move|p2a: Talonflame|Quick Guard|p2a: Talonflame\n|-singleturn|p2a: Talonflame|Quick Guard\n|move|p1a: Kingambit|Sucker Punch||[still]\n|-fail|p1a: Kingambit\n|move|p2b: Sneasler|Close Combat|p1a: Kingambit\n|-supereffective|p1a: Kingambit|2\n|-damage|p1a: Kingambit|0 fnt\n|-unboost|p2b: Sneasler|def|1\n|-unboost|p2b: Sneasler|spd|1\n|faint|p1a: Kingambit\n|-enditem|p2b: Sneasler|White Herb\n|-clearnegativeboost|p2b: Sneasler|[silent]\n|move|p1b: Excadrill|High Horsepower|p2b: Sneasler\n|-supereffective|p2b: Sneasler|1\n|-damage|p2b: Sneasler|0 fnt\n|faint|p2b: Sneasler\n|\n|-weather|Sandstorm|[upkeep]\n|-damage|p2a: Talonflame|38/100|[from] Sandstorm\n|-sideend|p2: benjiapollo|move: Tailwind\n|upkeep\n|inactive|zRed_xddddddd has 30 seconds left.\n|\n|t:|1776370849\n|switch|p2b: Kingambit|Kingambit, L50, M|100/100\n|switch|p1a: Tyranitar|Tyranitar, L50, M, shiny|100/100\n|turn|5\n|\n|t:|1776370860\n|move|p1b: Excadrill|Protect|p1b: Excadrill\n|-singleturn|p1b: Excadrill|Protect\n|move|p1a: Tyranitar|Protect|p1a: Tyranitar\n|-singleturn|p1a: Tyranitar|Protect\n|move|p2a: Talonflame|Tailwind|p2a: Talonflame\n|-sidestart|p2: benjiapollo|move: Tailwind\n|move|p2b: Kingambit|Iron Head|p1a: Tyranitar\n|-activate|p1a: Tyranitar|move: Protect\n|\n|-weather|none\n|upkeep\n|turn|6\n|\n|t:|1776370879\n|detailschange|p1a: Tyranitar|Tyranitar-Mega, L50, M, shiny\n|-mega|p1a: Tyranitar|Tyranitar|Tyranitarite\n|-weather|Sandstorm|[from] ability: Sand Stream|[of] p1a: Tyranitar\n|move|p2a: Talonflame|Flare Blitz|p1b: Excadrill\n|-supereffective|p1b: Excadrill|1\n|-damage|p1b: Excadrill|0 fnt\n|faint|p1b: Excadrill\n|-damage|p2a: Talonflame|37/100|[from] Recoil\n|move|p2b: Kingambit|Iron Head|p1a: Tyranitar\n|-supereffective|p1a: Tyranitar|1\n|-damage|p1a: Tyranitar|45/100\n|cant|p1a: Tyranitar|flinch\n|\n|-weather|Sandstorm|[upkeep]\n|-damage|p2a: Talonflame|31/100|[from] Sandstorm\n|upkeep\n|\n|t:|1776370893\n|switch|p1b: Primarina|Primarina, L50, F|72/100\n|turn|7\n|\n|t:|1776370907\n|move|p1a: Tyranitar|Protect|p1a: Tyranitar\n|-singleturn|p1a: Tyranitar|Protect\n|move|p2a: Talonflame|Brave Bird|p1b: Primarina\n|-damage|p1b: Primarina|10/100\n|-enditem|p1b: Primarina|Sitrus Berry|[eat]\n|-heal|p1b: Primarina|35/100|[from] item: Sitrus Berry\n|-damage|p2a: Talonflame|11/100|[from] Recoil\n|move|p2b: Kingambit|Iron Head|p1b: Primarina\n|-damage|p1b: Primarina|0 fnt\n|faint|p1b: Primarina\n|\n|-weather|Sandstorm|[upkeep]\n|-damage|p2a: Talonflame|5/100|[from] Sandstorm\n|upkeep\n|turn|8\n|\n|t:|1776370923\n|move|p2a: Talonflame|Flare Blitz|p1a: Tyranitar\n|-resisted|p1a: Tyranitar|1\n|-damage|p1a: Tyranitar|31/100\n|-damage|p2a: Talonflame|0 fnt|[from] Recoil\n|faint|p2a: Talonflame\n|move|p2b: Kingambit|Iron Head|p1a: Tyranitar\n|-supereffective|p1a: Tyranitar|1\n|-damage|p1a: Tyranitar|0 fnt\n|faint|p1a: Tyranitar\n|\n|win|benjiapollo\n|raw|zRed_xddddddd's rating: 1505 &rarr; <strong>1484</strong><br />(-21 for losing)\n|raw|benjiapollo's rating: 1482 &rarr; <strong>1503</strong><br />(+21 for winning)\n",
  "uploadtime": 1776370933,
  "views": 40,
  "formatid": "gen9championsvgc2026regma",
  "rating": 1484,
  "private": 0,
  "password": null
}