{
  "id": "gen9championsvgc2026regma-2582888823",
  "format": "[Gen 9 Champions] VGC 2026 Reg M-A",
  "players": [
    "loklastaji",
    "santitesting"
  ],
  "log": "|j|\u2606loklastaji\n|j|\u2606santitesting\n|t:|1776122298\n|gametype|doubles\n|player|p1|loklastaji|102|1268\n|player|p2|santitesting|265|1176\n|gen|9\n|tier|[Gen 9 Champions] VGC 2026 Reg M-A\n|rated|\n|rule|Species Clause: Limit one of each Pok\u00e9mon\n|rule|Item Clause: Limit 1 of each item\n|clearpoke\n|poke|p1|Talonflame, L50, F|\n|poke|p1|Goodra-Hisui, L50, F|\n|poke|p1|Samurott-Hisui, L50, F|\n|poke|p1|Meganium, L50, M|\n|poke|p1|Farigiraf, L50, M|\n|poke|p1|Froslass, L50, F|\n|poke|p2|Aerodactyl, L50, F|\n|poke|p2|Sneasler, L50, M|\n|poke|p2|Tyranitar, L50, F|\n|poke|p2|Raichu, L50, F|\n|poke|p2|Milotic, L50, M|\n|poke|p2|Chesnaught, L50, M|\n|teampreview|4\n|inactive|Battle timer is ON: inactive players will automatically lose when time's up. (requested by santitesting)\n|\n|t:|1776122368\n|teamsize|p1|4\n|teamsize|p2|4\n|start\n|switch|p1a: Talonflame|Talonflame, L50, F|100/100\n|switch|p1b: Meganium|Meganium, L50, M|100/100\n|switch|p2a: Sneasler|Sneasler, L50, M|100/100\n|switch|p2b: Tyranitar|Tyranitar, L50, F|100/100\n|-weather|Sandstorm|[from] ability: Sand Stream|[of] p2b: Tyranitar\n|turn|1\n|inactive|loklastaji has 30 seconds left.\n|inactive|loklastaji has 20 seconds left.\n|inactive|loklastaji has 15 seconds left.\n|inactive|loklastaji has 10 seconds left.\n|inactive|loklastaji has 5 seconds left.\n|\n|t:|1776122419\n|switch|p1b: Farigiraf|Farigiraf, L50, M|100/100\n|detailschange|p2b: Tyranitar|Tyranitar-Mega, L50, F\n|-mega|p2b: Tyranitar|Tyranitar|Tyranitarite\n|move|p2a: Sneasler|Fake Out||[still]\n|cant|p1b: Farigiraf|ability: Armor Tail|Fake Out|[of] p2a: Sneasler\n|move|p1a: Talonflame|Dual Wingbeat|p2a: Sneasler\n|-supereffective|p2a: Sneasler|1\n|-damage|p2a: Sneasler|46/100\n|-supereffective|p2a: Sneasler|1\n|-damage|p2a: Sneasler|0 fnt\n|faint|p2a: Sneasler\n|-hitcount|p2: Sneasler|2\n|move|p2b: Tyranitar|Rock Slide|p1a: Talonflame|[spread] p1a,p1b\n|-supereffective|p1a: Talonflame|2\n|-enditem|p1a: Talonflame|Focus Sash\n|-damage|p1a: Talonflame|1/100\n|-damage|p1b: Farigiraf|55/100\n|\n|-weather|Sandstorm|[upkeep]\n|-damage|p1a: Talonflame|0 fnt|[from] Sandstorm\n|-damage|p1b: Farigiraf|49/100|[from] Sandstorm\n|faint|p1a: Talonflame\n|upkeep\n|inactive|loklastaji has 30 seconds left.\n|inactive|santitesting has 30 seconds left.\n|\n|t:|1776122451\n|switch|p2a: Aerodactyl|Aerodactyl, L50, F|100/100\n|switch|p1a: Goodra|Goodra-Hisui, L50, F|100/100\n|-ability|p2a: Aerodactyl|Unnerve\n|turn|2\n|inactive|santitesting has 30 seconds left.\n|inactive|santitesting has 20 seconds left.\n|inactive|santitesting has 15 seconds left.\n|\n|t:|1776122492\n|switch|p2a: Milotic|Milotic, L50, M|100/100\n|switch|p1b: Meganium|Meganium, L50, M|100/100\n|move|p1a: Goodra|Steel Beam|p2b: Tyranitar\n|-supereffective|p2b: Tyranitar|1\n|-damage|p2b: Tyranitar|29/100\n|-damage|p1a: Goodra|50/100|[from] steelbeam\n|move|p2b: Tyranitar|Knock Off|p1b: Meganium\n|-damage|p1b: Meganium|46/100\n|\n|-weather|Sandstorm|[upkeep]\n|-damage|p1b: Meganium|40/100|[from] Sandstorm\n|-damage|p2a: Milotic|94/100|[from] Sandstorm\n|-heal|p1a: Goodra|56/100|[from] item: Leftovers\n|-heal|p2a: Milotic|100/100|[from] item: Leftovers\n|upkeep\n|turn|3\n|inactive|loklastaji has 30 seconds left.\n|inactive|santitesting has 30 seconds left.\n|inactive|loklastaji has 20 seconds left.\n|inactive|loklastaji has 15 seconds left.\n|inactive|loklastaji has 10 seconds left.\n|inactive|loklastaji has 5 seconds left.\n|\n|t:|1776122546\n|switch|p2b: Aerodactyl|Aerodactyl, L50, F|100/100\n|-ability|p2b: Aerodactyl|Unnerve\n|detailschange|p1b: Meganium|Meganium-Mega, L50, M\n|-mega|p1b: Meganium|Meganium|Meganiumite\n|move|p1b: Meganium|Solar Beam||[still]\n|-prepare|p1b: Meganium|Solar Beam\n|-activate|p1b: Meganium|ability: Mega Sol\n|-anim|p1b: Meganium|Solar Beam|p2a: Milotic\n|-supereffective|p2a: Milotic|1\n|-damage|p2a: Milotic|4/100\n|move|p1a: Goodra|Hydro Pump|p2b: Aerodactyl\n|-supereffective|p2b: Aerodactyl|1\n|-damage|p2b: Aerodactyl|34/100\n|move|p2a: Milotic|Icy Wind|p1b: Meganium|[spread] p1b\n|-miss|p2a: Milotic|p1a: Goodra\n|-supereffective|p1b: Meganium|1\n|-damage|p1b: Meganium|15/100\n|-unboost|p1b: Meganium|spe|1\n|\n|-weather|Sandstorm|[upkeep]\n|-damage|p2a: Milotic|0 fnt|[from] Sandstorm\n|-damage|p1b: Meganium|10/100|[from] Sandstorm\n|faint|p2a: Milotic\n|-heal|p1a: Goodra|62/100|[from] item: Leftovers\n|upkeep\n|\n|t:|1776122568\n|switch|p2a: Tyranitar|Tyranitar-Mega, L50, F|29/100\n|turn|4\n|\n|t:|1776122592\n|switch|p1b: Farigiraf|Farigiraf, L50, M|49/100\n|move|p2b: Aerodactyl|Rock Slide|p1b: Farigiraf|[spread] p1a,p1b\n|-resisted|p1a: Goodra|1\n|-damage|p1a: Goodra|46/100\n|-damage|p1b: Farigiraf|17/100\n|move|p1a: Goodra|Hydro Pump|p2b: Aerodactyl\n|-supereffective|p2b: Aerodactyl|1\n|-damage|p2b: Aerodactyl|0 fnt\n|faint|p2b: Aerodactyl\n|move|p2a: Tyranitar|Stomping Tantrum|p1a: Goodra\n|-supereffective|p1a: Goodra|1\n|-damage|p1a: Goodra|0 fnt\n|faint|p1a: Goodra\n|\n|-weather|Sandstorm|[upkeep]\n|-damage|p1b: Farigiraf|11/100|[from] Sandstorm\n|upkeep\n|\n|t:|1776122609\n|switch|p1a: Meganium|Meganium-Mega, L50, M|10/100\n|turn|5\n|\n|t:|1776122621\n|move|p1a: Meganium|Solar Beam||[still]\n|-prepare|p1a: Meganium|Solar Beam\n|-activate|p1a: Meganium|ability: Mega Sol\n|-anim|p1a: Meganium|Solar Beam|p2a: Tyranitar\n|-supereffective|p2a: Tyranitar|1\n|-damage|p2a: Tyranitar|0 fnt\n|faint|p2a: Tyranitar\n|\n|win|loklastaji\n|raw|loklastaji's rating: 1268 &rarr; <strong>1287</strong><br />(+19 for winning)\n|raw|santitesting's rating: 1176 &rarr; <strong>1157</strong><br />(-19 for losing)\n",
  "uploadtime": 1776122629,
  "views": 12,
  "formatid": "gen9championsvgc2026regma",
  "rating": 1157,
  "private": 0,
  "password": null
}