{
  "id": "gen9championsvgc2026regma-2588394926",
  "format": "[Gen 9 Champions] VGC 2026 Reg M-A",
  "players": [
    "Dr. Papus",
    "nootellas"
  ],
  "log": "|j|\u2606Dr. Papus\n|j|\u2606nootellas\n|t:|1776629893\n|gametype|doubles\n|player|p1|Dr. Papus|morty|1470\n|player|p2|nootellas|iono|1519\n|gen|9\n|tier|[Gen 9 Champions] VGC 2026 Reg M-A\n|rated|\n|rule|Species Clause: Limit one of each Pok\u00e9mon\n|rule|Item Clause: Limit 1 of each item\n|clearpoke\n|poke|p1|Charizard, L50, F|\n|poke|p1|Basculegion, L50, M|\n|poke|p1|Whimsicott, L50, F|\n|poke|p1|Garchomp, L50, M|\n|poke|p1|Kingambit, L50, F|\n|poke|p1|Sneasler, L50, M|\n|poke|p2|Froslass, L50, F|\n|poke|p2|Glaceon, L50, F, shiny|\n|poke|p2|Sinistcha, L50, shiny|\n|poke|p2|Garchomp, L50, M, shiny|\n|poke|p2|Incineroar, L50, F, shiny|\n|poke|p2|Azumarill, L50, F, shiny|\n|teampreview|4\n|inactive|Battle timer is ON: inactive players will automatically lose when time's up. (requested by Dr. Papus)\n|inactive|nootellas has 60 seconds left.\n|\n|t:|1776629930\n|teamsize|p1|4\n|teamsize|p2|4\n|start\n|switch|p1a: Kingambit|Kingambit, L50, F|100/100\n|switch|p1b: Charizard|Charizard, L50, F|100/100\n|switch|p2a: Garchomp|Garchomp, L50, M, shiny|100/100\n|switch|p2b: Azumarill|Azumarill, L50, F, shiny|100/100\n|turn|1\n|inactive|Dr. Papus has 30 seconds left.\n|\n|t:|1776629961\n|switch|p1b: Whimsicott|Whimsicott, L50, F|100/100\n|move|p2a: Garchomp|Rock Slide|p1a: Kingambit|[spread] p1a,p1b\n|-resisted|p1a: Kingambit|1\n|-damage|p1a: Kingambit|92/100\n|-damage|p1b: Whimsicott|67/100\n|move|p2b: Azumarill|Liquidation|p1a: Kingambit\n|-damage|p1a: Kingambit|45/100\n|cant|p1a: Kingambit|flinch\n|\n|upkeep\n|turn|2\n|inactive|Dr. Papus has 30 seconds left.\n|inactive|nootellas has 30 seconds left.\n|inactive|Dr. Papus has 20 seconds left.\n|\n|t:|1776629997\n|switch|p2a: Glaceon|Glaceon, L50, F, shiny|100/100\n|move|p1b: Whimsicott|Tailwind|p1b: Whimsicott\n|-sidestart|p1: Dr. Papus|move: Tailwind\n|move|p1a: Kingambit|Kowtow Cleave|p2a: Glaceon\n|-damage|p2a: Glaceon|55/100\n|move|p2b: Azumarill|Play Rough|p1b: Whimsicott|[miss]\n|-miss|p2b: Azumarill|p1b: Whimsicott\n|\n|upkeep\n|turn|3\n|\n|t:|1776630019\n|move|p2a: Glaceon|Protect|p2a: Glaceon\n|-singleturn|p2a: Glaceon|Protect\n|move|p1b: Whimsicott|Moonblast|p2b: Azumarill\n|-damage|p2b: Azumarill|66/100\n|move|p1a: Kingambit|Kowtow Cleave|p2a: Glaceon\n|-activate|p2a: Glaceon|move: Protect\n|move|p2b: Azumarill|Play Rough|p1b: Whimsicott\n|-damage|p1b: Whimsicott|0 fnt\n|faint|p1b: Whimsicott\n|\n|upkeep\n|j| JzuzuanoOzjxjdjj\n|\n|t:|1776630028\n|switch|p1b: Charizard|Charizard, L50, F|100/100\n|turn|4\n|\n|t:|1776630049\n|switch|p2a: Garchomp|Garchomp, L50, M, shiny|100/100\n|detailschange|p1b: Charizard|Charizard-Mega-Y, L50, F\n|-mega|p1b: Charizard|Charizard|Charizardite Y\n|-weather|SunnyDay|[from] ability: Drought|[of] p1b: Charizard\n|move|p2b: Azumarill|Protect|p2b: Azumarill\n|-singleturn|p2b: Azumarill|Protect\n|move|p1b: Charizard|Solar Beam||[still]\n|-prepare|p1b: Charizard|Solar Beam\n|-anim|p1b: Charizard|Solar Beam|p2b: Azumarill\n|-activate|p2b: Azumarill|move: Protect\n|move|p1a: Kingambit|Swords Dance|p1a: Kingambit\n|-boost|p1a: Kingambit|atk|2\n|\n|-weather|SunnyDay|[upkeep]\n|upkeep\n|turn|5\n|\n|t:|1776630060\n|move|p1a: Kingambit|Sucker Punch|p2a: Garchomp\n|-damage|p2a: Garchomp|8/100\n|move|p2b: Azumarill|Aqua Jet|p1a: Kingambit\n|-damage|p1a: Kingambit|34/100\n|move|p1b: Charizard|Solar Beam||[still]\n|-prepare|p1b: Charizard|Solar Beam\n|-anim|p1b: Charizard|Solar Beam|p2b: Azumarill\n|-supereffective|p2b: Azumarill|1\n|-damage|p2b: Azumarill|0 fnt\n|faint|p2b: Azumarill\n|move|p2a: Garchomp|Rock Slide|p1b: Charizard|[spread] p1a,p1b\n|-resisted|p1a: Kingambit|1\n|-supereffective|p1b: Charizard|2\n|-damage|p1a: Kingambit|26/100\n|-damage|p1b: Charizard|0 fnt\n|faint|p1b: Charizard\n|\n|-weather|SunnyDay|[upkeep]\n|-sideend|p1: Dr. Papus|move: Tailwind\n|upkeep\n|\n|t:|1776630071\n|switch|p1b: Basculegion|Basculegion, L50, M|100/100\n|switch|p2b: Froslass|Froslass, L50, F|100/100\n|turn|6\n|\n|t:|1776630084\n|detailschange|p2b: Froslass|Froslass-Mega, L50, F\n|-mega|p2b: Froslass|Froslass|Froslassite\n|-weather|Snowscape|[from] ability: Snow Warning|[of] p2b: Froslass\n|move|p1a: Kingambit|Sucker Punch|p2a: Garchomp\n|-damage|p2a: Garchomp|0 fnt\n|faint|p2a: Garchomp\n|move|p1b: Basculegion|Last Respects|p2b: Froslass\n|-supereffective|p2b: Froslass|1\n|-damage|p2b: Froslass|0 fnt\n|faint|p2b: Froslass\n|\n|-weather|Snowscape|[upkeep]\n|upkeep\n|\n|t:|1776630092\n|switch|p2b: Glaceon|Glaceon, L50, F, shiny|55/100\n|turn|7\n|\n|t:|1776630097\n|move|p1a: Kingambit|Sucker Punch|p2b: Glaceon\n|-damage|p2b: Glaceon|0 fnt\n|faint|p2b: Glaceon\n|\n|win|Dr. Papus\n|raw|Dr. Papus's rating: 1470 &rarr; <strong>1493</strong><br />(+23 for winning)\n|raw|nootellas's rating: 1519 &rarr; <strong>1496</strong><br />(-23 for losing)\n|l|\u2606nootellas\n|player|p2|\n|l|\u2606Dr. Papus\n|player|p1|\n|l| JzuzuanoOzjxjdjj\n",
  "uploadtime": 1776630237,
  "views": 19,
  "formatid": "gen9championsvgc2026regma",
  "rating": 1493,
  "private": 0,
  "password": null
}