{
  "id": "gen9championsvgc2026regma-2585845228",
  "format": "[Gen 9 Champions] VGC 2026 Reg M-A",
  "players": [
    "josefall",
    "corek"
  ],
  "log": "|j|\u2606josefall\n|j|\u2606corek\n|t:|1776375012\n|gametype|doubles\n|player|p1|josefall|nate|1155\n|player|p2|corek|lucas|1054\n|gen|9\n|tier|[Gen 9 Champions] VGC 2026 Reg M-A\n|rated|\n|rule|Species Clause: Limit one of each Pok\u00e9mon\n|rule|Item Clause: Limit 1 of each item\n|clearpoke\n|poke|p1|Froslass, L50, F|\n|poke|p1|Weavile, L50, M|\n|poke|p1|Arcanine-Hisui, L50, M|\n|poke|p1|Tyranitar, L50, M|\n|poke|p1|Garchomp, L50, F|\n|poke|p1|Volcarona, L50, F|\n|poke|p2|Lucario, L50, F|\n|poke|p2|Meowscarada, L50, F|\n|poke|p2|Infernape, L50, M|\n|poke|p2|Scizor, L50, M|\n|poke|p2|Noivern, L50, F|\n|poke|p2|Alakazam, L50, M|\n|teampreview|4\n|\n|t:|1776375051\n|teamsize|p1|4\n|teamsize|p2|4\n|start\n|switch|p1a: Tyranitar|Tyranitar, L50, M|100/100\n|switch|p1b: Arcanine|Arcanine-Hisui, L50, M|100/100\n|switch|p2a: Infernape|Infernape, L50, M|100/100\n|switch|p2b: Scizor|Scizor, L50, M|100/100\n|-ability|p1b: Arcanine|Intimidate|boost\n|-unboost|p2a: Infernape|atk|1\n|-unboost|p2b: Scizor|atk|1\n|-weather|Sandstorm|[from] ability: Sand Stream|[of] p1a: Tyranitar\n|-enditem|p2a: Infernape|White Herb\n|-clearnegativeboost|p2a: Infernape|[silent]\n|turn|1\n|inactive|Battle timer is ON: inactive players will automatically lose when time's up. (requested by corek)\n|\n|t:|1776375075\n|switch|p2b: Meowscarada|Meowscarada, L50, F|100/100\n|move|p1b: Arcanine|Rock Slide|p2b: Meowscarada|[spread] p2a,p2b\n|-crit|p2a: Infernape\n|-damage|p2a: Infernape|48/100\n|-damage|p2b: Meowscarada|64/100\n|cant|p2a: Infernape|flinch\n|move|p1a: Tyranitar|Dragon Dance|p1a: Tyranitar\n|-boost|p1a: Tyranitar|atk|1\n|-boost|p1a: Tyranitar|spe|1\n|\n|-weather|Sandstorm|[upkeep]\n|-damage|p2b: Meowscarada|58/100|[from] Sandstorm\n|-damage|p2a: Infernape|42/100|[from] Sandstorm\n|upkeep\n|turn|2\n|\n|t:|1776375098\n|move|p2b: Meowscarada|Power Gem|p1b: Arcanine\n|-start|p2b: Meowscarada|typechange|Rock|[from] ability: Protean\n|-supereffective|p1b: Arcanine|1\n|-damage|p1b: Arcanine|52/100\n|move|p1b: Arcanine|Rock Slide|p2a: Infernape|[spread] p2a,p2b\n|-damage|p2a: Infernape|12/100\n|-damage|p2b: Meowscarada|26/100\n|cant|p2a: Infernape|flinch\n|move|p1a: Tyranitar|Knock Off|p2b: Meowscarada\n|-damage|p2b: Meowscarada|0 fnt\n|-enditem|p2b: Meowscarada|Choice Scarf|[from] move: Knock Off|[of] p1a: Tyranitar\n|faint|p2b: Meowscarada\n|\n|-weather|Sandstorm|[upkeep]\n|-damage|p2a: Infernape|6/100|[from] Sandstorm\n|upkeep\n|\n|t:|1776375114\n|switch|p2b: Lucario|Lucario, L50, F|100/100\n|turn|3\n|\n|t:|1776375127\n|move|p1b: Arcanine|Rock Slide|p2b: Lucario|[spread] p2b\n|-miss|p1b: Arcanine|p2a: Infernape\n|-resisted|p2b: Lucario|2\n|-damage|p2b: Lucario|92/100\n|move|p2a: Infernape|Close Combat|p1b: Arcanine\n|-supereffective|p1b: Arcanine|1\n|-damage|p1b: Arcanine|0 fnt\n|-unboost|p2a: Infernape|def|1\n|-unboost|p2a: Infernape|spd|1\n|faint|p1b: Arcanine\n|move|p2b: Lucario|Close Combat|p1a: Tyranitar\n|-supereffective|p1a: Tyranitar|2\n|-damage|p1a: Tyranitar|0 fnt\n|-unboost|p2b: Lucario|def|1\n|-unboost|p2b: Lucario|spd|1\n|faint|p1a: Tyranitar\n|\n|-weather|Sandstorm|[upkeep]\n|-damage|p2a: Infernape|0 fnt|[from] Sandstorm\n|faint|p2a: Infernape\n|upkeep\n|\n|t:|1776375144\n|switch|p2a: Scizor|Scizor, L50, M|100/100\n|switch|p1b: Volcarona|Volcarona, L50, F|100/100\n|switch|p1a: Garchomp|Garchomp, L50, F|100/100\n|turn|4\n|inactive|corek has 30 seconds left.\n|inactive|corek has 20 seconds left.\n|\n|t:|1776375180\n|move|p2a: Scizor|Bullet Punch|p1a: Garchomp|[miss]\n|-miss|p2a: Scizor|p1a: Garchomp\n|move|p1a: Garchomp|Swords Dance|p1a: Garchomp\n|-boost|p1a: Garchomp|atk|2\n|move|p2b: Lucario|Psychic|p1a: Garchomp\n|-damage|p1a: Garchomp|73/100\n|move|p1b: Volcarona|Tailwind|p1b: Volcarona\n|-sidestart|p1: josefall|move: Tailwind\n|\n|-weather|Sandstorm|[upkeep]\n|-damage|p1b: Volcarona|95/100|[from] Sandstorm\n|upkeep\n|turn|5\n|\n|t:|1776375198\n|move|p2a: Scizor|Bullet Punch|p1a: Garchomp\n|-damage|p1a: Garchomp|31/100\n|move|p1a: Garchomp|Stomping Tantrum|p2b: Lucario\n|-supereffective|p2b: Lucario|1\n|-damage|p2b: Lucario|0 fnt\n|faint|p2b: Lucario\n|move|p1b: Volcarona|Struggle Bug|p2a: Scizor\n|-resisted|p2a: Scizor|1\n|-damage|p2a: Scizor|89/100\n|-unboost|p2a: Scizor|spa|1\n|\n|-weather|none\n|upkeep\n|turn|6\n|\n|t:|1776375214\n|move|p1b: Volcarona|Rage Powder|p1b: Volcarona\n|-singleturn|p1b: Volcarona|move: Rage Powder\n|move|p2a: Scizor|Bullet Punch|p1b: Volcarona\n|-resisted|p1b: Volcarona|1\n|-damage|p1b: Volcarona|74/100\n|move|p1a: Garchomp|Swords Dance|p1a: Garchomp\n|-boost|p1a: Garchomp|atk|2\n|\n|upkeep\n|turn|7\n|\n|t:|1776375223\n|move|p1b: Volcarona|Rage Powder|p1b: Volcarona\n|-singleturn|p1b: Volcarona|move: Rage Powder\n|move|p1a: Garchomp|Scale Shot|p2a: Scizor\n|-resisted|p2a: Scizor|1\n|-damage|p2a: Scizor|63/100\n|-resisted|p2a: Scizor|1\n|-damage|p2a: Scizor|40/100\n|-hitcount|p2a: Scizor|2\n|-unboost|p1a: Garchomp|def|1\n|-boost|p1a: Garchomp|spe|1\n|move|p2a: Scizor|Swords Dance|p2a: Scizor\n|-boost|p2a: Scizor|atk|2\n|\n|-sideend|p1: josefall|move: Tailwind\n|upkeep\n|turn|8\n|\n|t:|1776375236\n|move|p1b: Volcarona|Rage Powder|p1b: Volcarona\n|-singleturn|p1b: Volcarona|move: Rage Powder\n|move|p2a: Scizor|Bullet Punch|p1b: Volcarona\n|-resisted|p1b: Volcarona|1\n|-damage|p1b: Volcarona|32/100\n|-status|p2a: Scizor|brn|[from] ability: Flame Body|[of] p1b: Volcarona\n|-enditem|p1b: Volcarona|Sitrus Berry|[eat]\n|-heal|p1b: Volcarona|57/100|[from] item: Sitrus Berry\n|move|p1a: Garchomp|Scale Shot|p2a: Scizor\n|-resisted|p2a: Scizor|1\n|-damage|p2a: Scizor|16/100 brn\n|-resisted|p2a: Scizor|1\n|-damage|p2a: Scizor|0 fnt\n|faint|p2a: Scizor\n|-hitcount|p2: Scizor|2\n|\n|win|josefall\n|raw|josefall's rating: 1155 &rarr; <strong>1173</strong><br />(+18 for winning)\n|raw|corek's rating: 1054 &rarr; <strong>1041</strong><br />(-13 for losing)\n|l|\u2606corek\n|player|p2|\n",
  "uploadtime": 1776375287,
  "views": 18,
  "formatid": "gen9championsvgc2026regma",
  "rating": 1041,
  "private": 0,
  "password": null
}