{
  "id": "gen9championsvgc2026regma-2580855344",
  "format": "[Gen 9 Champions] VGC 2026 Reg M-A",
  "players": [
    "White Edgerson",
    "la javineta"
  ],
  "log": "|j|\u2606White Edgerson\n|j|\u2606la javineta\n|t:|1775938020\n|gametype|doubles\n|player|p1|White Edgerson|hoopster|1116\n|player|p2|la javineta|265|1153\n|gen|9\n|tier|[Gen 9 Champions] VGC 2026 Reg M-A\n|rated|\n|rule|Species Clause: Limit one of each Pok\u00e9mon\n|rule|Item Clause: Limit 1 of each item\n|clearpoke\n|poke|p1|Aerodactyl, L50, M|\n|poke|p1|Floette-Eternal, L50, F|\n|poke|p1|Garchomp, L50, F|\n|poke|p1|Sinistcha, L50|\n|poke|p1|Incineroar, L50, M|\n|poke|p1|Rotom-Wash, L50|\n|poke|p2|Heliolisk, L50, M|\n|poke|p2|Excadrill, L50, M|\n|poke|p2|Tyranitar, L50, M|\n|poke|p2|Aerodactyl, L50, M|\n|poke|p2|Milotic, L50, M|\n|poke|p2|Incineroar, L50, M|\n|teampreview|4\n|\n|t:|1775938069\n|teamsize|p1|4\n|teamsize|p2|4\n|start\n|switch|p1a: pogchomp|Garchomp, L50, F|100/100\n|switch|p1b: Rotom|Rotom-Wash, L50|100/100\n|switch|p2a: Milotic|Milotic, L50, M|100/100\n|switch|p2b: Aerodactyl|Aerodactyl, L50, M|100/100\n|-ability|p2b: Aerodactyl|Unnerve\n|turn|1\n|\n|t:|1775938087\n|detailschange|p2b: Aerodactyl|Aerodactyl-Mega, L50, M\n|-mega|p2b: Aerodactyl|Aerodactyl|Aerodactylite\n|move|p2b: Aerodactyl|Tailwind|p2b: Aerodactyl\n|-sidestart|p2: la javineta|move: Tailwind\n|move|p2a: Milotic|Coil|p2a: Milotic\n|-boost|p2a: Milotic|atk|1\n|-boost|p2a: Milotic|def|1\n|-boost|p2a: Milotic|accuracy|1\n|move|p1a: pogchomp|Dragon Claw|p2a: Milotic\n|-damage|p2a: Milotic|65/100\n|move|p1b: Rotom|Volt Switch|p2a: Milotic\n|-supereffective|p2a: Milotic|1\n|-damage|p2a: Milotic|33/100\n|\n|t:|1775938100\n|switch|p1b: dubai|Sinistcha, L50|100/100|[from] Volt Switch\n|\n|-heal|p2a: Milotic|40/100|[from] item: Leftovers\n|upkeep\n|turn|2\n|\n|t:|1775938120\n|switch|p1b: Rotom|Rotom-Wash, L50|100/100\n|move|p2b: Aerodactyl|Dual Wingbeat|p1b: Rotom\n|-resisted|p1b: Rotom|1\n|-damage|p1b: Rotom|86/100\n|-resisted|p1b: Rotom|1\n|-damage|p1b: Rotom|72/100\n|-hitcount|p1b: Rotom|2\n|move|p2a: Milotic|Hypnosis|p1b: Rotom\n|-status|p1b: Rotom|slp|[from] move: Hypnosis\n|move|p1a: pogchomp|Dragon Claw|p2a: Milotic\n|-damage|p2a: Milotic|7/100\n|\n|-heal|p2a: Milotic|13/100|[from] item: Leftovers\n|upkeep\n|turn|3\n|\n|t:|1775938138\n|move|p2b: Aerodactyl|Rock Slide|p1b: Rotom|[spread] p1a,p1b\n|-resisted|p1a: pogchomp|1\n|-damage|p1a: pogchomp|85/100\n|-damage|p1b: Rotom|43/100 slp\n|-enditem|p1b: Rotom|Sitrus Berry|[eat]\n|-heal|p1b: Rotom|68/100 slp|[from] item: Sitrus Berry\n|move|p2a: Milotic|Hypnosis|p1a: pogchomp\n|-status|p1a: pogchomp|slp|[from] move: Hypnosis\n|cant|p1a: pogchomp|slp\n|cant|p1b: Rotom|slp\n|\n|-heal|p2a: Milotic|19/100|[from] item: Leftovers\n|upkeep\n|turn|4\n|\n|t:|1775938150\n|move|p2b: Aerodactyl|Rock Slide|p1b: Rotom|[spread] p1a,p1b\n|-resisted|p1a: pogchomp|1\n|-damage|p1a: pogchomp|72/100 slp\n|-damage|p1b: Rotom|36/100 slp\n|move|p2a: Milotic|Coil|p2a: Milotic\n|-boost|p2a: Milotic|atk|1\n|-boost|p2a: Milotic|def|1\n|-boost|p2a: Milotic|accuracy|1\n|-curestatus|p1a: pogchomp|slp|[msg]\n|cant|p1a: pogchomp|flinch\n|cant|p1b: Rotom|slp\n|\n|-heal|p2a: Milotic|25/100|[from] item: Leftovers\n|-sideend|p2: la javineta|move: Tailwind\n|upkeep\n|turn|5\n|\n|t:|1775938164\n|move|p2b: Aerodactyl|Protect|p2b: Aerodactyl\n|-singleturn|p2b: Aerodactyl|Protect\n|move|p2a: Milotic|Protect|p2a: Milotic\n|-singleturn|p2a: Milotic|Protect\n|move|p1a: pogchomp|Rock Slide|p2b: Aerodactyl|[spread] \n|-activate|p2a: Milotic|move: Protect\n|-activate|p2b: Aerodactyl|move: Protect\n|-curestatus|p1b: Rotom|slp|[msg]\n|move|p1b: Rotom|Volt Switch|p2a: Milotic\n|-activate|p2a: Milotic|move: Protect\n|\n|-heal|p2a: Milotic|32/100|[from] item: Leftovers\n|upkeep\n|turn|6\n|\n|t:|1775938177\n|move|p2b: Aerodactyl|Tailwind|p2b: Aerodactyl\n|-sidestart|p2: la javineta|move: Tailwind\n|move|p2a: Milotic|Hypnosis|p1b: Rotom\n|-status|p1b: Rotom|slp|[from] move: Hypnosis\n|move|p1a: pogchomp|Dragon Claw|p2a: Milotic\n|-damage|p2a: Milotic|6/100\n|cant|p1b: Rotom|slp\n|\n|-heal|p2a: Milotic|12/100|[from] item: Leftovers\n|upkeep\n|turn|7\n|\n|t:|1775938190\n|switch|p1a: dubai|Sinistcha, L50|100/100\n|-heal|p1b: Rotom|61/100 slp|[from] ability: Hospitality|[of] p1a: dubai\n|move|p2b: Aerodactyl|Rock Slide|p1b: Rotom|[spread] p1a,p1b\n|-damage|p1a: dubai|73/100\n|-damage|p1b: Rotom|31/100 slp\n|move|p2a: Milotic|Hypnosis|p1a: dubai\n|-status|p1a: dubai|slp|[from] move: Hypnosis\n|cant|p1b: Rotom|slp\n|\n|-heal|p2a: Milotic|19/100|[from] item: Leftovers\n|upkeep\n|turn|8\n|\n|t:|1775938204\n|switch|p1a: pogchomp|Garchomp, L50, F|72/100\n|move|p2a: Milotic|Protect|p2a: Milotic\n|-singleturn|p2a: Milotic|Protect\n|move|p2b: Aerodactyl|Rock Slide|p1a: pogchomp|[spread] p1a,p1b\n|-resisted|p1a: pogchomp|1\n|-damage|p1a: pogchomp|58/100\n|-damage|p1b: Rotom|0 fnt\n|faint|p1b: Rotom\n|\n|-heal|p2a: Milotic|25/100|[from] item: Leftovers\n|upkeep\n|\n|t:|1775938211\n|switch|p1b: dubai|Sinistcha, L50|73/100 slp\n|-heal|p1a: pogchomp|83/100|[from] ability: Hospitality|[of] p1b: dubai\n|turn|9\n|\n|t:|1775938219\n|move|p2b: Aerodactyl|Dual Wingbeat|p1b: dubai\n|-supereffective|p1b: dubai|1\n|-damage|p1b: dubai|21/100 slp\n|-supereffective|p1b: dubai|1\n|-damage|p1b: dubai|0 fnt\n|faint|p1b: dubai\n|-hitcount|p1: dubai|2\n|move|p2a: Milotic|Hypnosis|p1a: pogchomp\n|-status|p1a: pogchomp|slp|[from] move: Hypnosis\n|cant|p1a: pogchomp|slp\n|\n|-heal|p2a: Milotic|31/100|[from] item: Leftovers\n|-sideend|p2: la javineta|move: Tailwind\n|upkeep\n|\n|t:|1775938225\n|switch|p1b: late bloomer|Floette-Eternal, L50, F|100/100\n|turn|10\n|\n|t:|1775938233\n|detailschange|p1b: late bloomer|Floette-Mega, L50, F\n|-mega|p1b: late bloomer|Floette|Floettite\n|-ability|p1b: late bloomer|Fairy Aura\n|move|p2b: Aerodactyl|Tailwind|p2b: Aerodactyl\n|-sidestart|p2: la javineta|move: Tailwind\n|move|p2a: Milotic|Hypnosis|p1b: late bloomer\n|-status|p1b: late bloomer|slp|[from] move: Hypnosis\n|cant|p1b: late bloomer|slp\n|cant|p1a: pogchomp|slp\n|\n|-heal|p2a: Milotic|37/100|[from] item: Leftovers\n|upkeep\n|turn|11\n|\n|t:|1775938249\n|move|p2b: Aerodactyl|Rock Slide|p1b: late bloomer|[spread] p1a,p1b\n|-resisted|p1a: pogchomp|1\n|-damage|p1a: pogchomp|68/100 slp\n|-damage|p1b: late bloomer|59/100 slp\n|move|p2a: Milotic|Scald|p1a: pogchomp\n|-damage|p1a: pogchomp|34/100 slp\n|cant|p1b: late bloomer|slp\n|-curestatus|p1a: pogchomp|slp|[msg]\n|move|p1a: pogchomp|Dragon Claw|p2a: Milotic\n|-damage|p2a: Milotic|12/100\n|\n|-heal|p2a: Milotic|18/100|[from] item: Leftovers\n|upkeep\n|turn|12\n|\n|t:|1775938269\n|move|p2b: Aerodactyl|Dual Wingbeat|p1b: late bloomer\n|-damage|p1b: late bloomer|18/100 slp\n|-damage|p1b: late bloomer|0 fnt\n|faint|p1b: late bloomer\n|-hitcount|p1: late bloomer|2\n|move|p2a: Milotic|Scald|p1a: pogchomp\n|-damage|p1a: pogchomp|3/100\n|move|p1a: pogchomp|Rock Slide|p2b: Aerodactyl|[spread] p2a,p2b\n|-supereffective|p2b: Aerodactyl|1\n|-damage|p2a: Milotic|7/100\n|-damage|p2b: Aerodactyl|53/100\n|\n|-heal|p2a: Milotic|14/100|[from] item: Leftovers\n|upkeep\n|turn|13\n|-message|White Edgerson forfeited.\n|\n|win|la javineta\n|raw|White Edgerson's rating: 1116 &rarr; <strong>1094</strong><br />(-22 for losing)\n|raw|la javineta's rating: 1153 &rarr; <strong>1175</strong><br />(+22 for winning)\n|l|\u2606White Edgerson\n|player|p1|\n",
  "uploadtime": 1775938287,
  "views": 13,
  "formatid": "gen9championsvgc2026regma",
  "rating": 1094,
  "private": 0,
  "password": null
}