{
  "id": "gen9championsvgc2026regma-2582253659",
  "format": "[Gen 9 Champions] VGC 2026 Reg M-A",
  "players": [
    "Ryan96",
    "daviglesias__"
  ],
  "log": "|j|\u2606Ryan96\n|j|\u2606daviglesias__\n|t:|1776076506\n|gametype|doubles\n|player|p1|Ryan96|crasherwake|1046\n|player|p2|daviglesias__|265|1034\n|gen|9\n|tier|[Gen 9 Champions] VGC 2026 Reg M-A\n|rated|\n|rule|Species Clause: Limit one of each Pok\u00e9mon\n|rule|Item Clause: Limit 1 of each item\n|clearpoke\n|poke|p1|Kingambit, L50, M|\n|poke|p1|Sylveon, L50, M|\n|poke|p1|Incineroar, L50, M|\n|poke|p1|Sneasler, L50, M|\n|poke|p1|Starmie, L50|\n|poke|p1|Sinistcha, L50|\n|poke|p2|Pelipper, L50, M|\n|poke|p2|Sinistcha, L50|\n|poke|p2|Dragonite, L50, F|\n|poke|p2|Basculegion, L50, M|\n|poke|p2|Sneasler, L50, F|\n|poke|p2|Farigiraf, L50, F|\n|teampreview|4\n|\n|t:|1776076557\n|teamsize|p1|4\n|teamsize|p2|4\n|start\n|switch|p1a: W.W.E.|Incineroar, L50, M|100/100\n|switch|p1b: C.L.A.W.|Sneasler, L50, M|100/100\n|switch|p2a: Pelipper|Pelipper, L50, M|100/100\n|switch|p2b: Dragonite|Dragonite, L50, F|100/100\n|-weather|RainDance|[from] ability: Drizzle|[of] p2a: Pelipper\n|-ability|p1a: W.W.E.|Intimidate|boost\n|-unboost|p2a: Pelipper|atk|1\n|-unboost|p2b: Dragonite|atk|1\n|turn|1\n|inactive|Battle timer is ON: inactive players will automatically lose when time's up. (requested by daviglesias__)\n|\n|t:|1776076600\n|detailschange|p2b: Dragonite|Dragonite-Mega, L50, F\n|-mega|p2b: Dragonite|Dragonite|Dragoninite\n|move|p2b: Dragonite|Protect|p2b: Dragonite\n|-singleturn|p2b: Dragonite|Protect\n|move|p1b: C.L.A.W.|Fake Out|p2a: Pelipper\n|-damage|p2a: Pelipper|86/100\n|cant|p2a: Pelipper|flinch\n|move|p1a: W.W.E.|Parting Shot|p2a: Pelipper\n|-unboost|p2a: Pelipper|atk|1\n|-unboost|p2a: Pelipper|spa|1\n|\n|t:|1776076623\n|switch|p1a: L.O.R.D.|Kingambit, L50, M|100/100|[from] Parting Shot\n|\n|-weather|RainDance|[upkeep]\n|upkeep\n|turn|2\n|inactive|daviglesias__ has 30 seconds left.\n|\n|t:|1776076652\n|move|p1b: C.L.A.W.|Rock Slide|p2a: Pelipper|[spread] p2a\n|-miss|p1b: C.L.A.W.|p2b: Dragonite\n|-supereffective|p2a: Pelipper|1\n|-damage|p2a: Pelipper|42/100\n|move|p2b: Dragonite|Hurricane|p1b: C.L.A.W.\n|-supereffective|p1b: C.L.A.W.|1\n|-enditem|p1b: C.L.A.W.|Focus Sash\n|-damage|p1b: C.L.A.W.|1/100\n|cant|p2a: Pelipper|flinch\n|move|p1a: L.O.R.D.|Kowtow Cleave|p2a: Pelipper\n|-damage|p2a: Pelipper|0 fnt\n|faint|p2a: Pelipper\n|\n|-weather|RainDance|[upkeep]\n|upkeep\n|\n|t:|1776076667\n|switch|p2a: Basculegion|Basculegion, L50, M|100/100\n|turn|3\n|\n|t:|1776076690\n|switch|p2a: Sinistcha|Sinistcha, L50|100/100\n|move|p1a: L.O.R.D.|Sucker Punch||[still]\n|-fail|p1a: L.O.R.D.\n|move|p1b: C.L.A.W.|Rock Slide|p2a: Sinistcha|[spread] p2a,p2b\n|-supereffective|p2b: Dragonite|1\n|-damage|p2a: Sinistcha|83/100\n|-damage|p2b: Dragonite|83/100\n|cant|p2b: Dragonite|flinch\n|\n|-weather|RainDance|[upkeep]\n|upkeep\n|turn|4\n|\n|t:|1776076713\n|move|p1b: C.L.A.W.|Rock Slide|p2a: Sinistcha|[spread] p2a,p2b\n|-crit|p2a: Sinistcha\n|-supereffective|p2b: Dragonite|1\n|-damage|p2a: Sinistcha|54/100\n|-damage|p2b: Dragonite|45/100\n|move|p2b: Dragonite|Thunder|p1b: C.L.A.W.\n|-damage|p1b: C.L.A.W.|0 fnt\n|faint|p1b: C.L.A.W.\n|cant|p2a: Sinistcha|flinch\n|move|p1a: L.O.R.D.|Kowtow Cleave|p2a: Sinistcha\n|-supereffective|p2a: Sinistcha|1\n|-damage|p2a: Sinistcha|0 fnt\n|faint|p2a: Sinistcha\n|\n|-weather|RainDance|[upkeep]\n|upkeep\n|inactive|Ryan96 has 30 seconds left.\n|inactive|Ryan96 has 20 seconds left.\n|inactive|Ryan96 has 15 seconds left.\n|inactive|Ryan96 has 10 seconds left.\n|\n|t:|1776076763\n|switch|p1b: W.W.E.|Incineroar, L50, M|100/100\n|switch|p2a: Basculegion|Basculegion, L50, M|100/100\n|-ability|p1b: W.W.E.|Intimidate|boost\n|-unboost|p2a: Basculegion|atk|1\n|-unboost|p2b: Dragonite|atk|1\n|turn|5\n|inactive|daviglesias__ has 30 seconds left.\n|\n|t:|1776076789\n|move|p1a: L.O.R.D.|Protect|p1a: L.O.R.D.\n|-singleturn|p1a: L.O.R.D.|Protect\n|move|p2a: Basculegion|Wave Crash|p1b: W.W.E.\n|-supereffective|p1b: W.W.E.|1\n|-damage|p1b: W.W.E.|0 fnt\n|faint|p1b: W.W.E.\n|-damage|p2a: Basculegion|67/100|[from] Recoil\n|move|p2b: Dragonite|Thunder|p1a: L.O.R.D.\n|-activate|p1a: L.O.R.D.|move: Protect\n|\n|-weather|none\n|upkeep\n|inactive|Ryan96 has 30 seconds left.\n|\n|t:|1776076814\n|switch|p1b: 5.P.M.|Sinistcha, L50|100/100\n|turn|6\n|inactive|daviglesias__ has 30 seconds left.\n|\n|t:|1776076840\n|move|p1a: L.O.R.D.|Sucker Punch|p2a: Basculegion\n|-supereffective|p2a: Basculegion|1\n|-damage|p2a: Basculegion|0 fnt\n|faint|p2a: Basculegion\n|move|p2b: Dragonite|Hurricane|p1b: 5.P.M.\n|-supereffective|p1b: 5.P.M.|1\n|-damage|p1b: 5.P.M.|0 fnt\n|faint|p1b: 5.P.M.\n|\n|upkeep\n|turn|7\n|c|\u2606Ryan96|gg\n|\n|t:|1776076863\n|move|p2b: Dragonite|Protect|p2b: Dragonite\n|-singleturn|p2b: Dragonite|Protect\n|move|p1a: L.O.R.D.|Kowtow Cleave|p2b: Dragonite\n|-activate|p2b: Dragonite|move: Protect\n|\n|upkeep\n|turn|8\n|\n|t:|1776076876\n|move|p2b: Dragonite|Thunder|p1a: L.O.R.D.\n|-damage|p1a: L.O.R.D.|58/100\n|-status|p1a: L.O.R.D.|par\n|move|p1a: L.O.R.D.|Kowtow Cleave|p2b: Dragonite\n|-damage|p2b: Dragonite|0 fnt\n|faint|p2b: Dragonite\n|\n|win|Ryan96\n|raw|Ryan96's rating: 1046 &rarr; <strong>1078</strong><br />(+32 for winning)\n|raw|daviglesias__'s rating: 1034 &rarr; <strong>1019</strong><br />(-15 for losing)\n",
  "uploadtime": 1776076885,
  "views": 17,
  "formatid": "gen9championsvgc2026regma",
  "rating": 1019,
  "private": 0,
  "password": null
}