{
  "id": "gen9championsvgc2026regma-2584984541",
  "format": "[Gen 9 Champions] VGC 2026 Reg M-A",
  "players": [
    "BetterKev",
    "finessermable"
  ],
  "log": "|j|\u2606BetterKev\n|j|\u2606finessermable\n|t:|1776300630\n|gametype|doubles\n|player|p1|BetterKev|102|1112\n|player|p2|finessermable|mars|1036\n|gen|9\n|tier|[Gen 9 Champions] VGC 2026 Reg M-A\n|rated|\n|rule|Species Clause: Limit one of each Pok\u00e9mon\n|rule|Item Clause: Limit 1 of each item\n|clearpoke\n|poke|p1|Decidueye-Hisui, L50, M|\n|poke|p1|Palafin, L50, M|\n|poke|p1|Incineroar, L50, F|\n|poke|p1|Aegislash, L50, M|\n|poke|p1|Venusaur, L50, F|\n|poke|p1|Charizard, L50, M|\n|poke|p2|Clefable, L50, M|\n|poke|p2|Kingambit, L50, M|\n|poke|p2|Incineroar, L50, M|\n|poke|p2|Dragonite, L50, F|\n|poke|p2|Sinistcha, L50|\n|poke|p2|Starmie, L50|\n|teampreview|4\n|inactive|Battle timer is ON: inactive players will automatically lose when time's up. (requested by finessermable)\n|\n|t:|1776300645\n|teamsize|p1|4\n|teamsize|p2|4\n|start\n|switch|p1a: Incineroar|Incineroar, L50, F|100/100\n|switch|p1b: Venusaur|Venusaur, L50, F|100/100\n|switch|p2a: Dragonite|Dragonite, L50, F|100/100\n|switch|p2b: Starmie|Starmie, L50|100/100\n|turn|1\n|inactive|finessermable has 30 seconds left.\n|inactive|finessermable has 20 seconds left.\n|inactive|finessermable has 15 seconds left.\n|inactive|finessermable has 10 seconds left.\n|\n|t:|1776300692\n|detailschange|p2b: Starmie|Starmie-Mega, L50\n|-mega|p2b: Starmie|Starmie|Starminite\n|move|p1a: Incineroar|Fake Out|p2b: Starmie\n|-damage|p2b: Starmie|90/100\n|move|p1b: Venusaur|Sleep Powder|p2a: Dragonite\n|-status|p2a: Dragonite|slp|[from] move: Sleep Powder\n|-enditem|p2a: Dragonite|Lum Berry|[eat]\n|-curestatus|p2a: Dragonite|slp|[msg]\n|cant|p2b: Starmie|flinch\n|move|p2a: Dragonite|Tailwind|p2a: Dragonite\n|-sidestart|p2: finessermable|move: Tailwind\n|\n|upkeep\n|turn|2\n|\n|t:|1776300714\n|move|p2a: Dragonite|Protect|p2a: Dragonite\n|-singleturn|p2a: Dragonite|Protect\n|move|p2b: Starmie|Ice Spinner|p1b: Venusaur\n|-supereffective|p1b: Venusaur|1\n|-damage|p1b: Venusaur|0 fnt\n|faint|p1b: Venusaur\n|move|p1a: Incineroar|Parting Shot|p2a: Dragonite\n|-activate|p2a: Dragonite|move: Protect\n|\n|upkeep\n|\n|t:|1776300719\n|switch|p1b: Charizard|Charizard, L50, M|100/100\n|turn|3\n|inactive|BetterKev has 30 seconds left.\n|inactive|finessermable has 30 seconds left.\n|inactive|finessermable has 20 seconds left.\n|inactive|finessermable has 15 seconds left.\n|inactive|finessermable has 10 seconds left.\n|\n|t:|1776300764\n|detailschange|p1b: Charizard|Charizard-Mega-Y, L50, M\n|-mega|p1b: Charizard|Charizard|Charizardite Y\n|-weather|SunnyDay|[from] ability: Drought|[of] p1b: Charizard\n|move|p2b: Starmie|Liquidation|p1b: Charizard\n|-supereffective|p1b: Charizard|1\n|-damage|p1b: Charizard|0 fnt\n|faint|p1b: Charizard\n|move|p2a: Dragonite|Scale Shot|p1a: Incineroar\n|-damage|p1a: Incineroar|88/100\n|-damage|p1a: Incineroar|74/100\n|-damage|p1a: Incineroar|61/100\n|-hitcount|p1a: Incineroar|3\n|-unboost|p2a: Dragonite|def|1\n|-boost|p2a: Dragonite|spe|1\n|move|p1a: Incineroar|Parting Shot|p2a: Dragonite\n|-unboost|p2a: Dragonite|atk|1\n|-unboost|p2a: Dragonite|spa|1\n|\n|t:|1776300773\n|switch|p1a: Decidueye|Decidueye-Hisui, L50, M|100/100|[from] Parting Shot\n|\n|-weather|SunnyDay|[upkeep]\n|upkeep\n|\n|t:|1776300775\n|switch|p1b: Incineroar|Incineroar, L50, F|61/100\n|turn|4\n|\n|t:|1776300784\n|move|p1a: Decidueye|Protect|p1a: Decidueye\n|-singleturn|p1a: Decidueye|Protect\n|move|p1b: Incineroar|Fake Out|p2b: Starmie\n|-damage|p2b: Starmie|80/100\n|move|p2a: Dragonite|Scale Shot|p1b: Incineroar\n|-damage|p1b: Incineroar|53/100\n|-damage|p1b: Incineroar|43/100\n|-enditem|p1b: Incineroar|Sitrus Berry|[eat]\n|-heal|p1b: Incineroar|68/100|[from] item: Sitrus Berry\n|-damage|p1b: Incineroar|60/100\n|-damage|p1b: Incineroar|52/100\n|-hitcount|p1b: Incineroar|4\n|-unboost|p2a: Dragonite|def|1\n|-boost|p2a: Dragonite|spe|1\n|cant|p2b: Starmie|flinch\n|\n|-weather|SunnyDay|[upkeep]\n|-sideend|p2: finessermable|move: Tailwind\n|upkeep\n|turn|5\n|inactive|BetterKev has 30 seconds left.\n|inactive|BetterKev has 20 seconds left.\n|\n|t:|1776300820\n|move|p2a: Dragonite|Low Kick|p1b: Incineroar\n|-supereffective|p1b: Incineroar|1\n|-damage|p1b: Incineroar|15/100\n|move|p2b: Starmie|Ice Spinner|p1a: Decidueye\n|-supereffective|p1a: Decidueye|1\n|-damage|p1a: Decidueye|0 fnt\n|faint|p1a: Decidueye\n|move|p1b: Incineroar|Throat Chop|p2a: Dragonite\n|-damage|p2a: Dragonite|71/100\n|-start|p2a: Dragonite|Throat Chop|[silent]\n|\n|-weather|SunnyDay|[upkeep]\n|upkeep\n|turn|6\n|-message|BetterKev forfeited.\n|\n|win|finessermable\n|raw|BetterKev's rating: 1112 &rarr; <strong>1084</strong><br />(-28 for losing)\n|raw|finessermable's rating: 1070 &rarr; <strong>1103</strong><br />(+33 for winning)\n|l|\u2606BetterKev\n|player|p1|\n",
  "uploadtime": 1776300829,
  "views": 18,
  "formatid": "gen9championsvgc2026regma",
  "rating": 1084,
  "private": 0,
  "password": null
}