{
  "id": "gen9championsvgc2026regma-2586339438",
  "format": "[Gen 9 Champions] VGC 2026 Reg M-A",
  "players": [
    "Asteroide89",
    "kenrou"
  ],
  "log": "|j|\u2606Asteroide89\n|j|\u2606kenrou\n|t:|1776426790\n|gametype|doubles\n|player|p1|Asteroide89|102|1080\n|player|p2|kenrou|2|1040\n|gen|9\n|tier|[Gen 9 Champions] VGC 2026 Reg M-A\n|rated|\n|rule|Species Clause: Limit one of each Pok\u00e9mon\n|rule|Item Clause: Limit 1 of each item\n|clearpoke\n|poke|p1|Sneasler, L50, M|\n|poke|p1|Incineroar, L50, M|\n|poke|p1|Golurk, L50|\n|poke|p1|Venusaur, L50, M|\n|poke|p1|Farigiraf, L50, M|\n|poke|p1|Torkoal, L50, M|\n|poke|p2|Blastoise, L50, F|\n|poke|p2|Toxicroak, L50, M|\n|poke|p2|Archaludon, L50, M|\n|poke|p2|Aggron, L50, M|\n|poke|p2|Aerodactyl, L50, M|\n|poke|p2|Rotom-Heat, L50|\n|teampreview|4\n|inactive|Battle timer is ON: inactive players will automatically lose when time's up. (requested by Asteroide89)\n|\n|t:|1776426814\n|teamsize|p1|4\n|teamsize|p2|4\n|start\n|switch|p1a: Incineroar|Incineroar, L50, M|100/100\n|switch|p1b: Farigiraf|Farigiraf, L50, M|100/100\n|switch|p2a: Blastoise|Blastoise, L50, F|100/100\n|switch|p2b: Toxicroak|Toxicroak, L50, M|100/100\n|-ability|p1a: Incineroar|Intimidate|boost\n|-unboost|p2a: Blastoise|atk|1\n|-unboost|p2b: Toxicroak|atk|1\n|turn|1\n|inactive|kenrou has 30 seconds left.\n|\n|t:|1776426840\n|move|p1a: Incineroar|Fake Out|p2a: Blastoise\n|-damage|p2a: Blastoise|89/100\n|cant|p2a: Blastoise|flinch\n|move|p2b: Toxicroak|Rain Dance|p2b: Toxicroak\n|-weather|RainDance\n|move|p1b: Farigiraf|Trick Room|p1b: Farigiraf\n|-fieldstart|move: Trick Room|[of] p1b: Farigiraf\n|\n|-weather|RainDance|[upkeep]\n|-heal|p2a: Blastoise|95/100|[from] ability: Rain Dish\n|upkeep\n|turn|2\n|inactive|kenrou has 30 seconds left.\n|\n|t:|1776426879\n|switch|p1b: Torkoal|Torkoal, L50, M|100/100\n|-weather|SunnyDay|[from] ability: Drought|[of] p1b: Torkoal\n|detailschange|p2a: Blastoise|Blastoise-Mega, L50, F\n|-mega|p2a: Blastoise|Blastoise|Blastoisinite\n|move|p1a: Incineroar|Parting Shot|p2a: Blastoise\n|-unboost|p2a: Blastoise|atk|1\n|-unboost|p2a: Blastoise|spa|1\n|\n|t:|1776426890\n|switch|p1a: Farigiraf|Farigiraf, L50, M|100/100|[from] Parting Shot\n|move|p2b: Toxicroak|Brick Break|p1a: Farigiraf\n|-damage|p1a: Farigiraf|83/100\n|move|p2a: Blastoise|Surf|p1a: Farigiraf|[spread] p1a,p1b\n|-immune|p2b: Toxicroak|[from] ability: Dry Skin\n|-supereffective|p1b: Torkoal|1\n|-damage|p1a: Farigiraf|73/100\n|-damage|p1b: Torkoal|71/100\n|\n|-weather|SunnyDay|[upkeep]\n|-damage|p2b: Toxicroak|88/100|[from] ability: Dry Skin|[of] p2b: Toxicroak\n|-heal|p2b: Toxicroak|94/100|[from] item: Leftovers\n|upkeep\n|turn|3\n|\n|t:|1776426908\n|move|p1b: Torkoal|Weather Ball|p2a: Blastoise\n|-resisted|p2a: Blastoise|1\n|-damage|p2a: Blastoise|56/100\n|move|p1a: Farigiraf|Psychic|p2b: Toxicroak\n|-supereffective|p2b: Toxicroak|2\n|-damage|p2b: Toxicroak|0 fnt\n|faint|p2b: Toxicroak\n|move|p2a: Blastoise|Surf|p1a: Farigiraf|[spread] p1a,p1b\n|-supereffective|p1b: Torkoal|1\n|-damage|p1a: Farigiraf|61/100\n|-damage|p1b: Torkoal|42/100\n|\n|-weather|SunnyDay|[upkeep]\n|upkeep\n|\n|t:|1776426923\n|switch|p2b: Aerodactyl|Aerodactyl, L50, M|100/100\n|turn|4\n|\n|t:|1776426935\n|move|p1b: Torkoal|Weather Ball|p2b: Aerodactyl\n|-resisted|p2b: Aerodactyl|1\n|-damage|p2b: Aerodactyl|46/100\n|move|p1a: Farigiraf|Psychic|p2a: Blastoise\n|-damage|p2a: Blastoise|21/100\n|move|p2a: Blastoise|Flash Cannon|p1a: Farigiraf\n|-damage|p1a: Farigiraf|41/100\n|-enditem|p1a: Farigiraf|Sitrus Berry|[eat]\n|-heal|p1a: Farigiraf|66/100|[from] item: Sitrus Berry\n|move|p2b: Aerodactyl|Rock Slide|p1b: Torkoal|[spread] p1a,p1b\n|-supereffective|p1b: Torkoal|1\n|-damage|p1a: Farigiraf|44/100\n|-damage|p1b: Torkoal|0 fnt\n|faint|p1b: Torkoal\n|\n|-weather|SunnyDay|[upkeep]\n|upkeep\n|\n|t:|1776426953\n|switch|p1b: Golurk|Golurk, L50, shiny|100/100\n|turn|5\n|\n|t:|1776426961\n|detailschange|p1b: Golurk|Golurk-Mega, L50, shiny\n|-mega|p1b: Golurk|Golurk|Golurkite\n|move|p2b: Aerodactyl|Protect|p2b: Aerodactyl\n|-singleturn|p2b: Aerodactyl|Protect\n|move|p1a: Farigiraf|Psychic|p2a: Blastoise\n|-damage|p2a: Blastoise|0 fnt\n|faint|p2a: Blastoise\n|move|p1b: Golurk|Ice Punch|p2b: Aerodactyl|[miss]\n|-miss|p1b: Golurk|p2b: Aerodactyl\n|\n|-weather|SunnyDay|[upkeep]\n|-fieldend|move: Trick Room\n|upkeep\n|\n|t:|1776426972\n|switch|p2a: Rotom|Rotom-Heat, L50|100/100\n|turn|6\n|\n|t:|1776426987\n|move|p2b: Aerodactyl|Dual Wingbeat|p1a: Farigiraf\n|-damage|p1a: Farigiraf|29/100\n|-damage|p1a: Farigiraf|13/100\n|-hitcount|p1a: Farigiraf|2\n|move|p2a: Rotom|Dark Pulse|p1b: Golurk\n|-supereffective|p1b: Golurk|1\n|-damage|p1b: Golurk|57/100\n|move|p1b: Golurk|Ice Punch|p2b: Aerodactyl\n|-supereffective|p2b: Aerodactyl|1\n|-damage|p2b: Aerodactyl|0 fnt\n|faint|p2b: Aerodactyl\n|move|p1a: Farigiraf|Trick Room|p1a: Farigiraf\n|-fieldstart|move: Trick Room|[of] p1a: Farigiraf\n|\n|-weather|none\n|upkeep\n|turn|7\n|\n|t:|1776427002\n|move|p1a: Farigiraf|Helping Hand|p1b: Golurk\n|-singleturn|p1b: Golurk|Helping Hand|[of] p1a: Farigiraf\n|move|p2a: Rotom|Protect|p2a: Rotom\n|-singleturn|p2a: Rotom|Protect\n|move|p1b: Golurk|Poltergeist|p2a: Rotom\n|-activate|p2a: Rotom|move: Protect\n|\n|upkeep\n|turn|8\n|\n|t:|1776427020\n|move|p1a: Farigiraf|Helping Hand|p1b: Golurk\n|-singleturn|p1b: Golurk|Helping Hand|[of] p1a: Farigiraf\n|move|p1b: Golurk|Poltergeist|p2a: Rotom\n|-activate|p2a: Rotom|move: Poltergeist|White Herb\n|-damage|p2a: Rotom|0 fnt\n|faint|p2a: Rotom\n|\n|win|Asteroide89\n|raw|Asteroide89's rating: 1080 &rarr; <strong>1105</strong><br />(+25 for winning)\n|raw|kenrou's rating: 1040 &rarr; <strong>1026</strong><br />(-14 for losing)\n",
  "uploadtime": 1776427028,
  "views": 36,
  "formatid": "gen9championsvgc2026regma",
  "rating": 1026,
  "private": 0,
  "password": null
}