{
  "id": "gen9championsvgc2026regma-2586302119",
  "format": "[Gen 9 Champions] VGC 2026 Reg M-A",
  "players": [
    "alesg333",
    "ARAIV4"
  ],
  "log": "|j|\u2606alesg333\n|j|\u2606ARAIV4\n|t:|1776423097\n|gametype|doubles\n|player|p1|alesg333|2|1094\n|player|p2|ARAIV4|blackbelt-gen4dp|1105\n|gen|9\n|tier|[Gen 9 Champions] VGC 2026 Reg M-A\n|rated|\n|rule|Species Clause: Limit one of each Pok\u00e9mon\n|rule|Item Clause: Limit 1 of each item\n|clearpoke\n|poke|p1|Incineroar, L50, M|\n|poke|p1|Hatterene, L50, F|\n|poke|p1|Milotic, L50, F|\n|poke|p1|Venusaur, L50, F|\n|poke|p1|Torkoal, L50, M|\n|poke|p1|Farigiraf, L50, F|\n|poke|p2|Garchomp, L50, M|\n|poke|p2|Aerodactyl, L50, M|\n|poke|p2|Venusaur, L50, F|\n|poke|p2|Torkoal, L50, M|\n|poke|p2|Kingambit, L50, F|\n|poke|p2|Basculegion-F, L50, F|\n|teampreview|4\n|\n|t:|1776423166\n|teamsize|p1|4\n|teamsize|p2|4\n|start\n|switch|p1a: Farigiraf|Farigiraf, L50, F, shiny|100/100\n|switch|p1b: Milotic|Milotic, L50, F, shiny|100/100\n|switch|p2a: Torkoal|Torkoal, L50, M|100/100\n|switch|p2b: Venusaur|Venusaur, L50, F|100/100\n|-weather|SunnyDay|[from] ability: Drought|[of] p2a: Torkoal\n|turn|1\n|\n|t:|1776423199\n|switch|p2a: Kingambit|Kingambit, L50, F|100/100\n|detailschange|p2b: Venusaur|Venusaur-Mega, L50, F\n|-mega|p2b: Venusaur|Venusaur|Venusaurite\n|move|p2b: Venusaur|Energy Ball|p1b: Milotic\n|-supereffective|p1b: Milotic|1\n|-damage|p1b: Milotic|29/100\n|move|p1b: Milotic|Scald|p2a: Kingambit\n|-damage|p2a: Kingambit|84/100\n|move|p1a: Farigiraf|Trick Room|p1a: Farigiraf\n|-fieldstart|move: Trick Room|[of] p1a: Farigiraf\n|\n|-weather|SunnyDay|[upkeep]\n|-heal|p1b: Milotic|35/100|[from] item: Leftovers\n|upkeep\n|turn|2\n|\n|t:|1776423236\n|switch|p2b: Torkoal|Torkoal, L50, M|100/100\n|move|p1b: Milotic|Protect|p1b: Milotic\n|-singleturn|p1b: Milotic|Protect\n|move|p1a: Farigiraf|Thunderbolt|p2a: Kingambit\n|-damage|p2a: Kingambit|61/100\n|move|p2a: Kingambit|Kowtow Cleave|p1a: Farigiraf\n|-supereffective|p1a: Farigiraf|1\n|-damage|p1a: Farigiraf|10/100\n|\n|-weather|SunnyDay|[upkeep]\n|-heal|p1b: Milotic|41/100|[from] item: Leftovers\n|upkeep\n|turn|3\n|\n|t:|1776423291\n|switch|p1a: Torkoal|Torkoal, L50, M, shiny|100/100\n|move|p2b: Torkoal|Eruption|p1a: Torkoal|[spread] p1a,p1b\n|-resisted|p1a: Torkoal|1\n|-resisted|p1b: Milotic|1\n|-damage|p1a: Torkoal|58/100\n|-damage|p1b: Milotic|16/100\n|move|p2a: Kingambit|Kowtow Cleave|p1b: Milotic\n|-damage|p1b: Milotic|0 fnt\n|faint|p1b: Milotic\n|\n|-weather|SunnyDay|[upkeep]\n|upkeep\n|\n|t:|1776423310\n|switch|p1b: Venusaur|Venusaur, L50, F|100/100\n|turn|4\n|\n|t:|1776423336\n|move|p1b: Venusaur|Protect|p1b: Venusaur\n|-singleturn|p1b: Venusaur|Protect\n|move|p2a: Kingambit|Sucker Punch|p1a: Torkoal\n|-damage|p1a: Torkoal|24/100\n|-enditem|p1a: Torkoal|Sitrus Berry|[eat]\n|-heal|p1a: Torkoal|49/100|[from] item: Sitrus Berry\n|move|p2b: Torkoal|Eruption|p1a: Torkoal|[spread] p1a\n|-activate|p1b: Venusaur|move: Protect\n|-resisted|p1a: Torkoal|1\n|-damage|p1a: Torkoal|2/100\n|move|p1a: Torkoal|Eruption|p2a: Kingambit|[spread] p2a,p2b\n|-supereffective|p2a: Kingambit|1\n|-resisted|p2b: Torkoal|1\n|-damage|p2a: Kingambit|58/100\n|-damage|p2b: Torkoal|99/100\n|\n|-weather|SunnyDay|[upkeep]\n|upkeep\n|turn|5\n|l|\u2606alesg333\n|player|p1|\n|inactive|Battle timer is ON: inactive players will automatically lose when time's up. (requested by ARAIV4)\n|inactive|alesg333 has 30 seconds to reconnect!\n|inactive|alesg333 has 20 seconds to reconnect!\n|inactive|alesg333 has 15 seconds to reconnect!\n|inactive|alesg333 has 10 seconds to reconnect!\n|inactive|alesg333 has 5 seconds to reconnect!\n|-message|alesg333 lost due to inactivity.\n|\n|win|ARAIV4\n|raw|alesg333's rating: 1094 &rarr; <strong>1071</strong><br />(-23 for losing)\n|raw|ARAIV4's rating: 1105 &rarr; <strong>1129</strong><br />(+24 for winning)\n",
  "uploadtime": 1776423943,
  "views": 22,
  "formatid": "gen9championsvgc2026regma",
  "rating": 1071,
  "private": 0,
  "password": null
}