{
  "id": "gen9championsvgc2026regma-2585685141",
  "format": "[Gen 9 Champions] VGC 2026 Reg M-A",
  "players": [
    "isabellissima",
    "MilkmanMiltank"
  ],
  "log": "|j|\u2606isabellissima\n|j|\u2606MilkmanMiltank\n|t:|1776363632\n|gametype|doubles\n|player|p1|isabellissima|2|1157\n|player|p2|MilkmanMiltank|pokemonbreeder-gen4|1172\n|gen|9\n|tier|[Gen 9 Champions] VGC 2026 Reg M-A\n|rated|\n|rule|Species Clause: Limit one of each Pok\u00e9mon\n|rule|Item Clause: Limit 1 of each item\n|clearpoke\n|poke|p1|Incineroar, L50, F|\n|poke|p1|Gengar, L50, M|\n|poke|p1|Sneasler, L50, F|\n|poke|p1|Maushold-Four, L50|\n|poke|p1|Kommo-o, L50, F|\n|poke|p1|Politoed, L50, M|\n|poke|p2|Torkoal, L50, M|\n|poke|p2|Oranguru, L50, M|\n|poke|p2|Clefable, L50, M|\n|poke|p2|Rhyperior, L50, F|\n|poke|p2|Rotom-Wash, L50|\n|poke|p2|Sinistcha, L50|\n|teampreview|4\n|inactive|Battle timer is ON: inactive players will automatically lose when time's up. (requested by isabellissima)\n|inactive|MilkmanMiltank has 60 seconds left.\n|\n|t:|1776363687\n|teamsize|p1|4\n|teamsize|p2|4\n|start\n|switch|p1a: Incineroar|Incineroar, L50, F, shiny|100/100\n|switch|p1b: Gengar|Gengar, L50, M, shiny|100/100\n|switch|p2a: The Gogurt|Oranguru, L50, M, shiny|100/100\n|switch|p2b: The Eggs & Bacon|Rhyperior, L50, F, shiny|100/100\n|-ability|p1a: Incineroar|Intimidate|boost\n|-unboost|p2a: The Gogurt|atk|1\n|-unboost|p2b: The Eggs & Bacon|atk|1\n|turn|1\n|\n|t:|1776363702\n|detailschange|p1b: Gengar|Gengar-Mega, L50, M, shiny\n|-mega|p1b: Gengar|Gengar|Gengarite\n|move|p1a: Incineroar|Fake Out|p2a: The Gogurt\n|-damage|p2a: The Gogurt|92/100\n|move|p1b: Gengar|Perish Song|p1b: Gengar\n|-start|p1a: Incineroar|perish3|[silent]\n|-start|p1b: Gengar|perish3|[silent]\n|-start|p2a: The Gogurt|perish3|[silent]\n|-start|p2b: The Eggs & Bacon|perish3|[silent]\n|-fieldactivate|move: Perish Song\n|move|p2b: The Eggs & Bacon|Earthquake|p1b: Gengar|[spread] p1a,p1b\n|-activate|p2a: The Gogurt|ability: Telepathy\n|-supereffective|p1a: Incineroar|1\n|-supereffective|p1b: Gengar|1\n|-damage|p1a: Incineroar|59/100\n|-damage|p1b: Gengar|25/100\n|cant|p2a: The Gogurt|flinch\n|\n|-start|p1b: Gengar|perish3\n|-start|p2a: The Gogurt|perish3\n|-start|p1a: Incineroar|perish3\n|-start|p2b: The Eggs & Bacon|perish3\n|upkeep\n|turn|2\n|\n|t:|1776363717\n|move|p1b: Gengar|Protect|p1b: Gengar\n|-singleturn|p1b: Gengar|Protect\n|move|p1a: Incineroar|Protect|p1a: Incineroar\n|-singleturn|p1a: Incineroar|Protect\n|move|p2b: The Eggs & Bacon|Stone Edge|p1a: Incineroar\n|-activate|p1a: Incineroar|move: Protect\n|move|p2a: The Gogurt|Trick Room|p2a: The Gogurt\n|-fieldstart|move: Trick Room|[of] p2a: The Gogurt\n|\n|-start|p2b: The Eggs & Bacon|perish2\n|-start|p1a: Incineroar|perish2\n|-start|p2a: The Gogurt|perish2\n|-start|p1b: Gengar|perish2\n|upkeep\n|turn|3\n|\n|t:|1776363736\n|switch|p1b: Politoed|Politoed, L50, M, shiny|100/100\n|-weather|RainDance|[from] ability: Drizzle|[of] p1b: Politoed\n|move|p2b: The Eggs & Bacon|Earthquake|p1b: Politoed|[spread] p1a,p1b\n|-activate|p2a: The Gogurt|ability: Telepathy\n|-supereffective|p1a: Incineroar|1\n|-damage|p1a: Incineroar|19/100\n|-damage|p1b: Politoed|76/100\n|-enditem|p1a: Incineroar|Sitrus Berry|[eat]\n|-heal|p1a: Incineroar|44/100|[from] item: Sitrus Berry\n|move|p1a: Incineroar|Parting Shot|p2b: The Eggs & Bacon\n|-unboost|p2b: The Eggs & Bacon|atk|1\n|-unboost|p2b: The Eggs & Bacon|spa|1\n|\n|t:|1776363749\n|switch|p1a: Gengar|Gengar-Mega, L50, M, shiny|25/100|[from] Parting Shot\n|move|p2a: The Gogurt|Instruct|p2b: The Eggs & Bacon\n|-singleturn|p2b: The Eggs & Bacon|move: Instruct|[of] p2a: The Gogurt\n|move|p2b: The Eggs & Bacon|Earthquake|p1a: Gengar|[spread] p1a,p1b\n|-activate|p2a: The Gogurt|ability: Telepathy\n|-supereffective|p1a: Gengar|1\n|-damage|p1a: Gengar|0 fnt\n|-damage|p1b: Politoed|56/100\n|faint|p1a: Gengar\n|\n|-weather|RainDance|[upkeep]\n|-heal|p1b: Politoed|62/100|[from] item: Leftovers\n|-start|p2b: The Eggs & Bacon|perish1\n|-start|p2a: The Gogurt|perish1\n|upkeep\n|\n|t:|1776363758\n|switch|p1a: Incineroar|Incineroar, L50, F, shiny|44/100\n|-ability|p1a: Incineroar|Intimidate|boost\n|-unboost|p2a: The Gogurt|atk|1\n|-unboost|p2b: The Eggs & Bacon|atk|1\n|turn|4\n|\n|t:|1776363777\n|switch|p2b: The Baked Beans|Rotom-Wash, L50, shiny|100/100\n|switch|p2a: The Fresh Steep|Sinistcha, L50, shiny|100/100\n|move|p1a: Incineroar|Fake Out|p2b: The Baked Beans\n|-damage|p2b: The Baked Beans|88/100\n|move|p1b: Politoed|Weather Ball|p2b: The Baked Beans\n|-resisted|p2b: The Baked Beans|1\n|-damage|p2b: The Baked Beans|62/100\n|\n|-weather|RainDance|[upkeep]\n|-heal|p1b: Politoed|68/100|[from] item: Leftovers\n|upkeep\n|turn|5\n|\n|t:|1776363800\n|move|p1b: Politoed|Protect|p1b: Politoed\n|-singleturn|p1b: Politoed|Protect\n|move|p1a: Incineroar|Throat Chop|p2a: The Fresh Steep\n|-supereffective|p2a: The Fresh Steep|1\n|-damage|p2a: The Fresh Steep|43/100\n|-start|p2a: The Fresh Steep|Throat Chop|[silent]\n|move|p2a: The Fresh Steep|Matcha Gotcha|p1a: Incineroar|[spread] p1a\n|-activate|p1b: Politoed|move: Protect\n|-resisted|p1a: Incineroar|1\n|-damage|p1a: Incineroar|33/100\n|-heal|p2a: The Fresh Steep|49/100|[from] drain|[of] p1a: Incineroar\n|move|p2b: The Baked Beans|Thunderbolt|p1a: Incineroar\n|-damage|p1a: Incineroar|0 fnt\n|faint|p1a: Incineroar\n|\n|-weather|RainDance|[upkeep]\n|-heal|p1b: Politoed|74/100|[from] item: Leftovers\n|upkeep\n|\n|t:|1776363813\n|switch|p1a: Sneasler|Sneasler, L50, F|100/100\n|turn|6\n|inactive|MilkmanMiltank has 30 seconds left.\n|\n|t:|1776363840\n|move|p1a: Sneasler|Fake Out|p2b: The Baked Beans\n|-crit|p2b: The Baked Beans\n|-damage|p2b: The Baked Beans|38/100\n|-enditem|p2b: The Baked Beans|Sitrus Berry|[eat]\n|-heal|p2b: The Baked Beans|63/100|[from] item: Sitrus Berry\n|move|p2a: The Fresh Steep|Matcha Gotcha|p1b: Politoed|[spread] p1a,p1b\n|-resisted|p1a: Sneasler|1\n|-supereffective|p1b: Politoed|1\n|-damage|p1a: Sneasler|84/100\n|-heal|p2a: The Fresh Steep|56/100|[from] drain|[of] p1a: Sneasler\n|-damage|p1b: Politoed|27/100\n|-heal|p2a: The Fresh Steep|82/100|[from] drain|[of] p1b: Politoed\n|-status|p1a: Sneasler|brn\n|move|p1b: Politoed|Weather Ball|p2a: The Fresh Steep\n|-resisted|p2a: The Fresh Steep|1\n|-damage|p2a: The Fresh Steep|62/100\n|cant|p2b: The Baked Beans|flinch\n|\n|-weather|RainDance|[upkeep]\n|-heal|p1b: Politoed|33/100|[from] item: Leftovers\n|-damage|p1a: Sneasler|78/100 brn|[from] brn\n|-end|p2a: The Fresh Steep|Throat Chop|[silent]\n|-fieldend|move: Trick Room\n|upkeep\n|turn|7\n|inactive|MilkmanMiltank has 30 seconds left.\n|\n|t:|1776363867\n|move|p1a: Sneasler|Close Combat|p2b: The Baked Beans\n|-damage|p2b: The Baked Beans|24/100\n|-unboost|p1a: Sneasler|def|1\n|-unboost|p1a: Sneasler|spd|1\n|-enditem|p1a: Sneasler|White Herb\n|-clearnegativeboost|p1a: Sneasler|[silent]\n|move|p2b: The Baked Beans|Volt Switch|p1b: Politoed\n|-supereffective|p1b: Politoed|1\n|-damage|p1b: Politoed|0 fnt\n|faint|p1b: Politoed\n|c|\u2606MilkmanMiltank|gg\n|\n|t:|1776363879\n|switch|p2b: The Eggs & Bacon|Rhyperior, L50, F, shiny|100/100|[from] Volt Switch\n|move|p2a: The Fresh Steep|Trick Room|p2a: The Fresh Steep\n|-fieldstart|move: Trick Room|[of] p2a: The Fresh Steep\n|\n|-weather|none\n|-damage|p1a: Sneasler|72/100 brn|[from] brn\n|upkeep\n|turn|8\n|\n|t:|1776363887\n|switch|p2a: The Baked Beans|Rotom-Wash, L50, shiny|24/100\n|move|p2b: The Eggs & Bacon|Earthquake|p1a: Sneasler|[spread] p1a\n|-immune|p2a: The Baked Beans|[from] ability: Levitate\n|-supereffective|p1a: Sneasler|1\n|-damage|p1a: Sneasler|0 fnt\n|faint|p1a: Sneasler\n|\n|win|MilkmanMiltank\n|raw|isabellissima's rating: 1157 &rarr; <strong>1133</strong><br />(-24 for losing)\n|raw|MilkmanMiltank's rating: 1172 &rarr; <strong>1196</strong><br />(+24 for winning)\n",
  "uploadtime": 1776363890,
  "views": 36,
  "formatid": "gen9championsvgc2026regma",
  "rating": 1133,
  "private": 0,
  "password": null
}