{
  "id": "gen9championsvgc2026regma-2580785286",
  "format": "[Gen 9 Champions] VGC 2026 Reg M-A",
  "players": [
    "Sceptilicious",
    "Kono Dio Da XD"
  ],
  "log": "|j|\u2606Sceptilicious\n|j|\u2606Kono Dio Da XD\n|t:|1775932292\n|gametype|doubles\n|player|p1|Sceptilicious|266|1135\n|player|p2|Kono Dio Da XD|101|1238\n|gen|9\n|tier|[Gen 9 Champions] VGC 2026 Reg M-A\n|rated|\n|rule|Species Clause: Limit one of each Pok\u00e9mon\n|rule|Item Clause: Limit 1 of each item\n|clearpoke\n|poke|p1|Sinistcha, L50|\n|poke|p1|Dragonite, L50, M|\n|poke|p1|Pelipper, L50, F|\n|poke|p1|Arcanine-Hisui, L50, F|\n|poke|p1|Milotic, L50, M|\n|poke|p1|Rotom-Wash, L50|\n|poke|p2|Sneasler, L50, F|\n|poke|p2|Aegislash, L50, F|\n|poke|p2|Incineroar, L50, F|\n|poke|p2|Milotic, L50, M|\n|poke|p2|Heliolisk, L50, M|\n|poke|p2|Floette-Eternal, L50, F|\n|teampreview|4\n|inactive|Battle timer is ON: inactive players will automatically lose when time's up. (requested by Kono Dio Da XD)\n|inactive|Kono Dio Da XD has 60 seconds left.\n|\n|t:|1775932334\n|teamsize|p1|4\n|teamsize|p2|4\n|start\n|switch|p1a: Rotom|Rotom-Wash, L50|100/100\n|switch|p1b: Milotic|Milotic, L50, M|100/100\n|switch|p2a: Milotic|Milotic, L50, M|100/100\n|switch|p2b: Heliolisk|Heliolisk, L50, M|100/100\n|turn|1\n|\n|t:|1775932357\n|move|p2a: Milotic|Protect|p2a: Milotic\n|-singleturn|p2a: Milotic|Protect\n|move|p1b: Milotic|Protect|p1b: Milotic\n|-singleturn|p1b: Milotic|Protect\n|move|p2b: Heliolisk|Volt Switch|p1b: Milotic\n|-activate|p1b: Milotic|move: Protect\n|move|p1a: Rotom|Volt Switch|p2a: Milotic\n|-activate|p2a: Milotic|move: Protect\n|\n|upkeep\n|turn|2\n|\n|t:|1775932375\n|move|p2b: Heliolisk|Volt Switch|p1b: Milotic\n|-supereffective|p1b: Milotic|1\n|-damage|p1b: Milotic|63/100\n|\n|t:|1775932382\n|switch|p2b: Floette|Floette-Eternal, L50, F|100/100|[from] Volt Switch\n|move|p1a: Rotom|Volt Switch|p2b: Floette\n|-damage|p2b: Floette|78/100\n|\n|t:|1775932389\n|switch|p1a: Sinistcha|Sinistcha, L50|100/100|[from] Volt Switch\n|-heal|p1b: Milotic|87/100|[from] ability: Hospitality|[of] p1a: Sinistcha\n|move|p2a: Milotic|Life Dew||[still]|[spread] p2a,p2b\n|-fail|p2a: Milotic|heal\n|-heal|p2b: Floette|100/100\n|move|p1b: Milotic|Scald|p2b: Floette\n|-damage|p2b: Floette|70/100\n|\n|upkeep\n|turn|3\n|\n|t:|1775932407\n|detailschange|p2b: Floette|Floette-Mega, L50, F\n|-mega|p2b: Floette|Floette|Floettite\n|-ability|p2b: Floette|Fairy Aura\n|move|p2b: Floette|Moonblast|p1a: Sinistcha\n|-damage|p1a: Sinistcha|30/100\n|-unboost|p1a: Sinistcha|spa|1\n|-enditem|p1a: Sinistcha|Sitrus Berry|[eat]\n|-heal|p1a: Sinistcha|55/100|[from] item: Sitrus Berry\n|move|p1b: Milotic|Recover|p1b: Milotic\n|-heal|p1b: Milotic|100/100\n|move|p2a: Milotic|Icy Wind|p1b: Milotic|[spread] p1a,p1b\n|-supereffective|p1a: Sinistcha|1\n|-resisted|p1b: Milotic|1\n|-damage|p1a: Sinistcha|26/100\n|-damage|p1b: Milotic|97/100\n|-unboost|p1a: Sinistcha|spe|1\n|-unboost|p1b: Milotic|spe|1\n|-ability|p1b: Milotic|Competitive|boost\n|-boost|p1b: Milotic|spa|2\n|move|p1a: Sinistcha|Trick Room|p1a: Sinistcha\n|-fieldstart|move: Trick Room|[of] p1a: Sinistcha\n|\n|upkeep\n|turn|4\n|inactive|Kono Dio Da XD has 30 seconds left.\n|\n|t:|1775932435\n|move|p1a: Sinistcha|Matcha Gotcha|p2b: Floette|[spread] p2a,p2b\n|-supereffective|p2a: Milotic|1\n|-damage|p2a: Milotic|75/100\n|-heal|p1a: Sinistcha|43/100|[from] drain|[of] p2a: Milotic\n|-damage|p2b: Floette|55/100\n|-heal|p1a: Sinistcha|51/100|[from] drain|[of] p2b: Floette\n|move|p1b: Milotic|Scald|p2b: Floette\n|-crit|p2b: Floette\n|-damage|p2b: Floette|0 fnt\n|faint|p2b: Floette\n|move|p2a: Milotic|Life Dew|p2a: Milotic\n|-heal|p2a: Milotic|100/100\n|\n|upkeep\n|\n|t:|1775932449\n|switch|p2b: Heliolisk|Heliolisk, L50, M|100/100\n|turn|5\n|\n|t:|1775932461\n|move|p1a: Sinistcha|Matcha Gotcha|p2b: Heliolisk|[spread] p2a,p2b\n|-supereffective|p2a: Milotic|1\n|-damage|p2a: Milotic|75/100\n|-heal|p1a: Sinistcha|68/100|[from] drain|[of] p2a: Milotic\n|-damage|p2b: Heliolisk|77/100\n|-heal|p1a: Sinistcha|80/100|[from] drain|[of] p2b: Heliolisk\n|move|p1b: Milotic|Scald|p2a: Milotic\n|-resisted|p2a: Milotic|1\n|-damage|p2a: Milotic|53/100\n|move|p2a: Milotic|Scald|p1a: Sinistcha\n|-resisted|p1a: Sinistcha|1\n|-damage|p1a: Sinistcha|61/100\n|move|p2b: Heliolisk|Volt Switch|p1b: Milotic\n|-supereffective|p1b: Milotic|1\n|-damage|p1b: Milotic|59/100\n|\n|t:|1775932477\n|switch|p2b: Aegislash|Aegislash, L50, F|100/100|[from] Volt Switch\n|\n|-heal|p2a: Milotic|59/100|[from] item: Leftovers\n|upkeep\n|turn|6\n|\n|t:|1775932489\n|move|p1a: Sinistcha|Matcha Gotcha|p2a: Milotic|[spread] p2a,p2b\n|-supereffective|p2a: Milotic|1\n|-resisted|p2b: Aegislash|1\n|-damage|p2a: Milotic|34/100\n|-heal|p1a: Sinistcha|78/100|[from] drain|[of] p2a: Milotic\n|-damage|p2b: Aegislash|93/100\n|-heal|p1a: Sinistcha|82/100|[from] drain|[of] p2b: Aegislash\n|move|p1b: Milotic|Recover|p1b: Milotic\n|-heal|p1b: Milotic|100/100\n|-formechange|p2b: Aegislash|Aegislash-Blade|\n|move|p2b: Aegislash|Iron Head|p1a: Sinistcha\n|-damage|p1a: Sinistcha|34/100\n|move|p2a: Milotic|Life Dew|p2a: Milotic|[spread] p2a,p2b\n|-heal|p2a: Milotic|59/100\n|-heal|p2b: Aegislash|100/100\n|\n|-heal|p2a: Milotic|65/100|[from] item: Leftovers\n|upkeep\n|turn|7\n|inactive|Kono Dio Da XD has 30 seconds left.\n|\n|t:|1775932522\n|-formechange|p2b: Aegislash|Aegislash|\n|move|p2b: Aegislash|King's Shield|p2b: Aegislash\n|-singleturn|p2b: Aegislash|Protect\n|move|p2a: Milotic|Protect|p2a: Milotic\n|-singleturn|p2a: Milotic|Protect\n|move|p1a: Sinistcha|Matcha Gotcha|p2a: Milotic|[spread] \n|-activate|p2a: Milotic|move: Protect\n|-activate|p2b: Aegislash|move: Protect\n|move|p1b: Milotic|Scald|p2b: Aegislash\n|-activate|p2b: Aegislash|move: Protect\n|\n|-heal|p2a: Milotic|71/100|[from] item: Leftovers\n|-fieldend|move: Trick Room\n|upkeep\n|turn|8\n|\n|t:|1775932540\n|move|p2a: Milotic|Scald|p1a: Sinistcha\n|-resisted|p1a: Sinistcha|1\n|-damage|p1a: Sinistcha|14/100\n|-formechange|p2b: Aegislash|Aegislash-Blade|\n|move|p2b: Aegislash|Iron Head|p1a: Sinistcha\n|-damage|p1a: Sinistcha|0 fnt\n|faint|p1a: Sinistcha\n|move|p1b: Milotic|Scald|p2b: Aegislash\n|-damage|p2b: Aegislash|0 fnt\n|faint|p2b: Aegislash\n|\n|-heal|p2a: Milotic|77/100|[from] item: Leftovers\n|upkeep\n|\n|t:|1775932553\n|switch|p1a: Rotom|Rotom-Wash, L50|100/100\n|switch|p2b: Heliolisk|Heliolisk, L50, M|77/100\n|turn|9\n|\n|t:|1775932570\n|move|p1b: Milotic|Protect|p1b: Milotic\n|-singleturn|p1b: Milotic|Protect\n|move|p2b: Heliolisk|Volt Switch|p1a: Rotom\n|-damage|p1a: Rotom|72/100\n|move|p1a: Rotom|Volt Switch|p2a: Milotic\n|-supereffective|p2a: Milotic|1\n|-damage|p2a: Milotic|41/100\n|\n|t:|1775932578\n|switch|p1a: Dragonite|Dragonite, L50, M|100/100|[from] Volt Switch\n|move|p2a: Milotic|Life Dew|p2a: Milotic|[spread] p2a\n|-heal|p2b: Heliolisk|100/100|[from] ability: Dry Skin|[of] p2a: Milotic\n|-heal|p2a: Milotic|66/100\n|\n|-heal|p2a: Milotic|72/100|[from] item: Leftovers\n|upkeep\n|turn|10\n|\n|t:|1775932602\n|detailschange|p1a: Dragonite|Dragonite-Mega, L50, M\n|-mega|p1a: Dragonite|Dragonite|Dragoninite\n|move|p2b: Heliolisk|Volt Switch|p1b: Milotic\n|-supereffective|p1b: Milotic|1\n|-damage|p1b: Milotic|64/100\n|move|p1a: Dragonite|Draco Meteor|p2b: Heliolisk\n|-damage|p2b: Heliolisk|3/100\n|-unboost|p1a: Dragonite|spa|2\n|move|p2a: Milotic|Icy Wind|p1a: Dragonite|[spread] p1a,p1b\n|-supereffective|p1a: Dragonite|2\n|-resisted|p1b: Milotic|1\n|-damage|p1a: Dragonite|81/100\n|-damage|p1b: Milotic|60/100\n|-unboost|p1a: Dragonite|spe|1\n|-unboost|p1b: Milotic|spe|1\n|-ability|p1b: Milotic|Competitive|boost\n|-boost|p1b: Milotic|spa|2\n|move|p1b: Milotic|Scald|p2a: Milotic\n|-resisted|p2a: Milotic|1\n|-crit|p2a: Milotic\n|-damage|p2a: Milotic|18/100\n|\n|-heal|p2a: Milotic|24/100|[from] item: Leftovers\n|upkeep\n|turn|11\n|inactive|Kono Dio Da XD has 30 seconds left.\n|\n|t:|1775932633\n|switch|p1a: Rotom|Rotom-Wash, L50|72/100\n|move|p2b: Heliolisk|Protect|p2b: Heliolisk\n|-singleturn|p2b: Heliolisk|Protect\n|move|p2a: Milotic|Life Dew|p2a: Milotic|[spread] p2a\n|-heal|p2b: Heliolisk|28/100|[from] ability: Dry Skin|[of] p2a: Milotic\n|-heal|p2a: Milotic|49/100\n|move|p1b: Milotic|Scald|p2a: Milotic\n|-resisted|p2a: Milotic|1\n|-damage|p2a: Milotic|13/100\n|\n|-heal|p1a: Rotom|78/100|[from] item: Leftovers\n|-heal|p2a: Milotic|19/100|[from] item: Leftovers\n|upkeep\n|turn|12\n|\n|t:|1775932654\n|move|p2a: Milotic|Protect|p2a: Milotic\n|-singleturn|p2a: Milotic|Protect\n|move|p2b: Heliolisk|Volt Switch|p1a: Rotom\n|-damage|p1a: Rotom|43/100\n|move|p1a: Rotom|Volt Switch|p2a: Milotic\n|-activate|p2a: Milotic|move: Protect\n|move|p1b: Milotic|Recover|p1b: Milotic\n|-heal|p1b: Milotic|100/100\n|\n|-heal|p1a: Rotom|49/100|[from] item: Leftovers\n|-heal|p2a: Milotic|25/100|[from] item: Leftovers\n|upkeep\n|turn|13\n|\n|t:|1775932670\n|move|p2b: Heliolisk|Volt Switch|p1a: Rotom\n|-damage|p1a: Rotom|16/100\n|move|p1a: Rotom|Volt Switch|p2a: Milotic\n|-supereffective|p2a: Milotic|1\n|-damage|p2a: Milotic|0 fnt\n|faint|p2a: Milotic\n|\n|t:|1775932676\n|switch|p1a: Dragonite|Dragonite-Mega, L50, M|81/100|[from] Volt Switch\n|move|p1b: Milotic|Scald|p2b: Heliolisk\n|-heal|p2b: Heliolisk|53/100|[from] ability: Dry Skin|[of] p1b: Milotic\n|\n|upkeep\n|turn|14\n|\n|t:|1775932694\n|move|p1a: Dragonite|Extreme Speed|p2b: Heliolisk\n|-damage|p2b: Heliolisk|16/100\n|move|p2b: Heliolisk|Hyper Voice|p1b: Milotic|[spread] p1a,p1b\n|-damage|p1a: Dragonite|55/100\n|-damage|p1b: Milotic|83/100\n|move|p1b: Milotic|Icy Wind|p2b: Heliolisk\n|-damage|p2b: Heliolisk|0 fnt\n|faint|p2b: Heliolisk\n|\n|win|Sceptilicious\n|raw|Sceptilicious's rating: 1135 &rarr; <strong>1167</strong><br />(+32 for winning)\n|raw|Kono Dio Da XD's rating: 1238 &rarr; <strong>1206</strong><br />(-32 for losing)\n|l|\u2606Kono Dio Da XD\n|player|p2|\n",
  "uploadtime": 1775932703,
  "views": 12,
  "formatid": "gen9championsvgc2026regma",
  "rating": 1167,
  "private": 0,
  "password": null
}