{
  "id": "gen9championsvgc2026regma-2586391506",
  "format": "[Gen 9 Champions] VGC 2026 Reg M-A",
  "players": [
    "storm93ita",
    "stonny"
  ],
  "log": "|j|\u2606storm93ita\n|j|\u2606stonny\n|t:|1776431301\n|gametype|doubles\n|player|p1|storm93ita|volkner|1109\n|player|p2|stonny|101|1134\n|gen|9\n|tier|[Gen 9 Champions] VGC 2026 Reg M-A\n|rated|\n|rule|Species Clause: Limit one of each Pok\u00e9mon\n|rule|Item Clause: Limit 1 of each item\n|clearpoke\n|poke|p1|Dragonite, L50, F|\n|poke|p1|Basculegion, L50, M|\n|poke|p1|Archaludon, L50, M|\n|poke|p1|Meganium, L50, F|\n|poke|p1|Sneasler, L50, M|\n|poke|p1|Pelipper, L50, F|\n|poke|p2|Feraligatr, L50, M|\n|poke|p2|Hawlucha, L50, F|\n|poke|p2|Sneasler, L50, M|\n|poke|p2|Incineroar, L50, F|\n|poke|p2|Vanilluxe, L50, M|\n|poke|p2|Whimsicott, L50, M|\n|teampreview|4\n|inactive|Battle timer is ON: inactive players will automatically lose when time's up. (requested by storm93ita)\n|inactive|storm93ita has 60 seconds left.\n|inactive|stonny has 60 seconds left.\n|\n|t:|1776431355\n|teamsize|p1|4\n|teamsize|p2|4\n|start\n|switch|p1a: Dragonite|Dragonite, L50, F|100/100\n|switch|p1b: Pelipper|Pelipper, L50, F|100/100\n|switch|p2a: Feraligatr|Feraligatr, L50, M|100/100\n|switch|p2b: Whimsicott|Whimsicott, L50, M|100/100\n|-weather|RainDance|[from] ability: Drizzle|[of] p1b: Pelipper\n|turn|1\n|inactive|stonny has 30 seconds left.\n|\n|t:|1776431385\n|detailschange|p1a: Dragonite|Dragonite-Mega, L50, F\n|-mega|p1a: Dragonite|Dragonite|Dragoninite\n|move|p1a: Dragonite|Protect|p1a: Dragonite\n|-singleturn|p1a: Dragonite|Protect\n|move|p2b: Whimsicott|Tailwind|p2b: Whimsicott\n|-sidestart|p2: stonny|move: Tailwind\n|move|p2a: Feraligatr|Dragon Dance|p2a: Feraligatr\n|-boost|p2a: Feraligatr|atk|1\n|-boost|p2a: Feraligatr|spe|1\n|move|p1b: Pelipper|Tailwind|p1b: Pelipper\n|-sidestart|p1: storm93ita|move: Tailwind\n|\n|-weather|RainDance|[upkeep]\n|upkeep\n|turn|2\n|inactive|stonny has 30 seconds left.\n|inactive|stonny has 20 seconds left.\n|inactive|stonny has 15 seconds left.\n|\n|t:|1776431426\n|switch|p1a: Basculegion|Basculegion, L50, M|100/100\n|detailschange|p2a: Feraligatr|Feraligatr-Mega, L50, M\n|-mega|p2a: Feraligatr|Feraligatr|Feraligite\n|move|p2b: Whimsicott|Encore||[still]\n|-fail|p2b: Whimsicott\n|move|p2a: Feraligatr|Liquidation|p1b: Pelipper\n|-resisted|p1b: Pelipper|1\n|-damage|p1b: Pelipper|36/100\n|move|p1b: Pelipper|Hurricane|p2b: Whimsicott\n|-supereffective|p2b: Whimsicott|1\n|-enditem|p2b: Whimsicott|Focus Sash\n|-damage|p2b: Whimsicott|1/100\n|\n|-weather|RainDance|[upkeep]\n|upkeep\n|turn|3\n|inactive|storm93ita has 30 seconds left.\n|\n|t:|1776431455\n|switch|p2b: Vanilluxe|Vanilluxe, L50, M|100/100\n|-weather|Snowscape|[from] ability: Snow Warning|[of] p2b: Vanilluxe\n|switch|p1b: Dragonite|Dragonite-Mega, L50, F|100/100\n|move|p1a: Basculegion|Aqua Jet|p2b: Vanilluxe\n|-damage|p2b: Vanilluxe|83/100\n|move|p2a: Feraligatr|Double-Edge|p1a: Basculegion\n|-crit|p1a: Basculegion\n|-damage|p1a: Basculegion|0 fnt\n|faint|p1a: Basculegion\n|-damage|p2a: Feraligatr|60/100|[from] Recoil\n|\n|-weather|Snowscape|[upkeep]\n|-heal|p2b: Vanilluxe|89/100|[from] item: Leftovers\n|upkeep\n|\n|t:|1776431473\n|switch|p1a: Pelipper|Pelipper, L50, F|36/100\n|-weather|RainDance|[from] ability: Drizzle|[of] p1a: Pelipper\n|turn|4\n|\n|t:|1776431494\n|move|p1a: Pelipper|Protect|p1a: Pelipper\n|-singleturn|p1a: Pelipper|Protect\n|move|p2a: Feraligatr|Double-Edge|p1b: Dragonite\n|-supereffective|p1b: Dragonite|1\n|-damage|p1b: Dragonite|0 fnt\n|faint|p1b: Dragonite\n|-damage|p2a: Feraligatr|26/100|[from] Recoil\n|move|p2b: Vanilluxe|Blizzard|p1a: Pelipper\n|-activate|p1a: Pelipper|move: Protect\n|\n|-weather|RainDance|[upkeep]\n|-heal|p2b: Vanilluxe|95/100|[from] item: Leftovers\n|-sideend|p2: stonny|move: Tailwind\n|-sideend|p1: storm93ita|move: Tailwind\n|upkeep\n|\n|t:|1776431506\n|switch|p1b: Archaludon|Archaludon, L50, M|100/100\n|turn|5\n|\n|t:|1776431522\n|switch|p2b: Whimsicott|Whimsicott, L50, M|1/100\n|move|p2a: Feraligatr|Liquidation|p1a: Pelipper\n|-resisted|p1a: Pelipper|1\n|-crit|p1a: Pelipper\n|-damage|p1a: Pelipper|0 fnt\n|faint|p1a: Pelipper\n|move|p1b: Archaludon|Electro Shot||[still]\n|-prepare|p1b: Archaludon|Electro Shot\n|-boost|p1b: Archaludon|spa|1\n|-anim|p1b: Archaludon|Electro Shot|p2a: Feraligatr\n|-damage|p2a: Feraligatr|0 fnt\n|faint|p2a: Feraligatr\n|\n|-weather|RainDance|[upkeep]\n|upkeep\n|\n|t:|1776431535\n|switch|p2a: Vanilluxe|Vanilluxe, L50, M|95/100\n|-weather|Snowscape|[from] ability: Snow Warning|[of] p2a: Vanilluxe\n|turn|6\n|\n|t:|1776431547\n|move|p2b: Whimsicott|Moonblast|p1b: Archaludon\n|-damage|p1b: Archaludon|59/100\n|-ability|p1b: Archaludon|Stamina|boost\n|-boost|p1b: Archaludon|def|1\n|move|p2a: Vanilluxe|Blizzard|p1b: Archaludon\n|-damage|p1b: Archaludon|6/100\n|-status|p1b: Archaludon|frz\n|-ability|p1b: Archaludon|Stamina|boost\n|-boost|p1b: Archaludon|def|1\n|cant|p1b: Archaludon|frz\n|\n|-weather|Snowscape|[upkeep]\n|-heal|p2a: Vanilluxe|100/100|[from] item: Leftovers\n|-heal|p1b: Archaludon|12/100 frz|[from] item: Leftovers\n|upkeep\n|turn|7\n|-message|storm93ita forfeited.\n|\n|win|stonny\n|raw|storm93ita's rating: 1109 &rarr; <strong>1086</strong><br />(-23 for losing)\n|raw|stonny's rating: 1134 &rarr; <strong>1157</strong><br />(+23 for winning)\n|l|\u2606storm93ita\n|player|p1|\n",
  "uploadtime": 1776431558,
  "views": 28,
  "formatid": "gen9championsvgc2026regma",
  "rating": 1086,
  "private": 0,
  "password": null
}