{
  "id": "gen9championsvgc2026regma-2583520774",
  "format": "[Gen 9 Champions] VGC 2026 Reg M-A",
  "players": [
    "yizhongzhiwu",
    "Jubilife03"
  ],
  "log": "|j|\u2606yizhongzhiwu\n|j|\u2606Jubilife03\n|t:|1776180874\n|gametype|doubles\n|player|p1|yizhongzhiwu|2|1000\n|player|p2|Jubilife03|265|1050\n|gen|9\n|tier|[Gen 9 Champions] VGC 2026 Reg M-A\n|rated|\n|rule|Species Clause: Limit one of each Pok\u00e9mon\n|rule|Item Clause: Limit 1 of each item\n|clearpoke\n|poke|p1|Charizard, L50, M|\n|poke|p1|Garchomp, L50, M|\n|poke|p1|Incineroar, L50, F|\n|poke|p1|Sneasler, L50, M|\n|poke|p1|Kingambit, L50, F|\n|poke|p1|Whimsicott, L50, M|\n|poke|p2|Gardevoir, L50, M|\n|poke|p2|Primarina, L50, M|\n|poke|p2|Zoroark-Hisui, L50, M|\n|poke|p2|Meowstic, L50, M|\n|poke|p2|Corviknight, L50, M|\n|poke|p2|Heliolisk, L50, M|\n|teampreview|4\nJubilife03 has agreed to open team sheets.\n|\n|t:|1776180929\n|teamsize|p1|4\n|teamsize|p2|4\n|start\n|switch|p1a: Charizard|Charizard, L50, M, shiny|100/100\n|switch|p1b: Whimsicott|Whimsicott, L50, M|100/100\n|switch|p2a: Corviknight|Corviknight, L50, M|100/100\n|switch|p2b: Meowstic|Meowstic, L50, M|100/100\n|turn|1\n|inactive|Battle timer is ON: inactive players will automatically lose when time's up. (requested by Jubilife03)\n|\n|t:|1776180952\n|detailschange|p1a: Charizard|Charizard-Mega-Y, L50, M, shiny\n|-mega|p1a: Charizard|Charizard|Charizardite Y\n|-weather|SunnyDay|[from] ability: Drought|[of] p1a: Charizard\n|move|p1b: Whimsicott|Taunt|p2a: Corviknight\n|-start|p2a: Corviknight|move: Taunt\n|move|p2b: Meowstic|Rain Dance|p2b: Meowstic\n|-weather|RainDance\n|move|p2a: Corviknight|Hyper Voice|p1b: Whimsicott|[spread] p1a,p1b\n|-damage|p1a: Charizard|71/100\n|-damage|p1b: Whimsicott|55/100\n|move|p1a: Charizard|Heat Wave|p2b: Meowstic|[spread] p2a,p2b\n|-damage|p2a: Corviknight|60/100\n|-damage|p2b: Meowstic|86/100\n|replace|p2a: Zoroark|Zoroark-Hisui, L50, M\n|-end|p2a: Zoroark|Illusion\n|\n|-weather|RainDance|[upkeep]\n|upkeep\n|turn|2\n|inactive|yizhongzhiwu has 30 seconds left.\n|\n|t:|1776180977\n|switch|p1a: Kingambit|Kingambit, L50, F|100/100\n|move|p2a: Zoroark|Hyper Voice|p1b: Whimsicott|[spread] p1a,p1b\n|-resisted|p1a: Kingambit|1\n|-damage|p1a: Kingambit|84/100\n|-damage|p1b: Whimsicott|8/100\n|move|p1b: Whimsicott|Endeavor|p2b: Meowstic\n|-damage|p2b: Meowstic|7/100\n|-enditem|p2b: Meowstic|Sitrus Berry|[eat]\n|-heal|p2b: Meowstic|32/100|[from] item: Sitrus Berry\n|move|p2b: Meowstic|Expanding Force|p1b: Whimsicott\n|-damage|p1b: Whimsicott|0 fnt\n|faint|p1b: Whimsicott\n|\n|-weather|RainDance|[upkeep]\n|upkeep\n|\n|t:|1776180997\n|switch|p1b: Charizard|Charizard-Mega-Y, L50, M, shiny|71/100\n|-weather|SunnyDay|[from] ability: Drought|[of] p1b: Charizard\n|turn|3\n|\n|t:|1776181020\n|switch|p2a: Primarina|Primarina, L50, M|100/100\n|move|p2b: Meowstic|Rain Dance|p2b: Meowstic\n|-weather|RainDance\n|move|p1a: Kingambit|Sucker Punch||[still]\n|-fail|p1a: Kingambit\n|move|p1b: Charizard|Heat Wave|p2b: Meowstic|[spread] p2a,p2b\n|-resisted|p2a: Primarina|1\n|-damage|p2a: Primarina|94/100\n|-damage|p2b: Meowstic|17/100\n|\n|-weather|RainDance|[upkeep]\n|upkeep\n|turn|4\n|\n|t:|1776181038\n|switch|p1b: Sneasler|Sneasler, L50, M|100/100\n|move|p2b: Meowstic|Reflect|p2b: Meowstic\n|-sidestart|p2: Jubilife03|Reflect\n|move|p2a: Primarina|Moonblast|p1a: Kingambit\n|-damage|p1a: Kingambit|25/100\n|-unboost|p1a: Kingambit|spa|1\n|-ability|p1a: Kingambit|Defiant|boost\n|-boost|p1a: Kingambit|atk|2\n|move|p1a: Kingambit|Iron Head|p2a: Primarina\n|-damage|p2a: Primarina|24/100\n|\n|-weather|RainDance|[upkeep]\n|upkeep\n|turn|5\n|\n|t:|1776181057\n|switch|p2b: Corviknight|Corviknight, L50, M|60/100\n|move|p2a: Primarina|Protect|p2a: Primarina\n|-singleturn|p2a: Primarina|Protect\n|move|p1a: Kingambit|Sucker Punch||[still]\n|-fail|p1a: Kingambit\n|move|p1b: Sneasler|Close Combat|p2b: Corviknight\n|-immune|p2b: Corviknight\n|\n|-weather|RainDance|[upkeep]\n|upkeep\n|turn|6\n|inactive|Jubilife03 has 30 seconds left.\n|inactive|Jubilife03 has 20 seconds left.\n|inactive|Jubilife03 has 15 seconds left.\n|\n|t:|1776181102\n|switch|p2a: Corviknight|Corviknight, L50, M|100/100\n|move|p1b: Sneasler|Protect|p1b: Sneasler\n|-singleturn|p1b: Sneasler|Protect\n|move|p1a: Kingambit|Sucker Punch||[still]\n|-fail|p1a: Kingambit\n|move|p2b: Corviknight|Icy Wind|p1b: Sneasler|[spread] p1a\n|-activate|p1b: Sneasler|move: Protect\n|-resisted|p1a: Kingambit|1\n|-damage|p1a: Kingambit|18/100\n|-unboost|p1a: Kingambit|spe|1\n|-ability|p1a: Kingambit|Defiant|boost\n|-boost|p1a: Kingambit|atk|2\n|\n|-weather|RainDance|[upkeep]\n|upkeep\n|turn|7\n|\n|t:|1776181126\n|move|p2b: Corviknight|Protect|p2b: Corviknight\n|-singleturn|p2b: Corviknight|Protect\n|move|p1a: Kingambit|Sucker Punch||[still]\n|-fail|p1a: Kingambit\n|move|p1b: Sneasler|Close Combat|p2a: Corviknight\n|-damage|p2a: Corviknight|74/100\n|-unboost|p1b: Sneasler|def|1\n|-unboost|p1b: Sneasler|spd|1\n|-enditem|p1b: Sneasler|White Herb\n|-clearnegativeboost|p1b: Sneasler|[silent]\n|move|p2a: Corviknight|Tailwind|p2a: Corviknight\n|-sidestart|p2: Jubilife03|move: Tailwind\n|\n|-weather|none\n|-heal|p2a: Corviknight|80/100|[from] item: Leftovers\n|upkeep\n|turn|8\n|\n|t:|1776181144\n|move|p1a: Kingambit|Sucker Punch|p2b: Corviknight\n|-supereffective|p2b: Corviknight|1\n|-damage|p2b: Corviknight|0 fnt\n|replace|p2b: Zoroark|Zoroark-Hisui, L50, M\n|-end|p2b: Zoroark|Illusion\n|faint|p2b: Zoroark\n|move|p1b: Sneasler|Close Combat|p2a: Corviknight\n|-damage|p2a: Corviknight|56/100\n|-unboost|p1b: Sneasler|def|1\n|-unboost|p1b: Sneasler|spd|1\n|move|p2a: Corviknight|Brave Bird|p1a: Kingambit\n|-resisted|p1a: Kingambit|1\n|-damage|p1a: Kingambit|4/100\n|-damage|p2a: Corviknight|52/100|[from] Recoil\n|\n|-heal|p2a: Corviknight|58/100|[from] item: Leftovers\n|-sideend|p2: Jubilife03|Reflect\n|upkeep\n|\n|t:|1776181159\n|switch|p2b: Primarina|Primarina, L50, M|24/100\n|turn|9\n|\n|t:|1776181180\n|move|p2b: Primarina|Protect|p2b: Primarina\n|-singleturn|p2b: Primarina|Protect\n|move|p1a: Kingambit|Protect|p1a: Kingambit\n|-singleturn|p1a: Kingambit|Protect\n|move|p1b: Sneasler|Dire Claw|p2b: Primarina\n|-activate|p2b: Primarina|move: Protect\n|move|p2a: Corviknight|Roost|p2a: Corviknight\n|-heal|p2a: Corviknight|100/100\n|-singleturn|p2a: Corviknight|move: Roost\n|\n|upkeep\n|turn|10\n|\n|t:|1776181197\n|switch|p2b: Meowstic|Meowstic, L50, M|17/100\n|move|p1a: Kingambit|Sucker Punch||[still]\n|-fail|p1a: Kingambit\n|move|p1b: Sneasler|Close Combat|p2a: Corviknight\n|-damage|p2a: Corviknight|62/100\n|-unboost|p1b: Sneasler|def|1\n|-unboost|p1b: Sneasler|spd|1\n|move|p2a: Corviknight|Brave Bird|p1a: Kingambit\n|-resisted|p1a: Kingambit|1\n|-damage|p1a: Kingambit|0 fnt\n|faint|p1a: Kingambit\n|-damage|p2a: Corviknight|61/100|[from] Recoil\n|\n|-heal|p2a: Corviknight|67/100|[from] item: Leftovers\n|-sideend|p2: Jubilife03|move: Tailwind\n|upkeep\n|\n|t:|1776181216\n|switch|p1a: Charizard|Charizard-Mega-Y, L50, M, shiny|71/100\n|-weather|SunnyDay|[from] ability: Drought|[of] p1a: Charizard\n|turn|11\n|\n|t:|1776181228\n|move|p2b: Meowstic|Rain Dance|p2b: Meowstic\n|-weather|RainDance\n|move|p1b: Sneasler|Close Combat|p2a: Corviknight\n|-crit|p2a: Corviknight\n|-damage|p2a: Corviknight|14/100\n|-unboost|p1b: Sneasler|def|1\n|-unboost|p1b: Sneasler|spd|1\n|move|p1a: Charizard|Heat Wave|p2a: Corviknight|[spread] p2b\n|-miss|p1a: Charizard|p2a: Corviknight\n|-damage|p2b: Meowstic|2/100\n|move|p2a: Corviknight|Tailwind|p2a: Corviknight\n|-sidestart|p2: Jubilife03|move: Tailwind\n|\n|-weather|RainDance|[upkeep]\n|-heal|p2a: Corviknight|20/100|[from] item: Leftovers\n|upkeep\n|turn|12\n|\n|t:|1776181247\n|move|p1b: Sneasler|Close Combat|p2a: Corviknight\n|-damage|p2a: Corviknight|0 fnt\n|-unboost|p1b: Sneasler|def|1\n|-unboost|p1b: Sneasler|spd|1\n|faint|p2a: Corviknight\n|move|p2b: Meowstic|Expanding Force|p1b: Sneasler\n|-supereffective|p1b: Sneasler|2\n|-damage|p1b: Sneasler|0 fnt\n|faint|p1b: Sneasler\n|move|p1a: Charizard|Heat Wave|p2b: Meowstic\n|-damage|p2b: Meowstic|0 fnt\n|faint|p2b: Meowstic\n|\n|-weather|RainDance|[upkeep]\n|upkeep\n|\n|t:|1776181257\n|switch|p2a: Primarina|Primarina, L50, M|24/100\n|turn|13\n|\n|t:|1776181265\n|move|p1a: Charizard|Protect|p1a: Charizard\n|-singleturn|p1a: Charizard|Protect\n|move|p2a: Primarina|Hyper Voice|p1a: Charizard\n|-activate|p1a: Charizard|move: Protect\n|\n|-weather|RainDance|[upkeep]\n|upkeep\n|turn|14\n|inactive|yizhongzhiwu has 30 seconds left.\n|inactive|yizhongzhiwu has 20 seconds left.\n|inactive|yizhongzhiwu has 15 seconds left.\n|inactive|yizhongzhiwu has 10 seconds left.\n|\n|t:|1776181310\n|move|p1a: Charizard|Air Slash|p2a: Primarina\n|-damage|p2a: Primarina|0 fnt\n|faint|p2a: Primarina\n|\n|win|yizhongzhiwu\n|raw|yizhongzhiwu's rating: 1000 &rarr; <strong>1046</strong><br />(+46 for winning)\n|raw|Jubilife03's rating: 1050 &rarr; <strong>1030</strong><br />(-20 for losing)\n|l|\u2606yizhongzhiwu\n|player|p1|\n|l|\u2606Jubilife03\n|player|p2|\n",
  "uploadtime": 1776181347,
  "views": 13,
  "formatid": "gen9championsvgc2026regma",
  "rating": 1030,
  "private": 0,
  "password": null
}