{
  "id": "gen9championsvgc2026regma-2582943997",
  "format": "[Gen 9 Champions] VGC 2026 Reg M-A",
  "players": [
    "Juya",
    "DeibySeMi"
  ],
  "log": "|j|\u2606Juya\n|j|\u2606DeibySeMi\n|t:|1776127197\n|gametype|doubles\n|player|p1|Juya|266|1138\n|player|p2|DeibySeMi|burglar|1123\n|gen|9\n|tier|[Gen 9 Champions] VGC 2026 Reg M-A\n|rated|\n|rule|Species Clause: Limit one of each Pok\u00e9mon\n|rule|Item Clause: Limit 1 of each item\n|clearpoke\n|poke|p1|Farigiraf, L50, F|\n|poke|p1|Crabominable, L50, M|\n|poke|p1|Kingambit, L50, F|\n|poke|p1|Sableye, L50, M|\n|poke|p1|Pelipper, L50, F|\n|poke|p1|Rhyperior, L50, F|\n|poke|p2|Kingambit, L50, M|\n|poke|p2|Dragonite, L50, M|\n|poke|p2|Sneasler, L50, M|\n|poke|p2|Venusaur, L50, M|\n|poke|p2|Incineroar, L50, M|\n|poke|p2|Basculegion, L50, M|\n|teampreview|4\n|inactive|Battle timer is ON: inactive players will automatically lose when time's up. (requested by Juya)\nDeibySeMi rejected open team sheets.\n|\n|t:|1776127224\n|teamsize|p1|4\n|teamsize|p2|4\n|start\n|switch|p1a: Farigiraf|Farigiraf, L50, F|100/100\n|switch|p1b: Pelipper|Pelipper, L50, F|100/100\n|switch|p2a: Dragonite|Dragonite, L50, M|100/100\n|switch|p2b: Incineroar|Incineroar, L50, M|100/100\n|-weather|RainDance|[from] ability: Drizzle|[of] p1b: Pelipper\n|-ability|p2b: Incineroar|Intimidate|boost\n|-unboost|p1a: Farigiraf|atk|1\n|-unboost|p1b: Pelipper|atk|1\n|turn|1\n|inactive|DeibySeMi has 30 seconds left.\n|inactive|DeibySeMi has 20 seconds left.\n|\n|t:|1776127262\n|detailschange|p2a: Dragonite|Dragonite-Mega, L50, M\n|-mega|p2a: Dragonite|Dragonite|Dragoninite\n|move|p1a: Farigiraf|Protect|p1a: Farigiraf\n|-singleturn|p1a: Farigiraf|Protect\n|move|p2a: Dragonite|Dragon Pulse|p1b: Pelipper\n|-damage|p1b: Pelipper|28/100\n|move|p1b: Pelipper|Weather Ball|p2b: Incineroar\n|-supereffective|p2b: Incineroar|1\n|-damage|p2b: Incineroar|0 fnt\n|faint|p2b: Incineroar\n|\n|-weather|RainDance|[upkeep]\n|upkeep\n|\n|t:|1776127276\n|switch|p2b: Basculegion|Basculegion, L50, M|100/100\n|turn|2\n|\n|t:|1776127294\n|move|p2b: Basculegion|Wave Crash|p1a: Farigiraf\n|-damage|p1a: Farigiraf|11/100\n|-damage|p2b: Basculegion|66/100|[from] Recoil\n|move|p2a: Dragonite|Dragon Pulse|p1b: Pelipper\n|-damage|p1b: Pelipper|0 fnt\n|faint|p1b: Pelipper\n|move|p1a: Farigiraf|Trick Room|p1a: Farigiraf\n|-fieldstart|move: Trick Room|[of] p1a: Farigiraf\n|\n|-weather|RainDance|[upkeep]\n|upkeep\n|\n|t:|1776127308\n|switch|p1b: Kingambit|Kingambit, L50, F|100/100\n|turn|3\n|\n|t:|1776127324\n|switch|p2b: Kingambit|Kingambit, L50, M|100/100\n|move|p1b: Kingambit|Kowtow Cleave|p2b: Kingambit\n|-resisted|p2b: Kingambit|1\n|-damage|p2b: Kingambit|79/100\n|move|p1a: Farigiraf|Twin Beam|p2a: Dragonite\n|-damage|p2a: Dragonite|94/100\n|-damage|p2a: Dragonite|82/100\n|-hitcount|p2a: Dragonite|2\n|move|p2a: Dragonite|Dragon Pulse|p1a: Farigiraf\n|-damage|p1a: Farigiraf|0 fnt\n|faint|p1a: Farigiraf\n|\n|-weather|RainDance|[upkeep]\n|upkeep\n|\n|t:|1776127337\n|switch|p1a: Crabominable|Crabominable, L50, M|100/100\n|turn|4\n|\n|t:|1776127348\n|detailschange|p1a: Crabominable|Crabominable-Mega, L50, M\n|-mega|p1a: Crabominable|Crabominable|Crabominite\n|move|p2b: Kingambit|Protect|p2b: Kingambit\n|-singleturn|p2b: Kingambit|Protect\n|move|p1a: Crabominable|Close Combat|p2b: Kingambit\n|-activate|p2b: Kingambit|move: Protect\n|move|p1b: Kingambit|Iron Head|p2a: Dragonite\n|-damage|p2a: Dragonite|43/100\n|move|p2a: Dragonite|Fire Spin|p1b: Kingambit\n|-supereffective|p1b: Kingambit|1\n|-damage|p1b: Kingambit|88/100\n|-activate|p1b: Kingambit|move: Fire Spin|[of] p2a: Dragonite\n|\n|-weather|RainDance|[upkeep]\n|-damage|p1b: Kingambit|76/100|[from] move: Fire Spin|[partiallytrapped]\n|upkeep\n|turn|5\n|inactive|DeibySeMi has 30 seconds left.\n|inactive|DeibySeMi has 20 seconds left.\n|inactive|DeibySeMi has 15 seconds left.\n|\n|t:|1776127390\n|switch|p2b: Basculegion|Basculegion, L50, M|66/100\n|move|p1a: Crabominable|Close Combat|p2b: Basculegion\n|-immune|p2b: Basculegion\n|move|p1b: Kingambit|Iron Head|p2a: Dragonite\n|-damage|p2a: Dragonite|7/100\n|move|p2a: Dragonite|Fire Spin|p1a: Crabominable\n|-supereffective|p1a: Crabominable|1\n|-damage|p1a: Crabominable|90/100\n|-activate|p1a: Crabominable|move: Fire Spin|[of] p2a: Dragonite\n|\n|-weather|none\n|-damage|p1a: Crabominable|77/100|[from] move: Fire Spin|[partiallytrapped]\n|-damage|p1b: Kingambit|64/100|[from] move: Fire Spin|[partiallytrapped]\n|upkeep\n|turn|6\n|\n|t:|1776127411\n|switch|p2b: Kingambit|Kingambit, L50, M|79/100\n|move|p2a: Dragonite|Protect|p2a: Dragonite\n|-singleturn|p2a: Dragonite|Protect\n|move|p1b: Kingambit|Sucker Punch||[still]\n|-fail|p1b: Kingambit\n|move|p1a: Crabominable|Close Combat|p2a: Dragonite\n|-activate|p2a: Dragonite|move: Protect\n|\n|-damage|p1a: Crabominable|65/100|[from] move: Fire Spin|[partiallytrapped]\n|-damage|p1b: Kingambit|52/100|[from] move: Fire Spin|[partiallytrapped]\n|-fieldend|move: Trick Room\n|upkeep\n|turn|7\n|inactive|DeibySeMi has 30 seconds left.\n|\n|t:|1776127437\n|move|p1a: Crabominable|Protect|p1a: Crabominable\n|-singleturn|p1a: Crabominable|Protect\n|move|p2b: Kingambit|Sucker Punch||[still]\n|-fail|p2b: Kingambit\n|move|p1b: Kingambit|Sucker Punch||[still]\n|-fail|p1b: Kingambit\n|move|p2a: Dragonite|Roost|p2a: Dragonite\n|-heal|p2a: Dragonite|57/100\n|-singleturn|p2a: Dragonite|move: Roost\n|\n|-damage|p1b: Kingambit|40/100|[from] move: Fire Spin|[partiallytrapped]\n|-damage|p1a: Crabominable|53/100|[from] move: Fire Spin|[partiallytrapped]\n|upkeep\n|turn|8\n|\n|t:|1776127457\n|move|p2b: Kingambit|Sucker Punch|p1a: Crabominable\n|-resisted|p1a: Crabominable|1\n|-damage|p1a: Crabominable|36/100\n|move|p2a: Dragonite|Roost|p2a: Dragonite\n|-heal|p2a: Dragonite|100/100\n|-singleturn|p2a: Dragonite|move: Roost\n|move|p1b: Kingambit|Kowtow Cleave|p2a: Dragonite\n|-damage|p2a: Dragonite|79/100\n|move|p1a: Crabominable|Close Combat|p2b: Kingambit\n|-supereffective|p2b: Kingambit|2\n|-enditem|p2b: Kingambit|Chople Berry|[eat]\n|-enditem|p2b: Kingambit|Chople Berry|[weaken]\n|-damage|p2b: Kingambit|0 fnt\n|-unboost|p1a: Crabominable|def|1\n|-unboost|p1a: Crabominable|spd|1\n|faint|p2b: Kingambit\n|\n|-end|p1b: Kingambit|Fire Spin|[partiallytrapped]\n|-damage|p1a: Crabominable|24/100|[from] move: Fire Spin|[partiallytrapped]\n|upkeep\n|\n|t:|1776127474\n|switch|p2b: Basculegion|Basculegion, L50, M|66/100\n|turn|9\n|inactive|DeibySeMi has 30 seconds left.\n|\n|t:|1776127503\n|move|p1a: Crabominable|Protect|p1a: Crabominable\n|-singleturn|p1a: Crabominable|Protect\n|move|p2b: Basculegion|Aqua Jet|p2a: Dragonite\n|-resisted|p2a: Dragonite|1\n|-damage|p2a: Dragonite|69/100\n|move|p1b: Kingambit|Sucker Punch||[still]\n|-fail|p1b: Kingambit\n|move|p2a: Dragonite|Fire Spin|p1b: Kingambit\n|-supereffective|p1b: Kingambit|1\n|-damage|p1b: Kingambit|15/100\n|-activate|p1b: Kingambit|move: Fire Spin|[of] p2a: Dragonite\n|\n|-damage|p1b: Kingambit|2/100|[from] move: Fire Spin|[partiallytrapped]\n|-damage|p1a: Crabominable|12/100|[from] move: Fire Spin|[partiallytrapped]\n|upkeep\n|turn|10\n|c|\u2606DeibySeMi|Soy muy bueno\n|inactive|DeibySeMi has 30 seconds left.\n|\n|t:|1776127540\n|move|p2a: Dragonite|Protect|p2a: Dragonite\n|-singleturn|p2a: Dragonite|Protect\n|move|p2b: Basculegion|Aqua Jet|p2a: Dragonite\n|-activate|p2a: Dragonite|move: Protect\n|move|p1b: Kingambit|Sucker Punch||[still]\n|-fail|p1b: Kingambit\n|move|p1a: Crabominable|Ice Hammer|p2a: Dragonite\n|-activate|p2a: Dragonite|move: Protect\n|\n|-damage|p1b: Kingambit|0 fnt|[from] move: Fire Spin|[partiallytrapped]\n|faint|p1b: Kingambit\n|-end|p1a: Crabominable|Fire Spin|[partiallytrapped]\n|upkeep\n|turn|11\n|-message|Juya forfeited.\n|\n|win|DeibySeMi\n|raw|Juya's rating: 1138 &rarr; <strong>1112</strong><br />(-26 for losing)\n|raw|DeibySeMi's rating: 1123 &rarr; <strong>1149</strong><br />(+26 for winning)\n|l|\u2606Juya\n|player|p1|\n",
  "uploadtime": 1776127575,
  "views": 15,
  "formatid": "gen9championsvgc2026regma",
  "rating": 1112,
  "private": 0,
  "password": null
}