{
  "id": "gen9championsvgc2026regma-2589541787",
  "format": "[Gen 9 Champions] VGC 2026 Reg M-A",
  "players": [
    "rickieragon",
    "nicolotzio"
  ],
  "log": "|j|\u2606rickieragon\n|j|\u2606nicolotzio\n|t:|1776732463\n|gametype|doubles\n|player|p1|rickieragon|schoolkid-gen4dp|1090\n|player|p2|nicolotzio|170|1100\n|gen|9\n|tier|[Gen 9 Champions] VGC 2026 Reg M-A\n|rated|\n|rule|Species Clause: Limit one of each Pok\u00e9mon\n|rule|Item Clause: Limit 1 of each item\n|clearpoke\n|poke|p1|Milotic, L50, M, shiny|\n|poke|p1|Archaludon, L50, M|\n|poke|p1|Froslass, L50, F|\n|poke|p1|Maushold-Four, L50|\n|poke|p1|Dragapult, L50, M, shiny|\n|poke|p1|Sableye, L50, M|\n|poke|p2|Incineroar, L50, M, shiny|\n|poke|p2|Milotic, L50, F|\n|poke|p2|Dragonite, L50, F|\n|poke|p2|Gallade, L50, M, shiny|\n|poke|p2|Scizor, L50, M|\n|poke|p2|Sneasler, L50, M|\n|teampreview|4\nrickieragon rejected open team sheets.\n|\n|t:|1776732526\n|teamsize|p1|4\n|teamsize|p2|4\n|start\n|switch|p1a: Milotic|Milotic, L50, M, shiny|100/100\n|switch|p1b: Maushold|Maushold-Four, L50|100/100\n|switch|p2a: Sneasler|Sneasler, L50, M|100/100\n|switch|p2b: Gallade|Gallade, L50, M, shiny|100/100\n|turn|1\n|\n|t:|1776732548\n|move|p2a: Sneasler|Fake Out|p1b: Maushold\n|-damage|p1b: Maushold|81/100\n|cant|p1b: Maushold|flinch\n|move|p2b: Gallade|Sacred Sword|p1b: Maushold\n|-supereffective|p1b: Maushold|1\n|-damage|p1b: Maushold|0 fnt\n|faint|p1b: Maushold\n|move|p1a: Milotic|Coil|p1a: Milotic\n|-boost|p1a: Milotic|atk|1\n|-boost|p1a: Milotic|def|1\n|-boost|p1a: Milotic|accuracy|1\n|\n|upkeep\n|\n|t:|1776732563\n|switch|p1b: Archaludon|Archaludon, L50, M|100/100\n|turn|2\n|\n|t:|1776732573\n|move|p1b: Archaludon|Protect|p1b: Archaludon\n|-singleturn|p1b: Archaludon|Protect\n|move|p2a: Sneasler|Close Combat|p1b: Archaludon\n|-activate|p1b: Archaludon|move: Protect\n|move|p2b: Gallade|Sacred Sword|p1b: Archaludon\n|-activate|p1b: Archaludon|move: Protect\n|move|p1a: Milotic|Hypnosis|p2b: Gallade\n|-status|p2b: Gallade|slp|[from] move: Hypnosis\n|\n|upkeep\n|turn|3\n|\n|t:|1776732586\n|move|p2a: Sneasler|Close Combat|p1b: Archaludon\n|-supereffective|p1b: Archaludon|1\n|-enditem|p1b: Archaludon|Chople Berry|[eat]\n|-enditem|p1b: Archaludon|Chople Berry|[weaken]\n|-damage|p1b: Archaludon|55/100\n|-unboost|p2a: Sneasler|def|1\n|-unboost|p2a: Sneasler|spd|1\n|move|p1b: Archaludon|Dragon Pulse|p2a: Sneasler\n|-damage|p2a: Sneasler|31/100\n|cant|p2b: Gallade|slp\n|move|p1a: Milotic|Coil|p1a: Milotic\n|-boost|p1a: Milotic|atk|1\n|-boost|p1a: Milotic|def|1\n|-boost|p1a: Milotic|accuracy|1\n|\n|upkeep\n|turn|4\n|\n|t:|1776732644\n|switch|p2a: Scizor|Scizor, L50, M|100/100\n|move|p1b: Archaludon|Protect|p1b: Archaludon\n|-singleturn|p1b: Archaludon|Protect\n|cant|p2b: Gallade|slp\n|move|p1a: Milotic|Hypnosis|p2a: Scizor\n|-status|p2a: Scizor|slp|[from] move: Hypnosis\n|\n|upkeep\n|turn|5\n|inactive|Battle timer is ON: inactive players will automatically lose when time's up. (requested by rickieragon)\n|inactive|nicolotzio has 60 seconds left.\n|inactive|nicolotzio has 30 seconds left.\n|inactive|nicolotzio has 20 seconds left.\n|inactive|nicolotzio has 15 seconds left.\n|inactive|nicolotzio has 10 seconds left.\n|inactive|nicolotzio has 5 seconds left.\n|\n|t:|1776732792\n|switch|p1b: Dragapult|Dragapult, L50, M, shiny|100/100\n|cant|p2a: Scizor|slp\n|-curestatus|p2b: Gallade|slp|[msg]\n|move|p2b: Gallade|Sacred Sword|p1a: Milotic\n|-damage|p1a: Milotic|19/100\n|move|p1a: Milotic|Muddy Water|p2b: Gallade|[spread] p2a,p2b\n|-crit|p2a: Scizor\n|-damage|p2a: Scizor|55/100 slp\n|-damage|p2b: Gallade|77/100\n|\n|-heal|p1a: Milotic|25/100|[from] item: Leftovers\n|upkeep\n|turn|6\n|inactive|nicolotzio has 30 seconds left.\n|inactive|nicolotzio has 20 seconds left.\n|inactive|nicolotzio has 15 seconds left.\n|inactive|nicolotzio has 10 seconds left.\n|inactive|nicolotzio has 5 seconds left.\n|\n|t:|1776732847\n|cant|p2a: Scizor|slp\n|move|p1b: Dragapult|Dragon Dance|p1b: Dragapult\n|-boost|p1b: Dragapult|atk|1\n|-boost|p1b: Dragapult|spe|1\n|move|p2b: Gallade|Sacred Sword|p1b: Dragapult\n|-immune|p1b: Dragapult\n|move|p1a: Milotic|Recover|p1a: Milotic\n|-heal|p1a: Milotic|75/100\n|\n|-heal|p1a: Milotic|81/100|[from] item: Leftovers\n|upkeep\n|turn|7\n|inactive|nicolotzio has 30 seconds left.\n|\n|t:|1776732879\n|move|p1b: Dragapult|Dragon Darts|p2b: Gallade\n|-crit|p2b: Gallade\n|-damage|p2b: Gallade|0 fnt\n|-anim|p1b: Dragapult|Dragon Darts|p2a: Scizor\n|-resisted|p2a: Scizor|1\n|-damage|p2a: Scizor|36/100 slp\n|faint|p2b: Gallade\n|move|p1a: Milotic|Hypnosis|p2a: Scizor\n|-fail|p2a: Scizor|slp\n|-curestatus|p2a: Scizor|slp|[msg]\n|move|p2a: Scizor|Swords Dance|p2a: Scizor\n|-boost|p2a: Scizor|atk|2\n|\n|-heal|p1a: Milotic|87/100|[from] item: Leftovers\n|upkeep\n|\n|t:|1776732886\n|switch|p2b: Sneasler|Sneasler, L50, M|31/100\n|turn|8\n|\n|t:|1776732901\n|move|p2b: Sneasler|Fake Out|p1a: Milotic\n|-damage|p1a: Milotic|79/100\n|move|p2a: Scizor|Bullet Punch|p1b: Dragapult\n|-enditem|p1b: Dragapult|Focus Sash\n|-damage|p1b: Dragapult|1/100\n|move|p1b: Dragapult|Phantom Force||[still]\n|-prepare|p1b: Dragapult|Phantom Force\n|cant|p1a: Milotic|flinch\n|\n|-heal|p1a: Milotic|85/100|[from] item: Leftovers\n|upkeep\n|turn|9\n|inactive|nicolotzio has 30 seconds left.\n|inactive|nicolotzio has 20 seconds left.\n|inactive|nicolotzio has 15 seconds left.\n|inactive|nicolotzio has 10 seconds left.\n|\n|t:|1776732949\n|move|p2a: Scizor|Bullet Punch|p1b: Dragapult|[miss]\n|-miss|p2a: Scizor|p1b: Dragapult\n|move|p1b: Dragapult|Phantom Force|p2a: Scizor|[from] lockedmove\n|-damage|p2a: Scizor|0 fnt\n|faint|p2a: Scizor\n|move|p2b: Sneasler|Close Combat|p1a: Milotic\n|-damage|p1a: Milotic|53/100\n|-unboost|p2b: Sneasler|def|1\n|-unboost|p2b: Sneasler|spd|1\n|move|p1a: Milotic|Muddy Water|p2b: Sneasler\n|-damage|p2b: Sneasler|0 fnt\n|faint|p2b: Sneasler\n|\n|-heal|p1a: Milotic|59/100|[from] item: Leftovers\n|upkeep\n|\n|t:|1776732956\n|switch|p2b: Dragonite|Dragonite, L50, F|100/100\n|turn|10\n|\n|t:|1776732967\n|detailschange|p2b: Dragonite|Dragonite-Mega, L50, F\n|-mega|p2b: Dragonite|Dragonite|Dragoninite\n|move|p2b: Dragonite|Extreme Speed|p1a: Milotic\n|-damage|p1a: Milotic|43/100\n|move|p1b: Dragapult|Dragon Darts|p2b: Dragonite\n|-supereffective|p2b: Dragonite|1\n|-damage|p2b: Dragonite|68/100\n|-anim|p1b: Dragapult|Dragon Darts|p2b: Dragonite\n|-supereffective|p2b: Dragonite|1\n|-damage|p2b: Dragonite|5/100\n|move|p1a: Milotic|Muddy Water|p2b: Dragonite\n|-resisted|p2b: Dragonite|1\n|-damage|p2b: Dragonite|0 fnt\n|faint|p2b: Dragonite\n|\n|win|rickieragon\n|raw|rickieragon's rating: 1090 &rarr; <strong>1117</strong><br />(+27 for winning)\n|raw|nicolotzio's rating: 1100 &rarr; <strong>1074</strong><br />(-26 for losing)\n",
  "uploadtime": 1776732979,
  "views": 8,
  "formatid": "gen9championsvgc2026regma",
  "rating": 1074,
  "private": 0,
  "password": null
}