{
  "id": "gen9championsvgc2026regma-2585694727",
  "format": "[Gen 9 Champions] VGC 2026 Reg M-A",
  "players": [
    "achillgamer",
    "isabellissima"
  ],
  "log": "|j|\u2606achillgamer\n|j|\u2606isabellissima\n|t:|1776364256\n|gametype|doubles\n|player|p1|achillgamer|gambler|1130\n|player|p2|isabellissima|2|1161\n|gen|9\n|tier|[Gen 9 Champions] VGC 2026 Reg M-A\n|rated|\n|rule|Species Clause: Limit one of each Pok\u00e9mon\n|rule|Item Clause: Limit 1 of each item\n|clearpoke\n|poke|p1|Pelipper, L50, M|\n|poke|p1|Basculegion, L50, M|\n|poke|p1|Archaludon, L50, M|\n|poke|p1|Meganium, L50, F|\n|poke|p1|Scizor, L50, F|\n|poke|p1|Luxray, L50, M|\n|poke|p2|Incineroar, L50, F|\n|poke|p2|Gengar, L50, F|\n|poke|p2|Sneasler, L50, F|\n|poke|p2|Maushold-Four, L50|\n|poke|p2|Kommo-o, L50, F|\n|poke|p2|Politoed, L50, F|\n|teampreview|4\n|inactive|Battle timer is ON: inactive players will automatically lose when time's up. (requested by isabellissima)\n|\n|t:|1776364292\n|teamsize|p1|4\n|teamsize|p2|4\n|start\n|switch|p1a: Archaludon|Archaludon, L50, M|100/100\n|switch|p1b: Pelipper|Pelipper, L50, M|100/100\n|switch|p2a: Incineroar|Incineroar, L50, F, shiny|100/100\n|switch|p2b: Gengar|Gengar, L50, F, shiny|100/100\n|-weather|RainDance|[from] ability: Drizzle|[of] p1b: Pelipper\n|-ability|p2a: Incineroar|Intimidate|boost\n|-unboost|p1a: Archaludon|atk|1\n|-unboost|p1b: Pelipper|atk|1\n|turn|1\n|inactive|isabellissima has 30 seconds left.\n|\n|t:|1776364322\n|switch|p1b: Basculegion|Basculegion, L50, M|100/100\n|detailschange|p2b: Gengar|Gengar-Mega, L50, F, shiny\n|-mega|p2b: Gengar|Gengar|Gengarite\n|move|p2a: Incineroar|Fake Out|p1b: Basculegion\n|-immune|p1b: Basculegion\n|move|p2b: Gengar|Perish Song|p2b: Gengar\n|-start|p1a: Archaludon|perish3|[silent]\n|-start|p1b: Basculegion|perish3|[silent]\n|-start|p2a: Incineroar|perish3|[silent]\n|-start|p2b: Gengar|perish3|[silent]\n|-fieldactivate|move: Perish Song\n|move|p1a: Archaludon|Electro Shot||[still]\n|-prepare|p1a: Archaludon|Electro Shot\n|-boost|p1a: Archaludon|spa|1\n|-anim|p1a: Archaludon|Electro Shot|p2b: Gengar\n|-damage|p2b: Gengar|26/100\n|\n|-weather|RainDance|[upkeep]\n|-start|p1b: Basculegion|perish3\n|-start|p2b: Gengar|perish3\n|-start|p1a: Archaludon|perish3\n|-start|p2a: Incineroar|perish3\n|upkeep\n|turn|2\n|\n|t:|1776364345\n|move|p2b: Gengar|Protect|p2b: Gengar\n|-singleturn|p2b: Gengar|Protect\n|move|p2a: Incineroar|Protect|p2a: Incineroar\n|-singleturn|p2a: Incineroar|Protect\n|move|p1b: Basculegion|Flip Turn|p2a: Incineroar\n|-activate|p2a: Incineroar|move: Protect\n|move|p1a: Archaludon|Electro Shot||[still]\n|-prepare|p1a: Archaludon|Electro Shot\n|-boost|p1a: Archaludon|spa|1\n|-anim|p1a: Archaludon|Electro Shot|p2b: Gengar\n|-activate|p2b: Gengar|move: Protect\n|\n|-weather|RainDance|[upkeep]\n|-start|p1b: Basculegion|perish2\n|-start|p2b: Gengar|perish2\n|-start|p1a: Archaludon|perish2\n|-start|p2a: Incineroar|perish2\n|upkeep\n|turn|3\n|\n|t:|1776364369\n|move|p2b: Gengar|Protect|p2b: Gengar\n|-singleturn|p2b: Gengar|Protect\n|move|p1b: Basculegion|Flip Turn|p2b: Gengar\n|-activate|p2b: Gengar|move: Protect\n|move|p1a: Archaludon|Draco Meteor|p2a: Incineroar\n|-damage|p2a: Incineroar|0 fnt\n|-unboost|p1a: Archaludon|spa|2\n|faint|p2a: Incineroar\n|\n|-weather|RainDance|[upkeep]\n|-start|p1b: Basculegion|perish1\n|-start|p2b: Gengar|perish1\n|-start|p1a: Archaludon|perish1\n|upkeep\n|\n|t:|1776364384\n|switch|p2a: Sneasler|Sneasler, L50, F|100/100\n|turn|4\n|\n|t:|1776364390\n|switch|p2b: Kommo-o|Kommo-o, L50, F, shiny|100/100\n|move|p2a: Sneasler|Fake Out|p1a: Archaludon\n|-resisted|p1a: Archaludon|1\n|-damage|p1a: Archaludon|95/100\n|-ability|p1a: Archaludon|Stamina|boost\n|-boost|p1a: Archaludon|def|1\n|move|p1b: Basculegion|Flip Turn|p2b: Kommo-o\n|-resisted|p2b: Kommo-o|1\n|-damage|p2b: Kommo-o|80/100\n|\n|t:|1776364400\n|switch|p1b: Meganium|Meganium, L50, F|100/100|[from] Flip Turn\n|cant|p1a: Archaludon|flinch\n|\n|-weather|RainDance|[upkeep]\n|-heal|p1a: Archaludon|100/100|[from] item: Leftovers\n|-start|p1a: Archaludon|perish0\n|faint|p1a: Archaludon\n|upkeep\n|\n|t:|1776364410\n|switch|p1a: Basculegion|Basculegion, L50, M|100/100\n|turn|5\n|\n|t:|1776364426\n|detailschange|p1b: Meganium|Meganium-Mega, L50, F\n|-mega|p1b: Meganium|Meganium|Meganiumite\n|move|p1b: Meganium|Protect|p1b: Meganium\n|-singleturn|p1b: Meganium|Protect\n|move|p1a: Basculegion|Last Respects|p2a: Sneasler\n|-damage|p2a: Sneasler|18/100\n|move|p2a: Sneasler|Dire Claw|p1b: Meganium\n|-activate|p1b: Meganium|move: Protect\n|move|p2b: Kommo-o|Aura Sphere|p1b: Meganium\n|-activate|p1b: Meganium|move: Protect\n|\n|-weather|none\n|upkeep\n|turn|6\n|inactive|isabellissima has 30 seconds left.\n|\n|t:|1776364457\n|switch|p2b: Gengar|Gengar-Mega, L50, F, shiny|26/100\n|switch|p1b: Pelipper|Pelipper, L50, M|100/100\n|-weather|RainDance|[from] ability: Drizzle|[of] p1b: Pelipper\n|move|p2a: Sneasler|Protect|p2a: Sneasler\n|-singleturn|p2a: Sneasler|Protect\n|move|p1a: Basculegion|Flip Turn|p2a: Sneasler\n|-activate|p2a: Sneasler|move: Protect\n|\n|-weather|RainDance|[upkeep]\n|upkeep\n|turn|7\n|\n|t:|1776364475\n|move|p1a: Basculegion|Flip Turn|p2a: Sneasler\n|-damage|p2a: Sneasler|0 fnt\n|faint|p2a: Sneasler\n|\n|t:|1776364479\n|switch|p1a: Meganium|Meganium-Mega, L50, F|100/100|[from] Flip Turn\n|move|p2b: Gengar|Shadow Ball|p1a: Meganium\n|-damage|p1a: Meganium|59/100\n|move|p1b: Pelipper|Tailwind|p1b: Pelipper\n|-sidestart|p1: achillgamer|move: Tailwind\n|\n|-weather|RainDance|[upkeep]\n|upkeep\n|\n|t:|1776364486\n|switch|p2a: Kommo-o|Kommo-o, L50, F, shiny|80/100\n|turn|8\n|\n|t:|1776364500\n|move|p2a: Kommo-o|Protect|p2a: Kommo-o\n|-singleturn|p2a: Kommo-o|Protect\n|move|p1b: Pelipper|Hurricane|p2b: Gengar\n|-damage|p2b: Gengar|0 fnt\n|faint|p2b: Gengar\n|move|p1a: Meganium|Dazzling Gleam|p2a: Kommo-o\n|-activate|p2a: Kommo-o|move: Protect\n|\n|-weather|RainDance|[upkeep]\n|upkeep\n|turn|9\n|\n|t:|1776364513\n|move|p1b: Pelipper|Hurricane|p2a: Kommo-o\n|-supereffective|p2a: Kommo-o|1\n|-damage|p2a: Kommo-o|16/100\n|-start|p2a: Kommo-o|confusion\n|move|p1a: Meganium|Dazzling Gleam|p2a: Kommo-o\n|-supereffective|p2a: Kommo-o|2\n|-damage|p2a: Kommo-o|0 fnt\n|faint|p2a: Kommo-o\n|\n|win|achillgamer\n|raw|achillgamer's rating: 1130 &rarr; <strong>1157</strong><br />(+27 for winning)\n|raw|isabellissima's rating: 1161 &rarr; <strong>1134</strong><br />(-27 for losing)\n",
  "uploadtime": 1776364517,
  "views": 42,
  "formatid": "gen9championsvgc2026regma",
  "rating": 1134,
  "private": 0,
  "password": null
}