{
  "id": "gen9championsvgc2026regma-2588832205",
  "format": "[Gen 9 Champions] VGC 2026 Reg M-A",
  "players": [
    "Bluemxst22",
    "Water Spot"
  ],
  "log": "|j|\u2606Bluemxst22\n|j|\u2606Water Spot\n|t:|1776676301\n|gametype|doubles\n|player|p1|Bluemxst22|lance-gen1rb|1267\n|player|p2|Water Spot|hilbert|1248\n|gen|9\n|tier|[Gen 9 Champions] VGC 2026 Reg M-A\n|rated|\n|rule|Species Clause: Limit one of each Pok\u00e9mon\n|rule|Item Clause: Limit 1 of each item\n|clearpoke\n|poke|p1|Charizard, L50, F|\n|poke|p1|Tyranitar, L50, M, shiny|\n|poke|p1|Milotic, L50, F, shiny|\n|poke|p1|Sneasler, L50, M|\n|poke|p1|Incineroar, L50, M|\n|poke|p1|Sinistcha, L50|\n|poke|p2|Greninja, L50, F|\n|poke|p2|Incineroar, L50, M|\n|poke|p2|Sinistcha, L50|\n|poke|p2|Kingambit, L50, F|\n|poke|p2|Sneasler, L50, F|\n|poke|p2|Ninetales-Alola, L50, F|\n|teampreview|4\n|inactive|Battle timer is ON: inactive players will automatically lose when time's up. (requested by Bluemxst22)\n|\n|t:|1776676352\n|teamsize|p1|4\n|teamsize|p2|4\n|start\n|switch|p1a: Charizard|Charizard, L50, F|100/100\n|switch|p1b: Sneasler|Sneasler, L50, M|100/100\n|switch|p2a: Sneasler|Sneasler, L50, F|100/100\n|switch|p2b: Greninja|Greninja, L50, F|100/100\n|turn|1\n|inactive|Bluemxst22 has 30 seconds left.\n|\n|t:|1776676378\n|switch|p1a: Milotic|Milotic, L50, F, shiny|100/100\n|move|p2b: Greninja|Protect|p2b: Greninja\n|-start|p2b: Greninja|typechange|Normal|[from] ability: Protean\n|-singleturn|p2b: Greninja|Protect\n|move|p2a: Sneasler|Fake Out|p1b: Sneasler\n|-damage|p1b: Sneasler|76/100\n|cant|p1b: Sneasler|flinch\n|\n|upkeep\n|turn|2\n|\n|t:|1776676400\n|switch|p2b: Sinistcha|Sinistcha, L50|100/100\n|switch|p1b: Sinistcha|Sinistcha, L50|100/100\n|move|p2a: Sneasler|Close Combat|p1a: Milotic\n|-damage|p1a: Milotic|48/100\n|-unboost|p2a: Sneasler|def|1\n|-unboost|p2a: Sneasler|spd|1\n|-enditem|p2a: Sneasler|White Herb\n|-clearnegativeboost|p2a: Sneasler|[silent]\n|move|p1a: Milotic|Icy Wind|p2b: Sinistcha|[spread] p2a,p2b\n|-supereffective|p2b: Sinistcha|1\n|-damage|p2a: Sneasler|88/100\n|-damage|p2b: Sinistcha|79/100\n|-unboost|p2a: Sneasler|spe|1\n|-unboost|p2b: Sinistcha|spe|1\n|\n|-heal|p1a: Milotic|54/100|[from] item: Leftovers\n|upkeep\n|turn|3\n|inactive|Water Spot has 30 seconds left.\n|\n|t:|1776676427\n|switch|p1a: Sneasler|Sneasler, L50, M|76/100\n|switch|p2b: Kingambit|Kingambit, L50, F|100/100\n|move|p2a: Sneasler|Dire Claw|p1a: Sneasler\n|-resisted|p1a: Sneasler|1\n|-damage|p1a: Sneasler|37/100\n|move|p1b: Sinistcha|Life Dew||[still]|[spread] p1a,p1b\n|-heal|p1a: Sneasler|62/100\n|-fail|p1b: Sinistcha|heal\n|\n|upkeep\n|turn|4\n|inactive|Water Spot has 30 seconds left.\n|\n|t:|1776676456\n|switch|p1b: Charizard|Charizard, L50, F|100/100\n|switch|p2b: Sinistcha|Sinistcha, L50|79/100\n|-heal|p2a: Sneasler|100/100|[from] ability: Hospitality|[of] p2b: Sinistcha\n|move|p2a: Sneasler|Dire Claw|p1a: Sneasler\n|-resisted|p1a: Sneasler|1\n|-damage|p1a: Sneasler|24/100\n|move|p1a: Sneasler|Coaching|p1b: Charizard\n|-boost|p1b: Charizard|atk|1\n|-boost|p1b: Charizard|def|1\n|\n|upkeep\n|turn|5\n|inactive|Bluemxst22 has 30 seconds left.\n|\n|t:|1776676490\n|detailschange|p1b: Charizard|Charizard-Mega-X, L50, F\n|-mega|p1b: Charizard|Charizard|Charizardite X\n|move|p2b: Sinistcha|Protect|p2b: Sinistcha\n|-singleturn|p2b: Sinistcha|Protect\n|move|p2a: Sneasler|Rock Slide|p1b: Charizard|[spread] p1b\n|-miss|p2a: Sneasler|p1a: Sneasler\n|-supereffective|p1b: Charizard|1\n|-damage|p1b: Charizard|73/100\n|move|p1a: Sneasler|Coaching|p1b: Charizard\n|-boost|p1b: Charizard|atk|1\n|-boost|p1b: Charizard|def|1\n|cant|p1b: Charizard|flinch\n|\n|upkeep\n|turn|6\n|inactive|Water Spot has 30 seconds left.\n|\n|t:|1776676524\n|switch|p1a: Sinistcha|Sinistcha, L50|100/100\n|-heal|p1b: Charizard|98/100|[from] ability: Hospitality|[of] p1a: Sinistcha\n|move|p2a: Sneasler|Close Combat|p1b: Charizard\n|-damage|p1b: Charizard|68/100\n|-unboost|p2a: Sneasler|def|1\n|-unboost|p2a: Sneasler|spd|1\n|move|p1b: Charizard|Dragon Claw|p2a: Sneasler\n|-damage|p2a: Sneasler|0 fnt\n|faint|p2a: Sneasler\n|move|p2b: Sinistcha|Matcha Gotcha|p1a: Sinistcha|[spread] p1a,p1b\n|-resisted|p1a: Sinistcha|1\n|-resisted|p1b: Charizard|2\n|-damage|p1a: Sinistcha|89/100\n|-heal|p2b: Sinistcha|85/100|[from] drain|[of] p1a: Sinistcha\n|-damage|p1b: Charizard|59/100\n|-heal|p2b: Sinistcha|90/100|[from] drain|[of] p1b: Charizard\n|\n|upkeep\n|\n|t:|1776676544\n|switch|p2a: Greninja|Greninja, L50, F|100/100\n|turn|7\n|\n|t:|1776676557\n|switch|p1a: Milotic|Milotic, L50, F, shiny|54/100\n|detailschange|p2a: Greninja|Greninja-Mega, L50, F\n|-mega|p2a: Greninja|Greninja|Greninjite\n|move|p1b: Charizard|Protect|p1b: Charizard\n|-singleturn|p1b: Charizard|Protect\n|move|p2b: Sinistcha|Rage Powder|p2b: Sinistcha\n|-singleturn|p2b: Sinistcha|move: Rage Powder\n|move|p2a: Greninja|Blizzard|p1b: Charizard|[spread] p1a\n|-start|p2a: Greninja|typechange|Ice|[from] ability: Protean\n|-activate|p1b: Charizard|move: Protect\n|-resisted|p1a: Milotic|1\n|-damage|p1a: Milotic|38/100\n|\n|-heal|p1a: Milotic|44/100|[from] item: Leftovers\n|upkeep\n|turn|8\n|inactive|Water Spot has 30 seconds left.\n|\n|t:|1776676592\n|switch|p1a: Sinistcha|Sinistcha, L50|89/100\n|-heal|p1b: Charizard|84/100|[from] ability: Hospitality|[of] p1a: Sinistcha\n|move|p2b: Sinistcha|Rage Powder|p2b: Sinistcha\n|-singleturn|p2b: Sinistcha|move: Rage Powder\n|move|p2a: Greninja|Blizzard|p1b: Charizard|[spread] p1a\n|-miss|p2a: Greninja|p1b: Charizard\n|-supereffective|p1a: Sinistcha|1\n|-damage|p1a: Sinistcha|4/100\n|move|p1b: Charizard|Flare Blitz|p2b: Sinistcha\n|-supereffective|p2b: Sinistcha|1\n|-enditem|p2b: Sinistcha|Occa Berry|[eat]\n|-enditem|p2b: Sinistcha|Occa Berry|[weaken]\n|-damage|p2b: Sinistcha|0 fnt\n|faint|p2b: Sinistcha\n|-damage|p1b: Charizard|53/100|[from] Recoil\n|\n|upkeep\n|\n|t:|1776676607\n|switch|p2b: Kingambit|Kingambit, L50, F|100/100\n|turn|9\n|\n|t:|1776676626\n|switch|p1a: Milotic|Milotic, L50, F, shiny|44/100\n|move|p1b: Charizard|Protect|p1b: Charizard\n|-singleturn|p1b: Charizard|Protect\n|move|p2a: Greninja|Dark Pulse|p1a: Milotic\n|-damage|p1a: Milotic|23/100\n|move|p2b: Kingambit|Swords Dance|p2b: Kingambit\n|-boost|p2b: Kingambit|atk|2\n|\n|-heal|p1a: Milotic|29/100|[from] item: Leftovers\n|upkeep\n|turn|10\n|\n|t:|1776676651\n|move|p2b: Kingambit|Sucker Punch|p1b: Charizard\n|-damage|p1b: Charizard|3/100\n|move|p2a: Greninja|Blizzard|p1b: Charizard|[spread] p1a,p1b\n|-resisted|p1a: Milotic|1\n|-crit|p1b: Charizard\n|-damage|p1a: Milotic|14/100\n|-damage|p1b: Charizard|0 fnt\n|faint|p1b: Charizard\n|move|p1a: Milotic|Recover|p1a: Milotic\n|-heal|p1a: Milotic|64/100\n|\n|-heal|p1a: Milotic|70/100|[from] item: Leftovers\n|upkeep\n|\n|t:|1776676662\n|switch|p1b: Sinistcha|Sinistcha, L50|4/100\n|-heal|p1a: Milotic|94/100|[from] ability: Hospitality|[of] p1b: Sinistcha\n|turn|11\n|\n|t:|1776676682\n|move|p2a: Greninja|Dark Pulse|p1b: Sinistcha\n|-supereffective|p1b: Sinistcha|1\n|-damage|p1b: Sinistcha|0 fnt\n|faint|p1b: Sinistcha\n|move|p1a: Milotic|Scald|p2b: Kingambit\n|-damage|p2b: Kingambit|75/100\n|move|p2b: Kingambit|Kowtow Cleave|p1a: Milotic\n|-damage|p1a: Milotic|0 fnt\n|faint|p1a: Milotic\n|\n|upkeep\n|\n|t:|1776676692\n|switch|p1b: Sneasler|Sneasler, L50, M|24/100\n|turn|12\n|-message|Bluemxst22 forfeited.\n|\n|win|Water Spot\n|raw|Bluemxst22's rating: 1267 &rarr; <strong>1241</strong><br />(-26 for losing)\n|raw|Water Spot's rating: 1248 &rarr; <strong>1274</strong><br />(+26 for winning)\n|l|\u2606Bluemxst22\n|player|p1|\n",
  "uploadtime": 1776676701,
  "views": 12,
  "formatid": "gen9championsvgc2026regma",
  "rating": 1241,
  "private": 0,
  "password": null
}