{
  "id": "gen9championsvgc2026regma-2584886517",
  "format": "[Gen 9 Champions] VGC 2026 Reg M-A",
  "players": [
    "PlazaRayquaza",
    "ScribbleScribble"
  ],
  "log": "|j|\u2606PlazaRayquaza\n|j|\u2606ScribbleScribble\n|t:|1776291594\n|gametype|doubles\n|player|p1|PlazaRayquaza|calem-masters|1455\n|player|p2|ScribbleScribble|mina-lgpe|1555\n|gen|9\n|tier|[Gen 9 Champions] VGC 2026 Reg M-A\n|rated|\n|rule|Species Clause: Limit one of each Pok\u00e9mon\n|rule|Item Clause: Limit 1 of each item\n|clearpoke\n|poke|p1|Venusaur, L50, M|\n|poke|p1|Delphox, L50, M|\n|poke|p1|Farigiraf, L50, F|\n|poke|p1|Whimsicott, L50, F|\n|poke|p1|Garchomp, L50, F|\n|poke|p1|Pangoro, L50, M|\n|poke|p2|Floette-Eternal, L50, F|\n|poke|p2|Sneasler, L50, F|\n|poke|p2|Aerodactyl, L50, F|\n|poke|p2|Kingambit, L50, M|\n|poke|p2|Basculegion, L50, M|\n|poke|p2|Farigiraf, L50, M|\n|teampreview|4\n|inactive|Battle timer is ON: inactive players will automatically lose when time's up. (requested by ScribbleScribble)\n|inactive|ScribbleScribble has 60 seconds left.\n|\n|t:|1776291641\n|teamsize|p1|4\n|teamsize|p2|4\n|start\n|switch|p1a: KingToad|Venusaur, L50, M, shiny|100/100\n|switch|p1b: FluffPuff|Whimsicott, L50, F, shiny|100/100\n|switch|p2a: Aerodactyl|Aerodactyl, L50, F|100/100\n|switch|p2b: Kingambit|Kingambit, L50, M|100/100\n|-ability|p2a: Aerodactyl|Unnerve\n|turn|1\n|\n|t:|1776291654\n|move|p1b: FluffPuff|Sunny Day|p1b: FluffPuff\n|-weather|SunnyDay\n|move|p1a: KingToad|Sleep Powder|p2b: Kingambit\n|-status|p2b: Kingambit|slp|[from] move: Sleep Powder\n|move|p2a: Aerodactyl|Tailwind|p2a: Aerodactyl\n|-sidestart|p2: ScribbleScribble|move: Tailwind\n|cant|p2b: Kingambit|slp\n|\n|-weather|SunnyDay|[upkeep]\n|upkeep\n|turn|2\n|inactive|ScribbleScribble has 30 seconds left.\n|\n|t:|1776291682\n|switch|p2a: Floette|Floette-Eternal, L50, F|100/100\n|move|p1b: FluffPuff|Tailwind|p1b: FluffPuff\n|-sidestart|p1: PlazaRayquaza|move: Tailwind\n|move|p1a: KingToad|Sleep Powder|p2a: Floette|[miss]\n|-miss|p1a: KingToad|p2a: Floette\n|-curestatus|p2b: Kingambit|slp|[msg]\n|move|p2b: Kingambit|Kowtow Cleave|p1a: KingToad\n|-damage|p1a: KingToad|24/100\n|\n|-weather|SunnyDay|[upkeep]\n|upkeep\n|turn|3\n|\n|t:|1776291691\n|switch|p1b: Escalator|Farigiraf, L50, F, shiny|100/100\n|detailschange|p2a: Floette|Floette-Mega, L50, F\n|-mega|p2a: Floette|Floette|Floettite\n|-ability|p2a: Floette|Fairy Aura\n|move|p2b: Kingambit|Sucker Punch||[still]\n|cant|p1b: Escalator|ability: Armor Tail|Sucker Punch|[of] p2b: Kingambit\n|move|p1a: KingToad|Sludge Bomb|p2a: Floette\n|-supereffective|p2a: Floette|1\n|-damage|p2a: Floette|26/100\n|move|p2a: Floette|Moonblast|p1b: Escalator\n|-damage|p1b: Escalator|27/100\n|-enditem|p1b: Escalator|Sitrus Berry|[eat]\n|-heal|p1b: Escalator|52/100|[from] item: Sitrus Berry\n|\n|-weather|SunnyDay|[upkeep]\n|upkeep\n|turn|4\n|\n|t:|1776291704\n|switch|p2a: Aerodactyl|Aerodactyl, L50, F|100/100\n|-ability|p2a: Aerodactyl|Unnerve\n|move|p1a: KingToad|Giga Drain|p2a: Aerodactyl\n|-damage|p2a: Aerodactyl|48/100\n|-heal|p1a: KingToad|50/100|[from] drain|[of] p2a: Aerodactyl\n|move|p1b: Escalator|Imprison|p1b: Escalator\n|-start|p1b: Escalator|move: Imprison\n|move|p2b: Kingambit|Kowtow Cleave|p1b: Escalator\n|-supereffective|p1b: Escalator|1\n|-damage|p1b: Escalator|0 fnt\n|faint|p1b: Escalator\n|\n|-weather|SunnyDay|[upkeep]\n|-sideend|p2: ScribbleScribble|move: Tailwind\n|upkeep\n|\n|t:|1776291711\n|switch|p1b: Po|Pangoro, L50, M, shiny|100/100\n|turn|5\n|inactive|ScribbleScribble has 30 seconds left.\n|\n|t:|1776291740\n|move|p2b: Kingambit|Sucker Punch||[still]\n|-fail|p2b: Kingambit\n|move|p1a: KingToad|Sleep Powder|p2a: Aerodactyl|[miss]\n|-miss|p1a: KingToad|p2a: Aerodactyl\n|move|p2a: Aerodactyl|Tailwind|p2a: Aerodactyl\n|-sidestart|p2: ScribbleScribble|move: Tailwind\n|move|p1b: Po|Close Combat|p2b: Kingambit\n|-supereffective|p2b: Kingambit|2\n|-damage|p2b: Kingambit|0 fnt\n|-unboost|p1b: Po|def|1\n|-unboost|p1b: Po|spd|1\n|faint|p2b: Kingambit\n|\n|-weather|none\n|-sideend|p1: PlazaRayquaza|move: Tailwind\n|upkeep\n|\n|t:|1776291749\n|switch|p2b: Floette|Floette-Mega, L50, F|26/100\n|-ability|p2b: Floette|Fairy Aura\n|turn|6\n|\n|t:|1776291754\n|move|p1b: Po|Bullet Punch|p2b: Floette\n|-supereffective|p2b: Floette|1\n|-damage|p2b: Floette|0 fnt\n|faint|p2b: Floette\n|move|p2a: Aerodactyl|Rock Slide|p1a: KingToad|[spread] p1a,p1b\n|-resisted|p1b: Po|1\n|-damage|p1a: KingToad|16/100\n|-damage|p1b: Po|80/100\n|move|p1a: KingToad|Giga Drain|p2a: Aerodactyl\n|-damage|p2a: Aerodactyl|0 fnt\n|-heal|p1a: KingToad|40/100|[from] drain|[of] p2a: Aerodactyl\n|faint|p2a: Aerodactyl\n|\n|upkeep\n|\n|t:|1776291757\n|switch|p2b: Basculegion|Basculegion, L50, M|100/100\n|turn|7\n|\n|t:|1776291763\n|move|p2b: Basculegion|Last Respects|p1b: Po\n|-resisted|p1b: Po|1\n|-damage|p1b: Po|0 fnt\n|faint|p1b: Po\n|move|p1a: KingToad|Giga Drain|p2b: Basculegion\n|-supereffective|p2b: Basculegion|1\n|-damage|p2b: Basculegion|12/100\n|-heal|p1a: KingToad|95/100|[from] drain|[of] p2b: Basculegion\n|\n|upkeep\n|\n|t:|1776291766\n|switch|p1b: FluffPuff|Whimsicott, L50, F, shiny|100/100\n|turn|8\n|\n|t:|1776291772\n|move|p1a: KingToad|Protect|p1a: KingToad\n|-singleturn|p1a: KingToad|Protect\n|move|p1b: FluffPuff|Sunny Day|p1b: FluffPuff\n|-weather|SunnyDay\n|move|p2b: Basculegion|Last Respects|p1a: KingToad\n|-activate|p1a: KingToad|move: Protect\n|\n|-weather|SunnyDay|[upkeep]\n|-sideend|p2: ScribbleScribble|move: Tailwind\n|upkeep\n|turn|9\n|\n|t:|1776291780\n|move|p1b: FluffPuff|Helping Hand|p1a: KingToad\n|-singleturn|p1a: KingToad|Helping Hand|[of] p1b: FluffPuff\n|move|p1a: KingToad|Giga Drain|p2b: Basculegion\n|-supereffective|p2b: Basculegion|1\n|-damage|p2b: Basculegion|0 fnt\n|-heal|p1a: KingToad|100/100|[from] drain|[of] p2b: Basculegion\n|faint|p2b: Basculegion\n|\n|win|PlazaRayquaza\n|raw|PlazaRayquaza's rating: 1455 &rarr; <strong>1481</strong><br />(+26 for winning)\n|raw|ScribbleScribble's rating: 1570 &rarr; <strong>1544</strong><br />(-26 for losing)\n|l|\u2606ScribbleScribble\n|player|p2|\n",
  "uploadtime": 1776291784,
  "views": 110,
  "formatid": "gen9championsvgc2026regma",
  "rating": 1481,
  "private": 0,
  "password": null
}