{
  "id": "gen9championsvgc2026regma-2588263613",
  "format": "[Gen 9 Champions] VGC 2026 Reg M-A",
  "players": [
    "Iftagyufjmcy",
    "Asu95"
  ],
  "log": "|j|\u2606Iftagyufjmcy\n|j|\u2606Asu95\n|t:|1776619174\n|gametype|doubles\n|player|p1|Iftagyufjmcy|alder|1000\n|player|p2|Asu95|dragontamer|1078\n|gen|9\n|tier|[Gen 9 Champions] VGC 2026 Reg M-A\n|rated|\n|rule|Species Clause: Limit one of each Pok\u00e9mon\n|rule|Item Clause: Limit 1 of each item\n|clearpoke\n|poke|p1|Gengar, L50, F|\n|poke|p1|Aggron, L50, M|\n|poke|p1|Azumarill, L50, F|\n|poke|p1|Incineroar, L50, M|\n|poke|p1|Kommo-o, L50, F|\n|poke|p1|Sinistcha, L50|\n|poke|p2|Gengar, L50, F, shiny|\n|poke|p2|Whimsicott, L50, F|\n|poke|p2|Incineroar, L50, M|\n|poke|p2|Chandelure, L50, F, shiny|\n|poke|p2|Maushold-Four, L50|\n|poke|p2|Primarina, L50, M|\n|teampreview|4\n|\n|t:|1776619221\n|teamsize|p1|4\n|teamsize|p2|4\n|start\n|switch|p1a: California Soul|Sinistcha, L50|100/100\n|switch|p1b: Incineroar|Incineroar, L50, M|100/100\n|switch|p2a: Chandelure|Chandelure, L50, F, shiny|100/100\n|switch|p2b: Whimsicott|Whimsicott, L50, F|100/100\n|-ability|p1b: Incineroar|Intimidate|boost\n|-unboost|p2a: Chandelure|atk|1\n|-unboost|p2b: Whimsicott|atk|1\n|turn|1\n|\n|t:|1776619242\n|detailschange|p2a: Chandelure|Chandelure-Mega, L50, F, shiny\n|-mega|p2a: Chandelure|Chandelure|Chandelurite\n|move|p2b: Whimsicott|Tailwind|p2b: Whimsicott\n|-sidestart|p2: Asu95|move: Tailwind\n|move|p2a: Chandelure|Shadow Ball|p1a: California Soul\n|-supereffective|p1a: California Soul|1\n|-damage|p1a: California Soul|0 fnt\n|faint|p1a: California Soul\n|move|p1b: Incineroar|Parting Shot|p2a: Chandelure\n|-unboost|p2a: Chandelure|atk|1\n|-unboost|p2a: Chandelure|spa|1\n|\n|t:|1776619252\n|switch|p1b: Azumarill|Azumarill, L50, F|100/100|[from] Parting Shot\n|\n|upkeep\n|\n|t:|1776619254\n|switch|p1a: Incineroar|Incineroar, L50, M|100/100\n|-ability|p1a: Incineroar|Intimidate|boost\n|-unboost|p2a: Chandelure|atk|1\n|-unboost|p2b: Whimsicott|atk|1\n|turn|2\n|\n|t:|1776619269\n|switch|p2a: Primarina|Primarina, L50, M|100/100\n|move|p2b: Whimsicott|Taunt|p1b: Azumarill\n|-start|p1b: Azumarill|move: Taunt\n|move|p1a: Incineroar|Flare Blitz|p2b: Whimsicott\n|-supereffective|p2b: Whimsicott|1\n|-damage|p2b: Whimsicott|17/100\n|-status|p2b: Whimsicott|brn\n|-damage|p1a: Incineroar|78/100|[from] Recoil\n|move|p1b: Azumarill|Knock Off|p2a: Primarina\n|-resisted|p2a: Primarina|1\n|-damage|p2a: Primarina|77/100\n|-enditem|p2a: Primarina|Leftovers|[from] move: Knock Off|[of] p1b: Azumarill\n|\n|-damage|p2b: Whimsicott|11/100 brn|[from] brn\n|upkeep\n|turn|3\n|\n|t:|1776619309\n|move|p2b: Whimsicott|Encore|p1a: Incineroar\n|-hint|Since gen 7, Dark is immune to Prankster moves.\n|-immune|p1a: Incineroar\n|move|p1b: Azumarill|Aqua Jet|p2b: Whimsicott\n|-resisted|p2b: Whimsicott|1\n|-damage|p2b: Whimsicott|0 fnt\n|faint|p2b: Whimsicott\n|move|p2a: Primarina|Hyper Voice|p1b: Azumarill|[spread] p1a,p1b\n|-supereffective|p1a: Incineroar|1\n|-resisted|p1b: Azumarill|1\n|-crit|p1b: Azumarill\n|-damage|p1a: Incineroar|29/100\n|-damage|p1b: Azumarill|73/100\n|move|p1a: Incineroar|Parting Shot|p2a: Primarina\n|-unboost|p2a: Primarina|atk|1\n|-unboost|p2a: Primarina|spa|1\n|\n|t:|1776619318\n|switch|p1a: Gengar|Gengar, L50, F|100/100|[from] Parting Shot\n|\n|upkeep\n|\n|t:|1776619327\n|switch|p2b: Chandelure|Chandelure-Mega, L50, F, shiny|100/100\n|turn|4\n|\n|t:|1776619354\n|move|p1a: Gengar|Protect|p1a: Gengar\n|-singleturn|p1a: Gengar|Protect\n|move|p2b: Chandelure|Shadow Ball|p1a: Gengar\n|-activate|p1a: Gengar|move: Protect\n|move|p2a: Primarina|Hyper Voice|p1b: Azumarill|[spread] p1b\n|-activate|p1a: Gengar|move: Protect\n|-resisted|p1b: Azumarill|1\n|-damage|p1b: Azumarill|61/100\n|move|p1b: Azumarill|Play Rough|p2a: Primarina|[miss]\n|-miss|p1b: Azumarill|p2a: Primarina\n|\n|-end|p1b: Azumarill|move: Taunt\n|-sideend|p2: Asu95|move: Tailwind\n|upkeep\n|turn|5\n|\n|t:|1776619376\n|detailschange|p1a: Gengar|Gengar-Mega, L50, F\n|-mega|p1a: Gengar|Gengar|Gengarite\n|move|p1a: Gengar|Shadow Ball|p2b: Chandelure\n|-supereffective|p2b: Chandelure|1\n|-damage|p2b: Chandelure|0 fnt\n|faint|p2b: Chandelure\n|move|p2a: Primarina|Moonblast|p1b: Azumarill\n|-damage|p1b: Azumarill|27/100\n|-enditem|p1b: Azumarill|Sitrus Berry|[eat]\n|-heal|p1b: Azumarill|51/100|[from] item: Sitrus Berry\n|move|p1b: Azumarill|Play Rough|p2a: Primarina\n|-damage|p2a: Primarina|10/100\n|\n|upkeep\n|\n|t:|1776619390\n|switch|p2b: Incineroar|Incineroar, L50, M|100/100\n|-ability|p2b: Incineroar|Intimidate|boost\n|-unboost|p1a: Gengar|atk|1\n|-unboost|p1b: Azumarill|atk|1\n|turn|6\n|\n|t:|1776619418\n|move|p1b: Azumarill|Aqua Jet|p2a: Primarina\n|-resisted|p2a: Primarina|1\n|-damage|p2a: Primarina|0 fnt\n|faint|p2a: Primarina\n|move|p1a: Gengar|Shadow Ball|p2b: Incineroar\n|-resisted|p2b: Incineroar|1\n|-damage|p2b: Incineroar|81/100\n|move|p2b: Incineroar|Flare Blitz|p1a: Gengar\n|-damage|p1a: Gengar|33/100\n|-damage|p2b: Incineroar|66/100|[from] Recoil\n|\n|upkeep\n|turn|7\n|\n|t:|1776619433\n|move|p1b: Azumarill|Aqua Jet|p2b: Incineroar\n|-supereffective|p2b: Incineroar|1\n|-damage|p2b: Incineroar|37/100\n|-enditem|p2b: Incineroar|Sitrus Berry|[eat]\n|-heal|p2b: Incineroar|61/100|[from] item: Sitrus Berry\n|move|p1a: Gengar|Sludge Bomb|p2b: Incineroar\n|-damage|p2b: Incineroar|18/100\n|-status|p2b: Incineroar|psn\n|move|p2b: Incineroar|Flare Blitz|p1a: Gengar\n|-damage|p1a: Gengar|0 fnt\n|faint|p1a: Gengar\n|-damage|p2b: Incineroar|10/100 psn|[from] Recoil\n|\n|-damage|p2b: Incineroar|0 fnt|[from] psn\n|faint|p2b: Incineroar\n|\n|win|Iftagyufjmcy\n|raw|Iftagyufjmcy's rating: 1000 &rarr; <strong>1049</strong><br />(+49 for winning)\n|raw|Asu95's rating: 1078 &rarr; <strong>1052</strong><br />(-26 for losing)\n",
  "uploadtime": 1776619445,
  "views": 18,
  "formatid": "gen9championsvgc2026regma",
  "rating": 1049,
  "private": 0,
  "password": null
}