{
  "id": "gen9championsvgc2026regma-2583171461",
  "format": "[Gen 9 Champions] VGC 2026 Reg M-A",
  "players": [
    "DavidTIS",
    "Pkmushroom"
  ],
  "log": "|j|\u2606DavidTIS\n|j|\u2606Pkmushroom\n|t:|1776150693\n|gametype|doubles\n|player|p1|DavidTIS|266|1077\n|player|p2|Pkmushroom|norman|1000\n|gen|9\n|tier|[Gen 9 Champions] VGC 2026 Reg M-A\n|rated|\n|rule|Species Clause: Limit one of each Pok\u00e9mon\n|rule|Item Clause: Limit 1 of each item\n|clearpoke\n|poke|p1|Starmie, L50|\n|poke|p1|Lucario, L50, F|\n|poke|p1|Lycanroc-Dusk, L50, M|\n|poke|p1|Hydreigon, L50, M|\n|poke|p1|Slowbro-Galar, L50, M|\n|poke|p1|Charizard, L50, M|\n|poke|p2|Hawlucha, L50, M|\n|poke|p2|Maushold, L50|\n|poke|p2|Wyrdeer, L50, M|\n|poke|p2|Whimsicott, L50, M|\n|poke|p2|Ditto, L50|\n|poke|p2|Manectric, L50, F|\n|teampreview|4\n|\n|t:|1776150722\n|teamsize|p1|4\n|teamsize|p2|4\n|start\n|switch|p1a: Hydreigon|Hydreigon, L50, M|100/100\n|switch|p1b: Slowbro|Slowbro-Galar, L50, M|100/100\n|switch|p2a: Wyrdeer|Wyrdeer, L50, M|100/100\n|switch|p2b: Manectric|Manectric, L50, F|100/100\n|-ability|p2a: Wyrdeer|Intimidate|boost\n|-unboost|p1a: Hydreigon|atk|1\n|-unboost|p1b: Slowbro|atk|1\n|-enditem|p1a: Hydreigon|White Herb\n|-clearnegativeboost|p1a: Hydreigon|[silent]\n|turn|1\n|-activate|p1b: Slowbro|ability: Quick Draw\n|\n|t:|1776150750\n|move|p1b: Slowbro|Shell Side Arm|p2b: Manectric|[anim] Shell Side Arm Special\n|-damage|p2b: Manectric|36/100\n|-hint|Special Shell Side Arm\n|-status|p2b: Manectric|psn\n|move|p2b: Manectric|Volt Switch|p1a: Hydreigon\n|-resisted|p1a: Hydreigon|1\n|-damage|p1a: Hydreigon|81/100\n|\n|t:|1776150764\n|switch|p2b: Hawlucha|Hawlucha, L50, M|100/100|[from] Volt Switch\n|move|p1a: Hydreigon|Tailwind|p1a: Hydreigon\n|-sidestart|p1: DavidTIS|move: Tailwind\n|move|p2a: Wyrdeer|Megahorn|p1a: Hydreigon\n|-supereffective|p1a: Hydreigon|1\n|-damage|p1a: Hydreigon|0 fnt\n|faint|p1a: Hydreigon\n|\n|upkeep\n|\n|t:|1776150776\n|switch|p1a: Starmie|Starmie, L50|100/100\n|turn|2\n|\n|t:|1776150795\n|switch|p1b: Lycanroc|Lycanroc-Dusk, L50, M|100/100\n|detailschange|p1a: Starmie|Starmie-Mega, L50\n|-mega|p1a: Starmie|Starmie|Starminite\n|move|p1a: Starmie|Ice Spinner|p2b: Hawlucha\n|-supereffective|p2b: Hawlucha|1\n|-crit|p2b: Hawlucha\n|-damage|p2b: Hawlucha|0 fnt\n|faint|p2b: Hawlucha\n|move|p2a: Wyrdeer|Megahorn|p1a: Starmie\n|-supereffective|p1a: Starmie|1\n|-damage|p1a: Starmie|0 fnt\n|faint|p1a: Starmie\n|\n|upkeep\n|\n|t:|1776150808\n|switch|p2b: Manectric|Manectric, L50, F|36/100 psn\n|switch|p1a: Slowbro|Slowbro-Galar, L50, M|100/100\n|turn|3\n|\n|t:|1776150823\n|switch|p2a: Whimsicott|Whimsicott, L50, M|100/100\n|detailschange|p2b: Manectric|Manectric-Mega, L50, F\n|-mega|p2b: Manectric|Manectric|Manectite\n|-ability|p2b: Manectric|Intimidate|boost\n|-unboost|p1a: Slowbro|atk|1\n|-unboost|p1b: Lycanroc|atk|1\n|move|p1b: Lycanroc|Rock Slide|p2b: Manectric|[spread] p2a,p2b\n|-damage|p2a: Whimsicott|78/100\n|-damage|p2b: Manectric|5/100 psn\n|move|p2b: Manectric|Volt Switch|p1a: Slowbro\n|-damage|p1a: Slowbro|58/100\n|\n|t:|1776150835\n|switch|p2b: Wyrdeer|Wyrdeer, L50, M|100/100|[from] Volt Switch\n|-ability|p2b: Wyrdeer|Intimidate|boost\n|-unboost|p1a: Slowbro|atk|1\n|-unboost|p1b: Lycanroc|atk|1\n|move|p1a: Slowbro|Shell Side Arm|p2a: Whimsicott|[anim] Shell Side Arm Special\n|-supereffective|p2a: Whimsicott|2\n|-damage|p2a: Whimsicott|0 fnt\n|-hint|Special Shell Side Arm\n|faint|p2a: Whimsicott\n|\n|-heal|p1a: Slowbro|64/100|[from] item: Leftovers\n|upkeep\n|\n|t:|1776150848\n|switch|p2a: Manectric|Manectric-Mega, L50, F|5/100 psn\n|-ability|p2a: Manectric|Intimidate|boost\n|-unboost|p1a: Slowbro|atk|1\n|-unboost|p1b: Lycanroc|atk|1\n|turn|4\n|\n|t:|1776150864\n|move|p1a: Slowbro|Protect|p1a: Slowbro\n|-singleturn|p1a: Slowbro|Protect\n|move|p1b: Lycanroc|Accelerock|p2a: Manectric\n|-damage|p2a: Manectric|0 fnt\n|faint|p2a: Manectric\n|move|p2b: Wyrdeer|High Horsepower|p1a: Slowbro\n|-activate|p1a: Slowbro|move: Protect\n|\n|-heal|p1a: Slowbro|70/100|[from] item: Leftovers\n|-sideend|p1: DavidTIS|move: Tailwind\n|upkeep\n|turn|5\n|\n|t:|1776150883\n|move|p1b: Lycanroc|Crunch|p2b: Wyrdeer\n|-supereffective|p2b: Wyrdeer|1\n|-damage|p2b: Wyrdeer|70/100\n|move|p2b: Wyrdeer|High Horsepower|p1a: Slowbro|[miss]\n|-miss|p2b: Wyrdeer|p1a: Slowbro\n|move|p1a: Slowbro|Shell Side Arm|p2b: Wyrdeer|[anim] Shell Side Arm Special\n|-damage|p2b: Wyrdeer|32/100\n|-hint|Special Shell Side Arm\n|\n|-heal|p1a: Slowbro|76/100|[from] item: Leftovers\n|upkeep\n|turn|6\n|\n|t:|1776150898\n|move|p1b: Lycanroc|Crunch|p2b: Wyrdeer\n|-supereffective|p2b: Wyrdeer|1\n|-damage|p2b: Wyrdeer|2/100\n|-unboost|p2b: Wyrdeer|def|1\n|move|p2b: Wyrdeer|High Horsepower|p1b: Lycanroc\n|-supereffective|p1b: Lycanroc|1\n|-enditem|p1b: Lycanroc|Focus Sash\n|-damage|p1b: Lycanroc|1/100\n|move|p1a: Slowbro|Shell Side Arm|p2b: Wyrdeer|[anim] Shell Side Arm Special\n|-damage|p2b: Wyrdeer|0 fnt\n|-hint|Special Shell Side Arm\n|faint|p2b: Wyrdeer\n|\n|win|DavidTIS\n|raw|DavidTIS's rating: 1077 &rarr; <strong>1099</strong><br />(+22 for winning)\n|raw|Pkmushroom's rating: 1000 &rarr; <strong>1000</strong><br />(+0 for losing)\n",
  "uploadtime": 1776150906,
  "views": 30,
  "formatid": "gen9championsvgc2026regma",
  "rating": 1000,
  "private": 0,
  "password": null
}