{
  "id": "gen9championsvgc2026regma-2588200263",
  "format": "[Gen 9 Champions] VGC 2026 Reg M-A",
  "players": [
    "soapeggs",
    "Mikitrash"
  ],
  "log": "|j|\u2606soapeggs\n|j|\u2606Mikitrash\n|t:|1776613814\n|gametype|doubles\n|player|p1|soapeggs|265|1332\n|player|p2|Mikitrash|tourist|1361\n|gen|9\n|tier|[Gen 9 Champions] VGC 2026 Reg M-A\n|rated|\n|rule|Species Clause: Limit one of each Pok\u00e9mon\n|rule|Item Clause: Limit 1 of each item\n|clearpoke\n|poke|p1|Aggron, L50, M|\n|poke|p1|Politoed, L50, F|\n|poke|p1|Ninetales-Alola, L50, M|\n|poke|p1|Vivillon, L50, F|\n|poke|p1|Sinistcha, L50|\n|poke|p1|Aerodactyl, L50, F|\n|poke|p2|Chandelure, L50, F, shiny|\n|poke|p2|Hydreigon, L50, F|\n|poke|p2|Whimsicott, L50, F|\n|poke|p2|Primarina, L50, F|\n|poke|p2|Tsareena, L50, F|\n|poke|p2|Excadrill, L50, M, shiny|\n|teampreview|4\nsoapeggs has agreed to open team sheets.\nMikitrash has agreed to open team sheets.\n|showteam|p1|Aggron||Aggronite|HeavyMetal|HeavySlam,BodyPress,IronDefense,Protect|||M|||50|]Politoed||Leftovers|WaterAbsorb|PerishSong,RainDance,MuddyWater,Protect|||F|||50|]Ninetales-Alola||MentalHerb|SnowWarning|AuroraVeil,Blizzard,Moonblast,Protect|||M|||50|]Vivillon||FocusSash|FriendGuard|PollenPuff,SleepPowder,RagePowder,Protect|||F|||50|]Sinistcha||ColburBerry|Hospitality|MatchaGotcha,RagePowder,LifeDew,TrickRoom||||||50|]Aerodactyl||HardStone|Unnerve|WideGuard,RockSlide,PsychicFangs,Taunt|||F|||50|\n|showteam|p2|Chandelure||Chandelurite|FlashFire|HeatWave,Overheat,Protect,ShadowBall|||F|||50|]Hydreigon||SitrusBerry|Levitate|Tailwind,Snarl,DracoMeteor,BreakingSwipe|||F|||50|]Whimsicott||FocusSash|Prankster|FakeTears,Moonblast,Tailwind,Taunt|||F|||50|]Primarina||MysticWater|LiquidVoice|HyperVoice,Moonblast,HydroPump,Protect|||F|||50|]Tsareena||YacheBerry|QueenlyMajesty|HighJumpKick,TropKick,Uturn,TripleAxel|||F|||50|]Excadrill||ChoiceScarf|MoldBreaker|Earthquake,RockSlide,IronHead,HighHorsepower|||M|||50|\n|\n|t:|1776613926\n|teamsize|p1|4\n|teamsize|p2|4\n|start\n|switch|p1a: Ninetales|Ninetales-Alola, L50, M|100/100\n|switch|p1b: Aerodactyl|Aerodactyl, L50, F|100/100\n|switch|p2a: Hydreigon|Hydreigon, L50, F|100/100\n|switch|p2b: Whimsicott|Whimsicott, L50, F|100/100\n|-ability|p1b: Aerodactyl|Unnerve\n|-weather|Snowscape|[from] ability: Snow Warning|[of] p1a: Ninetales\n|turn|1\n|\n|t:|1776613948\n|move|p2b: Whimsicott|Taunt|p1b: Aerodactyl\n|-start|p1b: Aerodactyl|move: Taunt\n|cant|p1b: Aerodactyl|move: Taunt|Taunt\n|move|p1a: Ninetales|Aurora Veil|p1a: Ninetales\n|-sidestart|p1: soapeggs|move: Aurora Veil\n|move|p2a: Hydreigon|Draco Meteor|p1b: Aerodactyl\n|-damage|p1b: Aerodactyl|48/100\n|-unboost|p2a: Hydreigon|spa|2\n|\n|-weather|Snowscape|[upkeep]\n|upkeep\n|turn|2\n|\n|t:|1776613960\n|move|p2b: Whimsicott|Tailwind|p2b: Whimsicott\n|-sidestart|p2: Mikitrash|move: Tailwind\n|move|p2a: Hydreigon|Snarl|p1b: Aerodactyl|[spread] p1a,p1b\n|-resisted|p1a: Ninetales|1\n|-damage|p1a: Ninetales|97/100\n|-damage|p1b: Aerodactyl|39/100\n|-unboost|p1a: Ninetales|spa|1\n|-unboost|p1b: Aerodactyl|spa|1\n|move|p1b: Aerodactyl|Rock Slide|p2b: Whimsicott|[spread] p2a,p2b\n|-damage|p2a: Hydreigon|70/100\n|-damage|p2b: Whimsicott|66/100\n|move|p1a: Ninetales|Blizzard|p2b: Whimsicott|[spread] p2a,p2b\n|-supereffective|p2a: Hydreigon|1\n|-supereffective|p2b: Whimsicott|1\n|-damage|p2a: Hydreigon|31/100\n|-damage|p2b: Whimsicott|7/100\n|\n|-weather|Snowscape|[upkeep]\n|upkeep\n|turn|3\n|\n|t:|1776613982\n|switch|p2b: Primarina|Primarina, L50, F|100/100\n|switch|p1b: Aggron|Aggron, L50, M|100/100\n|-enditem|p2a: Hydreigon|Sitrus Berry|[eat]\n|-heal|p2a: Hydreigon|56/100|[from] item: Sitrus Berry\n|move|p2a: Hydreigon|Draco Meteor|p1b: Aggron\n|-resisted|p1b: Aggron|1\n|-damage|p1b: Aggron|91/100\n|-unboost|p2a: Hydreigon|spa|2\n|move|p1a: Ninetales|Blizzard|p2a: Hydreigon|[spread] p2a,p2b\n|-supereffective|p2a: Hydreigon|1\n|-resisted|p2b: Primarina|1\n|-damage|p2a: Hydreigon|14/100\n|-damage|p2b: Primarina|90/100\n|\n|-weather|Snowscape|[upkeep]\n|upkeep\n|turn|4\n|\n|t:|1776614027\n|switch|p2a: Chandelure|Chandelure, L50, F, shiny|100/100\n|switch|p1a: Sinistcha|Sinistcha, L50|100/100\n|-heal|p1b: Aggron|100/100|[from] ability: Hospitality|[of] p1a: Sinistcha\n|detailschange|p1b: Aggron|Aggron-Mega, L50, M\n|-mega|p1b: Aggron|Aggron|Aggronite\n|move|p2b: Primarina|Hydro Pump|p1b: Aggron\n|-damage|p1b: Aggron|62/100\n|move|p1b: Aggron|Heavy Slam|p2b: Primarina\n|-damage|p2b: Primarina|17/100\n|\n|-weather|Snowscape|[upkeep]\n|upkeep\n|turn|5\n|\n|t:|1776614047\n|detailschange|p2a: Chandelure|Chandelure-Mega, L50, F, shiny\n|-mega|p2a: Chandelure|Chandelure|Chandelurite\n|move|p1b: Aggron|Protect|p1b: Aggron\n|-singleturn|p1b: Aggron|Protect\n|move|p2a: Chandelure|Heat Wave|p1b: Aggron|[spread] p1a\n|-activate|p1b: Aggron|move: Protect\n|-supereffective|p1a: Sinistcha|1\n|-damage|p1a: Sinistcha|0 fnt\n|faint|p1a: Sinistcha\n|move|p2b: Primarina|Hyper Voice|p1b: Aggron\n|-activate|p1b: Aggron|move: Protect\n|\n|-weather|none\n|-sideend|p2: Mikitrash|move: Tailwind\n|-sideend|p1: soapeggs|move: Aurora Veil\n|upkeep\n|\n|t:|1776614058\n|switch|p1a: Aerodactyl|Aerodactyl, L50, F|39/100\n|-ability|p1a: Aerodactyl|Unnerve\n|turn|6\n|\n|t:|1776614066\n|move|p2a: Chandelure|Protect|p2a: Chandelure\n|-singleturn|p2a: Chandelure|Protect\n|move|p1a: Aerodactyl|Rock Slide|p2a: Chandelure|[spread] p2b\n|-activate|p2a: Chandelure|move: Protect\n|-damage|p2b: Primarina|0 fnt\n|faint|p2b: Primarina\n|move|p1b: Aggron|Iron Defense|p1b: Aggron\n|-boost|p1b: Aggron|def|2\n|\n|upkeep\n|\n|t:|1776614080\n|switch|p2b: Whimsicott|Whimsicott, L50, F|7/100\n|turn|7\n|\n|t:|1776614097\n|move|p1b: Aggron|Protect|p1b: Aggron\n|-singleturn|p1b: Aggron|Protect\n|move|p2b: Whimsicott|Tailwind|p2b: Whimsicott\n|-sidestart|p2: Mikitrash|move: Tailwind\n|move|p2a: Chandelure|Heat Wave|p1a: Aerodactyl|[spread] p1a\n|-activate|p1b: Aggron|move: Protect\n|-resisted|p1a: Aerodactyl|1\n|-damage|p1a: Aerodactyl|1/100\n|move|p1a: Aerodactyl|Rock Slide|p2b: Whimsicott|[spread] p2a,p2b\n|-supereffective|p2a: Chandelure|1\n|-damage|p2a: Chandelure|25/100\n|-damage|p2b: Whimsicott|0 fnt\n|faint|p2b: Whimsicott\n|\n|upkeep\n|\n|t:|1776614118\n|switch|p2b: Hydreigon|Hydreigon, L50, F|14/100\n|turn|8\n|\n|t:|1776614124\n|move|p1a: Aerodactyl|Wide Guard|p1a: Aerodactyl\n|-singleturn|p1a: Aerodactyl|Wide Guard\n|move|p2b: Hydreigon|Snarl|p1a: Aerodactyl|[spread] \n|-activate|p1a: Aerodactyl|move: Wide Guard\n|-activate|p1b: Aggron|move: Wide Guard\n|move|p2a: Chandelure|Heat Wave|p1a: Aerodactyl|[spread] \n|-activate|p1a: Aerodactyl|move: Wide Guard\n|-activate|p1b: Aggron|move: Wide Guard\n|move|p1b: Aggron|Body Press|p2b: Hydreigon\n|-supereffective|p2b: Hydreigon|1\n|-damage|p2b: Hydreigon|0 fnt\n|faint|p2b: Hydreigon\n|\n|upkeep\n|turn|9\n|\n|t:|1776614139\n|move|p2a: Chandelure|Shadow Ball|p1a: Aerodactyl\n|-damage|p1a: Aerodactyl|0 fnt\n|faint|p1a: Aerodactyl\n|move|p1b: Aggron|Heavy Slam|p2a: Chandelure\n|-resisted|p2a: Chandelure|1\n|-damage|p2a: Chandelure|0 fnt\n|faint|p2a: Chandelure\n|\n|win|soapeggs\n|raw|soapeggs's rating: 1332 &rarr; <strong>1354</strong><br />(+22 for winning)\n|raw|Mikitrash's rating: 1361 &rarr; <strong>1339</strong><br />(-22 for losing)\n",
  "uploadtime": 1776614147,
  "views": 12,
  "formatid": "gen9championsvgc2026regma",
  "rating": 1339,
  "private": 0,
  "password": null
}