{
  "id": "gen9championsvgc2026regma-2585373221",
  "format": "[Gen 9 Champions] VGC 2026 Reg M-A",
  "players": [
    "Ibhaansfuckassteam",
    "dragonlift"
  ],
  "log": "|j|\u2606Ibhaansfuckassteam\n|j|\u2606dragonlift\n|t:|1776342339\n|gametype|doubles\n|player|p1|Ibhaansfuckassteam|ghetsis-gen5bw|1029\n|player|p2|dragonlift|1|1114\n|gen|9\n|tier|[Gen 9 Champions] VGC 2026 Reg M-A\n|rated|\n|rule|Species Clause: Limit one of each Pok\u00e9mon\n|rule|Item Clause: Limit 1 of each item\n|clearpoke\n|poke|p1|Sylveon, L50, M|\n|poke|p1|Froslass, L50, F|\n|poke|p1|Archaludon, L50, F|\n|poke|p1|Aerodactyl, L50, M|\n|poke|p1|Typhlosion-Hisui, L50, M|\n|poke|p1|Hawlucha, L50, F|\n|poke|p2|Dragonite, L50, M|\n|poke|p2|Pelipper, L50, M|\n|poke|p2|Froslass, L50, F|\n|poke|p2|Rotom-Frost, L50|\n|poke|p2|Incineroar, L50, M|\n|poke|p2|Sinistcha-Masterpiece, L50|\n|teampreview|4\n|\n|t:|1776342369\n|teamsize|p1|4\n|teamsize|p2|4\n|start\n|switch|p1a: Aerodactyl|Aerodactyl, L50, M|100/100\n|switch|p1b: Typhlosion|Typhlosion-Hisui, L50, M|100/100\n|switch|p2a: Froslass|Froslass, L50, F|100/100\n|switch|p2b: Incineroar|Incineroar, L50, M|100/100\n|-ability|p1a: Aerodactyl|Unnerve\n|-item|p2a: Froslass|Froslassite|[from] ability: Frisk|[of] p1b: Typhlosion\n|-item|p2b: Incineroar|Leftovers|[from] ability: Frisk|[of] p1b: Typhlosion\n|-ability|p2b: Incineroar|Intimidate|boost\n|-unboost|p1a: Aerodactyl|atk|1\n|-unboost|p1b: Typhlosion|atk|1\n|turn|1\n|\n|t:|1776342394\n|detailschange|p2a: Froslass|Froslass-Mega, L50, F\n|-mega|p2a: Froslass|Froslass|Froslassite\n|-weather|Snowscape|[from] ability: Snow Warning|[of] p2a: Froslass\n|move|p2b: Incineroar|Fake Out|p1a: Aerodactyl\n|-resisted|p1a: Aerodactyl|1\n|-damage|p1a: Aerodactyl|90/100\n|move|p1b: Typhlosion|Shadow Ball|p2a: Froslass\n|-supereffective|p2a: Froslass|1\n|-damage|p2a: Froslass|0 fnt\n|faint|p2a: Froslass\n|cant|p1a: Aerodactyl|flinch\n|\n|-weather|Snowscape|[upkeep]\n|upkeep\n|\n|t:|1776342408\n|switch|p2a: Rotom|Rotom-Frost, L50|100/100\n|turn|2\n|\n|t:|1776342416\n|switch|p1b: Sylveon|Sylveon, L50, M|100/100\n|move|p1a: Aerodactyl|Rock Slide|p2b: Incineroar|[spread] p2a,p2b\n|-supereffective|p2a: Rotom|1\n|-supereffective|p2b: Incineroar|1\n|-damage|p2a: Rotom|72/100\n|-damage|p2b: Incineroar|68/100\n|cant|p2a: Rotom|flinch\n|move|p2b: Incineroar|Darkest Lariat|p1b: Sylveon\n|-resisted|p1b: Sylveon|1\n|-damage|p1b: Sylveon|74/100\n|\n|-weather|Snowscape|[upkeep]\n|-heal|p2b: Incineroar|74/100|[from] item: Leftovers\n|upkeep\n|turn|3\n|\n|t:|1776342434\n|move|p1a: Aerodactyl|Tailwind|p1a: Aerodactyl\n|-sidestart|p1: Ibhaansfuckassteam|move: Tailwind\n|move|p1b: Sylveon|Hyper Voice|p2b: Incineroar|[spread] p2a,p2b\n|-damage|p2a: Rotom|10/100\n|-damage|p2b: Incineroar|26/100\n|move|p2a: Rotom|Thunderbolt|p1a: Aerodactyl\n|-supereffective|p1a: Aerodactyl|1\n|-damage|p1a: Aerodactyl|0 fnt\n|faint|p1a: Aerodactyl\n|move|p2b: Incineroar|Flare Blitz|p1b: Sylveon\n|-damage|p1b: Sylveon|0 fnt\n|faint|p1b: Sylveon\n|-damage|p2b: Incineroar|2/100|[from] Recoil\n|\n|-weather|Snowscape|[upkeep]\n|-heal|p2b: Incineroar|8/100|[from] item: Leftovers\n|upkeep\n|\n|t:|1776342449\n|switch|p1a: Hawlucha|Hawlucha, L50, F|100/100\n|switch|p1b: Typhlosion|Typhlosion-Hisui, L50, M|100/100\n|-item|p2a: Rotom|Never-Melt Ice|[from] ability: Frisk|[of] p1b: Typhlosion\n|-item|p2b: Incineroar|Leftovers|[from] ability: Frisk|[of] p1b: Typhlosion\n|turn|4\n|\n|t:|1776342468\n|switch|p2b: Sinistcha|Sinistcha-Masterpiece, L50|100/100\n|-heal|p2a: Rotom|34/100|[from] ability: Hospitality|[of] p2b: Sinistcha\n|detailschange|p1a: Hawlucha|Hawlucha-Mega, L50, F\n|-mega|p1a: Hawlucha|Hawlucha|Hawluchanite\n|move|p2a: Rotom|Protect|p2a: Rotom\n|-singleturn|p2a: Rotom|Protect\n|move|p1b: Typhlosion|Eruption|p2b: Sinistcha|[spread] p2b\n|-activate|p2a: Rotom|move: Protect\n|-supereffective|p2b: Sinistcha|1\n|-enditem|p2b: Sinistcha|Focus Sash\n|-damage|p2b: Sinistcha|1/100\n|move|p1a: Hawlucha|Cross Chop|p2a: Rotom\n|-activate|p2a: Rotom|move: Protect\n|\n|-weather|Snowscape|[upkeep]\n|upkeep\n|turn|5\n|\n|t:|1776342490\n|move|p2b: Sinistcha|Rage Powder|p2b: Sinistcha\n|-singleturn|p2b: Sinistcha|move: Rage Powder\n|move|p1b: Typhlosion|Eruption|p2a: Rotom|[spread] p2a,p2b\n|-supereffective|p2a: Rotom|1\n|-supereffective|p2b: Sinistcha|1\n|-damage|p2a: Rotom|0 fnt\n|-damage|p2b: Sinistcha|0 fnt\n|faint|p2a: Rotom\n|faint|p2b: Sinistcha\n|move|p1a: Hawlucha|Swords Dance|p1a: Hawlucha\n|-boost|p1a: Hawlucha|atk|2\n|\n|-weather|none\n|upkeep\n|-message|dragonlift forfeited.\n|\n|win|Ibhaansfuckassteam\n|raw|Ibhaansfuckassteam's rating: 1029 &rarr; <strong>1073</strong><br />(+44 for winning)\n|raw|dragonlift's rating: 1114 &rarr; <strong>1083</strong><br />(-31 for losing)\n|l|\u2606dragonlift\n|player|p2|\n",
  "uploadtime": 1776342497,
  "views": 27,
  "formatid": "gen9championsvgc2026regma",
  "rating": 1073,
  "private": 0,
  "password": null
}