{
  "id": "gen9championsvgc2026regma-2580930438",
  "format": "[Gen 9 Champions] VGC 2026 Reg M-A",
  "players": [
    "kingbriddz",
    "DrakeND1725"
  ],
  "log": "|j|\u2606kingbriddz\n|j|\u2606DrakeND1725\n|t:|1775944285\n|gametype|doubles\n|player|p1|kingbriddz|265|1040\n|player|p2|DrakeND1725|169|1074\n|gen|9\n|tier|[Gen 9 Champions] VGC 2026 Reg M-A\n|rated|\n|rule|Species Clause: Limit one of each Pok\u00e9mon\n|rule|Item Clause: Limit 1 of each item\n|clearpoke\n|poke|p1|Hawlucha, L50, M|\n|poke|p1|Snorlax, L50, M|\n|poke|p1|Sinistcha-Masterpiece, L50|\n|poke|p1|Rotom-Wash, L50|\n|poke|p1|Incineroar, L50, F|\n|poke|p1|Aerodactyl, L50, M|\n|poke|p2|Glimmora, L50, F|\n|poke|p2|Scizor, L50, M|\n|poke|p2|Rotom-Wash, L50|\n|poke|p2|Gardevoir, L50, F|\n|poke|p2|Garchomp, L50, F|\n|poke|p2|Aegislash, L50, F|\n|teampreview|4\n|l|\u2606kingbriddz\n|player|p1|\n|\n|t:|1775944333\n|teamsize|p1|4\n|teamsize|p2|4\n|start\n|switch|p1a: Hawlucha|Hawlucha, L50, M|100/100\n|switch|p1b: Snorlax|Snorlax, L50, M, shiny|100/100\n|switch|p2a: Glimmora|Glimmora, L50, F|100/100\n|switch|p2b: Gardevoir|Gardevoir, L50, F|100/100\n|-ability|p1a: Hawlucha|Mold Breaker\n|turn|1\n|j|\u2606kingbriddz\n|player|p1|kingbriddz|265|\n|\n|t:|1775944359\n|detailschange|p1a: Hawlucha|Hawlucha-Mega, L50, M\n|-mega|p1a: Hawlucha|Hawlucha|Hawluchanite\n|detailschange|p2a: Glimmora|Glimmora-Mega, L50, F\n|-mega|p2a: Glimmora|Glimmora|Glimmoranite\n|move|p2b: Gardevoir|Icy Wind|p1a: Hawlucha|[spread] p1a,p1b\n|-supereffective|p1a: Hawlucha|1\n|-damage|p1a: Hawlucha|74/100\n|-damage|p1b: Snorlax|97/100\n|-unboost|p1a: Hawlucha|spe|1\n|-unboost|p1b: Snorlax|spe|1\n|move|p2a: Glimmora|Sludge Wave|p1a: Hawlucha|[spread] p1a,p1b\n|-activate|p2b: Gardevoir|ability: Telepathy\n|-damage|p1a: Hawlucha|19/100\n|-damage|p1b: Snorlax|64/100\n|move|p1a: Hawlucha|Entrainment|p1b: Snorlax\n|-ability|p1b: Snorlax|No Guard|Thick Fat|[from] move: Entrainment|[of] p1a: Hawlucha\n|move|p1b: Snorlax|Fissure|p2a: Glimmora\n|-damage|p2a: Glimmora|0 fnt\n|faint|p2a: Glimmora\n|-ohko\n|\n|-heal|p1b: Snorlax|70/100|[from] item: Leftovers\n|upkeep\n|\n|t:|1775944387\n|switch|p2a: Garchomp|Garchomp, L50, F|100/100\n|turn|2\n|\n|t:|1775944399\n|switch|p1a: Sinistcha|Sinistcha-Masterpiece, L50|100/100\n|-heal|p1b: Snorlax|95/100|[from] ability: Hospitality|[of] p1a: Sinistcha\n|move|p2b: Gardevoir|Icy Wind|p1a: Sinistcha|[spread] p1a,p1b\n|-supereffective|p1a: Sinistcha|1\n|-damage|p1a: Sinistcha|71/100\n|-damage|p1b: Snorlax|87/100\n|-unboost|p1a: Sinistcha|spe|1\n|-unboost|p1b: Snorlax|spe|1\n|move|p2a: Garchomp|Earthquake|p1b: Snorlax|[spread] p1a,p1b\n|-activate|p2b: Gardevoir|ability: Telepathy\n|-resisted|p1a: Sinistcha|1\n|-damage|p1a: Sinistcha|56/100\n|-damage|p1b: Snorlax|62/100\n|move|p1b: Snorlax|Fissure|p2a: Garchomp\n|-enditem|p2a: Garchomp|Focus Sash\n|-damage|p2a: Garchomp|1/100\n|\n|-heal|p1b: Snorlax|68/100|[from] item: Leftovers\n|upkeep\n|turn|3\n|\n|t:|1775944426\n|switch|p2b: Aegislash|Aegislash, L50, F|100/100\n|switch|p1a: Incineroar|Incineroar, L50, F|100/100\n|-ability|p1a: Incineroar|Intimidate|boost\n|-unboost|p2a: Garchomp|atk|1\n|-unboost|p2b: Aegislash|atk|1\n|move|p1b: Snorlax|Protect|p1b: Snorlax\n|-singleturn|p1b: Snorlax|Protect\n|move|p2a: Garchomp|Earthquake|p1a: Incineroar|[spread] p2b,p1a\n|-activate|p1b: Snorlax|move: Protect\n|-supereffective|p2b: Aegislash|1\n|-supereffective|p1a: Incineroar|1\n|-damage|p2b: Aegislash|61/100\n|-damage|p1a: Incineroar|52/100\n|\n|-heal|p1b: Snorlax|73/100|[from] item: Leftovers\n|upkeep\n|turn|4\n|\n|t:|1775944452\n|move|p1a: Incineroar|Fake Out|p2a: Garchomp\n|-damage|p2a: Garchomp|0 fnt\n|-damage|p1a: Incineroar|40/100|[from] ability: Rough Skin|[of] p2a: Garchomp\n|-enditem|p1a: Incineroar|Sitrus Berry|[eat]\n|-heal|p1a: Incineroar|65/100|[from] item: Sitrus Berry\n|faint|p2a: Garchomp\n|-formechange|p2b: Aegislash|Aegislash-Blade|\n|move|p2b: Aegislash|Sacred Sword|p1b: Snorlax\n|-supereffective|p1b: Snorlax|1\n|-damage|p1b: Snorlax|42/100\n|move|p1b: Snorlax|Fissure|p2b: Aegislash\n|-damage|p2b: Aegislash|0 fnt\n|faint|p2b: Aegislash\n|-ohko\n|\n|-heal|p1b: Snorlax|48/100|[from] item: Leftovers\n|upkeep\n|\n|t:|1775944465\n|switch|p2a: Gardevoir|Gardevoir, L50, F|100/100\n|turn|5\n|\n|t:|1775944486\n|switch|p1a: Sinistcha|Sinistcha-Masterpiece, L50|56/100\n|-heal|p1b: Snorlax|73/100|[from] ability: Hospitality|[of] p1a: Sinistcha\n|move|p2a: Gardevoir|Dazzling Gleam|p1a: Sinistcha|[spread] p1a,p1b\n|-damage|p1a: Sinistcha|23/100\n|-damage|p1b: Snorlax|54/100\n|move|p1b: Snorlax|Fissure|p2a: Gardevoir\n|-damage|p2a: Gardevoir|0 fnt\n|faint|p2a: Gardevoir\n|-ohko\n|\n|win|kingbriddz\n|raw|kingbriddz's rating: 1040 &rarr; <strong>1077</strong><br />(+37 for winning)\n|raw|DrakeND1725's rating: 1074 &rarr; <strong>1051</strong><br />(-23 for losing)\n|c|\u2606kingbriddz|Gg\n|l|\u2606DrakeND1725\n|player|p2|\n",
  "uploadtime": 1775944506,
  "views": 11,
  "formatid": "gen9championsvgc2026regma",
  "rating": 1051,
  "private": 0,
  "password": null
}