{
  "id": "gen9championsvgc2026regma-2588318868",
  "format": "[Gen 9 Champions] VGC 2026 Reg M-A",
  "players": [
    "Disfrazdetigre",
    "Evapotranspiracion"
  ],
  "log": "|j|\u2606Disfrazdetigre\n|j|\u2606Evapotranspiracion\n|t:|1776623718\n|gametype|doubles\n|player|p1|Disfrazdetigre|102|1480\n|player|p2|Evapotranspiracion|zinzolin|1489\n|gen|9\n|tier|[Gen 9 Champions] VGC 2026 Reg M-A\n|rated|\n|rule|Species Clause: Limit one of each Pok\u00e9mon\n|rule|Item Clause: Limit 1 of each item\n|clearpoke\n|poke|p1|Scizor, L50, M|\n|poke|p1|Milotic, L50, F|\n|poke|p1|Medicham, L50, F|\n|poke|p1|Arcanine-Hisui, L50, F|\n|poke|p1|Sableye, L50, F|\n|poke|p1|Hydreigon, L50, F|\n|poke|p2|Tyranitar, L50, M, shiny|\n|poke|p2|Gyarados, L50, F, shiny|\n|poke|p2|Sinistcha, L50|\n|poke|p2|Rotom-Heat, L50|\n|poke|p2|Excadrill, L50, F|\n|poke|p2|Corviknight, L50, M|\n|teampreview|4\n|inactive|Battle timer is ON: inactive players will automatically lose when time's up. (requested by Disfrazdetigre)\n|\n|t:|1776623756\n|teamsize|p1|4\n|teamsize|p2|4\n|start\n|switch|p1a: Ashera|Medicham, L50, F|100/100\n|switch|p1b: Leanne|Milotic, L50, F|100/100\n|switch|p2a: Rotom|Rotom-Heat, L50|100/100\n|switch|p2b: Gyarados|Gyarados, L50, F, shiny|100/100\n|-ability|p2b: Gyarados|Intimidate|boost\n|-unboost|p1a: Ashera|atk|1\n|-unboost|p1b: Leanne|atk|1\n|-ability|p1b: Leanne|Competitive|boost\n|-boost|p1b: Leanne|spa|2\n|turn|1\n|\n|t:|1776623778\n|detailschange|p1a: Ashera|Medicham-Mega, L50, F\n|-mega|p1a: Ashera|Medicham|Medichamite\n|move|p1a: Ashera|Fake Out|p2a: Rotom\n|-damage|p2a: Rotom|78/100\n|cant|p2a: Rotom|flinch\n|move|p1b: Leanne|Scald|p2a: Rotom\n|-supereffective|p2a: Rotom|1\n|-damage|p2a: Rotom|0 fnt\n|faint|p2a: Rotom\n|move|p2b: Gyarados|Thunder Wave|p1b: Leanne|[miss]\n|-miss|p2b: Gyarados|p1b: Leanne\n|\n|upkeep\n|\n|t:|1776623793\n|switch|p2a: Sinistcha|Sinistcha, L50|100/100\n|turn|2\n|\n|t:|1776623801\n|move|p2b: Gyarados|Helping Hand|p2a: Sinistcha\n|-singleturn|p2a: Sinistcha|Helping Hand|[of] p2b: Gyarados\n|move|p1b: Leanne|Protect|p1b: Leanne\n|-singleturn|p1b: Leanne|Protect\n|move|p1a: Ashera|Taunt|p2a: Sinistcha\n|-start|p2a: Sinistcha|move: Taunt\n|move|p2a: Sinistcha|Matcha Gotcha|p1a: Ashera|[spread] p1a\n|-activate|p1b: Leanne|move: Protect\n|-damage|p1a: Ashera|40/100\n|\n|upkeep\n|turn|3\n|\n|t:|1776623821\n|move|p1a: Ashera|Taunt|p2b: Gyarados\n|-start|p2b: Gyarados|move: Taunt\n|move|p1b: Leanne|Ice Beam|p2a: Sinistcha\n|-supereffective|p2a: Sinistcha|1\n|-damage|p2a: Sinistcha|13/100\n|-status|p2a: Sinistcha|frz\n|-enditem|p2a: Sinistcha|Sitrus Berry|[eat]\n|-heal|p2a: Sinistcha|38/100 frz|[from] item: Sitrus Berry\n|move|p2b: Gyarados|Waterfall|p1a: Ashera\n|-damage|p1a: Ashera|0 fnt\n|faint|p1a: Ashera\n|-curestatus|p2a: Sinistcha|frz|[from] move: Matcha Gotcha\n|move|p2a: Sinistcha|Matcha Gotcha|p1b: Leanne\n|-supereffective|p1b: Leanne|1\n|-damage|p1b: Leanne|49/100\n|-heal|p2a: Sinistcha|67/100|[from] drain|[of] p1b: Leanne\n|-status|p1b: Leanne|brn\n|-enditem|p1b: Leanne|Sitrus Berry|[eat]\n|-heal|p1b: Leanne|74/100 brn|[from] item: Sitrus Berry\n|\n|-damage|p1b: Leanne|68/100 brn|[from] brn\n|upkeep\n|\n|t:|1776623835\n|switch|p1a: Skrimir|Arcanine-Hisui, L50, F|100/100\n|turn|4\n|\n|t:|1776623854\n|switch|p2a: Tyranitar|Tyranitar, L50, M, shiny|100/100\n|-weather|Sandstorm|[from] ability: Sand Stream|[of] p2a: Tyranitar\n|move|p1a: Skrimir|Rock Slide|p2b: Gyarados|[spread] p2a,p2b\n|-supereffective|p2b: Gyarados|1\n|-damage|p2a: Tyranitar|78/100\n|-damage|p2b: Gyarados|38/100\n|move|p1b: Leanne|Ice Beam|p2a: Tyranitar\n|-damage|p2a: Tyranitar|58/100\n|move|p2b: Gyarados|Waterfall|p1a: Skrimir\n|-supereffective|p1a: Skrimir|2\n|-damage|p1a: Skrimir|0 fnt\n|faint|p1a: Skrimir\n|\n|-weather|Sandstorm|[upkeep]\n|-damage|p1b: Leanne|62/100 brn|[from] Sandstorm\n|-damage|p2b: Gyarados|32/100|[from] Sandstorm\n|-heal|p2b: Gyarados|38/100|[from] item: Leftovers\n|-damage|p1b: Leanne|56/100 brn|[from] brn\n|upkeep\n|\n|t:|1776623867\n|switch|p1a: Ashnard|Hydreigon, L50, F|100/100\n|turn|5\n|\n|t:|1776623878\n|switch|p2b: Sinistcha|Sinistcha, L50|67/100\n|-heal|p2a: Tyranitar|83/100|[from] ability: Hospitality|[of] p2b: Sinistcha\n|move|p2a: Tyranitar|Protect|p2a: Tyranitar\n|-singleturn|p2a: Tyranitar|Protect\n|move|p1a: Ashnard|Dragon Pulse|p2b: Sinistcha\n|-damage|p2b: Sinistcha|11/100\n|move|p1b: Leanne|Scald|p2a: Tyranitar\n|-activate|p2a: Tyranitar|move: Protect\n|\n|-weather|Sandstorm|[upkeep]\n|-damage|p1a: Ashnard|95/100|[from] Sandstorm\n|-damage|p1b: Leanne|50/100 brn|[from] Sandstorm\n|-damage|p2b: Sinistcha|5/100|[from] Sandstorm\n|-damage|p1b: Leanne|44/100 brn|[from] brn\n|upkeep\n|turn|6\n|\n|t:|1776623901\n|switch|p2b: Gyarados|Gyarados, L50, F, shiny|38/100\n|-ability|p2b: Gyarados|Intimidate|boost\n|-unboost|p1a: Ashnard|atk|1\n|-unboost|p1b: Leanne|atk|1\n|-ability|p1b: Leanne|Competitive|boost\n|-boost|p1b: Leanne|spa|2\n|detailschange|p2a: Tyranitar|Tyranitar-Mega, L50, M, shiny\n|-mega|p2a: Tyranitar|Tyranitar|Tyranitarite\n|move|p1a: Ashnard|Snarl|p2b: Gyarados|[spread] p2a,p2b\n|-resisted|p2a: Tyranitar|1\n|-damage|p2a: Tyranitar|78/100\n|-damage|p2b: Gyarados|20/100\n|-unboost|p2a: Tyranitar|spa|1\n|-unboost|p2b: Gyarados|spa|1\n|move|p1b: Leanne|Scald|p2a: Tyranitar\n|-supereffective|p2a: Tyranitar|1\n|-damage|p2a: Tyranitar|0 fnt\n|faint|p2a: Tyranitar\n|\n|-weather|Sandstorm|[upkeep]\n|-damage|p1a: Ashnard|89/100|[from] Sandstorm\n|-damage|p1b: Leanne|38/100 brn|[from] Sandstorm\n|-damage|p2b: Gyarados|14/100|[from] Sandstorm\n|-heal|p2b: Gyarados|20/100|[from] item: Leftovers\n|-damage|p1b: Leanne|32/100 brn|[from] brn\n|upkeep\n|\n|t:|1776623920\n|switch|p2a: Sinistcha|Sinistcha, L50|5/100\n|-heal|p2b: Gyarados|45/100|[from] ability: Hospitality|[of] p2a: Sinistcha\n|turn|7\n|\n|t:|1776623929\n|move|p2b: Gyarados|Protect|p2b: Gyarados\n|-singleturn|p2b: Gyarados|Protect\n|move|p1a: Ashnard|Snarl|p2b: Gyarados|[spread] p2a\n|-activate|p2b: Gyarados|move: Protect\n|-supereffective|p2a: Sinistcha|1\n|-damage|p2a: Sinistcha|0 fnt\n|faint|p2a: Sinistcha\n|move|p1b: Leanne|Ice Beam|p2b: Gyarados\n|-activate|p2b: Gyarados|move: Protect\n|\n|-weather|Sandstorm|[upkeep]\n|-damage|p1a: Ashnard|83/100|[from] Sandstorm\n|-damage|p1b: Leanne|26/100 brn|[from] Sandstorm\n|-damage|p2b: Gyarados|39/100|[from] Sandstorm\n|-heal|p2b: Gyarados|45/100|[from] item: Leftovers\n|-damage|p1b: Leanne|20/100 brn|[from] brn\n|upkeep\n|turn|8\n|\n|t:|1776623946\n|move|p2b: Gyarados|Protect||[still]\n|-fail|p2b: Gyarados\n|move|p1a: Ashnard|Dragon Pulse|p2b: Gyarados\n|-damage|p2b: Gyarados|3/100\n|move|p1b: Leanne|Ice Beam|p2b: Gyarados\n|-damage|p2b: Gyarados|0 fnt\n|faint|p2b: Gyarados\n|\n|win|Disfrazdetigre\n|raw|Disfrazdetigre's rating: 1480 &rarr; <strong>1501</strong><br />(+21 for winning)\n|raw|Evapotranspiracion's rating: 1489 &rarr; <strong>1468</strong><br />(-21 for losing)\n|l|\u2606Disfrazdetigre\n|player|p1|\n|l|\u2606Evapotranspiracion\n|player|p2|\n",
  "uploadtime": 1776623976,
  "views": 10,
  "formatid": "gen9championsvgc2026regma",
  "rating": 1468,
  "private": 0,
  "password": null
}