{
  "id": "gen9championsvgc2026regma-2584633784",
  "format": "[Gen 9 Champions] VGC 2026 Reg M-A",
  "players": [
    "nuklad",
    "SimMikaze"
  ],
  "log": "|j|\u2606nuklad\n|j|\u2606SimMikaze\n|t:|1776273433\n|gametype|doubles\n|player|p1|nuklad|medium|1062\n|player|p2|SimMikaze|miku-ghost|1151\n|gen|9\n|tier|[Gen 9 Champions] VGC 2026 Reg M-A\n|rated|\n|rule|Species Clause: Limit one of each Pok\u00e9mon\n|rule|Item Clause: Limit 1 of each item\n|clearpoke\n|poke|p1|Drampa, L50, F|\n|poke|p1|Farigiraf, L50, M|\n|poke|p1|Slowbro-Galar, L50, F|\n|poke|p1|Pelipper, L50, F|\n|poke|p1|Sylveon, L50, F|\n|poke|p1|Incineroar, L50, M|\n|poke|p2|Delphox, L50, F|\n|poke|p2|Basculegion, L50, M|\n|poke|p2|Meowscarada, L50, F|\n|poke|p2|Clefable, L50, F|\n|poke|p2|Sneasler, L50, F|\n|poke|p2|Garchomp, L50, F|\n|teampreview|4\nnuklad rejected open team sheets.\n|inactive|Battle timer is ON: inactive players will automatically lose when time's up. (requested by nuklad)\n|inactive|nuklad has 60 seconds left.\n|inactive|SimMikaze has 60 seconds left.\n|\n|t:|1776273500\n|teamsize|p1|4\n|teamsize|p2|4\n|start\n|switch|p1a: Farigiraf|Farigiraf, L50, M|100/100\n|switch|p1b: Drampa|Drampa, L50, F|100/100\n|switch|p2a: Delphox|Delphox, L50, F|100/100\n|switch|p2b: Basculegion|Basculegion, L50, M|100/100\n|turn|1\n|inactive|SimMikaze has 30 seconds left.\n|\n|t:|1776273527\n|detailschange|p2a: Delphox|Delphox-Mega, L50, F\n|-mega|p2a: Delphox|Delphox|Delphoxite\n|detailschange|p1b: Drampa|Drampa-Mega, L50, F\n|-mega|p1b: Drampa|Drampa|Drampanite\n|move|p2a: Delphox|Heat Wave|p1b: Drampa|[spread] p1a,p1b\n|-resisted|p1b: Drampa|1\n|-damage|p1a: Farigiraf|62/100\n|-damage|p1b: Drampa|83/100\n|move|p2b: Basculegion|Wave Crash|p1a: Farigiraf\n|-damage|p1a: Farigiraf|0 fnt\n|faint|p1a: Farigiraf\n|-damage|p2b: Basculegion|77/100|[from] Recoil\n|move|p1b: Drampa|Roost|p1b: Drampa\n|-heal|p1b: Drampa|100/100\n|-singleturn|p1b: Drampa|move: Roost\n|\n|upkeep\n|\n|t:|1776273536\n|switch|p1a: Incineroar|Incineroar, L50, M|100/100\n|-ability|p1a: Incineroar|Intimidate|boost\n|-unboost|p2a: Delphox|atk|1\n|-unboost|p2b: Basculegion|atk|1\n|turn|2\n|\n|t:|1776273553\n|switch|p2b: Clefable|Clefable, L50, F|100/100\n|move|p2a: Delphox|Protect|p2a: Delphox\n|-singleturn|p2a: Delphox|Protect\n|move|p1a: Incineroar|Darkest Lariat|p2b: Clefable\n|-resisted|p2b: Clefable|1\n|-damage|p2b: Clefable|84/100\n|move|p1b: Drampa|Dragon Pulse|p2b: Clefable\n|-immune|p2b: Clefable\n|\n|upkeep\n|turn|3\n|inactive|SimMikaze has 30 seconds left.\n|\n|t:|1776273581\n|switch|p1b: Sylveon|Sylveon, L50, F|100/100\n|move|p2b: Clefable|Follow Me|p2b: Clefable\n|-singleturn|p2b: Clefable|move: Follow Me\n|move|p2a: Delphox|Psychic|p1b: Sylveon\n|-damage|p1b: Sylveon|64/100\n|move|p1a: Incineroar|Darkest Lariat|p2b: Clefable\n|-resisted|p2b: Clefable|1\n|-damage|p2b: Clefable|68/100\n|\n|upkeep\n|turn|4\n|\n|t:|1776273604\n|move|p2b: Clefable|Follow Me|p2b: Clefable\n|-singleturn|p2b: Clefable|move: Follow Me\n|move|p2a: Delphox|Heat Wave|p1b: Sylveon|[spread] p1a\n|-miss|p2a: Delphox|p1b: Sylveon\n|-resisted|p1a: Incineroar|1\n|-damage|p1a: Incineroar|78/100\n|move|p1a: Incineroar|Flare Blitz|p2b: Clefable\n|-damage|p2b: Clefable|20/100\n|-enditem|p2b: Clefable|Sitrus Berry|[eat]\n|-heal|p2b: Clefable|45/100|[from] item: Sitrus Berry\n|-damage|p1a: Incineroar|59/100|[from] Recoil\n|move|p1b: Sylveon|Calm Mind|p1b: Sylveon\n|-boost|p1b: Sylveon|spa|1\n|-boost|p1b: Sylveon|spd|1\n|\n|upkeep\n|turn|5\n|\n|t:|1776273615\n|move|p2b: Clefable|Follow Me|p2b: Clefable\n|-singleturn|p2b: Clefable|move: Follow Me\n|move|p2a: Delphox|Heat Wave|p1b: Sylveon|[spread] p1b\n|-miss|p2a: Delphox|p1a: Incineroar\n|-damage|p1b: Sylveon|42/100\n|move|p1a: Incineroar|Darkest Lariat|p2b: Clefable\n|-resisted|p2b: Clefable|1\n|-damage|p2b: Clefable|28/100\n|move|p1b: Sylveon|Hyper Voice|p2a: Delphox|[spread] p2a,p2b\n|-resisted|p2a: Delphox|1\n|-damage|p2a: Delphox|63/100\n|-damage|p2b: Clefable|0 fnt\n|faint|p2b: Clefable\n|\n|upkeep\n|c|\u2606SimMikaze|What is wrong with my 90%\n|inactive|SimMikaze has 30 seconds left.\n|\n|t:|1776273647\n|switch|p2b: Basculegion|Basculegion, L50, M|77/100\n|turn|6\n|\n|t:|1776273671\n|move|p2a: Delphox|Heat Wave|p1b: Sylveon|[spread] p1a,p1b\n|-resisted|p1a: Incineroar|1\n|-damage|p1a: Incineroar|37/100\n|-damage|p1b: Sylveon|21/100\n|-status|p1b: Sylveon|brn\n|move|p2b: Basculegion|Last Respects|p1b: Sylveon\n|-crit|p1b: Sylveon\n|-damage|p1b: Sylveon|0 fnt\n|faint|p1b: Sylveon\n|move|p1a: Incineroar|Darkest Lariat|p2b: Basculegion\n|-supereffective|p2b: Basculegion|1\n|-crit|p2b: Basculegion\n|-damage|p2b: Basculegion|0 fnt\n|faint|p2b: Basculegion\n|\n|upkeep\n|\n|t:|1776273681\n|switch|p2b: Sneasler|Sneasler, L50, F|100/100\n|switch|p1b: Drampa|Drampa-Mega, L50, F|100/100\n|turn|7\n|inactive|SimMikaze has 30 seconds left.\n|\n|t:|1776273711\n|move|p2a: Delphox|Psychic|p1b: Drampa\n|-damage|p1b: Drampa|56/100\n|-unboost|p1b: Drampa|spd|1\n|move|p2b: Sneasler|Close Combat|p1a: Incineroar\n|-supereffective|p1a: Incineroar|1\n|-enditem|p1a: Incineroar|Chople Berry|[eat]\n|-enditem|p1a: Incineroar|Chople Berry|[weaken]\n|-damage|p1a: Incineroar|0 fnt\n|-unboost|p2b: Sneasler|def|1\n|-unboost|p2b: Sneasler|spd|1\n|faint|p1a: Incineroar\n|move|p1b: Drampa|Dragon Pulse|p2b: Sneasler\n|-enditem|p2b: Sneasler|Focus Sash\n|-damage|p2b: Sneasler|1/100\n|\n|upkeep\n|turn|8\n|-message|nuklad forfeited.\n|\n|win|SimMikaze\n|raw|nuklad's rating: 1062 &rarr; <strong>1048</strong><br />(-14 for losing)\n|raw|SimMikaze's rating: 1151 &rarr; <strong>1170</strong><br />(+19 for winning)\n|l|\u2606nuklad\n|player|p1|\n",
  "uploadtime": 1776273725,
  "views": 21,
  "formatid": "gen9championsvgc2026regma",
  "rating": 1048,
  "private": 0,
  "password": null
}