{
  "id": "gen9championsvgc2026regma-2582522746",
  "format": "[Gen 9 Champions] VGC 2026 Reg M-A",
  "players": [
    "Bouwfiets",
    "battle sim trainer"
  ],
  "log": "|j|\u2606Bouwfiets\n|j|\u2606battle sim trainer\n|t:|1776097080\n|gametype|doubles\n|player|p1|Bouwfiets|101|1075\n|player|p2|battle sim trainer|turo|1116\n|gen|9\n|tier|[Gen 9 Champions] VGC 2026 Reg M-A\n|rated|\n|rule|Species Clause: Limit one of each Pok\u00e9mon\n|rule|Item Clause: Limit 1 of each item\n|clearpoke\n|poke|p1|Chesnaught, L50, F|\n|poke|p1|Sinistcha, L50|\n|poke|p1|Incineroar, L50, F|\n|poke|p1|Pelipper, L50, M|\n|poke|p1|Scizor, L50, F|\n|poke|p1|Rotom-Wash, L50|\n|poke|p2|Gallade, L50, M|\n|poke|p2|Torkoal, L50, M|\n|poke|p2|Crabominable, L50, F|\n|poke|p2|Farigiraf, L50, F|\n|poke|p2|Kangaskhan, L50, F|\n|poke|p2|Sinistcha-Masterpiece, L50|\n|teampreview|4\n|inactive|Battle timer is ON: inactive players will automatically lose when time's up. (requested by battle sim trainer)\n|\n|t:|1776097124\n|teamsize|p1|4\n|teamsize|p2|4\n|start\n|switch|p1a: Chesnaught|Chesnaught, L50, F|100/100\n|switch|p1b: Rotom|Rotom-Wash, L50|100/100\n|switch|p2a: Sinistcha|Sinistcha-Masterpiece, L50|100/100\n|switch|p2b: Farigiraf|Farigiraf, L50, F|100/100\n|turn|1\n|inactive|Bouwfiets has 30 seconds left.\n|\n|t:|1776097154\n|detailschange|p1a: Chesnaught|Chesnaught-Mega, L50, F\n|-mega|p1a: Chesnaught|Chesnaught|Chesnaughtite\n|move|p1b: Rotom|Volt Switch|p2a: Sinistcha\n|-resisted|p2a: Sinistcha|1\n|-damage|p2a: Sinistcha|85/100\n|\n|t:|1776097160\n|switch|p1b: Pelipper|Pelipper, L50, M|100/100|[from] Volt Switch\n|-weather|RainDance|[from] ability: Drizzle|[of] p1b: Pelipper\n|move|p2b: Farigiraf|Nasty Plot|p2b: Farigiraf\n|-boost|p2b: Farigiraf|spa|2\n|move|p1a: Chesnaught|Leech Seed|p2b: Farigiraf\n|-start|p2b: Farigiraf|move: Leech Seed\n|move|p2a: Sinistcha|Trick Room|p2a: Sinistcha\n|-fieldstart|move: Trick Room|[of] p2a: Sinistcha\n|\n|-weather|RainDance|[upkeep]\n|-damage|p2b: Farigiraf|88/100|[from] Leech Seed|[of] p1a: Chesnaught\n|upkeep\n|turn|2\n|inactive|Bouwfiets has 30 seconds left.\n|inactive|Bouwfiets has 20 seconds left.\n|\n|t:|1776097196\n|switch|p2a: Torkoal|Torkoal, L50, M|100/100\n|-weather|SunnyDay|[from] ability: Drought|[of] p2a: Torkoal\n|move|p1a: Chesnaught|Wide Guard|p1a: Chesnaught\n|-singleturn|p1a: Chesnaught|Wide Guard\n|move|p2b: Farigiraf|Hyper Voice|p1a: Chesnaught|[spread] \n|-activate|p1a: Chesnaught|move: Wide Guard\n|-activate|p1b: Pelipper|move: Wide Guard\n|move|p1b: Pelipper|Hurricane|p2a: Torkoal\n|-damage|p2a: Torkoal|34/100\n|\n|-weather|SunnyDay|[upkeep]\n|-damage|p2b: Farigiraf|76/100|[from] Leech Seed|[of] p1a: Chesnaught\n|upkeep\n|turn|3\n|inactive|Bouwfiets has 30 seconds left.\n|\n|t:|1776097222\n|move|p1a: Chesnaught|Spiky Shield|p1a: Chesnaught\n|-singleturn|p1a: Chesnaught|move: Protect\n|move|p2a: Torkoal|Weather Ball|p1a: Chesnaught\n|-activate|p1a: Chesnaught|move: Protect\n|move|p2b: Farigiraf|Psyshock|p1b: Pelipper\n|-damage|p1b: Pelipper|19/100\n|move|p1b: Pelipper|Hurricane|p2a: Torkoal|[miss]\n|-miss|p1b: Pelipper|p2a: Torkoal\n|\n|-weather|SunnyDay|[upkeep]\n|-damage|p2b: Farigiraf|63/100|[from] Leech Seed|[of] p1a: Chesnaught\n|upkeep\n|turn|4\n|inactive|battle sim trainer has 30 seconds left.\n|inactive|battle sim trainer has 20 seconds left.\n|inactive|battle sim trainer has 15 seconds left.\n|\n|t:|1776097264\n|switch|p1a: Incineroar|Incineroar, L50, F|100/100\n|-ability|p1a: Incineroar|Intimidate|boost\n|-unboost|p2a: Torkoal|atk|1\n|-unboost|p2b: Farigiraf|atk|1\n|move|p1b: Pelipper|Protect|p1b: Pelipper\n|-singleturn|p1b: Pelipper|Protect\n|move|p2a: Torkoal|Weather Ball|p1a: Incineroar\n|-resisted|p1a: Incineroar|1\n|-damage|p1a: Incineroar|71/100\n|move|p2b: Farigiraf|Psyshock|p1b: Pelipper\n|-activate|p1b: Pelipper|move: Protect\n|\n|-weather|SunnyDay|[upkeep]\n|-damage|p2b: Farigiraf|51/100|[from] Leech Seed|[of] p1a: Incineroar\n|-heal|p1a: Incineroar|85/100|[silent]\n|upkeep\n|turn|5\n|inactive|Bouwfiets has 30 seconds left.\n|inactive|battle sim trainer has 30 seconds left.\n|inactive|Bouwfiets has 20 seconds left.\n|\n|t:|1776097300\n|move|p1b: Pelipper|Wide Guard|p1b: Pelipper\n|-singleturn|p1b: Pelipper|Wide Guard\n|move|p2a: Torkoal|Weather Ball|p1b: Pelipper\n|-resisted|p1b: Pelipper|1\n|-damage|p1b: Pelipper|0 fnt\n|faint|p1b: Pelipper\n|move|p2b: Farigiraf|Hyper Voice|p1a: Incineroar\n|-activate|p1a: Incineroar|move: Wide Guard\n|move|p1a: Incineroar|Darkest Lariat|p2b: Farigiraf\n|-supereffective|p2b: Farigiraf|1\n|-damage|p2b: Farigiraf|0 fnt\n|faint|p2b: Farigiraf\n|\n|-weather|SunnyDay|[upkeep]\n|-fieldend|move: Trick Room\n|upkeep\n|\n|t:|1776097315\n|switch|p1b: Rotom|Rotom-Wash, L50|100/100\n|switch|p2b: Sinistcha|Sinistcha-Masterpiece, L50|85/100\n|-heal|p2a: Torkoal|59/100|[from] ability: Hospitality|[of] p2b: Sinistcha\n|turn|6\n|\n|t:|1776097341\n|switch|p2a: Crabominable|Crabominable, L50, F|100/100\n|move|p1b: Rotom|Hydro Pump|p2a: Crabominable\n|-damage|p2a: Crabominable|71/100\n|move|p1a: Incineroar|Darkest Lariat|p2b: Sinistcha\n|-supereffective|p2b: Sinistcha|1\n|-damage|p2b: Sinistcha|18/100\n|move|p2b: Sinistcha|Trick Room|p2b: Sinistcha\n|-fieldstart|move: Trick Room|[of] p2b: Sinistcha\n|\n|-weather|none\n|upkeep\n|turn|7\n|inactive|Bouwfiets has 30 seconds left.\n|inactive|battle sim trainer has 30 seconds left.\n|inactive|Bouwfiets has 20 seconds left.\n|inactive|Bouwfiets has 15 seconds left.\n|inactive|Bouwfiets has 10 seconds left.\n|\n|t:|1776097389\n|move|p2b: Sinistcha|Rage Powder|p2b: Sinistcha\n|-singleturn|p2b: Sinistcha|move: Rage Powder\n|move|p2a: Crabominable|Drain Punch|p1a: Incineroar\n|-supereffective|p1a: Incineroar|1\n|-damage|p1a: Incineroar|12/100\n|-heal|p2a: Crabominable|100/100|[from] drain|[of] p1a: Incineroar\n|-enditem|p1a: Incineroar|Sitrus Berry|[eat]\n|-heal|p1a: Incineroar|37/100|[from] item: Sitrus Berry\n|move|p1a: Incineroar|Will-O-Wisp|p2b: Sinistcha\n|-status|p2b: Sinistcha|brn\n|move|p1b: Rotom|Hydro Pump|p2b: Sinistcha|[miss]\n|-miss|p1b: Rotom|p2b: Sinistcha\n|\n|-damage|p2b: Sinistcha|12/100 brn|[from] brn\n|upkeep\n|turn|8\n|\n|t:|1776097410\n|switch|p1b: Chesnaught|Chesnaught-Mega, L50, F|100/100\n|detailschange|p2a: Crabominable|Crabominable-Mega, L50, F\n|-mega|p2a: Crabominable|Crabominable|Crabominite\n|move|p2b: Sinistcha|Rage Powder|p2b: Sinistcha\n|-singleturn|p2b: Sinistcha|move: Rage Powder\n|move|p2a: Crabominable|Drain Punch|p1a: Incineroar\n|-supereffective|p1a: Incineroar|1\n|-damage|p1a: Incineroar|0 fnt\n|faint|p1a: Incineroar\n|\n|-damage|p2b: Sinistcha|6/100 brn|[from] brn\n|upkeep\n|\n|t:|1776097421\n|switch|p1a: Rotom|Rotom-Wash, L50|100/100\n|turn|9\n|\n|t:|1776097445\n|switch|p2b: Torkoal|Torkoal, L50, M|59/100\n|-weather|SunnyDay|[from] ability: Drought|[of] p2b: Torkoal\n|move|p1b: Chesnaught|Spiky Shield|p1b: Chesnaught\n|-singleturn|p1b: Chesnaught|move: Protect\n|move|p2a: Crabominable|Drain Punch|p1a: Rotom\n|-crit|p1a: Rotom\n|-damage|p1a: Rotom|0 fnt\n|faint|p1a: Rotom\n|\n|-weather|SunnyDay|[upkeep]\n|upkeep\n|turn|10\n|\n|t:|1776097465\n|move|p1b: Chesnaught|Spiky Shield||[still]\n|-fail|p1b: Chesnaught\n|move|p2b: Torkoal|Weather Ball|p1b: Chesnaught\n|-immune|p1b: Chesnaught|[from] ability: Bulletproof\n|move|p2a: Crabominable|Ice Punch|p1b: Chesnaught\n|-supereffective|p1b: Chesnaught|1\n|-damage|p1b: Chesnaught|49/100\n|\n|-weather|SunnyDay|[upkeep]\n|-fieldend|move: Trick Room\n|upkeep\n|turn|11\n|\n|t:|1776097480\n|move|p1b: Chesnaught|Body Press|p2a: Crabominable\n|-supereffective|p2a: Crabominable|1\n|-damage|p2a: Crabominable|14/100\n|move|p2a: Crabominable|Ice Punch|p1b: Chesnaught\n|-supereffective|p1b: Chesnaught|1\n|-damage|p1b: Chesnaught|0 fnt\n|faint|p1b: Chesnaught\n|\n|win|battle sim trainer\n|raw|Bouwfiets's rating: 1075 &rarr; <strong>1056</strong><br />(-19 for losing)\n|raw|battle sim trainer's rating: 1116 &rarr; <strong>1138</strong><br />(+22 for winning)\n|l|\u2606Bouwfiets\n|player|p1|\n",
  "uploadtime": 1776097485,
  "views": 12,
  "formatid": "gen9championsvgc2026regma",
  "rating": 1056,
  "private": 0,
  "password": null
}