{
  "id": "gen9championsvgc2026regma-2584994323",
  "format": "[Gen 9 Champions] VGC 2026 Reg M-A",
  "players": [
    "smak talk",
    "Winston6969"
  ],
  "log": "|j|\u2606smak talk\n|j|\u2606Winston6969\n|t:|1776301550\n|gametype|doubles\n|player|p1|smak talk|1|1120\n|player|p2|Winston6969|hilbert-wonderlauncher|1060\n|gen|9\n|tier|[Gen 9 Champions] VGC 2026 Reg M-A\n|rated|\n|rule|Species Clause: Limit one of each Pok\u00e9mon\n|rule|Item Clause: Limit 1 of each item\n|clearpoke\n|poke|p1|Dragapult, L50, M|\n|poke|p1|Manectric, L50, F|\n|poke|p1|Kingambit, L50, M|\n|poke|p1|Starmie, L50|\n|poke|p1|Sneasler, L50, F|\n|poke|p1|Rotom-Wash, L50|\n|poke|p2|Pinsir, L50, M|\n|poke|p2|Whimsicott, L50, F|\n|poke|p2|Incineroar, L50, F|\n|poke|p2|Garchomp, L50, M|\n|poke|p2|Milotic, L50, M|\n|poke|p2|Heliolisk, L50, F|\n|teampreview|4\nWinston6969 rejected open team sheets.\n|\n|t:|1776301634\n|teamsize|p1|4\n|teamsize|p2|4\n|start\n|switch|p1a: Starmie|Starmie, L50|100/100\n|switch|p1b: Sneasler|Sneasler, L50, F|100/100\n|switch|p2a: Incineroar|Incineroar, L50, F|100/100\n|switch|p2b: Pinsir|Pinsir, L50, M|100/100\n|-ability|p2a: Incineroar|Intimidate|boost\n|-unboost|p1a: Starmie|atk|1\n|-unboost|p1b: Sneasler|atk|1\n|-enditem|p1b: Sneasler|White Herb\n|-clearnegativeboost|p1b: Sneasler|[silent]\n|turn|1\n|\n|t:|1776301653\n|detailschange|p1a: Starmie|Starmie-Mega, L50\n|-mega|p1a: Starmie|Starmie|Starminite\n|detailschange|p2b: Pinsir|Pinsir-Mega, L50, M\n|-mega|p2b: Pinsir|Pinsir|Pinsirite\n|move|p1a: Starmie|Protect|p1a: Starmie\n|-singleturn|p1a: Starmie|Protect\n|move|p1b: Sneasler|Fake Out|p2b: Pinsir\n|-damage|p2b: Pinsir|86/100\n|move|p2a: Incineroar|Fake Out|p1b: Sneasler\n|-damage|p1b: Sneasler|84/100\n|cant|p2b: Pinsir|flinch\n|\n|upkeep\n|turn|2\n|\n|t:|1776301675\n|switch|p1b: Kingambit|Kingambit, L50, M|100/100\n|move|p2b: Pinsir|Quick Attack|p1b: Kingambit\n|-resisted|p1b: Kingambit|1\n|-damage|p1b: Kingambit|88/100\n|move|p1a: Starmie|Liquidation|p2a: Incineroar\n|-supereffective|p2a: Incineroar|1\n|-damage|p2a: Incineroar|25/100\n|-enditem|p2a: Incineroar|Sitrus Berry|[eat]\n|-heal|p2a: Incineroar|50/100|[from] item: Sitrus Berry\n|move|p2a: Incineroar|Darkest Lariat|p1a: Starmie\n|-supereffective|p1a: Starmie|1\n|-damage|p1a: Starmie|22/100\n|\n|upkeep\n|turn|3\n|\n|t:|1776301701\n|move|p1b: Kingambit|Protect|p1b: Kingambit\n|-singleturn|p1b: Kingambit|Protect\n|move|p2b: Pinsir|Quick Attack|p1a: Starmie\n|-damage|p1a: Starmie|0 fnt\n|faint|p1a: Starmie\n|move|p2a: Incineroar|Flare Blitz|p1b: Kingambit\n|-activate|p1b: Kingambit|move: Protect\n|\n|upkeep\n|\n|t:|1776301708\n|switch|p1a: Dragapult|Dragapult, L50, M|100/100\n|turn|4\n|\n|t:|1776301751\n|move|p2b: Pinsir|Protect|p2b: Pinsir\n|-singleturn|p2b: Pinsir|Protect\n|move|p1a: Dragapult|Will-O-Wisp|p2b: Pinsir\n|-activate|p2b: Pinsir|move: Protect\n|move|p2a: Incineroar|Flare Blitz|p1b: Kingambit\n|-supereffective|p1b: Kingambit|1\n|-damage|p1b: Kingambit|3/100\n|-damage|p2a: Incineroar|25/100|[from] Recoil\n|move|p1b: Kingambit|Swords Dance|p1b: Kingambit\n|-boost|p1b: Kingambit|atk|2\n|\n|upkeep\n|turn|5\n|\n|t:|1776301797\n|move|p2b: Pinsir|Quick Attack|p1b: Kingambit\n|-resisted|p1b: Kingambit|1\n|-damage|p1b: Kingambit|0 fnt\n|faint|p1b: Kingambit\n|move|p1a: Dragapult|Will-O-Wisp|p2b: Pinsir\n|-status|p2b: Pinsir|brn\n|move|p2a: Incineroar|Darkest Lariat|p1a: Dragapult\n|-supereffective|p1a: Dragapult|1\n|-damage|p1a: Dragapult|13/100\n|\n|-damage|p2b: Pinsir|80/100 brn|[from] brn\n|upkeep\n|\n|t:|1776301799\n|switch|p1b: Sneasler|Sneasler, L50, F|84/100\n|turn|6\n|\n|t:|1776301825\n|move|p1a: Dragapult|Protect|p1a: Dragapult\n|-singleturn|p1a: Dragapult|Protect\n|move|p2b: Pinsir|Quick Attack|p1a: Dragapult\n|-activate|p1a: Dragapult|move: Protect\n|move|p1b: Sneasler|Acrobatics|p2b: Pinsir\n|-supereffective|p2b: Pinsir|1\n|-damage|p2b: Pinsir|0 fnt\n|faint|p2b: Pinsir\n|move|p2a: Incineroar|Flare Blitz|p1a: Dragapult\n|-activate|p1a: Dragapult|move: Protect\n|\n|upkeep\n|\n|t:|1776301835\n|switch|p2b: Garchomp|Garchomp, L50, M|100/100\n|turn|7\n|\n|t:|1776301857\n|move|p2b: Garchomp|Rock Slide|p1a: Dragapult|[spread] p1a,p1b\n|-resisted|p1b: Sneasler|1\n|-damage|p1a: Dragapult|0 fnt\n|-damage|p1b: Sneasler|68/100\n|faint|p1a: Dragapult\n|move|p1b: Sneasler|Close Combat|p2a: Incineroar\n|-supereffective|p2a: Incineroar|1\n|-damage|p2a: Incineroar|0 fnt\n|-unboost|p1b: Sneasler|def|1\n|-unboost|p1b: Sneasler|spd|1\n|faint|p2a: Incineroar\n|\n|upkeep\n|inactive|Battle timer is ON: inactive players will automatically lose when time's up. (requested by smak talk)\n|\n|t:|1776301867\n|switch|p2a: Whimsicott|Whimsicott, L50, F|100/100\n|turn|8\n|inactive|smak talk has 30 seconds left.\n|inactive|smak talk has 20 seconds left.\n|inactive|smak talk has 15 seconds left.\n|inactive|smak talk has 10 seconds left.\n|inactive|smak talk has 5 seconds left.\n|\n|t:|1776301922\n|move|p2b: Garchomp|Rock Slide|p1b: Sneasler\n|-resisted|p1b: Sneasler|1\n|-damage|p1b: Sneasler|33/100\n|cant|p1b: Sneasler|flinch\n|move|p2a: Whimsicott|Moonblast|p1b: Sneasler\n|-damage|p1b: Sneasler|0 fnt\n|faint|p1b: Sneasler\n|\n|win|Winston6969\n|raw|smak talk's rating: 1120 &rarr; <strong>1091</strong><br />(-29 for losing)\n|raw|Winston6969's rating: 1060 &rarr; <strong>1096</strong><br />(+36 for winning)\n",
  "uploadtime": 1776301933,
  "views": 32,
  "formatid": "gen9championsvgc2026regma",
  "rating": 1091,
  "private": 0,
  "password": null
}