{
  "id": "gen9championsvgc2026regma-2584690241",
  "format": "[Gen 9 Champions] VGC 2026 Reg M-A",
  "players": [
    "omengaming3",
    "gexley"
  ],
  "log": "|j|\u2606omengaming3\n|j|\u2606gexley\n|t:|1776277010\n|gametype|doubles\n|player|p1|omengaming3|cynthia-gen4|1382\n|player|p2|gexley|266|1367\n|gen|9\n|tier|[Gen 9 Champions] VGC 2026 Reg M-A\n|rated|\n|rule|Species Clause: Limit one of each Pok\u00e9mon\n|rule|Item Clause: Limit 1 of each item\n|clearpoke\n|poke|p1|Floette-Eternal, L50, F|\n|poke|p1|Sneasler, L50, F|\n|poke|p1|Archaludon, L50, F|\n|poke|p1|Incineroar, L50, F|\n|poke|p1|Garchomp, L50, F|\n|poke|p1|Sinistcha, L50|\n|poke|p2|Floette-Eternal, L50, F|\n|poke|p2|Maushold, L50|\n|poke|p2|Garchomp, L50, M|\n|poke|p2|Talonflame, L50, F|\n|poke|p2|Rotom-Wash, L50|\n|poke|p2|Aegislash, L50, M|\n|teampreview|4\n|inactive|Battle timer is ON: inactive players will automatically lose when time's up. (requested by omengaming3)\n|inactive|omengaming3 has 60 seconds left.\n|\n|t:|1776277070\n|teamsize|p1|4\n|teamsize|p2|4\n|start\n|switch|p1a: Incineroar|Incineroar, L50, F|100/100\n|switch|p1b: Garchomp|Garchomp, L50, F|100/100\n|switch|p2a: Floette|Floette-Eternal, L50, F|100/100\n|switch|p2b: Maushold|Maushold, L50|100/100\n|-ability|p1a: Incineroar|Intimidate|boost\n|-unboost|p2a: Floette|atk|1\n|-unboost|p2b: Maushold|atk|1\n|turn|1\n|inactive|omengaming3 has 30 seconds left.\n|\n|t:|1776277096\n|switch|p1b: Sneasler|Sneasler, L50, F|100/100\n|detailschange|p2a: Floette|Floette-Mega, L50, F\n|-mega|p2a: Floette|Floette|Floettite\n|-ability|p2a: Floette|Fairy Aura\n|move|p2b: Maushold|Protect|p2b: Maushold\n|-singleturn|p2b: Maushold|Protect\n|move|p2a: Floette|Protect|p2a: Floette\n|-singleturn|p2a: Floette|Protect\n|move|p1a: Incineroar|Fake Out|p2a: Floette\n|-activate|p2a: Floette|move: Protect\n|\n|upkeep\n|turn|2\n|inactive|omengaming3 has 30 seconds left.\n|\n|t:|1776277125\n|switch|p2a: Garchomp|Garchomp, L50, M|100/100\n|move|p1b: Sneasler|Fake Out|p2a: Garchomp\n|-damage|p2a: Garchomp|90/100\n|-damage|p1b: Sneasler|88/100|[from] ability: Rough Skin|[of] p2a: Garchomp\n|move|p2b: Maushold|Super Fang|p1b: Sneasler\n|-damage|p1b: Sneasler|44/100\n|move|p1a: Incineroar|Flare Blitz|p2a: Garchomp\n|-resisted|p2a: Garchomp|1\n|-damage|p2a: Garchomp|73/100\n|-status|p2a: Garchomp|brn\n|-damage|p1a: Incineroar|88/100|[from] ability: Rough Skin|[of] p2a: Garchomp\n|-damage|p1a: Incineroar|83/100|[from] Recoil\n|\n|-damage|p2a: Garchomp|67/100 brn|[from] brn\n|upkeep\n|turn|3\n|inactive|omengaming3 has 30 seconds left.\n|\n|t:|1776277154\n|move|p1b: Sneasler|Protect|p1b: Sneasler\n|-singleturn|p1b: Sneasler|Protect\n|move|p2b: Maushold|Protect|p2b: Maushold\n|-singleturn|p2b: Maushold|Protect\n|move|p2a: Garchomp|Earthquake|p1b: Sneasler|[spread] p1a\n|-activate|p2b: Maushold|move: Protect\n|-activate|p1b: Sneasler|move: Protect\n|-supereffective|p1a: Incineroar|1\n|-enditem|p1a: Incineroar|Shuca Berry|[eat]\n|-enditem|p1a: Incineroar|Shuca Berry|[weaken]\n|-damage|p1a: Incineroar|59/100\n|move|p1a: Incineroar|Parting Shot|p2a: Garchomp\n|-unboost|p2a: Garchomp|atk|1\n|-unboost|p2a: Garchomp|spa|1\n|\n|t:|1776277170\n|switch|p1a: Sinistcha|Sinistcha, L50|100/100|[from] Parting Shot\n|-heal|p1b: Sneasler|69/100|[from] ability: Hospitality|[of] p1a: Sinistcha\n|\n|-damage|p2a: Garchomp|61/100 brn|[from] brn\n|upkeep\n|turn|4\n|\n|t:|1776277192\n|switch|p1a: Incineroar|Incineroar, L50, F|59/100\n|-ability|p1a: Incineroar|Intimidate|boost\n|-unboost|p2a: Garchomp|atk|1\n|-unboost|p2b: Maushold|atk|1\n|move|p1b: Sneasler|Close Combat|p2b: Maushold\n|-supereffective|p2b: Maushold|1\n|-enditem|p2b: Maushold|Focus Sash\n|-damage|p2b: Maushold|1/100\n|-unboost|p1b: Sneasler|def|1\n|-unboost|p1b: Sneasler|spd|1\n|-status|p2b: Maushold|psn|[from] ability: Poison Touch|[of] p1b: Sneasler\n|move|p2b: Maushold|Super Fang|p1b: Sneasler\n|-damage|p1b: Sneasler|35/100\n|move|p2a: Garchomp|Stomping Tantrum|p1b: Sneasler\n|-supereffective|p1b: Sneasler|1\n|-damage|p1b: Sneasler|0 fnt\n|faint|p1b: Sneasler\n|\n|-damage|p2b: Maushold|0 fnt|[from] psn\n|faint|p2b: Maushold\n|-damage|p2a: Garchomp|55/100 brn|[from] brn\n|upkeep\n|inactive|omengaming3 has 30 seconds left.\n|\n|t:|1776277219\n|switch|p1b: Sinistcha|Sinistcha, L50|100/100\n|switch|p2b: Floette|Floette-Mega, L50, F|100/100\n|-ability|p2b: Floette|Fairy Aura\n|-heal|p1a: Incineroar|84/100|[from] ability: Hospitality|[of] p1b: Sinistcha\n|turn|5\n|\n|t:|1776277238\n|move|p2b: Floette|Protect|p2b: Floette\n|-singleturn|p2b: Floette|Protect\n|move|p2a: Garchomp|Earthquake|p1a: Incineroar|[spread] p1a,p1b\n|-activate|p2b: Floette|move: Protect\n|-supereffective|p1a: Incineroar|1\n|-resisted|p1b: Sinistcha|1\n|-damage|p1a: Incineroar|60/100\n|-damage|p1b: Sinistcha|97/100\n|move|p1b: Sinistcha|Matcha Gotcha|p2a: Garchomp|[spread] p2a\n|-activate|p2b: Floette|move: Protect\n|-damage|p2a: Garchomp|25/100 brn\n|-heal|p1b: Sinistcha|100/100|[from] drain|[of] p2a: Garchomp\n|move|p1a: Incineroar|Parting Shot|p2b: Floette\n|-activate|p2b: Floette|move: Protect\n|\n|-damage|p2a: Garchomp|19/100 brn|[from] brn\n|upkeep\n|turn|6\n|inactive|omengaming3 has 30 seconds left.\n|\n|t:|1776277268\n|switch|p2b: Talonflame|Talonflame, L50, F|100/100\n|move|p1b: Sinistcha|Protect|p1b: Sinistcha\n|-singleturn|p1b: Sinistcha|Protect\n|move|p2a: Garchomp|Earthquake|p1b: Sinistcha|[spread] p1a\n|-activate|p1b: Sinistcha|move: Protect\n|-immune|p2b: Talonflame\n|-supereffective|p1a: Incineroar|1\n|-damage|p1a: Incineroar|38/100\n|move|p1a: Incineroar|Parting Shot|p2b: Talonflame\n|-unboost|p2b: Talonflame|atk|1\n|-unboost|p2b: Talonflame|spa|1\n|\n|t:|1776277281\n|switch|p1a: Garchomp|Garchomp, L50, F|100/100|[from] Parting Shot\n|\n|-damage|p2a: Garchomp|13/100 brn|[from] brn\n|upkeep\n|turn|7\n|\n|t:|1776277299\n|move|p2b: Talonflame|Tailwind|p2b: Talonflame\n|-sidestart|p2: gexley|move: Tailwind\n|move|p2a: Garchomp|Earthquake|p1b: Sinistcha|[spread] p1a,p1b\n|-immune|p2b: Talonflame\n|-crit|p1a: Garchomp\n|-resisted|p1b: Sinistcha|1\n|-damage|p1a: Garchomp|66/100\n|-damage|p1b: Sinistcha|97/100\n|move|p1a: Garchomp|Rock Slide|p2b: Talonflame|[spread] p2a,p2b\n|-resisted|p2a: Garchomp|1\n|-supereffective|p2b: Talonflame|2\n|-damage|p2a: Garchomp|3/100 brn\n|-damage|p2b: Talonflame|0 fnt\n|faint|p2b: Talonflame\n|move|p1b: Sinistcha|Matcha Gotcha|p2a: Garchomp\n|-damage|p2a: Garchomp|0 fnt\n|-heal|p1b: Sinistcha|98/100|[from] drain|[of] p2a: Garchomp\n|faint|p2a: Garchomp\n|\n|-heal|p1b: Sinistcha|100/100|[from] item: Leftovers\n|upkeep\n|\n|t:|1776277314\n|switch|p2a: Floette|Floette-Mega, L50, F|100/100\n|-ability|p2a: Floette|Fairy Aura\n|turn|8\n|\n|t:|1776277328\n|move|p1a: Garchomp|Protect|p1a: Garchomp\n|-singleturn|p1a: Garchomp|Protect\n|move|p2a: Floette|Dazzling Gleam|p1a: Garchomp|[spread] p1b\n|-activate|p1a: Garchomp|move: Protect\n|-damage|p1b: Sinistcha|41/100\n|move|p1b: Sinistcha|Life Dew|p1b: Sinistcha|[spread] p1a,p1b\n|-heal|p1a: Garchomp|91/100\n|-heal|p1b: Sinistcha|66/100\n|\n|-heal|p1b: Sinistcha|72/100|[from] item: Leftovers\n|upkeep\n|turn|9\n|\n|t:|1776277351\n|switch|p1a: Incineroar|Incineroar, L50, F|38/100\n|-ability|p1a: Incineroar|Intimidate|boost\n|-unboost|p2a: Floette|atk|1\n|move|p2a: Floette|Dazzling Gleam|p1b: Sinistcha|[spread] p1a,p1b\n|-damage|p1a: Incineroar|5/100\n|-damage|p1b: Sinistcha|10/100\n|move|p1b: Sinistcha|Life Dew|p1b: Sinistcha|[spread] p1a,p1b\n|-heal|p1a: Incineroar|30/100\n|-heal|p1b: Sinistcha|35/100\n|\n|-heal|p1b: Sinistcha|42/100|[from] item: Leftovers\n|upkeep\n|turn|10\n|\n|t:|1776277367\n|move|p2a: Floette|Protect|p2a: Floette\n|-singleturn|p2a: Floette|Protect\n|move|p1a: Incineroar|Fake Out|p2a: Floette\n|-activate|p2a: Floette|move: Protect\n|move|p1b: Sinistcha|Life Dew|p1b: Sinistcha|[spread] p1a,p1b\n|-heal|p1a: Incineroar|55/100\n|-heal|p1b: Sinistcha|67/100\n|\n|-heal|p1b: Sinistcha|73/100|[from] item: Leftovers\n|-sideend|p2: gexley|move: Tailwind\n|upkeep\n|turn|11\n|j| Winieska Rambulera\n|\n|t:|1776277389\n|move|p2a: Floette|Moonblast|p1a: Incineroar\n|-damage|p1a: Incineroar|3/100\n|move|p1b: Sinistcha|Life Dew|p1b: Sinistcha|[spread] p1a,p1b\n|-heal|p1a: Incineroar|29/100\n|-heal|p1b: Sinistcha|98/100\n|move|p1a: Incineroar|Parting Shot|p2a: Floette\n|-unboost|p2a: Floette|atk|1\n|-unboost|p2a: Floette|spa|1\n|\n|t:|1776277399\n|switch|p1a: Garchomp|Garchomp, L50, F|91/100|[from] Parting Shot\n|\n|-heal|p1b: Sinistcha|100/100|[from] item: Leftovers\n|upkeep\n|turn|12\n|\n|t:|1776277413\n|move|p1a: Garchomp|Protect|p1a: Garchomp\n|-singleturn|p1a: Garchomp|Protect\n|move|p2a: Floette|Moonblast|p1a: Garchomp\n|-activate|p1a: Garchomp|move: Protect\n|move|p1b: Sinistcha|Matcha Gotcha|p2a: Floette\n|-damage|p2a: Floette|77/100\n|\n|upkeep\n|turn|13\n|\n|t:|1776277427\n|switch|p1a: Incineroar|Incineroar, L50, F|29/100\n|-ability|p1a: Incineroar|Intimidate|boost\n|-unboost|p2a: Floette|atk|1\n|move|p1b: Sinistcha|Rage Powder|p1b: Sinistcha\n|-singleturn|p1b: Sinistcha|move: Rage Powder\n|move|p2a: Floette|Calm Mind|p2a: Floette\n|-boost|p2a: Floette|spa|1\n|-boost|p2a: Floette|spd|1\n|\n|upkeep\n|turn|14\n|\n|t:|1776277445\n|move|p2a: Floette|Protect|p2a: Floette\n|-singleturn|p2a: Floette|Protect\n|move|p1a: Incineroar|Fake Out|p2a: Floette\n|-activate|p2a: Floette|move: Protect\n|move|p1b: Sinistcha|Life Dew||[still]|[spread] p1a,p1b\n|-heal|p1a: Incineroar|54/100\n|-fail|p1b: Sinistcha|heal\n|\n|upkeep\n|turn|15\n|\n|t:|1776277467\n|move|p2a: Floette|Moonblast|p1a: Incineroar\n|-damage|p1a: Incineroar|0 fnt\n|faint|p1a: Incineroar\n|move|p1b: Sinistcha|Matcha Gotcha|p2a: Floette\n|-damage|p2a: Floette|62/100\n|-status|p2a: Floette|brn\n|\n|-damage|p2a: Floette|56/100 brn|[from] brn\n|upkeep\n|\n|t:|1776277479\n|switch|p1a: Garchomp|Garchomp, L50, F|91/100\n|turn|16\n|\n|t:|1776277499\n|move|p1b: Sinistcha|Rage Powder|p1b: Sinistcha\n|-singleturn|p1b: Sinistcha|move: Rage Powder\n|move|p1a: Garchomp|Rock Slide|p2a: Floette\n|-damage|p2a: Floette|25/100 brn\n|move|p2a: Floette|Dazzling Gleam|p1b: Sinistcha|[spread] p1a,p1b\n|-supereffective|p1a: Garchomp|1\n|-damage|p1a: Garchomp|0 fnt\n|-damage|p1b: Sinistcha|34/100\n|faint|p1a: Garchomp\n|\n|-heal|p1b: Sinistcha|40/100|[from] item: Leftovers\n|-damage|p2a: Floette|19/100 brn|[from] brn\n|upkeep\n|turn|17\n|c|\u2606gexley|gg\n|\n|t:|1776277516\n|move|p1b: Sinistcha|Protect|p1b: Sinistcha\n|-singleturn|p1b: Sinistcha|Protect\n|move|p2a: Floette|Moonblast|p1b: Sinistcha\n|-activate|p1b: Sinistcha|move: Protect\n|\n|-heal|p1b: Sinistcha|47/100|[from] item: Leftovers\n|-damage|p2a: Floette|13/100 brn|[from] brn\n|upkeep\n|turn|18\n|\n|t:|1776277530\n|move|p1b: Sinistcha|Protect||[still]\n|-fail|p1b: Sinistcha\n|move|p2a: Floette|Moonblast|p1b: Sinistcha\n|-damage|p1b: Sinistcha|0 fnt\n|faint|p1b: Sinistcha\n|\n|win|gexley\n|raw|omengaming3's rating: 1382 &rarr; <strong>1361</strong><br />(-21 for losing)\n|raw|gexley's rating: 1367 &rarr; <strong>1388</strong><br />(+21 for winning)\n|l|\u2606omengaming3\n|player|p1|\n",
  "uploadtime": 1776277644,
  "views": 48,
  "formatid": "gen9championsvgc2026regma",
  "rating": 1361,
  "private": 0,
  "password": null
}