{
  "id": "gen9championsvgc2026regma-2583915675",
  "format": "[Gen 9 Champions] VGC 2026 Reg M-A",
  "players": [
    "fromhard",
    "It'sJustKen VGC"
  ],
  "log": "|j|\u2606fromhard\n|j|\u2606It'sJustKen VGC\n|t:|1776207987\n|gametype|doubles\n|player|p1|fromhard|265|1429\n|player|p2|It'sJustKen VGC|2|1441\n|gen|9\n|tier|[Gen 9 Champions] VGC 2026 Reg M-A\n|rated|\n|rule|Species Clause: Limit one of each Pok\u00e9mon\n|rule|Item Clause: Limit 1 of each item\n|clearpoke\n|poke|p1|Gengar, L50, F|\n|poke|p1|Zoroark-Hisui, L50, M|\n|poke|p1|Incineroar, L50, F|\n|poke|p1|Whimsicott, L50, F|\n|poke|p1|Floette-Eternal, L50, F|\n|poke|p1|Garchomp, L50, M|\n|poke|p2|Floette-Eternal, L50, F|\n|poke|p2|Espathra, L50, F|\n|poke|p2|Incineroar, L50, M|\n|poke|p2|Sneasler, L50, M|\n|poke|p2|Basculegion, L50, M|\n|poke|p2|Kingambit, L50, F|\n|teampreview|4\n|inactive|Battle timer is ON: inactive players will automatically lose when time's up. (requested by It'sJustKen VGC)\n|inactive|fromhard has 60 seconds left.\n|inactive|It'sJustKen VGC has 60 seconds left.\n|\n|t:|1776208033\n|teamsize|p1|4\n|teamsize|p2|4\n|start\n|switch|p1a: Garchomp|Garchomp, L50, M|100/100\n|switch|p1b: Whimsicott|Whimsicott, L50, F|100/100\n|switch|p2a: Just Dance|Floette-Eternal, L50, F|100/100\n|switch|p2b: Bad Romance|Espathra, L50, F|100/100\n|turn|1\n|inactive|It'sJustKen VGC has 30 seconds left.\n|\n|t:|1776208064\n|detailschange|p2a: Just Dance|Floette-Mega, L50, F\n|-mega|p2a: Just Dance|Floette|Floettite\n|-ability|p2a: Just Dance|Fairy Aura\n|move|p1b: Whimsicott|Icy Wind|p2a: Just Dance|[spread] p2a\n|-miss|p1b: Whimsicott|p2b: Bad Romance\n|-damage|p2a: Just Dance|90/100\n|-unboost|p2a: Just Dance|spe|1\n|move|p1a: Garchomp|Stomping Tantrum|p2a: Just Dance\n|-damage|p2a: Just Dance|40/100\n|move|p2a: Just Dance|Dazzling Gleam|p1a: Garchomp|[spread] p1a,p1b\n|-supereffective|p1a: Garchomp|1\n|-damage|p1a: Garchomp|12/100\n|-damage|p1b: Whimsicott|16/100\n|replace|p1b: Zoroark|Zoroark-Hisui, L50, M\n|-end|p1b: Zoroark|Illusion\n|move|p2b: Bad Romance|Trick Room|p2b: Bad Romance\n|-fieldstart|move: Trick Room|[of] p2b: Bad Romance\n|\n|-ability|p2b: Bad Romance|Speed Boost|boost\n|-boost|p2b: Bad Romance|spe|1\n|upkeep\n|turn|2\n|inactive|It'sJustKen VGC has 30 seconds left.\n|\n|t:|1776208090\n|move|p2b: Bad Romance|Helping Hand|p2a: Just Dance\n|-singleturn|p2a: Just Dance|Helping Hand|[of] p2b: Bad Romance\n|move|p1a: Garchomp|Protect|p1a: Garchomp\n|-singleturn|p1a: Garchomp|Protect\n|move|p2a: Just Dance|Dazzling Gleam|p1b: Zoroark|[spread] p1b\n|-activate|p1a: Garchomp|move: Protect\n|-crit|p1b: Zoroark\n|-damage|p1b: Zoroark|0 fnt\n|faint|p1b: Zoroark\n|\n|-ability|p2b: Bad Romance|Speed Boost|boost\n|-boost|p2b: Bad Romance|spe|1\n|upkeep\n|\n|t:|1776208095\n|switch|p1b: Floette|Floette-Eternal, L50, F|100/100\n|turn|3\n|j| Bullets95\n|\n|t:|1776208119\n|switch|p1a: Whimsicott|Whimsicott, L50, F|100/100\n|detailschange|p1b: Floette|Floette-Mega, L50, F\n|-mega|p1b: Floette|Floette|Floettite\n|-ability|p1b: Floette|Fairy Aura\n|move|p2a: Just Dance|Protect|p2a: Just Dance\n|-singleturn|p2a: Just Dance|Protect\n|move|p1b: Floette|Moonblast|p2a: Just Dance\n|-activate|p2a: Just Dance|move: Protect\n|move|p2b: Bad Romance|Lumina Crash|p1b: Floette\n|-damage|p1b: Floette|70/100\n|-unboost|p1b: Floette|spd|2\n|\n|-ability|p2b: Bad Romance|Speed Boost|boost\n|-boost|p2b: Bad Romance|spe|1\n|upkeep\n|turn|4\n|\n|t:|1776208134\n|switch|p2a: Paparazzi|Incineroar, L50, M|100/100\n|-ability|p2a: Paparazzi|Intimidate|boost\n|-unboost|p1a: Whimsicott|atk|1\n|-unboost|p1b: Floette|atk|1\n|move|p1a: Whimsicott|Encore|p2a: Paparazzi\n|-hint|Since gen 7, Dark is immune to Prankster moves.\n|-immune|p2a: Paparazzi\n|move|p1b: Floette|Moonblast|p2b: Bad Romance\n|-enditem|p2b: Bad Romance|Focus Sash\n|-damage|p2b: Bad Romance|1/100\n|move|p2b: Bad Romance|Lumina Crash|p1b: Floette\n|-damage|p1b: Floette|13/100\n|-unboost|p1b: Floette|spd|2\n|\n|-ability|p2b: Bad Romance|Speed Boost|boost\n|-boost|p2b: Bad Romance|spe|1\n|upkeep\n|turn|5\n|\n|t:|1776208152\n|switch|p2b: Poker Face|Sneasler, L50, M|100/100\n|move|p1a: Whimsicott|Protect|p1a: Whimsicott\n|-singleturn|p1a: Whimsicott|Protect\n|move|p1b: Floette|Protect|p1b: Floette\n|-singleturn|p1b: Floette|Protect\n|move|p2a: Paparazzi|Flare Blitz|p1a: Whimsicott\n|-activate|p1a: Whimsicott|move: Protect\n|\n|-fieldend|move: Trick Room\n|upkeep\n|turn|6\n|\n|t:|1776208164\n|move|p1a: Whimsicott|Tailwind|p1a: Whimsicott\n|-sidestart|p1: fromhard|move: Tailwind\n|move|p1b: Floette|Dazzling Gleam|p2a: Paparazzi|[spread] p2a,p2b\n|-damage|p2a: Paparazzi|60/100\n|-damage|p2b: Poker Face|39/100\n|move|p2b: Poker Face|Close Combat|p1a: Whimsicott\n|-resisted|p1a: Whimsicott|1\n|-damage|p1a: Whimsicott|71/100\n|-unboost|p2b: Poker Face|def|1\n|-unboost|p2b: Poker Face|spd|1\n|-enditem|p2b: Poker Face|White Herb\n|-clearnegativeboost|p2b: Poker Face|[silent]\n|move|p2a: Paparazzi|Flare Blitz|p1a: Whimsicott\n|-supereffective|p1a: Whimsicott|1\n|-damage|p1a: Whimsicott|0 fnt\n|faint|p1a: Whimsicott\n|-damage|p2a: Paparazzi|41/100|[from] Recoil\n|-enditem|p2a: Paparazzi|Sitrus Berry|[eat]\n|-heal|p2a: Paparazzi|66/100|[from] item: Sitrus Berry\n|\n|upkeep\n|\n|t:|1776208169\n|switch|p1a: Garchomp|Garchomp, L50, M|12/100\n|turn|7\n|inactive|It'sJustKen VGC has 30 seconds left.\n|inactive|It'sJustKen VGC has 20 seconds left.\n|inactive|It'sJustKen VGC has 15 seconds left.\n|inactive|It'sJustKen VGC has 10 seconds left.\n|\n|t:|1776208219\n|move|p1b: Floette|Protect|p1b: Floette\n|-singleturn|p1b: Floette|Protect\n|move|p2b: Poker Face|Close Combat|p1a: Garchomp\n|-damage|p1a: Garchomp|0 fnt\n|-unboost|p2b: Poker Face|def|1\n|-unboost|p2b: Poker Face|spd|1\n|-damage|p2b: Poker Face|27/100|[from] ability: Rough Skin|[of] p1a: Garchomp\n|faint|p1a: Garchomp\n|move|p2a: Paparazzi|Flare Blitz|p1b: Floette\n|-activate|p1b: Floette|move: Protect\n|\n|upkeep\n|turn|8\n|-message|fromhard forfeited.\n|\n|win|It'sJustKen VGC\n|raw|fromhard's rating: 1429 &rarr; <strong>1410</strong><br />(-19 for losing)\n|raw|It&apos;sJustKen VGC's rating: 1441 &rarr; <strong>1460</strong><br />(+19 for winning)\n|l|\u2606fromhard\n|player|p1|\n",
  "uploadtime": 1776208280,
  "views": 30,
  "formatid": "gen9championsvgc2026regma",
  "rating": 1410,
  "private": 0,
  "password": null
}