{
  "id": "gen9championsvgc2026regma-2581383676",
  "format": "[Gen 9 Champions] VGC 2026 Reg M-A",
  "players": [
    "AsexualBillClinton",
    "MakoGP"
  ],
  "log": "|j|\u2606AsexualBillClinton\n|j|\u2606MakoGP\n|t:|1775994484\n|gametype|doubles\n|player|p1|AsexualBillClinton|marlon|1105\n|player|p2|MakoGP|elesa-masters2|1155\n|gen|9\n|tier|[Gen 9 Champions] VGC 2026 Reg M-A\n|rated|\n|rule|Species Clause: Limit one of each Pok\u00e9mon\n|rule|Item Clause: Limit 1 of each item\n|clearpoke\n|poke|p1|Maushold, L50|\n|poke|p1|Sinistcha, L50|\n|poke|p1|Pelipper, L50, F|\n|poke|p1|Primarina, L50, M|\n|poke|p1|Ampharos, L50, F|\n|poke|p1|Kingambit, L50, M|\n|poke|p2|Tyranitar, L50, M|\n|poke|p2|Excadrill, L50, F|\n|poke|p2|Delphox, L50, F|\n|poke|p2|Rotom-Wash, L50|\n|poke|p2|Conkeldurr, L50, F|\n|poke|p2|Sinistcha, L50|\n|teampreview|4\n|\n|t:|1775994518\n|teamsize|p1|4\n|teamsize|p2|4\n|start\n|switch|p1a: Warren Piece|Sinistcha, L50|100/100\n|switch|p1b: Ampharos|Ampharos, L50, F, shiny|100/100\n|switch|p2a: Sand Foid|Excadrill, L50, F|100/100\n|switch|p2b: Rotom-Chud|Rotom-Wash, L50|100/100\n|turn|1\n|\n|t:|1775994539\n|move|p1b: Ampharos|Protect|p1b: Ampharos\n|-singleturn|p1b: Ampharos|Protect\n|move|p2a: Sand Foid|Earthquake|p1b: Ampharos|[spread] p1a\n|-activate|p1b: Ampharos|move: Protect\n|-immune|p2b: Rotom-Chud|[from] ability: Levitate\n|-resisted|p1a: Warren Piece|1\n|-damage|p1a: Warren Piece|82/100\n|move|p2b: Rotom-Chud|Thunderbolt|p1a: Warren Piece\n|-resisted|p1a: Warren Piece|1\n|-damage|p1a: Warren Piece|59/100\n|move|p1a: Warren Piece|Trick Room|p1a: Warren Piece\n|-fieldstart|move: Trick Room|[of] p1a: Warren Piece\n|\n|upkeep\n|turn|2\n|\n|t:|1775994565\n|switch|p1b: Primarina|Primarina, L50, M|100/100\n|move|p1a: Warren Piece|Matcha Gotcha|p2b: Rotom-Chud|[spread] p2a,p2b\n|-supereffective|p2b: Rotom-Chud|1\n|-damage|p2a: Sand Foid|63/100\n|-heal|p1a: Warren Piece|79/100|[from] drain|[of] p2a: Sand Foid\n|-damage|p2b: Rotom-Chud|50/100\n|-heal|p1a: Warren Piece|100/100|[from] drain|[of] p2b: Rotom-Chud\n|-status|p2a: Sand Foid|brn\n|move|p2b: Rotom-Chud|Thunderbolt|p1a: Warren Piece\n|-resisted|p1a: Warren Piece|1\n|-damage|p1a: Warren Piece|77/100\n|move|p2a: Sand Foid|Earthquake|p1b: Primarina|[spread] p1a,p1b\n|-immune|p2b: Rotom-Chud|[from] ability: Levitate\n|-resisted|p1a: Warren Piece|1\n|-crit|p1b: Primarina\n|-damage|p1a: Warren Piece|68/100\n|-damage|p1b: Primarina|64/100\n|\n|-heal|p1b: Primarina|69/100|[from] item: Leftovers\n|-heal|p2b: Rotom-Chud|55/100|[from] item: Leftovers\n|-damage|p2a: Sand Foid|57/100 brn|[from] brn\n|upkeep\n|turn|3\n|\n|t:|1775994604\n|move|p2a: Sand Foid|Protect|p2a: Sand Foid\n|-singleturn|p2a: Sand Foid|Protect\n|move|p1a: Warren Piece|Matcha Gotcha|p2b: Rotom-Chud|[spread] p2b\n|-activate|p2a: Sand Foid|move: Protect\n|-supereffective|p2b: Rotom-Chud|1\n|-damage|p2b: Rotom-Chud|0 fnt\n|-heal|p1a: Warren Piece|92/100|[from] drain|[of] p2b: Rotom-Chud\n|faint|p2b: Rotom-Chud\n|move|p1b: Primarina|Hyper Voice|p2a: Sand Foid\n|-activate|p2a: Sand Foid|move: Protect\n|\n|-heal|p1b: Primarina|75/100|[from] item: Leftovers\n|-damage|p2a: Sand Foid|51/100 brn|[from] brn\n|upkeep\n|\n|t:|1775994616\n|switch|p2b: Sand Chud|Tyranitar, L50, M|100/100\n|-weather|Sandstorm|[from] ability: Sand Stream|[of] p2b: Sand Chud\n|turn|4\n|\n|t:|1775994642\n|switch|p1a: Pelipper|Pelipper, L50, F|100/100\n|-weather|RainDance|[from] ability: Drizzle|[of] p1a: Pelipper\n|move|p2b: Sand Chud|Knock Off|p1a: Pelipper\n|-damage|p1a: Pelipper|48/100\n|-enditem|p1a: Pelipper|Focus Sash|[from] move: Knock Off|[of] p2b: Sand Chud\n|move|p1b: Primarina|Hyper Voice|p2a: Sand Foid|[spread] p2a,p2b\n|-supereffective|p2a: Sand Foid|1\n|-supereffective|p2b: Sand Chud|1\n|-damage|p2a: Sand Foid|0 fnt\n|-damage|p2b: Sand Chud|15/100\n|faint|p2a: Sand Foid\n|\n|-weather|RainDance|[upkeep]\n|-heal|p1b: Primarina|81/100|[from] item: Leftovers\n|upkeep\n|\n|t:|1775994654\n|switch|p2a: Nonbinary Child|Delphox, L50, F|100/100\n|turn|5\n|\n|t:|1775994665\n|move|p2b: Sand Chud|Protect|p2b: Sand Chud\n|-singleturn|p2b: Sand Chud|Protect\n|move|p2a: Nonbinary Child|Protect|p2a: Nonbinary Child\n|-singleturn|p2a: Nonbinary Child|Protect\n|move|p1a: Pelipper|Tailwind|p1a: Pelipper\n|-sidestart|p1: AsexualBillClinton|move: Tailwind\n|move|p1b: Primarina|Hyper Voice|p2a: Nonbinary Child|[spread] \n|-activate|p2a: Nonbinary Child|move: Protect\n|-activate|p2b: Sand Chud|move: Protect\n|\n|-weather|RainDance|[upkeep]\n|-heal|p1b: Primarina|87/100|[from] item: Leftovers\n|-fieldend|move: Trick Room\n|upkeep\n|turn|6\n|c|\u2606MakoGP|oo your team is fun\n|c|\u2606AsexualBillClinton|ty\n|\n|t:|1775994703\n|detailschange|p2a: Nonbinary Child|Delphox-Mega, L50, F\n|-mega|p2a: Nonbinary Child|Delphox|Delphoxite\n|move|p2a: Nonbinary Child|Psychic|p1a: Pelipper\n|-damage|p1a: Pelipper|0 fnt\n|faint|p1a: Pelipper\n|move|p1b: Primarina|Hyper Voice|p2b: Sand Chud|[spread] p2a,p2b\n|-supereffective|p2a: Nonbinary Child|1\n|-supereffective|p2b: Sand Chud|1\n|-damage|p2a: Nonbinary Child|0 fnt\n|-damage|p2b: Sand Chud|0 fnt\n|faint|p2a: Nonbinary Child\n|faint|p2b: Sand Chud\n|\n|win|AsexualBillClinton\n|raw|AsexualBillClinton's rating: 1105 &rarr; <strong>1134</strong><br />(+29 for winning)\n|raw|MakoGP's rating: 1155 &rarr; <strong>1126</strong><br />(-29 for losing)\n|c|\u2606MakoGP|gg\n",
  "uploadtime": 1775994720,
  "views": 18,
  "formatid": "gen9championsvgc2026regma",
  "rating": 1126,
  "private": 0,
  "password": null
}