{
  "id": "gen9championsvgc2026regma-2582112076",
  "format": "[Gen 9 Champions] VGC 2026 Reg M-A",
  "players": [
    "cardmaster10",
    "Mitchzukage"
  ],
  "log": "|j|\u2606cardmaster10\n|j|\u2606Mitchzukage\n|t:|1776059420\n|gametype|doubles\n|player|p1|cardmaster10|cynthia|1119\n|player|p2|Mitchzukage|2|1089\n|gen|9\n|tier|[Gen 9 Champions] VGC 2026 Reg M-A\n|rated|\n|rule|Species Clause: Limit one of each Pok\u00e9mon\n|rule|Item Clause: Limit 1 of each item\n|clearpoke\n|poke|p1|Basculegion, L50, M|\n|poke|p1|Dragonite, L50, M|\n|poke|p1|Pelipper, L50, M|\n|poke|p1|Sinistcha, L50|\n|poke|p1|Hydreigon, L50, F|\n|poke|p1|Sneasler, L50, F|\n|poke|p2|Charizard, L50, M|\n|poke|p2|Infernape, L50, M|\n|poke|p2|Armarouge, L50, F|\n|poke|p2|Kingambit, L50, F|\n|poke|p2|Clefable, L50, F|\n|poke|p2|Garchomp, L50, M|\n|teampreview|4\n|inactive|Battle timer is ON: inactive players will automatically lose when time's up. (requested by cardmaster10)\n|inactive|cardmaster10 has 60 seconds left.\n|\n|t:|1776059456\n|teamsize|p1|4\n|teamsize|p2|4\n|start\n|switch|p1a: Dragonite|Dragonite, L50, M|100/100\n|switch|p1b: Basculegion|Basculegion, L50, M|100/100\n|switch|p2a: Charizard|Charizard, L50, M, shiny|100/100\n|switch|p2b: Infernape|Infernape, L50, M, shiny|100/100\n|turn|1\n|\n|t:|1776059478\n|detailschange|p2a: Charizard|Charizard-Mega-Y, L50, M, shiny\n|-mega|p2a: Charizard|Charizard|Charizardite Y\n|-weather|SunnyDay|[from] ability: Drought|[of] p2a: Charizard\n|detailschange|p1a: Dragonite|Dragonite-Mega, L50, M\n|-mega|p1a: Dragonite|Dragonite|Dragoninite\n|move|p1b: Basculegion|Flip Turn|p2b: Infernape\n|-supereffective|p2b: Infernape|1\n|-damage|p2b: Infernape|40/100\n|\n|t:|1776059485\n|switch|p1b: Pelipper|Pelipper, L50, M|100/100|[from] Flip Turn\n|-weather|RainDance|[from] ability: Drizzle|[of] p1b: Pelipper\n|move|p2b: Infernape|U-turn|p1a: Dragonite\n|-resisted|p1a: Dragonite|1\n|-damage|p1a: Dragonite|96/100\n|\n|t:|1776059492\n|switch|p2b: Clefable|Clefable, L50, F, shiny|100/100|[from] U-turn\n|move|p2a: Charizard|Solar Beam||[still]\n|-prepare|p2a: Charizard|Solar Beam\n|move|p1a: Dragonite|Hurricane|p2b: Clefable\n|-crit|p2b: Clefable\n|-damage|p2b: Clefable|20/100\n|\n|-weather|RainDance|[upkeep]\n|-heal|p2b: Clefable|26/100|[from] item: Leftovers\n|upkeep\n|turn|2\n|inactive|cardmaster10 has 30 seconds left.\n|inactive|cardmaster10 has 20 seconds left.\n|inactive|cardmaster10 has 15 seconds left.\n|\n|t:|1776059532\n|move|p2a: Charizard|Solar Beam|p1b: Pelipper|[from] lockedmove\n|-damage|p1b: Pelipper|70/100\n|move|p1a: Dragonite|Thunder|p2a: Charizard\n|-supereffective|p2a: Charizard|1\n|-damage|p2a: Charizard|1/100\n|move|p1b: Pelipper|Weather Ball|p2a: Charizard\n|-supereffective|p2a: Charizard|1\n|-damage|p2a: Charizard|0 fnt\n|faint|p2a: Charizard\n|move|p2b: Clefable|Moonblast|p1a: Dragonite\n|-supereffective|p1a: Dragonite|1\n|-damage|p1a: Dragonite|49/100\n|\n|-weather|RainDance|[upkeep]\n|-heal|p1b: Pelipper|76/100|[from] item: Leftovers\n|-heal|p2b: Clefable|32/100|[from] item: Leftovers\n|upkeep\n|\n|t:|1776059547\n|switch|p2a: Kingambit|Kingambit, L50, F, shiny|100/100\n|turn|3\n|\n|t:|1776059563\n|switch|p1a: Hydreigon|Hydreigon, L50, F|100/100\n|move|p2a: Kingambit|Sucker Punch||[still]\n|-fail|p2a: Kingambit\n|move|p1b: Pelipper|Weather Ball|p2a: Kingambit\n|-damage|p2a: Kingambit|45/100\n|move|p2b: Clefable|Thunderbolt|p1b: Pelipper\n|-supereffective|p1b: Pelipper|2\n|-damage|p1b: Pelipper|0 fnt\n|faint|p1b: Pelipper\n|\n|-weather|RainDance|[upkeep]\n|-heal|p2b: Clefable|38/100|[from] item: Leftovers\n|upkeep\n|\n|t:|1776059577\n|switch|p1b: Dragonite|Dragonite-Mega, L50, M|49/100\n|turn|4\n|\n|t:|1776059591\n|move|p1a: Hydreigon|Protect|p1a: Hydreigon\n|-singleturn|p1a: Hydreigon|Protect\n|move|p2a: Kingambit|Sucker Punch|p1b: Dragonite\n|-damage|p1b: Dragonite|10/100\n|move|p1b: Dragonite|Hurricane|p2b: Clefable\n|-damage|p2b: Clefable|0 fnt\n|faint|p2b: Clefable\n|\n|-weather|RainDance|[upkeep]\n|upkeep\n|\n|t:|1776059599\n|switch|p2b: Infernape|Infernape, L50, M, shiny|40/100\n|turn|5\n|\n|t:|1776059611\n|move|p1b: Dragonite|Protect|p1b: Dragonite\n|-singleturn|p1b: Dragonite|Protect\n|move|p2a: Kingambit|Sucker Punch||[still]\n|-fail|p2a: Kingambit\n|move|p2b: Infernape|Close Combat|p1a: Hydreigon\n|-supereffective|p1a: Hydreigon|1\n|-damage|p1a: Hydreigon|0 fnt\n|-unboost|p2b: Infernape|def|1\n|-unboost|p2b: Infernape|spd|1\n|faint|p1a: Hydreigon\n|\n|-weather|none\n|upkeep\n|\n|t:|1776059621\n|switch|p1a: Basculegion|Basculegion, L50, M|100/100\n|turn|6\n|inactive|cardmaster10 has 30 seconds left.\n|inactive|cardmaster10 has 20 seconds left.\n|\n|t:|1776059656\n|move|p1a: Basculegion|Aqua Jet|p2b: Infernape\n|-supereffective|p2b: Infernape|1\n|-damage|p2b: Infernape|0 fnt\n|faint|p2b: Infernape\n|move|p2a: Kingambit|Sucker Punch||[still]\n|-fail|p2a: Kingambit\n|move|p1b: Dragonite|Ice Beam|p2a: Kingambit\n|-resisted|p2a: Kingambit|1\n|-damage|p2a: Kingambit|28/100\n|\n|upkeep\n|turn|7\n|\n|t:|1776059667\n|move|p1b: Dragonite|Protect|p1b: Dragonite\n|-singleturn|p1b: Dragonite|Protect\n|move|p1a: Basculegion|Aqua Jet|p2a: Kingambit\n|-damage|p2a: Kingambit|6/100\n|move|p2a: Kingambit|Kowtow Cleave|p1a: Basculegion\n|-supereffective|p1a: Basculegion|1\n|-damage|p1a: Basculegion|0 fnt\n|faint|p1a: Basculegion\n|\n|upkeep\n|turn|8\n|\n|t:|1776059678\n|move|p2a: Kingambit|Sucker Punch|p1b: Dragonite\n|-damage|p1b: Dragonite|0 fnt\n|faint|p1b: Dragonite\n|\n|win|Mitchzukage\n|raw|cardmaster10's rating: 1119 &rarr; <strong>1092</strong><br />(-27 for losing)\n|raw|Mitchzukage's rating: 1089 &rarr; <strong>1118</strong><br />(+29 for winning)\n",
  "uploadtime": 1776059688,
  "views": 10,
  "formatid": "gen9championsvgc2026regma",
  "rating": 1092,
  "private": 0,
  "password": null
}