{
  "id": "gen9championsvgc2026regma-2585347408",
  "format": "[Gen 9 Champions] VGC 2026 Reg M-A",
  "players": [
    "hiistanley",
    "KuroSaito"
  ],
  "log": "|j|\u2606hiistanley\n|j|\u2606KuroSaito\n|t:|1776340070\n|gametype|doubles\n|player|p1|hiistanley|2|1004\n|player|p2|KuroSaito|canari|1064\n|gen|9\n|tier|[Gen 9 Champions] VGC 2026 Reg M-A\n|rated|\n|rule|Species Clause: Limit one of each Pok\u00e9mon\n|rule|Item Clause: Limit 1 of each item\n|clearpoke\n|poke|p1|Lopunny, L50, F|\n|poke|p1|Whimsicott, L50, F|\n|poke|p1|Rotom-Wash, L50|\n|poke|p1|Kingambit, L50, M|\n|poke|p1|Dragapult, L50, M|\n|poke|p1|Glimmora, L50, M|\n|poke|p2|Gallade, L50, M|\n|poke|p2|Aegislash, L50, M|\n|poke|p2|Aerodactyl, L50, F|\n|poke|p2|Sneasler, L50, F|\n|poke|p2|Rotom-Wash, L50|\n|poke|p2|Altaria, L50, M|\n|teampreview|4\n|\n|t:|1776340130\n|teamsize|p1|4\n|teamsize|p2|4\n|start\n|switch|p1a: Lopunny|Lopunny, L50, F, shiny|100/100\n|switch|p1b: Dragapult|Dragapult, L50, M|100/100\n|switch|p2a: Gallade|Gallade, L50, M, shiny|100/100\n|switch|p2b: Aegislash|Aegislash, L50, M|100/100\n|turn|1\n|\n|t:|1776340158\n|detailschange|p2a: Gallade|Gallade-Mega, L50, M, shiny\n|-mega|p2a: Gallade|Gallade|Galladite\n|move|p1a: Lopunny|Fake Out|p2a: Gallade\n|-damage|p2a: Gallade|82/100\n|move|p1b: Dragapult|Psychic Fangs|p2a: Gallade\n|-damage|p2a: Gallade|46/100\n|move|p2a: Gallade|Sacred Sword|p1a: Lopunny\n|-supereffective|p1a: Lopunny|1\n|-damage|p1a: Lopunny|0 fnt\n|-start|p2a: Gallade|Attract|[from] ability: Cute Charm|[of] p1a: Lopunny\n|faint|p1a: Lopunny\n|-end|p2a: Gallade|Attract|[silent]\n|-formechange|p2b: Aegislash|Aegislash-Blade|\n|move|p2b: Aegislash|Shadow Ball|p1b: Dragapult\n|-supereffective|p1b: Dragapult|1\n|-damage|p1b: Dragapult|0 fnt\n|faint|p1b: Dragapult\n|\n|upkeep\n|\n|t:|1776340178\n|switch|p1b: Whimsicott|Whimsicott, L50, F|100/100\n|switch|p1a: Rotom|Rotom-Wash, L50|100/100\n|turn|2\n|\n|t:|1776340235\n|-formechange|p2b: Aegislash|Aegislash|\n|move|p2b: Aegislash|King's Shield|p2b: Aegislash\n|-singleturn|p2b: Aegislash|Protect\n|move|p1b: Whimsicott|Tailwind|p1b: Whimsicott\n|-sidestart|p1: hiistanley|move: Tailwind\n|move|p1a: Rotom|Shadow Ball|p2b: Aegislash\n|-activate|p2b: Aegislash|move: Protect\n|move|p2a: Gallade|Ice Punch|p1b: Whimsicott\n|-supereffective|p1b: Whimsicott|1\n|-damage|p1b: Whimsicott|14/100\n|\n|upkeep\n|turn|3\n|\n|t:|1776340257\n|switch|p2b: Altaria|Altaria, L50, M|100/100\n|-ability|p2b: Altaria|Cloud Nine\n|move|p1a: Rotom|Shadow Ball|p2b: Altaria\n|-damage|p2b: Altaria|70/100\n|move|p1b: Whimsicott|Moonblast|p2a: Gallade\n|-supereffective|p2a: Gallade|1\n|-damage|p2a: Gallade|0 fnt\n|faint|p2a: Gallade\n|\n|upkeep\n|\n|t:|1776340267\n|switch|p2a: Aegislash|Aegislash, L50, M|100/100\n|turn|4\n|\n|t:|1776340284\n|move|p2a: Aegislash|King's Shield|p2a: Aegislash\n|-singleturn|p2a: Aegislash|Protect\n|move|p1a: Rotom|Shadow Ball|p2b: Altaria\n|-damage|p2b: Altaria|40/100\n|-unboost|p2b: Altaria|spd|1\n|move|p1b: Whimsicott|Moonblast|p2b: Altaria\n|-supereffective|p2b: Altaria|1\n|-damage|p2b: Altaria|0 fnt\n|faint|p2b: Altaria\n|\n|upkeep\n|\n|t:|1776340313\n|switch|p2b: Rotom|Rotom-Wash, L50|100/100\n|turn|5\n|\n|t:|1776340337\n|move|p2a: Aegislash|King's Shield|p2a: Aegislash\n|-singleturn|p2a: Aegislash|Protect\n|move|p1a: Rotom|Shadow Ball|p2b: Rotom\n|-damage|p2b: Rotom|70/100\n|move|p1b: Whimsicott|Moonblast|p2b: Rotom\n|-damage|p2b: Rotom|18/100\n|move|p2b: Rotom|Thunderbolt|p1b: Whimsicott\n|-resisted|p1b: Whimsicott|1\n|-damage|p1b: Whimsicott|0 fnt\n|faint|p1b: Whimsicott\n|\n|-heal|p2b: Rotom|24/100|[from] item: Leftovers\n|-sideend|p1: hiistanley|move: Tailwind\n|upkeep\n|turn|6\n|\n|t:|1776340364\n|move|p1a: Rotom|Shadow Ball|p2b: Rotom\n|-damage|p2b: Rotom|0 fnt\n|faint|p2b: Rotom\n|-formechange|p2a: Aegislash|Aegislash-Blade|\n|move|p2a: Aegislash|Shadow Ball|p1a: Rotom\n|-damage|p1a: Rotom|35/100\n|\n|upkeep\n|turn|7\n|\n|t:|1776340375\n|-formechange|p2a: Aegislash|Aegislash|\n|move|p2a: Aegislash|King's Shield|p2a: Aegislash\n|-singleturn|p2a: Aegislash|Protect\n|move|p1a: Rotom|Shadow Ball|p2a: Aegislash\n|-activate|p2a: Aegislash|move: Protect\n|\n|upkeep\n|turn|8\n|\n|t:|1776340385\n|move|p1a: Rotom|Shadow Ball|p2a: Aegislash\n|-supereffective|p2a: Aegislash|1\n|-damage|p2a: Aegislash|62/100\n|-formechange|p2a: Aegislash|Aegislash-Blade|\n|move|p2a: Aegislash|Shadow Ball|p1a: Rotom\n|-damage|p1a: Rotom|0 fnt\n|faint|p1a: Rotom\n|\n|win|KuroSaito\n|raw|hiistanley's rating: 1004 &rarr; <strong>1000</strong><br />(-4 for losing)\n|raw|KuroSaito's rating: 1064 &rarr; <strong>1089</strong><br />(+25 for winning)\n",
  "uploadtime": 1776340396,
  "views": 22,
  "formatid": "gen9championsvgc2026regma",
  "rating": 1000,
  "private": 0,
  "password": null
}