{
  "id": "gen9championsvgc2026regma-2584993784",
  "format": "[Gen 9 Champions] VGC 2026 Reg M-A",
  "players": [
    "kuanyou",
    "Hickstar"
  ],
  "log": "|j|\u2606kuanyou\n|j|\u2606Hickstar\n|t:|1776301496\n|gametype|doubles\n|player|p1|kuanyou|102|1294\n|player|p2|Hickstar|1|1305\n|gen|9\n|tier|[Gen 9 Champions] VGC 2026 Reg M-A\n|rated|\n|rule|Species Clause: Limit one of each Pok\u00e9mon\n|rule|Item Clause: Limit 1 of each item\n|clearpoke\n|poke|p1|Scovillain, L50, F|\n|poke|p1|Sneasler, L50, F|\n|poke|p1|Primarina, L50, M|\n|poke|p1|Kingambit, L50, F|\n|poke|p1|Aerodactyl, L50, F|\n|poke|p1|Garchomp, L50, F|\n|poke|p2|Pelipper, L50, M|\n|poke|p2|Basculegion, L50, M|\n|poke|p2|Sneasler, L50, M|\n|poke|p2|Kingambit, L50, M|\n|poke|p2|Scizor, L50, M|\n|poke|p2|Garchomp, L50, M|\n|teampreview|4\nkuanyou has agreed to open team sheets.\n|\n|t:|1776301532\n|teamsize|p1|4\n|teamsize|p2|4\n|start\n|switch|p1a: Scovillain|Scovillain, L50, F|100/100\n|switch|p1b: Primarina|Primarina, L50, M|100/100\n|switch|p2a: Pelipper|Pelipper, L50, M|100/100\n|switch|p2b: Basculegion|Basculegion, L50, M|100/100\n|-weather|RainDance|[from] ability: Drizzle|[of] p2a: Pelipper\n|turn|1\n|\n|t:|1776301548\n|switch|p2b: Scizor|Scizor, L50, M|100/100\n|move|p1a: Scovillain|Protect|p1a: Scovillain\n|-singleturn|p1a: Scovillain|Protect\n|move|p1b: Primarina|Protect|p1b: Primarina\n|-singleturn|p1b: Primarina|Protect\n|move|p2a: Pelipper|Hurricane|p1a: Scovillain\n|-activate|p1a: Scovillain|move: Protect\n|\n|-weather|RainDance|[upkeep]\n|-ability|p1a: Scovillain|Moody|boost\n|-boost|p1a: Scovillain|def|2\n|-unboost|p1a: Scovillain|spa|1\n|upkeep\n|turn|2\n|\n|t:|1776301575\n|detailschange|p1a: Scovillain|Scovillain-Mega, L50, F\n|-mega|p1a: Scovillain|Scovillain|Scovillainite\n|detailschange|p2b: Scizor|Scizor-Mega, L50, M\n|-mega|p2b: Scizor|Scizor|Scizorite\n|move|p1a: Scovillain|Rage Powder|p1a: Scovillain\n|-singleturn|p1a: Scovillain|move: Rage Powder\n|move|p2a: Pelipper|Hurricane|p1a: Scovillain\n|-supereffective|p1a: Scovillain|1\n|-damage|p1a: Scovillain|5/100\n|-start|p1a: Scovillain|confusion\n|-status|p2a: Pelipper|brn|[from] ability: Spicy Spray|[of] p1a: Scovillain\n|move|p2b: Scizor|Swords Dance|p2b: Scizor\n|-boost|p2b: Scizor|atk|2\n|move|p1b: Primarina|Calm Mind|p1b: Primarina\n|-boost|p1b: Primarina|spa|1\n|-boost|p1b: Primarina|spd|1\n|\n|-weather|RainDance|[upkeep]\n|-damage|p2a: Pelipper|95/100 brn|[from] brn\n|upkeep\n|turn|3\n|\n|t:|1776301623\n|-activate|p1a: Scovillain|confusion\n|move|p1a: Scovillain|Rage Powder|p1a: Scovillain\n|-singleturn|p1a: Scovillain|move: Rage Powder\n|move|p2a: Pelipper|Hurricane|p1a: Scovillain\n|-supereffective|p1a: Scovillain|1\n|-damage|p1a: Scovillain|0 fnt\n|faint|p1a: Scovillain\n|move|p2b: Scizor|Bug Bite|p1b: Primarina\n|-resisted|p1b: Primarina|1\n|-damage|p1b: Primarina|43/100\n|move|p1b: Primarina|Hyper Voice|p2b: Scizor|[spread] p2a,p2b\n|-resisted|p2a: Pelipper|1\n|-damage|p2a: Pelipper|33/100 brn\n|-damage|p2b: Scizor|19/100\n|\n|-weather|RainDance|[upkeep]\n|-heal|p1b: Primarina|49/100|[from] item: Leftovers\n|-damage|p2a: Pelipper|27/100 brn|[from] brn\n|upkeep\n|\n|t:|1776301637\n|switch|p1a: Sneasler|Sneasler, L50, F|100/100\n|turn|4\n|\n|t:|1776301658\n|switch|p2a: Basculegion|Basculegion, L50, M|100/100\n|move|p2b: Scizor|Protect|p2b: Scizor\n|-singleturn|p2b: Scizor|Protect\n|move|p1a: Sneasler|Coaching|p1b: Primarina\n|-boost|p1b: Primarina|atk|1\n|-boost|p1b: Primarina|def|1\n|move|p1b: Primarina|Moonblast|p2a: Basculegion\n|-damage|p2a: Basculegion|21/100\n|\n|-weather|RainDance|[upkeep]\n|-heal|p1b: Primarina|55/100|[from] item: Leftovers\n|upkeep\n|turn|5\n|\n|t:|1776301689\n|move|p2a: Basculegion|Aqua Jet|p1a: Sneasler\n|-damage|p1a: Sneasler|47/100\n|move|p2b: Scizor|Bullet Punch|p1b: Primarina\n|-damage|p1b: Primarina|0 fnt\n|faint|p1b: Primarina\n|move|p1a: Sneasler|Coaching|p1: Primarina|[notarget]\n|-fail|p1a: Sneasler\n|\n|-weather|none\n|upkeep\n|\n|t:|1776301709\n|switch|p1b: Garchomp|Garchomp, L50, F|100/100\n|turn|6\n|\n|t:|1776301725\n|switch|p2a: Pelipper|Pelipper, L50, M|27/100 brn\n|-weather|RainDance|[from] ability: Drizzle|[of] p2a: Pelipper\n|move|p2b: Scizor|Bullet Punch|p1b: Garchomp\n|-damage|p1b: Garchomp|17/100\n|-damage|p2b: Scizor|7/100|[from] ability: Rough Skin|[of] p1b: Garchomp\n|move|p1a: Sneasler|Coaching|p1b: Garchomp\n|-boost|p1b: Garchomp|atk|1\n|-boost|p1b: Garchomp|def|1\n|move|p1b: Garchomp|Earthquake|p2a: Pelipper|[spread] p1a,p2b\n|-immune|p2a: Pelipper\n|-supereffective|p1a: Sneasler|1\n|-damage|p1a: Sneasler|0 fnt\n|-damage|p2b: Scizor|0 fnt\n|faint|p1a: Sneasler\n|faint|p2b: Scizor\n|\n|-weather|RainDance|[upkeep]\n|-damage|p2a: Pelipper|21/100 brn|[from] brn\n|upkeep\n|\n|t:|1776301740\n|switch|p2b: Basculegion|Basculegion, L50, M|21/100\n|turn|7\n|\n|t:|1776301747\n|move|p2b: Basculegion|Last Respects|p1b: Garchomp\n|-damage|p1b: Garchomp|0 fnt\n|faint|p1b: Garchomp\n|\n|win|Hickstar\n|raw|kuanyou's rating: 1294 &rarr; <strong>1270</strong><br />(-24 for losing)\n|raw|Hickstar's rating: 1305 &rarr; <strong>1324</strong><br />(+19 for winning)\n",
  "uploadtime": 1776301747,
  "views": 30,
  "formatid": "gen9championsvgc2026regma",
  "rating": 1270,
  "private": 0,
  "password": null
}