{
  "id": "gen9championsvgc2026regma-2585340413",
  "format": "[Gen 9 Champions] VGC 2026 Reg M-A",
  "players": [
    "Glitch30",
    "thacrow"
  ],
  "log": "|j|\u2606Glitch30\n|j|\u2606thacrow\n|t:|1776339424\n|gametype|doubles\n|player|p1|Glitch30|102|\n|player|p2|thacrow|#thacrow|\n|gen|9\n|tier|[Gen 9 Champions] VGC 2026 Reg M-A\n|rated|Tournament battle\n|rule|Species Clause: Limit one of each Pok\u00e9mon\n|rule|Item Clause: Limit 1 of each item\n|raw|<div class=\"infobox\"><details class=\"readmore\" open><summary><strong>1 custom rule:</strong></summary> force open teamsheets</details></div>\n|clearpoke\n|poke|p1|Archaludon, L50, F|\n|poke|p1|Pelipper, L50, F|\n|poke|p1|Basculegion, L50, M|\n|poke|p1|Floette-Eternal, L50, F|\n|poke|p1|Incineroar, L50, F|\n|poke|p1|Sinistcha, L50|\n|poke|p2|Gengar, L50, M|\n|poke|p2|Incineroar, L50, M|\n|poke|p2|Hydreigon, L50, M|\n|poke|p2|Sneasler, L50, M|\n|poke|p2|Politoed, L50, M|\n|poke|p2|Palafin, L50, F|\n|teampreview|4\n|showteam|p1|Archaludon||Leftovers|Stamina|ElectroShot,FlashCannon,DragonPulse,Protect|||F|||50|]Pelipper||FocusSash|Drizzle|Protect,WeatherBall,Hurricane,Tailwind|||F|||50|]Basculegion||MysticWater|SwiftSwim|WaveCrash,LastRespects,Protect,FlipTurn|||M|||50|]Floette-Eternal||Floettite|FlowerVeil|Protect,Moonblast,DazzlingGleam,CalmMind|||F|||50|]Incineroar||SitrusBerry|Intimidate|FakeOut,FlareBlitz,PartingShot,ThroatChop|||F|||50|]Sinistcha||KasibBerry|Hospitality|RagePowder,MatchaGotcha,TrickRoom,StrengthSap||||||50|\n|showteam|p2|Gengar||Gengarite|CursedBody|Protect,ShadowBall,PerishSong,Substitute|||M|||50|]Incineroar||SitrusBerry|Intimidate|Protect,FlareBlitz,PartingShot,FakeOut|||M|||50|]Hydreigon||ChoiceScarf|Levitate|Protect,DarkPulse,DracoMeteor,Snarl|||M|||50|]Sneasler||WhiteHerb|Unburden|Protect,CloseCombat,DireClaw,FakeOut|||M|||50|]Politoed||Leftovers|Drizzle|Protect,WeatherBall,Encore,PerishSong|||M|||50|]Palafin||MysticWater|ZerotoHero|Protect,WaveCrash,CloseCombat,JetPunch|||F|||50|\n|j| TimeforCHILLI\n|j| pepo893\n|j| razor2811\n|j| Zonkah\n|j| Alejop88\n|j| BenniOVYalt\n|j| Ballerr\n|j| SeydouVGC\n|\n|t:|1776339507\n|teamsize|p1|4\n|teamsize|p2|4\n|start\n|switch|p1a: Basculegion|Basculegion, L50, M|100/100\n|switch|p1b: Pelipper|Pelipper, L50, F|100/100\n|switch|p2a: Hydreigon|Hydreigon, L50, M, shiny|100/100\n|switch|p2b: Palafin|Palafin, L50, F, shiny|100/100\n|-weather|RainDance|[from] ability: Drizzle|[of] p1b: Pelipper\n|turn|1\n|\n|t:|1776339533\n|detailschange|p2b: Palafin|Palafin-Hero, L50, F, shiny\n|switch|p2b: Gengar|Gengar, L50, M, shiny|100/100\n|move|p1a: Basculegion|Protect|p1a: Basculegion\n|-singleturn|p1a: Basculegion|Protect\n|move|p2a: Hydreigon|Dark Pulse|p1a: Basculegion\n|-activate|p1a: Basculegion|move: Protect\n|move|p1b: Pelipper|Tailwind|p1b: Pelipper\n|-sidestart|p1: Glitch30|move: Tailwind\n|\n|-weather|RainDance|[upkeep]\n|upkeep\n|turn|2\n|\n|t:|1776339548\n|detailschange|p2b: Gengar|Gengar-Mega, L50, M, shiny\n|-mega|p2b: Gengar|Gengar|Gengarite\n|move|p2b: Gengar|Protect|p2b: Gengar\n|-singleturn|p2b: Gengar|Protect\n|move|p1a: Basculegion|Flip Turn|p2a: Hydreigon\n|-resisted|p2a: Hydreigon|1\n|-damage|p2a: Hydreigon|68/100\n|\n|t:|1776339554\n|switch|p1a: Incineroar|Incineroar, L50, F|100/100|[from] Flip Turn\n|-ability|p1a: Incineroar|Intimidate|boost\n|-unboost|p2a: Hydreigon|atk|1\n|-unboost|p2b: Gengar|atk|1\n|move|p1b: Pelipper|Hurricane|p2a: Hydreigon\n|-damage|p2a: Hydreigon|12/100\n|move|p2a: Hydreigon|Dark Pulse|p1a: Incineroar\n|-resisted|p1a: Incineroar|1\n|-damage|p1a: Incineroar|84/100\n|\n|-weather|RainDance|[upkeep]\n|upkeep\n|turn|3\n|j| oReverse\n|\n|t:|1776339570\n|switch|p2a: Palafin|Palafin-Hero, L50, F, shiny|100/100\n|-activate|p2a: Palafin|ability: Zero to Hero\n|switch|p2b: Sneasler|Sneasler, L50, M, shiny|100/100\n|move|p1b: Pelipper|Weather Ball|p2b: Sneasler\n|-damage|p2b: Sneasler|13/100\n|move|p1a: Incineroar|Throat Chop|p2b: Sneasler\n|-resisted|p2b: Sneasler|1\n|-damage|p2b: Sneasler|0 fnt\n|faint|p2b: Sneasler\n|\n|-weather|RainDance|[upkeep]\n|upkeep\n|\n|t:|1776339577\n|switch|p2b: Gengar|Gengar-Mega, L50, M, shiny|100/100\n|turn|4\n|j| espatocular\n|\n|t:|1776339589\n|move|p2a: Palafin|Jet Punch|p1a: Incineroar\n|-supereffective|p1a: Incineroar|1\n|-damage|p1a: Incineroar|0 fnt\n|faint|p1a: Incineroar\n|move|p1b: Pelipper|Hurricane|p2a: Palafin\n|-damage|p2a: Palafin|53/100\n|move|p2b: Gengar|Shadow Ball|p1b: Pelipper\n|-damage|p1b: Pelipper|23/100\n|\n|-weather|RainDance|[upkeep]\n|-sideend|p1: Glitch30|move: Tailwind\n|upkeep\n|\n|t:|1776339600\n|switch|p1a: Archaludon|Archaludon, L50, F, shiny|100/100\n|turn|5\n|\n|t:|1776339638\n|move|p2a: Palafin|Protect|p2a: Palafin\n|-singleturn|p2a: Palafin|Protect\n|move|p1b: Pelipper|Protect|p1b: Pelipper\n|-singleturn|p1b: Pelipper|Protect\n|move|p2b: Gengar|Shadow Ball|p1b: Pelipper\n|-activate|p1b: Pelipper|move: Protect\n|move|p1a: Archaludon|Electro Shot||[still]\n|-prepare|p1a: Archaludon|Electro Shot\n|-boost|p1a: Archaludon|spa|1\n|-anim|p1a: Archaludon|Electro Shot|p2b: Gengar\n|-damage|p2b: Gengar|38/100\n|\n|-weather|none\n|upkeep\n|turn|6\n|\n|t:|1776339652\n|move|p2b: Gengar|Shadow Ball|p1a: Archaludon\n|-damage|p1a: Archaludon|59/100\n|-ability|p1a: Archaludon|Stamina|boost\n|-boost|p1a: Archaludon|def|1\n|move|p2a: Palafin|Close Combat|p1a: Archaludon\n|-supereffective|p1a: Archaludon|1\n|-damage|p1a: Archaludon|10/100\n|-unboost|p2a: Palafin|def|1\n|-unboost|p2a: Palafin|spd|1\n|-ability|p1a: Archaludon|Stamina|boost\n|-boost|p1a: Archaludon|def|1\n|move|p1b: Pelipper|Tailwind|p1b: Pelipper\n|-sidestart|p1: Glitch30|move: Tailwind\n|move|p1a: Archaludon|Dragon Pulse|p2a: Palafin\n|-damage|p2a: Palafin|0 fnt\n|faint|p2a: Palafin\n|\n|-heal|p1a: Archaludon|16/100|[from] item: Leftovers\n|upkeep\n|\n|t:|1776339655\n|switch|p2a: Hydreigon|Hydreigon, L50, M, shiny|12/100\n|turn|7\n|\n|t:|1776339668\n|move|p1b: Pelipper|Weather Ball|p2a: Hydreigon\n|-damage|p2a: Hydreigon|0 fnt\n|faint|p2a: Hydreigon\n|move|p1a: Archaludon|Dragon Pulse|p2b: Gengar\n|-damage|p2b: Gengar|0 fnt\n|faint|p2b: Gengar\n|\n|win|Glitch30\n|n|\u2606Glitch30|glitch30\n|n|\u2606thacrow|thacrow\n|n| TimeforCHILLI|timeforchilli\n|n| pepo893|pepo893\n|n| razor2811|razor2811\n|n| Zonkah|zonkah\n|n| Alejop88|alejop88\n|n| BenniOVYalt|benniovyalt\n|n| Ballerr|ballerr\n|n| SeydouVGC|seydouvgc\n|n| oReverse|oreverse\n|n| espatocular|espatocular\n",
  "uploadtime": 1776339668,
  "views": 17,
  "formatid": "gen9championsvgc2026regma",
  "rating": null,
  "private": 0,
  "password": null
}