{
  "id": "gen9championsvgc2026regma-2582759453",
  "format": "[Gen 9 Champions] VGC 2026 Reg M-A",
  "players": [
    "stonedbro",
    "Laddering67"
  ],
  "log": "|j|\u2606stonedbro\n|j|\u2606Laddering67\n|t:|1776112128\n|gametype|doubles\n|player|p1|stonedbro|firebreather|1120\n|player|p2|Laddering67|hoopster|1045\n|gen|9\n|tier|[Gen 9 Champions] VGC 2026 Reg M-A\n|rated|\n|rule|Species Clause: Limit one of each Pok\u00e9mon\n|rule|Item Clause: Limit 1 of each item\n|clearpoke\n|poke|p1|Heracross, L50, F|\n|poke|p1|Whimsicott, L50, M|\n|poke|p1|Rotom-Wash, L50|\n|poke|p1|Arcanine-Hisui, L50, M|\n|poke|p1|Incineroar, L50, F|\n|poke|p1|Typhlosion-Hisui, L50, F|\n|poke|p2|Charizard, L50, M|\n|poke|p2|Venusaur, L50, M|\n|poke|p2|Garchomp, L50, M|\n|poke|p2|Sneasler, L50, F|\n|poke|p2|Kingambit, L50, F|\n|poke|p2|Whimsicott, L50, F|\n|teampreview|4\n|inactive|Battle timer is ON: inactive players will automatically lose when time's up. (requested by Laddering67)\n|\n|t:|1776112150\n|teamsize|p1|4\n|teamsize|p2|4\n|start\n|switch|p1a: Heracross|Heracross, L50, F|100/100\n|switch|p1b: Incineroar|Incineroar, L50, F|100/100\n|switch|p2a: Garchomp|Garchomp, L50, M|100/100\n|switch|p2b: Whimsicott|Whimsicott, L50, F|100/100\n|-ability|p1b: Incineroar|Intimidate|boost\n|-unboost|p2a: Garchomp|atk|1\n|-unboost|p2b: Whimsicott|atk|1\n|turn|1\n|inactive|stonedbro has 30 seconds left.\n|\n|t:|1776112177\n|detailschange|p1a: Heracross|Heracross-Mega, L50, F\n|-mega|p1a: Heracross|Heracross|Heracronite\n|move|p2b: Whimsicott|Protect|p2b: Whimsicott\n|-singleturn|p2b: Whimsicott|Protect\n|move|p1b: Incineroar|Fake Out|p2b: Whimsicott\n|-activate|p2b: Whimsicott|move: Protect\n|move|p2a: Garchomp|Earthquake|p1a: Heracross|[spread] p1a,p1b\n|-activate|p2b: Whimsicott|move: Protect\n|-resisted|p1a: Heracross|1\n|-crit|p1a: Heracross\n|-supereffective|p1b: Incineroar|1\n|-damage|p1a: Heracross|72/100\n|-damage|p1b: Incineroar|54/100\n|move|p1a: Heracross|Pin Missile|p2b: Whimsicott\n|-activate|p2b: Whimsicott|move: Protect\n|\n|upkeep\n|turn|2\n|inactive|stonedbro has 30 seconds left.\n|inactive|Laddering67 has 30 seconds left.\n|\n|t:|1776112211\n|move|p2a: Garchomp|Outrage|p1b: Incineroar\n|-damage|p1b: Incineroar|17/100\n|move|p2b: Whimsicott|Moonblast|p1a: Heracross\n|-supereffective|p1a: Heracross|1\n|-damage|p1a: Heracross|13/100\n|move|p1a: Heracross|Pin Missile|p2b: Whimsicott|[miss]\n|-miss|p1a: Heracross|p2b: Whimsicott\n|move|p1b: Incineroar|Parting Shot|p2a: Garchomp\n|-unboost|p2a: Garchomp|atk|1\n|-unboost|p2a: Garchomp|spa|1\n|\n|t:|1776112220\n|switch|p1b: Whimsicott|Whimsicott, L50, M|100/100|[from] Parting Shot\n|\n|upkeep\n|turn|3\n|\n|t:|1776112236\n|move|p1b: Whimsicott|Tailwind|p1b: Whimsicott\n|-sidestart|p1: stonedbro|move: Tailwind\n|move|p2b: Whimsicott|Tailwind|p2b: Whimsicott\n|-sidestart|p2: Laddering67|move: Tailwind\n|move|p2a: Garchomp|Outrage|p1a: Heracross|[from] lockedmove\n|-damage|p1a: Heracross|0 fnt\n|faint|p1a: Heracross\n|-start|p2a: Garchomp|confusion|[fatigue]\n|-enditem|p2a: Garchomp|Lum Berry|[eat]\n|-end|p2a: Garchomp|confusion\n|\n|upkeep\n|\n|t:|1776112246\n|switch|p1a: Typhlosion|Typhlosion-Hisui, L50, F|100/100\n|turn|4\n|\n|t:|1776112255\n|move|p2b: Whimsicott|Protect|p2b: Whimsicott\n|-singleturn|p2b: Whimsicott|Protect\n|move|p1a: Typhlosion|Heat Wave|p2a: Garchomp|[spread] p2a\n|-activate|p2b: Whimsicott|move: Protect\n|-resisted|p2a: Garchomp|1\n|-damage|p2a: Garchomp|80/100\n|move|p1b: Whimsicott|Moonblast|p2a: Garchomp\n|-supereffective|p2a: Garchomp|1\n|-damage|p2a: Garchomp|0 fnt\n|faint|p2a: Garchomp\n|\n|upkeep\n|\n|t:|1776112266\n|switch|p2a: Sneasler|Sneasler, L50, F|100/100\n|-ability|p2a: Sneasler|Pressure\n|turn|5\n|inactive|stonedbro has 30 seconds left.\n|inactive|stonedbro has 20 seconds left.\n|inactive|stonedbro has 15 seconds left.\n|\n|t:|1776112310\n|move|p1b: Whimsicott|Sunny Day|p1b: Whimsicott\n|-weather|SunnyDay\n|move|p1a: Typhlosion|Heat Wave|p2a: Sneasler|[spread] p2a,p2b\n|-crit|p2a: Sneasler\n|-supereffective|p2b: Whimsicott|1\n|-damage|p2a: Sneasler|0 fnt\n|-damage|p2b: Whimsicott|0 fnt\n|faint|p2a: Sneasler\n|faint|p2b: Whimsicott\n|\n|-weather|SunnyDay|[upkeep]\n|upkeep\n|\n|t:|1776112325\n|switch|p2b: Kingambit|Kingambit, L50, F|100/100\n|-activate|p2b: Kingambit|ability: Supreme Overlord\n|-start|p2b: Kingambit|fallen3|[silent]\n|turn|6\n|inactive|stonedbro has 30 seconds left.\n|\n|t:|1776112353\n|move|p2b: Kingambit|Sucker Punch|p1a: Typhlosion\n|-supereffective|p1a: Typhlosion|1\n|-damage|p1a: Typhlosion|0 fnt\n|faint|p1a: Typhlosion\n|move|p1b: Whimsicott|Moonblast|p2b: Kingambit\n|-damage|p2b: Kingambit|64/100\n|\n|-weather|SunnyDay|[upkeep]\n|-sideend|p2: Laddering67|move: Tailwind\n|-sideend|p1: stonedbro|move: Tailwind\n|upkeep\n|\n|t:|1776112356\n|switch|p1a: Incineroar|Incineroar, L50, F|17/100\n|-ability|p1a: Incineroar|Intimidate|boost\n|-unboost|p2b: Kingambit|atk|1\n|turn|7\n|\n|t:|1776112367\n|move|p1a: Incineroar|Fake Out|p2b: Kingambit\n|-resisted|p2b: Kingambit|1\n|-crit|p2b: Kingambit\n|-damage|p2b: Kingambit|58/100\n|move|p1b: Whimsicott|Moonblast|p2b: Kingambit\n|-damage|p2b: Kingambit|25/100\n|-unboost|p2b: Kingambit|spa|1\n|cant|p2b: Kingambit|flinch\n|\n|-weather|SunnyDay|[upkeep]\n|upkeep\n|turn|8\n|\n|t:|1776112379\n|move|p1b: Whimsicott|Moonblast|p2b: Kingambit\n|-damage|p2b: Kingambit|0 fnt\n|faint|p2b: Kingambit\n|-end|p2b: Kingambit|fallen3|[silent]\n|\n|win|stonedbro\n|raw|stonedbro's rating: 1120 &rarr; <strong>1140</strong><br />(+20 for winning)\n|raw|Laddering67's rating: 1045 &rarr; <strong>1032</strong><br />(-13 for losing)\n|l|\u2606Laddering67\n|player|p2|\n",
  "uploadtime": 1776112386,
  "views": 18,
  "formatid": "gen9championsvgc2026regma",
  "rating": 1032,
  "private": 0,
  "password": null
}