{
  "id": "gen9championsvgc2026regma-2580971287",
  "format": "[Gen 9 Champions] VGC 2026 Reg M-A",
  "players": [
    "tryson69",
    "banfox Doubloons"
  ],
  "log": "|j|\u2606tryson69\n|j|\u2606banfox Doubloons\n|html|<table width=\"100%\"><tr><td align=\"left\">tryson69</td><td align=\"right\">banfox Doubloons</tr><tr><td align=\"left\"><i class=\"fa fa-circle-o\"></i> <i class=\"fa fa-circle-o\"></i> </td><td align=\"right\"><i class=\"fa fa-circle-o\"></i> <i class=\"fa fa-circle\"></i> </tr></table>\n|uhtml|bestof|<h2><strong>Game 2</strong> of <a href=\"/game-bestof3-gen9championsvgc2026regma-2580968130\">a best-of-3</a></h2>\n|t:|1775947843\n|gametype|doubles\n|player|p1|tryson69|crasherwake|\n|player|p2|banfox Doubloons|gambler|\n|gen|9\n|tier|[Gen 9 Champions] VGC 2026 Reg M-A\n|rated|Tournament battle\n|rule|Species Clause: Limit one of each Pok\u00e9mon\n|rule|Item Clause: Limit 1 of each item\n|raw|<div class=\"infobox\"><details class=\"readmore\" open><summary><strong>2 custom rules:</strong></summary> Force Open Team Sheets, Best of = 3</details></div>\n|clearpoke\n|poke|p1|Aggron, L50, M|\n|poke|p1|Incineroar, L50, F|\n|poke|p1|Tyranitar, L50, M|\n|poke|p1|Rotom-Wash, L50|\n|poke|p1|Garchomp, L50, F|\n|poke|p1|Sinistcha, L50|\n|poke|p2|Venusaur, L50, M|\n|poke|p2|Basculegion, L50, M|\n|poke|p2|Incineroar, L50, M|\n|poke|p2|Dragonite, L50, M|\n|poke|p2|Aegislash, L50, F|\n|teampreview|4\n|showteam|p1|Aggron||Aggronite|Sturdy|BodyPress,IronDefense,HeavySlam,Protect|||M|||50|]Incineroar||LumBerry|Intimidate|FakeOut,FlareBlitz,WillOWisp,PartingShot|||F|||50|]Tyranitar||Tyranitarite|SandStream|RockSlide,KnockOff,LowKick,Protect|||M|||50|]Rotom-Wash||SitrusBerry|Levitate|Electroweb,HydroPump,WillOWisp,Protect||||||50|]Garchomp||Leftovers|SandVeil|Substitute,ScaleShot,SwordsDance,Earthquake|||F|||50|]Sinistcha||MentalHerb|Hospitality|MatchaGotcha,RagePowder,StrengthSap,TrickRoom||||||50|\n|showteam|p2|Venusaur||Venusaurite|Chlorophyll|SludgeBomb,EarthPower,LeechSeed,Protect|||M|||50|]Basculegion||ChoiceScarf|Adaptability|WaveCrash,LastRespects,FlipTurn,AquaJet|||M|||50|]Incineroar||ShucaBerry|Intimidate|FlareBlitz,PartingShot,FakeOut,DarkestLariat|||M|||50|]Dragonite||LumBerry|Multiscale|DragonClaw,AerialAce,ExtremeSpeed,Protect|||M|||50|]Aegislash||Leftovers|StanceChange|IronHead,SwordsDance,ShadowSneak,KingsShield|||F|||50|\n|inactive|Battle timer is ON: inactive players will automatically lose when time's up. (requested by banfox Doubloons)\n|\n|t:|1775947868\n|teamsize|p1|4\n|teamsize|p2|4\n|start\n|switch|p1a: Rotom|Rotom-Wash, L50|100/100\n|switch|p1b: Garchomp|Garchomp, L50, F|100/100\n|switch|p2a: Basculegion|Basculegion, L50, M|100/100\n|switch|p2b: Venusaur|Venusaur, L50, M|100/100\n|turn|1\n|\n|t:|1775947885\n|detailschange|p2b: Venusaur|Venusaur-Mega, L50, M\n|-mega|p2b: Venusaur|Venusaur|Venusaurite\n|move|p2a: Basculegion|Flip Turn|p1b: Garchomp\n|-damage|p1b: Garchomp|65/100\n|\n|t:|1775947889\n|switch|p2a: Incineroar|Incineroar, L50, M|100/100|[from] Flip Turn\n|-ability|p2a: Incineroar|Intimidate|boost\n|-unboost|p1a: Rotom|atk|1\n|-unboost|p1b: Garchomp|atk|1\n|move|p1b: Garchomp|Substitute|p1b: Garchomp\n|-start|p1b: Garchomp|Substitute\n|-damage|p1b: Garchomp|40/100\n|move|p1a: Rotom|Electroweb|p2b: Venusaur|[spread] p2a,p2b\n|-resisted|p2b: Venusaur|1\n|-damage|p2a: Incineroar|89/100\n|-damage|p2b: Venusaur|95/100\n|-unboost|p2a: Incineroar|spe|1\n|-unboost|p2b: Venusaur|spe|1\n|move|p2b: Venusaur|Earth Power|p1b: Garchomp\n|-crit|p1b: Garchomp\n|-end|p1b: Garchomp|Substitute\n|\n|-heal|p1b: Garchomp|47/100|[from] item: Leftovers\n|upkeep\n|turn|2\n|\n|t:|1775947913\n|move|p2a: Incineroar|Fake Out|p1b: Garchomp\n|-damage|p1b: Garchomp|37/100\n|cant|p1b: Garchomp|flinch\n|move|p1a: Rotom|Will-O-Wisp|p2b: Venusaur\n|-status|p2b: Venusaur|brn\n|move|p2b: Venusaur|Leech Seed|p1b: Garchomp\n|-start|p1b: Garchomp|move: Leech Seed\n|\n|-heal|p1b: Garchomp|43/100|[from] item: Leftovers\n|-damage|p1b: Garchomp|31/100|[from] Leech Seed|[of] p2b: Venusaur\n|-heal|p2b: Venusaur|100/100 brn|[silent]\n|-damage|p2b: Venusaur|95/100 brn|[from] brn\n|upkeep\n|turn|3\n|\n|t:|1775947925\n|switch|p1b: Tyranitar|Tyranitar, L50, M|100/100\n|-weather|Sandstorm|[from] ability: Sand Stream|[of] p1b: Tyranitar\n|move|p1a: Rotom|Hydro Pump|p2a: Incineroar\n|-supereffective|p2a: Incineroar|1\n|-damage|p2a: Incineroar|16/100\n|move|p2b: Venusaur|Sludge Bomb|p1a: Rotom\n|-damage|p1a: Rotom|71/100\n|move|p2a: Incineroar|Parting Shot|p1b: Tyranitar\n|-unboost|p1b: Tyranitar|atk|1\n|-unboost|p1b: Tyranitar|spa|1\n|\n|t:|1775947931\n|switch|p2a: Basculegion|Basculegion, L50, M|100/100|[from] Parting Shot\n|\n|-weather|Sandstorm|[upkeep]\n|-damage|p2a: Basculegion|94/100|[from] Sandstorm\n|-damage|p1a: Rotom|65/100|[from] Sandstorm\n|-damage|p2b: Venusaur|89/100 brn|[from] Sandstorm\n|-damage|p2b: Venusaur|83/100 brn|[from] brn\n|upkeep\n|turn|4\n|\n|t:|1775947950\n|detailschange|p1b: Tyranitar|Tyranitar-Mega, L50, M\n|-mega|p1b: Tyranitar|Tyranitar|Tyranitarite\n|move|p1a: Rotom|Protect|p1a: Rotom\n|-singleturn|p1a: Rotom|Protect\n|move|p2a: Basculegion|Flip Turn|p1a: Rotom\n|-activate|p1a: Rotom|move: Protect\n|move|p1b: Tyranitar|Knock Off|p2a: Basculegion\n|-supereffective|p2a: Basculegion|1\n|-damage|p2a: Basculegion|0 fnt\n|-enditem|p2a: Basculegion|Choice Scarf|[from] move: Knock Off|[of] p1b: Tyranitar\n|faint|p2a: Basculegion\n|move|p2b: Venusaur|Leech Seed|p1a: Rotom\n|-activate|p1a: Rotom|move: Protect\n|\n|-weather|Sandstorm|[upkeep]\n|-damage|p1a: Rotom|60/100|[from] Sandstorm\n|-damage|p2b: Venusaur|77/100 brn|[from] Sandstorm\n|-damage|p2b: Venusaur|71/100 brn|[from] brn\n|upkeep\n|\n|t:|1775947958\n|switch|p2a: Incineroar|Incineroar, L50, M|16/100\n|-ability|p2a: Incineroar|Intimidate|boost\n|-unboost|p1a: Rotom|atk|1\n|-unboost|p1b: Tyranitar|atk|1\n|turn|5\n|\n|t:|1775947968\n|move|p2a: Incineroar|Fake Out|p1a: Rotom\n|-damage|p1a: Rotom|49/100\n|-enditem|p1a: Rotom|Sitrus Berry|[eat]\n|-heal|p1a: Rotom|74/100|[from] item: Sitrus Berry\n|cant|p1a: Rotom|flinch\n|move|p1b: Tyranitar|Rock Slide|p2b: Venusaur|[spread] p2a,p2b\n|-supereffective|p2a: Incineroar|1\n|-damage|p2a: Incineroar|0 fnt\n|-damage|p2b: Venusaur|56/100 brn\n|faint|p2a: Incineroar\n|move|p2b: Venusaur|Leech Seed|p1a: Rotom\n|-start|p1a: Rotom|move: Leech Seed\n|\n|-weather|Sandstorm|[upkeep]\n|-damage|p1a: Rotom|68/100|[from] Sandstorm\n|-damage|p2b: Venusaur|50/100 brn|[from] Sandstorm\n|-damage|p1a: Rotom|56/100|[from] Leech Seed|[of] p2b: Venusaur\n|-heal|p2b: Venusaur|60/100 brn|[silent]\n|-damage|p2b: Venusaur|55/100 brn|[from] brn\n|upkeep\n|\n|t:|1775947971\n|switch|p2a: Aegislash|Aegislash, L50, F|100/100\n|turn|6\n|j| blackwing47\n|\n|t:|1775947992\n|switch|p1b: Sinistcha|Sinistcha, L50|100/100\n|-heal|p1a: Rotom|81/100|[from] ability: Hospitality|[of] p1b: Sinistcha\n|move|p1a: Rotom|Will-O-Wisp|p2a: Aegislash\n|-status|p2a: Aegislash|brn\n|move|p2a: Aegislash|Swords Dance|p2a: Aegislash\n|-boost|p2a: Aegislash|atk|2\n|move|p2b: Venusaur|Leech Seed|p1b: Sinistcha\n|-immune|p1b: Sinistcha\n|\n|-weather|Sandstorm|[upkeep]\n|-damage|p1a: Rotom|75/100|[from] Sandstorm\n|-damage|p1b: Sinistcha|94/100|[from] Sandstorm\n|-damage|p2b: Venusaur|49/100 brn|[from] Sandstorm\n|-damage|p1a: Rotom|63/100|[from] Leech Seed|[of] p2b: Venusaur\n|-heal|p2b: Venusaur|59/100 brn|[silent]\n|-damage|p2a: Aegislash|95/100 brn|[from] brn\n|-damage|p2b: Venusaur|53/100 brn|[from] brn\n|upkeep\n|turn|7\n|j| missouri mott\n|\n|t:|1775948009\n|switch|p1a: Tyranitar|Tyranitar-Mega, L50, M|100/100\n|move|p1b: Sinistcha|Strength Sap|p2a: Aegislash\n|-unboost|p2a: Aegislash|atk|1\n|-heal|p1b: Sinistcha|100/100\n|move|p2a: Aegislash|Swords Dance|p2a: Aegislash\n|-boost|p2a: Aegislash|atk|2\n|move|p2b: Venusaur|Leech Seed|p1a: Tyranitar\n|-start|p1a: Tyranitar|move: Leech Seed\n|\n|-weather|none\n|-heal|p2a: Aegislash|100/100 brn|[from] item: Leftovers\n|-damage|p1a: Tyranitar|88/100|[from] Leech Seed|[of] p2b: Venusaur\n|-heal|p2b: Venusaur|66/100 brn|[silent]\n|-damage|p2a: Aegislash|95/100 brn|[from] brn\n|-damage|p2b: Venusaur|60/100 brn|[from] brn\n|upkeep\n|turn|8\n|\n|t:|1775948023\n|move|p2a: Aegislash|King's Shield|p2a: Aegislash\n|-singleturn|p2a: Aegislash|Protect\n|move|p1b: Sinistcha|Matcha Gotcha|p2b: Venusaur|[spread] p2b\n|-activate|p2a: Aegislash|move: Protect\n|-resisted|p2b: Venusaur|2\n|-damage|p2b: Venusaur|57/100 brn\n|move|p1a: Tyranitar|Knock Off|p2a: Aegislash\n|-activate|p2a: Aegislash|move: Protect\n|-unboost|p1a: Tyranitar|atk|1\n|move|p2b: Venusaur|Earth Power|p1a: Tyranitar\n|-supereffective|p1a: Tyranitar|1\n|-damage|p1a: Tyranitar|52/100\n|\n|-heal|p2a: Aegislash|100/100 brn|[from] item: Leftovers\n|-damage|p1a: Tyranitar|40/100|[from] Leech Seed|[of] p2b: Venusaur\n|-heal|p2b: Venusaur|70/100 brn|[silent]\n|-damage|p2a: Aegislash|95/100 brn|[from] brn\n|-damage|p2b: Venusaur|64/100 brn|[from] brn\n|upkeep\n|turn|9\n|\n|t:|1775948038\n|move|p1b: Sinistcha|Rage Powder|p1b: Sinistcha\n|-singleturn|p1b: Sinistcha|move: Rage Powder\n|move|p1a: Tyranitar|Knock Off|p2a: Aegislash\n|-supereffective|p2a: Aegislash|1\n|-damage|p2a: Aegislash|21/100 brn\n|-enditem|p2a: Aegislash|Leftovers|[from] move: Knock Off|[of] p1a: Tyranitar\n|move|p2a: Aegislash|Swords Dance|p2a: Aegislash\n|-boost|p2a: Aegislash|atk|2\n|move|p2b: Venusaur|Earth Power|p1a: Tyranitar\n|-supereffective|p1a: Tyranitar|1\n|-damage|p1a: Tyranitar|6/100\n|\n|-damage|p1a: Tyranitar|0 fnt|[from] Leech Seed|[of] p2b: Venusaur\n|-heal|p2b: Venusaur|70/100 brn|[silent]\n|faint|p1a: Tyranitar\n|-damage|p2a: Aegislash|15/100 brn|[from] brn\n|-damage|p2b: Venusaur|64/100 brn|[from] brn\n|upkeep\n|\n|t:|1775948043\n|switch|p1a: Garchomp|Garchomp, L50, F|31/100\n|turn|10\n|inactive|tryson69 has 30 seconds left.\n|\n|t:|1775948070\n|-formechange|p2a: Aegislash|Aegislash-Blade|\n|move|p2a: Aegislash|Shadow Sneak|p1a: Garchomp\n|-damage|p1a: Garchomp|0 fnt\n|faint|p1a: Garchomp\n|move|p1b: Sinistcha|Matcha Gotcha|p2b: Venusaur|[spread] p2a,p2b\n|-resisted|p2a: Aegislash|1\n|-resisted|p2b: Venusaur|2\n|-damage|p2a: Aegislash|0 fnt\n|-damage|p2b: Venusaur|60/100 brn\n|faint|p2a: Aegislash\n|move|p2b: Venusaur|Leech Seed|p1b: Sinistcha\n|-immune|p1b: Sinistcha\n|\n|-damage|p2b: Venusaur|55/100 brn|[from] brn\n|upkeep\n|\n|t:|1775948073\n|switch|p1a: Rotom|Rotom-Wash, L50|63/100\n|turn|11\n|\n|t:|1775948080\n|move|p1a: Rotom|Protect|p1a: Rotom\n|-singleturn|p1a: Rotom|Protect\n|move|p1b: Sinistcha|Matcha Gotcha|p2b: Venusaur\n|-resisted|p2b: Venusaur|2\n|-damage|p2b: Venusaur|49/100 brn\n|move|p2b: Venusaur|Leech Seed|p1a: Rotom\n|-activate|p1a: Rotom|move: Protect\n|\n|-damage|p2b: Venusaur|43/100 brn|[from] brn\n|upkeep\n|turn|12\n|j| fangyusuhe\n|l| fangyusuhe\n|\n|t:|1775948092\n|move|p1a: Rotom|Hydro Pump|p2b: Venusaur\n|-resisted|p2b: Venusaur|1\n|-damage|p2b: Venusaur|30/100 brn\n|move|p1b: Sinistcha|Matcha Gotcha|p2b: Venusaur\n|-resisted|p2b: Venusaur|2\n|-damage|p2b: Venusaur|24/100 brn\n|move|p2b: Venusaur|Leech Seed|p1a: Rotom\n|-start|p1a: Rotom|move: Leech Seed\n|\n|-damage|p1a: Rotom|51/100|[from] Leech Seed|[of] p2b: Venusaur\n|-heal|p2b: Venusaur|35/100 brn|[silent]\n|-damage|p2b: Venusaur|29/100 brn|[from] brn\n|upkeep\n|turn|13\n|\n|t:|1775948104\n|move|p1a: Rotom|Hydro Pump|p2b: Venusaur|[miss]\n|-miss|p1a: Rotom|p2b: Venusaur\n|move|p1b: Sinistcha|Matcha Gotcha|p2b: Venusaur\n|-resisted|p2b: Venusaur|2\n|-damage|p2b: Venusaur|23/100 brn\n|move|p2b: Venusaur|Sludge Bomb|p1b: Sinistcha\n|-damage|p1b: Sinistcha|68/100\n|\n|-damage|p1a: Rotom|39/100|[from] Leech Seed|[of] p2b: Venusaur\n|-heal|p2b: Venusaur|33/100 brn|[silent]\n|-damage|p2b: Venusaur|28/100 brn|[from] brn\n|upkeep\n|turn|14\n|\n|t:|1775948112\n|move|p1a: Rotom|Hydro Pump|p2b: Venusaur\n|-resisted|p2b: Venusaur|1\n|-damage|p2b: Venusaur|13/100 brn\n|move|p1b: Sinistcha|Matcha Gotcha|p2b: Venusaur|[miss]\n|-miss|p1b: Sinistcha|p2b: Venusaur\n|move|p2b: Venusaur|Sludge Bomb|p1b: Sinistcha\n|-damage|p1b: Sinistcha|30/100\n|\n|-damage|p1a: Rotom|27/100|[from] Leech Seed|[of] p2b: Venusaur\n|-heal|p2b: Venusaur|23/100 brn|[silent]\n|-damage|p2b: Venusaur|17/100 brn|[from] brn\n|upkeep\n|turn|15\n|\n|t:|1775948125\n|move|p2b: Venusaur|Protect|p2b: Venusaur\n|-singleturn|p2b: Venusaur|Protect\n|move|p1a: Rotom|Hydro Pump|p2b: Venusaur\n|-activate|p2b: Venusaur|move: Protect\n|move|p1b: Sinistcha|Strength Sap|p2b: Venusaur\n|-activate|p2b: Venusaur|move: Protect\n|\n|-damage|p1a: Rotom|15/100|[from] Leech Seed|[of] p2b: Venusaur\n|-heal|p2b: Venusaur|28/100 brn|[silent]\n|-damage|p2b: Venusaur|22/100 brn|[from] brn\n|upkeep\n|turn|16\n|\n|t:|1775948138\n|move|p1a: Rotom|Hydro Pump|p2b: Venusaur\n|-resisted|p2b: Venusaur|1\n|-damage|p2b: Venusaur|6/100 brn\n|move|p1b: Sinistcha|Strength Sap|p2b: Venusaur\n|-unboost|p2b: Venusaur|atk|1\n|-heal|p1b: Sinistcha|91/100\n|move|p2b: Venusaur|Sludge Bomb|p1b: Sinistcha\n|-damage|p1b: Sinistcha|56/100\n|\n|-damage|p1a: Rotom|2/100|[from] Leech Seed|[of] p2b: Venusaur\n|-heal|p2b: Venusaur|16/100 brn|[silent]\n|-damage|p2b: Venusaur|10/100 brn|[from] brn\n|upkeep\n|turn|17\n|\n|t:|1775948149\n|move|p2b: Venusaur|Protect|p2b: Venusaur\n|-singleturn|p2b: Venusaur|Protect\n|move|p1a: Rotom|Hydro Pump|p2b: Venusaur\n|-activate|p2b: Venusaur|move: Protect\n|move|p1b: Sinistcha|Matcha Gotcha|p2b: Venusaur\n|-activate|p2b: Venusaur|move: Protect\n|\n|-damage|p1a: Rotom|0 fnt|[from] Leech Seed|[of] p2b: Venusaur\n|-heal|p2b: Venusaur|12/100 brn|[silent]\n|faint|p1a: Rotom\n|-damage|p2b: Venusaur|6/100 brn|[from] brn\n|upkeep\n|turn|18\n|\n|t:|1775948153\n|move|p1b: Sinistcha|Matcha Gotcha|p2b: Venusaur\n|-resisted|p2b: Venusaur|2\n|-damage|p2b: Venusaur|1/100 brn\n|-heal|p1b: Sinistcha|58/100|[from] drain|[of] p2b: Venusaur\n|move|p2b: Venusaur|Sludge Bomb|p1b: Sinistcha\n|-damage|p1b: Sinistcha|21/100\n|\n|-damage|p2b: Venusaur|0 fnt|[from] brn\n|faint|p2b: Venusaur\n|\n|win|tryson69\n",
  "uploadtime": 1775948156,
  "views": 20,
  "formatid": "gen9championsvgc2026regma",
  "rating": null,
  "private": 0,
  "password": null
}