{
  "id": "gen9championsvgc2026regma-2589593587",
  "format": "[Gen 9 Champions] VGC 2026 Reg M-A",
  "players": [
    "Dannyhq0",
    "william h cheenis"
  ],
  "log": "|init|battle\n|title|Dannyhq0 vs. william h cheenis\n|j|\u2606Dannyhq0\n|j|\u2606william h cheenis\n|t:|1776737304\n|gametype|doubles\n|player|p1|Dannyhq0|101|1220\n|player|p2|william h cheenis|265|1249\n|gen|9\n|tier|[Gen 9 Champions] VGC 2026 Reg M-A\n|rated|\n|rule|Species Clause: Limit one of each Pok\u00e9mon\n|rule|Item Clause: Limit 1 of each item\n|clearpoke\n|poke|p1|Alakazam, L50, F|\n|poke|p1|Farigiraf, L50, F|\n|poke|p1|Arcanine-Hisui, L50, M|\n|poke|p1|Sneasler, L50, F|\n|poke|p1|Excadrill, L50, M|\n|poke|p1|Luxray, L50, F|\n|poke|p2|Garchomp, L50, F|\n|poke|p2|Floette-Eternal, L50, F|\n|poke|p2|Aegislash, L50, F|\n|poke|p2|Maushold, L50|\n|poke|p2|Talonflame, L50, M|\n|poke|p2|Rotom-Wash, L50|\n|teampreview|4\n|\n|t:|1776737318\n|teamsize|p1|4\n|teamsize|p2|4\n|start\n|switch|p1a: Sneasler|Sneasler, L50, F|100/100\n|switch|p1b: Arcanine|Arcanine-Hisui, L50, M|100/100\n|switch|p2a: Maushold|Maushold, L50|100/100\n|switch|p2b: Floette|Floette-Eternal, L50, F|100/100\n|-ability|p1b: Arcanine|Intimidate|boost\n|-unboost|p2a: Maushold|atk|1\n|-unboost|p2b: Floette|atk|1\n|turn|1\n|inactive|Battle timer is ON: inactive players will automatically lose when time's up. (requested by Dannyhq0)\n|\n|t:|1776737334\n|move|p2a: Maushold|Follow Me|p2a: Maushold\n|-singleturn|p2a: Maushold|move: Follow Me\n|move|p1b: Arcanine|Rock Slide|p2b: Floette|[spread] p2a,p2b\n|-damage|p2a: Maushold|63/100\n|-damage|p2b: Floette|75/100\n|move|p1a: Sneasler|Dire Claw|p2a: Maushold\n|-damage|p2a: Maushold|0 fnt\n|faint|p2a: Maushold\n|move|p2b: Floette|Calm Mind|p2b: Floette\n|-boost|p2b: Floette|spa|1\n|-boost|p2b: Floette|spd|1\n|\n|upkeep\n|\n|t:|1776737344\n|switch|p2a: Talonflame|Talonflame, L50, M|100/100\n|turn|2\n|\n|t:|1776737350\n|detailschange|p2b: Floette|Floette-Mega, L50, F\n|-mega|p2b: Floette|Floette|Floettite\n|-ability|p2b: Floette|Fairy Aura\n|move|p2a: Talonflame|Tailwind|p2a: Talonflame\n|-sidestart|p2: william h cheenis|move: Tailwind\n|move|p2b: Floette|Dazzling Gleam|p1b: Arcanine|[spread] p1a,p1b\n|-resisted|p1b: Arcanine|1\n|-damage|p1a: Sneasler|0 fnt\n|-damage|p1b: Arcanine|55/100\n|faint|p1a: Sneasler\n|move|p1b: Arcanine|Rock Slide|p2b: Floette|[spread] p2b\n|-miss|p1b: Arcanine|p2a: Talonflame\n|-damage|p2b: Floette|44/100\n|\n|upkeep\n|\n|t:|1776737360\n|switch|p1a: Farigiraf|Farigiraf, L50, F|100/100\n|turn|3\n|\n|t:|1776737375\n|move|p2a: Talonflame|Acrobatics||[still]\n|cant|p1a: Farigiraf|ability: Armor Tail|Acrobatics|[of] p2a: Talonflame\n|move|p2b: Floette|Dazzling Gleam|p1b: Arcanine|[spread] p1a,p1b\n|-resisted|p1b: Arcanine|1\n|-damage|p1a: Farigiraf|38/100\n|-damage|p1b: Arcanine|3/100\n|-enditem|p1a: Farigiraf|Sitrus Berry|[eat]\n|-heal|p1a: Farigiraf|63/100|[from] item: Sitrus Berry\n|move|p1b: Arcanine|Rock Slide|p2b: Floette|[spread] p2a,p2b\n|-supereffective|p2a: Talonflame|2\n|-crit|p2a: Talonflame\n|-damage|p2a: Talonflame|0 fnt\n|-damage|p2b: Floette|12/100\n|faint|p2a: Talonflame\n|move|p1a: Farigiraf|Psychic Terrain|p1a: Farigiraf\n|-fieldstart|move: Psychic Terrain\n|\n|upkeep\n|\n|t:|1776737387\n|switch|p2a: Garchomp|Garchomp, L50, F|100/100\n|turn|4\n|\n|t:|1776737397\n|move|p2a: Garchomp|Stomping Tantrum|p1a: Farigiraf\n|-damage|p1a: Farigiraf|18/100\n|move|p2b: Floette|Dazzling Gleam|p1b: Arcanine|[spread] p1a,p1b\n|-resisted|p1b: Arcanine|1\n|-damage|p1a: Farigiraf|0 fnt\n|-damage|p1b: Arcanine|0 fnt\n|faint|p1a: Farigiraf\n|faint|p1b: Arcanine\n|\n|upkeep\n|\n|t:|1776737403\n|switch|p1b: Alakazam|Alakazam, L50, F|100/100\n|turn|5\n|\n|t:|1776737412\n|detailschange|p1b: Alakazam|Alakazam-Mega, L50, F\n|-mega|p1b: Alakazam|Alakazam|Alakazite\n|-ability|p1b: Alakazam|Rough Skin|Trace|[from] ability: Trace|[of] p2a: Garchomp\n|move|p2a: Garchomp|Stomping Tantrum|p1b: Alakazam\n|-damage|p1b: Alakazam|10/100\n|-damage|p2a: Garchomp|88/100|[from] ability: Rough Skin|[of] p1b: Alakazam\n|move|p2b: Floette|Moonblast|p1b: Alakazam\n|-damage|p1b: Alakazam|0 fnt\n|faint|p1b: Alakazam\n|\n|win|william h cheenis",
  "uploadtime": 1776737412,
  "rating": 1249,
  "source": "spectated"
}