{
  "id": "gen9championsvgc2026regma-2586119882",
  "format": "[Gen 9 Champions] VGC 2026 Reg M-A",
  "players": [
    "fl1me2th3m00n",
    "Wolfe Flick"
  ],
  "log": "|j|\u2606fl1me2th3m00n\n|j|\u2606Wolfe Flick\n|t:|1776401370\n|gametype|doubles\n|player|p1|fl1me2th3m00n|102|1473\n|player|p2|Wolfe Flick|leon-tower|1568\n|gen|9\n|tier|[Gen 9 Champions] VGC 2026 Reg M-A\n|rated|\n|rule|Species Clause: Limit one of each Pok\u00e9mon\n|rule|Item Clause: Limit 1 of each item\n|clearpoke\n|poke|p1|Excadrill, L50, M|\n|poke|p1|Tyranitar, L50, F|\n|poke|p1|Sinistcha-Masterpiece, L50|\n|poke|p1|Rotom-Wash, L50|\n|poke|p1|Incineroar, L50, M|\n|poke|p1|Floette-Eternal, L50, F|\n|poke|p2|Scizor, L50, M|\n|poke|p2|Politoed, L50, M|\n|poke|p2|Sinistcha, L50|\n|poke|p2|Incineroar, L50, M|\n|poke|p2|Archaludon, L50, M|\n|poke|p2|Dragonite, L50, M|\n|teampreview|4\n|j| Saachan46\n|j| hazima\n|inactive|Battle timer is ON: inactive players will automatically lose when time's up. (requested by fl1me2th3m00n)\n|\n|t:|1776401437\n|teamsize|p1|4\n|teamsize|p2|4\n|start\n|switch|p1a: Fay|Rotom-Wash, L50|100/100\n|switch|p1b: Flowers For|Floette-Eternal, L50, F|100/100\n|switch|p2a: Incineroar|Incineroar, L50, M|100/100\n|switch|p2b: Scizor|Scizor, L50, M|100/100\n|-ability|p2a: Incineroar|Intimidate|boost\n|-unboost|p1a: Fay|atk|1\n|-unboost|p1b: Flowers For|atk|1\n|turn|1\n|inactive|fl1me2th3m00n has 30 seconds left.\n|\n|t:|1776401464\n|switch|p1b: Algernon|Excadrill, L50, M|100/100\n|detailschange|p2b: Scizor|Scizor-Mega, L50, M\n|-mega|p2b: Scizor|Scizor|Scizorite\n|move|p2a: Incineroar|Fake Out|p1a: Fay\n|-damage|p1a: Fay|90/100\n|cant|p1a: Fay|flinch\n|move|p2b: Scizor|Swords Dance|p2b: Scizor\n|-boost|p2b: Scizor|atk|2\n|\n|upkeep\n|turn|2\n|\n|t:|1776401480\n|switch|p2a: Sinistcha|Sinistcha, L50, shiny|100/100\n|move|p2b: Scizor|Protect|p2b: Scizor\n|-singleturn|p2b: Scizor|Protect\n|move|p1b: Algernon|High Horsepower|p2a: Sinistcha\n|-resisted|p2a: Sinistcha|1\n|-damage|p2a: Sinistcha|77/100\n|move|p1a: Fay|Will-O-Wisp|p2b: Scizor\n|-activate|p2b: Scizor|move: Protect\n|\n|upkeep\n|turn|3\n|\n|t:|1776401502\n|switch|p1a: Charlie Gordon|Tyranitar, L50, F|100/100\n|-weather|Sandstorm|[from] ability: Sand Stream|[of] p1a: Charlie Gordon\n|move|p2a: Sinistcha|Rage Powder|p2a: Sinistcha\n|-singleturn|p2a: Sinistcha|move: Rage Powder\n|move|p1b: Algernon|Iron Head|p2a: Sinistcha\n|-damage|p2a: Sinistcha|38/100\n|move|p2b: Scizor|Bug Bite|p1a: Charlie Gordon\n|-supereffective|p1a: Charlie Gordon|1\n|-damage|p1a: Charlie Gordon|0 fnt\n|-enditem|p1a: Charlie Gordon|Chople Berry|[from] stealeat|[move] Bug Bite|[of] p2b: Scizor\n|faint|p1a: Charlie Gordon\n|\n|-weather|Sandstorm|[upkeep]\n|-damage|p2a: Sinistcha|32/100|[from] Sandstorm\n|upkeep\n|\n|t:|1776401527\n|switch|p1a: Fay|Rotom-Wash, L50|90/100\n|turn|4\n|\n|t:|1776401532\n|switch|p2a: Incineroar|Incineroar, L50, M|100/100\n|-ability|p2a: Incineroar|Intimidate|boost\n|-unboost|p1a: Fay|atk|1\n|-unboost|p1b: Algernon|atk|1\n|move|p2b: Scizor|Protect|p2b: Scizor\n|-singleturn|p2b: Scizor|Protect\n|move|p1b: Algernon|Iron Head|p2a: Incineroar\n|-resisted|p2a: Incineroar|1\n|-damage|p2a: Incineroar|90/100\n|move|p1a: Fay|Will-O-Wisp|p2b: Scizor\n|-activate|p2b: Scizor|move: Protect\n|\n|-weather|Sandstorm|[upkeep]\n|-damage|p1a: Fay|84/100|[from] Sandstorm\n|-damage|p2a: Incineroar|84/100|[from] Sandstorm\n|upkeep\n|turn|5\n|\n|t:|1776401550\n|switch|p1a: Flowers For|Floette-Eternal, L50, F|100/100\n|move|p2a: Incineroar|Fake Out|p1a: Flowers For\n|-damage|p1a: Flowers For|87/100\n|move|p1b: Algernon|High Horsepower|p2a: Incineroar|[miss]\n|-miss|p1b: Algernon|p2a: Incineroar\n|move|p2b: Scizor|Bug Bite|p1a: Flowers For\n|-resisted|p1a: Flowers For|1\n|-damage|p1a: Flowers For|16/100\n|\n|-weather|Sandstorm|[upkeep]\n|-damage|p1a: Flowers For|10/100|[from] Sandstorm\n|-damage|p2a: Incineroar|78/100|[from] Sandstorm\n|upkeep\n|turn|6\n|-message|fl1me2th3m00n forfeited.\n|\n|win|Wolfe Flick\n|raw|fl1me2th3m00n's rating: 1473 &rarr; <strong>1458</strong><br />(-15 for losing)\n|raw|Wolfe Flick's rating: 1568 &rarr; <strong>1583</strong><br />(+15 for winning)\n|l|\u2606fl1me2th3m00n\n|player|p1|\n|l|\u2606Wolfe Flick\n|player|p2|\n|l| Saachan46\n",
  "uploadtime": 1776401653,
  "views": 58,
  "formatid": "gen9championsvgc2026regma",
  "rating": 1458,
  "private": 0,
  "password": null
}