{
  "id": "gen9championsvgc2026regma-2587771762",
  "format": "[Gen 9 Champions] VGC 2026 Reg M-A",
  "players": [
    "him duncan",
    "jaen32"
  ],
  "log": "|j|\u2606him duncan\n|j|\u2606jaen32\n|t:|1776562398\n|gametype|doubles\n|player|p1|him duncan|265|1071\n|player|p2|jaen32|waitress|1057\n|gen|9\n|tier|[Gen 9 Champions] VGC 2026 Reg M-A\n|rated|\n|rule|Species Clause: Limit one of each Pok\u00e9mon\n|rule|Item Clause: Limit 1 of each item\n|clearpoke\n|poke|p1|Aggron, L50, M|\n|poke|p1|Sinistcha-Masterpiece, L50|\n|poke|p1|Incineroar, L50, F|\n|poke|p1|Tyranitar, L50, F|\n|poke|p1|Excadrill, L50, F|\n|poke|p1|Farigiraf, L50, F|\n|poke|p2|Meganium, L50, M|\n|poke|p2|Archaludon, L50, M|\n|poke|p2|Pelipper, L50, F|\n|poke|p2|Sinistcha, L50|\n|poke|p2|Sneasler, L50, M|\n|poke|p2|Basculegion, L50, M|\n|teampreview|4\n|inactive|Battle timer is ON: inactive players will automatically lose when time's up. (requested by him duncan)\n|inactive|him duncan has 60 seconds left.\n|\n|t:|1776562456\n|teamsize|p1|4\n|teamsize|p2|4\n|start\n|switch|p1a: Aggron|Aggron, L50, M|100/100\n|switch|p1b: Farigiraf|Farigiraf, L50, F|100/100\n|switch|p2a: Pelipper|Pelipper, L50, F|100/100\n|switch|p2b: Archaludon|Archaludon, L50, M|100/100\n|-weather|RainDance|[from] ability: Drizzle|[of] p2a: Pelipper\n|turn|1\n|inactive|jaen32 has 30 seconds left.\n|\n|t:|1776562483\n|detailschange|p1a: Aggron|Aggron-Mega, L50, M\n|-mega|p1a: Aggron|Aggron|Aggronite\n|move|p2a: Pelipper|Hurricane|p1a: Aggron\n|-resisted|p1a: Aggron|1\n|-damage|p1a: Aggron|77/100\n|move|p2b: Archaludon|Flash Cannon|p1a: Aggron\n|-resisted|p1a: Aggron|1\n|-damage|p1a: Aggron|58/100\n|move|p1a: Aggron|Iron Defense|p1a: Aggron\n|-boost|p1a: Aggron|def|2\n|move|p1b: Farigiraf|Trick Room|p1b: Farigiraf\n|-fieldstart|move: Trick Room|[of] p1b: Farigiraf\n|\n|-weather|RainDance|[upkeep]\n|upkeep\n|turn|2\n|\n|t:|1776562508\n|switch|p1b: Tyranitar|Tyranitar, L50, F|100/100\n|-weather|Sandstorm|[from] ability: Sand Stream|[of] p1b: Tyranitar\n|switch|p2b: Sinistcha|Sinistcha, L50|100/100\n|move|p1a: Aggron|Body Press|p2b: Sinistcha\n|-immune|p2b: Sinistcha\n|move|p2a: Pelipper|Weather Ball|p1a: Aggron\n|-resisted|p1a: Aggron|1\n|-damage|p1a: Aggron|46/100\n|\n|-weather|Sandstorm|[upkeep]\n|-damage|p2b: Sinistcha|94/100|[from] Sandstorm\n|-damage|p2a: Pelipper|95/100|[from] Sandstorm\n|upkeep\n|turn|3\n|inactive|jaen32 has 30 seconds left.\n|inactive|jaen32 has 20 seconds left.\n|inactive|jaen32 has 15 seconds left.\n|\n|t:|1776562550\n|switch|p2a: Meganium|Meganium, L50, M|100/100\n|move|p1a: Aggron|Body Press|p2a: Meganium\n|-damage|p2a: Meganium|33/100\n|move|p1b: Tyranitar|Knock Off|p2b: Sinistcha\n|-supereffective|p2b: Sinistcha|1\n|-crit|p2b: Sinistcha\n|-damage|p2b: Sinistcha|0 fnt\n|-enditem|p2b: Sinistcha|Sitrus Berry|[from] move: Knock Off|[of] p1b: Tyranitar\n|faint|p2b: Sinistcha\n|\n|-weather|Sandstorm|[upkeep]\n|-damage|p2a: Meganium|27/100|[from] Sandstorm\n|upkeep\n|\n|t:|1776562566\n|switch|p2b: Pelipper|Pelipper, L50, F|95/100\n|-weather|RainDance|[from] ability: Drizzle|[of] p2b: Pelipper\n|turn|4\n|inactive|jaen32 has 30 seconds left.\n|\n|t:|1776562592\n|detailschange|p2a: Meganium|Meganium-Mega, L50, M\n|-mega|p2a: Meganium|Meganium|Meganiumite\n|move|p1b: Tyranitar|Protect|p1b: Tyranitar\n|-singleturn|p1b: Tyranitar|Protect\n|move|p1a: Aggron|Heavy Slam|p2a: Meganium\n|-supereffective|p2a: Meganium|1\n|-crit|p2a: Meganium\n|-damage|p2a: Meganium|0 fnt\n|faint|p2a: Meganium\n|move|p2b: Pelipper|Hurricane|p1a: Aggron\n|-resisted|p1a: Aggron|1\n|-damage|p1a: Aggron|20/100\n|-start|p1a: Aggron|confusion\n|\n|-weather|RainDance|[upkeep]\n|upkeep\n|\n|t:|1776562604\n|switch|p2a: Archaludon|Archaludon, L50, M|100/100\n|turn|5\n|\n|t:|1776562613\n|switch|p1b: Sinistcha|Sinistcha-Masterpiece, L50|100/100\n|-heal|p1a: Aggron|45/100|[from] ability: Hospitality|[of] p1b: Sinistcha\n|move|p2a: Archaludon|Protect|p2a: Archaludon\n|-singleturn|p2a: Archaludon|Protect\n|-activate|p1a: Aggron|confusion\n|move|p1a: Aggron|Body Press|p2a: Archaludon\n|-activate|p2a: Archaludon|move: Protect\n|move|p2b: Pelipper|Hurricane|p1a: Aggron\n|-resisted|p1a: Aggron|1\n|-damage|p1a: Aggron|19/100\n|\n|-weather|RainDance|[upkeep]\n|-fieldend|move: Trick Room\n|upkeep\n|turn|6\n|\n|t:|1776562633\n|move|p1b: Sinistcha|Rage Powder|p1b: Sinistcha\n|-singleturn|p1b: Sinistcha|move: Rage Powder\n|move|p2b: Pelipper|Hurricane|p1b: Sinistcha\n|-supereffective|p1b: Sinistcha|1\n|-damage|p1b: Sinistcha|0 fnt\n|faint|p1b: Sinistcha\n|move|p2a: Archaludon|Electro Shot||[still]\n|-prepare|p2a: Archaludon|Electro Shot\n|-boost|p2a: Archaludon|spa|1\n|-anim|p2a: Archaludon|Electro Shot|p1a: Aggron\n|-damage|p1a: Aggron|0 fnt\n|faint|p1a: Aggron\n|\n|-weather|RainDance|[upkeep]\n|upkeep\n|\n|t:|1776562643\n|switch|p1b: Farigiraf|Farigiraf, L50, F|100/100\n|switch|p1a: Tyranitar|Tyranitar, L50, F|100/100\n|-weather|Sandstorm|[from] ability: Sand Stream|[of] p1a: Tyranitar\n|turn|7\n|inactive|him duncan has 30 seconds left.\n|inactive|jaen32 has 30 seconds left.\n|inactive|jaen32 has 20 seconds left.\n|\n|t:|1776562679\n|move|p2b: Pelipper|U-turn|p1b: Farigiraf\n|-supereffective|p1b: Farigiraf|1\n|-damage|p1b: Farigiraf|88/100\n|move|p2a: Archaludon|Dragon Pulse|p1b: Farigiraf\n|-damage|p1b: Farigiraf|25/100\n|move|p1a: Tyranitar|Knock Off|p2b: Pelipper\n|-damage|p2b: Pelipper|22/100\n|-enditem|p2b: Pelipper|Sharp Beak|[from] move: Knock Off|[of] p1a: Tyranitar\n|move|p1b: Farigiraf|Psychic|p2b: Pelipper\n|-damage|p2b: Pelipper|0 fnt\n|faint|p2b: Pelipper\n|\n|-weather|Sandstorm|[upkeep]\n|-damage|p1b: Farigiraf|19/100|[from] Sandstorm\n|upkeep\n|turn|8\n|\n|t:|1776562701\n|move|p2a: Archaludon|Flash Cannon|p1a: Tyranitar\n|-supereffective|p1a: Tyranitar|1\n|-damage|p1a: Tyranitar|31/100\n|move|p1a: Tyranitar|Knock Off|p2a: Archaludon\n|-damage|p2a: Archaludon|58/100\n|-ability|p2a: Archaludon|Stamina|boost\n|-boost|p2a: Archaludon|def|1\n|-enditem|p2a: Archaludon|Leftovers|[from] move: Knock Off|[of] p1a: Tyranitar\n|move|p1b: Farigiraf|Psychic|p2a: Archaludon\n|-resisted|p2a: Archaludon|1\n|-damage|p2a: Archaludon|37/100\n|-ability|p2a: Archaludon|Stamina|boost\n|-boost|p2a: Archaludon|def|1\n|\n|-weather|Sandstorm|[upkeep]\n|-damage|p1b: Farigiraf|12/100|[from] Sandstorm\n|upkeep\n|turn|9\n|\n|t:|1776562716\n|move|p2a: Archaludon|Flash Cannon|p1a: Tyranitar\n|-supereffective|p1a: Tyranitar|1\n|-damage|p1a: Tyranitar|0 fnt\n|faint|p1a: Tyranitar\n|move|p1b: Farigiraf|Trick Room|p1b: Farigiraf\n|-fieldstart|move: Trick Room|[of] p1b: Farigiraf\n|\n|-weather|Sandstorm|[upkeep]\n|-damage|p1b: Farigiraf|6/100|[from] Sandstorm\n|upkeep\n|turn|10\n|\n|t:|1776562724\n|move|p1b: Farigiraf|Psychic|p2a: Archaludon\n|-resisted|p2a: Archaludon|1\n|-damage|p2a: Archaludon|18/100\n|-ability|p2a: Archaludon|Stamina|boost\n|-boost|p2a: Archaludon|def|1\n|move|p2a: Archaludon|Flash Cannon|p1b: Farigiraf\n|-damage|p1b: Farigiraf|0 fnt\n|faint|p1b: Farigiraf\n|\n|win|jaen32\n|raw|him duncan's rating: 1071 &rarr; <strong>1050</strong><br />(-21 for losing)\n|raw|jaen32's rating: 1057 &rarr; <strong>1090</strong><br />(+33 for winning)\n|l|\u2606him duncan\n|player|p1|\n",
  "uploadtime": 1776562732,
  "views": 15,
  "formatid": "gen9championsvgc2026regma",
  "rating": 1050,
  "private": 0,
  "password": null
}