{
  "id": "gen9championsvgc2026regma-2589499340",
  "format": "[Gen 9 Champions] VGC 2026 Reg M-A",
  "players": [
    "sn3akyboyy",
    "duvay"
  ],
  "log": "|j|\u2606sn3akyboyy\n|j|\u2606duvay\n|t:|1776728525\n|gametype|doubles\n|player|p1|sn3akyboyy|265|1103\n|player|p2|duvay|102|1145\n|gen|9\n|tier|[Gen 9 Champions] VGC 2026 Reg M-A\n|rated|\n|rule|Species Clause: Limit one of each Pok\u00e9mon\n|rule|Item Clause: Limit 1 of each item\n|clearpoke\n|poke|p1|Politoed, L50, M|\n|poke|p1|Basculegion, L50, M|\n|poke|p1|Talonflame, L50, M|\n|poke|p1|Kangaskhan, L50, F|\n|poke|p1|Hydreigon, L50, F|\n|poke|p1|Aegislash, L50, M|\n|poke|p2|Tyrantrum, L50, M|\n|poke|p2|Talonflame, L50, F|\n|poke|p2|Sinistcha, L50|\n|poke|p2|Gyarados, L50, F|\n|poke|p2|Gardevoir, L50, F|\n|poke|p2|Sneasler, L50, M|\n|teampreview|4\nduvay rejected open team sheets.\n|inactive|Battle timer is ON: inactive players will automatically lose when time's up. (requested by duvay)\n|inactive|sn3akyboyy has 60 seconds left.\n|inactive|duvay has 60 seconds left.\n|\n|t:|1776728586\n|teamsize|p1|4\n|teamsize|p2|4\n|start\n|switch|p1a: Basculegion|Basculegion, L50, M|100/100\n|switch|p1b: Kangaskhan|Kangaskhan, L50, F|100/100\n|switch|p2a: Gyarados|Gyarados, L50, F|100/100\n|switch|p2b: Gardevoir|Gardevoir, L50, F|100/100\n|-ability|p2a: Gyarados|Intimidate|boost\n|-unboost|p1a: Basculegion|atk|1\n|-fail|p1b: Kangaskhan|unboost|Attack|[from] ability: Inner Focus|[of] p1b: Kangaskhan\n|-ability|p2b: Gardevoir|Swift Swim|Trace|[from] ability: Trace|[of] p1a: Basculegion\n|turn|1\n|inactive|duvay has 30 seconds left.\n|\n|t:|1776728617\n|detailschange|p1b: Kangaskhan|Kangaskhan-Mega, L50, F\n|-mega|p1b: Kangaskhan|Kangaskhan|Kangaskhanite\n|move|p2a: Gyarados|Protect|p2a: Gyarados\n|-singleturn|p2a: Gyarados|Protect\n|move|p2b: Gardevoir|Protect|p2b: Gardevoir\n|-singleturn|p2b: Gardevoir|Protect\n|move|p1b: Kangaskhan|Fake Out|p2a: Gyarados\n|-activate|p2a: Gyarados|move: Protect\n|move|p1a: Basculegion|Flip Turn|p2b: Gardevoir\n|-activate|p2b: Gardevoir|move: Protect\n|\n|upkeep\n|turn|2\n|inactive|sn3akyboyy has 30 seconds left.\n|inactive|duvay has 30 seconds left.\n|\n|t:|1776728646\n|switch|p1a: Aegislash|Aegislash, L50, M|100/100\n|switch|p2b: Sinistcha|Sinistcha, L50|100/100\n|move|p1b: Kangaskhan|Double-Edge|p2a: Gyarados\n|-damage|p2a: Gyarados|37/100\n|-damage|p2a: Gyarados|21/100\n|-hitcount|p2a: Gyarados|2\n|-damage|p1b: Kangaskhan|71/100|[from] Recoil\n|move|p2a: Gyarados|Waterfall|p1b: Kangaskhan\n|-damage|p1b: Kangaskhan|23/100\n|\n|upkeep\n|turn|3\n|\n|t:|1776728663\n|switch|p1b: Basculegion|Basculegion, L50, M|100/100\n|move|p2b: Sinistcha|Rage Powder|p2b: Sinistcha\n|-singleturn|p2b: Sinistcha|move: Rage Powder\n|move|p2a: Gyarados|Crunch|p1a: Aegislash\n|-supereffective|p1a: Aegislash|1\n|-damage|p1a: Aegislash|47/100\n|-formechange|p1a: Aegislash|Aegislash-Blade|\n|move|p1a: Aegislash|Shadow Ball|p2b: Sinistcha\n|-supereffective|p2b: Sinistcha|1\n|-damage|p2b: Sinistcha|2/100\n|-enditem|p2b: Sinistcha|Sitrus Berry|[eat]\n|-heal|p2b: Sinistcha|26/100|[from] item: Sitrus Berry\n|\n|-heal|p1a: Aegislash|53/100|[from] item: Leftovers\n|upkeep\n|turn|4\n|\n|t:|1776728680\n|switch|p1a: Politoed|Politoed, L50, M|100/100\n|-weather|RainDance|[from] ability: Drizzle|[of] p1a: Politoed\n|move|p1b: Basculegion|Last Respects|p2a: Gyarados\n|-damage|p2a: Gyarados|0 fnt\n|faint|p2a: Gyarados\n|move|p2b: Sinistcha|Matcha Gotcha|p1a: Politoed|[spread] p1a\n|-miss|p2b: Sinistcha|p1b: Basculegion\n|-supereffective|p1a: Politoed|1\n|-damage|p1a: Politoed|45/100\n|-heal|p2b: Sinistcha|52/100|[from] drain|[of] p1a: Politoed\n|\n|-weather|RainDance|[upkeep]\n|upkeep\n|\n|t:|1776728695\n|switch|p2a: Gardevoir|Gardevoir, L50, F|100/100\n|-ability|p2a: Gardevoir|Drizzle|Trace|[from] ability: Trace|[of] p1a: Politoed\n|turn|5\n|\n|t:|1776728713\n|detailschange|p2a: Gardevoir|Gardevoir-Mega, L50, F\n|-mega|p2a: Gardevoir|Gardevoir|Gardevoirite\n|move|p2b: Sinistcha|Rage Powder|p2b: Sinistcha\n|-singleturn|p2b: Sinistcha|move: Rage Powder\n|move|p1b: Basculegion|Last Respects|p2b: Sinistcha\n|-supereffective|p2b: Sinistcha|1\n|-damage|p2b: Sinistcha|12/100\n|move|p1a: Politoed|Ice Beam|p2b: Sinistcha\n|-supereffective|p2b: Sinistcha|1\n|-damage|p2b: Sinistcha|0 fnt\n|faint|p2b: Sinistcha\n|move|p2a: Gardevoir|Hyper Voice|p1b: Basculegion|[spread] p1a,p1b\n|-damage|p1a: Politoed|0 fnt\n|-damage|p1b: Basculegion|39/100\n|faint|p1a: Politoed\n|\n|-weather|RainDance|[upkeep]\n|upkeep\n|\n|t:|1776728726\n|switch|p1a: Kangaskhan|Kangaskhan-Mega, L50, F|23/100\n|switch|p2b: Tyrantrum|Tyrantrum, L50, M|100/100\n|turn|6\n|\n|t:|1776728732\n|move|p2a: Gardevoir|Protect|p2a: Gardevoir\n|-singleturn|p2a: Gardevoir|Protect\n|move|p2b: Tyrantrum|Protect|p2b: Tyrantrum\n|-singleturn|p2b: Tyrantrum|Protect\n|move|p1a: Kangaskhan|Fake Out|p2b: Tyrantrum\n|-activate|p2b: Tyrantrum|move: Protect\n|move|p1b: Basculegion|Last Respects|p2a: Gardevoir\n|-activate|p2a: Gardevoir|move: Protect\n|\n|-weather|RainDance|[upkeep]\n|upkeep\n|turn|7\n|\n|t:|1776728748\n|move|p2a: Gardevoir|Protect||[still]\n|-fail|p2a: Gardevoir\n|move|p1b: Basculegion|Last Respects|p2a: Gardevoir\n|-supereffective|p2a: Gardevoir|1\n|-damage|p2a: Gardevoir|0 fnt\n|faint|p2a: Gardevoir\n|move|p1a: Kangaskhan|Drain Punch|p2b: Tyrantrum\n|-supereffective|p2b: Tyrantrum|1\n|-damage|p2b: Tyrantrum|59/100\n|-heal|p1a: Kangaskhan|44/100|[from] drain|[of] p2b: Tyrantrum\n|-supereffective|p2b: Tyrantrum|1\n|-damage|p2b: Tyrantrum|50/100\n|-heal|p1a: Kangaskhan|49/100|[from] drain|[of] p2b: Tyrantrum\n|-hitcount|p2b: Tyrantrum|2\n|move|p2b: Tyrantrum|Scale Shot|p1b: Basculegion|[miss]\n|-miss|p2b: Tyrantrum|p1b: Basculegion\n|\n|-weather|RainDance|[upkeep]\n|upkeep\n|turn|8\n|inactive|duvay has 30 seconds left.\n|\n|t:|1776728778\n|move|p2b: Tyrantrum|Protect|p2b: Tyrantrum\n|-singleturn|p2b: Tyrantrum|Protect\n|move|p1b: Basculegion|Last Respects|p2b: Tyrantrum\n|-activate|p2b: Tyrantrum|move: Protect\n|move|p1a: Kangaskhan|Drain Punch|p2b: Tyrantrum\n|-activate|p2b: Tyrantrum|move: Protect\n|\n|-weather|none\n|upkeep\n|turn|9\n|\n|t:|1776728790\n|move|p1a: Kangaskhan|Drain Punch|p2b: Tyrantrum\n|-supereffective|p2b: Tyrantrum|1\n|-damage|p2b: Tyrantrum|11/100\n|-heal|p1a: Kangaskhan|70/100|[from] drain|[of] p2b: Tyrantrum\n|-supereffective|p2b: Tyrantrum|1\n|-damage|p2b: Tyrantrum|0 fnt\n|-heal|p1a: Kangaskhan|75/100|[from] drain|[of] p2b: Tyrantrum\n|faint|p2b: Tyrantrum\n|-hitcount|p2: Tyrantrum|2\n|\n|win|sn3akyboyy\n|raw|sn3akyboyy's rating: 1103 &rarr; <strong>1131</strong><br />(+28 for winning)\n|raw|duvay's rating: 1145 &rarr; <strong>1117</strong><br />(-28 for losing)\n",
  "uploadtime": 1776728793,
  "views": 5,
  "formatid": "gen9championsvgc2026regma",
  "rating": 1117,
  "private": 0,
  "password": null
}