{
  "id": "gen9championsvgc2026regma-2583277938",
  "format": "[Gen 9 Champions] VGC 2026 Reg M-A",
  "players": [
    "Texyorange",
    "coux"
  ],
  "log": "|j|\u2606Texyorange\n|j|\u2606coux\n|t:|1776162421\n|gametype|doubles\n|player|p1|Texyorange|psychicf|1000\n|player|p2|coux|170|1045\n|gen|9\n|tier|[Gen 9 Champions] VGC 2026 Reg M-A\n|rated|\n|rule|Species Clause: Limit one of each Pok\u00e9mon\n|rule|Item Clause: Limit 1 of each item\n|clearpoke\n|poke|p1|Pikachu, L50, F|\n|poke|p1|Altaria, L50, M|\n|poke|p1|Farigiraf, L50, F|\n|poke|p1|Pelipper, L50, M|\n|poke|p1|Milotic, L50, M|\n|poke|p1|Rotom-Wash, L50|\n|poke|p2|Gengar, L50, F|\n|poke|p2|Maushold, L50|\n|poke|p2|Aerodactyl, L50, F|\n|poke|p2|Mamoswine, L50, M|\n|poke|p2|Hydreigon, L50, F|\n|poke|p2|Aegislash, L50, M|\n|teampreview|4\n|inactive|Battle timer is ON: inactive players will automatically lose when time's up. (requested by Texyorange)\n|inactive|Texyorange has 60 seconds left.\n|inactive|coux has 60 seconds left.\n|inactive|Texyorange has 30 seconds left.\n|\n|t:|1776162483\n|teamsize|p1|4\n|teamsize|p2|4\n|start\n|switch|p1a: Pelipper|Pelipper, L50, M|100/100\n|switch|p1b: Rotom|Rotom-Wash, L50|100/100\n|switch|p2a: Hydreigon|Hydreigon, L50, F|100/100\n|switch|p2b: Aerodactyl|Aerodactyl, L50, F|100/100\n|-ability|p2b: Aerodactyl|Unnerve\n|-weather|RainDance|[from] ability: Drizzle|[of] p1a: Pelipper\n|turn|1\n|\n|t:|1776162501\n|move|p2b: Aerodactyl|Tailwind|p2b: Aerodactyl\n|-sidestart|p2: coux|move: Tailwind\n|move|p2a: Hydreigon|Focus Energy|p2a: Hydreigon\n|-start|p2a: Hydreigon|move: Focus Energy\n|move|p1b: Rotom|Electroweb|p2a: Hydreigon|[spread] p2a,p2b\n|-resisted|p2a: Hydreigon|1\n|-supereffective|p2b: Aerodactyl|1\n|-damage|p2a: Hydreigon|90/100\n|-damage|p2b: Aerodactyl|46/100\n|-unboost|p2a: Hydreigon|spe|1\n|-unboost|p2b: Aerodactyl|spe|1\n|move|p1a: Pelipper|Muddy Water|p2b: Aerodactyl|[spread] p2b\n|-miss|p1a: Pelipper|p2a: Hydreigon\n|-supereffective|p2b: Aerodactyl|1\n|-damage|p2b: Aerodactyl|0 fnt\n|faint|p2b: Aerodactyl\n|\n|-weather|RainDance|[upkeep]\n|upkeep\n|\n|t:|1776162518\n|switch|p2b: Maushold|Maushold, L50|100/100\n|turn|2\n|\n|t:|1776162539\n|move|p2b: Maushold|Population Bomb|p1a: Pelipper\n|-damage|p1a: Pelipper|94/100\n|-damage|p1a: Pelipper|88/100\n|-crit|p1a: Pelipper\n|-damage|p1a: Pelipper|79/100\n|-damage|p1a: Pelipper|72/100\n|-damage|p1a: Pelipper|66/100\n|-damage|p1a: Pelipper|60/100\n|-hitcount|p1a: Pelipper|6\n|move|p2a: Hydreigon|Draco Meteor|p1b: Rotom\n|-crit|p1b: Rotom\n|-damage|p1b: Rotom|0 fnt\n|-unboost|p2a: Hydreigon|spa|2\n|faint|p1b: Rotom\n|cant|p1a: Pelipper|flinch\n|\n|-weather|RainDance|[upkeep]\n|upkeep\n|\n|t:|1776162551\n|switch|p1b: Farigiraf|Farigiraf, L50, F|100/100\n|turn|3\n|\n|t:|1776162568\n|move|p2b: Maushold|Population Bomb|p1a: Pelipper\n|-damage|p1a: Pelipper|53/100\n|-hitcount|p1a: Pelipper|1\n|move|p2a: Hydreigon|Draco Meteor|p1b: Farigiraf\n|-crit|p1b: Farigiraf\n|-damage|p1b: Farigiraf|0 fnt\n|-unboost|p2a: Hydreigon|spa|2\n|faint|p1b: Farigiraf\n|move|p1a: Pelipper|Tailwind|p1a: Pelipper\n|-sidestart|p1: Texyorange|move: Tailwind\n|\n|-weather|RainDance|[upkeep]\n|upkeep\n|\n|t:|1776162571\n|switch|p1b: Altaria|Altaria, L50, M|100/100\n|-ability|p1b: Altaria|Cloud Nine\n|turn|4\n|\n|t:|1776162592\n|detailschange|p1b: Altaria|Altaria-Mega, L50, M\n|-mega|p1b: Altaria|Altaria|Altarianite\n|move|p2b: Maushold|Population Bomb|p1b: Altaria\n|-damage|p1b: Altaria|95/100\n|-damage|p1b: Altaria|90/100\n|-damage|p1b: Altaria|84/100\n|-damage|p1b: Altaria|79/100\n|-damage|p1b: Altaria|73/100\n|-damage|p1b: Altaria|68/100\n|-damage|p1b: Altaria|63/100\n|-damage|p1b: Altaria|58/100\n|-damage|p1b: Altaria|52/100\n|-damage|p1b: Altaria|46/100\n|-hitcount|p1b: Altaria|10\n|move|p2a: Hydreigon|Draco Meteor|p1a: Pelipper\n|-crit|p1a: Pelipper\n|-damage|p1a: Pelipper|0 fnt\n|-unboost|p2a: Hydreigon|spa|2\n|faint|p1a: Pelipper\n|cant|p1b: Altaria|flinch\n|\n|-weather|RainDance|[upkeep]\n|-sideend|p2: coux|move: Tailwind\n|upkeep\n|turn|5\n|-message|Texyorange forfeited.\n|\n|win|coux\n|raw|Texyorange's rating: 1000 &rarr; <strong>1000</strong><br />(+0 for losing)\n|raw|coux's rating: 1045 &rarr; <strong>1074</strong><br />(+29 for winning)\n|l|\u2606Texyorange\n|player|p1|\n",
  "uploadtime": 1776162620,
  "views": 16,
  "formatid": "gen9championsvgc2026regma",
  "rating": 1000,
  "private": 0,
  "password": null
}