{
  "id": "gen9championsvgc2026regma-2586506119",
  "format": "[Gen 9 Champions] VGC 2026 Reg M-A",
  "players": [
    "TGinge",
    "prawnwizard"
  ],
  "log": "|j|\u2606TGinge\n|j|\u2606prawnwizard\n|t:|1776439343\n|gametype|doubles\n|player|p1|TGinge|1|1233\n|player|p2|prawnwizard|harlequin|1290\n|gen|9\n|tier|[Gen 9 Champions] VGC 2026 Reg M-A\n|rated|\n|rule|Species Clause: Limit one of each Pok\u00e9mon\n|rule|Item Clause: Limit 1 of each item\n|clearpoke\n|poke|p1|Chandelure, L50, M|\n|poke|p1|Farigiraf, L50, M|\n|poke|p1|Whimsicott, L50, F|\n|poke|p1|Incineroar, L50, F|\n|poke|p1|Basculegion, L50, M|\n|poke|p1|Kingambit, L50, F|\n|poke|p2|Goodra-Hisui, L50, F|\n|poke|p2|Sinistcha, L50|\n|poke|p2|Incineroar, L50, M|\n|poke|p2|Scovillain, L50, M|\n|poke|p2|Politoed, L50, F|\n|poke|p2|Sableye, L50, M|\n|teampreview|4\n|inactive|Battle timer is ON: inactive players will automatically lose when time's up. (requested by prawnwizard)\n|inactive|TGinge also wants the timer to be on.\n|inactive|TGinge has 60 seconds left.\n|\n|t:|1776439389\n|teamsize|p1|4\n|teamsize|p2|4\n|start\n|switch|p1a: Chandelure|Chandelure, L50, M|100/100\n|switch|p1b: Kingambit|Kingambit, L50, F|100/100\n|switch|p2a: Goodra|Goodra-Hisui, L50, F|100/100\n|switch|p2b: Scovillain|Scovillain, L50, M|100/100\n|turn|1\n|\n|t:|1776439411\n|switch|p1b: Whimsicott|Whimsicott, L50, F|100/100\n|detailschange|p1a: Chandelure|Chandelure-Mega, L50, M\n|-mega|p1a: Chandelure|Chandelure|Chandelurite\n|detailschange|p2b: Scovillain|Scovillain-Mega, L50, M\n|-mega|p2b: Scovillain|Scovillain|Scovillainite\n|move|p1a: Chandelure|Heat Wave|p2b: Scovillain|[spread] p2b\n|-miss|p1a: Chandelure|p2a: Goodra\n|-damage|p2b: Scovillain|55/100\n|-immune|p1a: Chandelure\n|move|p2b: Scovillain|Flamethrower|p1b: Whimsicott\n|-supereffective|p1b: Whimsicott|1\n|-enditem|p1b: Whimsicott|Focus Sash\n|-damage|p1b: Whimsicott|1/100\n|move|p2a: Goodra|Shelter|p2a: Goodra\n|-boost|p2a: Goodra|def|2\n|\n|upkeep\n|turn|2\n|\n|t:|1776439434\n|switch|p2b: Politoed|Politoed, L50, F|100/100\n|-weather|RainDance|[from] ability: Drizzle|[of] p2b: Politoed\n|move|p1b: Whimsicott|Sunny Day|p1b: Whimsicott\n|-weather|SunnyDay\n|move|p1a: Chandelure|Heat Wave|p2b: Politoed|[spread] p2a,p2b\n|-resisted|p2b: Politoed|1\n|-damage|p2a: Goodra|61/100\n|-damage|p2b: Politoed|79/100\n|move|p2a: Goodra|Body Press|p1b: Whimsicott\n|-resisted|p1b: Whimsicott|1\n|-damage|p1b: Whimsicott|0 fnt\n|faint|p1b: Whimsicott\n|\n|-weather|SunnyDay|[upkeep]\n|-heal|p2a: Goodra|67/100|[from] item: Leftovers\n|upkeep\n|\n|t:|1776439454\n|switch|p1b: Kingambit|Kingambit, L50, F|100/100\n|turn|3\n|\n|t:|1776439476\n|switch|p2b: Sableye|Sableye, L50, M|100/100\n|move|p1b: Kingambit|Sucker Punch||[still]\n|-fail|p1b: Kingambit\n|move|p1a: Chandelure|Flamethrower|p2a: Goodra\n|-damage|p2a: Goodra|13/100\n|move|p2a: Goodra|Life Dew||[still]|[spread] p2a,p2b\n|-heal|p2a: Goodra|38/100\n|-fail|p2b: Sableye|heal\n|\n|-weather|SunnyDay|[upkeep]\n|-heal|p2a: Goodra|44/100|[from] item: Leftovers\n|upkeep\n|turn|4\n|\n|t:|1776439492\n|switch|p2b: Politoed|Politoed, L50, F|79/100\n|-weather|RainDance|[from] ability: Drizzle|[of] p2b: Politoed\n|move|p1a: Chandelure|Heat Wave|p2a: Goodra|[spread] p2a,p2b\n|-resisted|p2b: Politoed|1\n|-damage|p2a: Goodra|30/100\n|-damage|p2b: Politoed|71/100\n|move|p2a: Goodra|Body Press|p1b: Kingambit\n|-supereffective|p1b: Kingambit|2\n|-enditem|p1b: Kingambit|Chople Berry|[eat]\n|-enditem|p1b: Kingambit|Chople Berry|[weaken]\n|-damage|p1b: Kingambit|41/100\n|move|p1b: Kingambit|Low Kick|p2a: Goodra\n|-supereffective|p2a: Goodra|1\n|-damage|p2a: Goodra|0 fnt\n|faint|p2a: Goodra\n|\n|-weather|RainDance|[upkeep]\n|upkeep\n|\n|t:|1776439501\n|switch|p2a: Sableye|Sableye, L50, M|100/100\n|turn|5\n|inactive|TGinge has 30 seconds left.\n|\n|t:|1776439535\n|move|p2a: Sableye|Quash|p1a: Chandelure\n|-activate|p1a: Chandelure|move: Quash\n|move|p1b: Kingambit|Sucker Punch|p2b: Politoed\n|-damage|p2b: Politoed|27/100\n|move|p2b: Politoed|Muddy Water|p1b: Kingambit|[spread] p1a,p1b\n|-supereffective|p1a: Chandelure|1\n|-damage|p1a: Chandelure|41/100\n|-damage|p1b: Kingambit|12/100\n|-unboost|p1a: Chandelure|accuracy|1\n|move|p1a: Chandelure|Shadow Ball|p2b: Politoed\n|-crit|p2b: Politoed\n|-damage|p2b: Politoed|0 fnt\n|faint|p2b: Politoed\n|\n|-weather|RainDance|[upkeep]\n|upkeep\n|\n|t:|1776439542\n|switch|p2b: Scovillain|Scovillain-Mega, L50, M|55/100\n|turn|6\n|\n|t:|1776439559\n|switch|p1a: Basculegion|Basculegion, L50, M|100/100\n|move|p1b: Kingambit|Protect|p1b: Kingambit\n|-singleturn|p1b: Kingambit|Protect\n|move|p2a: Sableye|Disable||[still]\n|-fail|p2a: Sableye\n|move|p2b: Scovillain|Flamethrower|p1b: Kingambit\n|-activate|p1b: Kingambit|move: Protect\n|\n|-weather|RainDance|[upkeep]\n|upkeep\n|turn|7\n|inactive|TGinge has 30 seconds left.\n|inactive|TGinge has 20 seconds left.\n|\n|t:|1776439595\n|move|p2a: Sableye|Quash|p1a: Basculegion\n|-activate|p1a: Basculegion|move: Quash\n|move|p1b: Kingambit|Sucker Punch|p2b: Scovillain\n|-damage|p2b: Scovillain|5/100\n|-status|p1b: Kingambit|brn|[from] ability: Spicy Spray|[of] p2b: Scovillain\n|move|p2b: Scovillain|Giga Drain|p1a: Basculegion\n|-supereffective|p1a: Basculegion|1\n|-damage|p1a: Basculegion|8/100\n|-heal|p2b: Scovillain|57/100|[from] drain|[of] p1a: Basculegion\n|move|p1a: Basculegion|Wave Crash|p2b: Scovillain\n|-damage|p2b: Scovillain|0 fnt\n|-status|p1a: Basculegion|brn|[from] ability: Spicy Spray|[of] p2b: Scovillain\n|faint|p2b: Scovillain\n|-damage|p1a: Basculegion|0 fnt|[from] Recoil\n|faint|p1a: Basculegion\n|\n|-weather|RainDance|[upkeep]\n|-damage|p1b: Kingambit|6/100 brn|[from] brn\n|upkeep\n|\n|t:|1776439602\n|switch|p1a: Chandelure|Chandelure-Mega, L50, M|41/100\n|turn|8\n|\n|t:|1776439612\n|move|p1a: Chandelure|Shadow Ball|p2a: Sableye\n|-damage|p2a: Sableye|34/100\n|move|p1b: Kingambit|Kowtow Cleave|p2a: Sableye\n|-damage|p2a: Sableye|0 fnt\n|faint|p2a: Sableye\n|\n|win|TGinge\n|raw|TGinge's rating: 1233 &rarr; <strong>1262</strong><br />(+29 for winning)\n|raw|prawnwizard's rating: 1290 &rarr; <strong>1261</strong><br />(-29 for losing)\n|l|\u2606prawnwizard\n|player|p2|\n",
  "uploadtime": 1776439618,
  "views": 40,
  "formatid": "gen9championsvgc2026regma",
  "rating": 1261,
  "private": 0,
  "password": null
}