{
  "id": "gen9championsvgc2026regma-2587623791",
  "format": "[Gen 9 Champions] VGC 2026 Reg M-A",
  "players": [
    "Mind goblin games",
    "Vgc tester italy"
  ],
  "log": "|j|\u2606Mind goblin games\n|j|\u2606Vgc tester italy\n|t:|1776547941\n|gametype|doubles\n|player|p1|Mind goblin games|170|1451\n|player|p2|Vgc tester italy|2|1413\n|gen|9\n|tier|[Gen 9 Champions] VGC 2026 Reg M-A\n|rated|\n|rule|Species Clause: Limit one of each Pok\u00e9mon\n|rule|Item Clause: Limit 1 of each item\n|clearpoke\n|poke|p1|Oranguru, L50, M|\n|poke|p1|Drampa, L50, F|\n|poke|p1|Sneasler, L50, M|\n|poke|p1|Torkoal, L50, M|\n|poke|p1|Kingambit, L50, F|\n|poke|p1|Golurk, L50|\n|poke|p2|Gengar, L50, M, shiny|\n|poke|p2|Clefable, L50, M, shiny|\n|poke|p2|Kommo-o, L50, M, shiny|\n|poke|p2|Basculegion, L50, M, shiny|\n|poke|p2|Krookodile, L50, M, shiny|\n|poke|p2|Corviknight, L50, M, shiny|\n|teampreview|4\n|inactive|Battle timer is ON: inactive players will automatically lose when time's up. (requested by Mind goblin games)\n|inactive|Vgc tester italy has 60 seconds left.\n|inactive|Vgc tester italy has 30 seconds left.\n|inactive|Vgc tester italy has 20 seconds left.\n|inactive|Vgc tester italy has 15 seconds left.\n|inactive|Vgc tester italy has 10 seconds left.\n|inactive|Vgc tester italy has 5 seconds left.\n|\n|t:|1776548049\n|teamsize|p1|4\n|teamsize|p2|4\n|start\n|switch|p1a: Kingambit|Kingambit, L50, F|100/100\n|switch|p1b: Oranguru|Oranguru, L50, M|100/100\n|switch|p2a: Krookodile|Krookodile, L50, M, shiny|100/100\n|switch|p2b: Gengar|Gengar, L50, M, shiny|100/100\n|-ability|p2a: Krookodile|Intimidate|boost\n|-unboost|p1a: Kingambit|atk|1\n|-ability|p1a: Kingambit|Defiant|boost\n|-boost|p1a: Kingambit|atk|2\n|-fail|p1b: Oranguru|unboost|Attack|[from] ability: Inner Focus|[of] p1b: Oranguru\n|turn|1\n|inactive|Vgc tester italy has 30 seconds left.\n|\n|t:|1776548077\n|detailschange|p2b: Gengar|Gengar-Mega, L50, M, shiny\n|-mega|p2b: Gengar|Gengar|Gengarite\n|move|p2b: Gengar|Nasty Plot|p2b: Gengar\n|-boost|p2b: Gengar|spa|2\n|move|p2a: Krookodile|Knock Off|p1b: Oranguru\n|-supereffective|p1b: Oranguru|1\n|-damage|p1b: Oranguru|23/100\n|-enditem|p1b: Oranguru|Mental Herb|[from] move: Knock Off|[of] p2a: Krookodile\n|move|p1a: Kingambit|Iron Head|p2a: Krookodile\n|-damage|p2a: Krookodile|9/100\n|move|p1b: Oranguru|Trick Room|p1b: Oranguru\n|-fieldstart|move: Trick Room|[of] p1b: Oranguru\n|\n|upkeep\n|turn|2\n|j| Unchained\n|inactive|Vgc tester italy has 30 seconds left.\n|inactive|Vgc tester italy has 20 seconds left.\n|\n|t:|1776548114\n|move|p2b: Gengar|Protect|p2b: Gengar\n|-singleturn|p2b: Gengar|Protect\n|move|p1a: Kingambit|Iron Head|p2a: Krookodile\n|-damage|p2a: Krookodile|0 fnt\n|faint|p2a: Krookodile\n|move|p1b: Oranguru|Encore|p2b: Gengar\n|-activate|p2b: Gengar|move: Protect\n|\n|upkeep\n|\n|t:|1776548124\n|switch|p2a: Kommo-o|Kommo-o, L50, M, shiny|100/100\n|turn|3\n|\n|t:|1776548145\n|move|p1a: Kingambit|Kowtow Cleave|p2b: Gengar\n|-supereffective|p2b: Gengar|1\n|-damage|p2b: Gengar|0 fnt\n|faint|p2b: Gengar\n|move|p1b: Oranguru|Instruct|p1a: Kingambit\n|-singleturn|p1a: Kingambit|move: Instruct|[of] p1b: Oranguru\n|move|p1a: Kingambit|Kowtow Cleave|p2a: Kommo-o\n|-resisted|p2a: Kommo-o|1\n|-damage|p2a: Kommo-o|60/100\n|move|p2a: Kommo-o|Aura Sphere|p1a: Kingambit\n|-supereffective|p1a: Kingambit|2\n|-enditem|p1a: Kingambit|Chople Berry|[eat]\n|-enditem|p1a: Kingambit|Chople Berry|[weaken]\n|-damage|p1a: Kingambit|28/100\n|\n|upkeep\n|\n|t:|1776548161\n|switch|p2b: Basculegion|Basculegion, L50, M, shiny|100/100\n|turn|4\n|\n|t:|1776548177\n|move|p2b: Basculegion|Aqua Jet|p1a: Kingambit\n|-damage|p1a: Kingambit|9/100\n|move|p1a: Kingambit|Kowtow Cleave|p2b: Basculegion\n|-supereffective|p2b: Basculegion|1\n|-damage|p2b: Basculegion|0 fnt\n|faint|p2b: Basculegion\n|move|p1b: Oranguru|Instruct|p1a: Kingambit\n|-singleturn|p1a: Kingambit|move: Instruct|[of] p1b: Oranguru\n|move|p1a: Kingambit|Kowtow Cleave|p2a: Kommo-o\n|-resisted|p2a: Kommo-o|1\n|-damage|p2a: Kommo-o|22/100\n|move|p2a: Kommo-o|Clangorous Soul||[still]\n|-fail|p2a: Kommo-o\n|\n|upkeep\n|turn|5\n|-message|Vgc tester italy forfeited.\n|\n|win|Mind goblin games\n|raw|Mind goblin games's rating: 1451 &rarr; <strong>1469</strong><br />(+18 for winning)\n|raw|Vgc tester italy's rating: 1413 &rarr; <strong>1395</strong><br />(-18 for losing)\n|l|\u2606Vgc tester italy\n|player|p2|\n|l|\u2606Mind goblin games\n|player|p1|\n|l| Unchained\n",
  "uploadtime": 1776548194,
  "views": 20,
  "formatid": "gen9championsvgc2026regma",
  "rating": 1395,
  "private": 0,
  "password": null
}