{
  "id": "gen9championsvgc2026regma-2583060873",
  "format": "[Gen 9 Champions] VGC 2026 Reg M-A",
  "players": [
    "faizaan9123",
    "Tinen"
  ],
  "log": "|j|\u2606faizaan9123\n|j|\u2606Tinen\n|t:|1776137752\n|gametype|doubles\n|player|p1|faizaan9123|2|1000\n|player|p2|Tinen|dancer|1000\n|gen|9\n|tier|[Gen 9 Champions] VGC 2026 Reg M-A\n|rated|\n|rule|Species Clause: Limit one of each Pok\u00e9mon\n|rule|Item Clause: Limit 1 of each item\n|clearpoke\n|poke|p1|Charizard, L50, F|\n|poke|p1|Whimsicott, L50, M|\n|poke|p1|Incineroar, L50, M|\n|poke|p1|Venusaur, L50, M|\n|poke|p1|Farigiraf, L50, M|\n|poke|p1|Torkoal, L50, F|\n|poke|p2|Dragonite, L50, F|\n|poke|p2|Scizor, L50, F|\n|poke|p2|Pelipper, L50, M|\n|poke|p2|Basculegion, L50, M|\n|poke|p2|Sinistcha, L50|\n|poke|p2|Umbreon, L50, M|\n|teampreview|4\n|inactive|Battle timer is ON: inactive players will automatically lose when time's up. (requested by faizaan9123)\nfaizaan9123 rejected open team sheets.\n|inactive|faizaan9123 has 60 seconds left.\n|\n|t:|1776137810\n|teamsize|p1|4\n|teamsize|p2|4\n|start\n|switch|p1a: Incineroar|Incineroar, L50, M, shiny|100/100\n|switch|p1b: Whimsicott|Whimsicott, L50, M, shiny|100/100\n|switch|p2a: Basculegion|Basculegion, L50, M|100/100\n|switch|p2b: Umbreon|Umbreon, L50, M|100/100\n|-ability|p1a: Incineroar|Intimidate|boost\n|-unboost|p2a: Basculegion|atk|1\n|-unboost|p2b: Umbreon|atk|1\n|turn|1\n|\n|t:|1776137832\n|switch|p2a: Pelipper|Pelipper, L50, M|100/100\n|-weather|RainDance|[from] ability: Drizzle|[of] p2a: Pelipper\n|move|p1a: Incineroar|Fake Out|p2b: Umbreon\n|-crit|p2b: Umbreon\n|-damage|p2b: Umbreon|87/100\n|move|p1b: Whimsicott|Tailwind|p1b: Whimsicott\n|-sidestart|p1: faizaan9123|move: Tailwind\n|cant|p2b: Umbreon|flinch\n|\n|-weather|RainDance|[upkeep]\n|-heal|p2b: Umbreon|93/100|[from] item: Leftovers\n|upkeep\n|turn|2\n|\n|t:|1776137854\n|move|p1b: Whimsicott|Moonblast|p2b: Umbreon\n|-supereffective|p2b: Umbreon|1\n|-damage|p2b: Umbreon|63/100\n|move|p1a: Incineroar|Darkest Lariat|p2a: Pelipper\n|-damage|p2a: Pelipper|63/100\n|move|p2a: Pelipper|Weather Ball|p1a: Incineroar\n|-supereffective|p1a: Incineroar|1\n|-damage|p1a: Incineroar|0 fnt\n|faint|p1a: Incineroar\n|move|p2b: Umbreon|Light Screen|p2b: Umbreon\n|-sidestart|p2: Tinen|move: Light Screen\n|\n|-weather|RainDance|[upkeep]\n|-heal|p2b: Umbreon|69/100|[from] item: Leftovers\n|upkeep\n|\n|t:|1776137870\n|switch|p1a: Venusaur|Venusaur, L50, M|100/100\n|turn|3\n|\n|t:|1776137889\n|move|p1b: Whimsicott|Sunny Day|p1b: Whimsicott\n|-weather|SunnyDay\n|move|p1a: Venusaur|Solar Beam||[still]\n|-prepare|p1a: Venusaur|Solar Beam\n|-anim|p1a: Venusaur|Solar Beam|p2b: Umbreon\n|-damage|p2b: Umbreon|47/100\n|move|p2a: Pelipper|Hurricane|p1a: Venusaur|[miss]\n|-miss|p2a: Pelipper|p1a: Venusaur\n|move|p2b: Umbreon|Wish|p2b: Umbreon\n|\n|-weather|SunnyDay|[upkeep]\n|-heal|p2b: Umbreon|52/100|[from] item: Leftovers\n|upkeep\n|turn|4\n|\n|t:|1776137913\n|move|p2a: Pelipper|Protect|p2a: Pelipper\n|-singleturn|p2a: Pelipper|Protect\n|move|p2b: Umbreon|Protect|p2b: Umbreon\n|-singleturn|p2b: Umbreon|Protect\n|move|p1b: Whimsicott|Encore|p2b: Umbreon\n|-activate|p2b: Umbreon|move: Protect\n|move|p1a: Venusaur|Sleep Powder|p2a: Pelipper\n|-activate|p2a: Pelipper|move: Protect\n|\n|-weather|SunnyDay|[upkeep]\n|-heal|p2b: Umbreon|100/100|[from] move: Wish|[wisher] Umbreon\n|-sideend|p1: faizaan9123|move: Tailwind\n|upkeep\n|turn|5\n|\n|t:|1776137932\n|switch|p2b: Sinistcha|Sinistcha, L50|100/100\n|-heal|p2a: Pelipper|87/100|[from] ability: Hospitality|[of] p2b: Sinistcha\n|move|p1a: Venusaur|Protect|p1a: Venusaur\n|-singleturn|p1a: Venusaur|Protect\n|move|p1b: Whimsicott|Encore||[still]\n|-fail|p1b: Whimsicott\n|move|p2a: Pelipper|Tailwind|p2a: Pelipper\n|-sidestart|p2: Tinen|move: Tailwind\n|\n|-weather|SunnyDay|[upkeep]\n|upkeep\n|turn|6\n|\n|t:|1776137954\n|switch|p2a: Umbreon|Umbreon, L50, M|100/100\n|move|p2b: Sinistcha|Rage Powder|p2b: Sinistcha\n|-singleturn|p2b: Sinistcha|move: Rage Powder\n|move|p1b: Whimsicott|Tailwind|p1b: Whimsicott\n|-sidestart|p1: faizaan9123|move: Tailwind\n|move|p1a: Venusaur|Sludge Bomb|p2b: Sinistcha\n|-damage|p2b: Sinistcha|68/100\n|\n|-weather|SunnyDay|[upkeep]\n|-sideend|p2: Tinen|move: Light Screen\n|upkeep\n|turn|7\n|inactive|faizaan9123 has 30 seconds left.\n|\n|t:|1776137982\n|switch|p2b: Pelipper|Pelipper, L50, M|87/100\n|-weather|RainDance|[from] ability: Drizzle|[of] p2b: Pelipper\n|move|p1b: Whimsicott|Moonblast|p2a: Umbreon\n|-supereffective|p2a: Umbreon|1\n|-damage|p2a: Umbreon|70/100\n|move|p1a: Venusaur|Sleep Powder|p2a: Umbreon\n|-status|p2a: Umbreon|slp|[from] move: Sleep Powder\n|cant|p2a: Umbreon|slp\n|\n|-weather|RainDance|[upkeep]\n|-heal|p2a: Umbreon|76/100 slp|[from] item: Leftovers\n|upkeep\n|turn|8\n|\n|t:|1776138003\n|switch|p2b: Sinistcha|Sinistcha, L50|68/100\n|-heal|p2a: Umbreon|100/100 slp|[from] ability: Hospitality|[of] p2b: Sinistcha\n|move|p1a: Venusaur|Protect|p1a: Venusaur\n|-singleturn|p1a: Venusaur|Protect\n|move|p1b: Whimsicott|Sunny Day|p1b: Whimsicott\n|-weather|SunnyDay\n|cant|p2a: Umbreon|slp\n|\n|-weather|SunnyDay|[upkeep]\n|-sideend|p2: Tinen|move: Tailwind\n|upkeep\n|turn|9\n|\n|t:|1776138019\n|switch|p2b: Pelipper|Pelipper, L50, M|87/100\n|-weather|RainDance|[from] ability: Drizzle|[of] p2b: Pelipper\n|-curestatus|p2a: Umbreon|slp|[msg]\n|move|p2a: Umbreon|Protect|p2a: Umbreon\n|-singleturn|p2a: Umbreon|Protect\n|move|p1b: Whimsicott|Moonblast|p2a: Umbreon\n|-activate|p2a: Umbreon|move: Protect\n|move|p1a: Venusaur|Solar Beam||[still]\n|-prepare|p1a: Venusaur|Solar Beam\n|\n|-weather|RainDance|[upkeep]\n|-sideend|p1: faizaan9123|move: Tailwind\n|upkeep\n|turn|10\n|inactive|Tinen has 30 seconds left.\n|inactive|Tinen has 20 seconds left.\n|inactive|Tinen has 15 seconds left.\n|inactive|Tinen has 10 seconds left.\n|\n|t:|1776138068\n|switch|p2a: Sinistcha|Sinistcha, L50|68/100\n|-heal|p2b: Pelipper|100/100|[from] ability: Hospitality|[of] p2a: Sinistcha\n|move|p1b: Whimsicott|Encore||[still]\n|-fail|p1b: Whimsicott\n|move|p1a: Venusaur|Solar Beam|p2a: Sinistcha|[from] lockedmove\n|-resisted|p2a: Sinistcha|1\n|-damage|p2a: Sinistcha|50/100\n|-enditem|p2a: Sinistcha|Sitrus Berry|[eat]\n|-heal|p2a: Sinistcha|75/100|[from] item: Sitrus Berry\n|move|p2b: Pelipper|Hurricane|p1b: Whimsicott\n|-supereffective|p1b: Whimsicott|1\n|-enditem|p1b: Whimsicott|Focus Sash\n|-damage|p1b: Whimsicott|1/100\n|\n|-weather|RainDance|[upkeep]\n|upkeep\n|turn|11\n|\n|t:|1776138090\n|move|p1b: Whimsicott|Sunny Day|p1b: Whimsicott\n|-weather|SunnyDay\n|move|p1a: Venusaur|Sludge Bomb|p2a: Sinistcha\n|-damage|p2a: Sinistcha|18/100\n|move|p2a: Sinistcha|Hex|p1b: Whimsicott\n|-damage|p1b: Whimsicott|0 fnt\n|faint|p1b: Whimsicott\n|move|p2b: Pelipper|Hurricane|p1a: Venusaur\n|-supereffective|p1a: Venusaur|1\n|-enditem|p1a: Venusaur|Coba Berry|[eat]\n|-enditem|p1a: Venusaur|Coba Berry|[weaken]\n|-damage|p1a: Venusaur|51/100\n|\n|-weather|SunnyDay|[upkeep]\n|upkeep\n|\n|t:|1776138093\n|switch|p1b: Charizard|Charizard, L50, F, shiny|100/100\n|turn|12\n|\n|t:|1776138119\n|switch|p2b: Umbreon|Umbreon, L50, M|100/100\n|detailschange|p1b: Charizard|Charizard-Mega-Y, L50, F, shiny\n|-mega|p1b: Charizard|Charizard|Charizardite Y\n|move|p2a: Sinistcha|Rage Powder|p2a: Sinistcha\n|-singleturn|p2a: Sinistcha|move: Rage Powder\n|move|p1a: Venusaur|Solar Beam||[still]\n|-prepare|p1a: Venusaur|Solar Beam\n|-anim|p1a: Venusaur|Solar Beam|p2a: Sinistcha\n|-resisted|p2a: Sinistcha|1\n|-damage|p2a: Sinistcha|0 fnt\n|faint|p2a: Sinistcha\n|move|p1b: Charizard|Air Slash|p2b: Umbreon\n|-damage|p2b: Umbreon|73/100\n|\n|-weather|SunnyDay|[upkeep]\n|-heal|p2b: Umbreon|79/100|[from] item: Leftovers\n|upkeep\n|\n|t:|1776138127\n|switch|p2a: Pelipper|Pelipper, L50, M|100/100\n|-weather|RainDance|[from] ability: Drizzle|[of] p2a: Pelipper\n|turn|13\n|inactive|faizaan9123 has 30 seconds left.\n|inactive|Tinen has 30 seconds left.\n|\n|t:|1776138156\n|move|p1b: Charizard|Heat Wave|p2b: Umbreon|[spread] p2a\n|-miss|p1b: Charizard|p2b: Umbreon\n|-resisted|p2a: Pelipper|1\n|-damage|p2a: Pelipper|82/100\n|move|p1a: Venusaur|Sleep Powder|p2a: Pelipper\n|-status|p2a: Pelipper|slp|[from] move: Sleep Powder\n|cant|p2a: Pelipper|slp\n|move|p2b: Umbreon|Light Screen|p2b: Umbreon\n|-sidestart|p2: Tinen|move: Light Screen\n|\n|-weather|RainDance|[upkeep]\n|-heal|p2b: Umbreon|85/100|[from] item: Leftovers\n|upkeep\n|turn|14\n|\n|t:|1776138172\n|move|p1b: Charizard|Air Slash|p2b: Umbreon\n|-damage|p2b: Umbreon|67/100\n|move|p1a: Venusaur|Sleep Powder|p2b: Umbreon|[miss]\n|-miss|p1a: Venusaur|p2b: Umbreon\n|cant|p2a: Pelipper|slp\n|cant|p2b: Umbreon|flinch\n|\n|-weather|RainDance|[upkeep]\n|-heal|p2b: Umbreon|73/100|[from] item: Leftovers\n|upkeep\n|turn|15\n|\n|t:|1776138192\n|move|p1a: Venusaur|Protect|p1a: Venusaur\n|-singleturn|p1a: Venusaur|Protect\n|move|p1b: Charizard|Air Slash|p2b: Umbreon\n|-damage|p2b: Umbreon|55/100\n|-curestatus|p2a: Pelipper|slp|[msg]\n|move|p2a: Pelipper|Weather Ball|p1b: Charizard\n|-supereffective|p1b: Charizard|1\n|-damage|p1b: Charizard|0 fnt\n|faint|p1b: Charizard\n|move|p2b: Umbreon|Wish|p2b: Umbreon\n|\n|-weather|RainDance|[upkeep]\n|-heal|p2b: Umbreon|61/100|[from] item: Leftovers\n|upkeep\n|turn|16\n|-message|faizaan9123 forfeited.\n|\n|win|Tinen\n|raw|faizaan9123's rating: 1000 &rarr; <strong>1000</strong><br />(+0 for losing)\n|raw|Tinen's rating: 1000 &rarr; <strong>1040</strong><br />(+40 for winning)\n|l|\u2606faizaan9123\n|player|p1|\n",
  "uploadtime": 1776138206,
  "views": 17,
  "formatid": "gen9championsvgc2026regma",
  "rating": 1000,
  "private": 0,
  "password": null
}