{
  "id": "gen9championsvgc2026regma-2582073742",
  "format": "[Gen 9 Champions] VGC 2026 Reg M-A",
  "players": [
    "Orosu1922",
    "FlorenceTheThief"
  ],
  "log": "|j|\u2606Orosu1922\n|j|\u2606FlorenceTheThief\n|t:|1776054610\n|gametype|doubles\n|player|p1|Orosu1922|iris-gen5bw2|1043\n|player|p2|FlorenceTheThief|candice|1000\n|gen|9\n|tier|[Gen 9 Champions] VGC 2026 Reg M-A\n|rated|\n|rule|Species Clause: Limit one of each Pok\u00e9mon\n|rule|Item Clause: Limit 1 of each item\n|clearpoke\n|poke|p1|Feraligatr, L50, M|\n|poke|p1|Sinistcha, L50|\n|poke|p1|Hatterene, L50, F|\n|poke|p1|Torkoal, L50, F|\n|poke|p1|Hydrapple, L50, F|\n|poke|p1|Conkeldurr, L50, M|\n|poke|p2|Meganium, L50, F|\n|poke|p2|Pelipper, L50, M|\n|poke|p2|Empoleon, L50, M|\n|poke|p2|Incineroar, L50, M|\n|poke|p2|Sinistcha, L50|\n|poke|p2|Tyranitar, L50, F|\n|teampreview|4\n|inactive|Battle timer is ON: inactive players will automatically lose when time's up. (requested by FlorenceTheThief)\n|\n|t:|1776054661\n|teamsize|p1|4\n|teamsize|p2|4\n|start\n|switch|p1a: Little tea cup|Sinistcha, L50, shiny|100/100\n|switch|p1b: Uncle|Torkoal, L50, F|100/100\n|switch|p2a: Earl Gray|Sinistcha, L50|100/100\n|switch|p2b: Wet Chicken|Pelipper, L50, M|100/100\n|-weather|RainDance|[from] ability: Drizzle|[of] p2b: Wet Chicken\n|-weather|SunnyDay|[from] ability: Drought|[of] p1b: Uncle\n|turn|1\n|c|\u2606FlorenceTheThief|glhf\n|\n|t:|1776054685\n|switch|p1b: Conk|Conkeldurr, L50, M|100/100\n|move|p2b: Wet Chicken|Tailwind|p2b: Wet Chicken\n|-sidestart|p2: FlorenceTheThief|move: Tailwind\n|move|p2a: Earl Gray|Trick Room|p2a: Earl Gray\n|-fieldstart|move: Trick Room|[of] p2a: Earl Gray\n|move|p1a: Little tea cup|Trick Room|p1a: Little tea cup\n|-fieldend|move: Trick Room\n|\n|-weather|SunnyDay|[upkeep]\n|upkeep\n|turn|2\n|c|\u2606Orosu1922|Aw shit\n|inactive|FlorenceTheThief has 30 seconds left.\n|\n|t:|1776054714\n|switch|p2b: Incineroar|Incineroar, L50, M|100/100\n|-ability|p2b: Incineroar|Intimidate|boost\n|-unboost|p1a: Little tea cup|atk|1\n|-unboost|p1b: Conk|atk|1\n|move|p2a: Earl Gray|Imprison|p2a: Earl Gray\n|-start|p2a: Earl Gray|move: Imprison\n|move|p1b: Conk|Ice Punch|p2a: Earl Gray\n|-supereffective|p2a: Earl Gray|1\n|-damage|p2a: Earl Gray|59/100\n|cant|p1a: Little tea cup|move: Imprison|Trick Room\n|\n|-weather|SunnyDay|[upkeep]\n|upkeep\n|turn|3\n|inactive|Orosu1922 has 30 seconds left.\n|\n|t:|1776054743\n|switch|p2b: Wet Chicken|Pelipper, L50, M|100/100\n|-weather|RainDance|[from] ability: Drizzle|[of] p2b: Wet Chicken\n|switch|p1a: Hatty|Hatterene, L50, F|100/100\n|switch|p1b: Uncle|Torkoal, L50, F|100/100\n|-weather|SunnyDay|[from] ability: Drought|[of] p1b: Uncle\n|move|p2a: Earl Gray|Matcha Gotcha|p1b: Uncle|[spread] p1a,p1b\n|-resisted|p1b: Uncle|1\n|-damage|p1a: Hatty|73/100\n|-heal|p2a: Earl Gray|71/100|[from] drain|[of] p1a: Hatty\n|-damage|p1b: Uncle|78/100\n|-heal|p2a: Earl Gray|80/100|[from] drain|[of] p1b: Uncle\n|\n|-weather|SunnyDay|[upkeep]\n|upkeep\n|turn|4\n|inactive|Orosu1922 has 30 seconds left.\n|inactive|FlorenceTheThief has 30 seconds left.\n|\n|t:|1776054772\n|move|p2b: Wet Chicken|Wide Guard|p2b: Wet Chicken\n|-singleturn|p2b: Wet Chicken|Wide Guard\n|move|p2a: Earl Gray|Matcha Gotcha|p1a: Hatty|[spread] p1a,p1b\n|-resisted|p1b: Uncle|1\n|-damage|p1a: Hatty|47/100\n|-heal|p2a: Earl Gray|91/100|[from] drain|[of] p1a: Hatty\n|-damage|p1b: Uncle|60/100\n|-heal|p2a: Earl Gray|99/100|[from] drain|[of] p1b: Uncle\n|move|p1b: Uncle|Solar Beam||[still]\n|-prepare|p1b: Uncle|Solar Beam\n|-anim|p1b: Uncle|Solar Beam|p2b: Wet Chicken\n|-damage|p2b: Wet Chicken|63/100\n|move|p1a: Hatty|Dazzling Gleam|p2a: Earl Gray|[spread] \n|-activate|p2a: Earl Gray|move: Wide Guard\n|-activate|p2b: Wet Chicken|move: Wide Guard\n|\n|-weather|SunnyDay|[upkeep]\n|-sideend|p2: FlorenceTheThief|move: Tailwind\n|upkeep\n|turn|5\n|inactive|Orosu1922 has 30 seconds left.\n|inactive|Orosu1922 has 20 seconds left.\n|inactive|Orosu1922 has 15 seconds left.\n|inactive|Orosu1922 has 10 seconds left.\n|\n|t:|1776054819\n|switch|p1b: Conk|Conkeldurr, L50, M|100/100\n|switch|p1a: Little tea cup|Sinistcha, L50, shiny|100/100\n|move|p2b: Wet Chicken|Tailwind|p2b: Wet Chicken\n|-sidestart|p2: FlorenceTheThief|move: Tailwind\n|move|p2a: Earl Gray|Matcha Gotcha|p1a: Little tea cup|[spread] p1a,p1b\n|-resisted|p1a: Little tea cup|1\n|-damage|p1a: Little tea cup|91/100\n|-heal|p2a: Earl Gray|100/100|[from] drain|[of] p1a: Little tea cup\n|-damage|p1b: Conk|74/100\n|\n|-weather|SunnyDay|[upkeep]\n|upkeep\n|turn|6\n|\n|t:|1776054842\n|switch|p2b: Incineroar|Incineroar, L50, M|100/100\n|-ability|p2b: Incineroar|Intimidate|boost\n|-unboost|p1a: Little tea cup|atk|1\n|-unboost|p1b: Conk|atk|1\n|switch|p1a: Uncle|Torkoal, L50, F|60/100\n|move|p2a: Earl Gray|Matcha Gotcha|p1a: Uncle|[spread] p1a,p1b\n|-resisted|p1a: Uncle|1\n|-damage|p1a: Uncle|40/100\n|-damage|p1b: Conk|46/100\n|move|p1b: Conk|Ice Punch|p2a: Earl Gray\n|-supereffective|p2a: Earl Gray|1\n|-damage|p2a: Earl Gray|58/100\n|\n|-weather|SunnyDay|[upkeep]\n|upkeep\n|turn|7\n|c|\u2606Orosu1922|God this is annoying\n|c|\u2606Orosu1922|unironically worse than fighting stall\n|inactive|Orosu1922 has 30 seconds left.\n|c|\u2606FlorenceTheThief|brother\n|\n|t:|1776054874\n|switch|p1a: Little tea cup|Sinistcha, L50, shiny|91/100\n|-heal|p1b: Conk|71/100|[from] ability: Hospitality|[of] p1a: Little tea cup\n|switch|p1b: Hatty|Hatterene, L50, F|47/100\n|move|p2b: Incineroar|Fake Out|p1a: Little tea cup\n|-immune|p1a: Little tea cup\n|move|p2a: Earl Gray|Matcha Gotcha|p1a: Little tea cup|[spread] p1a,p1b\n|-resisted|p1a: Little tea cup|1\n|-crit|p1b: Hatty\n|-damage|p1a: Little tea cup|80/100\n|-heal|p2a: Earl Gray|63/100|[from] drain|[of] p1a: Little tea cup\n|-damage|p1b: Hatty|7/100\n|-heal|p2a: Earl Gray|80/100|[from] drain|[of] p1b: Hatty\n|\n|-weather|none\n|upkeep\n|turn|8\n|c|\u2606FlorenceTheThief|I am literally\n|c|\u2606FlorenceTheThief|just hitting you\n|c|\u2606FlorenceTheThief|youre the one spamming switches\n|inactive|FlorenceTheThief has 30 seconds left.\n|\n|t:|1776054904\n|move|p2a: Earl Gray|Protect|p2a: Earl Gray\n|-singleturn|p2a: Earl Gray|Protect\n|move|p2b: Incineroar|Protect|p2b: Incineroar\n|-singleturn|p2b: Incineroar|Protect\n|move|p1a: Little tea cup|Rage Powder|p1a: Little tea cup\n|-singleturn|p1a: Little tea cup|move: Rage Powder\n|move|p1b: Hatty|Dazzling Gleam|p2b: Incineroar|[spread] \n|-activate|p2a: Earl Gray|move: Protect\n|-activate|p2b: Incineroar|move: Protect\n|\n|-sideend|p2: FlorenceTheThief|move: Tailwind\n|upkeep\n|turn|9\n|c|\u2606Orosu1922|Thats why its getting annoying dude\n|inactive|Orosu1922 has 30 seconds left.\n|c|\u2606Orosu1922|Kinda forced to spam switches cus i cant take out the only counter to my team\n|inactive|Orosu1922 has 20 seconds left.\n|c|\u2606FlorenceTheThief|have you tried using anything else, other than switch?\n|\n|t:|1776054944\n|switch|p2b: Wet Chicken|Pelipper, L50, M|63/100\n|-weather|RainDance|[from] ability: Drizzle|[of] p2b: Wet Chicken\n|move|p1a: Little tea cup|Rage Powder|p1a: Little tea cup\n|-singleturn|p1a: Little tea cup|move: Rage Powder\n|move|p2a: Earl Gray|Matcha Gotcha|p1a: Little tea cup|[spread] p1a,p1b\n|-resisted|p1a: Little tea cup|1\n|-damage|p1a: Little tea cup|69/100\n|-heal|p2a: Earl Gray|85/100|[from] drain|[of] p1a: Little tea cup\n|-damage|p1b: Hatty|0 fnt\n|-heal|p2a: Earl Gray|88/100|[from] drain|[of] p1b: Hatty\n|-status|p1a: Little tea cup|brn\n|faint|p1b: Hatty\n|\n|-weather|RainDance|[upkeep]\n|-damage|p1a: Little tea cup|63/100 brn|[from] brn\n|upkeep\n|\n|t:|1776054963\n|switch|p1b: Uncle|Torkoal, L50, F|40/100\n|-weather|SunnyDay|[from] ability: Drought|[of] p1b: Uncle\n|turn|10\n|c|\u2606Orosu1922|Yeah i have?\n|\n|t:|1776054980\n|switch|p2b: Incineroar|Incineroar, L50, M|100/100\n|-ability|p2b: Incineroar|Intimidate|boost\n|-unboost|p1a: Little tea cup|atk|1\n|-unboost|p1b: Uncle|atk|1\n|switch|p1a: Conk|Conkeldurr, L50, M|71/100\n|move|p2a: Earl Gray|Matcha Gotcha|p1a: Conk|[spread] p1a,p1b\n|-resisted|p1b: Uncle|1\n|-damage|p1a: Conk|43/100\n|-heal|p2a: Earl Gray|100/100|[from] drain|[of] p1a: Conk\n|-damage|p1b: Uncle|20/100\n|-status|p1a: Conk|brn\n|move|p1b: Uncle|Solar Beam||[still]\n|-prepare|p1b: Uncle|Solar Beam\n|-anim|p1b: Uncle|Solar Beam|p2b: Incineroar\n|-resisted|p2b: Incineroar|1\n|-damage|p2b: Incineroar|85/100\n|\n|-weather|SunnyDay|[upkeep]\n|-damage|p1a: Conk|37/100 brn|[from] brn\n|upkeep\n|turn|11\n|inactive|Orosu1922 has 30 seconds left.\n|inactive|FlorenceTheThief has 30 seconds left.\n|inactive|Orosu1922 has 20 seconds left.\n|inactive|Orosu1922 has 15 seconds left.\n|c|\u2606Orosu1922|Yeah ykw hro\n|inactive|Orosu1922 has 10 seconds left.\n|c|\u2606Orosu1922|i\u2019m not playing this out\n|inactive|Orosu1922 has 5 seconds left.\n|\n|t:|1776055035\n|move|p2a: Earl Gray|Protect|p2a: Earl Gray\n|-singleturn|p2a: Earl Gray|Protect\n|move|p2b: Incineroar|Fake Out|p1a: Conk\n|-damage|p1a: Conk|27/100 brn\n|cant|p1a: Conk|flinch\n|move|p1b: Uncle|Heat Wave|p2a: Earl Gray|[spread] p2b\n|-activate|p2a: Earl Gray|move: Protect\n|-resisted|p2b: Incineroar|1\n|-damage|p2b: Incineroar|61/100\n|\n|-weather|SunnyDay|[upkeep]\n|-damage|p1a: Conk|21/100 brn|[from] brn\n|upkeep\n|turn|12\n|c|\u2606FlorenceTheThief|>proceeds to play it out\n|-message|Orosu1922 forfeited.\n|\n|win|FlorenceTheThief\n|raw|Orosu1922's rating: 1043 &rarr; <strong>1025</strong><br />(-18 for losing)\n|raw|FlorenceTheThief's rating: 1000 &rarr; <strong>1045</strong><br />(+45 for winning)\n|c|\u2606FlorenceTheThief|gg\n",
  "uploadtime": 1776055138,
  "views": 10,
  "formatid": "gen9championsvgc2026regma",
  "rating": 1025,
  "private": 0,
  "password": null
}