{
  "id": "gen9championsvgc2026regma-2584404127",
  "format": "[Gen 9 Champions] VGC 2026 Reg M-A",
  "players": [
    "HyugaAnbu",
    "Rufinius"
  ],
  "log": "|j|\u2606HyugaAnbu\n|j|\u2606Rufinius\n|t:|1776258412\n|gametype|doubles\n|player|p1|HyugaAnbu|265|1086\n|player|p2|Rufinius|swimmer-gen4|1129\n|gen|9\n|tier|[Gen 9 Champions] VGC 2026 Reg M-A\n|rated|\n|rule|Species Clause: Limit one of each Pok\u00e9mon\n|rule|Item Clause: Limit 1 of each item\n|clearpoke\n|poke|p1|Lopunny, L50, M|\n|poke|p1|Milotic, L50, F|\n|poke|p1|Maushold-Four, L50|\n|poke|p1|Aerodactyl, L50, F|\n|poke|p1|Sinistcha, L50|\n|poke|p1|Typhlosion-Hisui, L50, F|\n|poke|p2|Charizard, L50, M|\n|poke|p2|Maushold, L50|\n|poke|p2|Sneasler, L50, F|\n|poke|p2|Dragapult, L50, F|\n|poke|p2|Kingambit, L50, F|\n|poke|p2|Garchomp, L50, F|\n|teampreview|4\n|inactive|Battle timer is ON: inactive players will automatically lose when time's up. (requested by HyugaAnbu)\n|\n|t:|1776258449\n|teamsize|p1|4\n|teamsize|p2|4\n|start\n|switch|p1a: Lopunny|Lopunny, L50, M|100/100\n|switch|p1b: Maushold|Maushold-Four, L50|100/100\n|switch|p2a: Sneasler|Sneasler, L50, F|100/100\n|switch|p2b: Garchomp|Garchomp, L50, F|100/100\n|turn|1\n|inactive|Rufinius has 30 seconds left.\n|\n|t:|1776258480\n|detailschange|p1a: Lopunny|Lopunny-Mega, L50, M\n|-mega|p1a: Lopunny|Lopunny|Lopunnite\n|move|p2a: Sneasler|Feint|p1b: Maushold\n|-damage|p1b: Maushold|89/100\n|move|p1b: Maushold|Follow Me|p1b: Maushold\n|-singleturn|p1b: Maushold|move: Follow Me\n|move|p2b: Garchomp|Dragon Claw|p1b: Maushold\n|-damage|p1b: Maushold|32/100\n|move|p1a: Lopunny|Triple Axel|p2b: Garchomp\n|-supereffective|p2b: Garchomp|2\n|-damage|p2b: Garchomp|69/100\n|-damage|p1a: Lopunny|88/100|[from] ability: Rough Skin|[of] p2b: Garchomp\n|-supereffective|p2b: Garchomp|2\n|-damage|p2b: Garchomp|9/100\n|-damage|p1a: Lopunny|76/100|[from] ability: Rough Skin|[of] p2b: Garchomp\n|-supereffective|p2b: Garchomp|2\n|-damage|p2b: Garchomp|0 fnt\n|-damage|p1a: Lopunny|64/100|[from] ability: Rough Skin|[of] p2b: Garchomp\n|faint|p2b: Garchomp\n|-hitcount|p2: Garchomp|3\n|\n|upkeep\n|\n|t:|1776258503\n|switch|p2b: Maushold|Maushold, L50|100/100\n|turn|2\n|\n|t:|1776258525\n|move|p2b: Maushold|Protect|p2b: Maushold\n|-singleturn|p2b: Maushold|Protect\n|move|p1b: Maushold|Follow Me|p1b: Maushold\n|-singleturn|p1b: Maushold|move: Follow Me\n|move|p1a: Lopunny|High Jump Kick|p2b: Maushold\n|-activate|p2b: Maushold|move: Protect\n|-damage|p1a: Lopunny|14/100|[from] highjumpkick\n|move|p2a: Sneasler|Close Combat|p1b: Maushold\n|-supereffective|p1b: Maushold|1\n|-crit|p1b: Maushold\n|-damage|p1b: Maushold|0 fnt\n|-unboost|p2a: Sneasler|def|1\n|-unboost|p2a: Sneasler|spd|1\n|faint|p1b: Maushold\n|\n|upkeep\n|\n|t:|1776258529\n|switch|p1b: Aerodactyl|Aerodactyl, L50, F|100/100\n|-ability|p1b: Aerodactyl|Unnerve\n|turn|3\n|inactive|Rufinius has 30 seconds left.\n|\n|t:|1776258558\n|move|p1a: Lopunny|Protect|p1a: Lopunny\n|-singleturn|p1a: Lopunny|Protect\n|move|p2b: Maushold|Protect||[still]\n|-fail|p2b: Maushold\n|move|p1b: Aerodactyl|Tailwind|p1b: Aerodactyl\n|-sidestart|p1: HyugaAnbu|move: Tailwind\n|move|p2a: Sneasler|Close Combat|p1b: Aerodactyl\n|-enditem|p1b: Aerodactyl|Focus Sash\n|-damage|p1b: Aerodactyl|1/100\n|-unboost|p2a: Sneasler|def|1\n|-unboost|p2a: Sneasler|spd|1\n|\n|upkeep\n|turn|4\n|inactive|Rufinius has 30 seconds left.\n|\n|t:|1776258589\n|move|p2b: Maushold|Follow Me|p2b: Maushold\n|-singleturn|p2b: Maushold|move: Follow Me\n|move|p1a: Lopunny|High Jump Kick|p2b: Maushold\n|-supereffective|p2b: Maushold|1\n|-damage|p2b: Maushold|0 fnt\n|faint|p2b: Maushold\n|move|p1b: Aerodactyl|Dual Wingbeat|p2a: Sneasler\n|-supereffective|p2a: Sneasler|1\n|-crit|p2a: Sneasler\n|-enditem|p2a: Sneasler|Focus Sash\n|-damage|p2a: Sneasler|1/100\n|-supereffective|p2a: Sneasler|1\n|-damage|p2a: Sneasler|0 fnt\n|faint|p2a: Sneasler\n|-hitcount|p2: Sneasler|2\n|\n|upkeep\n|\n|t:|1776258603\n|switch|p2b: Charizard|Charizard, L50, M, shiny|100/100\n|turn|5\n|\n|t:|1776258612\n|detailschange|p2b: Charizard|Charizard-Mega-Y, L50, M, shiny\n|-mega|p2b: Charizard|Charizard|Charizardite Y\n|-weather|SunnyDay|[from] ability: Drought|[of] p2b: Charizard\n|move|p1a: Lopunny|Protect|p1a: Lopunny\n|-singleturn|p1a: Lopunny|Protect\n|move|p2b: Charizard|Protect|p2b: Charizard\n|-singleturn|p2b: Charizard|Protect\n|move|p1b: Aerodactyl|Rock Slide|p2b: Charizard\n|-activate|p2b: Charizard|move: Protect\n|\n|-weather|SunnyDay|[upkeep]\n|upkeep\n|turn|6\n|\n|t:|1776258626\n|move|p1a: Lopunny|High Jump Kick|p2b: Charizard\n|-resisted|p2b: Charizard|1\n|-damage|p2b: Charizard|58/100\n|move|p1b: Aerodactyl|Rock Slide|p2b: Charizard\n|-supereffective|p2b: Charizard|2\n|-damage|p2b: Charizard|0 fnt\n|faint|p2b: Charizard\n|\n|win|HyugaAnbu\n|raw|HyugaAnbu's rating: 1086 &rarr; <strong>1116</strong><br />(+30 for winning)\n|raw|Rufinius's rating: 1129 &rarr; <strong>1101</strong><br />(-28 for losing)\n|l|\u2606Rufinius\n|player|p2|\n",
  "uploadtime": 1776258635,
  "views": 30,
  "formatid": "gen9championsvgc2026regma",
  "rating": 1101,
  "private": 0,
  "password": null
}