{
  "id": "gen9championsvgc2026regma-2588719118",
  "format": "[Gen 9 Champions] VGC 2026 Reg M-A",
  "players": [
    "Cindy HK",
    "Olimaw"
  ],
  "log": "|j|\u2606Cindy HK\n|j|\u2606Olimaw\n|t:|1776661642\n|gametype|doubles\n|player|p1|Cindy HK|169|1070\n|player|p2|Olimaw|102|1000\n|gen|9\n|tier|[Gen 9 Champions] VGC 2026 Reg M-A\n|rated|\n|rule|Species Clause: Limit one of each Pok\u00e9mon\n|rule|Item Clause: Limit 1 of each item\n|clearpoke\n|poke|p1|Excadrill, L50, M|\n|poke|p1|Tyranitar, L50, F|\n|poke|p1|Corviknight, L50, F|\n|poke|p1|Hydreigon, L50, M|\n|poke|p1|Rotom-Wash, L50|\n|poke|p1|Mimikyu, L50, M|\n|poke|p2|Feraligatr, L50, F|\n|poke|p2|Whimsicott, L50, F|\n|poke|p2|Farigiraf, L50, F|\n|poke|p2|Sneasler, L50, M|\n|poke|p2|Aggron, L50, F|\n|poke|p2|Rotom-Heat, L50|\n|teampreview|4\nOlimaw has agreed to open team sheets.\n|\n|t:|1776661688\n|teamsize|p1|4\n|teamsize|p2|4\n|start\n|switch|p1a: Corviknight|Corviknight, L50, F|100/100\n|switch|p1b: Rotom|Rotom-Wash, L50|100/100\n|switch|p2a: Aggron|Aggron, L50, F|100/100\n|switch|p2b: Farigiraf|Farigiraf, L50, F|100/100\n|turn|1\n|\n|t:|1776661715\n|move|p1b: Rotom|Will-O-Wisp|p2a: Aggron\n|-status|p2a: Aggron|brn\n|move|p1a: Corviknight|Bulk Up|p1a: Corviknight\n|-boost|p1a: Corviknight|atk|1\n|-boost|p1a: Corviknight|def|1\n|move|p2a: Aggron|Iron Defense|p2a: Aggron\n|-boost|p2a: Aggron|def|2\n|move|p2b: Farigiraf|Trick Room|p2b: Farigiraf\n|-fieldstart|move: Trick Room|[of] p2b: Farigiraf\n|\n|-damage|p2a: Aggron|94/100 brn|[from] brn\n|upkeep\n|turn|2\n|\n|t:|1776661753\n|move|p2b: Farigiraf|Helping Hand|p2a: Aggron\n|-singleturn|p2a: Aggron|Helping Hand|[of] p2b: Farigiraf\n|move|p1b: Rotom|Protect|p1b: Rotom\n|-singleturn|p1b: Rotom|Protect\n|move|p2a: Aggron|Body Press|p1a: Corviknight\n|-crit|p1a: Corviknight\n|-damage|p1a: Corviknight|33/100\n|move|p1a: Corviknight|Bulk Up|p1a: Corviknight\n|-boost|p1a: Corviknight|atk|1\n|-boost|p1a: Corviknight|def|1\n|\n|-heal|p1a: Corviknight|38/100|[from] item: Leftovers\n|-damage|p2a: Aggron|88/100 brn|[from] brn\n|upkeep\n|turn|3\n|\n|t:|1776661773\n|move|p2b: Farigiraf|Helping Hand|p2a: Aggron\n|-singleturn|p2a: Aggron|Helping Hand|[of] p2b: Farigiraf\n|move|p2a: Aggron|Body Press|p1a: Corviknight\n|-damage|p1a: Corviknight|19/100\n|move|p1a: Corviknight|Roost|p1a: Corviknight\n|-heal|p1a: Corviknight|69/100\n|-singleturn|p1a: Corviknight|move: Roost\n|move|p1b: Rotom|Hydro Pump|p2a: Aggron|[miss]\n|-miss|p1b: Rotom|p2a: Aggron\n|\n|-heal|p1a: Corviknight|75/100|[from] item: Leftovers\n|-damage|p2a: Aggron|82/100 brn|[from] brn\n|upkeep\n|turn|4\n|\n|t:|1776661811\n|move|p2b: Farigiraf|Helping Hand|p2a: Aggron\n|-singleturn|p2a: Aggron|Helping Hand|[of] p2b: Farigiraf\n|move|p2a: Aggron|Body Press|p1a: Corviknight\n|-damage|p1a: Corviknight|52/100\n|move|p1a: Corviknight|Roost|p1a: Corviknight\n|-heal|p1a: Corviknight|100/100\n|-singleturn|p1a: Corviknight|move: Roost\n|move|p1b: Rotom|Thunderbolt|p2b: Farigiraf\n|-damage|p2b: Farigiraf|60/100\n|\n|-damage|p2a: Aggron|76/100 brn|[from] brn\n|upkeep\n|turn|5\n|\n|t:|1776661835\n|move|p1b: Rotom|Protect|p1b: Rotom\n|-singleturn|p1b: Rotom|Protect\n|move|p2a: Aggron|Iron Defense|p2a: Aggron\n|-boost|p2a: Aggron|def|2\n|move|p2b: Farigiraf|Hyper Voice|p1a: Corviknight|[spread] p1a\n|-activate|p1b: Rotom|move: Protect\n|-resisted|p1a: Corviknight|1\n|-damage|p1a: Corviknight|89/100\n|move|p1a: Corviknight|Bulk Up|p1a: Corviknight\n|-boost|p1a: Corviknight|atk|1\n|-boost|p1a: Corviknight|def|1\n|\n|-heal|p1a: Corviknight|95/100|[from] item: Leftovers\n|-damage|p2a: Aggron|70/100 brn|[from] brn\n|-fieldend|move: Trick Room\n|upkeep\n|turn|6\n|\n|t:|1776661857\n|move|p1b: Rotom|Hydro Pump|p2a: Aggron\n|-supereffective|p2a: Aggron|1\n|-damage|p2a: Aggron|0 fnt\n|faint|p2a: Aggron\n|move|p1a: Corviknight|Brave Bird|p2b: Farigiraf\n|-damage|p2b: Farigiraf|0 fnt\n|faint|p2b: Farigiraf\n|-damage|p1a: Corviknight|74/100|[from] Recoil\n|\n|-heal|p1a: Corviknight|80/100|[from] item: Leftovers\n|upkeep\n|\n|t:|1776661867\n|switch|p2b: Feraligatr|Feraligatr, L50, F|100/100\n|switch|p2a: Rotom|Rotom-Heat, L50|100/100\n|turn|7\n|\n|t:|1776661884\n|detailschange|p2b: Feraligatr|Feraligatr-Mega, L50, F\n|-mega|p2b: Feraligatr|Feraligatr|Feraligite\n|move|p2a: Rotom|Overheat|p1a: Corviknight\n|-supereffective|p1a: Corviknight|1\n|-damage|p1a: Corviknight|0 fnt\n|-unboost|p2a: Rotom|spa|2\n|faint|p1a: Corviknight\n|move|p1b: Rotom|Hydro Pump|p2a: Rotom\n|-supereffective|p2a: Rotom|1\n|-enditem|p2a: Rotom|Passho Berry|[eat]\n|-enditem|p2a: Rotom|Passho Berry|[weaken]\n|-damage|p2a: Rotom|40/100\n|move|p2b: Feraligatr|Swords Dance|p2b: Feraligatr\n|-boost|p2b: Feraligatr|atk|2\n|\n|upkeep\n|\n|t:|1776661891\n|switch|p1a: Mimikyu|Mimikyu, L50, M|100/100\n|turn|8\n|\n|t:|1776661924\n|move|p1a: Mimikyu|Protect|p1a: Mimikyu\n|-singleturn|p1a: Mimikyu|Protect\n|move|p2a: Rotom|Protect|p2a: Rotom\n|-singleturn|p2a: Rotom|Protect\n|move|p1b: Rotom|Will-O-Wisp|p2b: Feraligatr\n|-status|p2b: Feraligatr|brn\n|move|p2b: Feraligatr|Flip Turn|p1a: Mimikyu\n|-activate|p1a: Mimikyu|move: Protect\n|\n|-damage|p2b: Feraligatr|94/100 brn|[from] brn\n|upkeep\n|turn|9\n|\n|t:|1776661941\n|move|p1a: Mimikyu|Play Rough|p2b: Feraligatr\n|-supereffective|p2b: Feraligatr|1\n|-damage|p2b: Feraligatr|28/100 brn\n|move|p2a: Rotom|Will-O-Wisp|p1a: Mimikyu\n|-status|p1a: Mimikyu|brn\n|move|p1b: Rotom|Thunderbolt|p2b: Feraligatr\n|-damage|p2b: Feraligatr|0 fnt\n|faint|p2b: Feraligatr\n|\n|-damage|p1a: Mimikyu|94/100 brn|[from] brn\n|upkeep\n|turn|10\n|\n|t:|1776661955\n|move|p1a: Mimikyu|Shadow Claw|p2a: Rotom\n|-crit|p2a: Rotom\n|-damage|p2a: Rotom|10/100\n|move|p2a: Rotom|Volt Switch|p1b: Rotom\n|-damage|p1b: Rotom|81/100\n|move|p1b: Rotom|Hydro Pump|p2a: Rotom\n|-supereffective|p2a: Rotom|1\n|-damage|p2a: Rotom|0 fnt\n|faint|p2a: Rotom\n|\n|win|Cindy HK\n|raw|Cindy HK's rating: 1070 &rarr; <strong>1094</strong><br />(+24 for winning)\n|raw|Olimaw's rating: 1000 &rarr; <strong>1000</strong><br />(+0 for losing)\n|l|\u2606Olimaw\n|player|p2|\n|l|\u2606Cindy HK\n|player|p1|\n|j|\u2606Cindy HK\n|player|p1|Cindy HK|169|\n",
  "uploadtime": 1776664020,
  "views": 16,
  "formatid": "gen9championsvgc2026regma",
  "rating": 1000,
  "private": 0,
  "password": null
}