{
  "id": "gen9championsvgc2026regma-2585017792",
  "format": "[Gen 9 Champions] VGC 2026 Reg M-A",
  "players": [
    "DaburaKaraba",
    "2sweep4u"
  ],
  "log": "|j|\u2606DaburaKaraba\n|j|\u26062sweep4u\n|t:|1776303755\n|gametype|doubles\n|player|p1|DaburaKaraba|bruno|1099\n|player|p2|2sweep4u|unknownf|1115\n|gen|9\n|tier|[Gen 9 Champions] VGC 2026 Reg M-A\n|rated|\n|rule|Species Clause: Limit one of each Pok\u00e9mon\n|rule|Item Clause: Limit 1 of each item\n|clearpoke\n|poke|p1|Talonflame, L50, F|\n|poke|p1|Lucario, L50, F|\n|poke|p1|Araquanid, L50, M|\n|poke|p1|Tsareena, L50, F|\n|poke|p1|Krookodile, L50, M|\n|poke|p1|Beedrill, L50, M|\n|poke|p2|Incineroar, L50, M|\n|poke|p2|Sneasler, L50, F|\n|poke|p2|Milotic, L50, F|\n|poke|p2|Aerodactyl, L50, M|\n|poke|p2|Tyranitar, L50, F|\n|poke|p2|Excadrill, L50, F|\n|teampreview|4\n|inactive|Battle timer is ON: inactive players will automatically lose when time's up. (requested by DaburaKaraba)\n|inactive|2sweep4u has 60 seconds left.\n|\n|t:|1776303798\n|teamsize|p1|4\n|teamsize|p2|4\n|start\n|switch|p1a: Araquanid|Araquanid, L50, M|100/100\n|switch|p1b: Talonflame|Talonflame, L50, F|100/100\n|switch|p2a: Milotic|Milotic, L50, F|100/100\n|switch|p2b: Sneasler|Sneasler, L50, F|100/100\n|turn|1\n|\n|t:|1776303809\n|move|p1b: Talonflame|Protect|p1b: Talonflame\n|-singleturn|p1b: Talonflame|Protect\n|move|p2b: Sneasler|Fake Out|p1b: Talonflame\n|-activate|p1b: Talonflame|move: Protect\n|move|p2a: Milotic|Scald|p1b: Talonflame\n|-activate|p1b: Talonflame|move: Protect\n|move|p1a: Araquanid|Icy Wind|p2a: Milotic|[spread] p2a,p2b\n|-resisted|p2a: Milotic|1\n|-damage|p2a: Milotic|99/100\n|-damage|p2b: Sneasler|94/100\n|-unboost|p2a: Milotic|spe|1\n|-ability|p2a: Milotic|Competitive|boost\n|-boost|p2a: Milotic|spa|2\n|-unboost|p2b: Sneasler|spe|1\n|-enditem|p2b: Sneasler|White Herb\n|-clearnegativeboost|p2b: Sneasler|[silent]\n|\n|-heal|p2a: Milotic|100/100|[from] item: Leftovers\n|upkeep\n|turn|2\n|\n|t:|1776303828\n|switch|p2b: Tyranitar|Tyranitar, L50, F|100/100\n|-weather|Sandstorm|[from] ability: Sand Stream|[of] p2b: Tyranitar\n|move|p1b: Talonflame|Tailwind|p1b: Talonflame\n|-sidestart|p1: DaburaKaraba|move: Tailwind\n|move|p1a: Araquanid|Liquidation|p2b: Tyranitar\n|-supereffective|p2b: Tyranitar|1\n|-damage|p2b: Tyranitar|8/100\n|-unboost|p2b: Tyranitar|def|1\n|move|p2a: Milotic|Scald|p1b: Talonflame\n|-supereffective|p1b: Talonflame|1\n|-enditem|p1b: Talonflame|Focus Sash\n|-damage|p1b: Talonflame|1/100\n|\n|-weather|Sandstorm|[upkeep]\n|-damage|p1b: Talonflame|0 fnt|[from] Sandstorm\n|-damage|p1a: Araquanid|95/100|[from] Sandstorm\n|-damage|p2a: Milotic|95/100|[from] Sandstorm\n|faint|p1b: Talonflame\n|-heal|p2a: Milotic|100/100|[from] item: Leftovers\n|upkeep\n|\n|t:|1776303851\n|switch|p1b: Lucario|Lucario, L50, F|100/100\n|turn|3\n|\n|t:|1776303869\n|move|p2b: Tyranitar|Protect|p2b: Tyranitar\n|-singleturn|p2b: Tyranitar|Protect\n|move|p1b: Lucario|Nasty Plot|p1b: Lucario\n|-boost|p1b: Lucario|spa|2\n|move|p1a: Araquanid|Liquidation|p2b: Tyranitar\n|-activate|p2b: Tyranitar|move: Protect\n|move|p2a: Milotic|Scald|p1b: Lucario\n|-damage|p1b: Lucario|0 fnt\n|faint|p1b: Lucario\n|\n|-weather|Sandstorm|[upkeep]\n|-damage|p1a: Araquanid|89/100|[from] Sandstorm\n|-damage|p2a: Milotic|95/100|[from] Sandstorm\n|-heal|p2a: Milotic|100/100|[from] item: Leftovers\n|upkeep\n|\n|t:|1776303880\n|switch|p1b: Beedrill|Beedrill, L50, M|100/100\n|turn|4\n|\n|t:|1776303900\n|detailschange|p1b: Beedrill|Beedrill-Mega, L50, M\n|-mega|p1b: Beedrill|Beedrill|Beedrillite\n|detailschange|p2b: Tyranitar|Tyranitar-Mega, L50, F\n|-mega|p2b: Tyranitar|Tyranitar|Tyranitarite\n|move|p1b: Beedrill|Poison Jab|p2a: Milotic\n|-damage|p2a: Milotic|41/100\n|-status|p2a: Milotic|psn\n|move|p2b: Tyranitar|Rock Slide|p1b: Beedrill|[spread] p1a,p1b\n|-supereffective|p1a: Araquanid|1\n|-supereffective|p1b: Beedrill|1\n|-damage|p1a: Araquanid|26/100\n|-damage|p1b: Beedrill|0 fnt\n|faint|p1b: Beedrill\n|move|p1a: Araquanid|Leech Life|p2a: Milotic\n|-damage|p2a: Milotic|19/100 psn\n|-heal|p1a: Araquanid|39/100|[from] drain|[of] p2a: Milotic\n|move|p2a: Milotic|Icy Wind|p1a: Araquanid\n|-resisted|p1a: Araquanid|1\n|-damage|p1a: Araquanid|28/100\n|-unboost|p1a: Araquanid|spe|1\n|-enditem|p1a: Araquanid|White Herb\n|-clearnegativeboost|p1a: Araquanid|[silent]\n|\n|-weather|Sandstorm|[upkeep]\n|-damage|p1a: Araquanid|22/100|[from] Sandstorm\n|-damage|p2a: Milotic|13/100 psn|[from] Sandstorm\n|-heal|p2a: Milotic|19/100 psn|[from] item: Leftovers\n|-damage|p2a: Milotic|6/100 psn|[from] psn\n|upkeep\n|turn|5\n|\n|t:|1776303924\n|move|p2b: Tyranitar|Knock Off|p1a: Araquanid\n|-damage|p1a: Araquanid|0 fnt\n|faint|p1a: Araquanid\n|\n|win|2sweep4u\n|raw|DaburaKaraba's rating: 1099 &rarr; <strong>1075</strong><br />(-24 for losing)\n|raw|2sweep4u's rating: 1115 &rarr; <strong>1139</strong><br />(+24 for winning)\n",
  "uploadtime": 1776303925,
  "views": 22,
  "formatid": "gen9championsvgc2026regma",
  "rating": 1075,
  "private": 0,
  "password": null
}