{
  "id": "gen9championsvgc2026regma-2584444417",
  "format": "[Gen 9 Champions] VGC 2026 Reg M-A",
  "players": [
    "bizibee",
    "szadek"
  ],
  "log": "|j|\u2606bizibee\n|j|\u2606szadek\n|t:|1776261311\n|gametype|doubles\n|player|p1|bizibee|2|1050\n|player|p2|szadek|veteran|1134\n|gen|9\n|tier|[Gen 9 Champions] VGC 2026 Reg M-A\n|rated|\n|rule|Species Clause: Limit one of each Pok\u00e9mon\n|rule|Item Clause: Limit 1 of each item\n|clearpoke\n|poke|p1|Froslass, L50, F|\n|poke|p1|Glaceon, L50, M|\n|poke|p1|Aerodactyl, L50, F|\n|poke|p1|Chandelure, L50, F|\n|poke|p1|Incineroar, L50, M|\n|poke|p1|Dragapult, L50, F|\n|poke|p2|Floette-Eternal, L50, F|\n|poke|p2|Mamoswine, L50, M|\n|poke|p2|Araquanid, L50, M|\n|poke|p2|Sneasler, L50, F|\n|poke|p2|Rotom-Heat, L50|\n|poke|p2|Whimsicott, L50, M|\n|teampreview|4\n|inactive|Battle timer is ON: inactive players will automatically lose when time's up. (requested by bizibee)\n|inactive|szadek has 60 seconds left.\n|\n|t:|1776261380\n|teamsize|p1|4\n|teamsize|p2|4\n|start\n|switch|p1a: Incineroar|Incineroar, L50, M|100/100\n|switch|p1b: Aerodactyl|Aerodactyl, L50, F|100/100\n|switch|p2a: Whimsicott|Whimsicott, L50, M|100/100\n|switch|p2b: Floette|Floette-Eternal, L50, F|100/100\n|-ability|p1b: Aerodactyl|Unnerve\n|-ability|p1a: Incineroar|Intimidate|boost\n|-block|p2a: Whimsicott|ability: Flower Veil|[of] p2b: Floette\n|-unboost|p2b: Floette|atk|1\n|turn|1\n|inactive|szadek has 30 seconds left.\n|inactive|szadek has 20 seconds left.\n|inactive|szadek has 15 seconds left.\n|\n|t:|1776261422\n|detailschange|p2b: Floette|Floette-Mega, L50, F\n|-mega|p2b: Floette|Floette|Floettite\n|-ability|p2b: Floette|Fairy Aura\n|move|p2a: Whimsicott|Protect|p2a: Whimsicott\n|-singleturn|p2a: Whimsicott|Protect\n|move|p1a: Incineroar|Fake Out|p2b: Floette\n|-damage|p2b: Floette|82/100\n|move|p1b: Aerodactyl|Tailwind|p1b: Aerodactyl\n|-sidestart|p1: bizibee|move: Tailwind\n|cant|p2b: Floette|flinch\n|\n|upkeep\n|turn|2\n|inactive|bizibee has 30 seconds left.\n|\n|t:|1776261450\n|move|p2a: Whimsicott|Encore|p1b: Aerodactyl\n|-start|p1b: Aerodactyl|Encore\n|move|p1b: Aerodactyl|Tailwind||[still]\n|-fail|p1b: Aerodactyl\n|move|p1a: Incineroar|Flare Blitz|p2a: Whimsicott\n|-supereffective|p2a: Whimsicott|1\n|-enditem|p2a: Whimsicott|Focus Sash\n|-damage|p2a: Whimsicott|1/100\n|-status|p2a: Whimsicott|brn\n|-damage|p1a: Incineroar|73/100|[from] Recoil\n|move|p2b: Floette|Calm Mind|p2b: Floette\n|-boost|p2b: Floette|spa|1\n|-boost|p2b: Floette|spd|1\n|\n|-damage|p2a: Whimsicott|0 fnt|[from] brn\n|faint|p2a: Whimsicott\n|upkeep\n|\n|t:|1776261467\n|switch|p2a: Sneasler|Sneasler, L50, F|100/100\n|turn|3\n|inactive|bizibee has 30 seconds left.\n|\n|t:|1776261496\n|switch|p1b: Glaceon|Glaceon, L50, M|100/100\n|move|p2a: Sneasler|Fake Out|p1a: Incineroar\n|-damage|p1a: Incineroar|58/100\n|cant|p1a: Incineroar|flinch\n|move|p2b: Floette|Dazzling Gleam|p1a: Incineroar|[spread] p1a,p1b\n|-damage|p1a: Incineroar|0 fnt\n|-damage|p1b: Glaceon|0 fnt\n|faint|p1a: Incineroar\n|faint|p1b: Glaceon\n|\n|upkeep\n|\n|t:|1776261510\n|switch|p1b: Froslass|Froslass, L50, F|100/100\n|switch|p1a: Aerodactyl|Aerodactyl, L50, F|100/100\n|-ability|p1a: Aerodactyl|Unnerve\n|turn|4\n|inactive|bizibee has 30 seconds left.\n|inactive|bizibee has 20 seconds left.\n|inactive|bizibee has 15 seconds left.\n|\n|t:|1776261551\n|detailschange|p1b: Froslass|Froslass-Mega, L50, F\n|-mega|p1b: Froslass|Froslass|Froslassite\n|-weather|Snowscape|[from] ability: Snow Warning|[of] p1b: Froslass\n|move|p2b: Floette|Protect|p2b: Floette\n|-singleturn|p2b: Floette|Protect\n|move|p1a: Aerodactyl|Dual Wingbeat|p2a: Sneasler\n|-supereffective|p2a: Sneasler|1\n|-damage|p2a: Sneasler|39/100\n|-supereffective|p2a: Sneasler|1\n|-damage|p2a: Sneasler|0 fnt\n|faint|p2a: Sneasler\n|-hitcount|p2: Sneasler|2\n|move|p1b: Froslass|Blizzard|p2b: Floette\n|-activate|p2b: Floette|move: Protect\n|\n|-weather|Snowscape|[upkeep]\n|-sideend|p1: bizibee|move: Tailwind\n|upkeep\n|\n|t:|1776261568\n|switch|p2a: Mamoswine|Mamoswine, L50, M, shiny|100/100\n|turn|5\n|\n|t:|1776261586\n|move|p1a: Aerodactyl|Protect|p1a: Aerodactyl\n|-singleturn|p1a: Aerodactyl|Protect\n|move|p1b: Froslass|Protect|p1b: Froslass\n|-singleturn|p1b: Froslass|Protect\n|move|p2a: Mamoswine|Rock Slide|p1a: Aerodactyl|[spread] \n|-activate|p1a: Aerodactyl|move: Protect\n|-activate|p1b: Froslass|move: Protect\n|move|p2b: Floette|Dazzling Gleam|p1a: Aerodactyl|[spread] \n|-activate|p1a: Aerodactyl|move: Protect\n|-activate|p1b: Froslass|move: Protect\n|\n|-weather|Snowscape|[upkeep]\n|upkeep\n|turn|6\n|inactive|bizibee has 30 seconds left.\n|\n|t:|1776261611\n|move|p2a: Mamoswine|Rock Slide|p1a: Aerodactyl|[spread] p1b\n|-miss|p2a: Mamoswine|p1a: Aerodactyl\n|-supereffective|p1b: Froslass|1\n|-damage|p1b: Froslass|59/100\n|move|p1a: Aerodactyl|Rock Slide|p2b: Floette|[spread] p2a,p2b\n|-damage|p2a: Mamoswine|83/100\n|-damage|p2b: Floette|52/100\n|move|p1b: Froslass|Blizzard|p2b: Floette|[spread] p2a,p2b\n|-damage|p2a: Mamoswine|17/100\n|-damage|p2b: Floette|31/100\n|move|p2b: Floette|Dazzling Gleam|p1a: Aerodactyl|[spread] p1a,p1b\n|-enditem|p1a: Aerodactyl|Focus Sash\n|-damage|p1a: Aerodactyl|1/100\n|-damage|p1b: Froslass|0 fnt\n|faint|p1b: Froslass\n|\n|-weather|Snowscape|[upkeep]\n|upkeep\n|turn|7\n|\n|t:|1776261636\n|move|p1a: Aerodactyl|Protect|p1a: Aerodactyl\n|-singleturn|p1a: Aerodactyl|Protect\n|move|p2a: Mamoswine|Rock Slide|p1a: Aerodactyl\n|-activate|p1a: Aerodactyl|move: Protect\n|move|p2b: Floette|Moonblast|p1a: Aerodactyl\n|-activate|p1a: Aerodactyl|move: Protect\n|\n|-weather|Snowscape|[upkeep]\n|upkeep\n|turn|8\n|\n|t:|1776261649\n|move|p2a: Mamoswine|Rock Slide|p1a: Aerodactyl\n|-supereffective|p1a: Aerodactyl|1\n|-damage|p1a: Aerodactyl|0 fnt\n|faint|p1a: Aerodactyl\n|\n|win|szadek\n|raw|bizibee's rating: 1050 &rarr; <strong>1037</strong><br />(-13 for losing)\n|raw|szadek's rating: 1134 &rarr; <strong>1153</strong><br />(+19 for winning)\n",
  "uploadtime": 1776261655,
  "views": 21,
  "formatid": "gen9championsvgc2026regma",
  "rating": 1037,
  "private": 0,
  "password": null
}