{
  "id": "gen9championsvgc2026regma-2583347096",
  "format": "[Gen 9 Champions] VGC 2026 Reg M-A",
  "players": [
    "cottonface",
    "redinky15071"
  ],
  "log": "|j|\u2606cottonface\n|j|\u203dredinky15071\n|t:|1776168972\n|gametype|doubles\n|player|p1|cottonface|collector|1051\n|player|p2|redinky15071|170|1035\n|gen|9\n|tier|[Gen 9 Champions] VGC 2026 Reg M-A\n|rated|\n|rule|Species Clause: Limit one of each Pok\u00e9mon\n|rule|Item Clause: Limit 1 of each item\n|clearpoke\n|poke|p1|Snorlax, L50, M|\n|poke|p1|Audino, L50, M|\n|poke|p1|Zoroark-Hisui, L50, F|\n|poke|p1|Ditto, L50|\n|poke|p1|Farigiraf, L50, F|\n|poke|p1|Maushold-Four, L50|\n|poke|p2|Gengar, L50, M|\n|poke|p2|Incineroar, L50, M|\n|poke|p2|Politoed, L50, M|\n|poke|p2|Ninetales-Alola, L50, F|\n|poke|p2|Palafin, L50, F|\n|poke|p2|Clefable, L50, F|\n|teampreview|4\n|\n|t:|1776169025\n|teamsize|p1|4\n|teamsize|p2|4\n|start\n|switch|p1a: Farigiraf|Farigiraf, L50, F|100/100\n|switch|p1b: Maushold|Maushold-Four, L50|100/100\n|switch|p2a: Gengar|Gengar, L50, M, shiny|100/100\n|switch|p2b: Clefable|Clefable, L50, F, shiny|100/100\n|turn|1\n|\n|t:|1776169048\n|detailschange|p2a: Gengar|Gengar-Mega, L50, M, shiny\n|-mega|p2a: Gengar|Gengar|Gengarite\n|move|p2b: Clefable|Follow Me|p2b: Clefable\n|-singleturn|p2b: Clefable|move: Follow Me\n|move|p2a: Gengar|Perish Song|p2a: Gengar\n|-start|p1a: Farigiraf|perish3|[silent]\n|-start|p1b: Maushold|perish3|[silent]\n|-start|p2a: Gengar|perish3|[silent]\n|-start|p2b: Clefable|perish3|[silent]\n|-fieldactivate|move: Perish Song\n|move|p1b: Maushold|Taunt|p2b: Clefable\n|-start|p2b: Clefable|move: Taunt\n|move|p1a: Farigiraf|Gravity|p1a: Farigiraf\n|-fieldstart|move: Gravity\n|\n|-start|p2a: Gengar|perish3\n|-start|p1b: Maushold|perish3\n|-start|p1a: Farigiraf|perish3\n|-start|p2b: Clefable|perish3\n|upkeep\n|turn|2\n|inactive|Battle timer is ON: inactive players will automatically lose when time's up. (requested by cottonface)\n|\n|t:|1776169116\n|switch|p2b: Incineroar|Incineroar, L50, M, shiny|100/100\n|-ability|p2b: Incineroar|Intimidate|boost\n|-unboost|p1a: Farigiraf|atk|1\n|-unboost|p1b: Maushold|atk|1\n|move|p1b: Maushold|Follow Me|p1b: Maushold\n|-singleturn|p1b: Maushold|move: Follow Me\n|move|p2a: Gengar|Substitute|p2a: Gengar\n|-start|p2a: Gengar|Substitute\n|-damage|p2a: Gengar|76/100\n|move|p1a: Farigiraf|Psychic Noise|p2a: Gengar\n|-supereffective|p2a: Gengar|1\n|-damage|p2a: Gengar|0 fnt\n|faint|p2a: Gengar\n|\n|-start|p1b: Maushold|perish2\n|-start|p1a: Farigiraf|perish2\n|upkeep\n|\n|t:|1776169135\n|switch|p2a: Palafin|Palafin, L50, F|100/100\n|turn|3\n|\n|t:|1776169153\n|switch|p1b: Snorlax|Snorlax, L50, M|100/100\n|switch|p1a: Audino|Audino, L50, M|100/100\n|move|p2a: Palafin|Jet Punch|p1b: Snorlax\n|-damage|p1b: Snorlax|81/100\n|move|p2b: Incineroar|Darkest Lariat|p1a: Audino\n|-damage|p1a: Audino|72/100\n|\n|-heal|p1b: Snorlax|87/100|[from] item: Leftovers\n|upkeep\n|turn|4\n|inactive|redinky15071 has 30 seconds left.\n|inactive|redinky15071 has 20 seconds left.\n|inactive|redinky15071 has 15 seconds left.\n|inactive|redinky15071 has 10 seconds left.\n|\n|t:|1776169199\n|detailschange|p1a: Audino|Audino-Mega, L50, M\n|-mega|p1a: Audino|Audino|Audinite\n|move|p2a: Palafin|Flip Turn|p1a: Audino\n|-damage|p1a: Audino|59/100\n|\n|t:|1776169204\n|detailschange|p2a: Palafin|Palafin-Hero, L50, F\n|switch|p2a: Clefable|Clefable, L50, F, shiny|100/100|[from] Flip Turn\n|move|p2b: Incineroar|Parting Shot|p1b: Snorlax\n|-unboost|p1b: Snorlax|atk|1\n|-unboost|p1b: Snorlax|spa|1\n|\n|t:|1776169210\n|switch|p2b: Palafin|Palafin-Hero, L50, F|100/100|[from] Parting Shot\n|-activate|p2b: Palafin|ability: Zero to Hero\n|move|p1b: Snorlax|Curse|p1b: Snorlax\n|-unboost|p1b: Snorlax|spe|1\n|-boost|p1b: Snorlax|atk|1\n|-boost|p1b: Snorlax|def|1\n|move|p1a: Audino|Trick Room|p1a: Audino\n|-fieldstart|move: Trick Room|[of] p1a: Audino\n|\n|-heal|p1b: Snorlax|93/100|[from] item: Leftovers\n|upkeep\n|turn|5\n|inactive|redinky15071 has 30 seconds left.\n|inactive|redinky15071 has 20 seconds left.\n|inactive|redinky15071 has 15 seconds left.\n|\n|t:|1776169252\n|move|p2a: Clefable|Follow Me|p2a: Clefable\n|-singleturn|p2a: Clefable|move: Follow Me\n|move|p2b: Palafin|Jet Punch|p1a: Audino\n|-damage|p1a: Audino|36/100\n|move|p1b: Snorlax|Double-Edge|p2a: Clefable\n|-damage|p2a: Clefable|30/100\n|-damage|p1b: Snorlax|78/100|[from] Recoil\n|move|p1a: Audino|Wish|p1a: Audino\n|\n|-heal|p1b: Snorlax|84/100|[from] item: Leftovers\n|-fieldend|move: Gravity\n|upkeep\n|turn|6\n|\n|t:|1776169273\n|move|p1a: Audino|Protect|p1a: Audino\n|-singleturn|p1a: Audino|Protect\n|move|p1b: Snorlax|Curse|p1b: Snorlax\n|-unboost|p1b: Snorlax|spe|1\n|-boost|p1b: Snorlax|atk|1\n|-boost|p1b: Snorlax|def|1\n|move|p2b: Palafin|Wave Crash|p1a: Audino\n|-activate|p1a: Audino|move: Protect\n|move|p2a: Clefable|Moonlight|p2a: Clefable\n|-heal|p2a: Clefable|80/100\n|\n|-heal|p1a: Audino|86/100|[from] move: Wish|[wisher] Audino\n|-heal|p1b: Snorlax|90/100|[from] item: Leftovers\n|upkeep\n|turn|7\n|\n|t:|1776169293\n|move|p2a: Clefable|Protect|p2a: Clefable\n|-singleturn|p2a: Clefable|Protect\n|move|p1a: Audino|Ally Switch|p1a: Audino\n|swap|p1a: Audino|1|[from] move: Ally Switch\n|move|p1a: Snorlax|Double-Edge|p2b: Palafin\n|-crit|p2b: Palafin\n|-damage|p2b: Palafin|0 fnt\n|faint|p2b: Palafin\n|-damage|p1a: Snorlax|69/100|[from] Recoil\n|\n|-heal|p1a: Snorlax|75/100|[from] item: Leftovers\n|upkeep\n|\n|t:|1776169302\n|switch|p2b: Incineroar|Incineroar, L50, M, shiny|100/100\n|-ability|p2b: Incineroar|Intimidate|boost\n|-unboost|p1a: Snorlax|atk|1\n|-unboost|p1b: Audino|atk|1\n|turn|8\n|\n|t:|1776169314\n|move|p2a: Clefable|Protect||[still]\n|-fail|p2a: Clefable\n|move|p2b: Incineroar|Fake Out|p1a: Snorlax\n|-damage|p1a: Snorlax|69/100\n|cant|p1a: Snorlax|flinch\n|move|p1b: Audino|Wish|p1b: Audino\n|\n|-heal|p1a: Snorlax|75/100|[from] item: Leftovers\n|-fieldend|move: Trick Room\n|upkeep\n|turn|9\n|inactive|redinky15071 has 30 seconds left.\n|inactive|redinky15071 has 20 seconds left.\n|inactive|redinky15071 has 15 seconds left.\n|\n|t:|1776169357\n|move|p2a: Clefable|Encore|p1b: Audino\n|-start|p1b: Audino|Encore\n|move|p2b: Incineroar|Darkest Lariat|p1a: Snorlax\n|-damage|p1a: Snorlax|42/100\n|move|p1b: Audino|Wish||[still]\n|-fail|p1b: Audino\n|move|p1a: Snorlax|Curse|p1a: Snorlax\n|-unboost|p1a: Snorlax|spe|1\n|-boost|p1a: Snorlax|atk|1\n|-boost|p1a: Snorlax|def|1\n|\n|-heal|p1b: Audino|100/100|[from] move: Wish|[wisher] Audino\n|-heal|p1a: Snorlax|48/100|[from] item: Leftovers\n|upkeep\n|turn|10\n|inactive|cottonface has 30 seconds left.\n|\n|t:|1776169386\n|switch|p1b: Maushold|Maushold-Four, L50|100/100\n|switch|p1a: Farigiraf|Farigiraf, L50, F|100/100\n|move|p2a: Clefable|Encore||[still]\n|-fail|p2a: Clefable\n|move|p2b: Incineroar|Darkest Lariat|p1a: Farigiraf\n|-supereffective|p1a: Farigiraf|1\n|-damage|p1a: Farigiraf|35/100\n|\n|upkeep\n|turn|11\n|inactive|cottonface has 30 seconds left.\n|inactive|redinky15071 has 30 seconds left.\n|inactive|cottonface has 20 seconds left.\n|\n|t:|1776169424\n|move|p1a: Farigiraf|Protect|p1a: Farigiraf\n|-singleturn|p1a: Farigiraf|Protect\n|move|p1b: Maushold|Taunt|p2a: Clefable\n|-start|p2a: Clefable|move: Taunt\n|cant|p2a: Clefable|move: Taunt|Encore\n|move|p2b: Incineroar|Darkest Lariat|p1a: Farigiraf\n|-activate|p1a: Farigiraf|move: Protect\n|\n|upkeep\n|turn|12\n|l|\u203dredinky15071\n|inactive|redinky15071 disconnected and has a minute to reconnect!\n|player|p2|\n|c|\u2606cottonface|lmao\n|inactive|redinky15071 has 30 seconds left.\n|inactive|redinky15071 has 20 seconds left.\n|inactive|redinky15071 has 15 seconds left.\n|inactive|redinky15071 has 10 seconds left.\n|inactive|redinky15071 has 5 seconds left.\n|-message|redinky15071 lost due to inactivity.\n|\n|win|cottonface\n|raw|cottonface's rating: 1051 &rarr; <strong>1082</strong><br />(+31 for winning)\n|raw|redinky15071's rating: 1035 &rarr; <strong>1020</strong><br />(-15 for losing)\n",
  "uploadtime": 1776169504,
  "views": 24,
  "formatid": "gen9championsvgc2026regma",
  "rating": 1020,
  "private": 0,
  "password": null
}