{
  "id": "gen9championsvgc2026regma-2588283703",
  "format": "[Gen 9 Champions] VGC 2026 Reg M-A",
  "players": [
    "ternaligo",
    "DavidTIS"
  ],
  "log": "|j|\u2606ternaligo\n|j|\u2606DavidTIS\n|t:|1776620856\n|gametype|doubles\n|player|p1|ternaligo|102|1085\n|player|p2|DavidTIS|1|1144\n|gen|9\n|tier|[Gen 9 Champions] VGC 2026 Reg M-A\n|rated|\n|rule|Species Clause: Limit one of each Pok\u00e9mon\n|rule|Item Clause: Limit 1 of each item\n|clearpoke\n|poke|p1|Clefable, L50, M|\n|poke|p1|Milotic, L50, M|\n|poke|p1|Farigiraf, L50, F|\n|poke|p1|Alakazam, L50, M|\n|poke|p1|Incineroar, L50, M|\n|poke|p1|Camerupt, L50, F|\n|poke|p2|Starmie, L50|\n|poke|p2|Lucario, L50, F|\n|poke|p2|Zoroark-Hisui, L50, F|\n|poke|p2|Lycanroc-Dusk, L50, F|\n|poke|p2|Skarmory, L50, F|\n|poke|p2|Hydreigon, L50, M|\n|teampreview|4\n|inactive|Battle timer is ON: inactive players will automatically lose when time's up. (requested by DavidTIS)\n|inactive|DavidTIS has 60 seconds left.\n|inactive|DavidTIS has 30 seconds left.\n|\n|t:|1776620917\n|teamsize|p1|4\n|teamsize|p2|4\n|start\n|switch|p1a: Clefable|Clefable, L50, M|100/100\n|switch|p1b: Farigiraf|Farigiraf, L50, F|100/100\n|switch|p2a: Starmie|Starmie, L50|100/100\n|switch|p2b: Lycanroc|Lycanroc-Dusk, L50, F|100/100\n|turn|1\n|inactive|DavidTIS has 30 seconds left.\n|inactive|DavidTIS has 20 seconds left.\n|inactive|DavidTIS has 15 seconds left.\n|inactive|DavidTIS has 10 seconds left.\n|\n|t:|1776620962\n|detailschange|p2a: Starmie|Starmie-Mega, L50\n|-mega|p2a: Starmie|Starmie|Starminite\n|move|p1a: Clefable|Follow Me|p1a: Clefable\n|-singleturn|p1a: Clefable|move: Follow Me\n|move|p2a: Starmie|Liquidation|p1a: Clefable\n|-damage|p1a: Clefable|25/100\n|move|p2b: Lycanroc|Poltergeist|p1a: Clefable\n|-activate|p1a: Clefable|move: Poltergeist|Clefablite\n|-damage|p1a: Clefable|0 fnt\n|faint|p1a: Clefable\n|move|p1b: Farigiraf|Trick Room|p1b: Farigiraf\n|-fieldstart|move: Trick Room|[of] p1b: Farigiraf\n|\n|upkeep\n|\n|t:|1776620976\n|switch|p1a: Milotic|Milotic, L50, M|100/100\n|turn|2\n|\n|t:|1776620993\n|move|p1b: Farigiraf|Psychic Terrain|p1b: Farigiraf\n|-fieldstart|move: Psychic Terrain\n|move|p1a: Milotic|Hypnosis|p2a: Starmie\n|-status|p2a: Starmie|slp|[from] move: Hypnosis\n|move|p2b: Lycanroc|Poltergeist|p1a: Milotic|[miss]\n|-miss|p2b: Lycanroc|p1a: Milotic\n|cant|p2a: Starmie|slp\n|\n|upkeep\n|turn|3\n|\n|t:|1776621016\n|switch|p1b: Alakazam|Alakazam, L50, M|100/100\n|move|p1a: Milotic|Scald|p2b: Lycanroc\n|-damage|p2b: Lycanroc|0 fnt\n|replace|p2b: Zoroark|Zoroark-Hisui, L50, F\n|-end|p2b: Zoroark|Illusion\n|faint|p2b: Zoroark\n|cant|p2a: Starmie|slp\n|\n|upkeep\n|\n|t:|1776621031\n|switch|p2b: Hydreigon|Hydreigon, L50, M|100/100\n|turn|4\n|\n|t:|1776621042\n|detailschange|p1b: Alakazam|Alakazam-Mega, L50, M\n|-mega|p1b: Alakazam|Alakazam|Alakazite\n|-ability|p1b: Alakazam|Levitate|Trace|[from] ability: Trace|[of] p2b: Hydreigon\n|move|p1a: Milotic|Dragon Pulse|p2b: Hydreigon\n|-supereffective|p2b: Hydreigon|1\n|-damage|p2b: Hydreigon|39/100\n|move|p2b: Hydreigon|Dark Pulse|p1b: Alakazam\n|-supereffective|p1b: Alakazam|1\n|-damage|p1b: Alakazam|0 fnt\n|faint|p1b: Alakazam\n|-curestatus|p2a: Starmie|slp|[msg]\n|move|p2a: Starmie|Psycho Cut|p1a: Milotic\n|-damage|p1a: Milotic|16/100\n|\n|upkeep\n|\n|t:|1776621052\n|switch|p1b: Farigiraf|Farigiraf, L50, F|100/100\n|turn|5\n|\n|t:|1776621064\n|move|p2b: Hydreigon|Protect|p2b: Hydreigon\n|-singleturn|p2b: Hydreigon|Protect\n|move|p2a: Starmie|Protect|p2a: Starmie\n|-singleturn|p2a: Starmie|Protect\n|move|p1b: Farigiraf|Psychic|p2a: Starmie\n|-activate|p2a: Starmie|move: Protect\n|move|p1a: Milotic|Muddy Water|p2a: Starmie|[spread] \n|-activate|p2a: Starmie|move: Protect\n|-activate|p2b: Hydreigon|move: Protect\n|\n|-fieldend|move: Trick Room\n|upkeep\n|turn|6\n|-message|ternaligo forfeited.\n|\n|win|DavidTIS\n|raw|ternaligo's rating: 1085 &rarr; <strong>1066</strong><br />(-19 for losing)\n|raw|DavidTIS's rating: 1144 &rarr; <strong>1165</strong><br />(+21 for winning)\n|l|\u2606ternaligo\n|player|p1|\n",
  "uploadtime": 1776621077,
  "views": 10,
  "formatid": "gen9championsvgc2026regma",
  "rating": 1066,
  "private": 0,
  "password": null
}