{
  "id": "gen9championsvgc2026regma-2585183793",
  "format": "[Gen 9 Champions] VGC 2026 Reg M-A",
  "players": [
    "BaconHairOP",
    "rgeee"
  ],
  "log": "|j|\u2606BaconHairOP\n|j|\u2606rgeee\n|t:|1776322202\n|gametype|doubles\n|player|p1|BaconHairOP|170|1171\n|player|p2|rgeee|266|1182\n|gen|9\n|tier|[Gen 9 Champions] VGC 2026 Reg M-A\n|rated|\n|rule|Species Clause: Limit one of each Pok\u00e9mon\n|rule|Item Clause: Limit 1 of each item\n|clearpoke\n|poke|p1|Hawlucha, L50, F|\n|poke|p1|Excadrill, L50, F|\n|poke|p1|Tyranitar, L50, M|\n|poke|p1|Whimsicott, L50, F|\n|poke|p1|Incineroar, L50, M|\n|poke|p1|Sinistcha, L50|\n|poke|p2|Zoroark-Hisui, L50, M|\n|poke|p2|Torkoal, L50, M|\n|poke|p2|Incineroar, L50, M|\n|poke|p2|Farigiraf, L50, M|\n|poke|p2|Kangaskhan, L50, F|\n|poke|p2|Audino, L50, M|\n|teampreview|4\n|\n|t:|1776322231\n|teamsize|p1|4\n|teamsize|p2|4\n|start\n|switch|p1a: Tyranitar|Tyranitar, L50, M|100/100\n|switch|p1b: Incineroar|Incineroar, L50, M|100/100\n|switch|p2a: Farigiraf|Farigiraf, L50, M|100/100\n|switch|p2b: Incineroar|Incineroar, L50, M|100/100\n|-weather|Sandstorm|[from] ability: Sand Stream|[of] p1a: Tyranitar\n|-ability|p1b: Incineroar|Intimidate|boost\n|-unboost|p2a: Farigiraf|atk|1\n|-unboost|p2b: Incineroar|atk|1\n|-ability|p2b: Incineroar|Intimidate|boost\n|-unboost|p1a: Tyranitar|atk|1\n|-unboost|p1b: Incineroar|atk|1\n|turn|1\n|\n|t:|1776322272\n|move|p1a: Tyranitar|Protect|p1a: Tyranitar\n|-singleturn|p1a: Tyranitar|Protect\n|move|p1b: Incineroar|Fake Out|p2a: Farigiraf\n|-immune|p2a: Farigiraf\n|move|p2a: Farigiraf|Will-O-Wisp|p1a: Tyranitar\n|-activate|p1a: Tyranitar|move: Protect\n|move|p2b: Incineroar|Parting Shot|p1a: Tyranitar\n|-activate|p1a: Tyranitar|move: Protect\n|\n|-weather|Sandstorm|[upkeep]\n|-damage|p2a: Farigiraf|94/100|[from] Sandstorm\n|-damage|p1b: Incineroar|95/100|[from] Sandstorm\n|-damage|p2b: Incineroar|94/100|[from] Sandstorm\n|upkeep\n|turn|2\n|\n|t:|1776322299\n|move|p2a: Farigiraf|Will-O-Wisp|p1a: Tyranitar\n|-status|p1a: Tyranitar|brn\n|move|p1a: Tyranitar|Rock Slide|p2a: Farigiraf|[spread] p2a,p2b\n|-supereffective|p2b: Incineroar|1\n|-damage|p2a: Farigiraf|71/100\n|-damage|p2b: Incineroar|75/100\n|replace|p2a: Zoroark|Zoroark-Hisui, L50, M\n|-end|p2a: Zoroark|Illusion\n|move|p1b: Incineroar|Darkest Lariat|p2a: Zoroark\n|-supereffective|p2a: Zoroark|1\n|-damage|p2a: Zoroark|0 fnt\n|faint|p2a: Zoroark\n|move|p2b: Incineroar|Parting Shot|p1a: Tyranitar\n|-unboost|p1a: Tyranitar|atk|1\n|-unboost|p1a: Tyranitar|spa|1\n|\n|t:|1776322309\n|switch|p2b: Farigiraf|Farigiraf, L50, M|100/100|[from] Parting Shot\n|\n|-weather|Sandstorm|[upkeep]\n|-damage|p1b: Incineroar|89/100|[from] Sandstorm\n|-damage|p2b: Farigiraf|94/100|[from] Sandstorm\n|-damage|p1a: Tyranitar|95/100 brn|[from] brn\n|upkeep\n|\n|t:|1776322311\n|switch|p2a: Torkoal|Torkoal, L50, M|100/100\n|-weather|SunnyDay|[from] ability: Drought|[of] p2a: Torkoal\n|turn|3\n|\n|t:|1776322329\n|switch|p1a: Hawlucha|Hawlucha, L50, F, shiny|100/100\n|-ability|p1a: Hawlucha|Mold Breaker\n|switch|p1b: Excadrill|Excadrill, L50, F|100/100\n|move|p2a: Torkoal|Protect|p2a: Torkoal\n|-singleturn|p2a: Torkoal|Protect\n|move|p2b: Farigiraf|Trick Room|p2b: Farigiraf\n|-fieldstart|move: Trick Room|[of] p2b: Farigiraf\n|\n|-weather|SunnyDay|[upkeep]\n|upkeep\n|turn|4\n|\n|t:|1776322356\n|switch|p1b: Incineroar|Incineroar, L50, M|89/100\n|-ability|p1b: Incineroar|Intimidate|boost\n|-unboost|p2a: Torkoal|atk|1\n|-unboost|p2b: Farigiraf|atk|1\n|switch|p1a: Tyranitar|Tyranitar, L50, M|95/100 brn\n|-weather|Sandstorm|[from] ability: Sand Stream|[of] p1a: Tyranitar\n|move|p2a: Torkoal|Eruption|p1a: Tyranitar|[spread] p1a,p1b\n|-resisted|p1a: Tyranitar|1\n|-resisted|p1b: Incineroar|1\n|-damage|p1a: Tyranitar|75/100 brn\n|-damage|p1b: Incineroar|61/100\n|move|p2b: Farigiraf|Sunny Day|p2b: Farigiraf\n|-weather|SunnyDay\n|\n|-weather|SunnyDay|[upkeep]\n|-heal|p1a: Tyranitar|81/100 brn|[from] item: Leftovers\n|-damage|p1a: Tyranitar|75/100 brn|[from] brn\n|upkeep\n|turn|5\n|\n|t:|1776322388\n|switch|p1a: Hawlucha|Hawlucha, L50, F, shiny|100/100\n|-ability|p1a: Hawlucha|Mold Breaker\n|move|p1b: Incineroar|Fake Out||[still]\n|cant|p2b: Farigiraf|ability: Armor Tail|Fake Out|[of] p1b: Incineroar\n|move|p2a: Torkoal|Earth Power|p1a: Hawlucha\n|-immune|p1a: Hawlucha\n|move|p2b: Farigiraf|Sunny Day||[still]\n|-fail|p2b: Farigiraf\n|\n|-weather|SunnyDay|[upkeep]\n|upkeep\n|turn|6\n|\n|t:|1776322401\n|switch|p1a: Tyranitar|Tyranitar, L50, M|75/100 brn\n|-weather|Sandstorm|[from] ability: Sand Stream|[of] p1a: Tyranitar\n|move|p2a: Torkoal|Eruption|p1a: Tyranitar|[spread] p1a,p1b\n|-resisted|p1a: Tyranitar|1\n|-resisted|p1b: Incineroar|1\n|-damage|p1a: Tyranitar|56/100 brn\n|-damage|p1b: Incineroar|33/100\n|-enditem|p1b: Incineroar|Sitrus Berry|[eat]\n|-heal|p1b: Incineroar|57/100|[from] item: Sitrus Berry\n|move|p2b: Farigiraf|Sunny Day|p2b: Farigiraf\n|-weather|SunnyDay\n|move|p1b: Incineroar|Darkest Lariat|p2b: Farigiraf\n|-supereffective|p2b: Farigiraf|1\n|-damage|p2b: Farigiraf|6/100\n|-enditem|p2b: Farigiraf|Sitrus Berry|[eat]\n|-heal|p2b: Farigiraf|31/100|[from] item: Sitrus Berry\n|\n|-weather|SunnyDay|[upkeep]\n|-heal|p1a: Tyranitar|62/100 brn|[from] item: Leftovers\n|-damage|p1a: Tyranitar|56/100 brn|[from] brn\n|upkeep\n|turn|7\n|\n|t:|1776322418\n|move|p1a: Tyranitar|Protect|p1a: Tyranitar\n|-singleturn|p1a: Tyranitar|Protect\n|move|p2a: Torkoal|Earth Power|p1b: Incineroar\n|-supereffective|p1b: Incineroar|1\n|-damage|p1b: Incineroar|5/100\n|move|p2b: Farigiraf|Hyper Voice|p1b: Incineroar|[spread] p1b\n|-activate|p1a: Tyranitar|move: Protect\n|-damage|p1b: Incineroar|0 fnt\n|faint|p1b: Incineroar\n|\n|-weather|SunnyDay|[upkeep]\n|-heal|p1a: Tyranitar|62/100 brn|[from] item: Leftovers\n|-damage|p1a: Tyranitar|56/100 brn|[from] brn\n|-fieldend|move: Trick Room\n|upkeep\n|\n|t:|1776322429\n|switch|p1b: Hawlucha|Hawlucha, L50, F, shiny|100/100\n|-ability|p1b: Hawlucha|Mold Breaker\n|turn|8\n|\n|t:|1776322451\n|move|p1b: Hawlucha|Stone Edge|p2b: Farigiraf|[miss]\n|-miss|p1b: Hawlucha|p2b: Farigiraf\n|move|p1a: Tyranitar|Earthquake|p2b: Farigiraf|[spread] p2a,p2b\n|-immune|p1b: Hawlucha\n|-supereffective|p2a: Torkoal|1\n|-damage|p2a: Torkoal|78/100\n|-damage|p2b: Farigiraf|17/100\n|move|p2a: Torkoal|Heat Wave|p1a: Tyranitar|[spread] p1a,p1b\n|-resisted|p1a: Tyranitar|1\n|-damage|p1a: Tyranitar|31/100 brn\n|-damage|p1b: Hawlucha|5/100\n|move|p2b: Farigiraf|Trick Room|p2b: Farigiraf\n|-fieldstart|move: Trick Room|[of] p2b: Farigiraf\n|\n|-weather|SunnyDay|[upkeep]\n|-heal|p1a: Tyranitar|36/100 brn|[from] item: Leftovers\n|-damage|p1a: Tyranitar|31/100 brn|[from] brn\n|upkeep\n|turn|9\n|-message|BaconHairOP forfeited.\n|\n|win|rgeee\n|raw|BaconHairOP's rating: 1171 &rarr; <strong>1147</strong><br />(-24 for losing)\n|raw|rgeee's rating: 1182 &rarr; <strong>1206</strong><br />(+24 for winning)\n|l|\u2606BaconHairOP\n|player|p1|\n",
  "uploadtime": 1776322465,
  "views": 18,
  "formatid": "gen9championsvgc2026regma",
  "rating": 1147,
  "private": 0,
  "password": null
}