{
  "id": "gen9championsvgc2026regma-2588317483",
  "format": "[Gen 9 Champions] VGC 2026 Reg M-A",
  "players": [
    "vuclump",
    "isayhiyousayhello"
  ],
  "log": "|j|\u2606vuclump\n|j|\u2606isayhiyousayhello\n|t:|1776623605\n|gametype|doubles\n|player|p1|vuclump|preschooler|1415\n|player|p2|isayhiyousayhello|1|1479\n|gen|9\n|tier|[Gen 9 Champions] VGC 2026 Reg M-A\n|rated|\n|rule|Species Clause: Limit one of each Pok\u00e9mon\n|rule|Item Clause: Limit 1 of each item\n|clearpoke\n|poke|p1|Aggron, L50, M|\n|poke|p1|Sinistcha, L50|\n|poke|p1|Sneasler, L50, M|\n|poke|p1|Pelipper, L50, M|\n|poke|p1|Basculegion, L50, M|\n|poke|p1|Archaludon, L50, M|\n|poke|p2|Sinistcha, L50|\n|poke|p2|Kommo-o, L50, F|\n|poke|p2|Kangaskhan, L50, F|\n|poke|p2|Primarina, L50, F|\n|poke|p2|Arcanine-Hisui, L50, M|\n|poke|p2|Corviknight, L50, M|\n|teampreview|4\n|inactive|Battle timer is ON: inactive players will automatically lose when time's up. (requested by vuclump)\nisayhiyousayhello rejected open team sheets.\n|inactive|isayhiyousayhello has 60 seconds left.\n|\n|t:|1776623669\n|teamsize|p1|4\n|teamsize|p2|4\n|start\n|switch|p1a: Sneasler|Sneasler, L50, M|100/100\n|switch|p1b: Archaludon|Archaludon, L50, M|100/100\n|switch|p2a: Kangaskhan|Kangaskhan, L50, F|100/100\n|switch|p2b: Kommo-o|Kommo-o, L50, F|100/100\n|turn|1\n|\n|t:|1776623693\n|switch|p1b: Pelipper|Pelipper, L50, M|100/100\n|-weather|RainDance|[from] ability: Drizzle|[of] p1b: Pelipper\n|move|p2a: Kangaskhan|Protect|p2a: Kangaskhan\n|-singleturn|p2a: Kangaskhan|Protect\n|move|p2b: Kommo-o|Protect|p2b: Kommo-o\n|-singleturn|p2b: Kommo-o|Protect\n|move|p1a: Sneasler|Close Combat|p2a: Kangaskhan\n|-activate|p2a: Kangaskhan|move: Protect\n|\n|-weather|RainDance|[upkeep]\n|upkeep\n|turn|2\n|\n|t:|1776623710\n|switch|p2a: Sinistcha|Sinistcha, L50|100/100\n|move|p1a: Sneasler|Close Combat|p2a: Sinistcha\n|-immune|p2a: Sinistcha\n|move|p2b: Kommo-o|Clanging Scales|p1a: Sneasler|[spread] p1a,p1b\n|-damage|p1a: Sneasler|35/100\n|-damage|p1b: Pelipper|57/100\n|-unboost|p2b: Kommo-o|def|1\n|move|p1b: Pelipper|Weather Ball|p2a: Sinistcha\n|-resisted|p2a: Sinistcha|1\n|-damage|p2a: Sinistcha|76/100\n|\n|-weather|RainDance|[upkeep]\n|-heal|p2a: Sinistcha|83/100|[from] item: Leftovers\n|upkeep\n|turn|3\n|\n|t:|1776623726\n|move|p1b: Pelipper|Wide Guard|p1b: Pelipper\n|-singleturn|p1b: Pelipper|Wide Guard\n|move|p2a: Sinistcha|Rage Powder|p2a: Sinistcha\n|-singleturn|p2a: Sinistcha|move: Rage Powder\n|move|p1a: Sneasler|Close Combat|p2a: Sinistcha\n|-immune|p2a: Sinistcha\n|move|p2b: Kommo-o|Clanging Scales|p1a: Sneasler|[spread] \n|-activate|p1a: Sneasler|move: Wide Guard\n|-activate|p1b: Pelipper|move: Wide Guard\n|\n|-weather|RainDance|[upkeep]\n|-heal|p2a: Sinistcha|89/100|[from] item: Leftovers\n|upkeep\n|turn|4\n|\n|t:|1776623739\n|move|p2a: Sinistcha|Rage Powder|p2a: Sinistcha\n|-singleturn|p2a: Sinistcha|move: Rage Powder\n|move|p1a: Sneasler|Dire Claw|p2a: Sinistcha\n|-crit|p2a: Sinistcha\n|-damage|p2a: Sinistcha|31/100\n|-status|p2a: Sinistcha|slp\n|move|p2b: Kommo-o|Clanging Scales|p1b: Pelipper|[spread] p1a,p1b\n|-damage|p1a: Sneasler|0 fnt\n|-damage|p1b: Pelipper|14/100\n|-enditem|p1b: Pelipper|Sitrus Berry|[eat]\n|-heal|p1b: Pelipper|39/100|[from] item: Sitrus Berry\n|faint|p1a: Sneasler\n|-unboost|p2b: Kommo-o|def|1\n|move|p1b: Pelipper|Weather Ball|p2a: Sinistcha\n|-resisted|p2a: Sinistcha|1\n|-damage|p2a: Sinistcha|10/100 slp\n|\n|-weather|RainDance|[upkeep]\n|-heal|p2a: Sinistcha|16/100 slp|[from] item: Leftovers\n|upkeep\n|\n|t:|1776623753\n|switch|p1a: Aggron|Aggron, L50, M|100/100\n|turn|5\n|\n|t:|1776623769\n|detailschange|p1a: Aggron|Aggron-Mega, L50, M\n|-mega|p1a: Aggron|Aggron|Aggronite\n|move|p1b: Pelipper|Wide Guard|p1b: Pelipper\n|-singleturn|p1b: Pelipper|Wide Guard\n|move|p2b: Kommo-o|Aura Sphere|p1a: Aggron\n|-supereffective|p1a: Aggron|1\n|-damage|p1a: Aggron|52/100\n|move|p1a: Aggron|Iron Defense|p1a: Aggron\n|-boost|p1a: Aggron|def|2\n|cant|p2a: Sinistcha|slp\n|\n|-weather|none\n|-heal|p2a: Sinistcha|22/100 slp|[from] item: Leftovers\n|upkeep\n|turn|6\n|\n|t:|1776623783\n|move|p1a: Aggron|Protect|p1a: Aggron\n|-singleturn|p1a: Aggron|Protect\n|move|p2b: Kommo-o|Clanging Scales|p1b: Pelipper|[spread] p1b\n|-activate|p1a: Aggron|move: Protect\n|-damage|p1b: Pelipper|0 fnt\n|faint|p1b: Pelipper\n|-unboost|p2b: Kommo-o|def|1\n|cant|p2a: Sinistcha|slp\n|\n|-heal|p2a: Sinistcha|29/100 slp|[from] item: Leftovers\n|upkeep\n|\n|t:|1776623788\n|switch|p1b: Archaludon|Archaludon, L50, M|100/100\n|turn|7\n|\n|t:|1776623800\n|-curestatus|p2a: Sinistcha|slp|[msg]\n|move|p2a: Sinistcha|Rage Powder|p2a: Sinistcha\n|-singleturn|p2a: Sinistcha|move: Rage Powder\n|move|p2b: Kommo-o|Aura Sphere|p1a: Aggron\n|-supereffective|p1a: Aggron|1\n|-damage|p1a: Aggron|2/100\n|move|p1b: Archaludon|Dragon Pulse|p2a: Sinistcha\n|-damage|p2a: Sinistcha|0 fnt\n|faint|p2a: Sinistcha\n|move|p1a: Aggron|Body Press|p2b: Kommo-o\n|-damage|p2b: Kommo-o|0 fnt\n|faint|p2b: Kommo-o\n|\n|upkeep\n|\n|t:|1776623807\n|switch|p2b: Primarina|Primarina, L50, F|100/100\n|switch|p2a: Kangaskhan|Kangaskhan, L50, F|100/100\n|turn|8\n|\n|t:|1776623815\n|detailschange|p2a: Kangaskhan|Kangaskhan-Mega, L50, F\n|-mega|p2a: Kangaskhan|Kangaskhan|Kangaskhanite\n|move|p1a: Aggron|Protect|p1a: Aggron\n|-singleturn|p1a: Aggron|Protect\n|move|p2a: Kangaskhan|Fake Out|p1b: Archaludon\n|-resisted|p1b: Archaludon|1\n|-damage|p1b: Archaludon|94/100\n|-ability|p1b: Archaludon|Stamina|boost\n|-boost|p1b: Archaludon|def|1\n|-resisted|p1b: Archaludon|1\n|-damage|p1b: Archaludon|93/100\n|-ability|p1b: Archaludon|Stamina|boost\n|-boost|p1b: Archaludon|def|1\n|-hitcount|p1b: Archaludon|2\n|cant|p1b: Archaludon|flinch\n|move|p2b: Primarina|Calm Mind|p2b: Primarina\n|-boost|p2b: Primarina|spa|1\n|-boost|p2b: Primarina|spd|1\n|\n|-heal|p1b: Archaludon|98/100|[from] item: Leftovers\n|upkeep\n|turn|9\n|\n|t:|1776623829\n|move|p2a: Kangaskhan|Drain Punch|p1a: Aggron\n|-supereffective|p1a: Aggron|1\n|-damage|p1a: Aggron|0 fnt\n|faint|p1a: Aggron\n|-hitcount|p1: Aggron|1\n|move|p1b: Archaludon|Flash Cannon|p2b: Primarina\n|-damage|p2b: Primarina|73/100\n|-unboost|p2b: Primarina|spd|1\n|move|p2b: Primarina|Moonblast|p1b: Archaludon\n|-damage|p1b: Archaludon|4/100\n|-ability|p1b: Archaludon|Stamina|boost\n|-boost|p1b: Archaludon|def|1\n|\n|-heal|p1b: Archaludon|10/100|[from] item: Leftovers\n|upkeep\n|turn|10\n|-message|vuclump forfeited.\n|\n|win|isayhiyousayhello\n|raw|vuclump's rating: 1415 &rarr; <strong>1399</strong><br />(-16 for losing)\n|raw|isayhiyousayhello's rating: 1479 &rarr; <strong>1495</strong><br />(+16 for winning)\n|l|\u2606vuclump\n|player|p1|\n|l|\u2606isayhiyousayhello\n|player|p2|\n|j|\u2606isayhiyousayhello\n|player|p2|isayhiyousayhello|1|\n",
  "uploadtime": 1776623907,
  "views": 11,
  "formatid": "gen9championsvgc2026regma",
  "rating": 1399,
  "private": 0,
  "password": null
}