{
  "id": "gen9championsvgc2026regma-2584832941",
  "format": "[Gen 9 Champions] VGC 2026 Reg M-A",
  "players": [
    "strickhon",
    "sadcasuals"
  ],
  "log": "|j|\u2606strickhon\n|j|\u2606sadcasuals\n|t:|1776287157\n|gametype|doubles\n|player|p1|strickhon|170|1179\n|player|p2|sadcasuals|266|1194\n|gen|9\n|tier|[Gen 9 Champions] VGC 2026 Reg M-A\n|rated|\n|rule|Species Clause: Limit one of each Pok\u00e9mon\n|rule|Item Clause: Limit 1 of each item\n|clearpoke\n|poke|p1|Typhlosion-Hisui, L50, F|\n|poke|p1|Venusaur, L50, F|\n|poke|p1|Sinistcha, L50|\n|poke|p1|Ninetales, L50, M|\n|poke|p1|Aerodactyl, L50, F|\n|poke|p1|Rotom-Wash, L50|\n|poke|p2|Mimikyu, L50, M|\n|poke|p2|Golurk, L50|\n|poke|p2|Oranguru, L50, M|\n|poke|p2|Torkoal, L50, M|\n|poke|p2|Milotic, L50, F|\n|poke|p2|Hydrapple, L50, M|\n|teampreview|4\n|\n|t:|1776287186\n|teamsize|p1|4\n|teamsize|p2|4\n|start\n|switch|p1a: Rotom|Rotom-Wash, L50|100/100\n|switch|p1b: Typhlosion|Typhlosion-Hisui, L50, F|100/100\n|switch|p2a: Mimikyu|Mimikyu, L50, M|100/100\n|switch|p2b: Milotic|Milotic, L50, F|100/100\n|-item|p2a: Mimikyu|Mental Herb|[from] ability: Frisk|[of] p1b: Typhlosion\n|-item|p2b: Milotic|Leftovers|[from] ability: Frisk|[of] p1b: Typhlosion\n|turn|1\n|\n|t:|1776287224\n|move|p2b: Milotic|Protect|p2b: Milotic\n|-singleturn|p2b: Milotic|Protect\n|move|p1b: Typhlosion|Shadow Ball|p2a: Mimikyu\n|-activate|p2a: Mimikyu|ability: Disguise\n|-damage|p2a: Mimikyu|100/100\n|detailschange|p2a: Mimikyu|Mimikyu-Busted, L50, M\n|-damage|p2a: Mimikyu|88/100|[from] pokemon: Mimikyu-Busted\n|move|p1a: Rotom|Hydro Pump|p2a: Mimikyu|[miss]\n|-miss|p1a: Rotom|p2a: Mimikyu\n|move|p2a: Mimikyu|Trick Room|p2a: Mimikyu\n|-fieldstart|move: Trick Room|[of] p2a: Mimikyu\n|\n|upkeep\n|turn|2\n|\n|t:|1776287245\n|switch|p2a: Oranguru|Oranguru, L50, M|100/100\n|switch|p1b: Venusaur|Venusaur, L50, F|100/100\n|move|p2b: Milotic|Surf|p1b: Venusaur|[spread] p1a,p1b\n|-activate|p2a: Oranguru|ability: Telepathy\n|-resisted|p1a: Rotom|1\n|-resisted|p1b: Venusaur|1\n|-damage|p1a: Rotom|87/100\n|-damage|p1b: Venusaur|88/100\n|move|p1a: Rotom|Electroweb|p2b: Milotic|[spread] p2a,p2b\n|-supereffective|p2b: Milotic|1\n|-damage|p2a: Oranguru|88/100\n|-damage|p2b: Milotic|79/100\n|-unboost|p2a: Oranguru|spe|1\n|-unboost|p2b: Milotic|spe|1\n|-ability|p2b: Milotic|Competitive|boost\n|-boost|p2b: Milotic|spa|2\n|\n|-heal|p2b: Milotic|85/100|[from] item: Leftovers\n|-heal|p1a: Rotom|93/100|[from] item: Leftovers\n|upkeep\n|turn|3\n|\n|t:|1776287263\n|detailschange|p1b: Venusaur|Venusaur-Mega, L50, F\n|-mega|p1b: Venusaur|Venusaur|Venusaurite\n|move|p2a: Oranguru|Psychic|p1b: Venusaur\n|-supereffective|p1b: Venusaur|1\n|-damage|p1b: Venusaur|46/100\n|move|p2b: Milotic|Ice Beam|p1b: Venusaur\n|-supereffective|p1b: Venusaur|1\n|-damage|p1b: Venusaur|6/100\n|move|p1b: Venusaur|Giga Drain|p2b: Milotic\n|-supereffective|p2b: Milotic|1\n|-damage|p2b: Milotic|31/100\n|-heal|p1b: Venusaur|35/100|[from] drain|[of] p2b: Milotic\n|move|p1a: Rotom|Volt Switch|p2b: Milotic\n|-supereffective|p2b: Milotic|1\n|-damage|p2b: Milotic|0 fnt\n|faint|p2b: Milotic\n|\n|t:|1776287278\n|switch|p1a: Ninetales|Ninetales, L50, M|100/100|[from] Volt Switch\n|-weather|SunnyDay|[from] ability: Drought|[of] p1a: Ninetales\n|\n|-weather|SunnyDay|[upkeep]\n|upkeep\n|\n|t:|1776287280\n|switch|p2b: Golurk|Golurk, L50|100/100\n|turn|4\n|\n|t:|1776287296\n|detailschange|p2b: Golurk|Golurk-Mega, L50\n|-mega|p2b: Golurk|Golurk|Golurkite\n|move|p2a: Oranguru|Psychic|p1b: Venusaur\n|-supereffective|p1b: Venusaur|1\n|-damage|p1b: Venusaur|0 fnt\n|faint|p1b: Venusaur\n|move|p2b: Golurk|Earthquake|p1a: Ninetales|[spread] p1a\n|-activate|p2a: Oranguru|ability: Telepathy\n|-supereffective|p1a: Ninetales|1\n|-damage|p1a: Ninetales|0 fnt\n|faint|p1a: Ninetales\n|\n|-weather|SunnyDay|[upkeep]\n|upkeep\n|\n|t:|1776287302\n|switch|p1b: Typhlosion|Typhlosion-Hisui, L50, F|100/100\n|switch|p1a: Rotom|Rotom-Wash, L50|93/100\n|-item|p2a: Oranguru|Sitrus Berry|[from] ability: Frisk|[of] p1b: Typhlosion\n|-item|p2b: Golurk|Golurkite|[from] ability: Frisk|[of] p1b: Typhlosion\n|turn|5\n|\n|t:|1776287313\n|move|p2a: Oranguru|Psychic|p1a: Rotom\n|-damage|p1a: Rotom|60/100\n|move|p2b: Golurk|Phantom Force||[still]\n|-prepare|p2b: Golurk|Phantom Force\n|move|p1a: Rotom|Hydro Pump|p2b: Golurk|[miss]\n|-miss|p1a: Rotom|p2b: Golurk\n|move|p1b: Typhlosion|Shadow Ball|p2b: Golurk|[miss]\n|-miss|p1b: Typhlosion|p2b: Golurk\n|\n|-weather|SunnyDay|[upkeep]\n|-heal|p1a: Rotom|66/100|[from] item: Leftovers\n|-fieldend|move: Trick Room\n|upkeep\n|turn|6\n|\n|t:|1776287332\n|move|p1b: Typhlosion|Shadow Ball|p2b: Golurk|[miss]\n|-miss|p1b: Typhlosion|p2b: Golurk\n|move|p1a: Rotom|Hydro Pump|p2b: Golurk|[miss]\n|-miss|p1a: Rotom|p2b: Golurk\n|move|p2b: Golurk|Phantom Force|p1b: Typhlosion|[from] lockedmove\n|-supereffective|p1b: Typhlosion|1\n|-damage|p1b: Typhlosion|0 fnt\n|faint|p1b: Typhlosion\n|move|p2a: Oranguru|Trick Room|p2a: Oranguru\n|-fieldstart|move: Trick Room|[of] p2a: Oranguru\n|\n|-weather|SunnyDay|[upkeep]\n|-heal|p1a: Rotom|72/100|[from] item: Leftovers\n|upkeep\n|turn|7\n|\n|t:|1776287344\n|move|p2a: Oranguru|Psychic|p1a: Rotom\n|-damage|p1a: Rotom|39/100\n|move|p2b: Golurk|Phantom Force||[still]\n|-prepare|p2b: Golurk|Phantom Force\n|move|p1a: Rotom|Hydro Pump|p2b: Golurk|[miss]\n|-miss|p1a: Rotom|p2b: Golurk\n|\n|-weather|none\n|-heal|p1a: Rotom|45/100|[from] item: Leftovers\n|upkeep\n|turn|8\n|-message|strickhon forfeited.\n|\n|win|sadcasuals\n|raw|strickhon's rating: 1179 &rarr; <strong>1155</strong><br />(-24 for losing)\n|raw|sadcasuals's rating: 1194 &rarr; <strong>1218</strong><br />(+24 for winning)\n|l|\u2606strickhon\n|player|p1|\n",
  "uploadtime": 1776287371,
  "views": 41,
  "formatid": "gen9championsvgc2026regma",
  "rating": 1155,
  "private": 0,
  "password": null
}