{
  "id": "gen9championsvgc2026regma-2581973588",
  "format": "[Gen 9 Champions] VGC 2026 Reg M-A",
  "players": [
    "coolguy58213",
    "Misstaken Magic"
  ],
  "log": "|j|\u2606coolguy58213\n|j|\u2606Misstaken Magic\n|t:|1776044635\n|gametype|doubles\n|player|p1|coolguy58213|swimmer-gen4dp|\n|player|p2|Misstaken Magic|psychic-gen4|\n|gen|9\n|tier|[Gen 9 Champions] VGC 2026 Reg M-A\n|rated|Tournament battle\n|rule|Species Clause: Limit one of each Pok\u00e9mon\n|rule|Item Clause: Limit 1 of each item\n|clearpoke\n|poke|p1|Tyranitar, L50, M|\n|poke|p1|Gardevoir, L50, F|\n|poke|p1|Gyarados, L50, M|\n|poke|p1|Excadrill, L50, F|\n|poke|p1|Sinistcha, L50|\n|poke|p1|Rotom-Heat, L50|\n|poke|p2|Delphox, L50, F|\n|poke|p2|Basculegion, L50, M|\n|poke|p2|Whimsicott, L50, F|\n|poke|p2|Sneasler, L50, F|\n|poke|p2|Garchomp, L50, M|\n|poke|p2|Kingambit, L50, M|\n|teampreview|4\n|inactive|Battle timer is ON: inactive players will automatically lose when time's up. (requested by Misstaken Magic)\n|c|\u2606Misstaken Magic|glhf\nMisstaken Magic rejected open team sheets.\n|inactive|coolguy58213 has 60 seconds left.\n|inactive|Misstaken Magic has 60 seconds left.\n|\n|t:|1776044679\n|teamsize|p1|4\n|teamsize|p2|4\n|start\n|switch|p1a: Sinistcha|Sinistcha, L50|100/100\n|switch|p1b: Excadrill|Excadrill, L50, F|100/100\n|switch|p2a: Sneasler|Sneasler, L50, F|100/100\n|switch|p2b: Basculegion|Basculegion, L50, M|100/100\n|turn|1\n|\n|t:|1776044702\n|move|p1b: Excadrill|Protect|p1b: Excadrill\n|-singleturn|p1b: Excadrill|Protect\n|move|p2b: Basculegion|Flip Turn|p1a: Sinistcha\n|-resisted|p1a: Sinistcha|1\n|-damage|p1a: Sinistcha|81/100\n|\n|t:|1776044708\n|switch|p2b: Whimsicott|Whimsicott, L50, F|100/100|[from] Flip Turn\n|move|p2a: Sneasler|Dire Claw|p1a: Sinistcha\n|-damage|p1a: Sinistcha|35/100\n|-status|p1a: Sinistcha|par\n|-enditem|p1a: Sinistcha|Sitrus Berry|[eat]\n|-heal|p1a: Sinistcha|60/100 par|[from] item: Sitrus Berry\n|move|p1a: Sinistcha|Shadow Ball|p2b: Whimsicott\n|-damage|p2b: Whimsicott|41/100\n|-unboost|p2b: Whimsicott|spd|1\n|\n|upkeep\n|turn|2\n|\n|t:|1776044731\n|move|p2b: Whimsicott|Encore|p1b: Excadrill\n|-start|p1b: Excadrill|Encore\n|move|p1b: Excadrill|Protect||[still]\n|-fail|p1b: Excadrill\n|move|p2a: Sneasler|Dire Claw|p1a: Sinistcha\n|-damage|p1a: Sinistcha|17/100 par\n|move|p1a: Sinistcha|Shadow Ball|p2a: Sneasler\n|-damage|p2a: Sneasler|55/100\n|\n|upkeep\n|turn|3\n|\n|t:|1776044756\n|switch|p1b: Gardevoir|Gardevoir, L50, F|100/100\n|move|p2b: Whimsicott|Moonblast|p1a: Sinistcha\n|-damage|p1a: Sinistcha|0 fnt\n|faint|p1a: Sinistcha\n|move|p2a: Sneasler|Close Combat|p1b: Gardevoir\n|-resisted|p1b: Gardevoir|2\n|-damage|p1b: Gardevoir|83/100\n|-unboost|p2a: Sneasler|def|1\n|-unboost|p2a: Sneasler|spd|1\n|-enditem|p2a: Sneasler|White Herb\n|-clearnegativeboost|p2a: Sneasler|[silent]\n|\n|upkeep\n|\n|t:|1776044765\n|switch|p1a: Excadrill|Excadrill, L50, F|100/100\n|turn|4\n|\n|t:|1776044773\n|detailschange|p1b: Gardevoir|Gardevoir-Mega, L50, F\n|-mega|p1b: Gardevoir|Gardevoir|Gardevoirite\n|move|p2b: Whimsicott|Protect|p2b: Whimsicott\n|-singleturn|p2b: Whimsicott|Protect\n|move|p2a: Sneasler|Protect|p2a: Sneasler\n|-singleturn|p2a: Sneasler|Protect\n|move|p1a: Excadrill|High Horsepower|p2a: Sneasler\n|-activate|p2a: Sneasler|move: Protect\n|move|p1b: Gardevoir|Hyper Voice|p2b: Whimsicott|[spread] \n|-activate|p2a: Sneasler|move: Protect\n|-activate|p2b: Whimsicott|move: Protect\n|\n|upkeep\n|turn|5\n|\n|t:|1776044797\n|move|p2b: Whimsicott|Encore|p1a: Excadrill\n|-start|p1a: Excadrill|Encore\n|move|p2a: Sneasler|Dire Claw|p1b: Gardevoir\n|-supereffective|p1b: Gardevoir|1\n|-damage|p1b: Gardevoir|0 fnt\n|faint|p1b: Gardevoir\n|move|p1a: Excadrill|High Horsepower|p2a: Sneasler\n|-supereffective|p2a: Sneasler|1\n|-damage|p2a: Sneasler|0 fnt\n|faint|p2a: Sneasler\n|\n|upkeep\n|\n|t:|1776044804\n|switch|p2a: Delphox|Delphox, L50, F|100/100\n|switch|p1b: Tyranitar|Tyranitar, L50, M|100/100\n|-weather|Sandstorm|[from] ability: Sand Stream|[of] p1b: Tyranitar\n|turn|6\n|\n|t:|1776044821\n|detailschange|p2a: Delphox|Delphox-Mega, L50, F\n|-mega|p2a: Delphox|Delphox|Delphoxite\n|move|p1a: Excadrill|High Horsepower|p2a: Delphox\n|-immune|p2a: Delphox|[from] ability: Levitate\n|move|p2a: Delphox|Substitute|p2a: Delphox\n|-start|p2a: Delphox|Substitute\n|-damage|p2a: Delphox|76/100\n|move|p2b: Whimsicott|Moonblast|p1b: Tyranitar\n|-supereffective|p1b: Tyranitar|1\n|-damage|p1b: Tyranitar|58/100\n|-unboost|p1b: Tyranitar|spa|1\n|move|p1b: Tyranitar|Rock Slide|p2a: Delphox|[spread] p2a,p2b\n|-supereffective|p2a: Delphox|1\n|-end|p2a: Delphox|Substitute\n|-damage|p2b: Whimsicott|0 fnt\n|faint|p2b: Whimsicott\n|\n|-weather|Sandstorm|[upkeep]\n|-damage|p2a: Delphox|70/100|[from] Sandstorm\n|upkeep\n|\n|t:|1776044834\n|switch|p2b: Basculegion|Basculegion, L50, M|100/100\n|turn|7\n|\n|t:|1776044855\n|move|p1a: Excadrill|High Horsepower|p2b: Basculegion\n|-damage|p2b: Basculegion|40/100\n|move|p2b: Basculegion|Wave Crash|p1b: Tyranitar\n|-supereffective|p1b: Tyranitar|1\n|-damage|p1b: Tyranitar|0 fnt\n|faint|p1b: Tyranitar\n|-damage|p2b: Basculegion|22/100|[from] Recoil\n|move|p2a: Delphox|Heat Wave|p1a: Excadrill\n|-supereffective|p1a: Excadrill|1\n|-enditem|p1a: Excadrill|Focus Sash\n|-damage|p1a: Excadrill|1/100\n|\n|-weather|Sandstorm|[upkeep]\n|-damage|p2b: Basculegion|16/100|[from] Sandstorm\n|-damage|p2a: Delphox|64/100|[from] Sandstorm\n|-end|p1a: Excadrill|Encore\n|upkeep\n|turn|8\n|\n|t:|1776044875\n|move|p1a: Excadrill|Protect|p1a: Excadrill\n|-singleturn|p1a: Excadrill|Protect\n|move|p2b: Basculegion|Wave Crash|p1a: Excadrill\n|-activate|p1a: Excadrill|move: Protect\n|move|p2a: Delphox|Psyshock|p1a: Excadrill\n|-activate|p1a: Excadrill|move: Protect\n|\n|-weather|Sandstorm|[upkeep]\n|-damage|p2b: Basculegion|10/100|[from] Sandstorm\n|-damage|p2a: Delphox|58/100|[from] Sandstorm\n|upkeep\n|turn|9\n|\n|t:|1776044887\n|move|p1a: Excadrill|Earthquake|p2a: Delphox|[spread] p2b\n|-immune|p2a: Delphox|[from] ability: Levitate\n|-damage|p2b: Basculegion|0 fnt\n|faint|p2b: Basculegion\n|move|p2a: Delphox|Psyshock|p1a: Excadrill\n|-resisted|p1a: Excadrill|1\n|-damage|p1a: Excadrill|0 fnt\n|faint|p1a: Excadrill\n|\n|win|Misstaken Magic\n|n|\u2606coolguy58213|coolguy58213\n|n|\u2606Misstaken Magic|misstakenmagic\n|c|\u2606Misstaken Magic|ggs\n|c|\u2606coolguy58213|gg\n",
  "uploadtime": 1776044893,
  "views": 9,
  "formatid": "gen9championsvgc2026regma",
  "rating": null,
  "private": 0,
  "password": null
}