{
  "id": "gen9championsvgc2026regma-2584301012",
  "format": "[Gen 9 Champions] VGC 2026 Reg M-A",
  "players": [
    "cloudishh",
    "smp on whimsicott"
  ],
  "log": "|j|\u2606cloudishh\n|j|\u2606smp on whimsicott\n|t:|1776248849\n|gametype|doubles\n|player|p1|cloudishh|caitlin|1070\n|player|p2|smp on whimsicott|artist-gen4|1052\n|gen|9\n|tier|[Gen 9 Champions] VGC 2026 Reg M-A\n|rated|\n|rule|Species Clause: Limit one of each Pok\u00e9mon\n|rule|Item Clause: Limit 1 of each item\n|clearpoke\n|poke|p1|Gallade, L50, M|\n|poke|p1|Sableye, L50, M|\n|poke|p1|Incineroar, L50, F|\n|poke|p1|Goodra-Hisui, L50, M|\n|poke|p1|Sinistcha, L50|\n|poke|p1|Scizor, L50, M|\n|poke|p2|Floette-Eternal, L50, F|\n|poke|p2|Aegislash, L50, F|\n|poke|p2|Talonflame, L50, F|\n|poke|p2|Basculegion, L50, M|\n|poke|p2|Milotic, L50, F|\n|poke|p2|Garchomp, L50, M|\n|teampreview|4\n|\n|t:|1776248901\n|teamsize|p1|4\n|teamsize|p2|4\n|start\n|switch|p1a: Scizor|Scizor, L50, M|100/100\n|switch|p1b: Sableye|Sableye, L50, M|100/100\n|switch|p2a: Garchomp|Garchomp, L50, M|100/100\n|switch|p2b: Milotic|Milotic, L50, F|100/100\n|turn|1\n|inactive|Battle timer is ON: inactive players will automatically lose when time's up. (requested by smp on whimsicott)\n|\n|t:|1776248912\n|detailschange|p1a: Scizor|Scizor-Mega, L50, M\n|-mega|p1a: Scizor|Scizor|Scizorite\n|move|p2a: Garchomp|Protect|p2a: Garchomp\n|-singleturn|p2a: Garchomp|Protect\n|move|p1b: Sableye|Reflect|p1b: Sableye\n|-sidestart|p1: cloudishh|Reflect\n|move|p2b: Milotic|Scald|p1a: Scizor\n|-damage|p1a: Scizor|68/100\n|move|p1a: Scizor|Swords Dance|p1a: Scizor\n|-boost|p1a: Scizor|atk|2\n|\n|upkeep\n|turn|2\n|\n|t:|1776248933\n|move|p1b: Sableye|Disable|p2b: Milotic\n|-start|p2b: Milotic|Disable|Scald\n|move|p2a: Garchomp|Rock Slide|p1b: Sableye|[spread] p1a,p1b\n|-damage|p1a: Scizor|58/100\n|-damage|p1b: Sableye|87/100\n|cant|p2b: Milotic|Disable|Scald\n|move|p1a: Scizor|Bug Bite|p2b: Milotic\n|-damage|p2b: Milotic|0 fnt\n|faint|p2b: Milotic\n|\n|upkeep\n|\n|t:|1776248941\n|switch|p2b: Basculegion|Basculegion, L50, M|100/100\n|turn|3\n|\n|t:|1776248962\n|move|p1b: Sableye|Disable|p2a: Garchomp\n|-start|p2a: Garchomp|Disable|Rock Slide\n|move|p2b: Basculegion|Wave Crash|p1a: Scizor\n|-damage|p1a: Scizor|17/100\n|-damage|p2b: Basculegion|89/100|[from] Recoil\n|move|p2a: Garchomp|Dragon Claw|p1b: Sableye\n|-damage|p1b: Sableye|58/100\n|move|p1a: Scizor|Knock Off|p2b: Basculegion\n|-supereffective|p2b: Basculegion|1\n|-crit|p2b: Basculegion\n|-damage|p2b: Basculegion|0 fnt\n|-enditem|p2b: Basculegion|Choice Scarf|[from] move: Knock Off|[of] p1a: Scizor\n|faint|p2b: Basculegion\n|\n|upkeep\n|\n|t:|1776248968\n|switch|p2b: Floette|Floette-Eternal, L50, F|100/100\n|turn|4\n|\n|t:|1776248988\n|detailschange|p2b: Floette|Floette-Mega, L50, F\n|-mega|p2b: Floette|Floette|Floettite\n|-ability|p2b: Floette|Fairy Aura\n|move|p2b: Floette|Protect|p2b: Floette\n|-singleturn|p2b: Floette|Protect\n|move|p1a: Scizor|Bullet Punch|p2b: Floette\n|-activate|p2b: Floette|move: Protect\n|move|p1b: Sableye|Encore|p2a: Garchomp\n|-start|p2a: Garchomp|Encore\n|move|p2a: Garchomp|Dragon Claw|p1b: Sableye\n|-damage|p1b: Sableye|30/100\n|\n|upkeep\n|turn|5\n|-message|smp on whimsicott forfeited.\n|\n|win|cloudishh\n|raw|cloudishh's rating: 1070 &rarr; <strong>1098</strong><br />(+28 for winning)\n|raw|smp on whimsicott's rating: 1052 &rarr; <strong>1035</strong><br />(-17 for losing)\n",
  "uploadtime": 1776249003,
  "views": 20,
  "formatid": "gen9championsvgc2026regma",
  "rating": 1035,
  "private": 0,
  "password": null
}