{
  "id": "gen9championsvgc2026regma-2580397719",
  "format": "[Gen 9 Champions] VGC 2026 Reg M-A",
  "players": [
    "p00pnatwork",
    "BananaRamen"
  ],
  "log": "|j|\u2606p00pnatwork\n|j|\u2606BananaRamen\n|t:|1775890417\n|gametype|doubles\n|player|p1|p00pnatwork|swimmer|1071\n|player|p2|BananaRamen|mira|1052\n|gen|9\n|tier|[Gen 9 Champions] VGC 2026 Reg M-A\n|rated|\n|rule|Species Clause: Limit one of each Pok\u00e9mon\n|rule|Item Clause: Limit 1 of each item\n|clearpoke\n|poke|p1|Hawlucha, L50, F|\n|poke|p1|Tyranitar, L50, F|\n|poke|p1|Excadrill, L50, M|\n|poke|p1|Sinistcha-Masterpiece, L50|\n|poke|p1|Snorlax, L50, M|\n|poke|p1|Incineroar, L50, F|\n|poke|p2|Kangaskhan, L50, F|\n|poke|p2|Hawlucha, L50, M|\n|poke|p2|Incineroar, L50, M|\n|poke|p2|Sinistcha, L50|\n|poke|p2|Gengar, L50, M|\n|poke|p2|Primarina, L50, F|\n|teampreview|4\n|inactive|Battle timer is ON: inactive players will automatically lose when time's up. (requested by p00pnatwork)\n|\n|t:|1775890449\n|teamsize|p1|4\n|teamsize|p2|4\n|start\n|switch|p1a: Hawlucha|Hawlucha, L50, F|100/100\n|switch|p1b: Sinistcha|Sinistcha-Masterpiece, L50|100/100\n|switch|p2a: Hawlucha|Hawlucha, L50, M|100/100\n|switch|p2b: Kangaskhan|Kangaskhan, L50, F|100/100\n|-ability|p1a: Hawlucha|Mold Breaker\n|turn|1\n|inactive|p00pnatwork has 30 seconds left.\n|inactive|p00pnatwork has 20 seconds left.\n|\n|t:|1775890485\n|detailschange|p2b: Kangaskhan|Kangaskhan-Mega, L50, F\n|-mega|p2b: Kangaskhan|Kangaskhan|Kangaskhanite\n|move|p1a: Hawlucha|Protect|p1a: Hawlucha\n|-singleturn|p1a: Hawlucha|Protect\n|move|p2b: Kangaskhan|Fake Out|p1a: Hawlucha\n|-activate|p1a: Hawlucha|move: Protect\n|move|p2a: Hawlucha|Dual Wingbeat|p1a: Hawlucha\n|-activate|p1a: Hawlucha|move: Protect\n|move|p1b: Sinistcha|Trick Room|p1b: Sinistcha\n|-fieldstart|move: Trick Room|[of] p1b: Sinistcha\n|\n|upkeep\n|turn|2\n|inactive|p00pnatwork has 30 seconds left.\n|inactive|p00pnatwork has 20 seconds left.\n|inactive|BananaRamen has 30 seconds left.\n|\n|t:|1775890523\n|switch|p2a: Incineroar|Incineroar, L50, M|100/100\n|-ability|p2a: Incineroar|Intimidate|boost\n|-unboost|p1a: Hawlucha|atk|1\n|-unboost|p1b: Sinistcha|atk|1\n|move|p1b: Sinistcha|Matcha Gotcha|p2b: Kangaskhan|[spread] p2a,p2b\n|-resisted|p2a: Incineroar|1\n|-crit|p2b: Kangaskhan\n|-damage|p2a: Incineroar|91/100\n|-damage|p2b: Kangaskhan|65/100\n|move|p2b: Kangaskhan|Double-Edge|p1a: Hawlucha\n|-damage|p1a: Hawlucha|12/100\n|-damage|p1a: Hawlucha|0 fnt\n|faint|p1a: Hawlucha\n|-hitcount|p1: Hawlucha|2\n|-damage|p2b: Kangaskhan|38/100|[from] Recoil\n|\n|upkeep\n|\n|t:|1775890527\n|switch|p1a: Snorlax|Snorlax, L50, M|100/100\n|turn|3\n|inactive|BananaRamen has 30 seconds left.\n|\n|t:|1775890557\n|switch|p2b: Sinistcha|Sinistcha, L50|100/100\n|-heal|p2a: Incineroar|100/100|[from] ability: Hospitality|[of] p2b: Sinistcha\n|move|p1a: Snorlax|Protect|p1a: Snorlax\n|-singleturn|p1a: Snorlax|Protect\n|move|p1b: Sinistcha|Matcha Gotcha|p2a: Incineroar|[spread] p2a,p2b\n|-resisted|p2a: Incineroar|1\n|-resisted|p2b: Sinistcha|1\n|-damage|p2a: Incineroar|90/100\n|-damage|p2b: Sinistcha|88/100\n|move|p2a: Incineroar|Parting Shot|p1a: Snorlax\n|-activate|p1a: Snorlax|move: Protect\n|\n|upkeep\n|turn|4\n|\n|t:|1775890581\n|move|p1a: Snorlax|Belly Drum|p1a: Snorlax\n|-damage|p1a: Snorlax|51/100\n|-setboost|p1a: Snorlax|atk|6|[from] move: Belly Drum\n|move|p1b: Sinistcha|Shadow Ball|p2b: Sinistcha\n|-supereffective|p2b: Sinistcha|1\n|-damage|p2b: Sinistcha|20/100\n|-enditem|p2b: Sinistcha|Sitrus Berry|[eat]\n|-heal|p2b: Sinistcha|44/100|[from] item: Sitrus Berry\n|move|p2a: Incineroar|Parting Shot|p1a: Snorlax\n|-unboost|p1a: Snorlax|atk|1\n|-unboost|p1a: Snorlax|spa|1\n|inactive|BananaRamen has 30 seconds left.\n|inactive|BananaRamen has 20 seconds left.\n|inactive|BananaRamen has 15 seconds left.\n|\n|t:|1775890622\n|switch|p2a: Hawlucha|Hawlucha, L50, M|100/100|[from] Parting Shot\n|move|p2b: Sinistcha|Trick Room|p2b: Sinistcha\n|-fieldend|move: Trick Room\n|\n|upkeep\n|turn|5\n|\n|t:|1775890643\n|move|p1a: Snorlax|Protect|p1a: Snorlax\n|-singleturn|p1a: Snorlax|Protect\n|move|p2b: Sinistcha|Rage Powder|p2b: Sinistcha\n|-singleturn|p2b: Sinistcha|move: Rage Powder\n|move|p2a: Hawlucha|Dual Wingbeat|p1b: Sinistcha\n|-supereffective|p1b: Sinistcha|1\n|-damage|p1b: Sinistcha|69/100\n|-supereffective|p1b: Sinistcha|1\n|-damage|p1b: Sinistcha|35/100\n|-hitcount|p1b: Sinistcha|2\n|move|p1b: Sinistcha|Shadow Ball|p2b: Sinistcha\n|-supereffective|p2b: Sinistcha|1\n|-damage|p2b: Sinistcha|0 fnt\n|faint|p2b: Sinistcha\n|\n|-heal|p1b: Sinistcha|42/100|[from] item: Leftovers\n|upkeep\n|\n|t:|1775890663\n|switch|p2b: Kangaskhan|Kangaskhan-Mega, L50, F|38/100\n|turn|6\n|inactive|p00pnatwork has 30 seconds left.\n|\n|t:|1775890694\n|move|p1b: Sinistcha|Rage Powder|p1b: Sinistcha\n|-singleturn|p1b: Sinistcha|move: Rage Powder\n|move|p2a: Hawlucha|Dual Wingbeat|p1b: Sinistcha\n|-supereffective|p1b: Sinistcha|1\n|-damage|p1b: Sinistcha|8/100\n|-supereffective|p1b: Sinistcha|1\n|-damage|p1b: Sinistcha|0 fnt\n|faint|p1b: Sinistcha\n|-hitcount|p1: Sinistcha|2\n|move|p2b: Kangaskhan|Double-Edge|p1a: Snorlax\n|-crit|p1a: Snorlax\n|-damage|p1a: Snorlax|0 fnt\n|faint|p1a: Snorlax\n|-hitcount|p1: Snorlax|1\n|-damage|p2b: Kangaskhan|13/100|[from] Recoil\n|\n|upkeep\n|\n|t:|1775890697\n|switch|p1b: Incineroar|Incineroar, L50, F|100/100\n|-ability|p1b: Incineroar|Intimidate|boost\n|-unboost|p2a: Hawlucha|atk|1\n|-unboost|p2b: Kangaskhan|atk|1\n|turn|7\n|-message|p00pnatwork forfeited.\n|\n|win|BananaRamen\n|raw|p00pnatwork's rating: 1071 &rarr; <strong>1049</strong><br />(-22 for losing)\n|raw|BananaRamen's rating: 1052 &rarr; <strong>1086</strong><br />(+34 for winning)\n|l|\u2606p00pnatwork\n|player|p1|\n",
  "uploadtime": 1775890718,
  "views": 16,
  "formatid": "gen9championsvgc2026regma",
  "rating": 1049,
  "private": 0,
  "password": null
}