{
  "id": "gen9championsvgc2026regma-2586705775",
  "format": "[Gen 9 Champions] VGC 2026 Reg M-A",
  "players": [
    "Kalickey",
    "blog2"
  ],
  "log": "|j|\u2606Kalickey\n|j|\u2606blog2\n|t:|1776453609\n|gametype|doubles\n|player|p1|Kalickey|2|1131\n|player|p2|blog2|265|1078\n|gen|9\n|tier|[Gen 9 Champions] VGC 2026 Reg M-A\n|rated|\n|rule|Species Clause: Limit one of each Pok\u00e9mon\n|rule|Item Clause: Limit 1 of each item\n|clearpoke\n|poke|p1|Sableye, L50, M|\n|poke|p1|Glimmora, L50, M|\n|poke|p1|Gyarados, L50, F|\n|poke|p1|Gengar, L50, F|\n|poke|p1|Tyranitar, L50, F|\n|poke|p1|Rotom, L50|\n|poke|p2|Dragonite, L50, M|\n|poke|p2|Sinistcha, L50|\n|poke|p2|Greninja-*, L50, M|\n|poke|p2|Whimsicott, L50, F|\n|poke|p2|Incineroar, L50, M|\n|poke|p2|Aegislash, L50, M|\n|teampreview|4\n|inactive|Battle timer is ON: inactive players will automatically lose when time's up. (requested by Kalickey)\n|inactive|Kalickey has 60 seconds left.\n|\n|t:|1776453646\n|teamsize|p1|4\n|teamsize|p2|4\n|start\n|switch|p1a: Glimmora|Glimmora, L50, M|100/100\n|switch|p1b: Gengar|Gengar, L50, F, shiny|100/100\n|switch|p2a: Greninja|Greninja, L50, M, shiny|100/100\n|switch|p2b: Dragonite|Dragonite, L50, M|100/100\n|turn|1\n|inactive|Kalickey has 30 seconds left.\n|inactive|Kalickey has 20 seconds left.\n|\n|t:|1776453684\n|detailschange|p1b: Gengar|Gengar-Mega, L50, F, shiny\n|-mega|p1b: Gengar|Gengar|Gengarite\n|detailschange|p2b: Dragonite|Dragonite-Mega, L50, M\n|-mega|p2b: Dragonite|Dragonite|Dragoninite\n|move|p1a: Glimmora|Spiky Shield|p1a: Glimmora\n|-singleturn|p1a: Glimmora|move: Protect\n|move|p1b: Gengar|Icy Wind|p2a: Greninja|[spread] p2a,p2b\n|-resisted|p2a: Greninja|1\n|-supereffective|p2b: Dragonite|2\n|-damage|p2a: Greninja|88/100\n|-damage|p2b: Dragonite|76/100\n|-unboost|p2a: Greninja|spe|1\n|-unboost|p2b: Dragonite|spe|1\n|move|p2a: Greninja|Icy Wind|p1b: Gengar|[spread] p1b\n|-start|p2a: Greninja|typechange|Ice|[from] ability: Protean\n|-activate|p1a: Glimmora|move: Protect\n|-damage|p1b: Gengar|75/100\n|-unboost|p1b: Gengar|spe|1\n|move|p2b: Dragonite|Dragon Pulse|p1b: Gengar\n|-damage|p1b: Gengar|13/100\n|\n|upkeep\n|turn|2\n|inactive|Kalickey has 30 seconds left.\n|\n|t:|1776453716\n|move|p1b: Gengar|Protect|p1b: Gengar\n|-singleturn|p1b: Gengar|Protect\n|move|p1a: Glimmora|Mortal Spin|p2b: Dragonite|[spread] p2a,p2b\n|-damage|p2a: Greninja|80/100\n|-damage|p2b: Dragonite|73/100\n|-status|p2a: Greninja|psn\n|-status|p2b: Dragonite|psn\n|move|p2a: Greninja|Chilling Water|p1a: Glimmora\n|-supereffective|p1a: Glimmora|1\n|-damage|p1a: Glimmora|61/100\n|-unboost|p1a: Glimmora|atk|1\n|move|p2b: Dragonite|Dragon Pulse|p1b: Gengar\n|-activate|p1b: Gengar|move: Protect\n|\n|-damage|p2a: Greninja|68/100 psn|[from] psn\n|-damage|p2b: Dragonite|61/100 psn|[from] psn\n|upkeep\n|turn|3\n|inactive|Kalickey has 30 seconds left.\n|inactive|Kalickey has 20 seconds left.\n|inactive|Kalickey has 15 seconds left.\n|inactive|Kalickey has 10 seconds left.\n|\n|t:|1776453763\n|switch|p1b: Sableye|Sableye, L50, M, shiny|100/100\n|move|p1a: Glimmora|Spiky Shield|p1a: Glimmora\n|-singleturn|p1a: Glimmora|move: Protect\n|move|p2a: Greninja|Flip Turn|p1b: Sableye\n|-damage|p1b: Sableye|86/100\n|inactive|blog2 has 30 seconds left.\n|inactive|blog2 has 20 seconds left.\n|\n|t:|1776453799\n|switch|p2a: Sinistcha|Sinistcha, L50|100/100|[from] Flip Turn\n|-heal|p2b: Dragonite|85/100 psn|[from] ability: Hospitality|[of] p2a: Sinistcha\n|move|p2b: Dragonite|Dragon Pulse|p1b: Sableye\n|-damage|p1b: Sableye|18/100\n|\n|-damage|p2b: Dragonite|73/100 psn|[from] psn\n|upkeep\n|turn|4\n|\n|t:|1776453820\n|move|p1b: Sableye|Fake Out|p2b: Dragonite\n|-damage|p2b: Dragonite|67/100 psn\n|move|p1a: Glimmora|Toxic|p2a: Sinistcha\n|-status|p2a: Sinistcha|tox\n|move|p2a: Sinistcha|Matcha Gotcha|p1b: Sableye|[spread] p1a,p1b\n|-damage|p1a: Glimmora|23/100\n|-damage|p1b: Sableye|0 fnt\n|faint|p1b: Sableye\n|cant|p2b: Dragonite|flinch\n|\n|-damage|p2a: Sinistcha|94/100 tox|[from] psn\n|-damage|p2b: Dragonite|55/100 psn|[from] psn\n|upkeep\n|\n|t:|1776453844\n|switch|p1b: Rotom|Rotom, L50|100/100\n|turn|5\n|\n|t:|1776453856\n|move|p1b: Rotom|Hex|p2a: Sinistcha\n|-supereffective|p2a: Sinistcha|1\n|-damage|p2a: Sinistcha|2/100 tox\n|move|p1a: Glimmora|Power Gem|p2b: Dragonite\n|-supereffective|p2b: Dragonite|1\n|-damage|p2b: Dragonite|0 fnt\n|faint|p2b: Dragonite\n|move|p2a: Sinistcha|Matcha Gotcha|p1b: Rotom|[spread] p1a,p1b\n|-crit|p1b: Rotom\n|-damage|p1a: Glimmora|0 fnt\n|-heal|p2a: Sinistcha|12/100 tox|[from] drain|[of] p1a: Glimmora\n|-damage|p1b: Rotom|24/100\n|-heal|p2a: Sinistcha|40/100 tox|[from] drain|[of] p1b: Rotom\n|faint|p1a: Glimmora\n|\n|-damage|p2a: Sinistcha|27/100 tox|[from] psn\n|upkeep\n|\n|t:|1776453874\n|switch|p1a: Gengar|Gengar-Mega, L50, F, shiny|13/100\n|switch|p2b: Aegislash|Aegislash, L50, M|100/100\n|turn|6\n|inactive|Kalickey has 30 seconds left.\n|inactive|Kalickey has 20 seconds left.\n|\n|t:|1776453912\n|move|p2b: Aegislash|King's Shield|p2b: Aegislash\n|-singleturn|p2b: Aegislash|Protect\n|move|p1b: Rotom|Hex|p2b: Aegislash\n|-activate|p2b: Aegislash|move: Protect\n|move|p1a: Gengar|Icy Wind|p2b: Aegislash|[spread] p2a\n|-activate|p2b: Aegislash|move: Protect\n|-supereffective|p2a: Sinistcha|1\n|-damage|p2a: Sinistcha|0 fnt\n|faint|p2a: Sinistcha\n|\n|upkeep\n|\n|t:|1776453917\n|switch|p2a: Greninja|Greninja, L50, M, shiny|68/100 psn\n|turn|7\n|\n|t:|1776453941\n|-formechange|p2b: Aegislash|Aegislash-Blade|\n|move|p2b: Aegislash|Shadow Sneak|p1a: Gengar\n|-supereffective|p1a: Gengar|1\n|-damage|p1a: Gengar|0 fnt\n|faint|p1a: Gengar\n|move|p1b: Rotom|Hex|p2b: Aegislash\n|-supereffective|p2b: Aegislash|1\n|-damage|p2b: Aegislash|0 fnt\n|faint|p2b: Aegislash\n|move|p2a: Greninja|Icy Wind|p1b: Rotom\n|-start|p2a: Greninja|typechange|Ice|[from] ability: Protean\n|-damage|p1b: Rotom|0 fnt\n|faint|p1b: Rotom\n|\n|win|blog2\n|raw|Kalickey's rating: 1131 &rarr; <strong>1102</strong><br />(-29 for losing)\n|raw|blog2's rating: 1078 &rarr; <strong>1111</strong><br />(+33 for winning)\n",
  "uploadtime": 1776453948,
  "views": 27,
  "formatid": "gen9championsvgc2026regma",
  "rating": 1102,
  "private": 0,
  "password": null
}