{
  "id": "gen9championsvgc2026regma-2581923731",
  "format": "[Gen 9 Champions] VGC 2026 Reg M-A",
  "players": [
    "Araine",
    "Gloryrush"
  ],
  "log": "|j|\u203dAraine\n|j|\u2606Gloryrush\n|t:|1776040147\n|gametype|doubles\n|player|p1|Araine|169|1351\n|player|p2|Gloryrush|169|1319\n|gen|9\n|tier|[Gen 9 Champions] VGC 2026 Reg M-A\n|rated|\n|rule|Species Clause: Limit one of each Pok\u00e9mon\n|rule|Item Clause: Limit 1 of each item\n|clearpoke\n|poke|p1|Pelipper, L50, F|\n|poke|p1|Archaludon, L50, F|\n|poke|p1|Garchomp, L50, F|\n|poke|p1|Incineroar, L50, M|\n|poke|p1|Sneasler, L50, F|\n|poke|p1|Meganium, L50, M|\n|poke|p2|Froslass, L50, F|\n|poke|p2|Aggron, L50, F|\n|poke|p2|Sneasler, L50, F|\n|poke|p2|Tyranitar, L50, F|\n|poke|p2|Milotic, L50, F|\n|poke|p2|Sinistcha, L50|\n|teampreview|4\n|inactive|Battle timer is ON: inactive players will automatically lose when time's up. (requested by Araine)\n|inactive|Araine has 60 seconds left.\n|inactive|Gloryrush has 60 seconds left.\n|inactive|Araine has 30 seconds left.\n|\n|t:|1776040213\n|teamsize|p1|4\n|teamsize|p2|4\n|start\n|switch|p1a: Archaludon|Archaludon, L50, F|100/100\n|switch|p1b: Pelipper|Pelipper, L50, F|100/100\n|switch|p2a: Aggron|Aggron, L50, F|100/100\n|switch|p2b: Sneasler|Sneasler, L50, F|100/100\n|-weather|RainDance|[from] ability: Drizzle|[of] p1b: Pelipper\n|turn|1\n|\n|t:|1776040228\n|move|p2b: Sneasler|Fake Out|p1a: Archaludon\n|-resisted|p1a: Archaludon|1\n|-damage|p1a: Archaludon|95/100\n|-ability|p1a: Archaludon|Stamina|boost\n|-boost|p1a: Archaludon|def|1\n|cant|p1a: Archaludon|flinch\n|move|p1b: Pelipper|Tailwind|p1b: Pelipper\n|-sidestart|p1: Araine|move: Tailwind\n|move|p2a: Aggron|Thunder Punch|p1b: Pelipper\n|-supereffective|p1b: Pelipper|2\n|-damage|p1b: Pelipper|36/100\n|\n|-weather|RainDance|[upkeep]\n|upkeep\n|turn|2\n|\n|t:|1776040246\n|switch|p2b: Tyranitar|Tyranitar, L50, F|100/100\n|-weather|Sandstorm|[from] ability: Sand Stream|[of] p2b: Tyranitar\n|move|p1a: Archaludon|Electro Shot||[still]\n|-prepare|p1a: Archaludon|Electro Shot\n|-boost|p1a: Archaludon|spa|1\n|move|p1b: Pelipper|Hurricane|p2b: Tyranitar\n|-resisted|p2b: Tyranitar|1\n|-damage|p2b: Tyranitar|89/100\n|move|p2a: Aggron|Thunder Punch|p1b: Pelipper\n|-supereffective|p1b: Pelipper|2\n|-damage|p1b: Pelipper|0 fnt\n|faint|p1b: Pelipper\n|\n|-weather|Sandstorm|[upkeep]\n|upkeep\n|\n|t:|1776040261\n|switch|p1b: Sneasler|Sneasler, L50, F|100/100\n|turn|3\n|inactive|Gloryrush has 30 seconds left.\n|\n|t:|1776040287\n|switch|p2b: Sinistcha|Sinistcha, L50|100/100\n|detailschange|p2a: Aggron|Aggron-Mega, L50, F\n|-mega|p2a: Aggron|Aggron|Aggronite\n|move|p1b: Sneasler|Close Combat|p2b: Sinistcha\n|-immune|p2b: Sinistcha\n|move|p1a: Archaludon|Electro Shot|p2a: Aggron|[from] lockedmove\n|-damage|p2a: Aggron|38/100\n|move|p2a: Aggron|Body Press|p1a: Archaludon\n|-supereffective|p1a: Archaludon|1\n|-enditem|p1a: Archaludon|Chople Berry|[eat]\n|-enditem|p1a: Archaludon|Chople Berry|[weaken]\n|-damage|p1a: Archaludon|76/100\n|-ability|p1a: Archaludon|Stamina|boost\n|-boost|p1a: Archaludon|def|1\n|\n|-weather|Sandstorm|[upkeep]\n|-damage|p1b: Sneasler|95/100|[from] Sandstorm\n|-damage|p2b: Sinistcha|94/100|[from] Sandstorm\n|upkeep\n|turn|4\n|inactive|Gloryrush has 30 seconds left.\n|\n|t:|1776040321\n|move|p1b: Sneasler|Dire Claw|p2b: Sinistcha\n|-damage|p2b: Sinistcha|47/100\n|-enditem|p2b: Sinistcha|Sitrus Berry|[eat]\n|-heal|p2b: Sinistcha|72/100|[from] item: Sitrus Berry\n|move|p1a: Archaludon|Electro Shot||[still]\n|-prepare|p1a: Archaludon|Electro Shot\n|-boost|p1a: Archaludon|spa|1\n|move|p2b: Sinistcha|Shadow Ball|p1a: Archaludon\n|-damage|p1a: Archaludon|25/100\n|-ability|p1a: Archaludon|Stamina|boost\n|-boost|p1a: Archaludon|def|1\n|move|p2a: Aggron|Heavy Slam|p1b: Sneasler\n|-damage|p1b: Sneasler|0 fnt\n|faint|p1b: Sneasler\n|\n|-weather|Sandstorm|[upkeep]\n|-damage|p2b: Sinistcha|66/100|[from] Sandstorm\n|-sideend|p1: Araine|move: Tailwind\n|upkeep\n|\n|t:|1776040338\n|switch|p1b: Meganium|Meganium, L50, M, shiny|100/100\n|turn|5\n|\n|t:|1776040347\n|detailschange|p1b: Meganium|Meganium-Mega, L50, M, shiny\n|-mega|p1b: Meganium|Meganium|Meganiumite\n|move|p1a: Archaludon|Electro Shot|p2a: Aggron|[from] lockedmove\n|-damage|p2a: Aggron|0 fnt\n|faint|p2a: Aggron\n|move|p1b: Meganium|Weather Ball|p2b: Sinistcha\n|-supereffective|p2b: Sinistcha|1\n|-damage|p2b: Sinistcha|0 fnt\n|faint|p2b: Sinistcha\n|\n|-weather|Sandstorm|[upkeep]\n|-damage|p1b: Meganium|95/100|[from] Sandstorm\n|upkeep\n|\n|t:|1776040358\n|switch|p2b: Tyranitar|Tyranitar, L50, F|89/100\n|switch|p2a: Sneasler|Sneasler, L50, F|100/100\n|turn|6\n|\n|t:|1776040377\n|move|p1b: Meganium|Protect|p1b: Meganium\n|-singleturn|p1b: Meganium|Protect\n|move|p2a: Sneasler|Fake Out|p1b: Meganium\n|-activate|p1b: Meganium|move: Protect\n|move|p1a: Archaludon|Dragon Pulse|p2a: Sneasler\n|-damage|p2a: Sneasler|0 fnt\n|faint|p2a: Sneasler\n|move|p2b: Tyranitar|Body Press|p1a: Archaludon\n|-supereffective|p1a: Archaludon|1\n|-damage|p1a: Archaludon|12/100\n|-ability|p1a: Archaludon|Stamina|boost\n|-boost|p1a: Archaludon|def|1\n|\n|-weather|none\n|upkeep\n|turn|7\n|\n|t:|1776040393\n|move|p1a: Archaludon|Flash Cannon|p2b: Tyranitar\n|-supereffective|p2b: Tyranitar|1\n|-damage|p2b: Tyranitar|0 fnt\n|faint|p2b: Tyranitar\n|\n|win|Araine\n|raw|Araine's rating: 1351 &rarr; <strong>1369</strong><br />(+18 for winning)\n|raw|Gloryrush's rating: 1319 &rarr; <strong>1301</strong><br />(-18 for losing)\n|l|\u2606Gloryrush\n|player|p2|\n|l|\u203dAraine\n|player|p1|\n",
  "uploadtime": 1776040457,
  "views": 20,
  "formatid": "gen9championsvgc2026regma",
  "rating": 1301,
  "private": 0,
  "password": null
}