{
  "id": "gen9championsvgc2026regma-2584250723",
  "format": "[Gen 9 Champions] VGC 2026 Reg M-A",
  "players": [
    "smp on whimsicott",
    "3mms"
  ],
  "log": "|j|\u2606smp on whimsicott\n|j|\u26063mms\n|t:|1776243260\n|gametype|doubles\n|player|p1|smp on whimsicott|artist-gen4|1111\n|player|p2|3mms|n|1113\n|gen|9\n|tier|[Gen 9 Champions] VGC 2026 Reg M-A\n|rated|\n|rule|Species Clause: Limit one of each Pok\u00e9mon\n|rule|Item Clause: Limit 1 of each item\n|clearpoke\n|poke|p1|Incineroar, L50, F|\n|poke|p1|Politoed, L50, M|\n|poke|p1|Gengar, L50, F|\n|poke|p1|Palafin, L50, F|\n|poke|p1|Volcarona, L50, F|\n|poke|p1|Ninetales-Alola, L50, F|\n|poke|p2|Whimsicott, L50, F|\n|poke|p2|Gengar, L50, M|\n|poke|p2|Sneasler, L50, M|\n|poke|p2|Kingambit, L50, F|\n|poke|p2|Incineroar, L50, F|\n|poke|p2|Garchomp, L50, M|\n|teampreview|4\n|inactive|Battle timer is ON: inactive players will automatically lose when time's up. (requested by 3mms)\n|inactive|smp on whimsicott has 60 seconds left.\n|inactive|3mms has 60 seconds left.\n|\n|t:|1776243313\n|teamsize|p1|4\n|teamsize|p2|4\n|start\n|switch|p1a: Gengar|Gengar, L50, F|100/100\n|switch|p1b: Politoed|Politoed, L50, M|100/100\n|switch|p2a: Kingambit|Kingambit, L50, F|100/100\n|switch|p2b: Sneasler|Sneasler, L50, M|100/100\n|-weather|RainDance|[from] ability: Drizzle|[of] p1b: Politoed\n|turn|1\n|inactive|smp on whimsicott has 30 seconds left.\n|\n|t:|1776243342\n|detailschange|p1a: Gengar|Gengar-Mega, L50, F\n|-mega|p1a: Gengar|Gengar|Gengarite\n|move|p2b: Sneasler|Fake Out|p1b: Politoed\n|-damage|p1b: Politoed|89/100\n|move|p1a: Gengar|Substitute|p1a: Gengar\n|-start|p1a: Gengar|Substitute\n|-damage|p1a: Gengar|76/100\n|cant|p1b: Politoed|flinch\n|move|p2a: Kingambit|Kowtow Cleave|p1a: Gengar\n|-supereffective|p1a: Gengar|1\n|-end|p1a: Gengar|Substitute\n|\n|-weather|RainDance|[upkeep]\n|-heal|p1b: Politoed|95/100|[from] item: Leftovers\n|upkeep\n|turn|2\n|inactive|smp on whimsicott has 30 seconds left.\n|\n|t:|1776243370\n|move|p1a: Gengar|Protect|p1a: Gengar\n|-singleturn|p1a: Gengar|Protect\n|move|p2b: Sneasler|Dire Claw|p1b: Politoed\n|-damage|p1b: Politoed|59/100\n|move|p1b: Politoed|Perish Song|p1b: Politoed\n|-start|p1a: Gengar|perish3|[silent]\n|-start|p1b: Politoed|perish3|[silent]\n|-start|p2a: Kingambit|perish3|[silent]\n|-start|p2b: Sneasler|perish3|[silent]\n|-fieldactivate|move: Perish Song\n|move|p2a: Kingambit|Kowtow Cleave|p1a: Gengar\n|-activate|p1a: Gengar|move: Protect\n|\n|-weather|RainDance|[upkeep]\n|-heal|p1b: Politoed|65/100|[from] item: Leftovers\n|-start|p1a: Gengar|perish3\n|-start|p2b: Sneasler|perish3\n|-start|p1b: Politoed|perish3\n|-start|p2a: Kingambit|perish3\n|upkeep\n|turn|3\n|inactive|smp on whimsicott has 30 seconds left.\n|\n|t:|1776243395\n|switch|p1b: Incineroar|Incineroar, L50, F|100/100\n|-ability|p1b: Incineroar|Intimidate|boost\n|-unboost|p2a: Kingambit|atk|1\n|-ability|p2a: Kingambit|Defiant|boost\n|-boost|p2a: Kingambit|atk|2\n|-unboost|p2b: Sneasler|atk|1\n|-enditem|p2b: Sneasler|White Herb\n|-clearnegativeboost|p2b: Sneasler|[silent]\n|move|p1a: Gengar|Substitute|p1a: Gengar\n|-start|p1a: Gengar|Substitute\n|-damage|p1a: Gengar|51/100\n|move|p2b: Sneasler|Dire Claw|p1b: Incineroar\n|-damage|p1b: Incineroar|67/100\n|-status|p1b: Incineroar|psn|[from] ability: Poison Touch|[of] p2b: Sneasler\n|move|p2a: Kingambit|Kowtow Cleave|p1a: Gengar\n|-supereffective|p1a: Gengar|1\n|-end|p1a: Gengar|Substitute\n|\n|-weather|RainDance|[upkeep]\n|-damage|p1b: Incineroar|55/100 psn|[from] psn\n|-start|p1a: Gengar|perish2\n|-start|p2b: Sneasler|perish2\n|-start|p2a: Kingambit|perish2\n|upkeep\n|turn|4\n|inactive|smp on whimsicott has 30 seconds left.\n|inactive|smp on whimsicott has 20 seconds left.\n|inactive|smp on whimsicott has 15 seconds left.\n|inactive|smp on whimsicott has 10 seconds left.\n|\n|t:|1776243442\n|move|p1a: Gengar|Protect|p1a: Gengar\n|-singleturn|p1a: Gengar|Protect\n|move|p1b: Incineroar|Fake Out|p2a: Kingambit\n|-resisted|p2a: Kingambit|1\n|-damage|p2a: Kingambit|97/100\n|move|p2b: Sneasler|Close Combat|p1b: Incineroar\n|-supereffective|p1b: Incineroar|1\n|-damage|p1b: Incineroar|0 fnt\n|-unboost|p2b: Sneasler|def|1\n|-unboost|p2b: Sneasler|spd|1\n|faint|p1b: Incineroar\n|cant|p2a: Kingambit|flinch\n|\n|-weather|RainDance|[upkeep]\n|-heal|p2a: Kingambit|100/100|[from] item: Leftovers\n|-start|p1a: Gengar|perish1\n|-start|p2b: Sneasler|perish1\n|-start|p2a: Kingambit|perish1\n|upkeep\n|\n|t:|1776243451\n|switch|p1b: Politoed|Politoed, L50, M|65/100\n|turn|5\n|\n|t:|1776243462\n|switch|p1a: Volcarona|Volcarona, L50, F|100/100\n|move|p1b: Politoed|Protect|p1b: Politoed\n|-singleturn|p1b: Politoed|Protect\n|move|p2b: Sneasler|Dire Claw|p1a: Volcarona\n|-damage|p1a: Volcarona|60/100\n|-status|p2b: Sneasler|brn|[from] ability: Flame Body|[of] p1a: Volcarona\n|-status|p1a: Volcarona|psn|[from] ability: Poison Touch|[of] p2b: Sneasler\n|move|p2a: Kingambit|Kowtow Cleave|p1a: Volcarona\n|-damage|p1a: Volcarona|0 fnt\n|faint|p1a: Volcarona\n|\n|-weather|none\n|-heal|p1b: Politoed|71/100|[from] item: Leftovers\n|-damage|p2b: Sneasler|95/100 brn|[from] brn\n|-start|p2b: Sneasler|perish0\n|-start|p2a: Kingambit|perish0\n|faint|p2b: Sneasler\n|faint|p2a: Kingambit\n|upkeep\n|\n|t:|1776243479\n|switch|p2b: Gengar|Gengar, L50, M|100/100\n|switch|p1a: Gengar|Gengar-Mega, L50, F|51/100\n|switch|p2a: Garchomp|Garchomp, L50, M|100/100\n|turn|6\n|-message|smp on whimsicott forfeited.\n|\n|win|3mms\n|raw|smp on whimsicott's rating: 1111 &rarr; <strong>1086</strong><br />(-25 for losing)\n|raw|3mms's rating: 1113 &rarr; <strong>1138</strong><br />(+25 for winning)\n",
  "uploadtime": 1776243484,
  "views": 19,
  "formatid": "gen9championsvgc2026regma",
  "rating": 1086,
  "private": 0,
  "password": null
}