{
  "id": "gen9championsvgc2026regma-2588159133",
  "format": "[Gen 9 Champions] VGC 2026 Reg M-A",
  "players": [
    "Bup_Ladder",
    "yuriimon"
  ],
  "log": "|j|\u2606Bup_Ladder\n|j|\u2606yuriimon\n|t:|1776610154\n|gametype|doubles\n|player|p1|Bup_Ladder|265|1165\n|player|p2|yuriimon|waitress-gen4|1162\n|gen|9\n|tier|[Gen 9 Champions] VGC 2026 Reg M-A\n|rated|\n|rule|Species Clause: Limit one of each Pok\u00e9mon\n|rule|Item Clause: Limit 1 of each item\n|clearpoke\n|poke|p1|Aerodactyl, L50, F|\n|poke|p1|Farigiraf, L50, F|\n|poke|p1|Meganium, L50, F|\n|poke|p1|Talonflame, L50, F|\n|poke|p1|Sneasler, L50, F|\n|poke|p1|Rotom-Wash, L50|\n|poke|p2|Glimmora, L50, F|\n|poke|p2|Incineroar, L50, M|\n|poke|p2|Politoed, L50, M|\n|poke|p2|Basculegion, L50, M|\n|poke|p2|Chesnaught, L50, F|\n|poke|p2|Scizor, L50, F|\n|teampreview|4\n|inactive|Battle timer is ON: inactive players will automatically lose when time's up. (requested by yuriimon)\n|inactive|yuriimon has 60 seconds left.\n|\n|t:|1776610186\n|teamsize|p1|4\n|teamsize|p2|4\n|start\n|switch|p1a: Sneasler|Sneasler, L50, F|100/100\n|switch|p1b: Farigiraf|Farigiraf, L50, F|100/100\n|switch|p2a: Scizor|Scizor, L50, F|100/100\n|switch|p2b: Basculegion|Basculegion, L50, M|100/100\n|turn|1\n|\n|t:|1776610205\n|move|p1a: Sneasler|Fake Out|p2a: Scizor\n|-resisted|p2a: Scizor|1\n|-damage|p2a: Scizor|93/100\n|move|p2b: Basculegion|Psychic Fangs|p1a: Sneasler\n|-supereffective|p1a: Sneasler|2\n|-damage|p1a: Sneasler|0 fnt\n|faint|p1a: Sneasler\n|move|p1b: Farigiraf|Twin Beam|p2b: Basculegion\n|-damage|p2b: Basculegion|84/100\n|-damage|p2b: Basculegion|67/100\n|-hitcount|p2b: Basculegion|2\n|cant|p2a: Scizor|flinch\n|\n|upkeep\n|\n|t:|1776610211\n|switch|p1a: Talonflame|Talonflame, L50, F|100/100\n|turn|2\n|\n|t:|1776610225\n|switch|p2a: Politoed|Politoed, L50, M|100/100\n|-weather|RainDance|[from] ability: Drizzle|[of] p2a: Politoed\n|move|p1b: Farigiraf|Ally Switch|p1b: Farigiraf\n|swap|p1b: Farigiraf|0|[from] move: Ally Switch\n|move|p1b: Talonflame|Tailwind|p1b: Talonflame\n|-sidestart|p1: Bup_Ladder|move: Tailwind\n|move|p2b: Basculegion|Wave Crash|p1a: Farigiraf\n|-damage|p1a: Farigiraf|15/100\n|-damage|p2b: Basculegion|35/100|[from] Recoil\n|\n|-weather|RainDance|[upkeep]\n|upkeep\n|turn|3\n|inactive|Bup_Ladder has 30 seconds left.\n|\n|t:|1776610256\n|switch|p2b: Incineroar|Incineroar, L50, M|100/100\n|-ability|p2b: Incineroar|Intimidate|boost\n|-unboost|p1a: Farigiraf|atk|1\n|-unboost|p1b: Talonflame|atk|1\n|switch|p1a: Meganium|Meganium, L50, F|100/100\n|move|p1b: Talonflame|Dual Wingbeat|p2b: Incineroar\n|-damage|p2b: Incineroar|92/100\n|-damage|p2b: Incineroar|83/100\n|-hitcount|p2b: Incineroar|2\n|move|p2a: Politoed|Weather Ball|p1a: Meganium\n|-resisted|p1a: Meganium|1\n|-damage|p1a: Meganium|72/100\n|\n|-weather|RainDance|[upkeep]\n|upkeep\n|turn|4\n|inactive|Bup_Ladder has 30 seconds left.\n|inactive|yuriimon has 30 seconds left.\n|\n|t:|1776610291\n|switch|p2b: Scizor|Scizor, L50, F|93/100\n|detailschange|p1a: Meganium|Meganium-Mega, L50, F\n|-mega|p1a: Meganium|Meganium|Meganiumite\n|move|p1a: Meganium|Protect|p1a: Meganium\n|-singleturn|p1a: Meganium|Protect\n|move|p1b: Talonflame|Dual Wingbeat|p2b: Scizor|[miss]\n|-miss|p1b: Talonflame|p2b: Scizor\n|move|p2a: Politoed|Weather Ball|p1b: Talonflame\n|-supereffective|p1b: Talonflame|1\n|-enditem|p1b: Talonflame|Focus Sash\n|-damage|p1b: Talonflame|1/100\n|\n|-weather|RainDance|[upkeep]\n|upkeep\n|turn|5\n|inactive|yuriimon has 30 seconds left.\n|\n|t:|1776610319\n|move|p2a: Politoed|Protect|p2a: Politoed\n|-singleturn|p2a: Politoed|Protect\n|move|p1b: Talonflame|Flare Blitz|p2b: Scizor\n|-supereffective|p2b: Scizor|2\n|-enditem|p2b: Scizor|Occa Berry|[eat]\n|-enditem|p2b: Scizor|Occa Berry|[weaken]\n|-damage|p2b: Scizor|63/100\n|-damage|p1b: Talonflame|0 fnt|[from] Recoil\n|faint|p1b: Talonflame\n|move|p1a: Meganium|Solar Beam||[still]\n|-prepare|p1a: Meganium|Solar Beam\n|-activate|p1a: Meganium|ability: Mega Sol\n|-anim|p1a: Meganium|Solar Beam|p2a: Politoed\n|-activate|p2a: Politoed|move: Protect\n|move|p2b: Scizor|Dual Wingbeat|p1a: Meganium\n|-supereffective|p1a: Meganium|1\n|-damage|p1a: Meganium|26/100\n|-supereffective|p1a: Meganium|1\n|-damage|p1a: Meganium|0 fnt\n|faint|p1a: Meganium\n|-hitcount|p1: Meganium|2\n|\n|-weather|RainDance|[upkeep]\n|-sideend|p1: Bup_Ladder|move: Tailwind\n|upkeep\n|-message|Bup_Ladder forfeited.\n|\n|win|yuriimon\n|raw|Bup_Ladder's rating: 1165 &rarr; <strong>1140</strong><br />(-25 for losing)\n|raw|yuriimon's rating: 1162 &rarr; <strong>1187</strong><br />(+25 for winning)\n|l|\u2606Bup_Ladder\n|player|p1|\n",
  "uploadtime": 1776610342,
  "views": 11,
  "formatid": "gen9championsvgc2026regma",
  "rating": 1140,
  "private": 0,
  "password": null
}