{
  "id": "gen9championsvgc2026regma-2580593223",
  "format": "[Gen 9 Champions] VGC 2026 Reg M-A",
  "players": [
    "KogaAF1219",
    "mingking"
  ],
  "log": "|j|\u2606KogaAF1219\n|j|\u2606mingking\n|t:|1775916245\n|gametype|doubles\n|player|p1|KogaAF1219|265|1076\n|player|p2|mingking|101|1114\n|gen|9\n|tier|[Gen 9 Champions] VGC 2026 Reg M-A\n|rated|\n|rule|Species Clause: Limit one of each Pok\u00e9mon\n|rule|Item Clause: Limit 1 of each item\n|clearpoke\n|poke|p1|Torkoal, L50, F|\n|poke|p1|Rotom-Fan, L50|\n|poke|p1|Excadrill, L50, M|\n|poke|p1|Whimsicott, L50, F|\n|poke|p1|Incineroar, L50, F|\n|poke|p1|Venusaur, L50, M|\n|poke|p2|Rotom-Wash, L50|\n|poke|p2|Gardevoir, L50, F|\n|poke|p2|Infernape, L50, M|\n|poke|p2|Whimsicott, L50, M|\n|poke|p2|Hatterene, L50, F|\n|poke|p2|Mamoswine, L50, M|\n|teampreview|4\n|\n|t:|1775916268\n|teamsize|p1|4\n|teamsize|p2|4\n|start\n|switch|p1a: Rotom|Rotom-Fan, L50|100/100\n|switch|p1b: Excadrill|Excadrill, L50, M|100/100\n|switch|p2a: Rotom|Rotom-Wash, L50|100/100\n|switch|p2b: Infernape|Infernape, L50, M|100/100\n|-ability|p1b: Excadrill|Mold Breaker\n|turn|1\n|\n|t:|1775916277\n|move|p1b: Excadrill|Protect|p1b: Excadrill\n|-singleturn|p1b: Excadrill|Protect\n|move|p2b: Infernape|Fake Out|p1b: Excadrill\n|-activate|p1b: Excadrill|move: Protect\n|move|p1a: Rotom|Discharge|p2a: Rotom|[spread] p2a,p2b\n|-activate|p1b: Excadrill|move: Protect\n|-damage|p2a: Rotom|77/100\n|-damage|p2b: Infernape|67/100\n|move|p2a: Rotom|Hydro Pump|p1b: Excadrill\n|-activate|p1b: Excadrill|move: Protect\n|\n|upkeep\n|turn|2\n|\n|t:|1775916293\n|move|p1a: Rotom|Discharge|p2b: Infernape|[spread] p2a,p2b\n|-immune|p1b: Excadrill\n|-crit|p2b: Infernape\n|-damage|p2a: Rotom|53/100\n|-damage|p2b: Infernape|11/100\n|move|p2b: Infernape|Close Combat|p1b: Excadrill\n|-supereffective|p1b: Excadrill|1\n|-enditem|p1b: Excadrill|Focus Sash\n|-damage|p1b: Excadrill|1/100\n|-unboost|p2b: Infernape|def|1\n|-unboost|p2b: Infernape|spd|1\n|move|p1b: Excadrill|Earthquake|p2a: Rotom|[spread] p2a,p2b\n|-immune|p1a: Rotom\n|-supereffective|p2a: Rotom|1\n|-supereffective|p2b: Infernape|1\n|-damage|p2a: Rotom|0 fnt\n|-damage|p2b: Infernape|0 fnt\n|faint|p2a: Rotom\n|faint|p2b: Infernape\n|\n|upkeep\n|\n|t:|1775916301\n|switch|p2b: Whimsicott|Whimsicott, L50, M|100/100\n|switch|p2a: Gardevoir|Gardevoir, L50, F|100/100\n|turn|3\n|\n|t:|1775916306\n|detailschange|p2a: Gardevoir|Gardevoir-Mega, L50, F\n|-mega|p2a: Gardevoir|Gardevoir|Gardevoirite\n|move|p1b: Excadrill|Protect|p1b: Excadrill\n|-singleturn|p1b: Excadrill|Protect\n|move|p2b: Whimsicott|Tailwind|p2b: Whimsicott\n|-sidestart|p2: mingking|move: Tailwind\n|move|p2a: Gardevoir|Hyper Voice|p1b: Excadrill|[spread] p1a\n|-activate|p1b: Excadrill|move: Protect\n|-damage|p1a: Rotom|51/100\n|move|p1a: Rotom|Discharge|p2a: Gardevoir|[spread] p2a,p2b\n|-activate|p1b: Excadrill|move: Protect\n|-resisted|p2b: Whimsicott|1\n|-crit|p2b: Whimsicott\n|-damage|p2a: Gardevoir|80/100\n|-damage|p2b: Whimsicott|73/100\n|-status|p2a: Gardevoir|par\n|\n|upkeep\n|turn|4\n|\n|t:|1775916326\n|move|p2b: Whimsicott|Moonblast|p1b: Excadrill\n|-resisted|p1b: Excadrill|1\n|-damage|p1b: Excadrill|0 fnt\n|faint|p1b: Excadrill\n|move|p1a: Rotom|Discharge|p2b: Whimsicott|[spread] p2a,p2b\n|-resisted|p2b: Whimsicott|1\n|-damage|p2a: Gardevoir|60/100 par\n|-damage|p2b: Whimsicott|55/100\n|move|p2a: Gardevoir|Hyper Voice|p1a: Rotom\n|-damage|p1a: Rotom|0 fnt\n|faint|p1a: Rotom\n|\n|upkeep\n|\n|t:|1775916329\n|switch|p1b: Incineroar|Incineroar, L50, F|100/100\n|switch|p1a: Venusaur|Venusaur, L50, M|100/100\n|-ability|p1b: Incineroar|Intimidate|boost\n|-unboost|p2a: Gardevoir|atk|1\n|-unboost|p2b: Whimsicott|atk|1\n|turn|5\n|\n|t:|1775916337\n|move|p1b: Incineroar|Fake Out|p2a: Gardevoir\n|-damage|p2a: Gardevoir|45/100 par\n|move|p2b: Whimsicott|Endeavor|p1a: Venusaur\n|-damage|p1a: Venusaur|48/100\n|move|p1a: Venusaur|Sludge Bomb|p2a: Gardevoir\n|-supereffective|p2a: Gardevoir|1\n|-damage|p2a: Gardevoir|0 fnt\n|faint|p2a: Gardevoir\n|\n|upkeep\n|turn|6\n|\n|t:|1775916343\n|move|p1a: Venusaur|Protect|p1a: Venusaur\n|-singleturn|p1a: Venusaur|Protect\n|move|p2b: Whimsicott|Moonblast|p1a: Venusaur\n|-activate|p1a: Venusaur|move: Protect\n|move|p1b: Incineroar|Flare Blitz|p2b: Whimsicott\n|-supereffective|p2b: Whimsicott|1\n|-damage|p2b: Whimsicott|0 fnt\n|faint|p2b: Whimsicott\n|-damage|p1b: Incineroar|89/100|[from] Recoil\n|\n|win|KogaAF1219\n|raw|KogaAF1219's rating: 1076 &rarr; <strong>1108</strong><br />(+32 for winning)\n|raw|mingking's rating: 1114 &rarr; <strong>1086</strong><br />(-28 for losing)\n|l|\u2606mingking\n|player|p2|\n",
  "uploadtime": 1775916347,
  "views": 13,
  "formatid": "gen9championsvgc2026regma",
  "rating": 1086,
  "private": 0,
  "password": null
}