{
  "id": "gen9championsvgc2026regma-2586907764",
  "format": "[Gen 9 Champions] VGC 2026 Reg M-A",
  "players": [
    "lloni",
    "duffmcwhaling"
  ],
  "log": "|j|\u2606lloni\n|j|\u2606duffmcwhaling\n|t:|1776470678\n|gametype|doubles\n|player|p1|lloni|iris-gen5bw2|1246\n|player|p2|duffmcwhaling|scientist-gen4dp|1220\n|gen|9\n|tier|[Gen 9 Champions] VGC 2026 Reg M-A\n|rated|\n|rule|Species Clause: Limit one of each Pok\u00e9mon\n|rule|Item Clause: Limit 1 of each item\n|clearpoke\n|poke|p1|Farigiraf, L50, F|\n|poke|p1|Incineroar, L50, F|\n|poke|p1|Torkoal, L50, M|\n|poke|p1|Sneasler, L50, F|\n|poke|p1|Venusaur, L50, M|\n|poke|p1|Ampharos, L50, M|\n|poke|p2|Blastoise, L50, M|\n|poke|p2|Sableye, L50, F|\n|poke|p2|Sneasler, L50, M|\n|poke|p2|Sinistcha, L50|\n|poke|p2|Rotom-Wash, L50|\n|poke|p2|Farigiraf, L50, M|\n|teampreview|4\n|inactive|Battle timer is ON: inactive players will automatically lose when time's up. (requested by lloni)\n|inactive|lloni has 60 seconds left.\n|inactive|duffmcwhaling has 60 seconds left.\n|\n|t:|1776470716\n|teamsize|p1|4\n|teamsize|p2|4\n|start\n|switch|p1a: Ampharos|Ampharos, L50, M|100/100\n|switch|p1b: Farigiraf|Farigiraf, L50, F|100/100\n|switch|p2a: Blastoise|Blastoise, L50, M|100/100\n|switch|p2b: Sableye|Sableye, L50, F|100/100\n|turn|1\n|\n|t:|1776470738\n|detailschange|p2a: Blastoise|Blastoise-Mega, L50, M\n|-mega|p2a: Blastoise|Blastoise|Blastoisinite\n|detailschange|p1a: Ampharos|Ampharos-Mega, L50, M\n|-mega|p1a: Ampharos|Ampharos|Ampharosite\n|-ability|p1a: Ampharos|Mold Breaker\n|move|p2b: Sableye|Rain Dance|p2b: Sableye\n|-weather|RainDance\n|move|p2a: Blastoise|Water Spout|p1b: Farigiraf|[spread] p1a,p1b\n|-resisted|p1a: Ampharos|1\n|-damage|p1a: Ampharos|63/100\n|-damage|p1b: Farigiraf|16/100\n|-enditem|p1b: Farigiraf|Sitrus Berry|[eat]\n|-heal|p1b: Farigiraf|41/100|[from] item: Sitrus Berry\n|move|p1a: Ampharos|Cotton Guard|p1a: Ampharos\n|-boost|p1a: Ampharos|def|3\n|move|p1b: Farigiraf|Trick Room|p1b: Farigiraf\n|-fieldstart|move: Trick Room|[of] p1b: Farigiraf\n|\n|-weather|RainDance|[upkeep]\n|upkeep\n|turn|2\n|inactive|lloni has 30 seconds left.\n|inactive|duffmcwhaling has 30 seconds left.\n|inactive|duffmcwhaling has 20 seconds left.\n|inactive|duffmcwhaling has 15 seconds left.\n|\n|t:|1776470779\n|switch|p2b: Sinistcha|Sinistcha, L50|100/100\n|move|p1b: Farigiraf|Helping Hand|p1a: Ampharos\n|-singleturn|p1a: Ampharos|Helping Hand|[of] p1b: Farigiraf\n|move|p2a: Blastoise|Protect|p2a: Blastoise\n|-singleturn|p2a: Blastoise|Protect\n|move|p1a: Ampharos|Parabolic Charge|p2b: Sinistcha|[spread] p1b,p2b\n|-activate|p2a: Blastoise|move: Protect\n|-resisted|p2b: Sinistcha|1\n|-damage|p1b: Farigiraf|0 fnt\n|-heal|p1a: Ampharos|86/100|[from] drain|[of] p1b: Farigiraf\n|-damage|p2b: Sinistcha|79/100\n|-heal|p1a: Ampharos|96/100|[from] drain|[of] p2b: Sinistcha\n|faint|p1b: Farigiraf\n|\n|-weather|RainDance|[upkeep]\n|upkeep\n|\n|t:|1776470792\n|switch|p1b: Torkoal|Torkoal, L50, M|100/100\n|-weather|SunnyDay|[from] ability: Drought|[of] p1b: Torkoal\n|turn|3\n|\n|t:|1776470804\n|switch|p2a: Sneasler|Sneasler, L50, M|100/100\n|move|p1b: Torkoal|Eruption|p2a: Sneasler|[spread] p2a,p2b\n|-supereffective|p2b: Sinistcha|1\n|-enditem|p2a: Sneasler|Focus Sash\n|-damage|p2a: Sneasler|1/100\n|-damage|p2b: Sinistcha|0 fnt\n|faint|p2b: Sinistcha\n|move|p1a: Ampharos|Dragon Pulse|p2a: Sneasler\n|-damage|p2a: Sneasler|0 fnt\n|faint|p2a: Sneasler\n|\n|-weather|SunnyDay|[upkeep]\n|upkeep\n|\n|t:|1776470812\n|switch|p2b: Blastoise|Blastoise-Mega, L50, M|100/100\n|switch|p2a: Sableye|Sableye, L50, F|100/100\n|turn|4\n|\n|t:|1776470824\n|move|p2b: Blastoise|Protect|p2b: Blastoise\n|-singleturn|p2b: Blastoise|Protect\n|move|p2a: Sableye|Rain Dance|p2a: Sableye\n|-weather|RainDance\n|move|p1b: Torkoal|Eruption|p2b: Blastoise|[spread] p2a\n|-activate|p2b: Blastoise|move: Protect\n|-damage|p2a: Sableye|68/100\n|move|p1a: Ampharos|Parabolic Charge|p2b: Blastoise|[spread] p1b,p2a\n|-activate|p2b: Blastoise|move: Protect\n|-damage|p1b: Torkoal|59/100\n|-heal|p1a: Ampharos|100/100|[from] drain|[of] p1b: Torkoal\n|-damage|p2a: Sableye|29/100\n|\n|-weather|RainDance|[upkeep]\n|upkeep\n|turn|5\n|\n|t:|1776470843\n|move|p2a: Sableye|Disable|p1a: Ampharos\n|-start|p1a: Ampharos|Disable|Parabolic Charge\n|move|p1b: Torkoal|Weather Ball|p2b: Blastoise\n|-resisted|p2b: Blastoise|1\n|-damage|p2b: Blastoise|80/100\n|cant|p1a: Ampharos|Disable|Parabolic Charge\n|move|p2b: Blastoise|Water Spout|p1b: Torkoal|[spread] p1a,p1b\n|-resisted|p1a: Ampharos|1\n|-supereffective|p1b: Torkoal|1\n|-damage|p1a: Ampharos|72/100\n|-damage|p1b: Torkoal|0 fnt\n|faint|p1b: Torkoal\n|\n|-weather|RainDance|[upkeep]\n|-fieldend|move: Trick Room\n|upkeep\n|\n|t:|1776470852\n|switch|p1b: Sneasler|Sneasler, L50, F|100/100\n|turn|6\n|\n|t:|1776470862\n|move|p2b: Blastoise|Protect|p2b: Blastoise\n|-singleturn|p2b: Blastoise|Protect\n|move|p1b: Sneasler|Fake Out|p2b: Blastoise\n|-activate|p2b: Blastoise|move: Protect\n|move|p2a: Sableye|Encore|p1a: Ampharos\n|-start|p1a: Ampharos|Encore\n|cant|p1a: Ampharos|Disable|Parabolic Charge\n|\n|-weather|RainDance|[upkeep]\n|upkeep\n|turn|7\n|\n|t:|1776470876\n|move|p2a: Sableye|Encore|p1b: Sneasler\n|-start|p1b: Sneasler|Encore\n|move|p1b: Sneasler|Fake Out||[still]\n|-hint|Fake Out only works on your first turn out.\n|-fail|p1b: Sneasler\n|move|p2b: Blastoise|Water Spout|p1b: Sneasler|[spread] p1a,p1b\n|-resisted|p1a: Ampharos|1\n|-damage|p1a: Ampharos|43/100\n|-damage|p1b: Sneasler|0 fnt\n|faint|p1b: Sneasler\n|-activate|p1a: Ampharos|move: Struggle\n|move|p1a: Ampharos|Struggle|p2b: Blastoise\n|-damage|p2b: Blastoise|70/100\n|-damage|p1a: Ampharos|18/100|[from] recoil\n|\n|-weather|RainDance|[upkeep]\n|upkeep\n|turn|8\n|-message|lloni forfeited.\n|\n|win|duffmcwhaling\n|raw|lloni's rating: 1246 &rarr; <strong>1219</strong><br />(-27 for losing)\n|raw|duffmcwhaling's rating: 1220 &rarr; <strong>1247</strong><br />(+27 for winning)\n|l|\u2606lloni\n|player|p1|\n",
  "uploadtime": 1776470889,
  "views": 27,
  "formatid": "gen9championsvgc2026regma",
  "rating": 1219,
  "private": 0,
  "password": null
}