{
  "id": "gen9championsvgc2026regma-2581839043",
  "format": "[Gen 9 Champions] VGC 2026 Reg M-A",
  "players": [
    "gk28",
    "steamboatwilly"
  ],
  "log": "|j|\u2606gk28\n|j|\u2606steamboatwilly\n|t:|1776032635\n|gametype|doubles\n|player|p1|gk28|170|1014\n|player|p2|steamboatwilly|cynthia|1089\n|gen|9\n|tier|[Gen 9 Champions] VGC 2026 Reg M-A\n|rated|\n|rule|Species Clause: Limit one of each Pok\u00e9mon\n|rule|Item Clause: Limit 1 of each item\n|clearpoke\n|poke|p1|Archaludon, L50, F|\n|poke|p1|Politoed, L50, M|\n|poke|p1|Meganium, L50, M|\n|poke|p1|Sinistcha, L50|\n|poke|p1|Maushold-Four, L50|\n|poke|p1|Arcanine, L50, F|\n|poke|p2|Ninetales-Alola, L50, F|\n|poke|p2|Froslass, L50, F|\n|poke|p2|Garchomp, L50, F|\n|poke|p2|Aerodactyl, L50, M|\n|poke|p2|Incineroar, L50, M|\n|poke|p2|Basculegion, L50, M|\n|teampreview|4\n|\n|t:|1776032668\n|teamsize|p1|4\n|teamsize|p2|4\n|start\n|switch|p1a: Maushold|Maushold-Four, L50|100/100\n|switch|p1b: Archaludon|Archaludon, L50, F, shiny|100/100\n|switch|p2a: Froslass|Froslass, L50, F|100/100\n|switch|p2b: Incineroar|Incineroar, L50, M|100/100\n|-ability|p2b: Incineroar|Intimidate|boost\n|-unboost|p1a: Maushold|atk|1\n|-unboost|p1b: Archaludon|atk|1\n|turn|1\n|\n|t:|1776032698\n|detailschange|p2a: Froslass|Froslass-Mega, L50, F\n|-mega|p2a: Froslass|Froslass|Froslassite\n|-weather|Snowscape|[from] ability: Snow Warning|[of] p2a: Froslass\n|move|p2b: Incineroar|Fake Out|p1b: Archaludon\n|-resisted|p1b: Archaludon|1\n|-damage|p1b: Archaludon|97/100\n|-ability|p1b: Archaludon|Stamina|boost\n|-boost|p1b: Archaludon|def|1\n|move|p2a: Froslass|Blizzard|p1b: Archaludon|[spread] p1a,p1b\n|-damage|p1a: Maushold|49/100\n|-damage|p1b: Archaludon|57/100\n|-status|p1a: Maushold|frz\n|-ability|p1b: Archaludon|Stamina|boost\n|-boost|p1b: Archaludon|def|1\n|cant|p1a: Maushold|frz\n|cant|p1b: Archaludon|flinch\n|\n|-weather|Snowscape|[upkeep]\n|upkeep\n|turn|2\n|\n|t:|1776032735\n|switch|p1a: Politoed|Politoed, L50, M|100/100\n|-weather|RainDance|[from] ability: Drizzle|[of] p1a: Politoed\n|move|p2a: Froslass|Blizzard|p1b: Archaludon|[spread] p1a,p1b\n|-resisted|p1a: Politoed|1\n|-damage|p1a: Politoed|80/100\n|-damage|p1b: Archaludon|8/100\n|-ability|p1b: Archaludon|Stamina|boost\n|-boost|p1b: Archaludon|def|1\n|move|p1b: Archaludon|Electro Shot||[still]\n|-prepare|p1b: Archaludon|Electro Shot\n|-boost|p1b: Archaludon|spa|1\n|-anim|p1b: Archaludon|Electro Shot|p2b: Incineroar\n|-damage|p2b: Incineroar|51/100\n|move|p2b: Incineroar|Parting Shot|p1b: Archaludon\n|-unboost|p1b: Archaludon|atk|1\n|-unboost|p1b: Archaludon|spa|1\n|\n|t:|1776032753\n|switch|p2b: Ninetales|Ninetales-Alola, L50, F|100/100|[from] Parting Shot\n|-weather|Snowscape|[from] ability: Snow Warning|[of] p2b: Ninetales\n|\n|-weather|Snowscape|[upkeep]\n|upkeep\n|turn|3\n|\n|t:|1776032762\n|move|p1b: Archaludon|Protect|p1b: Archaludon\n|-singleturn|p1b: Archaludon|Protect\n|move|p2a: Froslass|Blizzard|p1b: Archaludon|[spread] p1a\n|-activate|p1b: Archaludon|move: Protect\n|-resisted|p1a: Politoed|1\n|-crit|p1a: Politoed\n|-damage|p1a: Politoed|53/100\n|-status|p1a: Politoed|frz\n|move|p2b: Ninetales|Aurora Veil|p2b: Ninetales\n|-sidestart|p2: steamboatwilly|move: Aurora Veil\n|cant|p1a: Politoed|frz\n|\n|-weather|Snowscape|[upkeep]\n|upkeep\n|turn|4\n|\n|t:|1776032783\n|cant|p1a: Politoed|frz\n|move|p2a: Froslass|Blizzard|p1a: Politoed|[spread] p1a,p1b\n|-resisted|p1a: Politoed|1\n|-damage|p1a: Politoed|34/100 frz\n|-damage|p1b: Archaludon|0 fnt\n|faint|p1b: Archaludon\n|move|p2b: Ninetales|Moonblast|p1a: Politoed\n|-damage|p1a: Politoed|2/100 frz\n|\n|-weather|Snowscape|[upkeep]\n|upkeep\n|\n|t:|1776032788\n|switch|p1b: Maushold|Maushold-Four, L50|49/100 frz\n|turn|5\n|\n|t:|1776032798\n|-curestatus|p1a: Politoed|frz|[msg]\n|move|p1a: Politoed|Protect|p1a: Politoed\n|-singleturn|p1a: Politoed|Protect\n|-curestatus|p1b: Maushold|frz|[msg]\n|move|p1b: Maushold|Follow Me|p1b: Maushold\n|-singleturn|p1b: Maushold|move: Follow Me\n|move|p2a: Froslass|Blizzard|p1a: Politoed|[spread] p1b\n|-activate|p1a: Politoed|move: Protect\n|-damage|p1b: Maushold|0 fnt\n|faint|p1b: Maushold\n|move|p2b: Ninetales|Moonblast|p1a: Politoed\n|-activate|p1a: Politoed|move: Protect\n|\n|-weather|Snowscape|[upkeep]\n|upkeep\n|\n|t:|1776032813\n|switch|p1b: Arcanine|Arcanine, L50, F|100/100\n|turn|6\n|\n|t:|1776032832\n|switch|p2a: Incineroar|Incineroar, L50, M|51/100\n|-ability|p2a: Incineroar|Intimidate|boost\n|-unboost|p1a: Politoed|atk|1\n|-unboost|p1b: Arcanine|atk|1\n|move|p2b: Ninetales|Blizzard|p1a: Politoed|[spread] p1a,p1b\n|-resisted|p1a: Politoed|1\n|-resisted|p1b: Arcanine|1\n|-damage|p1a: Politoed|0 fnt\n|-damage|p1b: Arcanine|80/100\n|-status|p1b: Arcanine|frz\n|faint|p1a: Politoed\n|cant|p1b: Arcanine|frz\n|\n|-weather|none\n|upkeep\n|turn|7\n|\n|t:|1776032853\n|switch|p2a: Froslass|Froslass-Mega, L50, F|100/100\n|-weather|Snowscape|[from] ability: Snow Warning|[of] p2a: Froslass\n|move|p2b: Ninetales|Moonblast|p1b: Arcanine\n|-resisted|p1b: Arcanine|1\n|-damage|p1b: Arcanine|56/100 frz\n|-curestatus|p1b: Arcanine|frz|[from] move: Flare Blitz\n|move|p1b: Arcanine|Flare Blitz|p2b: Ninetales\n|-supereffective|p2b: Ninetales|1\n|-damage|p2b: Ninetales|49/100\n|-damage|p1b: Arcanine|41/100|[from] Recoil\n|\n|-weather|Snowscape|[upkeep]\n|-sideend|p2: steamboatwilly|move: Aurora Veil\n|upkeep\n|turn|8\n|\n|t:|1776032870\n|move|p2a: Froslass|Shadow Ball|p1b: Arcanine\n|-damage|p1b: Arcanine|0 fnt\n|faint|p1b: Arcanine\n|\n|win|steamboatwilly\n|raw|gk28's rating: 1014 &rarr; <strong>1004</strong><br />(-10 for losing)\n|raw|steamboatwilly's rating: 1089 &rarr; <strong>1110</strong><br />(+21 for winning)\n|l|\u2606gk28\n|player|p1|\n",
  "uploadtime": 1776032880,
  "views": 21,
  "formatid": "gen9championsvgc2026regma",
  "rating": 1004,
  "private": 0,
  "password": null
}