{
  "id": "gen9championsvgc2026regma-2580687544",
  "format": "[Gen 9 Champions] VGC 2026 Reg M-A",
  "players": [
    "kapieelektross",
    "namboyVGC"
  ],
  "log": "|j|\u2606kapieelektross\n|j|\u2606namboyVGC\n|t:|1775924324\n|gametype|doubles\n|player|p1|kapieelektross|169|1075\n|player|p2|namboyVGC|pokemonranger-gen4|1048\n|gen|9\n|tier|[Gen 9 Champions] VGC 2026 Reg M-A\n|rated|\n|rule|Species Clause: Limit one of each Pok\u00e9mon\n|rule|Item Clause: Limit 1 of each item\n|clearpoke\n|poke|p1|Glimmora, L50, M|\n|poke|p1|Whimsicott, L50, M|\n|poke|p1|Incineroar, L50, M|\n|poke|p1|Altaria, L50, M|\n|poke|p1|Aegislash, L50, M|\n|poke|p1|Rotom-Wash, L50|\n|poke|p2|Alakazam, L50, M|\n|poke|p2|Meowstic, L50, M|\n|poke|p2|Basculegion, L50, M|\n|poke|p2|Archaludon, L50, F|\n|poke|p2|Meganium, L50, M|\n|poke|p2|Talonflame, L50, F|\n|teampreview|4\nnamboyVGC has agreed to open team sheets.\n|\n|t:|1775924345\n|teamsize|p1|4\n|teamsize|p2|4\n|start\n|switch|p1a: Glimmora|Glimmora, L50, M|100/100\n|switch|p1b: Aegislash|Aegislash, L50, M|100/100\n|switch|p2a: Alakazam|Alakazam, L50, M|100/100\n|switch|p2b: Meowstic|Meowstic, L50, M|100/100\n|turn|1\n|\n|t:|1775924358\n|detailschange|p2a: Alakazam|Alakazam-Mega, L50, M\n|-mega|p2a: Alakazam|Alakazam|Alakazite\n|-ability|p2a: Alakazam|Toxic Debris|Trace|[from] ability: Trace|[of] p1a: Glimmora\n|detailschange|p1a: Glimmora|Glimmora-Mega, L50, M\n|-mega|p1a: Glimmora|Glimmora|Glimmoranite\n|move|p2b: Meowstic|Psychic Terrain|p2b: Meowstic\n|-fieldstart|move: Psychic Terrain\n|move|p2a: Alakazam|Expanding Force|p1a: Glimmora|[spread] p1a,p1b\n|-supereffective|p1a: Glimmora|1\n|-resisted|p1b: Aegislash|1\n|-damage|p1a: Glimmora|0 fnt\n|-damage|p1b: Aegislash|70/100\n|faint|p1a: Glimmora\n|-formechange|p1b: Aegislash|Aegislash-Blade|\n|move|p1b: Aegislash|Shadow Claw|p2a: Alakazam\n|-supereffective|p2a: Alakazam|1\n|-crit|p2a: Alakazam\n|-damage|p2a: Alakazam|0 fnt\n|-activate|p2a: Alakazam|ability: Toxic Debris\n|-sidestart|p1: kapieelektross|move: Toxic Spikes\n|faint|p2a: Alakazam\n|\n|upkeep\n|\n|t:|1775924380\n|switch|p2a: Basculegion|Basculegion, L50, M|100/100\n|switch|p1a: Altaria|Altaria, L50, M|100/100\n|-ability|p1a: Altaria|Cloud Nine\n|turn|2\n|\n|t:|1775924396\n|move|p2a: Basculegion|Last Respects|p1a: Altaria\n|-damage|p1a: Altaria|40/100\n|move|p2b: Meowstic|Expanding Force|p1b: Aegislash|[spread] p1a,p1b\n|-resisted|p1b: Aegislash|1\n|-damage|p1a: Altaria|7/100\n|-damage|p1b: Aegislash|38/100\n|-enditem|p1b: Aegislash|Sitrus Berry|[eat]\n|-heal|p1b: Aegislash|62/100|[from] item: Sitrus Berry\n|move|p1a: Altaria|Cotton Guard|p1a: Altaria\n|-boost|p1a: Altaria|def|3\n|move|p1b: Aegislash|Shadow Claw|p2a: Basculegion\n|-supereffective|p2a: Basculegion|1\n|-damage|p2a: Basculegion|0 fnt\n|faint|p2a: Basculegion\n|\n|upkeep\n|\n|t:|1775924412\n|switch|p2a: Archaludon|Archaludon, L50, F|100/100\n|turn|3\n|\n|t:|1775924426\n|move|p2a: Archaludon|Electro Shot||[still]\n|-prepare|p2a: Archaludon|Electro Shot\n|-boost|p2a: Archaludon|spa|1\n|move|p2b: Meowstic|Expanding Force|p1b: Aegislash|[spread] p1a,p1b\n|-resisted|p1b: Aegislash|1\n|-damage|p1a: Altaria|0 fnt\n|-damage|p1b: Aegislash|33/100\n|faint|p1a: Altaria\n|move|p1b: Aegislash|Sacred Sword|p2a: Archaludon\n|-supereffective|p2a: Archaludon|1\n|-damage|p2a: Archaludon|40/100\n|-ability|p2a: Archaludon|Stamina|boost\n|-boost|p2a: Archaludon|def|1\n|\n|-heal|p2a: Archaludon|45/100|[from] item: Leftovers\n|upkeep\n|\n|t:|1775924437\n|switch|p1a: Rotom|Rotom-Wash, L50|100/100\n|turn|4\n|\n|t:|1775924446\n|move|p2a: Archaludon|Electro Shot|p1b: Aegislash|[from] lockedmove\n|-damage|p1b: Aegislash|0 fnt\n|faint|p1b: Aegislash\n|move|p2b: Meowstic|Expanding Force|p1a: Rotom\n|-damage|p1a: Rotom|52/100\n|move|p1a: Rotom|Hydro Pump|p2b: Meowstic|[miss]\n|-miss|p1a: Rotom|p2b: Meowstic\n|\n|-heal|p2a: Archaludon|51/100|[from] item: Leftovers\n|upkeep\n|turn|5\n|\n|t:|1775924466\n|move|p2a: Archaludon|Dragon Pulse|p1a: Rotom\n|-damage|p1a: Rotom|0 fnt\n|faint|p1a: Rotom\n|\n|win|namboyVGC\n|raw|kapieelektross's rating: 1075 &rarr; <strong>1052</strong><br />(-23 for losing)\n|raw|namboyVGC's rating: 1048 &rarr; <strong>1083</strong><br />(+35 for winning)\n",
  "uploadtime": 1775924466,
  "views": 10,
  "formatid": "gen9championsvgc2026regma",
  "rating": 1052,
  "private": 0,
  "password": null
}