{
  "id": "gen9championsvgc2026regma-2585195733",
  "format": "[Gen 9 Champions] VGC 2026 Reg M-A",
  "players": [
    "Gabpsy",
    "CEExy"
  ],
  "log": "|j|\u2606Gabpsy\n|j|\u2606CEExy\n|t:|1776323643\n|gametype|doubles\n|player|p1|Gabpsy|psychic-gen4|1089\n|player|p2|CEExy|hilbert|1067\n|gen|9\n|tier|[Gen 9 Champions] VGC 2026 Reg M-A\n|rated|\n|rule|Species Clause: Limit one of each Pok\u00e9mon\n|rule|Item Clause: Limit 1 of each item\n|clearpoke\n|poke|p1|Pelipper, L50, F|\n|poke|p1|Basculegion, L50, M|\n|poke|p1|Froslass, L50, F|\n|poke|p1|Floette-Eternal, L50, F|\n|poke|p1|Snorlax, L50, M|\n|poke|p1|Dragonite, L50, M|\n|poke|p2|Floette-Eternal, L50, F|\n|poke|p2|Talonflame, L50, M|\n|poke|p2|Sinistcha-Masterpiece, L50|\n|poke|p2|Kingambit, L50, F|\n|poke|p2|Heliolisk, L50, F|\n|poke|p2|Arcanine-Hisui, L50, M|\n|teampreview|4\n|inactive|Battle timer is ON: inactive players will automatically lose when time's up. (requested by Gabpsy)\n|inactive|CEExy has 60 seconds left.\n|\n|t:|1776323679\n|teamsize|p1|4\n|teamsize|p2|4\n|start\n|switch|p1a: Snorlax|Snorlax, L50, M|100/100\n|switch|p1b: Dragonite|Dragonite, L50, M|100/100\n|switch|p2a: Talonflame|Talonflame, L50, M, shiny|100/100\n|switch|p2b: Floette|Floette-Eternal, L50, F|100/100\n|turn|1\n|\n|t:|1776323695\n|detailschange|p2b: Floette|Floette-Mega, L50, F\n|-mega|p2b: Floette|Floette|Floettite\n|-ability|p2b: Floette|Fairy Aura\n|move|p2a: Talonflame|Will-O-Wisp|p1a: Snorlax|[miss]\n|-miss|p2a: Talonflame|p1a: Snorlax\n|move|p2b: Floette|Dazzling Gleam|p1b: Dragonite|[spread] p1a,p1b\n|-supereffective|p1b: Dragonite|1\n|-damage|p1a: Snorlax|73/100\n|-damage|p1b: Dragonite|52/100\n|move|p1b: Dragonite|Tailwind|p1b: Dragonite\n|-sidestart|p1: Gabpsy|move: Tailwind\n|move|p1a: Snorlax|Curse|p1a: Snorlax\n|-unboost|p1a: Snorlax|spe|1\n|-boost|p1a: Snorlax|atk|1\n|-boost|p1a: Snorlax|def|1\n|\n|upkeep\n|turn|2\n|inactive|Gabpsy has 30 seconds left.\n|\n|t:|1776323722\n|move|p1b: Dragonite|Dragon Pulse|p2a: Talonflame\n|-damage|p2a: Talonflame|53/100\n|move|p2a: Talonflame|Will-O-Wisp|p1a: Snorlax\n|-status|p1a: Snorlax|brn\n|move|p2b: Floette|Dazzling Gleam|p1b: Dragonite|[spread] p1a,p1b\n|-supereffective|p1b: Dragonite|1\n|-damage|p1a: Snorlax|44/100 brn\n|-damage|p1b: Dragonite|0 fnt\n|-enditem|p1a: Snorlax|Sitrus Berry|[eat]\n|-heal|p1a: Snorlax|69/100 brn|[from] item: Sitrus Berry\n|faint|p1b: Dragonite\n|move|p1a: Snorlax|Body Slam|p2b: Floette\n|-damage|p2b: Floette|74/100\n|\n|-damage|p1a: Snorlax|63/100 brn|[from] brn\n|upkeep\n|\n|t:|1776323740\n|switch|p1b: Basculegion|Basculegion, L50, M|100/100\n|turn|3\n|\n|t:|1776323763\n|switch|p2a: Heliolisk|Heliolisk, L50, F|100/100\n|switch|p2b: Kingambit|Kingambit, L50, F|100/100\n|move|p1b: Basculegion|Wave Crash|p2b: Kingambit\n|-damage|p2b: Kingambit|54/100\n|-damage|p1b: Basculegion|85/100|[from] Recoil\n|move|p1a: Snorlax|Body Slam|p2a: Heliolisk\n|-damage|p2a: Heliolisk|51/100\n|\n|-damage|p1a: Snorlax|57/100 brn|[from] brn\n|upkeep\n|turn|4\n|\n|t:|1776323783\n|move|p2a: Heliolisk|Protect|p2a: Heliolisk\n|-singleturn|p2a: Heliolisk|Protect\n|move|p2b: Kingambit|Protect|p2b: Kingambit\n|-singleturn|p2b: Kingambit|Protect\n|move|p1b: Basculegion|Wave Crash|p2a: Heliolisk\n|-activate|p2a: Heliolisk|move: Protect\n|move|p1a: Snorlax|Body Slam|p2b: Kingambit\n|-activate|p2b: Kingambit|move: Protect\n|\n|-damage|p1a: Snorlax|51/100 brn|[from] brn\n|-sideend|p1: Gabpsy|move: Tailwind\n|upkeep\n|turn|5\n|\n|t:|1776323799\n|switch|p2a: Talonflame|Talonflame, L50, M, shiny|53/100\n|move|p2b: Kingambit|Sucker Punch|p1b: Basculegion\n|-supereffective|p1b: Basculegion|1\n|-damage|p1b: Basculegion|0 fnt\n|faint|p1b: Basculegion\n|move|p1a: Snorlax|Body Slam|p2b: Kingambit\n|-resisted|p2b: Kingambit|1\n|-damage|p2b: Kingambit|45/100\n|\n|-damage|p1a: Snorlax|45/100 brn|[from] brn\n|upkeep\n|\n|t:|1776323809\n|switch|p1b: Froslass|Froslass, L50, F|100/100\n|turn|6\n|\n|t:|1776323821\n|detailschange|p1b: Froslass|Froslass-Mega, L50, F\n|-mega|p1b: Froslass|Froslass|Froslassite\n|-weather|Snowscape|[from] ability: Snow Warning|[of] p1b: Froslass\n|move|p2a: Talonflame|Tailwind|p2a: Talonflame\n|-sidestart|p2: CEExy|move: Tailwind\n|move|p1b: Froslass|Blizzard|p2b: Kingambit|[spread] p2a,p2b\n|-resisted|p2b: Kingambit|1\n|-damage|p2a: Talonflame|0 fnt\n|-damage|p2b: Kingambit|19/100\n|faint|p2a: Talonflame\n|move|p2b: Kingambit|Kowtow Cleave|p1b: Froslass\n|-supereffective|p1b: Froslass|1\n|-damage|p1b: Froslass|0 fnt\n|faint|p1b: Froslass\n|move|p1a: Snorlax|Body Slam|p2b: Kingambit\n|-resisted|p2b: Kingambit|1\n|-damage|p2b: Kingambit|9/100\n|\n|-weather|Snowscape|[upkeep]\n|-damage|p1a: Snorlax|39/100 brn|[from] brn\n|upkeep\n|\n|t:|1776323833\n|switch|p2a: Floette|Floette-Mega, L50, F|74/100\n|-ability|p2a: Floette|Fairy Aura\n|turn|7\n|\n|t:|1776323837\n|move|p2a: Floette|Moonblast|p1a: Snorlax\n|-damage|p1a: Snorlax|0 fnt\n|faint|p1a: Snorlax\n|\n|win|CEExy\n|raw|Gabpsy's rating: 1089 &rarr; <strong>1064</strong><br />(-25 for losing)\n|raw|CEExy's rating: 1067 &rarr; <strong>1099</strong><br />(+32 for winning)\n|l|\u2606Gabpsy\n|player|p1|\n",
  "uploadtime": 1776323842,
  "views": 17,
  "formatid": "gen9championsvgc2026regma",
  "rating": 1064,
  "private": 0,
  "password": null
}