{
  "id": "gen9championsvgc2026regma-2581235980",
  "format": "[Gen 9 Champions] VGC 2026 Reg M-A",
  "players": [
    "Wo0oorthy",
    "xRAIOOx"
  ],
  "log": "|j|\u2606Wo0oorthy\n|j|\u2606xRAIOOx\n|t:|1775974383\n|gametype|doubles\n|player|p1|Wo0oorthy|dawn-gen4pt|1069\n|player|p2|xRAIOOx|hiker-gen4|1050\n|gen|9\n|tier|[Gen 9 Champions] VGC 2026 Reg M-A\n|rated|\n|rule|Species Clause: Limit one of each Pok\u00e9mon\n|rule|Item Clause: Limit 1 of each item\n|clearpoke\n|poke|p1|Aegislash, L50, F|\n|poke|p1|Mamoswine, L50, F|\n|poke|p1|Milotic, L50, F|\n|poke|p1|Arcanine-Hisui, L50, M|\n|poke|p1|Maushold-Four, L50|\n|poke|p1|Meganium, L50, F|\n|poke|p2|Aggron, L50, M|\n|poke|p2|Farigiraf, L50, F|\n|poke|p2|Crabominable, L50, M|\n|poke|p2|Incineroar, L50, M|\n|poke|p2|Goodra-Hisui, L50, F|\n|poke|p2|Klefki, L50, M|\n|teampreview|4\n|inactive|Battle timer is ON: inactive players will automatically lose when time's up. (requested by xRAIOOx)\n|inactive|Wo0oorthy has 60 seconds left.\n|\n|t:|1775974417\n|teamsize|p1|4\n|teamsize|p2|4\n|start\n|switch|p1a: Milotic|Milotic, L50, F|100/100\n|switch|p1b: Arcanine|Arcanine-Hisui, L50, M|100/100\n|switch|p2a: Farigiraf|Farigiraf, L50, F|100/100\n|switch|p2b: Goodra|Goodra-Hisui, L50, F|100/100\n|-ability|p1b: Arcanine|Intimidate|boost\n|-unboost|p2a: Farigiraf|atk|1\n|-unboost|p2b: Goodra|atk|1\n|turn|1\n|\n|t:|1775974441\n|move|p1a: Milotic|Ice Beam|p2a: Farigiraf\n|-damage|p2a: Farigiraf|80/100\n|move|p1b: Arcanine|Close Combat|p2b: Goodra\n|-supereffective|p2b: Goodra|1\n|-damage|p2b: Goodra|23/100\n|-unboost|p1b: Arcanine|def|1\n|-unboost|p1b: Arcanine|spd|1\n|-enditem|p1b: Arcanine|White Herb\n|-clearnegativeboost|p1b: Arcanine|[silent]\n|move|p2b: Goodra|Muddy Water|p1b: Arcanine|[spread] p1a,p1b\n|-resisted|p1a: Milotic|1\n|-supereffective|p1b: Arcanine|2\n|-damage|p1a: Milotic|91/100\n|-damage|p1b: Arcanine|0 fnt\n|-unboost|p1a: Milotic|accuracy|1\n|-ability|p1a: Milotic|Competitive|boost\n|-boost|p1a: Milotic|spa|2\n|faint|p1b: Arcanine\n|move|p2a: Farigiraf|Trick Room|p2a: Farigiraf\n|-fieldstart|move: Trick Room|[of] p2a: Farigiraf\n|\n|-heal|p2a: Farigiraf|86/100|[from] item: Leftovers\n|-heal|p1a: Milotic|97/100|[from] item: Leftovers\n|upkeep\n|inactive|Wo0oorthy has 30 seconds left.\n|inactive|Wo0oorthy has 20 seconds left.\n|\n|t:|1775974476\n|switch|p1b: Aegislash|Aegislash, L50, F|100/100\n|turn|2\n|\n|t:|1775974487\n|move|p2a: Farigiraf|Helping Hand|p2b: Goodra\n|-singleturn|p2b: Goodra|Helping Hand|[of] p2a: Farigiraf\n|-formechange|p1b: Aegislash|Aegislash-Blade|\n|move|p1b: Aegislash|Shadow Sneak||[still]\n|cant|p2a: Farigiraf|ability: Armor Tail|Shadow Sneak|[of] p1b: Aegislash\n|move|p2b: Goodra|Draco Meteor|p1a: Milotic\n|-damage|p1a: Milotic|19/100\n|-unboost|p2b: Goodra|spa|2\n|move|p1a: Milotic|Scald|p2a: Farigiraf|[miss]\n|-miss|p1a: Milotic|p2a: Farigiraf\n|\n|-heal|p2a: Farigiraf|93/100|[from] item: Leftovers\n|-heal|p1a: Milotic|25/100|[from] item: Leftovers\n|upkeep\n|turn|3\n|\n|t:|1775974505\n|move|p2a: Farigiraf|Helping Hand|p2b: Goodra\n|-singleturn|p2b: Goodra|Helping Hand|[of] p2a: Farigiraf\n|move|p1a: Milotic|Protect|p1a: Milotic\n|-singleturn|p1a: Milotic|Protect\n|move|p2b: Goodra|Draco Meteor|p1a: Milotic\n|-activate|p1a: Milotic|move: Protect\n|move|p1b: Aegislash|Shadow Claw|p2b: Goodra\n|-damage|p2b: Goodra|0 fnt\n|faint|p2b: Goodra\n|\n|-heal|p2a: Farigiraf|99/100|[from] item: Leftovers\n|-heal|p1a: Milotic|31/100|[from] item: Leftovers\n|upkeep\n|\n|t:|1775974511\n|switch|p2b: Aggron|Aggron, L50, M|100/100\n|turn|4\n|inactive|Wo0oorthy has 30 seconds left.\n|\n|t:|1775974540\n|detailschange|p2b: Aggron|Aggron-Mega, L50, M\n|-mega|p2b: Aggron|Aggron|Aggronite\n|move|p2b: Aggron|Body Press|p1a: Milotic\n|-damage|p1a: Milotic|0 fnt\n|faint|p1a: Milotic\n|move|p2a: Farigiraf|Hyper Voice|p1b: Aegislash\n|-immune|p1b: Aegislash\n|move|p1b: Aegislash|Shadow Claw|p2b: Aggron\n|-crit|p2b: Aggron\n|-damage|p2b: Aggron|68/100\n|\n|-heal|p2a: Farigiraf|100/100|[from] item: Leftovers\n|upkeep\n|\n|t:|1775974552\n|switch|p1a: Mamoswine|Mamoswine, L50, F|100/100\n|turn|5\n|\n|t:|1775974557\n|-formechange|p1b: Aegislash|Aegislash|\n|move|p1b: Aegislash|King's Shield|p1b: Aegislash\n|-singleturn|p1b: Aegislash|Protect\n|move|p2a: Farigiraf|Ally Switch|p2a: Farigiraf\n|swap|p2a: Farigiraf|1|[from] move: Ally Switch\n|move|p2a: Aggron|Iron Defense|p2a: Aggron\n|-boost|p2a: Aggron|def|2\n|move|p1a: Mamoswine|Earthquake|p2a: Aggron|[spread] p2a,p2b\n|-activate|p1b: Aegislash|move: Protect\n|-supereffective|p2a: Aggron|1\n|-damage|p2a: Aggron|54/100\n|-damage|p2b: Farigiraf|60/100\n|\n|-heal|p2b: Farigiraf|66/100|[from] item: Leftovers\n|-fieldend|move: Trick Room\n|upkeep\n|turn|6\n|\n|t:|1775974581\n|move|p1a: Mamoswine|Icicle Spear|p2b: Farigiraf\n|-damage|p2b: Farigiraf|50/100\n|-damage|p2b: Farigiraf|33/100\n|-damage|p2b: Farigiraf|17/100\n|-hitcount|p2b: Farigiraf|3\n|-formechange|p1b: Aegislash|Aegislash-Blade|\n|move|p1b: Aegislash|Shadow Claw|p2a: Aggron\n|-damage|p2a: Aggron|44/100\n|move|p2a: Aggron|Iron Defense|p2a: Aggron\n|-boost|p2a: Aggron|def|2\n|move|p2b: Farigiraf|Trick Room|p2b: Farigiraf\n|-fieldstart|move: Trick Room|[of] p2b: Farigiraf\n|\n|-heal|p2b: Farigiraf|23/100|[from] item: Leftovers\n|upkeep\n|turn|7\n|\n|t:|1775974596\n|switch|p2b: Incineroar|Incineroar, L50, M|100/100\n|-ability|p2b: Incineroar|Intimidate|boost\n|-fail|p1a: Mamoswine|unboost|Attack|[from] ability: Oblivious|[of] p1a: Mamoswine\n|-unboost|p1b: Aegislash|atk|1\n|-formechange|p1b: Aegislash|Aegislash|\n|move|p1b: Aegislash|King's Shield|p1b: Aegislash\n|-singleturn|p1b: Aegislash|Protect\n|move|p2a: Aggron|Rest|p2a: Aggron\n|-status|p2a: Aggron|slp|[from] move: Rest\n|-heal|p2a: Aggron|100/100 slp|[silent]\n|move|p1a: Mamoswine|Earthquake|p2b: Incineroar|[spread] p2a,p2b\n|-activate|p1b: Aegislash|move: Protect\n|-supereffective|p2a: Aggron|1\n|-supereffective|p2b: Incineroar|1\n|-damage|p2a: Aggron|90/100 slp\n|-damage|p2b: Incineroar|50/100\n|\n|upkeep\n|turn|8\n|inactive|Wo0oorthy has 30 seconds left.\n|\n|t:|1775974625\n|move|p1b: Aegislash|King's Shield||[still]\n|-fail|p1b: Aegislash\n|move|p2b: Incineroar|Fake Out|p1a: Mamoswine\n|-damage|p1a: Mamoswine|90/100\n|cant|p2a: Aggron|slp\n|cant|p1a: Mamoswine|flinch\n|\n|upkeep\n|turn|9\n|\n|t:|1775974638\n|move|p1b: Aegislash|King's Shield|p1b: Aegislash\n|-singleturn|p1b: Aegislash|Protect\n|cant|p2a: Aggron|slp\n|move|p2b: Incineroar|Flare Blitz|p1b: Aegislash\n|-activate|p1b: Aegislash|move: Protect\n|-unboost|p2b: Incineroar|atk|1\n|move|p1a: Mamoswine|Earthquake|p2b: Incineroar|[spread] p2a,p2b\n|-activate|p1b: Aegislash|move: Protect\n|-supereffective|p2a: Aggron|1\n|-supereffective|p2b: Incineroar|1\n|-crit|p2b: Incineroar\n|-damage|p2a: Aggron|80/100 slp\n|-damage|p2b: Incineroar|0 fnt\n|faint|p2b: Incineroar\n|\n|upkeep\n|\n|t:|1775974641\n|switch|p2b: Farigiraf|Farigiraf, L50, F|23/100\n|turn|10\n|\n|t:|1775974656\n|move|p1a: Mamoswine|Protect|p1a: Mamoswine\n|-singleturn|p1a: Mamoswine|Protect\n|move|p2b: Farigiraf|Ally Switch|p2b: Farigiraf\n|swap|p2b: Farigiraf|0|[from] move: Ally Switch\n|-curestatus|p2b: Aggron|slp|[msg]\n|move|p2b: Aggron|Body Press|p1a: Mamoswine\n|-activate|p1a: Mamoswine|move: Protect\n|-formechange|p1b: Aegislash|Aegislash-Blade|\n|move|p1b: Aegislash|Iron Head|p2b: Aggron\n|-resisted|p2b: Aggron|1\n|-damage|p2b: Aggron|77/100\n|\n|-heal|p2a: Farigiraf|29/100|[from] item: Leftovers\n|-fieldend|move: Trick Room\n|upkeep\n|turn|11\n|\n|t:|1775974677\n|move|p2a: Farigiraf|Helping Hand|p2b: Aggron\n|-singleturn|p2b: Aggron|Helping Hand|[of] p2a: Farigiraf\n|-formechange|p1b: Aegislash|Aegislash|\n|move|p1b: Aegislash|King's Shield|p1b: Aegislash\n|-singleturn|p1b: Aegislash|Protect\n|move|p1a: Mamoswine|Earthquake|p2b: Aggron|[spread] p2a,p2b\n|-activate|p1b: Aegislash|move: Protect\n|-supereffective|p2b: Aggron|1\n|-damage|p2a: Farigiraf|0 fnt\n|-damage|p2b: Aggron|69/100\n|faint|p2a: Farigiraf\n|move|p2b: Aggron|Body Press|p1a: Mamoswine\n|-supereffective|p1a: Mamoswine|1\n|-damage|p1a: Mamoswine|0 fnt\n|faint|p1a: Mamoswine\n|\n|upkeep\n|turn|12\n|\n|t:|1775974695\n|-formechange|p1b: Aegislash|Aegislash-Blade|\n|move|p1b: Aegislash|Shadow Claw|p2b: Aggron\n|-crit|p2b: Aggron\n|-damage|p2b: Aggron|38/100\n|move|p2b: Aggron|Iron Defense|p2b: Aggron\n|-boost|p2b: Aggron|def|2\n|\n|upkeep\n|turn|13\n|\n|t:|1775974703\n|move|p1b: Aegislash|Shadow Claw|p2b: Aggron\n|-crit|p2b: Aggron\n|-damage|p2b: Aggron|7/100\n|move|p2b: Aggron|Rest|p2b: Aggron\n|-status|p2b: Aggron|slp|[from] move: Rest\n|-heal|p2b: Aggron|100/100 slp|[silent]\n|\n|upkeep\n|turn|14\n|\n|t:|1775974712\n|move|p1b: Aegislash|Shadow Claw|p2b: Aggron\n|-crit|p2b: Aggron\n|-damage|p2b: Aggron|68/100 slp\n|cant|p2b: Aggron|slp\n|\n|upkeep\n|turn|15\n|\n|t:|1775974718\n|move|p1b: Aegislash|Shadow Claw|p2b: Aggron\n|-damage|p2b: Aggron|64/100 slp\n|cant|p2b: Aggron|slp\n|\n|upkeep\n|turn|16\n|\n|t:|1775974724\n|move|p1b: Aegislash|Shadow Claw|p2b: Aggron\n|-crit|p2b: Aggron\n|-damage|p2b: Aggron|34/100 slp\n|-curestatus|p2b: Aggron|slp|[msg]\n|move|p2b: Aggron|Heavy Slam|p1b: Aegislash\n|-resisted|p1b: Aegislash|1\n|-damage|p1b: Aegislash|50/100\n|\n|upkeep\n|turn|17\n|\n|t:|1775974733\n|move|p1b: Aegislash|Shadow Claw|p2b: Aggron\n|-damage|p2b: Aggron|30/100\n|move|p2b: Aggron|Rest|p2b: Aggron\n|-status|p2b: Aggron|slp|[from] move: Rest\n|-heal|p2b: Aggron|100/100 slp|[silent]\n|\n|upkeep\n|turn|18\n|\n|t:|1775974742\n|move|p1b: Aegislash|Shadow Claw|p2b: Aggron\n|-crit|p2b: Aggron\n|-damage|p2b: Aggron|71/100 slp\n|cant|p2b: Aggron|slp\n|\n|upkeep\n|turn|19\n|\n|t:|1775974750\n|move|p1b: Aegislash|Shadow Claw|p2b: Aggron\n|-damage|p2b: Aggron|67/100 slp\n|cant|p2b: Aggron|slp\n|\n|upkeep\n|turn|20\n|\n|t:|1775974758\n|-formechange|p1b: Aegislash|Aegislash|\n|move|p1b: Aegislash|King's Shield|p1b: Aegislash\n|-singleturn|p1b: Aegislash|Protect\n|-curestatus|p2b: Aggron|slp|[msg]\n|move|p2b: Aggron|Heavy Slam|p1b: Aegislash\n|-activate|p1b: Aegislash|move: Protect\n|-unboost|p2b: Aggron|atk|1\n|\n|upkeep\n|turn|21\n|\n|t:|1775974767\n|-formechange|p1b: Aegislash|Aegislash-Blade|\n|move|p1b: Aegislash|Shadow Claw|p2b: Aggron\n|-damage|p2b: Aggron|63/100\n|move|p2b: Aggron|Iron Defense|p2b: Aggron\n|-boost|p2b: Aggron|def|0\n|\n|upkeep\n|turn|22\n|\n|t:|1775974774\n|move|p1b: Aegislash|Shadow Claw|p2b: Aggron\n|-crit|p2b: Aggron\n|-damage|p2b: Aggron|32/100\n|move|p2b: Aggron|Rest|p2b: Aggron\n|-status|p2b: Aggron|slp|[from] move: Rest\n|-heal|p2b: Aggron|100/100 slp|[silent]\n|\n|upkeep\n|turn|23\n|\n|t:|1775974790\n|move|p1b: Aegislash|Shadow Claw|p2b: Aggron\n|-crit|p2b: Aggron\n|-damage|p2b: Aggron|68/100 slp\n|cant|p2b: Aggron|slp\n|\n|upkeep\n|turn|24\n|\n|t:|1775974796\n|move|p1b: Aegislash|Shadow Claw|p2b: Aggron\n|-damage|p2b: Aggron|64/100 slp\n|cant|p2b: Aggron|slp\n|\n|upkeep\n|turn|25\n|\n|t:|1775974804\n|-formechange|p1b: Aegislash|Aegislash|\n|move|p1b: Aegislash|King's Shield|p1b: Aegislash\n|-singleturn|p1b: Aegislash|Protect\n|-curestatus|p2b: Aggron|slp|[msg]\n|move|p2b: Aggron|Heavy Slam|p1b: Aegislash\n|-activate|p1b: Aegislash|move: Protect\n|-unboost|p2b: Aggron|atk|1\n|\n|upkeep\n|turn|26\n|\n|t:|1775974814\n|-formechange|p1b: Aegislash|Aegislash-Blade|\n|move|p1b: Aegislash|Shadow Sneak|p2b: Aggron\n|-damage|p2b: Aggron|62/100\n|move|p2b: Aggron|Iron Defense|p2b: Aggron\n|-boost|p2b: Aggron|def|0\n|\n|upkeep\n|turn|27\n|\n|t:|1775974823\n|move|p1b: Aegislash|Iron Head|p2b: Aggron\n|-resisted|p2b: Aggron|1\n|-damage|p2b: Aggron|60/100\n|move|p2b: Aggron|Heavy Slam|p1b: Aegislash\n|-resisted|p1b: Aegislash|1\n|-damage|p1b: Aegislash|23/100\n|\n|upkeep\n|turn|28\n|\n|t:|1775974830\n|-formechange|p1b: Aegislash|Aegislash|\n|move|p1b: Aegislash|King's Shield|p1b: Aegislash\n|-singleturn|p1b: Aegislash|Protect\n|move|p2b: Aggron|Heavy Slam|p1b: Aegislash\n|-activate|p1b: Aegislash|move: Protect\n|-unboost|p2b: Aggron|atk|1\n|\n|upkeep\n|turn|29\n|\n|t:|1775974839\n|-formechange|p1b: Aegislash|Aegislash-Blade|\n|move|p1b: Aegislash|Shadow Claw|p2b: Aggron\n|-crit|p2b: Aggron\n|-damage|p2b: Aggron|27/100\n|move|p2b: Aggron|Heavy Slam|p1b: Aegislash\n|-resisted|p1b: Aegislash|1\n|-damage|p1b: Aegislash|3/100\n|\n|upkeep\n|turn|30\n|\n|t:|1775974847\n|move|p1b: Aegislash|Shadow Sneak|p2b: Aggron\n|-damage|p2b: Aggron|25/100\n|move|p2b: Aggron|Heavy Slam|p1b: Aegislash\n|-resisted|p1b: Aegislash|1\n|-damage|p1b: Aegislash|0 fnt\n|faint|p1b: Aegislash\n|\n|win|xRAIOOx\n|raw|Wo0oorthy's rating: 1069 &rarr; <strong>1048</strong><br />(-21 for losing)\n|raw|xRAIOOx's rating: 1050 &rarr; <strong>1084</strong><br />(+34 for winning)\n|l|\u2606Wo0oorthy\n|player|p1|\n",
  "uploadtime": 1775974858,
  "views": 28,
  "formatid": "gen9championsvgc2026regma",
  "rating": 1048,
  "private": 0,
  "password": null
}