{
  "id": "gen9championsvgc2026regma-2582738958",
  "format": "[Gen 9 Champions] VGC 2026 Reg M-A",
  "players": [
    "Ijustteststrats",
    "shin-tv07"
  ],
  "log": "|j|\u2606Ijustteststrats\n|j|\u2606shin-tv07\n|t:|1776110738\n|gametype|doubles\n|player|p1|Ijustteststrats|swimmer-gen4dp|1027\n|player|p2|shin-tv07|twins-gen4dp|1116\n|gen|9\n|tier|[Gen 9 Champions] VGC 2026 Reg M-A\n|rated|\n|rule|Species Clause: Limit one of each Pok\u00e9mon\n|rule|Item Clause: Limit 1 of each item\n|clearpoke\n|poke|p1|Goodra-Hisui, L50, M|\n|poke|p1|Archaludon, L50, F|\n|poke|p1|Pelipper, L50, M|\n|poke|p1|Sinistcha, L50|\n|poke|p1|Basculegion, L50, M|\n|poke|p1|Raichu, L50, F|\n|poke|p2|Sneasler, L50, M|\n|poke|p2|Kingambit, L50, F|\n|poke|p2|Clefable, L50, F|\n|poke|p2|Delphox, L50, M|\n|poke|p2|Dragonite, L50, F|\n|poke|p2|Basculegion, L50, M|\n|teampreview|4\n|\n|t:|1776110763\n|teamsize|p1|4\n|teamsize|p2|4\n|start\n|switch|p1a: Pelipper|Pelipper, L50, M|100/100\n|switch|p1b: Basculegion|Basculegion, L50, M|100/100\n|switch|p2a: Sneasler|Sneasler, L50, M|100/100\n|switch|p2b: Delphox|Delphox, L50, M|100/100\n|-weather|RainDance|[from] ability: Drizzle|[of] p1a: Pelipper\n|turn|1\n|\n|t:|1776110791\n|switch|p2b: Kingambit|Kingambit, L50, F|100/100\n|move|p1a: Pelipper|Helping Hand|p1b: Basculegion\n|-singleturn|p1b: Basculegion|Helping Hand|[of] p1a: Pelipper\n|move|p2a: Sneasler|Fake Out|p1a: Pelipper\n|-damage|p1a: Pelipper|82/100\n|move|p1b: Basculegion|Flip Turn|p2b: Kingambit\n|-damage|p2b: Kingambit|43/100\n|\n|t:|1776110803\n|switch|p1b: Goodra|Goodra-Hisui, L50, M|100/100|[from] Flip Turn\n|\n|-weather|RainDance|[upkeep]\n|upkeep\n|turn|2\n|-activate|p1b: Goodra|item: Quick Claw\n|\n|t:|1776110821\n|move|p1a: Pelipper|Helping Hand|p1b: Goodra\n|-singleturn|p1b: Goodra|Helping Hand|[of] p1a: Pelipper\n|move|p1b: Goodra|Hydro Pump|p2a: Sneasler\n|-damage|p2a: Sneasler|22/100\n|move|p2a: Sneasler|Close Combat|p1b: Goodra\n|-supereffective|p1b: Goodra|1\n|-damage|p1b: Goodra|0 fnt\n|-unboost|p2a: Sneasler|def|1\n|-unboost|p2a: Sneasler|spd|1\n|faint|p1b: Goodra\n|move|p2b: Kingambit|Kowtow Cleave|p1a: Pelipper\n|-damage|p1a: Pelipper|10/100\n|\n|-weather|RainDance|[upkeep]\n|upkeep\n|\n|t:|1776110838\n|switch|p1b: Basculegion|Basculegion, L50, M|100/100\n|turn|3\n|\n|t:|1776110860\n|move|p1a: Pelipper|Helping Hand|p1b: Basculegion\n|-singleturn|p1b: Basculegion|Helping Hand|[of] p1a: Pelipper\n|move|p2b: Kingambit|Sucker Punch|p1b: Basculegion\n|-supereffective|p1b: Basculegion|1\n|-enditem|p1b: Basculegion|Focus Sash\n|-damage|p1b: Basculegion|1/100\n|move|p1b: Basculegion|Flip Turn|p2b: Kingambit\n|-damage|p2b: Kingambit|0 fnt\n|faint|p2b: Kingambit\n|\n|t:|1776110869\n|switch|p1b: Raichu|Raichu, L50, F|100/100|[from] Flip Turn\n|move|p2a: Sneasler|Dire Claw|p1a: Pelipper\n|-damage|p1a: Pelipper|0 fnt\n|faint|p1a: Pelipper\n|\n|-weather|RainDance|[upkeep]\n|upkeep\n|\n|t:|1776110877\n|switch|p1a: Basculegion|Basculegion, L50, M|1/100\n|switch|p2b: Delphox|Delphox, L50, M|100/100\n|turn|4\n|\n|t:|1776110904\n|move|p2a: Sneasler|Protect|p2a: Sneasler\n|-singleturn|p2a: Sneasler|Protect\n|move|p2b: Delphox|Protect|p2b: Delphox\n|-singleturn|p2b: Delphox|Protect\n|move|p1b: Raichu|Fake Out|p2b: Delphox\n|-activate|p2b: Delphox|move: Protect\n|move|p1a: Basculegion|Aqua Jet|p2a: Sneasler\n|-activate|p2a: Sneasler|move: Protect\n|\n|-weather|RainDance|[upkeep]\n|upkeep\n|turn|5\n|\n|t:|1776110947\n|switch|p2b: Basculegion|Basculegion, L50, M|100/100\n|move|p1a: Basculegion|Aqua Jet|p2a: Sneasler\n|-damage|p2a: Sneasler|0 fnt\n|faint|p2a: Sneasler\n|move|p1b: Raichu|Thunder|p2b: Basculegion\n|-supereffective|p2b: Basculegion|1\n|-damage|p2b: Basculegion|0 fnt\n|faint|p2b: Basculegion\n|\n|-weather|none\n|upkeep\n|\n|t:|1776110957\n|switch|p2a: Delphox|Delphox, L50, M|100/100\n|turn|6\n|\n|t:|1776110969\n|detailschange|p2a: Delphox|Delphox-Mega, L50, M\n|-mega|p2a: Delphox|Delphox|Delphoxite\n|move|p1a: Basculegion|Aqua Jet|p2a: Delphox\n|-supereffective|p2a: Delphox|1\n|-damage|p2a: Delphox|35/100\n|move|p2a: Delphox|Heat Wave|p1b: Raichu|[spread] p1a,p1b\n|-resisted|p1a: Basculegion|1\n|-damage|p1a: Basculegion|0 fnt\n|-damage|p1b: Raichu|32/100\n|faint|p1a: Basculegion\n|move|p1b: Raichu|Volt Switch|p2a: Delphox\n|-damage|p2a: Delphox|1/100\n|\n|upkeep\n|turn|7\n|\n|t:|1776110988\n|move|p2a: Delphox|Psychic|p1b: Raichu\n|-damage|p1b: Raichu|0 fnt\n|faint|p1b: Raichu\n|\n|win|shin-tv07\n|raw|Ijustteststrats's rating: 1027 &rarr; <strong>1016</strong><br />(-11 for losing)\n|raw|shin-tv07's rating: 1116 &rarr; <strong>1135</strong><br />(+19 for winning)\n|c|\u2606shin-tv07|gg\n|c|\u2606shin-tv07|lol\n|c|\u2606Ijustteststrats|gg\n",
  "uploadtime": 1776110997,
  "views": 14,
  "formatid": "gen9championsvgc2026regma",
  "rating": 1016,
  "private": 0,
  "password": null
}