{
  "id": "gen9championsvgc2026regma-2582084424",
  "format": "[Gen 9 Champions] VGC 2026 Reg M-A",
  "players": [
    "stardawm",
    "rorbert"
  ],
  "log": "|j|\u2606stardawm\n|j|\u2606rorbert\n|t:|1776055887\n|gametype|doubles\n|player|p1|stardawm|miku-fire|1085\n|player|p2|rorbert|grimsley|1126\n|gen|9\n|tier|[Gen 9 Champions] VGC 2026 Reg M-A\n|rated|\n|rule|Species Clause: Limit one of each Pok\u00e9mon\n|rule|Item Clause: Limit 1 of each item\n|clearpoke\n|poke|p1|Aerodactyl, L50, M|\n|poke|p1|Tyranitar, L50, F|\n|poke|p1|Drampa, L50, M|\n|poke|p1|Alakazam, L50, F|\n|poke|p1|Sinistcha, L50|\n|poke|p1|Sylveon, L50, M|\n|poke|p2|Floette-Eternal, L50, F|\n|poke|p2|Incineroar, L50, M|\n|poke|p2|Sinistcha, L50|\n|poke|p2|Rotom-Wash, L50|\n|poke|p2|Garchomp, L50, M|\n|poke|p2|Sneasler, L50, M|\n|teampreview|4\n|inactive|Battle timer is ON: inactive players will automatically lose when time's up. (requested by stardawm)\n|inactive|rorbert has 60 seconds left.\n|inactive|rorbert has 30 seconds left.\n|inactive|rorbert has 20 seconds left.\n|inactive|rorbert has 15 seconds left.\n|inactive|rorbert has 10 seconds left.\n|inactive|rorbert has 5 seconds left.\n|\n|t:|1776055976\n|teamsize|p1|4\n|teamsize|p2|4\n|start\n|switch|p1a: Alakazam|Alakazam, L50, F|100/100\n|switch|p1b: Sylveon|Sylveon, L50, M|100/100\n|switch|p2a: Incineroar|Incineroar, L50, M|100/100\n|switch|p2b: Floette|Floette-Eternal, L50, F|100/100\n|-ability|p2a: Incineroar|Intimidate|boost\n|-fail|p1a: Alakazam|unboost|Attack|[from] ability: Inner Focus|[of] p1a: Alakazam\n|-unboost|p1b: Sylveon|atk|1\n|turn|1\n|\n|t:|1776056000\n|detailschange|p2b: Floette|Floette-Mega, L50, F\n|-mega|p2b: Floette|Floette|Floettite\n|-ability|p2b: Floette|Fairy Aura\n|move|p1a: Alakazam|Speed Swap|p1b: Sylveon\n|-activate|p1a: Alakazam|move: Speed Swap|[of] p1b: Sylveon\n|move|p1b: Sylveon|Hyper Voice|p2a: Incineroar|[spread] p2a,p2b\n|-damage|p2a: Incineroar|36/100\n|-damage|p2b: Floette|46/100\n|move|p2b: Floette|Calm Mind|p2b: Floette\n|-boost|p2b: Floette|spa|1\n|-boost|p2b: Floette|spd|1\n|move|p2a: Incineroar|Darkest Lariat|p1a: Alakazam\n|-supereffective|p1a: Alakazam|1\n|-crit|p1a: Alakazam\n|-enditem|p1a: Alakazam|Focus Sash\n|-damage|p1a: Alakazam|1/100\n|\n|upkeep\n|turn|2\n|inactive|stardawm has 30 seconds left.\n|inactive|rorbert has 30 seconds left.\n|inactive|rorbert has 20 seconds left.\n|\n|t:|1776056037\n|move|p1b: Sylveon|Hyper Voice|p2a: Incineroar|[spread] p2a,p2b\n|-damage|p2a: Incineroar|0 fnt\n|-damage|p2b: Floette|8/100\n|faint|p2a: Incineroar\n|move|p2b: Floette|Dazzling Gleam|p1b: Sylveon|[spread] p1a,p1b\n|-damage|p1a: Alakazam|0 fnt\n|-damage|p1b: Sylveon|49/100\n|faint|p1a: Alakazam\n|\n|upkeep\n|\n|t:|1776056051\n|switch|p1a: Aerodactyl|Aerodactyl, L50, M|100/100\n|switch|p2a: Sneasler|Sneasler, L50, M|100/100\n|-ability|p1a: Aerodactyl|Pressure\n|-ability|p2a: Sneasler|Pressure\n|turn|3\n|inactive|rorbert has 30 seconds left.\n|inactive|rorbert has 20 seconds left.\n|inactive|rorbert has 15 seconds left.\n|inactive|rorbert has 10 seconds left.\n|inactive|rorbert has 5 seconds left.\n|\n|t:|1776056103\n|move|p1b: Sylveon|Protect|p1b: Sylveon\n|-singleturn|p1b: Sylveon|Protect\n|move|p1a: Aerodactyl|Protect|p1a: Aerodactyl\n|-singleturn|p1a: Aerodactyl|Protect\n|move|p2a: Sneasler|Fake Out|p1b: Sylveon\n|-activate|p1b: Sylveon|move: Protect\n|move|p2b: Floette|Dazzling Gleam|p1b: Sylveon|[spread] \n|-activate|p1a: Aerodactyl|move: Protect\n|-activate|p1b: Sylveon|move: Protect\n|\n|upkeep\n|turn|4\n|\n|t:|1776056120\n|switch|p2b: Garchomp|Garchomp, L50, M|100/100\n|detailschange|p1a: Aerodactyl|Aerodactyl-Mega, L50, M\n|-mega|p1a: Aerodactyl|Aerodactyl|Aerodactylite\n|move|p1a: Aerodactyl|Rock Slide|p2a: Sneasler|[spread] p2a,p2b\n|-resisted|p2a: Sneasler|1\n|-resisted|p2b: Garchomp|1\n|-damage|p2a: Sneasler|70/100\n|-damage|p2b: Garchomp|83/100\n|move|p1b: Sylveon|Hyper Voice|p2b: Garchomp|[spread] p2a,p2b\n|-crit|p2a: Sneasler\n|-supereffective|p2b: Garchomp|1\n|-damage|p2a: Sneasler|0 fnt\n|-damage|p2b: Garchomp|0 fnt\n|faint|p2a: Sneasler\n|faint|p2b: Garchomp\n|\n|upkeep\n|\n|t:|1776056134\n|switch|p2b: Floette|Floette-Mega, L50, F|8/100\n|-ability|p2b: Floette|Fairy Aura\n|turn|5\n|\n|t:|1776056145\n|move|p1b: Sylveon|Quick Attack|p2b: Floette\n|-damage|p2b: Floette|0 fnt\n|faint|p2b: Floette\n|\n|win|stardawm\n|raw|stardawm's rating: 1085 &rarr; <strong>1115</strong><br />(+30 for winning)\n|raw|rorbert's rating: 1126 &rarr; <strong>1098</strong><br />(-28 for losing)\n|c|\u2606rorbert|gg\n",
  "uploadtime": 1776056150,
  "views": 42,
  "formatid": "gen9championsvgc2026regma",
  "rating": 1098,
  "private": 0,
  "password": null
}