{
  "id": "gen9championsvgc2026regma-2581271960",
  "format": "[Gen 9 Champions] VGC 2026 Reg M-A",
  "players": [
    "platanopower420",
    "khungcanh"
  ],
  "log": "|j|\u2606platanopower420\n|j|\u2606khungcanh\n|t:|1775979431\n|gametype|doubles\n|player|p1|platanopower420|psychic-gen4|\n|player|p2|khungcanh|169|\n|gen|9\n|tier|[Gen 9 Champions] VGC 2026 Reg M-A\n|rated|Tournament battle\n|rule|Species Clause: Limit one of each Pok\u00e9mon\n|rule|Item Clause: Limit 1 of each item\n|clearpoke\n|poke|p1|Glimmora, L50, M|\n|poke|p1|Tyranitar, L50, M|\n|poke|p1|Excadrill, L50, F|\n|poke|p1|Sinistcha, L50|\n|poke|p1|Milotic, L50, F|\n|poke|p1|Corviknight, L50, M|\n|poke|p2|Charizard, L50, M|\n|poke|p2|Whimsicott, L50, F|\n|poke|p2|Garchomp, L50, F|\n|poke|p2|Incineroar, L50, F|\n|poke|p2|Sneasler, L50, M|\n|poke|p2|Venusaur, L50, M|\n|teampreview|4\n|inactive|Battle timer is ON: inactive players will automatically lose when time's up. (requested by platanopower420)\n|j| drwyz\nkhungcanh has agreed to open team sheets.\n|c|\u2606khungcanh|glhf\n|c|\u2606platanopower420|gl hf\nplatanopower420 has agreed to open team sheets.\n|showteam|p1|Glimmora||Glimmoranite|ToxicDebris|EarthPower,PowerGem,SludgeBomb,SpikyShield|||M|||50|]Tyranitar||ChopleBerry|SandStream|HighHorsepower,RockSlide,KnockOff,IcePunch|||M|||50|]Excadrill||FocusSash|SandRush|IronHead,HighHorsepower,RockSlide,Protect|||F|||50|]Sinistcha||LumBerry|Hospitality|MatchaGotcha,LifeDew,StrengthSap,RagePowder||||||50|]Milotic||SitrusBerry|Competitive|IcyWind,Scald,Recover,Protect|||F|||50|]Corviknight||Leftovers|MirrorArmor|BulkUp,BraveBird,BodyPress,Roost|||M|||50|\n|showteam|p2|Charizard||CharizarditeY|SolarPower|HeatWave,SolarBeam,AirSlash,Protect|||M|||50|]Whimsicott||FocusSash|Prankster|Moonblast,Encore,Tailwind,SunnyDay|||F|||50|]Garchomp||ChoiceScarf|RoughSkin|Earthquake,StompingTantrum,DragonClaw,RockSlide|||F|||50|]Incineroar||SitrusBerry|Intimidate|FakeOut,PartingShot,Snarl,FlareBlitz|||F|||50|]Sneasler||WhiteHerb|Unburden|DireClaw,CloseCombat,FakeOut,Protect|||M|||50|]Venusaur||Leftovers|Chlorophyll|SleepPowder,GigaDrain,SludgeBomb,Protect|||M|||50|\n|j| gE1xjZRtuhW2DdT0AK\n|j| aurora ltd\n|j| Oskan05\n|l| Oskan05\n|l| drwyz\n|inactive|platanopower420 has 60 seconds left.\n|j| caramelpainn\n|j| uhhncertain\n|\n|t:|1775979483\n|teamsize|p1|4\n|teamsize|p2|4\n|start\n|switch|p1a: Glimmora|Glimmora, L50, M|100/100\n|switch|p1b: Milotic|Milotic, L50, F|100/100\n|switch|p2a: Whimsicott|Whimsicott, L50, F|100/100\n|switch|p2b: C\u1eafn C\u00e1p Wifi|Garchomp, L50, F|100/100\n|turn|1\n|\n|t:|1775979500\n|detailschange|p1a: Glimmora|Glimmora-Mega, L50, M\n|-mega|p1a: Glimmora|Glimmora|Glimmoranite\n|move|p1a: Glimmora|Spiky Shield|p1a: Glimmora\n|-singleturn|p1a: Glimmora|move: Protect\n|move|p2a: Whimsicott|Tailwind|p2a: Whimsicott\n|-sidestart|p2: khungcanh|move: Tailwind\n|move|p2b: C\u1eafn C\u00e1p Wifi|Earthquake|p1b: Milotic|[spread] p2a,p1b\n|-activate|p1a: Glimmora|move: Protect\n|-resisted|p2a: Whimsicott|1\n|-crit|p2a: Whimsicott\n|-damage|p2a: Whimsicott|60/100\n|-damage|p1b: Milotic|61/100\n|move|p1b: Milotic|Icy Wind|p2b: C\u1eafn C\u00e1p Wifi|[spread] p2a,p2b\n|-supereffective|p2a: Whimsicott|1\n|-supereffective|p2b: C\u1eafn C\u00e1p Wifi|2\n|-damage|p2a: Whimsicott|22/100\n|-damage|p2b: C\u1eafn C\u00e1p Wifi|51/100\n|-unboost|p2a: Whimsicott|spe|1\n|-unboost|p2b: C\u1eafn C\u00e1p Wifi|spe|1\n|\n|upkeep\n|turn|2\n|j| sahabatgomba^_^\n|\n|t:|1775979512\n|switch|p1a: Tyranitar|Tyranitar, L50, M|100/100\n|-weather|Sandstorm|[from] ability: Sand Stream|[of] p1a: Tyranitar\n|move|p2a: Whimsicott|Encore|p1a: Tyranitar\n|-hint|Since gen 7, Dark is immune to Prankster moves.\n|-immune|p1a: Tyranitar\n|move|p2b: C\u1eafn C\u00e1p Wifi|Earthquake|p1b: Milotic|[spread] p2a,p1a,p1b\n|-resisted|p2a: Whimsicott|1\n|-supereffective|p1a: Tyranitar|1\n|-damage|p2a: Whimsicott|0 fnt\n|-damage|p1a: Tyranitar|48/100\n|-damage|p1b: Milotic|22/100\n|-enditem|p1b: Milotic|Sitrus Berry|[eat]\n|-heal|p1b: Milotic|47/100|[from] item: Sitrus Berry\n|faint|p2a: Whimsicott\n|move|p1b: Milotic|Icy Wind|p2b: C\u1eafn C\u00e1p Wifi\n|-supereffective|p2b: C\u1eafn C\u00e1p Wifi|2\n|-damage|p2b: C\u1eafn C\u00e1p Wifi|0 fnt\n|faint|p2b: C\u1eafn C\u00e1p Wifi\n|\n|-weather|Sandstorm|[upkeep]\n|-damage|p1b: Milotic|41/100|[from] Sandstorm\n|upkeep\n|\n|t:|1775979516\n|switch|p2a: S\u1edd \u1ebech|Venusaur, L50, M|100/100\n|switch|p2b: R\u1ed3ng L\u1ed9n|Charizard, L50, M|100/100\n|turn|3\n|\n|t:|1775979533\n|switch|p1a: Excadrill|Excadrill, L50, F|100/100\n|detailschange|p2b: R\u1ed3ng L\u1ed9n|Charizard-Mega-Y, L50, M\n|-mega|p2b: R\u1ed3ng L\u1ed9n|Charizard|Charizardite Y\n|-weather|SunnyDay|[from] ability: Drought|[of] p2b: R\u1ed3ng L\u1ed9n\n|move|p1b: Milotic|Protect|p1b: Milotic\n|-singleturn|p1b: Milotic|Protect\n|move|p2a: S\u1edd \u1ebech|Giga Drain|p1b: Milotic\n|-activate|p1b: Milotic|move: Protect\n|move|p2b: R\u1ed3ng L\u1ed9n|Solar Beam||[still]\n|-prepare|p2b: R\u1ed3ng L\u1ed9n|Solar Beam\n|-anim|p2b: R\u1ed3ng L\u1ed9n|Solar Beam|p1a: Excadrill\n|-damage|p1a: Excadrill|30/100\n|\n|-weather|SunnyDay|[upkeep]\n|upkeep\n|turn|4\n|\n|t:|1775979546\n|switch|p1b: Tyranitar|Tyranitar, L50, M|48/100\n|-weather|Sandstorm|[from] ability: Sand Stream|[of] p1b: Tyranitar\n|move|p1a: Excadrill|Rock Slide|p2a: S\u1edd \u1ebech|[spread] p2a,p2b\n|-supereffective|p2b: R\u1ed3ng L\u1ed9n|2\n|-damage|p2a: S\u1edd \u1ebech|71/100\n|-damage|p2b: R\u1ed3ng L\u1ed9n|0 fnt\n|faint|p2b: R\u1ed3ng L\u1ed9n\n|cant|p2a: S\u1edd \u1ebech|flinch\n|\n|-weather|Sandstorm|[upkeep]\n|-damage|p2a: S\u1edd \u1ebech|65/100|[from] Sandstorm\n|-heal|p2a: S\u1edd \u1ebech|71/100|[from] item: Leftovers\n|-sideend|p2: khungcanh|move: Tailwind\n|upkeep\n|turn|5\n|\n|t:|1775979560\n|move|p1a: Excadrill|High Horsepower|p2a: S\u1edd \u1ebech\n|-damage|p2a: S\u1edd \u1ebech|0 fnt\n|faint|p2a: S\u1edd \u1ebech\n|\n|win|platanopower420\n|n|\u2606platanopower420|platanopower420\n|n|\u2606khungcanh|khungcanh\n|n| gE1xjZRtuhW2DdT0AK|ge1xjzrtuhw2ddt0ak\n|n| aurora ltd|auroraltd\n|n| caramelpainn|caramelpainn\n|n| uhhncertain|uhhncertain\n|n| sahabatgomba^_^|sahabatgomba\n|c|\u2606khungcanh|gg\n|l|\u2606khungcanh\n|player|p2|\n|c|\u2606platanopower420|ggs wp\n|l| caramelpainn\n|l| gE1xjZRtuhW2DdT0AK\n|j| kaka ash\n|l|\u2606platanopower420\n|player|p1|\n|l| kaka ash\n|l| uhhncertain\n",
  "uploadtime": 1775979560,
  "views": 22,
  "formatid": "gen9championsvgc2026regma",
  "rating": null,
  "private": 0,
  "password": null
}