{
  "id": "gen9championsvgc2026regma-2583675135",
  "format": "[Gen 9 Champions] VGC 2026 Reg M-A",
  "players": [
    "modernoshawott",
    "retrojp"
  ],
  "log": "|j|\u2606modernoshawott\n|j|\u2606retrojp\n|t:|1776190305\n|gametype|doubles\n|player|p1|modernoshawott|alder|1037\n|player|p2|retrojp|101|1104\n|gen|9\n|tier|[Gen 9 Champions] VGC 2026 Reg M-A\n|rated|\n|rule|Species Clause: Limit one of each Pok\u00e9mon\n|rule|Item Clause: Limit 1 of each item\n|clearpoke\n|poke|p1|Floette-Eternal, L50, F|\n|poke|p1|Pelipper, L50, M|\n|poke|p1|Araquanid, L50, F|\n|poke|p1|Slowbro, L50, F|\n|poke|p1|Wyrdeer, L50, F|\n|poke|p1|Excadrill, L50, M|\n|poke|p2|Tyranitar, L50, F|\n|poke|p2|Corviknight, L50, M|\n|poke|p2|Primarina, L50, M|\n|poke|p2|Incineroar, L50, F|\n|poke|p2|Excadrill, L50, F|\n|poke|p2|Sinistcha, L50|\n|teampreview|4\n|\n|t:|1776190345\n|teamsize|p1|4\n|teamsize|p2|4\n|start\n|switch|p1a: Floette|Floette-Eternal, L50, F|100/100\n|switch|p1b: Araquanid|Araquanid, L50, F|100/100\n|switch|p2a: Tyranitar|Tyranitar, L50, F|100/100\n|switch|p2b: Corviknight|Corviknight, L50, M|100/100\n|-weather|Sandstorm|[from] ability: Sand Stream|[of] p2a: Tyranitar\n|turn|1\n|inactive|Battle timer is ON: inactive players will automatically lose when time's up. (requested by modernoshawott)\n|\n|t:|1776190383\n|detailschange|p1a: Floette|Floette-Mega, L50, F\n|-mega|p1a: Floette|Floette|Floettite\n|-ability|p1a: Floette|Fairy Aura\n|move|p1a: Floette|Moonblast|p2a: Tyranitar\n|-supereffective|p2a: Tyranitar|1\n|-crit|p2a: Tyranitar\n|-damage|p2a: Tyranitar|0 fnt\n|faint|p2a: Tyranitar\n|move|p2b: Corviknight|Brave Bird|p1b: Araquanid\n|-supereffective|p1b: Araquanid|1\n|-damage|p1b: Araquanid|15/100\n|-damage|p2b: Corviknight|76/100|[from] Recoil\n|move|p1b: Araquanid|Reflect|p1b: Araquanid\n|-sidestart|p1: modernoshawott|Reflect\n|\n|-weather|Sandstorm|[upkeep]\n|-damage|p1a: Floette|95/100|[from] Sandstorm\n|-damage|p1b: Araquanid|9/100|[from] Sandstorm\n|-heal|p2b: Corviknight|82/100|[from] item: Leftovers\n|upkeep\n|inactive|retrojp has 30 seconds left.\n|\n|t:|1776190410\n|switch|p2a: Excadrill|Excadrill, L50, F|100/100\n|turn|2\n|\n|t:|1776190426\n|move|p1a: Floette|Protect|p1a: Floette\n|-singleturn|p1a: Floette|Protect\n|move|p2a: Excadrill|Iron Head|p1a: Floette\n|-activate|p1a: Floette|move: Protect\n|move|p2b: Corviknight|Bulk Up|p2b: Corviknight\n|-boost|p2b: Corviknight|atk|1\n|-boost|p2b: Corviknight|def|1\n|move|p1b: Araquanid|Liquidation|p2a: Excadrill\n|-supereffective|p2a: Excadrill|1\n|-enditem|p2a: Excadrill|Focus Sash\n|-damage|p2a: Excadrill|1/100\n|\n|-weather|Sandstorm|[upkeep]\n|-damage|p1a: Floette|89/100|[from] Sandstorm\n|-damage|p1b: Araquanid|3/100|[from] Sandstorm\n|-heal|p2b: Corviknight|88/100|[from] item: Leftovers\n|upkeep\n|turn|3\n|inactive|modernoshawott has 30 seconds left.\n|inactive|retrojp has 30 seconds left.\n|inactive|modernoshawott has 20 seconds left.\n|inactive|retrojp has 20 seconds left.\n|\n|t:|1776190472\n|switch|p1a: Excadrill|Excadrill, L50, M|100/100\n|-ability|p1a: Excadrill|Mold Breaker\n|move|p2a: Excadrill|Iron Head|p1a: Excadrill\n|-resisted|p1a: Excadrill|1\n|-crit|p1a: Excadrill\n|-damage|p1a: Excadrill|48/100\n|move|p2b: Corviknight|Brave Bird|p1a: Excadrill\n|-resisted|p1a: Excadrill|1\n|-damage|p1a: Excadrill|17/100\n|-damage|p2b: Corviknight|79/100|[from] Recoil\n|move|p1b: Araquanid|Liquidation|p2a: Excadrill\n|-supereffective|p2a: Excadrill|1\n|-damage|p2a: Excadrill|0 fnt\n|faint|p2a: Excadrill\n|\n|-weather|Sandstorm|[upkeep]\n|-damage|p1b: Araquanid|0 fnt|[from] Sandstorm\n|faint|p1b: Araquanid\n|-heal|p1a: Excadrill|23/100|[from] item: Leftovers\n|-heal|p2b: Corviknight|84/100|[from] item: Leftovers\n|upkeep\n|\n|t:|1776190493\n|switch|p2a: Sinistcha|Sinistcha, L50|100/100\n|switch|p1b: Wyrdeer|Wyrdeer, L50, F|100/100\n|-ability|p1b: Wyrdeer|Intimidate|boost\n|-unboost|p2a: Sinistcha|atk|1\n|-ability|p2b: Corviknight|Mirror Armor\n|-unboost|p1b: Wyrdeer|atk|1\n|-heal|p2b: Corviknight|100/100|[from] ability: Hospitality|[of] p2a: Sinistcha\n|turn|4\n|inactive|modernoshawott has 30 seconds left.\n|inactive|retrojp has 30 seconds left.\n|\n|t:|1776190520\n|move|p1b: Wyrdeer|Wild Charge|p2b: Corviknight\n|-supereffective|p2b: Corviknight|1\n|-damage|p2b: Corviknight|81/100\n|-damage|p1b: Wyrdeer|95/100|[from] Recoil\n|move|p1a: Excadrill|Iron Head|p2a: Sinistcha\n|-damage|p2a: Sinistcha|70/100\n|move|p2b: Corviknight|Body Press|p1b: Wyrdeer\n|-damage|p1b: Wyrdeer|63/100\n|move|p2a: Sinistcha|Trick Room|p2a: Sinistcha\n|-fieldstart|move: Trick Room|[of] p2a: Sinistcha\n|\n|-weather|Sandstorm|[upkeep]\n|-damage|p2a: Sinistcha|64/100|[from] Sandstorm\n|-damage|p1b: Wyrdeer|57/100|[from] Sandstorm\n|-heal|p2b: Corviknight|87/100|[from] item: Leftovers\n|-heal|p1a: Excadrill|29/100|[from] item: Leftovers\n|upkeep\n|turn|5\n|\n|t:|1776190539\n|switch|p1a: Floette|Floette-Mega, L50, F|89/100\n|-ability|p1a: Floette|Fairy Aura\n|move|p2b: Corviknight|Body Press|p1b: Wyrdeer\n|-damage|p1b: Wyrdeer|28/100\n|move|p2a: Sinistcha|Matcha Gotcha|p1a: Floette|[spread] p1a,p1b\n|-damage|p1a: Floette|67/100\n|-heal|p2a: Sinistcha|73/100|[from] drain|[of] p1a: Floette\n|-damage|p1b: Wyrdeer|0 fnt\n|-heal|p2a: Sinistcha|87/100|[from] drain|[of] p1b: Wyrdeer\n|faint|p1b: Wyrdeer\n|\n|-weather|none\n|-heal|p2b: Corviknight|93/100|[from] item: Leftovers\n|-sideend|p1: modernoshawott|Reflect\n|upkeep\n|\n|t:|1776190542\n|switch|p1b: Excadrill|Excadrill, L50, M|29/100\n|-ability|p1b: Excadrill|Mold Breaker\n|turn|6\n|inactive|retrojp has 30 seconds left.\n|\n|t:|1776190570\n|move|p2b: Corviknight|Body Press|p1a: Floette\n|-resisted|p1a: Floette|1\n|-damage|p1a: Floette|44/100\n|move|p2a: Sinistcha|Matcha Gotcha|p1a: Floette|[spread] p1a,p1b\n|-damage|p1a: Floette|22/100\n|-heal|p2a: Sinistcha|97/100|[from] drain|[of] p1a: Floette\n|-damage|p1b: Excadrill|0 fnt\n|-heal|p2a: Sinistcha|100/100|[from] drain|[of] p1b: Excadrill\n|faint|p1b: Excadrill\n|move|p1a: Floette|Moonblast|p2a: Sinistcha\n|-damage|p2a: Sinistcha|16/100\n|-unboost|p2a: Sinistcha|spa|1\n|-enditem|p2a: Sinistcha|Sitrus Berry|[eat]\n|-heal|p2a: Sinistcha|41/100|[from] item: Sitrus Berry\n|\n|-heal|p2b: Corviknight|99/100|[from] item: Leftovers\n|upkeep\n|turn|7\n|\n|t:|1776190592\n|move|p2b: Corviknight|Body Press|p1a: Floette\n|-resisted|p1a: Floette|1\n|-damage|p1a: Floette|0 fnt\n|faint|p1a: Floette\n|\n|win|retrojp\n|raw|modernoshawott's rating: 1037 &rarr; <strong>1024</strong><br />(-13 for losing)\n|raw|retrojp's rating: 1104 &rarr; <strong>1124</strong><br />(+20 for winning)\n|l|\u2606modernoshawott\n|player|p1|\n",
  "uploadtime": 1776190601,
  "views": 16,
  "formatid": "gen9championsvgc2026regma",
  "rating": 1024,
  "private": 0,
  "password": null
}