{
  "id": "gen9championsvgc2026regma-2588085056",
  "format": "[Gen 9 Champions] VGC 2026 Reg M-A",
  "players": [
    "slothgameplay",
    "imaybeaworldchamp"
  ],
  "log": "|j|\u2606slothgameplay\n|j|\u2606imaybeaworldchamp\n|t:|1776602534\n|gametype|doubles\n|player|p1|slothgameplay|169|1156\n|player|p2|imaybeaworldchamp|2|1069\n|gen|9\n|tier|[Gen 9 Champions] VGC 2026 Reg M-A\n|rated|\n|rule|Species Clause: Limit one of each Pok\u00e9mon\n|rule|Item Clause: Limit 1 of each item\n|clearpoke\n|poke|p1|Gengar, L50, M, shiny|\n|poke|p1|Incineroar, L50, F|\n|poke|p1|Sinistcha-Masterpiece, L50|\n|poke|p1|Kingambit, L50, M|\n|poke|p1|Tyranitar, L50, M|\n|poke|p1|Kommo-o, L50, M|\n|poke|p2|Aerodactyl, L50, M|\n|poke|p2|Gengar, L50, M, shiny|\n|poke|p2|Sneasler, L50, M|\n|poke|p2|Scizor, L50, M|\n|poke|p2|Incineroar, L50, M|\n|poke|p2|Rotom-Wash, L50|\n|teampreview|4\n|inactive|Battle timer is ON: inactive players will automatically lose when time's up. (requested by imaybeaworldchamp)\n|inactive|slothgameplay has 60 seconds left.\n|\n|t:|1776602573\n|teamsize|p1|4\n|teamsize|p2|4\n|start\n|switch|p1a: Sinistcha|Sinistcha-Masterpiece, L50|100/100\n|switch|p1b: Incineroar|Incineroar, L50, F|100/100\n|switch|p2a: Aerodactyl|Aerodactyl, L50, M|100/100\n|switch|p2b: Rotom|Rotom-Wash, L50|100/100\n|-ability|p2a: Aerodactyl|Pressure\n|-ability|p1b: Incineroar|Intimidate|boost\n|-unboost|p2a: Aerodactyl|atk|1\n|-unboost|p2b: Rotom|atk|1\n|turn|1\n|\n|t:|1776602593\n|move|p2a: Aerodactyl|Protect|p2a: Aerodactyl\n|-singleturn|p2a: Aerodactyl|Protect\n|move|p1b: Incineroar|Fake Out|p2b: Rotom\n|-damage|p2b: Rotom|88/100\n|cant|p2b: Rotom|flinch\n|move|p1a: Sinistcha|Trick Room|p1a: Sinistcha\n|-fieldstart|move: Trick Room|[of] p1a: Sinistcha\n|\n|upkeep\n|turn|2\n|\n|t:|1776602611\n|move|p1b: Incineroar|Parting Shot|p2b: Rotom\n|-unboost|p2b: Rotom|atk|1\n|-unboost|p2b: Rotom|spa|1\n|\n|t:|1776602625\n|switch|p1b: Tyranitar|Tyranitar, L50, M|100/100|[from] Parting Shot\n|-weather|Sandstorm|[from] ability: Sand Stream|[of] p1b: Tyranitar\n|move|p1a: Sinistcha|Matcha Gotcha|p2b: Rotom|[spread] p2a,p2b\n|-supereffective|p2b: Rotom|1\n|-enditem|p2b: Rotom|Rindo Berry|[eat]\n|-enditem|p2b: Rotom|Rindo Berry|[weaken]\n|-damage|p2a: Aerodactyl|77/100\n|-damage|p2b: Rotom|63/100\n|move|p2b: Rotom|Volt Switch|p1b: Tyranitar\n|-damage|p1b: Tyranitar|87/100\n|\n|t:|1776602641\n|switch|p2b: Sneasler|Sneasler, L50, M|100/100|[from] Volt Switch\n|move|p2a: Aerodactyl|Rock Slide|p1b: Tyranitar|[spread] p1a,p1b\n|-damage|p1a: Sinistcha|85/100\n|-damage|p1b: Tyranitar|73/100\n|\n|-weather|Sandstorm|[upkeep]\n|-damage|p1a: Sinistcha|79/100|[from] Sandstorm\n|-damage|p2b: Sneasler|95/100|[from] Sandstorm\n|upkeep\n|turn|3\n|inactive|imaybeaworldchamp has 30 seconds left.\n|inactive|slothgameplay has 30 seconds left.\n|inactive|slothgameplay has 20 seconds left.\n|\n|t:|1776602689\n|switch|p2a: Rotom|Rotom-Wash, L50|63/100\n|move|p1b: Tyranitar|Protect|p1b: Tyranitar\n|-singleturn|p1b: Tyranitar|Protect\n|move|p1a: Sinistcha|Matcha Gotcha|p2b: Sneasler|[spread] p2a,p2b\n|-supereffective|p2a: Rotom|1\n|-resisted|p2b: Sneasler|1\n|-damage|p2a: Rotom|12/100\n|-heal|p1a: Sinistcha|100/100|[from] drain|[of] p2a: Rotom\n|-damage|p2b: Sneasler|78/100\n|move|p2b: Sneasler|Dire Claw|p1a: Sinistcha\n|-damage|p1a: Sinistcha|62/100\n|-status|p1a: Sinistcha|psn\n|\n|-weather|Sandstorm|[upkeep]\n|-damage|p1a: Sinistcha|56/100 psn|[from] Sandstorm\n|-damage|p2a: Rotom|6/100|[from] Sandstorm\n|-damage|p2b: Sneasler|72/100|[from] Sandstorm\n|-damage|p1a: Sinistcha|43/100 psn|[from] psn\n|upkeep\n|-enditem|p1a: Sinistcha|Sitrus Berry|[eat]\n|-heal|p1a: Sinistcha|68/100 psn|[from] item: Sitrus Berry\n|turn|4\n|inactive|slothgameplay has 30 seconds left.\n|inactive|slothgameplay has 20 seconds left.\n|inactive|imaybeaworldchamp has 30 seconds left.\n|\n|t:|1776602728\n|switch|p2b: Aerodactyl|Aerodactyl, L50, M|77/100\n|-ability|p2b: Aerodactyl|Pressure\n|detailschange|p1b: Tyranitar|Tyranitar-Mega, L50, M\n|-mega|p1b: Tyranitar|Tyranitar|Tyranitarite\n|move|p1a: Sinistcha|Matcha Gotcha|p2b: Aerodactyl|[spread] p2a,p2b\n|-supereffective|p2a: Rotom|1\n|-damage|p2a: Rotom|0 fnt\n|-heal|p1a: Sinistcha|71/100 psn|[from] drain|[of] p2a: Rotom\n|-damage|p2b: Aerodactyl|51/100\n|-heal|p1a: Sinistcha|82/100 psn|[from] drain|[of] p2b: Aerodactyl\n|faint|p2a: Rotom\n|move|p1b: Tyranitar|Rock Slide|p2b: Aerodactyl\n|-supereffective|p2b: Aerodactyl|1\n|-damage|p2b: Aerodactyl|0 fnt\n|faint|p2b: Aerodactyl\n|\n|-weather|Sandstorm|[upkeep]\n|-damage|p1a: Sinistcha|76/100 psn|[from] Sandstorm\n|-damage|p1a: Sinistcha|63/100 psn|[from] psn\n|upkeep\n|\n|t:|1776602748\n|switch|p2a: Gengar|Gengar, L50, M, shiny|100/100\n|switch|p2b: Sneasler|Sneasler, L50, M|72/100\n|turn|5\n|\n|t:|1776602770\n|switch|p1a: Incineroar|Incineroar, L50, F|100/100\n|-ability|p1a: Incineroar|Intimidate|boost\n|-unboost|p2a: Gengar|atk|1\n|-unboost|p2b: Sneasler|atk|1\n|-enditem|p2b: Sneasler|White Herb\n|-clearnegativeboost|p2b: Sneasler|[silent]\n|move|p1b: Tyranitar|Protect|p1b: Tyranitar\n|-singleturn|p1b: Tyranitar|Protect\n|move|p2a: Gengar|Protect|p2a: Gengar\n|-singleturn|p2a: Gengar|Protect\n|move|p2b: Sneasler|Protect||[still]\n|-fail|p2b: Sneasler\n|\n|-weather|Sandstorm|[upkeep]\n|-damage|p1a: Incineroar|95/100|[from] Sandstorm\n|-damage|p2a: Gengar|95/100|[from] Sandstorm\n|-damage|p2b: Sneasler|66/100|[from] Sandstorm\n|-fieldend|move: Trick Room\n|upkeep\n|turn|6\n|inactive|slothgameplay has 30 seconds left.\n|\n|t:|1776602804\n|switch|p1b: Kommo-o|Kommo-o, L50, M|100/100\n|detailschange|p2a: Gengar|Gengar-Mega, L50, M, shiny\n|-mega|p2a: Gengar|Gengar|Gengarite\n|move|p2b: Sneasler|Close Combat|p1b: Kommo-o\n|-damage|p1b: Kommo-o|45/100\n|-unboost|p2b: Sneasler|def|1\n|-unboost|p2b: Sneasler|spd|1\n|move|p2a: Gengar|Sludge Bomb|p1a: Incineroar\n|-damage|p1a: Incineroar|51/100\n|move|p1a: Incineroar|Parting Shot|p2a: Gengar\n|-unboost|p2a: Gengar|atk|1\n|-unboost|p2a: Gengar|spa|1\n|\n|t:|1776602817\n|switch|p1a: Sinistcha|Sinistcha-Masterpiece, L50|63/100 psn|[from] Parting Shot\n|-heal|p1b: Kommo-o|70/100|[from] ability: Hospitality|[of] p1a: Sinistcha\n|\n|-weather|none\n|-heal|p1b: Kommo-o|75/100|[from] item: Leftovers\n|-damage|p1a: Sinistcha|51/100 psn|[from] psn\n|upkeep\n|turn|7\n|inactive|slothgameplay has 30 seconds left.\n|\n|t:|1776602844\n|move|p2b: Sneasler|Dire Claw|p1b: Kommo-o\n|-damage|p1b: Kommo-o|36/100\n|-status|p1b: Kommo-o|psn\n|move|p2a: Gengar|Shadow Ball|p1a: Sinistcha\n|-supereffective|p1a: Sinistcha|1\n|-damage|p1a: Sinistcha|0 fnt\n|faint|p1a: Sinistcha\n|move|p1b: Kommo-o|Clanging Scales|p2b: Sneasler|[spread] p2a,p2b\n|-crit|p2b: Sneasler\n|-damage|p2a: Gengar|42/100\n|-damage|p2b: Sneasler|0 fnt\n|faint|p2b: Sneasler\n|-unboost|p1b: Kommo-o|def|1\n|\n|-heal|p1b: Kommo-o|42/100 psn|[from] item: Leftovers\n|-damage|p1b: Kommo-o|29/100 psn|[from] psn\n|upkeep\n|-message|imaybeaworldchamp forfeited.\n|\n|win|slothgameplay\n|raw|slothgameplay's rating: 1156 &rarr; <strong>1175</strong><br />(+19 for winning)\n|raw|imaybeaworldchamp's rating: 1069 &rarr; <strong>1054</strong><br />(-15 for losing)\n",
  "uploadtime": 1776602862,
  "views": 7,
  "formatid": "gen9championsvgc2026regma",
  "rating": 1054,
  "private": 0,
  "password": null
}