{
  "id": "gen9championsvgc2026regma-2585060943",
  "format": "[Gen 9 Champions] VGC 2026 Reg M-A",
  "players": [
    "Marcio Lira",
    "FernLuck"
  ],
  "log": "|j|\u2606Marcio Lira\n|j|\u203dFernLuck\n|t:|1776307787\n|gametype|doubles\n|player|p1|Marcio Lira|bugcatcher-gen4dp|1209\n|player|p2|FernLuck|guitarist|1142\n|gen|9\n|tier|[Gen 9 Champions] VGC 2026 Reg M-A\n|rated|\n|rule|Species Clause: Limit one of each Pok\u00e9mon\n|rule|Item Clause: Limit 1 of each item\n|clearpoke\n|poke|p1|Floette-Eternal, L50, F|\n|poke|p1|Sinistcha, L50|\n|poke|p1|Heliolisk, L50, M|\n|poke|p1|Talonflame, L50, M|\n|poke|p1|Garchomp, L50, M|\n|poke|p1|Tyranitar, L50, F|\n|poke|p2|Meganium, L50, F|\n|poke|p2|Pelipper, L50, F|\n|poke|p2|Incineroar, L50, F|\n|poke|p2|Basculegion-F, L50, F|\n|poke|p2|Sneasler, L50, M|\n|poke|p2|Archaludon, L50, M|\n|teampreview|4\n|inactive|Battle timer is ON: inactive players will automatically lose when time's up. (requested by FernLuck)\n|inactive|Marcio Lira has 60 seconds left.\n|\n|t:|1776307861\n|teamsize|p1|4\n|teamsize|p2|4\n|start\n|switch|p1a: Sinistcha|Sinistcha, L50|100/100\n|switch|p1b: Heliolisk|Heliolisk, L50, M, shiny|100/100\n|switch|p2a: Incineroar|Incineroar, L50, F|100/100\n|switch|p2b: Pelipper|Pelipper, L50, F|100/100\n|-ability|p2a: Incineroar|Intimidate|boost\n|-unboost|p1a: Sinistcha|atk|1\n|-unboost|p1b: Heliolisk|atk|1\n|-weather|RainDance|[from] ability: Drizzle|[of] p2b: Pelipper\n|turn|1\n|inactive|Marcio Lira has 30 seconds left.\n|inactive|FernLuck has 30 seconds left.\n|\n|t:|1776307895\n|move|p2b: Pelipper|Protect|p2b: Pelipper\n|-singleturn|p2b: Pelipper|Protect\n|move|p1b: Heliolisk|Shed Tail|p1b: Heliolisk\n|-start|p1b: Heliolisk|Substitute|[from] move: Shed Tail\n|-damage|p1b: Heliolisk|50/100\n|-enditem|p1b: Heliolisk|Sitrus Berry|[eat]\n|-heal|p1b: Heliolisk|75/100|[from] item: Sitrus Berry\n|\n|t:|1776307906\n|switch|p1b: Floette|Floette-Eternal, L50, F|100/100|[from] Shed Tail\n|move|p2a: Incineroar|Darkest Lariat|p1a: Sinistcha\n|-supereffective|p1a: Sinistcha|1\n|-damage|p1a: Sinistcha|11/100\n|move|p1a: Sinistcha|Matcha Gotcha|p2a: Incineroar|[spread] p2a\n|-activate|p2b: Pelipper|move: Protect\n|-resisted|p2a: Incineroar|1\n|-damage|p2a: Incineroar|86/100\n|-heal|p1a: Sinistcha|19/100|[from] drain|[of] p2a: Incineroar\n|\n|-weather|RainDance|[upkeep]\n|upkeep\n|turn|2\n|\n|t:|1776307921\n|switch|p2a: Archaludon|Archaludon, L50, M|100/100\n|detailschange|p1b: Floette|Floette-Mega, L50, F\n|-mega|p1b: Floette|Floette|Floettite\n|-ability|p1b: Floette|Fairy Aura\n|move|p1a: Sinistcha|Rage Powder|p1a: Sinistcha\n|-singleturn|p1a: Sinistcha|move: Rage Powder\n|move|p1b: Floette|Calm Mind|p1b: Floette\n|-boost|p1b: Floette|spa|1\n|-boost|p1b: Floette|spd|1\n|move|p2b: Pelipper|Hurricane|p1a: Sinistcha\n|-supereffective|p1a: Sinistcha|1\n|-damage|p1a: Sinistcha|0 fnt\n|faint|p1a: Sinistcha\n|\n|-weather|RainDance|[upkeep]\n|upkeep\n|inactive|Marcio Lira has 30 seconds left.\n|\n|t:|1776307951\n|switch|p1a: Heliolisk|Heliolisk, L50, M, shiny|75/100\n|turn|3\n|\n|t:|1776307969\n|move|p1a: Heliolisk|Ally Switch|p1a: Heliolisk\n|swap|p1a: Heliolisk|1|[from] move: Ally Switch\n|move|p1a: Floette|Calm Mind|p1a: Floette\n|-boost|p1a: Floette|spa|1\n|-boost|p1a: Floette|spd|1\n|move|p2a: Archaludon|Flash Cannon|p1b: Heliolisk\n|-resisted|p1b: Heliolisk|1\n|-damage|p1b: Heliolisk|44/100\n|move|p2b: Pelipper|Tailwind|p2b: Pelipper\n|-sidestart|p2: FernLuck|move: Tailwind\n|\n|-weather|RainDance|[upkeep]\n|-heal|p1b: Heliolisk|56/100|[from] ability: Dry Skin\n|upkeep\n|turn|4\n|inactive|FernLuck has 30 seconds left.\n|\n|t:|1776308001\n|switch|p2b: Basculegion|Basculegion-F, L50, F|100/100\n|move|p1a: Floette|Protect|p1a: Floette\n|-singleturn|p1a: Floette|Protect\n|move|p2a: Archaludon|Flash Cannon|p1a: Floette\n|-activate|p1a: Floette|move: Protect\n|move|p1b: Heliolisk|Glare|p2a: Archaludon\n|-status|p2a: Archaludon|par\n|\n|-weather|RainDance|[upkeep]\n|-heal|p1b: Heliolisk|69/100|[from] ability: Dry Skin\n|upkeep\n|turn|5\n|inactive|Marcio Lira has 30 seconds left.\n|\n|t:|1776308028\n|move|p2b: Basculegion|Wave Crash|p1a: Floette\n|-end|p1a: Floette|Substitute\n|-damage|p2b: Basculegion|95/100|[from] Recoil|[of] p1a: Floette\n|move|p1b: Heliolisk|Glare|p2b: Basculegion\n|-status|p2b: Basculegion|par\n|move|p1a: Floette|Dazzling Gleam|p2b: Basculegion|[spread] p2a,p2b\n|-damage|p2a: Archaludon|0 fnt\n|-damage|p2b: Basculegion|0 fnt\n|faint|p2a: Archaludon\n|faint|p2b: Basculegion\n|\n|-weather|none\n|upkeep\n|\n|t:|1776308034\n|switch|p2a: Incineroar|Incineroar, L50, F|86/100\n|switch|p2b: Pelipper|Pelipper, L50, F|100/100\n|-ability|p2a: Incineroar|Intimidate|boost\n|-unboost|p1a: Floette|atk|1\n|-unboost|p1b: Heliolisk|atk|1\n|-weather|RainDance|[from] ability: Drizzle|[of] p2b: Pelipper\n|turn|6\n|inactive|Marcio Lira has 30 seconds left.\n|\n|t:|1776308064\n|move|p1a: Floette|Protect|p1a: Floette\n|-singleturn|p1a: Floette|Protect\n|move|p2a: Incineroar|Darkest Lariat|p1b: Heliolisk\n|-damage|p1b: Heliolisk|0 fnt\n|faint|p1b: Heliolisk\n|move|p2b: Pelipper|Hurricane|p1a: Floette\n|-activate|p1a: Floette|move: Protect\n|\n|-weather|RainDance|[upkeep]\n|-sideend|p2: FernLuck|move: Tailwind\n|upkeep\n|\n|t:|1776308071\n|switch|p1b: Talonflame|Talonflame, L50, M|100/100\n|turn|7\n|\n|t:|1776308090\n|move|p1b: Talonflame|Dual Wingbeat|p2b: Pelipper\n|-damage|p2b: Pelipper|78/100\n|-damage|p2b: Pelipper|57/100\n|-hitcount|p2b: Pelipper|2\n|move|p1a: Floette|Dazzling Gleam|p2b: Pelipper|[spread] p2a,p2b\n|-damage|p2a: Incineroar|0 fnt\n|-damage|p2b: Pelipper|0 fnt\n|faint|p2a: Incineroar\n|faint|p2b: Pelipper\n|\n|win|Marcio Lira\n|raw|Marcio Lira's rating: 1209 &rarr; <strong>1229</strong><br />(+20 for winning)\n|raw|FernLuck's rating: 1142 &rarr; <strong>1122</strong><br />(-20 for losing)\n",
  "uploadtime": 1776308107,
  "views": 24,
  "formatid": "gen9championsvgc2026regma",
  "rating": 1122,
  "private": 0,
  "password": null
}