{
  "id": "gen9championsvgc2026regma-2582266030",
  "format": "[Gen 9 Champions] VGC 2026 Reg M-A",
  "players": [
    "Indis",
    "Crene"
  ],
  "log": "|j|\u2606Indis\n|j|\u2606Crene\n|t:|1776077822\n|gametype|doubles\n|player|p1|Indis|169|1118\n|player|p2|Crene|erika|1042\n|gen|9\n|tier|[Gen 9 Champions] VGC 2026 Reg M-A\n|rated|\n|rule|Species Clause: Limit one of each Pok\u00e9mon\n|rule|Item Clause: Limit 1 of each item\n|clearpoke\n|poke|p1|Charizard, L50, F|\n|poke|p1|Venusaur, L50, F|\n|poke|p1|Garchomp, L50, F|\n|poke|p1|Sneasler, L50, M|\n|poke|p1|Incineroar, L50, M|\n|poke|p1|Kingambit, L50, M|\n|poke|p2|Corviknight, L50, M|\n|poke|p2|Froslass, L50, F|\n|poke|p2|Clefable, L50, F|\n|poke|p2|Primarina, L50, M|\n|poke|p2|Maushold-Four, L50|\n|poke|p2|Tyranitar, L50, F|\n|teampreview|4\n|inactive|Battle timer is ON: inactive players will automatically lose when time's up. (requested by Indis)\n|inactive|Crene also wants the timer to be on.\n|inactive|Crene has 60 seconds left.\n|\n|t:|1776077871\n|teamsize|p1|4\n|teamsize|p2|4\n|start\n|switch|p1a: Charizard|Charizard, L50, F|100/100\n|switch|p1b: Incineroar|Incineroar, L50, M|100/100\n|switch|p2a: Tyranitar|Tyranitar, L50, F|100/100\n|switch|p2b: Corviknight|Corviknight, L50, M|100/100\n|-ability|p1b: Incineroar|Intimidate|boost\n|-unboost|p2a: Tyranitar|atk|1\n|-ability|p2b: Corviknight|Mirror Armor\n|-unboost|p1b: Incineroar|atk|1\n|-weather|Sandstorm|[from] ability: Sand Stream|[of] p2a: Tyranitar\n|turn|1\n|\n|t:|1776077890\n|switch|p2b: Primarina|Primarina, L50, M|100/100\n|detailschange|p1a: Charizard|Charizard-Mega-Y, L50, F\n|-mega|p1a: Charizard|Charizard|Charizardite Y\n|-weather|SunnyDay|[from] ability: Drought|[of] p1a: Charizard\n|detailschange|p2a: Tyranitar|Tyranitar-Mega, L50, F\n|-mega|p2a: Tyranitar|Tyranitar|Tyranitarite\n|-weather|Sandstorm|[from] ability: Sand Stream|[of] p2a: Tyranitar\n|move|p1a: Charizard|Protect|p1a: Charizard\n|-singleturn|p1a: Charizard|Protect\n|move|p1b: Incineroar|Fake Out|p2b: Primarina\n|-damage|p2b: Primarina|92/100\n|move|p2a: Tyranitar|Rock Slide|p1b: Incineroar|[spread] \n|-activate|p1a: Charizard|move: Protect\n|-miss|p2a: Tyranitar|p1b: Incineroar\n|\n|-weather|Sandstorm|[upkeep]\n|-damage|p1a: Charizard|95/100|[from] Sandstorm\n|-damage|p2b: Primarina|86/100|[from] Sandstorm\n|-damage|p1b: Incineroar|95/100|[from] Sandstorm\n|upkeep\n|turn|2\n|\n|t:|1776077914\n|switch|p1a: Garchomp|Garchomp, L50, F|100/100\n|move|p2b: Primarina|Hyper Voice|p1b: Incineroar|[spread] p1a,p1b\n|-supereffective|p1b: Incineroar|1\n|-damage|p1a: Garchomp|61/100\n|-damage|p1b: Incineroar|23/100\n|-enditem|p1b: Incineroar|Sitrus Berry|[eat]\n|-heal|p1b: Incineroar|48/100|[from] item: Sitrus Berry\n|move|p2a: Tyranitar|Rock Slide|p1a: Garchomp|[spread] p1a,p1b\n|-resisted|p1a: Garchomp|1\n|-supereffective|p1b: Incineroar|1\n|-damage|p1a: Garchomp|51/100\n|-damage|p1b: Incineroar|9/100\n|move|p1b: Incineroar|Parting Shot|p2a: Tyranitar\n|-unboost|p2a: Tyranitar|atk|1\n|-unboost|p2a: Tyranitar|spa|1\n|\n|t:|1776077927\n|switch|p1b: Charizard|Charizard-Mega-Y, L50, F|95/100|[from] Parting Shot\n|-weather|SunnyDay|[from] ability: Drought|[of] p1b: Charizard\n|\n|-weather|SunnyDay|[upkeep]\n|upkeep\n|turn|3\n|\n|t:|1776077939\n|move|p1a: Garchomp|Earthquake|p2a: Tyranitar|[spread] p2a,p2b\n|-immune|p1b: Charizard\n|-supereffective|p2a: Tyranitar|1\n|-damage|p2a: Tyranitar|57/100\n|-damage|p2b: Primarina|38/100\n|move|p1b: Charizard|Heat Wave|p2b: Primarina|[spread] p2a,p2b\n|-resisted|p2a: Tyranitar|1\n|-resisted|p2b: Primarina|1\n|-damage|p2a: Tyranitar|33/100\n|-damage|p2b: Primarina|4/100\n|move|p2b: Primarina|Icy Wind|p1a: Garchomp|[spread] p1a,p1b\n|-supereffective|p1a: Garchomp|2\n|-damage|p1a: Garchomp|0 fnt\n|-damage|p1b: Charizard|81/100\n|-unboost|p1b: Charizard|spe|1\n|faint|p1a: Garchomp\n|move|p2a: Tyranitar|Rock Slide|p1b: Charizard|[miss]\n|-miss|p2a: Tyranitar|p1b: Charizard\n|\n|-weather|SunnyDay|[upkeep]\n|upkeep\n|\n|t:|1776077955\n|switch|p1a: Sneasler|Sneasler, L50, M|100/100\n|turn|4\n|\n|t:|1776077972\n|move|p1a: Sneasler|Close Combat|p2a: Tyranitar\n|-supereffective|p2a: Tyranitar|2\n|-damage|p2a: Tyranitar|0 fnt\n|-unboost|p1a: Sneasler|def|1\n|-unboost|p1a: Sneasler|spd|1\n|faint|p2a: Tyranitar\n|-enditem|p1a: Sneasler|White Herb\n|-clearnegativeboost|p1a: Sneasler|[silent]\n|move|p2b: Primarina|Hyper Voice|p1a: Sneasler|[spread] p1a,p1b\n|-supereffective|p1b: Charizard|1\n|-damage|p1a: Sneasler|70/100\n|-damage|p1b: Charizard|38/100\n|move|p1b: Charizard|Heat Wave|p2b: Primarina\n|-resisted|p2b: Primarina|1\n|-damage|p2b: Primarina|0 fnt\n|faint|p2b: Primarina\n|\n|-weather|SunnyDay|[upkeep]\n|upkeep\n|\n|t:|1776077975\n|switch|p2b: Corviknight|Corviknight, L50, M|100/100\n|switch|p2a: Maushold|Maushold-Four, L50|100/100\n|turn|5\n|\n|t:|1776077995\n|move|p1a: Sneasler|Close Combat|p2a: Maushold\n|-supereffective|p2a: Maushold|1\n|-enditem|p2a: Maushold|Focus Sash\n|-damage|p2a: Maushold|1/100\n|-unboost|p1a: Sneasler|def|1\n|-unboost|p1a: Sneasler|spd|1\n|move|p2a: Maushold|Population Bomb|p1b: Charizard\n|-damage|p1b: Charizard|31/100\n|-damage|p1b: Charizard|23/100\n|-damage|p1b: Charizard|16/100\n|-damage|p1b: Charizard|8/100\n|-damage|p1b: Charizard|0 fnt\n|faint|p1b: Charizard\n|-hitcount|p1: Charizard|5\n|move|p2b: Corviknight|Tailwind|p2b: Corviknight\n|-sidestart|p2: Crene|move: Tailwind\n|\n|-weather|SunnyDay|[upkeep]\n|upkeep\n|\n|t:|1776078011\n|switch|p1b: Incineroar|Incineroar, L50, M|9/100\n|-ability|p1b: Incineroar|Intimidate|boost\n|-unboost|p2a: Maushold|atk|1\n|-ability|p2b: Corviknight|Mirror Armor\n|-unboost|p1b: Incineroar|atk|1\n|turn|6\n|\n|t:|1776078028\n|move|p1b: Incineroar|Fake Out|p2b: Corviknight\n|-resisted|p2b: Corviknight|1\n|-damage|p2b: Corviknight|99/100\n|move|p2a: Maushold|Population Bomb|p1a: Sneasler\n|-damage|p1a: Sneasler|60/100\n|-damage|p1a: Sneasler|50/100\n|-damage|p1a: Sneasler|40/100\n|-damage|p1a: Sneasler|30/100\n|-damage|p1a: Sneasler|20/100\n|-damage|p1a: Sneasler|10/100\n|-damage|p1a: Sneasler|0 fnt\n|faint|p1a: Sneasler\n|-hitcount|p1: Sneasler|7\n|cant|p2b: Corviknight|flinch\n|\n|-weather|none\n|-heal|p2b: Corviknight|100/100|[from] item: Leftovers\n|upkeep\n|turn|7\n|-message|Indis forfeited.\n|\n|win|Crene\n|raw|Indis's rating: 1118 &rarr; <strong>1088</strong><br />(-30 for losing)\n|raw|Crene's rating: 1042 &rarr; <strong>1083</strong><br />(+41 for winning)\n|l|\u2606Indis\n|player|p1|\n",
  "uploadtime": 1776078052,
  "views": 18,
  "formatid": "gen9championsvgc2026regma",
  "rating": 1083,
  "private": 0,
  "password": null
}