{
  "id": "gen9championsvgc2026regma-2588076298",
  "format": "[Gen 9 Champions] VGC 2026 Reg M-A",
  "players": [
    "LuBum_",
    "RomanTogepi"
  ],
  "log": "|j|\u2606LuBum_\n|j|\u2606RomanTogepi\n|t:|1776601480\n|gametype|doubles\n|player|p1|LuBum_|2|1149\n|player|p2|RomanTogepi|swimmer-gen4dp|1200\n|gen|9\n|tier|[Gen 9 Champions] VGC 2026 Reg M-A\n|rated|\n|rule|Species Clause: Limit one of each Pok\u00e9mon\n|rule|Item Clause: Limit 1 of each item\n|clearpoke\n|poke|p1|Froslass, L50, F|\n|poke|p1|Arcanine-Hisui, L50, M, shiny|\n|poke|p1|Farigiraf, L50, F|\n|poke|p1|Torterra, L50, M|\n|poke|p1|Rotom-Wash, L50, shiny|\n|poke|p1|Kingambit, L50, F, shiny|\n|poke|p2|Gengar, L50, M|\n|poke|p2|Incineroar, L50, M|\n|poke|p2|Kommo-o, L50, F|\n|poke|p2|Tyranitar, L50, M, shiny|\n|poke|p2|Sinistcha-Masterpiece, L50|\n|poke|p2|Kingambit, L50, M|\n|teampreview|4\n|\n|t:|1776601537\n|teamsize|p1|4\n|teamsize|p2|4\n|start\n|switch|p1a: Rotom|Rotom-Wash, L50, shiny|100/100\n|switch|p1b: Froslass|Froslass, L50, F|100/100\n|switch|p2a: Gengar|Gengar, L50, M|100/100\n|switch|p2b: Kingambit|Kingambit, L50, M|100/100\n|turn|1\n|\n|t:|1776601560\n|detailschange|p2a: Gengar|Gengar-Mega, L50, M\n|-mega|p2a: Gengar|Gengar|Gengarite\n|move|p1b: Froslass|Protect|p1b: Froslass\n|-singleturn|p1b: Froslass|Protect\n|move|p2b: Kingambit|Sucker Punch||[still]\n|-fail|p2b: Kingambit\n|move|p2a: Gengar|Shadow Ball|p1b: Froslass\n|-activate|p1b: Froslass|move: Protect\n|move|p1a: Rotom|Electroweb|p2a: Gengar|[spread] p2a,p2b\n|-damage|p2a: Gengar|84/100\n|-damage|p2b: Kingambit|86/100\n|-unboost|p2a: Gengar|spe|1\n|-unboost|p2b: Kingambit|spe|1\n|-ability|p2b: Kingambit|Defiant|boost\n|-boost|p2b: Kingambit|atk|2\n|\n|upkeep\n|turn|2\n|\n|t:|1776601586\n|detailschange|p1b: Froslass|Froslass-Mega, L50, F\n|-mega|p1b: Froslass|Froslass|Froslassite\n|-weather|Snowscape|[from] ability: Snow Warning|[of] p1b: Froslass\n|move|p2b: Kingambit|Sucker Punch||[still]\n|-fail|p2b: Kingambit\n|move|p1b: Froslass|Aurora Veil|p1b: Froslass\n|-sidestart|p1: LuBum_|move: Aurora Veil\n|move|p1a: Rotom|Volt Switch|p2b: Kingambit\n|-damage|p2b: Kingambit|62/100\n|\n|t:|1776601601\n|switch|p1a: Kingambit|Kingambit, L50, F, shiny|100/100|[from] Volt Switch\n|move|p2a: Gengar|Sludge Bomb|p1a: Kingambit\n|-immune|p1a: Kingambit\n|\n|-weather|Snowscape|[upkeep]\n|upkeep\n|turn|3\n|\n|t:|1776601624\n|switch|p1b: Farigiraf|Farigiraf, L50, F|100/100\n|switch|p2a: Sinistcha|Sinistcha-Masterpiece, L50|100/100\n|-heal|p2b: Kingambit|87/100|[from] ability: Hospitality|[of] p2a: Sinistcha\n|move|p1a: Kingambit|Low Kick|p2b: Kingambit\n|-supereffective|p2b: Kingambit|2\n|-enditem|p2b: Kingambit|Chople Berry|[eat]\n|-enditem|p2b: Kingambit|Chople Berry|[weaken]\n|-damage|p2b: Kingambit|26/100\n|move|p2b: Kingambit|Low Kick|p1a: Kingambit\n|-supereffective|p1a: Kingambit|2\n|-enditem|p1a: Kingambit|Focus Sash\n|-damage|p1a: Kingambit|1/100\n|\n|-weather|Snowscape|[upkeep]\n|upkeep\n|turn|4\n|\n|t:|1776601661\n|switch|p1a: Froslass|Froslass-Mega, L50, F|100/100\n|move|p2a: Sinistcha|Matcha Gotcha|p1a: Froslass|[spread] p1a\n|-miss|p2a: Sinistcha|p1b: Farigiraf\n|-damage|p1a: Froslass|77/100\n|move|p1b: Farigiraf|Psychic|p2a: Sinistcha\n|-damage|p2a: Sinistcha|67/100\n|move|p2b: Kingambit|Iron Head|p1b: Farigiraf\n|-damage|p1b: Farigiraf|48/100\n|-enditem|p1b: Farigiraf|Sitrus Berry|[eat]\n|-heal|p1b: Farigiraf|73/100|[from] item: Sitrus Berry\n|\n|-weather|Snowscape|[upkeep]\n|upkeep\n|turn|5\n|\n|t:|1776601682\n|switch|p2a: Tyranitar|Tyranitar, L50, M, shiny|100/100\n|-weather|Sandstorm|[from] ability: Sand Stream|[of] p2a: Tyranitar\n|move|p1b: Farigiraf|Helping Hand|p1a: Froslass\n|-singleturn|p1a: Froslass|Helping Hand|[of] p1b: Farigiraf\n|move|p2b: Kingambit|Protect|p2b: Kingambit\n|-singleturn|p2b: Kingambit|Protect\n|move|p1a: Froslass|Blizzard|p2a: Tyranitar|[spread] p2a\n|-activate|p2b: Kingambit|move: Protect\n|-damage|p2a: Tyranitar|56/100\n|\n|-weather|Sandstorm|[upkeep]\n|-damage|p1a: Froslass|71/100|[from] Sandstorm\n|-damage|p1b: Farigiraf|67/100|[from] Sandstorm\n|upkeep\n|turn|6\n|\n|t:|1776601707\n|switch|p1a: Rotom|Rotom-Wash, L50, shiny|100/100\n|switch|p2a: Sinistcha|Sinistcha-Masterpiece, L50|67/100\n|-heal|p2b: Kingambit|51/100|[from] ability: Hospitality|[of] p2a: Sinistcha\n|move|p1b: Farigiraf|Protect|p1b: Farigiraf\n|-singleturn|p1b: Farigiraf|Protect\n|move|p2b: Kingambit|Iron Head|p1b: Farigiraf\n|-activate|p1b: Farigiraf|move: Protect\n|\n|-weather|Sandstorm|[upkeep]\n|-damage|p1a: Rotom|94/100|[from] Sandstorm\n|-damage|p2a: Sinistcha|61/100|[from] Sandstorm\n|-damage|p1b: Farigiraf|61/100|[from] Sandstorm\n|-sideend|p1: LuBum_|move: Aurora Veil\n|upkeep\n|turn|7\n|\n|t:|1776601733\n|move|p1b: Farigiraf|Ally Switch|p1b: Farigiraf\n|swap|p1b: Farigiraf|0|[from] move: Ally Switch\n|move|p1b: Rotom|Hydro Pump|p2b: Kingambit\n|-damage|p2b: Kingambit|9/100\n|move|p2a: Sinistcha|Matcha Gotcha|p1b: Rotom|[spread] p1a,p1b\n|-supereffective|p1b: Rotom|1\n|-damage|p1a: Farigiraf|38/100\n|-heal|p2a: Sinistcha|75/100|[from] drain|[of] p1a: Farigiraf\n|-damage|p1b: Rotom|31/100\n|-heal|p2a: Sinistcha|100/100|[from] drain|[of] p1b: Rotom\n|-status|p1a: Farigiraf|brn\n|move|p2b: Kingambit|Iron Head|p1b: Rotom\n|-resisted|p1b: Rotom|2\n|-damage|p1b: Rotom|7/100\n|\n|-weather|Sandstorm|[upkeep]\n|-damage|p1b: Rotom|1/100|[from] Sandstorm\n|-damage|p2a: Sinistcha|94/100|[from] Sandstorm\n|-damage|p1a: Farigiraf|32/100 brn|[from] Sandstorm\n|-damage|p1a: Farigiraf|26/100 brn|[from] brn\n|upkeep\n|turn|8\n|\n|t:|1776601775\n|move|p1a: Farigiraf|Protect|p1a: Farigiraf\n|-singleturn|p1a: Farigiraf|Protect\n|move|p2b: Kingambit|Protect|p2b: Kingambit\n|-singleturn|p2b: Kingambit|Protect\n|move|p1b: Rotom|Volt Switch|p2a: Sinistcha\n|-resisted|p2a: Sinistcha|1\n|-damage|p2a: Sinistcha|81/100\n|\n|t:|1776601785\n|switch|p1b: Froslass|Froslass-Mega, L50, F|71/100|[from] Volt Switch\n|-weather|Snowscape|[from] ability: Snow Warning|[of] p1b: Froslass\n|move|p2a: Sinistcha|Matcha Gotcha|p1b: Froslass|[spread] p1b\n|-activate|p1a: Farigiraf|move: Protect\n|-damage|p1b: Froslass|34/100\n|-heal|p2a: Sinistcha|97/100|[from] drain|[of] p1b: Froslass\n|\n|-weather|Snowscape|[upkeep]\n|-damage|p1a: Farigiraf|20/100 brn|[from] brn\n|upkeep\n|turn|9\n|\n|t:|1776601826\n|switch|p2b: Tyranitar|Tyranitar, L50, M, shiny|56/100\n|-weather|Sandstorm|[from] ability: Sand Stream|[of] p2b: Tyranitar\n|move|p1a: Farigiraf|Helping Hand|p1b: Froslass\n|-singleturn|p1b: Froslass|Helping Hand|[of] p1a: Farigiraf\n|move|p1b: Froslass|Blizzard|p2b: Tyranitar|[spread] p2a,p2b\n|-supereffective|p2a: Sinistcha|1\n|-damage|p2a: Sinistcha|0 fnt\n|-damage|p2b: Tyranitar|8/100\n|faint|p2a: Sinistcha\n|\n|-weather|Sandstorm|[upkeep]\n|-damage|p1b: Froslass|27/100|[from] Sandstorm\n|-damage|p1a: Farigiraf|13/100 brn|[from] Sandstorm\n|-damage|p1a: Farigiraf|7/100 brn|[from] brn\n|upkeep\n|\n|t:|1776601836\n|switch|p2a: Gengar|Gengar-Mega, L50, M|84/100\n|turn|10\n|inactive|Battle timer is ON: inactive players will automatically lose when time's up. (requested by RomanTogepi)\n|\n|t:|1776601868\n|move|p1a: Farigiraf|Ally Switch|p1a: Farigiraf\n|swap|p1a: Farigiraf|1|[from] move: Ally Switch\n|move|p2a: Gengar|Shadow Ball|p1b: Farigiraf\n|-immune|p1b: Farigiraf\n|move|p1a: Froslass|Shadow Ball|p2a: Gengar\n|-supereffective|p2a: Gengar|1\n|-damage|p2a: Gengar|0 fnt\n|faint|p2a: Gengar\n|move|p2b: Tyranitar|Rock Slide|p1a: Froslass|[spread] \n|-miss|p2b: Tyranitar|p1a: Froslass\n|-miss|p2b: Tyranitar|p1b: Farigiraf\n|\n|-weather|Sandstorm|[upkeep]\n|-damage|p1a: Froslass|21/100|[from] Sandstorm\n|-damage|p1b: Farigiraf|1/100 brn|[from] Sandstorm\n|-damage|p1b: Farigiraf|0 fnt|[from] brn\n|faint|p1b: Farigiraf\n|upkeep\n|-message|RomanTogepi forfeited.\n|\n|win|LuBum_\n|raw|LuBum_'s rating: 1149 &rarr; <strong>1178</strong><br />(+29 for winning)\n|raw|RomanTogepi's rating: 1200 &rarr; <strong>1171</strong><br />(-29 for losing)\n|l|\u2606RomanTogepi\n|player|p2|\n",
  "uploadtime": 1776601891,
  "views": 26,
  "formatid": "gen9championsvgc2026regma",
  "rating": 1171,
  "private": 0,
  "password": null
}