{
  "id": "gen9championsvgc2026regma-2583341858",
  "format": "[Gen 9 Champions] VGC 2026 Reg M-A",
  "players": [
    "NathanaelW19",
    "erikbound"
  ],
  "log": "|j|\u2606NathanaelW19\n|j|\u2606erikbound\n|t:|1776168527\n|gametype|doubles\n|player|p1|NathanaelW19|dragontamer|1226\n|player|p2|erikbound|169|1286\n|gen|9\n|tier|[Gen 9 Champions] VGC 2026 Reg M-A\n|rated|\n|rule|Species Clause: Limit one of each Pok\u00e9mon\n|rule|Item Clause: Limit 1 of each item\n|clearpoke\n|poke|p1|Excadrill, L50, M|\n|poke|p1|Tyranitar, L50, F|\n|poke|p1|Scizor, L50, F|\n|poke|p1|Kommo-o, L50, M|\n|poke|p1|Aerodactyl, L50, F|\n|poke|p1|Meganium, L50, M|\n|poke|p2|Tyranitar, L50, M|\n|poke|p2|Lycanroc, L50, M|\n|poke|p2|Excadrill, L50, F|\n|poke|p2|Sinistcha, L50|\n|poke|p2|Primarina, L50, M|\n|poke|p2|Kommo-o, L50, M|\n|teampreview|4\n|inactive|Battle timer is ON: inactive players will automatically lose when time's up. (requested by NathanaelW19)\n|j| future wolfey 28\n|inactive|NathanaelW19 has 60 seconds left.\n|inactive|erikbound has 60 seconds left.\n|\n|t:|1776168578\n|teamsize|p1|4\n|teamsize|p2|4\n|start\n|switch|p1a: Tyranitar|Tyranitar, L50, F, shiny|100/100\n|switch|p1b: Aerodactyl|Aerodactyl, L50, F|100/100\n|switch|p2a: Tyranitar|Tyranitar, L50, M|100/100\n|switch|p2b: Sinistcha|Sinistcha, L50|100/100\n|-ability|p1b: Aerodactyl|Unnerve\n|-weather|Sandstorm|[from] ability: Sand Stream|[of] p1a: Tyranitar\n|turn|1\n|\n|t:|1776168599\n|detailschange|p1a: Tyranitar|Tyranitar-Mega, L50, F, shiny\n|-mega|p1a: Tyranitar|Tyranitar|Tyranitarite\n|move|p2b: Sinistcha|Rage Powder|p2b: Sinistcha\n|-singleturn|p2b: Sinistcha|move: Rage Powder\n|move|p1b: Aerodactyl|Dual Wingbeat|p2b: Sinistcha\n|-supereffective|p2b: Sinistcha|1\n|-damage|p2b: Sinistcha|72/100\n|-supereffective|p2b: Sinistcha|1\n|-crit|p2b: Sinistcha\n|-damage|p2b: Sinistcha|27/100\n|-hitcount|p2b: Sinistcha|2\n|move|p1a: Tyranitar|Knock Off|p2b: Sinistcha\n|-supereffective|p2b: Sinistcha|1\n|-damage|p2b: Sinistcha|0 fnt\n|-enditem|p2b: Sinistcha|Sitrus Berry|[from] move: Knock Off|[of] p1a: Tyranitar\n|faint|p2b: Sinistcha\n|move|p2a: Tyranitar|Low Kick|p1a: Tyranitar\n|-supereffective|p1a: Tyranitar|2\n|-damage|p1a: Tyranitar|0 fnt\n|faint|p1a: Tyranitar\n|\n|-weather|Sandstorm|[upkeep]\n|upkeep\n|\n|t:|1776168617\n|switch|p1a: Kommo-o|Kommo-o, L50, M|100/100\n|switch|p2b: Excadrill|Excadrill, L50, F|100/100\n|turn|2\n|c|\u2606NathanaelW19|Damn it\n|c|\u2606NathanaelW19|i megad wrong one\n|c|\u2606NathanaelW19|ggs\n|\n|t:|1776168634\n|switch|p2a: Primarina|Primarina, L50, M|100/100\n|move|p2b: Excadrill|Iron Head|p1b: Aerodactyl\n|-supereffective|p1b: Aerodactyl|1\n|-enditem|p1b: Aerodactyl|Focus Sash\n|-damage|p1b: Aerodactyl|1/100\n|move|p1b: Aerodactyl|Tailwind|p1b: Aerodactyl\n|-sidestart|p1: NathanaelW19|move: Tailwind\n|move|p1a: Kommo-o|Aura Sphere|p2b: Excadrill\n|-supereffective|p2b: Excadrill|1\n|-damage|p2b: Excadrill|0 fnt\n|faint|p2b: Excadrill\n|\n|-weather|Sandstorm|[upkeep]\n|-damage|p2a: Primarina|95/100|[from] Sandstorm\n|upkeep\n|c|\u2606NathanaelW19|autoclicked lol\n|\n|t:|1776168646\n|switch|p2b: Tyranitar|Tyranitar, L50, M|100/100\n|turn|3\n|\n|t:|1776168665\n|move|p1a: Kommo-o|Protect|p1a: Kommo-o\n|-singleturn|p1a: Kommo-o|Protect\n|move|p2b: Tyranitar|Protect|p2b: Tyranitar\n|-singleturn|p2b: Tyranitar|Protect\n|move|p1b: Aerodactyl|Dual Wingbeat|p2a: Primarina\n|-crit|p2a: Primarina\n|-damage|p2a: Primarina|62/100\n|-damage|p2a: Primarina|41/100\n|-hitcount|p2a: Primarina|2\n|move|p2a: Primarina|Dazzling Gleam|p1b: Aerodactyl|[spread] p1b\n|-activate|p1a: Kommo-o|move: Protect\n|-damage|p1b: Aerodactyl|0 fnt\n|faint|p1b: Aerodactyl\n|\n|-weather|Sandstorm|[upkeep]\n|-damage|p2a: Primarina|35/100|[from] Sandstorm\n|upkeep\n|\n|t:|1776168675\n|switch|p1b: Meganium|Meganium, L50, M|100/100\n|turn|4\n|\n|t:|1776168690\n|detailschange|p2b: Tyranitar|Tyranitar-Mega, L50, M\n|-mega|p2b: Tyranitar|Tyranitar|Tyranitarite\n|move|p1b: Meganium|Weather Ball|p2a: Primarina\n|-damage|p2a: Primarina|13/100\n|move|p1a: Kommo-o|Aura Sphere|p2b: Tyranitar\n|-supereffective|p2b: Tyranitar|2\n|-damage|p2b: Tyranitar|25/100\n|move|p2b: Tyranitar|Rock Slide|p1a: Kommo-o|[spread] p1a,p1b\n|-resisted|p1a: Kommo-o|1\n|-damage|p1a: Kommo-o|84/100\n|-damage|p1b: Meganium|61/100\n|move|p2a: Primarina|Dazzling Gleam|p1b: Meganium|[spread] p1a,p1b\n|-supereffective|p1a: Kommo-o|2\n|-damage|p1a: Kommo-o|0 fnt\n|-damage|p1b: Meganium|15/100\n|faint|p1a: Kommo-o\n|\n|-weather|Sandstorm|[upkeep]\n|-damage|p1b: Meganium|9/100|[from] Sandstorm\n|-damage|p2a: Primarina|7/100|[from] Sandstorm\n|upkeep\n|turn|5\n|\n|t:|1776168713\n|move|p1b: Meganium|Dazzling Gleam|p2a: Primarina|[spread] p2a,p2b\n|-supereffective|p2b: Tyranitar|1\n|-damage|p2a: Primarina|0 fnt\n|-damage|p2b: Tyranitar|10/100\n|faint|p2a: Primarina\n|move|p2b: Tyranitar|Rock Slide|p1b: Meganium\n|-damage|p1b: Meganium|0 fnt\n|faint|p1b: Meganium\n|\n|win|erikbound\n|raw|NathanaelW19's rating: 1226 &rarr; <strong>1205</strong><br />(-21 for losing)\n|raw|erikbound's rating: 1286 &rarr; <strong>1307</strong><br />(+21 for winning)\n",
  "uploadtime": 1776168718,
  "views": 18,
  "formatid": "gen9championsvgc2026regma",
  "rating": 1205,
  "private": 0,
  "password": null
}