{
  "id": "gen9championsvgc2026regma-2583489238",
  "format": "[Gen 9 Champions] VGC 2026 Reg M-A",
  "players": [
    "weballin123",
    "Shadowflamepkm"
  ],
  "log": "|j|\u2606weballin123\n|j|\u2606Shadowflamepkm\n|t:|1776178897\n|gametype|doubles\n|player|p1|weballin123|2|1115\n|player|p2|Shadowflamepkm|red|1045\n|gen|9\n|tier|[Gen 9 Champions] VGC 2026 Reg M-A\n|rated|\n|rule|Species Clause: Limit one of each Pok\u00e9mon\n|rule|Item Clause: Limit 1 of each item\n|clearpoke\n|poke|p1|Aggron, L50, M|\n|poke|p1|Sinistcha, L50|\n|poke|p1|Tyranitar, L50, M|\n|poke|p1|Milotic, L50, F|\n|poke|p1|Sneasler, L50, M|\n|poke|p1|Sableye, L50, M|\n|poke|p2|Charizard, L50, M|\n|poke|p2|Venusaur, L50, M|\n|poke|p2|Sneasler, L50, F|\n|poke|p2|Incineroar, L50, F|\n|poke|p2|Farigiraf, L50, M|\n|poke|p2|Torkoal, L50, F|\n|teampreview|4\n|inactive|Battle timer is ON: inactive players will automatically lose when time's up. (requested by weballin123)\n|c|\u2606Shadowflamepkm|Glhf\n|inactive|weballin123 has 60 seconds left.\nShadowflamepkm rejected open team sheets.\n|inactive|weballin123 has 30 seconds left.\n|inactive|weballin123 has 20 seconds left.\n|inactive|weballin123 has 15 seconds left.\n|\n|t:|1776179006\n|teamsize|p1|4\n|teamsize|p2|4\n|start\n|switch|p1a: Milotic|Milotic, L50, F|100/100\n|switch|p1b: Sinistcha|Sinistcha, L50|100/100\n|switch|p2a: Sneasler|Sneasler, L50, F|100/100\n|switch|p2b: Farigiraf|Farigiraf, L50, M|100/100\n|turn|1\n|\n|t:|1776179025\n|move|p1a: Milotic|Protect|p1a: Milotic\n|-singleturn|p1a: Milotic|Protect\n|move|p2a: Sneasler|Close Combat|p1a: Milotic\n|-activate|p1a: Milotic|move: Protect\n|move|p2b: Farigiraf|Psychic|p1a: Milotic\n|-activate|p1a: Milotic|move: Protect\n|move|p1b: Sinistcha|Trick Room|p1b: Sinistcha\n|-fieldstart|move: Trick Room|[of] p1b: Sinistcha\n|\n|upkeep\n|turn|2\n|\n|t:|1776179039\n|move|p2a: Sneasler|Protect|p2a: Sneasler\n|-singleturn|p2a: Sneasler|Protect\n|move|p1b: Sinistcha|Matcha Gotcha|p2b: Farigiraf|[spread] p2b\n|-activate|p2a: Sneasler|move: Protect\n|-damage|p2b: Farigiraf|82/100\n|move|p1a: Milotic|Scald|p2a: Sneasler\n|-activate|p2a: Sneasler|move: Protect\n|move|p2b: Farigiraf|Trick Room|p2b: Farigiraf\n|-fieldend|move: Trick Room\n|\n|upkeep\n|turn|3\n|\n|t:|1776179055\n|move|p2a: Sneasler|Dire Claw|p1b: Sinistcha\n|-damage|p1b: Sinistcha|73/100\n|move|p1a: Milotic|Scald|p2a: Sneasler\n|-damage|p2a: Sneasler|63/100\n|move|p1b: Sinistcha|Matcha Gotcha|p2b: Farigiraf|[spread] p2a,p2b\n|-resisted|p2a: Sneasler|1\n|-damage|p2a: Sneasler|48/100\n|-heal|p1b: Sinistcha|80/100|[from] drain|[of] p2a: Sneasler\n|-damage|p2b: Farigiraf|64/100\n|-heal|p1b: Sinistcha|90/100|[from] drain|[of] p2b: Farigiraf\n|-status|p2b: Farigiraf|brn\n|move|p2b: Farigiraf|Psychic|p1b: Sinistcha\n|-damage|p1b: Sinistcha|49/100\n|\n|-heal|p1b: Sinistcha|55/100|[from] item: Leftovers\n|-damage|p2b: Farigiraf|58/100 brn|[from] brn\n|upkeep\n|turn|4\n|inactive|weballin123 has 30 seconds left.\n|\n|t:|1776179085\n|move|p1b: Sinistcha|Protect|p1b: Sinistcha\n|-singleturn|p1b: Sinistcha|Protect\n|move|p2a: Sneasler|Close Combat|p1a: Milotic\n|-damage|p1a: Milotic|57/100\n|-unboost|p2a: Sneasler|def|1\n|-unboost|p2a: Sneasler|spd|1\n|move|p1a: Milotic|Life Dew|p1a: Milotic|[spread] p1a,p1b\n|-heal|p1a: Milotic|82/100\n|-heal|p1b: Sinistcha|80/100\n|move|p2b: Farigiraf|Psychic|p1b: Sinistcha\n|-activate|p1b: Sinistcha|move: Protect\n|\n|-heal|p1b: Sinistcha|86/100|[from] item: Leftovers\n|-damage|p2b: Farigiraf|52/100 brn|[from] brn\n|upkeep\n|turn|5\n|\n|t:|1776179100\n|move|p2a: Sneasler|Dire Claw|p1a: Milotic\n|-damage|p1a: Milotic|52/100\n|-status|p1a: Milotic|psn\n|move|p1a: Milotic|Scald|p2a: Sneasler\n|-damage|p2a: Sneasler|0 fnt\n|faint|p2a: Sneasler\n|move|p2b: Farigiraf|Psychic|p1a: Milotic\n|-damage|p1a: Milotic|24/100 psn\n|-unboost|p1a: Milotic|spd|1\n|-ability|p1a: Milotic|Competitive|boost\n|-boost|p1a: Milotic|spa|2\n|-enditem|p1a: Milotic|Sitrus Berry|[eat]\n|-heal|p1a: Milotic|49/100 psn|[from] item: Sitrus Berry\n|move|p1b: Sinistcha|Trick Room|p1b: Sinistcha\n|-fieldstart|move: Trick Room|[of] p1b: Sinistcha\n|\n|-heal|p1b: Sinistcha|93/100|[from] item: Leftovers\n|-damage|p1a: Milotic|37/100 psn|[from] psn\n|-damage|p2b: Farigiraf|46/100 brn|[from] brn\n|upkeep\n|\n|t:|1776179110\n|switch|p2a: Charizard|Charizard, L50, M|100/100\n|turn|6\n|\n|t:|1776179120\n|detailschange|p2a: Charizard|Charizard-Mega-Y, L50, M\n|-mega|p2a: Charizard|Charizard|Charizardite Y\n|-weather|SunnyDay|[from] ability: Drought|[of] p2a: Charizard\n|move|p1b: Sinistcha|Matcha Gotcha|p2a: Charizard|[spread] p2a,p2b\n|-resisted|p2a: Charizard|2\n|-crit|p2b: Farigiraf\n|-damage|p2a: Charizard|95/100\n|-heal|p1b: Sinistcha|95/100|[from] drain|[of] p2a: Charizard\n|-damage|p2b: Farigiraf|19/100 brn\n|-heal|p1b: Sinistcha|100/100|[from] drain|[of] p2b: Farigiraf\n|move|p1a: Milotic|Life Dew||[still]|[spread] p1a,p1b\n|-heal|p1a: Milotic|62/100 psn\n|-fail|p1b: Sinistcha|heal\n|move|p2a: Charizard|Solar Beam||[still]\n|-prepare|p2a: Charizard|Solar Beam\n|-anim|p2a: Charizard|Solar Beam|p1a: Milotic\n|-supereffective|p1a: Milotic|1\n|-damage|p1a: Milotic|0 fnt\n|faint|p1a: Milotic\n|move|p2b: Farigiraf|Trick Room|p2b: Farigiraf\n|-fieldend|move: Trick Room\n|\n|-weather|SunnyDay|[upkeep]\n|-damage|p2b: Farigiraf|12/100 brn|[from] brn\n|upkeep\n|\n|t:|1776179140\n|switch|p1a: Tyranitar|Tyranitar, L50, M|100/100\n|-weather|Sandstorm|[from] ability: Sand Stream|[of] p1a: Tyranitar\n|turn|7\n|\n|t:|1776179160\n|switch|p2b: Incineroar|Incineroar, L50, F|100/100\n|-ability|p2b: Incineroar|Intimidate|boost\n|-unboost|p1a: Tyranitar|atk|1\n|-unboost|p1b: Sinistcha|atk|1\n|move|p2a: Charizard|Protect|p2a: Charizard\n|-singleturn|p2a: Charizard|Protect\n|move|p1b: Sinistcha|Protect|p1b: Sinistcha\n|-singleturn|p1b: Sinistcha|Protect\n|move|p1a: Tyranitar|Rock Slide|p2b: Incineroar|[spread] \n|-activate|p2a: Charizard|move: Protect\n|-miss|p1a: Tyranitar|p2b: Incineroar\n|\n|-weather|Sandstorm|[upkeep]\n|-damage|p2a: Charizard|89/100|[from] Sandstorm\n|-damage|p2b: Incineroar|94/100|[from] Sandstorm\n|-damage|p1b: Sinistcha|94/100|[from] Sandstorm\n|-heal|p1b: Sinistcha|100/100|[from] item: Leftovers\n|upkeep\n|turn|8\n|inactive|weballin123 has 30 seconds left.\n|inactive|weballin123 has 20 seconds left.\n|inactive|weballin123 has 15 seconds left.\n|inactive|weballin123 has 10 seconds left.\n|\n|t:|1776179207\n|switch|p1a: Sableye|Sableye, L50, M|100/100\n|move|p2b: Incineroar|Fake Out|p1a: Sableye\n|-immune|p1a: Sableye\n|move|p2a: Charizard|Heat Wave|p1a: Sableye|[spread] p1a\n|-miss|p2a: Charizard|p1b: Sinistcha\n|-damage|p1a: Sableye|49/100\n|move|p1b: Sinistcha|Matcha Gotcha|p2a: Charizard|[spread] p2a,p2b\n|-resisted|p2a: Charizard|2\n|-resisted|p2b: Incineroar|1\n|-damage|p2a: Charizard|82/100\n|-damage|p2b: Incineroar|85/100\n|\n|-weather|Sandstorm|[upkeep]\n|-damage|p2a: Charizard|76/100|[from] Sandstorm\n|-damage|p2b: Incineroar|79/100|[from] Sandstorm\n|-damage|p1a: Sableye|43/100|[from] Sandstorm\n|-damage|p1b: Sinistcha|94/100|[from] Sandstorm\n|-heal|p1b: Sinistcha|100/100|[from] item: Leftovers\n|upkeep\n|turn|9\n|inactive|weballin123 has 30 seconds left.\n|inactive|weballin123 has 20 seconds left.\n|inactive|Shadowflamepkm has 30 seconds left.\n|inactive|weballin123 has 15 seconds left.\n|inactive|weballin123 has 10 seconds left.\n|\n|t:|1776179259\n|switch|p2a: Farigiraf|Farigiraf, L50, M|12/100 brn\n|move|p1b: Sinistcha|Protect|p1b: Sinistcha\n|-singleturn|p1b: Sinistcha|Protect\n|move|p1a: Sableye|Encore||[still]\n|cant|p2a: Farigiraf|ability: Armor Tail|Encore|[of] p1a: Sableye\n|move|p2b: Incineroar|Flare Blitz|p1b: Sinistcha\n|-activate|p1b: Sinistcha|move: Protect\n|\n|-weather|Sandstorm|[upkeep]\n|-damage|p2b: Incineroar|73/100|[from] Sandstorm\n|-damage|p1a: Sableye|37/100|[from] Sandstorm\n|-damage|p1b: Sinistcha|94/100|[from] Sandstorm\n|-damage|p2a: Farigiraf|6/100 brn|[from] Sandstorm\n|-heal|p1b: Sinistcha|100/100|[from] item: Leftovers\n|-damage|p2a: Farigiraf|0 fnt|[from] brn\n|faint|p2a: Farigiraf\n|upkeep\n|\n|t:|1776179264\n|switch|p2a: Charizard|Charizard-Mega-Y, L50, M|76/100\n|-weather|SunnyDay|[from] ability: Drought|[of] p2a: Charizard\n|turn|10\n|\n|t:|1776179288\n|move|p1b: Sinistcha|Protect|p1b: Sinistcha\n|-singleturn|p1b: Sinistcha|Protect\n|move|p2a: Charizard|Heat Wave|p1b: Sinistcha|[spread] \n|-activate|p1b: Sinistcha|move: Protect\n|-miss|p2a: Charizard|p1a: Sableye\n|move|p2b: Incineroar|Darkest Lariat|p1a: Sableye\n|-damage|p1a: Sableye|0 fnt\n|faint|p1a: Sableye\n|\n|-weather|SunnyDay|[upkeep]\n|upkeep\n|\n|t:|1776179299\n|switch|p1a: Tyranitar|Tyranitar, L50, M|100/100\n|-weather|Sandstorm|[from] ability: Sand Stream|[of] p1a: Tyranitar\n|turn|11\n|\n|t:|1776179316\n|move|p1a: Tyranitar|Rock Slide|p2a: Charizard|[spread] p2a,p2b\n|-supereffective|p2a: Charizard|2\n|-supereffective|p2b: Incineroar|1\n|-damage|p2a: Charizard|0 fnt\n|-damage|p2b: Incineroar|25/100\n|-enditem|p2b: Incineroar|Sitrus Berry|[eat]\n|-heal|p2b: Incineroar|50/100|[from] item: Sitrus Berry\n|faint|p2a: Charizard\n|cant|p2b: Incineroar|flinch\n|move|p1b: Sinistcha|Matcha Gotcha|p2b: Incineroar\n|-resisted|p2b: Incineroar|1\n|-damage|p2b: Incineroar|38/100\n|\n|-weather|Sandstorm|[upkeep]\n|-damage|p2b: Incineroar|32/100|[from] Sandstorm\n|-damage|p1b: Sinistcha|94/100|[from] Sandstorm\n|-heal|p1b: Sinistcha|100/100|[from] item: Leftovers\n|upkeep\n|turn|12\n|c|\u2606Shadowflamepkm|That is some unfortunate rng\n|c|\u2606Shadowflamepkm|Gg\n|\n|t:|1776179336\n|move|p1a: Tyranitar|Rock Slide|p2b: Incineroar\n|-supereffective|p2b: Incineroar|1\n|-damage|p2b: Incineroar|0 fnt\n|faint|p2b: Incineroar\n|\n|win|weballin123\n|raw|weballin123's rating: 1115 &rarr; <strong>1135</strong><br />(+20 for winning)\n|raw|Shadowflamepkm's rating: 1045 &rarr; <strong>1032</strong><br />(-13 for losing)\n",
  "uploadtime": 1776179338,
  "views": 12,
  "formatid": "gen9championsvgc2026regma",
  "rating": 1032,
  "private": 0,
  "password": null
}