{
  "id": "gen9championsvgc2026regma-2588614815",
  "format": "[Gen 9 Champions] VGC 2026 Reg M-A",
  "players": [
    "2sweep4u",
    "Zolrain"
  ],
  "log": "|j|\u26062sweep4u\n|j|\u2606Zolrain\n|t:|1776650292\n|gametype|doubles\n|player|p1|2sweep4u|unknownf|1189\n|player|p2|Zolrain|1|1127\n|gen|9\n|tier|[Gen 9 Champions] VGC 2026 Reg M-A\n|rated|\n|rule|Species Clause: Limit one of each Pok\u00e9mon\n|rule|Item Clause: Limit 1 of each item\n|clearpoke\n|poke|p1|Sinistcha-Masterpiece, L50|\n|poke|p1|Blastoise, L50, M|\n|poke|p1|Pelipper, L50, M|\n|poke|p1|Archaludon, L50, F|\n|poke|p1|Whimsicott, L50, F|\n|poke|p1|Sneasler, L50, M|\n|poke|p2|Manectric, L50, F, shiny|\n|poke|p2|Farigiraf, L50, F, shiny|\n|poke|p2|Aegislash, L50, M, shiny|\n|poke|p2|Basculegion, L50, M|\n|poke|p2|Incineroar, L50, M|\n|poke|p2|Pelipper, L50, M|\n|teampreview|4\n|\n|t:|1776650358\n|teamsize|p1|4\n|teamsize|p2|4\n|start\n|switch|p1a: Sneasler|Sneasler, L50, M|100/100\n|switch|p1b: Archaludon|Archaludon, L50, F|100/100\n|switch|p2a: Manectric|Manectric, L50, F, shiny|100/100\n|switch|p2b: Farigiraf|Farigiraf, L50, F, shiny|100/100\n|turn|1\n|\n|t:|1776650386\n|switch|p2a: Aegislash|Aegislash, L50, M, shiny|100/100\n|move|p1a: Sneasler|Close Combat|p2a: Aegislash\n|-immune|p2a: Aegislash\n|move|p1b: Archaludon|Flash Cannon|p2a: Aegislash\n|-resisted|p2a: Aegislash|1\n|-damage|p2a: Aegislash|86/100\n|move|p2b: Farigiraf|Twin Beam|p1a: Sneasler\n|-supereffective|p1a: Sneasler|2\n|-damage|p1a: Sneasler|8/100\n|-supereffective|p1a: Sneasler|2\n|-damage|p1a: Sneasler|0 fnt\n|faint|p1a: Sneasler\n|-hitcount|p1: Sneasler|2\n|\n|upkeep\n|\n|t:|1776650396\n|switch|p1a: Whimsicott|Whimsicott, L50, F|100/100\n|turn|2\n|\n|t:|1776650416\n|move|p1a: Whimsicott|Tailwind|p1a: Whimsicott\n|-sidestart|p1: 2sweep4u|move: Tailwind\n|move|p1b: Archaludon|Electro Shot||[still]\n|-prepare|p1b: Archaludon|Electro Shot\n|-boost|p1b: Archaludon|spa|1\n|move|p2b: Farigiraf|Twin Beam|p1a: Whimsicott\n|-damage|p1a: Whimsicott|73/100\n|-damage|p1a: Whimsicott|44/100\n|-hitcount|p1a: Whimsicott|2\n|-formechange|p2a: Aegislash|Aegislash-Blade|\n|move|p2a: Aegislash|Iron Head|p1a: Whimsicott\n|-supereffective|p1a: Whimsicott|1\n|-damage|p1a: Whimsicott|0 fnt\n|faint|p1a: Whimsicott\n|\n|upkeep\n|\n|t:|1776650427\n|switch|p1a: Blastoise|Blastoise, L50, M|100/100\n|turn|3\n|\n|t:|1776650445\n|detailschange|p1a: Blastoise|Blastoise-Mega, L50, M\n|-mega|p1a: Blastoise|Blastoise|Blastoisinite\n|-formechange|p2a: Aegislash|Aegislash|\n|move|p2a: Aegislash|King's Shield|p2a: Aegislash\n|-singleturn|p2a: Aegislash|Protect\n|move|p1a: Blastoise|Water Spout|p2b: Farigiraf|[spread] p2b\n|-activate|p2a: Aegislash|move: Protect\n|-damage|p2b: Farigiraf|35/100\n|move|p1b: Archaludon|Electro Shot|p2a: Aegislash|[from] lockedmove\n|-activate|p2a: Aegislash|move: Protect\n|move|p2b: Farigiraf|Trick Room|p2b: Farigiraf\n|-fieldstart|move: Trick Room|[of] p2b: Farigiraf\n|\n|upkeep\n|turn|4\n|\n|t:|1776650462\n|move|p2b: Farigiraf|Helping Hand|p2a: Aegislash\n|-singleturn|p2a: Aegislash|Helping Hand|[of] p2b: Farigiraf\n|move|p1a: Blastoise|Protect|p1a: Blastoise\n|-singleturn|p1a: Blastoise|Protect\n|-formechange|p2a: Aegislash|Aegislash-Blade|\n|move|p2a: Aegislash|Close Combat|p1b: Archaludon\n|-supereffective|p1b: Archaludon|1\n|-damage|p1b: Archaludon|0 fnt\n|-unboost|p2a: Aegislash|def|1\n|-unboost|p2a: Aegislash|spd|1\n|faint|p1b: Archaludon\n|\n|upkeep\n|turn|5\n|c|\u2606Zolrain|lol\n|\n|t:|1776650497\n|-formechange|p2a: Aegislash|Aegislash|\n|move|p2a: Aegislash|King's Shield|p2a: Aegislash\n|-singleturn|p2a: Aegislash|Protect\n|move|p2b: Farigiraf|Twin Beam|p1a: Blastoise\n|-damage|p1a: Blastoise|81/100\n|-damage|p1a: Blastoise|64/100\n|-hitcount|p1a: Blastoise|2\n|move|p1a: Blastoise|Water Spout|p2b: Farigiraf|[spread] p2b\n|-activate|p2a: Aegislash|move: Protect\n|-damage|p2b: Farigiraf|0 fnt\n|faint|p2b: Farigiraf\n|\n|-sideend|p1: 2sweep4u|move: Tailwind\n|upkeep\n|\n|t:|1776650507\n|switch|p2b: Manectric|Manectric, L50, F, shiny|100/100\n|turn|6\n|\n|t:|1776650517\n|detailschange|p2b: Manectric|Manectric-Mega, L50, F, shiny\n|-mega|p2b: Manectric|Manectric|Manectite\n|-ability|p2b: Manectric|Intimidate|boost\n|-unboost|p1a: Blastoise|atk|1\n|-formechange|p2a: Aegislash|Aegislash-Blade|\n|move|p2a: Aegislash|Shadow Sneak|p1a: Blastoise\n|-damage|p1a: Blastoise|34/100\n|move|p1a: Blastoise|Dark Pulse|p2b: Manectric\n|-damage|p2b: Manectric|35/100\n|move|p2b: Manectric|Thunderbolt|p1a: Blastoise\n|-supereffective|p1a: Blastoise|1\n|-damage|p1a: Blastoise|0 fnt\n|faint|p1a: Blastoise\n|\n|win|Zolrain\n|raw|2sweep4u's rating: 1189 &rarr; <strong>1160</strong><br />(-29 for losing)\n|raw|Zolrain's rating: 1127 &rarr; <strong>1156</strong><br />(+29 for winning)\n",
  "uploadtime": 1776650518,
  "views": 8,
  "formatid": "gen9championsvgc2026regma",
  "rating": 1156,
  "private": 0,
  "password": null
}