{
  "id": "gen9championsvgc2026regma-2580428372",
  "format": "[Gen 9 Champions] VGC 2026 Reg M-A",
  "players": [
    "battler_2106",
    "IcarusIsBestGirl"
  ],
  "log": "|j|\u2606battler_2106\n|j|\u2606IcarusIsBestGirl\n|t:|1775895053\n|gametype|doubles\n|player|p1|battler_2106|cynthia-gen4|1000\n|player|p2|IcarusIsBestGirl|yellow|1014\n|gen|9\n|tier|[Gen 9 Champions] VGC 2026 Reg M-A\n|rated|\n|rule|Species Clause: Limit one of each Pok\u00e9mon\n|rule|Item Clause: Limit 1 of each item\n|clearpoke\n|poke|p1|Froslass, L50, F|\n|poke|p1|Rotom-Frost, L50|\n|poke|p1|Orthworm, L50, F|\n|poke|p1|Garchomp, L50, M|\n|poke|p1|Incineroar, L50, M|\n|poke|p1|Kingambit, L50, M|\n|poke|p2|Froslass, L50, F|\n|poke|p2|Kingambit, L50, M|\n|poke|p2|Clefable, L50, F|\n|poke|p2|Sneasler, L50, M|\n|poke|p2|Rotom-Wash, L50|\n|poke|p2|Garchomp, L50, M|\n|teampreview|4\nbattler_2106 rejected open team sheets.\n|\n|t:|1775895082\n|teamsize|p1|4\n|teamsize|p2|4\n|start\n|switch|p1a: Orthworm|Orthworm, L50, F|100/100\n|switch|p1b: Rotom|Rotom-Frost, L50|100/100\n|switch|p2a: Dark Blue Moon|Kingambit, L50, M, shiny|100/100\n|switch|p2b: Sharkquake|Garchomp, L50, M|100/100\n|turn|1\n|\n|t:|1775895127\n|move|p2b: Sharkquake|Stomping Tantrum|p1a: Orthworm\n|-immune|p1a: Orthworm|[from] ability: Earth Eater\n|move|p1b: Rotom|Blizzard|p2a: Dark Blue Moon|[spread] p2b\n|-miss|p1b: Rotom|p2a: Dark Blue Moon\n|-supereffective|p2b: Sharkquake|2\n|-damage|p2b: Sharkquake|0 fnt\n|faint|p2b: Sharkquake\n|move|p1a: Orthworm|Shed Tail|p1a: Orthworm\n|-start|p1a: Orthworm|Substitute|[from] move: Shed Tail\n|-damage|p1a: Orthworm|50/100\n|-enditem|p1a: Orthworm|Sitrus Berry|[eat]\n|-heal|p1a: Orthworm|75/100|[from] item: Sitrus Berry\n|\n|t:|1775895141\n|switch|p1a: Froslass|Froslass, L50, F|100/100|[from] Shed Tail\n|move|p2a: Dark Blue Moon|Swords Dance|p2a: Dark Blue Moon\n|-boost|p2a: Dark Blue Moon|atk|2\n|\n|upkeep\n|\n|t:|1775895159\n|switch|p2b: thing japan|Froslass, L50, F, shiny|100/100\n|turn|2\n|\n|t:|1775895174\n|detailschange|p1a: Froslass|Froslass-Mega, L50, F\n|-mega|p1a: Froslass|Froslass|Froslassite\n|-weather|Snowscape|[from] ability: Snow Warning|[of] p1a: Froslass\n|detailschange|p2b: thing japan|Froslass-Mega, L50, F, shiny\n|-mega|p2b: thing japan|Froslass|Froslassite\n|move|p1b: Rotom|Blizzard|p2a: Dark Blue Moon|[spread] p2a,p2b\n|-resisted|p2a: Dark Blue Moon|1\n|-resisted|p2b: thing japan|1\n|-damage|p2a: Dark Blue Moon|80/100\n|-damage|p2b: thing japan|81/100\n|move|p1a: Froslass|Blizzard|p2a: Dark Blue Moon|[spread] p2a,p2b\n|-resisted|p2a: Dark Blue Moon|1\n|-resisted|p2b: thing japan|1\n|-damage|p2a: Dark Blue Moon|55/100\n|-damage|p2b: thing japan|56/100\n|-status|p2a: Dark Blue Moon|frz\n|move|p2b: thing japan|Shadow Ball|p1a: Froslass\n|-supereffective|p1a: Froslass|1\n|-end|p1a: Froslass|Substitute\n|-curestatus|p2a: Dark Blue Moon|frz|[msg]\n|move|p2a: Dark Blue Moon|Kowtow Cleave|p1a: Froslass\n|-supereffective|p1a: Froslass|1\n|-damage|p1a: Froslass|0 fnt\n|faint|p1a: Froslass\n|\n|-weather|Snowscape|[upkeep]\n|upkeep\n|\n|t:|1775895201\n|switch|p1a: Garchomp|Garchomp, L50, M|100/100\n|turn|3\n|\n|t:|1775895211\n|move|p2a: Dark Blue Moon|Protect|p2a: Dark Blue Moon\n|-singleturn|p2a: Dark Blue Moon|Protect\n|move|p1b: Rotom|Blizzard|p2a: Dark Blue Moon|[spread] p2b\n|-activate|p2a: Dark Blue Moon|move: Protect\n|-resisted|p2b: thing japan|1\n|-damage|p2b: thing japan|37/100\n|move|p2b: thing japan|Aurora Veil|p2b: thing japan\n|-sidestart|p2: IcarusIsBestGirl|move: Aurora Veil\n|move|p1a: Garchomp|Dragon Claw|p2b: thing japan\n|-damage|p2b: thing japan|8/100\n|\n|-weather|Snowscape|[upkeep]\n|upkeep\n|turn|4\n|\n|t:|1775895232\n|move|p2b: thing japan|Protect|p2b: thing japan\n|-singleturn|p2b: thing japan|Protect\n|move|p2a: Dark Blue Moon|Sucker Punch|p1b: Rotom\n|-damage|p1b: Rotom|34/100\n|move|p1b: Rotom|Blizzard|p2b: thing japan|[spread] p2a\n|-activate|p2b: thing japan|move: Protect\n|-resisted|p2a: Dark Blue Moon|1\n|-damage|p2a: Dark Blue Moon|40/100\n|-status|p2a: Dark Blue Moon|frz\n|move|p1a: Garchomp|Earthquake|p2b: thing japan|[spread] p2a\n|-activate|p2b: thing japan|move: Protect\n|-immune|p1b: Rotom|[from] ability: Levitate\n|-supereffective|p2a: Dark Blue Moon|1\n|-damage|p2a: Dark Blue Moon|1/100 frz\n|\n|-weather|Snowscape|[upkeep]\n|upkeep\n|turn|5\n|\n|t:|1775895266\n|-curestatus|p2a: Dark Blue Moon|frz|[msg]\n|move|p2a: Dark Blue Moon|Sucker Punch|p1b: Rotom\n|-damage|p1b: Rotom|0 fnt\n|faint|p1b: Rotom\n|move|p2b: thing japan|Blizzard|p1a: Garchomp\n|-supereffective|p1a: Garchomp|2\n|-enditem|p1a: Garchomp|Focus Sash\n|-damage|p1a: Garchomp|1/100\n|move|p1a: Garchomp|Earthquake|p2a: Dark Blue Moon|[spread] p2a,p2b\n|-supereffective|p2a: Dark Blue Moon|1\n|-damage|p2a: Dark Blue Moon|0 fnt\n|-damage|p2b: thing japan|0 fnt\n|faint|p2a: Dark Blue Moon\n|faint|p2b: thing japan\n|\n|-weather|Snowscape|[upkeep]\n|upkeep\n|\n|t:|1775895280\n|switch|p2b: Claw of Hermos|Sneasler, L50, M, shiny|100/100\n|switch|p1b: Orthworm|Orthworm, L50, F|75/100\n|turn|6\n|\n|t:|1775895293\n|move|p2b: Claw of Hermos|Fake Out|p1a: Garchomp\n|-damage|p1a: Garchomp|0 fnt\n|-damage|p2b: Claw of Hermos|88/100|[from] ability: Rough Skin|[of] p1a: Garchomp\n|faint|p1a: Garchomp\n|move|p1b: Orthworm|Heavy Slam|p2b: Claw of Hermos\n|-damage|p2b: Claw of Hermos|46/100\n|\n|-weather|none\n|upkeep\n|turn|7\n|\n|t:|1775895307\n|move|p2b: Claw of Hermos|Close Combat|p1b: Orthworm\n|-supereffective|p1b: Orthworm|1\n|-damage|p1b: Orthworm|0 fnt\n|-unboost|p2b: Claw of Hermos|def|1\n|-unboost|p2b: Claw of Hermos|spd|1\n|faint|p1b: Orthworm\n|\n|win|IcarusIsBestGirl\n|raw|battler_2106's rating: 1000 &rarr; <strong>1000</strong><br />(+0 for losing)\n|raw|IcarusIsBestGirl's rating: 1014 &rarr; <strong>1050</strong><br />(+36 for winning)\n|l|\u2606battler_2106\n|player|p1|\n",
  "uploadtime": 1775895323,
  "views": 16,
  "formatid": "gen9championsvgc2026regma",
  "rating": 1000,
  "private": 0,
  "password": null
}