{
  "id": "gen9championsvgc2026regma-2585010773",
  "format": "[Gen 9 Champions] VGC 2026 Reg M-A",
  "players": [
    "soulo333",
    "dc_wash"
  ],
  "log": "|j|\u2606soulo333\n|j|\u2606dc_wash\n|t:|1776303098\n|gametype|doubles\n|player|p1|soulo333|266|1318\n|player|p2|dc_wash|170|1269\n|gen|9\n|tier|[Gen 9 Champions] VGC 2026 Reg M-A\n|rated|\n|rule|Species Clause: Limit one of each Pok\u00e9mon\n|rule|Item Clause: Limit 1 of each item\n|clearpoke\n|poke|p1|Charizard, L50, F|\n|poke|p1|Sneasler, L50, M|\n|poke|p1|Sinistcha, L50|\n|poke|p1|Incineroar, L50, M|\n|poke|p1|Milotic, L50, F|\n|poke|p1|Tyranitar, L50, M|\n|poke|p2|Primarina, L50, M|\n|poke|p2|Talonflame, L50, M|\n|poke|p2|Meowscarada, L50, F|\n|poke|p2|Kingambit, L50, M|\n|poke|p2|Garchomp, L50, F|\n|poke|p2|Glimmora, L50, M|\n|teampreview|4\n|\n|t:|1776303160\n|teamsize|p1|4\n|teamsize|p2|4\n|start\n|switch|p1a: Sneasler|Sneasler, L50, M|100/100\n|switch|p1b: Sinistcha|Sinistcha, L50|100/100\n|switch|p2a: Garchomp|Garchomp, L50, F|100/100\n|switch|p2b: Glimmora|Glimmora, L50, M|100/100\n|turn|1\n|\n|t:|1776303175\n|move|p2a: Garchomp|Protect|p2a: Garchomp\n|-singleturn|p2a: Garchomp|Protect\n|move|p2b: Glimmora|Spiky Shield|p2b: Glimmora\n|-singleturn|p2b: Glimmora|move: Protect\n|move|p1a: Sneasler|Coaching|p1b: Sinistcha\n|-boost|p1b: Sinistcha|atk|1\n|-boost|p1b: Sinistcha|def|1\n|move|p1b: Sinistcha|Trick Room|p1b: Sinistcha\n|-fieldstart|move: Trick Room|[of] p1b: Sinistcha\n|\n|upkeep\n|turn|2\n|\n|t:|1776303195\n|switch|p1a: Incineroar|Incineroar, L50, M|100/100\n|-ability|p1a: Incineroar|Intimidate|boost\n|-unboost|p2a: Garchomp|atk|1\n|-unboost|p2b: Glimmora|atk|1\n|-enditem|p2a: Garchomp|White Herb\n|-clearnegativeboost|p2a: Garchomp|[silent]\n|detailschange|p2b: Glimmora|Glimmora-Mega, L50, M\n|-mega|p2b: Glimmora|Glimmora|Glimmoranite\n|move|p1b: Sinistcha|Matcha Gotcha|p2b: Glimmora|[spread] p2a,p2b\n|-damage|p2a: Garchomp|61/100\n|-damage|p2b: Glimmora|65/100\n|move|p2b: Glimmora|Sludge Bomb|p1b: Sinistcha\n|-damage|p1b: Sinistcha|23/100\n|move|p2a: Garchomp|Stomping Tantrum|p1a: Incineroar\n|-supereffective|p1a: Incineroar|1\n|-damage|p1a: Incineroar|26/100\n|-enditem|p1a: Incineroar|Sitrus Berry|[eat]\n|-heal|p1a: Incineroar|51/100|[from] item: Sitrus Berry\n|\n|upkeep\n|turn|3\n|\n|t:|1776303219\n|move|p2b: Glimmora|Spiky Shield|p2b: Glimmora\n|-singleturn|p2b: Glimmora|move: Protect\n|move|p2a: Garchomp|Protect|p2a: Garchomp\n|-singleturn|p2a: Garchomp|Protect\n|move|p1a: Incineroar|Fake Out|p2b: Glimmora\n|-activate|p2b: Glimmora|move: Protect\n|-damage|p1a: Incineroar|39/100|[from] Spiky Shield|[of] p2b: Glimmora\n|move|p1b: Sinistcha|Matcha Gotcha|p2b: Glimmora|[spread] \n|-activate|p2a: Garchomp|move: Protect\n|-activate|p2b: Glimmora|move: Protect\n|\n|upkeep\n|turn|4\n|\n|t:|1776303250\n|move|p1a: Incineroar|Flare Blitz|p2b: Glimmora\n|-resisted|p2b: Glimmora|1\n|-damage|p2b: Glimmora|41/100\n|-damage|p1a: Incineroar|32/100|[from] Recoil\n|move|p1b: Sinistcha|Matcha Gotcha|p2b: Glimmora|[spread] p2a\n|-miss|p1b: Sinistcha|p2b: Glimmora\n|-damage|p2a: Garchomp|26/100\n|-heal|p1b: Sinistcha|41/100|[from] drain|[of] p2a: Garchomp\n|move|p2b: Glimmora|Sludge Bomb|p1b: Sinistcha\n|-damage|p1b: Sinistcha|0 fnt\n|faint|p1b: Sinistcha\n|move|p2a: Garchomp|Rock Slide|p1a: Incineroar\n|-supereffective|p1a: Incineroar|1\n|-damage|p1a: Incineroar|0 fnt\n|faint|p1a: Incineroar\n|\n|upkeep\n|\n|t:|1776303257\n|switch|p1a: Sneasler|Sneasler, L50, M|100/100\n|switch|p1b: Tyranitar|Tyranitar, L50, M|100/100\n|-weather|Sandstorm|[from] ability: Sand Stream|[of] p1b: Tyranitar\n|turn|5\n|-message|soulo333 forfeited.\n|\n|win|dc_wash\n|raw|soulo333's rating: 1318 &rarr; <strong>1295</strong><br />(-23 for losing)\n|raw|dc_wash's rating: 1269 &rarr; <strong>1298</strong><br />(+29 for winning)\n",
  "uploadtime": 1776303262,
  "views": 41,
  "formatid": "gen9championsvgc2026regma",
  "rating": 1295,
  "private": 0,
  "password": null
}