{
  "id": "gen9championsvgc2026regma-2585874163",
  "format": "[Gen 9 Champions] VGC 2026 Reg M-A",
  "players": [
    "saintzbankai",
    "iliasdelm"
  ],
  "log": "|j|\u2606saintzbankai\n|j|\u2606iliasdelm\n|t:|1776377412\n|gametype|doubles\n|player|p1|saintzbankai|psychicf-gen4|1314\n|player|p2|iliasdelm|gambler|1337\n|gen|9\n|tier|[Gen 9 Champions] VGC 2026 Reg M-A\n|rated|\n|rule|Species Clause: Limit one of each Pok\u00e9mon\n|rule|Item Clause: Limit 1 of each item\n|clearpoke\n|poke|p1|Kangaskhan, L50, F|\n|poke|p1|Whimsicott, L50, M|\n|poke|p1|Basculegion, L50, M|\n|poke|p1|Rotom-Heat, L50|\n|poke|p1|Garchomp, L50, F|\n|poke|p1|Slowking-Galar, L50, M|\n|poke|p2|Heracross, L50, M|\n|poke|p2|Politoed, L50, F|\n|poke|p2|Archaludon, L50, F|\n|poke|p2|Sneasler, L50, F|\n|poke|p2|Basculegion, L50, M|\n|poke|p2|Kingambit, L50, F|\n|teampreview|4\n|inactive|Battle timer is ON: inactive players will automatically lose when time's up. (requested by saintzbankai)\n|inactive|saintzbankai has 60 seconds left.\n|inactive|saintzbankai has 30 seconds left.\n|inactive|saintzbankai has 20 seconds left.\n|inactive|saintzbankai has 15 seconds left.\n|inactive|saintzbankai has 10 seconds left.\n|inactive|saintzbankai has 5 seconds left.\n|\n|t:|1776377516\n|teamsize|p1|4\n|teamsize|p2|4\n|start\n|switch|p1a: Rotom|Rotom-Heat, L50|100/100\n|switch|p1b: Garchomp|Garchomp, L50, F|100/100\n|switch|p2a: Sneasler|Sneasler, L50, F|100/100\n|switch|p2b: Archaludon|Archaludon, L50, F|100/100\n|turn|1\n|inactive|saintzbankai has 30 seconds left.\n|\n|t:|1776377550\n|move|p1b: Garchomp|Protect|p1b: Garchomp\n|-singleturn|p1b: Garchomp|Protect\n|move|p2a: Sneasler|Fake Out|p1a: Rotom\n|-damage|p1a: Rotom|86/100\n|cant|p1a: Rotom|flinch\n|move|p2b: Archaludon|Draco Meteor|p1b: Garchomp\n|-activate|p1b: Garchomp|move: Protect\n|\n|upkeep\n|turn|2\n|inactive|saintzbankai has 30 seconds left.\n|inactive|saintzbankai has 20 seconds left.\n|inactive|saintzbankai has 15 seconds left.\n|inactive|saintzbankai has 10 seconds left.\n|\n|t:|1776377597\n|switch|p2a: Politoed|Politoed, L50, F|100/100\n|-weather|RainDance|[from] ability: Drizzle|[of] p2a: Politoed\n|move|p1b: Garchomp|Earthquake|p2b: Archaludon|[spread] p2a,p2b\n|-immune|p1a: Rotom|[from] ability: Levitate\n|-supereffective|p2b: Archaludon|1\n|-damage|p2a: Politoed|66/100\n|-damage|p2b: Archaludon|43/100\n|-ability|p2b: Archaludon|Stamina|boost\n|-boost|p2b: Archaludon|def|1\n|-enditem|p2b: Archaludon|Sitrus Berry|[eat]\n|-heal|p2b: Archaludon|68/100|[from] item: Sitrus Berry\n|move|p1a: Rotom|Electroweb|p2b: Archaludon|[spread] p2a,p2b\n|-supereffective|p2a: Politoed|1\n|-resisted|p2b: Archaludon|1\n|-damage|p2a: Politoed|33/100\n|-damage|p2b: Archaludon|58/100\n|-unboost|p2a: Politoed|spe|1\n|-unboost|p2b: Archaludon|spe|1\n|-ability|p2b: Archaludon|Stamina|boost\n|-boost|p2b: Archaludon|def|1\n|move|p2b: Archaludon|Draco Meteor|p1b: Garchomp\n|-supereffective|p1b: Garchomp|1\n|-damage|p1b: Garchomp|0 fnt\n|-unboost|p2b: Archaludon|spa|2\n|faint|p1b: Garchomp\n|\n|-weather|RainDance|[upkeep]\n|-heal|p2a: Politoed|39/100|[from] item: Leftovers\n|upkeep\n|inactive|saintzbankai has 30 seconds left.\n|inactive|saintzbankai has 20 seconds left.\n|\n|t:|1776377633\n|switch|p1b: Kangaskhan|Kangaskhan, L50, F|100/100\n|turn|3\n|inactive|saintzbankai has 30 seconds left.\n|inactive|saintzbankai has 20 seconds left.\n|inactive|saintzbankai has 15 seconds left.\n|inactive|saintzbankai has 10 seconds left.\n|inactive|saintzbankai has 5 seconds left.\n|\n|t:|1776377684\n|switch|p2a: Sneasler|Sneasler, L50, F|100/100\n|detailschange|p1b: Kangaskhan|Kangaskhan-Mega, L50, F\n|-mega|p1b: Kangaskhan|Kangaskhan|Kangaskhanite\n|move|p1b: Kangaskhan|Drain Punch|p2b: Archaludon\n|-supereffective|p2b: Archaludon|1\n|-damage|p2b: Archaludon|38/100\n|-ability|p2b: Archaludon|Stamina|boost\n|-boost|p2b: Archaludon|def|1\n|-supereffective|p2b: Archaludon|1\n|-damage|p2b: Archaludon|34/100\n|-ability|p2b: Archaludon|Stamina|boost\n|-boost|p2b: Archaludon|def|1\n|-hitcount|p2b: Archaludon|2\n|move|p1a: Rotom|Electroweb|p2a: Sneasler|[spread] p2a,p2b\n|-resisted|p2b: Archaludon|1\n|-damage|p2a: Sneasler|70/100\n|-damage|p2b: Archaludon|25/100\n|-unboost|p2a: Sneasler|spe|1\n|-unboost|p2b: Archaludon|spe|1\n|-ability|p2b: Archaludon|Stamina|boost\n|-boost|p2b: Archaludon|def|1\n|move|p2b: Archaludon|Electro Shot||[still]\n|-prepare|p2b: Archaludon|Electro Shot\n|-boost|p2b: Archaludon|spa|1\n|-anim|p2b: Archaludon|Electro Shot|p1a: Rotom\n|-resisted|p1a: Rotom|1\n|-damage|p1a: Rotom|73/100\n|\n|-weather|RainDance|[upkeep]\n|upkeep\n|turn|4\n|inactive|saintzbankai has 30 seconds left.\n|inactive|iliasdelm has 30 seconds left.\n|inactive|iliasdelm has 20 seconds left.\n|inactive|iliasdelm has 15 seconds left.\n|inactive|iliasdelm has 10 seconds left.\n|inactive|iliasdelm has 5 seconds left.\n|\n|t:|1776377739\n|move|p2a: Sneasler|Fake Out|p1b: Kangaskhan\n|-damage|p1b: Kangaskhan|89/100\n|cant|p1b: Kangaskhan|flinch\n|move|p1a: Rotom|Volt Switch|p2a: Sneasler\n|-damage|p2a: Sneasler|20/100\n|\n|t:|1776377746\n|switch|p1a: Basculegion|Basculegion, L50, M|100/100|[from] Volt Switch\n|move|p2b: Archaludon|Electro Shot||[still]\n|-prepare|p2b: Archaludon|Electro Shot\n|-boost|p2b: Archaludon|spa|1\n|-anim|p2b: Archaludon|Electro Shot|p1b: Kangaskhan\n|-damage|p1b: Kangaskhan|59/100\n|\n|-weather|RainDance|[upkeep]\n|upkeep\n|turn|5\n|inactive|saintzbankai has 30 seconds left.\n|inactive|saintzbankai has 20 seconds left.\n|inactive|saintzbankai has 15 seconds left.\n|\n|t:|1776377789\n|move|p1a: Basculegion|Last Respects|p2b: Archaludon\n|-damage|p2b: Archaludon|9/100\n|-ability|p2b: Archaludon|Stamina|boost\n|-boost|p2b: Archaludon|def|1\n|move|p2a: Sneasler|Close Combat|p1b: Kangaskhan\n|-supereffective|p1b: Kangaskhan|1\n|-crit|p1b: Kangaskhan\n|-damage|p1b: Kangaskhan|0 fnt\n|-unboost|p2a: Sneasler|def|1\n|-unboost|p2a: Sneasler|spd|1\n|faint|p1b: Kangaskhan\n|move|p2b: Archaludon|Electro Shot||[still]\n|-prepare|p2b: Archaludon|Electro Shot\n|-boost|p2b: Archaludon|spa|1\n|-anim|p2b: Archaludon|Electro Shot|p1a: Basculegion\n|-supereffective|p1a: Basculegion|1\n|-damage|p1a: Basculegion|0 fnt\n|faint|p1a: Basculegion\n|\n|-weather|RainDance|[upkeep]\n|upkeep\n|-message|saintzbankai forfeited.\n|\n|win|iliasdelm\n|raw|saintzbankai's rating: 1314 &rarr; <strong>1295</strong><br />(-19 for losing)\n|raw|iliasdelm's rating: 1337 &rarr; <strong>1356</strong><br />(+19 for winning)\n",
  "uploadtime": 1776377808,
  "views": 40,
  "formatid": "gen9championsvgc2026regma",
  "rating": 1295,
  "private": 0,
  "password": null
}