{
  "id": "gen9championsvgc2026regma-2580869825",
  "format": "[Gen 9 Champions] VGC 2026 Reg M-A",
  "players": [
    "yuriimon",
    "Luismamapingas"
  ],
  "log": "|j|\u2606yuriimon\n|j|\u2606Luismamapingas\n|t:|1775939210\n|gametype|doubles\n|player|p1|yuriimon|waitress-gen4|1160\n|player|p2|Luismamapingas|2|1079\n|gen|9\n|tier|[Gen 9 Champions] VGC 2026 Reg M-A\n|rated|\n|rule|Species Clause: Limit one of each Pok\u00e9mon\n|rule|Item Clause: Limit 1 of each item\n|clearpoke\n|poke|p1|Floette-Eternal, L50, F|\n|poke|p1|Maushold-Four, L50|\n|poke|p1|Glimmora, L50, M|\n|poke|p1|Talonflame, L50, F|\n|poke|p1|Garchomp, L50, M|\n|poke|p1|Farigiraf, L50, F|\n|poke|p2|Houndoom, L50, M|\n|poke|p2|Ninetales, L50, M|\n|poke|p2|Sinistcha, L50|\n|poke|p2|Garchomp, L50, M|\n|poke|p2|Sneasler, L50, F|\n|poke|p2|Milotic, L50, F|\n|teampreview|4\n|inactive|Battle timer is ON: inactive players will automatically lose when time's up. (requested by yuriimon)\n|inactive|yuriimon has 60 seconds left.\n|inactive|Luismamapingas has 60 seconds left.\n|inactive|Luismamapingas has 30 seconds left.\n|\n|t:|1775939272\n|teamsize|p1|4\n|teamsize|p2|4\n|start\n|switch|p1a: Floette|Floette-Eternal, L50, F|100/100\n|switch|p1b: Farigiraf|Farigiraf, L50, F|100/100\n|switch|p2a: Houndoom|Houndoom, L50, M|100/100\n|switch|p2b: Milotic|Milotic, L50, F|100/100\n|-ability|p2a: Houndoom|Unnerve\n|turn|1\n|inactive|yuriimon has 30 seconds left.\n|\n|t:|1775939303\n|switch|p2b: Ninetales|Ninetales, L50, M|100/100\n|-weather|SunnyDay|[from] ability: Drought|[of] p2b: Ninetales\n|detailschange|p2a: Houndoom|Houndoom-Mega, L50, M\n|-mega|p2a: Houndoom|Houndoom|Houndoominite\n|detailschange|p1a: Floette|Floette-Mega, L50, F\n|-mega|p1a: Floette|Floette|Floettite\n|-ability|p1a: Floette|Fairy Aura\n|move|p1b: Farigiraf|Helping Hand|p1a: Floette\n|-singleturn|p1a: Floette|Helping Hand|[of] p1b: Farigiraf\n|move|p2a: Houndoom|Dark Pulse|p1b: Farigiraf\n|-supereffective|p1b: Farigiraf|1\n|-damage|p1b: Farigiraf|5/100\n|move|p1a: Floette|Moonblast|p2a: Houndoom\n|-damage|p2a: Houndoom|0 fnt\n|faint|p2a: Houndoom\n|\n|-weather|SunnyDay|[upkeep]\n|upkeep\n|\n|t:|1775939322\n|switch|p2a: Milotic|Milotic, L50, F|100/100\n|turn|2\n|\n|t:|1775939334\n|move|p1a: Floette|Protect|p1a: Floette\n|-singleturn|p1a: Floette|Protect\n|move|p2b: Ninetales|Heat Wave|p1b: Farigiraf|[spread] p1b\n|-activate|p1a: Floette|move: Protect\n|-damage|p1b: Farigiraf|0 fnt\n|faint|p1b: Farigiraf\n|move|p2a: Milotic|Icy Wind|p1a: Floette\n|-activate|p1a: Floette|move: Protect\n|\n|-weather|SunnyDay|[upkeep]\n|upkeep\n|\n|t:|1775939353\n|switch|p1b: Garchomp|Garchomp, L50, M|100/100\n|turn|3\n|\n|t:|1775939374\n|move|p2b: Ninetales|Protect|p2b: Ninetales\n|-singleturn|p2b: Ninetales|Protect\n|move|p1b: Garchomp|Rock Slide|p2a: Milotic|[spread] p2a\n|-activate|p2b: Ninetales|move: Protect\n|-damage|p2a: Milotic|79/100\n|move|p1a: Floette|Moonblast|p2a: Milotic\n|-damage|p2a: Milotic|32/100\n|move|p2a: Milotic|Ice Beam|p1b: Garchomp\n|-supereffective|p1b: Garchomp|2\n|-damage|p1b: Garchomp|13/100\n|\n|-weather|SunnyDay|[upkeep]\n|-heal|p2a: Milotic|38/100|[from] item: Leftovers\n|upkeep\n|turn|4\n|\n|t:|1775939392\n|move|p2a: Milotic|Protect|p2a: Milotic\n|-singleturn|p2a: Milotic|Protect\n|move|p1b: Garchomp|Rock Slide|p2b: Ninetales|[spread] p2b\n|-activate|p2a: Milotic|move: Protect\n|-supereffective|p2b: Ninetales|1\n|-damage|p2b: Ninetales|43/100\n|move|p2b: Ninetales|Heat Wave|p1b: Garchomp|[spread] p1a,p1b\n|-resisted|p1b: Garchomp|1\n|-damage|p1a: Floette|72/100\n|-damage|p1b: Garchomp|0 fnt\n|faint|p1b: Garchomp\n|move|p1a: Floette|Moonblast|p2a: Milotic\n|-activate|p2a: Milotic|move: Protect\n|\n|-weather|SunnyDay|[upkeep]\n|-heal|p2a: Milotic|44/100|[from] item: Leftovers\n|upkeep\n|\n|t:|1775939401\n|switch|p1b: Talonflame|Talonflame, L50, F|100/100\n|turn|5\n|inactive|Luismamapingas has 30 seconds left.\n|inactive|Luismamapingas has 20 seconds left.\n|inactive|Luismamapingas has 15 seconds left.\n|\n|t:|1775939445\n|move|p1b: Talonflame|Tailwind|p1b: Talonflame\n|-sidestart|p1: yuriimon|move: Tailwind\n|move|p1a: Floette|Light of Ruin|p2a: Milotic\n|-crit|p2a: Milotic\n|-damage|p2a: Milotic|0 fnt\n|faint|p2a: Milotic\n|-damage|p1a: Floette|47/100|[from] Recoil\n|move|p2b: Ninetales|Snarl|p1b: Talonflame|[spread] p1a,p1b\n|-resisted|p1a: Floette|1\n|-crit|p1b: Talonflame\n|-damage|p1a: Floette|44/100\n|-damage|p1b: Talonflame|76/100\n|-unboost|p1a: Floette|spa|1\n|-unboost|p1b: Talonflame|spa|1\n|\n|-weather|none\n|upkeep\n|\n|t:|1775939461\n|switch|p2a: Garchomp|Garchomp, L50, M|100/100\n|turn|6\n|\n|t:|1775939475\n|move|p2b: Ninetales|Protect|p2b: Ninetales\n|-singleturn|p2b: Ninetales|Protect\n|move|p1b: Talonflame|Brave Bird|p2b: Ninetales\n|-activate|p2b: Ninetales|move: Protect\n|move|p1a: Floette|Light of Ruin|p2a: Garchomp\n|-supereffective|p2a: Garchomp|1\n|-damage|p2a: Garchomp|0 fnt\n|faint|p2a: Garchomp\n|-damage|p1a: Floette|0 fnt|[from] Recoil\n|faint|p1a: Floette\n|\n|upkeep\n|turn|7\n|\n|t:|1775939486\n|move|p1b: Talonflame|Brave Bird|p2b: Ninetales\n|-damage|p2b: Ninetales|0 fnt\n|faint|p2b: Ninetales\n|-damage|p1b: Talonflame|62/100|[from] Recoil\n|\n|win|yuriimon\n|raw|yuriimon's rating: 1160 &rarr; <strong>1179</strong><br />(+19 for winning)\n|raw|Luismamapingas's rating: 1079 &rarr; <strong>1062</strong><br />(-17 for losing)\n|c|\u2606yuriimon|gg\n|l|\u2606Luismamapingas\n|player|p2|\n",
  "uploadtime": 1775939494,
  "views": 12,
  "formatid": "gen9championsvgc2026regma",
  "rating": 1062,
  "private": 0,
  "password": null
}