{
  "id": "gen9championsvgc2026regma-2584545785",
  "format": "[Gen 9 Champions] VGC 2026 Reg M-A",
  "players": [
    "MvillMpersonality",
    "QuiteTasty"
  ],
  "log": "|j|\u2606MvillMpersonality\n|j|\u2606QuiteTasty\n|t:|1776267867\n|gametype|doubles\n|player|p1|MvillMpersonality|pokemaniac|1261\n|player|p2|QuiteTasty|shauntal|1192\n|gen|9\n|tier|[Gen 9 Champions] VGC 2026 Reg M-A\n|rated|\n|rule|Species Clause: Limit one of each Pok\u00e9mon\n|rule|Item Clause: Limit 1 of each item\n|clearpoke\n|poke|p1|Scovillain, L50, M|\n|poke|p1|Sinistcha, L50|\n|poke|p1|Gallade, L50, M|\n|poke|p1|Kingambit, L50, M|\n|poke|p1|Rhyperior, L50, M|\n|poke|p1|Primarina, L50, F|\n|poke|p2|Primarina, L50, F|\n|poke|p2|Scovillain, L50, F|\n|poke|p2|Garchomp, L50, M|\n|poke|p2|Kingambit, L50, M|\n|poke|p2|Dragonite, L50, F|\n|poke|p2|Sneasler, L50, F|\n|teampreview|4\n|c|\u2606MvillMpersonality|Omg the first other megavillain I've run into!\n|c|\u2606MvillMpersonality|HF!\n|c|\u2606QuiteTasty|Oh yeah you too\nQuiteTasty has agreed to open team sheets.\nMvillMpersonality has agreed to open team sheets.\n|showteam|p1|Scovillain||Scovillainite|Chlorophyll|Protect,RagePowder,Overheat,LeafStorm|||M|||50|]Sinistcha||ColburBerry|Heatproof|Protect,CalmMind,TrickRoom,MatchaGotcha||||||50|]Gallade||BlackBelt|Sharpness|Protect,TrickRoom,PsychoCut,SacredSword|||M|||50|]Kingambit||BlackGlasses|Defiant|Protect,SwordsDance,SuckerPunch,IronHead|||M|||50|]Rhyperior||HardStone|SolidRock|Protect,SwordsDance,RockSlide,HighHorsepower|||M|||50|]Primarina||MysticWater|LiquidVoice|Protect,CalmMind,Moonblast,HyperVoice|||F|||50|\n|showteam|p2|Primarina||Leftovers|LiquidVoice|HyperVoice,Protect,CalmMind,Moonblast|||F|||50|]Scovillain||Scovillainite|Moody|Flamethrower,GigaDrain,RagePowder,Protect|||F|||50|]Garchomp||LumBerry|RoughSkin|DragonClaw,StompingTantrum,RockSlide,Protect|||M|||50|]Kingambit||BlackGlasses|Defiant|KowtowCleave,SuckerPunch,Protect,SwordsDance|||M|||50|]Dragonite||WhiteHerb|Multiscale|ScaleShot,ExtremeSpeed,Protect,StompingTantrum|||F|||50|]Sneasler||FocusSash|Unburden|DireClaw,Coaching,FakeOut,CloseCombat|||F|||50|\n|c|\u2606QuiteTasty|This little guy has put in so much work, but loses to a stiff breeze lol\n|c|\u2606MvillMpersonality|lol yeah, I put all my ev's in bulk so he can eat at least one hit, but rarely does he live two. That's why I put overheat and leaf storm on, if he clicks one button, that's the exception\n|c|\u2606MvillMpersonality|Still pulls his weight in every game XD\n|c|\u2606QuiteTasty|OVERHEAT AND LEAF STORM?\n|c|\u2606QuiteTasty|NAH! Your insane\n|c|\u2606MvillMpersonality|How many times do you click giga a 2nd time?\n|\n|t:|1776268047\n|teamsize|p1|4\n|teamsize|p2|4\n|start\n|switch|p1a: Scovillain|Scovillain, L50, M|100/100\n|switch|p1b: Sinistcha|Sinistcha, L50|100/100\n|switch|p2a: Scovillain|Scovillain, L50, F|100/100\n|switch|p2b: Sneasler|Sneasler, L50, F|100/100\n|turn|1\n|c|\u2606QuiteTasty|Well, when I get to live against a rain team, honestly not that uncommon\n|c|\u2606QuiteTasty|The real question, when are you getting to do damage with a second click of leaf storm lol\n|\n|t:|1776268088\n|detailschange|p1a: Scovillain|Scovillain-Mega, L50, M\n|-mega|p1a: Scovillain|Scovillain|Scovillainite\n|move|p2b: Sneasler|Coaching|p2a: Scovillain\n|-boost|p2a: Scovillain|atk|1\n|-boost|p2a: Scovillain|def|1\n|move|p2a: Scovillain|Flamethrower|p1b: Sinistcha\n|-supereffective|p1b: Sinistcha|1\n|-damage|p1b: Sinistcha|60/100\n|-status|p1b: Sinistcha|brn\n|move|p1a: Scovillain|Overheat|p2b: Sneasler\n|-damage|p2b: Sneasler|18/100\n|-unboost|p1a: Scovillain|spa|2\n|move|p1b: Sinistcha|Trick Room|p1b: Sinistcha\n|-fieldstart|move: Trick Room|[of] p1b: Sinistcha\n|\n|-damage|p1b: Sinistcha|57/100 brn|[from] brn\n|-ability|p2a: Scovillain|Moody|boost\n|-boost|p2a: Scovillain|spe|2\n|-unboost|p2a: Scovillain|def|1\n|upkeep\n|turn|2\n|c|\u2606MvillMpersonality|lol two leaf storms is more than two gigas\n|\n|t:|1776268144\n|detailschange|p2a: Scovillain|Scovillain-Mega, L50, F\n|-mega|p2a: Scovillain|Scovillain|Scovillainite\n|move|p2a: Scovillain|Rage Powder|p2a: Scovillain\n|-singleturn|p2a: Scovillain|move: Rage Powder\n|move|p1b: Sinistcha|Matcha Gotcha|p2a: Scovillain|[spread] p2a,p2b\n|-resisted|p2a: Scovillain|2\n|-resisted|p2b: Sneasler|1\n|-crit|p2b: Sneasler\n|-damage|p2a: Scovillain|93/100\n|-heal|p1b: Sinistcha|61/100 brn|[from] drain|[of] p2a: Scovillain\n|-damage|p2b: Sneasler|0 fnt\n|-heal|p1b: Sinistcha|68/100 brn|[from] drain|[of] p2b: Sneasler\n|faint|p2b: Sneasler\n|move|p1a: Scovillain|Overheat|p2a: Scovillain\n|-crit|p2a: Scovillain\n|-damage|p2a: Scovillain|14/100\n|-unboost|p1a: Scovillain|spa|2\n|-immune|p1a: Scovillain\n|\n|-damage|p1b: Sinistcha|66/100 brn|[from] brn\n|upkeep\n|c|\u2606QuiteTasty|I like my guy to have some recovery over damage, as his whole purpose is make thing go burn, but Ig it's just preference\n|\n|t:|1776268160\n|switch|p2b: Garchomp|Garchomp, L50, M|100/100\n|turn|3\n|c|\u2606MvillMpersonality|Also crits XD\n|c|\u2606QuiteTasty|crit matter for sure\n|\n|t:|1776268191\n|move|p2b: Garchomp|Protect|p2b: Garchomp\n|-singleturn|p2b: Garchomp|Protect\n|move|p1b: Sinistcha|Matcha Gotcha|p2b: Garchomp|[spread] p2a\n|-activate|p2b: Garchomp|move: Protect\n|-resisted|p2a: Scovillain|2\n|-damage|p2a: Scovillain|7/100\n|-heal|p1b: Sinistcha|69/100 brn|[from] drain|[of] p2a: Scovillain\n|move|p1a: Scovillain|Leaf Storm|p2b: Garchomp\n|-activate|p2b: Garchomp|move: Protect\n|move|p2a: Scovillain|Flamethrower|p1b: Sinistcha\n|-supereffective|p1b: Sinistcha|1\n|-damage|p1b: Sinistcha|17/100 brn\n|\n|-damage|p1b: Sinistcha|15/100 brn|[from] brn\n|upkeep\n|turn|4\n|\n|t:|1776268219\n|switch|p1b: Rhyperior|Rhyperior, L50, M|100/100\n|switch|p1a: Primarina|Primarina, L50, F|100/100\n|move|p2b: Garchomp|Rock Slide|p1a: Primarina|[spread] p1a,p1b\n|-resisted|p1b: Rhyperior|1\n|-damage|p1a: Primarina|76/100\n|-damage|p1b: Rhyperior|93/100\n|move|p2a: Scovillain|Flamethrower|p1a: Primarina\n|-resisted|p1a: Primarina|1\n|-damage|p1a: Primarina|60/100\n|\n|upkeep\n|turn|5\n|c|\u2606QuiteTasty|Oh yeah, this reminds of back when I was able to 1v1 a Garchomp with nothing but clicking Giga Drain\n|\n|t:|1776268255\n|switch|p1b: Sinistcha|Sinistcha, L50|15/100 brn\n|switch|p2b: Primarina|Primarina, L50, F|100/100\n|move|p1a: Primarina|Hyper Voice|p2a: Scovillain|[spread] p2a,p2b\n|-resisted|p2b: Primarina|1\n|-damage|p2a: Scovillain|0 fnt\n|-damage|p2b: Primarina|81/100\n|-status|p1a: Primarina|brn|[from] ability: Spicy Spray|[of] p2a: Scovillain\n|faint|p2a: Scovillain\n|\n|-heal|p2b: Primarina|87/100|[from] item: Leftovers\n|-damage|p1a: Primarina|55/100 brn|[from] brn\n|-damage|p1b: Sinistcha|12/100 brn|[from] brn\n|-fieldend|move: Trick Room\n|upkeep\n|\n|t:|1776268265\n|switch|p2a: Garchomp|Garchomp, L50, M|100/100\n|turn|6\n|\n|t:|1776268280\n|switch|p1a: Scovillain|Scovillain-Mega, L50, M|100/100\n|move|p1b: Sinistcha|Protect|p1b: Sinistcha\n|-singleturn|p1b: Sinistcha|Protect\n|move|p2a: Garchomp|Rock Slide|p1a: Scovillain|[spread] p1a\n|-activate|p1b: Sinistcha|move: Protect\n|-supereffective|p1a: Scovillain|1\n|-damage|p1a: Scovillain|61/100\n|-status|p2a: Garchomp|brn|[from] ability: Spicy Spray|[of] p1a: Scovillain\n|-enditem|p2a: Garchomp|Lum Berry|[eat]\n|-curestatus|p2a: Garchomp|brn|[msg]\n|move|p2b: Primarina|Calm Mind|p2b: Primarina\n|-boost|p2b: Primarina|spa|1\n|-boost|p2b: Primarina|spd|1\n|\n|-heal|p2b: Primarina|93/100|[from] item: Leftovers\n|-damage|p1b: Sinistcha|9/100 brn|[from] brn\n|upkeep\n|turn|7\n|\n|t:|1776268307\n|move|p1a: Scovillain|Rage Powder|p1a: Scovillain\n|-singleturn|p1a: Scovillain|move: Rage Powder\n|move|p2a: Garchomp|Rock Slide|p1b: Sinistcha|[spread] p1a,p1b\n|-supereffective|p1a: Scovillain|1\n|-damage|p1a: Scovillain|24/100\n|-damage|p1b: Sinistcha|0 fnt\n|-status|p2a: Garchomp|brn|[from] ability: Spicy Spray|[of] p1a: Scovillain\n|faint|p1b: Sinistcha\n|move|p2b: Primarina|Moonblast|p1a: Scovillain\n|-resisted|p1a: Scovillain|1\n|-damage|p1a: Scovillain|0 fnt\n|-status|p2b: Primarina|brn|[from] ability: Spicy Spray|[of] p1a: Scovillain\n|faint|p1a: Scovillain\n|\n|-heal|p2b: Primarina|99/100 brn|[from] item: Leftovers\n|-damage|p2a: Garchomp|95/100 brn|[from] brn\n|-damage|p2b: Primarina|93/100 brn|[from] brn\n|upkeep\n|c|\u2606MvillMpersonality|Good CM click, never getting TR up a second time, dang\n|\n|t:|1776268322\n|switch|p1a: Rhyperior|Rhyperior, L50, M|93/100\n|switch|p1b: Primarina|Primarina, L50, F|55/100 brn\n|turn|8\n|\n|t:|1776268337\n|move|p2a: Garchomp|Protect|p2a: Garchomp\n|-singleturn|p2a: Garchomp|Protect\n|move|p2b: Primarina|Calm Mind|p2b: Primarina\n|-boost|p2b: Primarina|spa|1\n|-boost|p2b: Primarina|spd|1\n|move|p1b: Primarina|Hyper Voice|p2b: Primarina|[spread] p2b\n|-activate|p2a: Garchomp|move: Protect\n|-resisted|p2b: Primarina|1\n|-damage|p2b: Primarina|83/100 brn\n|move|p1a: Rhyperior|Rock Slide|p2a: Garchomp|[spread] \n|-activate|p2a: Garchomp|move: Protect\n|-miss|p1a: Rhyperior|p2b: Primarina\n|\n|-heal|p2b: Primarina|89/100 brn|[from] item: Leftovers\n|-damage|p2a: Garchomp|89/100 brn|[from] brn\n|-damage|p2b: Primarina|83/100 brn|[from] brn\n|-damage|p1b: Primarina|49/100 brn|[from] brn\n|upkeep\n|turn|9\n|c|\u2606QuiteTasty|I can't LET you get TR up a second time\n|c|\u2606MvillMpersonality|omg for real\n|c|\u2606QuiteTasty|I made that mistake WAY too much\n|c|\u2606MvillMpersonality|lol right\n|c|\u2606MvillMpersonality|That miss was everything, I think\n|\n|t:|1776268372\n|move|p2a: Garchomp|Stomping Tantrum|p1a: Rhyperior\n|-supereffective|p1a: Rhyperior|1\n|-damage|p1a: Rhyperior|70/100\n|move|p2b: Primarina|Hyper Voice|p1a: Rhyperior|[spread] p1a,p1b\n|-supereffective|p1a: Rhyperior|2\n|-resisted|p1b: Primarina|1\n|-damage|p1a: Rhyperior|0 fnt\n|-damage|p1b: Primarina|21/100 brn\n|faint|p1a: Rhyperior\n|move|p1b: Primarina|Moonblast|p2a: Garchomp\n|-supereffective|p2a: Garchomp|1\n|-damage|p2a: Garchomp|0 fnt\n|faint|p2a: Garchomp\n|\n|-heal|p2b: Primarina|89/100 brn|[from] item: Leftovers\n|-damage|p2b: Primarina|83/100 brn|[from] brn\n|-damage|p1b: Primarina|15/100 brn|[from] brn\n|upkeep\n|turn|10\n|c|\u2606QuiteTasty|ay ggs man\n|c|\u2606QuiteTasty|always cool to see a second Scov on the ladder\n|c|\u2606MvillMpersonality|GG\n|\n|t:|1776268394\n|move|p2b: Primarina|Moonblast|p1b: Primarina\n|-damage|p1b: Primarina|0 fnt\n|faint|p1b: Primarina\n|\n|win|QuiteTasty\n|raw|MvillMpersonality's rating: 1261 &rarr; <strong>1231</strong><br />(-30 for losing)\n|raw|QuiteTasty's rating: 1192 &rarr; <strong>1222</strong><br />(+30 for winning)\n|c|\u2606QuiteTasty|have a good one\n|c|\u2606MvillMpersonality|For sure! he's a real mon!\n|c|\u2606QuiteTasty|and they said he would be bad\n|c|\u2606MvillMpersonality|Trick room is losing a mon for rage powder already. Imagine also landing two wisps\n|c|\u2606QuiteTasty|Oh man, now I wanna try TR Scov\n|c|\u2606QuiteTasty|This sounds diabolical\n|c|\u2606QuiteTasty|Thanks for the idea\n|c|\u2606QuiteTasty|But I have to ask\n|c|\u2606MvillMpersonality|<3\n|c|\u2606QuiteTasty|What's the Gallade for?\n|c|\u2606MvillMpersonality|Second trick room setter, fighting coverage. There are a couple mons where sacred sword is one of the major options, it's the Arch matchup\n|c|\u2606QuiteTasty|Ohhh, he beats Arch\n|c|\u2606QuiteTasty|damn, thats tech\n|c|\u2606MvillMpersonality|Sacred sword doesn't care about stamina :D\n|c|\u2606QuiteTasty|Ok I'll note that one\n|c|\u2606QuiteTasty|Mind dropping the team? I kinda wanna make some tweaks and test\n|c|\u2606QuiteTasty|OH NVM, you already did\n|c|\u2606QuiteTasty|Oh sick, this is super cool, thanks man\n|c|\u2606MvillMpersonality|Sure, the EV's are incredibly basic lol, it's all max atk, - speed natures, only scov has the edu/aim split, 21 def 17+ spDef, 31hp, 1SpAtk\n|c|\u2606QuiteTasty|GGs, and good luck to your Scovillianing\n|c|\u2606MvillMpersonality|Good luck to you as will in your villainry!\n|l|\u2606QuiteTasty\n|player|p2|\n",
  "uploadtime": 1776268411,
  "views": 28,
  "formatid": "gen9championsvgc2026regma",
  "rating": 1222,
  "private": 0,
  "password": null
}