{
  "id": "gen9championsvgc2026regma-2583799103",
  "format": "[Gen 9 Champions] VGC 2026 Reg M-A",
  "players": [
    "ZeroPops",
    "abidan40"
  ],
  "log": "|j|\u2606ZeroPops\n|j|\u2606abidan40\n|t:|1776198533\n|gametype|doubles\n|player|p1|ZeroPops|266|1279\n|player|p2|abidan40|2|1185\n|gen|9\n|tier|[Gen 9 Champions] VGC 2026 Reg M-A\n|rated|\n|rule|Species Clause: Limit one of each Pok\u00e9mon\n|rule|Item Clause: Limit 1 of each item\n|clearpoke\n|poke|p1|Floette-Eternal, L50, F|\n|poke|p1|Aerodactyl, L50, M|\n|poke|p1|Sneasler, L50, F|\n|poke|p1|Incineroar, L50, M|\n|poke|p1|Kingambit, L50, M|\n|poke|p1|Basculegion, L50, M|\n|poke|p2|Aurorus, L50, F|\n|poke|p2|Arcanine, L50, M|\n|poke|p2|Sinistcha, L50|\n|poke|p2|Tyranitar, L50, M|\n|poke|p2|Heracross, L50, F|\n|poke|p2|Kingambit, L50, M|\n|teampreview|4\nabidan40 has agreed to open team sheets.\n|inactive|Battle timer is ON: inactive players will automatically lose when time's up. (requested by abidan40)\nZeroPops rejected open team sheets.\n|inactive|ZeroPops has 60 seconds left.\n|\n|t:|1776198593\n|teamsize|p1|4\n|teamsize|p2|4\n|start\n|switch|p1a: Floette|Floette-Eternal, L50, F|100/100\n|switch|p1b: Sneasler|Sneasler, L50, F|100/100\n|switch|p2a: Kingambit|Kingambit, L50, M|100/100\n|switch|p2b: Arcanine|Arcanine, L50, M|100/100\n|-ability|p2b: Arcanine|Intimidate|boost\n|-unboost|p1a: Floette|atk|1\n|-unboost|p1b: Sneasler|atk|1\n|-enditem|p1b: Sneasler|White Herb\n|-clearnegativeboost|p1b: Sneasler|[silent]\n|turn|1\n|inactive|ZeroPops has 30 seconds left.\n|inactive|abidan40 has 30 seconds left.\n|inactive|abidan40 has 20 seconds left.\n|inactive|abidan40 has 15 seconds left.\n|inactive|abidan40 has 10 seconds left.\n|\n|t:|1776198640\n|detailschange|p1a: Floette|Floette-Mega, L50, F\n|-mega|p1a: Floette|Floette|Floettite\n|-ability|p1a: Floette|Fairy Aura\n|move|p2a: Kingambit|Protect|p2a: Kingambit\n|-singleturn|p2a: Kingambit|Protect\n|move|p1b: Sneasler|Fake Out|p2a: Kingambit\n|-activate|p2a: Kingambit|move: Protect\n|move|p1a: Floette|Calm Mind|p1a: Floette\n|-boost|p1a: Floette|spa|1\n|-boost|p1a: Floette|spd|1\n|move|p2b: Arcanine|Snarl|p1b: Sneasler|[spread] p1a,p1b\n|-resisted|p1a: Floette|1\n|-resisted|p1b: Sneasler|1\n|-damage|p1a: Floette|98/100\n|-damage|p1b: Sneasler|95/100\n|-unboost|p1a: Floette|spa|1\n|-unboost|p1b: Sneasler|spa|1\n|\n|upkeep\n|turn|2\n|\n|t:|1776198664\n|switch|p2a: cachetes|Sinistcha, L50|100/100\n|move|p1b: Sneasler|Close Combat|p2a: cachetes\n|-immune|p2a: cachetes\n|move|p1a: Floette|Dazzling Gleam|p2b: Arcanine|[spread] p2a,p2b\n|-resisted|p2b: Arcanine|1\n|-damage|p2a: cachetes|39/100\n|-damage|p2b: Arcanine|84/100\n|-enditem|p2a: cachetes|Sitrus Berry|[eat]\n|-heal|p2a: cachetes|64/100|[from] item: Sitrus Berry\n|move|p2b: Arcanine|Will-O-Wisp|p1b: Sneasler\n|-status|p1b: Sneasler|brn\n|\n|-heal|p2b: Arcanine|90/100|[from] item: Leftovers\n|-damage|p1b: Sneasler|89/100 brn|[from] brn\n|upkeep\n|turn|3\n|\n|t:|1776198681\n|move|p1b: Sneasler|Dire Claw|p2b: Arcanine\n|-damage|p2b: Arcanine|69/100\n|move|p1a: Floette|Moonblast|p2a: cachetes\n|-crit|p2a: cachetes\n|-damage|p2a: cachetes|0 fnt\n|faint|p2a: cachetes\n|move|p2b: Arcanine|Snarl|p1b: Sneasler|[spread] p1a,p1b\n|-resisted|p1a: Floette|1\n|-resisted|p1b: Sneasler|1\n|-damage|p1a: Floette|96/100\n|-damage|p1b: Sneasler|83/100 brn\n|-unboost|p1a: Floette|spa|1\n|-unboost|p1b: Sneasler|spa|1\n|\n|-heal|p2b: Arcanine|75/100|[from] item: Leftovers\n|-damage|p1b: Sneasler|77/100 brn|[from] brn\n|upkeep\n|\n|t:|1776198693\n|switch|p2a: Kingambit|Kingambit, L50, M|100/100\n|turn|4\n|\n|t:|1776198706\n|switch|p1a: Kingambit|Kingambit, L50, M|100/100\n|move|p1b: Sneasler|Dire Claw|p2b: Arcanine\n|-damage|p2b: Arcanine|53/100\n|move|p2b: Arcanine|Heat Wave|p1a: Kingambit|[spread] p1a,p1b\n|-supereffective|p1a: Kingambit|1\n|-crit|p1b: Sneasler\n|-damage|p1a: Kingambit|55/100\n|-damage|p1b: Sneasler|23/100 brn\n|move|p2a: Kingambit|Iron Head|p1a: Kingambit\n|-resisted|p1a: Kingambit|1\n|-damage|p1a: Kingambit|38/100\n|\n|-heal|p2b: Arcanine|59/100|[from] item: Leftovers\n|-damage|p1b: Sneasler|17/100 brn|[from] brn\n|upkeep\n|turn|5\n|inactive|ZeroPops has 30 seconds left.\n|\n|t:|1776198735\n|move|p1a: Kingambit|Sucker Punch||[still]\n|-fail|p1a: Kingambit\n|move|p2a: Kingambit|Sucker Punch|p1b: Sneasler\n|-resisted|p1b: Sneasler|1\n|-damage|p1b: Sneasler|0 fnt\n|faint|p1b: Sneasler\n|move|p2b: Arcanine|Will-O-Wisp|p1a: Kingambit\n|-status|p1a: Kingambit|brn\n|\n|-heal|p2b: Arcanine|65/100|[from] item: Leftovers\n|-damage|p1a: Kingambit|32/100 brn|[from] brn\n|upkeep\n|\n|t:|1776198743\n|switch|p1b: Floette|Floette-Mega, L50, F|96/100\n|-ability|p1b: Floette|Fairy Aura\n|turn|6\n|\n|t:|1776198758\n|move|p1b: Floette|Protect|p1b: Floette\n|-singleturn|p1b: Floette|Protect\n|move|p1a: Kingambit|Sucker Punch|p2b: Arcanine\n|-damage|p2b: Arcanine|40/100\n|move|p2b: Arcanine|Heat Wave|p1b: Floette|[spread] p1a\n|-activate|p1b: Floette|move: Protect\n|-supereffective|p1a: Kingambit|1\n|-damage|p1a: Kingambit|0 fnt\n|faint|p1a: Kingambit\n|move|p2a: Kingambit|Iron Head|p1b: Floette\n|-activate|p1b: Floette|move: Protect\n|\n|-heal|p2b: Arcanine|46/100|[from] item: Leftovers\n|upkeep\n|\n|t:|1776198765\n|switch|p1a: Basculegion|Basculegion, L50, M|100/100\n|turn|7\n|\n|t:|1776198775\n|move|p1a: Basculegion|Aqua Jet|p2b: Arcanine\n|-supereffective|p2b: Arcanine|1\n|-damage|p2b: Arcanine|0 fnt\n|faint|p2b: Arcanine\n|move|p2a: Kingambit|Sucker Punch||[still]\n|-fail|p2a: Kingambit\n|move|p1b: Floette|Moonblast|p2a: Kingambit\n|-damage|p2a: Kingambit|31/100\n|\n|upkeep\n|\n|t:|1776198779\n|switch|p2b: Tyranitar|Tyranitar, L50, M|100/100\n|-weather|Sandstorm|[from] ability: Sand Stream|[of] p2b: Tyranitar\n|turn|8\n|\n|t:|1776198786\n|detailschange|p2b: Tyranitar|Tyranitar-Mega, L50, M\n|-mega|p2b: Tyranitar|Tyranitar|Tyranitarite\n|move|p2a: Kingambit|Protect|p2a: Kingambit\n|-singleturn|p2a: Kingambit|Protect\n|move|p1a: Basculegion|Aqua Jet|p2b: Tyranitar\n|-supereffective|p2b: Tyranitar|1\n|-damage|p2b: Tyranitar|68/100\n|move|p1b: Floette|Dazzling Gleam|p2a: Kingambit|[spread] p2b\n|-activate|p2a: Kingambit|move: Protect\n|-supereffective|p2b: Tyranitar|1\n|-damage|p2b: Tyranitar|21/100\n|move|p2b: Tyranitar|Dragon Dance|p2b: Tyranitar\n|-boost|p2b: Tyranitar|atk|1\n|-boost|p2b: Tyranitar|spe|1\n|\n|-weather|Sandstorm|[upkeep]\n|-damage|p1a: Basculegion|94/100|[from] Sandstorm\n|-damage|p1b: Floette|90/100|[from] Sandstorm\n|upkeep\n|turn|9\n|\n|t:|1776198800\n|move|p1a: Basculegion|Aqua Jet|p2b: Tyranitar\n|-supereffective|p2b: Tyranitar|1\n|-damage|p2b: Tyranitar|0 fnt\n|faint|p2b: Tyranitar\n|move|p1b: Floette|Dazzling Gleam|p2a: Kingambit\n|-damage|p2a: Kingambit|0 fnt\n|faint|p2a: Kingambit\n|\n|win|ZeroPops\n|raw|ZeroPops's rating: 1279 &rarr; <strong>1297</strong><br />(+18 for winning)\n|raw|abidan40's rating: 1185 &rarr; <strong>1167</strong><br />(-18 for losing)\n|l|\u2606abidan40\n|player|p2|\n",
  "uploadtime": 1776198806,
  "views": 49,
  "formatid": "gen9championsvgc2026regma",
  "rating": 1167,
  "private": 0,
  "password": null
}