{
  "id": "gen9championsvgc2026regma-2582793142",
  "format": "[Gen 9 Champions] VGC 2026 Reg M-A",
  "players": [
    "not_avu",
    "SlightlySeenFist"
  ],
  "log": "|j|\u2606not_avu\n|j|\u2606SlightlySeenFist\n|t:|1776114545\n|gametype|doubles\n|player|p1|not_avu|brycen|1176\n|player|p2|SlightlySeenFist|265|1108\n|gen|9\n|tier|[Gen 9 Champions] VGC 2026 Reg M-A\n|rated|\n|rule|Species Clause: Limit one of each Pok\u00e9mon\n|rule|Item Clause: Limit 1 of each item\n|clearpoke\n|poke|p1|Floette-Eternal, L50, F|\n|poke|p1|Kingambit, L50, F|\n|poke|p1|Incineroar, L50, M|\n|poke|p1|Glimmora, L50, F|\n|poke|p1|Sinistcha, L50|\n|poke|p1|Rotom-Wash, L50|\n|poke|p2|Delphox, L50, M|\n|poke|p2|Sinistcha, L50|\n|poke|p2|Kingambit, L50, M|\n|poke|p2|Dragonite, L50, M|\n|poke|p2|Sneasler, L50, F|\n|poke|p2|Basculegion, L50, M|\n|teampreview|4\n|inactive|Battle timer is ON: inactive players will automatically lose when time's up. (requested by not_avu)\n|inactive|not_avu has 60 seconds left.\n|inactive|SlightlySeenFist has 60 seconds left.\n|\n|t:|1776114587\n|teamsize|p1|4\n|teamsize|p2|4\n|start\n|switch|p1a: Incineroar|Incineroar, L50, M|100/100\n|switch|p1b: Floette|Floette-Eternal, L50, F|100/100\n|switch|p2a: Kingambit|Kingambit, L50, M|100/100\n|switch|p2b: Basculegion|Basculegion, L50, M|100/100\n|-ability|p1a: Incineroar|Intimidate|boost\n|-unboost|p2a: Kingambit|atk|1\n|-ability|p2a: Kingambit|Defiant|boost\n|-boost|p2a: Kingambit|atk|2\n|-unboost|p2b: Basculegion|atk|1\n|turn|1\n|\n|t:|1776114604\n|detailschange|p1b: Floette|Floette-Mega, L50, F\n|-mega|p1b: Floette|Floette|Floettite\n|-ability|p1b: Floette|Fairy Aura\n|move|p2a: Kingambit|Protect|p2a: Kingambit\n|-singleturn|p2a: Kingambit|Protect\n|move|p1a: Incineroar|Fake Out|p2a: Kingambit\n|-activate|p2a: Kingambit|move: Protect\n|move|p2b: Basculegion|Flip Turn|p1a: Incineroar\n|-supereffective|p1a: Incineroar|1\n|-damage|p1a: Incineroar|62/100\n|\n|t:|1776114621\n|switch|p2b: Delphox|Delphox, L50, M|100/100|[from] Flip Turn\n|move|p1b: Floette|Dazzling Gleam|p2a: Kingambit|[spread] p2b\n|-activate|p2a: Kingambit|move: Protect\n|-resisted|p2b: Delphox|1\n|-damage|p2b: Delphox|71/100\n|\n|upkeep\n|turn|2\n|\n|t:|1776114642\n|switch|p2a: Basculegion|Basculegion, L50, M|100/100\n|detailschange|p2b: Delphox|Delphox-Mega, L50, M\n|-mega|p2b: Delphox|Delphox|Delphoxite\n|move|p2b: Delphox|Protect|p2b: Delphox\n|-singleturn|p2b: Delphox|Protect\n|move|p1b: Floette|Protect|p1b: Floette\n|-singleturn|p1b: Floette|Protect\n|move|p1a: Incineroar|Darkest Lariat|p2b: Delphox\n|-activate|p2b: Delphox|move: Protect\n|\n|upkeep\n|turn|3\n|inactive|not_avu has 30 seconds left.\n|\n|t:|1776114673\n|switch|p1b: Sinistcha|Sinistcha, L50|100/100\n|-heal|p1a: Incineroar|87/100|[from] ability: Hospitality|[of] p1b: Sinistcha\n|move|p2b: Delphox|Heat Wave|p1b: Sinistcha|[spread] p1a,p1b\n|-resisted|p1a: Incineroar|1\n|-supereffective|p1b: Sinistcha|1\n|-damage|p1a: Incineroar|67/100\n|-damage|p1b: Sinistcha|12/100\n|move|p2a: Basculegion|Wave Crash|p1a: Incineroar\n|-supereffective|p1a: Incineroar|1\n|-damage|p1a: Incineroar|0 fnt\n|faint|p1a: Incineroar\n|-damage|p2a: Basculegion|78/100|[from] Recoil\n|\n|-heal|p1b: Sinistcha|18/100|[from] item: Leftovers\n|upkeep\n|\n|t:|1776114688\n|switch|p1a: Floette|Floette-Mega, L50, F|100/100\n|-ability|p1a: Floette|Fairy Aura\n|turn|4\n|\n|t:|1776114702\n|move|p1b: Sinistcha|Rage Powder|p1b: Sinistcha\n|-singleturn|p1b: Sinistcha|move: Rage Powder\n|move|p2b: Delphox|Light Screen|p2b: Delphox\n|-sidestart|p2: SlightlySeenFist|move: Light Screen\n|move|p2a: Basculegion|Wave Crash|p1b: Sinistcha\n|-resisted|p1b: Sinistcha|1\n|-damage|p1b: Sinistcha|0 fnt\n|faint|p1b: Sinistcha\n|-damage|p2a: Basculegion|72/100|[from] Recoil\n|move|p1a: Floette|Moonblast|p2b: Delphox\n|-resisted|p2b: Delphox|1\n|-damage|p2b: Delphox|45/100\n|\n|upkeep\n|\n|t:|1776114713\n|switch|p1b: Glimmora|Glimmora, L50, F|100/100\n|turn|5\n|\n|t:|1776114720\n|switch|p2a: Sinistcha|Sinistcha, L50|100/100\n|-heal|p2b: Delphox|70/100|[from] ability: Hospitality|[of] p2a: Sinistcha\n|move|p2b: Delphox|Protect|p2b: Delphox\n|-singleturn|p2b: Delphox|Protect\n|move|p1b: Glimmora|Spiky Shield|p1b: Glimmora\n|-singleturn|p1b: Glimmora|move: Protect\n|move|p1a: Floette|Protect||[still]\n|-fail|p1a: Floette\n|\n|upkeep\n|turn|6\n|inactive|SlightlySeenFist has 30 seconds left.\n|\n|t:|1776114754\n|move|p2b: Delphox|Heat Wave|p1b: Glimmora|[spread] p1a\n|-miss|p2b: Delphox|p1b: Glimmora\n|-damage|p1a: Floette|65/100\n|move|p1b: Glimmora|Power Gem|p2b: Delphox\n|-supereffective|p2b: Delphox|1\n|-damage|p2b: Delphox|9/100\n|move|p1a: Floette|Calm Mind|p1a: Floette\n|-boost|p1a: Floette|spa|1\n|-boost|p1a: Floette|spd|1\n|move|p2a: Sinistcha|Shadow Ball|p1a: Floette\n|-damage|p1a: Floette|40/100\n|\n|upkeep\n|turn|7\n|\n|t:|1776114779\n|move|p2a: Sinistcha|Rage Powder|p2a: Sinistcha\n|-singleturn|p2a: Sinistcha|move: Rage Powder\n|move|p2b: Delphox|Psychic|p1b: Glimmora\n|-supereffective|p1b: Glimmora|1\n|-enditem|p1b: Glimmora|Focus Sash\n|-damage|p1b: Glimmora|1/100\n|-unboost|p1b: Glimmora|spd|1\n|move|p1b: Glimmora|Sludge Bomb|p2a: Sinistcha\n|-damage|p2a: Sinistcha|61/100\n|move|p1a: Floette|Dazzling Gleam|p2a: Sinistcha|[spread] p2a,p2b\n|-resisted|p2b: Delphox|1\n|-damage|p2a: Sinistcha|0 fnt\n|-damage|p2b: Delphox|0 fnt\n|faint|p2a: Sinistcha\n|faint|p2b: Delphox\n|\n|upkeep\n|\n|t:|1776114793\n|switch|p2b: Basculegion|Basculegion, L50, M|72/100\n|switch|p2a: Kingambit|Kingambit, L50, M|100/100\n|turn|8\n|\n|t:|1776114805\n|move|p1b: Glimmora|Spiky Shield|p1b: Glimmora\n|-singleturn|p1b: Glimmora|move: Protect\n|move|p1a: Floette|Protect|p1a: Floette\n|-singleturn|p1a: Floette|Protect\n|move|p2b: Basculegion|Aqua Jet|p1a: Floette\n|-activate|p1a: Floette|move: Protect\n|move|p2a: Kingambit|Sucker Punch||[still]\n|-fail|p2a: Kingambit\n|\n|-sideend|p2: SlightlySeenFist|move: Light Screen\n|upkeep\n|turn|9\n|\n|t:|1776114824\n|move|p2b: Basculegion|Aqua Jet|p1b: Glimmora\n|-supereffective|p1b: Glimmora|1\n|-damage|p1b: Glimmora|0 fnt\n|-activate|p1b: Glimmora|ability: Toxic Debris\n|-sidestart|p2: SlightlySeenFist|move: Toxic Spikes\n|faint|p1b: Glimmora\n|move|p2a: Kingambit|Sucker Punch|p1a: Floette\n|-resisted|p1a: Floette|1\n|-damage|p1a: Floette|12/100\n|move|p1a: Floette|Moonblast|p2b: Basculegion\n|-damage|p2b: Basculegion|0 fnt\n|faint|p2b: Basculegion\n|\n|upkeep\n|turn|10\n|\n|t:|1776114839\n|move|p2a: Kingambit|Sucker Punch||[still]\n|-fail|p2a: Kingambit\n|move|p1a: Floette|Calm Mind|p1a: Floette\n|-boost|p1a: Floette|spa|1\n|-boost|p1a: Floette|spd|1\n|\n|upkeep\n|turn|11\n|\n|t:|1776114851\n|move|p1a: Floette|Protect|p1a: Floette\n|-singleturn|p1a: Floette|Protect\n|move|p2a: Kingambit|Sucker Punch||[still]\n|-fail|p2a: Kingambit\n|\n|upkeep\n|turn|12\n|\n|t:|1776114859\n|move|p2a: Kingambit|Sucker Punch||[still]\n|-fail|p2a: Kingambit\n|move|p1a: Floette|Calm Mind|p1a: Floette\n|-boost|p1a: Floette|spa|1\n|-boost|p1a: Floette|spd|1\n|\n|upkeep\n|turn|13\n|\n|t:|1776114882\n|move|p1a: Floette|Protect|p1a: Floette\n|-singleturn|p1a: Floette|Protect\n|move|p2a: Kingambit|Kowtow Cleave|p1a: Floette\n|-activate|p1a: Floette|move: Protect\n|\n|upkeep\n|turn|14\n|\n|t:|1776114892\n|move|p2a: Kingambit|Sucker Punch||[still]\n|-fail|p2a: Kingambit\n|move|p1a: Floette|Calm Mind|p1a: Floette\n|-boost|p1a: Floette|spa|1\n|-boost|p1a: Floette|spd|1\n|\n|upkeep\n|turn|15\n|\n|t:|1776114899\n|move|p1a: Floette|Moonblast|p2a: Kingambit\n|-crit|p2a: Kingambit\n|-damage|p2a: Kingambit|0 fnt\n|faint|p2a: Kingambit\n|\n|win|not_avu\n|raw|not_avu's rating: 1176 &rarr; <strong>1196</strong><br />(+20 for winning)\n|raw|SlightlySeenFist's rating: 1108 &rarr; <strong>1088</strong><br />(-20 for losing)\n|c|\u2606not_avu|gg\n|l|\u2606SlightlySeenFist\n|player|p2|\n",
  "uploadtime": 1776114933,
  "views": 14,
  "formatid": "gen9championsvgc2026regma",
  "rating": 1088,
  "private": 0,
  "password": null
}