{
  "id": "gen9championsvgc2026regma-2587251449",
  "format": "[Gen 9 Champions] VGC 2026 Reg M-A",
  "players": [
    "chang21",
    "Kaizer_Ifrit"
  ],
  "log": "|j|\u2606chang21\n|j|\u2606Kaizer_Ifrit\n|t:|1776514552\n|gametype|doubles\n|player|p1|chang21|101|1464\n|player|p2|Kaizer_Ifrit|caitlin|1421\n|gen|9\n|tier|[Gen 9 Champions] VGC 2026 Reg M-A\n|rated|\n|rule|Species Clause: Limit one of each Pok\u00e9mon\n|rule|Item Clause: Limit 1 of each item\n|clearpoke\n|poke|p1|Aggron, L50, M|\n|poke|p1|Incineroar, L50, F|\n|poke|p1|Dragonite, L50, M|\n|poke|p1|Sinistcha, L50|\n|poke|p1|Basculegion, L50, M|\n|poke|p1|Pelipper, L50, F|\n|poke|p2|Garchomp, L50, F|\n|poke|p2|Talonflame, L50, M|\n|poke|p2|Rotom-Wash, L50|\n|poke|p2|Froslass, L50, F|\n|poke|p2|Kingambit, L50, M|\n|poke|p2|Sneasler, L50, F|\n|teampreview|4\n|inactive|Battle timer is ON: inactive players will automatically lose when time's up. (requested by Kaizer_Ifrit)\n|inactive|chang21 has 60 seconds left.\n|inactive|chang21 has 30 seconds left.\n|inactive|chang21 has 20 seconds left.\n|inactive|chang21 has 15 seconds left.\n|inactive|chang21 has 10 seconds left.\n|\n|t:|1776514634\n|teamsize|p1|4\n|teamsize|p2|4\n|start\n|switch|p1a: Aggron|Aggron, L50, M|100/100\n|switch|p1b: Pelipper|Pelipper, L50, F|100/100\n|switch|p2a: Kkkrrraaaaaa|Talonflame, L50, M|100/100\n|switch|p2b: 3rd floor|Rotom-Wash, L50|100/100\n|-weather|RainDance|[from] ability: Drizzle|[of] p1b: Pelipper\n|turn|1\n|inactive|chang21 has 30 seconds left.\n|inactive|chang21 has 20 seconds left.\n|inactive|chang21 has 15 seconds left.\n|\n|t:|1776514676\n|switch|p1b: Sinistcha|Sinistcha, L50|100/100\n|detailschange|p1a: Aggron|Aggron-Mega, L50, M\n|-mega|p1a: Aggron|Aggron|Aggronite\n|move|p1a: Aggron|Protect|p1a: Aggron\n|-singleturn|p1a: Aggron|Protect\n|move|p2a: Kkkrrraaaaaa|Acrobatics|p1b: Sinistcha\n|-supereffective|p1b: Sinistcha|1\n|-damage|p1b: Sinistcha|35/100\n|move|p2b: 3rd floor|Volt Switch|p1b: Sinistcha\n|-resisted|p1b: Sinistcha|1\n|-damage|p1b: Sinistcha|19/100\n|\n|t:|1776514688\n|switch|p2b: Shirona|Garchomp, L50, F|100/100|[from] Volt Switch\n|\n|-weather|RainDance|[upkeep]\n|upkeep\n|turn|2\n|\n|t:|1776514699\n|switch|p1b: Pelipper|Pelipper, L50, F|100/100\n|move|p2a: Kkkrrraaaaaa|Acrobatics|p1b: Pelipper\n|-damage|p1b: Pelipper|52/100\n|move|p2b: Shirona|Earthquake|p1b: Pelipper|[spread] p1a\n|-immune|p2a: Kkkrrraaaaaa\n|-immune|p1b: Pelipper\n|-supereffective|p1a: Aggron|1\n|-damage|p1a: Aggron|73/100\n|move|p1a: Aggron|Iron Defense|p1a: Aggron\n|-boost|p1a: Aggron|def|2\n|\n|-weather|RainDance|[upkeep]\n|upkeep\n|turn|3\n|\n|t:|1776514718\n|move|p2a: Kkkrrraaaaaa|Taunt|p1a: Aggron\n|-start|p1a: Aggron|move: Taunt\n|move|p2b: Shirona|Rock Slide|p1b: Pelipper|[spread] p1a,p1b\n|-resisted|p1a: Aggron|1\n|-supereffective|p1b: Pelipper|1\n|-damage|p1a: Aggron|71/100\n|-damage|p1b: Pelipper|0 fnt\n|faint|p1b: Pelipper\n|cant|p1a: Aggron|flinch\n|\n|-weather|RainDance|[upkeep]\n|upkeep\n|\n|t:|1776514724\n|switch|p1b: Basculegion|Basculegion, L50, M|100/100\n|turn|4\n|\n|t:|1776514751\n|move|p2b: Shirona|Protect|p2b: Shirona\n|-singleturn|p2b: Shirona|Protect\n|move|p2a: Kkkrrraaaaaa|Tailwind|p2a: Kkkrrraaaaaa\n|-sidestart|p2: Kaizer_Ifrit|move: Tailwind\n|move|p1b: Basculegion|Flip Turn|p2a: Kkkrrraaaaaa\n|-supereffective|p2a: Kkkrrraaaaaa|1\n|-damage|p2a: Kkkrrraaaaaa|0 fnt\n|faint|p2a: Kkkrrraaaaaa\n|\n|t:|1776514756\n|switch|p1b: Sinistcha|Sinistcha, L50|19/100|[from] Flip Turn\n|-heal|p1a: Aggron|95/100|[from] ability: Hospitality|[of] p1b: Sinistcha\n|move|p1a: Aggron|Body Press|p2b: Shirona\n|-activate|p2b: Shirona|move: Protect\n|\n|-weather|RainDance|[upkeep]\n|upkeep\n|\n|t:|1776514762\n|switch|p2a: 3rd floor|Rotom-Wash, L50|100/100\n|turn|5\n|inactive|chang21 has 30 seconds left.\n|\n|t:|1776514787\n|switch|p1b: Basculegion|Basculegion, L50, M|100/100\n|move|p2a: 3rd floor|Hydro Pump|p1a: Aggron\n|-damage|p1a: Aggron|31/100\n|move|p2b: Shirona|Earthquake|p1a: Aggron|[spread] p1a,p1b\n|-immune|p2a: 3rd floor|[from] ability: Levitate\n|-supereffective|p1a: Aggron|1\n|-damage|p1a: Aggron|15/100\n|-damage|p1b: Basculegion|54/100\n|move|p1a: Aggron|Body Press|p2a: 3rd floor\n|-damage|p2a: 3rd floor|0 fnt\n|faint|p2a: 3rd floor\n|\n|-weather|none\n|-end|p1a: Aggron|move: Taunt\n|upkeep\n|\n|t:|1776514799\n|switch|p2a: A.K.I.|Sneasler, L50, F|100/100\n|turn|6\n|\n|t:|1776514810\n|switch|p1b: Sinistcha|Sinistcha, L50|19/100\n|-heal|p1a: Aggron|40/100|[from] ability: Hospitality|[of] p1b: Sinistcha\n|move|p2a: A.K.I.|Dire Claw|p1b: Sinistcha\n|-damage|p1b: Sinistcha|0 fnt\n|faint|p1b: Sinistcha\n|move|p2b: Shirona|Dragon Claw|p1a: Aggron\n|-resisted|p1a: Aggron|1\n|-damage|p1a: Aggron|35/100\n|move|p1a: Aggron|Iron Defense|p1a: Aggron\n|-boost|p1a: Aggron|def|2\n|\n|upkeep\n|\n|t:|1776514824\n|switch|p1b: Basculegion|Basculegion, L50, M|54/100\n|turn|7\n|\n|t:|1776514849\n|move|p2a: A.K.I.|Protect|p2a: A.K.I.\n|-singleturn|p2a: A.K.I.|Protect\n|move|p1b: Basculegion|Aqua Jet|p2a: A.K.I.\n|-activate|p2a: A.K.I.|move: Protect\n|move|p2b: Shirona|Earthquake|p1a: Aggron|[spread] p1a,p1b\n|-activate|p2a: A.K.I.|move: Protect\n|-supereffective|p1a: Aggron|1\n|-damage|p1a: Aggron|25/100\n|-damage|p1b: Basculegion|7/100\n|move|p1a: Aggron|Heavy Slam|p2a: A.K.I.\n|-activate|p2a: A.K.I.|move: Protect\n|\n|-sideend|p2: Kaizer_Ifrit|move: Tailwind\n|upkeep\n|turn|8\n|\n|t:|1776514867\n|move|p1b: Basculegion|Aqua Jet|p2a: A.K.I.\n|-damage|p2a: A.K.I.|58/100\n|move|p2a: A.K.I.|Close Combat|p1a: Aggron\n|-supereffective|p1a: Aggron|1\n|-damage|p1a: Aggron|9/100\n|-unboost|p2a: A.K.I.|def|1\n|-unboost|p2a: A.K.I.|spd|1\n|-enditem|p2a: A.K.I.|White Herb\n|-clearnegativeboost|p2a: A.K.I.|[silent]\n|move|p2b: Shirona|Earthquake|p1a: Aggron|[spread] p2a,p1a,p1b\n|-supereffective|p2a: A.K.I.|1\n|-supereffective|p1a: Aggron|1\n|-damage|p2a: A.K.I.|0 fnt\n|-damage|p1a: Aggron|0 fnt\n|-damage|p1b: Basculegion|0 fnt\n|faint|p2a: A.K.I.\n|faint|p1a: Aggron\n|faint|p1b: Basculegion\n|\n|win|Kaizer_Ifrit\n|raw|chang21's rating: 1464 &rarr; <strong>1442</strong><br />(-22 for losing)\n|raw|Kaizer_Ifrit's rating: 1421 &rarr; <strong>1443</strong><br />(+22 for winning)\n|c|\u2606Kaizer_Ifrit|THE WALL MEANS NOTHING\n|l|\u2606chang21\n|player|p1|\n",
  "uploadtime": 1776514892,
  "views": 67,
  "formatid": "gen9championsvgc2026regma",
  "rating": 1442,
  "private": 0,
  "password": null
}