{
  "id": "gen9championsvgc2026regma-2580556540",
  "format": "[Gen 9 Champions] VGC 2026 Reg M-A",
  "players": [
    "WhiteBoySharia",
    "Kiryuri"
  ],
  "log": "|j|\u2606WhiteBoySharia\n|j|\u2606Kiryuri\n|t:|1775912505\n|gametype|doubles\n|player|p1|WhiteBoySharia|kieran|1045\n|player|p2|Kiryuri|acetrainerf|1000\n|gen|9\n|tier|[Gen 9 Champions] VGC 2026 Reg M-A\n|rated|\n|rule|Species Clause: Limit one of each Pok\u00e9mon\n|rule|Item Clause: Limit 1 of each item\n|clearpoke\n|poke|p1|Floette-Eternal, L50, F|\n|poke|p1|Archaludon, L50, M|\n|poke|p1|Whimsicott, L50, M|\n|poke|p1|Incineroar, L50, M|\n|poke|p1|Palafin, L50, F|\n|poke|p1|Sneasler, L50, M|\n|poke|p2|Palafin, L50, F|\n|poke|p2|Politoed, L50, F|\n|poke|p2|Hydreigon, L50, F|\n|poke|p2|Primarina, L50, F|\n|poke|p2|Sneasler, L50, F|\n|poke|p2|Sinistcha, L50|\n|teampreview|4\n|inactive|Battle timer is ON: inactive players will automatically lose when time's up. (requested by WhiteBoySharia)\nKiryuri has agreed to open team sheets.\n|inactive|Kiryuri has 60 seconds left.\n|\n|t:|1775912556\n|teamsize|p1|4\n|teamsize|p2|4\n|start\n|switch|p1a: Palafin|Palafin, L50, F|100/100\n|switch|p1b: Archaludon|Archaludon, L50, M|100/100\n|switch|p2a: Palafin|Palafin, L50, F, shiny|100/100\n|switch|p2b: Primarina|Primarina, L50, F, shiny|100/100\n|turn|1\n|\n|t:|1775912577\n|move|p1a: Palafin|Flip Turn|p2a: Palafin\n|-resisted|p2a: Palafin|1\n|-damage|p2a: Palafin|86/100\n|\n|t:|1775912581\n|detailschange|p1a: Palafin|Palafin-Hero, L50, F\n|switch|p1a: Whimsicott|Whimsicott, L50, M|100/100|[from] Flip Turn\n|move|p2a: Palafin|Flip Turn|p1b: Archaludon\n|-resisted|p1b: Archaludon|1\n|-damage|p1b: Archaludon|91/100\n|-ability|p1b: Archaludon|Stamina|boost\n|-boost|p1b: Archaludon|def|1\n|\n|t:|1775912591\n|detailschange|p2a: Palafin|Palafin-Hero, L50, F, shiny\n|switch|p2a: Sneasler|Sneasler, L50, F, shiny|100/100|[from] Flip Turn\n|move|p1b: Archaludon|Snarl|p2b: Primarina|[spread] p2a,p2b\n|-resisted|p2a: Sneasler|1\n|-resisted|p2b: Primarina|1\n|-damage|p2a: Sneasler|94/100\n|-damage|p2b: Primarina|96/100\n|-unboost|p2a: Sneasler|spa|1\n|-unboost|p2b: Primarina|spa|1\n|-enditem|p2a: Sneasler|White Herb\n|-clearnegativeboost|p2a: Sneasler|[silent]\n|move|p2b: Primarina|Substitute|p2b: Primarina\n|-start|p2b: Primarina|Substitute\n|-damage|p2b: Primarina|72/100\n|\n|-heal|p1b: Archaludon|97/100|[from] item: Leftovers\n|upkeep\n|turn|2\n|inactive|WhiteBoySharia has 30 seconds left.\n|inactive|Kiryuri has 30 seconds left.\n|inactive|Kiryuri has 20 seconds left.\n|inactive|Kiryuri has 15 seconds left.\n|\n|t:|1775912633\n|move|p2a: Sneasler|Fake Out|p1a: Whimsicott\n|-damage|p1a: Whimsicott|83/100\n|cant|p1a: Whimsicott|flinch\n|move|p1b: Archaludon|Dragon Pulse|p2a: Sneasler\n|-damage|p2a: Sneasler|55/100\n|move|p2b: Primarina|Moonblast|p1a: Whimsicott\n|-damage|p1a: Whimsicott|41/100\n|\n|-heal|p1b: Archaludon|100/100|[from] item: Leftovers\n|upkeep\n|turn|3\n|inactive|WhiteBoySharia has 30 seconds left.\n|\n|t:|1775912659\n|move|p1a: Whimsicott|Encore|p2a: Sneasler\n|-start|p2a: Sneasler|Encore\n|move|p2a: Sneasler|Fake Out||[still]\n|-hint|Fake Out only works on your first turn out.\n|-fail|p2a: Sneasler\n|move|p1b: Archaludon|Electro Shot||[still]\n|-prepare|p1b: Archaludon|Electro Shot\n|-boost|p1b: Archaludon|spa|1\n|move|p2b: Primarina|Moonblast|p1b: Archaludon\n|-damage|p1b: Archaludon|65/100\n|-ability|p1b: Archaludon|Stamina|boost\n|-boost|p1b: Archaludon|def|1\n|\n|-heal|p1b: Archaludon|71/100|[from] item: Leftovers\n|upkeep\n|turn|4\n|inactive|Kiryuri has 30 seconds left.\n|\n|t:|1775912689\n|switch|p2a: Hydreigon|Hydreigon, L50, F|100/100\n|move|p1a: Whimsicott|Moonblast|p2b: Primarina\n|-activate|p2b: Primarina|move: Substitute|[damage]\n|move|p1b: Archaludon|Electro Shot|p2a: Hydreigon|[from] lockedmove\n|-resisted|p2a: Hydreigon|1\n|-damage|p2a: Hydreigon|73/100\n|move|p2b: Primarina|Moonblast|p1a: Whimsicott\n|-damage|p1a: Whimsicott|0 fnt\n|faint|p1a: Whimsicott\n|\n|-heal|p1b: Archaludon|77/100|[from] item: Leftovers\n|upkeep\n|\n|t:|1775912708\n|switch|p1a: Floette|Floette-Eternal, L50, F|100/100\n|turn|5\n|inactive|Kiryuri has 30 seconds left.\n|\n|t:|1775912733\n|detailschange|p1a: Floette|Floette-Mega, L50, F\n|-mega|p1a: Floette|Floette|Floettite\n|-ability|p1a: Floette|Fairy Aura\n|move|p1a: Floette|Dazzling Gleam|p2a: Hydreigon|[spread] p2a,p2b\n|-end|p2b: Primarina|Substitute\n|-supereffective|p2a: Hydreigon|2\n|-damage|p2a: Hydreigon|0 fnt\n|faint|p2a: Hydreigon\n|move|p1b: Archaludon|Snarl|p2b: Primarina\n|-resisted|p2b: Primarina|1\n|-damage|p2b: Primarina|62/100\n|-unboost|p2b: Primarina|spa|1\n|move|p2b: Primarina|Hyper Voice|p1b: Archaludon|[spread] p1a,p1b\n|-resisted|p1b: Archaludon|1\n|-damage|p1a: Floette|86/100\n|-damage|p1b: Archaludon|70/100\n|-ability|p1b: Archaludon|Stamina|boost\n|-boost|p1b: Archaludon|def|1\n|\n|-heal|p1b: Archaludon|76/100|[from] item: Leftovers\n|upkeep\n|\n|t:|1775912745\n|switch|p2a: Sneasler|Sneasler, L50, F, shiny|55/100\n|turn|6\n|inactive|WhiteBoySharia has 30 seconds left.\n|\n|t:|1775912770\n|switch|p2b: Palafin|Palafin-Hero, L50, F, shiny|86/100\n|-activate|p2b: Palafin|ability: Zero to Hero\n|move|p1a: Floette|Protect|p1a: Floette\n|-singleturn|p1a: Floette|Protect\n|move|p2a: Sneasler|Dire Claw|p1a: Floette\n|-activate|p1a: Floette|move: Protect\n|move|p1b: Archaludon|Dragon Pulse|p2a: Sneasler\n|-crit|p2a: Sneasler\n|-damage|p2a: Sneasler|0 fnt\n|faint|p2a: Sneasler\n|\n|-heal|p1b: Archaludon|82/100|[from] item: Leftovers\n|upkeep\n|\n|t:|1775912782\n|switch|p2a: Primarina|Primarina, L50, F, shiny|62/100\n|turn|7\n|\n|t:|1775912792\n|move|p2b: Palafin|Jet Punch|p1a: Floette\n|-damage|p1a: Floette|25/100\n|move|p1a: Floette|Dazzling Gleam|p2b: Palafin|[spread] p2a,p2b\n|-damage|p2a: Primarina|26/100\n|-damage|p2b: Palafin|43/100\n|move|p1b: Archaludon|Dragon Pulse|p2b: Palafin\n|-damage|p2b: Palafin|0 fnt\n|faint|p2b: Palafin\n|move|p2a: Primarina|Hyper Voice|p1a: Floette|[spread] p1a,p1b\n|-resisted|p1b: Archaludon|1\n|-damage|p1a: Floette|0 fnt\n|-damage|p1b: Archaludon|65/100\n|-ability|p1b: Archaludon|Stamina|boost\n|-boost|p1b: Archaludon|def|1\n|faint|p1a: Floette\n|\n|-heal|p1b: Archaludon|71/100|[from] item: Leftovers\n|upkeep\n|\n|t:|1775912811\n|switch|p1a: Palafin|Palafin-Hero, L50, F|100/100\n|-activate|p1a: Palafin|ability: Zero to Hero\n|turn|8\n|\n|t:|1775912824\n|move|p1a: Palafin|Wave Crash|p2a: Primarina\n|-resisted|p2a: Primarina|1\n|-damage|p2a: Primarina|0 fnt\n|faint|p2a: Primarina\n|-damage|p1a: Palafin|91/100|[from] Recoil\n|\n|win|WhiteBoySharia\n|raw|WhiteBoySharia's rating: 1045 &rarr; <strong>1074</strong><br />(+29 for winning)\n|raw|Kiryuri's rating: 1000 &rarr; <strong>1000</strong><br />(+0 for losing)\n|l|\u2606Kiryuri\n|player|p2|\n",
  "uploadtime": 1775912831,
  "views": 11,
  "formatid": "gen9championsvgc2026regma",
  "rating": 1000,
  "private": 0,
  "password": null
}