{
  "id": "gen9championsvgc2026regma-2582170313",
  "format": "[Gen 9 Champions] VGC 2026 Reg M-A",
  "players": [
    "Goybeam",
    "RKVN"
  ],
  "log": "|j|\u2606Goybeam\n|j|\u2606RKVN\n|t:|1776066919\n|gametype|doubles\n|player|p1|Goybeam|2|1045\n|player|p2|RKVN|102|1087\n|gen|9\n|tier|[Gen 9 Champions] VGC 2026 Reg M-A\n|rated|\n|rule|Species Clause: Limit one of each Pok\u00e9mon\n|rule|Item Clause: Limit 1 of each item\n|clearpoke\n|poke|p1|Aerodactyl, L50, M|\n|poke|p1|Incineroar, L50, F|\n|poke|p1|Floette-Eternal, L50, F|\n|poke|p1|Basculegion, L50, M|\n|poke|p1|Garchomp, L50, F|\n|poke|p1|Sneasler, L50, M|\n|poke|p2|Orthworm, L50, M|\n|poke|p2|Basculegion, L50, M|\n|poke|p2|Incineroar, L50, M|\n|poke|p2|Froslass, L50, F|\n|poke|p2|Rotom-Frost, L50|\n|poke|p2|Garchomp, L50, M|\n|teampreview|4\n|inactive|Battle timer is ON: inactive players will automatically lose when time's up. (requested by Goybeam)\n|inactive|RKVN has 60 seconds left.\n|\n|t:|1776066974\n|teamsize|p1|4\n|teamsize|p2|4\n|start\n|switch|p1a: Sneasler|Sneasler, L50, M|100/100\n|switch|p1b: Basculegion|Basculegion, L50, M|100/100\n|switch|p2a: Froslass|Froslass, L50, F|100/100\n|switch|p2b: Rotom|Rotom-Frost, L50|100/100\n|turn|1\n|inactive|Goybeam has 30 seconds left.\n|\n|t:|1776067000\n|detailschange|p2a: Froslass|Froslass-Mega, L50, F\n|-mega|p2a: Froslass|Froslass|Froslassite\n|-weather|Snowscape|[from] ability: Snow Warning|[of] p2a: Froslass\n|move|p2a: Froslass|Protect|p2a: Froslass\n|-singleturn|p2a: Froslass|Protect\n|move|p1b: Basculegion|Flip Turn|p2b: Rotom\n|-damage|p2b: Rotom|72/100\n|\n|t:|1776067011\n|switch|p1b: Indianuker|Floette-Eternal, L50, F|100/100|[from] Flip Turn\n|move|p1a: Sneasler|Rock Tomb|p2a: Froslass\n|-activate|p2a: Froslass|move: Protect\n|move|p2b: Rotom|Blizzard|p1a: Sneasler|[spread] p1a,p1b\n|-damage|p1a: Sneasler|30/100\n|-damage|p1b: Indianuker|51/100\n|\n|-weather|Snowscape|[upkeep]\n|upkeep\n|turn|2\n|\n|t:|1776067034\n|detailschange|p1b: Indianuker|Floette-Mega, L50, F\n|-mega|p1b: Indianuker|Floette|Floettite\n|-ability|p1b: Indianuker|Fairy Aura\n|move|p1b: Indianuker|Protect|p1b: Indianuker\n|-singleturn|p1b: Indianuker|Protect\n|move|p2a: Froslass|Blizzard|p1a: Sneasler|[spread] p1a\n|-activate|p1b: Indianuker|move: Protect\n|-damage|p1a: Sneasler|0 fnt\n|faint|p1a: Sneasler\n|move|p2b: Rotom|Blizzard|p1b: Indianuker\n|-activate|p1b: Indianuker|move: Protect\n|\n|-weather|Snowscape|[upkeep]\n|upkeep\n|\n|t:|1776067042\n|switch|p1a: Aerodactyl|Aerodactyl, L50, M|100/100\n|-ability|p1a: Aerodactyl|Unnerve\n|turn|3\n|\n|t:|1776067051\n|move|p1a: Aerodactyl|Tailwind|p1a: Aerodactyl\n|-sidestart|p1: Goybeam|move: Tailwind\n|move|p1b: Indianuker|Light of Ruin|p2a: Froslass\n|-damage|p2a: Froslass|0 fnt\n|faint|p2a: Froslass\n|-damage|p1b: Indianuker|2/100|[from] Recoil\n|move|p2b: Rotom|Blizzard|p1a: Aerodactyl|[spread] p1a,p1b\n|-supereffective|p1a: Aerodactyl|1\n|-enditem|p1a: Aerodactyl|Focus Sash\n|-damage|p1a: Aerodactyl|1/100\n|-damage|p1b: Indianuker|0 fnt\n|faint|p1b: Indianuker\n|\n|-weather|Snowscape|[upkeep]\n|upkeep\n|\n|t:|1776067065\n|switch|p2a: Garchomp|Garchomp, L50, M|100/100\n|switch|p1b: Basculegion|Basculegion, L50, M|100/100\n|turn|4\n|inactive|Goybeam has 30 seconds left.\n|inactive|Goybeam has 20 seconds left.\n|inactive|Goybeam has 15 seconds left.\n|\n|t:|1776067109\n|move|p1a: Aerodactyl|Protect|p1a: Aerodactyl\n|-singleturn|p1a: Aerodactyl|Protect\n|move|p2a: Garchomp|Protect|p2a: Garchomp\n|-singleturn|p2a: Garchomp|Protect\n|move|p1b: Basculegion|Last Respects|p2b: Rotom\n|-damage|p2b: Rotom|8/100\n|move|p2b: Rotom|Blizzard|p1b: Basculegion|[spread] p1b\n|-activate|p1a: Aerodactyl|move: Protect\n|-resisted|p1b: Basculegion|1\n|-damage|p1b: Basculegion|74/100\n|\n|-weather|Snowscape|[upkeep]\n|upkeep\n|turn|5\n|inactive|Goybeam has 30 seconds left.\n|inactive|RKVN has 30 seconds left.\n|\n|t:|1776067142\n|move|p1b: Basculegion|Last Respects|p2a: Garchomp\n|-enditem|p2a: Garchomp|Focus Sash\n|-damage|p2a: Garchomp|1/100\n|move|p1a: Aerodactyl|Rock Slide|p2a: Garchomp|[spread] p2a,p2b\n|-resisted|p2a: Garchomp|1\n|-supereffective|p2b: Rotom|1\n|-crit|p2b: Rotom\n|-damage|p2a: Garchomp|0 fnt\n|-damage|p2b: Rotom|0 fnt\n|faint|p2a: Garchomp\n|faint|p2b: Rotom\n|\n|-weather|none\n|upkeep\n|\n|t:|1776067154\n|switch|p2b: Basculegion|Basculegion, L50, M|100/100\n|turn|6\n|\n|t:|1776067161\n|move|p1b: Basculegion|Last Respects|p2b: Basculegion\n|-supereffective|p2b: Basculegion|1\n|-damage|p2b: Basculegion|0 fnt\n|faint|p2b: Basculegion\n|\n|win|Goybeam\n|raw|Goybeam's rating: 1045 &rarr; <strong>1082</strong><br />(+37 for winning)\n|raw|RKVN's rating: 1087 &rarr; <strong>1061</strong><br />(-26 for losing)\n",
  "uploadtime": 1776067166,
  "views": 14,
  "formatid": "gen9championsvgc2026regma",
  "rating": 1061,
  "private": 0,
  "password": null
}