{
  "id": "gen9championsvgc2026regma-2585372839",
  "format": "[Gen 9 Champions] VGC 2026 Reg M-A",
  "players": [
    "bobak dotto",
    "BoltP0und"
  ],
  "log": "|j|\u2606bobak dotto\n|j|\u2606BoltP0und\n|t:|1776342306\n|gametype|doubles\n|player|p1|bobak dotto|170|1122\n|player|p2|BoltP0und|volkner|1091\n|gen|9\n|tier|[Gen 9 Champions] VGC 2026 Reg M-A\n|rated|\n|rule|Species Clause: Limit one of each Pok\u00e9mon\n|rule|Item Clause: Limit 1 of each item\n|clearpoke\n|poke|p1|Lycanroc, L50, M|\n|poke|p1|Delphox, L50, F|\n|poke|p1|Tsareena, L50, F|\n|poke|p1|Hippowdon, L50, F|\n|poke|p1|Basculegion, L50, M|\n|poke|p1|Incineroar, L50, F|\n|poke|p2|Glimmora, L50, F|\n|poke|p2|Whimsicott, L50, M|\n|poke|p2|Charizard, L50, F|\n|poke|p2|Garchomp, L50, F|\n|poke|p2|Kingambit, L50, M|\n|poke|p2|Rotom-Wash, L50|\n|teampreview|4\n|inactive|Battle timer is ON: inactive players will automatically lose when time's up. (requested by BoltP0und)\n|inactive|bobak dotto has 60 seconds left.\n|inactive|BoltP0und has 60 seconds left.\n|inactive|bobak dotto has 30 seconds left.\n|inactive|bobak dotto has 20 seconds left.\n|inactive|bobak dotto has 15 seconds left.\n|\n|t:|1776342385\n|teamsize|p1|4\n|teamsize|p2|4\n|start\n|switch|p1a: Lycanroc|Lycanroc, L50, M|100/100\n|switch|p1b: Delphox|Delphox, L50, F|100/100\n|switch|p2a: Glimmora|Glimmora, L50, F|100/100\n|switch|p2b: Whimsicott|Whimsicott, L50, M|100/100\n|turn|1\n|inactive|bobak dotto has 30 seconds left.\n|\n|t:|1776342414\n|detailschange|p2a: Glimmora|Glimmora-Mega, L50, F\n|-mega|p2a: Glimmora|Glimmora|Glimmoranite\n|move|p1b: Delphox|Protect|p1b: Delphox\n|-singleturn|p1b: Delphox|Protect\n|move|p2b: Whimsicott|Tailwind|p2b: Whimsicott\n|-sidestart|p2: BoltP0und|move: Tailwind\n|move|p2a: Glimmora|Power Gem|p1b: Delphox\n|-activate|p1b: Delphox|move: Protect\n|move|p1a: Lycanroc|Close Combat|p2a: Glimmora\n|-damage|p2a: Glimmora|61/100\n|-unboost|p1a: Lycanroc|def|1\n|-unboost|p1a: Lycanroc|spd|1\n|\n|upkeep\n|turn|2\n|inactive|BoltP0und has 30 seconds left.\n|\n|t:|1776342441\n|switch|p1b: Hippowdon|Hippowdon, L50, F|100/100\n|-weather|Sandstorm|[from] ability: Sand Stream|[of] p1b: Hippowdon\n|move|p2b: Whimsicott|Moonblast|p1a: Lycanroc\n|-damage|p1a: Lycanroc|55/100\n|move|p1a: Lycanroc|Rock Slide|p2a: Glimmora|[spread] p2a,p2b\n|-damage|p2a: Glimmora|35/100\n|-damage|p2b: Whimsicott|69/100\n|move|p2a: Glimmora|Earth Power|p1a: Lycanroc\n|-supereffective|p1a: Lycanroc|1\n|-damage|p1a: Lycanroc|0 fnt\n|faint|p1a: Lycanroc\n|\n|-weather|Sandstorm|[upkeep]\n|-damage|p2b: Whimsicott|63/100|[from] Sandstorm\n|upkeep\n|\n|t:|1776342457\n|switch|p1a: Basculegion|Basculegion, L50, M|100/100\n|turn|3\n|inactive|BoltP0und has 30 seconds left.\n|inactive|BoltP0und has 20 seconds left.\n|\n|t:|1776342494\n|move|p2a: Glimmora|Spiky Shield|p2a: Glimmora\n|-singleturn|p2a: Glimmora|move: Protect\n|move|p1a: Basculegion|Aqua Jet|p2a: Glimmora\n|-activate|p2a: Glimmora|move: Protect\n|-damage|p1a: Basculegion|88/100|[from] Spiky Shield|[of] p2a: Glimmora\n|move|p2b: Whimsicott|Moonblast|p1a: Basculegion\n|-damage|p1a: Basculegion|59/100\n|move|p1b: Hippowdon|Yawn|p2b: Whimsicott\n|-start|p2b: Whimsicott|move: Yawn|[of] p1b: Hippowdon\n|\n|-weather|Sandstorm|[upkeep]\n|-damage|p2b: Whimsicott|57/100|[from] Sandstorm\n|-damage|p1a: Basculegion|53/100|[from] Sandstorm\n|upkeep\n|turn|4\n|\n|t:|1776342513\n|switch|p2a: Rotom|Rotom-Wash, L50|100/100\n|switch|p1a: Delphox|Delphox, L50, F|100/100\n|move|p2b: Whimsicott|Encore|p1b: Hippowdon\n|-start|p1b: Hippowdon|Encore\n|move|p1b: Hippowdon|Yawn|p2a: Rotom\n|-start|p2a: Rotom|move: Yawn|[of] p1b: Hippowdon\n|\n|-weather|Sandstorm|[upkeep]\n|-damage|p2a: Rotom|94/100|[from] Sandstorm\n|-damage|p2b: Whimsicott|51/100|[from] Sandstorm\n|-damage|p1a: Delphox|95/100|[from] Sandstorm\n|-end|p2b: Whimsicott|move: Yawn|[silent]\n|-status|p2b: Whimsicott|slp\n|-sideend|p2: BoltP0und|move: Tailwind\n|upkeep\n|turn|5\n|inactive|bobak dotto has 30 seconds left.\n|inactive|BoltP0und has 30 seconds left.\n|inactive|bobak dotto has 20 seconds left.\n|inactive|BoltP0und has 20 seconds left.\n|inactive|bobak dotto has 15 seconds left.\n|\n|t:|1776342553\n|switch|p1b: Basculegion|Basculegion, L50, M|53/100\n|detailschange|p1a: Delphox|Delphox-Mega, L50, F\n|-mega|p1a: Delphox|Delphox|Delphoxite\n|cant|p2b: Whimsicott|slp\n|move|p1a: Delphox|Heat Wave|p2a: Rotom|[spread] p2a,p2b\n|-resisted|p2a: Rotom|1\n|-supereffective|p2b: Whimsicott|1\n|-damage|p2a: Rotom|70/100\n|-damage|p2b: Whimsicott|0 fnt\n|-status|p2a: Rotom|brn\n|faint|p2b: Whimsicott\n|move|p2a: Rotom|Hydro Pump|p1a: Delphox\n|-supereffective|p1a: Delphox|1\n|-damage|p1a: Delphox|30/100\n|\n|-weather|Sandstorm|[upkeep]\n|-damage|p1a: Delphox|24/100|[from] Sandstorm\n|-damage|p2a: Rotom|64/100 brn|[from] Sandstorm\n|-damage|p1b: Basculegion|47/100|[from] Sandstorm\n|-damage|p2a: Rotom|58/100 brn|[from] brn\n|-end|p2a: Rotom|move: Yawn|[silent]\n|upkeep\n|inactive|BoltP0und has 30 seconds left.\n|inactive|BoltP0und has 20 seconds left.\n|inactive|BoltP0und has 15 seconds left.\n|inactive|BoltP0und has 10 seconds left.\n|\n|t:|1776342600\n|switch|p2b: Charizard|Charizard, L50, F|100/100\n|turn|6\n|\n|t:|1776342627\n|move|p1a: Delphox|Psychic|p2a: Rotom\n|-damage|p2a: Rotom|0 fnt\n|faint|p2a: Rotom\n|move|p1b: Basculegion|Wave Crash|p2b: Charizard\n|-supereffective|p2b: Charizard|1\n|-damage|p2b: Charizard|0 fnt\n|faint|p2b: Charizard\n|-damage|p1b: Basculegion|22/100|[from] Recoil\n|\n|-weather|none\n|upkeep\n|\n|t:|1776342637\n|switch|p2b: Glimmora|Glimmora-Mega, L50, F|35/100\n|turn|7\n|\n|t:|1776342644\n|move|p2b: Glimmora|Spiky Shield|p2b: Glimmora\n|-singleturn|p2b: Glimmora|move: Protect\n|move|p1a: Delphox|Psychic|p2b: Glimmora\n|-activate|p2b: Glimmora|move: Protect\n|move|p1b: Basculegion|Wave Crash|p2b: Glimmora\n|-activate|p2b: Glimmora|move: Protect\n|-damage|p1b: Basculegion|10/100|[from] Spiky Shield|[of] p2b: Glimmora\n|\n|upkeep\n|turn|8\n|\n|t:|1776342663\n|move|p1a: Delphox|Psychic|p2b: Glimmora\n|-supereffective|p2b: Glimmora|1\n|-damage|p2b: Glimmora|0 fnt\n|faint|p2b: Glimmora\n|\n|win|bobak dotto\n|raw|bobak dotto's rating: 1122 &rarr; <strong>1145</strong><br />(+23 for winning)\n|raw|BoltP0und's rating: 1091 &rarr; <strong>1069</strong><br />(-22 for losing)\n|l|\u2606BoltP0und\n|player|p2|\n",
  "uploadtime": 1776342677,
  "views": 18,
  "formatid": "gen9championsvgc2026regma",
  "rating": 1069,
  "private": 0,
  "password": null
}