{
  "id": "gen9championsvgc2026regma-2589468003",
  "format": "[Gen 9 Champions] VGC 2026 Reg M-A",
  "players": [
    "duvay",
    "minicloudymagic2"
  ],
  "log": "|j|\u2606duvay\n|j|\u2606minicloudymagic2\n|t:|1776725621\n|gametype|doubles\n|player|p1|duvay|102|1000\n|player|p2|minicloudymagic2|102|1078\n|gen|9\n|tier|[Gen 9 Champions] VGC 2026 Reg M-A\n|rated|\n|rule|Species Clause: Limit one of each Pok\u00e9mon\n|rule|Item Clause: Limit 1 of each item\n|clearpoke\n|poke|p1|Tyrantrum, L50, F|\n|poke|p1|Talonflame, L50, F|\n|poke|p1|Sinistcha, L50|\n|poke|p1|Gyarados, L50, M|\n|poke|p1|Gardevoir, L50, M|\n|poke|p1|Sneasler, L50, F|\n|poke|p2|Zoroark-Hisui, L50, M|\n|poke|p2|Sneasler, L50, F|\n|poke|p2|Feraligatr, L50, M|\n|poke|p2|Kingambit, L50, M|\n|poke|p2|Sinistcha, L50|\n|poke|p2|Talonflame, L50, M|\n|teampreview|4\nduvay rejected open team sheets.\n|inactive|Battle timer is ON: inactive players will automatically lose when time's up. (requested by duvay)\n|inactive|duvay has 60 seconds left.\n|\n|t:|1776725691\n|teamsize|p1|4\n|teamsize|p2|4\n|start\n|switch|p1a: Sinistcha|Sinistcha, L50|100/100\n|switch|p1b: Gardevoir|Gardevoir, L50, M|100/100\n|switch|p2a: Feraligatr|Feraligatr, L50, M|100/100\n|switch|p2b: Sneasler|Sneasler, L50, F|100/100\n|-ability|p1b: Gardevoir|Unburden|Trace|[from] ability: Trace|[of] p2b: Sneasler\n|turn|1\n|\n|t:|1776725708\n|detailschange|p2a: Feraligatr|Feraligatr-Mega, L50, M\n|-mega|p2a: Feraligatr|Feraligatr|Feraligite\n|detailschange|p1b: Gardevoir|Gardevoir-Mega, L50, M\n|-mega|p1b: Gardevoir|Gardevoir|Gardevoirite\n|move|p1a: Sinistcha|Rage Powder|p1a: Sinistcha\n|-singleturn|p1a: Sinistcha|move: Rage Powder\n|move|p2b: Sneasler|Coaching|p2a: Feraligatr\n|-boost|p2a: Feraligatr|atk|1\n|-boost|p2a: Feraligatr|def|1\n|move|p2a: Feraligatr|Double-Edge|p1a: Sinistcha\n|-damage|p1a: Sinistcha|0 fnt\n|faint|p1a: Sinistcha\n|-damage|p2a: Feraligatr|64/100|[from] Recoil\n|move|p1b: Gardevoir|Trick Room|p1b: Gardevoir\n|-fieldstart|move: Trick Room|[of] p1b: Gardevoir\n|\n|upkeep\n|\n|t:|1776725722\n|switch|p1a: Tyrantrum|Tyrantrum, L50, F|100/100\n|turn|2\n|inactive|duvay has 30 seconds left.\n|inactive|minicloudymagic2 has 30 seconds left.\n|\n|t:|1776725755\n|move|p2a: Feraligatr|Protect|p2a: Feraligatr\n|-singleturn|p2a: Feraligatr|Protect\n|move|p1a: Tyrantrum|Scale Shot|p2a: Feraligatr\n|-activate|p2a: Feraligatr|move: Protect\n|move|p1b: Gardevoir|Psychic|p2b: Sneasler\n|-supereffective|p2b: Sneasler|2\n|-crit|p2b: Sneasler\n|-enditem|p2b: Sneasler|Focus Sash\n|-damage|p2b: Sneasler|1/100\n|move|p2b: Sneasler|Gunk Shot|p1b: Gardevoir\n|-supereffective|p1b: Gardevoir|1\n|-damage|p1b: Gardevoir|0 fnt\n|faint|p1b: Gardevoir\n|\n|upkeep\n|\n|t:|1776725765\n|switch|p1b: Sneasler|Sneasler, L50, F|100/100\n|turn|3\n|\n|t:|1776725778\n|switch|p2a: Kingambit|Kingambit, L50, M|100/100\n|switch|p2b: Feraligatr|Feraligatr-Mega, L50, M|100/100\n|move|p1b: Sneasler|Fake Out|p2b: Feraligatr\n|-immune|p2b: Feraligatr\n|move|p1a: Tyrantrum|Head Smash|p2a: Kingambit|[miss]\n|-miss|p1a: Tyrantrum|p2a: Kingambit\n|\n|upkeep\n|turn|4\n|inactive|minicloudymagic2 has 30 seconds left.\n|\n|t:|1776725805\n|move|p2a: Kingambit|Iron Head|p1a: Tyrantrum\n|-supereffective|p1a: Tyrantrum|1\n|-damage|p1a: Tyrantrum|18/100\n|move|p1a: Tyrantrum|Head Smash|p2b: Feraligatr\n|-damage|p2b: Feraligatr|0 fnt\n|replace|p2b: Zoroark|Zoroark-Hisui, L50, M\n|-end|p2b: Zoroark|Illusion\n|faint|p2b: Zoroark\n|move|p1b: Sneasler|Close Combat|p2a: Kingambit\n|-supereffective|p2a: Kingambit|2\n|-damage|p2a: Kingambit|0 fnt\n|-unboost|p1b: Sneasler|def|1\n|-unboost|p1b: Sneasler|spd|1\n|faint|p2a: Kingambit\n|\n|upkeep\n|\n|t:|1776725817\n|switch|p2a: Sneasler|Sneasler, L50, F|1/100\n|switch|p2b: Feraligatr|Feraligatr-Mega, L50, M|64/100\n|turn|5\n|\n|t:|1776725838\n|move|p2a: Sneasler|Fake Out|p1a: Tyrantrum\n|-resisted|p1a: Tyrantrum|1\n|-damage|p1a: Tyrantrum|12/100\n|cant|p1a: Tyrantrum|flinch\n|move|p2b: Feraligatr|Double-Edge|p1b: Sneasler\n|-enditem|p1b: Sneasler|Focus Sash\n|-damage|p1b: Sneasler|1/100\n|-damage|p2b: Feraligatr|32/100|[from] Recoil\n|move|p1b: Sneasler|Dire Claw|p2b: Feraligatr\n|-damage|p2b: Feraligatr|0 fnt\n|faint|p2b: Feraligatr\n|\n|-fieldend|move: Trick Room\n|upkeep\n|turn|6\n|-message|minicloudymagic2 forfeited.\n|\n|win|duvay\n|raw|duvay's rating: 1000 &rarr; <strong>1049</strong><br />(+49 for winning)\n|raw|minicloudymagic2's rating: 1078 &rarr; <strong>1052</strong><br />(-26 for losing)\n|l|\u2606minicloudymagic2\n|player|p2|\n",
  "uploadtime": 1776725863,
  "views": 7,
  "formatid": "gen9championsvgc2026regma",
  "rating": 1049,
  "private": 0,
  "password": null
}