{
  "id": "gen9championsvgc2026regma-2583827224",
  "format": "[Gen 9 Champions] VGC 2026 Reg M-A",
  "players": [
    "fordranger",
    "AidzPlayz"
  ],
  "log": "|j|\u2606fordranger\n|j|\u2606AidzPlayz\n|t:|1776200813\n|gametype|doubles\n|player|p1|fordranger|skier|1089\n|player|p2|AidzPlayz|ghetsis-gen5bw|1189\n|gen|9\n|tier|[Gen 9 Champions] VGC 2026 Reg M-A\n|rated|\n|rule|Species Clause: Limit one of each Pok\u00e9mon\n|rule|Item Clause: Limit 1 of each item\n|clearpoke\n|poke|p1|Venusaur, L50, M|\n|poke|p1|Charizard, L50, M|\n|poke|p1|Incineroar, L50, M|\n|poke|p1|Ditto, L50|\n|poke|p1|Talonflame, L50, F|\n|poke|p1|Garchomp, L50, M|\n|poke|p2|Aerodactyl, L50, F|\n|poke|p2|Incineroar, L50, F|\n|poke|p2|Floette-Eternal, L50, F|\n|poke|p2|Basculegion, L50, M|\n|poke|p2|Garchomp, L50, F|\n|poke|p2|Sneasler, L50, F|\n|teampreview|4\nfordranger rejected open team sheets.\n|\n|t:|1776200839\n|teamsize|p1|4\n|teamsize|p2|4\n|start\n|switch|p1a: Charizard|Charizard, L50, M|100/100\n|switch|p1b: Venusaur|Venusaur, L50, M|100/100\n|switch|p2a: Aerodactyl|Aerodactyl, L50, F|100/100\n|switch|p2b: Garchomp|Garchomp, L50, F|100/100\n|-ability|p2a: Aerodactyl|Unnerve\n|turn|1\n|inactive|Battle timer is ON: inactive players will automatically lose when time's up. (requested by fordranger)\n|\n|t:|1776200873\n|detailschange|p1a: Charizard|Charizard-Mega-Y, L50, M\n|-mega|p1a: Charizard|Charizard|Charizardite Y\n|-weather|SunnyDay|[from] ability: Drought|[of] p1a: Charizard\n|move|p1b: Venusaur|Sleep Powder|p2a: Aerodactyl\n|-status|p2a: Aerodactyl|slp|[from] move: Sleep Powder\n|cant|p2a: Aerodactyl|slp\n|move|p2b: Garchomp|Earthquake|p1a: Charizard|[spread] p1b\n|-immune|p2a: Aerodactyl\n|-immune|p1a: Charizard\n|-damage|p1b: Venusaur|58/100\n|move|p1a: Charizard|Air Slash|p2b: Garchomp\n|-damage|p2b: Garchomp|52/100\n|\n|-weather|SunnyDay|[upkeep]\n|upkeep\n|turn|2\n|inactive|AidzPlayz has 30 seconds left.\n|\n|t:|1776200900\n|move|p1b: Venusaur|Sleep Powder|p2b: Garchomp|[miss]\n|-miss|p1b: Venusaur|p2b: Garchomp\n|-curestatus|p2a: Aerodactyl|slp|[msg]\n|move|p2a: Aerodactyl|Tailwind|p2a: Aerodactyl\n|-sidestart|p2: AidzPlayz|move: Tailwind\n|move|p2b: Garchomp|Rock Slide|p1a: Charizard|[spread] p1a,p1b\n|-supereffective|p1a: Charizard|2\n|-damage|p1a: Charizard|0 fnt\n|-damage|p1b: Venusaur|35/100\n|faint|p1a: Charizard\n|\n|-weather|SunnyDay|[upkeep]\n|upkeep\n|\n|t:|1776200908\n|switch|p1a: Incineroar|Incineroar, L50, M|100/100\n|-ability|p1a: Incineroar|Intimidate|boost\n|-unboost|p2a: Aerodactyl|atk|1\n|-unboost|p2b: Garchomp|atk|1\n|turn|3\n|\n|t:|1776200925\n|move|p1a: Incineroar|Fake Out|p2b: Garchomp\n|-damage|p2b: Garchomp|42/100\n|-damage|p1a: Incineroar|88/100|[from] ability: Rough Skin|[of] p2b: Garchomp\n|move|p2a: Aerodactyl|Dual Wingbeat|p1b: Venusaur\n|-supereffective|p1b: Venusaur|1\n|-damage|p1b: Venusaur|5/100\n|-supereffective|p1b: Venusaur|1\n|-damage|p1b: Venusaur|0 fnt\n|faint|p1b: Venusaur\n|-hitcount|p1: Venusaur|2\n|cant|p2b: Garchomp|flinch\n|\n|-weather|SunnyDay|[upkeep]\n|upkeep\n|\n|t:|1776200931\n|switch|p1b: Ditto|Ditto, L50|100/100\n|-transform|p1b: Ditto|p2a: Aerodactyl|[from] ability: Imposter\n|-ability|p1b: Ditto|Unnerve\n|turn|4\n|inactive|AidzPlayz has 30 seconds left.\n|\n|t:|1776200960\n|move|p2a: Aerodactyl|Rock Slide|p1a: Incineroar|[spread] p1a,p1b\n|-supereffective|p1a: Incineroar|1\n|-supereffective|p1b: Ditto|1\n|-damage|p1a: Incineroar|60/100\n|-damage|p1b: Ditto|46/100\n|move|p2b: Garchomp|Rock Slide|p1a: Incineroar|[spread] p1a,p1b\n|-supereffective|p1a: Incineroar|1\n|-supereffective|p1b: Ditto|1\n|-damage|p1a: Incineroar|39/100\n|-damage|p1b: Ditto|4/100\n|move|p1b: Ditto|Tailwind|p1b: Ditto\n|-sidestart|p1: fordranger|move: Tailwind\n|move|p1a: Incineroar|Will-O-Wisp|p2a: Aerodactyl\n|-status|p2a: Aerodactyl|brn\n|\n|-weather|SunnyDay|[upkeep]\n|-damage|p2a: Aerodactyl|95/100 brn|[from] brn\n|upkeep\n|turn|5\n|-message|fordranger forfeited.\n|\n|win|AidzPlayz\n|raw|fordranger's rating: 1089 &rarr; <strong>1072</strong><br />(-17 for losing)\n|raw|AidzPlayz's rating: 1189 &rarr; <strong>1207</strong><br />(+18 for winning)\n",
  "uploadtime": 1776200976,
  "views": 15,
  "formatid": "gen9championsvgc2026regma",
  "rating": 1072,
  "private": 0,
  "password": null
}