{
  "id": "gen9championsvgc2026regma-2588782575",
  "format": "[Gen 9 Champions] VGC 2026 Reg M-A",
  "players": [
    "Its Mashu",
    "houses3\u80e1\u841d\u535c\u4fa0"
  ],
  "log": "|j|\u2606Its Mashu\n|j|\u2606houses3\u80e1\u841d\u535c\u4fa0\n|t:|1776670154\n|gametype|doubles\n|player|p1|Its Mashu|steven|1442\n|player|p2|houses3\u80e1\u841d\u535c\u4fa0|266|1542\n|gen|9\n|tier|[Gen 9 Champions] VGC 2026 Reg M-A\n|rated|\n|rule|Species Clause: Limit one of each Pok\u00e9mon\n|rule|Item Clause: Limit 1 of each item\n|clearpoke\n|poke|p1|Pelipper, L50, F|\n|poke|p1|Dragonite, L50, F|\n|poke|p1|Basculegion, L50, M|\n|poke|p1|Archaludon, L50, M|\n|poke|p1|Rotom-Heat, L50|\n|poke|p1|Sneasler, L50, M|\n|poke|p2|Kingambit, L50, F|\n|poke|p2|Delphox, L50, M|\n|poke|p2|Basculegion, L50, M|\n|poke|p2|Maushold-Four, L50|\n|poke|p2|Garchomp, L50, F|\n|poke|p2|Floette-Eternal, L50, F|\n|teampreview|4\n|inactive|Battle timer is ON: inactive players will automatically lose when time's up. (requested by Its Mashu)\n|\n|t:|1776670221\n|teamsize|p1|4\n|teamsize|p2|4\n|start\n|switch|p1a: Pelipper|Pelipper, L50, F|100/100\n|switch|p1b: Basculegion|Basculegion, L50, M|100/100\n|switch|p2a: 102\u219292|Garchomp, L50, F|100/100\n|switch|p2b: Little Xerneas|Floette-Eternal, L50, F|100/100\n|-weather|RainDance|[from] ability: Drizzle|[of] p1a: Pelipper\n|turn|1\n|\n|t:|1776670242\n|detailschange|p2b: Little Xerneas|Floette-Mega, L50, F\n|-mega|p2b: Little Xerneas|Floette|Floettite\n|-ability|p2b: Little Xerneas|Fairy Aura\n|move|p1b: Basculegion|Wave Crash|p2a: 102\u219292\n|-damage|p2a: 102\u219292|5/100\n|-damage|p1b: Basculegion|88/100|[from] ability: Rough Skin|[of] p2a: 102\u219292\n|-enditem|p2a: 102\u219292|Sitrus Berry|[eat]\n|-heal|p2a: 102\u219292|30/100|[from] item: Sitrus Berry\n|-damage|p1b: Basculegion|55/100|[from] Recoil\n|move|p2b: Little Xerneas|Moonblast|p1a: Pelipper\n|-enditem|p1a: Pelipper|Focus Sash\n|-damage|p1a: Pelipper|1/100\n|move|p2a: 102\u219292|Rock Slide|p1b: Basculegion|[spread] p1b\n|-miss|p2a: 102\u219292|p1a: Pelipper\n|-crit|p1b: Basculegion\n|-damage|p1b: Basculegion|18/100\n|move|p1a: Pelipper|Tailwind|p1a: Pelipper\n|-sidestart|p1: Its Mashu|move: Tailwind\n|\n|-weather|RainDance|[upkeep]\n|upkeep\n|turn|2\n|j| Cra3K\n|inactive|houses3\u80e1\u841d\u535c\u4fa0 has 30 seconds left.\n|inactive|houses3\u80e1\u841d\u535c\u4fa0 has 20 seconds left.\n|inactive|houses3\u80e1\u841d\u535c\u4fa0 has 15 seconds left.\n|\n|t:|1776670286\n|move|p2b: Little Xerneas|Protect|p2b: Little Xerneas\n|-singleturn|p2b: Little Xerneas|Protect\n|move|p1b: Basculegion|Wave Crash|p2b: Little Xerneas\n|-activate|p2b: Little Xerneas|move: Protect\n|move|p1a: Pelipper|Weather Ball|p2a: 102\u219292\n|-damage|p2a: 102\u219292|0 fnt\n|faint|p2a: 102\u219292\n|\n|-weather|RainDance|[upkeep]\n|upkeep\n|\n|t:|1776670293\n|switch|p2a: Choice Scarf|Basculegion, L50, M|100/100\n|turn|3\n|\n|t:|1776670310\n|move|p2a: Choice Scarf|Aqua Jet|p1b: Basculegion\n|-resisted|p1b: Basculegion|1\n|-damage|p1b: Basculegion|0 fnt\n|faint|p1b: Basculegion\n|move|p1a: Pelipper|Hurricane|p2a: Choice Scarf\n|-damage|p2a: Choice Scarf|45/100\n|move|p2b: Little Xerneas|Moonblast|p1a: Pelipper\n|-damage|p1a: Pelipper|0 fnt\n|faint|p1a: Pelipper\n|\n|-weather|RainDance|[upkeep]\n|upkeep\n|\n|t:|1776670314\n|switch|p1b: Dragonite|Dragonite, L50, F|100/100\n|switch|p1a: Archaludon|Archaludon, L50, M|100/100\n|turn|4\n|inactive|houses3\u80e1\u841d\u535c\u4fa0 has 30 seconds left.\n|inactive|houses3\u80e1\u841d\u535c\u4fa0 has 20 seconds left.\n|inactive|houses3\u80e1\u841d\u535c\u4fa0 has 15 seconds left.\n|inactive|houses3\u80e1\u841d\u535c\u4fa0 has 10 seconds left.\n|\n|t:|1776670360\n|detailschange|p1b: Dragonite|Dragonite-Mega, L50, F\n|-mega|p1b: Dragonite|Dragonite|Dragoninite\n|move|p2b: Little Xerneas|Protect|p2b: Little Xerneas\n|-singleturn|p2b: Little Xerneas|Protect\n|move|p2a: Choice Scarf|Aqua Jet|p1b: Dragonite\n|-resisted|p1b: Dragonite|1\n|-damage|p1b: Dragonite|91/100\n|move|p1b: Dragonite|Hurricane|p2b: Little Xerneas\n|-activate|p2b: Little Xerneas|move: Protect\n|move|p1a: Archaludon|Electro Shot||[still]\n|-prepare|p1a: Archaludon|Electro Shot\n|-boost|p1a: Archaludon|spa|1\n|-anim|p1a: Archaludon|Electro Shot|p2a: Choice Scarf\n|-supereffective|p2a: Choice Scarf|1\n|-damage|p2a: Choice Scarf|0 fnt\n|faint|p2a: Choice Scarf\n|\n|-weather|RainDance|[upkeep]\n|-sideend|p1: Its Mashu|move: Tailwind\n|upkeep\n|\n|t:|1776670374\n|switch|p2a: Focus Sash|Maushold-Four, L50|100/100\n|turn|5\n|inactive|houses3\u80e1\u841d\u535c\u4fa0 has 30 seconds left.\n|inactive|houses3\u80e1\u841d\u535c\u4fa0 has 20 seconds left.\n|inactive|houses3\u80e1\u841d\u535c\u4fa0 has 15 seconds left.\n|inactive|houses3\u80e1\u841d\u535c\u4fa0 has 10 seconds left.\n|\n|t:|1776670422\n|move|p2a: Focus Sash|Super Fang|p1a: Archaludon|[miss]\n|-miss|p2a: Focus Sash|p1a: Archaludon\n|move|p2b: Little Xerneas|Moonblast|p1a: Archaludon\n|-damage|p1a: Archaludon|41/100\n|-ability|p1a: Archaludon|Stamina|boost\n|-boost|p1a: Archaludon|def|1\n|move|p1b: Dragonite|Roost|p1b: Dragonite\n|-heal|p1b: Dragonite|100/100\n|-singleturn|p1b: Dragonite|move: Roost\n|move|p1a: Archaludon|Electro Shot||[still]\n|-prepare|p1a: Archaludon|Electro Shot\n|-boost|p1a: Archaludon|spa|1\n|-anim|p1a: Archaludon|Electro Shot|p2a: Focus Sash\n|-damage|p2a: Focus Sash|7/100\n|\n|-weather|none\n|-heal|p1a: Archaludon|47/100|[from] item: Leftovers\n|upkeep\n|turn|6\n|\n|t:|1776670441\n|move|p2a: Focus Sash|Protect|p2a: Focus Sash\n|-singleturn|p2a: Focus Sash|Protect\n|move|p2b: Little Xerneas|Protect|p2b: Little Xerneas\n|-singleturn|p2b: Little Xerneas|Protect\n|move|p1a: Archaludon|Protect|p1a: Archaludon\n|-singleturn|p1a: Archaludon|Protect\n|move|p1b: Dragonite|Thunder|p2b: Little Xerneas\n|-activate|p2b: Little Xerneas|move: Protect\n|\n|-heal|p1a: Archaludon|53/100|[from] item: Leftovers\n|upkeep\n|turn|7\n|\n|t:|1776670452\n|move|p2a: Focus Sash|Super Fang|p1b: Dragonite\n|-damage|p1b: Dragonite|50/100\n|move|p2b: Little Xerneas|Moonblast|p1a: Archaludon\n|-damage|p1a: Archaludon|0 fnt\n|faint|p1a: Archaludon\n|move|p1b: Dragonite|Dragon Pulse|p2a: Focus Sash\n|-damage|p2a: Focus Sash|0 fnt\n|faint|p2a: Focus Sash\n|\n|upkeep\n|turn|8\n|-message|Its Mashu forfeited.\n|\n|win|houses3\u80e1\u841d\u535c\u4fa0\n|raw|Its Mashu's rating: 1442 &rarr; <strong>1428</strong><br />(-14 for losing)\n|raw|houses3\u80e1\u841d\u535c\u4fa0's rating: 1542 &rarr; <strong>1556</strong><br />(+14 for winning)\n|l|\u2606Its Mashu\n|player|p1|\n",
  "uploadtime": 1776670471,
  "views": 12,
  "formatid": "gen9championsvgc2026regma",
  "rating": 1428,
  "private": 0,
  "password": null
}