{
  "id": "gen9championsvgc2026regma-2581391217",
  "format": "[Gen 9 Champions] VGC 2026 Reg M-A",
  "players": [
    "rajyesh1",
    "gian claudio"
  ],
  "log": "|j|\u2606rajyesh1\n|j|\u2606gian claudio\n|t:|1775995403\n|gametype|doubles\n|player|p1|rajyesh1|lucas|1069\n|player|p2|gian claudio|101|1067\n|gen|9\n|tier|[Gen 9 Champions] VGC 2026 Reg M-A\n|rated|\n|rule|Species Clause: Limit one of each Pok\u00e9mon\n|rule|Item Clause: Limit 1 of each item\n|clearpoke\n|poke|p1|Charizard, L50, M|\n|poke|p1|Venusaur, L50, F|\n|poke|p1|Garchomp, L50, M|\n|poke|p1|Rotom-Wash, L50|\n|poke|p1|Sneasler, L50, M|\n|poke|p1|Incineroar, L50, M|\n|poke|p2|Pelipper, L50, M|\n|poke|p2|Archaludon, L50, F|\n|poke|p2|Dragonite, L50, F|\n|poke|p2|Basculegion, L50, M|\n|poke|p2|Incineroar, L50, M|\n|poke|p2|Politoed, L50, M|\n|teampreview|4\n|inactive|Battle timer is ON: inactive players will automatically lose when time's up. (requested by rajyesh1)\n|inactive|rajyesh1 has 60 seconds left.\n|inactive|gian claudio has 60 seconds left.\n|inactive|rajyesh1 has 30 seconds left.\n|inactive|gian claudio has 30 seconds left.\n|inactive|gian claudio has 20 seconds left.\n|inactive|gian claudio has 15 seconds left.\n|inactive|gian claudio has 10 seconds left.\n|inactive|rajyesh1 has 20 seconds left.\n|inactive|rajyesh1 has 15 seconds left.\n|inactive|rajyesh1 has 10 seconds left.\n|\n|t:|1775995508\n|teamsize|p1|4\n|teamsize|p2|4\n|start\n|switch|p1a: Garchomp|Garchomp, L50, M|100/100\n|switch|p1b: Sneasler|Sneasler, L50, M|100/100\n|switch|p2a: Pelipper|Pelipper, L50, M|100/100\n|switch|p2b: Archaludon|Archaludon, L50, F|100/100\n|-weather|RainDance|[from] ability: Drizzle|[of] p2a: Pelipper\n|turn|1\n|inactive|rajyesh1 has 30 seconds left.\n|inactive|gian claudio has 30 seconds left.\n|inactive|gian claudio has 20 seconds left.\n|inactive|rajyesh1 has 20 seconds left.\n|inactive|gian claudio has 15 seconds left.\n|inactive|rajyesh1 has 15 seconds left.\n|inactive|gian claudio has 10 seconds left.\n|\n|t:|1775995555\n|move|p2b: Archaludon|Protect|p2b: Archaludon\n|-singleturn|p2b: Archaludon|Protect\n|move|p2a: Pelipper|Protect|p2a: Pelipper\n|-singleturn|p2a: Pelipper|Protect\n|move|p1a: Garchomp|Rock Slide|p2b: Archaludon|[spread] \n|-activate|p2a: Pelipper|move: Protect\n|-activate|p2b: Archaludon|move: Protect\n|move|p1b: Sneasler|Close Combat|p2b: Archaludon\n|-activate|p2b: Archaludon|move: Protect\n|\n|-weather|RainDance|[upkeep]\n|upkeep\n|turn|2\n|\n|t:|1775995580\n|switch|p2b: Politoed|Politoed, L50, M|100/100\n|move|p1a: Garchomp|Rock Slide|p2a: Pelipper|[spread] p2a,p2b\n|-supereffective|p2a: Pelipper|1\n|-damage|p2a: Pelipper|39/100\n|-damage|p2b: Politoed|78/100\n|move|p1b: Sneasler|Rock Tomb|p2a: Pelipper\n|-supereffective|p2a: Pelipper|1\n|-damage|p2a: Pelipper|0 fnt\n|faint|p2a: Pelipper\n|\n|-weather|RainDance|[upkeep]\n|-heal|p2b: Politoed|84/100|[from] item: Leftovers\n|upkeep\n|\n|t:|1775995597\n|switch|p2a: Dragonite|Dragonite, L50, F|100/100\n|turn|3\n|inactive|gian claudio has 30 seconds left.\n|inactive|rajyesh1 has 30 seconds left.\n|\n|t:|1775995630\n|move|p2a: Dragonite|Protect|p2a: Dragonite\n|-singleturn|p2a: Dragonite|Protect\n|move|p1a: Garchomp|Rock Slide|p2a: Dragonite|[spread] p2b\n|-activate|p2a: Dragonite|move: Protect\n|-damage|p2b: Politoed|63/100\n|move|p1b: Sneasler|Close Combat|p2b: Politoed\n|-damage|p2b: Politoed|0 fnt\n|-unboost|p1b: Sneasler|def|1\n|-unboost|p1b: Sneasler|spd|1\n|faint|p2b: Politoed\n|-enditem|p1b: Sneasler|White Herb\n|-clearnegativeboost|p1b: Sneasler|[silent]\n|\n|-weather|RainDance|[upkeep]\n|upkeep\n|\n|t:|1775995645\n|switch|p2b: Archaludon|Archaludon, L50, F|100/100\n|turn|4\n|\n|t:|1775995653\n|move|p2b: Archaludon|Protect|p2b: Archaludon\n|-singleturn|p2b: Archaludon|Protect\n|move|p1b: Sneasler|Close Combat|p2b: Archaludon\n|-activate|p2b: Archaludon|move: Protect\n|move|p1a: Garchomp|Rock Slide|p2a: Dragonite|[spread] p2a\n|-activate|p2b: Archaludon|move: Protect\n|-supereffective|p2a: Dragonite|1\n|-damage|p2a: Dragonite|55/100\n|move|p2a: Dragonite|Hurricane|p1b: Sneasler\n|-supereffective|p1b: Sneasler|1\n|-damage|p1b: Sneasler|0 fnt\n|faint|p1b: Sneasler\n|\n|-weather|RainDance|[upkeep]\n|upkeep\n|\n|t:|1775995664\n|switch|p1b: Charizard|Charizard, L50, M|100/100\n|turn|5\n|inactive|rajyesh1 has 30 seconds left.\n|\n|t:|1775995695\n|detailschange|p1b: Charizard|Charizard-Mega-Y, L50, M\n|-mega|p1b: Charizard|Charizard|Charizardite Y\n|-weather|SunnyDay|[from] ability: Drought|[of] p1b: Charizard\n|detailschange|p2a: Dragonite|Dragonite-Mega, L50, F\n|-mega|p2a: Dragonite|Dragonite|Dragoninite\n|move|p1a: Garchomp|Rock Slide|p2b: Archaludon|[spread] p2a,p2b\n|-supereffective|p2a: Dragonite|1\n|-resisted|p2b: Archaludon|1\n|-damage|p2a: Dragonite|13/100\n|-damage|p2b: Archaludon|91/100\n|move|p2a: Dragonite|Draco Meteor|p1a: Garchomp\n|-supereffective|p1a: Garchomp|1\n|-damage|p1a: Garchomp|0 fnt\n|-unboost|p2a: Dragonite|spa|2\n|faint|p1a: Garchomp\n|move|p1b: Charizard|Heat Wave|p2b: Archaludon|[spread] p2a,p2b\n|-resisted|p2a: Dragonite|1\n|-damage|p2a: Dragonite|0 fnt\n|-damage|p2b: Archaludon|9/100\n|faint|p2a: Dragonite\n|move|p2b: Archaludon|Draco Meteor|p1b: Charizard|[miss]\n|-miss|p2b: Archaludon|p1b: Charizard\n|\n|-weather|SunnyDay|[upkeep]\n|upkeep\n|\n|t:|1775995713\n|switch|p1a: Rotom|Rotom-Wash, L50|100/100\n|turn|6\n|\n|t:|1775995727\n|move|p1b: Charizard|Heat Wave|p2b: Archaludon\n|-damage|p2b: Archaludon|0 fnt\n|faint|p2b: Archaludon\n|\n|win|rajyesh1\n|raw|rajyesh1's rating: 1054 &rarr; <strong>1087</strong><br />(+33 for winning)\n|raw|gian claudio's rating: 1067 &rarr; <strong>1046</strong><br />(-21 for losing)\n",
  "uploadtime": 1775995736,
  "views": 13,
  "formatid": "gen9championsvgc2026regma",
  "rating": 1046,
  "private": 0,
  "password": null
}