{
  "id": "gen9championsvgc2026regma-2582164744",
  "format": "[Gen 9 Champions] VGC 2026 Reg M-A",
  "players": [
    "OJGamer5118",
    "Dag291"
  ],
  "log": "|j|\u2606OJGamer5118\n|j|\u203dDag291\n|t:|1776066255\n|gametype|doubles\n|player|p1|OJGamer5118|266|1057\n|player|p2|Dag291|2|1107\n|gen|9\n|tier|[Gen 9 Champions] VGC 2026 Reg M-A\n|rated|\n|rule|Species Clause: Limit one of each Pok\u00e9mon\n|rule|Item Clause: Limit 1 of each item\n|clearpoke\n|poke|p1|Beedrill, L50, F|\n|poke|p1|Incineroar, L50, M|\n|poke|p1|Aerodactyl, L50, F|\n|poke|p1|Rotom-Wash, L50|\n|poke|p1|Aegislash, L50, F|\n|poke|p1|Sneasler, L50, F|\n|poke|p2|Whimsicott, L50, F|\n|poke|p2|Charizard, L50, F|\n|poke|p2|Garchomp, L50, F|\n|poke|p2|Sneasler, L50, M|\n|poke|p2|Farigiraf, L50, F|\n|poke|p2|Incineroar, L50, M|\n|teampreview|4\n|inactive|Battle timer is ON: inactive players will automatically lose when time's up. (requested by Dag291)\n|inactive|OJGamer5118 also wants the timer to be on.\n|\n|t:|1776066279\n|teamsize|p1|4\n|teamsize|p2|4\n|start\n|switch|p1a: Beedrill|Beedrill, L50, F|100/100\n|switch|p1b: Incineroar|Incineroar, L50, M|100/100\n|switch|p2a: Charizard|Charizard, L50, F|100/100\n|switch|p2b: Sneasler|Sneasler, L50, M|100/100\n|-ability|p1b: Incineroar|Intimidate|boost\n|-unboost|p2a: Charizard|atk|1\n|-unboost|p2b: Sneasler|atk|1\n|-enditem|p2b: Sneasler|White Herb\n|-clearnegativeboost|p2b: Sneasler|[silent]\n|turn|1\n|\n|t:|1776066297\n|switch|p2a: Farigiraf|Farigiraf, L50, F|100/100\n|detailschange|p1a: Beedrill|Beedrill-Mega, L50, F\n|-mega|p1a: Beedrill|Beedrill|Beedrillite\n|move|p1a: Beedrill|Protect|p1a: Beedrill\n|-singleturn|p1a: Beedrill|Protect\n|move|p1b: Incineroar|Fake Out||[still]\n|cant|p2a: Farigiraf|ability: Armor Tail|Fake Out|[of] p1b: Incineroar\n|move|p2b: Sneasler|Acrobatics|p1a: Beedrill\n|-activate|p1a: Beedrill|move: Protect\n|\n|upkeep\n|turn|2\n|\n|t:|1776066320\n|switch|p2a: Incineroar|Incineroar, L50, M|100/100\n|-ability|p2a: Incineroar|Intimidate|boost\n|-unboost|p1a: Beedrill|atk|1\n|-unboost|p1b: Incineroar|atk|1\n|move|p2b: Sneasler|Acrobatics|p1a: Beedrill\n|-supereffective|p1a: Beedrill|1\n|-damage|p1a: Beedrill|0 fnt\n|faint|p1a: Beedrill\n|move|p1b: Incineroar|Parting Shot|p2b: Sneasler\n|-unboost|p2b: Sneasler|atk|1\n|-unboost|p2b: Sneasler|spa|1\n|\n|t:|1776066332\n|switch|p1b: Rotom|Rotom-Wash, L50|100/100|[from] Parting Shot\n|\n|upkeep\n|\n|t:|1776066333\n|switch|p1a: Aerodactyl|Aerodactyl, L50, F|100/100\n|-ability|p1a: Aerodactyl|Unnerve\n|turn|3\n|\n|t:|1776066355\n|move|p2a: Incineroar|Fake Out|p1a: Aerodactyl\n|-resisted|p1a: Aerodactyl|1\n|-damage|p1a: Aerodactyl|91/100\n|move|p2b: Sneasler|Dire Claw|p1b: Rotom\n|-damage|p1b: Rotom|69/100\n|cant|p1a: Aerodactyl|flinch\n|move|p1b: Rotom|Hydro Pump|p2a: Incineroar\n|-supereffective|p2a: Incineroar|1\n|-damage|p2a: Incineroar|40/100\n|\n|upkeep\n|turn|4\n|\n|t:|1776066379\n|switch|p2a: Farigiraf|Farigiraf, L50, F|100/100\n|move|p2b: Sneasler|Close Combat|p1b: Rotom\n|-damage|p1b: Rotom|22/100\n|-unboost|p2b: Sneasler|def|1\n|-unboost|p2b: Sneasler|spd|1\n|-enditem|p1b: Rotom|Sitrus Berry|[eat]\n|-heal|p1b: Rotom|46/100|[from] item: Sitrus Berry\n|move|p1a: Aerodactyl|Tailwind|p1a: Aerodactyl\n|-sidestart|p1: OJGamer5118|move: Tailwind\n|move|p1b: Rotom|Hydro Pump|p2b: Sneasler\n|-damage|p2b: Sneasler|16/100\n|\n|upkeep\n|turn|5\n|\n|t:|1776066405\n|move|p1a: Aerodactyl|Rock Slide|p2b: Sneasler|[spread] p2a\n|-miss|p1a: Aerodactyl|p2b: Sneasler\n|-damage|p2a: Farigiraf|79/100\n|move|p2b: Sneasler|Close Combat|p1a: Aerodactyl\n|-damage|p1a: Aerodactyl|19/100\n|-unboost|p2b: Sneasler|def|1\n|-unboost|p2b: Sneasler|spd|1\n|move|p1b: Rotom|Pain Split|p2a: Farigiraf\n|-sethp|p2a: Farigiraf|55/100|[from] move: Pain Split|[silent]\n|-sethp|p1b: Rotom|79/100|[from] move: Pain Split\n|move|p2a: Farigiraf|Trick Room|p2a: Farigiraf\n|-fieldstart|move: Trick Room|[of] p2a: Farigiraf\n|\n|-heal|p2a: Farigiraf|62/100|[from] item: Leftovers\n|upkeep\n|turn|6\n|\n|t:|1776066423\n|switch|p2b: Incineroar|Incineroar, L50, M|40/100\n|-ability|p2b: Incineroar|Intimidate|boost\n|-unboost|p1a: Aerodactyl|atk|1\n|-unboost|p1b: Rotom|atk|1\n|move|p1a: Aerodactyl|Wide Guard|p1a: Aerodactyl\n|-singleturn|p1a: Aerodactyl|Wide Guard\n|move|p2a: Farigiraf|Psychic|p1a: Aerodactyl\n|-damage|p1a: Aerodactyl|0 fnt\n|-enditem|p2b: Incineroar|Sitrus Berry|[eat]\n|-heal|p2b: Incineroar|65/100|[from] item: Sitrus Berry\n|faint|p1a: Aerodactyl\n|move|p1b: Rotom|Volt Switch|p2b: Incineroar\n|-damage|p2b: Incineroar|47/100\n|\n|t:|1776066431\n|switch|p1b: Incineroar|Incineroar, L50, M|100/100|[from] Volt Switch\n|-ability|p1b: Incineroar|Intimidate|boost\n|-unboost|p2a: Farigiraf|atk|1\n|-unboost|p2b: Incineroar|atk|1\n|\n|-heal|p2a: Farigiraf|68/100|[from] item: Leftovers\n|upkeep\n|\n|t:|1776066434\n|switch|p1a: Rotom|Rotom-Wash, L50|79/100\n|turn|7\n|\n|t:|1776066451\n|move|p2a: Farigiraf|Dazzling Gleam|p1a: Rotom|[spread] p1a,p1b\n|-damage|p1a: Rotom|62/100\n|-damage|p1b: Incineroar|87/100\n|move|p2b: Incineroar|Parting Shot|p1a: Rotom\n|-unboost|p1a: Rotom|atk|1\n|-unboost|p1a: Rotom|spa|1\n|\n|t:|1776066457\n|switch|p2b: Sneasler|Sneasler, L50, M|16/100|[from] Parting Shot\n|move|p1b: Incineroar|Flare Blitz|p2a: Farigiraf\n|-damage|p2a: Farigiraf|25/100\n|-damage|p1b: Incineroar|71/100|[from] Recoil\n|move|p1a: Rotom|Hydro Pump|p2b: Sneasler\n|-damage|p2b: Sneasler|0 fnt\n|faint|p2b: Sneasler\n|\n|-heal|p2a: Farigiraf|31/100|[from] item: Leftovers\n|-sideend|p1: OJGamer5118|move: Tailwind\n|upkeep\n|\n|t:|1776066468\n|switch|p2b: Incineroar|Incineroar, L50, M|47/100\n|-ability|p2b: Incineroar|Intimidate|boost\n|-unboost|p1a: Rotom|atk|1\n|-unboost|p1b: Incineroar|atk|1\n|turn|8\n|\n|t:|1776066478\n|move|p2b: Incineroar|Fake Out|p1b: Incineroar\n|-damage|p1b: Incineroar|60/100\n|move|p2a: Farigiraf|Psychic|p1a: Rotom\n|-damage|p1a: Rotom|25/100\n|cant|p1b: Incineroar|flinch\n|move|p1a: Rotom|Hydro Pump|p2a: Farigiraf\n|-damage|p2a: Farigiraf|3/100\n|\n|-heal|p2a: Farigiraf|9/100|[from] item: Leftovers\n|upkeep\n|turn|9\n|\n|t:|1776066489\n|move|p2b: Incineroar|Darkest Lariat|p1a: Rotom\n|-damage|p1a: Rotom|0 fnt\n|faint|p1a: Rotom\n|move|p2a: Farigiraf|Dazzling Gleam|p1b: Incineroar\n|-damage|p1b: Incineroar|42/100\n|move|p1b: Incineroar|Flare Blitz|p2a: Farigiraf\n|-damage|p2a: Farigiraf|0 fnt\n|faint|p2a: Farigiraf\n|-damage|p1b: Incineroar|39/100|[from] Recoil\n|\n|-fieldend|move: Trick Room\n|upkeep\n|\n|t:|1776066496\n|switch|p2a: Charizard|Charizard, L50, F|100/100\n|turn|10\n|\n|t:|1776066502\n|detailschange|p2a: Charizard|Charizard-Mega-Y, L50, F\n|-mega|p2a: Charizard|Charizard|Charizardite Y\n|-weather|SunnyDay|[from] ability: Drought|[of] p2a: Charizard\n|move|p2a: Charizard|Weather Ball|p1b: Incineroar\n|-resisted|p1b: Incineroar|1\n|-damage|p1b: Incineroar|5/100\n|move|p1b: Incineroar|Flare Blitz|p2b: Incineroar\n|-resisted|p2b: Incineroar|1\n|-damage|p2b: Incineroar|26/100\n|-damage|p1b: Incineroar|0 fnt|[from] Recoil\n|faint|p1b: Incineroar\n|\n|win|Dag291\n|raw|OJGamer5118's rating: 1057 &rarr; <strong>1041</strong><br />(-16 for losing)\n|raw|Dag291's rating: 1107 &rarr; <strong>1128</strong><br />(+21 for winning)\n|l|\u2606OJGamer5118\n|player|p1|\n",
  "uploadtime": 1776066513,
  "views": 9,
  "formatid": "gen9championsvgc2026regma",
  "rating": 1041,
  "private": 0,
  "password": null
}