{
  "id": "gen9championsvgc2026regma-2581871749",
  "format": "[Gen 9 Champions] VGC 2026 Reg M-A",
  "players": [
    "L_Yami_H",
    "Perkysets"
  ],
  "log": "|j|\u2606L_Yami_H\n|j|\u2606Perkysets\n|t:|1776035469\n|gametype|doubles\n|player|p1|L_Yami_H|ghetsis|1164\n|player|p2|Perkysets|169|1203\n|gen|9\n|tier|[Gen 9 Champions] VGC 2026 Reg M-A\n|rated|\n|rule|Species Clause: Limit one of each Pok\u00e9mon\n|rule|Item Clause: Limit 1 of each item\n|clearpoke\n|poke|p1|Sableye, L50, M|\n|poke|p1|Victreebel, L50, F|\n|poke|p1|Farigiraf, L50, M|\n|poke|p1|Araquanid, L50, F|\n|poke|p1|Arcanine, L50, M|\n|poke|p1|Raichu, L50, M|\n|poke|p2|Delphox, L50, M|\n|poke|p2|Basculegion, L50, M|\n|poke|p2|Clefable, L50, M|\n|poke|p2|Kingambit, L50, M|\n|poke|p2|Dragonite, L50, M|\n|poke|p2|Sneasler, L50, M|\n|teampreview|4\n|\n|t:|1776035506\n|teamsize|p1|4\n|teamsize|p2|4\n|start\n|switch|p1a: Yami|Sableye, L50, M|100/100\n|switch|p1b: Gabu|Arcanine, L50, M|100/100\n|switch|p2a: Delphox|Delphox, L50, M|100/100\n|switch|p2b: Clefable|Clefable, L50, M|100/100\n|-ability|p1b: Gabu|Intimidate|boost\n|-unboost|p2a: Delphox|atk|1\n|-unboost|p2b: Clefable|atk|1\n|turn|1\n|\n|t:|1776035538\n|detailschange|p2a: Delphox|Delphox-Mega, L50, M\n|-mega|p2a: Delphox|Delphox|Delphoxite\n|move|p1a: Yami|Fake Out|p2a: Delphox\n|-crit|p2a: Delphox\n|-damage|p2a: Delphox|77/100\n|cant|p2a: Delphox|flinch\n|move|p1b: Gabu|Snarl|p2a: Delphox|[spread] p2a,p2b\n|-supereffective|p2a: Delphox|1\n|-resisted|p2b: Clefable|1\n|-damage|p2a: Delphox|60/100\n|-damage|p2b: Clefable|96/100\n|-unboost|p2a: Delphox|spa|1\n|-unboost|p2b: Clefable|spa|1\n|move|p2b: Clefable|Moonblast|p1a: Yami\n|-supereffective|p1a: Yami|1\n|-damage|p1a: Yami|28/100\n|\n|upkeep\n|turn|2\n|\n|t:|1776035582\n|switch|p2a: Dragonite|Dragonite, L50, M|100/100\n|move|p1a: Yami|Skill Swap|p1b: Gabu\n|-activate|p1a: Yami|Skill Swap|||[of] p1b: Gabu\n|-ability|p1a: Yami|Intimidate|boost\n|-unboost|p2a: Dragonite|atk|1\n|-unboost|p2b: Clefable|atk|1\n|move|p1b: Gabu|Snarl|p2b: Clefable|[spread] p2a,p2b\n|-resisted|p2b: Clefable|1\n|-damage|p2a: Dragonite|96/100\n|-damage|p2b: Clefable|92/100\n|-unboost|p2a: Dragonite|spa|1\n|-unboost|p2b: Clefable|spa|1\n|move|p2b: Clefable|Moonblast|p1a: Yami\n|-supereffective|p1a: Yami|1\n|-damage|p1a: Yami|0 fnt\n|faint|p1a: Yami\n|\n|upkeep\n|\n|t:|1776035604\n|switch|p1a: Baret|Victreebel, L50, F, shiny|100/100\n|turn|3\n|inactive|Battle timer is ON: inactive players will automatically lose when time's up. (requested by L_Yami_H)\n|inactive|Perkysets has 60 seconds left.\n|\n|t:|1776035649\n|switch|p2a: Sneasler|Sneasler, L50, M|100/100\n|detailschange|p1a: Baret|Victreebel-Mega, L50, F, shiny\n|-mega|p1a: Baret|Victreebel|Victreebelite\n|move|p2b: Clefable|Protect|p2b: Clefable\n|-singleturn|p2b: Clefable|Protect\n|move|p1b: Gabu|Snarl|p2a: Sneasler|[spread] p2a\n|-activate|p2b: Clefable|move: Protect\n|-resisted|p2a: Sneasler|1\n|-damage|p2a: Sneasler|94/100\n|-unboost|p2a: Sneasler|spa|1\n|move|p1a: Baret|Sludge Bomb|p2b: Clefable\n|-activate|p2b: Clefable|move: Protect\n|\n|upkeep\n|turn|4\n|\n|t:|1776035664\n|switch|p1a: J.H|Farigiraf, L50, M|100/100\n|switch|p2b: Delphox|Delphox-Mega, L50, M|60/100\n|move|p2a: Sneasler|Fake Out||[still]\n|cant|p1a: J.H|ability: Armor Tail|Fake Out|[of] p2a: Sneasler\n|move|p1b: Gabu|Will-O-Wisp|p2a: Sneasler\n|-status|p2a: Sneasler|brn\n|\n|-damage|p2a: Sneasler|88/100 brn|[from] brn\n|upkeep\n|turn|5\n|\n|t:|1776035684\n|move|p2b: Delphox|Psychic|p1b: Gabu\n|-damage|p1b: Gabu|50/100\n|-enditem|p1b: Gabu|Sitrus Berry|[eat]\n|-heal|p1b: Gabu|75/100|[from] item: Sitrus Berry\n|move|p2a: Sneasler|Dire Claw|p1b: Gabu\n|-damage|p1b: Gabu|57/100\n|move|p1b: Gabu|Snarl|p2a: Sneasler|[spread] p2a\n|-miss|p1b: Gabu|p2b: Delphox\n|-resisted|p2a: Sneasler|1\n|-damage|p2a: Sneasler|82/100 brn\n|-unboost|p2a: Sneasler|spa|1\n|move|p1a: J.H|Trick Room|p1a: J.H\n|-fieldstart|move: Trick Room|[of] p1a: J.H\n|\n|-damage|p2a: Sneasler|76/100 brn|[from] brn\n|upkeep\n|turn|6\n|\n|t:|1776035705\n|switch|p2a: Clefable|Clefable, L50, M|92/100\n|move|p2b: Delphox|Protect|p2b: Delphox\n|-singleturn|p2b: Delphox|Protect\n|move|p1a: J.H|Twin Beam|p2a: Clefable\n|-damage|p2a: Clefable|71/100\n|-damage|p2a: Clefable|47/100\n|-enditem|p2a: Clefable|Sitrus Berry|[eat]\n|-heal|p2a: Clefable|71/100|[from] item: Sitrus Berry\n|-hitcount|p2a: Clefable|2\n|move|p1b: Gabu|Snarl|p2a: Clefable|[spread] p2a\n|-activate|p2b: Delphox|move: Protect\n|-resisted|p2a: Clefable|1\n|-damage|p2a: Clefable|66/100\n|-unboost|p2a: Clefable|spa|1\n|\n|upkeep\n|turn|7\n|inactive|Perkysets has 30 seconds left.\n|\n|t:|1776035737\n|move|p2a: Clefable|Follow Me|p2a: Clefable\n|-singleturn|p2a: Clefable|move: Follow Me\n|move|p1a: J.H|Twin Beam|p2a: Clefable\n|-damage|p2a: Clefable|44/100\n|-damage|p2a: Clefable|23/100\n|-hitcount|p2a: Clefable|2\n|move|p1b: Gabu|Snarl|p2a: Clefable|[spread] p2a,p2b\n|-resisted|p2a: Clefable|1\n|-supereffective|p2b: Delphox|1\n|-damage|p2a: Clefable|18/100\n|-damage|p2b: Delphox|42/100\n|-unboost|p2a: Clefable|spa|1\n|-unboost|p2b: Delphox|spa|1\n|move|p2b: Delphox|Heat Wave|p1a: J.H|[spread] p1a,p1b\n|-resisted|p1b: Gabu|1\n|-damage|p1a: J.H|68/100\n|-damage|p1b: Gabu|44/100\n|\n|upkeep\n|turn|8\n|inactive|L_Yami_H has 30 seconds left.\n|\n|t:|1776035764\n|switch|p2a: Sneasler|Sneasler, L50, M|76/100 brn\n|switch|p2b: Dragonite|Dragonite, L50, M|96/100\n|move|p1a: J.H|Twin Beam|p2b: Dragonite\n|-damage|p2b: Dragonite|70/100\n|-damage|p2b: Dragonite|46/100\n|-hitcount|p2b: Dragonite|2\n|move|p1b: Gabu|Snarl|p2b: Dragonite|[spread] p2a,p2b\n|-resisted|p2a: Sneasler|1\n|-damage|p2a: Sneasler|70/100 brn\n|-damage|p2b: Dragonite|34/100\n|-unboost|p2a: Sneasler|spa|1\n|-unboost|p2b: Dragonite|spa|1\n|\n|-damage|p2a: Sneasler|64/100 brn|[from] brn\n|upkeep\n|turn|9\n|inactive|Perkysets has 30 seconds left.\n|\n|t:|1776035790\n|move|p1b: Gabu|Morning Sun|p1b: Gabu\n|-heal|p1b: Gabu|94/100\n|move|p1a: J.H|Twin Beam|p2b: Dragonite\n|-damage|p2b: Dragonite|7/100\n|-crit|p2b: Dragonite\n|-damage|p2b: Dragonite|0 fnt\n|faint|p2b: Dragonite\n|-hitcount|p2: Dragonite|2\n|move|p2a: Sneasler|Dire Claw|p1a: J.H\n|-damage|p1a: J.H|49/100\n|\n|-damage|p2a: Sneasler|59/100 brn|[from] brn\n|-fieldend|move: Trick Room\n|upkeep\n|\n|t:|1776035803\n|switch|p2b: Delphox|Delphox-Mega, L50, M|42/100\n|turn|10\n|inactive|L_Yami_H has 30 seconds left.\n|\n|t:|1776035830\n|move|p2b: Delphox|Psychic|p1b: Gabu\n|-crit|p1b: Gabu\n|-damage|p1b: Gabu|15/100\n|move|p2a: Sneasler|Close Combat|p1b: Gabu\n|-damage|p1b: Gabu|0 fnt\n|-unboost|p2a: Sneasler|def|1\n|-unboost|p2a: Sneasler|spd|1\n|faint|p1b: Gabu\n|move|p1a: J.H|Trick Room|p1a: J.H\n|-fieldstart|move: Trick Room|[of] p1a: J.H\n|\n|-damage|p2a: Sneasler|53/100 brn|[from] brn\n|upkeep\n|\n|t:|1776035836\n|switch|p1b: Baret|Victreebel-Mega, L50, F, shiny|100/100\n|turn|11\n|\n|t:|1776035847\n|switch|p2a: Clefable|Clefable, L50, M|18/100\n|move|p2b: Delphox|Protect|p2b: Delphox\n|-singleturn|p2b: Delphox|Protect\n|move|p1a: J.H|Twin Beam|p2a: Clefable\n|-damage|p2a: Clefable|0 fnt\n|faint|p2a: Clefable\n|-hitcount|p2: Clefable|1\n|move|p1b: Baret|Sludge Bomb|p2b: Delphox\n|-activate|p2b: Delphox|move: Protect\n|\n|upkeep\n|c|\u2606L_Yami_H|Lucky\n|\n|t:|1776035854\n|switch|p2a: Sneasler|Sneasler, L50, M|53/100 brn\n|turn|12\n|\n|t:|1776035864\n|move|p1a: J.H|Twin Beam|p2a: Sneasler\n|-supereffective|p2a: Sneasler|2\n|-damage|p2a: Sneasler|0 fnt\n|faint|p2a: Sneasler\n|-hitcount|p2: Sneasler|1\n|move|p1b: Baret|Sludge Bomb|p2b: Delphox\n|-damage|p2b: Delphox|0 fnt\n|faint|p2b: Delphox\n|\n|win|L_Yami_H\n|raw|L_Yami_H's rating: 1164 &rarr; <strong>1192</strong><br />(+28 for winning)\n|raw|Perkysets's rating: 1203 &rarr; <strong>1175</strong><br />(-28 for losing)\n",
  "uploadtime": 1776035875,
  "views": 34,
  "formatid": "gen9championsvgc2026regma",
  "rating": 1175,
  "private": 0,
  "password": null
}