{
  "id": "gen9championsvgc2026regma-2581621221",
  "format": "[Gen 9 Champions] VGC 2026 Reg M-A",
  "players": [
    "Rogart",
    "lollall"
  ],
  "log": "|j|\u2606Rogart\n|j|\u2606lollall\n|t:|1776015768\n|gametype|doubles\n|player|p1|Rogart|blue|1073\n|player|p2|lollall|170|1064\n|gen|9\n|tier|[Gen 9 Champions] VGC 2026 Reg M-A\n|rated|\n|rule|Species Clause: Limit one of each Pok\u00e9mon\n|rule|Item Clause: Limit 1 of each item\n|clearpoke\n|poke|p1|Feraligatr, L50, M|\n|poke|p1|Sinistcha, L50|\n|poke|p1|Arcanine-Hisui, L50, M|\n|poke|p1|Sneasler, L50, F|\n|poke|p1|Ninetales-Alola, L50, M|\n|poke|p1|Hydreigon, L50, F|\n|poke|p2|Delphox, L50, M|\n|poke|p2|Garchomp, L50, M|\n|poke|p2|Incineroar, L50, M|\n|poke|p2|Sneasler, L50, F|\n|poke|p2|Floette-Eternal, L50, F|\n|poke|p2|Kingambit, L50, F|\n|teampreview|4\n|inactive|Battle timer is ON: inactive players will automatically lose when time's up. (requested by lollall)\n|\n|t:|1776015786\n|teamsize|p1|4\n|teamsize|p2|4\n|start\n|switch|p1a: Feraligatr|Feraligatr, L50, M|100/100\n|switch|p1b: Hydreigon|Hydreigon, L50, F|100/100\n|switch|p2a: Merlin|Delphox, L50, M, shiny|100/100\n|switch|p2b: Garchomp|Garchomp, L50, M|100/100\n|turn|1\n|\n|t:|1776015805\n|detailschange|p2a: Merlin|Delphox-Mega, L50, M, shiny\n|-mega|p2a: Merlin|Delphox|Delphoxite\n|detailschange|p1a: Feraligatr|Feraligatr-Mega, L50, M\n|-mega|p1a: Feraligatr|Feraligatr|Feraligite\n|move|p2a: Merlin|Protect|p2a: Merlin\n|-singleturn|p2a: Merlin|Protect\n|move|p2b: Garchomp|Rock Slide|p1b: Hydreigon|[spread] p1a,p1b\n|-damage|p1a: Feraligatr|84/100\n|-damage|p1b: Hydreigon|80/100\n|move|p1b: Hydreigon|Tailwind|p1b: Hydreigon\n|-sidestart|p1: Rogart|move: Tailwind\n|cant|p1a: Feraligatr|flinch\n|\n|upkeep\n|turn|2\n|inactive|lollall has 30 seconds left.\n|inactive|lollall has 20 seconds left.\n|inactive|lollall has 15 seconds left.\n|inactive|lollall has 10 seconds left.\n|inactive|lollall has 5 seconds left.\n|\n|t:|1776015856\n|switch|p2a: Incineroar|Incineroar, L50, M|100/100\n|-ability|p2a: Incineroar|Intimidate|boost\n|-unboost|p1a: Feraligatr|atk|1\n|-unboost|p1b: Hydreigon|atk|1\n|move|p1b: Hydreigon|Snarl|p2a: Incineroar|[spread] p2a,p2b\n|-resisted|p2a: Incineroar|1\n|-crit|p2b: Garchomp\n|-damage|p2a: Incineroar|91/100\n|-damage|p2b: Garchomp|72/100\n|-unboost|p2a: Incineroar|spa|1\n|-unboost|p2b: Garchomp|spa|1\n|move|p1a: Feraligatr|Double-Edge|p2b: Garchomp\n|-supereffective|p2b: Garchomp|1\n|-crit|p2b: Garchomp\n|-damage|p2b: Garchomp|0 fnt\n|-damage|p1a: Feraligatr|71/100|[from] ability: Rough Skin|[of] p2b: Garchomp\n|faint|p2b: Garchomp\n|-damage|p1a: Feraligatr|48/100|[from] Recoil\n|\n|-heal|p2a: Incineroar|97/100|[from] item: Leftovers\n|upkeep\n|\n|t:|1776015873\n|switch|p2b: Merlin|Delphox-Mega, L50, M, shiny|100/100\n|turn|3\n|\n|t:|1776015886\n|move|p2a: Incineroar|Fake Out|p1b: Hydreigon\n|-damage|p1b: Hydreigon|66/100\n|cant|p1b: Hydreigon|flinch\n|move|p1a: Feraligatr|Liquidation|p2b: Merlin\n|-supereffective|p2b: Merlin|1\n|-damage|p2b: Merlin|0 fnt\n|faint|p2b: Merlin\n|\n|-heal|p2a: Incineroar|100/100|[from] item: Leftovers\n|upkeep\n|\n|t:|1776015893\n|switch|p2b: Sneasler|Sneasler, L50, F|100/100\n|turn|4\n|\n|t:|1776015913\n|move|p2b: Sneasler|Fake Out|p1a: Feraligatr\n|-damage|p1a: Feraligatr|34/100\n|move|p1b: Hydreigon|Draco Meteor|p2b: Sneasler\n|-damage|p2b: Sneasler|26/100\n|-unboost|p1b: Hydreigon|spa|2\n|cant|p1a: Feraligatr|flinch\n|move|p2a: Incineroar|Throat Chop|p1a: Feraligatr\n|-damage|p1a: Feraligatr|0 fnt\n|faint|p1a: Feraligatr\n|\n|-sideend|p1: Rogart|move: Tailwind\n|upkeep\n|\n|t:|1776015926\n|switch|p1a: Sneasler|Sneasler, L50, F|100/100\n|turn|5\n|\n|t:|1776015942\n|move|p2b: Sneasler|Close Combat|p1a: Sneasler\n|-resisted|p1a: Sneasler|1\n|-damage|p1a: Sneasler|53/100\n|-unboost|p2b: Sneasler|def|1\n|-unboost|p2b: Sneasler|spd|1\n|-enditem|p2b: Sneasler|White Herb\n|-clearnegativeboost|p2b: Sneasler|[silent]\n|move|p1b: Hydreigon|Draco Meteor|p2b: Sneasler\n|-damage|p2b: Sneasler|0 fnt\n|-unboost|p1b: Hydreigon|spa|2\n|faint|p2b: Sneasler\n|move|p1a: Sneasler|Close Combat|p2a: Incineroar\n|-supereffective|p2a: Incineroar|1\n|-damage|p2a: Incineroar|0 fnt\n|-unboost|p1a: Sneasler|def|1\n|-unboost|p1a: Sneasler|spd|1\n|faint|p2a: Incineroar\n|\n|win|Rogart\n|raw|Rogart's rating: 1073 &rarr; <strong>1101</strong><br />(+28 for winning)\n|raw|lollall's rating: 1064 &rarr; <strong>1045</strong><br />(-19 for losing)\n|l|\u2606lollall\n|player|p2|\n",
  "uploadtime": 1776015958,
  "views": 13,
  "formatid": "gen9championsvgc2026regma",
  "rating": 1045,
  "private": 0,
  "password": null
}