{
  "id": "gen9championsvgc2026regma-2586241383",
  "format": "[Gen 9 Champions] VGC 2026 Reg M-A",
  "players": [
    "busterbunner",
    "jjskft re"
  ],
  "log": "|j|\u2606busterbunner\n|j|\u2606jjskft re\n|t:|1776416334\n|gametype|doubles\n|player|p1|busterbunner|grimsley|1129\n|player|p2|jjskft re|emmet|1045\n|gen|9\n|tier|[Gen 9 Champions] VGC 2026 Reg M-A\n|rated|\n|rule|Species Clause: Limit one of each Pok\u00e9mon\n|rule|Item Clause: Limit 1 of each item\n|clearpoke\n|poke|p1|Aerodactyl, L50, M|\n|poke|p1|Clefable, L50, F|\n|poke|p1|Floette-Eternal, L50, F|\n|poke|p1|Tsareena, L50, F|\n|poke|p1|Absol, L50, M|\n|poke|p1|Sneasler, L50, F|\n|poke|p2|Gengar, L50, M|\n|poke|p2|Kangaskhan, L50, F|\n|poke|p2|Sneasler, L50, M|\n|poke|p2|Incineroar, L50, F|\n|poke|p2|Aegislash, L50, M|\n|poke|p2|Whimsicott, L50, F|\n|teampreview|4\n|inactive|Battle timer is ON: inactive players will automatically lose when time's up. (requested by busterbunner)\n|l|\u2606busterbunner\n|inactive|busterbunner disconnected and has a minute to reconnect!\n|player|p1|\n|inactive|jjskft re has 60 seconds left.\n|j|\u2606busterbunner\n|inactive|busterbunner reconnected and has 50 seconds left.\n|player|p1|busterbunner|grimsley|\n|inactive|busterbunner has 30 seconds left.\n|\n|t:|1776416404\n|teamsize|p1|4\n|teamsize|p2|4\n|start\n|switch|p1a: Aerodactyl|Aerodactyl, L50, M|100/100\n|switch|p1b: Tsareena|Tsareena, L50, F|100/100\n|switch|p2a: Incineroar|Incineroar, L50, F|100/100\n|switch|p2b: Aegislash|Aegislash, L50, M|100/100\n|-ability|p1a: Aerodactyl|Unnerve\n|-ability|p2a: Incineroar|Intimidate|boost\n|-unboost|p1a: Aerodactyl|atk|1\n|-unboost|p1b: Tsareena|atk|1\n|turn|1\n|\n|t:|1776416419\n|move|p2b: Aegislash|King's Shield|p2b: Aegislash\n|-singleturn|p2b: Aegislash|Protect\n|move|p2a: Incineroar|Fake Out||[still]\n|cant|p1b: Tsareena|ability: Queenly Majesty|Fake Out|[of] p2a: Incineroar\n|move|p1b: Tsareena|U-turn|p2a: Incineroar\n|-damage|p2a: Incineroar|84/100\n|\n|t:|1776416426\n|switch|p1b: Absol|Absol, L50, M|100/100|[from] U-turn\n|move|p1a: Aerodactyl|Tailwind|p1a: Aerodactyl\n|-sidestart|p1: busterbunner|move: Tailwind\n|\n|upkeep\n|turn|2\n|\n|t:|1776416447\n|detailschange|p1b: Absol|Absol-Mega, L50, M\n|-mega|p1b: Absol|Absol|Absolite\n|move|p1b: Absol|Sucker Punch||[still]\n|-fail|p1b: Absol\n|move|p1a: Aerodactyl|Rock Slide|p2b: Aegislash|[spread] p2a,p2b\n|-supereffective|p2a: Incineroar|1\n|-resisted|p2b: Aegislash|1\n|-damage|p2a: Incineroar|47/100\n|-damage|p2b: Aegislash|94/100\n|move|p2a: Incineroar|Parting Shot|p1b: Absol\n|move|p1b: Absol|Parting Shot|p2a: Incineroar|[from] ability: Magic Bounce\n|-unboost|p2a: Incineroar|atk|1\n|-unboost|p2a: Incineroar|spa|1\n|\n|t:|1776416463\n|switch|p1b: Tsareena|Tsareena, L50, F|100/100|[from] Parting Shot\n|cant|p2b: Aegislash|flinch\n|\n|-heal|p2b: Aegislash|99/100|[from] item: Leftovers\n|upkeep\n|turn|3\n|\n|t:|1776416478\n|switch|p2a: Gengar|Gengar, L50, M, shiny|100/100\n|move|p1b: Tsareena|U-turn|p2a: Gengar\n|-resisted|p2a: Gengar|2\n|-damage|p2a: Gengar|90/100\n|\n|t:|1776416484\n|switch|p1b: Absol|Absol-Mega, L50, M|100/100|[from] U-turn\n|move|p1a: Aerodactyl|Rock Slide|p2a: Gengar|[spread] p2a,p2b\n|-resisted|p2b: Aegislash|1\n|-damage|p2a: Gengar|56/100\n|-damage|p2b: Aegislash|93/100\n|move|p2b: Aegislash|Swords Dance|p2b: Aegislash\n|-boost|p2b: Aegislash|atk|2\n|\n|-heal|p2b: Aegislash|99/100|[from] item: Leftovers\n|upkeep\n|turn|4\n|\n|t:|1776416496\n|detailschange|p2a: Gengar|Gengar-Mega, L50, M, shiny\n|-mega|p2a: Gengar|Gengar|Gengarite\n|move|p1a: Aerodactyl|Rock Slide|p2a: Gengar|[spread] p2b\n|-miss|p1a: Aerodactyl|p2a: Gengar\n|-resisted|p2b: Aegislash|1\n|-damage|p2b: Aegislash|92/100\n|move|p1b: Absol|Rock Slide|p2b: Aegislash|[spread] p2a,p2b\n|-resisted|p2b: Aegislash|1\n|-damage|p2a: Gengar|22/100\n|-damage|p2b: Aegislash|84/100\n|cant|p2a: Gengar|flinch\n|cant|p2b: Aegislash|flinch\n|\n|-heal|p2b: Aegislash|90/100|[from] item: Leftovers\n|-sideend|p1: busterbunner|move: Tailwind\n|upkeep\n|turn|5\n|\n|t:|1776416512\n|move|p2b: Aegislash|King's Shield|p2b: Aegislash\n|-singleturn|p2b: Aegislash|Protect\n|move|p1a: Aerodactyl|Rock Slide|p2a: Gengar|[spread] p2a\n|-activate|p2b: Aegislash|move: Protect\n|-damage|p2a: Gengar|0 fnt\n|faint|p2a: Gengar\n|move|p1b: Absol|Rock Slide|p2b: Aegislash\n|-activate|p2b: Aegislash|move: Protect\n|\n|-heal|p2b: Aegislash|96/100|[from] item: Leftovers\n|upkeep\n|inactive|jjskft re has 30 seconds left.\n|inactive|jjskft re has 20 seconds left.\n|\n|t:|1776416548\n|switch|p2a: Incineroar|Incineroar, L50, F|47/100\n|-ability|p2a: Incineroar|Intimidate|boost\n|-unboost|p1a: Aerodactyl|atk|1\n|-unboost|p1b: Absol|atk|1\n|turn|6\n|\n|t:|1776416561\n|switch|p1a: Tsareena|Tsareena, L50, F|100/100\n|-enditem|p2a: Incineroar|Sitrus Berry|[eat]\n|-heal|p2a: Incineroar|72/100|[from] item: Sitrus Berry\n|move|p2b: Aegislash|King's Shield||[still]\n|-fail|p2b: Aegislash\n|move|p2a: Incineroar|Fake Out||[still]\n|cant|p1a: Tsareena|ability: Queenly Majesty|Fake Out|[of] p2a: Incineroar\n|move|p1b: Absol|Rock Slide|p2a: Incineroar|[spread] p2a,p2b\n|-supereffective|p2a: Incineroar|1\n|-resisted|p2b: Aegislash|1\n|-damage|p2a: Incineroar|42/100\n|-damage|p2b: Aegislash|90/100\n|\n|-heal|p2b: Aegislash|96/100|[from] item: Leftovers\n|upkeep\n|turn|7\n|\n|t:|1776416577\n|move|p1a: Tsareena|U-turn|p2a: Incineroar\n|-damage|p2a: Incineroar|20/100\n|\n|t:|1776416581\n|switch|p1a: Aerodactyl|Aerodactyl, L50, M|100/100|[from] U-turn\n|-ability|p1a: Aerodactyl|Unnerve\n|move|p1b: Absol|Rock Slide|p2b: Aegislash|[spread] p2a,p2b\n|-supereffective|p2a: Incineroar|1\n|-resisted|p2b: Aegislash|1\n|-damage|p2a: Incineroar|0 fnt\n|-damage|p2b: Aegislash|90/100\n|faint|p2a: Incineroar\n|-formechange|p2b: Aegislash|Aegislash-Blade|\n|move|p2b: Aegislash|Iron Head|p1b: Absol\n|-damage|p1b: Absol|0 fnt\n|faint|p1b: Absol\n|\n|-heal|p2b: Aegislash|96/100|[from] item: Leftovers\n|upkeep\n|inactive|busterbunner has 30 seconds left.\n|\n|t:|1776416607\n|switch|p1b: Tsareena|Tsareena, L50, F|100/100\n|switch|p2a: Whimsicott|Whimsicott, L50, F|100/100\n|turn|8\n|\n|t:|1776416625\n|move|p1b: Tsareena|Triple Axel|p2a: Whimsicott\n|-supereffective|p2a: Whimsicott|1\n|-damage|p2a: Whimsicott|84/100\n|-supereffective|p2a: Whimsicott|1\n|-damage|p2a: Whimsicott|51/100\n|-supereffective|p2a: Whimsicott|1\n|-damage|p2a: Whimsicott|2/100\n|-hitcount|p2a: Whimsicott|3\n|move|p1a: Aerodactyl|Tailwind|p1a: Aerodactyl\n|-sidestart|p1: busterbunner|move: Tailwind\n|move|p2a: Whimsicott|Dazzling Gleam|p1b: Tsareena|[spread] p1a,p1b\n|-damage|p1a: Aerodactyl|77/100\n|-damage|p1b: Tsareena|81/100\n|move|p2b: Aegislash|Iron Head|p1a: Aerodactyl\n|-supereffective|p1a: Aerodactyl|1\n|-damage|p1a: Aerodactyl|0 fnt\n|faint|p1a: Aerodactyl\n|\n|-heal|p2b: Aegislash|100/100|[from] item: Leftovers\n|upkeep\n|\n|t:|1776416633\n|switch|p1a: Sneasler|Sneasler, L50, F|100/100\n|turn|9\n|\n|t:|1776416644\n|move|p1b: Tsareena|Triple Axel|p2a: Whimsicott\n|-supereffective|p2a: Whimsicott|1\n|-damage|p2a: Whimsicott|0 fnt\n|faint|p2a: Whimsicott\n|-hitcount|p2: Whimsicott|1\n|move|p1a: Sneasler|Dire Claw|p2b: Aegislash\n|-immune|p2b: Aegislash\n|move|p2b: Aegislash|Iron Head|p1b: Tsareena\n|-damage|p1b: Tsareena|0 fnt\n|faint|p1b: Tsareena\n|\n|upkeep\n|turn|10\n|\n|t:|1776416650\n|-formechange|p2b: Aegislash|Aegislash|\n|move|p2b: Aegislash|King's Shield|p2b: Aegislash\n|-singleturn|p2b: Aegislash|Protect\n|move|p1a: Sneasler|Dire Claw|p2b: Aegislash\n|-activate|p2b: Aegislash|move: Protect\n|-unboost|p1a: Sneasler|atk|1\n|-enditem|p1a: Sneasler|White Herb\n|-clearnegativeboost|p1a: Sneasler|[silent]\n|\n|upkeep\n|turn|11\n|\n|t:|1776416659\n|move|p1a: Sneasler|Dire Claw|p2b: Aegislash\n|-immune|p2b: Aegislash\n|move|p2b: Aegislash|Swords Dance|p2b: Aegislash\n|-boost|p2b: Aegislash|atk|2\n|\n|-sideend|p1: busterbunner|move: Tailwind\n|upkeep\n|turn|12\n|-message|busterbunner forfeited.\n|\n|win|jjskft re\n|raw|busterbunner's rating: 1129 &rarr; <strong>1098</strong><br />(-31 for losing)\n|raw|jjskft re's rating: 1045 &rarr; <strong>1086</strong><br />(+41 for winning)\n|l|\u2606busterbunner\n|player|p1|\n",
  "uploadtime": 1776416671,
  "views": 15,
  "formatid": "gen9championsvgc2026regma",
  "rating": 1086,
  "private": 0,
  "password": null
}