{
  "id": "gen9championsvgc2026regma-2587211260",
  "format": "[Gen 9 Champions] VGC 2026 Reg M-A",
  "players": [
    "zaulpokemonpro",
    "Nutella123456789"
  ],
  "log": "|j|\u2606zaulpokemonpro\n|j|\u2606Nutella123456789\n|t:|1776509503\n|gametype|doubles\n|player|p1|zaulpokemonpro|morty|1226\n|player|p2|Nutella123456789|102|1131\n|gen|9\n|tier|[Gen 9 Champions] VGC 2026 Reg M-A\n|rated|\n|rule|Species Clause: Limit one of each Pok\u00e9mon\n|rule|Item Clause: Limit 1 of each item\n|clearpoke\n|poke|p1|Froslass, L50, F|\n|poke|p1|Garchomp, L50, M|\n|poke|p1|Rotom-Frost, L50|\n|poke|p1|Empoleon, L50, M|\n|poke|p1|Incineroar, L50, M|\n|poke|p1|Kingambit, L50, F|\n|poke|p2|Scizor, L50, M|\n|poke|p2|Politoed, L50, F|\n|poke|p2|Sinistcha, L50|\n|poke|p2|Incineroar, L50, M, shiny|\n|poke|p2|Gengar, L50, M, shiny|\n|poke|p2|Sneasler, L50, M|\n|teampreview|4\n|inactive|Battle timer is ON: inactive players will automatically lose when time's up. (requested by zaulpokemonpro)\nNutella123456789 has agreed to open team sheets.\n|c|\u2606Nutella123456789|glhf\n|inactive|zaulpokemonpro has 60 seconds left.\n|inactive|Nutella123456789 has 60 seconds left.\n|\n|t:|1776509560\n|teamsize|p1|4\n|teamsize|p2|4\n|start\n|switch|p1a: Froslass|Froslass, L50, F|100/100\n|switch|p1b: Rotom|Rotom-Frost, L50|100/100\n|switch|p2a: Scizor|Scizor, L50, M|100/100\n|switch|p2b: Sneasler|Sneasler, L50, M|100/100\n|turn|1\n|inactive|zaulpokemonpro has 30 seconds left.\n|inactive|zaulpokemonpro has 20 seconds left.\n|inactive|zaulpokemonpro has 15 seconds left.\n|\n|t:|1776509602\n|detailschange|p1a: Froslass|Froslass-Mega, L50, F\n|-mega|p1a: Froslass|Froslass|Froslassite\n|-weather|Snowscape|[from] ability: Snow Warning|[of] p1a: Froslass\n|detailschange|p2a: Scizor|Scizor-Mega, L50, M\n|-mega|p2a: Scizor|Scizor|Scizorite\n|move|p1a: Froslass|Protect|p1a: Froslass\n|-singleturn|p1a: Froslass|Protect\n|move|p2b: Sneasler|Fake Out|p1b: Rotom\n|-damage|p1b: Rotom|87/100\n|cant|p1b: Rotom|flinch\n|move|p2a: Scizor|Swords Dance|p2a: Scizor\n|-boost|p2a: Scizor|atk|2\n|\n|-weather|Snowscape|[upkeep]\n|upkeep\n|turn|2\n|inactive|zaulpokemonpro has 30 seconds left.\n|\n|t:|1776509628\n|move|p2a: Scizor|Bullet Punch|p1a: Froslass\n|-supereffective|p1a: Froslass|1\n|-damage|p1a: Froslass|0 fnt\n|faint|p1a: Froslass\n|move|p1b: Rotom|Volt Switch|p2a: Scizor\n|-damage|p2a: Scizor|71/100\n|\n|t:|1776509638\n|switch|p1b: Garchomp|Garchomp, L50, M|100/100|[from] Volt Switch\n|move|p2b: Sneasler|Close Combat|p1b: Garchomp\n|-damage|p1b: Garchomp|35/100\n|-unboost|p2b: Sneasler|def|1\n|-unboost|p2b: Sneasler|spd|1\n|-damage|p2b: Sneasler|88/100|[from] ability: Rough Skin|[of] p1b: Garchomp\n|\n|-weather|Snowscape|[upkeep]\n|upkeep\n|\n|t:|1776509650\n|switch|p1a: Incineroar|Incineroar, L50, M|100/100\n|-ability|p1a: Incineroar|Intimidate|boost\n|-unboost|p2a: Scizor|atk|1\n|-unboost|p2b: Sneasler|atk|1\n|turn|3\n|\n|t:|1776509664\n|switch|p2b: Politoed|Politoed, L50, F|100/100\n|-weather|RainDance|[from] ability: Drizzle|[of] p2b: Politoed\n|move|p2a: Scizor|Protect|p2a: Scizor\n|-singleturn|p2a: Scizor|Protect\n|move|p1a: Incineroar|Fake Out|p2a: Scizor\n|-activate|p2a: Scizor|move: Protect\n|move|p1b: Garchomp|Rock Slide|p2a: Scizor|[spread] \n|-activate|p2a: Scizor|move: Protect\n|-miss|p1b: Garchomp|p2b: Politoed\n|\n|-weather|RainDance|[upkeep]\n|upkeep\n|turn|4\n|inactive|zaulpokemonpro has 30 seconds left.\n|\n|t:|1776509697\n|switch|p1b: Rotom|Rotom-Frost, L50|87/100\n|move|p2b: Politoed|Weather Ball|p1a: Incineroar\n|-supereffective|p1a: Incineroar|1\n|-damage|p1a: Incineroar|0 fnt\n|faint|p1a: Incineroar\n|move|p2a: Scizor|Close Combat|p1b: Rotom\n|-supereffective|p1b: Rotom|1\n|-crit|p1b: Rotom\n|-damage|p1b: Rotom|0 fnt\n|-unboost|p2a: Scizor|def|1\n|-unboost|p2a: Scizor|spd|1\n|faint|p1b: Rotom\n|\n|-weather|RainDance|[upkeep]\n|upkeep\n|c|\u2606Nutella123456789|ggs\n|\n|t:|1776509716\n|switch|p1b: Garchomp|Garchomp, L50, M|35/100\n|turn|5\n|\n|t:|1776509725\n|move|p2a: Scizor|Bullet Punch|p1b: Garchomp\n|-damage|p1b: Garchomp|0 fnt\n|-damage|p2a: Scizor|59/100|[from] ability: Rough Skin|[of] p1b: Garchomp\n|faint|p1b: Garchomp\n|\n|win|Nutella123456789\n|raw|zaulpokemonpro's rating: 1226 &rarr; <strong>1194</strong><br />(-32 for losing)\n|raw|Nutella123456789's rating: 1131 &rarr; <strong>1163</strong><br />(+32 for winning)\n|l|\u2606Nutella123456789\n|player|p2|\n",
  "uploadtime": 1776509737,
  "views": 14,
  "formatid": "gen9championsvgc2026regma",
  "rating": 1163,
  "private": 0,
  "password": null
}