{
  "id": "gen9championsvgc2026regma-2581840466",
  "format": "[Gen 9 Champions] VGC 2026 Reg M-A",
  "players": [
    "Braute",
    "Ninjabsol"
  ],
  "log": "|j|\u2606Braute\n|j|\u2606Ninjabsol\n|t:|1776032756\n|gametype|doubles\n|player|p1|Braute|miku-fire|1284\n|player|p2|Ninjabsol|101|1199\n|gen|9\n|tier|[Gen 9 Champions] VGC 2026 Reg M-A\n|rated|\n|rule|Species Clause: Limit one of each Pok\u00e9mon\n|rule|Item Clause: Limit 1 of each item\n|clearpoke\n|poke|p1|Beedrill, L50, M|\n|poke|p1|Incineroar, L50, F|\n|poke|p1|Talonflame, L50, F|\n|poke|p1|Kingambit, L50, F|\n|poke|p1|Tyranitar, L50, M|\n|poke|p1|Excadrill, L50, M|\n|poke|p2|Farigiraf, L50, F|\n|poke|p2|Milotic, L50, F|\n|poke|p2|Incineroar, L50, M|\n|poke|p2|Hatterene, L50, F|\n|poke|p2|Scovillain, L50, F|\n|poke|p2|Drampa, L50, F|\n|teampreview|4\n|inactive|Battle timer is ON: inactive players will automatically lose when time's up. (requested by Braute)\n|\n|t:|1776032782\n|teamsize|p1|4\n|teamsize|p2|4\n|start\n|switch|p1a: Beedrill|Beedrill, L50, M, shiny|100/100\n|switch|p1b: Kingambit|Kingambit, L50, F, shiny|100/100\n|switch|p2a: Farigiraf|Farigiraf, L50, F|100/100\n|switch|p2b: Milotic|Milotic, L50, F|100/100\n|turn|1\n|\n|t:|1776032803\n|detailschange|p1a: Beedrill|Beedrill-Mega, L50, M, shiny\n|-mega|p1a: Beedrill|Beedrill|Beedrillite\n|move|p1a: Beedrill|Lunge|p2a: Farigiraf\n|-supereffective|p2a: Farigiraf|1\n|-enditem|p2a: Farigiraf|Focus Sash\n|-damage|p2a: Farigiraf|1/100\n|-unboost|p2a: Farigiraf|atk|1\n|move|p2b: Milotic|Scald|p1a: Beedrill\n|-damage|p1a: Beedrill|38/100\n|move|p1b: Kingambit|Kowtow Cleave|p2b: Milotic\n|-damage|p2b: Milotic|42/100\n|move|p2a: Farigiraf|Trick Room|p2a: Farigiraf\n|-fieldstart|move: Trick Room|[of] p2a: Farigiraf\n|\n|-heal|p2b: Milotic|48/100|[from] item: Leftovers\n|upkeep\n|turn|2\n|\n|t:|1776032824\n|switch|p1a: Incineroar|Incineroar, L50, F, shiny|100/100\n|-ability|p1a: Incineroar|Intimidate|boost\n|-unboost|p2a: Farigiraf|atk|1\n|-unboost|p2b: Milotic|atk|1\n|-ability|p2b: Milotic|Competitive|boost\n|-boost|p2b: Milotic|spa|2\n|move|p1b: Kingambit|Kowtow Cleave|p2b: Milotic\n|-damage|p2b: Milotic|0 fnt\n|faint|p2b: Milotic\n|move|p2a: Farigiraf|Psychic Noise|p1a: Incineroar\n|-immune|p1a: Incineroar\n|\n|upkeep\n|\n|t:|1776032836\n|switch|p2b: Drampa|Drampa, L50, F|100/100\n|turn|3\n|\n|t:|1776032856\n|move|p2a: Farigiraf|Ally Switch|p2a: Farigiraf\n|swap|p2a: Farigiraf|1|[from] move: Ally Switch\n|move|p2a: Drampa|Earth Power|p1b: Kingambit\n|-supereffective|p1b: Kingambit|1\n|-damage|p1b: Kingambit|32/100\n|move|p1b: Kingambit|Low Kick|p2b: Farigiraf\n|-damage|p2b: Farigiraf|0 fnt\n|faint|p2b: Farigiraf\n|move|p1a: Incineroar|Darkest Lariat|p2a: Drampa\n|-damage|p2a: Drampa|58/100\n|\n|upkeep\n|\n|t:|1776032864\n|switch|p2b: Scovillain|Scovillain, L50, F|100/100\n|turn|4\n|\n|t:|1776032871\n|detailschange|p2b: Scovillain|Scovillain-Mega, L50, F\n|-mega|p2b: Scovillain|Scovillain|Scovillainite\n|move|p1b: Kingambit|Protect|p1b: Kingambit\n|-singleturn|p1b: Kingambit|Protect\n|move|p2a: Drampa|Earth Power|p1a: Incineroar\n|-supereffective|p1a: Incineroar|1\n|-damage|p1a: Incineroar|40/100\n|-enditem|p1a: Incineroar|Sitrus Berry|[eat]\n|-heal|p1a: Incineroar|65/100|[from] item: Sitrus Berry\n|move|p1a: Incineroar|Parting Shot|p2a: Drampa\n|-unboost|p2a: Drampa|atk|1\n|-unboost|p2a: Drampa|spa|1\n|\n|t:|1776032881\n|switch|p1a: Beedrill|Beedrill-Mega, L50, M, shiny|38/100|[from] Parting Shot\n|move|p2b: Scovillain|Burning Jealousy|p1b: Kingambit|[spread] p1a\n|-activate|p1b: Kingambit|move: Protect\n|-supereffective|p1a: Beedrill|1\n|-damage|p1a: Beedrill|0 fnt\n|faint|p1a: Beedrill\n|\n|upkeep\n|\n|t:|1776032890\n|switch|p1a: Talonflame|Talonflame, L50, F|100/100\n|turn|5\n|\n|t:|1776032903\n|move|p1b: Kingambit|Sucker Punch|p2a: Drampa\n|-damage|p2a: Drampa|6/100\n|-ability|p2a: Drampa|Berserk|boost\n|-boost|p2a: Drampa|spa|1\n|-enditem|p2a: Drampa|Sitrus Berry|[eat]\n|-heal|p2a: Drampa|31/100|[from] item: Sitrus Berry\n|move|p1a: Talonflame|Dual Wingbeat|p2b: Scovillain\n|-supereffective|p2b: Scovillain|1\n|-damage|p2b: Scovillain|55/100\n|-immune|p1a: Talonflame\n|-supereffective|p2b: Scovillain|1\n|-damage|p2b: Scovillain|13/100\n|-immune|p1a: Talonflame\n|-hitcount|p2b: Scovillain|2\n|move|p2a: Drampa|Hyper Voice|p1a: Talonflame|[spread] p1a,p1b\n|-resisted|p1b: Kingambit|1\n|-damage|p1a: Talonflame|39/100\n|-damage|p1b: Kingambit|14/100\n|move|p2b: Scovillain|Burning Jealousy|p1a: Talonflame|[spread] p1a,p1b\n|-resisted|p1a: Talonflame|1\n|-supereffective|p1b: Kingambit|1\n|-damage|p1a: Talonflame|15/100\n|-damage|p1b: Kingambit|0 fnt\n|faint|p1b: Kingambit\n|\n|-fieldend|move: Trick Room\n|upkeep\n|\n|t:|1776032916\n|switch|p1b: Incineroar|Incineroar, L50, F, shiny|65/100\n|-ability|p1b: Incineroar|Intimidate|boost\n|-unboost|p2a: Drampa|atk|1\n|-unboost|p2b: Scovillain|atk|1\n|turn|6\n|c|\u2606Ninjabsol|How was Talonflsme faster under trick room?\n|c|\u2606Ninjabsol|Oh priority\n|inactive|Ninjabsol has 30 seconds left.\n|c|\u2606Braute|gale wings\n|c|\u2606Ninjabsol|Nevermind\n|inactive|Ninjabsol has 20 seconds left.\n|\n|t:|1776032952\n|move|p1b: Incineroar|Fake Out|p2a: Drampa\n|-damage|p2a: Drampa|18/100\n|move|p1a: Talonflame|Flare Blitz|p2b: Scovillain\n|-damage|p2b: Scovillain|0 fnt\n|-immune|p1a: Talonflame\n|faint|p2b: Scovillain\n|-damage|p1a: Talonflame|10/100|[from] Recoil\n|cant|p2a: Drampa|flinch\n|\n|upkeep\n|turn|7\n|-message|Ninjabsol forfeited.\n|\n|win|Braute\n|raw|Braute's rating: 1284 &rarr; <strong>1303</strong><br />(+19 for winning)\n|raw|Ninjabsol's rating: 1199 &rarr; <strong>1180</strong><br />(-19 for losing)\n",
  "uploadtime": 1776032958,
  "views": 39,
  "formatid": "gen9championsvgc2026regma",
  "rating": 1180,
  "private": 0,
  "password": null
}