{
  "id": "gen9championsvgc2026regma-2586764568",
  "format": "[Gen 9 Champions] VGC 2026 Reg M-A",
  "players": [
    "scrambledegg6",
    "platinumbral"
  ],
  "log": "|j|\u2606scrambledegg6\n|j|\u2606platinumbral\n|t:|1776458086\n|gametype|doubles\n|player|p1|scrambledegg6|lance|1128\n|player|p2|platinumbral|1|1181\n|gen|9\n|tier|[Gen 9 Champions] VGC 2026 Reg M-A\n|rated|\n|rule|Species Clause: Limit one of each Pok\u00e9mon\n|rule|Item Clause: Limit 1 of each item\n|clearpoke\n|poke|p1|Sneasler, L50, M|\n|poke|p1|Aerodactyl, L50, M|\n|poke|p1|Floette-Eternal, L50, F|\n|poke|p1|Kingambit, L50, M|\n|poke|p1|Basculegion, L50, M|\n|poke|p1|Incineroar, L50, F|\n|poke|p2|Dragonite, L50, M|\n|poke|p2|Pelipper, L50, M|\n|poke|p2|Archaludon, L50, F|\n|poke|p2|Tauros-Paldea-Aqua, L50, M|\n|poke|p2|Basculegion, L50, M|\n|poke|p2|Sinistcha-Masterpiece, L50|\n|teampreview|4\n|inactive|Battle timer is ON: inactive players will automatically lose when time's up. (requested by scrambledegg6)\nscrambledegg6 rejected open team sheets.\n|inactive|platinumbral has 60 seconds left.\n|\n|t:|1776458118\n|teamsize|p1|4\n|teamsize|p2|4\n|start\n|switch|p1a: Sneasler|Sneasler, L50, M|100/100\n|switch|p1b: Aerodactyl|Aerodactyl, L50, M, shiny|100/100\n|switch|p2a: Basculegion|Basculegion, L50, M|100/100\n|switch|p2b: Pelipper|Pelipper, L50, M|100/100\n|-ability|p1b: Aerodactyl|Unnerve\n|-weather|RainDance|[from] ability: Drizzle|[of] p2b: Pelipper\n|turn|1\n|\n|t:|1776458141\n|move|p1a: Sneasler|Protect|p1a: Sneasler\n|-singleturn|p1a: Sneasler|Protect\n|move|p2b: Pelipper|Protect|p2b: Pelipper\n|-singleturn|p2b: Pelipper|Protect\n|move|p2a: Basculegion|Flip Turn|p1b: Aerodactyl\n|-supereffective|p1b: Aerodactyl|1\n|-enditem|p1b: Aerodactyl|Focus Sash\n|-damage|p1b: Aerodactyl|1/100\n|\n|t:|1776458150\n|switch|p2a: Archaludon|Archaludon, L50, F|100/100|[from] Flip Turn\n|move|p1b: Aerodactyl|Rock Slide|p2a: Archaludon|[spread] p2a\n|-activate|p2b: Pelipper|move: Protect\n|-resisted|p2a: Archaludon|1\n|-damage|p2a: Archaludon|90/100\n|-ability|p2a: Archaludon|Stamina|boost\n|-boost|p2a: Archaludon|def|1\n|\n|-weather|RainDance|[upkeep]\n|-heal|p2a: Archaludon|96/100|[from] item: Leftovers\n|upkeep\n|turn|2\n|\n|t:|1776458178\n|switch|p1a: Floette|Floette-Eternal, L50, F|100/100\n|move|p1b: Aerodactyl|Tailwind|p1b: Aerodactyl\n|-sidestart|p1: scrambledegg6|move: Tailwind\n|move|p2b: Pelipper|Hurricane|p1a: Floette\n|-damage|p1a: Floette|62/100\n|move|p2a: Archaludon|Electro Shot||[still]\n|-prepare|p2a: Archaludon|Electro Shot\n|-boost|p2a: Archaludon|spa|1\n|-anim|p2a: Archaludon|Electro Shot|p1a: Floette\n|-damage|p1a: Floette|3/100\n|\n|-weather|RainDance|[upkeep]\n|-heal|p2a: Archaludon|100/100|[from] item: Leftovers\n|upkeep\n|turn|3\n|\n|t:|1776458201\n|move|p1a: Floette|Protect|p1a: Floette\n|-singleturn|p1a: Floette|Protect\n|move|p2b: Pelipper|Wide Guard|p2b: Pelipper\n|-singleturn|p2b: Pelipper|Wide Guard\n|move|p1b: Aerodactyl|Rock Slide|p2a: Archaludon|[spread] \n|-activate|p2a: Archaludon|move: Wide Guard\n|-activate|p2b: Pelipper|move: Wide Guard\n|move|p2a: Archaludon|Flash Cannon|p1a: Floette\n|-activate|p1a: Floette|move: Protect\n|\n|-weather|RainDance|[upkeep]\n|upkeep\n|turn|4\n|inactive|scrambledegg6 has 30 seconds left.\n|\n|t:|1776458229\n|switch|p2b: Basculegion|Basculegion, L50, M|100/100\n|detailschange|p1a: Floette|Floette-Mega, L50, F\n|-mega|p1a: Floette|Floette|Floettite\n|-ability|p1a: Floette|Fairy Aura\n|move|p1b: Aerodactyl|Rock Slide|p2a: Archaludon|[spread] p2a,p2b\n|-resisted|p2a: Archaludon|1\n|-damage|p2a: Archaludon|93/100\n|-damage|p2b: Basculegion|68/100\n|-ability|p2a: Archaludon|Stamina|boost\n|-boost|p2a: Archaludon|def|1\n|move|p1a: Floette|Light of Ruin|p2a: Archaludon\n|-damage|p2a: Archaludon|0 fnt\n|faint|p2a: Archaludon\n|-damage|p1a: Floette|0 fnt|[from] Recoil\n|faint|p1a: Floette\n|\n|-weather|RainDance|[upkeep]\n|upkeep\n|\n|t:|1776458251\n|switch|p1a: Sneasler|Sneasler, L50, M|100/100\n|switch|p2a: Sinistcha|Sinistcha-Masterpiece, L50|100/100\n|-heal|p2b: Basculegion|93/100|[from] ability: Hospitality|[of] p2a: Sinistcha\n|turn|5\n|\n|t:|1776458266\n|move|p1b: Aerodactyl|Protect|p1b: Aerodactyl\n|-singleturn|p1b: Aerodactyl|Protect\n|move|p1a: Sneasler|Protect|p1a: Sneasler\n|-singleturn|p1a: Sneasler|Protect\n|move|p2a: Sinistcha|Rage Powder|p2a: Sinistcha\n|-singleturn|p2a: Sinistcha|move: Rage Powder\n|move|p2b: Basculegion|Wave Crash|p1b: Aerodactyl\n|-activate|p1b: Aerodactyl|move: Protect\n|\n|-weather|none\n|-sideend|p1: scrambledegg6|move: Tailwind\n|upkeep\n|turn|6\n|inactive|scrambledegg6 has 30 seconds left.\n|inactive|platinumbral has 30 seconds left.\n|\n|t:|1776458296\n|switch|p2a: Pelipper|Pelipper, L50, M|100/100\n|-weather|RainDance|[from] ability: Drizzle|[of] p2a: Pelipper\n|move|p2b: Basculegion|Wave Crash|p1a: Sneasler\n|-crit|p1a: Sneasler\n|-damage|p1a: Sneasler|0 fnt\n|faint|p1a: Sneasler\n|-damage|p2b: Basculegion|67/100|[from] Recoil\n|move|p1b: Aerodactyl|Tailwind|p1b: Aerodactyl\n|-sidestart|p1: scrambledegg6|move: Tailwind\n|\n|-weather|RainDance|[upkeep]\n|upkeep\n|\n|t:|1776458304\n|switch|p1a: Basculegion|Basculegion, L50, M, shiny|100/100\n|turn|7\n|\n|t:|1776458323\n|move|p2b: Basculegion|Protect|p2b: Basculegion\n|-singleturn|p2b: Basculegion|Protect\n|move|p1b: Aerodactyl|Rock Slide|p2b: Basculegion|[spread] p2a\n|-activate|p2b: Basculegion|move: Protect\n|-supereffective|p2a: Pelipper|1\n|-damage|p2a: Pelipper|45/100\n|move|p1a: Basculegion|Last Respects|p2b: Basculegion\n|-activate|p2b: Basculegion|move: Protect\n|cant|p2a: Pelipper|flinch\n|\n|-weather|RainDance|[upkeep]\n|upkeep\n|turn|8\n|\n|t:|1776458346\n|switch|p2b: Sinistcha|Sinistcha-Masterpiece, L50|100/100\n|-heal|p2a: Pelipper|70/100|[from] ability: Hospitality|[of] p2b: Sinistcha\n|move|p2a: Pelipper|Wide Guard|p2a: Pelipper\n|-singleturn|p2a: Pelipper|Wide Guard\n|move|p1b: Aerodactyl|Dual Wingbeat|p2a: Pelipper\n|-damage|p2a: Pelipper|50/100\n|-damage|p2a: Pelipper|29/100\n|-hitcount|p2a: Pelipper|2\n|move|p1a: Basculegion|Last Respects|p2b: Sinistcha\n|-supereffective|p2b: Sinistcha|1\n|-crit|p2b: Sinistcha\n|-damage|p2b: Sinistcha|0 fnt\n|faint|p2b: Sinistcha\n|\n|-weather|RainDance|[upkeep]\n|upkeep\n|\n|t:|1776458363\n|switch|p2b: Basculegion|Basculegion, L50, M|67/100\n|turn|9\n|\n|t:|1776458378\n|move|p2b: Basculegion|Protect|p2b: Basculegion\n|-singleturn|p2b: Basculegion|Protect\n|move|p2a: Pelipper|Protect|p2a: Pelipper\n|-singleturn|p2a: Pelipper|Protect\n|move|p1b: Aerodactyl|Dual Wingbeat|p2a: Pelipper\n|-activate|p2a: Pelipper|move: Protect\n|move|p1a: Basculegion|Last Respects|p2b: Basculegion\n|-activate|p2b: Basculegion|move: Protect\n|\n|-weather|RainDance|[upkeep]\n|-sideend|p1: scrambledegg6|move: Tailwind\n|upkeep\n|turn|10\n|inactive|scrambledegg6 has 30 seconds left.\n|\n|t:|1776458405\n|move|p2b: Basculegion|Last Respects|p1a: Basculegion\n|-supereffective|p1a: Basculegion|1\n|-damage|p1a: Basculegion|0 fnt\n|faint|p1a: Basculegion\n|move|p1b: Aerodactyl|Dual Wingbeat|p2b: Basculegion\n|-damage|p2b: Basculegion|45/100\n|-damage|p2b: Basculegion|20/100\n|-hitcount|p2b: Basculegion|2\n|move|p2a: Pelipper|Weather Ball|p1b: Aerodactyl\n|-supereffective|p1b: Aerodactyl|1\n|-damage|p1b: Aerodactyl|0 fnt\n|faint|p1b: Aerodactyl\n|\n|win|platinumbral\n|raw|scrambledegg6's rating: 1128 &rarr; <strong>1107</strong><br />(-21 for losing)\n|raw|platinumbral's rating: 1181 &rarr; <strong>1202</strong><br />(+21 for winning)\n",
  "uploadtime": 1776458405,
  "views": 26,
  "formatid": "gen9championsvgc2026regma",
  "rating": 1107,
  "private": 0,
  "password": null
}