{
  "id": "gen9championsvgc2026regma-2581280076",
  "format": "[Gen 9 Champions] VGC 2026 Reg M-A",
  "players": [
    "Holibrand",
    "kipli1121"
  ],
  "log": "|j|\u2606Holibrand\n|j|\u2606kipli1121\n|t:|1775980603\n|gametype|doubles\n|player|p1|Holibrand|pokemonbreeder-gen4|1109\n|player|p2|kipli1121|266|1147\n|gen|9\n|tier|[Gen 9 Champions] VGC 2026 Reg M-A\n|rated|\n|rule|Species Clause: Limit one of each Pok\u00e9mon\n|rule|Item Clause: Limit 1 of each item\n|clearpoke\n|poke|p1|Greninja-*, L50, M|\n|poke|p1|Incineroar, L50, F|\n|poke|p1|Sneasler, L50, M|\n|poke|p1|Gyarados, L50, M|\n|poke|p1|Sinistcha, L50|\n|poke|p1|Gardevoir, L50, M|\n|poke|p2|Froslass, L50, F|\n|poke|p2|Orthworm, L50, M|\n|poke|p2|Incineroar, L50, M|\n|poke|p2|Garchomp, L50, M|\n|poke|p2|Basculegion, L50, M|\n|poke|p2|Rotom-Frost, L50|\n|teampreview|4\n|inactive|Battle timer is ON: inactive players will automatically lose when time's up. (requested by Holibrand)\n|\n|t:|1775980628\n|teamsize|p1|4\n|teamsize|p2|4\n|start\n|switch|p1a: Gyarados|Gyarados, L50, M|100/100\n|switch|p1b: Sneasler|Sneasler, L50, M|100/100\n|switch|p2a: Orthworm|Orthworm, L50, M|100/100\n|switch|p2b: Incineroar|Incineroar, L50, M|100/100\n|-ability|p1a: Gyarados|Intimidate|boost\n|-unboost|p2a: Orthworm|atk|1\n|-unboost|p2b: Incineroar|atk|1\n|-ability|p2b: Incineroar|Intimidate|boost\n|-unboost|p1a: Gyarados|atk|1\n|-unboost|p1b: Sneasler|atk|1\n|-enditem|p1b: Sneasler|White Herb\n|-clearnegativeboost|p1b: Sneasler|[silent]\n|turn|1\n|inactive|Holibrand has 30 seconds left.\n|\n|t:|1775980658\n|detailschange|p1a: Gyarados|Gyarados-Mega, L50, M\n|-mega|p1a: Gyarados|Gyarados|Gyaradosite\n|-ability|p1a: Gyarados|Mold Breaker\n|move|p1b: Sneasler|Fake Out|p2b: Incineroar\n|-damage|p2b: Incineroar|81/100\n|cant|p2b: Incineroar|flinch\n|move|p1a: Gyarados|Dragon Dance|p1a: Gyarados\n|-boost|p1a: Gyarados|atk|1\n|-boost|p1a: Gyarados|spe|1\n|move|p2a: Orthworm|Shed Tail|p2a: Orthworm\n|-start|p2a: Orthworm|Substitute|[from] move: Shed Tail\n|-damage|p2a: Orthworm|50/100\n|\n|t:|1775980668\n|switch|p2a: Rotom|Rotom-Frost, L50|100/100|[from] Shed Tail\n|\n|upkeep\n|turn|2\n|\n|t:|1775980693\n|switch|p2b: Basculegion|Basculegion, L50, M|100/100\n|move|p1a: Gyarados|Protect|p1a: Gyarados\n|-singleturn|p1a: Gyarados|Protect\n|move|p1b: Sneasler|Coaching|p1a: Gyarados\n|-boost|p1a: Gyarados|atk|1\n|-boost|p1a: Gyarados|def|1\n|move|p2a: Rotom|Thunderbolt|p1a: Gyarados\n|-activate|p1a: Gyarados|move: Protect\n|\n|upkeep\n|turn|3\n|inactive|kipli1121 has 30 seconds left.\n|\n|t:|1775980721\n|move|p1b: Sneasler|Close Combat|p2a: Rotom\n|-supereffective|p2a: Rotom|1\n|-end|p2a: Rotom|Substitute\n|-unboost|p1b: Sneasler|def|1\n|-unboost|p1b: Sneasler|spd|1\n|move|p2b: Basculegion|Flip Turn|p1b: Sneasler\n|-damage|p1b: Sneasler|27/100\n|\n|t:|1775980736\n|switch|p2b: Incineroar|Incineroar, L50, M|81/100|[from] Flip Turn\n|-ability|p2b: Incineroar|Intimidate|boost\n|-unboost|p1a: Gyarados|atk|1\n|-unboost|p1b: Sneasler|atk|1\n|move|p1a: Gyarados|Waterfall|p2a: Rotom\n|-damage|p2a: Rotom|42/100\n|-enditem|p2a: Rotom|Sitrus Berry|[eat]\n|-heal|p2a: Rotom|67/100|[from] item: Sitrus Berry\n|move|p2a: Rotom|Thunderbolt|p1a: Gyarados\n|-supereffective|p1a: Gyarados|1\n|-damage|p1a: Gyarados|48/100\n|\n|upkeep\n|turn|4\n|\n|t:|1775980753\n|switch|p1b: Incineroar|Incineroar, L50, F|100/100\n|-ability|p1b: Incineroar|Intimidate|boost\n|-unboost|p2a: Rotom|atk|1\n|-unboost|p2b: Incineroar|atk|1\n|move|p1a: Gyarados|Protect|p1a: Gyarados\n|-singleturn|p1a: Gyarados|Protect\n|move|p2b: Incineroar|Fake Out|p1a: Gyarados\n|-activate|p1a: Gyarados|move: Protect\n|move|p2a: Rotom|Thunderbolt|p1a: Gyarados\n|-activate|p1a: Gyarados|move: Protect\n|\n|upkeep\n|turn|5\n|\n|t:|1775980775\n|move|p1b: Incineroar|Fake Out|p2a: Rotom\n|-damage|p2a: Rotom|51/100\n|move|p1a: Gyarados|Waterfall|p2b: Incineroar\n|-supereffective|p2b: Incineroar|1\n|-damage|p2b: Incineroar|0 fnt\n|faint|p2b: Incineroar\n|cant|p2a: Rotom|flinch\n|\n|upkeep\n|\n|t:|1775980783\n|switch|p2b: Basculegion|Basculegion, L50, M|100/100\n|turn|6\n|\n|t:|1775980800\n|move|p2a: Rotom|Helping Hand|p2b: Basculegion\n|-singleturn|p2b: Basculegion|Helping Hand|[of] p2a: Rotom\n|move|p2b: Basculegion|Wave Crash|p1a: Gyarados\n|-resisted|p1a: Gyarados|1\n|-damage|p1a: Gyarados|12/100\n|-damage|p2b: Basculegion|90/100|[from] Recoil\n|move|p1a: Gyarados|Crunch|p2b: Basculegion\n|-supereffective|p2b: Basculegion|1\n|-damage|p2b: Basculegion|0 fnt\n|faint|p2b: Basculegion\n|move|p1b: Incineroar|Parting Shot|p2a: Rotom\n|-unboost|p2a: Rotom|atk|1\n|-unboost|p2a: Rotom|spa|1\n|-message|kipli1121 forfeited.\n|\n|win|Holibrand\n|raw|Holibrand's rating: 1109 &rarr; <strong>1137</strong><br />(+28 for winning)\n|raw|kipli1121's rating: 1147 &rarr; <strong>1119</strong><br />(-28 for losing)\n",
  "uploadtime": 1775980811,
  "views": 12,
  "formatid": "gen9championsvgc2026regma",
  "rating": 1119,
  "private": 0,
  "password": null
}