{
  "id": "gen9championsvgc2026regma-2584850283",
  "format": "[Gen 9 Champions] VGC 2026 Reg M-A",
  "players": [
    "Laddie mckalister",
    "SunTufo"
  ],
  "log": "|j|\u2606Laddie mckalister\n|j|\u2606SunTufo\n|t:|1776288554\n|gametype|doubles\n|player|p1|Laddie mckalister|169|1321\n|player|p2|SunTufo|li|1255\n|gen|9\n|tier|[Gen 9 Champions] VGC 2026 Reg M-A\n|rated|\n|rule|Species Clause: Limit one of each Pok\u00e9mon\n|rule|Item Clause: Limit 1 of each item\n|clearpoke\n|poke|p1|Milotic, L50, F|\n|poke|p1|Incineroar, L50, F|\n|poke|p1|Basculegion, L50, M|\n|poke|p1|Sneasler, L50, F|\n|poke|p1|Whimsicott, L50, M|\n|poke|p1|Floette-Eternal, L50, F|\n|poke|p2|Aerodactyl, L50, M|\n|poke|p2|Aegislash, L50, M|\n|poke|p2|Floette-Eternal, L50, F|\n|poke|p2|Incineroar, L50, M|\n|poke|p2|Kommo-o, L50, F|\n|poke|p2|Sinistcha-Masterpiece, L50|\n|teampreview|4\n|inactive|Battle timer is ON: inactive players will automatically lose when time's up. (requested by SunTufo)\n|\n|t:|1776288578\n|teamsize|p1|4\n|teamsize|p2|4\n|start\n|switch|p1a: Whimsicott|Whimsicott, L50, M|100/100\n|switch|p1b: Sneasler|Sneasler, L50, F, shiny|100/100\n|switch|p2a: Floette|Floette-Eternal, L50, F|100/100\n|switch|p2b: Incineroar|Incineroar, L50, M|100/100\n|-ability|p2b: Incineroar|Intimidate|boost\n|-unboost|p1a: Whimsicott|atk|1\n|-unboost|p1b: Sneasler|atk|1\n|-enditem|p1b: Sneasler|White Herb\n|-clearnegativeboost|p1b: Sneasler|[silent]\n|turn|1\n|inactive|Laddie mckalister has 30 seconds left.\n|inactive|Laddie mckalister has 20 seconds left.\n|\n|t:|1776288616\n|switch|p2a: Aegislash|Aegislash, L50, M|100/100\n|switch|p2b: Sinistcha|Sinistcha-Masterpiece, L50|100/100\n|move|p1b: Sneasler|Fake Out|p2b: Sinistcha\n|-immune|p2b: Sinistcha\n|move|p1a: Whimsicott|Tailwind|p1a: Whimsicott\n|-sidestart|p1: Laddie mckalister|move: Tailwind\n|\n|upkeep\n|turn|2\n|inactive|Laddie mckalister has 30 seconds left.\n|\n|t:|1776288645\n|switch|p2a: Floette|Floette-Eternal, L50, F|100/100\n|move|p1a: Whimsicott|Taunt|p2b: Sinistcha\n|-start|p2b: Sinistcha|move: Taunt\n|move|p1b: Sneasler|Dire Claw|p2b: Sinistcha\n|-damage|p2b: Sinistcha|61/100\n|move|p2b: Sinistcha|Matcha Gotcha|p1b: Sneasler|[spread] p1a,p1b\n|-resisted|p1a: Whimsicott|1\n|-resisted|p1b: Sneasler|1\n|-damage|p1a: Whimsicott|79/100\n|-heal|p2b: Sinistcha|70/100|[from] drain|[of] p1a: Whimsicott\n|-damage|p1b: Sneasler|84/100\n|-heal|p2b: Sinistcha|77/100|[from] drain|[of] p1b: Sneasler\n|\n|upkeep\n|turn|3\n|inactive|Laddie mckalister has 30 seconds left.\n|\n|t:|1776288672\n|move|p2a: Floette|Protect|p2a: Floette\n|-singleturn|p2a: Floette|Protect\n|move|p1b: Sneasler|Dire Claw|p2a: Floette\n|-activate|p2a: Floette|move: Protect\n|move|p1a: Whimsicott|Moonblast|p2b: Sinistcha\n|-damage|p2b: Sinistcha|41/100\n|move|p2b: Sinistcha|Matcha Gotcha|p1b: Sneasler|[spread] p1a,p1b\n|-resisted|p1a: Whimsicott|1\n|-resisted|p1b: Sneasler|1\n|-damage|p1a: Whimsicott|60/100\n|-heal|p2b: Sinistcha|49/100|[from] drain|[of] p1a: Whimsicott\n|-damage|p1b: Sneasler|69/100\n|-heal|p2b: Sinistcha|56/100|[from] drain|[of] p1b: Sneasler\n|\n|upkeep\n|turn|4\n|inactive|SunTufo has 30 seconds left.\n|\n|t:|1776288699\n|switch|p2a: Aegislash|Aegislash, L50, M|100/100\n|switch|p2b: Incineroar|Incineroar, L50, M|100/100\n|-ability|p2b: Incineroar|Intimidate|boost\n|-unboost|p1a: Whimsicott|atk|1\n|-unboost|p1b: Sneasler|atk|1\n|move|p1a: Whimsicott|Encore||[still]\n|-fail|p1a: Whimsicott\n|move|p1b: Sneasler|Dire Claw|p2b: Incineroar\n|-damage|p2b: Incineroar|77/100\n|\n|-sideend|p1: Laddie mckalister|move: Tailwind\n|upkeep\n|turn|5\n|\n|t:|1776288715\n|switch|p1a: Basculegion|Basculegion, L50, M|100/100\n|move|p1b: Sneasler|Close Combat|p2b: Incineroar\n|-supereffective|p2b: Incineroar|1\n|-damage|p2b: Incineroar|6/100\n|-unboost|p1b: Sneasler|def|1\n|-unboost|p1b: Sneasler|spd|1\n|move|p2b: Incineroar|Flare Blitz|p1a: Basculegion\n|-resisted|p1a: Basculegion|1\n|-damage|p1a: Basculegion|74/100\n|-damage|p2b: Incineroar|0 fnt|[from] Recoil\n|faint|p2b: Incineroar\n|-formechange|p2a: Aegislash|Aegislash-Blade|\n|move|p2a: Aegislash|Poltergeist||[still]\n|-fail|p2a: Aegislash\n|\n|upkeep\n|\n|t:|1776288729\n|switch|p2b: Sinistcha|Sinistcha-Masterpiece, L50|56/100\n|turn|6\n|\n|t:|1776288751\n|move|p2b: Sinistcha|Rage Powder|p2b: Sinistcha\n|-singleturn|p2b: Sinistcha|move: Rage Powder\n|move|p1b: Sneasler|Dire Claw|p2b: Sinistcha\n|-damage|p2b: Sinistcha|26/100\n|move|p1a: Basculegion|Flip Turn|p2b: Sinistcha\n|-resisted|p2b: Sinistcha|1\n|-damage|p2b: Sinistcha|8/100\n|\n|t:|1776288759\n|switch|p1a: Whimsicott|Whimsicott, L50, M|60/100|[from] Flip Turn\n|move|p2a: Aegislash|Poltergeist|p1a: Whimsicott\n|-activate|p1a: Whimsicott|move: Poltergeist|Focus Sash\n|-damage|p1a: Whimsicott|0 fnt\n|faint|p1a: Whimsicott\n|\n|upkeep\n|\n|t:|1776288772\n|switch|p1a: Basculegion|Basculegion, L50, M|74/100\n|turn|7\n|inactive|SunTufo has 30 seconds left.\n|inactive|SunTufo has 20 seconds left.\n|inactive|SunTufo has 15 seconds left.\n|\n|t:|1776288813\n|move|p2b: Sinistcha|Rage Powder|p2b: Sinistcha\n|-singleturn|p2b: Sinistcha|move: Rage Powder\n|move|p1b: Sneasler|Dire Claw|p2b: Sinistcha\n|-damage|p2b: Sinistcha|0 fnt\n|faint|p2b: Sinistcha\n|move|p1a: Basculegion|Last Respects|p2a: Aegislash\n|-supereffective|p2a: Aegislash|1\n|-damage|p2a: Aegislash|0 fnt\n|faint|p2a: Aegislash\n|\n|upkeep\n|-message|SunTufo forfeited.\n|\n|win|Laddie mckalister\n|raw|Laddie mckalister's rating: 1321 &rarr; <strong>1337</strong><br />(+16 for winning)\n|raw|SunTufo's rating: 1255 &rarr; <strong>1235</strong><br />(-20 for losing)\n",
  "uploadtime": 1776288820,
  "views": 45,
  "formatid": "gen9championsvgc2026regma",
  "rating": 1235,
  "private": 0,
  "password": null
}