{
  "id": "gen9championsvgc2026regma-2585833870",
  "format": "[Gen 9 Champions] VGC 2026 Reg M-A",
  "players": [
    "koolademandude",
    "Teior"
  ],
  "log": "|j|\u2606koolademandude\n|j|\u2606Teior\n|t:|1776374118\n|gametype|doubles\n|player|p1|koolademandude|101|1145\n|player|p2|Teior|265|1118\n|gen|9\n|tier|[Gen 9 Champions] VGC 2026 Reg M-A\n|rated|\n|rule|Species Clause: Limit one of each Pok\u00e9mon\n|rule|Item Clause: Limit 1 of each item\n|clearpoke\n|poke|p1|Feraligatr, L50, F|\n|poke|p1|Archaludon, L50, F|\n|poke|p1|Pelipper, L50, M|\n|poke|p1|Toxicroak, L50, M|\n|poke|p1|Heliolisk, L50, F|\n|poke|p1|Meganium, L50, F|\n|poke|p2|Tinkaton, L50, F|\n|poke|p2|Sableye, L50, F|\n|poke|p2|Altaria, L50, M|\n|poke|p2|Talonflame, L50, F|\n|poke|p2|Gyarados, L50, M|\n|poke|p2|Meowscarada, L50, F|\n|teampreview|4\n|\n|t:|1776374165\n|teamsize|p1|4\n|teamsize|p2|4\n|start\n|switch|p1a: Pelipper|Pelipper, L50, M|100/100\n|switch|p1b: Archaludon|Archaludon, L50, F|100/100\n|switch|p2a: Meowscarada|Meowscarada, L50, F|100/100\n|switch|p2b: Tinkaton|Tinkaton, L50, F, shiny|100/100\n|-weather|RainDance|[from] ability: Drizzle|[of] p1a: Pelipper\n|turn|1\n|\n|t:|1776374190\n|switch|p2b: Altaria|Altaria, L50, M|100/100\n|-ability|p2b: Altaria|Cloud Nine\n|move|p2a: Meowscarada|Low Kick|p1b: Archaludon\n|-start|p2a: Meowscarada|typechange|Fighting|[from] ability: Protean\n|-supereffective|p1b: Archaludon|1\n|-crit|p1b: Archaludon\n|-damage|p1b: Archaludon|27/100\n|-ability|p1b: Archaludon|Stamina|boost\n|-boost|p1b: Archaludon|def|1\n|move|p1b: Archaludon|Electro Shot||[still]\n|-prepare|p1b: Archaludon|Electro Shot\n|-boost|p1b: Archaludon|spa|1\n|move|p1a: Pelipper|Tailwind|p1a: Pelipper\n|-sidestart|p1: koolademandude|move: Tailwind\n|\n|-weather|RainDance|[upkeep]\n|upkeep\n|turn|2\n|\n|t:|1776374223\n|switch|p1a: Toxicroak|Toxicroak, L50, M|100/100\n|move|p2a: Meowscarada|Low Kick|p1b: Archaludon\n|-supereffective|p1b: Archaludon|1\n|-damage|p1b: Archaludon|0 fnt\n|faint|p1b: Archaludon\n|move|p2b: Altaria|Moonblast|p1a: Toxicroak\n|-crit|p1a: Toxicroak\n|-damage|p1a: Toxicroak|40/100\n|-enditem|p1a: Toxicroak|Sitrus Berry|[eat]\n|-heal|p1a: Toxicroak|65/100|[from] item: Sitrus Berry\n|\n|-weather|RainDance|[upkeep]\n|upkeep\n|\n|t:|1776374228\n|switch|p1b: Meganium|Meganium, L50, F|100/100\n|turn|3\n|\n|t:|1776374268\n|switch|p2a: Sableye|Sableye, L50, F|100/100\n|detailschange|p1b: Meganium|Meganium-Mega, L50, F\n|-mega|p1b: Meganium|Meganium|Meganiumite\n|move|p2b: Altaria|Protect|p2b: Altaria\n|-singleturn|p2b: Altaria|Protect\n|move|p1a: Toxicroak|Fake Out|p2b: Altaria\n|-activate|p2b: Altaria|move: Protect\n|move|p1b: Meganium|Dazzling Gleam|p2a: Sableye|[spread] p2a\n|-activate|p2b: Altaria|move: Protect\n|-supereffective|p2a: Sableye|1\n|-damage|p2a: Sableye|20/100\n|\n|-weather|RainDance|[upkeep]\n|upkeep\n|turn|4\n|\n|t:|1776374320\n|switch|p2b: Tinkaton|Tinkaton, L50, F, shiny|100/100\n|move|p2a: Sableye|Encore|p1a: Toxicroak\n|-start|p1a: Toxicroak|Encore\n|move|p1a: Toxicroak|Fake Out||[still]\n|-hint|Fake Out only works on your first turn out.\n|-fail|p1a: Toxicroak\n|move|p1b: Meganium|Dazzling Gleam|p2a: Sableye|[spread] p2a,p2b\n|-supereffective|p2a: Sableye|1\n|-resisted|p2b: Tinkaton|1\n|-damage|p2a: Sableye|0 fnt\n|-damage|p2b: Tinkaton|81/100\n|faint|p2a: Sableye\n|\n|-weather|RainDance|[upkeep]\n|-heal|p1a: Toxicroak|77/100|[from] ability: Dry Skin\n|-sideend|p1: koolademandude|move: Tailwind\n|upkeep\n|inactive|Battle timer is ON: inactive players will automatically lose when time's up. (requested by koolademandude)\n|\n|t:|1776374350\n|switch|p2a: Altaria|Altaria, L50, M|100/100\n|-ability|p2a: Altaria|Cloud Nine\n|turn|5\n|inactive|Teior has 30 seconds left.\n|inactive|Teior has 20 seconds left.\n|inactive|Teior has 15 seconds left.\n|inactive|Teior has 10 seconds left.\n|\n|t:|1776374396\n|switch|p1a: Pelipper|Pelipper, L50, M|100/100\n|detailschange|p2a: Altaria|Altaria-Mega, L50, M\n|-mega|p2a: Altaria|Altaria|Altarianite\n|move|p2b: Tinkaton|Fake Out|p1b: Meganium\n|-damage|p1b: Meganium|90/100\n|move|p2a: Altaria|Draco Meteor|p1a: Pelipper\n|-damage|p1a: Pelipper|12/100\n|-unboost|p2a: Altaria|spa|2\n|cant|p1b: Meganium|flinch\n|\n|-weather|none\n|upkeep\n|turn|6\n|\n|t:|1776374426\n|switch|p1a: Toxicroak|Toxicroak, L50, M|77/100\n|move|p2a: Altaria|Protect|p2a: Altaria\n|-singleturn|p2a: Altaria|Protect\n|move|p2b: Tinkaton|Gigaton Hammer|p1b: Meganium\n|-supereffective|p1b: Meganium|1\n|-damage|p1b: Meganium|0 fnt\n|faint|p1b: Meganium\n|\n|upkeep\n|\n|t:|1776374433\n|switch|p1b: Pelipper|Pelipper, L50, M|12/100\n|-weather|RainDance|[from] ability: Drizzle|[of] p1b: Pelipper\n|turn|7\n|-message|koolademandude forfeited.\n|\n|win|Teior\n|raw|koolademandude's rating: 1145 &rarr; <strong>1118</strong><br />(-27 for losing)\n|raw|Teior's rating: 1118 &rarr; <strong>1145</strong><br />(+27 for winning)\n|l|\u2606koolademandude\n|player|p1|\n",
  "uploadtime": 1776374459,
  "views": 39,
  "formatid": "gen9championsvgc2026regma",
  "rating": 1118,
  "private": 0,
  "password": null
}