{
  "id": "gen9championsvgc2026regma-2587377311",
  "format": "[Gen 9 Champions] VGC 2026 Reg M-A",
  "players": [
    "Static_Mer",
    "Shadoweclipsis"
  ],
  "log": "|j|\u2606Static_Mer\n|j|\u2606Shadoweclipsis\n|t:|1776526714\n|gametype|doubles\n|player|p1|Static_Mer|169|1182\n|player|p2|Shadoweclipsis|266|1150\n|gen|9\n|tier|[Gen 9 Champions] VGC 2026 Reg M-A\n|rated|\n|rule|Species Clause: Limit one of each Pok\u00e9mon\n|rule|Item Clause: Limit 1 of each item\n|clearpoke\n|poke|p1|Altaria, L50, F, shiny|\n|poke|p1|Garchomp, L50, M|\n|poke|p1|Sinistcha, L50|\n|poke|p1|Gyarados, L50, F, shiny|\n|poke|p1|Rotom-Heat, L50, shiny|\n|poke|p1|Corviknight, L50, M, shiny|\n|poke|p2|Aggron, L50, M|\n|poke|p2|Sneasler, L50, M|\n|poke|p2|Sinistcha, L50|\n|poke|p2|Delphox, L50, M|\n|poke|p2|Basculegion, L50, M|\n|poke|p2|Aerodactyl, L50, F|\n|teampreview|4\n|inactive|Battle timer is ON: inactive players will automatically lose when time's up. (requested by Static_Mer)\n|inactive|Shadoweclipsis has 60 seconds left.\n|\n|t:|1776526762\n|teamsize|p1|4\n|teamsize|p2|4\n|start\n|switch|p1a: Gyarados|Gyarados, L50, F, shiny|100/100\n|switch|p1b: Rotom|Rotom-Heat, L50, shiny|100/100\n|switch|p2a: Aggron|Aggron, L50, M|100/100\n|switch|p2b: Sneasler|Sneasler, L50, M|100/100\n|-ability|p1a: Gyarados|Intimidate|boost\n|-unboost|p2a: Aggron|atk|1\n|-unboost|p2b: Sneasler|atk|1\n|-enditem|p2b: Sneasler|White Herb\n|-clearnegativeboost|p2b: Sneasler|[silent]\n|turn|1\n|\n|t:|1776526779\n|detailschange|p2a: Aggron|Aggron-Mega, L50, M\n|-mega|p2a: Aggron|Aggron|Aggronite\n|move|p2b: Sneasler|Fake Out|p1b: Rotom\n|-damage|p1b: Rotom|82/100\n|cant|p1b: Rotom|flinch\n|move|p1a: Gyarados|Dragon Dance|p1a: Gyarados\n|-boost|p1a: Gyarados|atk|1\n|-boost|p1a: Gyarados|spe|1\n|move|p2a: Aggron|Iron Defense|p2a: Aggron\n|-boost|p2a: Aggron|def|2\n|\n|upkeep\n|turn|2\n|\n|t:|1776526798\n|move|p2a: Aggron|Protect|p2a: Aggron\n|-singleturn|p2a: Aggron|Protect\n|move|p2b: Sneasler|Close Combat|p1b: Rotom\n|-damage|p1b: Rotom|0 fnt\n|-unboost|p2b: Sneasler|def|1\n|-unboost|p2b: Sneasler|spd|1\n|faint|p1b: Rotom\n|move|p1a: Gyarados|Dragon Dance|p1a: Gyarados\n|-boost|p1a: Gyarados|atk|1\n|-boost|p1a: Gyarados|spe|1\n|\n|upkeep\n|inactive|Static_Mer has 30 seconds left.\n|\n|t:|1776526825\n|switch|p1b: Corviknight|Corviknight, L50, M, shiny|100/100\n|turn|3\n|\n|t:|1776526840\n|move|p2b: Sneasler|Dire Claw|p1a: Gyarados\n|-damage|p1a: Gyarados|52/100\n|move|p1a: Gyarados|Waterfall|p2b: Sneasler\n|-damage|p2b: Sneasler|0 fnt\n|faint|p2b: Sneasler\n|move|p1b: Corviknight|Iron Defense|p1b: Corviknight\n|-boost|p1b: Corviknight|def|2\n|move|p2a: Aggron|Iron Defense|p2a: Aggron\n|-boost|p2a: Aggron|def|2\n|\n|upkeep\n|\n|t:|1776526848\n|switch|p2b: Sinistcha|Sinistcha, L50|100/100\n|turn|4\n|inactive|Shadoweclipsis has 30 seconds left.\n|\n|t:|1776526874\n|move|p1a: Gyarados|Ice Fang|p2b: Sinistcha\n|-supereffective|p2b: Sinistcha|1\n|-damage|p2b: Sinistcha|8/100\n|move|p2b: Sinistcha|Matcha Gotcha|p1b: Corviknight|[spread] p1a,p1b\n|-resisted|p1b: Corviknight|2\n|-damage|p1a: Gyarados|24/100\n|-heal|p2b: Sinistcha|22/100|[from] drain|[of] p1a: Gyarados\n|-damage|p1b: Corviknight|95/100\n|-heal|p2b: Sinistcha|25/100|[from] drain|[of] p1b: Corviknight\n|-status|p1a: Gyarados|brn\n|move|p1b: Corviknight|Iron Defense|p1b: Corviknight\n|-boost|p1b: Corviknight|def|2\n|move|p2a: Aggron|Body Press|p1a: Gyarados\n|-resisted|p1a: Gyarados|1\n|-damage|p1a: Gyarados|0 fnt\n|faint|p1a: Gyarados\n|\n|upkeep\n|\n|t:|1776526891\n|switch|p1a: Altaria|Altaria, L50, F, shiny|100/100\n|-ability|p1a: Altaria|Cloud Nine\n|turn|5\n|inactive|Static_Mer has 30 seconds left.\n|\n|t:|1776526919\n|move|p1a: Altaria|Protect|p1a: Altaria\n|-singleturn|p1a: Altaria|Protect\n|move|p2b: Sinistcha|Rage Powder|p2b: Sinistcha\n|-singleturn|p2b: Sinistcha|move: Rage Powder\n|move|p1b: Corviknight|Tailwind|p1b: Corviknight\n|-sidestart|p1: Static_Mer|move: Tailwind\n|move|p2a: Aggron|Iron Defense|p2a: Aggron\n|-boost|p2a: Aggron|def|2\n|\n|upkeep\n|turn|6\n|\n|t:|1776526938\n|detailschange|p1a: Altaria|Altaria-Mega, L50, F, shiny\n|-mega|p1a: Altaria|Altaria|Altarianite\n|move|p1a: Altaria|Hyper Voice|p2a: Aggron|[spread] p2a,p2b\n|-resisted|p2a: Aggron|1\n|-damage|p2a: Aggron|77/100\n|-damage|p2b: Sinistcha|0 fnt\n|faint|p2b: Sinistcha\n|move|p1b: Corviknight|Iron Defense|p1b: Corviknight\n|-boost|p1b: Corviknight|def|2\n|move|p2a: Aggron|Body Press|p1b: Corviknight\n|-damage|p1b: Corviknight|65/100\n|\n|upkeep\n|\n|t:|1776526948\n|switch|p2b: Basculegion|Basculegion, L50, M|100/100\n|turn|7\n|\n|t:|1776526969\n|move|p1a: Altaria|Hyper Beam|p2b: Basculegion\n|-damage|p2b: Basculegion|0 fnt\n|-mustrecharge|p1a: Altaria\n|faint|p2b: Basculegion\n|move|p1b: Corviknight|Body Press|p2a: Aggron\n|-supereffective|p2a: Aggron|1\n|-damage|p2a: Aggron|62/100\n|move|p2a: Aggron|Body Press|p1b: Corviknight\n|-damage|p1b: Corviknight|32/100\n|\n|upkeep\n|turn|8\n|\n|t:|1776526980\n|move|p1b: Corviknight|Protect|p1b: Corviknight\n|-singleturn|p1b: Corviknight|Protect\n|cant|p1a: Altaria|recharge\n|move|p2a: Aggron|Body Press|p1b: Corviknight\n|-activate|p1b: Corviknight|move: Protect\n|\n|-sideend|p1: Static_Mer|move: Tailwind\n|upkeep\n|turn|9\n|\n|t:|1776526989\n|move|p1a: Altaria|Hyper Voice|p2a: Aggron\n|-resisted|p2a: Aggron|1\n|-damage|p2a: Aggron|30/100\n|move|p1b: Corviknight|Body Press|p2a: Aggron\n|-supereffective|p2a: Aggron|1\n|-damage|p2a: Aggron|15/100\n|move|p2a: Aggron|Body Press|p1b: Corviknight\n|-damage|p1b: Corviknight|4/100\n|\n|upkeep\n|turn|10\n|-message|Shadoweclipsis forfeited.\n|\n|win|Static_Mer\n|raw|Static_Mer's rating: 1182 &rarr; <strong>1205</strong><br />(+23 for winning)\n|raw|Shadoweclipsis's rating: 1150 &rarr; <strong>1127</strong><br />(-23 for losing)\n|l|\u2606Static_Mer\n|player|p1|\n",
  "uploadtime": 1776527007,
  "views": 14,
  "formatid": "gen9championsvgc2026regma",
  "rating": 1127,
  "private": 0,
  "password": null
}