{
  "id": "gen9championsvgc2026regma-2585939397",
  "format": "[Gen 9 Champions] VGC 2026 Reg M-A",
  "players": [
    "frgdjytg",
    "hntgrfskyutd"
  ],
  "log": "|j|\u2606frgdjytg\n|j|\u2606hntgrfskyutd\n|t:|1776383305\n|gametype|doubles\n|player|p1|frgdjytg|169|1070\n|player|p2|hntgrfskyutd|hilbert-wonderlauncher|1068\n|gen|9\n|tier|[Gen 9 Champions] VGC 2026 Reg M-A\n|rated|\n|rule|Species Clause: Limit one of each Pok\u00e9mon\n|rule|Item Clause: Limit 1 of each item\n|clearpoke\n|poke|p1|Aerodactyl, L50, F|\n|poke|p1|Maushold, L50|\n|poke|p1|Garchomp, L50, M|\n|poke|p1|Delphox, L50, F|\n|poke|p1|Aegislash, L50, M|\n|poke|p1|Floette-Eternal, L50, F|\n|poke|p2|Talonflame, L50, F|\n|poke|p2|Vanilluxe, L50, M|\n|poke|p2|Aegislash, L50, M|\n|poke|p2|Scovillain, L50, M|\n|poke|p2|Milotic, L50, F|\n|poke|p2|Mamoswine, L50, M|\n|teampreview|4\n|inactive|Battle timer is ON: inactive players will automatically lose when time's up. (requested by hntgrfskyutd)\n|\n|t:|1776383358\n|teamsize|p1|4\n|teamsize|p2|4\n|start\n|switch|p1a: Aerodactyl|Aerodactyl, L50, F|100/100\n|switch|p1b: Delphox|Delphox, L50, F|100/100\n|switch|p2a: Talonflame|Talonflame, L50, F|100/100\n|switch|p2b: Milotic|Milotic, L50, F|100/100\n|-ability|p1a: Aerodactyl|Unnerve\n|turn|1\n|inactive|frgdjytg has 30 seconds left.\n|\n|t:|1776383388\n|detailschange|p1b: Delphox|Delphox-Mega, L50, F\n|-mega|p1b: Delphox|Delphox|Delphoxite\n|move|p1b: Delphox|Protect|p1b: Delphox\n|-singleturn|p1b: Delphox|Protect\n|move|p2a: Talonflame|Tailwind|p2a: Talonflame\n|-sidestart|p2: hntgrfskyutd|move: Tailwind\n|move|p2b: Milotic|Coil|p2b: Milotic\n|-boost|p2b: Milotic|atk|1\n|-boost|p2b: Milotic|def|1\n|-boost|p2b: Milotic|accuracy|1\n|move|p1a: Aerodactyl|Tailwind|p1a: Aerodactyl\n|-sidestart|p1: frgdjytg|move: Tailwind\n|\n|upkeep\n|turn|2\n|\n|t:|1776383412\n|move|p1b: Delphox|Encore|p2b: Milotic\n|-start|p2b: Milotic|Encore\n|move|p1a: Aerodactyl|Rock Slide|p2b: Milotic|[spread] p2a,p2b\n|-supereffective|p2a: Talonflame|2\n|-enditem|p2a: Talonflame|Focus Sash\n|-damage|p2a: Talonflame|1/100\n|-damage|p2b: Milotic|86/100\n|move|p2a: Talonflame|Will-O-Wisp|p1a: Aerodactyl\n|-status|p1a: Aerodactyl|brn\n|cant|p2b: Milotic|flinch\n|\n|-damage|p1a: Aerodactyl|95/100 brn|[from] brn\n|upkeep\n|turn|3\n|\n|t:|1776383430\n|move|p1b: Delphox|Psychic|p2b: Milotic\n|-damage|p2b: Milotic|48/100\n|move|p1a: Aerodactyl|Rock Slide|p2b: Milotic|[spread] p2a\n|-miss|p1a: Aerodactyl|p2b: Milotic\n|-supereffective|p2a: Talonflame|2\n|-damage|p2a: Talonflame|0 fnt\n|faint|p2a: Talonflame\n|move|p2b: Milotic|Coil|p2b: Milotic\n|-boost|p2b: Milotic|atk|1\n|-boost|p2b: Milotic|def|1\n|-boost|p2b: Milotic|accuracy|1\n|\n|-damage|p1a: Aerodactyl|89/100 brn|[from] brn\n|upkeep\n|\n|t:|1776383443\n|switch|p2a: Vanilluxe|Vanilluxe, L50, M|100/100\n|-weather|Snowscape|[from] ability: Snow Warning|[of] p2a: Vanilluxe\n|turn|4\n|inactive|frgdjytg has 30 seconds left.\n|inactive|frgdjytg has 20 seconds left.\n|inactive|frgdjytg has 15 seconds left.\n|\n|t:|1776383484\n|move|p1a: Aerodactyl|Protect|p1a: Aerodactyl\n|-singleturn|p1a: Aerodactyl|Protect\n|move|p1b: Delphox|Psychic|p2b: Milotic\n|-damage|p2b: Milotic|6/100\n|move|p2a: Vanilluxe|Blizzard|p1b: Delphox|[spread] p1b\n|-activate|p1a: Aerodactyl|move: Protect\n|-resisted|p1b: Delphox|1\n|-damage|p1b: Delphox|79/100\n|move|p2b: Milotic|Coil|p2b: Milotic\n|-boost|p2b: Milotic|atk|1\n|-boost|p2b: Milotic|def|1\n|-boost|p2b: Milotic|accuracy|1\n|\n|-weather|Snowscape|[upkeep]\n|-damage|p1a: Aerodactyl|83/100 brn|[from] brn\n|-end|p2b: Milotic|Encore\n|-sideend|p2: hntgrfskyutd|move: Tailwind\n|-sideend|p1: frgdjytg|move: Tailwind\n|upkeep\n|turn|5\n|-message|hntgrfskyutd forfeited.\n|\n|win|frgdjytg\n|raw|frgdjytg's rating: 1070 &rarr; <strong>1099</strong><br />(+29 for winning)\n|raw|hntgrfskyutd's rating: 1068 &rarr; <strong>1048</strong><br />(-20 for losing)\n|l|\u2606hntgrfskyutd\n|player|p2|\n",
  "uploadtime": 1776383543,
  "views": 15,
  "formatid": "gen9championsvgc2026regma",
  "rating": 1048,
  "private": 0,
  "password": null
}