{
  "id": "gen9championsvgc2026regma-2585539001",
  "format": "[Gen 9 Champions] VGC 2026 Reg M-A",
  "players": [
    "LGPESWEEPER",
    "W0Ch3in"
  ],
  "log": "|j|\u2606LGPESWEEPER\n|j|\u2606W0Ch3in\n|t:|1776354201\n|gametype|doubles\n|player|p1|LGPESWEEPER|169|1201\n|player|p2|W0Ch3in|266|1114\n|gen|9\n|tier|[Gen 9 Champions] VGC 2026 Reg M-A\n|rated|\n|rule|Species Clause: Limit one of each Pok\u00e9mon\n|rule|Item Clause: Limit 1 of each item\n|clearpoke\n|poke|p1|Gyarados, L50, F|\n|poke|p1|Garchomp, L50, M|\n|poke|p1|Tinkaton, L50, F|\n|poke|p1|Sneasler, L50, M|\n|poke|p1|Sinistcha, L50|\n|poke|p1|Pelipper, L50, F|\n|poke|p2|Spiritomb, L50, F|\n|poke|p2|Golurk, L50|\n|poke|p2|Incineroar, L50, F|\n|poke|p2|Sneasler, L50, M|\n|poke|p2|Torkoal, L50, F|\n|poke|p2|Venusaur, L50, F|\n|teampreview|4\n|inactive|Battle timer is ON: inactive players will automatically lose when time's up. (requested by W0Ch3in)\n|\n|t:|1776354218\n|teamsize|p1|4\n|teamsize|p2|4\n|start\n|switch|p1a: Garchomp|Garchomp, L50, M|100/100\n|switch|p1b: Gyarados|Gyarados, L50, F|100/100\n|switch|p2a: Spiritomb|Spiritomb, L50, F|100/100\n|switch|p2b: Golurk|Golurk, L50|100/100\n|-ability|p1b: Gyarados|Intimidate|boost\n|-unboost|p2a: Spiritomb|atk|1\n|-unboost|p2b: Golurk|atk|1\n|-ability|p2a: Spiritomb|Pressure\n|turn|1\n|\n|t:|1776354231\n|switch|p2b: Incineroar|Incineroar, L50, F|100/100\n|-ability|p2b: Incineroar|Intimidate|boost\n|-unboost|p1a: Garchomp|atk|1\n|-unboost|p1b: Gyarados|atk|1\n|move|p1a: Garchomp|Earthquake|p2b: Incineroar|[spread] p2a,p2b\n|-immune|p1b: Gyarados\n|-supereffective|p2b: Incineroar|1\n|-damage|p2a: Spiritomb|74/100\n|-damage|p2b: Incineroar|47/100\n|-enditem|p2b: Incineroar|Sitrus Berry|[eat]\n|-heal|p2b: Incineroar|72/100|[from] item: Sitrus Berry\n|move|p1b: Gyarados|Waterfall|p2b: Incineroar\n|-supereffective|p2b: Incineroar|1\n|-damage|p2b: Incineroar|27/100\n|move|p2a: Spiritomb|Trick Room|p2a: Spiritomb\n|-fieldstart|move: Trick Room|[of] p2a: Spiritomb\n|\n|-heal|p2a: Spiritomb|79/100|[from] item: Leftovers\n|upkeep\n|turn|2\n|\n|t:|1776354253\n|move|p1b: Gyarados|Protect|p1b: Gyarados\n|-singleturn|p1b: Gyarados|Protect\n|move|p1a: Garchomp|Protect|p1a: Garchomp\n|-singleturn|p1a: Garchomp|Protect\n|move|p2a: Spiritomb|Will-O-Wisp|p1b: Gyarados\n|-activate|p1b: Gyarados|move: Protect\n|move|p2b: Incineroar|Parting Shot|p1a: Garchomp\n|-activate|p1a: Garchomp|move: Protect\n|\n|-heal|p2a: Spiritomb|85/100|[from] item: Leftovers\n|upkeep\n|turn|3\n|\n|t:|1776354270\n|switch|p1b: Pelipper|Pelipper, L50, F|100/100\n|-weather|RainDance|[from] ability: Drizzle|[of] p1b: Pelipper\n|move|p2a: Spiritomb|Will-O-Wisp|p1b: Pelipper\n|-status|p1b: Pelipper|brn\n|move|p2b: Incineroar|Parting Shot|p1a: Garchomp\n|-unboost|p1a: Garchomp|atk|1\n|-unboost|p1a: Garchomp|spa|1\n|inactive|W0Ch3in has 30 seconds left.\n|\n|t:|1776354301\n|switch|p2b: Golurk|Golurk, L50|100/100|[from] Parting Shot\n|move|p1a: Garchomp|Earthquake|p2a: Spiritomb|[spread] p2a,p2b\n|-immune|p1b: Pelipper\n|-crit|p2a: Spiritomb\n|-damage|p2a: Spiritomb|29/100\n|-damage|p2b: Golurk|76/100\n|\n|-weather|RainDance|[upkeep]\n|-heal|p2a: Spiritomb|35/100|[from] item: Leftovers\n|-damage|p1b: Pelipper|95/100 brn|[from] brn\n|upkeep\n|turn|4\n|\n|t:|1776354319\n|detailschange|p2b: Golurk|Golurk-Mega, L50\n|-mega|p2b: Golurk|Golurk|Golurkite\n|move|p1a: Garchomp|Protect|p1a: Garchomp\n|-singleturn|p1a: Garchomp|Protect\n|move|p2a: Spiritomb|Will-O-Wisp|p1a: Garchomp\n|-activate|p1a: Garchomp|move: Protect\n|move|p2b: Golurk|Poltergeist|p1b: Pelipper\n|-activate|p1b: Pelipper|move: Poltergeist|Focus Sash\n|-damage|p1b: Pelipper|0 fnt\n|faint|p1b: Pelipper\n|\n|-weather|RainDance|[upkeep]\n|-heal|p2a: Spiritomb|41/100|[from] item: Leftovers\n|upkeep\n|\n|t:|1776354332\n|switch|p1b: Gyarados|Gyarados, L50, F|100/100\n|-ability|p1b: Gyarados|Intimidate|boost\n|-unboost|p2a: Spiritomb|atk|1\n|-unboost|p2b: Golurk|atk|1\n|turn|5\n|\n|t:|1776354342\n|switch|p2b: Incineroar|Incineroar, L50, F|27/100\n|-ability|p2b: Incineroar|Intimidate|boost\n|-unboost|p1a: Garchomp|atk|1\n|-unboost|p1b: Gyarados|atk|1\n|switch|p1a: Sneasler|Sneasler, L50, M|100/100\n|move|p1b: Gyarados|Protect|p1b: Gyarados\n|-singleturn|p1b: Gyarados|Protect\n|move|p2a: Spiritomb|Will-O-Wisp|p1a: Sneasler\n|-status|p1a: Sneasler|brn\n|\n|-weather|RainDance|[upkeep]\n|-heal|p2a: Spiritomb|46/100|[from] item: Leftovers\n|-damage|p1a: Sneasler|95/100 brn|[from] brn\n|-fieldend|move: Trick Room\n|upkeep\n|turn|6\n|\n|t:|1776354359\n|switch|p1b: Garchomp|Garchomp, L50, M|100/100\n|move|p1a: Sneasler|Upper Hand|p2b: Incineroar\n|-supereffective|p2b: Incineroar|1\n|-damage|p2b: Incineroar|0 fnt\n|faint|p2b: Incineroar\n|move|p2a: Spiritomb|Trick Room|p2a: Spiritomb\n|-fieldstart|move: Trick Room|[of] p2a: Spiritomb\n|\n|-weather|RainDance|[upkeep]\n|-heal|p2a: Spiritomb|52/100|[from] item: Leftovers\n|-damage|p1a: Sneasler|89/100 brn|[from] brn\n|upkeep\n|\n|t:|1776354364\n|switch|p2b: Golurk|Golurk-Mega, L50|76/100\n|turn|7\n|\n|t:|1776354376\n|switch|p2a: Torkoal|Torkoal, L50, F|100/100\n|-weather|SunnyDay|[from] ability: Drought|[of] p2a: Torkoal\n|move|p2b: Golurk|Poltergeist|p1a: Sneasler\n|-activate|p1a: Sneasler|move: Poltergeist|White Herb\n|-damage|p1a: Sneasler|0 fnt\n|faint|p1a: Sneasler\n|move|p1b: Garchomp|Earthquake|p2b: Golurk|[spread] p2a,p2b\n|-supereffective|p2a: Torkoal|1\n|-damage|p2a: Torkoal|25/100\n|-damage|p2b: Golurk|33/100\n|\n|-weather|SunnyDay|[upkeep]\n|upkeep\n|\n|t:|1776354388\n|switch|p1a: Gyarados|Gyarados, L50, F|100/100\n|-ability|p1a: Gyarados|Intimidate|boost\n|-unboost|p2a: Torkoal|atk|1\n|-unboost|p2b: Golurk|atk|1\n|turn|8\n|\n|t:|1776354399\n|switch|p2b: Spiritomb|Spiritomb, L50, F|52/100\n|-ability|p2b: Spiritomb|Pressure\n|move|p1a: Gyarados|Protect|p1a: Gyarados\n|-singleturn|p1a: Gyarados|Protect\n|move|p2a: Torkoal|Heat Wave|p1b: Garchomp|[spread] p1b\n|-activate|p1a: Gyarados|move: Protect\n|-resisted|p1b: Garchomp|1\n|-damage|p1b: Garchomp|71/100\n|move|p1b: Garchomp|Earthquake|p2a: Torkoal|[spread] p2a,p2b\n|-activate|p1a: Gyarados|move: Protect\n|-supereffective|p2a: Torkoal|1\n|-damage|p2a: Torkoal|0 fnt\n|-damage|p2b: Spiritomb|11/100\n|faint|p2a: Torkoal\n|\n|-weather|SunnyDay|[upkeep]\n|-heal|p2b: Spiritomb|17/100|[from] item: Leftovers\n|upkeep\n|\n|t:|1776354408\n|switch|p2a: Golurk|Golurk-Mega, L50|33/100\n|turn|9\n|\n|t:|1776354421\n|move|p1b: Garchomp|Protect|p1b: Garchomp\n|-singleturn|p1b: Garchomp|Protect\n|move|p2b: Spiritomb|Foul Play|p1b: Garchomp\n|-activate|p1b: Garchomp|move: Protect\n|move|p2a: Golurk|Poltergeist|p1a: Gyarados\n|-activate|p1a: Gyarados|move: Poltergeist|Gyaradosite\n|-damage|p1a: Gyarados|5/100\n|move|p1a: Gyarados|Waterfall|p2a: Golurk\n|-supereffective|p2a: Golurk|1\n|-damage|p2a: Golurk|0 fnt\n|faint|p2a: Golurk\n|\n|-weather|SunnyDay|[upkeep]\n|-heal|p2b: Spiritomb|23/100|[from] item: Leftovers\n|upkeep\n|turn|10\n|\n|t:|1776354445\n|detailschange|p1a: Gyarados|Gyarados-Mega, L50, F\n|-mega|p1a: Gyarados|Gyarados|Gyaradosite\n|-ability|p1a: Gyarados|Mold Breaker\n|move|p2b: Spiritomb|Snarl|p1a: Gyarados|[spread] p1b\n|-miss|p2b: Spiritomb|p1a: Gyarados\n|-damage|p1b: Garchomp|57/100\n|-unboost|p1b: Garchomp|spa|1\n|move|p1a: Gyarados|Crunch|p2b: Spiritomb\n|-damage|p2b: Spiritomb|0 fnt\n|faint|p2b: Spiritomb\n|\n|win|LGPESWEEPER\n|raw|LGPESWEEPER's rating: 1201 &rarr; <strong>1220</strong><br />(+19 for winning)\n|raw|W0Ch3in's rating: 1114 &rarr; <strong>1095</strong><br />(-19 for losing)\n",
  "uploadtime": 1776354458,
  "views": 17,
  "formatid": "gen9championsvgc2026regma",
  "rating": 1095,
  "private": 0,
  "password": null
}