{
  "id": "gen9championsvgc2026regma-2582729259",
  "format": "[Gen 9 Champions] VGC 2026 Reg M-A",
  "players": [
    "sparks2op",
    "floofyshaymin5010"
  ],
  "log": "|j|\u2606sparks2op\n|j|\u203dfloofyshaymin5010\n|t:|1776110076\n|gametype|doubles\n|player|p1|sparks2op|bruno|1000\n|player|p2|floofyshaymin5010|ghetsis-gen5bw|1087\n|gen|9\n|tier|[Gen 9 Champions] VGC 2026 Reg M-A\n|rated|\n|rule|Species Clause: Limit one of each Pok\u00e9mon\n|rule|Item Clause: Limit 1 of each item\n|clearpoke\n|poke|p1|Runerigus, L50, F|\n|poke|p1|Ampharos, L50, M|\n|poke|p1|Kingambit, L50, M|\n|poke|p1|Whimsicott, L50, F|\n|poke|p1|Sinistcha, L50|\n|poke|p1|Alakazam, L50, M|\n|poke|p2|Milotic, L50, F|\n|poke|p2|Tyranitar, L50, F|\n|poke|p2|Incineroar, L50, M|\n|poke|p2|Scizor, L50, F|\n|poke|p2|Sinistcha, L50|\n|poke|p2|Glimmora, L50, F|\n|teampreview|4\nsparks2op rejected open team sheets.\n|inactive|Battle timer is ON: inactive players will automatically lose when time's up. (requested by sparks2op)\n|\n|t:|1776110116\n|teamsize|p1|4\n|teamsize|p2|4\n|start\n|switch|p1a: Runerigus|Runerigus, L50, F|100/100\n|switch|p1b: Ampharos|Ampharos, L50, M|100/100\n|switch|p2a: Tyranitar|Tyranitar, L50, F|100/100\n|switch|p2b: Milotic|Milotic, L50, F|100/100\n|-weather|Sandstorm|[from] ability: Sand Stream|[of] p2a: Tyranitar\n|turn|1\n|\n|t:|1776110130\n|move|p1b: Ampharos|Protect|p1b: Ampharos\n|-singleturn|p1b: Ampharos|Protect\n|move|p2b: Milotic|Scald|p1a: Runerigus\n|-supereffective|p1a: Runerigus|1\n|-damage|p1a: Runerigus|28/100\n|move|p2a: Tyranitar|Rock Slide|p1a: Runerigus|[spread] p1a\n|-activate|p1b: Ampharos|move: Protect\n|-resisted|p1a: Runerigus|1\n|-damage|p1a: Runerigus|17/100\n|move|p1a: Runerigus|Trick Room|p1a: Runerigus\n|-fieldstart|move: Trick Room|[of] p1a: Runerigus\n|\n|-weather|Sandstorm|[upkeep]\n|-damage|p1b: Ampharos|94/100|[from] Sandstorm\n|-damage|p2b: Milotic|95/100|[from] Sandstorm\n|-heal|p2b: Milotic|100/100|[from] item: Leftovers\n|upkeep\n|turn|2\n|inactive|sparks2op has 30 seconds left.\n|\n|t:|1776110157\n|detailschange|p1b: Ampharos|Ampharos-Mega, L50, M\n|-mega|p1b: Ampharos|Ampharos|Ampharosite\n|-ability|p1b: Ampharos|Mold Breaker\n|move|p2a: Tyranitar|Protect|p2a: Tyranitar\n|-singleturn|p2a: Tyranitar|Protect\n|move|p1a: Runerigus|Will-O-Wisp|p2a: Tyranitar\n|-activate|p2a: Tyranitar|move: Protect\n|move|p1b: Ampharos|Discharge|p2a: Tyranitar|[spread] p2b\n|-activate|p2a: Tyranitar|move: Protect\n|-immune|p1a: Runerigus\n|-supereffective|p2b: Milotic|1\n|-damage|p2b: Milotic|44/100\n|-status|p2b: Milotic|par\n|move|p2b: Milotic|Scald|p1a: Runerigus\n|-supereffective|p1a: Runerigus|1\n|-damage|p1a: Runerigus|0 fnt\n|faint|p1a: Runerigus\n|\n|-weather|Sandstorm|[upkeep]\n|-damage|p2b: Milotic|38/100 par|[from] Sandstorm\n|-damage|p1b: Ampharos|88/100|[from] Sandstorm\n|-heal|p2b: Milotic|44/100 par|[from] item: Leftovers\n|upkeep\n|\n|t:|1776110172\n|switch|p1a: Sinistcha|Sinistcha, L50|100/100\n|-heal|p1b: Ampharos|100/100|[from] ability: Hospitality|[of] p1a: Sinistcha\n|turn|3\n|\n|t:|1776110188\n|switch|p2b: Incineroar|Incineroar, L50, M|100/100\n|-ability|p2b: Incineroar|Intimidate|boost\n|-unboost|p1a: Sinistcha|atk|1\n|-unboost|p1b: Ampharos|atk|1\n|move|p1a: Sinistcha|Protect|p1a: Sinistcha\n|-singleturn|p1a: Sinistcha|Protect\n|move|p1b: Ampharos|Discharge|p2a: Tyranitar|[spread] p2a,p2b\n|-activate|p1a: Sinistcha|move: Protect\n|-crit|p2a: Tyranitar\n|-damage|p2a: Tyranitar|57/100\n|-damage|p2b: Incineroar|65/100\n|move|p2a: Tyranitar|Knock Off|p1a: Sinistcha\n|-activate|p1a: Sinistcha|move: Protect\n|\n|-weather|Sandstorm|[upkeep]\n|-damage|p1b: Ampharos|94/100|[from] Sandstorm\n|-damage|p2b: Incineroar|59/100|[from] Sandstorm\n|-damage|p1a: Sinistcha|94/100|[from] Sandstorm\n|upkeep\n|turn|4\n|c|\u2606sparks2op|damn this guy sucks\n|inactive|sparks2op has 30 seconds left.\n|inactive|floofyshaymin5010 has 30 seconds left.\n|inactive|floofyshaymin5010 has 20 seconds left.\n|\n|t:|1776110227\n|move|p2b: Incineroar|Fake Out|p1b: Ampharos\n|-damage|p1b: Ampharos|83/100\n|cant|p1b: Ampharos|flinch\n|move|p2a: Tyranitar|Rock Slide|p1b: Ampharos|[spread] p1a\n|-miss|p2a: Tyranitar|p1b: Ampharos\n|-damage|p1a: Sinistcha|71/100\n|cant|p1a: Sinistcha|flinch\n|\n|-weather|Sandstorm|[upkeep]\n|-damage|p1b: Ampharos|77/100|[from] Sandstorm\n|-damage|p2b: Incineroar|53/100|[from] Sandstorm\n|-damage|p1a: Sinistcha|65/100|[from] Sandstorm\n|upkeep\n|turn|5\n|\n|t:|1776110240\n|move|p2a: Tyranitar|Protect|p2a: Tyranitar\n|-singleturn|p2a: Tyranitar|Protect\n|move|p1b: Ampharos|Discharge|p2b: Incineroar|[spread] p1a,p2b\n|-activate|p2a: Tyranitar|move: Protect\n|-resisted|p1a: Sinistcha|1\n|-damage|p1a: Sinistcha|41/100\n|-damage|p2b: Incineroar|14/100\n|-status|p1a: Sinistcha|par\n|-status|p2b: Incineroar|par\n|move|p2b: Incineroar|Flare Blitz|p1a: Sinistcha\n|-supereffective|p1a: Sinistcha|1\n|-enditem|p1a: Sinistcha|Occa Berry|[eat]\n|-enditem|p1a: Sinistcha|Occa Berry|[weaken]\n|-damage|p1a: Sinistcha|7/100 par\n|-damage|p2b: Incineroar|2/100 par|[from] Recoil\n|move|p1a: Sinistcha|Life Dew|p1a: Sinistcha|[spread] p1a,p1b\n|-heal|p1a: Sinistcha|33/100 par\n|-heal|p1b: Ampharos|100/100\n|\n|-weather|none\n|-fieldend|move: Trick Room\n|upkeep\n|turn|6\n|inactive|sparks2op has 30 seconds left.\n|\n|t:|1776110266\n|move|p1a: Sinistcha|Protect|p1a: Sinistcha\n|-singleturn|p1a: Sinistcha|Protect\n|move|p2a: Tyranitar|Knock Off|p1a: Sinistcha\n|-activate|p1a: Sinistcha|move: Protect\n|move|p1b: Ampharos|Discharge|p2a: Tyranitar|[spread] p2a,p2b\n|-activate|p1a: Sinistcha|move: Protect\n|-crit|p2b: Incineroar\n|-damage|p2a: Tyranitar|14/100\n|-damage|p2b: Incineroar|0 fnt\n|-status|p2a: Tyranitar|par\n|-enditem|p2a: Tyranitar|Sitrus Berry|[eat]\n|-heal|p2a: Tyranitar|39/100 par|[from] item: Sitrus Berry\n|faint|p2b: Incineroar\n|\n|upkeep\n|\n|t:|1776110272\n|switch|p2b: Milotic|Milotic, L50, F|44/100 par\n|turn|7\n|\n|t:|1776110287\n|switch|p2a: Glimmora|Glimmora, L50, F|100/100\n|move|p1b: Ampharos|Discharge|p2b: Milotic|[spread] p1a,p2a,p2b\n|-resisted|p1a: Sinistcha|1\n|-supereffective|p2b: Milotic|1\n|-damage|p1a: Sinistcha|6/100 par\n|-damage|p2a: Glimmora|44/100\n|-damage|p2b: Milotic|0 fnt\n|faint|p2b: Milotic\n|move|p1a: Sinistcha|Life Dew||[still]|[spread] p1a,p1b\n|-heal|p1a: Sinistcha|31/100 par\n|-fail|p1b: Ampharos|heal\n|\n|upkeep\n|\n|t:|1776110294\n|switch|p2b: Tyranitar|Tyranitar, L50, F|39/100 par\n|-weather|Sandstorm|[from] ability: Sand Stream|[of] p2b: Tyranitar\n|turn|8\n|\n|t:|1776110301\n|detailschange|p2a: Glimmora|Glimmora-Mega, L50, F\n|-mega|p2a: Glimmora|Glimmora|Glimmoranite\n|move|p1a: Sinistcha|Protect|p1a: Sinistcha\n|-singleturn|p1a: Sinistcha|Protect\n|move|p2a: Glimmora|Earth Power|p1b: Ampharos\n|-supereffective|p1b: Ampharos|1\n|-damage|p1b: Ampharos|39/100\n|-unboost|p1b: Ampharos|spd|1\n|move|p1b: Ampharos|Discharge|p2b: Tyranitar|[spread] p2a,p2b\n|-activate|p1a: Sinistcha|move: Protect\n|-damage|p2a: Glimmora|9/100\n|-damage|p2b: Tyranitar|12/100 par\n|move|p2b: Tyranitar|Knock Off|p1a: Sinistcha\n|-activate|p1a: Sinistcha|move: Protect\n|\n|-weather|Sandstorm|[upkeep]\n|-damage|p1b: Ampharos|32/100|[from] Sandstorm\n|-damage|p1a: Sinistcha|25/100 par|[from] Sandstorm\n|upkeep\n|turn|9\n|\n|t:|1776110316\n|cant|p1a: Sinistcha|par\n|move|p2a: Glimmora|Earth Power|p1b: Ampharos\n|-supereffective|p1b: Ampharos|1\n|-damage|p1b: Ampharos|0 fnt\n|faint|p1b: Ampharos\n|move|p2b: Tyranitar|Knock Off|p1a: Sinistcha\n|-supereffective|p1a: Sinistcha|1\n|-damage|p1a: Sinistcha|0 fnt\n|faint|p1a: Sinistcha\n|\n|-weather|Sandstorm|[upkeep]\n|upkeep\n|\n|t:|1776110320\n|switch|p1b: Kingambit|Kingambit, L50, M|100/100\n|turn|10\n|\n|t:|1776110329\n|move|p2a: Glimmora|Spiky Shield|p2a: Glimmora\n|-singleturn|p2a: Glimmora|move: Protect\n|move|p1b: Kingambit|Protect|p1b: Kingambit\n|-singleturn|p1b: Kingambit|Protect\n|move|p2b: Tyranitar|Low Kick|p1b: Kingambit\n|-activate|p1b: Kingambit|move: Protect\n|\n|-weather|Sandstorm|[upkeep]\n|upkeep\n|turn|11\n|\n|t:|1776110335\n|move|p1b: Kingambit|Sucker Punch|p2a: Glimmora\n|-damage|p2a: Glimmora|0 fnt\n|faint|p2a: Glimmora\n|move|p2b: Tyranitar|Low Kick|p1b: Kingambit\n|-supereffective|p1b: Kingambit|2\n|-enditem|p1b: Kingambit|Chople Berry|[eat]\n|-enditem|p1b: Kingambit|Chople Berry|[weaken]\n|-damage|p1b: Kingambit|46/100\n|\n|-weather|Sandstorm|[upkeep]\n|upkeep\n|turn|12\n|\n|t:|1776110342\n|move|p1b: Kingambit|Iron Head|p2b: Tyranitar\n|-supereffective|p2b: Tyranitar|1\n|-damage|p2b: Tyranitar|0 fnt\n|faint|p2b: Tyranitar\n|\n|win|sparks2op\n",
  "uploadtime": 1776110202,
  "views": 20,
  "formatid": "gen9championsvgc2026regma",
  "rating": null,
  "private": 0,
  "password": null
}