{
  "id": "gen9championsvgc2026regma-2584234116",
  "format": "[Gen 9 Champions] VGC 2026 Reg M-A",
  "players": [
    "Mameon",
    "kundal"
  ],
  "log": "|j|\u2606Mameon\n|j|\u2606kundal\n|t:|1776241379\n|gametype|doubles\n|player|p1|Mameon|1|1156\n|player|p2|kundal|170|1149\n|gen|9\n|tier|[Gen 9 Champions] VGC 2026 Reg M-A\n|rated|\n|rule|Species Clause: Limit one of each Pok\u00e9mon\n|rule|Item Clause: Limit 1 of each item\n|clearpoke\n|poke|p1|Charizard, L50, M|\n|poke|p1|Kingambit, L50, M|\n|poke|p1|Incineroar, L50, M|\n|poke|p1|Aerodactyl, L50, M|\n|poke|p1|Floette-Eternal, L50, F|\n|poke|p1|Sneasler, L50, M|\n|poke|p2|Torkoal, L50, F|\n|poke|p2|Houndoom, L50, M|\n|poke|p2|Venusaur, L50, M|\n|poke|p2|Incineroar, L50, F|\n|poke|p2|Farigiraf, L50, M|\n|poke|p2|Golurk, L50|\n|teampreview|4\n|\n|t:|1776241440\n|teamsize|p1|4\n|teamsize|p2|4\n|start\n|switch|p1a: Sneasler|Sneasler, L50, M|100/100\n|switch|p1b: Incineroar|Incineroar, L50, M|100/100\n|switch|p2a: Farigiraf|Farigiraf, L50, M|100/100\n|switch|p2b: Incineroar|Incineroar, L50, F|100/100\n|-ability|p2b: Incineroar|Intimidate|boost\n|-unboost|p1a: Sneasler|atk|1\n|-unboost|p1b: Incineroar|atk|1\n|-ability|p1b: Incineroar|Intimidate|boost\n|-unboost|p2a: Farigiraf|atk|1\n|-unboost|p2b: Incineroar|atk|1\n|-enditem|p1a: Sneasler|White Herb\n|-clearnegativeboost|p1a: Sneasler|[silent]\n|turn|1\n|\n|t:|1776241462\n|move|p2b: Incineroar|Fake Out|p1a: Sneasler\n|-damage|p1a: Sneasler|86/100\n|cant|p1a: Sneasler|flinch\n|move|p1b: Incineroar|Throat Chop|p2a: Farigiraf\n|-supereffective|p2a: Farigiraf|1\n|-damage|p2a: Farigiraf|63/100\n|-start|p2a: Farigiraf|Throat Chop|[silent]\n|move|p2a: Farigiraf|Trick Room|p2a: Farigiraf\n|-fieldstart|move: Trick Room|[of] p2a: Farigiraf\n|\n|upkeep\n|turn|2\n|\n|t:|1776241493\n|switch|p2a: Torkoal|Torkoal, L50, F|100/100\n|-weather|SunnyDay|[from] ability: Drought|[of] p2a: Torkoal\n|move|p1a: Sneasler|Protect|p1a: Sneasler\n|-singleturn|p1a: Sneasler|Protect\n|move|p1b: Incineroar|Throat Chop|p2a: Torkoal\n|-damage|p2a: Torkoal|85/100\n|-start|p2a: Torkoal|Throat Chop|[silent]\n|move|p2b: Incineroar|Flare Blitz|p1a: Sneasler\n|-activate|p1a: Sneasler|move: Protect\n|\n|-weather|SunnyDay|[upkeep]\n|upkeep\n|turn|3\n|\n|t:|1776241531\n|switch|p1a: Charizard|Charizard, L50, M|100/100\n|move|p2a: Torkoal|Eruption|p1a: Charizard|[spread] p1a,p1b\n|-resisted|p1a: Charizard|1\n|-resisted|p1b: Incineroar|1\n|-damage|p1a: Charizard|51/100\n|-damage|p1b: Incineroar|74/100\n|move|p1b: Incineroar|Parting Shot|p2a: Torkoal\n|-unboost|p2a: Torkoal|atk|1\n|-unboost|p2a: Torkoal|spa|1\n|\n|t:|1776241545\n|switch|p1b: Aerodactyl|Aerodactyl, L50, M|100/100|[from] Parting Shot\n|-ability|p1b: Aerodactyl|Unnerve\n|move|p2b: Incineroar|Darkest Lariat|p1a: Charizard\n|-damage|p1a: Charizard|19/100\n|\n|-weather|SunnyDay|[upkeep]\n|-end|p2a: Torkoal|Throat Chop|[silent]\n|upkeep\n|turn|4\n|\n|t:|1776241558\n|switch|p1b: Incineroar|Incineroar, L50, M|74/100\n|-ability|p1b: Incineroar|Intimidate|boost\n|-unboost|p2a: Torkoal|atk|1\n|-unboost|p2b: Incineroar|atk|1\n|move|p1a: Charizard|Protect|p1a: Charizard\n|-singleturn|p1a: Charizard|Protect\n|move|p2a: Torkoal|Eruption|p1a: Charizard|[spread] p1b\n|-activate|p1a: Charizard|move: Protect\n|-resisted|p1b: Incineroar|1\n|-damage|p1b: Incineroar|56/100\n|move|p2b: Incineroar|Flare Blitz|p1b: Incineroar\n|-resisted|p1b: Incineroar|1\n|-damage|p1b: Incineroar|38/100\n|-damage|p2b: Incineroar|94/100|[from] Recoil\n|\n|-weather|SunnyDay|[upkeep]\n|upkeep\n|turn|5\n|l|\u2606kundal\n|player|p2|\n|j|\u2606kundal\n|player|p2|kundal|170|\n|\n|t:|1776241579\n|move|p1a: Charizard|Protect||[still]\n|-fail|p1a: Charizard\n|move|p1b: Incineroar|Fake Out|p2a: Torkoal\n|-damage|p2a: Torkoal|77/100\n|cant|p2a: Torkoal|flinch\n|move|p2b: Incineroar|Darkest Lariat|p1b: Incineroar\n|-resisted|p1b: Incineroar|1\n|-damage|p1b: Incineroar|30/100\n|\n|-weather|SunnyDay|[upkeep]\n|-fieldend|move: Trick Room\n|upkeep\n|turn|6\n|\n|t:|1776241606\n|detailschange|p1a: Charizard|Charizard-Mega-Y, L50, M\n|-mega|p1a: Charizard|Charizard|Charizardite Y\n|move|p2a: Torkoal|Protect|p2a: Torkoal\n|-singleturn|p2a: Torkoal|Protect\n|move|p1a: Charizard|Heat Wave|p2b: Incineroar|[spread] p2b\n|-activate|p2a: Torkoal|move: Protect\n|-resisted|p2b: Incineroar|1\n|-damage|p2b: Incineroar|58/100\n|move|p2b: Incineroar|Parting Shot|p1a: Charizard\n|-unboost|p1a: Charizard|atk|1\n|-unboost|p1a: Charizard|spa|1\n|\n|t:|1776241618\n|switch|p2b: Farigiraf|Farigiraf, L50, M|63/100|[from] Parting Shot\n|move|p1b: Incineroar|Flare Blitz|p2a: Torkoal\n|-activate|p2a: Torkoal|move: Protect\n|\n|-weather|none\n|upkeep\n|turn|7\n|\n|t:|1776241632\n|move|p1a: Charizard|Heat Wave|p2b: Farigiraf|[spread] p2a,p2b\n|-resisted|p2a: Torkoal|1\n|-damage|p2a: Torkoal|58/100\n|-damage|p2b: Farigiraf|38/100\n|move|p1b: Incineroar|Throat Chop|p2b: Farigiraf\n|-supereffective|p2b: Farigiraf|1\n|-damage|p2b: Farigiraf|0 fnt\n|faint|p2b: Farigiraf\n|move|p2a: Torkoal|Eruption|p1a: Charizard|[spread] p1a,p1b\n|-resisted|p1a: Charizard|1\n|-resisted|p1b: Incineroar|1\n|-damage|p1a: Charizard|7/100\n|-damage|p1b: Incineroar|22/100\n|\n|upkeep\n|\n|t:|1776241639\n|switch|p2b: Incineroar|Incineroar, L50, F|58/100\n|-ability|p2b: Incineroar|Intimidate|boost\n|-unboost|p1a: Charizard|atk|1\n|-unboost|p1b: Incineroar|atk|1\n|turn|8\n|\n|t:|1776241650\n|move|p1a: Charizard|Protect|p1a: Charizard\n|-singleturn|p1a: Charizard|Protect\n|move|p2b: Incineroar|Fake Out|p1a: Charizard\n|-activate|p1a: Charizard|move: Protect\n|move|p1b: Incineroar|Throat Chop|p2a: Torkoal\n|-damage|p2a: Torkoal|43/100\n|-start|p2a: Torkoal|Throat Chop|[silent]\n|move|p2a: Torkoal|Yawn|p1b: Incineroar\n|-start|p1b: Incineroar|move: Yawn|[of] p2a: Torkoal\n|\n|upkeep\n|turn|9\n|\n|t:|1776241671\n|move|p2a: Torkoal|Protect|p2a: Torkoal\n|-singleturn|p2a: Torkoal|Protect\n|move|p1a: Charizard|Heat Wave|p2b: Incineroar|[spread] p2b\n|-activate|p2a: Torkoal|move: Protect\n|-resisted|p2b: Incineroar|1\n|-damage|p2b: Incineroar|41/100\n|-enditem|p2b: Incineroar|Sitrus Berry|[eat]\n|-heal|p2b: Incineroar|66/100|[from] item: Sitrus Berry\n|move|p2b: Incineroar|Darkest Lariat|p1a: Charizard\n|-damage|p1a: Charizard|0 fnt\n|faint|p1a: Charizard\n|move|p1b: Incineroar|Parting Shot|p2a: Torkoal\n|-activate|p2a: Torkoal|move: Protect\n|\n|-end|p2a: Torkoal|Throat Chop|[silent]\n|-end|p1b: Incineroar|move: Yawn|[silent]\n|-status|p1b: Incineroar|slp\n|upkeep\n|\n|t:|1776241689\n|switch|p1a: Aerodactyl|Aerodactyl, L50, M|100/100\n|-ability|p1a: Aerodactyl|Unnerve\n|turn|10\n|\n|t:|1776241700\n|move|p1a: Aerodactyl|Rock Slide|p2b: Incineroar|[spread] p2a,p2b\n|-supereffective|p2a: Torkoal|1\n|-supereffective|p2b: Incineroar|1\n|-damage|p2a: Torkoal|5/100\n|-damage|p2b: Incineroar|8/100\n|move|p2b: Incineroar|Flare Blitz|p1a: Aerodactyl\n|-resisted|p1a: Aerodactyl|1\n|-damage|p1a: Aerodactyl|55/100\n|-damage|p2b: Incineroar|0 fnt|[from] Recoil\n|faint|p2b: Incineroar\n|cant|p1b: Incineroar|slp\n|move|p2a: Torkoal|Lava Plume|p1b: Incineroar|[spread] p1a,p1b\n|-resisted|p1a: Aerodactyl|1\n|-resisted|p1b: Incineroar|1\n|-damage|p1a: Aerodactyl|41/100\n|-damage|p1b: Incineroar|15/100 slp\n|\n|upkeep\n|\n|t:|1776241716\n|switch|p2b: Golurk|Golurk, L50|100/100\n|turn|11\n|\n|t:|1776241729\n|detailschange|p2b: Golurk|Golurk-Mega, L50\n|-mega|p2b: Golurk|Golurk|Golurkite\n|move|p2a: Torkoal|Protect|p2a: Torkoal\n|-singleturn|p2a: Torkoal|Protect\n|move|p1a: Aerodactyl|Rock Slide|p2a: Torkoal|[spread] p2b\n|-activate|p2a: Torkoal|move: Protect\n|-resisted|p2b: Golurk|1\n|-damage|p2b: Golurk|89/100\n|cant|p1b: Incineroar|slp\n|cant|p2b: Golurk|flinch\n|\n|upkeep\n|turn|12\n|\n|t:|1776241747\n|move|p1a: Aerodactyl|Rock Slide|p2b: Golurk|[spread] p2b\n|-miss|p1a: Aerodactyl|p2a: Torkoal\n|-resisted|p2b: Golurk|1\n|-damage|p2b: Golurk|78/100\n|-curestatus|p1b: Incineroar|slp|[msg]\n|move|p1b: Incineroar|Throat Chop|p2b: Golurk\n|-supereffective|p2b: Golurk|1\n|-damage|p2b: Golurk|42/100\n|-start|p2b: Golurk|Throat Chop|[silent]\n|move|p2b: Golurk|Rock Slide|p1a: Aerodactyl|[spread] p1a\n|-miss|p2b: Golurk|p1b: Incineroar\n|-supereffective|p1a: Aerodactyl|1\n|-damage|p1a: Aerodactyl|0 fnt\n|faint|p1a: Aerodactyl\n|move|p2a: Torkoal|Eruption|p1b: Incineroar\n|-resisted|p1b: Incineroar|1\n|-damage|p1b: Incineroar|14/100\n|\n|upkeep\n|\n|t:|1776241765\n|switch|p1a: Sneasler|Sneasler, L50, M|86/100\n|turn|13\n|\n|t:|1776241780\n|move|p1a: Sneasler|Dire Claw|p2a: Torkoal\n|-damage|p2a: Torkoal|0 fnt\n|faint|p2a: Torkoal\n|move|p1b: Incineroar|Throat Chop|p2b: Golurk\n|-supereffective|p2b: Golurk|1\n|-damage|p2b: Golurk|5/100\n|move|p2b: Golurk|Poltergeist||[still]\n|-fail|p2b: Golurk\n|\n|-end|p2b: Golurk|Throat Chop|[silent]\n|upkeep\n|turn|14\n|\n|t:|1776241794\n|move|p1a: Sneasler|Dire Claw|p2b: Golurk\n|-resisted|p2b: Golurk|2\n|-damage|p2b: Golurk|0 fnt\n|faint|p2b: Golurk\n|\n|win|Mameon\n|raw|Mameon's rating: 1156 &rarr; <strong>1180</strong><br />(+24 for winning)\n|raw|kundal's rating: 1149 &rarr; <strong>1125</strong><br />(-24 for losing)\n",
  "uploadtime": 1776241800,
  "views": 41,
  "formatid": "gen9championsvgc2026regma",
  "rating": 1125,
  "private": 0,
  "password": null
}