{
  "id": "gen9championsvgc2026regma-2580676710",
  "format": "[Gen 9 Champions] VGC 2026 Reg M-A",
  "players": [
    "the_ag_is_fake",
    "Gilgamon"
  ],
  "log": "|j|\u2606the_ag_is_fake\n|j|\u2606Gilgamon\n|t:|1775923461\n|gametype|doubles\n|player|p1|the_ag_is_fake|rika|1024\n|player|p2|Gilgamon|266|1123\n|gen|9\n|tier|[Gen 9 Champions] VGC 2026 Reg M-A\n|rated|\n|rule|Species Clause: Limit one of each Pok\u00e9mon\n|rule|Item Clause: Limit 1 of each item\n|clearpoke\n|poke|p1|Aerodactyl, L50, F|\n|poke|p1|Floette-Eternal, L50, F|\n|poke|p1|Garchomp, L50, F|\n|poke|p1|Kingambit, L50, M|\n|poke|p1|Sneasler, L50, M|\n|poke|p1|Rotom-Heat, L50|\n|poke|p2|Alakazam, L50, M|\n|poke|p2|Oranguru, L50, M|\n|poke|p2|Tyranitar, L50, M|\n|poke|p2|Garchomp, L50, F|\n|poke|p2|Aggron, L50, M|\n|poke|p2|Feraligatr, L50, M|\n|teampreview|4\n|inactive|Battle timer is ON: inactive players will automatically lose when time's up. (requested by the_ag_is_fake)\n|\n|t:|1775923489\n|teamsize|p1|4\n|teamsize|p2|4\n|start\n|switch|p1a: Aerodactyl|Aerodactyl, L50, F|100/100\n|switch|p1b: Floette|Floette-Eternal, L50, F|100/100\n|switch|p2a: Alakazam|Alakazam, L50, M|100/100\n|switch|p2b: Oranguru|Oranguru, L50, M|100/100\n|-ability|p1a: Aerodactyl|Unnerve\n|turn|1\n|\n|t:|1775923509\n|detailschange|p1b: Floette|Floette-Mega, L50, F\n|-mega|p1b: Floette|Floette|Floettite\n|-ability|p1b: Floette|Fairy Aura\n|move|p2a: Alakazam|Protect|p2a: Alakazam\n|-singleturn|p2a: Alakazam|Protect\n|move|p1a: Aerodactyl|Tailwind|p1a: Aerodactyl\n|-sidestart|p1: the_ag_is_fake|move: Tailwind\n|move|p1b: Floette|Light of Ruin|p2a: Alakazam\n|-activate|p2a: Alakazam|move: Protect\n|move|p2b: Oranguru|Psychic Terrain|p2b: Oranguru\n|-fieldstart|move: Psychic Terrain\n|\n|upkeep\n|turn|2\n|\n|t:|1775923533\n|move|p1a: Aerodactyl|Rock Slide|p2b: Oranguru|[spread] p2a,p2b\n|-damage|p2a: Alakazam|34/100\n|-damage|p2b: Oranguru|79/100\n|move|p1b: Floette|Moonblast|p2a: Alakazam\n|-damage|p2a: Alakazam|0 fnt\n|faint|p2a: Alakazam\n|move|p2b: Oranguru|Instruct|p2: Alakazam|[notarget]\n|-fail|p2b: Oranguru\n|\n|upkeep\n|\n|t:|1775923544\n|switch|p2a: Aggron|Aggron, L50, M|100/100\n|turn|3\n|\n|t:|1775923553\n|detailschange|p2a: Aggron|Aggron-Mega, L50, M\n|-mega|p2a: Aggron|Aggron|Aggronite\n|move|p1b: Floette|Protect|p1b: Floette\n|-singleturn|p1b: Floette|Protect\n|move|p1a: Aerodactyl|Rock Slide|p2b: Oranguru|[spread] p2a,p2b\n|-resisted|p2a: Aggron|1\n|-damage|p2a: Aggron|94/100\n|-damage|p2b: Oranguru|57/100\n|move|p2b: Oranguru|Instruct||[still]\n|-fail|p2b: Oranguru\n|cant|p2a: Aggron|flinch\n|\n|upkeep\n|turn|4\n|\n|t:|1775923572\n|move|p1a: Aerodactyl|Rock Slide|p2a: Aggron|[spread] p2a,p2b\n|-resisted|p2a: Aggron|1\n|-damage|p2a: Aggron|87/100\n|-damage|p2b: Oranguru|33/100\n|move|p1b: Floette|Light of Ruin|p2a: Aggron\n|-resisted|p2a: Aggron|1\n|-damage|p2a: Aggron|31/100\n|-damage|p1b: Floette|73/100|[from] Recoil\n|move|p2b: Oranguru|Expanding Force|p1b: Floette|[spread] p1a,p1b\n|-damage|p1a: Aerodactyl|50/100\n|-damage|p1b: Floette|42/100\n|move|p2a: Aggron|Steel Roller|p1b: Floette\n|-supereffective|p1b: Floette|1\n|-crit|p1b: Floette\n|-damage|p1b: Floette|0 fnt\n|-fieldend|move: Psychic Terrain\n|faint|p1b: Floette\n|\n|-sideend|p1: the_ag_is_fake|move: Tailwind\n|upkeep\n|\n|t:|1775923585\n|switch|p1b: Sneasler|Sneasler, L50, M|100/100\n|turn|5\n|inactive|Gilgamon has 30 seconds left.\n|\n|t:|1775923618\n|move|p1a: Aerodactyl|Dual Wingbeat|p2b: Oranguru\n|-crit|p2b: Oranguru\n|-damage|p2b: Oranguru|6/100\n|-damage|p2b: Oranguru|0 fnt\n|faint|p2b: Oranguru\n|-hitcount|p2: Oranguru|2\n|move|p1b: Sneasler|Close Combat|p2a: Aggron\n|-supereffective|p2a: Aggron|1\n|-damage|p2a: Aggron|0 fnt\n|-unboost|p1b: Sneasler|def|1\n|-unboost|p1b: Sneasler|spd|1\n|faint|p2a: Aggron\n|-enditem|p1b: Sneasler|White Herb\n|-clearnegativeboost|p1b: Sneasler|[silent]\n|\n|upkeep\n|c|\u2606the_ag_is_fake|gg\n|\n|t:|1775923632\n|switch|p2b: Tyranitar|Tyranitar, L50, M|100/100\n|-weather|Sandstorm|[from] ability: Sand Stream|[of] p2b: Tyranitar\n|turn|6\n|\n|t:|1775923648\n|move|p1b: Sneasler|Close Combat|p2b: Tyranitar\n|-supereffective|p2b: Tyranitar|2\n|-damage|p2b: Tyranitar|0 fnt\n|-unboost|p1b: Sneasler|def|1\n|-unboost|p1b: Sneasler|spd|1\n|faint|p2b: Tyranitar\n|\n|win|the_ag_is_fake\n|raw|the_ag_is_fake's rating: 1024 &rarr; <strong>1071</strong><br />(+47 for winning)\n|raw|Gilgamon's rating: 1123 &rarr; <strong>1091</strong><br />(-32 for losing)\n",
  "uploadtime": 1775923648,
  "views": 10,
  "formatid": "gen9championsvgc2026regma",
  "rating": 1071,
  "private": 0,
  "password": null
}