{
  "id": "gen9championsvgc2026regma-2587252605",
  "format": "[Gen 9 Champions] VGC 2026 Reg M-A",
  "players": [
    "PhantomzTK",
    "MareeohYT"
  ],
  "log": "|j|\u2606PhantomzTK\n|j|\u2606MareeohYT\n|html|<table width=\"100%\"><tr><td align=\"left\">PhantomzTK</td><td align=\"right\">MareeohYT</tr><tr><td align=\"left\"><i class=\"fa fa-circle-o\"></i> <i class=\"fa fa-circle-o\"></i> </td><td align=\"right\"><i class=\"fa fa-circle-o\"></i> <i class=\"fa fa-circle\"></i> </tr></table>\n|uhtml|bestof|<h2><strong>Game 2</strong> of <a href=\"/game-bestof3-gen9championsvgc2026regma-2587250172\">a best-of-3</a></h2>\n|t:|1776514688\n|gametype|doubles\n|player|p1|PhantomzTK|caitlin|\n|player|p2|MareeohYT|#smogonxnpa2025draftee|\n|gen|9\n|tier|[Gen 9 Champions] VGC 2026 Reg M-A\n|rated|Tournament battle\n|rule|Species Clause: Limit one of each Pok\u00e9mon\n|rule|Item Clause: Limit 1 of each item\n|raw|<div class=\"infobox\"><details class=\"readmore\" open><summary><strong>2 custom rules:</strong></summary> Force Open Team Sheets, Best of = 3</details></div>\n|clearpoke\n|poke|p1|Froslass, L50, F|\n|poke|p1|Farigiraf, L50, M|\n|poke|p1|Meowscarada, L50, M|\n|poke|p1|Garchomp, L50, M|\n|poke|p1|Whimsicott, L50, M|\n|poke|p1|Typhlosion-Hisui, L50, M|\n|poke|p2|Scizor, L50, M|\n|poke|p2|Incineroar, L50, M|\n|poke|p2|Dragonite, L50, M|\n|poke|p2|Archaludon, L50, M|\n|poke|p2|Pelipper, L50, F|\n|poke|p2|Basculegion, L50, M|\n|teampreview|4\n|showteam|p1|Froslass||Froslassite|CursedBody|Blizzard,Protect,ShadowBall,AuroraVeil|||F|||50|]Farigiraf||MentalHerb|ArmorTail|TrickRoom,Psychic,Protect,HyperVoice|||M|||50|]Meowscarada||WhiteHerb|Protean|Uturn,FlowerTrick,LowKick,Acrobatics|||M|||50|]Garchomp||ChoiceScarf|RoughSkin|Earthquake,DragonClaw,RockSlide,PoisonJab|||M|||50|]Whimsicott||FocusSash|Prankster|Encore,Protect,Tailwind,Moonblast|||M|||50|]Typhlosion-Hisui||Charcoal|Frisk|Eruption,InfernalParade,Overheat,Protect|||M|||50|\n|showteam|p2|Scizor||Scizorite|Technician|BulletPunch,DualWingbeat,Protect,SwordsDance|||M|||50|]Incineroar||SitrusBerry|Intimidate|FlareBlitz,DarkestLariat,FakeOut,PartingShot|||M|||50|]Dragonite||Dragoninite|Multiscale|DragonPulse,Hurricane,WeatherBall,Protect|||M|||50|]Archaludon||ChopleBerry|Stamina|ElectroShot,DragonPulse,AuraSphere,Protect|||M|||50|]Pelipper||MysticWater|Drizzle|WeatherBall,Hurricane,WideGuard,Tailwind|||F|||50|]Basculegion||ChoiceScarf|Adaptability|WaveCrash,LastRespects,FlipTurn,AquaJet|||M|||50|\n|j|+Hobbit\n|j| ido1234567890\n|j| silentstorm_366\n|j|@llefface\n|j| Hy3ll0\n|\n|t:|1776514756\n|teamsize|p1|4\n|teamsize|p2|4\n|start\n|switch|p1a: Froslass|Froslass, L50, F|100/100\n|switch|p1b: Whimsicott|Whimsicott, L50, M|100/100\n|switch|p2a: Pelipper|Pelipper, L50, F|100/100\n|switch|p2b: Incineroar|Incineroar, L50, M|100/100\n|-weather|RainDance|[from] ability: Drizzle|[of] p2a: Pelipper\n|-ability|p2b: Incineroar|Intimidate|boost\n|-unboost|p1a: Froslass|atk|1\n|-unboost|p1b: Whimsicott|atk|1\n|turn|1\n|\n|t:|1776514788\n|detailschange|p1a: Froslass|Froslass-Mega, L50, F\n|-mega|p1a: Froslass|Froslass|Froslassite\n|-weather|Snowscape|[from] ability: Snow Warning|[of] p1a: Froslass\n|move|p1b: Whimsicott|Tailwind|p1b: Whimsicott\n|-sidestart|p1: PhantomzTK|move: Tailwind\n|move|p1a: Froslass|Aurora Veil|p1a: Froslass\n|-sidestart|p1: PhantomzTK|move: Aurora Veil\n|move|p2a: Pelipper|Weather Ball|p1b: Whimsicott\n|-supereffective|p1b: Whimsicott|1\n|-damage|p1b: Whimsicott|40/100\n|move|p2b: Incineroar|Flare Blitz|p1a: Froslass\n|-supereffective|p1a: Froslass|1\n|-damage|p1a: Froslass|42/100\n|-damage|p2b: Incineroar|84/100|[from] Recoil\n|\n|-weather|Snowscape|[upkeep]\n|upkeep\n|turn|2\n|\n|t:|1776514821\n|switch|p2a: Scizor|Scizor, L50, M|100/100\n|move|p1a: Froslass|Protect|p1a: Froslass\n|-singleturn|p1a: Froslass|Protect\n|move|p1b: Whimsicott|Moonblast|p2b: Incineroar\n|-damage|p2b: Incineroar|52/100\n|move|p2b: Incineroar|Flare Blitz|p1a: Froslass\n|-activate|p1a: Froslass|move: Protect\n|\n|-weather|Snowscape|[upkeep]\n|upkeep\n|turn|3\n|\n|t:|1776514847\n|switch|p1a: Typhlosion|Typhlosion-Hisui, L50, M|100/100\n|-item|p2a: Scizor|Scizorite|[from] ability: Frisk|[of] p1a: Typhlosion\n|-item|p2b: Incineroar|Sitrus Berry|[from] ability: Frisk|[of] p1a: Typhlosion\n|detailschange|p2a: Scizor|Scizor-Mega, L50, M\n|-mega|p2a: Scizor|Scizor|Scizorite\n|move|p2a: Scizor|Bullet Punch|p1a: Typhlosion\n|-resisted|p1a: Typhlosion|1\n|-damage|p1a: Typhlosion|82/100\n|move|p1b: Whimsicott|Moonblast|p2b: Incineroar\n|-damage|p2b: Incineroar|18/100\n|-enditem|p2b: Incineroar|Sitrus Berry|[eat]\n|-heal|p2b: Incineroar|43/100|[from] item: Sitrus Berry\n|move|p2b: Incineroar|Flare Blitz|p1b: Whimsicott\n|-supereffective|p1b: Whimsicott|1\n|-damage|p1b: Whimsicott|0 fnt\n|faint|p1b: Whimsicott\n|-damage|p2b: Incineroar|34/100|[from] Recoil\n|\n|-weather|Snowscape|[upkeep]\n|upkeep\n|\n|t:|1776514858\n|switch|p1b: Meowscarada|Meowscarada, L50, M|100/100\n|turn|4\n|\n|t:|1776514885\n|move|p2a: Scizor|Protect|p2a: Scizor\n|-singleturn|p2a: Scizor|Protect\n|move|p1b: Meowscarada|Flower Trick|p2b: Incineroar\n|-start|p1b: Meowscarada|typechange|Grass|[from] ability: Protean\n|-resisted|p2b: Incineroar|1\n|-crit|p2b: Incineroar\n|-damage|p2b: Incineroar|17/100\n|move|p1a: Typhlosion|Eruption|p2a: Scizor|[spread] p2b\n|-activate|p2a: Scizor|move: Protect\n|-resisted|p2b: Incineroar|1\n|-damage|p2b: Incineroar|0 fnt\n|faint|p2b: Incineroar\n|\n|-weather|Snowscape|[upkeep]\n|-sideend|p1: PhantomzTK|move: Tailwind\n|upkeep\n|\n|t:|1776514899\n|switch|p2b: Pelipper|Pelipper, L50, F|100/100\n|-weather|RainDance|[from] ability: Drizzle|[of] p2b: Pelipper\n|turn|5\n|\n|t:|1776514910\n|move|p1b: Meowscarada|Flower Trick|p2b: Pelipper\n|-crit|p2b: Pelipper\n|-damage|p2b: Pelipper|51/100\n|move|p1a: Typhlosion|Eruption|p2b: Pelipper|[spread] p2a,p2b\n|-supereffective|p2a: Scizor|2\n|-resisted|p2b: Pelipper|1\n|-damage|p2a: Scizor|0 fnt\n|-damage|p2b: Pelipper|35/100\n|faint|p2a: Scizor\n|move|p2b: Pelipper|Tailwind|p2b: Pelipper\n|-sidestart|p2: MareeohYT|move: Tailwind\n|\n|-weather|RainDance|[upkeep]\n|-sideend|p1: PhantomzTK|move: Aurora Veil\n|upkeep\n|\n|t:|1776514918\n|switch|p2a: Archaludon|Archaludon, L50, M|100/100\n|turn|6\n|\n|t:|1776514931\n|move|p1a: Typhlosion|Protect|p1a: Typhlosion\n|-singleturn|p1a: Typhlosion|Protect\n|move|p2a: Archaludon|Dragon Pulse|p1a: Typhlosion\n|-activate|p1a: Typhlosion|move: Protect\n|move|p2b: Pelipper|Hurricane|p1b: Meowscarada\n|-supereffective|p1b: Meowscarada|1\n|-damage|p1b: Meowscarada|0 fnt\n|faint|p1b: Meowscarada\n|\n|-weather|RainDance|[upkeep]\n|upkeep\n|\n|t:|1776514937\n|switch|p1b: Froslass|Froslass-Mega, L50, F|42/100\n|-weather|Snowscape|[from] ability: Snow Warning|[of] p1b: Froslass\n|turn|7\n|l|+Hobbit\n|\n|t:|1776514977\n|move|p1b: Froslass|Protect|p1b: Froslass\n|-singleturn|p1b: Froslass|Protect\n|move|p2b: Pelipper|Wide Guard|p2b: Pelipper\n|-singleturn|p2b: Pelipper|Wide Guard\n|move|p2a: Archaludon|Dragon Pulse|p1b: Froslass\n|-activate|p1b: Froslass|move: Protect\n|move|p1a: Typhlosion|Overheat|p2a: Archaludon\n|-damage|p2a: Archaludon|13/100\n|-unboost|p1a: Typhlosion|spa|2\n|-ability|p2a: Archaludon|Stamina|boost\n|-boost|p2a: Archaludon|def|1\n|\n|-weather|Snowscape|[upkeep]\n|upkeep\n|turn|8\n|j| mysticmarshtomp\n|\n|t:|1776515007\n|move|p1a: Typhlosion|Protect|p1a: Typhlosion\n|-singleturn|p1a: Typhlosion|Protect\n|move|p2a: Archaludon|Dragon Pulse|p1b: Froslass\n|-damage|p1b: Froslass|1/100\n|move|p2b: Pelipper|Weather Ball|p1b: Froslass\n|-resisted|p1b: Froslass|1\n|-damage|p1b: Froslass|0 fnt\n|faint|p1b: Froslass\n|\n|-weather|Snowscape|[upkeep]\n|-sideend|p2: MareeohYT|move: Tailwind\n|upkeep\n|turn|9\n|j| X2Muz\n|\n|t:|1776515028\n|move|p2b: Pelipper|Wide Guard|p2b: Pelipper\n|-singleturn|p2b: Pelipper|Wide Guard\n|move|p1a: Typhlosion|Infernal Parade|p2a: Archaludon\n|-damage|p2a: Archaludon|0 fnt\n|faint|p2a: Archaludon\n|\n|-weather|Snowscape|[upkeep]\n|upkeep\n|turn|10\n|\n|t:|1776515042\n|move|p1a: Typhlosion|Infernal Parade|p2b: Pelipper\n|-damage|p2b: Pelipper|11/100\n|move|p2b: Pelipper|Hurricane|p1a: Typhlosion\n|-damage|p1a: Typhlosion|28/100\n|-start|p1a: Typhlosion|confusion\n|\n|-weather|Snowscape|[upkeep]\n|upkeep\n|turn|11\n|\n|t:|1776515048\n|-activate|p1a: Typhlosion|confusion\n|move|p1a: Typhlosion|Infernal Parade|p2b: Pelipper\n|-damage|p2b: Pelipper|0 fnt\n|faint|p2b: Pelipper\n|\n|win|PhantomzTK\n",
  "uploadtime": 1776515051,
  "views": 17,
  "formatid": "gen9championsvgc2026regma",
  "rating": null,
  "private": 0,
  "password": null
}