{
  "id": "gen9championsvgc2026regma-2581589668",
  "format": "[Gen 9 Champions] VGC 2026 Reg M-A",
  "players": [
    "Missed Ledgedash",
    "TgM_01"
  ],
  "log": "|j|\u2606Missed Ledgedash\n|j|\u2606TgM_01\n|t:|1776013304\n|gametype|doubles\n|player|p1|Missed Ledgedash|juan-gen3|1026\n|player|p2|TgM_01|265|1059\n|gen|9\n|tier|[Gen 9 Champions] VGC 2026 Reg M-A\n|rated|\n|rule|Species Clause: Limit one of each Pok\u00e9mon\n|rule|Item Clause: Limit 1 of each item\n|clearpoke\n|poke|p1|Incineroar, L50, M|\n|poke|p1|Gengar, L50, F|\n|poke|p1|Gyarados, L50, M|\n|poke|p1|Tyranitar, L50, M|\n|poke|p1|Sneasler, L50, F|\n|poke|p1|Excadrill, L50, M|\n|poke|p2|Starmie, L50|\n|poke|p2|Sinistcha, L50|\n|poke|p2|Sneasler, L50, M|\n|poke|p2|Kingambit, L50, F|\n|poke|p2|Sylveon, L50, M|\n|poke|p2|Incineroar, L50, M|\n|teampreview|4\n|\n|t:|1776013367\n|teamsize|p1|4\n|teamsize|p2|4\n|start\n|switch|p1a: Gengar|Gengar, L50, F|100/100\n|switch|p1b: Sneasler|Sneasler, L50, F|100/100\n|switch|p2a: Starmie|Starmie, L50|100/100\n|switch|p2b: Sneasler|Sneasler, L50, M|100/100\n|turn|1\n|\n|t:|1776013385\n|detailschange|p1a: Gengar|Gengar-Mega, L50, F\n|-mega|p1a: Gengar|Gengar|Gengarite\n|detailschange|p2a: Starmie|Starmie-Mega, L50\n|-mega|p2a: Starmie|Starmie|Starminite\n|move|p2a: Starmie|Protect|p2a: Starmie\n|-singleturn|p2a: Starmie|Protect\n|move|p1b: Sneasler|Fake Out|p2a: Starmie\n|-activate|p2a: Starmie|move: Protect\n|move|p1a: Gengar|Shadow Ball|p2a: Starmie\n|-activate|p2a: Starmie|move: Protect\n|move|p2b: Sneasler|Coaching|p2a: Starmie\n|-boost|p2a: Starmie|atk|1\n|-boost|p2a: Starmie|def|1\n|\n|upkeep\n|turn|2\n|\n|t:|1776013410\n|move|p1a: Gengar|Shadow Ball|p2a: Starmie\n|-supereffective|p2a: Starmie|1\n|-damage|p2a: Starmie|0 fnt\n|faint|p2a: Starmie\n|move|p2b: Sneasler|Coaching|p2: Starmie|[notarget]\n|-fail|p2b: Sneasler\n|move|p1b: Sneasler|U-turn|p2b: Sneasler\n|-resisted|p2b: Sneasler|2\n|-damage|p2b: Sneasler|90/100\n|\n|t:|1776013424\n|switch|p1b: Excadrill|Excadrill, L50, M|100/100|[from] U-turn\n|\n|upkeep\n|\n|t:|1776013432\n|switch|p2a: Incineroar|Incineroar, L50, M|100/100\n|turn|3\n|\n|t:|1776013456\n|switch|p1b: Sneasler|Sneasler, L50, F|100/100\n|move|p1a: Gengar|Perish Song|p1a: Gengar\n|-start|p1a: Gengar|perish3|[silent]\n|-start|p1b: Sneasler|perish3|[silent]\n|-start|p2a: Incineroar|perish3|[silent]\n|-start|p2b: Sneasler|perish3|[silent]\n|-fieldactivate|move: Perish Song\n|move|p2b: Sneasler|Coaching|p2a: Incineroar\n|-boost|p2a: Incineroar|atk|1\n|-boost|p2a: Incineroar|def|1\n|move|p2a: Incineroar|Darkest Lariat|p1a: Gengar\n|-supereffective|p1a: Gengar|1\n|-damage|p1a: Gengar|0 fnt\n|faint|p1a: Gengar\n|\n|-start|p2b: Sneasler|perish3\n|-start|p1b: Sneasler|perish3\n|-start|p2a: Incineroar|perish3\n|upkeep\n|\n|t:|1776013469\n|switch|p1a: Excadrill|Excadrill, L50, M|100/100\n|turn|4\n|\n|t:|1776013488\n|switch|p1b: Tyranitar|Tyranitar, L50, M|100/100\n|-weather|Sandstorm|[from] ability: Sand Stream|[of] p1b: Tyranitar\n|move|p1a: Excadrill|High Horsepower|p2b: Sneasler\n|-supereffective|p2b: Sneasler|1\n|-damage|p2b: Sneasler|0 fnt\n|faint|p2b: Sneasler\n|move|p2a: Incineroar|Flare Blitz|p1a: Excadrill\n|-supereffective|p1a: Excadrill|1\n|-enditem|p1a: Excadrill|Focus Sash\n|-damage|p1a: Excadrill|1/100\n|-status|p1a: Excadrill|brn\n|-damage|p2a: Incineroar|70/100|[from] Recoil\n|\n|-weather|Sandstorm|[upkeep]\n|-damage|p2a: Incineroar|64/100|[from] Sandstorm\n|-damage|p1a: Excadrill|0 fnt|[from] brn\n|faint|p1a: Excadrill\n|-start|p2a: Incineroar|perish2\n|upkeep\n|\n|t:|1776013511\n|switch|p2b: Sylveon|Sylveon, L50, M, shiny|100/100\n|switch|p1a: Sneasler|Sneasler, L50, F|100/100\n|turn|5\n|\n|t:|1776013528\n|move|p1a: Sneasler|Fake Out|p2b: Sylveon\n|-damage|p2b: Sylveon|87/100\n|move|p2a: Incineroar|Flare Blitz|p1a: Sneasler\n|-damage|p1a: Sneasler|0 fnt\n|faint|p1a: Sneasler\n|-damage|p2a: Incineroar|38/100|[from] Recoil\n|-enditem|p2a: Incineroar|Sitrus Berry|[eat]\n|-heal|p2a: Incineroar|63/100|[from] item: Sitrus Berry\n|cant|p2b: Sylveon|flinch\n|move|p1b: Tyranitar|Knock Off|p2b: Sylveon\n|-resisted|p2b: Sylveon|1\n|-damage|p2b: Sylveon|57/100\n|-enditem|p2b: Sylveon|Fairy Feather|[from] move: Knock Off|[of] p1b: Tyranitar\n|\n|-weather|Sandstorm|[upkeep]\n|-damage|p2b: Sylveon|51/100|[from] Sandstorm\n|-damage|p2a: Incineroar|57/100|[from] Sandstorm\n|-start|p2a: Incineroar|perish1\n|upkeep\n|turn|6\n|\n|t:|1776013551\n|move|p1b: Tyranitar|Protect|p1b: Tyranitar\n|-singleturn|p1b: Tyranitar|Protect\n|move|p2b: Sylveon|Hyper Voice|p1b: Tyranitar\n|-activate|p1b: Tyranitar|move: Protect\n|move|p2a: Incineroar|Flare Blitz|p1b: Tyranitar\n|-activate|p1b: Tyranitar|move: Protect\n|\n|-weather|Sandstorm|[upkeep]\n|-damage|p2a: Incineroar|51/100|[from] Sandstorm\n|-damage|p2b: Sylveon|45/100|[from] Sandstorm\n|-start|p2a: Incineroar|perish0\n|faint|p2a: Incineroar\n|upkeep\n|turn|7\n|\n|t:|1776013563\n|move|p2b: Sylveon|Hyper Voice|p1b: Tyranitar\n|-supereffective|p1b: Tyranitar|1\n|-damage|p1b: Tyranitar|39/100\n|move|p1b: Tyranitar|Rock Slide|p2b: Sylveon|[miss]\n|-miss|p1b: Tyranitar|p2b: Sylveon\n|\n|-weather|Sandstorm|[upkeep]\n|-damage|p2b: Sylveon|38/100|[from] Sandstorm\n|upkeep\n|turn|8\n|\n|t:|1776013591\n|move|p1b: Tyranitar|Rock Slide|p2b: Sylveon\n|-damage|p2b: Sylveon|0 fnt\n|faint|p2b: Sylveon\n|\n|win|Missed Ledgedash\n|raw|Missed Ledgedash's rating: 1026 &rarr; <strong>1066</strong><br />(+40 for winning)\n|raw|TgM_01's rating: 1059 &rarr; <strong>1038</strong><br />(-21 for losing)\n",
  "uploadtime": 1776013591,
  "views": 15,
  "formatid": "gen9championsvgc2026regma",
  "rating": 1038,
  "private": 0,
  "password": null
}