{
  "id": "gen9championsvgc2026regma-2588089949",
  "format": "[Gen 9 Champions] VGC 2026 Reg M-A",
  "players": [
    "dmryrdtp",
    "kuzi24"
  ],
  "log": "|j|\u203ddmryrdtp\n|j|\u2606kuzi24\n|t:|1776603096\n|gametype|doubles\n|player|p1|dmryrdtp|nate|1491\n|player|p2|kuzi24|266|1489\n|gen|9\n|tier|[Gen 9 Champions] VGC 2026 Reg M-A\n|rated|\n|rule|Species Clause: Limit one of each Pok\u00e9mon\n|rule|Item Clause: Limit 1 of each item\n|clearpoke\n|poke|p1|Farigiraf, L50, M|\n|poke|p1|Whimsicott, L50, M|\n|poke|p1|Sneasler, L50, F|\n|poke|p1|Kingambit, L50, F|\n|poke|p1|Charizard, L50, F|\n|poke|p1|Garchomp, L50, F|\n|poke|p2|Charizard, L50, M|\n|poke|p2|Whimsicott, L50, F|\n|poke|p2|Farigiraf, L50, F|\n|poke|p2|Typhlosion-Hisui, L50, F|\n|poke|p2|Sneasler, L50, M|\n|poke|p2|Tauros-Paldea-Aqua, L50, M|\n|teampreview|4\n|inactive|Battle timer is ON: inactive players will automatically lose when time's up. (requested by dmryrdtp)\n|\n|t:|1776603109\n|teamsize|p1|4\n|teamsize|p2|4\n|start\n|switch|p1a: Farigiraf|Farigiraf, L50, M|100/100\n|switch|p1b: Kingambit|Kingambit, L50, F|100/100\n|switch|p2a: Whimsicott|Whimsicott, L50, F|100/100\n|switch|p2b: Sneasler|Sneasler, L50, M|100/100\n|turn|1\n|\n|t:|1776603132\n|switch|p1b: Charizard|Charizard, L50, F|100/100\n|move|p2b: Sneasler|Close Combat|p1b: Charizard\n|-resisted|p1b: Charizard|1\n|-damage|p1b: Charizard|65/100\n|-unboost|p2b: Sneasler|def|1\n|-unboost|p2b: Sneasler|spd|1\n|-enditem|p2b: Sneasler|White Herb\n|-clearnegativeboost|p2b: Sneasler|[silent]\n|move|p2a: Whimsicott|Moonblast|p1a: Farigiraf\n|-damage|p1a: Farigiraf|64/100\n|-unboost|p1a: Farigiraf|spa|1\n|move|p1a: Farigiraf|Trick Room|p1a: Farigiraf\n|-fieldstart|move: Trick Room|[of] p1a: Farigiraf\n|\n|upkeep\n|turn|2\n|\n|t:|1776603155\n|detailschange|p1b: Charizard|Charizard-Mega-Y, L50, F\n|-mega|p1b: Charizard|Charizard|Charizardite Y\n|-weather|SunnyDay|[from] ability: Drought|[of] p1b: Charizard\n|move|p2a: Whimsicott|Encore||[still]\n|cant|p1a: Farigiraf|ability: Armor Tail|Encore|[of] p2a: Whimsicott\n|move|p1a: Farigiraf|Hyper Voice|p2a: Whimsicott|[spread] p2a,p2b\n|-damage|p2a: Whimsicott|65/100\n|-damage|p2b: Sneasler|73/100\n|move|p1b: Charizard|Heat Wave|p2b: Sneasler|[spread] p2b\n|-miss|p1b: Charizard|p2a: Whimsicott\n|-damage|p2b: Sneasler|0 fnt\n|faint|p2b: Sneasler\n|\n|-weather|SunnyDay|[upkeep]\n|upkeep\n|\n|t:|1776603169\n|switch|p2b: Charizard|Charizard, L50, M|100/100\n|turn|3\n|\n|t:|1776603182\n|switch|p1a: Garchomp|Garchomp, L50, F|100/100\n|detailschange|p2b: Charizard|Charizard-Mega-Y, L50, M\n|-mega|p2b: Charizard|Charizard|Charizardite Y\n|move|p1b: Charizard|Heat Wave|p2a: Whimsicott|[spread] p2b\n|-miss|p1b: Charizard|p2a: Whimsicott\n|-resisted|p2b: Charizard|1\n|-damage|p2b: Charizard|62/100\n|move|p2b: Charizard|Heat Wave|p1b: Charizard|[spread] p1a,p1b\n|-resisted|p1a: Garchomp|1\n|-resisted|p1b: Charizard|1\n|-damage|p1a: Garchomp|66/100\n|-damage|p1b: Charizard|36/100\n|move|p2a: Whimsicott|Moonblast|p1a: Garchomp\n|-supereffective|p1a: Garchomp|1\n|-damage|p1a: Garchomp|0 fnt\n|faint|p1a: Garchomp\n|\n|-weather|SunnyDay|[upkeep]\n|upkeep\n|\n|t:|1776603201\n|switch|p1a: Farigiraf|Farigiraf, L50, M|64/100\n|turn|4\n|\n|t:|1776603213\n|move|p2a: Whimsicott|Protect|p2a: Whimsicott\n|-singleturn|p2a: Whimsicott|Protect\n|move|p1a: Farigiraf|Hyper Voice|p2b: Charizard|[spread] p2b\n|-activate|p2a: Whimsicott|move: Protect\n|-damage|p2b: Charizard|31/100\n|move|p1b: Charizard|Heat Wave|p2b: Charizard|[spread] p2b\n|-activate|p2a: Whimsicott|move: Protect\n|-resisted|p2b: Charizard|1\n|-damage|p2b: Charizard|0 fnt\n|faint|p2b: Charizard\n|\n|-weather|SunnyDay|[upkeep]\n|upkeep\n|\n|t:|1776603224\n|switch|p2b: Typhlosion|Typhlosion-Hisui, L50, F|100/100\n|turn|5\n|j| Abandoned12345\n|\n|t:|1776603248\n|move|p1a: Farigiraf|Protect|p1a: Farigiraf\n|-singleturn|p1a: Farigiraf|Protect\n|move|p2a: Whimsicott|Tailwind|p2a: Whimsicott\n|-sidestart|p2: kuzi24|move: Tailwind\n|move|p1b: Charizard|Heat Wave|p2a: Whimsicott|[spread] p2a,p2b\n|-supereffective|p2a: Whimsicott|1\n|-resisted|p2b: Typhlosion|1\n|-damage|p2a: Whimsicott|0 fnt\n|-damage|p2b: Typhlosion|58/100\n|faint|p2a: Whimsicott\n|move|p2b: Typhlosion|Eruption|p1b: Charizard|[spread] p1b\n|-activate|p1a: Farigiraf|move: Protect\n|-resisted|p1b: Charizard|1\n|-damage|p1b: Charizard|19/100\n|\n|-weather|SunnyDay|[upkeep]\n|-fieldend|move: Trick Room\n|upkeep\n|turn|6\n|\n|t:|1776603262\n|move|p1b: Charizard|Protect|p1b: Charizard\n|-singleturn|p1b: Charizard|Protect\n|move|p2b: Typhlosion|Eruption|p1b: Charizard|[spread] p1a\n|-activate|p1b: Charizard|move: Protect\n|-damage|p1a: Farigiraf|22/100\n|-enditem|p1a: Farigiraf|Sitrus Berry|[eat]\n|-heal|p1a: Farigiraf|47/100|[from] item: Sitrus Berry\n|move|p1a: Farigiraf|Trick Room|p1a: Farigiraf\n|-fieldstart|move: Trick Room|[of] p1a: Farigiraf\n|\n|-weather|none\n|upkeep\n|turn|7\n|\n|t:|1776603276\n|move|p1a: Farigiraf|Hyper Voice|p2b: Typhlosion\n|-immune|p2b: Typhlosion\n|move|p1b: Charizard|Heat Wave|p2b: Typhlosion\n|-resisted|p2b: Typhlosion|1\n|-crit|p2b: Typhlosion\n|-damage|p2b: Typhlosion|0 fnt\n|faint|p2b: Typhlosion\n|\n|win|dmryrdtp\n|raw|dmryrdtp's rating: 1491 &rarr; <strong>1511</strong><br />(+20 for winning)\n|raw|kuzi24's rating: 1489 &rarr; <strong>1469</strong><br />(-20 for losing)\n|l|\u2606kuzi24\n|player|p2|\n|l|\u203ddmryrdtp\n|player|p1|\n",
  "uploadtime": 1776603285,
  "views": 12,
  "formatid": "gen9championsvgc2026regma",
  "rating": 1469,
  "private": 0,
  "password": null
}