{
  "id": "gen9championsvgc2026regma-2588216459",
  "format": "[Gen 9 Champions] VGC 2026 Reg M-A",
  "players": [
    "portj",
    "fashoooo"
  ],
  "log": "|j|\u2606portj\n|j|\u2606fashoooo\n|t:|1776615222\n|gametype|doubles\n|player|p1|portj|101|1085\n|player|p2|fashoooo|calaba|1113\n|gen|9\n|tier|[Gen 9 Champions] VGC 2026 Reg M-A\n|rated|\n|rule|Species Clause: Limit one of each Pok\u00e9mon\n|rule|Item Clause: Limit 1 of each item\n|clearpoke\n|poke|p1|Lucario, L50, M|\n|poke|p1|Sneasler, L50, F|\n|poke|p1|Aerodactyl, L50, M|\n|poke|p1|Garchomp, L50, M|\n|poke|p1|Rotom-Wash, L50|\n|poke|p1|Clefable, L50, M|\n|poke|p2|Blastoise, L50, F|\n|poke|p2|Talonflame, L50, M|\n|poke|p2|Sinistcha, L50|\n|poke|p2|Sneasler, L50, M|\n|poke|p2|Incineroar, L50, F|\n|poke|p2|Kingambit, L50, M|\n|teampreview|4\n|\n|t:|1776615253\n|teamsize|p1|4\n|teamsize|p2|4\n|start\n|switch|p1a: Aerodactyl|Aerodactyl, L50, M|100/100\n|switch|p1b: Sneasler|Sneasler, L50, F|100/100\n|switch|p2a: Talonflame|Talonflame, L50, M|100/100\n|switch|p2b: Incineroar|Incineroar, L50, F|100/100\n|-ability|p1a: Aerodactyl|Unnerve\n|-ability|p2b: Incineroar|Intimidate|boost\n|-unboost|p1a: Aerodactyl|atk|1\n|-unboost|p1b: Sneasler|atk|1\n|-enditem|p1b: Sneasler|White Herb\n|-clearnegativeboost|p1b: Sneasler|[silent]\n|turn|1\n|\n|t:|1776615264\n|move|p2a: Talonflame|Protect|p2a: Talonflame\n|-singleturn|p2a: Talonflame|Protect\n|move|p1b: Sneasler|Fake Out|p2a: Talonflame\n|-activate|p2a: Talonflame|move: Protect\n|move|p1a: Aerodactyl|Rock Slide|p2a: Talonflame|[spread] p2b\n|-activate|p2a: Talonflame|move: Protect\n|-supereffective|p2b: Incineroar|1\n|-damage|p2b: Incineroar|74/100\n|cant|p2b: Incineroar|flinch\n|\n|upkeep\n|turn|2\n|\n|t:|1776615292\n|move|p1b: Sneasler|Dire Claw|p2b: Incineroar\n|-damage|p2b: Incineroar|41/100\n|move|p1a: Aerodactyl|Rock Slide|p2a: Talonflame|[spread] p2a,p2b\n|-supereffective|p2a: Talonflame|2\n|-supereffective|p2b: Incineroar|1\n|-damage|p2a: Talonflame|4/100\n|-damage|p2b: Incineroar|14/100\n|move|p2a: Talonflame|Tailwind|p2a: Talonflame\n|-sidestart|p2: fashoooo|move: Tailwind\n|move|p2b: Incineroar|Parting Shot|p1b: Sneasler\n|-unboost|p1b: Sneasler|atk|1\n|-unboost|p1b: Sneasler|spa|1\n|\n|t:|1776615307\n|switch|p2b: Blastoise|Blastoise, L50, F|100/100|[from] Parting Shot\n|\n|upkeep\n|turn|3\n|\n|t:|1776615323\n|move|p2b: Blastoise|Protect|p2b: Blastoise\n|-singleturn|p2b: Blastoise|Protect\n|move|p2a: Talonflame|Acrobatics|p1b: Sneasler\n|-supereffective|p1b: Sneasler|1\n|-damage|p1b: Sneasler|0 fnt\n|faint|p1b: Sneasler\n|move|p1a: Aerodactyl|Tailwind|p1a: Aerodactyl\n|-sidestart|p1: portj|move: Tailwind\n|\n|upkeep\n|\n|t:|1776615330\n|switch|p1b: Rotom|Rotom-Wash, L50|100/100\n|turn|4\n|\n|t:|1776615367\n|switch|p2b: Incineroar|Incineroar, L50, F|14/100\n|-ability|p2b: Incineroar|Intimidate|boost\n|-unboost|p1a: Aerodactyl|atk|1\n|-unboost|p1b: Rotom|atk|1\n|move|p2a: Talonflame|Protect|p2a: Talonflame\n|-singleturn|p2a: Talonflame|Protect\n|move|p1a: Aerodactyl|Rock Slide|p2a: Talonflame|[spread] p2b\n|-activate|p2a: Talonflame|move: Protect\n|-supereffective|p2b: Incineroar|1\n|-damage|p2b: Incineroar|0 fnt\n|faint|p2b: Incineroar\n|move|p1b: Rotom|Volt Switch|p2a: Talonflame\n|-activate|p2a: Talonflame|move: Protect\n|\n|upkeep\n|\n|t:|1776615373\n|switch|p2b: Sneasler|Sneasler, L50, M|100/100\n|turn|5\n|\n|t:|1776615382\n|move|p1a: Aerodactyl|Protect|p1a: Aerodactyl\n|-singleturn|p1a: Aerodactyl|Protect\n|move|p2a: Talonflame|Protect||[still]\n|-fail|p2a: Talonflame\n|move|p1b: Rotom|Protect|p1b: Rotom\n|-singleturn|p1b: Rotom|Protect\n|move|p2b: Sneasler|Rock Tomb|p1a: Aerodactyl\n|-activate|p1a: Aerodactyl|move: Protect\n|\n|-sideend|p2: fashoooo|move: Tailwind\n|upkeep\n|turn|6\n|\n|t:|1776615398\n|switch|p1a: Lucario|Lucario, L50, M|100/100\n|move|p2a: Talonflame|Protect|p2a: Talonflame\n|-singleturn|p2a: Talonflame|Protect\n|move|p1b: Rotom|Volt Switch|p2a: Talonflame\n|-activate|p2a: Talonflame|move: Protect\n|move|p2b: Sneasler|Rock Tomb|p1a: Lucario\n|-resisted|p1a: Lucario|2\n|-damage|p1a: Lucario|92/100\n|-unboost|p1a: Lucario|spe|1\n|\n|-sideend|p1: portj|move: Tailwind\n|upkeep\n|turn|7\n|\n|t:|1776615413\n|move|p1a: Lucario|Protect|p1a: Lucario\n|-singleturn|p1a: Lucario|Protect\n|move|p2a: Talonflame|Tailwind|p2a: Talonflame\n|-sidestart|p2: fashoooo|move: Tailwind\n|move|p2b: Sneasler|Close Combat|p1a: Lucario\n|-activate|p1a: Lucario|move: Protect\n|move|p1b: Rotom|Volt Switch|p2a: Talonflame\n|-supereffective|p2a: Talonflame|1\n|-damage|p2a: Talonflame|0 fnt\n|faint|p2a: Talonflame\n|\n|t:|1776615423\n|switch|p1b: Aerodactyl|Aerodactyl, L50, M|100/100|[from] Volt Switch\n|-ability|p1b: Aerodactyl|Unnerve\n|\n|upkeep\n|\n|t:|1776615425\n|switch|p2a: Blastoise|Blastoise, L50, F|100/100\n|turn|8\n|\n|t:|1776615434\n|switch|p1a: Rotom|Rotom-Wash, L50|100/100\n|detailschange|p2a: Blastoise|Blastoise-Mega, L50, F\n|-mega|p2a: Blastoise|Blastoise|Blastoisinite\n|move|p2b: Sneasler|Rock Tomb|p1b: Aerodactyl\n|-supereffective|p1b: Aerodactyl|1\n|-damage|p1b: Aerodactyl|34/100\n|-unboost|p1b: Aerodactyl|spe|1\n|move|p2a: Blastoise|Water Spout|p1b: Aerodactyl|[spread] p1a,p1b\n|-resisted|p1a: Rotom|1\n|-supereffective|p1b: Aerodactyl|1\n|-damage|p1a: Rotom|69/100\n|-damage|p1b: Aerodactyl|0 fnt\n|faint|p1b: Aerodactyl\n|\n|-heal|p1a: Rotom|75/100|[from] item: Leftovers\n|upkeep\n|\n|t:|1776615445\n|switch|p1b: Lucario|Lucario, L50, M|92/100\n|turn|9\n|\n|t:|1776615455\n|detailschange|p1b: Lucario|Lucario-Mega, L50, M\n|-mega|p1b: Lucario|Lucario|Lucarionite\n|move|p1b: Lucario|Bullet Punch|p2b: Sneasler\n|-damage|p2b: Sneasler|42/100\n|move|p2b: Sneasler|Close Combat|p1b: Lucario\n|-supereffective|p1b: Lucario|1\n|-damage|p1b: Lucario|0 fnt\n|-unboost|p2b: Sneasler|def|1\n|-unboost|p2b: Sneasler|spd|1\n|faint|p1b: Lucario\n|-enditem|p2b: Sneasler|White Herb\n|-clearnegativeboost|p2b: Sneasler|[silent]\n|move|p2a: Blastoise|Dark Pulse|p1a: Rotom\n|-damage|p1a: Rotom|26/100\n|move|p1a: Rotom|Thunderbolt|p2a: Blastoise\n|-supereffective|p2a: Blastoise|1\n|-damage|p2a: Blastoise|13/100\n|\n|-heal|p1a: Rotom|32/100|[from] item: Leftovers\n|upkeep\n|turn|10\n|\n|t:|1776615469\n|move|p2b: Sneasler|Close Combat|p1a: Rotom\n|-damage|p1a: Rotom|0 fnt\n|-unboost|p2b: Sneasler|def|1\n|-unboost|p2b: Sneasler|spd|1\n|faint|p1a: Rotom\n|\n|win|fashoooo\n|raw|portj's rating: 1085 &rarr; <strong>1064</strong><br />(-21 for losing)\n|raw|fashoooo's rating: 1113 &rarr; <strong>1136</strong><br />(+23 for winning)\n",
  "uploadtime": 1776615470,
  "views": 10,
  "formatid": "gen9championsvgc2026regma",
  "rating": 1064,
  "private": 0,
  "password": null
}