{
  "id": "gen9championsvgc2026regma-2583296894",
  "format": "[Gen 9 Champions] VGC 2026 Reg M-A",
  "players": [
    "Isidino",
    "Qwertyyy3"
  ],
  "log": "|j|\u2606Isidino\n|j|\u2606Qwertyyy3\n|t:|1776164341\n|gametype|doubles\n|player|p1|Isidino|169|1150\n|player|p2|Qwertyyy3|265|1088\n|gen|9\n|tier|[Gen 9 Champions] VGC 2026 Reg M-A\n|rated|\n|rule|Species Clause: Limit one of each Pok\u00e9mon\n|rule|Item Clause: Limit 1 of each item\n|clearpoke\n|poke|p1|Pelipper, L50, M|\n|poke|p1|Basculegion-F, L50, F|\n|poke|p1|Starmie, L50|\n|poke|p1|Sneasler, L50, M|\n|poke|p1|Sableye, L50, M|\n|poke|p1|Archaludon, L50, F|\n|poke|p2|Tyranitar, L50, M|\n|poke|p2|Incineroar, L50, F|\n|poke|p2|Excadrill, L50, M|\n|poke|p2|Milotic, L50, F|\n|poke|p2|Sinistcha, L50|\n|poke|p2|Corviknight, L50, F|\n|teampreview|4\n|inactive|Battle timer is ON: inactive players will automatically lose when time's up. (requested by Isidino)\n|inactive|Qwertyyy3 has 60 seconds left.\n|inactive|Qwertyyy3 has 30 seconds left.\n|\n|t:|1776164403\n|teamsize|p1|4\n|teamsize|p2|4\n|start\n|switch|p1a: Sableye|Sableye, L50, M, shiny|100/100\n|switch|p1b: Basculegion|Basculegion-F, L50, F, shiny|100/100\n|switch|p2a: Tyranitar|Tyranitar, L50, M|100/100\n|switch|p2b: Corviknight|Corviknight, L50, F|100/100\n|-weather|Sandstorm|[from] ability: Sand Stream|[of] p2a: Tyranitar\n|turn|1\n|inactive|Qwertyyy3 has 30 seconds left.\n|inactive|Qwertyyy3 has 20 seconds left.\n|\n|t:|1776164441\n|move|p2b: Corviknight|Protect|p2b: Corviknight\n|-singleturn|p2b: Corviknight|Protect\n|move|p2a: Tyranitar|Protect|p2a: Tyranitar\n|-singleturn|p2a: Tyranitar|Protect\n|move|p1a: Sableye|Rain Dance|p1a: Sableye\n|-weather|RainDance\n|move|p1b: Basculegion|Muddy Water|p2a: Tyranitar|[spread] \n|-activate|p2a: Tyranitar|move: Protect\n|-activate|p2b: Corviknight|move: Protect\n|\n|-weather|RainDance|[upkeep]\n|upkeep\n|turn|2\n|\n|t:|1776164461\n|detailschange|p2a: Tyranitar|Tyranitar-Mega, L50, M\n|-mega|p2a: Tyranitar|Tyranitar|Tyranitarite\n|-weather|Sandstorm|[from] ability: Sand Stream|[of] p2a: Tyranitar\n|move|p1a: Sableye|Encore|p2b: Corviknight\n|-start|p2b: Corviknight|Encore\n|move|p2b: Corviknight|Protect|p2b: Corviknight\n|-singleturn|p2b: Corviknight|Protect\n|move|p1b: Basculegion|Muddy Water|p2a: Tyranitar|[spread] p2a\n|-activate|p2b: Corviknight|move: Protect\n|-supereffective|p2a: Tyranitar|1\n|-damage|p2a: Tyranitar|71/100\n|move|p2a: Tyranitar|Knock Off|p1b: Basculegion\n|-supereffective|p1b: Basculegion|1\n|-damage|p1b: Basculegion|0 fnt\n|-enditem|p1b: Basculegion|Scope Lens|[from] move: Knock Off|[of] p2a: Tyranitar\n|faint|p1b: Basculegion\n|\n|-weather|Sandstorm|[upkeep]\n|-damage|p1a: Sableye|94/100|[from] Sandstorm\n|-heal|p1a: Sableye|100/100|[from] item: Leftovers\n|upkeep\n|\n|t:|1776164477\n|switch|p1b: Starmie|Starmie, L50, shiny|100/100\n|turn|3\n|\n|t:|1776164490\n|switch|p2b: Incineroar|Incineroar, L50, F|100/100\n|-ability|p2b: Incineroar|Intimidate|boost\n|-unboost|p1a: Sableye|atk|1\n|-unboost|p1b: Starmie|atk|1\n|detailschange|p1b: Starmie|Starmie-Mega, L50, shiny\n|-mega|p1b: Starmie|Starmie|Starminite\n|move|p1a: Sableye|Rain Dance|p1a: Sableye\n|-weather|RainDance\n|move|p1b: Starmie|Liquidation|p2a: Tyranitar\n|-supereffective|p2a: Tyranitar|1\n|-damage|p2a: Tyranitar|0 fnt\n|faint|p2a: Tyranitar\n|\n|-weather|RainDance|[upkeep]\n|upkeep\n|\n|t:|1776164504\n|switch|p2a: Sinistcha|Sinistcha, L50|100/100\n|turn|4\n|\n|t:|1776164524\n|switch|p1b: Sneasler|Sneasler, L50, M|100/100\n|move|p2b: Incineroar|Fake Out|p1b: Sneasler\n|-damage|p1b: Sneasler|83/100\n|move|p2a: Sinistcha|Matcha Gotcha|p1a: Sableye|[spread] p1a,p1b\n|-resisted|p1b: Sneasler|1\n|-damage|p1a: Sableye|67/100\n|-damage|p1b: Sneasler|66/100\n|-status|p1a: Sableye|brn\n|move|p1a: Sableye|Night Shade|p2a: Sinistcha\n|-damage|p2a: Sinistcha|72/100\n|\n|-weather|RainDance|[upkeep]\n|-heal|p1a: Sableye|73/100 brn|[from] item: Leftovers\n|-damage|p1a: Sableye|67/100 brn|[from] brn\n|upkeep\n|turn|5\n|\n|t:|1776164547\n|move|p1b: Sneasler|Dire Claw|p2a: Sinistcha\n|-damage|p2a: Sinistcha|31/100\n|-status|p2a: Sinistcha|par\n|move|p2b: Incineroar|Darkest Lariat|p1a: Sableye\n|-damage|p1a: Sableye|25/100 brn\n|move|p1a: Sableye|Night Shade|p2b: Incineroar\n|-damage|p2b: Incineroar|76/100\n|move|p2a: Sinistcha|Trick Room|p2a: Sinistcha\n|-fieldstart|move: Trick Room|[of] p2a: Sinistcha\n|\n|-weather|RainDance|[upkeep]\n|-heal|p1a: Sableye|32/100 brn|[from] item: Leftovers\n|-damage|p1a: Sableye|25/100 brn|[from] brn\n|upkeep\n|turn|6\n|\n|t:|1776164570\n|move|p1a: Sableye|Encore|p2a: Sinistcha\n|-start|p2a: Sinistcha|Encore\n|move|p2b: Incineroar|Darkest Lariat|p1b: Sneasler\n|-resisted|p1b: Sneasler|1\n|-damage|p1b: Sneasler|37/100\n|move|p1b: Sneasler|Close Combat|p2b: Incineroar\n|-supereffective|p2b: Incineroar|1\n|-damage|p2b: Incineroar|0 fnt\n|-unboost|p1b: Sneasler|def|1\n|-unboost|p1b: Sneasler|spd|1\n|faint|p2b: Incineroar\n|-enditem|p1b: Sneasler|White Herb\n|-clearnegativeboost|p1b: Sneasler|[silent]\n|move|p2a: Sinistcha|Trick Room|p2a: Sinistcha\n|-fieldend|move: Trick Room\n|\n|-weather|RainDance|[upkeep]\n|-heal|p1a: Sableye|32/100 brn|[from] item: Leftovers\n|-damage|p1a: Sableye|25/100 brn|[from] brn\n|upkeep\n|\n|t:|1776164588\n|switch|p2b: Corviknight|Corviknight, L50, F|100/100\n|turn|7\n|\n|t:|1776164600\n|move|p1a: Sableye|Recover|p1a: Sableye\n|-heal|p1a: Sableye|75/100 brn\n|move|p1b: Sneasler|Dire Claw|p2a: Sinistcha\n|-damage|p2a: Sinistcha|0 fnt\n|faint|p2a: Sinistcha\n|move|p2b: Corviknight|Brave Bird|p1b: Sneasler\n|-supereffective|p1b: Sneasler|1\n|-damage|p1b: Sneasler|0 fnt\n|faint|p1b: Sneasler\n|-damage|p2b: Corviknight|91/100|[from] Recoil\n|\n|-weather|none\n|-heal|p2b: Corviknight|97/100|[from] item: Leftovers\n|-heal|p1a: Sableye|82/100 brn|[from] item: Leftovers\n|-damage|p1a: Sableye|75/100 brn|[from] brn\n|upkeep\n|\n|t:|1776164609\n|switch|p1b: Starmie|Starmie-Mega, L50, shiny|100/100\n|turn|8\n|\n|t:|1776164624\n|move|p1a: Sableye|Rain Dance|p1a: Sableye\n|-weather|RainDance\n|move|p1b: Starmie|Psycho Cut|p2b: Corviknight\n|-resisted|p2b: Corviknight|1\n|-damage|p2b: Corviknight|78/100\n|move|p2b: Corviknight|Brave Bird|p1b: Starmie\n|-damage|p1b: Starmie|57/100\n|-damage|p2b: Corviknight|66/100|[from] Recoil\n|\n|-weather|RainDance|[upkeep]\n|-heal|p2b: Corviknight|72/100|[from] item: Leftovers\n|-heal|p1a: Sableye|82/100 brn|[from] item: Leftovers\n|-damage|p1a: Sableye|75/100 brn|[from] brn\n|upkeep\n|turn|9\n|\n|t:|1776164637\n|move|p1a: Sableye|Encore|p2b: Corviknight\n|-start|p2b: Corviknight|Encore\n|move|p1b: Starmie|Psycho Cut|p2b: Corviknight\n|-resisted|p2b: Corviknight|1\n|-damage|p2b: Corviknight|52/100\n|move|p2b: Corviknight|Brave Bird|p1b: Starmie\n|-damage|p1b: Starmie|17/100\n|-damage|p2b: Corviknight|41/100|[from] Recoil\n|\n|-weather|RainDance|[upkeep]\n|-heal|p2b: Corviknight|47/100|[from] item: Leftovers\n|-heal|p1a: Sableye|82/100 brn|[from] item: Leftovers\n|-damage|p1a: Sableye|75/100 brn|[from] brn\n|upkeep\n|turn|10\n|\n|t:|1776164651\n|move|p1b: Starmie|Aqua Jet|p2b: Corviknight\n|-damage|p2b: Corviknight|13/100\n|move|p1a: Sableye|Recover|p1a: Sableye\n|-heal|p1a: Sableye|100/100 brn\n|move|p2b: Corviknight|Brave Bird|p1b: Starmie\n|-damage|p1b: Starmie|0 fnt\n|faint|p1b: Starmie\n|-damage|p2b: Corviknight|9/100|[from] Recoil\n|\n|-weather|RainDance|[upkeep]\n|-heal|p2b: Corviknight|15/100|[from] item: Leftovers\n|-damage|p1a: Sableye|94/100 brn|[from] brn\n|upkeep\n|turn|11\n|\n|t:|1776164666\n|move|p2b: Corviknight|Brave Bird|p1a: Sableye\n|-damage|p1a: Sableye|46/100 brn\n|-damage|p2b: Corviknight|3/100|[from] Recoil\n|move|p1a: Sableye|Night Shade|p2b: Corviknight\n|-damage|p2b: Corviknight|0 fnt\n|faint|p2b: Corviknight\n|\n|win|Isidino\n|raw|Isidino's rating: 1150 &rarr; <strong>1171</strong><br />(+21 for winning)\n|raw|Qwertyyy3's rating: 1088 &rarr; <strong>1069</strong><br />(-19 for losing)\n|l|\u2606Qwertyyy3\n|player|p2|\n",
  "uploadtime": 1776164670,
  "views": 16,
  "formatid": "gen9championsvgc2026regma",
  "rating": 1069,
  "private": 0,
  "password": null
}