{
  "id": "gen9championsvgc2026regma-2582586457",
  "format": "[Gen 9 Champions] VGC 2026 Reg M-A",
  "players": [
    "PalWorldMoney",
    "dol1"
  ],
  "log": "|j|\u2606PalWorldMoney\n|j|\u2606dol1\n|t:|1776101020\n|gametype|doubles\n|player|p1|PalWorldMoney|265|1037\n|player|p2|dol1|265|1102\n|gen|9\n|tier|[Gen 9 Champions] VGC 2026 Reg M-A\n|rated|\n|rule|Species Clause: Limit one of each Pok\u00e9mon\n|rule|Item Clause: Limit 1 of each item\n|clearpoke\n|poke|p1|Starmie, L50|\n|poke|p1|Dragonite, L50, M|\n|poke|p1|Milotic, L50, F|\n|poke|p1|Talonflame, L50, F|\n|poke|p1|Rotom-Wash, L50|\n|poke|p1|Sneasler, L50, F|\n|poke|p2|Floette-Eternal, L50, F|\n|poke|p2|Delphox, L50, F|\n|poke|p2|Aerodactyl, L50, M|\n|poke|p2|Garchomp, L50, M|\n|poke|p2|Incineroar, L50, M|\n|poke|p2|Scizor, L50, F|\n|teampreview|4\n|\n|t:|1776101058\n|teamsize|p1|4\n|teamsize|p2|4\n|start\n|switch|p1a: Dragonite|Dragonite, L50, M|100/100\n|switch|p1b: Sneasler|Sneasler, L50, F|100/100\n|switch|p2a: toxic lily|Floette-Eternal, L50, F|100/100\n|switch|p2b: dino nugget|Aerodactyl, L50, M|100/100\n|-ability|p2b: dino nugget|Unnerve\n|turn|1\n|\n|t:|1776101098\n|detailschange|p2a: toxic lily|Floette-Mega, L50, F\n|-mega|p2a: toxic lily|Floette|Floettite\n|-ability|p2a: toxic lily|Fairy Aura\n|move|p1b: Sneasler|Fake Out|p2a: toxic lily\n|-damage|p2a: toxic lily|84/100\n|move|p2b: dino nugget|Tailwind|p2b: dino nugget\n|-sidestart|p2: dol1|move: Tailwind\n|cant|p2a: toxic lily|flinch\n|move|p1a: Dragonite|Tailwind|p1a: Dragonite\n|-sidestart|p1: PalWorldMoney|move: Tailwind\n|\n|upkeep\n|turn|2\n|\n|t:|1776101135\n|switch|p2a: torchic victim|Scizor, L50, F|100/100\n|move|p1a: Dragonite|Extreme Speed|p2a: torchic victim\n|-resisted|p2a: torchic victim|1\n|-damage|p2a: torchic victim|86/100\n|move|p1b: Sneasler|Dire Claw|p2a: torchic victim\n|-immune|p2a: torchic victim\n|move|p2b: dino nugget|Dual Wingbeat|p1b: Sneasler\n|-supereffective|p1b: Sneasler|1\n|-damage|p1b: Sneasler|36/100\n|-supereffective|p1b: Sneasler|1\n|-damage|p1b: Sneasler|0 fnt\n|faint|p1b: Sneasler\n|-hitcount|p1: Sneasler|2\n|\n|upkeep\n|\n|t:|1776101150\n|switch|p1b: Starmie|Starmie, L50|100/100\n|turn|3\n|\n|t:|1776101168\n|detailschange|p1b: Starmie|Starmie-Mega, L50\n|-mega|p1b: Starmie|Starmie|Starminite\n|move|p2b: dino nugget|Rock Slide|p1b: Starmie|[spread] p1a,p1b\n|-supereffective|p1a: Dragonite|1\n|-damage|p1a: Dragonite|57/100\n|-damage|p1b: Starmie|77/100\n|move|p1b: Starmie|Skill Swap|p1a: Dragonite\n|-activate|p1b: Starmie|Skill Swap|||[of] p1a: Dragonite\n|move|p1a: Dragonite|Dragon Dance|p1a: Dragonite\n|-boost|p1a: Dragonite|atk|1\n|-boost|p1a: Dragonite|spe|1\n|move|p2a: torchic victim|Bug Bite|p1b: Starmie\n|-supereffective|p1b: Starmie|1\n|-damage|p1b: Starmie|0 fnt\n|faint|p1b: Starmie\n|\n|upkeep\n|\n|t:|1776101181\n|switch|p1b: Milotic|Milotic, L50, F|100/100\n|turn|4\n|\n|t:|1776101196\n|move|p2a: torchic victim|Bullet Punch|p1a: Dragonite\n|-damage|p1a: Dragonite|16/100\n|move|p2b: dino nugget|Rock Slide|p1a: Dragonite|[spread] p1a,p1b\n|-supereffective|p1a: Dragonite|1\n|-damage|p1a: Dragonite|0 fnt\n|-damage|p1b: Milotic|74/100\n|faint|p1a: Dragonite\n|cant|p1b: Milotic|flinch\n|\n|-heal|p1b: Milotic|80/100|[from] item: Leftovers\n|-sideend|p1: PalWorldMoney|move: Tailwind\n|-sideend|p2: dol1|move: Tailwind\n|upkeep\n|turn|5\n|-message|PalWorldMoney forfeited.\n|\n|win|dol1\n|raw|PalWorldMoney's rating: 1037 &rarr; <strong>1024</strong><br />(-13 for losing)\n|raw|dol1's rating: 1102 &rarr; <strong>1122</strong><br />(+20 for winning)\n|l|\u2606PalWorldMoney\n|player|p1|\n",
  "uploadtime": 1776101225,
  "views": 9,
  "formatid": "gen9championsvgc2026regma",
  "rating": 1024,
  "private": 0,
  "password": null
}