{
  "id": "gen9championsvgc2026regma-2586919889",
  "format": "[Gen 9 Champions] VGC 2026 Reg M-A",
  "players": [
    "mrdragon20008",
    "JoshawottVGC"
  ],
  "log": "|j|\u2606mrdragon20008\n|j|\u2606JoshawottVGC\n|t:|1776471861\n|gametype|doubles\n|player|p1|mrdragon20008|101|1067\n|player|p2|JoshawottVGC|170|1050\n|gen|9\n|tier|[Gen 9 Champions] VGC 2026 Reg M-A\n|rated|\n|rule|Species Clause: Limit one of each Pok\u00e9mon\n|rule|Item Clause: Limit 1 of each item\n|clearpoke\n|poke|p1|Rotom-Heat, L50|\n|poke|p1|Garchomp, L50, M|\n|poke|p1|Milotic, L50, F|\n|poke|p1|Skarmory, L50, M|\n|poke|p1|Whimsicott, L50, M|\n|poke|p1|Heliolisk, L50, F|\n|poke|p2|Chesnaught, L50, M|\n|poke|p2|Whimsicott, L50, M|\n|poke|p2|Sneasler, L50, M|\n|poke|p2|Sableye, L50, M|\n|poke|p2|Rotom-Wash, L50|\n|poke|p2|Delphox, L50, M|\n|teampreview|4\n|\n|t:|1776471903\n|teamsize|p1|4\n|teamsize|p2|4\n|start\n|switch|p1a: Rotom|Rotom-Heat, L50|100/100\n|switch|p1b: Whimsicott|Whimsicott, L50, M|100/100\n|switch|p2a: Chesnaught|Chesnaught, L50, M|100/100\n|switch|p2b: Sableye|Sableye, L50, M|100/100\n|turn|1\n|\n|t:|1776471928\n|move|p2b: Sableye|Fake Out|p1a: Rotom\n|-damage|p1a: Rotom|92/100\n|move|p1b: Whimsicott|Moonblast|p2b: Sableye\n|-supereffective|p2b: Sableye|1\n|-enditem|p2b: Sableye|Roseli Berry|[eat]\n|-enditem|p2b: Sableye|Roseli Berry|[weaken]\n|-damage|p2b: Sableye|54/100\n|cant|p1a: Rotom|flinch\n|move|p2a: Chesnaught|Belly Drum|p2a: Chesnaught\n|-damage|p2a: Chesnaught|50/100\n|-setboost|p2a: Chesnaught|atk|6|[from] move: Belly Drum\n|-enditem|p2a: Chesnaught|Sitrus Berry|[eat]\n|-heal|p2a: Chesnaught|75/100|[from] item: Sitrus Berry\n|\n|upkeep\n|turn|2\n|\n|t:|1776471947\n|move|p1b: Whimsicott|Tailwind|p1b: Whimsicott\n|-sidestart|p1: mrdragon20008|move: Tailwind\n|move|p2b: Sableye|Quash|p1a: Rotom\n|-activate|p1a: Rotom|move: Quash\n|move|p2a: Chesnaught|Drain Punch|p1a: Rotom\n|-damage|p1a: Rotom|0 fnt\n|-heal|p2a: Chesnaught|100/100|[from] drain|[of] p1a: Rotom\n|faint|p1a: Rotom\n|\n|upkeep\n|\n|t:|1776471958\n|switch|p1a: Skarmory|Skarmory, L50, M|100/100\n|turn|3\n|\n|t:|1776471971\n|move|p2b: Sableye|Quash|p1a: Skarmory\n|-activate|p1a: Skarmory|move: Quash\n|move|p1b: Whimsicott|Moonblast|p2b: Sableye\n|-supereffective|p2b: Sableye|1\n|-damage|p2b: Sableye|0 fnt\n|faint|p2b: Sableye\n|move|p2a: Chesnaught|Drain Punch|p1a: Skarmory\n|-ability|p1a: Skarmory|Sturdy\n|-damage|p1a: Skarmory|1/100\n|move|p1a: Skarmory|Brave Bird|p2a: Chesnaught\n|-supereffective|p2a: Chesnaught|2\n|-damage|p2a: Chesnaught|0 fnt\n|faint|p2a: Chesnaught\n|-damage|p1a: Skarmory|0 fnt|[from] Recoil\n|faint|p1a: Skarmory\n|\n|upkeep\n|\n|t:|1776471986\n|switch|p1a: Garchomp|Garchomp, L50, M|100/100\n|switch|p2a: Sneasler|Sneasler, L50, M|100/100\n|switch|p2b: Rotom|Rotom-Wash, L50|100/100\n|turn|4\n|\n|t:|1776472030\n|move|p2a: Sneasler|Fake Out|p1a: Garchomp\n|-damage|p1a: Garchomp|86/100\n|-damage|p2a: Sneasler|88/100|[from] ability: Rough Skin|[of] p1a: Garchomp\n|cant|p1a: Garchomp|flinch\n|move|p1b: Whimsicott|Moonblast|p2a: Sneasler\n|-damage|p2a: Sneasler|42/100\n|move|p2b: Rotom|Hydro Pump|p1a: Garchomp|[miss]\n|-miss|p2b: Rotom|p1a: Garchomp\n|\n|upkeep\n|turn|5\n|\n|t:|1776472047\n|move|p2a: Sneasler|Protect|p2a: Sneasler\n|-singleturn|p2a: Sneasler|Protect\n|move|p1b: Whimsicott|Encore|p2a: Sneasler\n|-activate|p2a: Sneasler|move: Protect\n|move|p1a: Garchomp|Dragon Claw|p2a: Sneasler\n|-activate|p2a: Sneasler|move: Protect\n|move|p2b: Rotom|Hydro Pump|p1a: Garchomp|[miss]\n|-miss|p2b: Rotom|p1a: Garchomp\n|\n|-sideend|p1: mrdragon20008|move: Tailwind\n|upkeep\n|turn|6\n|\n|t:|1776472061\n|move|p2a: Sneasler|Protect||[still]\n|-fail|p2a: Sneasler\n|move|p1b: Whimsicott|Tailwind|p1b: Whimsicott\n|-sidestart|p1: mrdragon20008|move: Tailwind\n|move|p1a: Garchomp|Dragon Claw|p2a: Sneasler\n|-damage|p2a: Sneasler|0 fnt\n|faint|p2a: Sneasler\n|move|p2b: Rotom|Hydro Pump|p1a: Garchomp|[miss]\n|-miss|p2b: Rotom|p1a: Garchomp\n|\n|upkeep\n|turn|7\n|-message|JoshawottVGC forfeited.\n|\n|win|mrdragon20008\n|raw|mrdragon20008's rating: 1067 &rarr; <strong>1095</strong><br />(+28 for winning)\n|raw|JoshawottVGC's rating: 1050 &rarr; <strong>1033</strong><br />(-17 for losing)\n|l|\u2606JoshawottVGC\n|player|p2|\n",
  "uploadtime": 1776472108,
  "views": 19,
  "formatid": "gen9championsvgc2026regma",
  "rating": 1033,
  "private": 0,
  "password": null
}