{
  "id": "gen9championsvgc2026regma-2585051064",
  "format": "[Gen 9 Champions] VGC 2026 Reg M-A",
  "players": [
    "ShadesW/Glasses",
    "godfocker"
  ],
  "log": "|j|\u2606ShadesW/Glasses\n|j|\u2606godfocker\n|t:|1776306859\n|gametype|doubles\n|player|p1|ShadesW/Glasses|janine-gen2|1322\n|player|p2|godfocker|1|1314\n|gen|9\n|tier|[Gen 9 Champions] VGC 2026 Reg M-A\n|rated|\n|rule|Species Clause: Limit one of each Pok\u00e9mon\n|rule|Item Clause: Limit 1 of each item\n|clearpoke\n|poke|p1|Excadrill, L50, M|\n|poke|p1|Aerodactyl, L50, F|\n|poke|p1|Rotom-Wash, L50|\n|poke|p1|Sinistcha, L50|\n|poke|p1|Kingambit, L50, F|\n|poke|p1|Meganium, L50, M|\n|poke|p2|Glimmora, L50, M|\n|poke|p2|Tyranitar, L50, F|\n|poke|p2|Rotom-Wash, L50|\n|poke|p2|Incineroar, L50, F|\n|poke|p2|Corviknight, L50, F|\n|poke|p2|Sinistcha, L50|\n|teampreview|4\n|\n|t:|1776306914\n|teamsize|p1|4\n|teamsize|p2|4\n|start\n|switch|p1a: Meganium|Meganium, L50, M|100/100\n|switch|p1b: Excadrill|Excadrill, L50, M|100/100\n|switch|p2a: Glimmora|Glimmora, L50, M|100/100\n|switch|p2b: Rotom|Rotom-Wash, L50|100/100\n|turn|1\n|\n|t:|1776306939\n|detailschange|p2a: Glimmora|Glimmora-Mega, L50, M\n|-mega|p2a: Glimmora|Glimmora|Glimmoranite\n|detailschange|p1a: Meganium|Meganium-Mega, L50, M\n|-mega|p1a: Meganium|Meganium|Meganiumite\n|move|p2a: Glimmora|Protect|p2a: Glimmora\n|-singleturn|p2a: Glimmora|Protect\n|move|p1a: Meganium|Protect|p1a: Meganium\n|-singleturn|p1a: Meganium|Protect\n|move|p2b: Rotom|Hydro Pump|p1b: Excadrill\n|-supereffective|p1b: Excadrill|1\n|-damage|p1b: Excadrill|0 fnt\n|faint|p1b: Excadrill\n|\n|upkeep\n|\n|t:|1776306946\n|switch|p1b: Kingambit|Kingambit, L50, F|100/100\n|turn|2\n|\n|t:|1776306958\n|switch|p2b: Corviknight|Corviknight, L50, F|100/100\n|switch|p1a: Rotom|Rotom-Wash, L50|100/100\n|move|p2a: Glimmora|Sludge Bomb|p1a: Rotom\n|-damage|p1a: Rotom|8/100\n|-enditem|p1a: Rotom|Sitrus Berry|[eat]\n|-heal|p1a: Rotom|33/100|[from] item: Sitrus Berry\n|move|p1b: Kingambit|Throat Chop|p2a: Glimmora\n|-damage|p2a: Glimmora|36/100\n|-start|p2a: Glimmora|Throat Chop|[silent]\n|\n|upkeep\n|turn|3\n|\n|t:|1776306986\n|switch|p2b: Rotom|Rotom-Wash, L50|100/100\n|move|p2a: Glimmora|Protect|p2a: Glimmora\n|-singleturn|p2a: Glimmora|Protect\n|move|p1b: Kingambit|Sucker Punch||[still]\n|-fail|p1b: Kingambit\n|move|p1a: Rotom|Electroweb|p2a: Glimmora|[spread] p2b\n|-activate|p2a: Glimmora|move: Protect\n|-damage|p2b: Rotom|74/100\n|-unboost|p2b: Rotom|spe|1\n|\n|-end|p2a: Glimmora|Throat Chop|[silent]\n|upkeep\n|turn|4\n|\n|t:|1776306998\n|switch|p2a: Sinistcha|Sinistcha, L50|100/100\n|-heal|p2b: Rotom|99/100|[from] ability: Hospitality|[of] p2a: Sinistcha\n|move|p1b: Kingambit|Sucker Punch||[still]\n|-fail|p1b: Kingambit\n|move|p2b: Rotom|Volt Switch|p1a: Rotom\n|-damage|p1a: Rotom|0 fnt\n|faint|p1a: Rotom\n|\n|t:|1776307010\n|switch|p2b: Glimmora|Glimmora-Mega, L50, M|36/100|[from] Volt Switch\n|\n|upkeep\n|\n|t:|1776307012\n|switch|p1a: Meganium|Meganium-Mega, L50, M|100/100\n|turn|5\n|\n|t:|1776307023\n|move|p1a: Meganium|Protect|p1a: Meganium\n|-singleturn|p1a: Meganium|Protect\n|move|p2a: Sinistcha|Rage Powder|p2a: Sinistcha\n|-singleturn|p2a: Sinistcha|move: Rage Powder\n|move|p2b: Glimmora|Earth Power|p1b: Kingambit\n|-supereffective|p1b: Kingambit|1\n|-damage|p1b: Kingambit|36/100\n|move|p1b: Kingambit|Throat Chop|p2a: Sinistcha\n|-supereffective|p2a: Sinistcha|1\n|-damage|p2a: Sinistcha|9/100\n|-start|p2a: Sinistcha|Throat Chop|[silent]\n|-enditem|p2a: Sinistcha|Sitrus Berry|[eat]\n|-heal|p2a: Sinistcha|34/100|[from] item: Sitrus Berry\n|\n|upkeep\n|turn|6\n|\n|t:|1776307042\n|move|p2a: Sinistcha|Rage Powder|p2a: Sinistcha\n|-singleturn|p2a: Sinistcha|move: Rage Powder\n|move|p1b: Kingambit|Sucker Punch||[still]\n|-fail|p1b: Kingambit\n|move|p2b: Glimmora|Sludge Bomb|p1a: Meganium\n|-supereffective|p1a: Meganium|2\n|-damage|p1a: Meganium|0 fnt\n|faint|p1a: Meganium\n|\n|-end|p2a: Sinistcha|Throat Chop|[silent]\n|upkeep\n|turn|7\n|-message|ShadesW/Glasses forfeited.\n|\n|win|godfocker\n|raw|ShadesW&#x2f;Glasses's rating: 1322 &rarr; <strong>1302</strong><br />(-20 for losing)\n|raw|godfocker's rating: 1314 &rarr; <strong>1334</strong><br />(+20 for winning)\n|l|\u2606ShadesW/Glasses\n|player|p1|\n",
  "uploadtime": 1776307063,
  "views": 29,
  "formatid": "gen9championsvgc2026regma",
  "rating": 1302,
  "private": 0,
  "password": null
}