{
  "id": "gen9championsvgc2026regma-2587860127",
  "format": "[Gen 9 Champions] VGC 2026 Reg M-A",
  "players": [
    "zhz2021",
    "lonoVGC"
  ],
  "log": "|j|\u2606zhz2021\n|j|\u2606lonoVGC\n|t:|1776571594\n|gametype|doubles\n|player|p1|zhz2021|marley|1512\n|player|p2|lonoVGC|unknownf|1471\n|gen|9\n|tier|[Gen 9 Champions] VGC 2026 Reg M-A\n|rated|\n|rule|Species Clause: Limit one of each Pok\u00e9mon\n|rule|Item Clause: Limit 1 of each item\n|clearpoke\n|poke|p1|Sableye, L50, F|\n|poke|p1|Archaludon, L50, M|\n|poke|p1|Scovillain, L50, M, shiny|\n|poke|p1|Basculegion-F, L50, F, shiny|\n|poke|p1|Pelipper, L50, F|\n|poke|p1|Mamoswine, L50, F|\n|poke|p2|Gardevoir, L50, F, shiny|\n|poke|p2|Incineroar, L50, F, shiny|\n|poke|p2|Maushold-Four, L50|\n|poke|p2|Sneasler, L50, M|\n|poke|p2|Kingambit, L50, F|\n|poke|p2|Garchomp, L50, M|\n|teampreview|4\n|\n|t:|1776571630\n|teamsize|p1|4\n|teamsize|p2|4\n|start\n|switch|p1a: Pelipper|Pelipper, L50, F|100/100\n|switch|p1b: Scovillain|Scovillain, L50, M, shiny|100/100\n|switch|p2a: Gardevoir|Gardevoir, L50, F, shiny|100/100\n|switch|p2b: Maushold|Maushold-Four, L50|100/100\n|-weather|RainDance|[from] ability: Drizzle|[of] p1a: Pelipper\n|-ability|p2a: Gardevoir|Drizzle|Trace|[from] ability: Trace|[of] p1a: Pelipper\n|turn|1\n|inactive|Battle timer is ON: inactive players will automatically lose when time's up. (requested by lonoVGC)\n|\n|t:|1776571642\n|detailschange|p2a: Gardevoir|Gardevoir-Mega, L50, F, shiny\n|-mega|p2a: Gardevoir|Gardevoir|Gardevoirite\n|detailschange|p1b: Scovillain|Scovillain-Mega, L50, M, shiny\n|-mega|p1b: Scovillain|Scovillain|Scovillainite\n|move|p2b: Maushold|Super Fang|p1a: Pelipper\n|-damage|p1a: Pelipper|50/100\n|-enditem|p1a: Pelipper|Sitrus Berry|[eat]\n|-heal|p1a: Pelipper|75/100|[from] item: Sitrus Berry\n|move|p2a: Gardevoir|Hyper Voice|p1b: Scovillain|[spread] p1a,p1b\n|-resisted|p1b: Scovillain|1\n|-damage|p1a: Pelipper|4/100\n|-damage|p1b: Scovillain|74/100\n|-status|p2a: Gardevoir|brn|[from] ability: Spicy Spray|[of] p1b: Scovillain\n|move|p1a: Pelipper|Tailwind|p1a: Pelipper\n|-sidestart|p1: zhz2021|move: Tailwind\n|move|p1b: Scovillain|Giga Drain|p2b: Maushold\n|-damage|p2b: Maushold|59/100\n|-heal|p1b: Scovillain|96/100|[from] drain|[of] p2b: Maushold\n|\n|-weather|RainDance|[upkeep]\n|-damage|p2a: Gardevoir|95/100 brn|[from] brn\n|upkeep\n|turn|2\n|inactive|lonoVGC has 30 seconds left.\n|inactive|lonoVGC has 20 seconds left.\n|\n|t:|1776571679\n|move|p1a: Pelipper|Weather Ball|p2b: Maushold\n|-damage|p2b: Maushold|0 fnt\n|faint|p2b: Maushold\n|move|p1b: Scovillain|Giga Drain|p2a: Gardevoir\n|-damage|p2a: Gardevoir|66/100 brn\n|-heal|p1b: Scovillain|100/100|[from] drain|[of] p2a: Gardevoir\n|move|p2a: Gardevoir|Trick Room|p2a: Gardevoir\n|-fieldstart|move: Trick Room|[of] p2a: Gardevoir\n|\n|-weather|RainDance|[upkeep]\n|-damage|p2a: Gardevoir|61/100 brn|[from] brn\n|upkeep\n|\n|t:|1776571687\n|switch|p2b: Incineroar|Incineroar, L50, F, shiny|100/100\n|-ability|p2b: Incineroar|Intimidate|boost\n|-unboost|p1a: Pelipper|atk|1\n|-unboost|p1b: Scovillain|atk|1\n|turn|3\n|inactive|lonoVGC has 30 seconds left.\n|\n|t:|1776571720\n|switch|p1a: Mamoswine|Mamoswine, L50, F|100/100\n|move|p2b: Incineroar|Throat Chop|p1a: Mamoswine\n|-damage|p1a: Mamoswine|66/100\n|-start|p1a: Mamoswine|Throat Chop|[silent]\n|move|p2a: Gardevoir|Psychic|p1b: Scovillain\n|-damage|p1b: Scovillain|39/100\n|move|p1b: Scovillain|Giga Drain|p2a: Gardevoir\n|-damage|p2a: Gardevoir|29/100 brn\n|-heal|p1b: Scovillain|55/100|[from] drain|[of] p2a: Gardevoir\n|\n|-weather|RainDance|[upkeep]\n|-damage|p2a: Gardevoir|24/100 brn|[from] brn\n|upkeep\n|turn|4\n|inactive|lonoVGC has 30 seconds left.\n|inactive|lonoVGC has 20 seconds left.\n|inactive|lonoVGC has 15 seconds left.\n|\n|t:|1776571761\n|move|p1b: Scovillain|Protect|p1b: Scovillain\n|-singleturn|p1b: Scovillain|Protect\n|move|p2b: Incineroar|Throat Chop|p1b: Scovillain\n|-activate|p1b: Scovillain|move: Protect\n|move|p2a: Gardevoir|Hyper Voice|p1a: Mamoswine|[spread] p1a\n|-activate|p1b: Scovillain|move: Protect\n|-damage|p1a: Mamoswine|1/100\n|move|p1a: Mamoswine|Earthquake|p2a: Gardevoir|[spread] p2a,p2b\n|-activate|p1b: Scovillain|move: Protect\n|-supereffective|p2b: Incineroar|1\n|-damage|p2a: Gardevoir|0 fnt\n|-damage|p2b: Incineroar|34/100\n|-enditem|p2b: Incineroar|Sitrus Berry|[eat]\n|-heal|p2b: Incineroar|59/100|[from] item: Sitrus Berry\n|faint|p2a: Gardevoir\n|\n|-weather|RainDance|[upkeep]\n|-end|p1a: Mamoswine|Throat Chop|[silent]\n|-sideend|p1: zhz2021|move: Tailwind\n|upkeep\n|\n|t:|1776571772\n|switch|p2a: Sneasler|Sneasler, L50, M|100/100\n|turn|5\n|\n|t:|1776571784\n|move|p2a: Sneasler|Fake Out|p1a: Mamoswine\n|-damage|p1a: Mamoswine|0 fnt\n|faint|p1a: Mamoswine\n|move|p1b: Scovillain|Rage Powder|p1b: Scovillain\n|-singleturn|p1b: Scovillain|move: Rage Powder\n|move|p2b: Incineroar|Throat Chop|p1b: Scovillain\n|-damage|p1b: Scovillain|25/100\n|-start|p1b: Scovillain|Throat Chop|[silent]\n|-immune|p2b: Incineroar\n|\n|-weather|none\n|upkeep\n|\n|t:|1776571791\n|switch|p1a: Pelipper|Pelipper, L50, F|4/100\n|-weather|RainDance|[from] ability: Drizzle|[of] p1a: Pelipper\n|turn|6\n|inactive|lonoVGC has 30 seconds left.\n|\n|t:|1776571818\n|move|p2a: Sneasler|Protect|p2a: Sneasler\n|-singleturn|p2a: Sneasler|Protect\n|move|p1b: Scovillain|Rage Powder|p1b: Scovillain\n|-singleturn|p1b: Scovillain|move: Rage Powder\n|move|p2b: Incineroar|Throat Chop|p1b: Scovillain\n|-damage|p1b: Scovillain|0 fnt\n|-immune|p2b: Incineroar\n|faint|p1b: Scovillain\n|move|p1a: Pelipper|Weather Ball|p2b: Incineroar\n|-supereffective|p2b: Incineroar|1\n|-damage|p2b: Incineroar|0 fnt\n|faint|p2b: Incineroar\n|\n|-weather|RainDance|[upkeep]\n|-fieldend|move: Trick Room\n|upkeep\n|\n|t:|1776571821\n|switch|p1b: Basculegion|Basculegion-F, L50, F, shiny|100/100\n|turn|7\n|\n|t:|1776571834\n|move|p1b: Basculegion|Muddy Water|p2a: Sneasler|[miss]\n|-miss|p1b: Basculegion|p2a: Sneasler\n|move|p2a: Sneasler|Dire Claw|p1a: Pelipper\n|-crit|p1a: Pelipper\n|-damage|p1a: Pelipper|0 fnt\n|faint|p1a: Pelipper\n|\n|-weather|RainDance|[upkeep]\n|upkeep\n|turn|8\n|\n|t:|1776571838\n|move|p2a: Sneasler|Protect|p2a: Sneasler\n|-singleturn|p2a: Sneasler|Protect\n|move|p1b: Basculegion|Muddy Water|p2a: Sneasler\n|-activate|p2a: Sneasler|move: Protect\n|\n|-weather|RainDance|[upkeep]\n|upkeep\n|turn|9\n|\n|t:|1776571843\n|move|p1b: Basculegion|Muddy Water|p2a: Sneasler\n|-damage|p2a: Sneasler|13/100\n|move|p2a: Sneasler|Dire Claw|p1b: Basculegion\n|-resisted|p1b: Basculegion|1\n|-damage|p1b: Basculegion|79/100\n|\n|-weather|RainDance|[upkeep]\n|upkeep\n|turn|10\n|\n|t:|1776571848\n|move|p2a: Sneasler|Protect|p2a: Sneasler\n|-singleturn|p2a: Sneasler|Protect\n|move|p1b: Basculegion|Hex|p2a: Sneasler\n|-activate|p2a: Sneasler|move: Protect\n|\n|-weather|none\n|upkeep\n|turn|11\n|\n|t:|1776571854\n|move|p2a: Sneasler|Dire Claw|p1b: Basculegion\n|-resisted|p1b: Basculegion|1\n|-damage|p1b: Basculegion|54/100\n|move|p1b: Basculegion|Hex|p2a: Sneasler\n|-damage|p2a: Sneasler|0 fnt\n|faint|p2a: Sneasler\n|\n|win|zhz2021\n|raw|zhz2021's rating: 1512 &rarr; <strong>1530</strong><br />(+18 for winning)\n|raw|lonoVGC's rating: 1471 &rarr; <strong>1453</strong><br />(-18 for losing)\n|l|\u2606lonoVGC\n|player|p2|\n|l|\u2606zhz2021\n|player|p1|\n",
  "uploadtime": 1776572201,
  "views": 13,
  "formatid": "gen9championsvgc2026regma",
  "rating": 1453,
  "private": 0,
  "password": null
}