{
  "id": "gen9championsvgc2026regma-2589383148",
  "format": "[Gen 9 Champions] VGC 2026 Reg M-A",
  "players": [
    "isyy27",
    "IdkImScared"
  ],
  "log": "|j|\u2606isyy27\n|j|\u2606IdkImScared\n|t:|1776718579\n|gametype|doubles\n|player|p1|isyy27|marlon|1346\n|player|p2|IdkImScared|workerice|1371\n|gen|9\n|tier|[Gen 9 Champions] VGC 2026 Reg M-A\n|rated|\n|rule|Species Clause: Limit one of each Pok\u00e9mon\n|rule|Item Clause: Limit 1 of each item\n|clearpoke\n|poke|p1|Floette-Eternal, L50, F|\n|poke|p1|Sinistcha, L50|\n|poke|p1|Pelipper, L50, F, shiny|\n|poke|p1|Garchomp, L50, M, shiny|\n|poke|p1|Incineroar, L50, F, shiny|\n|poke|p1|Basculegion, L50, M, shiny|\n|poke|p2|Floette-Eternal, L50, F|\n|poke|p2|Garchomp, L50, M|\n|poke|p2|Maushold-Four, L50|\n|poke|p2|Talonflame, L50, F|\n|poke|p2|Rotom-Wash, L50|\n|poke|p2|Aegislash, L50, M, shiny|\n|teampreview|4\n|inactive|Battle timer is ON: inactive players will automatically lose when time's up. (requested by isyy27)\n|\n|t:|1776718626\n|teamsize|p1|4\n|teamsize|p2|4\n|start\n|switch|p1a: Fioro|Floette-Eternal, L50, F|100/100\n|switch|p1b: Incinio|Incineroar, L50, F, shiny|100/100\n|switch|p2a: Family Guys|Maushold-Four, L50|100/100\n|switch|p2b: Castle Bravo|Floette-Eternal, L50, F|100/100\n|-ability|p1b: Incinio|Intimidate|boost\n|-unboost|p2a: Family Guys|atk|1\n|-unboost|p2b: Castle Bravo|atk|1\n|turn|1\n|\n|t:|1776718650\n|detailschange|p1a: Fioro|Floette-Mega, L50, F\n|-mega|p1a: Fioro|Floette|Floettite\n|-ability|p1a: Fioro|Fairy Aura\n|detailschange|p2b: Castle Bravo|Floette-Mega, L50, F\n|-mega|p2b: Castle Bravo|Floette|Floettite\n|-ability|p2b: Castle Bravo|Fairy Aura\n|move|p2a: Family Guys|Protect|p2a: Family Guys\n|-singleturn|p2a: Family Guys|Protect\n|move|p1b: Incinio|Fake Out|p2b: Castle Bravo\n|-damage|p2b: Castle Bravo|91/100\n|move|p1a: Fioro|Calm Mind|p1a: Fioro\n|-boost|p1a: Fioro|spa|1\n|-boost|p1a: Fioro|spd|1\n|cant|p2b: Castle Bravo|flinch\n|\n|upkeep\n|turn|2\n|\n|t:|1776718664\n|move|p2a: Family Guys|Encore|p1a: Fioro\n|-start|p1a: Fioro|Encore\n|move|p1a: Fioro|Calm Mind|p1a: Fioro\n|-boost|p1a: Fioro|spa|1\n|-boost|p1a: Fioro|spd|1\n|move|p2b: Castle Bravo|Calm Mind|p2b: Castle Bravo\n|-boost|p2b: Castle Bravo|spa|1\n|-boost|p2b: Castle Bravo|spd|1\n|move|p1b: Incinio|Will-O-Wisp|p2a: Family Guys|[miss]\n|-miss|p1b: Incinio|p2a: Family Guys\n|\n|upkeep\n|turn|3\n|\n|t:|1776718682\n|move|p2a: Family Guys|Super Fang|p1a: Fioro\n|-damage|p1a: Fioro|51/100\n|move|p1a: Fioro|Calm Mind|p1a: Fioro\n|-boost|p1a: Fioro|spa|1\n|-boost|p1a: Fioro|spd|1\n|move|p2b: Castle Bravo|Calm Mind|p2b: Castle Bravo\n|-boost|p2b: Castle Bravo|spa|1\n|-boost|p2b: Castle Bravo|spd|1\n|move|p1b: Incinio|Parting Shot|p2b: Castle Bravo\n|-unboost|p2b: Castle Bravo|atk|1\n|-unboost|p2b: Castle Bravo|spa|1\n|\n|t:|1776718692\n|switch|p1b: Tazzo|Sinistcha, L50|100/100|[from] Parting Shot\n|-heal|p1a: Fioro|75/100|[from] ability: Hospitality|[of] p1b: Tazzo\n|\n|upkeep\n|turn|4\n|\n|t:|1776718715\n|move|p1b: Tazzo|Rage Powder|p1b: Tazzo\n|-singleturn|p1b: Tazzo|move: Rage Powder\n|move|p2a: Family Guys|Super Fang|p1b: Tazzo\n|-immune|p1b: Tazzo\n|move|p1a: Fioro|Calm Mind|p1a: Fioro\n|-boost|p1a: Fioro|spa|1\n|-boost|p1a: Fioro|spd|1\n|move|p2b: Castle Bravo|Calm Mind|p2b: Castle Bravo\n|-boost|p2b: Castle Bravo|spa|1\n|-boost|p2b: Castle Bravo|spd|1\n|\n|-end|p1a: Fioro|Encore\n|upkeep\n|turn|5\n|\n|t:|1776718733\n|move|p1b: Tazzo|Rage Powder|p1b: Tazzo\n|-singleturn|p1b: Tazzo|move: Rage Powder\n|move|p2a: Family Guys|Encore|p1b: Tazzo\n|-start|p1b: Tazzo|Encore\n|move|p1a: Fioro|Moonblast|p2b: Castle Bravo\n|-damage|p2b: Castle Bravo|50/100\n|move|p2b: Castle Bravo|Dazzling Gleam|p1b: Tazzo|[spread] p1a,p1b\n|-damage|p1a: Fioro|46/100\n|-damage|p1b: Tazzo|0 fnt\n|faint|p1b: Tazzo\n|\n|upkeep\n|\n|t:|1776718743\n|switch|p1b: Lalegionedelbasco|Basculegion, L50, M, shiny|100/100\n|turn|6\n|\n|t:|1776718757\n|move|p2a: Family Guys|Follow Me|p2a: Family Guys\n|-singleturn|p2a: Family Guys|move: Follow Me\n|move|p1b: Lalegionedelbasco|Wave Crash|p2a: Family Guys\n|-enditem|p2a: Family Guys|Focus Sash\n|-damage|p2a: Family Guys|1/100\n|-damage|p1b: Lalegionedelbasco|71/100|[from] Recoil\n|move|p1a: Fioro|Draining Kiss|p2a: Family Guys\n|-damage|p2a: Family Guys|0 fnt\n|-heal|p1a: Fioro|47/100|[from] drain|[of] p2a: Family Guys\n|faint|p2a: Family Guys\n|move|p2b: Castle Bravo|Moonblast|p1a: Fioro\n|-damage|p1a: Fioro|0 fnt\n|faint|p1a: Fioro\n|\n|upkeep\n|\n|t:|1776718775\n|switch|p2a: Space Eagle|Talonflame, L50, F|100/100\n|switch|p1a: Incinio|Incineroar, L50, F, shiny|100/100\n|-ability|p1a: Incinio|Intimidate|boost\n|-unboost|p2a: Space Eagle|atk|1\n|-unboost|p2b: Castle Bravo|atk|1\n|turn|7\n|\n|t:|1776718782\n|move|p2a: Space Eagle|Protect|p2a: Space Eagle\n|-singleturn|p2a: Space Eagle|Protect\n|move|p2b: Castle Bravo|Protect|p2b: Castle Bravo\n|-singleturn|p2b: Castle Bravo|Protect\n|move|p1a: Incinio|Fake Out|p2b: Castle Bravo\n|-activate|p2b: Castle Bravo|move: Protect\n|move|p1b: Lalegionedelbasco|Wave Crash|p2a: Space Eagle\n|-activate|p2a: Space Eagle|move: Protect\n|\n|upkeep\n|turn|8\n|\n|t:|1776718793\n|move|p2a: Space Eagle|Tailwind|p2a: Space Eagle\n|-sidestart|p2: IdkImScared|move: Tailwind\n|move|p2b: Castle Bravo|Dazzling Gleam|p1a: Incinio|[spread] p1a,p1b\n|-damage|p1a: Incinio|23/100\n|-damage|p1b: Lalegionedelbasco|0 fnt\n|faint|p1b: Lalegionedelbasco\n|move|p1a: Incinio|Parting Shot|p2a: Space Eagle\n|-unboost|p2a: Space Eagle|atk|1\n|-unboost|p2a: Space Eagle|spa|1\n|\n|upkeep\n|turn|9\n|-message|isyy27 forfeited.\n|\n|win|IdkImScared\n|raw|isyy27's rating: 1346 &rarr; <strong>1327</strong><br />(-19 for losing)\n|raw|IdkImScared's rating: 1371 &rarr; <strong>1390</strong><br />(+19 for winning)\n|l|\u2606isyy27\n|player|p1|\n",
  "uploadtime": 1776718815,
  "views": 23,
  "formatid": "gen9championsvgc2026regma",
  "rating": 1327,
  "private": 0,
  "password": null
}