{
  "id": "gen9championsvgc2026regma-2587836383",
  "format": "[Gen 9 Champions] VGC 2026 Reg M-A",
  "players": [
    "asubircomolaespuma",
    "Marspiter"
  ],
  "log": "|j|\u203dasubircomolaespuma\n|j|\u2606Marspiter\n|t:|1776569014\n|gametype|doubles\n|player|p1|asubircomolaespuma|102|1431\n|player|p2|Marspiter|steven|1488\n|gen|9\n|tier|[Gen 9 Champions] VGC 2026 Reg M-A\n|rated|\n|rule|Species Clause: Limit one of each Pok\u00e9mon\n|rule|Item Clause: Limit 1 of each item\n|clearpoke\n|poke|p1|Charizard, L50, M|\n|poke|p1|Rotom-Wash, L50|\n|poke|p1|Garchomp, L50, F|\n|poke|p1|Whimsicott, L50, F|\n|poke|p1|Aegislash, L50, M|\n|poke|p1|Sneasler, L50, M|\n|poke|p2|Meganium, L50, M|\n|poke|p2|Sneasler, L50, M|\n|poke|p2|Archaludon, L50, M|\n|poke|p2|Basculegion, L50, M|\n|poke|p2|Pelipper, L50, M|\n|poke|p2|Kingambit, L50, F|\n|teampreview|4\n|inactive|Battle timer is ON: inactive players will automatically lose when time's up. (requested by Marspiter)\n|\n|t:|1776569148\n|teamsize|p1|4\n|teamsize|p2|4\n|start\n|switch|p1a: Rotom|Rotom-Wash, L50|100/100\n|switch|p1b: Aegislash|Aegislash, L50, M|100/100\n|switch|p2a: Sneasler|Sneasler, L50, M|100/100\n|switch|p2b: Basculegion|Basculegion, L50, M|100/100\n|turn|1\n|j| CY1573\n|inactive|Marspiter has 30 seconds left.\n|\n|t:|1776569176\n|move|p2a: Sneasler|Fake Out|p1a: Rotom\n|-damage|p1a: Rotom|85/100\n|move|p2b: Basculegion|Flip Turn|p1a: Rotom\n|-resisted|p1a: Rotom|1\n|-damage|p1a: Rotom|67/100\n|\n|t:|1776569182\n|switch|p2b: Meganium|Meganium, L50, M|100/100|[from] Flip Turn\n|cant|p1a: Rotom|flinch\n|-formechange|p1b: Aegislash|Aegislash-Blade|\n|move|p1b: Aegislash|Poltergeist|p2b: Meganium\n|-activate|p2b: Meganium|move: Poltergeist|Meganiumite\n|-damage|p2b: Meganium|28/100\n|\n|upkeep\n|turn|2\n|inactive|asubircomolaespuma has 30 seconds left.\n|inactive|asubircomolaespuma has 20 seconds left.\n|inactive|asubircomolaespuma has 15 seconds left.\n|inactive|asubircomolaespuma has 10 seconds left.\n|\n|t:|1776569229\n|detailschange|p2b: Meganium|Meganium-Mega, L50, M\n|-mega|p2b: Meganium|Meganium|Meganiumite\n|move|p2b: Meganium|Protect|p2b: Meganium\n|-singleturn|p2b: Meganium|Protect\n|move|p1a: Rotom|Protect|p1a: Rotom\n|-singleturn|p1a: Rotom|Protect\n|move|p2a: Sneasler|Close Combat|p1a: Rotom\n|-activate|p1a: Rotom|move: Protect\n|move|p1b: Aegislash|Iron Head|p2b: Meganium\n|-activate|p2b: Meganium|move: Protect\n|\n|upkeep\n|turn|3\n|inactive|asubircomolaespuma has 30 seconds left.\n|inactive|asubircomolaespuma has 20 seconds left.\n|inactive|asubircomolaespuma has 15 seconds left.\n|inactive|asubircomolaespuma has 10 seconds left.\n|\n|t:|1776569275\n|switch|p2b: Pelipper|Pelipper, L50, M|100/100\n|-weather|RainDance|[from] ability: Drizzle|[of] p2b: Pelipper\n|switch|p1a: Charizard|Charizard, L50, M|100/100\n|move|p2a: Sneasler|Close Combat|p1a: Charizard\n|-resisted|p1a: Charizard|1\n|-damage|p1a: Charizard|58/100\n|-unboost|p2a: Sneasler|def|1\n|-unboost|p2a: Sneasler|spd|1\n|-enditem|p2a: Sneasler|White Herb\n|-clearnegativeboost|p2a: Sneasler|[silent]\n|move|p1b: Aegislash|Iron Head|p2b: Pelipper\n|-resisted|p2b: Pelipper|1\n|-damage|p2b: Pelipper|70/100\n|\n|-weather|RainDance|[upkeep]\n|upkeep\n|turn|4\n|inactive|Marspiter has 30 seconds left.\n|\n|t:|1776569307\n|switch|p1b: Rotom|Rotom-Wash, L50|67/100\n|detailschange|p1a: Charizard|Charizard-Mega-Y, L50, M\n|-mega|p1a: Charizard|Charizard|Charizardite Y\n|-weather|SunnyDay|[from] ability: Drought|[of] p1a: Charizard\n|move|p2a: Sneasler|Protect|p2a: Sneasler\n|-singleturn|p2a: Sneasler|Protect\n|move|p1a: Charizard|Heat Wave|p2b: Pelipper|[spread] p2b\n|-activate|p2a: Sneasler|move: Protect\n|-resisted|p2b: Pelipper|1\n|-damage|p2b: Pelipper|11/100\n|move|p2b: Pelipper|Tailwind|p2b: Pelipper\n|-sidestart|p2: Marspiter|move: Tailwind\n|\n|-weather|SunnyDay|[upkeep]\n|upkeep\n|turn|5\n|inactive|Marspiter has 30 seconds left.\n|\n|t:|1776569335\n|switch|p2b: Meganium|Meganium-Mega, L50, M|28/100\n|move|p2a: Sneasler|Close Combat|p1b: Rotom\n|-damage|p1b: Rotom|0 fnt\n|-unboost|p2a: Sneasler|def|1\n|-unboost|p2a: Sneasler|spd|1\n|faint|p1b: Rotom\n|move|p1a: Charizard|Heat Wave|p2b: Meganium|[spread] p2b\n|-miss|p1a: Charizard|p2a: Sneasler\n|-supereffective|p2b: Meganium|1\n|-damage|p2b: Meganium|0 fnt\n|faint|p2b: Meganium\n|\n|-weather|SunnyDay|[upkeep]\n|upkeep\n|\n|t:|1776569351\n|switch|p2b: Pelipper|Pelipper, L50, M|11/100\n|switch|p1b: Sneasler|Sneasler, L50, M|100/100\n|-weather|RainDance|[from] ability: Drizzle|[of] p2b: Pelipper\n|turn|6\n|\n|t:|1776569370\n|switch|p1a: Aegislash|Aegislash, L50, M|100/100\n|move|p2a: Sneasler|Protect|p2a: Sneasler\n|-singleturn|p2a: Sneasler|Protect\n|move|p1b: Sneasler|Fake Out|p2b: Pelipper\n|-damage|p2b: Pelipper|0 fnt\n|faint|p2b: Pelipper\n|\n|-weather|RainDance|[upkeep]\n|upkeep\n|\n|t:|1776569383\n|switch|p2b: Basculegion|Basculegion, L50, M|100/100\n|turn|7\n|inactive|Marspiter has 30 seconds left.\n|\n|t:|1776569410\n|move|p1a: Aegislash|King's Shield|p1a: Aegislash\n|-singleturn|p1a: Aegislash|Protect\n|move|p2a: Sneasler|Close Combat|p1b: Sneasler\n|-resisted|p1b: Sneasler|1\n|-damage|p1b: Sneasler|45/100\n|-unboost|p2a: Sneasler|def|1\n|-unboost|p2a: Sneasler|spd|1\n|move|p2b: Basculegion|Last Respects|p1a: Aegislash\n|-activate|p1a: Aegislash|move: Protect\n|move|p1b: Sneasler|Dire Claw|p2b: Basculegion\n|-resisted|p2b: Basculegion|1\n|-damage|p2b: Basculegion|74/100\n|\n|-weather|RainDance|[upkeep]\n|-sideend|p2: Marspiter|move: Tailwind\n|upkeep\n|turn|8\n|inactive|asubircomolaespuma has 30 seconds left.\n|\n|t:|1776569435\n|move|p1b: Sneasler|Protect|p1b: Sneasler\n|-singleturn|p1b: Sneasler|Protect\n|-formechange|p1a: Aegislash|Aegislash-Blade|\n|move|p1a: Aegislash|Shadow Sneak|p2b: Basculegion\n|-supereffective|p2b: Basculegion|1\n|-damage|p2b: Basculegion|0 fnt\n|faint|p2b: Basculegion\n|move|p2a: Sneasler|Close Combat|p1b: Sneasler\n|-activate|p1b: Sneasler|move: Protect\n|\n|-weather|RainDance|[upkeep]\n|upkeep\n|turn|9\n|-message|Marspiter forfeited.\n|\n|win|asubircomolaespuma\n|raw|asubircomolaespuma's rating: 1431 &rarr; <strong>1454</strong><br />(+23 for winning)\n|raw|Marspiter's rating: 1488 &rarr; <strong>1465</strong><br />(-23 for losing)\n|l|\u2606Marspiter\n|player|p2|\n|l| CY1573\n",
  "uploadtime": 1776569464,
  "views": 14,
  "formatid": "gen9championsvgc2026regma",
  "rating": 1454,
  "private": 0,
  "password": null
}