{
  "id": "gen9championsvgc2026regma-2585785656",
  "format": "[Gen 9 Champions] VGC 2026 Reg M-A",
  "players": [
    "wholesomekingvon",
    "Player2323"
  ],
  "log": "|j|\u2606wholesomekingvon\n|j|\u2606Player2323\n|t:|1776370496\n|gametype|doubles\n|player|p1|wholesomekingvon|102|1000\n|player|p2|Player2323|brycenman|1084\n|gen|9\n|tier|[Gen 9 Champions] VGC 2026 Reg M-A\n|rated|\n|rule|Species Clause: Limit one of each Pok\u00e9mon\n|rule|Item Clause: Limit 1 of each item\n|clearpoke\n|poke|p1|Feraligatr, L50, M|\n|poke|p1|Dragonite, L50, F|\n|poke|p1|Pelipper, L50, M|\n|poke|p1|Aegislash, L50, M|\n|poke|p1|Sneasler, L50, M|\n|poke|p1|Aerodactyl, L50, F|\n|poke|p2|Aggron, L50, M|\n|poke|p2|Pelipper, L50, M|\n|poke|p2|Incineroar, L50, F|\n|poke|p2|Sneasler, L50, F|\n|poke|p2|Sinistcha, L50|\n|poke|p2|Ceruledge, L50, M|\n|teampreview|4\n|\n|t:|1776370518\n|teamsize|p1|4\n|teamsize|p2|4\n|start\n|switch|p1a: Pelipper|Pelipper, L50, M|100/100\n|switch|p1b: Dragonite|Dragonite, L50, F, shiny|100/100\n|switch|p2a: Aggron|Aggron, L50, M|100/100\n|switch|p2b: Incineroar|Incineroar, L50, F|100/100\n|-weather|RainDance|[from] ability: Drizzle|[of] p1a: Pelipper\n|-ability|p2b: Incineroar|Intimidate|boost\n|-unboost|p1a: Pelipper|atk|1\n|-fail|p1b: Dragonite|unboost|Attack|[from] ability: Inner Focus|[of] p1b: Dragonite\n|turn|1\n|\n|t:|1776370555\n|detailschange|p1b: Dragonite|Dragonite-Mega, L50, F, shiny\n|-mega|p1b: Dragonite|Dragonite|Dragoninite\n|move|p2b: Incineroar|Fake Out|p1a: Pelipper\n|-damage|p1a: Pelipper|89/100\n|move|p1b: Dragonite|Thunder|p2a: Aggron\n|-damage|p2a: Aggron|58/100\n|cant|p1a: Pelipper|flinch\n|move|p2a: Aggron|Iron Defense|p2a: Aggron\n|-boost|p2a: Aggron|def|2\n|\n|-weather|RainDance|[upkeep]\n|upkeep\n|turn|2\n|\n|t:|1776370582\n|move|p2a: Aggron|Protect|p2a: Aggron\n|-singleturn|p2a: Aggron|Protect\n|move|p1b: Dragonite|Hurricane|p2b: Incineroar\n|-damage|p2b: Incineroar|50/100\n|-enditem|p2b: Incineroar|Sitrus Berry|[eat]\n|-heal|p2b: Incineroar|75/100|[from] item: Sitrus Berry\n|move|p1a: Pelipper|Hurricane|p2b: Incineroar\n|-damage|p2b: Incineroar|38/100\n|move|p2b: Incineroar|Parting Shot|p1a: Pelipper\n|-unboost|p1a: Pelipper|atk|1\n|-unboost|p1a: Pelipper|spa|1\n|\n|t:|1776370596\n|switch|p2b: Sinistcha|Sinistcha, L50|100/100|[from] Parting Shot\n|-heal|p2a: Aggron|82/100|[from] ability: Hospitality|[of] p2b: Sinistcha\n|\n|-weather|RainDance|[upkeep]\n|upkeep\n|turn|3\n|\n|t:|1776370638\n|switch|p1a: Sneasler|Sneasler, L50, M, shiny|100/100\n|detailschange|p2a: Aggron|Aggron-Mega, L50, M\n|-mega|p2a: Aggron|Aggron|Aggronite\n|move|p1b: Dragonite|Draco Meteor|p2a: Aggron\n|-resisted|p2a: Aggron|1\n|-damage|p2a: Aggron|52/100\n|-unboost|p1b: Dragonite|spa|2\n|move|p2a: Aggron|Iron Defense|p2a: Aggron\n|-boost|p2a: Aggron|def|2\n|move|p2b: Sinistcha|Trick Room|p2b: Sinistcha\n|-fieldstart|move: Trick Room|[of] p2b: Sinistcha\n|\n|-weather|RainDance|[upkeep]\n|upkeep\n|turn|4\n|\n|t:|1776370697\n|move|p2a: Aggron|Body Press|p1a: Sneasler\n|-resisted|p1a: Sneasler|1\n|-damage|p1a: Sneasler|0 fnt\n|faint|p1a: Sneasler\n|move|p2b: Sinistcha|Matcha Gotcha|p1b: Dragonite\n|-resisted|p1b: Dragonite|2\n|-damage|p1b: Dragonite|97/100\n|-status|p1b: Dragonite|brn\n|move|p1b: Dragonite|Thunder|p2a: Aggron\n|-damage|p2a: Aggron|33/100\n|-status|p2a: Aggron|par\n|\n|-weather|RainDance|[upkeep]\n|-damage|p1b: Dragonite|91/100 brn|[from] brn\n|upkeep\n|\n|t:|1776370713\n|switch|p1a: Feraligatr|Feraligatr, L50, M, shiny|100/100\n|turn|5\n|\n|t:|1776370728\n|move|p2a: Aggron|Body Press|p1a: Feraligatr\n|-damage|p1a: Feraligatr|0 fnt\n|faint|p1a: Feraligatr\n|move|p2b: Sinistcha|Life Dew||[still]|[spread] p2a,p2b\n|-heal|p2a: Aggron|58/100 par\n|-fail|p2b: Sinistcha|heal\n|move|p1b: Dragonite|Thunder|p2a: Aggron\n|-damage|p2a: Aggron|39/100 par\n|\n|-weather|none\n|-damage|p1b: Dragonite|85/100 brn|[from] brn\n|upkeep\n|-message|wholesomekingvon forfeited.\n|\n|win|Player2323\n|raw|wholesomekingvon's rating: 1000 &rarr; <strong>1000</strong><br />(+0 for losing)\n|raw|Player2323's rating: 1084 &rarr; <strong>1105</strong><br />(+21 for winning)\n|l|\u2606wholesomekingvon\n|player|p1|\n",
  "uploadtime": 1776370740,
  "views": 18,
  "formatid": "gen9championsvgc2026regma",
  "rating": 1000,
  "private": 0,
  "password": null
}