{
  "id": "gen9championsvgc2026regma-2585377181",
  "format": "[Gen 9 Champions] VGC 2026 Reg M-A",
  "players": [
    "yousodfusoh",
    "Meelonsquid"
  ],
  "log": "|j|\u2606yousodfusoh\n|j|\u2606Meelonsquid\n|t:|1776342671\n|gametype|doubles\n|player|p1|yousodfusoh|102|1228\n|player|p2|Meelonsquid|leaf-masters2|1314\n|gen|9\n|tier|[Gen 9 Champions] VGC 2026 Reg M-A\n|rated|\n|rule|Species Clause: Limit one of each Pok\u00e9mon\n|rule|Item Clause: Limit 1 of each item\n|clearpoke\n|poke|p1|Delphox, L50, M|\n|poke|p1|Basculegion, L50, M|\n|poke|p1|Clefable, L50, F|\n|poke|p1|Kingambit, L50, M|\n|poke|p1|Dragonite, L50, M|\n|poke|p1|Sneasler, L50, M|\n|poke|p2|Glimmora, L50, F|\n|poke|p2|Tyranitar, L50, F|\n|poke|p2|Excadrill, L50, M|\n|poke|p2|Orthworm, L50, M|\n|poke|p2|Sinistcha, L50|\n|poke|p2|Milotic, L50, F|\n|teampreview|4\n|inactive|Battle timer is ON: inactive players will automatically lose when time's up. (requested by Meelonsquid)\n|inactive|yousodfusoh has 60 seconds left.\n|inactive|Meelonsquid has 60 seconds left.\n|\n|t:|1776342716\n|teamsize|p1|4\n|teamsize|p2|4\n|start\n|switch|p1a: Delphox|Delphox, L50, M|100/100\n|switch|p1b: Basculegion|Basculegion, L50, M|100/100\n|switch|p2a: Tyranitar|Tyranitar, L50, F|100/100\n|switch|p2b: Glimmora|Glimmora, L50, F, shiny|100/100\n|-weather|Sandstorm|[from] ability: Sand Stream|[of] p2a: Tyranitar\n|turn|1\n|\n|t:|1776342733\n|detailschange|p1a: Delphox|Delphox-Mega, L50, M\n|-mega|p1a: Delphox|Delphox|Delphoxite\n|move|p1a: Delphox|Protect|p1a: Delphox\n|-singleturn|p1a: Delphox|Protect\n|move|p2b: Glimmora|Spiky Shield|p2b: Glimmora\n|-singleturn|p2b: Glimmora|move: Protect\n|move|p1b: Basculegion|Flip Turn|p2a: Tyranitar\n|-supereffective|p2a: Tyranitar|1\n|-damage|p2a: Tyranitar|48/100\n|\n|t:|1776342741\n|switch|p1b: Sneasler|Sneasler, L50, M|100/100|[from] Flip Turn\n|move|p2a: Tyranitar|Knock Off|p1b: Sneasler\n|-resisted|p1b: Sneasler|1\n|-damage|p1b: Sneasler|62/100\n|-enditem|p1b: Sneasler|Focus Sash|[from] move: Knock Off|[of] p2a: Tyranitar\n|\n|-weather|Sandstorm|[upkeep]\n|-damage|p1b: Sneasler|56/100|[from] Sandstorm\n|-damage|p1a: Delphox|94/100|[from] Sandstorm\n|upkeep\n|turn|2\n|\n|t:|1776342766\n|switch|p2b: Sinistcha|Sinistcha, L50|100/100\n|-heal|p2a: Tyranitar|73/100|[from] ability: Hospitality|[of] p2b: Sinistcha\n|move|p1b: Sneasler|Close Combat|p2a: Tyranitar\n|-supereffective|p2a: Tyranitar|2\n|-enditem|p2a: Tyranitar|Chople Berry|[eat]\n|-enditem|p2a: Tyranitar|Chople Berry|[weaken]\n|-damage|p2a: Tyranitar|0 fnt\n|-unboost|p1b: Sneasler|def|1\n|-unboost|p1b: Sneasler|spd|1\n|faint|p2a: Tyranitar\n|move|p1a: Delphox|Psychic|p2b: Sinistcha\n|-damage|p2b: Sinistcha|40/100\n|\n|-weather|Sandstorm|[upkeep]\n|-damage|p1b: Sneasler|50/100|[from] Sandstorm\n|-damage|p1a: Delphox|88/100|[from] Sandstorm\n|-damage|p2b: Sinistcha|34/100|[from] Sandstorm\n|-heal|p2b: Sinistcha|40/100|[from] item: Leftovers\n|upkeep\n|\n|t:|1776342778\n|switch|p2a: Milotic|Milotic, L50, F|100/100\n|turn|3\n|inactive|yousodfusoh has 30 seconds left.\n|\n|t:|1776342809\n|switch|p1a: Basculegion|Basculegion, L50, M|100/100\n|move|p1b: Sneasler|Dire Claw|p2a: Milotic\n|-damage|p2a: Milotic|67/100\n|move|p2a: Milotic|Scald|p1a: Basculegion\n|-resisted|p1a: Basculegion|1\n|-damage|p1a: Basculegion|85/100\n|-status|p1a: Basculegion|brn\n|move|p2b: Sinistcha|Strength Sap|p1b: Sneasler\n|-unboost|p1b: Sneasler|atk|1\n|-heal|p2b: Sinistcha|100/100\n|\n|-weather|Sandstorm|[upkeep]\n|-damage|p1b: Sneasler|44/100|[from] Sandstorm\n|-damage|p1a: Basculegion|79/100 brn|[from] Sandstorm\n|-damage|p2a: Milotic|61/100|[from] Sandstorm\n|-damage|p2b: Sinistcha|94/100|[from] Sandstorm\n|-heal|p2b: Sinistcha|100/100|[from] item: Leftovers\n|-damage|p1a: Basculegion|73/100 brn|[from] brn\n|upkeep\n|turn|4\n|inactive|yousodfusoh has 30 seconds left.\n|inactive|Meelonsquid has 30 seconds left.\n|\n|t:|1776342836\n|move|p1b: Sneasler|Close Combat|p2a: Milotic|[miss]\n|-miss|p1b: Sneasler|p2a: Milotic\n|move|p1a: Basculegion|Flip Turn|p2a: Milotic\n|-resisted|p2a: Milotic|1\n|-damage|p2a: Milotic|53/100\n|\n|t:|1776342845\n|switch|p1a: Dragonite|Dragonite, L50, M|100/100|[from] Flip Turn\n|move|p2a: Milotic|Recover|p2a: Milotic\n|-heal|p2a: Milotic|100/100\n|move|p2b: Sinistcha|Matcha Gotcha|p1b: Sneasler|[spread] p1a,p1b\n|-resisted|p1a: Dragonite|2\n|-resisted|p1b: Sneasler|1\n|-damage|p1a: Dragonite|97/100\n|-damage|p1b: Sneasler|21/100\n|\n|-weather|Sandstorm|[upkeep]\n|-damage|p1b: Sneasler|15/100|[from] Sandstorm\n|-damage|p1a: Dragonite|91/100|[from] Sandstorm\n|-damage|p2a: Milotic|95/100|[from] Sandstorm\n|-damage|p2b: Sinistcha|94/100|[from] Sandstorm\n|-heal|p2b: Sinistcha|100/100|[from] item: Leftovers\n|upkeep\n|turn|5\n|inactive|yousodfusoh has 30 seconds left.\n|inactive|yousodfusoh has 20 seconds left.\n|inactive|yousodfusoh has 15 seconds left.\n|\n|t:|1776342888\n|move|p1b: Sneasler|Close Combat|p2a: Milotic\n|-damage|p2a: Milotic|63/100\n|-unboost|p1b: Sneasler|def|1\n|-unboost|p1b: Sneasler|spd|1\n|move|p1a: Dragonite|Scale Shot|p2a: Milotic\n|-damage|p2a: Milotic|52/100\n|-damage|p2a: Milotic|42/100\n|-hitcount|p2a: Milotic|2\n|-unboost|p1a: Dragonite|def|1\n|-boost|p1a: Dragonite|spe|1\n|move|p2a: Milotic|Dragon Pulse|p1a: Dragonite\n|-supereffective|p1a: Dragonite|1\n|-damage|p1a: Dragonite|48/100\n|move|p2b: Sinistcha|Hex|p1b: Sneasler\n|-damage|p1b: Sneasler|0 fnt\n|faint|p1b: Sneasler\n|\n|-weather|none\n|upkeep\n|\n|t:|1776342909\n|switch|p1b: Basculegion|Basculegion, L50, M|73/100 brn\n|turn|6\n|\n|t:|1776342919\n|move|p2a: Milotic|Protect|p2a: Milotic\n|-singleturn|p2a: Milotic|Protect\n|move|p1a: Dragonite|Extreme Speed|p2a: Milotic\n|-activate|p2a: Milotic|move: Protect\n|move|p1b: Basculegion|Last Respects|p2a: Milotic\n|-activate|p2a: Milotic|move: Protect\n|move|p2b: Sinistcha|Strength Sap|p1a: Dragonite\n|-unboost|p1a: Dragonite|atk|1\n|\n|-damage|p1b: Basculegion|67/100 brn|[from] brn\n|upkeep\n|turn|7\n|\n|t:|1776342941\n|move|p1a: Dragonite|Extreme Speed|p2a: Milotic\n|-damage|p2a: Milotic|25/100\n|move|p1b: Basculegion|Last Respects|p2b: Sinistcha\n|-supereffective|p2b: Sinistcha|1\n|-damage|p2b: Sinistcha|56/100\n|move|p2a: Milotic|Recover|p2a: Milotic\n|-heal|p2a: Milotic|75/100\n|move|p2b: Sinistcha|Matcha Gotcha|p1a: Dragonite|[spread] p1a,p1b\n|-resisted|p1a: Dragonite|2\n|-supereffective|p1b: Basculegion|1\n|-damage|p1a: Dragonite|41/100\n|-heal|p2b: Sinistcha|59/100|[from] drain|[of] p1a: Dragonite\n|-damage|p1b: Basculegion|11/100 brn\n|-heal|p2b: Sinistcha|90/100|[from] drain|[of] p1b: Basculegion\n|\n|-heal|p2b: Sinistcha|96/100|[from] item: Leftovers\n|-damage|p1b: Basculegion|5/100 brn|[from] brn\n|upkeep\n|turn|8\n|inactive|Meelonsquid has 30 seconds left.\n|\n|t:|1776342975\n|move|p2b: Sinistcha|Protect|p2b: Sinistcha\n|-singleturn|p2b: Sinistcha|Protect\n|move|p1a: Dragonite|Scale Shot|p2b: Sinistcha\n|-activate|p2b: Sinistcha|move: Protect\n|move|p1b: Basculegion|Last Respects|p2b: Sinistcha\n|-activate|p2b: Sinistcha|move: Protect\n|move|p2a: Milotic|Dragon Pulse|p1a: Dragonite\n|-supereffective|p1a: Dragonite|1\n|-damage|p1a: Dragonite|0 fnt\n|faint|p1a: Dragonite\n|\n|-heal|p2b: Sinistcha|100/100|[from] item: Leftovers\n|-damage|p1b: Basculegion|0 fnt|[from] brn\n|faint|p1b: Basculegion\n|upkeep\n|\n|t:|1776342979\n|switch|p1b: Delphox|Delphox-Mega, L50, M|88/100\n|turn|9\n|\n|t:|1776342994\n|move|p1b: Delphox|Heat Wave|p2a: Milotic|[spread] p2a,p2b\n|-resisted|p2a: Milotic|1\n|-crit|p2a: Milotic\n|-supereffective|p2b: Sinistcha|1\n|-damage|p2a: Milotic|52/100\n|-damage|p2b: Sinistcha|0 fnt\n|faint|p2b: Sinistcha\n|move|p2a: Milotic|Scald|p1b: Delphox\n|-supereffective|p1b: Delphox|1\n|-damage|p1b: Delphox|35/100\n|\n|upkeep\n|\n|t:|1776343002\n|switch|p2b: Glimmora|Glimmora, L50, F, shiny|100/100\n|turn|10\n|\n|t:|1776343010\n|detailschange|p2b: Glimmora|Glimmora-Mega, L50, F, shiny\n|-mega|p2b: Glimmora|Glimmora|Glimmoranite\n|move|p1b: Delphox|Protect|p1b: Delphox\n|-singleturn|p1b: Delphox|Protect\n|move|p2b: Glimmora|Power Gem|p1b: Delphox\n|-activate|p1b: Delphox|move: Protect\n|move|p2a: Milotic|Scald|p1b: Delphox\n|-activate|p1b: Delphox|move: Protect\n|\n|upkeep\n|turn|11\n|\n|t:|1776343020\n|move|p1b: Delphox|Psychic|p2b: Glimmora\n|-supereffective|p2b: Glimmora|1\n|-damage|p2b: Glimmora|0 fnt\n|faint|p2b: Glimmora\n|move|p2a: Milotic|Scald|p1b: Delphox\n|-supereffective|p1b: Delphox|1\n|-damage|p1b: Delphox|0 fnt\n|faint|p1b: Delphox\n|\n|win|Meelonsquid\n|raw|yousodfusoh's rating: 1228 &rarr; <strong>1209</strong><br />(-19 for losing)\n|raw|Meelonsquid's rating: 1314 &rarr; <strong>1329</strong><br />(+15 for winning)\n",
  "uploadtime": 1776343029,
  "views": 25,
  "formatid": "gen9championsvgc2026regma",
  "rating": 1209,
  "private": 0,
  "password": null
}