{
  "id": "gen9championsvgc2026regma-2587505487",
  "format": "[Gen 9 Champions] VGC 2026 Reg M-A",
  "players": [
    "guzzlordstrainer",
    "dolphined"
  ],
  "log": "|j|\u2606guzzlordstrainer\n|j|\u2606dolphined\n|t:|1776537548\n|gametype|doubles\n|player|p1|guzzlordstrainer|brycen|1079\n|player|p2|dolphined|n|1037\n|gen|9\n|tier|[Gen 9 Champions] VGC 2026 Reg M-A\n|rated|\n|rule|Species Clause: Limit one of each Pok\u00e9mon\n|rule|Item Clause: Limit 1 of each item\n|clearpoke\n|poke|p1|Primarina, L50, F|\n|poke|p1|Incineroar, L50, M|\n|poke|p1|Clefable, L50, F, shiny|\n|poke|p1|Froslass, L50, F|\n|poke|p1|Corviknight, L50, M, shiny|\n|poke|p1|Meowstic, L50, M|\n|poke|p2|Tyranitar, L50, M|\n|poke|p2|Gardevoir, L50, M|\n|poke|p2|Gyarados, L50, F|\n|poke|p2|Excadrill, L50, F|\n|poke|p2|Sinistcha, L50|\n|poke|p2|Rotom-Heat, L50|\n|teampreview|4\n|inactive|Battle timer is ON: inactive players will automatically lose when time's up. (requested by guzzlordstrainer)\n|inactive|dolphined has 60 seconds left.\n|\n|t:|1776537626\n|teamsize|p1|4\n|teamsize|p2|4\n|start\n|switch|p1a: Primarina|Primarina, L50, F|100/100\n|switch|p1b: Meowstic|Meowstic, L50, M|100/100\n|switch|p2a: Gyarados|Gyarados, L50, F|100/100\n|switch|p2b: Gardevoir|Gardevoir, L50, M|100/100\n|-ability|p2a: Gyarados|Intimidate|boost\n|-unboost|p1a: Primarina|atk|1\n|-unboost|p1b: Meowstic|atk|1\n|turn|1\n|inactive|guzzlordstrainer has 30 seconds left.\n|inactive|dolphined has 30 seconds left.\n|inactive|guzzlordstrainer has 20 seconds left.\n|inactive|guzzlordstrainer has 15 seconds left.\n|\n|t:|1776537666\n|switch|p2b: Sinistcha|Sinistcha, L50|100/100\n|move|p1b: Meowstic|Reflect|p1b: Meowstic\n|-sidestart|p1: guzzlordstrainer|Reflect\n|move|p2a: Gyarados|Waterfall|p1b: Meowstic\n|-damage|p1b: Meowstic|72/100\n|move|p1a: Primarina|Blizzard|p2a: Gyarados|[spread] p2b\n|-miss|p1a: Primarina|p2a: Gyarados\n|-supereffective|p2b: Sinistcha|1\n|-damage|p2b: Sinistcha|40/100\n|-enditem|p2b: Sinistcha|Sitrus Berry|[eat]\n|-heal|p2b: Sinistcha|65/100|[from] item: Sitrus Berry\n|\n|upkeep\n|turn|2\n|\n|t:|1776537687\n|move|p2a: Gyarados|Waterfall|p1b: Meowstic\n|-crit|p1b: Meowstic\n|-damage|p1b: Meowstic|8/100\n|move|p2b: Sinistcha|Matcha Gotcha|p1a: Primarina|[spread] p1a,p1b\n|-supereffective|p1a: Primarina|1\n|-damage|p1a: Primarina|60/100\n|-heal|p2b: Sinistcha|85/100|[from] drain|[of] p1a: Primarina\n|-damage|p1b: Meowstic|0 fnt\n|-heal|p2b: Sinistcha|89/100|[from] drain|[of] p1b: Meowstic\n|faint|p1b: Meowstic\n|move|p1a: Primarina|Blizzard|p2b: Sinistcha|[spread] p2a\n|-miss|p1a: Primarina|p2b: Sinistcha\n|-damage|p2a: Gyarados|77/100\n|\n|-heal|p2a: Gyarados|83/100|[from] item: Leftovers\n|-heal|p1a: Primarina|66/100|[from] item: Leftovers\n|upkeep\n|\n|t:|1776537705\n|switch|p1b: Froslass|Froslass, L50, F|100/100\n|turn|3\n|inactive|dolphined has 30 seconds left.\n|inactive|dolphined has 20 seconds left.\n|\n|t:|1776537740\n|switch|p2a: Rotom|Rotom-Heat, L50|100/100\n|detailschange|p1b: Froslass|Froslass-Mega, L50, F\n|-mega|p1b: Froslass|Froslass|Froslassite\n|-weather|Snowscape|[from] ability: Snow Warning|[of] p1b: Froslass\n|move|p1b: Froslass|Blizzard|p2a: Rotom|[spread] p2a,p2b\n|-resisted|p2a: Rotom|1\n|-crit|p2a: Rotom\n|-supereffective|p2b: Sinistcha|1\n|-damage|p2a: Rotom|59/100\n|-damage|p2b: Sinistcha|0 fnt\n|faint|p2b: Sinistcha\n|move|p1a: Primarina|Blizzard|p2a: Rotom\n|-resisted|p2a: Rotom|1\n|-damage|p2a: Rotom|33/100\n|\n|-weather|Snowscape|[upkeep]\n|-heal|p1a: Primarina|72/100|[from] item: Leftovers\n|upkeep\n|\n|t:|1776537757\n|switch|p2b: Gardevoir|Gardevoir, L50, M|100/100\n|turn|4\n|\n|t:|1776537766\n|move|p2a: Rotom|Overheat|p1b: Froslass\n|-supereffective|p1b: Froslass|1\n|-damage|p1b: Froslass|0 fnt\n|-unboost|p2a: Rotom|spa|2\n|faint|p1b: Froslass\n|move|p2b: Gardevoir|Psyshock|p1a: Primarina\n|-damage|p1a: Primarina|24/100\n|move|p1a: Primarina|Blizzard|p2b: Gardevoir|[spread] p2a,p2b\n|-resisted|p2a: Rotom|1\n|-damage|p2a: Rotom|15/100\n|-damage|p2b: Gardevoir|75/100\n|\n|-weather|Snowscape|[upkeep]\n|-heal|p1a: Primarina|30/100|[from] item: Leftovers\n|upkeep\n|c|\u2606guzzlordstrainer|Is that scarf rotom?\n|\n|t:|1776537787\n|switch|p1b: Incineroar|Incineroar, L50, M|100/100\n|-ability|p1b: Incineroar|Intimidate|boost\n|-unboost|p2a: Rotom|atk|1\n|-unboost|p2b: Gardevoir|atk|1\n|turn|5\n|\n|t:|1776537811\n|switch|p2a: Gyarados|Gyarados, L50, F|83/100\n|-ability|p2a: Gyarados|Intimidate|boost\n|-unboost|p1a: Primarina|atk|1\n|-unboost|p1b: Incineroar|atk|1\n|move|p1b: Incineroar|Fake Out|p2b: Gardevoir\n|-damage|p2b: Gardevoir|66/100\n|cant|p2b: Gardevoir|flinch\n|move|p1a: Primarina|Hyper Voice|p2b: Gardevoir|[spread] p2a,p2b\n|-resisted|p2a: Gyarados|1\n|-damage|p2a: Gyarados|67/100\n|-damage|p2b: Gardevoir|28/100\n|\n|-weather|Snowscape|[upkeep]\n|-heal|p2a: Gyarados|73/100|[from] item: Leftovers\n|-heal|p1a: Primarina|36/100|[from] item: Leftovers\n|-sideend|p1: guzzlordstrainer|Reflect\n|upkeep\n|turn|6\n|\n|t:|1776537836\n|detailschange|p2b: Gardevoir|Gardevoir-Mega, L50, M\n|-mega|p2b: Gardevoir|Gardevoir|Gardevoirite\n|move|p2b: Gardevoir|Hyper Voice|p1a: Primarina|[spread] p1a,p1b\n|-damage|p1a: Primarina|0 fnt\n|-damage|p1b: Incineroar|58/100\n|faint|p1a: Primarina\n|move|p2a: Gyarados|Waterfall|p1b: Incineroar\n|-supereffective|p1b: Incineroar|1\n|-damage|p1b: Incineroar|0 fnt\n|faint|p1b: Incineroar\n|\n|win|dolphined\n|raw|guzzlordstrainer's rating: 1079 &rarr; <strong>1055</strong><br />(-24 for losing)\n|raw|dolphined's rating: 1037 &rarr; <strong>1076</strong><br />(+39 for winning)\n|c|\u2606dolphined|gg\n|l|\u2606guzzlordstrainer\n|player|p1|\n",
  "uploadtime": 1776537851,
  "views": 16,
  "formatid": "gen9championsvgc2026regma",
  "rating": 1055,
  "private": 0,
  "password": null
}