{
  "id": "gen9championsvgc2026regma-2582361210",
  "format": "[Gen 9 Champions] VGC 2026 Reg M-A",
  "players": [
    "Mask4M",
    "Gelerg"
  ],
  "log": "|j|\u2606Mask4M\n|j|\u2606Gelerg\n|t:|1776086385\n|gametype|doubles\n|player|p1|Mask4M|101|1153\n|player|p2|Gelerg|roughneck|1204\n|gen|9\n|tier|[Gen 9 Champions] VGC 2026 Reg M-A\n|rated|\n|rule|Species Clause: Limit one of each Pok\u00e9mon\n|rule|Item Clause: Limit 1 of each item\n|clearpoke\n|poke|p1|Glimmora, L50, M|\n|poke|p1|Meganium, L50, M|\n|poke|p1|Sneasler, L50, F|\n|poke|p1|Incineroar, L50, M|\n|poke|p1|Whimsicott, L50, F|\n|poke|p1|Gyarados, L50, F|\n|poke|p2|Torkoal, L50, F|\n|poke|p2|Venusaur, L50, M|\n|poke|p2|Dragonite, L50, F|\n|poke|p2|Maushold, L50|\n|poke|p2|Incineroar, L50, F|\n|poke|p2|Gallade, L50, M|\n|teampreview|4\nMask4M has agreed to open team sheets.\n|\n|t:|1776086459\n|teamsize|p1|4\n|teamsize|p2|4\n|start\n|switch|p1a: Sneasler|Sneasler, L50, F|100/100\n|switch|p1b: Glimmora|Glimmora, L50, M|100/100\n|switch|p2a: Incineroar|Incineroar, L50, F|100/100\n|switch|p2b: Gallade|Gallade, L50, M|100/100\n|-ability|p2a: Incineroar|Intimidate|boost\n|-unboost|p1a: Sneasler|atk|1\n|-unboost|p1b: Glimmora|atk|1\n|-enditem|p1a: Sneasler|White Herb\n|-clearnegativeboost|p1a: Sneasler|[silent]\n|turn|1\n|inactive|Battle timer is ON: inactive players will automatically lose when time's up. (requested by Mask4M)\n|inactive|Mask4M has 60 seconds left.\n|inactive|Gelerg has 60 seconds left.\n|\n|t:|1776086499\n|move|p1b: Glimmora|Spiky Shield|p1b: Glimmora\n|-singleturn|p1b: Glimmora|move: Protect\n|move|p1a: Sneasler|Fake Out|p2b: Gallade\n|-crit|p2b: Gallade\n|-damage|p2b: Gallade|64/100\n|move|p2a: Incineroar|Fake Out|p1a: Sneasler\n|-damage|p1a: Sneasler|80/100\n|cant|p2b: Gallade|flinch\n|\n|upkeep\n|turn|2\n|inactive|Mask4M has 30 seconds left.\n|inactive|Mask4M has 20 seconds left.\n|inactive|Mask4M has 15 seconds left.\n|inactive|Mask4M has 10 seconds left.\n|inactive|Mask4M has 5 seconds left.\n|\n|t:|1776086550\n|switch|p1b: Incineroar|Incineroar, L50, M|100/100\n|-ability|p1b: Incineroar|Intimidate|boost\n|-unboost|p2a: Incineroar|atk|1\n|-unboost|p2b: Gallade|atk|1\n|move|p1a: Sneasler|Dire Claw|p2a: Incineroar\n|-crit|p2a: Incineroar\n|-damage|p2a: Incineroar|32/100\n|-status|p2a: Incineroar|psn\n|-enditem|p2a: Incineroar|Sitrus Berry|[eat]\n|-heal|p2a: Incineroar|57/100 psn|[from] item: Sitrus Berry\n|move|p2a: Incineroar|Parting Shot|p1b: Incineroar\n|-unboost|p1b: Incineroar|atk|1\n|-unboost|p1b: Incineroar|spa|1\n|\n|t:|1776086565\n|switch|p2a: Torkoal|Torkoal, L50, F|100/100|[from] Parting Shot\n|-weather|SunnyDay|[from] ability: Drought|[of] p2a: Torkoal\n|move|p2b: Gallade|Trick Room|p2b: Gallade\n|-fieldstart|move: Trick Room|[of] p2b: Gallade\n|\n|-weather|SunnyDay|[upkeep]\n|upkeep\n|turn|3\n|\n|t:|1776086585\n|move|p2a: Torkoal|Protect|p2a: Torkoal\n|-singleturn|p2a: Torkoal|Protect\n|move|p1a: Sneasler|Protect|p1a: Sneasler\n|-singleturn|p1a: Sneasler|Protect\n|move|p1b: Incineroar|Parting Shot|p2a: Torkoal\n|-activate|p2a: Torkoal|move: Protect\n|move|p2b: Gallade|Sacred Sword|p1b: Incineroar\n|-supereffective|p1b: Incineroar|1\n|-damage|p1b: Incineroar|43/100\n|-enditem|p1b: Incineroar|Sitrus Berry|[eat]\n|-heal|p1b: Incineroar|68/100|[from] item: Sitrus Berry\n|\n|-weather|SunnyDay|[upkeep]\n|upkeep\n|turn|4\n|\n|t:|1776086607\n|move|p2a: Torkoal|Eruption|p1b: Incineroar|[spread] p1a,p1b\n|-resisted|p1b: Incineroar|1\n|-damage|p1a: Sneasler|0 fnt\n|-damage|p1b: Incineroar|25/100\n|faint|p1a: Sneasler\n|move|p1b: Incineroar|Throat Chop|p2a: Torkoal\n|-damage|p2a: Torkoal|85/100\n|-start|p2a: Torkoal|Throat Chop|[silent]\n|move|p2b: Gallade|Psycho Cut|p1b: Incineroar\n|-immune|p1b: Incineroar\n|\n|-weather|SunnyDay|[upkeep]\n|upkeep\n|\n|t:|1776086619\n|switch|p1a: Glimmora|Glimmora, L50, M|100/100\n|turn|5\n|\n|t:|1776086642\n|switch|p1b: Whimsicott|Whimsicott, L50, F|100/100\n|move|p1a: Glimmora|Spiky Shield|p1a: Glimmora\n|-singleturn|p1a: Glimmora|move: Protect\n|move|p2a: Torkoal|Eruption|p1b: Whimsicott|[spread] p1b\n|-activate|p1a: Glimmora|move: Protect\n|-supereffective|p1b: Whimsicott|1\n|-enditem|p1b: Whimsicott|Focus Sash\n|-damage|p1b: Whimsicott|1/100\n|move|p2b: Gallade|Sacred Sword|p1b: Whimsicott\n|-resisted|p1b: Whimsicott|1\n|-damage|p1b: Whimsicott|0 fnt\n|faint|p1b: Whimsicott\n|\n|-weather|SunnyDay|[upkeep]\n|-end|p2a: Torkoal|Throat Chop|[silent]\n|upkeep\n|\n|t:|1776086657\n|switch|p1b: Incineroar|Incineroar, L50, M|25/100\n|-ability|p1b: Incineroar|Intimidate|boost\n|-unboost|p2a: Torkoal|atk|1\n|-unboost|p2b: Gallade|atk|1\n|turn|6\n|\n|t:|1776086675\n|detailschange|p1a: Glimmora|Glimmora-Mega, L50, M\n|-mega|p1a: Glimmora|Glimmora|Glimmoranite\n|move|p1b: Incineroar|Fake Out|p2b: Gallade\n|-crit|p2b: Gallade\n|-damage|p2b: Gallade|41/100\n|move|p2a: Torkoal|Solar Beam||[still]\n|-prepare|p2a: Torkoal|Solar Beam\n|-anim|p2a: Torkoal|Solar Beam|p1a: Glimmora\n|-damage|p1a: Glimmora|57/100\n|cant|p2b: Gallade|flinch\n|move|p1a: Glimmora|Sludge Bomb|p2b: Gallade\n|-damage|p2b: Gallade|0 fnt\n|faint|p2b: Gallade\n|\n|-weather|none\n|-fieldend|move: Trick Room\n|upkeep\n|\n|t:|1776086687\n|switch|p2b: Incineroar|Incineroar, L50, F|57/100 psn\n|-ability|p2b: Incineroar|Intimidate|boost\n|-unboost|p1a: Glimmora|atk|1\n|-unboost|p1b: Incineroar|atk|1\n|turn|7\n|inactive|Mask4M has 30 seconds left.\n|\n|t:|1776086713\n|move|p1a: Glimmora|Spiky Shield|p1a: Glimmora\n|-singleturn|p1a: Glimmora|move: Protect\n|move|p2b: Incineroar|Fake Out|p1a: Glimmora\n|-activate|p1a: Glimmora|move: Protect\n|-damage|p2b: Incineroar|45/100 psn|[from] Spiky Shield|[of] p1a: Glimmora\n|move|p1b: Incineroar|Throat Chop|p2a: Torkoal\n|-damage|p2a: Torkoal|68/100\n|-start|p2a: Torkoal|Throat Chop|[silent]\n|move|p2a: Torkoal|Eruption|p1b: Incineroar|[spread] p1b\n|-activate|p1a: Glimmora|move: Protect\n|-resisted|p1b: Incineroar|1\n|-damage|p1b: Incineroar|6/100\n|\n|-damage|p2b: Incineroar|33/100 psn|[from] psn\n|upkeep\n|turn|8\n|\n|t:|1776086735\n|move|p2a: Torkoal|Protect|p2a: Torkoal\n|-singleturn|p2a: Torkoal|Protect\n|move|p1a: Glimmora|Power Gem|p2a: Torkoal\n|-activate|p2a: Torkoal|move: Protect\n|move|p1b: Incineroar|Flare Blitz|p2b: Incineroar\n|-resisted|p2b: Incineroar|1\n|-damage|p2b: Incineroar|18/100 psn\n|-damage|p1b: Incineroar|1/100|[from] Recoil\n|move|p2b: Incineroar|Parting Shot|p1a: Glimmora\n|-unboost|p1a: Glimmora|atk|1\n|-unboost|p1a: Glimmora|spa|1\n|\n|t:|1776086745\n|switch|p2b: Dragonite|Dragonite, L50, F|100/100|[from] Parting Shot\n|\n|-end|p2a: Torkoal|Throat Chop|[silent]\n|upkeep\n|turn|9\n|inactive|Mask4M has 30 seconds left.\n|\n|t:|1776086774\n|switch|p2a: Incineroar|Incineroar, L50, F|18/100 psn\n|-ability|p2a: Incineroar|Intimidate|boost\n|-unboost|p1a: Glimmora|atk|1\n|-unboost|p1b: Incineroar|atk|1\n|detailschange|p2b: Dragonite|Dragonite-Mega, L50, F\n|-mega|p2b: Dragonite|Dragonite|Dragoninite\n|move|p1a: Glimmora|Power Gem|p2b: Dragonite\n|-supereffective|p2b: Dragonite|1\n|-damage|p2b: Dragonite|67/100\n|move|p2b: Dragonite|Draco Meteor|p1a: Glimmora\n|-damage|p1a: Glimmora|0 fnt\n|-unboost|p2b: Dragonite|spa|2\n|faint|p1a: Glimmora\n|move|p1b: Incineroar|Throat Chop|p2b: Dragonite\n|-damage|p2b: Dragonite|51/100\n|-start|p2b: Dragonite|Throat Chop|[silent]\n|\n|-damage|p2a: Incineroar|5/100 psn|[from] psn\n|upkeep\n|turn|10\n|-message|Mask4M forfeited.\n|\n|win|Gelerg\n|raw|Mask4M's rating: 1153 &rarr; <strong>1132</strong><br />(-21 for losing)\n|raw|Gelerg's rating: 1204 &rarr; <strong>1225</strong><br />(+21 for winning)\n",
  "uploadtime": 1776086793,
  "views": 31,
  "formatid": "gen9championsvgc2026regma",
  "rating": 1132,
  "private": 0,
  "password": null
}