{
  "id": "gen9championsvgc2026regma-2582529595",
  "format": "[Gen 9 Champions] VGC 2026 Reg M-A",
  "players": [
    "theilldigi",
    "lonzoqing"
  ],
  "log": "|j|\u2606theilldigi\n|j|\u2606lonzoqing\n|t:|1776097509\n|gametype|doubles\n|player|p1|theilldigi|101|1083\n|player|p2|lonzoqing|psychic|1040\n|gen|9\n|tier|[Gen 9 Champions] VGC 2026 Reg M-A\n|rated|\n|rule|Species Clause: Limit one of each Pok\u00e9mon\n|rule|Item Clause: Limit 1 of each item\n|clearpoke\n|poke|p1|Floette-Eternal, L50, F|\n|poke|p1|Aerodactyl, L50, M|\n|poke|p1|Incineroar, L50, M|\n|poke|p1|Garchomp, L50, M|\n|poke|p1|Charizard, L50, M|\n|poke|p1|Venusaur, L50, M|\n|poke|p2|Sinistcha, L50|\n|poke|p2|Sneasler, L50, F|\n|poke|p2|Milotic, L50, M|\n|poke|p2|Incineroar, L50, F|\n|poke|p2|Charizard, L50, M|\n|poke|p2|Kingambit, L50, M|\n|teampreview|4\n|\n|t:|1776097560\n|teamsize|p1|4\n|teamsize|p2|4\n|start\n|switch|p1a: Aerodactyl|Aerodactyl, L50, M|100/100\n|switch|p1b: Garchomp|Garchomp, L50, M|100/100\n|switch|p2a: Milotic|Milotic, L50, M|100/100\n|switch|p2b: Charizard|Charizard, L50, M|100/100\n|-ability|p1a: Aerodactyl|Unnerve\n|turn|1\n|inactive|Battle timer is ON: inactive players will automatically lose when time's up. (requested by lonzoqing)\n|\n|t:|1776097591\n|move|p2b: Charizard|Protect|p2b: Charizard\n|-singleturn|p2b: Charizard|Protect\n|move|p1b: Garchomp|Dragon Claw|p2a: Milotic\n|-damage|p2a: Milotic|51/100\n|move|p1a: Aerodactyl|Rock Slide|p2b: Charizard|[spread] p2a\n|-activate|p2b: Charizard|move: Protect\n|-damage|p2a: Milotic|23/100\n|move|p2a: Milotic|Icy Wind|p1b: Garchomp|[spread] p1a,p1b\n|-supereffective|p1a: Aerodactyl|1\n|-supereffective|p1b: Garchomp|2\n|-damage|p1a: Aerodactyl|72/100\n|-damage|p1b: Garchomp|56/100\n|-unboost|p1a: Aerodactyl|spe|1\n|-unboost|p1b: Garchomp|spe|1\n|\n|upkeep\n|turn|2\n|inactive|theilldigi has 30 seconds left.\n|inactive|lonzoqing has 30 seconds left.\n|inactive|theilldigi has 20 seconds left.\n|inactive|lonzoqing has 20 seconds left.\n|inactive|theilldigi has 15 seconds left.\n|inactive|lonzoqing has 15 seconds left.\n|\n|t:|1776097632\n|detailschange|p2b: Charizard|Charizard-Mega-Y, L50, M\n|-mega|p2b: Charizard|Charizard|Charizardite Y\n|-weather|SunnyDay|[from] ability: Drought|[of] p2b: Charizard\n|move|p2b: Charizard|Solar Beam||[still]\n|-prepare|p2b: Charizard|Solar Beam\n|-anim|p2b: Charizard|Solar Beam|p1a: Aerodactyl\n|-damage|p1a: Aerodactyl|0 fnt\n|faint|p1a: Aerodactyl\n|move|p1b: Garchomp|Dragon Claw|p2b: Charizard\n|-damage|p2b: Charizard|38/100\n|move|p2a: Milotic|Icy Wind|p1b: Garchomp\n|-supereffective|p1b: Garchomp|2\n|-damage|p1b: Garchomp|0 fnt\n|faint|p1b: Garchomp\n|\n|-weather|SunnyDay|[upkeep]\n|upkeep\n|\n|t:|1776097640\n|switch|p1a: Venusaur|Venusaur, L50, M|100/100\n|switch|p1b: Charizard|Charizard, L50, M, shiny|100/100\n|turn|3\n|inactive|theilldigi has 30 seconds left.\n|inactive|theilldigi has 20 seconds left.\n|inactive|theilldigi has 15 seconds left.\n|\n|t:|1776097685\n|detailschange|p1b: Charizard|Charizard-Mega-Y, L50, M, shiny\n|-mega|p1b: Charizard|Charizard|Charizardite Y\n|move|p2b: Charizard|Protect|p2b: Charizard\n|-singleturn|p2b: Charizard|Protect\n|move|p1a: Venusaur|Sludge Bomb|p2a: Milotic\n|-damage|p2a: Milotic|0 fnt\n|faint|p2a: Milotic\n|move|p1b: Charizard|Weather Ball|p2b: Charizard\n|-activate|p2b: Charizard|move: Protect\n|\n|-weather|SunnyDay|[upkeep]\n|upkeep\n|\n|t:|1776097700\n|switch|p2a: Sinistcha|Sinistcha, L50|100/100\n|-heal|p2b: Charizard|63/100|[from] ability: Hospitality|[of] p2a: Sinistcha\n|turn|4\n|\n|t:|1776097721\n|move|p1a: Venusaur|Sleep Powder|p2b: Charizard\n|-status|p2b: Charizard|slp|[from] move: Sleep Powder\n|cant|p2b: Charizard|slp\n|move|p1b: Charizard|Weather Ball|p2a: Sinistcha\n|-supereffective|p2a: Sinistcha|1\n|-damage|p2a: Sinistcha|0 fnt\n|faint|p2a: Sinistcha\n|\n|-weather|SunnyDay|[upkeep]\n|upkeep\n|\n|t:|1776097733\n|switch|p2a: Sneasler|Sneasler, L50, F|100/100\n|turn|5\n|\n|t:|1776097747\n|move|p1b: Charizard|Protect|p1b: Charizard\n|-singleturn|p1b: Charizard|Protect\n|move|p2a: Sneasler|Fake Out|p1a: Venusaur\n|-damage|p1a: Venusaur|82/100\n|cant|p1a: Venusaur|flinch\n|cant|p2b: Charizard|slp\n|\n|-weather|SunnyDay|[upkeep]\n|upkeep\n|turn|6\n|\n|t:|1776097765\n|move|p1a: Venusaur|Earth Power|p2a: Sneasler\n|-supereffective|p2a: Sneasler|1\n|-damage|p2a: Sneasler|20/100\n|move|p2a: Sneasler|Dire Claw|p1a: Venusaur\n|-damage|p1a: Venusaur|27/100\n|-curestatus|p2b: Charizard|slp|[msg]\n|move|p2b: Charizard|Heat Wave|p1a: Venusaur|[spread] p1a,p1b\n|-supereffective|p1a: Venusaur|1\n|-resisted|p1b: Charizard|1\n|-damage|p1a: Venusaur|0 fnt\n|-damage|p1b: Charizard|67/100\n|faint|p1a: Venusaur\n|move|p1b: Charizard|Weather Ball|p2b: Charizard\n|-resisted|p2b: Charizard|1\n|-damage|p2b: Charizard|10/100\n|\n|-weather|none\n|upkeep\n|turn|7\n|inactive|lonzoqing has 30 seconds left.\n|\n|t:|1776097793\n|move|p2a: Sneasler|Dire Claw|p1b: Charizard\n|-damage|p1b: Charizard|14/100\n|move|p2b: Charizard|Heat Wave|p1b: Charizard\n|-resisted|p1b: Charizard|1\n|-damage|p1b: Charizard|0 fnt\n|faint|p1b: Charizard\n|\n|win|lonzoqing\n",
  "uploadtime": 1776097511,
  "views": 9,
  "formatid": "gen9championsvgc2026regma",
  "rating": null,
  "private": 0,
  "password": null
}