{
  "id": "gen9championsvgc2026regma-2582979620",
  "format": "[Gen 9 Champions] VGC 2026 Reg M-A",
  "players": [
    "Zhm/r",
    "Phoenixlex"
  ],
  "log": "|j|\u2606Zhm/r\n|j|\u2606Phoenixlex\n|t:|1776130343\n|gametype|doubles\n|player|p1|Zhm/r|clown|1147\n|player|p2|Phoenixlex|pokemaniac|1151\n|gen|9\n|tier|[Gen 9 Champions] VGC 2026 Reg M-A\n|rated|\n|rule|Species Clause: Limit one of each Pok\u00e9mon\n|rule|Item Clause: Limit 1 of each item\n|clearpoke\n|poke|p1|Aggron, L50, M|\n|poke|p1|Slowbro, L50, F|\n|poke|p1|Incineroar, L50, F|\n|poke|p1|Sinistcha, L50|\n|poke|p1|Garchomp, L50, M|\n|poke|p1|Tyranitar, L50, M|\n|poke|p2|Blastoise, L50, M|\n|poke|p2|Raichu, L50, F|\n|poke|p2|Ninetales-Alola, L50, F|\n|poke|p2|Clefable, L50, F|\n|poke|p2|Sneasler, L50, M|\n|poke|p2|Arcanine-Hisui, L50, F|\n|teampreview|4\n|\n|t:|1776130374\n|teamsize|p1|4\n|teamsize|p2|4\n|start\n|switch|p1a: Aggron|Aggron, L50, M|100/100\n|switch|p1b: Slowbro|Slowbro, L50, F|100/100\n|switch|p2a: Sneasler|Sneasler, L50, M|100/100\n|switch|p2b: Raichu|Raichu, L50, F|100/100\n|turn|1\n|\n|t:|1776130386\n|move|p1a: Aggron|Protect|p1a: Aggron\n|-singleturn|p1a: Aggron|Protect\n|move|p2b: Raichu|Fake Out|p1b: Slowbro\n|-damage|p1b: Slowbro|94/100\n|move|p2a: Sneasler|Close Combat|p1a: Aggron\n|-activate|p1a: Aggron|move: Protect\n|cant|p1b: Slowbro|flinch\n|\n|-heal|p1b: Slowbro|99/100|[from] item: Leftovers\n|upkeep\n|turn|2\n|\n|t:|1776130407\n|switch|p1a: Sinistcha|Sinistcha, L50|100/100\n|-heal|p1b: Slowbro|100/100|[from] ability: Hospitality|[of] p1a: Sinistcha\n|move|p2a: Sneasler|Protect|p2a: Sneasler\n|-singleturn|p2a: Sneasler|Protect\n|move|p2b: Raichu|Volt Switch|p1b: Slowbro\n|-supereffective|p1b: Slowbro|1\n|-damage|p1b: Slowbro|67/100\n|\n|t:|1776130418\n|switch|p2b: Clefable|Clefable, L50, F|100/100|[from] Volt Switch\n|move|p1b: Slowbro|Trick Room|p1b: Slowbro\n|-fieldstart|move: Trick Room|[of] p1b: Slowbro\n|\n|-heal|p1b: Slowbro|73/100|[from] item: Leftovers\n|upkeep\n|turn|3\n|inactive|Battle timer is ON: inactive players will automatically lose when time's up. (requested by Zhm/r)\n|inactive|Phoenixlex has 60 seconds left.\n|inactive|Phoenixlex has 30 seconds left.\n|\n|t:|1776130525\n|switch|p1a: Aggron|Aggron, L50, M|100/100\n|move|p2b: Clefable|Follow Me|p2b: Clefable\n|-singleturn|p2b: Clefable|move: Follow Me\n|move|p1b: Slowbro|Light Screen|p1b: Slowbro\n|-sidestart|p1: Zhm/r|move: Light Screen\n|move|p2a: Sneasler|Dire Claw|p1a: Aggron\n|-immune|p1a: Aggron\n|\n|-heal|p1b: Slowbro|79/100|[from] item: Leftovers\n|upkeep\n|turn|4\n|\n|t:|1776130549\n|detailschange|p1a: Aggron|Aggron-Mega, L50, M\n|-mega|p1a: Aggron|Aggron|Aggronite\n|move|p2b: Clefable|Helping Hand|p2a: Sneasler\n|-singleturn|p2a: Sneasler|Helping Hand|[of] p2b: Clefable\n|move|p1b: Slowbro|Scald|p2a: Sneasler\n|-damage|p2a: Sneasler|66/100\n|move|p1a: Aggron|Iron Head|p2b: Clefable\n|-supereffective|p2b: Clefable|1\n|-damage|p2b: Clefable|38/100\n|move|p2a: Sneasler|Close Combat|p1a: Aggron\n|-supereffective|p1a: Aggron|1\n|-damage|p1a: Aggron|29/100\n|-unboost|p2a: Sneasler|def|1\n|-unboost|p2a: Sneasler|spd|1\n|-enditem|p2a: Sneasler|White Herb\n|-clearnegativeboost|p2a: Sneasler|[silent]\n|\n|-heal|p1b: Slowbro|85/100|[from] item: Leftovers\n|-heal|p2b: Clefable|44/100|[from] item: Leftovers\n|upkeep\n|turn|5\n|\n|t:|1776130571\n|switch|p1b: Sinistcha|Sinistcha, L50|100/100\n|-heal|p1a: Aggron|54/100|[from] ability: Hospitality|[of] p1b: Sinistcha\n|move|p2b: Clefable|Protect|p2b: Clefable\n|-singleturn|p2b: Clefable|Protect\n|move|p1a: Aggron|Iron Head|p2b: Clefable\n|-activate|p2b: Clefable|move: Protect\n|move|p2a: Sneasler|Close Combat|p1a: Aggron\n|-supereffective|p1a: Aggron|1\n|-damage|p1a: Aggron|11/100\n|-unboost|p2a: Sneasler|def|1\n|-unboost|p2a: Sneasler|spd|1\n|\n|-heal|p2b: Clefable|50/100|[from] item: Leftovers\n|upkeep\n|turn|6\n|inactive|Zhm/r has 30 seconds left.\n|\n|t:|1776130596\n|switch|p1a: Incineroar|Incineroar, L50, F|100/100\n|-ability|p1a: Incineroar|Intimidate|boost\n|-unboost|p2a: Sneasler|atk|1\n|-unboost|p2b: Clefable|atk|1\n|switch|p2b: Raichu|Raichu, L50, F|100/100\n|move|p2a: Sneasler|Protect|p2a: Sneasler\n|-singleturn|p2a: Sneasler|Protect\n|move|p1b: Sinistcha|Matcha Gotcha|p2b: Raichu|[spread] p2b\n|-activate|p2a: Sneasler|move: Protect\n|-damage|p2b: Raichu|66/100\n|\n|-fieldend|move: Trick Room\n|upkeep\n|turn|7\n|inactive|Zhm/r has 30 seconds left.\n|\n|t:|1776130628\n|switch|p2a: Clefable|Clefable, L50, F|50/100\n|move|p2b: Raichu|Fake Out|p1a: Incineroar\n|-damage|p1a: Incineroar|93/100\n|cant|p1a: Incineroar|flinch\n|move|p1b: Sinistcha|Matcha Gotcha|p2b: Raichu|[spread] p2a,p2b\n|-damage|p2a: Clefable|28/100\n|-damage|p2b: Raichu|32/100\n|\n|-heal|p2a: Clefable|34/100|[from] item: Leftovers\n|-sideend|p1: Zhm/r|move: Light Screen\n|upkeep\n|turn|8\n|inactive|Zhm/r has 30 seconds left.\n|inactive|Zhm/r has 20 seconds left.\n|\n|t:|1776130667\n|move|p2b: Raichu|Endeavor|p1a: Incineroar\n|-damage|p1a: Incineroar|26/100\n|move|p1b: Sinistcha|Matcha Gotcha|p2b: Raichu|[spread] p2a,p2b\n|-crit|p2a: Clefable\n|-damage|p2a: Clefable|0 fnt\n|-damage|p2b: Raichu|0 fnt\n|faint|p2a: Clefable\n|faint|p2b: Raichu\n|move|p1a: Incineroar|Flare Blitz|p2: Clefable|[notarget]\n|-fail|p1a: Incineroar\n|\n|upkeep\n|\n|t:|1776130675\n|switch|p2b: Blastoise|Blastoise, L50, M|100/100\n|switch|p2a: Sneasler|Sneasler, L50, M|66/100\n|turn|9\n|\n|t:|1776130698\n|switch|p1a: Slowbro|Slowbro, L50, F|100/100\n|detailschange|p2b: Blastoise|Blastoise-Mega, L50, M\n|-mega|p2b: Blastoise|Blastoise|Blastoisinite\n|move|p2a: Sneasler|Dire Claw|p1a: Slowbro\n|-damage|p1a: Slowbro|66/100\n|move|p2b: Blastoise|Shell Smash|p2b: Blastoise\n|-unboost|p2b: Blastoise|def|1\n|-unboost|p2b: Blastoise|spd|1\n|-boost|p2b: Blastoise|atk|2\n|-boost|p2b: Blastoise|spa|2\n|-boost|p2b: Blastoise|spe|2\n|move|p1b: Sinistcha|Matcha Gotcha|p2a: Sneasler|[spread] p2a,p2b\n|-resisted|p2a: Sneasler|1\n|-supereffective|p2b: Blastoise|1\n|-damage|p2a: Sneasler|50/100\n|-damage|p2b: Blastoise|24/100\n|\n|-heal|p1a: Slowbro|72/100|[from] item: Leftovers\n|upkeep\n|turn|10\n|inactive|Zhm/r has 30 seconds left.\n|\n|t:|1776130727\n|move|p2b: Blastoise|Dragon Pulse|p1a: Slowbro\n|-damage|p1a: Slowbro|4/100\n|move|p2a: Sneasler|Dire Claw|p1b: Sinistcha\n|-damage|p1b: Sinistcha|63/100\n|move|p1b: Sinistcha|Matcha Gotcha|p2a: Sneasler|[spread] p2a,p2b\n|-resisted|p2a: Sneasler|1\n|-supereffective|p2b: Blastoise|1\n|-damage|p2a: Sneasler|33/100\n|-heal|p1b: Sinistcha|71/100|[from] drain|[of] p2a: Sneasler\n|-damage|p2b: Blastoise|0 fnt\n|-heal|p1b: Sinistcha|81/100|[from] drain|[of] p2b: Blastoise\n|-status|p2a: Sneasler|brn\n|faint|p2b: Blastoise\n|move|p1a: Slowbro|Scald|p2a: Sneasler\n|-damage|p2a: Sneasler|0 fnt\n|faint|p2a: Sneasler\n|\n|win|Zhm/r\n|raw|Zhm&#x2f;r's rating: 1147 &rarr; <strong>1172</strong><br />(+25 for winning)\n|raw|Phoenixlex's rating: 1151 &rarr; <strong>1126</strong><br />(-25 for losing)\n|l|\u2606Phoenixlex\n|player|p2|\n",
  "uploadtime": 1776130746,
  "views": 17,
  "formatid": "gen9championsvgc2026regma",
  "rating": 1126,
  "private": 0,
  "password": null
}