{
  "id": "gen9championsvgc2026regma-2581375634",
  "format": "[Gen 9 Champions] VGC 2026 Reg M-A",
  "players": [
    "nu mital",
    "ConfuzzeldMaster"
  ],
  "log": "|j|\u2606nu mital\n|j|\u2606ConfuzzeldMaster\n|t:|1775993500\n|gametype|doubles\n|player|p1|nu mital|1|1022\n|player|p2|ConfuzzeldMaster|giovanni|1000\n|gen|9\n|tier|[Gen 9 Champions] VGC 2026 Reg M-A\n|rated|\n|rule|Species Clause: Limit one of each Pok\u00e9mon\n|rule|Item Clause: Limit 1 of each item\n|clearpoke\n|poke|p1|Froslass, L50, F|\n|poke|p1|Scizor, L50, F|\n|poke|p1|Gyarados, L50, M|\n|poke|p1|Garchomp, L50, F|\n|poke|p1|Armarouge, L50, F|\n|poke|p1|Glimmora, L50, F|\n|poke|p2|Beedrill, L50, F|\n|poke|p2|Lycanroc-Dusk, L50, M|\n|poke|p2|Maushold, L50|\n|poke|p2|Incineroar, L50, M|\n|poke|p2|Tsareena, L50, F|\n|poke|p2|Feraligatr, L50, F|\n|teampreview|4\nConfuzzeldMaster has agreed to open team sheets.\n|inactive|Battle timer is ON: inactive players will automatically lose when time's up. (requested by nu mital)\n|inactive|nu mital has 60 seconds left.\n|inactive|ConfuzzeldMaster has 60 seconds left.\n|\n|t:|1775993565\n|teamsize|p1|4\n|teamsize|p2|4\n|start\n|switch|p1a: Gyarados|Gyarados, L50, M|100/100\n|switch|p1b: Garchomp|Garchomp, L50, F|100/100\n|switch|p2a: Incineroar|Incineroar, L50, M|100/100\n|switch|p2b: Feraligatr|Feraligatr, L50, F|100/100\n|-ability|p1a: Gyarados|Intimidate|boost\n|-unboost|p2a: Incineroar|atk|1\n|-unboost|p2b: Feraligatr|atk|1\n|-ability|p2a: Incineroar|Intimidate|boost\n|-unboost|p1a: Gyarados|atk|1\n|-unboost|p1b: Garchomp|atk|1\n|turn|1\n|inactive|ConfuzzeldMaster has 30 seconds left.\n|\n|t:|1775993591\n|switch|p1b: Glimmora|Glimmora, L50, F|100/100\n|detailschange|p2b: Feraligatr|Feraligatr-Mega, L50, F\n|-mega|p2b: Feraligatr|Feraligatr|Feraligite\n|move|p2a: Incineroar|Fake Out|p1a: Gyarados\n|-damage|p1a: Gyarados|93/100\n|cant|p1a: Gyarados|flinch\n|move|p2b: Feraligatr|Double-Edge|p1b: Glimmora\n|-damage|p1b: Glimmora|33/100\n|-activate|p1b: Glimmora|ability: Toxic Debris\n|-sidestart|p2: ConfuzzeldMaster|move: Toxic Spikes\n|-damage|p2b: Feraligatr|78/100|[from] Recoil\n|\n|upkeep\n|turn|2\n|inactive|ConfuzzeldMaster has 30 seconds left.\n|\n|t:|1775993622\n|move|p2b: Feraligatr|Aqua Jet|p1b: Glimmora\n|-supereffective|p1b: Glimmora|1\n|-damage|p1b: Glimmora|0 fnt\n|-activate|p1b: Glimmora|ability: Toxic Debris\n|-sidestart|p2: ConfuzzeldMaster|move: Toxic Spikes\n|faint|p1b: Glimmora\n|move|p1a: Gyarados|Thunder Wave|p2b: Feraligatr\n|-status|p2b: Feraligatr|par\n|move|p2a: Incineroar|Parting Shot|p1a: Gyarados\n|-unboost|p1a: Gyarados|atk|1\n|-unboost|p1a: Gyarados|spa|1\n|\n|t:|1775993640\n|switch|p2a: Maushold|Maushold, L50|100/100|[from] Parting Shot\n|-status|p2a: Maushold|tox\n|\n|-damage|p2a: Maushold|94/100 tox|[from] psn\n|upkeep\n|\n|t:|1775993656\n|switch|p1b: Garchomp|Garchomp, L50, F|100/100\n|turn|3\n|\n|t:|1775993668\n|switch|p1a: Froslass|Froslass, L50, F, shiny|100/100\n|switch|p2b: Incineroar|Incineroar, L50, M|100/100\n|-status|p2b: Incineroar|tox\n|-ability|p2b: Incineroar|Intimidate|boost\n|-unboost|p1a: Froslass|atk|1\n|-unboost|p1b: Garchomp|atk|1\n|move|p2a: Maushold|Follow Me|p2a: Maushold\n|-singleturn|p2a: Maushold|move: Follow Me\n|move|p1b: Garchomp|Dragon Claw|p2a: Maushold\n|-damage|p2a: Maushold|56/100 tox\n|\n|-damage|p2a: Maushold|44/100 tox|[from] psn\n|-damage|p2b: Incineroar|94/100 tox|[from] psn\n|upkeep\n|turn|4\n|inactive|ConfuzzeldMaster has 30 seconds left.\n|\n|t:|1775993700\n|switch|p1a: Gyarados|Gyarados, L50, M|93/100\n|-ability|p1a: Gyarados|Intimidate|boost\n|-unboost|p2a: Maushold|atk|1\n|-unboost|p2b: Incineroar|atk|1\n|move|p1b: Garchomp|Dragon Claw|p2b: Incineroar\n|-damage|p2b: Incineroar|77/100 tox\n|move|p2a: Maushold|Population Bomb|p1b: Garchomp|[miss]\n|-miss|p2a: Maushold|p1b: Garchomp\n|move|p2b: Incineroar|Flare Blitz|p1a: Gyarados\n|-resisted|p1a: Gyarados|1\n|-damage|p1a: Gyarados|78/100\n|-damage|p2b: Incineroar|73/100 tox|[from] Recoil\n|\n|-damage|p2a: Maushold|25/100 tox|[from] psn\n|-damage|p2b: Incineroar|61/100 tox|[from] psn\n|upkeep\n|turn|5\n|inactive|ConfuzzeldMaster has 30 seconds left.\n|\n|t:|1775993726\n|switch|p1b: Froslass|Froslass, L50, F, shiny|100/100\n|move|p2a: Maushold|Follow Me|p2a: Maushold\n|-singleturn|p2a: Maushold|move: Follow Me\n|move|p1a: Gyarados|Waterfall|p2a: Maushold\n|-damage|p2a: Maushold|0 fnt\n|faint|p2a: Maushold\n|move|p2b: Incineroar|Parting Shot|p1a: Gyarados\n|-unboost|p1a: Gyarados|atk|1\n|-unboost|p1a: Gyarados|spa|1\n|\n|t:|1775993739\n|switch|p2b: Lycanroc|Lycanroc-Dusk, L50, M|100/100|[from] Parting Shot\n|-status|p2b: Lycanroc|tox\n|\n|-damage|p2b: Lycanroc|94/100 tox|[from] psn\n|upkeep\n|\n|t:|1775993751\n|switch|p2a: Feraligatr|Feraligatr-Mega, L50, F|78/100 par\n|turn|6\n|\n|t:|1775993770\n|switch|p1a: Garchomp|Garchomp, L50, F|100/100\n|detailschange|p1b: Froslass|Froslass-Mega, L50, F, shiny\n|-mega|p1b: Froslass|Froslass|Froslassite\n|-weather|Snowscape|[from] ability: Snow Warning|[of] p1b: Froslass\n|cant|p2a: Feraligatr|par\n|move|p2b: Lycanroc|Stone Edge|p1b: Froslass|[miss]\n|-miss|p2b: Lycanroc|p1b: Froslass\n|move|p1b: Froslass|Icy Wind|p2a: Feraligatr|[spread] p2a,p2b\n|-crit|p2a: Feraligatr\n|-damage|p2a: Feraligatr|33/100 par\n|-damage|p2b: Lycanroc|52/100 tox\n|-unboost|p2a: Feraligatr|spe|1\n|-unboost|p2b: Lycanroc|spe|1\n|\n|-weather|Snowscape|[upkeep]\n|-damage|p2b: Lycanroc|40/100 tox|[from] psn\n|upkeep\n|turn|7\n|c|\u2606ConfuzzeldMaster|aw'\n|c|\u2606ConfuzzeldMaster|well\n|c|\u2606ConfuzzeldMaster|damn\n|\n|t:|1775993794\n|move|p2a: Feraligatr|Protect|p2a: Feraligatr\n|-singleturn|p2a: Feraligatr|Protect\n|move|p1a: Garchomp|Dragon Claw|p2a: Feraligatr\n|-activate|p2a: Feraligatr|move: Protect\n|move|p1b: Froslass|Shadow Ball|p2b: Lycanroc\n|-damage|p2b: Lycanroc|0 fnt\n|faint|p2b: Lycanroc\n|\n|-weather|Snowscape|[upkeep]\n|upkeep\n|\n|t:|1775993810\n|switch|p2b: Incineroar|Incineroar, L50, M|61/100 tox\n|-ability|p2b: Incineroar|Intimidate|boost\n|-unboost|p1a: Garchomp|atk|1\n|-unboost|p1b: Froslass|atk|1\n|turn|8\n|\n|t:|1775993833\n|switch|p1b: Gyarados|Gyarados, L50, M|78/100\n|-ability|p1b: Gyarados|Intimidate|boost\n|-unboost|p2a: Feraligatr|atk|1\n|-unboost|p2b: Incineroar|atk|1\n|move|p2b: Incineroar|Fake Out|p1a: Garchomp\n|-damage|p1a: Garchomp|93/100\n|-damage|p2b: Incineroar|48/100 tox|[from] ability: Rough Skin|[of] p1a: Garchomp\n|-enditem|p2b: Incineroar|Sitrus Berry|[eat]\n|-heal|p2b: Incineroar|73/100 tox|[from] item: Sitrus Berry\n|cant|p1a: Garchomp|flinch\n|move|p2a: Feraligatr|Liquidation|p1b: Gyarados\n|-resisted|p1b: Gyarados|1\n|-damage|p1b: Gyarados|59/100\n|\n|-weather|Snowscape|[upkeep]\n|-damage|p2b: Incineroar|67/100 tox|[from] psn\n|upkeep\n|turn|9\n|\n|t:|1775993853\n|move|p2a: Feraligatr|Protect|p2a: Feraligatr\n|-singleturn|p2a: Feraligatr|Protect\n|move|p1a: Garchomp|Dragon Claw|p2a: Feraligatr\n|-activate|p2a: Feraligatr|move: Protect\n|move|p1b: Gyarados|Waterfall|p2b: Incineroar\n|-supereffective|p2b: Incineroar|1\n|-crit|p2b: Incineroar\n|-damage|p2b: Incineroar|0 fnt\n|faint|p2b: Incineroar\n|\n|-weather|Snowscape|[upkeep]\n|upkeep\n|turn|10\n|\n|t:|1775993866\n|move|p1a: Garchomp|Dragon Claw|p2a: Feraligatr\n|-supereffective|p2a: Feraligatr|1\n|-damage|p2a: Feraligatr|0 fnt\n|faint|p2a: Feraligatr\n|\n|win|nu mital\n|raw|nu mital's rating: 1022 &rarr; <strong>1056</strong><br />(+34 for winning)\n|raw|ConfuzzeldMaster's rating: 1000 &rarr; <strong>1000</strong><br />(+0 for losing)\n|c|\u2606nu mital|gg\n|l|\u2606ConfuzzeldMaster\n|player|p2|\n",
  "uploadtime": 1775993881,
  "views": 23,
  "formatid": "gen9championsvgc2026regma",
  "rating": 1000,
  "private": 0,
  "password": null
}