{
  "id": "gen9championsvgc2026regma-2584457988",
  "format": "[Gen 9 Champions] VGC 2026 Reg M-A",
  "players": [
    "Midnightamithest42",
    "Sharkhy_"
  ],
  "log": "|j|\u2606Midnightamithest42\n|j|\u2606Sharkhy_\n|t:|1776262235\n|gametype|doubles\n|player|p1|Midnightamithest42|101|1000\n|player|p2|Sharkhy_|2|1057\n|gen|9\n|tier|[Gen 9 Champions] VGC 2026 Reg M-A\n|rated|\n|rule|Species Clause: Limit one of each Pok\u00e9mon\n|rule|Item Clause: Limit 1 of each item\n|clearpoke\n|poke|p1|Charizard, L50, F|\n|poke|p1|Venusaur, L50, M|\n|poke|p1|Incineroar, L50, M|\n|poke|p1|Whimsicott, L50, F|\n|poke|p1|Dragapult, L50, M|\n|poke|p1|Garchomp, L50, M|\n|poke|p2|Charizard, L50, F|\n|poke|p2|Maushold-Four, L50|\n|poke|p2|Sneasler, L50, F|\n|poke|p2|Dragapult, L50, F|\n|poke|p2|Kingambit, L50, M|\n|poke|p2|Garchomp, L50, M|\n|teampreview|4\n|\n|t:|1776262253\n|teamsize|p1|4\n|teamsize|p2|4\n|start\n|switch|p1a: Incineroar|Incineroar, L50, M|100/100\n|switch|p1b: Whimsicott|Whimsicott, L50, F|100/100\n|switch|p2a: Sneasler|Sneasler, L50, F|100/100\n|switch|p2b: Dragapult|Dragapult, L50, F|100/100\n|-ability|p1a: Incineroar|Intimidate|boost\n|-unboost|p2a: Sneasler|atk|1\n|-fail|p2b: Dragapult|unboost|[from] ability: Clear Body|[of] p2b: Dragapult\n|turn|1\n|\n|t:|1776262273\n|switch|p2b: Maushold|Maushold-Four, L50|100/100\n|move|p2a: Sneasler|Fake Out|p1a: Incineroar\n|-damage|p1a: Incineroar|90/100\n|cant|p1a: Incineroar|flinch\n|move|p1b: Whimsicott|Tailwind|p1b: Whimsicott\n|-sidestart|p1: Midnightamithest42|move: Tailwind\n|\n|upkeep\n|turn|2\n|\n|t:|1776262302\n|move|p1b: Whimsicott|Encore|p2a: Sneasler\n|-start|p2a: Sneasler|Encore\n|move|p2a: Sneasler|Fake Out||[still]\n|-hint|Fake Out only works on your first turn out.\n|-fail|p2a: Sneasler\n|move|p2b: Maushold|Super Fang|p1a: Incineroar|[miss]\n|-miss|p2b: Maushold|p1a: Incineroar\n|move|p1a: Incineroar|Earthquake|p2a: Sneasler|[spread] p1b,p2a,p2b\n|-resisted|p1b: Whimsicott|1\n|-supereffective|p2a: Sneasler|1\n|-damage|p1b: Whimsicott|87/100\n|-damage|p2a: Sneasler|32/100\n|-damage|p2b: Maushold|65/100\n|\n|-heal|p1b: Whimsicott|93/100|[from] item: Leftovers\n|upkeep\n|turn|3\n|\n|t:|1776262325\n|switch|p1b: Charizard|Charizard, L50, F, shiny|100/100\n|switch|p2a: Garchomp|Garchomp, L50, M|100/100\n|move|p2b: Maushold|Encore||[still]\n|-fail|p2b: Maushold\n|move|p1a: Incineroar|Earthquake|p2a: Garchomp|[spread] p2a,p2b\n|-immune|p1b: Charizard\n|-damage|p2a: Garchomp|82/100\n|-damage|p2b: Maushold|34/100\n|\n|upkeep\n|turn|4\n|\n|t:|1776262350\n|detailschange|p1b: Charizard|Charizard-Mega-Y, L50, F, shiny\n|-mega|p1b: Charizard|Charizard|Charizardite Y\n|-weather|SunnyDay|[from] ability: Drought|[of] p1b: Charizard\n|move|p2b: Maushold|Protect|p2b: Maushold\n|-singleturn|p2b: Maushold|Protect\n|move|p1b: Charizard|Solar Beam||[still]\n|-prepare|p1b: Charizard|Solar Beam\n|-anim|p1b: Charizard|Solar Beam|p2a: Garchomp\n|-crit|p2a: Garchomp\n|-damage|p2a: Garchomp|21/100\n|move|p2a: Garchomp|Rock Slide|p1b: Charizard|[spread] p1a,p1b\n|-supereffective|p1a: Incineroar|1\n|-supereffective|p1b: Charizard|2\n|-damage|p1a: Incineroar|50/100\n|-damage|p1b: Charizard|0 fnt\n|-enditem|p1a: Incineroar|Sitrus Berry|[eat]\n|-heal|p1a: Incineroar|75/100|[from] item: Sitrus Berry\n|faint|p1b: Charizard\n|move|p1a: Incineroar|Parting Shot|p2a: Garchomp\n|-unboost|p2a: Garchomp|atk|1\n|-unboost|p2a: Garchomp|spa|1\n|\n|t:|1776262366\n|switch|p1a: Venusaur|Venusaur, L50, M|100/100|[from] Parting Shot\n|\n|-weather|SunnyDay|[upkeep]\n|-sideend|p1: Midnightamithest42|move: Tailwind\n|upkeep\n|\n|t:|1776262368\n|switch|p1b: Whimsicott|Whimsicott, L50, F|93/100\n|turn|5\n|\n|t:|1776262377\n|move|p1b: Whimsicott|Tailwind|p1b: Whimsicott\n|-sidestart|p1: Midnightamithest42|move: Tailwind\n|move|p1a: Venusaur|Solar Beam||[still]\n|-prepare|p1a: Venusaur|Solar Beam\n|-anim|p1a: Venusaur|Solar Beam|p2a: Garchomp\n|-damage|p2a: Garchomp|0 fnt\n|faint|p2a: Garchomp\n|move|p2b: Maushold|Super Fang|p1a: Venusaur\n|-damage|p1a: Venusaur|51/100\n|\n|-weather|SunnyDay|[upkeep]\n|-heal|p1b: Whimsicott|99/100|[from] item: Leftovers\n|upkeep\n|\n|t:|1776262388\n|switch|p2a: Sneasler|Sneasler, L50, F|32/100\n|turn|6\n|\n|t:|1776262408\n|move|p2a: Sneasler|Feint|p1b: Whimsicott\n|-damage|p1b: Whimsicott|87/100\n|move|p1a: Venusaur|Weather Ball|p2a: Sneasler\n|-damage|p2a: Sneasler|0 fnt\n|faint|p2a: Sneasler\n|move|p1b: Whimsicott|Moonblast|p2b: Maushold\n|-damage|p2b: Maushold|0 fnt\n|faint|p2b: Maushold\n|\n|-weather|SunnyDay|[upkeep]\n|-heal|p1b: Whimsicott|93/100|[from] item: Leftovers\n|upkeep\n|\n|t:|1776262422\n|switch|p2b: Dragapult|Dragapult, L50, F|100/100\n|turn|7\n|\n|t:|1776262439\n|move|p1a: Venusaur|Sleep Powder|p2b: Dragapult\n|-status|p2b: Dragapult|slp|[from] move: Sleep Powder\n|-enditem|p2b: Dragapult|Lum Berry|[eat]\n|-curestatus|p2b: Dragapult|slp|[msg]\n|move|p1b: Whimsicott|Moonblast|p2b: Dragapult\n|-supereffective|p2b: Dragapult|1\n|-damage|p2b: Dragapult|19/100\n|move|p2b: Dragapult|Psychic Fangs|p1a: Venusaur\n|-supereffective|p1a: Venusaur|1\n|-damage|p1a: Venusaur|4/100\n|\n|-weather|SunnyDay|[upkeep]\n|-heal|p1b: Whimsicott|99/100|[from] item: Leftovers\n|upkeep\n|turn|8\n|\n|t:|1776262458\n|move|p1a: Venusaur|Solar Beam||[still]\n|-prepare|p1a: Venusaur|Solar Beam\n|-anim|p1a: Venusaur|Solar Beam|p2b: Dragapult\n|-resisted|p2b: Dragapult|1\n|-damage|p2b: Dragapult|0 fnt\n|faint|p2b: Dragapult\n|\n|win|Midnightamithest42\n|raw|Midnightamithest42's rating: 1000 &rarr; <strong>1047</strong><br />(+47 for winning)\n|raw|Sharkhy_'s rating: 1057 &rarr; <strong>1035</strong><br />(-22 for losing)\n",
  "uploadtime": 1776262465,
  "views": 31,
  "formatid": "gen9championsvgc2026regma",
  "rating": 1035,
  "private": 0,
  "password": null
}