{
  "id": "gen9championsvgc2026regma-2587716574",
  "format": "[Gen 9 Champions] VGC 2026 Reg M-A",
  "players": [
    "centruy",
    "ActualJackal"
  ],
  "log": "|j|\u2606centruy\n|j|\u2606ActualJackal\n|t:|1776556842\n|gametype|doubles\n|player|p1|centruy|cheren-gen5bw2|1118\n|player|p2|ActualJackal|shadowtriad|1040\n|gen|9\n|tier|[Gen 9 Champions] VGC 2026 Reg M-A\n|rated|\n|rule|Species Clause: Limit one of each Pok\u00e9mon\n|rule|Item Clause: Limit 1 of each item\n|clearpoke\n|poke|p1|Farigiraf, L50, M|\n|poke|p1|Torkoal, L50, F|\n|poke|p1|Camerupt, L50, M|\n|poke|p1|Hatterene, L50, F|\n|poke|p1|Sableye, L50, F|\n|poke|p1|Maushold-Four, L50|\n|poke|p2|Aggron, L50, F|\n|poke|p2|Hippowdon, L50, F|\n|poke|p2|Arcanine-Hisui, L50, F|\n|poke|p2|Garchomp, L50, F|\n|poke|p2|Corviknight, L50, F|\n|poke|p2|Empoleon, L50, M|\n|teampreview|4\n|\n|t:|1776556872\n|teamsize|p1|4\n|teamsize|p2|4\n|start\n|switch|p1a: Farigiraf|Farigiraf, L50, M|100/100\n|switch|p1b: Hatterene|Hatterene, L50, F|100/100\n|switch|p2a: Hippo Dude|Hippowdon, L50, F|100/100\n|switch|p2b: Not Incineroar|Arcanine-Hisui, L50, F|100/100\n|-ability|p2b: Not Incineroar|Intimidate|boost\n|-unboost|p1a: Farigiraf|atk|1\n|-unboost|p1b: Hatterene|atk|1\n|-weather|Sandstorm|[from] ability: Sand Stream|[of] p2a: Hippo Dude\n|turn|1\n|\n|t:|1776556915\n|move|p2b: Not Incineroar|Snarl|p1a: Farigiraf|[spread] p1a,p1b\n|-supereffective|p1a: Farigiraf|1\n|-crit|p1a: Farigiraf\n|-damage|p1a: Farigiraf|65/100\n|-damage|p1b: Hatterene|88/100\n|-unboost|p1a: Farigiraf|spa|1\n|-unboost|p1b: Hatterene|spa|1\n|move|p2a: Hippo Dude|Yawn|p1a: Farigiraf\n|-start|p1a: Farigiraf|move: Yawn|[of] p2a: Hippo Dude\n|move|p1b: Hatterene|Draining Kiss|p2a: Hippo Dude\n|-damage|p2a: Hippo Dude|80/100\n|-heal|p1b: Hatterene|100/100|[from] drain|[of] p2a: Hippo Dude\n|move|p1a: Farigiraf|Trick Room|p1a: Farigiraf\n|-fieldstart|move: Trick Room|[of] p1a: Farigiraf\n|\n|-weather|Sandstorm|[upkeep]\n|-damage|p1b: Hatterene|94/100|[from] Sandstorm\n|-damage|p1a: Farigiraf|59/100|[from] Sandstorm\n|-heal|p1b: Hatterene|100/100|[from] item: Leftovers\n|upkeep\n|turn|2\n|\n|t:|1776556952\n|switch|p1a: Torkoal|Torkoal, L50, F|100/100\n|-weather|SunnyDay|[from] ability: Drought|[of] p1a: Torkoal\n|move|p1b: Hatterene|Calm Mind|p1b: Hatterene\n|-boost|p1b: Hatterene|spa|1\n|-boost|p1b: Hatterene|spd|1\n|move|p2a: Hippo Dude|Iron Head|p1b: Hatterene\n|-supereffective|p1b: Hatterene|1\n|-damage|p1b: Hatterene|48/100\n|move|p2b: Not Incineroar|Snarl|p1a: Torkoal|[spread] p1a,p1b\n|-crit|p1b: Hatterene\n|-damage|p1a: Torkoal|83/100\n|-damage|p1b: Hatterene|30/100\n|-unboost|p1a: Torkoal|spa|1\n|-unboost|p1b: Hatterene|spa|1\n|\n|-weather|SunnyDay|[upkeep]\n|-heal|p1b: Hatterene|36/100|[from] item: Leftovers\n|upkeep\n|turn|3\n|\n|t:|1776556986\n|switch|p1b: Sableye|Sableye, L50, F|100/100\n|switch|p2a: Bird Guy|Corviknight, L50, F|100/100\n|-ability|p2a: Bird Guy|Unnerve\n|move|p1a: Torkoal|Protect|p1a: Torkoal\n|-singleturn|p1a: Torkoal|Protect\n|move|p2b: Not Incineroar|Snarl|p1a: Torkoal|[spread] p1b\n|-activate|p1a: Torkoal|move: Protect\n|-damage|p1b: Sableye|88/100\n|-unboost|p1b: Sableye|spa|1\n|\n|-weather|SunnyDay|[upkeep]\n|upkeep\n|turn|4\n|\n|t:|1776557032\n|move|p1b: Sableye|Taunt|p2a: Bird Guy\n|-start|p2a: Bird Guy|move: Taunt\n|move|p1a: Torkoal|Eruption|p2b: Not Incineroar|[spread] p2a,p2b\n|-supereffective|p2a: Bird Guy|1\n|-resisted|p2b: Not Incineroar|2\n|-damage|p2a: Bird Guy|35/100\n|-damage|p2b: Not Incineroar|90/100\n|move|p2a: Bird Guy|U-turn|p1b: Sableye\n|-damage|p1b: Sableye|62/100\n|\n|t:|1776557043\n|switch|p2a: Hippo Dude|Hippowdon, L50, F|80/100|[from] U-turn\n|-weather|Sandstorm|[from] ability: Sand Stream|[of] p2a: Hippo Dude\n|move|p2b: Not Incineroar|Snarl|p1b: Sableye|[spread] p1a,p1b\n|-damage|p1a: Torkoal|64/100\n|-damage|p1b: Sableye|48/100\n|-unboost|p1a: Torkoal|spa|1\n|-unboost|p1b: Sableye|spa|1\n|\n|-weather|Sandstorm|[upkeep]\n|-damage|p1a: Torkoal|58/100|[from] Sandstorm\n|-damage|p1b: Sableye|42/100|[from] Sandstorm\n|upkeep\n|turn|5\n|\n|t:|1776557067\n|switch|p1a: Hatterene|Hatterene, L50, F|36/100\n|move|p2a: Hippo Dude|Helping Hand|p2b: Not Incineroar\n|-singleturn|p2b: Not Incineroar|Helping Hand|[of] p2a: Hippo Dude\n|move|p1b: Sableye|Sucker Punch|p2b: Not Incineroar\n|-damage|p2b: Not Incineroar|63/100\n|move|p2b: Not Incineroar|Snarl|p1a: Hatterene|[spread] p1a,p1b\n|-crit|p1b: Sableye\n|-damage|p1a: Hatterene|18/100\n|-damage|p1b: Sableye|13/100\n|-unboost|p1a: Hatterene|spa|1\n|-unboost|p1b: Sableye|spa|1\n|\n|-weather|Sandstorm|[upkeep]\n|-damage|p1a: Hatterene|12/100|[from] Sandstorm\n|-damage|p1b: Sableye|7/100|[from] Sandstorm\n|-heal|p1a: Hatterene|18/100|[from] item: Leftovers\n|-fieldend|move: Trick Room\n|upkeep\n|turn|6\n|\n|t:|1776557095\n|switch|p2a: Bird Guy|Corviknight, L50, F|35/100\n|-ability|p2a: Bird Guy|Unnerve\n|move|p1b: Sableye|Sucker Punch|p2b: Not Incineroar\n|-damage|p2b: Not Incineroar|35/100\n|move|p2b: Not Incineroar|Snarl|p1a: Hatterene|[spread] p1a,p1b\n|-damage|p1a: Hatterene|7/100\n|-damage|p1b: Sableye|0 fnt\n|-unboost|p1a: Hatterene|spa|1\n|faint|p1b: Sableye\n|move|p1a: Hatterene|Trick Room|p1a: Hatterene\n|-fieldstart|move: Trick Room|[of] p1a: Hatterene\n|\n|-weather|Sandstorm|[upkeep]\n|-damage|p1a: Hatterene|0 fnt|[from] Sandstorm\n|faint|p1a: Hatterene\n|upkeep\n|\n|t:|1776557115\n|switch|p1a: Farigiraf|Farigiraf, L50, M|59/100\n|switch|p1b: Torkoal|Torkoal, L50, F|58/100\n|-weather|SunnyDay|[from] ability: Drought|[of] p1b: Torkoal\n|turn|7\n|\n|t:|1776557146\n|switch|p2a: Hippo Dude|Hippowdon, L50, F|80/100\n|-weather|Sandstorm|[from] ability: Sand Stream|[of] p2a: Hippo Dude\n|move|p2b: Not Incineroar|Protect|p2b: Not Incineroar\n|-singleturn|p2b: Not Incineroar|Protect\n|move|p1b: Torkoal|Eruption|p2a: Hippo Dude|[spread] p2a\n|-activate|p2b: Not Incineroar|move: Protect\n|-damage|p2a: Hippo Dude|53/100\n|move|p1a: Farigiraf|Psychic|p2b: Not Incineroar\n|-activate|p2b: Not Incineroar|move: Protect\n|\n|-weather|Sandstorm|[upkeep]\n|-damage|p1b: Torkoal|52/100|[from] Sandstorm\n|-damage|p1a: Farigiraf|53/100|[from] Sandstorm\n|upkeep\n|turn|8\n|\n|t:|1776557179\n|switch|p2b: Steel Guy|Aggron, L50, F|100/100\n|move|p1b: Torkoal|Weather Ball|p2b: Steel Guy\n|-resisted|p2b: Steel Guy|1\n|-damage|p2b: Steel Guy|86/100\n|move|p2a: Hippo Dude|Yawn|p1a: Farigiraf\n|-start|p1a: Farigiraf|move: Yawn|[of] p2a: Hippo Dude\n|move|p1a: Farigiraf|Psychic|p2a: Hippo Dude\n|-damage|p2a: Hippo Dude|0 fnt\n|faint|p2a: Hippo Dude\n|\n|-weather|Sandstorm|[upkeep]\n|-damage|p1b: Torkoal|46/100|[from] Sandstorm\n|-damage|p1a: Farigiraf|47/100|[from] Sandstorm\n|-enditem|p1b: Torkoal|Sitrus Berry|[eat]\n|-heal|p1b: Torkoal|70/100|[from] item: Sitrus Berry\n|upkeep\n|\n|t:|1776557200\n|switch|p2a: Bird Guy|Corviknight, L50, F|35/100\n|-ability|p2a: Bird Guy|Unnerve\n|turn|9\n|\n|t:|1776557236\n|detailschange|p2b: Steel Guy|Aggron-Mega, L50, F\n|-mega|p2b: Steel Guy|Aggron|Aggronite\n|move|p1b: Torkoal|Eruption|p2a: Bird Guy|[spread] p2a,p2b\n|-supereffective|p2a: Bird Guy|1\n|-supereffective|p2b: Steel Guy|1\n|-damage|p2a: Bird Guy|0 fnt\n|-damage|p2b: Steel Guy|18/100\n|faint|p2a: Bird Guy\n|move|p2b: Steel Guy|Head Smash|p1b: Torkoal\n|-supereffective|p1b: Torkoal|1\n|-damage|p1b: Torkoal|0 fnt\n|faint|p1b: Torkoal\n|-damage|p2b: Steel Guy|0 fnt|[from] Recoil\n|faint|p2b: Steel Guy\n|move|p1a: Farigiraf|Psychic|p2: Bird Guy|[notarget]\n|-fail|p1a: Farigiraf\n|\n|-weather|Sandstorm|[upkeep]\n|-damage|p1a: Farigiraf|41/100|[from] Sandstorm\n|-end|p1a: Farigiraf|move: Yawn|[silent]\n|-status|p1a: Farigiraf|slp\n|upkeep\n|\n|t:|1776557258\n|switch|p2a: Not Incineroar|Arcanine-Hisui, L50, F|35/100\n|-ability|p2a: Not Incineroar|Intimidate|boost\n|-unboost|p1a: Farigiraf|atk|1\n|turn|10\n|\n|t:|1776557267\n|cant|p1a: Farigiraf|slp\n|move|p2a: Not Incineroar|Flamethrower|p1a: Farigiraf\n|-damage|p1a: Farigiraf|2/100 slp\n|\n|-weather|Sandstorm|[upkeep]\n|-damage|p1a: Farigiraf|0 fnt|[from] Sandstorm\n|faint|p1a: Farigiraf\n|\n|win|ActualJackal\n|raw|centruy's rating: 1118 &rarr; <strong>1087</strong><br />(-31 for losing)\n|raw|ActualJackal's rating: 1040 &rarr; <strong>1082</strong><br />(+42 for winning)\n|l|\u2606centruy\n|player|p1|\n",
  "uploadtime": 1776557358,
  "views": 16,
  "formatid": "gen9championsvgc2026regma",
  "rating": 1082,
  "private": 0,
  "password": null
}