{
  "id": "gen9championsvgc2026regma-2588873418",
  "format": "[Gen 9 Champions] VGC 2026 Reg M-A",
  "players": [
    "naviapie32",
    "Aries74"
  ],
  "log": "|j|\u2606naviapie32\n|j|\u2606Aries74\n|t:|1776681056\n|gametype|doubles\n|player|p1|naviapie32|169|1090\n|player|p2|Aries74|266|1026\n|gen|9\n|tier|[Gen 9 Champions] VGC 2026 Reg M-A\n|rated|\n|rule|Species Clause: Limit one of each Pok\u00e9mon\n|rule|Item Clause: Limit 1 of each item\n|clearpoke\n|poke|p1|Aggron, L50, M|\n|poke|p1|Umbreon, L50, M|\n|poke|p1|Incineroar, L50, F|\n|poke|p1|Slowbro, L50, M|\n|poke|p1|Aerodactyl, L50, F|\n|poke|p1|Sinistcha-Masterpiece, L50|\n|poke|p2|Charizard, L50, F|\n|poke|p2|Basculegion, L50, M|\n|poke|p2|Incineroar, L50, M|\n|poke|p2|Sneasler, L50, F|\n|poke|p2|Garchomp, L50, M|\n|poke|p2|Venusaur, L50, F|\n|teampreview|4\n|\n|t:|1776681079\n|teamsize|p1|4\n|teamsize|p2|4\n|start\n|switch|p1a: Incineroar|Incineroar, L50, F|100/100\n|switch|p1b: Slowbro|Slowbro, L50, M|100/100\n|switch|p2a: Incineroar|Incineroar, L50, M|100/100\n|switch|p2b: Garchomp|Garchomp, L50, M|100/100\n|-ability|p2a: Incineroar|Intimidate|boost\n|-unboost|p1a: Incineroar|atk|1\n|-unboost|p1b: Slowbro|atk|1\n|turn|1\n|\n|t:|1776681096\n|move|p2a: Incineroar|Fake Out|p1a: Incineroar\n|-damage|p1a: Incineroar|91/100\n|cant|p1a: Incineroar|flinch\n|move|p2b: Garchomp|Rock Slide|p1a: Incineroar|[spread] p1a,p1b\n|-supereffective|p1a: Incineroar|1\n|-damage|p1a: Incineroar|58/100\n|-damage|p1b: Slowbro|86/100\n|move|p1b: Slowbro|Trick Room|p1b: Slowbro\n|-fieldstart|move: Trick Room|[of] p1b: Slowbro\n|\n|upkeep\n|turn|2\n|\n|t:|1776681125\n|move|p1b: Slowbro|Substitute|p1b: Slowbro\n|-start|p1b: Slowbro|Substitute\n|-damage|p1b: Slowbro|61/100\n|move|p1a: Incineroar|Parting Shot|p2b: Garchomp\n|-unboost|p2b: Garchomp|atk|1\n|-unboost|p2b: Garchomp|spa|1\n|\n|t:|1776681133\n|switch|p1a: Aggron|Aggron, L50, M|100/100|[from] Parting Shot\n|move|p2a: Incineroar|Throat Chop|p1b: Slowbro\n|-supereffective|p1b: Slowbro|1\n|-end|p1b: Slowbro|Substitute\n|move|p2b: Garchomp|Dragon Claw|p1b: Slowbro\n|-damage|p1b: Slowbro|41/100\n|\n|upkeep\n|turn|3\n|\n|t:|1776681171\n|switch|p1b: Incineroar|Incineroar, L50, F|58/100\n|detailschange|p1a: Aggron|Aggron-Mega, L50, M\n|-mega|p1a: Aggron|Aggron|Aggronite\n|move|p1a: Aggron|Iron Defense|p1a: Aggron\n|-boost|p1a: Aggron|def|2\n|move|p2a: Incineroar|Throat Chop|p1b: Incineroar\n|-resisted|p1b: Incineroar|1\n|-damage|p1b: Incineroar|45/100\n|-start|p1b: Incineroar|Throat Chop|[silent]\n|-enditem|p1b: Incineroar|Sitrus Berry|[eat]\n|-heal|p1b: Incineroar|69/100|[from] item: Sitrus Berry\n|move|p2b: Garchomp|Dragon Claw|p1b: Incineroar\n|-damage|p1b: Incineroar|47/100\n|\n|upkeep\n|turn|4\n|\n|t:|1776681200\n|move|p2b: Garchomp|Protect|p2b: Garchomp\n|-singleturn|p2b: Garchomp|Protect\n|move|p1b: Incineroar|Fake Out|p2b: Garchomp\n|-activate|p2b: Garchomp|move: Protect\n|move|p1a: Aggron|Body Press|p2a: Incineroar\n|-supereffective|p2a: Incineroar|1\n|-damage|p2a: Incineroar|0 fnt\n|faint|p2a: Incineroar\n|\n|-end|p1b: Incineroar|Throat Chop|[silent]\n|upkeep\n|\n|t:|1776681212\n|switch|p2a: Sneasler|Sneasler, L50, F|100/100\n|turn|5\n|\n|t:|1776681229\n|switch|p1b: Slowbro|Slowbro, L50, M|74/100\n|move|p2a: Sneasler|Fake Out|p1a: Aggron\n|-resisted|p1a: Aggron|1\n|-damage|p1a: Aggron|99/100\n|cant|p1a: Aggron|flinch\n|move|p2b: Garchomp|Rock Slide|p1a: Aggron|[spread] p1a,p1b\n|-resisted|p1a: Aggron|1\n|-damage|p1a: Aggron|97/100\n|-damage|p1b: Slowbro|65/100\n|\n|-fieldend|move: Trick Room\n|upkeep\n|turn|6\n|\n|t:|1776681264\n|move|p2a: Sneasler|Close Combat|p1a: Aggron\n|-supereffective|p1a: Aggron|1\n|-damage|p1a: Aggron|75/100\n|-unboost|p2a: Sneasler|def|1\n|-unboost|p2a: Sneasler|spd|1\n|-enditem|p2a: Sneasler|White Herb\n|-clearnegativeboost|p2a: Sneasler|[silent]\n|move|p2b: Garchomp|Rock Slide|p1b: Slowbro|[spread] p1a,p1b\n|-resisted|p1a: Aggron|1\n|-damage|p1a: Aggron|73/100\n|-damage|p1b: Slowbro|55/100\n|move|p1a: Aggron|Body Press|p2a: Sneasler\n|-resisted|p2a: Sneasler|1\n|-damage|p2a: Sneasler|35/100\n|cant|p1b: Slowbro|flinch\n|\n|upkeep\n|turn|7\n|\n|t:|1776681291\n|move|p2a: Sneasler|Close Combat|p1a: Aggron\n|-supereffective|p1a: Aggron|1\n|-damage|p1a: Aggron|50/100\n|-unboost|p2a: Sneasler|def|1\n|-unboost|p2a: Sneasler|spd|1\n|move|p2b: Garchomp|Earthquake|p1a: Aggron|[spread] p2a,p1a,p1b\n|-supereffective|p2a: Sneasler|1\n|-supereffective|p1a: Aggron|1\n|-damage|p2a: Sneasler|0 fnt\n|-damage|p1a: Aggron|42/100\n|-damage|p1b: Slowbro|36/100\n|faint|p2a: Sneasler\n|move|p1a: Aggron|Body Press|p2b: Garchomp\n|-damage|p2b: Garchomp|30/100\n|-damage|p1a: Aggron|29/100|[from] ability: Rough Skin|[of] p2b: Garchomp\n|move|p1b: Slowbro|Trick Room|p1b: Slowbro\n|-fieldstart|move: Trick Room|[of] p1b: Slowbro\n|\n|upkeep\n|\n|t:|1776681306\n|switch|p2a: Basculegion|Basculegion, L50, M|100/100\n|turn|8\n|\n|t:|1776681330\n|move|p1b: Slowbro|Psychic|p2a: Basculegion\n|-damage|p2a: Basculegion|63/100\n|move|p1a: Aggron|Body Press|p2b: Garchomp\n|-damage|p2b: Garchomp|0 fnt\n|-damage|p1a: Aggron|17/100|[from] ability: Rough Skin|[of] p2b: Garchomp\n|faint|p2b: Garchomp\n|move|p2a: Basculegion|Wave Crash|p1a: Aggron\n|-damage|p1a: Aggron|0 fnt\n|faint|p1a: Aggron\n|-damage|p2a: Basculegion|58/100|[from] Recoil\n|\n|upkeep\n|\n|t:|1776681335\n|switch|p1a: Incineroar|Incineroar, L50, F|47/100\n|turn|9\n|\n|t:|1776681343\n|move|p1b: Slowbro|Psychic|p2a: Basculegion\n|-damage|p2a: Basculegion|22/100\n|move|p1a: Incineroar|Throat Chop|p2a: Basculegion\n|-supereffective|p2a: Basculegion|1\n|-damage|p2a: Basculegion|0 fnt\n|faint|p2a: Basculegion\n|\n|win|naviapie32\n|raw|naviapie32's rating: 1090 &rarr; <strong>1112</strong><br />(+22 for winning)\n|raw|Aries74's rating: 1026 &rarr; <strong>1015</strong><br />(-11 for losing)\n|l|\u2606Aries74\n|player|p2|\n",
  "uploadtime": 1776681397,
  "views": 12,
  "formatid": "gen9championsvgc2026regma",
  "rating": 1015,
  "private": 0,
  "password": null
}