{
  "id": "gen9championsvgc2026regma-2583798207",
  "format": "[Gen 9 Champions] VGC 2026 Reg M-A",
  "players": [
    "Bardo52",
    "GeneticIvy"
  ],
  "log": "|j|\u2606Bardo52\n|j|\u2606GeneticIvy\n|html|<table width=\"100%\"><tr><td align=\"left\">Bardo52</td><td align=\"right\">GeneticIvy</tr><tr><td align=\"left\"><i class=\"fa fa-circle\"></i> <i class=\"fa fa-circle-o\"></i> </td><td align=\"right\"><i class=\"fa fa-circle-o\"></i> <i class=\"fa fa-circle\"></i> </tr></table>\n|uhtml|bestof|<h2><strong>Game 3</strong> of <a href=\"/game-bestof3-gen9championsvgc2026regma-2583787356\">a best-of-3</a></h2>\n|t:|1776198467\n|gametype|doubles\n|player|p1|Bardo52|265|\n|player|p2|GeneticIvy|beauty-gen6xy|\n|gen|9\n|tier|[Gen 9 Champions] VGC 2026 Reg M-A\n|rule|Species Clause: Limit one of each Pok\u00e9mon\n|rule|Item Clause: Limit 1 of each item\n|raw|<div class=\"infobox\"><details class=\"readmore\" open><summary><strong>1 custom rule:</strong></summary> Best of = 3</details></div>\n|clearpoke\n|poke|p1|Glimmora, L50, F|\n|poke|p1|Aegislash, L50, M|\n|poke|p1|Decidueye-Hisui, L50, F|\n|poke|p1|Rotom-Heat, L50|\n|poke|p1|Whimsicott, L50, F|\n|poke|p1|Gyarados, L50, F|\n|poke|p2|Medicham, L50, F|\n|poke|p2|Tyranitar, L50, F|\n|poke|p2|Maushold, L50|\n|poke|p2|Meowscarada, L50, F|\n|poke|p2|Milotic, L50, F|\n|poke|p2|Tauros-Paldea-Blaze, L50, M|\n|teampreview|4\n|c|\u2606Bardo52|Glhf\n|c|\u2606GeneticIvy|very close games\n|j| k3ksmann\n|c|\u2606Bardo52|Indeed\n|\n|t:|1776198518\n|teamsize|p1|4\n|teamsize|p2|4\n|start\n|switch|p1a: Whimsicott|Whimsicott, L50, F|100/100\n|switch|p1b: Glimmora|Glimmora, L50, F|100/100\n|switch|p2a: Moxie|Medicham, L50, F|100/100\n|switch|p2b: Meg|Tauros-Paldea-Blaze, L50, M|100/100\n|-ability|p2b: Meg|Intimidate|boost\n|-unboost|p1a: Whimsicott|atk|1\n|-unboost|p1b: Glimmora|atk|1\n|turn|1\n|\n|t:|1776198563\n|switch|p1b: Gyarados|Gyarados, L50, F|100/100\n|-ability|p1b: Gyarados|Intimidate|boost\n|-unboost|p2a: Moxie|atk|1\n|-unboost|p2b: Meg|atk|1\n|detailschange|p2a: Moxie|Medicham-Mega, L50, F\n|-mega|p2a: Moxie|Medicham|Medichamite\n|move|p2a: Moxie|Fake Out|p1a: Whimsicott\n|-damage|p1a: Whimsicott|76/100\n|cant|p1a: Whimsicott|flinch\n|move|p2b: Meg|High Horsepower|p1b: Gyarados\n|-immune|p1b: Gyarados\n|\n|upkeep\n|turn|2\n|\n|t:|1776198586\n|switch|p2b: Mike Mitch & Mo|Maushold, L50|100/100\n|move|p1a: Whimsicott|Tailwind|p1a: Whimsicott\n|-sidestart|p1: Bardo52|move: Tailwind\n|move|p1b: Gyarados|Waterfall|p2a: Moxie\n|-crit|p2a: Moxie\n|-damage|p2a: Moxie|35/100\n|move|p2a: Moxie|Trick Room|p2a: Moxie\n|-fieldstart|move: Trick Room|[of] p2a: Moxie\n|\n|upkeep\n|turn|3\n|\n|t:|1776198616\n|move|p2a: Moxie|Zen Headbutt|p1b: Gyarados\n|-damage|p1b: Gyarados|44/100\n|move|p2b: Mike Mitch & Mo|Population Bomb|p1a: Whimsicott|[miss]\n|-miss|p2b: Mike Mitch & Mo|p1a: Whimsicott\n|move|p1b: Gyarados|Waterfall|p2a: Moxie\n|-damage|p2a: Moxie|0 fnt\n|faint|p2a: Moxie\n|move|p1a: Whimsicott|Moonblast|p2b: Mike Mitch & Mo\n|-damage|p2b: Mike Mitch & Mo|57/100\n|-unboost|p2b: Mike Mitch & Mo|spa|1\n|\n|upkeep\n|\n|t:|1776198628\n|switch|p2a: Meowty|Meowscarada, L50, F|100/100\n|turn|4\n|\n|t:|1776198635\n|move|p1a: Whimsicott|Protect|p1a: Whimsicott\n|-singleturn|p1a: Whimsicott|Protect\n|move|p1b: Gyarados|Protect|p1b: Gyarados\n|-singleturn|p1b: Gyarados|Protect\n|move|p2b: Mike Mitch & Mo|Population Bomb|p1b: Gyarados\n|-activate|p1b: Gyarados|move: Protect\n|move|p2a: Meowty|Triple Axel|p1a: Whimsicott\n|-start|p2a: Meowty|typechange|Ice|[from] ability: Protean\n|-activate|p1a: Whimsicott|move: Protect\n|\n|upkeep\n|turn|5\n|\n|t:|1776198653\n|switch|p1b: Glimmora|Glimmora, L50, F|100/100\n|switch|p1a: Rotom|Rotom-Heat, L50|100/100\n|move|p2b: Mike Mitch & Mo|Population Bomb|p1b: Glimmora\n|-resisted|p1b: Glimmora|1\n|-damage|p1b: Glimmora|97/100\n|-activate|p1b: Glimmora|ability: Toxic Debris\n|-sidestart|p2: GeneticIvy|move: Toxic Spikes\n|-hitcount|p1b: Glimmora|1\n|move|p2a: Meowty|Knock Off|p1a: Rotom\n|-damage|p1a: Rotom|64/100\n|-enditem|p1a: Rotom|Choice Scarf|[from] move: Knock Off|[of] p2a: Meowty\n|\n|-sideend|p1: Bardo52|move: Tailwind\n|upkeep\n|turn|6\n|\n|t:|1776198683\n|switch|p1b: Gyarados|Gyarados, L50, F|44/100\n|-ability|p1b: Gyarados|Intimidate|boost\n|-unboost|p2a: Meowty|atk|1\n|-unboost|p2b: Mike Mitch & Mo|atk|1\n|move|p2a: Meowty|Protect|p2a: Meowty\n|-singleturn|p2a: Meowty|Protect\n|move|p1a: Rotom|Overheat|p2a: Meowty\n|-activate|p2a: Meowty|move: Protect\n|move|p2b: Mike Mitch & Mo|Population Bomb|p1a: Rotom\n|-damage|p1a: Rotom|59/100\n|-damage|p1a: Rotom|53/100\n|-damage|p1a: Rotom|46/100\n|-damage|p1a: Rotom|40/100\n|-damage|p1a: Rotom|35/100\n|-crit|p1a: Rotom\n|-damage|p1a: Rotom|23/100\n|-damage|p1a: Rotom|17/100\n|-damage|p1a: Rotom|12/100\n|-damage|p1a: Rotom|6/100\n|-damage|p1a: Rotom|0 fnt\n|faint|p1a: Rotom\n|-hitcount|p1: Rotom|10\n|\n|-fieldend|move: Trick Room\n|upkeep\n|\n|t:|1776198708\n|switch|p1a: Whimsicott|Whimsicott, L50, F|76/100\n|turn|7\n|\n|t:|1776198721\n|move|p1a: Whimsicott|Tailwind|p1a: Whimsicott\n|-sidestart|p1: Bardo52|move: Tailwind\n|move|p1b: Gyarados|Temper Flare|p2a: Meowty\n|-supereffective|p2a: Meowty|1\n|-damage|p2a: Meowty|33/100\n|move|p2a: Meowty|Flower Trick|p1b: Gyarados\n|-crit|p1b: Gyarados\n|-damage|p1b: Gyarados|4/100\n|move|p2b: Mike Mitch & Mo|Population Bomb|p1a: Whimsicott\n|-damage|p1a: Whimsicott|69/100\n|-damage|p1a: Whimsicott|62/100\n|-damage|p1a: Whimsicott|55/100\n|-crit|p1a: Whimsicott\n|-damage|p1a: Whimsicott|42/100\n|-hitcount|p1a: Whimsicott|4\n|\n|upkeep\n|turn|8\n|\n|t:|1776198774\n|switch|p2a: Meg|Tauros-Paldea-Blaze, L50, M|100/100\n|-status|p2a: Meg|psn\n|-ability|p2a: Meg|Intimidate|boost\n|-unboost|p1a: Whimsicott|atk|1\n|-unboost|p1b: Gyarados|atk|1\n|-enditem|p1b: Gyarados|White Herb\n|-clearnegativeboost|p1b: Gyarados|[silent]\n|move|p1a: Whimsicott|Moonblast|p2a: Meg\n|-damage|p2a: Meg|60/100 psn\n|move|p1b: Gyarados|Waterfall|p2b: Mike Mitch & Mo\n|-damage|p2b: Mike Mitch & Mo|0 fnt\n|faint|p2b: Mike Mitch & Mo\n|\n|-damage|p2a: Meg|48/100 psn|[from] psn\n|upkeep\n|\n|t:|1776198787\n|switch|p2b: Meowty|Meowscarada, L50, F|33/100\n|-status|p2b: Meowty|psn\n|turn|9\n|\n|t:|1776198802\n|move|p1a: Whimsicott|Moonblast|p2b: Meowty\n|-supereffective|p2b: Meowty|1\n|-damage|p2b: Meowty|0 fnt\n|faint|p2b: Meowty\n|move|p2a: Meg|High Horsepower|p1a: Whimsicott\n|-resisted|p1a: Whimsicott|1\n|-damage|p1a: Whimsicott|22/100\n|move|p1b: Gyarados|Waterfall|p2a: Meg\n|-supereffective|p2a: Meg|1\n|-damage|p2a: Meg|0 fnt\n|faint|p2a: Meg\n|\n|win|Bardo52\n|c|\u2606GeneticIvy|ggs\n|c|\u2606Bardo52|Gg\n|c|\u2606GeneticIvy|ill snag the replays\n|c|\u2606Bardo52|Thanks. You da best\n|c|\u2606GeneticIvy|i try\n|c|\u2606Bardo52|There is no try. Only Dew or Pepsi\n",
  "uploadtime": 1776198852,
  "views": 27,
  "formatid": "gen9championsvgc2026regma",
  "rating": null,
  "private": 0,
  "password": null
}