{
  "id": "gen9championsvgc2026regma-2588607325",
  "format": "[Gen 9 Champions] VGC 2026 Reg M-A",
  "players": [
    "Gosuguy",
    "Ae310"
  ],
  "log": "|j|\u2606Gosuguy\n|j|\u2606Ae310\n|t:|1776649575\n|gametype|doubles\n|player|p1|Gosuguy|steven|1550\n|player|p2|Ae310|gardenia|1503\n|gen|9\n|tier|[Gen 9 Champions] VGC 2026 Reg M-A\n|rated|\n|rule|Species Clause: Limit one of each Pok\u00e9mon\n|rule|Item Clause: Limit 1 of each item\n|clearpoke\n|poke|p1|Delphox, L50, F|\n|poke|p1|Basculegion, L50, M|\n|poke|p1|Clefable, L50, F|\n|poke|p1|Kingambit, L50, M|\n|poke|p1|Dragonite, L50, M|\n|poke|p1|Sneasler, L50, F|\n|poke|p2|Floette-Eternal, L50, F|\n|poke|p2|Victreebel, L50, M|\n|poke|p2|Garchomp, L50, M|\n|poke|p2|Sneasler, L50, F|\n|poke|p2|Talonflame, L50, M|\n|poke|p2|Basculegion, L50, M|\n|teampreview|4\n|inactive|Battle timer is ON: inactive players will automatically lose when time's up. (requested by Gosuguy)\n|inactive|Gosuguy has 60 seconds left.\n|inactive|Ae310 has 60 seconds left.\n|\n|t:|1776649616\n|teamsize|p1|4\n|teamsize|p2|4\n|start\n|switch|p1a: Kingambit|Kingambit, L50, M|100/100\n|switch|p1b: Sneasler|Sneasler, L50, F|100/100\n|switch|p2a: Talonflame|Talonflame, L50, M|100/100\n|switch|p2b: Sneasler|Sneasler, L50, F|100/100\n|turn|1\n|j| do something babe\n|inactive|Gosuguy has 30 seconds left.\n|inactive|Ae310 has 30 seconds left.\n|\n|t:|1776649644\n|move|p1b: Sneasler|Fake Out|p2b: Sneasler\n|-damage|p2b: Sneasler|74/100\n|move|p2a: Talonflame|Flare Blitz|p1a: Kingambit\n|-supereffective|p1a: Kingambit|1\n|-damage|p1a: Kingambit|25/100\n|-damage|p2a: Talonflame|69/100|[from] Recoil\n|cant|p2b: Sneasler|flinch\n|move|p1a: Kingambit|Swords Dance|p1a: Kingambit\n|-boost|p1a: Kingambit|atk|2\n|\n|upkeep\n|turn|2\n|\n|t:|1776649667\n|move|p1a: Kingambit|Protect|p1a: Kingambit\n|-singleturn|p1a: Kingambit|Protect\n|move|p1b: Sneasler|Dire Claw|p2a: Talonflame\n|-damage|p2a: Talonflame|6/100\n|move|p2a: Talonflame|Tailwind|p2a: Talonflame\n|-sidestart|p2: Ae310|move: Tailwind\n|move|p2b: Sneasler|Close Combat|p1a: Kingambit\n|-activate|p1a: Kingambit|move: Protect\n|\n|upkeep\n|turn|3\n|\n|t:|1776649684\n|switch|p2a: Basculegion|Basculegion, L50, M|100/100\n|move|p1a: Kingambit|Sucker Punch|p2b: Sneasler\n|-resisted|p2b: Sneasler|1\n|-damage|p2b: Sneasler|0 fnt\n|faint|p2b: Sneasler\n|move|p1b: Sneasler|Dire Claw|p2a: Basculegion\n|-resisted|p2a: Basculegion|1\n|-damage|p2a: Basculegion|77/100\n|\n|upkeep\n|\n|t:|1776649697\n|switch|p2b: Garchomp|Garchomp, L50, M|100/100\n|turn|4\n|\n|t:|1776649712\n|move|p1a: Kingambit|Sucker Punch|p2a: Basculegion\n|-supereffective|p2a: Basculegion|1\n|-damage|p2a: Basculegion|0 fnt\n|faint|p2a: Basculegion\n|move|p2b: Garchomp|Earthquake|p1b: Sneasler|[spread] p1a,p1b\n|-supereffective|p1a: Kingambit|1\n|-supereffective|p1b: Sneasler|1\n|-damage|p1a: Kingambit|0 fnt\n|-enditem|p1b: Sneasler|Focus Sash\n|-damage|p1b: Sneasler|1/100\n|faint|p1a: Kingambit\n|move|p1b: Sneasler|Close Combat|p2b: Garchomp\n|-damage|p2b: Garchomp|33/100\n|-unboost|p1b: Sneasler|def|1\n|-unboost|p1b: Sneasler|spd|1\n|-damage|p1b: Sneasler|0 fnt|[from] ability: Rough Skin|[of] p2b: Garchomp\n|faint|p1b: Sneasler\n|\n|upkeep\n|\n|t:|1776649730\n|switch|p1b: Basculegion|Basculegion, L50, M|100/100\n|switch|p2a: Talonflame|Talonflame, L50, M|6/100\n|switch|p1a: Delphox|Delphox, L50, F|100/100\n|turn|5\n|-message|Ae310 forfeited.\n|\n|win|Gosuguy\n|raw|Gosuguy's rating: 1550 &rarr; <strong>1567</strong><br />(+17 for winning)\n|raw|Ae310's rating: 1503 &rarr; <strong>1486</strong><br />(-17 for losing)\n|l|\u2606Ae310\n|player|p2|\n|l|\u2606Gosuguy\n|player|p1|\n",
  "uploadtime": 1776649777,
  "views": 11,
  "formatid": "gen9championsvgc2026regma",
  "rating": 1486,
  "private": 0,
  "password": null
}