{
  "id": "gen9championsvgc2026regma-2582942102",
  "format": "[Gen 9 Champions] VGC 2026 Reg M-A",
  "players": [
    "UnloshTheWash",
    "Hakitsu3"
  ],
  "log": "|j|\u203dUnloshTheWash\n|j|\u2606Hakitsu3\n|t:|1776127028\n|gametype|doubles\n|player|p1|UnloshTheWash|red|1250\n|player|p2|Hakitsu3|102|1262\n|gen|9\n|tier|[Gen 9 Champions] VGC 2026 Reg M-A\n|rated|\n|rule|Species Clause: Limit one of each Pok\u00e9mon\n|rule|Item Clause: Limit 1 of each item\n|clearpoke\n|poke|p1|Delphox, L50, F|\n|poke|p1|Mamoswine, L50, M|\n|poke|p1|Orthworm, L50, M|\n|poke|p1|Rotom-Wash, L50|\n|poke|p1|Maushold-Four, L50|\n|poke|p1|Sneasler, L50, M|\n|poke|p2|Chandelure, L50, F|\n|poke|p2|Aggron, L50, F|\n|poke|p2|Tyranitar, L50, M|\n|poke|p2|Noivern, L50, F|\n|poke|p2|Primarina, L50, F|\n|poke|p2|Gallade, L50, M|\n|teampreview|4\nHakitsu3 rejected open team sheets.\n|\n|t:|1776127050\n|teamsize|p1|4\n|teamsize|p2|4\n|start\n|switch|p1a: Delphox|Delphox, L50, F|100/100\n|switch|p1b: Sneasler|Sneasler, L50, M|100/100\n|switch|p2a: Storslinga|Chandelure, L50, F|100/100\n|switch|p2b: \u30ea\u30e5\u30a6\u30bd\u30a6\u30d6\u30eb\u30fc|Gallade, L50, M, shiny|100/100\n|turn|1\n|\n|t:|1776127063\n|detailschange|p1a: Delphox|Delphox-Mega, L50, F\n|-mega|p1a: Delphox|Delphox|Delphoxite\n|move|p1a: Delphox|Psychic|p2b: \u30ea\u30e5\u30a6\u30bd\u30a6\u30d6\u30eb\u30fc\n|-damage|p2b: \u30ea\u30e5\u30a6\u30bd\u30a6\u30d6\u30eb\u30fc|54/100\n|move|p1b: Sneasler|Close Combat|p2b: \u30ea\u30e5\u30a6\u30bd\u30a6\u30d6\u30eb\u30fc\n|-resisted|p2b: \u30ea\u30e5\u30a6\u30bd\u30a6\u30d6\u30eb\u30fc|1\n|-damage|p2b: \u30ea\u30e5\u30a6\u30bd\u30a6\u30d6\u30eb\u30fc|10/100\n|-unboost|p1b: Sneasler|def|1\n|-unboost|p1b: Sneasler|spd|1\n|-enditem|p1b: Sneasler|White Herb\n|-clearnegativeboost|p1b: Sneasler|[silent]\n|move|p2b: \u30ea\u30e5\u30a6\u30bd\u30a6\u30d6\u30eb\u30fc|Psycho Cut|p1b: Sneasler\n|-supereffective|p1b: Sneasler|2\n|-damage|p1b: Sneasler|0 fnt\n|faint|p1b: Sneasler\n|move|p2a: Storslinga|Trick Room|p2a: Storslinga\n|-fieldstart|move: Trick Room|[of] p2a: Storslinga\n|\n|upkeep\n|\n|t:|1776127083\n|switch|p1b: Orthworm|Orthworm, L50, M|100/100\n|turn|2\n|\n|t:|1776127100\n|move|p1a: Delphox|Protect|p1a: Delphox\n|-singleturn|p1a: Delphox|Protect\n|move|p1b: Orthworm|Shed Tail|p1b: Orthworm\n|-start|p1b: Orthworm|Substitute|[from] move: Shed Tail\n|-damage|p1b: Orthworm|50/100\n|-enditem|p1b: Orthworm|Sitrus Berry|[eat]\n|-heal|p1b: Orthworm|75/100|[from] item: Sitrus Berry\n|\n|t:|1776127107\n|switch|p1b: Mamoswine|Mamoswine, L50, M|100/100|[from] Shed Tail\n|move|p2a: Storslinga|Hex|p1a: Delphox\n|-activate|p1a: Delphox|move: Protect\n|move|p2b: \u30ea\u30e5\u30a6\u30bd\u30a6\u30d6\u30eb\u30fc|Sacred Sword|p1b: Mamoswine\n|-supereffective|p1b: Mamoswine|1\n|-end|p1b: Mamoswine|Substitute\n|\n|upkeep\n|turn|3\n|\n|t:|1776127120\n|switch|p1a: Orthworm|Orthworm, L50, M|75/100\n|move|p2a: Storslinga|Hex|p1a: Orthworm\n|-damage|p1a: Orthworm|29/100\n|move|p2b: \u30ea\u30e5\u30a6\u30bd\u30a6\u30d6\u30eb\u30fc|Leaf Blade|p1b: Mamoswine\n|-supereffective|p1b: Mamoswine|1\n|-crit|p1b: Mamoswine\n|-enditem|p1b: Mamoswine|Focus Sash\n|-damage|p1b: Mamoswine|1/100\n|move|p1b: Mamoswine|Earthquake|p2a: Storslinga|[spread] p2a,p2b\n|-heal|p1a: Orthworm|54/100|[from] ability: Earth Eater|[of] p1b: Mamoswine\n|-supereffective|p2a: Storslinga|1\n|-damage|p2a: Storslinga|0 fnt\n|-damage|p2b: \u30ea\u30e5\u30a6\u30bd\u30a6\u30d6\u30eb\u30fc|0 fnt\n|faint|p2a: Storslinga\n|faint|p2b: \u30ea\u30e5\u30a6\u30bd\u30a6\u30d6\u30eb\u30fc\n|\n|upkeep\n|\n|t:|1776127136\n|switch|p2a: \u4e07\u91cc\u957f\u57ce|Aggron, L50, F, shiny|100/100\n|switch|p2b: Tiny Robinson|Tyranitar, L50, M, shiny|100/100\n|-ability|p2b: Tiny Robinson|Unnerve\n|turn|4\n|\n|t:|1776127152\n|detailschange|p2a: \u4e07\u91cc\u957f\u57ce|Aggron-Mega, L50, F, shiny\n|-mega|p2a: \u4e07\u91cc\u957f\u57ce|Aggron|Aggronite\n|move|p1a: Orthworm|Protect|p1a: Orthworm\n|-singleturn|p1a: Orthworm|Protect\n|move|p1b: Mamoswine|Protect|p1b: Mamoswine\n|-singleturn|p1b: Mamoswine|Protect\n|move|p2a: \u4e07\u91cc\u957f\u57ce|Body Press|p1a: Orthworm\n|-activate|p1a: Orthworm|move: Protect\n|move|p2b: Tiny Robinson|Rock Slide|p1a: Orthworm|[spread] \n|-activate|p1a: Orthworm|move: Protect\n|-activate|p1b: Mamoswine|move: Protect\n|\n|upkeep\n|turn|5\n|\n|t:|1776127179\n|move|p1b: Mamoswine|Ice Shard|p2b: Tiny Robinson\n|-damage|p2b: Tiny Robinson|82/100\n|move|p2a: \u4e07\u91cc\u957f\u57ce|Body Press|p1a: Orthworm\n|-supereffective|p1a: Orthworm|1\n|-damage|p1a: Orthworm|0 fnt\n|faint|p1a: Orthworm\n|move|p2b: Tiny Robinson|Rock Slide|p1b: Mamoswine\n|-damage|p1b: Mamoswine|0 fnt\n|faint|p1b: Mamoswine\n|\n|-fieldend|move: Trick Room\n|upkeep\n|\n|t:|1776127185\n|switch|p1b: Delphox|Delphox-Mega, L50, F|100/100\n|turn|6\n|\n|t:|1776127201\n|move|p1b: Delphox|Heat Wave|p2a: \u4e07\u91cc\u957f\u57ce|[spread] p2a,p2b\n|-supereffective|p2a: \u4e07\u91cc\u957f\u57ce|1\n|-resisted|p2b: Tiny Robinson|1\n|-damage|p2a: \u4e07\u91cc\u957f\u57ce|47/100\n|-damage|p2b: Tiny Robinson|67/100\n|move|p2b: Tiny Robinson|Crunch|p1b: Delphox\n|-supereffective|p1b: Delphox|1\n|-damage|p1b: Delphox|0 fnt\n|faint|p1b: Delphox\n|\n|win|Hakitsu3\n|raw|UnloshTheWash's rating: 1250 &rarr; <strong>1226</strong><br />(-24 for losing)\n|raw|Hakitsu3's rating: 1262 &rarr; <strong>1286</strong><br />(+24 for winning)\n",
  "uploadtime": 1776127205,
  "views": 19,
  "formatid": "gen9championsvgc2026regma",
  "rating": 1226,
  "private": 0,
  "password": null
}