{
  "id": "gen9championsvgc2026regma-2587173378",
  "format": "[Gen 9 Champions] VGC 2026 Reg M-A",
  "players": [
    "tarakan",
    "buffasian"
  ],
  "log": "|j|\u203dtarakan\n|j|\u2606buffasian\n|t:|1776504176\n|gametype|doubles\n|player|p1|tarakan|roxie|1264\n|player|p2|buffasian|101|1328\n|gen|9\n|tier|[Gen 9 Champions] VGC 2026 Reg M-A\n|rated|\n|rule|Species Clause: Limit one of each Pok\u00e9mon\n|rule|Item Clause: Limit 1 of each item\n|clearpoke\n|poke|p1|Blastoise, L50, M|\n|poke|p1|Sneasler, L50, F|\n|poke|p1|Gengar, L50, M|\n|poke|p1|Ceruledge, L50, F|\n|poke|p1|Hydreigon, L50, F|\n|poke|p1|Liepard, L50, F|\n|poke|p2|Charizard, L50, F|\n|poke|p2|Incineroar, L50, M|\n|poke|p2|Garchomp, L50, F|\n|poke|p2|Farigiraf, L50, F|\n|poke|p2|Kingambit, L50, F|\n|poke|p2|Sneasler, L50, M|\n|teampreview|4\n|inactive|Battle timer is ON: inactive players will automatically lose when time's up. (requested by tarakan)\n|\n|t:|1776504264\n|teamsize|p1|4\n|teamsize|p2|4\n|start\n|switch|p1a: Hydreigon|Hydreigon, L50, F|100/100\n|switch|p1b: Sneasler|Sneasler, L50, F|100/100\n|switch|p2a: Charizard|Charizard, L50, F|100/100\n|switch|p2b: Farigiraf|Farigiraf, L50, F|100/100\n|turn|1\n|\n|t:|1776504285\n|detailschange|p2a: Charizard|Charizard-Mega-Y, L50, F\n|-mega|p2a: Charizard|Charizard|Charizardite Y\n|-weather|SunnyDay|[from] ability: Drought|[of] p2a: Charizard\n|move|p2a: Charizard|Protect|p2a: Charizard\n|-singleturn|p2a: Charizard|Protect\n|move|p1b: Sneasler|Rock Slide|p2b: Farigiraf|[spread] \n|-activate|p2a: Charizard|move: Protect\n|-miss|p1b: Sneasler|p2b: Farigiraf\n|move|p1a: Hydreigon|Dark Pulse|p2b: Farigiraf\n|-supereffective|p2b: Farigiraf|1\n|-damage|p2b: Farigiraf|28/100\n|-enditem|p2b: Farigiraf|Sitrus Berry|[eat]\n|-heal|p2b: Farigiraf|53/100|[from] item: Sitrus Berry\n|move|p2b: Farigiraf|Trick Room|p2b: Farigiraf\n|-fieldstart|move: Trick Room|[of] p2b: Farigiraf\n|\n|-weather|SunnyDay|[upkeep]\n|upkeep\n|turn|2\n|\n|t:|1776504307\n|switch|p1b: Ceruledge|Ceruledge, L50, F|100/100\n|move|p2b: Farigiraf|Hyper Voice|p1a: Hydreigon|[spread] p1a\n|-immune|p1b: Ceruledge\n|-damage|p1a: Hydreigon|70/100\n|move|p1a: Hydreigon|Dark Pulse|p2b: Farigiraf\n|-supereffective|p2b: Farigiraf|1\n|-damage|p2b: Farigiraf|0 fnt\n|faint|p2b: Farigiraf\n|move|p2a: Charizard|Weather Ball|p1b: Ceruledge\n|-start|p1b: Ceruledge|ability: Flash Fire\n|\n|-weather|SunnyDay|[upkeep]\n|-heal|p1a: Hydreigon|76/100|[from] item: Leftovers\n|upkeep\n|\n|t:|1776504321\n|switch|p2b: Kingambit|Kingambit, L50, F|100/100\n|turn|3\n|\n|t:|1776504334\n|move|p1a: Hydreigon|Protect|p1a: Hydreigon\n|-singleturn|p1a: Hydreigon|Protect\n|move|p2b: Kingambit|Kowtow Cleave|p1b: Ceruledge\n|-supereffective|p1b: Ceruledge|1\n|-enditem|p1b: Ceruledge|Colbur Berry|[eat]\n|-enditem|p1b: Ceruledge|Colbur Berry|[weaken]\n|-damage|p1b: Ceruledge|33/100\n|move|p1b: Ceruledge|Bitter Blade|p2b: Kingambit\n|-supereffective|p2b: Kingambit|1\n|-damage|p2b: Kingambit|0 fnt\n|-heal|p1b: Ceruledge|90/100|[from] drain|[of] p2b: Kingambit\n|faint|p2b: Kingambit\n|move|p2a: Charizard|Weather Ball|p1a: Hydreigon\n|-activate|p1a: Hydreigon|move: Protect\n|\n|-weather|SunnyDay|[upkeep]\n|-heal|p1a: Hydreigon|82/100|[from] item: Leftovers\n|upkeep\n|\n|t:|1776504347\n|switch|p2b: Garchomp|Garchomp, L50, F|100/100\n|turn|4\n|\n|t:|1776504366\n|move|p1b: Ceruledge|Shadow Sneak|p2b: Garchomp\n|-damage|p2b: Garchomp|79/100\n|-damage|p1b: Ceruledge|78/100|[from] ability: Rough Skin|[of] p2b: Garchomp\n|move|p1a: Hydreigon|Dragon Pulse|p2b: Garchomp\n|-supereffective|p2b: Garchomp|1\n|-damage|p2b: Garchomp|0 fnt\n|faint|p2b: Garchomp\n|move|p2a: Charizard|Weather Ball|p1a: Hydreigon\n|-resisted|p1a: Hydreigon|1\n|-damage|p1a: Hydreigon|29/100\n|\n|-weather|SunnyDay|[upkeep]\n|-heal|p1a: Hydreigon|35/100|[from] item: Leftovers\n|upkeep\n|turn|5\n|-message|buffasian forfeited.\n|\n|win|tarakan\n|raw|tarakan's rating: 1264 &rarr; <strong>1294</strong><br />(+30 for winning)\n|raw|buffasian's rating: 1328 &rarr; <strong>1304</strong><br />(-24 for losing)\n|l|\u2606buffasian\n|player|p2|\n",
  "uploadtime": 1776504562,
  "views": 45,
  "formatid": "gen9championsvgc2026regma",
  "rating": 1294,
  "private": 0,
  "password": null
}