{
  "id": "gen9championsvgc2026regma-2587634078",
  "format": "[Gen 9 Champions] VGC 2026 Reg M-A",
  "players": [
    "Jrorbtbtkrbr",
    "Hosley"
  ],
  "log": "|j|\u2606Jrorbtbtkrbr\n|j|\u2606Hosley\n|t:|1776548892\n|gametype|doubles\n|player|p1|Jrorbtbtkrbr|169|1050\n|player|p2|Hosley|265|1006\n|gen|9\n|tier|[Gen 9 Champions] VGC 2026 Reg M-A\n|rated|\n|rule|Species Clause: Limit one of each Pok\u00e9mon\n|rule|Item Clause: Limit 1 of each item\n|clearpoke\n|poke|p1|Rotom-Heat, L50|\n|poke|p1|Gyarados, L50, F|\n|poke|p1|Tyranitar, L50, F|\n|poke|p1|Sinistcha, L50|\n|poke|p1|Gardevoir, L50, F|\n|poke|p1|Corviknight, L50, M|\n|poke|p2|Starmie, L50|\n|poke|p2|Kommo-o, L50, F|\n|poke|p2|Sinistcha, L50|\n|poke|p2|Sylveon, L50, F|\n|poke|p2|Incineroar, L50, F|\n|poke|p2|Kingambit, L50, F|\n|teampreview|4\n|inactive|Battle timer is ON: inactive players will automatically lose when time's up. (requested by Hosley)\n|inactive|Jrorbtbtkrbr has 60 seconds left.\n|inactive|Jrorbtbtkrbr has 30 seconds left.\n|\n|t:|1776548982\n|teamsize|p1|4\n|teamsize|p2|4\n|start\n|switch|p1a: Gardevoir|Gardevoir, L50, F|100/100\n|switch|p1b: Corviknight|Corviknight, L50, M|100/100\n|switch|p2a: Incineroar|Incineroar, L50, F|100/100\n|switch|p2b: Kommo-o|Kommo-o, L50, F|100/100\n|-ability|p1a: Gardevoir|Intimidate|Trace|[from] ability: Trace|[of] p2a: Incineroar\n|-ability|p1a: Gardevoir|Intimidate|boost\n|-unboost|p2a: Incineroar|atk|1\n|-unboost|p2b: Kommo-o|atk|1\n|-ability|p2a: Incineroar|Intimidate|boost\n|-unboost|p1a: Gardevoir|atk|1\n|-ability|p1b: Corviknight|Mirror Armor\n|-unboost|p2a: Incineroar|atk|1\n|turn|1\n|inactive|Jrorbtbtkrbr has 30 seconds left.\n|inactive|Hosley has 30 seconds left.\n|inactive|Jrorbtbtkrbr has 20 seconds left.\n|inactive|Jrorbtbtkrbr has 15 seconds left.\n|inactive|Jrorbtbtkrbr has 10 seconds left.\n|\n|t:|1776549027\n|detailschange|p1a: Gardevoir|Gardevoir-Mega, L50, F\n|-mega|p1a: Gardevoir|Gardevoir|Gardevoirite\n|move|p1a: Gardevoir|Hyper Voice|p2b: Kommo-o|[spread] p2a\n|-immune|p2b: Kommo-o|[from] ability: Soundproof\n|-damage|p2a: Incineroar|55/100\n|move|p2b: Kommo-o|Clangorous Soul|p2b: Kommo-o\n|-boost|p2b: Kommo-o|atk|1\n|-boost|p2b: Kommo-o|def|1\n|-boost|p2b: Kommo-o|spa|1\n|-boost|p2b: Kommo-o|spd|1\n|-boost|p2b: Kommo-o|spe|1\n|-damage|p2b: Kommo-o|68/100\n|move|p1b: Corviknight|Tailwind|p1b: Corviknight\n|-sidestart|p1: Jrorbtbtkrbr|move: Tailwind\n|move|p2a: Incineroar|Parting Shot|p1a: Gardevoir\n|-unboost|p1a: Gardevoir|atk|1\n|-unboost|p1a: Gardevoir|spa|1\n|\n|t:|1776549042\n|switch|p2a: Sinistcha|Sinistcha, L50|100/100|[from] Parting Shot\n|-heal|p2b: Kommo-o|93/100|[from] ability: Hospitality|[of] p2a: Sinistcha\n|\n|upkeep\n|turn|2\n|inactive|Jrorbtbtkrbr has 30 seconds left.\n|\n|t:|1776549071\n|move|p2b: Kommo-o|Protect|p2b: Kommo-o\n|-singleturn|p2b: Kommo-o|Protect\n|move|p1a: Gardevoir|Moonblast|p2b: Kommo-o\n|-activate|p2b: Kommo-o|move: Protect\n|move|p1b: Corviknight|Brave Bird|p2a: Sinistcha\n|-supereffective|p2a: Sinistcha|1\n|-damage|p2a: Sinistcha|26/100\n|-damage|p1b: Corviknight|75/100|[from] Recoil\n|move|p2a: Sinistcha|Trick Room|p2a: Sinistcha\n|-fieldstart|move: Trick Room|[of] p2a: Sinistcha\n|\n|-heal|p2a: Sinistcha|33/100|[from] item: Leftovers\n|-heal|p1b: Corviknight|81/100|[from] item: Leftovers\n|upkeep\n|turn|3\n|inactive|Jrorbtbtkrbr has 30 seconds left.\n|inactive|Hosley has 30 seconds left.\n|inactive|Hosley has 20 seconds left.\n|\n|t:|1776549110\n|move|p1a: Gardevoir|Protect|p1a: Gardevoir\n|-singleturn|p1a: Gardevoir|Protect\n|move|p2a: Sinistcha|Matcha Gotcha|p1b: Corviknight|[spread] p1b\n|-activate|p1a: Gardevoir|move: Protect\n|-resisted|p1b: Corviknight|2\n|-damage|p1b: Corviknight|74/100\n|-heal|p2a: Sinistcha|36/100|[from] drain|[of] p1b: Corviknight\n|move|p1b: Corviknight|Iron Defense|p1b: Corviknight\n|-boost|p1b: Corviknight|def|2\n|move|p2b: Kommo-o|Aura Sphere|p1b: Corviknight\n|-damage|p1b: Corviknight|17/100\n|\n|-heal|p2a: Sinistcha|42/100|[from] item: Leftovers\n|-heal|p1b: Corviknight|22/100|[from] item: Leftovers\n|upkeep\n|turn|4\n|inactive|Jrorbtbtkrbr has 30 seconds left.\n|inactive|Hosley has 30 seconds left.\n|inactive|Jrorbtbtkrbr has 20 seconds left.\n|inactive|Hosley has 20 seconds left.\n|inactive|Jrorbtbtkrbr has 15 seconds left.\n|\n|t:|1776549151\n|move|p2a: Sinistcha|Rage Powder|p2a: Sinistcha\n|-singleturn|p2a: Sinistcha|move: Rage Powder\n|move|p1b: Corviknight|Brave Bird|p2a: Sinistcha\n|-supereffective|p2a: Sinistcha|1\n|-damage|p2a: Sinistcha|0 fnt\n|faint|p2a: Sinistcha\n|-damage|p1b: Corviknight|9/100|[from] Recoil\n|move|p2b: Kommo-o|Aura Sphere|p1b: Corviknight\n|-damage|p1b: Corviknight|0 fnt\n|faint|p1b: Corviknight\n|move|p1a: Gardevoir|Moonblast|p2b: Kommo-o\n|-supereffective|p2b: Kommo-o|2\n|-damage|p2b: Kommo-o|0 fnt\n|faint|p2b: Kommo-o\n|\n|-sideend|p1: Jrorbtbtkrbr|move: Tailwind\n|upkeep\n|inactive|Jrorbtbtkrbr has 30 seconds left.\n|\n|t:|1776549177\n|switch|p2a: Incineroar|Incineroar, L50, F|55/100\n|switch|p1b: Sinistcha|Sinistcha, L50|100/100\n|switch|p2b: Kingambit|Kingambit, L50, F|100/100\n|-ability|p2a: Incineroar|Intimidate|boost\n|-unboost|p1a: Gardevoir|atk|1\n|-unboost|p1b: Sinistcha|atk|1\n|turn|5\n|inactive|Jrorbtbtkrbr has 30 seconds left.\n|\n|t:|1776549209\n|move|p1b: Sinistcha|Rage Powder|p1b: Sinistcha\n|-singleturn|p1b: Sinistcha|move: Rage Powder\n|move|p1a: Gardevoir|Vacuum Wave|p2b: Kingambit\n|-supereffective|p2b: Kingambit|2\n|-enditem|p2b: Kingambit|Chople Berry|[eat]\n|-enditem|p2b: Kingambit|Chople Berry|[weaken]\n|-damage|p2b: Kingambit|73/100\n|move|p2a: Incineroar|Flare Blitz|p1b: Sinistcha\n|-supereffective|p1b: Sinistcha|1\n|-enditem|p1b: Sinistcha|Occa Berry|[eat]\n|-enditem|p1b: Sinistcha|Occa Berry|[weaken]\n|-damage|p1b: Sinistcha|53/100\n|-damage|p2a: Incineroar|39/100|[from] Recoil\n|-enditem|p2a: Incineroar|Sitrus Berry|[eat]\n|-heal|p2a: Incineroar|64/100|[from] item: Sitrus Berry\n|move|p2b: Kingambit|Iron Head|p1b: Sinistcha\n|-damage|p1b: Sinistcha|7/100\n|\n|upkeep\n|turn|6\n|inactive|Jrorbtbtkrbr has 30 seconds left.\n|inactive|Jrorbtbtkrbr has 20 seconds left.\n|inactive|Jrorbtbtkrbr has 15 seconds left.\n|\n|t:|1776549253\n|switch|p1a: Rotom|Rotom-Heat, L50|100/100\n|move|p2a: Incineroar|Flare Blitz|p1b: Sinistcha\n|-supereffective|p1b: Sinistcha|1\n|-damage|p1b: Sinistcha|0 fnt\n|faint|p1b: Sinistcha\n|-damage|p2a: Incineroar|61/100|[from] Recoil\n|move|p2b: Kingambit|Iron Head|p1a: Rotom\n|-resisted|p1a: Rotom|2\n|-damage|p1a: Rotom|86/100\n|\n|-fieldend|move: Trick Room\n|upkeep\n|\n|t:|1776549266\n|switch|p1b: Gardevoir|Gardevoir-Mega, L50, F|100/100\n|turn|7\n|inactive|Jrorbtbtkrbr has 30 seconds left.\n|\n|t:|1776549298\n|move|p2b: Kingambit|Protect|p2b: Kingambit\n|-singleturn|p2b: Kingambit|Protect\n|move|p1a: Rotom|Overheat|p2b: Kingambit\n|-activate|p2b: Kingambit|move: Protect\n|move|p1b: Gardevoir|Hyper Voice|p2a: Incineroar|[spread] p2a\n|-activate|p2b: Kingambit|move: Protect\n|-damage|p2a: Incineroar|13/100\n|move|p2a: Incineroar|Parting Shot|p1b: Gardevoir\n|-unboost|p1b: Gardevoir|atk|1\n|-unboost|p1b: Gardevoir|spa|1\n|\n|upkeep\n|turn|8\n|inactive|Hosley has 30 seconds left.\n|\n|t:|1776549327\n|move|p2b: Kingambit|Sucker Punch|p1a: Rotom\n|-damage|p1a: Rotom|33/100\n|move|p1a: Rotom|Overheat|p2b: Kingambit\n|-supereffective|p2b: Kingambit|1\n|-damage|p2b: Kingambit|0 fnt\n|-unboost|p1a: Rotom|spa|2\n|faint|p2b: Kingambit\n|move|p1b: Gardevoir|Hyper Voice|p2a: Incineroar\n|-damage|p2a: Incineroar|0 fnt\n|faint|p2a: Incineroar\n|\n|win|Jrorbtbtkrbr\n|raw|Jrorbtbtkrbr's rating: 1050 &rarr; <strong>1078</strong><br />(+28 for winning)\n|raw|Hosley's rating: 1006 &rarr; <strong>1000</strong><br />(-6 for losing)\n",
  "uploadtime": 1776549331,
  "views": 10,
  "formatid": "gen9championsvgc2026regma",
  "rating": 1000,
  "private": 0,
  "password": null
}