{
  "id": "gen9championsvgc2026regma-2581307944",
  "format": "[Gen 9 Champions] VGC 2026 Reg M-A",
  "players": [
    "Braute",
    "lmfao6969"
  ],
  "log": "|j|\u2606Braute\n|j|\u2606lmfao6969\n|t:|1775984496\n|gametype|doubles\n|player|p1|Braute|miku-fire|1058\n|player|p2|lmfao6969|cynthia|1000\n|gen|9\n|tier|[Gen 9 Champions] VGC 2026 Reg M-A\n|rated|\n|rule|Species Clause: Limit one of each Pok\u00e9mon\n|rule|Item Clause: Limit 1 of each item\n|clearpoke\n|poke|p1|Beedrill, L50, M|\n|poke|p1|Incineroar, L50, M|\n|poke|p1|Talonflame, L50, M|\n|poke|p1|Kingambit, L50, F|\n|poke|p1|Manectric, L50, M|\n|poke|p1|Sylveon, L50, M|\n|poke|p2|Garchomp, L50, F|\n|poke|p2|Altaria, L50, M|\n|poke|p2|Incineroar, L50, M|\n|poke|p2|Tyranitar, L50, M|\n|poke|p2|Aerodactyl, L50, F|\n|poke|p2|Weavile, L50, F|\n|teampreview|4\n|inactive|Battle timer is ON: inactive players will automatically lose when time's up. (requested by lmfao6969)\n|inactive|Braute also wants the timer to be on.\n|\n|t:|1775984518\n|teamsize|p1|4\n|teamsize|p2|4\n|start\n|switch|p1a: Beedrill|Beedrill, L50, M, shiny|100/100\n|switch|p1b: Incineroar|Incineroar, L50, M, shiny|100/100\n|switch|p2a: Tyranitar|Tyranitar, L50, M|100/100\n|switch|p2b: Incineroar|Incineroar, L50, M|100/100\n|-ability|p2b: Incineroar|Intimidate|boost\n|-unboost|p1a: Beedrill|atk|1\n|-unboost|p1b: Incineroar|atk|1\n|-ability|p1b: Incineroar|Intimidate|boost\n|-unboost|p2a: Tyranitar|atk|1\n|-unboost|p2b: Incineroar|atk|1\n|-weather|Sandstorm|[from] ability: Sand Stream|[of] p2a: Tyranitar\n|turn|1\n|\n|t:|1775984531\n|move|p1a: Beedrill|Protect|p1a: Beedrill\n|-singleturn|p1a: Beedrill|Protect\n|move|p2a: Tyranitar|Protect|p2a: Tyranitar\n|-singleturn|p2a: Tyranitar|Protect\n|move|p1b: Incineroar|Fake Out|p2a: Tyranitar\n|-activate|p2a: Tyranitar|move: Protect\n|move|p2b: Incineroar|Taunt|p1b: Incineroar\n|-start|p1b: Incineroar|move: Taunt\n|\n|-weather|Sandstorm|[upkeep]\n|-damage|p1a: Beedrill|95/100|[from] Sandstorm\n|-damage|p2b: Incineroar|95/100|[from] Sandstorm\n|-damage|p1b: Incineroar|94/100|[from] Sandstorm\n|upkeep\n|turn|2\n|\n|t:|1775984549\n|switch|p1b: Sylveon|Sylveon, L50, M, shiny|100/100\n|detailschange|p1a: Beedrill|Beedrill-Mega, L50, M, shiny\n|-mega|p1a: Beedrill|Beedrill|Beedrillite\n|move|p1a: Beedrill|U-turn|p2a: Tyranitar\n|-supereffective|p2a: Tyranitar|1\n|-damage|p2a: Tyranitar|37/100\n|\n|t:|1775984555\n|switch|p1a: Incineroar|Incineroar, L50, M, shiny|94/100|[from] U-turn\n|-ability|p1a: Incineroar|Intimidate|boost\n|-unboost|p2a: Tyranitar|atk|1\n|-unboost|p2b: Incineroar|atk|1\n|move|p2b: Incineroar|Flare Blitz|p1a: Incineroar\n|-resisted|p1a: Incineroar|1\n|-damage|p1a: Incineroar|82/100\n|-damage|p2b: Incineroar|91/100|[from] Recoil\n|move|p2a: Tyranitar|Rock Slide|p1a: Incineroar|[spread] p1a,p1b\n|-supereffective|p1a: Incineroar|1\n|-damage|p1a: Incineroar|54/100\n|-damage|p1b: Sylveon|81/100\n|\n|-weather|Sandstorm|[upkeep]\n|-damage|p1b: Sylveon|75/100|[from] Sandstorm\n|-damage|p2b: Incineroar|85/100|[from] Sandstorm\n|-damage|p1a: Incineroar|48/100|[from] Sandstorm\n|-enditem|p1a: Incineroar|Sitrus Berry|[eat]\n|-heal|p1a: Incineroar|73/100|[from] item: Sitrus Berry\n|-heal|p1b: Sylveon|81/100|[from] item: Leftovers\n|upkeep\n|turn|3\n|\n|t:|1775984572\n|move|p1a: Incineroar|Fake Out|p2b: Incineroar\n|-damage|p2b: Incineroar|74/100\n|move|p1b: Sylveon|Calm Mind|p1b: Sylveon\n|-boost|p1b: Sylveon|spa|1\n|-boost|p1b: Sylveon|spd|1\n|cant|p2b: Incineroar|flinch\n|move|p2a: Tyranitar|Icy Wind|p1b: Sylveon|[spread] p1a,p1b\n|-resisted|p1a: Incineroar|1\n|-crit|p1b: Sylveon\n|-damage|p1a: Incineroar|69/100\n|-damage|p1b: Sylveon|70/100\n|-unboost|p1a: Incineroar|spe|1\n|-unboost|p1b: Sylveon|spe|1\n|\n|-weather|Sandstorm|[upkeep]\n|-damage|p2b: Incineroar|68/100|[from] Sandstorm\n|-damage|p1b: Sylveon|64/100|[from] Sandstorm\n|-damage|p1a: Incineroar|63/100|[from] Sandstorm\n|-heal|p1b: Sylveon|70/100|[from] item: Leftovers\n|upkeep\n|turn|4\n|inactive|lmfao6969 has 30 seconds left.\n|\n|t:|1775984598\n|switch|p2a: Aerodactyl|Aerodactyl, L50, F|100/100\n|move|p1b: Sylveon|Protect|p1b: Sylveon\n|-singleturn|p1b: Sylveon|Protect\n|move|p2b: Incineroar|Taunt|p1b: Sylveon\n|-activate|p1b: Sylveon|move: Protect\n|move|p1a: Incineroar|Parting Shot|p2b: Incineroar\n|-unboost|p2b: Incineroar|atk|1\n|-unboost|p2b: Incineroar|spa|1\n|\n|t:|1775984611\n|switch|p1a: Beedrill|Beedrill-Mega, L50, M, shiny|95/100|[from] Parting Shot\n|\n|-weather|Sandstorm|[upkeep]\n|-damage|p1a: Beedrill|89/100|[from] Sandstorm\n|-damage|p2b: Incineroar|62/100|[from] Sandstorm\n|-damage|p1b: Sylveon|64/100|[from] Sandstorm\n|-heal|p1b: Sylveon|70/100|[from] item: Leftovers\n|upkeep\n|turn|5\n|\n|t:|1775984630\n|switch|p1a: Incineroar|Incineroar, L50, M, shiny|63/100\n|-ability|p1a: Incineroar|Intimidate|boost\n|-unboost|p2a: Aerodactyl|atk|1\n|-unboost|p2b: Incineroar|atk|1\n|detailschange|p2a: Aerodactyl|Aerodactyl-Mega, L50, F\n|-mega|p2a: Aerodactyl|Aerodactyl|Aerodactylite\n|move|p2a: Aerodactyl|Rock Slide|p1a: Incineroar|[spread] p1a,p1b\n|-supereffective|p1a: Incineroar|1\n|-damage|p1a: Incineroar|28/100\n|-damage|p1b: Sylveon|46/100\n|move|p2b: Incineroar|Parting Shot|p1b: Sylveon\n|-unboost|p1b: Sylveon|atk|1\n|-unboost|p1b: Sylveon|spa|1\n|\n|t:|1775984638\n|switch|p2b: Tyranitar|Tyranitar, L50, M|37/100|[from] Parting Shot\n|move|p1b: Sylveon|Hyper Voice|p2a: Aerodactyl|[spread] p2a,p2b\n|-supereffective|p2b: Tyranitar|1\n|-damage|p2a: Aerodactyl|70/100\n|-damage|p2b: Tyranitar|0 fnt\n|faint|p2b: Tyranitar\n|\n|-weather|none\n|-heal|p1b: Sylveon|52/100|[from] item: Leftovers\n|upkeep\n|\n|t:|1775984642\n|switch|p2b: Incineroar|Incineroar, L50, M|62/100\n|-ability|p2b: Incineroar|Intimidate|boost\n|-unboost|p1a: Incineroar|atk|1\n|-unboost|p1b: Sylveon|atk|1\n|turn|6\n|\n|t:|1775984654\n|move|p1a: Incineroar|Fake Out|p2a: Aerodactyl\n|-resisted|p2a: Aerodactyl|1\n|-damage|p2a: Aerodactyl|65/100\n|move|p2b: Incineroar|Fake Out|p1b: Sylveon\n|-damage|p1b: Sylveon|38/100\n|cant|p2a: Aerodactyl|flinch\n|cant|p1b: Sylveon|flinch\n|\n|-heal|p1b: Sylveon|43/100|[from] item: Leftovers\n|upkeep\n|turn|7\n|inactive|lmfao6969 has 30 seconds left.\n|\n|t:|1775984680\n|switch|p1a: Talonflame|Talonflame, L50, M|100/100\n|move|p1b: Sylveon|Protect|p1b: Sylveon\n|-singleturn|p1b: Sylveon|Protect\n|move|p2a: Aerodactyl|Rock Slide|p1a: Talonflame|[spread] p1a\n|-activate|p1b: Sylveon|move: Protect\n|-supereffective|p1a: Talonflame|2\n|-damage|p1a: Talonflame|0 fnt\n|faint|p1a: Talonflame\n|move|p2b: Incineroar|Parting Shot|p1b: Sylveon\n|-activate|p1b: Sylveon|move: Protect\n|\n|-heal|p1b: Sylveon|49/100|[from] item: Leftovers\n|upkeep\n|\n|t:|1775984687\n|switch|p1a: Incineroar|Incineroar, L50, M, shiny|28/100\n|-ability|p1a: Incineroar|Intimidate|boost\n|-unboost|p2a: Aerodactyl|atk|1\n|-unboost|p2b: Incineroar|atk|1\n|turn|8\n|\n|t:|1775984698\n|switch|p2a: Garchomp|Garchomp, L50, F|100/100\n|move|p1a: Incineroar|Fake Out|p2a: Garchomp\n|-damage|p2a: Garchomp|89/100\n|move|p2b: Incineroar|Taunt|p1b: Sylveon\n|-start|p1b: Sylveon|move: Taunt\n|move|p1b: Sylveon|Hyper Voice|p2b: Incineroar|[spread] p2a,p2b\n|-supereffective|p2a: Garchomp|1\n|-damage|p2a: Garchomp|1/100\n|-damage|p2b: Incineroar|23/100\n|\n|-heal|p1b: Sylveon|55/100|[from] item: Leftovers\n|upkeep\n|turn|9\n|inactive|lmfao6969 has 30 seconds left.\n|\n|t:|1775984726\n|move|p2a: Garchomp|Stomping Tantrum|p1a: Incineroar\n|-supereffective|p1a: Incineroar|1\n|-damage|p1a: Incineroar|0 fnt\n|faint|p1a: Incineroar\n|move|p2b: Incineroar|Taunt||[still]\n|-fail|p2b: Incineroar\n|move|p1b: Sylveon|Hyper Voice|p2b: Incineroar|[spread] p2a,p2b\n|-supereffective|p2a: Garchomp|1\n|-crit|p2b: Incineroar\n|-damage|p2a: Garchomp|0 fnt\n|-damage|p2b: Incineroar|0 fnt\n|faint|p2a: Garchomp\n|faint|p2b: Incineroar\n|\n|-heal|p1b: Sylveon|61/100|[from] item: Leftovers\n|upkeep\n|\n|t:|1775984738\n|switch|p2a: Aerodactyl|Aerodactyl-Mega, L50, F|65/100\n|switch|p1a: Beedrill|Beedrill-Mega, L50, M, shiny|89/100\n|turn|10\n|\n|t:|1775984754\n|move|p1a: Beedrill|Protect|p1a: Beedrill\n|-singleturn|p1a: Beedrill|Protect\n|move|p2a: Aerodactyl|Rock Slide|p1b: Sylveon|[spread] p1b\n|-activate|p1a: Beedrill|move: Protect\n|-crit|p1b: Sylveon\n|-damage|p1b: Sylveon|4/100\n|move|p1b: Sylveon|Hyper Voice|p2a: Aerodactyl\n|-damage|p2a: Aerodactyl|0 fnt\n|faint|p2a: Aerodactyl\n|\n|win|Braute\n|raw|Braute's rating: 1058 &rarr; <strong>1084</strong><br />(+26 for winning)\n|raw|lmfao6969's rating: 1000 &rarr; <strong>1000</strong><br />(+0 for losing)\n",
  "uploadtime": 1775984755,
  "views": 10,
  "formatid": "gen9championsvgc2026regma",
  "rating": 1000,
  "private": 0,
  "password": null
}