{
  "id": "gen9championsvgc2026regma-2585759542",
  "format": "[Gen 9 Champions] VGC 2026 Reg M-A",
  "players": [
    "toxmyself",
    "Biff6"
  ],
  "log": "|j|\u2606toxmyself\n|j|\u2606Biff6\n|t:|1776368644\n|gametype|doubles\n|player|p1|toxmyself|norman|1220\n|player|p2|Biff6|backpacker|1183\n|gen|9\n|tier|[Gen 9 Champions] VGC 2026 Reg M-A\n|rated|\n|rule|Species Clause: Limit one of each Pok\u00e9mon\n|rule|Item Clause: Limit 1 of each item\n|clearpoke\n|poke|p1|Charizard, L50, M|\n|poke|p1|Milotic, L50, F|\n|poke|p1|Aegislash, L50, F|\n|poke|p1|Sneasler, L50, M|\n|poke|p1|Aerodactyl, L50, F|\n|poke|p1|Sylveon, L50, M|\n|poke|p2|Rotom-Wash, L50|\n|poke|p2|Tyranitar, L50, F|\n|poke|p2|Sneasler, L50, M|\n|poke|p2|Corviknight, L50, M|\n|poke|p2|Garchomp, L50, F|\n|poke|p2|Farigiraf, L50, F|\n|teampreview|4\n|inactive|Battle timer is ON: inactive players will automatically lose when time's up. (requested by toxmyself)\n|inactive|toxmyself has 60 seconds left.\n|inactive|Biff6 has 60 seconds left.\n|\n|t:|1776368697\n|teamsize|p1|4\n|teamsize|p2|4\n|start\n|switch|p1a: Sylveon|Sylveon, L50, M|100/100\n|switch|p1b: Aerodactyl|Aerodactyl, L50, F|100/100\n|switch|p2a: Rotom|Rotom-Wash, L50|100/100\n|switch|p2b: Garchomp|Garchomp, L50, F|100/100\n|turn|1\n|inactive|Biff6 has 30 seconds left.\n|\n|t:|1776368723\n|move|p1b: Aerodactyl|Tailwind|p1b: Aerodactyl\n|-sidestart|p1: toxmyself|move: Tailwind\n|move|p1a: Sylveon|Hyper Voice|p2a: Rotom|[spread] p2a,p2b\n|-supereffective|p2b: Garchomp|1\n|-damage|p2a: Rotom|48/100\n|-damage|p2b: Garchomp|10/100\n|move|p2b: Garchomp|Rock Slide|p1b: Aerodactyl|[spread] p1a\n|-miss|p2b: Garchomp|p1b: Aerodactyl\n|-damage|p1a: Sylveon|83/100\n|move|p2a: Rotom|Discharge|p1a: Sylveon|[spread] p1a,p1b\n|-immune|p2b: Garchomp\n|-supereffective|p1b: Aerodactyl|1\n|-damage|p1a: Sylveon|66/100\n|-damage|p1b: Aerodactyl|30/100\n|-status|p1a: Sylveon|par\n|\n|-heal|p2a: Rotom|54/100|[from] item: Leftovers\n|upkeep\n|turn|2\n|inactive|Biff6 has 30 seconds left.\n|\n|t:|1776368752\n|move|p2b: Garchomp|Protect|p2b: Garchomp\n|-singleturn|p2b: Garchomp|Protect\n|move|p1b: Aerodactyl|Rock Slide|p2b: Garchomp|[spread] p2a\n|-activate|p2b: Garchomp|move: Protect\n|-damage|p2a: Rotom|21/100\n|move|p2a: Rotom|Discharge|p1b: Aerodactyl|[spread] p1a,p1b\n|-activate|p2b: Garchomp|move: Protect\n|-supereffective|p1b: Aerodactyl|1\n|-damage|p1a: Sylveon|51/100 par\n|-damage|p1b: Aerodactyl|0 fnt\n|faint|p1b: Aerodactyl\n|move|p1a: Sylveon|Hyper Voice|p2b: Garchomp|[spread] p2a\n|-activate|p2b: Garchomp|move: Protect\n|-damage|p2a: Rotom|0 fnt\n|faint|p2a: Rotom\n|\n|upkeep\n|inactive|Biff6 has 30 seconds left.\n|\n|t:|1776368778\n|switch|p1b: Milotic|Milotic, L50, F|100/100\n|switch|p2a: Farigiraf|Farigiraf, L50, F|100/100\n|turn|3\n|\n|t:|1776368797\n|move|p1b: Milotic|Scald|p2b: Garchomp\n|-damage|p2b: Garchomp|0 fnt\n|faint|p2b: Garchomp\n|move|p1a: Sylveon|Hyper Beam|p2a: Farigiraf\n|-damage|p2a: Farigiraf|13/100\n|-mustrecharge|p1a: Sylveon\n|move|p2a: Farigiraf|Thunderbolt|p1b: Milotic\n|-supereffective|p1b: Milotic|1\n|-damage|p1b: Milotic|60/100\n|\n|-heal|p1b: Milotic|66/100|[from] item: Leftovers\n|upkeep\n|\n|t:|1776368811\n|switch|p2b: Tyranitar|Tyranitar, L50, F|100/100\n|-weather|Sandstorm|[from] ability: Sand Stream|[of] p2b: Tyranitar\n|turn|4\n|\n|t:|1776368833\n|detailschange|p2b: Tyranitar|Tyranitar-Mega, L50, F\n|-mega|p2b: Tyranitar|Tyranitar|Tyranitarite\n|move|p1b: Milotic|Scald|p2a: Farigiraf\n|-damage|p2a: Farigiraf|0 fnt\n|faint|p2a: Farigiraf\n|move|p2b: Tyranitar|Rock Slide|p1b: Milotic|[spread] p1a,p1b\n|-damage|p1a: Sylveon|17/100 par\n|-damage|p1b: Milotic|41/100\n|cant|p1a: Sylveon|recharge\n|\n|-weather|Sandstorm|[upkeep]\n|-damage|p1b: Milotic|34/100|[from] Sandstorm\n|-damage|p1a: Sylveon|11/100 par|[from] Sandstorm\n|-heal|p1b: Milotic|41/100|[from] item: Leftovers\n|-sideend|p1: toxmyself|move: Tailwind\n|upkeep\n|turn|5\n|\n|t:|1776368857\n|cant|p1a: Sylveon|par\n|move|p1b: Milotic|Scald|p2b: Tyranitar\n|-supereffective|p2b: Tyranitar|1\n|-damage|p2b: Tyranitar|74/100\n|move|p2b: Tyranitar|Rock Slide|p1a: Sylveon|[spread] p1a,p1b\n|-damage|p1a: Sylveon|0 fnt\n|-damage|p1b: Milotic|17/100\n|faint|p1a: Sylveon\n|\n|-weather|Sandstorm|[upkeep]\n|-damage|p1b: Milotic|11/100|[from] Sandstorm\n|-heal|p1b: Milotic|17/100|[from] item: Leftovers\n|upkeep\n|\n|t:|1776368861\n|switch|p1a: Sneasler|Sneasler, L50, M|100/100\n|turn|6\n|\n|t:|1776368878\n|move|p2b: Tyranitar|Protect|p2b: Tyranitar\n|-singleturn|p2b: Tyranitar|Protect\n|move|p1a: Sneasler|Fake Out|p2b: Tyranitar\n|-activate|p2b: Tyranitar|move: Protect\n|move|p1b: Milotic|Recover|p1b: Milotic\n|-heal|p1b: Milotic|67/100\n|\n|-weather|Sandstorm|[upkeep]\n|-damage|p1a: Sneasler|95/100|[from] Sandstorm\n|-damage|p1b: Milotic|61/100|[from] Sandstorm\n|-heal|p1b: Milotic|67/100|[from] item: Leftovers\n|upkeep\n|turn|7\n|\n|t:|1776368898\n|move|p1a: Sneasler|Close Combat|p2b: Tyranitar\n|-supereffective|p2b: Tyranitar|2\n|-damage|p2b: Tyranitar|0 fnt\n|-unboost|p1a: Sneasler|def|1\n|-unboost|p1a: Sneasler|spd|1\n|faint|p2b: Tyranitar\n|\n|win|toxmyself\n|raw|toxmyself's rating: 1220 &rarr; <strong>1242</strong><br />(+22 for winning)\n|raw|Biff6's rating: 1183 &rarr; <strong>1161</strong><br />(-22 for losing)\n",
  "uploadtime": 1776368898,
  "views": 17,
  "formatid": "gen9championsvgc2026regma",
  "rating": 1161,
  "private": 0,
  "password": null
}