{
  "id": "gen9championsvgc2026regma-2585072421",
  "format": "[Gen 9 Champions] VGC 2026 Reg M-A",
  "players": [
    "yedsdasdasd",
    "llamas33"
  ],
  "log": "|j|\u2606yedsdasdasd\n|j|\u2606llamas33\n|t:|1776308907\n|gametype|doubles\n|player|p1|yedsdasdasd|2|1078\n|player|p2|llamas33|bugcatcher-gen4dp|1058\n|gen|9\n|tier|[Gen 9 Champions] VGC 2026 Reg M-A\n|rated|\n|rule|Species Clause: Limit one of each Pok\u00e9mon\n|rule|Item Clause: Limit 1 of each item\n|clearpoke\n|poke|p1|Basculegion, L50, M|\n|poke|p1|Venusaur, L50, F|\n|poke|p1|Farigiraf, L50, F|\n|poke|p1|Tyranitar, L50, M|\n|poke|p1|Rotom-Frost, L50|\n|poke|p1|Armarouge, L50, M|\n|poke|p2|Maushold-Four, L50|\n|poke|p2|Sableye, L50, M|\n|poke|p2|Farigiraf, L50, F|\n|poke|p2|Excadrill, L50, F|\n|poke|p2|Hydrapple, L50, F|\n|poke|p2|Drampa, L50, F|\n|teampreview|4\n|inactive|Battle timer is ON: inactive players will automatically lose when time's up. (requested by llamas33)\n|\n|t:|1776308938\n|teamsize|p1|4\n|teamsize|p2|4\n|start\n|switch|p1a: Farigiraf|Farigiraf, L50, F|100/100\n|switch|p1b: Armarouge|Armarouge, L50, M|100/100\n|switch|p2a: Farigiraf|Farigiraf, L50, F|100/100\n|switch|p2b: Drampa|Drampa, L50, F|100/100\n|-ability|p2b: Drampa|Cloud Nine\n|turn|1\n|inactive|llamas33 has 30 seconds left.\n|\n|t:|1776308968\n|detailschange|p2b: Drampa|Drampa-Mega, L50, F\n|-mega|p2b: Drampa|Drampa|Drampanite\n|move|p1a: Farigiraf|Helping Hand|p1b: Armarouge\n|-singleturn|p1b: Armarouge|Helping Hand|[of] p1a: Farigiraf\n|move|p2b: Drampa|Hyper Voice|p1b: Armarouge|[spread] p1a,p1b\n|-damage|p1a: Farigiraf|63/100\n|-damage|p1b: Armarouge|54/100\n|move|p2a: Farigiraf|Roar|p1a: Farigiraf\n|drag|p1a: Venusaur|Venusaur, L50, F|100/100\n|move|p1b: Armarouge|Trick Room|p1b: Armarouge\n|-fieldstart|move: Trick Room|[of] p1b: Armarouge\n|\n|upkeep\n|turn|2\n|\n|t:|1776308992\n|switch|p2a: Hydrapple|Hydrapple, L50, F|100/100\n|-ability|p2a: Hydrapple|Supersweet Syrup\n|-unboost|p1a: Venusaur|evasion|1\n|-unboost|p1b: Armarouge|evasion|1\n|switch|p1b: Tyranitar|Tyranitar, L50, M|100/100\n|-weather|Sandstorm|[from] ability: Sand Stream|[of] p1b: Tyranitar\n|move|p2b: Drampa|Dragon Cheer|p2a: Hydrapple\n|-start|p2a: Hydrapple|move: Dragon Cheer\n|move|p1a: Venusaur|Sleep Powder|p2b: Drampa\n|-status|p2b: Drampa|slp|[from] move: Sleep Powder\n|\n|-weather|Sandstorm|[upkeep]\n|-damage|p2b: Drampa|95/100 slp|[from] Sandstorm\n|-damage|p2a: Hydrapple|94/100|[from] Sandstorm\n|-damage|p1a: Venusaur|95/100|[from] Sandstorm\n|upkeep\n|turn|3\n|inactive|yedsdasdasd has 30 seconds left.\n|inactive|llamas33 has 30 seconds left.\n|inactive|yedsdasdasd has 20 seconds left.\n|inactive|llamas33 has 20 seconds left.\n|inactive|yedsdasdasd has 15 seconds left.\n|inactive|llamas33 has 15 seconds left.\n|inactive|yedsdasdasd has 10 seconds left.\n|inactive|llamas33 has 10 seconds left.\n|\n|t:|1776309039\n|switch|p2b: Sableye|Sableye, L50, M|100/100\n|detailschange|p1a: Venusaur|Venusaur-Mega, L50, F\n|-mega|p1a: Venusaur|Venusaur|Venusaurite\n|move|p2a: Hydrapple|Protect|p2a: Hydrapple\n|-singleturn|p2a: Hydrapple|Protect\n|move|p1a: Venusaur|Sludge Bomb|p2a: Hydrapple\n|-activate|p2a: Hydrapple|move: Protect\n|move|p1b: Tyranitar|Low Kick|p2b: Sableye\n|-immune|p2b: Sableye\n|\n|-weather|Sandstorm|[upkeep]\n|-damage|p2a: Hydrapple|88/100|[from] Sandstorm\n|-damage|p2b: Sableye|95/100|[from] Sandstorm\n|-damage|p1a: Venusaur|89/100|[from] Sandstorm\n|upkeep\n|turn|4\n|\n|t:|1776309061\n|move|p2b: Sableye|Disable|p1a: Venusaur\n|-start|p1a: Venusaur|Disable|Sludge Bomb\n|move|p2a: Hydrapple|Leaf Storm|p1b: Tyranitar\n|-supereffective|p1b: Tyranitar|1\n|-crit|p1b: Tyranitar\n|-damage|p1b: Tyranitar|0 fnt\n|-unboost|p2a: Hydrapple|spa|2\n|faint|p1b: Tyranitar\n|cant|p1a: Venusaur|Disable|Sludge Bomb\n|\n|-weather|Sandstorm|[upkeep]\n|-damage|p2a: Hydrapple|82/100|[from] Sandstorm\n|-damage|p2b: Sableye|89/100|[from] Sandstorm\n|-damage|p1a: Venusaur|83/100|[from] Sandstorm\n|upkeep\n|\n|t:|1776309071\n|switch|p1b: Armarouge|Armarouge, L50, M|54/100\n|turn|5\n|\n|t:|1776309093\n|move|p2b: Sableye|Encore|p1a: Venusaur\n|-start|p1a: Venusaur|Encore\n|move|p2a: Hydrapple|Draco Meteor|p1b: Armarouge|[miss]\n|-miss|p2a: Hydrapple|p1b: Armarouge\n|move|p1b: Armarouge|Burn Up|p2a: Hydrapple\n|-damage|p2a: Hydrapple|10/100\n|-start|p1b: Armarouge|typechange|???/Psychic|[from] move: Burn Up\n|cant|p1a: Venusaur|Disable|Sludge Bomb\n|\n|-weather|Sandstorm|[upkeep]\n|-damage|p2a: Hydrapple|4/100|[from] Sandstorm\n|-damage|p2b: Sableye|83/100|[from] Sandstorm\n|-damage|p1b: Armarouge|48/100|[from] Sandstorm\n|-damage|p1a: Venusaur|77/100|[from] Sandstorm\n|-fieldend|move: Trick Room\n|upkeep\n|turn|6\n|inactive|yedsdasdasd has 30 seconds left.\n|inactive|llamas33 has 30 seconds left.\n|inactive|yedsdasdasd has 20 seconds left.\n|\n|t:|1776309129\n|move|p2b: Sableye|Encore|p1b: Armarouge\n|-start|p1b: Armarouge|Encore\n|-activate|p1a: Venusaur|move: Struggle\n|move|p1a: Venusaur|Struggle|p2b: Sableye\n|-crit|p2b: Sableye\n|-damage|p2b: Sableye|65/100\n|-damage|p1a: Venusaur|52/100|[from] recoil\n|move|p1b: Armarouge|Burn Up||[still]\n|-fail|p1b: Armarouge|move: Burn Up\n|move|p2a: Hydrapple|Recover|p2a: Hydrapple\n|-heal|p2a: Hydrapple|54/100\n|\n|-weather|none\n|upkeep\n|turn|7\n|\n|t:|1776309149\n|switch|p1b: Farigiraf|Farigiraf, L50, F|63/100\n|switch|p2b: Farigiraf|Farigiraf, L50, F|100/100\n|-activate|p1a: Venusaur|move: Struggle\n|move|p1a: Venusaur|Struggle|p2a: Hydrapple\n|-damage|p2a: Hydrapple|45/100\n|-damage|p1a: Venusaur|27/100|[from] recoil\n|move|p2a: Hydrapple|Draco Meteor|p1a: Venusaur\n|-crit|p1a: Venusaur\n|-damage|p1a: Venusaur|0 fnt\n|-unboost|p2a: Hydrapple|spa|2\n|faint|p1a: Venusaur\n|\n|upkeep\n|\n|t:|1776309158\n|switch|p1a: Armarouge|Armarouge, L50, M|48/100\n|turn|8\n|-message|yedsdasdasd forfeited.\n|\n|win|llamas33\n|raw|yedsdasdasd's rating: 1078 &rarr; <strong>1055</strong><br />(-23 for losing)\n|raw|llamas33's rating: 1058 &rarr; <strong>1091</strong><br />(+33 for winning)\n|l|\u2606yedsdasdasd\n|player|p1|\n",
  "uploadtime": 1776309169,
  "views": 25,
  "formatid": "gen9championsvgc2026regma",
  "rating": 1055,
  "private": 0,
  "password": null
}