{
  "id": "gen9championsvgc2026regma-2584873394",
  "format": "[Gen 9 Champions] VGC 2026 Reg M-A",
  "players": [
    "jehlk",
    "Markiito18"
  ],
  "log": "|j|\u2606jehlk\n|j|\u2606Markiito18\n|t:|1776290467\n|gametype|doubles\n|player|p1|jehlk|cynthia-gen4|1142\n|player|p2|Markiito18|1|1206\n|gen|9\n|tier|[Gen 9 Champions] VGC 2026 Reg M-A\n|rated|\n|rule|Species Clause: Limit one of each Pok\u00e9mon\n|rule|Item Clause: Limit 1 of each item\n|clearpoke\n|poke|p1|Sneasler, L50, M|\n|poke|p1|Corviknight, L50, M|\n|poke|p1|Incineroar, L50, F|\n|poke|p1|Rotom-Wash, L50|\n|poke|p1|Excadrill, L50, F|\n|poke|p1|Tyranitar, L50, F|\n|poke|p2|Aegislash, L50, F|\n|poke|p2|Hydreigon, L50, F|\n|poke|p2|Farigiraf, L50, F|\n|poke|p2|Sylveon, L50, F|\n|poke|p2|Talonflame, L50, M|\n|poke|p2|Aggron, L50, M|\n|teampreview|4\n|inactive|Battle timer is ON: inactive players will automatically lose when time's up. (requested by Markiito18)\n|\n|t:|1776290524\n|teamsize|p1|4\n|teamsize|p2|4\n|start\n|switch|p1a: Excadrill|Excadrill, L50, F|100/100\n|switch|p1b: Tyranitar|Tyranitar, L50, F|100/100\n|switch|p2a: Farigiraf|Farigiraf, L50, F, shiny|100/100\n|switch|p2b: Aegislash|Aegislash, L50, F|100/100\n|-weather|Sandstorm|[from] ability: Sand Stream|[of] p1b: Tyranitar\n|turn|1\n|inactive|jehlk has 30 seconds left.\n|inactive|Markiito18 has 30 seconds left.\n|\n|t:|1776290555\n|switch|p1b: Incineroar|Incineroar, L50, F|100/100\n|-ability|p1b: Incineroar|Intimidate|boost\n|-unboost|p2a: Farigiraf|atk|1\n|-unboost|p2b: Aegislash|atk|1\n|move|p2b: Aegislash|King's Shield|p2b: Aegislash\n|-singleturn|p2b: Aegislash|Protect\n|move|p2a: Farigiraf|Protect|p2a: Farigiraf\n|-singleturn|p2a: Farigiraf|Protect\n|move|p1a: Excadrill|Earthquake|p2b: Aegislash|[spread] p1b\n|-activate|p2a: Farigiraf|move: Protect\n|-activate|p2b: Aegislash|move: Protect\n|-supereffective|p1b: Incineroar|1\n|-enditem|p1b: Incineroar|Shuca Berry|[eat]\n|-enditem|p1b: Incineroar|Shuca Berry|[weaken]\n|-damage|p1b: Incineroar|68/100\n|\n|-weather|Sandstorm|[upkeep]\n|-damage|p1b: Incineroar|62/100|[from] Sandstorm\n|-damage|p2a: Farigiraf|94/100|[from] Sandstorm\n|upkeep\n|turn|2\n|c|\u2606Markiito18|lol\n|inactive|Markiito18 has 30 seconds left.\n|\n|t:|1776290582\n|switch|p1b: Rotom|Rotom-Wash, L50|100/100\n|move|p2b: Aegislash|Wide Guard|p2b: Aegislash\n|-singleturn|p2b: Aegislash|Wide Guard\n|move|p1a: Excadrill|Earthquake|p2b: Aegislash|[spread] \n|-activate|p2a: Farigiraf|move: Wide Guard\n|-activate|p2b: Aegislash|move: Wide Guard\n|-immune|p1b: Rotom|[from] ability: Levitate\n|move|p2a: Farigiraf|Trick Room|p2a: Farigiraf\n|-fieldstart|move: Trick Room|[of] p2a: Farigiraf\n|\n|-weather|Sandstorm|[upkeep]\n|-damage|p2a: Farigiraf|88/100|[from] Sandstorm\n|-damage|p1b: Rotom|95/100|[from] Sandstorm\n|upkeep\n|turn|3\n|\n|t:|1776290600\n|move|p2a: Farigiraf|Helping Hand|p2b: Aegislash\n|-singleturn|p2b: Aegislash|Helping Hand|[of] p2a: Farigiraf\n|-formechange|p2b: Aegislash|Aegislash-Blade|\n|move|p2b: Aegislash|Shadow Ball|p1a: Excadrill\n|-damage|p1a: Excadrill|15/100\n|move|p1b: Rotom|Will-O-Wisp|p2b: Aegislash\n|-status|p2b: Aegislash|brn\n|move|p1a: Excadrill|Iron Head|p2a: Farigiraf\n|-damage|p2a: Farigiraf|53/100\n|\n|-weather|Sandstorm|[upkeep]\n|-damage|p2a: Farigiraf|47/100|[from] Sandstorm\n|-damage|p1b: Rotom|89/100|[from] Sandstorm\n|-damage|p2b: Aegislash|94/100 brn|[from] brn\n|upkeep\n|turn|4\n|inactive|jehlk has 30 seconds left.\n|inactive|jehlk has 20 seconds left.\n|\n|t:|1776290638\n|switch|p2b: Sylveon|Sylveon, L50, F, shiny|100/100\n|switch|p1a: Incineroar|Incineroar, L50, F|62/100\n|-ability|p1a: Incineroar|Intimidate|boost\n|-unboost|p2a: Farigiraf|atk|1\n|-unboost|p2b: Sylveon|atk|1\n|move|p2a: Farigiraf|Twin Beam|p1a: Incineroar\n|-immune|p1a: Incineroar\n|move|p1b: Rotom|Hydro Pump|p2a: Farigiraf\n|-damage|p2a: Farigiraf|3/100\n|\n|-weather|Sandstorm|[upkeep]\n|-damage|p2a: Farigiraf|0 fnt|[from] Sandstorm\n|-damage|p1a: Incineroar|56/100|[from] Sandstorm\n|-damage|p2b: Sylveon|95/100|[from] Sandstorm\n|-damage|p1b: Rotom|83/100|[from] Sandstorm\n|faint|p2a: Farigiraf\n|upkeep\n|inactive|Markiito18 has 30 seconds left.\n|\n|t:|1776290666\n|switch|p2a: Aggron|Aggron, L50, M, shiny|100/100\n|turn|5\n|inactive|jehlk has 30 seconds left.\n|inactive|jehlk has 20 seconds left.\n|inactive|jehlk has 15 seconds left.\n|inactive|jehlk has 10 seconds left.\n|\n|t:|1776290714\n|detailschange|p2a: Aggron|Aggron-Mega, L50, M, shiny\n|-mega|p2a: Aggron|Aggron|Aggronite\n|move|p2a: Aggron|Protect|p2a: Aggron\n|-singleturn|p2a: Aggron|Protect\n|move|p2b: Sylveon|Protect|p2b: Sylveon\n|-singleturn|p2b: Sylveon|Protect\n|move|p1a: Incineroar|Parting Shot|p2a: Aggron\n|-activate|p2a: Aggron|move: Protect\n|move|p1b: Rotom|Will-O-Wisp|p2a: Aggron\n|-activate|p2a: Aggron|move: Protect\n|\n|-weather|none\n|upkeep\n|turn|6\n|inactive|jehlk has 30 seconds left.\n|inactive|Markiito18 has 30 seconds left.\n|\n|t:|1776290742\n|move|p2a: Aggron|Body Press|p1b: Rotom\n|-damage|p1b: Rotom|43/100\n|-enditem|p1b: Rotom|Sitrus Berry|[eat]\n|-heal|p1b: Rotom|68/100|[from] item: Sitrus Berry\n|move|p1a: Incineroar|Parting Shot|p2a: Aggron\n|-unboost|p2a: Aggron|atk|1\n|-unboost|p2a: Aggron|spa|1\n|\n|t:|1776290750\n|switch|p1a: Tyranitar|Tyranitar, L50, F|100/100|[from] Parting Shot\n|-weather|Sandstorm|[from] ability: Sand Stream|[of] p1a: Tyranitar\n|move|p2b: Sylveon|Hyper Voice|p1b: Rotom|[spread] p1a,p1b\n|-supereffective|p1a: Tyranitar|1\n|-damage|p1a: Tyranitar|43/100\n|-damage|p1b: Rotom|18/100\n|move|p1b: Rotom|Hydro Pump|p2a: Aggron\n|-damage|p2a: Aggron|52/100\n|\n|-weather|Sandstorm|[upkeep]\n|-damage|p2b: Sylveon|89/100|[from] Sandstorm\n|-damage|p1b: Rotom|12/100|[from] Sandstorm\n|-fieldend|move: Trick Room\n|upkeep\n|turn|7\n|inactive|jehlk has 30 seconds left.\n|inactive|Markiito18 has 30 seconds left.\n|inactive|Markiito18 has 20 seconds left.\n|inactive|Markiito18 has 15 seconds left.\n|inactive|Markiito18 has 10 seconds left.\n|\n|t:|1776290797\n|detailschange|p1a: Tyranitar|Tyranitar-Mega, L50, F\n|-mega|p1a: Tyranitar|Tyranitar|Tyranitarite\n|move|p2a: Aggron|Protect|p2a: Aggron\n|-singleturn|p2a: Aggron|Protect\n|move|p1a: Tyranitar|Rock Slide|p2b: Sylveon|[spread] p2b\n|-activate|p2a: Aggron|move: Protect\n|-damage|p2b: Sylveon|45/100\n|move|p1b: Rotom|Hydro Pump|p2a: Aggron\n|-activate|p2a: Aggron|move: Protect\n|move|p2b: Sylveon|Hyper Voice|p1a: Tyranitar|[spread] p1a,p1b\n|-supereffective|p1a: Tyranitar|1\n|-damage|p1a: Tyranitar|0 fnt\n|-damage|p1b: Rotom|0 fnt\n|faint|p1a: Tyranitar\n|faint|p1b: Rotom\n|\n|-weather|Sandstorm|[upkeep]\n|-damage|p2b: Sylveon|39/100|[from] Sandstorm\n|upkeep\n|\n|t:|1776290808\n|switch|p1a: Incineroar|Incineroar, L50, F|56/100\n|switch|p1b: Excadrill|Excadrill, L50, F|15/100\n|-ability|p1a: Incineroar|Intimidate|boost\n|-unboost|p2a: Aggron|atk|1\n|-unboost|p2b: Sylveon|atk|1\n|turn|8\n|inactive|jehlk has 30 seconds left.\n|\n|t:|1776290835\n|move|p2b: Sylveon|Protect|p2b: Sylveon\n|-singleturn|p2b: Sylveon|Protect\n|move|p1b: Excadrill|Iron Head|p2b: Sylveon\n|-activate|p2b: Sylveon|move: Protect\n|move|p1a: Incineroar|Flare Blitz|p2a: Aggron\n|-supereffective|p2a: Aggron|1\n|-damage|p2a: Aggron|19/100\n|-damage|p1a: Incineroar|46/100|[from] Recoil\n|move|p2a: Aggron|Body Press|p1b: Excadrill\n|-supereffective|p1b: Excadrill|1\n|-damage|p1b: Excadrill|0 fnt\n|faint|p1b: Excadrill\n|\n|-weather|Sandstorm|[upkeep]\n|-damage|p2b: Sylveon|34/100|[from] Sandstorm\n|-damage|p1a: Incineroar|40/100|[from] Sandstorm\n|upkeep\n|turn|9\n|-message|jehlk forfeited.\n|\n|win|Markiito18\n|raw|jehlk's rating: 1142 &rarr; <strong>1122</strong><br />(-20 for losing)\n|raw|Markiito18's rating: 1206 &rarr; <strong>1226</strong><br />(+20 for winning)\n|l|\u2606jehlk\n|player|p1|\n",
  "uploadtime": 1776290848,
  "views": 22,
  "formatid": "gen9championsvgc2026regma",
  "rating": 1122,
  "private": 0,
  "password": null
}