{
  "id": "gen9championsvgc2026regma-2588263497",
  "format": "[Gen 9 Champions] VGC 2026 Reg M-A",
  "players": [
    "ppyyy-inertia",
    "runningdustfc"
  ],
  "log": "|j|\u2606ppyyy-inertia\n|j|\u2606runningdustfc\n|html|<table width=\"100%\"><tr><td align=\"left\">ppyyy-inertia</td><td align=\"right\">runningdustfc</tr><tr><td align=\"left\"><i class=\"fa fa-circle-o\"></i> <i class=\"fa fa-circle-o\"></i> </td><td align=\"right\"><i class=\"fa fa-circle-o\"></i> <i class=\"fa fa-circle-o\"></i> </tr></table>\n|uhtml|bestof|<h2><strong>Game 1</strong> of <a href=\"/game-bestof3-gen9championsvgc2026regma-2588263496\">a best-of-3</a></h2>\n|t:|1776619164\n|gametype|doubles\n|player|p1|ppyyy-inertia|elesa-gen5bw2|\n|player|p2|runningdustfc|mela|\n|gen|9\n|tier|[Gen 9 Champions] VGC 2026 Reg M-A\n|rated|Tournament battle\n|rule|Species Clause: Limit one of each Pok\u00e9mon\n|rule|Item Clause: Limit 1 of each item\n|raw|<div class=\"infobox\"><details class=\"readmore\" open><summary><strong>1 custom rule:</strong></summary> Best of = 3</details></div>\n|clearpoke\n|poke|p1|Incineroar, L50, M|\n|poke|p1|Floette-Eternal, L50, F, shiny|\n|poke|p1|Zoroark-Hisui, L50, F, shiny|\n|poke|p1|Tinkaton, L50, F, shiny|\n|poke|p1|Dragonite, L50, M, shiny|\n|poke|p1|Garchomp, L50, F|\n|poke|p2|Quaquaval, L50, F|\n|poke|p2|Politoed, L50, M|\n|poke|p2|Archaludon, L50, F|\n|poke|p2|Incineroar, L50, F|\n|poke|p2|Whimsicott, L50, M|\n|poke|p2|Floette-Eternal, L50, F|\n|teampreview|4\n|c|\u2606runningdustfc|hi\n|c|\u2606runningdustfc|glhf :3\n|j| toadsamongmen\n|\n|t:|1776619222\n|teamsize|p1|4\n|teamsize|p2|4\n|start\n|switch|p1a: Floette|Floette-Eternal, L50, F, shiny|100/100\n|switch|p1b: Incineroar|Incineroar, L50, M|100/100\n|switch|p2a: Politoed|Politoed, L50, M|100/100\n|switch|p2b: Whimsicott|Whimsicott, L50, M|100/100\n|-weather|RainDance|[from] ability: Drizzle|[of] p2a: Politoed\n|-ability|p1b: Incineroar|Intimidate|boost\n|-unboost|p2a: Politoed|atk|1\n|-unboost|p2b: Whimsicott|atk|1\n|turn|1\n|\n|t:|1776619235\n|detailschange|p1a: Floette|Floette-Mega, L50, F, shiny\n|-mega|p1a: Floette|Floette|Floettite\n|-ability|p1a: Floette|Fairy Aura\n|move|p2a: Politoed|Protect|p2a: Politoed\n|-singleturn|p2a: Politoed|Protect\n|move|p1b: Incineroar|Fake Out|p2a: Politoed\n|-activate|p2a: Politoed|move: Protect\n|move|p2b: Whimsicott|Tailwind|p2b: Whimsicott\n|-sidestart|p2: runningdustfc|move: Tailwind\n|move|p1a: Floette|Dazzling Gleam|p2a: Politoed|[spread] p2b\n|-activate|p2a: Politoed|move: Protect\n|-damage|p2b: Whimsicott|33/100\n|\n|-weather|RainDance|[upkeep]\n|upkeep\n|turn|2\n|c|\u2606ppyyy-inertia|U2\n|c|\u2606ppyyy-inertia|Srry on phone rn\n|\n|t:|1776619256\n|switch|p1b: Tinkaton|Tinkaton, L50, F, shiny|100/100\n|move|p2b: Whimsicott|Light Screen|p2b: Whimsicott\n|-sidestart|p2: runningdustfc|move: Light Screen\n|move|p2a: Politoed|Weather Ball|p1b: Tinkaton\n|-damage|p1b: Tinkaton|40/100\n|move|p1a: Floette|Dazzling Gleam|p2a: Politoed|[spread] p2a,p2b\n|-damage|p2a: Politoed|76/100\n|-damage|p2b: Whimsicott|0 fnt\n|faint|p2b: Whimsicott\n|\n|-weather|RainDance|[upkeep]\n|upkeep\n|c|\u2606runningdustfc|is k\n|\n|t:|1776619288\n|switch|p2b: Quaquaval|Quaquaval, L50, F|100/100\n|turn|3\n|\n|t:|1776619296\n|switch|p1b: Incineroar|Incineroar, L50, M|100/100\n|-ability|p1b: Incineroar|Intimidate|boost\n|-unboost|p2a: Politoed|atk|1\n|-unboost|p2b: Quaquaval|atk|1\n|move|p2b: Quaquaval|Protect|p2b: Quaquaval\n|-singleturn|p2b: Quaquaval|Protect\n|move|p2a: Politoed|Weather Ball|p1a: Floette\n|-damage|p1a: Floette|54/100\n|move|p1a: Floette|Calm Mind|p1a: Floette\n|-boost|p1a: Floette|spa|1\n|-boost|p1a: Floette|spd|1\n|\n|-weather|RainDance|[upkeep]\n|upkeep\n|turn|4\n|\n|t:|1776619310\n|move|p1b: Incineroar|Fake Out|p2b: Quaquaval\n|-damage|p2b: Quaquaval|86/100\n|cant|p2b: Quaquaval|flinch\n|move|p2a: Politoed|Weather Ball|p1a: Floette\n|-damage|p1a: Floette|24/100\n|move|p1a: Floette|Moonblast|p2b: Quaquaval\n|-supereffective|p2b: Quaquaval|1\n|-enditem|p2b: Quaquaval|Roseli Berry|[eat]\n|-enditem|p2b: Quaquaval|Roseli Berry|[weaken]\n|-damage|p2b: Quaquaval|0 fnt\n|faint|p2b: Quaquaval\n|\n|-weather|RainDance|[upkeep]\n|-sideend|p2: runningdustfc|move: Tailwind\n|upkeep\n|\n|t:|1776619312\n|switch|p2b: Floette|Floette-Eternal, L50, F|100/100\n|turn|5\n|\n|t:|1776619323\n|switch|p1b: Garchomp|Garchomp, L50, F|100/100\n|detailschange|p2b: Floette|Floette-Mega, L50, F\n|-mega|p2b: Floette|Floette|Floettite\n|-ability|p2b: Floette|Fairy Aura\n|move|p2b: Floette|Protect|p2b: Floette\n|-singleturn|p2b: Floette|Protect\n|move|p1a: Floette|Protect|p1a: Floette\n|-singleturn|p1a: Floette|Protect\n|move|p2a: Politoed|Weather Ball|p1a: Floette\n|-activate|p1a: Floette|move: Protect\n|\n|-weather|none\n|upkeep\n|turn|6\n|\n|t:|1776619344\n|move|p2b: Floette|Moonblast|p1a: Floette\n|-damage|p1a: Floette|0 fnt\n|faint|p1a: Floette\n|move|p1b: Garchomp|Stomping Tantrum|p2b: Floette\n|-damage|p2b: Floette|42/100\n|move|p2a: Politoed|Ice Beam|p1b: Garchomp\n|-supereffective|p1b: Garchomp|2\n|-damage|p1b: Garchomp|0 fnt\n|faint|p1b: Garchomp\n|\n|-sideend|p2: runningdustfc|move: Light Screen\n|upkeep\n|\n|t:|1776619348\n|switch|p1b: Incineroar|Incineroar, L50, M|100/100\n|switch|p1a: Tinkaton|Tinkaton, L50, F, shiny|40/100\n|-ability|p1b: Incineroar|Intimidate|boost\n|-unboost|p2a: Politoed|atk|1\n|-unboost|p2b: Floette|atk|1\n|turn|7\n|\n|t:|1776619366\n|move|p2b: Floette|Protect|p2b: Floette\n|-singleturn|p2b: Floette|Protect\n|move|p1a: Tinkaton|Feint|p2b: Floette\n|-activate|p2b: Floette|move: Feint\n|-damage|p2b: Floette|33/100\n|move|p2a: Politoed|Ice Beam|p1a: Tinkaton\n|-resisted|p1a: Tinkaton|1\n|-damage|p1a: Tinkaton|28/100\n|move|p1b: Incineroar|Flare Blitz|p2b: Floette\n|-damage|p2b: Floette|0 fnt\n|faint|p2b: Floette\n|-damage|p1b: Incineroar|93/100|[from] Recoil\n|\n|upkeep\n|turn|8\n|c|\u2606runningdustfc|3:\n|\n|t:|1776619376\n|move|p1a: Tinkaton|Play Rough|p2a: Politoed\n|-damage|p2a: Politoed|37/100\n|move|p2a: Politoed|Ice Beam|p1a: Tinkaton\n|-resisted|p1a: Tinkaton|1\n|-damage|p1a: Tinkaton|16/100\n|move|p1b: Incineroar|Throat Chop|p2a: Politoed\n|-damage|p2a: Politoed|2/100\n|-start|p2a: Politoed|Throat Chop|[silent]\n|\n|upkeep\n|turn|9\n|c|\u2606runningdustfc|ggwp\n|-message|runningdustfc forfeited.\n|\n|win|ppyyy-inertia\n||runningdustfc is ready for game 2.\n||ppyyy-inertia is ready for game 2.\n|uhtml|next|Next: <a href=\"/battle-gen9championsvgc2026regma-2588266082\"><strong>Game 2 of 3</strong></a>\n|l| toadsamongmen\n|l|\u2606runningdustfc\n|player|p2|\n",
  "uploadtime": 1776619381,
  "views": 6,
  "formatid": "gen9championsvgc2026regma",
  "rating": null,
  "private": 0,
  "password": null
}