{
  "id": "gen9championsvgc2026regma-2585084419",
  "format": "[Gen 9 Champions] VGC 2026 Reg M-A",
  "players": [
    "aoiharada",
    "Newdean"
  ],
  "log": "|j|\u2606aoiharada\n|j|\u2606Newdean\n|t:|1776310098\n|gametype|doubles\n|player|p1|aoiharada|101|1487\n|player|p2|Newdean|swimmerf-gen4|1381\n|gen|9\n|tier|[Gen 9 Champions] VGC 2026 Reg M-A\n|rated|\n|rule|Species Clause: Limit one of each Pok\u00e9mon\n|rule|Item Clause: Limit 1 of each item\n|clearpoke\n|poke|p1|Gengar, L50, F|\n|poke|p1|Incineroar, L50, F|\n|poke|p1|Whimsicott, L50, F|\n|poke|p1|Sinistcha-Masterpiece, L50|\n|poke|p1|Corviknight, L50, M|\n|poke|p1|Hydreigon, L50, F|\n|poke|p2|Floette-Eternal, L50, F|\n|poke|p2|Incineroar, L50, F|\n|poke|p2|Aerodactyl, L50, M|\n|poke|p2|Basculegion, L50, M|\n|poke|p2|Delphox, L50, F|\n|poke|p2|Garchomp, L50, M|\n|teampreview|4\n|\n|t:|1776310117\n|teamsize|p1|4\n|teamsize|p2|4\n|start\n|switch|p1a: Gengar|Gengar, L50, F|100/100\n|switch|p1b: Incineroar|Incineroar, L50, F|100/100\n|switch|p2a: Aerodactyl|Aerodactyl, L50, M|100/100\n|switch|p2b: Garchomp|Garchomp, L50, M|100/100\n|-ability|p2a: Aerodactyl|Unnerve\n|-ability|p1b: Incineroar|Intimidate|boost\n|-unboost|p2a: Aerodactyl|atk|1\n|-unboost|p2b: Garchomp|atk|1\n|-enditem|p2b: Garchomp|White Herb\n|-clearnegativeboost|p2b: Garchomp|[silent]\n|turn|1\n|inactive|Battle timer is ON: inactive players will automatically lose when time's up. (requested by Newdean)\n|j| CARtu348rjf90\n|\n|t:|1776310141\n|detailschange|p1a: Gengar|Gengar-Mega, L50, F\n|-mega|p1a: Gengar|Gengar|Gengarite\n|move|p2a: Aerodactyl|Protect|p2a: Aerodactyl\n|-singleturn|p2a: Aerodactyl|Protect\n|move|p1b: Incineroar|Fake Out|p2b: Garchomp\n|-damage|p2b: Garchomp|91/100\n|-damage|p1b: Incineroar|88/100|[from] ability: Rough Skin|[of] p2b: Garchomp\n|move|p1a: Gengar|Shadow Ball|p2b: Garchomp\n|-damage|p2b: Garchomp|43/100\n|cant|p2b: Garchomp|flinch\n|\n|upkeep\n|turn|2\n|\n|t:|1776310159\n|move|p1a: Gengar|Protect|p1a: Gengar\n|-singleturn|p1a: Gengar|Protect\n|move|p2a: Aerodactyl|Tailwind|p2a: Aerodactyl\n|-sidestart|p2: Newdean|move: Tailwind\n|move|p2b: Garchomp|Earthquake|p1b: Incineroar|[spread] p1b\n|-activate|p1a: Gengar|move: Protect\n|-immune|p2a: Aerodactyl\n|-supereffective|p1b: Incineroar|1\n|-damage|p1b: Incineroar|1/100\n|move|p1b: Incineroar|Parting Shot|p2b: Garchomp\n|-unboost|p2b: Garchomp|atk|1\n|-unboost|p2b: Garchomp|spa|1\n|\n|t:|1776310172\n|switch|p1b: Corviknight|Corviknight, L50, M|100/100|[from] Parting Shot\n|\n|upkeep\n|turn|3\n|\n|t:|1776310186\n|switch|p1a: Incineroar|Incineroar, L50, F|1/100\n|-ability|p1a: Incineroar|Intimidate|boost\n|-unboost|p2a: Aerodactyl|atk|1\n|-unboost|p2b: Garchomp|atk|1\n|move|p2a: Aerodactyl|Rock Slide|p1a: Incineroar|[spread] p1a,p1b\n|-supereffective|p1a: Incineroar|1\n|-damage|p1a: Incineroar|0 fnt\n|-damage|p1b: Corviknight|90/100\n|faint|p1a: Incineroar\n|move|p2b: Garchomp|Earthquake|p1b: Corviknight|[spread] \n|-immune|p2a: Aerodactyl\n|-immune|p1b: Corviknight\n|move|p1b: Corviknight|Bulk Up|p1b: Corviknight\n|-boost|p1b: Corviknight|atk|1\n|-boost|p1b: Corviknight|def|1\n|\n|-heal|p1b: Corviknight|96/100|[from] item: Leftovers\n|upkeep\n|\n|t:|1776310200\n|switch|p1a: Gengar|Gengar-Mega, L50, F|100/100\n|turn|4\n|\n|t:|1776310209\n|move|p1a: Gengar|Protect|p1a: Gengar\n|-singleturn|p1a: Gengar|Protect\n|move|p2a: Aerodactyl|Rock Slide|p1a: Gengar|[spread] p1b\n|-activate|p1a: Gengar|move: Protect\n|-damage|p1b: Corviknight|88/100\n|move|p2b: Garchomp|Earthquake|p1a: Gengar|[spread] \n|-activate|p1a: Gengar|move: Protect\n|-immune|p2a: Aerodactyl\n|-immune|p1b: Corviknight\n|move|p1b: Corviknight|Iron Head|p2a: Aerodactyl\n|-supereffective|p2a: Aerodactyl|1\n|-enditem|p2a: Aerodactyl|Focus Sash\n|-damage|p2a: Aerodactyl|1/100\n|\n|-heal|p1b: Corviknight|94/100|[from] item: Leftovers\n|upkeep\n|turn|5\n|inactive|aoiharada has 30 seconds left.\n|inactive|aoiharada has 20 seconds left.\n|inactive|aoiharada has 15 seconds left.\n|\n|t:|1776310250\n|move|p2a: Aerodactyl|Rock Slide|p1b: Corviknight|[spread] p1a,p1b\n|-damage|p1a: Gengar|86/100\n|-damage|p1b: Corviknight|88/100\n|move|p2b: Garchomp|Earthquake|p1b: Corviknight|[spread] p1a\n|-immune|p2a: Aerodactyl\n|-immune|p1b: Corviknight\n|-supereffective|p1a: Gengar|1\n|-damage|p1a: Gengar|28/100\n|move|p1a: Gengar|Shadow Ball|p2b: Garchomp\n|-damage|p2b: Garchomp|0 fnt\n|faint|p2b: Garchomp\n|move|p1b: Corviknight|Iron Head|p2a: Aerodactyl\n|-supereffective|p2a: Aerodactyl|1\n|-damage|p2a: Aerodactyl|0 fnt\n|faint|p2a: Aerodactyl\n|\n|-heal|p1b: Corviknight|94/100|[from] item: Leftovers\n|-sideend|p2: Newdean|move: Tailwind\n|upkeep\n|\n|t:|1776310262\n|switch|p2a: Delphox|Delphox, L50, F|100/100\n|switch|p2b: Basculegion|Basculegion, L50, M|100/100\n|turn|6\n|\n|t:|1776310274\n|switch|p1a: Hydreigon|Hydreigon, L50, F|100/100\n|detailschange|p2a: Delphox|Delphox-Mega, L50, F\n|-mega|p2a: Delphox|Delphox|Delphoxite\n|move|p2b: Basculegion|Last Respects|p1a: Hydreigon\n|-resisted|p1a: Hydreigon|1\n|-crit|p1a: Hydreigon\n|-damage|p1a: Hydreigon|23/100\n|move|p2a: Delphox|Heat Wave|p1b: Corviknight|[spread] p1a\n|-miss|p2a: Delphox|p1b: Corviknight\n|-resisted|p1a: Hydreigon|1\n|-damage|p1a: Hydreigon|0 fnt\n|faint|p1a: Hydreigon\n|move|p1b: Corviknight|Roost|p1b: Corviknight\n|-heal|p1b: Corviknight|100/100\n|-singleturn|p1b: Corviknight|move: Roost\n|\n|upkeep\n|\n|t:|1776310285\n|switch|p1a: Gengar|Gengar-Mega, L50, F|28/100\n|turn|7\n|-message|aoiharada forfeited.\n|\n|win|Newdean\n|raw|aoiharada's rating: 1487 &rarr; <strong>1461</strong><br />(-26 for losing)\n|raw|Newdean's rating: 1381 &rarr; <strong>1407</strong><br />(+26 for winning)\n|l|\u2606aoiharada\n|player|p1|\n|l|\u2606Newdean\n|player|p2|\n",
  "uploadtime": 1776310683,
  "views": 31,
  "formatid": "gen9championsvgc2026regma",
  "rating": 1407,
  "private": 0,
  "password": null
}