{
  "id": "gen9championsvgc2026regma-2580931768",
  "format": "[Gen 9 Champions] VGC 2026 Reg M-A",
  "players": [
    "Bug catcher Yaco",
    "Autin Mago"
  ],
  "log": "|j|\u2606Bug catcher Yaco\n|j|\u2606Autin Mago\n|t:|1775944395\n|gametype|doubles\n|player|p1|Bug catcher Yaco|bugcatcher-gen4dp|1126\n|player|p2|Autin Mago|flannery|1157\n|gen|9\n|tier|[Gen 9 Champions] VGC 2026 Reg M-A\n|rated|\n|rule|Species Clause: Limit one of each Pok\u00e9mon\n|rule|Item Clause: Limit 1 of each item\n|clearpoke\n|poke|p1|Tyranitar, L50, F|\n|poke|p1|Tsareena, L50, F|\n|poke|p1|Garchomp, L50, M|\n|poke|p1|Mr. Rime, L50, M|\n|poke|p1|Salazzle, L50, F|\n|poke|p1|Manectric, L50, M|\n|poke|p2|Floette-Eternal, L50, F|\n|poke|p2|Maushold-Four, L50|\n|poke|p2|Sneasler, L50, M|\n|poke|p2|Talonflame, L50, F|\n|poke|p2|Corviknight, L50, M|\n|poke|p2|Garchomp, L50, M|\n|teampreview|4\n|c|\u2606Autin Mago|Glhf!\nAutin Mago has agreed to open team sheets.\n|\n|t:|1775944415\n|teamsize|p1|4\n|teamsize|p2|4\n|start\n|switch|p1a: Tsareena|Tsareena, L50, F|100/100\n|switch|p1b: Mr. Rime|Mr. Rime, L50, M, shiny|100/100\n|switch|p2a: Floette|Floette-Eternal, L50, F|100/100\n|switch|p2b: Maushold|Maushold-Four, L50|100/100\n|turn|1\n|inactive|Battle timer is ON: inactive players will automatically lose when time's up. (requested by Bug catcher Yaco)\n|\n|t:|1775944447\n|detailschange|p2a: Floette|Floette-Mega, L50, F\n|-mega|p2a: Floette|Floette|Floettite\n|-ability|p2a: Floette|Fairy Aura\n|move|p2b: Maushold|Follow Me|p2b: Maushold\n|-singleturn|p2b: Maushold|move: Follow Me\n|move|p2a: Floette|Calm Mind|p2a: Floette\n|-boost|p2a: Floette|spa|1\n|-boost|p2a: Floette|spd|1\n|move|p1a: Tsareena|Teeter Dance|p2a: Floette|[spread] p1b,p2a,p2b\n|-start|p1b: Mr. Rime|confusion\n|-start|p2a: Floette|confusion\n|-start|p2b: Maushold|confusion\n|-activate|p1b: Mr. Rime|confusion\n|move|p1b: Mr. Rime|Ice Beam|p2b: Maushold\n|-crit|p2b: Maushold\n|-damage|p2b: Maushold|15/100\n|\n|upkeep\n|turn|2\n|\n|t:|1775944469\n|-activate|p2b: Maushold|confusion\n|move|p2b: Maushold|Follow Me|p2b: Maushold\n|-singleturn|p2b: Maushold|move: Follow Me\n|-activate|p2a: Floette|confusion\n|move|p2a: Floette|Dazzling Gleam|p1a: Tsareena|[spread] p1a,p1b\n|-damage|p1a: Tsareena|19/100\n|-damage|p1b: Mr. Rime|9/100\n|-enditem|p1b: Mr. Rime|Sitrus Berry|[eat]\n|-heal|p1b: Mr. Rime|34/100|[from] item: Sitrus Berry\n|move|p1a: Tsareena|Trop Kick|p2b: Maushold\n|-damage|p2b: Maushold|0 fnt\n|faint|p2b: Maushold\n|-activate|p1b: Mr. Rime|confusion\n|-damage|p1b: Mr. Rime|25/100|[from] confusion\n|\n|upkeep\n|\n|t:|1775944487\n|switch|p2b: Talonflame|Talonflame, L50, F|100/100\n|turn|3\n|\n|t:|1775944499\n|move|p2b: Talonflame|Flare Blitz|p1a: Tsareena\n|-supereffective|p1a: Tsareena|1\n|-damage|p1a: Tsareena|0 fnt\n|faint|p1a: Tsareena\n|-damage|p2b: Talonflame|93/100|[from] Recoil\n|-activate|p2a: Floette|confusion\n|-damage|p2a: Floette|92/100|[from] confusion\n|-activate|p1b: Mr. Rime|confusion\n|move|p1b: Mr. Rime|Ice Beam|p2a: Floette\n|-damage|p2a: Floette|70/100\n|\n|upkeep\n|\n|t:|1775944510\n|switch|p1a: Salazzle|Salazzle, L50, F|100/100\n|turn|4\n|\n|t:|1775944523\n|-activate|p2a: Floette|confusion\n|move|p2a: Floette|Protect|p2a: Floette\n|-singleturn|p2a: Floette|Protect\n|move|p1a: Salazzle|Sludge Bomb|p2a: Floette\n|-activate|p2a: Floette|move: Protect\n|move|p2b: Talonflame|Tailwind|p2b: Talonflame\n|-sidestart|p2: Autin Mago|move: Tailwind\n|-end|p1b: Mr. Rime|confusion\n|move|p1b: Mr. Rime|Ice Beam|p2b: Talonflame\n|-damage|p2b: Talonflame|23/100\n|\n|upkeep\n|turn|5\n|\n|t:|1775944540\n|move|p2b: Talonflame|Acrobatics|p1a: Salazzle\n|-damage|p1a: Salazzle|16/100\n|-activate|p2a: Floette|confusion\n|-damage|p2a: Floette|62/100|[from] confusion\n|move|p1a: Salazzle|Sludge Bomb|p2a: Floette\n|-supereffective|p2a: Floette|1\n|-damage|p2a: Floette|21/100\n|move|p1b: Mr. Rime|Ice Beam|p2b: Talonflame\n|-damage|p2b: Talonflame|0 fnt\n|faint|p2b: Talonflame\n|\n|upkeep\n|\n|t:|1775944545\n|switch|p2b: Garchomp|Garchomp, L50, M|100/100\n|turn|6\n|\n|t:|1775944561\n|-end|p2a: Floette|confusion\n|move|p2a: Floette|Protect|p2a: Floette\n|-singleturn|p2a: Floette|Protect\n|move|p2b: Garchomp|Rock Slide|p1b: Mr. Rime|[spread] p1a,p1b\n|-supereffective|p1a: Salazzle|1\n|-supereffective|p1b: Mr. Rime|1\n|-damage|p1a: Salazzle|0 fnt\n|-damage|p1b: Mr. Rime|0 fnt\n|faint|p1a: Salazzle\n|faint|p1b: Mr. Rime\n|\n|upkeep\n|\n|t:|1775944571\n|switch|p1b: Manectric|Manectric, L50, M, shiny|100/100\n|turn|7\n|\n|t:|1775944581\n|detailschange|p1b: Manectric|Manectric-Mega, L50, M, shiny\n|-mega|p1b: Manectric|Manectric|Manectite\n|-ability|p1b: Manectric|Intimidate|boost\n|-unboost|p2a: Floette|atk|1\n|-unboost|p2b: Garchomp|atk|1\n|move|p2a: Floette|Moonblast|p1b: Manectric\n|-damage|p1b: Manectric|0 fnt\n|faint|p1b: Manectric\n|\n|win|Autin Mago\n|raw|Bug catcher Yaco's rating: 1126 &rarr; <strong>1103</strong><br />(-23 for losing)\n|raw|Autin Mago's rating: 1157 &rarr; <strong>1180</strong><br />(+23 for winning)\n|l|\u2606Bug catcher Yaco\n|player|p1|\n|c|\u2606Autin Mago|Gg wp\n",
  "uploadtime": 1775944587,
  "views": 33,
  "formatid": "gen9championsvgc2026regma",
  "rating": 1103,
  "private": 0,
  "password": null
}