{
  "id": "gen9championsvgc2026regma-2583832786",
  "format": "[Gen 9 Champions] VGC 2026 Reg M-A",
  "players": [
    "angeallen455",
    "grimxcore"
  ],
  "log": "|j|\u2606angeallen455\n|j|\u2606grimxcore\n|t:|1776201232\n|gametype|doubles\n|player|p1|angeallen455|colress|1168\n|player|p2|grimxcore|blackbelt|1164\n|gen|9\n|tier|[Gen 9 Champions] VGC 2026 Reg M-A\n|rated|\n|rule|Species Clause: Limit one of each Pok\u00e9mon\n|rule|Item Clause: Limit 1 of each item\n|clearpoke\n|poke|p1|Tyranitar, L50, F|\n|poke|p1|Sinistcha, L50|\n|poke|p1|Aerodactyl, L50, F|\n|poke|p1|Garchomp, L50, M|\n|poke|p1|Milotic, L50, M|\n|poke|p1|Sneasler, L50, F|\n|poke|p2|Archaludon, L50, M|\n|poke|p2|Greninja-*, L50, F|\n|poke|p2|Pelipper, L50, F|\n|poke|p2|Whimsicott, L50, F|\n|poke|p2|Basculegion, L50, M|\n|poke|p2|Gengar, L50, F|\n|teampreview|4\n|inactive|Battle timer is ON: inactive players will automatically lose when time's up. (requested by grimxcore)\n|inactive|angeallen455 has 60 seconds left.\n|inactive|grimxcore has 60 seconds left.\n|inactive|angeallen455 has 30 seconds left.\n|\n|t:|1776201297\n|teamsize|p1|4\n|teamsize|p2|4\n|start\n|switch|p1a: Aerodactyl|Aerodactyl, L50, F|100/100\n|switch|p1b: Sneasler|Sneasler, L50, F|100/100\n|switch|p2a: Greninja|Greninja, L50, F|100/100\n|switch|p2b: Whimsicott|Whimsicott, L50, F|100/100\n|-ability|p1a: Aerodactyl|Unnerve\n|turn|1\n|inactive|angeallen455 has 30 seconds left.\n|inactive|grimxcore has 30 seconds left.\n|inactive|grimxcore has 20 seconds left.\n|inactive|grimxcore has 15 seconds left.\n|inactive|grimxcore has 10 seconds left.\n|\n|t:|1776201344\n|switch|p2b: Basculegion|Basculegion, L50, M|100/100\n|detailschange|p2a: Greninja|Greninja-Mega, L50, F\n|-mega|p2a: Greninja|Greninja|Greninjite\n|move|p1b: Sneasler|Fake Out|p2b: Basculegion\n|-immune|p2b: Basculegion\n|move|p2a: Greninja|Ice Beam|p1a: Aerodactyl\n|-start|p2a: Greninja|typechange|Ice|[from] ability: Protean\n|-supereffective|p1a: Aerodactyl|1\n|-enditem|p1a: Aerodactyl|Focus Sash\n|-damage|p1a: Aerodactyl|1/100\n|-status|p1a: Aerodactyl|frz\n|cant|p1a: Aerodactyl|frz\n|\n|upkeep\n|turn|2\n|inactive|angeallen455 has 30 seconds left.\n|inactive|grimxcore has 30 seconds left.\n|inactive|angeallen455 has 20 seconds left.\n|inactive|angeallen455 has 15 seconds left.\n|inactive|angeallen455 has 10 seconds left.\n|\n|t:|1776201390\n|switch|p2a: Pelipper|Pelipper, L50, F|100/100\n|-weather|RainDance|[from] ability: Drizzle|[of] p2a: Pelipper\n|switch|p1b: Sinistcha|Sinistcha, L50|100/100\n|-heal|p1a: Aerodactyl|26/100 frz|[from] ability: Hospitality|[of] p1b: Sinistcha\n|move|p2b: Basculegion|Aqua Jet|p1a: Aerodactyl\n|-supereffective|p1a: Aerodactyl|1\n|-damage|p1a: Aerodactyl|0 fnt\n|faint|p1a: Aerodactyl\n|\n|-weather|RainDance|[upkeep]\n|upkeep\n|\n|t:|1776201401\n|switch|p1a: Tyranitar|Tyranitar, L50, F|100/100\n|-weather|Sandstorm|[from] ability: Sand Stream|[of] p1a: Tyranitar\n|turn|3\n|\n|t:|1776201418\n|switch|p2a: Whimsicott|Whimsicott, L50, F|100/100\n|detailschange|p1a: Tyranitar|Tyranitar-Mega, L50, F\n|-mega|p1a: Tyranitar|Tyranitar|Tyranitarite\n|move|p2b: Basculegion|Flip Turn|p1a: Tyranitar\n|-supereffective|p1a: Tyranitar|1\n|-damage|p1a: Tyranitar|51/100\n|\n|t:|1776201427\n|switch|p2b: Pelipper|Pelipper, L50, F|100/100|[from] Flip Turn\n|-weather|RainDance|[from] ability: Drizzle|[of] p2b: Pelipper\n|move|p1a: Tyranitar|Rock Slide|p2a: Whimsicott|[spread] p2a,p2b\n|-supereffective|p2b: Pelipper|1\n|-damage|p2a: Whimsicott|45/100\n|-damage|p2b: Pelipper|14/100\n|-enditem|p2b: Pelipper|Sitrus Berry|[eat]\n|-heal|p2b: Pelipper|39/100|[from] item: Sitrus Berry\n|move|p1b: Sinistcha|Matcha Gotcha|p2b: Pelipper|[spread] p2a,p2b\n|-resisted|p2a: Whimsicott|1\n|-crit|p2b: Pelipper\n|-damage|p2a: Whimsicott|26/100\n|-damage|p2b: Pelipper|0 fnt\n|faint|p2b: Pelipper\n|\n|-weather|RainDance|[upkeep]\n|upkeep\n|\n|t:|1776201437\n|switch|p2b: Greninja|Greninja-Mega, L50, F|100/100\n|turn|4\n|\n|t:|1776201448\n|move|p1b: Sinistcha|Rage Powder|p1b: Sinistcha\n|-singleturn|p1b: Sinistcha|move: Rage Powder\n|move|p2a: Whimsicott|Tailwind|p2a: Whimsicott\n|-sidestart|p2: grimxcore|move: Tailwind\n|move|p2b: Greninja|Ice Beam|p1b: Sinistcha\n|-start|p2b: Greninja|typechange|Ice|[from] ability: Protean\n|-supereffective|p1b: Sinistcha|1\n|-damage|p1b: Sinistcha|0 fnt\n|faint|p1b: Sinistcha\n|move|p1a: Tyranitar|Rock Slide|p2a: Whimsicott|[spread] p2a,p2b\n|-supereffective|p2b: Greninja|1\n|-damage|p2a: Whimsicott|0 fnt\n|-damage|p2b: Greninja|0 fnt\n|faint|p2a: Whimsicott\n|faint|p2b: Greninja\n|\n|-weather|RainDance|[upkeep]\n|upkeep\n|\n|t:|1776201460\n|switch|p2b: Basculegion|Basculegion, L50, M|100/100\n|switch|p1b: Sneasler|Sneasler, L50, F|100/100\n|turn|5\n|\n|t:|1776201481\n|move|p1a: Tyranitar|Protect|p1a: Tyranitar\n|-singleturn|p1a: Tyranitar|Protect\n|move|p2b: Basculegion|Aqua Jet|p1b: Sneasler\n|-damage|p1b: Sneasler|31/100\n|move|p1b: Sneasler|Dire Claw|p2b: Basculegion\n|-resisted|p2b: Basculegion|1\n|-damage|p2b: Basculegion|77/100\n|-status|p2b: Basculegion|par\n|\n|-weather|RainDance|[upkeep]\n|upkeep\n|turn|6\n|\n|t:|1776201493\n|move|p2b: Basculegion|Aqua Jet|p1a: Tyranitar\n|-supereffective|p1a: Tyranitar|1\n|-crit|p1a: Tyranitar\n|-damage|p1a: Tyranitar|0 fnt\n|faint|p1a: Tyranitar\n|move|p1b: Sneasler|Dire Claw|p2b: Basculegion\n|-resisted|p2b: Basculegion|1\n|-damage|p2b: Basculegion|53/100 par\n|\n|-weather|RainDance|[upkeep]\n|upkeep\n|turn|7\n|\n|t:|1776201497\n|move|p2b: Basculegion|Aqua Jet|p1b: Sneasler\n|-crit|p1b: Sneasler\n|-damage|p1b: Sneasler|0 fnt\n|faint|p1b: Sneasler\n|\n|win|grimxcore\n|raw|angeallen455's rating: 1168 &rarr; <strong>1143</strong><br />(-25 for losing)\n|raw|grimxcore's rating: 1164 &rarr; <strong>1189</strong><br />(+25 for winning)\n|c|\u2606grimxcore|gg\n|c|\u2606angeallen455|gg\n|l|\u2606grimxcore\n|player|p2|\n",
  "uploadtime": 1776201810,
  "views": 17,
  "formatid": "gen9championsvgc2026regma",
  "rating": 1143,
  "private": 0,
  "password": null
}