{
  "id": "gen9championsvgc2026regma-2584091648",
  "format": "[Gen 9 Champions] VGC 2026 Reg M-A",
  "players": [
    "massan2580",
    "ChampionsmatchVGC"
  ],
  "log": "|j|\u2606massan2580\n|j|\u2606ChampionsmatchVGC\n|t:|1776224230\n|gametype|doubles\n|player|p1|massan2580|169|1460\n|player|p2|ChampionsmatchVGC|gardenia|1602\n|gen|9\n|tier|[Gen 9 Champions] VGC 2026 Reg M-A\n|rated|\n|rule|Species Clause: Limit one of each Pok\u00e9mon\n|rule|Item Clause: Limit 1 of each item\n|clearpoke\n|poke|p1|Floette-Eternal, L50, F|\n|poke|p1|Sneasler, L50, F|\n|poke|p1|Basculegion, L50, M|\n|poke|p1|Sylveon, L50, F|\n|poke|p1|Hydreigon, L50, M|\n|poke|p1|Talonflame, L50, F|\n|poke|p2|Garchomp, L50, M|\n|poke|p2|Delphox, L50, F|\n|poke|p2|Floette-Eternal, L50, F|\n|poke|p2|Sneasler, L50, F|\n|poke|p2|Kingambit, L50, M|\n|poke|p2|Basculegion, L50, M|\n|teampreview|4\n|j| wormful24\n|\n|t:|1776224269\n|teamsize|p1|4\n|teamsize|p2|4\n|start\n|switch|p1a: Talonflame|Talonflame, L50, F|100/100\n|switch|p1b: Floette|Floette-Eternal, L50, F|100/100\n|switch|p2a: Sneasler|Sneasler, L50, F|100/100\n|switch|p2b: Floette|Floette-Eternal, L50, F|100/100\n|turn|1\n|\n|t:|1776224287\n|detailschange|p2b: Floette|Floette-Mega, L50, F\n|-mega|p2b: Floette|Floette|Floettite\n|-ability|p2b: Floette|Fairy Aura\n|detailschange|p1b: Floette|Floette-Mega, L50, F\n|-mega|p1b: Floette|Floette|Floettite\n|-ability|p1b: Floette|Fairy Aura\n|move|p2a: Sneasler|Fake Out|p1a: Talonflame\n|-damage|p1a: Talonflame|79/100\n|cant|p1a: Talonflame|flinch\n|move|p2b: Floette|Calm Mind|p2b: Floette\n|-boost|p2b: Floette|spa|1\n|-boost|p2b: Floette|spd|1\n|move|p1b: Floette|Moonblast|p2a: Sneasler\n|-damage|p2a: Sneasler|0 fnt\n|faint|p2a: Sneasler\n|\n|upkeep\n|\n|t:|1776224298\n|switch|p2a: Basculegion|Basculegion, L50, M|100/100\n|turn|2\n|\n|t:|1776224316\n|move|p1a: Talonflame|Protect|p1a: Talonflame\n|-singleturn|p1a: Talonflame|Protect\n|move|p2b: Floette|Draining Kiss|p1b: Floette\n|-damage|p1b: Floette|58/100\n|move|p2a: Basculegion|Liquidation|p1a: Talonflame\n|-activate|p1a: Talonflame|move: Protect\n|move|p1b: Floette|Dazzling Gleam|p2a: Basculegion|[spread] p2a,p2b\n|-damage|p2a: Basculegion|44/100\n|-damage|p2b: Floette|72/100\n|\n|upkeep\n|turn|3\n|\n|t:|1776224341\n|move|p2a: Basculegion|Protect|p2a: Basculegion\n|-singleturn|p2a: Basculegion|Protect\n|move|p1b: Floette|Protect|p1b: Floette\n|-singleturn|p1b: Floette|Protect\n|move|p1a: Talonflame|Tailwind|p1a: Talonflame\n|-sidestart|p1: massan2580|move: Tailwind\n|move|p2b: Floette|Draining Kiss|p1b: Floette\n|-activate|p1b: Floette|move: Protect\n|\n|upkeep\n|turn|4\n|\n|t:|1776224359\n|move|p2a: Basculegion|Aqua Jet|p1b: Floette\n|-damage|p1b: Floette|30/100\n|move|p1a: Talonflame|Dual Wingbeat|p2b: Floette|[miss]\n|-miss|p1a: Talonflame|p2b: Floette\n|move|p1b: Floette|Dazzling Gleam|p2a: Basculegion|[spread] p2a,p2b\n|-damage|p2a: Basculegion|0 fnt\n|-damage|p2b: Floette|43/100\n|faint|p2a: Basculegion\n|move|p2b: Floette|Dazzling Gleam|p1a: Talonflame|[spread] p1a,p1b\n|-resisted|p1a: Talonflame|1\n|-crit|p1a: Talonflame\n|-crit|p1b: Floette\n|-damage|p1a: Talonflame|2/100\n|-damage|p1b: Floette|0 fnt\n|faint|p1b: Floette\n|\n|upkeep\n|\n|t:|1776224376\n|switch|p2a: Kingambit|Kingambit, L50, M|100/100\n|switch|p1b: Sneasler|Sneasler, L50, F|100/100\n|turn|5\n|\n|t:|1776224389\n|move|p2b: Floette|Protect|p2b: Floette\n|-singleturn|p2b: Floette|Protect\n|move|p1a: Talonflame|Feint|p2a: Kingambit\n|-resisted|p2a: Kingambit|1\n|-damage|p2a: Kingambit|98/100\n|move|p1b: Sneasler|Close Combat|p2a: Kingambit\n|-supereffective|p2a: Kingambit|2\n|-enditem|p2a: Kingambit|Chople Berry|[eat]\n|-enditem|p2a: Kingambit|Chople Berry|[weaken]\n|-damage|p2a: Kingambit|2/100\n|-unboost|p1b: Sneasler|def|1\n|-unboost|p1b: Sneasler|spd|1\n|-enditem|p1b: Sneasler|White Herb\n|-clearnegativeboost|p1b: Sneasler|[silent]\n|move|p2a: Kingambit|Iron Head|p1b: Sneasler\n|-damage|p1b: Sneasler|17/100\n|\n|upkeep\n|turn|6\n|inactive|Battle timer is ON: inactive players will automatically lose when time's up. (requested by ChampionsmatchVGC)\n|\n|t:|1776224405\n|move|p1b: Sneasler|Protect|p1b: Sneasler\n|-singleturn|p1b: Sneasler|Protect\n|move|p1a: Talonflame|Feint|p2a: Kingambit\n|-resisted|p2a: Kingambit|1\n|-damage|p2a: Kingambit|0 fnt\n|faint|p2a: Kingambit\n|move|p2b: Floette|Dazzling Gleam|p1a: Talonflame|[spread] p1a\n|-activate|p1b: Sneasler|move: Protect\n|-resisted|p1a: Talonflame|1\n|-damage|p1a: Talonflame|0 fnt\n|faint|p1a: Talonflame\n|\n|-sideend|p1: massan2580|move: Tailwind\n|upkeep\n|-message|ChampionsmatchVGC forfeited.\n|\n|win|massan2580\n|raw|massan2580's rating: 1460 &rarr; <strong>1488</strong><br />(+28 for winning)\n|raw|ChampionsmatchVGC's rating: 1602 &rarr; <strong>1574</strong><br />(-28 for losing)\n|l|\u2606ChampionsmatchVGC\n|player|p2|\n|l|\u2606massan2580\n|player|p1|\n",
  "uploadtime": 1776224435,
  "views": 61,
  "formatid": "gen9championsvgc2026regma",
  "rating": 1488,
  "private": 0,
  "password": null
}