{
  "id": "gen9championsvgc2026regma-2587776961",
  "format": "[Gen 9 Champions] VGC 2026 Reg M-A",
  "players": [
    "g7yh8ip",
    "Umbris Spectralis"
  ],
  "log": "|j|\u203dg7yh8ip\n|j|\u2606Umbris Spectralis\n|t:|1776562924\n|gametype|doubles\n|player|p1|g7yh8ip|102|1149\n|player|p2|Umbris Spectralis|backersf|1066\n|gen|9\n|tier|[Gen 9 Champions] VGC 2026 Reg M-A\n|rated|\n|rule|Species Clause: Limit one of each Pok\u00e9mon\n|rule|Item Clause: Limit 1 of each item\n|clearpoke\n|poke|p1|Floette-Eternal, L50, F|\n|poke|p1|Garchomp, L50, M|\n|poke|p1|Kingambit, L50, M|\n|poke|p1|Basculegion, L50, M|\n|poke|p1|Sneasler, L50, F|\n|poke|p1|Froslass, L50, F|\n|poke|p2|Kleavor, L50, M|\n|poke|p2|Scovillain, L50, M|\n|poke|p2|Sableye, L50, M|\n|poke|p2|Charizard, L50, F|\n|poke|p2|Basculegion, L50, M|\n|poke|p2|Venusaur, L50, M|\n|teampreview|4\n|inactive|Battle timer is ON: inactive players will automatically lose when time's up. (requested by Umbris Spectralis)\ng7yh8ip rejected open team sheets.\n|inactive|g7yh8ip has 60 seconds left.\n|inactive|Umbris Spectralis has 60 seconds left.\n|\n|t:|1776562963\n|teamsize|p1|4\n|teamsize|p2|4\n|start\n|switch|p1a: Garchomp|Garchomp, L50, M|100/100\n|switch|p1b: Kingambit|Kingambit, L50, M|100/100\n|switch|p2a: Sableye|Sableye, L50, M|100/100\n|switch|p2b: Charizard|Charizard, L50, F|100/100\n|turn|1\n|\n|t:|1776562978\n|move|p2a: Sableye|Fake Out|p1a: Garchomp\n|-damage|p1a: Garchomp|94/100\n|-damage|p2a: Sableye|88/100|[from] ability: Rough Skin|[of] p1a: Garchomp\n|move|p2b: Charizard|Focus Blast|p1b: Kingambit\n|-supereffective|p1b: Kingambit|2\n|-enditem|p1b: Kingambit|Chople Berry|[eat]\n|-enditem|p1b: Kingambit|Chople Berry|[weaken]\n|-damage|p1b: Kingambit|24/100\n|cant|p1a: Garchomp|flinch\n|move|p1b: Kingambit|Kowtow Cleave|p2a: Sableye\n|-damage|p2a: Sableye|20/100\n|\n|upkeep\n|turn|2\n|inactive|Umbris Spectralis has 30 seconds left.\n|inactive|Umbris Spectralis has 20 seconds left.\n|inactive|Umbris Spectralis has 15 seconds left.\n|\n|t:|1776563018\n|switch|p1b: Froslass|Froslass, L50, F|100/100\n|move|p2b: Charizard|Protect|p2b: Charizard\n|-singleturn|p2b: Charizard|Protect\n|move|p2a: Sableye|Rain Dance|p2a: Sableye\n|-weather|RainDance\n|move|p1a: Garchomp|Rock Slide|p2a: Sableye|[spread] p2a\n|-activate|p2b: Charizard|move: Protect\n|-damage|p2a: Sableye|0 fnt\n|faint|p2a: Sableye\n|\n|-weather|RainDance|[upkeep]\n|upkeep\n|\n|t:|1776563028\n|switch|p2a: Scovillain|Scovillain, L50, M|100/100\n|turn|3\n|\n|t:|1776563045\n|detailschange|p1b: Froslass|Froslass-Mega, L50, F\n|-mega|p1b: Froslass|Froslass|Froslassite\n|-weather|Snowscape|[from] ability: Snow Warning|[of] p1b: Froslass\n|move|p2a: Scovillain|Protect|p2a: Scovillain\n|-singleturn|p2a: Scovillain|Protect\n|move|p1b: Froslass|Substitute|p1b: Froslass\n|-start|p1b: Froslass|Substitute\n|-damage|p1b: Froslass|76/100\n|move|p2b: Charizard|Weather Ball|p1a: Garchomp\n|-supereffective|p1a: Garchomp|2\n|-damage|p1a: Garchomp|0 fnt\n|faint|p1a: Garchomp\n|\n|-weather|Snowscape|[upkeep]\n|-ability|p2a: Scovillain|Moody|boost\n|-boost|p2a: Scovillain|atk|2\n|-unboost|p2a: Scovillain|spd|1\n|upkeep\n|\n|t:|1776563057\n|switch|p1a: Basculegion|Basculegion, L50, M|100/100\n|turn|4\n|inactive|Umbris Spectralis has 30 seconds left.\n|inactive|Umbris Spectralis has 20 seconds left.\n|\n|t:|1776563093\n|detailschange|p2b: Charizard|Charizard-Mega-Y, L50, F\n|-mega|p2b: Charizard|Charizard|Charizardite Y\n|-weather|SunnyDay|[from] ability: Drought|[of] p2b: Charizard\n|move|p2a: Scovillain|Rage Powder|p2a: Scovillain\n|-singleturn|p2a: Scovillain|move: Rage Powder\n|move|p1b: Froslass|Blizzard|p2b: Charizard|[spread] p2a\n|-miss|p1b: Froslass|p2b: Charizard\n|-damage|p2a: Scovillain|37/100\n|move|p2b: Charizard|Weather Ball|p1b: Froslass\n|-supereffective|p1b: Froslass|1\n|-end|p1b: Froslass|Substitute\n|move|p1a: Basculegion|Wave Crash|p2a: Scovillain\n|-damage|p2a: Scovillain|0 fnt\n|faint|p2a: Scovillain\n|-damage|p1a: Basculegion|91/100|[from] Recoil\n|\n|-weather|SunnyDay|[upkeep]\n|upkeep\n|\n|t:|1776563107\n|switch|p2a: Basculegion|Basculegion, L50, M|100/100\n|turn|5\n|\n|t:|1776563121\n|switch|p1b: Kingambit|Kingambit, L50, M|24/100\n|move|p1a: Basculegion|Protect|p1a: Basculegion\n|-singleturn|p1a: Basculegion|Protect\n|move|p2b: Charizard|Weather Ball|p1b: Kingambit\n|-supereffective|p1b: Kingambit|1\n|-damage|p1b: Kingambit|0 fnt\n|faint|p1b: Kingambit\n|move|p2a: Basculegion|Last Respects|p1a: Basculegion\n|-activate|p1a: Basculegion|move: Protect\n|\n|-weather|SunnyDay|[upkeep]\n|upkeep\n|\n|t:|1776563125\n|switch|p1b: Froslass|Froslass-Mega, L50, F|76/100\n|-weather|Snowscape|[from] ability: Snow Warning|[of] p1b: Froslass\n|turn|6\n|inactive|Umbris Spectralis has 30 seconds left.\n|inactive|Umbris Spectralis has 20 seconds left.\n|\n|t:|1776563164\n|move|p2a: Basculegion|Protect|p2a: Basculegion\n|-singleturn|p2a: Basculegion|Protect\n|move|p1a: Basculegion|Protect||[still]\n|-fail|p1a: Basculegion\n|move|p1b: Froslass|Shadow Ball|p2a: Basculegion\n|-activate|p2a: Basculegion|move: Protect\n|move|p2b: Charizard|Hurricane|p1b: Froslass\n|-damage|p1b: Froslass|7/100\n|\n|-weather|Snowscape|[upkeep]\n|upkeep\n|turn|7\n|inactive|Umbris Spectralis has 30 seconds left.\n|\n|t:|1776563193\n|move|p2b: Charizard|Protect|p2b: Charizard\n|-singleturn|p2b: Charizard|Protect\n|move|p1b: Froslass|Shadow Ball|p2a: Basculegion\n|-supereffective|p2a: Basculegion|1\n|-damage|p2a: Basculegion|14/100\n|move|p2a: Basculegion|Last Respects|p1a: Basculegion\n|-supereffective|p1a: Basculegion|1\n|-damage|p1a: Basculegion|0 fnt\n|faint|p1a: Basculegion\n|\n|-weather|Snowscape|[upkeep]\n|upkeep\n|turn|8\n|\n|t:|1776563206\n|move|p2a: Basculegion|Protect|p2a: Basculegion\n|-singleturn|p2a: Basculegion|Protect\n|move|p1b: Froslass|Blizzard|p2b: Charizard|[spread] p2b\n|-activate|p2a: Basculegion|move: Protect\n|-damage|p2b: Charizard|53/100\n|move|p2b: Charizard|Weather Ball|p1b: Froslass\n|-resisted|p1b: Froslass|1\n|-damage|p1b: Froslass|0 fnt\n|faint|p1b: Froslass\n|\n|win|Umbris Spectralis\n|raw|g7yh8ip's rating: 1149 &rarr; <strong>1118</strong><br />(-31 for losing)\n|raw|Umbris Spectralis's rating: 1066 &rarr; <strong>1103</strong><br />(+37 for winning)\n",
  "uploadtime": 1776563217,
  "views": 22,
  "formatid": "gen9championsvgc2026regma",
  "rating": 1103,
  "private": 0,
  "password": null
}