{
  "id": "gen9championsvgc2026regma-2586927714",
  "format": "[Gen 9 Champions] VGC 2026 Reg M-A",
  "players": [
    "2sweep4u",
    "PPeasants"
  ],
  "log": "|j|\u26062sweep4u\n|j|\u2606PPeasants\n|t:|1776472629\n|gametype|doubles\n|player|p1|2sweep4u|unknownf|1103\n|player|p2|PPeasants|guitarist|1120\n|gen|9\n|tier|[Gen 9 Champions] VGC 2026 Reg M-A\n|rated|\n|rule|Species Clause: Limit one of each Pok\u00e9mon\n|rule|Item Clause: Limit 1 of each item\n|clearpoke\n|poke|p1|Sinistcha-Masterpiece, L50|\n|poke|p1|Tyranitar, L50, F|\n|poke|p1|Excadrill, L50, M|\n|poke|p1|Incineroar, L50, F|\n|poke|p1|Milotic, L50, F|\n|poke|p1|Corviknight, L50, M|\n|poke|p2|Serperior, L50, M|\n|poke|p2|Kingambit, L50, F|\n|poke|p2|Froslass, L50, F|\n|poke|p2|Sneasler, L50, F|\n|poke|p2|Clefable, L50, F|\n|poke|p2|Talonflame, L50, F|\n|teampreview|4\n|inactive|Battle timer is ON: inactive players will automatically lose when time's up. (requested by PPeasants)\n|\n|t:|1776472695\n|teamsize|p1|4\n|teamsize|p2|4\n|start\n|switch|p1a: Tyranitar|Tyranitar, L50, F|100/100\n|switch|p1b: Incineroar|Incineroar, L50, F|100/100\n|switch|p2a: Talonflame|Talonflame, L50, F|100/100\n|switch|p2b: Sneasler|Sneasler, L50, F|100/100\n|-weather|Sandstorm|[from] ability: Sand Stream|[of] p1a: Tyranitar\n|-ability|p1b: Incineroar|Intimidate|boost\n|-unboost|p2a: Talonflame|atk|1\n|-unboost|p2b: Sneasler|atk|1\n|-enditem|p2b: Sneasler|White Herb\n|-clearnegativeboost|p2b: Sneasler|[silent]\n|turn|1\n|inactive|2sweep4u has 30 seconds left.\n|inactive|PPeasants has 30 seconds left.\n|inactive|PPeasants has 20 seconds left.\n|inactive|PPeasants has 15 seconds left.\n|\n|t:|1776472737\n|move|p1a: Tyranitar|Protect|p1a: Tyranitar\n|-singleturn|p1a: Tyranitar|Protect\n|move|p2b: Sneasler|Fake Out|p1a: Tyranitar\n|-activate|p1a: Tyranitar|move: Protect\n|move|p2a: Talonflame|Tailwind|p2a: Talonflame\n|-sidestart|p2: PPeasants|move: Tailwind\n|move|p1b: Incineroar|Parting Shot|p2b: Sneasler\n|-unboost|p2b: Sneasler|atk|1\n|-unboost|p2b: Sneasler|spa|1\n|\n|t:|1776472761\n|switch|p1b: Corviknight|Corviknight, L50, M|100/100|[from] Parting Shot\n|\n|-weather|Sandstorm|[upkeep]\n|-damage|p2b: Sneasler|95/100|[from] Sandstorm\n|-damage|p2a: Talonflame|95/100|[from] Sandstorm\n|upkeep\n|turn|2\n|inactive|2sweep4u has 30 seconds left.\n|\n|t:|1776472789\n|switch|p2a: Froslass|Froslass, L50, F|100/100\n|switch|p1a: Incineroar|Incineroar, L50, F|100/100\n|-ability|p1a: Incineroar|Intimidate|boost\n|-unboost|p2a: Froslass|atk|1\n|-unboost|p2b: Sneasler|atk|1\n|move|p2b: Sneasler|Close Combat|p1a: Incineroar\n|-supereffective|p1a: Incineroar|1\n|-damage|p1a: Incineroar|40/100\n|-unboost|p2b: Sneasler|def|1\n|-unboost|p2b: Sneasler|spd|1\n|-enditem|p1a: Incineroar|Sitrus Berry|[eat]\n|-heal|p1a: Incineroar|65/100|[from] item: Sitrus Berry\n|move|p1b: Corviknight|Brave Bird|p2b: Sneasler\n|-supereffective|p2b: Sneasler|1\n|-damage|p2b: Sneasler|0 fnt\n|faint|p2b: Sneasler\n|-damage|p1b: Corviknight|77/100|[from] Recoil\n|\n|-weather|Sandstorm|[upkeep]\n|-damage|p2a: Froslass|94/100|[from] Sandstorm\n|-damage|p1a: Incineroar|59/100|[from] Sandstorm\n|-heal|p1b: Corviknight|83/100|[from] item: Leftovers\n|upkeep\n|inactive|PPeasants has 30 seconds left.\n|\n|t:|1776472820\n|switch|p2b: Talonflame|Talonflame, L50, F|95/100\n|turn|3\n|\n|t:|1776472834\n|switch|p1a: Tyranitar|Tyranitar, L50, F|100/100\n|detailschange|p2a: Froslass|Froslass-Mega, L50, F\n|-mega|p2a: Froslass|Froslass|Froslassite\n|-weather|Snowscape|[from] ability: Snow Warning|[of] p2a: Froslass\n|move|p2b: Talonflame|Flare Blitz|p1b: Corviknight\n|-supereffective|p1b: Corviknight|1\n|-crit|p1b: Corviknight\n|-damage|p1b: Corviknight|0 fnt\n|faint|p1b: Corviknight\n|-damage|p2b: Talonflame|59/100|[from] Recoil\n|move|p2a: Froslass|Blizzard|p1a: Tyranitar\n|-damage|p1a: Tyranitar|30/100\n|\n|-weather|Snowscape|[upkeep]\n|upkeep\n|\n|t:|1776472852\n|switch|p1b: Excadrill|Excadrill, L50, M|100/100\n|turn|4\n|\n|t:|1776472858\n|detailschange|p1a: Tyranitar|Tyranitar-Mega, L50, F\n|-mega|p1a: Tyranitar|Tyranitar|Tyranitarite\n|-weather|Sandstorm|[from] ability: Sand Stream|[of] p1a: Tyranitar\n|move|p1a: Tyranitar|Protect|p1a: Tyranitar\n|-singleturn|p1a: Tyranitar|Protect\n|move|p2b: Talonflame|Flare Blitz|p1b: Excadrill\n|-supereffective|p1b: Excadrill|1\n|-enditem|p1b: Excadrill|Focus Sash\n|-damage|p1b: Excadrill|1/100\n|-damage|p2b: Talonflame|19/100|[from] Recoil\n|move|p2a: Froslass|Blizzard|p1b: Excadrill|[spread] \n|-activate|p1a: Tyranitar|move: Protect\n|-miss|p2a: Froslass|p1b: Excadrill\n|move|p1b: Excadrill|Rock Slide|p2a: Froslass|[spread] p2a,p2b\n|-supereffective|p2a: Froslass|1\n|-supereffective|p2b: Talonflame|2\n|-damage|p2a: Froslass|17/100\n|-damage|p2b: Talonflame|0 fnt\n|faint|p2b: Talonflame\n|\n|-weather|Sandstorm|[upkeep]\n|-damage|p2a: Froslass|11/100|[from] Sandstorm\n|-sideend|p2: PPeasants|move: Tailwind\n|upkeep\n|\n|t:|1776472882\n|switch|p2b: Serperior|Serperior, L50, M|100/100\n|turn|5\n|inactive|PPeasants has 30 seconds left.\n|inactive|PPeasants has 20 seconds left.\n|\n|t:|1776472917\n|move|p2b: Serperior|Protect|p2b: Serperior\n|-singleturn|p2b: Serperior|Protect\n|move|p1b: Excadrill|Rock Slide|p2b: Serperior|[spread] p2a\n|-activate|p2b: Serperior|move: Protect\n|-supereffective|p2a: Froslass|1\n|-damage|p2a: Froslass|0 fnt\n|faint|p2a: Froslass\n|move|p1a: Tyranitar|Knock Off|p2b: Serperior\n|-activate|p2b: Serperior|move: Protect\n|\n|-weather|Sandstorm|[upkeep]\n|-damage|p2b: Serperior|95/100|[from] Sandstorm\n|upkeep\n|turn|6\n|\n|t:|1776472942\n|move|p1b: Excadrill|Iron Head|p2b: Serperior\n|-damage|p2b: Serperior|31/100\n|move|p2b: Serperior|Leaf Storm|p1a: Tyranitar\n|-supereffective|p1a: Tyranitar|1\n|-crit|p1a: Tyranitar\n|-damage|p1a: Tyranitar|0 fnt\n|-unboost|p2b: Serperior|spa|2\n|faint|p1a: Tyranitar\n|\n|-weather|Sandstorm|[upkeep]\n|-damage|p2b: Serperior|25/100|[from] Sandstorm\n|upkeep\n|\n|t:|1776472949\n|switch|p1a: Incineroar|Incineroar, L50, F|59/100\n|-ability|p1a: Incineroar|Intimidate|boost\n|-unboost|p2b: Serperior|atk|1\n|turn|7\n|\n|t:|1776472955\n|move|p2b: Serperior|Protect|p2b: Serperior\n|-singleturn|p2b: Serperior|Protect\n|move|p1a: Incineroar|Fake Out|p2b: Serperior\n|-activate|p2b: Serperior|move: Protect\n|move|p1b: Excadrill|Iron Head|p2b: Serperior\n|-activate|p2b: Serperior|move: Protect\n|\n|-weather|Sandstorm|[upkeep]\n|-damage|p2b: Serperior|20/100|[from] Sandstorm\n|-damage|p1a: Incineroar|53/100|[from] Sandstorm\n|upkeep\n|turn|8\n|\n|t:|1776472966\n|move|p2b: Serperior|Protect||[still]\n|-fail|p2b: Serperior\n|move|p1b: Excadrill|Iron Head|p2b: Serperior\n|-damage|p2b: Serperior|0 fnt\n|faint|p2b: Serperior\n|\n|win|2sweep4u\n|raw|2sweep4u's rating: 1103 &rarr; <strong>1129</strong><br />(+26 for winning)\n|raw|PPeasants's rating: 1120 &rarr; <strong>1094</strong><br />(-26 for losing)\n",
  "uploadtime": 1776472966,
  "views": 18,
  "formatid": "gen9championsvgc2026regma",
  "rating": 1094,
  "private": 0,
  "password": null
}