{
  "id": "gen9championsvgc2026regma-2583858761",
  "format": "[Gen 9 Champions] VGC 2026 Reg M-A",
  "players": [
    "MODEL M4R1",
    "o Alves"
  ],
  "log": "|j|\u2606MODEL M4R1\n|j|\u2606o Alves\n|t:|1776203257\n|gametype|doubles\n|player|p1|MODEL M4R1|unknown|1081\n|player|p2|o Alves|102|1012\n|gen|9\n|tier|[Gen 9 Champions] VGC 2026 Reg M-A\n|rated|\n|rule|Species Clause: Limit one of each Pok\u00e9mon\n|rule|Item Clause: Limit 1 of each item\n|clearpoke\n|poke|p1|Golurk, L50|\n|poke|p1|Farigiraf, L50, F|\n|poke|p1|Torkoal, L50, M|\n|poke|p1|Venusaur, L50, F|\n|poke|p1|Sneasler, L50, F|\n|poke|p1|Incineroar, L50, M|\n|poke|p2|Quaquaval, L50, M|\n|poke|p2|Politoed, L50, F|\n|poke|p2|Aerodactyl, L50, M|\n|poke|p2|Sneasler, L50, M|\n|poke|p2|Rotom-Wash, L50|\n|poke|p2|Spiritomb, L50, M|\n|teampreview|4\n|inactive|Battle timer is ON: inactive players will automatically lose when time's up. (requested by o Alves)\n|\n|t:|1776203313\n|teamsize|p1|4\n|teamsize|p2|4\n|start\n|switch|p1a: Sneasler|Sneasler, L50, F|100/100\n|switch|p1b: Farigiraf|Farigiraf, L50, F|100/100\n|switch|p2a: Spiritomb|Spiritomb, L50, M|100/100\n|switch|p2b: Sneasler|Sneasler, L50, M|100/100\n|-ability|p2a: Spiritomb|Pressure\n|turn|1\n|\n|t:|1776203334\n|move|p2b: Sneasler|Protect|p2b: Sneasler\n|-singleturn|p2b: Sneasler|Protect\n|move|p1a: Sneasler|Fake Out|p2b: Sneasler\n|-activate|p2b: Sneasler|move: Protect\n|move|p2a: Spiritomb|Taunt|p1b: Farigiraf\n|-start|p1b: Farigiraf|move: Taunt\n|move|p1b: Farigiraf|Psychic|p2b: Sneasler\n|-activate|p2b: Sneasler|move: Protect\n|\n|upkeep\n|turn|2\n|\n|t:|1776203351\n|switch|p2b: Politoed|Politoed, L50, F|100/100\n|-weather|RainDance|[from] ability: Drizzle|[of] p2b: Politoed\n|move|p1a: Sneasler|Dire Claw|p2a: Spiritomb\n|-resisted|p2a: Spiritomb|1\n|-damage|p2a: Spiritomb|76/100\n|move|p2a: Spiritomb|Will-O-Wisp|p1a: Sneasler\n|-status|p1a: Sneasler|brn\n|move|p1b: Farigiraf|Psychic|p2b: Politoed\n|-damage|p2b: Politoed|59/100\n|\n|-weather|RainDance|[upkeep]\n|-heal|p2b: Politoed|65/100|[from] item: Leftovers\n|-damage|p1a: Sneasler|95/100 brn|[from] brn\n|upkeep\n|turn|3\n|\n|t:|1776203374\n|switch|p2b: Sneasler|Sneasler, L50, M|100/100\n|move|p1a: Sneasler|Dire Claw|p2a: Spiritomb\n|-resisted|p2a: Spiritomb|1\n|-crit|p2a: Spiritomb\n|-damage|p2a: Spiritomb|58/100\n|-status|p2a: Spiritomb|psn\n|move|p2a: Spiritomb|Hex|p1a: Sneasler\n|-damage|p1a: Sneasler|36/100 brn\n|move|p1b: Farigiraf|Psychic|p2b: Sneasler\n|-supereffective|p2b: Sneasler|2\n|-damage|p2b: Sneasler|0 fnt\n|faint|p2b: Sneasler\n|\n|-weather|RainDance|[upkeep]\n|-damage|p2a: Spiritomb|46/100 psn|[from] psn\n|-damage|p1a: Sneasler|30/100 brn|[from] brn\n|-end|p1b: Farigiraf|move: Taunt\n|upkeep\n|-enditem|p2a: Spiritomb|Sitrus Berry|[eat]\n|-heal|p2a: Spiritomb|71/100 psn|[from] item: Sitrus Berry\n|\n|t:|1776203385\n|switch|p2b: Quaquaval|Quaquaval, L50, M|100/100\n|turn|4\n|\n|t:|1776203397\n|move|p1a: Sneasler|Protect|p1a: Sneasler\n|-singleturn|p1a: Sneasler|Protect\n|move|p2b: Quaquaval|Aqua Jet||[still]\n|cant|p1b: Farigiraf|ability: Armor Tail|Aqua Jet|[of] p2b: Quaquaval\n|move|p2a: Spiritomb|Taunt|p1b: Farigiraf\n|-start|p1b: Farigiraf|move: Taunt\n|move|p1b: Farigiraf|Psychic|p2b: Quaquaval\n|-supereffective|p2b: Quaquaval|1\n|-enditem|p2b: Quaquaval|Focus Sash\n|-damage|p2b: Quaquaval|1/100\n|\n|-weather|RainDance|[upkeep]\n|-damage|p2a: Spiritomb|58/100 psn|[from] psn\n|-damage|p1a: Sneasler|24/100 brn|[from] brn\n|upkeep\n|turn|5\n|inactive|MODEL M4R1 has 30 seconds left.\n|\n|t:|1776203426\n|move|p2b: Quaquaval|Detect|p2b: Quaquaval\n|-singleturn|p2b: Quaquaval|Protect\n|move|p1a: Sneasler|Dire Claw|p2a: Spiritomb\n|-resisted|p2a: Spiritomb|1\n|-damage|p2a: Spiritomb|46/100 psn\n|move|p2a: Spiritomb|Hex|p1a: Sneasler\n|-damage|p1a: Sneasler|0 fnt\n|faint|p1a: Sneasler\n|move|p1b: Farigiraf|Psychic|p2b: Quaquaval\n|-activate|p2b: Quaquaval|move: Protect\n|\n|-weather|RainDance|[upkeep]\n|-damage|p2a: Spiritomb|34/100 psn|[from] psn\n|upkeep\n|\n|t:|1776203436\n|switch|p1a: Incineroar|Incineroar, L50, M|100/100\n|-ability|p1a: Incineroar|Intimidate|boost\n|-unboost|p2a: Spiritomb|atk|1\n|-unboost|p2b: Quaquaval|atk|1\n|turn|6\n|\n|t:|1776203460\n|switch|p2b: Politoed|Politoed, L50, F|65/100\n|switch|p1b: Golurk|Golurk, L50|100/100\n|move|p1a: Incineroar|Darkest Lariat|p2a: Spiritomb\n|-damage|p2a: Spiritomb|0 fnt\n|faint|p2a: Spiritomb\n|\n|-weather|none\n|-heal|p2b: Politoed|71/100|[from] item: Leftovers\n|upkeep\n|\n|t:|1776203466\n|switch|p2a: Quaquaval|Quaquaval, L50, M|1/100\n|turn|7\n|\n|t:|1776203489\n|move|p1b: Golurk|Protect|p1b: Golurk\n|-singleturn|p1b: Golurk|Protect\n|move|p2a: Quaquaval|Close Combat|p1a: Incineroar\n|-supereffective|p1a: Incineroar|1\n|-enditem|p1a: Incineroar|Chople Berry|[eat]\n|-enditem|p1a: Incineroar|Chople Berry|[weaken]\n|-damage|p1a: Incineroar|41/100\n|-unboost|p2a: Quaquaval|def|1\n|-unboost|p2a: Quaquaval|spd|1\n|move|p2b: Politoed|Icy Wind|p1b: Golurk|[spread] p1a\n|-activate|p1b: Golurk|move: Protect\n|-resisted|p1a: Incineroar|1\n|-damage|p1a: Incineroar|37/100\n|-unboost|p1a: Incineroar|spe|1\n|move|p1a: Incineroar|Parting Shot|p2b: Politoed\n|-unboost|p2b: Politoed|atk|1\n|-unboost|p2b: Politoed|spa|1\n|\n|t:|1776203497\n|switch|p1a: Farigiraf|Farigiraf, L50, F|100/100|[from] Parting Shot\n|\n|-heal|p2b: Politoed|77/100|[from] item: Leftovers\n|upkeep\n|turn|8\n|inactive|o Alves has 30 seconds left.\n|\n|t:|1776203526\n|switch|p1b: Incineroar|Incineroar, L50, M|37/100\n|-ability|p1b: Incineroar|Intimidate|boost\n|-unboost|p2a: Quaquaval|atk|1\n|-unboost|p2b: Politoed|atk|1\n|move|p2b: Politoed|Helping Hand|p2a: Quaquaval\n|-singleturn|p2a: Quaquaval|Helping Hand|[of] p2b: Politoed\n|move|p2a: Quaquaval|Close Combat|p1a: Farigiraf\n|-damage|p1a: Farigiraf|41/100\n|-unboost|p2a: Quaquaval|def|1\n|-unboost|p2a: Quaquaval|spd|1\n|-enditem|p1a: Farigiraf|Sitrus Berry|[eat]\n|-heal|p1a: Farigiraf|65/100|[from] item: Sitrus Berry\n|move|p1a: Farigiraf|Trick Room|p1a: Farigiraf\n|-fieldstart|move: Trick Room|[of] p1a: Farigiraf\n|\n|-heal|p2b: Politoed|83/100|[from] item: Leftovers\n|upkeep\n|turn|9\n|\n|t:|1776203544\n|move|p2a: Quaquaval|Detect|p2a: Quaquaval\n|-singleturn|p2a: Quaquaval|Protect\n|move|p1b: Incineroar|Fake Out|p2b: Politoed\n|-damage|p2b: Politoed|65/100\n|move|p1a: Farigiraf|Hyper Voice|p2a: Quaquaval|[spread] p2b\n|-activate|p2a: Quaquaval|move: Protect\n|-damage|p2b: Politoed|38/100\n|cant|p2b: Politoed|flinch\n|\n|-heal|p2b: Politoed|44/100|[from] item: Leftovers\n|upkeep\n|turn|10\n|-message|o Alves forfeited.\n|\n|win|MODEL M4R1\n|raw|MODEL M4R1's rating: 1081 &rarr; <strong>1103</strong><br />(+22 for winning)\n|raw|o Alves's rating: 1012 &rarr; <strong>1003</strong><br />(-9 for losing)\n|l|\u2606o Alves\n|player|p2|\n",
  "uploadtime": 1776203563,
  "views": 17,
  "formatid": "gen9championsvgc2026regma",
  "rating": 1003,
  "private": 0,
  "password": null
}