{
  "id": "gen9championsvgc2026regma-2582130715",
  "format": "[Gen 9 Champions] VGC 2026 Reg M-A",
  "players": [
    "reshiram91",
    "UtterlyIncapable"
  ],
  "log": "|j|\u2606reshiram91\n|j|\u2606UtterlyIncapable\n|t:|1776061934\n|gametype|doubles\n|player|p1|reshiram91|266|1187\n|player|p2|UtterlyIncapable|firebreather|1223\n|gen|9\n|tier|[Gen 9 Champions] VGC 2026 Reg M-A\n|rated|\n|rule|Species Clause: Limit one of each Pok\u00e9mon\n|rule|Item Clause: Limit 1 of each item\n|clearpoke\n|poke|p1|Rotom-Wash, L50|\n|poke|p1|Garchomp, L50, M|\n|poke|p1|Talonflame, L50, F|\n|poke|p1|Floette-Eternal, L50, F|\n|poke|p1|Aegislash, L50, M|\n|poke|p1|Maushold-Four, L50|\n|poke|p2|Froslass, L50, F|\n|poke|p2|Zoroark-Hisui, L50, F|\n|poke|p2|Whimsicott, L50, M|\n|poke|p2|Ninetales-Alola, L50, F|\n|poke|p2|Maushold-Four, L50|\n|poke|p2|Gallade, L50, M|\n|teampreview|4\n|\n|t:|1776061998\n|teamsize|p1|4\n|teamsize|p2|4\n|start\n|switch|p1a: Maushold|Maushold-Four, L50|100/100\n|switch|p1b: Floette|Floette-Eternal, L50, F|100/100\n|switch|p2a: Froslass|Froslass, L50, F|100/100\n|switch|p2b: Gallade|Gallade, L50, M|100/100\n|turn|1\n|\n|t:|1776062017\n|detailschange|p1b: Floette|Floette-Mega, L50, F\n|-mega|p1b: Floette|Floette|Floettite\n|-ability|p1b: Floette|Fairy Aura\n|move|p2b: Gallade|Wide Guard|p2b: Gallade\n|-singleturn|p2b: Gallade|Wide Guard\n|move|p1a: Maushold|Follow Me|p1a: Maushold\n|-singleturn|p1a: Maushold|move: Follow Me\n|move|p2a: Froslass|Nasty Plot|p2a: Froslass\n|-boost|p2a: Froslass|spa|2\n|move|p1b: Floette|Calm Mind|p1b: Floette\n|-boost|p1b: Floette|spa|1\n|-boost|p1b: Floette|spd|1\n|\n|upkeep\n|turn|2\n|\n|t:|1776062057\n|move|p1a: Maushold|Super Fang|p2b: Gallade\n|-damage|p2b: Gallade|50/100\n|move|p2a: Froslass|Hyper Voice|p1b: Floette|[spread] p1a,p1b\n|-damage|p1a: Maushold|14/100\n|-damage|p1b: Floette|78/100\n|move|p2b: Gallade|Encore|p1b: Floette\n|-start|p1b: Floette|Encore\n|move|p1b: Floette|Calm Mind|p1b: Floette\n|-boost|p1b: Floette|spa|1\n|-boost|p1b: Floette|spd|1\n|\n|upkeep\n|turn|3\n|\n|t:|1776062087\n|switch|p2b: Froslass|Froslass, L50, F|100/100\n|move|p1a: Maushold|Follow Me|p1a: Maushold\n|-singleturn|p1a: Maushold|move: Follow Me\n|move|p2a: Froslass|Hyper Voice|p1b: Floette|[spread] p1a,p1b\n|-damage|p1a: Maushold|0 fnt\n|-damage|p1b: Floette|59/100\n|faint|p1a: Maushold\n|move|p1b: Floette|Calm Mind|p1b: Floette\n|-boost|p1b: Floette|spa|1\n|-boost|p1b: Floette|spd|1\n|\n|upkeep\n|\n|t:|1776062097\n|switch|p1a: Aegislash|Aegislash, L50, M|100/100\n|turn|4\n|\n|t:|1776062115\n|switch|p2b: Gallade|Gallade, L50, M|50/100\n|-formechange|p1a: Aegislash|Aegislash-Blade|\n|move|p1a: Aegislash|Shadow Sneak|p2b: Gallade\n|-supereffective|p2b: Gallade|1\n|-damage|p2b: Gallade|0 fnt\n|faint|p2b: Gallade\n|move|p2a: Froslass|Shadow Ball|p1a: Aegislash\n|-supereffective|p1a: Aegislash|1\n|-damage|p1a: Aegislash|0 fnt\n|faint|p1a: Aegislash\n|move|p1b: Floette|Calm Mind|p1b: Floette\n|-boost|p1b: Floette|spa|1\n|-boost|p1b: Floette|spd|1\n|\n|-end|p1b: Floette|Encore\n|upkeep\n|\n|t:|1776062129\n|switch|p2b: Whimsicott|Whimsicott, L50, M|100/100\n|switch|p1a: Talonflame|Talonflame, L50, F|100/100\n|turn|5\n|\n|t:|1776062144\n|move|p1b: Floette|Protect|p1b: Floette\n|-singleturn|p1b: Floette|Protect\n|move|p1a: Talonflame|Tailwind|p1a: Talonflame\n|-sidestart|p1: reshiram91|move: Tailwind\n|move|p2b: Whimsicott|Encore|p1b: Floette\n|-activate|p1b: Floette|move: Protect\n|move|p2a: Froslass|Hyper Voice|p1a: Talonflame|[spread] p1a\n|-activate|p1b: Floette|move: Protect\n|-damage|p1a: Talonflame|0 fnt\n|faint|p1a: Talonflame\n|\n|upkeep\n|turn|6\n|\n|t:|1776062157\n|move|p2b: Whimsicott|Encore|p1b: Floette\n|-start|p1b: Floette|Encore\n|move|p1b: Floette|Protect|p1b: Floette\n|-singleturn|p1b: Floette|Protect\n|move|p2a: Froslass|Nasty Plot|p2a: Froslass\n|-boost|p2a: Froslass|spa|2\n|\n|upkeep\n|turn|7\n|\n|t:|1776062165\n|move|p1b: Floette|Protect||[still]\n|-fail|p1b: Floette\n|move|p2a: Froslass|Nasty Plot|p2a: Froslass\n|-boost|p2a: Froslass|spa|2\n|move|p2b: Whimsicott|Moonblast|p1b: Floette\n|-damage|p1b: Floette|51/100\n|\n|upkeep\n|turn|8\n|\n|t:|1776062176\n|move|p1b: Floette|Protect|p1b: Floette\n|-singleturn|p1b: Floette|Protect\n|move|p2a: Froslass|Nasty Plot|p2a: Froslass\n|-boost|p2a: Froslass|spa|0\n|move|p2b: Whimsicott|Moonblast|p1b: Floette\n|-activate|p1b: Floette|move: Protect\n|\n|-end|p1b: Floette|Encore\n|-sideend|p1: reshiram91|move: Tailwind\n|upkeep\n|turn|9\n|\n|t:|1776062186\n|move|p2b: Whimsicott|Encore|p1b: Floette\n|-start|p1b: Floette|Encore\n|move|p1b: Floette|Protect||[still]\n|-fail|p1b: Floette\n|move|p2a: Froslass|Hyper Voice|p1b: Floette\n|-damage|p1b: Floette|6/100\n|\n|upkeep\n|turn|10\n|-message|reshiram91 forfeited.\n|\n|win|UtterlyIncapable\n|raw|reshiram91's rating: 1187 &rarr; <strong>1165</strong><br />(-22 for losing)\n|raw|UtterlyIncapable's rating: 1223 &rarr; <strong>1245</strong><br />(+22 for winning)\n|l|\u2606reshiram91\n|player|p1|\n",
  "uploadtime": 1776062196,
  "views": 10,
  "formatid": "gen9championsvgc2026regma",
  "rating": 1165,
  "private": 0,
  "password": null
}