{
  "id": "gen9championsvgc2026regma-2586745211",
  "format": "[Gen 9 Champions] VGC 2026 Reg M-A",
  "players": [
    "Sewedi Mibalzoff",
    "ruti3131"
  ],
  "log": "|j|\u2606Sewedi Mibalzoff\n|j|\u2606ruti3131\n|t:|1776456575\n|gametype|doubles\n|player|p1|Sewedi Mibalzoff|ghetsis|1159\n|player|p2|ruti3131|265|1157\n|gen|9\n|tier|[Gen 9 Champions] VGC 2026 Reg M-A\n|rated|\n|rule|Species Clause: Limit one of each Pok\u00e9mon\n|rule|Item Clause: Limit 1 of each item\n|clearpoke\n|poke|p1|Starmie, L50|\n|poke|p1|Aegislash, L50, M|\n|poke|p1|Incineroar, L50, M|\n|poke|p1|Sinistcha, L50|\n|poke|p1|Milotic, L50, F|\n|poke|p1|Kommo-o, L50, F|\n|poke|p2|Sneasler, L50, F|\n|poke|p2|Aerodactyl, L50, M|\n|poke|p2|Pelipper, L50, M|\n|poke|p2|Archaludon, L50, F|\n|poke|p2|Venusaur, L50, M|\n|poke|p2|Torkoal, L50, M|\n|teampreview|4\n|inactive|Battle timer is ON: inactive players will automatically lose when time's up. (requested by Sewedi Mibalzoff)\n|inactive|Sewedi Mibalzoff has 60 seconds left.\n|inactive|ruti3131 has 60 seconds left.\n|inactive|Sewedi Mibalzoff has 30 seconds left.\n|inactive|Sewedi Mibalzoff has 20 seconds left.\n|\n|t:|1776456649\n|teamsize|p1|4\n|teamsize|p2|4\n|start\n|switch|p1a: Starmie|Starmie, L50|100/100\n|switch|p1b: Kommo-o|Kommo-o, L50, F|100/100\n|switch|p2a: Sneasler|Sneasler, L50, F|100/100\n|switch|p2b: Aerodactyl|Aerodactyl, L50, M|100/100\n|-ability|p2b: Aerodactyl|Pressure\n|turn|1\n|inactive|Sewedi Mibalzoff has 30 seconds left.\n|inactive|ruti3131 has 30 seconds left.\n|\n|t:|1776456676\n|detailschange|p2b: Aerodactyl|Aerodactyl-Mega, L50, M\n|-mega|p2b: Aerodactyl|Aerodactyl|Aerodactylite\n|detailschange|p1a: Starmie|Starmie-Mega, L50\n|-mega|p1a: Starmie|Starmie|Starminite\n|move|p2a: Sneasler|Fake Out|p1a: Starmie\n|-damage|p1a: Starmie|79/100\n|move|p2b: Aerodactyl|Ice Fang|p1b: Kommo-o\n|-supereffective|p1b: Kommo-o|1\n|-damage|p1b: Kommo-o|36/100\n|cant|p1a: Starmie|flinch\n|move|p1b: Kommo-o|Clangorous Soul|p1b: Kommo-o\n|-boost|p1b: Kommo-o|atk|1\n|-boost|p1b: Kommo-o|def|1\n|-boost|p1b: Kommo-o|spa|1\n|-boost|p1b: Kommo-o|spd|1\n|-boost|p1b: Kommo-o|spe|1\n|-damage|p1b: Kommo-o|3/100\n|\n|upkeep\n|turn|2\n|inactive|Sewedi Mibalzoff has 30 seconds left.\n|inactive|ruti3131 has 30 seconds left.\n|\n|t:|1776456709\n|move|p1a: Starmie|Protect|p1a: Starmie\n|-singleturn|p1a: Starmie|Protect\n|move|p1b: Kommo-o|Flash Cannon|p2b: Aerodactyl\n|-supereffective|p2b: Aerodactyl|1\n|-damage|p2b: Aerodactyl|24/100\n|move|p2b: Aerodactyl|Dual Wingbeat|p1b: Kommo-o|[miss]\n|-miss|p2b: Aerodactyl|p1b: Kommo-o\n|move|p2a: Sneasler|Gunk Shot|p1a: Starmie\n|-activate|p1a: Starmie|move: Protect\n|\n|upkeep\n|turn|3\n|\n|t:|1776456733\n|switch|p2b: Torkoal|Torkoal, L50, M|100/100\n|-weather|SunnyDay|[from] ability: Drought|[of] p2b: Torkoal\n|move|p1b: Kommo-o|Flash Cannon|p2b: Torkoal\n|-resisted|p2b: Torkoal|1\n|-damage|p2b: Torkoal|78/100\n|move|p1a: Starmie|Liquidation|p2a: Sneasler\n|-damage|p2a: Sneasler|36/100\n|move|p2a: Sneasler|Gunk Shot|p1a: Starmie|[miss]\n|-miss|p2a: Sneasler|p1a: Starmie\n|\n|-weather|SunnyDay|[upkeep]\n|-heal|p2b: Torkoal|84/100|[from] item: Leftovers\n|upkeep\n|turn|4\n|inactive|ruti3131 has 30 seconds left.\n|\n|t:|1776456766\n|switch|p2a: Venusaur|Venusaur, L50, M|100/100\n|move|p2b: Torkoal|Protect|p2b: Torkoal\n|-singleturn|p2b: Torkoal|Protect\n|move|p1b: Kommo-o|Dragon Pulse|p2a: Venusaur\n|-damage|p2a: Venusaur|39/100\n|move|p1a: Starmie|Flip Turn|p2b: Torkoal\n|-activate|p2b: Torkoal|move: Protect\n|\n|-weather|SunnyDay|[upkeep]\n|-heal|p2b: Torkoal|90/100|[from] item: Leftovers\n|upkeep\n|turn|5\n|inactive|Sewedi Mibalzoff has 30 seconds left.\n|inactive|Sewedi Mibalzoff has 20 seconds left.\n|\n|t:|1776456803\n|move|p1a: Starmie|Protect|p1a: Starmie\n|-singleturn|p1a: Starmie|Protect\n|move|p1b: Kommo-o|Dragon Pulse|p2a: Venusaur\n|-damage|p2a: Venusaur|0 fnt\n|faint|p2a: Venusaur\n|move|p2b: Torkoal|Heat Wave|p1b: Kommo-o|[spread] p1b\n|-activate|p1a: Starmie|move: Protect\n|-resisted|p1b: Kommo-o|1\n|-damage|p1b: Kommo-o|0 fnt\n|faint|p1b: Kommo-o\n|\n|-weather|SunnyDay|[upkeep]\n|-heal|p2b: Torkoal|96/100|[from] item: Leftovers\n|upkeep\n|\n|t:|1776456819\n|switch|p1b: Aegislash|Aegislash, L50, M|100/100\n|switch|p2a: Sneasler|Sneasler, L50, F|36/100\n|turn|6\n|inactive|Sewedi Mibalzoff has 30 seconds left.\n|\n|t:|1776456854\n|move|p1a: Starmie|Self-Destruct|p2b: Torkoal|[spread] p2a,p2b\n|-immune|p1b: Aegislash\n|-damage|p2a: Sneasler|0 fnt\n|-damage|p2b: Torkoal|25/100\n|faint|p1a: Starmie\n|faint|p2a: Sneasler\n|-formechange|p1b: Aegislash|Aegislash-Blade|\n|move|p1b: Aegislash|Poltergeist|p2b: Torkoal\n|-activate|p2b: Torkoal|move: Poltergeist|Leftovers\n|-damage|p2b: Torkoal|0 fnt\n|faint|p2b: Torkoal\n|\n|-weather|SunnyDay|[upkeep]\n|upkeep\n|\n|t:|1776456870\n|switch|p1a: Milotic|Milotic, L50, F|100/100\n|switch|p2a: Aerodactyl|Aerodactyl-Mega, L50, M|24/100\n|turn|7\n|\n|t:|1776456884\n|-formechange|p1b: Aegislash|Aegislash|\n|move|p1b: Aegislash|King's Shield|p1b: Aegislash\n|-singleturn|p1b: Aegislash|Protect\n|move|p2a: Aerodactyl|Rock Slide|p1b: Aegislash|[spread] p1a\n|-activate|p1b: Aegislash|move: Protect\n|-damage|p1a: Milotic|79/100\n|move|p1a: Milotic|Muddy Water|p2a: Aerodactyl\n|-supereffective|p2a: Aerodactyl|1\n|-damage|p2a: Aerodactyl|0 fnt\n|faint|p2a: Aerodactyl\n|\n|win|Sewedi Mibalzoff\n|raw|Sewedi Mibalzoff's rating: 1159 &rarr; <strong>1184</strong><br />(+25 for winning)\n|raw|ruti3131's rating: 1157 &rarr; <strong>1132</strong><br />(-25 for losing)\n",
  "uploadtime": 1776456895,
  "views": 42,
  "formatid": "gen9championsvgc2026regma",
  "rating": 1132,
  "private": 0,
  "password": null
}