{
  "id": "gen9championsvgc2026regma-2580926334",
  "format": "[Gen 9 Champions] VGC 2026 Reg M-A",
  "players": [
    "richieleo0802",
    "Markysio3"
  ],
  "log": "|j|\u2606richieleo0802\n|j|\u2606Markysio3\n|t:|1775943935\n|gametype|doubles\n|player|p1|richieleo0802|burglar|1057\n|player|p2|Markysio3|169|1117\n|gen|9\n|tier|[Gen 9 Champions] VGC 2026 Reg M-A\n|rated|\n|rule|Species Clause: Limit one of each Pok\u00e9mon\n|rule|Item Clause: Limit 1 of each item\n|clearpoke\n|poke|p1|Altaria, L50, F|\n|poke|p1|Sableye, L50, F|\n|poke|p1|Sinistcha, L50|\n|poke|p1|Incineroar, L50, F|\n|poke|p1|Gengar, L50, F|\n|poke|p1|Sneasler, L50, F|\n|poke|p2|Floette-Eternal, L50, F|\n|poke|p2|Incineroar, L50, F|\n|poke|p2|Garchomp, L50, F|\n|poke|p2|Corviknight, L50, M|\n|poke|p2|Sinistcha, L50|\n|poke|p2|Sneasler, L50, F|\n|teampreview|4\n|\n|t:|1775943966\n|teamsize|p1|4\n|teamsize|p2|4\n|start\n|switch|p1a: Sableye|Sableye, L50, F|100/100\n|switch|p1b: Sneasler|Sneasler, L50, F|100/100\n|switch|p2a: Floette|Floette-Eternal, L50, F|100/100\n|switch|p2b: Incineroar|Incineroar, L50, F|100/100\n|-ability|p2b: Incineroar|Intimidate|boost\n|-unboost|p1a: Sableye|atk|1\n|-unboost|p1b: Sneasler|atk|1\n|-enditem|p1b: Sneasler|White Herb\n|-clearnegativeboost|p1b: Sneasler|[silent]\n|turn|1\n|\n|t:|1775943988\n|move|p1b: Sneasler|Protect|p1b: Sneasler\n|-singleturn|p1b: Sneasler|Protect\n|move|p2a: Floette|Protect|p2a: Floette\n|-singleturn|p2a: Floette|Protect\n|move|p2b: Incineroar|Fake Out|p1b: Sneasler\n|-activate|p1b: Sneasler|move: Protect\n|move|p1a: Sableye|Will-O-Wisp|p2a: Floette\n|-activate|p2a: Floette|move: Protect\n|\n|upkeep\n|turn|2\n|\n|t:|1775944022\n|switch|p2a: Sinistcha|Sinistcha, L50|100/100\n|move|p1a: Sableye|Encore||[still]\n|-fail|p1a: Sableye\n|move|p1b: Sneasler|Close Combat|p2b: Incineroar\n|-supereffective|p2b: Incineroar|1\n|-enditem|p2b: Incineroar|Chople Berry|[eat]\n|-enditem|p2b: Incineroar|Chople Berry|[weaken]\n|-damage|p2b: Incineroar|53/100\n|-unboost|p1b: Sneasler|def|1\n|-unboost|p1b: Sneasler|spd|1\n|move|p2b: Incineroar|Parting Shot|p1b: Sneasler\n|-unboost|p1b: Sneasler|atk|1\n|-unboost|p1b: Sneasler|spa|1\n|\n|t:|1775944053\n|switch|p2b: Floette|Floette-Eternal, L50, F|100/100|[from] Parting Shot\n|\n|upkeep\n|turn|3\n|\n|t:|1775944067\n|switch|p1b: Gengar|Gengar, L50, F|100/100\n|detailschange|p2b: Floette|Floette-Mega, L50, F\n|-mega|p2b: Floette|Floette|Floettite\n|-ability|p2b: Floette|Fairy Aura\n|move|p2a: Sinistcha|Rage Powder|p2a: Sinistcha\n|-singleturn|p2a: Sinistcha|move: Rage Powder\n|move|p1a: Sableye|Will-O-Wisp|p2a: Sinistcha\n|-status|p2a: Sinistcha|brn\n|move|p2b: Floette|Calm Mind|p2b: Floette\n|-boost|p2b: Floette|spa|1\n|-boost|p2b: Floette|spd|1\n|\n|-damage|p2a: Sinistcha|94/100 brn|[from] brn\n|upkeep\n|turn|4\n|\n|t:|1775944093\n|detailschange|p1b: Gengar|Gengar-Mega, L50, F\n|-mega|p1b: Gengar|Gengar|Gengarite\n|move|p2b: Floette|Protect|p2b: Floette\n|-singleturn|p2b: Floette|Protect\n|move|p1a: Sableye|Encore|p2b: Floette\n|-activate|p2b: Floette|move: Protect\n|move|p1b: Gengar|Shadow Ball|p2a: Sinistcha\n|-supereffective|p2a: Sinistcha|1\n|-damage|p2a: Sinistcha|0 fnt\n|faint|p2a: Sinistcha\n|\n|upkeep\n|\n|t:|1775944106\n|switch|p2a: Sneasler|Sneasler, L50, F|100/100\n|turn|5\n|\n|t:|1775944120\n|move|p1a: Sableye|Encore|p2b: Floette\n|-start|p2b: Floette|Encore\n|move|p2b: Floette|Protect|p2b: Floette\n|-singleturn|p2b: Floette|Protect\n|move|p1b: Gengar|Shadow Ball|p2a: Sneasler\n|-damage|p2a: Sneasler|32/100\n|move|p2a: Sneasler|Dire Claw|p1a: Sableye\n|-resisted|p1a: Sableye|1\n|-damage|p1a: Sableye|72/100\n|\n|-heal|p1a: Sableye|78/100|[from] item: Leftovers\n|upkeep\n|turn|6\n|\n|t:|1775944142\n|move|p2b: Floette|Protect|p2b: Floette\n|-singleturn|p2b: Floette|Protect\n|move|p1a: Sableye|Disable|p2b: Floette\n|-activate|p2b: Floette|move: Protect\n|move|p1b: Gengar|Shadow Ball|p2a: Sneasler\n|-damage|p2a: Sneasler|0 fnt\n|faint|p2a: Sneasler\n|\n|-heal|p1a: Sableye|83/100|[from] item: Leftovers\n|upkeep\n|\n|t:|1775944154\n|switch|p2a: Incineroar|Incineroar, L50, F|53/100\n|-ability|p2a: Incineroar|Intimidate|boost\n|-unboost|p1a: Sableye|atk|1\n|-unboost|p1b: Gengar|atk|1\n|turn|7\n|\n|t:|1775944167\n|move|p2b: Floette|Protect||[still]\n|-fail|p2b: Floette\n|move|p1a: Sableye|Disable|p2b: Floette\n|-start|p2b: Floette|Disable|Protect\n|move|p1b: Gengar|Sludge Bomb|p2a: Incineroar\n|-damage|p2a: Incineroar|11/100\n|move|p2a: Incineroar|Throat Chop|p1b: Gengar\n|-supereffective|p1b: Gengar|1\n|-crit|p1b: Gengar\n|-damage|p1b: Gengar|0 fnt\n|faint|p1b: Gengar\n|\n|-heal|p1a: Sableye|89/100|[from] item: Leftovers\n|-end|p2b: Floette|Encore\n|upkeep\n|\n|t:|1775944179\n|switch|p1b: Sneasler|Sneasler, L50, F|100/100\n|turn|8\n|\n|t:|1775944196\n|move|p1a: Sableye|Encore|p2b: Floette\n|-start|p2b: Floette|Encore\n|cant|p2b: Floette|Disable|Protect\n|move|p1b: Sneasler|Close Combat|p2a: Incineroar\n|-supereffective|p2a: Incineroar|1\n|-damage|p2a: Incineroar|0 fnt\n|-unboost|p1b: Sneasler|def|1\n|-unboost|p1b: Sneasler|spd|1\n|faint|p2a: Incineroar\n|\n|-heal|p1a: Sableye|95/100|[from] item: Leftovers\n|upkeep\n|turn|9\n|\n|t:|1775944211\n|move|p1a: Sableye|Will-O-Wisp|p2b: Floette|[miss]\n|-miss|p1a: Sableye|p2b: Floette\n|move|p1b: Sneasler|Dire Claw|p2b: Floette\n|-supereffective|p2b: Floette|1\n|-damage|p2b: Floette|5/100\n|-activate|p2b: Floette|move: Struggle\n|move|p2b: Floette|Struggle|p1b: Sneasler\n|-damage|p1b: Sneasler|76/100\n|-damage|p2b: Floette|0 fnt|[from] recoil\n|faint|p2b: Floette\n|\n|win|richieleo0802\n|raw|richieleo0802's rating: 1057 &rarr; <strong>1094</strong><br />(+37 for winning)\n|raw|Markysio3's rating: 1117 &rarr; <strong>1088</strong><br />(-29 for losing)\n|l|\u2606Markysio3\n|player|p2|\n",
  "uploadtime": 1775944222,
  "views": 29,
  "formatid": "gen9championsvgc2026regma",
  "rating": 1088,
  "private": 0,
  "password": null
}