{
  "id": "gen9championsvgc2026regma-2584262262",
  "format": "[Gen 9 Champions] VGC 2026 Reg M-A",
  "players": [
    "smp on whimsicott",
    "Brumi500"
  ],
  "log": "|j|\u2606smp on whimsicott\n|j|\u2606Brumi500\n|t:|1776244583\n|gametype|doubles\n|player|p1|smp on whimsicott|artist-gen4|1183\n|player|p2|Brumi500|red|1129\n|gen|9\n|tier|[Gen 9 Champions] VGC 2026 Reg M-A\n|rated|\n|rule|Species Clause: Limit one of each Pok\u00e9mon\n|rule|Item Clause: Limit 1 of each item\n|clearpoke\n|poke|p1|Incineroar, L50, M|\n|poke|p1|Politoed, L50, M|\n|poke|p1|Gengar, L50, M|\n|poke|p1|Palafin, L50, F|\n|poke|p1|Volcarona, L50, M|\n|poke|p1|Ninetales-Alola, L50, F|\n|poke|p2|Kingambit, L50, F|\n|poke|p2|Froslass, L50, F|\n|poke|p2|Clefable, L50, F|\n|poke|p2|Sneasler, L50, M|\n|poke|p2|Rotom-Wash, L50|\n|poke|p2|Garchomp, L50, F|\n|teampreview|4\n|inactive|Battle timer is ON: inactive players will automatically lose when time's up. (requested by Brumi500)\n|\n|t:|1776244626\n|teamsize|p1|4\n|teamsize|p2|4\n|start\n|switch|p1a: Ninetales|Ninetales-Alola, L50, F|100/100\n|switch|p1b: Volcarona|Volcarona, L50, M|100/100\n|switch|p2a: Froslass|Froslass, L50, F|100/100\n|switch|p2b: Garchomp|Garchomp, L50, F|100/100\n|-weather|Snowscape|[from] ability: Snow Warning|[of] p1a: Ninetales\n|turn|1\n|inactive|smp on whimsicott has 30 seconds left.\n|\n|t:|1776244653\n|switch|p1b: Incineroar|Incineroar, L50, M|100/100\n|-ability|p1b: Incineroar|Intimidate|boost\n|-unboost|p2a: Froslass|atk|1\n|-unboost|p2b: Garchomp|atk|1\n|move|p2a: Froslass|Protect|p2a: Froslass\n|-singleturn|p2a: Froslass|Protect\n|move|p1a: Ninetales|Blizzard|p2b: Garchomp|[spread] p2b\n|-activate|p2a: Froslass|move: Protect\n|-supereffective|p2b: Garchomp|2\n|-damage|p2b: Garchomp|0 fnt\n|faint|p2b: Garchomp\n|\n|-weather|Snowscape|[upkeep]\n|upkeep\n|\n|t:|1776244666\n|switch|p2b: Rotom|Rotom-Wash, L50|100/100\n|turn|2\n|inactive|smp on whimsicott has 30 seconds left.\n|\n|t:|1776244695\n|move|p1a: Ninetales|Protect|p1a: Ninetales\n|-singleturn|p1a: Ninetales|Protect\n|move|p2a: Froslass|Aurora Veil|p2a: Froslass\n|-sidestart|p2: Brumi500|move: Aurora Veil\n|move|p2b: Rotom|Thunderbolt|p1a: Ninetales\n|-activate|p1a: Ninetales|move: Protect\n|move|p1b: Incineroar|Parting Shot|p2b: Rotom\n|-unboost|p2b: Rotom|atk|1\n|-unboost|p2b: Rotom|spa|1\n|\n|t:|1776244714\n|switch|p1b: Volcarona|Volcarona, L50, M|100/100|[from] Parting Shot\n|\n|-weather|Snowscape|[upkeep]\n|upkeep\n|turn|3\n|\n|t:|1776244729\n|detailschange|p2a: Froslass|Froslass-Mega, L50, F\n|-mega|p2a: Froslass|Froslass|Froslassite\n|move|p1a: Ninetales|Disable|p2b: Rotom\n|-start|p2b: Rotom|Disable|Thunderbolt\n|move|p2a: Froslass|Shadow Ball|p1b: Volcarona\n|-damage|p1b: Volcarona|68/100\n|move|p1b: Volcarona|Overheat|p2a: Froslass\n|-supereffective|p2a: Froslass|1\n|-damage|p2a: Froslass|30/100\n|-unboost|p1b: Volcarona|spa|2\n|move|p2b: Rotom|Will-O-Wisp|p1a: Ninetales\n|-status|p1a: Ninetales|brn\n|\n|-weather|Snowscape|[upkeep]\n|-damage|p1a: Ninetales|94/100 brn|[from] brn\n|upkeep\n|turn|4\n|inactive|smp on whimsicott has 30 seconds left.\n|\n|t:|1776244759\n|move|p1a: Ninetales|Disable|p2a: Froslass\n|-start|p2a: Froslass|Disable|Shadow Ball\n|move|p2a: Froslass|Blizzard|p1a: Ninetales|[spread] p1a,p1b\n|-resisted|p1a: Ninetales|1\n|-resisted|p1b: Volcarona|1\n|-damage|p1a: Ninetales|70/100 brn\n|-damage|p1b: Volcarona|49/100\n|move|p1b: Volcarona|U-turn|p2b: Rotom\n|-damage|p2b: Rotom|91/100\n|\n|t:|1776244768\n|switch|p1b: Incineroar|Incineroar, L50, M|100/100|[from] U-turn\n|-ability|p1b: Incineroar|Intimidate|boost\n|-unboost|p2a: Froslass|atk|1\n|-unboost|p2b: Rotom|atk|1\n|move|p2b: Rotom|Hydro Pump|p1b: Incineroar\n|-supereffective|p1b: Incineroar|1\n|-crit|p1b: Incineroar\n|-damage|p1b: Incineroar|4/100\n|-enditem|p1b: Incineroar|Sitrus Berry|[eat]\n|-heal|p1b: Incineroar|29/100|[from] item: Sitrus Berry\n|\n|-weather|Snowscape|[upkeep]\n|-heal|p2b: Rotom|97/100|[from] item: Leftovers\n|-damage|p1a: Ninetales|64/100 brn|[from] brn\n|upkeep\n|turn|5\n|\n|t:|1776244789\n|move|p1a: Ninetales|Blizzard|p2b: Rotom|[spread] p2a,p2b\n|-resisted|p2a: Froslass|1\n|-resisted|p2b: Rotom|1\n|-damage|p2a: Froslass|20/100\n|-damage|p2b: Rotom|86/100\n|move|p2a: Froslass|Blizzard|p1b: Incineroar|[spread] p1a,p1b\n|-resisted|p1a: Ninetales|1\n|-resisted|p1b: Incineroar|1\n|-damage|p1a: Ninetales|42/100 brn\n|-damage|p1b: Incineroar|14/100\n|move|p2b: Rotom|Hydro Pump|p1b: Incineroar\n|-supereffective|p1b: Incineroar|1\n|-damage|p1b: Incineroar|0 fnt\n|faint|p1b: Incineroar\n|\n|-weather|none\n|-heal|p2b: Rotom|91/100|[from] item: Leftovers\n|-damage|p1a: Ninetales|36/100 brn|[from] brn\n|upkeep\n|\n|t:|1776244793\n|switch|p1b: Gengar|Gengar, L50, M|100/100\n|turn|6\n|inactive|smp on whimsicott has 30 seconds left.\n|inactive|smp on whimsicott has 20 seconds left.\n|\n|t:|1776244832\n|switch|p2b: Kingambit|Kingambit, L50, F|100/100\n|detailschange|p1b: Gengar|Gengar-Mega, L50, M\n|-mega|p1b: Gengar|Gengar|Gengarite\n|move|p1b: Gengar|Shadow Ball|p2b: Kingambit\n|-resisted|p2b: Kingambit|1\n|-damage|p2b: Kingambit|86/100\n|move|p1a: Ninetales|Blizzard|p2a: Froslass|[spread] p2a,p2b\n|-resisted|p2a: Froslass|1\n|-resisted|p2b: Kingambit|1\n|-damage|p2a: Froslass|12/100\n|-damage|p2b: Kingambit|75/100\n|move|p2a: Froslass|Blizzard|p1b: Gengar|[spread] p1b\n|-miss|p2a: Froslass|p1a: Ninetales\n|-damage|p1b: Gengar|55/100\n|\n|-damage|p1a: Ninetales|30/100 brn|[from] brn\n|-sideend|p2: Brumi500|move: Aurora Veil\n|upkeep\n|turn|7\n|inactive|Brumi500 has 30 seconds left.\n|\n|t:|1776244860\n|switch|p1a: Volcarona|Volcarona, L50, M|49/100\n|switch|p2a: Rotom|Rotom-Wash, L50|91/100\n|move|p1b: Gengar|Protect|p1b: Gengar\n|-singleturn|p1b: Gengar|Protect\n|move|p2b: Kingambit|Kowtow Cleave|p1b: Gengar\n|-activate|p1b: Gengar|move: Protect\n|\n|-heal|p2a: Rotom|97/100|[from] item: Leftovers\n|upkeep\n|turn|8\n|\n|t:|1776244883\n|move|p1b: Gengar|Protect|p1b: Gengar\n|-singleturn|p1b: Gengar|Protect\n|move|p2b: Kingambit|Protect|p2b: Kingambit\n|-singleturn|p2b: Kingambit|Protect\n|move|p1a: Volcarona|U-turn|p2a: Rotom\n|-damage|p2a: Rotom|83/100\n|\n|t:|1776244890\n|switch|p1a: Ninetales|Ninetales-Alola, L50, F|30/100 brn|[from] U-turn\n|-weather|Snowscape|[from] ability: Snow Warning|[of] p1a: Ninetales\n|move|p2a: Rotom|Hydro Pump|p1a: Ninetales\n|-damage|p1a: Ninetales|0 fnt\n|faint|p1a: Ninetales\n|\n|-weather|Snowscape|[upkeep]\n|-heal|p2a: Rotom|89/100|[from] item: Leftovers\n|upkeep\n|\n|t:|1776244892\n|switch|p1a: Volcarona|Volcarona, L50, M|49/100\n|turn|9\n|\n|t:|1776244907\n|move|p2b: Kingambit|Sucker Punch||[still]\n|-fail|p2b: Kingambit\n|move|p1b: Gengar|Substitute|p1b: Gengar\n|-start|p1b: Gengar|Substitute\n|-damage|p1b: Gengar|30/100\n|move|p1a: Volcarona|Overheat|p2b: Kingambit|[miss]\n|-miss|p1a: Volcarona|p2b: Kingambit\n|move|p2a: Rotom|Hydro Pump|p1a: Volcarona\n|-supereffective|p1a: Volcarona|1\n|-enditem|p1a: Volcarona|Passho Berry|[eat]\n|-enditem|p1a: Volcarona|Passho Berry|[weaken]\n|-damage|p1a: Volcarona|13/100\n|\n|-weather|Snowscape|[upkeep]\n|-heal|p2a: Rotom|95/100|[from] item: Leftovers\n|upkeep\n|turn|10\n|-message|smp on whimsicott forfeited.\n|\n|win|Brumi500\n|raw|smp on whimsicott's rating: 1183 &rarr; <strong>1154</strong><br />(-29 for losing)\n|raw|Brumi500's rating: 1129 &rarr; <strong>1158</strong><br />(+29 for winning)\n",
  "uploadtime": 1776244921,
  "views": 23,
  "formatid": "gen9championsvgc2026regma",
  "rating": 1154,
  "private": 0,
  "password": null
}