{
  "id": "gen9championsvgc2026regma-2587157439",
  "format": "[Gen 9 Champions] VGC 2026 Reg M-A",
  "players": [
    "asr23",
    "Divorced pigeon"
  ],
  "log": "|j|\u2606asr23\n|j|\u2606Divorced pigeon\n|t:|1776501851\n|gametype|doubles\n|player|p1|asr23|170|1066\n|player|p2|Divorced pigeon|1|1126\n|gen|9\n|tier|[Gen 9 Champions] VGC 2026 Reg M-A\n|rated|\n|rule|Species Clause: Limit one of each Pok\u00e9mon\n|rule|Item Clause: Limit 1 of each item\n|clearpoke\n|poke|p1|Gardevoir, L50, F, shiny|\n|poke|p1|Sneasler, L50, M, shiny|\n|poke|p1|Clefable, L50, F, shiny|\n|poke|p1|Whimsicott, L50, F|\n|poke|p1|Klefki, L50, F|\n|poke|p1|Skarmory, L50, M, shiny|\n|poke|p2|Froslass, L50, F, shiny|\n|poke|p2|Mamoswine, L50, F|\n|poke|p2|Garchomp, L50, M|\n|poke|p2|Tinkaton, L50, F|\n|poke|p2|Whimsicott, L50, F|\n|poke|p2|Rotom-Heat, L50|\n|teampreview|4\n|inactive|Battle timer is ON: inactive players will automatically lose when time's up. (requested by Divorced pigeon)\n|\n|t:|1776501893\n|teamsize|p1|4\n|teamsize|p2|4\n|start\n|switch|p1a: Whimsicott|Whimsicott, L50, F|100/100\n|switch|p1b: Skarmory|Skarmory, L50, M, shiny|100/100\n|switch|p2a: Rotom|Rotom-Heat, L50|100/100\n|switch|p2b: Garchomp|Garchomp, L50, M|100/100\n|turn|1\n|inactive|asr23 has 30 seconds left.\n|inactive|asr23 has 20 seconds left.\n|\n|t:|1776501930\n|switch|p1b: Clefable|Clefable, L50, F, shiny|100/100\n|move|p1a: Whimsicott|Tailwind|p1a: Whimsicott\n|-sidestart|p1: asr23|move: Tailwind\n|move|p2b: Garchomp|Rock Slide|p1b: Clefable|[spread] p1a,p1b\n|-damage|p1a: Whimsicott|69/100\n|-damage|p1b: Clefable|81/100\n|move|p2a: Rotom|Overheat|p1b: Clefable\n|-damage|p1b: Clefable|39/100\n|-unboost|p2a: Rotom|spa|2\n|\n|upkeep\n|turn|2\n|inactive|asr23 has 30 seconds left.\n|\n|t:|1776501956\n|switch|p2a: Tinkaton|Tinkaton, L50, F|100/100\n|-ability|p2a: Tinkaton|Mold Breaker\n|move|p1b: Clefable|Helping Hand|p1a: Whimsicott\n|-singleturn|p1a: Whimsicott|Helping Hand|[of] p1b: Clefable\n|move|p1a: Whimsicott|Moonblast|p2b: Garchomp\n|-supereffective|p2b: Garchomp|1\n|-damage|p2b: Garchomp|0 fnt\n|faint|p2b: Garchomp\n|\n|upkeep\n|\n|t:|1776501971\n|switch|p2b: Rotom|Rotom-Heat, L50|100/100\n|turn|3\n|inactive|asr23 has 30 seconds left.\n|\n|t:|1776501997\n|switch|p1a: Sneasler|Sneasler, L50, M, shiny|100/100\n|move|p1b: Clefable|Follow Me|p1b: Clefable\n|-singleturn|p1b: Clefable|move: Follow Me\n|move|p2a: Tinkaton|Gigaton Hammer|p1b: Clefable\n|-supereffective|p1b: Clefable|1\n|-damage|p1b: Clefable|0 fnt\n|faint|p1b: Clefable\n|move|p2b: Rotom|Electroweb|p1a: Sneasler\n|-damage|p1a: Sneasler|75/100\n|-unboost|p1a: Sneasler|spe|1\n|-enditem|p1a: Sneasler|White Herb\n|-clearnegativeboost|p1a: Sneasler|[silent]\n|\n|upkeep\n|\n|t:|1776502012\n|switch|p1b: Skarmory|Skarmory, L50, M, shiny|100/100\n|turn|4\n|\n|t:|1776502022\n|detailschange|p1b: Skarmory|Skarmory-Mega, L50, M, shiny\n|-mega|p1b: Skarmory|Skarmory|Skarmorite\n|move|p2a: Tinkaton|Protect|p2a: Tinkaton\n|-singleturn|p2a: Tinkaton|Protect\n|move|p1a: Sneasler|Fake Out|p2b: Rotom\n|-damage|p2b: Rotom|84/100\n|move|p1b: Skarmory|Rock Slide|p2a: Tinkaton|[spread] p2b\n|-activate|p2a: Tinkaton|move: Protect\n|-supereffective|p2b: Rotom|1\n|-damage|p2b: Rotom|37/100\n|cant|p2b: Rotom|flinch\n|\n|-sideend|p1: asr23|move: Tailwind\n|upkeep\n|turn|5\n|inactive|asr23 has 30 seconds left.\n|\n|t:|1776502050\n|move|p1a: Sneasler|Dire Claw|p2b: Rotom\n|-damage|p2b: Rotom|0 fnt\n|faint|p2b: Rotom\n|move|p2a: Tinkaton|Gigaton Hammer|p1a: Sneasler\n|-damage|p1a: Sneasler|0 fnt\n|faint|p1a: Sneasler\n|move|p1b: Skarmory|Iron Head|p2a: Tinkaton\n|-crit|p2a: Tinkaton\n|-damage|p2a: Tinkaton|2/100\n|\n|upkeep\n|\n|t:|1776502062\n|switch|p1a: Whimsicott|Whimsicott, L50, F|69/100\n|switch|p2b: Froslass|Froslass, L50, F, shiny|100/100\n|turn|6\n|\n|t:|1776502079\n|detailschange|p2b: Froslass|Froslass-Mega, L50, F, shiny\n|-mega|p2b: Froslass|Froslass|Froslassite\n|-weather|Snowscape|[from] ability: Snow Warning|[of] p2b: Froslass\n|move|p2b: Froslass|Protect|p2b: Froslass\n|-singleturn|p2b: Froslass|Protect\n|move|p1a: Whimsicott|Tailwind|p1a: Whimsicott\n|-sidestart|p1: asr23|move: Tailwind\n|move|p1b: Skarmory|Rock Slide|p2b: Froslass|[spread] p2a\n|-activate|p2b: Froslass|move: Protect\n|-resisted|p2a: Tinkaton|1\n|-damage|p2a: Tinkaton|0 fnt\n|faint|p2a: Tinkaton\n|\n|-weather|Snowscape|[upkeep]\n|upkeep\n|turn|7\n|\n|t:|1776502103\n|move|p1a: Whimsicott|Taunt|p2b: Froslass\n|-start|p2b: Froslass|move: Taunt\n|move|p1b: Skarmory|Iron Head|p2b: Froslass\n|-supereffective|p2b: Froslass|1\n|-damage|p2b: Froslass|0 fnt\n|faint|p2b: Froslass\n|\n|win|asr23\n|raw|asr23's rating: 1066 &rarr; <strong>1101</strong><br />(+35 for winning)\n|raw|Divorced pigeon's rating: 1126 &rarr; <strong>1097</strong><br />(-29 for losing)\n|l|\u2606Divorced pigeon\n|player|p2|\n",
  "uploadtime": 1776502114,
  "views": 15,
  "formatid": "gen9championsvgc2026regma",
  "rating": 1097,
  "private": 0,
  "password": null
}