{
  "id": "gen9championsvgc2026regma-2587839692",
  "format": "[Gen 9 Champions] VGC 2026 Reg M-A",
  "players": [
    "smp on whimsicott",
    "lonoVGC"
  ],
  "log": "|j|\u2606smp on whimsicott\n|j|\u2606lonoVGC\n|t:|1776569360\n|gametype|doubles\n|player|p1|smp on whimsicott|artist-gen4|1401\n|player|p2|lonoVGC|unknownf|1468\n|gen|9\n|tier|[Gen 9 Champions] VGC 2026 Reg M-A\n|rated|\n|rule|Species Clause: Limit one of each Pok\u00e9mon\n|rule|Item Clause: Limit 1 of each item\n|clearpoke\n|poke|p1|Garchomp, L50, F|\n|poke|p1|Aerodactyl, L50, F|\n|poke|p1|Kingambit, L50, F|\n|poke|p1|Sneasler, L50, F|\n|poke|p1|Mimikyu, L50, M|\n|poke|p1|Charizard, L50, F|\n|poke|p2|Gardevoir, L50, F, shiny|\n|poke|p2|Incineroar, L50, M, shiny|\n|poke|p2|Maushold-Four, L50|\n|poke|p2|Sneasler, L50, M|\n|poke|p2|Kingambit, L50, M|\n|poke|p2|Garchomp, L50, M|\n|teampreview|4\n|inactive|Battle timer is ON: inactive players will automatically lose when time's up. (requested by lonoVGC)\n|\n|t:|1776569395\n|teamsize|p1|4\n|teamsize|p2|4\n|start\n|switch|p1a: Kingambit|Kingambit, L50, F|100/100\n|switch|p1b: Sneasler|Sneasler, L50, F|100/100\n|switch|p2a: Garchomp|Garchomp, L50, M|100/100\n|switch|p2b: Gardevoir|Gardevoir, L50, F, shiny|100/100\n|-ability|p2b: Gardevoir|Defiant|Trace|[from] ability: Trace|[of] p1a: Kingambit\n|turn|1\n|\n|t:|1776569415\n|switch|p2b: Sneasler|Sneasler, L50, M|100/100\n|move|p1b: Sneasler|Protect|p1b: Sneasler\n|-singleturn|p1b: Sneasler|Protect\n|move|p1a: Kingambit|Protect|p1a: Kingambit\n|-singleturn|p1a: Kingambit|Protect\n|move|p2a: Garchomp|Stomping Tantrum|p1b: Sneasler\n|-activate|p1b: Sneasler|move: Protect\n|\n|upkeep\n|turn|2\n|inactive|smp on whimsicott has 30 seconds left.\n|inactive|lonoVGC has 30 seconds left.\n|\n|t:|1776569443\n|switch|p1b: Charizard|Charizard, L50, F|100/100\n|switch|p1a: Garchomp|Garchomp, L50, F|100/100\n|move|p2a: Garchomp|Stomping Tantrum|p1b: Charizard\n|-immune|p1b: Charizard\n|move|p2b: Sneasler|Close Combat|p1a: Garchomp\n|-damage|p1a: Garchomp|41/100\n|-unboost|p2b: Sneasler|def|1\n|-unboost|p2b: Sneasler|spd|1\n|-damage|p2b: Sneasler|88/100|[from] ability: Rough Skin|[of] p1a: Garchomp\n|-enditem|p2b: Sneasler|White Herb\n|-clearnegativeboost|p2b: Sneasler|[silent]\n|\n|upkeep\n|turn|3\n|inactive|smp on whimsicott has 30 seconds left.\n|\n|t:|1776569478\n|switch|p2a: Incineroar|Incineroar, L50, M, shiny|100/100\n|-ability|p2a: Incineroar|Intimidate|boost\n|-unboost|p1a: Garchomp|atk|1\n|-unboost|p1b: Charizard|atk|1\n|detailschange|p1b: Charizard|Charizard-Mega-Y, L50, F\n|-mega|p1b: Charizard|Charizard|Charizardite Y\n|-weather|SunnyDay|[from] ability: Drought|[of] p1b: Charizard\n|move|p2b: Sneasler|Protect|p2b: Sneasler\n|-singleturn|p2b: Sneasler|Protect\n|move|p1a: Garchomp|Protect|p1a: Garchomp\n|-singleturn|p1a: Garchomp|Protect\n|move|p1b: Charizard|Heat Wave|p2a: Incineroar|[spread] p2a\n|-activate|p2b: Sneasler|move: Protect\n|-resisted|p2a: Incineroar|1\n|-damage|p2a: Incineroar|74/100\n|\n|-weather|SunnyDay|[upkeep]\n|upkeep\n|turn|4\n|inactive|lonoVGC has 30 seconds left.\n|\n|t:|1776569505\n|switch|p1a: Sneasler|Sneasler, L50, F|100/100\n|move|p2a: Incineroar|Fake Out|p1b: Charizard\n|-damage|p1b: Charizard|88/100\n|move|p2b: Sneasler|Close Combat|p1a: Sneasler\n|-resisted|p1a: Sneasler|1\n|-crit|p1a: Sneasler\n|-damage|p1a: Sneasler|47/100\n|-unboost|p2b: Sneasler|def|1\n|-unboost|p2b: Sneasler|spd|1\n|cant|p1b: Charizard|flinch\n|\n|-weather|SunnyDay|[upkeep]\n|upkeep\n|turn|5\n|\n|t:|1776569522\n|move|p2b: Sneasler|Protect|p2b: Sneasler\n|-singleturn|p2b: Sneasler|Protect\n|move|p1a: Sneasler|Close Combat|p2a: Incineroar\n|-supereffective|p2a: Incineroar|1\n|-damage|p2a: Incineroar|0 fnt\n|-unboost|p1a: Sneasler|def|1\n|-unboost|p1a: Sneasler|spd|1\n|faint|p2a: Incineroar\n|-enditem|p1a: Sneasler|White Herb\n|-clearnegativeboost|p1a: Sneasler|[silent]\n|move|p1b: Charizard|Weather Ball|p2b: Sneasler\n|-activate|p2b: Sneasler|move: Protect\n|\n|-weather|SunnyDay|[upkeep]\n|upkeep\n|\n|t:|1776569532\n|switch|p2a: Garchomp|Garchomp, L50, M|100/100\n|turn|6\n|inactive|smp on whimsicott has 30 seconds left.\n|inactive|smp on whimsicott has 20 seconds left.\n|\n|t:|1776569570\n|move|p1b: Charizard|Protect|p1b: Charizard\n|-singleturn|p1b: Charizard|Protect\n|move|p2b: Sneasler|Close Combat|p1a: Sneasler\n|-resisted|p1a: Sneasler|1\n|-damage|p1a: Sneasler|12/100\n|-unboost|p2b: Sneasler|def|1\n|-unboost|p2b: Sneasler|spd|1\n|move|p1a: Sneasler|Close Combat|p2b: Sneasler\n|-resisted|p2b: Sneasler|1\n|-damage|p2b: Sneasler|0 fnt\n|-unboost|p1a: Sneasler|def|1\n|-unboost|p1a: Sneasler|spd|1\n|faint|p2b: Sneasler\n|move|p2a: Garchomp|Rock Slide|p1a: Sneasler|[spread] p1a\n|-activate|p1b: Charizard|move: Protect\n|-resisted|p1a: Sneasler|1\n|-damage|p1a: Sneasler|0 fnt\n|faint|p1a: Sneasler\n|\n|-weather|SunnyDay|[upkeep]\n|upkeep\n|inactive|smp on whimsicott has 30 seconds left.\n|\n|t:|1776569604\n|switch|p2b: Gardevoir|Gardevoir, L50, F, shiny|100/100\n|switch|p1a: Garchomp|Garchomp, L50, F|41/100\n|-ability|p2b: Gardevoir|Rough Skin|Trace|[from] ability: Trace|[of] p1a: Garchomp\n|turn|7\n|\n|t:|1776569618\n|switch|p1b: Kingambit|Kingambit, L50, F|100/100\n|detailschange|p2b: Gardevoir|Gardevoir-Mega, L50, F, shiny\n|-mega|p2b: Gardevoir|Gardevoir|Gardevoirite\n|move|p2a: Garchomp|Rock Slide|p1b: Kingambit|[spread] p1a,p1b\n|-resisted|p1a: Garchomp|1\n|-crit|p1a: Garchomp\n|-resisted|p1b: Kingambit|1\n|-damage|p1a: Garchomp|28/100\n|-damage|p1b: Kingambit|94/100\n|move|p1a: Garchomp|Dragon Claw|p2a: Garchomp\n|-supereffective|p2a: Garchomp|1\n|-damage|p2a: Garchomp|15/100\n|-damage|p1a: Garchomp|16/100|[from] ability: Rough Skin|[of] p2a: Garchomp\n|move|p2b: Gardevoir|Hyper Voice|p1a: Garchomp|[spread] p1a,p1b\n|-supereffective|p1a: Garchomp|1\n|-damage|p1a: Garchomp|0 fnt\n|-damage|p1b: Kingambit|47/100\n|faint|p1a: Garchomp\n|\n|-weather|none\n|upkeep\n|\n|t:|1776569630\n|switch|p1a: Charizard|Charizard-Mega-Y, L50, F|88/100\n|-weather|SunnyDay|[from] ability: Drought|[of] p1a: Charizard\n|turn|8\n|\n|t:|1776569646\n|move|p1b: Kingambit|Sucker Punch|p2a: Garchomp\n|-damage|p2a: Garchomp|0 fnt\n|-damage|p1b: Kingambit|35/100|[from] ability: Rough Skin|[of] p2a: Garchomp\n|faint|p2a: Garchomp\n|move|p1a: Charizard|Weather Ball|p2b: Gardevoir\n|-damage|p2b: Gardevoir|31/100\n|move|p2b: Gardevoir|Hyper Voice|p1a: Charizard|[spread] p1a,p1b\n|-resisted|p1a: Charizard|1\n|-damage|p1a: Charizard|67/100\n|-damage|p1b: Kingambit|0 fnt\n|faint|p1b: Kingambit\n|\n|-weather|SunnyDay|[upkeep]\n|upkeep\n|turn|9\n|-message|lonoVGC forfeited.\n|\n|win|smp on whimsicott\n|raw|smp on whimsicott's rating: 1401 &rarr; <strong>1425</strong><br />(+24 for winning)\n|raw|lonoVGC's rating: 1468 &rarr; <strong>1444</strong><br />(-24 for losing)\n|l|\u2606lonoVGC\n|player|p2|\n",
  "uploadtime": 1776569659,
  "views": 14,
  "formatid": "gen9championsvgc2026regma",
  "rating": 1425,
  "private": 0,
  "password": null
}