{
  "id": "gen9championsvgc2026regma-2588676730",
  "format": "[Gen 9 Champions] VGC 2026 Reg M-A",
  "players": [
    "WJVGC",
    "froopy123"
  ],
  "log": "|j|\u2606WJVGC\n|j|\u2606froopy123\n|t:|1776656610\n|gametype|doubles\n|player|p1|WJVGC|battlegirl-gen4|1014\n|player|p2|froopy123|serena-masters3|1032\n|gen|9\n|tier|[Gen 9 Champions] VGC 2026 Reg M-A\n|rated|\n|rule|Species Clause: Limit one of each Pok\u00e9mon\n|rule|Item Clause: Limit 1 of each item\n|clearpoke\n|poke|p1|Tyranitar, L50, F|\n|poke|p1|Excadrill, L50, M|\n|poke|p1|Aerodactyl, L50, F|\n|poke|p1|Meowscarada, L50, M|\n|poke|p1|Milotic, L50, F|\n|poke|p1|Sinistcha-Masterpiece, L50|\n|poke|p2|Sableye, L50, M|\n|poke|p2|Flapple, L50, F|\n|poke|p2|Incineroar, L50, M|\n|poke|p2|Floette-Eternal, L50, F|\n|poke|p2|Sneasler, L50, M|\n|poke|p2|Lucario, L50, M|\n|teampreview|4\n|inactive|Battle timer is ON: inactive players will automatically lose when time's up. (requested by froopy123)\n|\n|t:|1776656664\n|teamsize|p1|4\n|teamsize|p2|4\n|start\n|switch|p1a: Sinistcha|Sinistcha-Masterpiece, L50|100/100\n|switch|p1b: Milotic|Milotic, L50, F|100/100\n|switch|p2a: Sableye|Sableye, L50, M|100/100\n|switch|p2b: Walmond|Flapple, L50, F|100/100\n|turn|1\n|inactive|froopy123 has 30 seconds left.\n|\n|t:|1776656692\n|move|p2a: Sableye|Fake Out|p1b: Milotic\n|-damage|p1b: Milotic|92/100\n|move|p1a: Sinistcha|Rage Powder|p1a: Sinistcha\n|-singleturn|p1a: Sinistcha|move: Rage Powder\n|move|p2b: Walmond|Dragon Dance|p2b: Walmond\n|-boost|p2b: Walmond|atk|1\n|-boost|p2b: Walmond|spe|1\n|cant|p1b: Milotic|flinch\n|\n|upkeep\n|turn|2\n|\n|t:|1776656716\n|move|p1a: Sinistcha|Rage Powder|p1a: Sinistcha\n|-singleturn|p1a: Sinistcha|move: Rage Powder\n|move|p2a: Sableye|Gravity|p2a: Sableye\n|-fieldstart|move: Gravity\n|move|p2b: Walmond|Dual Wingbeat|p1a: Sinistcha\n|-supereffective|p1a: Sinistcha|1\n|-damage|p1a: Sinistcha|50/100\n|-supereffective|p1a: Sinistcha|1\n|-damage|p1a: Sinistcha|0 fnt\n|faint|p1a: Sinistcha\n|-hitcount|p1: Sinistcha|2\n|move|p1b: Milotic|Icy Wind|p2a: Sableye|[spread] p2a,p2b\n|-supereffective|p2b: Walmond|2\n|-damage|p2a: Sableye|86/100\n|-damage|p2b: Walmond|8/100\n|-unboost|p2a: Sableye|spe|1\n|-unboost|p2b: Walmond|spe|1\n|\n|upkeep\n|\n|t:|1776656737\n|switch|p1a: Excadrill|Excadrill, L50, M|100/100\n|turn|3\n|inactive|WJVGC has 30 seconds left.\n|\n|t:|1776656763\n|move|p2a: Sableye|Quash|p1a: Excadrill\n|-activate|p1a: Excadrill|move: Quash\n|move|p2b: Walmond|Grav Apple|p1b: Milotic\n|-supereffective|p1b: Milotic|1\n|-damage|p1b: Milotic|0 fnt\n|faint|p1b: Milotic\n|move|p1a: Excadrill|Iron Head|p2a: Sableye\n|-damage|p2a: Sableye|24/100\n|-enditem|p2a: Sableye|Sitrus Berry|[eat]\n|-heal|p2a: Sableye|49/100|[from] item: Sitrus Berry\n|\n|upkeep\n|\n|t:|1776656772\n|switch|p1b: Tyranitar|Tyranitar, L50, F|100/100\n|-weather|Sandstorm|[from] ability: Sand Stream|[of] p1b: Tyranitar\n|turn|4\n|inactive|froopy123 has 30 seconds left.\n|\n|t:|1776656802\n|move|p1b: Tyranitar|Protect|p1b: Tyranitar\n|-singleturn|p1b: Tyranitar|Protect\n|move|p2a: Sableye|Quash|p1a: Excadrill\n|-activate|p1a: Excadrill|move: Quash\n|move|p2b: Walmond|Grav Apple|p1a: Excadrill\n|-crit|p1a: Excadrill\n|-damage|p1a: Excadrill|0 fnt\n|faint|p1a: Excadrill\n|\n|-weather|Sandstorm|[upkeep]\n|-damage|p2b: Walmond|2/100|[from] Sandstorm\n|-damage|p2a: Sableye|43/100|[from] Sandstorm\n|upkeep\n|turn|5\n|-message|WJVGC forfeited.\n|\n|win|froopy123\n|raw|WJVGC's rating: 1014 &rarr; <strong>1003</strong><br />(-11 for losing)\n|raw|froopy123's rating: 1032 &rarr; <strong>1065</strong><br />(+33 for winning)\n|l|\u2606WJVGC\n|player|p1|\n",
  "uploadtime": 1776656840,
  "views": 13,
  "formatid": "gen9championsvgc2026regma",
  "rating": 1003,
  "private": 0,
  "password": null
}