{
  "id": "gen9championsvgc2026regma-2587641388",
  "format": "[Gen 9 Champions] VGC 2026 Reg M-A",
  "players": [
    "Snexoe",
    "haunting casper"
  ],
  "log": "|j|\u2606Snexoe\n|j|\u2606haunting casper\n|t:|1776549586\n|gametype|doubles\n|player|p1|Snexoe|plasmagruntf|1151\n|player|p2|haunting casper|medium|1121\n|gen|9\n|tier|[Gen 9 Champions] VGC 2026 Reg M-A\n|rated|\n|rule|Species Clause: Limit one of each Pok\u00e9mon\n|rule|Item Clause: Limit 1 of each item\n|clearpoke\n|poke|p1|Camerupt, L50, F|\n|poke|p1|Whimsicott, L50, M|\n|poke|p1|Farigiraf, L50, M|\n|poke|p1|Kingambit, L50, M|\n|poke|p1|Garchomp, L50, F|\n|poke|p1|Primarina, L50, M|\n|poke|p2|Delphox, L50, F|\n|poke|p2|Sneasler, L50, F|\n|poke|p2|Aegislash, L50, F|\n|poke|p2|Garchomp, L50, F|\n|poke|p2|Whimsicott, L50, M|\n|poke|p2|Milotic, L50, F|\n|teampreview|4\nSnexoe rejected open team sheets.\n|inactive|Battle timer is ON: inactive players will automatically lose when time's up. (requested by Snexoe)\n|inactive|haunting casper has 60 seconds left.\n|\n|t:|1776549682\n|teamsize|p1|4\n|teamsize|p2|4\n|start\n|switch|p1a: Farigiraf|Farigiraf, L50, M|100/100\n|switch|p1b: Kingambit|Kingambit, L50, M|100/100\n|switch|p2a: Sneasler|Sneasler, L50, F|100/100\n|switch|p2b: Garchomp|Garchomp, L50, F|100/100\n|turn|1\n|inactive|haunting casper has 30 seconds left.\n|\n|t:|1776549711\n|move|p1b: Kingambit|Protect|p1b: Kingambit\n|-singleturn|p1b: Kingambit|Protect\n|move|p2b: Garchomp|Earthquake|p1a: Farigiraf|[spread] p2a,p1a\n|-activate|p1b: Kingambit|move: Protect\n|-supereffective|p2a: Sneasler|1\n|-damage|p2a: Sneasler|0 fnt\n|-damage|p1a: Farigiraf|56/100\n|faint|p2a: Sneasler\n|move|p1a: Farigiraf|Trick Room|p1a: Farigiraf\n|-fieldstart|move: Trick Room|[of] p1a: Farigiraf\n|\n|upkeep\n|\n|t:|1776549726\n|switch|p2a: Aegislash|Aegislash, L50, F|100/100\n|turn|2\n|\n|t:|1776549737\n|move|p2a: Aegislash|Wide Guard|p2a: Aegislash\n|-singleturn|p2a: Aegislash|Wide Guard\n|move|p1b: Kingambit|Kowtow Cleave|p2b: Garchomp\n|-damage|p2b: Garchomp|37/100\n|-damage|p1b: Kingambit|88/100|[from] ability: Rough Skin|[of] p2b: Garchomp\n|move|p1a: Farigiraf|Dazzling Gleam|p2b: Garchomp|[spread] \n|-activate|p2a: Aegislash|move: Wide Guard\n|-activate|p2b: Garchomp|move: Wide Guard\n|move|p2b: Garchomp|Earthquake|p1b: Kingambit|[spread] p1a,p1b\n|-activate|p2a: Aegislash|move: Wide Guard\n|-supereffective|p1b: Kingambit|1\n|-damage|p1a: Farigiraf|8/100\n|-damage|p1b: Kingambit|22/100\n|\n|upkeep\n|turn|3\n|inactive|haunting casper has 30 seconds left.\n|inactive|haunting casper has 20 seconds left.\n|\n|t:|1776549777\n|move|p1b: Kingambit|Kowtow Cleave|p2a: Aegislash\n|-supereffective|p2a: Aegislash|1\n|-damage|p2a: Aegislash|9/100\n|-enditem|p2a: Aegislash|Sitrus Berry|[eat]\n|-heal|p2a: Aegislash|34/100|[from] item: Sitrus Berry\n|move|p1a: Farigiraf|Psychic|p2b: Garchomp\n|-damage|p2b: Garchomp|0 fnt\n|faint|p2b: Garchomp\n|-formechange|p2a: Aegislash|Aegislash-Blade|\n|move|p2a: Aegislash|Shadow Ball|p1b: Kingambit\n|-resisted|p1b: Kingambit|1\n|-damage|p1b: Kingambit|0 fnt\n|faint|p1b: Kingambit\n|\n|upkeep\n|\n|t:|1776549789\n|switch|p1b: Camerupt|Camerupt, L50, F|100/100\n|switch|p2b: Delphox|Delphox, L50, F|100/100\n|turn|4\n|inactive|haunting casper has 30 seconds left.\n|\n|t:|1776549822\n|detailschange|p1b: Camerupt|Camerupt-Mega, L50, F\n|-mega|p1b: Camerupt|Camerupt|Cameruptite\n|detailschange|p2b: Delphox|Delphox-Mega, L50, F\n|-mega|p2b: Delphox|Delphox|Delphoxite\n|-formechange|p2a: Aegislash|Aegislash|\n|move|p2a: Aegislash|King's Shield|p2a: Aegislash\n|-singleturn|p2a: Aegislash|Protect\n|move|p2b: Delphox|Protect|p2b: Delphox\n|-singleturn|p2b: Delphox|Protect\n|move|p1b: Camerupt|Earth Power|p2a: Aegislash\n|-activate|p2a: Aegislash|move: Protect\n|move|p1a: Farigiraf|Psychic|p2b: Delphox\n|-activate|p2b: Delphox|move: Protect\n|\n|upkeep\n|turn|5\n|inactive|haunting casper has 30 seconds left.\n|\n|t:|1776549852\n|move|p2a: Aegislash|Wide Guard|p2a: Aegislash\n|-singleturn|p2a: Aegislash|Wide Guard\n|move|p1b: Camerupt|Earth Power|p2a: Aegislash\n|-supereffective|p2a: Aegislash|1\n|-damage|p2a: Aegislash|0 fnt\n|faint|p2a: Aegislash\n|move|p1a: Farigiraf|Psychic|p2b: Delphox\n|-resisted|p2b: Delphox|1\n|-damage|p2b: Delphox|80/100\n|-unboost|p2b: Delphox|spd|1\n|move|p2b: Delphox|Psychic|p1b: Camerupt\n|-crit|p1b: Camerupt\n|-damage|p1b: Camerupt|20/100\n|\n|-fieldend|move: Trick Room\n|upkeep\n|turn|6\n|inactive|haunting casper has 30 seconds left.\n|\n|t:|1776549886\n|move|p1b: Camerupt|Protect|p1b: Camerupt\n|-singleturn|p1b: Camerupt|Protect\n|move|p2b: Delphox|Psychic|p1a: Farigiraf\n|-resisted|p1a: Farigiraf|1\n|-damage|p1a: Farigiraf|0 fnt\n|faint|p1a: Farigiraf\n|\n|upkeep\n|\n|t:|1776549890\n|switch|p1a: Primarina|Primarina, L50, M|100/100\n|turn|7\n|\n|t:|1776549904\n|move|p2b: Delphox|Psychic|p1a: Primarina\n|-damage|p1a: Primarina|55/100\n|move|p1a: Primarina|Hyper Voice|p2b: Delphox\n|-supereffective|p2b: Delphox|1\n|-damage|p2b: Delphox|0 fnt\n|faint|p2b: Delphox\n|\n|win|Snexoe\n|raw|Snexoe's rating: 1151 &rarr; <strong>1174</strong><br />(+23 for winning)\n|raw|haunting casper's rating: 1121 &rarr; <strong>1098</strong><br />(-23 for losing)\n|c|\u2606Snexoe|gg\n|c|\u2606haunting casper|gg\n|l|\u2606Snexoe\n|player|p1|\n",
  "uploadtime": 1776549914,
  "views": 21,
  "formatid": "gen9championsvgc2026regma",
  "rating": 1098,
  "private": 0,
  "password": null
}