{
  "id": "gen9championsvgc2026regma-2580758763",
  "format": "[Gen 9 Champions] VGC 2026 Reg M-A",
  "players": [
    "Bup_Ladder",
    "roosterdooster"
  ],
  "log": "|j|\u2606Bup_Ladder\n|j|\u2606roosterdooster\n|t:|1775930130\n|gametype|doubles\n|player|p1|Bup_Ladder|265|1076\n|player|p2|roosterdooster|1|1095\n|gen|9\n|tier|[Gen 9 Champions] VGC 2026 Reg M-A\n|rated|\n|rule|Species Clause: Limit one of each Pok\u00e9mon\n|rule|Item Clause: Limit 1 of each item\n|clearpoke\n|poke|p1|Gardevoir, L50, F|\n|poke|p1|Garchomp, L50, F|\n|poke|p1|Sinistcha, L50|\n|poke|p1|Aerodactyl, L50, M|\n|poke|p1|Rotom-Wash, L50|\n|poke|p1|Incineroar, L50, M|\n|poke|p2|Tyranitar, L50, M|\n|poke|p2|Excadrill, L50, M|\n|poke|p2|Gardevoir, L50, M|\n|poke|p2|Gyarados, L50, M|\n|poke|p2|Rotom-Heat, L50|\n|poke|p2|Sinistcha, L50|\n|teampreview|4\n|\n|t:|1775930169\n|teamsize|p1|4\n|teamsize|p2|4\n|start\n|switch|p1a: Incineroar|Incineroar, L50, M|100/100\n|switch|p1b: Rotom|Rotom-Wash, L50|100/100\n|switch|p2a: Gardevoir|Gardevoir, L50, M|100/100\n|switch|p2b: Rotom|Rotom-Heat, L50|100/100\n|-ability|p1a: Incineroar|Intimidate|boost\n|-unboost|p2a: Gardevoir|atk|1\n|-unboost|p2b: Rotom|atk|1\n|turn|1\n|\n|t:|1775930191\n|move|p1a: Incineroar|Fake Out|p2b: Rotom\n|-damage|p2b: Rotom|88/100\n|move|p2a: Gardevoir|Aura Sphere|p1a: Incineroar\n|-supereffective|p1a: Incineroar|1\n|-damage|p1a: Incineroar|51/100\n|move|p1b: Rotom|Volt Switch|p2b: Rotom\n|-resisted|p2b: Rotom|1\n|-damage|p2b: Rotom|72/100\n|\n|t:|1775930199\n|switch|p1b: Aerodactyl|Aerodactyl, L50, M|100/100|[from] Volt Switch\n|cant|p2b: Rotom|flinch\n|\n|upkeep\n|turn|2\n|\n|t:|1775930216\n|detailschange|p1b: Aerodactyl|Aerodactyl-Mega, L50, M\n|-mega|p1b: Aerodactyl|Aerodactyl|Aerodactylite\n|move|p1b: Aerodactyl|Rock Slide|p2a: Gardevoir|[spread] p2a,p2b\n|-crit|p2a: Gardevoir\n|-supereffective|p2b: Rotom|1\n|-damage|p2a: Gardevoir|38/100\n|-damage|p2b: Rotom|14/100\n|move|p2a: Gardevoir|Dazzling Gleam|p1b: Aerodactyl|[spread] p1a,p1b\n|-damage|p1a: Incineroar|16/100\n|-damage|p1b: Aerodactyl|59/100\n|-enditem|p1a: Incineroar|Sitrus Berry|[eat]\n|-heal|p1a: Incineroar|41/100|[from] item: Sitrus Berry\n|move|p2b: Rotom|Discharge|p1b: Aerodactyl|[spread] p1a,p1b\n|-activate|p2a: Gardevoir|ability: Telepathy\n|-supereffective|p1b: Aerodactyl|1\n|-damage|p1a: Incineroar|9/100\n|-damage|p1b: Aerodactyl|0 fnt\n|faint|p1b: Aerodactyl\n|move|p1a: Incineroar|Parting Shot|p2b: Rotom\n|-unboost|p2b: Rotom|atk|1\n|-unboost|p2b: Rotom|spa|1\n|\n|t:|1775930226\n|switch|p1a: Rotom|Rotom-Wash, L50|100/100|[from] Parting Shot\n|\n|upkeep\n|\n|t:|1775930228\n|switch|p1b: Garchomp|Garchomp, L50, F|100/100\n|turn|3\n|\n|t:|1775930240\n|move|p1b: Garchomp|Earthquake|p2a: Gardevoir|[spread] p2a\n|-immune|p1a: Rotom|[from] ability: Levitate\n|-immune|p2b: Rotom|[from] ability: Levitate\n|-damage|p2a: Gardevoir|0 fnt\n|faint|p2a: Gardevoir\n|move|p1a: Rotom|Hydro Pump|p2b: Rotom\n|-supereffective|p2b: Rotom|1\n|-damage|p2b: Rotom|0 fnt\n|faint|p2b: Rotom\n|\n|upkeep\n|\n|t:|1775930248\n|switch|p2a: Gyarados|Gyarados, L50, M|100/100\n|switch|p2b: Tyranitar|Tyranitar, L50, M|100/100\n|-ability|p2a: Gyarados|Intimidate|boost\n|-unboost|p1a: Rotom|atk|1\n|-unboost|p1b: Garchomp|atk|1\n|-weather|Sandstorm|[from] ability: Sand Stream|[of] p2b: Tyranitar\n|turn|4\n|\n|t:|1775930256\n|switch|p1b: Incineroar|Incineroar, L50, M|9/100\n|-ability|p1b: Incineroar|Intimidate|boost\n|-unboost|p2a: Gyarados|atk|1\n|-unboost|p2b: Tyranitar|atk|1\n|move|p2b: Tyranitar|Protect|p2b: Tyranitar\n|-singleturn|p2b: Tyranitar|Protect\n|move|p2a: Gyarados|Icy Wind|p1b: Incineroar|[spread] p1a,p1b\n|-resisted|p1a: Rotom|1\n|-resisted|p1b: Incineroar|1\n|-damage|p1a: Rotom|97/100\n|-damage|p1b: Incineroar|7/100\n|-unboost|p1a: Rotom|spe|1\n|-unboost|p1b: Incineroar|spe|1\n|move|p1a: Rotom|Electroweb|p2a: Gyarados|[spread] p2a\n|-activate|p2b: Tyranitar|move: Protect\n|-supereffective|p2a: Gyarados|2\n|-damage|p2a: Gyarados|41/100\n|-unboost|p2a: Gyarados|spe|1\n|\n|-weather|Sandstorm|[upkeep]\n|-damage|p2a: Gyarados|35/100|[from] Sandstorm\n|-damage|p1a: Rotom|92/100|[from] Sandstorm\n|-damage|p1b: Incineroar|1/100|[from] Sandstorm\n|-heal|p1a: Rotom|97/100|[from] item: Leftovers\n|upkeep\n|turn|5\n|\n|t:|1775930274\n|detailschange|p2b: Tyranitar|Tyranitar-Mega, L50, M\n|-mega|p2b: Tyranitar|Tyranitar|Tyranitarite\n|move|p1b: Incineroar|Fake Out|p2a: Gyarados\n|-damage|p2a: Gyarados|24/100\n|move|p2b: Tyranitar|Rock Slide|p1b: Incineroar|[spread] p1a\n|-miss|p2b: Tyranitar|p1b: Incineroar\n|-damage|p1a: Rotom|76/100\n|cant|p2a: Gyarados|flinch\n|move|p1a: Rotom|Hydro Pump|p2b: Tyranitar\n|-supereffective|p2b: Tyranitar|1\n|-damage|p2b: Tyranitar|54/100\n|\n|-weather|Sandstorm|[upkeep]\n|-damage|p2a: Gyarados|18/100|[from] Sandstorm\n|-damage|p1a: Rotom|71/100|[from] Sandstorm\n|-damage|p1b: Incineroar|0 fnt|[from] Sandstorm\n|faint|p1b: Incineroar\n|-heal|p1a: Rotom|76/100|[from] item: Leftovers\n|upkeep\n|\n|t:|1775930287\n|switch|p1b: Garchomp|Garchomp, L50, F|100/100\n|turn|6\n|\n|t:|1775930294\n|move|p1b: Garchomp|Earthquake|p2a: Gyarados|[spread] p2b\n|-immune|p1a: Rotom|[from] ability: Levitate\n|-immune|p2a: Gyarados\n|-supereffective|p2b: Tyranitar|1\n|-damage|p2b: Tyranitar|7/100\n|move|p2b: Tyranitar|Rock Slide|p1b: Garchomp|[spread] p1a,p1b\n|-resisted|p1b: Garchomp|1\n|-damage|p1a: Rotom|53/100\n|-damage|p1b: Garchomp|88/100\n|move|p2a: Gyarados|Icy Wind|p1a: Rotom|[spread] p1a,p1b\n|-resisted|p1a: Rotom|1\n|-supereffective|p1b: Garchomp|2\n|-damage|p1a: Rotom|50/100\n|-damage|p1b: Garchomp|60/100\n|-unboost|p1a: Rotom|spe|1\n|-unboost|p1b: Garchomp|spe|1\n|move|p1a: Rotom|Electroweb|p2a: Gyarados|[spread] p2a,p2b\n|-supereffective|p2a: Gyarados|2\n|-damage|p2a: Gyarados|0 fnt\n|-damage|p2b: Tyranitar|0 fnt\n|faint|p2a: Gyarados\n|faint|p2b: Tyranitar\n|\n|win|Bup_Ladder\n|raw|Bup_Ladder's rating: 1076 &rarr; <strong>1106</strong><br />(+30 for winning)\n|raw|roosterdooster's rating: 1095 &rarr; <strong>1069</strong><br />(-26 for losing)\n|l|\u2606roosterdooster\n|player|p2|\n",
  "uploadtime": 1775930448,
  "views": 17,
  "formatid": "gen9championsvgc2026regma",
  "rating": 1069,
  "private": 0,
  "password": null
}