{
  "id": "gen9championsvgc2026regma-2589454290",
  "format": "[Gen 9 Champions] VGC 2026 Reg M-A",
  "players": [
    "ibzdibz",
    "fab.man.100"
  ],
  "log": "|j|\u2606ibzdibz\n|j|\u2606fab.man.100\n|t:|1776724382\n|gametype|doubles\n|player|p1|ibzdibz|iris-gen5bw2|1172\n|player|p2|fab.man.100|nate|1073\n|gen|9\n|tier|[Gen 9 Champions] VGC 2026 Reg M-A\n|rated|\n|rule|Species Clause: Limit one of each Pok\u00e9mon\n|rule|Item Clause: Limit 1 of each item\n|clearpoke\n|poke|p1|Avalugg, L50, M|\n|poke|p1|Slowking, L50, M, shiny|\n|poke|p1|Abomasnow, L50, M, shiny|\n|poke|p1|Oranguru, L50, M, shiny|\n|poke|p1|Camerupt, L50, F, shiny|\n|poke|p1|Conkeldurr, L50, F|\n|poke|p2|Meganium, L50, M|\n|poke|p2|Pelipper, L50, M|\n|poke|p2|Wyrdeer, L50, F|\n|poke|p2|Sneasler, L50, F|\n|poke|p2|Basculegion, L50, M|\n|poke|p2|Archaludon, L50, M|\n|teampreview|4\n|inactive|Battle timer is ON: inactive players will automatically lose when time's up. (requested by ibzdibz)\n|inactive|ibzdibz has 60 seconds left.\n|\n|t:|1776724422\n|teamsize|p1|4\n|teamsize|p2|4\n|start\n|switch|p1a: obamna|Abomasnow, L50, M, shiny|100/100\n|switch|p1b: mum|Oranguru, L50, M, shiny|100/100\n|switch|p2a: Sneasler|Sneasler, L50, F|100/100\n|switch|p2b: Wyrdeer|Wyrdeer, L50, F|100/100\n|-ability|p2b: Wyrdeer|Intimidate|boost\n|-unboost|p1a: obamna|atk|1\n|-fail|p1b: mum|unboost|Attack|[from] ability: Inner Focus|[of] p1b: mum\n|-weather|Snowscape|[from] ability: Snow Warning|[of] p1a: obamna\n|turn|1\n|\n|t:|1776724439\n|move|p1a: obamna|Protect|p1a: obamna\n|-singleturn|p1a: obamna|Protect\n|move|p2a: Sneasler|Fake Out|p1b: mum\n|-damage|p1b: mum|89/100\n|move|p2b: Wyrdeer|Psyshield Bash|p1a: obamna\n|-activate|p1a: obamna|move: Protect\n|move|p1b: mum|Trick Room|p1b: mum\n|-fieldstart|move: Trick Room|[of] p1b: mum\n|\n|-weather|Snowscape|[upkeep]\n|upkeep\n|turn|2\n|inactive|ibzdibz has 30 seconds left.\n|inactive|fab.man.100 has 30 seconds left.\n|\n|t:|1776724479\n|switch|p2a: Pelipper|Pelipper, L50, M|100/100\n|-weather|RainDance|[from] ability: Drizzle|[of] p2a: Pelipper\n|detailschange|p1a: obamna|Abomasnow-Mega, L50, M, shiny\n|-mega|p1a: obamna|Abomasnow|Abomasite\n|-weather|Snowscape|[from] ability: Snow Warning|[of] p1a: obamna\n|move|p1a: obamna|Aurora Veil|p1a: obamna\n|-sidestart|p1: ibzdibz|move: Aurora Veil\n|move|p1b: mum|Foul Play|p2b: Wyrdeer\n|-supereffective|p2b: Wyrdeer|1\n|-damage|p2b: Wyrdeer|34/100\n|-enditem|p2b: Wyrdeer|Sitrus Berry|[eat]\n|-heal|p2b: Wyrdeer|59/100|[from] item: Sitrus Berry\n|move|p2b: Wyrdeer|Psyshield Bash|p1a: obamna\n|-damage|p1a: obamna|87/100\n|-boost|p2b: Wyrdeer|def|1\n|\n|-weather|Snowscape|[upkeep]\n|upkeep\n|turn|3\n|inactive|ibzdibz has 30 seconds left.\n|inactive|fab.man.100 has 30 seconds left.\n|inactive|ibzdibz has 20 seconds left.\n|inactive|fab.man.100 has 20 seconds left.\n|inactive|fab.man.100 has 15 seconds left.\n|inactive|fab.man.100 has 10 seconds left.\n|\n|t:|1776724526\n|move|p1a: obamna|Giga Drain|p2b: Wyrdeer\n|-damage|p2b: Wyrdeer|13/100\n|-heal|p1a: obamna|100/100|[from] drain|[of] p2b: Wyrdeer\n|move|p1b: mum|Taunt|p2a: Pelipper\n|-start|p2a: Pelipper|move: Taunt\n|move|p2a: Pelipper|Hurricane|p1a: obamna\n|-supereffective|p1a: obamna|1\n|-damage|p1a: obamna|38/100\n|move|p2b: Wyrdeer|Skill Swap|p2a: Pelipper\n|-activate|p2b: Wyrdeer|Skill Swap|||[of] p2a: Pelipper\n|-ability|p2a: Pelipper|Intimidate|boost\n|-unboost|p1a: obamna|atk|1\n|-fail|p1b: mum|unboost|Attack|[from] ability: Inner Focus|[of] p1b: mum\n|-weather|RainDance|[from] ability: Drizzle|[of] p2b: Wyrdeer\n|\n|-weather|RainDance|[upkeep]\n|upkeep\n|turn|4\n|inactive|ibzdibz has 30 seconds left.\n|inactive|fab.man.100 has 30 seconds left.\n|inactive|ibzdibz has 20 seconds left.\n|\n|t:|1776724563\n|switch|p1a: the gugg.|Avalugg, L50, M|100/100\n|move|p1b: mum|Foul Play|p2b: Wyrdeer\n|-supereffective|p2b: Wyrdeer|1\n|-damage|p2b: Wyrdeer|0 fnt\n|faint|p2b: Wyrdeer\n|move|p2a: Pelipper|Weather Ball|p1b: mum\n|-damage|p1b: mum|50/100\n|\n|-weather|RainDance|[upkeep]\n|upkeep\n|\n|t:|1776724576\n|switch|p2b: Sneasler|Sneasler, L50, F|100/100\n|turn|5\n|\n|t:|1776724595\n|move|p1a: the gugg.|Protect|p1a: the gugg.\n|-singleturn|p1a: the gugg.|Protect\n|move|p2b: Sneasler|Fake Out|p1b: mum\n|-damage|p1b: mum|43/100\n|move|p1b: mum|Foul Play|p2b: Sneasler\n|-resisted|p2b: Sneasler|1\n|-damage|p2b: Sneasler|72/100\n|move|p2a: Pelipper|Hurricane|p1a: the gugg.\n|-activate|p1a: the gugg.|move: Protect\n|\n|-weather|RainDance|[upkeep]\n|-end|p2a: Pelipper|move: Taunt\n|-fieldend|move: Trick Room\n|upkeep\n|turn|6\n|inactive|ibzdibz has 30 seconds left.\n|inactive|fab.man.100 has 30 seconds left.\n|inactive|ibzdibz has 20 seconds left.\n|\n|t:|1776724632\n|move|p1a: the gugg.|Protect|p1a: the gugg.\n|-singleturn|p1a: the gugg.|Protect\n|move|p2b: Sneasler|Close Combat|p1a: the gugg.\n|-activate|p1a: the gugg.|move: Protect\n|move|p2a: Pelipper|Weather Ball|p1b: mum\n|-damage|p1b: mum|10/100\n|move|p1b: mum|Trick Room|p1b: mum\n|-fieldstart|move: Trick Room|[of] p1b: mum\n|\n|-weather|RainDance|[upkeep]\n|-sideend|p1: ibzdibz|move: Aurora Veil\n|upkeep\n|turn|7\n|\n|t:|1776724653\n|switch|p2b: Meganium|Meganium, L50, M|100/100\n|move|p1a: the gugg.|Icicle Crash|p2a: Pelipper\n|-damage|p2a: Pelipper|58/100\n|move|p1b: mum|Instruct|p1a: the gugg.\n|-singleturn|p1a: the gugg.|move: Instruct|[of] p1b: mum\n|move|p1a: the gugg.|Icicle Crash|p2a: Pelipper\n|-damage|p2a: Pelipper|15/100\n|move|p2a: Pelipper|Hurricane|p1a: the gugg.\n|-damage|p1a: the gugg.|15/100\n|\n|-weather|none\n|-heal|p1a: the gugg.|21/100|[from] item: Leftovers\n|upkeep\n|turn|8\n|\n|t:|1776724671\n|detailschange|p2b: Meganium|Meganium-Mega, L50, M\n|-mega|p2b: Meganium|Meganium|Meganiumite\n|move|p2a: Pelipper|Protect|p2a: Pelipper\n|-singleturn|p2a: Pelipper|Protect\n|move|p1a: the gugg.|Icicle Crash|p2b: Meganium\n|-supereffective|p2b: Meganium|1\n|-damage|p2b: Meganium|36/100\n|move|p1b: mum|Foul Play|p2a: Pelipper\n|-activate|p2a: Pelipper|move: Protect\n|move|p2b: Meganium|Dazzling Gleam|p1b: mum|[spread] p1a,p1b\n|-damage|p1a: the gugg.|0 fnt\n|-damage|p1b: mum|0 fnt\n|faint|p1a: the gugg.\n|faint|p1b: mum\n|\n|upkeep\n|\n|t:|1776724685\n|switch|p1a: human man|Conkeldurr, L50, F|100/100\n|switch|p1b: obamna|Abomasnow-Mega, L50, M, shiny|38/100\n|-weather|Snowscape|[from] ability: Snow Warning|[of] p1b: obamna\n|turn|9\n|inactive|ibzdibz has 30 seconds left.\n|\n|t:|1776724715\n|switch|p2a: Sneasler|Sneasler, L50, F|72/100\n|move|p1b: obamna|Ice Shard|p2b: Meganium\n|-supereffective|p2b: Meganium|1\n|-damage|p2b: Meganium|7/100\n|move|p1a: human man|Bulk Up|p1a: human man\n|-boost|p1a: human man|atk|1\n|-boost|p1a: human man|def|1\n|move|p2b: Meganium|Synthesis|p2b: Meganium\n|-activate|p2b: Meganium|ability: Mega Sol\n|-heal|p2b: Meganium|73/100\n|\n|-weather|Snowscape|[upkeep]\n|upkeep\n|turn|10\n|inactive|ibzdibz has 30 seconds left.\n|inactive|fab.man.100 has 30 seconds left.\n|\n|t:|1776724748\n|switch|p2b: Pelipper|Pelipper, L50, M|15/100\n|-weather|RainDance|[from] ability: Drizzle|[of] p2b: Pelipper\n|move|p2a: Sneasler|Fake Out|p1a: human man\n|-damage|p1a: human man|91/100\n|move|p1b: obamna|Aurora Veil||[still]\n|-fail|p1b: obamna\n|cant|p1a: human man|flinch\n|\n|-weather|RainDance|[upkeep]\n|-fieldend|move: Trick Room\n|upkeep\n|turn|11\n|\n|t:|1776724765\n|move|p1b: obamna|Ice Shard|p2a: Sneasler\n|-damage|p2a: Sneasler|41/100\n|move|p2a: Sneasler|Dire Claw|p1b: obamna\n|-supereffective|p1b: obamna|1\n|-damage|p1b: obamna|0 fnt\n|faint|p1b: obamna\n|move|p2b: Pelipper|Hurricane|p1a: human man\n|-supereffective|p1a: human man|1\n|-damage|p1a: human man|0 fnt\n|faint|p1a: human man\n|\n|win|fab.man.100\n|raw|ibzdibz's rating: 1172 &rarr; <strong>1140</strong><br />(-32 for losing)\n|raw|fab.man.100's rating: 1073 &rarr; <strong>1110</strong><br />(+37 for winning)\n|l|\u2606ibzdibz\n|player|p1|\n",
  "uploadtime": 1776724777,
  "views": 5,
  "formatid": "gen9championsvgc2026regma",
  "rating": 1110,
  "private": 0,
  "password": null
}