{
  "id": "gen9championsvgc2026regma-2588287260",
  "format": "[Gen 9 Champions] VGC 2026 Reg M-A",
  "players": [
    "DAVID867",
    "capacete5"
  ],
  "log": "|j|\u2606DAVID867\n|j|\u2606capacete5\n|t:|1776621146\n|gametype|doubles\n|player|p1|DAVID867|266|\n|player|p2|capacete5|byron|\n|gen|9\n|tier|[Gen 9 Champions] VGC 2026 Reg M-A\n|rule|Species Clause: Limit one of each Pok\u00e9mon\n|rule|Item Clause: Limit 1 of each item\n|clearpoke\n|poke|p1|Floette-Eternal, L50, F|\n|poke|p1|Incineroar, L50, F|\n|poke|p1|Sneasler, L50, M|\n|poke|p1|Sinistcha-Masterpiece, L50|\n|poke|p1|Aerodactyl, L50, F|\n|poke|p1|Dragapult, L50, M|\n|poke|p2|Froslass, L50, F|\n|poke|p2|Incineroar, L50, F|\n|poke|p2|Gallade, L50, M|\n|poke|p2|Sylveon, L50, F|\n|poke|p2|Rotom-Wash, L50|\n|poke|p2|Corviknight, L50, M|\n|teampreview|4\n|inactive|Battle timer is ON: inactive players will automatically lose when time's up. (requested by capacete5)\nDAVID867 has agreed to open team sheets.\ncapacete5 has agreed to open team sheets.\n|showteam|p1|Floette-Eternal||Floettite|FlowerVeil|CalmMind,DrainingKiss,Moonblast,Protect|||F|||50|]Incineroar||ChopleBerry|Intimidate|FakeOut,PartingShot,ThroatChop,FlareBlitz|||F|||50|]Sneasler||FocusSash|Unburden|CloseCombat,FakeOut,Protect,DireClaw|||M|||50|]Sinistcha-Masterpiece||SitrusBerry|Hospitality|StrengthSap,MatchaGotcha,ShadowBall,RagePowder||||||50|]Aerodactyl||Aerodactylite|Unnerve|RockBlast,DualWingbeat,IceFang,Protect|||F|||50|]Dragapult||KasibBerry|ClearBody|ShadowBall,BreakingSwipe,WillOWisp,Uturn|||M|||50|\n|showteam|p2|Froslass||Froslassite|SnowCloak|Protect,IcyWind,Blizzard,ShadowBall|||F|||50|]Incineroar||Charcoal|Intimidate|PartingShot,ThroatChop,FlareBlitz,FakeOut|||F|||50|]Gallade||Galladite|Sharpness|PsychoCut,SacredSword,LeafBlade,Protect|||M|||50|]Sylveon||SitrusBerry|Pixilate|HyperVoice,MysticalFire,Protect,Yawn|||F|||50|]Rotom-Wash||Leftovers|Levitate|Thunderbolt,VoltSwitch,Protect,HydroPump||||||50|]Corviknight||MentalHerb|MirrorArmor|Tailwind,BraveBird,IronHead,Protect|||M|||50|\n|inactive|capacete5 has 60 seconds left.\n|\n|t:|1776621182\n|teamsize|p1|4\n|teamsize|p2|4\n|start\n|switch|p1a: Sneasler|Sneasler, L50, M|100/100\n|switch|p1b: Aerodactyl|Aerodactyl, L50, F|100/100\n|switch|p2a: Froslass|Froslass, L50, F|100/100\n|switch|p2b: Incineroar|Incineroar, L50, F|100/100\n|-ability|p1b: Aerodactyl|Unnerve\n|-ability|p2b: Incineroar|Intimidate|boost\n|-unboost|p1a: Sneasler|atk|1\n|-unboost|p1b: Aerodactyl|atk|1\n|turn|1\n|inactive|DAVID867 has 30 seconds left.\n|\n|t:|1776621212\n|detailschange|p1b: Aerodactyl|Aerodactyl-Mega, L50, F\n|-mega|p1b: Aerodactyl|Aerodactyl|Aerodactylite\n|detailschange|p2a: Froslass|Froslass-Mega, L50, F\n|-mega|p2a: Froslass|Froslass|Froslassite\n|-weather|Snowscape|[from] ability: Snow Warning|[of] p2a: Froslass\n|move|p1a: Sneasler|Fake Out|p2b: Incineroar\n|-damage|p2b: Incineroar|91/100\n|move|p1b: Aerodactyl|Rock Blast|p2a: Froslass\n|-supereffective|p2a: Froslass|1\n|-damage|p2a: Froslass|80/100\n|-supereffective|p2a: Froslass|1\n|-damage|p2a: Froslass|60/100\n|-supereffective|p2a: Froslass|1\n|-damage|p2a: Froslass|39/100\n|-supereffective|p2a: Froslass|1\n|-damage|p2a: Froslass|18/100\n|-hitcount|p2a: Froslass|4\n|move|p2a: Froslass|Blizzard|p1b: Aerodactyl|[spread] p1a,p1b\n|-supereffective|p1b: Aerodactyl|1\n|-damage|p1a: Sneasler|37/100\n|-damage|p1b: Aerodactyl|0 fnt\n|faint|p1b: Aerodactyl\n|cant|p2b: Incineroar|flinch\n|\n|-weather|Snowscape|[upkeep]\n|upkeep\n|\n|t:|1776621233\n|switch|p1b: Incineroar|Incineroar, L50, F|100/100\n|-ability|p1b: Incineroar|Intimidate|boost\n|-unboost|p2a: Froslass|atk|1\n|-unboost|p2b: Incineroar|atk|1\n|turn|2\n|\n|t:|1776621256\n|switch|p2b: Corviknight|Corviknight, L50, M|100/100\n|move|p2a: Froslass|Protect|p2a: Froslass\n|-singleturn|p2a: Froslass|Protect\n|move|p1a: Sneasler|Close Combat|p2b: Corviknight\n|-damage|p2b: Corviknight|64/100\n|-unboost|p1a: Sneasler|def|1\n|-unboost|p1a: Sneasler|spd|1\n|move|p1b: Incineroar|Throat Chop|p2a: Froslass\n|-activate|p2a: Froslass|move: Protect\n|\n|-weather|Snowscape|[upkeep]\n|upkeep\n|turn|3\n|\n|t:|1776621281\n|switch|p2a: Incineroar|Incineroar, L50, F|91/100\n|-ability|p2a: Incineroar|Intimidate|boost\n|-unboost|p1a: Sneasler|atk|1\n|-unboost|p1b: Incineroar|atk|1\n|move|p1a: Sneasler|Close Combat|p2b: Corviknight\n|-damage|p2b: Corviknight|38/100\n|-unboost|p1a: Sneasler|def|1\n|-unboost|p1a: Sneasler|spd|1\n|move|p2b: Corviknight|Tailwind|p2b: Corviknight\n|-sidestart|p2: capacete5|move: Tailwind\n|move|p1b: Incineroar|Throat Chop|p2a: Incineroar\n|-resisted|p2a: Incineroar|1\n|-damage|p2a: Incineroar|81/100\n|-start|p2a: Incineroar|Throat Chop|[silent]\n|\n|-weather|Snowscape|[upkeep]\n|upkeep\n|turn|4\n|\n|t:|1776621302\n|switch|p1a: Sinistcha|Sinistcha-Masterpiece, L50|100/100\n|move|p2a: Incineroar|Fake Out|p1a: Sinistcha\n|-immune|p1a: Sinistcha\n|move|p2b: Corviknight|Brave Bird|p1b: Incineroar\n|-damage|p1b: Incineroar|62/100\n|-damage|p2b: Corviknight|25/100|[from] Recoil\n|move|p1b: Incineroar|Flare Blitz|p2b: Corviknight\n|-supereffective|p2b: Corviknight|1\n|-damage|p2b: Corviknight|0 fnt\n|faint|p2b: Corviknight\n|-damage|p1b: Incineroar|53/100|[from] Recoil\n|\n|-weather|Snowscape|[upkeep]\n|-end|p2a: Incineroar|Throat Chop|[silent]\n|upkeep\n|\n|t:|1776621318\n|switch|p2b: Froslass|Froslass-Mega, L50, F|18/100\n|turn|5\n|\n|t:|1776621342\n|move|p2b: Froslass|Protect|p2b: Froslass\n|-singleturn|p2b: Froslass|Protect\n|move|p2a: Incineroar|Flare Blitz|p1a: Sinistcha\n|-supereffective|p1a: Sinistcha|1\n|-damage|p1a: Sinistcha|0 fnt\n|faint|p1a: Sinistcha\n|-damage|p2a: Incineroar|52/100|[from] Recoil\n|move|p1b: Incineroar|Throat Chop|p2a: Incineroar\n|-resisted|p2a: Incineroar|1\n|-damage|p2a: Incineroar|43/100\n|-start|p2a: Incineroar|Throat Chop|[silent]\n|\n|-weather|none\n|upkeep\n|\n|t:|1776621353\n|switch|p1a: Sneasler|Sneasler, L50, M|37/100\n|turn|6\n|\n|t:|1776621365\n|move|p1a: Sneasler|Fake Out|p2a: Incineroar\n|-crit|p2a: Incineroar\n|-damage|p2a: Incineroar|19/100\n|move|p2b: Froslass|Blizzard|p1b: Incineroar|[spread] p1a\n|-miss|p2b: Froslass|p1b: Incineroar\n|-damage|p1a: Sneasler|0 fnt\n|faint|p1a: Sneasler\n|cant|p2a: Incineroar|flinch\n|move|p1b: Incineroar|Throat Chop|p2b: Froslass\n|-supereffective|p2b: Froslass|1\n|-damage|p2b: Froslass|0 fnt\n|faint|p2b: Froslass\n|\n|-end|p2a: Incineroar|Throat Chop|[silent]\n|-sideend|p2: capacete5|move: Tailwind\n|upkeep\n|\n|t:|1776621378\n|switch|p2b: Sylveon|Sylveon, L50, F|100/100\n|turn|7\n|\n|t:|1776621385\n|move|p1b: Incineroar|Flare Blitz|p2b: Sylveon\n|-damage|p2b: Sylveon|62/100\n|-damage|p1b: Incineroar|41/100|[from] Recoil\n|move|p2b: Sylveon|Hyper Voice|p1b: Incineroar\n|-crit|p1b: Incineroar\n|-damage|p1b: Incineroar|0 fnt\n|faint|p1b: Incineroar\n|\n|win|capacete5\n",
  "uploadtime": 1776621386,
  "views": 6,
  "formatid": "gen9championsvgc2026regma",
  "rating": null,
  "private": 0,
  "password": null
}