{
  "id": "gen9championsvgc2026regma-2587580240",
  "format": "[Gen 9 Champions] VGC 2026 Reg M-A",
  "players": [
    "A Random 1",
    "AustinMcballs"
  ],
  "log": "|j|\u2606A Random 1\n|j|\u2606AustinMcballs\n|t:|1776544056\n|gametype|doubles\n|player|p1|A Random 1|colress|1191\n|player|p2|AustinMcballs|ortega|1178\n|gen|9\n|tier|[Gen 9 Champions] VGC 2026 Reg M-A\n|rated|\n|rule|Species Clause: Limit one of each Pok\u00e9mon\n|rule|Item Clause: Limit 1 of each item\n|clearpoke\n|poke|p1|Armarouge, L50, F|\n|poke|p1|Farigiraf, L50, M|\n|poke|p1|Crabominable, L50, F|\n|poke|p1|Alakazam, L50, M|\n|poke|p1|Milotic, L50, F|\n|poke|p1|Tinkaton, L50, F|\n|poke|p2|Incineroar, L50, M|\n|poke|p2|Basculegion, L50, M|\n|poke|p2|Froslass, L50, F|\n|poke|p2|Sneasler, L50, F|\n|poke|p2|Corviknight, L50, M|\n|poke|p2|Rotom-Wash, L50|\n|teampreview|4\n|inactive|Battle timer is ON: inactive players will automatically lose when time's up. (requested by AustinMcballs)\n|inactive|A Random 1 also wants the timer to be on.\n|inactive|A Random 1 has 60 seconds left.\n|inactive|AustinMcballs has 60 seconds left.\n|\n|t:|1776544093\n|teamsize|p1|4\n|teamsize|p2|4\n|start\n|switch|p1a: Farigiraf|Farigiraf, L50, M|100/100\n|switch|p1b: Armarouge|Armarouge, L50, F|100/100\n|switch|p2a: Basculegion|Basculegion, L50, M|100/100\n|switch|p2b: Froslass|Froslass, L50, F|100/100\n|turn|1\n|inactive|AustinMcballs has 30 seconds left.\n|inactive|AustinMcballs has 20 seconds left.\n|inactive|AustinMcballs has 15 seconds left.\n|inactive|AustinMcballs has 10 seconds left.\n|\n|t:|1776544139\n|detailschange|p2b: Froslass|Froslass-Mega, L50, F\n|-mega|p2b: Froslass|Froslass|Froslassite\n|-weather|Snowscape|[from] ability: Snow Warning|[of] p2b: Froslass\n|move|p2a: Basculegion|Flip Turn|p1a: Farigiraf\n|-damage|p1a: Farigiraf|72/100\n|\n|t:|1776544148\n|switch|p2a: Incineroar|Incineroar, L50, M|100/100|[from] Flip Turn\n|-ability|p2a: Incineroar|Intimidate|boost\n|-unboost|p1a: Farigiraf|atk|1\n|-unboost|p1b: Armarouge|atk|1\n|move|p2b: Froslass|Aurora Veil|p2b: Froslass\n|-sidestart|p2: AustinMcballs|move: Aurora Veil\n|move|p1b: Armarouge|Psychic Terrain|p1b: Armarouge\n|-fieldstart|move: Psychic Terrain\n|move|p1a: Farigiraf|Trick Room|p1a: Farigiraf\n|-fieldstart|move: Trick Room|[of] p1a: Farigiraf\n|\n|-weather|Snowscape|[upkeep]\n|upkeep\n|turn|2\n|\n|t:|1776544167\n|move|p1a: Farigiraf|Helping Hand|p1b: Armarouge\n|-singleturn|p1b: Armarouge|Helping Hand|[of] p1a: Farigiraf\n|move|p2b: Froslass|Protect|p2b: Froslass\n|-singleturn|p2b: Froslass|Protect\n|move|p1b: Armarouge|Aura Sphere|p2a: Incineroar\n|-supereffective|p2a: Incineroar|1\n|-damage|p2a: Incineroar|50/100\n|-enditem|p2a: Incineroar|Sitrus Berry|[eat]\n|-heal|p2a: Incineroar|75/100|[from] item: Sitrus Berry\n|move|p2a: Incineroar|Darkest Lariat|p1b: Armarouge\n|-supereffective|p1b: Armarouge|1\n|-enditem|p1b: Armarouge|Colbur Berry|[eat]\n|-enditem|p1b: Armarouge|Colbur Berry|[weaken]\n|-damage|p1b: Armarouge|67/100\n|\n|-weather|Snowscape|[upkeep]\n|upkeep\n|turn|3\n|inactive|A Random 1 has 30 seconds left.\n|inactive|AustinMcballs has 30 seconds left.\n|\n|t:|1776544195\n|move|p1a: Farigiraf|Expanding Force|p2a: Incineroar|[spread] p2b\n|-immune|p2a: Incineroar\n|-damage|p2b: Froslass|65/100\n|move|p1b: Armarouge|Expanding Force|p2b: Froslass|[spread] p2b\n|-immune|p2a: Incineroar\n|-damage|p2b: Froslass|12/100\n|move|p2a: Incineroar|Darkest Lariat|p1b: Armarouge\n|-supereffective|p1b: Armarouge|1\n|-damage|p1b: Armarouge|0 fnt\n|faint|p1b: Armarouge\n|move|p2b: Froslass|Shadow Ball|p1a: Farigiraf\n|-immune|p1a: Farigiraf\n|\n|-weather|Snowscape|[upkeep]\n|upkeep\n|\n|t:|1776544200\n|switch|p1b: Crabominable|Crabominable, L50, F|100/100\n|turn|4\n|\n|t:|1776544218\n|switch|p2a: Basculegion|Basculegion, L50, M|100/100\n|detailschange|p1b: Crabominable|Crabominable-Mega, L50, F\n|-mega|p1b: Crabominable|Crabominable|Crabominite\n|move|p1b: Crabominable|Thunder Punch|p2a: Basculegion\n|-supereffective|p2a: Basculegion|1\n|-damage|p2a: Basculegion|35/100\n|move|p1a: Farigiraf|Expanding Force|p2a: Basculegion|[spread] p2a,p2b\n|-damage|p2a: Basculegion|0 fnt\n|-damage|p2b: Froslass|0 fnt\n|faint|p2a: Basculegion\n|faint|p2b: Froslass\n|\n|-weather|Snowscape|[upkeep]\n|upkeep\n|\n|t:|1776544227\n|switch|p2a: Incineroar|Incineroar, L50, M|75/100\n|switch|p2b: Rotom|Rotom-Wash, L50|100/100\n|-ability|p2a: Incineroar|Intimidate|boost\n|-unboost|p1a: Farigiraf|atk|1\n|-unboost|p1b: Crabominable|atk|1\n|turn|5\n|\n|t:|1776544241\n|move|p1b: Crabominable|Close Combat|p2a: Incineroar\n|-supereffective|p2a: Incineroar|1\n|-damage|p2a: Incineroar|17/100\n|-unboost|p1b: Crabominable|def|1\n|-unboost|p1b: Crabominable|spd|1\n|move|p1a: Farigiraf|Hyper Voice|p2a: Incineroar|[spread] p2a,p2b\n|-damage|p2a: Incineroar|2/100\n|-damage|p2b: Rotom|86/100\n|move|p2a: Incineroar|Darkest Lariat|p1a: Farigiraf\n|-supereffective|p1a: Farigiraf|1\n|-damage|p1a: Farigiraf|25/100\n|-enditem|p1a: Farigiraf|Sitrus Berry|[eat]\n|-heal|p1a: Farigiraf|49/100|[from] item: Sitrus Berry\n|move|p2b: Rotom|Will-O-Wisp|p1b: Crabominable\n|-status|p1b: Crabominable|brn\n|\n|-weather|none\n|-damage|p1b: Crabominable|95/100 brn|[from] brn\n|-sideend|p2: AustinMcballs|move: Aurora Veil\n|-fieldend|move: Trick Room\n|-fieldend|move: Psychic Terrain\n|upkeep\n|turn|6\n|inactive|A Random 1 has 30 seconds left.\n|inactive|AustinMcballs has 30 seconds left.\n|\n|t:|1776544273\n|move|p2b: Rotom|Volt Switch|p1a: Farigiraf\n|-crit|p1a: Farigiraf\n|-damage|p1a: Farigiraf|7/100\n|move|p2a: Incineroar|Darkest Lariat|p1a: Farigiraf\n|-supereffective|p1a: Farigiraf|1\n|-damage|p1a: Farigiraf|0 fnt\n|faint|p1a: Farigiraf\n|move|p1b: Crabominable|Close Combat|p2b: Rotom\n|-damage|p2b: Rotom|59/100\n|-unboost|p1b: Crabominable|def|1\n|-unboost|p1b: Crabominable|spd|1\n|\n|-damage|p1b: Crabominable|89/100 brn|[from] brn\n|upkeep\n|\n|t:|1776544276\n|switch|p1a: Milotic|Milotic, L50, F|100/100\n|turn|7\n|\n|t:|1776544286\n|move|p2b: Rotom|Volt Switch|p1a: Milotic\n|-supereffective|p1a: Milotic|1\n|-damage|p1a: Milotic|70/100\n|move|p1a: Milotic|Muddy Water|p2a: Incineroar|[spread] p2a,p2b\n|-supereffective|p2a: Incineroar|1\n|-resisted|p2b: Rotom|1\n|-damage|p2a: Incineroar|0 fnt\n|-damage|p2b: Rotom|48/100\n|faint|p2a: Incineroar\n|move|p1b: Crabominable|Close Combat|p2b: Rotom\n|-damage|p2b: Rotom|25/100\n|-unboost|p1b: Crabominable|def|1\n|-unboost|p1b: Crabominable|spd|1\n|\n|-heal|p1a: Milotic|76/100|[from] item: Leftovers\n|-damage|p1b: Crabominable|83/100 brn|[from] brn\n|upkeep\n|turn|8\n|\n|t:|1776544296\n|move|p2b: Rotom|Volt Switch|p1a: Milotic\n|-supereffective|p1a: Milotic|1\n|-damage|p1a: Milotic|48/100\n|move|p1a: Milotic|Scald|p2b: Rotom\n|-resisted|p2b: Rotom|1\n|-damage|p2b: Rotom|13/100\n|move|p1b: Crabominable|Close Combat|p2b: Rotom\n|-damage|p2b: Rotom|0 fnt\n|-unboost|p1b: Crabominable|def|1\n|-unboost|p1b: Crabominable|spd|1\n|faint|p2b: Rotom\n|\n|win|A Random 1\n|raw|A Random 1's rating: 1191 &rarr; <strong>1215</strong><br />(+24 for winning)\n|raw|AustinMcballs's rating: 1178 &rarr; <strong>1154</strong><br />(-24 for losing)\n",
  "uploadtime": 1776544298,
  "views": 15,
  "formatid": "gen9championsvgc2026regma",
  "rating": 1154,
  "private": 0,
  "password": null
}