{
  "id": "gen9championsvgc2026regma-2581606932",
  "format": "[Gen 9 Champions] VGC 2026 Reg M-A",
  "players": [
    "ohaimiles",
    "badwoman1"
  ],
  "log": "|j|\u2606ohaimiles\n|j|\u2606badwoman1\n|t:|1776014661\n|gametype|doubles\n|player|p1|ohaimiles|102|1255\n|player|p2|badwoman1|102|1209\n|gen|9\n|tier|[Gen 9 Champions] VGC 2026 Reg M-A\n|rated|\n|rule|Species Clause: Limit one of each Pok\u00e9mon\n|rule|Item Clause: Limit 1 of each item\n|clearpoke\n|poke|p1|Froslass, L50, F|\n|poke|p1|Maushold-Four, L50|\n|poke|p1|Rotom-Frost, L50|\n|poke|p1|Garchomp, L50, F|\n|poke|p1|Sneasler, L50, F|\n|poke|p1|Incineroar, L50, F|\n|poke|p2|Charizard, L50, M|\n|poke|p2|Rotom-Wash, L50|\n|poke|p2|Incineroar, L50, F|\n|poke|p2|Sneasler, L50, F|\n|poke|p2|Garchomp, L50, M|\n|poke|p2|Whimsicott, L50, M|\n|teampreview|4\nohaimiles has agreed to open team sheets.\n|inactive|Battle timer is ON: inactive players will automatically lose when time's up. (requested by badwoman1)\n|\n|t:|1776014720\n|teamsize|p1|4\n|teamsize|p2|4\n|start\n|switch|p1a: Sneasler|Sneasler, L50, F|100/100\n|switch|p1b: Rotom|Rotom-Frost, L50|100/100\n|switch|p2a: Rotom|Rotom-Wash, L50|100/100\n|switch|p2b: Garchomp|Garchomp, L50, M|100/100\n|turn|1\n|inactive|badwoman1 has 30 seconds left.\n|inactive|ohaimiles has 30 seconds left.\n|\n|t:|1776014759\n|switch|p1a: Incineroar|Incineroar, L50, F|100/100\n|-ability|p1a: Incineroar|Intimidate|boost\n|-unboost|p2a: Rotom|atk|1\n|-unboost|p2b: Garchomp|atk|1\n|move|p2b: Garchomp|Rock Slide|p1a: Incineroar|[spread] p1b\n|-miss|p2b: Garchomp|p1a: Incineroar\n|-supereffective|p1b: Rotom|1\n|-damage|p1b: Rotom|63/100\n|move|p1b: Rotom|Thunderbolt|p2a: Rotom\n|-damage|p2a: Rotom|50/100\n|move|p2a: Rotom|Hydro Pump|p1b: Rotom\n|-damage|p1b: Rotom|8/100\n|\n|-heal|p2a: Rotom|56/100|[from] item: Leftovers\n|upkeep\n|turn|2\n|inactive|ohaimiles has 30 seconds left.\n|\n|t:|1776014788\n|switch|p1b: Sneasler|Sneasler, L50, F|100/100\n|move|p1a: Incineroar|Fake Out|p2b: Garchomp\n|-damage|p2b: Garchomp|86/100\n|-damage|p1a: Incineroar|88/100|[from] ability: Rough Skin|[of] p2b: Garchomp\n|cant|p2b: Garchomp|flinch\n|move|p2a: Rotom|Volt Switch|p1b: Sneasler\n|-damage|p1b: Sneasler|66/100\n|\n|t:|1776014802\n|switch|p2a: Charizard|Charizard, L50, M|100/100|[from] Volt Switch\n|\n|upkeep\n|turn|3\n|inactive|ohaimiles has 30 seconds left.\n|inactive|ohaimiles has 20 seconds left.\n|inactive|ohaimiles has 15 seconds left.\n|\n|t:|1776014845\n|detailschange|p2a: Charizard|Charizard-Mega-Y, L50, M\n|-mega|p2a: Charizard|Charizard|Charizardite Y\n|-weather|SunnyDay|[from] ability: Drought|[of] p2a: Charizard\n|move|p2a: Charizard|Protect|p2a: Charizard\n|-singleturn|p2a: Charizard|Protect\n|move|p1b: Sneasler|Fake Out|p2a: Charizard\n|-activate|p2a: Charizard|move: Protect\n|move|p2b: Garchomp|Rock Slide|p1b: Sneasler|[spread] p1a,p1b\n|-supereffective|p1a: Incineroar|1\n|-resisted|p1b: Sneasler|1\n|-damage|p1a: Incineroar|59/100\n|-damage|p1b: Sneasler|54/100\n|move|p1a: Incineroar|Parting Shot|p2a: Charizard\n|-activate|p2a: Charizard|move: Protect\n|\n|-weather|SunnyDay|[upkeep]\n|upkeep\n|turn|4\n|\n|t:|1776014864\n|move|p2b: Garchomp|Rock Slide|p1b: Sneasler|[spread] p1a,p1b\n|-supereffective|p1a: Incineroar|1\n|-resisted|p1b: Sneasler|1\n|-damage|p1a: Incineroar|29/100\n|-damage|p1b: Sneasler|41/100\n|-enditem|p1a: Incineroar|Sitrus Berry|[eat]\n|-heal|p1a: Incineroar|53/100|[from] item: Sitrus Berry\n|cant|p1b: Sneasler|flinch\n|move|p2a: Charizard|Heat Wave|p1b: Sneasler|[spread] p1a,p1b\n|-resisted|p1a: Incineroar|1\n|-damage|p1a: Incineroar|25/100\n|-damage|p1b: Sneasler|0 fnt\n|faint|p1b: Sneasler\n|move|p1a: Incineroar|Darkest Lariat|p2a: Charizard\n|-damage|p2a: Charizard|44/100\n|\n|-weather|SunnyDay|[upkeep]\n|upkeep\n|\n|t:|1776014873\n|switch|p1b: Froslass|Froslass, L50, F|100/100\n|turn|5\n|\n|t:|1776014887\n|switch|p2a: Rotom|Rotom-Wash, L50|56/100\n|move|p1b: Froslass|Protect|p1b: Froslass\n|-singleturn|p1b: Froslass|Protect\n|move|p2b: Garchomp|Rock Slide|p1a: Incineroar|[spread] p1a\n|-activate|p1b: Froslass|move: Protect\n|-supereffective|p1a: Incineroar|1\n|-damage|p1a: Incineroar|0 fnt\n|faint|p1a: Incineroar\n|\n|-weather|SunnyDay|[upkeep]\n|-heal|p2a: Rotom|62/100|[from] item: Leftovers\n|upkeep\n|\n|t:|1776014894\n|switch|p1a: Rotom|Rotom-Frost, L50|8/100\n|turn|6\n|\n|t:|1776014905\n|detailschange|p1b: Froslass|Froslass-Mega, L50, F\n|-mega|p1b: Froslass|Froslass|Froslassite\n|-weather|Snowscape|[from] ability: Snow Warning|[of] p1b: Froslass\n|move|p2b: Garchomp|Rock Slide|p1b: Froslass|[spread] p1a,p1b\n|-supereffective|p1a: Rotom|1\n|-supereffective|p1b: Froslass|1\n|-damage|p1a: Rotom|0 fnt\n|-damage|p1b: Froslass|68/100\n|faint|p1a: Rotom\n|cant|p1b: Froslass|flinch\n|move|p2a: Rotom|Hydro Pump|p1b: Froslass\n|-damage|p1b: Froslass|21/100\n|\n|-weather|Snowscape|[upkeep]\n|-heal|p2a: Rotom|67/100|[from] item: Leftovers\n|upkeep\n|turn|7\n|-message|ohaimiles forfeited.\n|\n|win|badwoman1\n|raw|ohaimiles's rating: 1255 &rarr; <strong>1227</strong><br />(-28 for losing)\n|raw|badwoman1's rating: 1209 &rarr; <strong>1237</strong><br />(+28 for winning)\n",
  "uploadtime": 1776014911,
  "views": 32,
  "formatid": "gen9championsvgc2026regma",
  "rating": 1227,
  "private": 0,
  "password": null
}