{
  "id": "gen9championsvgc2026regma-2585722470",
  "format": "[Gen 9 Champions] VGC 2026 Reg M-A",
  "players": [
    "RamiCane",
    "Cole&mira"
  ],
  "log": "|j|\u2606RamiCane\n|j|\u2606Cole&mira\n|t:|1776366098\n|gametype|doubles\n|player|p1|RamiCane|veteran|1104\n|player|p2|Cole&mira|170|1033\n|gen|9\n|tier|[Gen 9 Champions] VGC 2026 Reg M-A\n|rated|\n|rule|Species Clause: Limit one of each Pok\u00e9mon\n|rule|Item Clause: Limit 1 of each item\n|clearpoke\n|poke|p1|Umbreon, L50, F|\n|poke|p1|Skarmory, L50, F|\n|poke|p1|Ninetales, L50, M|\n|poke|p1|Venusaur, L50, M|\n|poke|p1|Vaporeon, L50, F|\n|poke|p1|Garchomp, L50, M|\n|poke|p2|Venusaur, L50, M|\n|poke|p2|Incineroar, L50, M|\n|poke|p2|Garchomp, L50, F|\n|poke|p2|Farigiraf, L50, M|\n|poke|p2|Primarina, L50, M|\n|poke|p2|Aegislash, L50, F|\n|teampreview|4\n|\n|t:|1776366144\n|teamsize|p1|4\n|teamsize|p2|4\n|start\n|switch|p1a: Ninetales|Ninetales, L50, M|100/100\n|switch|p1b: Venusaur|Venusaur, L50, M|100/100\n|switch|p2a: Aegislash|Aegislash, L50, F|100/100\n|switch|p2b: Incineroar|Incineroar, L50, M|100/100\n|-weather|SunnyDay|[from] ability: Drought|[of] p1a: Ninetales\n|-ability|p2b: Incineroar|Intimidate|boost\n|-unboost|p1a: Ninetales|atk|1\n|-unboost|p1b: Venusaur|atk|1\n|turn|1\n|\n|t:|1776366166\n|move|p1a: Ninetales|Protect|p1a: Ninetales\n|-singleturn|p1a: Ninetales|Protect\n|move|p2a: Aegislash|King's Shield|p2a: Aegislash\n|-singleturn|p2a: Aegislash|Protect\n|move|p1b: Venusaur|Sludge Bomb|p2b: Incineroar\n|-damage|p2b: Incineroar|63/100\n|-status|p2b: Incineroar|psn\n|move|p2b: Incineroar|Flare Blitz|p1b: Venusaur\n|-supereffective|p1b: Venusaur|1\n|-damage|p1b: Venusaur|0 fnt\n|faint|p1b: Venusaur\n|-damage|p2b: Incineroar|37/100 psn|[from] Recoil\n|-enditem|p2b: Incineroar|Sitrus Berry|[eat]\n|-heal|p2b: Incineroar|62/100 psn|[from] item: Sitrus Berry\n|\n|-weather|SunnyDay|[upkeep]\n|-damage|p2b: Incineroar|50/100 psn|[from] psn\n|upkeep\n|\n|t:|1776366185\n|switch|p1b: Vaporeon|Vaporeon, L50, F, shiny|100/100\n|turn|2\n|\n|t:|1776366207\n|switch|p2a: Venusaur|Venusaur, L50, M, shiny|100/100\n|move|p1a: Ninetales|Fire Blast|p2a: Venusaur\n|-supereffective|p2a: Venusaur|1\n|-damage|p2a: Venusaur|13/100\n|move|p2b: Incineroar|Parting Shot|p1a: Ninetales\n|-unboost|p1a: Ninetales|atk|1\n|-unboost|p1a: Ninetales|spa|1\n|\n|t:|1776366218\n|switch|p2b: Farigiraf|Farigiraf, L50, M|100/100|[from] Parting Shot\n|move|p1b: Vaporeon|Ice Beam|p2b: Farigiraf\n|-damage|p2b: Farigiraf|78/100\n|\n|-weather|SunnyDay|[upkeep]\n|-heal|p2b: Farigiraf|85/100|[from] item: Leftovers\n|upkeep\n|turn|3\n|\n|t:|1776366242\n|switch|p1b: Umbreon|Umbreon, L50, F|100/100\n|detailschange|p2a: Venusaur|Venusaur-Mega, L50, M, shiny\n|-mega|p2a: Venusaur|Venusaur|Venusaurite\n|move|p1a: Ninetales|Protect|p1a: Ninetales\n|-singleturn|p1a: Ninetales|Protect\n|move|p2a: Venusaur|Protect|p2a: Venusaur\n|-singleturn|p2a: Venusaur|Protect\n|move|p2b: Farigiraf|Trick Room|p2b: Farigiraf\n|-fieldstart|move: Trick Room|[of] p2b: Farigiraf\n|\n|-weather|SunnyDay|[upkeep]\n|-heal|p2b: Farigiraf|91/100|[from] item: Leftovers\n|upkeep\n|turn|4\n|\n|t:|1776366267\n|switch|p1a: Vaporeon|Vaporeon, L50, F, shiny|100/100\n|move|p2b: Farigiraf|Psychic|p1a: Vaporeon\n|-damage|p1a: Vaporeon|75/100\n|move|p1b: Umbreon|Snarl|p2b: Farigiraf|[spread] p2a,p2b\n|-supereffective|p2b: Farigiraf|1\n|-damage|p2a: Venusaur|6/100\n|-damage|p2b: Farigiraf|77/100\n|-unboost|p2a: Venusaur|spa|1\n|-unboost|p2b: Farigiraf|spa|1\n|move|p2a: Venusaur|Sludge Bomb|p1a: Vaporeon\n|-damage|p1a: Vaporeon|55/100\n|\n|-weather|SunnyDay|[upkeep]\n|-heal|p2b: Farigiraf|83/100|[from] item: Leftovers\n|upkeep\n|turn|5\n|\n|t:|1776366292\n|move|p2b: Farigiraf|Thunderbolt|p1a: Vaporeon\n|-supereffective|p1a: Vaporeon|1\n|-damage|p1a: Vaporeon|33/100\n|-status|p1a: Vaporeon|par\n|move|p1a: Vaporeon|Wish|p1a: Vaporeon\n|move|p1b: Umbreon|Foul Play|p2b: Farigiraf\n|-supereffective|p2b: Farigiraf|1\n|-damage|p2b: Farigiraf|24/100\n|move|p2a: Venusaur|Giga Drain|p1a: Vaporeon\n|-supereffective|p1a: Vaporeon|1\n|-damage|p1a: Vaporeon|0 fnt\n|-heal|p2a: Venusaur|26/100|[from] drain|[of] p1a: Vaporeon\n|faint|p1a: Vaporeon\n|\n|-weather|none\n|-heal|p2b: Farigiraf|30/100|[from] item: Leftovers\n|upkeep\n|\n|t:|1776366307\n|switch|p1a: Ninetales|Ninetales, L50, M|100/100\n|-weather|SunnyDay|[from] ability: Drought|[of] p1a: Ninetales\n|turn|6\n|\n|t:|1776366322\n|switch|p2a: Incineroar|Incineroar, L50, M|50/100 psn\n|-ability|p2a: Incineroar|Intimidate|boost\n|-unboost|p1a: Ninetales|atk|1\n|-fail|p1b: Umbreon|unboost|Attack|[from] ability: Inner Focus|[of] p1b: Umbreon\n|move|p2b: Farigiraf|Protect|p2b: Farigiraf\n|-singleturn|p2b: Farigiraf|Protect\n|move|p1a: Ninetales|Protect|p1a: Ninetales\n|-singleturn|p1a: Ninetales|Protect\n|move|p1b: Umbreon|Foul Play|p2b: Farigiraf\n|-activate|p2b: Farigiraf|move: Protect\n|\n|-weather|SunnyDay|[upkeep]\n|-heal|p2b: Farigiraf|36/100|[from] item: Leftovers\n|-damage|p2a: Incineroar|37/100 psn|[from] psn\n|upkeep\n|turn|7\n|\n|t:|1776366350\n|move|p2b: Farigiraf|Thunderbolt|p1b: Umbreon\n|-damage|p1b: Umbreon|91/100\n|move|p1b: Umbreon|Foul Play|p2b: Farigiraf\n|-supereffective|p2b: Farigiraf|1\n|-damage|p2b: Farigiraf|0 fnt\n|faint|p2b: Farigiraf\n|move|p2a: Incineroar|Flare Blitz|p1b: Umbreon\n|-damage|p1b: Umbreon|33/100\n|-damage|p2a: Incineroar|21/100 psn|[from] Recoil\n|move|p1a: Ninetales|Fire Blast|p2a: Incineroar\n|-resisted|p2a: Incineroar|1\n|-damage|p2a: Incineroar|0 fnt\n|faint|p2a: Incineroar\n|\n|-weather|SunnyDay|[upkeep]\n|-heal|p1b: Umbreon|39/100|[from] item: Leftovers\n|-fieldend|move: Trick Room\n|upkeep\n|\n|t:|1776366356\n|switch|p2a: Aegislash|Aegislash, L50, F|100/100\n|switch|p2b: Venusaur|Venusaur-Mega, L50, M, shiny|26/100\n|turn|8\n|\n|t:|1776366381\n|move|p1a: Ninetales|Fire Blast|p2a: Aegislash\n|-supereffective|p2a: Aegislash|1\n|-damage|p2a: Aegislash|0 fnt\n|faint|p2a: Aegislash\n|move|p2b: Venusaur|Sludge Bomb|p1a: Ninetales\n|-damage|p1a: Ninetales|54/100\n|move|p1b: Umbreon|Moonlight|p1b: Umbreon\n|-heal|p1b: Umbreon|100/100\n|\n|-weather|SunnyDay|[upkeep]\n|upkeep\n|turn|9\n|-message|Cole&mira forfeited.\n|\n|win|RamiCane\n|raw|RamiCane's rating: 1104 &rarr; <strong>1124</strong><br />(+20 for winning)\n|raw|Cole&amp;mira's rating: 1033 &rarr; <strong>1021</strong><br />(-12 for losing)\n|l|\u2606Cole&mira\n|player|p2|\n|c|\u2606RamiCane|gg\n",
  "uploadtime": 1776366413,
  "views": 16,
  "formatid": "gen9championsvgc2026regma",
  "rating": 1021,
  "private": 0,
  "password": null
}