{
  "id": "gen9championsvgc2026regma-2586868272",
  "format": "[Gen 9 Champions] VGC 2026 Reg M-A",
  "players": [
    "loklastaji",
    "kumaczow"
  ],
  "log": "|j|\u2606loklastaji\n|j|\u2606kumaczow\n|t:|1776466854\n|gametype|doubles\n|player|p1|loklastaji|2|1091\n|player|p2|kumaczow|kieran|1164\n|gen|9\n|tier|[Gen 9 Champions] VGC 2026 Reg M-A\n|rated|\n|rule|Species Clause: Limit one of each Pok\u00e9mon\n|rule|Item Clause: Limit 1 of each item\n|clearpoke\n|poke|p1|Samurott-Hisui, L50, F|\n|poke|p1|Delphox, L50, M|\n|poke|p1|Tinkaton, L50, F|\n|poke|p1|Decidueye-Hisui, L50, M|\n|poke|p1|Altaria, L50, F|\n|poke|p1|Farigiraf, L50, M|\n|poke|p2|Arcanine-Hisui, L50, M|\n|poke|p2|Meganium, L50, F|\n|poke|p2|Aegislash, L50, M|\n|poke|p2|Pelipper, L50, F|\n|poke|p2|Basculegion, L50, M|\n|poke|p2|Jolteon, L50, M|\n|teampreview|4\n|\n|t:|1776466891\n|teamsize|p1|4\n|teamsize|p2|4\n|start\n|switch|p1a: Tinkaton|Tinkaton, L50, F|100/100\n|switch|p1b: Samurott|Samurott-Hisui, L50, F|100/100\n|switch|p2a: Jolteon|Jolteon, L50, M|100/100\n|switch|p2b: Basculegion|Basculegion, L50, M|100/100\n|turn|1\n|\n|t:|1776466904\n|move|p2a: Jolteon|Detect|p2a: Jolteon\n|-singleturn|p2a: Jolteon|Protect\n|move|p1a: Tinkaton|Fake Out|p2a: Jolteon\n|-activate|p2a: Jolteon|move: Protect\n|move|p1b: Samurott|Sucker Punch|p2b: Basculegion\n|-supereffective|p2b: Basculegion|1\n|-crit|p2b: Basculegion\n|-damage|p2b: Basculegion|0 fnt\n|faint|p2b: Basculegion\n|\n|upkeep\n|\n|t:|1776466911\n|switch|p2b: Pelipper|Pelipper, L50, F|100/100\n|-weather|RainDance|[from] ability: Drizzle|[of] p2b: Pelipper\n|turn|2\n|inactive|Battle timer is ON: inactive players will automatically lose when time's up. (requested by kumaczow)\n|\n|t:|1776466925\n|switch|p1b: Altaria|Altaria, L50, F|100/100\n|-ability|p1b: Altaria|Cloud Nine\n|move|p2a: Jolteon|Thunder|p1a: Tinkaton\n|-damage|p1a: Tinkaton|29/100\n|-status|p1a: Tinkaton|par\n|move|p2b: Pelipper|Weather Ball|p1a: Tinkaton\n|-resisted|p1a: Tinkaton|1\n|-damage|p1a: Tinkaton|22/100 par\n|cant|p1a: Tinkaton|par\n|\n|-weather|RainDance|[upkeep]\n|upkeep\n|turn|3\n|inactive|loklastaji has 30 seconds left.\n|\n|t:|1776466954\n|move|p2a: Jolteon|Electroweb|p1b: Altaria|[spread] p1b\n|-miss|p2a: Jolteon|p1a: Tinkaton\n|-damage|p1b: Altaria|77/100\n|-unboost|p1b: Altaria|spe|1\n|move|p2b: Pelipper|Hurricane|p1b: Altaria\n|-damage|p1b: Altaria|16/100\n|-start|p1b: Altaria|confusion\n|-activate|p1b: Altaria|confusion\n|move|p1b: Altaria|Tailwind|p1b: Altaria\n|-sidestart|p1: loklastaji|move: Tailwind\n|move|p1a: Tinkaton|Gigaton Hammer|p2a: Jolteon\n|-resisted|p2a: Jolteon|1\n|-damage|p2a: Jolteon|48/100\n|\n|-weather|RainDance|[upkeep]\n|upkeep\n|turn|4\n|inactive|loklastaji has 30 seconds left.\n|\n|t:|1776466989\n|move|p2a: Jolteon|Electroweb|p1a: Tinkaton|[spread] p1a,p1b\n|-damage|p1a: Tinkaton|0 fnt\n|-damage|p1b: Altaria|0 fnt\n|faint|p1a: Tinkaton\n|faint|p1b: Altaria\n|move|p2b: Pelipper|Weather Ball|p1: Tinkaton|[notarget]\n|-fail|p2b: Pelipper\n|\n|-weather|RainDance|[upkeep]\n|upkeep\n|\n|t:|1776467005\n|switch|p1a: Decidueye|Decidueye-Hisui, L50, M|100/100\n|switch|p1b: Samurott|Samurott-Hisui, L50, F|100/100\n|turn|5\n|\n|t:|1776467029\n|move|p2a: Jolteon|Detect|p2a: Jolteon\n|-singleturn|p2a: Jolteon|Protect\n|move|p1a: Decidueye|Close Combat|p2a: Jolteon\n|-activate|p2a: Jolteon|move: Protect\n|move|p1b: Samurott|Ceaseless Edge|p2b: Pelipper\n|-damage|p2b: Pelipper|42/100\n|-sidestart|p2: kumaczow|Spikes\n|-enditem|p2b: Pelipper|Sitrus Berry|[eat]\n|-heal|p2b: Pelipper|67/100|[from] item: Sitrus Berry\n|move|p2b: Pelipper|Tailwind|p2b: Pelipper\n|-sidestart|p2: kumaczow|move: Tailwind\n|\n|-weather|RainDance|[upkeep]\n|upkeep\n|turn|6\n|\n|t:|1776467053\n|move|p2a: Jolteon|Thunder|p1b: Samurott\n|-supereffective|p1b: Samurott|1\n|-damage|p1b: Samurott|0 fnt\n|faint|p1b: Samurott\n|move|p1a: Decidueye|Close Combat|p2a: Jolteon\n|-damage|p2a: Jolteon|0 fnt\n|-unboost|p1a: Decidueye|def|1\n|-unboost|p1a: Decidueye|spd|1\n|faint|p2a: Jolteon\n|move|p2b: Pelipper|Hurricane|p1a: Decidueye\n|-supereffective|p1a: Decidueye|2\n|-damage|p1a: Decidueye|0 fnt\n|faint|p1a: Decidueye\n|\n|win|kumaczow\n|raw|loklastaji's rating: 1091 &rarr; <strong>1072</strong><br />(-19 for losing)\n|raw|kumaczow's rating: 1164 &rarr; <strong>1184</strong><br />(+20 for winning)\n|l|\u2606kumaczow\n|player|p2|\n",
  "uploadtime": 1776467068,
  "views": 20,
  "formatid": "gen9championsvgc2026regma",
  "rating": 1072,
  "private": 0,
  "password": null
}