{
  "id": "gen9championsvgc2026regma-2585857096",
  "format": "[Gen 9 Champions] VGC 2026 Reg M-A",
  "players": [
    "yordleyodel",
    "georgrdro02"
  ],
  "log": "|j|\u2606yordleyodel\n|j|\u2606georgrdro02\n|t:|1776375969\n|gametype|doubles\n|player|p1|yordleyodel|2|1164\n|player|p2|georgrdro02|102|1079\n|gen|9\n|tier|[Gen 9 Champions] VGC 2026 Reg M-A\n|rated|\n|rule|Species Clause: Limit one of each Pok\u00e9mon\n|rule|Item Clause: Limit 1 of each item\n|clearpoke\n|poke|p1|Sylveon, L50, F|\n|poke|p1|Tyrantrum, L50, M|\n|poke|p1|Diggersby, L50, F|\n|poke|p1|Gengar, L50, F|\n|poke|p1|Snorlax, L50, M|\n|poke|p1|Sinistcha-Masterpiece, L50|\n|poke|p2|Froslass, L50, F|\n|poke|p2|Incineroar, L50, M|\n|poke|p2|Orthworm, L50, F|\n|poke|p2|Garchomp, L50, F|\n|poke|p2|Basculegion, L50, M|\n|poke|p2|Rotom-Frost, L50|\n|teampreview|4\n|inactive|Battle timer is ON: inactive players will automatically lose when time's up. (requested by georgrdro02)\n|inactive|yordleyodel also wants the timer to be on.\n|\n|t:|1776375997\n|teamsize|p1|4\n|teamsize|p2|4\n|start\n|switch|p1a: Sinistcha|Sinistcha-Masterpiece, L50|100/100\n|switch|p1b: Snorlax|Snorlax, L50, M|100/100\n|switch|p2a: Incineroar|Incineroar, L50, M|100/100\n|switch|p2b: Garchomp|Garchomp, L50, F|100/100\n|-ability|p2a: Incineroar|Intimidate|boost\n|-unboost|p1a: Sinistcha|atk|1\n|-unboost|p1b: Snorlax|atk|1\n|turn|1\n|\n|t:|1776376016\n|move|p2a: Incineroar|Fake Out|p1b: Snorlax\n|-damage|p1b: Snorlax|90/100\n|move|p1a: Sinistcha|Strength Sap|p2b: Garchomp\n|-unboost|p2b: Garchomp|atk|1\n|cant|p1b: Snorlax|flinch\n|move|p2b: Garchomp|Dragon Tail|p1a: Sinistcha|[miss]\n|-miss|p2b: Garchomp|p1a: Sinistcha\n|\n|upkeep\n|turn|2\n|\n|t:|1776376030\n|move|p1a: Sinistcha|Rage Powder|p1a: Sinistcha\n|-singleturn|p1a: Sinistcha|move: Rage Powder\n|move|p2b: Garchomp|Stealth Rock|p1b: Snorlax\n|-sidestart|p1: yordleyodel|move: Stealth Rock\n|move|p2a: Incineroar|Darkest Lariat|p1a: Sinistcha\n|-supereffective|p1a: Sinistcha|1\n|-damage|p1a: Sinistcha|42/100\n|move|p1b: Snorlax|Belly Drum|p1b: Snorlax\n|-damage|p1b: Snorlax|40/100\n|-setboost|p1b: Snorlax|atk|6|[from] move: Belly Drum\n|\n|upkeep\n|turn|3\n|\n|t:|1776376048\n|move|p1a: Sinistcha|Rage Powder|p1a: Sinistcha\n|-singleturn|p1a: Sinistcha|move: Rage Powder\n|move|p2a: Incineroar|Darkest Lariat|p1a: Sinistcha\n|-supereffective|p1a: Sinistcha|1\n|-damage|p1a: Sinistcha|0 fnt\n|faint|p1a: Sinistcha\n|move|p1b: Snorlax|Self-Destruct|p2a: Incineroar|[spread] p2a,p2b\n|-damage|p2a: Incineroar|0 fnt\n|-enditem|p2b: Garchomp|Focus Sash\n|-damage|p2b: Garchomp|1/100\n|faint|p1b: Snorlax\n|faint|p2a: Incineroar\n|move|p2b: Garchomp|Dragon Tail|p1: Sinistcha|[notarget]\n|-fail|p2b: Garchomp\n|\n|upkeep\n|\n|t:|1776376059\n|switch|p1a: Sylveon|Sylveon, L50, F|100/100\n|switch|p2a: Froslass|Froslass, L50, F|100/100\n|switch|p1b: Gengar|Gengar, L50, F|100/100\n|-damage|p1b: Gengar|89/100|[from] Stealth Rock\n|-damage|p1a: Sylveon|88/100|[from] Stealth Rock\n|turn|4\n|\n|t:|1776376068\n|detailschange|p2a: Froslass|Froslass-Mega, L50, F\n|-mega|p2a: Froslass|Froslass|Froslassite\n|-weather|Snowscape|[from] ability: Snow Warning|[of] p2a: Froslass\n|detailschange|p1b: Gengar|Gengar-Mega, L50, F\n|-mega|p1b: Gengar|Gengar|Gengarite\n|move|p2a: Froslass|Protect|p2a: Froslass\n|-singleturn|p2a: Froslass|Protect\n|move|p1b: Gengar|Shadow Ball|p2a: Froslass\n|-activate|p2a: Froslass|move: Protect\n|move|p2b: Garchomp|Earthquake|p1a: Sylveon|[spread] p1a,p1b\n|-activate|p2a: Froslass|move: Protect\n|-supereffective|p1b: Gengar|1\n|-damage|p1a: Sylveon|57/100\n|-damage|p1b: Gengar|9/100\n|move|p1a: Sylveon|Hyper Voice|p2a: Froslass|[spread] p2b\n|-activate|p2a: Froslass|move: Protect\n|-supereffective|p2b: Garchomp|1\n|-damage|p2b: Garchomp|0 fnt\n|faint|p2b: Garchomp\n|\n|-weather|Snowscape|[upkeep]\n|upkeep\n|\n|t:|1776376084\n|switch|p2b: Basculegion|Basculegion, L50, M|100/100\n|turn|5\n|\n|t:|1776376097\n|move|p2b: Basculegion|Last Respects|p1a: Sylveon\n|-crit|p1a: Sylveon\n|-damage|p1a: Sylveon|0 fnt\n|faint|p1a: Sylveon\n|move|p2a: Froslass|Blizzard|p1b: Gengar\n|-damage|p1b: Gengar|0 fnt\n|faint|p1b: Gengar\n|\n|win|georgrdro02\n|raw|yordleyodel's rating: 1164 &rarr; <strong>1133</strong><br />(-31 for losing)\n|raw|georgrdro02's rating: 1079 &rarr; <strong>1114</strong><br />(+35 for winning)\n|l|\u2606yordleyodel\n|player|p1|\n",
  "uploadtime": 1776376233,
  "views": 17,
  "formatid": "gen9championsvgc2026regma",
  "rating": 1114,
  "private": 0,
  "password": null
}