{
  "id": "gen9championsvgc2026regma-2586852698",
  "format": "[Gen 9 Champions] VGC 2026 Reg M-A",
  "players": [
    "StacySteal",
    "loklastaji"
  ],
  "log": "|j|\u2606StacySteal\n|j|\u2606loklastaji\n|t:|1776465441\n|gametype|doubles\n|player|p1|StacySteal|170|1112\n|player|p2|loklastaji|2|1076\n|gen|9\n|tier|[Gen 9 Champions] VGC 2026 Reg M-A\n|rated|\n|rule|Species Clause: Limit one of each Pok\u00e9mon\n|rule|Item Clause: Limit 1 of each item\n|clearpoke\n|poke|p1|Scovillain, L50, F|\n|poke|p1|Gyarados, L50, F|\n|poke|p1|Heracross, L50, F|\n|poke|p1|Corviknight, L50, F|\n|poke|p1|Dragapult, L50, M|\n|poke|p1|Diggersby, L50, F|\n|poke|p2|Samurott-Hisui, L50, F|\n|poke|p2|Delphox, L50, F|\n|poke|p2|Tinkaton, L50, F|\n|poke|p2|Decidueye-Hisui, L50, F|\n|poke|p2|Altaria, L50, F|\n|poke|p2|Farigiraf, L50, M|\n|teampreview|4\n|inactive|Battle timer is ON: inactive players will automatically lose when time's up. (requested by StacySteal)\n|inactive|loklastaji has 60 seconds left.\n|\n|t:|1776465502\n|teamsize|p1|4\n|teamsize|p2|4\n|start\n|switch|p1a: Scovillain|Scovillain, L50, F|100/100\n|switch|p1b: Dragapult|Dragapult, L50, M|100/100\n|switch|p2a: Samurott|Samurott-Hisui, L50, F|100/100\n|switch|p2b: Decidueye|Decidueye-Hisui, L50, F|100/100\n|turn|1\n|inactive|loklastaji has 30 seconds left.\n|\n|t:|1776465533\n|switch|p2a: Delphox|Delphox, L50, F|100/100\n|move|p1a: Scovillain|Protect|p1a: Scovillain\n|-singleturn|p1a: Scovillain|Protect\n|move|p1b: Dragapult|Reflect|p1b: Dragapult\n|-sidestart|p1: StacySteal|Reflect\n|move|p2b: Decidueye|Close Combat|p1b: Dragapult\n|-damage|p1b: Dragapult|51/100\n|-unboost|p2b: Decidueye|def|1\n|-unboost|p2b: Decidueye|spd|1\n|\n|-ability|p1a: Scovillain|Moody|boost\n|-boost|p1a: Scovillain|def|2\n|-unboost|p1a: Scovillain|spe|1\n|upkeep\n|turn|2\n|inactive|StacySteal has 30 seconds left.\n|\n|t:|1776465564\n|switch|p2a: Samurott|Samurott-Hisui, L50, F|100/100\n|detailschange|p1a: Scovillain|Scovillain-Mega, L50, F\n|-mega|p1a: Scovillain|Scovillain|Scovillainite\n|move|p1b: Dragapult|Protect|p1b: Dragapult\n|-singleturn|p1b: Dragapult|Protect\n|move|p2b: Decidueye|Close Combat|p1b: Dragapult\n|-activate|p1b: Dragapult|move: Protect\n|move|p1a: Scovillain|Leech Seed|p2a: Samurott\n|-start|p2a: Samurott|move: Leech Seed\n|\n|-damage|p2a: Samurott|88/100|[from] Leech Seed|[of] p1a: Scovillain\n|upkeep\n|turn|3\n|inactive|StacySteal has 30 seconds left.\n|inactive|loklastaji has 30 seconds left.\n|\n|t:|1776465596\n|move|p1b: Dragapult|Dragon Darts|p2b: Decidueye\n|-damage|p2b: Decidueye|54/100\n|-anim|p1b: Dragapult|Dragon Darts|p2a: Samurott\n|-damage|p2a: Samurott|61/100\n|move|p2b: Decidueye|Close Combat|p1b: Dragapult\n|-damage|p1b: Dragapult|0 fnt\n|-unboost|p2b: Decidueye|def|1\n|-unboost|p2b: Decidueye|spd|1\n|faint|p1b: Dragapult\n|move|p2a: Samurott|Ceaseless Edge|p1a: Scovillain\n|-damage|p1a: Scovillain|81/100\n|-status|p2a: Samurott|brn|[from] ability: Spicy Spray|[of] p1a: Scovillain\n|-sidestart|p1: StacySteal|Spikes\n|move|p1a: Scovillain|Flamethrower|p2b: Decidueye\n|-supereffective|p2b: Decidueye|1\n|-damage|p2b: Decidueye|0 fnt\n|faint|p2b: Decidueye\n|\n|-damage|p2a: Samurott|49/100 brn|[from] Leech Seed|[of] p1a: Scovillain\n|-heal|p1a: Scovillain|96/100|[silent]\n|-damage|p2a: Samurott|43/100 brn|[from] brn\n|upkeep\n|inactive|loklastaji has 30 seconds left.\n|\n|t:|1776465623\n|switch|p1b: Heracross|Heracross, L50, F|100/100\n|switch|p2b: Delphox|Delphox, L50, F|100/100\n|-damage|p1b: Heracross|88/100|[from] Spikes\n|turn|4\n|\n|t:|1776465643\n|switch|p2a: Tinkaton|Tinkaton, L50, F|100/100\n|detailschange|p2b: Delphox|Delphox-Mega, L50, F\n|-mega|p2b: Delphox|Delphox|Delphoxite\n|move|p2b: Delphox|Heat Wave|p1a: Scovillain|[spread] p1a,p1b\n|-supereffective|p1b: Heracross|1\n|-damage|p1a: Scovillain|53/100\n|-damage|p1b: Heracross|0 fnt\n|-immune|p2b: Delphox\n|faint|p1b: Heracross\n|move|p1a: Scovillain|Leech Seed|p2b: Delphox\n|-start|p2b: Delphox|move: Leech Seed\n|\n|-damage|p2b: Delphox|88/100|[from] Leech Seed|[of] p1a: Scovillain\n|-heal|p1a: Scovillain|66/100|[silent]\n|upkeep\n|\n|t:|1776465657\n|switch|p1b: Corviknight|Corviknight, L50, F|100/100\n|turn|5\n|\n|t:|1776465677\n|move|p1b: Corviknight|Protect|p1b: Corviknight\n|-singleturn|p1b: Corviknight|Protect\n|move|p2a: Tinkaton|Fake Out|p1b: Corviknight\n|-activate|p1b: Corviknight|move: Protect\n|move|p2b: Delphox|Heat Wave|p1b: Corviknight|[spread] p1a\n|-activate|p1b: Corviknight|move: Protect\n|-damage|p1a: Scovillain|26/100\n|-immune|p2b: Delphox\n|move|p1a: Scovillain|Leech Seed|p2a: Tinkaton\n|-start|p2a: Tinkaton|move: Leech Seed\n|\n|-damage|p2b: Delphox|76/100|[from] Leech Seed|[of] p1a: Scovillain\n|-heal|p1a: Scovillain|39/100|[silent]\n|-damage|p2a: Tinkaton|88/100|[from] Leech Seed|[of] p1a: Scovillain\n|-heal|p1a: Scovillain|53/100|[silent]\n|-sideend|p1: StacySteal|Reflect\n|upkeep\n|turn|6\n|\n|t:|1776465698\n|switch|p2b: Samurott|Samurott-Hisui, L50, F|43/100 brn\n|move|p2a: Tinkaton|Protect|p2a: Tinkaton\n|-singleturn|p2a: Tinkaton|Protect\n|move|p1a: Scovillain|Protect|p1a: Scovillain\n|-singleturn|p1a: Scovillain|Protect\n|move|p1b: Corviknight|Body Press|p2a: Tinkaton\n|-activate|p2a: Tinkaton|move: Protect\n|\n|-damage|p2a: Tinkaton|75/100|[from] Leech Seed|[of] p1a: Scovillain\n|-heal|p1a: Scovillain|67/100|[silent]\n|-damage|p2b: Samurott|37/100 brn|[from] brn\n|upkeep\n|turn|7\n|\n|t:|1776465722\n|switch|p2a: Delphox|Delphox-Mega, L50, F|76/100\n|move|p2b: Samurott|Ceaseless Edge|p1a: Scovillain\n|-damage|p1a: Scovillain|53/100\n|-sidestart|p1: StacySteal|Spikes\n|move|p1b: Corviknight|Tailwind|p1b: Corviknight\n|-sidestart|p1: StacySteal|move: Tailwind\n|move|p1a: Scovillain|Leech Seed|p2b: Samurott\n|-start|p2b: Samurott|move: Leech Seed\n|\n|-damage|p2b: Samurott|25/100 brn|[from] Leech Seed|[of] p1a: Scovillain\n|-heal|p1a: Scovillain|67/100|[silent]\n|-damage|p2b: Samurott|19/100 brn|[from] brn\n|upkeep\n|turn|8\n|inactive|StacySteal has 30 seconds left.\n|\n|t:|1776465751\n|switch|p2b: Tinkaton|Tinkaton, L50, F|75/100\n|move|p1a: Scovillain|Protect|p1a: Scovillain\n|-singleturn|p1a: Scovillain|Protect\n|move|p2a: Delphox|Heat Wave|p1a: Scovillain|[spread] p1b\n|-activate|p1a: Scovillain|move: Protect\n|-supereffective|p1b: Corviknight|1\n|-damage|p1b: Corviknight|9/100\n|move|p1b: Corviknight|Brave Bird|p2a: Delphox\n|-damage|p2a: Delphox|20/100\n|-damage|p1b: Corviknight|0 fnt|[from] Recoil\n|faint|p1b: Corviknight\n|\n|upkeep\n|turn|9\n|inactive|loklastaji has 30 seconds left.\n|inactive|StacySteal has 30 seconds left.\n|inactive|loklastaji has 20 seconds left.\n|\n|t:|1776465786\n|move|p2b: Tinkaton|Fake Out|p1a: Scovillain\n|-damage|p1a: Scovillain|61/100\n|-status|p2b: Tinkaton|brn|[from] ability: Spicy Spray|[of] p1a: Scovillain\n|move|p2a: Delphox|Nasty Plot|p2a: Delphox\n|-boost|p2a: Delphox|spa|2\n|cant|p1a: Scovillain|flinch\n|\n|-damage|p2b: Tinkaton|69/100 brn|[from] brn\n|upkeep\n|turn|10\n|\n|t:|1776465800\n|move|p2a: Delphox|Protect|p2a: Delphox\n|-singleturn|p2a: Delphox|Protect\n|move|p2b: Tinkaton|Protect|p2b: Tinkaton\n|-singleturn|p2b: Tinkaton|Protect\n|move|p1a: Scovillain|Leech Seed|p2a: Delphox\n|-activate|p2a: Delphox|move: Protect\n|\n|-damage|p2b: Tinkaton|63/100 brn|[from] brn\n|-sideend|p1: StacySteal|move: Tailwind\n|upkeep\n|turn|11\n|\n|t:|1776465813\n|move|p2a: Delphox|Heat Wave|p1a: Scovillain\n|-damage|p1a: Scovillain|0 fnt\n|-immune|p2a: Delphox\n|faint|p1a: Scovillain\n|\n|win|loklastaji\n|raw|StacySteal's rating: 1112 &rarr; <strong>1083</strong><br />(-29 for losing)\n|raw|loklastaji's rating: 1055 &rarr; <strong>1092</strong><br />(+37 for winning)\n",
  "uploadtime": 1776465819,
  "views": 23,
  "formatid": "gen9championsvgc2026regma",
  "rating": 1083,
  "private": 0,
  "password": null
}