{
  "id": "gen9championsvgc2026regma-2586115790",
  "format": "[Gen 9 Champions] VGC 2026 Reg M-A",
  "players": [
    "evancindy3935",
    "iifwm"
  ],
  "log": "|j|\u2606evancindy3935\n|j|\u2606iifwm\n|t:|1776400863\n|gametype|doubles\n|player|p1|evancindy3935|2|1264\n|player|p2|iifwm|candice|1327\n|gen|9\n|tier|[Gen 9 Champions] VGC 2026 Reg M-A\n|rated|\n|rule|Species Clause: Limit one of each Pok\u00e9mon\n|rule|Item Clause: Limit 1 of each item\n|clearpoke\n|poke|p1|Blastoise, L50, M|\n|poke|p1|Sylveon, L50, F|\n|poke|p1|Garchomp, L50, M|\n|poke|p1|Sneasler, L50, M|\n|poke|p1|Sinistcha-Masterpiece, L50|\n|poke|p1|Aerodactyl, L50, M|\n|poke|p2|Delphox, L50, F|\n|poke|p2|Floette-Eternal, L50, F|\n|poke|p2|Kingambit, L50, F|\n|poke|p2|Sneasler, L50, M|\n|poke|p2|Incineroar, L50, F|\n|poke|p2|Garchomp, L50, M|\n|teampreview|4\n|inactive|Battle timer is ON: inactive players will automatically lose when time's up. (requested by evancindy3935)\n|\n|t:|1776400889\n|teamsize|p1|4\n|teamsize|p2|4\n|start\n|switch|p1a: Blastoise|Blastoise, L50, M, shiny|100/100\n|switch|p1b: Aerodactyl|Aerodactyl, L50, M, shiny|100/100\n|switch|p2a: Floette|Floette-Eternal, L50, F|100/100\n|switch|p2b: Incineroar|Incineroar, L50, F|100/100\n|-ability|p1b: Aerodactyl|Unnerve\n|-ability|p2b: Incineroar|Intimidate|boost\n|-unboost|p1a: Blastoise|atk|1\n|-unboost|p1b: Aerodactyl|atk|1\n|turn|1\n|\n|t:|1776400905\n|detailschange|p2a: Floette|Floette-Mega, L50, F\n|-mega|p2a: Floette|Floette|Floettite\n|-ability|p2a: Floette|Fairy Aura\n|detailschange|p1a: Blastoise|Blastoise-Mega, L50, M, shiny\n|-mega|p1a: Blastoise|Blastoise|Blastoisinite\n|move|p1b: Aerodactyl|Tailwind|p1b: Aerodactyl\n|-sidestart|p1: evancindy3935|move: Tailwind\n|move|p1a: Blastoise|Shell Smash|p1a: Blastoise\n|-unboost|p1a: Blastoise|def|1\n|-unboost|p1a: Blastoise|spd|1\n|-boost|p1a: Blastoise|atk|2\n|-boost|p1a: Blastoise|spa|2\n|-boost|p1a: Blastoise|spe|2\n|move|p2a: Floette|Calm Mind|p2a: Floette\n|-boost|p2a: Floette|spa|1\n|-boost|p2a: Floette|spd|1\n|move|p2b: Incineroar|Parting Shot|p1a: Blastoise\n|-unboost|p1a: Blastoise|atk|1\n|-unboost|p1a: Blastoise|spa|1\n|\n|t:|1776400924\n|switch|p2b: Kingambit|Kingambit, L50, F|100/100|[from] Parting Shot\n|\n|upkeep\n|turn|2\n|\n|t:|1776400935\n|move|p2b: Kingambit|Sucker Punch|p1a: Blastoise\n|-damage|p1a: Blastoise|46/100\n|move|p1a: Blastoise|Water Spout|p2a: Floette|[spread] p2a,p2b\n|-damage|p2a: Floette|79/100\n|-damage|p2b: Kingambit|55/100\n|move|p1b: Aerodactyl|Rock Slide|p2b: Kingambit|[spread] p2a,p2b\n|-resisted|p2b: Kingambit|1\n|-damage|p2a: Floette|62/100\n|-damage|p2b: Kingambit|49/100\n|move|p2a: Floette|Dazzling Gleam|p1b: Aerodactyl|[spread] p1a,p1b\n|-damage|p1a: Blastoise|0 fnt\n|-enditem|p1b: Aerodactyl|Focus Sash\n|-damage|p1b: Aerodactyl|1/100\n|faint|p1a: Blastoise\n|\n|upkeep\n|\n|t:|1776400953\n|switch|p1a: Sylveon|Sylveon, L50, F, shiny|100/100\n|turn|3\n|\n|t:|1776400966\n|switch|p2b: Incineroar|Incineroar, L50, F|100/100\n|-ability|p2b: Incineroar|Intimidate|boost\n|-unboost|p1a: Sylveon|atk|1\n|-unboost|p1b: Aerodactyl|atk|1\n|move|p1b: Aerodactyl|Dual Wingbeat|p2a: Floette\n|-damage|p2a: Floette|52/100\n|-damage|p2a: Floette|43/100\n|-hitcount|p2a: Floette|2\n|move|p1a: Sylveon|Hyper Voice|p2b: Incineroar|[spread] p2a,p2b\n|-damage|p2a: Floette|12/100\n|-damage|p2b: Incineroar|50/100\n|move|p2a: Floette|Dazzling Gleam|p1a: Sylveon|[spread] p1a,p1b\n|-damage|p1a: Sylveon|47/100\n|-damage|p1b: Aerodactyl|0 fnt\n|faint|p1b: Aerodactyl\n|\n|upkeep\n|\n|t:|1776400983\n|switch|p1b: Sneasler|Sneasler, L50, M, shiny|100/100\n|turn|4\n|inactive|iifwm has 30 seconds left.\n|inactive|iifwm has 20 seconds left.\n|\n|t:|1776401023\n|move|p1b: Sneasler|Close Combat|p2b: Incineroar\n|-supereffective|p2b: Incineroar|1\n|-damage|p2b: Incineroar|0 fnt\n|-unboost|p1b: Sneasler|def|1\n|-unboost|p1b: Sneasler|spd|1\n|faint|p2b: Incineroar\n|-enditem|p1b: Sneasler|White Herb\n|-clearnegativeboost|p1b: Sneasler|[silent]\n|move|p1a: Sylveon|Hyper Voice|p2a: Floette\n|-damage|p2a: Floette|0 fnt\n|faint|p2a: Floette\n|\n|-sideend|p1: evancindy3935|move: Tailwind\n|upkeep\n|\n|t:|1776401032\n|switch|p2a: Garchomp|Garchomp, L50, M|100/100\n|switch|p2b: Kingambit|Kingambit, L50, F|49/100\n|turn|5\n|\n|t:|1776401055\n|move|p1a: Sylveon|Helping Hand|p1b: Sneasler\n|-singleturn|p1b: Sneasler|Helping Hand|[of] p1a: Sylveon\n|move|p2b: Kingambit|Sucker Punch||[still]\n|-fail|p2b: Kingambit\n|move|p1b: Sneasler|Close Combat|p2a: Garchomp\n|-damage|p2a: Garchomp|30/100\n|-unboost|p1b: Sneasler|def|1\n|-unboost|p1b: Sneasler|spd|1\n|-damage|p1b: Sneasler|88/100|[from] ability: Rough Skin|[of] p2a: Garchomp\n|-enditem|p2a: Garchomp|Sitrus Berry|[eat]\n|-heal|p2a: Garchomp|55/100|[from] item: Sitrus Berry\n|move|p2a: Garchomp|Earthquake|p1a: Sylveon|[spread] p2b,p1a,p1b\n|-supereffective|p2b: Kingambit|1\n|-crit|p1a: Sylveon\n|-supereffective|p1b: Sneasler|1\n|-damage|p2b: Kingambit|0 fnt\n|-damage|p1a: Sylveon|0 fnt\n|-damage|p1b: Sneasler|0 fnt\n|faint|p2b: Kingambit\n|faint|p1a: Sylveon\n|faint|p1b: Sneasler\n|\n|win|iifwm\n|raw|evancindy3935's rating: 1264 &rarr; <strong>1243</strong><br />(-21 for losing)\n|raw|iifwm's rating: 1327 &rarr; <strong>1343</strong><br />(+16 for winning)\n|l|\u2606iifwm\n|player|p2|\n",
  "uploadtime": 1776401080,
  "views": 25,
  "formatid": "gen9championsvgc2026regma",
  "rating": 1243,
  "private": 0,
  "password": null
}