{
  "id": "gen9championsvgc2026regma-2585357564",
  "format": "[Gen 9 Champions] VGC 2026 Reg M-A",
  "players": [
    "kingbriddz",
    "arutor"
  ],
  "log": "|j|\u2606kingbriddz\n|j|\u2606arutor\n|t:|1776340978\n|gametype|doubles\n|player|p1|kingbriddz|1|1127\n|player|p2|arutor|drayden|1033\n|gen|9\n|tier|[Gen 9 Champions] VGC 2026 Reg M-A\n|rated|\n|rule|Species Clause: Limit one of each Pok\u00e9mon\n|rule|Item Clause: Limit 1 of each item\n|clearpoke\n|poke|p1|Aerodactyl, L50, M|\n|poke|p1|Incineroar, L50, M|\n|poke|p1|Snorlax, L50, M|\n|poke|p1|Sinistcha-Masterpiece, L50|\n|poke|p1|Rotom-Wash, L50|\n|poke|p1|Hawlucha, L50, F|\n|poke|p2|Sableye, L50, M|\n|poke|p2|Umbreon, L50, M|\n|poke|p2|Tinkaton, L50, F|\n|poke|p2|Corviknight, L50, M|\n|poke|p2|Garchomp, L50, M|\n|poke|p2|Gengar, L50, M|\n|teampreview|4\n|inactive|Battle timer is ON: inactive players will automatically lose when time's up. (requested by arutor)\narutor rejected open team sheets.\n|inactive|kingbriddz has 60 seconds left.\n|\n|t:|1776341016\n|teamsize|p1|4\n|teamsize|p2|4\n|start\n|switch|p1a: Rotom|Rotom-Wash, L50|100/100\n|switch|p1b: Hawlucha|Hawlucha, L50, F|100/100\n|switch|p2a: Sableye|Sableye, L50, M|100/100\n|switch|p2b: Gengar|Gengar, L50, M, shiny|100/100\n|-ability|p1b: Hawlucha|Mold Breaker\n|turn|1\n|inactive|arutor has 30 seconds left.\n|\n|t:|1776341047\n|detailschange|p2b: Gengar|Gengar-Mega, L50, M, shiny\n|-mega|p2b: Gengar|Gengar|Gengarite\n|move|p1b: Hawlucha|Protect|p1b: Hawlucha\n|-singleturn|p1b: Hawlucha|Protect\n|move|p2a: Sableye|Taunt|p1a: Rotom\n|-start|p1a: Rotom|move: Taunt\n|move|p2b: Gengar|Sludge Bomb|p1b: Hawlucha\n|-activate|p1b: Hawlucha|move: Protect\n|cant|p1a: Rotom|move: Taunt|Trick\n|\n|upkeep\n|turn|2\n|inactive|kingbriddz has 30 seconds left.\n|inactive|arutor has 30 seconds left.\n|inactive|kingbriddz has 20 seconds left.\n|\n|t:|1776341086\n|detailschange|p1b: Hawlucha|Hawlucha-Mega, L50, F\n|-mega|p1b: Hawlucha|Hawlucha|Hawluchanite\n|move|p2a: Sableye|Thunder Wave|p1b: Hawlucha\n|-status|p1b: Hawlucha|par\n|move|p2b: Gengar|Sludge Bomb|p1b: Hawlucha\n|-damage|p1b: Hawlucha|53/100 par\n|move|p1a: Rotom|Volt Switch|p2a: Sableye\n|-damage|p2a: Sableye|73/100\n|\n|t:|1776341098\n|switch|p1a: Snorlax|Snorlax, L50, M, shiny|100/100|[from] Volt Switch\n|move|p1b: Hawlucha|Brave Bird|p2a: Sableye\n|-damage|p2a: Sableye|2/100\n|-damage|p1b: Hawlucha|29/100 par|[from] Recoil\n|\n|upkeep\n|turn|3\n|inactive|kingbriddz has 30 seconds left.\n|inactive|kingbriddz has 20 seconds left.\n|\n|t:|1776341137\n|cant|p1b: Hawlucha|par\n|move|p2a: Sableye|Taunt|p1a: Snorlax\n|-start|p1a: Snorlax|move: Taunt\n|move|p2b: Gengar|Sludge Bomb|p1b: Hawlucha\n|-damage|p1b: Hawlucha|0 fnt\n|faint|p1b: Hawlucha\n|move|p1a: Snorlax|Fissure|p2b: Gengar\n|-damage|p2b: Gengar|0 fnt\n|faint|p2b: Gengar\n|-ohko\n|\n|upkeep\n|\n|t:|1776341154\n|switch|p2b: Umbreon|Umbreon, L50, M|100/100\n|switch|p1b: Rotom|Rotom-Wash, L50|100/100\n|turn|4\n|\n|t:|1776341167\n|move|p2a: Sableye|Taunt|p1b: Rotom\n|-start|p1b: Rotom|move: Taunt\n|move|p1b: Rotom|Volt Switch|p2a: Sableye\n|-damage|p2a: Sableye|0 fnt\n|faint|p2a: Sableye\n|\n|t:|1776341175\n|switch|p1b: Incineroar|Incineroar, L50, M|100/100|[from] Volt Switch\n|-ability|p1b: Incineroar|Intimidate|boost\n|-fail|p2b: Umbreon|unboost|Attack|[from] ability: Inner Focus|[of] p2b: Umbreon\n|move|p2b: Umbreon|Toxic|p1a: Snorlax\n|-status|p1a: Snorlax|tox\n|move|p1a: Snorlax|Fissure|p2b: Umbreon\n|-damage|p2b: Umbreon|0 fnt\n|faint|p2b: Umbreon\n|-ohko\n|\n|-damage|p1a: Snorlax|95/100 tox|[from] psn\n|upkeep\n|c|\u2606kingbriddz|Gg\n|inactive|arutor has 30 seconds left.\n|inactive|arutor has 20 seconds left.\n|inactive|arutor has 15 seconds left.\n|inactive|arutor has 10 seconds left.\n|inactive|arutor has 5 seconds left.\n|\n|t:|1776341229\n|switch|p2b: Tinkaton|Tinkaton, L50, F|100/100\n|turn|5\n|\n|t:|1776341237\n|move|p2b: Tinkaton|Protect|p2b: Tinkaton\n|-singleturn|p2b: Tinkaton|Protect\n|move|p1b: Incineroar|Fake Out|p2b: Tinkaton\n|-activate|p2b: Tinkaton|move: Protect\n|move|p1a: Snorlax|Fissure|p2b: Tinkaton\n|-activate|p2b: Tinkaton|move: Protect\n|\n|-heal|p1a: Snorlax|100/100 tox|[from] item: Leftovers\n|-damage|p1a: Snorlax|89/100 tox|[from] psn\n|-end|p1a: Snorlax|move: Taunt\n|upkeep\n|turn|6\n|\n|t:|1776341253\n|switch|p1b: Rotom|Rotom-Wash, L50|100/100\n|move|p2b: Tinkaton|Gigaton Hammer|p1a: Snorlax\n|-damage|p1a: Snorlax|56/100 tox\n|move|p1a: Snorlax|Fissure|p2b: Tinkaton|[miss]\n|-miss|p1a: Snorlax|p2b: Tinkaton\n|\n|-heal|p1a: Snorlax|62/100 tox|[from] item: Leftovers\n|-damage|p1a: Snorlax|44/100 tox|[from] psn\n|upkeep\n|turn|7\n|\n|t:|1776341272\n|move|p2b: Tinkaton|Protect|p2b: Tinkaton\n|-singleturn|p2b: Tinkaton|Protect\n|move|p1b: Rotom|Trick|p2b: Tinkaton\n|-activate|p2b: Tinkaton|move: Protect\n|move|p1a: Snorlax|Body Slam|p2b: Tinkaton\n|-activate|p2b: Tinkaton|move: Protect\n|\n|-heal|p1a: Snorlax|50/100 tox|[from] item: Leftovers\n|-damage|p1a: Snorlax|26/100 tox|[from] psn\n|upkeep\n|turn|8\n|\n|t:|1776341292\n|move|p1b: Rotom|Trick|p2b: Tinkaton\n|-activate|p1b: Rotom|move: Trick|[of] p2b: Tinkaton\n|-item|p2b: Tinkaton|Choice Scarf|[from] move: Trick\n|-item|p1b: Rotom|Shuca Berry|[from] move: Trick\n|move|p2b: Tinkaton|Gigaton Hammer|p1a: Snorlax\n|-damage|p1a: Snorlax|0 fnt\n|faint|p1a: Snorlax\n|\n|upkeep\n|\n|t:|1776341300\n|switch|p1a: Incineroar|Incineroar, L50, M|100/100\n|-ability|p1a: Incineroar|Intimidate|boost\n|-fail|p2b: Tinkaton|unboost|Attack|[from] ability: Own Tempo|[of] p2b: Tinkaton\n|turn|9\n|\n|t:|1776341315\n|move|p1a: Incineroar|Fake Out|p2b: Tinkaton\n|-resisted|p2b: Tinkaton|1\n|-damage|p2b: Tinkaton|96/100\n|cant|p2b: Tinkaton|flinch\n|move|p1b: Rotom|Thunderbolt|p2b: Tinkaton\n|-damage|p2b: Tinkaton|66/100\n|\n|upkeep\n|turn|10\n|\n|t:|1776341327\n|-activate|p2b: Tinkaton|move: Struggle\n|move|p2b: Tinkaton|Struggle|p1a: Incineroar\n|-damage|p1a: Incineroar|91/100\n|-damage|p2b: Tinkaton|41/100|[from] recoil\n|move|p1b: Rotom|Thunderbolt|p2b: Tinkaton\n|-damage|p2b: Tinkaton|12/100\n|move|p1a: Incineroar|Flare Blitz|p2b: Tinkaton\n|-supereffective|p2b: Tinkaton|1\n|-damage|p2b: Tinkaton|0 fnt\n|faint|p2b: Tinkaton\n|-damage|p1a: Incineroar|87/100|[from] Recoil\n|\n|win|kingbriddz\n|raw|kingbriddz's rating: 1127 &rarr; <strong>1145</strong><br />(+18 for winning)\n|raw|arutor's rating: 1033 &rarr; <strong>1022</strong><br />(-11 for losing)\n|l|\u2606arutor\n|player|p2|\n",
  "uploadtime": 1776341342,
  "views": 21,
  "formatid": "gen9championsvgc2026regma",
  "rating": 1022,
  "private": 0,
  "password": null
}