{
  "id": "gen9championsvgc2026regma-2582036024",
  "format": "[Gen 9 Champions] VGC 2026 Reg M-A",
  "players": [
    "Willow779",
    "Mentalsyndrome"
  ],
  "log": "|j|\u2606Willow779\n|j|\u2606Mentalsyndrome\n|t:|1776050552\n|gametype|doubles\n|player|p1|Willow779|dawn-gen4pt|1077\n|player|p2|Mentalsyndrome|101|1046\n|gen|9\n|tier|[Gen 9 Champions] VGC 2026 Reg M-A\n|rated|\n|rule|Species Clause: Limit one of each Pok\u00e9mon\n|rule|Item Clause: Limit 1 of each item\n|clearpoke\n|poke|p1|Meganium, L50, F|\n|poke|p1|Dragonite, L50, M|\n|poke|p1|Pelipper, L50, F|\n|poke|p1|Incineroar, L50, F|\n|poke|p1|Basculegion, L50, M|\n|poke|p1|Sableye, L50, M|\n|poke|p2|Bastiodon, L50, F|\n|poke|p2|Gengar, L50, F|\n|poke|p2|Garchomp, L50, F|\n|poke|p2|Clefable, L50, M|\n|poke|p2|Sinistcha, L50|\n|poke|p2|Incineroar, L50, F|\n|teampreview|4\n|inactive|Battle timer is ON: inactive players will automatically lose when time's up. (requested by Mentalsyndrome)\n|inactive|Willow779 has 60 seconds left.\n|inactive|Mentalsyndrome has 60 seconds left.\n|inactive|Mentalsyndrome has 30 seconds left.\n|inactive|Mentalsyndrome has 20 seconds left.\n|inactive|Mentalsyndrome has 15 seconds left.\n|\n|t:|1776050632\n|teamsize|p1|4\n|teamsize|p2|4\n|start\n|switch|p1a: Pelipper|Pelipper, L50, F|100/100\n|switch|p1b: Basculegion|Basculegion, L50, M|100/100\n|switch|p2a: Gengar|Gengar, L50, F|100/100\n|switch|p2b: Sinistcha|Sinistcha, L50|100/100\n|-weather|RainDance|[from] ability: Drizzle|[of] p1a: Pelipper\n|turn|1\n|inactive|Willow779 has 30 seconds left.\n|\n|t:|1776050658\n|move|p2a: Gengar|Protect|p2a: Gengar\n|-singleturn|p2a: Gengar|Protect\n|move|p1a: Pelipper|Wide Guard|p1a: Pelipper\n|-singleturn|p1a: Pelipper|Wide Guard\n|move|p1b: Basculegion|Last Respects|p2a: Gengar\n|-activate|p2a: Gengar|move: Protect\n|move|p2b: Sinistcha|Matcha Gotcha|p1a: Pelipper|[spread] \n|-activate|p1a: Pelipper|move: Wide Guard\n|-activate|p1b: Basculegion|move: Wide Guard\n|\n|-weather|RainDance|[upkeep]\n|upkeep\n|turn|2\n|\n|t:|1776050676\n|move|p1a: Pelipper|Helping Hand|p1b: Basculegion\n|-singleturn|p1b: Basculegion|Helping Hand|[of] p1a: Pelipper\n|move|p2b: Sinistcha|Rage Powder|p2b: Sinistcha\n|-singleturn|p2b: Sinistcha|move: Rage Powder\n|move|p1b: Basculegion|Last Respects|p2b: Sinistcha\n|-supereffective|p2b: Sinistcha|1\n|-damage|p2b: Sinistcha|35/100\n|move|p2a: Gengar|Shadow Ball|p1b: Basculegion\n|-supereffective|p1b: Basculegion|1\n|-damage|p1b: Basculegion|24/100\n|\n|-weather|RainDance|[upkeep]\n|-heal|p2b: Sinistcha|42/100|[from] item: Leftovers\n|upkeep\n|turn|3\n|inactive|Willow779 has 30 seconds left.\n|\n|t:|1776050707\n|switch|p1b: Incineroar|Incineroar, L50, F|100/100\n|-ability|p1b: Incineroar|Intimidate|boost\n|-unboost|p2a: Gengar|atk|1\n|-unboost|p2b: Sinistcha|atk|1\n|detailschange|p2a: Gengar|Gengar-Mega, L50, F\n|-mega|p2a: Gengar|Gengar|Gengarite\n|move|p1a: Pelipper|Wide Guard|p1a: Pelipper\n|-singleturn|p1a: Pelipper|Wide Guard\n|move|p2b: Sinistcha|Rage Powder|p2b: Sinistcha\n|-singleturn|p2b: Sinistcha|move: Rage Powder\n|move|p2a: Gengar|Shadow Ball|p1b: Incineroar\n|-resisted|p1b: Incineroar|1\n|-damage|p1b: Incineroar|81/100\n|\n|-weather|RainDance|[upkeep]\n|-heal|p2b: Sinistcha|48/100|[from] item: Leftovers\n|upkeep\n|turn|4\n|\n|t:|1776050728\n|switch|p2b: Clefable|Clefable, L50, M|100/100\n|move|p1a: Pelipper|Helping Hand|p1b: Incineroar\n|-singleturn|p1b: Incineroar|Helping Hand|[of] p1a: Pelipper\n|move|p2a: Gengar|Protect|p2a: Gengar\n|-singleturn|p2a: Gengar|Protect\n|move|p1b: Incineroar|Darkest Lariat|p2a: Gengar\n|-activate|p2a: Gengar|move: Protect\n|\n|-weather|RainDance|[upkeep]\n|upkeep\n|turn|5\n|\n|t:|1776050753\n|move|p2b: Clefable|Follow Me|p2b: Clefable\n|-singleturn|p2b: Clefable|move: Follow Me\n|move|p2a: Gengar|Shadow Ball|p1a: Pelipper\n|-damage|p1a: Pelipper|41/100\n|move|p1a: Pelipper|Tailwind|p1a: Pelipper\n|-sidestart|p1: Willow779|move: Tailwind\n|move|p1b: Incineroar|Darkest Lariat|p2b: Clefable\n|-resisted|p2b: Clefable|1\n|-damage|p2b: Clefable|83/100\n|\n|-weather|none\n|upkeep\n|turn|6\n|\n|t:|1776050776\n|move|p2b: Clefable|Follow Me|p2b: Clefable\n|-singleturn|p2b: Clefable|move: Follow Me\n|move|p1a: Pelipper|Weather Ball|p2b: Clefable\n|-damage|p2b: Clefable|72/100\n|move|p2a: Gengar|Shadow Ball|p1a: Pelipper\n|-damage|p1a: Pelipper|0 fnt\n|faint|p1a: Pelipper\n|move|p1b: Incineroar|Flare Blitz|p2b: Clefable\n|-damage|p2b: Clefable|25/100\n|-status|p2b: Clefable|brn\n|-enditem|p2b: Clefable|Sitrus Berry|[eat]\n|-heal|p2b: Clefable|50/100 brn|[from] item: Sitrus Berry\n|-damage|p1b: Incineroar|65/100|[from] Recoil\n|\n|-damage|p2b: Clefable|44/100 brn|[from] brn\n|upkeep\n|\n|t:|1776050793\n|switch|p1a: Meganium|Meganium, L50, F|100/100\n|turn|7\n|\n|t:|1776050810\n|switch|p2a: Incineroar|Incineroar, L50, F|100/100\n|-ability|p2a: Incineroar|Intimidate|boost\n|-unboost|p1a: Meganium|atk|1\n|-unboost|p1b: Incineroar|atk|1\n|move|p1a: Meganium|Earth Power|p2a: Incineroar\n|-supereffective|p2a: Incineroar|1\n|-enditem|p2a: Incineroar|Shuca Berry|[eat]\n|-enditem|p2a: Incineroar|Shuca Berry|[weaken]\n|-damage|p2a: Incineroar|85/100\n|move|p1b: Incineroar|Darkest Lariat|p2a: Incineroar\n|-resisted|p2a: Incineroar|1\n|-damage|p2a: Incineroar|72/100\n|move|p2b: Clefable|Life Dew|p2b: Clefable|[spread] p2a,p2b\n|-heal|p2a: Incineroar|97/100\n|-heal|p2b: Clefable|69/100 brn\n|\n|-damage|p2b: Clefable|63/100 brn|[from] brn\n|upkeep\n|turn|8\n|inactive|Willow779 has 30 seconds left.\n|inactive|Willow779 has 20 seconds left.\n|inactive|Willow779 has 15 seconds left.\n|\n|t:|1776050853\n|switch|p2a: Sinistcha|Sinistcha, L50|48/100\n|-heal|p2b: Clefable|88/100 brn|[from] ability: Hospitality|[of] p2a: Sinistcha\n|move|p1a: Meganium|Earth Power|p2a: Sinistcha\n|-resisted|p2a: Sinistcha|1\n|-damage|p2a: Sinistcha|37/100\n|move|p1b: Incineroar|Flare Blitz|p2b: Clefable\n|-damage|p2b: Clefable|37/100 brn\n|-damage|p1b: Incineroar|48/100|[from] Recoil\n|-enditem|p1b: Incineroar|Sitrus Berry|[eat]\n|-heal|p1b: Incineroar|72/100|[from] item: Sitrus Berry\n|move|p2b: Clefable|Life Dew|p2b: Clefable|[spread] p2a,p2b\n|-heal|p2a: Sinistcha|62/100\n|-heal|p2b: Clefable|62/100 brn\n|\n|-heal|p2a: Sinistcha|68/100|[from] item: Leftovers\n|-damage|p2b: Clefable|56/100 brn|[from] brn\n|-sideend|p1: Willow779|move: Tailwind\n|upkeep\n|turn|9\n|inactive|Willow779 has 30 seconds left.\n|\n|t:|1776050879\n|move|p2b: Clefable|Protect|p2b: Clefable\n|-singleturn|p2b: Clefable|Protect\n|move|p1a: Meganium|Earth Power|p2a: Sinistcha\n|-resisted|p2a: Sinistcha|1\n|-damage|p2a: Sinistcha|58/100\n|move|p1b: Incineroar|Darkest Lariat|p2a: Sinistcha\n|-supereffective|p2a: Sinistcha|1\n|-damage|p2a: Sinistcha|10/100\n|move|p2a: Sinistcha|Life Dew|p2a: Sinistcha|[spread] p2a,p2b\n|-heal|p2a: Sinistcha|35/100\n|-heal|p2b: Clefable|81/100 brn\n|\n|-heal|p2a: Sinistcha|42/100|[from] item: Leftovers\n|-damage|p2b: Clefable|75/100 brn|[from] brn\n|upkeep\n|turn|10\n|inactive|Willow779 has 30 seconds left.\n|\n|t:|1776050907\n|move|p2a: Sinistcha|Protect|p2a: Sinistcha\n|-singleturn|p2a: Sinistcha|Protect\n|move|p1a: Meganium|Earth Power|p2b: Clefable\n|-damage|p2b: Clefable|53/100 brn\n|move|p1b: Incineroar|Flare Blitz|p2b: Clefable\n|-damage|p2b: Clefable|2/100 brn\n|-damage|p1b: Incineroar|55/100|[from] Recoil\n|move|p2b: Clefable|Moonblast|p1b: Incineroar\n|-damage|p1b: Incineroar|23/100\n|\n|-heal|p2a: Sinistcha|48/100|[from] item: Leftovers\n|-damage|p2b: Clefable|0 fnt|[from] brn\n|faint|p2b: Clefable\n|upkeep\n|\n|t:|1776050913\n|switch|p2b: Incineroar|Incineroar, L50, F|97/100\n|-ability|p2b: Incineroar|Intimidate|boost\n|-unboost|p1a: Meganium|atk|1\n|-unboost|p1b: Incineroar|atk|1\n|turn|11\n|\n|t:|1776050933\n|move|p2b: Incineroar|Fake Out|p1b: Incineroar\n|-damage|p1b: Incineroar|14/100\n|move|p1a: Meganium|Earth Power|p2b: Incineroar\n|-supereffective|p2b: Incineroar|1\n|-damage|p2b: Incineroar|61/100\n|cant|p1b: Incineroar|flinch\n|move|p2a: Sinistcha|Life Dew|p2a: Sinistcha|[spread] p2a,p2b\n|-heal|p2a: Sinistcha|73/100\n|-heal|p2b: Incineroar|87/100\n|\n|-heal|p2a: Sinistcha|79/100|[from] item: Leftovers\n|upkeep\n|turn|12\n|inactive|Willow779 has 30 seconds left.\n|inactive|Mentalsyndrome has 30 seconds left.\n|inactive|Willow779 has 20 seconds left.\n|inactive|Willow779 has 15 seconds left.\n|inactive|Willow779 has 10 seconds left.\n|inactive|Willow779 has 5 seconds left.\n|\n|t:|1776050984\n|move|p2a: Sinistcha|Protect|p2a: Sinistcha\n|-singleturn|p2a: Sinistcha|Protect\n|move|p1a: Meganium|Earth Power|p2b: Incineroar\n|-supereffective|p2b: Incineroar|1\n|-damage|p2b: Incineroar|54/100\n|move|p1b: Incineroar|Darkest Lariat|p2a: Sinistcha\n|-activate|p2a: Sinistcha|move: Protect\n|move|p2b: Incineroar|Throat Chop|p1b: Incineroar\n|-resisted|p1b: Incineroar|1\n|-damage|p1b: Incineroar|0 fnt\n|faint|p1b: Incineroar\n|\n|-heal|p2a: Sinistcha|85/100|[from] item: Leftovers\n|upkeep\n|\n|t:|1776050997\n|switch|p1b: Basculegion|Basculegion, L50, M|24/100\n|turn|13\n|\n|t:|1776051013\n|detailschange|p1a: Meganium|Meganium-Mega, L50, F\n|-mega|p1a: Meganium|Meganium|Meganiumite\n|move|p2a: Sinistcha|Rage Powder|p2a: Sinistcha\n|-singleturn|p2a: Sinistcha|move: Rage Powder\n|move|p1b: Basculegion|Aqua Jet|p2a: Sinistcha\n|-resisted|p2a: Sinistcha|1\n|-damage|p2a: Sinistcha|77/100\n|move|p1a: Meganium|Weather Ball|p2a: Sinistcha\n|-supereffective|p2a: Sinistcha|1\n|-damage|p2a: Sinistcha|0 fnt\n|faint|p2a: Sinistcha\n|move|p2b: Incineroar|Parting Shot|p1a: Meganium\n|-unboost|p1a: Meganium|atk|1\n|-unboost|p1a: Meganium|spa|1\n|\n|t:|1776051017\n|switch|p2b: Gengar|Gengar-Mega, L50, F|100/100|[from] Parting Shot\n|\n|upkeep\n|\n|t:|1776051018\n|switch|p2a: Incineroar|Incineroar, L50, F|54/100\n|-ability|p2a: Incineroar|Intimidate|boost\n|-unboost|p1a: Meganium|atk|1\n|-unboost|p1b: Basculegion|atk|1\n|-enditem|p1b: Basculegion|White Herb\n|-clearnegativeboost|p1b: Basculegion|[silent]\n|turn|14\n|\n|t:|1776051041\n|move|p2a: Incineroar|Fake Out|p1a: Meganium\n|-damage|p1a: Meganium|92/100\n|move|p2b: Gengar|Shadow Ball|p1b: Basculegion\n|-supereffective|p1b: Basculegion|1\n|-damage|p1b: Basculegion|0 fnt\n|faint|p1b: Basculegion\n|cant|p1a: Meganium|flinch\n|\n|upkeep\n|turn|15\n|-message|Willow779 forfeited.\n|\n|win|Mentalsyndrome\n|raw|Willow779's rating: 1077 &rarr; <strong>1054</strong><br />(-23 for losing)\n|raw|Mentalsyndrome's rating: 1046 &rarr; <strong>1082</strong><br />(+36 for winning)\n|l|\u2606Willow779\n|player|p1|\n",
  "uploadtime": 1776051055,
  "views": 12,
  "formatid": "gen9championsvgc2026regma",
  "rating": 1054,
  "private": 0,
  "password": null
}