{
  "id": "gen9championsvgc2026regma-2582787090",
  "format": "[Gen 9 Champions] VGC 2026 Reg M-A",
  "players": [
    "diversehaddock4",
    "stupidrea4trard"
  ],
  "log": "|j|\u2606diversehaddock4\n|j|\u2606stupidrea4trard\n|t:|1776114098\n|gametype|doubles\n|player|p1|diversehaddock4|169|1056\n|player|p2|stupidrea4trard|2|1032\n|gen|9\n|tier|[Gen 9 Champions] VGC 2026 Reg M-A\n|rated|\n|rule|Species Clause: Limit one of each Pok\u00e9mon\n|rule|Item Clause: Limit 1 of each item\n|clearpoke\n|poke|p1|Whimsicott, L50, F|\n|poke|p1|Sylveon, L50, M|\n|poke|p1|Tyranitar, L50, M|\n|poke|p1|Glimmora, L50, M|\n|poke|p1|Incineroar, L50, M|\n|poke|p1|Tinkaton, L50, F|\n|poke|p2|Lopunny, L50, F|\n|poke|p2|Basculegion, L50, M|\n|poke|p2|Pelipper, L50, F|\n|poke|p2|Archaludon, L50, F|\n|poke|p2|Sinistcha, L50|\n|poke|p2|Incineroar, L50, M|\n|teampreview|4\n|inactive|Battle timer is ON: inactive players will automatically lose when time's up. (requested by diversehaddock4)\n|inactive|stupidrea4trard has 60 seconds left.\n|\n|t:|1776114145\n|teamsize|p1|4\n|teamsize|p2|4\n|start\n|switch|p1a: Glimmora|Glimmora, L50, M|100/100\n|switch|p1b: Tyranitar|Tyranitar, L50, M|100/100\n|switch|p2a: Basculegion|Basculegion, L50, M|100/100\n|switch|p2b: Lopunny|Lopunny, L50, F|100/100\n|-weather|Sandstorm|[from] ability: Sand Stream|[of] p1b: Tyranitar\n|turn|1\n|\n|t:|1776114163\n|detailschange|p2b: Lopunny|Lopunny-Mega, L50, F\n|-mega|p2b: Lopunny|Lopunny|Lopunnite\n|move|p1a: Glimmora|Spiky Shield|p1a: Glimmora\n|-singleturn|p1a: Glimmora|move: Protect\n|move|p1b: Tyranitar|Protect|p1b: Tyranitar\n|-singleturn|p1b: Tyranitar|Protect\n|move|p2b: Lopunny|Fake Out|p1a: Glimmora\n|-activate|p1a: Glimmora|move: Protect\n|-damage|p2b: Lopunny|89/100|[from] Spiky Shield|[of] p1a: Glimmora\n|move|p2a: Basculegion|Wave Crash|p1b: Tyranitar\n|-activate|p1b: Tyranitar|move: Protect\n|\n|-weather|Sandstorm|[upkeep]\n|-damage|p2b: Lopunny|83/100|[from] Sandstorm\n|-damage|p2a: Basculegion|94/100|[from] Sandstorm\n|upkeep\n|turn|2\n|\n|t:|1776114181\n|detailschange|p1a: Glimmora|Glimmora-Mega, L50, M\n|-mega|p1a: Glimmora|Glimmora|Glimmoranite\n|move|p1b: Tyranitar|Helping Hand|p1a: Glimmora\n|-singleturn|p1a: Glimmora|Helping Hand|[of] p1b: Tyranitar\n|move|p2b: Lopunny|Rain Dance|p2b: Lopunny\n|-weather|RainDance\n|move|p2a: Basculegion|Wave Crash|p1b: Tyranitar\n|-supereffective|p1b: Tyranitar|1\n|-damage|p1b: Tyranitar|0 fnt\n|faint|p1b: Tyranitar\n|-damage|p2a: Basculegion|60/100|[from] Recoil\n|move|p1a: Glimmora|Sludge Wave|p2a: Basculegion|[spread] p2a,p2b\n|-resisted|p2a: Basculegion|1\n|-damage|p2a: Basculegion|16/100\n|-damage|p2b: Lopunny|0 fnt\n|faint|p2b: Lopunny\n|\n|-weather|RainDance|[upkeep]\n|upkeep\n|inactive|diversehaddock4 has 30 seconds left.\n|\n|t:|1776114210\n|switch|p2b: Gilbert|Pelipper, L50, F|100/100\n|switch|p1b: Whimsicott|Whimsicott, L50, F|100/100\n|turn|3\n|\n|t:|1776114216\n|move|p1b: Whimsicott|Tailwind|p1b: Whimsicott\n|-sidestart|p1: diversehaddock4|move: Tailwind\n|move|p1a: Glimmora|Sludge Wave|p2b: Gilbert|[spread] p1b,p2a,p2b\n|-supereffective|p1b: Whimsicott|2\n|-resisted|p2a: Basculegion|1\n|-enditem|p1b: Whimsicott|Focus Sash\n|-damage|p1b: Whimsicott|1/100\n|-damage|p2a: Basculegion|0 fnt\n|-damage|p2b: Gilbert|3/100\n|faint|p2a: Basculegion\n|move|p2b: Gilbert|Hurricane|p1b: Whimsicott\n|-supereffective|p1b: Whimsicott|1\n|-damage|p1b: Whimsicott|0 fnt\n|faint|p1b: Whimsicott\n|\n|-weather|RainDance|[upkeep]\n|upkeep\n|\n|t:|1776114225\n|switch|p1b: Tinkaton|Tinkaton, L50, F|100/100\n|switch|p2a: Incineroar|Incineroar, L50, M|100/100\n|-ability|p1b: Tinkaton|Mold Breaker\n|-ability|p2a: Incineroar|Intimidate|boost\n|-unboost|p1a: Glimmora|atk|1\n|-unboost|p1b: Tinkaton|atk|1\n|turn|4\n|\n|t:|1776114233\n|move|p1b: Tinkaton|Fake Out|p2b: Gilbert\n|-damage|p2b: Gilbert|0 fnt\n|faint|p2b: Gilbert\n|move|p2a: Incineroar|Fake Out|p1a: Glimmora\n|-resisted|p1a: Glimmora|1\n|-damage|p1a: Glimmora|93/100\n|cant|p1a: Glimmora|flinch\n|\n|-weather|RainDance|[upkeep]\n|upkeep\n|turn|5\n|-message|stupidrea4trard forfeited.\n|\n|win|diversehaddock4\n|raw|diversehaddock4's rating: 1056 &rarr; <strong>1085</strong><br />(+29 for winning)\n|raw|stupidrea4trard's rating: 1032 &rarr; <strong>1018</strong><br />(-14 for losing)\n|l|\u2606stupidrea4trard\n|player|p2|\n",
  "uploadtime": 1776114336,
  "views": 14,
  "formatid": "gen9championsvgc2026regma",
  "rating": 1018,
  "private": 0,
  "password": null
}