{
  "id": "gen9championsvgc2026regma-2584105738",
  "format": "[Gen 9 Champions] VGC 2026 Reg M-A",
  "players": [
    "Crotine",
    "jiren2026"
  ],
  "log": "|j|\u2606Crotine\n|j|\u2606jiren2026\n|t:|1776225724\n|gametype|doubles\n|player|p1|Crotine|boarder|1231\n|player|p2|jiren2026|266|1240\n|gen|9\n|tier|[Gen 9 Champions] VGC 2026 Reg M-A\n|rated|\n|rule|Species Clause: Limit one of each Pok\u00e9mon\n|rule|Item Clause: Limit 1 of each item\n|clearpoke\n|poke|p1|Tsareena, L50, F|\n|poke|p1|Passimian, L50, M|\n|poke|p1|Kangaskhan, L50, F|\n|poke|p1|Delphox, L50, M|\n|poke|p1|Archaludon, L50, F|\n|poke|p1|Aerodactyl, L50, M|\n|poke|p2|Charizard, L50, F|\n|poke|p2|Venusaur, L50, M|\n|poke|p2|Sableye, L50, M|\n|poke|p2|Sneasler, L50, F|\n|poke|p2|Aerodactyl, L50, F|\n|poke|p2|Hydreigon, L50, M|\n|teampreview|4\n|inactive|Battle timer is ON: inactive players will automatically lose when time's up. (requested by Crotine)\n|\n|t:|1776225765\n|teamsize|p1|4\n|teamsize|p2|4\n|start\n|switch|p1a: Aerodactyl|Aerodactyl, L50, M|100/100\n|switch|p1b: Tsareena|Tsareena, L50, F|100/100\n|switch|p2a: Aerodactyl|Aerodactyl, L50, F|100/100\n|switch|p2b: Hydreigon|Hydreigon, L50, M|100/100\n|-ability|p2a: Aerodactyl|Unnerve\n|-ability|p1a: Aerodactyl|Unnerve\n|turn|1\n|inactive|Crotine has 30 seconds left.\n|\n|t:|1776225791\n|move|p2b: Hydreigon|Dark Pulse|p1a: Aerodactyl\n|-damage|p1a: Aerodactyl|37/100\n|move|p1b: Tsareena|Triple Axel|p2b: Hydreigon|[miss]\n|-miss|p1b: Tsareena|p2b: Hydreigon\n|move|p2a: Aerodactyl|Rock Slide|p1a: Aerodactyl|[spread] p1b\n|-miss|p2a: Aerodactyl|p1a: Aerodactyl\n|-crit|p1b: Tsareena\n|-damage|p1b: Tsareena|45/100\n|move|p1a: Aerodactyl|Tailwind|p1a: Aerodactyl\n|-sidestart|p1: Crotine|move: Tailwind\n|\n|upkeep\n|turn|2\n|\n|t:|1776225815\n|switch|p2b: Sneasler|Sneasler, L50, F|100/100\n|move|p1b: Tsareena|Triple Axel|p2b: Sneasler\n|-damage|p2b: Sneasler|88/100\n|-damage|p2b: Sneasler|65/100\n|-damage|p2b: Sneasler|30/100\n|-hitcount|p2b: Sneasler|3\n|move|p1a: Aerodactyl|Rock Slide|p2a: Aerodactyl|[spread] p2a\n|-miss|p1a: Aerodactyl|p2b: Sneasler\n|-supereffective|p2a: Aerodactyl|1\n|-damage|p2a: Aerodactyl|15/100\n|move|p2a: Aerodactyl|Tailwind|p2a: Aerodactyl\n|-sidestart|p2: jiren2026|move: Tailwind\n|\n|upkeep\n|turn|3\n|\n|t:|1776225837\n|switch|p1b: Archaludon|Archaludon, L50, F|100/100\n|move|p1a: Aerodactyl|Protect|p1a: Aerodactyl\n|-singleturn|p1a: Aerodactyl|Protect\n|move|p2a: Aerodactyl|Ice Fang|p1b: Archaludon\n|-crit|p1b: Archaludon\n|-damage|p1b: Archaludon|80/100\n|move|p2b: Sneasler|Dire Claw|p1a: Aerodactyl\n|-activate|p1a: Aerodactyl|move: Protect\n|\n|-heal|p1b: Archaludon|86/100|[from] item: Leftovers\n|upkeep\n|turn|4\n|\n|t:|1776225858\n|move|p1a: Aerodactyl|Rock Slide|p2b: Sneasler|[spread] p2a,p2b\n|-supereffective|p2a: Aerodactyl|1\n|-resisted|p2b: Sneasler|1\n|-damage|p2a: Aerodactyl|0 fnt\n|-damage|p2b: Sneasler|10/100\n|faint|p2a: Aerodactyl\n|move|p2b: Sneasler|Close Combat|p1b: Archaludon\n|-supereffective|p1b: Archaludon|1\n|-damage|p1b: Archaludon|0 fnt\n|-unboost|p2b: Sneasler|def|1\n|-unboost|p2b: Sneasler|spd|1\n|faint|p1b: Archaludon\n|-enditem|p2b: Sneasler|White Herb\n|-clearnegativeboost|p2b: Sneasler|[silent]\n|\n|-sideend|p1: Crotine|move: Tailwind\n|upkeep\n|\n|t:|1776225877\n|switch|p2a: Charizard|Charizard, L50, F|100/100\n|switch|p1b: Delphox|Delphox, L50, M|100/100\n|turn|5\n|\n|t:|1776225886\n|detailschange|p2a: Charizard|Charizard-Mega-Y, L50, F\n|-mega|p2a: Charizard|Charizard|Charizardite Y\n|-weather|SunnyDay|[from] ability: Drought|[of] p2a: Charizard\n|move|p1a: Aerodactyl|Protect|p1a: Aerodactyl\n|-singleturn|p1a: Aerodactyl|Protect\n|move|p1b: Delphox|Protect|p1b: Delphox\n|-singleturn|p1b: Delphox|Protect\n|move|p2b: Sneasler|Dire Claw|p1b: Delphox\n|-activate|p1b: Delphox|move: Protect\n|move|p2a: Charizard|Heat Wave|p1b: Delphox|[spread] \n|-activate|p1a: Aerodactyl|move: Protect\n|-activate|p1b: Delphox|move: Protect\n|\n|-weather|SunnyDay|[upkeep]\n|-sideend|p2: jiren2026|move: Tailwind\n|upkeep\n|turn|6\n|\n|t:|1776225902\n|detailschange|p1b: Delphox|Delphox-Mega, L50, M\n|-mega|p1b: Delphox|Delphox|Delphoxite\n|move|p2a: Charizard|Protect|p2a: Charizard\n|-singleturn|p2a: Charizard|Protect\n|move|p2b: Sneasler|Dire Claw|p1a: Aerodactyl\n|-resisted|p1a: Aerodactyl|1\n|-damage|p1a: Aerodactyl|2/100\n|move|p1b: Delphox|Heat Wave|p2a: Charizard|[spread] p2b\n|-activate|p2a: Charizard|move: Protect\n|-damage|p2b: Sneasler|0 fnt\n|faint|p2b: Sneasler\n|move|p1a: Aerodactyl|Rock Slide|p2a: Charizard\n|-activate|p2a: Charizard|move: Protect\n|\n|-weather|SunnyDay|[upkeep]\n|upkeep\n|\n|t:|1776225913\n|switch|p2b: Hydreigon|Hydreigon, L50, M|100/100\n|turn|7\n|\n|t:|1776225937\n|move|p1a: Aerodactyl|Protect|p1a: Aerodactyl\n|-singleturn|p1a: Aerodactyl|Protect\n|move|p2b: Hydreigon|Dark Pulse|p1a: Aerodactyl\n|-activate|p1a: Aerodactyl|move: Protect\n|move|p1b: Delphox|Psychic|p2a: Charizard\n|-damage|p2a: Charizard|49/100\n|-unboost|p2a: Charizard|spd|1\n|move|p2a: Charizard|Heat Wave|p1b: Delphox|[spread] p1b\n|-activate|p1a: Aerodactyl|move: Protect\n|-resisted|p1b: Delphox|1\n|-damage|p1b: Delphox|67/100\n|\n|-weather|SunnyDay|[upkeep]\n|upkeep\n|turn|8\n|inactive|Crotine has 30 seconds left.\n|\n|t:|1776225965\n|move|p1a: Aerodactyl|Protect||[still]\n|-fail|p1a: Aerodactyl\n|move|p2a: Charizard|Protect|p2a: Charizard\n|-singleturn|p2a: Charizard|Protect\n|move|p2b: Hydreigon|Dark Pulse|p1b: Delphox\n|-supereffective|p1b: Delphox|1\n|-damage|p1b: Delphox|0 fnt\n|faint|p1b: Delphox\n|\n|-weather|SunnyDay|[upkeep]\n|upkeep\n|\n|t:|1776225973\n|switch|p1b: Tsareena|Tsareena, L50, F|45/100\n|turn|9\n|\n|t:|1776225982\n|move|p2b: Hydreigon|Dark Pulse|p1b: Tsareena\n|-damage|p1b: Tsareena|0 fnt\n|faint|p1b: Tsareena\n|move|p1a: Aerodactyl|Tailwind|p1a: Aerodactyl\n|-sidestart|p1: Crotine|move: Tailwind\n|move|p2a: Charizard|Heat Wave|p1a: Aerodactyl|[miss]\n|-miss|p2a: Charizard|p1a: Aerodactyl\n|\n|-weather|none\n|upkeep\n|turn|10\n|\n|t:|1776225995\n|move|p1a: Aerodactyl|Rock Slide|p2a: Charizard|[spread] p2a,p2b\n|-supereffective|p2a: Charizard|2\n|-damage|p2a: Charizard|0 fnt\n|-damage|p2b: Hydreigon|71/100\n|faint|p2a: Charizard\n|cant|p2b: Hydreigon|flinch\n|\n|upkeep\n|turn|11\n|\n|t:|1776226002\n|move|p1a: Aerodactyl|Rock Slide|p2b: Hydreigon\n|-damage|p2b: Hydreigon|29/100\n|move|p2b: Hydreigon|Dark Pulse|p1a: Aerodactyl\n|-damage|p1a: Aerodactyl|0 fnt\n|faint|p1a: Aerodactyl\n|\n|win|jiren2026\n|raw|Crotine's rating: 1231 &rarr; <strong>1207</strong><br />(-24 for losing)\n|raw|jiren2026's rating: 1240 &rarr; <strong>1264</strong><br />(+24 for winning)\n|c|\u2606Crotine|gg\n|l|\u2606Crotine\n|player|p1|\n",
  "uploadtime": 1776226025,
  "views": 28,
  "formatid": "gen9championsvgc2026regma",
  "rating": 1207,
  "private": 0,
  "password": null
}