{
  "id": "gen9championsvgc2026regma-2584788349",
  "format": "[Gen 9 Champions] VGC 2026 Reg M-A",
  "players": [
    "bio2.0",
    "Nebulash.dedede"
  ],
  "log": "|j|\u2606bio2.0\n|j|\u2606Nebulash.dedede\n|t:|1776283712\n|gametype|doubles\n|player|p1|bio2.0|266|1243\n|player|p2|Nebulash.dedede|2|1161\n|gen|9\n|tier|[Gen 9 Champions] VGC 2026 Reg M-A\n|rated|\n|rule|Species Clause: Limit one of each Pok\u00e9mon\n|rule|Item Clause: Limit 1 of each item\n|clearpoke\n|poke|p1|Greninja-*, L50, M|\n|poke|p1|Talonflame, L50, M|\n|poke|p1|Pelipper, L50, M|\n|poke|p1|Kingambit, L50, M|\n|poke|p1|Tauros-Paldea-Aqua, L50, M|\n|poke|p1|Archaludon, L50, F|\n|poke|p2|Aggron, L50, M|\n|poke|p2|Tyranitar, L50, F|\n|poke|p2|Floette-Eternal, L50, F|\n|poke|p2|Sinistcha, L50|\n|poke|p2|Rotom-Wash, L50|\n|poke|p2|Incineroar, L50, M|\n|teampreview|4\n|inactive|Battle timer is ON: inactive players will automatically lose when time's up. (requested by bio2.0)\n|\n|t:|1776283765\n|teamsize|p1|4\n|teamsize|p2|4\n|start\n|switch|p1a: Kingambit|Kingambit, L50, M|100/100\n|switch|p1b: Tauros|Tauros-Paldea-Aqua, L50, M|100/100\n|switch|p2a: Incineroar|Incineroar, L50, M|100/100\n|switch|p2b: Aggron|Aggron, L50, M|100/100\n|-ability|p1b: Tauros|Intimidate|boost\n|-unboost|p2a: Incineroar|atk|1\n|-unboost|p2b: Aggron|atk|1\n|-ability|p2a: Incineroar|Intimidate|boost\n|-unboost|p1a: Kingambit|atk|1\n|-ability|p1a: Kingambit|Defiant|boost\n|-boost|p1a: Kingambit|atk|2\n|-unboost|p1b: Tauros|atk|1\n|turn|1\n|\n|t:|1776283788\n|detailschange|p2b: Aggron|Aggron-Mega, L50, M\n|-mega|p2b: Aggron|Aggron|Aggronite\n|move|p1a: Kingambit|Protect|p1a: Kingambit\n|-singleturn|p1a: Kingambit|Protect\n|move|p2a: Incineroar|Fake Out|p1b: Tauros\n|-damage|p1b: Tauros|92/100\n|cant|p1b: Tauros|flinch\n|move|p2b: Aggron|Iron Defense|p2b: Aggron\n|-boost|p2b: Aggron|def|2\n|\n|upkeep\n|turn|2\n|\n|t:|1776283809\n|switch|p1a: Pelipper|Pelipper, L50, M|100/100\n|-weather|RainDance|[from] ability: Drizzle|[of] p1a: Pelipper\n|move|p1b: Tauros|Close Combat|p2b: Aggron\n|-supereffective|p2b: Aggron|1\n|-damage|p2b: Aggron|85/100\n|-unboost|p1b: Tauros|def|1\n|-unboost|p1b: Tauros|spd|1\n|move|p2a: Incineroar|Parting Shot|p1b: Tauros\n|-unboost|p1b: Tauros|atk|1\n|-unboost|p1b: Tauros|spa|1\n|\n|t:|1776283822\n|switch|p2a: Rotom|Rotom-Wash, L50|100/100|[from] Parting Shot\n|move|p2b: Aggron|Body Press|p1a: Pelipper\n|-resisted|p1a: Pelipper|1\n|-damage|p1a: Pelipper|39/100\n|\n|-weather|RainDance|[upkeep]\n|upkeep\n|turn|3\n|inactive|Nebulash.dedede has 30 seconds left.\n|\n|t:|1776283847\n|switch|p1b: Greninja|Greninja, L50, M|100/100\n|move|p1a: Pelipper|Weather Ball|p2b: Aggron\n|-damage|p2b: Aggron|17/100\n|move|p2a: Rotom|Electroweb|p1b: Greninja|[spread] p1a,p1b\n|-supereffective|p1a: Pelipper|2\n|-supereffective|p1b: Greninja|1\n|-damage|p1a: Pelipper|0 fnt\n|-damage|p1b: Greninja|46/100\n|-unboost|p1b: Greninja|spe|1\n|faint|p1a: Pelipper\n|move|p2b: Aggron|Body Press|p1b: Greninja\n|-supereffective|p1b: Greninja|1\n|-damage|p1b: Greninja|0 fnt\n|faint|p1b: Greninja\n|\n|-weather|RainDance|[upkeep]\n|upkeep\n|\n|t:|1776283857\n|switch|p1b: Tauros|Tauros-Paldea-Aqua, L50, M|92/100\n|switch|p1a: Kingambit|Kingambit, L50, M|100/100\n|-ability|p1b: Tauros|Intimidate|boost\n|-unboost|p2a: Rotom|atk|1\n|-unboost|p2b: Aggron|atk|1\n|turn|4\n|\n|t:|1776283879\n|move|p2a: Rotom|Volt Switch|p1b: Tauros\n|-supereffective|p1b: Tauros|1\n|-damage|p1b: Tauros|24/100\n|\n|t:|1776283884\n|switch|p2a: Sinistcha|Sinistcha, L50|100/100|[from] Volt Switch\n|-heal|p2b: Aggron|42/100|[from] ability: Hospitality|[of] p2a: Sinistcha\n|move|p1b: Tauros|Wave Crash|p2b: Aggron\n|-damage|p2b: Aggron|23/100\n|-damage|p1b: Tauros|18/100|[from] Recoil\n|move|p1a: Kingambit|Kowtow Cleave|p2a: Sinistcha\n|-supereffective|p2a: Sinistcha|1\n|-damage|p2a: Sinistcha|12/100\n|move|p2b: Aggron|Body Press|p1a: Kingambit\n|-supereffective|p1a: Kingambit|2\n|-enditem|p1a: Kingambit|Chople Berry|[eat]\n|-enditem|p1a: Kingambit|Chople Berry|[weaken]\n|-damage|p1a: Kingambit|0 fnt\n|faint|p1a: Kingambit\n|\n|-weather|RainDance|[upkeep]\n|upkeep\n|turn|5\n|-message|bio2.0 forfeited.\n|\n|win|Nebulash.dedede\n|raw|bio2.0's rating: 1243 &rarr; <strong>1212</strong><br />(-31 for losing)\n|raw|Nebulash.dedede's rating: 1161 &rarr; <strong>1192</strong><br />(+31 for winning)\n|l|\u2606bio2.0\n|player|p1|\n",
  "uploadtime": 1776283901,
  "views": 26,
  "formatid": "gen9championsvgc2026regma",
  "rating": 1192,
  "private": 0,
  "password": null
}