{
  "id": "gen9championsvgc2026regma-2586050924",
  "format": "[Gen 9 Champions] VGC 2026 Reg M-A",
  "players": [
    "Pyrophoric",
    "loklastaji"
  ],
  "log": "|j|\u2606Pyrophoric\n|j|\u2606loklastaji\n|t:|1776393886\n|gametype|doubles\n|player|p1|Pyrophoric|265|1086\n|player|p2|loklastaji|170|1138\n|gen|9\n|tier|[Gen 9 Champions] VGC 2026 Reg M-A\n|rated|\n|rule|Species Clause: Limit one of each Pok\u00e9mon\n|rule|Item Clause: Limit 1 of each item\n|clearpoke\n|poke|p1|Kangaskhan, L50, F|\n|poke|p1|Archaludon, L50, F|\n|poke|p1|Talonflame, L50, F|\n|poke|p1|Typhlosion-Hisui, L50, M|\n|poke|p1|Charizard, L50, F|\n|poke|p1|Rotom-Wash, L50|\n|poke|p2|Samurott-Hisui, L50, M|\n|poke|p2|Delphox, L50, F|\n|poke|p2|Tinkaton, L50, F|\n|poke|p2|Decidueye-Hisui, L50, M|\n|poke|p2|Dragonite, L50, M|\n|poke|p2|Farigiraf, L50, M|\n|teampreview|4\n|\n|t:|1776393926\n|teamsize|p1|4\n|teamsize|p2|4\n|start\n|switch|p1a: Typhlosion|Typhlosion-Hisui, L50, M|100/100\n|switch|p1b: Charizard|Charizard, L50, F|100/100\n|switch|p2a: Samurott|Samurott-Hisui, L50, M|100/100\n|switch|p2b: Farigiraf|Farigiraf, L50, M|100/100\n|-item|p2a: Samurott|White Herb|[from] ability: Frisk|[of] p1a: Typhlosion\n|-item|p2b: Farigiraf|Colbur Berry|[from] ability: Frisk|[of] p1a: Typhlosion\n|turn|1\n|\n|t:|1776393953\n|detailschange|p1b: Charizard|Charizard-Mega-Y, L50, F\n|-mega|p1b: Charizard|Charizard|Charizardite Y\n|-weather|SunnyDay|[from] ability: Drought|[of] p1b: Charizard\n|move|p2a: Samurott|Sucker Punch|p1a: Typhlosion\n|-supereffective|p1a: Typhlosion|1\n|-damage|p1a: Typhlosion|0 fnt\n|faint|p1a: Typhlosion\n|move|p1b: Charizard|Solar Beam||[still]\n|-prepare|p1b: Charizard|Solar Beam\n|-anim|p1b: Charizard|Solar Beam|p2a: Samurott\n|-supereffective|p2a: Samurott|1\n|-damage|p2a: Samurott|0 fnt\n|faint|p2a: Samurott\n|move|p2b: Farigiraf|Psychic Terrain|p2b: Farigiraf\n|-fieldstart|move: Psychic Terrain\n|\n|-weather|SunnyDay|[upkeep]\n|upkeep\n|\n|t:|1776393971\n|switch|p1a: Rotom|Rotom-Wash, L50|100/100\n|switch|p2a: Delphox|Delphox, L50, F|100/100\n|turn|2\n|\n|t:|1776393992\n|move|p2a: Delphox|Protect|p2a: Delphox\n|-singleturn|p2a: Delphox|Protect\n|move|p1b: Charizard|Heat Wave|p2a: Delphox|[spread] p2b\n|-activate|p2a: Delphox|move: Protect\n|-damage|p2b: Farigiraf|30/100\n|move|p1a: Rotom|Thunderbolt|p2a: Delphox\n|-activate|p2a: Delphox|move: Protect\n|move|p2b: Farigiraf|Expanding Force|p1b: Charizard|[spread] p1a,p1b\n|-crit|p1b: Charizard\n|-damage|p1a: Rotom|41/100\n|-damage|p1b: Charizard|13/100\n|-enditem|p1a: Rotom|Sitrus Berry|[eat]\n|-heal|p1a: Rotom|66/100|[from] item: Sitrus Berry\n|\n|-weather|SunnyDay|[upkeep]\n|upkeep\n|turn|3\n|\n|t:|1776394022\n|move|p1b: Charizard|Protect|p1b: Charizard\n|-singleturn|p1b: Charizard|Protect\n|move|p2a: Delphox|Expanding Force|p1b: Charizard|[spread] p1a\n|-activate|p1b: Charizard|move: Protect\n|-damage|p1a: Rotom|16/100\n|move|p1a: Rotom|Thunderbolt|p2b: Farigiraf\n|-damage|p2b: Farigiraf|0 fnt\n|faint|p2b: Farigiraf\n|\n|-weather|SunnyDay|[upkeep]\n|upkeep\n|\n|t:|1776394034\n|switch|p2b: Decidueye|Decidueye-Hisui, L50, M|100/100\n|turn|4\n|\n|t:|1776394063\n|move|p2b: Decidueye|Close Combat|p1a: Rotom\n|-damage|p1a: Rotom|0 fnt\n|-unboost|p2b: Decidueye|def|1\n|-unboost|p2b: Decidueye|spd|1\n|faint|p1a: Rotom\n|move|p1b: Charizard|Heat Wave|p2b: Decidueye|[spread] p2a,p2b\n|-resisted|p2a: Delphox|1\n|-supereffective|p2b: Decidueye|1\n|-damage|p2a: Delphox|59/100\n|-damage|p2b: Decidueye|0 fnt\n|faint|p2b: Decidueye\n|move|p2a: Delphox|Expanding Force|p1b: Charizard\n|-damage|p1b: Charizard|0 fnt\n|faint|p1b: Charizard\n|\n|-weather|SunnyDay|[upkeep]\n|upkeep\n|\n|t:|1776394081\n|switch|p1b: Talonflame|Talonflame, L50, F|100/100\n|turn|5\n|\n|t:|1776394098\n|move|p1b: Talonflame|Protect|p1b: Talonflame\n|-singleturn|p1b: Talonflame|Protect\n|move|p2a: Delphox|Expanding Force|p1b: Talonflame\n|-activate|p1b: Talonflame|move: Protect\n|\n|-weather|none\n|-fieldend|move: Psychic Terrain\n|upkeep\n|turn|6\n|\n|t:|1776394107\n|detailschange|p2a: Delphox|Delphox-Mega, L50, F\n|-mega|p2a: Delphox|Delphox|Delphoxite\n|move|p1b: Talonflame|Brave Bird|p2a: Delphox\n|-damage|p2a: Delphox|0 fnt\n|faint|p2a: Delphox\n|-damage|p1b: Talonflame|82/100|[from] Recoil\n|\n|win|Pyrophoric\n|raw|Pyrophoric's rating: 1086 &rarr; <strong>1117</strong><br />(+31 for winning)\n|raw|loklastaji's rating: 1138 &rarr; <strong>1109</strong><br />(-29 for losing)\n",
  "uploadtime": 1776394115,
  "views": 14,
  "formatid": "gen9championsvgc2026regma",
  "rating": 1109,
  "private": 0,
  "password": null
}