{
  "id": "gen9championsvgc2026regma-2580449766",
  "format": "[Gen 9 Champions] VGC 2026 Reg M-A",
  "players": [
    "knightsnail",
    "DracovishGlazer"
  ],
  "log": "|j|\u2606knightsnail\n|j|\u2606DracovishGlazer\n|t:|1775898321\n|gametype|doubles\n|player|p1|knightsnail|101|1023\n|player|p2|DracovishGlazer|skier|1121\n|gen|9\n|tier|[Gen 9 Champions] VGC 2026 Reg M-A\n|rated|\n|rule|Species Clause: Limit one of each Pok\u00e9mon\n|rule|Item Clause: Limit 1 of each item\n|clearpoke\n|poke|p1|Excadrill, L50, F|\n|poke|p1|Tyranitar, L50, F|\n|poke|p1|Corviknight, L50, M|\n|poke|p1|Hawlucha, L50, M|\n|poke|p1|Rotom-Wash, L50|\n|poke|p1|Garchomp, L50, F|\n|poke|p2|Froslass, L50, F|\n|poke|p2|Kingambit, L50, F|\n|poke|p2|Corviknight, L50, F|\n|poke|p2|Arcanine-Hisui, L50, F|\n|poke|p2|Garchomp, L50, M|\n|poke|p2|Glimmora, L50, F|\n|teampreview|4\n|inactive|Battle timer is ON: inactive players will automatically lose when time's up. (requested by DracovishGlazer)\n|\n|t:|1775898384\n|teamsize|p1|4\n|teamsize|p2|4\n|start\n|switch|p1a: Tyranitar|Tyranitar, L50, F|100/100\n|switch|p1b: Corviknight|Corviknight, L50, M|100/100\n|switch|p2a: Corviknight|Corviknight, L50, F|100/100\n|switch|p2b: Garchomp|Garchomp, L50, M|100/100\n|-weather|Sandstorm|[from] ability: Sand Stream|[of] p1a: Tyranitar\n|turn|1\n|\n|t:|1775898405\n|switch|p1a: Rotom|Rotom-Wash, L50|100/100\n|move|p2b: Garchomp|Swords Dance|p2b: Garchomp\n|-boost|p2b: Garchomp|atk|2\n|move|p2a: Corviknight|Body Press|p1a: Rotom\n|-damage|p1a: Rotom|71/100\n|move|p1b: Corviknight|Bulk Up|p1b: Corviknight\n|-boost|p1b: Corviknight|atk|1\n|-boost|p1b: Corviknight|def|1\n|\n|-weather|Sandstorm|[upkeep]\n|-damage|p1a: Rotom|65/100|[from] Sandstorm\n|upkeep\n|turn|2\n|\n|t:|1775898424\n|move|p1a: Rotom|Will-O-Wisp|p2b: Garchomp\n|-status|p2b: Garchomp|brn\n|move|p2b: Garchomp|Rock Slide|p1a: Rotom|[spread] p1a,p1b\n|-damage|p1a: Rotom|42/100\n|-damage|p1b: Corviknight|89/100\n|move|p2a: Corviknight|Iron Defense|p2a: Corviknight\n|-boost|p2a: Corviknight|def|2\n|move|p1b: Corviknight|Bulk Up|p1b: Corviknight\n|-boost|p1b: Corviknight|atk|1\n|-boost|p1b: Corviknight|def|1\n|\n|-weather|Sandstorm|[upkeep]\n|-damage|p1a: Rotom|36/100|[from] Sandstorm\n|-heal|p1b: Corviknight|95/100|[from] item: Leftovers\n|-damage|p2b: Garchomp|95/100 brn|[from] brn\n|upkeep\n|turn|3\n|\n|t:|1775898444\n|switch|p1a: Excadrill|Excadrill, L50, F|100/100\n|move|p2b: Garchomp|Rock Slide|p1b: Corviknight|[spread] p1a,p1b\n|-resisted|p1a: Excadrill|2\n|-damage|p1a: Excadrill|94/100\n|-damage|p1b: Corviknight|87/100\n|move|p2a: Corviknight|Body Press|p1a: Excadrill\n|-supereffective|p1a: Excadrill|1\n|-damage|p1a: Excadrill|0 fnt\n|faint|p1a: Excadrill\n|move|p1b: Corviknight|Bulk Up|p1b: Corviknight\n|-boost|p1b: Corviknight|atk|1\n|-boost|p1b: Corviknight|def|1\n|\n|-weather|Sandstorm|[upkeep]\n|-heal|p1b: Corviknight|93/100|[from] item: Leftovers\n|-damage|p2b: Garchomp|89/100 brn|[from] brn\n|upkeep\n|\n|t:|1775898458\n|switch|p1a: Rotom|Rotom-Wash, L50|36/100\n|turn|4\n|\n|t:|1775898468\n|move|p2b: Garchomp|Rock Slide|p1b: Corviknight|[spread] p1a,p1b\n|-damage|p1a: Rotom|14/100\n|-damage|p1b: Corviknight|86/100\n|move|p1a: Rotom|Thunderbolt|p2a: Corviknight\n|-supereffective|p2a: Corviknight|1\n|-damage|p2a: Corviknight|8/100\n|move|p2a: Corviknight|Body Press|p1a: Rotom\n|-damage|p1a: Rotom|0 fnt\n|faint|p1a: Rotom\n|move|p1b: Corviknight|Dual Wingbeat|p2a: Corviknight\n|-resisted|p2a: Corviknight|1\n|-damage|p2a: Corviknight|0 fnt\n|faint|p2a: Corviknight\n|-hitcount|p2: Corviknight|1\n|\n|-weather|Sandstorm|[upkeep]\n|-heal|p1b: Corviknight|92/100|[from] item: Leftovers\n|-damage|p2b: Garchomp|83/100 brn|[from] brn\n|upkeep\n|\n|t:|1775898484\n|switch|p1a: Tyranitar|Tyranitar, L50, F|100/100\n|switch|p2a: Froslass|Froslass, L50, F|100/100\n|turn|5\n|\n|t:|1775898501\n|move|p2a: Froslass|Protect|p2a: Froslass\n|-singleturn|p2a: Froslass|Protect\n|move|p2b: Garchomp|Stomping Tantrum|p1a: Tyranitar\n|-supereffective|p1a: Tyranitar|1\n|-damage|p1a: Tyranitar|34/100\n|move|p1a: Tyranitar|Dragon Dance|p1a: Tyranitar\n|-boost|p1a: Tyranitar|atk|1\n|-boost|p1a: Tyranitar|spe|1\n|move|p1b: Corviknight|Dual Wingbeat|p2a: Froslass\n|-activate|p2a: Froslass|move: Protect\n|\n|-weather|none\n|-heal|p1b: Corviknight|98/100|[from] item: Leftovers\n|-damage|p2b: Garchomp|77/100 brn|[from] brn\n|upkeep\n|turn|6\n|\n|t:|1775898520\n|detailschange|p2a: Froslass|Froslass-Mega, L50, F\n|-mega|p2a: Froslass|Froslass|Froslassite\n|-weather|Snowscape|[from] ability: Snow Warning|[of] p2a: Froslass\n|detailschange|p1a: Tyranitar|Tyranitar-Mega, L50, F\n|-mega|p1a: Tyranitar|Tyranitar|Tyranitarite\n|-weather|Sandstorm|[from] ability: Sand Stream|[of] p1a: Tyranitar\n|move|p1a: Tyranitar|Protect|p1a: Tyranitar\n|-singleturn|p1a: Tyranitar|Protect\n|move|p2a: Froslass|Blizzard|p1b: Corviknight|[spread] p1b\n|-activate|p1a: Tyranitar|move: Protect\n|-damage|p1b: Corviknight|58/100\n|move|p2b: Garchomp|Stomping Tantrum|p1a: Tyranitar\n|-activate|p1a: Tyranitar|move: Protect\n|move|p1b: Corviknight|Body Press|p2b: Garchomp\n|-damage|p2b: Garchomp|26/100 brn\n|-damage|p1b: Corviknight|46/100|[from] ability: Rough Skin|[of] p2b: Garchomp\n|\n|-weather|Sandstorm|[upkeep]\n|-damage|p2a: Froslass|94/100|[from] Sandstorm\n|-heal|p1b: Corviknight|52/100|[from] item: Leftovers\n|-damage|p2b: Garchomp|20/100 brn|[from] brn\n|upkeep\n|turn|7\n|inactive|knightsnail has 30 seconds left.\n|\n|t:|1775898554\n|move|p2a: Froslass|Blizzard|p1b: Corviknight|[spread] p1a,p1b\n|-damage|p1a: Tyranitar|11/100\n|-damage|p1b: Corviknight|10/100\n|move|p1a: Tyranitar|Rock Slide|p2a: Froslass|[spread] p2a,p2b\n|-supereffective|p2a: Froslass|1\n|-resisted|p2b: Garchomp|1\n|-damage|p2a: Froslass|0 fnt\n|-damage|p2b: Garchomp|0 fnt\n|faint|p2a: Froslass\n|faint|p2b: Garchomp\n|move|p1b: Corviknight|Dual Wingbeat|p2: Froslass|[notarget]\n|-fail|p1b: Corviknight\n|\n|-weather|Sandstorm|[upkeep]\n|-heal|p1b: Corviknight|16/100|[from] item: Leftovers\n|upkeep\n|\n|t:|1775898566\n|switch|p2a: Glimmora|Glimmora, L50, F|100/100\n|turn|8\n|\n|t:|1775898575\n|move|p1a: Tyranitar|Knock Off|p2a: Glimmora\n|-enditem|p2a: Glimmora|Focus Sash\n|-damage|p2a: Glimmora|1/100\n|-activate|p2a: Glimmora|ability: Toxic Debris\n|-sidestart|p1: knightsnail|move: Toxic Spikes\n|move|p2a: Glimmora|Power Gem|p1b: Corviknight\n|-damage|p1b: Corviknight|0 fnt\n|faint|p1b: Corviknight\n|\n|-weather|Sandstorm|[upkeep]\n|upkeep\n|turn|9\n|\n|t:|1775898588\n|move|p2a: Glimmora|Spiky Shield|p2a: Glimmora\n|-singleturn|p2a: Glimmora|move: Protect\n|move|p1a: Tyranitar|Knock Off|p2a: Glimmora\n|-activate|p2a: Glimmora|move: Protect\n|-damage|p1a: Tyranitar|0 fnt|[from] Spiky Shield|[of] p2a: Glimmora\n|faint|p1a: Tyranitar\n|\n|win|DracovishGlazer\n|raw|knightsnail's rating: 1023 &rarr; <strong>1013</strong><br />(-10 for losing)\n|raw|DracovishGlazer's rating: 1121 &rarr; <strong>1139</strong><br />(+18 for winning)\n",
  "uploadtime": 1775898741,
  "views": 44,
  "formatid": "gen9championsvgc2026regma",
  "rating": 1013,
  "private": 0,
  "password": null
}