{
  "id": "gen9championsvgc2026regma-2582427490",
  "format": "[Gen 9 Champions] VGC 2026 Reg M-A",
  "players": [
    "porygon-epilepz",
    "siunhanech"
  ],
  "log": "|j|\u2606porygon-epilepz\n|j|\u2606siunhanech\n|t:|1776090998\n|gametype|doubles\n|player|p1|porygon-epilepz|hiker-gen4|1130\n|player|p2|siunhanech|cynthia-gen4|1101\n|gen|9\n|tier|[Gen 9 Champions] VGC 2026 Reg M-A\n|rated|\n|rule|Species Clause: Limit one of each Pok\u00e9mon\n|rule|Item Clause: Limit 1 of each item\n|clearpoke\n|poke|p1|Kommo-o, L50, F|\n|poke|p1|Incineroar, L50, F|\n|poke|p1|Glimmora, L50, F|\n|poke|p1|Sinistcha, L50|\n|poke|p1|Talonflame, L50, F|\n|poke|p1|Palafin, L50, M|\n|poke|p2|Starmie, L50|\n|poke|p2|Garchomp, L50, M|\n|poke|p2|Tyranitar, L50, F|\n|poke|p2|Aerodactyl, L50, M|\n|poke|p2|Rotom-Heat, L50|\n|poke|p2|Aegislash, L50, M|\n|teampreview|4\n|inactive|Battle timer is ON: inactive players will automatically lose when time's up. (requested by siunhanech)\n|inactive|porygon-epilepz has 60 seconds left.\n|inactive|siunhanech has 60 seconds left.\n|\n|t:|1776091041\n|teamsize|p1|4\n|teamsize|p2|4\n|start\n|switch|p1a: Incineroar|Incineroar, L50, F|100/100\n|switch|p1b: Kommo-o|Kommo-o, L50, F|100/100\n|switch|p2a: Kh\u1ee7ng long bay|Aerodactyl, L50, M|100/100\n|switch|p2b: C\u00e1 m\u1eadp b\u00e9o|Garchomp, L50, M|100/100\n|-ability|p2a: Kh\u1ee7ng long bay|Unnerve\n|-ability|p1a: Incineroar|Intimidate|boost\n|-unboost|p2a: Kh\u1ee7ng long bay|atk|1\n|-unboost|p2b: C\u00e1 m\u1eadp b\u00e9o|atk|1\n|-enditem|p2b: C\u00e1 m\u1eadp b\u00e9o|White Herb\n|-clearnegativeboost|p2b: C\u00e1 m\u1eadp b\u00e9o|[silent]\n|turn|1\n|\n|t:|1776091049\n|move|p2a: Kh\u1ee7ng long bay|Protect|p2a: Kh\u1ee7ng long bay\n|-singleturn|p2a: Kh\u1ee7ng long bay|Protect\n|move|p2b: C\u00e1 m\u1eadp b\u00e9o|Protect|p2b: C\u00e1 m\u1eadp b\u00e9o\n|-singleturn|p2b: C\u00e1 m\u1eadp b\u00e9o|Protect\n|move|p1a: Incineroar|Fake Out|p2b: C\u00e1 m\u1eadp b\u00e9o\n|-activate|p2b: C\u00e1 m\u1eadp b\u00e9o|move: Protect\n|move|p1b: Kommo-o|Clangorous Soul|p1b: Kommo-o\n|-boost|p1b: Kommo-o|atk|1\n|-boost|p1b: Kommo-o|def|1\n|-boost|p1b: Kommo-o|spa|1\n|-boost|p1b: Kommo-o|spd|1\n|-boost|p1b: Kommo-o|spe|1\n|-damage|p1b: Kommo-o|68/100\n|\n|-heal|p1b: Kommo-o|74/100|[from] item: Leftovers\n|upkeep\n|turn|2\n|inactive|porygon-epilepz has 30 seconds left.\n|\n|t:|1776091075\n|switch|p2b: Kh\u1ee7ng long b\u00e9o|Tyranitar, L50, F|100/100\n|-weather|Sandstorm|[from] ability: Sand Stream|[of] p2b: Kh\u1ee7ng long b\u00e9o\n|move|p1b: Kommo-o|Protect|p1b: Kommo-o\n|-singleturn|p1b: Kommo-o|Protect\n|move|p2a: Kh\u1ee7ng long bay|Tailwind|p2a: Kh\u1ee7ng long bay\n|-sidestart|p2: siunhanech|move: Tailwind\n|move|p1a: Incineroar|Throat Chop|p2a: Kh\u1ee7ng long bay\n|-damage|p2a: Kh\u1ee7ng long bay|46/100\n|-start|p2a: Kh\u1ee7ng long bay|Throat Chop|[silent]\n|\n|-weather|Sandstorm|[upkeep]\n|-damage|p1a: Incineroar|94/100|[from] Sandstorm\n|-heal|p1b: Kommo-o|80/100|[from] item: Leftovers\n|upkeep\n|turn|3\n|\n|t:|1776091097\n|move|p2a: Kh\u1ee7ng long bay|Dual Wingbeat|p1b: Kommo-o\n|-supereffective|p1b: Kommo-o|1\n|-damage|p1b: Kommo-o|65/100\n|-supereffective|p1b: Kommo-o|1\n|-damage|p1b: Kommo-o|50/100\n|-hitcount|p1b: Kommo-o|2\n|move|p2b: Kh\u1ee7ng long b\u00e9o|Rock Slide|p1a: Incineroar|[spread] p1a\n|-miss|p2b: Kh\u1ee7ng long b\u00e9o|p1b: Kommo-o\n|-supereffective|p1a: Incineroar|1\n|-damage|p1a: Incineroar|51/100\n|move|p1b: Kommo-o|Aura Sphere|p2b: Kh\u1ee7ng long b\u00e9o\n|-supereffective|p2b: Kh\u1ee7ng long b\u00e9o|2\n|-crit|p2b: Kh\u1ee7ng long b\u00e9o\n|-damage|p2b: Kh\u1ee7ng long b\u00e9o|0 fnt\n|faint|p2b: Kh\u1ee7ng long b\u00e9o\n|cant|p1a: Incineroar|flinch\n|\n|-weather|Sandstorm|[upkeep]\n|-damage|p1a: Incineroar|45/100|[from] Sandstorm\n|-heal|p1b: Kommo-o|57/100|[from] item: Leftovers\n|-end|p2a: Kh\u1ee7ng long bay|Throat Chop|[silent]\n|upkeep\n|\n|t:|1776091110\n|switch|p2b: C\u00e1 m\u1eadp b\u00e9o|Garchomp, L50, M|100/100\n|turn|4\n|\n|t:|1776091114\n|switch|p1a: Sinistcha|Sinistcha, L50|100/100\n|-heal|p1b: Kommo-o|82/100|[from] ability: Hospitality|[of] p1a: Sinistcha\n|move|p1b: Kommo-o|Protect|p1b: Kommo-o\n|-singleturn|p1b: Kommo-o|Protect\n|move|p2a: Kh\u1ee7ng long bay|Dual Wingbeat|p1b: Kommo-o\n|-activate|p1b: Kommo-o|move: Protect\n|move|p2b: C\u00e1 m\u1eadp b\u00e9o|Earthquake|p1b: Kommo-o|[spread] p1a\n|-activate|p1b: Kommo-o|move: Protect\n|-immune|p2a: Kh\u1ee7ng long bay\n|-resisted|p1a: Sinistcha|1\n|-crit|p1a: Sinistcha\n|-damage|p1a: Sinistcha|72/100\n|\n|-weather|Sandstorm|[upkeep]\n|-damage|p1a: Sinistcha|66/100|[from] Sandstorm\n|-heal|p1b: Kommo-o|88/100|[from] item: Leftovers\n|upkeep\n|turn|5\n|\n|t:|1776091125\n|switch|p1a: Incineroar|Incineroar, L50, F|45/100\n|-ability|p1a: Incineroar|Intimidate|boost\n|-unboost|p2a: Kh\u1ee7ng long bay|atk|1\n|-unboost|p2b: C\u00e1 m\u1eadp b\u00e9o|atk|1\n|move|p2a: Kh\u1ee7ng long bay|Dual Wingbeat|p1a: Incineroar\n|-damage|p1a: Incineroar|38/100\n|-crit|p1a: Incineroar\n|-damage|p1a: Incineroar|18/100\n|-hitcount|p1a: Incineroar|2\n|move|p2b: C\u00e1 m\u1eadp b\u00e9o|Dragon Claw|p1b: Kommo-o\n|-supereffective|p1b: Kommo-o|1\n|-damage|p1b: Kommo-o|54/100\n|move|p1b: Kommo-o|Clanging Scales|p2a: Kh\u1ee7ng long bay|[spread] p2a,p2b\n|-supereffective|p2b: C\u00e1 m\u1eadp b\u00e9o|1\n|-damage|p2a: Kh\u1ee7ng long bay|0 fnt\n|-damage|p2b: C\u00e1 m\u1eadp b\u00e9o|0 fnt\n|faint|p2a: Kh\u1ee7ng long bay\n|faint|p2b: C\u00e1 m\u1eadp b\u00e9o\n|-unboost|p1b: Kommo-o|def|1\n|\n|-weather|Sandstorm|[upkeep]\n|-damage|p1a: Incineroar|12/100|[from] Sandstorm\n|-heal|p1b: Kommo-o|60/100|[from] item: Leftovers\n|-sideend|p2: siunhanech|move: Tailwind\n|upkeep\n|\n|t:|1776091129\n|switch|p2b: Sao bi\u1ec3n|Starmie, L50|100/100\n|turn|6\n|\n|t:|1776091139\n|detailschange|p2b: Sao bi\u1ec3n|Starmie-Mega, L50\n|-mega|p2b: Sao bi\u1ec3n|Starmie|Starminite\n|move|p1a: Incineroar|Fake Out|p2b: Sao bi\u1ec3n\n|-damage|p2b: Sao bi\u1ec3n|87/100\n|move|p1b: Kommo-o|Clangorous Soul|p1b: Kommo-o\n|-boost|p1b: Kommo-o|atk|1\n|-boost|p1b: Kommo-o|def|1\n|-boost|p1b: Kommo-o|spa|1\n|-boost|p1b: Kommo-o|spd|1\n|-boost|p1b: Kommo-o|spe|1\n|-damage|p1b: Kommo-o|27/100\n|cant|p2b: Sao bi\u1ec3n|flinch\n|\n|-weather|none\n|-heal|p1b: Kommo-o|33/100|[from] item: Leftovers\n|upkeep\n|turn|7\n|-message|siunhanech forfeited.\n|\n|win|porygon-epilepz\n|raw|porygon-epilepz's rating: 1130 &rarr; <strong>1153</strong><br />(+23 for winning)\n|raw|siunhanech's rating: 1101 &rarr; <strong>1078</strong><br />(-23 for losing)\n",
  "uploadtime": 1776091001,
  "views": 14,
  "formatid": "gen9championsvgc2026regma",
  "rating": 1078,
  "private": 0,
  "password": null
}