{
  "id": "gen9championsvgc2026regma-2583710712",
  "format": "[Gen 9 Champions] VGC 2026 Reg M-A",
  "players": [
    "not name fren",
    "thepeasent"
  ],
  "log": "|j|\u2606not name fren\n|j|\u2606thepeasent\n|t:|1776192512\n|gametype|doubles\n|player|p1|not name fren|worker-gen6|1302\n|player|p2|thepeasent|gloria-dojo|1356\n|gen|9\n|tier|[Gen 9 Champions] VGC 2026 Reg M-A\n|rated|\n|rule|Species Clause: Limit one of each Pok\u00e9mon\n|rule|Item Clause: Limit 1 of each item\n|clearpoke\n|poke|p1|Goodra-Hisui, L50, M|\n|poke|p1|Volcarona, L50, M|\n|poke|p1|Banette, L50, M|\n|poke|p1|Garchomp, L50, M|\n|poke|p1|Ninetales-Alola, L50, M|\n|poke|p1|Aerodactyl, L50, M|\n|poke|p2|Glimmora, L50, F|\n|poke|p2|Tyranitar, L50, M|\n|poke|p2|Excadrill, L50, F|\n|poke|p2|Milotic, L50, F|\n|poke|p2|Sneasler, L50, M|\n|poke|p2|Rotom-Wash, L50|\n|teampreview|4\n|inactive|Battle timer is ON: inactive players will automatically lose when time's up. (requested by thepeasent)\n|inactive|not name fren also wants the timer to be on.\n|inactive|thepeasent has 60 seconds left.\n|\n|t:|1776192552\n|teamsize|p1|4\n|teamsize|p2|4\n|start\n|switch|p1a: Banette|Banette, L50, M, shiny|100/100\n|switch|p1b: Garchomp|Garchomp, L50, M|100/100\n|switch|p2a: Rotom|Rotom-Wash, L50|100/100\n|switch|p2b: Excadrill|Excadrill, L50, F|100/100\n|turn|1\n|\n|t:|1776192569\n|detailschange|p1a: Banette|Banette-Mega, L50, M, shiny\n|-mega|p1a: Banette|Banette|Banettite\n|move|p2b: Excadrill|Protect|p2b: Excadrill\n|-singleturn|p2b: Excadrill|Protect\n|move|p1b: Garchomp|Dragon Claw|p2a: Rotom\n|-damage|p2a: Rotom|62/100\n|move|p1a: Banette|Poltergeist|p2a: Rotom\n|-activate|p2a: Rotom|move: Poltergeist|Sitrus Berry\n|-damage|p2a: Rotom|3/100\n|-enditem|p2a: Rotom|Sitrus Berry|[eat]\n|-heal|p2a: Rotom|28/100|[from] item: Sitrus Berry\n|move|p2a: Rotom|Hydro Pump|p1b: Garchomp|[miss]\n|-miss|p2a: Rotom|p1b: Garchomp\n|\n|upkeep\n|turn|2\n|\n|t:|1776192592\n|move|p2a: Rotom|Protect|p2a: Rotom\n|-singleturn|p2a: Rotom|Protect\n|move|p1a: Banette|Encore|p2b: Excadrill\n|-start|p2b: Excadrill|Encore\n|move|p2b: Excadrill|Protect|p2b: Excadrill\n|-singleturn|p2b: Excadrill|Protect\n|move|p1b: Garchomp|Dragon Claw|p2a: Rotom\n|-activate|p2a: Rotom|move: Protect\n|\n|upkeep\n|turn|3\n|\n|t:|1776192610\n|switch|p2b: Glimmora|Glimmora, L50, F|100/100\n|switch|p1a: Goodra|Goodra-Hisui, L50, M|100/100\n|switch|p2a: Tyranitar|Tyranitar, L50, M, shiny|100/100\n|-weather|Sandstorm|[from] ability: Sand Stream|[of] p2a: Tyranitar\n|move|p1b: Garchomp|Dragon Claw|p2a: Tyranitar\n|-crit|p2a: Tyranitar\n|-damage|p2a: Tyranitar|52/100\n|\n|-weather|Sandstorm|[upkeep]\n|upkeep\n|turn|4\n|\n|t:|1776192631\n|switch|p2b: Rotom|Rotom-Wash, L50|28/100\n|switch|p1a: Ninetales|Ninetales-Alola, L50, M, shiny|100/100\n|-weather|Snowscape|[from] ability: Snow Warning|[of] p1a: Ninetales\n|move|p1b: Garchomp|Dragon Claw|p2a: Tyranitar\n|-damage|p2a: Tyranitar|23/100\n|move|p2a: Tyranitar|Low Kick|p1a: Ninetales\n|-damage|p1a: Ninetales|87/100\n|\n|-weather|Snowscape|[upkeep]\n|upkeep\n|turn|5\n|\n|t:|1776192647\n|switch|p1b: Banette|Banette-Mega, L50, M, shiny|100/100\n|switch|p2b: Glimmora|Glimmora, L50, F|100/100\n|switch|p2a: Excadrill|Excadrill, L50, F|100/100\n|move|p1a: Ninetales|Blizzard|p2a: Excadrill|[spread] p2a,p2b\n|-damage|p2a: Excadrill|64/100\n|-damage|p2b: Glimmora|66/100\n|\n|-weather|Snowscape|[upkeep]\n|upkeep\n|turn|6\n|\n|t:|1776192665\n|switch|p1a: Garchomp|Garchomp, L50, M|100/100\n|detailschange|p2b: Glimmora|Glimmora-Mega, L50, F\n|-mega|p2b: Glimmora|Glimmora|Glimmoranite\n|move|p1b: Banette|Will-O-Wisp|p2a: Excadrill\n|-status|p2a: Excadrill|brn\n|move|p2b: Glimmora|Sludge Bomb|p1a: Garchomp\n|-resisted|p1a: Garchomp|1\n|-damage|p1a: Garchomp|60/100\n|-status|p1a: Garchomp|psn\n|move|p2a: Excadrill|Rock Slide|p1b: Banette|[spread] p1a,p1b\n|-resisted|p1a: Garchomp|1\n|-damage|p1a: Garchomp|55/100 psn\n|-damage|p1b: Banette|87/100\n|\n|-weather|Snowscape|[upkeep]\n|-damage|p1a: Garchomp|43/100 psn|[from] psn\n|-damage|p2a: Excadrill|58/100 brn|[from] brn\n|upkeep\n|turn|7\n|\n|t:|1776192686\n|switch|p2b: Rotom|Rotom-Wash, L50|28/100\n|move|p1a: Garchomp|Stomping Tantrum|p2b: Rotom\n|-immune|p2b: Rotom|[from] ability: Levitate\n|move|p2a: Excadrill|Earthquake|p1b: Banette|[spread] p1a,p1b\n|-immune|p2b: Rotom|[from] ability: Levitate\n|-damage|p1a: Garchomp|21/100 psn\n|-damage|p1b: Banette|56/100\n|move|p1b: Banette|Poltergeist|p2a: Excadrill\n|-activate|p2a: Excadrill|move: Poltergeist|Focus Sash\n|-damage|p2a: Excadrill|0 fnt\n|faint|p2a: Excadrill\n|\n|-weather|Snowscape|[upkeep]\n|-damage|p1a: Garchomp|9/100 psn|[from] psn\n|upkeep\n|\n|t:|1776192705\n|switch|p2a: Glimmora|Glimmora-Mega, L50, F|66/100\n|turn|8\n|\n|t:|1776192724\n|switch|p1b: Goodra|Goodra-Hisui, L50, M|100/100\n|move|p2a: Glimmora|Spiky Shield|p2a: Glimmora\n|-singleturn|p2a: Glimmora|move: Protect\n|move|p1a: Garchomp|Stomping Tantrum|p2a: Glimmora\n|-activate|p2a: Glimmora|move: Protect\n|-damage|p1a: Garchomp|0 fnt|[from] Spiky Shield|[of] p2a: Glimmora\n|faint|p1a: Garchomp\n|move|p2b: Rotom|Hydro Pump|p1b: Goodra\n|-resisted|p1b: Goodra|1\n|-damage|p1b: Goodra|90/100\n|\n|-weather|none\n|-heal|p1b: Goodra|96/100|[from] item: Leftovers\n|upkeep\n|\n|t:|1776192733\n|switch|p1a: Ninetales|Ninetales-Alola, L50, M, shiny|87/100\n|-weather|Snowscape|[from] ability: Snow Warning|[of] p1a: Ninetales\n|turn|9\n|\n|t:|1776192743\n|switch|p2b: Tyranitar|Tyranitar, L50, M, shiny|23/100\n|-weather|Sandstorm|[from] ability: Sand Stream|[of] p2b: Tyranitar\n|move|p1a: Ninetales|Protect|p1a: Ninetales\n|-singleturn|p1a: Ninetales|Protect\n|move|p2a: Glimmora|Power Gem|p1a: Ninetales\n|-activate|p1a: Ninetales|move: Protect\n|move|p1b: Goodra|Shelter|p1b: Goodra\n|-boost|p1b: Goodra|def|2\n|\n|-weather|Sandstorm|[upkeep]\n|-damage|p1a: Ninetales|81/100|[from] Sandstorm\n|-heal|p1b: Goodra|100/100|[from] item: Leftovers\n|upkeep\n|turn|10\n|\n|t:|1776192761\n|switch|p1a: Banette|Banette-Mega, L50, M, shiny|56/100\n|move|p2a: Glimmora|Earth Power|p1b: Goodra\n|-supereffective|p1b: Goodra|1\n|-damage|p1b: Goodra|65/100\n|move|p2b: Tyranitar|Crunch|p1a: Banette\n|-supereffective|p1a: Banette|1\n|-damage|p1a: Banette|0 fnt\n|faint|p1a: Banette\n|move|p1b: Goodra|Heavy Slam|p2a: Glimmora\n|-supereffective|p2a: Glimmora|1\n|-damage|p2a: Glimmora|0 fnt\n|faint|p2a: Glimmora\n|\n|-weather|Sandstorm|[upkeep]\n|-heal|p1b: Goodra|71/100|[from] item: Leftovers\n|upkeep\n|\n|t:|1776192769\n|switch|p2a: Rotom|Rotom-Wash, L50|28/100\n|switch|p1a: Ninetales|Ninetales-Alola, L50, M, shiny|81/100\n|-weather|Snowscape|[from] ability: Snow Warning|[of] p1a: Ninetales\n|turn|11\n|\n|t:|1776192778\n|move|p2b: Tyranitar|Protect|p2b: Tyranitar\n|-singleturn|p2b: Tyranitar|Protect\n|move|p1a: Ninetales|Blizzard|p2b: Tyranitar|[spread] p2a\n|-activate|p2b: Tyranitar|move: Protect\n|-resisted|p2a: Rotom|1\n|-damage|p2a: Rotom|16/100\n|move|p2a: Rotom|Electroweb|p1b: Goodra|[spread] p1a,p1b\n|-resisted|p1b: Goodra|1\n|-damage|p1a: Ninetales|65/100\n|-damage|p1b: Goodra|67/100\n|-unboost|p1a: Ninetales|spe|1\n|-unboost|p1b: Goodra|spe|1\n|move|p1b: Goodra|Body Press|p2a: Rotom\n|-damage|p2a: Rotom|0 fnt\n|faint|p2a: Rotom\n|\n|-weather|Snowscape|[upkeep]\n|-heal|p1b: Goodra|73/100|[from] item: Leftovers\n|upkeep\n|turn|12\n|\n|t:|1776192792\n|move|p1a: Ninetales|Moonblast|p2b: Tyranitar\n|-supereffective|p2b: Tyranitar|1\n|-crit|p2b: Tyranitar\n|-damage|p2b: Tyranitar|0 fnt\n|faint|p2b: Tyranitar\n|\n|win|not name fren\n|raw|not name fren's rating: 1302 &rarr; <strong>1325</strong><br />(+23 for winning)\n|raw|thepeasent's rating: 1356 &rarr; <strong>1333</strong><br />(-23 for losing)\n",
  "uploadtime": 1776192794,
  "views": 45,
  "formatid": "gen9championsvgc2026regma",
  "rating": 1325,
  "private": 0,
  "password": null
}