{
  "id": "gen9championsvgc2026regma-2582365327",
  "format": "[Gen 9 Champions] VGC 2026 Reg M-A",
  "players": [
    "gikouw",
    "lerry27"
  ],
  "log": "|j|\u2606gikouw\n|j|\u2606lerry27\n|t:|1776086697\n|gametype|doubles\n|player|p1|gikouw|170|1126\n|player|p2|lerry27|169|1080\n|gen|9\n|tier|[Gen 9 Champions] VGC 2026 Reg M-A\n|rated|\n|rule|Species Clause: Limit one of each Pok\u00e9mon\n|rule|Item Clause: Limit 1 of each item\n|clearpoke\n|poke|p1|Ninetales-Alola, L50, M|\n|poke|p1|Scovillain, L50, M|\n|poke|p1|Maushold-Four, L50|\n|poke|p1|Froslass, L50, F|\n|poke|p1|Garchomp, L50, M|\n|poke|p1|Archaludon, L50, F|\n|poke|p2|Gengar, L50, M|\n|poke|p2|Palafin, L50, M|\n|poke|p2|Dragonite, L50, F|\n|poke|p2|Pelipper, L50, F|\n|poke|p2|Archaludon, L50, F|\n|poke|p2|Farigiraf, L50, M|\n|teampreview|4\n|\n|t:|1776086735\n|teamsize|p1|4\n|teamsize|p2|4\n|start\n|switch|p1a: Maushold|Maushold-Four, L50|100/100\n|switch|p1b: Scovillain|Scovillain, L50, M|100/100\n|switch|p2a: Archaludon|Archaludon, L50, F|100/100\n|switch|p2b: Palafin|Palafin, L50, M|100/100\n|turn|1\n|\n|t:|1776086745\n|move|p1a: Maushold|Protect|p1a: Maushold\n|-singleturn|p1a: Maushold|Protect\n|move|p1b: Scovillain|Protect|p1b: Scovillain\n|-singleturn|p1b: Scovillain|Protect\n|move|p2b: Palafin|Flip Turn|p1b: Scovillain\n|-activate|p1b: Scovillain|move: Protect\n|move|p2a: Archaludon|Electro Shot||[still]\n|-prepare|p2a: Archaludon|Electro Shot\n|-boost|p2a: Archaludon|spa|1\n|\n|-ability|p1b: Scovillain|Moody|boost\n|-boost|p1b: Scovillain|atk|2\n|-unboost|p1b: Scovillain|def|1\n|upkeep\n|turn|2\n|\n|t:|1776086767\n|detailschange|p2b: Palafin|Palafin-Hero, L50, M\n|switch|p2b: Pelipper|Pelipper, L50, F|100/100\n|-weather|RainDance|[from] ability: Drizzle|[of] p2b: Pelipper\n|move|p1a: Maushold|Follow Me|p1a: Maushold\n|-singleturn|p1a: Maushold|move: Follow Me\n|move|p1b: Scovillain|Substitute|p1b: Scovillain\n|-start|p1b: Scovillain|Substitute\n|-damage|p1b: Scovillain|75/100\n|move|p2a: Archaludon|Electro Shot|p1a: Maushold|[from] lockedmove\n|-damage|p1a: Maushold|15/100\n|-enditem|p1a: Maushold|Sitrus Berry|[eat]\n|-heal|p1a: Maushold|40/100|[from] item: Sitrus Berry\n|\n|-weather|RainDance|[upkeep]\n|-heal|p1b: Scovillain|81/100|[from] item: Leftovers\n|-ability|p1b: Scovillain|Moody|boost\n|-boost|p1b: Scovillain|spd|2\n|-unboost|p1b: Scovillain|spa|1\n|upkeep\n|turn|3\n|\n|t:|1776086789\n|move|p1a: Maushold|Protect|p1a: Maushold\n|-singleturn|p1a: Maushold|Protect\n|move|p1b: Scovillain|Protect|p1b: Scovillain\n|-singleturn|p1b: Scovillain|Protect\n|move|p2b: Pelipper|Weather Ball|p1b: Scovillain\n|-activate|p1b: Scovillain|move: Protect\n|move|p2a: Archaludon|Electro Shot||[still]\n|-prepare|p2a: Archaludon|Electro Shot\n|-boost|p2a: Archaludon|spa|1\n|-anim|p2a: Archaludon|Electro Shot|p1a: Maushold\n|-activate|p1a: Maushold|move: Protect\n|\n|-weather|RainDance|[upkeep]\n|-heal|p1b: Scovillain|87/100|[from] item: Leftovers\n|-ability|p1b: Scovillain|Moody|boost\n|-boost|p1b: Scovillain|spd|2\n|-unboost|p1b: Scovillain|def|1\n|upkeep\n|turn|4\n|\n|t:|1776086809\n|move|p1a: Maushold|Follow Me|p1a: Maushold\n|-singleturn|p1a: Maushold|move: Follow Me\n|move|p2b: Pelipper|Tailwind|p2b: Pelipper\n|-sidestart|p2: lerry27|move: Tailwind\n|move|p2a: Archaludon|Electro Shot||[still]\n|-prepare|p2a: Archaludon|Electro Shot\n|-boost|p2a: Archaludon|spa|1\n|-anim|p2a: Archaludon|Electro Shot|p1a: Maushold\n|-damage|p1a: Maushold|0 fnt\n|faint|p1a: Maushold\n|move|p1b: Scovillain|Substitute|p1b: Scovillain\n|-fail|p1b: Scovillain|move: Substitute\n|\n|-weather|RainDance|[upkeep]\n|-heal|p1b: Scovillain|93/100|[from] item: Leftovers\n|-ability|p1b: Scovillain|Moody|boost\n|-boost|p1b: Scovillain|spd|2\n|-unboost|p1b: Scovillain|spe|1\n|upkeep\n|\n|t:|1776086821\n|switch|p1a: Ninetales|Ninetales-Alola, L50, M|100/100\n|-weather|Snowscape|[from] ability: Snow Warning|[of] p1a: Ninetales\n|turn|5\n|inactive|Battle timer is ON: inactive players will automatically lose when time's up. (requested by gikouw)\n|\n|t:|1776086832\n|move|p1a: Ninetales|Protect|p1a: Ninetales\n|-singleturn|p1a: Ninetales|Protect\n|move|p1b: Scovillain|Protect|p1b: Scovillain\n|-singleturn|p1b: Scovillain|Protect\n|move|p2b: Pelipper|Weather Ball|p1b: Scovillain\n|-activate|p1b: Scovillain|move: Protect\n|move|p2a: Archaludon|Flash Cannon|p1a: Ninetales\n|-activate|p1a: Ninetales|move: Protect\n|\n|-weather|Snowscape|[upkeep]\n|-heal|p1b: Scovillain|99/100|[from] item: Leftovers\n|-ability|p1b: Scovillain|Moody|boost\n|-boost|p1b: Scovillain|spe|2\n|-unboost|p1b: Scovillain|spa|1\n|upkeep\n|turn|6\n|\n|t:|1776086855\n|move|p2b: Pelipper|Protect|p2b: Pelipper\n|-singleturn|p2b: Pelipper|Protect\n|move|p2a: Archaludon|Flash Cannon|p1a: Ninetales\n|-supereffective|p1a: Ninetales|2\n|-enditem|p1a: Ninetales|Focus Sash\n|-damage|p1a: Ninetales|1/100\n|move|p1b: Scovillain|Leech Seed|p2a: Archaludon\n|-start|p2a: Archaludon|move: Leech Seed\n|move|p1a: Ninetales|Aurora Veil|p1a: Ninetales\n|-sidestart|p1: gikouw|move: Aurora Veil\n|\n|-weather|Snowscape|[upkeep]\n|-heal|p1b: Scovillain|100/100|[from] item: Leftovers\n|-damage|p2a: Archaludon|88/100|[from] Leech Seed|[of] p1b: Scovillain\n|-ability|p1b: Scovillain|Moody|boost\n|-boost|p1b: Scovillain|spe|2\n|-unboost|p1b: Scovillain|def|1\n|upkeep\n|turn|7\n|\n|t:|1776086880\n|switch|p2b: Palafin|Palafin-Hero, L50, M|100/100\n|-activate|p2b: Palafin|ability: Zero to Hero\n|move|p1b: Scovillain|Protect|p1b: Scovillain\n|-singleturn|p1b: Scovillain|Protect\n|move|p1a: Ninetales|Protect|p1a: Ninetales\n|-singleturn|p1a: Ninetales|Protect\n|move|p2a: Archaludon|Flash Cannon|p1a: Ninetales\n|-activate|p1a: Ninetales|move: Protect\n|\n|-weather|Snowscape|[upkeep]\n|-damage|p2a: Archaludon|76/100|[from] Leech Seed|[of] p1b: Scovillain\n|-sideend|p2: lerry27|move: Tailwind\n|-ability|p1b: Scovillain|Moody|boost\n|-boost|p1b: Scovillain|atk|2\n|-unboost|p1b: Scovillain|spd|1\n|upkeep\n|turn|8\n|\n|t:|1776086902\n|switch|p2b: Pelipper|Pelipper, L50, F|100/100\n|-weather|RainDance|[from] ability: Drizzle|[of] p2b: Pelipper\n|move|p1b: Scovillain|Leech Seed|p2b: Pelipper\n|-start|p2b: Pelipper|move: Leech Seed\n|move|p1a: Ninetales|Freeze-Dry|p2b: Pelipper\n|-supereffective|p2b: Pelipper|2\n|-enditem|p2b: Pelipper|Focus Sash\n|-damage|p2b: Pelipper|1/100\n|move|p2a: Archaludon|Electro Shot||[still]\n|-prepare|p2a: Archaludon|Electro Shot\n|-boost|p2a: Archaludon|spa|1\n|-anim|p2a: Archaludon|Electro Shot|p1b: Scovillain\n|-resisted|p1b: Scovillain|1\n|-activate|p1b: Scovillain|move: Substitute|[damage]\n|\n|-weather|RainDance|[upkeep]\n|-damage|p2b: Pelipper|0 fnt|[from] Leech Seed|[of] p1b: Scovillain\n|faint|p2b: Pelipper\n|-damage|p2a: Archaludon|63/100|[from] Leech Seed|[of] p1b: Scovillain\n|-ability|p1b: Scovillain|Moody|boost\n|-boost|p1b: Scovillain|spd|1\n|-unboost|p1b: Scovillain|atk|1\n|upkeep\n|\n|t:|1776086927\n|switch|p2b: Gengar|Gengar, L50, M, shiny|100/100\n|turn|9\n|inactive|gikouw has 30 seconds left.\n|\n|t:|1776086959\n|detailschange|p2b: Gengar|Gengar-Mega, L50, M, shiny\n|-mega|p2b: Gengar|Gengar|Gengarite\n|move|p1a: Ninetales|Protect|p1a: Ninetales\n|-singleturn|p1a: Ninetales|Protect\n|move|p1b: Scovillain|Flamethrower|p2b: Gengar\n|-damage|p2b: Gengar|89/100\n|move|p2b: Gengar|Icy Wind|p1b: Scovillain|[spread] p1b\n|-activate|p1a: Ninetales|move: Protect\n|-activate|p1b: Scovillain|move: Substitute|[damage]\n|move|p2a: Archaludon|Electro Shot||[still]\n|-prepare|p2a: Archaludon|Electro Shot\n|-boost|p2a: Archaludon|spa|1\n|-anim|p2a: Archaludon|Electro Shot|p1b: Scovillain\n|-resisted|p1b: Scovillain|1\n|-end|p1b: Scovillain|Substitute\n|\n|-weather|RainDance|[upkeep]\n|-damage|p2a: Archaludon|51/100|[from] Leech Seed|[of] p1b: Scovillain\n|-ability|p1b: Scovillain|Moody|boost\n|-boost|p1b: Scovillain|def|2\n|-unboost|p1b: Scovillain|spd|1\n|upkeep\n|turn|10\n|inactive|gikouw has 30 seconds left.\n|inactive|lerry27 has 30 seconds left.\n|inactive|gikouw has 20 seconds left.\n|inactive|gikouw has 15 seconds left.\n|inactive|gikouw has 10 seconds left.\n|inactive|gikouw has 5 seconds left.\n|\n|t:|1776087011\n|move|p2b: Gengar|Protect|p2b: Gengar\n|-singleturn|p2b: Gengar|Protect\n|move|p2a: Archaludon|Protect|p2a: Archaludon\n|-singleturn|p2a: Archaludon|Protect\n|move|p1b: Scovillain|Leech Seed|p2b: Gengar\n|-activate|p2b: Gengar|move: Protect\n|move|p1a: Ninetales|Blizzard|p2b: Gengar|[spread] \n|-activate|p2a: Archaludon|move: Protect\n|-activate|p2b: Gengar|move: Protect\n|\n|-weather|RainDance|[upkeep]\n|-damage|p2a: Archaludon|39/100|[from] Leech Seed|[of] p1b: Scovillain\n|-sideend|p1: gikouw|move: Aurora Veil\n|-ability|p1b: Scovillain|Moody|boost\n|-boost|p1b: Scovillain|atk|2\n|-unboost|p1b: Scovillain|spa|1\n|upkeep\n|turn|11\n|inactive|lerry27 has 30 seconds left.\n|inactive|lerry27 has 20 seconds left.\n|inactive|lerry27 has 15 seconds left.\n|\n|t:|1776087055\n|move|p1b: Scovillain|Substitute|p1b: Scovillain\n|-start|p1b: Scovillain|Substitute\n|-damage|p1b: Scovillain|75/100\n|move|p2b: Gengar|Icy Wind|p1b: Scovillain|[spread] p1a,p1b\n|-activate|p1b: Scovillain|move: Substitute|[damage]\n|-resisted|p1a: Ninetales|1\n|-damage|p1a: Ninetales|0 fnt\n|faint|p1a: Ninetales\n|move|p2a: Archaludon|Electro Shot||[still]\n|-prepare|p2a: Archaludon|Electro Shot\n|-boost|p2a: Archaludon|spa|1\n|-anim|p2a: Archaludon|Electro Shot|p1b: Scovillain\n|-resisted|p1b: Scovillain|1\n|-end|p1b: Scovillain|Substitute\n|\n|-weather|RainDance|[upkeep]\n|-heal|p1b: Scovillain|81/100|[from] item: Leftovers\n|-damage|p2a: Archaludon|26/100|[from] Leech Seed|[of] p1b: Scovillain\n|-heal|p1b: Scovillain|94/100|[silent]\n|-ability|p1b: Scovillain|Moody|boost\n|-boost|p1b: Scovillain|spe|2\n|-unboost|p1b: Scovillain|atk|1\n|upkeep\n|inactive|gikouw has 30 seconds left.\n|\n|t:|1776087081\n|switch|p1a: Froslass|Froslass, L50, F|100/100\n|turn|12\n|\n|t:|1776087092\n|move|p1b: Scovillain|Protect|p1b: Scovillain\n|-singleturn|p1b: Scovillain|Protect\n|move|p1a: Froslass|Protect|p1a: Froslass\n|-singleturn|p1a: Froslass|Protect\n|move|p2b: Gengar|Sludge Bomb|p1b: Scovillain\n|-activate|p1b: Scovillain|move: Protect\n|move|p2a: Archaludon|Flash Cannon|p1a: Froslass\n|-activate|p1a: Froslass|move: Protect\n|\n|-weather|none\n|-heal|p1b: Scovillain|99/100|[from] item: Leftovers\n|-damage|p2a: Archaludon|14/100|[from] Leech Seed|[of] p1b: Scovillain\n|-heal|p1b: Scovillain|100/100|[silent]\n|-ability|p1b: Scovillain|Moody|boost\n|-boost|p1b: Scovillain|spe|1\n|-unboost|p1b: Scovillain|spa|1\n|upkeep\n|turn|13\n|inactive|gikouw has 30 seconds left.\n|inactive|gikouw has 20 seconds left.\n|inactive|gikouw has 15 seconds left.\n|inactive|gikouw has 10 seconds left.\n|\n|t:|1776087139\n|detailschange|p1a: Froslass|Froslass-Mega, L50, F\n|-mega|p1a: Froslass|Froslass|Froslassite\n|-weather|Snowscape|[from] ability: Snow Warning|[of] p1a: Froslass\n|move|p1b: Scovillain|Substitute|p1b: Scovillain\n|-start|p1b: Scovillain|Substitute\n|-damage|p1b: Scovillain|75/100\n|move|p1a: Froslass|Blizzard|p2a: Archaludon|[spread] p2a,p2b\n|-damage|p2a: Archaludon|0 fnt\n|-damage|p2b: Gengar|30/100\n|faint|p2a: Archaludon\n|move|p2b: Gengar|Sludge Bomb|p1b: Scovillain\n|-supereffective|p1b: Scovillain|1\n|-end|p1b: Scovillain|Substitute\n|\n|-weather|Snowscape|[upkeep]\n|-heal|p1b: Scovillain|81/100|[from] item: Leftovers\n|-ability|p1b: Scovillain|Moody|boost\n|-boost|p1b: Scovillain|def|2\n|-unboost|p1b: Scovillain|spd|1\n|upkeep\n|\n|t:|1776087155\n|switch|p2a: Palafin|Palafin-Hero, L50, M|100/100\n|turn|14\n|\n|t:|1776087169\n|move|p1b: Scovillain|Substitute|p1b: Scovillain\n|-start|p1b: Scovillain|Substitute\n|-damage|p1b: Scovillain|56/100\n|move|p2a: Palafin|Wave Crash|p1b: Scovillain\n|-end|p1b: Scovillain|Substitute\n|-damage|p2a: Palafin|92/100|[from] Recoil|[of] p1b: Scovillain\n|move|p1a: Froslass|Shadow Ball|p2a: Palafin\n|-crit|p2a: Palafin\n|-damage|p2a: Palafin|12/100\n|move|p2b: Gengar|Shadow Ball|p1a: Froslass\n|-supereffective|p1a: Froslass|1\n|-damage|p1a: Froslass|0 fnt\n|faint|p1a: Froslass\n|\n|-weather|Snowscape|[upkeep]\n|-heal|p1b: Scovillain|62/100|[from] item: Leftovers\n|-ability|p1b: Scovillain|Moody|boost\n|-boost|p1b: Scovillain|def|2\n|-unboost|p1b: Scovillain|spa|1\n|upkeep\n|turn|15\n|\n|t:|1776087190\n|move|p1b: Scovillain|Protect|p1b: Scovillain\n|-singleturn|p1b: Scovillain|Protect\n|move|p2a: Palafin|Wave Crash|p1b: Scovillain\n|-activate|p1b: Scovillain|move: Protect\n|move|p2b: Gengar|Sludge Bomb|p1b: Scovillain\n|-activate|p1b: Scovillain|move: Protect\n|\n|-weather|Snowscape|[upkeep]\n|-heal|p1b: Scovillain|68/100|[from] item: Leftovers\n|-ability|p1b: Scovillain|Moody|boost\n|-boost|p1b: Scovillain|def|2\n|-unboost|p1b: Scovillain|atk|1\n|upkeep\n|turn|16\n|\n|t:|1776087209\n|move|p1b: Scovillain|Leech Seed|p2b: Gengar\n|-start|p2b: Gengar|move: Leech Seed\n|move|p2a: Palafin|Wave Crash|p1b: Scovillain\n|-damage|p1b: Scovillain|32/100\n|-damage|p2a: Palafin|0 fnt|[from] Recoil\n|faint|p2a: Palafin\n|move|p2b: Gengar|Sludge Bomb|p1b: Scovillain\n|-supereffective|p1b: Scovillain|1\n|-damage|p1b: Scovillain|0 fnt\n|faint|p1b: Scovillain\n|\n|win|lerry27\n|raw|gikouw's rating: 1126 &rarr; <strong>1098</strong><br />(-28 for losing)\n|raw|lerry27's rating: 1080 &rarr; <strong>1112</strong><br />(+32 for winning)\n",
  "uploadtime": 1776087220,
  "views": 14,
  "formatid": "gen9championsvgc2026regma",
  "rating": 1098,
  "private": 0,
  "password": null
}