{
  "id": "gen9championsvgc2026regma-2587050920",
  "format": "[Gen 9 Champions] VGC 2026 Reg M-A",
  "players": [
    "ToxicTony",
    "SageDippi"
  ],
  "log": "|j|\u2606ToxicTony\n|j|\u2606SageDippi\n|t:|1776486961\n|gametype|doubles\n|player|p1|ToxicTony|brock|1137\n|player|p2|SageDippi|buck|1088\n|gen|9\n|tier|[Gen 9 Champions] VGC 2026 Reg M-A\n|rated|\n|rule|Species Clause: Limit one of each Pok\u00e9mon\n|rule|Item Clause: Limit 1 of each item\n|clearpoke\n|poke|p1|Basculegion, L50, M|\n|poke|p1|Pelipper, L50, M|\n|poke|p1|Archaludon, L50, F|\n|poke|p1|Sableye, L50, M|\n|poke|p1|Sneasler, L50, F|\n|poke|p1|Meganium, L50, M|\n|poke|p2|Sneasler, L50, F|\n|poke|p2|Floette-Eternal, L50, F|\n|poke|p2|Aerodactyl, L50, F|\n|poke|p2|Maushold, L50|\n|poke|p2|Kingambit, L50, F|\n|poke|p2|Delphox, L50, F|\n|teampreview|4\n|inactive|Battle timer is ON: inactive players will automatically lose when time's up. (requested by ToxicTony)\n|\n|t:|1776487026\n|teamsize|p1|4\n|teamsize|p2|4\n|start\n|switch|p1a: Sneasler|Sneasler, L50, F|100/100\n|switch|p1b: Basculegion|Basculegion, L50, M|100/100\n|switch|p2a: Aerodactyl|Aerodactyl, L50, F|100/100\n|switch|p2b: Sneasler|Sneasler, L50, F|100/100\n|-ability|p2a: Aerodactyl|Unnerve\n|-ability|p1a: Sneasler|Pressure\n|turn|1\n|inactive|ToxicTony has 30 seconds left.\n|inactive|SageDippi has 30 seconds left.\n|\n|t:|1776487068\n|switch|p2a: Kingambit|Kingambit, L50, F|100/100\n|move|p1a: Sneasler|Fake Out|p2a: Kingambit\n|-resisted|p2a: Kingambit|1\n|-damage|p2a: Kingambit|96/100\n|move|p2b: Sneasler|Fake Out|p1a: Sneasler\n|-damage|p1a: Sneasler|75/100\n|move|p1b: Basculegion|Wave Crash|p2a: Kingambit\n|-damage|p2a: Kingambit|39/100\n|-damage|p1b: Basculegion|81/100|[from] Recoil\n|\n|upkeep\n|turn|2\n|inactive|SageDippi has 30 seconds left.\n|\n|t:|1776487098\n|move|p1b: Basculegion|Protect|p1b: Basculegion\n|-singleturn|p1b: Basculegion|Protect\n|move|p2a: Kingambit|Sucker Punch||[still]\n|-fail|p2a: Kingambit\n|move|p1a: Sneasler|Close Combat|p2a: Kingambit\n|-supereffective|p2a: Kingambit|2\n|-damage|p2a: Kingambit|0 fnt\n|-unboost|p1a: Sneasler|def|1\n|-unboost|p1a: Sneasler|spd|1\n|faint|p2a: Kingambit\n|-enditem|p1a: Sneasler|White Herb\n|-clearnegativeboost|p1a: Sneasler|[silent]\n|move|p2b: Sneasler|Close Combat|p1a: Sneasler\n|-resisted|p1a: Sneasler|1\n|-damage|p1a: Sneasler|17/100\n|-unboost|p2b: Sneasler|def|1\n|-unboost|p2b: Sneasler|spd|1\n|-enditem|p2b: Sneasler|White Herb\n|-clearnegativeboost|p2b: Sneasler|[silent]\n|\n|upkeep\n|\n|t:|1776487110\n|switch|p2a: Aerodactyl|Aerodactyl, L50, F|100/100\n|-ability|p2a: Aerodactyl|Unnerve\n|turn|3\n|\n|t:|1776487130\n|move|p2b: Sneasler|Dire Claw|p1b: Basculegion\n|-resisted|p1b: Basculegion|1\n|-damage|p1b: Basculegion|52/100\n|move|p2a: Aerodactyl|Rock Slide|p1b: Basculegion|[spread] p1a,p1b\n|-resisted|p1a: Sneasler|1\n|-damage|p1a: Sneasler|0 fnt\n|-damage|p1b: Basculegion|20/100\n|faint|p1a: Sneasler\n|cant|p1b: Basculegion|flinch\n|\n|upkeep\n|\n|t:|1776487140\n|switch|p1a: Pelipper|Pelipper, L50, M|100/100\n|-weather|RainDance|[from] ability: Drizzle|[of] p1a: Pelipper\n|turn|4\n|\n|t:|1776487161\n|move|p2b: Sneasler|Protect|p2b: Sneasler\n|-singleturn|p2b: Sneasler|Protect\n|move|p1b: Basculegion|Wave Crash|p2a: Aerodactyl\n|-supereffective|p2a: Aerodactyl|1\n|-enditem|p2a: Aerodactyl|Focus Sash\n|-damage|p2a: Aerodactyl|1/100\n|-damage|p1b: Basculegion|0 fnt|[from] Recoil\n|faint|p1b: Basculegion\n|move|p2a: Aerodactyl|Tailwind|p2a: Aerodactyl\n|-sidestart|p2: SageDippi|move: Tailwind\n|move|p1a: Pelipper|Tailwind|p1a: Pelipper\n|-sidestart|p1: ToxicTony|move: Tailwind\n|\n|-weather|RainDance|[upkeep]\n|upkeep\n|\n|t:|1776487168\n|switch|p1b: Archaludon|Archaludon, L50, F|100/100\n|turn|5\n|inactive|SageDippi has 30 seconds left.\n|inactive|SageDippi has 20 seconds left.\n|\n|t:|1776487204\n|move|p2b: Sneasler|Close Combat|p1b: Archaludon\n|-supereffective|p1b: Archaludon|1\n|-damage|p1b: Archaludon|3/100\n|-unboost|p2b: Sneasler|def|1\n|-unboost|p2b: Sneasler|spd|1\n|-ability|p1b: Archaludon|Stamina|boost\n|-boost|p1b: Archaludon|def|1\n|move|p2a: Aerodactyl|Dual Wingbeat|p1a: Pelipper\n|-damage|p1a: Pelipper|74/100\n|-damage|p1a: Pelipper|48/100\n|-hitcount|p1a: Pelipper|2\n|move|p1b: Archaludon|Electro Shot||[still]\n|-prepare|p1b: Archaludon|Electro Shot\n|-boost|p1b: Archaludon|spa|1\n|-anim|p1b: Archaludon|Electro Shot|p2a: Aerodactyl\n|-supereffective|p2a: Aerodactyl|1\n|-damage|p2a: Aerodactyl|0 fnt\n|faint|p2a: Aerodactyl\n|move|p1a: Pelipper|Hurricane|p2b: Sneasler\n|-supereffective|p2b: Sneasler|1\n|-damage|p2b: Sneasler|0 fnt\n|faint|p2b: Sneasler\n|\n|-weather|RainDance|[upkeep]\n|upkeep\n|\n|t:|1776487222\n|switch|p2b: Delphox|Delphox, L50, F|100/100\n|turn|6\n|\n|t:|1776487243\n|detailschange|p2b: Delphox|Delphox-Mega, L50, F\n|-mega|p2b: Delphox|Delphox|Delphoxite\n|move|p2b: Delphox|Psychic|p1a: Pelipper\n|-damage|p1a: Pelipper|0 fnt\n|faint|p1a: Pelipper\n|move|p1b: Archaludon|Draco Meteor|p2b: Delphox\n|-damage|p2b: Delphox|15/100\n|-unboost|p1b: Archaludon|spa|2\n|\n|-weather|RainDance|[upkeep]\n|upkeep\n|turn|7\n|c|\u2606SageDippi|gg\n|\n|t:|1776487265\n|move|p2b: Delphox|Psychic|p1b: Archaludon\n|-resisted|p1b: Archaludon|1\n|-damage|p1b: Archaludon|0 fnt\n|faint|p1b: Archaludon\n|\n|win|SageDippi\n|raw|ToxicTony's rating: 1137 &rarr; <strong>1108</strong><br />(-29 for losing)\n|raw|SageDippi's rating: 1088 &rarr; <strong>1119</strong><br />(+31 for winning)\n",
  "uploadtime": 1776487271,
  "views": 14,
  "formatid": "gen9championsvgc2026regma",
  "rating": 1108,
  "private": 0,
  "password": null
}