{
  "id": "gen9championsvgc2026regma-2581607834",
  "format": "[Gen 9 Champions] VGC 2026 Reg M-A",
  "players": [
    "21Kieran",
    "VanniVGC"
  ],
  "log": "|j|\u260621Kieran\n|j|\u2606VanniVGC\n|html|<table width=\"100%\"><tr><td align=\"left\">21Kieran</td><td align=\"right\">VanniVGC</tr><tr><td align=\"left\"><i class=\"fa fa-circle\"></i> <i class=\"fa fa-circle-o\"></i> </td><td align=\"right\"><i class=\"fa fa-circle-o\"></i> <i class=\"fa fa-circle-o\"></i> </tr></table>\n|uhtml|bestof|<h2><strong>Game 2</strong> of <a href=\"/game-bestof3-gen9championsvgc2026regma-2581603251\">a best-of-3</a></h2>\n|t:|1776014732\n|gametype|doubles\n|player|p1|21Kieran|taunie|\n|player|p2|VanniVGC|1|\n|gen|9\n|tier|[Gen 9 Champions] VGC 2026 Reg M-A\n|rated|Tournament battle\n|rule|Species Clause: Limit one of each Pok\u00e9mon\n|rule|Item Clause: Limit 1 of each item\n|raw|<div class=\"infobox\"><details class=\"readmore\" open><summary><strong>2 custom rules:</strong></summary> Force Open Team Sheets, Best of = 3</details></div>\n|clearpoke\n|poke|p1|Incineroar, L50, M|\n|poke|p1|Gengar, L50, F|\n|poke|p1|Sinistcha, L50|\n|poke|p1|Kingambit, L50, M|\n|poke|p1|Tyranitar, L50, F|\n|poke|p1|Kommo-o, L50, M|\n|poke|p2|Scovillain, L50, M|\n|poke|p2|Dragonite, L50, F|\n|poke|p2|Sneasler, L50, M|\n|poke|p2|Kingambit, L50, F|\n|poke|p2|Primarina, L50, M|\n|poke|p2|Garganacl, L50, F|\n|teampreview|4\n|showteam|p1|Incineroar||ShucaBerry|Intimidate|PartingShot,FakeOut,Protect,ThroatChop|||M|||50|]Gengar||Gengarite|CursedBody|ShadowBall,Protect,Substitute,PerishSong|||F|||50|]Sinistcha||SitrusBerry|Hospitality|MatchaGotcha,RagePowder,Protect,LifeDew||||||50|]Kingambit||ChopleBerry|Defiant|IronHead,Protect,LowKick,SuckerPunch|||M|||50|]Tyranitar||ChoiceScarf|SandStream|StoneEdge,IcePunch,LowKick,RockSlide|||F|||50|]Kommo-o||Leftovers|Soundproof|ClangingScales,ClangorousSoul,AuraSphere,Protect|||M|||50|\n|showteam|p2|Scovillain||Scovillainite|Chlorophyll|RagePowder,LeechSeed,Flamethrower,Protect|||M|||50|]Dragonite||LumBerry|InnerFocus|ScaleShot,ExtremeSpeed,LowKick,Protect|||F|||50|]Sneasler||WhiteHerb|Unburden|FakeOut,DireClaw,CloseCombat,Coaching|||M|||50|]Kingambit||ChopleBerry|Defiant|SuckerPunch,KowtowCleave,IronHead,Protect|||F|||50|]Primarina||SitrusBerry|LiquidVoice|CalmMind,HyperVoice,Moonblast,Protect|||M|||50|]Garganacl||Leftovers|PurifyingSalt|SaltCure,Recover,WideGuard,Protect|||F|||50|\n|inactive|Battle timer is ON: inactive players will automatically lose when time's up. (requested by 21Kieran)\n|\n|t:|1776014757\n|teamsize|p1|4\n|teamsize|p2|4\n|start\n|switch|p1a: Gengar|Gengar, L50, F|100/100\n|switch|p1b: Incineroar|Incineroar, L50, M|100/100\n|switch|p2a: Sneasler|Sneasler, L50, M|100/100\n|switch|p2b: Dragonite|Dragonite, L50, F|100/100\n|-ability|p1b: Incineroar|Intimidate|boost\n|-unboost|p2a: Sneasler|atk|1\n|-fail|p2b: Dragonite|unboost|Attack|[from] ability: Inner Focus|[of] p2b: Dragonite\n|-enditem|p2a: Sneasler|White Herb\n|-clearnegativeboost|p2a: Sneasler|[silent]\n|turn|1\n|inactive|21Kieran has 30 seconds left.\n|inactive|VanniVGC has 30 seconds left.\n|\n|t:|1776014790\n|detailschange|p1a: Gengar|Gengar-Mega, L50, F\n|-mega|p1a: Gengar|Gengar|Gengarite\n|move|p2a: Sneasler|Fake Out|p1b: Incineroar\n|-damage|p1b: Incineroar|89/100\n|cant|p1b: Incineroar|flinch\n|move|p1a: Gengar|Perish Song|p1a: Gengar\n|-start|p1a: Gengar|perish3|[silent]\n|-start|p1b: Incineroar|perish3|[silent]\n|-start|p2a: Sneasler|perish3|[silent]\n|-start|p2b: Dragonite|perish3|[silent]\n|-fieldactivate|move: Perish Song\n|move|p2b: Dragonite|Scale Shot|p1a: Gengar\n|-damage|p1a: Gengar|84/100\n|-damage|p1a: Gengar|68/100\n|-damage|p1a: Gengar|50/100\n|-hitcount|p1a: Gengar|3\n|-unboost|p2b: Dragonite|def|1\n|-boost|p2b: Dragonite|spe|1\n|\n|-start|p2a: Sneasler|perish3\n|-start|p2b: Dragonite|perish3\n|-start|p1a: Gengar|perish3\n|-start|p1b: Incineroar|perish3\n|upkeep\n|turn|2\n|inactive|VanniVGC has 30 seconds left.\n|inactive|VanniVGC has 20 seconds left.\n|inactive|VanniVGC has 15 seconds left.\n|\n|t:|1776014833\n|move|p1a: Gengar|Protect|p1a: Gengar\n|-singleturn|p1a: Gengar|Protect\n|move|p2a: Sneasler|Close Combat|p1b: Incineroar\n|-supereffective|p1b: Incineroar|1\n|-damage|p1b: Incineroar|0 fnt\n|-unboost|p2a: Sneasler|def|1\n|-unboost|p2a: Sneasler|spd|1\n|faint|p1b: Incineroar\n|move|p2b: Dragonite|Scale Shot|p1a: Gengar\n|-activate|p1a: Gengar|move: Protect\n|\n|-start|p2a: Sneasler|perish2\n|-start|p2b: Dragonite|perish2\n|-start|p1a: Gengar|perish2\n|upkeep\n|\n|t:|1776014840\n|switch|p1b: Sinistcha|Sinistcha, L50|100/100\n|-heal|p1a: Gengar|74/100|[from] ability: Hospitality|[of] p1b: Sinistcha\n|turn|3\n|inactive|VanniVGC has 30 seconds left.\n|inactive|VanniVGC has 20 seconds left.\n|inactive|VanniVGC has 15 seconds left.\n|\n|t:|1776014881\n|move|p1b: Sinistcha|Rage Powder|p1b: Sinistcha\n|-singleturn|p1b: Sinistcha|move: Rage Powder\n|move|p2a: Sneasler|Coaching|p2b: Dragonite\n|-boost|p2b: Dragonite|atk|1\n|-boost|p2b: Dragonite|def|1\n|move|p2b: Dragonite|Scale Shot|p1b: Sinistcha|[miss]\n|-miss|p2b: Dragonite|p1b: Sinistcha\n|move|p1a: Gengar|Substitute|p1a: Gengar\n|-start|p1a: Gengar|Substitute\n|-damage|p1a: Gengar|50/100\n|\n|-start|p2a: Sneasler|perish1\n|-start|p2b: Dragonite|perish1\n|-start|p1a: Gengar|perish1\n|upkeep\n|turn|4\n|inactive|21Kieran has 30 seconds left.\n|\n|t:|1776014908\n|switch|p1a: Kingambit|Kingambit, L50, M|100/100\n|move|p2a: Sneasler|Dire Claw|p1b: Sinistcha\n|-damage|p1b: Sinistcha|60/100\n|move|p2b: Dragonite|Scale Shot|p1b: Sinistcha\n|-damage|p1b: Sinistcha|41/100\n|-enditem|p1b: Sinistcha|Sitrus Berry|[eat]\n|-heal|p1b: Sinistcha|66/100|[from] item: Sitrus Berry\n|-damage|p1b: Sinistcha|47/100\n|-damage|p1b: Sinistcha|27/100\n|-damage|p1b: Sinistcha|7/100\n|-hitcount|p1b: Sinistcha|4\n|-unboost|p2b: Dragonite|def|1\n|-boost|p2b: Dragonite|spe|1\n|move|p1b: Sinistcha|Life Dew||[still]|[spread] p1a,p1b\n|-fail|p1a: Kingambit|heal\n|-heal|p1b: Sinistcha|32/100\n|\n|-start|p2a: Sneasler|perish0\n|-start|p2b: Dragonite|perish0\n|upkeep\n|faint|p2a: Sneasler\n|faint|p2b: Dragonite\n|inactive|VanniVGC has 30 seconds left.\n|\n|t:|1776014935\n|switch|p2a: Primarina|Primarina, L50, M|100/100\n|switch|p2b: Kingambit|Kingambit, L50, F|100/100\n|turn|5\n|\n|t:|1776014949\n|move|p1b: Sinistcha|Life Dew||[still]|[spread] p1a,p1b\n|-fail|p1a: Kingambit|heal\n|-heal|p1b: Sinistcha|56/100\n|move|p2a: Primarina|Calm Mind|p2a: Primarina\n|-boost|p2a: Primarina|spa|1\n|-boost|p2a: Primarina|spd|1\n|move|p2b: Kingambit|Kowtow Cleave|p1b: Sinistcha\n|-supereffective|p1b: Sinistcha|1\n|-damage|p1b: Sinistcha|0 fnt\n|faint|p1b: Sinistcha\n|move|p1a: Kingambit|Low Kick|p2b: Kingambit\n|-supereffective|p2b: Kingambit|2\n|-enditem|p2b: Kingambit|Chople Berry|[eat]\n|-enditem|p2b: Kingambit|Chople Berry|[weaken]\n|-damage|p2b: Kingambit|40/100\n|\n|upkeep\n|\n|t:|1776014958\n|switch|p1b: Gengar|Gengar-Mega, L50, F|50/100\n|turn|6\n|\n|t:|1776014973\n|move|p1b: Gengar|Protect|p1b: Gengar\n|-singleturn|p1b: Gengar|Protect\n|move|p2b: Kingambit|Protect|p2b: Kingambit\n|-singleturn|p2b: Kingambit|Protect\n|move|p2a: Primarina|Moonblast|p1a: Kingambit\n|-damage|p1a: Kingambit|26/100\n|move|p1a: Kingambit|Iron Head|p2a: Primarina\n|-crit|p2a: Primarina\n|-damage|p2a: Primarina|31/100\n|-enditem|p2a: Primarina|Sitrus Berry|[eat]\n|-heal|p2a: Primarina|56/100|[from] item: Sitrus Berry\n|\n|upkeep\n|turn|7\n|\n|t:|1776014989\n|move|p2b: Kingambit|Sucker Punch|p1a: Kingambit\n|-resisted|p1a: Kingambit|1\n|-damage|p1a: Kingambit|13/100\n|move|p1b: Gengar|Substitute|p1b: Gengar\n|-start|p1b: Gengar|Substitute\n|-damage|p1b: Gengar|25/100\n|move|p2a: Primarina|Hyper Voice|p1b: Gengar|[spread] p1a,p1b\n|-damage|p1a: Kingambit|0 fnt\n|-damage|p1b: Gengar|0 fnt\n|faint|p1a: Kingambit\n|faint|p1b: Gengar\n|\n|win|VanniVGC\n",
  "uploadtime": 1776014989,
  "views": 10,
  "formatid": "gen9championsvgc2026regma",
  "rating": null,
  "private": 0,
  "password": null
}