{
  "id": "gen9championsvgc2026regma-2586825817",
  "format": "[Gen 9 Champions] VGC 2026 Reg M-A",
  "players": [
    "NathanaelW19",
    "Medeirosz"
  ],
  "log": "|j|\u2606NathanaelW19\n|j|\u2606Medeirosz\n|t:|1776463071\n|gametype|doubles\n|player|p1|NathanaelW19|dragontamer|1189\n|player|p2|Medeirosz|bruno|1175\n|gen|9\n|tier|[Gen 9 Champions] VGC 2026 Reg M-A\n|rated|\n|rule|Species Clause: Limit one of each Pok\u00e9mon\n|rule|Item Clause: Limit 1 of each item\n|clearpoke\n|poke|p1|Medicham, L50, M|\n|poke|p1|Banette, L50, F|\n|poke|p1|Ninetales-Alola, L50, F|\n|poke|p1|Arcanine-Hisui, L50, F|\n|poke|p1|Kommo-o, L50, M|\n|poke|p1|Corviknight, L50, F|\n|poke|p2|Garchomp, L50, M|\n|poke|p2|Sinistcha, L50|\n|poke|p2|Aerodactyl, L50, M|\n|poke|p2|Tinkaton, L50, F|\n|poke|p2|Basculegion, L50, M|\n|poke|p2|Delphox, L50, M|\n|teampreview|4\n|inactive|Battle timer is ON: inactive players will automatically lose when time's up. (requested by NathanaelW19)\n|\n|t:|1776463093\n|teamsize|p1|4\n|teamsize|p2|4\n|start\n|switch|p1a: Medicham|Medicham, L50, M, shiny|100/100\n|switch|p1b: Banette|Banette, L50, F, shiny|100/100\n|switch|p2a: Aerodactyl|Aerodactyl, L50, M, shiny|100/100\n|switch|p2b: Garchomp|Garchomp, L50, M|100/100\n|-ability|p2a: Aerodactyl|Unnerve\n|-item|p2a: Aerodactyl|Focus Sash|[from] ability: Frisk|[of] p1b: Banette\n|-item|p2b: Garchomp|Choice Scarf|[from] ability: Frisk|[of] p1b: Banette\n|turn|1\n|\n|t:|1776463109\n|detailschange|p1b: Banette|Banette-Mega, L50, F, shiny\n|-mega|p1b: Banette|Banette|Banettite\n|move|p1a: Medicham|Fake Out|p2b: Garchomp\n|-damage|p2b: Garchomp|84/100\n|-damage|p1a: Medicham|88/100|[from] ability: Rough Skin|[of] p2b: Garchomp\n|move|p1b: Banette|Skill Swap|p1a: Medicham\n|-activate|p1b: Banette|Skill Swap|||[of] p1a: Medicham\n|move|p2a: Aerodactyl|Tailwind|p2a: Aerodactyl\n|-sidestart|p2: Medeirosz|move: Tailwind\n|cant|p2b: Garchomp|flinch\n|\n|upkeep\n|turn|2\n|inactive|Medeirosz has 30 seconds left.\n|\n|t:|1776463137\n|move|p2a: Aerodactyl|Protect|p2a: Aerodactyl\n|-singleturn|p2a: Aerodactyl|Protect\n|move|p1a: Medicham|Coaching|p1b: Banette\n|-boost|p1b: Banette|atk|1\n|-boost|p1b: Banette|def|1\n|move|p1b: Banette|Shadow Sneak|p2b: Garchomp\n|-damage|p2b: Garchomp|14/100\n|-damage|p1b: Banette|88/100|[from] ability: Rough Skin|[of] p2b: Garchomp\n|move|p2b: Garchomp|Earthquake|p1b: Banette|[spread] p1a,p1b\n|-activate|p2a: Aerodactyl|move: Protect\n|-damage|p1a: Medicham|24/100\n|-damage|p1b: Banette|51/100\n|\n|upkeep\n|turn|3\n|\n|t:|1776463154\n|switch|p2b: Tinkaton|Tinkaton, L50, F, shiny|100/100\n|move|p1a: Medicham|Coaching|p1b: Banette\n|-boost|p1b: Banette|atk|1\n|-boost|p1b: Banette|def|1\n|move|p1b: Banette|Shadow Sneak|p2b: Tinkaton\n|-damage|p2b: Tinkaton|0 fnt\n|faint|p2b: Tinkaton\n|move|p2a: Aerodactyl|Rock Slide|p1a: Medicham|[spread] p1a,p1b\n|-resisted|p1a: Medicham|1\n|-damage|p1a: Medicham|2/100\n|-damage|p1b: Banette|35/100\n|\n|upkeep\n|\n|t:|1776463166\n|switch|p2b: Delphox|Delphox, L50, M|100/100\n|turn|4\n|\n|t:|1776463179\n|detailschange|p2b: Delphox|Delphox-Mega, L50, M\n|-mega|p2b: Delphox|Delphox|Delphoxite\n|move|p2b: Delphox|Protect|p2b: Delphox\n|-singleturn|p2b: Delphox|Protect\n|move|p1a: Medicham|Coaching|p1b: Banette\n|-boost|p1b: Banette|atk|1\n|-boost|p1b: Banette|def|1\n|move|p1b: Banette|Shadow Sneak|p2b: Delphox\n|-activate|p2b: Delphox|move: Protect\n|move|p2a: Aerodactyl|Rock Slide|p1a: Medicham|[spread] p1a,p1b\n|-resisted|p1a: Medicham|1\n|-damage|p1a: Medicham|0 fnt\n|-damage|p1b: Banette|21/100\n|faint|p1a: Medicham\n|\n|-sideend|p2: Medeirosz|move: Tailwind\n|upkeep\n|\n|t:|1776463183\n|switch|p1a: Arcanine|Arcanine-Hisui, L50, F|100/100\n|-ability|p1a: Arcanine|Intimidate|boost\n|-unboost|p2a: Aerodactyl|atk|1\n|-unboost|p2b: Delphox|atk|1\n|turn|5\n|\n|t:|1776463200\n|move|p1b: Banette|Shadow Sneak|p2a: Aerodactyl\n|-enditem|p2a: Aerodactyl|Focus Sash\n|-damage|p2a: Aerodactyl|1/100\n|move|p1a: Arcanine|Rock Slide|p2a: Aerodactyl|[spread] p2a,p2b\n|-supereffective|p2a: Aerodactyl|1\n|-supereffective|p2b: Delphox|1\n|-damage|p2a: Aerodactyl|0 fnt\n|-damage|p2b: Delphox|35/100\n|faint|p2a: Aerodactyl\n|move|p2b: Delphox|Psychic|p1a: Arcanine\n|-damage|p1a: Arcanine|28/100\n|\n|upkeep\n|-message|Medeirosz forfeited.\n|\n|win|NathanaelW19\n|raw|NathanaelW19's rating: 1189 &rarr; <strong>1213</strong><br />(+24 for winning)\n|raw|Medeirosz's rating: 1175 &rarr; <strong>1151</strong><br />(-24 for losing)\n|l|\u2606Medeirosz\n|player|p2|\n",
  "uploadtime": 1776463217,
  "views": 23,
  "formatid": "gen9championsvgc2026regma",
  "rating": 1151,
  "private": 0,
  "password": null
}