{
  "id": "gen9championsvgc2026regma-2581202845",
  "format": "[Gen 9 Champions] VGC 2026 Reg M-A",
  "players": [
    "E5061",
    "Celentinel"
  ],
  "log": "|j|\u2606E5061\n|j|\u2606Celentinel\n|t:|1775970304\n|gametype|doubles\n|player|p1|E5061|shauntal|1083\n|player|p2|Celentinel|2|1129\n|gen|9\n|tier|[Gen 9 Champions] VGC 2026 Reg M-A\n|rated|\n|rule|Species Clause: Limit one of each Pok\u00e9mon\n|rule|Item Clause: Limit 1 of each item\n|clearpoke\n|poke|p1|Excadrill, L50, M|\n|poke|p1|Tyranitar, L50, F|\n|poke|p1|Dragonite, L50, M|\n|poke|p1|Whimsicott, L50, M|\n|poke|p1|Sinistcha, L50|\n|poke|p1|Rotom-Heat, L50|\n|poke|p2|Pelipper, L50, F|\n|poke|p2|Archaludon, L50, M|\n|poke|p2|Sinistcha, L50|\n|poke|p2|Gyarados, L50, M|\n|teampreview|4\n|inactive|Battle timer is ON: inactive players will automatically lose when time's up. (requested by Celentinel)\n|\n|t:|1775970332\n|teamsize|p1|4\n|teamsize|p2|4\n|start\n|switch|p1a: Dragonite|Dragonite, L50, M|100/100\n|switch|p1b: Rotom|Rotom-Heat, L50|100/100\n|switch|p2a: Archaludon|Archaludon, L50, M|100/100\n|switch|p2b: Gyarados|Gyarados, L50, M|100/100\n|-ability|p2b: Gyarados|Intimidate|boost\n|-fail|p1a: Dragonite|unboost|Attack|[from] ability: Inner Focus|[of] p1a: Dragonite\n|-unboost|p1b: Rotom|atk|1\n|turn|1\n|inactive|Celentinel has 30 seconds left.\n|\n|t:|1775970364\n|detailschange|p2b: Gyarados|Gyarados-Mega, L50, M\n|-mega|p2b: Gyarados|Gyarados|Gyaradosite\n|-ability|p2b: Gyarados|Mold Breaker\n|detailschange|p1a: Dragonite|Dragonite-Mega, L50, M\n|-mega|p1a: Dragonite|Dragonite|Dragoninite\n|move|p1b: Rotom|Volt Switch|p2b: Gyarados\n|-supereffective|p2b: Gyarados|1\n|-damage|p2b: Gyarados|46/100\n|\n|t:|1775970373\n|switch|p1b: Tyranitar|Tyranitar, L50, F|100/100|[from] Volt Switch\n|-weather|Sandstorm|[from] ability: Sand Stream|[of] p1b: Tyranitar\n|move|p1a: Dragonite|Focus Blast|p2a: Archaludon\n|-supereffective|p2a: Archaludon|1\n|-damage|p2a: Archaludon|8/100\n|-ability|p2a: Archaludon|Stamina|boost\n|-boost|p2a: Archaludon|def|1\n|move|p2b: Gyarados|Dragon Dance|p2b: Gyarados\n|-boost|p2b: Gyarados|atk|1\n|-boost|p2b: Gyarados|spe|1\n|move|p2a: Archaludon|Draco Meteor|p1a: Dragonite\n|-supereffective|p1a: Dragonite|1\n|-damage|p1a: Dragonite|37/100\n|-unboost|p2a: Archaludon|spa|2\n|\n|-weather|Sandstorm|[upkeep]\n|-damage|p2b: Gyarados|40/100|[from] Sandstorm\n|-damage|p1a: Dragonite|31/100|[from] Sandstorm\n|-heal|p2a: Archaludon|14/100|[from] item: Leftovers\n|upkeep\n|turn|2\n|inactive|E5061 has 30 seconds left.\n|inactive|Celentinel has 30 seconds left.\n|inactive|E5061 has 20 seconds left.\n|\n|t:|1775970408\n|switch|p2a: Pelipper|Pelipper, L50, F|100/100\n|-weather|RainDance|[from] ability: Drizzle|[of] p2a: Pelipper\n|move|p2b: Gyarados|Waterfall|p1b: Tyranitar\n|-supereffective|p1b: Tyranitar|1\n|-enditem|p1b: Tyranitar|Passho Berry|[eat]\n|-enditem|p1b: Tyranitar|Passho Berry|[weaken]\n|-damage|p1b: Tyranitar|9/100\n|move|p1a: Dragonite|Ice Beam|p2a: Pelipper\n|-damage|p2a: Pelipper|46/100\n|move|p1b: Tyranitar|Rock Blast|p2b: Gyarados\n|-damage|p2b: Gyarados|30/100\n|-damage|p2b: Gyarados|19/100\n|-damage|p2b: Gyarados|7/100\n|-hitcount|p2b: Gyarados|3\n|\n|-weather|RainDance|[upkeep]\n|upkeep\n|turn|3\n|\n|t:|1775970433\n|switch|p1b: Rotom|Rotom-Heat, L50|100/100\n|move|p2b: Gyarados|Waterfall|p1b: Rotom\n|-supereffective|p1b: Rotom|1\n|-damage|p1b: Rotom|0 fnt\n|faint|p1b: Rotom\n|move|p2a: Pelipper|Hurricane|p1a: Dragonite\n|-damage|p1a: Dragonite|0 fnt\n|faint|p1a: Dragonite\n|\n|-weather|RainDance|[upkeep]\n|upkeep\n|\n|t:|1775970436\n|switch|p1a: Tyranitar|Tyranitar, L50, F|9/100\n|switch|p1b: Excadrill|Excadrill, L50, M|100/100\n|-weather|Sandstorm|[from] ability: Sand Stream|[of] p1a: Tyranitar\n|turn|4\n|\n|t:|1775970446\n|switch|p2b: Archaludon|Archaludon, L50, M|14/100\n|switch|p2a: Sinistcha|Sinistcha, L50|100/100\n|-heal|p2b: Archaludon|39/100|[from] ability: Hospitality|[of] p2a: Sinistcha\n|move|p1b: Excadrill|Rock Slide|p2a: Sinistcha|[spread] p2a,p2b\n|-resisted|p2b: Archaludon|1\n|-damage|p2a: Sinistcha|82/100\n|-damage|p2b: Archaludon|30/100\n|-ability|p2b: Archaludon|Stamina|boost\n|-boost|p2b: Archaludon|def|1\n|move|p1a: Tyranitar|Thunder Wave|p2a: Sinistcha\n|-status|p2a: Sinistcha|par\n|\n|-weather|Sandstorm|[upkeep]\n|-damage|p2a: Sinistcha|76/100 par|[from] Sandstorm\n|-heal|p2b: Archaludon|36/100|[from] item: Leftovers\n|upkeep\n|turn|5\n|\n|t:|1775970465\n|move|p2b: Archaludon|Protect|p2b: Archaludon\n|-singleturn|p2b: Archaludon|Protect\n|move|p1b: Excadrill|Swords Dance|p1b: Excadrill\n|-boost|p1b: Excadrill|atk|2\n|move|p1a: Tyranitar|Thunder Wave|p2b: Archaludon\n|-activate|p2b: Archaludon|move: Protect\n|move|p2a: Sinistcha|Life Dew|p2a: Sinistcha|[spread] p2a,p2b\n|-heal|p2a: Sinistcha|100/100 par\n|-heal|p2b: Archaludon|60/100\n|\n|-weather|Sandstorm|[upkeep]\n|-damage|p2a: Sinistcha|94/100 par|[from] Sandstorm\n|-heal|p2b: Archaludon|67/100|[from] item: Leftovers\n|upkeep\n|turn|6\n|\n|t:|1775970479\n|move|p1b: Excadrill|Protect|p1b: Excadrill\n|-singleturn|p1b: Excadrill|Protect\n|move|p2b: Archaludon|Flash Cannon|p1a: Tyranitar\n|-supereffective|p1a: Tyranitar|1\n|-damage|p1a: Tyranitar|0 fnt\n|faint|p1a: Tyranitar\n|move|p2a: Sinistcha|Life Dew|p2a: Sinistcha|[spread] p2a,p2b\n|-heal|p2a: Sinistcha|100/100 par\n|-heal|p2b: Archaludon|91/100\n|\n|-weather|Sandstorm|[upkeep]\n|-damage|p2a: Sinistcha|94/100 par|[from] Sandstorm\n|-heal|p2b: Archaludon|97/100|[from] item: Leftovers\n|upkeep\n|turn|7\n|\n|t:|1775970494\n|switch|p2a: Pelipper|Pelipper, L50, F|46/100\n|-weather|RainDance|[from] ability: Drizzle|[of] p2a: Pelipper\n|move|p2b: Archaludon|Protect|p2b: Archaludon\n|-singleturn|p2b: Archaludon|Protect\n|move|p1b: Excadrill|Earthquake|p2a: Pelipper|[spread] \n|-activate|p2b: Archaludon|move: Protect\n|-immune|p2a: Pelipper\n|\n|-weather|RainDance|[upkeep]\n|-heal|p2b: Archaludon|100/100|[from] item: Leftovers\n|upkeep\n|turn|8\n|\n|t:|1775970509\n|move|p2a: Pelipper|Surf|p1b: Excadrill|[spread] p2b,p1b\n|-resisted|p2b: Archaludon|1\n|-supereffective|p1b: Excadrill|1\n|-damage|p2b: Archaludon|75/100\n|-damage|p1b: Excadrill|0 fnt\n|-ability|p2b: Archaludon|Stamina|boost\n|-boost|p2b: Archaludon|def|1\n|faint|p1b: Excadrill\n|\n|win|Celentinel\n|raw|E5061's rating: 1083 &rarr; <strong>1064</strong><br />(-19 for losing)\n|raw|Celentinel's rating: 1129 &rarr; <strong>1151</strong><br />(+22 for winning)\n|l|\u2606E5061\n|player|p1|\n",
  "uploadtime": 1775970520,
  "views": 19,
  "formatid": "gen9championsvgc2026regma",
  "rating": 1064,
  "private": 0,
  "password": null
}