{
  "id": "gen9championsvgc2026regma-2583917282",
  "format": "[Gen 9 Champions] VGC 2026 Reg M-A",
  "players": [
    "D Hazey",
    "Bauhaus_Gamer"
  ],
  "log": "|j|\u2606D Hazey\n|j|\u2606Bauhaus_Gamer\n|t:|1776208129\n|gametype|doubles\n|player|p1|D Hazey|cynthia-masters|1000\n|player|p2|Bauhaus_Gamer|hilda|1047\n|gen|9\n|tier|[Gen 9 Champions] VGC 2026 Reg M-A\n|rated|\n|rule|Species Clause: Limit one of each Pok\u00e9mon\n|rule|Item Clause: Limit 1 of each item\n|clearpoke\n|poke|p1|Meganium, L50, F|\n|poke|p1|Heliolisk, L50, M|\n|poke|p1|Ariados, L50, F|\n|poke|p1|Arcanine-Hisui, L50, M|\n|poke|p1|Tauros-Paldea-Aqua, L50, M|\n|poke|p1|Incineroar, L50, M|\n|poke|p2|Ninetales-Alola, L50, M|\n|poke|p2|Sneasler, L50, M|\n|poke|p2|Arcanine-Hisui, L50, M|\n|poke|p2|Sinistcha, L50|\n|poke|p2|Palafin, L50, F|\n|poke|p2|Dragapult, L50, M|\n|teampreview|4\n|\n|t:|1776208177\n|teamsize|p1|4\n|teamsize|p2|4\n|start\n|switch|p1a: Heliolisk|Heliolisk, L50, M|100/100\n|switch|p1b: Arcanine|Arcanine-Hisui, L50, M|100/100\n|switch|p2a: Ninetales|Ninetales-Alola, L50, M|100/100\n|switch|p2b: Palafin|Palafin, L50, F|100/100\n|-ability|p1b: Arcanine|Intimidate|boost\n|-unboost|p2a: Ninetales|atk|1\n|-unboost|p2b: Palafin|atk|1\n|-weather|Snowscape|[from] ability: Snow Warning|[of] p2a: Ninetales\n|turn|1\n|\n|t:|1776208202\n|switch|p1b: Ariados|Ariados, L50, F, shiny|100/100\n|move|p2a: Ninetales|Protect|p2a: Ninetales\n|-singleturn|p2a: Ninetales|Protect\n|move|p1a: Heliolisk|Rain Dance|p1a: Heliolisk\n|-weather|RainDance\n|move|p2b: Palafin|Flip Turn|p1b: Ariados\n|-damage|p1b: Ariados|65/100\n|\n|t:|1776208213\n|detailschange|p2b: Palafin|Palafin-Hero, L50, F\n|switch|p2b: Sneasler|Sneasler, L50, M|100/100|[from] Flip Turn\n|\n|-weather|RainDance|[upkeep]\n|upkeep\n|turn|2\n|\n|t:|1776208229\n|move|p2b: Sneasler|Fake Out|p1b: Ariados\n|-damage|p1b: Ariados|42/100\n|cant|p1b: Ariados|flinch\n|move|p1a: Heliolisk|Glare|p2b: Sneasler\n|-status|p2b: Sneasler|par\n|move|p2a: Ninetales|Blizzard|p1a: Heliolisk|[spread] p1a,p1b\n|-damage|p1a: Heliolisk|54/100\n|-damage|p1b: Ariados|15/100\n|\n|-weather|RainDance|[upkeep]\n|-heal|p1a: Heliolisk|67/100|[from] ability: Dry Skin\n|upkeep\n|turn|3\n|-activate|p1b: Ariados|item: Quick Claw\n|\n|t:|1776208259\n|move|p1b: Ariados|Rage Powder|p1b: Ariados\n|-singleturn|p1b: Ariados|move: Rage Powder\n|move|p1a: Heliolisk|Thunder|p2b: Sneasler\n|-damage|p2b: Sneasler|32/100 par\n|move|p2a: Ninetales|Aurora Veil||[still]\n|-fail|p2a: Ninetales\n|move|p2b: Sneasler|Close Combat|p1b: Ariados\n|-resisted|p1b: Ariados|2\n|-crit|p1b: Ariados\n|-damage|p1b: Ariados|0 fnt\n|-unboost|p2b: Sneasler|def|1\n|-unboost|p2b: Sneasler|spd|1\n|faint|p1b: Ariados\n|\n|-weather|RainDance|[upkeep]\n|-heal|p1a: Heliolisk|79/100|[from] ability: Dry Skin\n|upkeep\n|\n|t:|1776208282\n|switch|p1b: Arcanine|Arcanine-Hisui, L50, M|100/100\n|-ability|p1b: Arcanine|Intimidate|boost\n|-unboost|p2a: Ninetales|atk|1\n|-unboost|p2b: Sneasler|atk|1\n|turn|4\n|\n|t:|1776208308\n|switch|p2a: Palafin|Palafin-Hero, L50, F|100/100\n|-activate|p2a: Palafin|ability: Zero to Hero\n|move|p1b: Arcanine|Rock Slide|p2b: Sneasler|[spread] p2a,p2b\n|-resisted|p2b: Sneasler|1\n|-damage|p2a: Palafin|68/100\n|-damage|p2b: Sneasler|0 fnt\n|faint|p2b: Sneasler\n|move|p1a: Heliolisk|Thunder|p2a: Palafin\n|-supereffective|p2a: Palafin|1\n|-damage|p2a: Palafin|0 fnt\n|faint|p2a: Palafin\n|\n|-weather|RainDance|[upkeep]\n|-heal|p1a: Heliolisk|91/100|[from] ability: Dry Skin\n|upkeep\n|\n|t:|1776208321\n|switch|p2b: Sinistcha|Sinistcha, L50|100/100\n|switch|p2a: Ninetales|Ninetales-Alola, L50, M|100/100\n|-weather|Snowscape|[from] ability: Snow Warning|[of] p2a: Ninetales\n|turn|5\n|\n|t:|1776208334\n|move|p2a: Ninetales|Protect|p2a: Ninetales\n|-singleturn|p2a: Ninetales|Protect\n|move|p1b: Arcanine|Rock Slide|p2a: Ninetales|[spread] \n|-activate|p2a: Ninetales|move: Protect\n|-miss|p1b: Arcanine|p2b: Sinistcha\n|move|p1a: Heliolisk|Rain Dance|p1a: Heliolisk\n|-weather|RainDance\n|move|p2b: Sinistcha|Matcha Gotcha|p1a: Heliolisk|[spread] p1a\n|-miss|p2b: Sinistcha|p1b: Arcanine\n|-damage|p1a: Heliolisk|56/100\n|\n|-weather|RainDance|[upkeep]\n|-heal|p1a: Heliolisk|68/100|[from] ability: Dry Skin\n|upkeep\n|turn|6\n|-message|Bauhaus_Gamer forfeited.\n|\n|win|D Hazey\n|raw|D Hazey's rating: 1000 &rarr; <strong>1045</strong><br />(+45 for winning)\n|raw|Bauhaus_Gamer's rating: 1047 &rarr; <strong>1028</strong><br />(-19 for losing)\n|l|\u2606Bauhaus_Gamer\n|player|p2|\n",
  "uploadtime": 1776208361,
  "views": 20,
  "formatid": "gen9championsvgc2026regma",
  "rating": 1028,
  "private": 0,
  "password": null
}