{
  "id": "gen9championsvgc2026regma-2584706863",
  "format": "[Gen 9 Champions] VGC 2026 Reg M-A",
  "players": [
    "MiMiQuiu01",
    "tropicalasscheeks"
  ],
  "log": "|j|\u2606MiMiQuiu01\n|j|\u2606tropicalasscheeks\n|t:|1776278087\n|gametype|doubles\n|player|p1|MiMiQuiu01|266|1349\n|player|p2|tropicalasscheeks|2|1324\n|gen|9\n|tier|[Gen 9 Champions] VGC 2026 Reg M-A\n|rated|\n|rule|Species Clause: Limit one of each Pok\u00e9mon\n|rule|Item Clause: Limit 1 of each item\n|clearpoke\n|poke|p1|Tyranitar, L50, M|\n|poke|p1|Corviknight, L50, F|\n|poke|p1|Rotom-Wash, L50|\n|poke|p1|Garchomp, L50, F|\n|poke|p1|Sneasler, L50, F|\n|poke|p1|Sinistcha, L50|\n|poke|p2|Aggron, L50, F|\n|poke|p2|Alakazam, L50, F|\n|poke|p2|Tyranitar, L50, M|\n|poke|p2|Excadrill, L50, F|\n|poke|p2|Sinistcha, L50|\n|poke|p2|Dragapult, L50, F|\n|teampreview|4\n|\n|t:|1776278147\n|teamsize|p1|4\n|teamsize|p2|4\n|start\n|switch|p1a: Sneasler|Sneasler, L50, F|100/100\n|switch|p1b: Tyranitar|Tyranitar, L50, M|100/100\n|switch|p2a: Alakazam|Alakazam, L50, F|100/100\n|switch|p2b: Dragapult|Dragapult, L50, F|100/100\n|-weather|Sandstorm|[from] ability: Sand Stream|[of] p1b: Tyranitar\n|turn|1\n|\n|t:|1776278175\n|switch|p2a: Excadrill|Excadrill, L50, F|100/100\n|move|p1b: Tyranitar|Protect|p1b: Tyranitar\n|-singleturn|p1b: Tyranitar|Protect\n|move|p2b: Dragapult|Draco Meteor|p1a: Sneasler|[miss]\n|-miss|p2b: Dragapult|p1a: Sneasler\n|move|p1a: Sneasler|Close Combat|p2a: Excadrill\n|-supereffective|p2a: Excadrill|1\n|-damage|p2a: Excadrill|0 fnt\n|-unboost|p1a: Sneasler|def|1\n|-unboost|p1a: Sneasler|spd|1\n|faint|p2a: Excadrill\n|-enditem|p1a: Sneasler|White Herb\n|-clearnegativeboost|p1a: Sneasler|[silent]\n|\n|-weather|Sandstorm|[upkeep]\n|-damage|p2b: Dragapult|94/100|[from] Sandstorm\n|-damage|p1a: Sneasler|95/100|[from] Sandstorm\n|upkeep\n|\n|t:|1776278192\n|switch|p2a: Aggron|Aggron, L50, F|100/100\n|turn|2\n|inactive|Battle timer is ON: inactive players will automatically lose when time's up. (requested by tropicalasscheeks)\n|inactive|MiMiQuiu01 has 60 seconds left.\n|\n|t:|1776278238\n|detailschange|p2a: Aggron|Aggron-Mega, L50, F\n|-mega|p2a: Aggron|Aggron|Aggronite\n|move|p2b: Dragapult|Draco Meteor|p1a: Sneasler\n|-damage|p1a: Sneasler|33/100\n|-unboost|p2b: Dragapult|spa|2\n|move|p1a: Sneasler|Throat Chop|p2b: Dragapult\n|-supereffective|p2b: Dragapult|1\n|-damage|p2b: Dragapult|27/100\n|-start|p2b: Dragapult|Throat Chop|[silent]\n|move|p1b: Tyranitar|Knock Off|p2b: Dragapult\n|-supereffective|p2b: Dragapult|1\n|-damage|p2b: Dragapult|0 fnt\n|-enditem|p2b: Dragapult|Choice Scarf|[from] move: Knock Off|[of] p1b: Tyranitar\n|faint|p2b: Dragapult\n|move|p2a: Aggron|Body Press|p1b: Tyranitar\n|-supereffective|p1b: Tyranitar|2\n|-damage|p1b: Tyranitar|0 fnt\n|faint|p1b: Tyranitar\n|\n|-weather|Sandstorm|[upkeep]\n|-damage|p1a: Sneasler|27/100|[from] Sandstorm\n|upkeep\n|\n|t:|1776278261\n|switch|p2b: Alakazam|Alakazam, L50, F|100/100\n|switch|p1b: Garchomp|Garchomp, L50, F|100/100\n|turn|3\n|\n|t:|1776278271\n|move|p1a: Sneasler|Throat Chop|p2b: Alakazam\n|-supereffective|p2b: Alakazam|1\n|-enditem|p2b: Alakazam|Focus Sash\n|-damage|p2b: Alakazam|1/100\n|-start|p2b: Alakazam|Throat Chop|[silent]\n|move|p1b: Garchomp|Stomping Tantrum|p2b: Alakazam\n|-damage|p2b: Alakazam|0 fnt\n|faint|p2b: Alakazam\n|move|p2a: Aggron|Body Press|p1b: Garchomp\n|-damage|p1b: Garchomp|64/100\n|-damage|p2a: Aggron|88/100|[from] ability: Rough Skin|[of] p1b: Garchomp\n|\n|-weather|Sandstorm|[upkeep]\n|-damage|p1a: Sneasler|21/100|[from] Sandstorm\n|upkeep\n|turn|4\n|j| thatsaltyguy\n|\n|t:|1776278285\n|move|p1a: Sneasler|Close Combat|p2a: Aggron\n|-supereffective|p2a: Aggron|1\n|-damage|p2a: Aggron|45/100\n|-unboost|p1a: Sneasler|def|1\n|-unboost|p1a: Sneasler|spd|1\n|move|p1b: Garchomp|Stomping Tantrum|p2a: Aggron\n|-supereffective|p2a: Aggron|1\n|-crit|p2a: Aggron\n|-damage|p2a: Aggron|1/100\n|move|p2a: Aggron|Body Press|p1a: Sneasler\n|-resisted|p1a: Sneasler|1\n|-damage|p1a: Sneasler|0 fnt\n|faint|p1a: Sneasler\n|\n|-weather|Sandstorm|[upkeep]\n|upkeep\n|\n|t:|1776278296\n|switch|p1a: Rotom|Rotom-Wash, L50|100/100\n|turn|5\n|l| thatsaltyguy\n|-message|tropicalasscheeks forfeited.\n|l|\u2606tropicalasscheeks\n|inactive|tropicalasscheeks disconnected and has a minute to reconnect!\n|player|p2|\n|\n|win|MiMiQuiu01\n|raw|MiMiQuiu01's rating: 1349 &rarr; <strong>1368</strong><br />(+19 for winning)\n|raw|tropicalasscheeks's rating: 1324 &rarr; <strong>1305</strong><br />(-19 for losing)\n",
  "uploadtime": 1776278304,
  "views": 39,
  "formatid": "gen9championsvgc2026regma",
  "rating": 1305,
  "private": 0,
  "password": null
}