{
  "id": "gen9championsvgc2026regma-2582782407",
  "format": "[Gen 9 Champions] VGC 2026 Reg M-A",
  "players": [
    "Samohtmj",
    "IcarusIsBestGirl"
  ],
  "log": "|j|\u2606Samohtmj\n|j|\u2606IcarusIsBestGirl\n|t:|1776113748\n|gametype|doubles\n|player|p1|Samohtmj|266|1096\n|player|p2|IcarusIsBestGirl|yellow|1168\n|gen|9\n|tier|[Gen 9 Champions] VGC 2026 Reg M-A\n|rated|\n|rule|Species Clause: Limit one of each Pok\u00e9mon\n|rule|Item Clause: Limit 1 of each item\n|clearpoke\n|poke|p1|Wyrdeer, L50, F|\n|poke|p1|Torkoal, L50, M|\n|poke|p1|Archaludon, L50, M|\n|poke|p1|Primarina, L50, F|\n|poke|p1|Rotom-Fan, L50|\n|poke|p1|Golurk, L50|\n|poke|p2|Froslass, L50, F|\n|poke|p2|Kingambit, L50, M|\n|poke|p2|Clefable, L50, F|\n|poke|p2|Sneasler, L50, M|\n|poke|p2|Rotom-Wash, L50|\n|poke|p2|Garchomp, L50, M|\n|teampreview|4\nIcarusIsBestGirl rejected open team sheets.\n|inactive|Battle timer is ON: inactive players will automatically lose when time's up. (requested by Samohtmj)\n|inactive|IcarusIsBestGirl has 60 seconds left.\n|\n|t:|1776113829\n|teamsize|p1|4\n|teamsize|p2|4\n|start\n|switch|p1a: Wyrdeer|Wyrdeer, L50, F|100/100\n|switch|p1b: Golurk|Golurk, L50|100/100\n|switch|p2a: thing japan|Froslass, L50, F, shiny|100/100\n|switch|p2b: Sharkquake|Garchomp, L50, M|100/100\n|-ability|p1a: Wyrdeer|Intimidate|boost\n|-unboost|p2a: thing japan|atk|1\n|-unboost|p2b: Sharkquake|atk|1\n|turn|1\n|inactive|Samohtmj has 30 seconds left.\n|inactive|IcarusIsBestGirl has 30 seconds left.\n|inactive|IcarusIsBestGirl has 20 seconds left.\n|inactive|IcarusIsBestGirl has 15 seconds left.\n|inactive|IcarusIsBestGirl has 10 seconds left.\n|\n|t:|1776113875\n|detailschange|p2a: thing japan|Froslass-Mega, L50, F, shiny\n|-mega|p2a: thing japan|Froslass|Froslassite\n|-weather|Snowscape|[from] ability: Snow Warning|[of] p2a: thing japan\n|detailschange|p1b: Golurk|Golurk-Mega, L50\n|-mega|p1b: Golurk|Golurk|Golurkite\n|move|p2b: Sharkquake|Rock Slide|p1a: Wyrdeer|[spread] p1a,p1b\n|-resisted|p1b: Golurk|1\n|-damage|p1a: Wyrdeer|88/100\n|-damage|p1b: Golurk|94/100\n|move|p2a: thing japan|Aurora Veil|p2a: thing japan\n|-sidestart|p2: IcarusIsBestGirl|move: Aurora Veil\n|move|p1b: Golurk|Poltergeist|p2a: thing japan\n|-activate|p2a: thing japan|move: Poltergeist|Froslassite\n|-supereffective|p2a: thing japan|1\n|-damage|p2a: thing japan|14/100\n|move|p1a: Wyrdeer|Trick Room|p1a: Wyrdeer\n|-fieldstart|move: Trick Room|[of] p1a: Wyrdeer\n|\n|-weather|Snowscape|[upkeep]\n|upkeep\n|turn|2\n|inactive|IcarusIsBestGirl has 30 seconds left.\n|\n|t:|1776113904\n|switch|p2a: FamishedCube|Clefable, L50, F|100/100\n|switch|p2b: Claw of Hermos|Sneasler, L50, M, shiny|100/100\n|move|p1b: Golurk|Ice Punch|p2b: Claw of Hermos\n|-damage|p2b: Claw of Hermos|63/100\n|move|p1a: Wyrdeer|Psyshield Bash|p2a: FamishedCube|[miss]\n|-miss|p1a: Wyrdeer|p2a: FamishedCube\n|\n|-weather|Snowscape|[upkeep]\n|upkeep\n|turn|3\n|inactive|Samohtmj has 30 seconds left.\n|inactive|IcarusIsBestGirl has 30 seconds left.\n|\n|t:|1776113938\n|move|p2b: Claw of Hermos|Fake Out|p1a: Wyrdeer\n|-damage|p1a: Wyrdeer|75/100\n|move|p1b: Golurk|Poltergeist|p2a: FamishedCube\n|-activate|p2a: FamishedCube|move: Poltergeist|Sitrus Berry\n|-crit|p2a: FamishedCube\n|-damage|p2a: FamishedCube|10/100\n|-enditem|p2a: FamishedCube|Sitrus Berry|[eat]\n|-heal|p2a: FamishedCube|35/100|[from] item: Sitrus Berry\n|cant|p1a: Wyrdeer|flinch\n|move|p2a: FamishedCube|Moonblast|p1a: Wyrdeer\n|-crit|p1a: Wyrdeer\n|-damage|p1a: Wyrdeer|21/100\n|-enditem|p1a: Wyrdeer|Sitrus Berry|[eat]\n|-heal|p1a: Wyrdeer|46/100|[from] item: Sitrus Berry\n|\n|-weather|Snowscape|[upkeep]\n|upkeep\n|turn|4\n|inactive|IcarusIsBestGirl has 30 seconds left.\n|inactive|IcarusIsBestGirl has 20 seconds left.\n|\n|t:|1776113975\n|move|p2a: FamishedCube|Follow Me|p2a: FamishedCube\n|-singleturn|p2a: FamishedCube|move: Follow Me\n|move|p1b: Golurk|Ice Punch|p2a: FamishedCube\n|-damage|p2a: FamishedCube|19/100\n|move|p1a: Wyrdeer|Psyshield Bash|p2a: FamishedCube\n|-damage|p2a: FamishedCube|0 fnt\n|-boost|p1a: Wyrdeer|def|1\n|faint|p2a: FamishedCube\n|move|p2b: Claw of Hermos|Dire Claw|p1a: Wyrdeer\n|-damage|p1a: Wyrdeer|17/100\n|-status|p1a: Wyrdeer|slp\n|\n|-weather|Snowscape|[upkeep]\n|upkeep\n|\n|t:|1776113991\n|switch|p2a: Sharkquake|Garchomp, L50, M|100/100\n|turn|5\n|\n|t:|1776114006\n|move|p2b: Claw of Hermos|Protect|p2b: Claw of Hermos\n|-singleturn|p2b: Claw of Hermos|Protect\n|move|p1b: Golurk|Ice Punch|p2a: Sharkquake\n|-supereffective|p2a: Sharkquake|2\n|-damage|p2a: Sharkquake|5/100\n|-damage|p1b: Golurk|82/100|[from] ability: Rough Skin|[of] p2a: Sharkquake\n|cant|p1a: Wyrdeer|slp\n|move|p2a: Sharkquake|Dragon Claw|p1b: Golurk\n|-damage|p1b: Golurk|42/100\n|\n|-weather|none\n|-sideend|p2: IcarusIsBestGirl|move: Aurora Veil\n|-fieldend|move: Trick Room\n|upkeep\n|turn|6\n|\n|t:|1776114028\n|switch|p1b: Primarina|Primarina, L50, F|100/100\n|move|p2a: Sharkquake|Dragon Claw|p1b: Primarina\n|-immune|p1b: Primarina\n|move|p2b: Claw of Hermos|Dire Claw|p1a: Wyrdeer\n|-crit|p1a: Wyrdeer\n|-damage|p1a: Wyrdeer|0 fnt\n|faint|p1a: Wyrdeer\n|\n|upkeep\n|\n|t:|1776114044\n|switch|p1a: Golurk|Golurk-Mega, L50|42/100\n|turn|7\n|\n|t:|1776114056\n|move|p1b: Primarina|Protect|p1b: Primarina\n|-singleturn|p1b: Primarina|Protect\n|move|p2a: Sharkquake|Dragon Claw|p1a: Golurk\n|-damage|p1a: Golurk|0 fnt\n|faint|p1a: Golurk\n|move|p2b: Claw of Hermos|Dire Claw|p1b: Primarina\n|-activate|p1b: Primarina|move: Protect\n|\n|upkeep\n|\n|t:|1776114066\n|switch|p1a: Archaludon|Archaludon, L50, M|100/100\n|turn|8\n|inactive|Samohtmj has 30 seconds left.\n|\n|t:|1776114096\n|switch|p2a: thing japan|Froslass-Mega, L50, F, shiny|14/100\n|-weather|Snowscape|[from] ability: Snow Warning|[of] p2a: thing japan\n|move|p2b: Claw of Hermos|Dire Claw|p1b: Primarina\n|-supereffective|p1b: Primarina|1\n|-damage|p1b: Primarina|0 fnt\n|faint|p1b: Primarina\n|move|p1a: Archaludon|Draco Meteor|p2b: Claw of Hermos\n|-damage|p2b: Claw of Hermos|0 fnt\n|-unboost|p1a: Archaludon|spa|2\n|faint|p2b: Claw of Hermos\n|\n|-weather|Snowscape|[upkeep]\n|upkeep\n|\n|t:|1776114107\n|switch|p2b: Sharkquake|Garchomp, L50, M|5/100\n|turn|9\n|\n|t:|1776114118\n|move|p2b: Sharkquake|Stomping Tantrum|p1a: Archaludon\n|-supereffective|p1a: Archaludon|1\n|-damage|p1a: Archaludon|49/100\n|-ability|p1a: Archaludon|Stamina|boost\n|-boost|p1a: Archaludon|def|1\n|move|p2a: thing japan|Blizzard|p1a: Archaludon\n|-damage|p1a: Archaludon|0 fnt\n|faint|p1a: Archaludon\n|\n|win|IcarusIsBestGirl\n|raw|Samohtmj's rating: 1096 &rarr; <strong>1077</strong><br />(-19 for losing)\n|raw|IcarusIsBestGirl's rating: 1168 &rarr; <strong>1188</strong><br />(+20 for winning)\n|l|\u2606Samohtmj\n|player|p1|\n",
  "uploadtime": 1776114248,
  "views": 11,
  "formatid": "gen9championsvgc2026regma",
  "rating": 1077,
  "private": 0,
  "password": null
}