{
  "id": "gen9championsvgc2026regma-2583547348",
  "format": "[Gen 9 Champions] VGC 2026 Reg M-A",
  "players": [
    "Happyguy09",
    "Aekyn"
  ],
  "log": "|j|\u2606Happyguy09\n|j|\u2606Aekyn\n|t:|1776182537\n|gametype|doubles\n|player|p1|Happyguy09|266|1075\n|player|p2|Aekyn|bugcatcher-gen4dp|1048\n|gen|9\n|tier|[Gen 9 Champions] VGC 2026 Reg M-A\n|rated|\n|rule|Species Clause: Limit one of each Pok\u00e9mon\n|rule|Item Clause: Limit 1 of each item\n|clearpoke\n|poke|p1|Altaria, L50, F|\n|poke|p1|Incineroar, L50, F|\n|poke|p1|Garchomp, L50, F|\n|poke|p1|Sableye, L50, M|\n|poke|p1|Basculegion, L50, M|\n|poke|p1|Gengar, L50, F|\n|poke|p2|Runerigus, L50, M|\n|poke|p2|Cofagrigus, L50, F|\n|poke|p2|Diggersby, L50, M|\n|poke|p2|Sinistcha, L50|\n|teampreview|4\n|inactive|Battle timer is ON: inactive players will automatically lose when time's up. (requested by Aekyn)\n|\n|t:|1776182568\n|teamsize|p1|4\n|teamsize|p2|4\n|start\n|switch|p1a: Altaria|Altaria, L50, F|100/100\n|switch|p1b: Basculegion|Basculegion, L50, M|100/100\n|switch|p2a: Runerigus|Runerigus, L50, M|100/100\n|switch|p2b: Diggersby|Diggersby, L50, M|100/100\n|-ability|p1a: Altaria|Cloud Nine\n|turn|1\n|\n|t:|1776182590\n|move|p2b: Diggersby|U-turn|p2a: Runerigus\n|-resisted|p2a: Runerigus|1\n|-crit|p2a: Runerigus\n|-damage|p2a: Runerigus|80/100\n|-activate|p2b: Diggersby|Skill Swap|||[of] p2a: Runerigus\n|\n|t:|1776182595\n|switch|p2b: Cofagrigus|Cofagrigus, L50, F|100/100|[from] U-turn\n|move|p1b: Basculegion|Wave Crash|p2b: Cofagrigus\n|-damage|p2b: Cofagrigus|41/100\n|-activate|p2b: Cofagrigus|ability: Mummy|p1b: Basculegion|[ability] Adaptability\n|-damage|p1b: Basculegion|84/100|[from] Recoil\n|move|p1a: Altaria|Dragon Dance|p1a: Altaria\n|-boost|p1a: Altaria|atk|1\n|-boost|p1a: Altaria|spe|1\n|move|p2a: Runerigus|Rock Slide|p1b: Basculegion|[spread] p1a,p1b\n|-supereffective|p1a: Altaria|1\n|-damage|p1a: Altaria|19/100\n|-damage|p1b: Basculegion|44/100\n|\n|upkeep\n|turn|2\n|inactive|Happyguy09 has 30 seconds left.\n|\n|t:|1776182625\n|move|p1a: Altaria|Protect|p1a: Altaria\n|-singleturn|p1a: Altaria|Protect\n|move|p1b: Basculegion|Wave Crash|p2a: Runerigus\n|-supereffective|p2a: Runerigus|1\n|-damage|p2a: Runerigus|0 fnt\n|faint|p2a: Runerigus\n|-damage|p1b: Basculegion|26/100|[from] Recoil\n|move|p2b: Cofagrigus|Trick Room|p2b: Cofagrigus\n|-fieldstart|move: Trick Room|[of] p2b: Cofagrigus\n|\n|upkeep\n|\n|t:|1776182642\n|switch|p2a: Sinistcha|Sinistcha, L50|100/100\n|turn|3\n|inactive|Happyguy09 has 30 seconds left.\n|inactive|Aekyn has 30 seconds left.\n|\n|t:|1776182671\n|switch|p1b: Sableye|Sableye, L50, M|100/100\n|move|p2b: Cofagrigus|Hex|p1a: Altaria\n|-damage|p1a: Altaria|0 fnt\n|faint|p1a: Altaria\n|move|p2a: Sinistcha|Matcha Gotcha|p1b: Sableye\n|-crit|p1b: Sableye\n|-damage|p1b: Sableye|9/100\n|\n|upkeep\n|\n|t:|1776182677\n|switch|p1a: Gengar|Gengar, L50, F|100/100\n|turn|4\n|\n|t:|1776182688\n|move|p1a: Gengar|Protect|p1a: Gengar\n|-singleturn|p1a: Gengar|Protect\n|move|p2b: Cofagrigus|Destiny Bond|p2b: Cofagrigus\n|-singlemove|p2b: Cofagrigus|Destiny Bond\n|move|p1b: Sableye|Foul Play|p2b: Cofagrigus\n|-supereffective|p2b: Cofagrigus|1\n|-damage|p2b: Cofagrigus|12/100\n|-activate|p2b: Cofagrigus|ability: Mummy|p1b: Sableye|[ability] Prankster\n|move|p2a: Sinistcha|Matcha Gotcha|p1a: Gengar|[spread] p1b\n|-activate|p1a: Gengar|move: Protect\n|-damage|p1b: Sableye|0 fnt\n|faint|p1b: Sableye\n|\n|upkeep\n|\n|t:|1776182698\n|switch|p1b: Basculegion|Basculegion, L50, M|26/100\n|turn|5\n|inactive|Aekyn has 30 seconds left.\n|\n|t:|1776182737\n|detailschange|p1a: Gengar|Gengar-Mega, L50, F\n|-mega|p1a: Gengar|Gengar|Gengarite\n|move|p2b: Cofagrigus|Hex|p1b: Basculegion\n|-supereffective|p1b: Basculegion|1\n|-damage|p1b: Basculegion|0 fnt\n|faint|p1b: Basculegion\n|move|p2a: Sinistcha|Matcha Gotcha|p1a: Gengar\n|-resisted|p1a: Gengar|1\n|-damage|p1a: Gengar|70/100\n|-status|p1a: Gengar|brn\n|move|p1a: Gengar|Shadow Ball|p2a: Sinistcha\n|-supereffective|p2a: Sinistcha|1\n|-crit|p2a: Sinistcha\n|-damage|p2a: Sinistcha|0 fnt\n|faint|p2a: Sinistcha\n|\n|-damage|p1a: Gengar|64/100 brn|[from] brn\n|upkeep\n|\n|t:|1776182756\n|switch|p2a: Diggersby|Diggersby, L50, M|100/100\n|turn|6\n|\n|t:|1776182773\n|move|p1a: Gengar|Protect|p1a: Gengar\n|-singleturn|p1a: Gengar|Protect\n|move|p2b: Cofagrigus|Hex|p1a: Gengar\n|-activate|p1a: Gengar|move: Protect\n|move|p2a: Diggersby|Fire Punch|p1a: Gengar\n|-activate|p1a: Gengar|move: Protect\n|\n|-damage|p1a: Gengar|58/100 brn|[from] brn\n|-fieldend|move: Trick Room\n|upkeep\n|turn|7\n|\n|t:|1776182793\n|move|p2a: Diggersby|Fire Punch|p1a: Gengar\n|-damage|p1a: Gengar|11/100 brn\n|move|p1a: Gengar|Dazzling Gleam|p2a: Diggersby|[spread] p2a,p2b\n|-damage|p2a: Diggersby|66/100\n|-damage|p2b: Cofagrigus|0 fnt\n|faint|p2b: Cofagrigus\n|\n|-damage|p1a: Gengar|5/100 brn|[from] brn\n|upkeep\n|turn|8\n|-message|Happyguy09 forfeited.\n|\n|win|Aekyn\n|raw|Happyguy09's rating: 1075 &rarr; <strong>1052</strong><br />(-23 for losing)\n|raw|Aekyn's rating: 1048 &rarr; <strong>1083</strong><br />(+35 for winning)\n|l|\u2606Happyguy09\n|player|p1|\n",
  "uploadtime": 1776182840,
  "views": 18,
  "formatid": "gen9championsvgc2026regma",
  "rating": 1052,
  "private": 0,
  "password": null
}