{
  "id": "gen9championsvgc2026regma-2586111482",
  "format": "[Gen 9 Champions] VGC 2026 Reg M-A",
  "players": [
    "stochastic hero",
    "The Goopmeister"
  ],
  "log": "|j|\u2606stochastic hero\n|j|\u2606The Goopmeister\n|t:|1776400340\n|gametype|doubles\n|player|p1|stochastic hero|scientist-gen4dp|\n|player|p2|The Goopmeister|169|\n|gen|9\n|tier|[Gen 9 Champions] VGC 2026 Reg M-A\n|rated|Tournament battle\n|rule|Species Clause: Limit one of each Pok\u00e9mon\n|rule|Item Clause: Limit 1 of each item\n|raw|<div class=\"infobox\"><details class=\"readmore\" open><summary><strong>1 custom rule:</strong></summary> Force Open Team Sheets</details></div>\n|clearpoke\n|poke|p1|Gengar, L50, M|\n|poke|p1|Incineroar, L50, M|\n|poke|p1|Sinistcha, L50|\n|poke|p1|Pelipper, L50, M|\n|poke|p1|Sylveon, L50, F|\n|poke|p1|Archaludon, L50, F|\n|poke|p2|Floette-Eternal, L50, F|\n|poke|p2|Aerodactyl, L50, M|\n|poke|p2|Garchomp, L50, M|\n|poke|p2|Delphox, L50, F|\n|poke|p2|Aegislash, L50, M|\n|poke|p2|Sinistcha, L50|\n|teampreview|4\n|showteam|p1|Gengar||Gengarite|CursedBody|ShadowBall,PerishSong,Substitute,Protect|||M|||50|]Incineroar||SitrusBerry|Intimidate|Protect,FlareBlitz,PartingShot,FakeOut|||M|||50|]Sinistcha||KasibBerry|Hospitality|MatchaGotcha,RagePowder,TrickRoom,Protect||||||50|]Pelipper||FocusSash|Drizzle|Hurricane,WeatherBall,Uturn,Protect|||M|||50|]Sylveon||FairyFeather|Pixilate|HyperVoice,Roar,Yawn,Detect|||F|||50|]Archaludon||Leftovers|Stamina|DragonPulse,FlashCannon,ElectroShot,Protect|||F|||50|\n|showteam|p2|Floette-Eternal||Floettite|FlowerVeil|Moonblast,DazzlingGleam,CalmMind,Protect|||F|||50|]Aerodactyl||FocusSash|Unnerve|RockSlide,DualWingbeat,Tailwind,Protect|||M|||50|]Garchomp||WhiteHerb|RoughSkin|Earthquake,DragonClaw,RockSlide,Protect|||M|||50|]Delphox||Delphoxite|Blaze|Psychic,HeatWave,NastyPlot,Protect|||F|||50|]Aegislash||SitrusBerry|StanceChange|ShadowSneak,Poltergeist,IronHead,WideGuard|||M|||50|]Sinistcha||OccaBerry|Hospitality|MatchaGotcha,LifeDew,RagePowder,TrickRoom||||||50|\n|j| forkuser222\n|j| sidlol\n|inactive|Battle timer is ON: inactive players will automatically lose when time's up. (requested by stochastic hero)\n|\n|t:|1776400396\n|teamsize|p1|4\n|teamsize|p2|4\n|start\n|switch|p1a: Gengar|Gengar, L50, M|100/100\n|switch|p1b: Incineroar|Incineroar, L50, M|100/100\n|switch|p2a: Delphox|Delphox, L50, F|100/100\n|switch|p2b: Aegislash|Aegislash, L50, M, shiny|100/100\n|-ability|p1b: Incineroar|Intimidate|boost\n|-unboost|p2a: Delphox|atk|1\n|-unboost|p2b: Aegislash|atk|1\n|turn|1\n|inactive|stochastic hero has 30 seconds left.\n|inactive|The Goopmeister has 30 seconds left.\n|inactive|stochastic hero has 20 seconds left.\n|inactive|The Goopmeister has 20 seconds left.\n|inactive|stochastic hero has 15 seconds left.\n|inactive|stochastic hero has 10 seconds left.\n|\n|t:|1776400442\n|detailschange|p1a: Gengar|Gengar-Mega, L50, M\n|-mega|p1a: Gengar|Gengar|Gengarite\n|move|p1a: Gengar|Protect|p1a: Gengar\n|-singleturn|p1a: Gengar|Protect\n|move|p2a: Delphox|Protect|p2a: Delphox\n|-singleturn|p2a: Delphox|Protect\n|-formechange|p2b: Aegislash|Aegislash-Blade|\n|move|p2b: Aegislash|Shadow Sneak|p1a: Gengar\n|-activate|p1a: Gengar|move: Protect\n|move|p1b: Incineroar|Parting Shot|p2b: Aegislash\n|-unboost|p2b: Aegislash|atk|1\n|-unboost|p2b: Aegislash|spa|1\n|\n|t:|1776400461\n|switch|p1b: Pelipper|Pelipper, L50, M|100/100|[from] Parting Shot\n|-weather|RainDance|[from] ability: Drizzle|[of] p1b: Pelipper\n|\n|-weather|RainDance|[upkeep]\n|upkeep\n|turn|2\n|inactive|The Goopmeister has 30 seconds left.\n|inactive|The Goopmeister has 20 seconds left.\n|\n|t:|1776400500\n|switch|p1a: Incineroar|Incineroar, L50, M|100/100\n|-ability|p1a: Incineroar|Intimidate|boost\n|-unboost|p2a: Delphox|atk|1\n|-unboost|p2b: Aegislash|atk|1\n|detailschange|p2a: Delphox|Delphox-Mega, L50, F\n|-mega|p2a: Delphox|Delphox|Delphoxite\n|move|p2a: Delphox|Psychic|p1b: Pelipper\n|-damage|p1b: Pelipper|3/100\n|move|p1b: Pelipper|Weather Ball|p2a: Delphox\n|-supereffective|p2a: Delphox|1\n|-damage|p2a: Delphox|0 fnt\n|faint|p2a: Delphox\n|move|p2b: Aegislash|Poltergeist|p1a: Incineroar\n|-activate|p1a: Incineroar|move: Poltergeist|Sitrus Berry\n|-resisted|p1a: Incineroar|1\n|-damage|p1a: Incineroar|92/100\n|\n|-weather|RainDance|[upkeep]\n|upkeep\n|\n|t:|1776400519\n|switch|p2a: Aerodactyl|Aerodactyl, L50, M, shiny|100/100\n|-ability|p2a: Aerodactyl|Unnerve\n|turn|3\n|inactive|stochastic hero has 30 seconds left.\n|\n|t:|1776400548\n|switch|p1b: Gengar|Gengar-Mega, L50, M|100/100\n|move|p2a: Aerodactyl|Protect|p2a: Aerodactyl\n|-singleturn|p2a: Aerodactyl|Protect\n|move|p2b: Aegislash|Shadow Sneak|p1b: Gengar\n|-supereffective|p1b: Gengar|1\n|-damage|p1b: Gengar|78/100\n|move|p1a: Incineroar|Parting Shot|p2a: Aerodactyl\n|-activate|p2a: Aerodactyl|move: Protect\n|\n|-weather|RainDance|[upkeep]\n|upkeep\n|turn|4\n|l| forkuser222\n|inactive|The Goopmeister has 30 seconds left.\n|\n|t:|1776400578\n|switch|p2b: Garchomp|Garchomp, L50, M|100/100\n|move|p1b: Gengar|Protect|p1b: Gengar\n|-singleturn|p1b: Gengar|Protect\n|move|p2a: Aerodactyl|Tailwind|p2a: Aerodactyl\n|-sidestart|p2: The Goopmeister|move: Tailwind\n|move|p1a: Incineroar|Parting Shot|p2a: Aerodactyl\n|-unboost|p2a: Aerodactyl|atk|1\n|-unboost|p2a: Aerodactyl|spa|1\n|\n|t:|1776400587\n|switch|p1a: Sinistcha|Sinistcha, L50|100/100|[from] Parting Shot\n|-heal|p1b: Gengar|100/100|[from] ability: Hospitality|[of] p1a: Sinistcha\n|\n|-weather|RainDance|[upkeep]\n|upkeep\n|turn|5\n|inactive|stochastic hero has 30 seconds left.\n|inactive|stochastic hero has 20 seconds left.\n|inactive|stochastic hero has 15 seconds left.\n|inactive|stochastic hero has 10 seconds left.\n|\n|t:|1776400636\n|switch|p1b: Incineroar|Incineroar, L50, M|92/100\n|-ability|p1b: Incineroar|Intimidate|boost\n|-unboost|p2a: Aerodactyl|atk|1\n|-unboost|p2b: Garchomp|atk|1\n|-enditem|p2b: Garchomp|White Herb\n|-clearnegativeboost|p2b: Garchomp|[silent]\n|move|p1a: Sinistcha|Protect|p1a: Sinistcha\n|-singleturn|p1a: Sinistcha|Protect\n|move|p2a: Aerodactyl|Dual Wingbeat|p1a: Sinistcha\n|-activate|p1a: Sinistcha|move: Protect\n|move|p2b: Garchomp|Earthquake|p1a: Sinistcha|[spread] p1b\n|-activate|p1a: Sinistcha|move: Protect\n|-immune|p2a: Aerodactyl\n|-supereffective|p1b: Incineroar|1\n|-damage|p1b: Incineroar|32/100\n|\n|-weather|none\n|upkeep\n|turn|6\n|inactive|stochastic hero has 30 seconds left.\n|inactive|The Goopmeister has 30 seconds left.\n|inactive|stochastic hero has 20 seconds left.\n|inactive|stochastic hero has 15 seconds left.\n|\n|t:|1776400677\n|switch|p1b: Pelipper|Pelipper, L50, M|3/100\n|-weather|RainDance|[from] ability: Drizzle|[of] p1b: Pelipper\n|move|p2b: Garchomp|Protect|p2b: Garchomp\n|-singleturn|p2b: Garchomp|Protect\n|move|p2a: Aerodactyl|Rock Slide|p1b: Pelipper|[spread] p1b\n|-miss|p2a: Aerodactyl|p1a: Sinistcha\n|-supereffective|p1b: Pelipper|1\n|-damage|p1b: Pelipper|0 fnt\n|faint|p1b: Pelipper\n|move|p1a: Sinistcha|Matcha Gotcha|p2a: Aerodactyl|[spread] p2a\n|-activate|p2b: Garchomp|move: Protect\n|-damage|p2a: Aerodactyl|67/100\n|-status|p2a: Aerodactyl|brn\n|\n|-weather|RainDance|[upkeep]\n|-damage|p2a: Aerodactyl|61/100 brn|[from] brn\n|upkeep\n|inactive|stochastic hero has 30 seconds left.\n|inactive|stochastic hero has 20 seconds left.\n|inactive|stochastic hero has 15 seconds left.\n|inactive|stochastic hero has 10 seconds left.\n|\n|t:|1776400724\n|switch|p1b: Incineroar|Incineroar, L50, M|32/100\n|-ability|p1b: Incineroar|Intimidate|boost\n|-unboost|p2a: Aerodactyl|atk|1\n|-unboost|p2b: Garchomp|atk|1\n|turn|7\n|\n|t:|1776400745\n|switch|p2b: Aegislash|Aegislash, L50, M, shiny|100/100\n|switch|p1b: Gengar|Gengar-Mega, L50, M|100/100\n|move|p2a: Aerodactyl|Rock Slide|p1a: Sinistcha|[spread] p1a,p1b\n|-damage|p1a: Sinistcha|96/100\n|-damage|p1b: Gengar|94/100\n|cant|p1a: Sinistcha|flinch\n|\n|-weather|RainDance|[upkeep]\n|-damage|p2a: Aerodactyl|55/100 brn|[from] brn\n|-sideend|p2: The Goopmeister|move: Tailwind\n|upkeep\n|turn|8\n|j| ischampionsout\n|j| samuelkutty\n|inactive|stochastic hero has 30 seconds left.\n|inactive|stochastic hero has 20 seconds left.\n|inactive|stochastic hero has 15 seconds left.\n|inactive|stochastic hero has 10 seconds left.\n|inactive|The Goopmeister has 30 seconds left.\n|\n|t:|1776400792\n|switch|p1a: Incineroar|Incineroar, L50, M|32/100\n|-ability|p1a: Incineroar|Intimidate|boost\n|-unboost|p2a: Aerodactyl|atk|1\n|-unboost|p2b: Aegislash|atk|1\n|move|p2a: Aerodactyl|Tailwind|p2a: Aerodactyl\n|-sidestart|p2: The Goopmeister|move: Tailwind\n|move|p1b: Gengar|Substitute|p1b: Gengar\n|-start|p1b: Gengar|Substitute\n|-damage|p1b: Gengar|69/100\n|-formechange|p2b: Aegislash|Aegislash-Blade|\n|move|p2b: Aegislash|Poltergeist|p1b: Gengar\n|-activate|p1b: Gengar|move: Poltergeist|Gengarite\n|-supereffective|p1b: Gengar|1\n|-end|p1b: Gengar|Substitute\n|\n|-weather|RainDance|[upkeep]\n|-damage|p2a: Aerodactyl|50/100 brn|[from] brn\n|upkeep\n|turn|9\n|inactive|stochastic hero has 30 seconds left.\n|inactive|stochastic hero has 20 seconds left.\n|inactive|stochastic hero has 15 seconds left.\n|inactive|stochastic hero has 10 seconds left.\n|\n|t:|1776400839\n|move|p1a: Incineroar|Fake Out|p2a: Aerodactyl\n|-resisted|p2a: Aerodactyl|1\n|-damage|p2a: Aerodactyl|41/100 brn\n|cant|p2a: Aerodactyl|flinch\n|move|p1b: Gengar|Substitute|p1b: Gengar\n|-start|p1b: Gengar|Substitute\n|-damage|p1b: Gengar|45/100\n|move|p2b: Aegislash|Poltergeist|p1b: Gengar\n|-activate|p1b: Gengar|move: Poltergeist|Gengarite\n|-supereffective|p1b: Gengar|1\n|-end|p1b: Gengar|Substitute\n|\n|-weather|RainDance|[upkeep]\n|-damage|p2a: Aerodactyl|35/100 brn|[from] brn\n|upkeep\n|turn|10\n|inactive|stochastic hero has 30 seconds left.\n|inactive|The Goopmeister has 30 seconds left.\n|\n|t:|1776400872\n|switch|p1a: Sinistcha|Sinistcha, L50|96/100\n|-heal|p1b: Gengar|69/100|[from] ability: Hospitality|[of] p1a: Sinistcha\n|move|p2a: Aerodactyl|Rock Slide|p1b: Gengar|[spread] p1a,p1b\n|-crit|p1a: Sinistcha\n|-crit|p1b: Gengar\n|-damage|p1a: Sinistcha|78/100\n|-damage|p1b: Gengar|43/100\n|move|p1b: Gengar|Shadow Ball|p2b: Aegislash\n|-supereffective|p2b: Aegislash|1\n|-damage|p2b: Aegislash|0 fnt\n|faint|p2b: Aegislash\n|\n|-weather|none\n|-damage|p2a: Aerodactyl|30/100 brn|[from] brn\n|upkeep\n|\n|t:|1776400885\n|switch|p2b: Garchomp|Garchomp, L50, M|100/100\n|turn|11\n|\n|t:|1776400899\n|switch|p1b: Incineroar|Incineroar, L50, M|32/100\n|-ability|p1b: Incineroar|Intimidate|boost\n|-unboost|p2a: Aerodactyl|atk|1\n|-unboost|p2b: Garchomp|atk|1\n|move|p2a: Aerodactyl|Dual Wingbeat|p1a: Sinistcha\n|-supereffective|p1a: Sinistcha|1\n|-damage|p1a: Sinistcha|73/100\n|-supereffective|p1a: Sinistcha|1\n|-damage|p1a: Sinistcha|68/100\n|-hitcount|p1a: Sinistcha|2\n|move|p2b: Garchomp|Earthquake|p1b: Incineroar|[spread] p1a,p1b\n|-immune|p2a: Aerodactyl\n|-resisted|p1a: Sinistcha|1\n|-supereffective|p1b: Incineroar|1\n|-damage|p1a: Sinistcha|56/100\n|-damage|p1b: Incineroar|0 fnt\n|faint|p1b: Incineroar\n|move|p1a: Sinistcha|Matcha Gotcha|p2b: Garchomp|[spread] p2a,p2b\n|-crit|p2a: Aerodactyl\n|-damage|p2a: Aerodactyl|0 fnt\n|-heal|p1a: Sinistcha|69/100|[from] drain|[of] p2a: Aerodactyl\n|-damage|p2b: Garchomp|74/100\n|-heal|p1a: Sinistcha|83/100|[from] drain|[of] p2b: Garchomp\n|faint|p2a: Aerodactyl\n|\n|-sideend|p2: The Goopmeister|move: Tailwind\n|upkeep\n|inactive|stochastic hero has 30 seconds left.\n|\n|t:|1776400920\n|switch|p1b: Gengar|Gengar-Mega, L50, M|43/100\n|turn|12\n|inactive|stochastic hero has 30 seconds left this turn.\n|\n|t:|1776400938\n|move|p1b: Gengar|Substitute|p1b: Gengar\n|-start|p1b: Gengar|Substitute\n|-damage|p1b: Gengar|19/100\n|move|p2b: Garchomp|Earthquake|p1a: Sinistcha|[spread] p1a,p1b\n|-supereffective|p1b: Gengar|1\n|-end|p1b: Gengar|Substitute\n|-resisted|p1a: Sinistcha|1\n|-damage|p1a: Sinistcha|71/100\n|move|p1a: Sinistcha|Matcha Gotcha|p2b: Garchomp\n|-damage|p2b: Garchomp|41/100\n|-heal|p1a: Sinistcha|88/100|[from] drain|[of] p2b: Garchomp\n|\n|upkeep\n|turn|13\n|inactive|stochastic hero has 25 seconds left this turn.\n|inactive|stochastic hero has 20 seconds left.\n|\n|t:|1776400950\n|move|p1b: Gengar|Protect|p1b: Gengar\n|-singleturn|p1b: Gengar|Protect\n|move|p2b: Garchomp|Earthquake|p1b: Gengar|[spread] p1a\n|-activate|p1b: Gengar|move: Protect\n|-resisted|p1a: Sinistcha|1\n|-damage|p1a: Sinistcha|76/100\n|move|p1a: Sinistcha|Matcha Gotcha|p2b: Garchomp\n|-damage|p2b: Garchomp|6/100\n|-heal|p1a: Sinistcha|94/100|[from] drain|[of] p2b: Garchomp\n|-status|p2b: Garchomp|brn\n|\n|-damage|p2b: Garchomp|0 fnt|[from] brn\n|faint|p2b: Garchomp\n|\n|win|stochastic hero\n|n|\u2606stochastic hero|stochastichero\n|n|\u2606The Goopmeister|thegoopmeister\n|n| sidlol|sidlol\n|n| ischampionsout|ischampionsout\n|n| samuelkutty|samuelkutty\n",
  "uploadtime": 1776400950,
  "views": 12,
  "formatid": "gen9championsvgc2026regma",
  "rating": null,
  "private": 0,
  "password": null
}