{
  "id": "gen9championsvgc2026regma-2581646754",
  "format": "[Gen 9 Champions] VGC 2026 Reg M-A",
  "players": [
    "amigomalamar",
    "tf2026"
  ],
  "log": "|j|\u2606amigomalamar\n|j|\u2606tf2026\n|t:|1776017687\n|gametype|doubles\n|player|p1|amigomalamar|schoolkid|1327\n|player|p2|tf2026|1|1400\n|gen|9\n|tier|[Gen 9 Champions] VGC 2026 Reg M-A\n|rated|\n|rule|Species Clause: Limit one of each Pok\u00e9mon\n|rule|Item Clause: Limit 1 of each item\n|clearpoke\n|poke|p1|Gengar, L50, M|\n|poke|p1|Incineroar, L50, F|\n|poke|p1|Sinistcha, L50|\n|poke|p1|Kingambit, L50, F|\n|poke|p1|Tyranitar, L50, M|\n|poke|p1|Kommo-o, L50, F|\n|poke|p2|Froslass, L50, F|\n|poke|p2|Milotic, L50, F|\n|poke|p2|Azumarill, L50, F|\n|poke|p2|Sinistcha-Masterpiece, L50|\n|poke|p2|Sneasler, L50, F|\n|poke|p2|Whimsicott, L50, F|\n|teampreview|4\n|\n|t:|1776017700\n|teamsize|p1|4\n|teamsize|p2|4\n|start\n|switch|p1a: Gengar|Gengar, L50, M|100/100\n|switch|p1b: Incineroar|Incineroar, L50, F|100/100\n|switch|p2a: Froslass|Froslass, L50, F|100/100\n|switch|p2b: Milotic|Milotic, L50, F|100/100\n|-ability|p1b: Incineroar|Intimidate|boost\n|-unboost|p2a: Froslass|atk|1\n|-unboost|p2b: Milotic|atk|1\n|-ability|p2b: Milotic|Competitive|boost\n|-boost|p2b: Milotic|spa|2\n|turn|1\n|j| zane121\n|\n|t:|1776017712\n|detailschange|p2a: Froslass|Froslass-Mega, L50, F\n|-mega|p2a: Froslass|Froslass|Froslassite\n|-weather|Snowscape|[from] ability: Snow Warning|[of] p2a: Froslass\n|detailschange|p1a: Gengar|Gengar-Mega, L50, M\n|-mega|p1a: Gengar|Gengar|Gengarite\n|move|p1b: Incineroar|Fake Out|p2b: Milotic\n|-damage|p2b: Milotic|89/100\n|move|p1a: Gengar|Perish Song|p1a: Gengar\n|-start|p1a: Gengar|perish3|[silent]\n|-start|p1b: Incineroar|perish3|[silent]\n|-start|p2a: Froslass|perish3|[silent]\n|-start|p2b: Milotic|perish3|[silent]\n|-fieldactivate|move: Perish Song\n|move|p2a: Froslass|Aurora Veil|p2a: Froslass\n|-sidestart|p2: tf2026|move: Aurora Veil\n|cant|p2b: Milotic|flinch\n|\n|-weather|Snowscape|[upkeep]\n|-heal|p2b: Milotic|95/100|[from] item: Leftovers\n|-start|p1a: Gengar|perish3\n|-start|p2a: Froslass|perish3\n|-start|p2b: Milotic|perish3\n|-start|p1b: Incineroar|perish3\n|upkeep\n|turn|2\n|j| gE1xjZRtuhW2DdT0AK\n|\n|t:|1776017729\n|move|p1a: Gengar|Protect|p1a: Gengar\n|-singleturn|p1a: Gengar|Protect\n|move|p1b: Incineroar|Protect|p1b: Incineroar\n|-singleturn|p1b: Incineroar|Protect\n|move|p2a: Froslass|Blizzard|p1a: Gengar|[spread] \n|-activate|p1a: Gengar|move: Protect\n|-activate|p1b: Incineroar|move: Protect\n|move|p2b: Milotic|Muddy Water|p1b: Incineroar|[spread] \n|-activate|p1a: Gengar|move: Protect\n|-activate|p1b: Incineroar|move: Protect\n|\n|-weather|Snowscape|[upkeep]\n|-heal|p2b: Milotic|100/100|[from] item: Leftovers\n|-start|p1a: Gengar|perish2\n|-start|p2a: Froslass|perish2\n|-start|p2b: Milotic|perish2\n|-start|p1b: Incineroar|perish2\n|upkeep\n|turn|3\n|\n|t:|1776017743\n|switch|p1a: Kingambit|Kingambit, L50, F|100/100\n|move|p2a: Froslass|Shadow Ball|p1a: Kingambit\n|-resisted|p1a: Kingambit|1\n|-damage|p1a: Kingambit|80/100\n|move|p2b: Milotic|Muddy Water|p1b: Incineroar|[spread] p1a,p1b\n|-supereffective|p1b: Incineroar|1\n|-damage|p1a: Kingambit|17/100\n|-damage|p1b: Incineroar|14/100\n|move|p1b: Incineroar|Parting Shot|p2b: Milotic\n|-unboost|p2b: Milotic|atk|1\n|-ability|p2b: Milotic|Competitive|boost\n|-boost|p2b: Milotic|spa|2\n|-unboost|p2b: Milotic|spa|1\n|-ability|p2b: Milotic|Competitive|boost\n|-boost|p2b: Milotic|spa|2\n|\n|t:|1776017756\n|switch|p1b: Gengar|Gengar-Mega, L50, M|100/100|[from] Parting Shot\n|\n|-weather|Snowscape|[upkeep]\n|-start|p2a: Froslass|perish1\n|-start|p2b: Milotic|perish1\n|upkeep\n|turn|4\n|\n|t:|1776017765\n|switch|p2a: Sneasler|Sneasler, L50, F|100/100\n|move|p1b: Gengar|Protect|p1b: Gengar\n|-singleturn|p1b: Gengar|Protect\n|move|p1a: Kingambit|Protect|p1a: Kingambit\n|-singleturn|p1a: Kingambit|Protect\n|move|p2b: Milotic|Muddy Water|p1a: Kingambit|[spread] \n|-activate|p1a: Kingambit|move: Protect\n|-activate|p1b: Gengar|move: Protect\n|\n|-weather|Snowscape|[upkeep]\n|-start|p2b: Milotic|perish0\n|faint|p2b: Milotic\n|upkeep\n|\n|t:|1776017771\n|switch|p2b: Azumarill|Azumarill, L50, F|100/100\n|turn|5\n|\n|t:|1776017797\n|move|p1b: Gengar|Perish Song|p1b: Gengar\n|-start|p1a: Kingambit|perish3|[silent]\n|-start|p1b: Gengar|perish3|[silent]\n|-start|p2a: Sneasler|perish3|[silent]\n|-start|p2b: Azumarill|perish3|[silent]\n|-fieldactivate|move: Perish Song\n|move|p2a: Sneasler|Close Combat|p1a: Kingambit\n|-supereffective|p1a: Kingambit|2\n|-enditem|p1a: Kingambit|Chople Berry|[eat]\n|-enditem|p1a: Kingambit|Chople Berry|[weaken]\n|-damage|p1a: Kingambit|0 fnt\n|-unboost|p2a: Sneasler|def|1\n|-unboost|p2a: Sneasler|spd|1\n|faint|p1a: Kingambit\n|-enditem|p2a: Sneasler|White Herb\n|-clearnegativeboost|p2a: Sneasler|[silent]\n|move|p2b: Azumarill|Belly Drum|p2b: Azumarill\n|-damage|p2b: Azumarill|50/100\n|-setboost|p2b: Azumarill|atk|6|[from] move: Belly Drum\n|-enditem|p2b: Azumarill|Sitrus Berry|[eat]\n|-heal|p2b: Azumarill|75/100|[from] item: Sitrus Berry\n|\n|-weather|none\n|-start|p2a: Sneasler|perish3\n|-start|p1b: Gengar|perish3\n|-start|p2b: Azumarill|perish3\n|-sideend|p2: tf2026|move: Aurora Veil\n|upkeep\n|\n|t:|1776017815\n|switch|p1a: Incineroar|Incineroar, L50, F|14/100\n|-ability|p1a: Incineroar|Intimidate|boost\n|-unboost|p2a: Sneasler|atk|1\n|-unboost|p2b: Azumarill|atk|1\n|turn|6\n|\n|t:|1776017829\n|move|p1b: Gengar|Protect|p1b: Gengar\n|-singleturn|p1b: Gengar|Protect\n|move|p1a: Incineroar|Protect|p1a: Incineroar\n|-singleturn|p1a: Incineroar|Protect\n|move|p2b: Azumarill|Aqua Jet|p1a: Incineroar\n|-activate|p1a: Incineroar|move: Protect\n|move|p2a: Sneasler|Close Combat|p1a: Incineroar\n|-activate|p1a: Incineroar|move: Protect\n|\n|-start|p2a: Sneasler|perish2\n|-start|p1b: Gengar|perish2\n|-start|p2b: Azumarill|perish2\n|upkeep\n|turn|7\n|\n|t:|1776017854\n|switch|p1b: Tyranitar|Tyranitar, L50, M|100/100\n|-weather|Sandstorm|[from] ability: Sand Stream|[of] p1b: Tyranitar\n|move|p2b: Azumarill|Aqua Jet|p1a: Incineroar\n|-supereffective|p1a: Incineroar|1\n|-damage|p1a: Incineroar|0 fnt\n|faint|p1a: Incineroar\n|move|p2a: Sneasler|Close Combat|p1b: Tyranitar\n|-supereffective|p1b: Tyranitar|2\n|-damage|p1b: Tyranitar|0 fnt\n|-unboost|p2a: Sneasler|def|1\n|-unboost|p2a: Sneasler|spd|1\n|faint|p1b: Tyranitar\n|\n|-weather|Sandstorm|[upkeep]\n|-damage|p2a: Sneasler|95/100|[from] Sandstorm\n|-damage|p2b: Azumarill|69/100|[from] Sandstorm\n|-start|p2a: Sneasler|perish1\n|-start|p2b: Azumarill|perish1\n|upkeep\n|\n|t:|1776017865\n|switch|p1b: Gengar|Gengar-Mega, L50, M|100/100\n|turn|8\n|\n|t:|1776017874\n|move|p1b: Gengar|Protect|p1b: Gengar\n|-singleturn|p1b: Gengar|Protect\n|move|p2a: Sneasler|Dire Claw|p1b: Gengar\n|-activate|p1b: Gengar|move: Protect\n|move|p2b: Azumarill|Knock Off|p1b: Gengar\n|-activate|p1b: Gengar|move: Protect\n|\n|-weather|Sandstorm|[upkeep]\n|-damage|p2a: Sneasler|89/100|[from] Sandstorm\n|-damage|p1b: Gengar|95/100|[from] Sandstorm\n|-damage|p2b: Azumarill|63/100|[from] Sandstorm\n|-start|p2a: Sneasler|perish0\n|-start|p2b: Azumarill|perish0\n|faint|p2a: Sneasler\n|faint|p2b: Azumarill\n|upkeep\n|\n|t:|1776017878\n|switch|p2b: Froslass|Froslass-Mega, L50, F|100/100\n|-weather|Snowscape|[from] ability: Snow Warning|[of] p2b: Froslass\n|turn|9\n|\n|t:|1776017882\n|move|p1b: Gengar|Shadow Ball|p2b: Froslass\n|-supereffective|p2b: Froslass|1\n|-damage|p2b: Froslass|0 fnt\n|faint|p2b: Froslass\n|\n|win|amigomalamar\n|raw|amigomalamar's rating: 1327 &rarr; <strong>1351</strong><br />(+24 for winning)\n|raw|tf2026's rating: 1400 &rarr; <strong>1376</strong><br />(-24 for losing)\n|l|\u2606tf2026\n|player|p2|\n|l| zane121\n|l|\u2606amigomalamar\n|player|p1|\n",
  "uploadtime": 1776017891,
  "views": 40,
  "formatid": "gen9championsvgc2026regma",
  "rating": 1351,
  "private": 0,
  "password": null
}