{
  "id": "gen9championsvgc2026regma-2584689218",
  "format": "[Gen 9 Champions] VGC 2026 Reg M-A",
  "players": [
    "Triple Goose",
    "Nezk025"
  ],
  "log": "|j|\u2606Triple Goose\n|j|\u2606Nezk025\n|t:|1776276942\n|gametype|doubles\n|player|p1|Triple Goose|juggler|\n|player|p2|Nezk025|nate|\n|gen|9\n|tier|[Gen 9 Champions] VGC 2026 Reg M-A\n|rated|Tournament battle\n|rule|Species Clause: Limit one of each Pok\u00e9mon\n|rule|Item Clause: Limit 1 of each item\n|raw|<div class=\"infobox\"><details class=\"readmore\" open><summary><strong>1 custom rule:</strong></summary> Force Open Team Sheets</details></div>\n|clearpoke\n|poke|p1|Whimsicott, L50, F|\n|poke|p1|Typhlosion-Hisui, L50, M|\n|poke|p1|Farigiraf, L50, F|\n|poke|p1|Incineroar, L50, M|\n|poke|p1|Sneasler, L50, F|\n|poke|p1|Floette-Eternal, L50, F|\n|poke|p2|Blastoise, L50, M|\n|poke|p2|Pelipper, L50, M|\n|poke|p2|Sinistcha, L50|\n|poke|p2|Sneasler, L50, F|\n|poke|p2|Garchomp, L50, M|\n|poke|p2|Kingambit, L50, F|\n|teampreview|4\n|showteam|p1|Whimsicott||FocusSash|Prankster|Moonblast,Tailwind,Encore,SunnyDay|||F|||50|]Typhlosion-Hisui||ChoiceScarf|Blaze|HeatWave,Eruption,Overheat,ShadowBall|||M|||50|]Farigiraf||SilkScarf|ArmorTail|Psychic,HyperVoice,TrickRoom,HelpingHand|||F|||50|]Incineroar||SitrusBerry|Intimidate|PartingShot,ThroatChop,FlareBlitz,FakeOut|||M|||50|]Sneasler||WhiteHerb|Unburden|DireClaw,CloseCombat,RockSlide,Protect|||F|||50|]Floette-Eternal||Floettite|FlowerVeil|Moonblast,DazzlingGleam,LightofRuin,Protect|||F|||50|\n|showteam|p2|Blastoise||Blastoisinite|RainDish|WaterSpout,WaterPulse,IceBeam,Protect|||M|||50|]Pelipper||ChoiceScarf|Drizzle|Hurricane,WeatherBall,Uturn,Tailwind|||M|||50|]Sinistcha||KasibBerry|Hospitality|MatchaGotcha,LifeDew,TrickRoom,RagePowder||||||50|]Sneasler||FocusSash|Unburden|CloseCombat,DireClaw,RockSlide,Protect|||F|||50|]Garchomp||LumBerry|RoughSkin|Earthquake,DragonClaw,RockSlide,Protect|||M|||50|]Kingambit||BlackGlasses|Defiant|KowtowCleave,SuckerPunch,IronHead,Protect|||F|||50|\n|inactive|Battle timer is ON: inactive players will automatically lose when time's up. (requested by Triple Goose)\n|c|\u2606Nezk025|Glhf\n|c|\u2606Triple Goose|glhf\nNezk025 rejected open team sheets.\n|j| Gone2Flavortown\n|l| Gone2Flavortown\n|inactive|Nezk025 has 60 seconds left.\n|\n|t:|1776276998\n|teamsize|p1|4\n|teamsize|p2|4\n|start\n|switch|p1a: Typhlosion|Typhlosion-Hisui, L50, M|100/100\n|switch|p1b: Whimsicott|Whimsicott, L50, F|100/100\n|switch|p2a: Kingambit|Kingambit, L50, F|100/100\n|switch|p2b: Pelipper|Pelipper, L50, M|100/100\n|-weather|RainDance|[from] ability: Drizzle|[of] p2b: Pelipper\n|turn|1\n|\n|t:|1776277015\n|move|p1b: Whimsicott|Sunny Day|p1b: Whimsicott\n|-weather|SunnyDay\n|move|p2a: Kingambit|Sucker Punch|p1a: Typhlosion\n|-supereffective|p1a: Typhlosion|1\n|-damage|p1a: Typhlosion|0 fnt\n|faint|p1a: Typhlosion\n|move|p2b: Pelipper|Hurricane|p1b: Whimsicott|[miss]\n|-miss|p2b: Pelipper|p1b: Whimsicott\n|\n|-weather|SunnyDay|[upkeep]\n|upkeep\n|\n|t:|1776277019\n|switch|p1a: Floette|Floette-Eternal, L50, F|100/100\n|turn|2\n|\n|t:|1776277032\n|switch|p2b: Sinistcha|Sinistcha, L50|100/100\n|detailschange|p1a: Floette|Floette-Mega, L50, F\n|-mega|p1a: Floette|Floette|Floettite\n|-ability|p1a: Floette|Fairy Aura\n|move|p1b: Whimsicott|Moonblast|p2a: Kingambit\n|-damage|p2a: Kingambit|64/100\n|move|p1a: Floette|Moonblast|p2a: Kingambit\n|-damage|p2a: Kingambit|0 fnt\n|faint|p2a: Kingambit\n|\n|-weather|SunnyDay|[upkeep]\n|upkeep\n|\n|t:|1776277050\n|switch|p2a: Pelipper|Pelipper, L50, M|100/100\n|-weather|RainDance|[from] ability: Drizzle|[of] p2a: Pelipper\n|turn|3\n|\n|t:|1776277067\n|move|p2a: Pelipper|Weather Ball|p1a: Floette\n|-damage|p1a: Floette|48/100\n|move|p1b: Whimsicott|Moonblast|p2a: Pelipper\n|-damage|p2a: Pelipper|38/100\n|move|p1a: Floette|Moonblast|p2a: Pelipper\n|-damage|p2a: Pelipper|0 fnt\n|faint|p2a: Pelipper\n|move|p2b: Sinistcha|Trick Room|p2b: Sinistcha\n|-fieldstart|move: Trick Room|[of] p2b: Sinistcha\n|\n|-weather|RainDance|[upkeep]\n|upkeep\n|j| Gone2Flavortown\n|\n|t:|1776277078\n|switch|p2a: Blastoise|Blastoise, L50, M|100/100\n|turn|4\n|\n|t:|1776277089\n|detailschange|p2a: Blastoise|Blastoise-Mega, L50, M\n|-mega|p2a: Blastoise|Blastoise|Blastoisinite\n|move|p1a: Floette|Protect|p1a: Floette\n|-singleturn|p1a: Floette|Protect\n|move|p2b: Sinistcha|Rage Powder|p2b: Sinistcha\n|-singleturn|p2b: Sinistcha|move: Rage Powder\n|move|p1b: Whimsicott|Encore|p2b: Sinistcha\n|-start|p2b: Sinistcha|Encore\n|move|p2a: Blastoise|Water Spout|p1a: Floette|[spread] p1b\n|-activate|p1a: Floette|move: Protect\n|-resisted|p1b: Whimsicott|1\n|-damage|p1b: Whimsicott|28/100\n|\n|-weather|RainDance|[upkeep]\n|upkeep\n|turn|5\n|\n|t:|1776277102\n|switch|p1a: Farigiraf|Farigiraf, L50, F, shiny|100/100\n|move|p2b: Sinistcha|Rage Powder|p2b: Sinistcha\n|-singleturn|p2b: Sinistcha|move: Rage Powder\n|move|p1b: Whimsicott|Sunny Day|p1b: Whimsicott\n|-weather|SunnyDay\n|move|p2a: Blastoise|Water Spout|p1a: Farigiraf|[spread] p1a,p1b\n|-resisted|p1b: Whimsicott|1\n|-damage|p1a: Farigiraf|65/100\n|-damage|p1b: Whimsicott|3/100\n|\n|-weather|SunnyDay|[upkeep]\n|upkeep\n|turn|6\n|\n|t:|1776277117\n|move|p2b: Sinistcha|Rage Powder|p2b: Sinistcha\n|-singleturn|p2b: Sinistcha|move: Rage Powder\n|move|p1a: Farigiraf|Hyper Voice|p2b: Sinistcha|[spread] p2a\n|-immune|p2b: Sinistcha\n|-damage|p2a: Blastoise|63/100\n|move|p2a: Blastoise|Water Spout|p1b: Whimsicott|[spread] p1a,p1b\n|-crit|p1a: Farigiraf\n|-resisted|p1b: Whimsicott|1\n|-damage|p1a: Farigiraf|34/100\n|-damage|p1b: Whimsicott|0 fnt\n|faint|p1b: Whimsicott\n|\n|-weather|SunnyDay|[upkeep]\n|upkeep\n|\n|t:|1776277124\n|switch|p1b: Floette|Floette-Mega, L50, F|48/100\n|-ability|p1b: Floette|Fairy Aura\n|turn|7\n|\n|t:|1776277136\n|move|p1b: Floette|Protect|p1b: Floette\n|-singleturn|p1b: Floette|Protect\n|move|p2b: Sinistcha|Rage Powder|p2b: Sinistcha\n|-singleturn|p2b: Sinistcha|move: Rage Powder\n|move|p1a: Farigiraf|Hyper Voice|p2b: Sinistcha|[spread] p2a\n|-immune|p2b: Sinistcha\n|-damage|p2a: Blastoise|25/100\n|move|p2a: Blastoise|Water Spout|p1a: Farigiraf|[spread] p1a\n|-activate|p1b: Floette|move: Protect\n|-damage|p1a: Farigiraf|26/100\n|\n|-weather|SunnyDay|[upkeep]\n|-end|p2b: Sinistcha|Encore\n|-fieldend|move: Trick Room\n|upkeep\n|turn|8\n|inactive|Triple Goose has 30 seconds left.\n|\n|t:|1776277171\n|move|p2b: Sinistcha|Rage Powder|p2b: Sinistcha\n|-singleturn|p2b: Sinistcha|move: Rage Powder\n|move|p1b: Floette|Light of Ruin|p2b: Sinistcha\n|-damage|p2b: Sinistcha|0 fnt\n|faint|p2b: Sinistcha\n|-damage|p1b: Floette|0 fnt|[from] Recoil\n|faint|p1b: Floette\n|move|p2a: Blastoise|Water Pulse|p1a: Farigiraf\n|-damage|p1a: Farigiraf|0 fnt\n|faint|p1a: Farigiraf\n|\n|win|Nezk025\n|n|\u2606Triple Goose|triplegoose\n|n|\u2606Nezk025|nezk025\n|n| Gone2Flavortown|gone2flavortown\n|c|\u2606Triple Goose|ggs\n|l| Gone2Flavortown\n",
  "uploadtime": 1776277186,
  "views": 33,
  "formatid": "gen9championsvgc2026regma",
  "rating": null,
  "private": 0,
  "password": null
}