{
  "id": "gen9championsvgc2026regma-2581200766",
  "format": "[Gen 9 Champions] VGC 2026 Reg M-A",
  "players": [
    "lolgz",
    "ShadowS3raph"
  ],
  "log": "|j|\u2606lolgz\n|j|\u2606ShadowS3raph\n|t:|1775970063\n|gametype|doubles\n|player|p1|lolgz|170|1128\n|player|p2|ShadowS3raph|265|1065\n|gen|9\n|tier|[Gen 9 Champions] VGC 2026 Reg M-A\n|rated|\n|rule|Species Clause: Limit one of each Pok\u00e9mon\n|rule|Item Clause: Limit 1 of each item\n|clearpoke\n|poke|p1|Charizard, L50, M|\n|poke|p1|Whimsicott, L50, F|\n|poke|p1|Milotic, L50, F|\n|poke|p1|Sneasler, L50, M|\n|poke|p1|Floette-Eternal, L50, F|\n|poke|p1|Garchomp, L50, M|\n|poke|p2|Lopunny, L50, F|\n|poke|p2|Gengar, L50, M|\n|poke|p2|Incineroar, L50, M|\n|poke|p2|Sinistcha, L50|\n|poke|p2|Glimmora, L50, F|\n|poke|p2|Dragonite, L50, M|\n|teampreview|4\n|inactive|Battle timer is ON: inactive players will automatically lose when time's up. (requested by ShadowS3raph)\n|\n|t:|1775970093\n|teamsize|p1|4\n|teamsize|p2|4\n|start\n|switch|p1a: Milotic|Milotic, L50, F|100/100\n|switch|p1b: Sneasler|Sneasler, L50, M|100/100\n|switch|p2a: Lopunny|Lopunny, L50, F|100/100\n|switch|p2b: Dragonite|Dragonite, L50, M|100/100\n|turn|1\n|\n|t:|1775970118\n|detailschange|p2a: Lopunny|Lopunny-Mega, L50, F\n|-mega|p2a: Lopunny|Lopunny|Lopunnite\n|move|p2a: Lopunny|Fake Out|p1b: Sneasler\n|-damage|p1b: Sneasler|62/100\n|cant|p1b: Sneasler|flinch\n|move|p1a: Milotic|Icy Wind|p2b: Dragonite|[spread] p2a,p2b\n|-supereffective|p2b: Dragonite|2\n|-damage|p2a: Lopunny|83/100\n|-damage|p2b: Dragonite|57/100\n|-unboost|p2a: Lopunny|spe|1\n|-unboost|p2b: Dragonite|spe|1\n|move|p2b: Dragonite|Dragon Dance|p2b: Dragonite\n|-boost|p2b: Dragonite|atk|1\n|-boost|p2b: Dragonite|spe|1\n|\n|-heal|p2b: Dragonite|63/100|[from] item: Leftovers\n|upkeep\n|turn|2\n|inactive|lolgz has 30 seconds left.\n|inactive|ShadowS3raph has 30 seconds left.\n|inactive|lolgz has 20 seconds left.\n|inactive|lolgz has 15 seconds left.\n|inactive|lolgz has 10 seconds left.\n|inactive|lolgz has 5 seconds left.\n|\n|t:|1775970173\n|move|p2a: Lopunny|Protect|p2a: Lopunny\n|-singleturn|p2a: Lopunny|Protect\n|move|p2b: Dragonite|Extreme Speed|p1b: Sneasler\n|-damage|p1b: Sneasler|0 fnt\n|faint|p1b: Sneasler\n|move|p1a: Milotic|Icy Wind|p2a: Lopunny|[spread] p2b\n|-activate|p2a: Lopunny|move: Protect\n|-supereffective|p2b: Dragonite|2\n|-damage|p2b: Dragonite|20/100\n|-unboost|p2b: Dragonite|spe|1\n|\n|-heal|p2b: Dragonite|26/100|[from] item: Leftovers\n|upkeep\n|\n|t:|1775970184\n|switch|p1b: Floette|Floette-Eternal, L50, F|100/100\n|turn|3\n|\n|t:|1775970200\n|detailschange|p1b: Floette|Floette-Mega, L50, F\n|-mega|p1b: Floette|Floette|Floettite\n|-ability|p1b: Floette|Fairy Aura\n|move|p1a: Milotic|Icy Wind|p2a: Lopunny|[spread] p2a\n|-miss|p1a: Milotic|p2b: Dragonite\n|-damage|p2a: Lopunny|68/100\n|-unboost|p2a: Lopunny|spe|1\n|move|p1b: Floette|Dazzling Gleam|p2b: Dragonite|[spread] p2a,p2b\n|-supereffective|p2a: Lopunny|1\n|-supereffective|p2b: Dragonite|1\n|-damage|p2a: Lopunny|0 fnt\n|-damage|p2b: Dragonite|0 fnt\n|faint|p2a: Lopunny\n|faint|p2b: Dragonite\n|\n|upkeep\n|\n|t:|1775970207\n|switch|p2a: Gengar|Gengar, L50, M|100/100\n|switch|p2b: Incineroar|Incineroar, L50, M|100/100\n|-ability|p2b: Incineroar|Intimidate|boost\n|-unboost|p1a: Milotic|atk|1\n|-ability|p1a: Milotic|Competitive|boost\n|-boost|p1a: Milotic|spa|2\n|-unboost|p1b: Floette|atk|1\n|turn|4\n|\n|t:|1775970218\n|move|p1b: Floette|Protect|p1b: Floette\n|-singleturn|p1b: Floette|Protect\n|move|p2b: Incineroar|Fake Out|p1a: Milotic\n|-damage|p1a: Milotic|86/100\n|cant|p1a: Milotic|flinch\n|move|p2a: Gengar|Sludge Bomb|p1b: Floette\n|-activate|p1b: Floette|move: Protect\n|\n|upkeep\n|turn|5\n|\n|t:|1775970239\n|switch|p1b: Whimsicott|Whimsicott, L50, F|100/100\n|move|p1a: Milotic|Icy Wind|p2a: Gengar|[spread] p2a,p2b\n|-resisted|p2b: Incineroar|1\n|-damage|p2a: Gengar|63/100\n|-damage|p2b: Incineroar|90/100\n|-unboost|p2a: Gengar|spe|1\n|-unboost|p2b: Incineroar|spe|1\n|move|p2a: Gengar|Sludge Bomb|p1b: Whimsicott\n|-supereffective|p1b: Whimsicott|2\n|-enditem|p1b: Whimsicott|Focus Sash\n|-damage|p1b: Whimsicott|1/100\n|move|p2b: Incineroar|Throat Chop|p1a: Milotic\n|-damage|p1a: Milotic|45/100\n|-start|p1a: Milotic|Throat Chop|[silent]\n|\n|upkeep\n|turn|6\n|inactive|ShadowS3raph has 30 seconds left.\n|\n|t:|1775970269\n|move|p1a: Milotic|Icy Wind|p2b: Incineroar|[spread] p2a,p2b\n|-crit|p2a: Gengar\n|-resisted|p2b: Incineroar|1\n|-damage|p2a: Gengar|2/100\n|-damage|p2b: Incineroar|80/100\n|-unboost|p2a: Gengar|spe|1\n|-unboost|p2b: Incineroar|spe|1\n|move|p1b: Whimsicott|Moonblast|p2b: Incineroar\n|-crit|p2b: Incineroar\n|-damage|p2b: Incineroar|31/100\n|-enditem|p2b: Incineroar|Sitrus Berry|[eat]\n|-heal|p2b: Incineroar|56/100|[from] item: Sitrus Berry\n|move|p2a: Gengar|Shadow Ball|p1a: Milotic\n|-damage|p1a: Milotic|10/100\n|move|p2b: Incineroar|Throat Chop|p1a: Milotic\n|-damage|p1a: Milotic|0 fnt\n|faint|p1a: Milotic\n|\n|upkeep\n|\n|t:|1775970274\n|switch|p1a: Floette|Floette-Mega, L50, F|100/100\n|-ability|p1a: Floette|Fairy Aura\n|turn|7\n|\n|t:|1775970289\n|move|p2a: Gengar|Protect|p2a: Gengar\n|-singleturn|p2a: Gengar|Protect\n|move|p1b: Whimsicott|Moonblast|p2b: Incineroar\n|-damage|p2b: Incineroar|14/100\n|move|p1a: Floette|Dazzling Gleam|p2b: Incineroar|[spread] p2b\n|-activate|p2a: Gengar|move: Protect\n|-damage|p2b: Incineroar|0 fnt\n|faint|p2b: Incineroar\n|\n|upkeep\n|turn|8\n|\n|t:|1775970298\n|move|p1b: Whimsicott|Moonblast|p2a: Gengar\n|-resisted|p2a: Gengar|1\n|-damage|p2a: Gengar|0 fnt\n|faint|p2a: Gengar\n|\n|win|lolgz\n|raw|lolgz's rating: 1128 &rarr; <strong>1149</strong><br />(+21 for winning)\n|raw|ShadowS3raph's rating: 1065 &rarr; <strong>1049</strong><br />(-16 for losing)\n",
  "uploadtime": 1775970298,
  "views": 17,
  "formatid": "gen9championsvgc2026regma",
  "rating": 1049,
  "private": 0,
  "password": null
}