{
  "id": "gen9championsvgc2026regma-2586451420",
  "format": "[Gen 9 Champions] VGC 2026 Reg M-A",
  "players": [
    "YugePower",
    "ciel0716"
  ],
  "log": "|j|\u2606YugePower\n|j|\u2606ciel0716\n|t:|1776435598\n|gametype|doubles\n|player|p1|YugePower|169|1126\n|player|p2|ciel0716|266|1046\n|gen|9\n|tier|[Gen 9 Champions] VGC 2026 Reg M-A\n|rated|\n|rule|Species Clause: Limit one of each Pok\u00e9mon\n|rule|Item Clause: Limit 1 of each item\n|clearpoke\n|poke|p1|Dragonite, L50, F|\n|poke|p1|Politoed, L50, F|\n|poke|p1|Aerodactyl, L50, M|\n|poke|p1|Corviknight, L50, F|\n|poke|p1|Chesnaught, L50, F|\n|poke|p1|Slowbro, L50, M|\n|poke|p2|Floette-Eternal, L50, F|\n|poke|p2|Incineroar, L50, F|\n|poke|p2|Sinistcha, L50|\n|poke|p2|Aerodactyl, L50, F|\n|poke|p2|Scizor, L50, M|\n|poke|p2|Sneasler, L50, M|\n|teampreview|4\n|inactive|Battle timer is ON: inactive players will automatically lose when time's up. (requested by YugePower)\n|inactive|YugePower has 60 seconds left.\n|inactive|ciel0716 has 60 seconds left.\n|inactive|YugePower has 30 seconds left.\n|inactive|ciel0716 has 30 seconds left.\n|inactive|YugePower has 20 seconds left.\n|inactive|YugePower has 15 seconds left.\n|inactive|YugePower has 10 seconds left.\n|inactive|YugePower has 5 seconds left.\n|\n|t:|1776435692\n|teamsize|p1|4\n|teamsize|p2|4\n|start\n|switch|p1a: Dragonite|Dragonite, L50, F|100/100\n|switch|p1b: Politoed|Politoed, L50, F|100/100\n|switch|p2a: Incineroar|Incineroar, L50, F|100/100\n|switch|p2b: Aerodactyl|Aerodactyl, L50, F|100/100\n|-ability|p2b: Aerodactyl|Unnerve\n|-weather|RainDance|[from] ability: Drizzle|[of] p1b: Politoed\n|-ability|p2a: Incineroar|Intimidate|boost\n|-unboost|p1a: Dragonite|atk|1\n|-unboost|p1b: Politoed|atk|1\n|turn|1\n|inactive|YugePower has 30 seconds left.\n|inactive|ciel0716 has 30 seconds left.\n|inactive|YugePower has 20 seconds left.\n|\n|t:|1776435730\n|move|p1a: Dragonite|Protect|p1a: Dragonite\n|-singleturn|p1a: Dragonite|Protect\n|move|p2a: Incineroar|Fake Out|p1b: Politoed\n|-damage|p1b: Politoed|88/100\n|move|p2b: Aerodactyl|Rock Slide|p1b: Politoed|[spread] p1b\n|-activate|p1a: Dragonite|move: Protect\n|-damage|p1b: Politoed|65/100\n|cant|p1b: Politoed|flinch\n|\n|-weather|RainDance|[upkeep]\n|-heal|p1b: Politoed|72/100|[from] item: Leftovers\n|upkeep\n|turn|2\n|inactive|YugePower has 30 seconds left.\n|inactive|YugePower has 20 seconds left.\n|\n|t:|1776435769\n|switch|p1a: Corviknight|Corviknight, L50, F|100/100\n|move|p2b: Aerodactyl|Rock Slide|p1a: Corviknight|[spread] p1a,p1b\n|-damage|p1a: Corviknight|82/100\n|-damage|p1b: Politoed|49/100\n|move|p1b: Politoed|Icy Wind|p2b: Aerodactyl|[spread] p2a,p2b\n|-resisted|p2a: Incineroar|1\n|-supereffective|p2b: Aerodactyl|1\n|-damage|p2a: Incineroar|97/100\n|-damage|p2b: Aerodactyl|75/100\n|-unboost|p2a: Incineroar|spe|1\n|-unboost|p2b: Aerodactyl|spe|1\n|move|p2a: Incineroar|Parting Shot|p1a: Corviknight\n|-ability|p1a: Corviknight|Mirror Armor\n|-unboost|p2a: Incineroar|atk|1\n|-ability|p1a: Corviknight|Mirror Armor\n|-unboost|p2a: Incineroar|spa|1\n|\n|t:|1776435787\n|switch|p2a: Sinistcha|Sinistcha, L50|100/100|[from] Parting Shot\n|-heal|p2b: Aerodactyl|99/100|[from] ability: Hospitality|[of] p2a: Sinistcha\n|\n|-weather|RainDance|[upkeep]\n|-heal|p1b: Politoed|55/100|[from] item: Leftovers\n|upkeep\n|turn|3\n|inactive|YugePower has 30 seconds left.\n|inactive|YugePower has 20 seconds left.\n|inactive|YugePower has 15 seconds left.\n|inactive|YugePower has 10 seconds left.\n|inactive|YugePower has 5 seconds left.\n|\n|t:|1776435838\n|move|p1b: Politoed|Protect|p1b: Politoed\n|-singleturn|p1b: Politoed|Protect\n|move|p2b: Aerodactyl|Tailwind|p2b: Aerodactyl\n|-sidestart|p2: ciel0716|move: Tailwind\n|move|p2a: Sinistcha|Matcha Gotcha|p1b: Politoed|[spread] p1a\n|-activate|p1b: Politoed|move: Protect\n|-resisted|p1a: Corviknight|2\n|-damage|p1a: Corviknight|77/100\n|move|p1a: Corviknight|Tailwind|p1a: Corviknight\n|-sidestart|p1: YugePower|move: Tailwind\n|\n|-weather|RainDance|[upkeep]\n|-heal|p1b: Politoed|61/100|[from] item: Leftovers\n|upkeep\n|turn|4\n|inactive|YugePower has 30 seconds left.\n|inactive|YugePower has 20 seconds left.\n|inactive|YugePower has 15 seconds left.\n|inactive|YugePower has 10 seconds left.\n|inactive|YugePower has 5 seconds left.\n|\n|t:|1776435889\n|move|p2b: Aerodactyl|Rock Slide|p1a: Corviknight|[spread] p1a,p1b\n|-damage|p1a: Corviknight|59/100\n|-damage|p1b: Politoed|35/100\n|cant|p1b: Politoed|flinch\n|move|p2a: Sinistcha|Matcha Gotcha|p1a: Corviknight|[spread] p1a,p1b\n|-resisted|p1a: Corviknight|2\n|-supereffective|p1b: Politoed|1\n|-damage|p1a: Corviknight|52/100\n|-damage|p1b: Politoed|0 fnt\n|faint|p1b: Politoed\n|cant|p1a: Corviknight|flinch\n|\n|-weather|RainDance|[upkeep]\n|upkeep\n|c|\u2606YugePower|So fucking lame dawg\n|c|\u2606YugePower|rock slide spam\n|\n|t:|1776435913\n|switch|p1b: Aerodactyl|Aerodactyl, L50, M|100/100\n|-ability|p1b: Aerodactyl|Unnerve\n|turn|5\n|inactive|YugePower has 30 seconds left.\n|\n|t:|1776435941\n|switch|p2b: Incineroar|Incineroar, L50, F|97/100\n|-ability|p2b: Incineroar|Intimidate|boost\n|-ability|p1a: Corviknight|Mirror Armor\n|-unboost|p2b: Incineroar|atk|1\n|-unboost|p1b: Aerodactyl|atk|1\n|move|p1b: Aerodactyl|Rock Slide|p2b: Incineroar|[spread] p2a,p2b\n|-supereffective|p2b: Incineroar|1\n|-damage|p2a: Sinistcha|86/100\n|-damage|p2b: Incineroar|63/100\n|cant|p2a: Sinistcha|flinch\n|move|p1a: Corviknight|Dual Wingbeat|p2a: Sinistcha\n|-supereffective|p2a: Sinistcha|1\n|-damage|p2a: Sinistcha|59/100\n|-supereffective|p2a: Sinistcha|1\n|-damage|p2a: Sinistcha|31/100\n|-hitcount|p2a: Sinistcha|2\n|\n|-weather|none\n|-heal|p2a: Sinistcha|38/100|[from] item: Leftovers\n|upkeep\n|turn|6\n|inactive|YugePower has 30 seconds left.\n|inactive|ciel0716 has 30 seconds left.\n|inactive|YugePower has 20 seconds left.\n|inactive|YugePower has 15 seconds left.\n|inactive|YugePower has 10 seconds left.\n|\n|t:|1776435990\n|switch|p2a: Floette|Floette-Eternal, L50, F|100/100\n|move|p2b: Incineroar|Fake Out|p1b: Aerodactyl\n|-resisted|p1b: Aerodactyl|1\n|-damage|p1b: Aerodactyl|94/100\n|cant|p1b: Aerodactyl|flinch\n|move|p1a: Corviknight|U-turn|p2a: Floette\n|-resisted|p2a: Floette|1\n|-damage|p2a: Floette|90/100\n|\n|t:|1776436000\n|switch|p1a: Dragonite|Dragonite, L50, F|100/100|[from] U-turn\n|\n|-sideend|p1: YugePower|move: Tailwind\n|-sideend|p2: ciel0716|move: Tailwind\n|upkeep\n|turn|7\n|inactive|YugePower has 30 seconds left.\n|inactive|YugePower has 20 seconds left.\n|\n|t:|1776436036\n|detailschange|p1a: Dragonite|Dragonite-Mega, L50, F\n|-mega|p1a: Dragonite|Dragonite|Dragoninite\n|detailschange|p2a: Floette|Floette-Mega, L50, F\n|-mega|p2a: Floette|Floette|Floettite\n|-ability|p2a: Floette|Fairy Aura\n|move|p1a: Dragonite|Protect|p1a: Dragonite\n|-singleturn|p1a: Dragonite|Protect\n|move|p1b: Aerodactyl|Tailwind|p1b: Aerodactyl\n|-sidestart|p1: YugePower|move: Tailwind\n|move|p2a: Floette|Dazzling Gleam|p1a: Dragonite|[spread] p1b\n|-activate|p1a: Dragonite|move: Protect\n|-damage|p1b: Aerodactyl|22/100\n|move|p2b: Incineroar|Parting Shot|p1a: Dragonite\n|-activate|p1a: Dragonite|move: Protect\n|\n|upkeep\n|turn|8\n|inactive|YugePower has 30 seconds left.\n|inactive|ciel0716 has 30 seconds left.\n|inactive|YugePower has 20 seconds left.\n|inactive|YugePower has 15 seconds left.\n|\n|t:|1776436079\n|move|p1b: Aerodactyl|Wide Guard|p1b: Aerodactyl\n|-singleturn|p1b: Aerodactyl|Wide Guard\n|move|p1a: Dragonite|Hurricane|p2a: Floette\n|-damage|p2a: Floette|39/100\n|move|p2a: Floette|Dazzling Gleam|p1a: Dragonite|[spread] \n|-activate|p1a: Dragonite|move: Wide Guard\n|-activate|p1b: Aerodactyl|move: Wide Guard\n|move|p2b: Incineroar|Parting Shot|p1a: Dragonite\n|-unboost|p1a: Dragonite|atk|1\n|-unboost|p1a: Dragonite|spa|1\n|\n|t:|1776436086\n|switch|p2b: Sinistcha|Sinistcha, L50|38/100|[from] Parting Shot\n|-heal|p2a: Floette|63/100|[from] ability: Hospitality|[of] p2b: Sinistcha\n|\n|-heal|p2b: Sinistcha|44/100|[from] item: Leftovers\n|upkeep\n|turn|9\n|inactive|YugePower has 30 seconds left.\n|inactive|YugePower has 20 seconds left.\n|inactive|YugePower has 15 seconds left.\n|inactive|YugePower has 10 seconds left.\n|\n|t:|1776436135\n|move|p1b: Aerodactyl|Dual Wingbeat|p2b: Sinistcha\n|-supereffective|p2b: Sinistcha|1\n|-damage|p2b: Sinistcha|22/100\n|-supereffective|p2b: Sinistcha|1\n|-damage|p2b: Sinistcha|1/100\n|-hitcount|p2b: Sinistcha|2\n|move|p1a: Dragonite|Hurricane|p2b: Sinistcha\n|-supereffective|p2b: Sinistcha|1\n|-damage|p2b: Sinistcha|0 fnt\n|faint|p2b: Sinistcha\n|move|p2a: Floette|Moonblast|p1b: Aerodactyl\n|-damage|p1b: Aerodactyl|0 fnt\n|faint|p1b: Aerodactyl\n|\n|upkeep\n|inactive|YugePower has 30 seconds left this turn.\n|inactive|YugePower has 20 seconds left.\n|\n|t:|1776436159\n|switch|p1b: Corviknight|Corviknight, L50, F|52/100\n|switch|p2b: Incineroar|Incineroar, L50, F|63/100\n|-ability|p2b: Incineroar|Intimidate|boost\n|-unboost|p1a: Dragonite|atk|1\n|-ability|p1b: Corviknight|Mirror Armor\n|-unboost|p2b: Incineroar|atk|1\n|turn|10\n|inactive|YugePower has 20 seconds left this turn.\n|inactive|YugePower has 15 seconds left.\n|inactive|YugePower has 10 seconds left.\n|inactive|YugePower has 5 seconds left.\n|-message|YugePower lost due to inactivity.\n|\n|win|ciel0716\n",
  "uploadtime": 1776435906,
  "views": 14,
  "formatid": "gen9championsvgc2026regma",
  "rating": null,
  "private": 0,
  "password": null
}