{
  "id": "gen9championsvgc2026regma-2580699594",
  "format": "[Gen 9 Champions] VGC 2026 Reg M-A",
  "players": [
    "bunearyboicherry",
    "krmkk"
  ],
  "log": "|j|\u2606bunearyboicherry\n|j|\u2606krmkk\n|t:|1775925307\n|gametype|doubles\n|player|p1|bunearyboicherry|preschoolerf-gen6|1133\n|player|p2|krmkk|1|1228\n|gen|9\n|tier|[Gen 9 Champions] VGC 2026 Reg M-A\n|rated|\n|rule|Species Clause: Limit one of each Pok\u00e9mon\n|rule|Item Clause: Limit 1 of each item\n|clearpoke\n|poke|p1|Crabominable, L50, F|\n|poke|p1|Farigiraf, L50, F|\n|poke|p1|Drampa, L50, M|\n|poke|p1|Typhlosion-Hisui, L50, F|\n|poke|p1|Chesnaught, L50, M|\n|poke|p1|Primarina, L50, F|\n|poke|p2|Froslass, L50, F|\n|poke|p2|Pelipper, L50, M|\n|poke|p2|Basculegion, L50, M|\n|poke|p2|Archaludon, L50, M|\n|poke|p2|Sinistcha, L50|\n|poke|p2|Espeon, L50, M|\n|teampreview|4\n|inactive|Battle timer is ON: inactive players will automatically lose when time's up. (requested by bunearyboicherry)\n|c|\u2606bunearyboicherry|Glhf\n|\n|t:|1775925366\n|teamsize|p1|4\n|teamsize|p2|4\n|start\n|switch|p1a: Farigiraf|Farigiraf, L50, F, shiny|100/100\n|switch|p1b: Crabominable|Crabominable, L50, F|100/100\n|switch|p2a: Froslass|Froslass, L50, F|100/100\n|switch|p2b: Archaludon|Archaludon, L50, M|100/100\n|turn|1\n|inactive|krmkk has 30 seconds left.\n|\n|t:|1775925400\n|detailschange|p2a: Froslass|Froslass-Mega, L50, F\n|-mega|p2a: Froslass|Froslass|Froslassite\n|-weather|Snowscape|[from] ability: Snow Warning|[of] p2a: Froslass\n|detailschange|p1b: Crabominable|Crabominable-Mega, L50, F\n|-mega|p1b: Crabominable|Crabominable|Crabominite\n|move|p2a: Froslass|Icicle Spear|p2b: Archaludon\n|-crit|p2b: Archaludon\n|-damage|p2b: Archaludon|94/100\n|-ability|p2b: Archaludon|Stamina|boost\n|-boost|p2b: Archaludon|def|1\n|-damage|p2b: Archaludon|91/100\n|-ability|p2b: Archaludon|Stamina|boost\n|-boost|p2b: Archaludon|def|1\n|-hitcount|p2b: Archaludon|2\n|move|p2b: Archaludon|Aura Sphere|p1b: Crabominable\n|-supereffective|p1b: Crabominable|1\n|-damage|p1b: Crabominable|62/100\n|move|p1b: Crabominable|Drain Punch|p2b: Archaludon\n|-supereffective|p2b: Archaludon|1\n|-damage|p2b: Archaludon|53/100\n|-heal|p1b: Crabominable|80/100|[from] drain|[of] p2b: Archaludon\n|-ability|p2b: Archaludon|Stamina|boost\n|-boost|p2b: Archaludon|def|1\n|move|p1a: Farigiraf|Trick Room|p1a: Farigiraf\n|-fieldstart|move: Trick Room|[of] p1a: Farigiraf\n|\n|-weather|Snowscape|[upkeep]\n|-heal|p2b: Archaludon|60/100|[from] item: Leftovers\n|upkeep\n|turn|2\n|inactive|bunearyboicherry has 30 seconds left.\n|inactive|krmkk has 30 seconds left.\n|inactive|krmkk has 20 seconds left.\n|\n|t:|1775925439\n|switch|p2a: Pelipper|Pelipper, L50, M|100/100\n|-weather|RainDance|[from] ability: Drizzle|[of] p2a: Pelipper\n|move|p1b: Crabominable|Ice Hammer|p2a: Pelipper\n|-damage|p2a: Pelipper|3/100\n|-unboost|p1b: Crabominable|spe|1\n|move|p1a: Farigiraf|Twin Beam|p2b: Archaludon\n|-resisted|p2b: Archaludon|1\n|-damage|p2b: Archaludon|52/100\n|-ability|p2b: Archaludon|Stamina|boost\n|-boost|p2b: Archaludon|def|1\n|-resisted|p2b: Archaludon|1\n|-damage|p2b: Archaludon|45/100\n|-ability|p2b: Archaludon|Stamina|boost\n|-boost|p2b: Archaludon|def|1\n|-hitcount|p2b: Archaludon|2\n|move|p2b: Archaludon|Electro Shot||[still]\n|-prepare|p2b: Archaludon|Electro Shot\n|-boost|p2b: Archaludon|spa|1\n|-anim|p2b: Archaludon|Electro Shot|p1a: Farigiraf\n|-damage|p1a: Farigiraf|49/100\n|\n|-weather|RainDance|[upkeep]\n|-heal|p2b: Archaludon|51/100|[from] item: Leftovers\n|upkeep\n|turn|3\n|inactive|krmkk has 30 seconds left.\n|\n|t:|1775925466\n|switch|p2a: Sinistcha|Sinistcha, L50|100/100\n|-heal|p2b: Archaludon|76/100|[from] ability: Hospitality|[of] p2a: Sinistcha\n|move|p1b: Crabominable|Drain Punch|p2b: Archaludon\n|-supereffective|p2b: Archaludon|1\n|-damage|p2b: Archaludon|51/100\n|-heal|p1b: Crabominable|92/100|[from] drain|[of] p2b: Archaludon\n|-ability|p2b: Archaludon|Stamina|boost\n|-boost|p2b: Archaludon|def|1\n|move|p1a: Farigiraf|Hyper Voice|p2a: Sinistcha|[spread] p2b\n|-immune|p2a: Sinistcha\n|-resisted|p2b: Archaludon|1\n|-damage|p2b: Archaludon|37/100\n|move|p2b: Archaludon|Electro Shot||[still]\n|-prepare|p2b: Archaludon|Electro Shot\n|-boost|p2b: Archaludon|spa|1\n|-anim|p2b: Archaludon|Electro Shot|p1a: Farigiraf\n|-damage|p1a: Farigiraf|0 fnt\n|faint|p1a: Farigiraf\n|\n|-weather|RainDance|[upkeep]\n|-heal|p2b: Archaludon|44/100|[from] item: Leftovers\n|upkeep\n|\n|t:|1775925473\n|switch|p1a: Primarina|Primarina, L50, F, shiny|100/100\n|turn|4\n|\n|t:|1775925494\n|move|p2a: Sinistcha|Rage Powder|p2a: Sinistcha\n|-singleturn|p2a: Sinistcha|move: Rage Powder\n|move|p1b: Crabominable|Ice Hammer|p2a: Sinistcha\n|-supereffective|p2a: Sinistcha|1\n|-damage|p2a: Sinistcha|0 fnt\n|-unboost|p1b: Crabominable|spe|1\n|faint|p2a: Sinistcha\n|move|p1a: Primarina|Hyper Voice|p2b: Archaludon\n|-resisted|p2b: Archaludon|1\n|-damage|p2b: Archaludon|8/100\n|move|p2b: Archaludon|Aura Sphere|p1b: Crabominable\n|-supereffective|p1b: Crabominable|1\n|-damage|p1b: Crabominable|16/100\n|\n|-weather|RainDance|[upkeep]\n|-heal|p2b: Archaludon|14/100|[from] item: Leftovers\n|upkeep\n|\n|t:|1775925513\n|switch|p2a: Froslass|Froslass-Mega, L50, F|100/100\n|-weather|Snowscape|[from] ability: Snow Warning|[of] p2a: Froslass\n|turn|5\n|\n|t:|1775925535\n|switch|p2b: Pelipper|Pelipper, L50, M|3/100\n|-weather|RainDance|[from] ability: Drizzle|[of] p2b: Pelipper\n|move|p2a: Froslass|Protect|p2a: Froslass\n|-singleturn|p2a: Froslass|Protect\n|move|p1b: Crabominable|Drain Punch|p2b: Pelipper\n|-resisted|p2b: Pelipper|1\n|-damage|p2b: Pelipper|0 fnt\n|-heal|p1b: Crabominable|17/100|[from] drain|[of] p2b: Pelipper\n|faint|p2b: Pelipper\n|move|p1a: Primarina|Light Screen|p1a: Primarina\n|-sidestart|p1: bunearyboicherry|move: Light Screen\n|\n|-weather|RainDance|[upkeep]\n|-fieldend|move: Trick Room\n|upkeep\n|\n|t:|1775925548\n|switch|p2b: Archaludon|Archaludon, L50, M|14/100\n|turn|6\n|\n|t:|1775925569\n|move|p1b: Crabominable|Mach Punch|p2b: Archaludon\n|-supereffective|p2b: Archaludon|1\n|-damage|p2b: Archaludon|0 fnt\n|faint|p2b: Archaludon\n|move|p2a: Froslass|Blizzard|p1b: Crabominable|[spread] p1a,p1b\n|-resisted|p1a: Primarina|1\n|-resisted|p1b: Crabominable|1\n|-damage|p1a: Primarina|90/100\n|-damage|p1b: Crabominable|5/100\n|move|p1a: Primarina|Hyper Voice|p2a: Froslass\n|-damage|p2a: Froslass|22/100\n|\n|-weather|RainDance|[upkeep]\n|upkeep\n|turn|7\n|-message|krmkk forfeited.\n|\n|win|bunearyboicherry\n|raw|bunearyboicherry's rating: 1133 &rarr; <strong>1165</strong><br />(+32 for winning)\n|raw|krmkk's rating: 1228 &rarr; <strong>1196</strong><br />(-32 for losing)\n|l|\u2606krmkk\n|player|p2|\n",
  "uploadtime": 1775925586,
  "views": 19,
  "formatid": "gen9championsvgc2026regma",
  "rating": 1165,
  "private": 0,
  "password": null
}