{
  "id": "gen9championsvgc2026regma-2581467078",
  "format": "[Gen 9 Champions] VGC 2026 Reg M-A",
  "players": [
    "Goonmaster3232",
    "Chikitriskis"
  ],
  "log": "|j|\u2606Goonmaster3232\n|j|\u2606Chikitriskis\n|t:|1776003200\n|gametype|doubles\n|player|p1|Goonmaster3232|170|1015\n|player|p2|Chikitriskis|canari|1049\n|gen|9\n|tier|[Gen 9 Champions] VGC 2026 Reg M-A\n|rated|\n|rule|Species Clause: Limit one of each Pok\u00e9mon\n|rule|Item Clause: Limit 1 of each item\n|clearpoke\n|poke|p1|Incineroar, L50, F|\n|poke|p1|Alakazam, L50, F|\n|poke|p1|Garchomp, L50, M|\n|poke|p1|Tyranitar, L50, F|\n|poke|p1|Froslass, L50, F|\n|poke|p1|Ninetales-Alola, L50, M|\n|poke|p2|Venusaur, L50, F|\n|poke|p2|Toxapex, L50, F|\n|poke|p2|Farigiraf, L50, M|\n|poke|p2|Arcanine-Hisui, L50, F|\n|poke|p2|Ninetales-Alola, L50, F|\n|poke|p2|Basculegion, L50, M|\n|teampreview|4\n|inactive|Battle timer is ON: inactive players will automatically lose when time's up. (requested by Chikitriskis)\n|\n|t:|1776003221\n|teamsize|p1|4\n|teamsize|p2|4\n|start\n|switch|p1a: Incineroar|Incineroar, L50, F|100/100\n|switch|p1b: Alakazam|Alakazam, L50, F|100/100\n|switch|p2a: Toxapex|Toxapex, L50, F|100/100\n|switch|p2b: Arcanine|Arcanine-Hisui, L50, F|100/100\n|-ability|p2b: Arcanine|Intimidate|boost\n|-unboost|p1a: Incineroar|atk|1\n|-fail|p1b: Alakazam|unboost|Attack|[from] ability: Inner Focus|[of] p1b: Alakazam\n|-ability|p1a: Incineroar|Intimidate|boost\n|-unboost|p2a: Toxapex|atk|1\n|-unboost|p2b: Arcanine|atk|1\n|turn|1\n|inactive|Goonmaster3232 has 30 seconds left.\n|inactive|Goonmaster3232 has 20 seconds left.\n|\n|t:|1776003259\n|switch|p2a: Farigiraf|Farigiraf, L50, M|100/100\n|move|p1a: Incineroar|Fake Out||[still]\n|cant|p2a: Farigiraf|ability: Armor Tail|Fake Out|[of] p1a: Incineroar\n|move|p1b: Alakazam|Nasty Plot|p1b: Alakazam\n|-boost|p1b: Alakazam|spa|2\n|move|p2b: Arcanine|Stealth Rock|p1b: Alakazam\n|-sidestart|p1: Goonmaster3232|move: Stealth Rock\n|\n|upkeep\n|turn|2\n|\n|t:|1776003281\n|move|p2a: Farigiraf|Ally Switch|p2a: Farigiraf\n|swap|p2a: Farigiraf|1|[from] move: Ally Switch\n|move|p1b: Alakazam|Dazzling Gleam|p2b: Farigiraf|[spread] p2a,p2b\n|-resisted|p2a: Arcanine|1\n|-crit|p2b: Farigiraf\n|-damage|p2a: Arcanine|75/100\n|-damage|p2b: Farigiraf|47/100\n|-enditem|p2b: Farigiraf|Sitrus Berry|[eat]\n|-heal|p2b: Farigiraf|72/100|[from] item: Sitrus Berry\n|move|p2a: Arcanine|Flare Blitz|p1b: Alakazam\n|-damage|p1b: Alakazam|10/100\n|-damage|p2a: Arcanine|52/100|[from] Recoil\n|move|p1a: Incineroar|Parting Shot|p2b: Farigiraf\n|-unboost|p2b: Farigiraf|atk|1\n|-unboost|p2b: Farigiraf|spa|1\n|\n|t:|1776003297\n|switch|p1a: Ninetales|Ninetales-Alola, L50, M|100/100|[from] Parting Shot\n|-damage|p1a: Ninetales|76/100|[from] Stealth Rock\n|-weather|Snowscape|[from] ability: Snow Warning|[of] p1a: Ninetales\n|\n|-weather|Snowscape|[upkeep]\n|upkeep\n|turn|3\n|\n|t:|1776003317\n|switch|p1b: Froslass|Froslass, L50, F|100/100\n|-damage|p1b: Froslass|76/100|[from] Stealth Rock\n|switch|p2b: Toxapex|Toxapex, L50, F|100/100\n|move|p2a: Arcanine|Flare Blitz|p1b: Froslass\n|-supereffective|p1b: Froslass|1\n|-damage|p1b: Froslass|0 fnt\n|faint|p1b: Froslass\n|-damage|p2a: Arcanine|30/100|[from] Recoil\n|move|p1a: Ninetales|Aurora Veil|p1a: Ninetales\n|-sidestart|p1: Goonmaster3232|move: Aurora Veil\n|\n|-weather|Snowscape|[upkeep]\n|upkeep\n|\n|t:|1776003334\n|switch|p1b: Incineroar|Incineroar, L50, F|100/100\n|-damage|p1b: Incineroar|76/100|[from] Stealth Rock\n|-ability|p1b: Incineroar|Intimidate|boost\n|-unboost|p2a: Arcanine|atk|1\n|-unboost|p2b: Toxapex|atk|1\n|turn|4\n|\n|t:|1776003357\n|switch|p2a: Farigiraf|Farigiraf, L50, M|72/100\n|move|p1b: Incineroar|Fake Out||[still]\n|cant|p2a: Farigiraf|ability: Armor Tail|Fake Out|[of] p1b: Incineroar\n|move|p1a: Ninetales|Dazzling Gleam|p2a: Farigiraf|[spread] p2a,p2b\n|-resisted|p2b: Toxapex|1\n|-damage|p2a: Farigiraf|53/100\n|-damage|p2b: Toxapex|93/100\n|move|p2b: Toxapex|Toxic Spikes|p1a: Ninetales\n|-sidestart|p1: Goonmaster3232|move: Toxic Spikes\n|\n|-weather|Snowscape|[upkeep]\n|-heal|p1b: Incineroar|82/100|[from] item: Leftovers\n|-heal|p2b: Toxapex|99/100|[from] item: Leftovers\n|upkeep\n|turn|5\n|\n|t:|1776003379\n|switch|p2a: Arcanine|Arcanine-Hisui, L50, F|30/100\n|-ability|p2a: Arcanine|Intimidate|boost\n|-unboost|p1a: Ninetales|atk|1\n|-unboost|p1b: Incineroar|atk|1\n|move|p1a: Ninetales|Blizzard|p2a: Arcanine|[spread] p2a,p2b\n|-resisted|p2a: Arcanine|1\n|-resisted|p2b: Toxapex|1\n|-damage|p2a: Arcanine|10/100\n|-damage|p2b: Toxapex|87/100\n|move|p1b: Incineroar|Flare Blitz|p2a: Arcanine\n|-resisted|p2a: Arcanine|2\n|-damage|p2a: Arcanine|1/100\n|-damage|p1b: Incineroar|79/100|[from] Recoil\n|move|p2b: Toxapex|Infestation|p1b: Incineroar\n|-damage|p1b: Incineroar|78/100\n|-activate|p1b: Incineroar|move: Infestation|[of] p2b: Toxapex\n|\n|-weather|Snowscape|[upkeep]\n|-heal|p1b: Incineroar|84/100|[from] item: Leftovers\n|-heal|p2b: Toxapex|93/100|[from] item: Leftovers\n|-damage|p1b: Incineroar|71/100|[from] move: Infestation|[partiallytrapped]\n|upkeep\n|turn|6\n|inactive|Goonmaster3232 has 30 seconds left.\n|\n|t:|1776003407\n|move|p2b: Toxapex|Baneful Bunker|p2b: Toxapex\n|-singleturn|p2b: Toxapex|move: Protect\n|move|p2a: Arcanine|Flare Blitz|p1a: Ninetales\n|-supereffective|p1a: Ninetales|1\n|-damage|p1a: Ninetales|27/100\n|-status|p1a: Ninetales|brn\n|-enditem|p1a: Ninetales|Lum Berry|[eat]\n|-curestatus|p1a: Ninetales|brn|[msg]\n|-damage|p2a: Arcanine|0 fnt|[from] Recoil\n|faint|p2a: Arcanine\n|move|p1a: Ninetales|Blizzard|p2b: Toxapex\n|-activate|p2b: Toxapex|move: Protect\n|move|p1b: Incineroar|Thunder Punch|p2b: Toxapex\n|-activate|p2b: Toxapex|move: Protect\n|-status|p1b: Incineroar|psn\n|\n|-weather|none\n|-heal|p1b: Incineroar|77/100 psn|[from] item: Leftovers\n|-heal|p2b: Toxapex|99/100|[from] item: Leftovers\n|-damage|p1b: Incineroar|65/100 psn|[from] psn\n|-damage|p1b: Incineroar|52/100 psn|[from] move: Infestation|[partiallytrapped]\n|upkeep\n|\n|t:|1776003424\n|switch|p2a: Venusaur|Venusaur, L50, F, shiny|100/100\n|turn|7\n|\n|t:|1776003433\n|detailschange|p2a: Venusaur|Venusaur-Mega, L50, F, shiny\n|-mega|p2a: Venusaur|Venusaur|Venusaurite\n|move|p1a: Ninetales|Blizzard|p2a: Venusaur|[spread] p2a\n|-miss|p1a: Ninetales|p2b: Toxapex\n|-supereffective|p2a: Venusaur|1\n|-damage|p2a: Venusaur|77/100\n|-status|p2a: Venusaur|frz\n|cant|p2a: Venusaur|frz\n|move|p1b: Incineroar|Thunder Punch|p2b: Toxapex\n|-supereffective|p2b: Toxapex|1\n|-damage|p2b: Toxapex|77/100\n|move|p2b: Toxapex|Lunge|p1b: Incineroar\n|-damage|p1b: Incineroar|48/100 psn\n|-unboost|p1b: Incineroar|atk|1\n|\n|-heal|p1b: Incineroar|53/100 psn|[from] item: Leftovers\n|-heal|p2b: Toxapex|83/100|[from] item: Leftovers\n|-damage|p1b: Incineroar|41/100 psn|[from] psn\n|-damage|p1b: Incineroar|29/100 psn|[from] move: Infestation|[partiallytrapped]\n|-sideend|p1: Goonmaster3232|move: Aurora Veil\n|upkeep\n|turn|8\n|inactive|Goonmaster3232 has 30 seconds left.\n|inactive|Chikitriskis has 30 seconds left.\n|\n|t:|1776003464\n|move|p1a: Ninetales|Blizzard|p2b: Toxapex|[spread] p2a,p2b\n|-supereffective|p2a: Venusaur|1\n|-resisted|p2b: Toxapex|1\n|-damage|p2a: Venusaur|55/100 frz\n|-damage|p2b: Toxapex|73/100\n|cant|p2a: Venusaur|frz\n|move|p1b: Incineroar|Thunder Punch|p2b: Toxapex\n|-supereffective|p2b: Toxapex|1\n|-damage|p2b: Toxapex|57/100\n|move|p2b: Toxapex|Infestation|p1a: Ninetales\n|-resisted|p1a: Ninetales|1\n|-crit|p1a: Ninetales\n|-damage|p1a: Ninetales|24/100\n|-activate|p1a: Ninetales|move: Infestation|[of] p2b: Toxapex\n|\n|-heal|p1b: Incineroar|35/100 psn|[from] item: Leftovers\n|-heal|p2b: Toxapex|62/100|[from] item: Leftovers\n|-damage|p1b: Incineroar|22/100 psn|[from] psn\n|-damage|p1a: Ninetales|12/100|[from] move: Infestation|[partiallytrapped]\n|-damage|p1b: Incineroar|10/100 psn|[from] move: Infestation|[partiallytrapped]\n|upkeep\n|turn|9\n|\n|t:|1776003486\n|-curestatus|p2a: Venusaur|frz|[msg]\n|move|p2a: Venusaur|Protect|p2a: Venusaur\n|-singleturn|p2a: Venusaur|Protect\n|move|p2b: Toxapex|Baneful Bunker|p2b: Toxapex\n|-singleturn|p2b: Toxapex|move: Protect\n|move|p1a: Ninetales|Blizzard|p2a: Venusaur|[spread] \n|-activate|p2a: Venusaur|move: Protect\n|-activate|p2b: Toxapex|move: Protect\n|move|p1b: Incineroar|Thunder Punch|p2b: Toxapex\n|-activate|p2b: Toxapex|move: Protect\n|\n|-heal|p1b: Incineroar|16/100 psn|[from] item: Leftovers\n|-heal|p2b: Toxapex|68/100|[from] item: Leftovers\n|-damage|p1b: Incineroar|3/100 psn|[from] psn\n|-damage|p1a: Ninetales|0 fnt|[from] move: Infestation|[partiallytrapped]\n|faint|p1a: Ninetales\n|-damage|p1b: Incineroar|0 fnt|[from] move: Infestation|[partiallytrapped]\n|faint|p1b: Incineroar\n|upkeep\n|-message|Goonmaster3232 forfeited.\n|\n|win|Chikitriskis\n|raw|Goonmaster3232's rating: 1015 &rarr; <strong>1004</strong><br />(-11 for losing)\n|raw|Chikitriskis's rating: 1049 &rarr; <strong>1078</strong><br />(+29 for winning)\n|l|\u2606Goonmaster3232\n|player|p1|\n",
  "uploadtime": 1776003499,
  "views": 13,
  "formatid": "gen9championsvgc2026regma",
  "rating": 1004,
  "private": 0,
  "password": null
}