{
  "id": "gen9championsvgc2026regma-2585401973",
  "format": "[Gen 9 Champions] VGC 2026 Reg M-A",
  "players": [
    "Dextrou_",
    "Diamond243"
  ],
  "log": "|j|\u2606Dextrou_\n|j|\u2606Diamond243\n|t:|1776344675\n|gametype|doubles\n|player|p1|Dextrou_|brendan-masters|1044\n|player|p2|Diamond243|lucian|1000\n|gen|9\n|tier|[Gen 9 Champions] VGC 2026 Reg M-A\n|rated|\n|rule|Species Clause: Limit one of each Pok\u00e9mon\n|rule|Item Clause: Limit 1 of each item\n|clearpoke\n|poke|p1|Drampa, L50, M|\n|poke|p1|Alakazam, L50, F|\n|poke|p1|Pelipper, L50, M|\n|poke|p1|Sinistcha-Masterpiece, L50|\n|poke|p1|Scizor, L50, F|\n|poke|p1|Basculegion, L50, M|\n|poke|p2|Meganium, L50, F|\n|poke|p2|Aegislash, L50, M|\n|poke|p2|Tauros-Paldea-Aqua, L50, M|\n|poke|p2|Rotom-Heat, L50|\n|poke|p2|Mamoswine, L50, F|\n|poke|p2|Aerodactyl, L50, M|\n|teampreview|4\n|inactive|Battle timer is ON: inactive players will automatically lose when time's up. (requested by Dextrou_)\nDiamond243 has agreed to open team sheets.\n|inactive|Diamond243 has 60 seconds left.\n|\n|t:|1776344712\n|teamsize|p1|4\n|teamsize|p2|4\n|start\n|switch|p1a: Drampa|Drampa, L50, M|100/100\n|switch|p1b: Alakazam|Alakazam, L50, F|100/100\n|switch|p2a: Tauros|Tauros-Paldea-Aqua, L50, M|100/100\n|switch|p2b: Mamoswine|Mamoswine, L50, F|100/100\n|-ability|p2a: Tauros|Intimidate|boost\n|-unboost|p1a: Drampa|atk|1\n|-fail|p1b: Alakazam|unboost|Attack|[from] ability: Inner Focus|[of] p1b: Alakazam\n|turn|1\n|\n|t:|1776344726\n|move|p2b: Mamoswine|Icy Wind|p1a: Drampa|[spread] p1a,p1b\n|-supereffective|p1a: Drampa|1\n|-crit|p1b: Alakazam\n|-damage|p1a: Drampa|80/100\n|-damage|p1b: Alakazam|77/100\n|-unboost|p1a: Drampa|spe|1\n|-unboost|p1b: Alakazam|spe|1\n|move|p2a: Tauros|Close Combat|p1a: Drampa\n|-supereffective|p1a: Drampa|1\n|-damage|p1a: Drampa|0 fnt\n|-unboost|p2a: Tauros|def|1\n|-unboost|p2a: Tauros|spd|1\n|faint|p1a: Drampa\n|move|p1b: Alakazam|Reflect|p1b: Alakazam\n|-sidestart|p1: Dextrou_|Reflect\n|\n|upkeep\n|inactive|Dextrou_ has 30 seconds left.\n|\n|t:|1776344758\n|switch|p1a: Basculegion|Basculegion, L50, M|100/100\n|turn|2\n|\n|t:|1776344772\n|switch|p2a: Meganium|Meganium, L50, F|100/100\n|move|p1a: Basculegion|Aqua Jet|p2b: Mamoswine\n|-supereffective|p2b: Mamoswine|1\n|-damage|p2b: Mamoswine|45/100\n|move|p2b: Mamoswine|Icy Wind|p1b: Alakazam|[spread] p1a,p1b\n|-resisted|p1a: Basculegion|1\n|-damage|p1a: Basculegion|95/100\n|-damage|p1b: Alakazam|64/100\n|-unboost|p1a: Basculegion|spe|1\n|-unboost|p1b: Alakazam|spe|1\n|move|p1b: Alakazam|Psychic|p2a: Meganium\n|-damage|p2a: Meganium|60/100\n|\n|upkeep\n|turn|3\n|\n|t:|1776344796\n|switch|p2b: Tauros|Tauros-Paldea-Aqua, L50, M|100/100\n|-ability|p2b: Tauros|Intimidate|boost\n|-unboost|p1a: Basculegion|atk|1\n|-fail|p1b: Alakazam|unboost|Attack|[from] ability: Inner Focus|[of] p1b: Alakazam\n|detailschange|p2a: Meganium|Meganium-Mega, L50, F\n|-mega|p2a: Meganium|Meganium|Meganiumite\n|move|p1a: Basculegion|Aqua Jet|p2b: Tauros\n|-resisted|p2b: Tauros|1\n|-damage|p2b: Tauros|91/100\n|move|p2a: Meganium|Solar Beam||[still]\n|-prepare|p2a: Meganium|Solar Beam\n|-activate|p2a: Meganium|ability: Mega Sol\n|-anim|p2a: Meganium|Solar Beam|p1b: Alakazam\n|-damage|p1b: Alakazam|0 fnt\n|faint|p1b: Alakazam\n|\n|upkeep\n|\n|t:|1776344814\n|switch|p1b: Sinistcha|Sinistcha-Masterpiece, L50|100/100\n|-heal|p1a: Basculegion|100/100|[from] ability: Hospitality|[of] p1b: Sinistcha\n|turn|4\n|\n|t:|1776344824\n|move|p1b: Sinistcha|Rage Powder|p1b: Sinistcha\n|-singleturn|p1b: Sinistcha|move: Rage Powder\n|move|p2b: Tauros|Liquidation|p1b: Sinistcha\n|-resisted|p1b: Sinistcha|1\n|-damage|p1b: Sinistcha|85/100\n|move|p2a: Meganium|Weather Ball|p1b: Sinistcha\n|-supereffective|p1b: Sinistcha|1\n|-damage|p1b: Sinistcha|0 fnt\n|faint|p1b: Sinistcha\n|move|p1a: Basculegion|Last Respects|p2a: Meganium\n|-damage|p2a: Meganium|5/100\n|\n|upkeep\n|turn|5\n|\n|t:|1776344840\n|switch|p2b: Mamoswine|Mamoswine, L50, F|45/100\n|move|p1a: Basculegion|Aqua Jet|p2a: Meganium\n|-resisted|p2a: Meganium|1\n|-damage|p2a: Meganium|0 fnt\n|faint|p2a: Meganium\n|\n|-sideend|p1: Dextrou_|Reflect\n|upkeep\n|\n|t:|1776344844\n|switch|p2a: Rotom|Rotom-Heat, L50|100/100\n|turn|6\n|\n|t:|1776344854\n|move|p2b: Mamoswine|Earthquake|p1a: Basculegion|[spread] p1a\n|-immune|p2a: Rotom|[from] ability: Levitate\n|-damage|p1a: Basculegion|45/100\n|move|p2a: Rotom|Thunderbolt|p1a: Basculegion\n|-supereffective|p1a: Basculegion|1\n|-damage|p1a: Basculegion|0 fnt\n|faint|p1a: Basculegion\n|\n|win|Diamond243\n|raw|Dextrou_'s rating: 1044 &rarr; <strong>1025</strong><br />(-19 for losing)\n|raw|Diamond243's rating: 1000 &rarr; <strong>1045</strong><br />(+45 for winning)\n",
  "uploadtime": 1776344854,
  "views": 20,
  "formatid": "gen9championsvgc2026regma",
  "rating": 1025,
  "private": 0,
  "password": null
}