{
  "id": "gen9championsvgc2026regma-2589499601",
  "format": "[Gen 9 Champions] VGC 2026 Reg M-A",
  "players": [
    "volpy?",
    "Testingvgcstarmie"
  ],
  "log": "|j|\u2606volpy?\n|j|\u2606Testingvgcstarmie\n|t:|1776728548\n|gametype|doubles\n|player|p1|volpy?|pokekid|1087\n|player|p2|Testingvgcstarmie|roughneck-gen4|1026\n|gen|9\n|tier|[Gen 9 Champions] VGC 2026 Reg M-A\n|rated|\n|rule|Species Clause: Limit one of each Pok\u00e9mon\n|rule|Item Clause: Limit 1 of each item\n|clearpoke\n|poke|p1|Crabominable, L50, F|\n|poke|p1|Slowking, L50, F|\n|poke|p1|Incineroar, L50, F|\n|poke|p1|Whimsicott, L50, F|\n|poke|p1|Araquanid, L50, F|\n|poke|p1|Kingambit, L50, F|\n|poke|p2|Starmie, L50|\n|poke|p2|Dragonite, L50, M|\n|poke|p2|Kingambit, L50, F|\n|poke|p2|Incineroar, L50, F|\n|poke|p2|Sneasler, L50, M|\n|poke|p2|Sinistcha, L50|\n|teampreview|4\n|inactive|Battle timer is ON: inactive players will automatically lose when time's up. (requested by Testingvgcstarmie)\n|\n|t:|1776728572\n|teamsize|p1|4\n|teamsize|p2|4\n|start\n|switch|p1a: Kingambit|Kingambit, L50, F|100/100\n|switch|p1b: Slowking|Slowking, L50, F|100/100\n|switch|p2a: Starmie|Starmie, L50|100/100\n|switch|p2b: Dragonite|Dragonite, L50, M|100/100\n|turn|1\n|\n|t:|1776728596\n|detailschange|p2a: Starmie|Starmie-Mega, L50\n|-mega|p2a: Starmie|Starmie|Starminite\n|move|p2a: Starmie|Skill Swap|p2b: Dragonite\n|-activate|p2a: Starmie|Skill Swap|||[of] p2b: Dragonite\n|move|p2b: Dragonite|Earthquake|p1b: Slowking|[spread] p2a,p1a,p1b\n|-supereffective|p1a: Kingambit|1\n|-damage|p2a: Starmie|73/100\n|-damage|p1a: Kingambit|24/100\n|-damage|p1b: Slowking|54/100\n|move|p1a: Kingambit|Swords Dance|p1a: Kingambit\n|-boost|p1a: Kingambit|atk|2\n|move|p1b: Slowking|Yawn|p2b: Dragonite\n|-start|p2b: Dragonite|move: Yawn|[of] p1b: Slowking\n|\n|upkeep\n|turn|2\n|inactive|Testingvgcstarmie has 30 seconds left.\n|\n|t:|1776728622\n|move|p2b: Dragonite|Extreme Speed|p1a: Kingambit\n|-resisted|p1a: Kingambit|1\n|-damage|p1a: Kingambit|3/100\n|move|p1a: Kingambit|Sucker Punch|p2a: Starmie\n|-supereffective|p2a: Starmie|1\n|-damage|p2a: Starmie|0 fnt\n|faint|p2a: Starmie\n|move|p1b: Slowking|Trick Room|p1b: Slowking\n|-fieldstart|move: Trick Room|[of] p1b: Slowking\n|\n|-end|p2b: Dragonite|move: Yawn|[silent]\n|-status|p2b: Dragonite|slp\n|-enditem|p2b: Dragonite|Lum Berry|[eat]\n|-curestatus|p2b: Dragonite|slp|[msg]\n|upkeep\n|\n|t:|1776728637\n|switch|p2a: Sinistcha|Sinistcha, L50|100/100\n|turn|3\n|\n|t:|1776728646\n|move|p1a: Kingambit|Protect|p1a: Kingambit\n|-singleturn|p1a: Kingambit|Protect\n|move|p2a: Sinistcha|Rage Powder|p2a: Sinistcha\n|-singleturn|p2a: Sinistcha|move: Rage Powder\n|move|p2b: Dragonite|Extreme Speed|p1a: Kingambit\n|-activate|p1a: Kingambit|move: Protect\n|-prepare|p1b: Slowking|Chilly Reception|[premajor]\n|move|p1b: Slowking|Chilly Reception|p1b: Slowking\n|-weather|Snowscape\n|\n|t:|1776728655\n|switch|p1b: Crabominable|Crabominable, L50, F|100/100|[from] Chilly Reception\n|\n|-weather|Snowscape|[upkeep]\n|upkeep\n|turn|4\n|\n|t:|1776728671\n|switch|p1a: Slowking|Slowking, L50, F|87/100\n|detailschange|p1b: Crabominable|Crabominable-Mega, L50, F\n|-mega|p1b: Crabominable|Crabominable|Crabominite\n|move|p2a: Sinistcha|Rage Powder|p2a: Sinistcha\n|-singleturn|p2a: Sinistcha|move: Rage Powder\n|move|p1b: Crabominable|Ice Punch|p2a: Sinistcha\n|-supereffective|p2a: Sinistcha|1\n|-damage|p2a: Sinistcha|32/100\n|move|p2b: Dragonite|Earthquake|p1b: Crabominable|[spread] p2a,p1a,p1b\n|-resisted|p2a: Sinistcha|1\n|-damage|p2a: Sinistcha|8/100\n|-damage|p1a: Slowking|42/100\n|-damage|p1b: Crabominable|78/100\n|\n|-weather|Snowscape|[upkeep]\n|-heal|p2a: Sinistcha|14/100|[from] item: Leftovers\n|upkeep\n|turn|5\n|inactive|volpy? has 30 seconds left.\n|inactive|Testingvgcstarmie has 30 seconds left.\n|\n|t:|1776728709\n|move|p2a: Sinistcha|Protect|p2a: Sinistcha\n|-singleturn|p2a: Sinistcha|Protect\n|move|p2b: Dragonite|Extreme Speed|p1a: Slowking\n|-damage|p1a: Slowking|0 fnt\n|faint|p1a: Slowking\n|move|p1b: Crabominable|Ice Punch|p2b: Dragonite\n|-supereffective|p2b: Dragonite|2\n|-damage|p2b: Dragonite|0 fnt\n|faint|p2b: Dragonite\n|\n|-weather|Snowscape|[upkeep]\n|-heal|p2a: Sinistcha|20/100|[from] item: Leftovers\n|upkeep\n|\n|t:|1776728723\n|switch|p1a: Kingambit|Kingambit, L50, F|3/100\n|switch|p2b: Sneasler|Sneasler, L50, M|100/100\n|turn|6\n|inactive|Testingvgcstarmie has 30 seconds left.\n|inactive|Testingvgcstarmie has 20 seconds left.\n|inactive|Testingvgcstarmie has 15 seconds left.\n|\n|t:|1776728764\n|move|p2b: Sneasler|Fake Out|p1a: Kingambit\n|-resisted|p1a: Kingambit|1\n|-damage|p1a: Kingambit|0 fnt\n|faint|p1a: Kingambit\n|move|p2a: Sinistcha|Rage Powder|p2a: Sinistcha\n|-singleturn|p2a: Sinistcha|move: Rage Powder\n|move|p1b: Crabominable|Ice Punch|p2a: Sinistcha\n|-supereffective|p2a: Sinistcha|1\n|-damage|p2a: Sinistcha|0 fnt\n|faint|p2a: Sinistcha\n|\n|-weather|Snowscape|[upkeep]\n|-fieldend|move: Trick Room\n|upkeep\n|\n|t:|1776728773\n|switch|p1a: Araquanid|Araquanid, L50, F|100/100\n|turn|7\n|\n|t:|1776728782\n|move|p1b: Crabominable|Protect|p1b: Crabominable\n|-singleturn|p1b: Crabominable|Protect\n|move|p2b: Sneasler|Close Combat|p1b: Crabominable\n|-activate|p1b: Crabominable|move: Protect\n|move|p1a: Araquanid|Waterfall|p2b: Sneasler\n|-damage|p2b: Sneasler|26/100\n|\n|-weather|none\n|upkeep\n|turn|8\n|-message|Testingvgcstarmie forfeited.\n|\n|win|volpy?\n|raw|volpy?'s rating: 1087 &rarr; <strong>1109</strong><br />(+22 for winning)\n|raw|Testingvgcstarmie's rating: 1026 &rarr; <strong>1015</strong><br />(-11 for losing)\n|l|\u2606Testingvgcstarmie\n|player|p2|\n",
  "uploadtime": 1776728797,
  "views": 2,
  "formatid": "gen9championsvgc2026regma",
  "rating": 1015,
  "private": 0,
  "password": null
}