{
  "id": "gen9championsvgc2026regma-2580422416",
  "format": "[Gen 9 Champions] VGC 2026 Reg M-A",
  "players": [
    "samurotthisuian",
    "ItsZuno"
  ],
  "log": "|j|\u2606samurotthisuian\n|j|\u2606ItsZuno\n|t:|1775894131\n|gametype|doubles\n|player|p1|samurotthisuian|169|1026\n|player|p2|ItsZuno|blue|1000\n|gen|9\n|tier|[Gen 9 Champions] VGC 2026 Reg M-A\n|rated|\n|rule|Species Clause: Limit one of each Pok\u00e9mon\n|rule|Item Clause: Limit 1 of each item\n|clearpoke\n|poke|p1|Aegislash, L50, F|\n|poke|p1|Decidueye-Hisui, L50, F|\n|poke|p1|Farigiraf, L50, F|\n|poke|p1|Meganium, L50, F|\n|poke|p1|Dragapult, L50, F|\n|poke|p1|Talonflame, L50, M|\n|poke|p2|Lucario, L50, F|\n|poke|p2|Pelipper, L50, M|\n|poke|p2|Maushold-Four, L50|\n|poke|p2|Rotom-Wash, L50|\n|poke|p2|Raichu, L50, M|\n|poke|p2|Sneasler, L50, M|\n|teampreview|4\n|inactive|Battle timer is ON: inactive players will automatically lose when time's up. (requested by samurotthisuian)\n|inactive|samurotthisuian has 60 seconds left.\n|inactive|ItsZuno has 60 seconds left.\n|\n|t:|1775894180\n|teamsize|p1|4\n|teamsize|p2|4\n|start\n|switch|p1a: Meganium|Meganium, L50, F, shiny|100/100\n|switch|p1b: Talonflame|Talonflame, L50, M|100/100\n|switch|p2a: Lucario|Lucario, L50, F|100/100\n|switch|p2b: Raichu|Raichu, L50, M|100/100\n|turn|1\n|inactive|samurotthisuian has 30 seconds left.\n|\n|t:|1775894209\n|detailschange|p2a: Lucario|Lucario-Mega, L50, F\n|-mega|p2a: Lucario|Lucario|Lucarionite\n|move|p1a: Meganium|Protect|p1a: Meganium\n|-singleturn|p1a: Meganium|Protect\n|move|p2b: Raichu|Fake Out|p1b: Talonflame\n|-damage|p1b: Talonflame|89/100\n|move|p2a: Lucario|Bullet Punch|p1a: Meganium\n|-activate|p1a: Meganium|move: Protect\n|cant|p1b: Talonflame|flinch\n|\n|upkeep\n|turn|2\n|\n|t:|1775894226\n|move|p2a: Lucario|Protect|p2a: Lucario\n|-singleturn|p2a: Lucario|Protect\n|move|p1b: Talonflame|Heat Wave|p2b: Raichu|[spread] p2b\n|-activate|p2a: Lucario|move: Protect\n|-damage|p2b: Raichu|78/100\n|move|p2b: Raichu|Nuzzle|p1a: Meganium\n|-resisted|p1a: Meganium|1\n|-damage|p1a: Meganium|97/100\n|-status|p1a: Meganium|par\n|move|p1a: Meganium|Dazzling Gleam|p2a: Lucario|[spread] p2b\n|-activate|p2a: Lucario|move: Protect\n|-damage|p2b: Raichu|56/100\n|\n|upkeep\n|turn|3\n|\n|t:|1775894244\n|switch|p2a: Pelipper|Pelipper, L50, M|100/100\n|-weather|RainDance|[from] ability: Drizzle|[of] p2a: Pelipper\n|move|p1b: Talonflame|Tailwind|p1b: Talonflame\n|-sidestart|p1: samurotthisuian|move: Tailwind\n|move|p2b: Raichu|Volt Switch|p1b: Talonflame\n|-supereffective|p1b: Talonflame|1\n|-damage|p1b: Talonflame|10/100\n|\n|t:|1775894257\n|switch|p2b: Sneasler|Sneasler, L50, M|100/100|[from] Volt Switch\n|move|p1a: Meganium|Dazzling Gleam|p2b: Sneasler|[spread] p2a,p2b\n|-damage|p2a: Pelipper|77/100\n|-damage|p2b: Sneasler|79/100\n|\n|-weather|RainDance|[upkeep]\n|upkeep\n|turn|4\n|\n|t:|1775894278\n|detailschange|p1a: Meganium|Meganium-Mega, L50, F, shiny\n|-mega|p1a: Meganium|Meganium|Meganiumite\n|move|p2b: Sneasler|Protect|p2b: Sneasler\n|-singleturn|p2b: Sneasler|Protect\n|move|p1b: Talonflame|Dual Wingbeat|p2b: Sneasler\n|-activate|p2b: Sneasler|move: Protect\n|move|p2a: Pelipper|Hurricane|p1b: Talonflame\n|-damage|p1b: Talonflame|0 fnt\n|faint|p1b: Talonflame\n|move|p1a: Meganium|Dazzling Gleam|p2a: Pelipper|[spread] p2a\n|-activate|p2b: Sneasler|move: Protect\n|-damage|p2a: Pelipper|21/100\n|\n|-weather|RainDance|[upkeep]\n|upkeep\n|\n|t:|1775894285\n|switch|p1b: Dragapult|Dragapult, L50, F, shiny|100/100\n|turn|5\n|\n|t:|1775894308\n|move|p1b: Dragapult|Shadow Ball|p2b: Sneasler\n|-damage|p2b: Sneasler|33/100\n|move|p2b: Sneasler|Gunk Shot|p1a: Meganium\n|-supereffective|p1a: Meganium|2\n|-damage|p1a: Meganium|0 fnt\n|faint|p1a: Meganium\n|move|p2a: Pelipper|Icy Wind|p1b: Dragapult\n|-supereffective|p1b: Dragapult|1\n|-damage|p1b: Dragapult|62/100\n|-unboost|p1b: Dragapult|spe|1\n|\n|-weather|RainDance|[upkeep]\n|upkeep\n|\n|t:|1775894315\n|switch|p1a: Decidueye|Decidueye-Hisui, L50, F, shiny|100/100\n|turn|6\n|\n|t:|1775894338\n|move|p2b: Sneasler|Protect|p2b: Sneasler\n|-singleturn|p2b: Sneasler|Protect\n|move|p2a: Pelipper|Protect|p2a: Pelipper\n|-singleturn|p2a: Pelipper|Protect\n|move|p1b: Dragapult|Shadow Ball|p2b: Sneasler\n|-activate|p2b: Sneasler|move: Protect\n|move|p1a: Decidueye|Leaf Blade|p2a: Pelipper\n|-activate|p2a: Pelipper|move: Protect\n|\n|-weather|RainDance|[upkeep]\n|-sideend|p1: samurotthisuian|move: Tailwind\n|upkeep\n|turn|7\n|\n|t:|1775894355\n|move|p2b: Sneasler|U-turn|p1b: Dragapult\n|-resisted|p1b: Dragapult|1\n|-damage|p1b: Dragapult|45/100\n|-status|p1b: Dragapult|psn|[from] ability: Poison Touch|[of] p2b: Sneasler\n|\n|t:|1775894360\n|switch|p2b: Raichu|Raichu, L50, M|56/100|[from] U-turn\n|move|p1b: Dragapult|Dragon Darts|p2a: Pelipper\n|-damage|p2a: Pelipper|0 fnt\n|-anim|p1b: Dragapult|Dragon Darts|p2b: Raichu\n|-damage|p2b: Raichu|12/100\n|faint|p2a: Pelipper\n|move|p1a: Decidueye|Shadow Claw|p2b: Raichu\n|-damage|p2b: Raichu|0 fnt\n|faint|p2b: Raichu\n|\n|-weather|none\n|-damage|p1b: Dragapult|32/100 psn|[from] psn\n|upkeep\n|\n|t:|1775894370\n|switch|p2b: Sneasler|Sneasler, L50, M|33/100\n|switch|p2a: Lucario|Lucario-Mega, L50, F|100/100\n|turn|8\n|\n|t:|1775894376\n|move|p1b: Dragapult|Protect|p1b: Dragapult\n|-singleturn|p1b: Dragapult|Protect\n|move|p1a: Decidueye|Protect|p1a: Decidueye\n|-singleturn|p1a: Decidueye|Protect\n|move|p2a: Lucario|Ice Punch|p1b: Dragapult\n|-activate|p1b: Dragapult|move: Protect\n|move|p2b: Sneasler|Gunk Shot|p1a: Decidueye\n|-activate|p1a: Decidueye|move: Protect\n|\n|-damage|p1b: Dragapult|20/100 psn|[from] psn\n|upkeep\n|turn|9\n|\n|t:|1775894383\n|move|p2b: Sneasler|Gunk Shot|p1a: Decidueye\n|-supereffective|p1a: Decidueye|1\n|-damage|p1a: Decidueye|0 fnt\n|faint|p1a: Decidueye\n|move|p2a: Lucario|Ice Punch|p1b: Dragapult\n|-supereffective|p1b: Dragapult|1\n|-damage|p1b: Dragapult|0 fnt\n|faint|p1b: Dragapult\n|\n|win|ItsZuno\n|raw|samurotthisuian's rating: 1026 &rarr; <strong>1011</strong><br />(-15 for losing)\n|raw|ItsZuno's rating: 1000 &rarr; <strong>1043</strong><br />(+43 for winning)\n|l|\u2606samurotthisuian\n|player|p1|\n",
  "uploadtime": 1775894414,
  "views": 27,
  "formatid": "gen9championsvgc2026regma",
  "rating": 1011,
  "private": 0,
  "password": null
}