{
  "id": "gen9championsvgc2026regma-2582704475",
  "format": "[Gen 9 Champions] VGC 2026 Reg M-A",
  "players": [
    "YuriLover07",
    "AmberFops"
  ],
  "log": "|j|\u2606YuriLover07\n|j|\u2606AmberFops\n|t:|1776108445\n|gametype|doubles\n|player|p1|YuriLover07|ghetsis-gen5bw|1050\n|player|p2|AmberFops|265|1000\n|gen|9\n|tier|[Gen 9 Champions] VGC 2026 Reg M-A\n|rated|\n|rule|Species Clause: Limit one of each Pok\u00e9mon\n|rule|Item Clause: Limit 1 of each item\n|clearpoke\n|poke|p1|Altaria, L50, F|\n|poke|p1|Incineroar, L50, F|\n|poke|p1|Basculegion, L50, M|\n|poke|p1|Pelipper, L50, F|\n|poke|p1|Archaludon, L50, F|\n|poke|p1|Arbok, L50, F|\n|poke|p2|Delphox, L50, F|\n|poke|p2|Meowstic, L50, M|\n|poke|p2|Talonflame, L50, M|\n|poke|p2|Garchomp, L50, F|\n|poke|p2|Gardevoir, L50, M|\n|poke|p2|Maushold-Four, L50|\n|teampreview|4\n|\n|t:|1776108465\n|teamsize|p1|4\n|teamsize|p2|4\n|start\n|switch|p1a: Altaria|Altaria, L50, F|100/100\n|switch|p1b: Arbok|Arbok, L50, F|100/100\n|switch|p2a: Garchomp|Garchomp, L50, F|100/100\n|switch|p2b: Talonflame|Talonflame, L50, M|100/100\n|-ability|p1b: Arbok|Intimidate|boost\n|-unboost|p2a: Garchomp|atk|1\n|-unboost|p2b: Talonflame|atk|1\n|-ability|p1a: Altaria|Cloud Nine\n|turn|1\n|\n|t:|1776108506\n|detailschange|p2a: Garchomp|Garchomp-Mega, L50, F\n|-mega|p2a: Garchomp|Garchomp|Garchompite\n|detailschange|p1a: Altaria|Altaria-Mega, L50, F\n|-mega|p1a: Altaria|Altaria|Altarianite\n|move|p2b: Talonflame|Tailwind|p2b: Talonflame\n|-sidestart|p2: AmberFops|move: Tailwind\n|move|p2a: Garchomp|Swords Dance|p2a: Garchomp\n|-boost|p2a: Garchomp|atk|2\n|move|p1b: Arbok|Poison Jab|p2b: Talonflame\n|-damage|p2b: Talonflame|57/100\n|move|p1a: Altaria|Hyper Voice|p2a: Garchomp|[spread] p2a,p2b\n|-supereffective|p2a: Garchomp|1\n|-resisted|p2b: Talonflame|1\n|-damage|p2a: Garchomp|17/100\n|-damage|p2b: Talonflame|31/100\n|\n|upkeep\n|turn|2\n|-activate|p2b: Talonflame|item: Quick Claw\n|\n|t:|1776108537\n|move|p2b: Talonflame|Will-O-Wisp|p1a: Altaria\n|-status|p1a: Altaria|brn\n|move|p2a: Garchomp|Earthquake|p1a: Altaria|[spread] p1a,p1b\n|-immune|p2b: Talonflame\n|-supereffective|p1b: Arbok|1\n|-damage|p1a: Altaria|40/100 brn\n|-damage|p1b: Arbok|0 fnt\n|faint|p1b: Arbok\n|move|p1a: Altaria|Hyper Voice|p2b: Talonflame|[spread] p2a,p2b\n|-supereffective|p2a: Garchomp|1\n|-resisted|p2b: Talonflame|1\n|-damage|p2a: Garchomp|0 fnt\n|-damage|p2b: Talonflame|7/100\n|faint|p2a: Garchomp\n|\n|-damage|p1a: Altaria|33/100 brn|[from] brn\n|upkeep\n|\n|t:|1776108553\n|switch|p2a: Gardevoir|Gardevoir, L50, M|100/100\n|switch|p1b: Pelipper|Pelipper, L50, F|100/100\n|-weather|RainDance|[from] ability: Drizzle|[of] p1b: Pelipper\n|turn|3\n|\n|t:|1776108577\n|switch|p1a: Archaludon|Archaludon, L50, F|100/100\n|move|p2b: Talonflame|Brave Bird|p1b: Pelipper\n|-damage|p1b: Pelipper|75/100\n|-damage|p2b: Talonflame|0 fnt|[from] Recoil\n|faint|p2b: Talonflame\n|move|p2a: Gardevoir|Moonblast|p1a: Archaludon\n|-damage|p1a: Archaludon|47/100\n|-ability|p1a: Archaludon|Stamina|boost\n|-boost|p1a: Archaludon|def|1\n|move|p1b: Pelipper|Tailwind|p1b: Pelipper\n|-sidestart|p1: YuriLover07|move: Tailwind\n|\n|-weather|RainDance|[upkeep]\n|-heal|p1a: Archaludon|53/100|[from] item: Leftovers\n|upkeep\n|\n|t:|1776108591\n|switch|p2b: Maushold|Maushold-Four, L50|100/100\n|turn|4\n|\n|t:|1776108606\n|move|p2b: Maushold|Follow Me|p2b: Maushold\n|-singleturn|p2b: Maushold|move: Follow Me\n|move|p1a: Archaludon|Electro Shot||[still]\n|-prepare|p1a: Archaludon|Electro Shot\n|-boost|p1a: Archaludon|spa|1\n|-anim|p1a: Archaludon|Electro Shot|p2b: Maushold\n|-damage|p2b: Maushold|24/100\n|move|p2a: Gardevoir|Calm Mind|p2a: Gardevoir\n|-boost|p2a: Gardevoir|spa|1\n|-boost|p2a: Gardevoir|spd|1\n|move|p1b: Pelipper|U-turn|p2b: Maushold\n|-damage|p2b: Maushold|11/100\n|\n|t:|1776108617\n|switch|p1b: Altaria|Altaria-Mega, L50, F|33/100 brn|[from] U-turn\n|\n|-weather|RainDance|[upkeep]\n|-heal|p2b: Maushold|17/100|[from] item: Leftovers\n|-heal|p1a: Archaludon|59/100|[from] item: Leftovers\n|-damage|p1b: Altaria|27/100 brn|[from] brn\n|-sideend|p2: AmberFops|move: Tailwind\n|upkeep\n|turn|5\n|\n|t:|1776108629\n|move|p2b: Maushold|Follow Me|p2b: Maushold\n|-singleturn|p2b: Maushold|move: Follow Me\n|move|p1b: Altaria|Hyper Beam|p2b: Maushold\n|-crit|p2b: Maushold\n|-damage|p2b: Maushold|0 fnt\n|-mustrecharge|p1b: Altaria\n|faint|p2b: Maushold\n|move|p1a: Archaludon|Electro Shot||[still]\n|-prepare|p1a: Archaludon|Electro Shot\n|-boost|p1a: Archaludon|spa|1\n|-anim|p1a: Archaludon|Electro Shot|p2a: Gardevoir\n|-damage|p2a: Gardevoir|56/100\n|move|p2a: Gardevoir|Moonblast|p1a: Archaludon\n|-damage|p1a: Archaludon|0 fnt\n|faint|p1a: Archaludon\n|\n|-weather|RainDance|[upkeep]\n|-damage|p1b: Altaria|21/100 brn|[from] brn\n|upkeep\n|\n|t:|1776108643\n|switch|p1a: Pelipper|Pelipper, L50, F|75/100\n|turn|6\n|\n|t:|1776108651\n|cant|p1b: Altaria|recharge\n|move|p1a: Pelipper|U-turn|p2a: Gardevoir\n|-damage|p2a: Gardevoir|40/100\n|move|p2a: Gardevoir|Psychic|p1b: Altaria\n|-damage|p1b: Altaria|0 fnt\n|faint|p1b: Altaria\n|\n|-weather|RainDance|[upkeep]\n|-sideend|p1: YuriLover07|move: Tailwind\n|upkeep\n|turn|7\n|\n|t:|1776108662\n|move|p2a: Gardevoir|Moonblast|p1a: Pelipper\n|-damage|p1a: Pelipper|0 fnt\n|faint|p1a: Pelipper\n|\n|win|AmberFops\n|raw|YuriLover07's rating: 1050 &rarr; <strong>1030</strong><br />(-20 for losing)\n|raw|AmberFops's rating: 1000 &rarr; <strong>1046</strong><br />(+46 for winning)\n|c|\u2606AmberFops|gg\n|l|\u2606YuriLover07\n|player|p1|\n",
  "uploadtime": 1776108684,
  "views": 20,
  "formatid": "gen9championsvgc2026regma",
  "rating": 1030,
  "private": 0,
  "password": null
}