{
  "id": "gen9championsvgc2026regma-2580765524",
  "format": "[Gen 9 Champions] VGC 2026 Reg M-A",
  "players": [
    "santaleco",
    "4ooty"
  ],
  "log": "|j|\u2606santaleco\n|j|\u26064ooty\n|t:|1775930685\n|gametype|doubles\n|player|p1|santaleco|2|1000\n|player|p2|4ooty|nobunaga-conquest|1046\n|gen|9\n|tier|[Gen 9 Champions] VGC 2026 Reg M-A\n|rated|\n|rule|Species Clause: Limit one of each Pok\u00e9mon\n|rule|Item Clause: Limit 1 of each item\n|clearpoke\n|poke|p1|Tyranitar, L50, F|\n|poke|p1|Excadrill, L50, M|\n|poke|p1|Gyarados, L50, F|\n|poke|p1|Sinistcha, L50|\n|poke|p1|Corviknight, L50, F|\n|poke|p1|Sneasler, L50, M|\n|poke|p2|Goodra-Hisui, L50, F|\n|poke|p2|Floette-Eternal, L50, F|\n|poke|p2|Sinistcha-Masterpiece, L50|\n|poke|p2|Ninetales-Alola, L50, F|\n|poke|p2|Aerodactyl, L50, M|\n|poke|p2|Lopunny, L50, F|\n|teampreview|4\n|inactive|Battle timer is ON: inactive players will automatically lose when time's up. (requested by santaleco)\nsantaleco has agreed to open team sheets.\n|\n|t:|1775930773\n|teamsize|p1|4\n|teamsize|p2|4\n|start\n|switch|p1a: Tyranitar|Tyranitar, L50, F|100/100\n|switch|p1b: Corviknight|Corviknight, L50, F|100/100\n|switch|p2a: Aerodactyl|Aerodactyl, L50, M|100/100\n|switch|p2b: Goodra|Goodra-Hisui, L50, F, shiny|100/100\n|-ability|p2a: Aerodactyl|Unnerve\n|-weather|Sandstorm|[from] ability: Sand Stream|[of] p1a: Tyranitar\n|turn|1\n|\n|t:|1775930793\n|move|p2a: Aerodactyl|Tailwind|p2a: Aerodactyl\n|-sidestart|p2: 4ooty|move: Tailwind\n|move|p2b: Goodra|Body Press|p1a: Tyranitar\n|-supereffective|p1a: Tyranitar|2\n|-crit|p1a: Tyranitar\n|-damage|p1a: Tyranitar|0 fnt\n|faint|p1a: Tyranitar\n|move|p1b: Corviknight|Bulk Up|p1b: Corviknight\n|-boost|p1b: Corviknight|atk|1\n|-boost|p1b: Corviknight|def|1\n|\n|-weather|Sandstorm|[upkeep]\n|upkeep\n|\n|t:|1775930798\n|switch|p1a: Sneasler|Sneasler, L50, M|100/100\n|turn|2\n|\n|t:|1775930807\n|move|p1a: Sneasler|Fake Out|p2a: Aerodactyl\n|-resisted|p2a: Aerodactyl|1\n|-damage|p2a: Aerodactyl|90/100\n|cant|p2a: Aerodactyl|flinch\n|move|p2b: Goodra|Shelter|p2b: Goodra\n|-boost|p2b: Goodra|def|2\n|move|p1b: Corviknight|Body Press|p2b: Goodra\n|-supereffective|p2b: Goodra|1\n|-damage|p2b: Goodra|78/100\n|\n|-weather|Sandstorm|[upkeep]\n|-damage|p1a: Sneasler|95/100|[from] Sandstorm\n|-heal|p2b: Goodra|84/100|[from] item: Leftovers\n|upkeep\n|turn|3\n|\n|t:|1775930830\n|move|p2a: Aerodactyl|Dual Wingbeat|p1a: Sneasler\n|-supereffective|p1a: Sneasler|1\n|-damage|p1a: Sneasler|31/100\n|-supereffective|p1a: Sneasler|1\n|-damage|p1a: Sneasler|0 fnt\n|faint|p1a: Sneasler\n|-hitcount|p1: Sneasler|2\n|move|p2b: Goodra|Shelter|p2b: Goodra\n|-boost|p2b: Goodra|def|2\n|move|p1b: Corviknight|Body Press|p2b: Goodra\n|-supereffective|p2b: Goodra|1\n|-damage|p2b: Goodra|68/100\n|\n|-weather|Sandstorm|[upkeep]\n|-heal|p2b: Goodra|74/100|[from] item: Leftovers\n|upkeep\n|\n|t:|1775930837\n|switch|p1a: Sinistcha|Sinistcha, L50|100/100\n|turn|4\n|\n|t:|1775930860\n|move|p2a: Aerodactyl|Dual Wingbeat|p1a: Sinistcha\n|-supereffective|p1a: Sinistcha|1\n|-damage|p1a: Sinistcha|69/100\n|-supereffective|p1a: Sinistcha|1\n|-damage|p1a: Sinistcha|38/100\n|-hitcount|p1a: Sinistcha|2\n|move|p2b: Goodra|Heavy Slam|p1a: Sinistcha\n|-damage|p1a: Sinistcha|0 fnt\n|faint|p1a: Sinistcha\n|move|p1b: Corviknight|Body Press|p2a: Aerodactyl\n|-damage|p2a: Aerodactyl|41/100\n|\n|-weather|Sandstorm|[upkeep]\n|-heal|p2b: Goodra|81/100|[from] item: Leftovers\n|-sideend|p2: 4ooty|move: Tailwind\n|upkeep\n|turn|5\n|\n|t:|1775930874\n|move|p2a: Aerodactyl|Rock Slide|p1b: Corviknight\n|-damage|p1b: Corviknight|82/100\n|cant|p1b: Corviknight|flinch\n|move|p2b: Goodra|Body Press|p1b: Corviknight\n|-damage|p1b: Corviknight|39/100\n|\n|-weather|none\n|-heal|p1b: Corviknight|45/100|[from] item: Leftovers\n|-heal|p2b: Goodra|87/100|[from] item: Leftovers\n|upkeep\n|turn|6\n|c|\u2606santaleco|gg\n|\n|t:|1775930892\n|move|p2a: Aerodactyl|Tailwind|p2a: Aerodactyl\n|-sidestart|p2: 4ooty|move: Tailwind\n|move|p2b: Goodra|Body Press|p1b: Corviknight\n|-damage|p1b: Corviknight|1/100\n|move|p1b: Corviknight|Body Press|p2a: Aerodactyl\n|-damage|p2a: Aerodactyl|0 fnt\n|faint|p2a: Aerodactyl\n|\n|-heal|p2b: Goodra|93/100|[from] item: Leftovers\n|-heal|p1b: Corviknight|7/100|[from] item: Leftovers\n|upkeep\n|c|\u26064ooty|Gg\n|\n|t:|1775930901\n|switch|p2a: Sinistcha|Sinistcha-Masterpiece, L50, shiny|100/100\n|-heal|p2b: Goodra|100/100|[from] ability: Hospitality|[of] p2a: Sinistcha\n|turn|7\n|\n|t:|1775930908\n|move|p2a: Sinistcha|Shadow Ball|p1b: Corviknight\n|-damage|p1b: Corviknight|0 fnt\n|faint|p1b: Corviknight\n|\n|win|4ooty\n|raw|santaleco's rating: 1000 &rarr; <strong>1000</strong><br />(+0 for losing)\n|raw|4ooty's rating: 1046 &rarr; <strong>1075</strong><br />(+29 for winning)\n|l|\u2606santaleco\n|player|p1|\n",
  "uploadtime": 1775930920,
  "views": 13,
  "formatid": "gen9championsvgc2026regma",
  "rating": 1000,
  "private": 0,
  "password": null
}