{
  "id": "gen9championsvgc2026regma-2582420982",
  "format": "[Gen 9 Champions] VGC 2026 Reg M-A",
  "players": [
    "BionicFox",
    "Niko highway"
  ],
  "log": "|j|\u2606BionicFox\n|j|\u2606Niko highway\n|t:|1776090571\n|gametype|doubles\n|player|p1|BionicFox|cheryl|1318\n|player|p2|Niko highway|169|1424\n|gen|9\n|tier|[Gen 9 Champions] VGC 2026 Reg M-A\n|rated|\n|rule|Species Clause: Limit one of each Pok\u00e9mon\n|rule|Item Clause: Limit 1 of each item\n|clearpoke\n|poke|p1|Kingambit, L50, M|\n|poke|p1|Gengar, L50, M|\n|poke|p1|Vivillon, L50, F|\n|poke|p1|Politoed, L50, M|\n|poke|p1|Incineroar, L50, F|\n|poke|p1|Basculegion, L50, M|\n|poke|p2|Incineroar, L50, F|\n|poke|p2|Conkeldurr, L50, F|\n|poke|p2|Sinistcha, L50|\n|poke|p2|Cofagrigus, L50, M|\n|poke|p2|Drampa, L50, F|\n|poke|p2|Aggron, L50, M|\n|teampreview|4\n|j| Drawsstuff\n|\n|t:|1776090603\n|teamsize|p1|4\n|teamsize|p2|4\n|start\n|switch|p1a: Kingambit|Kingambit, L50, M|100/100\n|switch|p1b: Gengar|Gengar, L50, M|100/100\n|switch|p2a: Conkeldurr|Conkeldurr, L50, F|100/100\n|switch|p2b: Cofagrigus|Cofagrigus, L50, M|100/100\n|turn|1\n|l| Drawsstuff\n|\n|t:|1776090642\n|switch|p1a: Incineroar|Incineroar, L50, F|100/100\n|-ability|p1a: Incineroar|Intimidate|boost\n|-unboost|p2a: Conkeldurr|atk|1\n|-unboost|p2b: Cofagrigus|atk|1\n|switch|p2b: Incineroar|Incineroar, L50, F|100/100\n|-ability|p2b: Incineroar|Intimidate|boost\n|-unboost|p1a: Incineroar|atk|1\n|-unboost|p1b: Gengar|atk|1\n|detailschange|p1b: Gengar|Gengar-Mega, L50, M\n|-mega|p1b: Gengar|Gengar|Gengarite\n|move|p1b: Gengar|Perish Song|p1b: Gengar\n|-start|p1a: Incineroar|perish3|[silent]\n|-start|p1b: Gengar|perish3|[silent]\n|-start|p2a: Conkeldurr|perish3|[silent]\n|-start|p2b: Incineroar|perish3|[silent]\n|-fieldactivate|move: Perish Song\n|move|p2a: Conkeldurr|Drain Punch|p1a: Incineroar\n|-supereffective|p1a: Incineroar|1\n|-damage|p1a: Incineroar|32/100\n|-enditem|p1a: Incineroar|Sitrus Berry|[eat]\n|-heal|p1a: Incineroar|57/100|[from] item: Sitrus Berry\n|\n|-start|p1b: Gengar|perish3\n|-start|p1a: Incineroar|perish3\n|-start|p2b: Incineroar|perish3\n|-start|p2a: Conkeldurr|perish3\n|upkeep\n|turn|2\n|\n|t:|1776090703\n|move|p1b: Gengar|Disable|p2a: Conkeldurr\n|-start|p2a: Conkeldurr|Disable|Drain Punch\n|move|p1a: Incineroar|Parting Shot|p2b: Incineroar\n|-unboost|p2b: Incineroar|atk|1\n|-unboost|p2b: Incineroar|spa|1\n|\n|t:|1776090709\n|switch|p1a: Kingambit|Kingambit, L50, M|100/100|[from] Parting Shot\n|move|p2b: Incineroar|Throat Chop|p1a: Kingambit\n|-resisted|p1a: Kingambit|1\n|-damage|p1a: Kingambit|90/100\n|-start|p1a: Kingambit|Throat Chop|[silent]\n|cant|p2a: Conkeldurr|Disable|Drain Punch\n|\n|-start|p1b: Gengar|perish2\n|-start|p2b: Incineroar|perish2\n|-start|p2a: Conkeldurr|perish2\n|upkeep\n|turn|3\n|\n|t:|1776090743\n|switch|p1a: Incineroar|Incineroar, L50, F|57/100\n|-ability|p1a: Incineroar|Intimidate|boost\n|-unboost|p2a: Conkeldurr|atk|1\n|-unboost|p2b: Incineroar|atk|1\n|move|p1b: Gengar|Protect|p1b: Gengar\n|-singleturn|p1b: Gengar|Protect\n|move|p2a: Conkeldurr|Mach Punch|p1a: Incineroar\n|-supereffective|p1a: Incineroar|1\n|-damage|p1a: Incineroar|32/100\n|move|p2b: Incineroar|Flare Blitz|p1a: Incineroar\n|-resisted|p1a: Incineroar|1\n|-crit|p1a: Incineroar\n|-damage|p1a: Incineroar|0 fnt\n|faint|p1a: Incineroar\n|-damage|p2b: Incineroar|90/100|[from] Recoil\n|\n|-start|p1b: Gengar|perish1\n|-start|p2b: Incineroar|perish1\n|-start|p2a: Conkeldurr|perish1\n|upkeep\n|\n|t:|1776090755\n|switch|p1a: Politoed|Politoed, L50, M|100/100\n|-weather|RainDance|[from] ability: Drizzle|[of] p1a: Politoed\n|turn|4\n|\n|t:|1776090767\n|switch|p1b: Kingambit|Kingambit, L50, M|90/100\n|move|p1a: Politoed|Protect|p1a: Politoed\n|-singleturn|p1a: Politoed|Protect\n|move|p2b: Incineroar|Parting Shot|p1b: Kingambit\n|-unboost|p1b: Kingambit|atk|1\n|-ability|p1b: Kingambit|Defiant|boost\n|-boost|p1b: Kingambit|atk|2\n|-unboost|p1b: Kingambit|spa|1\n|-ability|p1b: Kingambit|Defiant|boost\n|-boost|p1b: Kingambit|atk|2\n|\n|t:|1776090783\n|switch|p2b: Cofagrigus|Cofagrigus, L50, M|100/100|[from] Parting Shot\n|move|p2a: Conkeldurr|Knock Off|p1a: Politoed\n|-activate|p1a: Politoed|move: Protect\n|\n|-weather|RainDance|[upkeep]\n|-start|p2a: Conkeldurr|perish0\n|faint|p2a: Conkeldurr\n|upkeep\n|\n|t:|1776090786\n|switch|p2a: Incineroar|Incineroar, L50, F|90/100\n|-ability|p2a: Incineroar|Intimidate|boost\n|-unboost|p1a: Politoed|atk|1\n|-unboost|p1b: Kingambit|atk|1\n|-ability|p1b: Kingambit|Defiant|boost\n|-boost|p1b: Kingambit|atk|2\n|turn|5\n|\n|t:|1776090802\n|move|p2a: Incineroar|Fake Out|p1b: Kingambit\n|-resisted|p1b: Kingambit|1\n|-crit|p1b: Kingambit\n|-damage|p1b: Kingambit|82/100\n|move|p1a: Politoed|Weather Ball|p2a: Incineroar\n|-supereffective|p2a: Incineroar|1\n|-damage|p2a: Incineroar|0 fnt\n|faint|p2a: Incineroar\n|cant|p1b: Kingambit|flinch\n|move|p2b: Cofagrigus|Trick Room|p2b: Cofagrigus\n|-fieldstart|move: Trick Room|[of] p2b: Cofagrigus\n|\n|-weather|RainDance|[upkeep]\n|upkeep\n|\n|t:|1776090809\n|switch|p2a: Sinistcha|Sinistcha, L50|100/100\n|turn|6\n|inactive|Battle timer is ON: inactive players will automatically lose when time's up. (requested by Niko highway)\n|\n|t:|1776090826\n|move|p2a: Sinistcha|Rage Powder|p2a: Sinistcha\n|-singleturn|p2a: Sinistcha|move: Rage Powder\n|move|p2b: Cofagrigus|Body Press|p1b: Kingambit\n|-supereffective|p1b: Kingambit|2\n|-damage|p1b: Kingambit|0 fnt\n|faint|p1b: Kingambit\n|move|p1a: Politoed|Encore|p2a: Sinistcha\n|-start|p2a: Sinistcha|Encore\n|\n|-weather|RainDance|[upkeep]\n|upkeep\n|\n|t:|1776090831\n|switch|p1b: Gengar|Gengar-Mega, L50, M|100/100\n|turn|7\n|\n|t:|1776090847\n|move|p2a: Sinistcha|Rage Powder|p2a: Sinistcha\n|-singleturn|p2a: Sinistcha|move: Rage Powder\n|move|p2b: Cofagrigus|Shadow Ball|p1b: Gengar\n|-supereffective|p1b: Gengar|1\n|-damage|p1b: Gengar|34/100\n|-unboost|p1b: Gengar|spd|1\n|move|p1a: Politoed|Weather Ball|p2a: Sinistcha\n|-resisted|p2a: Sinistcha|1\n|-damage|p2a: Sinistcha|72/100\n|move|p1b: Gengar|Shadow Ball|p2a: Sinistcha\n|-supereffective|p2a: Sinistcha|1\n|-damage|p2a: Sinistcha|0 fnt\n|faint|p2a: Sinistcha\n|\n|-weather|RainDance|[upkeep]\n|upkeep\n|turn|8\n|\n|t:|1776090867\n|move|p1b: Gengar|Protect|p1b: Gengar\n|-singleturn|p1b: Gengar|Protect\n|move|p2b: Cofagrigus|Shadow Ball|p1b: Gengar\n|-activate|p1b: Gengar|move: Protect\n|move|p1a: Politoed|Weather Ball|p2b: Cofagrigus\n|-damage|p2b: Cofagrigus|52/100\n|\n|-weather|none\n|-heal|p2b: Cofagrigus|58/100|[from] item: Leftovers\n|upkeep\n|turn|9\n|\n|t:|1776090887\n|move|p1b: Gengar|Protect||[still]\n|-fail|p1b: Gengar\n|move|p2b: Cofagrigus|Shadow Ball|p1b: Gengar\n|-supereffective|p1b: Gengar|1\n|-damage|p1b: Gengar|0 fnt\n|faint|p1b: Gengar\n|move|p1a: Politoed|Encore|p2b: Cofagrigus\n|-start|p2b: Cofagrigus|Encore\n|\n|-heal|p2b: Cofagrigus|64/100|[from] item: Leftovers\n|-fieldend|move: Trick Room\n|upkeep\n|turn|10\n|c|\u2606Niko highway|double protect time~\n|\n|t:|1776090903\n|move|p1a: Politoed|Protect|p1a: Politoed\n|-singleturn|p1a: Politoed|Protect\n|move|p2b: Cofagrigus|Shadow Ball|p1a: Politoed\n|-activate|p1a: Politoed|move: Protect\n|\n|-heal|p2b: Cofagrigus|70/100|[from] item: Leftovers\n|upkeep\n|turn|11\n|c|\u2606Niko highway|can you hit me\uff1f\n|\n|t:|1776090914\n|move|p1a: Politoed|Perish Song|p1a: Politoed\n|-start|p1a: Politoed|perish3|[silent]\n|-start|p2b: Cofagrigus|perish3|[silent]\n|-fieldactivate|move: Perish Song\n|move|p2b: Cofagrigus|Shadow Ball|p1a: Politoed\n|-damage|p1a: Politoed|82/100\n|-unboost|p1a: Politoed|spd|1\n|\n|-heal|p1a: Politoed|88/100|[from] item: Leftovers\n|-heal|p2b: Cofagrigus|77/100|[from] item: Leftovers\n|-start|p1a: Politoed|perish3\n|-start|p2b: Cofagrigus|perish3\n|upkeep\n|turn|12\n|c|\u2606BionicFox|how do you feel about clicking trick room?\n|c|\u2606BionicFox|:)\n|c|\u2606Niko highway|why\n|c|\u2606BionicFox|no reason\n|inactive|Niko highway has 30 seconds left.\n|c|\u2606Niko highway|and I'm encore\n|\n|t:|1776090944\n|move|p1a: Politoed|Protect|p1a: Politoed\n|-singleturn|p1a: Politoed|Protect\n|move|p2b: Cofagrigus|Shadow Ball|p1a: Politoed\n|-activate|p1a: Politoed|move: Protect\n|\n|-heal|p1a: Politoed|94/100|[from] item: Leftovers\n|-heal|p2b: Cofagrigus|83/100|[from] item: Leftovers\n|-end|p2b: Cofagrigus|Encore\n|-start|p1a: Politoed|perish2\n|-start|p2b: Cofagrigus|perish2\n|upkeep\n|turn|13\n|c|\u2606BionicFox|(i cant hit you)\n|\n|t:|1776090950\n|move|p1a: Politoed|Weather Ball|p2b: Cofagrigus\n|-immune|p2b: Cofagrigus\n|move|p2b: Cofagrigus|Shadow Ball|p1a: Politoed\n|-damage|p1a: Politoed|67/100\n|\n|-heal|p1a: Politoed|73/100|[from] item: Leftovers\n|-heal|p2b: Cofagrigus|89/100|[from] item: Leftovers\n|-start|p1a: Politoed|perish1\n|-start|p2b: Cofagrigus|perish1\n|upkeep\n|turn|14\n|c|\u2606Niko highway|I mean you played well\n|c|\u2606BionicFox|you as well\n|c|\u2606BionicFox|ggs\n|c|\u2606Niko highway|gg\n|\n|t:|1776090972\n|move|p1a: Politoed|Weather Ball|p2b: Cofagrigus\n|-immune|p2b: Cofagrigus\n|move|p2b: Cofagrigus|Shadow Ball|p1a: Politoed\n|-damage|p1a: Politoed|41/100\n|-unboost|p1a: Politoed|spd|1\n|\n|-heal|p1a: Politoed|47/100|[from] item: Leftovers\n|-heal|p2b: Cofagrigus|95/100|[from] item: Leftovers\n|-start|p1a: Politoed|perish0\n|-start|p2b: Cofagrigus|perish0\n|upkeep\n|faint|p1a: Politoed\n|faint|p2b: Cofagrigus\n|\n|win|Niko highway\n|raw|BionicFox's rating: 1318 &rarr; <strong>1304</strong><br />(-14 for losing)\n|raw|Niko highway's rating: 1424 &rarr; <strong>1438</strong><br />(+14 for winning)\n",
  "uploadtime": 1776090978,
  "views": 59,
  "formatid": "gen9championsvgc2026regma",
  "rating": 1304,
  "private": 0,
  "password": null
}