{
  "id": "gen9championsvgc2026regma-2588880723",
  "format": "[Gen 9 Champions] VGC 2026 Reg M-A",
  "players": [
    "YaGuyAlex",
    "faric"
  ],
  "log": "|j|\u2606YaGuyAlex\n|j|\u203dfaric\n|t:|1776681857\n|gametype|doubles\n|player|p1|YaGuyAlex|102|1303\n|player|p2|faric|102|1353\n|gen|9\n|tier|[Gen 9 Champions] VGC 2026 Reg M-A\n|rated|\n|rule|Species Clause: Limit one of each Pok\u00e9mon\n|rule|Item Clause: Limit 1 of each item\n|clearpoke\n|poke|p1|Basculegion, L50, M|\n|poke|p1|Charizard, L50, F|\n|poke|p1|Floette-Eternal, L50, F|\n|poke|p1|Kingambit, L50, F|\n|poke|p1|Sneasler, L50, M|\n|poke|p1|Sableye, L50, M|\n|poke|p2|Charizard, L50, F|\n|poke|p2|Garchomp, L50, M|\n|poke|p2|Rotom-Wash, L50|\n|poke|p2|Incineroar, L50, M|\n|poke|p2|Sneasler, L50, M|\n|poke|p2|Whimsicott, L50, F|\n|teampreview|4\n|inactive|Battle timer is ON: inactive players will automatically lose when time's up. (requested by faric)\n|n|\u2606faric|faric\n|inactive|faric has 60 seconds left.\n|\n|t:|1776681903\n|teamsize|p1|4\n|teamsize|p2|4\n|start\n|switch|p1a: Sneasler|Sneasler, L50, M|100/100\n|switch|p1b: Kingambit|Kingambit, L50, F|100/100\n|switch|p2a: Sneasler|Sneasler, L50, M|100/100\n|switch|p2b: Rotom|Rotom-Wash, L50|100/100\n|turn|1\n|inactive|YaGuyAlex has 30 seconds left.\n|inactive|YaGuyAlex has 20 seconds left.\n|inactive|YaGuyAlex has 15 seconds left.\n|inactive|faric has 30 seconds left.\n|inactive|YaGuyAlex has 10 seconds left.\n|inactive|faric has 20 seconds left.\n|inactive|faric has 15 seconds left.\n|inactive|faric has 10 seconds left.\n|inactive|faric has 5 seconds left.\n|\n|t:|1776681975\n|move|p1b: Kingambit|Protect|p1b: Kingambit\n|-singleturn|p1b: Kingambit|Protect\n|move|p1a: Sneasler|Fake Out|p2b: Rotom\n|-damage|p2b: Rotom|85/100\n|move|p2a: Sneasler|Fake Out|p1a: Sneasler\n|-damage|p1a: Sneasler|78/100\n|cant|p2b: Rotom|flinch\n|\n|-heal|p2b: Rotom|91/100|[from] item: Leftovers\n|upkeep\n|turn|2\n|\n|t:|1776681991\n|switch|p1b: Basculegion|Basculegion, L50, M|100/100\n|move|p1a: Sneasler|Dire Claw|p2b: Rotom\n|-damage|p2b: Rotom|41/100\n|move|p2a: Sneasler|Close Combat|p1b: Basculegion\n|-immune|p1b: Basculegion\n|move|p2b: Rotom|Volt Switch|p1a: Sneasler\n|-damage|p1a: Sneasler|27/100\n|\n|t:|1776682003\n|switch|p2b: Incineroar|Incineroar, L50, M|100/100|[from] Volt Switch\n|-ability|p2b: Incineroar|Intimidate|boost\n|-unboost|p1a: Sneasler|atk|1\n|-unboost|p1b: Basculegion|atk|1\n|-enditem|p1a: Sneasler|White Herb\n|-clearnegativeboost|p1a: Sneasler|[silent]\n|\n|upkeep\n|turn|3\n|inactive|faric has 30 seconds left.\n|\n|t:|1776682029\n|switch|p2b: Rotom|Rotom-Wash, L50|41/100\n|move|p1a: Sneasler|Protect|p1a: Sneasler\n|-singleturn|p1a: Sneasler|Protect\n|move|p1b: Basculegion|Zen Headbutt|p2a: Sneasler\n|-supereffective|p2a: Sneasler|2\n|-damage|p2a: Sneasler|0 fnt\n|faint|p2a: Sneasler\n|\n|-heal|p2b: Rotom|47/100|[from] item: Leftovers\n|upkeep\n|\n|t:|1776682038\n|switch|p2a: Incineroar|Incineroar, L50, M|100/100\n|-ability|p2a: Incineroar|Intimidate|boost\n|-unboost|p1a: Sneasler|atk|1\n|-unboost|p1b: Basculegion|atk|1\n|turn|4\n|\n|t:|1776682050\n|switch|p1b: Kingambit|Kingambit, L50, F|100/100\n|move|p1a: Sneasler|Close Combat|p2b: Rotom\n|-damage|p2b: Rotom|0 fnt\n|-unboost|p1a: Sneasler|def|1\n|-unboost|p1a: Sneasler|spd|1\n|faint|p2b: Rotom\n|move|p2a: Incineroar|Flare Blitz|p1a: Sneasler\n|-damage|p1a: Sneasler|0 fnt\n|faint|p1a: Sneasler\n|-damage|p2a: Incineroar|94/100|[from] Recoil\n|\n|upkeep\n|\n|t:|1776682061\n|switch|p1a: Basculegion|Basculegion, L50, M|100/100\n|switch|p2b: Charizard|Charizard, L50, F|100/100\n|turn|5\n|\n|t:|1776682078\n|detailschange|p2b: Charizard|Charizard-Mega-Y, L50, F\n|-mega|p2b: Charizard|Charizard|Charizardite Y\n|-weather|SunnyDay|[from] ability: Drought|[of] p2b: Charizard\n|move|p1b: Kingambit|Sucker Punch|p2b: Charizard\n|-damage|p2b: Charizard|44/100\n|move|p1a: Basculegion|Wave Crash|p2b: Charizard\n|-supereffective|p2b: Charizard|1\n|-damage|p2b: Charizard|0 fnt\n|faint|p2b: Charizard\n|-damage|p1a: Basculegion|89/100|[from] Recoil\n|move|p2a: Incineroar|Flare Blitz|p1b: Kingambit\n|-supereffective|p1b: Kingambit|1\n|-damage|p1b: Kingambit|0 fnt\n|faint|p1b: Kingambit\n|-damage|p2a: Incineroar|65/100|[from] Recoil\n|\n|-weather|SunnyDay|[upkeep]\n|upkeep\n|\n|t:|1776682092\n|switch|p1b: Floette|Floette-Eternal, L50, F|100/100\n|turn|6\n|-message|faric forfeited.\n|\n|win|YaGuyAlex\n|raw|YaGuyAlex's rating: 1303 &rarr; <strong>1326</strong><br />(+23 for winning)\n|raw|faric's rating: 1353 &rarr; <strong>1330</strong><br />(-23 for losing)\n",
  "uploadtime": 1776682106,
  "views": 10,
  "formatid": "gen9championsvgc2026regma",
  "rating": 1326,
  "private": 0,
  "password": null
}