{
  "id": "gen9championsvgc2026regma-2586213989",
  "format": "[Gen 9 Champions] VGC 2026 Reg M-A",
  "players": [
    "nonight",
    "fimmm"
  ],
  "log": "|j|\u2606nonight\n|j|\u2606fimmm\n|t:|1776413223\n|gametype|doubles\n|player|p1|nonight|roxie|1252\n|player|p2|fimmm|whitney|1257\n|gen|9\n|tier|[Gen 9 Champions] VGC 2026 Reg M-A\n|rated|\n|rule|Species Clause: Limit one of each Pok\u00e9mon\n|rule|Item Clause: Limit 1 of each item\n|clearpoke\n|poke|p1|Scovillain, L50, F|\n|poke|p1|Incineroar, L50, M|\n|poke|p1|Milotic, L50, M|\n|poke|p1|Floette-Eternal, L50, F|\n|poke|p1|Sinistcha-Masterpiece, L50|\n|poke|p1|Garchomp, L50, F|\n|poke|p2|Clefable, L50, M|\n|poke|p2|Floette-Eternal, L50, F|\n|poke|p2|Whimsicott, L50, M|\n|poke|p2|Tinkaton, L50, F|\n|poke|p2|Klefki, L50, M|\n|poke|p2|Azumarill, L50, M|\n|teampreview|4\n|inactive|Battle timer is ON: inactive players will automatically lose when time's up. (requested by fimmm)\n|j| AAIA111\n|l| AAIA111\n|\n|t:|1776413235\n|teamsize|p1|4\n|teamsize|p2|4\n|start\n|switch|p1a: Scovillain|Scovillain, L50, F|100/100\n|switch|p1b: Incineroar|Incineroar, L50, M|100/100\n|switch|p2a: Klefki|Klefki, L50, M|100/100\n|switch|p2b: Tinkaton|Tinkaton, L50, F|100/100\n|-ability|p2b: Tinkaton|Mold Breaker\n|-ability|p1b: Incineroar|Intimidate|boost\n|-unboost|p2a: Klefki|atk|1\n|-unboost|p2b: Tinkaton|atk|1\n|turn|1\n|inactive|nonight has 30 seconds left.\n|inactive|nonight has 20 seconds left.\n|inactive|nonight has 15 seconds left.\n|inactive|fimmm has 30 seconds left.\n|inactive|fimmm has 20 seconds left.\n|\n|t:|1776413287\n|move|p2b: Tinkaton|Fake Out|p1b: Incineroar\n|-damage|p1b: Incineroar|94/100\n|cant|p1b: Incineroar|flinch\n|move|p1a: Scovillain|Overheat|p2a: Klefki\n|-supereffective|p2a: Klefki|1\n|-damage|p2a: Klefki|0 fnt\n|-unboost|p1a: Scovillain|spa|2\n|faint|p2a: Klefki\n|\n|-ability|p1a: Scovillain|Moody|boost\n|-boost|p1a: Scovillain|spd|2\n|-unboost|p1a: Scovillain|def|1\n|upkeep\n|\n|t:|1776413300\n|switch|p2a: Floette|Floette-Eternal, L50, F|100/100\n|turn|2\n|\n|t:|1776413304\n|switch|p2b: Clefable|Clefable, L50, M|100/100\n|detailschange|p2a: Floette|Floette-Mega, L50, F\n|-mega|p2a: Floette|Floette|Floettite\n|-ability|p2a: Floette|Fairy Aura\n|move|p1a: Scovillain|Protect|p1a: Scovillain\n|-singleturn|p1a: Scovillain|Protect\n|move|p2a: Floette|Calm Mind|p2a: Floette\n|-boost|p2a: Floette|spa|1\n|-boost|p2a: Floette|spd|1\n|move|p1b: Incineroar|Parting Shot|p2a: Floette\n|-unboost|p2a: Floette|atk|1\n|-unboost|p2a: Floette|spa|1\n|\n|t:|1776413317\n|switch|p1b: Sinistcha|Sinistcha-Masterpiece, L50|100/100|[from] Parting Shot\n|\n|-ability|p1a: Scovillain|Moody|boost\n|-boost|p1a: Scovillain|spe|2\n|-unboost|p1a: Scovillain|atk|1\n|upkeep\n|turn|3\n|inactive|nonight has 30 seconds left.\n|inactive|fimmm has 30 seconds left.\n|\n|t:|1776413349\n|switch|p1a: Incineroar|Incineroar, L50, M|94/100\n|-ability|p1a: Incineroar|Intimidate|boost\n|-unboost|p2a: Floette|atk|1\n|-unboost|p2b: Clefable|atk|1\n|move|p2a: Floette|Calm Mind|p2a: Floette\n|-boost|p2a: Floette|spa|1\n|-boost|p2a: Floette|spd|1\n|move|p1b: Sinistcha|Calm Mind|p1b: Sinistcha\n|-boost|p1b: Sinistcha|spa|1\n|-boost|p1b: Sinistcha|spd|1\n|move|p2b: Clefable|Skill Swap|p2a: Floette\n|-activate|p2b: Clefable|Skill Swap|||[of] p2a: Floette\n|-ability|p2b: Clefable|Fairy Aura\n|\n|upkeep\n|turn|4\n|inactive|nonight has 30 seconds left.\n|\n|t:|1776413381\n|move|p2a: Floette|Protect|p2a: Floette\n|-singleturn|p2a: Floette|Protect\n|move|p2b: Clefable|Protect|p2b: Clefable\n|-singleturn|p2b: Clefable|Protect\n|move|p1a: Incineroar|Fake Out|p2a: Floette\n|-activate|p2a: Floette|move: Protect\n|move|p1b: Sinistcha|Trick Room|p1b: Sinistcha\n|-fieldstart|move: Trick Room|[of] p1b: Sinistcha\n|\n|upkeep\n|turn|5\n|\n|t:|1776413388\n|move|p2b: Clefable|Follow Me|p2b: Clefable\n|-singleturn|p2b: Clefable|move: Follow Me\n|move|p1a: Incineroar|Parting Shot|p2b: Clefable\n|-unboost|p2b: Clefable|atk|1\n|-unboost|p2b: Clefable|spa|1\n|\n|t:|1776413401\n|switch|p1a: Scovillain|Scovillain, L50, F|100/100|[from] Parting Shot\n|move|p1b: Sinistcha|Calm Mind|p1b: Sinistcha\n|-boost|p1b: Sinistcha|spa|1\n|-boost|p1b: Sinistcha|spd|1\n|move|p2a: Floette|Light of Ruin|p1b: Sinistcha\n|-damage|p1b: Sinistcha|21/100\n|-enditem|p1b: Sinistcha|Sitrus Berry|[eat]\n|-heal|p1b: Sinistcha|46/100|[from] item: Sitrus Berry\n|\n|-ability|p1a: Scovillain|Moody|boost\n|-boost|p1a: Scovillain|atk|2\n|-unboost|p1a: Scovillain|spe|1\n|upkeep\n|turn|6\n|\n|t:|1776413426\n|detailschange|p1a: Scovillain|Scovillain-Mega, L50, F\n|-mega|p1a: Scovillain|Scovillain|Scovillainite\n|move|p2b: Clefable|Protect|p2b: Clefable\n|-singleturn|p2b: Clefable|Protect\n|move|p1a: Scovillain|Rage Powder|p1a: Scovillain\n|-singleturn|p1a: Scovillain|move: Rage Powder\n|move|p1b: Sinistcha|Matcha Gotcha|p2b: Clefable|[spread] p2a\n|-activate|p2b: Clefable|move: Protect\n|-damage|p2a: Floette|81/100\n|-heal|p1b: Sinistcha|56/100|[from] drain|[of] p2a: Floette\n|move|p2a: Floette|Calm Mind|p2a: Floette\n|-boost|p2a: Floette|spa|1\n|-boost|p2a: Floette|spd|1\n|\n|upkeep\n|turn|7\n|\n|t:|1776413446\n|move|p1a: Scovillain|Rage Powder|p1a: Scovillain\n|-singleturn|p1a: Scovillain|move: Rage Powder\n|move|p2b: Clefable|Skill Swap|p1a: Scovillain\n|-activate|p2b: Clefable|Skill Swap|Spicy Spray|Fairy Aura|[of] p1a: Scovillain\n|-ability|p1a: Scovillain|Fairy Aura\n|move|p1b: Sinistcha|Matcha Gotcha|p2b: Clefable|[spread] \n|-miss|p1b: Sinistcha|p2a: Floette\n|-miss|p1b: Sinistcha|p2b: Clefable\n|move|p2a: Floette|Light of Ruin|p1a: Scovillain\n|-resisted|p1a: Scovillain|1\n|-damage|p1a: Scovillain|17/100\n|\n|upkeep\n|turn|8\n|\n|t:|1776413464\n|move|p2b: Clefable|Follow Me|p2b: Clefable\n|-singleturn|p2b: Clefable|move: Follow Me\n|move|p1a: Scovillain|Overheat|p2b: Clefable\n|-damage|p2b: Clefable|40/100\n|-unboost|p1a: Scovillain|spa|2\n|-immune|p1a: Scovillain\n|-enditem|p2b: Clefable|Sitrus Berry|[eat]\n|-heal|p2b: Clefable|64/100|[from] item: Sitrus Berry\n|move|p1b: Sinistcha|Matcha Gotcha|p2b: Clefable|[spread] p2a,p2b\n|-crit|p2b: Clefable\n|-damage|p2a: Floette|65/100\n|-heal|p1b: Sinistcha|64/100|[from] drain|[of] p2a: Floette\n|-damage|p2b: Clefable|0 fnt\n|-heal|p1b: Sinistcha|100/100|[from] drain|[of] p2b: Clefable\n|-status|p1b: Sinistcha|brn|[from] ability: Spicy Spray|[of] p2b: Clefable\n|faint|p2b: Clefable\n|move|p2a: Floette|Light of Ruin|p1b: Sinistcha\n|-damage|p1b: Sinistcha|0 fnt\n|faint|p1b: Sinistcha\n|\n|-fieldend|move: Trick Room\n|upkeep\n|inactive|nonight has 30 seconds left.\n|\n|t:|1776413492\n|switch|p1b: Incineroar|Incineroar, L50, M|94/100\n|switch|p2b: Tinkaton|Tinkaton, L50, F|100/100\n|-ability|p2b: Tinkaton|Mold Breaker\n|-ability|p1b: Incineroar|Intimidate|boost\n|-unboost|p2a: Floette|atk|1\n|-unboost|p2b: Tinkaton|atk|1\n|turn|9\n|\n|t:|1776413499\n|switch|p1a: Milotic|Milotic, L50, M|100/100\n|move|p2b: Tinkaton|Fake Out|p1b: Incineroar\n|-damage|p1b: Incineroar|88/100\n|cant|p1b: Incineroar|flinch\n|move|p2a: Floette|Light of Ruin|p1b: Incineroar\n|-damage|p1b: Incineroar|0 fnt\n|faint|p1b: Incineroar\n|\n|upkeep\n|\n|t:|1776413501\n|switch|p1b: Scovillain|Scovillain-Mega, L50, F|17/100\n|turn|10\n|\n|t:|1776413520\n|move|p2b: Tinkaton|Feint|p1a: Milotic\n|-damage|p1a: Milotic|96/100\n|move|p1b: Scovillain|Rage Powder|p1b: Scovillain\n|-singleturn|p1b: Scovillain|move: Rage Powder\n|move|p2a: Floette|Draining Kiss|p1b: Scovillain\n|-resisted|p1b: Scovillain|1\n|-damage|p1b: Scovillain|0 fnt\n|-heal|p2a: Floette|77/100|[from] drain|[of] p1b: Scovillain\n|-status|p2a: Floette|brn|[from] ability: Spicy Spray|[of] p1b: Scovillain\n|faint|p1b: Scovillain\n|move|p1a: Milotic|Icy Wind|p2b: Tinkaton|[spread] p2a,p2b\n|-resisted|p2b: Tinkaton|1\n|-damage|p2a: Floette|73/100 brn\n|-damage|p2b: Tinkaton|95/100\n|-unboost|p2a: Floette|spe|1\n|-unboost|p2b: Tinkaton|spe|1\n|\n|-heal|p1a: Milotic|100/100|[from] item: Leftovers\n|upkeep\n|turn|11\n|\n|t:|1776413529\n|move|p1a: Milotic|Protect|p1a: Milotic\n|-singleturn|p1a: Milotic|Protect\n|move|p2b: Tinkaton|Feint|p1a: Milotic\n|-activate|p1a: Milotic|move: Feint\n|-damage|p1a: Milotic|96/100\n|move|p2a: Floette|Light of Ruin|p1a: Milotic\n|-damage|p1a: Milotic|0 fnt\n|faint|p1a: Milotic\n|\n|win|fimmm\n|raw|nonight's rating: 1252 &rarr; <strong>1227</strong><br />(-25 for losing)\n|raw|fimmm's rating: 1257 &rarr; <strong>1282</strong><br />(+25 for winning)\n|l|\u2606nonight\n|player|p1|\n",
  "uploadtime": 1776413540,
  "views": 40,
  "formatid": "gen9championsvgc2026regma",
  "rating": 1227,
  "private": 0,
  "password": null
}