{
  "id": "gen9championsvgc2026regma-2586973817",
  "format": "[Gen 9 Champions] VGC 2026 Reg M-A",
  "players": [
    "ru7887",
    "Jerekinho"
  ],
  "log": "|j|\u2606ru7887\n|j|\u2606Jerekinho\n|t:|1776477193\n|gametype|doubles\n|player|p1|ru7887|bellelba|1000\n|player|p2|Jerekinho|170|1034\n|gen|9\n|tier|[Gen 9 Champions] VGC 2026 Reg M-A\n|rated|\n|rule|Species Clause: Limit one of each Pok\u00e9mon\n|rule|Item Clause: Limit 1 of each item\n|clearpoke\n|poke|p1|Chandelure, L50, F|\n|poke|p1|Ninetales, L50, M|\n|poke|p1|Venusaur, L50, F|\n|poke|p1|Floette-Eternal, L50, F|\n|poke|p1|Rotom-Wash, L50|\n|poke|p1|Sneasler, L50, M|\n|poke|p2|Zoroark-Hisui, L50, F|\n|poke|p2|Garchomp, L50, F|\n|poke|p2|Milotic, L50, F|\n|poke|p2|Basculegion, L50, M|\n|poke|p2|Hydrapple, L50, M|\n|poke|p2|Tyranitar, L50, M|\n|teampreview|4\n|inactive|Battle timer is ON: inactive players will automatically lose when time's up. (requested by ru7887)\nru7887 has agreed to open team sheets.\n|\n|t:|1776477218\n|teamsize|p1|4\n|teamsize|p2|4\n|start\n|switch|p1a: Ninetales|Ninetales, L50, M|100/100\n|switch|p1b: Sneasler|Sneasler, L50, M|100/100\n|switch|p2a: Milotic|Milotic, L50, F|100/100\n|switch|p2b: Hydrapple|Hydrapple, L50, M|100/100\n|-weather|SunnyDay|[from] ability: Drought|[of] p1a: Ninetales\n|turn|1\n|\n|t:|1776477233\n|move|p2a: Milotic|Protect|p2a: Milotic\n|-singleturn|p2a: Milotic|Protect\n|move|p1b: Sneasler|Fake Out|p2b: Hydrapple\n|-immune|p2b: Hydrapple\n|move|p1a: Ninetales|Solar Beam||[still]\n|-prepare|p1a: Ninetales|Solar Beam\n|-anim|p1a: Ninetales|Solar Beam|p2a: Milotic\n|-activate|p2a: Milotic|move: Protect\n|move|p2b: Hydrapple|Nasty Plot|p2b: Hydrapple\n|-boost|p2b: Hydrapple|spa|2\n|\n|-weather|SunnyDay|[upkeep]\n|upkeep\n|turn|2\n|inactive|Jerekinho has 30 seconds left.\n|\n|t:|1776477261\n|move|p1a: Ninetales|Solar Beam||[still]\n|-prepare|p1a: Ninetales|Solar Beam\n|-anim|p1a: Ninetales|Solar Beam|p2a: Milotic\n|-supereffective|p2a: Milotic|1\n|-damage|p2a: Milotic|67/100\n|move|p1b: Sneasler|Dire Claw|p2b: Hydrapple\n|-resisted|p2b: Hydrapple|1\n|-damage|p2b: Hydrapple|62/100\n|replace|p2b: Zoroark|Zoroark-Hisui, L50, F\n|-end|p2b: Zoroark|Illusion\n|move|p2b: Zoroark|Nasty Plot|p2b: Zoroark\n|-boost|p2b: Zoroark|spa|2\n|move|p2a: Milotic|Scald|p1a: Ninetales\n|-supereffective|p1a: Ninetales|1\n|-damage|p1a: Ninetales|67/100\n|\n|-weather|SunnyDay|[upkeep]\n|-heal|p2a: Milotic|73/100|[from] item: Leftovers\n|upkeep\n|turn|3\n|\n|t:|1776477287\n|move|p1a: Ninetales|Solar Beam||[still]\n|-prepare|p1a: Ninetales|Solar Beam\n|-anim|p1a: Ninetales|Solar Beam|p2b: Zoroark\n|-damage|p2b: Zoroark|0 fnt\n|faint|p2b: Zoroark\n|move|p1b: Sneasler|Dire Claw|p2a: Milotic\n|-damage|p2a: Milotic|26/100\n|-status|p2a: Milotic|psn\n|move|p2a: Milotic|Scald|p1a: Ninetales\n|-supereffective|p1a: Ninetales|1\n|-damage|p1a: Ninetales|34/100\n|\n|-weather|SunnyDay|[upkeep]\n|-heal|p2a: Milotic|32/100 psn|[from] item: Leftovers\n|-damage|p2a: Milotic|20/100 psn|[from] psn\n|upkeep\n|\n|t:|1776477305\n|switch|p2b: Garchomp|Garchomp, L50, F|100/100\n|turn|4\n|\n|t:|1776477315\n|move|p1a: Ninetales|Solar Beam||[still]\n|-prepare|p1a: Ninetales|Solar Beam\n|-anim|p1a: Ninetales|Solar Beam|p2b: Garchomp\n|-damage|p2b: Garchomp|69/100\n|move|p1b: Sneasler|Close Combat|p2b: Garchomp\n|-damage|p2b: Garchomp|9/100\n|-unboost|p1b: Sneasler|def|1\n|-unboost|p1b: Sneasler|spd|1\n|move|p2b: Garchomp|Rock Slide|p1a: Ninetales|[spread] p1a,p1b\n|-supereffective|p1a: Ninetales|1\n|-resisted|p1b: Sneasler|1\n|-crit|p1b: Sneasler\n|-damage|p1a: Ninetales|0 fnt\n|-damage|p1b: Sneasler|65/100\n|faint|p1a: Ninetales\n|move|p2a: Milotic|Scald|p1b: Sneasler\n|-damage|p1b: Sneasler|34/100\n|\n|-weather|SunnyDay|[upkeep]\n|-heal|p2a: Milotic|26/100 psn|[from] item: Leftovers\n|-damage|p2a: Milotic|13/100 psn|[from] psn\n|upkeep\n|\n|t:|1776477329\n|switch|p1a: Venusaur|Venusaur, L50, F|100/100\n|turn|5\n|\n|t:|1776477353\n|move|p1a: Venusaur|Growth|p1a: Venusaur\n|-boost|p1a: Venusaur|atk|2\n|-boost|p1a: Venusaur|spa|2\n|move|p1b: Sneasler|Close Combat|p2b: Garchomp|[miss]\n|-miss|p1b: Sneasler|p2b: Garchomp\n|move|p2b: Garchomp|Stomping Tantrum|p1b: Sneasler\n|-supereffective|p1b: Sneasler|1\n|-damage|p1b: Sneasler|0 fnt\n|faint|p1b: Sneasler\n|move|p2a: Milotic|Ice Beam|p1a: Venusaur\n|-supereffective|p1a: Venusaur|1\n|-damage|p1a: Venusaur|50/100\n|\n|-weather|none\n|-heal|p1a: Venusaur|55/100|[from] item: Leftovers\n|-heal|p2a: Milotic|19/100 psn|[from] item: Leftovers\n|-damage|p2a: Milotic|7/100 psn|[from] psn\n|upkeep\n|\n|t:|1776477361\n|switch|p1b: Chandelure|Chandelure, L50, F|100/100\n|turn|6\n|inactive|Jerekinho has 30 seconds left.\n|\n|t:|1776477391\n|detailschange|p1b: Chandelure|Chandelure-Mega, L50, F\n|-mega|p1b: Chandelure|Chandelure|Chandelurite\n|move|p2a: Milotic|Protect|p2a: Milotic\n|-singleturn|p2a: Milotic|Protect\n|move|p2b: Garchomp|Stomping Tantrum|p1b: Chandelure\n|-supereffective|p1b: Chandelure|1\n|-damage|p1b: Chandelure|9/100\n|move|p1b: Chandelure|Heat Wave|p2b: Garchomp|[spread] p2b\n|-activate|p2a: Milotic|move: Protect\n|-resisted|p2b: Garchomp|1\n|-damage|p2b: Garchomp|0 fnt\n|faint|p2b: Garchomp\n|move|p1a: Venusaur|Energy Ball|p2a: Milotic\n|-activate|p2a: Milotic|move: Protect\n|\n|-heal|p1a: Venusaur|61/100|[from] item: Leftovers\n|-heal|p2a: Milotic|13/100 psn|[from] item: Leftovers\n|-damage|p2a: Milotic|0 fnt|[from] psn\n|faint|p2a: Milotic\n|upkeep\n|\n|t:|1776477411\n|switch|p2b: Hydrapple|Hydrapple, L50, M|100/100\n|turn|7\n|\n|t:|1776477435\n|move|p1b: Chandelure|Heat Wave|p2b: Hydrapple\n|-damage|p2b: Hydrapple|41/100\n|move|p1a: Venusaur|Sludge Bomb|p2b: Hydrapple\n|-supereffective|p2b: Hydrapple|1\n|-damage|p2b: Hydrapple|0 fnt\n|faint|p2b: Hydrapple\n|\n|win|ru7887\n|raw|ru7887's rating: 1000 &rarr; <strong>1044</strong><br />(+44 for winning)\n|raw|Jerekinho's rating: 1034 &rarr; <strong>1017</strong><br />(-17 for losing)\n|l|\u2606ru7887\n|player|p1|\n",
  "uploadtime": 1776477442,
  "views": 19,
  "formatid": "gen9championsvgc2026regma",
  "rating": 1017,
  "private": 0,
  "password": null
}