{
  "id": "gen9championsvgc2026regma-2588553147",
  "format": "[Gen 9 Champions] VGC 2026 Reg M-A",
  "players": [
    "HeavyLobsterAlf",
    "wilduce"
  ],
  "log": "|j|\u2606HeavyLobsterAlf\n|j|\u2606wilduce\n|t:|1776644322\n|gametype|doubles\n|player|p1|HeavyLobsterAlf|phoebe-masters|1328\n|player|p2|wilduce|n|1341\n|gen|9\n|tier|[Gen 9 Champions] VGC 2026 Reg M-A\n|rated|\n|rule|Species Clause: Limit one of each Pok\u00e9mon\n|rule|Item Clause: Limit 1 of each item\n|clearpoke\n|poke|p1|Gardevoir, L50, F|\n|poke|p1|Primarina, L50, F|\n|poke|p1|Whimsicott, L50, F|\n|poke|p1|Sneasler, L50, F|\n|poke|p1|Arcanine-Hisui, L50, F|\n|poke|p1|Kingambit, L50, M|\n|poke|p2|Sneasler, L50, M|\n|poke|p2|Tauros-Paldea-Aqua, L50, M|\n|poke|p2|Basculegion, L50, M|\n|poke|p2|Froslass, L50, F|\n|poke|p2|Aerodactyl, L50, F|\n|poke|p2|Archaludon, L50, F|\n|teampreview|4\n|\n|t:|1776644343\n|teamsize|p1|4\n|teamsize|p2|4\n|start\n|switch|p1a: Whimsicott|Whimsicott, L50, F|100/100\n|switch|p1b: Arcanine|Arcanine-Hisui, L50, F|100/100\n|switch|p2a: Aerodactyl|Aerodactyl, L50, F|100/100\n|switch|p2b: Sneasler|Sneasler, L50, M|100/100\n|-ability|p2a: Aerodactyl|Unnerve\n|-ability|p1b: Arcanine|Intimidate|boost\n|-unboost|p2a: Aerodactyl|atk|1\n|-unboost|p2b: Sneasler|atk|1\n|-enditem|p2b: Sneasler|White Herb\n|-clearnegativeboost|p2b: Sneasler|[silent]\n|turn|1\n|\n|t:|1776644360\n|move|p2a: Aerodactyl|Wide Guard|p2a: Aerodactyl\n|-singleturn|p2a: Aerodactyl|Wide Guard\n|move|p1a: Whimsicott|Encore||[still]\n|-fail|p1a: Whimsicott\n|move|p2b: Sneasler|Dire Claw|p1a: Whimsicott\n|-supereffective|p1a: Whimsicott|2\n|-enditem|p1a: Whimsicott|Focus Sash\n|-damage|p1a: Whimsicott|1/100\n|move|p1b: Arcanine|Rock Slide|p2a: Aerodactyl|[spread] \n|-activate|p2a: Aerodactyl|move: Wide Guard\n|-activate|p2b: Sneasler|move: Wide Guard\n|\n|upkeep\n|turn|2\n|\n|t:|1776644377\n|move|p1a: Whimsicott|Tailwind|p1a: Whimsicott\n|-sidestart|p1: HeavyLobsterAlf|move: Tailwind\n|move|p2b: Sneasler|Close Combat|p1b: Arcanine\n|-supereffective|p1b: Arcanine|1\n|-damage|p1b: Arcanine|0 fnt\n|-unboost|p2b: Sneasler|def|1\n|-unboost|p2b: Sneasler|spd|1\n|faint|p1b: Arcanine\n|move|p2a: Aerodactyl|Rock Slide|p1a: Whimsicott\n|-damage|p1a: Whimsicott|0 fnt\n|faint|p1a: Whimsicott\n|\n|upkeep\n|\n|t:|1776644382\n|switch|p1a: Primarina|Primarina, L50, F|100/100\n|switch|p1b: Gardevoir|Gardevoir, L50, F|100/100\n|-ability|p1b: Gardevoir|Unnerve|Trace|[from] ability: Trace|[of] p2a: Aerodactyl\n|-ability|p1b: Gardevoir|Unnerve\n|turn|3\n|\n|t:|1776644399\n|detailschange|p1b: Gardevoir|Gardevoir-Mega, L50, F\n|-mega|p1b: Gardevoir|Gardevoir|Gardevoirite\n|move|p2b: Sneasler|Protect|p2b: Sneasler\n|-singleturn|p2b: Sneasler|Protect\n|move|p1b: Gardevoir|Protect|p1b: Gardevoir\n|-singleturn|p1b: Gardevoir|Protect\n|move|p2a: Aerodactyl|Tailwind|p2a: Aerodactyl\n|-sidestart|p2: wilduce|move: Tailwind\n|move|p1a: Primarina|Moonblast|p2b: Sneasler\n|-activate|p2b: Sneasler|move: Protect\n|\n|upkeep\n|turn|4\n|\n|t:|1776644413\n|move|p1a: Primarina|Protect|p1a: Primarina\n|-singleturn|p1a: Primarina|Protect\n|move|p2a: Aerodactyl|Wide Guard|p2a: Aerodactyl\n|-singleturn|p2a: Aerodactyl|Wide Guard\n|move|p2b: Sneasler|Dire Claw|p1a: Primarina\n|-activate|p1a: Primarina|move: Protect\n|move|p1b: Gardevoir|Trick Room|p1b: Gardevoir\n|-fieldstart|move: Trick Room|[of] p1b: Gardevoir\n|\n|upkeep\n|turn|5\n|c|\u2606wilduce|first time i see tailwind and trick room up at the same time\n|\n|t:|1776644445\n|move|p1a: Primarina|Calm Mind|p1a: Primarina\n|-boost|p1a: Primarina|spa|1\n|-boost|p1a: Primarina|spd|1\n|move|p1b: Gardevoir|Psychic|p2b: Sneasler\n|-supereffective|p2b: Sneasler|2\n|-damage|p2b: Sneasler|0 fnt\n|faint|p2b: Sneasler\n|move|p2a: Aerodactyl|Rock Slide|p1a: Primarina|[spread] p1a,p1b\n|-damage|p1a: Primarina|81/100\n|-damage|p1b: Gardevoir|71/100\n|\n|-heal|p1a: Primarina|87/100|[from] item: Leftovers\n|-sideend|p1: HeavyLobsterAlf|move: Tailwind\n|upkeep\n|\n|t:|1776644450\n|switch|p2b: The Don|Archaludon, L50, F|100/100\n|turn|6\n|\n|t:|1776644461\n|move|p2b: The Don|Protect|p2b: The Don\n|-singleturn|p2b: The Don|Protect\n|move|p2a: Aerodactyl|Wide Guard|p2a: Aerodactyl\n|-singleturn|p2a: Aerodactyl|Wide Guard\n|move|p1a: Primarina|Moonblast|p2b: The Don\n|-activate|p2b: The Don|move: Protect\n|move|p1b: Gardevoir|Hyper Voice|p2b: The Don|[spread] \n|-activate|p2a: Aerodactyl|move: Wide Guard\n|-activate|p2b: The Don|move: Wide Guard\n|\n|-heal|p1a: Primarina|93/100|[from] item: Leftovers\n|-sideend|p2: wilduce|move: Tailwind\n|upkeep\n|turn|7\n|\n|t:|1776644475\n|move|p1a: Primarina|Moonblast|p2b: The Don\n|-ability|p2b: The Don|Sturdy\n|-damage|p2b: The Don|1/100\n|move|p2b: The Don|Thunderbolt|p1a: Primarina\n|-supereffective|p1a: Primarina|1\n|-damage|p1a: Primarina|57/100\n|move|p1b: Gardevoir|Psychic|p2a: Aerodactyl\n|-damage|p2a: Aerodactyl|22/100\n|-unboost|p2a: Aerodactyl|spd|1\n|move|p2a: Aerodactyl|Rock Slide|p1b: Gardevoir|[spread] p1a,p1b\n|-damage|p1a: Primarina|36/100\n|-damage|p1b: Gardevoir|41/100\n|\n|-heal|p1a: Primarina|42/100|[from] item: Leftovers\n|-heal|p2b: The Don|7/100|[from] item: Leftovers\n|upkeep\n|turn|8\n|\n|t:|1776644506\n|move|p2b: The Don|Protect|p2b: The Don\n|-singleturn|p2b: The Don|Protect\n|move|p2a: Aerodactyl|Wide Guard|p2a: Aerodactyl\n|-singleturn|p2a: Aerodactyl|Wide Guard\n|move|p1a: Primarina|Calm Mind|p1a: Primarina\n|-boost|p1a: Primarina|spa|1\n|-boost|p1a: Primarina|spd|1\n|move|p1b: Gardevoir|Psychic|p2a: Aerodactyl\n|-damage|p2a: Aerodactyl|0 fnt\n|faint|p2a: Aerodactyl\n|\n|-heal|p1a: Primarina|48/100|[from] item: Leftovers\n|-heal|p2b: The Don|13/100|[from] item: Leftovers\n|-fieldend|move: Trick Room\n|upkeep\n|\n|t:|1776644512\n|switch|p2a: Froslass|Froslass, L50, F|100/100\n|turn|9\n|\n|t:|1776644524\n|detailschange|p2a: Froslass|Froslass-Mega, L50, F\n|-mega|p2a: Froslass|Froslass|Froslassite\n|-weather|Snowscape|[from] ability: Snow Warning|[of] p2a: Froslass\n|move|p2a: Froslass|Shadow Ball|p1b: Gardevoir\n|-supereffective|p1b: Gardevoir|1\n|-damage|p1b: Gardevoir|0 fnt\n|faint|p1b: Gardevoir\n|move|p2b: The Don|Thunderbolt|p1a: Primarina\n|-supereffective|p1a: Primarina|1\n|-damage|p1a: Primarina|17/100\n|move|p1a: Primarina|Hyper Voice|p2b: The Don|[spread] p2a,p2b\n|-resisted|p2b: The Don|1\n|-damage|p2a: Froslass|5/100\n|-damage|p2b: The Don|0 fnt\n|faint|p2b: The Don\n|\n|-weather|Snowscape|[upkeep]\n|-heal|p1a: Primarina|22/100|[from] item: Leftovers\n|upkeep\n|turn|10\n|\n|t:|1776644534\n|move|p2a: Froslass|Shadow Ball|p1a: Primarina\n|-damage|p1a: Primarina|3/100\n|move|p1a: Primarina|Hyper Voice|p2a: Froslass\n|-damage|p2a: Froslass|0 fnt\n|faint|p2a: Froslass\n|\n|win|HeavyLobsterAlf\n|raw|HeavyLobsterAlf's rating: 1328 &rarr; <strong>1349</strong><br />(+21 for winning)\n|raw|wilduce's rating: 1341 &rarr; <strong>1320</strong><br />(-21 for losing)\n|c|\u2606wilduce|bruh\n|l|\u2606wilduce\n|player|p2|\n",
  "uploadtime": 1776644538,
  "views": 10,
  "formatid": "gen9championsvgc2026regma",
  "rating": 1320,
  "private": 0,
  "password": null
}