{
  "id": "gen9championsvgc2026regma-2586679079",
  "format": "[Gen 9 Champions] VGC 2026 Reg M-A",
  "players": [
    "sleepoligy",
    "Valiant07"
  ],
  "log": "|j|\u2606sleepoligy\n|j|\u2606Valiant07\n|t:|1776451554\n|gametype|doubles\n|player|p1|sleepoligy|cheryl|1135\n|player|p2|Valiant07|ingo|1081\n|gen|9\n|tier|[Gen 9 Champions] VGC 2026 Reg M-A\n|rated|\n|rule|Species Clause: Limit one of each Pok\u00e9mon\n|rule|Item Clause: Limit 1 of each item\n|clearpoke\n|poke|p1|Meowscarada, L50, M|\n|poke|p1|Sylveon, L50, M|\n|poke|p1|Basculegion, L50, M|\n|poke|p1|Sneasler, L50, F|\n|poke|p1|Floette-Eternal, L50, F|\n|poke|p1|Maushold-Four, L50|\n|poke|p2|Froslass, L50, F|\n|poke|p2|Kingambit, L50, F|\n|poke|p2|Garganacl, L50, F|\n|poke|p2|Sneasler, L50, M|\n|poke|p2|Garchomp, L50, F|\n|poke|p2|Rotom-Wash, L50|\n|teampreview|4\n|n|\u2606sleepoligy|sleepoligy\n|inactive|Battle timer is ON: inactive players will automatically lose when time's up. (requested by Valiant07)\n|\n|t:|1776451621\n|teamsize|p1|4\n|teamsize|p2|4\n|start\n|switch|p1a: Meowscarada|Meowscarada, L50, M|100/100\n|switch|p1b: Basculegion|Basculegion, L50, M|100/100\n|switch|p2a: Sneasler|Sneasler, L50, M|100/100\n|switch|p2b: Garganacl|Garganacl, L50, F|100/100\n|turn|1\n|inactive|sleepoligy has 30 seconds left.\n|\n|t:|1776451651\n|move|p1a: Meowscarada|Protect|p1a: Meowscarada\n|-start|p1a: Meowscarada|typechange|Normal|[from] ability: Protean\n|-singleturn|p1a: Meowscarada|Protect\n|move|p2a: Sneasler|Fake Out|p1a: Meowscarada\n|-activate|p1a: Meowscarada|move: Protect\n|move|p1b: Basculegion|Flip Turn|p2b: Garganacl\n|-supereffective|p2b: Garganacl|1\n|-damage|p2b: Garganacl|52/100\n|\n|t:|1776451665\n|switch|p1b: Sneasler|Sneasler, L50, F|100/100|[from] Flip Turn\n|move|p2b: Garganacl|Salt Cure|p1b: Sneasler\n|-resisted|p1b: Sneasler|1\n|-damage|p1b: Sneasler|89/100\n|-start|p1b: Sneasler|Salt Cure\n|\n|-heal|p2b: Garganacl|58/100|[from] item: Leftovers\n|-damage|p1b: Sneasler|83/100|[from] Salt Cure\n|upkeep\n|turn|2\n|inactive|sleepoligy has 30 seconds left.\n|inactive|Valiant07 has 30 seconds left.\n|inactive|sleepoligy has 20 seconds left.\n|inactive|sleepoligy has 15 seconds left.\n|\n|t:|1776451706\n|move|p2b: Garganacl|Protect|p2b: Garganacl\n|-singleturn|p2b: Garganacl|Protect\n|move|p1b: Sneasler|Fake Out|p2a: Sneasler\n|-damage|p2a: Sneasler|75/100\n|cant|p2a: Sneasler|flinch\n|move|p1a: Meowscarada|Flower Trick|p2a: Sneasler\n|-resisted|p2a: Sneasler|1\n|-crit|p2a: Sneasler\n|-damage|p2a: Sneasler|47/100\n|\n|-heal|p2b: Garganacl|64/100|[from] item: Leftovers\n|-damage|p1b: Sneasler|78/100|[from] Salt Cure\n|upkeep\n|turn|3\n|\n|t:|1776451724\n|switch|p1a: Basculegion|Basculegion, L50, M|100/100\n|move|p2a: Sneasler|Dire Claw|p1a: Basculegion\n|-resisted|p1a: Basculegion|1\n|-damage|p1a: Basculegion|75/100\n|move|p1b: Sneasler|Close Combat|p2b: Garganacl\n|-supereffective|p2b: Garganacl|1\n|-damage|p2b: Garganacl|0 fnt\n|-unboost|p1b: Sneasler|def|1\n|-unboost|p1b: Sneasler|spd|1\n|faint|p2b: Garganacl\n|-enditem|p1b: Sneasler|White Herb\n|-clearnegativeboost|p1b: Sneasler|[silent]\n|\n|-damage|p1b: Sneasler|72/100|[from] Salt Cure\n|upkeep\n|\n|t:|1776451739\n|switch|p2b: Garchomp|Garchomp, L50, F|100/100\n|turn|4\n|inactive|sleepoligy has 30 seconds left.\n|inactive|sleepoligy has 20 seconds left.\n|inactive|sleepoligy has 15 seconds left.\n|inactive|sleepoligy has 10 seconds left.\n|inactive|sleepoligy has 5 seconds left.\n|\n|t:|1776451792\n|move|p1b: Sneasler|Dire Claw|p2b: Garchomp\n|-resisted|p2b: Garchomp|1\n|-damage|p2b: Garchomp|78/100\n|-status|p2b: Garchomp|psn\n|-damage|p1b: Sneasler|60/100|[from] ability: Rough Skin|[of] p2b: Garchomp\n|move|p2b: Garchomp|Earthquake|p1a: Basculegion|[spread] p2a,p1a,p1b\n|-supereffective|p2a: Sneasler|1\n|-supereffective|p1b: Sneasler|1\n|-damage|p2a: Sneasler|0 fnt\n|-damage|p1a: Basculegion|20/100\n|-damage|p1b: Sneasler|0 fnt\n|faint|p2a: Sneasler\n|faint|p1b: Sneasler\n|move|p1a: Basculegion|Wave Crash|p2b: Garchomp\n|-damage|p2b: Garchomp|0 fnt\n|-damage|p1a: Basculegion|7/100|[from] ability: Rough Skin|[of] p2b: Garchomp\n|faint|p2b: Garchomp\n|-damage|p1a: Basculegion|0 fnt|[from] Recoil\n|faint|p1a: Basculegion\n|\n|upkeep\n|\n|t:|1776451803\n|switch|p1b: Meowscarada|Meowscarada, L50, M|100/100\n|switch|p2b: Froslass|Froslass, L50, F|100/100\n|switch|p1a: Floette|Floette-Eternal, L50, F|100/100\n|turn|5\n|\n|t:|1776451812\n|detailschange|p2b: Froslass|Froslass-Mega, L50, F\n|-mega|p2b: Froslass|Froslass|Froslassite\n|-weather|Snowscape|[from] ability: Snow Warning|[of] p2b: Froslass\n|detailschange|p1a: Floette|Floette-Mega, L50, F\n|-mega|p1a: Floette|Floette|Floettite\n|-ability|p1a: Floette|Fairy Aura\n|move|p2b: Froslass|Blizzard|p1b: Meowscarada|[spread] p1a,p1b\n|-supereffective|p1b: Meowscarada|1\n|-damage|p1a: Floette|65/100\n|-enditem|p1b: Meowscarada|Focus Sash\n|-damage|p1b: Meowscarada|1/100\n|move|p1b: Meowscarada|Shadow Claw|p2b: Froslass\n|-start|p1b: Meowscarada|typechange|Ghost|[from] ability: Protean\n|-supereffective|p2b: Froslass|1\n|-damage|p2b: Froslass|22/100\n|move|p1a: Floette|Moonblast|p2b: Froslass\n|-damage|p2b: Froslass|0 fnt\n|faint|p2b: Froslass\n|\n|win|sleepoligy\n|raw|sleepoligy's rating: 1135 &rarr; <strong>1156</strong><br />(+21 for winning)\n|raw|Valiant07's rating: 1081 &rarr; <strong>1062</strong><br />(-19 for losing)\n|l|\u2606Valiant07\n|player|p2|\n",
  "uploadtime": 1776451894,
  "views": 24,
  "formatid": "gen9championsvgc2026regma",
  "rating": 1062,
  "private": 0,
  "password": null
}