{
  "id": "gen9championsvgc2026regma-2586565723",
  "format": "[Gen 9 Champions] VGC 2026 Reg M-A",
  "players": [
    "Paycei",
    "prof. jubokko"
  ],
  "log": "|j|\u2606Paycei\n|j|\u2606prof. jubokko\n|t:|1776443442\n|gametype|doubles\n|player|p1|Paycei|clair|1176\n|player|p2|prof. jubokko|cyrus|1239\n|gen|9\n|tier|[Gen 9 Champions] VGC 2026 Reg M-A\n|rated|\n|rule|Species Clause: Limit one of each Pok\u00e9mon\n|rule|Item Clause: Limit 1 of each item\n|clearpoke\n|poke|p1|Meganium, L50, M|\n|poke|p1|Pelipper, L50, M|\n|poke|p1|Archaludon, L50, M|\n|poke|p1|Palafin, L50, F|\n|poke|p1|Kingambit, L50, F|\n|poke|p1|Meowstic, L50, M|\n|poke|p2|Sinistcha, L50|\n|poke|p2|Aggron, L50, F|\n|poke|p2|Milotic, L50, M|\n|poke|p2|Talonflame, L50, M|\n|poke|p2|Farigiraf, L50, M|\n|poke|p2|Arcanine, L50, F|\n|teampreview|4\n|\n|t:|1776443464\n|teamsize|p1|4\n|teamsize|p2|4\n|start\n|switch|p1a: Meowstic|Meowstic, L50, M, shiny|100/100\n|switch|p1b: Palafin|Palafin, L50, F|100/100\n|switch|p2a: Milotic|Milotic, L50, M|100/100\n|switch|p2b: Arcanine|Arcanine, L50, F|100/100\n|-ability|p2b: Arcanine|Intimidate|boost\n|-unboost|p1a: Meowstic|atk|1\n|-unboost|p1b: Palafin|atk|1\n|turn|1\n|\n|t:|1776443478\n|move|p1a: Meowstic|Fake Out|p2a: Milotic\n|-damage|p2a: Milotic|95/100\n|move|p1b: Palafin|Flip Turn|p2b: Arcanine\n|-supereffective|p2b: Arcanine|1\n|-damage|p2b: Arcanine|64/100\n|\n|t:|1776443492\n|detailschange|p1b: Palafin|Palafin-Hero, L50, F\n|switch|p1b: Meganium|Meganium, L50, M|100/100|[from] Flip Turn\n|move|p2b: Arcanine|Will-O-Wisp|p1b: Meganium\n|-status|p1b: Meganium|brn\n|cant|p2a: Milotic|flinch\n|\n|-heal|p2a: Milotic|100/100|[from] item: Leftovers\n|-damage|p1b: Meganium|95/100 brn|[from] brn\n|upkeep\n|turn|2\n|\n|t:|1776443508\n|switch|p2a: Sinistcha|Sinistcha, L50|100/100\n|-heal|p2b: Arcanine|89/100|[from] ability: Hospitality|[of] p2a: Sinistcha\n|detailschange|p1b: Meganium|Meganium-Mega, L50, M\n|-mega|p1b: Meganium|Meganium|Meganiumite\n|move|p1a: Meowstic|Fake Tears|p2a: Sinistcha\n|-unboost|p2a: Sinistcha|spd|2\n|move|p1b: Meganium|Solar Beam||[still]\n|-prepare|p1b: Meganium|Solar Beam\n|-activate|p1b: Meganium|ability: Mega Sol\n|-anim|p1b: Meganium|Solar Beam|p2a: Sinistcha\n|-resisted|p2a: Sinistcha|1\n|-damage|p2a: Sinistcha|34/100\n|-enditem|p2a: Sinistcha|Sitrus Berry|[eat]\n|-heal|p2a: Sinistcha|59/100|[from] item: Sitrus Berry\n|move|p2b: Arcanine|Flare Blitz|p1b: Meganium\n|-supereffective|p1b: Meganium|1\n|-damage|p1b: Meganium|0 fnt\n|faint|p1b: Meganium\n|-damage|p2b: Arcanine|59/100|[from] Recoil\n|\n|upkeep\n|\n|t:|1776443526\n|switch|p1b: Palafin|Palafin-Hero, L50, F|100/100\n|-activate|p1b: Palafin|ability: Zero to Hero\n|turn|3\n|\n|t:|1776443546\n|switch|p2b: Milotic|Milotic, L50, M|100/100\n|move|p1a: Meowstic|Rain Dance|p1a: Meowstic\n|-weather|RainDance\n|move|p1b: Palafin|Wave Crash|p2a: Sinistcha\n|-resisted|p2a: Sinistcha|1\n|-damage|p2a: Sinistcha|0 fnt\n|faint|p2a: Sinistcha\n|-damage|p1b: Palafin|83/100|[from] Recoil\n|\n|-weather|RainDance|[upkeep]\n|upkeep\n|\n|t:|1776443559\n|switch|p2a: Arcanine|Arcanine, L50, F|59/100\n|-ability|p2a: Arcanine|Intimidate|boost\n|-unboost|p1a: Meowstic|atk|1\n|-unboost|p1b: Palafin|atk|1\n|turn|4\n|\n|t:|1776443569\n|move|p2a: Arcanine|Protect|p2a: Arcanine\n|-singleturn|p2a: Arcanine|Protect\n|move|p1a: Meowstic|Fake Tears|p2b: Milotic\n|-unboost|p2b: Milotic|spd|2\n|-ability|p2b: Milotic|Competitive|boost\n|-boost|p2b: Milotic|spa|2\n|move|p1b: Palafin|Wave Crash|p2a: Arcanine\n|-activate|p2a: Arcanine|move: Protect\n|move|p2b: Milotic|Icy Wind|p1a: Meowstic|[spread] p1a,p1b\n|-resisted|p1b: Palafin|1\n|-damage|p1a: Meowstic|71/100\n|-damage|p1b: Palafin|68/100\n|-unboost|p1a: Meowstic|spe|1\n|-unboost|p1b: Palafin|spe|1\n|\n|-weather|RainDance|[upkeep]\n|upkeep\n|turn|5\n|\n|t:|1776443591\n|move|p2a: Arcanine|Extreme Speed|p1b: Palafin\n|-damage|p1b: Palafin|42/100\n|move|p1a: Meowstic|Thunder Wave|p2b: Milotic\n|-status|p2b: Milotic|par\n|move|p1b: Palafin|Wave Crash|p2a: Arcanine\n|-supereffective|p2a: Arcanine|1\n|-damage|p2a: Arcanine|0 fnt\n|faint|p2a: Arcanine\n|-damage|p1b: Palafin|25/100|[from] Recoil\n|move|p2b: Milotic|Scald|p1b: Palafin\n|-resisted|p1b: Palafin|1\n|-damage|p1b: Palafin|0 fnt\n|faint|p1b: Palafin\n|\n|-weather|RainDance|[upkeep]\n|upkeep\n|\n|t:|1776443610\n|switch|p1b: Kingambit|Kingambit, L50, F|100/100\n|switch|p2a: Aggron|Aggron, L50, F|100/100\n|turn|6\n|\n|t:|1776443634\n|detailschange|p2a: Aggron|Aggron-Mega, L50, F\n|-mega|p2a: Aggron|Aggron|Aggronite\n|move|p1a: Meowstic|Thunder Wave|p2a: Aggron\n|-status|p2a: Aggron|par\n|move|p1b: Kingambit|Kowtow Cleave|p2b: Milotic\n|-damage|p2b: Milotic|29/100 par\n|move|p2b: Milotic|Scald|p1a: Meowstic\n|-damage|p1a: Meowstic|0 fnt\n|faint|p1a: Meowstic\n|move|p2a: Aggron|Body Press|p1b: Kingambit\n|-supereffective|p1b: Kingambit|2\n|-damage|p1b: Kingambit|0 fnt\n|faint|p1b: Kingambit\n|\n|win|prof. jubokko\n|raw|Paycei's rating: 1176 &rarr; <strong>1155</strong><br />(-21 for losing)\n|raw|prof. jubokko's rating: 1239 &rarr; <strong>1260</strong><br />(+21 for winning)\n|l|\u2606Paycei\n|player|p1|\n",
  "uploadtime": 1776443817,
  "views": 23,
  "formatid": "gen9championsvgc2026regma",
  "rating": 1155,
  "private": 0,
  "password": null
}