{
  "id": "gen9championsvgc2026regma-2587908195",
  "format": "[Gen 9 Champions] VGC 2026 Reg M-A",
  "players": [
    "Yofavewhiteboy",
    "caustic soda"
  ],
  "log": "|j|\u2606Yofavewhiteboy\n|j|\u2606caustic soda\n|t:|1776577521\n|gametype|doubles\n|player|p1|Yofavewhiteboy|170|1077\n|player|p2|caustic soda|102|1151\n|gen|9\n|tier|[Gen 9 Champions] VGC 2026 Reg M-A\n|rated|\n|rule|Species Clause: Limit one of each Pok\u00e9mon\n|rule|Item Clause: Limit 1 of each item\n|clearpoke\n|poke|p1|Garchomp, L50, F|\n|poke|p1|Orthworm, L50, M|\n|poke|p1|Beedrill, L50, M|\n|poke|p1|Azumarill, L50, M|\n|poke|p1|Incineroar, L50, M|\n|poke|p1|Sneasler, L50, F|\n|poke|p2|Greninja, L50, F|\n|poke|p2|Aerodactyl, L50, M|\n|poke|p2|Floette-Eternal, L50, F|\n|poke|p2|Garchomp, L50, M|\n|poke|p2|Sinistcha, L50|\n|poke|p2|Incineroar, L50, M|\n|teampreview|4\n|inactive|Battle timer is ON: inactive players will automatically lose when time's up. (requested by Yofavewhiteboy)\n|\n|t:|1776577561\n|teamsize|p1|4\n|teamsize|p2|4\n|start\n|switch|p1a: Garchomp|Garchomp, L50, F|100/100\n|switch|p1b: Orthworm|Orthworm, L50, M|100/100\n|switch|p2a: Greninja|Greninja, L50, F|100/100\n|switch|p2b: Incineroar|Incineroar, L50, M|100/100\n|-ability|p2b: Incineroar|Intimidate|boost\n|-unboost|p1a: Garchomp|atk|1\n|-unboost|p1b: Orthworm|atk|1\n|turn|1\n|inactive|Yofavewhiteboy has 30 seconds left.\n|inactive|Yofavewhiteboy has 20 seconds left.\n|\n|t:|1776577600\n|move|p1a: Garchomp|Protect|p1a: Garchomp\n|-singleturn|p1a: Garchomp|Protect\n|move|p1b: Orthworm|Protect|p1b: Orthworm\n|-singleturn|p1b: Orthworm|Protect\n|move|p2b: Incineroar|Fake Out|p1a: Garchomp\n|-activate|p1a: Garchomp|move: Protect\n|move|p2a: Greninja|Hydro Pump|p1b: Orthworm\n|-start|p2a: Greninja|typechange|Water|[from] ability: Protean\n|-activate|p1b: Orthworm|move: Protect\n|\n|upkeep\n|turn|2\n|\n|t:|1776577620\n|switch|p2a: Aerodactyl|Aerodactyl, L50, M|100/100\n|-ability|p2a: Aerodactyl|Unnerve\n|move|p1a: Garchomp|Earthquake|p2a: Aerodactyl|[spread] p2b\n|-immune|p1b: Orthworm|[from] ability: Earth Eater\n|-immune|p2a: Aerodactyl\n|-supereffective|p2b: Incineroar|1\n|-damage|p2b: Incineroar|55/100\n|move|p2b: Incineroar|Flare Blitz|p1b: Orthworm\n|-supereffective|p1b: Orthworm|1\n|-damage|p1b: Orthworm|50/100\n|-damage|p2b: Incineroar|40/100|[from] Recoil\n|move|p1b: Orthworm|Shed Tail|p1b: Orthworm\n|-fail|p1b: Orthworm|move: Shed Tail|[weak]\n|\n|upkeep\n|turn|3\n|inactive|Yofavewhiteboy has 30 seconds left.\n|\n|t:|1776577655\n|switch|p2b: Garchomp|Garchomp, L50, M|100/100\n|move|p2a: Aerodactyl|Rock Slide|p1a: Garchomp|[spread] p1a,p1b\n|-resisted|p1a: Garchomp|1\n|-resisted|p1b: Orthworm|1\n|-damage|p1a: Garchomp|87/100\n|-damage|p1b: Orthworm|42/100\n|move|p1a: Garchomp|Rock Slide|p2b: Garchomp|[spread] p2a,p2b\n|-supereffective|p2a: Aerodactyl|1\n|-resisted|p2b: Garchomp|1\n|-damage|p2a: Aerodactyl|56/100\n|-damage|p2b: Garchomp|94/100\n|cant|p1b: Orthworm|flinch\n|\n|upkeep\n|turn|4\n|\n|t:|1776577672\n|move|p2b: Garchomp|Dragon Claw|p1a: Garchomp\n|-supereffective|p1a: Garchomp|1\n|-damage|p1a: Garchomp|2/100\n|-damage|p2b: Garchomp|81/100|[from] ability: Rough Skin|[of] p1a: Garchomp\n|move|p2a: Aerodactyl|Rock Slide|p1a: Garchomp|[spread] p1a,p1b\n|-resisted|p1a: Garchomp|1\n|-resisted|p1b: Orthworm|1\n|-damage|p1a: Garchomp|0 fnt\n|-damage|p1b: Orthworm|36/100\n|faint|p1a: Garchomp\n|move|p1b: Orthworm|Body Press|p2b: Garchomp\n|-damage|p2b: Garchomp|47/100\n|-damage|p1b: Orthworm|23/100|[from] ability: Rough Skin|[of] p2b: Garchomp\n|\n|upkeep\n|\n|t:|1776577679\n|switch|p1a: Incineroar|Incineroar, L50, M|100/100\n|-ability|p1a: Incineroar|Intimidate|boost\n|-unboost|p2a: Aerodactyl|atk|1\n|-unboost|p2b: Garchomp|atk|1\n|turn|5\n|inactive|caustic soda has 30 seconds left.\n|\n|t:|1776577706\n|switch|p2b: Incineroar|Incineroar, L50, M|40/100\n|-ability|p2b: Incineroar|Intimidate|boost\n|-unboost|p1a: Incineroar|atk|1\n|-unboost|p1b: Orthworm|atk|1\n|move|p2a: Aerodactyl|Protect|p2a: Aerodactyl\n|-singleturn|p2a: Aerodactyl|Protect\n|move|p1a: Incineroar|Fake Out|p2a: Aerodactyl\n|-activate|p2a: Aerodactyl|move: Protect\n|move|p1b: Orthworm|Body Press|p2b: Incineroar\n|-supereffective|p2b: Incineroar|1\n|-enditem|p2b: Incineroar|Chople Berry|[eat]\n|-enditem|p2b: Incineroar|Chople Berry|[weaken]\n|-damage|p2b: Incineroar|11/100\n|\n|upkeep\n|turn|6\n|inactive|caustic soda has 30 seconds left.\n|\n|t:|1776577733\n|switch|p1b: Azumarill|Azumarill, L50, M|100/100\n|move|p2b: Incineroar|Fake Out|p1a: Incineroar\n|-damage|p1a: Incineroar|90/100\n|move|p2a: Aerodactyl|Rock Slide|p1a: Incineroar|[spread] p1a,p1b\n|-supereffective|p1a: Incineroar|1\n|-damage|p1a: Incineroar|57/100\n|-damage|p1b: Azumarill|79/100\n|cant|p1a: Incineroar|flinch\n|\n|upkeep\n|turn|7\n|\n|t:|1776577748\n|move|p2a: Aerodactyl|Rock Slide|p1b: Azumarill|[spread] p1a,p1b\n|-supereffective|p1a: Incineroar|1\n|-damage|p1a: Incineroar|27/100\n|-damage|p1b: Azumarill|61/100\n|move|p1b: Azumarill|Liquidation|p2a: Aerodactyl\n|-supereffective|p2a: Aerodactyl|1\n|-damage|p2a: Aerodactyl|0 fnt\n|faint|p2a: Aerodactyl\n|move|p2b: Incineroar|Parting Shot|p1b: Azumarill\n|-unboost|p1b: Azumarill|atk|1\n|-unboost|p1b: Azumarill|spa|1\n|\n|t:|1776577760\n|switch|p2b: Garchomp|Garchomp, L50, M|47/100|[from] Parting Shot\n|move|p1a: Incineroar|Parting Shot|p2b: Garchomp\n|-unboost|p2b: Garchomp|atk|1\n|-unboost|p2b: Garchomp|spa|1\n|\n|t:|1776577764\n|switch|p1a: Orthworm|Orthworm, L50, M|23/100|[from] Parting Shot\n|-enditem|p1a: Orthworm|Sitrus Berry|[eat]\n|-heal|p1a: Orthworm|48/100|[from] item: Sitrus Berry\n|\n|upkeep\n|\n|t:|1776577766\n|switch|p2a: Greninja|Greninja, L50, F|100/100\n|turn|8\n|inactive|caustic soda has 30 seconds left.\n|\n|t:|1776577793\n|switch|p1b: Incineroar|Incineroar, L50, M|27/100\n|-ability|p1b: Incineroar|Intimidate|boost\n|-unboost|p2a: Greninja|atk|1\n|-unboost|p2b: Garchomp|atk|1\n|move|p1a: Orthworm|Protect|p1a: Orthworm\n|-singleturn|p1a: Orthworm|Protect\n|move|p2b: Garchomp|Stomping Tantrum|p1b: Incineroar\n|-supereffective|p1b: Incineroar|1\n|-damage|p1b: Incineroar|0 fnt\n|faint|p1b: Incineroar\n|move|p2a: Greninja|Hydro Pump|p1a: Orthworm\n|-start|p2a: Greninja|typechange|Water|[from] ability: Protean\n|-activate|p1a: Orthworm|move: Protect\n|\n|upkeep\n|\n|t:|1776577797\n|switch|p1b: Azumarill|Azumarill, L50, M|61/100\n|turn|9\n|inactive|caustic soda has 30 seconds left.\n|inactive|caustic soda has 20 seconds left.\n|\n|t:|1776577833\n|switch|p2b: Incineroar|Incineroar, L50, M|11/100\n|-ability|p2b: Incineroar|Intimidate|boost\n|-unboost|p1a: Orthworm|atk|1\n|-unboost|p1b: Azumarill|atk|1\n|detailschange|p2a: Greninja|Greninja-Mega, L50, F\n|-mega|p2a: Greninja|Greninja|Greninjite\n|move|p2a: Greninja|Gunk Shot|p1b: Azumarill\n|-start|p2a: Greninja|typechange|Poison|[from] ability: Protean\n|-supereffective|p1b: Azumarill|1\n|-damage|p1b: Azumarill|0 fnt\n|faint|p1b: Azumarill\n|move|p1a: Orthworm|Body Press|p2a: Greninja\n|-resisted|p2a: Greninja|1\n|-damage|p2a: Greninja|73/100\n|\n|upkeep\n|turn|10\n|-message|Yofavewhiteboy forfeited.\n|\n|win|caustic soda\n|raw|Yofavewhiteboy's rating: 1077 &rarr; <strong>1060</strong><br />(-17 for losing)\n|raw|caustic soda's rating: 1151 &rarr; <strong>1171</strong><br />(+20 for winning)\n|l|\u2606Yofavewhiteboy\n|player|p1|\n",
  "uploadtime": 1776577856,
  "views": 9,
  "formatid": "gen9championsvgc2026regma",
  "rating": 1060,
  "private": 0,
  "password": null
}