{
  "id": "gen9championsvgc2026regma-2581637493",
  "format": "[Gen 9 Champions] VGC 2026 Reg M-A",
  "players": [
    "tpmorf",
    "Orosu1922"
  ],
  "log": "|j|\u2606tpmorf\n|j|\u2606Orosu1922\n|t:|1776016999\n|gametype|doubles\n|player|p1|tpmorf|169|1078\n|player|p2|Orosu1922|iris-gen5bw2|1066\n|gen|9\n|tier|[Gen 9 Champions] VGC 2026 Reg M-A\n|rated|\n|rule|Species Clause: Limit one of each Pok\u00e9mon\n|rule|Item Clause: Limit 1 of each item\n|clearpoke\n|poke|p1|Golurk, L50|\n|poke|p1|Oranguru, L50, F|\n|poke|p1|Kingambit, L50, F|\n|poke|p1|Talonflame, L50, F|\n|poke|p1|Venusaur, L50, F|\n|poke|p1|Glimmora, L50, M|\n|poke|p2|Feraligatr, L50, M|\n|poke|p2|Whimsicott, L50, F|\n|poke|p2|Basculegion-F, L50, F|\n|poke|p2|Farigiraf, L50, M|\n|poke|p2|Pelipper, L50, F|\n|poke|p2|Archaludon, L50, F|\n|teampreview|4\n|\n|t:|1776017048\n|teamsize|p1|4\n|teamsize|p2|4\n|start\n|switch|p1a: Oranguru|Oranguru, L50, F|100/100\n|switch|p1b: Golurk|Golurk, L50|100/100\n|switch|p2a: GATOR|Feraligatr, L50, M, shiny|100/100\n|switch|p2b: Farigiraf|Farigiraf, L50, M|100/100\n|turn|1\n|\n|t:|1776017065\n|detailschange|p2a: GATOR|Feraligatr-Mega, L50, M, shiny\n|-mega|p2a: GATOR|Feraligatr|Feraligite\n|move|p1b: Golurk|Protect|p1b: Golurk\n|-singleturn|p1b: Golurk|Protect\n|move|p2a: GATOR|Curse|p2a: GATOR\n|-unboost|p2a: GATOR|spe|1\n|-boost|p2a: GATOR|atk|1\n|-boost|p2a: GATOR|def|1\n|move|p2b: Farigiraf|Calm Mind|p2b: Farigiraf\n|-boost|p2b: Farigiraf|spa|1\n|-boost|p2b: Farigiraf|spd|1\n|move|p1a: Oranguru|Trick Room|p1a: Oranguru\n|-fieldstart|move: Trick Room|[of] p1a: Oranguru\n|\n|upkeep\n|turn|2\n|\n|t:|1776017099\n|detailschange|p1b: Golurk|Golurk-Mega, L50\n|-mega|p1b: Golurk|Golurk|Golurkite\n|move|p2a: GATOR|Liquidation|p1b: Golurk\n|-supereffective|p1b: Golurk|1\n|-damage|p1b: Golurk|0 fnt\n|faint|p1b: Golurk\n|move|p1a: Oranguru|Instruct|p1: Golurk|[notarget]\n|-fail|p1a: Oranguru\n|move|p2b: Farigiraf|Psychic Noise|p1a: Oranguru\n|-resisted|p1a: Oranguru|1\n|-damage|p1a: Oranguru|79/100\n|-start|p1a: Oranguru|move: Heal Block\n|\n|upkeep\n|\n|t:|1776017107\n|switch|p1b: Kingambit|Kingambit, L50, F|100/100\n|turn|3\n|inactive|Battle timer is ON: inactive players will automatically lose when time's up. (requested by tpmorf)\n|\n|t:|1776017128\n|switch|p2b: Pelipper|Pelipper, L50, F|100/100\n|-weather|RainDance|[from] ability: Drizzle|[of] p2b: Pelipper\n|move|p1b: Kingambit|Kowtow Cleave|p2b: Pelipper\n|-damage|p2b: Pelipper|42/100\n|move|p2a: GATOR|Liquidation|p1b: Kingambit\n|-damage|p1b: Kingambit|6/100\n|move|p1a: Oranguru|Instruct|p1b: Kingambit\n|-singleturn|p1b: Kingambit|move: Instruct|[of] p1a: Oranguru\n|move|p1b: Kingambit|Kowtow Cleave|p2b: Pelipper\n|-damage|p2b: Pelipper|0 fnt\n|faint|p2b: Pelipper\n|\n|-weather|RainDance|[upkeep]\n|-end|p1a: Oranguru|move: Heal Block\n|upkeep\n|\n|t:|1776017145\n|switch|p2b: Archaludon|Archaludon, L50, F|100/100\n|turn|4\n|\n|t:|1776017168\n|move|p1b: Kingambit|Protect|p1b: Kingambit\n|-singleturn|p1b: Kingambit|Protect\n|move|p2a: GATOR|Liquidation|p1a: Oranguru\n|-damage|p1a: Oranguru|0 fnt\n|faint|p1a: Oranguru\n|move|p2b: Archaludon|Electro Shot||[still]\n|-prepare|p2b: Archaludon|Electro Shot\n|-boost|p2b: Archaludon|spa|1\n|-anim|p2b: Archaludon|Electro Shot|p1b: Kingambit\n|-activate|p1b: Kingambit|move: Protect\n|\n|-weather|RainDance|[upkeep]\n|upkeep\n|\n|t:|1776017179\n|switch|p1a: Talonflame|Talonflame, L50, F|100/100\n|turn|5\n|\n|t:|1776017200\n|move|p1b: Kingambit|Sucker Punch|p2a: GATOR\n|-damage|p2a: GATOR|75/100\n|move|p2a: GATOR|Giga Impact|p1a: Talonflame\n|-enditem|p1a: Talonflame|Focus Sash\n|-damage|p1a: Talonflame|1/100\n|-mustrecharge|p2a: GATOR\n|move|p2b: Archaludon|Electro Shot||[still]\n|-prepare|p2b: Archaludon|Electro Shot\n|-boost|p2b: Archaludon|spa|1\n|-anim|p2b: Archaludon|Electro Shot|p1b: Kingambit\n|-damage|p1b: Kingambit|0 fnt\n|faint|p1b: Kingambit\n|move|p1a: Talonflame|Sunny Day|p1a: Talonflame\n|-weather|SunnyDay\n|\n|-weather|SunnyDay|[upkeep]\n|-fieldend|move: Trick Room\n|upkeep\n|turn|6\n|\n|t:|1776017221\n|move|p1a: Talonflame|Heat Wave|p2a: GATOR|[spread] p2b\n|-miss|p1a: Talonflame|p2a: GATOR\n|-damage|p2b: Archaludon|49/100\n|-ability|p2b: Archaludon|Stamina|boost\n|-boost|p2b: Archaludon|def|1\n|move|p2b: Archaludon|Electro Shot||[still]\n|-prepare|p2b: Archaludon|Electro Shot\n|-boost|p2b: Archaludon|spa|1\n|cant|p2a: GATOR|recharge\n|\n|-weather|SunnyDay|[upkeep]\n|upkeep\n|turn|7\n|\n|t:|1776017233\n|move|p1a: Talonflame|Heat Wave|p2a: GATOR|[spread] p2a,p2b\n|-resisted|p2a: GATOR|2\n|-damage|p2a: GATOR|65/100\n|-damage|p2b: Archaludon|3/100\n|-ability|p2b: Archaludon|Stamina|boost\n|-boost|p2b: Archaludon|def|1\n|move|p2b: Archaludon|Electro Shot|p1a: Talonflame|[from] lockedmove\n|-supereffective|p1a: Talonflame|1\n|-damage|p1a: Talonflame|0 fnt\n|faint|p1a: Talonflame\n|\n|win|Orosu1922\n|raw|tpmorf's rating: 1078 &rarr; <strong>1056</strong><br />(-22 for losing)\n|raw|Orosu1922's rating: 1066 &rarr; <strong>1097</strong><br />(+31 for winning)\n|l|\u2606tpmorf\n|player|p1|\n",
  "uploadtime": 1776017241,
  "views": 20,
  "formatid": "gen9championsvgc2026regma",
  "rating": 1056,
  "private": 0,
  "password": null
}