{
  "id": "gen9championsvgc2026regma-2580703985",
  "format": "[Gen 9 Champions] VGC 2026 Reg M-A",
  "players": [
    "ryankun26",
    "chzao"
  ],
  "log": "|j|\u2606ryankun26\n|j|\u2606chzao\n|t:|1775925657\n|gametype|doubles\n|player|p1|ryankun26|hilda|1000\n|player|p2|chzao|clay|1068\n|gen|9\n|tier|[Gen 9 Champions] VGC 2026 Reg M-A\n|rated|\n|rule|Species Clause: Limit one of each Pok\u00e9mon\n|rule|Item Clause: Limit 1 of each item\n|clearpoke\n|poke|p1|Skarmory, L50, F|\n|poke|p1|Meowscarada, L50, F|\n|poke|p1|Clefable, L50, F|\n|poke|p1|Pelipper, L50, M|\n|poke|p1|Hydreigon, L50, F|\n|poke|p1|Charizard, L50, M|\n|poke|p2|Vanilluxe, L50, M|\n|poke|p2|Hawlucha, L50, F|\n|poke|p2|Farigiraf, L50, F|\n|poke|p2|Meganium, L50, M|\n|poke|p2|Aegislash, L50, F|\n|poke|p2|Arcanine-Hisui, L50, F|\n|teampreview|4\n|inactive|Battle timer is ON: inactive players will automatically lose when time's up. (requested by ryankun26)\n|inactive|chzao also wants the timer to be on.\n|inactive|ryankun26 has 60 seconds left.\n|inactive|chzao has 60 seconds left.\n|\n|t:|1775925717\n|teamsize|p1|4\n|teamsize|p2|4\n|start\n|switch|p1a: Pelipper|Pelipper, L50, M|100/100\n|switch|p1b: Skarmory|Skarmory, L50, F|100/100\n|switch|p2a: Arcanine|Arcanine-Hisui, L50, F|100/100\n|switch|p2b: Aegislash|Aegislash, L50, F|100/100\n|-ability|p2a: Arcanine|Intimidate|boost\n|-unboost|p1a: Pelipper|atk|1\n|-unboost|p1b: Skarmory|atk|1\n|-weather|RainDance|[from] ability: Drizzle|[of] p1a: Pelipper\n|turn|1\n|\n|t:|1775925731\n|switch|p1b: Hydreigon|Hydreigon, L50, F|100/100\n|move|p2a: Arcanine|Rock Slide|p1a: Pelipper|[spread] p1a,p1b\n|-supereffective|p1a: Pelipper|1\n|-damage|p1a: Pelipper|25/100\n|-damage|p1b: Hydreigon|72/100\n|move|p1a: Pelipper|Weather Ball|p2a: Arcanine\n|-supereffective|p2a: Arcanine|2\n|-damage|p2a: Arcanine|0 fnt\n|faint|p2a: Arcanine\n|-formechange|p2b: Aegislash|Aegislash-Blade|\n|move|p2b: Aegislash|Shadow Ball|p1a: Pelipper\n|-damage|p1a: Pelipper|0 fnt\n|faint|p1a: Pelipper\n|\n|-weather|RainDance|[upkeep]\n|upkeep\n|\n|t:|1775925753\n|switch|p2a: Hawlucha|Hawlucha, L50, F|100/100\n|switch|p1a: Skarmory|Skarmory, L50, F|100/100\n|turn|2\n|\n|t:|1775925764\n|detailschange|p2a: Hawlucha|Hawlucha-Mega, L50, F\n|-mega|p2a: Hawlucha|Hawlucha|Hawluchanite\n|detailschange|p1a: Skarmory|Skarmory-Mega, L50, F\n|-mega|p1a: Skarmory|Skarmory|Skarmorite\n|move|p1b: Hydreigon|Protect|p1b: Hydreigon\n|-singleturn|p1b: Hydreigon|Protect\n|-formechange|p2b: Aegislash|Aegislash|\n|move|p2b: Aegislash|King's Shield|p2b: Aegislash\n|-singleturn|p2b: Aegislash|Protect\n|move|p1a: Skarmory|Brave Bird|p2a: Hawlucha\n|-supereffective|p2a: Hawlucha|1\n|-damage|p2a: Hawlucha|0 fnt\n|faint|p2a: Hawlucha\n|-damage|p1a: Skarmory|60/100|[from] Recoil\n|\n|-weather|RainDance|[upkeep]\n|upkeep\n|\n|t:|1775925772\n|switch|p2a: Meganium|Meganium, L50, M|100/100\n|turn|3\n|\n|t:|1775925785\n|move|p1a: Skarmory|Brave Bird|p2a: Meganium\n|-supereffective|p2a: Meganium|1\n|-damage|p2a: Meganium|0 fnt\n|faint|p2a: Meganium\n|-damage|p1a: Skarmory|23/100|[from] Recoil\n|move|p1b: Hydreigon|Dark Pulse|p2b: Aegislash\n|-supereffective|p2b: Aegislash|1\n|-damage|p2b: Aegislash|50/100\n|-formechange|p2b: Aegislash|Aegislash-Blade|\n|move|p2b: Aegislash|Shadow Ball|p1a: Skarmory\n|-damage|p1a: Skarmory|0 fnt\n|faint|p1a: Skarmory\n|\n|-weather|RainDance|[upkeep]\n|upkeep\n|\n|t:|1775925796\n|switch|p1a: Meowscarada|Meowscarada, L50, F|100/100\n|turn|4\n|\n|t:|1775925802\n|move|p1a: Meowscarada|Protect|p1a: Meowscarada\n|-singleturn|p1a: Meowscarada|Protect\n|-formechange|p2b: Aegislash|Aegislash|\n|move|p2b: Aegislash|King's Shield|p2b: Aegislash\n|-singleturn|p2b: Aegislash|Protect\n|move|p1b: Hydreigon|Dark Pulse|p2b: Aegislash\n|-activate|p2b: Aegislash|move: Protect\n|\n|-weather|RainDance|[upkeep]\n|upkeep\n|turn|5\n|\n|t:|1775925811\n|move|p1a: Meowscarada|Knock Off|p2b: Aegislash\n|-supereffective|p2b: Aegislash|1\n|-damage|p2b: Aegislash|0 fnt\n|-enditem|p2b: Aegislash|King's Rock|[from] move: Knock Off|[of] p1a: Meowscarada\n|faint|p2b: Aegislash\n|\n|win|ryankun26\n|raw|ryankun26's rating: 1000 &rarr; <strong>1048</strong><br />(+48 for winning)\n|raw|chzao's rating: 1068 &rarr; <strong>1044</strong><br />(-24 for losing)\n|l|\u2606chzao\n|player|p2|\n",
  "uploadtime": 1775925820,
  "views": 25,
  "formatid": "gen9championsvgc2026regma",
  "rating": 1044,
  "private": 0,
  "password": null
}