{
  "id": "gen9championsvgc2026regma-2588514129",
  "format": "[Gen 9 Champions] VGC 2026 Reg M-A",
  "players": [
    "Nightfront",
    "CJG727_"
  ],
  "log": "|j|\u2606Nightfront\n|j|\u2606CJG727_\n|html|<table width=\"100%\"><tr><td align=\"left\">Nightfront</td><td align=\"right\">CJG727_</tr><tr><td align=\"left\"><i class=\"fa fa-circle\"></i> <i class=\"fa fa-circle-o\"></i> </td><td align=\"right\"><i class=\"fa fa-circle-o\"></i> <i class=\"fa fa-circle\"></i> </tr></table>\n|uhtml|bestof|<h2><strong>Game 3</strong> of <a href=\"/game-bestof3-gen9championsvgc2026regma-2588508221\">a best-of-3</a></h2>\n|t:|1776640522\n|gametype|doubles\n|player|p1|Nightfront|winona-gen6|\n|player|p2|CJG727_|acetrainerf-gen4|\n|gen|9\n|tier|[Gen 9 Champions] VGC 2026 Reg M-A\n|rule|Species Clause: Limit one of each Pok\u00e9mon\n|rule|Item Clause: Limit 1 of each item\n|raw|<div class=\"infobox\"><details class=\"readmore\" open><summary><strong>1 custom rule:</strong></summary> Best of = 3</details></div>\n|clearpoke\n|poke|p1|Sneasler, L50, F|\n|poke|p1|Meowstic, L50, M|\n|poke|p1|Rotom-Fan, L50|\n|poke|p1|Goodra-Hisui, L50, F|\n|poke|p1|Venusaur, L50, M|\n|poke|p1|Mamoswine, L50, F|\n|poke|p2|Archaludon, L50, M|\n|poke|p2|Pelipper, L50, M|\n|poke|p2|Basculegion, L50, M|\n|poke|p2|Kangaskhan, L50, F|\n|poke|p2|Gallade, L50, M|\n|poke|p2|Orthworm, L50, M|\n|teampreview|4\nNightfront rejected open team sheets.\n|\n|t:|1776640563\n|teamsize|p1|4\n|teamsize|p2|4\n|start\n|switch|p1a: Sneasler|Sneasler, L50, F|100/100\n|switch|p1b: Rotom|Rotom-Fan, L50|100/100\n|switch|p2a: Orthworm|Orthworm, L50, M|100/100\n|switch|p2b: Pelipper|Pelipper, L50, M|100/100\n|-weather|RainDance|[from] ability: Drizzle|[of] p2b: Pelipper\n|turn|1\n|\n|t:|1776640616\n|switch|p2b: Archaludon|Archaludon, L50, M|100/100\n|move|p1b: Rotom|Volt Switch|p2b: Archaludon\n|-resisted|p2b: Archaludon|1\n|-damage|p2b: Archaludon|79/100\n|\n|t:|1776640621\n|switch|p1b: Meowstic|Meowstic, L50, M|100/100|[from] Volt Switch\n|move|p1a: Sneasler|Close Combat|p2a: Orthworm\n|-supereffective|p2a: Orthworm|1\n|-damage|p2a: Orthworm|32/100\n|-unboost|p1a: Sneasler|def|1\n|-unboost|p1a: Sneasler|spd|1\n|-enditem|p2a: Orthworm|Sitrus Berry|[eat]\n|-heal|p2a: Orthworm|56/100|[from] item: Sitrus Berry\n|-enditem|p1a: Sneasler|White Herb\n|-clearnegativeboost|p1a: Sneasler|[silent]\n|move|p2a: Orthworm|Shed Tail|p2a: Orthworm\n|-start|p2a: Orthworm|Substitute|[from] move: Shed Tail\n|-damage|p2a: Orthworm|6/100\n|\n|t:|1776640645\n|switch|p2a: Kangaskhan|Kangaskhan, L50, F|100/100|[from] Shed Tail\n|\n|-weather|RainDance|[upkeep]\n|upkeep\n|turn|2\n|\n|t:|1776640690\n|detailschange|p2a: Kangaskhan|Kangaskhan-Mega, L50, F\n|-mega|p2a: Kangaskhan|Kangaskhan|Kangaskhanite\n|move|p1a: Sneasler|Protect|p1a: Sneasler\n|-singleturn|p1a: Sneasler|Protect\n|move|p2a: Kangaskhan|Fake Out|p1a: Sneasler\n|-activate|p1a: Sneasler|move: Protect\n|move|p1b: Meowstic|Light Screen|p1b: Meowstic\n|-sidestart|p1: Nightfront|move: Light Screen\n|move|p2b: Archaludon|Electro Shot||[still]\n|-prepare|p2b: Archaludon|Electro Shot\n|-boost|p2b: Archaludon|spa|1\n|-anim|p2b: Archaludon|Electro Shot|p1a: Sneasler\n|-activate|p1a: Sneasler|move: Protect\n|\n|-weather|RainDance|[upkeep]\n|upkeep\n|turn|3\n|\n|t:|1776640707\n|switch|p2b: Orthworm|Orthworm, L50, M|6/100\n|move|p1b: Meowstic|Reflect|p1b: Meowstic\n|-sidestart|p1: Nightfront|Reflect\n|move|p1a: Sneasler|Close Combat|p2b: Orthworm\n|-supereffective|p2b: Orthworm|1\n|-damage|p2b: Orthworm|0 fnt\n|-unboost|p1a: Sneasler|def|1\n|-unboost|p1a: Sneasler|spd|1\n|faint|p2b: Orthworm\n|move|p2a: Kangaskhan|Double-Edge|p1a: Sneasler\n|-damage|p1a: Sneasler|1/100\n|-damage|p1a: Sneasler|0 fnt\n|faint|p1a: Sneasler\n|-hitcount|p1: Sneasler|2\n|-damage|p2a: Kangaskhan|70/100|[from] Recoil\n|\n|-weather|RainDance|[upkeep]\n|upkeep\n|\n|t:|1776640728\n|switch|p1a: Goodra|Goodra-Hisui, L50, F|100/100\n|switch|p2b: Archaludon|Archaludon, L50, M|79/100\n|turn|4\n|\n|t:|1776640744\n|move|p2a: Kangaskhan|Drain Punch|p1a: Goodra\n|-supereffective|p1a: Goodra|1\n|-damage|p1a: Goodra|72/100\n|-heal|p2a: Kangaskhan|85/100|[from] drain|[of] p1a: Goodra\n|-ability|p1a: Goodra|Gooey\n|-unboost|p2a: Kangaskhan|spe|1\n|-supereffective|p1a: Goodra|1\n|-damage|p1a: Goodra|65/100\n|-heal|p2a: Kangaskhan|89/100|[from] drain|[of] p1a: Goodra\n|-ability|p1a: Goodra|Gooey\n|-unboost|p2a: Kangaskhan|spe|1\n|-hitcount|p1a: Goodra|2\n|move|p2b: Archaludon|Electro Shot||[still]\n|-prepare|p2b: Archaludon|Electro Shot\n|-boost|p2b: Archaludon|spa|1\n|-anim|p2b: Archaludon|Electro Shot|p1b: Meowstic\n|-damage|p1b: Meowstic|65/100\n|move|p1b: Meowstic|Psychic|p2a: Kangaskhan\n|-crit|p2a: Kangaskhan\n|-end|p2a: Kangaskhan|Substitute\n|move|p1a: Goodra|Shelter|p1a: Goodra\n|-boost|p1a: Goodra|def|2\n|\n|-weather|RainDance|[upkeep]\n|-heal|p1a: Goodra|71/100|[from] item: Leftovers\n|upkeep\n|turn|5\n|\n|t:|1776640770\n|move|p1b: Meowstic|Charm|p2a: Kangaskhan\n|-unboost|p2a: Kangaskhan|atk|2\n|move|p2b: Archaludon|Draco Meteor|p1a: Goodra\n|-damage|p1a: Goodra|33/100\n|-unboost|p2b: Archaludon|spa|2\n|move|p1a: Goodra|Shelter|p1a: Goodra\n|-boost|p1a: Goodra|def|2\n|move|p2a: Kangaskhan|Double-Edge|p1b: Meowstic\n|-damage|p1b: Meowstic|42/100\n|-damage|p1b: Meowstic|37/100\n|-hitcount|p1b: Meowstic|2\n|-damage|p2a: Kangaskhan|80/100|[from] Recoil\n|\n|-weather|none\n|-heal|p1a: Goodra|38/100|[from] item: Leftovers\n|upkeep\n|turn|6\n|\n|t:|1776640796\n|switch|p2a: Pelipper|Pelipper, L50, M|100/100\n|-weather|RainDance|[from] ability: Drizzle|[of] p2a: Pelipper\n|move|p2b: Archaludon|Electro Shot||[still]\n|-prepare|p2b: Archaludon|Electro Shot\n|-boost|p2b: Archaludon|spa|1\n|-anim|p2b: Archaludon|Electro Shot|p1b: Meowstic\n|-damage|p1b: Meowstic|12/100\n|move|p1b: Meowstic|Psychic|p2b: Archaludon\n|-resisted|p2b: Archaludon|1\n|-damage|p2b: Archaludon|63/100\n|-unboost|p2b: Archaludon|spd|1\n|move|p1a: Goodra|Body Press|p2b: Archaludon\n|-supereffective|p2b: Archaludon|1\n|-enditem|p2b: Archaludon|Chople Berry|[eat]\n|-enditem|p2b: Archaludon|Chople Berry|[weaken]\n|-damage|p2b: Archaludon|14/100\n|\n|-weather|RainDance|[upkeep]\n|-heal|p1a: Goodra|44/100|[from] item: Leftovers\n|-sideend|p1: Nightfront|move: Light Screen\n|upkeep\n|turn|7\n|\n|t:|1776640816\n|move|p1a: Goodra|Protect|p1a: Goodra\n|-singleturn|p1a: Goodra|Protect\n|move|p1b: Meowstic|Light Screen|p1b: Meowstic\n|-sidestart|p1: Nightfront|move: Light Screen\n|move|p2b: Archaludon|Draco Meteor|p1a: Goodra\n|-activate|p1a: Goodra|move: Protect\n|move|p2a: Pelipper|Tailwind|p2a: Pelipper\n|-sidestart|p2: CJG727_|move: Tailwind\n|\n|-weather|RainDance|[upkeep]\n|-heal|p1a: Goodra|50/100|[from] item: Leftovers\n|-sideend|p1: Nightfront|Reflect\n|upkeep\n|turn|8\n|\n|t:|1776640828\n|move|p1b: Meowstic|Reflect|p1b: Meowstic\n|-sidestart|p1: Nightfront|Reflect\n|move|p2b: Archaludon|Draco Meteor|p1a: Goodra\n|-damage|p1a: Goodra|26/100\n|-unboost|p2b: Archaludon|spa|2\n|move|p2a: Pelipper|Hurricane|p1a: Goodra\n|-resisted|p1a: Goodra|1\n|-damage|p1a: Goodra|15/100\n|move|p1a: Goodra|Body Press|p2b: Archaludon\n|-supereffective|p2b: Archaludon|1\n|-damage|p2b: Archaludon|0 fnt\n|faint|p2b: Archaludon\n|\n|-weather|RainDance|[upkeep]\n|-heal|p1a: Goodra|21/100|[from] item: Leftovers\n|upkeep\n|\n|t:|1776640839\n|switch|p2b: Kangaskhan|Kangaskhan-Mega, L50, F|80/100\n|turn|9\n|\n|t:|1776640857\n|move|p1a: Goodra|Protect|p1a: Goodra\n|-singleturn|p1a: Goodra|Protect\n|move|p2b: Kangaskhan|Fake Out|p1b: Meowstic\n|-damage|p1b: Meowstic|0 fnt\n|faint|p1b: Meowstic\n|-hitcount|p1: Meowstic|1\n|move|p2a: Pelipper|Hurricane|p1a: Goodra\n|-activate|p1a: Goodra|move: Protect\n|\n|-weather|RainDance|[upkeep]\n|-heal|p1a: Goodra|27/100|[from] item: Leftovers\n|upkeep\n|\n|t:|1776640863\n|switch|p1b: Rotom|Rotom-Fan, L50|100/100\n|turn|10\n|\n|t:|1776640873\n|move|p2a: Pelipper|Protect|p2a: Pelipper\n|-singleturn|p2a: Pelipper|Protect\n|move|p2b: Kangaskhan|Double-Edge|p1b: Rotom\n|-damage|p1b: Rotom|51/100\n|-damage|p1b: Rotom|39/100\n|-hitcount|p1b: Rotom|2\n|-damage|p2b: Kangaskhan|64/100|[from] Recoil\n|move|p1b: Rotom|Thunderbolt|p2a: Pelipper\n|-activate|p2a: Pelipper|move: Protect\n|move|p1a: Goodra|Body Press|p2b: Kangaskhan\n|-supereffective|p2b: Kangaskhan|1\n|-damage|p2b: Kangaskhan|0 fnt\n|faint|p2b: Kangaskhan\n|\n|-weather|none\n|-heal|p1a: Goodra|33/100|[from] item: Leftovers\n|-sideend|p2: CJG727_|move: Tailwind\n|upkeep\n|turn|11\n|\n|t:|1776640903\n|move|p1b: Rotom|Thunderbolt|p2a: Pelipper\n|-supereffective|p2a: Pelipper|2\n|-enditem|p2a: Pelipper|Focus Sash\n|-damage|p2a: Pelipper|1/100\n|move|p2a: Pelipper|Hurricane|p1b: Rotom\n|-resisted|p1b: Rotom|1\n|-damage|p1b: Rotom|20/100\n|-start|p1b: Rotom|confusion\n|move|p1a: Goodra|Body Press|p2a: Pelipper\n|-resisted|p2a: Pelipper|1\n|-damage|p2a: Pelipper|0 fnt\n|faint|p2a: Pelipper\n|\n|win|Nightfront\n|c|\u2606CJG727_|Ggs\n",
  "uploadtime": 1776640945,
  "views": 7,
  "formatid": "gen9championsvgc2026regma",
  "rating": null,
  "private": 0,
  "password": null
}