{
  "id": "gen9championsvgc2026regma-2589461199",
  "format": "[Gen 9 Champions] VGC 2026 Reg M-A",
  "players": [
    "Apex GuangGuang",
    "MimikyuBot"
  ],
  "log": "|j|\u2606Apex GuangGuang\n|j|\u2606MimikyuBot\n|t:|1776725008\n|gametype|doubles\n|player|p1|Apex GuangGuang|scientist-gen4dp|1000\n|player|p2|MimikyuBot|266|1000\n|gen|9\n|tier|[Gen 9 Champions] VGC 2026 Reg M-A\n|rated|\n|rule|Species Clause: Limit one of each Pok\u00e9mon\n|rule|Item Clause: Limit 1 of each item\n|clearpoke\n|poke|p1|Dragonite, L50, M, shiny|\n|poke|p1|Politoed, L50, M|\n|poke|p1|Starmie, L50|\n|poke|p1|Farigiraf, L50, F|\n|poke|p1|Kingambit, L50, M, shiny|\n|poke|p1|Victreebel, L50, F|\n|poke|p2|Aegislash, L50, M, shiny|\n|poke|p2|Whimsicott, L50, M, shiny|\n|poke|p2|Gallade, L50, M, shiny|\n|poke|p2|Incineroar, L50, F, shiny|\n|poke|p2|Clefable, L50, F, shiny|\n|poke|p2|Milotic, L50, F, shiny|\n|teampreview|4\nMimikyuBot has agreed to open team sheets.\nApex GuangGuang rejected open team sheets.\n|\n|t:|1776725047\n|teamsize|p1|4\n|teamsize|p2|4\n|start\n|switch|p1a: Dragonite|Dragonite, L50, M, shiny|100/100\n|switch|p1b: Politoed|Politoed, L50, M|100/100\n|switch|p2a: Whimsicott|Whimsicott, L50, M, shiny|100/100\n|switch|p2b: Gallade|Gallade, L50, M, shiny|100/100\n|-weather|RainDance|[from] ability: Drizzle|[of] p1b: Politoed\n|turn|1\n|inactive|Battle timer is ON: inactive players will automatically lose when time's up. (requested by MimikyuBot)\n|\n|t:|1776725076\n|detailschange|p2b: Gallade|Gallade-Mega, L50, M, shiny\n|-mega|p2b: Gallade|Gallade|Galladite\n|detailschange|p1a: Dragonite|Dragonite-Mega, L50, M, shiny\n|-mega|p1a: Dragonite|Dragonite|Dragoninite\n|move|p2a: Whimsicott|Moonblast|p1b: Politoed\n|-damage|p1b: Politoed|70/100\n|move|p2b: Gallade|Sacred Sword|p1b: Politoed\n|-damage|p1b: Politoed|18/100\n|move|p1a: Dragonite|Hurricane|p2a: Whimsicott\n|-supereffective|p2a: Whimsicott|1\n|-crit|p2a: Whimsicott\n|-enditem|p2a: Whimsicott|Focus Sash\n|-damage|p2a: Whimsicott|1/100\n|-start|p2a: Whimsicott|confusion\n|move|p1b: Politoed|Ice Beam|p2a: Whimsicott\n|-supereffective|p2a: Whimsicott|1\n|-damage|p2a: Whimsicott|0 fnt\n|faint|p2a: Whimsicott\n|\n|-weather|RainDance|[upkeep]\n|-heal|p1b: Politoed|24/100|[from] item: Leftovers\n|upkeep\n|\n|t:|1776725076\n|switch|p2a: Aegislash|Aegislash, L50, M, shiny|100/100\n|turn|2\n|\n|t:|1776725093\n|switch|p1b: Farigiraf|Farigiraf, L50, F|100/100\n|-formechange|p2a: Aegislash|Aegislash-Blade|\n|move|p2a: Aegislash|Shadow Sneak||[still]\n|cant|p1b: Farigiraf|ability: Armor Tail|Shadow Sneak|[of] p2a: Aegislash\n|move|p2b: Gallade|Sacred Sword|p1b: Farigiraf\n|-damage|p1b: Farigiraf|52/100\n|move|p1a: Dragonite|Hurricane|p2b: Gallade\n|-supereffective|p2b: Gallade|1\n|-damage|p2b: Gallade|0 fnt\n|faint|p2b: Gallade\n|\n|-weather|RainDance|[upkeep]\n|upkeep\n|\n|t:|1776725093\n|switch|p2b: Incineroar|Incineroar, L50, F, shiny|100/100\n|-ability|p2b: Incineroar|Intimidate|boost\n|-unboost|p1a: Dragonite|atk|1\n|-unboost|p1b: Farigiraf|atk|1\n|turn|3\n|inactive|Apex GuangGuang has 30 seconds left.\n|\n|t:|1776725119\n|move|p2b: Incineroar|Fake Out||[still]\n|cant|p1b: Farigiraf|ability: Armor Tail|Fake Out|[of] p2b: Incineroar\n|move|p1a: Dragonite|Weather Ball|p2b: Incineroar\n|-supereffective|p2b: Incineroar|1\n|-damage|p2b: Incineroar|17/100\n|move|p2a: Aegislash|Iron Head|p1b: Farigiraf\n|-damage|p1b: Farigiraf|10/100\n|move|p1b: Farigiraf|Hyper Voice|p2b: Incineroar|[spread] p2b\n|-immune|p2a: Aegislash\n|-damage|p2b: Incineroar|0 fnt\n|faint|p2b: Incineroar\n|\n|-weather|RainDance|[upkeep]\n|upkeep\n|turn|4\n|\n|t:|1776725132\n|switch|p1b: Starmie|Starmie, L50|100/100\n|move|p1a: Dragonite|Weather Ball|p2a: Aegislash\n|-damage|p2a: Aegislash|4/100\n|move|p2a: Aegislash|Iron Head|p1b: Starmie\n|-resisted|p1b: Starmie|1\n|-damage|p1b: Starmie|58/100\n|\n|-weather|RainDance|[upkeep]\n|upkeep\n|turn|5\n|\n|t:|1776725142\n|move|p2a: Aegislash|Shadow Sneak|p1b: Starmie\n|-supereffective|p1b: Starmie|1\n|-damage|p1b: Starmie|0 fnt\n|faint|p1b: Starmie\n|move|p1a: Dragonite|Thunder|p2a: Aegislash\n|-damage|p2a: Aegislash|0 fnt\n|faint|p2a: Aegislash\n|\n|win|Apex GuangGuang\n",
  "uploadtime": 1776725049,
  "views": 3,
  "formatid": "gen9championsvgc2026regma",
  "rating": null,
  "private": 0,
  "password": null
}