{
  "id": "gen9championsvgc2026regma-2585121788",
  "format": "[Gen 9 Champions] VGC 2026 Reg M-A",
  "players": [
    "Pinnecks",
    "avengdm"
  ],
  "log": "|j|\u2606Pinnecks\n|j|\u2606avengdm\n|t:|1776314302\n|gametype|doubles\n|player|p1|Pinnecks|lyra|1075\n|player|p2|avengdm|aromalady|1080\n|gen|9\n|tier|[Gen 9 Champions] VGC 2026 Reg M-A\n|rated|\n|rule|Species Clause: Limit one of each Pok\u00e9mon\n|rule|Item Clause: Limit 1 of each item\n|clearpoke\n|poke|p1|Aerodactyl, L50, M|\n|poke|p1|Altaria, L50, F|\n|poke|p1|Milotic, L50, F|\n|poke|p1|Aegislash, L50, M|\n|poke|p1|Salazzle, L50, F|\n|poke|p1|Raichu-Alola, L50, F|\n|poke|p2|Sylveon, L50, M|\n|poke|p2|Starmie, L50|\n|poke|p2|Sinistcha-Masterpiece, L50|\n|poke|p2|Incineroar, L50, F|\n|poke|p2|Kingambit, L50, M|\n|poke|p2|Sneasler, L50, M|\n|teampreview|4\n|inactive|Battle timer is ON: inactive players will automatically lose when time's up. (requested by Pinnecks)\n|\n|t:|1776314329\n|teamsize|p1|4\n|teamsize|p2|4\n|start\n|switch|p1a: Milotic|Milotic, L50, F|100/100\n|switch|p1b: Aerodactyl|Aerodactyl, L50, M|100/100\n|switch|p2a: Kingambit|Kingambit, L50, M|100/100\n|switch|p2b: Incineroar|Incineroar, L50, F|100/100\n|-ability|p1b: Aerodactyl|Unnerve\n|-ability|p2b: Incineroar|Intimidate|boost\n|-unboost|p1a: Milotic|atk|1\n|-ability|p1a: Milotic|Competitive|boost\n|-boost|p1a: Milotic|spa|2\n|-unboost|p1b: Aerodactyl|atk|1\n|turn|1\n|\n|t:|1776314352\n|move|p1a: Milotic|Protect|p1a: Milotic\n|-singleturn|p1a: Milotic|Protect\n|move|p2b: Incineroar|Fake Out|p1b: Aerodactyl\n|-resisted|p1b: Aerodactyl|1\n|-damage|p1b: Aerodactyl|89/100\n|cant|p1b: Aerodactyl|flinch\n|move|p2a: Kingambit|Kowtow Cleave|p1b: Aerodactyl\n|-damage|p1b: Aerodactyl|15/100\n|\n|upkeep\n|turn|2\n|inactive|avengdm has 30 seconds left.\n|\n|t:|1776314386\n|move|p1b: Aerodactyl|Tailwind|p1b: Aerodactyl\n|-sidestart|p1: Pinnecks|move: Tailwind\n|move|p1a: Milotic|Muddy Water|p2b: Incineroar|[spread] p2b\n|-miss|p1a: Milotic|p2a: Kingambit\n|-supereffective|p2b: Incineroar|1\n|-damage|p2b: Incineroar|0 fnt\n|faint|p2b: Incineroar\n|move|p2a: Kingambit|Kowtow Cleave|p1a: Milotic\n|-damage|p1a: Milotic|55/100\n|\n|-heal|p1a: Milotic|60/100|[from] item: Leftovers\n|upkeep\n|\n|t:|1776314395\n|switch|p2b: Sneasler|Sneasler, L50, M|100/100\n|turn|3\n|\n|t:|1776314409\n|move|p1a: Milotic|Protect|p1a: Milotic\n|-singleturn|p1a: Milotic|Protect\n|move|p2b: Sneasler|Fake Out|p1a: Milotic\n|-activate|p1a: Milotic|move: Protect\n|move|p1b: Aerodactyl|Dual Wingbeat|p2b: Sneasler\n|-supereffective|p2b: Sneasler|1\n|-damage|p2b: Sneasler|60/100\n|-supereffective|p2b: Sneasler|1\n|-damage|p2b: Sneasler|20/100\n|-hitcount|p2b: Sneasler|2\n|move|p2a: Kingambit|Kowtow Cleave|p1b: Aerodactyl\n|-damage|p1b: Aerodactyl|0 fnt\n|faint|p1b: Aerodactyl\n|\n|-heal|p1a: Milotic|66/100|[from] item: Leftovers\n|upkeep\n|\n|t:|1776314427\n|switch|p1b: Altaria|Altaria, L50, F, shiny|100/100\n|-ability|p1b: Altaria|Cloud Nine\n|turn|4\n|\n|t:|1776314442\n|detailschange|p1b: Altaria|Altaria-Mega, L50, F, shiny\n|-mega|p1b: Altaria|Altaria|Altarianite\n|move|p2a: Kingambit|Protect|p2a: Kingambit\n|-singleturn|p2a: Kingambit|Protect\n|move|p1b: Altaria|Flamethrower|p2a: Kingambit\n|-activate|p2a: Kingambit|move: Protect\n|move|p1a: Milotic|Muddy Water|p2a: Kingambit|[spread] p2b\n|-activate|p2a: Kingambit|move: Protect\n|-damage|p2b: Sneasler|0 fnt\n|faint|p2b: Sneasler\n|\n|-heal|p1a: Milotic|72/100|[from] item: Leftovers\n|upkeep\n|\n|t:|1776314452\n|switch|p2b: Starmie|Starmie, L50|100/100\n|turn|5\n|\n|t:|1776314468\n|move|p1b: Altaria|Protect|p1b: Altaria\n|-singleturn|p1b: Altaria|Protect\n|move|p1a: Milotic|Protect|p1a: Milotic\n|-singleturn|p1a: Milotic|Protect\n|move|p2b: Starmie|Protect|p2b: Starmie\n|-singleturn|p2b: Starmie|Protect\n|move|p2a: Kingambit|Sucker Punch||[still]\n|-fail|p2a: Kingambit\n|\n|-heal|p1a: Milotic|78/100|[from] item: Leftovers\n|-sideend|p1: Pinnecks|move: Tailwind\n|upkeep\n|turn|6\n|\n|t:|1776314492\n|switch|p1a: Raichu|Raichu-Alola, L50, F|100/100\n|detailschange|p2b: Starmie|Starmie-Mega, L50\n|-mega|p2b: Starmie|Starmie|Starminite\n|move|p2a: Kingambit|Sucker Punch||[still]\n|-fail|p2a: Kingambit\n|move|p2b: Starmie|Zen Headbutt|p1a: Raichu\n|-resisted|p1a: Raichu|1\n|-damage|p1a: Raichu|9/100\n|move|p1b: Altaria|Hyper Voice|p2b: Starmie|[spread] p2a,p2b\n|-damage|p2a: Kingambit|59/100\n|-damage|p2b: Starmie|46/100\n|\n|upkeep\n|turn|7\n|\n|t:|1776314517\n|move|p2a: Kingambit|Sucker Punch||[still]\n|-fail|p2a: Kingambit\n|move|p1a: Raichu|Speed Swap|p1b: Altaria\n|-activate|p1a: Raichu|move: Speed Swap|[of] p1b: Altaria\n|move|p1b: Altaria|Flamethrower|p2a: Kingambit\n|-supereffective|p2a: Kingambit|1\n|-damage|p2a: Kingambit|0 fnt\n|faint|p2a: Kingambit\n|move|p2b: Starmie|Zen Headbutt|p1b: Altaria|[miss]\n|-miss|p2b: Starmie|p1b: Altaria\n|\n|upkeep\n|turn|8\n|-message|avengdm forfeited.\n|\n|win|Pinnecks\n|raw|Pinnecks's rating: 1075 &rarr; <strong>1104</strong><br />(+29 for winning)\n|raw|avengdm's rating: 1080 &rarr; <strong>1058</strong><br />(-22 for losing)\n|l|\u2606avengdm\n|player|p2|\n",
  "uploadtime": 1776314532,
  "views": 23,
  "formatid": "gen9championsvgc2026regma",
  "rating": 1058,
  "private": 0,
  "password": null
}