{
  "id": "gen9championsvgc2026regma-2588459083",
  "format": "[Gen 9 Champions] VGC 2026 Reg M-A",
  "players": [
    "Zapdos79",
    "Couchrep"
  ],
  "log": "|j|\u2606Zapdos79\n|j|\u2606Couchrep\n|t:|1776635368\n|gametype|doubles\n|player|p1|Zapdos79|flannery|1081\n|player|p2|Couchrep|hiker-gen1|1117\n|gen|9\n|tier|[Gen 9 Champions] VGC 2026 Reg M-A\n|rated|\n|rule|Species Clause: Limit one of each Pok\u00e9mon\n|rule|Item Clause: Limit 1 of each item\n|clearpoke\n|poke|p1|Tyranitar, L50, M|\n|poke|p1|Basculegion, L50, M|\n|poke|p1|Excadrill, L50, M|\n|poke|p1|Meganium, L50, F|\n|poke|p1|Farigiraf, L50, F|\n|poke|p1|Incineroar, L50, M|\n|poke|p2|Cofagrigus, L50, M|\n|poke|p2|Crabominable, L50, M|\n|poke|p2|Snorlax, L50, F|\n|poke|p2|Slowbro, L50, M|\n|poke|p2|Drampa, L50, F|\n|poke|p2|Toucannon, L50, M|\n|teampreview|4\n|inactive|Battle timer is ON: inactive players will automatically lose when time's up. (requested by Couchrep)\n|inactive|Zapdos79 has 60 seconds left.\n|inactive|Zapdos79 has 30 seconds left.\n|\n|t:|1776635429\n|teamsize|p1|4\n|teamsize|p2|4\n|start\n|switch|p1a: Tyranitar|Tyranitar, L50, M|100/100\n|switch|p1b: Incineroar|Incineroar, L50, M|100/100\n|switch|p2a: Cofagrigus|Cofagrigus, L50, M|100/100\n|switch|p2b: Drampa|Drampa, L50, F|100/100\n|-weather|Sandstorm|[from] ability: Sand Stream|[of] p1a: Tyranitar\n|-ability|p1b: Incineroar|Intimidate|boost\n|-unboost|p2a: Cofagrigus|atk|1\n|-unboost|p2b: Drampa|atk|1\n|-ability|p2b: Drampa|Cloud Nine\n|-enditem|p2b: Drampa|White Herb\n|-clearnegativeboost|p2b: Drampa|[silent]\n|turn|1\n|inactive|Couchrep has 30 seconds left.\n|inactive|Couchrep has 20 seconds left.\n|inactive|Couchrep has 15 seconds left.\n|inactive|Couchrep has 10 seconds left.\n|inactive|Couchrep has 5 seconds left.\n|\n|t:|1776635480\n|move|p2a: Cofagrigus|Protect|p2a: Cofagrigus\n|-singleturn|p2a: Cofagrigus|Protect\n|move|p1b: Incineroar|Fake Out|p2b: Drampa\n|-crit|p2b: Drampa\n|-damage|p2b: Drampa|70/100\n|move|p1a: Tyranitar|Knock Off|p2a: Cofagrigus\n|-activate|p2a: Cofagrigus|move: Protect\n|cant|p2b: Drampa|flinch\n|\n|-weather|Sandstorm|[upkeep]\n|upkeep\n|turn|2\n|\n|t:|1776635498\n|move|p1a: Tyranitar|Knock Off|p2a: Cofagrigus\n|-supereffective|p2a: Cofagrigus|1\n|-enditem|p2a: Cofagrigus|Colbur Berry|[eat]\n|-enditem|p2a: Cofagrigus|Colbur Berry|[weaken]\n|-damage|p2a: Cofagrigus|60/100\n|-activate|p2a: Cofagrigus|ability: Mummy|p1a: Tyranitar|[ability] Sand Stream\n|move|p1b: Incineroar|Flare Blitz|p2a: Cofagrigus\n|-damage|p2a: Cofagrigus|18/100\n|-activate|p2a: Cofagrigus|ability: Mummy|p1b: Incineroar|[ability] Intimidate\n|-damage|p1b: Incineroar|89/100|[from] Recoil\n|move|p2b: Drampa|Draco Meteor|p1a: Tyranitar\n|-damage|p1a: Tyranitar|17/100\n|-unboost|p2b: Drampa|spa|2\n|move|p2a: Cofagrigus|Trick Room|p2a: Cofagrigus\n|-fieldstart|move: Trick Room|[of] p2a: Cofagrigus\n|\n|-weather|Sandstorm|[upkeep]\n|upkeep\n|turn|3\n|inactive|Couchrep has 30 seconds left.\n|inactive|Couchrep has 20 seconds left.\n|\n|t:|1776635537\n|switch|p2a: Slowbro|Slowbro, L50, M|100/100\n|move|p1a: Tyranitar|Protect|p1a: Tyranitar\n|-singleturn|p1a: Tyranitar|Protect\n|move|p2b: Drampa|Dragon Pulse|p1a: Tyranitar\n|-activate|p1a: Tyranitar|move: Protect\n|move|p1b: Incineroar|Parting Shot|p2b: Drampa\n|-unboost|p2b: Drampa|atk|1\n|-unboost|p2b: Drampa|spa|1\n|\n|t:|1776635551\n|switch|p1b: Meganium|Meganium, L50, F|100/100|[from] Parting Shot\n|\n|-weather|Sandstorm|[upkeep]\n|upkeep\n|turn|4\n|\n|t:|1776635570\n|switch|p2b: Crabominable|Crabominable, L50, M|100/100\n|switch|p1a: Farigiraf|Farigiraf, L50, F|100/100\n|detailschange|p1b: Meganium|Meganium-Mega, L50, F\n|-mega|p1b: Meganium|Meganium|Meganiumite\n|move|p2a: Slowbro|Scald|p1a: Farigiraf\n|-damage|p1a: Farigiraf|77/100\n|-status|p1a: Farigiraf|brn\n|move|p1b: Meganium|Dazzling Gleam|p2a: Slowbro|[spread] p2a,p2b\n|-supereffective|p2b: Crabominable|1\n|-damage|p2a: Slowbro|54/100\n|-damage|p2b: Crabominable|0 fnt\n|faint|p2b: Crabominable\n|\n|-weather|Sandstorm|[upkeep]\n|-damage|p2a: Slowbro|48/100|[from] Sandstorm\n|-damage|p1a: Farigiraf|71/100 brn|[from] Sandstorm\n|-damage|p1b: Meganium|95/100|[from] Sandstorm\n|-heal|p2a: Slowbro|54/100|[from] item: Leftovers\n|-damage|p1a: Farigiraf|64/100 brn|[from] brn\n|upkeep\n|\n|t:|1776635583\n|switch|p2b: Drampa|Drampa, L50, F|70/100\n|-ability|p2b: Drampa|Cloud Nine\n|turn|5\n|\n|t:|1776635595\n|move|p1a: Farigiraf|Ally Switch|p1a: Farigiraf\n|swap|p1a: Farigiraf|1|[from] move: Ally Switch\n|move|p2a: Slowbro|Psychic|p1b: Farigiraf\n|-resisted|p1b: Farigiraf|1\n|-damage|p1b: Farigiraf|51/100 brn\n|move|p2b: Drampa|Hyper Voice|p1b: Farigiraf|[spread] p1a,p1b\n|-damage|p1a: Meganium|56/100\n|-damage|p1b: Farigiraf|23/100 brn\n|move|p1a: Meganium|Dazzling Gleam|p2a: Slowbro|[spread] p2a,p2b\n|-supereffective|p2b: Drampa|1\n|-damage|p2a: Slowbro|6/100\n|-damage|p2b: Drampa|2/100\n|\n|-weather|none\n|-heal|p2a: Slowbro|12/100|[from] item: Leftovers\n|-damage|p1b: Farigiraf|17/100 brn|[from] brn\n|upkeep\n|turn|6\n|\n|t:|1776635615\n|switch|p1b: Tyranitar|Tyranitar, L50, M|17/100\n|-weather|Sandstorm|[from] ability: Sand Stream|[of] p1b: Tyranitar\n|move|p2a: Slowbro|Psychic|p1b: Tyranitar\n|-immune|p1b: Tyranitar\n|move|p2b: Drampa|Hyper Voice|p1b: Tyranitar|[spread] p1a,p1b\n|-resisted|p1b: Tyranitar|1\n|-crit|p1b: Tyranitar\n|-damage|p1a: Meganium|12/100\n|-damage|p1b: Tyranitar|0 fnt\n|faint|p1b: Tyranitar\n|move|p1a: Meganium|Dazzling Gleam|p2b: Drampa|[spread] p2a,p2b\n|-supereffective|p2b: Drampa|1\n|-damage|p2a: Slowbro|0 fnt\n|-damage|p2b: Drampa|0 fnt\n|faint|p2a: Slowbro\n|faint|p2b: Drampa\n|\n|-weather|Sandstorm|[upkeep]\n|-damage|p1a: Meganium|6/100|[from] Sandstorm\n|-fieldend|move: Trick Room\n|upkeep\n|-message|Couchrep forfeited.\n|\n|win|Zapdos79\n|raw|Zapdos79's rating: 1081 &rarr; <strong>1112</strong><br />(+31 for winning)\n|raw|Couchrep's rating: 1117 &rarr; <strong>1089</strong><br />(-28 for losing)\n|l|\u2606Couchrep\n|player|p2|\n",
  "uploadtime": 1776635634,
  "views": 9,
  "formatid": "gen9championsvgc2026regma",
  "rating": 1089,
  "private": 0,
  "password": null
}