{
  "id": "gen9championsvgc2026regma-2581748252",
  "format": "[Gen 9 Champions] VGC 2026 Reg M-A",
  "players": [
    "jae-10",
    "Aze77"
  ],
  "log": "|j|\u2606jae-10\n|j|\u2606Aze77\n|t:|1776025369\n|gametype|doubles\n|player|p1|jae-10|alder|1030\n|player|p2|Aze77|169|1068\n|gen|9\n|tier|[Gen 9 Champions] VGC 2026 Reg M-A\n|rated|\n|rule|Species Clause: Limit one of each Pok\u00e9mon\n|rule|Item Clause: Limit 1 of each item\n|clearpoke\n|poke|p1|Hawlucha, L50, F|\n|poke|p1|Excadrill, L50, F|\n|poke|p1|Tyranitar, L50, M|\n|poke|p1|Incineroar, L50, F|\n|poke|p1|Alakazam, L50, F|\n|poke|p2|Charizard, L50, F|\n|poke|p2|Typhlosion-Hisui, L50, F|\n|poke|p2|Meganium, L50, F|\n|poke|p2|Araquanid, L50, M|\n|poke|p2|Whimsicott, L50, M|\n|poke|p2|Tinkaton, L50, F|\n|teampreview|4\n|inactive|Battle timer is ON: inactive players will automatically lose when time's up. (requested by Aze77)\n|\n|t:|1776025398\n|teamsize|p1|4\n|teamsize|p2|4\n|start\n|switch|p1a: Alakazam|Alakazam, L50, F|100/100\n|switch|p1b: Hawlucha|Hawlucha, L50, F|100/100\n|switch|p2a: Whimsicott|Whimsicott, L50, M, shiny|100/100\n|switch|p2b: Tinkaton|Tinkaton, L50, F, shiny|100/100\n|turn|1\n|inactive|jae-10 has 30 seconds left.\n|inactive|Aze77 has 30 seconds left.\n|inactive|jae-10 has 20 seconds left.\n|inactive|jae-10 has 15 seconds left.\n|inactive|jae-10 has 10 seconds left.\n|\n|t:|1776025447\n|detailschange|p1b: Hawlucha|Hawlucha-Mega, L50, F\n|-mega|p1b: Hawlucha|Hawlucha|Hawluchanite\n|move|p2b: Tinkaton|Fake Out|p1b: Hawlucha\n|-damage|p1b: Hawlucha|89/100\n|move|p2a: Whimsicott|Tailwind|p2a: Whimsicott\n|-sidestart|p2: Aze77|move: Tailwind\n|move|p1a: Alakazam|Psychic|p2b: Tinkaton\n|-resisted|p2b: Tinkaton|1\n|-damage|p2b: Tinkaton|80/100\n|cant|p1b: Hawlucha|flinch\n|\n|upkeep\n|turn|2\n|inactive|Aze77 has 30 seconds left.\n|inactive|Aze77 has 20 seconds left.\n|inactive|Aze77 has 15 seconds left.\n|inactive|Aze77 has 10 seconds left.\n|\n|t:|1776025495\n|switch|p1a: Excadrill|Excadrill, L50, F|100/100\n|move|p2b: Tinkaton|Protect|p2b: Tinkaton\n|-singleturn|p2b: Tinkaton|Protect\n|move|p2a: Whimsicott|Moonblast|p1b: Hawlucha\n|-supereffective|p1b: Hawlucha|1\n|-damage|p1b: Hawlucha|19/100\n|move|p1b: Hawlucha|Entrainment|p1a: Excadrill\n|-ability|p1a: Excadrill|No Guard|Sand Rush|[from] move: Entrainment|[of] p1b: Hawlucha\n|\n|upkeep\n|turn|3\n|inactive|jae-10 has 30 seconds left.\n|inactive|Aze77 has 30 seconds left.\n|inactive|jae-10 has 20 seconds left.\n|inactive|jae-10 has 15 seconds left.\n|inactive|jae-10 has 10 seconds left.\n|inactive|jae-10 has 5 seconds left.\n|\n|t:|1776025550\n|move|p2a: Whimsicott|Helping Hand|p2b: Tinkaton\n|-singleturn|p2b: Tinkaton|Helping Hand|[of] p2a: Whimsicott\n|move|p2b: Tinkaton|Gigaton Hammer|p1a: Excadrill\n|-resisted|p1a: Excadrill|1\n|-crit|p1a: Excadrill\n|-damage|p1a: Excadrill|20/100\n|move|p1b: Hawlucha|High Jump Kick|p2b: Tinkaton\n|-damage|p2b: Tinkaton|13/100\n|move|p1a: Excadrill|Fissure|p2b: Tinkaton\n|-damage|p2b: Tinkaton|0 fnt\n|faint|p2b: Tinkaton\n|-ohko\n|\n|upkeep\n|\n|t:|1776025567\n|switch|p2b: Meganium|Meganium, L50, F, shiny|100/100\n|turn|4\n|\n|t:|1776025578\n|detailschange|p2b: Meganium|Meganium-Mega, L50, F, shiny\n|-mega|p2b: Meganium|Meganium|Meganiumite\n|move|p2a: Whimsicott|Moonblast|p1b: Hawlucha\n|-supereffective|p1b: Hawlucha|1\n|-crit|p1b: Hawlucha\n|-damage|p1b: Hawlucha|0 fnt\n|faint|p1b: Hawlucha\n|move|p2b: Meganium|Solar Beam||[still]\n|-prepare|p2b: Meganium|Solar Beam\n|-activate|p2b: Meganium|ability: Mega Sol\n|-anim|p2b: Meganium|Solar Beam|p1a: Excadrill\n|-damage|p1a: Excadrill|0 fnt\n|faint|p1a: Excadrill\n|\n|-sideend|p2: Aze77|move: Tailwind\n|upkeep\n|\n|t:|1776025587\n|switch|p1b: Tyranitar|Tyranitar, L50, M|100/100\n|switch|p1a: Alakazam|Alakazam, L50, F|100/100\n|-weather|Sandstorm|[from] ability: Sand Stream|[of] p1b: Tyranitar\n|turn|5\n|inactive|Aze77 has 30 seconds left.\n|\n|t:|1776025621\n|move|p2a: Whimsicott|Tailwind|p2a: Whimsicott\n|-sidestart|p2: Aze77|move: Tailwind\n|move|p1a: Alakazam|Psychic|p2b: Meganium\n|-damage|p2b: Meganium|56/100\n|move|p2b: Meganium|Solar Beam||[still]\n|-prepare|p2b: Meganium|Solar Beam\n|-activate|p2b: Meganium|ability: Mega Sol\n|-anim|p2b: Meganium|Solar Beam|p1b: Tyranitar\n|-supereffective|p1b: Tyranitar|1\n|-damage|p1b: Tyranitar|2/100\n|move|p1b: Tyranitar|Stone Edge|p2b: Meganium\n|-damage|p2b: Meganium|4/100\n|\n|-weather|Sandstorm|[upkeep]\n|-damage|p2a: Whimsicott|95/100|[from] Sandstorm\n|-damage|p1a: Alakazam|94/100|[from] Sandstorm\n|-damage|p2b: Meganium|0 fnt|[from] Sandstorm\n|faint|p2b: Meganium\n|-heal|p1b: Tyranitar|8/100|[from] item: Leftovers\n|upkeep\n|\n|t:|1776025640\n|switch|p2b: Araquanid|Araquanid, L50, M, shiny|100/100\n|turn|6\n|inactive|jae-10 has 30 seconds left.\n|inactive|jae-10 has 20 seconds left.\n|inactive|jae-10 has 15 seconds left.\n|inactive|jae-10 has 10 seconds left.\n|inactive|jae-10 has 5 seconds left.\n|\n|t:|1776025695\n|move|p2a: Whimsicott|Moonblast|p1b: Tyranitar\n|-supereffective|p1b: Tyranitar|1\n|-damage|p1b: Tyranitar|0 fnt\n|faint|p1b: Tyranitar\n|move|p1a: Alakazam|Psychic|p2b: Araquanid\n|-damage|p2b: Araquanid|63/100\n|move|p2b: Araquanid|Leech Life|p1a: Alakazam\n|-supereffective|p1a: Alakazam|1\n|-damage|p1a: Alakazam|0 fnt\n|-heal|p2b: Araquanid|98/100|[from] drain|[of] p1a: Alakazam\n|faint|p1a: Alakazam\n|\n|win|Aze77\n|raw|jae-10's rating: 1030 &rarr; <strong>1017</strong><br />(-13 for losing)\n|raw|Aze77's rating: 1068 &rarr; <strong>1095</strong><br />(+27 for winning)\n|l|\u2606jae-10\n|player|p1|\n",
  "uploadtime": 1776025736,
  "views": 13,
  "formatid": "gen9championsvgc2026regma",
  "rating": 1017,
  "private": 0,
  "password": null
}