{
  "id": "gen9championsvgc2026regma-2588764595",
  "format": "[Gen 9 Champions] VGC 2026 Reg M-A",
  "players": [
    "FellowFrog",
    "frostexd"
  ],
  "log": "|j|\u2606FellowFrog\n|j|\u2606frostexd\n|t:|1776667789\n|gametype|doubles\n|player|p1|FellowFrog|101|1101\n|player|p2|frostexd|2|1165\n|gen|9\n|tier|[Gen 9 Champions] VGC 2026 Reg M-A\n|rated|\n|rule|Species Clause: Limit one of each Pok\u00e9mon\n|rule|Item Clause: Limit 1 of each item\n|clearpoke\n|poke|p1|Glimmora, L50, F|\n|poke|p1|Tyranitar, L50, F|\n|poke|p1|Excadrill, L50, M|\n|poke|p1|Sinistcha, L50|\n|poke|p1|Rotom-Wash, L50|\n|poke|p1|Incineroar, L50, F|\n|poke|p2|Gengar, L50, M, shiny|\n|poke|p2|Sinistcha, L50|\n|poke|p2|Incineroar, L50, F|\n|poke|p2|Ninetales-Alola, L50, F|\n|poke|p2|Whimsicott, L50, F, shiny|\n|poke|p2|Garchomp, L50, M|\n|teampreview|4\n|inactive|Battle timer is ON: inactive players will automatically lose when time's up. (requested by frostexd)\nFellowFrog rejected open team sheets.\n|inactive|FellowFrog has 60 seconds left.\n|\n|t:|1776667843\n|teamsize|p1|4\n|teamsize|p2|4\n|start\n|switch|p1a: Glimmora|Glimmora, L50, F|100/100\n|switch|p1b: Tyranitar|Tyranitar, L50, F|100/100\n|switch|p2a: Garchomp|Garchomp, L50, M|100/100\n|switch|p2b: Incineroar|Incineroar, L50, F|100/100\n|-ability|p2b: Incineroar|Intimidate|boost\n|-unboost|p1a: Glimmora|atk|1\n|-unboost|p1b: Tyranitar|atk|1\n|-weather|Sandstorm|[from] ability: Sand Stream|[of] p1b: Tyranitar\n|turn|1\n|inactive|FellowFrog has 30 seconds left.\n|inactive|frostexd has 30 seconds left.\n|inactive|FellowFrog has 20 seconds left.\n|inactive|frostexd has 20 seconds left.\n|inactive|FellowFrog has 15 seconds left.\n|inactive|frostexd has 15 seconds left.\n|inactive|FellowFrog has 10 seconds left.\n|inactive|frostexd has 10 seconds left.\n|inactive|frostexd has 5 seconds left.\n|\n|t:|1776667895\n|switch|p2b: Sinistcha|Sinistcha, L50|100/100\n|switch|p1b: Incineroar|Incineroar, L50, F|100/100\n|-ability|p1b: Incineroar|Intimidate|boost\n|-unboost|p2a: Garchomp|atk|1\n|-unboost|p2b: Sinistcha|atk|1\n|-enditem|p2a: Garchomp|White Herb\n|-clearnegativeboost|p2a: Garchomp|[silent]\n|move|p2a: Garchomp|Earthquake|p1b: Incineroar|[spread] p2b,p1a,p1b\n|-resisted|p2b: Sinistcha|1\n|-supereffective|p1a: Glimmora|2\n|-supereffective|p1b: Incineroar|1\n|-damage|p2b: Sinistcha|84/100\n|-enditem|p1a: Glimmora|Focus Sash\n|-damage|p1a: Glimmora|1/100\n|-damage|p1b: Incineroar|40/100\n|-activate|p1a: Glimmora|ability: Toxic Debris\n|-sidestart|p2: frostexd|move: Toxic Spikes\n|move|p1a: Glimmora|Power Gem|p2b: Sinistcha\n|-damage|p2b: Sinistcha|44/100\n|-enditem|p2b: Sinistcha|Sitrus Berry|[eat]\n|-heal|p2b: Sinistcha|69/100|[from] item: Sitrus Berry\n|\n|-weather|Sandstorm|[upkeep]\n|-damage|p2b: Sinistcha|63/100|[from] Sandstorm\n|-damage|p1b: Incineroar|34/100|[from] Sandstorm\n|upkeep\n|turn|2\n|inactive|FellowFrog has 30 seconds left.\n|inactive|frostexd has 30 seconds left.\n|inactive|FellowFrog has 20 seconds left.\n|inactive|FellowFrog has 15 seconds left.\n|inactive|frostexd has 20 seconds left.\n|inactive|FellowFrog has 10 seconds left.\n|inactive|FellowFrog has 5 seconds left.\n|\n|t:|1776667945\n|move|p2a: Garchomp|Protect|p2a: Garchomp\n|-singleturn|p2a: Garchomp|Protect\n|move|p2b: Sinistcha|Protect|p2b: Sinistcha\n|-singleturn|p2b: Sinistcha|Protect\n|move|p1b: Incineroar|Fake Out|p2a: Garchomp\n|-activate|p2a: Garchomp|move: Protect\n|move|p1a: Glimmora|Sludge Wave|p2a: Garchomp|[spread] p1b\n|-activate|p2a: Garchomp|move: Protect\n|-activate|p2b: Sinistcha|move: Protect\n|-damage|p1b: Incineroar|1/100\n|-status|p1b: Incineroar|psn\n|\n|-weather|Sandstorm|[upkeep]\n|-damage|p2b: Sinistcha|56/100|[from] Sandstorm\n|-damage|p1b: Incineroar|0 fnt|[from] Sandstorm\n|faint|p1b: Incineroar\n|upkeep\n|\n|t:|1776667962\n|switch|p1b: Excadrill|Excadrill, L50, M|100/100\n|turn|3\n|\n|t:|1776667977\n|switch|p2b: Ninetales|Ninetales-Alola, L50, F|100/100\n|-status|p2b: Ninetales|psn\n|-weather|Snowscape|[from] ability: Snow Warning|[of] p2b: Ninetales\n|move|p1a: Glimmora|Spiky Shield|p1a: Glimmora\n|-singleturn|p1a: Glimmora|move: Protect\n|move|p2a: Garchomp|Earthquake|p1a: Glimmora|[spread] p2b,p1b\n|-activate|p1a: Glimmora|move: Protect\n|-supereffective|p1b: Excadrill|1\n|-damage|p2b: Ninetales|65/100 psn\n|-damage|p1b: Excadrill|0 fnt\n|faint|p1b: Excadrill\n|\n|-weather|Snowscape|[upkeep]\n|-damage|p2b: Ninetales|53/100 psn|[from] psn\n|upkeep\n|\n|t:|1776667992\n|switch|p1b: Tyranitar|Tyranitar, L50, F|100/100\n|-weather|Sandstorm|[from] ability: Sand Stream|[of] p1b: Tyranitar\n|turn|4\n|\n|t:|1776668008\n|detailschange|p1b: Tyranitar|Tyranitar-Mega, L50, F\n|-mega|p1b: Tyranitar|Tyranitar|Tyranitarite\n|move|p2b: Ninetales|Protect|p2b: Ninetales\n|-singleturn|p2b: Ninetales|Protect\n|move|p2a: Garchomp|Earthquake|p1b: Tyranitar|[spread] p1a,p1b\n|-activate|p2b: Ninetales|move: Protect\n|-supereffective|p1a: Glimmora|2\n|-supereffective|p1b: Tyranitar|1\n|-damage|p1a: Glimmora|0 fnt\n|-damage|p1b: Tyranitar|50/100\n|-activate|p1a: Glimmora|ability: Toxic Debris\n|-sidestart|p2: frostexd|move: Toxic Spikes\n|faint|p1a: Glimmora\n|move|p1b: Tyranitar|Ice Punch|p2a: Garchomp\n|-supereffective|p2a: Garchomp|2\n|-damage|p2a: Garchomp|0 fnt\n|-damage|p1b: Tyranitar|38/100|[from] ability: Rough Skin|[of] p2a: Garchomp\n|faint|p2a: Garchomp\n|\n|-weather|Sandstorm|[upkeep]\n|-damage|p2b: Ninetales|47/100 psn|[from] Sandstorm\n|-damage|p2b: Ninetales|35/100 psn|[from] psn\n|upkeep\n|\n|t:|1776668026\n|switch|p2a: Incineroar|Incineroar, L50, F|100/100\n|-status|p2a: Incineroar|tox\n|-ability|p2a: Incineroar|Intimidate|boost\n|-unboost|p1b: Tyranitar|atk|1\n|turn|5\n|inactive|FellowFrog has 30 seconds left.\n|\n|t:|1776668056\n|switch|p2b: Sinistcha|Sinistcha, L50|56/100\n|-status|p2b: Sinistcha|tox\n|move|p1b: Tyranitar|Rock Slide|p2b: Sinistcha|[spread] p2a,p2b\n|-supereffective|p2a: Incineroar|1\n|-damage|p2a: Incineroar|61/100 tox\n|-damage|p2b: Sinistcha|34/100 tox\n|cant|p2a: Incineroar|flinch\n|\n|-weather|Sandstorm|[upkeep]\n|-damage|p2b: Sinistcha|28/100 tox|[from] Sandstorm\n|-damage|p2a: Incineroar|55/100 tox|[from] Sandstorm\n|-damage|p2b: Sinistcha|22/100 tox|[from] psn\n|-damage|p2a: Incineroar|49/100 tox|[from] psn\n|upkeep\n|turn|6\n|\n|t:|1776668076\n|move|p1b: Tyranitar|Protect|p1b: Tyranitar\n|-singleturn|p1b: Tyranitar|Protect\n|move|p2b: Sinistcha|Matcha Gotcha|p1b: Tyranitar\n|-activate|p1b: Tyranitar|move: Protect\n|move|p2a: Incineroar|Flare Blitz|p1b: Tyranitar\n|-activate|p1b: Tyranitar|move: Protect\n|\n|-weather|Sandstorm|[upkeep]\n|-damage|p2b: Sinistcha|16/100 tox|[from] Sandstorm\n|-damage|p2a: Incineroar|43/100 tox|[from] Sandstorm\n|-damage|p2b: Sinistcha|3/100 tox|[from] psn\n|-damage|p2a: Incineroar|31/100 tox|[from] psn\n|upkeep\n|turn|7\n|\n|t:|1776668088\n|move|p2b: Sinistcha|Matcha Gotcha|p1b: Tyranitar\n|-supereffective|p1b: Tyranitar|1\n|-damage|p1b: Tyranitar|9/100\n|-heal|p2b: Sinistcha|20/100 tox|[from] drain|[of] p1b: Tyranitar\n|move|p2a: Incineroar|Flare Blitz|p1b: Tyranitar\n|-resisted|p1b: Tyranitar|1\n|-damage|p1b: Tyranitar|0 fnt\n|faint|p1b: Tyranitar\n|-damage|p2a: Incineroar|28/100 tox|[from] Recoil\n|\n|win|frostexd\n|raw|FellowFrog's rating: 1101 &rarr; <strong>1081</strong><br />(-20 for losing)\n|raw|frostexd's rating: 1165 &rarr; <strong>1185</strong><br />(+20 for winning)\n|c|\u2606FellowFrog|gggs\n|l|\u2606frostexd\n|player|p2|\n",
  "uploadtime": 1776668118,
  "views": 11,
  "formatid": "gen9championsvgc2026regma",
  "rating": 1081,
  "private": 0,
  "password": null
}