{
  "id": "gen9championsvgc2026regma-2585893397",
  "format": "[Gen 9 Champions] VGC 2026 Reg M-A",
  "players": [
    "YonkoLouis",
    "glitchof69"
  ],
  "log": "|j|\u2606YonkoLouis\n|j|\u2606glitchof69\n|t:|1776379087\n|gametype|doubles\n|player|p1|YonkoLouis|zinnia|1046\n|player|p2|glitchof69|102|1127\n|gen|9\n|tier|[Gen 9 Champions] VGC 2026 Reg M-A\n|rated|\n|rule|Species Clause: Limit one of each Pok\u00e9mon\n|rule|Item Clause: Limit 1 of each item\n|clearpoke\n|poke|p1|Alakazam, L50, M|\n|poke|p1|Meowstic, L50, M|\n|poke|p1|Rotom-Wash, L50|\n|poke|p1|Kingambit, L50, F|\n|poke|p1|Chesnaught, L50, M|\n|poke|p1|Oranguru, L50, M|\n|poke|p2|Aegislash, L50, M|\n|poke|p2|Gallade, L50, M|\n|poke|p2|Weavile, L50, M|\n|poke|p2|Whimsicott, L50, F|\n|poke|p2|Chandelure, L50, F|\n|poke|p2|Ditto, L50|\n|teampreview|4\n|\n|t:|1776379154\n|teamsize|p1|4\n|teamsize|p2|4\n|start\n|switch|p1a: IS-2|Chesnaught, L50, M|100/100\n|switch|p1b: Winton|Oranguru, L50, M, shiny|100/100\n|switch|p2a: Weavile|Weavile, L50, M|100/100\n|switch|p2b: Gallade|Gallade, L50, M|100/100\n|turn|1\n|\n|t:|1776379174\n|detailschange|p1a: IS-2|Chesnaught-Mega, L50, M\n|-mega|p1a: IS-2|Chesnaught|Chesnaughtite\n|move|p1a: IS-2|Spiky Shield|p1a: IS-2\n|-singleturn|p1a: IS-2|move: Protect\n|move|p2a: Weavile|Fake Out|p1b: Winton\n|-damage|p1b: Winton|86/100\n|move|p2b: Gallade|Psycho Cut|p1a: IS-2\n|-activate|p1a: IS-2|move: Protect\n|move|p1b: Winton|Trick Room|p1b: Winton\n|-fieldstart|move: Trick Room|[of] p1b: Winton\n|\n|upkeep\n|turn|2\n|\n|t:|1776379244\n|detailschange|p2b: Gallade|Gallade-Mega, L50, M\n|-mega|p2b: Gallade|Gallade|Galladite\n|move|p1a: IS-2|Crunch|p2b: Gallade\n|-damage|p2b: Gallade|67/100\n|move|p1b: Winton|Hyper Voice|p2b: Gallade|[spread] p2a,p2b\n|-damage|p2a: Weavile|65/100\n|-damage|p2b: Gallade|45/100\n|move|p2b: Gallade|Psycho Cut|p1a: IS-2\n|-supereffective|p1a: IS-2|1\n|-damage|p1a: IS-2|55/100\n|move|p2a: Weavile|Throat Chop|p1b: Winton\n|-supereffective|p1b: Winton|1\n|-damage|p1b: Winton|0 fnt\n|faint|p1b: Winton\n|\n|upkeep\n|\n|t:|1776379259\n|switch|p1b: Queen's Gambit|Kingambit, L50, F, shiny|100/100\n|turn|3\n|\n|t:|1776379273\n|switch|p2b: Ditto|Ditto, L50|100/100\n|-transform|p2b: Ditto|p1a: IS-2|[from] ability: Imposter\n|move|p1a: IS-2|Close Combat|p2a: Weavile\n|-supereffective|p2a: Weavile|2\n|-damage|p2a: Weavile|0 fnt\n|-unboost|p1a: IS-2|def|1\n|-unboost|p1a: IS-2|spd|1\n|faint|p2a: Weavile\n|move|p1b: Queen's Gambit|Kowtow Cleave|p2b: Ditto\n|-resisted|p2b: Ditto|1\n|-damage|p2b: Ditto|72/100\n|\n|upkeep\n|\n|t:|1776379287\n|switch|p2a: Aegislash|Aegislash, L50, M|100/100\n|turn|4\n|\n|t:|1776379316\n|switch|p1a: Launderette|Rotom-Wash, L50|100/100\n|move|p2a: Aegislash|King's Shield|p2a: Aegislash\n|-singleturn|p2a: Aegislash|Protect\n|move|p1b: Queen's Gambit|Kowtow Cleave|p2a: Aegislash\n|-activate|p2a: Aegislash|move: Protect\n|-unboost|p1b: Queen's Gambit|atk|1\n|-ability|p1b: Queen's Gambit|Defiant|boost\n|-boost|p1b: Queen's Gambit|atk|2\n|move|p2b: Ditto|Close Combat|p1b: Queen's Gambit\n|-supereffective|p1b: Queen's Gambit|2\n|-damage|p1b: Queen's Gambit|0 fnt\n|-unboost|p2b: Ditto|def|1\n|-unboost|p2b: Ditto|spd|1\n|faint|p1b: Queen's Gambit\n|\n|upkeep\n|\n|t:|1776379332\n|switch|p1b: IS-2|Chesnaught-Mega, L50, M|55/100\n|turn|5\n|\n|t:|1776379360\n|switch|p2a: Gallade|Gallade-Mega, L50, M|45/100\n|move|p1b: IS-2|Earthquake|p2b: Ditto|[spread] p2a,p2b\n|-immune|p1a: Launderette|[from] ability: Levitate\n|-resisted|p2b: Ditto|1\n|-damage|p2a: Gallade|13/100\n|-damage|p2b: Ditto|54/100\n|move|p2b: Ditto|Close Combat|p1a: Launderette\n|-damage|p1a: Launderette|22/100\n|-unboost|p2b: Ditto|def|1\n|-unboost|p2b: Ditto|spd|1\n|-enditem|p1a: Launderette|Sitrus Berry|[eat]\n|-heal|p1a: Launderette|47/100|[from] item: Sitrus Berry\n|move|p1a: Launderette|Will-O-Wisp|p2a: Gallade\n|-status|p2a: Gallade|brn\n|\n|-damage|p2a: Gallade|7/100 brn|[from] brn\n|-fieldend|move: Trick Room\n|upkeep\n|turn|6\n|inactive|Battle timer is ON: inactive players will automatically lose when time's up. (requested by glitchof69)\n|\n|t:|1776379408\n|move|p2a: Gallade|Shadow Sneak|p1a: Launderette\n|-damage|p1a: Launderette|37/100\n|move|p1a: Launderette|Hydro Pump|p2a: Gallade\n|-damage|p2a: Gallade|0 fnt\n|faint|p2a: Gallade\n|move|p2b: Ditto|Close Combat|p1a: Launderette\n|-damage|p1a: Launderette|0 fnt\n|-unboost|p2b: Ditto|def|1\n|-unboost|p2b: Ditto|spd|1\n|faint|p1a: Launderette\n|move|p1b: IS-2|Close Combat|p2b: Ditto\n|-damage|p2b: Ditto|0 fnt\n|-unboost|p1b: IS-2|def|1\n|-unboost|p1b: IS-2|spd|1\n|faint|p2b: Ditto\n|\n|upkeep\n|\n|t:|1776379423\n|switch|p2a: Aegislash|Aegislash, L50, M|100/100\n|turn|7\n|\n|t:|1776379432\n|move|p2a: Aegislash|King's Shield|p2a: Aegislash\n|-singleturn|p2a: Aegislash|Protect\n|move|p1b: IS-2|Spiky Shield||[still]\n|-fail|p1b: IS-2\n|\n|upkeep\n|turn|8\n|\n|t:|1776379440\n|-formechange|p2a: Aegislash|Aegislash-Blade|\n|move|p2a: Aegislash|Flash Cannon|p1b: IS-2\n|-damage|p1b: IS-2|6/100\n|move|p1b: IS-2|Earthquake|p2a: Aegislash\n|-supereffective|p2a: Aegislash|1\n|-damage|p2a: Aegislash|0 fnt\n|faint|p2a: Aegislash\n|\n|win|YonkoLouis\n|raw|YonkoLouis's rating: 1046 &rarr; <strong>1087</strong><br />(+41 for winning)\n|raw|glitchof69's rating: 1127 &rarr; <strong>1096</strong><br />(-31 for losing)\n|l|\u2606glitchof69\n|player|p2|\n|c|\u2606YonkoLouis|gg\n",
  "uploadtime": 1776379458,
  "views": 15,
  "formatid": "gen9championsvgc2026regma",
  "rating": 1087,
  "private": 0,
  "password": null
}