{
  "id": "gen9championsvgc2026regma-2585587390",
  "format": "[Gen 9 Champions] VGC 2026 Reg M-A",
  "players": [
    "js0523",
    "SirFishWasTaken"
  ],
  "log": "|j|\u2606js0523\n|j|\u2606SirFishWasTaken\n|t:|1776357277\n|gametype|doubles\n|player|p1|js0523|steven|1162\n|player|p2|SirFishWasTaken|psychic|1207\n|gen|9\n|tier|[Gen 9 Champions] VGC 2026 Reg M-A\n|rated|\n|rule|Species Clause: Limit one of each Pok\u00e9mon\n|rule|Item Clause: Limit 1 of each item\n|clearpoke\n|poke|p1|Gallade, L50, M|\n|poke|p1|Incineroar, L50, M|\n|poke|p1|Pelipper, L50, M|\n|poke|p1|Archaludon, L50, F|\n|poke|p1|Basculegion, L50, M|\n|poke|p1|Sinistcha, L50|\n|poke|p2|Froslass, L50, F|\n|poke|p2|Meowstic, L50, M|\n|poke|p2|Rotom-Frost, L50|\n|poke|p2|Kingambit, L50, F|\n|poke|p2|Vanilluxe, L50, F|\n|poke|p2|Milotic, L50, M|\n|teampreview|4\n|\n|t:|1776357342\n|teamsize|p1|4\n|teamsize|p2|4\n|start\n|switch|p1a: Gallade|Gallade, L50, M|100/100\n|switch|p1b: Pelipper|Pelipper, L50, M|100/100\n|switch|p2a: Meowstic|Meowstic, L50, M|100/100\n|switch|p2b: Milotic|Milotic, L50, M|100/100\n|-weather|RainDance|[from] ability: Drizzle|[of] p1b: Pelipper\n|turn|1\n|\n|t:|1776357359\n|detailschange|p1a: Gallade|Gallade-Mega, L50, M\n|-mega|p1a: Gallade|Gallade|Galladite\n|move|p2a: Meowstic|Fake Out|p1a: Gallade\n|-crit|p1a: Gallade\n|-damage|p1a: Gallade|93/100\n|move|p1a: Gallade|Zen Headbutt|p2b: Milotic\n|-damage|p2b: Milotic|41/100\n|move|p2b: Milotic|Coil|p2b: Milotic\n|-boost|p2b: Milotic|atk|1\n|-boost|p2b: Milotic|def|1\n|-boost|p2b: Milotic|accuracy|1\n|move|p1b: Pelipper|Hurricane|p2b: Milotic\n|-damage|p2b: Milotic|2/100\n|\n|-weather|RainDance|[upkeep]\n|-heal|p2b: Milotic|8/100|[from] item: Leftovers\n|upkeep\n|turn|2\n|\n|t:|1776357384\n|move|p2b: Milotic|Protect|p2b: Milotic\n|-singleturn|p2b: Milotic|Protect\n|move|p2a: Meowstic|Psychic Terrain|p2a: Meowstic\n|-fieldstart|move: Psychic Terrain\n|move|p1b: Pelipper|Muddy Water|p2b: Milotic|[spread] p2a\n|-activate|p2b: Milotic|move: Protect\n|-crit|p2a: Meowstic\n|-damage|p2a: Meowstic|17/100\n|-enditem|p2a: Meowstic|Sitrus Berry|[eat]\n|-heal|p2a: Meowstic|42/100|[from] item: Sitrus Berry\n|move|p1a: Gallade|Trick Room|p1a: Gallade\n|-fieldstart|move: Trick Room|[of] p1a: Gallade\n|\n|-weather|RainDance|[upkeep]\n|-heal|p2b: Milotic|14/100|[from] item: Leftovers\n|upkeep\n|turn|3\n|\n|t:|1776357401\n|move|p1b: Pelipper|Muddy Water|p2b: Milotic|[spread] p2a\n|-miss|p1b: Pelipper|p2b: Milotic\n|-damage|p2a: Meowstic|0 fnt\n|faint|p2a: Meowstic\n|move|p2b: Milotic|Scald|p1a: Gallade\n|-damage|p1a: Gallade|44/100\n|move|p1a: Gallade|Zen Headbutt|p2b: Milotic|[miss]\n|-miss|p1a: Gallade|p2b: Milotic\n|\n|-weather|RainDance|[upkeep]\n|-heal|p2b: Milotic|20/100|[from] item: Leftovers\n|upkeep\n|\n|t:|1776357414\n|switch|p2a: Kingambit|Kingambit, L50, F|100/100\n|turn|4\n|\n|t:|1776357425\n|switch|p1a: Archaludon|Archaludon, L50, F|100/100\n|move|p2b: Milotic|Protect|p2b: Milotic\n|-singleturn|p2b: Milotic|Protect\n|move|p2a: Kingambit|Kowtow Cleave|p1a: Archaludon\n|-damage|p1a: Archaludon|49/100\n|-ability|p1a: Archaludon|Stamina|boost\n|-boost|p1a: Archaludon|def|1\n|move|p1b: Pelipper|Muddy Water|p2b: Milotic|[spread] p2a\n|-activate|p2b: Milotic|move: Protect\n|-damage|p2a: Kingambit|58/100\n|\n|-weather|RainDance|[upkeep]\n|-heal|p2b: Milotic|27/100|[from] item: Leftovers\n|-heal|p1a: Archaludon|55/100|[from] item: Leftovers\n|upkeep\n|turn|5\n|\n|t:|1776357440\n|move|p2a: Kingambit|Kowtow Cleave|p1b: Pelipper\n|-damage|p1b: Pelipper|39/100\n|move|p1b: Pelipper|Muddy Water|p2b: Milotic|[spread] p2a,p2b\n|-resisted|p2b: Milotic|1\n|-damage|p2a: Kingambit|16/100\n|-damage|p2b: Milotic|8/100\n|-unboost|p2a: Kingambit|accuracy|1\n|-ability|p2a: Kingambit|Defiant|boost\n|-boost|p2a: Kingambit|atk|2\n|-unboost|p2b: Milotic|accuracy|1\n|-ability|p2b: Milotic|Competitive|boost\n|-boost|p2b: Milotic|spa|2\n|move|p2b: Milotic|Scald|p1a: Archaludon\n|-resisted|p1a: Archaludon|1\n|-damage|p1a: Archaludon|0 fnt\n|faint|p1a: Archaludon\n|\n|-weather|none\n|-heal|p2b: Milotic|14/100|[from] item: Leftovers\n|upkeep\n|-message|js0523 forfeited.\n|\n|win|SirFishWasTaken\n|raw|js0523's rating: 1162 &rarr; <strong>1140</strong><br />(-22 for losing)\n|raw|SirFishWasTaken's rating: 1207 &rarr; <strong>1229</strong><br />(+22 for winning)\n|l|\u2606js0523\n|player|p1|\n",
  "uploadtime": 1776357459,
  "views": 19,
  "formatid": "gen9championsvgc2026regma",
  "rating": 1140,
  "private": 0,
  "password": null
}