{
  "id": "gen9championsvgc2026regma-2582097871",
  "format": "[Gen 9 Champions] VGC 2026 Reg M-A",
  "players": [
    "judeus911",
    "spricatto"
  ],
  "log": "|j|\u2606judeus911\n|j|\u2606spricatto\n|t:|1776057577\n|gametype|doubles\n|player|p1|judeus911|ghetsis|1307\n|player|p2|spricatto|2|1325\n|gen|9\n|tier|[Gen 9 Champions] VGC 2026 Reg M-A\n|rated|\n|rule|Species Clause: Limit one of each Pok\u00e9mon\n|rule|Item Clause: Limit 1 of each item\n|clearpoke\n|poke|p1|Sneasler, L50, F|\n|poke|p1|Incineroar, L50, F|\n|poke|p1|Garchomp, L50, F|\n|poke|p1|Tyranitar, L50, M|\n|poke|p1|Dragonite, L50, M|\n|poke|p1|Orthworm, L50, F|\n|poke|p2|Floette-Eternal, L50, F|\n|poke|p2|Maushold, L50|\n|poke|p2|Talonflame, L50, F|\n|poke|p2|Excadrill, L50, F|\n|poke|p2|Rotom-Heat, L50|\n|poke|p2|Tyranitar, L50, M|\n|teampreview|4\nspricatto has agreed to open team sheets.\n|inactive|Battle timer is ON: inactive players will automatically lose when time's up. (requested by spricatto)\n|\n|t:|1776057608\n|teamsize|p1|4\n|teamsize|p2|4\n|start\n|switch|p1a: Dragonite|Dragonite, L50, M|100/100\n|switch|p1b: Sneasler|Sneasler, L50, F|100/100\n|switch|p2a: Talonflame|Talonflame, L50, F|100/100\n|switch|p2b: Excadrill|Excadrill, L50, F|100/100\n|turn|1\n|inactive|spricatto has 30 seconds left.\n|\n|t:|1776057638\n|move|p2a: Talonflame|Upper Hand|p1b: Sneasler\n|-resisted|p1b: Sneasler|1\n|-damage|p1b: Sneasler|86/100\n|cant|p1b: Sneasler|flinch\n|move|p1a: Dragonite|Tailwind|p1a: Dragonite\n|-sidestart|p1: judeus911|move: Tailwind\n|move|p2b: Excadrill|Swords Dance|p2b: Excadrill\n|-boost|p2b: Excadrill|atk|2\n|\n|upkeep\n|turn|2\n|\n|t:|1776057651\n|move|p2b: Excadrill|Protect|p2b: Excadrill\n|-singleturn|p2b: Excadrill|Protect\n|move|p2a: Talonflame|Tailwind|p2a: Talonflame\n|-sidestart|p2: spricatto|move: Tailwind\n|move|p1b: Sneasler|Close Combat|p2b: Excadrill\n|-activate|p2b: Excadrill|move: Protect\n|move|p1a: Dragonite|Draco Meteor|p2a: Talonflame\n|-damage|p2a: Talonflame|36/100\n|-unboost|p1a: Dragonite|spa|2\n|\n|upkeep\n|turn|3\n|\n|t:|1776057665\n|move|p2a: Talonflame|Acrobatics|p1b: Sneasler\n|-supereffective|p1b: Sneasler|1\n|-damage|p1b: Sneasler|0 fnt\n|faint|p1b: Sneasler\n|move|p1a: Dragonite|Draco Meteor|p2a: Talonflame\n|-damage|p2a: Talonflame|2/100\n|-unboost|p1a: Dragonite|spa|2\n|move|p2b: Excadrill|Iron Head|p1a: Dragonite\n|-damage|p1a: Dragonite|1/100\n|\n|upkeep\n|inactive|judeus911 has 30 seconds left.\n|inactive|judeus911 has 20 seconds left.\n|inactive|judeus911 has 15 seconds left.\n|inactive|judeus911 has 10 seconds left.\n|inactive|judeus911 has 5 seconds left.\n|\n|t:|1776057719\n|switch|p1b: Orthworm|Orthworm, L50, F|100/100\n|turn|4\n|\n|t:|1776057742\n|move|p2a: Talonflame|Acrobatics|p1a: Dragonite\n|-damage|p1a: Dragonite|0 fnt\n|faint|p1a: Dragonite\n|move|p2b: Excadrill|Iron Head|p1b: Orthworm\n|-resisted|p1b: Orthworm|1\n|-damage|p1b: Orthworm|72/100\n|move|p1b: Orthworm|Shed Tail|p1b: Orthworm\n|-start|p1b: Orthworm|Substitute|[from] move: Shed Tail\n|-damage|p1b: Orthworm|22/100\n|-enditem|p1b: Orthworm|Sitrus Berry|[eat]\n|-heal|p1b: Orthworm|47/100|[from] item: Sitrus Berry\n|\n|t:|1776057749\n|switch|p1b: Garchomp|Garchomp, L50, F|100/100|[from] Shed Tail\n|\n|-sideend|p1: judeus911|move: Tailwind\n|upkeep\n|\n|t:|1776057751\n|switch|p1a: Orthworm|Orthworm, L50, F|47/100\n|turn|5\n|inactive|spricatto has 30 seconds left.\n|\n|t:|1776057782\n|move|p2a: Talonflame|Protect|p2a: Talonflame\n|-singleturn|p2a: Talonflame|Protect\n|move|p2b: Excadrill|Iron Head|p1a: Orthworm\n|-resisted|p1a: Orthworm|1\n|-damage|p1a: Orthworm|19/100\n|move|p1b: Garchomp|Earthquake|p2a: Talonflame|[spread] p2b\n|-activate|p2a: Talonflame|move: Protect\n|-heal|p1a: Orthworm|43/100|[from] ability: Earth Eater|[of] p1b: Garchomp\n|-supereffective|p2b: Excadrill|1\n|-enditem|p2b: Excadrill|Focus Sash\n|-damage|p2b: Excadrill|1/100\n|move|p1a: Orthworm|Heavy Slam|p2a: Talonflame\n|-activate|p2a: Talonflame|move: Protect\n|\n|-sideend|p2: spricatto|move: Tailwind\n|upkeep\n|turn|6\n|\n|t:|1776057797\n|move|p1a: Orthworm|Protect|p1a: Orthworm\n|-singleturn|p1a: Orthworm|Protect\n|move|p2a: Talonflame|Tailwind|p2a: Talonflame\n|-sidestart|p2: spricatto|move: Tailwind\n|move|p2b: Excadrill|Iron Head|p1b: Garchomp\n|-end|p1b: Garchomp|Substitute\n|move|p1b: Garchomp|Earthquake|p2b: Excadrill|[spread] p2b\n|-activate|p1a: Orthworm|move: Protect\n|-immune|p2a: Talonflame\n|-supereffective|p2b: Excadrill|1\n|-damage|p2b: Excadrill|0 fnt\n|faint|p2b: Excadrill\n|\n|upkeep\n|\n|t:|1776057809\n|switch|p2b: Floette|Floette-Eternal, L50, F|100/100\n|turn|7\n|\n|t:|1776057820\n|detailschange|p2b: Floette|Floette-Mega, L50, F\n|-mega|p2b: Floette|Floette|Floettite\n|-ability|p2b: Floette|Fairy Aura\n|move|p2a: Talonflame|Acrobatics|p1a: Orthworm\n|-resisted|p1a: Orthworm|1\n|-damage|p1a: Orthworm|30/100\n|move|p2b: Floette|Dazzling Gleam|p1a: Orthworm|[spread] p1a,p1b\n|-resisted|p1a: Orthworm|1\n|-supereffective|p1b: Garchomp|1\n|-damage|p1a: Orthworm|3/100\n|-damage|p1b: Garchomp|0 fnt\n|faint|p1b: Garchomp\n|move|p1a: Orthworm|Heavy Slam|p2b: Floette\n|-supereffective|p2b: Floette|1\n|-damage|p2b: Floette|47/100\n|\n|upkeep\n|turn|8\n|inactive|judeus911 has 30 seconds left.\n|\n|t:|1776057854\n|move|p1a: Orthworm|Protect|p1a: Orthworm\n|-singleturn|p1a: Orthworm|Protect\n|move|p2a: Talonflame|Acrobatics|p1a: Orthworm\n|-activate|p1a: Orthworm|move: Protect\n|move|p2b: Floette|Moonblast|p1a: Orthworm\n|-activate|p1a: Orthworm|move: Protect\n|\n|upkeep\n|turn|9\n|\n|t:|1776057859\n|move|p2a: Talonflame|Acrobatics|p1a: Orthworm\n|-resisted|p1a: Orthworm|1\n|-damage|p1a: Orthworm|0 fnt\n|faint|p1a: Orthworm\n|\n|win|spricatto\n|raw|judeus911's rating: 1307 &rarr; <strong>1288</strong><br />(-19 for losing)\n|raw|spricatto's rating: 1325 &rarr; <strong>1344</strong><br />(+19 for winning)\n|l|\u2606judeus911\n|player|p1|\n",
  "uploadtime": 1776057865,
  "views": 37,
  "formatid": "gen9championsvgc2026regma",
  "rating": 1288,
  "private": 0,
  "password": null
}