{
  "id": "gen9championsvgc2026regma-2585401524",
  "format": "[Gen 9 Champions] VGC 2026 Reg M-A",
  "players": [
    "azumarillsky",
    "Billlmads"
  ],
  "log": "|j|\u2606azumarillsky\n|j|\u2606Billlmads\n|t:|1776344639\n|gametype|doubles\n|player|p1|azumarillsky|265|1471\n|player|p2|Billlmads|red|1466\n|gen|9\n|tier|[Gen 9 Champions] VGC 2026 Reg M-A\n|rated|\n|rule|Species Clause: Limit one of each Pok\u00e9mon\n|rule|Item Clause: Limit 1 of each item\n|clearpoke\n|poke|p1|Sinistcha, L50|\n|poke|p1|Aerodactyl, L50, M|\n|poke|p1|Kingambit, L50, M|\n|poke|p1|Sneasler, L50, F|\n|poke|p1|Rotom-Wash, L50|\n|poke|p1|Glimmora, L50, M|\n|poke|p2|Gardevoir, L50, M|\n|poke|p2|Aerodactyl, L50, F|\n|poke|p2|Kingambit, L50, F|\n|poke|p2|Garchomp, L50, M|\n|poke|p2|Sneasler, L50, M|\n|poke|p2|Sinistcha-Masterpiece, L50|\n|teampreview|4\n|j| elychee267\n|inactive|Battle timer is ON: inactive players will automatically lose when time's up. (requested by azumarillsky)\n|\n|t:|1776344701\n|teamsize|p1|4\n|teamsize|p2|4\n|start\n|switch|p1a: Aerodactyl|Aerodactyl, L50, M|100/100\n|switch|p1b: Rotom|Rotom-Wash, L50|100/100\n|switch|p2a: Aerodactyl|Aerodactyl, L50, F|100/100\n|switch|p2b: Sneasler|Sneasler, L50, M|100/100\n|-ability|p2a: Aerodactyl|Unnerve\n|-ability|p1a: Aerodactyl|Pressure\n|turn|1\n|inactive|azumarillsky has 30 seconds left.\n|\n|t:|1776344733\n|detailschange|p1a: Aerodactyl|Aerodactyl-Mega, L50, M\n|-mega|p1a: Aerodactyl|Aerodactyl|Aerodactylite\n|move|p2b: Sneasler|Fake Out|p1a: Aerodactyl\n|-resisted|p1a: Aerodactyl|1\n|-damage|p1a: Aerodactyl|92/100\n|move|p1b: Rotom|Volt Switch|p2a: Aerodactyl\n|-supereffective|p2a: Aerodactyl|1\n|-damage|p2a: Aerodactyl|11/100\n|\n|t:|1776344751\n|switch|p1b: Kingambit|Kingambit, L50, M|100/100|[from] Volt Switch\n|cant|p1a: Aerodactyl|flinch\n|move|p2a: Aerodactyl|Tailwind|p2a: Aerodactyl\n|-sidestart|p2: Billlmads|move: Tailwind\n|\n|upkeep\n|turn|2\n|\n|t:|1776344779\n|move|p2a: Aerodactyl|Protect|p2a: Aerodactyl\n|-singleturn|p2a: Aerodactyl|Protect\n|move|p1b: Kingambit|Sucker Punch||[still]\n|-fail|p1b: Kingambit\n|move|p2b: Sneasler|Close Combat|p1b: Kingambit\n|-supereffective|p1b: Kingambit|2\n|-enditem|p1b: Kingambit|Focus Sash\n|-damage|p1b: Kingambit|1/100\n|-unboost|p2b: Sneasler|def|1\n|-unboost|p2b: Sneasler|spd|1\n|-enditem|p2b: Sneasler|White Herb\n|-clearnegativeboost|p2b: Sneasler|[silent]\n|move|p1a: Aerodactyl|Rock Slide|p2a: Aerodactyl|[spread] \n|-activate|p2a: Aerodactyl|move: Protect\n|-miss|p1a: Aerodactyl|p2b: Sneasler\n|\n|upkeep\n|turn|3\n|inactive|azumarillsky has 30 seconds left.\n|inactive|Billlmads has 30 seconds left.\n|inactive|Billlmads has 20 seconds left.\n|inactive|Billlmads has 15 seconds left.\n|\n|t:|1776344825\n|switch|p2a: Gardevoir|Gardevoir, L50, M|100/100\n|switch|p1b: Sinistcha|Sinistcha, L50|100/100\n|-heal|p1a: Aerodactyl|100/100|[from] ability: Hospitality|[of] p1b: Sinistcha\n|move|p2b: Sneasler|Protect|p2b: Sneasler\n|-singleturn|p2b: Sneasler|Protect\n|move|p1a: Aerodactyl|Tailwind|p1a: Aerodactyl\n|-sidestart|p1: azumarillsky|move: Tailwind\n|\n|upkeep\n|turn|4\n|\n|t:|1776344846\n|detailschange|p2a: Gardevoir|Gardevoir-Mega, L50, M\n|-mega|p2a: Gardevoir|Gardevoir|Gardevoirite\n|move|p1a: Aerodactyl|Protect|p1a: Aerodactyl\n|-singleturn|p1a: Aerodactyl|Protect\n|move|p2b: Sneasler|Close Combat|p1a: Aerodactyl\n|-activate|p1a: Aerodactyl|move: Protect\n|move|p1b: Sinistcha|Matcha Gotcha|p2a: Gardevoir|[spread] p2a,p2b\n|-resisted|p2b: Sneasler|1\n|-damage|p2a: Gardevoir|81/100\n|-damage|p2b: Sneasler|83/100\n|-status|p2a: Gardevoir|brn\n|move|p2a: Gardevoir|Trick Room|p2a: Gardevoir\n|-fieldstart|move: Trick Room|[of] p2a: Gardevoir\n|\n|-damage|p2a: Gardevoir|75/100 brn|[from] brn\n|-sideend|p2: Billlmads|move: Tailwind\n|upkeep\n|turn|5\n|j| CrazyyBoi\n|inactive|azumarillsky has 30 seconds left.\n|\n|t:|1776344885\n|switch|p2b: Garchomp|Garchomp, L50, M|100/100\n|move|p1b: Sinistcha|Rage Powder|p1b: Sinistcha\n|-singleturn|p1b: Sinistcha|move: Rage Powder\n|move|p2a: Gardevoir|Hyper Voice|p1b: Sinistcha|[spread] p1a,p1b\n|-damage|p1a: Aerodactyl|37/100\n|-damage|p1b: Sinistcha|54/100\n|move|p1a: Aerodactyl|Rock Slide|p2b: Garchomp|[spread] p2a,p2b\n|-resisted|p2b: Garchomp|1\n|-damage|p2a: Gardevoir|37/100 brn\n|-damage|p2b: Garchomp|86/100\n|\n|-damage|p2a: Gardevoir|31/100 brn|[from] brn\n|upkeep\n|turn|6\n|\n|t:|1776344908\n|move|p1b: Sinistcha|Protect|p1b: Sinistcha\n|-singleturn|p1b: Sinistcha|Protect\n|move|p1a: Aerodactyl|Protect|p1a: Aerodactyl\n|-singleturn|p1a: Aerodactyl|Protect\n|move|p2a: Gardevoir|Psychic|p1b: Sinistcha\n|-activate|p1b: Sinistcha|move: Protect\n|move|p2b: Garchomp|Dragon Claw|p1a: Aerodactyl\n|-activate|p1a: Aerodactyl|move: Protect\n|\n|-damage|p2a: Gardevoir|25/100 brn|[from] brn\n|-sideend|p1: azumarillsky|move: Tailwind\n|upkeep\n|turn|7\n|\n|t:|1776344923\n|switch|p1a: Rotom|Rotom-Wash, L50|100/100\n|move|p2a: Gardevoir|Protect|p2a: Gardevoir\n|-singleturn|p2a: Gardevoir|Protect\n|move|p1b: Sinistcha|Life Dew||[still]|[spread] p1a,p1b\n|-fail|p1a: Rotom|heal\n|-heal|p1b: Sinistcha|80/100\n|move|p2b: Garchomp|Rock Slide|p1b: Sinistcha|[spread] p1a,p1b\n|-damage|p1a: Rotom|75/100\n|-damage|p1b: Sinistcha|61/100\n|\n|-damage|p2a: Gardevoir|20/100 brn|[from] brn\n|upkeep\n|turn|8\n|\n|t:|1776344939\n|move|p1b: Sinistcha|Life Dew|p1b: Sinistcha|[spread] p1a,p1b\n|-heal|p1a: Rotom|100/100\n|-heal|p1b: Sinistcha|86/100\n|move|p2a: Gardevoir|Hyper Voice|p1a: Rotom|[spread] p1a,p1b\n|-damage|p1a: Rotom|26/100\n|-damage|p1b: Sinistcha|34/100\n|-enditem|p1b: Sinistcha|Sitrus Berry|[eat]\n|-heal|p1b: Sinistcha|58/100|[from] item: Sitrus Berry\n|move|p2b: Garchomp|Rock Slide|p1b: Sinistcha|[spread] p1a,p1b\n|-damage|p1a: Rotom|2/100\n|-damage|p1b: Sinistcha|40/100\n|move|p1a: Rotom|Volt Switch|p2a: Gardevoir\n|-damage|p2a: Gardevoir|0 fnt\n|faint|p2a: Gardevoir\n|\n|t:|1776344954\n|switch|p1a: Aerodactyl|Aerodactyl-Mega, L50, M|37/100|[from] Volt Switch\n|\n|-fieldend|move: Trick Room\n|upkeep\n|\n|t:|1776344977\n|switch|p2a: Sneasler|Sneasler, L50, M|83/100\n|turn|9\n|\n|t:|1776344996\n|move|p1a: Aerodactyl|Protect|p1a: Aerodactyl\n|-singleturn|p1a: Aerodactyl|Protect\n|move|p2a: Sneasler|Fake Out|p1a: Aerodactyl\n|-activate|p1a: Aerodactyl|move: Protect\n|move|p2b: Garchomp|Dragon Claw|p1b: Sinistcha\n|-damage|p1b: Sinistcha|3/100\n|move|p1b: Sinistcha|Life Dew|p1b: Sinistcha|[spread] p1a,p1b\n|-heal|p1a: Aerodactyl|62/100\n|-heal|p1b: Sinistcha|29/100\n|\n|upkeep\n|turn|10\n|inactive|Billlmads has 30 seconds left.\n|\n|t:|1776345023\n|move|p2a: Sneasler|Protect|p2a: Sneasler\n|-singleturn|p2a: Sneasler|Protect\n|move|p1b: Sinistcha|Rage Powder|p1b: Sinistcha\n|-singleturn|p1b: Sinistcha|move: Rage Powder\n|move|p1a: Aerodactyl|Ice Fang|p2b: Garchomp\n|-supereffective|p2b: Garchomp|2\n|-damage|p2b: Garchomp|0 fnt\n|faint|p2b: Garchomp\n|\n|upkeep\n|\n|t:|1776345032\n|switch|p2b: Aerodactyl|Aerodactyl, L50, F|11/100\n|-ability|p2b: Aerodactyl|Unnerve\n|turn|11\n|\n|t:|1776345050\n|move|p2b: Aerodactyl|Protect|p2b: Aerodactyl\n|-singleturn|p2b: Aerodactyl|Protect\n|move|p1b: Sinistcha|Rage Powder|p1b: Sinistcha\n|-singleturn|p1b: Sinistcha|move: Rage Powder\n|move|p1a: Aerodactyl|Rock Slide|p2b: Aerodactyl|[spread] p2a\n|-activate|p2b: Aerodactyl|move: Protect\n|-resisted|p2a: Sneasler|1\n|-damage|p2a: Sneasler|57/100\n|move|p2a: Sneasler|Dire Claw|p1b: Sinistcha\n|-damage|p1b: Sinistcha|0 fnt\n|faint|p1b: Sinistcha\n|\n|upkeep\n|\n|t:|1776345062\n|switch|p1b: Rotom|Rotom-Wash, L50|2/100\n|turn|12\n|\n|t:|1776345071\n|move|p2b: Aerodactyl|Protect||[still]\n|-fail|p2b: Aerodactyl\n|move|p1b: Rotom|Thunderbolt|p2a: Sneasler\n|-damage|p2a: Sneasler|4/100\n|move|p1a: Aerodactyl|Ice Fang|p2b: Aerodactyl\n|-supereffective|p2b: Aerodactyl|1\n|-damage|p2b: Aerodactyl|0 fnt\n|faint|p2b: Aerodactyl\n|move|p2a: Sneasler|Close Combat|p1a: Aerodactyl\n|-damage|p1a: Aerodactyl|0 fnt\n|-unboost|p2a: Sneasler|def|1\n|-unboost|p2a: Sneasler|spd|1\n|faint|p1a: Aerodactyl\n|\n|upkeep\n|\n|t:|1776345083\n|switch|p1a: Kingambit|Kingambit, L50, M|1/100\n|turn|13\n|\n|t:|1776345095\n|move|p1a: Kingambit|Sucker Punch|p2a: Sneasler\n|-resisted|p2a: Sneasler|1\n|-damage|p2a: Sneasler|0 fnt\n|faint|p2a: Sneasler\n|\n|win|azumarillsky\n|raw|azumarillsky's rating: 1471 &rarr; <strong>1491</strong><br />(+20 for winning)\n|raw|Billlmads's rating: 1466 &rarr; <strong>1446</strong><br />(-20 for losing)\n",
  "uploadtime": 1776345097,
  "views": 42,
  "formatid": "gen9championsvgc2026regma",
  "rating": 1446,
  "private": 0,
  "password": null
}