{
  "id": "gen9championsvgc2026regma-2585881524",
  "format": "[Gen 9 Champions] VGC 2026 Reg M-A",
  "players": [
    "NewtonHybrid",
    "123heyhey123"
  ],
  "log": "|j|\u2606NewtonHybrid\n|j|\u2606123heyhey123\n|t:|1776378038\n|gametype|doubles\n|player|p1|NewtonHybrid|gambler|1000\n|player|p2|123heyhey123|2|1050\n|gen|9\n|tier|[Gen 9 Champions] VGC 2026 Reg M-A\n|rated|\n|rule|Species Clause: Limit one of each Pok\u00e9mon\n|rule|Item Clause: Limit 1 of each item\n|clearpoke\n|poke|p1|Aggron, L50, M|\n|poke|p1|Sinistcha, L50|\n|poke|p1|Garchomp, L50, F|\n|poke|p1|Talonflame, L50, M|\n|poke|p1|Rotom-Mow, L50|\n|poke|p1|Primarina, L50, M|\n|poke|p2|Gengar, L50, F|\n|poke|p2|Archaludon, L50, F|\n|poke|p2|Primarina, L50, F|\n|poke|p2|Altaria, L50, F|\n|poke|p2|Dragonite, L50, F|\n|poke|p2|Whimsicott, L50, M|\n|teampreview|4\nNewtonHybrid has agreed to open team sheets.\n|\n|t:|1776378093\n|teamsize|p1|4\n|teamsize|p2|4\n|start\n|switch|p1a: Aggron|Aggron, L50, M|100/100\n|switch|p1b: Sinistcha|Sinistcha, L50|100/100\n|switch|p2a: Whimsicott|Whimsicott, L50, M|100/100\n|switch|p2b: Primarina|Primarina, L50, F|100/100\n|turn|1\n|\n|t:|1776378139\n|move|p1a: Aggron|Protect|p1a: Aggron\n|-singleturn|p1a: Aggron|Protect\n|move|p2a: Whimsicott|Taunt|p1b: Sinistcha\n|-start|p1b: Sinistcha|move: Taunt\n|-enditem|p1b: Sinistcha|Mental Herb\n|-end|p1b: Sinistcha|move: Taunt\n|move|p1b: Sinistcha|Matcha Gotcha|p2a: Whimsicott|[spread] p2a,p2b\n|-resisted|p2a: Whimsicott|1\n|-supereffective|p2b: Primarina|1\n|-damage|p2a: Whimsicott|84/100\n|-damage|p2b: Primarina|57/100\n|-status|p2b: Primarina|brn\n|move|p2b: Primarina|Hyper Voice|p1b: Sinistcha|[spread] p1b\n|-activate|p1a: Aggron|move: Protect\n|-resisted|p1b: Sinistcha|1\n|-damage|p1b: Sinistcha|82/100\n|\n|-damage|p2b: Primarina|51/100 brn|[from] brn\n|upkeep\n|turn|2\n|\n|t:|1776378188\n|move|p2a: Whimsicott|Tailwind|p2a: Whimsicott\n|-sidestart|p2: 123heyhey123|move: Tailwind\n|move|p2b: Primarina|Ice Beam|p1b: Sinistcha\n|-supereffective|p1b: Sinistcha|1\n|-damage|p1b: Sinistcha|24/100\n|move|p1a: Aggron|Heavy Slam|p2a: Whimsicott\n|-supereffective|p2a: Whimsicott|1\n|-damage|p2a: Whimsicott|0 fnt\n|faint|p2a: Whimsicott\n|move|p1b: Sinistcha|Trick Room|p1b: Sinistcha\n|-fieldstart|move: Trick Room|[of] p1b: Sinistcha\n|\n|-damage|p2b: Primarina|45/100 brn|[from] brn\n|upkeep\n|\n|t:|1776378205\n|switch|p2a: Dragonite|Dragonite, L50, F|100/100\n|turn|3\n|\n|t:|1776378244\n|switch|p1b: Rotom|Rotom-Mow, L50|100/100\n|detailschange|p2a: Dragonite|Dragonite-Mega, L50, F\n|-mega|p2a: Dragonite|Dragonite|Dragoninite\n|move|p2a: Dragonite|Extreme Speed|p1b: Rotom\n|-damage|p1b: Rotom|70/100\n|move|p1a: Aggron|Iron Defense|p1a: Aggron\n|-boost|p1a: Aggron|def|2\n|move|p2b: Primarina|Hyper Voice|p1a: Aggron|[spread] p1a,p1b\n|-supereffective|p1a: Aggron|1\n|-resisted|p1b: Rotom|1\n|-ability|p1a: Aggron|Sturdy\n|-damage|p1a: Aggron|1/100\n|-damage|p1b: Rotom|51/100\n|\n|-damage|p2b: Primarina|39/100 brn|[from] brn\n|upkeep\n|turn|4\n|\n|t:|1776378296\n|move|p2a: Dragonite|Extreme Speed|p1a: Aggron\n|-resisted|p1a: Aggron|2\n|-damage|p1a: Aggron|0 fnt\n|faint|p1a: Aggron\n|move|p1b: Rotom|Leaf Storm|p2a: Dragonite\n|-resisted|p2a: Dragonite|2\n|-damage|p2a: Dragonite|93/100\n|-unboost|p1b: Rotom|spa|2\n|move|p2b: Primarina|Ice Beam|p1b: Rotom\n|-supereffective|p1b: Rotom|1\n|-damage|p1b: Rotom|0 fnt\n|faint|p1b: Rotom\n|\n|-damage|p2b: Primarina|33/100 brn|[from] brn\n|upkeep\n|\n|t:|1776378312\n|switch|p1a: Primarina|Primarina, L50, M|100/100\n|switch|p1b: Sinistcha|Sinistcha, L50|24/100\n|turn|5\n|\n|t:|1776378341\n|move|p1b: Sinistcha|Rage Powder|p1b: Sinistcha\n|-singleturn|p1b: Sinistcha|move: Rage Powder\n|move|p2a: Dragonite|Extreme Speed|p1b: Sinistcha\n|-immune|p1b: Sinistcha\n|move|p1a: Primarina|Moonblast|p2a: Dragonite\n|-supereffective|p2a: Dragonite|1\n|-damage|p2a: Dragonite|0 fnt\n|faint|p2a: Dragonite\n|move|p2b: Primarina|Energy Ball|p1b: Sinistcha\n|-resisted|p1b: Sinistcha|1\n|-damage|p1b: Sinistcha|8/100\n|\n|-damage|p2b: Primarina|28/100 brn|[from] brn\n|-sideend|p2: 123heyhey123|move: Tailwind\n|upkeep\n|\n|t:|1776378356\n|switch|p2a: Gengar|Gengar, L50, F|100/100\n|turn|6\n|\n|t:|1776378385\n|move|p1a: Primarina|Hyper Voice|p2a: Gengar|[spread] p2a,p2b\n|-resisted|p2b: Primarina|1\n|-damage|p2a: Gengar|43/100\n|-damage|p2b: Primarina|9/100 brn\n|move|p2b: Primarina|Energy Ball|p1a: Primarina\n|-supereffective|p1a: Primarina|1\n|-damage|p1a: Primarina|47/100\n|-enditem|p1a: Primarina|Sitrus Berry|[eat]\n|-heal|p1a: Primarina|72/100|[from] item: Sitrus Berry\n|move|p1b: Sinistcha|Strength Sap|p2a: Gengar\n|-unboost|p2a: Gengar|atk|1\n|-heal|p1b: Sinistcha|51/100\n|move|p2a: Gengar|Dazzling Gleam|p1a: Primarina|[spread] p1a,p1b\n|-damage|p1a: Primarina|56/100\n|-damage|p1b: Sinistcha|33/100\n|\n|-damage|p2b: Primarina|3/100 brn|[from] brn\n|-fieldend|move: Trick Room\n|upkeep\n|turn|7\n|\n|t:|1776378418\n|move|p2a: Gengar|Shadow Ball|p1b: Sinistcha\n|-supereffective|p1b: Sinistcha|1\n|-damage|p1b: Sinistcha|0 fnt\n|faint|p1b: Sinistcha\n|move|p2b: Primarina|Energy Ball|p1a: Primarina\n|-supereffective|p1a: Primarina|1\n|-damage|p1a: Primarina|0 fnt\n|faint|p1a: Primarina\n|\n|win|123heyhey123\n|raw|NewtonHybrid's rating: 1000 &rarr; <strong>1000</strong><br />(+0 for losing)\n|raw|123heyhey123's rating: 1050 &rarr; <strong>1078</strong><br />(+28 for winning)\n|c|\u2606123heyhey123|Gg\n|l|\u2606NewtonHybrid\n|player|p1|\n",
  "uploadtime": 1776378439,
  "views": 13,
  "formatid": "gen9championsvgc2026regma",
  "rating": 1000,
  "private": 0,
  "password": null
}