{
  "id": "gen9championsvgc2026regma-2586663728",
  "format": "[Gen 9 Champions] VGC 2026 Reg M-A",
  "players": [
    "mio beam",
    "Woop1884"
  ],
  "log": "|j|\u2606mio beam\n|j|\u2606Woop1884\n|t:|1776450354\n|gametype|doubles\n|player|p1|mio beam|170|1018\n|player|p2|Woop1884|102|1083\n|gen|9\n|tier|[Gen 9 Champions] VGC 2026 Reg M-A\n|rated|\n|rule|Species Clause: Limit one of each Pok\u00e9mon\n|rule|Item Clause: Limit 1 of each item\n|clearpoke\n|poke|p1|Froslass, L50, F|\n|poke|p1|Garchomp, L50, M|\n|poke|p1|Rotom-Frost, L50|\n|poke|p1|Empoleon, L50, F|\n|poke|p1|Incineroar, L50, F|\n|poke|p1|Kingambit, L50, F|\n|poke|p2|Froslass, L50, F|\n|poke|p2|Rotom-Wash, L50|\n|poke|p2|Sableye, L50, F|\n|poke|p2|Sneasler, L50, F|\n|poke|p2|Garchomp, L50, M|\n|poke|p2|Arcanine, L50, F|\n|teampreview|4\n|\n|t:|1776450414\n|teamsize|p1|4\n|teamsize|p2|4\n|start\n|switch|p1a: Froslass|Froslass, L50, F|100/100\n|switch|p1b: Rotom|Rotom-Frost, L50|100/100\n|switch|p2a: Froslass|Froslass, L50, F|100/100\n|switch|p2b: Sableye|Sableye, L50, F|100/100\n|turn|1\n|\n|t:|1776450450\n|detailschange|p2a: Froslass|Froslass-Mega, L50, F\n|-mega|p2a: Froslass|Froslass|Froslassite\n|-weather|Snowscape|[from] ability: Snow Warning|[of] p2a: Froslass\n|detailschange|p1a: Froslass|Froslass-Mega, L50, F\n|-mega|p1a: Froslass|Froslass|Froslassite\n|move|p2b: Sableye|Quash|p1a: Froslass\n|-activate|p1a: Froslass|move: Quash\n|move|p1b: Rotom|Electroweb|p2b: Sableye|[spread] p2a\n|-miss|p1b: Rotom|p2b: Sableye\n|-damage|p2a: Froslass|78/100\n|-unboost|p2a: Froslass|spe|1\n|move|p2a: Froslass|Shadow Ball|p1a: Froslass\n|-supereffective|p1a: Froslass|1\n|-damage|p1a: Froslass|0 fnt\n|faint|p1a: Froslass\n|\n|-weather|Snowscape|[upkeep]\n|upkeep\n|\n|t:|1776450468\n|switch|p1a: Empoleon|Empoleon, L50, F|100/100\n|turn|2\n|\n|t:|1776450520\n|switch|p1b: Garchomp|Garchomp, L50, M|100/100\n|move|p2b: Sableye|Quash|p1a: Empoleon\n|-activate|p1a: Empoleon|move: Quash\n|move|p2a: Froslass|Shadow Ball|p1a: Empoleon\n|-damage|p1a: Empoleon|58/100\n|move|p1a: Empoleon|Flash Cannon|p2a: Froslass\n|-supereffective|p2a: Froslass|1\n|-damage|p2a: Froslass|0 fnt\n|faint|p2a: Froslass\n|\n|-weather|Snowscape|[upkeep]\n|-heal|p1a: Empoleon|64/100|[from] item: Leftovers\n|upkeep\n|\n|t:|1776450537\n|switch|p2a: Sneasler|Sneasler, L50, F|100/100\n|turn|3\n|\n|t:|1776450556\n|switch|p1a: Rotom|Rotom-Frost, L50|100/100\n|move|p2b: Sableye|Will-O-Wisp|p1b: Garchomp\n|-status|p1b: Garchomp|brn\n|move|p2a: Sneasler|Close Combat|p1a: Rotom\n|-supereffective|p1a: Rotom|1\n|-damage|p1a: Rotom|0 fnt\n|-unboost|p2a: Sneasler|def|1\n|-unboost|p2a: Sneasler|spd|1\n|faint|p1a: Rotom\n|-enditem|p2a: Sneasler|White Herb\n|-clearnegativeboost|p2a: Sneasler|[silent]\n|move|p1b: Garchomp|Earthquake|p2b: Sableye|[spread] p2a,p2b\n|-supereffective|p2a: Sneasler|1\n|-damage|p2a: Sneasler|33/100\n|-damage|p2b: Sableye|78/100\n|\n|-weather|Snowscape|[upkeep]\n|-damage|p1b: Garchomp|95/100 brn|[from] brn\n|upkeep\n|\n|t:|1776450571\n|switch|p1a: Empoleon|Empoleon, L50, F|64/100\n|turn|4\n|\n|t:|1776450596\n|move|p1a: Empoleon|Protect|p1a: Empoleon\n|-singleturn|p1a: Empoleon|Protect\n|move|p2a: Sneasler|Close Combat|p1a: Empoleon\n|-activate|p1a: Empoleon|move: Protect\n|move|p1b: Garchomp|Earthquake|p2a: Sneasler|[spread] p2a,p2b\n|-activate|p1a: Empoleon|move: Protect\n|-supereffective|p2a: Sneasler|1\n|-crit|p2b: Sableye\n|-damage|p2a: Sneasler|0 fnt\n|-damage|p2b: Sableye|47/100\n|faint|p2a: Sneasler\n|move|p2b: Sableye|Foul Play|p1b: Garchomp\n|-damage|p1b: Garchomp|49/100 brn\n|-damage|p2b: Sableye|35/100|[from] ability: Rough Skin|[of] p1b: Garchomp\n|\n|-weather|Snowscape|[upkeep]\n|-heal|p1a: Empoleon|70/100|[from] item: Leftovers\n|-damage|p1b: Garchomp|43/100 brn|[from] brn\n|upkeep\n|\n|t:|1776450613\n|switch|p2a: Arcanine|Arcanine, L50, F|100/100\n|-ability|p2a: Arcanine|Intimidate|boost\n|-unboost|p1a: Empoleon|atk|1\n|-ability|p1a: Empoleon|Competitive|boost\n|-boost|p1a: Empoleon|spa|2\n|-unboost|p1b: Garchomp|atk|1\n|-enditem|p1b: Garchomp|White Herb\n|-clearnegativeboost|p1b: Garchomp|[silent]\n|turn|5\n|\n|t:|1776450627\n|move|p1b: Garchomp|Rock Slide|p2a: Arcanine|[spread] p2a,p2b\n|-supereffective|p2a: Arcanine|1\n|-damage|p2a: Arcanine|77/100\n|-damage|p2b: Sableye|24/100\n|move|p2a: Arcanine|Close Combat|p1a: Empoleon\n|-supereffective|p1a: Empoleon|1\n|-damage|p1a: Empoleon|0 fnt\n|-unboost|p2a: Arcanine|def|1\n|-unboost|p2a: Arcanine|spd|1\n|faint|p1a: Empoleon\n|move|p2b: Sableye|Foul Play|p1b: Garchomp\n|-damage|p1b: Garchomp|0 fnt\n|-damage|p2b: Sableye|12/100|[from] ability: Rough Skin|[of] p1b: Garchomp\n|faint|p1b: Garchomp\n|\n|win|Woop1884\n|raw|mio beam's rating: 1018 &rarr; <strong>1008</strong><br />(-10 for losing)\n|raw|Woop1884's rating: 1083 &rarr; <strong>1105</strong><br />(+22 for winning)\n|l|\u2606mio beam\n|player|p1|\n",
  "uploadtime": 1776450763,
  "views": 35,
  "formatid": "gen9championsvgc2026regma",
  "rating": 1008,
  "private": 0,
  "password": null
}