{
  "id": "gen9championsvgc2026regma-2587596484",
  "format": "[Gen 9 Champions] VGC 2026 Reg M-A",
  "players": [
    "bamdoot",
    "rauliito_adh"
  ],
  "log": "|j|\u2606bamdoot\n|j|\u2606rauliito_adh\n|t:|1776545504\n|gametype|doubles\n|player|p1|bamdoot|102|1442\n|player|p2|rauliito_adh|hilbert|1492\n|gen|9\n|tier|[Gen 9 Champions] VGC 2026 Reg M-A\n|rated|\n|rule|Species Clause: Limit one of each Pok\u00e9mon\n|rule|Item Clause: Limit 1 of each item\n|clearpoke\n|poke|p1|Whimsicott, L50, M|\n|poke|p1|Chandelure, L50, M|\n|poke|p1|Charizard, L50, M|\n|poke|p1|Garchomp, L50, F|\n|poke|p1|Rotom-Wash, L50|\n|poke|p1|Aegislash, L50, M|\n|poke|p2|Gardevoir, L50, F, shiny|\n|poke|p2|Basculegion, L50, M, shiny|\n|poke|p2|Maushold-Four, L50, shiny|\n|poke|p2|Talonflame, L50, F, shiny|\n|poke|p2|Garchomp, L50, F|\n|poke|p2|Kingambit, L50, M, shiny|\n|teampreview|4\n|j| GoodraSweetheart76\n|inactive|Battle timer is ON: inactive players will automatically lose when time's up. (requested by bamdoot)\n|inactive|rauliito_adh has 60 seconds left.\n|\n|t:|1776545585\n|teamsize|p1|4\n|teamsize|p2|4\n|start\n|switch|p1a: Whimsicott|Whimsicott, L50, M|100/100\n|switch|p1b: Charizard|Charizard, L50, M|100/100\n|switch|p2a: Talonflame|Talonflame, L50, F, shiny|100/100\n|switch|p2b: Gardevoir|Gardevoir, L50, F, shiny|100/100\n|turn|1\n|inactive|bamdoot has 30 seconds left.\n|\n|t:|1776545612\n|detailschange|p1b: Charizard|Charizard-Mega-Y, L50, M\n|-mega|p1b: Charizard|Charizard|Charizardite Y\n|-weather|SunnyDay|[from] ability: Drought|[of] p1b: Charizard\n|detailschange|p2b: Gardevoir|Gardevoir-Mega, L50, F, shiny\n|-mega|p2b: Gardevoir|Gardevoir|Gardevoirite\n|move|p1a: Whimsicott|Protect|p1a: Whimsicott\n|-singleturn|p1a: Whimsicott|Protect\n|move|p2a: Talonflame|Acrobatics|p1a: Whimsicott\n|-activate|p1a: Whimsicott|move: Protect\n|move|p1b: Charizard|Heat Wave|p2a: Talonflame|[spread] p2a\n|-miss|p1b: Charizard|p2b: Gardevoir\n|-resisted|p2a: Talonflame|1\n|-damage|p2a: Talonflame|49/100\n|move|p2b: Gardevoir|Trick Room|p2b: Gardevoir\n|-fieldstart|move: Trick Room|[of] p2b: Gardevoir\n|\n|-weather|SunnyDay|[upkeep]\n|upkeep\n|turn|2\n|inactive|bamdoot has 30 seconds left.\n|inactive|rauliito_adh has 30 seconds left.\n|inactive|bamdoot has 20 seconds left.\n|inactive|bamdoot has 15 seconds left.\n|\n|t:|1776545656\n|switch|p2a: Maushold|Maushold-Four, L50, shiny|100/100\n|move|p2b: Gardevoir|Hyper Voice|p1b: Charizard|[spread] p1a,p1b\n|-resisted|p1b: Charizard|1\n|-damage|p1a: Whimsicott|23/100\n|-damage|p1b: Charizard|71/100\n|move|p1a: Whimsicott|Moonblast|p2b: Gardevoir\n|-damage|p2b: Gardevoir|85/100\n|move|p1b: Charizard|Heat Wave|p2a: Maushold|[spread] p2a,p2b\n|-damage|p2a: Maushold|17/100\n|-damage|p2b: Gardevoir|47/100\n|\n|-weather|SunnyDay|[upkeep]\n|upkeep\n|turn|3\n|inactive|rauliito_adh has 30 seconds left.\n|inactive|bamdoot has 30 seconds left.\n|inactive|rauliito_adh has 20 seconds left.\n|inactive|bamdoot has 20 seconds left.\n|inactive|rauliito_adh has 15 seconds left.\n|inactive|bamdoot has 15 seconds left.\n|inactive|rauliito_adh has 10 seconds left.\n|inactive|rauliito_adh has 5 seconds left.\n|\n|t:|1776545709\n|move|p1a: Whimsicott|Protect|p1a: Whimsicott\n|-singleturn|p1a: Whimsicott|Protect\n|move|p2b: Gardevoir|Protect|p2b: Gardevoir\n|-singleturn|p2b: Gardevoir|Protect\n|move|p1b: Charizard|Heat Wave|p2b: Gardevoir|[spread] p2a\n|-activate|p2b: Gardevoir|move: Protect\n|-damage|p2a: Maushold|0 fnt\n|faint|p2a: Maushold\n|\n|-weather|SunnyDay|[upkeep]\n|upkeep\n|\n|t:|1776545717\n|switch|p2a: Basculegion|Basculegion, L50, M, shiny|100/100\n|turn|4\n|inactive|bamdoot has 30 seconds left.\n|inactive|bamdoot has 20 seconds left.\n|inactive|bamdoot has 15 seconds left.\n|inactive|bamdoot has 10 seconds left.\n|\n|t:|1776545765\n|move|p1b: Charizard|Protect|p1b: Charizard\n|-singleturn|p1b: Charizard|Protect\n|move|p1a: Whimsicott|Tailwind|p1a: Whimsicott\n|-sidestart|p1: bamdoot|move: Tailwind\n|move|p2a: Basculegion|Last Respects|p1b: Charizard\n|-activate|p1b: Charizard|move: Protect\n|move|p2b: Gardevoir|Hyper Voice|p1b: Charizard|[spread] p1a\n|-activate|p1b: Charizard|move: Protect\n|-damage|p1a: Whimsicott|0 fnt\n|faint|p1a: Whimsicott\n|\n|-weather|SunnyDay|[upkeep]\n|upkeep\n|inactive|bamdoot has 30 seconds left.\n|inactive|bamdoot has 20 seconds left.\n|inactive|bamdoot has 15 seconds left.\n|\n|t:|1776545808\n|switch|p1a: Garchomp|Garchomp, L50, F|100/100\n|turn|5\n|\n|t:|1776545818\n|switch|p1b: Chandelure|Chandelure, L50, M|100/100\n|move|p2a: Basculegion|Last Respects|p1b: Chandelure\n|-supereffective|p1b: Chandelure|1\n|-damage|p1b: Chandelure|0 fnt\n|faint|p1b: Chandelure\n|move|p2b: Gardevoir|Hyper Voice|p1a: Garchomp\n|-supereffective|p1a: Garchomp|1\n|-damage|p1a: Garchomp|0 fnt\n|faint|p1a: Garchomp\n|\n|-weather|none\n|-fieldend|move: Trick Room\n|upkeep\n|\n|t:|1776545832\n|switch|p1b: Charizard|Charizard-Mega-Y, L50, M|71/100\n|-weather|SunnyDay|[from] ability: Drought|[of] p1b: Charizard\n|turn|6\n|\n|t:|1776545844\n|move|p2a: Basculegion|Protect|p2a: Basculegion\n|-singleturn|p2a: Basculegion|Protect\n|move|p1b: Charizard|Solar Beam||[still]\n|-prepare|p1b: Charizard|Solar Beam\n|-anim|p1b: Charizard|Solar Beam|p2a: Basculegion\n|-activate|p2a: Basculegion|move: Protect\n|move|p2b: Gardevoir|Trick Room|p2b: Gardevoir\n|-fieldstart|move: Trick Room|[of] p2b: Gardevoir\n|\n|-weather|SunnyDay|[upkeep]\n|upkeep\n|turn|7\n|-message|bamdoot forfeited.\n|\n|win|rauliito_adh\n|raw|bamdoot's rating: 1442 &rarr; <strong>1425</strong><br />(-17 for losing)\n|raw|rauliito_adh's rating: 1492 &rarr; <strong>1509</strong><br />(+17 for winning)\n",
  "uploadtime": 1776545851,
  "views": 20,
  "formatid": "gen9championsvgc2026regma",
  "rating": 1425,
  "private": 0,
  "password": null
}