{
  "id": "gen9championsvgc2026regma-2585553858",
  "format": "[Gen 9 Champions] VGC 2026 Reg M-A",
  "players": [
    "Noah74",
    "1l1ja"
  ],
  "log": "|j|\u2606Noah74\n|j|\u203d1l1ja\n|t:|1776355141\n|gametype|doubles\n|player|p1|Noah74|265|1000\n|player|p2|1l1ja|pokemaniac|1085\n|gen|9\n|tier|[Gen 9 Champions] VGC 2026 Reg M-A\n|rated|\n|rule|Species Clause: Limit one of each Pok\u00e9mon\n|rule|Item Clause: Limit 1 of each item\n|clearpoke\n|poke|p1|Hydreigon, L50, F|\n|poke|p1|Whimsicott, L50, M|\n|poke|p1|Corviknight, L50, F|\n|poke|p1|Lopunny, L50, M|\n|poke|p1|Hatterene, L50, F|\n|poke|p1|Milotic, L50, F|\n|poke|p2|Archaludon, L50, F|\n|poke|p2|Pelipper, L50, M|\n|poke|p2|Basculegion, L50, M|\n|poke|p2|Meganium, L50, F|\n|poke|p2|Incineroar, L50, F|\n|poke|p2|Maushold-Four, L50|\n|teampreview|4\n|\n|t:|1776355191\n|teamsize|p1|4\n|teamsize|p2|4\n|start\n|switch|p1a: Lopunny|Lopunny, L50, M|100/100\n|switch|p1b: Hydreigon|Hydreigon, L50, F|100/100\n|switch|p2a: Archaludon|Archaludon, L50, F, shiny|100/100\n|switch|p2b: Pelipper|Pelipper, L50, M|100/100\n|-weather|RainDance|[from] ability: Drizzle|[of] p2b: Pelipper\n|turn|1\n|\n|t:|1776355212\n|move|p1a: Lopunny|Swords Dance|p1a: Lopunny\n|-boost|p1a: Lopunny|atk|2\n|move|p1b: Hydreigon|Dark Pulse|p2b: Pelipper\n|-damage|p2b: Pelipper|33/100\n|move|p2a: Archaludon|Draco Meteor|p1b: Hydreigon|[miss]\n|-miss|p2a: Archaludon|p1b: Hydreigon\n|move|p2b: Pelipper|Tailwind|p2b: Pelipper\n|-sidestart|p2: 1l1ja|move: Tailwind\n|\n|-weather|RainDance|[upkeep]\n|upkeep\n|turn|2\n|\n|t:|1776355241\n|detailschange|p1a: Lopunny|Lopunny-Mega, L50, M\n|-mega|p1a: Lopunny|Lopunny|Lopunnite\n|move|p2a: Archaludon|Draco Meteor|p1b: Hydreigon\n|-supereffective|p1b: Hydreigon|1\n|-damage|p1b: Hydreigon|0 fnt\n|-unboost|p2a: Archaludon|spa|2\n|faint|p1b: Hydreigon\n|move|p1a: Lopunny|Drain Punch|p2a: Archaludon\n|-supereffective|p2a: Archaludon|1\n|-damage|p2a: Archaludon|0 fnt\n|faint|p2a: Archaludon\n|move|p2b: Pelipper|Hurricane|p1a: Lopunny\n|-supereffective|p1a: Lopunny|1\n|-damage|p1a: Lopunny|0 fnt\n|faint|p1a: Lopunny\n|\n|-weather|RainDance|[upkeep]\n|upkeep\n|\n|t:|1776355256\n|switch|p1a: Whimsicott|Whimsicott, L50, M|100/100\n|switch|p1b: Corviknight|Corviknight, L50, F|100/100\n|switch|p2a: Meganium|Meganium, L50, F|100/100\n|-ability|p1b: Corviknight|Unnerve\n|turn|3\n|\n|t:|1776355272\n|switch|p2a: Incineroar|Incineroar, L50, F|100/100\n|-ability|p2a: Incineroar|Intimidate|boost\n|-unboost|p1a: Whimsicott|atk|1\n|-unboost|p1b: Corviknight|atk|1\n|move|p1a: Whimsicott|Tailwind|p1a: Whimsicott\n|-sidestart|p1: Noah74|move: Tailwind\n|move|p1b: Corviknight|Iron Defense|p1b: Corviknight\n|-boost|p1b: Corviknight|def|2\n|move|p2b: Pelipper|Hurricane|p1a: Whimsicott\n|-supereffective|p1a: Whimsicott|1\n|-enditem|p1a: Whimsicott|Focus Sash\n|-damage|p1a: Whimsicott|1/100\n|\n|-weather|RainDance|[upkeep]\n|upkeep\n|turn|4\n|\n|t:|1776355311\n|move|p2a: Incineroar|Fake Out|p1b: Corviknight\n|-resisted|p1b: Corviknight|1\n|-damage|p1b: Corviknight|98/100\n|move|p1a: Whimsicott|Moonblast|p2b: Pelipper\n|-damage|p2b: Pelipper|0 fnt\n|faint|p2b: Pelipper\n|cant|p1b: Corviknight|flinch\n|\n|-weather|RainDance|[upkeep]\n|-heal|p1b: Corviknight|100/100|[from] item: Leftovers\n|-sideend|p2: 1l1ja|move: Tailwind\n|upkeep\n|\n|t:|1776355321\n|switch|p2b: Meganium|Meganium, L50, F|100/100\n|turn|5\n|\n|t:|1776355337\n|move|p1a: Whimsicott|Moonblast|p2a: Incineroar\n|-damage|p2a: Incineroar|77/100\n|move|p1b: Corviknight|Body Press|p2a: Incineroar\n|-supereffective|p2a: Incineroar|1\n|-damage|p2a: Incineroar|0 fnt\n|faint|p2a: Incineroar\n|move|p2b: Meganium|Dazzling Gleam|p1a: Whimsicott|[spread] p1a,p1b\n|-resisted|p1b: Corviknight|1\n|-damage|p1a: Whimsicott|0 fnt\n|-damage|p1b: Corviknight|94/100\n|faint|p1a: Whimsicott\n|\n|-weather|none\n|-heal|p1b: Corviknight|99/100|[from] item: Leftovers\n|upkeep\n|turn|6\n|inactive|Battle timer is ON: inactive players will automatically lose when time's up. (requested by Noah74)\n|\n|t:|1776355359\n|detailschange|p2b: Meganium|Meganium-Mega, L50, F\n|-mega|p2b: Meganium|Meganium|Meganiumite\n|move|p1b: Corviknight|Brave Bird|p2b: Meganium\n|-supereffective|p2b: Meganium|1\n|-damage|p2b: Meganium|62/100\n|-damage|p1b: Corviknight|90/100|[from] Recoil\n|move|p2b: Meganium|Dazzling Gleam|p1b: Corviknight\n|-resisted|p1b: Corviknight|1\n|-damage|p1b: Corviknight|72/100\n|\n|-heal|p1b: Corviknight|78/100|[from] item: Leftovers\n|-sideend|p1: Noah74|move: Tailwind\n|upkeep\n|turn|7\n|\n|t:|1776355380\n|move|p1b: Corviknight|Protect|p1b: Corviknight\n|-singleturn|p1b: Corviknight|Protect\n|move|p2b: Meganium|Synthesis|p2b: Meganium\n|-heal|p2b: Meganium|100/100\n|\n|-heal|p1b: Corviknight|83/100|[from] item: Leftovers\n|upkeep\n|turn|8\n|\n|t:|1776355387\n|move|p2b: Meganium|Dazzling Gleam|p1b: Corviknight\n|-resisted|p1b: Corviknight|1\n|-damage|p1b: Corviknight|64/100\n|move|p1b: Corviknight|Iron Defense|p1b: Corviknight\n|-boost|p1b: Corviknight|def|2\n|\n|-heal|p1b: Corviknight|70/100|[from] item: Leftovers\n|upkeep\n|turn|9\n|\n|t:|1776355394\n|move|p2b: Meganium|Dazzling Gleam|p1b: Corviknight\n|-resisted|p1b: Corviknight|1\n|-damage|p1b: Corviknight|51/100\n|move|p1b: Corviknight|Iron Defense|p1b: Corviknight\n|-boost|p1b: Corviknight|def|2\n|\n|-heal|p1b: Corviknight|57/100|[from] item: Leftovers\n|upkeep\n|turn|10\n|\n|t:|1776355401\n|move|p1b: Corviknight|Protect|p1b: Corviknight\n|-singleturn|p1b: Corviknight|Protect\n|move|p2b: Meganium|Dazzling Gleam|p1b: Corviknight\n|-activate|p1b: Corviknight|move: Protect\n|\n|-heal|p1b: Corviknight|62/100|[from] item: Leftovers\n|upkeep\n|turn|11\n|\n|t:|1776355410\n|move|p2b: Meganium|Dazzling Gleam|p1b: Corviknight\n|-resisted|p1b: Corviknight|1\n|-damage|p1b: Corviknight|44/100\n|move|p1b: Corviknight|Body Press|p2b: Meganium\n|-resisted|p2b: Meganium|1\n|-damage|p2b: Meganium|66/100\n|\n|-heal|p1b: Corviknight|50/100|[from] item: Leftovers\n|upkeep\n|turn|12\n|\n|t:|1776355423\n|move|p2b: Meganium|Dazzling Gleam|p1b: Corviknight\n|-resisted|p1b: Corviknight|1\n|-damage|p1b: Corviknight|33/100\n|move|p1b: Corviknight|Body Press|p2b: Meganium\n|-resisted|p2b: Meganium|1\n|-damage|p2b: Meganium|31/100\n|\n|-heal|p1b: Corviknight|39/100|[from] item: Leftovers\n|upkeep\n|turn|13\n|\n|t:|1776355431\n|move|p2b: Meganium|Synthesis|p2b: Meganium\n|-heal|p2b: Meganium|98/100\n|move|p1b: Corviknight|Brave Bird|p2b: Meganium\n|-supereffective|p2b: Meganium|1\n|-damage|p2b: Meganium|54/100\n|-damage|p1b: Corviknight|28/100|[from] Recoil\n|\n|-heal|p1b: Corviknight|34/100|[from] item: Leftovers\n|upkeep\n|turn|14\n|\n|t:|1776355440\n|move|p1b: Corviknight|Protect|p1b: Corviknight\n|-singleturn|p1b: Corviknight|Protect\n|move|p2b: Meganium|Synthesis|p2b: Meganium\n|-heal|p2b: Meganium|100/100\n|\n|-heal|p1b: Corviknight|40/100|[from] item: Leftovers\n|upkeep\n|turn|15\n|\n|t:|1776355447\n|move|p2b: Meganium|Dazzling Gleam|p1b: Corviknight\n|-resisted|p1b: Corviknight|1\n|-damage|p1b: Corviknight|20/100\n|move|p1b: Corviknight|Body Press|p2b: Meganium\n|-resisted|p2b: Meganium|1\n|-damage|p2b: Meganium|62/100\n|\n|-heal|p1b: Corviknight|26/100|[from] item: Leftovers\n|upkeep\n|turn|16\n|\n|t:|1776355456\n|move|p2b: Meganium|Dazzling Gleam|p1b: Corviknight\n|-resisted|p1b: Corviknight|1\n|-damage|p1b: Corviknight|7/100\n|move|p1b: Corviknight|Body Press|p2b: Meganium\n|-resisted|p2b: Meganium|1\n|-damage|p2b: Meganium|28/100\n|\n|-heal|p1b: Corviknight|13/100|[from] item: Leftovers\n|upkeep\n|turn|17\n|\n|t:|1776355464\n|move|p1b: Corviknight|Protect|p1b: Corviknight\n|-singleturn|p1b: Corviknight|Protect\n|move|p2b: Meganium|Dazzling Gleam|p1b: Corviknight\n|-activate|p1b: Corviknight|move: Protect\n|\n|-heal|p1b: Corviknight|19/100|[from] item: Leftovers\n|upkeep\n|turn|18\n|\n|t:|1776355470\n|move|p2b: Meganium|Dazzling Gleam|p1b: Corviknight\n|-resisted|p1b: Corviknight|1\n|-damage|p1b: Corviknight|0 fnt\n|faint|p1b: Corviknight\n|\n|win|1l1ja\n|raw|Noah74's rating: 1000 &rarr; <strong>1000</strong><br />(+0 for losing)\n|raw|1l1ja's rating: 1085 &rarr; <strong>1106</strong><br />(+21 for winning)\n",
  "uploadtime": 1776355474,
  "views": 22,
  "formatid": "gen9championsvgc2026regma",
  "rating": 1000,
  "private": 0,
  "password": null
}