{
  "id": "gen9championsvgc2026regma-2587018516",
  "format": "[Gen 9 Champions] VGC 2026 Reg M-A",
  "players": [
    "Cheasleywithaw",
    "Jadenhess"
  ],
  "log": "|j|\u2606Cheasleywithaw\n|j|\u2606Jadenhess\n|t:|1776481775\n|gametype|doubles\n|player|p1|Cheasleywithaw|266|1423\n|player|p2|Jadenhess|1|1486\n|gen|9\n|tier|[Gen 9 Champions] VGC 2026 Reg M-A\n|rated|\n|rule|Species Clause: Limit one of each Pok\u00e9mon\n|rule|Item Clause: Limit 1 of each item\n|clearpoke\n|poke|p1|Incineroar, L50, F|\n|poke|p1|Sinistcha-Masterpiece, L50|\n|poke|p1|Floette-Eternal, L50, F|\n|poke|p1|Aerodactyl, L50, F|\n|poke|p1|Garchomp, L50, M|\n|poke|p1|Rotom-Wash, L50|\n|poke|p2|Serperior, L50, M|\n|poke|p2|Hawlucha, L50, F|\n|poke|p2|Excadrill, L50, M|\n|poke|p2|Rotom-Frost, L50|\n|poke|p2|Whimsicott, L50, M|\n|poke|p2|Delphox, L50, F|\n|teampreview|4\n|inactive|Battle timer is ON: inactive players will automatically lose when time's up. (requested by Jadenhess)\nCheasleywithaw has agreed to open team sheets.\n|inactive|Jadenhess has 60 seconds left.\n|\n|t:|1776481817\n|teamsize|p1|4\n|teamsize|p2|4\n|start\n|switch|p1a: Aerodactyl|Aerodactyl, L50, F|100/100\n|switch|p1b: Garchomp|Garchomp, L50, M|100/100\n|switch|p2a: Serperior|Serperior, L50, M|100/100\n|switch|p2b: Whimsicott|Whimsicott, L50, M|100/100\n|-ability|p1a: Aerodactyl|Unnerve\n|turn|1\n|\n|t:|1776481838\n|move|p1b: Garchomp|Protect|p1b: Garchomp\n|-singleturn|p1b: Garchomp|Protect\n|move|p2b: Whimsicott|Tailwind|p2b: Whimsicott\n|-sidestart|p2: Jadenhess|move: Tailwind\n|move|p2a: Serperior|Glare|p1b: Garchomp\n|-activate|p1b: Garchomp|move: Protect\n|move|p1a: Aerodactyl|Dual Wingbeat|p2b: Whimsicott\n|-supereffective|p2b: Whimsicott|1\n|-damage|p2b: Whimsicott|44/100\n|-supereffective|p2b: Whimsicott|1\n|-damage|p2b: Whimsicott|0 fnt\n|faint|p2b: Whimsicott\n|-hitcount|p2: Whimsicott|2\n|\n|upkeep\n|\n|t:|1776481844\n|switch|p2b: Rotom|Rotom-Frost, L50|100/100\n|turn|2\n|\n|t:|1776481861\n|switch|p1a: Incineroar|Incineroar, L50, F|100/100\n|-ability|p1a: Incineroar|Intimidate|boost\n|-boost|p2a: Serperior|atk|1\n|-unboost|p2b: Rotom|atk|1\n|switch|p1b: Rotom|Rotom-Wash, L50|100/100\n|move|p2a: Serperior|Leaf Storm|p1a: Incineroar\n|-resisted|p1a: Incineroar|1\n|-crit|p1a: Incineroar\n|-damage|p1a: Incineroar|76/100\n|-boost|p2a: Serperior|spa|2\n|move|p2b: Rotom|Blizzard|p1b: Rotom|[spread] p1a,p1b\n|-resisted|p1a: Incineroar|1\n|-resisted|p1b: Rotom|1\n|-damage|p1a: Incineroar|61/100\n|-damage|p1b: Rotom|83/100\n|\n|-heal|p1b: Rotom|88/100|[from] item: Leftovers\n|upkeep\n|turn|3\n|\n|t:|1776481881\n|move|p2a: Serperior|Protect|p2a: Serperior\n|-singleturn|p2a: Serperior|Protect\n|move|p1a: Incineroar|Fake Out|p2a: Serperior\n|-activate|p2a: Serperior|move: Protect\n|move|p2b: Rotom|Volt Switch|p1b: Rotom\n|-damage|p1b: Rotom|56/100\n|\n|t:|1776481885\n|switch|p2b: Hawlucha|Hawlucha, L50, F|100/100|[from] Volt Switch\n|move|p1b: Rotom|Volt Switch|p2a: Serperior\n|-activate|p2a: Serperior|move: Protect\n|\n|-heal|p1b: Rotom|62/100|[from] item: Leftovers\n|upkeep\n|turn|4\n|\n|t:|1776481893\n|detailschange|p2b: Hawlucha|Hawlucha-Mega, L50, F\n|-mega|p2b: Hawlucha|Hawlucha|Hawluchanite\n|move|p1b: Rotom|Protect|p1b: Rotom\n|-singleturn|p1b: Rotom|Protect\n|move|p2b: Hawlucha|High Jump Kick|p1a: Incineroar\n|-supereffective|p1a: Incineroar|1\n|-damage|p1a: Incineroar|0 fnt\n|faint|p1a: Incineroar\n|move|p2a: Serperior|Leaf Storm|p1b: Rotom\n|-activate|p1b: Rotom|move: Protect\n|\n|-heal|p1b: Rotom|67/100|[from] item: Leftovers\n|-sideend|p2: Jadenhess|move: Tailwind\n|upkeep\n|\n|t:|1776481900\n|switch|p1a: Aerodactyl|Aerodactyl, L50, F|100/100\n|-ability|p1a: Aerodactyl|Unnerve\n|turn|5\n|\n|t:|1776481908\n|move|p2b: Hawlucha|Protect|p2b: Hawlucha\n|-singleturn|p2b: Hawlucha|Protect\n|move|p1a: Aerodactyl|Dual Wingbeat|p2a: Serperior\n|-supereffective|p2a: Serperior|1\n|-damage|p2a: Serperior|63/100\n|-supereffective|p2a: Serperior|1\n|-crit|p2a: Serperior\n|-damage|p2a: Serperior|0 fnt\n|faint|p2a: Serperior\n|-hitcount|p2: Serperior|2\n|move|p1b: Rotom|Will-O-Wisp|p2b: Hawlucha\n|-activate|p2b: Hawlucha|move: Protect\n|\n|-heal|p1b: Rotom|73/100|[from] item: Leftovers\n|upkeep\n|c|\u2606Cheasleywithaw|sorry\n|\n|t:|1776481916\n|switch|p2a: Rotom|Rotom-Frost, L50|100/100\n|turn|6\n|\n|t:|1776481937\n|move|p1a: Aerodactyl|Protect|p1a: Aerodactyl\n|-singleturn|p1a: Aerodactyl|Protect\n|move|p2b: Hawlucha|High Jump Kick|p1b: Rotom\n|-damage|p1b: Rotom|9/100\n|move|p2a: Rotom|Blizzard|p1b: Rotom|[spread] \n|-activate|p1a: Aerodactyl|move: Protect\n|-miss|p2a: Rotom|p1b: Rotom\n|move|p1b: Rotom|Will-O-Wisp|p2b: Hawlucha\n|-status|p2b: Hawlucha|brn\n|\n|-heal|p1b: Rotom|15/100|[from] item: Leftovers\n|-damage|p2b: Hawlucha|95/100 brn|[from] brn\n|upkeep\n|turn|7\n|\n|t:|1776481957\n|move|p1a: Aerodactyl|Rock Slide|p2b: Hawlucha|[spread] p2a,p2b\n|-supereffective|p2a: Rotom|1\n|-damage|p2a: Rotom|40/100\n|-damage|p2b: Hawlucha|70/100 brn\n|cant|p2b: Hawlucha|flinch\n|cant|p2a: Rotom|flinch\n|move|p1b: Rotom|Volt Switch|p2a: Rotom\n|-resisted|p2a: Rotom|1\n|-damage|p2a: Rotom|20/100\n|c|\u2606Cheasleywithaw|sorry\n|-message|Jadenhess forfeited.\n|\n|win|Cheasleywithaw\n|raw|Cheasleywithaw's rating: 1423 &rarr; <strong>1447</strong><br />(+24 for winning)\n|raw|Jadenhess's rating: 1486 &rarr; <strong>1462</strong><br />(-24 for losing)\n|l|\u2606Jadenhess\n|player|p2|\n",
  "uploadtime": 1776481970,
  "views": 42,
  "formatid": "gen9championsvgc2026regma",
  "rating": 1447,
  "private": 0,
  "password": null
}