{
  "id": "gen9championsvgc2026regma-2584033392",
  "format": "[Gen 9 Champions] VGC 2026 Reg M-A",
  "players": [
    "gracia_borealis1",
    "FlyingSudowoodo"
  ],
  "log": "|j|\u2606gracia_borealis1\n|j|\u2606FlyingSudowoodo\n|t:|1776218620\n|gametype|doubles\n|player|p1|gracia_borealis1|lyra|1038\n|player|p2|FlyingSudowoodo|roark|1000\n|gen|9\n|tier|[Gen 9 Champions] VGC 2026 Reg M-A\n|rated|\n|rule|Species Clause: Limit one of each Pok\u00e9mon\n|rule|Item Clause: Limit 1 of each item\n|clearpoke\n|poke|p1|Ampharos, L50, M|\n|poke|p1|Meowstic, L50, M|\n|poke|p1|Hatterene, L50, F|\n|poke|p1|Pelipper, L50, F|\n|poke|p1|Basculegion, L50, M|\n|poke|p1|Mudsdale, L50, M|\n|poke|p2|Gengar, L50, M|\n|poke|p2|Incineroar, L50, F|\n|poke|p2|Primarina, L50, M|\n|poke|p2|Decidueye-Hisui, L50, F|\n|poke|p2|Klefki, L50, M|\n|poke|p2|Dragonite, L50, M|\n|teampreview|4\ngracia_borealis1 has agreed to open team sheets.\n|inactive|Battle timer is ON: inactive players will automatically lose when time's up. (requested by FlyingSudowoodo)\n|\n|t:|1776218655\n|teamsize|p1|4\n|teamsize|p2|4\n|start\n|switch|p1a: Starry|Pelipper, L50, F, shiny|100/100\n|switch|p1b: Waluigi|Basculegion, L50, M, shiny|100/100\n|switch|p2a: Klefki|Klefki, L50, M|100/100\n|switch|p2b: Primarina|Primarina, L50, M|100/100\n|-weather|RainDance|[from] ability: Drizzle|[of] p1a: Starry\n|turn|1\n|\n|t:|1776218678\n|move|p2a: Klefki|Thunder Wave|p1b: Waluigi\n|-status|p1b: Waluigi|par\n|move|p1b: Waluigi|Phantom Force||[still]\n|-prepare|p1b: Waluigi|Phantom Force\n|move|p2b: Primarina|Hyper Voice|p1a: Starry|[spread] p1a\n|-miss|p2b: Primarina|p1b: Waluigi\n|-resisted|p1a: Starry|1\n|-damage|p1a: Starry|60/100\n|move|p1a: Starry|Tailwind|p1a: Starry\n|-sidestart|p1: gracia_borealis1|move: Tailwind\n|\n|-weather|RainDance|[upkeep]\n|-heal|p1a: Starry|66/100|[from] item: Leftovers\n|upkeep\n|turn|2\n|\n|t:|1776218700\n|move|p1b: Waluigi|Phantom Force|p2a: Klefki|[from] lockedmove\n|-damage|p2a: Klefki|43/100\n|move|p1a: Starry|Roost|p1a: Starry\n|-heal|p1a: Starry|100/100\n|-singleturn|p1a: Starry|move: Roost\n|move|p2b: Primarina|Moonblast|p1a: Starry\n|-damage|p1a: Starry|36/100\n|move|p2a: Klefki|Trick Room|p2a: Klefki\n|-fieldstart|move: Trick Room|[of] p2a: Klefki\n|\n|-weather|RainDance|[upkeep]\n|-heal|p1a: Starry|42/100|[from] item: Leftovers\n|upkeep\n|turn|3\n|inactive|gracia_borealis1 has 30 seconds left.\n|inactive|FlyingSudowoodo has 30 seconds left.\n|\n|t:|1776218727\n|move|p2b: Primarina|Moonblast|p1b: Waluigi\n|-crit|p1b: Waluigi\n|-damage|p1b: Waluigi|21/100 par\n|move|p2a: Klefki|Draining Kiss|p1b: Waluigi\n|-damage|p1b: Waluigi|4/100 par\n|-heal|p2a: Klefki|59/100|[from] drain|[of] p1b: Waluigi\n|move|p1a: Starry|Hurricane|p2b: Primarina\n|-damage|p2b: Primarina|68/100\n|cant|p1b: Waluigi|par\n|\n|-weather|RainDance|[upkeep]\n|-heal|p1a: Starry|48/100|[from] item: Leftovers\n|upkeep\n|turn|4\n|\n|t:|1776218749\n|switch|p1b: Thor|Ampharos, L50, M|100/100\n|move|p2b: Primarina|Moonblast|p1a: Starry\n|-damage|p1a: Starry|0 fnt\n|faint|p1a: Starry\n|move|p2a: Klefki|Draining Kiss|p1b: Thor\n|-damage|p1b: Thor|84/100\n|-heal|p2a: Klefki|71/100|[from] drain|[of] p1b: Thor\n|\n|-weather|RainDance|[upkeep]\n|-sideend|p1: gracia_borealis1|move: Tailwind\n|upkeep\n|\n|t:|1776218754\n|switch|p1a: Mudsdale|Mudsdale, L50, M|100/100\n|turn|5\n|\n|t:|1776218778\n|move|p1a: Mudsdale|Protect|p1a: Mudsdale\n|-singleturn|p1a: Mudsdale|Protect\n|move|p1b: Thor|Thunder|p2b: Primarina\n|-supereffective|p2b: Primarina|1\n|-damage|p2b: Primarina|0 fnt\n|faint|p2b: Primarina\n|move|p2a: Klefki|Draining Kiss|p1b: Thor\n|-damage|p1b: Thor|66/100\n|-heal|p2a: Klefki|85/100|[from] drain|[of] p1b: Thor\n|-status|p2a: Klefki|par|[from] ability: Static|[of] p1b: Thor\n|\n|-weather|none\n|upkeep\n|\n|t:|1776218790\n|switch|p2b: Decidueye|Decidueye-Hisui, L50, F|100/100\n|turn|6\n|\n|t:|1776218804\n|detailschange|p1b: Thor|Ampharos-Mega, L50, M\n|-mega|p1b: Thor|Ampharos|Ampharosite\n|-ability|p1b: Thor|Mold Breaker\n|move|p1b: Thor|Protect|p1b: Thor\n|-singleturn|p1b: Thor|Protect\n|move|p2a: Klefki|Draining Kiss|p1b: Thor\n|-activate|p1b: Thor|move: Protect\n|move|p1a: Mudsdale|High Horsepower|p2a: Klefki\n|-supereffective|p2a: Klefki|1\n|-damage|p2a: Klefki|0 fnt\n|faint|p2a: Klefki\n|move|p2b: Decidueye|Leaf Blade|p1a: Mudsdale\n|-supereffective|p1a: Mudsdale|1\n|-damage|p1a: Mudsdale|33/100\n|\n|-fieldend|move: Trick Room\n|upkeep\n|\n|t:|1776218818\n|switch|p2a: Gengar|Gengar, L50, M|100/100\n|turn|7\n|\n|t:|1776218826\n|detailschange|p2a: Gengar|Gengar-Mega, L50, M\n|-mega|p2a: Gengar|Gengar|Gengarite\n|move|p2a: Gengar|Shadow Ball|p1b: Thor\n|-damage|p1b: Thor|18/100\n|move|p2b: Decidueye|Leaf Blade|p1a: Mudsdale\n|-supereffective|p1a: Mudsdale|1\n|-damage|p1a: Mudsdale|0 fnt\n|faint|p1a: Mudsdale\n|move|p1b: Thor|Dragon Pulse|p2b: Decidueye\n|-damage|p2b: Decidueye|28/100\n|\n|upkeep\n|\n|t:|1776218833\n|switch|p1a: Waluigi|Basculegion, L50, M, shiny|4/100 par\n|turn|8\n|\n|t:|1776218848\n|move|p2a: Gengar|Sludge Wave|p1b: Thor|[spread] p2b,p1a,p1b\n|-supereffective|p2b: Decidueye|1\n|-resisted|p1a: Waluigi|1\n|-damage|p2b: Decidueye|0 fnt\n|-damage|p1a: Waluigi|0 fnt\n|-damage|p1b: Thor|0 fnt\n|faint|p2b: Decidueye\n|faint|p1a: Waluigi\n|faint|p1b: Thor\n|\n|win|FlyingSudowoodo\n|raw|gracia_borealis1's rating: 1038 &rarr; <strong>1021</strong><br />(-17 for losing)\n|raw|FlyingSudowoodo's rating: 1000 &rarr; <strong>1044</strong><br />(+44 for winning)\n|c|\u2606gracia_borealis1|GGs\n|l|\u2606gracia_borealis1\n|player|p1|\n",
  "uploadtime": 1776218855,
  "views": 16,
  "formatid": "gen9championsvgc2026regma",
  "rating": 1021,
  "private": 0,
  "password": null
}