{
  "id": "gen9championsvgc2026regma-2587830702",
  "format": "[Gen 9 Champions] VGC 2026 Reg M-A",
  "players": [
    "prawnwizard",
    "BossgodoraII"
  ],
  "log": "|j|\u2606prawnwizard\n|j|\u2606BossgodoraII\n|t:|1776568425\n|gametype|doubles\n|player|p1|prawnwizard|harlequin|1436\n|player|p2|BossgodoraII|gentleman-gen4|1512\n|gen|9\n|tier|[Gen 9 Champions] VGC 2026 Reg M-A\n|rated|\n|rule|Species Clause: Limit one of each Pok\u00e9mon\n|rule|Item Clause: Limit 1 of each item\n|clearpoke\n|poke|p1|Floette-Eternal, L50, F|\n|poke|p1|Dragapult, L50, F|\n|poke|p1|Rotom-Wash, L50|\n|poke|p1|Arcanine-Hisui, L50, F|\n|poke|p1|Sneasler, L50, M|\n|poke|p1|Kingambit, L50, F|\n|poke|p2|Delphox, L50, F|\n|poke|p2|Floette-Eternal, L50, F|\n|poke|p2|Sneasler, L50, M|\n|poke|p2|Aerodactyl, L50, M|\n|poke|p2|Garchomp, L50, F|\n|poke|p2|Kingambit, L50, F|\n|teampreview|4\n|inactive|Battle timer is ON: inactive players will automatically lose when time's up. (requested by prawnwizard)\nBossgodoraII rejected open team sheets.\n|inactive|prawnwizard has 60 seconds left.\n|inactive|BossgodoraII has 60 seconds left.\n|inactive|prawnwizard has 30 seconds left.\n|\n|t:|1776568495\n|teamsize|p1|4\n|teamsize|p2|4\n|start\n|switch|p1a: Dragapult|Dragapult, L50, F|100/100\n|switch|p1b: Floette|Floette-Eternal, L50, F|100/100\n|switch|p2a: Sneasler|Sneasler, L50, M|100/100\n|switch|p2b: Floette|Floette-Eternal, L50, F|100/100\n|turn|1\n|inactive|prawnwizard has 30 seconds left.\n|inactive|BossgodoraII has 30 seconds left.\n|inactive|prawnwizard has 20 seconds left.\n|\n|t:|1776568531\n|detailschange|p2b: Floette|Floette-Mega, L50, F\n|-mega|p2b: Floette|Floette|Floettite\n|-ability|p2b: Floette|Fairy Aura\n|detailschange|p1b: Floette|Floette-Mega, L50, F\n|-mega|p1b: Floette|Floette|Floettite\n|-ability|p1b: Floette|Fairy Aura\n|move|p1b: Floette|Protect|p1b: Floette\n|-singleturn|p1b: Floette|Protect\n|move|p2a: Sneasler|Fake Out|p1b: Floette\n|-activate|p1b: Floette|move: Protect\n|move|p1a: Dragapult|Will-O-Wisp|p2a: Sneasler\n|-status|p2a: Sneasler|brn\n|move|p2b: Floette|Dazzling Gleam|p1b: Floette|[spread] p1a\n|-activate|p1b: Floette|move: Protect\n|-supereffective|p1a: Dragapult|1\n|-crit|p1a: Dragapult\n|-enditem|p1a: Dragapult|Focus Sash\n|-damage|p1a: Dragapult|1/100\n|-start|p2b: Floette|Disable|Dazzling Gleam|[from] ability: Cursed Body|[of] p1a: Dragapult\n|\n|-damage|p2a: Sneasler|95/100 brn|[from] brn\n|upkeep\n|turn|2\n|\n|t:|1776568552\n|move|p1a: Dragapult|Thunder Wave|p2b: Floette\n|-status|p2b: Floette|par\n|move|p2a: Sneasler|Dire Claw|p1a: Dragapult\n|-resisted|p1a: Dragapult|1\n|-damage|p1a: Dragapult|0 fnt\n|-start|p2a: Sneasler|Disable|Dire Claw|[from] ability: Cursed Body|[of] p1a: Dragapult\n|faint|p1a: Dragapult\n|move|p1b: Floette|Moonblast|p2a: Sneasler\n|-damage|p2a: Sneasler|0 fnt\n|faint|p2a: Sneasler\n|move|p2b: Floette|Moonblast|p1b: Floette\n|-damage|p1b: Floette|49/100\n|\n|upkeep\n|\n|t:|1776568558\n|switch|p1a: Sneasler|Sneasler, L50, M|100/100\n|switch|p2a: Aerodactyl|Aerodactyl, L50, M|100/100\n|-ability|p2a: Aerodactyl|Unnerve\n|turn|3\n|c|\u2606BossgodoraII|what an obnxious set on dragapult\n|\n|t:|1776568575\n|move|p1a: Sneasler|Fake Out|p2a: Aerodactyl\n|-resisted|p2a: Aerodactyl|1\n|-damage|p2a: Aerodactyl|88/100\n|cant|p2a: Aerodactyl|flinch\n|move|p1b: Floette|Light of Ruin|p2b: Floette\n|-damage|p2b: Floette|8/100 par\n|-damage|p1b: Floette|11/100|[from] Recoil\n|move|p2b: Floette|Moonblast|p1b: Floette\n|-damage|p1b: Floette|0 fnt\n|faint|p1b: Floette\n|\n|upkeep\n|c|\u2606BossgodoraII|are they all like that?\n|\n|t:|1776568583\n|switch|p1b: Rotom|Rotom-Wash, L50|100/100\n|turn|4\n|\n|t:|1776568597\n|move|p1a: Sneasler|Protect|p1a: Sneasler\n|-singleturn|p1a: Sneasler|Protect\n|move|p2a: Aerodactyl|Dual Wingbeat|p1a: Sneasler\n|-activate|p1a: Sneasler|move: Protect\n|move|p1b: Rotom|Thunderbolt|p2b: Floette\n|-damage|p2b: Floette|0 fnt\n|faint|p2b: Floette\n|\n|upkeep\n|\n|t:|1776568600\n|switch|p2b: Garchomp|Garchomp, L50, F|100/100\n|turn|5\n|\n|t:|1776568607\n|move|p2a: Aerodactyl|Dual Wingbeat|p1a: Sneasler|[miss]\n|-miss|p2a: Aerodactyl|p1a: Sneasler\n|move|p1a: Sneasler|Close Combat|p2a: Aerodactyl\n|-damage|p2a: Aerodactyl|0 fnt\n|-unboost|p1a: Sneasler|def|1\n|-unboost|p1a: Sneasler|spd|1\n|faint|p2a: Aerodactyl\n|-enditem|p1a: Sneasler|White Herb\n|-clearnegativeboost|p1a: Sneasler|[silent]\n|move|p2b: Garchomp|Rock Slide|p1a: Sneasler|[spread] p1a,p1b\n|-resisted|p1a: Sneasler|1\n|-crit|p1a: Sneasler\n|-damage|p1a: Sneasler|78/100\n|-damage|p1b: Rotom|80/100\n|move|p1b: Rotom|Hydro Pump|p2b: Garchomp\n|-damage|p2b: Garchomp|42/100\n|\n|-heal|p1b: Rotom|86/100|[from] item: Leftovers\n|upkeep\n|turn|6\n|c|\u2606BossgodoraII|gg\n|\n|t:|1776568631\n|move|p1a: Sneasler|Close Combat|p2b: Garchomp\n|-damage|p2b: Garchomp|0 fnt\n|-unboost|p1a: Sneasler|def|1\n|-unboost|p1a: Sneasler|spd|1\n|-damage|p1a: Sneasler|65/100|[from] ability: Rough Skin|[of] p2b: Garchomp\n|faint|p2b: Garchomp\n|\n|win|prawnwizard\n|raw|prawnwizard's rating: 1436 &rarr; <strong>1460</strong><br />(+24 for winning)\n|raw|BossgodoraII's rating: 1512 &rarr; <strong>1488</strong><br />(-24 for losing)\n|l|\u2606prawnwizard\n|player|p1|\n",
  "uploadtime": 1776568635,
  "views": 47,
  "formatid": "gen9championsvgc2026regma",
  "rating": 1460,
  "private": 0,
  "password": null
}