{
  "id": "gen9championsvgc2026regma-2588762037",
  "format": "[Gen 9 Champions] VGC 2026 Reg M-A",
  "players": [
    "martisparkles",
    "octo ollie"
  ],
  "log": "|j|\u2606martisparkles\n|j|\u2606octo ollie\n|t:|1776667455\n|gametype|doubles\n|player|p1|martisparkles|lyra|1000\n|player|p2|octo ollie|cyclist-gen4|1000\n|gen|9\n|tier|[Gen 9 Champions] VGC 2026 Reg M-A\n|rated|\n|rule|Species Clause: Limit one of each Pok\u00e9mon\n|rule|Item Clause: Limit 1 of each item\n|clearpoke\n|poke|p1|Delphox, L50, F|\n|poke|p1|Basculegion, L50, M|\n|poke|p1|Clefable, L50, M|\n|poke|p1|Kingambit, L50, M|\n|poke|p1|Dragonite, L50, M|\n|poke|p1|Sneasler, L50, F|\n|poke|p2|Altaria, L50, M|\n|poke|p2|Typhlosion-Hisui, L50, M|\n|poke|p2|Whimsicott, L50, F|\n|poke|p2|Rotom-Wash, L50|\n|poke|p2|Sableye, L50, F|\n|poke|p2|Sinistcha, L50|\n|teampreview|4\n|\n|t:|1776667492\n|teamsize|p1|4\n|teamsize|p2|4\n|start\n|switch|p1a: Basculegion|Basculegion, L50, M|100/100\n|switch|p1b: Delphox|Delphox, L50, F|100/100\n|switch|p2a: Whimsicott|Whimsicott, L50, F|100/100\n|switch|p2b: Sableye|Sableye, L50, F|100/100\n|turn|1\n|\n|t:|1776667519\n|detailschange|p1b: Delphox|Delphox-Mega, L50, F\n|-mega|p1b: Delphox|Delphox|Delphoxite\n|move|p2a: Whimsicott|Tailwind|p2a: Whimsicott\n|-sidestart|p2: octo ollie|move: Tailwind\n|move|p2b: Sableye|Light Screen|p2b: Sableye\n|-sidestart|p2: octo ollie|move: Light Screen\n|move|p1b: Delphox|Heat Wave|p2b: Sableye|[spread] p2a,p2b\n|-supereffective|p2a: Whimsicott|1\n|-damage|p2a: Whimsicott|12/100\n|-damage|p2b: Sableye|67/100\n|move|p1a: Basculegion|Flip Turn|p2b: Sableye\n|-crit|p2b: Sableye\n|-damage|p2b: Sableye|0 fnt\n|faint|p2b: Sableye\n|\n|t:|1776667531\n|switch|p1a: Sneasler|Sneasler, L50, F|100/100|[from] Flip Turn\n|\n|upkeep\n|\n|t:|1776667541\n|switch|p2b: Typhlosion|Typhlosion-Hisui, L50, M|100/100\n|-item|p1a: Sneasler|Focus Sash|[from] ability: Frisk|[of] p2b: Typhlosion\n|-item|p1b: Delphox|Delphoxite|[from] ability: Frisk|[of] p2b: Typhlosion\n|turn|2\n|\n|t:|1776667564\n|move|p1a: Sneasler|Fake Out|p2a: Whimsicott\n|-damage|p2a: Whimsicott|0 fnt\n|faint|p2a: Whimsicott\n|move|p2b: Typhlosion|Eruption|p1a: Sneasler|[spread] p1a,p1b\n|-resisted|p1b: Delphox|1\n|-damage|p1a: Sneasler|26/100\n|-damage|p1b: Delphox|72/100\n|move|p1b: Delphox|Psychic|p2b: Typhlosion\n|-damage|p2b: Typhlosion|54/100\n|\n|upkeep\n|\n|t:|1776667575\n|switch|p2a: Altaria|Altaria, L50, M|100/100\n|-ability|p2a: Altaria|Cloud Nine\n|turn|3\n|\n|t:|1776667588\n|detailschange|p2a: Altaria|Altaria-Mega, L50, M\n|-mega|p2a: Altaria|Altaria|Altarianite\n|move|p2a: Altaria|Protect|p2a: Altaria\n|-singleturn|p2a: Altaria|Protect\n|move|p1b: Delphox|Protect|p1b: Delphox\n|-singleturn|p1b: Delphox|Protect\n|move|p1a: Sneasler|Protect|p1a: Sneasler\n|-singleturn|p1a: Sneasler|Protect\n|move|p2b: Typhlosion|Eruption|p1b: Delphox|[spread] \n|-activate|p1a: Sneasler|move: Protect\n|-activate|p1b: Delphox|move: Protect\n|\n|upkeep\n|turn|4\n|\n|t:|1776667630\n|switch|p1a: Basculegion|Basculegion, L50, M|100/100\n|move|p2b: Typhlosion|Eruption|p1b: Delphox|[spread] p1a,p1b\n|-resisted|p1a: Basculegion|1\n|-resisted|p1b: Delphox|1\n|-damage|p1a: Basculegion|83/100\n|-damage|p1b: Delphox|58/100\n|move|p2a: Altaria|Hyper Voice|p1a: Basculegion|[spread] p1a,p1b\n|-resisted|p1b: Delphox|1\n|-damage|p1a: Basculegion|48/100\n|-damage|p1b: Delphox|44/100\n|move|p1b: Delphox|Heat Wave|p2a: Altaria|[spread] p2a,p2b\n|-resisted|p2a: Altaria|1\n|-resisted|p2b: Typhlosion|1\n|-damage|p2a: Altaria|88/100\n|-damage|p2b: Typhlosion|36/100\n|\n|-sideend|p2: octo ollie|move: Tailwind\n|upkeep\n|turn|5\n|\n|t:|1776667651\n|move|p2a: Altaria|Protect|p2a: Altaria\n|-singleturn|p2a: Altaria|Protect\n|move|p2b: Typhlosion|Eruption|p1a: Basculegion|[spread] p1a,p1b\n|-resisted|p1a: Basculegion|1\n|-resisted|p1b: Delphox|1\n|-damage|p1a: Basculegion|38/100\n|-damage|p1b: Delphox|34/100\n|move|p1b: Delphox|Psychic|p2a: Altaria\n|-activate|p2a: Altaria|move: Protect\n|move|p1a: Basculegion|Flip Turn|p2b: Typhlosion\n|-supereffective|p2b: Typhlosion|1\n|-damage|p2b: Typhlosion|0 fnt\n|faint|p2b: Typhlosion\n|\n|t:|1776667664\n|switch|p1a: Sneasler|Sneasler, L50, F|26/100|[from] Flip Turn\n|\n|-sideend|p2: octo ollie|move: Light Screen\n|upkeep\n|turn|6\n|\n|t:|1776667676\n|move|p1a: Sneasler|Fake Out|p2a: Altaria\n|-damage|p2a: Altaria|76/100\n|move|p1b: Delphox|Psychic|p2a: Altaria\n|-damage|p2a: Altaria|35/100\n|-unboost|p2a: Altaria|spd|1\n|cant|p2a: Altaria|flinch\n|\n|upkeep\n|turn|7\n|\n|t:|1776667686\n|move|p1b: Delphox|Psychic|p2a: Altaria\n|-damage|p2a: Altaria|0 fnt\n|faint|p2a: Altaria\n|\n|win|martisparkles\n|raw|martisparkles's rating: 1000 &rarr; <strong>1040</strong><br />(+40 for winning)\n|raw|octo ollie's rating: 1000 &rarr; <strong>1000</strong><br />(+0 for losing)\n|l|\u2606octo ollie\n|player|p2|\n",
  "uploadtime": 1776667692,
  "views": 11,
  "formatid": "gen9championsvgc2026regma",
  "rating": 1000,
  "private": 0,
  "password": null
}