{
  "id": "gen9championsvgc2026regma-2587483090",
  "format": "[Gen 9 Champions] VGC 2026 Reg M-A",
  "players": [
    "ImInkkk",
    "mixco"
  ],
  "log": "|j|\u2606ImInkkk\n|j|\u2606mixco\n|t:|1776535616\n|gametype|doubles\n|player|p1|ImInkkk|hugh|\n|player|p2|mixco|penny|\n|gen|9\n|tier|[Gen 9 Champions] VGC 2026 Reg M-A\n|rule|Species Clause: Limit one of each Pok\u00e9mon\n|rule|Item Clause: Limit 1 of each item\n|clearpoke\n|poke|p1|Pelipper, L50, F|\n|poke|p1|Sneasler, L50, F|\n|poke|p1|Starmie, L50|\n|poke|p1|Basculegion, L50, M|\n|poke|p1|Dragonite, L50, M|\n|poke|p1|Sinistcha-Masterpiece, L50|\n|poke|p2|Meganium, L50, F|\n|poke|p2|Pelipper, L50, M|\n|poke|p2|Archaludon, L50, M|\n|poke|p2|Basculegion, L50, M|\n|poke|p2|Sneasler, L50, F|\n|poke|p2|Dragonite, L50, F|\n|teampreview|4\nmixco rejected open team sheets.\n|inactive|Battle timer is ON: inactive players will automatically lose when time's up. (requested by mixco)\n|\n|t:|1776535678\n|teamsize|p1|4\n|teamsize|p2|4\n|start\n|switch|p1a: Sneasler|Sneasler, L50, F|100/100\n|switch|p1b: Dragonite|Dragonite, L50, M|100/100\n|switch|p2a: Archaludon|Archaludon, L50, M|100/100\n|switch|p2b: Dragonite|Dragonite, L50, F|100/100\n|turn|1\n|inactive|mixco has 30 seconds left.\n|\n|t:|1776535709\n|detailschange|p1b: Dragonite|Dragonite-Mega, L50, M\n|-mega|p1b: Dragonite|Dragonite|Dragoninite\n|move|p2b: Dragonite|Protect|p2b: Dragonite\n|-singleturn|p2b: Dragonite|Protect\n|move|p2a: Archaludon|Protect|p2a: Archaludon\n|-singleturn|p2a: Archaludon|Protect\n|move|p1a: Sneasler|Close Combat|p2a: Archaludon\n|-activate|p2a: Archaludon|move: Protect\n|move|p1b: Dragonite|Tailwind|p1b: Dragonite\n|-sidestart|p1: ImInkkk|move: Tailwind\n|\n|upkeep\n|turn|2\n|\n|t:|1776535731\n|switch|p2a: Basculegion|Basculegion, L50, M|100/100\n|detailschange|p2b: Dragonite|Dragonite-Mega, L50, F\n|-mega|p2b: Dragonite|Dragonite|Dragoninite\n|move|p1b: Dragonite|Protect|p1b: Dragonite\n|-singleturn|p1b: Dragonite|Protect\n|move|p1a: Sneasler|Dire Claw|p2b: Dragonite\n|-damage|p2b: Dragonite|82/100\n|-status|p2b: Dragonite|psn\n|move|p2b: Dragonite|Draco Meteor|p1b: Dragonite\n|-activate|p1b: Dragonite|move: Protect\n|\n|-damage|p2b: Dragonite|70/100 psn|[from] psn\n|upkeep\n|turn|3\n|inactive|mixco has 30 seconds left.\n|\n|t:|1776535757\n|move|p2b: Dragonite|Protect|p2b: Dragonite\n|-singleturn|p2b: Dragonite|Protect\n|move|p1a: Sneasler|Dire Claw|p2a: Basculegion\n|-resisted|p2a: Basculegion|1\n|-damage|p2a: Basculegion|74/100\n|move|p1b: Dragonite|Dragon Pulse|p2b: Dragonite\n|-activate|p2b: Dragonite|move: Protect\n|move|p2a: Basculegion|Flip Turn|p1a: Sneasler\n|-damage|p1a: Sneasler|24/100\n|\n|t:|1776535768\n|switch|p2a: Sneasler|Sneasler, L50, F|100/100|[from] Flip Turn\n|\n|-damage|p2b: Dragonite|58/100 psn|[from] psn\n|upkeep\n|turn|4\n|\n|t:|1776535783\n|switch|p1a: Basculegion|Basculegion, L50, M|100/100\n|move|p1b: Dragonite|Protect|p1b: Dragonite\n|-singleturn|p1b: Dragonite|Protect\n|move|p2a: Sneasler|Fake Out|p1b: Dragonite\n|-activate|p1b: Dragonite|move: Protect\n|move|p2b: Dragonite|Roost|p2b: Dragonite\n|-heal|p2b: Dragonite|100/100 psn\n|-singleturn|p2b: Dragonite|move: Roost\n|\n|-damage|p2b: Dragonite|88/100 psn|[from] psn\n|-sideend|p1: ImInkkk|move: Tailwind\n|upkeep\n|turn|5\n|inactive|ImInkkk has 30 seconds left.\n|\n|t:|1776535810\n|switch|p2a: Archaludon|Archaludon, L50, M|100/100\n|switch|p1b: Sneasler|Sneasler, L50, F|24/100\n|move|p2b: Dragonite|Draco Meteor|p1b: Sneasler\n|-damage|p1b: Sneasler|0 fnt\n|-unboost|p2b: Dragonite|spa|2\n|faint|p1b: Sneasler\n|move|p1a: Basculegion|Wave Crash|p2a: Archaludon\n|-resisted|p2a: Archaludon|1\n|-damage|p2a: Archaludon|71/100\n|-ability|p2a: Archaludon|Stamina|boost\n|-boost|p2a: Archaludon|def|1\n|-damage|p1a: Basculegion|91/100|[from] Recoil\n|\n|-heal|p2a: Archaludon|77/100|[from] item: Leftovers\n|-damage|p2b: Dragonite|76/100 psn|[from] psn\n|upkeep\n|\n|t:|1776535827\n|switch|p1b: Dragonite|Dragonite-Mega, L50, M|100/100\n|turn|6\n|\n|t:|1776535839\n|switch|p2b: Sneasler|Sneasler, L50, F|100/100\n|move|p1a: Basculegion|Protect|p1a: Basculegion\n|-singleturn|p1a: Basculegion|Protect\n|move|p2a: Archaludon|Draco Meteor|p1b: Dragonite\n|-supereffective|p1b: Dragonite|1\n|-damage|p1b: Dragonite|53/100\n|-unboost|p2a: Archaludon|spa|2\n|move|p1b: Dragonite|Tailwind|p1b: Dragonite\n|-sidestart|p1: ImInkkk|move: Tailwind\n|\n|-heal|p2a: Archaludon|83/100|[from] item: Leftovers\n|upkeep\n|turn|7\n|inactive|mixco has 30 seconds left.\n|inactive|mixco has 20 seconds left.\n|\n|t:|1776535878\n|switch|p1b: Pelipper|Pelipper, L50, F|100/100\n|-weather|RainDance|[from] ability: Drizzle|[of] p1b: Pelipper\n|move|p2b: Sneasler|Fake Out|p1b: Pelipper\n|-damage|p1b: Pelipper|89/100\n|move|p1a: Basculegion|Wave Crash|p2b: Sneasler\n|-damage|p2b: Sneasler|0 fnt\n|faint|p2b: Sneasler\n|-damage|p1a: Basculegion|65/100|[from] Recoil\n|move|p2a: Archaludon|Electro Shot||[still]\n|-prepare|p2a: Archaludon|Electro Shot\n|-boost|p2a: Archaludon|spa|1\n|-anim|p2a: Archaludon|Electro Shot|p1a: Basculegion\n|-supereffective|p1a: Basculegion|1\n|-crit|p1a: Basculegion\n|-damage|p1a: Basculegion|0 fnt\n|faint|p1a: Basculegion\n|\n|-weather|RainDance|[upkeep]\n|-heal|p2a: Archaludon|89/100|[from] item: Leftovers\n|upkeep\n|\n|t:|1776535898\n|switch|p2b: Basculegion|Basculegion, L50, M|74/100\n|switch|p1a: Dragonite|Dragonite-Mega, L50, M|53/100\n|turn|8\n|\n|t:|1776535923\n|move|p1a: Dragonite|Hurricane|p2b: Basculegion\n|-damage|p2b: Basculegion|3/100\n|-start|p2b: Basculegion|confusion\n|-activate|p2b: Basculegion|confusion\n|move|p2b: Basculegion|Last Respects|p1a: Dragonite\n|-damage|p1a: Dragonite|0 fnt\n|faint|p1a: Dragonite\n|move|p1b: Pelipper|Hurricane|p2b: Basculegion\n|-damage|p2b: Basculegion|0 fnt\n|faint|p2b: Basculegion\n|move|p2a: Archaludon|Electro Shot||[still]\n|-prepare|p2a: Archaludon|Electro Shot\n|-boost|p2a: Archaludon|spa|1\n|-anim|p2a: Archaludon|Electro Shot|p1b: Pelipper\n|-supereffective|p1b: Pelipper|2\n|-damage|p1b: Pelipper|0 fnt\n|faint|p1b: Pelipper\n|\n|win|mixco\n|l|\u2606ImInkkk\n|player|p1|\n|c|\u2606mixco|gg\n",
  "uploadtime": 1776535954,
  "views": 12,
  "formatid": "gen9championsvgc2026regma",
  "rating": null,
  "private": 0,
  "password": null
}