{
  "id": "gen9championsvgc2026regma-2588392217",
  "format": "[Gen 9 Champions] VGC 2026 Reg M-A",
  "players": [
    "carloca7",
    "TeaTimeTrainer"
  ],
  "log": "|j|\u2606carloca7\n|j|\u2606TeaTimeTrainer\n|t:|1776629669\n|gametype|doubles\n|player|p1|carloca7|266|1333\n|player|p2|TeaTimeTrainer|2|1305\n|gen|9\n|tier|[Gen 9 Champions] VGC 2026 Reg M-A\n|rated|\n|rule|Species Clause: Limit one of each Pok\u00e9mon\n|rule|Item Clause: Limit 1 of each item\n|clearpoke\n|poke|p1|Farigiraf, L50, F|\n|poke|p1|Blastoise, L50, F|\n|poke|p1|Sinistcha, L50|\n|poke|p1|Pelipper, L50, M|\n|poke|p1|Skarmory, L50, M|\n|poke|p1|Garchomp, L50, M|\n|poke|p2|Garchomp, L50, F|\n|poke|p2|Talonflame, L50, F|\n|poke|p2|Rotom-Wash, L50|\n|poke|p2|Sinistcha, L50|\n|poke|p2|Incineroar, L50, M|\n|poke|p2|Floette-Eternal, L50, F|\n|teampreview|4\n|inactive|Battle timer is ON: inactive players will automatically lose when time's up. (requested by TeaTimeTrainer)\n|inactive|TeaTimeTrainer has 60 seconds left.\n|\n|t:|1776629710\n|teamsize|p1|4\n|teamsize|p2|4\n|start\n|switch|p1a: Skarmory|Skarmory, L50, M|100/100\n|switch|p1b: Garchomp|Garchomp, L50, M|100/100\n|switch|p2a: Rotom|Rotom-Wash, L50|100/100\n|switch|p2b: Floette|Floette-Eternal, L50, F|100/100\n|turn|1\n|inactive|carloca7 has 30 seconds left.\n|inactive|carloca7 has 20 seconds left.\n|\n|t:|1776629748\n|switch|p1b: Sinistcha|Sinistcha, L50|100/100\n|switch|p2b: Incineroar|Incineroar, L50, M|100/100\n|-ability|p2b: Incineroar|Intimidate|boost\n|-unboost|p1a: Skarmory|atk|1\n|-unboost|p1b: Sinistcha|atk|1\n|detailschange|p1a: Skarmory|Skarmory-Mega, L50, M\n|-mega|p1a: Skarmory|Skarmory|Skarmorite\n|move|p1a: Skarmory|Protect|p1a: Skarmory\n|-singleturn|p1a: Skarmory|Protect\n|move|p2a: Rotom|Volt Switch|p1a: Skarmory\n|-activate|p1a: Skarmory|move: Protect\n|\n|upkeep\n|turn|2\n|inactive|carloca7 has 30 seconds left.\n|\n|t:|1776629778\n|switch|p1a: Garchomp|Garchomp, L50, M|100/100\n|switch|p1b: Pelipper|Pelipper, L50, M|100/100\n|-weather|RainDance|[from] ability: Drizzle|[of] p1b: Pelipper\n|move|p2a: Rotom|Volt Switch|p1a: Garchomp\n|-immune|p1a: Garchomp\n|move|p2b: Incineroar|Flare Blitz|p1a: Garchomp\n|-resisted|p1a: Garchomp|1\n|-damage|p1a: Garchomp|88/100\n|-damage|p2b: Incineroar|88/100|[from] ability: Rough Skin|[of] p1a: Garchomp\n|-damage|p2b: Incineroar|84/100|[from] Recoil\n|\n|-weather|RainDance|[upkeep]\n|upkeep\n|turn|3\n|inactive|carloca7 has 30 seconds left.\n|\n|t:|1776629808\n|switch|p2b: Talonflame|Talonflame, L50, F|100/100\n|move|p2a: Rotom|Volt Switch|p1b: Pelipper\n|-supereffective|p1b: Pelipper|2\n|-enditem|p1b: Pelipper|Focus Sash\n|-damage|p1b: Pelipper|1/100\n|\n|t:|1776629814\n|switch|p2a: Incineroar|Incineroar, L50, M|84/100|[from] Volt Switch\n|-ability|p2a: Incineroar|Intimidate|boost\n|-unboost|p1a: Garchomp|atk|1\n|-unboost|p1b: Pelipper|atk|1\n|-enditem|p1a: Garchomp|White Herb\n|-clearnegativeboost|p1a: Garchomp|[silent]\n|move|p1a: Garchomp|Dragon Claw|p2a: Incineroar\n|-damage|p2a: Incineroar|45/100\n|move|p1b: Pelipper|Weather Ball|p2b: Talonflame\n|-supereffective|p2b: Talonflame|1\n|-damage|p2b: Talonflame|0 fnt\n|faint|p2b: Talonflame\n|\n|-weather|RainDance|[upkeep]\n|upkeep\n|\n|t:|1776629828\n|switch|p2b: Floette|Floette-Eternal, L50, F|100/100\n|turn|4\n|\n|t:|1776629840\n|detailschange|p2b: Floette|Floette-Mega, L50, F\n|-mega|p2b: Floette|Floette|Floettite\n|-ability|p2b: Floette|Fairy Aura\n|move|p1b: Pelipper|Wide Guard|p1b: Pelipper\n|-singleturn|p1b: Pelipper|Wide Guard\n|move|p2a: Incineroar|Fake Out|p1a: Garchomp\n|-damage|p1a: Garchomp|76/100\n|-damage|p2a: Incineroar|33/100|[from] ability: Rough Skin|[of] p1a: Garchomp\n|cant|p1a: Garchomp|flinch\n|move|p2b: Floette|Dazzling Gleam|p1a: Garchomp|[spread] \n|-activate|p1a: Garchomp|move: Wide Guard\n|-activate|p1b: Pelipper|move: Wide Guard\n|\n|-weather|RainDance|[upkeep]\n|upkeep\n|turn|5\n|\n|t:|1776629861\n|switch|p2a: Rotom|Rotom-Wash, L50|100/100\n|move|p1a: Garchomp|Earthquake|p2b: Floette|[spread] p2b\n|-immune|p1b: Pelipper\n|-immune|p2a: Rotom|[from] ability: Levitate\n|-damage|p2b: Floette|54/100\n|move|p2b: Floette|Dazzling Gleam|p1b: Pelipper|[spread] p1a,p1b\n|-supereffective|p1a: Garchomp|1\n|-damage|p1a: Garchomp|0 fnt\n|-damage|p1b: Pelipper|0 fnt\n|faint|p1a: Garchomp\n|faint|p1b: Pelipper\n|\n|-weather|RainDance|[upkeep]\n|upkeep\n|\n|t:|1776629871\n|switch|p1a: Sinistcha|Sinistcha, L50|100/100\n|switch|p1b: Skarmory|Skarmory-Mega, L50, M|100/100\n|turn|6\n|inactive|carloca7 has 30 seconds left.\n|\n|t:|1776629897\n|move|p1a: Sinistcha|Rage Powder|p1a: Sinistcha\n|-singleturn|p1a: Sinistcha|move: Rage Powder\n|move|p2a: Rotom|Electroweb|p1a: Sinistcha|[spread] p1a,p1b\n|-resisted|p1a: Sinistcha|1\n|-supereffective|p1b: Skarmory|1\n|-damage|p1a: Sinistcha|93/100\n|-damage|p1b: Skarmory|66/100\n|-unboost|p1a: Sinistcha|spe|1\n|-unboost|p1b: Skarmory|spe|1\n|move|p2b: Floette|Light of Ruin|p1a: Sinistcha\n|-damage|p1a: Sinistcha|0 fnt\n|faint|p1a: Sinistcha\n|-damage|p2b: Floette|6/100|[from] Recoil\n|move|p1b: Skarmory|Swords Dance|p1b: Skarmory\n|-boost|p1b: Skarmory|atk|2\n|\n|-weather|none\n|upkeep\n|turn|7\n|\n|t:|1776629913\n|move|p2a: Rotom|Electroweb|p1b: Skarmory\n|-supereffective|p1b: Skarmory|1\n|-damage|p1b: Skarmory|20/100\n|-unboost|p1b: Skarmory|spe|1\n|move|p2b: Floette|Moonblast|p1b: Skarmory\n|-resisted|p1b: Skarmory|1\n|-crit|p1b: Skarmory\n|-damage|p1b: Skarmory|0 fnt\n|faint|p1b: Skarmory\n|\n|win|TeaTimeTrainer\n|raw|carloca7's rating: 1333 &rarr; <strong>1311</strong><br />(-22 for losing)\n|raw|TeaTimeTrainer's rating: 1305 &rarr; <strong>1327</strong><br />(+22 for winning)\n|l|\u2606carloca7\n|player|p1|\n",
  "uploadtime": 1776629924,
  "views": 25,
  "formatid": "gen9championsvgc2026regma",
  "rating": 1311,
  "private": 0,
  "password": null
}