{
  "id": "gen9championsvgc2026regma-2586467761",
  "format": "[Gen 9 Champions] VGC 2026 Reg M-A",
  "players": [
    "Greningram",
    "Quinntee"
  ],
  "log": "|j|\u2606Greningram\n|j|\u2606Quinntee\n|t:|1776436745\n|gametype|doubles\n|player|p1|Greningram|lance|1083\n|player|p2|Quinntee|170|1182\n|gen|9\n|tier|[Gen 9 Champions] VGC 2026 Reg M-A\n|rated|\n|rule|Species Clause: Limit one of each Pok\u00e9mon\n|rule|Item Clause: Limit 1 of each item\n|clearpoke\n|poke|p1|Scizor, L50, M|\n|poke|p1|Pelipper, L50, F|\n|poke|p1|Ninetales-Alola, L50, F|\n|poke|p1|Beartic, L50, F|\n|poke|p1|Basculegion, L50, M|\n|poke|p1|Meowstic, L50, M|\n|poke|p2|Pelipper, L50, F|\n|poke|p2|Archaludon, L50, F|\n|poke|p2|Basculegion, L50, M|\n|poke|p2|Goodra-Hisui, L50, F|\n|poke|p2|Manectric, L50, M|\n|poke|p2|Chesnaught, L50, M|\n|teampreview|4\n|inactive|Battle timer is ON: inactive players will automatically lose when time's up. (requested by Quinntee)\n|\n|t:|1776436774\n|teamsize|p1|4\n|teamsize|p2|4\n|start\n|switch|p1a: Beartic|Beartic, L50, F, shiny|100/100\n|switch|p1b: Basculegion|Basculegion, L50, M|100/100\n|switch|p2a: Manectric|Manectric, L50, M, shiny|100/100\n|switch|p2b: Archaludon|Archaludon, L50, F|100/100\n|turn|1\n|\n|t:|1776436791\n|detailschange|p2a: Manectric|Manectric-Mega, L50, M, shiny\n|-mega|p2a: Manectric|Manectric|Manectite\n|-ability|p2a: Manectric|Intimidate|boost\n|-unboost|p1a: Beartic|atk|1\n|-unboost|p1b: Basculegion|atk|1\n|-enditem|p1a: Beartic|White Herb\n|-clearnegativeboost|p1a: Beartic|[silent]\n|move|p1b: Basculegion|Protect|p1b: Basculegion\n|-singleturn|p1b: Basculegion|Protect\n|move|p2a: Manectric|Volt Switch|p1b: Basculegion\n|-activate|p1b: Basculegion|move: Protect\n|move|p2b: Archaludon|Electro Shot||[still]\n|-prepare|p2b: Archaludon|Electro Shot\n|-boost|p2b: Archaludon|spa|1\n|move|p1a: Beartic|Swords Dance|p1a: Beartic\n|-boost|p1a: Beartic|atk|2\n|\n|upkeep\n|turn|2\n|inactive|Greningram has 30 seconds left.\n|\n|t:|1776436821\n|switch|p1b: Meowstic|Meowstic, L50, M, shiny|100/100\n|move|p2a: Manectric|Volt Switch|p1b: Meowstic\n|-damage|p1b: Meowstic|37/100\n|\n|t:|1776436827\n|switch|p2a: Pelipper|Pelipper, L50, F|100/100|[from] Volt Switch\n|-weather|RainDance|[from] ability: Drizzle|[of] p2a: Pelipper\n|move|p1a: Beartic|Close Combat|p2b: Archaludon\n|-supereffective|p2b: Archaludon|1\n|-damage|p2b: Archaludon|0 fnt\n|-unboost|p1a: Beartic|def|1\n|-unboost|p1a: Beartic|spd|1\n|faint|p2b: Archaludon\n|\n|-weather|RainDance|[upkeep]\n|upkeep\n|\n|t:|1776436838\n|switch|p2b: Goodra|Goodra-Hisui, L50, F|100/100\n|turn|3\n|\n|t:|1776436863\n|move|p1b: Meowstic|Trick|p2a: Pelipper\n|-activate|p1b: Meowstic|move: Trick|[of] p2a: Pelipper\n|-item|p2a: Pelipper|Choice Scarf|[from] move: Trick\n|-item|p1b: Meowstic|Focus Sash|[from] move: Trick\n|move|p1a: Beartic|Close Combat|p2b: Goodra\n|-supereffective|p2b: Goodra|1\n|-damage|p2b: Goodra|0 fnt\n|-unboost|p1a: Beartic|def|1\n|-unboost|p1a: Beartic|spd|1\n|faint|p2b: Goodra\n|move|p2a: Pelipper|Tailwind|p2a: Pelipper\n|-sidestart|p2: Quinntee|move: Tailwind\n|\n|-weather|RainDance|[upkeep]\n|upkeep\n|\n|t:|1776436873\n|switch|p2b: Manectric|Manectric-Mega, L50, M, shiny|100/100\n|-ability|p2b: Manectric|Intimidate|boost\n|-unboost|p1a: Beartic|atk|1\n|-unboost|p1b: Meowstic|atk|1\n|turn|4\n|c|\u2606Quinntee|wp\n|c|\u2606Greningram|lol\n|inactive|Greningram has 30 seconds left.\n|\n|t:|1776436901\n|move|p2b: Manectric|Volt Switch|p1a: Beartic\n|-damage|p1a: Beartic|3/100\n|move|p2a: Pelipper|Tailwind||[still]\n|-fail|p2a: Pelipper\n|move|p1a: Beartic|Icicle Spear|p2b: Manectric\n|-damage|p2b: Manectric|73/100\n|-damage|p2b: Manectric|45/100\n|-damage|p2b: Manectric|18/100\n|-damage|p2b: Manectric|0 fnt\n|faint|p2b: Manectric\n|-hitcount|p2: Manectric|4\n|move|p1b: Meowstic|Expanding Force|p2a: Pelipper\n|-damage|p2a: Pelipper|46/100\n|\n|-weather|RainDance|[upkeep]\n|upkeep\n|turn|5\n|c|\u2606Quinntee|didn\u2019t know he got SS\n|c|\u2606Quinntee|gg\n|c|\u2606Greningram|gg\n|inactive|Quinntee has 30 seconds left.\n|-message|Quinntee forfeited.\n|\n|win|Greningram\n|raw|Greningram's rating: 1083 &rarr; <strong>1118</strong><br />(+35 for winning)\n|raw|Quinntee's rating: 1182 &rarr; <strong>1150</strong><br />(-32 for losing)\n|l|\u2606Quinntee\n|player|p2|\n",
  "uploadtime": 1776436999,
  "views": 24,
  "formatid": "gen9championsvgc2026regma",
  "rating": 1118,
  "private": 0,
  "password": null
}