{
  "id": "gen9championsvgc2026regma-2586379173",
  "format": "[Gen 9 Champions] VGC 2026 Reg M-A",
  "players": [
    "Spurtuh",
    "Jah_08"
  ],
  "log": "|j|\u2606Spurtuh\n|j|\u2606Jah_08\n|t:|1776430306\n|gametype|doubles\n|player|p1|Spurtuh|169|1232\n|player|p2|Jah_08|alder|1293\n|gen|9\n|tier|[Gen 9 Champions] VGC 2026 Reg M-A\n|rated|\n|rule|Species Clause: Limit one of each Pok\u00e9mon\n|rule|Item Clause: Limit 1 of each item\n|clearpoke\n|poke|p1|Delphox, L50, M|\n|poke|p1|Basculegion, L50, M|\n|poke|p1|Clefable, L50, F|\n|poke|p1|Kingambit, L50, M|\n|poke|p1|Sneasler, L50, F|\n|poke|p1|Garchomp, L50, M|\n|poke|p2|Excadrill, L50, M|\n|poke|p2|Whimsicott, L50, M|\n|poke|p2|Chandelure, L50, F|\n|poke|p2|Zoroark-Hisui, L50, M|\n|poke|p2|Basculegion, L50, M|\n|poke|p2|Hydreigon, L50, M|\n|teampreview|4\n|inactive|Battle timer is ON: inactive players will automatically lose when time's up. (requested by Spurtuh)\n|\n|t:|1776430356\n|teamsize|p1|4\n|teamsize|p2|4\n|start\n|switch|p1a: Delphox|Delphox, L50, M|100/100\n|switch|p1b: Garchomp|Garchomp, L50, M|100/100\n|switch|p2a: Whimsicott|Whimsicott, L50, M, shiny|100/100\n|switch|p2b: Basculegion|Basculegion, L50, M|100/100\n|turn|1\n|inactive|Spurtuh has 30 seconds left.\n|inactive|Jah_08 has 30 seconds left.\n|inactive|Spurtuh has 20 seconds left.\n|inactive|Spurtuh has 15 seconds left.\n|inactive|Spurtuh has 10 seconds left.\n|\n|t:|1776430406\n|detailschange|p1a: Delphox|Delphox-Mega, L50, M\n|-mega|p1a: Delphox|Delphox|Delphoxite\n|move|p2a: Whimsicott|Tailwind|p2a: Whimsicott\n|-sidestart|p2: Jah_08|move: Tailwind\n|move|p2b: Basculegion|Shadow Ball|p1b: Garchomp\n|-crit|p1b: Garchomp\n|-damage|p1b: Garchomp|25/100\n|move|p1a: Delphox|Substitute|p1a: Delphox\n|-start|p1a: Delphox|Substitute\n|-damage|p1a: Delphox|76/100\n|move|p1b: Garchomp|Earthquake|p2b: Basculegion|[spread] p2a,p2b\n|-immune|p1a: Delphox|[from] ability: Levitate\n|-resisted|p2a: Whimsicott|1\n|-damage|p2a: Whimsicott|75/100\n|-damage|p2b: Basculegion|22/100\n|replace|p2b: Zoroark|Zoroark-Hisui, L50, M\n|-end|p2b: Zoroark|Illusion\n|\n|upkeep\n|turn|2\n|\n|t:|1776430428\n|move|p2b: Zoroark|Shadow Ball|p1a: Delphox\n|-supereffective|p1a: Delphox|1\n|-end|p1a: Delphox|Substitute\n|move|p2a: Whimsicott|Moonblast|p1b: Garchomp\n|-supereffective|p1b: Garchomp|1\n|-damage|p1b: Garchomp|0 fnt\n|faint|p1b: Garchomp\n|move|p1a: Delphox|Heat Wave|p2a: Whimsicott|[spread] p2a,p2b\n|-supereffective|p2a: Whimsicott|1\n|-damage|p2a: Whimsicott|0 fnt\n|-damage|p2b: Zoroark|0 fnt\n|faint|p2a: Whimsicott\n|faint|p2b: Zoroark\n|\n|upkeep\n|\n|t:|1776430446\n|switch|p2b: Basculegion|Basculegion, L50, M|100/100\n|switch|p2a: Chandelure|Chandelure, L50, F|100/100\n|switch|p1b: Sneasler|Sneasler, L50, F|100/100\n|turn|3\n|inactive|Spurtuh has 30 seconds left.\n|\n|t:|1776430476\n|detailschange|p2a: Chandelure|Chandelure-Mega, L50, F\n|-mega|p2a: Chandelure|Chandelure|Chandelurite\n|move|p1a: Delphox|Protect|p1a: Delphox\n|-singleturn|p1a: Delphox|Protect\n|move|p2b: Basculegion|Last Respects|p1a: Delphox\n|-activate|p1a: Delphox|move: Protect\n|move|p2a: Chandelure|Shadow Ball|p1b: Sneasler\n|-damage|p1b: Sneasler|23/100\n|move|p1b: Sneasler|Dire Claw|p2b: Basculegion\n|-resisted|p2b: Basculegion|1\n|-damage|p2b: Basculegion|73/100\n|\n|upkeep\n|turn|4\n|inactive|Spurtuh has 30 seconds left.\n|\n|t:|1776430508\n|switch|p1a: Clefable|Clefable, L50, F|100/100\n|move|p1b: Sneasler|Protect|p1b: Sneasler\n|-singleturn|p1b: Sneasler|Protect\n|move|p2b: Basculegion|Last Respects|p1a: Clefable\n|-damage|p1a: Clefable|26/100\n|-enditem|p1a: Clefable|Sitrus Berry|[eat]\n|-heal|p1a: Clefable|51/100|[from] item: Sitrus Berry\n|move|p2a: Chandelure|Shadow Ball|p1b: Sneasler\n|-activate|p1b: Sneasler|move: Protect\n|\n|-sideend|p2: Jah_08|move: Tailwind\n|upkeep\n|turn|5\n|inactive|Spurtuh has 30 seconds left.\n|\n|t:|1776430538\n|move|p1a: Clefable|Protect|p1a: Clefable\n|-singleturn|p1a: Clefable|Protect\n|move|p2b: Basculegion|Last Respects|p1a: Clefable\n|-activate|p1a: Clefable|move: Protect\n|move|p1b: Sneasler|Dire Claw|p2b: Basculegion\n|-resisted|p2b: Basculegion|1\n|-damage|p2b: Basculegion|45/100\n|-status|p2b: Basculegion|slp\n|move|p2a: Chandelure|Substitute|p2a: Chandelure\n|-start|p2a: Chandelure|Substitute\n|-damage|p2a: Chandelure|76/100\n|\n|upkeep\n|turn|6\n|inactive|Spurtuh has 30 seconds left.\n|\n|t:|1776430565\n|move|p1a: Clefable|Helping Hand|p1b: Sneasler\n|-singleturn|p1b: Sneasler|Helping Hand|[of] p1a: Clefable\n|cant|p2b: Basculegion|slp\n|move|p1b: Sneasler|Dire Claw|p2b: Basculegion\n|-resisted|p2b: Basculegion|1\n|-damage|p2b: Basculegion|3/100 slp\n|move|p2a: Chandelure|Shadow Ball|p1a: Clefable\n|-damage|p1a: Clefable|0 fnt\n|faint|p1a: Clefable\n|\n|upkeep\n|\n|t:|1776430575\n|switch|p1a: Delphox|Delphox-Mega, L50, M|76/100\n|turn|7\n|\n|t:|1776430587\n|move|p1a: Delphox|Protect|p1a: Delphox\n|-singleturn|p1a: Delphox|Protect\n|cant|p2b: Basculegion|slp\n|move|p1b: Sneasler|Dire Claw|p2b: Basculegion\n|-resisted|p2b: Basculegion|1\n|-crit|p2b: Basculegion\n|-damage|p2b: Basculegion|0 fnt\n|faint|p2b: Basculegion\n|move|p2a: Chandelure|Shadow Ball|p1a: Delphox\n|-activate|p1a: Delphox|move: Protect\n|\n|upkeep\n|turn|8\n|\n|t:|1776430601\n|move|p1a: Delphox|Substitute|p1a: Delphox\n|-start|p1a: Delphox|Substitute\n|-damage|p1a: Delphox|51/100\n|move|p1b: Sneasler|Dire Claw|p2a: Chandelure\n|-resisted|p2a: Chandelure|1\n|-activate|p2a: Chandelure|move: Substitute|[damage]\n|move|p2a: Chandelure|Shadow Ball|p1a: Delphox\n|-supereffective|p1a: Delphox|1\n|-damage|p1a: Delphox|0 fnt\n|faint|p1a: Delphox\n|\n|upkeep\n|turn|9\n|-message|Spurtuh forfeited.\n|\n|win|Jah_08\n|raw|Spurtuh's rating: 1232 &rarr; <strong>1211</strong><br />(-21 for losing)\n|raw|Jah_08's rating: 1293 &rarr; <strong>1314</strong><br />(+21 for winning)\n|l|\u2606Spurtuh\n|player|p1|\n",
  "uploadtime": 1776430616,
  "views": 40,
  "formatid": "gen9championsvgc2026regma",
  "rating": 1211,
  "private": 0,
  "password": null
}