{
  "id": "gen9championsvgc2026regma-2580942913",
  "format": "[Gen 9 Champions] VGC 2026 Reg M-A",
  "players": [
    "Guy_Gumbert",
    "ninyim26"
  ],
  "log": "|j|\u2606Guy_Gumbert\n|j|\u2606ninyim26\n|t:|1775945356\n|gametype|doubles\n|player|p1|Guy_Gumbert|volo|1079\n|player|p2|ninyim26|265|1088\n|gen|9\n|tier|[Gen 9 Champions] VGC 2026 Reg M-A\n|rated|\n|rule|Species Clause: Limit one of each Pok\u00e9mon\n|rule|Item Clause: Limit 1 of each item\n|clearpoke\n|poke|p1|Tyranitar, L50, F|\n|poke|p1|Aggron, L50, F|\n|poke|p1|Whimsicott, L50, M|\n|poke|p1|Arcanine, L50, F|\n|poke|p1|Drampa, L50, F|\n|poke|p1|Sylveon, L50, F|\n|poke|p2|Froslass, L50, F|\n|poke|p2|Incineroar, L50, F|\n|poke|p2|Sinistcha, L50|\n|poke|p2|Ditto, L50|\n|poke|p2|Farigiraf, L50, F|\n|poke|p2|Ninetales-Alola, L50, F|\n|teampreview|4\n|inactive|Battle timer is ON: inactive players will automatically lose when time's up. (requested by ninyim26)\n|\n|t:|1775945412\n|teamsize|p1|4\n|teamsize|p2|4\n|start\n|switch|p1a: Arcanine|Arcanine, L50, F|100/100\n|switch|p1b: Aggron|Aggron, L50, F|100/100\n|switch|p2a: Froslass|Froslass, L50, F|100/100\n|switch|p2b: Incineroar|Incineroar, L50, F|100/100\n|-ability|p1a: Arcanine|Intimidate|boost\n|-unboost|p2a: Froslass|atk|1\n|-unboost|p2b: Incineroar|atk|1\n|-ability|p2b: Incineroar|Intimidate|boost\n|-unboost|p1a: Arcanine|atk|1\n|-unboost|p1b: Aggron|atk|1\n|turn|1\n|\n|t:|1775945432\n|move|p2a: Froslass|Protect|p2a: Froslass\n|-singleturn|p2a: Froslass|Protect\n|move|p1a: Arcanine|Snarl|p2a: Froslass|[spread] p2b\n|-activate|p2a: Froslass|move: Protect\n|-resisted|p2b: Incineroar|1\n|-damage|p2b: Incineroar|98/100\n|-unboost|p2b: Incineroar|spa|1\n|move|p2b: Incineroar|Flare Blitz|p1b: Aggron\n|-damage|p1b: Aggron|83/100\n|-damage|p2b: Incineroar|92/100|[from] Recoil\n|move|p1b: Aggron|Heavy Slam|p2a: Froslass\n|-activate|p2a: Froslass|move: Protect\n|\n|upkeep\n|turn|2\n|inactive|ninyim26 has 30 seconds left.\n|\n|t:|1775945461\n|switch|p2a: Sinistcha|Sinistcha, L50|100/100\n|-heal|p2b: Incineroar|100/100|[from] ability: Hospitality|[of] p2a: Sinistcha\n|detailschange|p1b: Aggron|Aggron-Mega, L50, F\n|-mega|p1b: Aggron|Aggron|Aggronite\n|move|p1a: Arcanine|Snarl|p2b: Incineroar|[spread] p2a,p2b\n|-supereffective|p2a: Sinistcha|1\n|-resisted|p2b: Incineroar|1\n|-damage|p2a: Sinistcha|85/100\n|-damage|p2b: Incineroar|98/100\n|-unboost|p2a: Sinistcha|spa|1\n|-unboost|p2b: Incineroar|spa|1\n|move|p2b: Incineroar|Parting Shot|p1a: Arcanine\n|-unboost|p1a: Arcanine|atk|1\n|-unboost|p1a: Arcanine|spa|1\n|\n|t:|1775945477\n|switch|p2b: Froslass|Froslass, L50, F|100/100|[from] Parting Shot\n|move|p1b: Aggron|Heavy Slam|p2a: Sinistcha\n|-damage|p2a: Sinistcha|45/100\n|\n|upkeep\n|turn|3\n|\n|t:|1775945491\n|switch|p2a: Ditto|Ditto, L50|100/100\n|-transform|p2a: Ditto|p1b: Aggron|[from] ability: Imposter\n|move|p2b: Froslass|Protect|p2b: Froslass\n|-singleturn|p2b: Froslass|Protect\n|move|p1a: Arcanine|Flare Blitz|p2a: Ditto\n|-supereffective|p2a: Ditto|1\n|-damage|p2a: Ditto|77/100\n|-damage|p1a: Arcanine|94/100|[from] Recoil\n|move|p1b: Aggron|Heavy Slam|p2b: Froslass\n|-activate|p2b: Froslass|move: Protect\n|\n|upkeep\n|turn|4\n|inactive|ninyim26 has 30 seconds left.\n|\n|t:|1775945526\n|switch|p2b: Sinistcha|Sinistcha, L50|45/100\n|-heal|p2a: Ditto|100/100|[from] ability: Hospitality|[of] p2b: Sinistcha\n|move|p1a: Arcanine|Snarl|p2b: Sinistcha|[spread] p2a\n|-miss|p1a: Arcanine|p2b: Sinistcha\n|-damage|p2a: Ditto|93/100\n|-unboost|p2a: Ditto|spa|1\n|move|p2a: Ditto|Earthquake|p1a: Arcanine|[spread] p2b,p1a,p1b\n|-resisted|p2b: Sinistcha|1\n|-supereffective|p1a: Arcanine|1\n|-supereffective|p1b: Aggron|1\n|-damage|p2b: Sinistcha|37/100\n|-damage|p1a: Arcanine|52/100\n|-damage|p1b: Aggron|69/100\n|move|p1b: Aggron|Body Press|p2a: Ditto\n|-supereffective|p2a: Ditto|1\n|-damage|p2a: Ditto|62/100\n|\n|upkeep\n|turn|5\n|inactive|ninyim26 has 30 seconds left.\n|inactive|Guy_Gumbert has 30 seconds left.\n|inactive|Guy_Gumbert has 20 seconds left.\n|\n|t:|1775945573\n|switch|p1a: Tyranitar|Tyranitar, L50, F|100/100\n|-weather|Sandstorm|[from] ability: Sand Stream|[of] p1a: Tyranitar\n|switch|p2b: Incineroar|Incineroar, L50, F|98/100\n|-ability|p2b: Incineroar|Intimidate|boost\n|-unboost|p1a: Tyranitar|atk|1\n|-unboost|p1b: Aggron|atk|1\n|move|p1b: Aggron|Protect|p1b: Aggron\n|-singleturn|p1b: Aggron|Protect\n|move|p2a: Ditto|Earthquake|p1b: Aggron|[spread] p2b,p1a\n|-activate|p1b: Aggron|move: Protect\n|-supereffective|p2b: Incineroar|1\n|-supereffective|p1a: Tyranitar|1\n|-damage|p2b: Incineroar|60/100\n|-damage|p1a: Tyranitar|66/100\n|\n|-weather|Sandstorm|[upkeep]\n|-damage|p2b: Incineroar|55/100|[from] Sandstorm\n|upkeep\n|turn|6\n|inactive|Guy_Gumbert has 30 seconds left.\n|inactive|ninyim26 has 30 seconds left.\n|\n|t:|1775945603\n|switch|p2a: Sinistcha|Sinistcha, L50|37/100\n|-heal|p2b: Incineroar|80/100|[from] ability: Hospitality|[of] p2a: Sinistcha\n|switch|p1a: Arcanine|Arcanine, L50, F|52/100\n|-ability|p1a: Arcanine|Intimidate|boost\n|-unboost|p2a: Sinistcha|atk|1\n|-unboost|p2b: Incineroar|atk|1\n|move|p2b: Incineroar|Fake Out|p1a: Arcanine\n|-damage|p1a: Arcanine|44/100\n|-enditem|p1a: Arcanine|Sitrus Berry|[eat]\n|-heal|p1a: Arcanine|69/100|[from] item: Sitrus Berry\n|move|p1b: Aggron|Body Press|p2b: Incineroar\n|-supereffective|p2b: Incineroar|1\n|-damage|p2b: Incineroar|13/100\n|-enditem|p2b: Incineroar|Sitrus Berry|[eat]\n|-heal|p2b: Incineroar|38/100|[from] item: Sitrus Berry\n|\n|-weather|Sandstorm|[upkeep]\n|-damage|p1a: Arcanine|62/100|[from] Sandstorm\n|-damage|p2a: Sinistcha|31/100|[from] Sandstorm\n|-damage|p2b: Incineroar|32/100|[from] Sandstorm\n|upkeep\n|turn|7\n|\n|t:|1775945626\n|move|p2a: Sinistcha|Protect|p2a: Sinistcha\n|-singleturn|p2a: Sinistcha|Protect\n|move|p1a: Arcanine|Flare Blitz|p2a: Sinistcha\n|-activate|p2a: Sinistcha|move: Protect\n|move|p2b: Incineroar|Parting Shot|p1a: Arcanine\n|-unboost|p1a: Arcanine|atk|1\n|-unboost|p1a: Arcanine|spa|1\n|\n|t:|1775945641\n|switch|p2b: Ditto|Ditto, L50|62/100|[from] Parting Shot\n|-transform|p2b: Ditto|p1a: Arcanine|[from] ability: Imposter\n|-ability|p2b: Ditto|Intimidate|boost\n|-unboost|p1a: Arcanine|atk|1\n|-unboost|p1b: Aggron|atk|1\n|move|p1b: Aggron|Body Press|p2b: Ditto\n|-damage|p2b: Ditto|8/100\n|\n|-weather|Sandstorm|[upkeep]\n|-damage|p2b: Ditto|2/100|[from] Sandstorm\n|-damage|p1a: Arcanine|56/100|[from] Sandstorm\n|-damage|p2a: Sinistcha|25/100|[from] Sandstorm\n|upkeep\n|turn|8\n|\n|t:|1775945663\n|switch|p1b: Sylveon|Sylveon, L50, F|100/100\n|move|p2b: Ditto|Flare Blitz|p1b: Sylveon\n|-damage|p1b: Sylveon|52/100\n|-damage|p2b: Ditto|0 fnt|[from] Recoil\n|faint|p2b: Ditto\n|move|p1a: Arcanine|Snarl|p2a: Sinistcha\n|-supereffective|p2a: Sinistcha|1\n|-damage|p2a: Sinistcha|11/100\n|-unboost|p2a: Sinistcha|spa|1\n|move|p2a: Sinistcha|Matcha Gotcha|p1b: Sylveon|[spread] p1a,p1b\n|-resisted|p1a: Arcanine|1\n|-damage|p1a: Arcanine|47/100\n|-heal|p2a: Sinistcha|16/100|[from] drain|[of] p1a: Arcanine\n|-damage|p1b: Sylveon|40/100\n|-heal|p2a: Sinistcha|24/100|[from] drain|[of] p1b: Sylveon\n|\n|-weather|Sandstorm|[upkeep]\n|-damage|p1a: Arcanine|41/100|[from] Sandstorm\n|-damage|p2a: Sinistcha|17/100|[from] Sandstorm\n|-damage|p1b: Sylveon|34/100|[from] Sandstorm\n|upkeep\n|\n|t:|1775945681\n|switch|p2b: Incineroar|Incineroar, L50, F|32/100\n|-ability|p2b: Incineroar|Intimidate|boost\n|-unboost|p1a: Arcanine|atk|1\n|-unboost|p1b: Sylveon|atk|1\n|turn|9\n|\n|t:|1775945698\n|move|p1b: Sylveon|Protect|p1b: Sylveon\n|-singleturn|p1b: Sylveon|Protect\n|move|p2b: Incineroar|Fake Out|p1a: Arcanine\n|-damage|p1a: Arcanine|29/100\n|cant|p1a: Arcanine|flinch\n|move|p2a: Sinistcha|Life Dew|p2a: Sinistcha|[spread] p2a,p2b\n|-heal|p2a: Sinistcha|43/100\n|-heal|p2b: Incineroar|57/100\n|\n|-weather|none\n|upkeep\n|turn|10\n|\n|t:|1775945718\n|switch|p1a: Aggron|Aggron-Mega, L50, F|69/100\n|move|p2a: Sinistcha|Matcha Gotcha|p1a: Aggron|[spread] p1a,p1b\n|-resisted|p1a: Aggron|1\n|-damage|p1a: Aggron|60/100\n|-heal|p2a: Sinistcha|48/100|[from] drain|[of] p1a: Aggron\n|-damage|p1b: Sylveon|22/100\n|-heal|p2a: Sinistcha|54/100|[from] drain|[of] p1b: Sylveon\n|-status|p1a: Aggron|brn\n|move|p1b: Sylveon|Hyper Voice|p2b: Incineroar|[spread] p2a,p2b\n|-damage|p2a: Sinistcha|6/100\n|-damage|p2b: Incineroar|20/100\n|move|p2b: Incineroar|Flare Blitz|p1b: Sylveon\n|-damage|p1b: Sylveon|0 fnt\n|faint|p1b: Sylveon\n|-damage|p2b: Incineroar|12/100|[from] Recoil\n|\n|-damage|p1a: Aggron|54/100 brn|[from] brn\n|upkeep\n|\n|t:|1775945742\n|switch|p1b: Tyranitar|Tyranitar, L50, F|66/100\n|-weather|Sandstorm|[from] ability: Sand Stream|[of] p1b: Tyranitar\n|turn|11\n|\n|t:|1775945754\n|move|p2a: Sinistcha|Pain Split|p1b: Tyranitar\n|-sethp|p1b: Tyranitar|35/100|[from] move: Pain Split|[silent]\n|-sethp|p2a: Sinistcha|41/100|[from] move: Pain Split\n|move|p1b: Tyranitar|Crunch|p2a: Sinistcha\n|-supereffective|p2a: Sinistcha|1\n|-damage|p2a: Sinistcha|0 fnt\n|faint|p2a: Sinistcha\n|move|p2b: Incineroar|Flare Blitz|p1a: Aggron\n|-supereffective|p1a: Aggron|1\n|-damage|p1a: Aggron|18/100 brn\n|-damage|p2b: Incineroar|0 fnt|[from] Recoil\n|faint|p2b: Incineroar\n|move|p1a: Aggron|Body Press|p2: Sinistcha|[notarget]\n|-fail|p1a: Aggron\n|\n|-weather|Sandstorm|[upkeep]\n|-damage|p1a: Aggron|12/100 brn|[from] brn\n|upkeep\n|\n|t:|1775945767\n|switch|p2a: Froslass|Froslass, L50, F|100/100\n|turn|12\n|\n|t:|1775945777\n|detailschange|p2a: Froslass|Froslass-Mega, L50, F\n|-mega|p2a: Froslass|Froslass|Froslassite\n|-weather|Snowscape|[from] ability: Snow Warning|[of] p2a: Froslass\n|move|p2a: Froslass|Blizzard|p1a: Aggron|[spread] p1a,p1b\n|-resisted|p1a: Aggron|1\n|-damage|p1a: Aggron|0 fnt\n|-damage|p1b: Tyranitar|0 fnt\n|faint|p1a: Aggron\n|faint|p1b: Tyranitar\n|\n|-weather|Snowscape|[upkeep]\n|upkeep\n|inactive|Guy_Gumbert has 30 seconds left.\n|\n|t:|1775945809\n|switch|p1b: Arcanine|Arcanine, L50, F|29/100\n|-ability|p1b: Arcanine|Intimidate|boost\n|-unboost|p2a: Froslass|atk|1\n|turn|13\n|\n|t:|1775945821\n|move|p2a: Froslass|Shadow Ball|p1b: Arcanine\n|-damage|p1b: Arcanine|0 fnt\n|faint|p1b: Arcanine\n|\n|win|ninyim26\n|raw|Guy_Gumbert's rating: 1079 &rarr; <strong>1058</strong><br />(-21 for losing)\n|raw|ninyim26's rating: 1088 &rarr; <strong>1114</strong><br />(+26 for winning)\n|l|\u2606ninyim26\n|player|p2|\n|j|\u2606ninyim26\n|player|p2|ninyim26|265|\n|l|\u2606ninyim26\n|player|p2|\n|j|\u2606ninyim26\n|player|p2|ninyim26|265|\n",
  "uploadtime": 1775946252,
  "views": 21,
  "formatid": "gen9championsvgc2026regma",
  "rating": 1058,
  "private": 0,
  "password": null
}