{
  "id": "gen9championsvgc2026regma-2588936647",
  "format": "[Gen 9 Champions] VGC 2026 Reg M-A",
  "players": [
    "chuangchuan149",
    "gundi8"
  ],
  "log": "|j|\u2606chuangchuan149\n|j|\u2606gundi8\n|t:|1776687537\n|gametype|doubles\n|player|p1|chuangchuan149|101|1175\n|player|p2|gundi8|ethan|1148\n|gen|9\n|tier|[Gen 9 Champions] VGC 2026 Reg M-A\n|rated|\n|rule|Species Clause: Limit one of each Pok\u00e9mon\n|rule|Item Clause: Limit 1 of each item\n|clearpoke\n|poke|p1|Charizard, L50, F|\n|poke|p1|Primarina, L50, M|\n|poke|p1|Sinistcha, L50|\n|poke|p1|Corviknight, L50, F|\n|poke|p1|Ampharos, L50, M|\n|poke|p1|Dragapult, L50, M|\n|poke|p2|Venusaur, L50, M, shiny|\n|poke|p2|Incineroar, L50, M, shiny|\n|poke|p2|Tyranitar, L50, F|\n|poke|p2|Garchomp, L50, M|\n|poke|p2|Rotom-Wash, L50|\n|poke|p2|Gardevoir, L50, F|\n|teampreview|4\n|inactive|Battle timer is ON: inactive players will automatically lose when time's up. (requested by gundi8)\n|inactive|gundi8 has 60 seconds left.\n|inactive|gundi8 has 30 seconds left.\n|inactive|gundi8 has 20 seconds left.\n|inactive|gundi8 has 15 seconds left.\n|inactive|gundi8 has 10 seconds left.\n|inactive|gundi8 has 5 seconds left.\n|\n|t:|1776687625\n|teamsize|p1|4\n|teamsize|p2|4\n|start\n|switch|p1a: Sinistcha|Sinistcha, L50|100/100\n|switch|p1b: Corviknight|Corviknight, L50, F|100/100\n|switch|p2a: Venusaur|Venusaur, L50, M, shiny|100/100\n|switch|p2b: Gardevoir|Gardevoir, L50, F|100/100\n|turn|1\n|inactive|chuangchuan149 has 30 seconds left.\n|inactive|gundi8 has 30 seconds left.\n|inactive|chuangchuan149 has 20 seconds left.\n|\n|t:|1776687661\n|switch|p2a: Tyranitar|Tyranitar, L50, F|100/100\n|-weather|Sandstorm|[from] ability: Sand Stream|[of] p2a: Tyranitar\n|move|p2b: Gardevoir|Trick|p1a: Sinistcha\n|-activate|p2b: Gardevoir|move: Trick|[of] p1a: Sinistcha\n|-item|p1a: Sinistcha|Choice Scarf|[from] move: Trick\n|-item|p2b: Gardevoir|Mental Herb|[from] move: Trick\n|move|p1a: Sinistcha|Shadow Ball|p2b: Gardevoir\n|-supereffective|p2b: Gardevoir|1\n|-damage|p2b: Gardevoir|35/100\n|move|p1b: Corviknight|Tailwind|p1b: Corviknight\n|-sidestart|p1: chuangchuan149|move: Tailwind\n|\n|-weather|Sandstorm|[upkeep]\n|-damage|p1a: Sinistcha|94/100|[from] Sandstorm\n|-damage|p2b: Gardevoir|29/100|[from] Sandstorm\n|upkeep\n|turn|2\n|inactive|chuangchuan149 has 30 seconds left.\n|\n|t:|1776687687\n|switch|p2b: Venusaur|Venusaur, L50, M, shiny|100/100\n|move|p1a: Sinistcha|Shadow Ball|p2b: Venusaur\n|-damage|p2b: Venusaur|71/100\n|move|p1b: Corviknight|Bulk Up|p1b: Corviknight\n|-boost|p1b: Corviknight|atk|1\n|-boost|p1b: Corviknight|def|1\n|move|p2a: Tyranitar|Knock Off|p1a: Sinistcha\n|-supereffective|p1a: Sinistcha|1\n|-damage|p1a: Sinistcha|19/100\n|-enditem|p1a: Sinistcha|Choice Scarf|[from] move: Knock Off|[of] p2a: Tyranitar\n|\n|-weather|Sandstorm|[upkeep]\n|-damage|p1a: Sinistcha|13/100|[from] Sandstorm\n|-damage|p2b: Venusaur|65/100|[from] Sandstorm\n|upkeep\n|turn|3\n|inactive|gundi8 has 30 seconds left.\n|\n|t:|1776687721\n|detailschange|p2b: Venusaur|Venusaur-Mega, L50, M, shiny\n|-mega|p2b: Venusaur|Venusaur|Venusaurite\n|move|p1a: Sinistcha|Matcha Gotcha|p2a: Tyranitar|[spread] p2a,p2b\n|-supereffective|p2a: Tyranitar|1\n|-resisted|p2b: Venusaur|2\n|-damage|p2a: Tyranitar|72/100\n|-heal|p1a: Sinistcha|30/100|[from] drain|[of] p2a: Tyranitar\n|-damage|p2b: Venusaur|61/100\n|-heal|p1a: Sinistcha|32/100|[from] drain|[of] p2b: Venusaur\n|move|p1b: Corviknight|Brave Bird|p2b: Venusaur\n|-supereffective|p2b: Venusaur|1\n|-damage|p2b: Venusaur|0 fnt\n|faint|p2b: Venusaur\n|-damage|p1b: Corviknight|82/100|[from] Recoil\n|move|p2a: Tyranitar|Knock Off|p1b: Corviknight\n|-damage|p1b: Corviknight|59/100\n|-enditem|p1b: Corviknight|Leftovers|[from] move: Knock Off|[of] p2a: Tyranitar\n|\n|-weather|Sandstorm|[upkeep]\n|-damage|p1a: Sinistcha|26/100|[from] Sandstorm\n|upkeep\n|\n|t:|1776687729\n|switch|p2b: Rotom|Rotom-Wash, L50|100/100\n|turn|4\n|\n|t:|1776687746\n|move|p1b: Corviknight|Body Press|p2a: Tyranitar\n|-supereffective|p2a: Tyranitar|2\n|-enditem|p2a: Tyranitar|Chople Berry|[eat]\n|-enditem|p2a: Tyranitar|Chople Berry|[weaken]\n|-damage|p2a: Tyranitar|15/100\n|move|p1a: Sinistcha|Matcha Gotcha|p2b: Rotom|[spread] p2a,p2b\n|-supereffective|p2a: Tyranitar|1\n|-supereffective|p2b: Rotom|1\n|-damage|p2a: Tyranitar|0 fnt\n|-heal|p1a: Sinistcha|35/100|[from] drain|[of] p2a: Tyranitar\n|-damage|p2b: Rotom|45/100\n|-heal|p1a: Sinistcha|59/100|[from] drain|[of] p2b: Rotom\n|-enditem|p2b: Rotom|Sitrus Berry|[eat]\n|-heal|p2b: Rotom|70/100|[from] item: Sitrus Berry\n|faint|p2a: Tyranitar\n|move|p2b: Rotom|Thunderbolt|p1b: Corviknight\n|-supereffective|p1b: Corviknight|1\n|-damage|p1b: Corviknight|0 fnt\n|faint|p1b: Corviknight\n|\n|-weather|Sandstorm|[upkeep]\n|-damage|p1a: Sinistcha|53/100|[from] Sandstorm\n|-damage|p2b: Rotom|65/100|[from] Sandstorm\n|-sideend|p1: chuangchuan149|move: Tailwind\n|upkeep\n|\n|t:|1776687765\n|switch|p2a: Gardevoir|Gardevoir, L50, F|29/100\n|switch|p1b: Ampharos|Ampharos, L50, M|100/100\n|turn|5\n|\n|t:|1776687788\n|detailschange|p1b: Ampharos|Ampharos-Mega, L50, M\n|-mega|p1b: Ampharos|Ampharos|Ampharosite\n|-ability|p1b: Ampharos|Mold Breaker\n|move|p1b: Ampharos|Protect|p1b: Ampharos\n|-singleturn|p1b: Ampharos|Protect\n|move|p2a: Gardevoir|Moonblast|p1a: Sinistcha\n|-damage|p1a: Sinistcha|2/100\n|move|p2b: Rotom|Hydro Pump|p1a: Sinistcha\n|-resisted|p1a: Sinistcha|1\n|-damage|p1a: Sinistcha|0 fnt\n|faint|p1a: Sinistcha\n|\n|-weather|none\n|upkeep\n|\n|t:|1776687799\n|switch|p1a: Primarina|Primarina, L50, M|100/100\n|turn|6\n|\n|t:|1776687809\n|move|p2a: Gardevoir|Moonblast|p1b: Ampharos\n|-supereffective|p1b: Ampharos|1\n|-damage|p1b: Ampharos|26/100\n|move|p2b: Rotom|Thunderbolt|p1a: Primarina\n|-supereffective|p1a: Primarina|1\n|-damage|p1a: Primarina|36/100\n|move|p1a: Primarina|Hyper Voice|p2b: Rotom|[spread] p2a,p2b\n|-resisted|p2b: Rotom|1\n|-damage|p2a: Gardevoir|0 fnt\n|-damage|p2b: Rotom|43/100\n|faint|p2a: Gardevoir\n|move|p1b: Ampharos|Thunderbolt|p2b: Rotom\n|-damage|p2b: Rotom|0 fnt\n|faint|p2b: Rotom\n|\n|win|chuangchuan149\n|raw|chuangchuan149's rating: 1175 &rarr; <strong>1198</strong><br />(+23 for winning)\n|raw|gundi8's rating: 1148 &rarr; <strong>1125</strong><br />(-23 for losing)\n",
  "uploadtime": 1776687810,
  "views": 9,
  "formatid": "gen9championsvgc2026regma",
  "rating": 1125,
  "private": 0,
  "password": null
}