{
  "id": "gen9championsvgc2026regma-2581193179",
  "format": "[Gen 9 Champions] VGC 2026 Reg M-A",
  "players": [
    "It'sJustKen VGC",
    "certified dice man"
  ],
  "log": "|j|\u2606It'sJustKen VGC\n|j|\u2606certified dice man\n|t:|1775969222\n|gametype|doubles\n|player|p1|It'sJustKen VGC|player-go|1081\n|player|p2|certified dice man|169|1114\n|gen|9\n|tier|[Gen 9 Champions] VGC 2026 Reg M-A\n|rated|\n|rule|Species Clause: Limit one of each Pok\u00e9mon\n|rule|Item Clause: Limit 1 of each item\n|clearpoke\n|poke|p1|Farigiraf, L50, M|\n|poke|p1|Incineroar, L50, M|\n|poke|p1|Torkoal, L50, M|\n|poke|p1|Charizard, L50, M|\n|poke|p1|Dragonite, L50, M|\n|poke|p1|Typhlosion-Hisui, L50, M|\n|poke|p2|Charizard, L50, F|\n|poke|p2|Venusaur, L50, F|\n|poke|p2|Aerodactyl, L50, F|\n|poke|p2|Incineroar, L50, F|\n|poke|p2|Kingambit, L50, F|\n|poke|p2|Sneasler, L50, M|\n|teampreview|4\n|inactive|Battle timer is ON: inactive players will automatically lose when time's up. (requested by It'sJustKen VGC)\n|inactive|certified dice man has 60 seconds left.\n|\n|t:|1775969275\n|teamsize|p1|4\n|teamsize|p2|4\n|start\n|switch|p1a: UP UP UP|Typhlosion-Hisui, L50, M|100/100\n|switch|p1b: Like I'm|Torkoal, L50, M|100/100\n|switch|p2a: Charizard|Charizard, L50, F, shiny|100/100\n|switch|p2b: Venusaur|Venusaur, L50, F|100/100\n|-weather|SunnyDay|[from] ability: Drought|[of] p1b: Like I'm\n|turn|1\n|\n|t:|1775969293\n|switch|p2a: Incineroar|Incineroar, L50, F|100/100\n|-ability|p2a: Incineroar|Intimidate|boost\n|-unboost|p1a: UP UP UP|atk|1\n|-unboost|p1b: Like I'm|atk|1\n|move|p2b: Venusaur|Earth Power|p1a: UP UP UP\n|-supereffective|p1a: UP UP UP|1\n|-damage|p1a: UP UP UP|19/100\n|-unboost|p1a: UP UP UP|spd|1\n|move|p1a: UP UP UP|Eruption|p2b: Venusaur|[spread] p2a,p2b\n|-resisted|p2a: Incineroar|1\n|-supereffective|p2b: Venusaur|1\n|-damage|p2a: Incineroar|92/100\n|-damage|p2b: Venusaur|48/100\n|move|p1b: Like I'm|Eruption|p2a: Incineroar|[spread] p2a,p2b\n|-resisted|p2a: Incineroar|1\n|-supereffective|p2b: Venusaur|1\n|-damage|p2a: Incineroar|62/100\n|-damage|p2b: Venusaur|0 fnt\n|faint|p2b: Venusaur\n|\n|-weather|SunnyDay|[upkeep]\n|upkeep\n|\n|t:|1775969314\n|switch|p2b: Aerodactyl|Aerodactyl, L50, F, shiny|100/100\n|-ability|p2b: Aerodactyl|Unnerve\n|turn|2\n|\n|t:|1775969338\n|move|p1b: Like I'm|Protect|p1b: Like I'm\n|-singleturn|p1b: Like I'm|Protect\n|move|p2a: Incineroar|Fake Out|p1b: Like I'm\n|-activate|p1b: Like I'm|move: Protect\n|move|p1a: UP UP UP|Eruption|p2a: Incineroar|[spread] p2a,p2b\n|-resisted|p2a: Incineroar|1\n|-resisted|p2b: Aerodactyl|1\n|-damage|p2a: Incineroar|53/100\n|-damage|p2b: Aerodactyl|81/100\n|move|p2b: Aerodactyl|Tailwind|p2b: Aerodactyl\n|-sidestart|p2: certified dice man|move: Tailwind\n|\n|-weather|SunnyDay|[upkeep]\n|upkeep\n|turn|3\n|\n|t:|1775969356\n|move|p2b: Aerodactyl|Rock Slide|p1b: Like I'm|[spread] p1a,p1b\n|-supereffective|p1a: UP UP UP|1\n|-supereffective|p1b: Like I'm|1\n|-damage|p1a: UP UP UP|0 fnt\n|-damage|p1b: Like I'm|60/100\n|faint|p1a: UP UP UP\n|move|p2a: Incineroar|Parting Shot|p1b: Like I'm\n|-unboost|p1b: Like I'm|atk|1\n|-unboost|p1b: Like I'm|spa|1\n|\n|t:|1775969364\n|switch|p2a: Charizard|Charizard, L50, F, shiny|100/100|[from] Parting Shot\n|move|p1b: Like I'm|Weather Ball|p2b: Aerodactyl\n|-resisted|p2b: Aerodactyl|1\n|-damage|p2b: Aerodactyl|44/100\n|\n|-weather|SunnyDay|[upkeep]\n|upkeep\n|\n|t:|1775969370\n|switch|p1a: I'm Done Hiding|Farigiraf, L50, M|100/100\n|turn|4\n|\n|t:|1775969386\n|switch|p1b: Now I'm Shining|Incineroar, L50, M|100/100\n|-ability|p1b: Now I'm Shining|Intimidate|boost\n|-unboost|p2a: Charizard|atk|1\n|-unboost|p2b: Aerodactyl|atk|1\n|detailschange|p2a: Charizard|Charizard-Mega-Y, L50, F, shiny\n|-mega|p2a: Charizard|Charizard|Charizardite Y\n|move|p2b: Aerodactyl|Taunt|p1a: I'm Done Hiding\n|-start|p1a: I'm Done Hiding|move: Taunt\n|-enditem|p1a: I'm Done Hiding|Mental Herb\n|-end|p1a: I'm Done Hiding|move: Taunt\n|move|p2a: Charizard|Scorching Sands|p1b: Now I'm Shining\n|-supereffective|p1b: Now I'm Shining|1\n|-damage|p1b: Now I'm Shining|41/100\n|move|p1a: I'm Done Hiding|Trick Room|p1a: I'm Done Hiding\n|-fieldstart|move: Trick Room|[of] p1a: I'm Done Hiding\n|\n|-weather|SunnyDay|[upkeep]\n|upkeep\n|turn|5\n|inactive|certified dice man has 30 seconds left.\n|\n|t:|1775969416\n|move|p2a: Charizard|Protect|p2a: Charizard\n|-singleturn|p2a: Charizard|Protect\n|move|p1b: Now I'm Shining|Darkest Lariat|p2b: Aerodactyl\n|-damage|p2b: Aerodactyl|0 fnt\n|-enditem|p1b: Now I'm Shining|Sitrus Berry|[eat]\n|-heal|p1b: Now I'm Shining|66/100|[from] item: Sitrus Berry\n|faint|p2b: Aerodactyl\n|move|p1a: I'm Done Hiding|Hyper Voice|p2a: Charizard\n|-activate|p2a: Charizard|move: Protect\n|\n|-weather|none\n|-sideend|p2: certified dice man|move: Tailwind\n|upkeep\n|\n|t:|1775969426\n|switch|p2b: Incineroar|Incineroar, L50, F|53/100\n|-ability|p2b: Incineroar|Intimidate|boost\n|-unboost|p1a: I'm Done Hiding|atk|1\n|-unboost|p1b: Now I'm Shining|atk|1\n|turn|6\n|\n|t:|1775969437\n|move|p1b: Now I'm Shining|Parting Shot|p2a: Charizard\n|-unboost|p2a: Charizard|atk|1\n|-unboost|p2a: Charizard|spa|1\n|\n|t:|1775969439\n|switch|p1b: Like I'm|Torkoal, L50, M|60/100|[from] Parting Shot\n|-weather|SunnyDay|[from] ability: Drought|[of] p1b: Like I'm\n|move|p2b: Incineroar|Parting Shot|p1a: I'm Done Hiding\n|-unboost|p1a: I'm Done Hiding|atk|1\n|-unboost|p1a: I'm Done Hiding|spa|1\n|move|p1a: I'm Done Hiding|Hyper Voice|p2a: Charizard|[spread] p2a,p2b\n|-crit|p2b: Incineroar\n|-damage|p2a: Charizard|77/100\n|-damage|p2b: Incineroar|22/100\n|-enditem|p2b: Incineroar|Sitrus Berry|[eat]\n|-heal|p2b: Incineroar|47/100|[from] item: Sitrus Berry\n|move|p2a: Charizard|Scorching Sands|p1b: Like I'm\n|-supereffective|p1b: Like I'm|1\n|-damage|p1b: Like I'm|12/100\n|\n|-weather|SunnyDay|[upkeep]\n|upkeep\n|turn|7\n|inactive|certified dice man has 30 seconds left.\n|\n|t:|1775969467\n|move|p1a: I'm Done Hiding|Helping Hand|p1b: Like I'm\n|-singleturn|p1b: Like I'm|Helping Hand|[of] p1a: I'm Done Hiding\n|move|p2a: Charizard|Protect|p2a: Charizard\n|-singleturn|p2a: Charizard|Protect\n|move|p1b: Like I'm|Weather Ball|p2b: Incineroar\n|-resisted|p2b: Incineroar|1\n|-damage|p2b: Incineroar|7/100\n|move|p2b: Incineroar|Parting Shot|p1a: I'm Done Hiding\n|-unboost|p1a: I'm Done Hiding|atk|1\n|-unboost|p1a: I'm Done Hiding|spa|1\n|\n|-weather|SunnyDay|[upkeep]\n|upkeep\n|turn|8\n|\n|t:|1775969488\n|move|p2b: Incineroar|Protect|p2b: Incineroar\n|-singleturn|p2b: Incineroar|Protect\n|move|p1b: Like I'm|Weather Ball|p2a: Charizard\n|-resisted|p2a: Charizard|1\n|-damage|p2a: Charizard|36/100\n|move|p1a: I'm Done Hiding|Hyper Voice|p2a: Charizard|[spread] p2a\n|-activate|p2b: Incineroar|move: Protect\n|-damage|p2a: Charizard|19/100\n|move|p2a: Charizard|Scorching Sands|p1b: Like I'm\n|-supereffective|p1b: Like I'm|1\n|-crit|p1b: Like I'm\n|-damage|p1b: Like I'm|0 fnt\n|faint|p1b: Like I'm\n|\n|-weather|SunnyDay|[upkeep]\n|-fieldend|move: Trick Room\n|upkeep\n|\n|t:|1775969491\n|switch|p1b: Now I'm Shining|Incineroar, L50, M|66/100\n|-ability|p1b: Now I'm Shining|Intimidate|boost\n|-unboost|p2a: Charizard|atk|1\n|-unboost|p2b: Incineroar|atk|1\n|turn|9\n|inactive|certified dice man has 30 seconds left.\n|\n|t:|1775969524\n|move|p1b: Now I'm Shining|Fake Out|p2b: Incineroar\n|-damage|p2b: Incineroar|0 fnt\n|faint|p2b: Incineroar\n|move|p2a: Charizard|Scorching Sands|p1b: Now I'm Shining\n|-supereffective|p1b: Now I'm Shining|1\n|-damage|p1b: Now I'm Shining|27/100\n|move|p1a: I'm Done Hiding|Trick Room|p1a: I'm Done Hiding\n|-fieldstart|move: Trick Room|[of] p1a: I'm Done Hiding\n|\n|-weather|SunnyDay|[upkeep]\n|upkeep\n|turn|10\n|-message|certified dice man forfeited.\n|\n|win|It'sJustKen VGC\n|raw|It&apos;sJustKen VGC's rating: 1081 &rarr; <strong>1111</strong><br />(+30 for winning)\n|raw|certified dice man's rating: 1114 &rarr; <strong>1087</strong><br />(-27 for losing)\n|l|\u2606certified dice man\n|player|p2|\n",
  "uploadtime": 1775969533,
  "views": 10,
  "formatid": "gen9championsvgc2026regma",
  "rating": 1087,
  "private": 0,
  "password": null
}