{
  "id": "gen9championsvgc2026regma-2583906595",
  "format": "[Gen 9 Champions] VGC 2026 Reg M-A",
  "players": [
    "poltato2",
    "Mazuki0929"
  ],
  "log": "|j|\u2606poltato2\n|j|\u2606Mazuki0929\n|t:|1776207192\n|gametype|doubles\n|player|p1|poltato2|266|1144\n|player|p2|Mazuki0929|265|1067\n|gen|9\n|tier|[Gen 9 Champions] VGC 2026 Reg M-A\n|rated|\n|rule|Species Clause: Limit one of each Pok\u00e9mon\n|rule|Item Clause: Limit 1 of each item\n|clearpoke\n|poke|p1|Incineroar, L50, M|\n|poke|p1|Froslass, L50, F|\n|poke|p1|Orthworm, L50, F|\n|poke|p1|Basculegion, L50, M|\n|poke|p1|Rotom-Frost, L50|\n|poke|p1|Garchomp, L50, M|\n|poke|p2|Greninja-*, L50, F|\n|poke|p2|Toxicroak, L50, M|\n|poke|p2|Pelipper, L50, M|\n|poke|p2|Archaludon, L50, F|\n|poke|p2|Basculegion, L50, M|\n|poke|p2|Noivern, L50, F|\n|teampreview|4\n|inactive|Battle timer is ON: inactive players will automatically lose when time's up. (requested by poltato2)\nMazuki0929 rejected open team sheets.\n|inactive|poltato2 has 60 seconds left.\n|\n|t:|1776207238\n|teamsize|p1|4\n|teamsize|p2|4\n|start\n|switch|p1a: Incineroar|Incineroar, L50, M|100/100\n|switch|p1b: Rotom|Rotom-Frost, L50|100/100\n|switch|p2a: Toxicroak|Toxicroak, L50, M|100/100\n|switch|p2b: Basculegion|Basculegion, L50, M|100/100\n|-ability|p1a: Incineroar|Intimidate|boost\n|-unboost|p2a: Toxicroak|atk|1\n|-unboost|p2b: Basculegion|atk|1\n|turn|1\n|inactive|Mazuki0929 has 30 seconds left.\n|inactive|Mazuki0929 has 20 seconds left.\n|inactive|Mazuki0929 has 15 seconds left.\n|inactive|Mazuki0929 has 10 seconds left.\n|\n|t:|1776207287\n|switch|p2b: Greninja|Greninja, L50, F|100/100\n|move|p2a: Toxicroak|Fake Out|p1b: Rotom\n|-damage|p1b: Rotom|91/100\n|move|p1a: Incineroar|Fake Out|p2a: Toxicroak\n|-damage|p2a: Toxicroak|89/100\n|cant|p1b: Rotom|flinch\n|\n|-heal|p2a: Toxicroak|95/100|[from] item: Leftovers\n|upkeep\n|turn|2\n|inactive|poltato2 has 30 seconds left.\n|inactive|poltato2 has 20 seconds left.\n|\n|t:|1776207322\n|switch|p1a: Basculegion|Basculegion, L50, M|100/100\n|detailschange|p2b: Greninja|Greninja-Mega, L50, F\n|-mega|p2b: Greninja|Greninja|Greninjite\n|move|p2a: Toxicroak|Helping Hand|p2b: Greninja\n|-singleturn|p2b: Greninja|Helping Hand|[of] p2a: Toxicroak\n|move|p2b: Greninja|Surf|p1b: Rotom|[spread] p1a,p1b\n|-start|p2b: Greninja|typechange|Water|[from] ability: Protean\n|-heal|p2a: Toxicroak|100/100|[from] ability: Dry Skin|[of] p2b: Greninja\n|-resisted|p1a: Basculegion|1\n|-damage|p1a: Basculegion|66/100\n|-damage|p1b: Rotom|32/100\n|move|p1b: Rotom|Thunderbolt|p2b: Greninja\n|-supereffective|p2b: Greninja|1\n|-damage|p2b: Greninja|0 fnt\n|faint|p2b: Greninja\n|\n|upkeep\n|\n|t:|1776207343\n|switch|p2b: Pelipper|Pelipper, L50, M|100/100\n|-weather|RainDance|[from] ability: Drizzle|[of] p2b: Pelipper\n|turn|3\n|\n|t:|1776207364\n|switch|p1a: Incineroar|Incineroar, L50, M|100/100\n|-ability|p1a: Incineroar|Intimidate|boost\n|-unboost|p2a: Toxicroak|atk|1\n|-unboost|p2b: Pelipper|atk|1\n|move|p1b: Rotom|Protect|p1b: Rotom\n|-singleturn|p1b: Rotom|Protect\n|move|p2b: Pelipper|Protect|p2b: Pelipper\n|-singleturn|p2b: Pelipper|Protect\n|move|p2a: Toxicroak|Low Kick|p1b: Rotom\n|-activate|p1b: Rotom|move: Protect\n|\n|-weather|RainDance|[upkeep]\n|upkeep\n|turn|4\n|\n|t:|1776207378\n|move|p1a: Incineroar|Fake Out|p2a: Toxicroak\n|-damage|p2a: Toxicroak|89/100\n|move|p1b: Rotom|Thunderbolt|p2b: Pelipper\n|-supereffective|p2b: Pelipper|2\n|-enditem|p2b: Pelipper|Focus Sash\n|-damage|p2b: Pelipper|1/100\n|cant|p2a: Toxicroak|flinch\n|move|p2b: Pelipper|Weather Ball|p1b: Rotom\n|-damage|p1b: Rotom|0 fnt\n|faint|p1b: Rotom\n|\n|-weather|RainDance|[upkeep]\n|-heal|p2a: Toxicroak|100/100|[from] ability: Dry Skin\n|upkeep\n|\n|t:|1776207394\n|switch|p1b: Froslass|Froslass, L50, F|100/100\n|turn|5\n|\n|t:|1776207410\n|switch|p2a: Basculegion|Basculegion, L50, M|100/100\n|detailschange|p1b: Froslass|Froslass-Mega, L50, F\n|-mega|p1b: Froslass|Froslass|Froslassite\n|-weather|Snowscape|[from] ability: Snow Warning|[of] p1b: Froslass\n|move|p2b: Pelipper|Protect|p2b: Pelipper\n|-singleturn|p2b: Pelipper|Protect\n|move|p1b: Froslass|Blizzard|p2a: Basculegion|[spread] p2a\n|-activate|p2b: Pelipper|move: Protect\n|-resisted|p2a: Basculegion|1\n|-damage|p2a: Basculegion|76/100\n|move|p1a: Incineroar|Flare Blitz|p2a: Basculegion\n|-resisted|p2a: Basculegion|1\n|-damage|p2a: Basculegion|45/100\n|-damage|p1a: Incineroar|91/100|[from] Recoil\n|\n|-weather|Snowscape|[upkeep]\n|upkeep\n|turn|6\n|inactive|poltato2 has 30 seconds left.\n|\n|t:|1776207438\n|switch|p2b: Toxicroak|Toxicroak, L50, M|100/100\n|move|p2a: Basculegion|Protect|p2a: Basculegion\n|-singleturn|p2a: Basculegion|Protect\n|move|p1b: Froslass|Blizzard|p2b: Toxicroak|[spread] p2b\n|-activate|p2a: Basculegion|move: Protect\n|-damage|p2b: Toxicroak|30/100\n|move|p1a: Incineroar|Darkest Lariat|p2a: Basculegion\n|-activate|p2a: Basculegion|move: Protect\n|\n|-weather|Snowscape|[upkeep]\n|-heal|p2b: Toxicroak|37/100|[from] item: Leftovers\n|upkeep\n|turn|7\n|\n|t:|1776207457\n|switch|p2b: Pelipper|Pelipper, L50, M|1/100\n|-weather|RainDance|[from] ability: Drizzle|[of] p2b: Pelipper\n|switch|p1a: Basculegion|Basculegion, L50, M|66/100\n|move|p1b: Froslass|Protect|p1b: Froslass\n|-singleturn|p1b: Froslass|Protect\n|move|p2a: Basculegion|Last Respects|p1b: Froslass\n|-activate|p1b: Froslass|move: Protect\n|\n|-weather|RainDance|[upkeep]\n|upkeep\n|turn|8\n|inactive|poltato2 has 30 seconds left.\n|\n|t:|1776207485\n|switch|p1b: Incineroar|Incineroar, L50, M|91/100\n|-ability|p1b: Incineroar|Intimidate|boost\n|-unboost|p2a: Basculegion|atk|1\n|-unboost|p2b: Pelipper|atk|1\n|move|p2b: Pelipper|Wide Guard|p2b: Pelipper\n|-singleturn|p2b: Pelipper|Wide Guard\n|move|p2a: Basculegion|Last Respects|p1a: Basculegion\n|-supereffective|p1a: Basculegion|1\n|-damage|p1a: Basculegion|0 fnt\n|faint|p1a: Basculegion\n|\n|-weather|RainDance|[upkeep]\n|upkeep\n|\n|t:|1776207498\n|switch|p1a: Froslass|Froslass-Mega, L50, F|100/100\n|-weather|Snowscape|[from] ability: Snow Warning|[of] p1a: Froslass\n|turn|9\n|inactive|poltato2 has 30 seconds left.\n|\n|t:|1776207523\n|switch|p2b: Toxicroak|Toxicroak, L50, M|37/100\n|move|p1a: Froslass|Protect|p1a: Froslass\n|-singleturn|p1a: Froslass|Protect\n|move|p2a: Basculegion|Protect|p2a: Basculegion\n|-singleturn|p2a: Basculegion|Protect\n|move|p1b: Incineroar|Darkest Lariat|p2a: Basculegion\n|-activate|p2a: Basculegion|move: Protect\n|\n|-weather|Snowscape|[upkeep]\n|-heal|p2b: Toxicroak|43/100|[from] item: Leftovers\n|upkeep\n|turn|10\n|\n|t:|1776207545\n|switch|p2b: Pelipper|Pelipper, L50, M|1/100\n|-weather|RainDance|[from] ability: Drizzle|[of] p2b: Pelipper\n|move|p2a: Basculegion|Last Respects|p1a: Froslass\n|-supereffective|p1a: Froslass|1\n|-damage|p1a: Froslass|0 fnt\n|faint|p1a: Froslass\n|move|p1b: Incineroar|Darkest Lariat|p2a: Basculegion\n|-supereffective|p2a: Basculegion|1\n|-damage|p2a: Basculegion|0 fnt\n|faint|p2a: Basculegion\n|\n|-weather|RainDance|[upkeep]\n|upkeep\n|\n|t:|1776207556\n|switch|p2a: Toxicroak|Toxicroak, L50, M|43/100\n|turn|11\n|\n|t:|1776207562\n|move|p2a: Toxicroak|Fake Out|p1b: Incineroar\n|-damage|p1b: Incineroar|78/100\n|move|p2b: Pelipper|Weather Ball|p1b: Incineroar\n|-supereffective|p1b: Incineroar|1\n|-damage|p1b: Incineroar|2/100\n|cant|p1b: Incineroar|flinch\n|\n|-weather|RainDance|[upkeep]\n|-heal|p2a: Toxicroak|55/100|[from] ability: Dry Skin\n|-heal|p2a: Toxicroak|62/100|[from] item: Leftovers\n|upkeep\n|turn|12\n|\n|t:|1776207575\n|move|p2a: Toxicroak|Low Kick|p1b: Incineroar\n|-supereffective|p1b: Incineroar|1\n|-damage|p1b: Incineroar|0 fnt\n|faint|p1b: Incineroar\n|\n|win|Mazuki0929\n|raw|poltato2's rating: 1144 &rarr; <strong>1114</strong><br />(-30 for losing)\n|raw|Mazuki0929's rating: 1067 &rarr; <strong>1103</strong><br />(+36 for winning)\n|l|\u2606poltato2\n|player|p1|\n",
  "uploadtime": 1776207632,
  "views": 36,
  "formatid": "gen9championsvgc2026regma",
  "rating": 1103,
  "private": 0,
  "password": null
}