{
  "id": "gen9championsvgc2026regma-2588313079",
  "format": "[Gen 9 Champions] VGC 2026 Reg M-A",
  "players": [
    "fifi2705",
    "aranvali"
  ],
  "log": "|j|\u2606fifi2705\n|j|\u2606aranvali\n|t:|1776623244\n|gametype|doubles\n|player|p1|fifi2705|170|1161\n|player|p2|aranvali|gentleman-gen4|1103\n|gen|9\n|tier|[Gen 9 Champions] VGC 2026 Reg M-A\n|rated|\n|rule|Species Clause: Limit one of each Pok\u00e9mon\n|rule|Item Clause: Limit 1 of each item\n|clearpoke\n|poke|p1|Meganium, L50, F|\n|poke|p1|Pelipper, L50, F|\n|poke|p1|Garchomp, L50, F|\n|poke|p1|Archaludon, L50, M|\n|poke|p1|Meowstic, L50, M|\n|poke|p1|Glimmora, L50, M|\n|poke|p2|Sableye, L50, F, shiny|\n|poke|p2|Meganium, L50, F, shiny|\n|poke|p2|Basculegion, L50, M, shiny|\n|poke|p2|Pelipper, L50, F, shiny|\n|poke|p2|Archaludon, L50, F, shiny|\n|poke|p2|Kangaskhan, L50, F, shiny|\n|teampreview|4\n|\n|t:|1776623262\n|teamsize|p1|4\n|teamsize|p2|4\n|start\n|switch|p1a: Pelipper|Pelipper, L50, F|100/100\n|switch|p1b: Garchomp|Garchomp, L50, F|100/100\n|switch|p2a: Sableye|Sableye, L50, F, shiny|100/100\n|switch|p2b: Basculegion|Basculegion, L50, M, shiny|100/100\n|-weather|RainDance|[from] ability: Drizzle|[of] p1a: Pelipper\n|turn|1\n|\n|t:|1776623284\n|switch|p1b: Meganium|Meganium, L50, F|100/100\n|move|p2a: Sableye|Fake Out|p1a: Pelipper\n|-damage|p1a: Pelipper|92/100\n|move|p2b: Basculegion|Wave Crash|p1b: Meganium\n|-resisted|p1b: Meganium|1\n|-damage|p1b: Meganium|36/100\n|-damage|p2b: Basculegion|83/100|[from] Recoil\n|cant|p1a: Pelipper|flinch\n|\n|-weather|RainDance|[upkeep]\n|upkeep\n|turn|2\n|\n|t:|1776623327\n|detailschange|p1b: Meganium|Meganium-Mega, L50, F\n|-mega|p1b: Meganium|Meganium|Meganiumite\n|move|p2a: Sableye|Shadow Sneak|p1a: Pelipper\n|-damage|p1a: Pelipper|76/100\n|move|p2b: Basculegion|Wave Crash|p1b: Meganium\n|-resisted|p1b: Meganium|1\n|-damage|p1b: Meganium|0 fnt\n|faint|p1b: Meganium\n|-damage|p2b: Basculegion|74/100|[from] Recoil\n|move|p1a: Pelipper|Tailwind|p1a: Pelipper\n|-sidestart|p1: fifi2705|move: Tailwind\n|\n|-weather|RainDance|[upkeep]\n|upkeep\n|\n|t:|1776623340\n|switch|p1b: Archaludon|Archaludon, L50, M|100/100\n|turn|3\n|\n|t:|1776623354\n|switch|p2b: Kangaskhan|Kangaskhan, L50, F, shiny|100/100\n|move|p2a: Sableye|Encore|p1a: Pelipper\n|-start|p1a: Pelipper|Encore\n|move|p1b: Archaludon|Electro Shot||[still]\n|-prepare|p1b: Archaludon|Electro Shot\n|-boost|p1b: Archaludon|spa|1\n|-anim|p1b: Archaludon|Electro Shot|p2b: Kangaskhan\n|-damage|p2b: Kangaskhan|27/100\n|move|p1a: Pelipper|Tailwind||[still]\n|-fail|p1a: Pelipper\n|\n|-weather|RainDance|[upkeep]\n|upkeep\n|turn|4\n|\n|t:|1776623379\n|switch|p1a: Garchomp|Garchomp, L50, F|100/100\n|move|p2b: Kangaskhan|Fake Out|p1b: Archaludon\n|-resisted|p1b: Archaludon|1\n|-damage|p1b: Archaludon|92/100\n|-ability|p1b: Archaludon|Stamina|boost\n|-boost|p1b: Archaludon|def|1\n|move|p2a: Sableye|Shadow Sneak|p1a: Garchomp\n|-damage|p1a: Garchomp|89/100\n|-damage|p2a: Sableye|88/100|[from] ability: Rough Skin|[of] p1a: Garchomp\n|cant|p1b: Archaludon|flinch\n|\n|-weather|RainDance|[upkeep]\n|-heal|p1b: Archaludon|98/100|[from] item: Leftovers\n|upkeep\n|turn|5\n|\n|t:|1776623404\n|move|p2a: Sableye|Will-O-Wisp|p1a: Garchomp\n|-status|p1a: Garchomp|brn\n|move|p1a: Garchomp|Rock Slide|p2a: Sableye|[spread] p2a,p2b\n|-damage|p2a: Sableye|75/100\n|-damage|p2b: Kangaskhan|16/100\n|move|p1b: Archaludon|Electro Shot||[still]\n|-prepare|p1b: Archaludon|Electro Shot\n|-boost|p1b: Archaludon|spa|1\n|-anim|p1b: Archaludon|Electro Shot|p2a: Sableye\n|-damage|p2a: Sableye|0 fnt\n|faint|p2a: Sableye\n|cant|p2b: Kangaskhan|flinch\n|\n|-weather|none\n|-heal|p1b: Archaludon|100/100|[from] item: Leftovers\n|-damage|p1a: Garchomp|83/100 brn|[from] brn\n|-sideend|p1: fifi2705|move: Tailwind\n|upkeep\n|\n|t:|1776623423\n|switch|p2a: Meganium|Meganium, L50, F, shiny|100/100\n|turn|6\n|\n|t:|1776623455\n|switch|p1a: Pelipper|Pelipper, L50, F|76/100\n|-weather|RainDance|[from] ability: Drizzle|[of] p1a: Pelipper\n|detailschange|p2a: Meganium|Meganium-Mega, L50, F, shiny\n|-mega|p2a: Meganium|Meganium|Meganiumite\n|move|p1b: Archaludon|Electro Shot||[still]\n|-prepare|p1b: Archaludon|Electro Shot\n|-boost|p1b: Archaludon|spa|1\n|-anim|p1b: Archaludon|Electro Shot|p2a: Meganium\n|-resisted|p2a: Meganium|1\n|-damage|p2a: Meganium|43/100\n|move|p2b: Kangaskhan|Last Resort|p1b: Archaludon\n|-resisted|p1b: Archaludon|1\n|-crit|p1b: Archaludon\n|-damage|p1b: Archaludon|55/100\n|-ability|p1b: Archaludon|Stamina|boost\n|-boost|p1b: Archaludon|def|1\n|move|p2a: Meganium|Weather Ball|p1b: Archaludon\n|-crit|p1b: Archaludon\n|-damage|p1b: Archaludon|0 fnt\n|faint|p1b: Archaludon\n|\n|-weather|RainDance|[upkeep]\n|upkeep\n|\n|t:|1776623477\n|switch|p1b: Garchomp|Garchomp, L50, F|83/100 brn\n|turn|7\n|\n|t:|1776623492\n|move|p1b: Garchomp|Protect|p1b: Garchomp\n|-singleturn|p1b: Garchomp|Protect\n|move|p2a: Meganium|Protect|p2a: Meganium\n|-singleturn|p2a: Meganium|Protect\n|move|p2b: Kangaskhan|Last Resort|p1a: Pelipper\n|-damage|p1a: Pelipper|0 fnt\n|faint|p1a: Pelipper\n|\n|-weather|RainDance|[upkeep]\n|-damage|p1b: Garchomp|77/100 brn|[from] brn\n|upkeep\n|turn|8\n|\n|t:|1776623507\n|move|p1b: Garchomp|Earthquake|p2b: Kangaskhan|[spread] p2a,p2b\n|-resisted|p2a: Meganium|1\n|-damage|p2a: Meganium|34/100\n|-damage|p2b: Kangaskhan|0 fnt\n|faint|p2b: Kangaskhan\n|move|p2a: Meganium|Dazzling Gleam|p1b: Garchomp\n|-supereffective|p1b: Garchomp|1\n|-damage|p1b: Garchomp|0 fnt\n|faint|p1b: Garchomp\n|\n|win|aranvali\n|raw|fifi2705's rating: 1161 &rarr; <strong>1132</strong><br />(-29 for losing)\n|raw|aranvali's rating: 1103 &rarr; <strong>1132</strong><br />(+29 for winning)\n",
  "uploadtime": 1776623517,
  "views": 14,
  "formatid": "gen9championsvgc2026regma",
  "rating": 1132,
  "private": 0,
  "password": null
}