{
  "id": "gen9championsvgc2026regma-2584849316",
  "format": "[Gen 9 Champions] VGC 2026 Reg M-A",
  "players": [
    "quetzil",
    "battle sim trainer"
  ],
  "log": "|j|\u2606quetzil\n|j|\u2606battle sim trainer\n|t:|1776288471\n|gametype|doubles\n|player|p1|quetzil|n|1069\n|player|p2|battle sim trainer|turo|1128\n|gen|9\n|tier|[Gen 9 Champions] VGC 2026 Reg M-A\n|rated|\n|rule|Species Clause: Limit one of each Pok\u00e9mon\n|rule|Item Clause: Limit 1 of each item\n|clearpoke\n|poke|p1|Gengar, L50, F|\n|poke|p1|Politoed, L50, F|\n|poke|p1|Kommo-o, L50, F|\n|poke|p1|Incineroar, L50, F|\n|poke|p1|Maushold, L50|\n|poke|p1|Sinistcha, L50|\n|poke|p2|Farigiraf, L50, M|\n|poke|p2|Maushold-Four, L50|\n|poke|p2|Camerupt, L50, M|\n|poke|p2|Hatterene, L50, F|\n|poke|p2|Meowstic, L50, M|\n|poke|p2|Gallade, L50, M|\n|teampreview|4\n|\n|t:|1776288511\n|teamsize|p1|4\n|teamsize|p2|4\n|start\n|switch|p1a: Gengar|Gengar, L50, F, shiny|100/100\n|switch|p1b: Incineroar|Incineroar, L50, F, shiny|100/100\n|switch|p2a: Meowstic|Meowstic, L50, M|100/100\n|switch|p2b: Gallade|Gallade, L50, M|100/100\n|-ability|p1b: Incineroar|Intimidate|boost\n|-unboost|p2a: Meowstic|atk|1\n|-unboost|p2b: Gallade|atk|1\n|turn|1\n|\n|t:|1776288528\n|detailschange|p1a: Gengar|Gengar-Mega, L50, F, shiny\n|-mega|p1a: Gengar|Gengar|Gengarite\n|move|p2a: Meowstic|Fake Out|p1b: Incineroar\n|-damage|p1b: Incineroar|98/100\n|cant|p1b: Incineroar|flinch\n|move|p1a: Gengar|Perish Song|p1a: Gengar\n|-start|p1a: Gengar|perish3|[silent]\n|-start|p1b: Incineroar|perish3|[silent]\n|-start|p2a: Meowstic|perish3|[silent]\n|-start|p2b: Gallade|perish3|[silent]\n|-fieldactivate|move: Perish Song\n|move|p2b: Gallade|Psycho Cut|p1a: Gengar\n|-supereffective|p1a: Gengar|1\n|-damage|p1a: Gengar|13/100\n|\n|-start|p1a: Gengar|perish3\n|-start|p2a: Meowstic|perish3\n|-start|p2b: Gallade|perish3\n|-start|p1b: Incineroar|perish3\n|upkeep\n|turn|2\n|\n|t:|1776288547\n|switch|p1a: Politoed|Politoed, L50, F, shiny|100/100\n|-weather|RainDance|[from] ability: Drizzle|[of] p1a: Politoed\n|move|p2a: Meowstic|Psychic|p1a: Politoed\n|-damage|p1a: Politoed|74/100\n|move|p1b: Incineroar|Parting Shot|p2b: Gallade\n|-unboost|p2b: Gallade|atk|1\n|-unboost|p2b: Gallade|spa|1\n|\n|t:|1776288557\n|switch|p1b: Sinistcha|Sinistcha, L50, shiny|100/100|[from] Parting Shot\n|-heal|p1a: Politoed|99/100|[from] ability: Hospitality|[of] p1b: Sinistcha\n|move|p2b: Gallade|Trick Room|p2b: Gallade\n|-fieldstart|move: Trick Room|[of] p2b: Gallade\n|\n|-weather|RainDance|[upkeep]\n|-heal|p1a: Politoed|100/100|[from] item: Leftovers\n|-start|p2b: Gallade|perish2\n|-start|p2a: Meowstic|perish2\n|upkeep\n|turn|3\n|\n|t:|1776288575\n|switch|p2b: Camerupt|Camerupt, L50, M|100/100\n|move|p2a: Meowstic|Sunny Day|p2a: Meowstic\n|-weather|SunnyDay\n|move|p1b: Sinistcha|Matcha Gotcha|p2a: Meowstic|[spread] p2a,p2b\n|-damage|p2a: Meowstic|80/100\n|-damage|p2b: Camerupt|71/100\n|-status|p2a: Meowstic|brn\n|move|p1a: Politoed|Weather Ball|p2b: Camerupt\n|-resisted|p2b: Camerupt|1\n|-damage|p2b: Camerupt|50/100\n|\n|-weather|SunnyDay|[upkeep]\n|-damage|p2a: Meowstic|74/100 brn|[from] brn\n|-start|p2a: Meowstic|perish1\n|upkeep\n|turn|4\n|\n|t:|1776288612\n|switch|p2a: Gallade|Gallade, L50, M|100/100\n|detailschange|p2b: Camerupt|Camerupt-Mega, L50, M\n|-mega|p2b: Camerupt|Camerupt|Cameruptite\n|move|p1b: Sinistcha|Rage Powder|p1b: Sinistcha\n|-singleturn|p1b: Sinistcha|move: Rage Powder\n|move|p2b: Camerupt|Flamethrower|p1b: Sinistcha\n|-supereffective|p1b: Sinistcha|1\n|-damage|p1b: Sinistcha|0 fnt\n|faint|p1b: Sinistcha\n|move|p1a: Politoed|Perish Song|p1a: Politoed\n|-start|p1a: Politoed|perish3|[silent]\n|-start|p2a: Gallade|perish3|[silent]\n|-start|p2b: Camerupt|perish3|[silent]\n|-fieldactivate|move: Perish Song\n|\n|-weather|SunnyDay|[upkeep]\n|-start|p2b: Camerupt|perish3\n|-start|p2a: Gallade|perish3\n|-start|p1a: Politoed|perish3\n|upkeep\n|\n|t:|1776288627\n|switch|p1b: Gengar|Gengar-Mega, L50, F, shiny|13/100\n|turn|5\n|\n|t:|1776288641\n|move|p1b: Gengar|Protect|p1b: Gengar\n|-singleturn|p1b: Gengar|Protect\n|move|p2b: Camerupt|Eruption|p1a: Politoed|[spread] p1a\n|-activate|p1b: Gengar|move: Protect\n|-resisted|p1a: Politoed|1\n|-damage|p1a: Politoed|73/100\n|move|p2a: Gallade|Sacred Sword|p1a: Politoed\n|-damage|p1a: Politoed|0 fnt\n|faint|p1a: Politoed\n|\n|-weather|SunnyDay|[upkeep]\n|-start|p2b: Camerupt|perish2\n|-start|p2a: Gallade|perish2\n|upkeep\n|\n|t:|1776288653\n|switch|p1a: Incineroar|Incineroar, L50, F, shiny|98/100\n|-ability|p1a: Incineroar|Intimidate|boost\n|-unboost|p2a: Gallade|atk|1\n|-unboost|p2b: Camerupt|atk|1\n|turn|6\n|\n|t:|1776288663\n|move|p1b: Gengar|Protect||[still]\n|-fail|p1b: Gengar\n|move|p1a: Incineroar|Fake Out|p2a: Gallade\n|-damage|p2a: Gallade|84/100\n|move|p2b: Camerupt|Eruption|p1b: Gengar|[spread] p1a,p1b\n|-resisted|p1a: Incineroar|1\n|-damage|p1a: Incineroar|74/100\n|-damage|p1b: Gengar|0 fnt\n|faint|p1b: Gengar\n|cant|p2a: Gallade|flinch\n|\n|-weather|SunnyDay|[upkeep]\n|-start|p2b: Camerupt|perish1\n|-start|p2a: Gallade|perish1\n|-fieldend|move: Trick Room\n|upkeep\n|turn|7\n|c|\u2606quetzil|gg\n|c|\u2606battle sim trainer|gg\n|\n|t:|1776288678\n|switch|p2a: Meowstic|Meowstic, L50, M|74/100 brn\n|switch|p2b: Maushold|Maushold-Four, L50|100/100\n|move|p1a: Incineroar|Parting Shot|p2b: Maushold\n|-unboost|p2b: Maushold|atk|1\n|-unboost|p2b: Maushold|spa|1\n|\n|-weather|none\n|-damage|p2a: Meowstic|68/100 brn|[from] brn\n|upkeep\n|turn|8\n|\n|t:|1776288688\n|switch|p2b: Gallade|Gallade, L50, M|84/100\n|move|p2a: Meowstic|Fake Out|p1a: Incineroar\n|-damage|p1a: Incineroar|72/100\n|cant|p1a: Incineroar|flinch\n|\n|-damage|p2a: Meowstic|62/100 brn|[from] brn\n|upkeep\n|turn|9\n|\n|t:|1776288698\n|switch|p2a: Maushold|Maushold-Four, L50|100/100\n|move|p2b: Gallade|Sacred Sword|p1a: Incineroar\n|-supereffective|p1a: Incineroar|1\n|-crit|p1a: Incineroar\n|-damage|p1a: Incineroar|0 fnt\n|faint|p1a: Incineroar\n|\n|win|battle sim trainer\n|raw|quetzil's rating: 1069 &rarr; <strong>1052</strong><br />(-17 for losing)\n|raw|battle sim trainer's rating: 1128 &rarr; <strong>1149</strong><br />(+21 for winning)\n|l|\u2606quetzil\n|player|p1|\n",
  "uploadtime": 1776288702,
  "views": 24,
  "formatid": "gen9championsvgc2026regma",
  "rating": 1052,
  "private": 0,
  "password": null
}