{
  "id": "gen9championsvgc2026regma-2584698086",
  "format": "[Gen 9 Champions] VGC 2026 Reg M-A",
  "players": [
    "lfdgm",
    "nikumaycry"
  ],
  "log": "|j|\u2606lfdgm\n|j|\u2606nikumaycry\n|t:|1776277512\n|gametype|doubles\n|player|p1|lfdgm|skyla|1100\n|player|p2|nikumaycry|1|1000\n|gen|9\n|tier|[Gen 9 Champions] VGC 2026 Reg M-A\n|rated|\n|rule|Species Clause: Limit one of each Pok\u00e9mon\n|rule|Item Clause: Limit 1 of each item\n|clearpoke\n|poke|p1|Drampa, L50, M|\n|poke|p1|Audino, L50, M|\n|poke|p1|Sinistcha, L50|\n|poke|p1|Pelipper, L50, F|\n|poke|p1|Aegislash, L50, M|\n|poke|p1|Basculegion, L50, M|\n|poke|p2|Typhlosion, L50, F|\n|poke|p2|Torkoal, L50, F|\n|poke|p2|Farigiraf, L50, M|\n|poke|p2|Gyarados, L50, M|\n|poke|p2|Kingambit, L50, F|\n|poke|p2|Dragonite, L50, F|\n|teampreview|4\n|\n|t:|1776277551\n|teamsize|p1|4\n|teamsize|p2|4\n|start\n|switch|p1a: Audino|Audino, L50, M|100/100\n|switch|p1b: Drampa|Drampa, L50, M|100/100\n|switch|p2a: Gyarados|Gyarados, L50, M|100/100\n|switch|p2b: Farigiraf|Farigiraf, L50, M|100/100\n|-ability|p2a: Gyarados|Intimidate|boost\n|-unboost|p1a: Audino|atk|1\n|-unboost|p1b: Drampa|atk|1\n|-ability|p1b: Drampa|Cloud Nine\n|turn|1\n|inactive|Battle timer is ON: inactive players will automatically lose when time's up. (requested by lfdgm)\n|\n|t:|1776277574\n|detailschange|p1b: Drampa|Drampa-Mega, L50, M\n|-mega|p1b: Drampa|Drampa|Drampanite\n|move|p2b: Farigiraf|Hyper Voice|p1a: Audino|[spread] p1a,p1b\n|-damage|p1a: Audino|76/100\n|-damage|p1b: Drampa|79/100\n|move|p1a: Audino|Wish|p1a: Audino\n|move|p1b: Drampa|Hyper Voice|p2a: Gyarados|[spread] p2a,p2b\n|-damage|p2a: Gyarados|63/100\n|-damage|p2b: Farigiraf|65/100\n|move|p2a: Gyarados|Dragon Tail|p1b: Drampa\n|-supereffective|p1b: Drampa|1\n|-damage|p1b: Drampa|42/100\n|-ability|p1b: Drampa|Berserk|boost\n|-boost|p1b: Drampa|spa|1\n|drag|p1b: Aegislash|Aegislash, L50, M|100/100\n|\n|-heal|p2b: Farigiraf|71/100|[from] item: Leftovers\n|upkeep\n|turn|2\n|inactive|nikumaycry has 30 seconds left.\n|\n|t:|1776277601\n|switch|p2a: Torkoal|Torkoal, L50, F|100/100\n|-weather|SunnyDay|[from] ability: Drought|[of] p2a: Torkoal\n|-formechange|p1b: Aegislash|Aegislash-Blade|\n|move|p1b: Aegislash|Iron Head|p2b: Farigiraf\n|-damage|p2b: Farigiraf|0 fnt\n|faint|p2b: Farigiraf\n|move|p1a: Audino|Trick Room|p1a: Audino\n|-fieldstart|move: Trick Room|[of] p1a: Audino\n|\n|-weather|SunnyDay|[upkeep]\n|-heal|p1a: Audino|100/100|[from] move: Wish|[wisher] Audino\n|upkeep\n|\n|t:|1776277612\n|switch|p2b: Typhlosion|Typhlosion, L50, F|100/100\n|turn|3\n|\n|t:|1776277625\n|switch|p1b: Pelipper|Pelipper, L50, F|100/100\n|-weather|RainDance|[from] ability: Drizzle|[of] p1b: Pelipper\n|move|p2a: Torkoal|Lava Plume|p1b: Pelipper|[spread] p1a,p1b\n|-start|p2b: Typhlosion|ability: Flash Fire\n|-resisted|p1b: Pelipper|1\n|-damage|p1a: Audino|92/100\n|-damage|p1b: Pelipper|95/100\n|-status|p1b: Pelipper|brn\n|move|p1a: Audino|Wish|p1a: Audino\n|move|p2b: Typhlosion|Eruption|p1a: Audino|[spread] p1a,p1b\n|-resisted|p1b: Pelipper|1\n|-damage|p1a: Audino|47/100\n|-damage|p1b: Pelipper|59/100 brn\n|\n|-weather|RainDance|[upkeep]\n|-heal|p1b: Pelipper|65/100 brn|[from] item: Leftovers\n|-damage|p1b: Pelipper|59/100 brn|[from] brn\n|upkeep\n|turn|4\n|inactive|nikumaycry has 30 seconds left.\n|\n|t:|1776277653\n|switch|p2a: Gyarados|Gyarados, L50, M|63/100\n|-ability|p2a: Gyarados|Intimidate|boost\n|-unboost|p1a: Audino|atk|1\n|-unboost|p1b: Pelipper|atk|1\n|move|p1a: Audino|Encore|p2b: Typhlosion\n|-start|p2b: Typhlosion|Encore\n|move|p1b: Pelipper|Weather Ball|p2b: Typhlosion\n|-supereffective|p2b: Typhlosion|1\n|-damage|p2b: Typhlosion|0 fnt\n|faint|p2b: Typhlosion\n|\n|-weather|RainDance|[upkeep]\n|-heal|p1a: Audino|97/100|[from] move: Wish|[wisher] Audino\n|-heal|p1b: Pelipper|65/100 brn|[from] item: Leftovers\n|-damage|p1b: Pelipper|59/100 brn|[from] brn\n|upkeep\n|\n|t:|1776277667\n|switch|p2b: Torkoal|Torkoal, L50, F|100/100\n|-weather|SunnyDay|[from] ability: Drought|[of] p2b: Torkoal\n|turn|5\n|\n|t:|1776277691\n|move|p2b: Torkoal|Heat Wave|p1a: Audino|[spread] p1b\n|-miss|p2b: Torkoal|p1a: Audino\n|-resisted|p1b: Pelipper|1\n|-damage|p1b: Pelipper|37/100 brn\n|move|p1a: Audino|Wish|p1a: Audino\n|move|p1b: Pelipper|Hurricane|p2b: Torkoal|[miss]\n|-miss|p1b: Pelipper|p2b: Torkoal\n|move|p2a: Gyarados|Waterfall|p1a: Audino\n|-damage|p1a: Audino|80/100\n|\n|-weather|SunnyDay|[upkeep]\n|-heal|p1b: Pelipper|43/100 brn|[from] item: Leftovers\n|-damage|p1b: Pelipper|37/100 brn|[from] brn\n|upkeep\n|turn|6\n|\n|t:|1776277714\n|move|p2b: Torkoal|Helping Hand|p2a: Gyarados\n|-singleturn|p2a: Gyarados|Helping Hand|[of] p2b: Torkoal\n|move|p1a: Audino|Encore|p2a: Gyarados\n|-start|p2a: Gyarados|Encore\n|move|p1b: Pelipper|Tailwind|p1b: Pelipper\n|-sidestart|p1: lfdgm|move: Tailwind\n|move|p2a: Gyarados|Waterfall|p1a: Audino\n|-damage|p1a: Audino|55/100\n|\n|-weather|SunnyDay|[upkeep]\n|-heal|p1a: Audino|100/100|[from] move: Wish|[wisher] Audino\n|-heal|p1b: Pelipper|43/100 brn|[from] item: Leftovers\n|-damage|p1b: Pelipper|37/100 brn|[from] brn\n|-fieldend|move: Trick Room\n|upkeep\n|turn|7\n|inactive|nikumaycry has 30 seconds left.\n|inactive|nikumaycry has 20 seconds left.\n|inactive|nikumaycry has 15 seconds left.\n|\n|t:|1776277757\n|switch|p1b: Aegislash|Aegislash, L50, M|100/100\n|move|p2a: Gyarados|Waterfall|p1b: Aegislash\n|-damage|p1b: Aegislash|83/100\n|move|p1a: Audino|Encore|p2b: Torkoal\n|-start|p2b: Torkoal|Encore\n|-enditem|p2b: Torkoal|Mental Herb\n|-end|p2b: Torkoal|Encore\n|move|p2b: Torkoal|Heat Wave|p1b: Aegislash|[spread] p1a,p1b\n|-supereffective|p1b: Aegislash|1\n|-damage|p1a: Audino|69/100\n|-damage|p1b: Aegislash|20/100\n|\n|-weather|SunnyDay|[upkeep]\n|upkeep\n|turn|8\n|inactive|lfdgm has 30 seconds left.\n|\n|t:|1776277788\n|move|p2a: Gyarados|Waterfall|p1a: Audino\n|-damage|p1a: Audino|52/100\n|-formechange|p1b: Aegislash|Aegislash-Blade|\n|move|p1b: Aegislash|Psycho Cut|p2a: Gyarados\n|-damage|p2a: Gyarados|36/100\n|move|p1a: Audino|Wish|p1a: Audino\n|move|p2b: Torkoal|Heat Wave|p1b: Aegislash|[spread] p1a,p1b\n|-supereffective|p1b: Aegislash|1\n|-damage|p1a: Audino|23/100\n|-damage|p1b: Aegislash|0 fnt\n|faint|p1b: Aegislash\n|\n|-weather|SunnyDay|[upkeep]\n|-end|p2a: Gyarados|Encore\n|upkeep\n|\n|t:|1776277796\n|switch|p1b: Pelipper|Pelipper, L50, F|37/100 brn\n|-weather|RainDance|[from] ability: Drizzle|[of] p1b: Pelipper\n|turn|9\n|\n|t:|1776277806\n|move|p1a: Audino|Ally Switch|p1a: Audino\n|swap|p1a: Audino|1|[from] move: Ally Switch\n|move|p1a: Pelipper|Weather Ball|p2b: Torkoal\n|-supereffective|p2b: Torkoal|1\n|-damage|p2b: Torkoal|0 fnt\n|faint|p2b: Torkoal\n|move|p2a: Gyarados|Waterfall|p1b: Audino\n|-damage|p1b: Audino|0 fnt\n|faint|p1b: Audino\n|\n|-weather|RainDance|[upkeep]\n|-heal|p1a: Pelipper|99/100 brn|[from] move: Wish|[wisher] Audino\n|-heal|p1a: Pelipper|100/100 brn|[from] item: Leftovers\n|-damage|p1a: Pelipper|95/100 brn|[from] brn\n|-sideend|p1: lfdgm|move: Tailwind\n|upkeep\n|\n|t:|1776277813\n|switch|p1b: Drampa|Drampa-Mega, L50, M|42/100\n|turn|10\n|\n|t:|1776277822\n|move|p2a: Gyarados|Waterfall|p1b: Drampa\n|-resisted|p1b: Drampa|1\n|-crit|p1b: Drampa\n|-damage|p1b: Drampa|0 fnt\n|faint|p1b: Drampa\n|move|p1a: Pelipper|Hurricane|p2a: Gyarados\n|-damage|p2a: Gyarados|0 fnt\n|faint|p2a: Gyarados\n|\n|win|lfdgm\n|raw|lfdgm's rating: 1100 &rarr; <strong>1118</strong><br />(+18 for winning)\n|raw|nikumaycry's rating: 1000 &rarr; <strong>1000</strong><br />(+0 for losing)\n",
  "uploadtime": 1776277828,
  "views": 15,
  "formatid": "gen9championsvgc2026regma",
  "rating": 1000,
  "private": 0,
  "password": null
}