{
  "id": "gen9championsvgc2026regma-2588685789",
  "format": "[Gen 9 Champions] VGC 2026 Reg M-A",
  "players": [
    "Jah_08",
    "Golem rockz"
  ],
  "log": "|j|\u2606Jah_08\n|j|\u2606Golem rockz\n|t:|1776657616\n|gametype|doubles\n|player|p1|Jah_08|alder|1379\n|player|p2|Golem rockz|skier|1379\n|gen|9\n|tier|[Gen 9 Champions] VGC 2026 Reg M-A\n|rated|\n|rule|Species Clause: Limit one of each Pok\u00e9mon\n|rule|Item Clause: Limit 1 of each item\n|clearpoke\n|poke|p1|Excadrill, L50, M|\n|poke|p1|Whimsicott, L50, M, shiny|\n|poke|p1|Chandelure, L50, F|\n|poke|p1|Zoroark-Hisui, L50, M|\n|poke|p1|Basculegion, L50, M|\n|poke|p1|Hydreigon, L50, M|\n|poke|p2|Basculegion, L50, M|\n|poke|p2|Pelipper, L50, M|\n|poke|p2|Archaludon, L50, M|\n|poke|p2|Sinistcha, L50|\n|poke|p2|Incineroar, L50, M|\n|poke|p2|Crabominable, L50, M|\n|teampreview|4\nJah_08 rejected open team sheets.\n|inactive|Battle timer is ON: inactive players will automatically lose when time's up. (requested by Jah_08)\n|\n|t:|1776657687\n|teamsize|p1|4\n|teamsize|p2|4\n|start\n|switch|p1a: Excadrill|Excadrill, L50, M|100/100\n|switch|p1b: Basculegion|Basculegion, L50, M|100/100\n|switch|p2a: Incineroar|Incineroar, L50, M|100/100\n|switch|p2b: Sinistcha|Sinistcha, L50|100/100\n|-ability|p1a: Excadrill|Mold Breaker\n|-ability|p2a: Incineroar|Intimidate|boost\n|-unboost|p1a: Excadrill|atk|1\n|-unboost|p1b: Basculegion|atk|1\n|turn|1\n|inactive|Jah_08 has 30 seconds left.\n|\n|t:|1776657713\n|move|p1b: Basculegion|Shadow Ball|p2b: Sinistcha\n|-supereffective|p2b: Sinistcha|1\n|-damage|p2b: Sinistcha|14/100\n|-unboost|p2b: Sinistcha|spd|1\n|-enditem|p2b: Sinistcha|Sitrus Berry|[eat]\n|-heal|p2b: Sinistcha|39/100|[from] item: Sitrus Berry\n|move|p1a: Excadrill|Iron Head|p2b: Sinistcha\n|-damage|p2b: Sinistcha|15/100\n|move|p2a: Incineroar|Parting Shot|p1b: Basculegion\n|-unboost|p1b: Basculegion|atk|1\n|-unboost|p1b: Basculegion|spa|1\n|\n|t:|1776657725\n|switch|p2a: Crabominable|Crabominable, L50, M|100/100|[from] Parting Shot\n|cant|p2b: Sinistcha|flinch\n|\n|upkeep\n|turn|2\n|\n|t:|1776657745\n|detailschange|p2a: Crabominable|Crabominable-Mega, L50, M\n|-mega|p2a: Crabominable|Crabominable|Crabominite\n|move|p2b: Sinistcha|Rage Powder|p2b: Sinistcha\n|-singleturn|p2b: Sinistcha|move: Rage Powder\n|move|p2a: Crabominable|Mach Punch|p1a: Excadrill\n|-supereffective|p1a: Excadrill|1\n|-damage|p1a: Excadrill|13/100\n|move|p1b: Basculegion|Shadow Ball|p2b: Sinistcha\n|-supereffective|p2b: Sinistcha|1\n|-damage|p2b: Sinistcha|0 fnt\n|faint|p2b: Sinistcha\n|move|p1a: Excadrill|Iron Head|p2a: Crabominable\n|-supereffective|p2a: Crabominable|1\n|-damage|p2a: Crabominable|58/100\n|\n|upkeep\n|\n|t:|1776657755\n|switch|p2b: Incineroar|Incineroar, L50, M|100/100\n|-ability|p2b: Incineroar|Intimidate|boost\n|-unboost|p1a: Excadrill|atk|1\n|-unboost|p1b: Basculegion|atk|1\n|turn|3\n|\n|t:|1776657770\n|move|p1a: Excadrill|Protect|p1a: Excadrill\n|-singleturn|p1a: Excadrill|Protect\n|move|p2a: Crabominable|Mach Punch|p1a: Excadrill\n|-activate|p1a: Excadrill|move: Protect\n|move|p1b: Basculegion|Shadow Ball|p2a: Crabominable\n|-damage|p2a: Crabominable|36/100\n|move|p2b: Incineroar|Throat Chop|p1b: Basculegion\n|-supereffective|p1b: Basculegion|1\n|-damage|p1b: Basculegion|0 fnt\n|replace|p1b: Zoroark|Zoroark-Hisui, L50, M\n|-end|p1b: Zoroark|Illusion\n|faint|p1b: Zoroark\n|\n|upkeep\n|\n|t:|1776657788\n|switch|p1b: Hydreigon|Hydreigon, L50, M|100/100\n|turn|4\n|inactive|Jah_08 has 30 seconds left.\n|inactive|Jah_08 has 20 seconds left.\n|inactive|Golem rockz has 30 seconds left.\n|inactive|Jah_08 has 15 seconds left.\n|\n|t:|1776657833\n|move|p2a: Crabominable|Mach Punch|p1b: Hydreigon\n|-supereffective|p1b: Hydreigon|1\n|-enditem|p1b: Hydreigon|Chople Berry|[eat]\n|-enditem|p1b: Hydreigon|Chople Berry|[weaken]\n|-damage|p1b: Hydreigon|65/100\n|move|p1b: Hydreigon|Draco Meteor|p2a: Crabominable\n|-damage|p2a: Crabominable|0 fnt\n|-unboost|p1b: Hydreigon|spa|2\n|faint|p2a: Crabominable\n|move|p1a: Excadrill|Iron Head|p2b: Incineroar\n|-resisted|p2b: Incineroar|1\n|-damage|p2b: Incineroar|90/100\n|move|p2b: Incineroar|Throat Chop|p1a: Excadrill\n|-damage|p1a: Excadrill|0 fnt\n|faint|p1a: Excadrill\n|\n|upkeep\n|\n|t:|1776657851\n|switch|p1a: Basculegion|Basculegion, L50, M|100/100\n|switch|p2a: Basculegion|Basculegion, L50, M|100/100\n|turn|5\n|\n|t:|1776657874\n|move|p1a: Basculegion|Last Respects|p2a: Basculegion\n|-supereffective|p2a: Basculegion|1\n|-damage|p2a: Basculegion|0 fnt\n|faint|p2a: Basculegion\n|move|p1b: Hydreigon|Earth Power|p2b: Incineroar\n|-supereffective|p2b: Incineroar|1\n|-damage|p2b: Incineroar|64/100\n|move|p2b: Incineroar|Throat Chop|p1a: Basculegion\n|-supereffective|p1a: Basculegion|1\n|-damage|p1a: Basculegion|23/100\n|-start|p1a: Basculegion|Throat Chop|[silent]\n|\n|upkeep\n|turn|6\n|-message|Golem rockz forfeited.\n|\n|win|Jah_08\n|raw|Jah_08's rating: 1379 &rarr; <strong>1399</strong><br />(+20 for winning)\n|raw|Golem rockz's rating: 1379 &rarr; <strong>1359</strong><br />(-20 for losing)\n|l|\u2606Golem rockz\n|player|p2|\n",
  "uploadtime": 1776657890,
  "views": 9,
  "formatid": "gen9championsvgc2026regma",
  "rating": 1359,
  "private": 0,
  "password": null
}