{
  "id": "gen9championsvgc2026regma-2586448101",
  "format": "[Gen 9 Champions] VGC 2026 Reg M-A",
  "players": [
    "zbeach",
    "campeondelfitness"
  ],
  "log": "|j|\u2606zbeach\n|j|\u2606campeondelfitness\n|t:|1776435377\n|gametype|doubles\n|player|p1|zbeach|170|1181\n|player|p2|campeondelfitness|swimmer|1213\n|gen|9\n|tier|[Gen 9 Champions] VGC 2026 Reg M-A\n|rated|\n|rule|Species Clause: Limit one of each Pok\u00e9mon\n|rule|Item Clause: Limit 1 of each item\n|clearpoke\n|poke|p1|Floette-Eternal, L50, F|\n|poke|p1|Maushold, L50|\n|poke|p1|Empoleon, L50, M|\n|poke|p1|Basculegion, L50, M|\n|poke|p1|Skarmory, L50, F|\n|poke|p1|Incineroar, L50, F|\n|poke|p2|Tyranitar, L50, M|\n|poke|p2|Garchomp, L50, M|\n|poke|p2|Heliolisk, L50, M|\n|poke|p2|Rotom-Heat, L50|\n|poke|p2|Orthworm, L50, F|\n|poke|p2|Aerodactyl, L50, F|\n|teampreview|4\n|inactive|Battle timer is ON: inactive players will automatically lose when time's up. (requested by campeondelfitness)\n|\n|t:|1776435402\n|teamsize|p1|4\n|teamsize|p2|4\n|start\n|switch|p1a: Floette|Floette-Eternal, L50, F|100/100\n|switch|p1b: Maushold|Maushold, L50|100/100\n|switch|p2a: Rotom|Rotom-Heat, L50|100/100\n|switch|p2b: Aerodactyl|Aerodactyl, L50, F|100/100\n|-ability|p2b: Aerodactyl|Unnerve\n|turn|1\n|\n|t:|1776435415\n|move|p1b: Maushold|Follow Me|p1b: Maushold\n|-singleturn|p1b: Maushold|move: Follow Me\n|move|p2b: Aerodactyl|Tailwind|p2b: Aerodactyl\n|-sidestart|p2: campeondelfitness|move: Tailwind\n|move|p2a: Rotom|Will-O-Wisp|p1b: Maushold\n|-status|p1b: Maushold|brn\n|move|p1a: Floette|Calm Mind|p1a: Floette\n|-boost|p1a: Floette|spa|1\n|-boost|p1a: Floette|spd|1\n|\n|-damage|p1b: Maushold|94/100 brn|[from] brn\n|upkeep\n|turn|2\n|inactive|zbeach has 30 seconds left.\n|\n|t:|1776435445\n|detailschange|p1a: Floette|Floette-Mega, L50, F\n|-mega|p1a: Floette|Floette|Floettite\n|-ability|p1a: Floette|Fairy Aura\n|move|p2b: Aerodactyl|Wide Guard|p2b: Aerodactyl\n|-singleturn|p2b: Aerodactyl|Wide Guard\n|move|p2a: Rotom|Volt Switch|p1b: Maushold\n|-damage|p1b: Maushold|69/100 brn\n|\n|t:|1776435453\n|switch|p2a: Tyranitar|Tyranitar, L50, M|100/100|[from] Volt Switch\n|-weather|Sandstorm|[from] ability: Sand Stream|[of] p2a: Tyranitar\n|move|p1b: Maushold|Encore||[still]\n|-fail|p1b: Maushold\n|move|p1a: Floette|Dazzling Gleam|p2a: Tyranitar|[spread] \n|-activate|p2a: Tyranitar|move: Wide Guard\n|-activate|p2b: Aerodactyl|move: Wide Guard\n|\n|-weather|Sandstorm|[upkeep]\n|-damage|p1b: Maushold|63/100 brn|[from] Sandstorm\n|-damage|p1a: Floette|94/100|[from] Sandstorm\n|-damage|p1b: Maushold|57/100 brn|[from] brn\n|upkeep\n|turn|3\n|\n|t:|1776435473\n|move|p2b: Aerodactyl|Wide Guard|p2b: Aerodactyl\n|-singleturn|p2b: Aerodactyl|Wide Guard\n|move|p1b: Maushold|Follow Me|p1b: Maushold\n|-singleturn|p1b: Maushold|move: Follow Me\n|move|p2a: Tyranitar|Knock Off|p1b: Maushold\n|-damage|p1b: Maushold|17/100 brn\n|-enditem|p1b: Maushold|Focus Sash|[from] move: Knock Off|[of] p2a: Tyranitar\n|move|p1a: Floette|Moonblast|p2a: Tyranitar\n|-supereffective|p2a: Tyranitar|1\n|-enditem|p2a: Tyranitar|Focus Sash\n|-damage|p2a: Tyranitar|1/100\n|\n|-weather|Sandstorm|[upkeep]\n|-damage|p1b: Maushold|10/100 brn|[from] Sandstorm\n|-damage|p1a: Floette|88/100|[from] Sandstorm\n|-damage|p1b: Maushold|4/100 brn|[from] brn\n|upkeep\n|turn|4\n|inactive|campeondelfitness has 30 seconds left.\n|\n|t:|1776435500\n|switch|p2b: Rotom|Rotom-Heat, L50|100/100\n|move|p2a: Tyranitar|Protect|p2a: Tyranitar\n|-singleturn|p2a: Tyranitar|Protect\n|move|p1a: Floette|Protect|p1a: Floette\n|-singleturn|p1a: Floette|Protect\n|move|p1b: Maushold|Super Fang|p2b: Rotom\n|-damage|p2b: Rotom|51/100\n|\n|-weather|Sandstorm|[upkeep]\n|-damage|p2b: Rotom|45/100|[from] Sandstorm\n|-damage|p1b: Maushold|0 fnt|[from] Sandstorm\n|-damage|p1a: Floette|82/100|[from] Sandstorm\n|faint|p1b: Maushold\n|-sideend|p2: campeondelfitness|move: Tailwind\n|upkeep\n|\n|t:|1776435512\n|switch|p1b: Incineroar|Incineroar, L50, F|100/100\n|-ability|p1b: Incineroar|Intimidate|boost\n|-unboost|p2a: Tyranitar|atk|1\n|-unboost|p2b: Rotom|atk|1\n|turn|5\n|inactive|campeondelfitness has 30 seconds left.\n|\n|t:|1776435538\n|move|p1b: Incineroar|Fake Out|p2b: Rotom\n|-damage|p2b: Rotom|34/100\n|cant|p2b: Rotom|flinch\n|move|p1a: Floette|Dazzling Gleam|p2b: Rotom|[spread] p2a,p2b\n|-supereffective|p2a: Tyranitar|1\n|-resisted|p2b: Rotom|1\n|-damage|p2a: Tyranitar|0 fnt\n|-damage|p2b: Rotom|0 fnt\n|faint|p2a: Tyranitar\n|faint|p2b: Rotom\n|\n|-weather|Sandstorm|[upkeep]\n|-damage|p1a: Floette|76/100|[from] Sandstorm\n|-damage|p1b: Incineroar|95/100|[from] Sandstorm\n|upkeep\n|\n|t:|1776435549\n|switch|p2b: Garchomp|Garchomp, L50, M|100/100\n|switch|p2a: Aerodactyl|Aerodactyl, L50, F|100/100\n|-ability|p2a: Aerodactyl|Unnerve\n|turn|6\n|\n|t:|1776435563\n|detailschange|p2b: Garchomp|Garchomp-Mega, L50, M\n|-mega|p2b: Garchomp|Garchomp|Garchompite\n|move|p2a: Aerodactyl|Tailwind|p2a: Aerodactyl\n|-sidestart|p2: campeondelfitness|move: Tailwind\n|move|p2b: Garchomp|Earthquake|p1b: Incineroar|[spread] p1a,p1b\n|-immune|p2a: Aerodactyl\n|-supereffective|p1b: Incineroar|1\n|-damage|p1a: Floette|2/100\n|-damage|p1b: Incineroar|4/100\n|move|p1a: Floette|Moonblast|p2b: Garchomp\n|-supereffective|p2b: Garchomp|1\n|-damage|p2b: Garchomp|0 fnt\n|faint|p2b: Garchomp\n|move|p1b: Incineroar|Parting Shot|p2a: Aerodactyl\n|-unboost|p2a: Aerodactyl|atk|1\n|-unboost|p2a: Aerodactyl|spa|1\n|\n|t:|1776435568\n|switch|p1b: Basculegion|Basculegion, L50, M, shiny|100/100|[from] Parting Shot\n|\n|-weather|none\n|upkeep\n|turn|7\n|\n|t:|1776435584\n|move|p2a: Aerodactyl|Rock Slide|p1a: Floette|[spread] p1a,p1b\n|-damage|p1a: Floette|0 fnt\n|-damage|p1b: Basculegion|81/100\n|faint|p1a: Floette\n|move|p1b: Basculegion|Wave Crash|p2a: Aerodactyl\n|-supereffective|p2a: Aerodactyl|1\n|-damage|p2a: Aerodactyl|0 fnt\n|faint|p2a: Aerodactyl\n|-damage|p1b: Basculegion|55/100|[from] Recoil\n|\n|win|zbeach\n|raw|zbeach's rating: 1181 &rarr; <strong>1208</strong><br />(+27 for winning)\n|raw|campeondelfitness's rating: 1213 &rarr; <strong>1186</strong><br />(-27 for losing)\n|l|\u2606zbeach\n|player|p1|\n",
  "uploadtime": 1776435592,
  "views": 53,
  "formatid": "gen9championsvgc2026regma",
  "rating": 1186,
  "private": 0,
  "password": null
}