{
  "id": "gen9championsvgc2026regma-2581162583",
  "format": "[Gen 9 Champions] VGC 2026 Reg M-A",
  "players": [
    "25th_mang",
    "kingler86"
  ],
  "log": "|j|\u260625th_mang\n|j|\u2606kingler86\n|t:|1775965955\n|gametype|doubles\n|player|p1|25th_mang|ballguy|1164\n|player|p2|kingler86|2|1153\n|gen|9\n|tier|[Gen 9 Champions] VGC 2026 Reg M-A\n|rated|\n|rule|Species Clause: Limit one of each Pok\u00e9mon\n|rule|Item Clause: Limit 1 of each item\n|clearpoke\n|poke|p1|Crabominable, L50, M|\n|poke|p1|Farigiraf, L50, M|\n|poke|p1|Incineroar, L50, M|\n|poke|p1|Archaludon, L50, F|\n|poke|p1|Pelipper, L50, F|\n|poke|p1|Sinistcha, L50|\n|poke|p2|Charizard, L50, F|\n|poke|p2|Whimsicott, L50, F|\n|poke|p2|Garchomp, L50, F|\n|poke|p2|Farigiraf, L50, F|\n|poke|p2|Sneasler, L50, F|\n|poke|p2|Incineroar, L50, F|\n|teampreview|4\n|inactive|Battle timer is ON: inactive players will automatically lose when time's up. (requested by 25th_mang)\n|\n|t:|1775965978\n|teamsize|p1|4\n|teamsize|p2|4\n|start\n|switch|p1a: Flip|Farigiraf, L50, M|100/100\n|switch|p1b: Roar|Incineroar, L50, M|100/100\n|switch|p2a: Charizard|Charizard, L50, F, shiny|100/100\n|switch|p2b: Whimsicott|Whimsicott, L50, F, shiny|100/100\n|-ability|p1b: Roar|Intimidate|boost\n|-unboost|p2a: Charizard|atk|1\n|-unboost|p2b: Whimsicott|atk|1\n|turn|1\n|\n|t:|1775965997\n|switch|p2a: Incineroar|Incineroar, L50, F, shiny|100/100\n|-ability|p2a: Incineroar|Intimidate|boost\n|-unboost|p1a: Flip|atk|1\n|-unboost|p1b: Roar|atk|1\n|move|p1b: Roar|Fake Out|p2a: Incineroar\n|-damage|p2a: Incineroar|92/100\n|move|p2b: Whimsicott|Moonblast|p1a: Flip\n|-damage|p1a: Flip|77/100\n|-unboost|p1a: Flip|spa|1\n|move|p1a: Flip|Trick Room|p1a: Flip\n|-fieldstart|move: Trick Room|[of] p1a: Flip\n|\n|upkeep\n|turn|2\n|inactive|kingler86 has 30 seconds left.\n|\n|t:|1775966027\n|move|p1a: Flip|Hyper Voice|p2b: Whimsicott|[spread] p2a,p2b\n|-damage|p2a: Incineroar|80/100\n|-damage|p2b: Whimsicott|78/100\n|move|p1b: Roar|Flare Blitz|p2b: Whimsicott\n|-supereffective|p2b: Whimsicott|1\n|-damage|p2b: Whimsicott|0 fnt\n|faint|p2b: Whimsicott\n|-damage|p1b: Roar|78/100|[from] Recoil\n|move|p2a: Incineroar|Parting Shot|p1b: Roar\n|-unboost|p1b: Roar|atk|1\n|-unboost|p1b: Roar|spa|1\n|\n|t:|1775966037\n|switch|p2a: Garchomp|Garchomp, L50, F, shiny|100/100|[from] Parting Shot\n|\n|upkeep\n|\n|t:|1775966041\n|switch|p2b: Charizard|Charizard, L50, F, shiny|100/100\n|turn|3\n|inactive|25th_mang has 30 seconds left.\n|inactive|25th_mang has 20 seconds left.\n|inactive|25th_mang has 15 seconds left.\n|\n|t:|1775966083\n|detailschange|p2b: Charizard|Charizard-Mega-Y, L50, F, shiny\n|-mega|p2b: Charizard|Charizard|Charizardite Y\n|-weather|SunnyDay|[from] ability: Drought|[of] p2b: Charizard\n|move|p1a: Flip|Hyper Voice|p2b: Charizard|[spread] p2a,p2b\n|-damage|p2a: Garchomp|82/100\n|-damage|p2b: Charizard|84/100\n|move|p1b: Roar|Darkest Lariat|p2b: Charizard\n|-damage|p2b: Charizard|56/100\n|move|p2b: Charizard|Heat Wave|p1b: Roar|[spread] p1a,p1b\n|-resisted|p1b: Roar|1\n|-damage|p1a: Flip|12/100\n|-damage|p1b: Roar|45/100\n|-status|p1a: Flip|brn\n|move|p2a: Garchomp|Earthquake|p1a: Flip|[spread] p1a,p1b\n|-immune|p2b: Charizard\n|-supereffective|p1b: Roar|1\n|-damage|p1a: Flip|0 fnt\n|-damage|p1b: Roar|0 fnt\n|faint|p1a: Flip\n|faint|p1b: Roar\n|\n|-weather|SunnyDay|[upkeep]\n|upkeep\n|\n|t:|1775966093\n|switch|p1a: Stup!b|Pelipper, L50, F|100/100\n|switch|p1b: Hockey Reference|Crabominable, L50, M|100/100\n|-weather|RainDance|[from] ability: Drizzle|[of] p1a: Stup!b\n|turn|4\n|\n|t:|1775966121\n|switch|p2a: Incineroar|Incineroar, L50, F, shiny|80/100\n|-ability|p2a: Incineroar|Intimidate|boost\n|-unboost|p1a: Stup!b|atk|1\n|-fail|p1b: Hockey Reference|unboost|Attack|[from] ability: Hyper Cutter|[of] p1b: Hockey Reference\n|move|p2b: Charizard|Protect|p2b: Charizard\n|-singleturn|p2b: Charizard|Protect\n|move|p1b: Hockey Reference|Drain Punch|p2a: Incineroar\n|-supereffective|p2a: Incineroar|1\n|-damage|p2a: Incineroar|6/100\n|-enditem|p2a: Incineroar|Sitrus Berry|[eat]\n|-heal|p2a: Incineroar|31/100|[from] item: Sitrus Berry\n|move|p1a: Stup!b|Weather Ball|p2b: Charizard\n|-activate|p2b: Charizard|move: Protect\n|\n|-weather|RainDance|[upkeep]\n|upkeep\n|turn|5\n|inactive|25th_mang has 30 seconds left.\n|inactive|25th_mang has 20 seconds left.\n|\n|t:|1775966159\n|switch|p2b: Garchomp|Garchomp, L50, F, shiny|82/100\n|detailschange|p1b: Hockey Reference|Crabominable-Mega, L50, M\n|-mega|p1b: Hockey Reference|Crabominable|Crabominite\n|move|p2a: Incineroar|Fake Out|p1a: Stup!b\n|-damage|p1a: Stup!b|89/100\n|move|p1b: Hockey Reference|Ice Hammer|p2b: Garchomp\n|-supereffective|p2b: Garchomp|2\n|-damage|p2b: Garchomp|0 fnt\n|-unboost|p1b: Hockey Reference|spe|1\n|-damage|p1b: Hockey Reference|88/100|[from] ability: Rough Skin|[of] p2b: Garchomp\n|faint|p2b: Garchomp\n|cant|p1a: Stup!b|flinch\n|\n|-weather|RainDance|[upkeep]\n|-fieldend|move: Trick Room\n|upkeep\n|\n|t:|1775966173\n|switch|p2b: Charizard|Charizard-Mega-Y, L50, F, shiny|56/100\n|-weather|SunnyDay|[from] ability: Drought|[of] p2b: Charizard\n|turn|6\n|\n|t:|1775966189\n|move|p1b: Hockey Reference|Protect|p1b: Hockey Reference\n|-singleturn|p1b: Hockey Reference|Protect\n|move|p2b: Charizard|Heat Wave|p1a: Stup!b|[spread] p1a\n|-activate|p1b: Hockey Reference|move: Protect\n|-resisted|p1a: Stup!b|1\n|-damage|p1a: Stup!b|40/100\n|move|p1a: Stup!b|Hurricane|p2a: Incineroar\n|-damage|p2a: Incineroar|0 fnt\n|faint|p2a: Incineroar\n|\n|-weather|SunnyDay|[upkeep]\n|upkeep\n|turn|7\n|\n|t:|1775966201\n|move|p1a: Stup!b|Wide Guard|p1a: Stup!b\n|-singleturn|p1a: Stup!b|Wide Guard\n|move|p2b: Charizard|Heat Wave|p1b: Hockey Reference|[spread] \n|-activate|p1a: Stup!b|move: Wide Guard\n|-activate|p1b: Hockey Reference|move: Wide Guard\n|move|p1b: Hockey Reference|Ice Hammer|p2b: Charizard\n|-damage|p2b: Charizard|0 fnt\n|-unboost|p1b: Hockey Reference|spe|1\n|faint|p2b: Charizard\n|\n|win|25th_mang\n|raw|25th_mang's rating: 1164 &rarr; <strong>1188</strong><br />(+24 for winning)\n|raw|kingler86's rating: 1153 &rarr; <strong>1129</strong><br />(-24 for losing)\n",
  "uploadtime": 1775966212,
  "views": 19,
  "formatid": "gen9championsvgc2026regma",
  "rating": 1129,
  "private": 0,
  "password": null
}