{
  "id": "gen9championsvgc2026regma-2588855523",
  "format": "[Gen 9 Champions] VGC 2026 Reg M-A",
  "players": [
    "mrwhquestion",
    "RyflawlessYT"
  ],
  "log": "|j|\u2606mrwhquestion\n|j|\u2606RyflawlessYT\n|t:|1776679003\n|gametype|doubles\n|player|p1|mrwhquestion|leaf-masters2|1142\n|player|p2|RyflawlessYT|265|1185\n|gen|9\n|tier|[Gen 9 Champions] VGC 2026 Reg M-A\n|rated|\n|rule|Species Clause: Limit one of each Pok\u00e9mon\n|rule|Item Clause: Limit 1 of each item\n|clearpoke\n|poke|p1|Aerodactyl, L50, F, shiny|\n|poke|p1|Incineroar, L50, M|\n|poke|p1|Floette-Eternal, L50, F|\n|poke|p1|Sinistcha-Masterpiece, L50|\n|poke|p1|Scizor, L50, M|\n|poke|p1|Basculegion, L50, M|\n|poke|p2|Pelipper, L50, F|\n|poke|p2|Archaludon, L50, M|\n|poke|p2|Basculegion, L50, M|\n|poke|p2|Meganium, L50, F|\n|poke|p2|Dragonite, L50, F|\n|poke|p2|Incineroar, L50, F|\n|teampreview|4\n|\n|t:|1776679020\n|teamsize|p1|4\n|teamsize|p2|4\n|start\n|switch|p1a: Titus|Incineroar, L50, M|100/100\n|switch|p1b: Tony Stark|Scizor, L50, M|100/100\n|switch|p2a: Pelipper|Pelipper, L50, F|100/100\n|switch|p2b: Basculegion|Basculegion, L50, M|100/100\n|-weather|RainDance|[from] ability: Drizzle|[of] p2a: Pelipper\n|-ability|p1a: Titus|Intimidate|boost\n|-unboost|p2a: Pelipper|atk|1\n|-unboost|p2b: Basculegion|atk|1\n|turn|1\n|\n|t:|1776679071\n|switch|p1a: Cha-Cha-Cha|Sinistcha-Masterpiece, L50|100/100\n|detailschange|p1b: Tony Stark|Scizor-Mega, L50, M\n|-mega|p1b: Tony Stark|Scizor|Scizorite\n|move|p2a: Pelipper|Protect|p2a: Pelipper\n|-singleturn|p2a: Pelipper|Protect\n|move|p1b: Tony Stark|Bullet Punch|p2a: Pelipper\n|-activate|p2a: Pelipper|move: Protect\n|move|p2b: Basculegion|Wave Crash|p1a: Cha-Cha-Cha\n|-resisted|p1a: Cha-Cha-Cha|1\n|-damage|p1a: Cha-Cha-Cha|68/100\n|-damage|p2b: Basculegion|91/100|[from] Recoil\n|\n|-weather|RainDance|[upkeep]\n|upkeep\n|turn|2\n|inactive|Battle timer is ON: inactive players will automatically lose when time's up. (requested by RyflawlessYT)\n|\n|t:|1776679097\n|move|p2b: Basculegion|Wave Crash|p1b: Tony Stark\n|-damage|p1b: Tony Stark|45/100\n|-damage|p2b: Basculegion|74/100|[from] Recoil\n|move|p2a: Pelipper|Hurricane|p1a: Cha-Cha-Cha\n|-supereffective|p1a: Cha-Cha-Cha|1\n|-damage|p1a: Cha-Cha-Cha|0 fnt\n|faint|p1a: Cha-Cha-Cha\n|move|p1b: Tony Stark|Swords Dance|p1b: Tony Stark\n|-boost|p1b: Tony Stark|atk|2\n|\n|-weather|RainDance|[upkeep]\n|upkeep\n|inactive|mrwhquestion has 30 seconds left.\n|\n|t:|1776679132\n|switch|p1a: Titus|Incineroar, L50, M|100/100\n|-ability|p1a: Titus|Intimidate|boost\n|-unboost|p2a: Pelipper|atk|1\n|-unboost|p2b: Basculegion|atk|1\n|turn|3\n|inactive|mrwhquestion has 30 seconds left.\n|\n|t:|1776679159\n|move|p2a: Pelipper|Protect|p2a: Pelipper\n|-singleturn|p2a: Pelipper|Protect\n|move|p2b: Basculegion|Wave Crash|p1a: Titus\n|-supereffective|p1a: Titus|1\n|-damage|p1a: Titus|0 fnt\n|faint|p1a: Titus\n|-damage|p2b: Basculegion|40/100|[from] Recoil\n|move|p1b: Tony Stark|Swords Dance|p1b: Tony Stark\n|-boost|p1b: Tony Stark|atk|2\n|\n|-weather|RainDance|[upkeep]\n|upkeep\n|\n|t:|1776679172\n|switch|p1a: Houndfish|Basculegion, L50, M|100/100\n|turn|4\n|\n|t:|1776679188\n|switch|p2b: Incineroar|Incineroar, L50, F|100/100\n|-ability|p2b: Incineroar|Intimidate|boost\n|-unboost|p1a: Houndfish|atk|1\n|-unboost|p1b: Tony Stark|atk|1\n|move|p1b: Tony Stark|Bullet Punch|p2a: Pelipper\n|-resisted|p2a: Pelipper|1\n|-damage|p2a: Pelipper|47/100\n|move|p1a: Houndfish|Last Respects|p2b: Incineroar\n|-resisted|p2b: Incineroar|1\n|-damage|p2b: Incineroar|75/100\n|move|p2a: Pelipper|Hurricane|p1b: Tony Stark\n|-damage|p1b: Tony Stark|0 fnt\n|faint|p1b: Tony Stark\n|\n|-weather|RainDance|[upkeep]\n|-heal|p2b: Incineroar|81/100|[from] item: Leftovers\n|upkeep\n|turn|5\n|inactive|RyflawlessYT has 30 seconds left.\n|inactive|RyflawlessYT has 20 seconds left.\n|\n|t:|1776679224\n|switch|p2b: Basculegion|Basculegion, L50, M|40/100\n|move|p1a: Houndfish|Last Respects|p2a: Pelipper\n|-damage|p2a: Pelipper|0 fnt\n|faint|p2a: Pelipper\n|\n|-weather|none\n|upkeep\n|\n|t:|1776679233\n|switch|p2a: Incineroar|Incineroar, L50, F|81/100\n|-ability|p2a: Incineroar|Intimidate|boost\n|-unboost|p1a: Houndfish|atk|1\n|turn|6\n|\n|t:|1776679248\n|move|p1a: Houndfish|Last Respects|p2b: Basculegion\n|-supereffective|p2b: Basculegion|1\n|-damage|p2b: Basculegion|0 fnt\n|faint|p2b: Basculegion\n|move|p2a: Incineroar|Parting Shot|p1a: Houndfish\n|-unboost|p1a: Houndfish|atk|1\n|-unboost|p1a: Houndfish|spa|1\n|\n|t:|1776679255\n|switch|p2a: Archaludon|Archaludon, L50, M|100/100|[from] Parting Shot\n|\n|upkeep\n|\n|t:|1776679259\n|switch|p2b: Incineroar|Incineroar, L50, F|81/100\n|-ability|p2b: Incineroar|Intimidate|boost\n|-unboost|p1a: Houndfish|atk|1\n|turn|7\n|\n|t:|1776679268\n|move|p1a: Houndfish|Last Respects|p2a: Archaludon\n|-damage|p2a: Archaludon|71/100\n|-ability|p2a: Archaludon|Stamina|boost\n|-boost|p2a: Archaludon|def|1\n|move|p2a: Archaludon|Draco Meteor|p1a: Houndfish\n|-damage|p1a: Houndfish|15/100\n|-unboost|p2a: Archaludon|spa|2\n|move|p2b: Incineroar|Darkest Lariat|p1a: Houndfish\n|-supereffective|p1a: Houndfish|1\n|-damage|p1a: Houndfish|0 fnt\n|faint|p1a: Houndfish\n|\n|win|RyflawlessYT\n|raw|mrwhquestion's rating: 1142 &rarr; <strong>1120</strong><br />(-22 for losing)\n|raw|RyflawlessYT's rating: 1185 &rarr; <strong>1207</strong><br />(+22 for winning)\n",
  "uploadtime": 1776679278,
  "views": 10,
  "formatid": "gen9championsvgc2026regma",
  "rating": 1120,
  "private": 0,
  "password": null
}