{
  "id": "gen9championsvgc2026regma-2588515114",
  "format": "[Gen 9 Champions] VGC 2026 Reg M-A",
  "players": [
    "regitron 21",
    "Rykard"
  ],
  "log": "|j|\u2606regitron 21\n|j|\u2606Rykard\n|t:|1776640622\n|gametype|doubles\n|player|p1|regitron 21|n|1165\n|player|p2|Rykard|pokefan|1184\n|gen|9\n|tier|[Gen 9 Champions] VGC 2026 Reg M-A\n|rated|\n|rule|Species Clause: Limit one of each Pok\u00e9mon\n|rule|Item Clause: Limit 1 of each item\n|clearpoke\n|poke|p1|Aegislash, L50, M|\n|poke|p1|Froslass, L50, F|\n|poke|p1|Incineroar, L50, F|\n|poke|p1|Sneasler, L50, F|\n|poke|p1|Rotom-Wash, L50|\n|poke|p1|Volcarona, L50, M|\n|poke|p2|Torkoal, L50, M|\n|poke|p2|Farigiraf, L50, F|\n|poke|p2|Sinistcha, L50|\n|poke|p2|Crabominable, L50, F|\n|poke|p2|Tauros-Paldea-Aqua, L50, M|\n|poke|p2|Kingambit, L50, M|\n|teampreview|4\n|c|\u2606regitron 21|hey good luck man\n|c|\u2606regitron 21|cool team\n|c|\u2606regitron 21|i like crab\nregitron 21 has agreed to open team sheets.\n|inactive|Battle timer is ON: inactive players will automatically lose when time's up. (requested by Rykard)\n|\n|t:|1776640695\n|teamsize|p1|4\n|teamsize|p2|4\n|start\n|switch|p1a: Rotom|Rotom-Wash, L50|100/100\n|switch|p1b: Froslass|Froslass, L50, F|100/100\n|switch|p2a: Farigiraf|Farigiraf, L50, F|100/100\n|switch|p2b: Crabominable|Crabominable, L50, F|100/100\n|turn|1\n|c|\u2606Rykard|Oh. I didn't look at chat\n|c|\u2606Rykard|Sorry\n|c|\u2606Rykard|Glhf\n|c|\u2606regitron 21|tnx bud\n|inactive|Rykard has 30 seconds left.\n|inactive|Rykard has 20 seconds left.\n|\n|t:|1776640730\n|switch|p1b: Aegislash|Aegislash, L50, M|100/100\n|move|p2b: Crabominable|Protect|p2b: Crabominable\n|-singleturn|p2b: Crabominable|Protect\n|move|p1a: Rotom|Trick|p2a: Farigiraf\n|-activate|p1a: Rotom|move: Trick|[of] p2a: Farigiraf\n|-item|p2a: Farigiraf|Choice Scarf|[from] move: Trick\n|-item|p1a: Rotom|Lum Berry|[from] move: Trick\n|move|p2a: Farigiraf|Trick Room|p2a: Farigiraf\n|-fieldstart|move: Trick Room|[of] p2a: Farigiraf\n|\n|upkeep\n|turn|2\n|inactive|Rykard has 30 seconds left.\n|inactive|Rykard has 20 seconds left.\n|\n|t:|1776640766\n|switch|p2a: Kingambit|Kingambit, L50, M|100/100\n|detailschange|p2b: Crabominable|Crabominable-Mega, L50, F\n|-mega|p2b: Crabominable|Crabominable|Crabominite\n|move|p2b: Crabominable|Ice Hammer|p1a: Rotom\n|-resisted|p1a: Rotom|1\n|-damage|p1a: Rotom|49/100\n|-unboost|p2b: Crabominable|spe|1\n|-formechange|p1b: Aegislash|Aegislash-Blade|\n|move|p1b: Aegislash|Poltergeist|p2b: Crabominable\n|-activate|p2b: Crabominable|move: Poltergeist|Crabominite\n|-damage|p2b: Crabominable|38/100\n|move|p1a: Rotom|Will-O-Wisp|p2b: Crabominable\n|-status|p2b: Crabominable|brn\n|\n|-damage|p2b: Crabominable|32/100 brn|[from] brn\n|upkeep\n|turn|3\n|\n|t:|1776640785\n|-formechange|p1b: Aegislash|Aegislash|\n|move|p1b: Aegislash|King's Shield|p1b: Aegislash\n|-singleturn|p1b: Aegislash|Protect\n|move|p2b: Crabominable|Close Combat|p1a: Rotom\n|-damage|p1a: Rotom|0 fnt\n|-unboost|p2b: Crabominable|def|1\n|-unboost|p2b: Crabominable|spd|1\n|faint|p1a: Rotom\n|move|p2a: Kingambit|Kowtow Cleave|p1b: Aegislash\n|-activate|p1b: Aegislash|move: Protect\n|-unboost|p2a: Kingambit|atk|1\n|-ability|p2a: Kingambit|Defiant|boost\n|-boost|p2a: Kingambit|atk|2\n|\n|-damage|p2b: Crabominable|26/100 brn|[from] brn\n|upkeep\n|\n|t:|1776640799\n|switch|p1a: Sneasler|Sneasler, L50, F|100/100\n|turn|4\n|inactive|Rykard has 30 seconds left.\n|\n|t:|1776640834\n|switch|p2b: Farigiraf|Farigiraf, L50, F|100/100\n|move|p2a: Kingambit|Kowtow Cleave|p1b: Aegislash\n|-supereffective|p1b: Aegislash|1\n|-damage|p1b: Aegislash|0 fnt\n|faint|p1b: Aegislash\n|move|p1a: Sneasler|Close Combat|p2a: Kingambit\n|-supereffective|p2a: Kingambit|2\n|-enditem|p2a: Kingambit|Focus Sash\n|-damage|p2a: Kingambit|1/100\n|-unboost|p1a: Sneasler|def|1\n|-unboost|p1a: Sneasler|spd|1\n|-enditem|p1a: Sneasler|White Herb\n|-clearnegativeboost|p1a: Sneasler|[silent]\n|\n|upkeep\n|\n|t:|1776640843\n|switch|p1b: Froslass|Froslass, L50, F|100/100\n|turn|5\n|\n|t:|1776640861\n|detailschange|p1b: Froslass|Froslass-Mega, L50, F\n|-mega|p1b: Froslass|Froslass|Froslassite\n|-weather|Snowscape|[from] ability: Snow Warning|[of] p1b: Froslass\n|move|p1a: Sneasler|Protect|p1a: Sneasler\n|-singleturn|p1a: Sneasler|Protect\n|move|p2a: Kingambit|Iron Head|p1a: Sneasler\n|-activate|p1a: Sneasler|move: Protect\n|move|p2b: Farigiraf|Psychic|p1b: Froslass\n|-damage|p1b: Froslass|58/100\n|move|p1b: Froslass|Aurora Veil|p1b: Froslass\n|-sidestart|p1: regitron 21|move: Aurora Veil\n|\n|-weather|Snowscape|[upkeep]\n|-fieldend|move: Trick Room\n|upkeep\n|turn|6\n|inactive|Rykard has 30 seconds left.\n|\n|t:|1776640894\n|move|p2a: Kingambit|Protect|p2a: Kingambit\n|-singleturn|p2a: Kingambit|Protect\n|move|p1a: Sneasler|Throat Chop|p2b: Farigiraf\n|-supereffective|p2b: Farigiraf|1\n|-damage|p2b: Farigiraf|49/100\n|-start|p2b: Farigiraf|Throat Chop|[silent]\n|move|p1b: Froslass|Blizzard|p2a: Kingambit|[spread] p2b\n|-activate|p2a: Kingambit|move: Protect\n|-damage|p2b: Farigiraf|7/100\n|move|p2b: Farigiraf|Psychic|p1a: Sneasler\n|-supereffective|p1a: Sneasler|2\n|-damage|p1a: Sneasler|0 fnt\n|faint|p1a: Sneasler\n|\n|-weather|Snowscape|[upkeep]\n|upkeep\n|turn|7\n|\n|t:|1776640910\n|move|p2a: Kingambit|Sucker Punch|p1b: Froslass\n|-supereffective|p1b: Froslass|1\n|-damage|p1b: Froslass|0 fnt\n|faint|p1b: Froslass\n|\n|win|Rykard\n|raw|regitron 21's rating: 1165 &rarr; <strong>1141</strong><br />(-24 for losing)\n|raw|Rykard's rating: 1184 &rarr; <strong>1208</strong><br />(+24 for winning)\n|c|\u2606regitron 21|gg bud\n",
  "uploadtime": 1776640912,
  "views": 8,
  "formatid": "gen9championsvgc2026regma",
  "rating": 1141,
  "private": 0,
  "password": null
}