{
  "id": "gen9championsvgc2026regma-2584044907",
  "format": "[Gen 9 Champions] VGC 2026 Reg M-A",
  "players": [
    "pokemonyoyoplayer",
    "testmebro23"
  ],
  "log": "|j|\u2606pokemonyoyoplayer\n|j|\u2606testmebro23\n|t:|1776219690\n|gametype|doubles\n|player|p1|pokemonyoyoplayer|265|1287\n|player|p2|testmebro23|266|1199\n|gen|9\n|tier|[Gen 9 Champions] VGC 2026 Reg M-A\n|rated|\n|rule|Species Clause: Limit one of each Pok\u00e9mon\n|rule|Item Clause: Limit 1 of each item\n|clearpoke\n|poke|p1|Sneasler, L50, F|\n|poke|p1|Kingambit, L50, F|\n|poke|p1|Aerodactyl, L50, F|\n|poke|p1|Gardevoir, L50, F|\n|poke|p1|Incineroar, L50, M|\n|poke|p1|Sinistcha, L50|\n|poke|p2|Sneasler, L50, M|\n|poke|p2|Kingambit, L50, M|\n|poke|p2|Sinistcha, L50|\n|poke|p2|Farigiraf, L50, F|\n|poke|p2|Meganium, L50, F|\n|poke|p2|Pelipper, L50, M|\n|teampreview|4\n|j| franciscocarrizo\n|c| franciscocarrizo|Sneasler is crap, the competitive scene is boring and scary.\n|c| franciscocarrizo|Sneasler is crap, the competitive scene is boring and scary.\n|\n|t:|1776219741\n|teamsize|p1|4\n|teamsize|p2|4\n|start\n|switch|p1a: Sneasler|Sneasler, L50, F|100/100\n|switch|p1b: Gardevoir|Gardevoir, L50, F|100/100\n|switch|p2a: Sinistcha|Sinistcha, L50|100/100\n|switch|p2b: Kingambit|Kingambit, L50, M|100/100\n|-ability|p1b: Gardevoir|Defiant|Trace|[from] ability: Trace|[of] p2b: Kingambit\n|turn|1\n|c| franciscocarrizo|Sneasler is crap, the competitive scene is boring and scary.\n|c| franciscocarrizo|Sneasler is crap, the competitive scene is boring and scary.\n|\n|t:|1776219778\n|detailschange|p1b: Gardevoir|Gardevoir-Mega, L50, F\n|-mega|p1b: Gardevoir|Gardevoir|Gardevoirite\n|move|p2b: Kingambit|Protect|p2b: Kingambit\n|-singleturn|p2b: Kingambit|Protect\n|move|p1a: Sneasler|Close Combat|p2b: Kingambit\n|-activate|p2b: Kingambit|move: Protect\n|move|p1b: Gardevoir|Trick Room|p1b: Gardevoir\n|-fieldstart|move: Trick Room|[of] p1b: Gardevoir\n|move|p2a: Sinistcha|Trick Room|p2a: Sinistcha\n|-fieldend|move: Trick Room\n|\n|upkeep\n|turn|2\n|\n|t:|1776219797\n|move|p2a: Sinistcha|Rage Powder|p2a: Sinistcha\n|-singleturn|p2a: Sinistcha|move: Rage Powder\n|move|p1a: Sneasler|Close Combat|p2a: Sinistcha\n|-immune|p2a: Sinistcha\n|move|p1b: Gardevoir|Hyper Voice|p2a: Sinistcha|[spread] p2a,p2b\n|-damage|p2a: Sinistcha|54/100\n|-damage|p2b: Kingambit|50/100\n|move|p2b: Kingambit|Swords Dance|p2b: Kingambit\n|-boost|p2b: Kingambit|atk|2\n|\n|upkeep\n|turn|3\n|c| franciscocarrizo|Sneasler is crap, the competitive scene is boring and scary.\n|c| franciscocarrizo|Sneasler is crap, the competitive scene is boring and scary.\n|c| franciscocarrizo|Sneasler is crap, the competitive scene is boring and scary.\n|c| franciscocarrizo|Sneasler is crap, the competitive scene is boring and scary.\n|\n|t:|1776219832\n|move|p1b: Gardevoir|Protect|p1b: Gardevoir\n|-singleturn|p1b: Gardevoir|Protect\n|move|p2b: Kingambit|Protect|p2b: Kingambit\n|-singleturn|p2b: Kingambit|Protect\n|move|p1a: Sneasler|Dire Claw|p2a: Sinistcha\n|-damage|p2a: Sinistcha|14/100\n|-enditem|p2a: Sinistcha|Sitrus Berry|[eat]\n|-heal|p2a: Sinistcha|39/100|[from] item: Sitrus Berry\n|move|p2a: Sinistcha|Trick Room|p2a: Sinistcha\n|-fieldstart|move: Trick Room|[of] p2a: Sinistcha\n|\n|upkeep\n|turn|4\n|\n|t:|1776219871\n|switch|p1b: Kingambit|Kingambit, L50, F|100/100\n|move|p2b: Kingambit|Kowtow Cleave|p1b: Kingambit\n|-resisted|p1b: Kingambit|1\n|-damage|p1b: Kingambit|65/100\n|move|p2a: Sinistcha|Matcha Gotcha|p1b: Kingambit|[spread] p1a\n|-miss|p2a: Sinistcha|p1b: Kingambit\n|-resisted|p1a: Sneasler|1\n|-damage|p1a: Sneasler|85/100\n|-heal|p2a: Sinistcha|45/100|[from] drain|[of] p1a: Sneasler\n|move|p1a: Sneasler|Dire Claw|p2a: Sinistcha\n|-damage|p2a: Sinistcha|7/100\n|\n|upkeep\n|turn|5\n|\n|t:|1776219894\n|move|p2b: Kingambit|Low Kick|p1b: Kingambit\n|-supereffective|p1b: Kingambit|2\n|-damage|p1b: Kingambit|0 fnt\n|faint|p1b: Kingambit\n|move|p2a: Sinistcha|Matcha Gotcha|p1a: Sneasler\n|-resisted|p1a: Sneasler|1\n|-damage|p1a: Sneasler|61/100\n|-heal|p2a: Sinistcha|17/100|[from] drain|[of] p1a: Sneasler\n|move|p1a: Sneasler|Close Combat|p2b: Kingambit\n|-supereffective|p2b: Kingambit|2\n|-enditem|p2b: Kingambit|Chople Berry|[eat]\n|-enditem|p2b: Kingambit|Chople Berry|[weaken]\n|-damage|p2b: Kingambit|0 fnt\n|-unboost|p1a: Sneasler|def|1\n|-unboost|p1a: Sneasler|spd|1\n|faint|p2b: Kingambit\n|-enditem|p1a: Sneasler|White Herb\n|-clearnegativeboost|p1a: Sneasler|[silent]\n|\n|upkeep\n|c| franciscocarrizo|Sneasler is crap, the competitive scene is boring and scary.\n|\n|t:|1776219922\n|switch|p2b: Meganium|Meganium, L50, F|100/100\n|switch|p1b: Incineroar|Incineroar, L50, M|100/100\n|-ability|p1b: Incineroar|Intimidate|boost\n|-unboost|p2a: Sinistcha|atk|1\n|-unboost|p2b: Meganium|atk|1\n|turn|6\n|c|\u2606pokemonyoyoplayer|Sneasler is crap, the competitive scene is boring and scary.\n|c|\u2606pokemonyoyoplayer|Sneasler is crap, the competitive scene is boring and scary.\n|\n|t:|1776219969\n|switch|p2a: Pelipper|Pelipper, L50, M|100/100\n|-weather|RainDance|[from] ability: Drizzle|[of] p2a: Pelipper\n|switch|p1a: Gardevoir|Gardevoir-Mega, L50, F|100/100\n|detailschange|p2b: Meganium|Meganium-Mega, L50, F\n|-mega|p2b: Meganium|Meganium|Meganiumite\n|move|p2b: Meganium|Protect|p2b: Meganium\n|-singleturn|p2b: Meganium|Protect\n|move|p1b: Incineroar|Flare Blitz|p2b: Meganium\n|-activate|p2b: Meganium|move: Protect\n|\n|-weather|RainDance|[upkeep]\n|upkeep\n|turn|7\n|c|\u2606pokemonyoyoplayer|Sneasler is crap, the competitive scene is boring and scary.\n|\n|t:|1776220001\n|switch|p1b: Sneasler|Sneasler, L50, F|61/100\n|move|p1a: Gardevoir|Protect|p1a: Gardevoir\n|-singleturn|p1a: Gardevoir|Protect\n|move|p2a: Pelipper|Hurricane|p1a: Gardevoir\n|-activate|p1a: Gardevoir|move: Protect\n|move|p2b: Meganium|Solar Beam||[still]\n|-prepare|p2b: Meganium|Solar Beam\n|-activate|p2b: Meganium|ability: Mega Sol\n|-anim|p2b: Meganium|Solar Beam|p1a: Gardevoir\n|-activate|p1a: Gardevoir|move: Protect\n|\n|-weather|RainDance|[upkeep]\n|-fieldend|move: Trick Room\n|upkeep\n|turn|8\n|\n|t:|1776220028\n|move|p2a: Pelipper|Wide Guard|p2a: Pelipper\n|-singleturn|p2a: Pelipper|Wide Guard\n|move|p1b: Sneasler|Dire Claw|p2a: Pelipper\n|-damage|p2a: Pelipper|60/100\n|move|p1a: Gardevoir|Hyper Voice|p2b: Meganium|[spread] \n|-activate|p2a: Pelipper|move: Wide Guard\n|-activate|p2b: Meganium|move: Wide Guard\n|move|p2b: Meganium|Dazzling Gleam|p1a: Gardevoir|[spread] p1a,p1b\n|-damage|p1a: Gardevoir|70/100\n|-damage|p1b: Sneasler|11/100\n|\n|-weather|RainDance|[upkeep]\n|-heal|p2a: Pelipper|66/100|[from] item: Leftovers\n|upkeep\n|turn|9\n|\n|t:|1776220052\n|move|p2a: Pelipper|Wide Guard|p2a: Pelipper\n|-singleturn|p2a: Pelipper|Wide Guard\n|move|p1b: Sneasler|Dire Claw|p2b: Meganium\n|-supereffective|p2b: Meganium|2\n|-damage|p2b: Meganium|0 fnt\n|faint|p2b: Meganium\n|move|p1a: Gardevoir|Hyper Voice|p2a: Pelipper\n|-activate|p2a: Pelipper|move: Wide Guard\n|\n|-weather|RainDance|[upkeep]\n|-heal|p2a: Pelipper|72/100|[from] item: Leftovers\n|upkeep\n|c| franciscocarrizo|The competitive environment is repetitive and corrupt.\n|\n|t:|1776220062\n|switch|p2b: Sinistcha|Sinistcha, L50|17/100\n|-heal|p2a: Pelipper|97/100|[from] ability: Hospitality|[of] p2b: Sinistcha\n|turn|10\n|c|\u2606pokemonyoyoplayer|Sneasler is crap, the competitive scene is boring and scary.\n|\n|t:|1776220092\n|move|p1b: Sneasler|Dire Claw|p2b: Sinistcha\n|-damage|p2b: Sinistcha|0 fnt\n|faint|p2b: Sinistcha\n|move|p1a: Gardevoir|Hyper Voice|p2a: Pelipper\n|-damage|p2a: Pelipper|12/100\n|move|p2a: Pelipper|Weather Ball|p1a: Gardevoir\n|-damage|p1a: Gardevoir|18/100\n|\n|-weather|none\n|-heal|p2a: Pelipper|18/100|[from] item: Leftovers\n|upkeep\n|turn|11\n|-message|testmebro23 forfeited.\n|\n|win|pokemonyoyoplayer\n|raw|pokemonyoyoplayer's rating: 1287 &rarr; <strong>1306</strong><br />(+19 for winning)\n|raw|testmebro23's rating: 1199 &rarr; <strong>1180</strong><br />(-19 for losing)\n|l|\u2606testmebro23\n|player|p2|\n|c|\u2606pokemonyoyoplayer|Sneasler is crap, the competitive scene is boring and scary.\n",
  "uploadtime": 1776220117,
  "views": 16,
  "formatid": "gen9championsvgc2026regma",
  "rating": 1180,
  "private": 0,
  "password": null
}