{
  "id": "gen9championsvgc2026regma-2581021624",
  "format": "[Gen 9 Champions] VGC 2026 Reg M-A",
  "players": [
    "The_Raven628",
    "TheMomMoistener2xO"
  ],
  "log": "|j|\u2606The_Raven628\n|j|\u2606TheMomMoistener2xO\n|t:|1775952502\n|gametype|doubles\n|player|p1|The_Raven628|169|1065\n|player|p2|TheMomMoistener2xO|265|1000\n|gen|9\n|tier|[Gen 9 Champions] VGC 2026 Reg M-A\n|rated|\n|rule|Species Clause: Limit one of each Pok\u00e9mon\n|rule|Item Clause: Limit 1 of each item\n|clearpoke\n|poke|p1|Golurk, L50|\n|poke|p1|Farigiraf, L50, F|\n|poke|p1|Milotic, L50, M|\n|poke|p1|Torkoal, L50, M|\n|poke|p1|Sneasler, L50, F|\n|poke|p1|Charizard, L50, F|\n|poke|p2|Froslass, L50, F|\n|poke|p2|Aerodactyl, L50, F|\n|poke|p2|Heracross, L50, M|\n|poke|p2|Weavile, L50, F|\n|poke|p2|Primarina, L50, F|\n|poke|p2|Farigiraf, L50, M|\n|teampreview|4\n|inactive|Battle timer is ON: inactive players will automatically lose when time's up. (requested by The_Raven628)\n|\n|t:|1775952531\n|teamsize|p1|4\n|teamsize|p2|4\n|start\n|switch|p1a: Farigiraf|Farigiraf, L50, F|100/100\n|switch|p1b: Golurk|Golurk, L50|100/100\n|switch|p2a: Weavile|Weavile, L50, F|100/100\n|switch|p2b: Primarina|Primarina, L50, F|100/100\n|-ability|p2a: Weavile|Pressure\n|turn|1\n|\n|t:|1775952548\n|move|p1b: Golurk|Protect|p1b: Golurk\n|-singleturn|p1b: Golurk|Protect\n|move|p2a: Weavile|Knock Off|p1a: Farigiraf\n|-supereffective|p1a: Farigiraf|1\n|-enditem|p1a: Farigiraf|Focus Sash\n|-damage|p1a: Farigiraf|1/100\n|move|p2b: Primarina|Hyper Voice|p1b: Golurk|[spread] p1a\n|-activate|p1b: Golurk|move: Protect\n|-damage|p1a: Farigiraf|0 fnt\n|faint|p1a: Farigiraf\n|\n|upkeep\n|\n|t:|1775952560\n|switch|p1a: Torkoal|Torkoal, L50, M|100/100\n|-weather|SunnyDay|[from] ability: Drought|[of] p1a: Torkoal\n|turn|2\n|\n|t:|1775952578\n|detailschange|p1b: Golurk|Golurk-Mega, L50\n|-mega|p1b: Golurk|Golurk|Golurkite\n|move|p2a: Weavile|Knock Off|p1a: Torkoal\n|-damage|p1a: Torkoal|59/100\n|-enditem|p1a: Torkoal|Charcoal|[from] move: Knock Off|[of] p2a: Weavile\n|move|p2b: Primarina|Encore|p1b: Golurk\n|-start|p1b: Golurk|Encore\n|move|p1b: Golurk|Protect|p1b: Golurk\n|-singleturn|p1b: Golurk|Protect\n|move|p1a: Torkoal|Eruption|p2a: Weavile|[spread] p2a,p2b\n|-supereffective|p2a: Weavile|1\n|-crit|p2a: Weavile\n|-resisted|p2b: Primarina|1\n|-damage|p2a: Weavile|0 fnt\n|-damage|p2b: Primarina|82/100\n|faint|p2a: Weavile\n|\n|-weather|SunnyDay|[upkeep]\n|-heal|p2b: Primarina|88/100|[from] item: Leftovers\n|upkeep\n|\n|t:|1775952599\n|switch|p2a: Heracross|Heracross, L50, M|100/100\n|turn|3\n|\n|t:|1775952613\n|switch|p1a: Sneasler|Sneasler, L50, F|100/100\n|move|p1b: Golurk|Protect||[still]\n|-fail|p1b: Golurk\n|move|p2a: Heracross|Rock Blast|p1a: Sneasler\n|-resisted|p1a: Sneasler|1\n|-crit|p1a: Sneasler\n|-damage|p1a: Sneasler|89/100\n|-resisted|p1a: Sneasler|1\n|-damage|p1a: Sneasler|81/100\n|-hitcount|p1a: Sneasler|2\n|move|p2b: Primarina|Hyper Voice|p1b: Golurk|[spread] p1a,p1b\n|-supereffective|p1b: Golurk|1\n|-damage|p1a: Sneasler|56/100\n|-damage|p1b: Golurk|69/100\n|\n|-weather|SunnyDay|[upkeep]\n|-heal|p2b: Primarina|94/100|[from] item: Leftovers\n|upkeep\n|turn|4\n|c|\u2606TheMomMoistener2xO|WHY DIDNT IT MEGA\n|inactive|TheMomMoistener2xO has 30 seconds left.\n|c|\u2606The_Raven628|i dunno\n|inactive|TheMomMoistener2xO has 20 seconds left.\n|\n|t:|1775952652\n|detailschange|p2a: Heracross|Heracross-Mega, L50, M\n|-mega|p2a: Heracross|Heracross|Heracronite\n|move|p2b: Primarina|Protect|p2b: Primarina\n|-singleturn|p2b: Primarina|Protect\n|move|p1b: Golurk|Protect|p1b: Golurk\n|-singleturn|p1b: Golurk|Protect\n|move|p1a: Sneasler|Fake Out|p2b: Primarina\n|-activate|p2b: Primarina|move: Protect\n|move|p2a: Heracross|Close Combat|p1a: Sneasler\n|-resisted|p1a: Sneasler|1\n|-damage|p1a: Sneasler|0 fnt\n|-unboost|p2a: Heracross|def|1\n|-unboost|p2a: Heracross|spd|1\n|faint|p1a: Sneasler\n|\n|-weather|SunnyDay|[upkeep]\n|-heal|p2b: Primarina|100/100|[from] item: Leftovers\n|-end|p1b: Golurk|Encore\n|upkeep\n|\n|t:|1775952667\n|switch|p1a: Torkoal|Torkoal, L50, M|59/100\n|turn|5\n|\n|t:|1775952677\n|move|p2a: Heracross|Close Combat|p1a: Torkoal\n|-damage|p1a: Torkoal|0 fnt\n|-unboost|p2a: Heracross|def|1\n|-unboost|p2a: Heracross|spd|1\n|faint|p1a: Torkoal\n|move|p2b: Primarina|Encore|p1b: Golurk\n|-start|p1b: Golurk|Encore\n|move|p1b: Golurk|Protect||[still]\n|-fail|p1b: Golurk\n|\n|-weather|SunnyDay|[upkeep]\n|upkeep\n|turn|6\n|c|\u2606TheMomMoistener2xO|gg\n|-message|The_Raven628 forfeited.\n|\n|win|TheMomMoistener2xO\n|raw|The_Raven628's rating: 1065 &rarr; <strong>1042</strong><br />(-23 for losing)\n|raw|TheMomMoistener2xO's rating: 1000 &rarr; <strong>1047</strong><br />(+47 for winning)\n|l|\u2606The_Raven628\n|player|p1|\n",
  "uploadtime": 1775952706,
  "views": 16,
  "formatid": "gen9championsvgc2026regma",
  "rating": 1042,
  "private": 0,
  "password": null
}