{
  "id": "gen9championsvgc2026regma-2583143889",
  "format": "[Gen 9 Champions] VGC 2026 Reg M-A",
  "players": [
    "Cosmitx",
    "AkiraVN"
  ],
  "log": "|j|\u2606Cosmitx\n|j|\u2606AkiraVN\n|t:|1776147360\n|gametype|doubles\n|player|p1|Cosmitx|psychic|1050\n|player|p2|AkiraVN|marnie-masters3|1095\n|gen|9\n|tier|[Gen 9 Champions] VGC 2026 Reg M-A\n|rated|\n|rule|Species Clause: Limit one of each Pok\u00e9mon\n|rule|Item Clause: Limit 1 of each item\n|clearpoke\n|poke|p1|Golurk, L50|\n|poke|p1|Klefki, L50, M|\n|poke|p1|Reuniclus, L50, F|\n|poke|p1|Incineroar, L50, F|\n|poke|p1|Abomasnow, L50, F|\n|poke|p1|Farigiraf, L50, F|\n|poke|p2|Gardevoir, L50, F|\n|poke|p2|Meowstic, L50, M|\n|poke|p2|Gallade, L50, M|\n|poke|p2|Sinistcha, L50|\n|poke|p2|Torkoal, L50, F|\n|poke|p2|Rhyperior, L50, F|\n|teampreview|4\n|inactive|Battle timer is ON: inactive players will automatically lose when time's up. (requested by AkiraVN)\n|inactive|AkiraVN has 60 seconds left.\n|inactive|AkiraVN has 30 seconds left.\n|\n|t:|1776147425\n|teamsize|p1|4\n|teamsize|p2|4\n|start\n|switch|p1a: Golurk|Golurk, L50|100/100\n|switch|p1b: Klefki|Klefki, L50, M|100/100\n|switch|p2a: Gardevoir|Gardevoir, L50, F, shiny|100/100\n|switch|p2b: Gallade|Gallade, L50, M|100/100\n|-ability|p2a: Gardevoir|No Guard|Trace|[from] ability: Trace|[of] p1a: Golurk\n|turn|1\n|\n|t:|1776147441\n|switch|p2a: Sinistcha|Sinistcha, L50|100/100\n|detailschange|p1a: Golurk|Golurk-Mega, L50\n|-mega|p1a: Golurk|Golurk|Golurkite\n|move|p1a: Golurk|Protect|p1a: Golurk\n|-singleturn|p1a: Golurk|Protect\n|move|p1b: Klefki|Trick Room|p1b: Klefki\n|-fieldstart|move: Trick Room|[of] p1b: Klefki\n|move|p2b: Gallade|Trick Room|p2b: Gallade\n|-fieldend|move: Trick Room\n|\n|upkeep\n|turn|2\n|inactive|Cosmitx has 30 seconds left.\n|\n|t:|1776147472\n|switch|p1a: Incineroar|Incineroar, L50, F|100/100\n|-ability|p1a: Incineroar|Intimidate|boost\n|-unboost|p2a: Sinistcha|atk|1\n|-unboost|p2b: Gallade|atk|1\n|-enditem|p2b: Gallade|White Herb\n|-clearnegativeboost|p2b: Gallade|[silent]\n|move|p2b: Gallade|Sacred Sword|p1b: Klefki|[miss]\n|-miss|p2b: Gallade|p1b: Klefki\n|move|p2a: Sinistcha|Strength Sap|p1a: Incineroar\n|-unboost|p1a: Incineroar|atk|1\n|move|p1b: Klefki|Trick Room|p1b: Klefki\n|-fieldstart|move: Trick Room|[of] p1b: Klefki\n|\n|upkeep\n|turn|3\n|inactive|Cosmitx has 30 seconds left.\n|\n|t:|1776147502\n|switch|p2b: Torkoal|Torkoal, L50, F|100/100\n|-weather|SunnyDay|[from] ability: Drought|[of] p2b: Torkoal\n|move|p1a: Incineroar|Parting Shot|p2b: Torkoal\n|-unboost|p2b: Torkoal|atk|1\n|-unboost|p2b: Torkoal|spa|1\n|\n|t:|1776147511\n|switch|p1a: Abomasnow|Abomasnow, L50, F|100/100|[from] Parting Shot\n|-weather|Snowscape|[from] ability: Snow Warning|[of] p1a: Abomasnow\n|move|p2a: Sinistcha|Matcha Gotcha|p1b: Klefki|[spread] p1a,p1b\n|-resisted|p1a: Abomasnow|1\n|-resisted|p1b: Klefki|1\n|-damage|p1a: Abomasnow|87/100\n|-damage|p1b: Klefki|88/100\n|move|p1b: Klefki|Draining Kiss|p2b: Torkoal\n|-resisted|p2b: Torkoal|1\n|-damage|p2b: Torkoal|90/100\n|-heal|p1b: Klefki|96/100|[from] drain|[of] p2b: Torkoal\n|\n|-weather|Snowscape|[upkeep]\n|upkeep\n|turn|4\n|\n|t:|1776147535\n|switch|p1b: Golurk|Golurk-Mega, L50|100/100\n|move|p2b: Torkoal|Eruption|p1a: Abomasnow|[spread] p1a,p1b\n|-supereffective|p1a: Abomasnow|2\n|-enditem|p1a: Abomasnow|Occa Berry|[eat]\n|-enditem|p1a: Abomasnow|Occa Berry|[weaken]\n|-damage|p1a: Abomasnow|8/100\n|-damage|p1b: Golurk|71/100\n|move|p1a: Abomasnow|Blizzard|p2b: Torkoal|[spread] p2a,p2b\n|-supereffective|p2a: Sinistcha|1\n|-resisted|p2b: Torkoal|1\n|-damage|p2a: Sinistcha|30/100\n|-damage|p2b: Torkoal|70/100\n|-enditem|p2a: Sinistcha|Sitrus Berry|[eat]\n|-heal|p2a: Sinistcha|54/100|[from] item: Sitrus Berry\n|move|p2a: Sinistcha|Strength Sap|p1a: Abomasnow\n|-unboost|p1a: Abomasnow|atk|1\n|-heal|p2a: Sinistcha|100/100\n|\n|-weather|Snowscape|[upkeep]\n|upkeep\n|turn|5\n|inactive|AkiraVN has 30 seconds left.\n|\n|t:|1776147565\n|move|p2b: Torkoal|Weather Ball|p1b: Golurk\n|-supereffective|p1b: Golurk|1\n|-damage|p1b: Golurk|36/100\n|move|p1b: Golurk|Poltergeist||[still]\n|-fail|p1b: Golurk\n|move|p1a: Abomasnow|Blizzard|p2a: Sinistcha|[spread] p2a,p2b\n|-supereffective|p2a: Sinistcha|1\n|-resisted|p2b: Torkoal|1\n|-damage|p2a: Sinistcha|39/100\n|-damage|p2b: Torkoal|49/100\n|move|p2a: Sinistcha|Matcha Gotcha|p1b: Golurk|[spread] \n|-miss|p2a: Sinistcha|p1a: Abomasnow\n|-miss|p2a: Sinistcha|p1b: Golurk\n|\n|-weather|Snowscape|[upkeep]\n|upkeep\n|turn|6\n|\n|t:|1776147587\n|switch|p2a: Gallade|Gallade, L50, M|100/100\n|move|p2b: Torkoal|Protect|p2b: Torkoal\n|-singleturn|p2b: Torkoal|Protect\n|move|p1b: Golurk|Poltergeist||[still]\n|-fail|p1b: Golurk\n|move|p1a: Abomasnow|Blizzard|p2b: Torkoal|[spread] p2a\n|-activate|p2b: Torkoal|move: Protect\n|-damage|p2a: Gallade|74/100\n|-status|p2a: Gallade|frz\n|\n|-weather|Snowscape|[upkeep]\n|-fieldend|move: Trick Room\n|upkeep\n|turn|7\n|\n|t:|1776147603\n|switch|p2b: Sinistcha|Sinistcha, L50|39/100\n|-heal|p2a: Gallade|99/100 frz|[from] ability: Hospitality|[of] p2b: Sinistcha\n|cant|p2a: Gallade|frz\n|move|p1a: Abomasnow|Blizzard|p2b: Sinistcha|[spread] p2a,p2b\n|-supereffective|p2b: Sinistcha|1\n|-damage|p2a: Gallade|71/100 frz\n|-damage|p2b: Sinistcha|0 fnt\n|faint|p2b: Sinistcha\n|move|p1b: Golurk|Drain Punch|p2a: Gallade\n|-resisted|p2a: Gallade|1\n|-damage|p2a: Gallade|50/100 frz\n|-heal|p1b: Golurk|45/100|[from] drain|[of] p2a: Gallade\n|\n|-weather|none\n|upkeep\n|\n|t:|1776147611\n|switch|p2b: Torkoal|Torkoal, L50, F|49/100\n|-weather|SunnyDay|[from] ability: Drought|[of] p2b: Torkoal\n|turn|8\n|\n|t:|1776147622\n|switch|p1a: Incineroar|Incineroar, L50, F|100/100\n|-ability|p1a: Incineroar|Intimidate|boost\n|-unboost|p2a: Gallade|atk|1\n|-unboost|p2b: Torkoal|atk|1\n|cant|p2a: Gallade|frz\n|move|p1b: Golurk|Poltergeist||[still]\n|-fail|p1b: Golurk\n|move|p2b: Torkoal|Eruption|p1a: Incineroar|[spread] p1a,p1b\n|-resisted|p1a: Incineroar|1\n|-damage|p1a: Incineroar|82/100\n|-damage|p1b: Golurk|13/100\n|\n|-weather|SunnyDay|[upkeep]\n|upkeep\n|turn|9\n|inactive|Cosmitx has 30 seconds left.\n|\n|t:|1776147651\n|move|p2b: Torkoal|Protect|p2b: Torkoal\n|-singleturn|p2b: Torkoal|Protect\n|move|p1a: Incineroar|Fake Out|p2a: Gallade\n|-damage|p2a: Gallade|31/100 frz\n|-curestatus|p2a: Gallade|frz|[msg]\n|cant|p2a: Gallade|flinch\n|move|p1b: Golurk|Drain Punch|p2b: Torkoal\n|-ability|p1b: Golurk|Unseen Fist\n|-zbroken|p2b: Torkoal\n|-damage|p2b: Torkoal|42/100\n|-heal|p1b: Golurk|16/100|[from] drain|[of] p2b: Torkoal\n|\n|-weather|SunnyDay|[upkeep]\n|upkeep\n|turn|10\n|\n|t:|1776147667\n|move|p1b: Golurk|Protect|p1b: Golurk\n|-singleturn|p1b: Golurk|Protect\n|move|p2a: Gallade|Sacred Sword|p1a: Incineroar\n|-supereffective|p1a: Incineroar|1\n|-damage|p1a: Incineroar|0 fnt\n|faint|p1a: Incineroar\n|move|p2b: Torkoal|Earth Power|p1b: Golurk\n|-activate|p1b: Golurk|move: Protect\n|\n|-weather|SunnyDay|[upkeep]\n|upkeep\n|\n|t:|1776147679\n|switch|p1a: Klefki|Klefki, L50, M|96/100\n|turn|11\n|\n|t:|1776147685\n|move|p2a: Gallade|Wide Guard|p2a: Gallade\n|-singleturn|p2a: Gallade|Wide Guard\n|move|p1a: Klefki|Magnet Rise|p1a: Klefki\n|-start|p1a: Klefki|Magnet Rise\n|move|p1b: Golurk|Earthquake|p2a: Gallade|[spread] \n|-activate|p2a: Gallade|move: Wide Guard\n|-activate|p2b: Torkoal|move: Wide Guard\n|-immune|p1a: Klefki\n|move|p2b: Torkoal|Eruption|p1a: Klefki|[spread] p1a,p1b\n|-supereffective|p1a: Klefki|1\n|-damage|p1a: Klefki|23/100\n|-damage|p1b: Golurk|0 fnt\n|faint|p1b: Golurk\n|\n|-weather|SunnyDay|[upkeep]\n|upkeep\n|\n|t:|1776147692\n|switch|p1b: Abomasnow|Abomasnow, L50, F|8/100\n|-weather|Snowscape|[from] ability: Snow Warning|[of] p1b: Abomasnow\n|turn|12\n|\n|t:|1776147713\n|move|p1b: Abomasnow|Protect|p1b: Abomasnow\n|-singleturn|p1b: Abomasnow|Protect\n|move|p2a: Gallade|Sacred Sword|p1b: Abomasnow\n|-activate|p1b: Abomasnow|move: Protect\n|move|p2b: Torkoal|Eruption|p1b: Abomasnow|[spread] p1a\n|-activate|p1b: Abomasnow|move: Protect\n|-supereffective|p1a: Klefki|1\n|-damage|p1a: Klefki|0 fnt\n|faint|p1a: Klefki\n|\n|-weather|Snowscape|[upkeep]\n|upkeep\n|turn|13\n|-message|Cosmitx forfeited.\n|\n|win|AkiraVN\n|raw|Cosmitx's rating: 1050 &rarr; <strong>1035</strong><br />(-15 for losing)\n|raw|AkiraVN's rating: 1095 &rarr; <strong>1117</strong><br />(+22 for winning)\n|l|\u2606Cosmitx\n|player|p1|\n",
  "uploadtime": 1776147740,
  "views": 22,
  "formatid": "gen9championsvgc2026regma",
  "rating": 1035,
  "private": 0,
  "password": null
}