{
  "id": "gen9championsvgc2026regma-2587454447",
  "format": "[Gen 9 Champions] VGC 2026 Reg M-A",
  "players": [
    "galbiazzoh",
    "mamvaza"
  ],
  "log": "|j|\u2606galbiazzoh\n|j|\u2606mamvaza\n|t:|1776533194\n|gametype|doubles\n|player|p1|galbiazzoh|li|1102\n|player|p2|mamvaza|2|1072\n|gen|9\n|tier|[Gen 9 Champions] VGC 2026 Reg M-A\n|rated|\n|rule|Species Clause: Limit one of each Pok\u00e9mon\n|rule|Item Clause: Limit 1 of each item\n|clearpoke\n|poke|p1|Aerodactyl, L50, M|\n|poke|p1|Sneasler, L50, M|\n|poke|p1|Sinistcha, L50|\n|poke|p1|Rotom-Wash, L50|\n|poke|p1|Milotic, L50, M|\n|poke|p1|Kingambit, L50, F|\n|poke|p2|Basculegion, L50, M, shiny|\n|poke|p2|Dragapult, L50, M, shiny|\n|poke|p2|Kingambit, L50, F, shiny|\n|poke|p2|Ninetales-Alola, L50, F, shiny|\n|poke|p2|Venusaur, L50, M|\n|poke|p2|Aerodactyl, L50, M|\n|teampreview|4\ngalbiazzoh has agreed to open team sheets.\n|inactive|Battle timer is ON: inactive players will automatically lose when time's up. (requested by galbiazzoh)\n|inactive|galbiazzoh has 60 seconds left.\n|\n|t:|1776533250\n|teamsize|p1|4\n|teamsize|p2|4\n|start\n|switch|p1a: Rotom|Rotom-Wash, L50|100/100\n|switch|p1b: Sinistcha|Sinistcha, L50|100/100\n|switch|p2a: Ninetales|Ninetales-Alola, L50, F, shiny|100/100\n|switch|p2b: Dragapult|Dragapult, L50, M, shiny|100/100\n|-weather|Snowscape|[from] ability: Snow Warning|[of] p2a: Ninetales\n|turn|1\n|inactive|mamvaza has 30 seconds left.\n|inactive|mamvaza has 20 seconds left.\n|\n|t:|1776533286\n|switch|p1a: Kingambit|Kingambit, L50, F|100/100\n|move|p2b: Dragapult|Draco Meteor|p1b: Sinistcha\n|-damage|p1b: Sinistcha|48/100\n|-unboost|p2b: Dragapult|spa|2\n|move|p2a: Ninetales|Aurora Veil|p2a: Ninetales\n|-sidestart|p2: mamvaza|move: Aurora Veil\n|move|p1b: Sinistcha|Trick Room|p1b: Sinistcha\n|-fieldstart|move: Trick Room|[of] p1b: Sinistcha\n|\n|-weather|Snowscape|[upkeep]\n|upkeep\n|turn|2\n|\n|t:|1776533306\n|switch|p1b: Rotom|Rotom-Wash, L50|100/100\n|switch|p2a: Venusaur|Venusaur, L50, M|100/100\n|move|p1a: Kingambit|Iron Head|p2a: Venusaur\n|-damage|p2a: Venusaur|78/100\n|move|p2b: Dragapult|Will-O-Wisp|p1a: Kingambit\n|-status|p1a: Kingambit|brn\n|\n|-weather|Snowscape|[upkeep]\n|-damage|p1a: Kingambit|95/100 brn|[from] brn\n|upkeep\n|turn|3\n|inactive|galbiazzoh has 30 seconds left.\n|inactive|mamvaza has 30 seconds left.\n|\n|t:|1776533337\n|switch|p1a: Sinistcha|Sinistcha, L50|48/100\n|switch|p2b: Ninetales|Ninetales-Alola, L50, F, shiny|100/100\n|detailschange|p2a: Venusaur|Venusaur-Mega, L50, M\n|-mega|p2a: Venusaur|Venusaur|Venusaurite\n|move|p2a: Venusaur|Leech Seed|p1b: Rotom\n|-start|p1b: Rotom|move: Leech Seed\n|move|p1b: Rotom|Will-O-Wisp|p2b: Ninetales|[miss]\n|-miss|p1b: Rotom|p2b: Ninetales\n|\n|-weather|Snowscape|[upkeep]\n|-damage|p1b: Rotom|88/100|[from] Leech Seed|[of] p2a: Venusaur\n|-heal|p2a: Venusaur|88/100|[silent]\n|upkeep\n|turn|4\n|inactive|galbiazzoh has 30 seconds left.\n|inactive|galbiazzoh has 20 seconds left.\n|\n|t:|1776533374\n|move|p2a: Venusaur|Sludge Bomb|p1a: Sinistcha\n|-damage|p1a: Sinistcha|11/100\n|move|p1b: Rotom|Volt Switch|p2b: Ninetales\n|-damage|p2b: Ninetales|81/100\n|\n|t:|1776533381\n|switch|p1b: Kingambit|Kingambit, L50, F|95/100 brn|[from] Volt Switch\n|move|p2b: Ninetales|Freeze-Dry|p1b: Kingambit\n|-resisted|p1b: Kingambit|1\n|-damage|p1b: Kingambit|86/100 brn\n|move|p1a: Sinistcha|Trick Room|p1a: Sinistcha\n|-fieldend|move: Trick Room\n|\n|-weather|Snowscape|[upkeep]\n|-damage|p1b: Kingambit|80/100 brn|[from] brn\n|upkeep\n|turn|5\n|inactive|mamvaza has 30 seconds left.\n|inactive|mamvaza has 20 seconds left.\n|inactive|mamvaza has 15 seconds left.\n|\n|t:|1776533423\n|switch|p2b: Kingambit|Kingambit, L50, F, shiny|100/100\n|switch|p1a: Aerodactyl|Aerodactyl, L50, M|100/100\n|-ability|p1a: Aerodactyl|Unnerve\n|move|p2a: Venusaur|Sludge Bomb|p1a: Aerodactyl\n|-resisted|p1a: Aerodactyl|1\n|-damage|p1a: Aerodactyl|74/100\n|move|p1b: Kingambit|Iron Head|p2b: Kingambit\n|-resisted|p2b: Kingambit|1\n|-damage|p2b: Kingambit|95/100\n|\n|-weather|none\n|-damage|p1b: Kingambit|74/100 brn|[from] brn\n|-sideend|p2: mamvaza|move: Aurora Veil\n|upkeep\n|turn|6\n|inactive|galbiazzoh has 30 seconds left.\n|inactive|mamvaza has 30 seconds left.\n|\n|t:|1776533449\n|detailschange|p1a: Aerodactyl|Aerodactyl-Mega, L50, M\n|-mega|p1a: Aerodactyl|Aerodactyl|Aerodactylite\n|move|p1a: Aerodactyl|Dual Wingbeat|p2a: Venusaur\n|-supereffective|p2a: Venusaur|1\n|-damage|p2a: Venusaur|55/100\n|-supereffective|p2a: Venusaur|1\n|-damage|p2a: Venusaur|18/100\n|-hitcount|p2a: Venusaur|2\n|move|p2a: Venusaur|Sleep Powder|p1a: Aerodactyl|[miss]\n|-miss|p2a: Venusaur|p1a: Aerodactyl\n|move|p1b: Kingambit|Low Kick|p2b: Kingambit\n|-supereffective|p2b: Kingambit|2\n|-damage|p2b: Kingambit|42/100\n|move|p2b: Kingambit|Low Kick|p1b: Kingambit\n|-supereffective|p1b: Kingambit|2\n|-enditem|p1b: Kingambit|Chople Berry|[eat]\n|-enditem|p1b: Kingambit|Chople Berry|[weaken]\n|-damage|p1b: Kingambit|26/100 brn\n|\n|-damage|p1b: Kingambit|20/100 brn|[from] brn\n|upkeep\n|turn|7\n|inactive|galbiazzoh has 30 seconds left.\n|inactive|mamvaza has 30 seconds left.\n|\n|t:|1776533483\n|switch|p1a: Sinistcha|Sinistcha, L50|11/100\n|-heal|p1b: Kingambit|44/100 brn|[from] ability: Hospitality|[of] p1a: Sinistcha\n|switch|p2a: Ninetales|Ninetales-Alola, L50, F, shiny|81/100\n|-weather|Snowscape|[from] ability: Snow Warning|[of] p2a: Ninetales\n|move|p2b: Kingambit|Protect|p2b: Kingambit\n|-singleturn|p2b: Kingambit|Protect\n|move|p1b: Kingambit|Low Kick|p2b: Kingambit\n|-activate|p2b: Kingambit|move: Protect\n|\n|-weather|Snowscape|[upkeep]\n|-damage|p1b: Kingambit|39/100 brn|[from] brn\n|upkeep\n|turn|8\n|inactive|mamvaza has 30 seconds left.\n|\n|t:|1776533510\n|move|p2a: Ninetales|Freeze-Dry|p1a: Sinistcha\n|-supereffective|p1a: Sinistcha|1\n|-damage|p1a: Sinistcha|0 fnt\n|faint|p1a: Sinistcha\n|move|p1b: Kingambit|Iron Head|p2a: Ninetales\n|-supereffective|p2a: Ninetales|2\n|-damage|p2a: Ninetales|1/100\n|move|p2b: Kingambit|Low Kick|p1b: Kingambit\n|-supereffective|p1b: Kingambit|2\n|-damage|p1b: Kingambit|0 fnt\n|faint|p1b: Kingambit\n|\n|-weather|Snowscape|[upkeep]\n|upkeep\n|\n|t:|1776533518\n|switch|p1a: Rotom|Rotom-Wash, L50|88/100\n|switch|p1b: Aerodactyl|Aerodactyl-Mega, L50, M|74/100\n|turn|9\n|\n|t:|1776533529\n|move|p1b: Aerodactyl|Rock Slide|p2b: Kingambit|[spread] p2b\n|-miss|p1b: Aerodactyl|p2a: Ninetales\n|-resisted|p2b: Kingambit|1\n|-damage|p2b: Kingambit|31/100\n|move|p2a: Ninetales|Freeze-Dry|p1a: Rotom\n|-supereffective|p1a: Rotom|1\n|-damage|p1a: Rotom|41/100\n|-enditem|p1a: Rotom|Sitrus Berry|[eat]\n|-heal|p1a: Rotom|66/100|[from] item: Sitrus Berry\n|move|p1a: Rotom|Volt Switch|p2b: Kingambit\n|-damage|p2b: Kingambit|3/100\n|move|p2b: Kingambit|Iron Head|p1b: Aerodactyl\n|-supereffective|p1b: Aerodactyl|1\n|-damage|p1b: Aerodactyl|0 fnt\n|faint|p1b: Aerodactyl\n|\n|-weather|Snowscape|[upkeep]\n|upkeep\n|turn|10\n|inactive|mamvaza has 30 seconds left.\n|inactive|mamvaza has 20 seconds left.\n|inactive|mamvaza has 15 seconds left.\n|\n|t:|1776533571\n|move|p2a: Ninetales|Icy Wind|p1a: Rotom\n|-resisted|p1a: Rotom|1\n|-damage|p1a: Rotom|57/100\n|-unboost|p1a: Rotom|spe|1\n|move|p1a: Rotom|Electroweb|p2a: Ninetales|[spread] p2b\n|-miss|p1a: Rotom|p2a: Ninetales\n|-damage|p2b: Kingambit|0 fnt\n|faint|p2b: Kingambit\n|\n|-weather|Snowscape|[upkeep]\n|upkeep\n|\n|t:|1776533582\n|switch|p2b: Venusaur|Venusaur-Mega, L50, M|18/100\n|turn|11\n|inactive|galbiazzoh has 30 seconds left.\n|\n|t:|1776533611\n|move|p2a: Ninetales|Icy Wind|p1a: Rotom\n|-resisted|p1a: Rotom|1\n|-damage|p1a: Rotom|48/100\n|-unboost|p1a: Rotom|spe|1\n|move|p2b: Venusaur|Giga Drain|p1a: Rotom\n|-supereffective|p1a: Rotom|1\n|-damage|p1a: Rotom|0 fnt\n|-heal|p2b: Venusaur|38/100|[from] drain|[of] p1a: Rotom\n|faint|p1a: Rotom\n|\n|win|mamvaza\n|raw|galbiazzoh's rating: 1102 &rarr; <strong>1075</strong><br />(-27 for losing)\n|raw|mamvaza's rating: 1072 &rarr; <strong>1104</strong><br />(+32 for winning)\n|l|\u2606galbiazzoh\n|player|p1|\n|l|\u2606mamvaza\n|player|p2|\n|j|\u2606galbiazzoh\n|player|p1|galbiazzoh|li|\n",
  "uploadtime": 1776533821,
  "views": 14,
  "formatid": "gen9championsvgc2026regma",
  "rating": 1075,
  "private": 0,
  "password": null
}