{
  "id": "gen9championsvgc2026regma-2588319054",
  "format": "[Gen 9 Champions] VGC 2026 Reg M-A",
  "players": [
    "manolynx",
    "MaitreCongo"
  ],
  "log": "|j|\u2606manolynx\n|j|\u2606MaitreCongo\n|t:|1776623733\n|gametype|doubles\n|player|p1|manolynx|265|1044\n|player|p2|MaitreCongo|hoopster|1126\n|gen|9\n|tier|[Gen 9 Champions] VGC 2026 Reg M-A\n|rated|\n|rule|Species Clause: Limit one of each Pok\u00e9mon\n|rule|Item Clause: Limit 1 of each item\n|clearpoke\n|poke|p1|Kangaskhan, L50, F|\n|poke|p1|Incineroar, L50, M|\n|poke|p1|Sinistcha, L50|\n|poke|p1|Sylveon, L50, F|\n|poke|p1|Garchomp, L50, F|\n|poke|p1|Aerodactyl, L50, F|\n|poke|p2|Archaludon, L50, F|\n|poke|p2|Dragonite, L50, M, shiny|\n|poke|p2|Incineroar, L50, M|\n|poke|p2|Pelipper, L50, F|\n|poke|p2|Sinistcha, L50|\n|poke|p2|Excadrill, L50, F|\n|teampreview|4\n|\n|t:|1776623790\n|teamsize|p1|4\n|teamsize|p2|4\n|start\n|switch|p1a: Garchomp|Garchomp, L50, F|100/100\n|switch|p1b: Kangaskhan|Kangaskhan, L50, F|100/100\n|switch|p2a: Vadrouilleur|Incineroar, L50, M|100/100\n|switch|p2b: Martin Libertin|Dragonite, L50, M, shiny|100/100\n|-ability|p2a: Vadrouilleur|Intimidate|boost\n|-unboost|p1a: Garchomp|atk|1\n|-fail|p1b: Kangaskhan|unboost|Attack|[from] ability: Inner Focus|[of] p1b: Kangaskhan\n|turn|1\n|\n|t:|1776623852\n|switch|p1a: Sylveon|Sylveon, L50, F|100/100\n|switch|p2a: Philibert|Pelipper, L50, F|100/100\n|-weather|RainDance|[from] ability: Drizzle|[of] p2a: Philibert\n|detailschange|p2b: Martin Libertin|Dragonite-Mega, L50, M, shiny\n|-mega|p2b: Martin Libertin|Dragonite|Dragoninite\n|detailschange|p1b: Kangaskhan|Kangaskhan-Mega, L50, F\n|-mega|p1b: Kangaskhan|Kangaskhan|Kangaskhanite\n|move|p2b: Martin Libertin|Protect|p2b: Martin Libertin\n|-singleturn|p2b: Martin Libertin|Protect\n|move|p1b: Kangaskhan|Double-Edge|p2b: Martin Libertin\n|-activate|p2b: Martin Libertin|move: Protect\n|\n|-weather|RainDance|[upkeep]\n|upkeep\n|turn|2\n|\n|t:|1776623897\n|switch|p1b: Sinistcha|Sinistcha, L50|100/100\n|move|p1a: Sylveon|Protect|p1a: Sylveon\n|-singleturn|p1a: Sylveon|Protect\n|move|p2a: Philibert|Wide Guard|p2a: Philibert\n|-singleturn|p2a: Philibert|Wide Guard\n|move|p2b: Martin Libertin|Tailwind|p2b: Martin Libertin\n|-sidestart|p2: MaitreCongo|move: Tailwind\n|\n|-weather|RainDance|[upkeep]\n|upkeep\n|turn|3\n|\n|t:|1776623941\n|move|p2b: Martin Libertin|Hurricane|p1a: Sylveon\n|-damage|p1a: Sylveon|49/100\n|move|p2a: Philibert|Weather Ball|p1a: Sylveon\n|-damage|p1a: Sylveon|8/100\n|move|p1a: Sylveon|Calm Mind|p1a: Sylveon\n|-boost|p1a: Sylveon|spa|1\n|-boost|p1a: Sylveon|spd|1\n|move|p1b: Sinistcha|Trick Room|p1b: Sinistcha\n|-fieldstart|move: Trick Room|[of] p1b: Sinistcha\n|\n|-weather|RainDance|[upkeep]\n|-heal|p1a: Sylveon|14/100|[from] item: Leftovers\n|upkeep\n|turn|4\n|\n|t:|1776623968\n|move|p2b: Martin Libertin|Protect|p2b: Martin Libertin\n|-singleturn|p2b: Martin Libertin|Protect\n|move|p1b: Sinistcha|Life Dew||[still]|[spread] p1a,p1b\n|-heal|p1a: Sylveon|39/100\n|-fail|p1b: Sinistcha|heal\n|move|p1a: Sylveon|Hyper Voice|p2b: Martin Libertin|[spread] p2a\n|-activate|p2b: Martin Libertin|move: Protect\n|-damage|p2a: Philibert|9/100\n|move|p2a: Philibert|Hurricane|p1b: Sinistcha\n|-supereffective|p1b: Sinistcha|1\n|-enditem|p1b: Sinistcha|Coba Berry|[eat]\n|-enditem|p1b: Sinistcha|Coba Berry|[weaken]\n|-damage|p1b: Sinistcha|59/100\n|\n|-weather|RainDance|[upkeep]\n|-heal|p1a: Sylveon|45/100|[from] item: Leftovers\n|upkeep\n|turn|5\n|\n|t:|1776623997\n|move|p2a: Philibert|Wide Guard|p2a: Philibert\n|-singleturn|p2a: Philibert|Wide Guard\n|move|p1b: Sinistcha|Matcha Gotcha|p2b: Martin Libertin|[spread] \n|-activate|p2a: Philibert|move: Wide Guard\n|-activate|p2b: Martin Libertin|move: Wide Guard\n|move|p1a: Sylveon|Hyper Voice|p2b: Martin Libertin|[spread] \n|-activate|p2a: Philibert|move: Wide Guard\n|-activate|p2b: Martin Libertin|move: Wide Guard\n|move|p2b: Martin Libertin|Hurricane|p1a: Sylveon\n|-damage|p1a: Sylveon|9/100\n|\n|-weather|none\n|-heal|p1a: Sylveon|16/100|[from] item: Leftovers\n|-sideend|p2: MaitreCongo|move: Tailwind\n|upkeep\n|turn|6\n|\n|t:|1776624033\n|switch|p2a: Jane Juliet|Archaludon, L50, F|100/100\n|move|p2b: Martin Libertin|Protect|p2b: Martin Libertin\n|-singleturn|p2b: Martin Libertin|Protect\n|move|p1b: Sinistcha|Life Dew|p1b: Sinistcha|[spread] p1a,p1b\n|-heal|p1a: Sylveon|41/100\n|-heal|p1b: Sinistcha|84/100\n|move|p1a: Sylveon|Hyper Voice|p2a: Jane Juliet|[spread] p2a\n|-activate|p2b: Martin Libertin|move: Protect\n|-damage|p2a: Jane Juliet|23/100\n|-ability|p2a: Jane Juliet|Stamina|boost\n|-boost|p2a: Jane Juliet|def|1\n|\n|-heal|p1a: Sylveon|47/100|[from] item: Leftovers\n|-heal|p2a: Jane Juliet|29/100|[from] item: Leftovers\n|upkeep\n|turn|7\n|\n|t:|1776624062\n|move|p1b: Sinistcha|Matcha Gotcha|p2a: Jane Juliet|[spread] p2a,p2b\n|-resisted|p2a: Jane Juliet|2\n|-resisted|p2b: Martin Libertin|2\n|-damage|p2a: Jane Juliet|22/100\n|-heal|p1b: Sinistcha|88/100|[from] drain|[of] p2a: Jane Juliet\n|-damage|p2b: Martin Libertin|98/100\n|-heal|p1b: Sinistcha|89/100|[from] drain|[of] p2b: Martin Libertin\n|-status|p2a: Jane Juliet|brn\n|-ability|p2a: Jane Juliet|Stamina|boost\n|-boost|p2a: Jane Juliet|def|1\n|move|p1a: Sylveon|Hyper Voice|p2a: Jane Juliet|[spread] p2a,p2b\n|-supereffective|p2b: Martin Libertin|1\n|-damage|p2a: Jane Juliet|0 fnt\n|-damage|p2b: Martin Libertin|0 fnt\n|faint|p2a: Jane Juliet\n|faint|p2b: Martin Libertin\n|\n|-heal|p1a: Sylveon|53/100|[from] item: Leftovers\n|-fieldend|move: Trick Room\n|upkeep\n|\n|t:|1776624083\n|switch|p2b: Philibert|Pelipper, L50, F|9/100\n|switch|p2a: Vadrouilleur|Incineroar, L50, M|100/100\n|-weather|RainDance|[from] ability: Drizzle|[of] p2b: Philibert\n|-ability|p2a: Vadrouilleur|Intimidate|boost\n|-unboost|p1a: Sylveon|atk|1\n|-unboost|p1b: Sinistcha|atk|1\n|turn|8\n|\n|t:|1776624147\n|switch|p1a: Garchomp|Garchomp, L50, F|100/100\n|switch|p1b: Kangaskhan|Kangaskhan-Mega, L50, F|100/100\n|move|p2a: Vadrouilleur|Fake Out|p1a: Garchomp\n|-damage|p1a: Garchomp|88/100\n|-damage|p2a: Vadrouilleur|88/100|[from] ability: Rough Skin|[of] p1a: Garchomp\n|move|p2b: Philibert|Hurricane|p1b: Kangaskhan\n|-damage|p1b: Kangaskhan|61/100\n|\n|-weather|RainDance|[upkeep]\n|upkeep\n|turn|9\n|\n|t:|1776624179\n|move|p1b: Kangaskhan|Fake Out|p2b: Philibert\n|-damage|p2b: Philibert|0 fnt\n|faint|p2b: Philibert\n|-hitcount|p2: Philibert|1\n|move|p1a: Garchomp|Stomping Tantrum|p2a: Vadrouilleur\n|-supereffective|p2a: Vadrouilleur|1\n|-damage|p2a: Vadrouilleur|15/100\n|move|p2a: Vadrouilleur|Darkest Lariat|p1a: Garchomp\n|-crit|p1a: Garchomp\n|-damage|p1a: Garchomp|38/100\n|-damage|p2a: Vadrouilleur|3/100|[from] ability: Rough Skin|[of] p1a: Garchomp\n|\n|-weather|RainDance|[upkeep]\n|upkeep\n|turn|10\n|-message|MaitreCongo forfeited.\n|\n|win|manolynx\n|raw|manolynx's rating: 1044 &rarr; <strong>1085</strong><br />(+41 for winning)\n|raw|MaitreCongo's rating: 1126 &rarr; <strong>1095</strong><br />(-31 for losing)\n|l|\u2606MaitreCongo\n|player|p2|\n",
  "uploadtime": 1776624206,
  "views": 9,
  "formatid": "gen9championsvgc2026regma",
  "rating": 1085,
  "private": 0,
  "password": null
}