{
  "id": "gen9championsvgc2026regma-2580803502",
  "format": "[Gen 9 Champions] VGC 2026 Reg M-A",
  "players": [
    "xtblx",
    "a_hunter86"
  ],
  "log": "|j|\u2606xtblx\n|j|\u2606a_hunter86\n|t:|1775933765\n|gametype|doubles\n|player|p1|xtblx|sage|1054\n|player|p2|a_hunter86|169|1011\n|gen|9\n|tier|[Gen 9 Champions] VGC 2026 Reg M-A\n|rated|\n|rule|Species Clause: Limit one of each Pok\u00e9mon\n|rule|Item Clause: Limit 1 of each item\n|clearpoke\n|poke|p1|Delphox, L50, F|\n|poke|p1|Basculegion, L50, M|\n|poke|p1|Sneasler, L50, M|\n|poke|p1|Kingambit, L50, M|\n|poke|p1|Dragonite, L50, M|\n|poke|p1|Clefable, L50, F|\n|poke|p2|Dragonite, L50, F|\n|poke|p2|Politoed, L50, F|\n|poke|p2|Clefable, L50, M|\n|poke|p2|Incineroar, L50, M|\n|poke|p2|Aegislash, L50, F|\n|poke|p2|Gallade, L50, M|\n|teampreview|4\nxtblx has agreed to open team sheets.\n|\n|t:|1775933814\n|teamsize|p1|4\n|teamsize|p2|4\n|start\n|switch|p1a: Sneasler|Sneasler, L50, M|100/100\n|switch|p1b: Basculegion|Basculegion, L50, M|100/100\n|switch|p2a: Incineroar|Incineroar, L50, M|100/100\n|switch|p2b: Gallade|Gallade, L50, M|100/100\n|-ability|p2a: Incineroar|Intimidate|boost\n|-unboost|p1a: Sneasler|atk|1\n|-unboost|p1b: Basculegion|atk|1\n|turn|1\n|\n|t:|1775933854\n|move|p2b: Gallade|Protect|p2b: Gallade\n|-singleturn|p2b: Gallade|Protect\n|move|p1a: Sneasler|Fake Out|p2b: Gallade\n|-activate|p2b: Gallade|move: Protect\n|move|p1b: Basculegion|Wave Crash|p2b: Gallade\n|-activate|p2b: Gallade|move: Protect\n|move|p2a: Incineroar|Darkest Lariat|p1b: Basculegion\n|-supereffective|p1b: Basculegion|1\n|-damage|p1b: Basculegion|15/100\n|\n|upkeep\n|turn|2\n|\n|t:|1775933892\n|switch|p2a: Politoed|Politoed, L50, F|100/100\n|-weather|RainDance|[from] ability: Drizzle|[of] p2a: Politoed\n|move|p1a: Sneasler|Protect|p1a: Sneasler\n|-singleturn|p1a: Sneasler|Protect\n|move|p1b: Basculegion|Wave Crash|p2a: Politoed\n|-resisted|p2a: Politoed|1\n|-damage|p2a: Politoed|68/100\n|-damage|p1b: Basculegion|4/100|[from] Recoil\n|move|p2b: Gallade|Psycho Cut|p1a: Sneasler\n|-activate|p1a: Sneasler|move: Protect\n|\n|-weather|RainDance|[upkeep]\n|upkeep\n|turn|3\n|\n|t:|1775933912\n|switch|p1a: Kingambit|Kingambit, L50, M|100/100\n|move|p2b: Gallade|Protect|p2b: Gallade\n|-singleturn|p2b: Gallade|Protect\n|move|p1b: Basculegion|Wave Crash|p2a: Politoed\n|-resisted|p2a: Politoed|1\n|-damage|p2a: Politoed|32/100\n|-damage|p1b: Basculegion|0 fnt|[from] Recoil\n|faint|p1b: Basculegion\n|move|p2a: Politoed|Weather Ball|p1a: Kingambit\n|-damage|p1a: Kingambit|46/100\n|\n|-weather|RainDance|[upkeep]\n|upkeep\n|\n|t:|1775933932\n|switch|p1b: Sneasler|Sneasler, L50, M|100/100\n|turn|4\n|\n|t:|1775933953\n|move|p2b: Gallade|Protect||[still]\n|-fail|p2b: Gallade\n|move|p2a: Politoed|Protect|p2a: Politoed\n|-singleturn|p2a: Politoed|Protect\n|move|p1b: Sneasler|Fake Out|p2b: Gallade\n|-damage|p2b: Gallade|75/100\n|move|p1a: Kingambit|Swords Dance|p1a: Kingambit\n|-boost|p1a: Kingambit|atk|2\n|\n|-weather|RainDance|[upkeep]\n|upkeep\n|turn|5\n|\n|t:|1775933980\n|move|p1a: Kingambit|Sucker Punch|p2b: Gallade\n|-damage|p2b: Gallade|0 fnt\n|faint|p2b: Gallade\n|move|p1b: Sneasler|Close Combat|p2a: Politoed\n|-damage|p2a: Politoed|0 fnt\n|-unboost|p1b: Sneasler|def|1\n|-unboost|p1b: Sneasler|spd|1\n|faint|p2a: Politoed\n|\n|-weather|RainDance|[upkeep]\n|upkeep\n|\n|t:|1775933992\n|switch|p2b: Dragonite|Dragonite, L50, F|100/100\n|switch|p2a: Incineroar|Incineroar, L50, M|100/100\n|-ability|p2a: Incineroar|Intimidate|boost\n|-unboost|p1a: Kingambit|atk|1\n|-ability|p1a: Kingambit|Defiant|boost\n|-boost|p1a: Kingambit|atk|2\n|-unboost|p1b: Sneasler|atk|1\n|turn|6\n|\n|t:|1775934031\n|move|p1a: Kingambit|Protect|p1a: Kingambit\n|-singleturn|p1a: Kingambit|Protect\n|move|p1b: Sneasler|Close Combat|p2a: Incineroar\n|-supereffective|p2a: Incineroar|1\n|-damage|p2a: Incineroar|47/100\n|-unboost|p1b: Sneasler|def|1\n|-unboost|p1b: Sneasler|spd|1\n|-enditem|p2a: Incineroar|Sitrus Berry|[eat]\n|-heal|p2a: Incineroar|72/100|[from] item: Sitrus Berry\n|move|p2b: Dragonite|Thunder|p1b: Sneasler\n|-damage|p1b: Sneasler|15/100\n|move|p2a: Incineroar|Flare Blitz|p1a: Kingambit\n|-activate|p1a: Kingambit|move: Protect\n|\n|-weather|none\n|upkeep\n|turn|7\n|\n|t:|1775934054\n|move|p2b: Dragonite|Protect|p2b: Dragonite\n|-singleturn|p2b: Dragonite|Protect\n|move|p1a: Kingambit|Sucker Punch|p2a: Incineroar\n|-resisted|p2a: Incineroar|1\n|-damage|p2a: Incineroar|33/100\n|move|p1b: Sneasler|Close Combat|p2a: Incineroar\n|-supereffective|p2a: Incineroar|1\n|-damage|p2a: Incineroar|0 fnt\n|-unboost|p1b: Sneasler|def|1\n|-unboost|p1b: Sneasler|spd|1\n|faint|p2a: Incineroar\n|\n|upkeep\n|turn|8\n|\n|t:|1775934086\n|detailschange|p2b: Dragonite|Dragonite-Mega, L50, F\n|-mega|p2b: Dragonite|Dragonite|Dragoninite\n|move|p1b: Sneasler|Dire Claw|p2b: Dragonite\n|-damage|p2b: Dragonite|88/100\n|move|p2b: Dragonite|Draco Meteor|p1a: Kingambit\n|-resisted|p1a: Kingambit|1\n|-damage|p1a: Kingambit|13/100\n|-unboost|p2b: Dragonite|spa|2\n|move|p1a: Kingambit|Kowtow Cleave|p2b: Dragonite\n|-damage|p2b: Dragonite|0 fnt\n|faint|p2b: Dragonite\n|\n|win|xtblx\n|raw|xtblx's rating: 1054 &rarr; <strong>1082</strong><br />(+28 for winning)\n|raw|a_hunter86's rating: 1011 &rarr; <strong>1001</strong><br />(-10 for losing)\n|l|\u2606a_hunter86\n|player|p2|\n",
  "uploadtime": 1775934126,
  "views": 12,
  "formatid": "gen9championsvgc2026regma",
  "rating": 1001,
  "private": 0,
  "password": null
}