{
  "id": "gen9championsvgc2026regma-2582901019",
  "format": "[Gen 9 Champions] VGC 2026 Reg M-A",
  "players": [
    "Morrocan AXL BLAZE",
    "SigmaGojo69"
  ],
  "log": "|j|\u2606Morrocan AXL BLAZE\n|j|\u2606SigmaGojo69\n|t:|1776123359\n|gametype|doubles\n|player|p1|Morrocan AXL BLAZE|nate|1150\n|player|p2|SigmaGojo69|169|1106\n|gen|9\n|tier|[Gen 9 Champions] VGC 2026 Reg M-A\n|rated|\n|rule|Species Clause: Limit one of each Pok\u00e9mon\n|rule|Item Clause: Limit 1 of each item\n|clearpoke\n|poke|p1|Tyranitar, L50, M|\n|poke|p1|Excadrill, L50, F|\n|poke|p1|Corviknight, L50, F|\n|poke|p1|Gyarados, L50, F|\n|poke|p1|Rotom-Heat, L50|\n|poke|p1|Sinistcha, L50|\n|poke|p2|Blastoise, L50, M|\n|poke|p2|Maushold-Four, L50|\n|poke|p2|Pelipper, L50, M|\n|poke|p2|Mr. Rime, L50, F|\n|poke|p2|Raichu, L50, F|\n|poke|p2|Alakazam, L50, F|\n|teampreview|4\nMorrocan AXL BLAZE has agreed to open team sheets.\nSigmaGojo69 rejected open team sheets.\n|\n|t:|1776123374\n|teamsize|p1|4\n|teamsize|p2|4\n|start\n|switch|p1a: Corviknight|Corviknight, L50, F|100/100\n|switch|p1b: Rotom|Rotom-Heat, L50, shiny|100/100\n|switch|p2a: Blastoise|Blastoise, L50, M, shiny|100/100\n|switch|p2b: Maushold|Maushold-Four, L50, shiny|100/100\n|turn|1\n|inactive|Battle timer is ON: inactive players will automatically lose when time's up. (requested by SigmaGojo69)\n|\n|t:|1776123383\n|detailschange|p2a: Blastoise|Blastoise-Mega, L50, M, shiny\n|-mega|p2a: Blastoise|Blastoise|Blastoisinite\n|move|p2b: Maushold|Follow Me|p2b: Maushold\n|-singleturn|p2b: Maushold|move: Follow Me\n|move|p2a: Blastoise|Shell Smash|p2a: Blastoise\n|-unboost|p2a: Blastoise|def|1\n|-unboost|p2a: Blastoise|spd|1\n|-boost|p2a: Blastoise|atk|2\n|-boost|p2a: Blastoise|spa|2\n|-boost|p2a: Blastoise|spe|2\n|move|p1b: Rotom|Electroweb|p2a: Blastoise|[spread] p2a,p2b\n|-supereffective|p2a: Blastoise|1\n|-damage|p2a: Blastoise|58/100\n|-damage|p2b: Maushold|77/100\n|-unboost|p2a: Blastoise|spe|1\n|-unboost|p2b: Maushold|spe|1\n|move|p1a: Corviknight|Brave Bird|p2b: Maushold\n|-damage|p2b: Maushold|13/100\n|-damage|p1a: Corviknight|79/100|[from] Recoil\n|\n|-heal|p1a: Corviknight|85/100|[from] item: Leftovers\n|upkeep\n|turn|2\n|inactive|SigmaGojo69 has 30 seconds left.\n|\n|t:|1776123418\n|move|p1a: Corviknight|Protect|p1a: Corviknight\n|-singleturn|p1a: Corviknight|Protect\n|move|p2b: Maushold|Follow Me|p2b: Maushold\n|-singleturn|p2b: Maushold|move: Follow Me\n|move|p2a: Blastoise|Water Spout|p1b: Rotom|[spread] p1b\n|-activate|p1a: Corviknight|move: Protect\n|-supereffective|p1b: Rotom|1\n|-damage|p1b: Rotom|0 fnt\n|faint|p1b: Rotom\n|\n|-heal|p1a: Corviknight|92/100|[from] item: Leftovers\n|upkeep\n|\n|t:|1776123423\n|switch|p1b: Excadrill|Excadrill, L50, F|100/100\n|turn|3\n|\n|t:|1776123435\n|move|p2a: Blastoise|Protect|p2a: Blastoise\n|-singleturn|p2a: Blastoise|Protect\n|move|p1b: Excadrill|Earthquake|p2a: Blastoise|[spread] p2b\n|-activate|p2a: Blastoise|move: Protect\n|-immune|p1a: Corviknight\n|-damage|p2b: Maushold|0 fnt\n|faint|p2b: Maushold\n|move|p1a: Corviknight|Tailwind|p1a: Corviknight\n|-sidestart|p1: Morrocan AXL BLAZE|move: Tailwind\n|\n|-heal|p1a: Corviknight|98/100|[from] item: Leftovers\n|upkeep\n|\n|t:|1776123446\n|switch|p2b: Mr. Rime|Mr. Rime, L50, F, shiny|100/100\n|turn|4\n|\n|t:|1776123455\n|move|p2b: Mr. Rime|Fake Out|p1b: Excadrill\n|-resisted|p1b: Excadrill|1\n|-damage|p1b: Excadrill|96/100\n|cant|p1b: Excadrill|flinch\n|move|p2a: Blastoise|Muddy Water|p1b: Excadrill|[spread] p1a,p1b\n|-crit|p1a: Corviknight\n|-supereffective|p1b: Excadrill|1\n|-damage|p1a: Corviknight|0 fnt\n|-damage|p1b: Excadrill|0 fnt\n|faint|p1a: Corviknight\n|faint|p1b: Excadrill\n|\n|upkeep\n|\n|t:|1776123458\n|switch|p1b: Tyranitar|Tyranitar, L50, M, shiny|100/100\n|-weather|Sandstorm|[from] ability: Sand Stream|[of] p1b: Tyranitar\n|turn|5\n|\n|t:|1776123472\n|detailschange|p1b: Tyranitar|Tyranitar-Mega, L50, M, shiny\n|-mega|p1b: Tyranitar|Tyranitar|Tyranitarite\n|move|p2b: Mr. Rime|Helping Hand|p2a: Blastoise\n|-singleturn|p2a: Blastoise|Helping Hand|[of] p2b: Mr. Rime\n|move|p1b: Tyranitar|Rock Slide|p2a: Blastoise|[spread] p2a,p2b\n|-supereffective|p2b: Mr. Rime|1\n|-damage|p2a: Blastoise|2/100\n|-damage|p2b: Mr. Rime|11/100\n|cant|p2a: Blastoise|flinch\n|\n|-weather|Sandstorm|[upkeep]\n|-damage|p2a: Blastoise|0 fnt|[from] Sandstorm\n|-damage|p2b: Mr. Rime|5/100|[from] Sandstorm\n|faint|p2a: Blastoise\n|-heal|p2b: Mr. Rime|11/100|[from] item: Leftovers\n|upkeep\n|\n|t:|1776123485\n|switch|p2a: Pelipper|Pelipper, L50, M, shiny|100/100\n|-weather|RainDance|[from] ability: Drizzle|[of] p2a: Pelipper\n|turn|6\n|\n|t:|1776123493\n|move|p2a: Pelipper|Wide Guard|p2a: Pelipper\n|-singleturn|p2a: Pelipper|Wide Guard\n|move|p1b: Tyranitar|Rock Slide|p2b: Mr. Rime|[spread] \n|-activate|p2a: Pelipper|move: Wide Guard\n|-activate|p2b: Mr. Rime|move: Wide Guard\n|move|p2b: Mr. Rime|Ice Beam|p1b: Tyranitar\n|-damage|p1b: Tyranitar|59/100\n|\n|-weather|RainDance|[upkeep]\n|-heal|p2b: Mr. Rime|17/100|[from] item: Leftovers\n|-sideend|p1: Morrocan AXL BLAZE|move: Tailwind\n|upkeep\n|turn|7\n|\n|t:|1776123508\n|move|p2a: Pelipper|Weather Ball|p1b: Tyranitar\n|-supereffective|p1b: Tyranitar|1\n|-damage|p1b: Tyranitar|0 fnt\n|faint|p1b: Tyranitar\n|\n|win|SigmaGojo69\n|raw|Morrocan AXL BLAZE's rating: 1181 &rarr; <strong>1151</strong><br />(-30 for losing)\n|raw|SigmaGojo69's rating: 1106 &rarr; <strong>1136</strong><br />(+30 for winning)\n",
  "uploadtime": 1776123508,
  "views": 15,
  "formatid": "gen9championsvgc2026regma",
  "rating": 1136,
  "private": 0,
  "password": null
}