{
  "id": "gen9championsvgc2026regma-2587984723",
  "format": "[Gen 9 Champions] VGC 2026 Reg M-A",
  "players": [
    "GoofyTaco",
    "p3elz"
  ],
  "log": "|j|\u2606GoofyTaco\n|j|\u2606p3elz\n|t:|1776588768\n|gametype|doubles\n|player|p1|GoofyTaco|colress|1143\n|player|p2|p3elz|benga|1045\n|gen|9\n|tier|[Gen 9 Champions] VGC 2026 Reg M-A\n|rated|\n|rule|Species Clause: Limit one of each Pok\u00e9mon\n|rule|Item Clause: Limit 1 of each item\n|clearpoke\n|poke|p1|Aggron, L50, F|\n|poke|p1|Hydrapple, L50, M, shiny|\n|poke|p1|Incineroar, L50, F|\n|poke|p1|Drampa, L50, M|\n|poke|p1|Primarina, L50, M|\n|poke|p1|Mimikyu, L50, F|\n|poke|p2|Pikachu, L50, M|\n|poke|p2|Aromatisse, L50, M|\n|poke|p2|Arbok, L50, F|\n|poke|p2|Appletun, L50, M|\n|poke|p2|Dedenne, L50, M|\n|poke|p2|Emboar, L50, M|\n|teampreview|4\n|inactive|Battle timer is ON: inactive players will automatically lose when time's up. (requested by GoofyTaco)\n|c|\u2606p3elz|do not ask questions\n|inactive|p3elz has 60 seconds left.\n|\n|t:|1776588809\n|teamsize|p1|4\n|teamsize|p2|4\n|start\n|switch|p1a: WofleyVGC|Incineroar, L50, F|100/100\n|switch|p1b: pickachu.exe|Mimikyu, L50, F|100/100\n|switch|p2a: Pikachu|Pikachu, L50, M|100/100\n|switch|p2b: Arbok|Arbok, L50, F|100/100\n|-ability|p2b: Arbok|Intimidate|boost\n|-unboost|p1a: WofleyVGC|atk|1\n|-unboost|p1b: pickachu.exe|atk|1\n|-ability|p1a: WofleyVGC|Intimidate|boost\n|-unboost|p2a: Pikachu|atk|1\n|-unboost|p2b: Arbok|atk|1\n|turn|1\n|c|\u2606GoofyTaco|I won\u2019t\n|c|\u2606GoofyTaco|gl hf\n|c|\u2606p3elz|i will not have fun\n|inactive|p3elz has 30 seconds left.\n|c|\u2606p3elz|with this team\n|\n|t:|1776588839\n|move|p2a: Pikachu|Protect|p2a: Pikachu\n|-singleturn|p2a: Pikachu|Protect\n|move|p1a: WofleyVGC|Fake Out|p2b: Arbok\n|-damage|p2b: Arbok|84/100\n|cant|p2b: Arbok|flinch\n|move|p1b: pickachu.exe|Trick Room|p1b: pickachu.exe\n|-fieldstart|move: Trick Room|[of] p1b: pickachu.exe\n|\n|upkeep\n|turn|2\n|c|\u2606GoofyTaco|Challenge run?\n|c|\u2606p3elz|yeah\n|inactive|p3elz has 30 seconds left.\n|c|\u2606GoofyTaco|What\u2019s it for?\n|\n|t:|1776588871\n|move|p1b: pickachu.exe|Protect|p1b: pickachu.exe\n|-singleturn|p1b: pickachu.exe|Protect\n|move|p1a: WofleyVGC|Parting Shot|p2a: Pikachu\n|-unboost|p2a: Pikachu|atk|1\n|-unboost|p2a: Pikachu|spa|1\n|c|\u2606p3elz|'fun'\n|\n|t:|1776588877\n|switch|p1a: THE WALL|Aggron, L50, F|100/100|[from] Parting Shot\n|move|p2b: Arbok|Coil|p2b: Arbok\n|-boost|p2b: Arbok|atk|1\n|-boost|p2b: Arbok|def|1\n|-boost|p2b: Arbok|accuracy|1\n|move|p2a: Pikachu|Nasty Plot|p2a: Pikachu\n|-boost|p2a: Pikachu|spa|2\n|\n|upkeep\n|turn|3\n|c|\u2606GoofyTaco|lol\n|\n|t:|1776588898\n|switch|p1b: WofleyVGC|Incineroar, L50, F|100/100\n|-ability|p1b: WofleyVGC|Intimidate|boost\n|-unboost|p2a: Pikachu|atk|1\n|-unboost|p2b: Arbok|atk|1\n|detailschange|p1a: THE WALL|Aggron-Mega, L50, F\n|-mega|p1a: THE WALL|Aggron|Aggronite\n|move|p1a: THE WALL|Iron Defense|p1a: THE WALL\n|-boost|p1a: THE WALL|def|2\n|move|p2b: Arbok|Coil|p2b: Arbok\n|-boost|p2b: Arbok|atk|1\n|-boost|p2b: Arbok|def|1\n|-boost|p2b: Arbok|accuracy|1\n|move|p2a: Pikachu|Thunderbolt|p1b: WofleyVGC\n|-damage|p1b: WofleyVGC|20/100\n|\n|upkeep\n|turn|4\n|inactive|p3elz has 30 seconds left.\n|c|\u2606GoofyTaco|That pikachu hits hard\n|inactive|p3elz has 20 seconds left.\n|\n|t:|1776588935\n|move|p2a: Pikachu|Protect|p2a: Pikachu\n|-singleturn|p2a: Pikachu|Protect\n|move|p1b: WofleyVGC|Fake Out|p2b: Arbok\n|-damage|p2b: Arbok|71/100\n|move|p1a: THE WALL|Body Press|p2a: Pikachu\n|-activate|p2a: Pikachu|move: Protect\n|cant|p2b: Arbok|flinch\n|\n|upkeep\n|turn|5\n|\n|t:|1776588959\n|move|p1a: THE WALL|Body Press|p2a: Pikachu\n|-damage|p2a: Pikachu|0 fnt\n|faint|p2a: Pikachu\n|move|p1b: WofleyVGC|Parting Shot|p2b: Arbok\n|-unboost|p2b: Arbok|atk|1\n|-unboost|p2b: Arbok|spa|1\n|\n|t:|1776588965\n|switch|p1b: pickachu.exe|Mimikyu, L50, F|100/100|[from] Parting Shot\n|move|p2b: Arbok|Coil|p2b: Arbok\n|-boost|p2b: Arbok|atk|1\n|-boost|p2b: Arbok|def|1\n|-boost|p2b: Arbok|accuracy|1\n|\n|-fieldend|move: Trick Room\n|upkeep\n|\n|t:|1776588976\n|switch|p2a: Aromatisse|Aromatisse, L50, M|100/100\n|turn|6\n|\n|t:|1776588988\n|move|p2a: Aromatisse|Protect|p2a: Aromatisse\n|-singleturn|p2a: Aromatisse|Protect\n|move|p2b: Arbok|Knock Off|p1b: pickachu.exe\n|-activate|p1b: pickachu.exe|ability: Disguise\n|-damage|p1b: pickachu.exe|100/100\n|-enditem|p1b: pickachu.exe|Sitrus Berry|[from] move: Knock Off|[of] p2b: Arbok\n|detailschange|p1b: pickachu.exe|Mimikyu-Busted, L50, F\n|-damage|p1b: pickachu.exe|88/100|[from] pokemon: Mimikyu-Busted\n|move|p1a: THE WALL|Heavy Slam|p2a: Aromatisse\n|-activate|p2a: Aromatisse|move: Protect\n|move|p1b: pickachu.exe|Trick Room|p1b: pickachu.exe\n|-fieldstart|move: Trick Room|[of] p1b: pickachu.exe\n|\n|upkeep\n|turn|7\n|inactive|p3elz has 30 seconds left.\n|\n|t:|1776589022\n|move|p1b: pickachu.exe|Protect|p1b: pickachu.exe\n|-singleturn|p1b: pickachu.exe|Protect\n|move|p2a: Aromatisse|Reflect|p2a: Aromatisse\n|-sidestart|p2: p3elz|Reflect\n|move|p1a: THE WALL|Heavy Slam|p2a: Aromatisse\n|-supereffective|p2a: Aromatisse|1\n|-damage|p2a: Aromatisse|25/100\n|move|p2b: Arbok|Gunk Shot|p1b: pickachu.exe\n|-activate|p1b: pickachu.exe|move: Protect\n|\n|-heal|p2a: Aromatisse|31/100|[from] item: Leftovers\n|upkeep\n|turn|8\n|inactive|GoofyTaco has 30 seconds left.\n|c|\u2606GoofyTaco|gtg\n|inactive|GoofyTaco has 20 seconds left.\n|c|\u2606GoofyTaco|gg\n|inactive|GoofyTaco has 15 seconds left.\n|-message|GoofyTaco forfeited.\n|\n|win|p3elz\n|raw|GoofyTaco's rating: 1143 &rarr; <strong>1111</strong><br />(-32 for losing)\n|raw|p3elz's rating: 1045 &rarr; <strong>1087</strong><br />(+42 for winning)\n|l|\u2606GoofyTaco\n|player|p1|\n|c|\u2606p3elz|thank god\n",
  "uploadtime": 1776589071,
  "views": 10,
  "formatid": "gen9championsvgc2026regma",
  "rating": 1087,
  "private": 0,
  "password": null
}