{
  "id": "gen9championsvgc2026regma-2584502161",
  "format": "[Gen 9 Champions] VGC 2026 Reg M-A",
  "players": [
    "nikbutawesome",
    "Randomkoei"
  ],
  "log": "|j|\u2606nikbutawesome\n|j|\u2606Randomkoei\n|t:|1776265078\n|gametype|doubles\n|player|p1|nikbutawesome|265|1181\n|player|p2|Randomkoei|2|1257\n|gen|9\n|tier|[Gen 9 Champions] VGC 2026 Reg M-A\n|rated|\n|rule|Species Clause: Limit one of each Pok\u00e9mon\n|rule|Item Clause: Limit 1 of each item\n|clearpoke\n|poke|p1|Scizor, L50, M|\n|poke|p1|Tyranitar, L50, F|\n|poke|p1|Incineroar, L50, F|\n|poke|p1|Aerodactyl, L50, F|\n|poke|p1|Rotom-Wash, L50|\n|poke|p1|Maushold-Four, L50|\n|poke|p2|Kingambit, L50, F|\n|poke|p2|Sylveon, L50, F|\n|poke|p2|Incineroar, L50, F|\n|poke|p2|Sneasler, L50, M|\n|poke|p2|Starmie, L50|\n|poke|p2|Sinistcha, L50|\n|teampreview|4\n|\n|t:|1776265146\n|teamsize|p1|4\n|teamsize|p2|4\n|start\n|switch|p1a: Aerodactyl|Aerodactyl, L50, F|100/100\n|switch|p1b: Maushold|Maushold-Four, L50|100/100\n|switch|p2a: Starmie|Starmie, L50|100/100\n|switch|p2b: Incineroar|Incineroar, L50, F|100/100\n|-ability|p1a: Aerodactyl|Unnerve\n|-ability|p2b: Incineroar|Intimidate|boost\n|-unboost|p1a: Aerodactyl|atk|1\n|-unboost|p1b: Maushold|atk|1\n|turn|1\n|\n|t:|1776265174\n|detailschange|p2a: Starmie|Starmie-Mega, L50\n|-mega|p2a: Starmie|Starmie|Starminite\n|move|p2b: Incineroar|Fake Out|p1a: Aerodactyl\n|-resisted|p1a: Aerodactyl|1\n|-damage|p1a: Aerodactyl|92/100\n|cant|p1a: Aerodactyl|flinch\n|move|p2a: Starmie|Substitute|p2a: Starmie\n|-start|p2a: Starmie|Substitute\n|-damage|p2a: Starmie|75/100\n|move|p1b: Maushold|Super Fang|p2a: Starmie\n|-end|p2a: Starmie|Substitute\n|\n|upkeep\n|turn|2\n|\n|t:|1776265210\n|move|p2a: Starmie|Protect|p2a: Starmie\n|-singleturn|p2a: Starmie|Protect\n|move|p1a: Aerodactyl|Rock Slide|p2a: Starmie|[spread] p2b\n|-activate|p2a: Starmie|move: Protect\n|-supereffective|p2b: Incineroar|1\n|-damage|p2b: Incineroar|70/100\n|move|p1b: Maushold|Encore|p2a: Starmie\n|-activate|p2a: Starmie|move: Protect\n|move|p2b: Incineroar|Flare Blitz|p1b: Maushold\n|-damage|p1b: Maushold|31/100\n|-damage|p2b: Incineroar|49/100|[from] Recoil\n|\n|upkeep\n|turn|3\n|\n|t:|1776265226\n|switch|p2a: Sinistcha|Sinistcha, L50|100/100\n|-heal|p2b: Incineroar|74/100|[from] ability: Hospitality|[of] p2a: Sinistcha\n|move|p1b: Maushold|Follow Me|p1b: Maushold\n|-singleturn|p1b: Maushold|move: Follow Me\n|move|p1a: Aerodactyl|Rock Slide|p2a: Sinistcha|[spread] p2a\n|-miss|p1a: Aerodactyl|p2b: Incineroar\n|-damage|p2a: Sinistcha|85/100\n|move|p2b: Incineroar|Flare Blitz|p1b: Maushold\n|-damage|p1b: Maushold|0 fnt\n|faint|p1b: Maushold\n|-damage|p2b: Incineroar|65/100|[from] Recoil\n|\n|-heal|p2a: Sinistcha|91/100|[from] item: Leftovers\n|upkeep\n|\n|t:|1776265240\n|switch|p1b: Scizor|Scizor, L50, M|100/100\n|turn|4\n|\n|t:|1776265280\n|detailschange|p1b: Scizor|Scizor-Mega, L50, M\n|-mega|p1b: Scizor|Scizor|Scizorite\n|move|p1a: Aerodactyl|Rock Slide|p2a: Sinistcha|[spread] p2a,p2b\n|-supereffective|p2b: Incineroar|1\n|-damage|p2a: Sinistcha|78/100\n|-damage|p2b: Incineroar|31/100\n|move|p1b: Scizor|Dual Wingbeat|p2b: Incineroar\n|-damage|p2b: Incineroar|8/100\n|-damage|p2b: Incineroar|0 fnt\n|faint|p2b: Incineroar\n|-hitcount|p2: Incineroar|2\n|move|p2a: Sinistcha|Trick Room|p2a: Sinistcha\n|-fieldstart|move: Trick Room|[of] p2a: Sinistcha\n|\n|-heal|p2a: Sinistcha|84/100|[from] item: Leftovers\n|upkeep\n|\n|t:|1776265293\n|switch|p2b: Starmie|Starmie-Mega, L50|75/100\n|turn|5\n|\n|t:|1776265319\n|move|p2a: Sinistcha|Shadow Ball|p1b: Scizor\n|-damage|p1b: Scizor|60/100\n|move|p1b: Scizor|Dual Wingbeat|p2b: Starmie\n|-damage|p2b: Starmie|45/100\n|-damage|p2b: Starmie|15/100\n|-hitcount|p2b: Starmie|2\n|move|p2b: Starmie|Liquidation|p1b: Scizor\n|-damage|p1b: Scizor|0 fnt\n|faint|p1b: Scizor\n|move|p1a: Aerodactyl|Dual Wingbeat|p2b: Starmie\n|-damage|p2b: Starmie|0 fnt\n|faint|p2b: Starmie\n|-hitcount|p2: Starmie|1\n|\n|-heal|p2a: Sinistcha|90/100|[from] item: Leftovers\n|upkeep\n|\n|t:|1776265334\n|switch|p1b: Incineroar|Incineroar, L50, F|100/100\n|switch|p2b: Sneasler|Sneasler, L50, M|100/100\n|-ability|p1b: Incineroar|Intimidate|boost\n|-unboost|p2a: Sinistcha|atk|1\n|-unboost|p2b: Sneasler|atk|1\n|turn|6\n|\n|t:|1776265351\n|move|p1b: Incineroar|Fake Out|p2b: Sneasler\n|-damage|p2b: Sneasler|77/100\n|cant|p2b: Sneasler|flinch\n|move|p2a: Sinistcha|Matcha Gotcha|p1a: Aerodactyl|[spread] p1a,p1b\n|-resisted|p1b: Incineroar|1\n|-damage|p1a: Aerodactyl|56/100\n|-heal|p2a: Sinistcha|100/100|[from] drain|[of] p1a: Aerodactyl\n|-damage|p1b: Incineroar|90/100\n|move|p1a: Aerodactyl|Dual Wingbeat|p2b: Sneasler\n|-supereffective|p2b: Sneasler|1\n|-damage|p2b: Sneasler|39/100\n|-supereffective|p2b: Sneasler|1\n|-damage|p2b: Sneasler|0 fnt\n|faint|p2b: Sneasler\n|-hitcount|p2: Sneasler|2\n|\n|upkeep\n|turn|7\n|\n|t:|1776265370\n|move|p1b: Incineroar|Flare Blitz|p2a: Sinistcha\n|-supereffective|p2a: Sinistcha|1\n|-damage|p2a: Sinistcha|0 fnt\n|faint|p2a: Sinistcha\n|-damage|p1b: Incineroar|61/100|[from] Recoil\n|\n|win|nikbutawesome\n|raw|nikbutawesome's rating: 1181 &rarr; <strong>1211</strong><br />(+30 for winning)\n|raw|Randomkoei's rating: 1257 &rarr; <strong>1227</strong><br />(-30 for losing)\n",
  "uploadtime": 1776265376,
  "views": 24,
  "formatid": "gen9championsvgc2026regma",
  "rating": 1211,
  "private": 0,
  "password": null
}