{
  "id": "gen9championsvgc2026regma-2581388521",
  "format": "[Gen 9 Champions] VGC 2026 Reg M-A",
  "players": [
    "MikeTitan",
    "maimon32"
  ],
  "log": "|j|\u2606MikeTitan\n|j|\u2606maimon32\n|t:|1775995078\n|gametype|doubles\n|player|p1|MikeTitan|blaine|1190\n|player|p2|maimon32|2|1290\n|gen|9\n|tier|[Gen 9 Champions] VGC 2026 Reg M-A\n|rated|\n|rule|Species Clause: Limit one of each Pok\u00e9mon\n|rule|Item Clause: Limit 1 of each item\n|clearpoke\n|poke|p1|Floette-Eternal, L50, F|\n|poke|p1|Garchomp, L50, F|\n|poke|p1|Corviknight, L50, M|\n|poke|p1|Arcanine-Hisui, L50, F|\n|poke|p1|Maushold, L50|\n|poke|p1|Rotom-Wash, L50|\n|poke|p2|Arcanine, L50, M|\n|poke|p2|Rotom-Wash, L50|\n|poke|p2|Garchomp, L50, M|\n|poke|p2|Gardevoir, L50, F|\n|poke|p2|Tyranitar, L50, F|\n|poke|p2|Corviknight, L50, F|\n|teampreview|4\n|\n|t:|1775995110\n|teamsize|p1|4\n|teamsize|p2|4\n|start\n|switch|p1a: Arcanine|Arcanine-Hisui, L50, F, shiny|100/100\n|switch|p1b: Rotom|Rotom-Wash, L50, shiny|100/100\n|switch|p2a: Corviknight|Corviknight, L50, F|100/100\n|switch|p2b: Gardevoir|Gardevoir, L50, F|100/100\n|-ability|p1a: Arcanine|Intimidate|boost\n|-ability|p2a: Corviknight|Mirror Armor\n|-unboost|p1a: Arcanine|atk|1\n|-unboost|p2b: Gardevoir|atk|1\n|turn|1\n|\n|t:|1775995133\n|switch|p1a: Corviknight|Corviknight, L50, M, shiny|100/100\n|detailschange|p2b: Gardevoir|Gardevoir-Mega, L50, F\n|-mega|p2b: Gardevoir|Gardevoir|Gardevoirite\n|move|p1b: Rotom|Electroweb|p2b: Gardevoir|[spread] p2a,p2b\n|-supereffective|p2a: Corviknight|1\n|-damage|p2a: Corviknight|72/100\n|-damage|p2b: Gardevoir|90/100\n|-ability|p2a: Corviknight|Mirror Armor\n|-unboost|p1b: Rotom|spe|1\n|-unboost|p2b: Gardevoir|spe|1\n|move|p2a: Corviknight|Iron Defense|p2a: Corviknight\n|-boost|p2a: Corviknight|def|2\n|move|p2b: Gardevoir|Hyper Voice|p1b: Rotom|[spread] p1a,p1b\n|-resisted|p1a: Corviknight|1\n|-damage|p1a: Corviknight|75/100\n|-damage|p1b: Rotom|51/100\n|\n|-heal|p2a: Corviknight|77/100|[from] item: Leftovers\n|-heal|p1b: Rotom|57/100|[from] item: Leftovers\n|upkeep\n|turn|2\n|\n|t:|1775995157\n|switch|p2b: Rotom|Rotom-Wash, L50|100/100\n|move|p1a: Corviknight|Iron Head|p2b: Rotom\n|-resisted|p2b: Rotom|2\n|-damage|p2b: Rotom|90/100\n|move|p2a: Corviknight|Iron Defense|p2a: Corviknight\n|-boost|p2a: Corviknight|def|2\n|move|p1b: Rotom|Volt Switch|p2a: Corviknight\n|-supereffective|p2a: Corviknight|1\n|-damage|p2a: Corviknight|29/100\n|inactive|Battle timer is ON: inactive players will automatically lose when time's up. (requested by maimon32)\n|\n|t:|1775995171\n|switch|p1b: Floette|Floette-Eternal, L50, F|100/100|[from] Volt Switch\n|\n|-heal|p2a: Corviknight|35/100|[from] item: Leftovers\n|upkeep\n|turn|3\n|inactive|MikeTitan has 30 seconds left.\n|\n|t:|1775995198\n|switch|p1a: Rotom|Rotom-Wash, L50, shiny|57/100\n|detailschange|p1b: Floette|Floette-Mega, L50, F\n|-mega|p1b: Floette|Floette|Floettite\n|-ability|p1b: Floette|Fairy Aura\n|move|p2b: Rotom|Thunderbolt|p1a: Rotom\n|-damage|p1a: Rotom|17/100\n|move|p1b: Floette|Moonblast|p2a: Corviknight\n|-resisted|p2a: Corviknight|1\n|-damage|p2a: Corviknight|6/100\n|move|p2a: Corviknight|Iron Head|p1b: Floette\n|-supereffective|p1b: Floette|1\n|-damage|p1b: Floette|28/100\n|\n|-heal|p1a: Rotom|23/100|[from] item: Leftovers\n|-heal|p2a: Corviknight|12/100|[from] item: Leftovers\n|upkeep\n|turn|4\n|inactive|MikeTitan has 30 seconds left.\n|inactive|maimon32 has 30 seconds left.\n|\n|t:|1775995224\n|move|p1b: Floette|Protect|p1b: Floette\n|-singleturn|p1b: Floette|Protect\n|move|p2b: Rotom|Thunderbolt|p1b: Floette\n|-activate|p1b: Floette|move: Protect\n|move|p1a: Rotom|Electroweb|p2a: Corviknight|[spread] p2a,p2b\n|-supereffective|p2a: Corviknight|1\n|-crit|p2b: Rotom\n|-damage|p2a: Corviknight|0 fnt\n|-damage|p2b: Rotom|60/100\n|-unboost|p2b: Rotom|spe|1\n|faint|p2a: Corviknight\n|\n|-heal|p1a: Rotom|29/100|[from] item: Leftovers\n|upkeep\n|\n|t:|1775995244\n|switch|p2a: Arcanine|Arcanine, L50, M|100/100\n|-ability|p2a: Arcanine|Intimidate|boost\n|-unboost|p1a: Rotom|atk|1\n|-unboost|p1b: Floette|atk|1\n|turn|5\n|\n|t:|1775995253\n|switch|p1b: Arcanine|Arcanine-Hisui, L50, F, shiny|100/100\n|-ability|p1b: Arcanine|Intimidate|boost\n|-unboost|p2a: Arcanine|atk|1\n|-unboost|p2b: Rotom|atk|1\n|move|p2a: Arcanine|Flare Blitz|p1b: Arcanine\n|-resisted|p1b: Arcanine|2\n|-damage|p1b: Arcanine|91/100\n|-damage|p2a: Arcanine|98/100|[from] Recoil\n|move|p2b: Rotom|Thunderbolt|p1a: Rotom\n|-damage|p1a: Rotom|0 fnt\n|faint|p1a: Rotom\n|\n|upkeep\n|\n|t:|1775995276\n|switch|p1a: Floette|Floette-Mega, L50, F|28/100\n|-ability|p1a: Floette|Fairy Aura\n|turn|6\n|\n|t:|1775995289\n|move|p1a: Floette|Protect|p1a: Floette\n|-singleturn|p1a: Floette|Protect\n|move|p1b: Arcanine|Rock Slide|p2a: Arcanine|[spread] p2a,p2b\n|-supereffective|p2a: Arcanine|1\n|-damage|p2a: Arcanine|37/100\n|-damage|p2b: Rotom|19/100\n|-enditem|p2a: Arcanine|Sitrus Berry|[eat]\n|-heal|p2a: Arcanine|62/100|[from] item: Sitrus Berry\n|move|p2a: Arcanine|Snarl|p1b: Arcanine|[spread] p1b\n|-activate|p1a: Floette|move: Protect\n|-damage|p1b: Arcanine|80/100\n|-unboost|p1b: Arcanine|spa|1\n|move|p2b: Rotom|Thunderbolt|p1a: Floette\n|-activate|p1a: Floette|move: Protect\n|\n|upkeep\n|turn|7\n|\n|t:|1775995306\n|move|p1b: Arcanine|Rock Slide|p2b: Rotom|[spread] p2a\n|-miss|p1b: Arcanine|p2b: Rotom\n|-supereffective|p2a: Arcanine|1\n|-damage|p2a: Arcanine|0 fnt\n|faint|p2a: Arcanine\n|move|p1a: Floette|Dazzling Gleam|p2b: Rotom\n|-damage|p2b: Rotom|0 fnt\n|faint|p2b: Rotom\n|\n|upkeep\n|\n|t:|1775995311\n|switch|p2b: Gardevoir|Gardevoir-Mega, L50, F|90/100\n|turn|8\n|\n|t:|1775995321\n|move|p1b: Arcanine|Rock Slide|p2b: Gardevoir\n|-damage|p2b: Gardevoir|41/100\n|move|p1a: Floette|Moonblast|p2b: Gardevoir\n|-damage|p2b: Gardevoir|0 fnt\n|faint|p2b: Gardevoir\n|\n|win|MikeTitan\n|raw|MikeTitan's rating: 1190 &rarr; <strong>1222</strong><br />(+32 for winning)\n|raw|maimon32's rating: 1290 &rarr; <strong>1258</strong><br />(-32 for losing)\n",
  "uploadtime": 1775995336,
  "views": 34,
  "formatid": "gen9championsvgc2026regma",
  "rating": 1222,
  "private": 0,
  "password": null
}