{
  "id": "gen9championsvgc2026regma-2587995029",
  "format": "[Gen 9 Champions] VGC 2026 Reg M-A",
  "players": [
    "B. Farro",
    "lynnax"
  ],
  "log": "|j|\u2606B. Farro\n|j|\u2606lynnax\n|t:|1776590298\n|gametype|doubles\n|player|p1|B. Farro|ingo|1120\n|player|p2|lynnax|266|1155\n|gen|9\n|tier|[Gen 9 Champions] VGC 2026 Reg M-A\n|rated|\n|rule|Species Clause: Limit one of each Pok\u00e9mon\n|rule|Item Clause: Limit 1 of each item\n|clearpoke\n|poke|p1|Glimmora, L50, F|\n|poke|p1|Whimsicott, L50, F|\n|poke|p1|Altaria, L50, F|\n|poke|p1|Talonflame, L50, M|\n|poke|p1|Garchomp, L50, M|\n|poke|p1|Weavile, L50, F|\n|poke|p2|Incineroar, L50, F|\n|poke|p2|Sneasler, L50, F|\n|poke|p2|Pelipper, L50, F|\n|poke|p2|Sinistcha-Masterpiece, L50|\n|poke|p2|Gengar, L50, M, shiny|\n|poke|p2|Basculegion, L50, M, shiny|\n|teampreview|4\n|\n|t:|1776590360\n|teamsize|p1|4\n|teamsize|p2|4\n|start\n|switch|p1a: Weavile|Weavile, L50, F|100/100\n|switch|p1b: Whimsicott|Whimsicott, L50, F|100/100\n|switch|p2a: Sneasler|Sneasler, L50, F|100/100\n|switch|p2b: Basculegion|Basculegion, L50, M, shiny|100/100\n|-ability|p1a: Weavile|Pressure\n|turn|1\n|\n|t:|1776590382\n|move|p1a: Weavile|Fake Out|p2a: Sneasler\n|-damage|p2a: Sneasler|76/100\n|cant|p2a: Sneasler|flinch\n|move|p1b: Whimsicott|Tailwind|p1b: Whimsicott\n|-sidestart|p1: B. Farro|move: Tailwind\n|move|p2b: Basculegion|Psychic Fangs|p1b: Whimsicott\n|-damage|p1b: Whimsicott|60/100\n|\n|upkeep\n|turn|2\n|\n|t:|1776590410\n|switch|p2b: Gengar|Gengar, L50, M, shiny|100/100\n|switch|p2a: Pelipper|Pelipper, L50, F|100/100\n|-weather|RainDance|[from] ability: Drizzle|[of] p2a: Pelipper\n|move|p1a: Weavile|Knock Off|p2b: Gengar\n|-supereffective|p2b: Gengar|1\n|-damage|p2b: Gengar|0 fnt\n|faint|p2b: Gengar\n|move|p1b: Whimsicott|Energy Ball|p2a: Pelipper\n|-damage|p2a: Pelipper|63/100\n|-unboost|p2a: Pelipper|spd|1\n|\n|-weather|RainDance|[upkeep]\n|-heal|p2a: Pelipper|69/100|[from] item: Leftovers\n|upkeep\n|\n|t:|1776590432\n|switch|p2b: Sneasler|Sneasler, L50, F|76/100\n|turn|3\n|\n|t:|1776590457\n|move|p2b: Sneasler|Protect|p2b: Sneasler\n|-singleturn|p2b: Sneasler|Protect\n|move|p1a: Weavile|Triple Axel|p2b: Sneasler\n|-activate|p2b: Sneasler|move: Protect\n|move|p1b: Whimsicott|Moonblast|p2b: Sneasler\n|-activate|p2b: Sneasler|move: Protect\n|move|p2a: Pelipper|Tailwind|p2a: Pelipper\n|-sidestart|p2: lynnax|move: Tailwind\n|\n|-weather|RainDance|[upkeep]\n|-heal|p2a: Pelipper|75/100|[from] item: Leftovers\n|upkeep\n|turn|4\n|\n|t:|1776590493\n|switch|p2a: Basculegion|Basculegion, L50, M, shiny|100/100\n|move|p1a: Weavile|Knock Off|p2b: Sneasler\n|-resisted|p2b: Sneasler|1\n|-damage|p2b: Sneasler|34/100\n|-enditem|p2b: Sneasler|Focus Sash|[from] move: Knock Off|[of] p1a: Weavile\n|move|p2b: Sneasler|Dire Claw|p1b: Whimsicott\n|-supereffective|p1b: Whimsicott|2\n|-damage|p1b: Whimsicott|0 fnt\n|faint|p1b: Whimsicott\n|\n|-weather|RainDance|[upkeep]\n|-sideend|p1: B. Farro|move: Tailwind\n|upkeep\n|\n|t:|1776590525\n|switch|p1b: Glimmora|Glimmora, L50, F|100/100\n|turn|5\n|\n|t:|1776590560\n|detailschange|p1b: Glimmora|Glimmora-Mega, L50, F\n|-mega|p1b: Glimmora|Glimmora|Glimmoranite\n|move|p2a: Basculegion|Liquidation|p1b: Glimmora\n|-supereffective|p1b: Glimmora|1\n|-damage|p1b: Glimmora|0 fnt\n|faint|p1b: Glimmora\n|move|p2b: Sneasler|Close Combat|p1a: Weavile\n|-supereffective|p1a: Weavile|2\n|-enditem|p1a: Weavile|Focus Sash\n|-damage|p1a: Weavile|1/100\n|-unboost|p2b: Sneasler|def|1\n|-unboost|p2b: Sneasler|spd|1\n|move|p1a: Weavile|Knock Off|p2a: Basculegion\n|-supereffective|p2a: Basculegion|1\n|-damage|p2a: Basculegion|0 fnt\n|-enditem|p2a: Basculegion|Choice Scarf|[from] move: Knock Off|[of] p1a: Weavile\n|faint|p2a: Basculegion\n|\n|-weather|RainDance|[upkeep]\n|upkeep\n|\n|t:|1776590582\n|switch|p1b: Garchomp|Garchomp, L50, M|100/100\n|switch|p2a: Pelipper|Pelipper, L50, F|75/100\n|turn|6\n|\n|t:|1776590614\n|move|p2b: Sneasler|Protect|p2b: Sneasler\n|-singleturn|p2b: Sneasler|Protect\n|move|p1a: Weavile|Triple Axel|p2a: Pelipper\n|-damage|p2a: Pelipper|65/100\n|-hitcount|p2a: Pelipper|1\n|move|p2a: Pelipper|Surf|p1a: Weavile|[spread] p1a,p1b\n|-activate|p2b: Sneasler|move: Protect\n|-damage|p1a: Weavile|0 fnt\n|-damage|p1b: Garchomp|65/100\n|faint|p1a: Weavile\n|move|p1b: Garchomp|Dragon Claw|p2b: Sneasler\n|-activate|p2b: Sneasler|move: Protect\n|\n|-weather|none\n|-heal|p2a: Pelipper|71/100|[from] item: Leftovers\n|-sideend|p2: lynnax|move: Tailwind\n|upkeep\n|turn|7\n|\n|t:|1776590648\n|move|p2b: Sneasler|Close Combat|p1b: Garchomp\n|-damage|p1b: Garchomp|0 fnt\n|-unboost|p2b: Sneasler|def|1\n|-unboost|p2b: Sneasler|spd|1\n|-damage|p2b: Sneasler|22/100|[from] ability: Rough Skin|[of] p1b: Garchomp\n|faint|p1b: Garchomp\n|\n|win|lynnax\n|raw|B. Farro's rating: 1120 &rarr; <strong>1098</strong><br />(-22 for losing)\n|raw|lynnax's rating: 1155 &rarr; <strong>1177</strong><br />(+22 for winning)\n",
  "uploadtime": 1776590657,
  "views": 40,
  "formatid": "gen9championsvgc2026regma",
  "rating": 1098,
  "private": 0,
  "password": null
}