{
  "id": "gen9championsvgc2026regma-2580854306",
  "format": "[Gen 9 Champions] VGC 2026 Reg M-A",
  "players": [
    "onyxbog",
    "viatable"
  ],
  "log": "|j|\u2606onyxbog\n|j|\u2606viatable\n|t:|1775937931\n|gametype|doubles\n|player|p1|onyxbog|iris|1081\n|player|p2|viatable|170|1111\n|gen|9\n|tier|[Gen 9 Champions] VGC 2026 Reg M-A\n|rated|\n|rule|Species Clause: Limit one of each Pok\u00e9mon\n|rule|Item Clause: Limit 1 of each item\n|clearpoke\n|poke|p1|Maushold-Four, L50|\n|poke|p1|Chesnaught, L50, F|\n|poke|p1|Incineroar, L50, F|\n|poke|p1|Altaria, L50, F|\n|poke|p1|Alcremie-Rainbow-Swirl, L50, F|\n|poke|p1|Starmie, L50|\n|poke|p2|Ninetales-Alola, L50, F|\n|poke|p2|Delphox, L50, M|\n|poke|p2|Conkeldurr, L50, M|\n|poke|p2|Samurott-Hisui, L50, F|\n|poke|p2|Abomasnow, L50, F|\n|poke|p2|Sinistcha, L50|\n|teampreview|4\nviatable rejected open team sheets.\n|inactive|Battle timer is ON: inactive players will automatically lose when time's up. (requested by onyxbog)\n|inactive|viatable has 60 seconds left.\n|\n|t:|1775937982\n|teamsize|p1|4\n|teamsize|p2|4\n|start\n|switch|p1a: Starmie|Starmie, L50|100/100\n|switch|p1b: Incineroar|Incineroar, L50, F, shiny|100/100\n|switch|p2a: Samurott|Samurott-Hisui, L50, F|100/100\n|switch|p2b: Delphox|Delphox, L50, M|100/100\n|-ability|p1b: Incineroar|Intimidate|boost\n|-unboost|p2a: Samurott|atk|1\n|-unboost|p2b: Delphox|atk|1\n|turn|1\n|inactive|onyxbog has 30 seconds left.\n|\n|t:|1775938015\n|detailschange|p1a: Starmie|Starmie-Mega, L50\n|-mega|p1a: Starmie|Starmie|Starminite\n|detailschange|p2b: Delphox|Delphox-Mega, L50, M\n|-mega|p2b: Delphox|Delphox|Delphoxite\n|move|p2b: Delphox|Helping Hand|p2a: Samurott\n|-singleturn|p2a: Samurott|Helping Hand|[of] p2b: Delphox\n|move|p1b: Incineroar|Fake Out|p2a: Samurott\n|-damage|p2a: Samurott|87/100\n|move|p1a: Starmie|Hydro Pump|p2b: Delphox|[miss]\n|-miss|p1a: Starmie|p2b: Delphox\n|cant|p2a: Samurott|flinch\n|\n|upkeep\n|turn|2\n|inactive|onyxbog has 30 seconds left.\n|inactive|viatable has 30 seconds left.\n|inactive|onyxbog has 20 seconds left.\n|\n|t:|1775938051\n|switch|p2b: Sinistcha|Sinistcha, L50|100/100\n|-heal|p2a: Samurott|100/100|[from] ability: Hospitality|[of] p2b: Sinistcha\n|move|p1a: Starmie|Protect|p1a: Starmie\n|-singleturn|p1a: Starmie|Protect\n|move|p2a: Samurott|Protect|p2a: Samurott\n|-singleturn|p2a: Samurott|Protect\n|move|p1b: Incineroar|Will-O-Wisp|p2a: Samurott\n|-activate|p2a: Samurott|move: Protect\n|\n|upkeep\n|turn|3\n|inactive|onyxbog has 30 seconds left.\n|inactive|viatable has 30 seconds left.\n|\n|t:|1775938081\n|switch|p1a: Maushold|Maushold-Four, L50|100/100\n|switch|p2a: Delphox|Delphox-Mega, L50, M|100/100\n|move|p1b: Incineroar|Parting Shot|p2a: Delphox\n|-unboost|p2a: Delphox|atk|1\n|-unboost|p2a: Delphox|spa|1\n|\n|t:|1775938094\n|switch|p1b: Starmie|Starmie-Mega, L50|100/100|[from] Parting Shot\n|move|p2b: Sinistcha|Trick Room|p2b: Sinistcha\n|-fieldstart|move: Trick Room|[of] p2b: Sinistcha\n|\n|upkeep\n|turn|4\n|\n|t:|1775938115\n|move|p2a: Delphox|Helping Hand|p2b: Sinistcha\n|-singleturn|p2b: Sinistcha|Helping Hand|[of] p2a: Delphox\n|move|p1a: Maushold|Protect|p1a: Maushold\n|-singleturn|p1a: Maushold|Protect\n|move|p1b: Starmie|Protect|p1b: Starmie\n|-singleturn|p1b: Starmie|Protect\n|move|p2b: Sinistcha|Shadow Ball|p1b: Starmie\n|-activate|p1b: Starmie|move: Protect\n|\n|upkeep\n|turn|5\n|\n|t:|1775938132\n|switch|p2a: Conkeldurr|Conkeldurr, L50, M|100/100\n|move|p1a: Maushold|Follow Me|p1a: Maushold\n|-singleturn|p1a: Maushold|move: Follow Me\n|move|p2b: Sinistcha|Shadow Ball|p1a: Maushold\n|-immune|p1a: Maushold\n|move|p1b: Starmie|Hydro Pump|p2a: Conkeldurr\n|-damage|p2a: Conkeldurr|42/100\n|\n|upkeep\n|turn|6\n|\n|t:|1775938155\n|switch|p1b: Incineroar|Incineroar, L50, F, shiny|100/100\n|-ability|p1b: Incineroar|Intimidate|boost\n|-unboost|p2a: Conkeldurr|atk|1\n|-unboost|p2b: Sinistcha|atk|1\n|-enditem|p2a: Conkeldurr|White Herb\n|-clearnegativeboost|p2a: Conkeldurr|[silent]\n|move|p1a: Maushold|Protect|p1a: Maushold\n|-singleturn|p1a: Maushold|Protect\n|move|p2b: Sinistcha|Rage Powder|p2b: Sinistcha\n|-singleturn|p2b: Sinistcha|move: Rage Powder\n|move|p2a: Conkeldurr|Close Combat|p1a: Maushold\n|-activate|p1a: Maushold|move: Protect\n|\n|upkeep\n|turn|7\n|inactive|viatable has 30 seconds left.\n|\n|t:|1775938181\n|switch|p1a: Altaria|Altaria, L50, F, shiny|100/100\n|-ability|p1a: Altaria|Cloud Nine\n|move|p2a: Conkeldurr|Protect|p2a: Conkeldurr\n|-singleturn|p2a: Conkeldurr|Protect\n|move|p2b: Sinistcha|Protect|p2b: Sinistcha\n|-singleturn|p2b: Sinistcha|Protect\n|move|p1b: Incineroar|Will-O-Wisp|p2a: Conkeldurr\n|-activate|p2a: Conkeldurr|move: Protect\n|\n|-fieldend|move: Trick Room\n|upkeep\n|turn|8\n|\n|t:|1775938204\n|switch|p2a: Samurott|Samurott-Hisui, L50, F|100/100\n|move|p1a: Altaria|Tailwind|p1a: Altaria\n|-sidestart|p1: onyxbog|move: Tailwind\n|move|p1b: Incineroar|Parting Shot|p2a: Samurott\n|-unboost|p2a: Samurott|atk|1\n|-unboost|p2a: Samurott|spa|1\n|\n|t:|1775938219\n|switch|p1b: Starmie|Starmie-Mega, L50|100/100|[from] Parting Shot\n|move|p2b: Sinistcha|Trick Room|p2b: Sinistcha\n|-fieldstart|move: Trick Room|[of] p2b: Sinistcha\n|\n|upkeep\n|turn|9\n|\n|t:|1775938235\n|switch|p1b: Incineroar|Incineroar, L50, F, shiny|100/100\n|-ability|p1b: Incineroar|Intimidate|boost\n|-unboost|p2a: Samurott|atk|1\n|-unboost|p2b: Sinistcha|atk|1\n|move|p2b: Sinistcha|Shadow Ball|p1b: Incineroar\n|-resisted|p1b: Incineroar|1\n|-damage|p1b: Incineroar|88/100\n|move|p2a: Samurott|Night Slash|p1a: Altaria\n|-crit|p1a: Altaria\n|-damage|p1a: Altaria|41/100\n|-enditem|p1a: Altaria|Sitrus Berry|[eat]\n|-heal|p1a: Altaria|65/100|[from] item: Sitrus Berry\n|move|p1a: Altaria|Will-O-Wisp|p2a: Samurott\n|-status|p2a: Samurott|brn\n|\n|-damage|p2a: Samurott|94/100 brn|[from] brn\n|upkeep\n|turn|10\n|inactive|viatable has 30 seconds left.\n|inactive|onyxbog has 30 seconds left.\n|inactive|viatable has 20 seconds left.\n|\n|t:|1775938273\n|switch|p2a: Delphox|Delphox-Mega, L50, M|100/100\n|move|p2b: Sinistcha|Shadow Ball|p1a: Altaria\n|-damage|p1a: Altaria|39/100\n|move|p1b: Incineroar|Will-O-Wisp|p2b: Sinistcha\n|-status|p2b: Sinistcha|brn\n|move|p1a: Altaria|Breaking Swipe|p2a: Delphox|[spread] p2a,p2b\n|-damage|p2a: Delphox|88/100\n|-damage|p2b: Sinistcha|92/100 brn\n|-unboost|p2a: Delphox|atk|1\n|-unboost|p2b: Sinistcha|atk|1\n|\n|-heal|p2b: Sinistcha|98/100 brn|[from] item: Leftovers\n|-damage|p2b: Sinistcha|92/100 brn|[from] brn\n|upkeep\n|turn|11\n|inactive|viatable has 30 seconds left.\n|\n|t:|1775938305\n|move|p2b: Sinistcha|Protect|p2b: Sinistcha\n|-singleturn|p2b: Sinistcha|Protect\n|move|p1a: Altaria|Protect|p1a: Altaria\n|-singleturn|p1a: Altaria|Protect\n|move|p1b: Incineroar|Parting Shot|p2a: Delphox\n|-unboost|p2a: Delphox|atk|1\n|-unboost|p2a: Delphox|spa|1\n|\n|t:|1775938313\n|switch|p1b: Starmie|Starmie-Mega, L50|100/100|[from] Parting Shot\n|move|p2a: Delphox|Dazzling Gleam|p1b: Starmie|[spread] p1b\n|-activate|p1a: Altaria|move: Protect\n|-damage|p1b: Starmie|83/100\n|\n|-heal|p2b: Sinistcha|98/100 brn|[from] item: Leftovers\n|-damage|p2b: Sinistcha|92/100 brn|[from] brn\n|-sideend|p1: onyxbog|move: Tailwind\n|upkeep\n|turn|12\n|inactive|viatable has 30 seconds left.\n|inactive|viatable has 20 seconds left.\n|\n|t:|1775938350\n|move|p1b: Starmie|Protect|p1b: Starmie\n|-singleturn|p1b: Starmie|Protect\n|move|p2b: Sinistcha|Shadow Ball|p1b: Starmie\n|-activate|p1b: Starmie|move: Protect\n|move|p1a: Altaria|Tailwind|p1a: Altaria\n|-sidestart|p1: onyxbog|move: Tailwind\n|move|p2a: Delphox|Dazzling Gleam|p1a: Altaria|[spread] p1a\n|-activate|p1b: Starmie|move: Protect\n|-supereffective|p1a: Altaria|1\n|-damage|p1a: Altaria|13/100\n|\n|-heal|p2b: Sinistcha|98/100 brn|[from] item: Leftovers\n|-damage|p2b: Sinistcha|92/100 brn|[from] brn\n|-fieldend|move: Trick Room\n|upkeep\n|turn|13\n|inactive|viatable has 30 seconds left.\n|\n|t:|1775938381\n|switch|p1a: Maushold|Maushold-Four, L50|100/100\n|switch|p2a: Samurott|Samurott-Hisui, L50, F|94/100 brn\n|move|p1b: Starmie|Ice Beam|p2b: Sinistcha\n|-supereffective|p2b: Sinistcha|1\n|-damage|p2b: Sinistcha|36/100 brn\n|move|p2b: Sinistcha|Trick Room|p2b: Sinistcha\n|-fieldstart|move: Trick Room|[of] p2b: Sinistcha\n|\n|-heal|p2b: Sinistcha|43/100 brn|[from] item: Leftovers\n|-damage|p2b: Sinistcha|36/100 brn|[from] brn\n|-damage|p2a: Samurott|88/100 brn|[from] brn\n|upkeep\n|turn|14\n|inactive|onyxbog has 30 seconds left.\n|inactive|viatable has 30 seconds left.\n|\n|t:|1775938412\n|switch|p2b: Conkeldurr|Conkeldurr, L50, M|42/100\n|move|p1b: Starmie|Protect|p1b: Starmie\n|-singleturn|p1b: Starmie|Protect\n|move|p2a: Samurott|Sacred Sword|p1a: Maushold\n|-supereffective|p1a: Maushold|1\n|-damage|p1a: Maushold|38/100\n|move|p1a: Maushold|U-turn|p2a: Samurott\n|-supereffective|p2a: Samurott|1\n|-damage|p2a: Samurott|56/100 brn\n|\n|t:|1775938421\n|switch|p1a: Incineroar|Incineroar, L50, F, shiny|88/100|[from] U-turn\n|-ability|p1a: Incineroar|Intimidate|boost\n|-unboost|p2a: Samurott|atk|1\n|-unboost|p2b: Conkeldurr|atk|1\n|\n|-damage|p2a: Samurott|50/100 brn|[from] brn\n|upkeep\n|turn|15\n|\n|t:|1775938442\n|move|p1a: Incineroar|Fake Out|p2a: Samurott\n|-damage|p2a: Samurott|36/100 brn\n|move|p2b: Conkeldurr|Close Combat|p1a: Incineroar\n|-supereffective|p1a: Incineroar|1\n|-enditem|p1a: Incineroar|Chople Berry|[eat]\n|-enditem|p1a: Incineroar|Chople Berry|[weaken]\n|-damage|p1a: Incineroar|40/100\n|-unboost|p2b: Conkeldurr|def|1\n|-unboost|p2b: Conkeldurr|spd|1\n|cant|p2a: Samurott|flinch\n|move|p1b: Starmie|Zen Headbutt|p2b: Conkeldurr\n|-supereffective|p2b: Conkeldurr|1\n|-damage|p2b: Conkeldurr|0 fnt\n|faint|p2b: Conkeldurr\n|\n|-damage|p2a: Samurott|30/100 brn|[from] brn\n|-sideend|p1: onyxbog|move: Tailwind\n|upkeep\n|\n|t:|1775938461\n|switch|p2b: Sinistcha|Sinistcha, L50|36/100 brn\n|-heal|p2a: Samurott|55/100 brn|[from] ability: Hospitality|[of] p2b: Sinistcha\n|turn|16\n|inactive|viatable has 30 seconds left.\n|inactive|viatable has 20 seconds left.\n|\n|t:|1775938483\n|switch|p1a: Altaria|Altaria, L50, F, shiny|13/100\n|-ability|p1a: Altaria|Cloud Nine\n|move|p2b: Sinistcha|Protect|p2b: Sinistcha\n|-singleturn|p2b: Sinistcha|Protect\n|move|p1b: Starmie|Protect|p1b: Starmie\n|-singleturn|p1b: Starmie|Protect\n|move|p2a: Samurott|Aqua Cutter|p1a: Altaria\n|-resisted|p1a: Altaria|1\n|-damage|p1a: Altaria|5/100\n|\n|-heal|p2b: Sinistcha|43/100 brn|[from] item: Leftovers\n|-damage|p2b: Sinistcha|36/100 brn|[from] brn\n|-damage|p2a: Samurott|49/100 brn|[from] brn\n|upkeep\n|turn|17\n|inactive|viatable has 20 seconds left this turn.\n|inactive|viatable has 15 seconds left.\n|inactive|viatable has 10 seconds left.\n|inactive|viatable has 5 seconds left.\n|-message|viatable lost due to inactivity.\n|\n|win|onyxbog\n|raw|onyxbog's rating: 1081 &rarr; <strong>1111</strong><br />(+30 for winning)\n|raw|viatable's rating: 1111 &rarr; <strong>1084</strong><br />(-27 for losing)\n|l|\u2606viatable\n|player|p2|\n",
  "uploadtime": 1775938519,
  "views": 22,
  "formatid": "gen9championsvgc2026regma",
  "rating": 1084,
  "private": 0,
  "password": null
}