{
  "id": "gen9championsvgc2026regma-2585863028",
  "format": "[Gen 9 Champions] VGC 2026 Reg M-A",
  "players": [
    "iliasdelm",
    "tikotron3826"
  ],
  "log": "|j|\u2606iliasdelm\n|j|\u2606tikotron3826\n|t:|1776376464\n|gametype|doubles\n|player|p1|iliasdelm|gambler|1309\n|player|p2|tikotron3826|101|1337\n|gen|9\n|tier|[Gen 9 Champions] VGC 2026 Reg M-A\n|rated|\n|rule|Species Clause: Limit one of each Pok\u00e9mon\n|rule|Item Clause: Limit 1 of each item\n|clearpoke\n|poke|p1|Heracross, L50, M|\n|poke|p1|Politoed, L50, F|\n|poke|p1|Archaludon, L50, F|\n|poke|p1|Sneasler, L50, M|\n|poke|p1|Basculegion, L50, M|\n|poke|p1|Kingambit, L50, F|\n|poke|p2|Milotic, L50, F|\n|poke|p2|Incineroar, L50, M|\n|poke|p2|Meganium, L50, M|\n|poke|p2|Gengar, L50, M|\n|poke|p2|Gallade, L50, M|\n|poke|p2|Aerodactyl, L50, M|\n|teampreview|4\n|\n|t:|1776376507\n|teamsize|p1|4\n|teamsize|p2|4\n|start\n|switch|p1a: Sneasler|Sneasler, L50, M|100/100\n|switch|p1b: Archaludon|Archaludon, L50, F|100/100\n|switch|p2a: Aerodactyl|Aerodactyl, L50, M|100/100\n|switch|p2b: Gallade|Gallade, L50, M|100/100\n|-ability|p2a: Aerodactyl|Unnerve\n|turn|1\n|\n|t:|1776376531\n|move|p2a: Aerodactyl|Protect|p2a: Aerodactyl\n|-singleturn|p2a: Aerodactyl|Protect\n|move|p2b: Gallade|Protect|p2b: Gallade\n|-singleturn|p2b: Gallade|Protect\n|move|p1a: Sneasler|Fake Out|p2b: Gallade\n|-activate|p2b: Gallade|move: Protect\n|move|p1b: Archaludon|Flash Cannon|p2a: Aerodactyl\n|-activate|p2a: Aerodactyl|move: Protect\n|\n|upkeep\n|turn|2\n|\n|t:|1776376551\n|switch|p1b: Heracross|Heracross, L50, M|100/100\n|move|p1a: Sneasler|Protect|p1a: Sneasler\n|-singleturn|p1a: Sneasler|Protect\n|move|p2a: Aerodactyl|Dual Wingbeat|p1a: Sneasler\n|-activate|p1a: Sneasler|move: Protect\n|move|p2b: Gallade|Sacred Sword|p1b: Heracross\n|-resisted|p1b: Heracross|1\n|-damage|p1b: Heracross|59/100\n|\n|upkeep\n|turn|3\n|\n|t:|1776376572\n|switch|p1a: Archaludon|Archaludon, L50, F|100/100\n|move|p1b: Heracross|Protect|p1b: Heracross\n|-singleturn|p1b: Heracross|Protect\n|move|p2a: Aerodactyl|Tailwind|p2a: Aerodactyl\n|-sidestart|p2: tikotron3826|move: Tailwind\n|move|p2b: Gallade|Psycho Cut|p1b: Heracross\n|-activate|p1b: Heracross|move: Protect\n|\n|upkeep\n|turn|4\n|\n|t:|1776376584\n|switch|p1b: Politoed|Politoed, L50, F|100/100\n|-weather|RainDance|[from] ability: Drizzle|[of] p1b: Politoed\n|move|p2a: Aerodactyl|Dual Wingbeat|p1b: Politoed\n|-damage|p1b: Politoed|84/100\n|-damage|p1b: Politoed|68/100\n|-hitcount|p1b: Politoed|2\n|move|p2b: Gallade|Sacred Sword|p1a: Archaludon\n|-supereffective|p1a: Archaludon|1\n|-damage|p1a: Archaludon|0 fnt\n|faint|p1a: Archaludon\n|\n|-weather|RainDance|[upkeep]\n|-heal|p1b: Politoed|74/100|[from] item: Leftovers\n|upkeep\n|\n|t:|1776376594\n|switch|p1a: Sneasler|Sneasler, L50, M|100/100\n|turn|5\n|-message|iliasdelm forfeited.\n|\n|win|tikotron3826\n|raw|iliasdelm's rating: 1309 &rarr; <strong>1291</strong><br />(-18 for losing)\n|raw|tikotron3826's rating: 1337 &rarr; <strong>1355</strong><br />(+18 for winning)\n",
  "uploadtime": 1776376609,
  "views": 37,
  "formatid": "gen9championsvgc2026regma",
  "rating": 1291,
  "private": 0,
  "password": null
}