{
  "id": "gen9championsvgc2026regma-2586601566",
  "format": "[Gen 9 Champions] VGC 2026 Reg M-A",
  "players": [
    "Seppia98",
    "BroDontFuckWithMe"
  ],
  "log": "|j|\u2606Seppia98\n|j|\u2606BroDontFuckWithMe\n|t:|1776446023\n|gametype|doubles\n|player|p1|Seppia98|1|1342\n|player|p2|BroDontFuckWithMe|170|1349\n|gen|9\n|tier|[Gen 9 Champions] VGC 2026 Reg M-A\n|rated|\n|rule|Species Clause: Limit one of each Pok\u00e9mon\n|rule|Item Clause: Limit 1 of each item\n|clearpoke\n|poke|p1|Gengar, L50, F|\n|poke|p1|Whimsicott, L50, M|\n|poke|p1|Kingambit, L50, F|\n|poke|p1|Kommo-o, L50, M|\n|poke|p1|Incineroar, L50, M|\n|poke|p1|Milotic, L50, F|\n|poke|p2|Starmie, L50|\n|poke|p2|Rotom-Heat, L50|\n|poke|p2|Excadrill, L50, F|\n|poke|p2|Sinistcha, L50|\n|poke|p2|Tyranitar, L50, M|\n|poke|p2|Gardevoir, L50, F|\n|teampreview|4\n|inactive|Battle timer is ON: inactive players will automatically lose when time's up. (requested by Seppia98)\n|\n|t:|1776446082\n|teamsize|p1|4\n|teamsize|p2|4\n|start\n|switch|p1a: Incineroar|Incineroar, L50, M|100/100\n|switch|p1b: Milotic|Milotic, L50, F|100/100\n|switch|p2a: Gardevoir|Gardevoir, L50, F|100/100\n|switch|p2b: Starmie|Starmie, L50|100/100\n|-ability|p1a: Incineroar|Intimidate|boost\n|-unboost|p2a: Gardevoir|atk|1\n|-unboost|p2b: Starmie|atk|1\n|turn|1\n|\n|t:|1776446107\n|switch|p2b: Rotom|Rotom-Heat, L50|100/100\n|move|p1a: Incineroar|Fake Out|p2b: Rotom\n|-damage|p2b: Rotom|89/100\n|move|p2a: Gardevoir|Moonblast|p1b: Milotic\n|-damage|p1b: Milotic|62/100\n|move|p1b: Milotic|Icy Wind|p2b: Rotom|[spread] p2a,p2b\n|-resisted|p2b: Rotom|1\n|-damage|p2a: Gardevoir|90/100\n|-damage|p2b: Rotom|84/100\n|-unboost|p2a: Gardevoir|spe|1\n|-unboost|p2b: Rotom|spe|1\n|\n|-heal|p1b: Milotic|68/100|[from] item: Leftovers\n|upkeep\n|turn|2\n|inactive|Seppia98 has 30 seconds left.\n|inactive|BroDontFuckWithMe has 30 seconds left.\n|\n|t:|1776446139\n|move|p2a: Gardevoir|Moonblast|p1a: Incineroar\n|-damage|p1a: Incineroar|57/100\n|move|p1b: Milotic|Icy Wind|p2a: Gardevoir|[spread] p2a,p2b\n|-resisted|p2b: Rotom|1\n|-damage|p2a: Gardevoir|79/100\n|-damage|p2b: Rotom|79/100\n|-unboost|p2a: Gardevoir|spe|1\n|-unboost|p2b: Rotom|spe|1\n|move|p1a: Incineroar|Parting Shot|p2b: Rotom\n|-unboost|p2b: Rotom|atk|1\n|-unboost|p2b: Rotom|spa|1\n|\n|t:|1776446153\n|switch|p1a: Gengar|Gengar, L50, F|100/100|[from] Parting Shot\n|move|p2b: Rotom|Volt Switch|p1b: Milotic\n|-supereffective|p1b: Milotic|1\n|-damage|p1b: Milotic|40/100\n|\n|t:|1776446158\n|switch|p2b: Starmie|Starmie, L50|100/100|[from] Volt Switch\n|\n|-heal|p1b: Milotic|46/100|[from] item: Leftovers\n|upkeep\n|turn|3\n|\n|t:|1776446179\n|detailschange|p2b: Starmie|Starmie-Mega, L50\n|-mega|p2b: Starmie|Starmie|Starminite\n|detailschange|p1a: Gengar|Gengar-Mega, L50, F\n|-mega|p1a: Gengar|Gengar|Gengarite\n|move|p1a: Gengar|Protect|p1a: Gengar\n|-singleturn|p1a: Gengar|Protect\n|move|p2b: Starmie|Liquidation|p1a: Gengar\n|-activate|p1a: Gengar|move: Protect\n|move|p1b: Milotic|Icy Wind|p2a: Gardevoir|[spread] p2a,p2b\n|-resisted|p2b: Starmie|1\n|-damage|p2a: Gardevoir|69/100\n|-damage|p2b: Starmie|94/100\n|-unboost|p2a: Gardevoir|spe|1\n|-unboost|p2b: Starmie|spe|1\n|move|p2a: Gardevoir|Moonblast|p1b: Milotic\n|-damage|p1b: Milotic|9/100\n|\n|-heal|p1b: Milotic|15/100|[from] item: Leftovers\n|upkeep\n|turn|4\n|inactive|Seppia98 has 30 seconds left.\n|\n|t:|1776446209\n|move|p1a: Gengar|Shadow Ball|p2a: Gardevoir\n|-supereffective|p2a: Gardevoir|1\n|-damage|p2a: Gardevoir|0 fnt\n|faint|p2a: Gardevoir\n|move|p2b: Starmie|Liquidation|p1a: Gengar\n|-damage|p1a: Gengar|16/100\n|move|p1b: Milotic|Scald|p2b: Starmie\n|-resisted|p2b: Starmie|1\n|-damage|p2b: Starmie|78/100\n|\n|-heal|p1b: Milotic|21/100|[from] item: Leftovers\n|upkeep\n|\n|t:|1776446218\n|switch|p2a: Rotom|Rotom-Heat, L50|79/100\n|turn|5\n|\n|t:|1776446226\n|move|p1a: Gengar|Protect|p1a: Gengar\n|-singleturn|p1a: Gengar|Protect\n|move|p2b: Starmie|Aqua Jet|p1a: Gengar\n|-activate|p1a: Gengar|move: Protect\n|move|p2a: Rotom|Thunderbolt|p1b: Milotic\n|-supereffective|p1b: Milotic|1\n|-damage|p1b: Milotic|0 fnt\n|faint|p1b: Milotic\n|\n|upkeep\n|\n|t:|1776446243\n|switch|p1b: Kommo-o|Kommo-o, L50, M|100/100\n|turn|6\n|\n|t:|1776446257\n|switch|p1a: Incineroar|Incineroar, L50, M|57/100\n|-ability|p1a: Incineroar|Intimidate|boost\n|-unboost|p2a: Rotom|atk|1\n|-unboost|p2b: Starmie|atk|1\n|move|p2b: Starmie|Protect|p2b: Starmie\n|-singleturn|p2b: Starmie|Protect\n|move|p2a: Rotom|Volt Switch|p1a: Incineroar\n|-damage|p1a: Incineroar|30/100\n|\n|t:|1776446260\n|switch|p2a: Sinistcha|Sinistcha, L50|100/100|[from] Volt Switch\n|-heal|p2b: Starmie|100/100|[from] ability: Hospitality|[of] p2a: Sinistcha\n|move|p1b: Kommo-o|Clangorous Soul|p1b: Kommo-o\n|-boost|p1b: Kommo-o|atk|1\n|-boost|p1b: Kommo-o|def|1\n|-boost|p1b: Kommo-o|spa|1\n|-boost|p1b: Kommo-o|spd|1\n|-boost|p1b: Kommo-o|spe|1\n|-damage|p1b: Kommo-o|68/100\n|\n|upkeep\n|turn|7\n|\n|t:|1776446283\n|switch|p2b: Rotom|Rotom-Heat, L50|79/100\n|move|p1a: Incineroar|Fake Out|p2b: Rotom\n|-damage|p2b: Rotom|67/100\n|move|p1b: Kommo-o|Clanging Scales|p2b: Rotom|[spread] p2a,p2b\n|-damage|p2a: Sinistcha|53/100\n|-damage|p2b: Rotom|4/100\n|-enditem|p2b: Rotom|Sitrus Berry|[eat]\n|-heal|p2b: Rotom|29/100|[from] item: Sitrus Berry\n|-unboost|p1b: Kommo-o|def|1\n|move|p2a: Sinistcha|Trick Room|p2a: Sinistcha\n|-fieldstart|move: Trick Room|[of] p2a: Sinistcha\n|\n|-heal|p2a: Sinistcha|59/100|[from] item: Leftovers\n|upkeep\n|turn|8\n|\n|t:|1776446308\n|move|p1a: Incineroar|Flare Blitz|p2a: Sinistcha\n|-supereffective|p2a: Sinistcha|1\n|-crit|p2a: Sinistcha\n|-damage|p2a: Sinistcha|0 fnt\n|faint|p2a: Sinistcha\n|-damage|p1a: Incineroar|13/100|[from] Recoil\n|move|p2b: Rotom|Thunderbolt|p1a: Incineroar\n|-damage|p1a: Incineroar|0 fnt\n|faint|p1a: Incineroar\n|move|p1b: Kommo-o|Aura Sphere|p2b: Rotom\n|-damage|p2b: Rotom|0 fnt\n|faint|p2b: Rotom\n|\n|upkeep\n|\n|t:|1776446316\n|switch|p1a: Gengar|Gengar-Mega, L50, F|16/100\n|switch|p2b: Starmie|Starmie-Mega, L50|100/100\n|turn|9\n|\n|t:|1776446325\n|move|p2b: Starmie|Aqua Jet|p1a: Gengar\n|-damage|p1a: Gengar|0 fnt\n|faint|p1a: Gengar\n|move|p1b: Kommo-o|Clanging Scales|p2b: Starmie\n|-damage|p2b: Starmie|1/100\n|-unboost|p1b: Kommo-o|def|1\n|\n|upkeep\n|turn|10\n|\n|t:|1776446335\n|move|p1b: Kommo-o|Protect|p1b: Kommo-o\n|-singleturn|p1b: Kommo-o|Protect\n|move|p2b: Starmie|Zen Headbutt|p1b: Kommo-o\n|-activate|p1b: Kommo-o|move: Protect\n|\n|upkeep\n|turn|11\n|\n|t:|1776446340\n|move|p1b: Kommo-o|Protect|p1b: Kommo-o\n|-singleturn|p1b: Kommo-o|Protect\n|move|p2b: Starmie|Zen Headbutt|p1b: Kommo-o\n|-activate|p1b: Kommo-o|move: Protect\n|\n|-fieldend|move: Trick Room\n|upkeep\n|turn|12\n|\n|t:|1776446344\n|move|p2b: Starmie|Aqua Jet|p1b: Kommo-o\n|-resisted|p1b: Kommo-o|1\n|-damage|p1b: Kommo-o|45/100\n|move|p1b: Kommo-o|Clanging Scales|p2b: Starmie\n|-damage|p2b: Starmie|0 fnt\n|faint|p2b: Starmie\n|\n|win|Seppia98\n|raw|Seppia98's rating: 1342 &rarr; <strong>1362</strong><br />(+20 for winning)\n|raw|BroDontFuckWithMe's rating: 1349 &rarr; <strong>1329</strong><br />(-20 for losing)\n",
  "uploadtime": 1776446345,
  "views": 35,
  "formatid": "gen9championsvgc2026regma",
  "rating": 1329,
  "private": 0,
  "password": null
}