{
  "id": "gen9championsvgc2026regma-2587630029",
  "format": "[Gen 9 Champions] VGC 2026 Reg M-A",
  "players": [
    "Chnnbrfbb",
    "haunting casper"
  ],
  "log": "|j|\u2606Chnnbrfbb\n|j|\u2606haunting casper\n|t:|1776548520\n|gametype|doubles\n|player|p1|Chnnbrfbb|265|1067\n|player|p2|haunting casper|medium|1080\n|gen|9\n|tier|[Gen 9 Champions] VGC 2026 Reg M-A\n|rated|\n|rule|Species Clause: Limit one of each Pok\u00e9mon\n|rule|Item Clause: Limit 1 of each item\n|clearpoke\n|poke|p1|Whimsicott, L50, M|\n|poke|p1|Gengar, L50, M|\n|poke|p1|Charizard, L50, F|\n|poke|p1|Ninetales, L50, M|\n|poke|p1|Venusaur, L50, M|\n|poke|p1|Passimian, L50, F|\n|poke|p2|Delphox, L50, F|\n|poke|p2|Sneasler, L50, M|\n|poke|p2|Aegislash, L50, F|\n|poke|p2|Garchomp, L50, M|\n|poke|p2|Whimsicott, L50, F|\n|poke|p2|Milotic, L50, M|\n|teampreview|4\n|inactive|Battle timer is ON: inactive players will automatically lose when time's up. (requested by Chnnbrfbb)\n|\n|t:|1776548579\n|teamsize|p1|4\n|teamsize|p2|4\n|start\n|switch|p1a: Gengar|Gengar, L50, M|100/100\n|switch|p1b: Ninetales|Ninetales, L50, M|100/100\n|switch|p2a: Whimsicott|Whimsicott, L50, F|100/100\n|switch|p2b: Delphox|Delphox, L50, F|100/100\n|-weather|SunnyDay|[from] ability: Drought|[of] p1b: Ninetales\n|turn|1\n|inactive|Chnnbrfbb has 30 seconds left.\n|inactive|haunting casper has 30 seconds left.\n|inactive|Chnnbrfbb has 20 seconds left.\n|inactive|Chnnbrfbb has 15 seconds left.\n|\n|t:|1776548620\n|detailschange|p1a: Gengar|Gengar-Mega, L50, M\n|-mega|p1a: Gengar|Gengar|Gengarite\n|detailschange|p2b: Delphox|Delphox-Mega, L50, F\n|-mega|p2b: Delphox|Delphox|Delphoxite\n|move|p1a: Gengar|Protect|p1a: Gengar\n|-singleturn|p1a: Gengar|Protect\n|move|p2a: Whimsicott|Tailwind|p2a: Whimsicott\n|-sidestart|p2: haunting casper|move: Tailwind\n|move|p2b: Delphox|Psychic|p1a: Gengar\n|-activate|p1a: Gengar|move: Protect\n|move|p1b: Ninetales|Dark Pulse|p2b: Delphox\n|-supereffective|p2b: Delphox|1\n|-damage|p2b: Delphox|62/100\n|\n|-weather|SunnyDay|[upkeep]\n|upkeep\n|turn|2\n|inactive|haunting casper has 30 seconds left.\n|inactive|haunting casper has 20 seconds left.\n|\n|t:|1776548657\n|switch|p1a: Charizard|Charizard, L50, F|100/100\n|move|p2b: Delphox|Psychic|p1a: Charizard\n|-damage|p1a: Charizard|33/100\n|move|p2a: Whimsicott|Moonblast|p1a: Charizard\n|-resisted|p1a: Charizard|1\n|-damage|p1a: Charizard|17/100\n|move|p1b: Ninetales|Heat Wave|p2b: Delphox|[spread] p2a\n|-miss|p1b: Ninetales|p2b: Delphox\n|-supereffective|p2a: Whimsicott|1\n|-damage|p2a: Whimsicott|9/100\n|\n|-weather|SunnyDay|[upkeep]\n|-damage|p1a: Charizard|4/100|[from] ability: Solar Power|[of] p1a: Charizard\n|upkeep\n|turn|3\n|inactive|haunting casper has 30 seconds left.\n|\n|t:|1776548686\n|switch|p2a: Garchomp|Garchomp, L50, M|100/100\n|move|p2b: Delphox|Psychic|p1a: Charizard\n|-damage|p1a: Charizard|0 fnt\n|faint|p1a: Charizard\n|move|p1b: Ninetales|Heat Wave|p2a: Garchomp|[spread] p2a,p2b\n|-resisted|p2a: Garchomp|1\n|-resisted|p2b: Delphox|1\n|-damage|p2a: Garchomp|82/100\n|-damage|p2b: Delphox|45/100\n|\n|-weather|SunnyDay|[upkeep]\n|upkeep\n|\n|t:|1776548698\n|switch|p1a: Venusaur|Venusaur, L50, M|100/100\n|turn|4\n|inactive|haunting casper has 30 seconds left.\n|inactive|haunting casper has 20 seconds left.\n|\n|t:|1776548734\n|move|p1a: Venusaur|Protect|p1a: Venusaur\n|-singleturn|p1a: Venusaur|Protect\n|move|p2a: Garchomp|Earthquake|p1a: Venusaur|[spread] p1b\n|-activate|p1a: Venusaur|move: Protect\n|-immune|p2b: Delphox|[from] ability: Levitate\n|-supereffective|p1b: Ninetales|1\n|-damage|p1b: Ninetales|0 fnt\n|faint|p1b: Ninetales\n|move|p2b: Delphox|Psychic|p1a: Venusaur\n|-activate|p1a: Venusaur|move: Protect\n|\n|-weather|SunnyDay|[upkeep]\n|-sideend|p2: haunting casper|move: Tailwind\n|upkeep\n|\n|t:|1776548741\n|switch|p1b: Gengar|Gengar-Mega, L50, M|100/100\n|turn|5\n|\n|t:|1776548751\n|move|p2b: Delphox|Protect|p2b: Delphox\n|-singleturn|p2b: Delphox|Protect\n|move|p1a: Venusaur|Sludge Bomb|p2b: Delphox\n|-activate|p2b: Delphox|move: Protect\n|move|p2a: Garchomp|Earthquake|p1a: Venusaur|[spread] p1a,p1b\n|-activate|p2b: Delphox|move: Protect\n|-supereffective|p1b: Gengar|1\n|-damage|p1a: Venusaur|44/100\n|-damage|p1b: Gengar|0 fnt\n|faint|p1b: Gengar\n|\n|-weather|none\n|-heal|p1a: Venusaur|50/100|[from] item: Leftovers\n|upkeep\n|turn|6\n|-message|Chnnbrfbb forfeited.\n|\n|win|haunting casper\n|raw|Chnnbrfbb's rating: 1067 &rarr; <strong>1048</strong><br />(-19 for losing)\n|raw|haunting casper's rating: 1080 &rarr; <strong>1107</strong><br />(+27 for winning)\n|l|\u2606Chnnbrfbb\n|player|p1|\n",
  "uploadtime": 1776548765,
  "views": 22,
  "formatid": "gen9championsvgc2026regma",
  "rating": 1048,
  "private": 0,
  "password": null
}