{
  "id": "gen9championsvgc2026regma-2587541888",
  "format": "[Gen 9 Champions] VGC 2026 Reg M-A",
  "players": [
    "Colintick662",
    "uhhncertain"
  ],
  "log": "|j|\u2606Colintick662\n|j|\u2606uhhncertain\n|t:|1776540726\n|gametype|doubles\n|player|p1|Colintick662|proton|1437\n|player|p2|uhhncertain|plasmagrunt|1522\n|gen|9\n|tier|[Gen 9 Champions] VGC 2026 Reg M-A\n|rated|\n|rule|Species Clause: Limit one of each Pok\u00e9mon\n|rule|Item Clause: Limit 1 of each item\n|clearpoke\n|poke|p1|Floette-Eternal, L50, F|\n|poke|p1|Kingambit, L50, F|\n|poke|p1|Milotic, L50, F|\n|poke|p1|Archaludon, L50, M|\n|poke|p1|Pelipper, L50, M|\n|poke|p1|Basculegion, L50, M|\n|poke|p2|Kingambit, L50, F, shiny|\n|poke|p2|Blastoise, L50, M|\n|poke|p2|Sinistcha, L50|\n|poke|p2|Farigiraf, L50, F|\n|poke|p2|Pelipper, L50, M|\n|poke|p2|Gallade, L50, M|\n|teampreview|4\n|inactive|Battle timer is ON: inactive players will automatically lose when time's up. (requested by uhhncertain)\n|inactive|uhhncertain has 60 seconds left.\n|inactive|uhhncertain has 30 seconds left.\n|inactive|uhhncertain has 20 seconds left.\n|inactive|uhhncertain has 15 seconds left.\n|inactive|uhhncertain has 10 seconds left.\n|\n|t:|1776540829\n|teamsize|p1|4\n|teamsize|p2|4\n|start\n|switch|p1a: Floette|Floette-Eternal, L50, F|100/100\n|switch|p1b: Pelipper|Pelipper, L50, M|100/100\n|switch|p2a: Kingambit|Kingambit, L50, F, shiny|100/100\n|switch|p2b: Blastoise|Blastoise, L50, M|100/100\n|-weather|RainDance|[from] ability: Drizzle|[of] p1b: Pelipper\n|turn|1\n|inactive|Colintick662 has 30 seconds left.\n|inactive|Colintick662 has 20 seconds left.\n|\n|t:|1776540865\n|detailschange|p1a: Floette|Floette-Mega, L50, F\n|-mega|p1a: Floette|Floette|Floettite\n|-ability|p1a: Floette|Fairy Aura\n|move|p2b: Blastoise|Fake Out|p1b: Pelipper\n|-damage|p1b: Pelipper|91/100\n|move|p1a: Floette|Light of Ruin|p2a: Kingambit|[miss]\n|-miss|p1a: Floette|p2a: Kingambit\n|cant|p1b: Pelipper|flinch\n|move|p2a: Kingambit|Iron Head|p1a: Floette\n|-supereffective|p1a: Floette|1\n|-damage|p1a: Floette|0 fnt\n|faint|p1a: Floette\n|\n|-weather|RainDance|[upkeep]\n|upkeep\n|\n|t:|1776540873\n|switch|p1a: Archaludon|Archaludon, L50, M|100/100\n|turn|2\n|\n|t:|1776540888\n|move|p1a: Archaludon|Electro Shot||[still]\n|-prepare|p1a: Archaludon|Electro Shot\n|-boost|p1a: Archaludon|spa|1\n|-anim|p1a: Archaludon|Electro Shot|p2b: Blastoise\n|-supereffective|p2b: Blastoise|1\n|-damage|p2b: Blastoise|0 fnt\n|faint|p2b: Blastoise\n|move|p1b: Pelipper|Weather Ball|p2a: Kingambit\n|-damage|p2a: Kingambit|31/100\n|move|p2a: Kingambit|Kowtow Cleave|p1b: Pelipper\n|-damage|p1b: Pelipper|25/100\n|\n|-weather|RainDance|[upkeep]\n|upkeep\n|\n|t:|1776540900\n|switch|p2b: Gallade|Gallade, L50, M|100/100\n|turn|3\n|\n|t:|1776540909\n|switch|p1a: Basculegion|Basculegion, L50, M|100/100\n|detailschange|p2b: Gallade|Gallade-Mega, L50, M\n|-mega|p2b: Gallade|Gallade|Galladite\n|move|p2a: Kingambit|Sucker Punch||[still]\n|-fail|p2a: Kingambit\n|move|p2b: Gallade|Sacred Sword|p1a: Basculegion\n|-immune|p1a: Basculegion\n|move|p1b: Pelipper|Tailwind|p1b: Pelipper\n|-sidestart|p1: Colintick662|move: Tailwind\n|\n|-weather|RainDance|[upkeep]\n|upkeep\n|turn|4\n|\n|t:|1776540923\n|move|p2b: Gallade|Protect|p2b: Gallade\n|-singleturn|p2b: Gallade|Protect\n|move|p1a: Basculegion|Aqua Jet|p2a: Kingambit\n|-damage|p2a: Kingambit|4/100\n|move|p2a: Kingambit|Sucker Punch||[still]\n|-fail|p2a: Kingambit\n|move|p1b: Pelipper|Hurricane|p2b: Gallade\n|-activate|p2b: Gallade|move: Protect\n|\n|-weather|RainDance|[upkeep]\n|upkeep\n|turn|5\n|\n|t:|1776540936\n|switch|p2b: Sinistcha|Sinistcha, L50|100/100\n|-heal|p2a: Kingambit|29/100|[from] ability: Hospitality|[of] p2b: Sinistcha\n|move|p1a: Basculegion|Aqua Jet|p2a: Kingambit\n|-damage|p2a: Kingambit|1/100\n|move|p1b: Pelipper|Hurricane|p2b: Sinistcha\n|-supereffective|p2b: Sinistcha|1\n|-damage|p2b: Sinistcha|12/100\n|move|p2a: Kingambit|Kowtow Cleave|p1a: Basculegion\n|-supereffective|p1a: Basculegion|1\n|-damage|p1a: Basculegion|0 fnt\n|faint|p1a: Basculegion\n|\n|-weather|none\n|upkeep\n|\n|t:|1776540945\n|switch|p1a: Archaludon|Archaludon, L50, M|100/100\n|turn|6\n|\n|t:|1776540961\n|move|p1b: Pelipper|Wide Guard|p1b: Pelipper\n|-singleturn|p1b: Pelipper|Wide Guard\n|move|p2b: Sinistcha|Rage Powder|p2b: Sinistcha\n|-singleturn|p2b: Sinistcha|move: Rage Powder\n|move|p2a: Kingambit|Sucker Punch||[still]\n|-fail|p2a: Kingambit\n|move|p1a: Archaludon|Snarl|p2b: Sinistcha|[spread] p2a,p2b\n|-resisted|p2a: Kingambit|1\n|-supereffective|p2b: Sinistcha|1\n|-enditem|p2b: Sinistcha|Colbur Berry|[eat]\n|-enditem|p2b: Sinistcha|Colbur Berry|[weaken]\n|-damage|p2a: Kingambit|0 fnt\n|-damage|p2b: Sinistcha|0 fnt\n|faint|p2a: Kingambit\n|faint|p2b: Sinistcha\n|\n|-sideend|p1: Colintick662|move: Tailwind\n|upkeep\n|\n|t:|1776540964\n|switch|p2b: Gallade|Gallade-Mega, L50, M|100/100\n|turn|7\n|\n|t:|1776540980\n|move|p2b: Gallade|Psycho Cut|p1b: Pelipper\n|-damage|p1b: Pelipper|0 fnt\n|faint|p1b: Pelipper\n|move|p1a: Archaludon|Draco Meteor|p2b: Gallade\n|-damage|p2b: Gallade|43/100\n|-unboost|p1a: Archaludon|spa|2\n|\n|upkeep\n|turn|8\n|\n|t:|1776540987\n|move|p2b: Gallade|Sacred Sword|p1a: Archaludon\n|-supereffective|p1a: Archaludon|1\n|-damage|p1a: Archaludon|0 fnt\n|faint|p1a: Archaludon\n|\n|win|uhhncertain\n|raw|Colintick662's rating: 1437 &rarr; <strong>1422</strong><br />(-15 for losing)\n|raw|uhhncertain's rating: 1522 &rarr; <strong>1537</strong><br />(+15 for winning)\n",
  "uploadtime": 1776541117,
  "views": 29,
  "formatid": "gen9championsvgc2026regma",
  "rating": 1422,
  "private": 0,
  "password": null
}