{
  "id": "gen9championsvgc2026regma-2587118789",
  "format": "[Gen 9 Champions] VGC 2026 Reg M-A",
  "players": [
    "daidu22",
    "virat_hu"
  ],
  "log": "|j|\u2606daidu22\n|j|\u2606virat_hu\n|t:|1776496060\n|gametype|doubles\n|player|p1|daidu22|ghetsis|1106\n|player|p2|virat_hu|ghetsis|1000\n|gen|9\n|tier|[Gen 9 Champions] VGC 2026 Reg M-A\n|rated|\n|rule|Species Clause: Limit one of each Pok\u00e9mon\n|rule|Item Clause: Limit 1 of each item\n|clearpoke\n|poke|p1|Froslass, L50, F|\n|poke|p1|Rotom-Frost, L50|\n|poke|p1|Tinkaton, L50, F|\n|poke|p1|Aerodactyl, L50, F|\n|poke|p1|Milotic, L50, F|\n|poke|p1|Sneasler, L50, F|\n|poke|p2|Gengar, L50, M, shiny|\n|poke|p2|Garchomp, L50, M|\n|poke|p2|Ditto, L50|\n|poke|p2|Gallade, L50, M|\n|poke|p2|Greninja, L50, F|\n|poke|p2|Scovillain, L50, M, shiny|\n|teampreview|4\n|\n|t:|1776496109\n|teamsize|p1|4\n|teamsize|p2|4\n|start\n|switch|p1a: Froslass|Froslass, L50, F|100/100\n|switch|p1b: Milotic|Milotic, L50, F|100/100\n|switch|p2a: Gengar|Gengar, L50, M, shiny|100/100\n|switch|p2b: Scovillain|Scovillain, L50, M, shiny|100/100\n|turn|1\n|\n|t:|1776496136\n|detailschange|p1a: Froslass|Froslass-Mega, L50, F\n|-mega|p1a: Froslass|Froslass|Froslassite\n|-weather|Snowscape|[from] ability: Snow Warning|[of] p1a: Froslass\n|detailschange|p2a: Gengar|Gengar-Mega, L50, M, shiny\n|-mega|p2a: Gengar|Gengar|Gengarite\n|move|p1b: Milotic|Protect|p1b: Milotic\n|-singleturn|p1b: Milotic|Protect\n|move|p2a: Gengar|Perish Song|p2a: Gengar\n|-start|p1a: Froslass|perish3|[silent]\n|-start|p1b: Milotic|perish3|[silent]\n|-start|p2a: Gengar|perish3|[silent]\n|-start|p2b: Scovillain|perish3|[silent]\n|-fieldactivate|move: Perish Song\n|move|p1a: Froslass|Aurora Veil|p1a: Froslass\n|-sidestart|p1: daidu22|move: Aurora Veil\n|move|p2b: Scovillain|Flamethrower|p1a: Froslass\n|-supereffective|p1a: Froslass|1\n|-damage|p1a: Froslass|16/100\n|-status|p1a: Froslass|brn\n|\n|-weather|Snowscape|[upkeep]\n|-damage|p1a: Froslass|10/100 brn|[from] brn\n|-start|p2a: Gengar|perish3\n|-start|p1a: Froslass|perish3\n|-start|p2b: Scovillain|perish3\n|-start|p1b: Milotic|perish3\n|-ability|p2b: Scovillain|Moody|boost\n|-boost|p2b: Scovillain|spd|2\n|-unboost|p2b: Scovillain|def|1\n|upkeep\n|turn|2\n|\n|t:|1776496180\n|move|p2a: Gengar|Protect|p2a: Gengar\n|-singleturn|p2a: Gengar|Protect\n|move|p2b: Scovillain|Protect|p2b: Scovillain\n|-singleturn|p2b: Scovillain|Protect\n|move|p1a: Froslass|Shadow Ball|p2a: Gengar\n|-activate|p2a: Gengar|move: Protect\n|move|p1b: Milotic|Life Dew||[still]|[spread] p1a,p1b\n|-heal|p1a: Froslass|35/100 brn\n|-fail|p1b: Milotic|heal\n|\n|-weather|Snowscape|[upkeep]\n|-damage|p1a: Froslass|29/100 brn|[from] brn\n|-start|p2a: Gengar|perish2\n|-start|p1a: Froslass|perish2\n|-start|p2b: Scovillain|perish2\n|-start|p1b: Milotic|perish2\n|-ability|p2b: Scovillain|Moody|boost\n|-boost|p2b: Scovillain|def|2\n|-unboost|p2b: Scovillain|atk|1\n|upkeep\n|turn|3\n|\n|t:|1776496226\n|switch|p2a: Greninja|Greninja, L50, F|100/100\n|move|p1a: Froslass|Blizzard|p2b: Scovillain|[spread] p2a,p2b\n|-resisted|p2a: Greninja|1\n|-damage|p2a: Greninja|63/100\n|-damage|p2b: Scovillain|58/100\n|-status|p2b: Scovillain|frz\n|-curestatus|p2b: Scovillain|frz|[msg]\n|move|p2b: Scovillain|Leaf Storm|p1b: Milotic\n|-supereffective|p1b: Milotic|1\n|-damage|p1b: Milotic|47/100\n|-unboost|p2b: Scovillain|spa|2\n|move|p1b: Milotic|Icy Wind|p2b: Scovillain|[spread] p2a\n|-miss|p1b: Milotic|p2b: Scovillain\n|-resisted|p2a: Greninja|1\n|-damage|p2a: Greninja|56/100\n|-unboost|p2a: Greninja|spe|1\n|\n|-weather|Snowscape|[upkeep]\n|-heal|p1b: Milotic|52/100|[from] item: Leftovers\n|-damage|p1a: Froslass|23/100 brn|[from] brn\n|-start|p1a: Froslass|perish1\n|-start|p2b: Scovillain|perish1\n|-start|p1b: Milotic|perish1\n|-ability|p2b: Scovillain|Moody|boost\n|-boost|p2b: Scovillain|spa|2\n|-unboost|p2b: Scovillain|spe|1\n|upkeep\n|turn|4\n|\n|t:|1776496283\n|switch|p1a: Rotom|Rotom-Frost, L50|100/100\n|switch|p2b: Gengar|Gengar-Mega, L50, M, shiny|100/100\n|move|p2a: Greninja|Dark Pulse|p1b: Milotic\n|-start|p2a: Greninja|typechange|Dark|[from] ability: Protean\n|-damage|p1b: Milotic|37/100\n|move|p1b: Milotic|Scald|p2b: Gengar\n|-damage|p2b: Gengar|63/100\n|\n|-weather|Snowscape|[upkeep]\n|-heal|p1b: Milotic|43/100|[from] item: Leftovers\n|-start|p1b: Milotic|perish0\n|faint|p1b: Milotic\n|upkeep\n|\n|t:|1776496308\n|switch|p1b: Sneasler|Sneasler, L50, F|100/100\n|turn|5\n|\n|t:|1776496319\n|move|p1b: Sneasler|Fake Out|p2a: Greninja\n|-damage|p2a: Greninja|32/100\n|move|p2b: Gengar|Perish Song|p2b: Gengar\n|-start|p1a: Rotom|perish3|[silent]\n|-start|p1b: Sneasler|perish3|[silent]\n|-start|p2a: Greninja|perish3|[silent]\n|-start|p2b: Gengar|perish3|[silent]\n|-fieldactivate|move: Perish Song\n|cant|p2a: Greninja|flinch\n|move|p1a: Rotom|Blizzard|p2a: Greninja|[spread] p2a,p2b\n|-damage|p2a: Greninja|0 fnt\n|-damage|p2b: Gengar|0 fnt\n|faint|p2a: Greninja\n|faint|p2b: Gengar\n|\n|-weather|none\n|-start|p1b: Sneasler|perish3\n|-start|p1a: Rotom|perish3\n|-sideend|p1: daidu22|move: Aurora Veil\n|upkeep\n|\n|t:|1776496336\n|switch|p2b: Scovillain|Scovillain, L50, M, shiny|58/100\n|switch|p2a: Ditto|Ditto, L50|100/100\n|-transform|p2a: Ditto|p1b: Sneasler|[from] ability: Imposter\n|turn|6\n|\n|t:|1776496370\n|move|p2b: Scovillain|Protect|p2b: Scovillain\n|-singleturn|p2b: Scovillain|Protect\n|move|p1b: Sneasler|Upper Hand||[still]\n|-fail|p1b: Sneasler\n|move|p2a: Ditto|Close Combat|p1a: Rotom\n|-supereffective|p1a: Rotom|1\n|-crit|p1a: Rotom\n|-damage|p1a: Rotom|0 fnt\n|-unboost|p2a: Ditto|def|1\n|-unboost|p2a: Ditto|spd|1\n|faint|p1a: Rotom\n|\n|-start|p1b: Sneasler|perish2\n|-ability|p2b: Scovillain|Moody|boost\n|-boost|p2b: Scovillain|def|2\n|-unboost|p2b: Scovillain|spd|1\n|upkeep\n|\n|t:|1776496384\n|switch|p1a: Froslass|Froslass-Mega, L50, F|23/100 brn\n|-weather|Snowscape|[from] ability: Snow Warning|[of] p1a: Froslass\n|turn|7\n|\n|t:|1776496402\n|move|p1a: Froslass|Protect|p1a: Froslass\n|-singleturn|p1a: Froslass|Protect\n|move|p2b: Scovillain|Protect||[still]\n|-fail|p2b: Scovillain\n|move|p2a: Ditto|Close Combat|p1b: Sneasler\n|-resisted|p1b: Sneasler|1\n|-damage|p1b: Sneasler|48/100\n|-unboost|p2a: Ditto|def|1\n|-unboost|p2a: Ditto|spd|1\n|move|p1b: Sneasler|Close Combat|p2a: Ditto\n|-resisted|p2a: Ditto|1\n|-damage|p2a: Ditto|0 fnt\n|-unboost|p1b: Sneasler|def|1\n|-unboost|p1b: Sneasler|spd|1\n|faint|p2a: Ditto\n|-enditem|p1b: Sneasler|White Herb\n|-clearnegativeboost|p1b: Sneasler|[silent]\n|\n|-weather|Snowscape|[upkeep]\n|-damage|p1a: Froslass|17/100 brn|[from] brn\n|-start|p1b: Sneasler|perish1\n|-ability|p2b: Scovillain|Moody|boost\n|-boost|p2b: Scovillain|spa|2\n|-unboost|p2b: Scovillain|spd|1\n|upkeep\n|turn|8\n|\n|t:|1776496432\n|move|p2b: Scovillain|Protect|p2b: Scovillain\n|-singleturn|p2b: Scovillain|Protect\n|move|p1b: Sneasler|Dire Claw|p2b: Scovillain\n|-activate|p2b: Scovillain|move: Protect\n|move|p1a: Froslass|Blizzard|p2b: Scovillain\n|-activate|p2b: Scovillain|move: Protect\n|\n|-weather|Snowscape|[upkeep]\n|-damage|p1a: Froslass|11/100 brn|[from] brn\n|-start|p1b: Sneasler|perish0\n|-ability|p2b: Scovillain|Moody|boost\n|-boost|p2b: Scovillain|spe|2\n|-unboost|p2b: Scovillain|atk|1\n|faint|p1b: Sneasler\n|upkeep\n|turn|9\n|\n|t:|1776496458\n|move|p2b: Scovillain|Flamethrower|p1a: Froslass\n|-supereffective|p1a: Froslass|1\n|-damage|p1a: Froslass|0 fnt\n|faint|p1a: Froslass\n|\n|win|virat_hu\n|raw|daidu22's rating: 1106 &rarr; <strong>1074</strong><br />(-32 for losing)\n|raw|virat_hu's rating: 1000 &rarr; <strong>1052</strong><br />(+52 for winning)\n|c|\u2606virat_hu|Yayy\n|l|\u2606daidu22\n|player|p1|\n",
  "uploadtime": 1776496623,
  "views": 20,
  "formatid": "gen9championsvgc2026regma",
  "rating": 1052,
  "private": 0,
  "password": null
}