{
  "id": "gen9championsvgc2026regma-2583616337",
  "format": "[Gen 9 Champions] VGC 2026 Reg M-A",
  "players": [
    "DracovishGlazer",
    "xandreszn"
  ],
  "log": "|j|\u2606DracovishGlazer\n|j|\u2606xandreszn\n|t:|1776186751\n|gametype|doubles\n|player|p1|DracovishGlazer|skier|1405\n|player|p2|xandreszn|169|1321\n|gen|9\n|tier|[Gen 9 Champions] VGC 2026 Reg M-A\n|rated|\n|rule|Species Clause: Limit one of each Pok\u00e9mon\n|rule|Item Clause: Limit 1 of each item\n|clearpoke\n|poke|p1|Floette-Eternal, L50, F|\n|poke|p1|Talonflame, L50, M|\n|poke|p1|Golurk, L50|\n|poke|p1|Farigiraf, L50, F|\n|poke|p1|Glimmora, L50, M|\n|poke|p1|Rotom-Wash, L50|\n|poke|p2|Froslass, L50, F|\n|poke|p2|Garchomp, L50, M|\n|poke|p2|Rotom-Wash, L50|\n|poke|p2|Farigiraf, L50, F|\n|poke|p2|Whimsicott, L50, F|\n|poke|p2|Milotic, L50, M|\n|teampreview|4\n|inactive|Battle timer is ON: inactive players will automatically lose when time's up. (requested by DracovishGlazer)\n|\n|t:|1776186772\n|teamsize|p1|4\n|teamsize|p2|4\n|start\n|switch|p1a: Rotom|Rotom-Wash, L50|100/100\n|switch|p1b: Glimmora|Glimmora, L50, M|100/100\n|switch|p2a: Farigiraf|Farigiraf, L50, F|100/100\n|switch|p2b: Garchomp|Garchomp, L50, M|100/100\n|turn|1\n|inactive|xandreszn has 30 seconds left.\n|\n|t:|1776186799\n|move|p2b: Garchomp|Outrage|p1b: Glimmora\n|-damage|p1b: Glimmora|30/100\n|-activate|p1b: Glimmora|ability: Toxic Debris\n|-sidestart|p2: xandreszn|move: Toxic Spikes\n|move|p1a: Rotom|Will-O-Wisp|p2b: Garchomp\n|-status|p2b: Garchomp|brn\n|move|p1b: Glimmora|Sludge Bomb|p2a: Farigiraf\n|-damage|p2a: Farigiraf|59/100\n|move|p2a: Farigiraf|Hyper Voice|p1a: Rotom|[spread] p1a,p1b\n|-resisted|p1b: Glimmora|1\n|-damage|p1a: Rotom|74/100\n|-damage|p1b: Glimmora|14/100\n|\n|-damage|p2b: Garchomp|95/100 brn|[from] brn\n|upkeep\n|turn|2\n|\n|t:|1776186817\n|move|p2b: Garchomp|Outrage|p1b: Glimmora|[from] lockedmove\n|-damage|p1b: Glimmora|0 fnt\n|-activate|p1b: Glimmora|ability: Toxic Debris\n|-sidestart|p2: xandreszn|move: Toxic Spikes\n|faint|p1b: Glimmora\n|-start|p2b: Garchomp|confusion|[fatigue]\n|move|p1a: Rotom|Will-O-Wisp|p2a: Farigiraf\n|-status|p2a: Farigiraf|brn\n|move|p2a: Farigiraf|Hyper Voice|p1a: Rotom\n|-damage|p1a: Rotom|35/100\n|\n|-damage|p2b: Garchomp|89/100 brn|[from] brn\n|-damage|p2a: Farigiraf|53/100 brn|[from] brn\n|upkeep\n|\n|t:|1776186822\n|switch|p1b: Farigiraf|Farigiraf, L50, F|100/100\n|turn|3\n|\n|t:|1776186828\n|switch|p1a: Golurk|Golurk, L50|100/100\n|-activate|p2b: Garchomp|confusion\n|-damage|p2b: Garchomp|73/100 brn|[from] confusion\n|move|p2a: Farigiraf|Imprison|p2a: Farigiraf\n|-start|p2a: Farigiraf|move: Imprison\n|cant|p1b: Farigiraf|move: Imprison|Trick Room\n|\n|-damage|p2b: Garchomp|67/100 brn|[from] brn\n|-damage|p2a: Farigiraf|47/100 brn|[from] brn\n|upkeep\n|-enditem|p2a: Farigiraf|Sitrus Berry|[eat]\n|-heal|p2a: Farigiraf|72/100 brn|[from] item: Sitrus Berry\n|turn|4\n|\n|t:|1776186853\n|switch|p2b: Milotic|Milotic, L50, M|100/100\n|-status|p2b: Milotic|tox\n|detailschange|p1a: Golurk|Golurk-Mega, L50\n|-mega|p1a: Golurk|Golurk|Golurkite\n|move|p2a: Farigiraf|Protect|p2a: Farigiraf\n|-singleturn|p2a: Farigiraf|Protect\n|move|p1a: Golurk|Ice Punch|p2b: Milotic\n|-resisted|p2b: Milotic|1\n|-damage|p2b: Milotic|80/100 tox\n|move|p1b: Farigiraf|Roar|p2a: Farigiraf\n|drag|p2a: Froslass|Froslass, L50, F, shiny|100/100\n|-status|p2a: Froslass|tox\n|\n|-heal|p2b: Milotic|86/100 tox|[from] item: Leftovers\n|-damage|p2a: Froslass|94/100 tox|[from] psn\n|-damage|p2b: Milotic|80/100 tox|[from] psn\n|upkeep\n|turn|5\n|\n|t:|1776186869\n|detailschange|p2a: Froslass|Froslass-Mega, L50, F, shiny\n|-mega|p2a: Froslass|Froslass|Froslassite\n|-weather|Snowscape|[from] ability: Snow Warning|[of] p2a: Froslass\n|move|p1a: Golurk|Protect|p1a: Golurk\n|-singleturn|p1a: Golurk|Protect\n|move|p2a: Froslass|Blizzard|p1b: Farigiraf|[spread] p1b\n|-activate|p1a: Golurk|move: Protect\n|-damage|p1b: Farigiraf|52/100\n|move|p2b: Milotic|Muddy Water|p1b: Farigiraf|[spread] p1b\n|-activate|p1a: Golurk|move: Protect\n|-damage|p1b: Farigiraf|26/100\n|move|p1b: Farigiraf|Trick Room|p1b: Farigiraf\n|-fieldstart|move: Trick Room|[of] p1b: Farigiraf\n|\n|-weather|Snowscape|[upkeep]\n|-heal|p2b: Milotic|86/100 tox|[from] item: Leftovers\n|-damage|p2b: Milotic|75/100 tox|[from] psn\n|-damage|p2a: Froslass|82/100 tox|[from] psn\n|upkeep\n|turn|6\n|inactive|DracovishGlazer has 30 seconds left.\n|\n|t:|1776186896\n|move|p2a: Froslass|Protect|p2a: Froslass\n|-singleturn|p2a: Froslass|Protect\n|move|p1a: Golurk|Poltergeist|p2a: Froslass\n|-activate|p2a: Froslass|move: Protect\n|move|p1b: Farigiraf|Hyper Voice|p2a: Froslass|[spread] p2b\n|-activate|p2a: Froslass|move: Protect\n|-damage|p2b: Milotic|55/100 tox\n|move|p2b: Milotic|Muddy Water|p1a: Golurk|[spread] p1a,p1b\n|-supereffective|p1a: Golurk|1\n|-damage|p1a: Golurk|47/100\n|-damage|p1b: Farigiraf|0 fnt\n|faint|p1b: Farigiraf\n|\n|-weather|Snowscape|[upkeep]\n|-heal|p2b: Milotic|61/100 tox|[from] item: Leftovers\n|-damage|p2b: Milotic|43/100 tox|[from] psn\n|-damage|p2a: Froslass|64/100 tox|[from] psn\n|upkeep\n|\n|t:|1776186900\n|switch|p1b: Rotom|Rotom-Wash, L50|35/100\n|turn|7\n|\n|t:|1776186914\n|switch|p2a: Garchomp|Garchomp, L50, M|67/100 brn\n|move|p2b: Milotic|Protect|p2b: Milotic\n|-singleturn|p2b: Milotic|Protect\n|move|p1a: Golurk|Headlong Rush|p2b: Milotic\n|-ability|p1a: Golurk|Unseen Fist\n|-zbroken|p2b: Milotic\n|-damage|p2b: Milotic|19/100 tox\n|-unboost|p1a: Golurk|def|1\n|-unboost|p1a: Golurk|spd|1\n|move|p1b: Rotom|Hydro Pump|p2a: Garchomp\n|-damage|p2a: Garchomp|20/100 brn\n|\n|-weather|Snowscape|[upkeep]\n|-heal|p2b: Milotic|25/100 tox|[from] item: Leftovers\n|-damage|p2b: Milotic|2/100 tox|[from] psn\n|-damage|p2a: Garchomp|14/100 brn|[from] brn\n|upkeep\n|turn|8\n|\n|t:|1776186930\n|move|p1a: Golurk|Protect|p1a: Golurk\n|-singleturn|p1a: Golurk|Protect\n|move|p2b: Milotic|Muddy Water|p1b: Rotom|[spread] p1b\n|-activate|p1a: Golurk|move: Protect\n|-resisted|p1b: Rotom|1\n|-damage|p1b: Rotom|23/100\n|move|p1b: Rotom|Hydro Pump|p2a: Garchomp\n|-damage|p2a: Garchomp|0 fnt\n|faint|p2a: Garchomp\n|\n|-weather|Snowscape|[upkeep]\n|-heal|p2b: Milotic|8/100 tox|[from] item: Leftovers\n|-damage|p2b: Milotic|0 fnt|[from] psn\n|faint|p2b: Milotic\n|upkeep\n|\n|t:|1776186939\n|switch|p2b: Froslass|Froslass-Mega, L50, F, shiny|64/100 tox\n|switch|p2a: Farigiraf|Farigiraf, L50, F|72/100 brn\n|turn|9\n|\n|t:|1776186947\n|move|p2a: Farigiraf|Protect|p2a: Farigiraf\n|-singleturn|p2a: Farigiraf|Protect\n|move|p2b: Froslass|Protect|p2b: Froslass\n|-singleturn|p2b: Froslass|Protect\n|move|p1a: Golurk|Headlong Rush|p2b: Froslass\n|-ability|p1a: Golurk|Unseen Fist\n|-zbroken|p2b: Froslass\n|-damage|p2b: Froslass|41/100 tox\n|-unboost|p1a: Golurk|def|1\n|-unboost|p1a: Golurk|spd|1\n|move|p1b: Rotom|Hydro Pump|p2a: Farigiraf\n|-activate|p2a: Farigiraf|move: Protect\n|\n|-weather|none\n|-damage|p2b: Froslass|35/100 tox|[from] psn\n|-damage|p2a: Farigiraf|66/100 brn|[from] brn\n|-fieldend|move: Trick Room\n|upkeep\n|turn|10\n|\n|t:|1776186960\n|move|p1a: Golurk|Protect|p1a: Golurk\n|-singleturn|p1a: Golurk|Protect\n|move|p1b: Rotom|Hydro Pump|p2b: Froslass\n|-damage|p2b: Froslass|0 fnt\n|faint|p2b: Froslass\n|move|p2a: Farigiraf|Hyper Voice|p1b: Rotom|[spread] p1b\n|-activate|p1a: Golurk|move: Protect\n|-damage|p1b: Rotom|0 fnt\n|faint|p1b: Rotom\n|\n|-damage|p2a: Farigiraf|60/100 brn|[from] brn\n|upkeep\n|turn|11\n|-message|xandreszn forfeited.\n|\n|win|DracovishGlazer\n|raw|DracovishGlazer's rating: 1405 &rarr; <strong>1420</strong><br />(+15 for winning)\n|raw|xandreszn's rating: 1321 &rarr; <strong>1306</strong><br />(-15 for losing)\n|l|\u2606xandreszn\n|player|p2|\n",
  "uploadtime": 1776186982,
  "views": 51,
  "formatid": "gen9championsvgc2026regma",
  "rating": 1306,
  "private": 0,
  "password": null
}