{
  "id": "gen9championsvgc2026regma-2580364107",
  "format": "[Gen 9 Champions] VGC 2026 Reg M-A",
  "players": [
    "testing1234765",
    "25th_mang"
  ],
  "log": "|j|\u2606testing1234765\n|j|\u260625th_mang\n|t:|1775885646\n|gametype|doubles\n|player|p1|testing1234765|acetrainerf|1100\n|player|p2|25th_mang|ballguy|1050\n|gen|9\n|tier|[Gen 9 Champions] VGC 2026 Reg M-A\n|rated|\n|rule|Species Clause: Limit one of each Pok\u00e9mon\n|rule|Item Clause: Limit 1 of each item\n|clearpoke\n|poke|p1|Charizard, L50, M|\n|poke|p1|Whimsicott, L50, M|\n|poke|p1|Typhlosion-Hisui, L50, F|\n|poke|p1|Garchomp, L50, F|\n|poke|p1|Sneasler, L50, F|\n|poke|p1|Incineroar, L50, F|\n|poke|p2|Crabominable, L50, F|\n|poke|p2|Farigiraf, L50, M|\n|poke|p2|Incineroar, L50, F|\n|poke|p2|Archaludon, L50, F|\n|poke|p2|Pelipper, L50, M|\n|poke|p2|Sinistcha, L50|\n|teampreview|4\n|inactive|Battle timer is ON: inactive players will automatically lose when time's up. (requested by 25th_mang)\n|inactive|25th_mang has 60 seconds left.\n|inactive|testing1234765 has 60 seconds left.\n|\n|t:|1775885716\n|teamsize|p1|4\n|teamsize|p2|4\n|start\n|switch|p1a: Charizard|Charizard, L50, M|100/100\n|switch|p1b: Typhlosion|Typhlosion-Hisui, L50, F|100/100\n|switch|p2a: Farigiraf|Farigiraf, L50, M|100/100\n|switch|p2b: Pelipper|Pelipper, L50, M|100/100\n|-weather|RainDance|[from] ability: Drizzle|[of] p2b: Pelipper\n|turn|1\n|inactive|25th_mang has 30 seconds left.\n|\n|t:|1775885742\n|detailschange|p1a: Charizard|Charizard-Mega-Y, L50, M\n|-mega|p1a: Charizard|Charizard|Charizardite Y\n|-weather|SunnyDay|[from] ability: Drought|[of] p1a: Charizard\n|move|p2b: Pelipper|Wide Guard|p2b: Pelipper\n|-singleturn|p2b: Pelipper|Wide Guard\n|move|p1b: Typhlosion|Eruption|p2b: Pelipper|[spread] \n|-activate|p2a: Farigiraf|move: Wide Guard\n|-activate|p2b: Pelipper|move: Wide Guard\n|move|p1a: Charizard|Solar Beam||[still]\n|-prepare|p1a: Charizard|Solar Beam\n|-anim|p1a: Charizard|Solar Beam|p2b: Pelipper\n|-damage|p2b: Pelipper|33/100\n|move|p2a: Farigiraf|Trick Room|p2a: Farigiraf\n|-fieldstart|move: Trick Room|[of] p2a: Farigiraf\n|\n|-weather|SunnyDay|[upkeep]\n|upkeep\n|turn|2\n|inactive|testing1234765 has 30 seconds left.\n|inactive|25th_mang has 30 seconds left.\n|inactive|25th_mang has 20 seconds left.\n|inactive|testing1234765 has 20 seconds left.\n|inactive|25th_mang has 15 seconds left.\n|inactive|testing1234765 has 15 seconds left.\n|inactive|testing1234765 has 10 seconds left.\n|\n|t:|1775885795\n|switch|p2b: Roar|Incineroar, L50, F|100/100\n|-ability|p2b: Roar|Intimidate|boost\n|-unboost|p1a: Charizard|atk|1\n|-unboost|p1b: Typhlosion|atk|1\n|move|p2a: Farigiraf|Psychic|p1a: Charizard\n|-damage|p1a: Charizard|66/100\n|-unboost|p1a: Charizard|spd|1\n|move|p1a: Charizard|Solar Beam||[still]\n|-prepare|p1a: Charizard|Solar Beam\n|-anim|p1a: Charizard|Solar Beam|p2b: Roar\n|-resisted|p2b: Roar|1\n|-damage|p2b: Roar|80/100\n|move|p1b: Typhlosion|Eruption|p2b: Roar|[spread] p2a,p2b\n|-resisted|p2b: Roar|1\n|-damage|p2a: Farigiraf|23/100\n|-damage|p2b: Roar|42/100\n|\n|-weather|SunnyDay|[upkeep]\n|upkeep\n|turn|3\n|inactive|testing1234765 has 30 seconds left.\n|\n|t:|1775885824\n|switch|p2a: Pelipper|Pelipper, L50, M|33/100\n|-weather|RainDance|[from] ability: Drizzle|[of] p2a: Pelipper\n|switch|p1b: Incineroar|Incineroar, L50, F|100/100\n|-ability|p1b: Incineroar|Intimidate|boost\n|-unboost|p2a: Pelipper|atk|1\n|-unboost|p2b: Roar|atk|1\n|move|p1a: Charizard|Protect|p1a: Charizard\n|-singleturn|p1a: Charizard|Protect\n|move|p2b: Roar|Darkest Lariat|p1b: Incineroar\n|-resisted|p1b: Incineroar|1\n|-damage|p1b: Incineroar|87/100\n|\n|-weather|RainDance|[upkeep]\n|upkeep\n|turn|4\n|inactive|testing1234765 has 30 seconds left.\n|inactive|25th_mang has 30 seconds left.\n|inactive|testing1234765 has 20 seconds left.\n|inactive|testing1234765 has 15 seconds left.\n|\n|t:|1775885866\n|switch|p2b: Farigiraf|Farigiraf, L50, M|23/100\n|move|p1b: Incineroar|Fake Out||[still]\n|cant|p2b: Farigiraf|ability: Armor Tail|Fake Out|[of] p1b: Incineroar\n|move|p2a: Pelipper|Weather Ball|p1b: Incineroar\n|-supereffective|p1b: Incineroar|1\n|-damage|p1b: Incineroar|0 fnt\n|faint|p1b: Incineroar\n|move|p1a: Charizard|Weather Ball|p2b: Farigiraf\n|-damage|p2b: Farigiraf|0 fnt\n|faint|p2b: Farigiraf\n|\n|-weather|RainDance|[upkeep]\n|upkeep\n|\n|t:|1775885881\n|switch|p2b: Crabominable|Crabominable, L50, F|100/100\n|switch|p1b: Sneasler|Sneasler, L50, F|100/100\n|turn|5\n|inactive|25th_mang has 30 seconds left.\n|inactive|25th_mang has 20 seconds left.\n|inactive|25th_mang has 15 seconds left.\n|inactive|25th_mang has 10 seconds left.\n|inactive|25th_mang has 5 seconds left.\n|\n|t:|1775885936\n|move|p1a: Charizard|Protect|p1a: Charizard\n|-singleturn|p1a: Charizard|Protect\n|move|p1b: Sneasler|Protect|p1b: Sneasler\n|-singleturn|p1b: Sneasler|Protect\n|move|p2b: Crabominable|Ice Hammer|p1b: Sneasler\n|-activate|p1b: Sneasler|move: Protect\n|move|p2a: Pelipper|Hurricane|p1b: Sneasler\n|-activate|p1b: Sneasler|move: Protect\n|\n|-weather|RainDance|[upkeep]\n|-fieldend|move: Trick Room\n|upkeep\n|turn|6\n|inactive|25th_mang has 30 seconds left.\n|\n|t:|1775885970\n|switch|p1a: Typhlosion|Typhlosion-Hisui, L50, F|100/100\n|switch|p2a: Roar|Incineroar, L50, F|42/100\n|-ability|p2a: Roar|Intimidate|boost\n|-unboost|p1a: Typhlosion|atk|1\n|-unboost|p1b: Sneasler|atk|1\n|-enditem|p1b: Sneasler|White Herb\n|-clearnegativeboost|p1b: Sneasler|[silent]\n|detailschange|p2b: Crabominable|Crabominable-Mega, L50, F\n|-mega|p2b: Crabominable|Crabominable|Crabominite\n|move|p1b: Sneasler|Rock Tomb|p2a: Roar\n|-supereffective|p2a: Roar|1\n|-damage|p2a: Roar|0 fnt\n|faint|p2a: Roar\n|move|p2b: Crabominable|Ice Hammer|p1b: Sneasler\n|-damage|p1b: Sneasler|0 fnt\n|-unboost|p2b: Crabominable|spe|1\n|faint|p1b: Sneasler\n|\n|-weather|RainDance|[upkeep]\n|upkeep\n|inactive|25th_mang has 30 seconds left.\n|\n|t:|1775885996\n|switch|p1b: Charizard|Charizard-Mega-Y, L50, M|66/100\n|switch|p2a: Pelipper|Pelipper, L50, M|33/100\n|-weather|SunnyDay|[from] ability: Drought|[of] p1b: Charizard\n|-weather|RainDance|[from] ability: Drizzle|[of] p2a: Pelipper\n|turn|7\n|inactive|testing1234765 has 30 seconds left.\n|inactive|testing1234765 has 20 seconds left.\n|\n|t:|1775886033\n|move|p2a: Pelipper|Protect|p2a: Pelipper\n|-singleturn|p2a: Pelipper|Protect\n|move|p1a: Typhlosion|Overheat|p2b: Crabominable\n|-supereffective|p2b: Crabominable|1\n|-damage|p2b: Crabominable|46/100\n|-unboost|p1a: Typhlosion|spa|2\n|move|p1b: Charizard|Solar Beam||[still]\n|-prepare|p1b: Charizard|Solar Beam\n|move|p2b: Crabominable|Ice Hammer|p1b: Charizard\n|-damage|p1b: Charizard|0 fnt\n|-unboost|p2b: Crabominable|spe|1\n|faint|p1b: Charizard\n|\n|-weather|RainDance|[upkeep]\n|upkeep\n|turn|8\n|-message|testing1234765 forfeited.\n|\n|win|25th_mang\n|raw|testing1234765's rating: 1100 &rarr; <strong>1071</strong><br />(-29 for losing)\n|raw|25th_mang's rating: 1050 &rarr; <strong>1087</strong><br />(+37 for winning)\n|l|\u2606testing1234765\n|player|p1|\n",
  "uploadtime": 1775886052,
  "views": 30,
  "formatid": "gen9championsvgc2026regma",
  "rating": 1071,
  "private": 0,
  "password": null
}