{
  "id": "gen9championsvgc2026regma-2584856195",
  "format": "[Gen 9 Champions] VGC 2026 Reg M-A",
  "players": [
    "StreamOtter",
    "Morrocan AXL BLAZE"
  ],
  "log": "|j|\u2606StreamOtter\n|j|\u2606Morrocan AXL BLAZE\n|t:|1776289042\n|gametype|doubles\n|player|p1|StreamOtter|n|1273\n|player|p2|Morrocan AXL BLAZE|nate|1216\n|gen|9\n|tier|[Gen 9 Champions] VGC 2026 Reg M-A\n|rated|\n|rule|Species Clause: Limit one of each Pok\u00e9mon\n|rule|Item Clause: Limit 1 of each item\n|clearpoke\n|poke|p1|Feraligatr, L50, M|\n|poke|p1|Sneasler, L50, M|\n|poke|p1|Maushold, L50|\n|poke|p1|Sinistcha, L50|\n|poke|p1|Incineroar, L50, M|\n|poke|p1|Empoleon, L50, M|\n|poke|p2|Kingambit, L50, M|\n|poke|p2|Basculegion, L50, M|\n|poke|p2|Garchomp, L50, M|\n|poke|p2|Sneasler, L50, F|\n|poke|p2|Charizard, L50, M|\n|poke|p2|Venusaur, L50, M|\n|teampreview|4\nMorrocan AXL BLAZE has agreed to open team sheets.\nStreamOtter has agreed to open team sheets.\n|showteam|p1|Feraligatr||Feraligite|SheerForce|Liquidation,DragonDance,Protect,DoubleEdge|||M|||50|]Sneasler||FocusSash|Unburden|FakeOut,CloseCombat,DireClaw,Protect|||M|||50|]Maushold||ChopleBerry|FriendGuard|Encore,Protect,FollowMe,SuperFang||||||50|]Sinistcha||SitrusBerry|Hospitality|MatchaGotcha,RagePowder,Protect,LifeDew||||||50|]Incineroar||ShucaBerry|Intimidate|FakeOut,FlareBlitz,PartingShot,DarkestLariat|||M|||50|]Empoleon||MysticWater|Competitive|Protect,IcyWind,FlashCannon,HydroPump|||M|||50|\n|showteam|p2|Kingambit||ChopleBerry|Defiant|KowtowCleave,SuckerPunch,IronHead,Protect|||M|||50|]Basculegion||ChoiceScarf|Adaptability|WaveCrash,LastRespects,AquaJet,FlipTurn|||M|||50|]Garchomp||HabanBerry|RoughSkin|RockSlide,Earthquake,DragonClaw,Protect|||M|||50|]Sneasler||WhiteHerb|Unburden|CloseCombat,DireClaw,FakeOut,Protect|||F|||50|]Charizard||CharizarditeY|Blaze|HeatWave,Overheat,SolarBeam,Protect|||M|||50|]Venusaur||FocusSash|Chlorophyll|LeafStorm,SludgeBomb,SleepPowder,Protect|||M|||50|\n|\n|t:|1776289110\n|teamsize|p1|4\n|teamsize|p2|4\n|start\n|switch|p1a: Feraligatr|Feraligatr, L50, M|100/100\n|switch|p1b: Sneasler|Sneasler, L50, M|100/100\n|switch|p2a: Garchomp|Garchomp, L50, M|100/100\n|switch|p2b: Charizard|Charizard, L50, M, shiny|100/100\n|turn|1\n|\n|t:|1776289143\n|detailschange|p2b: Charizard|Charizard-Mega-Y, L50, M, shiny\n|-mega|p2b: Charizard|Charizard|Charizardite Y\n|-weather|SunnyDay|[from] ability: Drought|[of] p2b: Charizard\n|detailschange|p1a: Feraligatr|Feraligatr-Mega, L50, M\n|-mega|p1a: Feraligatr|Feraligatr|Feraligite\n|move|p1b: Sneasler|Fake Out|p2a: Garchomp\n|-damage|p2a: Garchomp|86/100\n|-damage|p1b: Sneasler|88/100|[from] ability: Rough Skin|[of] p2a: Garchomp\n|move|p2b: Charizard|Heat Wave|p1b: Sneasler|[spread] p1a,p1b\n|-resisted|p1a: Feraligatr|2\n|-damage|p1a: Feraligatr|79/100\n|-damage|p1b: Sneasler|0 fnt\n|faint|p1b: Sneasler\n|cant|p2a: Garchomp|flinch\n|move|p1a: Feraligatr|Dragon Dance|p1a: Feraligatr\n|-boost|p1a: Feraligatr|atk|1\n|-boost|p1a: Feraligatr|spe|1\n|\n|-weather|SunnyDay|[upkeep]\n|upkeep\n|\n|t:|1776289159\n|switch|p1b: Maushold|Maushold, L50|100/100\n|turn|2\n|\n|t:|1776289166\n|move|p1b: Maushold|Follow Me|p1b: Maushold\n|-singleturn|p1b: Maushold|move: Follow Me\n|move|p1a: Feraligatr|Liquidation|p2b: Charizard\n|-supereffective|p2b: Charizard|1\n|-damage|p2b: Charizard|0 fnt\n|faint|p2b: Charizard\n|move|p2a: Garchomp|Earthquake|p1a: Feraligatr|[spread] p1a,p1b\n|-damage|p1a: Feraligatr|51/100\n|-damage|p1b: Maushold|50/100\n|\n|-weather|SunnyDay|[upkeep]\n|upkeep\n|\n|t:|1776289172\n|switch|p2b: Venusaur|Venusaur, L50, M|100/100\n|turn|3\n|\n|t:|1776289182\n|move|p2a: Garchomp|Protect|p2a: Garchomp\n|-singleturn|p2a: Garchomp|Protect\n|move|p1b: Maushold|Follow Me|p1b: Maushold\n|-singleturn|p1b: Maushold|move: Follow Me\n|move|p2b: Venusaur|Sleep Powder|p1b: Maushold\n|-status|p1b: Maushold|slp|[from] move: Sleep Powder\n|move|p1a: Feraligatr|Double-Edge|p2a: Garchomp\n|-activate|p2a: Garchomp|move: Protect\n|\n|-weather|SunnyDay|[upkeep]\n|upkeep\n|turn|4\n|\n|t:|1776289207\n|move|p1a: Feraligatr|Protect|p1a: Feraligatr\n|-singleturn|p1a: Feraligatr|Protect\n|move|p2b: Venusaur|Sleep Powder|p1a: Feraligatr\n|-activate|p1a: Feraligatr|move: Protect\n|cant|p1b: Maushold|slp\n|move|p2a: Garchomp|Dragon Claw|p1a: Feraligatr\n|-activate|p1a: Feraligatr|move: Protect\n|\n|-weather|SunnyDay|[upkeep]\n|upkeep\n|turn|5\n|\n|t:|1776289234\n|switch|p1a: Sinistcha|Sinistcha, L50|100/100\n|-heal|p1b: Maushold|75/100 slp|[from] ability: Hospitality|[of] p1a: Sinistcha\n|move|p2a: Garchomp|Protect|p2a: Garchomp\n|-singleturn|p2a: Garchomp|Protect\n|move|p2b: Venusaur|Leaf Storm|p1a: Sinistcha\n|-resisted|p1a: Sinistcha|1\n|-damage|p1a: Sinistcha|71/100\n|-unboost|p2b: Venusaur|spa|2\n|cant|p1b: Maushold|slp\n|\n|-weather|none\n|upkeep\n|turn|6\n|\n|t:|1776289254\n|switch|p2b: Basculegion|Basculegion, L50, M|100/100\n|-curestatus|p1b: Maushold|slp|[msg]\n|move|p1b: Maushold|Super Fang|p2b: Basculegion\n|-immune|p2b: Basculegion\n|move|p2a: Garchomp|Rock Slide|p1a: Sinistcha|[spread] p1a,p1b\n|-damage|p1a: Sinistcha|62/100\n|-damage|p1b: Maushold|51/100\n|move|p1a: Sinistcha|Matcha Gotcha|p2b: Basculegion|[spread] p2a,p2b\n|-supereffective|p2b: Basculegion|1\n|-damage|p2a: Garchomp|63/100\n|-heal|p1a: Sinistcha|76/100|[from] drain|[of] p2a: Garchomp\n|-damage|p2b: Basculegion|42/100\n|-heal|p1a: Sinistcha|100/100|[from] drain|[of] p2b: Basculegion\n|\n|upkeep\n|turn|7\n|\n|t:|1776289280\n|move|p1b: Maushold|Follow Me|p1b: Maushold\n|-singleturn|p1b: Maushold|move: Follow Me\n|move|p2b: Basculegion|Flip Turn|p1b: Maushold\n|-damage|p1b: Maushold|4/100\n|\n|t:|1776289282\n|switch|p2b: Venusaur|Venusaur, L50, M|100/100|[from] Flip Turn\n|move|p2a: Garchomp|Rock Slide|p1b: Maushold|[spread] p1a\n|-miss|p2a: Garchomp|p1b: Maushold\n|-damage|p1a: Sinistcha|90/100\n|move|p1a: Sinistcha|Matcha Gotcha|p2a: Garchomp|[spread] \n|-miss|p1a: Sinistcha|p2a: Garchomp\n|-miss|p1a: Sinistcha|p2b: Venusaur\n|\n|upkeep\n|turn|8\n|inactive|Battle timer is ON: inactive players will automatically lose when time's up. (requested by Morrocan AXL BLAZE)\n|\n|t:|1776289314\n|move|p1b: Maushold|Super Fang|p2b: Venusaur\n|-damage|p2b: Venusaur|51/100\n|move|p2a: Garchomp|Rock Slide|p1a: Sinistcha|[spread] p1a\n|-miss|p2a: Garchomp|p1b: Maushold\n|-damage|p1a: Sinistcha|79/100\n|move|p2b: Venusaur|Sludge Bomb|p1a: Sinistcha\n|-damage|p1a: Sinistcha|38/100\n|-enditem|p1a: Sinistcha|Sitrus Berry|[eat]\n|-heal|p1a: Sinistcha|62/100|[from] item: Sitrus Berry\n|move|p1a: Sinistcha|Matcha Gotcha|p2b: Venusaur|[spread] p2b\n|-miss|p1a: Sinistcha|p2a: Garchomp\n|-resisted|p2b: Venusaur|2\n|-damage|p2b: Venusaur|44/100\n|-heal|p1a: Sinistcha|66/100|[from] drain|[of] p2b: Venusaur\n|\n|upkeep\n|turn|9\n|inactive|StreamOtter has 30 seconds left.\n|inactive|StreamOtter has 20 seconds left.\n|inactive|StreamOtter has 15 seconds left.\n|inactive|StreamOtter has 10 seconds left.\n|\n|t:|1776289360\n|move|p1a: Sinistcha|Protect|p1a: Sinistcha\n|-singleturn|p1a: Sinistcha|Protect\n|move|p1b: Maushold|Super Fang|p2a: Garchomp\n|-damage|p2a: Garchomp|32/100\n|-damage|p1b: Maushold|0 fnt|[from] ability: Rough Skin|[of] p2a: Garchomp\n|faint|p1b: Maushold\n|move|p2a: Garchomp|Rock Slide|p1a: Sinistcha\n|-activate|p1a: Sinistcha|move: Protect\n|move|p2b: Venusaur|Sludge Bomb|p1a: Sinistcha\n|-activate|p1a: Sinistcha|move: Protect\n|\n|upkeep\n|\n|t:|1776289371\n|switch|p1b: Feraligatr|Feraligatr-Mega, L50, M|51/100\n|turn|10\n|\n|t:|1776289395\n|move|p1b: Feraligatr|Protect|p1b: Feraligatr\n|-singleturn|p1b: Feraligatr|Protect\n|move|p2a: Garchomp|Dragon Claw|p1b: Feraligatr\n|-activate|p1b: Feraligatr|move: Protect\n|move|p2b: Venusaur|Sludge Bomb|p1a: Sinistcha\n|-damage|p1a: Sinistcha|13/100\n|move|p1a: Sinistcha|Life Dew|p1a: Sinistcha|[spread] p1a,p1b\n|-heal|p1a: Sinistcha|39/100\n|-heal|p1b: Feraligatr|76/100\n|\n|upkeep\n|turn|11\n|inactive|StreamOtter has 30 seconds left.\n|\n|t:|1776289422\n|move|p2a: Garchomp|Dragon Claw|p1a: Sinistcha\n|-damage|p1a: Sinistcha|9/100\n|move|p2b: Venusaur|Sludge Bomb|p1a: Sinistcha\n|-damage|p1a: Sinistcha|0 fnt\n|faint|p1a: Sinistcha\n|move|p1b: Feraligatr|Liquidation|p2a: Garchomp\n|-damage|p2a: Garchomp|0 fnt\n|-damage|p1b: Feraligatr|64/100|[from] ability: Rough Skin|[of] p2a: Garchomp\n|faint|p2a: Garchomp\n|\n|upkeep\n|\n|t:|1776289425\n|switch|p2a: Basculegion|Basculegion, L50, M|42/100\n|turn|12\n|\n|t:|1776289439\n|move|p2a: Basculegion|Last Respects|p1b: Feraligatr\n|-damage|p1b: Feraligatr|0 fnt\n|faint|p1b: Feraligatr\n|\n|win|Morrocan AXL BLAZE\n|raw|StreamOtter's rating: 1273 &rarr; <strong>1244</strong><br />(-29 for losing)\n|raw|Morrocan AXL BLAZE's rating: 1216 &rarr; <strong>1245</strong><br />(+29 for winning)\n|l|\u2606StreamOtter\n|player|p1|\n",
  "uploadtime": 1776289440,
  "views": 25,
  "formatid": "gen9championsvgc2026regma",
  "rating": 1244,
  "private": 0,
  "password": null
}