{
  "id": "gen9championsvgc2026regma-2580497363",
  "format": "[Gen 9 Champions] VGC 2026 Reg M-A",
  "players": [
    "fangyusuhe",
    "star\u262ddweller"
  ],
  "log": "|j|\u2606fangyusuhe\n|j|\u2606star\u262ddweller\n|html|<table width=\"100%\"><tr><td align=\"left\">fangyusuhe</td><td align=\"right\">star\u262ddweller</tr><tr><td align=\"left\"><i class=\"fa fa-circle\"></i> <i class=\"fa fa-circle-o\"></i> </td><td align=\"right\"><i class=\"fa fa-circle-o\"></i> <i class=\"fa fa-circle-o\"></i> </tr></table>\n|uhtml|bestof|<h2><strong>Game 2</strong> of <a href=\"/game-bestof3-gen9championsvgc2026regma-2580494928\">a best-of-3</a></h2>\n|t:|1775905088\n|gametype|doubles\n|player|p1|fangyusuhe|dawn|\n|player|p2|star\u262ddweller|az|\n|gen|9\n|tier|[Gen 9 Champions] VGC 2026 Reg M-A\n|rated|Tournament battle\n|rule|Species Clause: Limit one of each Pok\u00e9mon\n|rule|Item Clause: Limit 1 of each item\n|raw|<div class=\"infobox\"><details class=\"readmore\" open><summary><strong>2 custom rules:</strong></summary> best of=3, force open team sheets</details></div>\n|clearpoke\n|poke|p1|Charizard, L50, M|\n|poke|p1|Sneasler, L50, M|\n|poke|p1|Basculegion, L50, M|\n|poke|p1|Garchomp, L50, F|\n|poke|p1|Incineroar, L50, F|\n|poke|p1|Venusaur, L50, F|\n|poke|p2|Glimmora, L50, M|\n|poke|p2|Ninetales-Alola, L50, M|\n|poke|p2|Incineroar, L50, M|\n|poke|p2|Sinistcha, L50|\n|poke|p2|Volcarona, L50, M|\n|poke|p2|Basculegion, L50, M|\n|teampreview|4\n|showteam|p1|Charizard||CharizarditeY|Blaze|HeatWave,AirSlash,WeatherBall,Protect|||M|||50|]Sneasler||WhiteHerb|Unburden|CloseCombat,DireClaw,RockSlide,Protect|||M|||50|]Basculegion||ChoiceScarf|Adaptability|WaveCrash,LastRespects,AquaJet,FlipTurn|||M|||50|]Garchomp||HabanBerry|RoughSkin|DragonClaw,Earthquake,RockSlide,Protect|||F|||50|]Incineroar||SitrusBerry|Intimidate|ThroatChop,FlareBlitz,PartingShot,FakeOut|||F|||50|]Venusaur||FocusSash|Chlorophyll|EnergyBall,SludgeBomb,SleepPowder,Protect|||F|||50|\n|showteam|p2|Glimmora||Glimmoranite|ToxicDebris|SludgeBomb,PowerGem,EarthPower,SpikyShield|||M|||50|]Ninetales-Alola||FocusSash|SnowWarning|Blizzard,IcyWind,AuroraVeil,Protect|||M|||50|]Incineroar||ChopleBerry|Intimidate|FakeOut,ThroatChop,PartingShot,FlareBlitz|||M|||50|]Sinistcha||KasibBerry|Hospitality|MatchaGotcha,ShadowBall,Protect,RagePowder||||||50|]Volcarona||Leftovers|FlameBody|HeatWave,BugBuzz,Protect,QuiverDance|||M|||50|]Basculegion||ChoiceScarf|Adaptability|WaveCrash,AquaJet,FlipTurn,LastRespects|||M|||50|\n|j| VGCtestLGI\n|j| pr.iyanshu768500\n|inactive|Battle timer is ON: inactive players will automatically lose when time's up. (requested by fangyusuhe)\n|j| Noobilio\n|inactive|star\u262ddweller has 60 seconds left.\n|n| VGCtestLGI|vgctestlgi\n|j| a8sd7\n|l| VGCtestLGI\n|inactive|star\u262ddweller has 30 seconds left.\n|\n|t:|1775905164\n|teamsize|p1|4\n|teamsize|p2|4\n|start\n|switch|p1a: Sneasler|Sneasler, L50, M|100/100\n|switch|p1b: Basculegion|Basculegion, L50, M|100/100\n|switch|p2a: Ninetales|Ninetales-Alola, L50, M|100/100\n|switch|p2b: Glimmora|Glimmora, L50, M|100/100\n|-weather|Snowscape|[from] ability: Snow Warning|[of] p2a: Ninetales\n|turn|1\n|j| FBIsurveillanceman\n|j| Raynobi\n|inactive|star\u262ddweller has 30 seconds left.\n|inactive|star\u262ddweller has 20 seconds left.\n|inactive|star\u262ddweller has 15 seconds left.\n|\n|t:|1775905209\n|switch|p2a: Sinistcha|Sinistcha, L50|100/100\n|move|p2b: Glimmora|Spiky Shield|p2b: Glimmora\n|-singleturn|p2b: Glimmora|move: Protect\n|move|p1b: Basculegion|Flip Turn|p2a: Sinistcha\n|-resisted|p2a: Sinistcha|1\n|-damage|p2a: Sinistcha|87/100\n|\n|t:|1775905212\n|switch|p1b: Charizard|Charizard, L50, M|100/100|[from] Flip Turn\n|move|p1a: Sneasler|Dire Claw|p2a: Sinistcha\n|-damage|p2a: Sinistcha|55/100\n|-status|p2a: Sinistcha|slp\n|\n|-weather|Snowscape|[upkeep]\n|upkeep\n|turn|2\n|\n|t:|1775905228\n|switch|p1b: Garchomp|Garchomp, L50, F|100/100\n|switch|p2a: Incineroar|Incineroar, L50, M|100/100\n|-ability|p2a: Incineroar|Intimidate|boost\n|-unboost|p1a: Sneasler|atk|1\n|-unboost|p1b: Garchomp|atk|1\n|-enditem|p1a: Sneasler|White Herb\n|-clearnegativeboost|p1a: Sneasler|[silent]\n|detailschange|p2b: Glimmora|Glimmora-Mega, L50, M\n|-mega|p2b: Glimmora|Glimmora|Glimmoranite\n|move|p1a: Sneasler|Close Combat|p2b: Glimmora\n|-damage|p2b: Glimmora|32/100\n|-unboost|p1a: Sneasler|def|1\n|-unboost|p1a: Sneasler|spd|1\n|move|p2b: Glimmora|Power Gem|p1b: Garchomp\n|-resisted|p1b: Garchomp|1\n|-damage|p1b: Garchomp|68/100\n|\n|-weather|Snowscape|[upkeep]\n|upkeep\n|turn|3\n|j| StandardAmerican\n|inactive|star\u262ddweller has 30 seconds left.\n|inactive|star\u262ddweller has 20 seconds left.\n|inactive|star\u262ddweller has 15 seconds left.\n|inactive|fangyusuhe has 30 seconds left.\n|inactive|star\u262ddweller has 10 seconds left.\n|inactive|star\u262ddweller has 5 seconds left.\n|j| alone0007\n|\n|t:|1775905280\n|switch|p2b: Ninetales|Ninetales-Alola, L50, M|100/100\n|move|p2a: Incineroar|Fake Out|p1a: Sneasler\n|-damage|p1a: Sneasler|73/100\n|cant|p1a: Sneasler|flinch\n|move|p1b: Garchomp|Dragon Claw|p2b: Ninetales\n|-immune|p2b: Ninetales\n|\n|-weather|Snowscape|[upkeep]\n|upkeep\n|turn|4\n|inactive|star\u262ddweller has 30 seconds left.\n|j| 2rffwd\n|inactive|star\u262ddweller has 20 seconds left.\n|inactive|star\u262ddweller has 15 seconds left.\n|\n|t:|1775905323\n|switch|p1b: Charizard|Charizard, L50, M|100/100\n|move|p1a: Sneasler|Dire Claw|p2b: Ninetales\n|-supereffective|p2b: Ninetales|1\n|-damage|p2b: Ninetales|15/100\n|move|p2b: Ninetales|Blizzard|p1b: Charizard|[spread] p1a,p1b\n|-damage|p1a: Sneasler|4/100\n|-damage|p1b: Charizard|61/100\n|move|p2a: Incineroar|Parting Shot|p1a: Sneasler\n|-unboost|p1a: Sneasler|atk|1\n|-unboost|p1a: Sneasler|spa|1\n|\n|t:|1775905346\n|switch|p2a: Glimmora|Glimmora-Mega, L50, M|32/100|[from] Parting Shot\n|\n|-weather|Snowscape|[upkeep]\n|upkeep\n|turn|5\n|\n|t:|1775905354\n|detailschange|p1b: Charizard|Charizard-Mega-Y, L50, M\n|-mega|p1b: Charizard|Charizard|Charizardite Y\n|-weather|SunnyDay|[from] ability: Drought|[of] p1b: Charizard\n|move|p2a: Glimmora|Spiky Shield|p2a: Glimmora\n|-singleturn|p2a: Glimmora|move: Protect\n|move|p1a: Sneasler|Close Combat|p2a: Glimmora\n|-activate|p2a: Glimmora|move: Protect\n|-damage|p1a: Sneasler|0 fnt|[from] Spiky Shield|[of] p2a: Glimmora\n|faint|p1a: Sneasler\n|move|p2b: Ninetales|Icy Wind|p1b: Charizard\n|-damage|p1b: Charizard|38/100\n|-unboost|p1b: Charizard|spe|1\n|move|p1b: Charizard|Heat Wave|p2a: Glimmora|[spread] p2b\n|-activate|p2a: Glimmora|move: Protect\n|-supereffective|p2b: Ninetales|1\n|-damage|p2b: Ninetales|0 fnt\n|faint|p2b: Ninetales\n|\n|-weather|SunnyDay|[upkeep]\n|upkeep\n|\n|t:|1775905371\n|switch|p2b: Incineroar|Incineroar, L50, M|100/100\n|switch|p1a: Basculegion|Basculegion, L50, M|100/100\n|-ability|p2b: Incineroar|Intimidate|boost\n|-unboost|p1a: Basculegion|atk|1\n|-unboost|p1b: Charizard|atk|1\n|turn|6\n|inactive|star\u262ddweller has 30 seconds left.\n|inactive|star\u262ddweller has 20 seconds left.\n|\n|t:|1775905409\n|move|p1a: Basculegion|Flip Turn|p2a: Glimmora\n|-supereffective|p2a: Glimmora|1\n|-damage|p2a: Glimmora|4/100\n|\n|t:|1775905412\n|switch|p1a: Garchomp|Garchomp, L50, F|68/100|[from] Flip Turn\n|move|p2a: Glimmora|Power Gem|p1b: Charizard\n|-supereffective|p1b: Charizard|2\n|-damage|p1b: Charizard|0 fnt\n|faint|p1b: Charizard\n|move|p2b: Incineroar|Throat Chop|p1a: Garchomp\n|-damage|p1a: Garchomp|40/100\n|-start|p1a: Garchomp|Throat Chop|[silent]\n|-damage|p2b: Incineroar|88/100|[from] ability: Rough Skin|[of] p1a: Garchomp\n|\n|-weather|SunnyDay|[upkeep]\n|upkeep\n|\n|t:|1775905417\n|switch|p1b: Basculegion|Basculegion, L50, M|100/100\n|turn|7\n|j| missouri mott\n|\n|t:|1775905441\n|switch|p2b: Sinistcha|Sinistcha, L50|55/100 slp\n|-heal|p2a: Glimmora|29/100|[from] ability: Hospitality|[of] p2b: Sinistcha\n|move|p2a: Glimmora|Spiky Shield|p2a: Glimmora\n|-singleturn|p2a: Glimmora|move: Protect\n|move|p1b: Basculegion|Last Respects|p2a: Glimmora\n|-activate|p2a: Glimmora|move: Protect\n|move|p1a: Garchomp|Earthquake|p2b: Sinistcha|[spread] p1b,p2b\n|-activate|p2a: Glimmora|move: Protect\n|-resisted|p2b: Sinistcha|1\n|-damage|p1b: Basculegion|47/100\n|-damage|p2b: Sinistcha|42/100 slp\n|\n|-weather|SunnyDay|[upkeep]\n|-end|p1a: Garchomp|Throat Chop|[silent]\n|upkeep\n|turn|8\n|j| Avi 2007\n|l| FBIsurveillanceman\n|inactive|star\u262ddweller has 30 seconds left.\n|inactive|star\u262ddweller has 20 seconds left.\n|inactive|star\u262ddweller has 15 seconds left.\n|l| missouri mott\n|inactive|star\u262ddweller has 10 seconds left.\n|\n|t:|1775905490\n|move|p2a: Glimmora|Spiky Shield||[still]\n|-fail|p2a: Glimmora\n|move|p1b: Basculegion|Last Respects|p2a: Glimmora\n|-damage|p2a: Glimmora|0 fnt\n|faint|p2a: Glimmora\n|move|p1a: Garchomp|Dragon Claw|p2b: Sinistcha\n|-damage|p2b: Sinistcha|12/100 slp\n|cant|p2b: Sinistcha|slp\n|\n|-weather|SunnyDay|[upkeep]\n|upkeep\n|\n|t:|1775905500\n|switch|p2a: Incineroar|Incineroar, L50, M|88/100\n|-ability|p2a: Incineroar|Intimidate|boost\n|-unboost|p1a: Garchomp|atk|1\n|-unboost|p1b: Basculegion|atk|1\n|turn|9\n|\n|t:|1775905517\n|move|p1a: Garchomp|Protect|p1a: Garchomp\n|-singleturn|p1a: Garchomp|Protect\n|cant|p2b: Sinistcha|slp\n|move|p1b: Basculegion|Last Respects|p2b: Sinistcha\n|-supereffective|p2b: Sinistcha|1\n|-enditem|p2b: Sinistcha|Kasib Berry|[eat]\n|-enditem|p2b: Sinistcha|Kasib Berry|[weaken]\n|-damage|p2b: Sinistcha|0 fnt\n|faint|p2b: Sinistcha\n|move|p2a: Incineroar|Throat Chop|p1b: Basculegion\n|-supereffective|p1b: Basculegion|1\n|-damage|p1b: Basculegion|0 fnt\n|faint|p1b: Basculegion\n|\n|-weather|none\n|upkeep\n|turn|10\n|inactive|star\u262ddweller has 30 seconds left.\n|inactive|star\u262ddweller has 20 seconds left.\n|inactive|star\u262ddweller has 15 seconds left.\n|inactive|star\u262ddweller has 10 seconds left.\n|\n|t:|1775905565\n|move|p1a: Garchomp|Earthquake|p2a: Incineroar\n|-supereffective|p2a: Incineroar|1\n|-damage|p2a: Incineroar|13/100\n|move|p2a: Incineroar|Throat Chop|p1a: Garchomp\n|-damage|p1a: Garchomp|13/100\n|-start|p1a: Garchomp|Throat Chop|[silent]\n|-damage|p2a: Incineroar|0 fnt|[from] ability: Rough Skin|[of] p1a: Garchomp\n|faint|p2a: Incineroar\n|\n|win|fangyusuhe\n|c|\u2606star\u262ddweller|ggwp\n|l|\u2606star\u262ddweller\n|player|p2|\n",
  "uploadtime": 1775905578,
  "views": 29,
  "formatid": "gen9championsvgc2026regma",
  "rating": null,
  "private": 0,
  "password": null
}