{
  "id": "gen9championsvgc2026regma-2582593993",
  "format": "[Gen 9 Champions] VGC 2026 Reg M-A",
  "players": [
    "Thechienchien",
    "Viral_Tomato"
  ],
  "log": "|j|\u2606Thechienchien\n|j|\u2606Viral_Tomato\n|t:|1776101486\n|gametype|doubles\n|player|p1|Thechienchien|266|1146\n|player|p2|Viral_Tomato|caitlin|1214\n|gen|9\n|tier|[Gen 9 Champions] VGC 2026 Reg M-A\n|rated|\n|rule|Species Clause: Limit one of each Pok\u00e9mon\n|rule|Item Clause: Limit 1 of each item\n|clearpoke\n|poke|p1|Meowscarada, L50, M|\n|poke|p1|Aerodactyl, L50, M|\n|poke|p1|Sneasler, L50, F|\n|poke|p1|Incineroar, L50, M|\n|poke|p1|Garchomp, L50, M|\n|poke|p1|Aegislash, L50, F|\n|poke|p2|Incineroar, L50, M|\n|poke|p2|Whimsicott, L50, F|\n|poke|p2|Maushold-Four, L50|\n|poke|p2|Floette-Eternal, L50, F|\n|poke|p2|Basculegion, L50, M|\n|poke|p2|Sneasler, L50, M|\n|teampreview|4\n|inactive|Battle timer is ON: inactive players will automatically lose when time's up. (requested by Thechienchien)\n|\n|t:|1776101515\n|teamsize|p1|4\n|teamsize|p2|4\n|start\n|switch|p1a: Aerodactyl|Aerodactyl, L50, M|100/100\n|switch|p1b: Meowscarada|Meowscarada, L50, M, shiny|100/100\n|switch|p2a: Whimsicott|Whimsicott, L50, F|100/100\n|switch|p2b: Incineroar|Incineroar, L50, M|100/100\n|-ability|p1a: Aerodactyl|Unnerve\n|-ability|p2b: Incineroar|Intimidate|boost\n|-unboost|p1a: Aerodactyl|atk|1\n|-unboost|p1b: Meowscarada|atk|1\n|turn|1\n|inactive|Viral_Tomato has 30 seconds left.\n|inactive|Viral_Tomato has 20 seconds left.\n|\n|t:|1776101558\n|detailschange|p1a: Aerodactyl|Aerodactyl-Mega, L50, M\n|-mega|p1a: Aerodactyl|Aerodactyl|Aerodactylite\n|move|p2b: Incineroar|Fake Out|p1b: Meowscarada\n|-damage|p1b: Meowscarada|82/100\n|move|p2a: Whimsicott|Taunt|p1a: Aerodactyl\n|-start|p1a: Aerodactyl|move: Taunt\n|cant|p1b: Meowscarada|flinch\n|cant|p1a: Aerodactyl|move: Taunt|Tailwind\n|\n|upkeep\n|turn|2\n|\n|t:|1776101580\n|move|p2a: Whimsicott|Tailwind|p2a: Whimsicott\n|-sidestart|p2: Viral_Tomato|move: Tailwind\n|move|p1b: Meowscarada|U-turn|p2b: Incineroar\n|-start|p1b: Meowscarada|typechange|Bug|[from] ability: Protean\n|-damage|p2b: Incineroar|80/100\n|\n|t:|1776101592\n|switch|p1b: Aegislash|Aegislash, L50, F|100/100|[from] U-turn\n|move|p1a: Aerodactyl|Dual Wingbeat|p2a: Whimsicott\n|-supereffective|p2a: Whimsicott|1\n|-damage|p2a: Whimsicott|42/100\n|-supereffective|p2a: Whimsicott|1\n|-damage|p2a: Whimsicott|0 fnt\n|faint|p2a: Whimsicott\n|-hitcount|p2: Whimsicott|2\n|move|p2b: Incineroar|Parting Shot|p1a: Aerodactyl\n|-unboost|p1a: Aerodactyl|atk|1\n|-unboost|p1a: Aerodactyl|spa|1\n|\n|t:|1776101600\n|switch|p2b: Floette|Floette-Eternal, L50, F|100/100|[from] Parting Shot\n|\n|upkeep\n|\n|t:|1776101608\n|switch|p2a: Maushold|Maushold-Four, L50|100/100\n|turn|3\n|\n|t:|1776101619\n|switch|p1a: Meowscarada|Meowscarada, L50, M, shiny|82/100\n|detailschange|p2b: Floette|Floette-Mega, L50, F\n|-mega|p2b: Floette|Floette|Floettite\n|-ability|p2b: Floette|Fairy Aura\n|move|p1b: Aegislash|King's Shield|p1b: Aegislash\n|-singleturn|p1b: Aegislash|Protect\n|move|p2a: Maushold|Taunt|p1b: Aegislash\n|-start|p1b: Aegislash|move: Taunt\n|move|p2b: Floette|Calm Mind|p2b: Floette\n|-boost|p2b: Floette|spa|1\n|-boost|p2b: Floette|spd|1\n|\n|upkeep\n|turn|4\n|\n|t:|1776101639\n|move|p2a: Maushold|Follow Me|p2a: Maushold\n|-singleturn|p2a: Maushold|move: Follow Me\n|move|p2b: Floette|Dazzling Gleam|p1b: Aegislash|[spread] p1a,p1b\n|-supereffective|p1a: Meowscarada|1\n|-resisted|p1b: Aegislash|1\n|-damage|p1a: Meowscarada|0 fnt\n|-damage|p1b: Aegislash|72/100\n|faint|p1a: Meowscarada\n|-formechange|p1b: Aegislash|Aegislash-Blade|\n|move|p1b: Aegislash|Iron Head|p2a: Maushold\n|-damage|p2a: Maushold|36/100\n|\n|upkeep\n|\n|t:|1776101645\n|switch|p1a: Aerodactyl|Aerodactyl-Mega, L50, M|100/100\n|turn|5\n|\n|t:|1776101657\n|move|p1a: Aerodactyl|Protect|p1a: Aerodactyl\n|-singleturn|p1a: Aerodactyl|Protect\n|move|p2a: Maushold|Taunt|p1a: Aerodactyl\n|-activate|p1a: Aerodactyl|move: Protect\n|move|p2b: Floette|Dazzling Gleam|p1a: Aerodactyl|[spread] p1b\n|-activate|p1a: Aerodactyl|move: Protect\n|-resisted|p1b: Aegislash|1\n|-damage|p1b: Aegislash|12/100\n|move|p1b: Aegislash|Iron Head|p2b: Floette\n|-supereffective|p2b: Floette|1\n|-damage|p2b: Floette|0 fnt\n|faint|p2b: Floette\n|\n|-sideend|p2: Viral_Tomato|move: Tailwind\n|upkeep\n|\n|t:|1776101668\n|switch|p2b: Incineroar|Incineroar, L50, M|80/100\n|-ability|p2b: Incineroar|Intimidate|boost\n|-unboost|p1a: Aerodactyl|atk|1\n|-unboost|p1b: Aegislash|atk|1\n|turn|6\n|inactive|Viral_Tomato has 30 seconds left.\n|inactive|Viral_Tomato has 20 seconds left.\n|\n|t:|1776101708\n|switch|p1b: Sneasler|Sneasler, L50, F|100/100\n|move|p1a: Aerodactyl|Protect||[still]\n|-fail|p1a: Aerodactyl\n|move|p2a: Maushold|Taunt|p1a: Aerodactyl\n|-start|p1a: Aerodactyl|move: Taunt\n|move|p2b: Incineroar|Throat Chop|p1b: Sneasler\n|-resisted|p1b: Sneasler|1\n|-damage|p1b: Sneasler|72/100\n|-start|p1b: Sneasler|Throat Chop|[silent]\n|\n|upkeep\n|turn|7\n|\n|t:|1776101726\n|switch|p1a: Aegislash|Aegislash, L50, F|12/100\n|move|p1b: Sneasler|Fake Out|p2b: Incineroar\n|-damage|p2b: Incineroar|71/100\n|move|p2a: Maushold|Follow Me|p2a: Maushold\n|-singleturn|p2a: Maushold|move: Follow Me\n|cant|p2b: Incineroar|flinch\n|\n|-end|p1b: Sneasler|Throat Chop|[silent]\n|upkeep\n|turn|8\n|\n|t:|1776101748\n|move|p1a: Aegislash|King's Shield|p1a: Aegislash\n|-singleturn|p1a: Aegislash|Protect\n|move|p2a: Maushold|Follow Me|p2a: Maushold\n|-singleturn|p2a: Maushold|move: Follow Me\n|move|p1b: Sneasler|Close Combat|p2a: Maushold\n|-supereffective|p2a: Maushold|1\n|-damage|p2a: Maushold|0 fnt\n|-unboost|p1b: Sneasler|def|1\n|-unboost|p1b: Sneasler|spd|1\n|faint|p2a: Maushold\n|-enditem|p1b: Sneasler|White Herb\n|-clearnegativeboost|p1b: Sneasler|[silent]\n|move|p2b: Incineroar|Flare Blitz|p1b: Sneasler\n|-damage|p1b: Sneasler|0 fnt\n|faint|p1b: Sneasler\n|-damage|p2b: Incineroar|53/100|[from] Recoil\n|\n|upkeep\n|\n|t:|1776101750\n|switch|p1b: Aerodactyl|Aerodactyl-Mega, L50, M|100/100\n|turn|9\n|\n|t:|1776101757\n|move|p1b: Aerodactyl|Rock Slide|p2b: Incineroar\n|-supereffective|p2b: Incineroar|1\n|-damage|p2b: Incineroar|0 fnt\n|faint|p2b: Incineroar\n|\n|win|Thechienchien\n|raw|Thechienchien's rating: 1146 &rarr; <strong>1176</strong><br />(+30 for winning)\n|raw|Viral_Tomato's rating: 1214 &rarr; <strong>1184</strong><br />(-30 for losing)\n",
  "uploadtime": 1776101765,
  "views": 24,
  "formatid": "gen9championsvgc2026regma",
  "rating": 1176,
  "private": 0,
  "password": null
}