{
  "id": "gen9championsvgc2026regma-2584090058",
  "format": "[Gen 9 Champions] VGC 2026 Reg M-A",
  "players": [
    "banasmoot",
    "MilkmanMiltank"
  ],
  "log": "|j|\u2606banasmoot\n|j|\u2606MilkmanMiltank\n|t:|1776224069\n|gametype|doubles\n|player|p1|banasmoot|alder|1126\n|player|p2|MilkmanMiltank|pokemonbreeder-gen4|1220\n|gen|9\n|tier|[Gen 9 Champions] VGC 2026 Reg M-A\n|rated|\n|rule|Species Clause: Limit one of each Pok\u00e9mon\n|rule|Item Clause: Limit 1 of each item\n|clearpoke\n|poke|p1|Oranguru, L50, M|\n|poke|p1|Decidueye-Hisui, L50, F|\n|poke|p1|Snorlax, L50, M|\n|poke|p1|Hydrapple, L50, M|\n|poke|p1|Charizard, L50, M|\n|poke|p1|Starmie, L50|\n|poke|p2|Torkoal, L50, F|\n|poke|p2|Oranguru, L50, F|\n|poke|p2|Clefable, L50, M|\n|poke|p2|Rhyperior, L50, F|\n|poke|p2|Rotom-Wash, L50|\n|poke|p2|Sinistcha, L50|\n|teampreview|4\n|\n|t:|1776224139\n|teamsize|p1|4\n|teamsize|p2|4\n|start\n|switch|p1a: Oranguru|Oranguru, L50, M|100/100\n|switch|p1b: Hydrapple|Hydrapple, L50, M|100/100\n|switch|p2a: The Gogurt|Oranguru, L50, F, shiny|100/100\n|switch|p2b: The Fresh Steep|Sinistcha, L50, shiny|100/100\n|turn|1\n|\n|t:|1776224178\n|switch|p2b: The Toast|Torkoal, L50, F, shiny|100/100\n|-weather|SunnyDay|[from] ability: Drought|[of] p2b: The Toast\n|move|p2a: The Gogurt|Yawn|p1a: Oranguru\n|-start|p1a: Oranguru|move: Yawn|[of] p2a: The Gogurt\n|move|p1a: Oranguru|Light Screen|p1a: Oranguru\n|-sidestart|p1: banasmoot|move: Light Screen\n|move|p1b: Hydrapple|Pollen Puff|p2b: The Toast\n|-resisted|p2b: The Toast|1\n|-damage|p2b: The Toast|81/100\n|\n|-weather|SunnyDay|[upkeep]\n|upkeep\n|turn|2\n|\n|t:|1776224212\n|switch|p1a: Snorlax|Snorlax, L50, M|100/100\n|move|p1b: Hydrapple|Protect|p1b: Hydrapple\n|-singleturn|p1b: Hydrapple|Protect\n|move|p2b: The Toast|Protect|p2b: The Toast\n|-singleturn|p2b: The Toast|Protect\n|move|p2a: The Gogurt|Trick Room|p2a: The Gogurt\n|-fieldstart|move: Trick Room|[of] p2a: The Gogurt\n|\n|-weather|SunnyDay|[upkeep]\n|upkeep\n|turn|3\n|\n|t:|1776224234\n|switch|p2b: The Eggs & Bacon|Rhyperior, L50, F, shiny|100/100\n|move|p1a: Snorlax|Belly Drum|p1a: Snorlax\n|-damage|p1a: Snorlax|51/100\n|-setboost|p1a: Snorlax|atk|6|[from] move: Belly Drum\n|move|p1b: Hydrapple|Pollen Puff|p1a: Snorlax\n|-heal|p1a: Snorlax|100/100\n|move|p2a: The Gogurt|Yawn|p1b: Hydrapple\n|-start|p1b: Hydrapple|move: Yawn|[of] p2a: The Gogurt\n|\n|-weather|SunnyDay|[upkeep]\n|upkeep\n|turn|4\n|\n|t:|1776224260\n|switch|p1b: Oranguru|Oranguru, L50, M|100/100\n|move|p1a: Snorlax|Iron Head|p2b: The Eggs & Bacon\n|-supereffective|p2b: The Eggs & Bacon|1\n|-damage|p2b: The Eggs & Bacon|21/100\n|move|p2b: The Eggs & Bacon|Stone Edge|p1a: Snorlax|[miss]\n|-miss|p2b: The Eggs & Bacon|p1a: Snorlax\n|move|p2a: The Gogurt|Instruct|p2b: The Eggs & Bacon\n|-singleturn|p2b: The Eggs & Bacon|move: Instruct|[of] p2a: The Gogurt\n|move|p2b: The Eggs & Bacon|Stone Edge|p1a: Snorlax|[miss]\n|-miss|p2b: The Eggs & Bacon|p1a: Snorlax\n|\n|-weather|SunnyDay|[upkeep]\n|upkeep\n|turn|5\n|c|\u2606MilkmanMiltank|wiff\n|\n|t:|1776224289\n|move|p2b: The Eggs & Bacon|Protect|p2b: The Eggs & Bacon\n|-singleturn|p2b: The Eggs & Bacon|Protect\n|move|p1a: Snorlax|Iron Head|p2b: The Eggs & Bacon\n|-activate|p2b: The Eggs & Bacon|move: Protect\n|move|p1b: Oranguru|Instruct|p1a: Snorlax\n|-singleturn|p1a: Snorlax|move: Instruct|[of] p1b: Oranguru\n|move|p1a: Snorlax|Iron Head|p2b: The Eggs & Bacon\n|-activate|p2b: The Eggs & Bacon|move: Protect\n|move|p2a: The Gogurt|Trick Room|p2a: The Gogurt\n|-fieldend|move: Trick Room\n|\n|-weather|none\n|-sideend|p1: banasmoot|move: Light Screen\n|upkeep\n|turn|6\n|\n|t:|1776224309\n|move|p1a: Snorlax|Protect|p1a: Snorlax\n|-singleturn|p1a: Snorlax|Protect\n|move|p2a: The Gogurt|Yawn|p1a: Snorlax\n|-activate|p1a: Snorlax|move: Protect\n|move|p2b: The Eggs & Bacon|Stone Edge|p1a: Snorlax\n|-activate|p1a: Snorlax|move: Protect\n|move|p1b: Oranguru|Trick Room|p1b: Oranguru\n|-fieldstart|move: Trick Room|[of] p1b: Oranguru\n|\n|upkeep\n|turn|7\n|\n|t:|1776224324\n|move|p2b: The Eggs & Bacon|Protect|p2b: The Eggs & Bacon\n|-singleturn|p2b: The Eggs & Bacon|Protect\n|move|p1a: Snorlax|Double-Edge|p2a: The Gogurt\n|-damage|p2a: The Gogurt|0 fnt\n|faint|p2a: The Gogurt\n|-damage|p1a: Snorlax|73/100|[from] Recoil\n|move|p1b: Oranguru|Reflect|p1b: Oranguru\n|-sidestart|p1: banasmoot|Reflect\n|\n|-heal|p1a: Snorlax|79/100|[from] item: Leftovers\n|upkeep\n|\n|t:|1776224334\n|switch|p2a: The Toast|Torkoal, L50, F, shiny|81/100\n|-weather|SunnyDay|[from] ability: Drought|[of] p2a: The Toast\n|turn|8\n|\n|t:|1776224350\n|move|p2a: The Toast|Eruption|p1b: Oranguru|[spread] p1a,p1b\n|-damage|p1a: Snorlax|60/100\n|-damage|p1b: Oranguru|53/100\n|move|p1a: Snorlax|Double-Edge|p2a: The Toast\n|-damage|p2a: The Toast|0 fnt\n|faint|p2a: The Toast\n|-damage|p1a: Snorlax|40/100|[from] Recoil\n|move|p2b: The Eggs & Bacon|Rock Slide|p1b: Oranguru|[spread] p1a,p1b\n|-damage|p1a: Snorlax|18/100\n|-damage|p1b: Oranguru|27/100\n|move|p1b: Oranguru|Light Screen|p1b: Oranguru\n|-sidestart|p1: banasmoot|move: Light Screen\n|\n|-weather|SunnyDay|[upkeep]\n|-heal|p1a: Snorlax|24/100|[from] item: Leftovers\n|upkeep\n|\n|t:|1776224357\n|switch|p2a: The Fresh Steep|Sinistcha, L50, shiny|100/100\n|-heal|p2b: The Eggs & Bacon|46/100|[from] ability: Hospitality|[of] p2a: The Fresh Steep\n|turn|9\n|\n|t:|1776224372\n|switch|p1b: Hydrapple|Hydrapple, L50, M|100/100\n|move|p1a: Snorlax|Protect|p1a: Snorlax\n|-singleturn|p1a: Snorlax|Protect\n|move|p2b: The Eggs & Bacon|Protect|p2b: The Eggs & Bacon\n|-singleturn|p2b: The Eggs & Bacon|Protect\n|move|p2a: The Fresh Steep|Trick Room|p2a: The Fresh Steep\n|-fieldend|move: Trick Room\n|\n|-weather|SunnyDay|[upkeep]\n|-heal|p1a: Snorlax|30/100|[from] item: Leftovers\n|upkeep\n|turn|10\n|\n|t:|1776224393\n|move|p2a: The Fresh Steep|Matcha Gotcha|p1b: Hydrapple|[spread] p1a,p1b\n|-resisted|p1b: Hydrapple|2\n|-damage|p1a: Snorlax|22/100\n|-damage|p1b: Hydrapple|97/100\n|move|p1b: Hydrapple|Pollen Puff|p1a: Snorlax\n|-heal|p1a: Snorlax|72/100\n|move|p2b: The Eggs & Bacon|Stone Edge|p1a: Snorlax|[miss]\n|-miss|p2b: The Eggs & Bacon|p1a: Snorlax\n|move|p1a: Snorlax|Iron Head|p2b: The Eggs & Bacon\n|-supereffective|p2b: The Eggs & Bacon|1\n|-damage|p2b: The Eggs & Bacon|0 fnt\n|faint|p2b: The Eggs & Bacon\n|\n|-weather|SunnyDay|[upkeep]\n|-heal|p1a: Snorlax|78/100|[from] item: Leftovers\n|upkeep\n|turn|11\n|c|\u2606MilkmanMiltank|big whiff lol ggwp\n|\n|t:|1776224418\n|move|p2a: The Fresh Steep|Matcha Gotcha|p1b: Hydrapple|[spread] p1a\n|-miss|p2a: The Fresh Steep|p1b: Hydrapple\n|-damage|p1a: Snorlax|69/100\n|move|p1b: Hydrapple|Draco Meteor|p2a: The Fresh Steep\n|-damage|p2a: The Fresh Steep|44/100\n|-unboost|p1b: Hydrapple|spa|2\n|move|p1a: Snorlax|Iron Head|p2a: The Fresh Steep\n|-damage|p2a: The Fresh Steep|0 fnt\n|faint|p2a: The Fresh Steep\n|\n|win|banasmoot\n|raw|banasmoot's rating: 1126 &rarr; <strong>1158</strong><br />(+32 for winning)\n|raw|MilkmanMiltank's rating: 1220 &rarr; <strong>1188</strong><br />(-32 for losing)\n|l|\u2606MilkmanMiltank\n|player|p2|\n",
  "uploadtime": 1776224549,
  "views": 19,
  "formatid": "gen9championsvgc2026regma",
  "rating": 1158,
  "private": 0,
  "password": null
}