{
  "id": "gen9championsvgc2026regma-2582003122",
  "format": "[Gen 9 Champions] VGC 2026 Reg M-A",
  "players": [
    "c0zmic",
    "superboy245"
  ],
  "log": "|j|\u2606c0zmic\n|j|\u2606superboy245\n|t:|1776047378\n|gametype|doubles\n|player|p1|c0zmic|veteranf|1158\n|player|p2|superboy245|buck|1237\n|gen|9\n|tier|[Gen 9 Champions] VGC 2026 Reg M-A\n|rated|\n|rule|Species Clause: Limit one of each Pok\u00e9mon\n|rule|Item Clause: Limit 1 of each item\n|clearpoke\n|poke|p1|Floette-Eternal, L50, F|\n|poke|p1|Aegislash, L50, F|\n|poke|p1|Farigiraf, L50, M|\n|poke|p1|Pelipper, L50, F|\n|poke|p1|Archaludon, L50, M|\n|poke|p1|Umbreon, L50, F|\n|poke|p2|Greninja-*, L50, M|\n|poke|p2|Politoed, L50, M|\n|poke|p2|Archaludon, L50, M|\n|poke|p2|Maushold, L50|\n|poke|p2|Dragonite, L50, M|\n|poke|p2|Basculegion, L50, M|\n|teampreview|4\nsuperboy245 rejected open team sheets.\n|inactive|Battle timer is ON: inactive players will automatically lose when time's up. (requested by c0zmic)\n|\n|t:|1776047452\n|teamsize|p1|4\n|teamsize|p2|4\n|start\n|switch|p1a: Floette|Floette-Eternal, L50, F|100/100\n|switch|p1b: Farigiraf|Farigiraf, L50, M|100/100\n|switch|p2a: Dragonite|Dragonite, L50, M|100/100\n|switch|p2b: Politoed|Politoed, L50, M|100/100\n|-weather|RainDance|[from] ability: Drizzle|[of] p2b: Politoed\n|turn|1\n|\n|t:|1776047466\n|detailschange|p2a: Dragonite|Dragonite-Mega, L50, M\n|-mega|p2a: Dragonite|Dragonite|Dragoninite\n|detailschange|p1a: Floette|Floette-Mega, L50, F\n|-mega|p1a: Floette|Floette|Floettite\n|-ability|p1a: Floette|Fairy Aura\n|move|p2a: Dragonite|Hurricane|p1b: Farigiraf\n|-damage|p1b: Farigiraf|22/100\n|move|p1a: Floette|Calm Mind|p1a: Floette\n|-boost|p1a: Floette|spa|1\n|-boost|p1a: Floette|spd|1\n|move|p2b: Politoed|Weather Ball|p1b: Farigiraf\n|-damage|p1b: Farigiraf|0 fnt\n|faint|p1b: Farigiraf\n|\n|-weather|RainDance|[upkeep]\n|upkeep\n|\n|t:|1776047481\n|switch|p1b: Archaludon|Archaludon, L50, M|100/100\n|turn|2\n|inactive|superboy245 has 30 seconds left.\n|\n|t:|1776047508\n|move|p1b: Archaludon|Protect|p1b: Archaludon\n|-singleturn|p1b: Archaludon|Protect\n|move|p2a: Dragonite|Hurricane|p1a: Floette\n|-damage|p1a: Floette|66/100\n|move|p1a: Floette|Dazzling Gleam|p2b: Politoed|[spread] p2a,p2b\n|-supereffective|p2a: Dragonite|1\n|-crit|p2a: Dragonite\n|-damage|p2a: Dragonite|3/100\n|-damage|p2b: Politoed|50/100\n|move|p2b: Politoed|Weather Ball|p1a: Floette\n|-damage|p1a: Floette|31/100\n|\n|-weather|RainDance|[upkeep]\n|upkeep\n|turn|3\n|\n|t:|1776047529\n|switch|p2b: Archaludon|Archaludon, L50, M|100/100\n|move|p1a: Floette|Protect|p1a: Floette\n|-singleturn|p1a: Floette|Protect\n|move|p2a: Dragonite|Hurricane|p1a: Floette\n|-activate|p1a: Floette|move: Protect\n|move|p1b: Archaludon|Electro Shot||[still]\n|-prepare|p1b: Archaludon|Electro Shot\n|-boost|p1b: Archaludon|spa|1\n|-anim|p1b: Archaludon|Electro Shot|p2a: Dragonite\n|-damage|p2a: Dragonite|0 fnt\n|faint|p2a: Dragonite\n|\n|-weather|RainDance|[upkeep]\n|upkeep\n|\n|t:|1776047540\n|switch|p2a: Basculegion|Basculegion, L50, M|100/100\n|turn|4\n|\n|t:|1776047551\n|move|p2a: Basculegion|Flip Turn|p1a: Floette\n|-damage|p1a: Floette|0 fnt\n|faint|p1a: Floette\n|\n|t:|1776047554\n|switch|p2a: Politoed|Politoed, L50, M|50/100|[from] Flip Turn\n|move|p1b: Archaludon|Dragon Pulse|p2b: Archaludon\n|-crit|p2b: Archaludon\n|-damage|p2b: Archaludon|0 fnt\n|faint|p2b: Archaludon\n|\n|-weather|RainDance|[upkeep]\n|upkeep\n|\n|t:|1776047561\n|switch|p1a: Pelipper|Pelipper, L50, F|100/100\n|switch|p2b: Basculegion|Basculegion, L50, M|100/100\n|turn|5\n|inactive|superboy245 has 30 seconds left.\n|\n|t:|1776047588\n|move|p2b: Basculegion|Last Respects|p1b: Archaludon\n|-damage|p1b: Archaludon|48/100\n|-ability|p1b: Archaludon|Stamina|boost\n|-boost|p1b: Archaludon|def|1\n|move|p1b: Archaludon|Electro Shot||[still]\n|-prepare|p1b: Archaludon|Electro Shot\n|-boost|p1b: Archaludon|spa|1\n|-anim|p1b: Archaludon|Electro Shot|p2b: Basculegion\n|-supereffective|p2b: Basculegion|1\n|-damage|p2b: Basculegion|0 fnt\n|faint|p2b: Basculegion\n|move|p2a: Politoed|Ice Beam|p1b: Archaludon\n|-damage|p1b: Archaludon|21/100\n|-ability|p1b: Archaludon|Stamina|boost\n|-boost|p1b: Archaludon|def|1\n|move|p1a: Pelipper|Hurricane|p2a: Politoed\n|-damage|p2a: Politoed|15/100\n|\n|-weather|none\n|-heal|p1b: Archaludon|27/100|[from] item: Leftovers\n|upkeep\n|turn|6\n|c|\u2606superboy245|Gg\n|inactive|c0zmic has 30 seconds left.\n|\n|t:|1776047616\n|move|p1b: Archaludon|Electro Shot||[still]\n|-prepare|p1b: Archaludon|Electro Shot\n|-boost|p1b: Archaludon|spa|1\n|move|p2a: Politoed|Ice Beam|p1b: Archaludon\n|-damage|p1b: Archaludon|0 fnt\n|faint|p1b: Archaludon\n|move|p1a: Pelipper|Weather Ball|p2a: Politoed\n|-damage|p2a: Politoed|5/100\n|\n|upkeep\n|turn|7\n|\n|t:|1776047626\n|move|p2a: Politoed|Protect|p2a: Politoed\n|-singleturn|p2a: Politoed|Protect\n|move|p1a: Pelipper|Weather Ball|p2a: Politoed\n|-activate|p2a: Politoed|move: Protect\n|\n|upkeep\n|turn|8\n|\n|t:|1776047631\n|move|p2a: Politoed|Ice Beam|p1a: Pelipper\n|-damage|p1a: Pelipper|68/100\n|move|p1a: Pelipper|Weather Ball|p2a: Politoed\n|-damage|p2a: Politoed|0 fnt\n|faint|p2a: Politoed\n|\n|win|c0zmic\n|raw|c0zmic's rating: 1158 &rarr; <strong>1189</strong><br />(+31 for winning)\n|raw|superboy245's rating: 1237 &rarr; <strong>1206</strong><br />(-31 for losing)\n",
  "uploadtime": 1776047636,
  "views": 12,
  "formatid": "gen9championsvgc2026regma",
  "rating": 1189,
  "private": 0,
  "password": null
}