{
  "id": "gen9championsvgc2026regma-2585803319",
  "format": "[Gen 9 Champions] VGC 2026 Reg M-A",
  "players": [
    "Yoshiking123",
    "Danno15"
  ],
  "log": "|j|\u2606Yoshiking123\n|j|\u2606Danno15\n|t:|1776371771\n|gametype|doubles\n|player|p1|Yoshiking123|hilda|1163\n|player|p2|Danno15|266|1136\n|gen|9\n|tier|[Gen 9 Champions] VGC 2026 Reg M-A\n|rated|\n|rule|Species Clause: Limit one of each Pok\u00e9mon\n|rule|Item Clause: Limit 1 of each item\n|clearpoke\n|poke|p1|Milotic, L50, F|\n|poke|p1|Scovillain, L50, M|\n|poke|p1|Ninetales, L50, F|\n|poke|p1|Pelipper, L50, M|\n|poke|p1|Archaludon, L50, M|\n|poke|p1|Golurk, L50|\n|poke|p2|Kangaskhan, L50, F|\n|poke|p2|Hydreigon, L50, M|\n|poke|p2|Scizor, L50, F|\n|poke|p2|Primarina, L50, F|\n|poke|p2|Farigiraf, L50, F|\n|poke|p2|Tauros-Paldea-Blaze, L50, M|\n|teampreview|4\n|inactive|Battle timer is ON: inactive players will automatically lose when time's up. (requested by Yoshiking123)\n|\n|t:|1776371806\n|teamsize|p1|4\n|teamsize|p2|4\n|start\n|switch|p1a: Milotic|Milotic, L50, F|100/100\n|switch|p1b: Scovillain|Scovillain, L50, M|100/100\n|switch|p2a: Kangaskhan|Kangaskhan, L50, F|100/100\n|switch|p2b: Hydreigon|Hydreigon, L50, M|100/100\n|turn|1\n|\n|t:|1776371819\n|detailschange|p2a: Kangaskhan|Kangaskhan-Mega, L50, F\n|-mega|p2a: Kangaskhan|Kangaskhan|Kangaskhanite\n|detailschange|p1b: Scovillain|Scovillain-Mega, L50, M\n|-mega|p1b: Scovillain|Scovillain|Scovillainite\n|move|p2b: Hydreigon|Dark Pulse|p1a: Milotic\n|-damage|p1a: Milotic|66/100\n|move|p2a: Kangaskhan|Double-Edge|p1b: Scovillain\n|-damage|p1b: Scovillain|43/100\n|-status|p2a: Kangaskhan|brn|[from] ability: Spicy Spray|[of] p1b: Scovillain\n|-damage|p1b: Scovillain|36/100\n|-hitcount|p1b: Scovillain|2\n|-damage|p2a: Kangaskhan|83/100 brn|[from] Recoil\n|move|p1b: Scovillain|Giga Drain|p2a: Kangaskhan\n|-damage|p2a: Kangaskhan|53/100 brn\n|-heal|p1b: Scovillain|55/100|[from] drain|[of] p2a: Kangaskhan\n|move|p1a: Milotic|Surf|p2a: Kangaskhan|[spread] p1b,p2a,p2b\n|-crit|p1b: Scovillain\n|-resisted|p2b: Hydreigon|1\n|-damage|p1b: Scovillain|7/100\n|-damage|p2a: Kangaskhan|33/100 brn\n|-damage|p2b: Hydreigon|87/100\n|-status|p1a: Milotic|brn|[from] ability: Spicy Spray|[of] p1b: Scovillain\n|\n|-heal|p1a: Milotic|72/100 brn|[from] item: Leftovers\n|-damage|p2a: Kangaskhan|27/100 brn|[from] brn\n|-damage|p1a: Milotic|66/100 brn|[from] brn\n|upkeep\n|turn|2\n|\n|t:|1776371845\n|switch|p1b: Archaludon|Archaludon, L50, M|100/100\n|move|p2b: Hydreigon|Dark Pulse|p1a: Milotic\n|-damage|p1a: Milotic|32/100 brn\n|move|p2a: Kangaskhan|Double-Edge|p1b: Archaludon\n|-resisted|p1b: Archaludon|1\n|-damage|p1b: Archaludon|88/100\n|-ability|p1b: Archaludon|Stamina|boost\n|-boost|p1b: Archaludon|def|1\n|-resisted|p1b: Archaludon|1\n|-damage|p1b: Archaludon|86/100\n|-ability|p1b: Archaludon|Stamina|boost\n|-boost|p1b: Archaludon|def|1\n|-hitcount|p1b: Archaludon|2\n|-damage|p2a: Kangaskhan|23/100 brn|[from] Recoil\n|move|p1a: Milotic|Life Dew|p1a: Milotic|[spread] p1a,p1b\n|-heal|p1a: Milotic|57/100 brn\n|-heal|p1b: Archaludon|100/100\n|\n|-heal|p1a: Milotic|63/100 brn|[from] item: Leftovers\n|-damage|p2a: Kangaskhan|17/100 brn|[from] brn\n|-damage|p1a: Milotic|57/100 brn|[from] brn\n|upkeep\n|turn|3\n|inactive|Yoshiking123 has 30 seconds left.\n|\n|t:|1776371880\n|switch|p1a: Scovillain|Scovillain-Mega, L50, M|7/100\n|move|p2b: Hydreigon|Draco Meteor|p1b: Archaludon|[miss]\n|-miss|p2b: Hydreigon|p1b: Archaludon\n|move|p2a: Kangaskhan|Double-Edge|p1a: Scovillain\n|-damage|p1a: Scovillain|0 fnt\n|faint|p1a: Scovillain\n|-hitcount|p1: Scovillain|1\n|-damage|p2a: Kangaskhan|15/100 brn|[from] Recoil\n|move|p1b: Archaludon|Flash Cannon|p2b: Hydreigon\n|-damage|p2b: Hydreigon|30/100\n|\n|-damage|p2a: Kangaskhan|9/100 brn|[from] brn\n|upkeep\n|\n|t:|1776371895\n|switch|p1a: Milotic|Milotic, L50, F|57/100 brn\n|turn|4\n|\n|t:|1776371904\n|switch|p2a: Primarina|Primarina, L50, F|100/100\n|move|p2b: Hydreigon|Draco Meteor|p1b: Archaludon\n|-damage|p1b: Archaludon|12/100\n|-unboost|p2b: Hydreigon|spa|2\n|-ability|p1b: Archaludon|Stamina|boost\n|-boost|p1b: Archaludon|def|1\n|move|p1b: Archaludon|Flash Cannon|p2b: Hydreigon\n|-damage|p2b: Hydreigon|0 fnt\n|faint|p2b: Hydreigon\n|move|p1a: Milotic|Life Dew|p1a: Milotic|[spread] p1a,p1b\n|-heal|p1a: Milotic|83/100 brn\n|-heal|p1b: Archaludon|37/100\n|\n|-heal|p1a: Milotic|89/100 brn|[from] item: Leftovers\n|-damage|p1a: Milotic|83/100 brn|[from] brn\n|upkeep\n|\n|t:|1776371914\n|switch|p2b: Kangaskhan|Kangaskhan-Mega, L50, F|9/100 brn\n|turn|5\n|\n|t:|1776371926\n|switch|p1b: Ninetales|Ninetales, L50, F|100/100\n|-weather|SunnyDay|[from] ability: Drought|[of] p1b: Ninetales\n|move|p2b: Kangaskhan|Fake Out|p1b: Ninetales\n|-damage|p1b: Ninetales|84/100\n|-damage|p1b: Ninetales|80/100\n|-hitcount|p1b: Ninetales|2\n|move|p1a: Milotic|Life Dew|p1a: Milotic|[spread] p1a,p1b\n|-heal|p1a: Milotic|100/100 brn\n|-heal|p1b: Ninetales|100/100\n|move|p2a: Primarina|Moonblast|p1b: Ninetales\n|-resisted|p1b: Ninetales|1\n|-damage|p1b: Ninetales|70/100\n|\n|-weather|SunnyDay|[upkeep]\n|-damage|p2b: Kangaskhan|2/100 brn|[from] brn\n|-damage|p1a: Milotic|95/100 brn|[from] brn\n|upkeep\n|turn|6\n|inactive|Danno15 has 30 seconds left.\n|\n|t:|1776371951\n|switch|p1b: Archaludon|Archaludon, L50, M|37/100\n|move|p2b: Kangaskhan|Fire Punch|p1b: Archaludon\n|-damage|p1b: Archaludon|21/100\n|-ability|p1b: Archaludon|Stamina|boost\n|-boost|p1b: Archaludon|def|1\n|-damage|p1b: Archaludon|19/100\n|-status|p1b: Archaludon|brn\n|-ability|p1b: Archaludon|Stamina|boost\n|-boost|p1b: Archaludon|def|1\n|-hitcount|p1b: Archaludon|2\n|move|p1a: Milotic|Life Dew|p1a: Milotic|[spread] p1a,p1b\n|-heal|p1a: Milotic|100/100 brn\n|-heal|p1b: Archaludon|44/100 brn\n|move|p2a: Primarina|Hyper Voice|p1b: Archaludon|[spread] p1a,p1b\n|-resisted|p1a: Milotic|1\n|-resisted|p1b: Archaludon|1\n|-damage|p1a: Milotic|94/100 brn\n|-damage|p1b: Archaludon|31/100 brn\n|-ability|p1b: Archaludon|Stamina|boost\n|-boost|p1b: Archaludon|def|1\n|\n|-weather|SunnyDay|[upkeep]\n|-heal|p1a: Milotic|99/100 brn|[from] item: Leftovers\n|-damage|p2b: Kangaskhan|0 fnt|[from] brn\n|faint|p2b: Kangaskhan\n|-damage|p1b: Archaludon|25/100 brn|[from] brn\n|-damage|p1a: Milotic|94/100 brn|[from] brn\n|upkeep\n|\n|t:|1776371959\n|switch|p2b: Scizor|Scizor, L50, F|100/100\n|turn|7\n|\n|t:|1776371978\n|move|p1b: Archaludon|Solar Beam||[still]\n|-prepare|p1b: Archaludon|Solar Beam\n|-anim|p1b: Archaludon|Solar Beam|p2a: Primarina\n|-supereffective|p2a: Primarina|1\n|-damage|p2a: Primarina|19/100\n|-enditem|p2a: Primarina|Sitrus Berry|[eat]\n|-heal|p2a: Primarina|44/100|[from] item: Sitrus Berry\n|move|p1a: Milotic|Weather Ball|p2b: Scizor\n|-supereffective|p2b: Scizor|2\n|-damage|p2b: Scizor|0 fnt\n|faint|p2b: Scizor\n|move|p2a: Primarina|Moonblast|p1b: Archaludon\n|-crit|p1b: Archaludon\n|-damage|p1b: Archaludon|0 fnt\n|faint|p1b: Archaludon\n|\n|-weather|SunnyDay|[upkeep]\n|-heal|p1a: Milotic|99/100 brn|[from] item: Leftovers\n|-damage|p1a: Milotic|94/100 brn|[from] brn\n|upkeep\n|-message|Danno15 forfeited.\n|\n|win|Yoshiking123\n|raw|Yoshiking123's rating: 1163 &rarr; <strong>1186</strong><br />(+23 for winning)\n|raw|Danno15's rating: 1136 &rarr; <strong>1113</strong><br />(-23 for losing)\n|l|\u2606Danno15\n|player|p2|\n",
  "uploadtime": 1776371996,
  "views": 18,
  "formatid": "gen9championsvgc2026regma",
  "rating": 1113,
  "private": 0,
  "password": null
}