{
  "id": "gen9championsvgc2026regma-2581841811",
  "format": "[Gen 9 Champions] VGC 2026 Reg M-A",
  "players": [
    "noreb",
    "MaxPotatoes"
  ],
  "log": "|j|\u2606noreb\n|j|\u2606MaxPotatoes\n|t:|1776032869\n|gametype|doubles\n|player|p1|noreb|caitlin|\n|player|p2|MaxPotatoes|ingo|\n|gen|9\n|tier|[Gen 9 Champions] VGC 2026 Reg M-A\n|rated|Tournament battle\n|rule|Species Clause: Limit one of each Pok\u00e9mon\n|rule|Item Clause: Limit 1 of each item\n|clearpoke\n|poke|p1|Gengar, L50, M|\n|poke|p1|Tyranitar, L50, F|\n|poke|p1|Excadrill, L50, M|\n|poke|p1|Talonflame, L50, M|\n|poke|p1|Sneasler, L50, M|\n|poke|p1|Milotic, L50, M|\n|poke|p2|Clefable, L50, F|\n|poke|p2|Kingambit, L50, M|\n|poke|p2|Dragonite, L50, F|\n|poke|p2|Meowscarada, L50, M|\n|poke|p2|Armarouge, L50, F|\n|poke|p2|Incineroar, L50, M|\n|teampreview|4\n|inactive|Battle timer is ON: inactive players will automatically lose when time's up. (requested by noreb)\n|inactive|noreb has 60 seconds left.\n|inactive|MaxPotatoes has 60 seconds left.\n|inactive|noreb has 30 seconds left.\n|\n|t:|1776032936\n|teamsize|p1|4\n|teamsize|p2|4\n|start\n|switch|p1a: Excadrill|Excadrill, L50, M|100/100\n|switch|p1b: Milotic|Milotic, L50, M|100/100\n|switch|p2a: Incineroar|Incineroar, L50, M|100/100\n|switch|p2b: Dragonite|Dragonite, L50, F|100/100\n|-ability|p2a: Incineroar|Intimidate|boost\n|-unboost|p1a: Excadrill|atk|1\n|-unboost|p1b: Milotic|atk|1\n|-ability|p1b: Milotic|Competitive|boost\n|-boost|p1b: Milotic|spa|2\n|turn|1\n|\n|t:|1776032959\n|move|p2a: Incineroar|Fake Out|p1a: Excadrill\n|-resisted|p1a: Excadrill|1\n|-damage|p1a: Excadrill|91/100\n|move|p1b: Milotic|Scald|p2a: Incineroar\n|-supereffective|p2a: Incineroar|1\n|-damage|p2a: Incineroar|0 fnt\n|faint|p2a: Incineroar\n|cant|p1a: Excadrill|flinch\n|move|p2b: Dragonite|Heat Wave|p1a: Excadrill|[spread] p1a,p1b\n|-supereffective|p1a: Excadrill|1\n|-resisted|p1b: Milotic|1\n|-damage|p1a: Excadrill|36/100\n|-damage|p1b: Milotic|90/100\n|\n|-heal|p1b: Milotic|96/100|[from] item: Leftovers\n|upkeep\n|\n|t:|1776032973\n|switch|p2a: Kingambit|Kingambit, L50, M|100/100\n|turn|2\n|\n|t:|1776032981\n|switch|p1a: Talonflame|Talonflame, L50, M|100/100\n|detailschange|p2b: Dragonite|Dragonite-Mega, L50, F\n|-mega|p2b: Dragonite|Dragonite|Dragoninite\n|move|p1b: Milotic|Ice Beam|p2b: Dragonite\n|-supereffective|p2b: Dragonite|2\n|-crit|p2b: Dragonite\n|-damage|p2b: Dragonite|0 fnt\n|faint|p2b: Dragonite\n|move|p2a: Kingambit|Kowtow Cleave|p1b: Milotic\n|-damage|p1b: Milotic|16/100\n|\n|-heal|p1b: Milotic|22/100|[from] item: Leftovers\n|upkeep\n|\n|t:|1776032988\n|switch|p2b: Clefable|Clefable, L50, F|100/100\n|turn|3\n|\n|t:|1776032997\n|move|p2b: Clefable|Follow Me|p2b: Clefable\n|-singleturn|p2b: Clefable|move: Follow Me\n|move|p2a: Kingambit|Sucker Punch|p1b: Milotic\n|-damage|p1b: Milotic|0 fnt\n|faint|p1b: Milotic\n|move|p1a: Talonflame|Flare Blitz|p2b: Clefable\n|-damage|p2b: Clefable|69/100\n|-damage|p1a: Talonflame|89/100|[from] Recoil\n|\n|-heal|p2b: Clefable|75/100|[from] item: Leftovers\n|upkeep\n|\n|t:|1776033005\n|switch|p1b: Tyranitar|Tyranitar, L50, F|100/100\n|-weather|Sandstorm|[from] ability: Sand Stream|[of] p1b: Tyranitar\n|turn|4\n|\n|t:|1776033016\n|detailschange|p1b: Tyranitar|Tyranitar-Mega, L50, F\n|-mega|p1b: Tyranitar|Tyranitar|Tyranitarite\n|move|p2b: Clefable|Follow Me|p2b: Clefable\n|-singleturn|p2b: Clefable|move: Follow Me\n|move|p1a: Talonflame|Tailwind|p1a: Talonflame\n|-sidestart|p1: noreb|move: Tailwind\n|move|p1b: Tyranitar|Low Kick|p2b: Clefable\n|-resisted|p2b: Clefable|1\n|-damage|p2b: Clefable|62/100\n|move|p2a: Kingambit|Iron Head|p1b: Tyranitar\n|-supereffective|p1b: Tyranitar|1\n|-damage|p1b: Tyranitar|42/100\n|\n|-weather|Sandstorm|[upkeep]\n|-damage|p1a: Talonflame|83/100|[from] Sandstorm\n|-heal|p2b: Clefable|68/100|[from] item: Leftovers\n|upkeep\n|turn|5\n|inactive|MaxPotatoes has 30 seconds left.\n|inactive|MaxPotatoes has 20 seconds left.\n|inactive|MaxPotatoes has 15 seconds left.\n|inactive|MaxPotatoes has 10 seconds left.\n|inactive|MaxPotatoes has 5 seconds left.\n|\n|t:|1776033071\n|switch|p1a: Excadrill|Excadrill, L50, M|36/100\n|move|p1b: Tyranitar|Protect|p1b: Tyranitar\n|-singleturn|p1b: Tyranitar|Protect\n|move|p2b: Clefable|Follow Me|p2b: Clefable\n|-singleturn|p2b: Clefable|move: Follow Me\n|move|p2a: Kingambit|Kowtow Cleave|p1a: Excadrill\n|-damage|p1a: Excadrill|0 fnt\n|faint|p1a: Excadrill\n|\n|-weather|Sandstorm|[upkeep]\n|-heal|p2b: Clefable|74/100|[from] item: Leftovers\n|upkeep\n|inactive|noreb has 30 seconds left.\n|inactive|noreb has 20 seconds left.\n|inactive|noreb has 15 seconds left.\n|inactive|noreb has 10 seconds left.\n|inactive|noreb has 5 seconds left.\n|\n|t:|1776033126\n|switch|p1a: Talonflame|Talonflame, L50, M|83/100\n|turn|6\n|inactive|noreb has 30 seconds left.\n|l|\u2606noreb\n|inactive|noreb disconnected and has a minute to reconnect!\n|player|p1|\n|inactive|noreb has 20 seconds left.\n|inactive|noreb has 15 seconds left.\n|inactive|noreb has 10 seconds left.\n|inactive|noreb has 5 seconds left.\n|-message|noreb lost due to inactivity.\n|\n|win|MaxPotatoes\n|n|\u2606MaxPotatoes|maxpotatoes\n|j| dragonshinobi04\n|l| dragonshinobi04\n|j| aurora ltd\n",
  "uploadtime": 1776033189,
  "views": 14,
  "formatid": "gen9championsvgc2026regma",
  "rating": null,
  "private": 0,
  "password": null
}