{
  "id": "gen9championsvgc2026regma-2586040946",
  "format": "[Gen 9 Champions] VGC 2026 Reg M-A",
  "players": [
    "The frosty lass",
    "Boline"
  ],
  "log": "|j|\u2606The frosty lass\n|j|\u2606Boline\n|t:|1776392921\n|gametype|doubles\n|player|p1|The frosty lass|265|1211\n|player|p2|Boline|veteran|1139\n|gen|9\n|tier|[Gen 9 Champions] VGC 2026 Reg M-A\n|rated|\n|rule|Species Clause: Limit one of each Pok\u00e9mon\n|rule|Item Clause: Limit 1 of each item\n|clearpoke\n|poke|p1|Scovillain, L50, M|\n|poke|p1|Charizard, L50, F|\n|poke|p1|Primarina, L50, M|\n|poke|p1|Aerodactyl, L50, F|\n|poke|p1|Sinistcha, L50|\n|poke|p1|Tsareena, L50, F|\n|poke|p2|Incineroar, L50, M|\n|poke|p2|Hatterene, L50, F|\n|poke|p2|Farigiraf, L50, M|\n|poke|p2|Torkoal, L50, M|\n|poke|p2|Kingambit, L50, M|\n|poke|p2|Kangaskhan, L50, F|\n|teampreview|4\n|inactive|Battle timer is ON: inactive players will automatically lose when time's up. (requested by Boline)\n|\n|t:|1776392947\n|teamsize|p1|4\n|teamsize|p2|4\n|start\n|switch|p1a: Benjamin Netanyahu|Charizard, L50, F|100/100\n|switch|p1b: Sydney Sweeney|Tsareena, L50, F|100/100\n|switch|p2a: Incineroar|Incineroar, L50, M|100/100\n|switch|p2b: Farigiraf|Farigiraf, L50, M|100/100\n|-ability|p2a: Incineroar|Intimidate|boost\n|-unboost|p1a: Benjamin Netanyahu|atk|1\n|-unboost|p1b: Sydney Sweeney|atk|1\n|turn|1\n|\n|t:|1776392960\n|detailschange|p1a: Benjamin Netanyahu|Charizard-Mega-Y, L50, F\n|-mega|p1a: Benjamin Netanyahu|Charizard|Charizardite Y\n|-weather|SunnyDay|[from] ability: Drought|[of] p1a: Benjamin Netanyahu\n|move|p1b: Sydney Sweeney|Helping Hand|p1a: Benjamin Netanyahu\n|-singleturn|p1a: Benjamin Netanyahu|Helping Hand|[of] p1b: Sydney Sweeney\n|move|p1a: Benjamin Netanyahu|Heat Wave|p2a: Incineroar|[spread] p2b\n|-miss|p1a: Benjamin Netanyahu|p2a: Incineroar\n|-damage|p2b: Farigiraf|12/100\n|-enditem|p2b: Farigiraf|Sitrus Berry|[eat]\n|-heal|p2b: Farigiraf|37/100|[from] item: Sitrus Berry\n|move|p2a: Incineroar|Flare Blitz|p1b: Sydney Sweeney\n|-supereffective|p1b: Sydney Sweeney|1\n|-damage|p1b: Sydney Sweeney|0 fnt\n|faint|p1b: Sydney Sweeney\n|-damage|p2a: Incineroar|76/100|[from] Recoil\n|move|p2b: Farigiraf|Trick Room|p2b: Farigiraf\n|-fieldstart|move: Trick Room|[of] p2b: Farigiraf\n|\n|-weather|SunnyDay|[upkeep]\n|upkeep\n|\n|t:|1776392974\n|switch|p1b: ChaChaSlide|Sinistcha, L50|100/100\n|turn|2\n|\n|t:|1776392986\n|move|p2b: Farigiraf|Protect|p2b: Farigiraf\n|-singleturn|p2b: Farigiraf|Protect\n|move|p2a: Incineroar|Flare Blitz|p1b: ChaChaSlide\n|-supereffective|p1b: ChaChaSlide|1\n|-damage|p1b: ChaChaSlide|0 fnt\n|faint|p1b: ChaChaSlide\n|-damage|p2a: Incineroar|47/100|[from] Recoil\n|move|p1a: Benjamin Netanyahu|Heat Wave|p2a: Incineroar|[spread] p2a\n|-activate|p2b: Farigiraf|move: Protect\n|-resisted|p2a: Incineroar|1\n|-damage|p2a: Incineroar|20/100\n|\n|-weather|SunnyDay|[upkeep]\n|upkeep\n|\n|t:|1776392993\n|switch|p1b: Fist my Bump|Aerodactyl, L50, F|100/100\n|-ability|p1b: Fist my Bump|Unnerve\n|turn|3\n|\n|t:|1776393008\n|move|p1b: Fist my Bump|Protect|p1b: Fist my Bump\n|-singleturn|p1b: Fist my Bump|Protect\n|move|p2a: Incineroar|Close Combat|p1b: Fist my Bump\n|-activate|p1b: Fist my Bump|move: Protect\n|move|p2b: Farigiraf|Hyper Voice|p1a: Benjamin Netanyahu|[spread] p1a\n|-activate|p1b: Fist my Bump|move: Protect\n|-damage|p1a: Benjamin Netanyahu|68/100\n|move|p1a: Benjamin Netanyahu|Heat Wave|p2a: Incineroar|[spread] p2a,p2b\n|-resisted|p2a: Incineroar|1\n|-damage|p2a: Incineroar|0 fnt\n|-damage|p2b: Farigiraf|0 fnt\n|faint|p2a: Incineroar\n|faint|p2b: Farigiraf\n|\n|-weather|SunnyDay|[upkeep]\n|upkeep\n|\n|t:|1776393019\n|switch|p2a: Hatterene|Hatterene, L50, F|100/100\n|switch|p2b: Torkoal|Torkoal, L50, M|100/100\n|turn|4\n|\n|t:|1776393030\n|move|p1b: Fist my Bump|Wide Guard|p1b: Fist my Bump\n|-singleturn|p1b: Fist my Bump|Wide Guard\n|move|p2b: Torkoal|Eruption|p1b: Fist my Bump|[spread] \n|-activate|p1a: Benjamin Netanyahu|move: Wide Guard\n|-activate|p1b: Fist my Bump|move: Wide Guard\n|move|p2a: Hatterene|Dazzling Gleam|p1a: Benjamin Netanyahu|[spread] \n|-activate|p1a: Benjamin Netanyahu|move: Wide Guard\n|-activate|p1b: Fist my Bump|move: Wide Guard\n|move|p1a: Benjamin Netanyahu|Weather Ball|p2b: Torkoal\n|-resisted|p2b: Torkoal|1\n|-damage|p2b: Torkoal|43/100\n|\n|-weather|SunnyDay|[upkeep]\n|upkeep\n|turn|5\n|\n|t:|1776393045\n|move|p1b: Fist my Bump|Wide Guard|p1b: Fist my Bump\n|-singleturn|p1b: Fist my Bump|Wide Guard\n|move|p2b: Torkoal|Weather Ball|p1a: Benjamin Netanyahu\n|-resisted|p1a: Benjamin Netanyahu|1\n|-damage|p1a: Benjamin Netanyahu|27/100\n|move|p2a: Hatterene|Psychic|p1a: Benjamin Netanyahu\n|-damage|p1a: Benjamin Netanyahu|0 fnt\n|faint|p1a: Benjamin Netanyahu\n|\n|-weather|none\n|-fieldend|move: Trick Room\n|upkeep\n|turn|6\n|\n|t:|1776393056\n|move|p2b: Torkoal|Protect|p2b: Torkoal\n|-singleturn|p2b: Torkoal|Protect\n|move|p1b: Fist my Bump|Rock Slide|p2b: Torkoal|[spread] \n|-activate|p2b: Torkoal|move: Protect\n|-miss|p1b: Fist my Bump|p2a: Hatterene\n|move|p2a: Hatterene|Trick Room|p2a: Hatterene\n|-fieldstart|move: Trick Room|[of] p2a: Hatterene\n|\n|upkeep\n|turn|7\n|\n|t:|1776393077\n|move|p1b: Fist my Bump|Wide Guard|p1b: Fist my Bump\n|-singleturn|p1b: Fist my Bump|Wide Guard\n|move|p2b: Torkoal|Weather Ball|p1b: Fist my Bump\n|-resisted|p1b: Fist my Bump|1\n|-damage|p1b: Fist my Bump|89/100\n|move|p2a: Hatterene|Psychic|p1b: Fist my Bump\n|-damage|p1b: Fist my Bump|7/100\n|\n|upkeep\n|turn|8\n|\n|t:|1776393088\n|move|p1b: Fist my Bump|Wide Guard|p1b: Fist my Bump\n|-singleturn|p1b: Fist my Bump|Wide Guard\n|move|p2b: Torkoal|Weather Ball|p1b: Fist my Bump\n|-resisted|p1b: Fist my Bump|1\n|-damage|p1b: Fist my Bump|0 fnt\n|faint|p1b: Fist my Bump\n|\n|win|Boline\n|raw|The frosty lass's rating: 1211 &rarr; <strong>1181</strong><br />(-30 for losing)\n|raw|Boline's rating: 1139 &rarr; <strong>1169</strong><br />(+30 for winning)\n|l|\u2606The frosty lass\n|player|p1|\n|c|\u2606Boline|Gg\n",
  "uploadtime": 1776393102,
  "views": 24,
  "formatid": "gen9championsvgc2026regma",
  "rating": 1169,
  "private": 0,
  "password": null
}