{
  "id": "gen9championsvgc2026regma-2586291948",
  "format": "[Gen 9 Champions] VGC 2026 Reg M-A",
  "players": [
    "GlutenPlayz",
    "ScooteezyVGC"
  ],
  "log": "|j|\u2606GlutenPlayz\n|j|\u2606ScooteezyVGC\n|t:|1776422016\n|gametype|doubles\n|player|p1|GlutenPlayz|2|1033\n|player|p2|ScooteezyVGC|red|1059\n|gen|9\n|tier|[Gen 9 Champions] VGC 2026 Reg M-A\n|rated|\n|rule|Species Clause: Limit one of each Pok\u00e9mon\n|rule|Item Clause: Limit 1 of each item\n|clearpoke\n|poke|p1|Floette-Eternal, L50, F|\n|poke|p1|Garchomp, L50, M|\n|poke|p1|Aegislash, L50, F|\n|poke|p1|Rotom-Wash, L50|\n|poke|p1|Maushold, L50|\n|poke|p1|Talonflame, L50, F|\n|poke|p2|Simipour, L50, M|\n|poke|p2|Floette-Eternal, L50, F|\n|poke|p2|Garchomp, L50, F|\n|poke|p2|Aerodactyl, L50, M|\n|poke|p2|Rotom-Heat, L50|\n|poke|p2|Archaludon, L50, F|\n|teampreview|4\n|\n|t:|1776422030\n|teamsize|p1|4\n|teamsize|p2|4\n|start\n|switch|p1a: Flowey|Floette-Eternal, L50, F, shiny|100/100\n|switch|p1b: Maushold|Maushold, L50|100/100\n|switch|p2a: Simipour|Simipour, L50, M|100/100\n|switch|p2b: Aerodactyl|Aerodactyl, L50, M|100/100\n|turn|1\n|\n|t:|1776422046\n|detailschange|p2b: Aerodactyl|Aerodactyl-Mega, L50, M\n|-mega|p2b: Aerodactyl|Aerodactyl|Aerodactylite\n|detailschange|p1a: Flowey|Floette-Mega, L50, F, shiny\n|-mega|p1a: Flowey|Floette|Floettite\n|-ability|p1a: Flowey|Fairy Aura\n|move|p2a: Simipour|Fake Out|p1a: Flowey\n|-damage|p1a: Flowey|93/100\n|move|p1b: Maushold|Follow Me|p1b: Maushold\n|-singleturn|p1b: Maushold|move: Follow Me\n|move|p2b: Aerodactyl|Dual Wingbeat|p1b: Maushold\n|-damage|p1b: Maushold|64/100\n|-damage|p1b: Maushold|28/100\n|-hitcount|p1b: Maushold|2\n|cant|p1a: Flowey|flinch\n|\n|upkeep\n|turn|2\n|\n|t:|1776422065\n|move|p1b: Maushold|Follow Me|p1b: Maushold\n|-singleturn|p1b: Maushold|move: Follow Me\n|move|p2b: Aerodactyl|Rock Slide|p1b: Maushold|[spread] p1a,p1b\n|-damage|p1a: Flowey|67/100\n|-damage|p1b: Maushold|0 fnt\n|faint|p1b: Maushold\n|move|p2a: Simipour|Taunt|p1a: Flowey\n|-start|p1a: Flowey|move: Taunt\n|cant|p1a: Flowey|move: Taunt|Calm Mind\n|\n|upkeep\n|\n|t:|1776422077\n|switch|p1b: Garchomp|Garchomp, L50, M|100/100\n|turn|3\n|inactive|Battle timer is ON: inactive players will automatically lose when time's up. (requested by ScooteezyVGC)\n|\n|t:|1776422091\n|move|p2b: Aerodactyl|Tailwind|p2b: Aerodactyl\n|-sidestart|p2: ScooteezyVGC|move: Tailwind\n|move|p2a: Simipour|Ice Beam|p1b: Garchomp\n|-supereffective|p1b: Garchomp|2\n|-damage|p1b: Garchomp|0 fnt\n|faint|p1b: Garchomp\n|move|p1a: Flowey|Moonblast|p2b: Aerodactyl\n|-damage|p2b: Aerodactyl|4/100\n|\n|upkeep\n|\n|t:|1776422100\n|switch|p1b: Talonflame|Talonflame, L50, F|100/100\n|turn|4\n|\n|t:|1776422109\n|move|p1b: Talonflame|Tailwind|p1b: Talonflame\n|-sidestart|p1: GlutenPlayz|move: Tailwind\n|move|p2b: Aerodactyl|Dual Wingbeat|p1a: Flowey\n|-damage|p1a: Flowey|38/100\n|-damage|p1a: Flowey|9/100\n|-hitcount|p1a: Flowey|2\n|move|p2a: Simipour|Scald|p1b: Talonflame\n|-supereffective|p1b: Talonflame|1\n|-damage|p1b: Talonflame|0 fnt\n|faint|p1b: Talonflame\n|move|p1a: Flowey|Dazzling Gleam|p2b: Aerodactyl|[spread] p2a,p2b\n|-damage|p2a: Simipour|12/100\n|-damage|p2b: Aerodactyl|0 fnt\n|faint|p2b: Aerodactyl\n|\n|-end|p1a: Flowey|move: Taunt\n|upkeep\n|\n|t:|1776422119\n|switch|p2b: Garchomp|Garchomp, L50, F|100/100\n|turn|5\n|\n|t:|1776422125\n|move|p2b: Garchomp|Protect|p2b: Garchomp\n|-singleturn|p2b: Garchomp|Protect\n|move|p2a: Simipour|Scald|p1a: Flowey\n|-damage|p1a: Flowey|0 fnt\n|faint|p1a: Flowey\n|\n|win|ScooteezyVGC\n|raw|GlutenPlayz's rating: 1033 &rarr; <strong>1019</strong><br />(-14 for losing)\n|raw|ScooteezyVGC's rating: 1059 &rarr; <strong>1088</strong><br />(+29 for winning)\n",
  "uploadtime": 1776422127,
  "views": 28,
  "formatid": "gen9championsvgc2026regma",
  "rating": 1019,
  "private": 0,
  "password": null
}