{
  "id": "gen9championsvgc2026regma-2587403560",
  "format": "[Gen 9 Champions] VGC 2026 Reg M-A",
  "players": [
    "shadowlance1",
    "disciple of blahaj"
  ],
  "log": "|j|\u2606shadowlance1\n|j|\u2606disciple of blahaj\n|t:|1776528946\n|gametype|doubles\n|player|p1|shadowlance1|drayden|1302\n|player|p2|disciple of blahaj|jacinthe|1253\n|gen|9\n|tier|[Gen 9 Champions] VGC 2026 Reg M-A\n|rated|\n|rule|Species Clause: Limit one of each Pok\u00e9mon\n|rule|Item Clause: Limit 1 of each item\n|clearpoke\n|poke|p1|Tyranitar, L50, M, shiny|\n|poke|p1|Corviknight, L50, F, shiny|\n|poke|p1|Excadrill, L50, F, shiny|\n|poke|p1|Sinistcha, L50, shiny|\n|poke|p1|Incineroar, L50, F, shiny|\n|poke|p1|Kommo-o, L50, F|\n|poke|p2|Lopunny, L50, M, shiny|\n|poke|p2|Basculegion, L50, M|\n|poke|p2|Klefki, L50, F, shiny|\n|poke|p2|Pelipper, L50, M|\n|poke|p2|Garchomp, L50, F|\n|poke|p2|Aegislash, L50, M|\n|teampreview|4\n|inactive|Battle timer is ON: inactive players will automatically lose when time's up. (requested by shadowlance1)\n|inactive|disciple of blahaj has 60 seconds left.\n|\n|t:|1776528982\n|teamsize|p1|4\n|teamsize|p2|4\n|start\n|switch|p1a: Tyranitar|Tyranitar, L50, M, shiny|100/100\n|switch|p1b: Incineroar|Incineroar, L50, F, shiny|100/100\n|switch|p2a: Lopunny|Lopunny, L50, M, shiny|100/100\n|switch|p2b: Basculegion|Basculegion, L50, M|100/100\n|-weather|Sandstorm|[from] ability: Sand Stream|[of] p1a: Tyranitar\n|-ability|p1b: Incineroar|Intimidate|boost\n|-unboost|p2a: Lopunny|atk|1\n|-unboost|p2b: Basculegion|atk|1\n|turn|1\n|inactive|shadowlance1 has 30 seconds left.\n|\n|t:|1776529007\n|detailschange|p2a: Lopunny|Lopunny-Mega, L50, M, shiny\n|-mega|p2a: Lopunny|Lopunny|Lopunnite\n|detailschange|p1a: Tyranitar|Tyranitar-Mega, L50, M, shiny\n|-mega|p1a: Tyranitar|Tyranitar|Tyranitarite\n|move|p2a: Lopunny|Fake Out|p1a: Tyranitar\n|-resisted|p1a: Tyranitar|1\n|-damage|p1a: Tyranitar|95/100\n|move|p1b: Incineroar|Fake Out|p2a: Lopunny\n|-damage|p2a: Lopunny|83/100\n|move|p2b: Basculegion|Flip Turn|p1a: Tyranitar\n|-supereffective|p1a: Tyranitar|1\n|-damage|p1a: Tyranitar|57/100\n|\n|t:|1776529020\n|switch|p2b: Pelipper|Pelipper, L50, M|100/100|[from] Flip Turn\n|-weather|RainDance|[from] ability: Drizzle|[of] p2b: Pelipper\n|cant|p1a: Tyranitar|flinch\n|\n|-weather|RainDance|[upkeep]\n|upkeep\n|turn|2\n|\n|t:|1776529028\n|switch|p2a: Basculegion|Basculegion, L50, M|100/100\n|switch|p1a: Corviknight|Corviknight, L50, F, shiny|100/100\n|switch|p1b: Kommo-o|Kommo-o, L50, F|100/100\n|move|p2b: Pelipper|Muddy Water|p1b: Kommo-o|[spread] p1a,p1b\n|-resisted|p1b: Kommo-o|1\n|-damage|p1a: Corviknight|57/100\n|-damage|p1b: Kommo-o|74/100\n|-unboost|p1b: Kommo-o|accuracy|1\n|\n|-weather|RainDance|[upkeep]\n|-heal|p1a: Corviknight|63/100|[from] item: Leftovers\n|upkeep\n|turn|3\n|inactive|disciple of blahaj has 30 seconds left.\n|\n|t:|1776529056\n|switch|p2b: Lopunny|Lopunny-Mega, L50, M, shiny|83/100\n|move|p2a: Basculegion|Flip Turn|p1a: Corviknight\n|-damage|p1a: Corviknight|18/100\n|\n|t:|1776529062\n|switch|p2a: Garchomp|Garchomp, L50, F|100/100|[from] Flip Turn\n|move|p1b: Kommo-o|Clangorous Soul|p1b: Kommo-o\n|-boost|p1b: Kommo-o|atk|1\n|-boost|p1b: Kommo-o|def|1\n|-boost|p1b: Kommo-o|spa|1\n|-boost|p1b: Kommo-o|spd|1\n|-boost|p1b: Kommo-o|spe|1\n|-damage|p1b: Kommo-o|42/100\n|move|p1a: Corviknight|Bulk Up|p1a: Corviknight\n|-boost|p1a: Corviknight|atk|1\n|-boost|p1a: Corviknight|def|1\n|\n|-weather|RainDance|[upkeep]\n|-heal|p1a: Corviknight|24/100|[from] item: Leftovers\n|upkeep\n|turn|4\n|inactive|shadowlance1 has 30 seconds left.\n|inactive|shadowlance1 has 20 seconds left.\n|inactive|shadowlance1 has 15 seconds left.\n|inactive|shadowlance1 has 10 seconds left.\n|inactive|shadowlance1 has 5 seconds left.\n|\n|t:|1776529114\n|move|p1b: Kommo-o|Clanging Scales|p2b: Lopunny|[spread] p2a\n|-miss|p1b: Kommo-o|p2b: Lopunny\n|-supereffective|p2a: Garchomp|1\n|-enditem|p2a: Garchomp|Haban Berry|[eat]\n|-enditem|p2a: Garchomp|Haban Berry|[weaken]\n|-damage|p2a: Garchomp|47/100\n|-unboost|p1b: Kommo-o|def|1\n|move|p2b: Lopunny|Close Combat|p1a: Corviknight\n|-damage|p1a: Corviknight|0 fnt\n|-unboost|p2b: Lopunny|def|1\n|-unboost|p2b: Lopunny|spd|1\n|faint|p1a: Corviknight\n|move|p2a: Garchomp|Dragon Claw|p1b: Kommo-o\n|-supereffective|p1b: Kommo-o|1\n|-enditem|p1b: Kommo-o|Haban Berry|[eat]\n|-enditem|p1b: Kommo-o|Haban Berry|[weaken]\n|-damage|p1b: Kommo-o|3/100\n|\n|-weather|RainDance|[upkeep]\n|upkeep\n|\n|t:|1776529132\n|switch|p1a: Incineroar|Incineroar, L50, F, shiny|100/100\n|-ability|p1a: Incineroar|Intimidate|boost\n|-unboost|p2a: Garchomp|atk|1\n|-fail|p2b: Lopunny|unboost|Attack|[from] ability: Scrappy|[of] p2b: Lopunny\n|turn|5\n|\n|t:|1776529149\n|move|p2a: Garchomp|Protect|p2a: Garchomp\n|-singleturn|p2a: Garchomp|Protect\n|move|p1a: Incineroar|Fake Out|p2b: Lopunny\n|-damage|p2b: Lopunny|59/100\n|move|p1b: Kommo-o|Clanging Scales|p2b: Lopunny|[spread] \n|-activate|p2a: Garchomp|move: Protect\n|-miss|p1b: Kommo-o|p2b: Lopunny\n|cant|p2b: Lopunny|flinch\n|\n|-weather|none\n|upkeep\n|turn|6\n|inactive|shadowlance1 has 30 seconds left.\n|inactive|disciple of blahaj has 30 seconds left.\n|inactive|shadowlance1 has 20 seconds left.\n|inactive|shadowlance1 has 15 seconds left.\n|inactive|shadowlance1 has 10 seconds left.\n|inactive|disciple of blahaj has 20 seconds left.\n|inactive|shadowlance1 has 5 seconds left.\n|\n|t:|1776529204\n|move|p1a: Incineroar|Fake Out||[still]\n|-hint|Fake Out only works on your first turn out.\n|-fail|p1a: Incineroar\n|move|p1b: Kommo-o|Aura Sphere|p2b: Lopunny\n|-supereffective|p2b: Lopunny|1\n|-damage|p2b: Lopunny|0 fnt\n|faint|p2b: Lopunny\n|move|p2a: Garchomp|Rock Slide|p1b: Kommo-o|[spread] p1a,p1b\n|-supereffective|p1a: Incineroar|1\n|-resisted|p1b: Kommo-o|1\n|-damage|p1a: Incineroar|74/100\n|-damage|p1b: Kommo-o|0 fnt\n|faint|p1b: Kommo-o\n|\n|upkeep\n|\n|t:|1776529217\n|switch|p2b: Basculegion|Basculegion, L50, M|100/100\n|switch|p1b: Tyranitar|Tyranitar-Mega, L50, M, shiny|57/100\n|-weather|Sandstorm|[from] ability: Sand Stream|[of] p1b: Tyranitar\n|turn|7\n|\n|t:|1776529231\n|switch|p2a: Pelipper|Pelipper, L50, M|100/100\n|-weather|RainDance|[from] ability: Drizzle|[of] p2a: Pelipper\n|move|p2b: Basculegion|Flip Turn|p1a: Incineroar\n|-supereffective|p1a: Incineroar|1\n|-enditem|p1a: Incineroar|Passho Berry|[eat]\n|-enditem|p1a: Incineroar|Passho Berry|[weaken]\n|-damage|p1a: Incineroar|11/100\n|\n|t:|1776529239\n|switch|p2b: Garchomp|Garchomp, L50, F|47/100|[from] Flip Turn\n|move|p1b: Tyranitar|Rock Slide|p2b: Garchomp|[spread] p2a,p2b\n|-supereffective|p2a: Pelipper|1\n|-resisted|p2b: Garchomp|1\n|-damage|p2a: Pelipper|25/100\n|-damage|p2b: Garchomp|34/100\n|-enditem|p2a: Pelipper|Sitrus Berry|[eat]\n|-heal|p2a: Pelipper|50/100|[from] item: Sitrus Berry\n|move|p1a: Incineroar|Throat Chop|p2b: Garchomp\n|-damage|p2b: Garchomp|9/100\n|-start|p2b: Garchomp|Throat Chop|[silent]\n|-damage|p1a: Incineroar|0 fnt|[from] ability: Rough Skin|[of] p2b: Garchomp\n|faint|p1a: Incineroar\n|\n|-weather|RainDance|[upkeep]\n|upkeep\n|turn|8\n|\n|t:|1776529254\n|move|p1b: Tyranitar|Rock Slide|p2a: Pelipper|[spread] p2a,p2b\n|-supereffective|p2a: Pelipper|1\n|-resisted|p2b: Garchomp|1\n|-damage|p2a: Pelipper|0 fnt\n|-damage|p2b: Garchomp|0 fnt\n|faint|p2a: Pelipper\n|faint|p2b: Garchomp\n|\n|-weather|RainDance|[upkeep]\n|upkeep\n|\n|t:|1776529259\n|switch|p2a: Basculegion|Basculegion, L50, M|100/100\n|turn|9\n|inactive|shadowlance1 has 30 seconds left.\n|inactive|shadowlance1 has 20 seconds left.\n|\n|t:|1776529294\n|move|p2a: Basculegion|Wave Crash|p1b: Tyranitar\n|-supereffective|p1b: Tyranitar|1\n|-crit|p1b: Tyranitar\n|-damage|p1b: Tyranitar|0 fnt\n|faint|p1b: Tyranitar\n|-damage|p2a: Basculegion|84/100|[from] Recoil\n|\n|win|disciple of blahaj\n|raw|shadowlance1's rating: 1302 &rarr; <strong>1279</strong><br />(-23 for losing)\n|raw|disciple of blahaj's rating: 1253 &rarr; <strong>1282</strong><br />(+29 for winning)\n",
  "uploadtime": 1776529305,
  "views": 24,
  "formatid": "gen9championsvgc2026regma",
  "rating": 1279,
  "private": 0,
  "password": null
}