{
  "id": "gen9championsvgc2026regma-2585420745",
  "format": "[Gen 9 Champions] VGC 2026 Reg M-A",
  "players": [
    "Blade626",
    "ClutchTecco"
  ],
  "log": "|j|\u2606Blade626\n|j|\u2606ClutchTecco\n|t:|1776346087\n|gametype|doubles\n|player|p1|Blade626|1|1057\n|player|p2|ClutchTecco|gentleman-gen4|1084\n|gen|9\n|tier|[Gen 9 Champions] VGC 2026 Reg M-A\n|rated|\n|rule|Species Clause: Limit one of each Pok\u00e9mon\n|rule|Item Clause: Limit 1 of each item\n|clearpoke\n|poke|p1|Drampa, L50, M|\n|poke|p1|Sinistcha, L50|\n|poke|p1|Steelix, L50, M|\n|poke|p1|Clefable, L50, M|\n|poke|p1|Blastoise, L50, F|\n|poke|p1|Torkoal, L50, M|\n|poke|p2|Delphox, L50, F|\n|poke|p2|Garchomp, L50, M|\n|poke|p2|Incineroar, L50, M|\n|poke|p2|Sneasler, L50, F|\n|poke|p2|Floette-Eternal, L50, F|\n|poke|p2|Kingambit, L50, M|\n|teampreview|4\n|inactive|Battle timer is ON: inactive players will automatically lose when time's up. (requested by ClutchTecco)\n|\n|t:|1776346111\n|teamsize|p1|4\n|teamsize|p2|4\n|start\n|switch|p1a: Sinistcha|Sinistcha, L50|100/100\n|switch|p1b: Blastoise|Blastoise, L50, F|100/100\n|switch|p2a: Floette|Floette-Eternal, L50, F, shiny|100/100\n|switch|p2b: Incineroar|Incineroar, L50, M|100/100\n|turn|1\n|\n|t:|1776346126\n|detailschange|p2a: Floette|Floette-Mega, L50, F, shiny\n|-mega|p2a: Floette|Floette|Floettite\n|-ability|p2a: Floette|Fairy Aura\n|move|p2b: Incineroar|Fake Out|p1a: Sinistcha\n|-immune|p1a: Sinistcha\n|move|p1b: Blastoise|Fake Out|p2a: Floette\n|-damage|p2a: Floette|91/100\n|cant|p2a: Floette|flinch\n|move|p1a: Sinistcha|Trick Room|p1a: Sinistcha\n|-fieldstart|move: Trick Room|[of] p1a: Sinistcha\n|\n|upkeep\n|turn|2\n|inactive|Blade626 has 30 seconds left.\n|\n|t:|1776346159\n|move|p1b: Blastoise|Aqua Jet|p2b: Incineroar\n|-supereffective|p2b: Incineroar|1\n|-damage|p2b: Incineroar|73/100\n|move|p1a: Sinistcha|Matcha Gotcha|p2b: Incineroar|[spread] p2b\n|-miss|p1a: Sinistcha|p2a: Floette\n|-resisted|p2b: Incineroar|1\n|-damage|p2b: Incineroar|61/100\n|move|p2b: Incineroar|Throat Chop|p1a: Sinistcha\n|-supereffective|p1a: Sinistcha|1\n|-damage|p1a: Sinistcha|45/100\n|-start|p1a: Sinistcha|Throat Chop|[silent]\n|move|p2a: Floette|Calm Mind|p2a: Floette\n|-boost|p2a: Floette|spa|1\n|-boost|p2a: Floette|spd|1\n|\n|-heal|p2b: Incineroar|67/100|[from] item: Leftovers\n|upkeep\n|turn|3\n|\n|t:|1776346182\n|move|p1a: Sinistcha|Life Dew||[still]|[spread] p1a,p1b\n|-heal|p1a: Sinistcha|71/100\n|-fail|p1b: Blastoise|heal\n|move|p1b: Blastoise|Shell Smash|p1b: Blastoise\n|-unboost|p1b: Blastoise|def|1\n|-unboost|p1b: Blastoise|spd|1\n|-boost|p1b: Blastoise|atk|2\n|-boost|p1b: Blastoise|spa|2\n|-boost|p1b: Blastoise|spe|2\n|-enditem|p1b: Blastoise|White Herb\n|-clearnegativeboost|p1b: Blastoise|[silent]\n|move|p2b: Incineroar|Parting Shot|p1b: Blastoise\n|-unboost|p1b: Blastoise|atk|1\n|-unboost|p1b: Blastoise|spa|1\n|\n|t:|1776346196\n|switch|p2b: Sneasler|Sneasler, L50, F|100/100|[from] Parting Shot\n|-ability|p2b: Sneasler|Pressure\n|move|p2a: Floette|Dazzling Gleam|p1b: Blastoise|[spread] p1a,p1b\n|-crit|p1a: Sinistcha\n|-damage|p1a: Sinistcha|0 fnt\n|-damage|p1b: Blastoise|34/100\n|faint|p1a: Sinistcha\n|\n|upkeep\n|\n|t:|1776346204\n|switch|p1a: Drampa|Drampa, L50, M|100/100\n|-ability|p1a: Drampa|Cloud Nine\n|turn|4\n|\n|t:|1776346220\n|move|p1b: Blastoise|Aqua Jet|p2a: Floette\n|-damage|p2a: Floette|67/100\n|move|p1a: Drampa|Draco Meteor|p2b: Sneasler\n|-damage|p2b: Sneasler|3/100\n|-unboost|p1a: Drampa|spa|2\n|move|p2a: Floette|Dazzling Gleam|p1a: Drampa|[spread] p1a,p1b\n|-supereffective|p1a: Drampa|1\n|-damage|p1a: Drampa|0 fnt\n|-damage|p1b: Blastoise|0 fnt\n|faint|p1a: Drampa\n|faint|p1b: Blastoise\n|move|p2b: Sneasler|Close Combat|p1: Drampa|[notarget]\n|-fail|p2b: Sneasler\n|\n|upkeep\n|\n|t:|1776346226\n|switch|p1b: Steelix|Steelix, L50, M|100/100\n|turn|5\n|c|\u2606ClutchTecco|GG\n|\n|t:|1776346249\n|move|p2a: Floette|Protect|p2a: Floette\n|-singleturn|p2a: Floette|Protect\n|move|p1b: Steelix|Rock Slide|p2a: Floette|[spread] \n|-activate|p2a: Floette|move: Protect\n|-miss|p1b: Steelix|p2b: Sneasler\n|move|p2b: Sneasler|Close Combat|p1b: Steelix\n|-supereffective|p1b: Steelix|1\n|-damage|p1b: Steelix|33/100\n|-unboost|p2b: Sneasler|def|1\n|-unboost|p2b: Sneasler|spd|1\n|-enditem|p2b: Sneasler|White Herb\n|-clearnegativeboost|p2b: Sneasler|[silent]\n|\n|-heal|p1b: Steelix|40/100|[from] item: Leftovers\n|-fieldend|move: Trick Room\n|upkeep\n|turn|6\n|-message|Blade626 forfeited.\n|\n|win|ClutchTecco\n|raw|Blade626's rating: 1057 &rarr; <strong>1040</strong><br />(-17 for losing)\n|raw|ClutchTecco's rating: 1084 &rarr; <strong>1109</strong><br />(+25 for winning)\n|l|\u2606Blade626\n|player|p1|\n",
  "uploadtime": 1776346266,
  "views": 23,
  "formatid": "gen9championsvgc2026regma",
  "rating": 1040,
  "private": 0,
  "password": null
}