{
  "id": "gen9championsvgc2026regma-2582577941",
  "format": "[Gen 9 Champions] VGC 2026 Reg M-A",
  "players": [
    "oreo_stars",
    "rcapt"
  ],
  "log": "|j|\u2606oreo_stars\n|j|\u2606rcapt\n|t:|1776100497\n|gametype|doubles\n|player|p1|oreo_stars|169|\n|player|p2|rcapt|2|\n|gen|9\n|tier|[Gen 9 Champions] VGC 2026 Reg M-A\n|rated|Tournament battle\n|rule|Species Clause: Limit one of each Pok\u00e9mon\n|rule|Item Clause: Limit 1 of each item\n|raw|<div class=\"infobox\"><details class=\"readmore\" open><summary><strong>1 custom rule:</strong></summary> Force Open Team Sheets</details></div>\n|clearpoke\n|poke|p1|Farigiraf, L50, M|\n|poke|p1|Camerupt, L50, M|\n|poke|p1|Maushold-Four, L50|\n|poke|p1|Sylveon, L50, M|\n|poke|p1|Kingambit, L50, F|\n|poke|p1|Dragonite, L50, F|\n|poke|p2|Garchomp, L50, F|\n|poke|p2|Sneasler, L50, F|\n|poke|p2|Gengar, L50, F|\n|poke|p2|Kingambit, L50, M|\n|poke|p2|Basculegion, L50, M|\n|poke|p2|Froslass, L50, F|\n|teampreview|4\n|showteam|p1|Farigiraf||SitrusBerry|ArmorTail|HyperVoice,Psychic,TrickRoom,Protect|||M|||50|]Camerupt||Cameruptite|MagmaArmor|Eruption,EarthPower,HeatWave,Protect|||M|||50|]Maushold-Four||FocusSash|FriendGuard|SuperFang,FollowMe,Uturn,AfterYou||||||50|]Sylveon||FairyFeather|Pixilate|HyperVoice,HyperBeam,QuickAttack,Protect|||M|||50|]Kingambit||ChopleBerry|Defiant|KowtowCleave,SuckerPunch,IronHead,LowKick|||F|||50|]Dragonite||WhiteHerb|Multiscale|DragonClaw,ThunderPunch,LowKick,ExtremeSpeed|||F|||50|\n|showteam|p2|Garchomp||SitrusBerry|RoughSkin|Earthquake,DragonClaw,RockSlide,Protect|||F|||50|]Sneasler||FocusSash|PoisonTouch|CloseCombat,DireClaw,FakeOut,Protect|||F|||50|]Gengar||Gengarite|CursedBody|ShadowBall,SludgeBomb,Substitute,Protect|||F|||50|]Kingambit||ChopleBerry|Defiant|KowtowCleave,LowKick,SuckerPunch,Protect|||M|||50|]Basculegion||MysticWater|Adaptability|WaveCrash,LastRespects,AquaJet,Protect|||M|||50|]Froslass||Froslassite|CursedBody|Blizzard,ShadowBall,Substitute,Protect|||F|||50|\n|inactive|Battle timer is ON: inactive players will automatically lose when time's up. (requested by oreo_stars)\n|c|\u2606oreo_stars|glhf\n|inactive|oreo_stars has 60 seconds left.\n|inactive|rcapt has 60 seconds left.\n|c|\u2606rcapt|u2\n|\n|t:|1776100538\n|teamsize|p1|4\n|teamsize|p2|4\n|start\n|switch|p1a: Farigiraf|Farigiraf, L50, M|100/100\n|switch|p1b: Maushold|Maushold-Four, L50|100/100\n|switch|p2a: Sneasler|Sneasler, L50, F|100/100\n|switch|p2b: Gengar|Gengar, L50, F|100/100\n|turn|1\n|\n|t:|1776100563\n|move|p1b: Maushold|Follow Me|p1b: Maushold\n|-singleturn|p1b: Maushold|move: Follow Me\n|move|p2b: Gengar|Sludge Bomb|p1b: Maushold\n|-damage|p1b: Maushold|49/100\n|move|p2a: Sneasler|Dire Claw|p1b: Maushold\n|-damage|p1b: Maushold|0 fnt\n|faint|p1b: Maushold\n|move|p1a: Farigiraf|Trick Room|p1a: Farigiraf\n|-fieldstart|move: Trick Room|[of] p1a: Farigiraf\n|\n|upkeep\n|\n|t:|1776100565\n|switch|p1b: Camerupt|Camerupt, L50, M|100/100\n|turn|2\n|inactive|oreo_stars has 30 seconds left.\n|\n|t:|1776100591\n|detailschange|p1b: Camerupt|Camerupt-Mega, L50, M\n|-mega|p1b: Camerupt|Camerupt|Cameruptite\n|move|p2a: Sneasler|Protect|p2a: Sneasler\n|-singleturn|p2a: Sneasler|Protect\n|move|p2b: Gengar|Protect|p2b: Gengar\n|-singleturn|p2b: Gengar|Protect\n|move|p1b: Camerupt|Eruption|p2b: Gengar|[spread] \n|-activate|p2a: Sneasler|move: Protect\n|-activate|p2b: Gengar|move: Protect\n|move|p1a: Farigiraf|Psychic|p2b: Gengar\n|-activate|p2b: Gengar|move: Protect\n|\n|upkeep\n|turn|3\n|j| pacdan111\n|\n|t:|1776100615\n|switch|p2b: Basculegion|Basculegion, L50, M|100/100\n|move|p1b: Camerupt|Eruption|p2b: Basculegion|[spread] p2a,p2b\n|-resisted|p2b: Basculegion|1\n|-enditem|p2a: Sneasler|Focus Sash\n|-damage|p2a: Sneasler|1/100\n|-damage|p2b: Basculegion|63/100\n|move|p1a: Farigiraf|Psychic|p2b: Basculegion\n|-damage|p2b: Basculegion|12/100\n|move|p2a: Sneasler|Dire Claw|p1b: Camerupt\n|-resisted|p1b: Camerupt|1\n|-damage|p1b: Camerupt|77/100\n|-status|p1b: Camerupt|psn|[from] ability: Poison Touch|[of] p2a: Sneasler\n|\n|-damage|p1b: Camerupt|64/100 psn|[from] psn\n|upkeep\n|turn|4\n|\n|t:|1776100636\n|switch|p1a: Kingambit|Kingambit, L50, F|100/100\n|move|p2b: Basculegion|Protect|p2b: Basculegion\n|-singleturn|p2b: Basculegion|Protect\n|move|p2a: Sneasler|Protect|p2a: Sneasler\n|-singleturn|p2a: Sneasler|Protect\n|move|p1b: Camerupt|Eruption|p2a: Sneasler|[spread] \n|-activate|p2a: Sneasler|move: Protect\n|-activate|p2b: Basculegion|move: Protect\n|\n|-damage|p1b: Camerupt|52/100 psn|[from] psn\n|upkeep\n|turn|5\n|j| magicalarcher57\n|\n|t:|1776100648\n|switch|p1a: Farigiraf|Farigiraf, L50, M|100/100\n|move|p1b: Camerupt|Eruption|p2b: Basculegion|[spread] p2a,p2b\n|-resisted|p2b: Basculegion|1\n|-damage|p2a: Sneasler|0 fnt\n|-damage|p2b: Basculegion|0 fnt\n|faint|p2a: Sneasler\n|faint|p2b: Basculegion\n|\n|-damage|p1b: Camerupt|39/100 psn|[from] psn\n|-fieldend|move: Trick Room\n|upkeep\n|\n|t:|1776100653\n|switch|p2a: Kingambit|Kingambit, L50, M|100/100\n|switch|p2b: Gengar|Gengar, L50, F|100/100\n|turn|6\n|\n|t:|1776100661\n|detailschange|p2b: Gengar|Gengar-Mega, L50, F\n|-mega|p2b: Gengar|Gengar|Gengarite\n|move|p2b: Gengar|Substitute|p2b: Gengar\n|-start|p2b: Gengar|Substitute\n|-damage|p2b: Gengar|76/100\n|move|p2a: Kingambit|Kowtow Cleave|p1a: Farigiraf\n|-supereffective|p1a: Farigiraf|1\n|-damage|p1a: Farigiraf|6/100\n|-enditem|p1a: Farigiraf|Sitrus Berry|[eat]\n|-heal|p1a: Farigiraf|31/100|[from] item: Sitrus Berry\n|move|p1b: Camerupt|Heat Wave|p2a: Kingambit|[spread] p2a,p2b\n|-end|p2b: Gengar|Substitute\n|-supereffective|p2a: Kingambit|1\n|-damage|p2a: Kingambit|0 fnt\n|faint|p2a: Kingambit\n|move|p1a: Farigiraf|Trick Room|p1a: Farigiraf\n|-fieldstart|move: Trick Room|[of] p1a: Farigiraf\n|\n|-damage|p1b: Camerupt|27/100 psn|[from] psn\n|upkeep\n|turn|7\n|\n|t:|1776100675\n|move|p1b: Camerupt|Earth Power|p2b: Gengar\n|-supereffective|p2b: Gengar|1\n|-damage|p2b: Gengar|0 fnt\n|faint|p2b: Gengar\n|\n|win|oreo_stars\n|n|\u2606oreo_stars|oreostars\n|n|\u2606rcapt|rcapt\n|n| pacdan111|pacdan111\n|n| magicalarcher57|magicalarcher57\n",
  "uploadtime": 1776100676,
  "views": 13,
  "formatid": "gen9championsvgc2026regma",
  "rating": null,
  "private": 0,
  "password": null
}