{
  "id": "gen9championsvgc2026regma-2583204895",
  "format": "[Gen 9 Champions] VGC 2026 Reg M-A",
  "players": [
    "marigo",
    "RandomGuyInSchool"
  ],
  "log": "|j|\u2606marigo\n|j|\u2606RandomGuyInSchool\n|t:|1776154511\n|gametype|doubles\n|player|p1|marigo|baker|1115\n|player|p2|RandomGuyInSchool|schoolkid-gen4|1079\n|gen|9\n|tier|[Gen 9 Champions] VGC 2026 Reg M-A\n|rated|\n|rule|Species Clause: Limit one of each Pok\u00e9mon\n|rule|Item Clause: Limit 1 of each item\n|clearpoke\n|poke|p1|Dragonite, L50, F|\n|poke|p1|Archaludon, L50, F|\n|poke|p1|Politoed, L50, F|\n|poke|p1|Lopunny, L50, F|\n|poke|p1|Maushold-Four, L50|\n|poke|p1|Basculegion, L50, M|\n|poke|p2|Rotom-Wash, L50|\n|poke|p2|Incineroar, L50, F|\n|poke|p2|Sinistcha, L50|\n|poke|p2|Drampa, L50, F|\n|poke|p2|Gallade, L50, M|\n|poke|p2|Aerodactyl, L50, F|\n|teampreview|4\n|inactive|Battle timer is ON: inactive players will automatically lose when time's up. (requested by RandomGuyInSchool)\nRandomGuyInSchool rejected open team sheets.\n|inactive|RandomGuyInSchool has 60 seconds left.\n|\n|t:|1776154550\n|teamsize|p1|4\n|teamsize|p2|4\n|start\n|switch|p1a: Dragonite|Dragonite, L50, F, shiny|100/100\n|switch|p1b: Basculegion|Basculegion, L50, M|100/100\n|switch|p2a: Drampa|Drampa, L50, F|100/100\n|switch|p2b: Sinistcha|Sinistcha, L50|100/100\n|turn|1\n|inactive|marigo has 30 seconds left.\n|\n|t:|1776154578\n|detailschange|p1a: Dragonite|Dragonite-Mega, L50, F, shiny\n|-mega|p1a: Dragonite|Dragonite|Dragoninite\n|detailschange|p2a: Drampa|Drampa-Mega, L50, F\n|-mega|p2a: Drampa|Drampa|Drampanite\n|move|p1b: Basculegion|Flip Turn|p2a: Drampa\n|-resisted|p2a: Drampa|1\n|-damage|p2a: Drampa|82/100\n|\n|t:|1776154585\n|switch|p1b: Maushold|Maushold-Four, L50|100/100|[from] Flip Turn\n|move|p1a: Dragonite|Hurricane|p2b: Sinistcha\n|-supereffective|p2b: Sinistcha|1\n|-damage|p2b: Sinistcha|0 fnt\n|faint|p2b: Sinistcha\n|move|p2a: Drampa|Calm Mind|p2a: Drampa\n|-boost|p2a: Drampa|spa|1\n|-boost|p2a: Drampa|spd|1\n|\n|upkeep\n|\n|t:|1776154599\n|switch|p2b: Rotom|Rotom-Wash, L50|100/100\n|turn|2\n|\n|t:|1776154613\n|move|p2a: Drampa|Protect|p2a: Drampa\n|-singleturn|p2a: Drampa|Protect\n|move|p1b: Maushold|Follow Me|p1b: Maushold\n|-singleturn|p1b: Maushold|move: Follow Me\n|move|p2b: Rotom|Thunderbolt|p1b: Maushold\n|-damage|p1b: Maushold|59/100\n|move|p1a: Dragonite|Draco Meteor|p2a: Drampa\n|-activate|p2a: Drampa|move: Protect\n|\n|upkeep\n|turn|3\n|\n|t:|1776154632\n|move|p1b: Maushold|Follow Me|p1b: Maushold\n|-singleturn|p1b: Maushold|move: Follow Me\n|move|p2b: Rotom|Thunderbolt|p1b: Maushold\n|-damage|p1b: Maushold|15/100\n|move|p1a: Dragonite|Draco Meteor|p2a: Drampa\n|-supereffective|p2a: Drampa|1\n|-damage|p2a: Drampa|0 fnt\n|-unboost|p1a: Dragonite|spa|2\n|faint|p2a: Drampa\n|\n|upkeep\n|\n|t:|1776154639\n|switch|p2a: Gallade|Gallade, L50, M|100/100\n|turn|4\n|\n|t:|1776154661\n|switch|p1a: Politoed|Politoed, L50, F|100/100\n|-weather|RainDance|[from] ability: Drizzle|[of] p1a: Politoed\n|move|p2b: Rotom|Thunderbolt|p1b: Maushold\n|-damage|p1b: Maushold|0 fnt\n|faint|p1b: Maushold\n|move|p2a: Gallade|Swords Dance|p2a: Gallade\n|-boost|p2a: Gallade|atk|2\n|\n|-weather|RainDance|[upkeep]\n|upkeep\n|\n|t:|1776154671\n|switch|p1b: Dragonite|Dragonite-Mega, L50, F, shiny|100/100\n|turn|5\n|-message|RandomGuyInSchool forfeited.\n|\n|win|marigo\n|raw|marigo's rating: 1115 &rarr; <strong>1137</strong><br />(+22 for winning)\n|raw|RandomGuyInSchool's rating: 1079 &rarr; <strong>1059</strong><br />(-20 for losing)\n|l|\u2606marigo\n|player|p1|\n",
  "uploadtime": 1776154703,
  "views": 19,
  "formatid": "gen9championsvgc2026regma",
  "rating": 1059,
  "private": 0,
  "password": null
}