{
  "id": "gen9championsvgc2026regma-2584027033",
  "format": "[Gen 9 Champions] VGC 2026 Reg M-A",
  "players": [
    "austinmm6",
    "hyunbelievable"
  ],
  "log": "|j|\u2606austinmm6\n|j|\u2606hyunbelievable\n|t:|1776218029\n|gametype|doubles\n|player|p1|austinmm6|102|1125\n|player|p2|hyunbelievable|guzma|1110\n|gen|9\n|tier|[Gen 9 Champions] VGC 2026 Reg M-A\n|rated|\n|rule|Species Clause: Limit one of each Pok\u00e9mon\n|rule|Item Clause: Limit 1 of each item\n|clearpoke\n|poke|p1|Meganium, L50, F|\n|poke|p1|Aerodactyl, L50, F|\n|poke|p1|Garchomp, L50, M|\n|poke|p1|Palafin, L50, M|\n|poke|p1|Pelipper, L50, M|\n|poke|p1|Dragonite, L50, M|\n|poke|p2|Blastoise, L50, F|\n|poke|p2|Sinistcha, L50|\n|poke|p2|Liepard, L50, M|\n|poke|p2|Aerodactyl, L50, M|\n|poke|p2|Sneasler, L50, F|\n|poke|p2|Farigiraf, L50, F|\n|teampreview|4\naustinmm6 has agreed to open team sheets.\n|inactive|Battle timer is ON: inactive players will automatically lose when time's up. (requested by austinmm6)\n|\n|t:|1776218128\n|teamsize|p1|4\n|teamsize|p2|4\n|start\n|switch|p1a: Aerodactyl|Aerodactyl, L50, F|100/100\n|switch|p1b: Palafin|Palafin, L50, M|100/100\n|switch|p2a: KNOWLEDGE DEMON|Sneasler, L50, F|100/100\n|switch|p2b: WATERFALL GIANT|Blastoise, L50, F|100/100\n|-ability|p1a: Aerodactyl|Unnerve\n|turn|1\n|inactiveoff|Battle timer is now OFF.\n|\n|t:|1776218151\n|detailschange|p2b: WATERFALL GIANT|Blastoise-Mega, L50, F\n|-mega|p2b: WATERFALL GIANT|Blastoise|Blastoisinite\n|move|p2a: KNOWLEDGE DEMON|Fake Out|p1a: Aerodactyl\n|-resisted|p1a: Aerodactyl|1\n|-damage|p1a: Aerodactyl|91/100\n|cant|p1a: Aerodactyl|flinch\n|move|p1b: Palafin|Flip Turn|p2a: KNOWLEDGE DEMON\n|-crit|p2a: KNOWLEDGE DEMON\n|-damage|p2a: KNOWLEDGE DEMON|45/100\n|\n|t:|1776218161\n|detailschange|p1b: Palafin|Palafin-Hero, L50, M\n|switch|p1b: Meganium|Meganium, L50, F|100/100|[from] Flip Turn\n|move|p2b: WATERFALL GIANT|Water Spout|p1b: Meganium|[spread] p1a,p1b\n|-supereffective|p1a: Aerodactyl|1\n|-resisted|p1b: Meganium|1\n|-damage|p1a: Aerodactyl|0 fnt\n|-damage|p1b: Meganium|67/100\n|faint|p1a: Aerodactyl\n|\n|upkeep\n|\n|t:|1776218172\n|switch|p1a: Palafin|Palafin-Hero, L50, M|100/100\n|-activate|p1a: Palafin|ability: Zero to Hero\n|turn|2\n|\n|t:|1776218186\n|switch|p2b: THE KIN|Sinistcha, L50|100/100\n|-heal|p2a: KNOWLEDGE DEMON|70/100|[from] ability: Hospitality|[of] p2b: THE KIN\n|detailschange|p1b: Meganium|Meganium-Mega, L50, F\n|-mega|p1b: Meganium|Meganium|Meganiumite\n|move|p1a: Palafin|Jet Punch|p2a: KNOWLEDGE DEMON\n|-damage|p2a: KNOWLEDGE DEMON|4/100\n|move|p2a: KNOWLEDGE DEMON|Dire Claw|p1b: Meganium\n|-supereffective|p1b: Meganium|2\n|-damage|p1b: Meganium|0 fnt\n|faint|p1b: Meganium\n|\n|upkeep\n|\n|t:|1776218200\n|switch|p1b: Garchomp|Garchomp, L50, M|100/100\n|turn|3\n|\n|t:|1776218216\n|move|p2b: THE KIN|Rage Powder|p2b: THE KIN\n|-singleturn|p2b: THE KIN|move: Rage Powder\n|move|p1a: Palafin|Jet Punch|p2b: THE KIN\n|-resisted|p2b: THE KIN|1\n|-damage|p2b: THE KIN|82/100\n|move|p2a: KNOWLEDGE DEMON|Fling|p1b: Garchomp\n|-damage|p1b: Garchomp|91/100\n|-enditem|p2a: KNOWLEDGE DEMON|King's Rock|[from] move: Fling\n|cant|p1b: Garchomp|flinch\n|\n|upkeep\n|turn|4\n|\n|t:|1776218249\n|move|p1a: Palafin|Jet Punch|p2a: KNOWLEDGE DEMON\n|-damage|p2a: KNOWLEDGE DEMON|0 fnt\n|faint|p2a: KNOWLEDGE DEMON\n|move|p1b: Garchomp|Earthquake|p2b: THE KIN|[spread] p1a,p2b\n|-resisted|p2b: THE KIN|1\n|-damage|p1a: Palafin|57/100\n|-damage|p2b: THE KIN|63/100\n|move|p2b: THE KIN|Strength Sap|p1b: Garchomp\n|-unboost|p1b: Garchomp|atk|1\n|-heal|p2b: THE KIN|100/100\n|\n|upkeep\n|\n|t:|1776218259\n|switch|p2a: WATERFALL GIANT|Blastoise-Mega, L50, F|100/100\n|turn|5\n|\n|t:|1776218269\n|switch|p2b: TEST SUBJECT|Aerodactyl, L50, M|100/100\n|-ability|p2b: TEST SUBJECT|Unnerve\n|move|p1a: Palafin|Close Combat|p2a: WATERFALL GIANT\n|-damage|p2a: WATERFALL GIANT|61/100\n|-unboost|p1a: Palafin|def|1\n|-unboost|p1a: Palafin|spd|1\n|move|p1b: Garchomp|Swords Dance|p1b: Garchomp\n|-boost|p1b: Garchomp|atk|2\n|move|p2a: WATERFALL GIANT|Water Spout|p1a: Palafin|[spread] p1a,p1b\n|-resisted|p1a: Palafin|1\n|-damage|p1a: Palafin|24/100\n|-damage|p1b: Garchomp|57/100\n|\n|upkeep\n|turn|6\n|\n|t:|1776218295\n|switch|p2b: THE KIN|Sinistcha, L50|100/100\n|-heal|p2a: WATERFALL GIANT|86/100|[from] ability: Hospitality|[of] p2b: THE KIN\n|move|p1a: Palafin|Wave Crash|p2b: THE KIN\n|-resisted|p2b: THE KIN|1\n|-damage|p2b: THE KIN|64/100\n|-damage|p1a: Palafin|12/100|[from] Recoil\n|move|p1b: Garchomp|Swords Dance|p1b: Garchomp\n|-boost|p1b: Garchomp|atk|2\n|move|p2a: WATERFALL GIANT|Ice Beam|p1b: Garchomp\n|-supereffective|p1b: Garchomp|2\n|-damage|p1b: Garchomp|0 fnt\n|faint|p1b: Garchomp\n|\n|upkeep\n|turn|7\n|-message|austinmm6 forfeited.\n|\n|win|hyunbelievable\n|raw|austinmm6's rating: 1125 &rarr; <strong>1099</strong><br />(-26 for losing)\n|raw|hyunbelievable's rating: 1110 &rarr; <strong>1136</strong><br />(+26 for winning)\n|l|\u2606austinmm6\n|player|p1|\n",
  "uploadtime": 1776218315,
  "views": 20,
  "formatid": "gen9championsvgc2026regma",
  "rating": 1099,
  "private": 0,
  "password": null
}