{
  "id": "gen9championsvgc2026regma-2583845077",
  "format": "[Gen 9 Champions] VGC 2026 Reg M-A",
  "players": [
    "aza123",
    "It'sJustKen VGC"
  ],
  "log": "|j|\u2606aza123\n|j|\u2606It'sJustKen VGC\n|t:|1776202185\n|gametype|doubles\n|player|p1|aza123|red|1348\n|player|p2|It'sJustKen VGC|2|1361\n|gen|9\n|tier|[Gen 9 Champions] VGC 2026 Reg M-A\n|rated|\n|rule|Species Clause: Limit one of each Pok\u00e9mon\n|rule|Item Clause: Limit 1 of each item\n|clearpoke\n|poke|p1|Golurk, L50|\n|poke|p1|Torkoal, L50, M|\n|poke|p1|Venusaur, L50, M|\n|poke|p1|Farigiraf, L50, M|\n|poke|p1|Incineroar, L50, M|\n|poke|p1|Sneasler, L50, M|\n|poke|p2|Floette-Eternal, L50, F|\n|poke|p2|Espathra, L50, F|\n|poke|p2|Incineroar, L50, F|\n|poke|p2|Sneasler, L50, M|\n|poke|p2|Basculegion, L50, M|\n|poke|p2|Kingambit, L50, M|\n|teampreview|4\n|inactive|Battle timer is ON: inactive players will automatically lose when time's up. (requested by It'sJustKen VGC)\n|inactive|aza123 has 60 seconds left.\n|\n|t:|1776202244\n|teamsize|p1|4\n|teamsize|p2|4\n|start\n|switch|p1a: Torkoal|Torkoal, L50, M|100/100\n|switch|p1b: Venusaur|Venusaur, L50, M|100/100\n|switch|p2a: Just Dance|Floette-Eternal, L50, F|100/100\n|switch|p2b: Bad Romance|Espathra, L50, F|100/100\n|-weather|SunnyDay|[from] ability: Drought|[of] p1a: Torkoal\n|turn|1\n|\n|t:|1776202262\n|switch|p2b: Paparazzi|Incineroar, L50, F|100/100\n|-ability|p2b: Paparazzi|Intimidate|boost\n|-unboost|p1a: Torkoal|atk|1\n|-unboost|p1b: Venusaur|atk|1\n|move|p2a: Just Dance|Protect|p2a: Just Dance\n|-singleturn|p2a: Just Dance|Protect\n|move|p1b: Venusaur|Sleep Powder|p2b: Paparazzi\n|-status|p2b: Paparazzi|slp|[from] move: Sleep Powder\n|move|p1a: Torkoal|Heat Wave|p2b: Paparazzi|[spread] p2b\n|-activate|p2a: Just Dance|move: Protect\n|-resisted|p2b: Paparazzi|1\n|-damage|p2b: Paparazzi|82/100 slp\n|\n|-weather|SunnyDay|[upkeep]\n|upkeep\n|turn|2\n|\n|t:|1776202284\n|detailschange|p2a: Just Dance|Floette-Mega, L50, F\n|-mega|p2a: Just Dance|Floette|Floettite\n|-ability|p2a: Just Dance|Fairy Aura\n|move|p1b: Venusaur|Sludge Bomb|p2b: Paparazzi\n|-damage|p2b: Paparazzi|49/100 slp\n|-enditem|p2b: Paparazzi|Sitrus Berry|[eat]\n|-heal|p2b: Paparazzi|74/100 slp|[from] item: Sitrus Berry\n|move|p2a: Just Dance|Substitute|p2a: Just Dance\n|-start|p2a: Just Dance|Substitute\n|-damage|p2a: Just Dance|76/100\n|cant|p2b: Paparazzi|slp\n|move|p1a: Torkoal|Eruption|p2b: Paparazzi|[spread] p2a,p2b\n|-end|p2a: Just Dance|Substitute\n|-resisted|p2b: Paparazzi|1\n|-damage|p2b: Paparazzi|42/100 slp\n|\n|-weather|SunnyDay|[upkeep]\n|upkeep\n|turn|3\n|\n|t:|1776202298\n|move|p2a: Just Dance|Protect|p2a: Just Dance\n|-singleturn|p2a: Just Dance|Protect\n|move|p1b: Venusaur|Sludge Bomb|p2b: Paparazzi\n|-damage|p2b: Paparazzi|9/100 slp\n|cant|p2b: Paparazzi|slp\n|move|p1a: Torkoal|Eruption|p2a: Just Dance|[spread] p2b\n|-activate|p2a: Just Dance|move: Protect\n|-resisted|p2b: Paparazzi|1\n|-damage|p2b: Paparazzi|0 fnt\n|faint|p2b: Paparazzi\n|\n|-weather|SunnyDay|[upkeep]\n|upkeep\n|\n|t:|1776202305\n|switch|p2b: Poker Face|Sneasler, L50, M|100/100\n|turn|4\n|\n|t:|1776202313\n|move|p1b: Venusaur|Protect|p1b: Venusaur\n|-singleturn|p1b: Venusaur|Protect\n|move|p1a: Torkoal|Protect|p1a: Torkoal\n|-singleturn|p1a: Torkoal|Protect\n|move|p2b: Poker Face|Fake Out|p1b: Venusaur\n|-activate|p1b: Venusaur|move: Protect\n|move|p2a: Just Dance|Dazzling Gleam|p1b: Venusaur|[spread] \n|-activate|p1a: Torkoal|move: Protect\n|-activate|p1b: Venusaur|move: Protect\n|\n|-weather|SunnyDay|[upkeep]\n|upkeep\n|turn|5\n|\n|t:|1776202329\n|move|p2b: Poker Face|Protect|p2b: Poker Face\n|-singleturn|p2b: Poker Face|Protect\n|move|p2a: Just Dance|Protect|p2a: Just Dance\n|-singleturn|p2a: Just Dance|Protect\n|move|p1b: Venusaur|Sleep Powder|p2b: Poker Face\n|-activate|p2b: Poker Face|move: Protect\n|move|p1a: Torkoal|Heat Wave|p2a: Just Dance|[spread] \n|-activate|p2a: Just Dance|move: Protect\n|-activate|p2b: Poker Face|move: Protect\n|\n|-weather|none\n|upkeep\n|turn|6\n|\n|t:|1776202336\n|switch|p1b: Incineroar|Incineroar, L50, M|100/100\n|-ability|p1b: Incineroar|Intimidate|boost\n|-unboost|p2a: Just Dance|atk|1\n|-unboost|p2b: Poker Face|atk|1\n|-enditem|p2b: Poker Face|White Herb\n|-clearnegativeboost|p2b: Poker Face|[silent]\n|switch|p1a: Sneasler|Sneasler, L50, M|100/100\n|move|p2b: Poker Face|Dire Claw|p1a: Sneasler\n|-resisted|p1a: Sneasler|1\n|-damage|p1a: Sneasler|63/100\n|move|p2a: Just Dance|Substitute|p2a: Just Dance\n|-start|p2a: Just Dance|Substitute\n|-damage|p2a: Just Dance|51/100\n|\n|upkeep\n|turn|7\n|\n|t:|1776202351\n|move|p2b: Poker Face|Protect|p2b: Poker Face\n|-singleturn|p2b: Poker Face|Protect\n|move|p2a: Just Dance|Protect|p2a: Just Dance\n|-singleturn|p2a: Just Dance|Protect\n|move|p1a: Sneasler|Fake Out|p2b: Poker Face\n|-activate|p2b: Poker Face|move: Protect\n|move|p1b: Incineroar|Flare Blitz|p2b: Poker Face\n|-activate|p2b: Poker Face|move: Protect\n|\n|upkeep\n|turn|8\n|\n|t:|1776202357\n|move|p2b: Poker Face|Close Combat|p1b: Incineroar\n|-supereffective|p1b: Incineroar|1\n|-damage|p1b: Incineroar|0 fnt\n|-unboost|p2b: Poker Face|def|1\n|-unboost|p2b: Poker Face|spd|1\n|faint|p1b: Incineroar\n|move|p1a: Sneasler|Close Combat|p2b: Poker Face\n|-resisted|p2b: Poker Face|1\n|-damage|p2b: Poker Face|17/100\n|-unboost|p1a: Sneasler|def|1\n|-unboost|p1a: Sneasler|spd|1\n|-enditem|p1a: Sneasler|White Herb\n|-clearnegativeboost|p1a: Sneasler|[silent]\n|move|p2a: Just Dance|Moonblast|p1a: Sneasler\n|-damage|p1a: Sneasler|0 fnt\n|faint|p1a: Sneasler\n|\n|upkeep\n|\n|t:|1776202361\n|switch|p1a: Torkoal|Torkoal, L50, M|100/100\n|switch|p1b: Venusaur|Venusaur, L50, M|100/100\n|-weather|SunnyDay|[from] ability: Drought|[of] p1a: Torkoal\n|turn|9\n|\n|t:|1776202376\n|move|p2b: Poker Face|Protect|p2b: Poker Face\n|-singleturn|p2b: Poker Face|Protect\n|move|p1b: Venusaur|Sludge Bomb|p2a: Just Dance\n|-supereffective|p2a: Just Dance|1\n|-end|p2a: Just Dance|Substitute\n|move|p2a: Just Dance|Moonblast|p1b: Venusaur\n|-resisted|p1b: Venusaur|1\n|-damage|p1b: Venusaur|62/100\n|move|p1a: Torkoal|Heat Wave|p2b: Poker Face|[spread] p2a\n|-activate|p2b: Poker Face|move: Protect\n|-damage|p2a: Just Dance|14/100\n|\n|-weather|SunnyDay|[upkeep]\n|upkeep\n|turn|10\n|\n|t:|1776202393\n|move|p2b: Poker Face|Close Combat|p1a: Torkoal\n|-damage|p1a: Torkoal|48/100\n|-unboost|p2b: Poker Face|def|1\n|-unboost|p2b: Poker Face|spd|1\n|-enditem|p1a: Torkoal|Sitrus Berry|[eat]\n|-heal|p1a: Torkoal|73/100|[from] item: Sitrus Berry\n|move|p1b: Venusaur|Giga Drain|p2b: Poker Face\n|-resisted|p2b: Poker Face|1\n|-damage|p2b: Poker Face|0 fnt\n|-heal|p1b: Venusaur|71/100|[from] drain|[of] p2b: Poker Face\n|faint|p2b: Poker Face\n|move|p2a: Just Dance|Moonblast|p1a: Torkoal\n|-resisted|p1a: Torkoal|1\n|-damage|p1a: Torkoal|30/100\n|move|p1a: Torkoal|Heat Wave|p2a: Just Dance\n|-damage|p2a: Just Dance|0 fnt\n|faint|p2a: Just Dance\n|\n|-weather|SunnyDay|[upkeep]\n|upkeep\n|\n|t:|1776202397\n|switch|p2a: Bad Romance|Espathra, L50, F|100/100\n|turn|11\n|\n|t:|1776202412\n|move|p2a: Bad Romance|Protect|p2a: Bad Romance\n|-singleturn|p2a: Bad Romance|Protect\n|move|p1b: Venusaur|Sleep Powder|p2a: Bad Romance\n|-activate|p2a: Bad Romance|move: Protect\n|move|p1a: Torkoal|Weather Ball|p2a: Bad Romance\n|-activate|p2a: Bad Romance|move: Protect\n|\n|-weather|SunnyDay|[upkeep]\n|-ability|p2a: Bad Romance|Speed Boost|boost\n|-boost|p2a: Bad Romance|spe|1\n|upkeep\n|turn|12\n|\n|t:|1776202417\n|move|p2a: Bad Romance|Protect|p2a: Bad Romance\n|-singleturn|p2a: Bad Romance|Protect\n|move|p1b: Venusaur|Sleep Powder|p2a: Bad Romance\n|-activate|p2a: Bad Romance|move: Protect\n|move|p1a: Torkoal|Weather Ball|p2a: Bad Romance\n|-activate|p2a: Bad Romance|move: Protect\n|\n|-weather|SunnyDay|[upkeep]\n|-ability|p2a: Bad Romance|Speed Boost|boost\n|-boost|p2a: Bad Romance|spe|1\n|upkeep\n|turn|13\n|c|\u2606aza123|Bs\n|\n|t:|1776202429\n|move|p2a: Bad Romance|Lumina Crash|p1b: Venusaur\n|-supereffective|p1b: Venusaur|1\n|-damage|p1b: Venusaur|0 fnt\n|faint|p1b: Venusaur\n|move|p1a: Torkoal|Weather Ball|p2a: Bad Romance\n|-damage|p2a: Bad Romance|6/100\n|\n|-weather|none\n|-ability|p2a: Bad Romance|Speed Boost|boost\n|-boost|p2a: Bad Romance|spe|1\n|upkeep\n|turn|14\n|\n|t:|1776202434\n|move|p1a: Torkoal|Protect|p1a: Torkoal\n|-singleturn|p1a: Torkoal|Protect\n|move|p2a: Bad Romance|Lumina Crash|p1a: Torkoal\n|-activate|p1a: Torkoal|move: Protect\n|\n|-ability|p2a: Bad Romance|Speed Boost|boost\n|-boost|p2a: Bad Romance|spe|1\n|upkeep\n|turn|15\n|c|\u2606It'sJustKen VGC|soz\n|\n|t:|1776202439\n|move|p2a: Bad Romance|Lumina Crash|p1a: Torkoal\n|-damage|p1a: Torkoal|0 fnt\n|faint|p1a: Torkoal\n|\n|win|It'sJustKen VGC\n|raw|aza123's rating: 1348 &rarr; <strong>1329</strong><br />(-19 for losing)\n|raw|It&apos;sJustKen VGC's rating: 1361 &rarr; <strong>1380</strong><br />(+19 for winning)\n",
  "uploadtime": 1776202444,
  "views": 43,
  "formatid": "gen9championsvgc2026regma",
  "rating": 1329,
  "private": 0,
  "password": null
}