{
  "id": "gen9championsvgc2026regma-2581808136",
  "format": "[Gen 9 Champions] VGC 2026 Reg M-A",
  "players": [
    "Luigi Magnezone",
    "Pokeventurer"
  ],
  "log": "|j|\u2606Luigi Magnezone\n|j|\u2606Pokeventurer\n|t:|1776030075\n|gametype|doubles\n|player|p1|Luigi Magnezone|giovanni|\n|player|p2|Pokeventurer|265|\n|gen|9\n|tier|[Gen 9 Champions] VGC 2026 Reg M-A\n|rated|Tournament battle\n|rule|Species Clause: Limit one of each Pok\u00e9mon\n|rule|Item Clause: Limit 1 of each item\n|raw|<div class=\"infobox\"><details class=\"readmore\" open><summary><strong>1 custom rule:</strong></summary> Force Open Team Sheets</details></div>\n|clearpoke\n|poke|p1|Mimikyu, L50, F|\n|poke|p1|Maushold-Four, L50|\n|poke|p1|Camerupt, L50, F|\n|poke|p1|Torkoal, L50, F|\n|poke|p1|Venusaur, L50, F|\n|poke|p1|Farigiraf, L50, M|\n|poke|p2|Pelipper, L50, F|\n|poke|p2|Basculegion, L50, M|\n|poke|p2|Archaludon, L50, F|\n|poke|p2|Incineroar, L50, F|\n|poke|p2|Gengar, L50, M|\n|poke|p2|Sinistcha, L50|\n|teampreview|4\n|showteam|p1|Mimikyu||MentalHerb|Disguise|TrickRoom,ShadowSneak,WillOWisp,PlayRough|||F|||50|]Maushold-Four||LumBerry|FriendGuard|FollowMe,HelpingHand,SuperFang,Feint||||||50|]Camerupt||Cameruptite|MagmaArmor|Eruption,EarthPower,HeatWave,Protect|||F|||50|]Torkoal||Charcoal|Drought|Protect,SunnyDay,Eruption,WeatherBall|||F|||50|]Venusaur||FocusSash|Chlorophyll|SleepPowder,LeafStorm,SludgeBomb,Protect|||F|||50|]Farigiraf||SitrusBerry|ArmorTail|TrickRoom,HyperVoice,Psychic,HelpingHand|||M|||50|\n|showteam|p2|Pelipper||FocusSash|Drizzle|WeatherBall,Hurricane,Tailwind,Protect|||F|||50|]Basculegion||MysticWater|SwiftSwim|WaveCrash,LastRespects,AquaJet,Protect|||M|||50|]Archaludon||ShucaBerry|Stamina|ElectroShot,FlashCannon,AuraSphere,Protect|||F|||50|]Incineroar||ChopleBerry|Intimidate|FakeOut,FlareBlitz,PartingShot,CloseCombat|||F|||50|]Gengar||Gengarite|CursedBody|ShadowBall,SludgeBomb,PerishSong,Protect|||M|||50|]Sinistcha||SitrusBerry|Hospitality|MatchaGotcha,RagePowder,TrickRoom,LifeDew||||||50|\n|inactive|Battle timer is ON: inactive players will automatically lose when time's up. (requested by Luigi Magnezone)\n|j|@Radio Free C-Side\n|inactive|Luigi Magnezone has 60 seconds left.\n|inactive|Pokeventurer has 60 seconds left.\n|\n|t:|1776030127\n|teamsize|p1|4\n|teamsize|p2|4\n|start\n|switch|p1a: Farigiraf|Farigiraf, L50, M|100/100\n|switch|p1b: Camerupt|Camerupt, L50, F|100/100\n|switch|p2a: Basculegion|Basculegion, L50, M|100/100\n|switch|p2b: Incineroar|Incineroar, L50, F|100/100\n|-ability|p2b: Incineroar|Intimidate|boost\n|-unboost|p1a: Farigiraf|atk|1\n|-unboost|p1b: Camerupt|atk|1\n|turn|1\n|inactive|Pokeventurer has 30 seconds left.\n|inactive|Pokeventurer has 20 seconds left.\n|inactive|Pokeventurer has 15 seconds left.\n|inactive|Pokeventurer has 10 seconds left.\n|inactive|Pokeventurer has 5 seconds left.\n|\n|t:|1776030181\n|switch|p2b: Pelipper|Pelipper, L50, F|100/100\n|-weather|RainDance|[from] ability: Drizzle|[of] p2b: Pelipper\n|move|p1b: Camerupt|Protect|p1b: Camerupt\n|-singleturn|p1b: Camerupt|Protect\n|move|p2a: Basculegion|Wave Crash|p1a: Farigiraf\n|-damage|p1a: Farigiraf|0 fnt\n|faint|p1a: Farigiraf\n|-damage|p2a: Basculegion|62/100|[from] Recoil\n|\n|-weather|RainDance|[upkeep]\n|upkeep\n|\n|t:|1776030193\n|switch|p1a: Venusaur|Venusaur, L50, F|100/100\n|turn|2\n|j| GuevaraGaming2\n|l| GuevaraGaming2\n|\n|t:|1776030207\n|switch|p2b: Incineroar|Incineroar, L50, F|100/100\n|-ability|p2b: Incineroar|Intimidate|boost\n|-unboost|p1a: Venusaur|atk|1\n|-unboost|p1b: Camerupt|atk|1\n|switch|p1b: Torkoal|Torkoal, L50, F|100/100\n|-weather|SunnyDay|[from] ability: Drought|[of] p1b: Torkoal\n|move|p2a: Basculegion|Protect|p2a: Basculegion\n|-singleturn|p2a: Basculegion|Protect\n|move|p1a: Venusaur|Leaf Storm|p2a: Basculegion\n|-activate|p2a: Basculegion|move: Protect\n|\n|-weather|SunnyDay|[upkeep]\n|upkeep\n|turn|3\n|\n|t:|1776030222\n|switch|p1a: Camerupt|Camerupt, L50, F|100/100\n|switch|p2a: Pelipper|Pelipper, L50, F|100/100\n|-weather|RainDance|[from] ability: Drizzle|[of] p2a: Pelipper\n|move|p2b: Incineroar|Fake Out|p1a: Camerupt\n|-damage|p1a: Camerupt|83/100\n|move|p1b: Torkoal|Eruption|p2a: Pelipper|[spread] p2a,p2b\n|-resisted|p2a: Pelipper|1\n|-resisted|p2b: Incineroar|1\n|-damage|p2a: Pelipper|74/100\n|-damage|p2b: Incineroar|88/100\n|\n|-weather|RainDance|[upkeep]\n|upkeep\n|turn|4\n|\n|t:|1776030237\n|switch|p1b: Venusaur|Venusaur, L50, F|100/100\n|detailschange|p1a: Camerupt|Camerupt-Mega, L50, F\n|-mega|p1a: Camerupt|Camerupt|Cameruptite\n|move|p2a: Pelipper|Hurricane|p1b: Venusaur\n|-supereffective|p1b: Venusaur|1\n|-enditem|p1b: Venusaur|Focus Sash\n|-damage|p1b: Venusaur|1/100\n|move|p2b: Incineroar|Parting Shot|p1b: Venusaur\n|-unboost|p1b: Venusaur|atk|1\n|-unboost|p1b: Venusaur|spa|1\n|\n|t:|1776030247\n|switch|p2b: Basculegion|Basculegion, L50, M|62/100|[from] Parting Shot\n|move|p1a: Camerupt|Earth Power|p2b: Basculegion\n|-damage|p2b: Basculegion|0 fnt\n|faint|p2b: Basculegion\n|\n|-weather|RainDance|[upkeep]\n|upkeep\n|\n|t:|1776030254\n|switch|p2b: Gengar|Gengar, L50, M|100/100\n|turn|5\n|\n|t:|1776030263\n|switch|p1b: Torkoal|Torkoal, L50, F|100/100\n|-weather|SunnyDay|[from] ability: Drought|[of] p1b: Torkoal\n|switch|p2a: Incineroar|Incineroar, L50, F|88/100\n|-ability|p2a: Incineroar|Intimidate|boost\n|-unboost|p1a: Camerupt|atk|1\n|-unboost|p1b: Torkoal|atk|1\n|detailschange|p2b: Gengar|Gengar-Mega, L50, M\n|-mega|p2b: Gengar|Gengar|Gengarite\n|move|p2b: Gengar|Protect|p2b: Gengar\n|-singleturn|p2b: Gengar|Protect\n|move|p1a: Camerupt|Earth Power|p2b: Gengar\n|-activate|p2b: Gengar|move: Protect\n|\n|-weather|SunnyDay|[upkeep]\n|upkeep\n|turn|6\n|\n|t:|1776030281\n|move|p1a: Camerupt|Protect|p1a: Camerupt\n|-singleturn|p1a: Camerupt|Protect\n|move|p2a: Incineroar|Fake Out|p1a: Camerupt\n|-activate|p1a: Camerupt|move: Protect\n|move|p2b: Gengar|Sludge Bomb|p1b: Torkoal\n|-damage|p1b: Torkoal|20/100\n|move|p1b: Torkoal|Sunny Day||[still]\n|-fail|p1b: Torkoal\n|\n|-weather|SunnyDay|[upkeep]\n|upkeep\n|turn|7\n|\n|t:|1776030304\n|move|p1b: Torkoal|Protect|p1b: Torkoal\n|-singleturn|p1b: Torkoal|Protect\n|move|p2b: Gengar|Shadow Ball|p1a: Camerupt\n|-damage|p1a: Camerupt|37/100\n|move|p2a: Incineroar|Close Combat|p1a: Camerupt\n|-damage|p1a: Camerupt|0 fnt\n|-unboost|p2a: Incineroar|def|1\n|-unboost|p2a: Incineroar|spd|1\n|faint|p1a: Camerupt\n|\n|-weather|SunnyDay|[upkeep]\n|upkeep\n|\n|t:|1776030311\n|switch|p1a: Venusaur|Venusaur, L50, F|1/100\n|turn|8\n|\n|t:|1776030325\n|switch|p2a: Pelipper|Pelipper, L50, F|74/100\n|-weather|RainDance|[from] ability: Drizzle|[of] p2a: Pelipper\n|move|p2b: Gengar|Shadow Ball|p1b: Torkoal\n|-damage|p1b: Torkoal|0 fnt\n|faint|p1b: Torkoal\n|move|p1a: Venusaur|Sleep Powder|p2a: Pelipper\n|-status|p2a: Pelipper|slp|[from] move: Sleep Powder\n|\n|-weather|RainDance|[upkeep]\n|upkeep\n|turn|9\n|-message|Luigi Magnezone forfeited.\n|\n|win|Pokeventurer\n|n|\u2606Luigi Magnezone|luigimagnezone\n|n|\u2606Pokeventurer|pokeventurer\n|n|+Radio Free C-Side|radiofreecside\n|l|\u2606Luigi Magnezone\n|player|p1|\n",
  "uploadtime": 1776030334,
  "views": 10,
  "formatid": "gen9championsvgc2026regma",
  "rating": null,
  "private": 0,
  "password": null
}