{
  "id": "gen9championsvgc2026regma-2588624731",
  "format": "[Gen 9 Champions] VGC 2026 Reg M-A",
  "players": [
    "dkapflzksh",
    "gwonyul"
  ],
  "log": "|j|\u2606dkapflzksh\n|j|\u2606gwonyul\n|t:|1776651271\n|gametype|doubles\n|player|p1|dkapflzksh|scientist-gen4dp|\n|player|p2|gwonyul|1|\n|gen|9\n|tier|[Gen 9 Champions] VGC 2026 Reg M-A\n|rule|Species Clause: Limit one of each Pok\u00e9mon\n|rule|Item Clause: Limit 1 of each item\n|clearpoke\n|poke|p1|Floette-Eternal, L50, F|\n|poke|p1|Whimsicott, L50, M, shiny|\n|poke|p1|Sinistcha-Masterpiece, L50|\n|poke|p1|Sneasler, L50, M, shiny|\n|poke|p1|Kingambit, L50, M, shiny|\n|poke|p1|Sableye, L50, F|\n|poke|p2|Snorlax, L50, F|\n|poke|p2|Maushold-Four, L50|\n|poke|p2|Glalie, L50, M|\n|poke|p2|Farigiraf, L50, F|\n|poke|p2|Beartic, L50, F|\n|poke|p2|Ninetales-Alola, L50, F|\n|teampreview|4\n|\n|t:|1776651302\n|teamsize|p1|4\n|teamsize|p2|4\n|start\n|switch|p1a: Floette|Floette-Eternal, L50, F|100/100\n|switch|p1b: Whimsicott|Whimsicott, L50, M, shiny|100/100\n|switch|p2a: Ninetales|Ninetales-Alola, L50, F|100/100\n|switch|p2b: Farigiraf|Farigiraf, L50, F|100/100\n|turn|1\n|\n|t:|1776651334\n|detailschange|p1a: Floette|Floette-Mega, L50, F\n|-mega|p1a: Floette|Floette|Floettite\n|-ability|p1a: Floette|Fairy Aura\n|move|p2a: Ninetales|Aurora Veil||[still]\n|-fail|p2a: Ninetales\n|move|p1b: Whimsicott|Moonblast|p2b: Farigiraf\n|-damage|p2b: Farigiraf|56/100\n|move|p1a: Floette|Calm Mind|p1a: Floette\n|-boost|p1a: Floette|spa|1\n|-boost|p1a: Floette|spd|1\n|move|p2b: Farigiraf|Trick Room|p2b: Farigiraf\n|-fieldstart|move: Trick Room|[of] p2b: Farigiraf\n|\n|upkeep\n|turn|2\n|\n|t:|1776651391\n|move|p1a: Floette|Calm Mind|p1a: Floette\n|-boost|p1a: Floette|spa|1\n|-boost|p1a: Floette|spd|1\n|move|p1b: Whimsicott|Moonblast|p2b: Farigiraf\n|-damage|p2b: Farigiraf|2/100\n|-unboost|p2b: Farigiraf|spa|1\n|move|p2a: Ninetales|Aurora Veil||[still]\n|-fail|p2a: Ninetales\n|move|p2b: Farigiraf|Mirror Coat|p1b: Whimsicott\n|-enditem|p1b: Whimsicott|Focus Sash\n|-damage|p1b: Whimsicott|1/100\n|\n|upkeep\n|turn|3\n|\n|t:|1776651412\n|move|p2b: Farigiraf|Reflect|p2b: Farigiraf\n|-sidestart|p2: gwonyul|Reflect\n|move|p1a: Floette|Dazzling Gleam|p2b: Farigiraf|[spread] p2a,p2b\n|-damage|p2a: Ninetales|0 fnt\n|-damage|p2b: Farigiraf|0 fnt\n|faint|p2a: Ninetales\n|faint|p2b: Farigiraf\n|move|p1b: Whimsicott|Endeavor|p2: Ninetales|[notarget]\n|-fail|p1b: Whimsicott\n|\n|upkeep\n|\n|t:|1776651417\n|switch|p2b: Snorlax|Snorlax, L50, F|100/100\n|switch|p2a: Beartic|Beartic, L50, F|100/100\n|turn|4\n|\n|t:|1776651431\n|move|p2b: Snorlax|Fissure|p1a: Floette|[miss]\n|-miss|p2b: Snorlax|p1a: Floette\n|move|p2a: Beartic|Sheer Cold|p1a: Floette|[miss]\n|-miss|p2a: Beartic|p1a: Floette\n|move|p1a: Floette|Moonblast|p2a: Beartic\n|-damage|p2a: Beartic|0 fnt\n|faint|p2a: Beartic\n|move|p1b: Whimsicott|Endeavor|p2b: Snorlax\n|-damage|p2b: Snorlax|1/100\n|-enditem|p2b: Snorlax|Sitrus Berry|[eat]\n|-heal|p2b: Snorlax|26/100|[from] item: Sitrus Berry\n|\n|upkeep\n|turn|5\n|\n|t:|1776651449\n|move|p1a: Floette|Protect|p1a: Floette\n|-singleturn|p1a: Floette|Protect\n|move|p2b: Snorlax|Fissure|p1a: Floette\n|-activate|p1a: Floette|move: Protect\n|move|p1b: Whimsicott|Moonblast|p2b: Snorlax\n|-damage|p2b: Snorlax|2/100\n|-unboost|p2b: Snorlax|spa|1\n|\n|-fieldend|move: Trick Room\n|upkeep\n|turn|6\n|\n|t:|1776651460\n|move|p1b: Whimsicott|Moonblast|p2b: Snorlax\n|-damage|p2b: Snorlax|0 fnt\n|faint|p2b: Snorlax\n|\n|win|dkapflzksh\n",
  "uploadtime": 1776651460,
  "views": 1,
  "formatid": "gen9championsvgc2026regma",
  "rating": null,
  "private": 0,
  "password": null
}