{
  "id": "gen9championsvgc2026regma-2584310605",
  "format": "[Gen 9 Champions] VGC 2026 Reg M-A",
  "players": [
    "5irNormingtonXV",
    "Zhi2"
  ],
  "log": "|j|\u26065irNormingtonXV\n|j|\u2606Zhi2\n|t:|1776249887\n|gametype|doubles\n|player|p1|5irNormingtonXV|1|1119\n|player|p2|Zhi2|266|1147\n|gen|9\n|tier|[Gen 9 Champions] VGC 2026 Reg M-A\n|rated|\n|rule|Species Clause: Limit one of each Pok\u00e9mon\n|rule|Item Clause: Limit 1 of each item\n|clearpoke\n|poke|p1|Snorlax, L50, M|\n|poke|p1|Sinistcha-Masterpiece, L50|\n|poke|p1|Alakazam, L50, F|\n|poke|p1|Rotom-Wash, L50|\n|poke|p1|Dragonite, L50, M|\n|poke|p1|Conkeldurr, L50, M|\n|poke|p2|Pelipper, L50, F|\n|poke|p2|Blastoise, L50, F|\n|poke|p2|Starmie, L50|\n|poke|p2|Sinistcha, L50|\n|poke|p2|Kingambit, L50, F|\n|poke|p2|Garchomp, L50, F|\n|teampreview|4\n|\n|t:|1776249948\n|teamsize|p1|4\n|teamsize|p2|4\n|start\n|switch|p1a: Snorlax|Snorlax, L50, M|100/100\n|switch|p1b: Alakazam|Alakazam, L50, F|100/100\n|switch|p2a: Garchomp|Garchomp, L50, F|100/100\n|switch|p2b: Starmie|Starmie, L50|100/100\n|turn|1\n|\n|t:|1776249967\n|move|p2b: Starmie|Protect|p2b: Starmie\n|-singleturn|p2b: Starmie|Protect\n|move|p2a: Garchomp|Earthquake|p1b: Alakazam|[spread] p1a,p1b\n|-activate|p2b: Starmie|move: Protect\n|-damage|p1a: Snorlax|65/100\n|-damage|p1b: Alakazam|13/100\n|move|p1b: Alakazam|Speed Swap|p1a: Snorlax\n|-activate|p1b: Alakazam|move: Speed Swap|[of] p1a: Snorlax\n|move|p1a: Snorlax|Belly Drum|p1a: Snorlax\n|-damage|p1a: Snorlax|15/100\n|-setboost|p1a: Snorlax|atk|6|[from] move: Belly Drum\n|-enditem|p1a: Snorlax|Sitrus Berry|[eat]\n|-heal|p1a: Snorlax|40/100|[from] item: Sitrus Berry\n|\n|upkeep\n|turn|2\n|\n|t:|1776249988\n|switch|p2b: Pelipper|Pelipper, L50, F|100/100\n|-weather|RainDance|[from] ability: Drizzle|[of] p2b: Pelipper\n|switch|p1b: Dragonite|Dragonite, L50, M|100/100\n|move|p1a: Snorlax|Protect|p1a: Snorlax\n|-singleturn|p1a: Snorlax|Protect\n|move|p2a: Garchomp|Earthquake|p1a: Snorlax|[spread] \n|-activate|p1a: Snorlax|move: Protect\n|-immune|p2b: Pelipper\n|-immune|p1b: Dragonite\n|\n|-weather|RainDance|[upkeep]\n|upkeep\n|turn|3\n|\n|t:|1776250007\n|detailschange|p1b: Dragonite|Dragonite-Mega, L50, M\n|-mega|p1b: Dragonite|Dragonite|Dragoninite\n|move|p2a: Garchomp|Earthquake|p1a: Snorlax|[spread] p1a\n|-immune|p2b: Pelipper\n|-immune|p1b: Dragonite\n|-damage|p1a: Snorlax|7/100\n|move|p1a: Snorlax|Facade|p2a: Garchomp\n|-damage|p2a: Garchomp|0 fnt\n|-damage|p1a: Snorlax|0 fnt|[from] ability: Rough Skin|[of] p2a: Garchomp\n|faint|p2a: Garchomp\n|faint|p1a: Snorlax\n|move|p1b: Dragonite|Draco Meteor|p2b: Pelipper\n|-damage|p2b: Pelipper|9/100\n|-unboost|p1b: Dragonite|spa|2\n|-enditem|p2b: Pelipper|Sitrus Berry|[eat]\n|-heal|p2b: Pelipper|33/100|[from] item: Sitrus Berry\n|move|p2b: Pelipper|Tailwind|p2b: Pelipper\n|-sidestart|p2: Zhi2|move: Tailwind\n|\n|-weather|RainDance|[upkeep]\n|upkeep\n|\n|t:|1776250029\n|switch|p2a: Sinistcha|Sinistcha, L50|100/100\n|switch|p1a: Rotom|Rotom-Wash, L50|100/100\n|-heal|p2b: Pelipper|58/100|[from] ability: Hospitality|[of] p2a: Sinistcha\n|turn|4\n|\n|t:|1776250044\n|switch|p1b: Alakazam|Alakazam, L50, F|13/100\n|move|p1a: Rotom|Electroweb|p2a: Sinistcha|[spread] p2a,p2b\n|-resisted|p2a: Sinistcha|1\n|-supereffective|p2b: Pelipper|2\n|-damage|p2a: Sinistcha|93/100\n|-damage|p2b: Pelipper|0 fnt\n|-unboost|p2a: Sinistcha|spe|1\n|faint|p2b: Pelipper\n|move|p2a: Sinistcha|Matcha Gotcha|p1b: Alakazam|[spread] p1a,p1b\n|-supereffective|p1a: Rotom|1\n|-damage|p1a: Rotom|30/100\n|-heal|p2a: Sinistcha|100/100|[from] drain|[of] p1a: Rotom\n|-damage|p1b: Alakazam|0 fnt\n|faint|p1b: Alakazam\n|\n|-weather|RainDance|[upkeep]\n|upkeep\n|\n|t:|1776250062\n|switch|p1b: Dragonite|Dragonite-Mega, L50, M|100/100\n|switch|p2b: Starmie|Starmie, L50|100/100\n|turn|5\n|\n|t:|1776250075\n|move|p2b: Starmie|Protect|p2b: Starmie\n|-singleturn|p2b: Starmie|Protect\n|move|p1a: Rotom|Electroweb|p2a: Sinistcha|[spread] \n|-activate|p2b: Starmie|move: Protect\n|-miss|p1a: Rotom|p2a: Sinistcha\n|move|p2a: Sinistcha|Matcha Gotcha|p1a: Rotom|[spread] p1a,p1b\n|-supereffective|p1a: Rotom|1\n|-resisted|p1b: Dragonite|2\n|-damage|p1a: Rotom|0 fnt\n|-damage|p1b: Dragonite|98/100\n|faint|p1a: Rotom\n|move|p1b: Dragonite|Flamethrower|p2a: Sinistcha\n|-supereffective|p2a: Sinistcha|1\n|-damage|p2a: Sinistcha|70/100\n|\n|-weather|RainDance|[upkeep]\n|upkeep\n|turn|6\n|\n|t:|1776250093\n|detailschange|p2b: Starmie|Starmie-Mega, L50\n|-mega|p2b: Starmie|Starmie|Starminite\n|move|p1b: Dragonite|Protect|p1b: Dragonite\n|-singleturn|p1b: Dragonite|Protect\n|move|p2b: Starmie|Liquidation|p1b: Dragonite\n|-activate|p1b: Dragonite|move: Protect\n|move|p2a: Sinistcha|Matcha Gotcha|p1b: Dragonite\n|-activate|p1b: Dragonite|move: Protect\n|\n|-weather|none\n|-sideend|p2: Zhi2|move: Tailwind\n|upkeep\n|turn|7\n|\n|t:|1776250108\n|move|p2a: Sinistcha|Protect|p2a: Sinistcha\n|-singleturn|p2a: Sinistcha|Protect\n|move|p2b: Starmie|Liquidation|p1b: Dragonite\n|-resisted|p1b: Dragonite|1\n|-damage|p1b: Dragonite|68/100\n|move|p1b: Dragonite|Flamethrower|p2a: Sinistcha\n|-activate|p2a: Sinistcha|move: Protect\n|\n|upkeep\n|turn|8\n|\n|t:|1776250119\n|move|p2b: Starmie|Liquidation|p1b: Dragonite\n|-resisted|p1b: Dragonite|1\n|-damage|p1b: Dragonite|35/100\n|move|p1b: Dragonite|Flamethrower|p2a: Sinistcha\n|-supereffective|p2a: Sinistcha|1\n|-damage|p2a: Sinistcha|6/100\n|move|p2a: Sinistcha|Matcha Gotcha|p1b: Dragonite|[miss]\n|-miss|p2a: Sinistcha|p1b: Dragonite\n|\n|upkeep\n|turn|9\n|\n|t:|1776250134\n|move|p2b: Starmie|Liquidation|p1b: Dragonite\n|-resisted|p1b: Dragonite|1\n|-damage|p1b: Dragonite|2/100\n|move|p1b: Dragonite|Draco Meteor|p2b: Starmie\n|-damage|p2b: Starmie|9/100\n|-unboost|p1b: Dragonite|spa|2\n|move|p2a: Sinistcha|Scald|p1b: Dragonite\n|-resisted|p1b: Dragonite|1\n|-damage|p1b: Dragonite|0 fnt\n|faint|p1b: Dragonite\n|\n|win|Zhi2\n|raw|5irNormingtonXV's rating: 1119 &rarr; <strong>1096</strong><br />(-23 for losing)\n|raw|Zhi2's rating: 1147 &rarr; <strong>1170</strong><br />(+23 for winning)\n",
  "uploadtime": 1776250146,
  "views": 21,
  "formatid": "gen9championsvgc2026regma",
  "rating": 1096,
  "private": 0,
  "password": null
}