{
  "id": "gen9championsvgc2026regma-2587857086",
  "format": "[Gen 9 Champions] VGC 2026 Reg M-A",
  "players": [
    "pikafenn",
    "ryanline97"
  ],
  "log": "|j|\u2606pikafenn\n|j|\u2606ryanline97\n|t:|1776571252\n|gametype|doubles\n|player|p1|pikafenn|101|1168\n|player|p2|ryanline97|sage|1232\n|gen|9\n|tier|[Gen 9 Champions] VGC 2026 Reg M-A\n|rated|\n|rule|Species Clause: Limit one of each Pok\u00e9mon\n|rule|Item Clause: Limit 1 of each item\n|clearpoke\n|poke|p1|Chesnaught, L50, M|\n|poke|p1|Sinistcha, L50|\n|poke|p1|Garchomp, L50, M|\n|poke|p1|Aerodactyl, L50, F|\n|poke|p1|Empoleon, L50, M|\n|poke|p1|Incineroar, L50, M|\n|poke|p2|Chandelure, L50, M|\n|poke|p2|Basculegion, L50, M|\n|poke|p2|Serperior, L50, F|\n|poke|p2|Mamoswine, L50, M|\n|poke|p2|Orthworm, L50, F|\n|poke|p2|Kingambit, L50, M|\n|teampreview|4\n|inactive|Battle timer is ON: inactive players will automatically lose when time's up. (requested by ryanline97)\n|inactive|pikafenn also wants the timer to be on.\npikafenn rejected open team sheets.\n|inactive|pikafenn has 60 seconds left.\n|\n|t:|1776571298\n|teamsize|p1|4\n|teamsize|p2|4\n|start\n|switch|p1a: Incineroar|Incineroar, L50, M|100/100\n|switch|p1b: Chesnaught|Chesnaught, L50, M|100/100\n|switch|p2a: Mamoswine|Mamoswine, L50, M|100/100\n|switch|p2b: Orthworm|Orthworm, L50, F|100/100\n|-ability|p1a: Incineroar|Intimidate|boost\n|-fail|p2a: Mamoswine|unboost|Attack|[from] ability: Oblivious|[of] p2a: Mamoswine\n|-unboost|p2b: Orthworm|atk|1\n|turn|1\n|inactive|pikafenn has 30 seconds left.\n|inactive|pikafenn has 20 seconds left.\n|inactive|pikafenn has 15 seconds left.\n|\n|t:|1776571343\n|detailschange|p1b: Chesnaught|Chesnaught-Mega, L50, M\n|-mega|p1b: Chesnaught|Chesnaught|Chesnaughtite\n|move|p2a: Mamoswine|Protect|p2a: Mamoswine\n|-singleturn|p2a: Mamoswine|Protect\n|move|p2b: Orthworm|Protect|p2b: Orthworm\n|-singleturn|p2b: Orthworm|Protect\n|move|p1a: Incineroar|Fake Out|p2b: Orthworm\n|-activate|p2b: Orthworm|move: Protect\n|move|p1b: Chesnaught|Iron Defense|p1b: Chesnaught\n|-boost|p1b: Chesnaught|def|2\n|\n|upkeep\n|turn|2\n|inactive|pikafenn has 30 seconds left.\n|inactive|pikafenn has 20 seconds left.\n|\n|t:|1776571381\n|move|p2a: Mamoswine|Earthquake|p1a: Incineroar|[spread] p1a,p1b\n|-immune|p2b: Orthworm|[from] ability: Earth Eater\n|-supereffective|p1a: Incineroar|1\n|-resisted|p1b: Chesnaught|1\n|-damage|p1a: Incineroar|44/100\n|-damage|p1b: Chesnaught|95/100\n|move|p1a: Incineroar|Throat Chop|p2b: Orthworm\n|-damage|p2b: Orthworm|80/100\n|-start|p2b: Orthworm|Throat Chop|[silent]\n|move|p2b: Orthworm|Shed Tail|p2b: Orthworm\n|-start|p2b: Orthworm|Substitute|[from] move: Shed Tail\n|-damage|p2b: Orthworm|29/100\n|\n|t:|1776571392\n|switch|p2b: Chandelure|Chandelure, L50, M|100/100|[from] Shed Tail\n|move|p1b: Chesnaught|Body Press|p2b: Chandelure\n|-immune|p2b: Chandelure\n|\n|upkeep\n|turn|3\n|inactive|pikafenn has 30 seconds left.\n|inactive|ryanline97 has 30 seconds left.\n|\n|t:|1776571427\n|detailschange|p2b: Chandelure|Chandelure-Mega, L50, M\n|-mega|p2b: Chandelure|Chandelure|Chandelurite\n|move|p1b: Chesnaught|Spiky Shield|p1b: Chesnaught\n|-singleturn|p1b: Chesnaught|move: Protect\n|move|p2a: Mamoswine|Rock Slide|p1b: Chesnaught|[spread] p1a\n|-activate|p1b: Chesnaught|move: Protect\n|-supereffective|p1a: Incineroar|1\n|-damage|p1a: Incineroar|16/100\n|move|p2b: Chandelure|Heat Wave|p1b: Chesnaught|[spread] p1a\n|-activate|p1b: Chesnaught|move: Protect\n|-resisted|p1a: Incineroar|1\n|-damage|p1a: Incineroar|0 fnt\n|faint|p1a: Incineroar\n|\n|upkeep\n|\n|t:|1776571443\n|switch|p1a: Aerodactyl|Aerodactyl, L50, F|100/100\n|turn|4\n|\n|t:|1776571461\n|move|p2b: Chandelure|Protect|p2b: Chandelure\n|-singleturn|p2b: Chandelure|Protect\n|move|p1a: Aerodactyl|Rock Slide|p2b: Chandelure|[spread] p2a\n|-activate|p2b: Chandelure|move: Protect\n|-crit|p2a: Mamoswine\n|-damage|p2a: Mamoswine|55/100\n|cant|p2a: Mamoswine|flinch\n|move|p1b: Chesnaught|Body Press|p2a: Mamoswine\n|-supereffective|p2a: Mamoswine|1\n|-damage|p2a: Mamoswine|0 fnt\n|faint|p2a: Mamoswine\n|\n|upkeep\n|\n|t:|1776571475\n|switch|p2a: Kingambit|Kingambit, L50, M|100/100\n|turn|5\n|\n|t:|1776571492\n|move|p1a: Aerodactyl|Rock Slide|p2a: Kingambit|[spread] p2a,p2b\n|-supereffective|p2b: Chandelure|1\n|-end|p2b: Chandelure|Substitute\n|-resisted|p2a: Kingambit|1\n|-damage|p2a: Kingambit|90/100\n|move|p2b: Chandelure|Heat Wave|p1a: Aerodactyl|[spread] p1a,p1b\n|-resisted|p1a: Aerodactyl|1\n|-supereffective|p1b: Chesnaught|1\n|-damage|p1a: Aerodactyl|64/100\n|-damage|p1b: Chesnaught|33/100\n|cant|p2a: Kingambit|flinch\n|move|p1b: Chesnaught|Body Press|p2a: Kingambit\n|-supereffective|p2a: Kingambit|2\n|-enditem|p2a: Kingambit|Chople Berry|[eat]\n|-enditem|p2a: Kingambit|Chople Berry|[weaken]\n|-damage|p2a: Kingambit|0 fnt\n|faint|p2a: Kingambit\n|\n|upkeep\n|\n|t:|1776571507\n|switch|p2a: Orthworm|Orthworm, L50, F|29/100\n|turn|6\n|inactive|pikafenn has 30 seconds left.\n|\n|t:|1776571533\n|move|p1a: Aerodactyl|Rock Slide|p2b: Chandelure|[spread] p2a,p2b\n|-resisted|p2a: Orthworm|1\n|-supereffective|p2b: Chandelure|1\n|-damage|p2a: Orthworm|20/100\n|-damage|p2b: Chandelure|39/100\n|move|p2b: Chandelure|Heat Wave|p1b: Chesnaught|[spread] p1a,p1b\n|-resisted|p1a: Aerodactyl|1\n|-supereffective|p1b: Chesnaught|1\n|-damage|p1a: Aerodactyl|28/100\n|-damage|p1b: Chesnaught|0 fnt\n|-status|p1a: Aerodactyl|brn\n|faint|p1b: Chesnaught\n|move|p2a: Orthworm|Body Press|p1a: Aerodactyl\n|-damage|p1a: Aerodactyl|0 fnt\n|faint|p1a: Aerodactyl\n|\n|upkeep\n|\n|t:|1776571548\n|switch|p1a: Garchomp|Garchomp, L50, M|100/100\n|turn|7\n|\n|t:|1776571558\n|move|p2b: Chandelure|Protect|p2b: Chandelure\n|-singleturn|p2b: Chandelure|Protect\n|move|p1a: Garchomp|Rock Slide|p2b: Chandelure|[spread] p2a\n|-activate|p2b: Chandelure|move: Protect\n|-resisted|p2a: Orthworm|1\n|-damage|p2a: Orthworm|13/100\n|cant|p2a: Orthworm|flinch\n|\n|upkeep\n|turn|8\n|\n|t:|1776571579\n|move|p1a: Garchomp|Rock Slide|p2a: Orthworm|[spread] p2b\n|-miss|p1a: Garchomp|p2a: Orthworm\n|-supereffective|p2b: Chandelure|1\n|-damage|p2b: Chandelure|0 fnt\n|faint|p2b: Chandelure\n|move|p2a: Orthworm|Body Press|p1a: Garchomp\n|-damage|p1a: Garchomp|73/100\n|-damage|p2a: Orthworm|0 fnt|[from] ability: Rough Skin|[of] p1a: Garchomp\n|faint|p2a: Orthworm\n|\n|win|pikafenn\n|raw|pikafenn's rating: 1168 &rarr; <strong>1198</strong><br />(+30 for winning)\n|raw|ryanline97's rating: 1232 &rarr; <strong>1202</strong><br />(-30 for losing)\n|l|\u2606ryanline97\n|player|p2|\n",
  "uploadtime": 1776571594,
  "views": 7,
  "formatid": "gen9championsvgc2026regma",
  "rating": 1198,
  "private": 0,
  "password": null
}