{
  "id": "gen9championsvgc2026regma-2586057244",
  "format": "[Gen 9 Champions] VGC 2026 Reg M-A",
  "players": [
    "VerdantFrost",
    "Bacowl"
  ],
  "log": "|j|\u2606VerdantFrost\n|j|\u2606Bacowl\n|t:|1776394490\n|gametype|doubles\n|player|p1|VerdantFrost|266|1089\n|player|p2|Bacowl|bugcatcher-gen4dp|1137\n|gen|9\n|tier|[Gen 9 Champions] VGC 2026 Reg M-A\n|rated|\n|rule|Species Clause: Limit one of each Pok\u00e9mon\n|rule|Item Clause: Limit 1 of each item\n|clearpoke\n|poke|p1|Charizard, L50, M|\n|poke|p1|Garchomp, L50, M|\n|poke|p1|Basculegion, L50, M|\n|poke|p1|Incineroar, L50, M|\n|poke|p1|Sneasler, L50, M|\n|poke|p1|Venusaur, L50, M|\n|poke|p2|Crabominable, L50, M|\n|poke|p2|Whimsicott, L50, F|\n|poke|p2|Floette-Eternal, L50, F|\n|poke|p2|Alakazam, L50, M|\n|poke|p2|Abomasnow, L50, M|\n|poke|p2|Mr. Rime, L50, F|\n|teampreview|4\n|inactive|Battle timer is ON: inactive players will automatically lose when time's up. (requested by VerdantFrost)\nVerdantFrost rejected open team sheets.\n|inactive|VerdantFrost has 60 seconds left.\n|inactive|VerdantFrost has 30 seconds left.\n|\n|t:|1776394552\n|teamsize|p1|4\n|teamsize|p2|4\n|start\n|switch|p1a: Sneasler|Sneasler, L50, M|100/100\n|switch|p1b: Basculegion|Basculegion, L50, M|100/100\n|switch|p2a: Crabominable|Crabominable, L50, M|100/100\n|switch|p2b: Mr. Rime|Mr. Rime, L50, F|100/100\n|turn|1\n|\n|t:|1776394564\n|switch|p1b: Incineroar|Incineroar, L50, M|100/100\n|-ability|p1b: Incineroar|Intimidate|boost\n|-unboost|p2a: Crabominable|atk|1\n|-unboost|p2b: Mr. Rime|atk|1\n|move|p2a: Crabominable|Protect|p2a: Crabominable\n|-singleturn|p2a: Crabominable|Protect\n|move|p1a: Sneasler|Fake Out|p2a: Crabominable\n|-activate|p2a: Crabominable|move: Protect\n|move|p2b: Mr. Rime|Trick Room|p2b: Mr. Rime\n|-fieldstart|move: Trick Room|[of] p2b: Mr. Rime\n|\n|upkeep\n|turn|2\n|inactive|VerdantFrost has 30 seconds left.\n|inactive|Bacowl has 30 seconds left.\n|\n|t:|1776394590\n|move|p1a: Sneasler|Protect|p1a: Sneasler\n|-singleturn|p1a: Sneasler|Protect\n|move|p1b: Incineroar|Fake Out|p2a: Crabominable\n|-damage|p2a: Crabominable|90/100\n|move|p2b: Mr. Rime|Ally Switch|p2b: Mr. Rime\n|swap|p2b: Mr. Rime|0|[from] move: Ally Switch\n|cant|p2b: Crabominable|flinch\n|\n|upkeep\n|turn|3\n|inactive|VerdantFrost has 30 seconds left.\n|inactive|VerdantFrost has 20 seconds left.\n|\n|t:|1776394626\n|switch|p1a: Basculegion|Basculegion, L50, M|100/100\n|move|p1b: Incineroar|Parting Shot|p2b: Crabominable\n|-unboost|p2b: Crabominable|atk|1\n|-unboost|p2b: Crabominable|spa|1\n|\n|t:|1776394631\n|switch|p1b: Sneasler|Sneasler, L50, M|100/100|[from] Parting Shot\n|move|p2a: Mr. Rime|Frost Breath|p2b: Crabominable\n|-resisted|p2b: Crabominable|1\n|-crit|p2b: Crabominable\n|-damage|p2b: Crabominable|74/100\n|-setboost|p2b: Crabominable|atk|6|[from] ability: Anger Point\n|move|p2b: Crabominable|Earthquake|p1b: Sneasler|[spread] p2a,p1a,p1b\n|-supereffective|p1b: Sneasler|1\n|-damage|p2a: Mr. Rime|0 fnt\n|-damage|p1a: Basculegion|0 fnt\n|-damage|p1b: Sneasler|0 fnt\n|faint|p2a: Mr. Rime\n|faint|p1a: Basculegion\n|faint|p1b: Sneasler\n|\n|upkeep\n|\n|t:|1776394642\n|switch|p2a: Abomasnow|Abomasnow, L50, M|100/100\n|switch|p1a: Incineroar|Incineroar, L50, M|100/100\n|switch|p1b: Charizard|Charizard, L50, M|100/100\n|-ability|p1a: Incineroar|Intimidate|boost\n|-unboost|p2a: Abomasnow|atk|1\n|-unboost|p2b: Crabominable|atk|1\n|-weather|Snowscape|[from] ability: Snow Warning|[of] p2a: Abomasnow\n|turn|4\n|\n|t:|1776394657\n|move|p2b: Crabominable|Protect|p2b: Crabominable\n|-singleturn|p2b: Crabominable|Protect\n|move|p1a: Incineroar|Fake Out|p2b: Crabominable\n|-activate|p2b: Crabominable|move: Protect\n|move|p2a: Abomasnow|Aurora Veil|p2a: Abomasnow\n|-sidestart|p2: Bacowl|move: Aurora Veil\n|move|p1b: Charizard|Heat Wave|p2b: Crabominable|[spread] p2a\n|-activate|p2b: Crabominable|move: Protect\n|-supereffective|p2a: Abomasnow|2\n|-enditem|p2a: Abomasnow|Occa Berry|[eat]\n|-enditem|p2a: Abomasnow|Occa Berry|[weaken]\n|-damage|p2a: Abomasnow|68/100\n|\n|-weather|Snowscape|[upkeep]\n|upkeep\n|turn|5\n|\n|t:|1776394674\n|switch|p2a: Alakazam|Alakazam, L50, M|100/100\n|detailschange|p2b: Crabominable|Crabominable-Mega, L50, M\n|-mega|p2b: Crabominable|Crabominable|Crabominite\n|move|p1b: Charizard|Protect|p1b: Charizard\n|-singleturn|p1b: Charizard|Protect\n|move|p2b: Crabominable|Rock Slide|p1b: Charizard|[spread] p1a\n|-activate|p1b: Charizard|move: Protect\n|-supereffective|p1a: Incineroar|1\n|-damage|p1a: Incineroar|0 fnt\n|faint|p1a: Incineroar\n|\n|-weather|Snowscape|[upkeep]\n|-fieldend|move: Trick Room\n|upkeep\n|turn|6\n|\n|t:|1776394691\n|detailschange|p1b: Charizard|Charizard-Mega-Y, L50, M\n|-mega|p1b: Charizard|Charizard|Charizardite Y\n|-weather|SunnyDay|[from] ability: Drought|[of] p1b: Charizard\n|move|p2a: Alakazam|Speed Swap|p2b: Crabominable\n|-activate|p2a: Alakazam|move: Speed Swap|[of] p2b: Crabominable\n|move|p2b: Crabominable|Rock Slide|p1b: Charizard\n|-supereffective|p1b: Charizard|2\n|-damage|p1b: Charizard|0 fnt\n|faint|p1b: Charizard\n|\n|win|Bacowl\n|raw|VerdantFrost's rating: 1089 &rarr; <strong>1069</strong><br />(-20 for losing)\n|raw|Bacowl's rating: 1137 &rarr; <strong>1159</strong><br />(+22 for winning)\n|l|\u2606VerdantFrost\n|player|p1|\n",
  "uploadtime": 1776394703,
  "views": 15,
  "formatid": "gen9championsvgc2026regma",
  "rating": 1069,
  "private": 0,
  "password": null
}