{
  "id": "gen9championsvgc2026regma-2584570205",
  "format": "[Gen 9 Champions] VGC 2026 Reg M-A",
  "players": [
    "Gatorl0ver",
    "Mackyy"
  ],
  "log": "|j|\u2606Gatorl0ver\n|j|\u2606Mackyy\n|t:|1776269428\n|gametype|doubles\n|player|p1|Gatorl0ver|1|1325\n|player|p2|Mackyy|170|1336\n|gen|9\n|tier|[Gen 9 Champions] VGC 2026 Reg M-A\n|rated|\n|rule|Species Clause: Limit one of each Pok\u00e9mon\n|rule|Item Clause: Limit 1 of each item\n|clearpoke\n|poke|p1|Feraligatr, L50, F|\n|poke|p1|Ninetales-Alola, L50, F|\n|poke|p1|Incineroar, L50, M|\n|poke|p1|Sinistcha, L50|\n|poke|p1|Sneasler, L50, F|\n|poke|p1|Corviknight, L50, F|\n|poke|p2|Tyranitar, L50, F|\n|poke|p2|Corviknight, L50, F|\n|poke|p2|Meganium, L50, M|\n|poke|p2|Orthworm, L50, F|\n|poke|p2|Delphox, L50, M|\n|poke|p2|Garchomp, L50, F|\n|teampreview|4\n|inactive|Battle timer is ON: inactive players will automatically lose when time's up. (requested by Gatorl0ver)\n|\n|t:|1776269459\n|teamsize|p1|4\n|teamsize|p2|4\n|start\n|switch|p1a: Feraligatr|Feraligatr, L50, F|100/100\n|switch|p1b: Sneasler|Sneasler, L50, F|100/100\n|switch|p2a: Garchomp|Garchomp, L50, F|100/100\n|switch|p2b: Delphox|Delphox, L50, M|100/100\n|turn|1\n|\n|t:|1776269479\n|detailschange|p2b: Delphox|Delphox-Mega, L50, M\n|-mega|p2b: Delphox|Delphox|Delphoxite\n|move|p1b: Sneasler|Fake Out|p2b: Delphox\n|-damage|p2b: Delphox|76/100\n|cant|p2b: Delphox|flinch\n|move|p2a: Garchomp|Earthquake|p1a: Feraligatr|[spread] p1a,p1b\n|-immune|p2b: Delphox|[from] ability: Levitate\n|-supereffective|p1b: Sneasler|1\n|-damage|p1a: Feraligatr|49/100\n|-damage|p1b: Sneasler|0 fnt\n|faint|p1b: Sneasler\n|move|p1a: Feraligatr|Dragon Dance|p1a: Feraligatr\n|-boost|p1a: Feraligatr|atk|1\n|-boost|p1a: Feraligatr|spe|1\n|\n|upkeep\n|\n|t:|1776269489\n|switch|p1b: Incineroar|Incineroar, L50, M|100/100\n|-ability|p1b: Incineroar|Intimidate|boost\n|-unboost|p2a: Garchomp|atk|1\n|-unboost|p2b: Delphox|atk|1\n|turn|2\n|\n|t:|1776269499\n|move|p1a: Feraligatr|Protect|p1a: Feraligatr\n|-singleturn|p1a: Feraligatr|Protect\n|move|p2b: Delphox|Protect|p2b: Delphox\n|-singleturn|p2b: Delphox|Protect\n|move|p2a: Garchomp|Protect|p2a: Garchomp\n|-singleturn|p2a: Garchomp|Protect\n|move|p1b: Incineroar|Darkest Lariat|p2b: Delphox\n|-activate|p2b: Delphox|move: Protect\n|\n|upkeep\n|turn|3\n|\n|t:|1776269516\n|switch|p1b: Corviknight|Corviknight, L50, F|100/100\n|move|p1a: Feraligatr|Liquidation|p2b: Delphox\n|-supereffective|p2b: Delphox|1\n|-damage|p2b: Delphox|0 fnt\n|faint|p2b: Delphox\n|move|p2a: Garchomp|Earthquake|p1b: Corviknight|[spread] p1a\n|-immune|p1b: Corviknight\n|-damage|p1a: Feraligatr|11/100\n|\n|upkeep\n|\n|t:|1776269536\n|switch|p2b: Corviknight|Corviknight, L50, F|100/100\n|turn|4\n|\n|t:|1776269547\n|move|p1a: Feraligatr|Protect|p1a: Feraligatr\n|-singleturn|p1a: Feraligatr|Protect\n|move|p2a: Garchomp|Rock Slide|p1a: Feraligatr|[spread] p1b\n|-activate|p1a: Feraligatr|move: Protect\n|-damage|p1b: Corviknight|92/100\n|move|p2b: Corviknight|Body Press|p1b: Corviknight\n|-damage|p1b: Corviknight|75/100\n|cant|p1b: Corviknight|flinch\n|\n|-heal|p1b: Corviknight|80/100|[from] item: Leftovers\n|upkeep\n|turn|5\n|\n|t:|1776269563\n|detailschange|p1a: Feraligatr|Feraligatr-Mega, L50, F\n|-mega|p1a: Feraligatr|Feraligatr|Feraligite\n|move|p1a: Feraligatr|Liquidation|p2b: Corviknight\n|-damage|p2b: Corviknight|56/100\n|move|p2a: Garchomp|Rock Slide|p1a: Feraligatr|[spread] p1a,p1b\n|-damage|p1a: Feraligatr|0 fnt\n|-damage|p1b: Corviknight|72/100\n|faint|p1a: Feraligatr\n|move|p1b: Corviknight|Body Press|p2b: Corviknight\n|-damage|p2b: Corviknight|41/100\n|move|p2b: Corviknight|Body Press|p1b: Corviknight\n|-damage|p1b: Corviknight|55/100\n|\n|-heal|p1b: Corviknight|61/100|[from] item: Leftovers\n|-heal|p2b: Corviknight|47/100|[from] item: Leftovers\n|upkeep\n|\n|t:|1776269568\n|switch|p1a: Incineroar|Incineroar, L50, M|100/100\n|-ability|p1a: Incineroar|Intimidate|boost\n|-unboost|p2a: Garchomp|atk|1\n|-ability|p2b: Corviknight|Mirror Armor\n|-unboost|p1a: Incineroar|atk|1\n|turn|6\n|\n|t:|1776269582\n|move|p2a: Garchomp|Earthquake|p1b: Corviknight|[spread] p1a\n|-immune|p2b: Corviknight\n|-immune|p1b: Corviknight\n|-supereffective|p1a: Incineroar|1\n|-damage|p1a: Incineroar|55/100\n|move|p1b: Corviknight|Roost|p1b: Corviknight\n|-heal|p1b: Corviknight|100/100\n|-singleturn|p1b: Corviknight|move: Roost\n|move|p2b: Corviknight|Body Press|p1b: Corviknight\n|-supereffective|p1b: Corviknight|1\n|-damage|p1b: Corviknight|67/100\n|move|p1a: Incineroar|Flare Blitz|p2b: Corviknight\n|-supereffective|p2b: Corviknight|1\n|-damage|p2b: Corviknight|0 fnt\n|faint|p2b: Corviknight\n|-damage|p1a: Incineroar|39/100|[from] Recoil\n|-enditem|p1a: Incineroar|Sitrus Berry|[eat]\n|-heal|p1a: Incineroar|64/100|[from] item: Sitrus Berry\n|\n|-heal|p1b: Corviknight|73/100|[from] item: Leftovers\n|upkeep\n|\n|t:|1776269593\n|switch|p2b: Tyranitar|Tyranitar, L50, F|100/100\n|-weather|Sandstorm|[from] ability: Sand Stream|[of] p2b: Tyranitar\n|turn|7\n|\n|t:|1776269603\n|move|p2b: Tyranitar|Rock Slide|p1a: Incineroar|[spread] p1a,p1b\n|-supereffective|p1a: Incineroar|1\n|-damage|p1a: Incineroar|4/100\n|-damage|p1b: Corviknight|54/100\n|move|p2a: Garchomp|Rock Slide|p1b: Corviknight|[spread] p1a,p1b\n|-supereffective|p1a: Incineroar|1\n|-damage|p1a: Incineroar|0 fnt\n|-damage|p1b: Corviknight|46/100\n|faint|p1a: Incineroar\n|cant|p1b: Corviknight|flinch\n|\n|-weather|Sandstorm|[upkeep]\n|-heal|p1b: Corviknight|52/100|[from] item: Leftovers\n|upkeep\n|turn|8\n|\n|t:|1776269613\n|move|p2b: Tyranitar|Rock Slide|p1b: Corviknight\n|-damage|p1b: Corviknight|26/100\n|move|p2a: Garchomp|Dragon Claw|p1b: Corviknight\n|-resisted|p1b: Corviknight|1\n|-damage|p1b: Corviknight|19/100\n|move|p1b: Corviknight|Body Press|p2b: Tyranitar\n|-supereffective|p2b: Tyranitar|2\n|-damage|p2b: Tyranitar|2/100\n|\n|-weather|Sandstorm|[upkeep]\n|-heal|p1b: Corviknight|25/100|[from] item: Leftovers\n|upkeep\n|turn|9\n|\n|t:|1776269619\n|move|p2b: Tyranitar|Rock Slide|p1b: Corviknight\n|-damage|p1b: Corviknight|0 fnt\n|faint|p1b: Corviknight\n|\n|win|Mackyy\n|raw|Gatorl0ver's rating: 1325 &rarr; <strong>1306</strong><br />(-19 for losing)\n|raw|Mackyy's rating: 1336 &rarr; <strong>1355</strong><br />(+19 for winning)\n",
  "uploadtime": 1776269620,
  "views": 28,
  "formatid": "gen9championsvgc2026regma",
  "rating": 1306,
  "private": 0,
  "password": null
}