{
  "id": "gen9championsvgc2026regma-2586073880",
  "format": "[Gen 9 Champions] VGC 2026 Reg M-A",
  "players": [
    "DinsFire01",
    "ADV169"
  ],
  "log": "|j|\u2606DinsFire01\n|j|\u2606ADV169\n|t:|1776396173\n|gametype|doubles\n|player|p1|DinsFire01|266|1151\n|player|p2|ADV169|cynthia-gen4|1188\n|gen|9\n|tier|[Gen 9 Champions] VGC 2026 Reg M-A\n|rated|\n|rule|Species Clause: Limit one of each Pok\u00e9mon\n|rule|Item Clause: Limit 1 of each item\n|clearpoke\n|poke|p1|Delphox, L50, M|\n|poke|p1|Garchomp, L50, F|\n|poke|p1|Whimsicott, L50, F|\n|poke|p1|Orthworm, L50, M|\n|poke|p1|Gyarados, L50, F|\n|poke|p1|Sneasler, L50, M|\n|poke|p2|Gardevoir, L50, M|\n|poke|p2|Farigiraf, L50, F|\n|poke|p2|Incineroar, L50, M|\n|poke|p2|Rotom-Wash, L50|\n|poke|p2|Archaludon, L50, F|\n|poke|p2|Sinistcha, L50|\n|teampreview|4\n|\n|t:|1776396226\n|teamsize|p1|4\n|teamsize|p2|4\n|start\n|switch|p1a: Garchomp|Garchomp, L50, F|100/100\n|switch|p1b: Delphox|Delphox, L50, M|100/100\n|switch|p2a: El Macho \u2642\ufe0f|Incineroar, L50, M|100/100\n|switch|p2b: Sinistcha|Sinistcha, L50|100/100\n|-ability|p2a: El Macho \u2642\ufe0f|Intimidate|boost\n|-unboost|p1a: Garchomp|atk|1\n|-unboost|p1b: Delphox|atk|1\n|turn|1\n|\n|t:|1776396250\n|switch|p1a: Sneasler|Sneasler, L50, M|100/100\n|detailschange|p1b: Delphox|Delphox-Mega, L50, M\n|-mega|p1b: Delphox|Delphox|Delphoxite\n|move|p1b: Delphox|Protect|p1b: Delphox\n|-singleturn|p1b: Delphox|Protect\n|move|p2a: El Macho \u2642\ufe0f|Fake Out|p1b: Delphox\n|-activate|p1b: Delphox|move: Protect\n|move|p2b: Sinistcha|Trick Room|p2b: Sinistcha\n|-fieldstart|move: Trick Room|[of] p2b: Sinistcha\n|\n|upkeep\n|turn|2\n|\n|t:|1776396270\n|move|p2b: Sinistcha|Shadow Ball|p1b: Delphox\n|-supereffective|p1b: Delphox|1\n|-damage|p1b: Delphox|37/100\n|move|p2a: El Macho \u2642\ufe0f|Darkest Lariat|p1b: Delphox\n|-supereffective|p1b: Delphox|1\n|-crit|p1b: Delphox\n|-damage|p1b: Delphox|0 fnt\n|faint|p1b: Delphox\n|move|p1a: Sneasler|Close Combat|p2a: El Macho \u2642\ufe0f\n|-supereffective|p2a: El Macho \u2642\ufe0f|1\n|-damage|p2a: El Macho \u2642\ufe0f|1/100\n|-unboost|p1a: Sneasler|def|1\n|-unboost|p1a: Sneasler|spd|1\n|-enditem|p1a: Sneasler|White Herb\n|-clearnegativeboost|p1a: Sneasler|[silent]\n|\n|upkeep\n|\n|t:|1776396280\n|switch|p1b: Garchomp|Garchomp, L50, F|100/100\n|turn|3\n|\n|t:|1776396303\n|switch|p1b: Orthworm|Orthworm, L50, M|100/100\n|move|p2b: Sinistcha|Shadow Ball|p1b: Orthworm\n|-crit|p1b: Orthworm\n|-damage|p1b: Orthworm|49/100\n|-unboost|p1b: Orthworm|spd|1\n|move|p2a: El Macho \u2642\ufe0f|Darkest Lariat|p1b: Orthworm\n|-damage|p1b: Orthworm|19/100\n|move|p1a: Sneasler|Coaching|p1b: Orthworm\n|-boost|p1b: Orthworm|atk|1\n|-boost|p1b: Orthworm|def|1\n|\n|-heal|p1b: Orthworm|25/100|[from] item: Leftovers\n|upkeep\n|turn|4\n|\n|t:|1776396323\n|move|p1b: Orthworm|Protect|p1b: Orthworm\n|-singleturn|p1b: Orthworm|Protect\n|move|p2b: Sinistcha|Shadow Ball|p1b: Orthworm\n|-activate|p1b: Orthworm|move: Protect\n|move|p2a: El Macho \u2642\ufe0f|Darkest Lariat|p1b: Orthworm\n|-activate|p1b: Orthworm|move: Protect\n|move|p1a: Sneasler|Coaching|p1b: Orthworm\n|-boost|p1b: Orthworm|atk|1\n|-boost|p1b: Orthworm|def|1\n|\n|-heal|p1b: Orthworm|31/100|[from] item: Leftovers\n|upkeep\n|turn|5\n|\n|t:|1776396352\n|switch|p2a: Current|Rotom-Wash, L50|100/100\n|move|p2b: Sinistcha|Shadow Ball|p1b: Orthworm\n|-damage|p1b: Orthworm|0 fnt\n|faint|p1b: Orthworm\n|move|p1a: Sneasler|Dire Claw|p2b: Sinistcha\n|-crit|p2b: Sinistcha\n|-damage|p2b: Sinistcha|53/100\n|-status|p2b: Sinistcha|par\n|\n|-fieldend|move: Trick Room\n|upkeep\n|\n|t:|1776396362\n|switch|p1b: Garchomp|Garchomp, L50, F|100/100\n|turn|6\n|\n|t:|1776396377\n|switch|p2b: Carcosa|Farigiraf, L50, F|100/100\n|move|p1a: Sneasler|Coaching|p1b: Garchomp\n|-boost|p1b: Garchomp|atk|1\n|-boost|p1b: Garchomp|def|1\n|move|p1b: Garchomp|Dragon Claw|p2b: Carcosa\n|-damage|p2b: Carcosa|40/100\n|-enditem|p2b: Carcosa|Sitrus Berry|[eat]\n|-heal|p2b: Carcosa|65/100|[from] item: Sitrus Berry\n|move|p2a: Current|Hydro Pump|p1a: Sneasler\n|-damage|p1a: Sneasler|25/100\n|\n|upkeep\n|turn|7\n|\n|t:|1776396402\n|move|p1a: Sneasler|Coaching|p1b: Garchomp\n|-boost|p1b: Garchomp|atk|1\n|-boost|p1b: Garchomp|def|1\n|move|p1b: Garchomp|Dragon Claw|p2b: Carcosa\n|-damage|p2b: Carcosa|0 fnt\n|faint|p2b: Carcosa\n|move|p2a: Current|Hydro Pump|p1b: Garchomp\n|-damage|p1b: Garchomp|42/100\n|\n|upkeep\n|\n|t:|1776396419\n|switch|p2b: El Macho \u2642\ufe0f|Incineroar, L50, M|1/100\n|-ability|p2b: El Macho \u2642\ufe0f|Intimidate|boost\n|-unboost|p1a: Sneasler|atk|1\n|-unboost|p1b: Garchomp|atk|1\n|turn|8\n|\n|t:|1776396433\n|move|p1b: Garchomp|Protect|p1b: Garchomp\n|-singleturn|p1b: Garchomp|Protect\n|move|p2b: El Macho \u2642\ufe0f|Fake Out|p1a: Sneasler\n|-damage|p1a: Sneasler|7/100\n|cant|p1a: Sneasler|flinch\n|move|p2a: Current|Discharge|p1a: Sneasler|[spread] p2b,p1a\n|-activate|p1b: Garchomp|move: Protect\n|-damage|p2b: El Macho \u2642\ufe0f|0 fnt\n|-damage|p1a: Sneasler|0 fnt\n|faint|p2b: El Macho \u2642\ufe0f\n|faint|p1a: Sneasler\n|\n|upkeep\n|\n|t:|1776396444\n|switch|p2b: Sinistcha|Sinistcha, L50|53/100 par\n|turn|9\n|\n|t:|1776396459\n|move|p1b: Garchomp|Dragon Claw|p2b: Sinistcha\n|-damage|p2b: Sinistcha|6/100 par\n|move|p2a: Current|Hydro Pump|p1b: Garchomp\n|-damage|p1b: Garchomp|0 fnt\n|faint|p1b: Garchomp\n|\n|win|ADV169\n|raw|DinsFire01's rating: 1151 &rarr; <strong>1129</strong><br />(-22 for losing)\n|raw|ADV169's rating: 1188 &rarr; <strong>1210</strong><br />(+22 for winning)\n|c|\u2606ADV169|Gg\n",
  "uploadtime": 1776396471,
  "views": 24,
  "formatid": "gen9championsvgc2026regma",
  "rating": 1129,
  "private": 0,
  "password": null
}