{
  "id": "gen9championsvgc2026regma-2584610015",
  "format": "[Gen 9 Champions] VGC 2026 Reg M-A",
  "players": [
    "tonybravais",
    "patoca05"
  ],
  "log": "|j|\u2606tonybravais\n|j|\u2606patoca05\n|t:|1776271937\n|gametype|doubles\n|player|p1|tonybravais|170|1095\n|player|p2|patoca05|boarder|1134\n|gen|9\n|tier|[Gen 9 Champions] VGC 2026 Reg M-A\n|rated|\n|rule|Species Clause: Limit one of each Pok\u00e9mon\n|rule|Item Clause: Limit 1 of each item\n|clearpoke\n|poke|p1|Talonflame, L50, F|\n|poke|p1|Garchomp, L50, M|\n|poke|p1|Araquanid, L50, F|\n|poke|p1|Aurorus, L50, F|\n|poke|p1|Gardevoir, L50, M|\n|poke|p1|Sinistcha-Masterpiece, L50|\n|poke|p2|Dragonite, L50, F|\n|poke|p2|Incineroar, L50, M|\n|poke|p2|Kingambit, L50, M|\n|poke|p2|Sneasler, L50, M|\n|poke|p2|Sinistcha, L50|\n|poke|p2|Maushold-Four, L50|\n|teampreview|4\n|inactive|Battle timer is ON: inactive players will automatically lose when time's up. (requested by patoca05)\n|inactive|patoca05 has 60 seconds left.\n|\n|t:|1776271972\n|teamsize|p1|4\n|teamsize|p2|4\n|start\n|switch|p1a: Talonflame|Talonflame, L50, F|100/100\n|switch|p1b: Aurorus|Aurorus, L50, F, shiny|100/100\n|switch|p2a: Incineroar|Incineroar, L50, M|100/100\n|switch|p2b: Dragonite|Dragonite, L50, F|100/100\n|-weather|Snowscape|[from] ability: Snow Warning|[of] p1b: Aurorus\n|-ability|p2a: Incineroar|Intimidate|boost\n|-unboost|p1a: Talonflame|atk|1\n|-unboost|p1b: Aurorus|atk|1\n|turn|1\n|inactive|patoca05 has 30 seconds left.\n|-activate|p1b: Aurorus|item: Quick Claw\n|\n|t:|1776272002\n|detailschange|p2b: Dragonite|Dragonite-Mega, L50, F\n|-mega|p2b: Dragonite|Dragonite|Dragoninite\n|move|p1a: Talonflame|Upper Hand|p2a: Incineroar\n|-supereffective|p2a: Incineroar|1\n|-damage|p2a: Incineroar|76/100\n|cant|p2a: Incineroar|flinch\n|move|p1b: Aurorus|Blizzard|p2a: Incineroar|[spread] p2a,p2b\n|-resisted|p2a: Incineroar|1\n|-supereffective|p2b: Dragonite|2\n|-damage|p2a: Incineroar|58/100\n|-damage|p2b: Dragonite|53/100\n|move|p2b: Dragonite|Dragon Pulse|p1a: Talonflame\n|-damage|p1a: Talonflame|23/100\n|\n|-weather|Snowscape|[upkeep]\n|upkeep\n|turn|2\n|\n|t:|1776272027\n|switch|p2a: Kingambit|Kingambit, L50, M, shiny|100/100\n|move|p2b: Dragonite|Protect|p2b: Dragonite\n|-singleturn|p2b: Dragonite|Protect\n|move|p1a: Talonflame|Tailwind|p1a: Talonflame\n|-sidestart|p1: tonybravais|move: Tailwind\n|move|p1b: Aurorus|Blizzard|p2a: Kingambit|[spread] p2a\n|-activate|p2b: Dragonite|move: Protect\n|-resisted|p2a: Kingambit|1\n|-damage|p2a: Kingambit|83/100\n|\n|-weather|Snowscape|[upkeep]\n|upkeep\n|turn|3\n|inactive|patoca05 has 30 seconds left.\n|-activate|p1b: Aurorus|item: Quick Claw\n|\n|t:|1776272054\n|switch|p1a: Garchomp|Garchomp, L50, M|100/100\n|switch|p2b: Incineroar|Incineroar, L50, M|58/100\n|-ability|p2b: Incineroar|Intimidate|boost\n|-unboost|p1a: Garchomp|atk|1\n|-unboost|p1b: Aurorus|atk|1\n|move|p2a: Kingambit|Sucker Punch||[still]\n|-fail|p2a: Kingambit\n|move|p1b: Aurorus|Blizzard|p2b: Incineroar|[spread] p2a,p2b\n|-resisted|p2a: Kingambit|1\n|-resisted|p2b: Incineroar|1\n|-damage|p2a: Kingambit|65/100\n|-damage|p2b: Incineroar|38/100\n|-enditem|p2b: Incineroar|Sitrus Berry|[eat]\n|-heal|p2b: Incineroar|63/100|[from] item: Sitrus Berry\n|\n|-weather|Snowscape|[upkeep]\n|upkeep\n|turn|4\n|inactive|tonybravais has 30 seconds left.\n|inactive|tonybravais has 20 seconds left.\n|-activate|p1b: Aurorus|item: Quick Claw\n|\n|t:|1776272092\n|switch|p2b: Dragonite|Dragonite-Mega, L50, F|53/100\n|move|p1a: Garchomp|Protect|p1a: Garchomp\n|-singleturn|p1a: Garchomp|Protect\n|move|p2a: Kingambit|Protect|p2a: Kingambit\n|-singleturn|p2a: Kingambit|Protect\n|move|p1b: Aurorus|Ancient Power|p2b: Dragonite\n|-supereffective|p2b: Dragonite|1\n|-damage|p2b: Dragonite|11/100\n|\n|-weather|Snowscape|[upkeep]\n|upkeep\n|turn|5\n|\n|t:|1776272115\n|switch|p1b: Talonflame|Talonflame, L50, F|23/100\n|move|p2b: Dragonite|Protect|p2b: Dragonite\n|-singleturn|p2b: Dragonite|Protect\n|move|p1a: Garchomp|Earthquake|p2b: Dragonite|[spread] p2a\n|-activate|p2b: Dragonite|move: Protect\n|-immune|p1b: Talonflame\n|-supereffective|p2a: Kingambit|1\n|-damage|p2a: Kingambit|20/100\n|move|p2a: Kingambit|Iron Head|p1b: Talonflame|[miss]\n|-miss|p2a: Kingambit|p1b: Talonflame\n|\n|-weather|none\n|-sideend|p1: tonybravais|move: Tailwind\n|upkeep\n|turn|6\n|\n|t:|1776272139\n|switch|p2b: Incineroar|Incineroar, L50, M|63/100\n|-ability|p2b: Incineroar|Intimidate|boost\n|-unboost|p1a: Garchomp|atk|1\n|-unboost|p1b: Talonflame|atk|1\n|move|p2a: Kingambit|Sucker Punch|p1b: Talonflame\n|-damage|p1b: Talonflame|0 fnt\n|faint|p1b: Talonflame\n|move|p1a: Garchomp|Earthquake|p2b: Incineroar|[spread] p2a,p2b\n|-supereffective|p2a: Kingambit|1\n|-supereffective|p2b: Incineroar|1\n|-damage|p2a: Kingambit|0 fnt\n|-damage|p2b: Incineroar|13/100\n|faint|p2a: Kingambit\n|\n|upkeep\n|\n|t:|1776272152\n|switch|p1b: Aurorus|Aurorus, L50, F, shiny|100/100\n|switch|p2a: Dragonite|Dragonite-Mega, L50, F|11/100\n|-weather|Snowscape|[from] ability: Snow Warning|[of] p1b: Aurorus\n|turn|7\n|\n|t:|1776272165\n|move|p2a: Dragonite|Protect|p2a: Dragonite\n|-singleturn|p2a: Dragonite|Protect\n|move|p1a: Garchomp|Rock Slide|p2a: Dragonite|[spread] p2b\n|-activate|p2a: Dragonite|move: Protect\n|-supereffective|p2b: Incineroar|1\n|-damage|p2b: Incineroar|0 fnt\n|faint|p2b: Incineroar\n|move|p1b: Aurorus|Blizzard|p2a: Dragonite\n|-activate|p2a: Dragonite|move: Protect\n|\n|-weather|Snowscape|[upkeep]\n|upkeep\n|\n|t:|1776272173\n|switch|p2b: Sneasler|Sneasler, L50, M|100/100\n|turn|8\n|\n|t:|1776272195\n|switch|p1a: Sinistcha|Sinistcha-Masterpiece, L50|100/100\n|move|p2b: Sneasler|Close Combat|p1b: Aurorus\n|-supereffective|p1b: Aurorus|2\n|-damage|p1b: Aurorus|0 fnt\n|-unboost|p2b: Sneasler|def|1\n|-unboost|p2b: Sneasler|spd|1\n|faint|p1b: Aurorus\n|move|p2a: Dragonite|Roost|p2a: Dragonite\n|-heal|p2a: Dragonite|62/100\n|-singleturn|p2a: Dragonite|move: Roost\n|\n|-weather|Snowscape|[upkeep]\n|upkeep\n|\n|t:|1776272206\n|switch|p1b: Garchomp|Garchomp, L50, M|100/100\n|turn|9\n|inactive|tonybravais has 30 seconds left.\n|\n|t:|1776272238\n|move|p2a: Dragonite|Protect|p2a: Dragonite\n|-singleturn|p2a: Dragonite|Protect\n|move|p2b: Sneasler|Dire Claw|p1a: Sinistcha\n|-damage|p1a: Sinistcha|58/100\n|move|p1b: Garchomp|Earthquake|p2a: Dragonite|[spread] p1a,p2b\n|-activate|p2a: Dragonite|move: Protect\n|-resisted|p1a: Sinistcha|1\n|-supereffective|p2b: Sneasler|1\n|-damage|p1a: Sinistcha|35/100\n|-enditem|p2b: Sneasler|Focus Sash\n|-damage|p2b: Sneasler|1/100\n|move|p1a: Sinistcha|Shadow Ball|p2a: Dragonite\n|-activate|p2a: Dragonite|move: Protect\n|\n|-weather|Snowscape|[upkeep]\n|-heal|p1a: Sinistcha|41/100|[from] item: Leftovers\n|upkeep\n|turn|10\n|inactive|patoca05 has 30 seconds left.\n|\n|t:|1776272268\n|move|p2b: Sneasler|Dire Claw|p1a: Sinistcha\n|-damage|p1a: Sinistcha|0 fnt\n|faint|p1a: Sinistcha\n|move|p1b: Garchomp|Dragon Claw|p2a: Dragonite\n|-supereffective|p2a: Dragonite|1\n|-damage|p2a: Dragonite|0 fnt\n|faint|p2a: Dragonite\n|\n|-weather|Snowscape|[upkeep]\n|upkeep\n|turn|11\n|\n|t:|1776272279\n|move|p1b: Garchomp|Protect|p1b: Garchomp\n|-singleturn|p1b: Garchomp|Protect\n|move|p2b: Sneasler|Close Combat|p1b: Garchomp\n|-activate|p1b: Garchomp|move: Protect\n|\n|-weather|none\n|upkeep\n|turn|12\n|\n|t:|1776272285\n|move|p2b: Sneasler|Close Combat|p1b: Garchomp\n|-damage|p1b: Garchomp|35/100\n|-unboost|p2b: Sneasler|def|1\n|-unboost|p2b: Sneasler|spd|1\n|-damage|p2b: Sneasler|0 fnt|[from] ability: Rough Skin|[of] p1b: Garchomp\n|faint|p2b: Sneasler\n|\n|win|tonybravais\n|raw|tonybravais's rating: 1095 &rarr; <strong>1124</strong><br />(+29 for winning)\n|raw|patoca05's rating: 1134 &rarr; <strong>1106</strong><br />(-28 for losing)\n|l|\u2606patoca05\n|player|p2|\n",
  "uploadtime": 1776272293,
  "views": 24,
  "formatid": "gen9championsvgc2026regma",
  "rating": 1106,
  "private": 0,
  "password": null
}