{
  "id": "gen9championsvgc2026regma-2582577882",
  "format": "[Gen 9 Champions] VGC 2026 Reg M-A",
  "players": [
    "Mast0don",
    "4Rose"
  ],
  "log": "|j|\u2606Mast0don\n|j|\u26064Rose\n|t:|1776100493\n|gametype|doubles\n|player|p1|Mast0don|drayden|1227\n|player|p2|4Rose|2|1278\n|gen|9\n|tier|[Gen 9 Champions] VGC 2026 Reg M-A\n|rated|\n|rule|Species Clause: Limit one of each Pok\u00e9mon\n|rule|Item Clause: Limit 1 of each item\n|clearpoke\n|poke|p1|Delphox, L50, M|\n|poke|p1|Primarina, L50, M|\n|poke|p1|Aegislash, L50, M|\n|poke|p1|Garchomp, L50, M|\n|poke|p1|Sneasler, L50, M|\n|poke|p1|Whimsicott, L50, F|\n|poke|p2|Starmie, L50|\n|poke|p2|Garchomp, L50, M|\n|poke|p2|Tyranitar, L50, M|\n|poke|p2|Rotom-Wash, L50|\n|poke|p2|Whimsicott, L50, M|\n|poke|p2|Noivern, L50, F|\n|teampreview|4\n|inactive|Battle timer is ON: inactive players will automatically lose when time's up. (requested by Mast0don)\n|inactive|Mast0don has 60 seconds left.\n|inactive|4Rose has 60 seconds left.\n|inactive|Mast0don has 30 seconds left.\n|\n|t:|1776100561\n|teamsize|p1|4\n|teamsize|p2|4\n|start\n|switch|p1a: Delphox|Delphox, L50, M, shiny|100/100\n|switch|p1b: Aegislash|Aegislash, L50, M|100/100\n|switch|p2a: Starmie|Starmie, L50|100/100\n|switch|p2b: Tyranitar|Tyranitar, L50, M|100/100\n|-weather|Sandstorm|[from] ability: Sand Stream|[of] p2b: Tyranitar\n|turn|1\n|inactive|4Rose has 30 seconds left.\n|inactive|4Rose has 20 seconds left.\n|inactive|4Rose has 15 seconds left.\n|inactive|4Rose has 10 seconds left.\n|inactive|4Rose has 5 seconds left.\n|\n|t:|1776100615\n|detailschange|p2a: Starmie|Starmie-Mega, L50\n|-mega|p2a: Starmie|Starmie|Starminite\n|move|p1a: Delphox|Protect|p1a: Delphox\n|-singleturn|p1a: Delphox|Protect\n|move|p2a: Starmie|Liquidation|p1a: Delphox\n|-activate|p1a: Delphox|move: Protect\n|move|p2b: Tyranitar|Knock Off|p1b: Aegislash\n|-supereffective|p1b: Aegislash|1\n|-enditem|p1b: Aegislash|Colbur Berry|[eat]\n|-enditem|p1b: Aegislash|Colbur Berry|[weaken]\n|-damage|p1b: Aegislash|57/100\n|-formechange|p1b: Aegislash|Aegislash-Blade|\n|move|p1b: Aegislash|Sacred Sword|p2b: Tyranitar\n|-supereffective|p2b: Tyranitar|2\n|-damage|p2b: Tyranitar|0 fnt\n|faint|p2b: Tyranitar\n|\n|-weather|Sandstorm|[upkeep]\n|-damage|p2a: Starmie|95/100|[from] Sandstorm\n|-damage|p1a: Delphox|95/100|[from] Sandstorm\n|upkeep\n|\n|t:|1776100626\n|switch|p2b: Whimsicott|Whimsicott, L50, M|100/100\n|turn|2\n|\n|t:|1776100650\n|switch|p1a: Primarina|Primarina, L50, M|100/100\n|-formechange|p1b: Aegislash|Aegislash|\n|move|p1b: Aegislash|King's Shield|p1b: Aegislash\n|-singleturn|p1b: Aegislash|Protect\n|move|p2b: Whimsicott|Tailwind|p2b: Whimsicott\n|-sidestart|p2: 4Rose|move: Tailwind\n|move|p2a: Starmie|Liquidation|p1a: Primarina\n|-resisted|p1a: Primarina|1\n|-damage|p1a: Primarina|61/100\n|\n|-weather|Sandstorm|[upkeep]\n|-damage|p2a: Starmie|89/100|[from] Sandstorm\n|-damage|p2b: Whimsicott|95/100|[from] Sandstorm\n|-damage|p1a: Primarina|56/100|[from] Sandstorm\n|upkeep\n|turn|3\n|l|\u26064Rose\n|inactive|4Rose disconnected and has a minute to reconnect!\n|player|p2|\n|inactive|4Rose has 30 seconds left.\n|j|\u26064Rose\n|inactive|4Rose reconnected and has 30 seconds left.\n|player|p2|4Rose|2|\n|n|\u26064Rose|4rose\n|inactive|4Rose has 20 seconds left.\n|\n|t:|1776100690\n|switch|p2b: Garchomp|Garchomp, L50, M|100/100\n|switch|p1b: Sneasler|Sneasler, L50, M|100/100\n|move|p2a: Starmie|Skill Swap|p2b: Garchomp\n|-activate|p2a: Starmie|Skill Swap|||[of] p2b: Garchomp\n|move|p1a: Primarina|Calm Mind|p1a: Primarina\n|-boost|p1a: Primarina|spa|1\n|-boost|p1a: Primarina|spd|1\n|\n|-weather|Sandstorm|[upkeep]\n|-damage|p1b: Sneasler|94/100|[from] Sandstorm\n|-damage|p1a: Primarina|50/100|[from] Sandstorm\n|-enditem|p1a: Primarina|Sitrus Berry|[eat]\n|-heal|p1a: Primarina|74/100|[from] item: Sitrus Berry\n|upkeep\n|turn|4\n|inactive|Mast0don has 30 seconds left.\n|inactive|Mast0don has 20 seconds left.\n|\n|t:|1776100727\n|move|p2a: Starmie|Protect|p2a: Starmie\n|-singleturn|p2a: Starmie|Protect\n|move|p2b: Garchomp|Protect|p2b: Garchomp\n|-singleturn|p2b: Garchomp|Protect\n|move|p1b: Sneasler|Fake Out|p2b: Garchomp\n|-activate|p2b: Garchomp|move: Protect\n|move|p1a: Primarina|Moonblast|p2b: Garchomp\n|-activate|p2b: Garchomp|move: Protect\n|\n|-weather|Sandstorm|[upkeep]\n|-damage|p1b: Sneasler|88/100|[from] Sandstorm\n|-damage|p1a: Primarina|68/100|[from] Sandstorm\n|upkeep\n|turn|5\n|\n|t:|1776100742\n|switch|p2a: Whimsicott|Whimsicott, L50, M|95/100\n|move|p1b: Sneasler|Protect|p1b: Sneasler\n|-singleturn|p1b: Sneasler|Protect\n|move|p1a: Primarina|Protect|p1a: Primarina\n|-singleturn|p1a: Primarina|Protect\n|move|p2b: Garchomp|Earthquake|p1b: Sneasler|[spread] p2a\n|-activate|p1a: Primarina|move: Protect\n|-activate|p1b: Sneasler|move: Protect\n|-resisted|p2a: Whimsicott|1\n|-damage|p2a: Whimsicott|51/100\n|\n|-weather|none\n|-sideend|p2: 4Rose|move: Tailwind\n|upkeep\n|turn|6\n|inactive|Mast0don has 30 seconds left.\n|\n|t:|1776100771\n|switch|p1a: Delphox|Delphox, L50, M, shiny|95/100\n|move|p2a: Whimsicott|Protect|p2a: Whimsicott\n|-singleturn|p2a: Whimsicott|Protect\n|move|p1b: Sneasler|Dire Claw|p2a: Whimsicott\n|-activate|p2a: Whimsicott|move: Protect\n|move|p2b: Garchomp|Earthquake|p1a: Delphox|[spread] p1a,p1b\n|-activate|p2a: Whimsicott|move: Protect\n|-supereffective|p1a: Delphox|1\n|-supereffective|p1b: Sneasler|1\n|-damage|p1a: Delphox|0 fnt\n|-damage|p1b: Sneasler|0 fnt\n|faint|p1a: Delphox\n|faint|p1b: Sneasler\n|\n|upkeep\n|\n|t:|1776100785\n|switch|p1b: Aegislash|Aegislash, L50, M|57/100\n|switch|p1a: Primarina|Primarina, L50, M|68/100\n|turn|7\n|\n|t:|1776100804\n|move|p2b: Garchomp|Protect|p2b: Garchomp\n|-singleturn|p2b: Garchomp|Protect\n|move|p2a: Whimsicott|Tailwind|p2a: Whimsicott\n|-sidestart|p2: 4Rose|move: Tailwind\n|move|p1a: Primarina|Calm Mind|p1a: Primarina\n|-boost|p1a: Primarina|spa|1\n|-boost|p1a: Primarina|spd|1\n|-formechange|p1b: Aegislash|Aegislash-Blade|\n|move|p1b: Aegislash|Poltergeist|p2a: Whimsicott\n|-activate|p2a: Whimsicott|move: Poltergeist|Focus Sash\n|-damage|p2a: Whimsicott|0 fnt\n|faint|p2a: Whimsicott\n|\n|upkeep\n|\n|t:|1776100815\n|switch|p2a: Starmie|Starmie-Mega, L50|89/100\n|turn|8\n|\n|t:|1776100825\n|move|p2a: Starmie|Protect|p2a: Starmie\n|-singleturn|p2a: Starmie|Protect\n|move|p1b: Aegislash|Wide Guard|p1b: Aegislash\n|-singleturn|p1b: Aegislash|Wide Guard\n|move|p2b: Garchomp|Earthquake|p1a: Primarina|[spread] \n|-activate|p1a: Primarina|move: Wide Guard\n|-activate|p1b: Aegislash|move: Wide Guard\n|-activate|p2a: Starmie|move: Protect\n|move|p1a: Primarina|Moonblast|p2b: Garchomp\n|-supereffective|p2b: Garchomp|1\n|-crit|p2b: Garchomp\n|-damage|p2b: Garchomp|0 fnt\n|faint|p2b: Garchomp\n|\n|upkeep\n|turn|9\n|inactive|4Rose has 30 seconds left.\n|\n|t:|1776100859\n|move|p2a: Starmie|Liquidation|p1a: Primarina\n|-resisted|p1a: Primarina|1\n|-damage|p1a: Primarina|32/100\n|move|p1a: Primarina|Moonblast|p2a: Starmie\n|-damage|p2a: Starmie|6/100\n|move|p1b: Aegislash|Poltergeist|p2a: Starmie\n|-activate|p2a: Starmie|move: Poltergeist|Starminite\n|-supereffective|p2a: Starmie|1\n|-damage|p2a: Starmie|0 fnt\n|faint|p2a: Starmie\n|\n|win|Mast0don\n|raw|Mast0don's rating: 1227 &rarr; <strong>1256</strong><br />(+29 for winning)\n|raw|4Rose's rating: 1278 &rarr; <strong>1249</strong><br />(-29 for losing)\n|l|\u26064Rose\n|player|p2|\n",
  "uploadtime": 1776100897,
  "views": 32,
  "formatid": "gen9championsvgc2026regma",
  "rating": 1249,
  "private": 0,
  "password": null
}