{
  "id": "gen9championsvgc2026regma-2588368232",
  "format": "[Gen 9 Champions] VGC 2026 Reg M-A",
  "players": [
    "feelspepegaman",
    "Asta40"
  ],
  "log": "|j|\u2606feelspepegaman\n|j|\u2606Asta40\n|t:|1776627705\n|gametype|doubles\n|player|p1|feelspepegaman|101|1153\n|player|p2|Asta40|waiter-gen4|1065\n|gen|9\n|tier|[Gen 9 Champions] VGC 2026 Reg M-A\n|rated|\n|rule|Species Clause: Limit one of each Pok\u00e9mon\n|rule|Item Clause: Limit 1 of each item\n|clearpoke\n|poke|p1|Archaludon, L50, M|\n|poke|p1|Aerodactyl, L50, F|\n|poke|p1|Chandelure, L50, M|\n|poke|p1|Tyranitar, L50, F|\n|poke|p1|Incineroar, L50, F|\n|poke|p1|Alakazam, L50, F|\n|poke|p2|Skarmory, L50, M|\n|poke|p2|Sneasler, L50, F, shiny|\n|poke|p2|Garchomp, L50, M|\n|poke|p2|Armarouge, L50, M|\n|poke|p2|Whimsicott, L50, F|\n|poke|p2|Gengar, L50, F, shiny|\n|teampreview|4\nAsta40 has agreed to open team sheets.\n|\n|t:|1776627743\n|teamsize|p1|4\n|teamsize|p2|4\n|start\n|switch|p1a: Aerodactyl|Aerodactyl, L50, F|100/100\n|switch|p1b: Tyranitar|Tyranitar, L50, F|100/100\n|switch|p2a: Armarouge|Armarouge, L50, M|100/100\n|switch|p2b: Whimsicott|Whimsicott, L50, F|100/100\n|-ability|p1a: Aerodactyl|Unnerve\n|-weather|Sandstorm|[from] ability: Sand Stream|[of] p1b: Tyranitar\n|turn|1\n|inactive|Battle timer is ON: inactive players will automatically lose when time's up. (requested by feelspepegaman)\n|\n|t:|1776627756\n|move|p2b: Whimsicott|Sunny Day|p2b: Whimsicott\n|-weather|SunnyDay\n|move|p1a: Aerodactyl|Tailwind|p1a: Aerodactyl\n|-sidestart|p1: feelspepegaman|move: Tailwind\n|move|p2a: Armarouge|Heat Wave|p1a: Aerodactyl|[spread] p1a,p1b\n|-resisted|p1a: Aerodactyl|1\n|-resisted|p1b: Tyranitar|1\n|-damage|p1a: Aerodactyl|55/100\n|-damage|p1b: Tyranitar|76/100\n|-status|p1a: Aerodactyl|brn\n|move|p1b: Tyranitar|Rock Slide|p2a: Armarouge|[spread] p2a,p2b\n|-supereffective|p2a: Armarouge|1\n|-damage|p2a: Armarouge|29/100\n|-damage|p2b: Whimsicott|67/100\n|\n|-weather|SunnyDay|[upkeep]\n|-damage|p1a: Aerodactyl|50/100 brn|[from] brn\n|upkeep\n|turn|2\n|\n|t:|1776627770\n|move|p2b: Whimsicott|Tailwind|p2b: Whimsicott\n|-sidestart|p2: Asta40|move: Tailwind\n|move|p1a: Aerodactyl|Dual Wingbeat|p2b: Whimsicott\n|-supereffective|p2b: Whimsicott|1\n|-damage|p2b: Whimsicott|49/100\n|-supereffective|p2b: Whimsicott|1\n|-damage|p2b: Whimsicott|28/100\n|-hitcount|p2b: Whimsicott|2\n|move|p2a: Armarouge|Heat Wave|p1b: Tyranitar|[spread] p1a,p1b\n|-resisted|p1a: Aerodactyl|1\n|-resisted|p1b: Tyranitar|1\n|-crit|p1b: Tyranitar\n|-damage|p1a: Aerodactyl|5/100 brn\n|-damage|p1b: Tyranitar|41/100\n|move|p1b: Tyranitar|Rock Slide|p2a: Armarouge|[spread] p2b\n|-miss|p1b: Tyranitar|p2a: Armarouge\n|-crit|p2b: Whimsicott\n|-damage|p2b: Whimsicott|0 fnt\n|faint|p2b: Whimsicott\n|\n|-weather|SunnyDay|[upkeep]\n|-damage|p1a: Aerodactyl|0 fnt|[from] brn\n|faint|p1a: Aerodactyl\n|upkeep\n|\n|t:|1776627787\n|switch|p1a: Alakazam|Alakazam, L50, F|100/100\n|switch|p2b: Sneasler|Sneasler, L50, F, shiny|100/100\n|turn|3\n|inactive|Asta40 has 30 seconds left.\n|\n|t:|1776627819\n|switch|p2b: DAMMM!|Skarmory, L50, M|100/100\n|detailschange|p1a: Alakazam|Alakazam-Mega, L50, F\n|-mega|p1a: Alakazam|Alakazam|Alakazite\n|-ability|p1a: Alakazam|Keen Eye|Trace|[from] ability: Trace|[of] p2b: DAMMM!\n|move|p2a: Armarouge|Heat Wave|p1a: Alakazam|[spread] p1a,p1b\n|-resisted|p1b: Tyranitar|1\n|-damage|p1a: Alakazam|34/100\n|-damage|p1b: Tyranitar|15/100\n|move|p1a: Alakazam|Psychic|p2b: DAMMM!\n|-resisted|p2b: DAMMM!|1\n|-damage|p2b: DAMMM!|52/100\n|move|p1b: Tyranitar|Rock Slide|p2a: Armarouge|[spread] p2a,p2b\n|-supereffective|p2a: Armarouge|1\n|-damage|p2a: Armarouge|0 fnt\n|-damage|p2b: DAMMM!|22/100\n|faint|p2a: Armarouge\n|\n|-weather|SunnyDay|[upkeep]\n|upkeep\n|\n|t:|1776627830\n|switch|p2a: Sneasler|Sneasler, L50, F, shiny|100/100\n|turn|4\n|\n|t:|1776627836\n|detailschange|p2b: DAMMM!|Skarmory-Mega, L50, M\n|-mega|p2b: DAMMM!|Skarmory|Skarmorite\n|move|p2a: Sneasler|Coaching|p2b: DAMMM!\n|-boost|p2b: DAMMM!|atk|1\n|-boost|p2b: DAMMM!|def|1\n|move|p1a: Alakazam|Psychic|p2a: Sneasler\n|-supereffective|p2a: Sneasler|2\n|-damage|p2a: Sneasler|0 fnt\n|faint|p2a: Sneasler\n|move|p2b: DAMMM!|Rock Slide|p1b: Tyranitar|[spread] p1a,p1b\n|-damage|p1a: Alakazam|0 fnt\n|-damage|p1b: Tyranitar|0 fnt\n|faint|p1a: Alakazam\n|faint|p1b: Tyranitar\n|\n|-weather|SunnyDay|[upkeep]\n|-sideend|p1: feelspepegaman|move: Tailwind\n|upkeep\n|\n|t:|1776627845\n|switch|p1a: Chandelure|Chandelure, L50, M|100/100\n|turn|5\n|\n|t:|1776627854\n|move|p2b: DAMMM!|Brave Bird|p1a: Chandelure\n|-damage|p1a: Chandelure|0 fnt\n|-status|p2b: DAMMM!|brn|[from] ability: Flame Body|[of] p1a: Chandelure\n|faint|p1a: Chandelure\n|-damage|p2b: DAMMM!|0 fnt|[from] Recoil\n|faint|p2b: DAMMM!\n|\n|win|Asta40\n|raw|feelspepegaman's rating: 1153 &rarr; <strong>1122</strong><br />(-31 for losing)\n|raw|Asta40's rating: 1065 &rarr; <strong>1103</strong><br />(+38 for winning)\n|c|\u2606feelspepegaman|Gg\n|c|\u2606Asta40|gg\n",
  "uploadtime": 1776627957,
  "views": 18,
  "formatid": "gen9championsvgc2026regma",
  "rating": 1103,
  "private": 0,
  "password": null
}