{
  "id": "gen9championsvgc2026regma-2588065737",
  "format": "[Gen 9 Champions] VGC 2026 Reg M-A",
  "players": [
    "Gontzal4237",
    "k4n3ky"
  ],
  "log": "|j|\u2606Gontzal4237\n|j|\u2606k4n3ky\n|t:|1776600163\n|gametype|doubles\n|player|p1|Gontzal4237|veteran|1245\n|player|p2|k4n3ky|steven|1254\n|gen|9\n|tier|[Gen 9 Champions] VGC 2026 Reg M-A\n|rated|\n|rule|Species Clause: Limit one of each Pok\u00e9mon\n|rule|Item Clause: Limit 1 of each item\n|clearpoke\n|poke|p1|Incineroar, L50, F, shiny|\n|poke|p1|Garchomp, L50, F|\n|poke|p1|Tyranitar, L50, F|\n|poke|p1|Excadrill, L50, M, shiny|\n|poke|p1|Sinistcha, L50|\n|poke|p1|Rotom-Wash, L50, shiny|\n|poke|p2|Feraligatr, L50, F|\n|poke|p2|Sinistcha-Masterpiece, L50|\n|poke|p2|Tyranitar, L50, M|\n|poke|p2|Excadrill, L50, M|\n|poke|p2|Delphox, L50, M|\n|poke|p2|Sylveon, L50, M|\n|teampreview|4\n|inactive|Battle timer is ON: inactive players will automatically lose when time's up. (requested by k4n3ky)\n|j| Oby'Kodara\n|\n|t:|1776600194\n|teamsize|p1|4\n|teamsize|p2|4\n|start\n|switch|p1a: Tyranitar|Tyranitar, L50, F|100/100\n|switch|p1b: Garchomp|Garchomp, L50, F|100/100\n|switch|p2a: Sylveon|Sylveon, L50, M|100/100\n|switch|p2b: Sinistcha|Sinistcha-Masterpiece, L50|100/100\n|-weather|Sandstorm|[from] ability: Sand Stream|[of] p1a: Tyranitar\n|turn|1\n|inactive|Gontzal4237 has 30 seconds left.\n|\n|t:|1776600227\n|switch|p1b: Excadrill|Excadrill, L50, M, shiny|100/100\n|move|p1a: Tyranitar|Protect|p1a: Tyranitar\n|-singleturn|p1a: Tyranitar|Protect\n|move|p2b: Sinistcha|Life Dew||[still]|[still]|[spread] \n|-fail|p2a: Sylveon|heal\n|-fail|p2b: Sinistcha|heal\n|move|p2a: Sylveon|Hyper Beam|p1a: Tyranitar\n|-activate|p1a: Tyranitar|move: Protect\n|\n|-weather|Sandstorm|[upkeep]\n|-damage|p2b: Sinistcha|94/100|[from] Sandstorm\n|-damage|p2a: Sylveon|95/100|[from] Sandstorm\n|-heal|p2b: Sinistcha|100/100|[from] item: Leftovers\n|upkeep\n|turn|2\n|inactive|Gontzal4237 has 30 seconds left.\n|inactive|Gontzal4237 has 20 seconds left.\n|inactive|Gontzal4237 has 15 seconds left.\n|inactive|Gontzal4237 has 10 seconds left.\n|\n|t:|1776600274\n|switch|p1a: Rotom|Rotom-Wash, L50, shiny|100/100\n|move|p1b: Excadrill|Iron Head|p2a: Sylveon\n|-supereffective|p2a: Sylveon|1\n|-damage|p2a: Sylveon|0 fnt\n|faint|p2a: Sylveon\n|move|p2b: Sinistcha|Matcha Gotcha|p1a: Rotom|[spread] p1a\n|-miss|p2b: Sinistcha|p1b: Excadrill\n|-supereffective|p1a: Rotom|1\n|-damage|p1a: Rotom|40/100\n|\n|-weather|Sandstorm|[upkeep]\n|-damage|p1a: Rotom|34/100|[from] Sandstorm\n|-damage|p2b: Sinistcha|94/100|[from] Sandstorm\n|-heal|p2b: Sinistcha|100/100|[from] item: Leftovers\n|upkeep\n|\n|t:|1776600290\n|switch|p2a: Delphox|Delphox, L50, M|100/100\n|turn|3\n|\n|t:|1776600314\n|detailschange|p2a: Delphox|Delphox-Mega, L50, M\n|-mega|p2a: Delphox|Delphox|Delphoxite\n|move|p2b: Sinistcha|Rage Powder|p2b: Sinistcha\n|-singleturn|p2b: Sinistcha|move: Rage Powder\n|move|p1b: Excadrill|Earthquake|p2b: Sinistcha|[spread] p2b\n|-immune|p1a: Rotom|[from] ability: Levitate\n|-immune|p2a: Delphox|[from] ability: Levitate\n|-resisted|p2b: Sinistcha|1\n|-damage|p2b: Sinistcha|79/100\n|move|p2a: Delphox|Heat Wave|p1b: Excadrill|[spread] p1a,p1b\n|-resisted|p1a: Rotom|1\n|-supereffective|p1b: Excadrill|1\n|-crit|p1b: Excadrill\n|-damage|p1a: Rotom|12/100\n|-damage|p1b: Excadrill|0 fnt\n|faint|p1b: Excadrill\n|move|p1a: Rotom|Will-O-Wisp|p2b: Sinistcha|[miss]\n|-miss|p1a: Rotom|p2b: Sinistcha\n|\n|-weather|Sandstorm|[upkeep]\n|-damage|p2a: Delphox|94/100|[from] Sandstorm\n|-damage|p1a: Rotom|6/100|[from] Sandstorm\n|-damage|p2b: Sinistcha|73/100|[from] Sandstorm\n|-heal|p2b: Sinistcha|79/100|[from] item: Leftovers\n|upkeep\n|\n|t:|1776600334\n|switch|p1b: Tyranitar|Tyranitar, L50, F|100/100\n|turn|4\n|inactive|Gontzal4237 has 30 seconds left.\n|\n|t:|1776600361\n|move|p2b: Sinistcha|Rage Powder|p2b: Sinistcha\n|-singleturn|p2b: Sinistcha|move: Rage Powder\n|move|p2a: Delphox|Heat Wave|p1b: Tyranitar|[spread] p1a,p1b\n|-resisted|p1a: Rotom|1\n|-resisted|p1b: Tyranitar|1\n|-damage|p1a: Rotom|0 fnt\n|-damage|p1b: Tyranitar|90/100\n|faint|p1a: Rotom\n|move|p1b: Tyranitar|Crunch|p2b: Sinistcha\n|-supereffective|p2b: Sinistcha|1\n|-damage|p2b: Sinistcha|4/100\n|\n|-weather|Sandstorm|[upkeep]\n|-damage|p2a: Delphox|88/100|[from] Sandstorm\n|-damage|p2b: Sinistcha|0 fnt|[from] Sandstorm\n|faint|p2b: Sinistcha\n|upkeep\n|\n|t:|1776600374\n|switch|p1a: Garchomp|Garchomp, L50, F|100/100\n|switch|p2b: Feraligatr|Feraligatr, L50, F|100/100\n|turn|5\n|\n|t:|1776600381\n|move|p1a: Garchomp|Protect|p1a: Garchomp\n|-singleturn|p1a: Garchomp|Protect\n|move|p1b: Tyranitar|Protect|p1b: Tyranitar\n|-singleturn|p1b: Tyranitar|Protect\n|move|p2a: Delphox|Psychic|p1a: Garchomp\n|-activate|p1a: Garchomp|move: Protect\n|move|p2b: Feraligatr|Liquidation|p1b: Tyranitar\n|-activate|p1b: Tyranitar|move: Protect\n|\n|-weather|none\n|upkeep\n|turn|6\n|inactive|Gontzal4237 has 30 seconds left.\n|\n|t:|1776600413\n|detailschange|p1b: Tyranitar|Tyranitar-Mega, L50, F\n|-mega|p1b: Tyranitar|Tyranitar|Tyranitarite\n|-weather|Sandstorm|[from] ability: Sand Stream|[of] p1b: Tyranitar\n|move|p2a: Delphox|Psychic|p1a: Garchomp|[miss]\n|-miss|p2a: Delphox|p1a: Garchomp\n|move|p1a: Garchomp|Dragon Claw|p2b: Feraligatr\n|-damage|p2b: Feraligatr|64/100\n|move|p2b: Feraligatr|Liquidation|p1b: Tyranitar\n|-supereffective|p1b: Tyranitar|1\n|-damage|p1b: Tyranitar|28/100\n|move|p1b: Tyranitar|Crunch|p2a: Delphox\n|-supereffective|p2a: Delphox|1\n|-damage|p2a: Delphox|0 fnt\n|faint|p2a: Delphox\n|\n|-weather|Sandstorm|[upkeep]\n|-damage|p2b: Feraligatr|58/100|[from] Sandstorm\n|upkeep\n|turn|7\n|-message|k4n3ky forfeited.\n|\n|win|Gontzal4237\n|raw|Gontzal4237's rating: 1245 &rarr; <strong>1271</strong><br />(+26 for winning)\n|raw|k4n3ky's rating: 1254 &rarr; <strong>1228</strong><br />(-26 for losing)\n|l|\u2606k4n3ky\n|player|p2|\n|l|\u2606Gontzal4237\n|player|p1|\n",
  "uploadtime": 1776600949,
  "views": 13,
  "formatid": "gen9championsvgc2026regma",
  "rating": 1228,
  "private": 0,
  "password": null
}