{
  "id": "gen9championsvgc2026regma-2581669082",
  "format": "[Gen 9 Champions] VGC 2026 Reg M-A",
  "players": [
    "TheCluelessEngi",
    "supertrouperlagbm"
  ],
  "log": "|j|\u2606TheCluelessEngi\n|j|\u2606supertrouperlagbm\n|t:|1776019365\n|gametype|doubles\n|player|p1|TheCluelessEngi|n-masters|\n|player|p2|supertrouperlagbm|wikstrom|\n|gen|9\n|tier|[Gen 9 Champions] VGC 2026 Reg M-A\n|rated|Tournament battle\n|rule|Species Clause: Limit one of each Pok\u00e9mon\n|rule|Item Clause: Limit 1 of each item\n|clearpoke\n|poke|p1|Froslass, L50, F|\n|poke|p1|Incineroar, L50, M|\n|poke|p1|Orthworm, L50, F|\n|poke|p1|Basculegion, L50, M|\n|poke|p1|Rotom-Frost, L50|\n|poke|p1|Garchomp, L50, F|\n|poke|p2|Hawlucha, L50, M|\n|poke|p2|Whimsicott, L50, F|\n|poke|p2|Glalie, L50, F|\n|poke|p2|Sinistcha-Masterpiece, L50|\n|poke|p2|Steelix, L50, M|\n|poke|p2|Incineroar, L50, M|\n|teampreview|4\n|inactive|Battle timer is ON: inactive players will automatically lose when time's up. (requested by TheCluelessEngi)\n|c|\u2606supertrouperlagbm|wolfes team?\n|inactive|supertrouperlagbm has 60 seconds left.\n|c|\u2606TheCluelessEngi|yeahhh I want to use froslass and my buddy showed me the video this morning\n|\n|t:|1776019414\n|teamsize|p1|4\n|teamsize|p2|4\n|start\n|switch|p1a: Wolfe Con Perish|Incineroar, L50, M|100/100\n|switch|p1b: The Boys S5E1|Orthworm, L50, F|100/100\n|switch|p2a: Incineroar|Incineroar, L50, M|100/100\n|switch|p2b: Hawlucha|Hawlucha, L50, M, shiny|100/100\n|-ability|p2a: Incineroar|Intimidate|boost\n|-unboost|p1a: Wolfe Con Perish|atk|1\n|-unboost|p1b: The Boys S5E1|atk|1\n|-ability|p1a: Wolfe Con Perish|Intimidate|boost\n|-unboost|p2a: Incineroar|atk|1\n|-unboost|p2b: Hawlucha|atk|1\n|turn|1\n|\n|t:|1776019435\n|detailschange|p2b: Hawlucha|Hawlucha-Mega, L50, M, shiny\n|-mega|p2b: Hawlucha|Hawlucha|Hawluchanite\n|move|p2a: Incineroar|Fake Out|p1a: Wolfe Con Perish\n|-damage|p1a: Wolfe Con Perish|92/100\n|cant|p1a: Wolfe Con Perish|flinch\n|move|p2b: Hawlucha|Brick Break|p1b: The Boys S5E1\n|-supereffective|p1b: The Boys S5E1|1\n|-damage|p1b: The Boys S5E1|60/100\n|move|p1b: The Boys S5E1|Body Press|p2a: Incineroar\n|-supereffective|p2a: Incineroar|1\n|-damage|p2a: Incineroar|43/100\n|-enditem|p2a: Incineroar|Sitrus Berry|[eat]\n|-heal|p2a: Incineroar|68/100|[from] item: Sitrus Berry\n|\n|upkeep\n|turn|2\n|inactive|supertrouperlagbm has 30 seconds left.\n|\n|t:|1776019468\n|switch|p1b: Fishstick|Basculegion, L50, M|100/100\n|move|p2b: Hawlucha|Brick Break|p1a: Wolfe Con Perish\n|-supereffective|p1a: Wolfe Con Perish|1\n|-damage|p1a: Wolfe Con Perish|44/100\n|move|p2a: Incineroar|Flare Blitz|p1b: Fishstick\n|-resisted|p1b: Fishstick|1\n|-damage|p1b: Fishstick|73/100\n|-damage|p2a: Incineroar|59/100|[from] Recoil\n|move|p1a: Wolfe Con Perish|Parting Shot|p2b: Hawlucha\n|-unboost|p2b: Hawlucha|atk|1\n|-unboost|p2b: Hawlucha|spa|1\n|\n|t:|1776019492\n|switch|p1a: The Boys S5E1|Orthworm, L50, F|60/100|[from] Parting Shot\n|\n|upkeep\n|turn|3\n|\n|t:|1776019517\n|switch|p2b: Whimsicott|Whimsicott, L50, F|100/100\n|move|p1b: Fishstick|Flip Turn|p2a: Incineroar\n|-supereffective|p2a: Incineroar|1\n|-damage|p2a: Incineroar|0 fnt\n|faint|p2a: Incineroar\n|\n|t:|1776019526\n|switch|p1b: Wolfe Con Perish|Incineroar, L50, M|44/100|[from] Flip Turn\n|-ability|p1b: Wolfe Con Perish|Intimidate|boost\n|-unboost|p2b: Whimsicott|atk|1\n|move|p1a: The Boys S5E1|Iron Defense|p1a: The Boys S5E1\n|-boost|p1a: The Boys S5E1|def|2\n|\n|upkeep\n|\n|t:|1776019530\n|switch|p2a: Glalie|Glalie, L50, F|100/100\n|turn|4\n|\n|t:|1776019544\n|move|p2a: Glalie|Protect|p2a: Glalie\n|-singleturn|p2a: Glalie|Protect\n|move|p1b: Wolfe Con Perish|Fake Out|p2b: Whimsicott\n|-damage|p2b: Whimsicott|89/100\n|cant|p2b: Whimsicott|flinch\n|move|p1a: The Boys S5E1|Body Press|p2a: Glalie\n|-activate|p2a: Glalie|move: Protect\n|\n|upkeep\n|turn|5\n|\n|t:|1776019559\n|switch|p2a: Hawlucha|Hawlucha-Mega, L50, M, shiny|100/100\n|move|p2b: Whimsicott|Tailwind|p2b: Whimsicott\n|-sidestart|p2: supertrouperlagbm|move: Tailwind\n|move|p1a: The Boys S5E1|Heavy Slam|p2b: Whimsicott\n|-supereffective|p2b: Whimsicott|1\n|-damage|p2b: Whimsicott|0 fnt\n|faint|p2b: Whimsicott\n|move|p1b: Wolfe Con Perish|Flare Blitz|p2a: Hawlucha\n|-damage|p2a: Hawlucha|52/100\n|-damage|p1b: Wolfe Con Perish|29/100|[from] Recoil\n|\n|upkeep\n|\n|t:|1776019565\n|switch|p2b: Glalie|Glalie, L50, F|100/100\n|turn|6\n|\n|t:|1776019578\n|move|p2a: Hawlucha|Entrainment|p2b: Glalie\n|-ability|p2b: Glalie|No Guard|Inner Focus|[from] move: Entrainment|[of] p2a: Hawlucha\n|move|p2b: Glalie|Sheer Cold|p1a: The Boys S5E1\n|-damage|p1a: The Boys S5E1|0 fnt\n|faint|p1a: The Boys S5E1\n|-ohko\n|move|p1b: Wolfe Con Perish|Parting Shot|p2b: Glalie\n|-unboost|p2b: Glalie|atk|1\n|-unboost|p2b: Glalie|spa|1\n|\n|t:|1776019588\n|switch|p1b: Fishstick|Basculegion, L50, M|73/100|[from] Parting Shot\n|\n|upkeep\n|\n|t:|1776019591\n|switch|p1a: Wolfe Con Perish|Incineroar, L50, M|29/100\n|-ability|p1a: Wolfe Con Perish|Intimidate|boost\n|-unboost|p2a: Hawlucha|atk|1\n|-unboost|p2b: Glalie|atk|1\n|turn|7\n|\n|t:|1776019607\n|move|p2b: Glalie|Protect|p2b: Glalie\n|-singleturn|p2b: Glalie|Protect\n|move|p1a: Wolfe Con Perish|Fake Out|p2a: Hawlucha\n|-damage|p2a: Hawlucha|42/100\n|cant|p2a: Hawlucha|flinch\n|move|p1b: Fishstick|Wave Crash|p2a: Hawlucha\n|-damage|p2a: Hawlucha|0 fnt\n|faint|p2a: Hawlucha\n|-damage|p1b: Fishstick|61/100|[from] Recoil\n|\n|upkeep\n|turn|8\n|\n|t:|1776019629\n|move|p2b: Glalie|Sheer Cold|p1a: Wolfe Con Perish\n|-damage|p1a: Wolfe Con Perish|0 fnt\n|faint|p1a: Wolfe Con Perish\n|-ohko\n|move|p1b: Fishstick|Wave Crash|p2b: Glalie\n|-damage|p2b: Glalie|12/100\n|-damage|p1b: Fishstick|33/100|[from] Recoil\n|\n|-sideend|p2: supertrouperlagbm|move: Tailwind\n|upkeep\n|c|\u2606supertrouperlagbm|gg\n|\n|t:|1776019637\n|switch|p1a: Yukehime|Froslass, L50, F|100/100\n|turn|9\n|c|\u2606TheCluelessEngi|gg\n|\n|t:|1776019645\n|detailschange|p1a: Yukehime|Froslass-Mega, L50, F\n|-mega|p1a: Yukehime|Froslass|Froslassite\n|-weather|Snowscape|[from] ability: Snow Warning|[of] p1a: Yukehime\n|move|p1b: Fishstick|Wave Crash|p2b: Glalie\n|-damage|p2b: Glalie|0 fnt\n|faint|p2b: Glalie\n|-damage|p1b: Fishstick|29/100|[from] Recoil\n|\n|win|TheCluelessEngi\n|n|\u2606TheCluelessEngi|thecluelessengi\n|n|\u2606supertrouperlagbm|supertrouperlagbm\n|l|\u2606supertrouperlagbm\n|player|p2|\n",
  "uploadtime": 1776019684,
  "views": 12,
  "formatid": "gen9championsvgc2026regma",
  "rating": null,
  "private": 0,
  "password": null
}