{
  "id": "gen9championsvgc2026regma-2585305454",
  "format": "[Gen 9 Champions] VGC 2026 Reg M-A",
  "players": [
    "The Grim Metapod",
    "etrdyfyiu"
  ],
  "log": "|j|\u2606The Grim Metapod\n|j|\u2606etrdyfyiu\n|t:|1776335938\n|gametype|doubles\n|player|p1|The Grim Metapod|266|1149\n|player|p2|etrdyfyiu|1|1210\n|gen|9\n|tier|[Gen 9 Champions] VGC 2026 Reg M-A\n|rated|\n|rule|Species Clause: Limit one of each Pok\u00e9mon\n|rule|Item Clause: Limit 1 of each item\n|clearpoke\n|poke|p1|Froslass, L50, F|\n|poke|p1|Empoleon, L50, M|\n|poke|p1|Sneasler, L50, M|\n|poke|p1|Incineroar, L50, F|\n|poke|p1|Garchomp, L50, F|\n|poke|p1|Rotom-Frost, L50|\n|poke|p2|Palafin, L50, M|\n|poke|p2|Arcanine, L50, M|\n|poke|p2|Scizor, L50, F|\n|poke|p2|Tyranitar, L50, F|\n|poke|p2|Sneasler, L50, M|\n|poke|p2|Sinistcha, L50|\n|teampreview|4\n|inactive|Battle timer is ON: inactive players will automatically lose when time's up. (requested by The Grim Metapod)\n|\n|t:|1776335976\n|teamsize|p1|4\n|teamsize|p2|4\n|start\n|switch|p1a: Rotom|Rotom-Frost, L50|100/100\n|switch|p1b: Garchomp|Garchomp, L50, F|100/100\n|switch|p2a: Palafin|Palafin, L50, M|100/100\n|switch|p2b: Sneasler|Sneasler, L50, M, shiny|100/100\n|turn|1\n|inactive|etrdyfyiu has 30 seconds left.\n|inactive|etrdyfyiu has 20 seconds left.\n|\n|t:|1776336016\n|detailschange|p2a: Palafin|Palafin-Hero, L50, M\n|switch|p2a: Arcanine|Arcanine, L50, M, shiny|100/100\n|-ability|p2a: Arcanine|Intimidate|boost\n|-unboost|p1a: Rotom|atk|1\n|-unboost|p1b: Garchomp|atk|1\n|move|p2b: Sneasler|Fake Out|p1a: Rotom\n|-damage|p1a: Rotom|82/100\n|cant|p1a: Rotom|flinch\n|move|p1b: Garchomp|Earthquake|p2b: Sneasler|[spread] p2a,p2b\n|-immune|p1a: Rotom|[from] ability: Levitate\n|-supereffective|p2a: Arcanine|1\n|-supereffective|p2b: Sneasler|1\n|-damage|p2a: Arcanine|50/100\n|-damage|p2b: Sneasler|5/100\n|\n|upkeep\n|turn|2\n|\n|t:|1776336033\n|move|p1a: Rotom|Thunderbolt|p2a: Arcanine\n|-damage|p2a: Arcanine|8/100\n|move|p2b: Sneasler|Close Combat|p1b: Garchomp\n|-damage|p1b: Garchomp|53/100\n|-unboost|p2b: Sneasler|def|1\n|-unboost|p2b: Sneasler|spd|1\n|-damage|p2b: Sneasler|0 fnt|[from] ability: Rough Skin|[of] p1b: Garchomp\n|faint|p2b: Sneasler\n|move|p1b: Garchomp|Earthquake|p2a: Arcanine|[spread] p2a\n|-immune|p1a: Rotom|[from] ability: Levitate\n|-supereffective|p2a: Arcanine|1\n|-damage|p2a: Arcanine|0 fnt\n|faint|p2a: Arcanine\n|\n|upkeep\n|\n|t:|1776336038\n|switch|p2b: Palafin|Palafin-Hero, L50, M|100/100\n|switch|p2a: Tyranitar|Tyranitar, L50, F, shiny|100/100\n|-activate|p2b: Palafin|ability: Zero to Hero\n|-weather|Sandstorm|[from] ability: Sand Stream|[of] p2a: Tyranitar\n|turn|3\n|\n|t:|1776336060\n|switch|p1a: Incineroar|Incineroar, L50, F|100/100\n|-ability|p1a: Incineroar|Intimidate|boost\n|-unboost|p2a: Tyranitar|atk|1\n|-unboost|p2b: Palafin|atk|1\n|detailschange|p2a: Tyranitar|Tyranitar-Mega, L50, F, shiny\n|-mega|p2a: Tyranitar|Tyranitar|Tyranitarite\n|move|p2b: Palafin|Ice Punch|p1b: Garchomp\n|-supereffective|p1b: Garchomp|2\n|-damage|p1b: Garchomp|0 fnt\n|-damage|p2b: Palafin|88/100|[from] ability: Rough Skin|[of] p1b: Garchomp\n|faint|p1b: Garchomp\n|move|p2a: Tyranitar|Rock Slide|p1a: Incineroar\n|-supereffective|p1a: Incineroar|1\n|-damage|p1a: Incineroar|29/100\n|-enditem|p1a: Incineroar|Sitrus Berry|[eat]\n|-heal|p1a: Incineroar|54/100|[from] item: Sitrus Berry\n|\n|-weather|Sandstorm|[upkeep]\n|-damage|p2b: Palafin|82/100|[from] Sandstorm\n|-damage|p1a: Incineroar|48/100|[from] Sandstorm\n|upkeep\n|\n|t:|1776336080\n|switch|p1b: Froslass|Froslass, L50, F|100/100\n|turn|4\n|\n|t:|1776336101\n|detailschange|p1b: Froslass|Froslass-Mega, L50, F\n|-mega|p1b: Froslass|Froslass|Froslassite\n|-weather|Snowscape|[from] ability: Snow Warning|[of] p1b: Froslass\n|move|p1a: Incineroar|Fake Out|p2a: Tyranitar\n|-resisted|p2a: Tyranitar|1\n|-damage|p2a: Tyranitar|98/100\n|move|p2b: Palafin|Ice Punch|p1b: Froslass\n|-resisted|p1b: Froslass|1\n|-damage|p1b: Froslass|90/100\n|move|p1b: Froslass|Aurora Veil|p1b: Froslass\n|-sidestart|p1: The Grim Metapod|move: Aurora Veil\n|cant|p2a: Tyranitar|flinch\n|\n|-weather|Snowscape|[upkeep]\n|upkeep\n|turn|5\n|inactive|The Grim Metapod has 30 seconds left.\n|\n|t:|1776336129\n|move|p1b: Froslass|Protect|p1b: Froslass\n|-singleturn|p1b: Froslass|Protect\n|move|p2b: Palafin|Ice Punch|p1a: Incineroar\n|-resisted|p1a: Incineroar|1\n|-damage|p1a: Incineroar|41/100\n|move|p2a: Tyranitar|Knock Off|p1b: Froslass\n|-activate|p1b: Froslass|move: Protect\n|move|p1a: Incineroar|Parting Shot|p2a: Tyranitar\n|-unboost|p2a: Tyranitar|atk|1\n|-unboost|p2a: Tyranitar|spa|1\n|\n|t:|1776336140\n|switch|p1a: Rotom|Rotom-Frost, L50|82/100|[from] Parting Shot\n|\n|-weather|Snowscape|[upkeep]\n|upkeep\n|turn|6\n|\n|t:|1776336154\n|move|p1a: Rotom|Thunderbolt|p2b: Palafin\n|-supereffective|p2b: Palafin|1\n|-damage|p2b: Palafin|7/100\n|move|p2b: Palafin|Ice Punch|p1b: Froslass\n|-resisted|p1b: Froslass|1\n|-damage|p1b: Froslass|81/100\n|move|p1b: Froslass|Blizzard|p2a: Tyranitar|[spread] p2a,p2b\n|-crit|p2a: Tyranitar\n|-resisted|p2b: Palafin|1\n|-damage|p2a: Tyranitar|43/100\n|-damage|p2b: Palafin|0 fnt\n|-status|p2a: Tyranitar|frz\n|faint|p2b: Palafin\n|-curestatus|p2a: Tyranitar|frz|[msg]\n|move|p2a: Tyranitar|Knock Off|p1b: Froslass\n|-supereffective|p1b: Froslass|1\n|-damage|p1b: Froslass|50/100\n|\n|-weather|Snowscape|[upkeep]\n|upkeep\n|turn|7\n|inactive|The Grim Metapod has 30 seconds left.\n|\n|t:|1776336179\n|move|p1a: Rotom|Thunderbolt|p2a: Tyranitar\n|-damage|p2a: Tyranitar|13/100\n|move|p1b: Froslass|Blizzard|p2a: Tyranitar\n|-damage|p2a: Tyranitar|0 fnt\n|faint|p2a: Tyranitar\n|\n|win|The Grim Metapod\n|raw|The Grim Metapod's rating: 1149 &rarr; <strong>1178</strong><br />(+29 for winning)\n|raw|etrdyfyiu's rating: 1210 &rarr; <strong>1181</strong><br />(-29 for losing)\n|l|\u2606etrdyfyiu\n|player|p2|\n|l|\u2606The Grim Metapod\n|player|p1|\n|j|\u2606etrdyfyiu\n|player|p2|etrdyfyiu|1|\n",
  "uploadtime": 1776336218,
  "views": 20,
  "formatid": "gen9championsvgc2026regma",
  "rating": 1178,
  "private": 0,
  "password": null
}