{
  "id": "gen9championsvgc2026regma-2587617663",
  "format": "[Gen 9 Champions] VGC 2026 Reg M-A",
  "players": [
    "gonegeb",
    "takumigamer98"
  ],
  "log": "|j|\u2606gonegeb\n|j|\u2606takumigamer98\n|t:|1776547395\n|gametype|doubles\n|player|p1|gonegeb|corbeau|1115\n|player|p2|takumigamer98|101|1101\n|gen|9\n|tier|[Gen 9 Champions] VGC 2026 Reg M-A\n|rated|\n|rule|Species Clause: Limit one of each Pok\u00e9mon\n|rule|Item Clause: Limit 1 of each item\n|clearpoke\n|poke|p1|Lucario, L50, M|\n|poke|p1|Umbreon, L50, M, shiny|\n|poke|p1|Arcanine, L50, F, shiny|\n|poke|p1|Ceruledge, L50, M|\n|poke|p1|Corviknight, L50, M|\n|poke|p1|Whimsicott, L50, F, shiny|\n|poke|p2|Arcanine, L50, F|\n|poke|p2|Rotom-Wash, L50|\n|poke|p2|Garchomp, L50, M|\n|poke|p2|Gardevoir, L50, F|\n|poke|p2|Corviknight, L50, M|\n|poke|p2|Tyranitar, L50, F|\n|teampreview|4\n|\n|t:|1776547409\n|teamsize|p1|4\n|teamsize|p2|4\n|start\n|switch|p1a: Nuumite|Corviknight, L50, M|100/100\n|switch|p1b: Luna|Whimsicott, L50, F, shiny|100/100\n|switch|p2a: Gardevoir|Gardevoir, L50, F|100/100\n|switch|p2b: Tyranitar|Tyranitar, L50, F|100/100\n|-ability|p1a: Nuumite|Pressure\n|-weather|Sandstorm|[from] ability: Sand Stream|[of] p2b: Tyranitar\n|turn|1\n|\n|t:|1776547425\n|detailschange|p2a: Gardevoir|Gardevoir-Mega, L50, F\n|-mega|p2a: Gardevoir|Gardevoir|Gardevoirite\n|move|p1b: Luna|Taunt|p2a: Gardevoir\n|-start|p2a: Gardevoir|move: Taunt\n|move|p2a: Gardevoir|Hyper Voice|p1b: Luna|[spread] p1a,p1b\n|-resisted|p1a: Nuumite|1\n|-damage|p1a: Nuumite|80/100\n|-damage|p1b: Luna|27/100\n|move|p1a: Nuumite|Bulk Up|p1a: Nuumite\n|-boost|p1a: Nuumite|atk|1\n|-boost|p1a: Nuumite|def|1\n|move|p2b: Tyranitar|Rock Slide|p1a: Nuumite|[spread] p1a,p1b\n|-damage|p1a: Nuumite|68/100\n|-damage|p1b: Luna|0 fnt\n|faint|p1b: Luna\n|\n|-weather|Sandstorm|[upkeep]\n|-damage|p2a: Gardevoir|95/100|[from] Sandstorm\n|upkeep\n|\n|t:|1776547447\n|switch|p1b: Anubis|Lucario, L50, M|100/100\n|turn|2\n|\n|t:|1776547455\n|detailschange|p1b: Anubis|Lucario-Mega, L50, M\n|-mega|p1b: Anubis|Lucario|Lucarionite\n|move|p1b: Anubis|Meteor Mash|p2a: Gardevoir\n|-supereffective|p2a: Gardevoir|1\n|-damage|p2a: Gardevoir|0 fnt\n|faint|p2a: Gardevoir\n|move|p1a: Nuumite|Body Press|p2b: Tyranitar\n|-supereffective|p2b: Tyranitar|2\n|-enditem|p2b: Tyranitar|Chople Berry|[eat]\n|-enditem|p2b: Tyranitar|Chople Berry|[weaken]\n|-damage|p2b: Tyranitar|51/100\n|move|p2b: Tyranitar|Low Kick|p1b: Anubis\n|-supereffective|p1b: Anubis|1\n|-damage|p1b: Anubis|25/100\n|\n|-weather|Sandstorm|[upkeep]\n|upkeep\n|\n|t:|1776547468\n|switch|p2a: Garchomp|Garchomp, L50, M|100/100\n|turn|3\n|\n|t:|1776547484\n|move|p1b: Anubis|Protect|p1b: Anubis\n|-singleturn|p1b: Anubis|Protect\n|move|p2b: Tyranitar|Protect|p2b: Tyranitar\n|-singleturn|p2b: Tyranitar|Protect\n|move|p2a: Garchomp|Earthquake|p1b: Anubis|[spread] \n|-activate|p2b: Tyranitar|move: Protect\n|-activate|p1b: Anubis|move: Protect\n|-immune|p1a: Nuumite\n|move|p1a: Nuumite|Body Press|p2a: Garchomp\n|-damage|p2a: Garchomp|63/100\n|-damage|p1a: Nuumite|55/100|[from] ability: Rough Skin|[of] p2a: Garchomp\n|\n|-weather|Sandstorm|[upkeep]\n|upkeep\n|turn|4\n|\n|t:|1776547514\n|move|p1b: Anubis|Meteor Mash|p2a: Garchomp\n|-damage|p2a: Garchomp|0 fnt\n|-damage|p1b: Anubis|12/100|[from] ability: Rough Skin|[of] p2a: Garchomp\n|faint|p2a: Garchomp\n|move|p1a: Nuumite|Body Press|p2b: Tyranitar\n|-supereffective|p2b: Tyranitar|2\n|-crit|p2b: Tyranitar\n|-damage|p2b: Tyranitar|0 fnt\n|faint|p2b: Tyranitar\n|\n|-weather|Sandstorm|[upkeep]\n|upkeep\n|\n|t:|1776547529\n|switch|p2a: Arcanine|Arcanine, L50, F|100/100\n|-ability|p2a: Arcanine|Intimidate|boost\n|-unboost|p1a: Nuumite|atk|1\n|-unboost|p1b: Anubis|atk|1\n|turn|5\n|\n|t:|1776547542\n|move|p1b: Anubis|Close Combat|p2a: Arcanine\n|-damage|p2a: Arcanine|40/100\n|-unboost|p1b: Anubis|def|1\n|-unboost|p1b: Anubis|spd|1\n|-enditem|p2a: Arcanine|Sitrus Berry|[eat]\n|-heal|p2a: Arcanine|64/100|[from] item: Sitrus Berry\n|move|p2a: Arcanine|Flare Blitz|p1a: Nuumite\n|-supereffective|p1a: Nuumite|1\n|-damage|p1a: Nuumite|10/100\n|-damage|p2a: Arcanine|49/100|[from] Recoil\n|move|p1a: Nuumite|Body Press|p2a: Arcanine\n|-damage|p2a: Arcanine|11/100\n|\n|-weather|none\n|upkeep\n|turn|6\n|\n|t:|1776547557\n|move|p1b: Anubis|Close Combat|p2a: Arcanine\n|-damage|p2a: Arcanine|0 fnt\n|-unboost|p1b: Anubis|def|1\n|-unboost|p1b: Anubis|spd|1\n|faint|p2a: Arcanine\n|\n|win|gonegeb\n|raw|gonegeb's rating: 1115 &rarr; <strong>1139</strong><br />(+24 for winning)\n|raw|takumigamer98's rating: 1101 &rarr; <strong>1077</strong><br />(-24 for losing)\n|l|\u2606takumigamer98\n|player|p2|\n",
  "uploadtime": 1776547567,
  "views": 15,
  "formatid": "gen9championsvgc2026regma",
  "rating": 1077,
  "private": 0,
  "password": null
}