{
  "id": "gen9championsvgc2026regma-2586479185",
  "format": "[Gen 9 Champions] VGC 2026 Reg M-A",
  "players": [
    "Dinz77",
    "highskygodslayer8"
  ],
  "log": "|j|\u2606Dinz77\n|j|\u2606highskygodslayer8\n|t:|1776437499\n|gametype|doubles\n|player|p1|Dinz77|2|1077\n|player|p2|highskygodslayer8|1|1102\n|gen|9\n|tier|[Gen 9 Champions] VGC 2026 Reg M-A\n|rated|\n|rule|Species Clause: Limit one of each Pok\u00e9mon\n|rule|Item Clause: Limit 1 of each item\n|clearpoke\n|poke|p1|Heracross, L50, F|\n|poke|p1|Whimsicott, L50, M|\n|poke|p1|Politoed, L50, F|\n|poke|p1|Basculegion, L50, M|\n|poke|p1|Incineroar, L50, F|\n|poke|p1|Archaludon, L50, F|\n|poke|p2|Lucario, L50, M|\n|poke|p2|Araquanid, L50, M|\n|poke|p2|Corviknight, L50, M|\n|poke|p2|Altaria, L50, F|\n|poke|p2|Whimsicott, L50, F|\n|poke|p2|Garchomp, L50, F|\n|teampreview|4\nDinz77 has agreed to open team sheets.\n|\n|t:|1776437574\n|teamsize|p1|4\n|teamsize|p2|4\n|start\n|switch|p1a: Whimsicott|Whimsicott, L50, M|100/100\n|switch|p1b: Heracross|Heracross, L50, F|100/100\n|switch|p2a: Whimsicott|Whimsicott, L50, F|100/100\n|switch|p2b: Araquanid|Araquanid, L50, M|100/100\n|turn|1\n|\n|t:|1776437603\n|detailschange|p1b: Heracross|Heracross-Mega, L50, F\n|-mega|p1b: Heracross|Heracross|Heracronite\n|move|p1a: Whimsicott|Encore||[still]\n|-fail|p1a: Whimsicott\n|move|p2a: Whimsicott|Tailwind|p2a: Whimsicott\n|-sidestart|p2: highskygodslayer8|move: Tailwind\n|move|p1b: Heracross|Rock Blast|p2b: Araquanid\n|-supereffective|p2b: Araquanid|1\n|-damage|p2b: Araquanid|79/100\n|-supereffective|p2b: Araquanid|1\n|-damage|p2b: Araquanid|58/100\n|-supereffective|p2b: Araquanid|1\n|-damage|p2b: Araquanid|34/100\n|-supereffective|p2b: Araquanid|1\n|-crit|p2b: Araquanid\n|-damage|p2b: Araquanid|4/100\n|-supereffective|p2b: Araquanid|1\n|-damage|p2b: Araquanid|0 fnt\n|faint|p2b: Araquanid\n|-hitcount|p2: Araquanid|5\n|\n|upkeep\n|\n|t:|1776437629\n|switch|p2b: Garchomp|Garchomp, L50, F|100/100\n|turn|2\n|\n|t:|1776437667\n|move|p2a: Whimsicott|Encore||[still]\n|-fail|p2a: Whimsicott\n|move|p1a: Whimsicott|Tailwind|p1a: Whimsicott\n|-sidestart|p1: Dinz77|move: Tailwind\n|move|p2b: Garchomp|Rock Slide|p1b: Heracross|[spread] p1a,p1b\n|-damage|p1a: Whimsicott|75/100\n|-damage|p1b: Heracross|85/100\n|cant|p1b: Heracross|flinch\n|\n|upkeep\n|turn|3\n|\n|t:|1776437696\n|switch|p1a: Incineroar|Incineroar, L50, F|100/100\n|-ability|p1a: Incineroar|Intimidate|boost\n|-unboost|p2a: Whimsicott|atk|1\n|-unboost|p2b: Garchomp|atk|1\n|move|p2a: Whimsicott|Moonblast|p1b: Heracross\n|-supereffective|p1b: Heracross|1\n|-damage|p1b: Heracross|8/100\n|move|p2b: Garchomp|Dragon Claw|p1b: Heracross\n|-damage|p1b: Heracross|0 fnt\n|faint|p1b: Heracross\n|\n|upkeep\n|\n|t:|1776437705\n|switch|p1b: Archaludon|Archaludon, L50, F|100/100\n|turn|4\n|inactive|Battle timer is ON: inactive players will automatically lose when time's up. (requested by highskygodslayer8)\n|\n|t:|1776437765\n|move|p2a: Whimsicott|Protect|p2a: Whimsicott\n|-singleturn|p2a: Whimsicott|Protect\n|move|p2b: Garchomp|Earthquake|p1b: Archaludon|[spread] p1a,p1b\n|-activate|p2a: Whimsicott|move: Protect\n|-supereffective|p1a: Incineroar|1\n|-supereffective|p1b: Archaludon|1\n|-damage|p1a: Incineroar|70/100\n|-damage|p1b: Archaludon|69/100\n|move|p1b: Archaludon|Flash Cannon|p2a: Whimsicott\n|-activate|p2a: Whimsicott|move: Protect\n|move|p1a: Incineroar|Parting Shot|p2b: Garchomp\n|-unboost|p2b: Garchomp|atk|1\n|-unboost|p2b: Garchomp|spa|1\n|\n|t:|1776437769\n|switch|p1a: Whimsicott|Whimsicott, L50, M|75/100|[from] Parting Shot\n|\n|-sideend|p2: highskygodslayer8|move: Tailwind\n|upkeep\n|turn|5\n|inactive|Dinz77 has 30 seconds left.\n|inactive|highskygodslayer8 has 30 seconds left.\n|inactive|Dinz77 has 20 seconds left.\n|\n|t:|1776437807\n|switch|p2b: Altaria|Altaria, L50, F|100/100\n|-ability|p2b: Altaria|Cloud Nine\n|move|p1a: Whimsicott|Taunt|p2a: Whimsicott\n|-start|p2a: Whimsicott|move: Taunt\n|cant|p2a: Whimsicott|move: Taunt|Tailwind\n|move|p1b: Archaludon|Draco Meteor|p2b: Altaria\n|-supereffective|p2b: Altaria|1\n|-crit|p2b: Altaria\n|-damage|p2b: Altaria|0 fnt\n|-unboost|p1b: Archaludon|spa|2\n|faint|p2b: Altaria\n|\n|-sideend|p1: Dinz77|move: Tailwind\n|upkeep\n|\n|t:|1776437823\n|switch|p2b: Garchomp|Garchomp, L50, F|100/100\n|turn|6\n|\n|t:|1776437841\n|move|p1b: Archaludon|Protect|p1b: Archaludon\n|-singleturn|p1b: Archaludon|Protect\n|move|p1a: Whimsicott|Tailwind|p1a: Whimsicott\n|-sidestart|p1: Dinz77|move: Tailwind\n|move|p2a: Whimsicott|Moonblast|p1b: Archaludon\n|-activate|p1b: Archaludon|move: Protect\n|move|p2b: Garchomp|Earthquake|p1b: Archaludon|[spread] p2a,p1a\n|-activate|p1b: Archaludon|move: Protect\n|-resisted|p2a: Whimsicott|1\n|-resisted|p1a: Whimsicott|1\n|-damage|p2a: Whimsicott|74/100\n|-damage|p1a: Whimsicott|48/100\n|\n|upkeep\n|turn|7\n|\n|t:|1776437863\n|switch|p1b: Incineroar|Incineroar, L50, F|70/100\n|-ability|p1b: Incineroar|Intimidate|boost\n|-unboost|p2a: Whimsicott|atk|1\n|-unboost|p2b: Garchomp|atk|1\n|move|p1a: Whimsicott|Moonblast|p2b: Garchomp\n|-supereffective|p2b: Garchomp|1\n|-enditem|p2b: Garchomp|Roseli Berry|[eat]\n|-enditem|p2b: Garchomp|Roseli Berry|[weaken]\n|-damage|p2b: Garchomp|68/100\n|move|p2a: Whimsicott|Moonblast|p1a: Whimsicott\n|-damage|p1a: Whimsicott|0 fnt\n|faint|p1a: Whimsicott\n|move|p2b: Garchomp|Earthquake|p1b: Incineroar|[spread] p2a,p1b\n|-resisted|p2a: Whimsicott|1\n|-supereffective|p1b: Incineroar|1\n|-damage|p2a: Whimsicott|57/100\n|-damage|p1b: Incineroar|34/100\n|-enditem|p1b: Incineroar|Sitrus Berry|[eat]\n|-heal|p1b: Incineroar|59/100|[from] item: Sitrus Berry\n|\n|-end|p2a: Whimsicott|move: Taunt\n|upkeep\n|\n|t:|1776437876\n|switch|p1a: Archaludon|Archaludon, L50, F|69/100\n|turn|8\n|\n|t:|1776437896\n|move|p1b: Incineroar|Fake Out|p2a: Whimsicott\n|-damage|p2a: Whimsicott|42/100\n|cant|p2a: Whimsicott|flinch\n|move|p1a: Archaludon|Draco Meteor|p2b: Garchomp\n|-supereffective|p2b: Garchomp|1\n|-damage|p2b: Garchomp|0 fnt\n|-unboost|p1a: Archaludon|spa|2\n|faint|p2b: Garchomp\n|\n|upkeep\n|turn|9\n|-message|highskygodslayer8 forfeited.\n|\n|win|Dinz77\n|raw|Dinz77's rating: 1077 &rarr; <strong>1107</strong><br />(+30 for winning)\n|raw|highskygodslayer8's rating: 1102 &rarr; <strong>1075</strong><br />(-27 for losing)\n|l|\u2606highskygodslayer8\n|player|p2|\n|c|\u2606Dinz77|gg\n",
  "uploadtime": 1776437925,
  "views": 50,
  "formatid": "gen9championsvgc2026regma",
  "rating": 1075,
  "private": 0,
  "password": null
}