{
  "id": "gen9championsvgc2026regma-2584055091",
  "format": "[Gen 9 Champions] VGC 2026 Reg M-A",
  "players": [
    "Fuvs",
    "EstebanAlpha"
  ],
  "log": "|j|\u2606Fuvs\n|j|\u2606EstebanAlpha\n|t:|1776220666\n|gametype|doubles\n|player|p1|Fuvs|266|1000\n|player|p2|EstebanAlpha|colress|1000\n|gen|9\n|tier|[Gen 9 Champions] VGC 2026 Reg M-A\n|rated|\n|rule|Species Clause: Limit one of each Pok\u00e9mon\n|rule|Item Clause: Limit 1 of each item\n|clearpoke\n|poke|p1|Dragonite, L50, F|\n|poke|p1|Tyranitar, L50, M|\n|poke|p1|Whimsicott, L50, F|\n|poke|p1|Basculegion, L50, M|\n|poke|p1|Sneasler, L50, M|\n|poke|p1|Pelipper, L50, F|\n|poke|p2|Dragonite, L50, M|\n|poke|p2|Sinistcha-Masterpiece, L50|\n|poke|p2|Sneasler, L50, M|\n|poke|p2|Arcanine-Hisui, L50, M|\n|poke|p2|Mamoswine, L50, M|\n|poke|p2|Slowking-Galar, L50, M|\n|teampreview|4\n|\n|t:|1776220679\n|teamsize|p1|4\n|teamsize|p2|4\n|start\n|switch|p1a: Pelipper|Pelipper, L50, F, shiny|100/100\n|switch|p1b: Dragonite|Dragonite, L50, F, shiny|100/100\n|switch|p2a: Sneasler|Sneasler, L50, M, shiny|100/100\n|switch|p2b: Slowking|Slowking-Galar, L50, M|100/100\n|-weather|RainDance|[from] ability: Drizzle|[of] p1a: Pelipper\n|turn|1\n|\n|t:|1776220692\n|detailschange|p1b: Dragonite|Dragonite-Mega, L50, F, shiny\n|-mega|p1b: Dragonite|Dragonite|Dragoninite\n|move|p2a: Sneasler|Fake Out|p1b: Dragonite\n|-damage|p1b: Dragonite|94/100\n|cant|p1b: Dragonite|flinch\n|move|p1a: Pelipper|Tailwind|p1a: Pelipper\n|-sidestart|p1: Fuvs|move: Tailwind\n|-prepare|p2b: Slowking|Chilly Reception|[premajor]\n|move|p2b: Slowking|Chilly Reception|p2b: Slowking\n|-weather|Snowscape\n|\n|t:|1776220703\n|switch|p2b: Mamoswine|Mamoswine, L50, M|100/100|[from] Chilly Reception\n|\n|-weather|Snowscape|[upkeep]\n|upkeep\n|turn|2\n|\n|t:|1776220730\n|move|p2b: Mamoswine|Ice Shard|p1b: Dragonite\n|-supereffective|p1b: Dragonite|2\n|-damage|p1b: Dragonite|13/100\n|move|p1b: Dragonite|Hurricane|p2a: Sneasler|[miss]\n|-miss|p1b: Dragonite|p2a: Sneasler\n|move|p1a: Pelipper|Rain Dance|p1a: Pelipper\n|-weather|RainDance\n|move|p2a: Sneasler|Dire Claw|p1a: Pelipper\n|-damage|p1a: Pelipper|54/100\n|\n|-weather|RainDance|[upkeep]\n|upkeep\n|turn|3\n|\n|t:|1776220756\n|switch|p2a: Arcanine|Arcanine-Hisui, L50, M, shiny|100/100\n|-ability|p2a: Arcanine|Intimidate|boost\n|-unboost|p1a: Pelipper|atk|1\n|-unboost|p1b: Dragonite|atk|1\n|move|p1b: Dragonite|Hurricane|p2a: Arcanine\n|-resisted|p2a: Arcanine|1\n|-damage|p2a: Arcanine|71/100\n|-start|p2a: Arcanine|confusion\n|move|p1a: Pelipper|Hurricane|p2a: Arcanine\n|-resisted|p2a: Arcanine|1\n|-damage|p2a: Arcanine|53/100\n|move|p2b: Mamoswine|Rock Slide|p1b: Dragonite|[spread] p1a,p1b\n|-supereffective|p1a: Pelipper|1\n|-supereffective|p1b: Dragonite|1\n|-damage|p1a: Pelipper|11/100\n|-damage|p1b: Dragonite|0 fnt\n|faint|p1b: Dragonite\n|\n|-weather|RainDance|[upkeep]\n|-heal|p2a: Arcanine|59/100|[from] item: Leftovers\n|upkeep\n|\n|t:|1776220774\n|switch|p1b: Basculegion|Basculegion, L50, M, shiny|100/100\n|turn|4\n|\n|t:|1776220799\n|move|p2b: Mamoswine|Ice Shard|p1a: Pelipper\n|-damage|p1a: Pelipper|0 fnt\n|faint|p1a: Pelipper\n|move|p1b: Basculegion|Liquidation|p2a: Arcanine\n|-supereffective|p2a: Arcanine|2\n|-damage|p2a: Arcanine|0 fnt\n|faint|p2a: Arcanine\n|\n|-weather|RainDance|[upkeep]\n|-sideend|p1: Fuvs|move: Tailwind\n|upkeep\n|\n|t:|1776220822\n|switch|p2a: Sneasler|Sneasler, L50, M, shiny|100/100\n|switch|p1a: Sneasler|Sneasler, L50, M, shiny|100/100\n|turn|5\n|\n|t:|1776220834\n|move|p1b: Basculegion|Liquidation|p2b: Mamoswine\n|-supereffective|p2b: Mamoswine|1\n|-enditem|p2b: Mamoswine|Passho Berry|[eat]\n|-enditem|p2b: Mamoswine|Passho Berry|[weaken]\n|-damage|p2b: Mamoswine|23/100\n|move|p2a: Sneasler|Dire Claw|p1b: Basculegion\n|-resisted|p1b: Basculegion|1\n|-damage|p1b: Basculegion|74/100\n|-status|p1b: Basculegion|psn|[from] ability: Poison Touch|[of] p2a: Sneasler\n|move|p1a: Sneasler|Acrobatics|p2a: Sneasler\n|-supereffective|p2a: Sneasler|1\n|-damage|p2a: Sneasler|30/100\n|move|p2b: Mamoswine|Earthquake|p1a: Sneasler|[spread] p2a,p1a,p1b\n|-supereffective|p2a: Sneasler|1\n|-supereffective|p1a: Sneasler|1\n|-crit|p1b: Basculegion\n|-damage|p2a: Sneasler|0 fnt\n|-damage|p1a: Sneasler|0 fnt\n|-damage|p1b: Basculegion|3/100 psn\n|faint|p2a: Sneasler\n|faint|p1a: Sneasler\n|\n|-weather|RainDance|[upkeep]\n|-damage|p1b: Basculegion|0 fnt|[from] psn\n|faint|p1b: Basculegion\n|\n|win|EstebanAlpha\n|raw|Fuvs's rating: 1000 &rarr; <strong>1000</strong><br />(+0 for losing)\n|raw|EstebanAlpha's rating: 1000 &rarr; <strong>1040</strong><br />(+40 for winning)\n|l|\u2606Fuvs\n|player|p1|\n",
  "uploadtime": 1776220860,
  "views": 30,
  "formatid": "gen9championsvgc2026regma",
  "rating": 1000,
  "private": 0,
  "password": null
}