{
  "id": "gen9championsvgc2026regma-2583019238",
  "format": "[Gen 9 Champions] VGC 2026 Reg M-A",
  "players": [
    "deanking654",
    "Arthuritiis"
  ],
  "log": "|j|\u2606deanking654\n|j|\u2606Arthuritiis\n|t:|1776133873\n|gametype|doubles\n|player|p1|deanking654|102|1090\n|player|p2|Arthuritiis|266|1156\n|gen|9\n|tier|[Gen 9 Champions] VGC 2026 Reg M-A\n|rated|\n|rule|Species Clause: Limit one of each Pok\u00e9mon\n|rule|Item Clause: Limit 1 of each item\n|clearpoke\n|poke|p1|Aerodactyl, L50, F|\n|poke|p1|Floette-Eternal, L50, F|\n|poke|p1|Milotic, L50, M|\n|poke|p1|Garchomp, L50, F|\n|poke|p1|Incineroar, L50, F|\n|poke|p1|Scizor, L50, F|\n|poke|p2|Charizard, L50, F|\n|poke|p2|Whimsicott, L50, M|\n|poke|p2|Garchomp, L50, M|\n|poke|p2|Kingambit, L50, F|\n|poke|p2|Venusaur, L50, F|\n|poke|p2|Incineroar, L50, F|\n|teampreview|4\n|\n|t:|1776133927\n|teamsize|p1|4\n|teamsize|p2|4\n|start\n|switch|p1a: Aerodactyl|Aerodactyl, L50, F, shiny|100/100\n|switch|p1b: Incineroar|Incineroar, L50, F, shiny|100/100\n|switch|p2a: Garchomp|Garchomp, L50, M|100/100\n|switch|p2b: Venusaur|Venusaur, L50, F|100/100\n|-ability|p1a: Aerodactyl|Unnerve\n|-ability|p1b: Incineroar|Intimidate|boost\n|-unboost|p2a: Garchomp|atk|1\n|-unboost|p2b: Venusaur|atk|1\n|turn|1\n|\n|t:|1776133963\n|switch|p2b: Incineroar|Incineroar, L50, F|100/100\n|-ability|p2b: Incineroar|Intimidate|boost\n|-unboost|p1a: Aerodactyl|atk|1\n|-unboost|p1b: Incineroar|atk|1\n|move|p2a: Garchomp|Protect|p2a: Garchomp\n|-singleturn|p2a: Garchomp|Protect\n|move|p1b: Incineroar|Fake Out|p2b: Incineroar\n|-damage|p2b: Incineroar|95/100\n|move|p1a: Aerodactyl|Tailwind|p1a: Aerodactyl\n|-sidestart|p1: deanking654|move: Tailwind\n|\n|-heal|p2b: Incineroar|100/100|[from] item: Leftovers\n|upkeep\n|turn|2\n|\n|t:|1776133999\n|switch|p1a: Milotic|Milotic, L50, M, shiny|100/100\n|move|p2b: Incineroar|Fake Out|p1a: Milotic\n|-damage|p1a: Milotic|91/100\n|move|p2a: Garchomp|Rock Slide|p1b: Incineroar|[spread] p1a,p1b\n|-supereffective|p1b: Incineroar|1\n|-damage|p1a: Milotic|77/100\n|-damage|p1b: Incineroar|79/100\n|move|p1b: Incineroar|Parting Shot|p2a: Garchomp\n|-unboost|p2a: Garchomp|atk|1\n|-unboost|p2a: Garchomp|spa|1\n|\n|t:|1776134014\n|switch|p1b: Garchomp|Garchomp, L50, F, shiny|100/100|[from] Parting Shot\n|\n|-heal|p1a: Milotic|83/100|[from] item: Leftovers\n|upkeep\n|turn|3\n|\n|t:|1776134024\n|switch|p2a: Venusaur|Venusaur, L50, F|100/100\n|move|p1b: Garchomp|Protect|p1b: Garchomp\n|-singleturn|p1b: Garchomp|Protect\n|move|p1a: Milotic|Icy Wind|p2b: Incineroar|[spread] p2a,p2b\n|-supereffective|p2a: Venusaur|1\n|-resisted|p2b: Incineroar|1\n|-damage|p2a: Venusaur|78/100\n|-damage|p2b: Incineroar|96/100\n|-unboost|p2a: Venusaur|spe|1\n|-unboost|p2b: Incineroar|spe|1\n|move|p2b: Incineroar|Will-O-Wisp|p1b: Garchomp\n|-activate|p1b: Garchomp|move: Protect\n|\n|-heal|p1a: Milotic|89/100|[from] item: Leftovers\n|-heal|p2b: Incineroar|100/100|[from] item: Leftovers\n|upkeep\n|turn|4\n|\n|t:|1776134047\n|switch|p1b: Incineroar|Incineroar, L50, F, shiny|79/100\n|-ability|p1b: Incineroar|Intimidate|boost\n|-unboost|p2a: Venusaur|atk|1\n|-unboost|p2b: Incineroar|atk|1\n|move|p1a: Milotic|Protect|p1a: Milotic\n|-singleturn|p1a: Milotic|Protect\n|move|p2a: Venusaur|Giga Drain|p1a: Milotic\n|-activate|p1a: Milotic|move: Protect\n|move|p2b: Incineroar|Parting Shot|p1b: Incineroar\n|-unboost|p1b: Incineroar|atk|1\n|-unboost|p1b: Incineroar|spa|1\n|\n|t:|1776134058\n|switch|p2b: Garchomp|Garchomp, L50, M|100/100|[from] Parting Shot\n|\n|-heal|p1a: Milotic|95/100|[from] item: Leftovers\n|-sideend|p1: deanking654|move: Tailwind\n|upkeep\n|turn|5\n|\n|t:|1776134075\n|move|p2b: Garchomp|Protect|p2b: Garchomp\n|-singleturn|p2b: Garchomp|Protect\n|move|p2a: Venusaur|Protect|p2a: Venusaur\n|-singleturn|p2a: Venusaur|Protect\n|move|p1b: Incineroar|Fake Out|p2b: Garchomp\n|-activate|p2b: Garchomp|move: Protect\n|move|p1a: Milotic|Icy Wind|p2b: Garchomp|[spread] \n|-activate|p2a: Venusaur|move: Protect\n|-activate|p2b: Garchomp|move: Protect\n|\n|-heal|p1a: Milotic|100/100|[from] item: Leftovers\n|upkeep\n|turn|6\n|\n|t:|1776134100\n|switch|p2b: Incineroar|Incineroar, L50, F|100/100\n|-ability|p2b: Incineroar|Intimidate|boost\n|-unboost|p1a: Milotic|atk|1\n|-ability|p1a: Milotic|Competitive|boost\n|-boost|p1a: Milotic|spa|2\n|-unboost|p1b: Incineroar|atk|1\n|switch|p1b: Aerodactyl|Aerodactyl, L50, F, shiny|100/100\n|-ability|p1b: Aerodactyl|Unnerve\n|move|p1a: Milotic|Protect|p1a: Milotic\n|-singleturn|p1a: Milotic|Protect\n|move|p2a: Venusaur|Giga Drain|p1a: Milotic\n|-activate|p1a: Milotic|move: Protect\n|\n|upkeep\n|turn|7\n|\n|t:|1776134120\n|move|p2b: Incineroar|Fake Out|p1a: Milotic\n|-damage|p1a: Milotic|91/100\n|move|p1b: Aerodactyl|Dual Wingbeat|p2a: Venusaur|[miss]\n|-miss|p1b: Aerodactyl|p2a: Venusaur\n|cant|p1a: Milotic|flinch\n|move|p2a: Venusaur|Giga Drain|p1a: Milotic\n|-supereffective|p1a: Milotic|1\n|-damage|p1a: Milotic|49/100\n|-heal|p2a: Venusaur|100/100|[from] drain|[of] p1a: Milotic\n|\n|-heal|p1a: Milotic|54/100|[from] item: Leftovers\n|upkeep\n|turn|8\n|\n|t:|1776134144\n|move|p1b: Aerodactyl|Protect|p1b: Aerodactyl\n|-singleturn|p1b: Aerodactyl|Protect\n|move|p2a: Venusaur|Protect|p2a: Venusaur\n|-singleturn|p2a: Venusaur|Protect\n|move|p1a: Milotic|Life Dew||[still]|[spread] p1a,p1b\n|-heal|p1a: Milotic|80/100\n|-fail|p1b: Aerodactyl|heal\n|move|p2b: Incineroar|Parting Shot|p1b: Aerodactyl\n|-activate|p1b: Aerodactyl|move: Protect\n|\n|-heal|p1a: Milotic|86/100|[from] item: Leftovers\n|upkeep\n|turn|9\n|\n|t:|1776134166\n|move|p1b: Aerodactyl|Dual Wingbeat|p2a: Venusaur\n|-supereffective|p2a: Venusaur|1\n|-damage|p2a: Venusaur|50/100\n|-supereffective|p2a: Venusaur|1\n|-damage|p2a: Venusaur|0 fnt\n|faint|p2a: Venusaur\n|-hitcount|p2: Venusaur|2\n|move|p1a: Milotic|Muddy Water|p2b: Incineroar\n|-supereffective|p2b: Incineroar|1\n|-damage|p2b: Incineroar|0 fnt\n|faint|p2b: Incineroar\n|\n|-heal|p1a: Milotic|92/100|[from] item: Leftovers\n|upkeep\n|-message|Arthuritiis forfeited.\n|\n|win|deanking654\n|raw|deanking654's rating: 1090 &rarr; <strong>1121</strong><br />(+31 for winning)\n|raw|Arthuritiis's rating: 1156 &rarr; <strong>1126</strong><br />(-30 for losing)\n|l|\u2606Arthuritiis\n|player|p2|\n",
  "uploadtime": 1776134189,
  "views": 12,
  "formatid": "gen9championsvgc2026regma",
  "rating": 1121,
  "private": 0,
  "password": null
}