{
  "id": "gen9championsvgc2026regma-2582779342",
  "format": "[Gen 9 Champions] VGC 2026 Reg M-A",
  "players": [
    "gvaxiii",
    "anubis jr."
  ],
  "log": "|j|\u2606gvaxiii\n|j|\u2606anubis jr.\n|t:|1776113525\n|gametype|doubles\n|player|p1|gvaxiii|taunie|1314\n|player|p2|anubis jr.|2|1229\n|gen|9\n|tier|[Gen 9 Champions] VGC 2026 Reg M-A\n|rated|\n|rule|Species Clause: Limit one of each Pok\u00e9mon\n|rule|Item Clause: Limit 1 of each item\n|clearpoke\n|poke|p1|Gardevoir, L50, F|\n|poke|p1|Garchomp, L50, M|\n|poke|p1|Gyarados, L50, F|\n|poke|p1|Sinistcha, L50|\n|poke|p1|Incineroar, L50, F|\n|poke|p1|Hydreigon, L50, F|\n|poke|p2|Audino, L50, F|\n|poke|p2|Sableye, L50, F|\n|poke|p2|Mudsdale, L50, F|\n|poke|p2|Typhlosion-Hisui, L50, F|\n|poke|p2|Blastoise, L50, F|\n|poke|p2|Sneasler, L50, F|\n|teampreview|4\n|\n|t:|1776113571\n|teamsize|p1|4\n|teamsize|p2|4\n|start\n|switch|p1a: Gyarados|Gyarados, L50, F|100/100\n|switch|p1b: Incineroar|Incineroar, L50, F, shiny|100/100\n|switch|p2a: Sableye|Sableye, L50, F|100/100\n|switch|p2b: Audino|Audino, L50, F|100/100\n|-ability|p1a: Gyarados|Intimidate|boost\n|-unboost|p2a: Sableye|atk|1\n|-unboost|p2b: Audino|atk|1\n|-ability|p1b: Incineroar|Intimidate|boost\n|-unboost|p2a: Sableye|atk|1\n|-unboost|p2b: Audino|atk|1\n|turn|1\n|\n|t:|1776113596\n|move|p2a: Sableye|Skill Swap|p2b: Audino\n|-activate|p2a: Sableye|Skill Swap|||[of] p2b: Audino\n|move|p2b: Audino|Substitute|p2b: Audino\n|-start|p2b: Audino|Substitute\n|-damage|p2b: Audino|75/100\n|move|p1a: Gyarados|Dragon Dance|p1a: Gyarados\n|-boost|p1a: Gyarados|atk|1\n|-boost|p1a: Gyarados|spe|1\n|move|p1b: Incineroar|Parting Shot|p2b: Audino\n|-unboost|p2b: Audino|atk|1\n|-unboost|p2b: Audino|spa|1\n|\n|t:|1776113607\n|switch|p1b: Gardevoir|Gardevoir, L50, F, shiny|100/100|[from] Parting Shot\n|\n|upkeep\n|turn|2\n|\n|t:|1776113634\n|detailschange|p1a: Gyarados|Gyarados-Mega, L50, F\n|-mega|p1a: Gyarados|Gyarados|Gyaradosite\n|-ability|p1a: Gyarados|Mold Breaker\n|move|p2b: Audino|After You|p2a: Sableye\n|-activate|p2a: Sableye|move: After You\n|move|p2a: Sableye|Foul Play|p1a: Gyarados\n|-resisted|p1a: Gyarados|1\n|-damage|p1a: Gyarados|58/100\n|move|p1b: Gardevoir|Moonblast|p2b: Audino\n|-end|p2b: Audino|Substitute\n|move|p1a: Gyarados|Waterfall|p2a: Sableye\n|-damage|p2a: Sableye|0 fnt\n|faint|p2a: Sableye\n|\n|upkeep\n|\n|t:|1776113656\n|switch|p2a: Blastoise|Blastoise, L50, F|100/100\n|turn|3\n|\n|t:|1776113675\n|switch|p1b: Sinistcha|Sinistcha, L50|100/100\n|-heal|p1a: Gyarados|82/100|[from] ability: Hospitality|[of] p1b: Sinistcha\n|detailschange|p2a: Blastoise|Blastoise-Mega, L50, F\n|-mega|p2a: Blastoise|Blastoise|Blastoisinite\n|move|p1a: Gyarados|Protect|p1a: Gyarados\n|-singleturn|p1a: Gyarados|Protect\n|move|p2b: Audino|After You|p2a: Blastoise\n|-activate|p2a: Blastoise|move: After You\n|move|p2a: Blastoise|Aura Sphere|p1a: Gyarados\n|-activate|p1a: Gyarados|move: Protect\n|\n|upkeep\n|turn|4\n|\n|t:|1776113692\n|move|p1b: Sinistcha|Rage Powder|p1b: Sinistcha\n|-singleturn|p1b: Sinistcha|move: Rage Powder\n|move|p2b: Audino|Substitute|p2b: Audino\n|-start|p2b: Audino|Substitute\n|-damage|p2b: Audino|50/100\n|move|p1a: Gyarados|Waterfall|p2b: Audino\n|-end|p2b: Audino|Substitute\n|move|p2a: Blastoise|Ice Beam|p1b: Sinistcha\n|-supereffective|p1b: Sinistcha|1\n|-damage|p1b: Sinistcha|27/100\n|-enditem|p1b: Sinistcha|Sitrus Berry|[eat]\n|-heal|p1b: Sinistcha|52/100|[from] item: Sitrus Berry\n|\n|upkeep\n|turn|5\n|\n|t:|1776113714\n|move|p2b: Audino|Protect|p2b: Audino\n|-singleturn|p2b: Audino|Protect\n|move|p1a: Gyarados|Earthquake|p2a: Blastoise|[spread] p1b,p2a\n|-activate|p2b: Audino|move: Protect\n|-resisted|p1b: Sinistcha|1\n|-damage|p1b: Sinistcha|33/100\n|-damage|p2a: Blastoise|59/100\n|move|p2a: Blastoise|Ice Beam|p1b: Sinistcha\n|-supereffective|p1b: Sinistcha|1\n|-damage|p1b: Sinistcha|0 fnt\n|faint|p1b: Sinistcha\n|\n|upkeep\n|\n|t:|1776113730\n|switch|p1b: Incineroar|Incineroar, L50, F, shiny|100/100\n|-ability|p1b: Incineroar|Intimidate|boost\n|-unboost|p2a: Blastoise|atk|1\n|-unboost|p2b: Audino|atk|1\n|turn|6\n|\n|t:|1776113759\n|move|p2b: Audino|Protect|p2b: Audino\n|-singleturn|p2b: Audino|Protect\n|move|p1b: Incineroar|Fake Out|p2b: Audino\n|-activate|p2b: Audino|move: Protect\n|move|p1a: Gyarados|Waterfall|p2b: Audino\n|-activate|p2b: Audino|move: Protect\n|move|p2a: Blastoise|Aura Sphere|p1a: Gyarados\n|-supereffective|p1a: Gyarados|1\n|-damage|p1a: Gyarados|0 fnt\n|faint|p1a: Gyarados\n|\n|upkeep\n|\n|t:|1776113773\n|switch|p1a: Gardevoir|Gardevoir, L50, F, shiny|100/100\n|turn|7\n|\n|t:|1776113785\n|move|p1b: Incineroar|Protect|p1b: Incineroar\n|-singleturn|p1b: Incineroar|Protect\n|move|p2b: Audino|Heal Pulse|p2a: Blastoise\n|-heal|p2a: Blastoise|100/100\n|move|p1a: Gardevoir|Dazzling Gleam|p2b: Audino|[spread] p2a,p2b\n|-damage|p2a: Blastoise|76/100\n|-damage|p2b: Audino|22/100\n|move|p2a: Blastoise|Water Spout|p1b: Incineroar|[spread] p1a\n|-activate|p1b: Incineroar|move: Protect\n|-crit|p1a: Gardevoir\n|-damage|p1a: Gardevoir|19/100\n|\n|upkeep\n|turn|8\n|-message|gvaxiii forfeited.\n|\n|win|anubis jr.\n|raw|gvaxiii's rating: 1314 &rarr; <strong>1289</strong><br />(-25 for losing)\n|raw|anubis jr.'s rating: 1229 &rarr; <strong>1260</strong><br />(+31 for winning)\n|l|\u2606gvaxiii\n|player|p1|\n",
  "uploadtime": 1776113811,
  "views": 43,
  "formatid": "gen9championsvgc2026regma",
  "rating": 1260,
  "private": 0,
  "password": null
}