{
  "id": "gen9championsvgc2026regma-2585758797",
  "format": "[Gen 9 Champions] VGC 2026 Reg M-A",
  "players": [
    "WinterDr7",
    "huttenboer08"
  ],
  "log": "|j|\u2606WinterDr7\n|j|\u2606huttenboer08\n|t:|1776368594\n|gametype|doubles\n|player|p1|WinterDr7|colress|1077\n|player|p2|huttenboer08|2|1036\n|gen|9\n|tier|[Gen 9 Champions] VGC 2026 Reg M-A\n|rated|\n|rule|Species Clause: Limit one of each Pok\u00e9mon\n|rule|Item Clause: Limit 1 of each item\n|clearpoke\n|poke|p1|Chimecho, L50, F|\n|poke|p1|Cofagrigus, L50, F|\n|poke|p1|Gourgeist-*, L50, F|\n|poke|p1|Aerodactyl, L50, F|\n|poke|p1|Beedrill, L50, F|\n|poke|p1|Azumarill, L50, M|\n|poke|p2|Slowbro, L50, M|\n|poke|p2|Hydrapple, L50, M|\n|poke|p2|Torkoal, L50, F|\n|poke|p2|Oranguru, L50, F|\n|poke|p2|Incineroar, L50, M|\n|poke|p2|Sinistcha, L50|\n|teampreview|4\n|\n|t:|1776368619\n|teamsize|p1|4\n|teamsize|p2|4\n|start\n|switch|p1a: Azumarill|Azumarill, L50, M|100/100\n|switch|p1b: Cofagrigus|Cofagrigus, L50, F|100/100\n|switch|p2a: Incineroar|Incineroar, L50, M, shiny|100/100\n|switch|p2b: Oranguru|Oranguru, L50, F|100/100\n|-ability|p2a: Incineroar|Intimidate|boost\n|-unboost|p1a: Azumarill|atk|1\n|-unboost|p1b: Cofagrigus|atk|1\n|turn|1\n|\n|t:|1776368634\n|move|p2a: Incineroar|Fake Out|p1a: Azumarill\n|-damage|p1a: Azumarill|87/100\n|move|p1b: Cofagrigus|Ally Switch|p1b: Cofagrigus\n|swap|p1b: Cofagrigus|0|[from] move: Ally Switch\n|cant|p1b: Azumarill|flinch\n|move|p2b: Oranguru|Trick Room|p2b: Oranguru\n|-fieldstart|move: Trick Room|[of] p2b: Oranguru\n|\n|upkeep\n|turn|2\n|\n|t:|1776368654\n|move|p1a: Cofagrigus|Night Shade|p2b: Oranguru\n|-immune|p2b: Oranguru\n|move|p1b: Azumarill|Belly Drum|p1b: Azumarill\n|-damage|p1b: Azumarill|38/100\n|-setboost|p1b: Azumarill|atk|6|[from] move: Belly Drum\n|move|p2a: Incineroar|Darkest Lariat|p1a: Cofagrigus\n|-supereffective|p1a: Cofagrigus|1\n|-damage|p1a: Cofagrigus|45/100\n|-activate|p1a: Cofagrigus|ability: Mummy|p2a: Incineroar|[ability] Intimidate\n|move|p2b: Oranguru|Psychic Terrain|p2b: Oranguru\n|-fieldstart|move: Psychic Terrain\n|\n|-heal|p1a: Cofagrigus|51/100|[from] item: Leftovers\n|upkeep\n|turn|3\n|-activate|p1b: Azumarill|item: Quick Claw\n|\n|t:|1776368676\n|move|p2b: Oranguru|Protect|p2b: Oranguru\n|-singleturn|p2b: Oranguru|Protect\n|move|p1a: Cofagrigus|Ally Switch|p1a: Cofagrigus\n|swap|p1a: Cofagrigus|1|[from] move: Ally Switch\n|move|p1a: Azumarill|Liquidation|p2a: Incineroar\n|-supereffective|p2a: Incineroar|1\n|-enditem|p2a: Incineroar|Focus Sash\n|-damage|p2a: Incineroar|1/100\n|-unboost|p2a: Incineroar|def|1\n|-activate|p2a: Incineroar|ability: Mummy|p1a: Azumarill|[ability] Huge Power\n|move|p2a: Incineroar|Parting Shot|p1b: Cofagrigus\n|-unboost|p1b: Cofagrigus|atk|1\n|-unboost|p1b: Cofagrigus|spa|1\n|\n|t:|1776368691\n|switch|p2a: Slowbro|Slowbro, L50, M|100/100|[from] Parting Shot\n|\n|-heal|p1b: Cofagrigus|57/100|[from] item: Leftovers\n|upkeep\n|turn|4\n|\n|t:|1776368716\n|detailschange|p2a: Slowbro|Slowbro-Mega, L50, M\n|-mega|p2a: Slowbro|Slowbro|Slowbronite\n|move|p1b: Cofagrigus|Night Shade|p2a: Slowbro\n|-damage|p2a: Slowbro|76/100\n|move|p2a: Slowbro|Expanding Force|p1b: Cofagrigus|[spread] p1a,p1b\n|-damage|p1a: Azumarill|0 fnt\n|-damage|p1b: Cofagrigus|8/100\n|faint|p1a: Azumarill\n|move|p2b: Oranguru|Instruct|p2a: Slowbro\n|-singleturn|p2a: Slowbro|move: Instruct|[of] p2b: Oranguru\n|move|p2a: Slowbro|Expanding Force|p1b: Cofagrigus\n|-damage|p1b: Cofagrigus|0 fnt\n|faint|p1b: Cofagrigus\n|\n|upkeep\n|\n|t:|1776368728\n|switch|p1b: Chimecho|Chimecho, L50, F|100/100\n|switch|p1a: Beedrill|Beedrill, L50, F|100/100\n|turn|5\n|\n|t:|1776368750\n|detailschange|p1a: Beedrill|Beedrill-Mega, L50, F\n|-mega|p1a: Beedrill|Beedrill|Beedrillite\n|move|p2a: Slowbro|Expanding Force|p1a: Beedrill|[spread] p1a,p1b\n|-supereffective|p1a: Beedrill|1\n|-resisted|p1b: Chimecho|1\n|-damage|p1a: Beedrill|0 fnt\n|-damage|p1b: Chimecho|72/100\n|faint|p1a: Beedrill\n|move|p2b: Oranguru|Instruct|p2a: Slowbro\n|-singleturn|p2a: Slowbro|move: Instruct|[of] p2b: Oranguru\n|move|p2a: Slowbro|Expanding Force|p1b: Chimecho\n|-resisted|p1b: Chimecho|1\n|-damage|p1b: Chimecho|40/100\n|move|p1b: Chimecho|Cosmic Power|p1b: Chimecho\n|-boost|p1b: Chimecho|def|1\n|-boost|p1b: Chimecho|spd|1\n|\n|-fieldend|move: Trick Room\n|upkeep\n|turn|6\n|\n|t:|1776368781\n|move|p1b: Chimecho|Recover|p1b: Chimecho\n|-heal|p1b: Chimecho|90/100\n|move|p2b: Oranguru|Instruct|p2a: Slowbro\n|-singleturn|p2a: Slowbro|move: Instruct|[of] p2b: Oranguru\n|move|p2a: Slowbro|Expanding Force|p1b: Chimecho\n|-resisted|p1b: Chimecho|1\n|-damage|p1b: Chimecho|64/100\n|move|p2a: Slowbro|Surf|p1b: Chimecho|[spread] p2b,p1b\n|-damage|p2b: Oranguru|76/100\n|-damage|p1b: Chimecho|44/100\n|\n|-fieldend|move: Psychic Terrain\n|upkeep\n|turn|7\n|\n|t:|1776368798\n|move|p1b: Chimecho|Recover|p1b: Chimecho\n|-heal|p1b: Chimecho|94/100\n|move|p2b: Oranguru|Instruct|p2a: Slowbro\n|-singleturn|p2a: Slowbro|move: Instruct|[of] p2b: Oranguru\n|move|p2a: Slowbro|Surf|p1b: Chimecho|[spread] p2b,p1b\n|-damage|p2b: Oranguru|51/100\n|-damage|p1b: Chimecho|73/100\n|move|p2a: Slowbro|Surf|p1b: Chimecho|[spread] p2b,p1b\n|-damage|p2b: Oranguru|26/100\n|-damage|p1b: Chimecho|54/100\n|\n|upkeep\n|turn|8\n|\n|t:|1776368826\n|move|p1b: Chimecho|Cosmic Power|p1b: Chimecho\n|-boost|p1b: Chimecho|def|1\n|-boost|p1b: Chimecho|spd|1\n|move|p2a: Slowbro|Expanding Force|p1b: Chimecho\n|-resisted|p1b: Chimecho|1\n|-damage|p1b: Chimecho|44/100\n|move|p2b: Oranguru|Trick Room|p2b: Oranguru\n|-fieldstart|move: Trick Room|[of] p2b: Oranguru\n|\n|upkeep\n|turn|9\n|\n|t:|1776368844\n|move|p2a: Slowbro|Expanding Force|p1b: Chimecho\n|-resisted|p1b: Chimecho|1\n|-damage|p1b: Chimecho|35/100\n|move|p2b: Oranguru|Psychic Terrain|p2b: Oranguru\n|-fieldstart|move: Psychic Terrain\n|move|p1b: Chimecho|Recover|p1b: Chimecho\n|-heal|p1b: Chimecho|85/100\n|\n|upkeep\n|turn|10\n|\n|t:|1776368869\n|switch|p2b: Sinistcha|Sinistcha, L50|100/100\n|-heal|p2a: Slowbro|100/100|[from] ability: Hospitality|[of] p2b: Sinistcha\n|move|p2a: Slowbro|Expanding Force|p1b: Chimecho\n|-resisted|p1b: Chimecho|1\n|-damage|p1b: Chimecho|68/100\n|move|p1b: Chimecho|Cosmic Power|p1b: Chimecho\n|-boost|p1b: Chimecho|def|1\n|-boost|p1b: Chimecho|spd|1\n|\n|upkeep\n|turn|11\n|\n|t:|1776368885\n|move|p2a: Slowbro|Expanding Force|p1b: Chimecho\n|-resisted|p1b: Chimecho|1\n|-damage|p1b: Chimecho|53/100\n|move|p2b: Sinistcha|Matcha Gotcha|p1b: Chimecho\n|-damage|p1b: Chimecho|41/100\n|move|p1b: Chimecho|Cosmic Power|p1b: Chimecho\n|-boost|p1b: Chimecho|def|1\n|-boost|p1b: Chimecho|spd|1\n|\n|upkeep\n|turn|12\n|\n|t:|1776368905\n|move|p2a: Slowbro|Expanding Force|p1b: Chimecho\n|-resisted|p1b: Chimecho|1\n|-damage|p1b: Chimecho|28/100\n|move|p2b: Sinistcha|Matcha Gotcha|p1b: Chimecho\n|-damage|p1b: Chimecho|16/100\n|move|p1b: Chimecho|Recover|p1b: Chimecho\n|-heal|p1b: Chimecho|66/100\n|\n|-fieldend|move: Trick Room\n|upkeep\n|turn|13\n|\n|t:|1776368919\n|move|p1b: Chimecho|Cosmic Power|p1b: Chimecho\n|-boost|p1b: Chimecho|def|1\n|-boost|p1b: Chimecho|spd|1\n|move|p2b: Sinistcha|Matcha Gotcha|p1b: Chimecho\n|-damage|p1b: Chimecho|57/100\n|-status|p1b: Chimecho|brn\n|move|p2a: Slowbro|Expanding Force|p1b: Chimecho\n|-resisted|p1b: Chimecho|1\n|-damage|p1b: Chimecho|46/100 brn\n|\n|-damage|p1b: Chimecho|40/100 brn|[from] brn\n|-fieldend|move: Psychic Terrain\n|upkeep\n|turn|14\n|\n|t:|1776368936\n|move|p1b: Chimecho|Recover|p1b: Chimecho\n|-heal|p1b: Chimecho|90/100 brn\n|move|p2b: Sinistcha|Matcha Gotcha|p1b: Chimecho\n|-damage|p1b: Chimecho|80/100 brn\n|move|p2a: Slowbro|Expanding Force|p1b: Chimecho\n|-resisted|p1b: Chimecho|1\n|-damage|p1b: Chimecho|74/100 brn\n|\n|-damage|p1b: Chimecho|68/100 brn|[from] brn\n|upkeep\n|turn|15\n|\n|t:|1776368957\n|move|p2b: Sinistcha|Protect|p2b: Sinistcha\n|-singleturn|p2b: Sinistcha|Protect\n|move|p1b: Chimecho|Cosmic Power|p1b: Chimecho\n|-boost|p1b: Chimecho|def|1\n|-boost|p1b: Chimecho|spd|1\n|move|p2a: Slowbro|Surf|p1b: Chimecho|[spread] p1b\n|-activate|p2b: Sinistcha|move: Protect\n|-damage|p1b: Chimecho|60/100 brn\n|\n|-damage|p1b: Chimecho|54/100 brn|[from] brn\n|upkeep\n|turn|16\n|inactive|Battle timer is ON: inactive players will automatically lose when time's up. (requested by WinterDr7)\n|\n|t:|1776368979\n|move|p1b: Chimecho|Recover|p1b: Chimecho\n|-heal|p1b: Chimecho|100/100 brn\n|move|p2b: Sinistcha|Matcha Gotcha|p1b: Chimecho\n|-damage|p1b: Chimecho|92/100 brn\n|move|p2a: Slowbro|Surf|p1b: Chimecho|[spread] p2b,p1b\n|-resisted|p2b: Sinistcha|1\n|-damage|p2b: Sinistcha|87/100\n|-damage|p1b: Chimecho|83/100 brn\n|\n|-damage|p1b: Chimecho|77/100 brn|[from] brn\n|upkeep\n|turn|17\n|\n|t:|1776369000\n|switch|p2a: Incineroar|Incineroar, L50, M, shiny|1/100\n|-ability|p2a: Incineroar|Intimidate|boost\n|-unboost|p1b: Chimecho|atk|1\n|move|p1b: Chimecho|Stored Power|p2a: Incineroar\n|-immune|p2a: Incineroar\n|move|p2b: Sinistcha|Matcha Gotcha|p1b: Chimecho\n|-damage|p1b: Chimecho|69/100 brn\n|-heal|p2b: Sinistcha|92/100|[from] drain|[of] p1b: Chimecho\n|\n|-damage|p1b: Chimecho|63/100 brn|[from] brn\n|upkeep\n|turn|18\n|\n|t:|1776369016\n|move|p1b: Chimecho|Dazzling Gleam|p2a: Incineroar|[spread] p2a,p2b\n|-damage|p2a: Incineroar|0 fnt\n|-damage|p2b: Sinistcha|79/100\n|faint|p2a: Incineroar\n|move|p2b: Sinistcha|Matcha Gotcha|p1b: Chimecho\n|-damage|p1b: Chimecho|54/100 brn\n|-heal|p2b: Sinistcha|84/100|[from] drain|[of] p1b: Chimecho\n|\n|-damage|p1b: Chimecho|48/100 brn|[from] brn\n|upkeep\n|\n|t:|1776369029\n|switch|p2a: Slowbro|Slowbro-Mega, L50, M|100/100\n|turn|19\n|\n|t:|1776369036\n|move|p1b: Chimecho|Recover|p1b: Chimecho\n|-heal|p1b: Chimecho|98/100 brn\n|move|p2b: Sinistcha|Matcha Gotcha|p1b: Chimecho\n|-damage|p1b: Chimecho|90/100 brn\n|-heal|p2b: Sinistcha|88/100|[from] drain|[of] p1b: Chimecho\n|move|p2a: Slowbro|Surf|p1b: Chimecho|[spread] p2b,p1b\n|-resisted|p2b: Sinistcha|1\n|-damage|p2b: Sinistcha|75/100\n|-damage|p1b: Chimecho|81/100 brn\n|\n|-damage|p1b: Chimecho|75/100 brn|[from] brn\n|upkeep\n|turn|20\n|\n|t:|1776369054\n|move|p2b: Sinistcha|Protect|p2b: Sinistcha\n|-singleturn|p2b: Sinistcha|Protect\n|move|p1b: Chimecho|Stored Power|p2b: Sinistcha\n|-activate|p2b: Sinistcha|move: Protect\n|move|p2a: Slowbro|Surf|p1b: Chimecho|[spread] p1b\n|-activate|p2b: Sinistcha|move: Protect\n|-damage|p1b: Chimecho|67/100 brn\n|\n|-damage|p1b: Chimecho|61/100 brn|[from] brn\n|upkeep\n|turn|21\n|\n|t:|1776369073\n|move|p1b: Chimecho|Stored Power|p2b: Sinistcha\n|-damage|p2b: Sinistcha|2/100\n|-enditem|p2b: Sinistcha|Sitrus Berry|[eat]\n|-heal|p2b: Sinistcha|27/100|[from] item: Sitrus Berry\n|move|p2a: Slowbro|Surf|p1b: Chimecho|[spread] p2b,p1b\n|-resisted|p2b: Sinistcha|1\n|-damage|p2b: Sinistcha|13/100\n|-damage|p1b: Chimecho|54/100 brn\n|move|p2b: Sinistcha|Trick Room|p2b: Sinistcha\n|-fieldstart|move: Trick Room|[of] p2b: Sinistcha\n|\n|-damage|p1b: Chimecho|48/100 brn|[from] brn\n|upkeep\n|turn|22\n|\n|t:|1776369085\n|move|p2b: Sinistcha|Protect|p2b: Sinistcha\n|-singleturn|p2b: Sinistcha|Protect\n|move|p2a: Slowbro|Surf|p1b: Chimecho|[spread] p1b\n|-activate|p2b: Sinistcha|move: Protect\n|-damage|p1b: Chimecho|39/100 brn\n|move|p1b: Chimecho|Recover|p1b: Chimecho\n|-heal|p1b: Chimecho|89/100 brn\n|\n|-damage|p1b: Chimecho|83/100 brn|[from] brn\n|upkeep\n|turn|23\n|\n|t:|1776369101\n|move|p2a: Slowbro|Surf|p1b: Chimecho|[spread] p2b,p1b\n|-resisted|p2b: Sinistcha|1\n|-damage|p2b: Sinistcha|0 fnt\n|-damage|p1b: Chimecho|75/100 brn\n|faint|p2b: Sinistcha\n|move|p1b: Chimecho|Dazzling Gleam|p2a: Slowbro\n|-damage|p2a: Slowbro|84/100\n|\n|-damage|p1b: Chimecho|69/100 brn|[from] brn\n|upkeep\n|\n|t:|1776369111\n|switch|p2b: Oranguru|Oranguru, L50, F|26/100\n|turn|24\n|\n|t:|1776369126\n|move|p2a: Slowbro|Surf|p1b: Chimecho|[spread] p2b,p1b\n|-damage|p2b: Oranguru|3/100\n|-damage|p1b: Chimecho|61/100 brn\n|move|p2b: Oranguru|Instruct|p2a: Slowbro\n|-singleturn|p2a: Slowbro|move: Instruct|[of] p2b: Oranguru\n|move|p2a: Slowbro|Surf|p1b: Chimecho|[spread] p2b,p1b\n|-damage|p2b: Oranguru|0 fnt\n|-damage|p1b: Chimecho|53/100 brn\n|faint|p2b: Oranguru\n|move|p1b: Chimecho|Stored Power|p2a: Slowbro\n|-resisted|p2a: Slowbro|1\n|-damage|p2a: Slowbro|43/100\n|\n|-damage|p1b: Chimecho|47/100 brn|[from] brn\n|upkeep\n|turn|25\n|-message|huttenboer08 forfeited.\n|l|\u2606huttenboer08\n|inactive|huttenboer08 disconnected and has a minute to reconnect!\n|player|p2|\n|\n|win|WinterDr7\n|raw|WinterDr7's rating: 1059 &rarr; <strong>1088</strong><br />(+29 for winning)\n|raw|huttenboer08's rating: 1036 &rarr; <strong>1022</strong><br />(-14 for losing)\n|c|\u2606WinterDr7|gg\n",
  "uploadtime": 1776369143,
  "views": 32,
  "formatid": "gen9championsvgc2026regma",
  "rating": 1022,
  "private": 0,
  "password": null
}