{
  "id": "gen9championsvgc2026regma-2583250638",
  "format": "[Gen 9 Champions] VGC 2026 Reg M-A",
  "players": [
    "wildgoosechase",
    "baisheng"
  ],
  "log": "|j|\u2606wildgoosechase\n|j|\u2606baisheng\n|t:|1776159546\n|gametype|doubles\n|player|p1|wildgoosechase|crasherwake|1103\n|player|p2|baisheng|1|1142\n|gen|9\n|tier|[Gen 9 Champions] VGC 2026 Reg M-A\n|rated|\n|rule|Species Clause: Limit one of each Pok\u00e9mon\n|rule|Item Clause: Limit 1 of each item\n|clearpoke\n|poke|p1|Palafin, L50, M|\n|poke|p1|Sinistcha, L50|\n|poke|p1|Archaludon, L50, F|\n|poke|p1|Pelipper, L50, F|\n|poke|p1|Farigiraf, L50, F|\n|poke|p1|Garchomp, L50, F|\n|poke|p2|Oranguru, L50, F|\n|poke|p2|Crabominable, L50, M|\n|poke|p2|Torkoal, L50, F|\n|poke|p2|Sinistcha, L50|\n|poke|p2|Rotom-Wash, L50|\n|poke|p2|Sneasler, L50, F|\n|teampreview|4\n|\n|t:|1776159601\n|teamsize|p1|4\n|teamsize|p2|4\n|start\n|switch|p1a: Archaludon|Archaludon, L50, F|100/100\n|switch|p1b: Palafin|Palafin, L50, M|100/100\n|switch|p2a: Crabominable|Crabominable, L50, M|100/100\n|switch|p2b: Sinistcha|Sinistcha, L50|100/100\n|turn|1\n|\n|t:|1776159617\n|move|p1a: Archaludon|Protect|p1a: Archaludon\n|-singleturn|p1a: Archaludon|Protect\n|move|p2a: Crabominable|Protect|p2a: Crabominable\n|-singleturn|p2a: Crabominable|Protect\n|move|p1b: Palafin|Flip Turn|p2a: Crabominable\n|-activate|p2a: Crabominable|move: Protect\n|move|p2b: Sinistcha|Trick Room|p2b: Sinistcha\n|-fieldstart|move: Trick Room|[of] p2b: Sinistcha\n|\n|upkeep\n|turn|2\n|\n|t:|1776159637\n|detailschange|p1b: Palafin|Palafin-Hero, L50, M\n|switch|p1b: Pelipper|Pelipper, L50, F|100/100\n|-weather|RainDance|[from] ability: Drizzle|[of] p1b: Pelipper\n|detailschange|p2a: Crabominable|Crabominable-Mega, L50, M\n|-mega|p2a: Crabominable|Crabominable|Crabominite\n|move|p2a: Crabominable|Drain Punch|p1a: Archaludon\n|-supereffective|p1a: Archaludon|1\n|-damage|p1a: Archaludon|21/100\n|move|p2b: Sinistcha|Matcha Gotcha|p1b: Pelipper|[spread] p1a,p1b\n|-resisted|p1a: Archaludon|2\n|-damage|p1a: Archaludon|13/100\n|-damage|p1b: Pelipper|68/100\n|move|p1a: Archaludon|Draco Meteor|p2a: Crabominable\n|-damage|p2a: Crabominable|49/100\n|-unboost|p1a: Archaludon|spa|2\n|\n|-weather|RainDance|[upkeep]\n|-heal|p1a: Archaludon|19/100|[from] item: Leftovers\n|upkeep\n|turn|3\n|\n|t:|1776159664\n|move|p1a: Archaludon|Protect|p1a: Archaludon\n|-singleturn|p1a: Archaludon|Protect\n|move|p2a: Crabominable|Ice Hammer|p1b: Pelipper\n|-damage|p1b: Pelipper|0 fnt\n|-unboost|p2a: Crabominable|spe|1\n|faint|p1b: Pelipper\n|move|p2b: Sinistcha|Life Dew||[still]|[spread] p2a,p2b\n|-heal|p2a: Crabominable|74/100\n|-fail|p2b: Sinistcha|heal\n|\n|-weather|RainDance|[upkeep]\n|-heal|p1a: Archaludon|25/100|[from] item: Leftovers\n|upkeep\n|\n|t:|1776159677\n|switch|p1b: Palafin|Palafin-Hero, L50, M|100/100\n|-activate|p1b: Palafin|ability: Zero to Hero\n|turn|4\n|\n|t:|1776159695\n|switch|p1a: Garchomp|Garchomp, L50, F|100/100\n|move|p2a: Crabominable|Drain Punch|p1a: Garchomp\n|-damage|p1a: Garchomp|38/100\n|-heal|p2a: Crabominable|100/100|[from] drain|[of] p1a: Garchomp\n|move|p2b: Sinistcha|Matcha Gotcha|p1a: Garchomp|[spread] p1a,p1b\n|-supereffective|p1b: Palafin|1\n|-damage|p1a: Garchomp|10/100\n|-damage|p1b: Palafin|42/100\n|move|p1b: Palafin|Wave Crash|p2a: Crabominable\n|-damage|p2a: Crabominable|3/100\n|-damage|p1b: Palafin|6/100|[from] Recoil\n|\n|-weather|RainDance|[upkeep]\n|upkeep\n|turn|5\n|c|\u2606wildgoosechase|gg lmao\n|\n|t:|1776159726\n|move|p2a: Crabominable|Mach Punch|p1a: Garchomp\n|-damage|p1a: Garchomp|0 fnt\n|faint|p1a: Garchomp\n|move|p2b: Sinistcha|Matcha Gotcha|p1b: Palafin\n|-supereffective|p1b: Palafin|1\n|-damage|p1b: Palafin|0 fnt\n|faint|p1b: Palafin\n|\n|-weather|RainDance|[upkeep]\n|-fieldend|move: Trick Room\n|upkeep\n|\n|t:|1776159737\n|switch|p1b: Archaludon|Archaludon, L50, F|25/100\n|turn|6\n|\n|t:|1776159744\n|move|p2a: Crabominable|Mach Punch|p1b: Archaludon\n|-supereffective|p1b: Archaludon|1\n|-damage|p1b: Archaludon|0 fnt\n|faint|p1b: Archaludon\n|\n|win|baisheng\n|raw|wildgoosechase's rating: 1103 &rarr; <strong>1081</strong><br />(-22 for losing)\n|raw|baisheng's rating: 1142 &rarr; <strong>1164</strong><br />(+22 for winning)\n|l|\u2606wildgoosechase\n|player|p1|\n",
  "uploadtime": 1776159751,
  "views": 28,
  "formatid": "gen9championsvgc2026regma",
  "rating": 1081,
  "private": 0,
  "password": null
}