{
  "id": "gen9championsvgc2026regma-2582711667",
  "format": "[Gen 9 Champions] VGC 2026 Reg M-A",
  "players": [
    "MakeItRain30%",
    "SkelyStealth"
  ],
  "log": "|j|\u203dMakeItRain30%\n|j|\u2606SkelyStealth\n|t:|1776108918\n|gametype|doubles\n|player|p1|MakeItRain30%|lucas|1111\n|player|p2|SkelyStealth|yellow|1166\n|gen|9\n|tier|[Gen 9 Champions] VGC 2026 Reg M-A\n|rated|\n|rule|Species Clause: Limit one of each Pok\u00e9mon\n|rule|Item Clause: Limit 1 of each item\n|clearpoke\n|poke|p1|Floette-Eternal, L50, F|\n|poke|p1|Whimsicott, L50, F|\n|poke|p1|Maushold-Four, L50|\n|poke|p1|Sneasler, L50, M|\n|poke|p1|Basculegion, L50, M|\n|poke|p1|Garchomp, L50, M|\n|poke|p2|Farigiraf, L50, F|\n|poke|p2|Mimikyu, L50, M|\n|poke|p2|Incineroar, L50, M|\n|poke|p2|Torkoal, L50, F|\n|poke|p2|Crabominable, L50, M|\n|poke|p2|Armarouge, L50, F|\n|teampreview|4\n|inactive|Battle timer is ON: inactive players will automatically lose when time's up. (requested by MakeItRain30%)\n|inactive|MakeItRain30% has 60 seconds left.\n|\n|t:|1776108957\n|teamsize|p1|4\n|teamsize|p2|4\n|start\n|switch|p1a: Basculegion|Basculegion, L50, M|100/100\n|switch|p1b: Floette|Floette-Eternal, L50, F|100/100\n|switch|p2a: Armarouge|Armarouge, L50, F|100/100\n|switch|p2b: Lazy Cat|Incineroar, L50, M|100/100\n|-ability|p2b: Lazy Cat|Intimidate|boost\n|-unboost|p1a: Basculegion|atk|1\n|-unboost|p1b: Floette|atk|1\n|turn|1\n|inactive|MakeItRain30% has 30 seconds left.\n|\n|t:|1776108984\n|switch|p1b: Garchomp|Garchomp, L50, M|100/100\n|switch|p2b: This fffire|Torkoal, L50, F|100/100\n|-weather|SunnyDay|[from] ability: Drought|[of] p2b: This fffire\n|move|p1a: Basculegion|Flip Turn|p2a: Armarouge\n|-supereffective|p2a: Armarouge|1\n|-crit|p2a: Armarouge\n|-damage|p2a: Armarouge|44/100\n|\n|t:|1776108998\n|switch|p1a: Maushold|Maushold-Four, L50|100/100|[from] Flip Turn\n|move|p2a: Armarouge|Trick Room|p2a: Armarouge\n|-fieldstart|move: Trick Room|[of] p2a: Armarouge\n|\n|-weather|SunnyDay|[upkeep]\n|upkeep\n|turn|2\n|\n|t:|1776109011\n|move|p1a: Maushold|Protect|p1a: Maushold\n|-singleturn|p1a: Maushold|Protect\n|move|p2b: This fffire|Eruption|p1a: Maushold|[spread] p1b\n|-activate|p1a: Maushold|move: Protect\n|-resisted|p1b: Garchomp|1\n|-damage|p1b: Garchomp|69/100\n|move|p2a: Armarouge|Armor Cannon|p1b: Garchomp\n|-resisted|p1b: Garchomp|1\n|-damage|p1b: Garchomp|31/100\n|-unboost|p2a: Armarouge|def|1\n|-unboost|p2a: Armarouge|spd|1\n|move|p1b: Garchomp|Earthquake|p2b: This fffire|[spread] p2a,p2b\n|-activate|p1a: Maushold|move: Protect\n|-supereffective|p2a: Armarouge|1\n|-supereffective|p2b: This fffire|1\n|-damage|p2a: Armarouge|0 fnt\n|-damage|p2b: This fffire|38/100\n|faint|p2a: Armarouge\n|\n|-weather|SunnyDay|[upkeep]\n|upkeep\n|inactive|SkelyStealth has 30 seconds left.\n|\n|t:|1776109039\n|switch|p2a: Kani|Crabominable, L50, M|100/100\n|turn|3\n|\n|t:|1776109059\n|detailschange|p2a: Kani|Crabominable-Mega, L50, M\n|-mega|p2a: Kani|Crabominable|Crabominite\n|move|p1b: Garchomp|Protect|p1b: Garchomp\n|-singleturn|p1b: Garchomp|Protect\n|move|p2b: This fffire|Weather Ball|p1b: Garchomp\n|-activate|p1b: Garchomp|move: Protect\n|move|p2a: Kani|Ice Hammer|p1a: Maushold\n|-damage|p1a: Maushold|0 fnt\n|-unboost|p2a: Kani|spe|1\n|faint|p1a: Maushold\n|\n|-weather|SunnyDay|[upkeep]\n|upkeep\n|\n|t:|1776109074\n|switch|p1a: Basculegion|Basculegion, L50, M|100/100\n|turn|4\n|\n|t:|1776109092\n|move|p2a: Kani|Ice Hammer|p1b: Garchomp\n|-supereffective|p1b: Garchomp|2\n|-damage|p1b: Garchomp|0 fnt\n|-unboost|p2a: Kani|spe|1\n|-damage|p2a: Kani|88/100|[from] ability: Rough Skin|[of] p1b: Garchomp\n|faint|p1b: Garchomp\n|move|p2b: This fffire|Weather Ball|p1a: Basculegion\n|-resisted|p1a: Basculegion|1\n|-damage|p1a: Basculegion|52/100\n|move|p1a: Basculegion|Flip Turn|p2b: This fffire\n|-supereffective|p2b: This fffire|1\n|-damage|p2b: This fffire|7/100\n|\n|t:|1776109095\n|switch|p1a: Floette|Floette-Eternal, L50, F|100/100|[from] Flip Turn\n|\n|-weather|SunnyDay|[upkeep]\n|upkeep\n|\n|t:|1776109097\n|switch|p1b: Basculegion|Basculegion, L50, M|52/100\n|turn|5\n|\n|t:|1776109111\n|detailschange|p1a: Floette|Floette-Mega, L50, F\n|-mega|p1a: Floette|Floette|Floettite\n|-ability|p1a: Floette|Fairy Aura\n|move|p1a: Floette|Protect|p1a: Floette\n|-singleturn|p1a: Floette|Protect\n|move|p1b: Basculegion|Aqua Jet|p2b: This fffire\n|-supereffective|p2b: This fffire|1\n|-damage|p2b: This fffire|0 fnt\n|faint|p2b: This fffire\n|move|p2a: Kani|Ice Hammer|p1b: Basculegion\n|-resisted|p1b: Basculegion|1\n|-damage|p1b: Basculegion|0 fnt\n|-unboost|p2a: Kani|spe|1\n|faint|p1b: Basculegion\n|\n|-weather|none\n|-fieldend|move: Trick Room\n|upkeep\n|\n|t:|1776109116\n|switch|p2b: Lazy Cat|Incineroar, L50, M|100/100\n|-ability|p2b: Lazy Cat|Intimidate|boost\n|-unboost|p1a: Floette|atk|1\n|turn|6\n|\n|t:|1776109120\n|move|p1a: Floette|Protect|p1a: Floette\n|-singleturn|p1a: Floette|Protect\n|move|p2b: Lazy Cat|Fake Out|p1a: Floette\n|-activate|p1a: Floette|move: Protect\n|move|p2a: Kani|Ice Hammer|p1a: Floette\n|-activate|p1a: Floette|move: Protect\n|\n|upkeep\n|turn|7\n|\n|t:|1776109131\n|move|p2a: Kani|Protect|p2a: Kani\n|-singleturn|p2a: Kani|Protect\n|move|p1a: Floette|Dazzling Gleam|p2a: Kani|[spread] p2b\n|-activate|p2a: Kani|move: Protect\n|-damage|p2b: Lazy Cat|59/100\n|move|p2b: Lazy Cat|Flare Blitz|p1a: Floette\n|-damage|p1a: Floette|37/100\n|-damage|p2b: Lazy Cat|41/100|[from] Recoil\n|\n|upkeep\n|turn|8\n|\n|t:|1776109151\n|move|p1a: Floette|Dazzling Gleam|p2b: Lazy Cat|[spread] p2a,p2b\n|-supereffective|p2a: Kani|1\n|-damage|p2a: Kani|14/100\n|-damage|p2b: Lazy Cat|0 fnt\n|faint|p2b: Lazy Cat\n|move|p2a: Kani|Ice Hammer|p1a: Floette|[miss]\n|-miss|p2a: Kani|p1a: Floette\n|\n|upkeep\n|turn|9\n|\n|t:|1776109160\n|move|p1a: Floette|Moonblast|p2a: Kani\n|-supereffective|p2a: Kani|1\n|-damage|p2a: Kani|0 fnt\n|faint|p2a: Kani\n|\n|win|MakeItRain30%\n|raw|MakeItRain30%'s rating: 1111 &rarr; <strong>1140</strong><br />(+29 for winning)\n|raw|SkelyStealth's rating: 1166 &rarr; <strong>1137</strong><br />(-29 for losing)\n|l|\u2606SkelyStealth\n|player|p2|\n",
  "uploadtime": 1776109162,
  "views": 12,
  "formatid": "gen9championsvgc2026regma",
  "rating": 1137,
  "private": 0,
  "password": null
}