{
  "id": "gen9championsvgc2026regma-2581107583",
  "format": "[Gen 9 Champions] VGC 2026 Reg M-A",
  "players": [
    "520zhb",
    "space9982"
  ],
  "log": "|j|\u2606520zhb\n|j|\u2606space9982\n|t:|1775960563\n|gametype|doubles\n|player|p1|520zhb|169|1435\n|player|p2|space9982|266|1469\n|gen|9\n|tier|[Gen 9 Champions] VGC 2026 Reg M-A\n|rated|\n|rule|Species Clause: Limit one of each Pok\u00e9mon\n|rule|Item Clause: Limit 1 of each item\n|clearpoke\n|poke|p1|Floette-Eternal, L50, F|\n|poke|p1|Aerodactyl, L50, M|\n|poke|p1|Milotic, L50, M|\n|poke|p1|Sinistcha, L50|\n|poke|p1|Incineroar, L50, F|\n|poke|p1|Sneasler, L50, M|\n|poke|p2|Charizard, L50, M|\n|poke|p2|Whimsicott, L50, F|\n|poke|p2|Garchomp, L50, M|\n|poke|p2|Sneasler, L50, M|\n|poke|p2|Incineroar, L50, M|\n|poke|p2|Rotom-Wash, L50|\n|teampreview|4\n|inactive|Battle timer is ON: inactive players will automatically lose when time's up. (requested by 520zhb)\n|inactive|space9982 also wants the timer to be on.\n|j| S.S Anne da Conda\n|inactive|520zhb has 60 seconds left.\n|\n|t:|1775960598\n|teamsize|p1|4\n|teamsize|p2|4\n|start\n|switch|p1a: Aerodactyl|Aerodactyl, L50, M|100/100\n|switch|p1b: Milotic|Milotic, L50, M|100/100\n|switch|p2a: Garchomp|Garchomp, L50, M, shiny|100/100\n|switch|p2b: Rotom|Rotom-Wash, L50, shiny|100/100\n|-ability|p1a: Aerodactyl|Unnerve\n|turn|1\n|inactive|520zhb has 30 seconds left.\n|\n|t:|1775960626\n|move|p1a: Aerodactyl|Protect|p1a: Aerodactyl\n|-singleturn|p1a: Aerodactyl|Protect\n|move|p2a: Garchomp|Rock Slide|p1a: Aerodactyl|[spread] p1b\n|-activate|p1a: Aerodactyl|move: Protect\n|-damage|p1b: Milotic|77/100\n|move|p1b: Milotic|Coil|p1b: Milotic\n|-boost|p1b: Milotic|atk|1\n|-boost|p1b: Milotic|def|1\n|-boost|p1b: Milotic|accuracy|1\n|move|p2b: Rotom|Thunderbolt|p1b: Milotic\n|-supereffective|p1b: Milotic|1\n|-damage|p1b: Milotic|11/100\n|\n|-heal|p1b: Milotic|17/100|[from] item: Leftovers\n|upkeep\n|turn|2\n|j| VProfugus\n|j| gE1xjZRtuhW2DdT0AK\n|inactive|520zhb has 30 seconds left.\n|l| gE1xjZRtuhW2DdT0AK\n|\n|t:|1775960653\n|move|p2a: Garchomp|Rock Slide|p1b: Milotic|[spread] p1a,p1b\n|-supereffective|p1a: Aerodactyl|1\n|-damage|p1a: Aerodactyl|33/100\n|-damage|p1b: Milotic|2/100\n|move|p1a: Aerodactyl|Tailwind|p1a: Aerodactyl\n|-sidestart|p1: 520zhb|move: Tailwind\n|move|p1b: Milotic|Hypnosis|p2b: Rotom\n|-status|p2b: Rotom|slp|[from] move: Hypnosis\n|cant|p2b: Rotom|slp\n|\n|-heal|p1b: Milotic|8/100|[from] item: Leftovers\n|upkeep\n|turn|3\n|\n|t:|1775960674\n|switch|p1a: Sneasler|Sneasler, L50, M|100/100\n|switch|p2b: Whimsicott|Whimsicott, L50, F, shiny|100/100\n|move|p1b: Milotic|Icy Wind|p2a: Garchomp|[spread] p2a,p2b\n|-supereffective|p2a: Garchomp|2\n|-supereffective|p2b: Whimsicott|1\n|-damage|p2a: Garchomp|61/100\n|-damage|p2b: Whimsicott|68/100\n|-unboost|p2a: Garchomp|spe|1\n|-unboost|p2b: Whimsicott|spe|1\n|move|p2a: Garchomp|Rock Slide|p1a: Sneasler|[spread] p1a,p1b\n|-resisted|p1a: Sneasler|1\n|-damage|p1a: Sneasler|83/100\n|-damage|p1b: Milotic|0 fnt\n|faint|p1b: Milotic\n|\n|upkeep\n|c| VProfugus|coil hypnosis milotic is wild.\n|\n|t:|1775960697\n|switch|p1b: Floette|Floette-Eternal, L50, F|100/100\n|turn|4\n|\n|t:|1775960710\n|switch|p2b: Rotom|Rotom-Wash, L50, shiny|100/100 slp\n|detailschange|p1b: Floette|Floette-Mega, L50, F\n|-mega|p1b: Floette|Floette|Floettite\n|-ability|p1b: Floette|Fairy Aura\n|move|p1a: Sneasler|Dire Claw|p2b: Rotom\n|-damage|p2b: Rotom|54/100 slp\n|move|p1b: Floette|Dazzling Gleam|p2b: Rotom|[spread] p2a,p2b\n|-supereffective|p2a: Garchomp|1\n|-damage|p2a: Garchomp|0 fnt\n|-damage|p2b: Rotom|10/100 slp\n|-enditem|p2b: Rotom|Sitrus Berry|[eat]\n|-heal|p2b: Rotom|35/100 slp|[from] item: Sitrus Berry\n|faint|p2a: Garchomp\n|\n|upkeep\n|l| VProfugus\n|\n|t:|1775960713\n|switch|p2a: Whimsicott|Whimsicott, L50, F, shiny|68/100\n|turn|5\n|j| VProfugus\n|\n|t:|1775960737\n|switch|p1b: Aerodactyl|Aerodactyl, L50, M|33/100\n|-ability|p1b: Aerodactyl|Unnerve\n|cant|p2b: Rotom|slp\n|move|p2a: Whimsicott|Tailwind|p2a: Whimsicott\n|-sidestart|p2: space9982|move: Tailwind\n|move|p1a: Sneasler|Dire Claw|p2a: Whimsicott\n|-supereffective|p2a: Whimsicott|2\n|-damage|p2a: Whimsicott|0 fnt\n|faint|p2a: Whimsicott\n|\n|-sideend|p1: 520zhb|move: Tailwind\n|upkeep\n|\n|t:|1775960748\n|switch|p2a: Charizard|Charizard, L50, M, shiny|100/100\n|turn|6\n|l| VProfugus\n|\n|t:|1775960760\n|detailschange|p2a: Charizard|Charizard-Mega-Y, L50, M, shiny\n|-mega|p2a: Charizard|Charizard|Charizardite Y\n|-weather|SunnyDay|[from] ability: Drought|[of] p2a: Charizard\n|move|p2a: Charizard|Heat Wave|p1a: Sneasler|[spread] p1a,p1b\n|-resisted|p1b: Aerodactyl|1\n|-damage|p1a: Sneasler|0 fnt\n|-damage|p1b: Aerodactyl|0 fnt\n|faint|p1a: Sneasler\n|faint|p1b: Aerodactyl\n|-curestatus|p2b: Rotom|slp|[msg]\n|move|p2b: Rotom|Thunderbolt|p1: Sneasler|[notarget]\n|-fail|p2b: Rotom\n|\n|-weather|SunnyDay|[upkeep]\n|upkeep\n|-message|520zhb forfeited.\n|\n|win|space9982\n|raw|520zhb's rating: 1435 &rarr; <strong>1417</strong><br />(-18 for losing)\n|raw|space9982's rating: 1469 &rarr; <strong>1487</strong><br />(+18 for winning)\n|l|\u2606520zhb\n|player|p1|\n|l|\u2606space9982\n|player|p2|\n|l| S.S Anne da Conda\n",
  "uploadtime": 1775960781,
  "views": 75,
  "formatid": "gen9championsvgc2026regma",
  "rating": 1417,
  "private": 0,
  "password": null
}