{
  "id": "gen9championsvgc2026regma-2588151621",
  "format": "[Gen 9 Champions] VGC 2026 Reg M-A",
  "players": [
    "Crispytoesss",
    "littlepotato13"
  ],
  "log": "|j|\u2606Crispytoesss\n|j|\u2606littlepotato13\n|t:|1776609465\n|gametype|doubles\n|player|p1|Crispytoesss|silver|1343\n|player|p2|littlepotato13|102|1410\n|gen|9\n|tier|[Gen 9 Champions] VGC 2026 Reg M-A\n|rated|\n|rule|Species Clause: Limit one of each Pok\u00e9mon\n|rule|Item Clause: Limit 1 of each item\n|clearpoke\n|poke|p1|Pidgeot, L50, M, shiny|\n|poke|p1|Farigiraf, L50, M|\n|poke|p1|Incineroar, L50, M|\n|poke|p1|Basculegion, L50, M|\n|poke|p1|Dragapult, L50, M, shiny|\n|poke|p1|Sneasler, L50, M, shiny|\n|poke|p2|Pelipper, L50, F|\n|poke|p2|Archaludon, L50, F|\n|poke|p2|Basculegion, L50, M|\n|poke|p2|Sinistcha, L50|\n|poke|p2|Incineroar, L50, F|\n|poke|p2|Lucario, L50, M|\n|teampreview|4\n|inactive|Battle timer is ON: inactive players will automatically lose when time's up. (requested by littlepotato13)\n|\n|t:|1776609489\n|teamsize|p1|4\n|teamsize|p2|4\n|start\n|switch|p1a: piss birb|Pidgeot, L50, M, shiny|100/100\n|switch|p1b: piss thing|Sneasler, L50, M, shiny|100/100\n|switch|p2a: Archaludon|Archaludon, L50, F|100/100\n|switch|p2b: Pelipper|Pelipper, L50, F|100/100\n|-weather|RainDance|[from] ability: Drizzle|[of] p2b: Pelipper\n|turn|1\n|\n|t:|1776609508\n|detailschange|p1a: piss birb|Pidgeot-Mega, L50, M, shiny\n|-mega|p1a: piss birb|Pidgeot|Pidgeotite\n|move|p2a: Archaludon|Protect|p2a: Archaludon\n|-singleturn|p2a: Archaludon|Protect\n|move|p1b: piss thing|Fake Out|p2b: Pelipper\n|-damage|p2b: Pelipper|79/100\n|move|p1a: piss birb|Tailwind|p1a: piss birb\n|-sidestart|p1: Crispytoesss|move: Tailwind\n|cant|p2b: Pelipper|flinch\n|\n|-weather|RainDance|[upkeep]\n|upkeep\n|turn|2\n|\n|t:|1776609530\n|move|p1a: piss birb|Hurricane|p2b: Pelipper\n|-damage|p2b: Pelipper|0 fnt\n|faint|p2b: Pelipper\n|move|p1b: piss thing|Close Combat|p2a: Archaludon\n|-supereffective|p2a: Archaludon|1\n|-ability|p2a: Archaludon|Sturdy\n|-damage|p2a: Archaludon|1/100\n|-unboost|p1b: piss thing|def|1\n|-unboost|p1b: piss thing|spd|1\n|move|p2a: Archaludon|Electro Shot||[still]\n|-prepare|p2a: Archaludon|Electro Shot\n|-boost|p2a: Archaludon|spa|1\n|-anim|p2a: Archaludon|Electro Shot|p1b: piss thing\n|-enditem|p1b: piss thing|Focus Sash\n|-damage|p1b: piss thing|1/100\n|\n|-weather|RainDance|[upkeep]\n|upkeep\n|\n|t:|1776609544\n|switch|p2b: Lucario|Lucario, L50, M|100/100\n|turn|3\n|\n|t:|1776609556\n|move|p2b: Lucario|Protect|p2b: Lucario\n|-singleturn|p2b: Lucario|Protect\n|move|p2a: Archaludon|Protect|p2a: Archaludon\n|-singleturn|p2a: Archaludon|Protect\n|move|p1b: piss thing|Close Combat|p2b: Lucario\n|-activate|p2b: Lucario|move: Protect\n|move|p1a: piss birb|Heat Wave|p2b: Lucario|[spread] \n|-activate|p2a: Archaludon|move: Protect\n|-activate|p2b: Lucario|move: Protect\n|\n|-weather|RainDance|[upkeep]\n|upkeep\n|turn|4\n|\n|t:|1776609566\n|switch|p2a: Basculegion|Basculegion, L50, M|100/100\n|detailschange|p2b: Lucario|Lucario-Mega, L50, M\n|-mega|p2b: Lucario|Lucario|Lucarionite\n|move|p2b: Lucario|Bullet Punch|p1b: piss thing\n|-damage|p1b: piss thing|0 fnt\n|faint|p1b: piss thing\n|move|p1a: piss birb|Heat Wave|p2a: Basculegion|[spread] p2a,p2b\n|-resisted|p2a: Basculegion|1\n|-supereffective|p2b: Lucario|1\n|-damage|p2a: Basculegion|94/100\n|-damage|p2b: Lucario|57/100\n|-status|p2b: Lucario|brn\n|\n|-weather|RainDance|[upkeep]\n|-damage|p2b: Lucario|51/100 brn|[from] brn\n|-sideend|p1: Crispytoesss|move: Tailwind\n|upkeep\n|\n|t:|1776609584\n|switch|p1b: piss jet|Dragapult, L50, M, shiny|100/100\n|turn|5\n|\n|t:|1776609608\n|move|p1b: piss jet|Protect|p1b: piss jet\n|-singleturn|p1b: piss jet|Protect\n|move|p2a: Basculegion|Wave Crash|p1a: piss birb\n|-damage|p1a: piss birb|0 fnt\n|faint|p1a: piss birb\n|-damage|p2a: Basculegion|68/100|[from] Recoil\n|move|p2b: Lucario|Meteor Mash|p1b: piss jet\n|-activate|p1b: piss jet|move: Protect\n|\n|-weather|none\n|-damage|p2b: Lucario|45/100 brn|[from] brn\n|upkeep\n|\n|t:|1776609615\n|switch|p1a: Basculegion|Basculegion, L50, M|100/100\n|turn|6\n|\n|t:|1776609632\n|switch|p2a: Archaludon|Archaludon, L50, F|1/100\n|move|p2b: Lucario|Protect|p2b: Lucario\n|-singleturn|p2b: Lucario|Protect\n|move|p1a: Basculegion|Last Respects|p2a: Archaludon\n|-damage|p2a: Archaludon|0 fnt\n|faint|p2a: Archaludon\n|move|p1b: piss jet|Phantom Force||[still]\n|-prepare|p1b: piss jet|Phantom Force\n|\n|-damage|p2b: Lucario|39/100 brn|[from] brn\n|upkeep\n|\n|t:|1776609637\n|switch|p2a: Basculegion|Basculegion, L50, M|68/100\n|turn|7\n|\n|t:|1776609649\n|move|p2a: Basculegion|Last Respects|p1a: Basculegion\n|-supereffective|p1a: Basculegion|1\n|-damage|p1a: Basculegion|0 fnt\n|faint|p1a: Basculegion\n|move|p1b: piss jet|Phantom Force|p2a: Basculegion|[from] lockedmove\n|-supereffective|p2a: Basculegion|1\n|-damage|p2a: Basculegion|0 fnt\n|faint|p2a: Basculegion\n|move|p2b: Lucario|Meteor Mash|p1b: piss jet|[miss]\n|-miss|p2b: Lucario|p1b: piss jet\n|\n|-damage|p2b: Lucario|32/100 brn|[from] brn\n|upkeep\n|turn|8\n|\n|t:|1776609661\n|move|p1b: piss jet|Phantom Force||[still]\n|-prepare|p1b: piss jet|Phantom Force\n|move|p2b: Lucario|Meteor Mash|p1b: piss jet|[miss]\n|-miss|p2b: Lucario|p1b: piss jet\n|\n|-damage|p2b: Lucario|26/100 brn|[from] brn\n|upkeep\n|turn|9\n|-message|littlepotato13 forfeited.\n|\n|win|Crispytoesss\n|raw|Crispytoesss's rating: 1343 &rarr; <strong>1367</strong><br />(+24 for winning)\n|raw|littlepotato13's rating: 1410 &rarr; <strong>1386</strong><br />(-24 for losing)\n|l|\u2606littlepotato13\n|player|p2|\n",
  "uploadtime": 1776609676,
  "views": 11,
  "formatid": "gen9championsvgc2026regma",
  "rating": 1367,
  "private": 0,
  "password": null
}