{
  "id": "gen9championsvgc2026regma-2583078397",
  "format": "[Gen 9 Champions] VGC 2026 Reg M-A",
  "players": [
    "ScribbleScribble",
    "azumarillsky"
  ],
  "log": "|j|\u2606ScribbleScribble\n|j|\u2606azumarillsky\n|t:|1776139547\n|gametype|doubles\n|player|p1|ScribbleScribble|mina-lgpe|1572\n|player|p2|azumarillsky|169|1516\n|gen|9\n|tier|[Gen 9 Champions] VGC 2026 Reg M-A\n|rated|\n|rule|Species Clause: Limit one of each Pok\u00e9mon\n|rule|Item Clause: Limit 1 of each item\n|clearpoke\n|poke|p1|Floette-Eternal, L50, F|\n|poke|p1|Sneasler, L50, F|\n|poke|p1|Aerodactyl, L50, F|\n|poke|p1|Sinistcha-Masterpiece, L50|\n|poke|p1|Kingambit, L50, M|\n|poke|p1|Basculegion, L50, M|\n|poke|p2|Lopunny, L50, M|\n|poke|p2|Kingambit, L50, M|\n|poke|p2|Scizor, L50, M|\n|poke|p2|Kommo-o, L50, M|\n|poke|p2|Hydreigon, L50, F|\n|poke|p2|Gyarados, L50, F|\n|teampreview|4\n|inactive|Battle timer is ON: inactive players will automatically lose when time's up. (requested by ScribbleScribble)\n|j| fishmeister776\n|l| fishmeister776\n|inactive|ScribbleScribble has 60 seconds left.\n|inactive|azumarillsky has 60 seconds left.\n|\n|t:|1776139591\n|teamsize|p1|4\n|teamsize|p2|4\n|start\n|switch|p1a: Basculegion|Basculegion, L50, M|100/100\n|switch|p1b: Sneasler|Sneasler, L50, F|100/100\n|switch|p2a: Kingambit|Kingambit, L50, M|100/100\n|switch|p2b: Hydreigon|Hydreigon, L50, F|100/100\n|turn|1\n|\n|t:|1776139614\n|switch|p1a: Aerodactyl|Aerodactyl, L50, F|100/100\n|-ability|p1a: Aerodactyl|Unnerve\n|move|p2a: Kingambit|Sucker Punch||[still]\n|-fail|p2a: Kingambit\n|move|p1b: Sneasler|Close Combat|p2b: Hydreigon\n|-supereffective|p2b: Hydreigon|1\n|-enditem|p2b: Hydreigon|Focus Sash\n|-damage|p2b: Hydreigon|1/100\n|-unboost|p1b: Sneasler|def|1\n|-unboost|p1b: Sneasler|spd|1\n|-enditem|p1b: Sneasler|White Herb\n|-clearnegativeboost|p1b: Sneasler|[silent]\n|move|p2b: Hydreigon|Draco Meteor|p1b: Sneasler\n|-damage|p1b: Sneasler|8/100\n|-unboost|p2b: Hydreigon|spa|2\n|\n|upkeep\n|turn|2\n|j| sheikhswampert\n|inactive|azumarillsky has 30 seconds left.\n|\n|t:|1776139647\n|switch|p1b: Kingambit|Kingambit, L50, M|100/100\n|switch|p2b: Scizor|Scizor, L50, M|100/100\n|move|p2a: Kingambit|Sucker Punch||[still]\n|-fail|p2a: Kingambit\n|move|p1a: Aerodactyl|Rock Slide|p2b: Scizor|[spread] p2a,p2b\n|-resisted|p2a: Kingambit|1\n|-damage|p2a: Kingambit|92/100\n|-damage|p2b: Scizor|74/100\n|\n|upkeep\n|turn|3\n|\n|t:|1776139666\n|detailschange|p2b: Scizor|Scizor-Mega, L50, M\n|-mega|p2b: Scizor|Scizor|Scizorite\n|move|p1a: Aerodactyl|Tailwind|p1a: Aerodactyl\n|-sidestart|p1: ScribbleScribble|move: Tailwind\n|move|p1b: Kingambit|Kowtow Cleave|p2b: Scizor\n|-damage|p2b: Scizor|28/100\n|move|p2b: Scizor|Bug Bite|p1b: Kingambit\n|-damage|p1b: Kingambit|62/100\n|move|p2a: Kingambit|Iron Head|p1a: Aerodactyl\n|-supereffective|p1a: Aerodactyl|1\n|-enditem|p1a: Aerodactyl|Focus Sash\n|-damage|p1a: Aerodactyl|1/100\n|\n|upkeep\n|turn|4\n|inactive|azumarillsky has 30 seconds left.\n|\n|t:|1776139693\n|move|p2b: Scizor|Protect|p2b: Scizor\n|-singleturn|p2b: Scizor|Protect\n|move|p1b: Kingambit|Sucker Punch||[still]\n|-fail|p1b: Kingambit\n|move|p1a: Aerodactyl|Rock Slide|p2a: Kingambit|[spread] p2a\n|-activate|p2b: Scizor|move: Protect\n|-resisted|p2a: Kingambit|1\n|-damage|p2a: Kingambit|83/100\n|move|p2a: Kingambit|Kowtow Cleave|p1a: Aerodactyl\n|-damage|p1a: Aerodactyl|0 fnt\n|faint|p1a: Aerodactyl\n|\n|upkeep\n|\n|t:|1776139696\n|switch|p1a: Sneasler|Sneasler, L50, F|8/100\n|turn|5\n|\n|t:|1776139717\n|switch|p2a: Hydreigon|Hydreigon, L50, F|1/100\n|move|p2b: Scizor|Protect||[still]\n|-fail|p2b: Scizor\n|move|p1b: Kingambit|Sucker Punch||[still]\n|-fail|p1b: Kingambit\n|move|p1a: Sneasler|Close Combat|p2a: Hydreigon\n|-supereffective|p2a: Hydreigon|1\n|-damage|p2a: Hydreigon|0 fnt\n|-unboost|p1a: Sneasler|def|1\n|-unboost|p1a: Sneasler|spd|1\n|faint|p2a: Hydreigon\n|\n|upkeep\n|\n|t:|1776139731\n|switch|p2a: Kingambit|Kingambit, L50, M|83/100\n|turn|6\n|\n|t:|1776139743\n|move|p2b: Scizor|Protect|p2b: Scizor\n|-singleturn|p2b: Scizor|Protect\n|move|p2a: Kingambit|Sucker Punch|p1a: Sneasler\n|-resisted|p1a: Sneasler|1\n|-damage|p1a: Sneasler|0 fnt\n|faint|p1a: Sneasler\n|move|p1b: Kingambit|Kowtow Cleave|p2b: Scizor\n|-activate|p2b: Scizor|move: Protect\n|\n|-sideend|p1: ScribbleScribble|move: Tailwind\n|upkeep\n|\n|t:|1776139745\n|switch|p1a: Basculegion|Basculegion, L50, M|100/100\n|turn|7\n|j| xtanhy\n|\n|t:|1776139767\n|move|p1a: Basculegion|Aqua Jet|p2b: Scizor\n|-damage|p2b: Scizor|8/100\n|move|p2b: Scizor|Bullet Punch|p1b: Kingambit\n|-resisted|p1b: Kingambit|1\n|-damage|p1b: Kingambit|49/100\n|move|p2a: Kingambit|Sucker Punch||[still]\n|-fail|p2a: Kingambit\n|move|p1b: Kingambit|Iron Head|p2a: Kingambit\n|-resisted|p2a: Kingambit|1\n|-damage|p2a: Kingambit|64/100\n|\n|upkeep\n|turn|8\n|\n|t:|1776139785\n|move|p1a: Basculegion|Aqua Jet|p2a: Kingambit\n|-damage|p2a: Kingambit|45/100\n|move|p2b: Scizor|Bug Bite|p1b: Kingambit\n|-damage|p1b: Kingambit|5/100\n|move|p2a: Kingambit|Kowtow Cleave|p1a: Basculegion\n|-supereffective|p1a: Basculegion|1\n|-damage|p1a: Basculegion|0 fnt\n|faint|p1a: Basculegion\n|move|p1b: Kingambit|Iron Head|p2a: Kingambit\n|-resisted|p2a: Kingambit|1\n|-damage|p2a: Kingambit|27/100\n|\n|upkeep\n|turn|9\n|-message|ScribbleScribble forfeited.\n|\n|win|azumarillsky\n|raw|ScribbleScribble's rating: 1572 &rarr; <strong>1549</strong><br />(-23 for losing)\n|raw|azumarillsky's rating: 1516 &rarr; <strong>1539</strong><br />(+23 for winning)\n|l|\u2606ScribbleScribble\n|player|p1|\n",
  "uploadtime": 1776139799,
  "views": 132,
  "formatid": "gen9championsvgc2026regma",
  "rating": 1539,
  "private": 0,
  "password": null
}