{
  "id": "gen9championsvgc2026regma-2582906000",
  "format": "[Gen 9 Champions] VGC 2026 Reg M-A",
  "players": [
    "Nskksks",
    "anonymous_snorlax"
  ],
  "log": "|j|\u2606Nskksks\n|j|\u2606anonymous_snorlax\n|t:|1776123797\n|gametype|doubles\n|player|p1|Nskksks|1|1033\n|player|p2|anonymous_snorlax|265|1109\n|gen|9\n|tier|[Gen 9 Champions] VGC 2026 Reg M-A\n|rated|\n|rule|Species Clause: Limit one of each Pok\u00e9mon\n|rule|Item Clause: Limit 1 of each item\n|clearpoke\n|poke|p1|Floette-Eternal, L50, F|\n|poke|p1|Incineroar, L50, M|\n|poke|p1|Garchomp, L50, M|\n|poke|p1|Whimsicott, L50, M|\n|poke|p1|Basculegion, L50, M|\n|poke|p1|Corviknight, L50, M|\n|poke|p2|Snorlax, L50, M|\n|poke|p2|Clefable, L50, F|\n|poke|p2|Rotom-Wash, L50|\n|poke|p2|Incineroar, L50, F|\n|poke|p2|Sinistcha, L50|\n|poke|p2|Sneasler, L50, M|\n|teampreview|4\n|inactive|Battle timer is ON: inactive players will automatically lose when time's up. (requested by anonymous_snorlax)\n|\n|t:|1776123824\n|teamsize|p1|4\n|teamsize|p2|4\n|start\n|switch|p1a: Garchomp|Garchomp, L50, M|100/100\n|switch|p1b: Corviknight|Corviknight, L50, M|100/100\n|switch|p2a: Clefable|Clefable, L50, F|100/100\n|switch|p2b: Snorlax|Snorlax, L50, M|100/100\n|turn|1\n|inactive|anonymous_snorlax has 30 seconds left.\n|\n|t:|1776123852\n|detailschange|p2a: Clefable|Clefable-Mega, L50, F\n|-mega|p2a: Clefable|Clefable|Clefablite\n|move|p2a: Clefable|Follow Me|p2a: Clefable\n|-singleturn|p2a: Clefable|move: Follow Me\n|move|p1a: Garchomp|Earthquake|p2b: Snorlax|[spread] p2b\n|-immune|p1b: Corviknight\n|-immune|p2a: Clefable\n|-damage|p2b: Snorlax|72/100\n|move|p1b: Corviknight|Tailwind|p1b: Corviknight\n|-sidestart|p1: Nskksks|move: Tailwind\n|move|p2b: Snorlax|Belly Drum|p2b: Snorlax\n|-damage|p2b: Snorlax|22/100\n|-setboost|p2b: Snorlax|atk|6|[from] move: Belly Drum\n|-enditem|p2b: Snorlax|Sitrus Berry|[eat]\n|-heal|p2b: Snorlax|47/100|[from] item: Sitrus Berry\n|\n|upkeep\n|turn|2\n|inactive|Nskksks has 30 seconds left.\n|\n|t:|1776123878\n|move|p1a: Garchomp|Earthquake|p2b: Snorlax|[spread] p2b\n|-immune|p1b: Corviknight\n|-immune|p2a: Clefable\n|-damage|p2b: Snorlax|14/100\n|move|p1b: Corviknight|U-turn|p2b: Snorlax\n|-damage|p2b: Snorlax|4/100\n|\n|t:|1776123889\n|switch|p1b: Basculegion|Basculegion, L50, M|100/100|[from] U-turn\n|move|p2a: Clefable|Life Dew||[still]|[spread] p2a,p2b\n|-fail|p2a: Clefable|heal\n|-heal|p2b: Snorlax|29/100\n|move|p2b: Snorlax|Facade|p1a: Garchomp\n|-damage|p1a: Garchomp|0 fnt\n|-damage|p2b: Snorlax|16/100|[from] ability: Rough Skin|[of] p1a: Garchomp\n|faint|p1a: Garchomp\n|\n|upkeep\n|\n|t:|1776123897\n|switch|p1a: Floette|Floette-Eternal, L50, F|100/100\n|turn|3\n|\n|t:|1776123909\n|switch|p2a: Sinistcha|Sinistcha, L50|100/100\n|-heal|p2b: Snorlax|41/100|[from] ability: Hospitality|[of] p2a: Sinistcha\n|detailschange|p1a: Floette|Floette-Mega, L50, F\n|-mega|p1a: Floette|Floette|Floettite\n|-ability|p1a: Floette|Fairy Aura\n|move|p2b: Snorlax|Protect|p2b: Snorlax\n|-singleturn|p2b: Snorlax|Protect\n|move|p1b: Basculegion|Waterfall|p2b: Snorlax\n|-activate|p2b: Snorlax|move: Protect\n|move|p1a: Floette|Light of Ruin|p2a: Sinistcha\n|-damage|p2a: Sinistcha|2/100\n|-damage|p1a: Floette|41/100|[from] Recoil\n|\n|upkeep\n|turn|4\n|inactive|Nskksks has 30 seconds left.\n|\n|t:|1776123934\n|move|p2a: Sinistcha|Rage Powder|p2a: Sinistcha\n|-singleturn|p2a: Sinistcha|move: Rage Powder\n|move|p1b: Basculegion|Waterfall|p2a: Sinistcha\n|-resisted|p2a: Sinistcha|1\n|-damage|p2a: Sinistcha|0 fnt\n|faint|p2a: Sinistcha\n|move|p1a: Floette|Draining Kiss|p2b: Snorlax\n|-damage|p2b: Snorlax|17/100\n|-heal|p1a: Floette|73/100|[from] drain|[of] p2b: Snorlax\n|move|p2b: Snorlax|Earthquake|p1b: Basculegion|[spread] p1a,p1b\n|-damage|p1a: Floette|0 fnt\n|-enditem|p1b: Basculegion|Focus Sash\n|-damage|p1b: Basculegion|1/100\n|faint|p1a: Floette\n|\n|-sideend|p1: Nskksks|move: Tailwind\n|upkeep\n|inactive|anonymous_snorlax has 30 seconds left.\n|inactive|anonymous_snorlax has 20 seconds left.\n|inactive|anonymous_snorlax has 15 seconds left.\n|\n|t:|1776123975\n|switch|p1a: Corviknight|Corviknight, L50, M|100/100\n|switch|p2a: Clefable|Clefable-Mega, L50, F|100/100\n|turn|5\n|inactive|Nskksks has 30 seconds left.\n|\n|t:|1776124003\n|move|p1b: Basculegion|Protect|p1b: Basculegion\n|-singleturn|p1b: Basculegion|Protect\n|move|p2a: Clefable|Follow Me|p2a: Clefable\n|-singleturn|p2a: Clefable|move: Follow Me\n|move|p1a: Corviknight|Brave Bird|p2a: Clefable\n|-damage|p2a: Clefable|72/100\n|-damage|p1a: Corviknight|90/100|[from] Recoil\n|move|p2b: Snorlax|Earthquake|p1a: Corviknight|[spread] \n|-activate|p1b: Basculegion|move: Protect\n|-immune|p2a: Clefable\n|-immune|p1a: Corviknight\n|\n|upkeep\n|turn|6\n|inactive|Nskksks has 30 seconds left.\n|\n|t:|1776124035\n|move|p2a: Clefable|Follow Me|p2a: Clefable\n|-singleturn|p2a: Clefable|move: Follow Me\n|move|p1b: Basculegion|Waterfall|p2a: Clefable\n|-damage|p2a: Clefable|35/100\n|move|p1a: Corviknight|Brave Bird|p2a: Clefable\n|-damage|p2a: Clefable|6/100\n|-damage|p1a: Corviknight|79/100|[from] Recoil\n|move|p2b: Snorlax|Earthquake|p1b: Basculegion|[spread] p1b\n|-immune|p2a: Clefable\n|-immune|p1a: Corviknight\n|-damage|p1b: Basculegion|0 fnt\n|faint|p1b: Basculegion\n|\n|upkeep\n|turn|7\n|\n|t:|1776124051\n|move|p2a: Clefable|Follow Me|p2a: Clefable\n|-singleturn|p2a: Clefable|move: Follow Me\n|move|p1a: Corviknight|Brave Bird|p2a: Clefable\n|-damage|p2a: Clefable|0 fnt\n|faint|p2a: Clefable\n|-damage|p1a: Corviknight|76/100|[from] Recoil\n|move|p2b: Snorlax|Facade|p1a: Corviknight\n|-resisted|p1a: Corviknight|1\n|-damage|p1a: Corviknight|33/100\n|\n|upkeep\n|\n|t:|1776124060\n|switch|p2a: Sneasler|Sneasler, L50, M|100/100\n|turn|8\n|\n|t:|1776124066\n|move|p2a: Sneasler|Fake Out|p1a: Corviknight\n|-resisted|p1a: Corviknight|1\n|-damage|p1a: Corviknight|27/100\n|cant|p1a: Corviknight|flinch\n|move|p2b: Snorlax|Facade|p1a: Corviknight\n|-resisted|p1a: Corviknight|1\n|-damage|p1a: Corviknight|0 fnt\n|faint|p1a: Corviknight\n|\n|win|anonymous_snorlax\n|raw|Nskksks's rating: 1033 &rarr; <strong>1021</strong><br />(-12 for losing)\n|raw|anonymous_snorlax's rating: 1109 &rarr; <strong>1129</strong><br />(+20 for winning)\n",
  "uploadtime": 1776124066,
  "views": 10,
  "formatid": "gen9championsvgc2026regma",
  "rating": 1021,
  "private": 0,
  "password": null
}