{
  "id": "gen9championsvgc2026regma-2584940678",
  "format": "[Gen 9 Champions] VGC 2026 Reg M-A",
  "players": [
    "z3zez",
    "KUTF1"
  ],
  "log": "|j|\u2606z3zez\n|j|\u2606KUTF1\n|t:|1776296510\n|gametype|doubles\n|player|p1|z3zez|265|1252\n|player|p2|KUTF1|firebreather|1220\n|gen|9\n|tier|[Gen 9 Champions] VGC 2026 Reg M-A\n|rated|\n|rule|Species Clause: Limit one of each Pok\u00e9mon\n|rule|Item Clause: Limit 1 of each item\n|clearpoke\n|poke|p1|Froslass, L50, F|\n|poke|p1|Sneasler, L50, F|\n|poke|p1|Kingambit, L50, M|\n|poke|p1|Primarina, L50, F|\n|poke|p1|Tsareena, L50, F|\n|poke|p1|Arcanine-Hisui, L50, F|\n|poke|p2|Drampa, L50, F|\n|poke|p2|Emboar, L50, F|\n|poke|p2|Kingambit, L50, M|\n|poke|p2|Decidueye-Hisui, L50, F|\n|poke|p2|Farigiraf, L50, M|\n|poke|p2|Incineroar, L50, M|\n|teampreview|4\n|inactive|Battle timer is ON: inactive players will automatically lose when time's up. (requested by KUTF1)\n|\n|t:|1776296536\n|teamsize|p1|4\n|teamsize|p2|4\n|start\n|switch|p1a: Sneasler|Sneasler, L50, F|100/100\n|switch|p1b: Froslass|Froslass, L50, F, shiny|100/100\n|switch|p2a: Bruh.|Incineroar, L50, M|100/100\n|switch|p2b: Say it Again|Farigiraf, L50, M|100/100\n|-ability|p2a: Bruh.|Intimidate|boost\n|-unboost|p1a: Sneasler|atk|1\n|-unboost|p1b: Froslass|atk|1\n|-enditem|p1a: Sneasler|White Herb\n|-clearnegativeboost|p1a: Sneasler|[silent]\n|turn|1\n|\n|t:|1776296548\n|switch|p1b: Tsareena|Tsareena, L50, F, shiny|100/100\n|move|p1a: Sneasler|Close Combat|p2a: Bruh.\n|-supereffective|p2a: Bruh.|1\n|-damage|p2a: Bruh.|0 fnt\n|-unboost|p1a: Sneasler|def|1\n|-unboost|p1a: Sneasler|spd|1\n|faint|p2a: Bruh.\n|move|p2b: Say it Again|Trick Room|p2b: Say it Again\n|-fieldstart|move: Trick Room|[of] p2b: Say it Again\n|\n|upkeep\n|\n|t:|1776296552\n|switch|p2a: Yamata No Orichi|Drampa, L50, F, shiny|100/100\n|-ability|p2a: Yamata No Orichi|Cloud Nine\n|turn|2\n|\n|t:|1776296559\n|detailschange|p2a: Yamata No Orichi|Drampa-Mega, L50, F, shiny\n|-mega|p2a: Yamata No Orichi|Drampa|Drampanite\n|move|p2a: Yamata No Orichi|Hyper Voice|p1b: Tsareena|[spread] p1a,p1b\n|-damage|p1a: Sneasler|8/100\n|-damage|p1b: Tsareena|49/100\n|move|p2b: Say it Again|Hyper Voice|p1b: Tsareena|[spread] p1a,p1b\n|-damage|p1a: Sneasler|0 fnt\n|-damage|p1b: Tsareena|19/100\n|faint|p1a: Sneasler\n|move|p1b: Tsareena|Triple Axel|p2a: Yamata No Orichi\n|-supereffective|p2a: Yamata No Orichi|1\n|-crit|p2a: Yamata No Orichi\n|-damage|p2a: Yamata No Orichi|78/100\n|-supereffective|p2a: Yamata No Orichi|1\n|-damage|p2a: Yamata No Orichi|55/100\n|-hitcount|p2a: Yamata No Orichi|2\n|\n|upkeep\n|\n|t:|1776296571\n|switch|p1a: Froslass|Froslass, L50, F, shiny|100/100\n|turn|3\n|\n|t:|1776296580\n|detailschange|p1a: Froslass|Froslass-Mega, L50, F, shiny\n|-mega|p1a: Froslass|Froslass|Froslassite\n|-weather|Snowscape|[from] ability: Snow Warning|[of] p1a: Froslass\n|move|p1b: Tsareena|Protect|p1b: Tsareena\n|-singleturn|p1b: Tsareena|Protect\n|move|p2a: Yamata No Orichi|Draco Meteor|p1a: Froslass\n|-damage|p1a: Froslass|0 fnt\n|-unboost|p2a: Yamata No Orichi|spa|2\n|faint|p1a: Froslass\n|move|p2b: Say it Again|Psychic|p1b: Tsareena\n|-activate|p1b: Tsareena|move: Protect\n|\n|-weather|Snowscape|[upkeep]\n|upkeep\n|\n|t:|1776296590\n|switch|p1a: Primarina|Primarina, L50, F, shiny|100/100\n|turn|4\n|\n|t:|1776296596\n|move|p2a: Yamata No Orichi|Hyper Voice|p1a: Primarina|[spread] p1a,p1b\n|-damage|p1a: Primarina|81/100\n|-damage|p1b: Tsareena|0 fnt\n|faint|p1b: Tsareena\n|move|p2b: Say it Again|Hyper Voice|p1a: Primarina\n|-damage|p1a: Primarina|52/100\n|move|p1a: Primarina|Moonblast|p2a: Yamata No Orichi\n|-supereffective|p2a: Yamata No Orichi|1\n|-damage|p2a: Yamata No Orichi|0 fnt\n|faint|p2a: Yamata No Orichi\n|\n|-weather|Snowscape|[upkeep]\n|upkeep\n|\n|t:|1776296599\n|switch|p2a: Konshu\u2019s Will|Decidueye-Hisui, L50, F|100/100\n|turn|5\n|\n|t:|1776296602\n|move|p2a: Konshu\u2019s Will|Leaf Blade|p1a: Primarina\n|-supereffective|p1a: Primarina|1\n|-damage|p1a: Primarina|0 fnt\n|faint|p1a: Primarina\n|\n|win|KUTF1\n|raw|z3zez's rating: 1252 &rarr; <strong>1225</strong><br />(-27 for losing)\n|raw|KUTF1's rating: 1220 &rarr; <strong>1247</strong><br />(+27 for winning)\n",
  "uploadtime": 1776296605,
  "views": 23,
  "formatid": "gen9championsvgc2026regma",
  "rating": 1225,
  "private": 0,
  "password": null
}