{
  "id": "gen9championsvgc2026regma-2588815972",
  "format": "[Gen 9 Champions] VGC 2026 Reg M-A",
  "players": [
    "MorrisPXG456",
    "maxelord15"
  ],
  "log": "|j|\u2606MorrisPXG456\n|j|\u2606maxelord15\n|t:|1776674342\n|gametype|doubles\n|player|p1|MorrisPXG456|colress|1164\n|player|p2|maxelord15|rood|1088\n|gen|9\n|tier|[Gen 9 Champions] VGC 2026 Reg M-A\n|rated|\n|rule|Species Clause: Limit one of each Pok\u00e9mon\n|rule|Item Clause: Limit 1 of each item\n|clearpoke\n|poke|p1|Charizard, L50, F|\n|poke|p1|Milotic, L50, F|\n|poke|p1|Sinistcha, L50|\n|poke|p1|Corviknight, L50, F|\n|poke|p1|Sneasler, L50, M|\n|poke|p1|Ninetales-Alola, L50, F|\n|poke|p2|Feraligatr, L50, F|\n|poke|p2|Whimsicott, L50, M|\n|poke|p2|Lucario, L50, M, shiny|\n|poke|p2|Typhlosion-Hisui, L50, M|\n|poke|p2|Maushold, L50|\n|poke|p2|Rotom-Wash, L50|\n|teampreview|4\n|\n|t:|1776674378\n|teamsize|p1|4\n|teamsize|p2|4\n|start\n|switch|p1a: Ninetales|Ninetales-Alola, L50, F|100/100\n|switch|p1b: Catastrom|Charizard, L50, F|100/100\n|switch|p2a: Typhlosion|Typhlosion-Hisui, L50, M|100/100\n|switch|p2b: Whimsicott|Whimsicott, L50, M|100/100\n|-weather|Snowscape|[from] ability: Snow Warning|[of] p1a: Ninetales\n|turn|1\n|\n|t:|1776674396\n|detailschange|p1b: Catastrom|Charizard-Mega-X, L50, F\n|-mega|p1b: Catastrom|Charizard|Charizardite X\n|move|p2b: Whimsicott|Tailwind|p2b: Whimsicott\n|-sidestart|p2: maxelord15|move: Tailwind\n|move|p2a: Typhlosion|Eruption|p1a: Ninetales|[spread] p1a,p1b\n|-supereffective|p1a: Ninetales|1\n|-resisted|p1b: Catastrom|2\n|-enditem|p1a: Ninetales|Focus Sash\n|-damage|p1a: Ninetales|1/100\n|-damage|p1b: Catastrom|86/100\n|move|p1a: Ninetales|Blizzard|p2a: Typhlosion|[spread] p2a,p2b\n|-resisted|p2a: Typhlosion|1\n|-crit|p2a: Typhlosion\n|-supereffective|p2b: Whimsicott|1\n|-damage|p2a: Typhlosion|69/100\n|-enditem|p2b: Whimsicott|Focus Sash\n|-damage|p2b: Whimsicott|1/100\n|move|p1b: Catastrom|Earthquake|p2a: Typhlosion|[spread] p1a,p2a,p2b\n|-supereffective|p2a: Typhlosion|1\n|-resisted|p2b: Whimsicott|1\n|-damage|p1a: Ninetales|0 fnt\n|-damage|p2a: Typhlosion|0 fnt\n|-damage|p2b: Whimsicott|0 fnt\n|faint|p1a: Ninetales\n|faint|p2a: Typhlosion\n|faint|p2b: Whimsicott\n|\n|-weather|Snowscape|[upkeep]\n|upkeep\n|\n|t:|1776674414\n|switch|p1a: Sneasler|Sneasler, L50, M|100/100\n|switch|p2b: Feraligatr|Feraligatr, L50, F|100/100\n|switch|p2a: Rotom|Rotom-Wash, L50|100/100\n|turn|2\n|\n|t:|1776674432\n|detailschange|p2b: Feraligatr|Feraligatr-Mega, L50, F\n|-mega|p2b: Feraligatr|Feraligatr|Feraligite\n|move|p1b: Catastrom|Protect|p1b: Catastrom\n|-singleturn|p1b: Catastrom|Protect\n|move|p2a: Rotom|Hydro Pump|p1b: Catastrom\n|-activate|p1b: Catastrom|move: Protect\n|move|p2b: Feraligatr|Double-Edge|p1b: Catastrom\n|-activate|p1b: Catastrom|move: Protect\n|move|p1a: Sneasler|Coaching|p1b: Catastrom\n|-boost|p1b: Catastrom|atk|1\n|-boost|p1b: Catastrom|def|1\n|\n|-weather|Snowscape|[upkeep]\n|upkeep\n|turn|3\n|\n|t:|1776674463\n|move|p2a: Rotom|Hydro Pump|p1b: Catastrom\n|-damage|p1b: Catastrom|33/100\n|move|p2b: Feraligatr|Double-Edge|p1b: Catastrom\n|-supereffective|p1b: Catastrom|1\n|-damage|p1b: Catastrom|0 fnt\n|faint|p1b: Catastrom\n|-damage|p2b: Feraligatr|90/100|[from] Recoil\n|move|p1a: Sneasler|Dire Claw|p2b: Feraligatr\n|-damage|p2b: Feraligatr|57/100\n|\n|-weather|Snowscape|[upkeep]\n|upkeep\n|\n|t:|1776674469\n|switch|p1b: Sinistcha|Sinistcha, L50|100/100\n|turn|4\n|\n|t:|1776674488\n|move|p1a: Sneasler|Protect|p1a: Sneasler\n|-singleturn|p1a: Sneasler|Protect\n|move|p2a: Rotom|Will-O-Wisp|p1a: Sneasler\n|-activate|p1a: Sneasler|move: Protect\n|move|p2b: Feraligatr|Double-Edge|p1b: Sinistcha\n|-damage|p1b: Sinistcha|22/100\n|-damage|p2b: Feraligatr|33/100|[from] Recoil\n|move|p1b: Sinistcha|Matcha Gotcha|p2b: Feraligatr|[spread] p2a,p2b\n|-supereffective|p2a: Rotom|1\n|-damage|p2a: Rotom|52/100\n|-heal|p1b: Sinistcha|39/100|[from] drain|[of] p2a: Rotom\n|-damage|p2b: Feraligatr|10/100\n|-heal|p1b: Sinistcha|52/100|[from] drain|[of] p2b: Feraligatr\n|\n|-weather|Snowscape|[upkeep]\n|-sideend|p2: maxelord15|move: Tailwind\n|upkeep\n|turn|5\n|\n|t:|1776674510\n|move|p1b: Sinistcha|Rage Powder|p1b: Sinistcha\n|-singleturn|p1b: Sinistcha|move: Rage Powder\n|move|p1a: Sneasler|Close Combat|p2a: Rotom\n|-damage|p2a: Rotom|0 fnt\n|-unboost|p1a: Sneasler|def|1\n|-unboost|p1a: Sneasler|spd|1\n|faint|p2a: Rotom\n|-enditem|p1a: Sneasler|White Herb\n|-clearnegativeboost|p1a: Sneasler|[silent]\n|move|p2b: Feraligatr|Liquidation|p1b: Sinistcha\n|-resisted|p1b: Sinistcha|1\n|-damage|p1b: Sinistcha|29/100\n|\n|-weather|none\n|upkeep\n|turn|6\n|-message|maxelord15 forfeited.\n|\n|win|MorrisPXG456\n|raw|MorrisPXG456's rating: 1164 &rarr; <strong>1184</strong><br />(+20 for winning)\n|raw|maxelord15's rating: 1088 &rarr; <strong>1070</strong><br />(-18 for losing)\n|l|\u2606maxelord15\n|player|p2|\n",
  "uploadtime": 1776674526,
  "views": 16,
  "formatid": "gen9championsvgc2026regma",
  "rating": 1070,
  "private": 0,
  "password": null
}