{
  "id": "gen9championsvgc2026regma-2586512943",
  "format": "[Gen 9 Champions] VGC 2026 Reg M-A",
  "players": [
    "Boneyard00",
    "logitech69"
  ],
  "log": "|j|\u2606Boneyard00\n|j|\u2606logitech69\n|t:|1776439794\n|gametype|doubles\n|player|p1|Boneyard00|acetrainer-gen4dp|1078\n|player|p2|logitech69|169|1126\n|gen|9\n|tier|[Gen 9 Champions] VGC 2026 Reg M-A\n|rated|\n|rule|Species Clause: Limit one of each Pok\u00e9mon\n|rule|Item Clause: Limit 1 of each item\n|clearpoke\n|poke|p1|Abomasnow, L50, M|\n|poke|p1|Talonflame, L50, M|\n|poke|p1|Avalugg, L50, M|\n|poke|p1|Basculegion, L50, M|\n|poke|p1|Vanilluxe, L50, F|\n|poke|p1|Alcremie-Salted-Cream, L50, F|\n|poke|p2|Gengar, L50, M|\n|poke|p2|Politoed, L50, F|\n|poke|p2|Palafin, L50, F|\n|poke|p2|Sinistcha, L50|\n|poke|p2|Basculegion, L50, M|\n|poke|p2|Chimecho, L50, F|\n|teampreview|4\n|\n|t:|1776439840\n|teamsize|p1|4\n|teamsize|p2|4\n|start\n|switch|p1a: Northwoods|Abomasnow, L50, M|100/100\n|switch|p1b: Caribbean|Talonflame, L50, M|100/100\n|switch|p2a: Gengar|Gengar, L50, M, shiny|100/100\n|switch|p2b: Palafin|Palafin, L50, F|100/100\n|-weather|Snowscape|[from] ability: Snow Warning|[of] p1a: Northwoods\n|turn|1\n|\n|t:|1776439858\n|detailschange|p2b: Palafin|Palafin-Hero, L50, F\n|switch|p2b: Politoed|Politoed, L50, F|100/100\n|-weather|RainDance|[from] ability: Drizzle|[of] p2b: Politoed\n|detailschange|p2a: Gengar|Gengar-Mega, L50, M, shiny\n|-mega|p2a: Gengar|Gengar|Gengarite\n|move|p1b: Caribbean|Tailwind|p1b: Caribbean\n|-sidestart|p1: Boneyard00|move: Tailwind\n|move|p2a: Gengar|Perish Song|p2a: Gengar\n|-start|p1a: Northwoods|perish3|[silent]\n|-start|p1b: Caribbean|perish3|[silent]\n|-start|p2a: Gengar|perish3|[silent]\n|-start|p2b: Politoed|perish3|[silent]\n|-fieldactivate|move: Perish Song\n|move|p1a: Northwoods|Aurora Veil||[still]\n|-fail|p1a: Northwoods\n|\n|-weather|RainDance|[upkeep]\n|-start|p1b: Caribbean|perish3\n|-start|p2a: Gengar|perish3\n|-start|p1a: Northwoods|perish3\n|-start|p2b: Politoed|perish3\n|upkeep\n|turn|2\n|inactive|Battle timer is ON: inactive players will automatically lose when time's up. (requested by Boneyard00)\n|inactive|logitech69 has 60 seconds left.\n|inactive|Boneyard00 has 60 seconds left.\n|\n|t:|1776439905\n|detailschange|p1a: Northwoods|Abomasnow-Mega, L50, M\n|-mega|p1a: Northwoods|Abomasnow|Abomasite\n|-weather|Snowscape|[from] ability: Snow Warning|[of] p1a: Northwoods\n|move|p2b: Politoed|Protect|p2b: Politoed\n|-singleturn|p2b: Politoed|Protect\n|move|p1b: Caribbean|Taunt|p2b: Politoed\n|-activate|p2b: Politoed|move: Protect\n|move|p2a: Gengar|Disable|p1b: Caribbean\n|-start|p1b: Caribbean|Disable|Taunt\n|move|p1a: Northwoods|Aurora Veil|p1a: Northwoods\n|-sidestart|p1: Boneyard00|move: Aurora Veil\n|\n|-weather|Snowscape|[upkeep]\n|-start|p1b: Caribbean|perish2\n|-start|p2a: Gengar|perish2\n|-start|p1a: Northwoods|perish2\n|-start|p2b: Politoed|perish2\n|upkeep\n|turn|3\n|inactive|logitech69 has 30 seconds left.\n|inactive|Boneyard00 has 30 seconds left.\n|\n|t:|1776439937\n|switch|p2b: Palafin|Palafin-Hero, L50, F|100/100\n|-activate|p2b: Palafin|ability: Zero to Hero\n|move|p2a: Gengar|Protect|p2a: Gengar\n|-singleturn|p2a: Gengar|Protect\n|move|p1b: Caribbean|Flare Blitz|p2a: Gengar\n|-activate|p2a: Gengar|move: Protect\n|move|p1a: Northwoods|Wood Hammer|p2b: Palafin\n|-supereffective|p2b: Palafin|1\n|-damage|p2b: Palafin|0 fnt\n|faint|p2b: Palafin\n|-damage|p1a: Northwoods|71/100|[from] Recoil\n|\n|-weather|Snowscape|[upkeep]\n|-start|p1b: Caribbean|perish1\n|-start|p2a: Gengar|perish1\n|-start|p1a: Northwoods|perish1\n|upkeep\n|\n|t:|1776439957\n|switch|p2b: Politoed|Politoed, L50, F|100/100\n|-weather|RainDance|[from] ability: Drizzle|[of] p2b: Politoed\n|turn|4\n|inactive|Boneyard00 has 30 seconds left.\n|inactive|Boneyard00 has 20 seconds left.\n|inactive|Boneyard00 has 15 seconds left.\n|inactive|Boneyard00 has 10 seconds left.\n|\n|t:|1776440002\n|switch|p2a: Basculegion|Basculegion, L50, M|100/100\n|move|p2b: Politoed|Protect|p2b: Politoed\n|-singleturn|p2b: Politoed|Protect\n|move|p1b: Caribbean|Flare Blitz|p2b: Politoed\n|-activate|p2b: Politoed|move: Protect\n|move|p1a: Northwoods|Wood Hammer|p2a: Basculegion\n|-supereffective|p2a: Basculegion|1\n|-damage|p2a: Basculegion|0 fnt\n|faint|p2a: Basculegion\n|-damage|p1a: Northwoods|38/100|[from] Recoil\n|\n|-weather|RainDance|[upkeep]\n|-start|p1b: Caribbean|perish0\n|-start|p1a: Northwoods|perish0\n|-sideend|p1: Boneyard00|move: Tailwind\n|faint|p1b: Caribbean\n|faint|p1a: Northwoods\n|upkeep\n|\n|t:|1776440018\n|switch|p1b: Cream Puff|Alcremie-Salted-Cream, L50, F|100/100\n|switch|p2a: Gengar|Gengar-Mega, L50, M, shiny|100/100\n|switch|p1a: Culvers|Vanilluxe, L50, F|100/100\n|turn|5\n|inactive|logitech69 has 30 seconds left.\n|\n|t:|1776440050\n|move|p1b: Cream Puff|Helping Hand|p1a: Culvers\n|-singleturn|p1a: Culvers|Helping Hand|[of] p1b: Cream Puff\n|move|p2a: Gengar|Shadow Ball|p1a: Culvers\n|-damage|p1a: Culvers|61/100\n|move|p1a: Culvers|Freeze-Dry|p2b: Politoed\n|-supereffective|p2b: Politoed|1\n|-damage|p2b: Politoed|0 fnt\n|faint|p2b: Politoed\n|\n|-weather|RainDance|[upkeep]\n|upkeep\n|turn|6\n|\n|t:|1776440074\n|move|p1a: Culvers|Protect|p1a: Culvers\n|-singleturn|p1a: Culvers|Protect\n|move|p2a: Gengar|Disable|p1a: Culvers\n|-activate|p1a: Culvers|move: Protect\n|move|p1b: Cream Puff|Decorate|p1a: Culvers\n|-boost|p1a: Culvers|atk|2\n|-boost|p1a: Culvers|spa|2\n|\n|-weather|RainDance|[upkeep]\n|-sideend|p1: Boneyard00|move: Aurora Veil\n|upkeep\n|turn|7\n|inactive|Boneyard00 has 30 seconds left.\n|\n|t:|1776440100\n|move|p1b: Cream Puff|Helping Hand|p1a: Culvers\n|-singleturn|p1a: Culvers|Helping Hand|[of] p1b: Cream Puff\n|move|p2a: Gengar|Disable|p1a: Culvers\n|-block|p1a: Culvers|ability: Aroma Veil|[of] p1b: Cream Puff\n|move|p1a: Culvers|Freeze-Dry|p2a: Gengar\n|-damage|p2a: Gengar|0 fnt\n|faint|p2a: Gengar\n|\n|win|Boneyard00\n|raw|Boneyard00's rating: 1078 &rarr; <strong>1110</strong><br />(+32 for winning)\n|raw|logitech69's rating: 1126 &rarr; <strong>1098</strong><br />(-28 for losing)\n",
  "uploadtime": 1776440110,
  "views": 29,
  "formatid": "gen9championsvgc2026regma",
  "rating": 1098,
  "private": 0,
  "password": null
}