{
  "id": "gen9championsvgc2026regma-2584154985",
  "format": "[Gen 9 Champions] VGC 2026 Reg M-A",
  "players": [
    "chaengluv",
    "Niko highway"
  ],
  "log": "|j|\u2606chaengluv\n|j|\u2606Niko highway\n|t:|1776231696\n|gametype|doubles\n|player|p1|chaengluv|101|1334\n|player|p2|Niko highway|266|1401\n|gen|9\n|tier|[Gen 9 Champions] VGC 2026 Reg M-A\n|rated|\n|rule|Species Clause: Limit one of each Pok\u00e9mon\n|rule|Item Clause: Limit 1 of each item\n|clearpoke\n|poke|p1|Blastoise, L50, M|\n|poke|p1|Sinistcha, L50|\n|poke|p1|Incineroar, L50, M|\n|poke|p1|Garchomp, L50, F|\n|poke|p1|Pelipper, L50, M|\n|poke|p1|Basculegion, L50, M|\n|poke|p2|Incineroar, L50, F|\n|poke|p2|Conkeldurr, L50, M|\n|poke|p2|Sinistcha, L50|\n|poke|p2|Cofagrigus, L50, M|\n|poke|p2|Drampa, L50, M|\n|poke|p2|Aegislash, L50, F|\n|teampreview|4\n|inactive|Battle timer is ON: inactive players will automatically lose when time's up. (requested by chaengluv)\n|\n|t:|1776231709\n|teamsize|p1|4\n|teamsize|p2|4\n|start\n|switch|p1a: Blastoise|Blastoise, L50, M|100/100\n|switch|p1b: Sinistcha|Sinistcha, L50|100/100\n|switch|p2a: Incineroar|Incineroar, L50, F|100/100\n|switch|p2b: Cofagrigus|Cofagrigus, L50, M|100/100\n|-ability|p2a: Incineroar|Intimidate|boost\n|-unboost|p1a: Blastoise|atk|1\n|-unboost|p1b: Sinistcha|atk|1\n|turn|1\n|\n|t:|1776231718\n|detailschange|p1a: Blastoise|Blastoise-Mega, L50, M\n|-mega|p1a: Blastoise|Blastoise|Blastoisinite\n|move|p1a: Blastoise|Protect|p1a: Blastoise\n|-singleturn|p1a: Blastoise|Protect\n|move|p2a: Incineroar|Fake Out|p1a: Blastoise\n|-activate|p1a: Blastoise|move: Protect\n|move|p1b: Sinistcha|Trick Room|p1b: Sinistcha\n|-fieldstart|move: Trick Room|[of] p1b: Sinistcha\n|move|p2b: Cofagrigus|Trick Room|p2b: Cofagrigus\n|-fieldend|move: Trick Room\n|\n|upkeep\n|turn|2\n|\n|t:|1776231741\n|switch|p1b: Incineroar|Incineroar, L50, M|100/100\n|switch|p2a: Drampa|Drampa, L50, M|100/100\n|-ability|p2a: Drampa|Cloud Nine\n|move|p1a: Blastoise|Shell Smash|p1a: Blastoise\n|-unboost|p1a: Blastoise|def|1\n|-unboost|p1a: Blastoise|spd|1\n|-boost|p1a: Blastoise|atk|2\n|-boost|p1a: Blastoise|spa|2\n|-boost|p1a: Blastoise|spe|2\n|move|p2b: Cofagrigus|Trick Room|p2b: Cofagrigus\n|-fieldstart|move: Trick Room|[of] p2b: Cofagrigus\n|\n|upkeep\n|turn|3\n|inactive|chaengluv has 30 seconds left.\n|\n|t:|1776231767\n|move|p2a: Drampa|Protect|p2a: Drampa\n|-singleturn|p2a: Drampa|Protect\n|move|p1a: Blastoise|Protect|p1a: Blastoise\n|-singleturn|p1a: Blastoise|Protect\n|move|p1b: Incineroar|Fake Out|p2a: Drampa\n|-activate|p2a: Drampa|move: Protect\n|move|p2b: Cofagrigus|Body Press|p1b: Incineroar\n|-supereffective|p1b: Incineroar|1\n|-damage|p1b: Incineroar|44/100\n|\n|upkeep\n|turn|4\n|\n|t:|1776231782\n|switch|p1b: Sinistcha|Sinistcha, L50|100/100\n|move|p2b: Cofagrigus|Shadow Ball|p1a: Blastoise\n|-damage|p1a: Blastoise|60/100\n|move|p2a: Drampa|Hyper Voice|p1a: Blastoise|[spread] p1a\n|-immune|p1b: Sinistcha\n|-damage|p1a: Blastoise|0 fnt\n|faint|p1a: Blastoise\n|\n|upkeep\n|\n|t:|1776231794\n|switch|p1a: Incineroar|Incineroar, L50, M|44/100\n|turn|5\n|c|\u2606Niko highway|wait\n|c|\u2606Niko highway|you're blaze\uff1f\n|c|\u2606Niko highway|why\n|inactive|Niko highway has 30 seconds left.\n|\n|t:|1776231821\n|move|p2a: Drampa|Protect|p2a: Drampa\n|-singleturn|p2a: Drampa|Protect\n|move|p1a: Incineroar|Fake Out|p2a: Drampa\n|-activate|p2a: Drampa|move: Protect\n|move|p2b: Cofagrigus|Shadow Ball|p1b: Sinistcha\n|-supereffective|p1b: Sinistcha|1\n|-damage|p1b: Sinistcha|36/100\n|-enditem|p1b: Sinistcha|Sitrus Berry|[eat]\n|-heal|p1b: Sinistcha|61/100|[from] item: Sitrus Berry\n|move|p1b: Sinistcha|Trick Room|p1b: Sinistcha\n|-fieldend|move: Trick Room\n|\n|upkeep\n|turn|6\n|\n|t:|1776231834\n|switch|p2b: Incineroar|Incineroar, L50, F|100/100\n|-ability|p2b: Incineroar|Intimidate|boost\n|-unboost|p1a: Incineroar|atk|1\n|-unboost|p1b: Sinistcha|atk|1\n|move|p1b: Sinistcha|Matcha Gotcha|p2b: Incineroar|[spread] p2a,p2b\n|-resisted|p2a: Drampa|1\n|-resisted|p2b: Incineroar|1\n|-damage|p2a: Drampa|88/100\n|-heal|p1b: Sinistcha|68/100|[from] drain|[of] p2a: Drampa\n|-damage|p2b: Incineroar|90/100\n|-heal|p1b: Sinistcha|74/100|[from] drain|[of] p2b: Incineroar\n|move|p1a: Incineroar|Throat Chop|p2b: Incineroar\n|-resisted|p2b: Incineroar|1\n|-damage|p2b: Incineroar|80/100\n|-start|p2b: Incineroar|Throat Chop|[silent]\n|move|p2a: Drampa|Shadow Ball|p1b: Sinistcha\n|-supereffective|p1b: Sinistcha|1\n|-damage|p1b: Sinistcha|15/100\n|\n|upkeep\n|turn|7\n|\n|t:|1776231856\n|move|p1b: Sinistcha|Protect|p1b: Sinistcha\n|-singleturn|p1b: Sinistcha|Protect\n|move|p1a: Incineroar|Throat Chop|p2a: Drampa\n|-damage|p2a: Drampa|63/100\n|-start|p2a: Drampa|Throat Chop|[silent]\n|move|p2b: Incineroar|Throat Chop|p1b: Sinistcha\n|-activate|p1b: Sinistcha|move: Protect\n|move|p2a: Drampa|Dragon Pulse|p1a: Incineroar\n|-damage|p1a: Incineroar|7/100\n|\n|-end|p2b: Incineroar|Throat Chop|[silent]\n|upkeep\n|turn|8\n|\n|t:|1776231870\n|move|p1b: Sinistcha|Matcha Gotcha|p2a: Drampa|[spread] p2a,p2b\n|-resisted|p2a: Drampa|1\n|-resisted|p2b: Incineroar|1\n|-damage|p2a: Drampa|51/100\n|-heal|p1b: Sinistcha|21/100|[from] drain|[of] p2a: Drampa\n|-damage|p2b: Incineroar|69/100\n|-heal|p1b: Sinistcha|27/100|[from] drain|[of] p2b: Incineroar\n|move|p1a: Incineroar|Parting Shot|p2a: Drampa\n|-unboost|p2a: Drampa|atk|1\n|-unboost|p2a: Drampa|spa|1\n|\n|t:|1776231880\n|switch|p1a: Garchomp|Garchomp, L50, F|100/100|[from] Parting Shot\n|move|p2b: Incineroar|Throat Chop|p1b: Sinistcha\n|-supereffective|p1b: Sinistcha|1\n|-damage|p1b: Sinistcha|0 fnt\n|faint|p1b: Sinistcha\n|move|p2a: Drampa|Dragon Pulse|p1a: Garchomp\n|-supereffective|p1a: Garchomp|1\n|-damage|p1a: Garchomp|26/100\n|\n|-end|p2a: Drampa|Throat Chop|[silent]\n|upkeep\n|\n|t:|1776231886\n|switch|p1b: Incineroar|Incineroar, L50, M|7/100\n|turn|9\n|\n|t:|1776231900\n|switch|p2b: Conkeldurr|Conkeldurr, L50, M|100/100\n|move|p2a: Drampa|Protect|p2a: Drampa\n|-singleturn|p2a: Drampa|Protect\n|move|p1b: Incineroar|Fake Out|p2b: Conkeldurr\n|-damage|p2b: Conkeldurr|91/100\n|move|p1a: Garchomp|Rock Slide|p2b: Conkeldurr|[spread] p2b\n|-activate|p2a: Drampa|move: Protect\n|-resisted|p2b: Conkeldurr|1\n|-damage|p2b: Conkeldurr|81/100\n|\n|upkeep\n|turn|10\n|\n|t:|1776231913\n|switch|p2a: Incineroar|Incineroar, L50, F|69/100\n|-ability|p2a: Incineroar|Intimidate|boost\n|-unboost|p1a: Garchomp|atk|1\n|-unboost|p1b: Incineroar|atk|1\n|move|p2b: Conkeldurr|Mach Punch|p1b: Incineroar\n|-supereffective|p1b: Incineroar|1\n|-damage|p1b: Incineroar|0 fnt\n|faint|p1b: Incineroar\n|move|p1a: Garchomp|Rock Slide|p2b: Conkeldurr|[spread] \n|-miss|p1a: Garchomp|p2a: Incineroar\n|-miss|p1a: Garchomp|p2b: Conkeldurr\n|\n|upkeep\n|turn|11\n|-message|chaengluv forfeited.\n|\n|win|Niko highway\n|raw|chaengluv's rating: 1334 &rarr; <strong>1318</strong><br />(-16 for losing)\n|raw|Niko highway's rating: 1401 &rarr; <strong>1417</strong><br />(+16 for winning)\n|l|\u2606chaengluv\n|player|p1|\n",
  "uploadtime": 1776231926,
  "views": 48,
  "formatid": "gen9championsvgc2026regma",
  "rating": 1318,
  "private": 0,
  "password": null
}