{
  "id": "gen9championsvgc2026regma-2585556911",
  "format": "[Gen 9 Champions] VGC 2026 Reg M-A",
  "players": [
    "nbx_38",
    "MegaPoblano"
  ],
  "log": "|j|\u203dnbx_38\n|j|\u203dMegaPoblano\n|t:|1776355344\n|gametype|doubles\n|player|p1|nbx_38|hoopster|1110\n|player|p2|MegaPoblano|red|1096\n|gen|9\n|tier|[Gen 9 Champions] VGC 2026 Reg M-A\n|rated|\n|rule|Species Clause: Limit one of each Pok\u00e9mon\n|rule|Item Clause: Limit 1 of each item\n|clearpoke\n|poke|p1|Froslass, L50, F|\n|poke|p1|Kommo-o, L50, F|\n|poke|p1|Palafin, L50, M|\n|poke|p1|Kingambit, L50, M|\n|poke|p1|Arcanine-Hisui, L50, M|\n|poke|p1|Clefable, L50, M|\n|poke|p2|Scovillain, L50, F|\n|poke|p2|Aerodactyl, L50, M|\n|poke|p2|Garchomp, L50, M|\n|poke|p2|Sneasler, L50, M|\n|poke|p2|Sinistcha, L50|\n|poke|p2|Primarina, L50, F|\n|teampreview|4\n|inactive|Battle timer is ON: inactive players will automatically lose when time's up. (requested by nbx_38)\n|\n|t:|1776355468\n|teamsize|p1|4\n|teamsize|p2|4\n|start\n|switch|p1a: Froslass|Froslass, L50, F|100/100\n|switch|p1b: Palafin|Palafin, L50, M|100/100\n|switch|p2a: Scovillain|Scovillain, L50, F|100/100\n|switch|p2b: Primarina|Primarina, L50, F|100/100\n|turn|1\n|\n|t:|1776355492\n|detailschange|p2a: Scovillain|Scovillain-Mega, L50, F\n|-mega|p2a: Scovillain|Scovillain|Scovillainite\n|move|p1a: Froslass|Protect|p1a: Froslass\n|-singleturn|p1a: Froslass|Protect\n|move|p2a: Scovillain|Rage Powder|p2a: Scovillain\n|-singleturn|p2a: Scovillain|move: Rage Powder\n|move|p1b: Palafin|Flip Turn|p2a: Scovillain\n|-damage|p2a: Scovillain|76/100\n|-status|p1b: Palafin|brn|[from] ability: Spicy Spray|[of] p2a: Scovillain\n|\n|t:|1776355503\n|detailschange|p1b: Palafin|Palafin-Hero, L50, M\n|switch|p1b: Clefable|Clefable, L50, M|100/100|[from] Flip Turn\n|move|p2b: Primarina|Calm Mind|p2b: Primarina\n|-boost|p2b: Primarina|spa|1\n|-boost|p2b: Primarina|spd|1\n|\n|upkeep\n|turn|2\n|\n|t:|1776355517\n|move|p1a: Froslass|Nasty Plot|p1a: Froslass\n|-boost|p1a: Froslass|spa|2\n|move|p2a: Scovillain|Leech Seed|p1b: Clefable|[miss]\n|-miss|p2a: Scovillain|p1b: Clefable\n|move|p2b: Primarina|Hyper Voice|p1b: Clefable|[spread] p1a,p1b\n|-damage|p1a: Froslass|9/100\n|-damage|p1b: Clefable|71/100\n|move|p1b: Clefable|Moonblast|p2b: Primarina\n|-damage|p2b: Primarina|73/100\n|\n|-heal|p2b: Primarina|79/100|[from] item: Leftovers\n|upkeep\n|turn|3\n|\n|t:|1776355533\n|move|p1a: Froslass|Protect|p1a: Froslass\n|-singleturn|p1a: Froslass|Protect\n|move|p2b: Primarina|Protect|p2b: Primarina\n|-singleturn|p2b: Primarina|Protect\n|move|p2a: Scovillain|Leech Seed|p1b: Clefable\n|-start|p1b: Clefable|move: Leech Seed\n|move|p1b: Clefable|Moonblast|p2b: Primarina\n|-activate|p2b: Primarina|move: Protect\n|\n|-heal|p2b: Primarina|85/100|[from] item: Leftovers\n|-damage|p1b: Clefable|59/100|[from] Leech Seed|[of] p2a: Scovillain\n|-heal|p2a: Scovillain|88/100|[silent]\n|upkeep\n|turn|4\n|\n|t:|1776355547\n|detailschange|p1a: Froslass|Froslass-Mega, L50, F\n|-mega|p1a: Froslass|Froslass|Froslassite\n|-weather|Snowscape|[from] ability: Snow Warning|[of] p1a: Froslass\n|move|p2a: Scovillain|Rage Powder|p2a: Scovillain\n|-singleturn|p2a: Scovillain|move: Rage Powder\n|move|p1a: Froslass|Blizzard|p2b: Primarina|[spread] p2a,p2b\n|-resisted|p2b: Primarina|1\n|-damage|p2a: Scovillain|0 fnt\n|-damage|p2b: Primarina|58/100\n|-status|p1a: Froslass|brn|[from] ability: Spicy Spray|[of] p2a: Scovillain\n|faint|p2a: Scovillain\n|move|p2b: Primarina|Hyper Voice|p1b: Clefable|[spread] p1a,p1b\n|-damage|p1a: Froslass|0 fnt\n|-damage|p1b: Clefable|28/100\n|-enditem|p1b: Clefable|Sitrus Berry|[eat]\n|-heal|p1b: Clefable|53/100|[from] item: Sitrus Berry\n|faint|p1a: Froslass\n|move|p1b: Clefable|Moonblast|p2b: Primarina\n|-damage|p2b: Primarina|27/100\n|\n|-weather|Snowscape|[upkeep]\n|-heal|p2b: Primarina|33/100|[from] item: Leftovers\n|upkeep\n|inactive|MegaPoblano has 30 seconds left.\n|\n|t:|1776355574\n|switch|p1a: Kingambit|Kingambit, L50, M|100/100\n|switch|p2a: Sneasler|Sneasler, L50, M|100/100\n|turn|5\n|\n|t:|1776355590\n|switch|p1b: Palafin|Palafin-Hero, L50, M|100/100 brn\n|-activate|p1b: Palafin|ability: Zero to Hero\n|move|p2b: Primarina|Protect|p2b: Primarina\n|-singleturn|p2b: Primarina|Protect\n|move|p2a: Sneasler|Dire Claw|p1b: Palafin\n|-damage|p1b: Palafin|60/100 brn\n|move|p1a: Kingambit|Kowtow Cleave|p2b: Primarina\n|-activate|p2b: Primarina|move: Protect\n|\n|-weather|Snowscape|[upkeep]\n|-heal|p2b: Primarina|40/100|[from] item: Leftovers\n|-damage|p1b: Palafin|54/100 brn|[from] brn\n|upkeep\n|turn|6\n|\n|t:|1776355608\n|switch|p2a: Sinistcha|Sinistcha, L50|100/100\n|-heal|p2b: Primarina|65/100|[from] ability: Hospitality|[of] p2a: Sinistcha\n|move|p1b: Palafin|Wave Crash|p2b: Primarina\n|-resisted|p2b: Primarina|1\n|-damage|p2b: Primarina|39/100\n|-damage|p1b: Palafin|47/100 brn|[from] Recoil\n|move|p2b: Primarina|Moonblast|p1a: Kingambit\n|-damage|p1a: Kingambit|23/100\n|move|p1a: Kingambit|Swords Dance|p1a: Kingambit\n|-boost|p1a: Kingambit|atk|2\n|\n|-weather|Snowscape|[upkeep]\n|-heal|p2b: Primarina|45/100|[from] item: Leftovers\n|-damage|p1b: Palafin|41/100 brn|[from] brn\n|upkeep\n|turn|7\n|\n|t:|1776355626\n|move|p2a: Sinistcha|Rage Powder|p2a: Sinistcha\n|-singleturn|p2a: Sinistcha|move: Rage Powder\n|move|p1b: Palafin|Flip Turn|p2a: Sinistcha\n|-resisted|p2a: Sinistcha|1\n|-damage|p2a: Sinistcha|92/100\n|\n|t:|1776355631\n|switch|p1b: Clefable|Clefable, L50, M|53/100|[from] Flip Turn\n|move|p2b: Primarina|Hyper Voice|p1b: Clefable|[spread] p1a,p1b\n|-damage|p1a: Kingambit|0 fnt\n|-damage|p1b: Clefable|27/100\n|faint|p1a: Kingambit\n|\n|-weather|Snowscape|[upkeep]\n|-heal|p2b: Primarina|51/100|[from] item: Leftovers\n|upkeep\n|-message|nbx_38 forfeited.\n|\n|win|MegaPoblano\n|raw|nbx_38's rating: 1110 &rarr; <strong>1084</strong><br />(-26 for losing)\n|raw|MegaPoblano's rating: 1096 &rarr; <strong>1123</strong><br />(+27 for winning)\n|l|\u203dnbx_38\n|player|p1|\n",
  "uploadtime": 1776355641,
  "views": 24,
  "formatid": "gen9championsvgc2026regma",
  "rating": 1084,
  "private": 0,
  "password": null
}