{
  "id": "gen9championsvgc2026regma-2589426820",
  "format": "[Gen 9 Champions] VGC 2026 Reg M-A",
  "players": [
    "bigearlington",
    "HappyLiga"
  ],
  "log": "|j|\u2606bigearlington\n|j|\u2606HappyLiga\n|t:|1776722001\n|gametype|doubles\n|player|p1|bigearlington|265|1216\n|player|p2|HappyLiga|102|1319\n|gen|9\n|tier|[Gen 9 Champions] VGC 2026 Reg M-A\n|rated|\n|rule|Species Clause: Limit one of each Pok\u00e9mon\n|rule|Item Clause: Limit 1 of each item\n|clearpoke\n|poke|p1|Scizor, L50, M|\n|poke|p1|Sneasler, L50, F|\n|poke|p1|Sinistcha, L50|\n|poke|p1|Tyranitar, L50, F|\n|poke|p1|Milotic, L50, M|\n|poke|p1|Rotom-Wash, L50|\n|poke|p2|Talonflame, L50, F, shiny|\n|poke|p2|Garchomp, L50, M|\n|poke|p2|Basculegion, L50, M|\n|poke|p2|Kingambit, L50, M|\n|poke|p2|Sneasler, L50, M|\n|poke|p2|Floette-Eternal, L50, F|\n|teampreview|4\n|\n|t:|1776722077\n|teamsize|p1|4\n|teamsize|p2|4\n|start\n|switch|p1a: Sneasler|Sneasler, L50, F|100/100\n|switch|p1b: Rotom|Rotom-Wash, L50|100/100\n|switch|p2a: Floette|Floette-Eternal, L50, F|100/100\n|switch|p2b: Talonflame|Talonflame, L50, F, shiny|100/100\n|turn|1\n|inactive|Battle timer is ON: inactive players will automatically lose when time's up. (requested by bigearlington)\n|\n|t:|1776722121\n|detailschange|p2a: Floette|Floette-Mega, L50, F\n|-mega|p2a: Floette|Floette|Floettite\n|-ability|p2a: Floette|Fairy Aura\n|move|p2b: Talonflame|Protect|p2b: Talonflame\n|-singleturn|p2b: Talonflame|Protect\n|move|p2a: Floette|Protect|p2a: Floette\n|-singleturn|p2a: Floette|Protect\n|move|p1a: Sneasler|Fake Out|p2b: Talonflame\n|-activate|p2b: Talonflame|move: Protect\n|move|p1b: Rotom|Electroweb|p2b: Talonflame|[spread] \n|-activate|p2a: Floette|move: Protect\n|-activate|p2b: Talonflame|move: Protect\n|\n|upkeep\n|turn|2\n|\n|t:|1776722138\n|move|p2b: Talonflame|Dual Wingbeat|p1a: Sneasler|[miss]\n|-miss|p2b: Talonflame|p1a: Sneasler\n|move|p1b: Rotom|Electroweb|p2a: Floette|[spread] p2a,p2b\n|-crit|p2a: Floette\n|-supereffective|p2b: Talonflame|1\n|-damage|p2a: Floette|75/100\n|-damage|p2b: Talonflame|41/100\n|-unboost|p2a: Floette|spe|1\n|-unboost|p2b: Talonflame|spe|1\n|move|p1a: Sneasler|Dire Claw|p2a: Floette\n|-supereffective|p2a: Floette|1\n|-crit|p2a: Floette\n|-damage|p2a: Floette|0 fnt\n|faint|p2a: Floette\n|\n|upkeep\n|\n|t:|1776722150\n|switch|p2a: Garchomp|Garchomp, L50, M|100/100\n|turn|3\n|\n|t:|1776722162\n|switch|p1a: Milotic|Milotic, L50, M|100/100\n|move|p2b: Talonflame|Protect|p2b: Talonflame\n|-singleturn|p2b: Talonflame|Protect\n|move|p1b: Rotom|Electroweb|p2b: Talonflame|[spread] \n|-activate|p2b: Talonflame|move: Protect\n|-immune|p2a: Garchomp\n|move|p2a: Garchomp|Earthquake|p1a: Milotic|[spread] p1a\n|-activate|p2b: Talonflame|move: Protect\n|-immune|p1b: Rotom|[from] ability: Levitate\n|-damage|p1a: Milotic|67/100\n|\n|-heal|p1a: Milotic|73/100|[from] item: Leftovers\n|upkeep\n|turn|4\n|inactive|HappyLiga has 30 seconds left.\n|inactive|HappyLiga has 20 seconds left.\n|inactive|HappyLiga has 15 seconds left.\n|inactive|HappyLiga has 10 seconds left.\n|inactive|HappyLiga has 5 seconds left.\n|\n|t:|1776722217\n|move|p2a: Garchomp|Protect|p2a: Garchomp\n|-singleturn|p2a: Garchomp|Protect\n|move|p2b: Talonflame|Protect|p2b: Talonflame\n|-singleturn|p2b: Talonflame|Protect\n|move|p1b: Rotom|Electroweb|p2b: Talonflame|[spread] \n|-activate|p2a: Garchomp|move: Protect\n|-activate|p2b: Talonflame|move: Protect\n|move|p1a: Milotic|Icy Wind|p2a: Garchomp|[spread] \n|-activate|p2a: Garchomp|move: Protect\n|-activate|p2b: Talonflame|move: Protect\n|\n|-heal|p1a: Milotic|79/100|[from] item: Leftovers\n|upkeep\n|turn|5\n|\n|t:|1776722230\n|move|p1b: Rotom|Electroweb|p2a: Garchomp|[spread] p2b\n|-immune|p2a: Garchomp\n|-supereffective|p2b: Talonflame|1\n|-damage|p2b: Talonflame|0 fnt\n|faint|p2b: Talonflame\n|move|p2a: Garchomp|Rock Slide|p1b: Rotom|[spread] p1a,p1b\n|-damage|p1a: Milotic|62/100\n|-damage|p1b: Rotom|74/100\n|move|p1a: Milotic|Icy Wind|p2a: Garchomp\n|-supereffective|p2a: Garchomp|2\n|-damage|p2a: Garchomp|29/100\n|-unboost|p2a: Garchomp|spe|1\n|\n|-heal|p1a: Milotic|68/100|[from] item: Leftovers\n|upkeep\n|\n|t:|1776722234\n|switch|p2b: Basculegion|Basculegion, L50, M|100/100\n|turn|6\n|inactive|bigearlington has 30 seconds left.\n|\n|t:|1776722263\n|move|p1b: Rotom|Electroweb|p2a: Garchomp|[spread] p2b\n|-immune|p2a: Garchomp\n|-supereffective|p2b: Basculegion|1\n|-damage|p2b: Basculegion|60/100\n|-unboost|p2b: Basculegion|spe|1\n|move|p2a: Garchomp|Rock Slide|p1a: Milotic|[spread] p1a,p1b\n|-damage|p1a: Milotic|51/100\n|-damage|p1b: Rotom|47/100\n|move|p1a: Milotic|Icy Wind|p2a: Garchomp|[spread] p2a,p2b\n|-supereffective|p2a: Garchomp|2\n|-resisted|p2b: Basculegion|1\n|-damage|p2a: Garchomp|0 fnt\n|-damage|p2b: Basculegion|55/100\n|-unboost|p2b: Basculegion|spe|1\n|faint|p2a: Garchomp\n|move|p2b: Basculegion|Last Respects|p1b: Rotom\n|-damage|p1b: Rotom|0 fnt\n|faint|p1b: Rotom\n|\n|-heal|p1a: Milotic|57/100|[from] item: Leftovers\n|upkeep\n|\n|t:|1776722282\n|switch|p1b: Scizor|Scizor, L50, M|100/100\n|turn|7\n|-message|HappyLiga forfeited.\n|\n|win|bigearlington\n|raw|bigearlington's rating: 1236 &rarr; <strong>1267</strong><br />(+31 for winning)\n|raw|HappyLiga's rating: 1319 &rarr; <strong>1294</strong><br />(-25 for losing)\n",
  "uploadtime": 1776722293,
  "views": 5,
  "formatid": "gen9championsvgc2026regma",
  "rating": 1267,
  "private": 0,
  "password": null
}