{
  "id": "gen9championsvgc2026regma-2582610295",
  "format": "[Gen 9 Champions] VGC 2026 Reg M-A",
  "players": [
    "Milos Tealeaf",
    "Seismitoad dynasty"
  ],
  "log": "|j|\u2606Milos Tealeaf\n|j|\u2606Seismitoad dynasty\n|t:|1776102481\n|gametype|doubles\n|player|p1|Milos Tealeaf|1|1000\n|player|p2|Seismitoad dynasty|li|1041\n|gen|9\n|tier|[Gen 9 Champions] VGC 2026 Reg M-A\n|rated|\n|rule|Species Clause: Limit one of each Pok\u00e9mon\n|rule|Item Clause: Limit 1 of each item\n|clearpoke\n|poke|p1|Gengar, L50, M|\n|poke|p1|Incineroar, L50, M|\n|poke|p1|Kingambit, L50, F|\n|poke|p1|Sinistcha, L50|\n|poke|p1|Tyranitar, L50, F|\n|poke|p1|Kommo-o, L50, M|\n|poke|p2|Gengar, L50, F|\n|poke|p2|Mr. Rime, L50, F|\n|poke|p2|Incineroar, L50, M|\n|poke|p2|Blastoise, L50, M|\n|poke|p2|Ninetales-Alola, L50, M|\n|poke|p2|Kommo-o, L50, M|\n|teampreview|4\n|inactive|Battle timer is ON: inactive players will automatically lose when time's up. (requested by Seismitoad dynasty)\n|inactive|Seismitoad dynasty has 30 seconds left.\n|inactive|Seismitoad dynasty has 20 seconds left.\n|\n|t:|1776102555\n|teamsize|p1|4\n|teamsize|p2|4\n|start\n|switch|p1a: Gengar|Gengar, L50, M|100/100\n|switch|p1b: Tyranitar|Tyranitar, L50, F|100/100\n|switch|p2a: Gengar|Gengar, L50, F, shiny|100/100\n|switch|p2b: Incineroar|Incineroar, L50, M, shiny|100/100\n|-weather|Sandstorm|[from] ability: Sand Stream|[of] p1b: Tyranitar\n|-ability|p2b: Incineroar|Intimidate|boost\n|-unboost|p1a: Gengar|atk|1\n|-unboost|p1b: Tyranitar|atk|1\n|turn|1\n|inactive|Milos Tealeaf has 30 seconds left.\n|\n|t:|1776102581\n|switch|p1a: Incineroar|Incineroar, L50, M|100/100\n|-ability|p1a: Incineroar|Intimidate|boost\n|-unboost|p2a: Gengar|atk|1\n|-unboost|p2b: Incineroar|atk|1\n|detailschange|p2a: Gengar|Gengar-Mega, L50, F, shiny\n|-mega|p2a: Gengar|Gengar|Gengarite\n|move|p2b: Incineroar|Fake Out|p1b: Tyranitar\n|-resisted|p1b: Tyranitar|1\n|-damage|p1b: Tyranitar|97/100\n|move|p2a: Gengar|Shadow Ball|p1a: Incineroar\n|-resisted|p1a: Incineroar|1\n|-damage|p1a: Incineroar|84/100\n|cant|p1b: Tyranitar|flinch\n|\n|-weather|Sandstorm|[upkeep]\n|-damage|p2a: Gengar|95/100|[from] Sandstorm\n|-damage|p1a: Incineroar|78/100|[from] Sandstorm\n|-damage|p2b: Incineroar|95/100|[from] Sandstorm\n|upkeep\n|turn|2\n|inactive|Milos Tealeaf has 30 seconds left.\n|\n|t:|1776102606\n|move|p2a: Gengar|Protect|p2a: Gengar\n|-singleturn|p2a: Gengar|Protect\n|move|p1b: Tyranitar|Stone Edge|p2b: Incineroar|[miss]\n|-miss|p1b: Tyranitar|p2b: Incineroar\n|move|p1a: Incineroar|Throat Chop|p2a: Gengar\n|-activate|p2a: Gengar|move: Protect\n|move|p2b: Incineroar|Parting Shot|p1b: Tyranitar\n|-unboost|p1b: Tyranitar|atk|1\n|-unboost|p1b: Tyranitar|spa|1\n|\n|t:|1776102617\n|switch|p2b: Ninetales|Ninetales-Alola, L50, M, shiny|100/100|[from] Parting Shot\n|-weather|Snowscape|[from] ability: Snow Warning|[of] p2b: Ninetales\n|\n|-weather|Snowscape|[upkeep]\n|upkeep\n|turn|3\n|\n|t:|1776102632\n|move|p2a: Gengar|Disable|p1a: Incineroar\n|-start|p1a: Incineroar|Disable|Throat Chop\n|move|p1b: Tyranitar|Stone Edge|p2a: Gengar|[miss]\n|-miss|p1b: Tyranitar|p2a: Gengar\n|move|p2b: Ninetales|Aurora Veil|p2b: Ninetales\n|-sidestart|p2: Seismitoad dynasty|move: Aurora Veil\n|cant|p1a: Incineroar|Disable|Throat Chop\n|\n|-weather|Snowscape|[upkeep]\n|upkeep\n|turn|4\n|\n|t:|1776102651\n|move|p2a: Gengar|Perish Song|p2a: Gengar\n|-start|p1a: Incineroar|perish3|[silent]\n|-start|p1b: Tyranitar|perish3|[silent]\n|-start|p2a: Gengar|perish3|[silent]\n|-start|p2b: Ninetales|perish3|[silent]\n|-fieldactivate|move: Perish Song\n|move|p1b: Tyranitar|Stone Edge|p2a: Gengar\n|-damage|p2a: Gengar|72/100\n|move|p2b: Ninetales|Encore|p1a: Incineroar\n|-start|p1a: Incineroar|Encore\n|cant|p1a: Incineroar|Disable|Throat Chop\n|\n|-weather|Snowscape|[upkeep]\n|-start|p2a: Gengar|perish3\n|-start|p1b: Tyranitar|perish3\n|-start|p2b: Ninetales|perish3\n|-start|p1a: Incineroar|perish3\n|upkeep\n|turn|5\n|\n|t:|1776102672\n|move|p2a: Gengar|Protect|p2a: Gengar\n|-singleturn|p2a: Gengar|Protect\n|move|p1b: Tyranitar|Stone Edge|p2b: Ninetales\n|-supereffective|p2b: Ninetales|1\n|-damage|p2b: Ninetales|71/100\n|move|p2b: Ninetales|Blizzard|p1a: Incineroar|[spread] p1a,p1b\n|-resisted|p1a: Incineroar|1\n|-damage|p1a: Incineroar|69/100\n|-damage|p1b: Tyranitar|69/100\n|-activate|p1a: Incineroar|move: Struggle\n|move|p1a: Incineroar|Struggle|p2a: Gengar\n|-activate|p2a: Gengar|move: Protect\n|\n|-weather|Snowscape|[upkeep]\n|-start|p2a: Gengar|perish2\n|-start|p1b: Tyranitar|perish2\n|-start|p2b: Ninetales|perish2\n|-start|p1a: Incineroar|perish2\n|upkeep\n|turn|6\n|\n|t:|1776102693\n|move|p2a: Gengar|Disable|p1b: Tyranitar\n|-start|p1b: Tyranitar|Disable|Stone Edge\n|cant|p1b: Tyranitar|Disable|Stone Edge\n|move|p2b: Ninetales|Encore|p1b: Tyranitar\n|-start|p1b: Tyranitar|Encore\n|-activate|p1a: Incineroar|move: Struggle\n|move|p1a: Incineroar|Struggle|p2b: Ninetales\n|-damage|p2b: Ninetales|64/100\n|-damage|p1a: Incineroar|44/100|[from] recoil\n|\n|-weather|none\n|-end|p1a: Incineroar|Encore\n|-end|p1a: Incineroar|Disable\n|-start|p2a: Gengar|perish1\n|-start|p1b: Tyranitar|perish1\n|-start|p2b: Ninetales|perish1\n|-start|p1a: Incineroar|perish1\n|upkeep\n|turn|7\n|inactive|Seismitoad dynasty has 30 seconds left.\n|\n|t:|1776102721\n|switch|p2a: Incineroar|Incineroar, L50, M, shiny|95/100\n|-ability|p2a: Incineroar|Intimidate|boost\n|-unboost|p1a: Incineroar|atk|1\n|-unboost|p1b: Tyranitar|atk|1\n|switch|p2b: Mr. Rime|Mr. Rime, L50, F, shiny|100/100\n|-activate|p1b: Tyranitar|move: Struggle\n|move|p1b: Tyranitar|Struggle|p2a: Incineroar\n|-damage|p2a: Incineroar|90/100\n|-damage|p1b: Tyranitar|45/100|[from] recoil\n|move|p1a: Incineroar|Parting Shot|p2b: Mr. Rime\n|-unboost|p2b: Mr. Rime|atk|1\n|-unboost|p2b: Mr. Rime|spa|1\n|inactive|Milos Tealeaf has 30 seconds left.\n|\n|t:|1776102746\n|switch|p1a: Gengar|Gengar, L50, M|100/100|[from] Parting Shot\n|\n|-start|p1b: Tyranitar|perish0\n|-sideend|p2: Seismitoad dynasty|move: Aurora Veil\n|upkeep\n|faint|p1b: Tyranitar\n|\n|t:|1776102755\n|switch|p1b: Incineroar|Incineroar, L50, M|44/100\n|-ability|p1b: Incineroar|Intimidate|boost\n|-unboost|p2a: Incineroar|atk|1\n|-unboost|p2b: Mr. Rime|atk|1\n|turn|8\n|\n|t:|1776102770\n|detailschange|p1a: Gengar|Gengar-Mega, L50, M\n|-mega|p1a: Gengar|Gengar|Gengarite\n|move|p2b: Mr. Rime|Fake Out|p1b: Incineroar\n|-damage|p1b: Incineroar|40/100\n|cant|p1b: Incineroar|flinch\n|move|p1a: Gengar|Perish Song|p1a: Gengar\n|-start|p1a: Gengar|perish3|[silent]\n|-start|p1b: Incineroar|perish3|[silent]\n|-start|p2a: Incineroar|perish3|[silent]\n|-start|p2b: Mr. Rime|perish3|[silent]\n|-fieldactivate|move: Perish Song\n|move|p2a: Incineroar|Throat Chop|p1a: Gengar\n|-supereffective|p1a: Gengar|1\n|-damage|p1a: Gengar|47/100\n|-start|p1a: Gengar|Throat Chop|[silent]\n|\n|-start|p1a: Gengar|perish3\n|-start|p2b: Mr. Rime|perish3\n|-start|p2a: Incineroar|perish3\n|-start|p1b: Incineroar|perish3\n|upkeep\n|turn|9\n|inactive|Milos Tealeaf has 30 seconds left.\n|inactive|Seismitoad dynasty has 30 seconds left.\n|inactive|Seismitoad dynasty has 20 seconds left.\n|\n|t:|1776102810\n|move|p2a: Incineroar|Protect|p2a: Incineroar\n|-singleturn|p2a: Incineroar|Protect\n|move|p1a: Gengar|Substitute|p1a: Gengar\n|-start|p1a: Gengar|Substitute\n|-damage|p1a: Gengar|22/100\n|move|p2b: Mr. Rime|Encore|p1a: Gengar\n|-start|p1a: Gengar|Encore\n|move|p1b: Incineroar|Throat Chop|p2a: Incineroar\n|-activate|p2a: Incineroar|move: Protect\n|\n|-end|p1a: Gengar|Throat Chop|[silent]\n|-start|p1a: Gengar|perish2\n|-start|p2b: Mr. Rime|perish2\n|-start|p1b: Incineroar|perish2\n|-start|p2a: Incineroar|perish2\n|upkeep\n|turn|10\n|\n|t:|1776102831\n|switch|p1a: Sinistcha|Sinistcha, L50|100/100\n|-heal|p1b: Incineroar|65/100|[from] ability: Hospitality|[of] p1a: Sinistcha\n|move|p1b: Incineroar|Protect|p1b: Incineroar\n|-singleturn|p1b: Incineroar|Protect\n|move|p2b: Mr. Rime|Psychic|p1a: Sinistcha\n|-damage|p1a: Sinistcha|82/100\n|move|p2a: Incineroar|Parting Shot|p1b: Incineroar\n|-activate|p1b: Incineroar|move: Protect\n|\n|-start|p2b: Mr. Rime|perish1\n|-start|p1b: Incineroar|perish1\n|-start|p2a: Incineroar|perish1\n|upkeep\n|turn|11\n|\n|t:|1776102853\n|switch|p2b: Gengar|Gengar-Mega, L50, F, shiny|72/100\n|switch|p1a: Gengar|Gengar-Mega, L50, M|22/100\n|switch|p2a: Ninetales|Ninetales-Alola, L50, M, shiny|64/100\n|-weather|Snowscape|[from] ability: Snow Warning|[of] p2a: Ninetales\n|move|p1b: Incineroar|Parting Shot|p2b: Gengar\n|-unboost|p2b: Gengar|atk|1\n|-unboost|p2b: Gengar|spa|1\n|\n|t:|1776102874\n|switch|p1b: Sinistcha|Sinistcha, L50|82/100|[from] Parting Shot\n|-heal|p1a: Gengar|47/100|[from] ability: Hospitality|[of] p1b: Sinistcha\n|\n|-weather|Snowscape|[upkeep]\n|upkeep\n|turn|12\n|\n|t:|1776102893\n|move|p2b: Gengar|Protect|p2b: Gengar\n|-singleturn|p2b: Gengar|Protect\n|move|p1b: Sinistcha|Rage Powder|p1b: Sinistcha\n|-singleturn|p1b: Sinistcha|move: Rage Powder\n|move|p1a: Gengar|Pain Split|p2a: Ninetales\n|-sethp|p2a: Ninetales|54/100|[from] move: Pain Split|[silent]\n|-sethp|p1a: Gengar|57/100|[from] move: Pain Split\n|move|p2a: Ninetales|Blizzard|p1b: Sinistcha|[spread] p1a,p1b\n|-supereffective|p1b: Sinistcha|1\n|-damage|p1a: Gengar|27/100\n|-damage|p1b: Sinistcha|37/100\n|-enditem|p1b: Sinistcha|Sitrus Berry|[eat]\n|-heal|p1b: Sinistcha|62/100|[from] item: Sitrus Berry\n|\n|-weather|Snowscape|[upkeep]\n|upkeep\n|turn|13\n|\n|t:|1776102912\n|move|p1a: Gengar|Perish Song|p1a: Gengar\n|-start|p1a: Gengar|perish3|[silent]\n|-start|p1b: Sinistcha|perish3|[silent]\n|-start|p2a: Ninetales|perish3|[silent]\n|-start|p2b: Gengar|perish3|[silent]\n|-fieldactivate|move: Perish Song\n|move|p2b: Gengar|Shadow Ball|p1a: Gengar\n|-supereffective|p1a: Gengar|1\n|-damage|p1a: Gengar|0 fnt\n|faint|p1a: Gengar\n|move|p2a: Ninetales|Aurora Veil|p2a: Ninetales\n|-sidestart|p2: Seismitoad dynasty|move: Aurora Veil\n|move|p1b: Sinistcha|Life Dew|p1b: Sinistcha\n|-heal|p1b: Sinistcha|86/100\n|\n|-weather|Snowscape|[upkeep]\n|-start|p2b: Gengar|perish3\n|-start|p2a: Ninetales|perish3\n|-start|p1b: Sinistcha|perish3\n|upkeep\n|\n|t:|1776102925\n|switch|p1a: Incineroar|Incineroar, L50, M|65/100\n|-ability|p1a: Incineroar|Intimidate|boost\n|-unboost|p2a: Ninetales|atk|1\n|-unboost|p2b: Gengar|atk|1\n|turn|14\n|\n|t:|1776102938\n|move|p1a: Incineroar|Fake Out|p2a: Ninetales\n|-damage|p2a: Ninetales|47/100\n|move|p2b: Gengar|Perish Song|p2b: Gengar\n|-start|p1a: Incineroar|perish3|[silent]\n|-fieldactivate|move: Perish Song\n|cant|p2a: Ninetales|flinch\n|move|p1b: Sinistcha|Life Dew|p1b: Sinistcha|[spread] p1a,p1b\n|-heal|p1a: Incineroar|90/100\n|-heal|p1b: Sinistcha|100/100\n|\n|-weather|Snowscape|[upkeep]\n|-start|p2b: Gengar|perish2\n|-start|p2a: Ninetales|perish2\n|-start|p1b: Sinistcha|perish2\n|-start|p1a: Incineroar|perish3\n|upkeep\n|turn|15\n|\n|t:|1776102956\n|switch|p2b: Incineroar|Incineroar, L50, M, shiny|90/100\n|-ability|p2b: Incineroar|Intimidate|boost\n|-unboost|p1a: Incineroar|atk|1\n|-unboost|p1b: Sinistcha|atk|1\n|move|p2a: Ninetales|Encore|p1a: Incineroar\n|-start|p1a: Incineroar|Encore\n|move|p1a: Incineroar|Fake Out||[still]\n|-hint|Fake Out only works on your first turn out.\n|-fail|p1a: Incineroar\n|move|p1b: Sinistcha|Matcha Gotcha|p2a: Ninetales|[spread] p2a,p2b\n|-resisted|p2b: Incineroar|1\n|-damage|p2a: Ninetales|32/100\n|-damage|p2b: Incineroar|84/100\n|-status|p2a: Ninetales|brn\n|\n|-weather|none\n|-damage|p2a: Ninetales|26/100 brn|[from] brn\n|-start|p2a: Ninetales|perish1\n|-start|p1b: Sinistcha|perish1\n|-start|p1a: Incineroar|perish2\n|upkeep\n|turn|16\n|inactive|Milos Tealeaf has 30 seconds left.\n|\n|t:|1776102982\n|move|p2a: Ninetales|Blizzard|p1b: Sinistcha|[spread] p1a,p1b\n|-resisted|p1a: Incineroar|1\n|-supereffective|p1b: Sinistcha|1\n|-damage|p1a: Incineroar|80/100\n|-damage|p1b: Sinistcha|56/100\n|move|p1b: Sinistcha|Matcha Gotcha|p2b: Incineroar|[spread] p2b\n|-miss|p1b: Sinistcha|p2a: Ninetales\n|-resisted|p2b: Incineroar|1\n|-damage|p2b: Incineroar|78/100\n|-heal|p1b: Sinistcha|60/100|[from] drain|[of] p2b: Incineroar\n|move|p2b: Incineroar|Throat Chop|p1b: Sinistcha\n|-supereffective|p1b: Sinistcha|1\n|-damage|p1b: Sinistcha|0 fnt\n|faint|p1b: Sinistcha\n|-activate|p1a: Incineroar|move: Struggle\n|move|p1a: Incineroar|Struggle|p2b: Incineroar\n|-damage|p2b: Incineroar|73/100\n|-damage|p1a: Incineroar|55/100|[from] recoil\n|\n|-damage|p2a: Ninetales|19/100 brn|[from] brn\n|-start|p2a: Ninetales|perish0\n|-start|p1a: Incineroar|perish1\n|faint|p2a: Ninetales\n|upkeep\n|c|\u2606Milos Tealeaf|gg\n|\n|t:|1776102998\n|switch|p2a: Mr. Rime|Mr. Rime, L50, F, shiny|100/100\n|turn|17\n|c|\u2606Milos Tealeaf|have past beam?\n|c|\u2606Seismitoad dynasty|Hwat\n|inactive|Milos Tealeaf has 30 seconds left.\n|c|\u2606Seismitoad dynasty|what\u2019s that mean\n|\n|t:|1776103031\n|move|p2b: Incineroar|Protect|p2b: Incineroar\n|-singleturn|p2b: Incineroar|Protect\n|move|p2a: Mr. Rime|Fake Out|p1a: Incineroar\n|-damage|p1a: Incineroar|49/100\n|cant|p1a: Incineroar|flinch\n|\n|-end|p1a: Incineroar|Encore\n|-start|p1a: Incineroar|perish0\n|-sideend|p2: Seismitoad dynasty|move: Aurora Veil\n|faint|p1a: Incineroar\n|\n|win|Seismitoad dynasty\n|raw|Milos Tealeaf's rating: 1000 &rarr; <strong>1000</strong><br />(+0 for losing)\n|raw|Seismitoad dynasty's rating: 1041 &rarr; <strong>1071</strong><br />(+30 for winning)\n|c|\u2606Milos Tealeaf|to copy in champions\n|c|\u2606Milos Tealeaf|rental\n|c|\u2606Milos Tealeaf|you have?\n|c|\u2606Seismitoad dynasty|You like my team ehehehhe\n|c|\u2606Milos Tealeaf|yeah\n|c|\u2606Seismitoad dynasty|no I just made it\n|c|\u2606Milos Tealeaf|I like\n|c|\u2606Seismitoad dynasty|w\n|c|\u2606Seismitoad dynasty|i tried incorporating Mr rime\n|c|\u2606Seismitoad dynasty|hes my favorite pokemon\n|c|\u2606Milos Tealeaf|realy?\n|c|\u2606Seismitoad dynasty|Y\n|c|\u2606Seismitoad dynasty|ya\n|c|\u2606Seismitoad dynasty|but he sucks\n|c|\u2606Milos Tealeaf|hehhe\n|c|\u2606Seismitoad dynasty|This is my 3rd team with him\n|c|\u2606Milos Tealeaf|My favorite is venussaur\n|c|\u2606Seismitoad dynasty|How do I send you the team\n|c|\u2606Milos Tealeaf|like poison types\n|c|\u2606Milos Tealeaf|yeah\n|c|\u2606Seismitoad dynasty|you should use the sun team with charizard\n|c|\u2606Milos Tealeaf|charizard I'm have\n|c|\u2606Milos Tealeaf|heheh\n|c|\u2606Milos Tealeaf|I dont know build perish teams\n|c|\u2606Seismitoad dynasty|There\u2019s a guy on YouTube whos really good at that\n|c|\u2606Milos Tealeaf|https://www.youtube.com/watch?v=sI71qmXSuaM\n|c|\u2606Milos Tealeaf|I copy this team\n|c|\u2606Seismitoad dynasty|I tried that one but I don\u2019t like it\n|c|\u2606Milos Tealeaf|hum\n|c|\u2606Seismitoad dynasty|make your own with your favorite pokemon\n|c|\u2606Seismitoad dynasty|thats what I did\n|c|\u2606Milos Tealeaf|no kkkk\n|c|\u2606Seismitoad dynasty|1 sec\n|c|\u2606Seismitoad dynasty|stay here\n|c|\u2606Milos Tealeaf|yah\n|c|\u2606Seismitoad dynasty|It wobt let me paste the team in chat\n|c|\u2606Seismitoad dynasty|i tried\n|c|\u2606Milos Tealeaf|no problem\n|c|\u2606Milos Tealeaf|thanks\n|c|\u2606Seismitoad dynasty|Alr have a good day\n|c|\u2606Milos Tealeaf|see you again\n|c|\u2606Milos Tealeaf|one moment\n|c|\u2606Milos Tealeaf|you have switch?\n|c|\u2606Seismitoad dynasty|Ya\n|c|\u2606Seismitoad dynasty|but not on me rn\n|c|\u2606Milos Tealeaf|my frind code\n|c|\u2606Milos Tealeaf|one moment\n|c|\u2606Seismitoad dynasty|wait I don\u2019t have my switch with me\n|c|\u2606Milos Tealeaf|774772435710\n|c|\u2606Seismitoad dynasty|you got like pokemon home or something?\n|c|\u2606Milos Tealeaf|natan\n|c|\u2606Milos Tealeaf|yeah\n|c|\u2606Milos Tealeaf|I'm have\n|c|\u2606Seismitoad dynasty|I\u2019ll send you my friend code\n|c|\u2606Milos Tealeaf|ok\n|l|\u2606Seismitoad dynasty\n|player|p2|\n|j|\u2606Seismitoad dynasty\n|player|p2|Seismitoad dynasty|li|\n|c|\u2606Seismitoad dynasty|BYFEZWZLPNSJ\n|c|\u2606Milos Tealeaf|I'll be right back.\n|c|\u2606Seismitoad dynasty|Here\n|c|\u2606Seismitoad dynasty|Alr\n|c|\u2606Milos Tealeaf|I sent a request\n|c|\u2606Seismitoad dynasty|Alr\n|c|\u2606Milos Tealeaf|hehe\n|c|\u2606Seismitoad dynasty|Brb\n|l|\u2606Seismitoad dynasty\n|player|p2|\n|c|\u2606Milos Tealeaf|My friends and I created a Pok\u00e9mon VGC group.\n|j|\u2606Seismitoad dynasty\n|player|p2|Seismitoad dynasty|li|\n",
  "uploadtime": 1776103917,
  "views": 11,
  "formatid": "gen9championsvgc2026regma",
  "rating": 1000,
  "private": 0,
  "password": null
}