{
  "id": "gen9championsvgc2026regma-2582487749",
  "format": "[Gen 9 Champions] VGC 2026 Reg M-A",
  "players": [
    "DJwhiteguy",
    "RUBICON-9"
  ],
  "log": "|j|\u2606DJwhiteguy\n|j|\u2606RUBICON-9\n|t:|1776094867\n|gametype|doubles\n|player|p1|DJwhiteguy|pokemaniac|1132\n|player|p2|RUBICON-9|shauntal|1173\n|gen|9\n|tier|[Gen 9 Champions] VGC 2026 Reg M-A\n|rated|\n|rule|Species Clause: Limit one of each Pok\u00e9mon\n|rule|Item Clause: Limit 1 of each item\n|clearpoke\n|poke|p1|Charizard, L50, F|\n|poke|p1|Venusaur, L50, M|\n|poke|p1|Garchomp, L50, F|\n|poke|p1|Incineroar, L50, F|\n|poke|p1|Sneasler, L50, M|\n|poke|p1|Rotom-Wash, L50|\n|poke|p2|Basculegion, L50, M|\n|poke|p2|Floette-Eternal, L50, F|\n|poke|p2|Incineroar, L50, M|\n|poke|p2|Sneasler, L50, F|\n|poke|p2|Froslass, L50, F|\n|poke|p2|Archaludon, L50, M|\n|teampreview|4\n|\n|t:|1776094896\n|teamsize|p1|4\n|teamsize|p2|4\n|start\n|switch|p1a: Charizard|Charizard, L50, F|100/100\n|switch|p1b: Venusaur|Venusaur, L50, M|100/100\n|switch|p2a: Crawler|Basculegion, L50, M|100/100\n|switch|p2b: Bonesaw|Floette-Eternal, L50, F, shiny|100/100\n|turn|1\n|\n|t:|1776094911\n|detailschange|p1a: Charizard|Charizard-Mega-Y, L50, F\n|-mega|p1a: Charizard|Charizard|Charizardite Y\n|-weather|SunnyDay|[from] ability: Drought|[of] p1a: Charizard\n|detailschange|p2b: Bonesaw|Floette-Mega, L50, F, shiny\n|-mega|p2b: Bonesaw|Floette|Floettite\n|-ability|p2b: Bonesaw|Fairy Aura\n|move|p1b: Venusaur|Sleep Powder|p2b: Bonesaw\n|-status|p2b: Bonesaw|slp|[from] move: Sleep Powder\n|move|p2a: Crawler|Wave Crash|p1a: Charizard\n|-supereffective|p1a: Charizard|1\n|-damage|p1a: Charizard|0 fnt\n|faint|p1a: Charizard\n|-damage|p2a: Crawler|74/100|[from] Recoil\n|cant|p2b: Bonesaw|slp\n|\n|-weather|SunnyDay|[upkeep]\n|upkeep\n|\n|t:|1776094927\n|switch|p1a: Garchomp|Garchomp, L50, F|100/100\n|turn|2\n|\n|t:|1776094946\n|switch|p2a: Burnscar|Incineroar, L50, M|100/100\n|-ability|p2a: Burnscar|Intimidate|boost\n|-unboost|p1a: Garchomp|atk|1\n|-unboost|p1b: Venusaur|atk|1\n|move|p1b: Venusaur|Giga Drain|p2b: Bonesaw\n|-damage|p2b: Bonesaw|70/100 slp\n|move|p1a: Garchomp|Rock Slide|p2a: Burnscar|[spread] p2a,p2b\n|-supereffective|p2a: Burnscar|1\n|-damage|p2a: Burnscar|73/100\n|-damage|p2b: Bonesaw|51/100 slp\n|cant|p2b: Bonesaw|slp\n|\n|-weather|SunnyDay|[upkeep]\n|upkeep\n|turn|3\n|\n|t:|1776094969\n|move|p2a: Burnscar|Fake Out|p1a: Garchomp\n|-damage|p1a: Garchomp|86/100\n|-damage|p2a: Burnscar|60/100|[from] ability: Rough Skin|[of] p1a: Garchomp\n|move|p1b: Venusaur|Sleep Powder|p2a: Burnscar\n|-status|p2a: Burnscar|slp|[from] move: Sleep Powder\n|cant|p1a: Garchomp|flinch\n|-curestatus|p2b: Bonesaw|slp|[msg]\n|move|p2b: Bonesaw|Dazzling Gleam|p1a: Garchomp|[spread] p1a,p1b\n|-supereffective|p1a: Garchomp|1\n|-resisted|p1b: Venusaur|1\n|-damage|p1a: Garchomp|0 fnt\n|-damage|p1b: Venusaur|71/100\n|faint|p1a: Garchomp\n|\n|-weather|SunnyDay|[upkeep]\n|upkeep\n|\n|t:|1776094975\n|switch|p1a: Sneasler|Sneasler, L50, M|100/100\n|turn|4\n|\n|t:|1776094991\n|switch|p2b: Jack Slash|Sneasler, L50, F|100/100\n|move|p1b: Venusaur|Earth Power|p2a: Burnscar\n|-supereffective|p2a: Burnscar|1\n|-damage|p2a: Burnscar|1/100 slp\n|move|p1a: Sneasler|Dire Claw|p2b: Jack Slash\n|-resisted|p2b: Jack Slash|1\n|-damage|p2b: Jack Slash|62/100\n|cant|p2a: Burnscar|slp\n|\n|-weather|SunnyDay|[upkeep]\n|upkeep\n|turn|5\n|\n|t:|1776095011\n|move|p2b: Jack Slash|Fake Out|p1a: Sneasler\n|-damage|p1a: Sneasler|77/100\n|move|p1b: Venusaur|Earth Power|p2a: Burnscar\n|-supereffective|p2a: Burnscar|1\n|-damage|p2a: Burnscar|0 fnt\n|faint|p2a: Burnscar\n|cant|p1a: Sneasler|flinch\n|\n|-weather|none\n|upkeep\n|\n|t:|1776095019\n|switch|p2a: Bonesaw|Floette-Mega, L50, F, shiny|51/100\n|-ability|p2a: Bonesaw|Fairy Aura\n|turn|6\n|\n|t:|1776095039\n|move|p2a: Bonesaw|Protect|p2a: Bonesaw\n|-singleturn|p2a: Bonesaw|Protect\n|move|p1a: Sneasler|Close Combat|p2b: Jack Slash\n|-resisted|p2b: Jack Slash|1\n|-damage|p2b: Jack Slash|10/100\n|-unboost|p1a: Sneasler|def|1\n|-unboost|p1a: Sneasler|spd|1\n|-enditem|p1a: Sneasler|White Herb\n|-clearnegativeboost|p1a: Sneasler|[silent]\n|move|p2b: Jack Slash|Dire Claw|p1b: Venusaur\n|-damage|p1b: Venusaur|18/100\n|move|p1b: Venusaur|Giga Drain|p2a: Bonesaw\n|-activate|p2a: Bonesaw|move: Protect\n|\n|upkeep\n|turn|7\n|\n|t:|1776095069\n|move|p1b: Venusaur|Protect|p1b: Venusaur\n|-singleturn|p1b: Venusaur|Protect\n|move|p1a: Sneasler|Dire Claw|p2a: Bonesaw\n|-supereffective|p2a: Bonesaw|1\n|-damage|p2a: Bonesaw|0 fnt\n|faint|p2a: Bonesaw\n|move|p2b: Jack Slash|Dire Claw|p1b: Venusaur\n|-activate|p1b: Venusaur|move: Protect\n|\n|upkeep\n|\n|t:|1776095074\n|switch|p2a: Crawler|Basculegion, L50, M|74/100\n|turn|8\n|\n|t:|1776095083\n|move|p1a: Sneasler|Dire Claw|p2a: Crawler\n|-resisted|p2a: Crawler|1\n|-damage|p2a: Crawler|49/100\n|-status|p2a: Crawler|par\n|move|p2b: Jack Slash|Dire Claw|p1b: Venusaur\n|-damage|p1b: Venusaur|0 fnt\n|faint|p1b: Venusaur\n|cant|p2a: Crawler|par\n|\n|upkeep\n|turn|9\n|\n|t:|1776095101\n|move|p1a: Sneasler|Dire Claw|p2b: Jack Slash\n|-resisted|p2b: Jack Slash|1\n|-damage|p2b: Jack Slash|0 fnt\n|faint|p2b: Jack Slash\n|cant|p2a: Crawler|par\n|\n|upkeep\n|turn|10\n|\n|t:|1776095107\n|move|p1a: Sneasler|Dire Claw|p2a: Crawler\n|-resisted|p2a: Crawler|1\n|-damage|p2a: Crawler|22/100 par\n|cant|p2a: Crawler|par\n|\n|upkeep\n|turn|11\n|c|\u2606RUBICON-9|CRAWLER WHAT THE FUCK ARE YOU DOING\n|\n|t:|1776095121\n|move|p1a: Sneasler|Dire Claw|p2a: Crawler\n|-resisted|p2a: Crawler|1\n|-damage|p2a: Crawler|0 fnt\n|faint|p2a: Crawler\n|\n|win|DJwhiteguy\n",
  "uploadtime": 1776095116,
  "views": 11,
  "formatid": "gen9championsvgc2026regma",
  "rating": null,
  "private": 0,
  "password": null
}