{
  "id": "gen9championsvgc2026regma-2582652981",
  "format": "[Gen 9 Champions] VGC 2026 Reg M-A",
  "players": [
    "Jaywal",
    "OneRandomMawile"
  ],
  "log": "|j|\u2606Jaywal\n|j|\u2606OneRandomMawile\n|t:|1776105124\n|gametype|doubles\n|player|p1|Jaywal|plasmagrunt|\n|player|p2|OneRandomMawile|miku-water|\n|gen|9\n|tier|[Gen 9 Champions] VGC 2026 Reg M-A\n|rule|Species Clause: Limit one of each Pok\u00e9mon\n|rule|Item Clause: Limit 1 of each item\n|clearpoke\n|poke|p1|Liepard, L50, M|\n|poke|p1|Zoroark-Hisui, L50, M|\n|poke|p1|Sylveon, L50, M|\n|poke|p1|Meowscarada, L50, M|\n|poke|p1|Lucario, L50, F|\n|poke|p1|Rotom-Wash, L50|\n|poke|p2|Garchomp, L50, F|\n|poke|p2|Tyranitar, L50, M|\n|poke|p2|Skarmory, L50, M|\n|poke|p2|Farigiraf, L50, F|\n|poke|p2|Incineroar, L50, M|\n|poke|p2|Rotom-Wash, L50|\n|teampreview|4\n|\n|t:|1776105334\n|teamsize|p1|4\n|teamsize|p2|4\n|start\n|switch|p1a: Dyson|Rotom-Wash, L50|100/100\n|switch|p1b: Steele|Lucario, L50, F|100/100\n|switch|p2a: DAMN!!!|Skarmory, L50, M, shiny|100/100\n|switch|p2b: Survivor|Incineroar, L50, M|100/100\n|-ability|p2b: Survivor|Intimidate|boost\n|-unboost|p1a: Dyson|atk|1\n|-unboost|p1b: Steele|atk|1\n|turn|1\n|\n|t:|1776105364\n|detailschange|p1b: Steele|Lucario-Mega, L50, F\n|-mega|p1b: Steele|Lucario|Lucarionite\n|detailschange|p2a: DAMN!!!|Skarmory-Mega, L50, M, shiny\n|-mega|p2a: DAMN!!!|Skarmory|Skarmorite\n|move|p2b: Survivor|Fake Out|p1a: Dyson\n|-damage|p1a: Dyson|88/100\n|move|p1b: Steele|Vacuum Wave|p2b: Survivor\n|-supereffective|p2b: Survivor|1\n|-damage|p2b: Survivor|53/100\n|move|p2a: DAMN!!!|Tailwind|p2a: DAMN!!!\n|-sidestart|p2: OneRandomMawile|move: Tailwind\n|cant|p1a: Dyson|flinch\n|\n|-heal|p2b: Survivor|59/100|[from] item: Leftovers\n|-heal|p1a: Dyson|94/100|[from] item: Leftovers\n|upkeep\n|turn|2\n|\n|t:|1776105425\n|move|p1b: Steele|Detect|p1b: Steele\n|-singleturn|p1b: Steele|Protect\n|move|p2b: Survivor|Protect|p2b: Survivor\n|-singleturn|p2b: Survivor|Protect\n|move|p2a: DAMN!!!|Brave Bird|p1b: Steele\n|-activate|p1b: Steele|move: Protect\n|move|p1a: Dyson|Hydro Pump|p2b: Survivor\n|-activate|p2b: Survivor|move: Protect\n|\n|-heal|p2b: Survivor|65/100|[from] item: Leftovers\n|-heal|p1a: Dyson|99/100|[from] item: Leftovers\n|upkeep\n|turn|3\n|\n|t:|1776105463\n|switch|p1b: Infih|Sylveon, L50, M|100/100\n|move|p2a: DAMN!!!|Protect|p2a: DAMN!!!\n|-singleturn|p2a: DAMN!!!|Protect\n|move|p2b: Survivor|Parting Shot|p1b: Infih\n|-unboost|p1b: Infih|atk|1\n|-unboost|p1b: Infih|spa|1\n|\n|t:|1776105478\n|switch|p2b: 2Factor Auth|Farigiraf, L50, F|100/100|[from] Parting Shot\n|move|p1a: Dyson|Hydro Pump|p2b: 2Factor Auth\n|-damage|p2b: 2Factor Auth|56/100\n|\n|-heal|p1a: Dyson|100/100|[from] item: Leftovers\n|upkeep\n|turn|4\n|\n|t:|1776105500\n|move|p1b: Infih|Protect|p1b: Infih\n|-singleturn|p1b: Infih|Protect\n|move|p2a: DAMN!!!|Iron Head|p1b: Infih\n|-activate|p1b: Infih|move: Protect\n|move|p1a: Dyson|Volt Switch|p2a: DAMN!!!\n|-supereffective|p2a: DAMN!!!|1\n|-damage|p2a: DAMN!!!|29/100\n|\n|t:|1776105518\n|switch|p1a: Steele|Lucario-Mega, L50, F|100/100|[from] Volt Switch\n|move|p2b: 2Factor Auth|Trick Room|p2b: 2Factor Auth\n|-fieldstart|move: Trick Room|[of] p2b: 2Factor Auth\n|\n|-sideend|p2: OneRandomMawile|move: Tailwind\n|upkeep\n|turn|5\n|\n|t:|1776105573\n|switch|p2a: Survivor|Incineroar, L50, M|65/100\n|-ability|p2a: Survivor|Intimidate|boost\n|-unboost|p1a: Steele|atk|1\n|-unboost|p1b: Infih|atk|1\n|move|p1a: Steele|Detect|p1a: Steele\n|-singleturn|p1a: Steele|Protect\n|move|p2b: 2Factor Auth|Psychic|p1a: Steele\n|-activate|p1a: Steele|move: Protect\n|move|p1b: Infih|Mystical Fire|p2a: Survivor\n|-resisted|p2a: Survivor|1\n|-damage|p2a: Survivor|58/100\n|-unboost|p2a: Survivor|spa|1\n|\n|-heal|p2a: Survivor|64/100|[from] item: Leftovers\n|upkeep\n|turn|6\n|\n|t:|1776105614\n|switch|p1a: Dyson|Rotom-Wash, L50|100/100\n|move|p2b: 2Factor Auth|Helping Hand|p2a: Survivor\n|-singleturn|p2a: Survivor|Helping Hand|[of] p2b: 2Factor Auth\n|move|p2a: Survivor|Flare Blitz|p1a: Dyson\n|-resisted|p1a: Dyson|1\n|-damage|p1a: Dyson|66/100\n|-damage|p2a: Survivor|55/100|[from] Recoil\n|move|p1b: Infih|Hyper Beam|p2b: 2Factor Auth\n|-damage|p2b: 2Factor Auth|0 fnt\n|-mustrecharge|p1b: Infih\n|faint|p2b: 2Factor Auth\n|\n|-heal|p2a: Survivor|61/100|[from] item: Leftovers\n|-heal|p1a: Dyson|72/100|[from] item: Leftovers\n|upkeep\n|\n|t:|1776105626\n|switch|p2b: DAMN!!!|Skarmory-Mega, L50, M, shiny|29/100\n|turn|7\n|\n|t:|1776105818\n|move|p2a: Survivor|Parting Shot|p1a: Dyson\n|-unboost|p1a: Dyson|atk|1\n|-unboost|p1a: Dyson|spa|1\n|\n|t:|1776105821\n|switch|p2a: Big Man Tar|Tyranitar, L50, M|100/100|[from] Parting Shot\n|-weather|Sandstorm|[from] ability: Sand Stream|[of] p2a: Big Man Tar\n|cant|p1b: Infih|recharge\n|move|p1a: Dyson|Volt Switch|p2b: DAMN!!!\n|-supereffective|p2b: DAMN!!!|1\n|-damage|p2b: DAMN!!!|0 fnt\n|faint|p2b: DAMN!!!\n|\n|t:|1776105847\n|switch|p1a: Steele|Lucario-Mega, L50, F|100/100|[from] Volt Switch\n|\n|-weather|Sandstorm|[upkeep]\n|-damage|p1b: Infih|95/100|[from] Sandstorm\n|upkeep\n|\n|t:|1776105850\n|switch|p2b: Survivor|Incineroar, L50, M|61/100\n|-ability|p2b: Survivor|Intimidate|boost\n|-unboost|p1a: Steele|atk|1\n|-unboost|p1b: Infih|atk|1\n|turn|8\n|\n|t:|1776105889\n|move|p1a: Steele|Detect|p1a: Steele\n|-singleturn|p1a: Steele|Protect\n|move|p2b: Survivor|Fake Out|p1a: Steele\n|-activate|p1a: Steele|move: Protect\n|move|p1b: Infih|Hyper Beam|p2a: Big Man Tar\n|-supereffective|p2a: Big Man Tar|1\n|-damage|p2a: Big Man Tar|23/100\n|-mustrecharge|p1b: Infih\n|move|p2a: Big Man Tar|High Horsepower|p1b: Infih\n|-damage|p1b: Infih|51/100\n|\n|-weather|Sandstorm|[upkeep]\n|-damage|p2b: Survivor|55/100|[from] Sandstorm\n|-damage|p1b: Infih|45/100|[from] Sandstorm\n|-enditem|p1b: Infih|Sitrus Berry|[eat]\n|-heal|p1b: Infih|70/100|[from] item: Sitrus Berry\n|-heal|p2b: Survivor|61/100|[from] item: Leftovers\n|-fieldend|move: Trick Room\n|upkeep\n|turn|9\n|\n|t:|1776105909\n|move|p1a: Steele|Vacuum Wave|p2a: Big Man Tar\n|-supereffective|p2a: Big Man Tar|2\n|-damage|p2a: Big Man Tar|0 fnt\n|faint|p2a: Big Man Tar\n|cant|p1b: Infih|recharge\n|move|p2b: Survivor|Flare Blitz|p1a: Steele\n|-supereffective|p1a: Steele|1\n|-damage|p1a: Steele|0 fnt\n|faint|p1a: Steele\n|-damage|p2b: Survivor|37/100|[from] Recoil\n|\n|-weather|Sandstorm|[upkeep]\n|-damage|p1b: Infih|64/100|[from] Sandstorm\n|-damage|p2b: Survivor|31/100|[from] Sandstorm\n|-heal|p2b: Survivor|37/100|[from] item: Leftovers\n|upkeep\n|\n|t:|1776105922\n|switch|p1a: Dyson|Rotom-Wash, L50|72/100\n|turn|10\n|\n|t:|1776105930\n|move|p2b: Survivor|Protect|p2b: Survivor\n|-singleturn|p2b: Survivor|Protect\n|move|p1a: Dyson|Hydro Pump|p2b: Survivor\n|-activate|p2b: Survivor|move: Protect\n|move|p1b: Infih|Hyper Beam|p2b: Survivor\n|-activate|p2b: Survivor|move: Protect\n|\n|-weather|Sandstorm|[upkeep]\n|-damage|p1a: Dyson|66/100|[from] Sandstorm\n|-damage|p1b: Infih|58/100|[from] Sandstorm\n|-damage|p2b: Survivor|31/100|[from] Sandstorm\n|-heal|p1a: Dyson|72/100|[from] item: Leftovers\n|-heal|p2b: Survivor|37/100|[from] item: Leftovers\n|upkeep\n|turn|11\n|\n|t:|1776105968\n|move|p1a: Dyson|Hydro Pump|p2b: Survivor\n|-supereffective|p2b: Survivor|1\n|-damage|p2b: Survivor|0 fnt\n|faint|p2b: Survivor\n|\n|win|Jaywal\n",
  "uploadtime": 1776105985,
  "views": 19,
  "formatid": "gen9championsvgc2026regma",
  "rating": null,
  "private": 0,
  "password": null
}