{
  "id": "gen9championsvgc2026regma-2587582414",
  "format": "[Gen 9 Champions] VGC 2026 Reg M-A",
  "players": [
    "Elite Fource",
    "PokeYukito"
  ],
  "log": "|j|\u2606Elite Fource\n|j|\u2606PokeYukito\n|t:|1776544250\n|gametype|doubles\n|player|p1|Elite Fource|infielder|1067\n|player|p2|PokeYukito|102|1000\n|gen|9\n|tier|[Gen 9 Champions] VGC 2026 Reg M-A\n|rated|\n|rule|Species Clause: Limit one of each Pok\u00e9mon\n|rule|Item Clause: Limit 1 of each item\n|clearpoke\n|poke|p1|Crabominable, L50, M, shiny|\n|poke|p1|Araquanid, L50, M, shiny|\n|poke|p1|Arcanine, L50, F|\n|poke|p1|Sinistcha, L50|\n|poke|p1|Jolteon, L50, F, shiny|\n|poke|p1|Floette-Eternal, L50, F|\n|poke|p2|Abomasnow, L50, F|\n|poke|p2|Ceruledge, L50, F|\n|poke|p2|Aerodactyl, L50, F|\n|poke|p2|Quaquaval, L50, M|\n|poke|p2|Kingambit, L50, F|\n|poke|p2|Garchomp, L50, F|\n|teampreview|4\n|inactive|Battle timer is ON: inactive players will automatically lose when time's up. (requested by Elite Fource)\n|inactive|Elite Fource has 60 seconds left.\nPokeYukito has agreed to open team sheets.\n|\n|t:|1776544290\n|teamsize|p1|4\n|teamsize|p2|4\n|start\n|switch|p1a: 1000000000 years|Floette-Eternal, L50, F|100/100\n|switch|p1b: Ultraman|Araquanid, L50, M, shiny|100/100\n|switch|p2a: Garchomp|Garchomp, L50, F|100/100\n|switch|p2b: Aerodactyl|Aerodactyl, L50, F|100/100\n|-ability|p2b: Aerodactyl|Unnerve\n|turn|1\n|-activate|p1b: Ultraman|item: Quick Claw\n|\n|t:|1776544310\n|detailschange|p2a: Garchomp|Garchomp-Mega, L50, F\n|-mega|p2a: Garchomp|Garchomp|Garchompite\n|move|p1b: Ultraman|Liquidation|p2a: Garchomp\n|-damage|p2a: Garchomp|55/100\n|move|p2b: Aerodactyl|Tailwind|p2b: Aerodactyl\n|-sidestart|p2: PokeYukito|move: Tailwind\n|move|p2a: Garchomp|Outrage|p1a: 1000000000 years\n|-immune|p1a: 1000000000 years\n|move|p1a: 1000000000 years|Tearful Look|p2b: Aerodactyl\n|-unboost|p2b: Aerodactyl|atk|1\n|-unboost|p2b: Aerodactyl|spa|1\n|\n|upkeep\n|turn|2\n|inactive|PokeYukito has 30 seconds left.\n|inactive|PokeYukito has 20 seconds left.\n|inactive|PokeYukito has 15 seconds left.\n|\n|t:|1776544351\n|move|p2b: Aerodactyl|Stealth Rock|p1a: 1000000000 years\n|-sidestart|p1: Elite Fource|move: Stealth Rock\n|move|p2a: Garchomp|Stone Edge|p1a: 1000000000 years\n|-damage|p1a: 1000000000 years|32/100\n|move|p1a: 1000000000 years|Moonblast|p2a: Garchomp\n|-supereffective|p2a: Garchomp|1\n|-damage|p2a: Garchomp|0 fnt\n|faint|p2a: Garchomp\n|move|p1b: Ultraman|Liquidation|p2b: Aerodactyl\n|-supereffective|p2b: Aerodactyl|1\n|-enditem|p2b: Aerodactyl|Focus Sash\n|-damage|p2b: Aerodactyl|1/100\n|\n|upkeep\n|\n|t:|1776544370\n|switch|p2a: Quaquaval|Quaquaval, L50, M|100/100\n|turn|3\n|-activate|p1b: Ultraman|item: Quick Claw\n|\n|t:|1776544388\n|switch|p1a: no matcha???|Sinistcha, L50|100/100\n|-damage|p1a: no matcha???|88/100|[from] Stealth Rock\n|move|p1b: Ultraman|Poison Jab|p2a: Quaquaval\n|-damage|p2a: Quaquaval|79/100\n|-status|p2a: Quaquaval|psn\n|move|p2b: Aerodactyl|Rock Slide|p1a: no matcha???|[spread] p1a\n|-miss|p2b: Aerodactyl|p1b: Ultraman\n|-damage|p1a: no matcha???|79/100\n|move|p2a: Quaquaval|Aqua Step|p1a: no matcha???\n|-resisted|p1a: no matcha???|1\n|-damage|p1a: no matcha???|64/100\n|-boost|p2a: Quaquaval|spe|1\n|-heal|p2a: Quaquaval|81/100 psn|[from] item: Shell Bell|[of] p1a: no matcha???\n|\n|-heal|p1a: no matcha???|70/100|[from] item: Leftovers\n|-damage|p2a: Quaquaval|68/100 psn|[from] psn\n|upkeep\n|turn|4\n|inactive|PokeYukito has 30 seconds left.\n|inactive|PokeYukito has 20 seconds left.\n|\n|t:|1776544428\n|move|p2a: Quaquaval|Triple Axel|p1a: no matcha???\n|-supereffective|p1a: no matcha???|1\n|-damage|p1a: no matcha???|60/100\n|-supereffective|p1a: no matcha???|1\n|-damage|p1a: no matcha???|38/100\n|-supereffective|p1a: no matcha???|1\n|-damage|p1a: no matcha???|6/100\n|-hitcount|p1a: no matcha???|3\n|-heal|p2a: Quaquaval|77/100 psn|[from] item: Shell Bell|[of] p1a: no matcha???\n|move|p2b: Aerodactyl|Dual Wingbeat|p1b: Ultraman\n|-supereffective|p1b: Ultraman|1\n|-damage|p1b: Ultraman|76/100\n|-supereffective|p1b: Ultraman|1\n|-damage|p1b: Ultraman|52/100\n|-hitcount|p1b: Ultraman|2\n|move|p1b: Ultraman|Lunge|p2a: Quaquaval\n|-resisted|p2a: Quaquaval|1\n|-damage|p2a: Quaquaval|62/100 psn\n|-unboost|p2a: Quaquaval|atk|1\n|move|p1a: no matcha???|Trick Room|p1a: no matcha???\n|-fieldstart|move: Trick Room|[of] p1a: no matcha???\n|\n|-heal|p1a: no matcha???|12/100|[from] item: Leftovers\n|-damage|p2a: Quaquaval|49/100 psn|[from] psn\n|-sideend|p2: PokeYukito|move: Tailwind\n|upkeep\n|turn|5\n|\n|t:|1776544452\n|switch|p1b: Armor Abs Krabs|Crabominable, L50, M, shiny|100/100\n|-damage|p1b: Armor Abs Krabs|88/100|[from] Stealth Rock\n|move|p1a: no matcha???|Matcha Gotcha|p2b: Aerodactyl|[spread] p2a,p2b\n|-supereffective|p2a: Quaquaval|1\n|-damage|p2a: Quaquaval|0 fnt\n|-heal|p1a: no matcha???|35/100|[from] drain|[of] p2a: Quaquaval\n|-damage|p2b: Aerodactyl|0 fnt\n|-heal|p1a: no matcha???|35/100|[from] drain|[of] p2b: Aerodactyl\n|faint|p2a: Quaquaval\n|faint|p2b: Aerodactyl\n|\n|-heal|p1a: no matcha???|42/100|[from] item: Leftovers\n|upkeep\n|\n|t:|1776544470\n|switch|p2b: Kingambit|Kingambit, L50, F|100/100\n|-activate|p2b: Kingambit|ability: Supreme Overlord\n|-start|p2b: Kingambit|fallen3|[silent]\n|turn|6\n|\n|t:|1776544481\n|detailschange|p1b: Armor Abs Krabs|Crabominable-Mega, L50, M, shiny\n|-mega|p1b: Armor Abs Krabs|Crabominable|Crabominite\n|move|p2b: Kingambit|Sucker Punch|p1a: no matcha???\n|-supereffective|p1a: no matcha???|1\n|-damage|p1a: no matcha???|0 fnt\n|faint|p1a: no matcha???\n|move|p1b: Armor Abs Krabs|Drain Punch|p2b: Kingambit\n|-supereffective|p2b: Kingambit|2\n|-damage|p2b: Kingambit|0 fnt\n|-heal|p1b: Armor Abs Krabs|100/100|[from] drain|[of] p2b: Kingambit\n|faint|p2b: Kingambit\n|-end|p2b: Kingambit|fallen3|[silent]\n|\n|win|Elite Fource\n|raw|Elite Fource's rating: 1067 &rarr; <strong>1091</strong><br />(+24 for winning)\n|raw|PokeYukito's rating: 1000 &rarr; <strong>1000</strong><br />(+0 for losing)\n|c|\u2606Elite Fource|gg\n|l|\u2606PokeYukito\n|player|p2|\n|c|\u2606Elite Fource|bro outraged floette\n",
  "uploadtime": 1776544509,
  "views": 16,
  "formatid": "gen9championsvgc2026regma",
  "rating": 1000,
  "private": 0,
  "password": null
}