{
  "id": "gen9championsvgc2026regma-2584231933",
  "format": "[Gen 9 Champions] VGC 2026 Reg M-A",
  "players": [
    "Frostoren",
    "DeDonutNoob"
  ],
  "log": "|j|\u2606Frostoren\n|j|\u2606DeDonutNoob\n|t:|1776241127\n|gametype|doubles\n|player|p1|Frostoren|266|1250\n|player|p2|DeDonutNoob|101|1196\n|gen|9\n|tier|[Gen 9 Champions] VGC 2026 Reg M-A\n|rated|\n|rule|Species Clause: Limit one of each Pok\u00e9mon\n|rule|Item Clause: Limit 1 of each item\n|clearpoke\n|poke|p1|Zoroark-Hisui, L50, M|\n|poke|p1|Sableye, L50, M|\n|poke|p1|Flapple, L50, M|\n|poke|p1|Heracross, L50, F|\n|poke|p1|Sneasler, L50, F|\n|poke|p1|Aerodactyl, L50, F|\n|poke|p2|Aerodactyl, L50, M|\n|poke|p2|Charizard, L50, M|\n|poke|p2|Venusaur, L50, F|\n|poke|p2|Aegislash, L50, F|\n|poke|p2|Sneasler, L50, M|\n|poke|p2|Milotic, L50, M|\n|teampreview|4\n|\n|t:|1776241178\n|teamsize|p1|4\n|teamsize|p2|4\n|start\n|switch|p1a: Aerodactyl|Aerodactyl, L50, F, shiny|100/100\n|switch|p1b: Sableye|Sableye, L50, M|100/100\n|switch|p2a: Milotic|Milotic, L50, M|100/100\n|switch|p2b: Aegislash|Aegislash, L50, F|100/100\n|-ability|p1a: Aerodactyl|Unnerve\n|turn|1\n|\n|t:|1776241202\n|move|p1a: Aerodactyl|Protect|p1a: Aerodactyl\n|-singleturn|p1a: Aerodactyl|Protect\n|move|p1b: Sableye|Will-O-Wisp|p2b: Aegislash\n|-status|p2b: Aegislash|brn\n|move|p2a: Milotic|Coil|p2a: Milotic\n|-boost|p2a: Milotic|atk|1\n|-boost|p2a: Milotic|def|1\n|-boost|p2a: Milotic|accuracy|1\n|-formechange|p2b: Aegislash|Aegislash-Blade|\n|move|p2b: Aegislash|Iron Head|p1a: Aerodactyl\n|-activate|p1a: Aerodactyl|move: Protect\n|\n|-damage|p2b: Aegislash|95/100 brn|[from] brn\n|upkeep\n|turn|2\n|\n|t:|1776241216\n|switch|p1a: Flapple|Flapple, L50, M, shiny|100/100\n|move|p1b: Sableye|Gravity|p1b: Sableye\n|-fieldstart|move: Gravity\n|move|p2a: Milotic|Hypnosis|p1b: Sableye\n|-status|p1b: Sableye|slp|[from] move: Hypnosis\n|move|p2b: Aegislash|Iron Head|p1a: Flapple\n|-damage|p1a: Flapple|72/100\n|\n|-damage|p2b: Aegislash|89/100 brn|[from] brn\n|upkeep\n|turn|3\n|\n|t:|1776241228\n|switch|p2a: Charizard|Charizard, L50, M|100/100\n|move|p1a: Flapple|Grav Apple|p2a: Charizard\n|-resisted|p2a: Charizard|2\n|-damage|p2a: Charizard|67/100\n|-unboost|p2a: Charizard|def|1\n|move|p2b: Aegislash|Poltergeist|p1a: Flapple\n|-activate|p1a: Flapple|move: Poltergeist|Choice Scarf\n|-damage|p1a: Flapple|37/100\n|cant|p1b: Sableye|slp\n|\n|-damage|p2b: Aegislash|84/100 brn|[from] brn\n|upkeep\n|turn|4\n|\n|t:|1776241244\n|switch|p1a: Aerodactyl|Aerodactyl, L50, F, shiny|100/100\n|-ability|p1a: Aerodactyl|Unnerve\n|detailschange|p2a: Charizard|Charizard-Mega-Y, L50, M\n|-mega|p2a: Charizard|Charizard|Charizardite Y\n|-weather|SunnyDay|[from] ability: Drought|[of] p2a: Charizard\n|move|p2a: Charizard|Heat Wave|p1a: Aerodactyl|[spread] p1a,p1b\n|-resisted|p1a: Aerodactyl|1\n|-crit|p1a: Aerodactyl\n|-damage|p1a: Aerodactyl|34/100\n|-damage|p1b: Sableye|25/100 slp\n|-enditem|p1b: Sableye|Sitrus Berry|[eat]\n|-heal|p1b: Sableye|50/100 slp|[from] item: Sitrus Berry\n|move|p2b: Aegislash|Iron Head|p1b: Sableye\n|-damage|p1b: Sableye|25/100 slp\n|cant|p1b: Sableye|slp\n|\n|-weather|SunnyDay|[upkeep]\n|-damage|p2b: Aegislash|78/100 brn|[from] brn\n|upkeep\n|turn|5\n|\n|t:|1776241266\n|switch|p2a: Milotic|Milotic, L50, M|100/100\n|move|p1a: Aerodactyl|Protect|p1a: Aerodactyl\n|-singleturn|p1a: Aerodactyl|Protect\n|move|p2b: Aegislash|Iron Head|p1a: Aerodactyl\n|-activate|p1a: Aerodactyl|move: Protect\n|-curestatus|p1b: Sableye|slp|[msg]\n|move|p1b: Sableye|Hex|p2b: Aegislash\n|-supereffective|p2b: Aegislash|1\n|-damage|p2b: Aegislash|0 fnt\n|faint|p2b: Aegislash\n|\n|-weather|SunnyDay|[upkeep]\n|upkeep\n|\n|t:|1776241282\n|switch|p2b: Charizard|Charizard-Mega-Y, L50, M|67/100\n|turn|6\n|\n|t:|1776241290\n|detailschange|p1a: Aerodactyl|Aerodactyl-Mega, L50, F, shiny\n|-mega|p1a: Aerodactyl|Aerodactyl|Aerodactylite\n|move|p2b: Charizard|Protect|p2b: Charizard\n|-singleturn|p2b: Charizard|Protect\n|move|p1b: Sableye|Will-O-Wisp|p2a: Milotic\n|-status|p2a: Milotic|brn\n|move|p1a: Aerodactyl|Rock Slide|p2b: Charizard|[spread] p2a\n|-activate|p2b: Charizard|move: Protect\n|-crit|p2a: Milotic\n|-damage|p2a: Milotic|64/100 brn\n|move|p2a: Milotic|Muddy Water|p1b: Sableye|[spread] p1a,p1b\n|-supereffective|p1a: Aerodactyl|1\n|-damage|p1a: Aerodactyl|6/100\n|-damage|p1b: Sableye|11/100\n|\n|-weather|SunnyDay|[upkeep]\n|-heal|p2a: Milotic|70/100 brn|[from] item: Leftovers\n|-damage|p2a: Milotic|64/100 brn|[from] brn\n|-fieldend|move: Gravity\n|upkeep\n|turn|7\n|\n|t:|1776241302\n|switch|p2b: Aerodactyl|Aerodactyl, L50, M|100/100\n|move|p1b: Sableye|Gravity|p1b: Sableye\n|-fieldstart|move: Gravity\n|move|p1a: Aerodactyl|Rock Slide|p2b: Aerodactyl|[spread] p2a,p2b\n|-supereffective|p2b: Aerodactyl|1\n|-damage|p2a: Milotic|39/100 brn\n|-damage|p2b: Aerodactyl|1/100\n|move|p2a: Milotic|Muddy Water|p1a: Aerodactyl|[spread] p1a,p1b\n|-supereffective|p1a: Aerodactyl|1\n|-damage|p1a: Aerodactyl|0 fnt\n|-damage|p1b: Sableye|0 fnt\n|faint|p1a: Aerodactyl\n|faint|p1b: Sableye\n|\n|-weather|SunnyDay|[upkeep]\n|-heal|p2a: Milotic|45/100 brn|[from] item: Leftovers\n|-damage|p2a: Milotic|39/100 brn|[from] brn\n|upkeep\n|\n|t:|1776241310\n|switch|p1a: Sneasler|Sneasler, L50, F|100/100\n|switch|p1b: Flapple|Flapple, L50, M, shiny|37/100\n|turn|8\n|\n|t:|1776241318\n|move|p1a: Sneasler|Fake Out|p2b: Aerodactyl\n|-resisted|p2b: Aerodactyl|1\n|-damage|p2b: Aerodactyl|0 fnt\n|faint|p2b: Aerodactyl\n|move|p1b: Flapple|Dragon Rush|p2a: Milotic\n|-damage|p2a: Milotic|0 fnt\n|faint|p2a: Milotic\n|\n|-weather|none\n|upkeep\n|\n|t:|1776241325\n|switch|p2b: Charizard|Charizard-Mega-Y, L50, M|67/100\n|-weather|SunnyDay|[from] ability: Drought|[of] p2b: Charizard\n|turn|9\n|\n|t:|1776241330\n|move|p1a: Sneasler|Coaching|p1b: Flapple\n|-boost|p1b: Flapple|atk|1\n|-boost|p1b: Flapple|def|1\n|move|p1b: Flapple|Dragon Rush|p2b: Charizard\n|-damage|p2b: Charizard|0 fnt\n|faint|p2b: Charizard\n|\n|win|Frostoren\n|raw|Frostoren's rating: 1250 &rarr; <strong>1271</strong><br />(+21 for winning)\n|raw|DeDonutNoob's rating: 1196 &rarr; <strong>1175</strong><br />(-21 for losing)\n",
  "uploadtime": 1776241331,
  "views": 18,
  "formatid": "gen9championsvgc2026regma",
  "rating": 1175,
  "private": 0,
  "password": null
}