{
  "id": "gen9championsvgc2026regma-2584799817",
  "format": "[Gen 9 Champions] VGC 2026 Reg M-A",
  "players": [
    "WaluigiVGC",
    "branns_yz"
  ],
  "log": "|j|\u2606WaluigiVGC\n|j|\u2606branns_yz\n|t:|1776284554\n|gametype|doubles\n|player|p1|WaluigiVGC|101|1221\n|player|p2|branns_yz|n|1197\n|gen|9\n|tier|[Gen 9 Champions] VGC 2026 Reg M-A\n|rated|\n|rule|Species Clause: Limit one of each Pok\u00e9mon\n|rule|Item Clause: Limit 1 of each item\n|clearpoke\n|poke|p1|Sneasler, L50, M|\n|poke|p1|Aerodactyl, L50, F|\n|poke|p1|Basculegion, L50, M|\n|poke|p1|Incineroar, L50, M|\n|poke|p1|Floette-Eternal, L50, F|\n|poke|p1|Sinistcha, L50|\n|poke|p2|Charizard, L50, M|\n|poke|p2|Kingambit, L50, M|\n|poke|p2|Whimsicott, L50, M|\n|poke|p2|Maushold-Four, L50|\n|poke|p2|Sneasler, L50, M|\n|poke|p2|Garchomp, L50, M|\n|teampreview|4\n|\n|t:|1776284585\n|teamsize|p1|4\n|teamsize|p2|4\n|start\n|switch|p1a: Aerodactyl|Aerodactyl, L50, F|100/100\n|switch|p1b: Sneasler|Sneasler, L50, M|100/100\n|switch|p2a: Garchomp|Garchomp, L50, M|100/100\n|switch|p2b: Whimsicott|Whimsicott, L50, M, shiny|100/100\n|-ability|p1a: Aerodactyl|Unnerve\n|turn|1\n|\n|t:|1776284605\n|move|p1b: Sneasler|Protect|p1b: Sneasler\n|-singleturn|p1b: Sneasler|Protect\n|move|p2b: Whimsicott|Tailwind|p2b: Whimsicott\n|-sidestart|p2: branns_yz|move: Tailwind\n|move|p2a: Garchomp|Rock Slide|p1a: Aerodactyl|[spread] p1a\n|-activate|p1b: Sneasler|move: Protect\n|-supereffective|p1a: Aerodactyl|1\n|-damage|p1a: Aerodactyl|36/100\n|move|p1a: Aerodactyl|Tailwind|p1a: Aerodactyl\n|-sidestart|p1: WaluigiVGC|move: Tailwind\n|\n|upkeep\n|turn|2\n|\n|t:|1776284639\n|switch|p2b: Charizard|Charizard, L50, M, shiny|100/100\n|move|p2a: Garchomp|Rock Slide|p1b: Sneasler|[spread] p1a,p1b\n|-supereffective|p1a: Aerodactyl|1\n|-resisted|p1b: Sneasler|1\n|-damage|p1a: Aerodactyl|0 fnt\n|-damage|p1b: Sneasler|82/100\n|faint|p1a: Aerodactyl\n|move|p1b: Sneasler|Close Combat|p2a: Garchomp\n|-damage|p2a: Garchomp|37/100\n|-unboost|p1b: Sneasler|def|1\n|-unboost|p1b: Sneasler|spd|1\n|-enditem|p1b: Sneasler|White Herb\n|-clearnegativeboost|p1b: Sneasler|[silent]\n|\n|upkeep\n|\n|t:|1776284654\n|switch|p1a: Floette|Floette-Eternal, L50, F|100/100\n|turn|3\n|\n|t:|1776284670\n|switch|p2a: Sneasler|Sneasler, L50, M|100/100\n|detailschange|p2b: Charizard|Charizard-Mega-Y, L50, M, shiny\n|-mega|p2b: Charizard|Charizard|Charizardite Y\n|-weather|SunnyDay|[from] ability: Drought|[of] p2b: Charizard\n|detailschange|p1a: Floette|Floette-Mega, L50, F\n|-mega|p1a: Floette|Floette|Floettite\n|-ability|p1a: Floette|Fairy Aura\n|move|p1b: Sneasler|Dire Claw|p2b: Charizard\n|-damage|p2b: Charizard|52/100\n|-status|p2b: Charizard|psn\n|move|p1a: Floette|Dazzling Gleam|p2b: Charizard|[spread] p2a,p2b\n|-resisted|p2b: Charizard|1\n|-damage|p2a: Sneasler|28/100\n|-damage|p2b: Charizard|31/100 psn\n|move|p2b: Charizard|Heat Wave|p1a: Floette|[spread] p1a,p1b\n|-damage|p1a: Floette|49/100\n|-damage|p1b: Sneasler|0 fnt\n|faint|p1b: Sneasler\n|\n|-weather|SunnyDay|[upkeep]\n|-damage|p2b: Charizard|18/100 psn|[from] psn\n|upkeep\n|\n|t:|1776284694\n|switch|p1b: Basculegion|Basculegion, L50, M|100/100\n|turn|4\n|\n|t:|1776284708\n|move|p1a: Floette|Protect|p1a: Floette\n|-singleturn|p1a: Floette|Protect\n|move|p1b: Basculegion|Wave Crash|p2a: Sneasler\n|-damage|p2a: Sneasler|0 fnt\n|faint|p2a: Sneasler\n|-damage|p1b: Basculegion|93/100|[from] Recoil\n|move|p2b: Charizard|Solar Beam||[still]\n|-prepare|p2b: Charizard|Solar Beam\n|-anim|p2b: Charizard|Solar Beam|p1b: Basculegion\n|-supereffective|p1b: Basculegion|1\n|-damage|p1b: Basculegion|0 fnt\n|faint|p1b: Basculegion\n|\n|-weather|SunnyDay|[upkeep]\n|-damage|p2b: Charizard|6/100 psn|[from] psn\n|-sideend|p1: WaluigiVGC|move: Tailwind\n|-sideend|p2: branns_yz|move: Tailwind\n|upkeep\n|\n|t:|1776284727\n|switch|p2a: Garchomp|Garchomp, L50, M|37/100\n|turn|5\n|\n|t:|1776284743\n|move|p2a: Garchomp|Stomping Tantrum|p1a: Floette\n|-damage|p1a: Floette|0 fnt\n|faint|p1a: Floette\n|\n|win|branns_yz\n|raw|WaluigiVGC's rating: 1221 &rarr; <strong>1194</strong><br />(-27 for losing)\n|raw|branns_yz's rating: 1197 &rarr; <strong>1224</strong><br />(+27 for winning)\n",
  "uploadtime": 1776284749,
  "views": 19,
  "formatid": "gen9championsvgc2026regma",
  "rating": 1194,
  "private": 0,
  "password": null
}