{
  "id": "gen9championsvgc2026regma-2581389740",
  "format": "[Gen 9 Champions] VGC 2026 Reg M-A",
  "players": [
    "ijoqefhasdjkvm",
    "GranCrispyMcBagon"
  ],
  "log": "|j|\u2606ijoqefhasdjkvm\n|j|\u2606GranCrispyMcBagon\n|t:|1775995223\n|gametype|doubles\n|player|p1|ijoqefhasdjkvm|265|1000\n|player|p2|GranCrispyMcBagon|266|1000\n|gen|9\n|tier|[Gen 9 Champions] VGC 2026 Reg M-A\n|rated|\n|rule|Species Clause: Limit one of each Pok\u00e9mon\n|rule|Item Clause: Limit 1 of each item\n|clearpoke\n|poke|p1|Gardevoir, L50, F|\n|poke|p1|Kingambit, L50, F|\n|poke|p1|Incineroar, L50, F|\n|poke|p1|Garchomp, L50, M|\n|poke|p1|Corviknight, L50, M|\n|poke|p1|Rotom-Wash, L50|\n|poke|p2|Tyranitar, L50, M|\n|poke|p2|Excadrill, L50, M|\n|poke|p2|Heliolisk, L50, F|\n|poke|p2|Farigiraf, L50, F|\n|poke|p2|Sneasler, L50, M|\n|poke|p2|Scovillain, L50, M|\n|teampreview|4\n|\n|t:|1775995276\n|teamsize|p1|4\n|teamsize|p2|4\n|start\n|switch|p1a: Rotom|Rotom-Wash, L50|100/100\n|switch|p1b: Garchomp|Garchomp, L50, M|100/100\n|switch|p2a: Scovillain|Scovillain, L50, M|100/100\n|switch|p2b: Sneasler|Sneasler, L50, M|100/100\n|turn|1\n|\n|t:|1775995295\n|detailschange|p2a: Scovillain|Scovillain-Mega, L50, M\n|-mega|p2a: Scovillain|Scovillain|Scovillainite\n|move|p2b: Sneasler|Fake Out|p1b: Garchomp\n|-damage|p1b: Garchomp|88/100\n|-damage|p2b: Sneasler|88/100|[from] ability: Rough Skin|[of] p1b: Garchomp\n|cant|p1b: Garchomp|flinch\n|move|p1a: Rotom|Hydro Pump|p2a: Scovillain\n|-damage|p2a: Scovillain|41/100\n|-status|p1a: Rotom|brn|[from] ability: Spicy Spray|[of] p2a: Scovillain\n|move|p2a: Scovillain|Giga Drain|p1a: Rotom\n|-supereffective|p1a: Rotom|1\n|-damage|p1a: Rotom|25/100 brn\n|-heal|p2a: Scovillain|69/100|[from] drain|[of] p1a: Rotom\n|\n|-damage|p1a: Rotom|19/100 brn|[from] brn\n|upkeep\n|turn|2\n|\n|t:|1775995319\n|move|p2b: Sneasler|Protect|p2b: Sneasler\n|-singleturn|p2b: Sneasler|Protect\n|move|p2a: Scovillain|Protect|p2a: Scovillain\n|-singleturn|p2a: Scovillain|Protect\n|move|p1b: Garchomp|Earthquake|p2a: Scovillain|[spread] \n|-activate|p2a: Scovillain|move: Protect\n|-activate|p2b: Sneasler|move: Protect\n|-immune|p1a: Rotom|[from] ability: Levitate\n|move|p1a: Rotom|Hydro Pump|p2a: Scovillain\n|-activate|p2a: Scovillain|move: Protect\n|\n|-damage|p1a: Rotom|14/100 brn|[from] brn\n|upkeep\n|turn|3\n|\n|t:|1775995344\n|move|p2b: Sneasler|Close Combat|p1b: Garchomp\n|-damage|p1b: Garchomp|29/100\n|-unboost|p2b: Sneasler|def|1\n|-unboost|p2b: Sneasler|spd|1\n|-damage|p2b: Sneasler|76/100|[from] ability: Rough Skin|[of] p1b: Garchomp\n|-enditem|p2b: Sneasler|White Herb\n|-clearnegativeboost|p2b: Sneasler|[silent]\n|move|p1b: Garchomp|Earthquake|p2a: Scovillain|[spread] p2a,p2b\n|-immune|p1a: Rotom|[from] ability: Levitate\n|-supereffective|p2b: Sneasler|1\n|-damage|p2a: Scovillain|32/100\n|-damage|p2b: Sneasler|0 fnt\n|-status|p1b: Garchomp|brn|[from] ability: Spicy Spray|[of] p2a: Scovillain\n|faint|p2b: Sneasler\n|move|p1a: Rotom|Hydro Pump|p2a: Scovillain|[miss]\n|-miss|p1a: Rotom|p2a: Scovillain\n|move|p2a: Scovillain|Giga Drain|p1a: Rotom\n|-supereffective|p1a: Rotom|1\n|-damage|p1a: Rotom|0 fnt\n|-heal|p2a: Scovillain|37/100|[from] drain|[of] p1a: Rotom\n|faint|p1a: Rotom\n|\n|-damage|p1b: Garchomp|23/100 brn|[from] brn\n|upkeep\n|\n|t:|1775995369\n|switch|p2b: Tyranitar|Tyranitar, L50, M|100/100\n|switch|p1a: Rem|Gardevoir, L50, F, shiny|100/100\n|-weather|Sandstorm|[from] ability: Sand Stream|[of] p2b: Tyranitar\n|turn|4\n|\n|t:|1775995399\n|detailschange|p1a: Rem|Gardevoir-Mega, L50, F, shiny\n|-mega|p1a: Rem|Gardevoir|Gardevoirite\n|move|p2a: Scovillain|Protect|p2a: Scovillain\n|-singleturn|p2a: Scovillain|Protect\n|move|p1b: Garchomp|Rock Slide|p2a: Scovillain|[spread] p2b\n|-activate|p2a: Scovillain|move: Protect\n|-damage|p2b: Tyranitar|93/100\n|move|p1a: Rem|Focus Blast|p2b: Tyranitar\n|-supereffective|p2b: Tyranitar|2\n|-damage|p2b: Tyranitar|0 fnt\n|faint|p2b: Tyranitar\n|\n|-weather|Sandstorm|[upkeep]\n|-damage|p1a: Rem|94/100|[from] Sandstorm\n|-damage|p2a: Scovillain|31/100|[from] Sandstorm\n|-damage|p1b: Garchomp|17/100 brn|[from] brn\n|upkeep\n|\n|t:|1775995413\n|switch|p2b: Farigiraf|Farigiraf, L50, F|100/100\n|turn|5\n|\n|t:|1775995432\n|move|p2b: Farigiraf|Helping Hand|p2a: Scovillain\n|-singleturn|p2a: Scovillain|Helping Hand|[of] p2b: Farigiraf\n|move|p1b: Garchomp|Rock Slide|p2a: Scovillain|[spread] p2a,p2b\n|-supereffective|p2a: Scovillain|1\n|-damage|p2a: Scovillain|13/100\n|-damage|p2b: Farigiraf|93/100\n|move|p1a: Rem|Substitute|p1a: Rem\n|-start|p1a: Rem|Substitute\n|-damage|p1a: Rem|69/100\n|cant|p2a: Scovillain|flinch\n|\n|-weather|Sandstorm|[upkeep]\n|-damage|p1a: Rem|63/100|[from] Sandstorm\n|-damage|p2a: Scovillain|7/100|[from] Sandstorm\n|-damage|p2b: Farigiraf|87/100|[from] Sandstorm\n|-damage|p1b: Garchomp|11/100 brn|[from] brn\n|upkeep\n|turn|6\n|l|\u2606GranCrispyMcBagon\n|player|p2|\n|\n|t:|1775995478\n|move|p2a: Scovillain|Protect|p2a: Scovillain\n|-singleturn|p2a: Scovillain|Protect\n|move|p1b: Garchomp|Rock Slide|p2a: Scovillain|[spread] p2b\n|-activate|p2a: Scovillain|move: Protect\n|-damage|p2b: Farigiraf|78/100\n|move|p1a: Rem|Psyshock|p2b: Farigiraf\n|-resisted|p2b: Farigiraf|1\n|-damage|p2b: Farigiraf|58/100\n|cant|p2b: Farigiraf|flinch\n|\n|-weather|Sandstorm|[upkeep]\n|-damage|p1a: Rem|57/100|[from] Sandstorm\n|-damage|p2a: Scovillain|1/100|[from] Sandstorm\n|-damage|p2b: Farigiraf|52/100|[from] Sandstorm\n|-damage|p1b: Garchomp|5/100 brn|[from] brn\n|upkeep\n|turn|7\n|j|\u2606GranCrispyMcBagon\n|player|p2|GranCrispyMcBagon|266|\n|-message|GranCrispyMcBagon forfeited.\n|\n|win|ijoqefhasdjkvm\n|raw|ijoqefhasdjkvm's rating: 1000 &rarr; <strong>1040</strong><br />(+40 for winning)\n|raw|GranCrispyMcBagon's rating: 1000 &rarr; <strong>1000</strong><br />(+0 for losing)\n|l|\u2606GranCrispyMcBagon\n|player|p2|\n",
  "uploadtime": 1775995545,
  "views": 19,
  "formatid": "gen9championsvgc2026regma",
  "rating": 1000,
  "private": 0,
  "password": null
}