{
  "id": "gen9championsvgc2026regma-2580861143",
  "format": "[Gen 9 Champions] VGC 2026 Reg M-A",
  "players": [
    "Severrance.",
    "EstiGatetes"
  ],
  "log": "|j|\u2606Severrance.\n|j|\u2606EstiGatetes\n|t:|1775938503\n|gametype|doubles\n|player|p1|Severrance.|hiker-gen4|1045\n|player|p2|EstiGatetes|hilda|1000\n|gen|9\n|tier|[Gen 9 Champions] VGC 2026 Reg M-A\n|rated|\n|rule|Species Clause: Limit one of each Pok\u00e9mon\n|rule|Item Clause: Limit 1 of each item\n|clearpoke\n|poke|p1|Gengar, L50, F|\n|poke|p1|Farigiraf, L50, M|\n|poke|p1|Incineroar, L50, M|\n|poke|p1|Primarina, L50, M|\n|poke|p1|Hydrapple, L50, M|\n|poke|p1|Garganacl, L50, M|\n|poke|p2|Hatterene, L50, F|\n|poke|p2|Farigiraf, L50, M|\n|poke|p2|Gallade, L50, M|\n|poke|p2|Kingambit, L50, F|\n|poke|p2|Incineroar, L50, M|\n|poke|p2|Torkoal, L50, F|\n|teampreview|4\n|inactive|Battle timer is ON: inactive players will automatically lose when time's up. (requested by Severrance.)\n|inactive|Severrance. has 60 seconds left.\n|\n|t:|1775938534\n|teamsize|p1|4\n|teamsize|p2|4\n|start\n|switch|p1a: Gengar|Gengar, L50, F|100/100\n|switch|p1b: Garganacl|Garganacl, L50, M|100/100\n|switch|p2a: Hatterene|Hatterene, L50, F|100/100\n|switch|p2b: Farigiraf|Farigiraf, L50, M|100/100\n|turn|1\n|inactive|EstiGatetes has 30 seconds left.\n|inactive|Severrance. has 30 seconds left.\n|\n|t:|1775938572\n|switch|p1a: Primarina|Primarina, L50, M|100/100\n|move|p2a: Hatterene|Protect|p2a: Hatterene\n|-singleturn|p2a: Hatterene|Protect\n|move|p1b: Garganacl|Iron Defense|p1b: Garganacl\n|-boost|p1b: Garganacl|def|2\n|move|p2b: Farigiraf|Trick Room|p2b: Farigiraf\n|-fieldstart|move: Trick Room|[of] p2b: Farigiraf\n|\n|upkeep\n|turn|2\n|inactive|EstiGatetes has 30 seconds left.\n|inactive|EstiGatetes has 20 seconds left.\n|inactive|EstiGatetes has 15 seconds left.\n|\n|t:|1775938616\n|switch|p2b: Incineroar|Incineroar, L50, M|100/100\n|-ability|p2b: Incineroar|Intimidate|boost\n|-unboost|p1a: Primarina|atk|1\n|-unboost|p1b: Garganacl|atk|1\n|move|p2a: Hatterene|Dazzling Gleam|p1a: Primarina|[spread] p1a,p1b\n|-damage|p1a: Primarina|68/100\n|-damage|p1b: Garganacl|67/100\n|move|p1b: Garganacl|Body Press|p2b: Incineroar\n|-supereffective|p2b: Incineroar|1\n|-damage|p2b: Incineroar|0 fnt\n|faint|p2b: Incineroar\n|move|p1a: Primarina|Hyper Voice|p2a: Hatterene\n|-damage|p2a: Hatterene|47/100\n|-heal|p1a: Primarina|74/100|[from] item: Shell Bell|[of] p2a: Hatterene\n|\n|-heal|p2a: Hatterene|52/100|[from] item: Leftovers\n|upkeep\n|\n|t:|1775938640\n|switch|p2b: Torkoal|Torkoal, L50, F|100/100\n|-weather|SunnyDay|[from] ability: Drought|[of] p2b: Torkoal\n|turn|3\n|inactive|EstiGatetes has 30 seconds left.\n|\n|t:|1775938667\n|move|p2b: Torkoal|Eruption|p1a: Primarina|[spread] p1a,p1b\n|-resisted|p1a: Primarina|1\n|-resisted|p1b: Garganacl|1\n|-damage|p1a: Primarina|35/100\n|-damage|p1b: Garganacl|24/100\n|move|p2a: Hatterene|Expanding Force|p1b: Garganacl\n|-crit|p1b: Garganacl\n|-damage|p1b: Garganacl|0 fnt\n|faint|p1b: Garganacl\n|move|p1a: Primarina|Hyper Voice|p2b: Torkoal|[spread] p2a,p2b\n|-supereffective|p2b: Torkoal|1\n|-damage|p2a: Hatterene|31/100\n|-damage|p2b: Torkoal|49/100\n|-heal|p1a: Primarina|43/100|[from] item: Shell Bell|[of] p2b: Torkoal\n|\n|-weather|SunnyDay|[upkeep]\n|-heal|p2a: Hatterene|37/100|[from] item: Leftovers\n|upkeep\n|\n|t:|1775938671\n|switch|p1b: Gengar|Gengar, L50, F|100/100\n|turn|4\n|inactive|Severrance. has 30 seconds left.\n|inactive|Severrance. has 20 seconds left.\n|\n|t:|1775938708\n|detailschange|p1b: Gengar|Gengar-Mega, L50, F\n|-mega|p1b: Gengar|Gengar|Gengarite\n|move|p2b: Torkoal|Eruption|p1a: Primarina|[spread] p1a,p1b\n|-resisted|p1a: Primarina|1\n|-damage|p1a: Primarina|25/100\n|-damage|p1b: Gengar|51/100\n|move|p2a: Hatterene|Expanding Force|p1b: Gengar\n|-supereffective|p1b: Gengar|1\n|-damage|p1b: Gengar|0 fnt\n|faint|p1b: Gengar\n|move|p1a: Primarina|Perish Song|p1a: Primarina\n|-start|p1a: Primarina|perish3|[silent]\n|-start|p2a: Hatterene|perish3|[silent]\n|-start|p2b: Torkoal|perish3|[silent]\n|-fieldactivate|move: Perish Song\n|\n|-weather|SunnyDay|[upkeep]\n|-heal|p2a: Hatterene|43/100|[from] item: Leftovers\n|-start|p2b: Torkoal|perish3\n|-start|p2a: Hatterene|perish3\n|-start|p1a: Primarina|perish3\n|upkeep\n|\n|t:|1775938714\n|switch|p1b: Hydrapple|Hydrapple, L50, M|100/100\n|-ability|p1b: Hydrapple|Supersweet Syrup\n|-unboost|p2a: Hatterene|evasion|1\n|-unboost|p2b: Torkoal|evasion|1\n|turn|5\n|\n|t:|1775938739\n|move|p2a: Hatterene|Protect|p2a: Hatterene\n|-singleturn|p2a: Hatterene|Protect\n|move|p1b: Hydrapple|Protect|p1b: Hydrapple\n|-singleturn|p1b: Hydrapple|Protect\n|move|p1a: Primarina|Protect|p1a: Primarina\n|-singleturn|p1a: Primarina|Protect\n|move|p2b: Torkoal|Weather Ball|p1b: Hydrapple\n|-activate|p1b: Hydrapple|move: Protect\n|\n|-weather|SunnyDay|[upkeep]\n|-heal|p2a: Hatterene|49/100|[from] item: Leftovers\n|-start|p2b: Torkoal|perish2\n|-start|p2a: Hatterene|perish2\n|-start|p1a: Primarina|perish2\n|-fieldend|move: Trick Room\n|upkeep\n|turn|6\n|\n|t:|1775938752\n|move|p1a: Primarina|Hyper Voice|p2a: Hatterene|[spread] p2a,p2b\n|-supereffective|p2b: Torkoal|1\n|-damage|p2a: Hatterene|25/100\n|-damage|p2b: Torkoal|0 fnt\n|faint|p2b: Torkoal\n|-heal|p1a: Primarina|33/100|[from] item: Shell Bell|[of] p2: Torkoal\n|move|p1b: Hydrapple|Leaf Storm|p2a: Hatterene\n|-damage|p2a: Hatterene|0 fnt\n|-unboost|p1b: Hydrapple|spa|2\n|faint|p2a: Hatterene\n|\n|-weather|SunnyDay|[upkeep]\n|-start|p1a: Primarina|perish1\n|upkeep\n|\n|t:|1775938765\n|switch|p2a: Farigiraf|Farigiraf, L50, M|100/100\n|turn|7\n|\n|t:|1775938780\n|move|p1b: Hydrapple|Protect|p1b: Hydrapple\n|-singleturn|p1b: Hydrapple|Protect\n|move|p1a: Primarina|Perish Song|p1a: Primarina\n|-start|p1b: Hydrapple|perish3|[silent]\n|-start|p2a: Farigiraf|perish3|[silent]\n|-fieldactivate|move: Perish Song\n|move|p2a: Farigiraf|Psychic|p1b: Hydrapple\n|-activate|p1b: Hydrapple|move: Protect\n|\n|-weather|none\n|-start|p2a: Farigiraf|perish3\n|-start|p1a: Primarina|perish0\n|-start|p1b: Hydrapple|perish3\n|faint|p1a: Primarina\n|upkeep\n|turn|8\n|\n|t:|1775938799\n|move|p2a: Farigiraf|Psychic|p1b: Hydrapple\n|-damage|p1b: Hydrapple|70/100\n|move|p1b: Hydrapple|Giga Drain|p2a: Farigiraf\n|-damage|p2a: Farigiraf|85/100\n|-heal|p1b: Hydrapple|78/100|[from] drain|[of] p2a: Farigiraf\n|\n|-heal|p1b: Hydrapple|85/100|[from] item: Leftovers\n|-start|p2a: Farigiraf|perish2\n|-start|p1b: Hydrapple|perish2\n|upkeep\n|turn|9\n|\n|t:|1775938809\n|move|p1b: Hydrapple|Protect|p1b: Hydrapple\n|-singleturn|p1b: Hydrapple|Protect\n|move|p2a: Farigiraf|Trick Room|p2a: Farigiraf\n|-fieldstart|move: Trick Room|[of] p2a: Farigiraf\n|\n|-heal|p1b: Hydrapple|91/100|[from] item: Leftovers\n|-start|p1b: Hydrapple|perish1\n|-start|p2a: Farigiraf|perish1\n|upkeep\n|turn|10\n|\n|t:|1775938820\n|move|p1b: Hydrapple|Giga Drain|p2a: Farigiraf\n|-damage|p2a: Farigiraf|70/100\n|-heal|p1b: Hydrapple|99/100|[from] drain|[of] p2a: Farigiraf\n|move|p2a: Farigiraf|Psychic|p1b: Hydrapple\n|-damage|p1b: Hydrapple|71/100\n|-unboost|p1b: Hydrapple|spd|1\n|\n|-heal|p1b: Hydrapple|77/100|[from] item: Leftovers\n|-start|p1b: Hydrapple|perish0\n|-start|p2a: Farigiraf|perish0\n|faint|p1b: Hydrapple\n|faint|p2a: Farigiraf\n|\n|win|EstiGatetes\n|raw|Severrance.'s rating: 1045 &rarr; <strong>1026</strong><br />(-19 for losing)\n|raw|EstiGatetes's rating: 1000 &rarr; <strong>1045</strong><br />(+45 for winning)\n|c|\u2606Severrance.|gg\n|c|\u2606Severrance.|wp\n|c|\u2606EstiGatetes|gg!\n",
  "uploadtime": 1775938840,
  "views": 15,
  "formatid": "gen9championsvgc2026regma",
  "rating": 1026,
  "private": 0,
  "password": null
}