{
  "id": "gen9championsvgc2026regma-2584822662",
  "format": "[Gen 9 Champions] VGC 2026 Reg M-A",
  "players": [
    "gutinhu",
    "toxmyself"
  ],
  "log": "|j|\u2606gutinhu\n|j|\u2606toxmyself\n|t:|1776286314\n|gametype|doubles\n|player|p1|gutinhu|170|1240\n|player|p2|toxmyself|norman|1253\n|gen|9\n|tier|[Gen 9 Champions] VGC 2026 Reg M-A\n|rated|\n|rule|Species Clause: Limit one of each Pok\u00e9mon\n|rule|Item Clause: Limit 1 of each item\n|clearpoke\n|poke|p1|Meganium, L50, M|\n|poke|p1|Archaludon, L50, M|\n|poke|p1|Kangaskhan, L50, F|\n|poke|p1|Aerodactyl, L50, F|\n|poke|p1|Typhlosion-Hisui, L50, F|\n|poke|p1|Tauros-Paldea-Aqua, L50, M|\n|poke|p2|Charizard, L50, M|\n|poke|p2|Venusaur, L50, M|\n|poke|p2|Garchomp, L50, F|\n|poke|p2|Incineroar, L50, F|\n|poke|p2|Gardevoir, L50, M|\n|poke|p2|Milotic, L50, F|\n|teampreview|4\n|inactive|Battle timer is ON: inactive players will automatically lose when time's up. (requested by toxmyself)\n|inactive|gutinhu also wants the timer to be on.\n|inactive|gutinhu has 60 seconds left.\n|\n|t:|1776286347\n|teamsize|p1|4\n|teamsize|p2|4\n|start\n|switch|p1a: Kangaskhan|Kangaskhan, L50, F|100/100\n|switch|p1b: Aerodactyl|Aerodactyl, L50, F|100/100\n|switch|p2a: Garchomp|Garchomp, L50, F|100/100\n|switch|p2b: Gardevoir|Gardevoir, L50, M|100/100\n|turn|1\n|\n|t:|1776286369\n|move|p1a: Kangaskhan|Fake Out|p2a: Garchomp\n|-damage|p2a: Garchomp|81/100\n|-damage|p1a: Kangaskhan|88/100|[from] ability: Rough Skin|[of] p2a: Garchomp\n|move|p2b: Gardevoir|Icy Wind|p1a: Kangaskhan|[spread] p1a,p1b\n|-supereffective|p1b: Aerodactyl|1\n|-damage|p1a: Kangaskhan|72/100\n|-damage|p1b: Aerodactyl|64/100\n|-unboost|p1a: Kangaskhan|spe|1\n|-unboost|p1b: Aerodactyl|spe|1\n|cant|p2a: Garchomp|flinch\n|move|p1b: Aerodactyl|Tailwind|p1b: Aerodactyl\n|-sidestart|p1: gutinhu|move: Tailwind\n|\n|upkeep\n|turn|2\n|\n|t:|1776286389\n|switch|p1b: Tauros|Tauros-Paldea-Aqua, L50, M|100/100\n|-ability|p1b: Tauros|Intimidate|boost\n|-unboost|p2a: Garchomp|atk|1\n|-unboost|p2b: Gardevoir|atk|1\n|detailschange|p1a: Kangaskhan|Kangaskhan-Mega, L50, F\n|-mega|p1a: Kangaskhan|Kangaskhan|Kangaskhanite\n|move|p2b: Gardevoir|Icy Wind|p1a: Kangaskhan|[spread] p1b\n|-miss|p2b: Gardevoir|p1a: Kangaskhan\n|-resisted|p1b: Tauros|1\n|-damage|p1b: Tauros|89/100\n|-unboost|p1b: Tauros|spe|1\n|-enditem|p1b: Tauros|White Herb\n|-clearnegativeboost|p1b: Tauros|[silent]\n|move|p2a: Garchomp|Rock Slide|p1b: Tauros|[spread] p1b\n|-miss|p2a: Garchomp|p1a: Kangaskhan\n|-resisted|p1b: Tauros|1\n|-damage|p1b: Tauros|83/100\n|move|p1a: Kangaskhan|Double-Edge|p2b: Gardevoir\n|-damage|p2b: Gardevoir|0 fnt\n|faint|p2b: Gardevoir\n|-hitcount|p2: Gardevoir|1\n|-damage|p1a: Kangaskhan|50/100|[from] Recoil\n|\n|upkeep\n|\n|t:|1776286401\n|switch|p2b: Charizard|Charizard, L50, M|100/100\n|turn|3\n|\n|t:|1776286429\n|switch|p2a: Venusaur|Venusaur, L50, M|100/100\n|move|p2b: Charizard|Protect|p2b: Charizard\n|-singleturn|p2b: Charizard|Protect\n|move|p1b: Tauros|Wave Crash|p2b: Charizard\n|-activate|p2b: Charizard|move: Protect\n|move|p1a: Kangaskhan|Double-Edge|p2a: Venusaur\n|-damage|p2a: Venusaur|11/100\n|-damage|p2a: Venusaur|0 fnt\n|faint|p2a: Venusaur\n|-hitcount|p2: Venusaur|2\n|-damage|p1a: Kangaskhan|25/100|[from] Recoil\n|\n|upkeep\n|\n|t:|1776286439\n|switch|p2a: Garchomp|Garchomp, L50, F|81/100\n|turn|4\n|\n|t:|1776286463\n|detailschange|p2b: Charizard|Charizard-Mega-Y, L50, M\n|-mega|p2b: Charizard|Charizard|Charizardite Y\n|-weather|SunnyDay|[from] ability: Drought|[of] p2b: Charizard\n|move|p1a: Kangaskhan|Sucker Punch|p2b: Charizard\n|-damage|p2b: Charizard|61/100\n|-damage|p2b: Charizard|51/100\n|-hitcount|p2b: Charizard|2\n|move|p1b: Tauros|Wave Crash|p2b: Charizard\n|-supereffective|p2b: Charizard|1\n|-damage|p2b: Charizard|0 fnt\n|faint|p2b: Charizard\n|-damage|p1b: Tauros|66/100|[from] Recoil\n|move|p2a: Garchomp|Earthquake|p1b: Tauros|[spread] p1a,p1b\n|-damage|p1a: Kangaskhan|0 fnt\n|-damage|p1b: Tauros|20/100\n|faint|p1a: Kangaskhan\n|\n|-weather|SunnyDay|[upkeep]\n|-sideend|p1: gutinhu|move: Tailwind\n|upkeep\n|\n|t:|1776286481\n|switch|p1a: Aerodactyl|Aerodactyl, L50, F|64/100\n|turn|5\n|\n|t:|1776286497\n|move|p1b: Tauros|Protect|p1b: Tauros\n|-singleturn|p1b: Tauros|Protect\n|move|p1a: Aerodactyl|Tailwind|p1a: Aerodactyl\n|-sidestart|p1: gutinhu|move: Tailwind\n|move|p2a: Garchomp|Rock Slide|p1a: Aerodactyl|[spread] p1a\n|-activate|p1b: Tauros|move: Protect\n|-supereffective|p1a: Aerodactyl|1\n|-damage|p1a: Aerodactyl|1/100\n|\n|-weather|SunnyDay|[upkeep]\n|upkeep\n|turn|6\n|c|\u2606toxmyself|l\n|\n|t:|1776286513\n|move|p1a: Aerodactyl|Rock Slide|p2a: Garchomp\n|-resisted|p2a: Garchomp|1\n|-damage|p2a: Garchomp|63/100\n|move|p1b: Tauros|Close Combat|p2a: Garchomp\n|-crit|p2a: Garchomp\n|-damage|p2a: Garchomp|0 fnt\n|-unboost|p1b: Tauros|def|1\n|-unboost|p1b: Tauros|spd|1\n|-damage|p1b: Tauros|8/100|[from] ability: Rough Skin|[of] p2a: Garchomp\n|faint|p2a: Garchomp\n|\n|win|gutinhu\n|raw|gutinhu's rating: 1240 &rarr; <strong>1266</strong><br />(+26 for winning)\n|raw|toxmyself's rating: 1253 &rarr; <strong>1227</strong><br />(-26 for losing)\n",
  "uploadtime": 1776286513,
  "views": 26,
  "formatid": "gen9championsvgc2026regma",
  "rating": 1227,
  "private": 0,
  "password": null
}