{
  "id": "gen9championsvgc2026regma-2588107619",
  "format": "[Gen 9 Champions] VGC 2026 Reg M-A",
  "players": [
    "Thepr3ttiestfemcel",
    "edoardo ciaociao"
  ],
  "log": "|j|\u2606Thepr3ttiestfemcel\n|j|\u2606edoardo ciaociao\n|t:|1776605092\n|gametype|doubles\n|player|p1|Thepr3ttiestfemcel|karen|1270\n|player|p2|edoardo ciaociao|101|1273\n|gen|9\n|tier|[Gen 9 Champions] VGC 2026 Reg M-A\n|rated|\n|rule|Species Clause: Limit one of each Pok\u00e9mon\n|rule|Item Clause: Limit 1 of each item\n|clearpoke\n|poke|p1|Archaludon, L50, F|\n|poke|p1|Pelipper, L50, M|\n|poke|p1|Sinistcha, L50|\n|poke|p1|Victreebel, L50, F|\n|poke|p1|Maushold-Four, L50|\n|poke|p1|Emolga, L50, F|\n|poke|p2|Tyranitar, L50, M, shiny|\n|poke|p2|Milotic, L50, F|\n|poke|p2|Sinistcha, L50|\n|poke|p2|Floette-Eternal, L50, F|\n|poke|p2|Incineroar, L50, M|\n|poke|p2|Excadrill, L50, F|\n|teampreview|4\n|inactive|Battle timer is ON: inactive players will automatically lose when time's up. (requested by Thepr3ttiestfemcel)\n|inactive|edoardo ciaociao has 60 seconds left.\n|\n|t:|1776605129\n|teamsize|p1|4\n|teamsize|p2|4\n|start\n|switch|p1a: Gassy|Victreebel, L50, F|100/100\n|switch|p1b: Dubai Labubu|Sinistcha, L50|100/100\n|switch|p2a: Tyranitar|Tyranitar, L50, M, shiny|100/100\n|switch|p2b: Excadrill|Excadrill, L50, F|100/100\n|-weather|Sandstorm|[from] ability: Sand Stream|[of] p2a: Tyranitar\n|turn|1\n|\n|t:|1776605147\n|switch|p2b: Floette|Floette-Eternal, L50, F|100/100\n|detailschange|p1a: Gassy|Victreebel-Mega, L50, F\n|-mega|p1a: Gassy|Victreebel|Victreebelite\n|detailschange|p2a: Tyranitar|Tyranitar-Mega, L50, M, shiny\n|-mega|p2a: Tyranitar|Tyranitar|Tyranitarite\n|move|p1a: Gassy|Energy Ball|p2b: Floette\n|-damage|p2b: Floette|64/100\n|move|p2a: Tyranitar|Rock Slide|p1a: Gassy|[spread] p1a,p1b\n|-damage|p1a: Gassy|74/100\n|-damage|p1b: Dubai Labubu|79/100\n|move|p1b: Dubai Labubu|Matcha Gotcha|p2b: Floette|[spread] p2b\n|-miss|p1b: Dubai Labubu|p2a: Tyranitar\n|-damage|p2b: Floette|39/100\n|-heal|p1b: Dubai Labubu|89/100|[from] drain|[of] p2b: Floette\n|\n|-weather|Sandstorm|[upkeep]\n|-damage|p2b: Floette|33/100|[from] Sandstorm\n|-damage|p1a: Gassy|68/100|[from] Sandstorm\n|-damage|p1b: Dubai Labubu|83/100|[from] Sandstorm\n|upkeep\n|turn|2\n|inactive|Thepr3ttiestfemcel has 30 seconds left.\n|\n|t:|1776605172\n|move|p2b: Floette|Psychic|p1a: Gassy\n|-supereffective|p1a: Gassy|1\n|-damage|p1a: Gassy|0 fnt\n|-damage|p2b: Floette|0 fnt|[from] ability: Innards Out|[of] p1a: Gassy\n|faint|p1a: Gassy\n|faint|p2b: Floette\n|move|p2a: Tyranitar|Rock Slide|p1b: Dubai Labubu\n|-damage|p1b: Dubai Labubu|53/100\n|move|p1b: Dubai Labubu|Matcha Gotcha|p2a: Tyranitar\n|-supereffective|p2a: Tyranitar|1\n|-damage|p2a: Tyranitar|69/100\n|-heal|p1b: Dubai Labubu|71/100|[from] drain|[of] p2a: Tyranitar\n|\n|-weather|Sandstorm|[upkeep]\n|-damage|p1b: Dubai Labubu|65/100|[from] Sandstorm\n|upkeep\n|\n|t:|1776605189\n|switch|p2b: Excadrill|Excadrill, L50, F|100/100\n|switch|p1a: Brige|Archaludon, L50, F|100/100\n|turn|3\n|\n|t:|1776605206\n|switch|p2b: Milotic|Milotic, L50, F|100/100\n|move|p1b: Dubai Labubu|Rage Powder|p1b: Dubai Labubu\n|-singleturn|p1b: Dubai Labubu|move: Rage Powder\n|move|p2a: Tyranitar|Crunch|p1b: Dubai Labubu\n|-supereffective|p1b: Dubai Labubu|1\n|-damage|p1b: Dubai Labubu|0 fnt\n|faint|p1b: Dubai Labubu\n|move|p1a: Brige|Aura Sphere|p2a: Tyranitar\n|-supereffective|p2a: Tyranitar|2\n|-damage|p2a: Tyranitar|18/100\n|\n|-weather|Sandstorm|[upkeep]\n|-damage|p2b: Milotic|95/100|[from] Sandstorm\n|-heal|p2b: Milotic|100/100|[from] item: Leftovers\n|upkeep\n|\n|t:|1776605216\n|switch|p1b: Toilet Bird|Pelipper, L50, M|100/100\n|-weather|RainDance|[from] ability: Drizzle|[of] p1b: Toilet Bird\n|turn|4\n|\n|t:|1776605234\n|switch|p2a: Excadrill|Excadrill, L50, F|100/100\n|move|p1b: Toilet Bird|Weather Ball|p2a: Excadrill\n|-supereffective|p2a: Excadrill|1\n|-enditem|p2a: Excadrill|Focus Sash\n|-damage|p2a: Excadrill|1/100\n|move|p2b: Milotic|Scald|p1a: Brige\n|-resisted|p1a: Brige|1\n|-damage|p1a: Brige|71/100\n|-ability|p1a: Brige|Stamina|boost\n|-boost|p1a: Brige|def|1\n|move|p1a: Brige|Electro Shot||[still]\n|-prepare|p1a: Brige|Electro Shot\n|-boost|p1a: Brige|spa|1\n|-anim|p1a: Brige|Electro Shot|p2b: Milotic\n|-supereffective|p2b: Milotic|1\n|-damage|p2b: Milotic|13/100\n|\n|-weather|RainDance|[upkeep]\n|-heal|p2b: Milotic|19/100|[from] item: Leftovers\n|-heal|p1a: Brige|77/100|[from] item: Leftovers\n|upkeep\n|turn|5\n|\n|t:|1776605256\n|switch|p2b: Tyranitar|Tyranitar-Mega, L50, M, shiny|18/100\n|-weather|Sandstorm|[from] ability: Sand Stream|[of] p2b: Tyranitar\n|move|p2a: Excadrill|High Horsepower|p1a: Brige\n|-supereffective|p1a: Brige|1\n|-damage|p1a: Brige|25/100\n|-ability|p1a: Brige|Stamina|boost\n|-boost|p1a: Brige|def|1\n|move|p1b: Toilet Bird|Ice Beam|p2a: Excadrill\n|-damage|p2a: Excadrill|0 fnt\n|faint|p2a: Excadrill\n|move|p1a: Brige|Aura Sphere|p2b: Tyranitar\n|-supereffective|p2b: Tyranitar|2\n|-damage|p2b: Tyranitar|0 fnt\n|faint|p2b: Tyranitar\n|\n|-weather|Sandstorm|[upkeep]\n|-damage|p1b: Toilet Bird|94/100|[from] Sandstorm\n|-heal|p1a: Brige|31/100|[from] item: Leftovers\n|upkeep\n|\n|t:|1776605272\n|switch|p2b: Milotic|Milotic, L50, F|19/100\n|turn|6\n|-message|edoardo ciaociao forfeited.\n|\n|win|Thepr3ttiestfemcel\n|raw|Thepr3ttiestfemcel's rating: 1270 &rarr; <strong>1295</strong><br />(+25 for winning)\n|raw|edoardo ciaociao's rating: 1273 &rarr; <strong>1248</strong><br />(-25 for losing)\n|l|\u2606edoardo ciaociao\n|player|p2|\n",
  "uploadtime": 1776605299,
  "views": 12,
  "formatid": "gen9championsvgc2026regma",
  "rating": 1248,
  "private": 0,
  "password": null
}