{
  "id": "gen9championsvgc2026regma-2588119235",
  "format": "[Gen 9 Champions] VGC 2026 Reg M-A",
  "players": [
    "Ferdura123",
    "Daikon-z"
  ],
  "log": "|j|\u2606Ferdura123\n|j|\u2606Daikon-z\n|t:|1776606342\n|gametype|doubles\n|player|p1|Ferdura123|170|1180\n|player|p2|Daikon-z|pokemonranger-gen4|1130\n|gen|9\n|tier|[Gen 9 Champions] VGC 2026 Reg M-A\n|rated|\n|rule|Species Clause: Limit one of each Pok\u00e9mon\n|rule|Item Clause: Limit 1 of each item\n|clearpoke\n|poke|p1|Gengar, L50, F|\n|poke|p1|Incineroar, L50, M|\n|poke|p1|Palafin, L50, F|\n|poke|p1|Whimsicott, L50, M|\n|poke|p1|Froslass, L50, F|\n|poke|p1|Hydreigon, L50, M|\n|poke|p2|Feraligatr, L50, M|\n|poke|p2|Delphox, L50, F|\n|poke|p2|Gliscor, L50, F|\n|poke|p2|Hydreigon, L50, M|\n|poke|p2|Whimsicott, L50, M|\n|poke|p2|Incineroar, L50, F|\n|teampreview|4\n|inactive|Battle timer is ON: inactive players will automatically lose when time's up. (requested by Ferdura123)\nFerdura123 has agreed to open team sheets.\n|inactive|Ferdura123 has 60 seconds left.\n|inactive|Daikon-z has 60 seconds left.\n|\n|t:|1776606380\n|teamsize|p1|4\n|teamsize|p2|4\n|start\n|switch|p1a: Palafin|Palafin, L50, F|100/100\n|switch|p1b: Incineroar|Incineroar, L50, M|100/100\n|switch|p2a: Delphox|Delphox, L50, F|100/100\n|switch|p2b: Gliscor|Gliscor, L50, F|100/100\n|-ability|p1b: Incineroar|Intimidate|boost\n|-unboost|p2a: Delphox|atk|1\n|-fail|p2b: Gliscor|unboost|Attack|[from] ability: Hyper Cutter|[of] p2b: Gliscor\n|turn|1\n|\n|t:|1776606404\n|detailschange|p1a: Palafin|Palafin-Hero, L50, F\n|switch|p1a: Whimsicott|Whimsicott, L50, M|100/100\n|move|p2a: Delphox|Protect|p2a: Delphox\n|-singleturn|p2a: Delphox|Protect\n|move|p2b: Gliscor|Protect|p2b: Gliscor\n|-singleturn|p2b: Gliscor|Protect\n|move|p1b: Incineroar|Fake Out|p2a: Delphox\n|-activate|p2a: Delphox|move: Protect\n|\n|upkeep\n|turn|2\n|\n|t:|1776606417\n|detailschange|p2a: Delphox|Delphox-Mega, L50, F\n|-mega|p2a: Delphox|Delphox|Delphoxite\n|move|p1a: Whimsicott|Encore|p2a: Delphox\n|-start|p2a: Delphox|Encore\n|move|p2a: Delphox|Protect||[still]\n|-fail|p2a: Delphox\n|move|p2b: Gliscor|Earthquake|p1a: Whimsicott|[spread] p1a,p1b\n|-immune|p2a: Delphox|[from] ability: Levitate\n|-resisted|p1a: Whimsicott|1\n|-supereffective|p1b: Incineroar|1\n|-damage|p1a: Whimsicott|82/100\n|-damage|p1b: Incineroar|41/100\n|-enditem|p1b: Incineroar|Sitrus Berry|[eat]\n|-heal|p1b: Incineroar|66/100|[from] item: Sitrus Berry\n|move|p1b: Incineroar|Parting Shot|p2b: Gliscor\n|-fail|p2b: Gliscor|unboost|Attack|[from] ability: Hyper Cutter|[of] p2b: Gliscor\n|-unboost|p2b: Gliscor|spa|1\n|\n|t:|1776606433\n|switch|p1b: Palafin|Palafin-Hero, L50, F|100/100|[from] Parting Shot\n|-activate|p1b: Palafin|ability: Zero to Hero\n|\n|upkeep\n|turn|3\n|\n|t:|1776606447\n|switch|p2a: Hydreigon|Hydreigon, L50, M|100/100\n|move|p2b: Gliscor|Protect|p2b: Gliscor\n|-singleturn|p2b: Gliscor|Protect\n|move|p1a: Whimsicott|Tailwind|p1a: Whimsicott\n|-sidestart|p1: Ferdura123|move: Tailwind\n|move|p1b: Palafin|Wave Crash|p2a: Hydreigon\n|-resisted|p2a: Hydreigon|1\n|-damage|p2a: Hydreigon|45/100\n|-damage|p1b: Palafin|83/100|[from] Recoil\n|\n|upkeep\n|turn|4\n|\n|t:|1776606461\n|switch|p2b: Whimsicott|Whimsicott, L50, M|100/100\n|move|p1a: Whimsicott|Moonblast|p2a: Hydreigon\n|-supereffective|p2a: Hydreigon|2\n|-damage|p2a: Hydreigon|0 fnt\n|faint|p2a: Hydreigon\n|move|p1b: Palafin|Wave Crash|p2b: Whimsicott\n|-resisted|p2b: Whimsicott|1\n|-damage|p2b: Whimsicott|44/100\n|-damage|p1b: Palafin|65/100|[from] Recoil\n|\n|upkeep\n|\n|t:|1776606476\n|switch|p2a: Delphox|Delphox-Mega, L50, F|100/100\n|turn|5\n|\n|t:|1776606492\n|switch|p1a: Incineroar|Incineroar, L50, M|66/100\n|-ability|p1a: Incineroar|Intimidate|boost\n|-unboost|p2a: Delphox|atk|1\n|-unboost|p2b: Whimsicott|atk|1\n|move|p2b: Whimsicott|Tailwind|p2b: Whimsicott\n|-sidestart|p2: Daikon-z|move: Tailwind\n|move|p2a: Delphox|Psychic|p1b: Palafin\n|-damage|p1b: Palafin|0 fnt\n|faint|p1b: Palafin\n|\n|upkeep\n|\n|t:|1776606513\n|switch|p1b: Whimsicott|Whimsicott, L50, M|82/100\n|turn|6\n|inactive|Ferdura123 has 30 seconds left.\n|inactive|Daikon-z has 30 seconds left.\n|\n|t:|1776606544\n|switch|p2b: Gliscor|Gliscor, L50, F|100/100\n|move|p1b: Whimsicott|Protect|p1b: Whimsicott\n|-singleturn|p1b: Whimsicott|Protect\n|move|p2a: Delphox|Protect|p2a: Delphox\n|-singleturn|p2a: Delphox|Protect\n|move|p1a: Incineroar|Flare Blitz|p2b: Gliscor\n|-damage|p2b: Gliscor|56/100\n|-damage|p1a: Incineroar|55/100|[from] Recoil\n|\n|-sideend|p1: Ferdura123|move: Tailwind\n|upkeep\n|turn|7\n|inactive|Ferdura123 has 30 seconds left.\n|\n|t:|1776606570\n|switch|p2a: Whimsicott|Whimsicott, L50, M|44/100\n|move|p1b: Whimsicott|Encore||[still]\n|-fail|p1b: Whimsicott\n|move|p2b: Gliscor|Rock Slide|p1a: Incineroar|[spread] p1a,p1b\n|-supereffective|p1a: Incineroar|1\n|-damage|p1a: Incineroar|25/100\n|-damage|p1b: Whimsicott|63/100\n|cant|p1a: Incineroar|flinch\n|\n|upkeep\n|turn|8\n|inactive|Ferdura123 has 30 seconds left.\n|inactive|Daikon-z has 30 seconds left.\n|inactive|Ferdura123 has 20 seconds left.\n|\n|t:|1776606607\n|move|p2a: Whimsicott|Encore||[still]\n|-fail|p2a: Whimsicott\n|move|p1b: Whimsicott|Tailwind|p1b: Whimsicott\n|-sidestart|p1: Ferdura123|move: Tailwind\n|move|p2b: Gliscor|Rock Slide|p1b: Whimsicott|[spread] p1a,p1b\n|-supereffective|p1a: Incineroar|1\n|-damage|p1a: Incineroar|0 fnt\n|-damage|p1b: Whimsicott|46/100\n|faint|p1a: Incineroar\n|\n|-sideend|p2: Daikon-z|move: Tailwind\n|upkeep\n|\n|t:|1776606616\n|switch|p1a: Gengar|Gengar, L50, F|100/100\n|turn|9\n|\n|t:|1776606625\n|detailschange|p1a: Gengar|Gengar-Mega, L50, F\n|-mega|p1a: Gengar|Gengar|Gengarite\n|move|p1b: Whimsicott|Encore||[still]\n|-fail|p1b: Whimsicott\n|move|p2a: Whimsicott|Tailwind|p2a: Whimsicott\n|-sidestart|p2: Daikon-z|move: Tailwind\n|move|p1a: Gengar|Shadow Ball|p2b: Gliscor\n|-damage|p2b: Gliscor|0 fnt\n|faint|p2b: Gliscor\n|\n|upkeep\n|\n|t:|1776606634\n|switch|p2b: Delphox|Delphox-Mega, L50, F|100/100\n|turn|10\n|\n|t:|1776606644\n|move|p1b: Whimsicott|Protect|p1b: Whimsicott\n|-singleturn|p1b: Whimsicott|Protect\n|move|p1a: Gengar|Protect|p1a: Gengar\n|-singleturn|p1a: Gengar|Protect\n|move|p2b: Delphox|Psychic|p1a: Gengar\n|-activate|p1a: Gengar|move: Protect\n|move|p2a: Whimsicott|Moonblast|p1a: Gengar\n|-activate|p1a: Gengar|move: Protect\n|\n|upkeep\n|turn|11\n|inactive|Ferdura123 has 30 seconds left.\n|\n|t:|1776606672\n|move|p2b: Delphox|Psychic|p1a: Gengar\n|-supereffective|p1a: Gengar|1\n|-damage|p1a: Gengar|0 fnt\n|faint|p1a: Gengar\n|move|p2a: Whimsicott|Moonblast|p1b: Whimsicott\n|-damage|p1b: Whimsicott|17/100\n|move|p1b: Whimsicott|Moonblast|p2a: Whimsicott\n|-damage|p2a: Whimsicott|13/100\n|\n|-sideend|p1: Ferdura123|move: Tailwind\n|upkeep\n|turn|12\n|-message|Ferdura123 forfeited.\n|\n|win|Daikon-z\n|raw|Ferdura123's rating: 1180 &rarr; <strong>1151</strong><br />(-29 for losing)\n|raw|Daikon-z's rating: 1130 &rarr; <strong>1159</strong><br />(+29 for winning)\n|l|\u2606Ferdura123\n|player|p1|\n",
  "uploadtime": 1776606682,
  "views": 9,
  "formatid": "gen9championsvgc2026regma",
  "rating": 1151,
  "private": 0,
  "password": null
}