{
  "id": "gen9championsvgc2026regma-2585986419",
  "format": "[Gen 9 Champions] VGC 2026 Reg M-A",
  "players": [
    "Blumagination",
    "SkelyStealth"
  ],
  "log": "|j|\u2606Blumagination\n|j|\u2606SkelyStealth\n|t:|1776387735\n|gametype|doubles\n|player|p1|Blumagination|2|1377\n|player|p2|SkelyStealth|yellow|1412\n|gen|9\n|tier|[Gen 9 Champions] VGC 2026 Reg M-A\n|rated|\n|rule|Species Clause: Limit one of each Pok\u00e9mon\n|rule|Item Clause: Limit 1 of each item\n|clearpoke\n|poke|p1|Froslass, L50, F|\n|poke|p1|Kingambit, L50, F|\n|poke|p1|Sneasler, L50, F|\n|poke|p1|Whimsicott, L50, M|\n|poke|p1|Farigiraf, L50, M|\n|poke|p1|Primarina, L50, F|\n|poke|p2|Farigiraf, L50, M|\n|poke|p2|Mimikyu, L50, F|\n|poke|p2|Incineroar, L50, F|\n|poke|p2|Torkoal, L50, M|\n|poke|p2|Crabominable, L50, M|\n|poke|p2|Chandelure, L50, M|\n|teampreview|4\n|inactive|Battle timer is ON: inactive players will automatically lose when time's up. (requested by Blumagination)\nBlumagination has agreed to open team sheets.\nSkelyStealth has agreed to open team sheets.\n|showteam|p1|Froslass||Froslassite|SnowCloak|Protect,AuroraVeil,Blizzard,ShadowBall|||F|||50|]Kingambit||BlackGlasses|Defiant|Protect,SwordsDance,SuckerPunch,KowtowCleave|||F|||50|]Sneasler||WhiteHerb|Unburden|Protect,FakeOut,CloseCombat,DireClaw|||F|||50|]Whimsicott||FocusSash|Prankster|Protect,Tailwind,Encore,Moonblast|||M|||50|]Farigiraf||SitrusBerry|ArmorTail|Protect,HelpingHand,Psychic,TrickRoom|||M|||50|]Primarina||Leftovers|LiquidVoice|Protect,IcyWind,HyperVoice,Moonblast|||F|||50|\n|showteam|p2|Farigiraf||SitrusBerry|ArmorTail|Psychic,TrickRoom,SunnyDay,HelpingHand|||M|||50|]Mimikyu||MentalHerb|Disguise|PlayRough,WoodHammer,TrickRoom,ShadowSneak|||F|||50|]Incineroar||WhiteHerb|Intimidate|FlareBlitz,DarkestLariat,CloseCombat,FakeOut|||F|||50|]Torkoal||Charcoal|Drought|HeatWave,WeatherBall,Eruption,Protect|||M|||50|]Crabominable||Crabominite|HyperCutter|IceHammer,DrainPunch,MachPunch,Protect|||M|||50|]Chandelure||Chandelurite|FlashFire|ShadowBall,TrickRoom,HeatWave,Protect|||M|||50|\n|inactive|Blumagination has 60 seconds left.\n|inactive|SkelyStealth has 60 seconds left.\n|inactive|Blumagination has 30 seconds left.\n|inactive|Blumagination has 20 seconds left.\n|inactive|Blumagination has 15 seconds left.\n|\n|t:|1776387814\n|teamsize|p1|4\n|teamsize|p2|4\n|start\n|switch|p1a: Froslass|Froslass, L50, F|100/100\n|switch|p1b: Primarina|Primarina, L50, F|100/100\n|switch|p2a: I'm Nobody|Mimikyu, L50, F|100/100\n|switch|p2b: Lazy Cat|Incineroar, L50, F|100/100\n|-ability|p2b: Lazy Cat|Intimidate|boost\n|-unboost|p1a: Froslass|atk|1\n|-unboost|p1b: Primarina|atk|1\n|turn|1\n|inactive|Blumagination has 30 seconds left.\n|\n|t:|1776387839\n|detailschange|p1a: Froslass|Froslass-Mega, L50, F\n|-mega|p1a: Froslass|Froslass|Froslassite\n|-weather|Snowscape|[from] ability: Snow Warning|[of] p1a: Froslass\n|move|p1a: Froslass|Aurora Veil|p1a: Froslass\n|-sidestart|p1: Blumagination|move: Aurora Veil\n|move|p1b: Primarina|Hyper Voice|p2b: Lazy Cat|[spread] p2a,p2b\n|-supereffective|p2b: Lazy Cat|1\n|-activate|p2a: I'm Nobody|ability: Disguise\n|-damage|p2a: I'm Nobody|100/100\n|-damage|p2b: Lazy Cat|31/100\n|detailschange|p2a: I'm Nobody|Mimikyu-Busted, L50, F\n|-damage|p2a: I'm Nobody|88/100|[from] pokemon: Mimikyu-Busted\n|move|p2b: Lazy Cat|Flare Blitz|p1a: Froslass\n|-supereffective|p1a: Froslass|1\n|-damage|p1a: Froslass|24/100\n|-damage|p2b: Lazy Cat|11/100|[from] Recoil\n|move|p2a: I'm Nobody|Trick Room|p2a: I'm Nobody\n|-fieldstart|move: Trick Room|[of] p2a: I'm Nobody\n|\n|-weather|Snowscape|[upkeep]\n|upkeep\n|turn|2\n|\n|t:|1776387861\n|switch|p2b: Sun's up|Torkoal, L50, M|100/100\n|-weather|SunnyDay|[from] ability: Drought|[of] p2b: Sun's up\n|switch|p1a: Farigiraf|Farigiraf, L50, M|100/100\n|move|p1b: Primarina|Hyper Voice|p2a: I'm Nobody|[spread] p2a,p2b\n|-supereffective|p2b: Sun's up|1\n|-damage|p2a: I'm Nobody|71/100\n|-damage|p2b: Sun's up|54/100\n|move|p2a: I'm Nobody|Wood Hammer|p1b: Primarina\n|-supereffective|p1b: Primarina|1\n|-damage|p1b: Primarina|45/100\n|-damage|p2a: I'm Nobody|50/100|[from] Recoil\n|\n|-weather|SunnyDay|[upkeep]\n|-heal|p1b: Primarina|51/100|[from] item: Leftovers\n|upkeep\n|turn|3\n|\n|t:|1776387876\n|switch|p2a: Kani|Crabominable, L50, M|100/100\n|move|p1b: Primarina|Protect|p1b: Primarina\n|-singleturn|p1b: Primarina|Protect\n|move|p1a: Farigiraf|Protect|p1a: Farigiraf\n|-singleturn|p1a: Farigiraf|Protect\n|move|p2b: Sun's up|Heat Wave|p1b: Primarina|[spread] \n|-activate|p1a: Farigiraf|move: Protect\n|-activate|p1b: Primarina|move: Protect\n|\n|-weather|SunnyDay|[upkeep]\n|-heal|p1b: Primarina|57/100|[from] item: Leftovers\n|upkeep\n|turn|4\n|\n|t:|1776387888\n|switch|p1b: Froslass|Froslass-Mega, L50, F|24/100\n|-weather|Snowscape|[from] ability: Snow Warning|[of] p1b: Froslass\n|detailschange|p2a: Kani|Crabominable-Mega, L50, M\n|-mega|p2a: Kani|Crabominable|Crabominite\n|move|p2b: Sun's up|Heat Wave|p1b: Froslass|[spread] p1b\n|-miss|p2b: Sun's up|p1a: Farigiraf\n|-supereffective|p1b: Froslass|1\n|-damage|p1b: Froslass|0 fnt\n|faint|p1b: Froslass\n|move|p2a: Kani|Ice Hammer|p1a: Farigiraf\n|-damage|p1a: Farigiraf|57/100\n|-unboost|p2a: Kani|spe|1\n|move|p1a: Farigiraf|Psychic|p2a: Kani\n|-supereffective|p2a: Kani|1\n|-damage|p2a: Kani|41/100\n|\n|-weather|Snowscape|[upkeep]\n|upkeep\n|\n|t:|1776387906\n|switch|p1b: Primarina|Primarina, L50, F|57/100\n|turn|5\n|\n|t:|1776387928\n|switch|p2a: Lazy Cat|Incineroar, L50, F|11/100\n|-ability|p2a: Lazy Cat|Intimidate|boost\n|-unboost|p1a: Farigiraf|atk|1\n|-unboost|p1b: Primarina|atk|1\n|switch|p2b: I'm Nobody|Mimikyu-Busted, L50, F|50/100\n|move|p1a: Farigiraf|Protect|p1a: Farigiraf\n|-singleturn|p1a: Farigiraf|Protect\n|move|p1b: Primarina|Hyper Voice|p2b: I'm Nobody|[spread] p2a,p2b\n|-supereffective|p2a: Lazy Cat|1\n|-damage|p2a: Lazy Cat|0 fnt\n|-damage|p2b: I'm Nobody|11/100\n|faint|p2a: Lazy Cat\n|\n|-weather|Snowscape|[upkeep]\n|-heal|p1b: Primarina|63/100|[from] item: Leftovers\n|-sideend|p1: Blumagination|move: Aurora Veil\n|-fieldend|move: Trick Room\n|upkeep\n|c|\u2606Blumagination|I KNEW IT\n|c|\u2606Blumagination|HAHAHAHAHA\n|\n|t:|1776387936\n|switch|p2a: Sun's up|Torkoal, L50, M|54/100\n|-weather|SunnyDay|[from] ability: Drought|[of] p2a: Sun's up\n|turn|6\n|c|\u2606Blumagination|MWHAHAHA\n|\n|t:|1776387960\n|move|p2b: I'm Nobody|Wood Hammer|p1b: Primarina\n|-supereffective|p1b: Primarina|1\n|-damage|p1b: Primarina|0 fnt\n|faint|p1b: Primarina\n|-damage|p2b: I'm Nobody|0 fnt|[from] Recoil\n|faint|p2b: I'm Nobody\n|move|p1a: Farigiraf|Psychic|p2a: Sun's up\n|-damage|p2a: Sun's up|5/100\n|move|p2a: Sun's up|Heat Wave|p1a: Farigiraf\n|-damage|p1a: Farigiraf|0 fnt\n|faint|p1a: Farigiraf\n|\n|-weather|SunnyDay|[upkeep]\n|upkeep\n|\n|t:|1776387967\n|switch|p2b: Kani|Crabominable-Mega, L50, M|41/100\n|switch|p1b: Whimsicott|Whimsicott, L50, M|100/100\n|turn|7\n|inactive|Blumagination has 30 seconds left.\n|inactive|SkelyStealth has 30 seconds left.\n|\n|t:|1776387997\n|move|p2b: Kani|Protect|p2b: Kani\n|-singleturn|p2b: Kani|Protect\n|move|p1b: Whimsicott|Moonblast|p2b: Kani\n|-activate|p2b: Kani|move: Protect\n|move|p2a: Sun's up|Weather Ball|p1b: Whimsicott\n|-supereffective|p1b: Whimsicott|1\n|-enditem|p1b: Whimsicott|Focus Sash\n|-damage|p1b: Whimsicott|1/100\n|\n|-weather|SunnyDay|[upkeep]\n|upkeep\n|turn|8\n|c|\u2606SkelyStealth|gg\n|\n|t:|1776388006\n|move|p2b: Kani|Mach Punch|p1b: Whimsicott\n|-resisted|p1b: Whimsicott|1\n|-damage|p1b: Whimsicott|0 fnt\n|faint|p1b: Whimsicott\n|\n|win|SkelyStealth\n|raw|Blumagination's rating: 1377 &rarr; <strong>1359</strong><br />(-18 for losing)\n|raw|SkelyStealth's rating: 1412 &rarr; <strong>1430</strong><br />(+18 for winning)\n|l|\u2606Blumagination\n|player|p1|\n",
  "uploadtime": 1776388010,
  "views": 35,
  "formatid": "gen9championsvgc2026regma",
  "rating": 1359,
  "private": 0,
  "password": null
}