{
  "id": "gen9championsvgc2026regma-2583002808",
  "format": "[Gen 9 Champions] VGC 2026 Reg M-A",
  "players": [
    "Menrad",
    "RrrrrMemes9"
  ],
  "log": "|j|\u2606Menrad\n|j|\u2606RrrrrMemes9\n|html|<table width=\"100%\"><tr><td align=\"left\">Menrad</td><td align=\"right\">RrrrrMemes9</tr><tr><td align=\"left\"><i class=\"fa fa-circle\"></i> <i class=\"fa fa-circle-o\"></i> </td><td align=\"right\"><i class=\"fa fa-circle-o\"></i> <i class=\"fa fa-circle\"></i> </tr></table>\n|uhtml|bestof|<h2><strong>Game 3</strong> of <a href=\"/game-bestof3-gen9championsvgc2026regma-2582990638\">a best-of-3</a></h2>\n|t:|1776132405\n|gametype|doubles\n|player|p1|Menrad|benga|\n|player|p2|RrrrrMemes9|n|\n|gen|9\n|tier|[Gen 9 Champions] VGC 2026 Reg M-A\n|rule|Species Clause: Limit one of each Pok\u00e9mon\n|rule|Item Clause: Limit 1 of each item\n|raw|<div class=\"infobox\"><details class=\"readmore\" open><summary><strong>1 custom rule:</strong></summary> Best of = 3</details></div>\n|clearpoke\n|poke|p1|Manectric, L50, M|\n|poke|p1|Chimecho, L50, M|\n|poke|p1|Incineroar, L50, M|\n|poke|p1|Runerigus, L50, M|\n|poke|p1|Orthworm, L50, M|\n|poke|p1|Clefable, L50, M|\n|poke|p2|Floette-Eternal, L50, F|\n|poke|p2|Rotom-Mow, L50|\n|poke|p2|Victreebel, L50, M|\n|poke|p2|Decidueye-Hisui, L50, M|\n|poke|p2|Ninetales, L50, M|\n|poke|p2|Ditto, L50|\n|teampreview|4\n|inactive|Battle timer is ON: inactive players will automatically lose when time's up. (requested by Menrad)\nRrrrrMemes9 rejected open team sheets.\n|inactive|Menrad has 60 seconds left.\n|inactive|RrrrrMemes9 has 60 seconds left.\n|\n|t:|1776132449\n|teamsize|p1|4\n|teamsize|p2|4\n|start\n|switch|p1a: Chimecho|Chimecho, L50, M|100/100\n|switch|p1b: Incineroar|Incineroar, L50, M|100/100\n|switch|p2a: NaruBOI|Ninetales, L50, M|100/100\n|switch|p2b: Ange|Floette-Eternal, L50, F|100/100\n|-weather|SunnyDay|[from] ability: Drought|[of] p2a: NaruBOI\n|-ability|p1b: Incineroar|Intimidate|boost\n|-unboost|p2a: NaruBOI|atk|1\n|-unboost|p2b: Ange|atk|1\n|turn|1\n|inactive|RrrrrMemes9 has 30 seconds left.\n|\n|t:|1776132479\n|detailschange|p1a: Chimecho|Chimecho-Mega, L50, M\n|-mega|p1a: Chimecho|Chimecho|Chimechite\n|move|p1b: Incineroar|Fake Out|p2a: NaruBOI\n|-damage|p2a: NaruBOI|87/100\n|move|p2b: Ange|Chilling Water|p1b: Incineroar\n|-supereffective|p1b: Incineroar|1\n|-damage|p1b: Incineroar|89/100\n|-unboost|p1b: Incineroar|atk|1\n|cant|p2a: NaruBOI|flinch\n|move|p1a: Chimecho|Flash Cannon|p2b: Ange\n|-supereffective|p2b: Ange|1\n|-damage|p2b: Ange|33/100\n|\n|-weather|SunnyDay|[upkeep]\n|-heal|p1b: Incineroar|95/100|[from] item: Leftovers\n|upkeep\n|turn|2\n|inactive|Menrad has 30 seconds left.\n|inactive|RrrrrMemes9 has 30 seconds left.\n|inactive|Menrad has 20 seconds left.\n|\n|t:|1776132516\n|switch|p2b: You Who?|Ditto, L50, shiny|100/100\n|-transform|p2b: You Who?|p1a: Chimecho|[from] ability: Imposter\n|switch|p1a: Clefable|Clefable, L50, M|100/100\n|move|p2a: NaruBOI|Overheat|p1a: Clefable\n|-damage|p1a: Clefable|44/100\n|-unboost|p2a: NaruBOI|spa|2\n|move|p1b: Incineroar|Parting Shot|p2a: NaruBOI\n|-unboost|p2a: NaruBOI|atk|1\n|-unboost|p2a: NaruBOI|spa|1\n|\n|t:|1776132533\n|switch|p1b: Runerigus|Runerigus, L50, M|100/100|[from] Parting Shot\n|\n|-weather|SunnyDay|[upkeep]\n|upkeep\n|turn|3\n|\n|t:|1776132553\n|switch|p2a: Chubb|Victreebel, L50, M|100/100\n|move|p2b: You Who?|Flash Cannon|p1a: Clefable\n|-supereffective|p1a: Clefable|1\n|-damage|p1a: Clefable|0 fnt\n|faint|p1a: Clefable\n|move|p1b: Runerigus|Phantom Force||[still]\n|-prepare|p1b: Runerigus|Phantom Force\n|\n|-weather|SunnyDay|[upkeep]\n|upkeep\n|inactive|Menrad has 30 seconds left.\n|\n|t:|1776132579\n|switch|p1a: Chimecho|Chimecho-Mega, L50, M|100/100\n|turn|4\n|\n|t:|1776132603\n|detailschange|p2a: Chubb|Victreebel-Mega, L50, M\n|-mega|p2a: Chubb|Victreebel|Victreebelite\n|move|p2a: Chubb|Weather Ball|p1a: Chimecho\n|-supereffective|p1a: Chimecho|1\n|-crit|p1a: Chimecho\n|-damage|p1a: Chimecho|0 fnt\n|faint|p1a: Chimecho\n|move|p2b: You Who?|Flash Cannon|p1b: Runerigus|[miss]\n|-miss|p2b: You Who?|p1b: Runerigus\n|move|p1b: Runerigus|Phantom Force|p2b: You Who?|[from] lockedmove\n|-supereffective|p2b: You Who?|1\n|-damage|p2b: You Who?|45/100\n|\n|-weather|SunnyDay|[upkeep]\n|-heal|p2b: You Who?|51/100|[from] item: Leftovers\n|upkeep\n|\n|t:|1776132615\n|switch|p1a: Incineroar|Incineroar, L50, M|95/100\n|-ability|p1a: Incineroar|Intimidate|boost\n|-unboost|p2a: Chubb|atk|1\n|-unboost|p2b: You Who?|atk|1\n|turn|5\n|inactive|RrrrrMemes9 has 30 seconds left.\n|\n|t:|1776132648\n|move|p2a: Chubb|Protect|p2a: Chubb\n|-singleturn|p2a: Chubb|Protect\n|move|p1a: Incineroar|Fake Out|p2b: You Who?\n|-resisted|p2b: You Who?|1\n|-damage|p2b: You Who?|46/100\n|cant|p2b: You Who?|flinch\n|move|p1b: Runerigus|Phantom Force||[still]\n|-prepare|p1b: Runerigus|Phantom Force\n|\n|-weather|none\n|-heal|p2b: You Who?|52/100|[from] item: Leftovers\n|-heal|p1a: Incineroar|100/100|[from] item: Leftovers\n|upkeep\n|turn|6\n|\n|t:|1776132673\n|switch|p2a: NaruBOI|Ninetales, L50, M|87/100\n|-weather|SunnyDay|[from] ability: Drought|[of] p2a: NaruBOI\n|move|p2b: You Who?|Skill Swap|p1a: Incineroar\n|-activate|p2b: You Who?|Skill Swap|Intimidate|Levitate|[of] p1a: Incineroar\n|-ability|p2b: You Who?|Intimidate|boost\n|-unboost|p1a: Incineroar|atk|1\n|-unboost|p1b: Runerigus|atk|1\n|move|p1a: Incineroar|Parting Shot|p2a: NaruBOI\n|-unboost|p2a: NaruBOI|atk|1\n|-unboost|p2a: NaruBOI|spa|1\n|move|p1b: Runerigus|Phantom Force|p2b: You Who?|[from] lockedmove\n|-supereffective|p2b: You Who?|1\n|-damage|p2b: You Who?|17/100\n|\n|-weather|SunnyDay|[upkeep]\n|-heal|p2b: You Who?|23/100|[from] item: Leftovers\n|upkeep\n|turn|7\n|inactive|Menrad has 30 seconds left.\n|\n|t:|1776132701\n|move|p1b: Runerigus|Ally Switch|p1b: Runerigus\n|swap|p1b: Runerigus|0|[from] move: Ally Switch\n|move|p2a: NaruBOI|Energy Ball|p1b: Incineroar\n|-resisted|p1b: Incineroar|1\n|-damage|p1b: Incineroar|96/100\n|move|p2b: You Who?|Recover|p2b: You Who?\n|-heal|p2b: You Who?|73/100\n|move|p1b: Incineroar|Darkest Lariat|p2b: You Who?\n|-supereffective|p2b: You Who?|1\n|-damage|p2b: You Who?|35/100\n|\n|-weather|SunnyDay|[upkeep]\n|-heal|p2b: You Who?|40/100|[from] item: Leftovers\n|-heal|p1b: Incineroar|100/100|[from] item: Leftovers\n|upkeep\n|turn|8\n|inactive|Menrad has 30 seconds left.\n|inactive|RrrrrMemes9 has 30 seconds left.\n|inactive|RrrrrMemes9 has 20 seconds left.\n|\n|t:|1776132739\n|move|p1a: Runerigus|Ally Switch||[still]\n|-fail|p1a: Runerigus\n|move|p2a: NaruBOI|Energy Ball|p1a: Runerigus\n|-supereffective|p1a: Runerigus|1\n|-damage|p1a: Runerigus|75/100\n|move|p2b: You Who?|Recover|p2b: You Who?\n|-heal|p2b: You Who?|91/100\n|move|p1b: Incineroar|Darkest Lariat|p2b: You Who?\n|-supereffective|p2b: You Who?|1\n|-damage|p2b: You Who?|47/100\n|\n|-weather|SunnyDay|[upkeep]\n|-heal|p2b: You Who?|53/100|[from] item: Leftovers\n|upkeep\n|turn|9\n|inactive|Menrad has 30 seconds left.\n|inactive|RrrrrMemes9 has 30 seconds left.\n|inactive|RrrrrMemes9 has 20 seconds left.\n|inactive|RrrrrMemes9 has 15 seconds left.\n|\n|t:|1776132787\n|move|p2a: NaruBOI|Energy Ball|p1a: Runerigus\n|-supereffective|p1a: Runerigus|1\n|-damage|p1a: Runerigus|51/100\n|move|p2b: You Who?|Recover|p2b: You Who?\n|-heal|p2b: You Who?|100/100\n|move|p1b: Incineroar|Darkest Lariat|p2a: NaruBOI\n|-damage|p2a: NaruBOI|58/100\n|move|p1a: Runerigus|Phantom Force||[still]\n|-prepare|p1a: Runerigus|Phantom Force\n|\n|-weather|SunnyDay|[upkeep]\n|upkeep\n|turn|10\n|inactive|RrrrrMemes9 has 30 seconds left.\n|inactive|RrrrrMemes9 has 20 seconds left.\n|inactive|RrrrrMemes9 has 15 seconds left.\n|\n|t:|1776132828\n|move|p2a: NaruBOI|Overheat|p1b: Incineroar\n|-resisted|p1b: Incineroar|1\n|-damage|p1b: Incineroar|86/100\n|-unboost|p2a: NaruBOI|spa|2\n|move|p2b: You Who?|Dazzling Gleam|p1a: Runerigus|[spread] p1b\n|-miss|p2b: You Who?|p1a: Runerigus\n|-damage|p1b: Incineroar|72/100\n|move|p1b: Incineroar|Darkest Lariat|p2b: You Who?\n|-supereffective|p2b: You Who?|1\n|-damage|p2b: You Who?|57/100\n|move|p1a: Runerigus|Phantom Force|p2b: You Who?|[from] lockedmove\n|-supereffective|p2b: You Who?|1\n|-damage|p2b: You Who?|18/100\n|\n|-weather|none\n|-heal|p2b: You Who?|24/100|[from] item: Leftovers\n|-heal|p1b: Incineroar|78/100|[from] item: Leftovers\n|upkeep\n|turn|11\n|inactive|RrrrrMemes9 has 30 seconds left.\n|\n|t:|1776132859\n|move|p1a: Runerigus|Ally Switch|p1a: Runerigus\n|swap|p1a: Runerigus|1|[from] move: Ally Switch\n|move|p2a: NaruBOI|Energy Ball|p1a: Incineroar\n|-resisted|p1a: Incineroar|1\n|-damage|p1a: Incineroar|76/100\n|move|p2b: You Who?|Recover|p2b: You Who?\n|-heal|p2b: You Who?|74/100\n|move|p1a: Incineroar|Darkest Lariat|p2b: You Who?\n|-supereffective|p2b: You Who?|1\n|-damage|p2b: You Who?|35/100\n|\n|-heal|p2b: You Who?|41/100|[from] item: Leftovers\n|-heal|p1a: Incineroar|82/100|[from] item: Leftovers\n|upkeep\n|turn|12\n|\n|t:|1776132883\n|move|p2a: NaruBOI|Energy Ball|p1b: Runerigus\n|-supereffective|p1b: Runerigus|1\n|-damage|p1b: Runerigus|35/100\n|move|p2b: You Who?|Recover|p2b: You Who?\n|-heal|p2b: You Who?|91/100\n|move|p1a: Incineroar|Darkest Lariat|p2b: You Who?\n|-supereffective|p2b: You Who?|1\n|-damage|p2b: You Who?|51/100\n|move|p1b: Runerigus|Taunt|p2b: You Who?\n|-start|p2b: You Who?|move: Taunt\n|\n|-heal|p2b: You Who?|57/100|[from] item: Leftovers\n|-heal|p1a: Incineroar|88/100|[from] item: Leftovers\n|upkeep\n|turn|13\n|inactive|Menrad has 30 seconds left.\n|inactive|RrrrrMemes9 has 30 seconds left.\n|inactive|Menrad has 20 seconds left.\n|inactive|Menrad has 15 seconds left.\n|\n|t:|1776132927\n|move|p2a: NaruBOI|Energy Ball|p1b: Runerigus\n|-supereffective|p1b: Runerigus|1\n|-damage|p1b: Runerigus|20/100\n|move|p2b: You Who?|Flash Cannon|p1b: Runerigus\n|-damage|p1b: Runerigus|0 fnt\n|faint|p1b: Runerigus\n|move|p1a: Incineroar|Darkest Lariat|p2b: You Who?\n|-supereffective|p2b: You Who?|1\n|-damage|p2b: You Who?|19/100\n|\n|-heal|p2b: You Who?|24/100|[from] item: Leftovers\n|-heal|p1a: Incineroar|94/100|[from] item: Leftovers\n|upkeep\n|turn|14\n|\n|t:|1776132945\n|move|p2a: NaruBOI|Overheat|p1a: Incineroar\n|-resisted|p1a: Incineroar|1\n|-damage|p1a: Incineroar|88/100\n|-unboost|p2a: NaruBOI|spa|2\n|move|p2b: You Who?|Dazzling Gleam|p1a: Incineroar\n|-damage|p1a: Incineroar|70/100\n|move|p1a: Incineroar|Darkest Lariat|p2b: You Who?\n|-supereffective|p2b: You Who?|1\n|-damage|p2b: You Who?|0 fnt\n|faint|p2b: You Who?\n|\n|-heal|p1a: Incineroar|76/100|[from] item: Leftovers\n|upkeep\n|\n|t:|1776132957\n|switch|p2b: Ange|Floette-Eternal, L50, F|33/100\n|turn|15\n|inactive|Menrad has 30 seconds left.\n|\n|t:|1776132989\n|move|p2b: Ange|Light of Ruin|p1a: Incineroar\n|-damage|p1a: Incineroar|22/100\n|-damage|p2b: Ange|0 fnt|[from] Recoil\n|faint|p2b: Ange\n|move|p2a: NaruBOI|Overheat|p1a: Incineroar\n|-resisted|p1a: Incineroar|1\n|-damage|p1a: Incineroar|17/100\n|-unboost|p2a: NaruBOI|spa|1\n|move|p1a: Incineroar|Darkest Lariat|p2a: NaruBOI\n|-damage|p2a: NaruBOI|32/100\n|\n|-heal|p1a: Incineroar|23/100|[from] item: Leftovers\n|upkeep\n|\n|t:|1776133002\n|switch|p2b: Chubb|Victreebel-Mega, L50, M|100/100\n|turn|16\n|inactive|RrrrrMemes9 has 30 seconds left.\n|inactive|RrrrrMemes9 has 20 seconds left.\n|\n|t:|1776133018\n|move|p2b: Chubb|Protect|p2b: Chubb\n|-singleturn|p2b: Chubb|Protect\n|move|p2a: NaruBOI|Overheat|p1a: Incineroar\n|-resisted|p1a: Incineroar|1\n|-damage|p1a: Incineroar|19/100\n|move|p1a: Incineroar|Parting Shot|p2b: Chubb\n|-activate|p2b: Chubb|move: Protect\n|\n|-heal|p1a: Incineroar|25/100|[from] item: Leftovers\n|upkeep\n|turn|17\n|inactive|RrrrrMemes9 has 20 seconds left this turn.\n|inactive|Menrad has 30 seconds left.\n|inactive|RrrrrMemes9 has 15 seconds left.\n|inactive|RrrrrMemes9 has 10 seconds left.\n|inactive|Menrad has 20 seconds left.\n|inactive|RrrrrMemes9 has 5 seconds left.\n|inactive|Menrad has 15 seconds left.\n|\n|t:|1776133038\n|move|p2a: NaruBOI|Overheat|p1a: Incineroar\n|-resisted|p1a: Incineroar|1\n|-damage|p1a: Incineroar|21/100\n|move|p2b: Chubb|Solar Beam||[still]\n|-prepare|p2b: Chubb|Solar Beam\n|move|p1a: Incineroar|Parting Shot|p2a: NaruBOI\n|-unboost|p2a: NaruBOI|atk|1\n|-unboost|p2a: NaruBOI|spa|0\n|\n|-heal|p1a: Incineroar|27/100|[from] item: Leftovers\n|upkeep\n|turn|18\n|inactive|Menrad has 15 seconds left this turn.\n|inactive|RrrrrMemes9 has 5 seconds left this turn.\n|inactive|Menrad has 10 seconds left.\n|-message|RrrrrMemes9 lost due to inactivity.\n|\n|win|Menrad\n|l|\u2606RrrrrMemes9\n|player|p2|\n",
  "uploadtime": 1776133117,
  "views": 19,
  "formatid": "gen9championsvgc2026regma",
  "rating": null,
  "private": 0,
  "password": null
}