{
  "id": "gen9championsvgc2026regma-2585670249",
  "format": "[Gen 9 Champions] VGC 2026 Reg M-A",
  "players": [
    "RedOdyssey",
    "pokemaniacocajor"
  ],
  "log": "|j|\u2606RedOdyssey\n|j|\u2606pokemaniacocajor\n|t:|1776362552\n|gametype|doubles\n|player|p1|RedOdyssey|170|1101\n|player|p2|pokemaniacocajor|veteran|1027\n|gen|9\n|tier|[Gen 9 Champions] VGC 2026 Reg M-A\n|rated|\n|rule|Species Clause: Limit one of each Pok\u00e9mon\n|rule|Item Clause: Limit 1 of each item\n|clearpoke\n|poke|p1|Gardevoir, L50, F|\n|poke|p1|Meowstic, L50, M|\n|poke|p1|Armarouge, L50, M|\n|poke|p1|Aerodactyl, L50, M|\n|poke|p1|Milotic, L50, M|\n|poke|p1|Basculegion, L50, M|\n|poke|p2|Charizard, L50, F|\n|poke|p2|Incineroar, L50, F|\n|poke|p2|Whimsicott, L50, F|\n|poke|p2|Venusaur, L50, F|\n|poke|p2|Sneasler, L50, F|\n|poke|p2|Hydreigon, L50, M|\n|teampreview|4\n|inactive|Battle timer is ON: inactive players will automatically lose when time's up. (requested by RedOdyssey)\n|inactive|pokemaniacocajor has 60 seconds left.\n|\n|t:|1776362589\n|teamsize|p1|4\n|teamsize|p2|4\n|start\n|switch|p1a: Meowstic|Meowstic, L50, M|100/100\n|switch|p1b: Aerodactyl|Aerodactyl, L50, M|100/100\n|switch|p2a: Whimsicott|Whimsicott, L50, F|100/100\n|switch|p2b: Hydreigon|Hydreigon, L50, M|100/100\n|-ability|p1b: Aerodactyl|Unnerve\n|turn|1\n|inactive|pokemaniacocajor has 30 seconds left.\n|\n|t:|1776362619\n|move|p1a: Meowstic|Fake Out|p2a: Whimsicott\n|-damage|p2a: Whimsicott|96/100\n|cant|p2a: Whimsicott|flinch\n|move|p2b: Hydreigon|Dark Pulse|p1a: Meowstic\n|-supereffective|p1a: Meowstic|1\n|-damage|p1a: Meowstic|8/100\n|move|p1b: Aerodactyl|Dual Wingbeat|p2a: Whimsicott\n|-supereffective|p2a: Whimsicott|1\n|-damage|p2a: Whimsicott|64/100\n|-supereffective|p2a: Whimsicott|1\n|-damage|p2a: Whimsicott|32/100\n|-hitcount|p2a: Whimsicott|2\n|\n|upkeep\n|turn|2\n|inactive|pokemaniacocajor has 30 seconds left.\n|\n|t:|1776362649\n|move|p2a: Whimsicott|Tailwind|p2a: Whimsicott\n|-sidestart|p2: pokemaniacocajor|move: Tailwind\n|move|p1a: Meowstic|Psychic Terrain|p1a: Meowstic\n|-fieldstart|move: Psychic Terrain\n|move|p2b: Hydreigon|Dark Pulse|p1a: Meowstic\n|-supereffective|p1a: Meowstic|1\n|-damage|p1a: Meowstic|0 fnt\n|faint|p1a: Meowstic\n|move|p1b: Aerodactyl|Tailwind|p1b: Aerodactyl\n|-sidestart|p1: RedOdyssey|move: Tailwind\n|\n|upkeep\n|\n|t:|1776362659\n|switch|p1a: Gardevoir|Gardevoir, L50, F|100/100\n|turn|3\n|\n|t:|1776362678\n|switch|p1b: Milotic|Milotic, L50, M|100/100\n|detailschange|p1a: Gardevoir|Gardevoir-Mega, L50, F\n|-mega|p1a: Gardevoir|Gardevoir|Gardevoirite\n|move|p2b: Hydreigon|Dark Pulse|p1b: Milotic\n|-damage|p1b: Milotic|72/100\n|move|p1a: Gardevoir|Hyper Voice|p2b: Hydreigon|[spread] p2a,p2b\n|-supereffective|p2b: Hydreigon|2\n|-damage|p2a: Whimsicott|0 fnt\n|-damage|p2b: Hydreigon|0 fnt\n|faint|p2a: Whimsicott\n|faint|p2b: Hydreigon\n|\n|-heal|p1b: Milotic|78/100|[from] item: Leftovers\n|upkeep\n|\n|t:|1776362688\n|switch|p2b: Venusaur|Venusaur, L50, F|100/100\n|switch|p2a: Charizard|Charizard, L50, F|100/100\n|turn|4\n|inactive|RedOdyssey has 30 seconds left.\n|inactive|pokemaniacocajor has 30 seconds left.\n|\n|t:|1776362722\n|move|p1a: Gardevoir|Protect|p1a: Gardevoir\n|-singleturn|p1a: Gardevoir|Protect\n|move|p2a: Charizard|Solar Beam||[still]\n|-prepare|p2a: Charizard|Solar Beam\n|move|p2b: Venusaur|Solar Beam||[still]\n|-prepare|p2b: Venusaur|Solar Beam\n|move|p1b: Milotic|Icy Wind|p2b: Venusaur|[spread] p2a,p2b\n|-supereffective|p2b: Venusaur|1\n|-damage|p2a: Charizard|84/100\n|-damage|p2b: Venusaur|75/100\n|-unboost|p2a: Charizard|spe|1\n|-unboost|p2b: Venusaur|spe|1\n|\n|-heal|p1b: Milotic|84/100|[from] item: Leftovers\n|upkeep\n|turn|5\n|\n|t:|1776362739\n|move|p1a: Gardevoir|Expanding Force|p2b: Venusaur|[spread] p2a,p2b\n|-supereffective|p2b: Venusaur|1\n|-damage|p2a: Charizard|0 fnt\n|-damage|p2b: Venusaur|0 fnt\n|faint|p2a: Charizard\n|faint|p2b: Venusaur\n|\n|win|RedOdyssey\n|raw|RedOdyssey's rating: 1101 &rarr; <strong>1121</strong><br />(+20 for winning)\n|raw|pokemaniacocajor's rating: 1027 &rarr; <strong>1016</strong><br />(-11 for losing)\n|l|\u2606RedOdyssey\n|player|p1|\n",
  "uploadtime": 1776362752,
  "views": 18,
  "formatid": "gen9championsvgc2026regma",
  "rating": 1016,
  "private": 0,
  "password": null
}