{
  "id": "gen9championsvgc2026regma-2586301688",
  "format": "[Gen 9 Champions] VGC 2026 Reg M-A",
  "players": [
    "shelmerVGC",
    "Crash0utVGC"
  ],
  "log": "|j|\u2606shelmerVGC\n|j|\u2606Crash0utVGC\n|t:|1776423051\n|gametype|doubles\n|player|p1|shelmerVGC|florian-bb|1194\n|player|p2|Crash0utVGC|colress|1219\n|gen|9\n|tier|[Gen 9 Champions] VGC 2026 Reg M-A\n|rated|\n|rule|Species Clause: Limit one of each Pok\u00e9mon\n|rule|Item Clause: Limit 1 of each item\n|clearpoke\n|poke|p1|Floette-Eternal, L50, F|\n|poke|p1|Aegislash, L50, F|\n|poke|p1|Rotom-Wash, L50|\n|poke|p1|Aerodactyl, L50, F|\n|poke|p1|Garchomp, L50, F|\n|poke|p1|Incineroar, L50, M|\n|poke|p2|Feraligatr, L50, F|\n|poke|p2|Aerodactyl, L50, F|\n|poke|p2|Sinistcha, L50|\n|poke|p2|Sylveon, L50, M|\n|poke|p2|Charizard, L50, F|\n|poke|p2|Sneasler, L50, M|\n|teampreview|4\n|inactive|Battle timer is ON: inactive players will automatically lose when time's up. (requested by shelmerVGC)\n|\n|t:|1776423081\n|teamsize|p1|4\n|teamsize|p2|4\n|start\n|switch|p1a: Floette|Floette-Eternal, L50, F|100/100\n|switch|p1b: Rotom|Rotom-Wash, L50|100/100\n|switch|p2a: Sylveon|Sylveon, L50, M|100/100\n|switch|p2b: Charizard|Charizard, L50, F|100/100\n|turn|1\n|\n|t:|1776423093\n|switch|p2b: Sinistcha|Sinistcha, L50|100/100\n|detailschange|p1a: Floette|Floette-Mega, L50, F\n|-mega|p1a: Floette|Floette|Floettite\n|-ability|p1a: Floette|Fairy Aura\n|move|p1b: Rotom|Thunderbolt|p2b: Sinistcha\n|-resisted|p2b: Sinistcha|1\n|-damage|p2b: Sinistcha|84/100\n|move|p1a: Floette|Calm Mind|p1a: Floette\n|-boost|p1a: Floette|spa|1\n|-boost|p1a: Floette|spd|1\n|move|p2a: Sylveon|Hyper Voice|p1b: Rotom|[spread] p1a,p1b\n|-damage|p1a: Floette|71/100\n|-damage|p1b: Rotom|27/100\n|\n|upkeep\n|turn|2\n|\n|t:|1776423107\n|move|p1b: Rotom|Thunderbolt|p2a: Sylveon\n|-damage|p2a: Sylveon|72/100\n|move|p1a: Floette|Dazzling Gleam|p2b: Sinistcha|[spread] p2a,p2b\n|-damage|p2a: Sylveon|21/100\n|-damage|p2b: Sinistcha|25/100\n|move|p2a: Sylveon|Hyper Voice|p1a: Floette|[spread] p1a,p1b\n|-damage|p1a: Floette|42/100\n|-damage|p1b: Rotom|0 fnt\n|faint|p1b: Rotom\n|move|p2b: Sinistcha|Trick Room|p2b: Sinistcha\n|-fieldstart|move: Trick Room|[of] p2b: Sinistcha\n|\n|upkeep\n|\n|t:|1776423117\n|switch|p1b: Aegislash|Aegislash, L50, F|100/100\n|turn|3\n|\n|t:|1776423125\n|move|p2b: Sinistcha|Rage Powder|p2b: Sinistcha\n|-singleturn|p2b: Sinistcha|move: Rage Powder\n|-formechange|p1b: Aegislash|Aegislash-Blade|\n|move|p1b: Aegislash|Shadow Sneak|p2b: Sinistcha\n|-supereffective|p2b: Sinistcha|1\n|-damage|p2b: Sinistcha|0 fnt\n|faint|p2b: Sinistcha\n|move|p2a: Sylveon|Hyper Voice|p1a: Floette|[spread] p1a,p1b\n|-resisted|p1b: Aegislash|1\n|-damage|p1a: Floette|12/100\n|-damage|p1b: Aegislash|48/100\n|move|p1a: Floette|Dazzling Gleam|p2a: Sylveon\n|-damage|p2a: Sylveon|0 fnt\n|faint|p2a: Sylveon\n|\n|upkeep\n|\n|t:|1776423134\n|switch|p2b: Sneasler|Sneasler, L50, M|100/100\n|switch|p2a: Charizard|Charizard, L50, F|100/100\n|turn|4\n|\n|t:|1776423143\n|switch|p1a: Incineroar|Incineroar, L50, M|100/100\n|-ability|p1a: Incineroar|Intimidate|boost\n|-unboost|p2a: Charizard|atk|1\n|-unboost|p2b: Sneasler|atk|1\n|-enditem|p2b: Sneasler|White Herb\n|-clearnegativeboost|p2b: Sneasler|[silent]\n|detailschange|p2a: Charizard|Charizard-Mega-Y, L50, F\n|-mega|p2a: Charizard|Charizard|Charizardite Y\n|-weather|SunnyDay|[from] ability: Drought|[of] p2a: Charizard\n|-formechange|p1b: Aegislash|Aegislash|\n|move|p1b: Aegislash|King's Shield|p1b: Aegislash\n|-singleturn|p1b: Aegislash|Protect\n|move|p2b: Sneasler|Protect|p2b: Sneasler\n|-singleturn|p2b: Sneasler|Protect\n|move|p2a: Charizard|Heat Wave|p1b: Aegislash|[spread] p1a\n|-activate|p1b: Aegislash|move: Protect\n|-resisted|p1a: Incineroar|1\n|-damage|p1a: Incineroar|73/100\n|\n|-weather|SunnyDay|[upkeep]\n|upkeep\n|turn|5\n|inactive|shelmerVGC has 30 seconds left.\n|\n|t:|1776423176\n|move|p1a: Incineroar|Fake Out|p2a: Charizard\n|-damage|p2a: Charizard|89/100\n|-formechange|p1b: Aegislash|Aegislash-Blade|\n|move|p1b: Aegislash|Poltergeist||[still]\n|-fail|p1b: Aegislash\n|cant|p2a: Charizard|flinch\n|move|p2b: Sneasler|Close Combat|p1a: Incineroar\n|-supereffective|p1a: Incineroar|1\n|-damage|p1a: Incineroar|0 fnt\n|-unboost|p2b: Sneasler|def|1\n|-unboost|p2b: Sneasler|spd|1\n|faint|p1a: Incineroar\n|\n|-weather|SunnyDay|[upkeep]\n|upkeep\n|\n|t:|1776423188\n|switch|p1a: Floette|Floette-Mega, L50, F|12/100\n|-ability|p1a: Floette|Fairy Aura\n|turn|6\n|-message|shelmerVGC forfeited.\n|\n|win|Crash0utVGC\n|raw|shelmerVGC's rating: 1194 &rarr; <strong>1171</strong><br />(-23 for losing)\n|raw|Crash0utVGC's rating: 1219 &rarr; <strong>1242</strong><br />(+23 for winning)\n",
  "uploadtime": 1776423193,
  "views": 25,
  "formatid": "gen9championsvgc2026regma",
  "rating": 1171,
  "private": 0,
  "password": null
}