{
  "id": "gen9championsvgc2026regma-2586915107",
  "format": "[Gen 9 Champions] VGC 2026 Reg M-A",
  "players": [
    "RuiRivers",
    "Arib1906"
  ],
  "log": "|j|\u2606RuiRivers\n|j|\u2606Arib1906\n|t:|1776471391\n|gametype|doubles\n|player|p1|RuiRivers|nate|1273\n|player|p2|Arib1906|byron|1384\n|gen|9\n|tier|[Gen 9 Champions] VGC 2026 Reg M-A\n|rated|\n|rule|Species Clause: Limit one of each Pok\u00e9mon\n|rule|Item Clause: Limit 1 of each item\n|clearpoke\n|poke|p1|Chesnaught, L50, M|\n|poke|p1|Zoroark-Hisui, L50, F|\n|poke|p1|Samurott-Hisui, L50, M|\n|poke|p1|Noivern, L50, F|\n|poke|p1|Arcanine-Hisui, L50, M|\n|poke|p1|Raichu, L50, M|\n|poke|p2|Blastoise, L50, F|\n|poke|p2|Incineroar, L50, M|\n|poke|p2|Sinistcha, L50|\n|poke|p2|Kingambit, L50, F|\n|poke|p2|Aerodactyl, L50, F|\n|poke|p2|Sneasler, L50, M|\n|teampreview|4\n|\n|t:|1776471418\n|teamsize|p1|4\n|teamsize|p2|4\n|start\n|switch|p1a: Chesnaught|Chesnaught, L50, M|100/100\n|switch|p1b: Raichu|Raichu, L50, M|100/100\n|switch|p2a: Blast chance|Blastoise, L50, F|100/100\n|switch|p2b: Sinistchai-tea|Sinistcha, L50|100/100\n|turn|1\n|\n|t:|1776471426\n|detailschange|p2a: Blast chance|Blastoise-Mega, L50, F\n|-mega|p2a: Blast chance|Blastoise|Blastoisinite\n|move|p1b: Raichu|Fake Out|p2a: Blast chance\n|-damage|p2a: Blast chance|93/100\n|move|p2b: Sinistchai-tea|Rage Powder|p2b: Sinistchai-tea\n|-singleturn|p2b: Sinistchai-tea|move: Rage Powder\n|move|p1a: Chesnaught|Bitter Malice|p2b: Sinistchai-tea\n|-supereffective|p2b: Sinistchai-tea|1\n|-damage|p2b: Sinistchai-tea|0 fnt\n|faint|p2b: Sinistchai-tea\n|cant|p2a: Blast chance|flinch\n|\n|upkeep\n|\n|t:|1776471437\n|switch|p2b: Wolfe bane|Incineroar, L50, M|100/100\n|-ability|p2b: Wolfe bane|Intimidate|boost\n|-unboost|p1a: Chesnaught|atk|1\n|-unboost|p1b: Raichu|atk|1\n|turn|2\n|\n|t:|1776471442\n|move|p1b: Raichu|Protect|p1b: Raichu\n|-singleturn|p1b: Raichu|Protect\n|move|p1a: Chesnaught|Protect|p1a: Chesnaught\n|-singleturn|p1a: Chesnaught|Protect\n|move|p2b: Wolfe bane|Fake Out|p1b: Raichu\n|-activate|p1b: Raichu|move: Protect\n|move|p2a: Blast chance|Water Spout|p1a: Chesnaught|[spread] \n|-activate|p1a: Chesnaught|move: Protect\n|-activate|p1b: Raichu|move: Protect\n|\n|upkeep\n|turn|3\n|\n|t:|1776471454\n|switch|p2a: Sac the Rookidee|Kingambit, L50, F|100/100\n|move|p1b: Raichu|Thunderbolt|p2a: Sac the Rookidee\n|-damage|p2a: Sac the Rookidee|61/100\n|move|p1a: Chesnaught|Sludge Bomb|p2b: Wolfe bane\n|-damage|p2b: Wolfe bane|70/100\n|move|p2b: Wolfe bane|Darkest Lariat|p1a: Chesnaught\n|-supereffective|p1a: Chesnaught|1\n|-damage|p1a: Chesnaught|0 fnt\n|replace|p1a: Zoroark|Zoroark-Hisui, L50, F\n|-end|p1a: Zoroark|Illusion\n|faint|p1a: Zoroark\n|\n|upkeep\n|\n|t:|1776471468\n|switch|p1a: Chesnaught|Chesnaught, L50, M|100/100\n|turn|4\n|\n|t:|1776471479\n|detailschange|p1a: Chesnaught|Chesnaught-Mega, L50, M\n|-mega|p1a: Chesnaught|Chesnaught|Chesnaughtite\n|move|p2a: Sac the Rookidee|Sucker Punch||[still]\n|-fail|p2a: Sac the Rookidee\n|move|p1b: Raichu|Encore|p2b: Wolfe bane\n|-start|p2b: Wolfe bane|Encore\n|move|p2b: Wolfe bane|Darkest Lariat|p1a: Chesnaught\n|-resisted|p1a: Chesnaught|1\n|-damage|p1a: Chesnaught|90/100\n|move|p1a: Chesnaught|Swords Dance|p1a: Chesnaught\n|-boost|p1a: Chesnaught|atk|2\n|\n|upkeep\n|turn|5\n|\n|t:|1776471497\n|move|p1b: Raichu|Protect|p1b: Raichu\n|-singleturn|p1b: Raichu|Protect\n|move|p2b: Wolfe bane|Darkest Lariat|p1b: Raichu\n|-activate|p1b: Raichu|move: Protect\n|move|p2a: Sac the Rookidee|Kowtow Cleave|p1b: Raichu\n|-activate|p1b: Raichu|move: Protect\n|move|p1a: Chesnaught|Drain Punch|p2a: Sac the Rookidee\n|-supereffective|p2a: Sac the Rookidee|2\n|-damage|p2a: Sac the Rookidee|0 fnt\n|-heal|p1a: Chesnaught|100/100|[from] drain|[of] p2a: Sac the Rookidee\n|faint|p2a: Sac the Rookidee\n|\n|upkeep\n|\n|t:|1776471499\n|switch|p2a: Blast chance|Blastoise-Mega, L50, F|93/100\n|turn|6\n|\n|t:|1776471509\n|move|p1b: Raichu|Thunderbolt|p2a: Blast chance\n|-supereffective|p2a: Blast chance|1\n|-damage|p2a: Blast chance|31/100\n|move|p2a: Blast chance|Ice Beam|p1a: Chesnaught\n|-supereffective|p1a: Chesnaught|1\n|-damage|p1a: Chesnaught|57/100\n|move|p2b: Wolfe bane|Darkest Lariat|p1b: Raichu\n|-damage|p1b: Raichu|8/100\n|move|p1a: Chesnaught|Drain Punch|p2b: Wolfe bane\n|-supereffective|p2b: Wolfe bane|1\n|-damage|p2b: Wolfe bane|0 fnt\n|-heal|p1a: Chesnaught|93/100|[from] drain|[of] p2b: Wolfe bane\n|faint|p2b: Wolfe bane\n|\n|upkeep\n|turn|7\n|\n|t:|1776471519\n|move|p1b: Raichu|Thunderbolt|p2a: Blast chance\n|-supereffective|p2a: Blast chance|1\n|-damage|p2a: Blast chance|0 fnt\n|faint|p2a: Blast chance\n|\n|win|RuiRivers\n|raw|RuiRivers's rating: 1273 &rarr; <strong>1306</strong><br />(+33 for winning)\n|raw|Arib1906's rating: 1384 &rarr; <strong>1358</strong><br />(-26 for losing)\n|l|\u2606Arib1906\n|player|p2|\n",
  "uploadtime": 1776471527,
  "views": 30,
  "formatid": "gen9championsvgc2026regma",
  "rating": 1306,
  "private": 0,
  "password": null
}