{
  "id": "gen9championsvgc2026regma-2584087475",
  "format": "[Gen 9 Champions] VGC 2026 Reg M-A",
  "players": [
    "joshferd",
    "DiddyingDan"
  ],
  "log": "|j|\u2606joshferd\n|j|\u2606DiddyingDan\n|t:|1776223806\n|gametype|doubles\n|player|p1|joshferd|1|1119\n|player|p2|DiddyingDan|266|1027\n|gen|9\n|tier|[Gen 9 Champions] VGC 2026 Reg M-A\n|rated|\n|rule|Species Clause: Limit one of each Pok\u00e9mon\n|rule|Item Clause: Limit 1 of each item\n|clearpoke\n|poke|p1|Ditto, L50|\n|poke|p1|Aegislash, L50, M|\n|poke|p1|Manectric, L50, M|\n|poke|p1|Pelipper, L50, F|\n|poke|p1|Farigiraf, L50, F|\n|poke|p1|Maushold-Four, L50|\n|poke|p2|Garganacl, L50, M|\n|poke|p2|Gengar, L50, M|\n|poke|p2|Incineroar, L50, M|\n|poke|p2|Sinistcha, L50|\n|poke|p2|Drampa, L50, M|\n|poke|p2|Umbreon, L50, F|\n|teampreview|4\n|\n|t:|1776223843\n|teamsize|p1|4\n|teamsize|p2|4\n|start\n|switch|p1a: Maushold|Maushold-Four, L50|100/100\n|switch|p1b: Aegislash|Aegislash, L50, M|100/100\n|switch|p2a: Gengar|Gengar, L50, M|100/100\n|switch|p2b: Incineroar|Incineroar, L50, M|100/100\n|turn|1\n|\n|t:|1776223866\n|detailschange|p2a: Gengar|Gengar-Mega, L50, M\n|-mega|p2a: Gengar|Gengar|Gengarite\n|move|p1a: Maushold|Protect|p1a: Maushold\n|-singleturn|p1a: Maushold|Protect\n|move|p1b: Aegislash|King's Shield|p1b: Aegislash\n|-singleturn|p1b: Aegislash|Protect\n|move|p2b: Incineroar|Fake Out|p1a: Maushold\n|-activate|p1a: Maushold|move: Protect\n|move|p2a: Gengar|Perish Song|p2a: Gengar\n|-start|p1a: Maushold|perish3|[silent]\n|-start|p1b: Aegislash|perish3|[silent]\n|-start|p2a: Gengar|perish3|[silent]\n|-start|p2b: Incineroar|perish3|[silent]\n|-fieldactivate|move: Perish Song\n|\n|-start|p1a: Maushold|perish3\n|-start|p2a: Gengar|perish3\n|-start|p2b: Incineroar|perish3\n|-start|p1b: Aegislash|perish3\n|upkeep\n|turn|2\n|\n|t:|1776223904\n|move|p1a: Maushold|Super Fang|p2b: Incineroar|[miss]\n|-miss|p1a: Maushold|p2b: Incineroar\n|move|p2a: Gengar|Sludge Bomb|p1b: Aegislash\n|-immune|p1b: Aegislash\n|move|p2b: Incineroar|Darkest Lariat|p1b: Aegislash\n|-supereffective|p1b: Aegislash|1\n|-damage|p1b: Aegislash|48/100\n|-formechange|p1b: Aegislash|Aegislash-Blade|\n|move|p1b: Aegislash|Flash Cannon|p2b: Incineroar\n|-resisted|p2b: Incineroar|1\n|-damage|p2b: Incineroar|73/100\n|\n|-heal|p2b: Incineroar|79/100|[from] item: Leftovers\n|-start|p1a: Maushold|perish2\n|-start|p2a: Gengar|perish2\n|-start|p2b: Incineroar|perish2\n|-start|p1b: Aegislash|perish2\n|upkeep\n|turn|3\n|\n|t:|1776223930\n|switch|p1b: Ditto|Ditto, L50|100/100\n|-transform|p1b: Ditto|p2a: Gengar|[from] ability: Imposter\n|move|p1a: Maushold|Super Fang|p2b: Incineroar\n|-damage|p2b: Incineroar|40/100\n|move|p2a: Gengar|Sludge Bomb|p1b: Ditto\n|-resisted|p1b: Ditto|2\n|-damage|p1b: Ditto|90/100\n|move|p2b: Incineroar|Parting Shot|p1b: Ditto\n|-unboost|p1b: Ditto|atk|1\n|-unboost|p1b: Ditto|spa|1\n|\n|t:|1776223943\n|switch|p2b: Garganacl|Garganacl, L50, M|100/100|[from] Parting Shot\n|\n|-start|p1a: Maushold|perish1\n|-start|p2a: Gengar|perish1\n|upkeep\n|turn|4\n|\n|t:|1776223963\n|switch|p2a: Sinistcha|Sinistcha, L50|100/100\n|move|p1b: Ditto|Giga Drain|p2b: Garganacl\n|-supereffective|p2b: Garganacl|1\n|-damage|p2b: Garganacl|65/100\n|-heal|p1b: Ditto|100/100|[from] drain|[of] p2b: Garganacl\n|move|p1a: Maushold|Super Fang|p2a: Sinistcha\n|-immune|p2a: Sinistcha\n|move|p2b: Garganacl|Earthquake|p1a: Maushold|[spread] p2a,p1a,p1b\n|-resisted|p2a: Sinistcha|1\n|-supereffective|p1b: Ditto|1\n|-crit|p1b: Ditto\n|-damage|p2a: Sinistcha|90/100\n|-damage|p1a: Maushold|70/100\n|-damage|p1b: Ditto|40/100\n|\n|-start|p1a: Maushold|perish0\n|upkeep\n|faint|p1a: Maushold\n|\n|t:|1776223970\n|switch|p1a: Pelipper|Pelipper, L50, F|100/100\n|-weather|RainDance|[from] ability: Drizzle|[of] p1a: Pelipper\n|turn|5\n|\n|t:|1776224003\n|move|p2b: Garganacl|Protect|p2b: Garganacl\n|-singleturn|p2b: Garganacl|Protect\n|move|p1b: Ditto|Giga Drain|p2b: Garganacl\n|-activate|p2b: Garganacl|move: Protect\n|move|p1a: Pelipper|Hurricane|p2a: Sinistcha\n|-supereffective|p2a: Sinistcha|1\n|-damage|p2a: Sinistcha|3/100\n|-enditem|p2a: Sinistcha|Sitrus Berry|[eat]\n|-heal|p2a: Sinistcha|27/100|[from] item: Sitrus Berry\n|move|p2a: Sinistcha|Giga Drain|p1a: Pelipper\n|-damage|p1a: Pelipper|44/100\n|-heal|p2a: Sinistcha|49/100|[from] drain|[of] p1a: Pelipper\n|\n|-weather|RainDance|[upkeep]\n|upkeep\n|turn|6\n|\n|t:|1776224038\n|switch|p2a: Gengar|Gengar-Mega, L50, M|100/100\n|move|p1b: Ditto|Giga Drain|p2b: Garganacl\n|-supereffective|p2b: Garganacl|1\n|-damage|p2b: Garganacl|31/100\n|-heal|p1b: Ditto|62/100|[from] drain|[of] p2b: Garganacl\n|move|p1a: Pelipper|Hurricane|p2a: Gengar\n|-damage|p2a: Gengar|48/100\n|move|p2b: Garganacl|Earthquake|p1b: Ditto|[spread] p2a,p1b\n|-immune|p1a: Pelipper\n|-supereffective|p2a: Gengar|1\n|-supereffective|p1b: Ditto|1\n|-damage|p2a: Gengar|5/100\n|-damage|p1b: Ditto|12/100\n|\n|-weather|RainDance|[upkeep]\n|upkeep\n|turn|7\n|\n|t:|1776224068\n|move|p2a: Gengar|Protect|p2a: Gengar\n|-singleturn|p2a: Gengar|Protect\n|move|p1b: Ditto|Giga Drain|p2a: Gengar\n|-activate|p2a: Gengar|move: Protect\n|move|p1a: Pelipper|Weather Ball|p2b: Garganacl\n|-supereffective|p2b: Garganacl|1\n|-damage|p2b: Garganacl|0 fnt\n|faint|p2b: Garganacl\n|\n|-weather|RainDance|[upkeep]\n|upkeep\n|\n|t:|1776224078\n|switch|p2b: Sinistcha|Sinistcha, L50|49/100\n|-heal|p2a: Gengar|29/100|[from] ability: Hospitality|[of] p2b: Sinistcha\n|turn|8\n|\n|t:|1776224114\n|switch|p1b: Aegislash|Aegislash, L50, M|48/100\n|move|p2a: Gengar|Giga Drain|p1b: Aegislash\n|-resisted|p1b: Aegislash|1\n|-damage|p1b: Aegislash|37/100\n|-heal|p2a: Gengar|35/100|[from] drain|[of] p1b: Aegislash\n|move|p1a: Pelipper|Hurricane|p2b: Sinistcha\n|-supereffective|p2b: Sinistcha|1\n|-damage|p2b: Sinistcha|0 fnt\n|faint|p2b: Sinistcha\n|\n|-weather|RainDance|[upkeep]\n|upkeep\n|\n|t:|1776224124\n|switch|p2b: Incineroar|Incineroar, L50, M|40/100\n|turn|9\n|\n|t:|1776224145\n|move|p2b: Incineroar|Fake Out|p1a: Pelipper\n|-damage|p1a: Pelipper|25/100\n|move|p2a: Gengar|Sludge Bomb|p1a: Pelipper\n|-damage|p1a: Pelipper|0 fnt\n|faint|p1a: Pelipper\n|-formechange|p1b: Aegislash|Aegislash-Blade|\n|move|p1b: Aegislash|Shadow Ball|p2a: Gengar\n|-supereffective|p2a: Gengar|1\n|-damage|p2a: Gengar|0 fnt\n|faint|p2a: Gengar\n|\n|-weather|none\n|-heal|p2b: Incineroar|46/100|[from] item: Leftovers\n|upkeep\n|\n|t:|1776224155\n|switch|p1a: Ditto|Ditto, L50|12/100\n|-transform|p1a: Ditto|p2b: Incineroar|[from] ability: Imposter\n|turn|10\n|\n|t:|1776224182\n|move|p1a: Ditto|Fake Out|p2b: Incineroar\n|-damage|p2b: Incineroar|31/100\n|cant|p2b: Incineroar|flinch\n|move|p1b: Aegislash|Flash Cannon|p2b: Incineroar\n|-resisted|p2b: Incineroar|1\n|-damage|p2b: Incineroar|1/100\n|\n|-heal|p2b: Incineroar|7/100|[from] item: Leftovers\n|upkeep\n|turn|11\n|\n|t:|1776224194\n|-formechange|p1b: Aegislash|Aegislash|\n|move|p1b: Aegislash|King's Shield|p1b: Aegislash\n|-singleturn|p1b: Aegislash|Protect\n|move|p1a: Ditto|Fake Out||[still]\n|-hint|Fake Out only works on your first turn out.\n|-fail|p1a: Ditto\n|move|p2b: Incineroar|Darkest Lariat|p1b: Aegislash\n|-activate|p1b: Aegislash|move: Protect\n|-unboost|p2b: Incineroar|atk|1\n|\n|-heal|p2b: Incineroar|13/100|[from] item: Leftovers\n|upkeep\n|turn|12\n|\n|t:|1776224215\n|-activate|p1a: Ditto|move: Struggle\n|move|p1a: Ditto|Struggle|p2b: Incineroar\n|-damage|p2b: Incineroar|0 fnt\n|faint|p2b: Incineroar\n|-damage|p1a: Ditto|0 fnt|[from] recoil\n|faint|p1a: Ditto\n|\n|win|joshferd\n|raw|joshferd's rating: 1119 &rarr; <strong>1138</strong><br />(+19 for winning)\n|raw|DiddyingDan's rating: 1027 &rarr; <strong>1017</strong><br />(-10 for losing)\n|l|\u2606DiddyingDan\n|player|p2|\n",
  "uploadtime": 1776224224,
  "views": 27,
  "formatid": "gen9championsvgc2026regma",
  "rating": 1017,
  "private": 0,
  "password": null
}