{
  "id": "gen9championsvgc2026regma-2583881869",
  "format": "[Gen 9 Champions] VGC 2026 Reg M-A",
  "players": [
    "zbsch",
    "JustJakeyVGC"
  ],
  "log": "|j|\u2606zbsch\n|j|\u2606JustJakeyVGC\n|t:|1776205124\n|gametype|doubles\n|player|p1|zbsch|harlequin|1357\n|player|p2|JustJakeyVGC|266|1477\n|gen|9\n|tier|[Gen 9 Champions] VGC 2026 Reg M-A\n|rated|\n|rule|Species Clause: Limit one of each Pok\u00e9mon\n|rule|Item Clause: Limit 1 of each item\n|clearpoke\n|poke|p1|Floette-Eternal, L50, F|\n|poke|p1|Sneasler, L50, M|\n|poke|p1|Sinistcha-Masterpiece, L50|\n|poke|p1|Basculegion, L50, M|\n|poke|p1|Garchomp, L50, M|\n|poke|p1|Ninetales-Alola, L50, F|\n|poke|p2|Charizard, L50, F|\n|poke|p2|Venusaur, L50, F|\n|poke|p2|Garchomp, L50, F|\n|poke|p2|Sneasler, L50, M|\n|poke|p2|Incineroar, L50, M|\n|poke|p2|Basculegion, L50, M|\n|teampreview|4\n|inactive|Battle timer is ON: inactive players will automatically lose when time's up. (requested by zbsch)\n|inactive|JustJakeyVGC has 60 seconds left.\n|\n|t:|1776205164\n|teamsize|p1|4\n|teamsize|p2|4\n|start\n|switch|p1a: Basculegion|Basculegion, L50, M, shiny|100/100\n|switch|p1b: Sinistcha|Sinistcha-Masterpiece, L50, shiny|100/100\n|switch|p2a: Charizard|Charizard, L50, F|100/100\n|switch|p2b: Venusaur|Venusaur, L50, F|100/100\n|turn|1\n|\n|t:|1776205180\n|detailschange|p2a: Charizard|Charizard-Mega-Y, L50, F\n|-mega|p2a: Charizard|Charizard|Charizardite Y\n|-weather|SunnyDay|[from] ability: Drought|[of] p2a: Charizard\n|move|p2b: Venusaur|Energy Ball|p1a: Basculegion\n|-supereffective|p1a: Basculegion|1\n|-damage|p1a: Basculegion|9/100\n|move|p1a: Basculegion|Flip Turn|p2a: Charizard\n|-supereffective|p2a: Charizard|1\n|-damage|p2a: Charizard|55/100\n|\n|t:|1776205190\n|switch|p1a: Floette|Floette-Eternal, L50, F|100/100|[from] Flip Turn\n|move|p2a: Charizard|Heat Wave|p1a: Floette|[spread] p1a,p1b\n|-crit|p1a: Floette\n|-supereffective|p1b: Sinistcha|1\n|-enditem|p1b: Sinistcha|Occa Berry|[eat]\n|-enditem|p1b: Sinistcha|Occa Berry|[weaken]\n|-damage|p1a: Floette|24/100\n|-damage|p1b: Sinistcha|31/100\n|move|p1b: Sinistcha|Trick Room|p1b: Sinistcha\n|-fieldstart|move: Trick Room|[of] p1b: Sinistcha\n|\n|-weather|SunnyDay|[upkeep]\n|upkeep\n|turn|2\n|\n|t:|1776205208\n|move|p1a: Floette|Protect|p1a: Floette\n|-singleturn|p1a: Floette|Protect\n|move|p1b: Sinistcha|Life Dew|p1b: Sinistcha|[spread] p1a,p1b\n|-heal|p1a: Floette|49/100\n|-heal|p1b: Sinistcha|57/100\n|move|p2a: Charizard|Heat Wave|p1b: Sinistcha|[spread] p1b\n|-activate|p1a: Floette|move: Protect\n|-supereffective|p1b: Sinistcha|1\n|-damage|p1b: Sinistcha|0 fnt\n|faint|p1b: Sinistcha\n|move|p2b: Venusaur|Energy Ball|p1a: Floette\n|-activate|p1a: Floette|move: Protect\n|\n|-weather|SunnyDay|[upkeep]\n|upkeep\n|\n|t:|1776205217\n|switch|p1b: Garchomp|Garchomp, L50, M|100/100\n|turn|3\n|\n|t:|1776205236\n|detailschange|p1a: Floette|Floette-Mega, L50, F\n|-mega|p1a: Floette|Floette|Floettite\n|-ability|p1a: Floette|Fairy Aura\n|move|p1a: Floette|Dazzling Gleam|p2a: Charizard|[spread] p2a,p2b\n|-resisted|p2a: Charizard|1\n|-resisted|p2b: Venusaur|1\n|-damage|p2a: Charizard|29/100\n|-damage|p2b: Venusaur|72/100\n|move|p2a: Charizard|Weather Ball|p1a: Floette\n|-damage|p1a: Floette|0 fnt\n|faint|p1a: Floette\n|move|p1b: Garchomp|Rock Slide|p2b: Venusaur|[spread] p2a,p2b\n|-supereffective|p2a: Charizard|2\n|-damage|p2a: Charizard|0 fnt\n|-damage|p2b: Venusaur|42/100\n|faint|p2a: Charizard\n|move|p2b: Venusaur|Energy Ball|p1b: Garchomp\n|-damage|p1b: Garchomp|55/100\n|\n|-weather|SunnyDay|[upkeep]\n|upkeep\n|\n|t:|1776205258\n|switch|p1a: Basculegion|Basculegion, L50, M, shiny|9/100\n|switch|p2a: Sneasler|Sneasler, L50, M|100/100\n|turn|4\n|\n|t:|1776205282\n|move|p1b: Garchomp|Protect|p1b: Garchomp\n|-singleturn|p1b: Garchomp|Protect\n|move|p2a: Sneasler|Fake Out|p1b: Garchomp\n|-activate|p1b: Garchomp|move: Protect\n|move|p1a: Basculegion|Last Respects|p2a: Sneasler\n|-damage|p2a: Sneasler|0 fnt\n|faint|p2a: Sneasler\n|move|p2b: Venusaur|Energy Ball|p1a: Basculegion\n|-supereffective|p1a: Basculegion|1\n|-damage|p1a: Basculegion|0 fnt\n|faint|p1a: Basculegion\n|\n|-weather|SunnyDay|[upkeep]\n|upkeep\n|\n|t:|1776205291\n|switch|p2a: Basculegion|Basculegion, L50, M|100/100\n|turn|5\n|\n|t:|1776205301\n|move|p2b: Venusaur|Protect|p2b: Venusaur\n|-singleturn|p2b: Venusaur|Protect\n|move|p1b: Garchomp|Earthquake|p2a: Basculegion|[spread] p2a\n|-activate|p2b: Venusaur|move: Protect\n|-damage|p2a: Basculegion|54/100\n|move|p2a: Basculegion|Last Respects|p1b: Garchomp\n|-damage|p1b: Garchomp|0 fnt\n|faint|p1b: Garchomp\n|\n|win|JustJakeyVGC\n|raw|zbsch's rating: 1357 &rarr; <strong>1344</strong><br />(-13 for losing)\n|raw|JustJakeyVGC's rating: 1477 &rarr; <strong>1490</strong><br />(+13 for winning)\n|l|\u2606zbsch\n|player|p1|\n",
  "uploadtime": 1776205312,
  "views": 39,
  "formatid": "gen9championsvgc2026regma",
  "rating": 1344,
  "private": 0,
  "password": null
}