{
  "id": "gen9championsvgc2026regma-2584977800",
  "format": "[Gen 9 Champions] VGC 2026 Reg M-A",
  "players": [
    "Umbris Spectralis",
    "wurtta"
  ],
  "log": "|j|\u2606Umbris Spectralis\n|j|\u2606wurtta\n|t:|1776299998\n|gametype|doubles\n|player|p1|Umbris Spectralis|170|1116\n|player|p2|wurtta|grimsley|1121\n|gen|9\n|tier|[Gen 9 Champions] VGC 2026 Reg M-A\n|rated|\n|rule|Species Clause: Limit one of each Pok\u00e9mon\n|rule|Item Clause: Limit 1 of each item\n|clearpoke\n|poke|p1|Sableye, L50, M|\n|poke|p1|Glimmora, L50, F|\n|poke|p1|Basculegion, L50, M|\n|poke|p1|Aegislash, L50, F|\n|poke|p1|Charizard, L50, M|\n|poke|p1|Archaludon, L50, M|\n|poke|p2|Aggron, L50, F|\n|poke|p2|Tyranitar, L50, F|\n|poke|p2|Sinistcha-Masterpiece, L50|\n|poke|p2|Aerodactyl, L50, F|\n|poke|p2|Sneasler, L50, F|\n|poke|p2|Milotic, L50, M|\n|teampreview|4\n|\n|t:|1776300048\n|teamsize|p1|4\n|teamsize|p2|4\n|start\n|switch|p1a: Sableye|Sableye, L50, M|100/100\n|switch|p1b: Aegislash|Aegislash, L50, F|100/100\n|switch|p2a: Milotic|Milotic, L50, M|100/100\n|switch|p2b: Sneasler|Sneasler, L50, F|100/100\n|turn|1\n|\n|t:|1776300064\n|move|p1b: Aegislash|King's Shield|p1b: Aegislash\n|-singleturn|p1b: Aegislash|Protect\n|move|p1a: Sableye|Thunder Wave|p2b: Sneasler\n|-status|p2b: Sneasler|par\n|move|p2a: Milotic|Alluring Voice|p1a: Sableye\n|-supereffective|p1a: Sableye|1\n|-damage|p1a: Sableye|30/100\n|move|p2b: Sneasler|Dire Claw|p1a: Sableye\n|-resisted|p1a: Sableye|1\n|-crit|p1a: Sableye\n|-damage|p1a: Sableye|0 fnt\n|faint|p1a: Sableye\n|\n|upkeep\n|\n|t:|1776300080\n|switch|p1a: Basculegion|Basculegion, L50, M|100/100\n|turn|2\n|\n|t:|1776300097\n|switch|p2b: Sinistcha|Sinistcha-Masterpiece, L50|100/100\n|move|p1a: Basculegion|Psychic Fangs|p2b: Sinistcha\n|-damage|p2b: Sinistcha|77/100\n|move|p2a: Milotic|Alluring Voice|p1b: Aegislash\n|-resisted|p1b: Aegislash|1\n|-damage|p1b: Aegislash|95/100\n|-formechange|p1b: Aegislash|Aegislash-Blade|\n|move|p1b: Aegislash|Rock Slide|p2b: Sinistcha|[spread] p2a\n|-miss|p1b: Aegislash|p2b: Sinistcha\n|-damage|p2a: Milotic|86/100\n|\n|-heal|p2a: Milotic|92/100|[from] item: Leftovers\n|-heal|p1b: Aegislash|100/100|[from] item: Leftovers\n|upkeep\n|turn|3\n|\n|t:|1776300117\n|switch|p1a: Archaludon|Archaludon, L50, M|100/100\n|move|p1b: Aegislash|Shadow Sneak|p2b: Sinistcha\n|-supereffective|p2b: Sinistcha|1\n|-damage|p2b: Sinistcha|45/100\n|move|p2a: Milotic|Alluring Voice|p1b: Aegislash\n|-resisted|p1b: Aegislash|1\n|-damage|p1b: Aegislash|88/100\n|move|p2b: Sinistcha|Trick Room|p2b: Sinistcha\n|-fieldstart|move: Trick Room|[of] p2b: Sinistcha\n|\n|-heal|p1b: Aegislash|94/100|[from] item: Leftovers\n|-heal|p2a: Milotic|98/100|[from] item: Leftovers\n|upkeep\n|turn|4\n|\n|t:|1776300137\n|move|p2b: Sinistcha|Protect|p2b: Sinistcha\n|-singleturn|p2b: Sinistcha|Protect\n|move|p1b: Aegislash|Shadow Sneak|p2b: Sinistcha\n|-activate|p2b: Sinistcha|move: Protect\n|move|p2a: Milotic|Scald|p1a: Archaludon\n|-resisted|p1a: Archaludon|1\n|-damage|p1a: Archaludon|77/100\n|move|p1a: Archaludon|Electro Shot||[still]\n|-prepare|p1a: Archaludon|Electro Shot\n|-boost|p1a: Archaludon|spa|1\n|\n|-heal|p1b: Aegislash|99/100|[from] item: Leftovers\n|-heal|p2a: Milotic|100/100|[from] item: Leftovers\n|upkeep\n|turn|5\n|\n|t:|1776300156\n|switch|p2b: Sneasler|Sneasler, L50, F|100/100 par\n|move|p2a: Milotic|Protect|p2a: Milotic\n|-singleturn|p2a: Milotic|Protect\n|move|p1b: Aegislash|Shadow Sneak|p2b: Sneasler\n|-damage|p2b: Sneasler|67/100 par\n|move|p1a: Archaludon|Electro Shot|p2a: Milotic|[from] lockedmove\n|-activate|p2a: Milotic|move: Protect\n|\n|-heal|p1b: Aegislash|100/100|[from] item: Leftovers\n|upkeep\n|turn|6\n|\n|t:|1776300180\n|switch|p1a: Basculegion|Basculegion, L50, M|100/100\n|move|p1b: Aegislash|Rock Slide|p2a: Milotic|[spread] p2a,p2b\n|-resisted|p2b: Sneasler|1\n|-damage|p2a: Milotic|86/100\n|-damage|p2b: Sneasler|52/100 par\n|cant|p2b: Sneasler|par\n|cant|p2a: Milotic|flinch\n|\n|-heal|p2a: Milotic|92/100|[from] item: Leftovers\n|upkeep\n|turn|7\n|\n|t:|1776300195\n|switch|p2b: Sinistcha|Sinistcha-Masterpiece, L50|45/100\n|-heal|p2a: Milotic|100/100|[from] ability: Hospitality|[of] p2b: Sinistcha\n|move|p1b: Aegislash|Rock Slide|p2a: Milotic|[spread] p2a,p2b\n|-damage|p2a: Milotic|86/100\n|-damage|p2b: Sinistcha|33/100\n|move|p2a: Milotic|Scald|p1b: Aegislash\n|-damage|p1b: Aegislash|62/100\n|move|p1a: Basculegion|Psychic Fangs|p2b: Sinistcha\n|-damage|p2b: Sinistcha|11/100\n|\n|-heal|p1b: Aegislash|68/100|[from] item: Leftovers\n|-heal|p2a: Milotic|92/100|[from] item: Leftovers\n|-fieldend|move: Trick Room\n|upkeep\n|turn|8\n|\n|t:|1776300220\n|move|p2b: Sinistcha|Protect|p2b: Sinistcha\n|-singleturn|p2b: Sinistcha|Protect\n|move|p1b: Aegislash|Shadow Sneak|p2b: Sinistcha\n|-activate|p2b: Sinistcha|move: Protect\n|move|p1a: Basculegion|Last Respects|p2a: Milotic\n|-damage|p2a: Milotic|51/100\n|move|p2a: Milotic|Scald|p1b: Aegislash\n|-damage|p1b: Aegislash|35/100\n|-status|p1b: Aegislash|brn\n|\n|-heal|p2a: Milotic|57/100|[from] item: Leftovers\n|-heal|p1b: Aegislash|41/100 brn|[from] item: Leftovers\n|-damage|p1b: Aegislash|35/100 brn|[from] brn\n|upkeep\n|turn|9\n|\n|t:|1776300239\n|switch|p2b: Aerodactyl|Aerodactyl, L50, F|100/100\n|-ability|p2b: Aerodactyl|Unnerve\n|move|p1b: Aegislash|Shadow Sneak|p2b: Aerodactyl\n|-damage|p2b: Aerodactyl|85/100\n|move|p1a: Basculegion|Last Respects|p2a: Milotic\n|-damage|p2a: Milotic|15/100\n|move|p2a: Milotic|Recover|p2a: Milotic\n|-heal|p2a: Milotic|65/100\n|\n|-heal|p2a: Milotic|71/100|[from] item: Leftovers\n|-heal|p1b: Aegislash|41/100 brn|[from] item: Leftovers\n|-damage|p1b: Aegislash|35/100 brn|[from] brn\n|upkeep\n|turn|10\n|\n|t:|1776300257\n|-formechange|p1b: Aegislash|Aegislash|\n|move|p1b: Aegislash|King's Shield|p1b: Aegislash\n|-singleturn|p1b: Aegislash|Protect\n|move|p2b: Aerodactyl|Tailwind|p2b: Aerodactyl\n|-sidestart|p2: wurtta|move: Tailwind\n|move|p2a: Milotic|Scald|p1b: Aegislash\n|-activate|p1b: Aegislash|move: Protect\n|move|p1a: Basculegion|Wave Crash|p2b: Aerodactyl\n|-supereffective|p2b: Aerodactyl|1\n|-damage|p2b: Aerodactyl|0 fnt\n|faint|p2b: Aerodactyl\n|-damage|p1a: Basculegion|78/100|[from] Recoil\n|\n|-heal|p2a: Milotic|77/100|[from] item: Leftovers\n|-heal|p1b: Aegislash|41/100 brn|[from] item: Leftovers\n|-damage|p1b: Aegislash|35/100 brn|[from] brn\n|upkeep\n|\n|t:|1776300265\n|switch|p2b: Sinistcha|Sinistcha-Masterpiece, L50|11/100\n|-heal|p2a: Milotic|100/100|[from] ability: Hospitality|[of] p2b: Sinistcha\n|turn|11\n|\n|t:|1776300279\n|switch|p1a: Archaludon|Archaludon, L50, M|77/100\n|move|p2b: Sinistcha|Protect|p2b: Sinistcha\n|-singleturn|p2b: Sinistcha|Protect\n|-formechange|p1b: Aegislash|Aegislash-Blade|\n|move|p1b: Aegislash|Shadow Sneak|p2b: Sinistcha\n|-activate|p2b: Sinistcha|move: Protect\n|move|p2a: Milotic|Alluring Voice|p1a: Archaludon\n|-damage|p1a: Archaludon|45/100\n|-enditem|p1a: Archaludon|Sitrus Berry|[eat]\n|-heal|p1a: Archaludon|70/100|[from] item: Sitrus Berry\n|\n|-heal|p1b: Aegislash|41/100 brn|[from] item: Leftovers\n|-damage|p1b: Aegislash|35/100 brn|[from] brn\n|upkeep\n|turn|12\n|\n|t:|1776300306\n|move|p2b: Sinistcha|Protect||[still]\n|-fail|p2b: Sinistcha\n|move|p1b: Aegislash|Shadow Sneak|p2b: Sinistcha\n|-supereffective|p2b: Sinistcha|1\n|-damage|p2b: Sinistcha|0 fnt\n|faint|p2b: Sinistcha\n|move|p2a: Milotic|Scald|p1b: Aegislash\n|-damage|p1b: Aegislash|0 fnt\n|faint|p1b: Aegislash\n|move|p1a: Archaludon|Electro Shot||[still]\n|-prepare|p1a: Archaludon|Electro Shot\n|-boost|p1a: Archaludon|spa|1\n|\n|upkeep\n|\n|t:|1776300318\n|switch|p2b: Sneasler|Sneasler, L50, F|52/100 par\n|switch|p1b: Basculegion|Basculegion, L50, M|78/100\n|turn|13\n|\n|t:|1776300334\n|move|p2a: Milotic|Protect|p2a: Milotic\n|-singleturn|p2a: Milotic|Protect\n|move|p2b: Sneasler|Close Combat|p1a: Archaludon\n|-supereffective|p1a: Archaludon|1\n|-damage|p1a: Archaludon|0 fnt\n|-unboost|p2b: Sneasler|def|1\n|-unboost|p2b: Sneasler|spd|1\n|faint|p1a: Archaludon\n|move|p1b: Basculegion|Psychic Fangs|p2b: Sneasler\n|-supereffective|p2b: Sneasler|2\n|-damage|p2b: Sneasler|0 fnt\n|faint|p2b: Sneasler\n|\n|-sideend|p2: wurtta|move: Tailwind\n|upkeep\n|turn|14\n|\n|t:|1776300351\n|move|p1b: Basculegion|Last Respects|p2a: Milotic\n|-damage|p2a: Milotic|24/100\n|move|p2a: Milotic|Alluring Voice|p1b: Basculegion\n|-damage|p1b: Basculegion|55/100\n|\n|-heal|p2a: Milotic|30/100|[from] item: Leftovers\n|upkeep\n|turn|15\n|\n|t:|1776300361\n|move|p2a: Milotic|Protect|p2a: Milotic\n|-singleturn|p2a: Milotic|Protect\n|move|p1b: Basculegion|Last Respects|p2a: Milotic\n|-activate|p2a: Milotic|move: Protect\n|\n|-heal|p2a: Milotic|36/100|[from] item: Leftovers\n|upkeep\n|turn|16\n|\n|t:|1776300372\n|move|p1b: Basculegion|Last Respects|p2a: Milotic\n|-damage|p2a: Milotic|0 fnt\n|faint|p2a: Milotic\n|\n|win|Umbris Spectralis\n|raw|Umbris Spectralis's rating: 1116 &rarr; <strong>1141</strong><br />(+25 for winning)\n|raw|wurtta's rating: 1121 &rarr; <strong>1096</strong><br />(-25 for losing)\n",
  "uploadtime": 1776300375,
  "views": 26,
  "formatid": "gen9championsvgc2026regma",
  "rating": 1096,
  "private": 0,
  "password": null
}