{
  "id": "gen9championsvgc2026regma-2580609258",
  "format": "[Gen 9 Champions] VGC 2026 Reg M-A",
  "players": [
    "RitterRost544",
    "rbewho"
  ],
  "log": "|j|\u2606RitterRost544\n|j|\u2606rbewho\n|t:|1775917752\n|gametype|doubles\n|player|p1|RitterRost544|swimmer-gen4dp|1027\n|player|p2|rbewho|ghetsis|1040\n|gen|9\n|tier|[Gen 9 Champions] VGC 2026 Reg M-A\n|rated|\n|rule|Species Clause: Limit one of each Pok\u00e9mon\n|rule|Item Clause: Limit 1 of each item\n|clearpoke\n|poke|p1|Floette-Eternal, L50, F|\n|poke|p1|Volcarona, L50, M|\n|poke|p1|Dragapult, L50, M|\n|poke|p1|Aegislash, L50, M|\n|poke|p1|Kangaskhan, L50, F|\n|poke|p1|Greninja-*, L50, M|\n|poke|p2|Whimsicott, L50, M|\n|poke|p2|Zoroark-Hisui, L50, M|\n|poke|p2|Kingambit, L50, M|\n|poke|p2|Sinistcha-Masterpiece, L50|\n|poke|p2|Kangaskhan, L50, F|\n|poke|p2|Maushold-Four, L50|\n|teampreview|4\n|inactive|Battle timer is ON: inactive players will automatically lose when time's up. (requested by rbewho)\n|inactive|RitterRost544 has 60 seconds left.\n|inactive|rbewho has 60 seconds left.\n|\n|t:|1775917789\n|teamsize|p1|4\n|teamsize|p2|4\n|start\n|switch|p1a: Floette|Floette-Eternal, L50, F|100/100\n|switch|p1b: Volcarona|Volcarona, L50, M|100/100\n|switch|p2a: Sinistcha|Sinistcha-Masterpiece, L50, shiny|100/100\n|switch|p2b: Maushold|Maushold-Four, L50, shiny|100/100\n|turn|1\n|\n|t:|1775917805\n|move|p1b: Volcarona|Rage Powder|p1b: Volcarona\n|-singleturn|p1b: Volcarona|move: Rage Powder\n|move|p2b: Maushold|Follow Me|p2b: Maushold\n|-singleturn|p2b: Maushold|move: Follow Me\n|move|p1a: Floette|Dazzling Gleam|p2a: Sinistcha|[spread] p2a,p2b\n|-damage|p2a: Sinistcha|69/100\n|-damage|p2b: Maushold|67/100\n|move|p2a: Sinistcha|Trick Room|p2a: Sinistcha\n|-fieldstart|move: Trick Room|[of] p2a: Sinistcha\n|\n|-heal|p2a: Sinistcha|75/100|[from] item: Leftovers\n|upkeep\n|turn|2\n|\n|t:|1775917824\n|move|p1b: Volcarona|Rage Powder|p1b: Volcarona\n|-singleturn|p1b: Volcarona|move: Rage Powder\n|move|p2a: Sinistcha|Matcha Gotcha|p1a: Floette|[spread] p1a,p1b\n|-resisted|p1b: Volcarona|2\n|-damage|p1a: Floette|72/100\n|-heal|p2a: Sinistcha|90/100|[from] drain|[of] p1a: Floette\n|-damage|p1b: Volcarona|94/100\n|-heal|p2a: Sinistcha|94/100|[from] drain|[of] p1b: Volcarona\n|move|p2b: Maushold|Super Fang|p1b: Volcarona\n|-damage|p1b: Volcarona|47/100\n|-status|p2b: Maushold|brn|[from] ability: Flame Body|[of] p1b: Volcarona\n|move|p1a: Floette|Dazzling Gleam|p2a: Sinistcha|[spread] p2a,p2b\n|-damage|p2a: Sinistcha|59/100\n|-damage|p2b: Maushold|30/100 brn\n|\n|-heal|p2a: Sinistcha|65/100|[from] item: Leftovers\n|-heal|p1b: Volcarona|54/100|[from] item: Leftovers\n|-damage|p2b: Maushold|24/100 brn|[from] brn\n|upkeep\n|turn|3\n|inactive|rbewho has 30 seconds left.\n|inactive|rbewho has 20 seconds left.\n|inactive|rbewho has 15 seconds left.\n|\n|t:|1775917865\n|switch|p2b: Kangaskhan|Kangaskhan, L50, F, shiny|100/100\n|move|p1b: Volcarona|Rage Powder|p1b: Volcarona\n|-singleturn|p1b: Volcarona|move: Rage Powder\n|move|p2a: Sinistcha|Shadow Ball|p1b: Volcarona\n|-damage|p1b: Volcarona|21/100\n|move|p1a: Floette|Dazzling Gleam|p2a: Sinistcha|[spread] p2a,p2b\n|-damage|p2a: Sinistcha|20/100\n|-damage|p2b: Kangaskhan|68/100\n|\n|-heal|p2a: Sinistcha|26/100|[from] item: Leftovers\n|-heal|p1b: Volcarona|27/100|[from] item: Leftovers\n|upkeep\n|turn|4\n|inactive|rbewho has 30 seconds left.\n|\n|t:|1775917894\n|detailschange|p2b: Kangaskhan|Kangaskhan-Mega, L50, F, shiny\n|-mega|p2b: Kangaskhan|Kangaskhan|Kangaskhanite\n|move|p1a: Floette|Protect|p1a: Floette\n|-singleturn|p1a: Floette|Protect\n|move|p2b: Kangaskhan|Fake Out|p1a: Floette\n|-activate|p1a: Floette|move: Protect\n|move|p2a: Sinistcha|Shadow Ball|p1b: Volcarona\n|-damage|p1b: Volcarona|0 fnt\n|faint|p1b: Volcarona\n|\n|-heal|p2a: Sinistcha|32/100|[from] item: Leftovers\n|upkeep\n|\n|t:|1775917908\n|switch|p1b: Aegislash|Aegislash, L50, M|100/100\n|turn|5\n|\n|t:|1775917930\n|switch|p2a: Maushold|Maushold-Four, L50, shiny|24/100 brn\n|move|p1b: Aegislash|Substitute|p1b: Aegislash\n|-start|p1b: Aegislash|Substitute\n|-damage|p1b: Aegislash|76/100\n|move|p2b: Kangaskhan|Facade|p1a: Floette\n|-damage|p1a: Floette|6/100\n|-damage|p1a: Floette|0 fnt\n|faint|p1a: Floette\n|-hitcount|p1: Floette|2\n|\n|-damage|p2a: Maushold|18/100 brn|[from] brn\n|-fieldend|move: Trick Room\n|upkeep\n|\n|t:|1775917939\n|switch|p1a: Kangaskhan|Kangaskhan, L50, F|100/100\n|turn|6\n|inactive|RitterRost544 has 30 seconds left.\n|\n|t:|1775917967\n|switch|p2a: Sinistcha|Sinistcha-Masterpiece, L50, shiny|32/100\n|-heal|p2b: Kangaskhan|93/100|[from] ability: Hospitality|[of] p2a: Sinistcha\n|detailschange|p1a: Kangaskhan|Kangaskhan-Mega, L50, F\n|-mega|p1a: Kangaskhan|Kangaskhan|Kangaskhanite\n|move|p1a: Kangaskhan|Drain Punch|p2b: Kangaskhan\n|-supereffective|p2b: Kangaskhan|1\n|-damage|p2b: Kangaskhan|45/100\n|-supereffective|p2b: Kangaskhan|1\n|-damage|p2b: Kangaskhan|34/100\n|-hitcount|p2b: Kangaskhan|2\n|move|p2b: Kangaskhan|Drain Punch|p1a: Kangaskhan\n|-supereffective|p1a: Kangaskhan|1\n|-damage|p1a: Kangaskhan|44/100\n|-heal|p2b: Kangaskhan|63/100|[from] drain|[of] p1a: Kangaskhan\n|-supereffective|p1a: Kangaskhan|1\n|-damage|p1a: Kangaskhan|30/100\n|-heal|p2b: Kangaskhan|70/100|[from] drain|[of] p1a: Kangaskhan\n|-hitcount|p1a: Kangaskhan|2\n|-formechange|p1b: Aegislash|Aegislash-Blade|\n|move|p1b: Aegislash|Shadow Ball|p2a: Sinistcha\n|-supereffective|p2a: Sinistcha|1\n|-damage|p2a: Sinistcha|0 fnt\n|faint|p2a: Sinistcha\n|\n|upkeep\n|inactive|rbewho has 30 seconds left.\n|\n|t:|1775918000\n|switch|p2a: Maushold|Maushold-Four, L50, shiny|18/100 brn\n|turn|7\n|\n|t:|1775918004\n|move|p1a: Kangaskhan|Protect|p1a: Kangaskhan\n|-singleturn|p1a: Kangaskhan|Protect\n|move|p2a: Maushold|Follow Me|p2a: Maushold\n|-singleturn|p2a: Maushold|move: Follow Me\n|move|p1b: Aegislash|Shadow Sneak|p2a: Maushold\n|-immune|p2a: Maushold\n|move|p2b: Kangaskhan|Drain Punch|p1a: Kangaskhan\n|-activate|p1a: Kangaskhan|move: Protect\n|\n|-damage|p2a: Maushold|12/100 brn|[from] brn\n|upkeep\n|turn|8\n|inactive|RitterRost544 has 30 seconds left.\n|inactive|RitterRost544 has 20 seconds left.\n|inactive|RitterRost544 has 15 seconds left.\n|inactive|RitterRost544 has 10 seconds left.\n|inactive|RitterRost544 has 5 seconds left.\n|-message|RitterRost544 forfeited.\n|\n|win|rbewho\n|raw|RitterRost544's rating: 1027 &rarr; <strong>1013</strong><br />(-14 for losing)\n|raw|rbewho's rating: 1040 &rarr; <strong>1073</strong><br />(+33 for winning)\n|l|\u2606RitterRost544\n|player|p1|\n",
  "uploadtime": 1775918059,
  "views": 10,
  "formatid": "gen9championsvgc2026regma",
  "rating": 1013,
  "private": 0,
  "password": null
}