{
  "id": "gen9championsvgc2026regma-2584876734",
  "format": "[Gen 9 Champions] VGC 2026 Reg M-A",
  "players": [
    "Kinjuismymom",
    "RaiNBOWAFFaiR"
  ],
  "log": "|j|\u2606Kinjuismymom\n|j|\u2606RaiNBOWAFFaiR\n|t:|1776290754\n|gametype|doubles\n|player|p1|Kinjuismymom|2|1040\n|player|p2|RaiNBOWAFFaiR|101|1005\n|gen|9\n|tier|[Gen 9 Champions] VGC 2026 Reg M-A\n|rated|\n|rule|Species Clause: Limit one of each Pok\u00e9mon\n|rule|Item Clause: Limit 1 of each item\n|clearpoke\n|poke|p1|Emboar, L50, M|\n|poke|p1|Zoroark, L50, F|\n|poke|p1|Ninetales-Alola, L50, F|\n|poke|p1|Farigiraf, L50, F|\n|poke|p1|Araquanid, L50, F|\n|poke|p1|Garchomp, L50, F|\n|poke|p2|Gardevoir, L50, M|\n|poke|p2|Vivillon, L50, M|\n|poke|p2|Rotom-Wash, L50|\n|poke|p2|Typhlosion-Hisui, L50, M|\n|poke|p2|Garchomp, L50, F|\n|poke|p2|Mr. Rime, L50, M|\n|teampreview|4\n|\n|t:|1776290788\n|teamsize|p1|4\n|teamsize|p2|4\n|start\n|switch|p1a: Araquanid|Araquanid, L50, F|100/100\n|switch|p1b: Farigiraf|Farigiraf, L50, F|100/100\n|switch|p2a: Vivillon|Vivillon, L50, M|100/100\n|switch|p2b: Rotom|Rotom-Wash, L50|100/100\n|turn|1\n|\n|t:|1776290841\n|move|p1a: Araquanid|Night Daze|p2b: Rotom\n|-crit|p2b: Rotom\n|-damage|p2b: Rotom|49/100\n|move|p2a: Vivillon|Sleep Powder|p1b: Farigiraf\n|-status|p1b: Farigiraf|slp|[from] move: Sleep Powder\n|move|p2b: Rotom|Volt Switch|p1a: Araquanid\n|-crit|p1a: Araquanid\n|-damage|p1a: Araquanid|23/100\n|replace|p1a: Zoroark|Zoroark, L50, F\n|-end|p1a: Zoroark|Illusion\n|\n|t:|1776290878\n|switch|p2b: Mr. Rime|Mr. Rime, L50, M|100/100|[from] Volt Switch\n|cant|p1b: Farigiraf|slp\n|\n|upkeep\n|turn|2\n|\n|t:|1776290906\n|move|p2a: Vivillon|Protect|p2a: Vivillon\n|-singleturn|p2a: Vivillon|Protect\n|move|p1a: Zoroark|Night Daze|p2b: Mr. Rime\n|-supereffective|p2b: Mr. Rime|1\n|-damage|p2b: Mr. Rime|19/100\n|-unboost|p2b: Mr. Rime|accuracy|1\n|move|p2b: Mr. Rime|Copycat|p2b: Mr. Rime\n|move|p2b: Mr. Rime|Night Daze|p1a: Zoroark|[from] move: Copycat\n|-resisted|p1a: Zoroark|1\n|-damage|p1a: Zoroark|0 fnt\n|faint|p1a: Zoroark\n|cant|p1b: Farigiraf|slp\n|\n|upkeep\n|\n|t:|1776290922\n|switch|p1a: Emboar|Emboar, L50, M|100/100\n|turn|3\n|\n|t:|1776290941\n|move|p1a: Emboar|Protect|p1a: Emboar\n|-singleturn|p1a: Emboar|Protect\n|move|p2a: Vivillon|Sleep Powder|p1a: Emboar\n|-activate|p1a: Emboar|move: Protect\n|move|p2b: Mr. Rime|Copycat|p2b: Mr. Rime\n|move|p2b: Mr. Rime|Sleep Powder|p1b: Farigiraf|[from] move: Copycat|[miss]\n|-miss|p2b: Mr. Rime|p1b: Farigiraf\n|-curestatus|p1b: Farigiraf|slp|[msg]\n|move|p1b: Farigiraf|Trick Room|p1b: Farigiraf\n|-fieldstart|move: Trick Room|[of] p1b: Farigiraf\n|\n|upkeep\n|turn|4\n|\n|t:|1776290970\n|detailschange|p1a: Emboar|Emboar-Mega, L50, M\n|-mega|p1a: Emboar|Emboar|Emboarite\n|-ability|p1a: Emboar|Mold Breaker\n|move|p1b: Farigiraf|Hyper Voice|p2a: Vivillon|[spread] p2a,p2b\n|-damage|p2a: Vivillon|49/100\n|-damage|p2b: Mr. Rime|0 fnt\n|faint|p2b: Mr. Rime\n|move|p1a: Emboar|Rock Slide|p2a: Vivillon\n|-supereffective|p2a: Vivillon|2\n|-damage|p2a: Vivillon|0 fnt\n|faint|p2a: Vivillon\n|\n|upkeep\n|\n|t:|1776290980\n|switch|p2b: Gardevoir|Gardevoir, L50, M|100/100\n|switch|p2a: Rotom|Rotom-Wash, L50|49/100\n|turn|5\n|\n|t:|1776290996\n|detailschange|p2b: Gardevoir|Gardevoir-Mega, L50, M\n|-mega|p2b: Gardevoir|Gardevoir|Gardevoirite\n|move|p1b: Farigiraf|Hyper Voice|p2b: Gardevoir|[spread] p2a,p2b\n|-damage|p2a: Rotom|23/100\n|-damage|p2b: Gardevoir|74/100\n|move|p1a: Emboar|Flare Blitz|p2b: Gardevoir\n|-damage|p2b: Gardevoir|0 fnt\n|faint|p2b: Gardevoir\n|-damage|p1a: Emboar|83/100|[from] Recoil\n|move|p2a: Rotom|Hydro Pump|p1a: Emboar\n|-supereffective|p1a: Emboar|1\n|-damage|p1a: Emboar|22/100\n|\n|-heal|p2a: Rotom|29/100|[from] item: Leftovers\n|upkeep\n|turn|6\n|-message|RaiNBOWAFFaiR forfeited.\n|\n|win|Kinjuismymom\n|raw|Kinjuismymom's rating: 1040 &rarr; <strong>1071</strong><br />(+31 for winning)\n|raw|RaiNBOWAFFaiR's rating: 1005 &rarr; <strong>1000</strong><br />(-5 for losing)\n|l|\u2606RaiNBOWAFFaiR\n|player|p2|\n",
  "uploadtime": 1776291012,
  "views": 32,
  "formatid": "gen9championsvgc2026regma",
  "rating": 1000,
  "private": 0,
  "password": null
}