{
  "id": "gen9championsvgc2026regma-2583859491",
  "format": "[Gen 9 Champions] VGC 2026 Reg M-A",
  "players": [
    "toxel357",
    "Xenochiiii"
  ],
  "log": "|j|\u2606toxel357\n|j|\u2606Xenochiiii\n|t:|1776203314\n|gametype|doubles\n|player|p1|toxel357|harlequin|1101\n|player|p2|Xenochiiii|169|1040\n|gen|9\n|tier|[Gen 9 Champions] VGC 2026 Reg M-A\n|rated|\n|rule|Species Clause: Limit one of each Pok\u00e9mon\n|rule|Item Clause: Limit 1 of each item\n|clearpoke\n|poke|p1|Gengar, L50, F|\n|poke|p1|Maushold-Four, L50|\n|poke|p1|Charizard, L50, M|\n|poke|p1|Kingambit, L50, F|\n|poke|p1|Sneasler, L50, M|\n|poke|p1|Garchomp, L50, M|\n|poke|p2|Froslass, L50, F|\n|poke|p2|Tsareena, L50, F|\n|poke|p2|Primarina, L50, F|\n|poke|p2|Orthworm, L50, F|\n|poke|p2|Garchomp, L50, M|\n|poke|p2|Incineroar, L50, M|\n|teampreview|4\nXenochiiii rejected open team sheets.\n|inactive|Battle timer is ON: inactive players will automatically lose when time's up. (requested by Xenochiiii)\n|\n|t:|1776203392\n|teamsize|p1|4\n|teamsize|p2|4\n|start\n|switch|p1a: Kingambit|Kingambit, L50, F|100/100\n|switch|p1b: Sneasler|Sneasler, L50, M|100/100\n|switch|p2a: Tsareena|Tsareena, L50, F|100/100\n|switch|p2b: Garchomp|Garchomp, L50, M|100/100\n|turn|1\n|inactive|toxel357 has 30 seconds left.\n|\n|t:|1776203418\n|move|p1b: Sneasler|Fake Out||[still]\n|cant|p2a: Tsareena|ability: Queenly Majesty|Fake Out|[of] p1b: Sneasler\n|move|p2a: Tsareena|Zen Headbutt|p1b: Sneasler\n|-supereffective|p1b: Sneasler|2\n|-enditem|p1b: Sneasler|Focus Sash\n|-damage|p1b: Sneasler|1/100\n|move|p2b: Garchomp|Earthquake|p1b: Sneasler|[spread] p2a,p1a,p1b\n|-resisted|p2a: Tsareena|1\n|-supereffective|p1a: Kingambit|1\n|-supereffective|p1b: Sneasler|1\n|-damage|p2a: Tsareena|77/100\n|-damage|p1a: Kingambit|40/100\n|-damage|p1b: Sneasler|0 fnt\n|faint|p1b: Sneasler\n|move|p1a: Kingambit|Kowtow Cleave|p2b: Garchomp\n|-damage|p2b: Garchomp|51/100\n|\n|upkeep\n|\n|t:|1776203432\n|switch|p1b: Charizard|Charizard, L50, M|100/100\n|turn|2\n|inactive|toxel357 has 30 seconds left.\n|\n|t:|1776203466\n|move|p1b: Charizard|Protect|p1b: Charizard\n|-singleturn|p1b: Charizard|Protect\n|move|p2a: Tsareena|Zen Headbutt|p1b: Charizard\n|-activate|p1b: Charizard|move: Protect\n|move|p2b: Garchomp|Rock Slide|p1a: Kingambit|[spread] p1a\n|-activate|p1b: Charizard|move: Protect\n|-resisted|p1a: Kingambit|1\n|-damage|p1a: Kingambit|32/100\n|move|p1a: Kingambit|Kowtow Cleave|p2b: Garchomp\n|-damage|p2b: Garchomp|3/100\n|\n|upkeep\n|turn|3\n|\n|t:|1776203481\n|detailschange|p1b: Charizard|Charizard-Mega-Y, L50, M\n|-mega|p1b: Charizard|Charizard|Charizardite Y\n|-weather|SunnyDay|[from] ability: Drought|[of] p1b: Charizard\n|move|p1a: Kingambit|Sucker Punch||[still]\n|cant|p2a: Tsareena|ability: Queenly Majesty|Sucker Punch|[of] p1a: Kingambit\n|move|p2a: Tsareena|Zen Headbutt|p1b: Charizard|[miss]\n|-miss|p2a: Tsareena|p1b: Charizard\n|move|p1b: Charizard|Heat Wave|p2a: Tsareena|[spread] p2a,p2b\n|-supereffective|p2a: Tsareena|1\n|-resisted|p2b: Garchomp|1\n|-crit|p2b: Garchomp\n|-damage|p2a: Tsareena|0 fnt\n|-damage|p2b: Garchomp|0 fnt\n|faint|p2a: Tsareena\n|faint|p2b: Garchomp\n|\n|-weather|SunnyDay|[upkeep]\n|upkeep\n|\n|t:|1776203493\n|switch|p2a: Froslass|Froslass, L50, F|100/100\n|switch|p2b: Primarina|Primarina, L50, F|100/100\n|turn|4\n|\n|t:|1776203511\n|switch|p1b: Gengar|Gengar, L50, F|100/100\n|detailschange|p2a: Froslass|Froslass-Mega, L50, F\n|-mega|p2a: Froslass|Froslass|Froslassite\n|-weather|Snowscape|[from] ability: Snow Warning|[of] p2a: Froslass\n|move|p2a: Froslass|Blizzard|p1a: Kingambit|[spread] p1a,p1b\n|-resisted|p1a: Kingambit|1\n|-damage|p1a: Kingambit|12/100\n|-damage|p1b: Gengar|34/100\n|move|p2b: Primarina|Hyper Voice|p1a: Kingambit|[spread] p1a,p1b\n|-damage|p1a: Kingambit|0 fnt\n|-damage|p1b: Gengar|0 fnt\n|faint|p1a: Kingambit\n|faint|p1b: Gengar\n|\n|-weather|Snowscape|[upkeep]\n|upkeep\n|\n|t:|1776203526\n|switch|p1a: Charizard|Charizard-Mega-Y, L50, M|100/100\n|-weather|SunnyDay|[from] ability: Drought|[of] p1a: Charizard\n|turn|5\n|\n|t:|1776203537\n|move|p2a: Froslass|Shadow Ball|p1a: Charizard\n|-damage|p1a: Charizard|54/100\n|move|p1a: Charizard|Heat Wave|p2b: Primarina|[spread] p2a,p2b\n|-supereffective|p2a: Froslass|1\n|-resisted|p2b: Primarina|1\n|-damage|p2a: Froslass|0 fnt\n|-damage|p2b: Primarina|74/100\n|faint|p2a: Froslass\n|move|p2b: Primarina|Hyper Voice|p1a: Charizard\n|-supereffective|p1a: Charizard|1\n|-crit|p1a: Charizard\n|-damage|p1a: Charizard|0 fnt\n|faint|p1a: Charizard\n|\n|win|Xenochiiii\n|raw|toxel357's rating: 1101 &rarr; <strong>1072</strong><br />(-29 for losing)\n|raw|Xenochiiii's rating: 1040 &rarr; <strong>1080</strong><br />(+40 for winning)\n|l|\u2606toxel357\n|player|p1|\n|c|\u2606Xenochiiii|Gg:)\n",
  "uploadtime": 1776203574,
  "views": 37,
  "formatid": "gen9championsvgc2026regma",
  "rating": 1072,
  "private": 0,
  "password": null
}