{
  "id": "gen9championsvgc2026regma-2583887921",
  "format": "[Gen 9 Champions] VGC 2026 Reg M-A",
  "players": [
    "HyugaAnbu",
    "TheRedCucumb"
  ],
  "log": "|j|\u2606HyugaAnbu\n|j|\u2606TheRedCucumb\n|t:|1776205634\n|gametype|doubles\n|player|p1|HyugaAnbu|169|1047\n|player|p2|TheRedCucumb|ghetsis-gen5bw|1109\n|gen|9\n|tier|[Gen 9 Champions] VGC 2026 Reg M-A\n|rated|\n|rule|Species Clause: Limit one of each Pok\u00e9mon\n|rule|Item Clause: Limit 1 of each item\n|clearpoke\n|poke|p1|Kangaskhan, L50, F|\n|poke|p1|Ditto, L50|\n|poke|p1|Maushold-Four, L50|\n|poke|p1|Aerodactyl, L50, F|\n|poke|p1|Sinistcha, L50|\n|poke|p1|Typhlosion-Hisui, L50, M|\n|poke|p2|Meganium, L50, M|\n|poke|p2|Pelipper, L50, F|\n|poke|p2|Primarina, L50, F|\n|poke|p2|Alcremie, L50, F|\n|poke|p2|Froslass, L50, F|\n|poke|p2|Aegislash, L50, F|\n|teampreview|4\n|inactive|Battle timer is ON: inactive players will automatically lose when time's up. (requested by HyugaAnbu)\n|\n|t:|1776205657\n|teamsize|p1|4\n|teamsize|p2|4\n|start\n|switch|p1a: Kangaskhan|Kangaskhan, L50, F|100/100\n|switch|p1b: Ditto|Ditto, L50|100/100\n|switch|p2a: Pelipper|Pelipper, L50, F|100/100\n|switch|p2b: Primarina|Primarina, L50, F|100/100\n|-weather|RainDance|[from] ability: Drizzle|[of] p2a: Pelipper\n|turn|1\n|\n|t:|1776205677\n|detailschange|p1a: Kangaskhan|Kangaskhan-Mega, L50, F\n|-mega|p1a: Kangaskhan|Kangaskhan|Kangaskhanite\n|move|p1a: Kangaskhan|Double-Edge|p2a: Pelipper\n|-damage|p2a: Pelipper|21/100\n|-damage|p2a: Pelipper|0 fnt\n|faint|p2a: Pelipper\n|-hitcount|p2: Pelipper|2\n|-damage|p1a: Kangaskhan|76/100|[from] Recoil\n|move|p1b: Ditto|Transform|p1a: Kangaskhan\n|-transform|p1b: Ditto|p1a: Kangaskhan\n|move|p2b: Primarina|Hyper Voice|p1a: Kangaskhan|[spread] p1a,p1b\n|-damage|p1a: Kangaskhan|25/100\n|-damage|p1b: Ditto|12/100\n|\n|-weather|RainDance|[upkeep]\n|upkeep\n|c|\u2606TheRedCucumb|Forgit imposter?\n|\n|t:|1776205696\n|switch|p2a: Froslass|Froslass, L50, F|100/100\n|turn|2\n|\n|t:|1776205711\n|detailschange|p2a: Froslass|Froslass-Mega, L50, F\n|-mega|p2a: Froslass|Froslass|Froslassite\n|-weather|Snowscape|[from] ability: Snow Warning|[of] p2a: Froslass\n|move|p2a: Froslass|Blizzard|p1b: Ditto|[spread] p1a,p1b\n|-damage|p1a: Kangaskhan|0 fnt\n|-damage|p1b: Ditto|0 fnt\n|faint|p1a: Kangaskhan\n|faint|p1b: Ditto\n|move|p2b: Primarina|Hyper Voice|p1: Kangaskhan|[notarget]\n|-fail|p2b: Primarina\n|\n|-weather|Snowscape|[upkeep]\n|upkeep\n|inactive|HyugaAnbu has 30 seconds left.\n|\n|t:|1776205737\n|switch|p1a: Maushold|Maushold-Four, L50|100/100\n|switch|p1b: Aerodactyl|Aerodactyl, L50, F|100/100\n|-ability|p1b: Aerodactyl|Unnerve\n|turn|3\n|\n|t:|1776205746\n|move|p1a: Maushold|Helping Hand|p1b: Aerodactyl\n|-singleturn|p1b: Aerodactyl|Helping Hand|[of] p1a: Maushold\n|move|p1b: Aerodactyl|Rock Slide|p2b: Primarina|[spread] p2a,p2b\n|-supereffective|p2a: Froslass|1\n|-damage|p2a: Froslass|14/100\n|-damage|p2b: Primarina|60/100\n|cant|p2a: Froslass|flinch\n|cant|p2b: Primarina|flinch\n|\n|-weather|Snowscape|[upkeep]\n|upkeep\n|turn|4\n|\n|t:|1776205762\n|move|p1a: Maushold|Helping Hand|p1b: Aerodactyl\n|-singleturn|p1b: Aerodactyl|Helping Hand|[of] p1a: Maushold\n|move|p1b: Aerodactyl|Rock Slide|p2b: Primarina|[spread] p2a,p2b\n|-supereffective|p2a: Froslass|1\n|-damage|p2a: Froslass|0 fnt\n|-damage|p2b: Primarina|19/100\n|faint|p2a: Froslass\n|move|p2b: Primarina|Hyper Voice|p1b: Aerodactyl|[spread] p1a,p1b\n|-supereffective|p1b: Aerodactyl|1\n|-damage|p1a: Maushold|56/100\n|-damage|p1b: Aerodactyl|13/100\n|\n|-weather|Snowscape|[upkeep]\n|upkeep\n|\n|t:|1776205765\n|switch|p2a: Alcremie|Alcremie, L50, F|100/100\n|turn|5\n|\n|t:|1776205778\n|move|p2b: Primarina|Protect|p2b: Primarina\n|-singleturn|p2b: Primarina|Protect\n|move|p1b: Aerodactyl|Rock Slide|p2a: Alcremie|[spread] p2a\n|-activate|p2b: Primarina|move: Protect\n|-damage|p2a: Alcremie|75/100\n|move|p1a: Maushold|Super Fang|p2a: Alcremie\n|-damage|p2a: Alcremie|38/100\n|cant|p2a: Alcremie|flinch\n|\n|-weather|Snowscape|[upkeep]\n|upkeep\n|turn|6\n|c|\u2606TheRedCucumb|Gg\n|\n|t:|1776205792\n|move|p1a: Maushold|Helping Hand|p1b: Aerodactyl\n|-singleturn|p1b: Aerodactyl|Helping Hand|[of] p1a: Maushold\n|move|p1b: Aerodactyl|Rock Slide|p2a: Alcremie|[spread] p2a,p2b\n|-damage|p2a: Alcremie|2/100\n|-damage|p2b: Primarina|0 fnt\n|faint|p2b: Primarina\n|cant|p2a: Alcremie|flinch\n|\n|-weather|none\n|upkeep\n|turn|7\n|\n|t:|1776205806\n|move|p1a: Maushold|Helping Hand|p1b: Aerodactyl\n|-singleturn|p1b: Aerodactyl|Helping Hand|[of] p1a: Maushold\n|move|p1b: Aerodactyl|Dual Wingbeat|p2a: Alcremie\n|-crit|p2a: Alcremie\n|-damage|p2a: Alcremie|0 fnt\n|faint|p2a: Alcremie\n|-hitcount|p2: Alcremie|1\n|\n|win|HyugaAnbu\n|raw|HyugaAnbu's rating: 1047 &rarr; <strong>1086</strong><br />(+39 for winning)\n|raw|TheRedCucumb's rating: 1109 &rarr; <strong>1080</strong><br />(-29 for losing)\n|l|\u2606TheRedCucumb\n|player|p2|\n",
  "uploadtime": 1776205817,
  "views": 21,
  "formatid": "gen9championsvgc2026regma",
  "rating": 1080,
  "private": 0,
  "password": null
}