{
  "id": "gen9championsvgc2026regma-2585265051",
  "format": "[Gen 9 Champions] VGC 2026 Reg M-A",
  "players": [
    "drwyz",
    "Kagetsuchi"
  ],
  "log": "|j|\u2606drwyz\n|j|\u2606Kagetsuchi\n|t:|1776331615\n|gametype|doubles\n|player|p1|drwyz|giovanni|1128\n|player|p2|Kagetsuchi|iris|1082\n|gen|9\n|tier|[Gen 9 Champions] VGC 2026 Reg M-A\n|rated|\n|rule|Species Clause: Limit one of each Pok\u00e9mon\n|rule|Item Clause: Limit 1 of each item\n|clearpoke\n|poke|p1|Blastoise, L50, M|\n|poke|p1|Whimsicott, L50, F|\n|poke|p1|Incineroar, L50, F|\n|poke|p1|Sneasler, L50, M|\n|poke|p1|Manectric, L50, M|\n|poke|p1|Archaludon, L50, M|\n|poke|p2|Lucario, L50, M|\n|poke|p2|Dragonite, L50, M|\n|poke|p2|Empoleon, L50, M|\n|poke|p2|Luxray, L50, M|\n|poke|p2|Reuniclus, L50, M|\n|poke|p2|Whimsicott, L50, M|\n|teampreview|4\n|inactive|Battle timer is ON: inactive players will automatically lose when time's up. (requested by drwyz)\ndrwyz rejected open team sheets.\n|\n|t:|1776331665\n|teamsize|p1|4\n|teamsize|p2|4\n|start\n|switch|p1a: Sneasler|Sneasler, L50, M, shiny|100/100\n|switch|p1b: Whimsicott|Whimsicott, L50, F, shiny|100/100\n|switch|p2a: Lucario|Lucario, L50, M|100/100\n|switch|p2b: Empoleon|Empoleon, L50, M|100/100\n|turn|1\n|inactive|drwyz has 30 seconds left.\n|inactive|Kagetsuchi has 30 seconds left.\n|inactive|drwyz has 20 seconds left.\n|\n|t:|1776331701\n|switch|p2a: Luxray|Luxray, L50, M|100/100\n|-ability|p2a: Luxray|Intimidate|boost\n|-unboost|p1a: Sneasler|atk|1\n|-unboost|p1b: Whimsicott|atk|1\n|-enditem|p1a: Sneasler|White Herb\n|-clearnegativeboost|p1a: Sneasler|[silent]\n|switch|p2b: Whimsicott|Whimsicott, L50, M|100/100\n|move|p1b: Whimsicott|Protect|p1b: Whimsicott\n|-singleturn|p1b: Whimsicott|Protect\n|move|p1a: Sneasler|Close Combat|p2a: Luxray\n|-damage|p2a: Luxray|23/100\n|-unboost|p1a: Sneasler|def|1\n|-unboost|p1a: Sneasler|spd|1\n|\n|upkeep\n|turn|2\n|\n|t:|1776331726\n|move|p2b: Whimsicott|Tailwind|p2b: Whimsicott\n|-sidestart|p2: Kagetsuchi|move: Tailwind\n|move|p2a: Luxray|Psychic Fangs|p1a: Sneasler\n|-supereffective|p1a: Sneasler|2\n|-crit|p1a: Sneasler\n|-damage|p1a: Sneasler|0 fnt\n|faint|p1a: Sneasler\n|move|p1b: Whimsicott|Dazzling Gleam|p2a: Luxray|[spread] p2a,p2b\n|-damage|p2a: Luxray|0 fnt\n|-damage|p2b: Whimsicott|72/100\n|faint|p2a: Luxray\n|\n|upkeep\n|\n|t:|1776331741\n|switch|p1a: Manectric|Manectric, L50, M, shiny|100/100\n|switch|p2a: Lucario|Lucario, L50, M|100/100\n|turn|3\n|inactive|drwyz has 30 seconds left.\n|\n|t:|1776331769\n|move|p1b: Whimsicott|Protect|p1b: Whimsicott\n|-singleturn|p1b: Whimsicott|Protect\n|move|p2b: Whimsicott|Beat Up|p2a: Lucario\n|-resisted|p2a: Lucario|1\n|-damage|p2a: Lucario|98/100\n|-ability|p2a: Lucario|Justified|boost\n|-boost|p2a: Lucario|atk|1\n|-resisted|p2a: Lucario|1\n|-damage|p2a: Lucario|97/100\n|-ability|p2a: Lucario|Justified|boost\n|-boost|p2a: Lucario|atk|1\n|-resisted|p2a: Lucario|1\n|-damage|p2a: Lucario|96/100\n|-ability|p2a: Lucario|Justified|boost\n|-boost|p2a: Lucario|atk|1\n|-hitcount|p2a: Lucario|3\n|move|p2a: Lucario|Earthquake|p1b: Whimsicott|[spread] p2b,p1a\n|-activate|p1b: Whimsicott|move: Protect\n|-resisted|p2b: Whimsicott|1\n|-supereffective|p1a: Manectric|1\n|-damage|p2b: Whimsicott|32/100\n|-damage|p1a: Manectric|0 fnt\n|faint|p1a: Manectric\n|\n|upkeep\n|\n|t:|1776331787\n|switch|p1a: Blastoise|Blastoise, L50, M|100/100\n|turn|4\n|inactive|drwyz has 30 seconds left.\n|\n|t:|1776331815\n|detailschange|p2a: Lucario|Lucario-Mega, L50, M\n|-mega|p2a: Lucario|Lucario|Lucarionite\n|move|p1a: Blastoise|Protect|p1a: Blastoise\n|-singleturn|p1a: Blastoise|Protect\n|move|p2a: Lucario|Bullet Punch|p1b: Whimsicott\n|-supereffective|p1b: Whimsicott|1\n|-enditem|p1b: Whimsicott|Focus Sash\n|-damage|p1b: Whimsicott|1/100\n|move|p1b: Whimsicott|Tailwind|p1b: Whimsicott\n|-sidestart|p1: drwyz|move: Tailwind\n|move|p2b: Whimsicott|Giga Drain|p1a: Blastoise\n|-activate|p1a: Blastoise|move: Protect\n|\n|upkeep\n|turn|5\n|\n|t:|1776331834\n|detailschange|p1a: Blastoise|Blastoise-Mega, L50, M\n|-mega|p1a: Blastoise|Blastoise|Blastoisinite\n|move|p1b: Whimsicott|Protect|p1b: Whimsicott\n|-singleturn|p1b: Whimsicott|Protect\n|move|p2b: Whimsicott|Dazzling Gleam|p1b: Whimsicott|[spread] p1a\n|-activate|p1b: Whimsicott|move: Protect\n|-damage|p1a: Blastoise|79/100\n|move|p2a: Lucario|Close Combat|p1a: Blastoise\n|-damage|p1a: Blastoise|0 fnt\n|-unboost|p2a: Lucario|def|1\n|-unboost|p2a: Lucario|spd|1\n|faint|p1a: Blastoise\n|\n|-sideend|p2: Kagetsuchi|move: Tailwind\n|upkeep\n|turn|6\n|-message|drwyz forfeited.\n|\n|win|Kagetsuchi\n|raw|drwyz's rating: 1128 &rarr; <strong>1100</strong><br />(-28 for losing)\n|raw|Kagetsuchi's rating: 1082 &rarr; <strong>1113</strong><br />(+31 for winning)\n|l|\u2606drwyz\n|player|p1|\n",
  "uploadtime": 1776331861,
  "views": 21,
  "formatid": "gen9championsvgc2026regma",
  "rating": 1100,
  "private": 0,
  "password": null
}