{
  "id": "gen9championsvgc2026regma-2582045853",
  "format": "[Gen 9 Champions] VGC 2026 Reg M-A",
  "players": [
    "9bhf",
    "MegaMege"
  ],
  "log": "|j|\u26069bhf\n|j|\u2606MegaMege\n|t:|1776051545\n|gametype|doubles\n|player|p1|9bhf|101|1042\n|player|p2|MegaMege|102|1039\n|gen|9\n|tier|[Gen 9 Champions] VGC 2026 Reg M-A\n|rated|\n|rule|Species Clause: Limit one of each Pok\u00e9mon\n|rule|Item Clause: Limit 1 of each item\n|clearpoke\n|poke|p1|Ninetales-Alola, L50, M|\n|poke|p1|Glaceon, L50, M|\n|poke|p1|Rotom-Heat, L50|\n|poke|p1|Kingambit, L50, M|\n|poke|p1|Sneasler, L50, F|\n|poke|p1|Feraligatr, L50, F|\n|poke|p2|Gardevoir, L50, F|\n|poke|p2|Aegislash, L50, M|\n|poke|p2|Garchomp, L50, M|\n|poke|p2|Charizard, L50, M|\n|poke|p2|Milotic, L50, F|\n|poke|p2|Aerodactyl, L50, M|\n|teampreview|4\n|inactive|Battle timer is ON: inactive players will automatically lose when time's up. (requested by MegaMege)\n|\n|t:|1776051593\n|teamsize|p1|4\n|teamsize|p2|4\n|start\n|switch|p1a: Ninetales|Ninetales-Alola, L50, M|100/100\n|switch|p1b: Feraligatr|Feraligatr, L50, F|100/100\n|switch|p2a: Lucifer|Charizard, L50, M, shiny|100/100\n|switch|p2b: Razor|Aerodactyl, L50, M|100/100\n|-ability|p2b: Razor|Unnerve\n|-weather|Snowscape|[from] ability: Snow Warning|[of] p1a: Ninetales\n|turn|1\n|inactive|9bhf has 30 seconds left.\n|\n|t:|1776051620\n|switch|p1a: Sneasler|Sneasler, L50, F|100/100\n|detailschange|p2a: Lucifer|Charizard-Mega-Y, L50, M, shiny\n|-mega|p2a: Lucifer|Charizard|Charizardite Y\n|-weather|SunnyDay|[from] ability: Drought|[of] p2a: Lucifer\n|detailschange|p1b: Feraligatr|Feraligatr-Mega, L50, F\n|-mega|p1b: Feraligatr|Feraligatr|Feraligite\n|move|p2b: Razor|Tailwind|p2b: Razor\n|-sidestart|p2: MegaMege|move: Tailwind\n|move|p2a: Lucifer|Weather Ball|p1a: Sneasler\n|-enditem|p1a: Sneasler|Focus Sash\n|-damage|p1a: Sneasler|1/100\n|move|p1b: Feraligatr|Liquidation|p2a: Lucifer\n|-supereffective|p2a: Lucifer|1\n|-damage|p2a: Lucifer|38/100\n|-unboost|p2a: Lucifer|def|1\n|\n|-weather|SunnyDay|[upkeep]\n|upkeep\n|turn|2\n|\n|t:|1776051642\n|move|p1a: Sneasler|Fake Out|p2b: Razor\n|-resisted|p2b: Razor|1\n|-damage|p2b: Razor|88/100\n|move|p1b: Feraligatr|Aqua Jet|p2a: Lucifer\n|-supereffective|p2a: Lucifer|1\n|-damage|p2a: Lucifer|0 fnt\n|faint|p2a: Lucifer\n|cant|p2b: Razor|flinch\n|\n|-weather|SunnyDay|[upkeep]\n|upkeep\n|\n|t:|1776051653\n|switch|p2a: Calypso|Milotic, L50, F|100/100\n|turn|3\n|\n|t:|1776051662\n|move|p1a: Sneasler|Protect|p1a: Sneasler\n|-singleturn|p1a: Sneasler|Protect\n|move|p2b: Razor|Rock Slide|p1a: Sneasler|[spread] p1b\n|-activate|p1a: Sneasler|move: Protect\n|-damage|p1b: Feraligatr|80/100\n|move|p2a: Calypso|Icy Wind|p1b: Feraligatr|[spread] p1b\n|-activate|p1a: Sneasler|move: Protect\n|-damage|p1b: Feraligatr|68/100\n|-unboost|p1b: Feraligatr|spe|1\n|move|p1b: Feraligatr|Dragon Dance|p1b: Feraligatr\n|-boost|p1b: Feraligatr|atk|1\n|-boost|p1b: Feraligatr|spe|1\n|\n|-weather|SunnyDay|[upkeep]\n|upkeep\n|turn|4\n|\n|t:|1776051683\n|switch|p1a: Kingambit|Kingambit, L50, M|100/100\n|move|p2b: Razor|Rock Slide|p1a: Kingambit|[spread] p1a,p1b\n|-resisted|p1a: Kingambit|1\n|-damage|p1a: Kingambit|90/100\n|-damage|p1b: Feraligatr|48/100\n|move|p2a: Calypso|Icy Wind|p1a: Kingambit|[spread] p1a,p1b\n|-resisted|p1a: Kingambit|1\n|-damage|p1a: Kingambit|85/100\n|-damage|p1b: Feraligatr|35/100\n|-unboost|p1a: Kingambit|spe|1\n|-ability|p1a: Kingambit|Defiant|boost\n|-boost|p1a: Kingambit|atk|2\n|-unboost|p1b: Feraligatr|spe|1\n|move|p1b: Feraligatr|Body Slam|p2a: Calypso\n|-damage|p2a: Calypso|11/100\n|\n|-weather|SunnyDay|[upkeep]\n|-heal|p2a: Calypso|17/100|[from] item: Leftovers\n|-sideend|p2: MegaMege|move: Tailwind\n|upkeep\n|turn|5\n|inactive|9bhf has 30 seconds left.\n|inactive|MegaMege has 30 seconds left.\n|inactive|9bhf has 20 seconds left.\n|\n|t:|1776051719\n|move|p1b: Feraligatr|Aqua Jet|p2b: Razor\n|-supereffective|p2b: Razor|1\n|-damage|p2b: Razor|34/100\n|move|p1a: Kingambit|Sucker Punch|p2b: Razor\n|-damage|p2b: Razor|0 fnt\n|faint|p2b: Razor\n|move|p2a: Calypso|Scald|p1a: Kingambit\n|-damage|p1a: Kingambit|69/100\n|\n|-weather|none\n|-heal|p2a: Calypso|23/100|[from] item: Leftovers\n|upkeep\n|\n|t:|1776051729\n|switch|p2b: Gram|Aegislash, L50, M, shiny|100/100\n|turn|6\n|\n|t:|1776051745\n|move|p1b: Feraligatr|Aqua Jet|p2a: Calypso\n|-resisted|p2a: Calypso|1\n|-damage|p2a: Calypso|6/100\n|move|p1a: Kingambit|Sucker Punch|p2b: Gram\n|-supereffective|p2b: Gram|1\n|-damage|p2b: Gram|0 fnt\n|faint|p2b: Gram\n|move|p2a: Calypso|Scald|p1a: Kingambit\n|-damage|p1a: Kingambit|31/100\n|-enditem|p1a: Kingambit|Sitrus Berry|[eat]\n|-heal|p1a: Kingambit|56/100|[from] item: Sitrus Berry\n|\n|-heal|p2a: Calypso|12/100|[from] item: Leftovers\n|upkeep\n|turn|7\n|-message|MegaMege forfeited.\n|\n|win|9bhf\n|raw|9bhf's rating: 1042 &rarr; <strong>1075</strong><br />(+33 for winning)\n|raw|MegaMege's rating: 1039 &rarr; <strong>1023</strong><br />(-16 for losing)\n|l|\u2606MegaMege\n|player|p2|\n",
  "uploadtime": 1776051761,
  "views": 23,
  "formatid": "gen9championsvgc2026regma",
  "rating": 1023,
  "private": 0,
  "password": null
}