{
  "id": "gen9championsvgc2026regma-2580352914",
  "format": "[Gen 9 Champions] VGC 2026 Reg M-A",
  "players": [
    "aosks",
    "fimmm"
  ],
  "log": "|j|\u2606aosks\n|j|\u2606fimmm\n|t:|1775884163\n|gametype|doubles\n|player|p1|aosks|2|1001\n|player|p2|fimmm|whitney|1000\n|gen|9\n|tier|[Gen 9 Champions] VGC 2026 Reg M-A\n|rated|\n|rule|Species Clause: Limit one of each Pok\u00e9mon\n|rule|Item Clause: Limit 1 of each item\n|clearpoke\n|poke|p1|Torkoal, L50, F|\n|poke|p1|Sinistcha, L50|\n|poke|p1|Incineroar, L50, F|\n|poke|p1|Starmie, L50|\n|poke|p1|Charizard, L50, F|\n|poke|p1|Hawlucha, L50, M|\n|poke|p2|Glaceon, L50, F|\n|poke|p2|Slowking, L50, F|\n|poke|p2|Kingambit, L50, F|\n|poke|p2|Armarouge, L50, M|\n|poke|p2|Abomasnow, L50, M|\n|poke|p2|Liepard, L50, M|\n|teampreview|4\n|inactive|Battle timer is ON: inactive players will automatically lose when time's up. (requested by fimmm)\n|inactive|fimmm has 60 seconds left.\n|\n|t:|1775884195\n|teamsize|p1|4\n|teamsize|p2|4\n|start\n|switch|p1a: Torkoal|Torkoal, L50, F|100/100\n|switch|p1b: Charizard|Charizard, L50, F|100/100\n|switch|p2a: Liepard|Liepard, L50, M|100/100\n|switch|p2b: Armarouge|Armarouge, L50, M|100/100\n|-weather|SunnyDay|[from] ability: Drought|[of] p1a: Torkoal\n|turn|1\n|inactive|fimmm has 30 seconds left.\n|\n|t:|1775884225\n|switch|p1b: Sinistcha|Sinistcha, L50|100/100\n|move|p2a: Liepard|Fake Out|p1b: Sinistcha\n|-immune|p1b: Sinistcha\n|move|p2b: Armarouge|Heat Wave|p1a: Torkoal|[spread] p1a,p1b\n|-resisted|p1a: Torkoal|1\n|-supereffective|p1b: Sinistcha|1\n|-damage|p1a: Torkoal|73/100\n|-enditem|p1b: Sinistcha|Focus Sash\n|-damage|p1b: Sinistcha|1/100\n|move|p1a: Torkoal|Eruption|p2a: Liepard|[spread] p2a\n|-start|p2b: Armarouge|ability: Flash Fire\n|-damage|p2a: Liepard|36/100\n|\n|-weather|SunnyDay|[upkeep]\n|-heal|p1a: Torkoal|80/100|[from] item: Leftovers\n|upkeep\n|turn|2\n|\n|t:|1775884247\n|move|p2a: Liepard|Thunder Wave|p1a: Torkoal\n|-status|p1a: Torkoal|par\n|move|p2b: Armarouge|Heat Wave|p1b: Sinistcha|[spread] p1a,p1b\n|-resisted|p1a: Torkoal|1\n|-supereffective|p1b: Sinistcha|1\n|-damage|p1a: Torkoal|41/100 par\n|-damage|p1b: Sinistcha|0 fnt\n|faint|p1b: Sinistcha\n|move|p1a: Torkoal|Eruption|p2a: Liepard|[spread] p2a\n|-immune|p2b: Armarouge|[from] ability: Flash Fire\n|-damage|p2a: Liepard|0 fnt\n|faint|p2a: Liepard\n|\n|-weather|SunnyDay|[upkeep]\n|-heal|p1a: Torkoal|47/100 par|[from] item: Leftovers\n|upkeep\n|\n|t:|1775884254\n|switch|p2a: Abomasnow|Abomasnow, L50, M|100/100\n|switch|p1b: Hawlucha|Hawlucha, L50, M|100/100\n|-ability|p1b: Hawlucha|Mold Breaker\n|-weather|Snowscape|[from] ability: Snow Warning|[of] p2a: Abomasnow\n|turn|3\n|\n|t:|1775884275\n|detailschange|p1b: Hawlucha|Hawlucha-Mega, L50, M\n|-mega|p1b: Hawlucha|Hawlucha|Hawluchanite\n|detailschange|p2a: Abomasnow|Abomasnow-Mega, L50, M\n|-mega|p2a: Abomasnow|Abomasnow|Abomasite\n|move|p1b: Hawlucha|Entrainment|p1a: Torkoal\n|-ability|p1a: Torkoal|No Guard|Drought|[from] move: Entrainment|[of] p1b: Hawlucha\n|move|p2b: Armarouge|Heat Wave|p1a: Torkoal|[spread] p1a,p1b\n|-resisted|p1a: Torkoal|1\n|-damage|p1a: Torkoal|20/100 par\n|-damage|p1b: Hawlucha|24/100\n|move|p2a: Abomasnow|Blizzard|p1a: Torkoal|[spread] p1a,p1b\n|-resisted|p1a: Torkoal|1\n|-supereffective|p1b: Hawlucha|1\n|-damage|p1a: Torkoal|3/100 par\n|-damage|p1b: Hawlucha|0 fnt\n|faint|p1b: Hawlucha\n|move|p1a: Torkoal|Fissure|p2b: Armarouge\n|-damage|p2b: Armarouge|0 fnt\n|faint|p2b: Armarouge\n|-ohko\n|\n|-weather|Snowscape|[upkeep]\n|-heal|p1a: Torkoal|9/100 par|[from] item: Leftovers\n|upkeep\n|\n|t:|1775884294\n|switch|p1b: Charizard|Charizard, L50, F|100/100\n|switch|p2b: Glaceon|Glaceon, L50, F|100/100\n|turn|4\n|\n|t:|1775884309\n|move|p1a: Torkoal|Protect|p1a: Torkoal\n|-singleturn|p1a: Torkoal|Protect\n|move|p1b: Charizard|Heat Wave|p2b: Glaceon|[spread] p2a\n|-miss|p1b: Charizard|p2b: Glaceon\n|-supereffective|p2a: Abomasnow|2\n|-damage|p2a: Abomasnow|0 fnt\n|faint|p2a: Abomasnow\n|move|p2b: Glaceon|Blizzard|p1a: Torkoal|[spread] p1b\n|-activate|p1a: Torkoal|move: Protect\n|-damage|p1b: Charizard|35/100\n|\n|-weather|Snowscape|[upkeep]\n|-heal|p1a: Torkoal|15/100 par|[from] item: Leftovers\n|upkeep\n|turn|5\n|\n|t:|1775884323\n|move|p1b: Charizard|Heat Wave|p2b: Glaceon|[miss]\n|-miss|p1b: Charizard|p2b: Glaceon\n|move|p2b: Glaceon|Blizzard|p1b: Charizard|[spread] p1a,p1b\n|-resisted|p1a: Torkoal|1\n|-damage|p1a: Torkoal|0 fnt\n|-damage|p1b: Charizard|0 fnt\n|faint|p1a: Torkoal\n|faint|p1b: Charizard\n|\n|win|fimmm\n|raw|aosks's rating: 1001 &rarr; <strong>1000</strong><br />(-1 for losing)\n|raw|fimmm's rating: 1000 &rarr; <strong>1040</strong><br />(+40 for winning)\n",
  "uploadtime": 1775884327,
  "views": 20,
  "formatid": "gen9championsvgc2026regma",
  "rating": 1000,
  "private": 0,
  "password": null
}