{
  "id": "gen9championsvgc2026regma-2587841069",
  "format": "[Gen 9 Champions] VGC 2026 Reg M-A",
  "players": [
    "Sr Corbetta",
    "Pevar_8"
  ],
  "log": "|j|\u2606Sr Corbetta\n|j|\u2606Pevar_8\n|t:|1776569508\n|gametype|doubles\n|player|p1|Sr Corbetta|veteran|1174\n|player|p2|Pevar_8|101|1187\n|gen|9\n|tier|[Gen 9 Champions] VGC 2026 Reg M-A\n|rated|\n|rule|Species Clause: Limit one of each Pok\u00e9mon\n|rule|Item Clause: Limit 1 of each item\n|clearpoke\n|poke|p1|Delphox, L50, F|\n|poke|p1|Ninetales-Alola, L50, F|\n|poke|p1|Milotic, L50, F|\n|poke|p1|Sneasler, L50, M|\n|poke|p1|Sinistcha, L50|\n|poke|p1|Corviknight, L50, M|\n|poke|p2|Basculegion, L50, M|\n|poke|p2|Pelipper, L50, M|\n|poke|p2|Sinistcha, L50|\n|poke|p2|Sneasler, L50, M|\n|poke|p2|Archaludon, L50, M|\n|poke|p2|Floette-Eternal, L50, F|\n|teampreview|4\n|\n|t:|1776569537\n|teamsize|p1|4\n|teamsize|p2|4\n|start\n|switch|p1a: Delphox|Delphox, L50, F|100/100\n|switch|p1b: Sneasler|Sneasler, L50, M|100/100\n|switch|p2a: Basculegion|Basculegion, L50, M|100/100\n|switch|p2b: Pelipper|Pelipper, L50, M|100/100\n|-weather|RainDance|[from] ability: Drizzle|[of] p2b: Pelipper\n|turn|1\n|\n|t:|1776569554\n|move|p1a: Delphox|Protect|p1a: Delphox\n|-singleturn|p1a: Delphox|Protect\n|move|p1b: Sneasler|Fake Out|p2b: Pelipper\n|-damage|p2b: Pelipper|84/100\n|move|p2a: Basculegion|Flip Turn|p1a: Delphox\n|-activate|p1a: Delphox|move: Protect\n|cant|p2b: Pelipper|flinch\n|\n|-weather|RainDance|[upkeep]\n|upkeep\n|turn|2\n|\n|t:|1776569574\n|switch|p1b: Ninetales|Ninetales-Alola, L50, F|100/100\n|-weather|Snowscape|[from] ability: Snow Warning|[of] p1b: Ninetales\n|detailschange|p1a: Delphox|Delphox-Mega, L50, F\n|-mega|p1a: Delphox|Delphox|Delphoxite\n|move|p2a: Basculegion|Flip Turn|p1a: Delphox\n|-supereffective|p1a: Delphox|1\n|-damage|p1a: Delphox|0 fnt\n|faint|p1a: Delphox\n|\n|t:|1776569583\n|switch|p2a: Sneasler|Sneasler, L50, M|100/100|[from] Flip Turn\n|move|p2b: Pelipper|Tailwind|p2b: Pelipper\n|-sidestart|p2: Pevar_8|move: Tailwind\n|\n|-weather|Snowscape|[upkeep]\n|upkeep\n|\n|t:|1776569593\n|switch|p1a: Sinistcha|Sinistcha, L50|100/100\n|turn|3\n|\n|t:|1776569610\n|move|p1b: Ninetales|Protect|p1b: Ninetales\n|-singleturn|p1b: Ninetales|Protect\n|move|p2a: Sneasler|Dire Claw|p1b: Ninetales\n|-activate|p1b: Ninetales|move: Protect\n|move|p2b: Pelipper|Hurricane|p1a: Sinistcha\n|-supereffective|p1a: Sinistcha|1\n|-damage|p1a: Sinistcha|13/100\n|move|p1a: Sinistcha|Matcha Gotcha|p2a: Sneasler|[spread] p2a,p2b\n|-resisted|p2a: Sneasler|1\n|-damage|p2a: Sneasler|81/100\n|-heal|p1a: Sinistcha|23/100|[from] drain|[of] p2a: Sneasler\n|-damage|p2b: Pelipper|45/100\n|-heal|p1a: Sinistcha|46/100|[from] drain|[of] p2b: Pelipper\n|-status|p2b: Pelipper|brn\n|\n|-weather|Snowscape|[upkeep]\n|-damage|p2b: Pelipper|39/100 brn|[from] brn\n|upkeep\n|turn|4\n|inactive|Battle timer is ON: inactive players will automatically lose when time's up. (requested by Sr Corbetta)\n|\n|t:|1776569633\n|move|p1a: Sinistcha|Protect|p1a: Sinistcha\n|-singleturn|p1a: Sinistcha|Protect\n|move|p2a: Sneasler|Dire Claw|p1b: Ninetales\n|-supereffective|p1b: Ninetales|1\n|-damage|p1b: Ninetales|23/100\n|move|p2b: Pelipper|Weather Ball|p1a: Sinistcha\n|-activate|p1a: Sinistcha|move: Protect\n|move|p1b: Ninetales|Moonblast|p2a: Sneasler\n|-damage|p2a: Sneasler|43/100\n|\n|-weather|Snowscape|[upkeep]\n|-damage|p2b: Pelipper|33/100 brn|[from] brn\n|upkeep\n|turn|5\n|\n|t:|1776569651\n|move|p1b: Ninetales|Protect|p1b: Ninetales\n|-singleturn|p1b: Ninetales|Protect\n|move|p2a: Sneasler|Dire Claw|p1b: Ninetales\n|-activate|p1b: Ninetales|move: Protect\n|move|p2b: Pelipper|Weather Ball|p1a: Sinistcha\n|-supereffective|p1a: Sinistcha|1\n|-damage|p1a: Sinistcha|0 fnt\n|faint|p1a: Sinistcha\n|\n|-weather|Snowscape|[upkeep]\n|-damage|p2b: Pelipper|27/100 brn|[from] brn\n|-sideend|p2: Pevar_8|move: Tailwind\n|upkeep\n|\n|t:|1776569662\n|switch|p1a: Sneasler|Sneasler, L50, M|100/100\n|turn|6\n|\n|t:|1776569677\n|switch|p2a: Basculegion|Basculegion, L50, M|100/100\n|move|p1a: Sneasler|Fake Out|p2a: Basculegion\n|-immune|p2a: Basculegion\n|move|p1b: Ninetales|Freeze-Dry|p2a: Basculegion\n|-supereffective|p2a: Basculegion|1\n|-damage|p2a: Basculegion|52/100\n|move|p2b: Pelipper|Tailwind|p2b: Pelipper\n|-sidestart|p2: Pevar_8|move: Tailwind\n|\n|-weather|none\n|-damage|p2b: Pelipper|21/100 brn|[from] brn\n|upkeep\n|turn|7\n|inactive|Pevar_8 has 30 seconds left.\n|inactive|Pevar_8 has 20 seconds left.\n|\n|t:|1776569715\n|move|p1b: Ninetales|Protect|p1b: Ninetales\n|-singleturn|p1b: Ninetales|Protect\n|move|p2a: Basculegion|Flip Turn|p1b: Ninetales\n|-activate|p1b: Ninetales|move: Protect\n|move|p2b: Pelipper|Hurricane|p1a: Sneasler\n|-supereffective|p1a: Sneasler|1\n|-damage|p1a: Sneasler|6/100\n|-start|p1a: Sneasler|confusion\n|-activate|p1a: Sneasler|confusion\n|move|p1a: Sneasler|Dire Claw|p2a: Basculegion\n|-resisted|p2a: Basculegion|1\n|-damage|p2a: Basculegion|21/100\n|\n|-damage|p2b: Pelipper|15/100 brn|[from] brn\n|upkeep\n|turn|8\n|inactive|Sr Corbetta has 30 seconds left.\n|\n|t:|1776569742\n|switch|p2b: Sneasler|Sneasler, L50, M|43/100\n|move|p2a: Basculegion|Flip Turn|p1b: Ninetales\n|-damage|p1b: Ninetales|0 fnt\n|faint|p1b: Ninetales\n|\n|t:|1776569751\n|switch|p2a: Pelipper|Pelipper, L50, M|15/100 brn|[from] Flip Turn\n|-weather|RainDance|[from] ability: Drizzle|[of] p2a: Pelipper\n|-activate|p1a: Sneasler|confusion\n|-damage|p1a: Sneasler|0 fnt|[from] confusion\n|faint|p1a: Sneasler\n|\n|win|Pevar_8\n|raw|Sr Corbetta's rating: 1174 &rarr; <strong>1150</strong><br />(-24 for losing)\n|raw|Pevar_8's rating: 1187 &rarr; <strong>1211</strong><br />(+24 for winning)\n|l|\u2606Sr Corbetta\n|player|p1|\n",
  "uploadtime": 1776569760,
  "views": 11,
  "formatid": "gen9championsvgc2026regma",
  "rating": 1150,
  "private": 0,
  "password": null
}