{
  "id": "gen9championsvgc2026regma-2586530569",
  "format": "[Gen 9 Champions] VGC 2026 Reg M-A",
  "players": [
    "Coolking50000",
    "bob0976"
  ],
  "log": "|j|\u2606Coolking50000\n|j|\u2606bob0976\n|t:|1776441017\n|gametype|doubles\n|player|p1|Coolking50000|worker-gen4|1165\n|player|p2|bob0976|2|1253\n|gen|9\n|tier|[Gen 9 Champions] VGC 2026 Reg M-A\n|rated|\n|rule|Species Clause: Limit one of each Pok\u00e9mon\n|rule|Item Clause: Limit 1 of each item\n|clearpoke\n|poke|p1|Tyranitar, L50, M|\n|poke|p1|Excadrill, L50, F|\n|poke|p1|Arcanine-Hisui, L50, M|\n|poke|p1|Sneasler, L50, M|\n|poke|p1|Milotic, L50, F|\n|poke|p1|Sinistcha, L50|\n|poke|p2|Meganium, L50, M|\n|poke|p2|Greninja-*, L50, M|\n|poke|p2|Pelipper, L50, F|\n|poke|p2|Archaludon, L50, M|\n|poke|p2|Sneasler, L50, M|\n|poke|p2|Incineroar, L50, M|\n|teampreview|4\n|inactive|Battle timer is ON: inactive players will automatically lose when time's up. (requested by bob0976)\n|inactive|Coolking50000 has 60 seconds left.\n|inactive|bob0976 has 60 seconds left.\n|inactive|Coolking50000 has 30 seconds left.\n|inactive|bob0976 has 30 seconds left.\n|\n|t:|1776441083\n|teamsize|p1|4\n|teamsize|p2|4\n|start\n|switch|p1a: Sneasler|Sneasler, L50, M|100/100\n|switch|p1b: Tyranitar|Tyranitar, L50, M|100/100\n|switch|p2a: Pelipper|Pelipper, L50, F|100/100\n|switch|p2b: Greninja|Greninja, L50, M|100/100\n|-weather|Sandstorm|[from] ability: Sand Stream|[of] p1b: Tyranitar\n|-weather|RainDance|[from] ability: Drizzle|[of] p2a: Pelipper\n|turn|1\n|inactive|Coolking50000 has 30 seconds left.\n|inactive|bob0976 has 30 seconds left.\n|\n|t:|1776441116\n|switch|p2b: Incineroar|Incineroar, L50, M|100/100\n|-ability|p2b: Incineroar|Intimidate|boost\n|-unboost|p1a: Sneasler|atk|1\n|-unboost|p1b: Tyranitar|atk|1\n|-enditem|p1a: Sneasler|White Herb\n|-clearnegativeboost|p1a: Sneasler|[silent]\n|detailschange|p1b: Tyranitar|Tyranitar-Mega, L50, M\n|-mega|p1b: Tyranitar|Tyranitar|Tyranitarite\n|-weather|Sandstorm|[from] ability: Sand Stream|[of] p1b: Tyranitar\n|move|p1a: Sneasler|Fake Out|p2a: Pelipper\n|-damage|p2a: Pelipper|83/100\n|move|p1b: Tyranitar|Rock Slide|p2b: Incineroar|[spread] p2a,p2b\n|-supereffective|p2a: Pelipper|1\n|-supereffective|p2b: Incineroar|1\n|-crit|p2b: Incineroar\n|-damage|p2a: Pelipper|31/100\n|-damage|p2b: Incineroar|1/100\n|-enditem|p2b: Incineroar|Sitrus Berry|[eat]\n|-heal|p2b: Incineroar|26/100|[from] item: Sitrus Berry\n|cant|p2a: Pelipper|flinch\n|\n|-weather|Sandstorm|[upkeep]\n|-damage|p1a: Sneasler|95/100|[from] Sandstorm\n|-damage|p2a: Pelipper|25/100|[from] Sandstorm\n|-damage|p2b: Incineroar|20/100|[from] Sandstorm\n|upkeep\n|turn|2\n|inactive|Coolking50000 has 30 seconds left.\n|inactive|bob0976 has 30 seconds left.\n|inactive|Coolking50000 has 20 seconds left.\n|inactive|bob0976 has 20 seconds left.\n|inactive|Coolking50000 has 15 seconds left.\n|inactive|bob0976 has 15 seconds left.\n|inactive|Coolking50000 has 10 seconds left.\n|\n|t:|1776441162\n|move|p2a: Pelipper|Wide Guard|p2a: Pelipper\n|-singleturn|p2a: Pelipper|Wide Guard\n|move|p2b: Incineroar|Fake Out|p1a: Sneasler\n|-damage|p1a: Sneasler|77/100\n|cant|p1a: Sneasler|flinch\n|move|p1b: Tyranitar|Rock Slide|p2b: Incineroar|[spread] \n|-activate|p2a: Pelipper|move: Wide Guard\n|-activate|p2b: Incineroar|move: Wide Guard\n|\n|-weather|Sandstorm|[upkeep]\n|-damage|p1a: Sneasler|71/100|[from] Sandstorm\n|-damage|p2a: Pelipper|19/100|[from] Sandstorm\n|-damage|p2b: Incineroar|14/100|[from] Sandstorm\n|upkeep\n|turn|3\n|\n|t:|1776441186\n|move|p1a: Sneasler|Dire Claw|p2b: Incineroar\n|-damage|p2b: Incineroar|0 fnt\n|faint|p2b: Incineroar\n|move|p1b: Tyranitar|Rock Slide|p2a: Pelipper\n|-supereffective|p2a: Pelipper|1\n|-damage|p2a: Pelipper|0 fnt\n|faint|p2a: Pelipper\n|\n|-weather|Sandstorm|[upkeep]\n|-damage|p1a: Sneasler|65/100|[from] Sandstorm\n|upkeep\n|\n|t:|1776441196\n|switch|p2a: Sneasler|Sneasler, L50, M|100/100\n|switch|p2b: Greninja|Greninja, L50, M|100/100\n|turn|4\n|\n|t:|1776441221\n|switch|p1a: Milotic|Milotic, L50, F|100/100\n|switch|p1b: Sinistcha|Sinistcha, L50|100/100\n|detailschange|p2b: Greninja|Greninja-Mega, L50, M\n|-mega|p2b: Greninja|Greninja|Greninjite\n|move|p2a: Sneasler|Fake Out|p1a: Milotic\n|-damage|p1a: Milotic|88/100\n|move|p2b: Greninja|Hydro Pump|p1b: Sinistcha|[miss]\n|-start|p2b: Greninja|typechange|Water|[from] ability: Protean\n|-miss|p2b: Greninja|p1b: Sinistcha\n|\n|-weather|Sandstorm|[upkeep]\n|-damage|p2b: Greninja|94/100|[from] Sandstorm\n|-damage|p2a: Sneasler|95/100|[from] Sandstorm\n|-damage|p1a: Milotic|82/100|[from] Sandstorm\n|-damage|p1b: Sinistcha|94/100|[from] Sandstorm\n|-heal|p1a: Milotic|88/100|[from] item: Leftovers\n|upkeep\n|turn|5\n|inactive|Coolking50000 has 30 seconds left.\n|inactive|Coolking50000 has 20 seconds left.\n|inactive|Coolking50000 has 15 seconds left.\n|\n|t:|1776441263\n|switch|p1a: Sneasler|Sneasler, L50, M|65/100\n|move|p2b: Greninja|Dark Pulse|p1b: Sinistcha\n|-supereffective|p1b: Sinistcha|1\n|-damage|p1b: Sinistcha|39/100\n|-enditem|p1b: Sinistcha|Sitrus Berry|[eat]\n|-heal|p1b: Sinistcha|64/100|[from] item: Sitrus Berry\n|move|p2a: Sneasler|Close Combat|p1a: Sneasler\n|-resisted|p1a: Sneasler|1\n|-crit|p1a: Sneasler\n|-damage|p1a: Sneasler|0 fnt\n|-unboost|p2a: Sneasler|def|1\n|-unboost|p2a: Sneasler|spd|1\n|faint|p1a: Sneasler\n|-enditem|p2a: Sneasler|White Herb\n|-clearnegativeboost|p2a: Sneasler|[silent]\n|cant|p1b: Sinistcha|flinch\n|\n|-weather|none\n|upkeep\n|\n|t:|1776441284\n|switch|p1a: Milotic|Milotic, L50, F|88/100\n|turn|6\n|\n|t:|1776441298\n|move|p2a: Sneasler|Dire Claw|p1a: Milotic\n|-damage|p1a: Milotic|44/100\n|move|p2b: Greninja|Dark Pulse|p1b: Sinistcha\n|-supereffective|p1b: Sinistcha|1\n|-damage|p1b: Sinistcha|13/100\n|move|p1a: Milotic|Surf|p2b: Greninja|[spread] p1b,p2a,p2b\n|-resisted|p1b: Sinistcha|1\n|-crit|p2a: Sneasler\n|-resisted|p2b: Greninja|1\n|-damage|p1b: Sinistcha|0 fnt\n|-damage|p2a: Sneasler|40/100\n|-damage|p2b: Greninja|75/100\n|faint|p1b: Sinistcha\n|\n|-heal|p1a: Milotic|50/100|[from] item: Leftovers\n|upkeep\n|\n|t:|1776441313\n|switch|p1b: Tyranitar|Tyranitar-Mega, L50, M|100/100\n|-weather|Sandstorm|[from] ability: Sand Stream|[of] p1b: Tyranitar\n|turn|7\n|inactive|Coolking50000 has 30 seconds left.\n|\n|t:|1776441347\n|move|p2a: Sneasler|Close Combat|p1b: Tyranitar\n|-supereffective|p1b: Tyranitar|2\n|-damage|p1b: Tyranitar|0 fnt\n|-unboost|p2a: Sneasler|def|1\n|-unboost|p2a: Sneasler|spd|1\n|faint|p1b: Tyranitar\n|move|p2b: Greninja|Grass Knot|p1a: Milotic\n|-supereffective|p1a: Milotic|1\n|-damage|p1a: Milotic|0 fnt\n|faint|p1a: Milotic\n|\n|win|bob0976\n|raw|Coolking50000's rating: 1165 &rarr; <strong>1146</strong><br />(-19 for losing)\n|raw|bob0976's rating: 1253 &rarr; <strong>1272</strong><br />(+19 for winning)\n|l|\u2606Coolking50000\n|player|p1|\n",
  "uploadtime": 1776441363,
  "views": 29,
  "formatid": "gen9championsvgc2026regma",
  "rating": 1146,
  "private": 0,
  "password": null
}