{
  "id": "gen9championsvgc2026regma-2585708037",
  "format": "[Gen 9 Champions] VGC 2026 Reg M-A",
  "players": [
    "Masa21",
    "juvykid"
  ],
  "log": "|j|\u2606Masa21\n|j|\u2606juvykid\n|t:|1776365125\n|gametype|doubles\n|player|p1|Masa21|n|1000\n|player|p2|juvykid|veteran|1085\n|gen|9\n|tier|[Gen 9 Champions] VGC 2026 Reg M-A\n|rated|\n|rule|Species Clause: Limit one of each Pok\u00e9mon\n|rule|Item Clause: Limit 1 of each item\n|clearpoke\n|poke|p1|Aerodactyl, L50, F|\n|poke|p1|Garchomp, L50, M|\n|poke|p1|Tyranitar, L50, F|\n|poke|p1|Excadrill, L50, M|\n|poke|p1|Aggron, L50, M|\n|poke|p1|Klefki, L50, F|\n|poke|p2|Froslass, L50, F|\n|poke|p2|Gengar, L50, M|\n|poke|p2|Basculegion, L50, M|\n|poke|p2|Sneasler, L50, M|\n|poke|p2|Kingambit, L50, F|\n|poke|p2|Garchomp, L50, F|\n|teampreview|4\n|inactive|Battle timer is ON: inactive players will automatically lose when time's up. (requested by juvykid)\njuvykid has agreed to open team sheets.\n|\n|t:|1776365155\n|teamsize|p1|4\n|teamsize|p2|4\n|start\n|switch|p1a: Aggron|Aggron, L50, M|100/100\n|switch|p1b: Klefki|Klefki, L50, F|100/100\n|switch|p2a: Melinoe|Froslass, L50, F|100/100\n|switch|p2b: Oni|Sneasler, L50, M|100/100\n|turn|1\n|\n|t:|1776365177\n|detailschange|p1a: Aggron|Aggron-Mega, L50, M\n|-mega|p1a: Aggron|Aggron|Aggronite\n|move|p2b: Oni|Fake Out|p1b: Klefki\n|-resisted|p1b: Klefki|1\n|-damage|p1b: Klefki|93/100\n|cant|p1b: Klefki|flinch\n|move|p2a: Melinoe|Substitute|p2a: Melinoe\n|-start|p2a: Melinoe|Substitute\n|-damage|p2a: Melinoe|76/100\n|move|p1a: Aggron|Heavy Slam|p2a: Melinoe\n|-supereffective|p2a: Melinoe|1\n|-end|p2a: Melinoe|Substitute\n|\n|upkeep\n|turn|2\n|inactive|juvykid has 30 seconds left.\n|inactive|Masa21 has 30 seconds left.\n|\n|t:|1776365209\n|switch|p2a: Shumokuzame|Garchomp, L50, F|100/100\n|move|p1b: Klefki|Light Screen|p1b: Klefki\n|-sidestart|p1: Masa21|move: Light Screen\n|move|p2b: Oni|Close Combat|p1b: Klefki\n|-damage|p1b: Klefki|18/100\n|-unboost|p2b: Oni|def|1\n|-unboost|p2b: Oni|spd|1\n|move|p1a: Aggron|Heavy Slam|p2b: Oni\n|-enditem|p2b: Oni|Focus Sash\n|-damage|p2b: Oni|1/100\n|\n|upkeep\n|turn|3\n|inactive|juvykid has 30 seconds left.\n|\n|t:|1776365235\n|move|p2a: Shumokuzame|Protect|p2a: Shumokuzame\n|-singleturn|p2a: Shumokuzame|Protect\n|move|p1b: Klefki|Reflect|p1b: Klefki\n|-sidestart|p1: Masa21|Reflect\n|move|p2b: Oni|Close Combat|p1b: Klefki\n|-damage|p1b: Klefki|0 fnt\n|-unboost|p2b: Oni|def|1\n|-unboost|p2b: Oni|spd|1\n|faint|p1b: Klefki\n|move|p1a: Aggron|Body Press|p2a: Shumokuzame\n|-activate|p2a: Shumokuzame|move: Protect\n|\n|upkeep\n|inactive|Masa21 has 30 seconds left.\n|\n|t:|1776365266\n|switch|p1b: Tyranitar|Tyranitar, L50, F|100/100\n|-weather|Sandstorm|[from] ability: Sand Stream|[of] p1b: Tyranitar\n|turn|4\n|inactive|Masa21 has 30 seconds left.\n|inactive|juvykid has 30 seconds left.\n|\n|t:|1776365299\n|move|p1b: Tyranitar|Protect|p1b: Tyranitar\n|-singleturn|p1b: Tyranitar|Protect\n|move|p2b: Oni|Close Combat|p1b: Tyranitar\n|-activate|p1b: Tyranitar|move: Protect\n|move|p2a: Shumokuzame|Dragon Claw|p1a: Aggron\n|-resisted|p1a: Aggron|1\n|-damage|p1a: Aggron|94/100\n|move|p1a: Aggron|Heavy Slam|p2b: Oni\n|-damage|p2b: Oni|0 fnt\n|faint|p2b: Oni\n|\n|-weather|Sandstorm|[upkeep]\n|upkeep\n|\n|t:|1776365313\n|switch|p2b: Melinoe|Froslass, L50, F|76/100\n|turn|5\n|\n|t:|1776365335\n|detailschange|p2b: Melinoe|Froslass-Mega, L50, F\n|-mega|p2b: Melinoe|Froslass|Froslassite\n|-weather|Snowscape|[from] ability: Snow Warning|[of] p2b: Melinoe\n|move|p2b: Melinoe|Blizzard|p1b: Tyranitar|[spread] p1a,p1b\n|-resisted|p1a: Aggron|1\n|-crit|p1b: Tyranitar\n|-damage|p1a: Aggron|74/100\n|-damage|p1b: Tyranitar|25/100\n|move|p2a: Shumokuzame|Rock Slide|p1b: Tyranitar|[spread] p1a,p1b\n|-resisted|p1a: Aggron|1\n|-damage|p1a: Aggron|70/100\n|-damage|p1b: Tyranitar|16/100\n|move|p1b: Tyranitar|Knock Off|p2a: Shumokuzame\n|-damage|p2a: Shumokuzame|52/100\n|-damage|p1b: Tyranitar|3/100|[from] ability: Rough Skin|[of] p2a: Shumokuzame\n|-enditem|p2a: Shumokuzame|Sitrus Berry|[from] move: Knock Off|[of] p1b: Tyranitar\n|move|p1a: Aggron|Heavy Slam|p2b: Melinoe\n|-supereffective|p2b: Melinoe|1\n|-crit|p2b: Melinoe\n|-damage|p2b: Melinoe|0 fnt\n|faint|p2b: Melinoe\n|\n|-weather|Snowscape|[upkeep]\n|-heal|p1b: Tyranitar|10/100|[from] item: Leftovers\n|upkeep\n|\n|t:|1776365353\n|switch|p2b: Ebisu|Basculegion, L50, M|100/100\n|turn|6\n|\n|t:|1776365367\n|move|p2a: Shumokuzame|Rock Slide|p1b: Tyranitar|[spread] p1a,p1b\n|-resisted|p1a: Aggron|1\n|-crit|p1b: Tyranitar\n|-damage|p1a: Aggron|67/100\n|-damage|p1b: Tyranitar|0 fnt\n|faint|p1b: Tyranitar\n|move|p2b: Ebisu|Last Respects|p1a: Aggron\n|-damage|p1a: Aggron|33/100\n|move|p1a: Aggron|Heavy Slam|p2a: Shumokuzame\n|-damage|p2a: Shumokuzame|6/100\n|-damage|p1a: Aggron|20/100|[from] ability: Rough Skin|[of] p2a: Shumokuzame\n|\n|-weather|Snowscape|[upkeep]\n|-sideend|p1: Masa21|move: Light Screen\n|upkeep\n|\n|t:|1776365378\n|switch|p1b: Excadrill|Excadrill, L50, M|100/100\n|turn|7\n|\n|t:|1776365390\n|move|p2a: Shumokuzame|Protect|p2a: Shumokuzame\n|-singleturn|p2a: Shumokuzame|Protect\n|move|p2b: Ebisu|Last Respects|p1a: Aggron\n|-damage|p1a: Aggron|0 fnt\n|faint|p1a: Aggron\n|move|p1b: Excadrill|Rapid Spin|p2a: Shumokuzame\n|-activate|p2a: Shumokuzame|move: Protect\n|\n|-weather|Snowscape|[upkeep]\n|-sideend|p1: Masa21|Reflect\n|upkeep\n|turn|8\n|\n|t:|1776365409\n|move|p2a: Shumokuzame|Earthquake|p1b: Excadrill|[spread] p2b,p1b\n|-supereffective|p1b: Excadrill|1\n|-damage|p2b: Ebisu|50/100\n|-enditem|p1b: Excadrill|Focus Sash\n|-damage|p1b: Excadrill|1/100\n|move|p2b: Ebisu|Last Respects|p1b: Excadrill\n|-damage|p1b: Excadrill|0 fnt\n|faint|p1b: Excadrill\n|\n|win|juvykid\n|raw|Masa21's rating: 1000 &rarr; <strong>1000</strong><br />(+0 for losing)\n|raw|juvykid's rating: 1085 &rarr; <strong>1106</strong><br />(+21 for winning)\n|c|\u2606juvykid|Gg\n|l|\u2606Masa21\n|player|p1|\n",
  "uploadtime": 1776365423,
  "views": 21,
  "formatid": "gen9championsvgc2026regma",
  "rating": 1000,
  "private": 0,
  "password": null
}