{
  "id": "gen9championsvgc2026regma-2588156080",
  "format": "[Gen 9 Champions] VGC 2026 Reg M-A",
  "players": [
    "pepepingaZZA",
    "magato123"
  ],
  "log": "|j|\u2606pepepingaZZA\n|j|\u2606magato123\n|t:|1776609873\n|gametype|doubles\n|player|p1|pepepingaZZA|265|1113\n|player|p2|magato123|turo-ai|1027\n|gen|9\n|tier|[Gen 9 Champions] VGC 2026 Reg M-A\n|rated|\n|rule|Species Clause: Limit one of each Pok\u00e9mon\n|rule|Item Clause: Limit 1 of each item\n|clearpoke\n|poke|p1|Whimsicott, L50, F|\n|poke|p1|Incineroar, L50, F|\n|poke|p1|Dragonite, L50, F, shiny|\n|poke|p1|Garchomp, L50, F|\n|poke|p1|Farigiraf, L50, F|\n|poke|p1|Rotom-Wash, L50|\n|poke|p2|Gengar, L50, M|\n|poke|p2|Garchomp, L50, M|\n|poke|p2|Basculegion, L50, M|\n|poke|p2|Clefable, L50, M|\n|poke|p2|Sneasler, L50, F|\n|poke|p2|Sableye, L50, F|\n|teampreview|4\n|inactive|Battle timer is ON: inactive players will automatically lose when time's up. (requested by magato123)\nmagato123 rejected open team sheets.\n|inactive|pepepingaZZA has 60 seconds left.\n|\n|t:|1776609930\n|teamsize|p1|4\n|teamsize|p2|4\n|start\n|switch|p1a: Rotom|Rotom-Wash, L50|100/100\n|switch|p1b: Incineroar|Incineroar, L50, F|100/100\n|switch|p2a: Clefable|Clefable, L50, M|100/100\n|switch|p2b: Sneasler|Sneasler, L50, F|100/100\n|-ability|p1b: Incineroar|Intimidate|boost\n|-unboost|p2a: Clefable|atk|1\n|-unboost|p2b: Sneasler|atk|1\n|turn|1\n|\n|t:|1776609945\n|move|p1b: Incineroar|Fake Out|p2b: Sneasler\n|-damage|p2b: Sneasler|79/100\n|move|p1a: Rotom|Electroweb|p2b: Sneasler|[spread] p2a,p2b\n|-damage|p2a: Clefable|87/100\n|-damage|p2b: Sneasler|55/100\n|-unboost|p2a: Clefable|spe|1\n|-unboost|p2b: Sneasler|spe|1\n|cant|p2b: Sneasler|flinch\n|move|p2a: Clefable|Icy Wind|p1a: Rotom|[spread] p1a,p1b\n|-resisted|p1a: Rotom|1\n|-resisted|p1b: Incineroar|1\n|-damage|p1a: Rotom|95/100\n|-damage|p1b: Incineroar|96/100\n|-unboost|p1a: Rotom|spe|1\n|-unboost|p1b: Incineroar|spe|1\n|\n|-heal|p2a: Clefable|93/100|[from] item: Leftovers\n|upkeep\n|turn|2\n|j| SADATO69\n|inactive|pepepingaZZA has 30 seconds left.\n|inactive|pepepingaZZA has 20 seconds left.\n|inactive|pepepingaZZA has 15 seconds left.\n|inactive|pepepingaZZA has 10 seconds left.\n|\n|t:|1776609994\n|switch|p1b: Garchomp|Garchomp, L50, F|100/100\n|move|p1a: Rotom|Electroweb|p2a: Clefable|[spread] p2a,p2b\n|-damage|p2a: Clefable|79/100\n|-damage|p2b: Sneasler|31/100\n|-unboost|p2a: Clefable|spe|1\n|-unboost|p2b: Sneasler|spe|1\n|move|p2b: Sneasler|Close Combat|p1a: Rotom\n|-damage|p1a: Rotom|38/100\n|-unboost|p2b: Sneasler|def|1\n|-unboost|p2b: Sneasler|spd|1\n|move|p2a: Clefable|Icy Wind|p1a: Rotom|[spread] p1a,p1b\n|-resisted|p1a: Rotom|1\n|-supereffective|p1b: Garchomp|2\n|-damage|p1a: Rotom|33/100\n|-damage|p1b: Garchomp|61/100\n|-unboost|p1a: Rotom|spe|1\n|-unboost|p1b: Garchomp|spe|1\n|-enditem|p1b: Garchomp|White Herb\n|-clearnegativeboost|p1b: Garchomp|[silent]\n|\n|-heal|p2a: Clefable|85/100|[from] item: Leftovers\n|upkeep\n|turn|3\n|inactive|pepepingaZZA has 30 seconds left.\n|\n|t:|1776610024\n|move|p1b: Garchomp|Earthquake|p2a: Clefable|[spread] p2a,p2b\n|-immune|p1a: Rotom|[from] ability: Levitate\n|-supereffective|p2b: Sneasler|1\n|-damage|p2a: Clefable|52/100\n|-damage|p2b: Sneasler|0 fnt\n|faint|p2b: Sneasler\n|move|p1a: Rotom|Electroweb|p2a: Clefable\n|-damage|p2a: Clefable|31/100\n|-unboost|p2a: Clefable|spe|1\n|move|p2a: Clefable|Icy Wind|p1a: Rotom|[spread] p1a,p1b\n|-resisted|p1a: Rotom|1\n|-supereffective|p1b: Garchomp|2\n|-damage|p1a: Rotom|27/100\n|-damage|p1b: Garchomp|15/100\n|-unboost|p1a: Rotom|spe|1\n|-unboost|p1b: Garchomp|spe|1\n|\n|-heal|p2a: Clefable|37/100|[from] item: Leftovers\n|upkeep\n|\n|t:|1776610024\n|switch|p2b: Garchomp|Garchomp, L50, M|100/100\n|turn|4\n|\n|t:|1776610045\n|switch|p1b: Incineroar|Incineroar, L50, F|96/100\n|-ability|p1b: Incineroar|Intimidate|boost\n|-unboost|p2a: Clefable|atk|1\n|-unboost|p2b: Garchomp|atk|1\n|detailschange|p2b: Garchomp|Garchomp-Mega, L50, M\n|-mega|p2b: Garchomp|Garchomp|Garchompite\n|move|p2b: Garchomp|Iron Tail|p1a: Rotom\n|-resisted|p1a: Rotom|2\n|-damage|p1a: Rotom|18/100\n|move|p1a: Rotom|Electroweb|p2a: Clefable|[spread] p2a\n|-immune|p2b: Garchomp\n|-damage|p2a: Clefable|24/100\n|-unboost|p2a: Clefable|spe|1\n|move|p2a: Clefable|Gravity|p2a: Clefable\n|-fieldstart|move: Gravity\n|\n|-heal|p2a: Clefable|30/100|[from] item: Leftovers\n|upkeep\n|turn|5\n|l| SADATO69\n|inactive|pepepingaZZA has 30 seconds left.\n|\n|t:|1776610070\n|switch|p1a: Dragonite|Dragonite, L50, F, shiny|100/100\n|move|p1b: Incineroar|Fake Out|p2b: Garchomp\n|-crit|p2b: Garchomp\n|-damage|p2b: Garchomp|85/100\n|cant|p2b: Garchomp|flinch\n|move|p2a: Clefable|Gravity||[still]\n|-fail|p2a: Clefable\n|\n|-heal|p2a: Clefable|36/100|[from] item: Leftovers\n|upkeep\n|turn|6\n|l|\u2606magato123\n|inactive|magato123 disconnected and has a minute to reconnect!\n|player|p2|\n|\n|t:|1776610094\n|detailschange|p1a: Dragonite|Dragonite-Mega, L50, F, shiny\n|-mega|p1a: Dragonite|Dragonite|Dragoninite\n|move|p1a: Dragonite|Ice Beam|p2b: Garchomp\n|-supereffective|p2b: Garchomp|2\n|-damage|p2b: Garchomp|0 fnt\n|faint|p2b: Garchomp\n|move|p1b: Incineroar|Flare Blitz|p2a: Clefable\n|-damage|p2a: Clefable|0 fnt\n|faint|p2a: Clefable\n|-damage|p1b: Incineroar|82/100|[from] Recoil\n|\n|upkeep\n|inactive|magato123 has 30 seconds left.\n|j|\u2606magato123\n|inactive|magato123 reconnected and has 25 seconds left.\n|player|p2|magato123|turo-ai|\n|inactive|magato123 has 20 seconds left.\n|\n|t:|1776610131\n|switch|p2a: Basculegion|Basculegion, L50, M|100/100\n|turn|7\n|\n|t:|1776610146\n|move|p2a: Basculegion|Last Respects|p1a: Dragonite\n|-damage|p1a: Dragonite|35/100\n|move|p1a: Dragonite|Draco Meteor|p2a: Basculegion\n|-damage|p2a: Basculegion|14/100\n|-unboost|p1a: Dragonite|spa|2\n|move|p1b: Incineroar|Parting Shot|p2a: Basculegion\n|-unboost|p2a: Basculegion|atk|1\n|-unboost|p2a: Basculegion|spa|1\n|\n|t:|1776610157\n|switch|p1b: Rotom|Rotom-Wash, L50|18/100|[from] Parting Shot\n|\n|upkeep\n|turn|8\n|\n|t:|1776610168\n|move|p1a: Dragonite|Protect|p1a: Dragonite\n|-singleturn|p1a: Dragonite|Protect\n|move|p1b: Rotom|Volt Switch|p2a: Basculegion\n|-supereffective|p2a: Basculegion|1\n|-damage|p2a: Basculegion|0 fnt\n|faint|p2a: Basculegion\n|\n|win|pepepingaZZA\n|raw|pepepingaZZA's rating: 1113 &rarr; <strong>1130</strong><br />(+17 for winning)\n|raw|magato123's rating: 1005 &rarr; <strong>1000</strong><br />(-5 for losing)\n|l|\u2606magato123\n|player|p2|\n|j| SADATO69\n|l| SADATO69\n|j| SADATO69\n",
  "uploadtime": 1776610219,
  "views": 9,
  "formatid": "gen9championsvgc2026regma",
  "rating": 1000,
  "private": 0,
  "password": null
}