{
  "id": "gen9championsvgc2026regma-2587049586",
  "format": "[Gen 9 Champions] VGC 2026 Reg M-A",
  "players": [
    "ElZuylon",
    "Minioracrobaticsss"
  ],
  "log": "|j|\u2606ElZuylon\n|j|\u2606Minioracrobaticsss\n|t:|1776486788\n|gametype|doubles\n|player|p1|ElZuylon|1|1000\n|player|p2|Minioracrobaticsss|1|1033\n|gen|9\n|tier|[Gen 9 Champions] VGC 2026 Reg M-A\n|rated|\n|rule|Species Clause: Limit one of each Pok\u00e9mon\n|rule|Item Clause: Limit 1 of each item\n|clearpoke\n|poke|p1|Lucario, L50, M|\n|poke|p1|Pelipper, L50, F|\n|poke|p1|Archaludon, L50, F|\n|poke|p1|Dragonite, L50, F|\n|poke|p1|Basculegion, L50, M|\n|poke|p1|Kingambit, L50, F|\n|poke|p2|Sableye, L50, M|\n|poke|p2|Alakazam, L50, M|\n|poke|p2|Farigiraf, L50, F|\n|poke|p2|Maushold-Four, L50|\n|poke|p2|Aegislash, L50, M|\n|poke|p2|Liepard, L50, F|\n|teampreview|4\n|inactive|Battle timer is ON: inactive players will automatically lose when time's up. (requested by Minioracrobaticsss)\n|inactive|ElZuylon has 60 seconds left.\n|\n|t:|1776486858\n|teamsize|p1|4\n|teamsize|p2|4\n|start\n|switch|p1a: Archaludon|Archaludon, L50, F|100/100\n|switch|p1b: Pelipper|Pelipper, L50, F|100/100\n|switch|p2a: Liepard|Liepard, L50, F|100/100\n|switch|p2b: Alakazam|Alakazam, L50, M|100/100\n|-weather|RainDance|[from] ability: Drizzle|[of] p1b: Pelipper\n|turn|1\n|l|\u2606Minioracrobaticsss\n|inactive|Minioracrobaticsss disconnected and has a minute to reconnect!\n|player|p2|\n|inactive|Minioracrobaticsss has 30 seconds left.\n|inactive|Minioracrobaticsss has 20 seconds left.\n|inactive|Minioracrobaticsss has 15 seconds left.\n|j|\u2606Minioracrobaticsss\n|inactive|Minioracrobaticsss reconnected and has 15 seconds left.\n|player|p2|Minioracrobaticsss|1|\n|inactive|Minioracrobaticsss has 10 seconds left.\n|\n|t:|1776486907\n|move|p2a: Liepard|Sunny Day|p2a: Liepard\n|-weather|SunnyDay\n|move|p2b: Alakazam|Nasty Plot|p2b: Alakazam\n|-boost|p2b: Alakazam|spa|2\n|move|p1b: Pelipper|Tailwind|p1b: Pelipper\n|-sidestart|p1: ElZuylon|move: Tailwind\n|move|p1a: Archaludon|Electro Shot||[still]\n|-prepare|p1a: Archaludon|Electro Shot\n|-boost|p1a: Archaludon|spa|1\n|\n|-weather|SunnyDay|[upkeep]\n|upkeep\n|turn|2\n|inactive|ElZuylon has 30 seconds left.\n|inactive|Minioracrobaticsss has 30 seconds left.\n|inactive|Minioracrobaticsss has 20 seconds left.\n|\n|t:|1776486948\n|detailschange|p2b: Alakazam|Alakazam-Mega, L50, M\n|-mega|p2b: Alakazam|Alakazam|Alakazite\n|-ability|p2b: Alakazam|Stamina|Trace|[from] ability: Trace|[of] p1a: Archaludon\n|move|p1b: Pelipper|Hurricane|p2b: Alakazam|[miss]\n|-miss|p1b: Pelipper|p2b: Alakazam\n|move|p2b: Alakazam|Focus Blast|p1a: Archaludon\n|-supereffective|p1a: Archaludon|1\n|-damage|p1a: Archaludon|0 fnt\n|faint|p1a: Archaludon\n|move|p2a: Liepard|Snarl|p1b: Pelipper\n|-damage|p1b: Pelipper|75/100\n|-unboost|p1b: Pelipper|spa|1\n|\n|-weather|SunnyDay|[upkeep]\n|upkeep\n|\n|t:|1776486963\n|switch|p1a: Kingambit|Kingambit, L50, F|100/100\n|turn|3\n|\n|t:|1776486972\n|switch|p2a: Farigiraf|Farigiraf, L50, F|100/100\n|move|p1b: Pelipper|Wide Guard|p1b: Pelipper\n|-singleturn|p1b: Pelipper|Wide Guard\n|move|p1a: Kingambit|Sucker Punch||[still]\n|cant|p2a: Farigiraf|ability: Armor Tail|Sucker Punch|[of] p1a: Kingambit\n|move|p2b: Alakazam|Focus Blast|p1a: Kingambit|[miss]\n|-miss|p2b: Alakazam|p1a: Kingambit\n|\n|-weather|SunnyDay|[upkeep]\n|upkeep\n|turn|4\n|\n|t:|1776486990\n|switch|p1b: Dragonite|Dragonite, L50, F|100/100\n|move|p2a: Farigiraf|Ally Switch|p2a: Farigiraf\n|swap|p2a: Farigiraf|1|[from] move: Ally Switch\n|move|p2a: Alakazam|Focus Blast|p1a: Kingambit\n|-supereffective|p1a: Kingambit|2\n|-enditem|p1a: Kingambit|Chople Berry|[eat]\n|-enditem|p1a: Kingambit|Chople Berry|[weaken]\n|-damage|p1a: Kingambit|0 fnt\n|faint|p1a: Kingambit\n|\n|-weather|SunnyDay|[upkeep]\n|-sideend|p1: ElZuylon|move: Tailwind\n|upkeep\n|\n|t:|1776487000\n|switch|p1a: Pelipper|Pelipper, L50, F|75/100\n|-weather|RainDance|[from] ability: Drizzle|[of] p1a: Pelipper\n|turn|5\n|\n|t:|1776487024\n|detailschange|p1b: Dragonite|Dragonite-Mega, L50, F\n|-mega|p1b: Dragonite|Dragonite|Dragoninite\n|move|p2a: Alakazam|Psychic|p1a: Pelipper\n|-damage|p1a: Pelipper|0 fnt\n|faint|p1a: Pelipper\n|move|p1b: Dragonite|Tailwind|p1b: Dragonite\n|-sidestart|p1: ElZuylon|move: Tailwind\n|move|p2b: Farigiraf|Psychic Noise|p1b: Dragonite\n|-damage|p1b: Dragonite|88/100\n|-start|p1b: Dragonite|move: Heal Block\n|\n|-weather|RainDance|[upkeep]\n|upkeep\n|turn|6\n|\n|t:|1776487041\n|move|p2b: Farigiraf|Helping Hand|p2a: Alakazam\n|-singleturn|p2a: Alakazam|Helping Hand|[of] p2b: Farigiraf\n|move|p1b: Dragonite|Hurricane|p2a: Alakazam\n|-damage|p2a: Alakazam|12/100\n|-ability|p2a: Alakazam|Stamina|boost\n|-boost|p2a: Alakazam|def|1\n|move|p2a: Alakazam|Psychic|p1b: Dragonite\n|-damage|p1b: Dragonite|0 fnt\n|faint|p1b: Dragonite\n|\n|win|Minioracrobaticsss\n|raw|ElZuylon's rating: 1000 &rarr; <strong>1000</strong><br />(+0 for losing)\n|raw|Minioracrobaticsss's rating: 1033 &rarr; <strong>1065</strong><br />(+32 for winning)\n",
  "uploadtime": 1776487050,
  "views": 19,
  "formatid": "gen9championsvgc2026regma",
  "rating": 1000,
  "private": 0,
  "password": null
}