{
  "id": "gen9championsvgc2026regma-2585358493",
  "format": "[Gen 9 Champions] VGC 2026 Reg M-A",
  "players": [
    "Lyoi",
    "Pruger"
  ],
  "log": "|j|\u2606Lyoi\n|j|\u2606Pruger\n|t:|1776341067\n|gametype|doubles\n|player|p1|Lyoi|miku-ghost|1000\n|player|p2|Pruger|101|1000\n|gen|9\n|tier|[Gen 9 Champions] VGC 2026 Reg M-A\n|rated|\n|rule|Species Clause: Limit one of each Pok\u00e9mon\n|rule|Item Clause: Limit 1 of each item\n|clearpoke\n|poke|p1|Sneasler, L50, M|\n|poke|p1|Pelipper, L50, M|\n|poke|p1|Archaludon, L50, F|\n|poke|p1|Starmie, L50|\n|poke|p1|Garchomp, L50, M|\n|poke|p1|Sinistcha, L50|\n|poke|p2|Whimsicott, L50, F|\n|poke|p2|Kleavor, L50, M|\n|poke|p2|Farigiraf, L50, M|\n|poke|p2|Ditto, L50|\n|poke|p2|Starmie, L50|\n|poke|p2|Heliolisk, L50, M|\n|teampreview|4\n|inactive|Battle timer is ON: inactive players will automatically lose when time's up. (requested by Pruger)\n|\n|t:|1776341088\n|teamsize|p1|4\n|teamsize|p2|4\n|start\n|switch|p1a: Sneasler|Sneasler, L50, M|100/100\n|switch|p1b: Starmie|Starmie, L50|100/100\n|switch|p2a: Whimsicott|Whimsicott, L50, F|100/100\n|switch|p2b: Ditto|Ditto, L50|100/100\n|-transform|p2b: Ditto|p1a: Sneasler|[from] ability: Imposter\n|turn|1\n|\n|t:|1776341102\n|detailschange|p1b: Starmie|Starmie-Mega, L50\n|-mega|p1b: Starmie|Starmie|Starminite\n|move|p2b: Ditto|Fake Out|p1b: Starmie\n|-damage|p1b: Starmie|82/100\n|move|p1a: Sneasler|Fake Out|p2a: Whimsicott\n|-damage|p2a: Whimsicott|81/100\n|cant|p2a: Whimsicott|flinch\n|cant|p1b: Starmie|flinch\n|\n|upkeep\n|turn|2\n|inactive|Pruger has 30 seconds left.\n|\n|t:|1776341127\n|move|p2b: Ditto|Fake Out||[still]\n|-hint|Fake Out only works on your first turn out.\n|-fail|p2b: Ditto\n|move|p2a: Whimsicott|Tailwind|p2a: Whimsicott\n|-sidestart|p2: Pruger|move: Tailwind\n|move|p1b: Starmie|Psycho Cut|p2b: Ditto\n|-supereffective|p2b: Ditto|2\n|-damage|p2b: Ditto|0 fnt\n|faint|p2b: Ditto\n|move|p1a: Sneasler|Dire Claw|p2a: Whimsicott\n|-supereffective|p2a: Whimsicott|2\n|-damage|p2a: Whimsicott|0 fnt\n|faint|p2a: Whimsicott\n|\n|upkeep\n|\n|t:|1776341139\n|switch|p2a: Starmie|Starmie, L50|100/100\n|switch|p2b: Kleavor|Kleavor, L50, M, shiny|100/100\n|turn|3\n|\n|t:|1776341151\n|switch|p1a: Garchomp|Garchomp, L50, M|100/100\n|detailschange|p2a: Starmie|Starmie-Mega, L50\n|-mega|p2a: Starmie|Starmie|Starminite\n|move|p2a: Starmie|Ally Switch|p2a: Starmie\n|swap|p2a: Starmie|1|[from] move: Ally Switch\n|move|p2a: Kleavor|Swords Dance|p2a: Kleavor\n|-boost|p2a: Kleavor|atk|2\n|move|p1b: Starmie|Skill Swap|p1a: Garchomp\n|-activate|p1b: Starmie|Skill Swap|||[of] p1a: Garchomp\n|\n|upkeep\n|turn|4\n|inactive|Lyoi has 30 seconds left.\n|inactive|Pruger has 30 seconds left.\n|\n|t:|1776341179\n|move|p2b: Starmie|Blizzard|p1a: Garchomp|[spread] p1a,p1b\n|-supereffective|p1a: Garchomp|2\n|-resisted|p1b: Starmie|1\n|-damage|p1a: Garchomp|0 fnt\n|-damage|p1b: Starmie|68/100\n|faint|p1a: Garchomp\n|move|p2a: Kleavor|Rock Slide|p1b: Starmie\n|-damage|p1b: Starmie|0 fnt\n|faint|p1b: Starmie\n|\n|upkeep\n|\n|t:|1776341186\n|switch|p1b: Sinistcha|Sinistcha, L50|100/100\n|switch|p1a: Sneasler|Sneasler, L50, M|100/100\n|turn|5\n|\n|t:|1776341202\n|move|p1a: Sneasler|Fake Out|p2a: Kleavor\n|-resisted|p2a: Kleavor|1\n|-damage|p2a: Kleavor|90/100\n|move|p2b: Starmie|Ally Switch|p2b: Starmie\n|swap|p2b: Starmie|0|[from] move: Ally Switch\n|cant|p2b: Kleavor|flinch\n|move|p1b: Sinistcha|Matcha Gotcha|p2a: Starmie|[spread] p2a,p2b\n|-supereffective|p2a: Starmie|1\n|-damage|p2a: Starmie|49/100\n|-damage|p2b: Kleavor|50/100\n|\n|-sideend|p2: Pruger|move: Tailwind\n|upkeep\n|turn|6\n|\n|t:|1776341227\n|move|p2b: Kleavor|Protect|p2b: Kleavor\n|-singleturn|p2b: Kleavor|Protect\n|move|p2a: Starmie|Thunder Wave|p1a: Sneasler\n|-status|p1a: Sneasler|par\n|move|p1a: Sneasler|Close Combat|p2b: Kleavor\n|-activate|p2b: Kleavor|move: Protect\n|move|p1b: Sinistcha|Matcha Gotcha|p2a: Starmie|[spread] \n|-activate|p2b: Kleavor|move: Protect\n|-miss|p1b: Sinistcha|p2a: Starmie\n|\n|upkeep\n|turn|7\n|inactive|Lyoi has 30 seconds left.\n|\n|t:|1776341258\n|move|p2a: Starmie|Skill Swap|p2b: Kleavor\n|-activate|p2a: Starmie|Skill Swap|||[of] p2b: Kleavor\n|move|p2b: Kleavor|Rock Slide|p1b: Sinistcha|[spread] p1a,p1b\n|-resisted|p1a: Sneasler|1\n|-enditem|p1a: Sneasler|Focus Sash\n|-damage|p1a: Sneasler|1/100 par\n|-damage|p1b: Sinistcha|0 fnt\n|faint|p1b: Sinistcha\n|cant|p1a: Sneasler|par\n|\n|upkeep\n|turn|8\n|-message|Lyoi forfeited.\n|\n|win|Pruger\n|raw|Lyoi's rating: 1000 &rarr; <strong>1000</strong><br />(+0 for losing)\n|raw|Pruger's rating: 1000 &rarr; <strong>1040</strong><br />(+40 for winning)\n",
  "uploadtime": 1776341268,
  "views": 20,
  "formatid": "gen9championsvgc2026regma",
  "rating": 1000,
  "private": 0,
  "password": null
}