{
  "id": "gen9championsvgc2026regma-2587988926",
  "format": "[Gen 9 Champions] VGC 2026 Reg M-A",
  "players": [
    "crazyshit14",
    "hard tr bd"
  ],
  "log": "|j|\u2606crazyshit14\n|j|\u2606hard tr bd\n|t:|1776589391\n|gametype|doubles\n|player|p1|crazyshit14|266|1443\n|player|p2|hard tr bd|nate|1482\n|gen|9\n|tier|[Gen 9 Champions] VGC 2026 Reg M-A\n|rated|\n|rule|Species Clause: Limit one of each Pok\u00e9mon\n|rule|Item Clause: Limit 1 of each item\n|clearpoke\n|poke|p1|Manectric, L50, M|\n|poke|p1|Incineroar, L50, F|\n|poke|p1|Lopunny, L50, F|\n|poke|p1|Snorlax, L50, M|\n|poke|p1|Sinistcha, L50|\n|poke|p1|Torkoal, L50, F|\n|poke|p2|Floette-Eternal, L50, F|\n|poke|p2|Incineroar, L50, F|\n|poke|p2|Maushold, L50|\n|poke|p2|Basculegion, L50, M|\n|poke|p2|Sinistcha-Masterpiece, L50|\n|poke|p2|Sneasler, L50, M|\n|teampreview|4\ncrazyshit14 rejected open team sheets.\n|\n|t:|1776589410\n|teamsize|p1|4\n|teamsize|p2|4\n|start\n|switch|p1a: Manectric|Manectric, L50, M|100/100\n|switch|p1b: Incineroar|Incineroar, L50, F|100/100\n|switch|p2a: Incineroar|Incineroar, L50, F|100/100\n|switch|p2b: Floette|Floette-Eternal, L50, F|100/100\n|-ability|p2a: Incineroar|Intimidate|boost\n|-unboost|p1a: Manectric|atk|1\n|-unboost|p1b: Incineroar|atk|1\n|-ability|p1b: Incineroar|Intimidate|boost\n|-unboost|p2a: Incineroar|atk|1\n|-unboost|p2b: Floette|atk|1\n|turn|1\n|\n|t:|1776589435\n|detailschange|p1a: Manectric|Manectric-Mega, L50, M\n|-mega|p1a: Manectric|Manectric|Manectite\n|-ability|p1a: Manectric|Intimidate|boost\n|-unboost|p2a: Incineroar|atk|1\n|-unboost|p2b: Floette|atk|1\n|detailschange|p2b: Floette|Floette-Mega, L50, F\n|-mega|p2b: Floette|Floette|Floettite\n|-ability|p2b: Floette|Fairy Aura\n|move|p2a: Incineroar|Fake Out|p1a: Manectric\n|-damage|p1a: Manectric|94/100\n|move|p1b: Incineroar|Fake Out|p2a: Incineroar\n|-damage|p2a: Incineroar|95/100\n|cant|p1a: Manectric|flinch\n|move|p2b: Floette|Calm Mind|p2b: Floette\n|-boost|p2b: Floette|spa|1\n|-boost|p2b: Floette|spd|1\n|\n|upkeep\n|turn|2\n|\n|t:|1776589454\n|move|p1a: Manectric|Snarl|p2b: Floette|[spread] p2a,p2b\n|-resisted|p2a: Incineroar|1\n|-resisted|p2b: Floette|1\n|-damage|p2a: Incineroar|89/100\n|-damage|p2b: Floette|98/100\n|-unboost|p2a: Incineroar|spa|1\n|-unboost|p2b: Floette|spa|1\n|move|p2b: Floette|Calm Mind|p2b: Floette\n|-boost|p2b: Floette|spa|1\n|-boost|p2b: Floette|spd|1\n|move|p2a: Incineroar|Taunt|p1b: Incineroar\n|-start|p1b: Incineroar|move: Taunt\n|cant|p1b: Incineroar|move: Taunt|Parting Shot\n|\n|upkeep\n|turn|3\n|\n|t:|1776589472\n|move|p1a: Manectric|Snarl|p2a: Incineroar|[spread] p2a,p2b\n|-resisted|p2a: Incineroar|1\n|-resisted|p2b: Floette|1\n|-damage|p2a: Incineroar|84/100\n|-damage|p2b: Floette|95/100\n|-unboost|p2a: Incineroar|spa|1\n|-unboost|p2b: Floette|spa|1\n|move|p2b: Floette|Calm Mind|p2b: Floette\n|-boost|p2b: Floette|spa|1\n|-boost|p2b: Floette|spd|1\n|move|p2a: Incineroar|Parting Shot|p1b: Incineroar\n|-unboost|p1b: Incineroar|atk|1\n|-unboost|p1b: Incineroar|spa|1\n|\n|t:|1776589483\n|switch|p2a: Sneasler|Sneasler, L50, M|100/100|[from] Parting Shot\n|move|p1b: Incineroar|Snarl|p2a: Sneasler|[spread] p2a,p2b\n|-resisted|p2a: Sneasler|1\n|-resisted|p2b: Floette|1\n|-damage|p2a: Sneasler|95/100\n|-damage|p2b: Floette|94/100\n|-unboost|p2a: Sneasler|spa|1\n|-unboost|p2b: Floette|spa|1\n|\n|upkeep\n|turn|4\n|\n|t:|1776589498\n|move|p1a: Manectric|Volt Switch|p2a: Sneasler\n|-damage|p2a: Sneasler|51/100\n|\n|t:|1776589503\n|switch|p1a: Sinistcha|Sinistcha, L50|100/100|[from] Volt Switch\n|move|p2a: Sneasler|Close Combat|p1b: Incineroar\n|-supereffective|p1b: Incineroar|1\n|-enditem|p1b: Incineroar|Chople Berry|[eat]\n|-enditem|p1b: Incineroar|Chople Berry|[weaken]\n|-damage|p1b: Incineroar|38/100\n|-unboost|p2a: Sneasler|def|1\n|-unboost|p2a: Sneasler|spd|1\n|move|p2b: Floette|Dazzling Gleam|p1b: Incineroar|[spread] p1a,p1b\n|-damage|p1a: Sinistcha|53/100\n|-damage|p1b: Incineroar|2/100\n|move|p1b: Incineroar|Snarl|p2b: Floette|[spread] p2a,p2b\n|-resisted|p2a: Sneasler|1\n|-resisted|p2b: Floette|1\n|-damage|p2a: Sneasler|44/100\n|-damage|p2b: Floette|93/100\n|-unboost|p2a: Sneasler|spa|1\n|-unboost|p2b: Floette|spa|1\n|\n|-end|p1b: Incineroar|move: Taunt\n|upkeep\n|turn|5\n|\n|t:|1776589527\n|switch|p1b: Manectric|Manectric-Mega, L50, M|94/100\n|-ability|p1b: Manectric|Intimidate|boost\n|-unboost|p2a: Sneasler|atk|1\n|-unboost|p2b: Floette|atk|1\n|move|p2a: Sneasler|Dire Claw|p1a: Sinistcha\n|-damage|p1a: Sinistcha|29/100\n|-status|p1a: Sinistcha|psn\n|move|p2b: Floette|Dazzling Gleam|p1b: Manectric|[spread] p1a,p1b\n|-damage|p1a: Sinistcha|0 fnt\n|-damage|p1b: Manectric|54/100\n|faint|p1a: Sinistcha\n|\n|upkeep\n|\n|t:|1776589541\n|switch|p1a: Snorlax|Snorlax, L50, M|100/100\n|turn|6\n|\n|t:|1776589550\n|move|p1b: Manectric|Volt Switch|p2a: Sneasler\n|-damage|p2a: Sneasler|0 fnt\n|faint|p2a: Sneasler\n|\n|t:|1776589555\n|switch|p1b: Incineroar|Incineroar, L50, F|2/100|[from] Volt Switch\n|-ability|p1b: Incineroar|Intimidate|boost\n|-unboost|p2b: Floette|atk|1\n|move|p2b: Floette|Moonblast|p1b: Incineroar\n|-damage|p1b: Incineroar|0 fnt\n|faint|p1b: Incineroar\n|move|p1a: Snorlax|Belly Drum|p1a: Snorlax\n|-damage|p1a: Snorlax|50/100\n|-setboost|p1a: Snorlax|atk|6|[from] move: Belly Drum\n|-enditem|p1a: Snorlax|Sitrus Berry|[eat]\n|-heal|p1a: Snorlax|75/100|[from] item: Sitrus Berry\n|\n|upkeep\n|\n|t:|1776589569\n|switch|p2a: Incineroar|Incineroar, L50, F|84/100\n|switch|p1b: Manectric|Manectric-Mega, L50, M|54/100\n|-ability|p1b: Manectric|Intimidate|boost\n|-unboost|p2a: Incineroar|atk|1\n|-unboost|p2b: Floette|atk|1\n|-ability|p2a: Incineroar|Intimidate|boost\n|-unboost|p1a: Snorlax|atk|1\n|-unboost|p1b: Manectric|atk|1\n|turn|7\n|\n|t:|1776589590\n|move|p2a: Incineroar|Fake Out|p1a: Snorlax\n|-damage|p1a: Snorlax|70/100\n|move|p1b: Manectric|Snarl|p2a: Incineroar|[spread] p2a\n|-miss|p1b: Manectric|p2b: Floette\n|-resisted|p2a: Incineroar|1\n|-damage|p2a: Incineroar|78/100\n|-unboost|p2a: Incineroar|spa|1\n|move|p2b: Floette|Moonblast|p1b: Manectric\n|-damage|p1b: Manectric|0 fnt\n|faint|p1b: Manectric\n|cant|p1a: Snorlax|flinch\n|\n|upkeep\n|turn|8\n|\n|t:|1776589603\n|move|p2b: Floette|Protect|p2b: Floette\n|-singleturn|p2b: Floette|Protect\n|move|p2a: Incineroar|Parting Shot|p1a: Snorlax\n|-unboost|p1a: Snorlax|atk|1\n|-unboost|p1a: Snorlax|spa|1\n|\n|t:|1776589608\n|switch|p2a: Sinistcha|Sinistcha-Masterpiece, L50|100/100|[from] Parting Shot\n|-heal|p2b: Floette|100/100|[from] ability: Hospitality|[of] p2a: Sinistcha\n|move|p1a: Snorlax|Earthquake|p2b: Floette|[spread] p2a\n|-activate|p2b: Floette|move: Protect\n|-resisted|p2a: Sinistcha|1\n|-damage|p2a: Sinistcha|75/100\n|\n|upkeep\n|turn|9\n|\n|t:|1776589625\n|switch|p2b: Incineroar|Incineroar, L50, F|78/100\n|-ability|p2b: Incineroar|Intimidate|boost\n|-unboost|p1a: Snorlax|atk|1\n|move|p2a: Sinistcha|Matcha Gotcha|p1a: Snorlax\n|-damage|p1a: Snorlax|52/100\n|-heal|p2a: Sinistcha|88/100|[from] drain|[of] p1a: Snorlax\n|move|p1a: Snorlax|Body Slam|p2b: Incineroar\n|-damage|p2b: Incineroar|10/100\n|-enditem|p2b: Incineroar|Sitrus Berry|[eat]\n|-heal|p2b: Incineroar|35/100|[from] item: Sitrus Berry\n|\n|upkeep\n|turn|10\n|\n|t:|1776589641\n|move|p1a: Snorlax|Protect|p1a: Snorlax\n|-singleturn|p1a: Snorlax|Protect\n|move|p2b: Incineroar|Fake Out|p1a: Snorlax\n|-activate|p1a: Snorlax|move: Protect\n|move|p2a: Sinistcha|Life Dew|p2a: Sinistcha|[spread] p2a,p2b\n|-heal|p2a: Sinistcha|100/100\n|-heal|p2b: Incineroar|60/100\n|\n|upkeep\n|turn|11\n|\n|t:|1776589649\n|move|p2a: Sinistcha|Matcha Gotcha|p1a: Snorlax\n|-damage|p1a: Snorlax|32/100\n|-status|p1a: Snorlax|brn\n|move|p2b: Incineroar|Throat Chop|p1a: Snorlax\n|-damage|p1a: Snorlax|7/100 brn\n|-start|p1a: Snorlax|Throat Chop|[silent]\n|move|p1a: Snorlax|Earthquake|p2b: Incineroar|[spread] p2a,p2b\n|-resisted|p2a: Sinistcha|1\n|-supereffective|p2b: Incineroar|1\n|-damage|p2a: Sinistcha|88/100\n|-damage|p2b: Incineroar|21/100\n|\n|-damage|p1a: Snorlax|1/100 brn|[from] brn\n|upkeep\n|turn|12\n|-message|crazyshit14 forfeited.\n|\n|win|hard tr bd\n|raw|crazyshit14's rating: 1443 &rarr; <strong>1425</strong><br />(-18 for losing)\n|raw|hard tr bd's rating: 1482 &rarr; <strong>1500</strong><br />(+18 for winning)\n|l|\u2606crazyshit14\n|player|p1|\n",
  "uploadtime": 1776589662,
  "views": 21,
  "formatid": "gen9championsvgc2026regma",
  "rating": 1425,
  "private": 0,
  "password": null
}