{
  "id": "gen9championsvgc2026regma-2584286679",
  "format": "[Gen 9 Champions] VGC 2026 Reg M-A",
  "players": [
    "MrTestingPith",
    "luizhsouza3"
  ],
  "log": "|j|\u2606MrTestingPith\n|j|\u2606luizhsouza3\n|t:|1776247272\n|gametype|doubles\n|player|p1|MrTestingPith|102|1338\n|player|p2|luizhsouza3|hilbert-wonderlauncher|1242\n|gen|9\n|tier|[Gen 9 Champions] VGC 2026 Reg M-A\n|rated|\n|rule|Species Clause: Limit one of each Pok\u00e9mon\n|rule|Item Clause: Limit 1 of each item\n|clearpoke\n|poke|p1|Klefki, L50, F|\n|poke|p1|Tsareena, L50, F|\n|poke|p1|Greninja-*, L50, M|\n|poke|p1|Politoed, L50, M|\n|poke|p1|Talonflame, L50, M|\n|poke|p1|Snorlax, L50, F|\n|poke|p2|Aerodactyl, L50, F|\n|poke|p2|Typhlosion-Hisui, L50, F|\n|poke|p2|Tauros-Paldea-Aqua, L50, M|\n|poke|p2|Meganium, L50, F|\n|poke|p2|Archaludon, L50, M|\n|poke|p2|Kangaskhan, L50, F|\n|teampreview|4\n|inactive|Battle timer is ON: inactive players will automatically lose when time's up. (requested by luizhsouza3)\n|\n|t:|1776247295\n|teamsize|p1|4\n|teamsize|p2|4\n|start\n|switch|p1a: Greninja|Greninja, L50, M|100/100\n|switch|p1b: Klefki|Klefki, L50, F|100/100\n|switch|p2a: Aerodactyl|Aerodactyl, L50, F|100/100\n|switch|p2b: Tauros|Tauros-Paldea-Aqua, L50, M|100/100\n|-ability|p2a: Aerodactyl|Unnerve\n|-ability|p2b: Tauros|Intimidate|boost\n|-unboost|p1a: Greninja|atk|1\n|-unboost|p1b: Klefki|atk|1\n|turn|1\n|\n|t:|1776247311\n|move|p1a: Greninja|Protect|p1a: Greninja\n|-start|p1a: Greninja|typechange|Normal|[from] ability: Protean\n|-singleturn|p1a: Greninja|Protect\n|move|p2a: Aerodactyl|Tailwind|p2a: Aerodactyl\n|-sidestart|p2: luizhsouza3|move: Tailwind\n|move|p2b: Tauros|Close Combat|p1a: Greninja\n|-activate|p1a: Greninja|move: Protect\n|move|p1b: Klefki|Flash Cannon|p2a: Aerodactyl\n|-supereffective|p2a: Aerodactyl|1\n|-enditem|p2a: Aerodactyl|Focus Sash\n|-damage|p2a: Aerodactyl|1/100\n|-unboost|p2a: Aerodactyl|spd|1\n|\n|upkeep\n|turn|2\n|\n|t:|1776247334\n|switch|p1a: Talonflame|Talonflame, L50, M|100/100\n|move|p2a: Aerodactyl|Protect|p2a: Aerodactyl\n|-singleturn|p2a: Aerodactyl|Protect\n|move|p2b: Tauros|Close Combat|p1a: Talonflame\n|-resisted|p1a: Talonflame|1\n|-damage|p1a: Talonflame|59/100\n|-unboost|p2b: Tauros|def|1\n|-unboost|p2b: Tauros|spd|1\n|-enditem|p2b: Tauros|White Herb\n|-clearnegativeboost|p2b: Tauros|[silent]\n|move|p1b: Klefki|Dazzling Gleam|p2b: Tauros|[spread] p2b\n|-activate|p2a: Aerodactyl|move: Protect\n|-supereffective|p2b: Tauros|1\n|-damage|p2b: Tauros|24/100\n|\n|upkeep\n|turn|3\n|inactive|MrTestingPith has 30 seconds left.\n|\n|t:|1776247360\n|switch|p2a: Archaludon|Archaludon, L50, M|100/100\n|move|p1a: Talonflame|Protect|p1a: Talonflame\n|-singleturn|p1a: Talonflame|Protect\n|move|p2b: Tauros|Wave Crash|p1a: Talonflame\n|-activate|p1a: Talonflame|move: Protect\n|move|p1b: Klefki|Dazzling Gleam|p2a: Archaludon|[spread] p2a,p2b\n|-supereffective|p2b: Tauros|1\n|-damage|p2a: Archaludon|60/100\n|-damage|p2b: Tauros|0 fnt\n|faint|p2b: Tauros\n|\n|upkeep\n|\n|t:|1776247366\n|switch|p2b: Meganium|Meganium, L50, F|100/100\n|turn|4\n|inactive|MrTestingPith has 30 seconds left.\n|inactive|MrTestingPith has 20 seconds left.\n|inactive|MrTestingPith has 15 seconds left.\n|inactive|MrTestingPith has 10 seconds left.\n|inactive|MrTestingPith has 5 seconds left.\n|\n|t:|1776247417\n|switch|p1a: Politoed|Politoed, L50, M|100/100\n|-weather|RainDance|[from] ability: Drizzle|[of] p1a: Politoed\n|detailschange|p2b: Meganium|Meganium-Mega, L50, F\n|-mega|p2b: Meganium|Meganium|Meganiumite\n|move|p1b: Klefki|Sunny Day|p1b: Klefki\n|-weather|SunnyDay\n|move|p2a: Archaludon|Draco Meteor|p1a: Politoed\n|-damage|p1a: Politoed|6/100\n|-unboost|p2a: Archaludon|spa|2\n|move|p2b: Meganium|Weather Ball|p1b: Klefki\n|-supereffective|p1b: Klefki|1\n|-damage|p1b: Klefki|0 fnt\n|faint|p1b: Klefki\n|\n|-weather|SunnyDay|[upkeep]\n|-sideend|p2: luizhsouza3|move: Tailwind\n|upkeep\n|\n|t:|1776247430\n|switch|p1b: Greninja|Greninja, L50, M|100/100\n|turn|5\n|\n|t:|1776247446\n|detailschange|p1b: Greninja|Greninja-Mega, L50, M\n|-mega|p1b: Greninja|Greninja|Greninjite\n|move|p2b: Meganium|Protect|p2b: Meganium\n|-singleturn|p2b: Meganium|Protect\n|move|p1b: Greninja|Weather Ball|p2b: Meganium\n|-start|p1b: Greninja|typechange|Fire|[from] ability: Protean\n|-activate|p2b: Meganium|move: Protect\n|move|p1a: Politoed|Weather Ball|p2a: Archaludon\n|-damage|p2a: Archaludon|0 fnt\n|faint|p2a: Archaludon\n|\n|-weather|SunnyDay|[upkeep]\n|upkeep\n|\n|t:|1776247458\n|switch|p2a: Aerodactyl|Aerodactyl, L50, F|1/100\n|-ability|p2a: Aerodactyl|Unnerve\n|turn|6\n|\n|t:|1776247470\n|move|p1b: Greninja|Weather Ball|p2b: Meganium\n|-supereffective|p2b: Meganium|1\n|-damage|p2b: Meganium|0 fnt\n|faint|p2b: Meganium\n|move|p1a: Politoed|Weather Ball|p2a: Aerodactyl\n|-resisted|p2a: Aerodactyl|1\n|-damage|p2a: Aerodactyl|0 fnt\n|faint|p2a: Aerodactyl\n|\n|win|MrTestingPith\n|raw|MrTestingPith's rating: 1338 &rarr; <strong>1353</strong><br />(+15 for winning)\n|raw|luizhsouza3's rating: 1242 &rarr; <strong>1224</strong><br />(-18 for losing)\n|l|\u2606luizhsouza3\n|player|p2|\n",
  "uploadtime": 1776247473,
  "views": 34,
  "formatid": "gen9championsvgc2026regma",
  "rating": 1224,
  "private": 0,
  "password": null
}