{
  "id": "gen9championsvgc2026regma-2585742745",
  "format": "[Gen 9 Champions] VGC 2026 Reg M-A",
  "players": [
    "astonished25",
    "Requaiems"
  ],
  "log": "|j|\u2606astonished25\n|j|\u2606Requaiems\n|t:|1776367483\n|gametype|doubles\n|player|p1|astonished25|2|1237\n|player|p2|Requaiems|ethan|1227\n|gen|9\n|tier|[Gen 9 Champions] VGC 2026 Reg M-A\n|rated|\n|rule|Species Clause: Limit one of each Pok\u00e9mon\n|rule|Item Clause: Limit 1 of each item\n|clearpoke\n|poke|p1|Aerodactyl, L50, F|\n|poke|p1|Tyranitar, L50, M|\n|poke|p1|Kingambit, L50, M|\n|poke|p1|Floette-Eternal, L50, F|\n|poke|p1|Sinistcha-Masterpiece, L50|\n|poke|p1|Basculegion, L50, M|\n|poke|p2|Aggron, L50, M|\n|poke|p2|Aerodactyl, L50, M|\n|poke|p2|Sinistcha-Masterpiece, L50|\n|poke|p2|Tyranitar, L50, M|\n|poke|p2|Hydreigon, L50, M|\n|poke|p2|Sneasler, L50, M|\n|teampreview|4\n|inactive|Battle timer is ON: inactive players will automatically lose when time's up. (requested by Requaiems)\n|inactive|astonished25 has 60 seconds left.\n|\n|t:|1776367533\n|teamsize|p1|4\n|teamsize|p2|4\n|start\n|switch|p1a: Sinistcha|Sinistcha-Masterpiece, L50|100/100\n|switch|p1b: Aerodactyl|Aerodactyl, L50, F|100/100\n|switch|p2a: Aggron|Aggron, L50, M|100/100\n|switch|p2b: Sneasler|Sneasler, L50, M|100/100\n|-ability|p1b: Aerodactyl|Unnerve\n|turn|1\n|inactive|Requaiems has 30 seconds left.\n|\n|t:|1776367563\n|detailschange|p2a: Aggron|Aggron-Mega, L50, M\n|-mega|p2a: Aggron|Aggron|Aggronite\n|move|p1b: Aerodactyl|Protect|p1b: Aerodactyl\n|-singleturn|p1b: Aerodactyl|Protect\n|move|p2b: Sneasler|Fake Out|p1b: Aerodactyl\n|-activate|p1b: Aerodactyl|move: Protect\n|move|p1a: Sinistcha|Nasty Plot|p1a: Sinistcha\n|-boost|p1a: Sinistcha|spa|2\n|move|p2a: Aggron|Iron Defense|p2a: Aggron\n|-boost|p2a: Aggron|def|2\n|\n|upkeep\n|turn|2\n|\n|t:|1776367584\n|move|p1b: Aerodactyl|Dual Wingbeat|p2b: Sneasler\n|-supereffective|p2b: Sneasler|1\n|-damage|p2b: Sneasler|42/100\n|-supereffective|p2b: Sneasler|1\n|-damage|p2b: Sneasler|0 fnt\n|faint|p2b: Sneasler\n|-hitcount|p2: Sneasler|2\n|move|p1a: Sinistcha|Matcha Gotcha|p2a: Aggron\n|-resisted|p2a: Aggron|1\n|-damage|p2a: Aggron|70/100\n|move|p2a: Aggron|Body Press|p1b: Aerodactyl\n|-enditem|p1b: Aerodactyl|Focus Sash\n|-damage|p1b: Aerodactyl|1/100\n|\n|upkeep\n|\n|t:|1776367600\n|switch|p2b: Hydreigon|Hydreigon, L50, M|100/100\n|turn|3\n|inactive|Requaiems has 30 seconds left.\n|\n|t:|1776367630\n|move|p1b: Aerodactyl|Tailwind|p1b: Aerodactyl\n|-sidestart|p1: astonished25|move: Tailwind\n|move|p1a: Sinistcha|Matcha Gotcha|p2a: Aggron|[spread] p2a,p2b\n|-resisted|p2a: Aggron|1\n|-crit|p2a: Aggron\n|-resisted|p2b: Hydreigon|1\n|-damage|p2a: Aggron|31/100\n|-damage|p2b: Hydreigon|74/100\n|move|p2b: Hydreigon|Dark Pulse|p1a: Sinistcha\n|-supereffective|p1a: Sinistcha|1\n|-enditem|p1a: Sinistcha|Colbur Berry|[eat]\n|-enditem|p1a: Sinistcha|Colbur Berry|[weaken]\n|-damage|p1a: Sinistcha|55/100\n|move|p2a: Aggron|Body Press|p1b: Aerodactyl\n|-damage|p1b: Aerodactyl|0 fnt\n|faint|p1b: Aerodactyl\n|\n|upkeep\n|\n|t:|1776367642\n|switch|p1b: Floette|Floette-Eternal, L50, F|100/100\n|turn|4\n|\n|t:|1776367660\n|detailschange|p1b: Floette|Floette-Mega, L50, F\n|-mega|p1b: Floette|Floette|Floettite\n|-ability|p1b: Floette|Fairy Aura\n|move|p2b: Hydreigon|Protect|p2b: Hydreigon\n|-singleturn|p2b: Hydreigon|Protect\n|move|p2a: Aggron|Protect|p2a: Aggron\n|-singleturn|p2a: Aggron|Protect\n|move|p1b: Floette|Dazzling Gleam|p2b: Hydreigon|[spread] \n|-activate|p2a: Aggron|move: Protect\n|-activate|p2b: Hydreigon|move: Protect\n|move|p1a: Sinistcha|Matcha Gotcha|p2a: Aggron|[spread] \n|-activate|p2a: Aggron|move: Protect\n|-activate|p2b: Hydreigon|move: Protect\n|\n|upkeep\n|turn|5\n|inactive|Requaiems has 30 seconds left.\n|\n|t:|1776367686\n|switch|p2b: Sinistcha|Sinistcha-Masterpiece, L50|100/100\n|-heal|p2a: Aggron|56/100|[from] ability: Hospitality|[of] p2b: Sinistcha\n|move|p1b: Floette|Draining Kiss|p2b: Sinistcha\n|-damage|p2b: Sinistcha|58/100\n|move|p1a: Sinistcha|Matcha Gotcha|p2a: Aggron|[spread] p2a,p2b\n|-resisted|p2a: Aggron|1\n|-resisted|p2b: Sinistcha|1\n|-damage|p2a: Aggron|34/100\n|-heal|p1a: Sinistcha|66/100|[from] drain|[of] p2a: Aggron\n|-damage|p2b: Sinistcha|31/100\n|-heal|p1a: Sinistcha|79/100|[from] drain|[of] p2b: Sinistcha\n|move|p2a: Aggron|Heavy Slam|p1b: Floette\n|-supereffective|p1b: Floette|1\n|-damage|p1b: Floette|33/100\n|\n|upkeep\n|turn|6\n|\n|t:|1776367711\n|move|p2a: Aggron|Protect|p2a: Aggron\n|-singleturn|p2a: Aggron|Protect\n|move|p1b: Floette|Draining Kiss|p2b: Sinistcha\n|-damage|p2b: Sinistcha|0 fnt\n|-heal|p1b: Floette|58/100|[from] drain|[of] p2b: Sinistcha\n|faint|p2b: Sinistcha\n|move|p1a: Sinistcha|Matcha Gotcha|p2a: Aggron\n|-activate|p2a: Aggron|move: Protect\n|\n|-sideend|p1: astonished25|move: Tailwind\n|upkeep\n|\n|t:|1776367719\n|switch|p2b: Hydreigon|Hydreigon, L50, M|74/100\n|turn|7\n|\n|t:|1776367729\n|move|p2b: Hydreigon|Dark Pulse|p1a: Sinistcha\n|-supereffective|p1a: Sinistcha|1\n|-damage|p1a: Sinistcha|0 fnt\n|faint|p1a: Sinistcha\n|move|p1b: Floette|Draining Kiss|p2a: Aggron\n|-resisted|p2a: Aggron|1\n|-damage|p2a: Aggron|13/100\n|-heal|p1b: Floette|75/100|[from] drain|[of] p2a: Aggron\n|move|p2a: Aggron|Heavy Slam|p1b: Floette\n|-supereffective|p1b: Floette|1\n|-damage|p1b: Floette|9/100\n|\n|upkeep\n|\n|t:|1776367732\n|switch|p1a: Basculegion|Basculegion, L50, M|100/100\n|turn|8\n|inactive|Requaiems has 30 seconds left.\n|\n|t:|1776367761\n|move|p2b: Hydreigon|Protect|p2b: Hydreigon\n|-singleturn|p2b: Hydreigon|Protect\n|move|p1a: Basculegion|Last Respects|p2b: Hydreigon\n|-activate|p2b: Hydreigon|move: Protect\n|move|p1b: Floette|Dazzling Gleam|p2b: Hydreigon|[spread] p2a\n|-activate|p2b: Hydreigon|move: Protect\n|-resisted|p2a: Aggron|1\n|-damage|p2a: Aggron|0 fnt\n|faint|p2a: Aggron\n|\n|upkeep\n|turn|9\n|-message|Requaiems forfeited.\n|\n|win|astonished25\n|raw|astonished25's rating: 1237 &rarr; <strong>1261</strong><br />(+24 for winning)\n|raw|Requaiems's rating: 1227 &rarr; <strong>1203</strong><br />(-24 for losing)\n|l|\u2606Requaiems\n|player|p2|\n",
  "uploadtime": 1776367774,
  "views": 31,
  "formatid": "gen9championsvgc2026regma",
  "rating": 1203,
  "private": 0,
  "password": null
}