{
  "id": "gen9championsvgc2026regma-2583082105",
  "format": "[Gen 9 Champions] VGC 2026 Reg M-A",
  "players": [
    "noncompy",
    "Tinen"
  ],
  "log": "|j|\u2606noncompy\n|j|\u2606Tinen\n|t:|1776139949\n|gametype|doubles\n|player|p1|noncompy|ninjaboy|1070\n|player|p2|Tinen|dancer|1061\n|gen|9\n|tier|[Gen 9 Champions] VGC 2026 Reg M-A\n|rated|\n|rule|Species Clause: Limit one of each Pok\u00e9mon\n|rule|Item Clause: Limit 1 of each item\n|clearpoke\n|poke|p1|Tinkaton, L50, F|\n|poke|p1|Mr. Rime, L50, M|\n|poke|p1|Tsareena, L50, F|\n|poke|p1|Mudsdale, L50, M|\n|poke|p1|Altaria, L50, F|\n|poke|p1|Feraligatr, L50, M|\n|poke|p2|Dragonite, L50, M|\n|poke|p2|Scizor, L50, M|\n|poke|p2|Pelipper, L50, M|\n|poke|p2|Basculegion, L50, M|\n|poke|p2|Sinistcha, L50|\n|poke|p2|Umbreon, L50, M|\n|teampreview|4\nTinen has agreed to open team sheets.\nnoncompy has agreed to open team sheets.\n|showteam|p1|Tinkaton||Leftovers|OwnTempo|GigatonHammer,PlayRough,FakeOut,Protect|||F|||50|]Mr. Rime||FocusSash|TangledFeet|TrickRoom,TeeterDance,IceBeam,Protect|||M|||50|]Tsareena||MentalHerb|QueenlyMajesty|TeeterDance,PowerWhip,HighJumpKick,Protect|||F|||50|]Mudsdale||SitrusBerry|OwnTempo|HighHorsepower,CloseCombat,RockSlide,Protect|||M|||50|]Altaria||Altarianite|CloudNine|HyperVoice,Tailwind,Hurricane,Protect|||F|||50|]Feraligatr||Feraligite|SheerForce|Thrash,Waterfall,Crunch,Protect|||M|||50|\n|showteam|p2|Dragonite||Dragoninite|Multiscale|Thunder,Hurricane,WeatherBall,DracoMeteor|||M|||50|]Scizor||Scizorite|Technician|SwordsDance,BulletPunch,KnockOff,Protect|||M|||50|]Pelipper||FocusSash|Drizzle|Protect,Tailwind,WeatherBall,Hurricane|||M|||50|]Basculegion||MysticWater|SwiftSwim|Protect,Waterfall,LastRespects,WaveCrash|||M|||50|]Sinistcha||SitrusBerry|Hospitality|MatchaGotcha,Hex,RagePowder,LifeDew||||||50|]Umbreon||Leftovers|Synchronize|Protect,Wish,Reflect,LightScreen|||M|||50|\n|\n|t:|1776140039\n|teamsize|p1|4\n|teamsize|p2|4\n|start\n|switch|p1a: Tinkaton|Tinkaton, L50, F|100/100\n|switch|p1b: Mr. Rime|Mr. Rime, L50, M|100/100\n|switch|p2a: Pelipper|Pelipper, L50, M|100/100\n|switch|p2b: Basculegion|Basculegion, L50, M|100/100\n|-weather|RainDance|[from] ability: Drizzle|[of] p2a: Pelipper\n|turn|1\n|\n|t:|1776140071\n|switch|p1b: Altaria|Altaria, L50, F|100/100\n|-ability|p1b: Altaria|Cloud Nine\n|move|p2b: Basculegion|Waterfall|p1b: Altaria\n|-resisted|p1b: Altaria|1\n|-damage|p1b: Altaria|71/100\n|move|p1a: Tinkaton|Gigaton Hammer|p2b: Basculegion\n|-resisted|p2b: Basculegion|1\n|-damage|p2b: Basculegion|64/100\n|move|p2a: Pelipper|Weather Ball|p1b: Altaria\n|-damage|p1b: Altaria|58/100\n|\n|-weather|RainDance|[upkeep]\n|upkeep\n|turn|2\n|\n|t:|1776140116\n|switch|p2b: Scizor|Scizor, L50, M|100/100\n|switch|p1a: Mr. Rime|Mr. Rime, L50, M|100/100\n|move|p2a: Pelipper|Protect|p2a: Pelipper\n|-singleturn|p2a: Pelipper|Protect\n|move|p1b: Altaria|Hurricane|p2b: Scizor\n|-damage|p2b: Scizor|54/100\n|\n|-weather|RainDance|[upkeep]\n|upkeep\n|turn|3\n|\n|t:|1776140162\n|detailschange|p2b: Scizor|Scizor-Mega, L50, M\n|-mega|p2b: Scizor|Scizor|Scizorite\n|move|p1b: Altaria|Protect|p1b: Altaria\n|-singleturn|p1b: Altaria|Protect\n|move|p2b: Scizor|Bullet Punch|p1a: Mr. Rime\n|-supereffective|p1a: Mr. Rime|1\n|-damage|p1a: Mr. Rime|11/100\n|move|p2a: Pelipper|Weather Ball|p1a: Mr. Rime\n|-damage|p1a: Mr. Rime|0 fnt\n|faint|p1a: Mr. Rime\n|\n|-weather|RainDance|[upkeep]\n|upkeep\n|\n|t:|1776140176\n|switch|p1a: Feraligatr|Feraligatr, L50, M|100/100\n|turn|4\n|\n|t:|1776140199\n|switch|p1b: Tinkaton|Tinkaton, L50, F|100/100\n|detailschange|p1a: Feraligatr|Feraligatr-Mega, L50, M\n|-mega|p1a: Feraligatr|Feraligatr|Feraligite\n|move|p2b: Scizor|Swords Dance|p2b: Scizor\n|-boost|p2b: Scizor|atk|2\n|move|p1a: Feraligatr|Thrash|p2a: Pelipper\n|-enditem|p2a: Pelipper|Focus Sash\n|-damage|p2a: Pelipper|1/100\n|move|p2a: Pelipper|Tailwind|p2a: Pelipper\n|-sidestart|p2: Tinen|move: Tailwind\n|\n|-weather|RainDance|[upkeep]\n|upkeep\n|turn|5\n|\n|t:|1776140221\n|move|p2a: Pelipper|Protect|p2a: Pelipper\n|-singleturn|p2a: Pelipper|Protect\n|move|p1b: Tinkaton|Fake Out|p2b: Scizor\n|-resisted|p2b: Scizor|1\n|-damage|p2b: Scizor|51/100\n|cant|p2b: Scizor|flinch\n|move|p1a: Feraligatr|Thrash|p2b: Scizor|[from] lockedmove\n|-resisted|p2b: Scizor|1\n|-damage|p2b: Scizor|14/100\n|\n|-weather|none\n|upkeep\n|turn|6\n|\n|t:|1776140251\n|switch|p2a: Umbreon|Umbreon, L50, M|100/100\n|move|p2b: Scizor|Knock Off|p1a: Feraligatr\n|-damage|p1a: Feraligatr|58/100\n|move|p1b: Tinkaton|Play Rough|p2a: Umbreon\n|-supereffective|p2a: Umbreon|1\n|-damage|p2a: Umbreon|49/100\n|-unboost|p2a: Umbreon|atk|1\n|move|p1a: Feraligatr|Thrash|p2a: Umbreon|[from] lockedmove\n|-damage|p2a: Umbreon|0 fnt\n|faint|p2a: Umbreon\n|-start|p1a: Feraligatr|confusion|[fatigue]\n|\n|upkeep\n|\n|t:|1776140262\n|switch|p2a: Pelipper|Pelipper, L50, M|1/100\n|-weather|RainDance|[from] ability: Drizzle|[of] p2a: Pelipper\n|turn|7\n|\n|t:|1776140287\n|switch|p1b: Altaria|Altaria, L50, F|58/100\n|-ability|p1b: Altaria|Cloud Nine\n|move|p2b: Scizor|Bullet Punch|p1b: Altaria\n|-damage|p1b: Altaria|0 fnt\n|faint|p1b: Altaria\n|move|p2a: Pelipper|Hurricane|p1a: Feraligatr\n|-damage|p1a: Feraligatr|7/100\n|-activate|p1a: Feraligatr|confusion\n|-damage|p1a: Feraligatr|0 fnt|[from] confusion\n|faint|p1a: Feraligatr\n|\n|-weather|RainDance|[upkeep]\n|-sideend|p2: Tinen|move: Tailwind\n|upkeep\n|\n|t:|1776140308\n|switch|p1a: Tinkaton|Tinkaton, L50, F|100/100\n|turn|8\n|\n|t:|1776140317\n|move|p1a: Tinkaton|Fake Out|p2b: Scizor\n|-resisted|p2b: Scizor|1\n|-damage|p2b: Scizor|10/100\n|cant|p2b: Scizor|flinch\n|move|p2a: Pelipper|Weather Ball|p1a: Tinkaton\n|-damage|p1a: Tinkaton|42/100\n|\n|-weather|RainDance|[upkeep]\n|-heal|p1a: Tinkaton|48/100|[from] item: Leftovers\n|upkeep\n|turn|9\n|\n|t:|1776140330\n|move|p2b: Scizor|Bullet Punch|p1a: Tinkaton\n|-damage|p1a: Tinkaton|0 fnt\n|faint|p1a: Tinkaton\n|\n|win|Tinen\n|raw|noncompy's rating: 1070 &rarr; <strong>1049</strong><br />(-21 for losing)\n|raw|Tinen's rating: 1061 &rarr; <strong>1093</strong><br />(+32 for winning)\n",
  "uploadtime": 1776140330,
  "views": 12,
  "formatid": "gen9championsvgc2026regma",
  "rating": 1049,
  "private": 0,
  "password": null
}