{
  "id": "gen9championsvgc2026regma-2584233581",
  "format": "[Gen 9 Champions] VGC 2026 Reg M-A",
  "players": [
    "ashbayleef",
    "noahguyvgc"
  ],
  "log": "|j|\u2606ashbayleef\n|j|\u2606noahguyvgc\n|t:|1776241319\n|gametype|doubles\n|player|p1|ashbayleef|dragontamer|1078\n|player|p2|noahguyvgc|roxie|1149\n|gen|9\n|tier|[Gen 9 Champions] VGC 2026 Reg M-A\n|rated|\n|rule|Species Clause: Limit one of each Pok\u00e9mon\n|rule|Item Clause: Limit 1 of each item\n|clearpoke\n|poke|p1|Meganium, L50, F|\n|poke|p1|Pelipper, L50, F|\n|poke|p1|Ariados, L50, M|\n|poke|p1|Aerodactyl, L50, F|\n|poke|p1|Sableye, L50, M|\n|poke|p1|Tauros-Paldea-Aqua, L50, M|\n|poke|p2|Gengar, L50, M|\n|poke|p2|Whimsicott, L50, M|\n|poke|p2|Incineroar, L50, M|\n|poke|p2|Kommo-o, L50, M|\n|poke|p2|Heliolisk, L50, M|\n|poke|p2|Basculegion, L50, M|\n|teampreview|4\n|inactive|Battle timer is ON: inactive players will automatically lose when time's up. (requested by noahguyvgc)\n|inactive|noahguyvgc has 60 seconds left.\n|\n|t:|1776241367\n|teamsize|p1|4\n|teamsize|p2|4\n|start\n|switch|p1a: Pelipper|Pelipper, L50, F|100/100\n|switch|p1b: Sableye|Sableye, L50, M|100/100\n|switch|p2a: Gengar|Gengar, L50, M|100/100\n|switch|p2b: Incineroar|Incineroar, L50, M|100/100\n|-ability|p2b: Incineroar|Intimidate|boost\n|-unboost|p1a: Pelipper|atk|1\n|-unboost|p1b: Sableye|atk|1\n|-weather|RainDance|[from] ability: Drizzle|[of] p1a: Pelipper\n|turn|1\n|\n|t:|1776241385\n|detailschange|p2a: Gengar|Gengar-Mega, L50, M\n|-mega|p2a: Gengar|Gengar|Gengarite\n|move|p2b: Incineroar|Fake Out|p1a: Pelipper\n|-crit|p1a: Pelipper\n|-damage|p1a: Pelipper|81/100\n|move|p1b: Sableye|Thunder Wave|p2a: Gengar|[miss]\n|-miss|p1b: Sableye|p2a: Gengar\n|move|p2a: Gengar|Perish Song|p2a: Gengar\n|-start|p1a: Pelipper|perish3|[silent]\n|-start|p1b: Sableye|perish3|[silent]\n|-start|p2a: Gengar|perish3|[silent]\n|-start|p2b: Incineroar|perish3|[silent]\n|-fieldactivate|move: Perish Song\n|cant|p1a: Pelipper|flinch\n|\n|-weather|RainDance|[upkeep]\n|-heal|p1a: Pelipper|87/100|[from] item: Leftovers\n|-start|p2a: Gengar|perish3\n|-start|p2b: Incineroar|perish3\n|-start|p1a: Pelipper|perish3\n|-start|p1b: Sableye|perish3\n|upkeep\n|turn|2\n|\n|t:|1776241408\n|switch|p2b: Whimsicott|Whimsicott, L50, M|100/100\n|move|p2a: Gengar|Protect|p2a: Gengar\n|-singleturn|p2a: Gengar|Protect\n|move|p1b: Sableye|Thunder Wave|p2a: Gengar\n|-activate|p2a: Gengar|move: Protect\n|move|p1a: Pelipper|Weather Ball|p2b: Whimsicott\n|-resisted|p2b: Whimsicott|1\n|-damage|p2b: Whimsicott|74/100\n|\n|-weather|RainDance|[upkeep]\n|-heal|p1a: Pelipper|93/100|[from] item: Leftovers\n|-start|p2a: Gengar|perish2\n|-start|p1a: Pelipper|perish2\n|-start|p1b: Sableye|perish2\n|upkeep\n|turn|3\n|\n|t:|1776241432\n|move|p2b: Whimsicott|Encore|p1a: Pelipper\n|-start|p1a: Pelipper|Encore\n|move|p1b: Sableye|Thunder Wave|p2a: Gengar|[miss]\n|-miss|p1b: Sableye|p2a: Gengar\n|move|p2a: Gengar|Disable|p1a: Pelipper\n|-start|p1a: Pelipper|Disable|Weather Ball\n|cant|p1a: Pelipper|Disable|Weather Ball\n|\n|-weather|RainDance|[upkeep]\n|-heal|p1a: Pelipper|99/100|[from] item: Leftovers\n|-start|p2a: Gengar|perish1\n|-start|p1a: Pelipper|perish1\n|-start|p1b: Sableye|perish1\n|upkeep\n|turn|4\n|\n|t:|1776241453\n|switch|p2a: Incineroar|Incineroar, L50, M|100/100\n|-ability|p2a: Incineroar|Intimidate|boost\n|-unboost|p1a: Pelipper|atk|1\n|-unboost|p1b: Sableye|atk|1\n|switch|p1b: Aerodactyl|Aerodactyl, L50, F|100/100\n|move|p2b: Whimsicott|Protect|p2b: Whimsicott\n|-singleturn|p2b: Whimsicott|Protect\n|-activate|p1a: Pelipper|move: Struggle\n|move|p1a: Pelipper|Struggle|p2a: Incineroar\n|-damage|p2a: Incineroar|97/100\n|-damage|p1a: Pelipper|74/100|[from] recoil\n|\n|-weather|RainDance|[upkeep]\n|-heal|p1a: Pelipper|80/100|[from] item: Leftovers\n|-start|p1a: Pelipper|perish0\n|faint|p1a: Pelipper\n|upkeep\n|\n|t:|1776241473\n|switch|p1a: Meganium|Meganium, L50, F|100/100\n|turn|5\n|\n|t:|1776241485\n|detailschange|p1a: Meganium|Meganium-Mega, L50, F\n|-mega|p1a: Meganium|Meganium|Meganiumite\n|move|p2a: Incineroar|Fake Out|p1b: Aerodactyl\n|-resisted|p1b: Aerodactyl|1\n|-damage|p1b: Aerodactyl|90/100\n|move|p2b: Whimsicott|Tailwind|p2b: Whimsicott\n|-sidestart|p2: noahguyvgc|move: Tailwind\n|cant|p1b: Aerodactyl|flinch\n|move|p1a: Meganium|Weather Ball|p2b: Whimsicott\n|-supereffective|p2b: Whimsicott|1\n|-damage|p2b: Whimsicott|0 fnt\n|faint|p2b: Whimsicott\n|\n|-weather|none\n|upkeep\n|\n|t:|1776241496\n|switch|p2b: Gengar|Gengar-Mega, L50, M|100/100\n|turn|6\n|\n|t:|1776241506\n|move|p2a: Incineroar|Protect|p2a: Incineroar\n|-singleturn|p2a: Incineroar|Protect\n|move|p1a: Meganium|Protect|p1a: Meganium\n|-singleturn|p1a: Meganium|Protect\n|move|p2b: Gengar|Perish Song|p2b: Gengar\n|-start|p1a: Meganium|perish3|[silent]\n|-start|p1b: Aerodactyl|perish3|[silent]\n|-start|p2a: Incineroar|perish3|[silent]\n|-start|p2b: Gengar|perish3|[silent]\n|-fieldactivate|move: Perish Song\n|move|p1b: Aerodactyl|Rock Slide|p2a: Incineroar|[spread] p2b\n|-activate|p2a: Incineroar|move: Protect\n|-damage|p2b: Gengar|59/100\n|\n|-start|p2b: Gengar|perish3\n|-start|p2a: Incineroar|perish3\n|-start|p1b: Aerodactyl|perish3\n|-start|p1a: Meganium|perish3\n|upkeep\n|turn|7\n|inactive|noahguyvgc has 30 seconds left.\n|inactive|noahguyvgc has 20 seconds left.\n|\n|t:|1776241544\n|move|p2b: Gengar|Protect|p2b: Gengar\n|-singleturn|p2b: Gengar|Protect\n|move|p2a: Incineroar|Parting Shot|p1a: Meganium\n|-unboost|p1a: Meganium|atk|1\n|-unboost|p1a: Meganium|spa|1\n|\n|t:|1776241550\n|switch|p2a: Basculegion|Basculegion, L50, M|100/100|[from] Parting Shot\n|move|p1b: Aerodactyl|Rock Slide|p2b: Gengar|[spread] p2a\n|-activate|p2b: Gengar|move: Protect\n|-damage|p2a: Basculegion|61/100\n|move|p1a: Meganium|Ancient Power|p2a: Basculegion\n|-damage|p2a: Basculegion|42/100\n|\n|-start|p2b: Gengar|perish2\n|-start|p1b: Aerodactyl|perish2\n|-start|p1a: Meganium|perish2\n|upkeep\n|turn|8\n|\n|t:|1776241572\n|move|p2a: Basculegion|Flip Turn|p1a: Meganium\n|-resisted|p1a: Meganium|1\n|-damage|p1a: Meganium|82/100\n|\n|t:|1776241576\n|switch|p2a: Incineroar|Incineroar, L50, M|97/100|[from] Flip Turn\n|-ability|p2a: Incineroar|Intimidate|boost\n|-unboost|p1a: Meganium|atk|1\n|-unboost|p1b: Aerodactyl|atk|1\n|move|p2b: Gengar|Disable|p1b: Aerodactyl\n|-start|p1b: Aerodactyl|Disable|Rock Slide\n|move|p1b: Aerodactyl|Dual Wingbeat|p2b: Gengar\n|-damage|p2b: Gengar|42/100\n|-damage|p2b: Gengar|25/100\n|-hitcount|p2b: Gengar|2\n|move|p1a: Meganium|Solar Beam||[still]\n|-prepare|p1a: Meganium|Solar Beam\n|-activate|p1a: Meganium|ability: Mega Sol\n|-anim|p1a: Meganium|Solar Beam|p2a: Incineroar\n|-resisted|p2a: Incineroar|1\n|-damage|p2a: Incineroar|68/100\n|\n|-start|p2b: Gengar|perish1\n|-start|p1b: Aerodactyl|perish1\n|-start|p1a: Meganium|perish1\n|-sideend|p2: noahguyvgc|move: Tailwind\n|upkeep\n|turn|9\n|inactive|ashbayleef has 30 seconds left.\n|inactive|ashbayleef has 20 seconds left.\n|inactive|noahguyvgc has 30 seconds left.\n|inactive|ashbayleef has 15 seconds left.\n|inactive|ashbayleef has 10 seconds left.\n|inactive|ashbayleef has 5 seconds left.\n|inactive|noahguyvgc has 20 seconds left.\n|\n|t:|1776241630\n|move|p2b: Gengar|Protect|p2b: Gengar\n|-singleturn|p2b: Gengar|Protect\n|move|p2a: Incineroar|Protect|p2a: Incineroar\n|-singleturn|p2a: Incineroar|Protect\n|move|p1b: Aerodactyl|Dual Wingbeat|p2b: Gengar\n|-activate|p2b: Gengar|move: Protect\n|move|p1a: Meganium|Ancient Power|p2a: Incineroar\n|-activate|p2a: Incineroar|move: Protect\n|\n|-start|p1b: Aerodactyl|perish0\n|-start|p2b: Gengar|perish0\n|-start|p1a: Meganium|perish0\n|faint|p1b: Aerodactyl\n|faint|p2b: Gengar\n|faint|p1a: Meganium\n|upkeep\n|\n|t:|1776241646\n|switch|p1b: Sableye|Sableye, L50, M|100/100\n|switch|p2b: Basculegion|Basculegion, L50, M|42/100\n|turn|10\n|\n|t:|1776241654\n|move|p1b: Sableye|Sucker Punch|p2b: Basculegion\n|-supereffective|p2b: Basculegion|1\n|-damage|p2b: Basculegion|0 fnt\n|faint|p2b: Basculegion\n|move|p2a: Incineroar|Throat Chop|p1b: Sableye\n|-damage|p1b: Sableye|56/100\n|-start|p1b: Sableye|Throat Chop|[silent]\n|\n|upkeep\n|turn|11\n|\n|t:|1776241662\n|move|p1b: Sableye|Will-O-Wisp|p2a: Incineroar\n|-immune|p2a: Incineroar\n|move|p2a: Incineroar|Throat Chop|p1b: Sableye\n|-damage|p1b: Sableye|9/100\n|\n|-end|p1b: Sableye|Throat Chop|[silent]\n|upkeep\n|turn|12\n|inactive|ashbayleef has 30 seconds left.\n|inactive|ashbayleef has 20 seconds left.\n|inactive|ashbayleef has 15 seconds left.\n|inactive|ashbayleef has 10 seconds left.\n|inactive|ashbayleef has 5 seconds left.\n|\n|t:|1776241717\n|move|p1b: Sableye|Disable|p2a: Incineroar\n|-hint|Since gen 7, Dark is immune to Prankster moves.\n|-immune|p2a: Incineroar\n|move|p2a: Incineroar|Throat Chop|p1b: Sableye\n|-damage|p1b: Sableye|0 fnt\n|faint|p1b: Sableye\n|\n|win|noahguyvgc\n|raw|ashbayleef's rating: 1078 &rarr; <strong>1061</strong><br />(-17 for losing)\n|raw|noahguyvgc's rating: 1149 &rarr; <strong>1169</strong><br />(+20 for winning)\n",
  "uploadtime": 1776241723,
  "views": 22,
  "formatid": "gen9championsvgc2026regma",
  "rating": 1061,
  "private": 0,
  "password": null
}