{
  "id": "gen9championsvgc2026regma-2586699556",
  "format": "[Gen 9 Champions] VGC 2026 Reg M-A",
  "players": [
    "is'd nyx",
    "SolidOstrich"
  ],
  "log": "|j|\u2606is'd nyx\n|j|\u2606SolidOstrich\n|t:|1776453142\n|gametype|doubles\n|player|p1|is'd nyx|hugh|1000\n|player|p2|SolidOstrich|2|1026\n|gen|9\n|tier|[Gen 9 Champions] VGC 2026 Reg M-A\n|rated|\n|rule|Species Clause: Limit one of each Pok\u00e9mon\n|rule|Item Clause: Limit 1 of each item\n|clearpoke\n|poke|p1|Basculegion, L50, M|\n|poke|p1|Gengar, L50, M|\n|poke|p1|Froslass, L50, F|\n|poke|p1|Sinistcha-Masterpiece, L50|\n|poke|p1|Sableye, L50, F|\n|poke|p1|Aegislash, L50, F|\n|poke|p2|Meganium, L50, F|\n|poke|p2|Pelipper, L50, M|\n|poke|p2|Basculegion, L50, M|\n|poke|p2|Rotom-Heat, L50|\n|poke|p2|Dragonite, L50, M|\n|poke|p2|Feraligatr, L50, M|\n|teampreview|4\n|\n|t:|1776453183\n|teamsize|p1|4\n|teamsize|p2|4\n|start\n|switch|p1a: Nebulak|Gengar, L50, M, shiny|100/100\n|switch|p1b: Cheap Trick|Sableye, L50, F|100/100\n|switch|p2a: Meganium|Meganium, L50, F|100/100\n|switch|p2b: Pelipper|Pelipper, L50, M|100/100\n|-weather|RainDance|[from] ability: Drizzle|[of] p2b: Pelipper\n|turn|1\n|\n|t:|1776453205\n|detailschange|p1a: Nebulak|Gengar-Mega, L50, M, shiny\n|-mega|p1a: Nebulak|Gengar|Gengarite\n|detailschange|p2a: Meganium|Meganium-Mega, L50, F\n|-mega|p2a: Meganium|Meganium|Meganiumite\n|move|p2a: Meganium|Protect|p2a: Meganium\n|-singleturn|p2a: Meganium|Protect\n|move|p1b: Cheap Trick|Fake Out|p2b: Pelipper\n|-damage|p2b: Pelipper|92/100\n|move|p1a: Nebulak|Sludge Bomb|p2a: Meganium\n|-activate|p2a: Meganium|move: Protect\n|cant|p2b: Pelipper|flinch\n|\n|-weather|RainDance|[upkeep]\n|upkeep\n|turn|2\n|\n|t:|1776453245\n|move|p1b: Cheap Trick|Encore|p2a: Meganium\n|-start|p2a: Meganium|Encore\n|move|p2a: Meganium|Protect||[still]\n|-fail|p2a: Meganium\n|move|p1a: Nebulak|Sludge Bomb|p2b: Pelipper\n|-damage|p2b: Pelipper|0 fnt\n|faint|p2b: Pelipper\n|\n|-weather|RainDance|[upkeep]\n|upkeep\n|\n|t:|1776453256\n|switch|p2b: Basculegion|Basculegion, L50, M|100/100\n|turn|3\n|\n|t:|1776453266\n|move|p1a: Nebulak|Protect|p1a: Nebulak\n|-singleturn|p1a: Nebulak|Protect\n|move|p2a: Meganium|Protect|p2a: Meganium\n|-singleturn|p2a: Meganium|Protect\n|move|p1b: Cheap Trick|Recover||[still]\n|-fail|p1b: Cheap Trick|heal\n|move|p2b: Basculegion|Last Respects|p1a: Nebulak\n|-activate|p1a: Nebulak|move: Protect\n|\n|-weather|RainDance|[upkeep]\n|upkeep\n|turn|4\n|\n|t:|1776453291\n|move|p2a: Meganium|Protect|p2a: Meganium\n|-singleturn|p2a: Meganium|Protect\n|move|p1b: Cheap Trick|Disable|p2b: Basculegion\n|-start|p2b: Basculegion|Disable|Last Respects\n|cant|p2b: Basculegion|Disable|Last Respects\n|move|p1a: Nebulak|Shadow Ball|p2b: Basculegion\n|-supereffective|p2b: Basculegion|1\n|-damage|p2b: Basculegion|0 fnt\n|faint|p2b: Basculegion\n|\n|-weather|RainDance|[upkeep]\n|-end|p2a: Meganium|Encore\n|upkeep\n|\n|t:|1776453305\n|switch|p2b: Rotom|Rotom-Heat, L50|100/100\n|turn|5\n|\n|t:|1776453320\n|move|p1b: Cheap Trick|Encore|p2a: Meganium\n|-start|p2a: Meganium|Encore\n|move|p2a: Meganium|Protect||[still]\n|-fail|p2a: Meganium\n|move|p1a: Nebulak|Substitute|p1a: Nebulak\n|-start|p1a: Nebulak|Substitute\n|-damage|p1a: Nebulak|76/100\n|move|p2b: Rotom|Overheat|p1a: Nebulak\n|-crit|p1a: Nebulak\n|-end|p1a: Nebulak|Substitute\n|-unboost|p2b: Rotom|spa|2\n|\n|-weather|none\n|upkeep\n|turn|6\n|-message|SolidOstrich forfeited.\n|\n|win|is'd nyx\n|raw|is&apos;d nyx's rating: 1000 &rarr; <strong>1043</strong><br />(+43 for winning)\n|raw|SolidOstrich's rating: 1026 &rarr; <strong>1011</strong><br />(-15 for losing)\n|l|\u2606SolidOstrich\n|player|p2|\n",
  "uploadtime": 1776453332,
  "views": 30,
  "formatid": "gen9championsvgc2026regma",
  "rating": 1011,
  "private": 0,
  "password": null
}