{
  "id": "gen9championsvgc2026regma-2581371531",
  "format": "[Gen 9 Champions] VGC 2026 Reg M-A",
  "players": [
    "Bimboddue",
    "FredBearFan"
  ],
  "log": "|j|\u2606Bimboddue\n|j|\u2606FredBearFan\n|t:|1775992986\n|gametype|doubles\n|player|p1|Bimboddue|101|1098\n|player|p2|FredBearFan|pilot|1124\n|gen|9\n|tier|[Gen 9 Champions] VGC 2026 Reg M-A\n|rated|\n|rule|Species Clause: Limit one of each Pok\u00e9mon\n|rule|Item Clause: Limit 1 of each item\n|clearpoke\n|poke|p1|Emboar, L50, M|\n|poke|p1|Primarina, L50, F|\n|poke|p1|Farigiraf, L50, F|\n|poke|p1|Sinistcha, L50|\n|poke|p1|Tyranitar, L50, M|\n|poke|p1|Scizor, L50, F|\n|poke|p2|Arcanine-Hisui, L50, M|\n|poke|p2|Whimsicott, L50, M|\n|poke|p2|Basculegion, L50, M|\n|poke|p2|Altaria, L50, M|\n|poke|p2|Sneasler, L50, F|\n|poke|p2|Kingambit, L50, F|\n|teampreview|4\n|j| Jneli53\nBimboddue has agreed to open team sheets.\n|\n|t:|1775993052\n|teamsize|p1|4\n|teamsize|p2|4\n|start\n|switch|p1a: Farigiraf|Farigiraf, L50, F|100/100\n|switch|p1b: Tyranitar|Tyranitar, L50, M|100/100\n|switch|p2a: Arcanine|Arcanine-Hisui, L50, M|100/100\n|switch|p2b: Altaria|Altaria, L50, M|100/100\n|-ability|p1b: Tyranitar|Unnerve\n|-ability|p2a: Arcanine|Intimidate|boost\n|-unboost|p1a: Farigiraf|atk|1\n|-unboost|p1b: Tyranitar|atk|1\n|turn|1\n|\n|t:|1775993089\n|detailschange|p2b: Altaria|Altaria-Mega, L50, M\n|-mega|p2b: Altaria|Altaria|Altarianite\n|move|p2a: Arcanine|Rock Slide|p1b: Tyranitar|[spread] p1a,p1b\n|-damage|p1a: Farigiraf|75/100\n|-damage|p1b: Tyranitar|78/100\n|move|p2b: Altaria|Double-Edge|p1a: Farigiraf\n|-damage|p1a: Farigiraf|24/100\n|-enditem|p1a: Farigiraf|Sitrus Berry|[eat]\n|-heal|p1a: Farigiraf|49/100|[from] item: Sitrus Berry\n|-damage|p2b: Altaria|75/100|[from] Recoil\n|move|p1b: Tyranitar|Curse|p1b: Tyranitar\n|-unboost|p1b: Tyranitar|spe|1\n|-boost|p1b: Tyranitar|atk|1\n|-boost|p1b: Tyranitar|def|1\n|move|p1a: Farigiraf|Trick Room|p1a: Farigiraf\n|-fieldstart|move: Trick Room|[of] p1a: Farigiraf\n|\n|upkeep\n|turn|2\n|\n|t:|1775993113\n|move|p1a: Farigiraf|Helping Hand|p1b: Tyranitar\n|-singleturn|p1b: Tyranitar|Helping Hand|[of] p1a: Farigiraf\n|move|p2a: Arcanine|Protect|p2a: Arcanine\n|-singleturn|p2a: Arcanine|Protect\n|move|p1b: Tyranitar|Rock Slide|p2b: Altaria|[spread] p2b\n|-activate|p2a: Arcanine|move: Protect\n|-damage|p2b: Altaria|11/100\n|move|p2b: Altaria|Hyper Voice|p1b: Tyranitar|[spread] p1a,p1b\n|-supereffective|p1b: Tyranitar|1\n|-damage|p1a: Farigiraf|22/100\n|-damage|p1b: Tyranitar|22/100\n|\n|upkeep\n|turn|3\n|\n|t:|1775993146\n|switch|p2a: Kingambit|Kingambit, L50, F|100/100\n|move|p2b: Altaria|Protect|p2b: Altaria\n|-singleturn|p2b: Altaria|Protect\n|move|p1b: Tyranitar|Rock Slide|p2a: Kingambit|[spread] p2a\n|-activate|p2b: Altaria|move: Protect\n|-resisted|p2a: Kingambit|1\n|-damage|p2a: Kingambit|86/100\n|move|p1a: Farigiraf|Psychic|p2a: Kingambit\n|-immune|p2a: Kingambit\n|\n|upkeep\n|turn|4\n|\n|t:|1775993160\n|move|p1b: Tyranitar|Brick Break|p2a: Kingambit\n|-supereffective|p2a: Kingambit|2\n|-damage|p2a: Kingambit|0 fnt\n|faint|p2a: Kingambit\n|move|p1a: Farigiraf|Psychic|p2b: Altaria\n|-damage|p2b: Altaria|0 fnt\n|faint|p2b: Altaria\n|\n|upkeep\n|\n|t:|1775993167\n|switch|p2a: Arcanine|Arcanine-Hisui, L50, M|100/100\n|switch|p2b: Basculegion|Basculegion, L50, M|100/100\n|-ability|p2a: Arcanine|Intimidate|boost\n|-unboost|p1a: Farigiraf|atk|1\n|-unboost|p1b: Tyranitar|atk|1\n|turn|5\n|\n|t:|1775993183\n|move|p1a: Farigiraf|Helping Hand|p1b: Tyranitar\n|-singleturn|p1b: Tyranitar|Helping Hand|[of] p1a: Farigiraf\n|move|p1b: Tyranitar|Knock Off|p2b: Basculegion\n|-supereffective|p2b: Basculegion|1\n|-crit|p2b: Basculegion\n|-damage|p2b: Basculegion|0 fnt\n|-enditem|p2b: Basculegion|Choice Scarf|[from] move: Knock Off|[of] p1b: Tyranitar\n|faint|p2b: Basculegion\n|move|p2a: Arcanine|Flare Blitz|p1a: Farigiraf\n|-damage|p1a: Farigiraf|0 fnt\n|faint|p1a: Farigiraf\n|-damage|p2a: Arcanine|91/100|[from] Recoil\n|\n|-fieldend|move: Trick Room\n|upkeep\n|\n|t:|1775993198\n|switch|p1a: Primarina|Primarina, L50, F|100/100\n|turn|6\n|\n|t:|1775993205\n|move|p2a: Arcanine|Rock Slide|p1b: Tyranitar|[spread] p1a,p1b\n|-damage|p1a: Primarina|70/100\n|-damage|p1b: Tyranitar|8/100\n|move|p1a: Primarina|Hyper Voice|p2a: Arcanine\n|-supereffective|p2a: Arcanine|2\n|-damage|p2a: Arcanine|0 fnt\n|faint|p2a: Arcanine\n|\n|win|Bimboddue\n|raw|Bimboddue's rating: 1098 &rarr; <strong>1125</strong><br />(+27 for winning)\n|raw|FredBearFan's rating: 1124 &rarr; <strong>1097</strong><br />(-27 for losing)\n|l|\u2606FredBearFan\n|player|p2|\n",
  "uploadtime": 1775993217,
  "views": 21,
  "formatid": "gen9championsvgc2026regma",
  "rating": 1097,
  "private": 0,
  "password": null
}