{
  "id": "gen9championsvgc2026regma-2583548804",
  "format": "[Gen 9 Champions] VGC 2026 Reg M-A",
  "players": [
    "nextxenp",
    "Piphanii"
  ],
  "log": "|j|\u2606nextxenp\n|j|\u2606Piphanii\n|t:|1776182626\n|gametype|doubles\n|player|p1|nextxenp|skier|1176\n|player|p2|Piphanii|miku-fairy|1208\n|gen|9\n|tier|[Gen 9 Champions] VGC 2026 Reg M-A\n|rated|\n|rule|Species Clause: Limit one of each Pok\u00e9mon\n|rule|Item Clause: Limit 1 of each item\n|clearpoke\n|poke|p1|Gengar, L50, M|\n|poke|p1|Incineroar, L50, F|\n|poke|p1|Sinistcha, L50|\n|poke|p1|Kingambit, L50, F|\n|poke|p1|Tyranitar, L50, M|\n|poke|p1|Kommo-o, L50, F|\n|poke|p2|Torkoal, L50, F|\n|poke|p2|Sinistcha, L50|\n|poke|p2|Primarina, L50, F|\n|poke|p2|Farigiraf, L50, M|\n|poke|p2|Drampa, L50, M|\n|poke|p2|Sneasler, L50, M|\n|teampreview|4\n|inactive|Battle timer is ON: inactive players will automatically lose when time's up. (requested by Piphanii)\n|inactive|nextxenp has 60 seconds left.\n|\n|t:|1776182692\n|teamsize|p1|4\n|teamsize|p2|4\n|start\n|switch|p1a: Kommo-o|Kommo-o, L50, F|100/100\n|switch|p1b: Incineroar|Incineroar, L50, F|100/100\n|switch|p2a: Cady|Farigiraf, L50, M|100/100\n|switch|p2b: Ruckus|Drampa, L50, M|100/100\n|-ability|p1b: Incineroar|Intimidate|boost\n|-unboost|p2a: Cady|atk|1\n|-unboost|p2b: Ruckus|atk|1\n|-ability|p2b: Ruckus|Cloud Nine\n|turn|1\n|inactive|nextxenp has 30 seconds left.\n|\n|t:|1776182718\n|move|p2b: Ruckus|Protect|p2b: Ruckus\n|-singleturn|p2b: Ruckus|Protect\n|move|p1a: Kommo-o|Clanging Scales|p2a: Cady|[spread] p2a\n|-activate|p2b: Ruckus|move: Protect\n|-damage|p2a: Cady|61/100\n|-unboost|p1a: Kommo-o|def|1\n|move|p1b: Incineroar|Throat Chop|p2a: Cady\n|-supereffective|p2a: Cady|1\n|-damage|p2a: Cady|0 fnt\n|faint|p2a: Cady\n|\n|upkeep\n|\n|t:|1776182723\n|switch|p2a: Lucy Gray|Primarina, L50, F|100/100\n|turn|2\n|\n|t:|1776182747\n|switch|p1a: Sinistcha|Sinistcha, L50|100/100\n|detailschange|p2b: Ruckus|Drampa-Mega, L50, M\n|-mega|p2b: Ruckus|Drampa|Drampanite\n|move|p2a: Lucy Gray|Hyper Voice|p1b: Incineroar|[spread] p1a,p1b\n|-resisted|p1a: Sinistcha|1\n|-supereffective|p1b: Incineroar|1\n|-damage|p1a: Sinistcha|84/100\n|-damage|p1b: Incineroar|49/100\n|move|p1b: Incineroar|Throat Chop|p2a: Lucy Gray\n|-resisted|p2a: Lucy Gray|1\n|-damage|p2a: Lucy Gray|82/100\n|-start|p2a: Lucy Gray|Throat Chop|[silent]\n|move|p2b: Ruckus|Draco Meteor|p1a: Sinistcha|[miss]\n|-miss|p2b: Ruckus|p1a: Sinistcha\n|\n|-heal|p2a: Lucy Gray|88/100|[from] item: Leftovers\n|upkeep\n|turn|3\n|inactive|nextxenp has 30 seconds left.\n|\n|t:|1776182781\n|switch|p1b: Kommo-o|Kommo-o, L50, F|100/100\n|move|p2a: Lucy Gray|Moonblast|p1a: Sinistcha\n|-damage|p1a: Sinistcha|34/100\n|-enditem|p1a: Sinistcha|Sitrus Berry|[eat]\n|-heal|p1a: Sinistcha|59/100|[from] item: Sitrus Berry\n|move|p1a: Sinistcha|Matcha Gotcha|p2b: Ruckus|[spread] p2a,p2b\n|-supereffective|p2a: Lucy Gray|1\n|-resisted|p2b: Ruckus|1\n|-damage|p2a: Lucy Gray|48/100\n|-heal|p1a: Sinistcha|80/100|[from] drain|[of] p2a: Lucy Gray\n|-damage|p2b: Ruckus|91/100\n|-heal|p1a: Sinistcha|85/100|[from] drain|[of] p2b: Ruckus\n|move|p2b: Ruckus|Draco Meteor|p1b: Kommo-o\n|-supereffective|p1b: Kommo-o|1\n|-damage|p1b: Kommo-o|0 fnt\n|-unboost|p2b: Ruckus|spa|2\n|faint|p1b: Kommo-o\n|\n|-heal|p2a: Lucy Gray|54/100|[from] item: Leftovers\n|-end|p2a: Lucy Gray|Throat Chop|[silent]\n|upkeep\n|\n|t:|1776182802\n|switch|p1b: Gengar|Gengar, L50, M|100/100\n|turn|4\n|\n|t:|1776182818\n|switch|p2a: Oberon Smog|Torkoal, L50, F|100/100\n|-weather|SunnyDay|[from] ability: Drought|[of] p2a: Oberon Smog\n|detailschange|p1b: Gengar|Gengar-Mega, L50, M\n|-mega|p1b: Gengar|Gengar|Gengarite\n|move|p2b: Ruckus|Protect|p2b: Ruckus\n|-singleturn|p2b: Ruckus|Protect\n|move|p1a: Sinistcha|Rage Powder|p1a: Sinistcha\n|-singleturn|p1a: Sinistcha|move: Rage Powder\n|move|p1b: Gengar|Perish Song|p1b: Gengar\n|-start|p1a: Sinistcha|perish3|[silent]\n|-start|p1b: Gengar|perish3|[silent]\n|-start|p2a: Oberon Smog|perish3|[silent]\n|-start|p2b: Ruckus|perish3|[silent]\n|-fieldactivate|move: Perish Song\n|\n|-weather|SunnyDay|[upkeep]\n|-start|p1b: Gengar|perish3\n|-start|p1a: Sinistcha|perish3\n|-start|p2b: Ruckus|perish3\n|-start|p2a: Oberon Smog|perish3\n|upkeep\n|turn|5\n|inactive|nextxenp has 30 seconds left.\n|\n|t:|1776182844\n|switch|p1a: Incineroar|Incineroar, L50, F|49/100\n|-ability|p1a: Incineroar|Intimidate|boost\n|-unboost|p2a: Oberon Smog|atk|1\n|-unboost|p2b: Ruckus|atk|1\n|move|p1b: Gengar|Protect|p1b: Gengar\n|-singleturn|p1b: Gengar|Protect\n|move|p2b: Ruckus|Draco Meteor|p1b: Gengar\n|-activate|p1b: Gengar|move: Protect\n|move|p2a: Oberon Smog|Heat Wave|p1a: Incineroar|[spread] p1a\n|-activate|p1b: Gengar|move: Protect\n|-resisted|p1a: Incineroar|1\n|-damage|p1a: Incineroar|28/100\n|\n|-weather|SunnyDay|[upkeep]\n|-start|p1b: Gengar|perish2\n|-start|p2b: Ruckus|perish2\n|-start|p2a: Oberon Smog|perish2\n|upkeep\n|turn|6\n|inactive|nextxenp has 30 seconds left.\n|\n|t:|1776182873\n|move|p1a: Incineroar|Fake Out|p2b: Ruckus\n|-damage|p2b: Ruckus|82/100\n|move|p1b: Gengar|Substitute|p1b: Gengar\n|-start|p1b: Gengar|Substitute\n|-damage|p1b: Gengar|76/100\n|cant|p2b: Ruckus|flinch\n|move|p2a: Oberon Smog|Weather Ball|p1b: Gengar\n|-end|p1b: Gengar|Substitute\n|\n|-weather|SunnyDay|[upkeep]\n|-start|p1b: Gengar|perish1\n|-start|p2b: Ruckus|perish1\n|-start|p2a: Oberon Smog|perish1\n|upkeep\n|turn|7\n|inactive|nextxenp has 30 seconds left.\n|inactive|nextxenp has 20 seconds left.\n|\n|t:|1776182910\n|switch|p1b: Sinistcha|Sinistcha, L50|85/100\n|-heal|p1a: Incineroar|53/100|[from] ability: Hospitality|[of] p1b: Sinistcha\n|move|p1a: Incineroar|Throat Chop|p2b: Ruckus\n|-damage|p2b: Ruckus|56/100\n|-start|p2b: Ruckus|Throat Chop|[silent]\n|cant|p2b: Ruckus|move: Throat Chop\n|move|p2a: Oberon Smog|Weather Ball|p1b: Sinistcha\n|-supereffective|p1b: Sinistcha|1\n|-damage|p1b: Sinistcha|0 fnt\n|faint|p1b: Sinistcha\n|\n|-weather|SunnyDay|[upkeep]\n|-start|p2b: Ruckus|perish0\n|-start|p2a: Oberon Smog|perish0\n|upkeep\n|faint|p2b: Ruckus\n|faint|p2a: Oberon Smog\n|-message|Piphanii forfeited.\n|\n|win|nextxenp\n|raw|nextxenp's rating: 1176 &rarr; <strong>1203</strong><br />(+27 for winning)\n|raw|Piphanii's rating: 1208 &rarr; <strong>1181</strong><br />(-27 for losing)\n|l|\u2606Piphanii\n|player|p2|\n",
  "uploadtime": 1776182940,
  "views": 19,
  "formatid": "gen9championsvgc2026regma",
  "rating": 1181,
  "private": 0,
  "password": null
}