{
  "id": "gen9championsvgc2026regma-2586669945",
  "format": "[Gen 9 Champions] VGC 2026 Reg M-A",
  "players": [
    "unrankedladder",
    "BM_bryka"
  ],
  "log": "|j|\u2606unrankedladder\n|j|\u2606BM_bryka\n|t:|1776450787\n|gametype|doubles\n|player|p1|unrankedladder|2|1159\n|player|p2|BM_bryka|hilbert-wonderlauncher|1138\n|gen|9\n|tier|[Gen 9 Champions] VGC 2026 Reg M-A\n|rated|\n|rule|Species Clause: Limit one of each Pok\u00e9mon\n|rule|Item Clause: Limit 1 of each item\n|clearpoke\n|poke|p1|Incineroar, L50, M|\n|poke|p1|Floette-Eternal, L50, F|\n|poke|p1|Aerodactyl, L50, M|\n|poke|p1|Garchomp, L50, F|\n|poke|p1|Sneasler, L50, F|\n|poke|p1|Basculegion, L50, M|\n|poke|p2|Charizard, L50, M|\n|poke|p2|Ninetales-Alola, L50, F|\n|poke|p2|Kingambit, L50, M|\n|poke|p2|Milotic, L50, F|\n|poke|p2|Sinistcha-Masterpiece, L50|\n|poke|p2|Sneasler, L50, F|\n|teampreview|4\n|\n|t:|1776450824\n|teamsize|p1|4\n|teamsize|p2|4\n|start\n|switch|p1a: Benjamin|Basculegion, L50, M, shiny|100/100\n|switch|p1b: Garchomp|Garchomp, L50, F, shiny|100/100\n|switch|p2a: Ninetales|Ninetales-Alola, L50, F|100/100\n|switch|p2b: Sneasler|Sneasler, L50, F, shiny|100/100\n|-weather|Snowscape|[from] ability: Snow Warning|[of] p2a: Ninetales\n|turn|1\n|\n|t:|1776450857\n|move|p2b: Sneasler|Fake Out|p1a: Benjamin\n|-immune|p1a: Benjamin\n|move|p1a: Benjamin|Wave Crash|p2a: Ninetales\n|-damage|p2a: Ninetales|35/100\n|-damage|p1a: Benjamin|80/100|[from] Recoil\n|move|p2a: Ninetales|Blizzard|p1b: Garchomp|[spread] p1a,p1b\n|-resisted|p1a: Benjamin|1\n|-supereffective|p1b: Garchomp|2\n|-damage|p1a: Benjamin|64/100\n|-damage|p1b: Garchomp|0 fnt\n|faint|p1b: Garchomp\n|\n|-weather|Snowscape|[upkeep]\n|upkeep\n|\n|t:|1776450866\n|switch|p1b: Floette|Floette-Eternal, L50, F|100/100\n|turn|2\n|\n|t:|1776450880\n|detailschange|p1b: Floette|Floette-Mega, L50, F\n|-mega|p1b: Floette|Floette|Floettite\n|-ability|p1b: Floette|Fairy Aura\n|move|p1b: Floette|Protect|p1b: Floette\n|-singleturn|p1b: Floette|Protect\n|move|p1a: Benjamin|Wave Crash|p2b: Sneasler\n|-damage|p2b: Sneasler|0 fnt\n|faint|p2b: Sneasler\n|-damage|p1a: Benjamin|37/100|[from] Recoil\n|move|p2a: Ninetales|Aurora Veil|p2a: Ninetales\n|-sidestart|p2: BM_bryka|move: Aurora Veil\n|\n|-weather|Snowscape|[upkeep]\n|upkeep\n|\n|t:|1776450891\n|switch|p2b: Kingambit|Kingambit, L50, M, shiny|100/100\n|turn|3\n|\n|t:|1776450903\n|switch|p1a: Sneasler|Sneasler, L50, F, shiny|100/100\n|move|p2a: Ninetales|Freeze-Dry|p1a: Sneasler\n|-damage|p1a: Sneasler|67/100\n|move|p1b: Floette|Moonblast|p2b: Kingambit\n|-damage|p2b: Kingambit|50/100\n|move|p2b: Kingambit|Iron Head|p1b: Floette\n|-supereffective|p1b: Floette|1\n|-damage|p1b: Floette|4/100\n|\n|-weather|Snowscape|[upkeep]\n|upkeep\n|turn|4\n|\n|t:|1776450960\n|switch|p1b: Benjamin|Basculegion, L50, M, shiny|37/100\n|move|p2b: Kingambit|Sucker Punch|p1a: Sneasler\n|-resisted|p1a: Sneasler|1\n|-damage|p1a: Sneasler|28/100\n|move|p2a: Ninetales|Blizzard|p1b: Benjamin|[spread] p1a,p1b\n|-resisted|p1b: Benjamin|1\n|-damage|p1a: Sneasler|0 fnt\n|-damage|p1b: Benjamin|22/100\n|faint|p1a: Sneasler\n|\n|-weather|Snowscape|[upkeep]\n|upkeep\n|\n|t:|1776450975\n|switch|p1a: Floette|Floette-Mega, L50, F|4/100\n|-ability|p1a: Floette|Fairy Aura\n|turn|5\n|\n|t:|1776450987\n|move|p1b: Benjamin|Aqua Jet|p2b: Kingambit\n|-damage|p2b: Kingambit|37/100\n|move|p2b: Kingambit|Sucker Punch||[still]\n|-fail|p2b: Kingambit\n|move|p2a: Ninetales|Blizzard|p1a: Floette|[spread] p1a,p1b\n|-resisted|p1b: Benjamin|1\n|-damage|p1a: Floette|0 fnt\n|-damage|p1b: Benjamin|5/100\n|faint|p1a: Floette\n|\n|-weather|none\n|upkeep\n|turn|6\n|-message|unrankedladder forfeited.\n|\n|win|BM_bryka\n|raw|unrankedladder's rating: 1159 &rarr; <strong>1132</strong><br />(-27 for losing)\n|raw|BM_bryka's rating: 1138 &rarr; <strong>1165</strong><br />(+27 for winning)\n|l|\u2606unrankedladder\n|player|p1|\n",
  "uploadtime": 1776451135,
  "views": 34,
  "formatid": "gen9championsvgc2026regma",
  "rating": 1132,
  "private": 0,
  "password": null
}