{
  "id": "gen9championsvgc2026regma-2581553514",
  "format": "[Gen 9 Champions] VGC 2026 Reg M-A",
  "players": [
    "NOTWETT",
    "helyo283"
  ],
  "log": "|j|\u2606NOTWETT\n|j|\u2606helyo283\n|t:|1776010471\n|gametype|doubles\n|player|p1|NOTWETT|102|1040\n|player|p2|helyo283|266|1040\n|gen|9\n|tier|[Gen 9 Champions] VGC 2026 Reg M-A\n|rated|\n|rule|Species Clause: Limit one of each Pok\u00e9mon\n|rule|Item Clause: Limit 1 of each item\n|clearpoke\n|poke|p1|Mimikyu, L50, M|\n|poke|p1|Kingambit, L50, F|\n|poke|p1|Glalie, L50, F|\n|poke|p1|Farigiraf, L50, M|\n|poke|p1|Incineroar, L50, F|\n|poke|p1|Conkeldurr, L50, F|\n|poke|p2|Charizard, L50, F|\n|poke|p2|Raichu, L50, M|\n|poke|p2|Venusaur, L50, M|\n|poke|p2|Gyarados, L50, M|\n|poke|p2|Garchomp, L50, F|\n|poke|p2|Glimmora, L50, M|\n|teampreview|4\n|\n|t:|1776010518\n|teamsize|p1|4\n|teamsize|p2|4\n|start\n|switch|p1a: Mimikyu|Mimikyu, L50, M, shiny|100/100\n|switch|p1b: Conkeldurr|Conkeldurr, L50, F|100/100\n|switch|p2a: Charizard|Charizard, L50, F|100/100\n|switch|p2b: Venusaur|Venusaur, L50, M|100/100\n|turn|1\n|inactive|Battle timer is ON: inactive players will automatically lose when time's up. (requested by helyo283)\n|\n|t:|1776010541\n|detailschange|p2a: Charizard|Charizard-Mega-Y, L50, F\n|-mega|p2a: Charizard|Charizard|Charizardite Y\n|-weather|SunnyDay|[from] ability: Drought|[of] p2a: Charizard\n|move|p2b: Venusaur|Sleep Powder|p1a: Mimikyu\n|-status|p1a: Mimikyu|slp|[from] move: Sleep Powder\n|move|p2a: Charizard|Heat Wave|p1a: Mimikyu|[spread] p1a,p1b\n|-crit|p1b: Conkeldurr\n|-activate|p1a: Mimikyu|ability: Disguise\n|-damage|p1a: Mimikyu|100/100 slp\n|-damage|p1b: Conkeldurr|0 fnt\n|detailschange|p1a: Mimikyu|Mimikyu-Busted, L50, M, shiny\n|-damage|p1a: Mimikyu|88/100 slp|[from] pokemon: Mimikyu-Busted\n|faint|p1b: Conkeldurr\n|cant|p1a: Mimikyu|slp\n|\n|-weather|SunnyDay|[upkeep]\n|upkeep\n|\n|t:|1776010562\n|switch|p1b: Incineroar|Incineroar, L50, F|100/100\n|-ability|p1b: Incineroar|Intimidate|boost\n|-unboost|p2a: Charizard|atk|1\n|-unboost|p2b: Venusaur|atk|1\n|turn|2\n|\n|t:|1776010575\n|move|p2a: Charizard|Protect|p2a: Charizard\n|-singleturn|p2a: Charizard|Protect\n|move|p1b: Incineroar|Fake Out|p2b: Venusaur\n|-damage|p2b: Venusaur|89/100\n|cant|p2b: Venusaur|flinch\n|cant|p1a: Mimikyu|slp\n|\n|-weather|SunnyDay|[upkeep]\n|-heal|p2b: Venusaur|95/100|[from] item: Leftovers\n|upkeep\n|turn|3\n|\n|t:|1776010597\n|move|p2b: Venusaur|Sludge Bomb|p1a: Mimikyu\n|-damage|p1a: Mimikyu|58/100 slp\n|move|p2a: Charizard|Weather Ball|p1b: Incineroar\n|-resisted|p1b: Incineroar|1\n|-damage|p1b: Incineroar|55/100\n|move|p1b: Incineroar|Flare Blitz|p2b: Venusaur\n|-supereffective|p2b: Venusaur|1\n|-damage|p2b: Venusaur|0 fnt\n|faint|p2b: Venusaur\n|-damage|p1b: Incineroar|27/100|[from] Recoil\n|-enditem|p1b: Incineroar|Sitrus Berry|[eat]\n|-heal|p1b: Incineroar|51/100|[from] item: Sitrus Berry\n|-curestatus|p1a: Mimikyu|slp|[msg]\n|move|p1a: Mimikyu|Trick Room|p1a: Mimikyu\n|-fieldstart|move: Trick Room|[of] p1a: Mimikyu\n|\n|-weather|SunnyDay|[upkeep]\n|upkeep\n|\n|t:|1776010604\n|switch|p2b: Gyarados|Gyarados, L50, M|100/100\n|-ability|p2b: Gyarados|Intimidate|boost\n|-unboost|p1a: Mimikyu|atk|1\n|-unboost|p1b: Incineroar|atk|1\n|turn|4\n|inactive|NOTWETT has 30 seconds left.\n|\n|t:|1776010632\n|move|p1a: Mimikyu|Protect|p1a: Mimikyu\n|-singleturn|p1a: Mimikyu|Protect\n|move|p2a: Charizard|Protect|p2a: Charizard\n|-singleturn|p2a: Charizard|Protect\n|move|p1b: Incineroar|Parting Shot|p2a: Charizard\n|-activate|p2a: Charizard|move: Protect\n|move|p2b: Gyarados|Waterfall|p1b: Incineroar\n|-supereffective|p1b: Incineroar|1\n|-damage|p1b: Incineroar|22/100\n|\n|-weather|SunnyDay|[upkeep]\n|upkeep\n|turn|5\n|inactive|helyo283 has 30 seconds left.\n|inactive|NOTWETT has 30 seconds left.\n|inactive|NOTWETT has 20 seconds left.\n|inactive|NOTWETT has 15 seconds left.\n|\n|t:|1776010680\n|switch|p2a: Raichu|Raichu, L50, M|100/100\n|move|p1b: Incineroar|Parting Shot|p2a: Raichu\n|-unboost|p2a: Raichu|atk|1\n|-unboost|p2a: Raichu|spa|1\n|\n|t:|1776010686\n|switch|p1b: Glalie|Glalie, L50, F|100/100|[from] Parting Shot\n|move|p1a: Mimikyu|Wood Hammer|p2b: Gyarados\n|-damage|p2b: Gyarados|82/100\n|-damage|p1a: Mimikyu|51/100|[from] Recoil\n|move|p2b: Gyarados|Waterfall|p1a: Mimikyu\n|-damage|p1a: Mimikyu|26/100\n|\n|-weather|none\n|upkeep\n|turn|6\n|\n|t:|1776010705\n|detailschange|p1b: Glalie|Glalie-Mega, L50, F\n|-mega|p1b: Glalie|Glalie|Glalitite\n|move|p1a: Mimikyu|Protect|p1a: Mimikyu\n|-singleturn|p1a: Mimikyu|Protect\n|move|p2a: Raichu|Fake Out|p1b: Glalie\n|-damage|p1b: Glalie|95/100\n|move|p2b: Gyarados|Dragon Dance|p2b: Gyarados\n|-boost|p2b: Gyarados|atk|1\n|-boost|p2b: Gyarados|spe|1\n|cant|p1b: Glalie|flinch\n|\n|upkeep\n|turn|7\n|\n|t:|1776010726\n|move|p1a: Mimikyu|Protect||[still]\n|-fail|p1a: Mimikyu\n|move|p2b: Gyarados|Protect|p2b: Gyarados\n|-singleturn|p2b: Gyarados|Protect\n|move|p2a: Raichu|Protect|p2a: Raichu\n|-singleturn|p2a: Raichu|Protect\n|move|p1b: Glalie|Explosion|p2b: Gyarados|[spread] p1a\n|-activate|p2a: Raichu|move: Protect\n|-activate|p2b: Gyarados|move: Protect\n|-damage|p1a: Mimikyu|0 fnt\n|faint|p1b: Glalie\n|faint|p1a: Mimikyu\n|\n|-fieldend|move: Trick Room\n|upkeep\n|\n|t:|1776010747\n|switch|p1b: Incineroar|Incineroar, L50, F|22/100\n|-ability|p1b: Incineroar|Intimidate|boost\n|-unboost|p2a: Raichu|atk|1\n|-unboost|p2b: Gyarados|atk|1\n|turn|8\n|c|\u2606helyo283|Xd\n|\n|t:|1776010770\n|move|p1b: Incineroar|Fake Out|p2b: Gyarados\n|-damage|p2b: Gyarados|71/100\n|move|p2a: Raichu|Thunderbolt|p1b: Incineroar\n|-damage|p1b: Incineroar|2/100\n|cant|p2b: Gyarados|flinch\n|\n|upkeep\n|turn|9\n|c|\u2606NOTWETT|Xd\n|\n|t:|1776010781\n|move|p2a: Raichu|Thunderbolt|p1b: Incineroar\n|-damage|p1b: Incineroar|0 fnt\n|faint|p1b: Incineroar\n|\n|win|helyo283\n|raw|NOTWETT's rating: 1040 &rarr; <strong>1024</strong><br />(-16 for losing)\n|raw|helyo283's rating: 1040 &rarr; <strong>1074</strong><br />(+34 for winning)\n|l|\u2606NOTWETT\n|player|p1|\n|l|\u2606helyo283\n|player|p2|\n|j|\u2606helyo283\n|player|p2|helyo283|266|\n",
  "uploadtime": 1776011152,
  "views": 14,
  "formatid": "gen9championsvgc2026regma",
  "rating": 1024,
  "private": 0,
  "password": null
}