{
  "id": "gen9championsvgc2026regma-2587164888",
  "format": "[Gen 9 Champions] VGC 2026 Reg M-A",
  "players": [
    "Serar24",
    "torukvgc"
  ],
  "log": "|j|\u2606Serar24\n|j|\u2606torukvgc\n|t:|1776502947\n|gametype|doubles\n|player|p1|Serar24|schoolkid|1291\n|player|p2|torukvgc|265|1240\n|gen|9\n|tier|[Gen 9 Champions] VGC 2026 Reg M-A\n|rated|\n|rule|Species Clause: Limit one of each Pok\u00e9mon\n|rule|Item Clause: Limit 1 of each item\n|clearpoke\n|poke|p1|Politoed, L50, F|\n|poke|p1|Archaludon, L50, F|\n|poke|p1|Basculegion, L50, M|\n|poke|p1|Dragonite, L50, M|\n|poke|p1|Meganium, L50, F|\n|poke|p1|Whimsicott, L50, F|\n|poke|p2|Floette-Eternal, L50, F|\n|poke|p2|Maushold, L50|\n|poke|p2|Garchomp, L50, F|\n|poke|p2|Rotom-Wash, L50|\n|poke|p2|Aegislash, L50, F|\n|poke|p2|Aerodactyl, L50, F|\n|teampreview|4\n|inactive|Battle timer is ON: inactive players will automatically lose when time's up. (requested by Serar24)\n|inactive|torukvgc has 60 seconds left.\n|inactive|torukvgc has 30 seconds left.\n|inactive|torukvgc has 20 seconds left.\n|inactive|torukvgc has 15 seconds left.\nSerar24 has agreed to open team sheets.\n|inactive|torukvgc has 10 seconds left.\n|inactive|torukvgc has 5 seconds left.\n|\n|t:|1776503041\n|teamsize|p1|4\n|teamsize|p2|4\n|start\n|switch|p1a: Politoed|Politoed, L50, F|100/100\n|switch|p1b: Archaludon|Archaludon, L50, F|100/100\n|switch|p2a: Floette|Floette-Eternal, L50, F|100/100\n|switch|p2b: Maushold|Maushold, L50|100/100\n|-weather|RainDance|[from] ability: Drizzle|[of] p1a: Politoed\n|turn|1\n|\n|t:|1776503060\n|detailschange|p2a: Floette|Floette-Mega, L50, F\n|-mega|p2a: Floette|Floette|Floettite\n|-ability|p2a: Floette|Fairy Aura\n|move|p2b: Maushold|Super Fang|p1b: Archaludon\n|-damage|p1b: Archaludon|51/100\n|move|p2a: Floette|Moonblast|p1b: Archaludon\n|-damage|p1b: Archaludon|0 fnt\n|faint|p1b: Archaludon\n|move|p1a: Politoed|Icy Wind|p2b: Maushold|[spread] p2a,p2b\n|-damage|p2a: Floette|94/100\n|-damage|p2b: Maushold|91/100\n|-unboost|p2a: Floette|spe|1\n|-unboost|p2b: Maushold|spe|1\n|\n|-weather|RainDance|[upkeep]\n|upkeep\n|\n|t:|1776503072\n|switch|p1b: Meganium|Meganium, L50, F|100/100\n|turn|2\n|inactive|torukvgc has 30 seconds left.\n|\n|t:|1776503098\n|detailschange|p1b: Meganium|Meganium-Mega, L50, F\n|-mega|p1b: Meganium|Meganium|Meganiumite\n|move|p1a: Politoed|Surf|p2a: Floette|[spread] p1b,p2a,p2b\n|-resisted|p1b: Meganium|1\n|-damage|p1b: Meganium|88/100\n|-damage|p2a: Floette|75/100\n|-damage|p2b: Maushold|50/100\n|move|p2b: Maushold|Super Fang|p1b: Meganium\n|-damage|p1b: Meganium|44/100\n|move|p1b: Meganium|Dazzling Gleam|p2b: Maushold|[spread] p2a,p2b\n|-damage|p2a: Floette|47/100\n|-damage|p2b: Maushold|0 fnt\n|faint|p2b: Maushold\n|move|p2a: Floette|Calm Mind|p2a: Floette\n|-boost|p2a: Floette|spa|1\n|-boost|p2a: Floette|spd|1\n|\n|-weather|RainDance|[upkeep]\n|upkeep\n|\n|t:|1776503114\n|switch|p2b: Aerodactyl|Aerodactyl, L50, F|100/100\n|-ability|p2b: Aerodactyl|Unnerve\n|turn|3\n|\n|t:|1776503126\n|move|p2b: Aerodactyl|Protect|p2b: Aerodactyl\n|-singleturn|p2b: Aerodactyl|Protect\n|move|p1b: Meganium|Protect|p1b: Meganium\n|-singleturn|p1b: Meganium|Protect\n|move|p1a: Politoed|Surf|p2b: Aerodactyl|[spread] p2a\n|-activate|p1b: Meganium|move: Protect\n|-activate|p2b: Aerodactyl|move: Protect\n|-damage|p2a: Floette|31/100\n|move|p2a: Floette|Dazzling Gleam|p1a: Politoed|[spread] p1a\n|-activate|p1b: Meganium|move: Protect\n|-damage|p1a: Politoed|30/100\n|\n|-weather|RainDance|[upkeep]\n|-heal|p1a: Politoed|36/100|[from] item: Leftovers\n|upkeep\n|turn|4\n|\n|t:|1776503140\n|move|p2b: Aerodactyl|Tailwind|p2b: Aerodactyl\n|-sidestart|p2: torukvgc|move: Tailwind\n|move|p2a: Floette|Dazzling Gleam|p1b: Meganium|[spread] p1a,p1b\n|-damage|p1a: Politoed|0 fnt\n|-damage|p1b: Meganium|0 fnt\n|faint|p1a: Politoed\n|faint|p1b: Meganium\n|\n|-weather|RainDance|[upkeep]\n|upkeep\n|\n|t:|1776503146\n|switch|p1b: Basculegion|Basculegion, L50, M|100/100\n|turn|5\n|\n|t:|1776503162\n|move|p2b: Aerodactyl|Protect|p2b: Aerodactyl\n|-singleturn|p2b: Aerodactyl|Protect\n|move|p2a: Floette|Protect|p2a: Floette\n|-singleturn|p2a: Floette|Protect\n|move|p1b: Basculegion|Last Respects|p2a: Floette\n|-activate|p2a: Floette|move: Protect\n|\n|-weather|none\n|upkeep\n|turn|6\n|-message|Serar24 forfeited.\n|\n|win|torukvgc\n|raw|Serar24's rating: 1291 &rarr; <strong>1262</strong><br />(-29 for losing)\n|raw|torukvgc's rating: 1240 &rarr; <strong>1269</strong><br />(+29 for winning)\n|l|\u2606Serar24\n|player|p1|\n",
  "uploadtime": 1776503176,
  "views": 27,
  "formatid": "gen9championsvgc2026regma",
  "rating": 1262,
  "private": 0,
  "password": null
}