{
  "id": "gen9championsvgc2026regma-2588542379",
  "format": "[Gen 9 Champions] VGC 2026 Reg M-A",
  "players": [
    "EvWX",
    "dawnratio"
  ],
  "log": "|j|\u2606EvWX\n|j|\u2606dawnratio\n|t:|1776643256\n|gametype|doubles\n|player|p1|EvWX|flannery|1028\n|player|p2|dawnratio|iris-gen5bw2|1102\n|gen|9\n|tier|[Gen 9 Champions] VGC 2026 Reg M-A\n|rated|\n|rule|Species Clause: Limit one of each Pok\u00e9mon\n|rule|Item Clause: Limit 1 of each item\n|clearpoke\n|poke|p1|Farigiraf, L50, M, shiny|\n|poke|p1|Tyranitar, L50, M|\n|poke|p1|Slowbro-Galar, L50, M, shiny|\n|poke|p1|Dragonite, L50, F, shiny|\n|poke|p1|Sinistcha, L50, shiny|\n|poke|p1|Ceruledge, L50, F|\n|poke|p2|Froslass, L50, F|\n|poke|p2|Orthworm, L50, F|\n|poke|p2|Talonflame, L50, M|\n|poke|p2|Basculegion, L50, M|\n|poke|p2|Glimmora, L50, M|\n|poke|p2|Rotom-Wash, L50|\n|teampreview|4\n|inactive|Battle timer is ON: inactive players will automatically lose when time's up. (requested by dawnratio)\n|\n|t:|1776643318\n|teamsize|p1|4\n|teamsize|p2|4\n|start\n|switch|p1a: dude what the flip|Farigiraf, L50, M, shiny|100/100\n|switch|p1b: Dragonite|Dragonite, L50, F, shiny|100/100\n|switch|p2a: friendship|Orthworm, L50, F|100/100\n|switch|p2b: themes|Talonflame, L50, M|100/100\n|turn|1\n|\n|t:|1776643342\n|move|p2b: themes|Flare Blitz|p1a: dude what the flip\n|-damage|p1a: dude what the flip|45/100\n|-damage|p2b: themes|77/100|[from] Recoil\n|move|p1b: Dragonite|Thunderbolt|p2a: friendship\n|-damage|p2a: friendship|56/100\n|move|p2a: friendship|Iron Head|p1a: dude what the flip\n|-damage|p1a: dude what the flip|13/100\n|move|p1a: dude what the flip|Trick Room|p1a: dude what the flip\n|-fieldstart|move: Trick Room|[of] p1a: dude what the flip\n|\n|upkeep\n|turn|2\n|\n|t:|1776643361\n|move|p1a: dude what the flip|Protect|p1a: dude what the flip\n|-singleturn|p1a: dude what the flip|Protect\n|move|p2b: themes|Protect|p2b: themes\n|-singleturn|p2b: themes|Protect\n|move|p2a: friendship|Shed Tail|p2a: friendship\n|-start|p2a: friendship|Substitute|[from] move: Shed Tail\n|-damage|p2a: friendship|6/100\n|-enditem|p2a: friendship|Sitrus Berry|[eat]\n|-heal|p2a: friendship|30/100|[from] item: Sitrus Berry\n|\n|t:|1776643371\n|switch|p2a: kindness|Froslass, L50, F|100/100|[from] Shed Tail\n|move|p1b: Dragonite|Thunderbolt|p2b: themes\n|-activate|p2b: themes|move: Protect\n|\n|upkeep\n|turn|3\n|\n|t:|1776643387\n|switch|p1b: Ceruledge|Ceruledge, L50, F|100/100\n|switch|p2b: friendship|Orthworm, L50, F|30/100\n|detailschange|p2a: kindness|Froslass-Mega, L50, F\n|-mega|p2a: kindness|Froslass|Froslassite\n|-weather|Snowscape|[from] ability: Snow Warning|[of] p2a: kindness\n|move|p1a: dude what the flip|Twin Beam|p2b: friendship\n|-resisted|p2b: friendship|1\n|-damage|p2b: friendship|15/100\n|-resisted|p2b: friendship|1\n|-damage|p2b: friendship|0 fnt\n|faint|p2b: friendship\n|-hitcount|p2: friendship|2\n|move|p2a: kindness|Blizzard|p1b: Ceruledge|[spread] p1a,p1b\n|-resisted|p1b: Ceruledge|1\n|-damage|p1a: dude what the flip|0 fnt\n|-damage|p1b: Ceruledge|72/100\n|faint|p1a: dude what the flip\n|\n|-weather|Snowscape|[upkeep]\n|upkeep\n|\n|t:|1776643408\n|switch|p1a: Untitled 2|Slowbro-Galar, L50, M, shiny|100/100\n|switch|p2b: themes|Talonflame, L50, M|77/100\n|turn|4\n|\n|t:|1776643421\n|move|p1a: Untitled 2|Shadow Ball|p2a: kindness\n|-supereffective|p2a: kindness|1\n|-end|p2a: kindness|Substitute\n|move|p1b: Ceruledge|Bitter Blade|p2a: kindness\n|-supereffective|p2a: kindness|1\n|-damage|p2a: kindness|0 fnt\n|-heal|p1b: Ceruledge|100/100|[from] drain|[of] p2a: kindness\n|faint|p2a: kindness\n|move|p2b: themes|Brave Bird|p1a: Untitled 2\n|-damage|p1a: Untitled 2|59/100\n|-damage|p2b: themes|62/100|[from] Recoil\n|\n|-weather|Snowscape|[upkeep]\n|upkeep\n|inactive|dawnratio has 30 seconds left.\n|\n|t:|1776643447\n|switch|p2a: aura|Basculegion, L50, M|100/100\n|turn|5\n|\n|t:|1776643462\n|move|p1a: Untitled 2|Hydro Pump|p2b: themes\n|-supereffective|p2b: themes|1\n|-damage|p2b: themes|0 fnt\n|faint|p2b: themes\n|move|p1b: Ceruledge|Poltergeist|p2a: aura\n|-activate|p2a: aura|move: Poltergeist|Choice Scarf\n|-supereffective|p2a: aura|1\n|-damage|p2a: aura|0 fnt\n|faint|p2a: aura\n|\n|win|EvWX\n|raw|EvWX's rating: 1028 &rarr; <strong>1071</strong><br />(+43 for winning)\n|raw|dawnratio's rating: 1102 &rarr; <strong>1072</strong><br />(-30 for losing)\n",
  "uploadtime": 1776643473,
  "views": 7,
  "formatid": "gen9championsvgc2026regma",
  "rating": 1071,
  "private": 0,
  "password": null
}