{
  "id": "gen9championsvgc2026regma-2587583492",
  "format": "[Gen 9 Champions] VGC 2026 Reg M-A",
  "players": [
    "leozinsilva",
    "Isidino"
  ],
  "log": "|j|\u2606leozinsilva\n|j|\u203dIsidino\n|t:|1776544346\n|gametype|doubles\n|player|p1|leozinsilva|boarder|1175\n|player|p2|Isidino|266|1187\n|gen|9\n|tier|[Gen 9 Champions] VGC 2026 Reg M-A\n|rated|\n|rule|Species Clause: Limit one of each Pok\u00e9mon\n|rule|Item Clause: Limit 1 of each item\n|clearpoke\n|poke|p1|Farigiraf, L50, M|\n|poke|p1|Politoed, L50, F|\n|poke|p1|Archaludon, L50, M|\n|poke|p1|Meganium, L50, M|\n|poke|p1|Sneasler, L50, M|\n|poke|p1|Basculegion-F, L50, F|\n|poke|p2|Pelipper, L50, F|\n|poke|p2|Basculegion-F, L50, F, shiny|\n|poke|p2|Starmie, L50, shiny|\n|poke|p2|Sneasler, L50, M|\n|poke|p2|Sableye, L50, M, shiny|\n|poke|p2|Volcarona, L50, F, shiny|\n|teampreview|4\n|inactive|Battle timer is ON: inactive players will automatically lose when time's up. (requested by Isidino)\n|inactive|leozinsilva has 60 seconds left.\n|\n|t:|1776544396\n|teamsize|p1|4\n|teamsize|p2|4\n|start\n|switch|p1a: Farigiraf|Farigiraf, L50, M|100/100\n|switch|p1b: Archaludon|Archaludon, L50, M|100/100\n|switch|p2a: Volcarona|Volcarona, L50, F, shiny|100/100\n|switch|p2b: Sneasler|Sneasler, L50, M|100/100\n|turn|1\n|inactive|leozinsilva has 30 seconds left.\n|inactive|leozinsilva has 20 seconds left.\n|\n|t:|1776544433\n|switch|p1b: Basculegion|Basculegion-F, L50, F|100/100\n|move|p2b: Sneasler|Dire Claw|p1a: Farigiraf\n|-damage|p1a: Farigiraf|63/100\n|move|p2a: Volcarona|Struggle Bug|p1a: Farigiraf|[spread] p1a,p1b\n|-supereffective|p1a: Farigiraf|1\n|-resisted|p1b: Basculegion|1\n|-damage|p1a: Farigiraf|31/100\n|-damage|p1b: Basculegion|90/100\n|-unboost|p1a: Farigiraf|spa|1\n|-unboost|p1b: Basculegion|spa|1\n|-enditem|p1a: Farigiraf|Sitrus Berry|[eat]\n|-heal|p1a: Farigiraf|56/100|[from] item: Sitrus Berry\n|move|p1a: Farigiraf|Psychic|p2b: Sneasler\n|-supereffective|p2b: Sneasler|2\n|-damage|p2b: Sneasler|0 fnt\n|faint|p2b: Sneasler\n|\n|upkeep\n|\n|t:|1776544453\n|switch|p2b: Starmie|Starmie, L50, shiny|100/100\n|turn|2\n|inactive|leozinsilva has 30 seconds left.\n|\n|t:|1776544479\n|move|p2b: Starmie|Protect|p2b: Starmie\n|-singleturn|p2b: Starmie|Protect\n|move|p1b: Basculegion|Flip Turn|p2b: Starmie\n|-activate|p2b: Starmie|move: Protect\n|move|p2a: Volcarona|Struggle Bug|p1b: Basculegion|[spread] p1a,p1b\n|-supereffective|p1a: Farigiraf|1\n|-resisted|p1b: Basculegion|1\n|-damage|p1a: Farigiraf|23/100\n|-damage|p1b: Basculegion|81/100\n|-unboost|p1a: Farigiraf|spa|1\n|-unboost|p1b: Basculegion|spa|1\n|move|p1a: Farigiraf|Trick Room|p1a: Farigiraf\n|-fieldstart|move: Trick Room|[of] p1a: Farigiraf\n|\n|upkeep\n|turn|3\n|inactive|leozinsilva has 30 seconds left.\n|inactive|leozinsilva has 20 seconds left.\n|inactive|leozinsilva has 15 seconds left.\n|inactive|leozinsilva has 10 seconds left.\n|\n|t:|1776544526\n|switch|p1b: Archaludon|Archaludon, L50, M|100/100\n|detailschange|p2b: Starmie|Starmie-Mega, L50, shiny\n|-mega|p2b: Starmie|Starmie|Starminite\n|move|p1a: Farigiraf|Hyper Voice|p2b: Starmie|[spread] p2a,p2b\n|-damage|p2a: Volcarona|90/100\n|-damage|p2b: Starmie|88/100\n|move|p2a: Volcarona|Struggle Bug|p1b: Archaludon|[spread] p1a,p1b\n|-supereffective|p1a: Farigiraf|1\n|-resisted|p1b: Archaludon|1\n|-damage|p1a: Farigiraf|0 fnt\n|-damage|p1b: Archaludon|93/100\n|-unboost|p1b: Archaludon|spa|1\n|-ability|p1b: Archaludon|Stamina|boost\n|-boost|p1b: Archaludon|def|1\n|faint|p1a: Farigiraf\n|move|p2b: Starmie|Liquidation|p1b: Archaludon\n|-resisted|p1b: Archaludon|1\n|-damage|p1b: Archaludon|74/100\n|-ability|p1b: Archaludon|Stamina|boost\n|-boost|p1b: Archaludon|def|1\n|\n|-heal|p1b: Archaludon|80/100|[from] item: Leftovers\n|-heal|p2a: Volcarona|96/100|[from] item: Leftovers\n|upkeep\n|\n|t:|1776544545\n|switch|p1a: Meganium|Meganium, L50, M|100/100\n|turn|4\n|\n|t:|1776544569\n|detailschange|p1a: Meganium|Meganium-Mega, L50, M\n|-mega|p1a: Meganium|Meganium|Meganiumite\n|move|p2b: Starmie|Protect|p2b: Starmie\n|-singleturn|p2b: Starmie|Protect\n|move|p1b: Archaludon|Draco Meteor|p2a: Volcarona\n|-damage|p2a: Volcarona|66/100\n|-unboost|p1b: Archaludon|spa|2\n|move|p1a: Meganium|Solar Beam||[still]\n|-prepare|p1a: Meganium|Solar Beam\n|-activate|p1a: Meganium|ability: Mega Sol\n|-anim|p1a: Meganium|Solar Beam|p2b: Starmie\n|-activate|p2b: Starmie|move: Protect\n|move|p2a: Volcarona|Struggle Bug|p1b: Archaludon|[spread] p1a,p1b\n|-resisted|p1b: Archaludon|1\n|-damage|p1a: Meganium|87/100\n|-damage|p1b: Archaludon|72/100\n|-unboost|p1a: Meganium|spa|1\n|-unboost|p1b: Archaludon|spa|1\n|-ability|p1b: Archaludon|Stamina|boost\n|-boost|p1b: Archaludon|def|1\n|\n|-heal|p1b: Archaludon|78/100|[from] item: Leftovers\n|-heal|p2a: Volcarona|72/100|[from] item: Leftovers\n|upkeep\n|turn|5\n|n|\u203dIsidino|isidino\n|n|\u203dIsidino|isidino\n|n|\u203dIsidino|isidino\n|n|\u203dIsidino|isidino\n|n|\u203dIsidino|isidino\n|n|\u203dIsidino|isidino\n|n|\u203dIsidino|isidino\n|n|\u203dIsidino|isidino\n|n|\u203dIsidino|isidino\n|n|\u203dIsidino|isidino\n|n|\u203dIsidino|isidino\n|n|\u203dIsidino|isidino\n|n|\u203dIsidino|isidino\n|n|\u203dIsidino|isidino\n|n|\u203dIsidino|isidino\n|n|\u203dIsidino|isidino\n|n|\u203dIsidino|isidino\n|inactive|leozinsilva has 30 seconds left.\n|inactive|Isidino has 30 seconds left.\n|inactive|Isidino has 20 seconds left.\n|\n|t:|1776544606\n|switch|p1b: Basculegion|Basculegion-F, L50, F|81/100\n|switch|p2b: Basculegion|Basculegion-F, L50, F, shiny|100/100\n|move|p1a: Meganium|Solar Beam||[still]\n|-prepare|p1a: Meganium|Solar Beam\n|-activate|p1a: Meganium|ability: Mega Sol\n|-anim|p1a: Meganium|Solar Beam|p2b: Basculegion\n|-supereffective|p2b: Basculegion|1\n|-damage|p2b: Basculegion|5/100\n|move|p2a: Volcarona|Struggle Bug|p1b: Basculegion|[spread] p1a,p1b\n|-resisted|p1b: Basculegion|1\n|-damage|p1a: Meganium|74/100\n|-damage|p1b: Basculegion|72/100\n|-unboost|p1a: Meganium|spa|1\n|-unboost|p1b: Basculegion|spa|1\n|\n|-heal|p2a: Volcarona|79/100|[from] item: Leftovers\n|upkeep\n|turn|6\n|\n|t:|1776544630\n|move|p2a: Volcarona|Protect|p2a: Volcarona\n|-singleturn|p2a: Volcarona|Protect\n|move|p2b: Basculegion|Protect|p2b: Basculegion\n|-singleturn|p2b: Basculegion|Protect\n|move|p1a: Meganium|Dazzling Gleam|p2a: Volcarona|[spread] \n|-activate|p2a: Volcarona|move: Protect\n|-activate|p2b: Basculegion|move: Protect\n|move|p1b: Basculegion|Wave Crash|p2a: Volcarona\n|-activate|p2a: Volcarona|move: Protect\n|\n|-heal|p2a: Volcarona|85/100|[from] item: Leftovers\n|-fieldend|move: Trick Room\n|upkeep\n|turn|7\n|inactive|Isidino has 30 seconds left.\n|\n|t:|1776544660\n|switch|p1b: Archaludon|Archaludon, L50, M|78/100\n|switch|p2a: Starmie|Starmie-Mega, L50, shiny|88/100\n|move|p2b: Basculegion|Shadow Ball|p1b: Archaludon\n|-damage|p1b: Archaludon|43/100\n|-unboost|p1b: Archaludon|spd|1\n|-ability|p1b: Archaludon|Stamina|boost\n|-boost|p1b: Archaludon|def|1\n|move|p1a: Meganium|Dazzling Gleam|p2b: Basculegion|[spread] p2a,p2b\n|-damage|p2a: Starmie|72/100\n|-damage|p2b: Basculegion|0 fnt\n|faint|p2b: Basculegion\n|\n|-heal|p1b: Archaludon|49/100|[from] item: Leftovers\n|upkeep\n|\n|t:|1776544673\n|switch|p2b: Volcarona|Volcarona, L50, F, shiny|85/100\n|turn|8\n|\n|t:|1776544687\n|move|p1a: Meganium|Protect|p1a: Meganium\n|-singleturn|p1a: Meganium|Protect\n|move|p1b: Archaludon|Protect|p1b: Archaludon\n|-singleturn|p1b: Archaludon|Protect\n|move|p2a: Starmie|Ice Spinner|p1a: Meganium\n|-activate|p1a: Meganium|move: Protect\n|move|p2b: Volcarona|Fiery Dance|p1b: Archaludon\n|-activate|p1b: Archaludon|move: Protect\n|\n|-heal|p2b: Volcarona|91/100|[from] item: Leftovers\n|-heal|p1b: Archaludon|55/100|[from] item: Leftovers\n|upkeep\n|turn|9\n|\n|t:|1776544708\n|move|p2a: Starmie|Ice Spinner|p1a: Meganium\n|-supereffective|p1a: Meganium|1\n|-damage|p1a: Meganium|0 fnt\n|faint|p1a: Meganium\n|move|p2b: Volcarona|Fiery Dance|p1b: Archaludon\n|-damage|p1b: Archaludon|4/100\n|-boost|p2b: Volcarona|spa|1\n|-ability|p1b: Archaludon|Stamina|boost\n|-boost|p1b: Archaludon|def|1\n|move|p1b: Archaludon|Draco Meteor|p2b: Volcarona\n|-damage|p2b: Volcarona|44/100\n|-unboost|p1b: Archaludon|spa|2\n|\n|-heal|p2b: Volcarona|50/100|[from] item: Leftovers\n|-heal|p1b: Archaludon|10/100|[from] item: Leftovers\n|upkeep\n|\n|t:|1776544721\n|switch|p1a: Basculegion|Basculegion-F, L50, F|72/100\n|turn|10\n|\n|t:|1776544733\n|move|p2b: Volcarona|Rage Powder|p2b: Volcarona\n|-singleturn|p2b: Volcarona|move: Rage Powder\n|move|p1a: Basculegion|Last Respects|p2b: Volcarona\n|-damage|p2b: Volcarona|0 fnt\n|faint|p2b: Volcarona\n|move|p2a: Starmie|Liquidation|p1a: Basculegion\n|-resisted|p1a: Basculegion|1\n|-damage|p1a: Basculegion|22/100\n|move|p1b: Archaludon|Draco Meteor|p2a: Starmie\n|-damage|p2a: Starmie|43/100\n|-unboost|p1b: Archaludon|spa|2\n|\n|-heal|p1b: Archaludon|16/100|[from] item: Leftovers\n|upkeep\n|turn|11\n|\n|t:|1776544749\n|move|p2a: Starmie|Aqua Jet|p1a: Basculegion\n|-resisted|p1a: Basculegion|1\n|-damage|p1a: Basculegion|0 fnt\n|faint|p1a: Basculegion\n|move|p1b: Archaludon|Draco Meteor|p2a: Starmie\n|-damage|p2a: Starmie|23/100\n|-unboost|p1b: Archaludon|spa|2\n|\n|-heal|p1b: Archaludon|22/100|[from] item: Leftovers\n|upkeep\n|turn|12\n|\n|t:|1776544760\n|move|p1b: Archaludon|Protect|p1b: Archaludon\n|-singleturn|p1b: Archaludon|Protect\n|move|p2a: Starmie|Ice Spinner|p1b: Archaludon\n|-activate|p1b: Archaludon|move: Protect\n|\n|-heal|p1b: Archaludon|28/100|[from] item: Leftovers\n|upkeep\n|turn|13\n|\n|t:|1776544772\n|move|p2a: Starmie|Ice Spinner|p1b: Archaludon\n|-damage|p1b: Archaludon|12/100\n|-ability|p1b: Archaludon|Stamina|boost\n|-boost|p1b: Archaludon|def|1\n|move|p1b: Archaludon|Draco Meteor|p2a: Starmie\n|-damage|p2a: Starmie|6/100\n|\n|-heal|p1b: Archaludon|18/100|[from] item: Leftovers\n|upkeep\n|turn|14\n|\n|t:|1776544781\n|move|p1b: Archaludon|Protect|p1b: Archaludon\n|-singleturn|p1b: Archaludon|Protect\n|move|p2a: Starmie|Ice Spinner|p1b: Archaludon\n|-activate|p1b: Archaludon|move: Protect\n|\n|-heal|p1b: Archaludon|24/100|[from] item: Leftovers\n|upkeep\n|turn|15\n|\n|t:|1776544791\n|move|p2a: Starmie|Ice Spinner|p1b: Archaludon\n|-damage|p1b: Archaludon|10/100\n|-ability|p1b: Archaludon|Stamina|boost\n|-boost|p1b: Archaludon|def|1\n|move|p1b: Archaludon|Draco Meteor|p2a: Starmie\n|-damage|p2a: Starmie|0 fnt\n|faint|p2a: Starmie\n|\n|win|leozinsilva\n|raw|leozinsilva's rating: 1175 &rarr; <strong>1201</strong><br />(+26 for winning)\n|raw|Isidino's rating: 1187 &rarr; <strong>1161</strong><br />(-26 for losing)\n|l|\u2606leozinsilva\n|player|p1|\n",
  "uploadtime": 1776544809,
  "views": 14,
  "formatid": "gen9championsvgc2026regma",
  "rating": 1161,
  "private": 0,
  "password": null
}