{
  "id": "gen9championsvgc2026regma-2586813177",
  "format": "[Gen 9 Champions] VGC 2026 Reg M-A",
  "players": [
    "eevee1995",
    "SANJAClNTO"
  ],
  "log": "|j|\u2606eevee1995\n|j|\u2606SANJAClNTO\n|t:|1776462001\n|gametype|doubles\n|player|p1|eevee1995|pokekidf-gen8|1053\n|player|p2|SANJAClNTO|101|1034\n|gen|9\n|tier|[Gen 9 Champions] VGC 2026 Reg M-A\n|rated|\n|rule|Species Clause: Limit one of each Pok\u00e9mon\n|rule|Item Clause: Limit 1 of each item\n|clearpoke\n|poke|p1|Scovillain, L50, F|\n|poke|p1|Ninetales-Alola, L50, F|\n|poke|p1|Sneasler, L50, M|\n|poke|p1|Feraligatr, L50, M|\n|poke|p1|Hydrapple, L50, M|\n|poke|p1|Sableye, L50, M|\n|poke|p2|Charizard, L50, M|\n|poke|p2|Venusaur, L50, M|\n|poke|p2|Torkoal, L50, M|\n|poke|p2|Incineroar, L50, F|\n|poke|p2|Heliolisk, L50, F|\n|poke|p2|Greninja-*, L50, F|\n|teampreview|4\n|c|\u2606eevee1995|sunshine lollipops and rainbows\n|\n|t:|1776462029\n|teamsize|p1|4\n|teamsize|p2|4\n|start\n|switch|p1a: Toiletdile|Feraligatr, L50, M, shiny|100/100\n|switch|p1b: Punchy|Sneasler, L50, M, shiny|100/100\n|switch|p2a: Incineroar|Incineroar, L50, F|100/100\n|switch|p2b: Torkoal|Torkoal, L50, M|100/100\n|-ability|p2a: Incineroar|Intimidate|boost\n|-unboost|p1a: Toiletdile|atk|1\n|-unboost|p1b: Punchy|atk|1\n|-weather|SunnyDay|[from] ability: Drought|[of] p2b: Torkoal\n|turn|1\n|inactive|Battle timer is ON: inactive players will automatically lose when time's up. (requested by eevee1995)\n|\n|t:|1776462046\n|switch|p1a: Notch apple|Hydrapple, L50, M, shiny|100/100\n|move|p2b: Torkoal|Protect|p2b: Torkoal\n|-singleturn|p2b: Torkoal|Protect\n|move|p1b: Punchy|Swords Dance|p1b: Punchy\n|-boost|p1b: Punchy|atk|2\n|move|p2a: Incineroar|Flare Blitz|p1b: Punchy\n|-damage|p1b: Punchy|41/100\n|-enditem|p1b: Punchy|Sitrus Berry|[eat]\n|-heal|p1b: Punchy|65/100|[from] item: Sitrus Berry\n|-damage|p2a: Incineroar|82/100|[from] Recoil\n|\n|-weather|SunnyDay|[upkeep]\n|upkeep\n|turn|2\n|inactive|SANJAClNTO has 30 seconds left.\n|\n|t:|1776462074\n|switch|p2b: Venusaur|Venusaur, L50, M|100/100\n|move|p1b: Punchy|Close Combat|p2a: Incineroar\n|-supereffective|p2a: Incineroar|1\n|-damage|p2a: Incineroar|0 fnt\n|-unboost|p1b: Punchy|def|1\n|-unboost|p1b: Punchy|spd|1\n|faint|p2a: Incineroar\n|move|p1a: Notch apple|Draco Meteor|p2b: Venusaur\n|-crit|p2b: Venusaur\n|-damage|p2b: Venusaur|9/100\n|-unboost|p1a: Notch apple|spa|2\n|\n|-weather|SunnyDay|[upkeep]\n|upkeep\n|\n|t:|1776462080\n|switch|p2a: Charizard|Charizard, L50, M|100/100\n|turn|3\n|\n|t:|1776462100\n|switch|p1a: Snowy|Ninetales-Alola, L50, F, shiny|100/100\n|-weather|Snowscape|[from] ability: Snow Warning|[of] p1a: Snowy\n|detailschange|p2a: Charizard|Charizard-Mega-Y, L50, M\n|-mega|p2a: Charizard|Charizard|Charizardite Y\n|-weather|SunnyDay|[from] ability: Drought|[of] p2a: Charizard\n|move|p1b: Punchy|Dire Claw|p2a: Charizard\n|-damage|p2a: Charizard|28/100\n|-status|p2a: Charizard|slp\n|move|p2b: Venusaur|Sleep Powder|p1b: Punchy\n|-status|p1b: Punchy|slp|[from] move: Sleep Powder\n|cant|p2a: Charizard|slp\n|\n|-weather|SunnyDay|[upkeep]\n|upkeep\n|turn|4\n|inactive|eevee1995 has 30 seconds left.\n|\n|t:|1776462126\n|switch|p1a: Notch apple|Hydrapple, L50, M, shiny|100/100\n|switch|p2a: Torkoal|Torkoal, L50, M|100/100\n|cant|p1b: Punchy|slp\n|move|p2b: Venusaur|Sludge Bomb|p1a: Notch apple\n|-supereffective|p1a: Notch apple|1\n|-damage|p1a: Notch apple|37/100\n|\n|-weather|SunnyDay|[upkeep]\n|-heal|p1a: Notch apple|43/100|[from] item: Leftovers\n|upkeep\n|turn|5\n|inactive|SANJAClNTO has 30 seconds left.\n|\n|t:|1776462152\n|cant|p1b: Punchy|slp\n|move|p2b: Venusaur|Earth Power|p1b: Punchy\n|-supereffective|p1b: Punchy|1\n|-damage|p1b: Punchy|0 fnt\n|faint|p1b: Punchy\n|move|p1a: Notch apple|Fickle Beam|p2b: Venusaur\n|-damage|p2b: Venusaur|0 fnt\n|faint|p2b: Venusaur\n|move|p2a: Torkoal|Heat Wave|p1a: Notch apple\n|-damage|p1a: Notch apple|0 fnt\n|faint|p1a: Notch apple\n|\n|-weather|SunnyDay|[upkeep]\n|upkeep\n|\n|t:|1776462163\n|switch|p1b: Toiletdile|Feraligatr, L50, M, shiny|100/100\n|switch|p2b: Charizard|Charizard-Mega-Y, L50, M|28/100 slp\n|switch|p1a: Snowy|Ninetales-Alola, L50, F, shiny|100/100\n|-weather|Snowscape|[from] ability: Snow Warning|[of] p1a: Snowy\n|-weather|SunnyDay|[from] ability: Drought|[of] p2b: Charizard\n|turn|6\n|\n|t:|1776462178\n|detailschange|p1b: Toiletdile|Feraligatr-Mega, L50, M, shiny\n|-mega|p1b: Toiletdile|Feraligatr|Feraligite\n|move|p1a: Snowy|Dazzling Gleam|p2b: Charizard|[spread] p2a,p2b\n|-resisted|p2a: Torkoal|1\n|-resisted|p2b: Charizard|1\n|-damage|p2a: Torkoal|90/100\n|-damage|p2b: Charizard|20/100 slp\n|cant|p2b: Charizard|slp\n|move|p1b: Toiletdile|Liquidation|p2a: Torkoal\n|-supereffective|p2a: Torkoal|1\n|-damage|p2a: Torkoal|46/100\n|move|p2a: Torkoal|Heat Wave|p1a: Snowy|[spread] p1a,p1b\n|-supereffective|p1a: Snowy|1\n|-resisted|p1b: Toiletdile|2\n|-damage|p1a: Snowy|0 fnt\n|-damage|p1b: Toiletdile|84/100\n|faint|p1a: Snowy\n|\n|-weather|SunnyDay|[upkeep]\n|upkeep\n|turn|7\n|\n|t:|1776462192\n|-curestatus|p2b: Charizard|slp|[msg]\n|move|p2b: Charizard|Solar Beam||[still]\n|-prepare|p2b: Charizard|Solar Beam\n|-anim|p2b: Charizard|Solar Beam|p1b: Toiletdile\n|-damage|p1b: Toiletdile|25/100\n|move|p1b: Toiletdile|Liquidation|p2b: Charizard\n|-supereffective|p2b: Charizard|1\n|-damage|p2b: Charizard|0 fnt\n|faint|p2b: Charizard\n|move|p2a: Torkoal|Heat Wave|p1b: Toiletdile\n|-resisted|p1b: Toiletdile|2\n|-damage|p1b: Toiletdile|2/100\n|\n|-weather|SunnyDay|[upkeep]\n|upkeep\n|turn|8\n|c|\u2606eevee1995|gg\n|\n|t:|1776462211\n|move|p1b: Toiletdile|Double-Edge|p2a: Torkoal\n|-damage|p2a: Torkoal|0 fnt\n|faint|p2a: Torkoal\n|-damage|p1b: Toiletdile|0 fnt|[from] Recoil\n|faint|p1b: Toiletdile\n|\n|win|eevee1995\n|raw|eevee1995's rating: 1053 &rarr; <strong>1083</strong><br />(+30 for winning)\n|raw|SANJAClNTO's rating: 1034 &rarr; <strong>1020</strong><br />(-14 for losing)\n",
  "uploadtime": 1776462217,
  "views": 19,
  "formatid": "gen9championsvgc2026regma",
  "rating": 1020,
  "private": 0,
  "password": null
}