{
  "id": "gen9championsvgc2026regma-2587845399",
  "format": "[Gen 9 Champions] VGC 2026 Reg M-A",
  "players": [
    "prawnwizard",
    "moat_vgcf"
  ],
  "log": "|j|\u2606prawnwizard\n|j|\u2606moat_vgcf\n|t:|1776569976\n|gametype|doubles\n|player|p1|prawnwizard|harlequin|1496\n|player|p2|moat_vgcf|palmer|1561\n|gen|9\n|tier|[Gen 9 Champions] VGC 2026 Reg M-A\n|rated|\n|rule|Species Clause: Limit one of each Pok\u00e9mon\n|rule|Item Clause: Limit 1 of each item\n|clearpoke\n|poke|p1|Floette-Eternal, L50, F|\n|poke|p1|Dragapult, L50, F|\n|poke|p1|Rotom-Wash, L50|\n|poke|p1|Arcanine-Hisui, L50, F|\n|poke|p1|Sneasler, L50, F|\n|poke|p1|Kingambit, L50, F|\n|poke|p2|Charizard, L50, F|\n|poke|p2|Sneasler, L50, F|\n|poke|p2|Kingambit, L50, F|\n|poke|p2|Garchomp, L50, F|\n|poke|p2|Incineroar, L50, F|\n|poke|p2|Aerodactyl, L50, M|\n|teampreview|4\n|inactive|Battle timer is ON: inactive players will automatically lose when time's up. (requested by prawnwizard)\n|inactive|prawnwizard has 60 seconds left.\n|inactive|moat_vgcf has 60 seconds left.\n|\n|t:|1776570023\n|teamsize|p1|4\n|teamsize|p2|4\n|start\n|switch|p1a: Rotom|Rotom-Wash, L50|100/100\n|switch|p1b: Dragapult|Dragapult, L50, F|100/100\n|switch|p2a: Kingambit|Kingambit, L50, F|100/100\n|switch|p2b: Aerodactyl|Aerodactyl, L50, M|100/100\n|-ability|p2b: Aerodactyl|Unnerve\n|turn|1\n|\n|t:|1776570041\n|switch|p2a: Charizard|Charizard, L50, F|100/100\n|move|p1b: Dragapult|Will-O-Wisp|p2a: Charizard|[miss]\n|-miss|p1b: Dragapult|p2a: Charizard\n|move|p2b: Aerodactyl|Tailwind|p2b: Aerodactyl\n|-sidestart|p2: moat_vgcf|move: Tailwind\n|move|p1a: Rotom|Thunderbolt|p2b: Aerodactyl\n|-supereffective|p2b: Aerodactyl|1\n|-enditem|p2b: Aerodactyl|Focus Sash\n|-damage|p2b: Aerodactyl|1/100\n|\n|upkeep\n|turn|2\n|\n|t:|1776570062\n|detailschange|p2a: Charizard|Charizard-Mega-Y, L50, F\n|-mega|p2a: Charizard|Charizard|Charizardite Y\n|-weather|SunnyDay|[from] ability: Drought|[of] p2a: Charizard\n|move|p2b: Aerodactyl|Rock Slide|p1b: Dragapult|[spread] p1a,p1b\n|-damage|p1a: Rotom|71/100\n|-damage|p1b: Dragapult|67/100\n|move|p2a: Charizard|Dragon Pulse|p1b: Dragapult\n|-supereffective|p1b: Dragapult|1\n|-damage|p1b: Dragapult|0 fnt\n|-start|p2a: Charizard|Disable|Dragon Pulse|[from] ability: Cursed Body|[of] p1b: Dragapult\n|faint|p1b: Dragapult\n|cant|p1a: Rotom|flinch\n|\n|-weather|SunnyDay|[upkeep]\n|-heal|p1a: Rotom|77/100|[from] item: Leftovers\n|upkeep\n|\n|t:|1776570077\n|switch|p1b: Arcanine|Arcanine-Hisui, L50, F|100/100\n|turn|3\n|\n|t:|1776570093\n|move|p2b: Aerodactyl|Wide Guard|p2b: Aerodactyl\n|-singleturn|p2b: Aerodactyl|Wide Guard\n|move|p1b: Arcanine|Extreme Speed|p2b: Aerodactyl\n|-resisted|p2b: Aerodactyl|1\n|-damage|p2b: Aerodactyl|0 fnt\n|faint|p2b: Aerodactyl\n|move|p2a: Charizard|Solar Beam||[still]\n|-prepare|p2a: Charizard|Solar Beam\n|-anim|p2a: Charizard|Solar Beam|p1a: Rotom\n|-supereffective|p1a: Rotom|1\n|-damage|p1a: Rotom|0 fnt\n|faint|p1a: Rotom\n|\n|-weather|SunnyDay|[upkeep]\n|upkeep\n|\n|t:|1776570108\n|switch|p2b: Sneasler|Sneasler, L50, F|100/100\n|switch|p1a: Floette|Floette-Eternal, L50, F|100/100\n|turn|4\n|\n|t:|1776570118\n|detailschange|p1a: Floette|Floette-Mega, L50, F\n|-mega|p1a: Floette|Floette|Floettite\n|-ability|p1a: Floette|Fairy Aura\n|move|p1a: Floette|Protect|p1a: Floette\n|-singleturn|p1a: Floette|Protect\n|move|p1b: Arcanine|Extreme Speed|p2b: Sneasler\n|-damage|p2b: Sneasler|52/100\n|move|p2b: Sneasler|Close Combat|p1b: Arcanine\n|-supereffective|p1b: Arcanine|1\n|-damage|p1b: Arcanine|0 fnt\n|-unboost|p2b: Sneasler|def|1\n|-unboost|p2b: Sneasler|spd|1\n|faint|p1b: Arcanine\n|-enditem|p2b: Sneasler|White Herb\n|-clearnegativeboost|p2b: Sneasler|[silent]\n|move|p2a: Charizard|Heat Wave|p1a: Floette\n|-activate|p1a: Floette|move: Protect\n|\n|-weather|SunnyDay|[upkeep]\n|-sideend|p2: moat_vgcf|move: Tailwind\n|upkeep\n|turn|5\n|\n|t:|1776570135\n|move|p1a: Floette|Protect||[still]\n|-fail|p1a: Floette\n|move|p2b: Sneasler|Dire Claw|p1a: Floette\n|-supereffective|p1a: Floette|1\n|-damage|p1a: Floette|24/100\n|move|p2a: Charizard|Heat Wave|p1a: Floette\n|-damage|p1a: Floette|0 fnt\n|faint|p1a: Floette\n|\n|win|moat_vgcf\n|raw|prawnwizard's rating: 1496 &rarr; <strong>1480</strong><br />(-16 for losing)\n|raw|moat_vgcf's rating: 1561 &rarr; <strong>1577</strong><br />(+16 for winning)\n|l|\u2606prawnwizard\n|player|p1|\n",
  "uploadtime": 1776570141,
  "views": 14,
  "formatid": "gen9championsvgc2026regma",
  "rating": 1480,
  "private": 0,
  "password": null
}