{
  "id": "gen9championsvgc2026regma-2581454629",
  "format": "[Gen 9 Champions] VGC 2026 Reg M-A",
  "players": [
    "bobimus",
    "carlyraejespeon"
  ],
  "log": "|j|\u2606bobimus\n|j|\u2606carlyraejespeon\n|t:|1776002033\n|gametype|doubles\n|player|p1|bobimus|266|1048\n|player|p2|carlyraejespeon|elesa|1000\n|gen|9\n|tier|[Gen 9 Champions] VGC 2026 Reg M-A\n|rated|\n|rule|Species Clause: Limit one of each Pok\u00e9mon\n|rule|Item Clause: Limit 1 of each item\n|clearpoke\n|poke|p1|Meowstic, L50, M|\n|poke|p1|Gardevoir, L50, F|\n|poke|p1|Incineroar, L50, F|\n|poke|p1|Hatterene, L50, F|\n|poke|p1|Armarouge, L50, M|\n|poke|p1|Garchomp, L50, M|\n|poke|p2|Skarmory, L50, M|\n|poke|p2|Glimmora, L50, F|\n|poke|p2|Mamoswine, L50, M|\n|poke|p2|Milotic, L50, M|\n|poke|p2|Incineroar, L50, F|\n|poke|p2|Kommo-o, L50, M|\n|teampreview|4\n|inactive|Battle timer is ON: inactive players will automatically lose when time's up. (requested by carlyraejespeon)\n|inactive|bobimus also wants the timer to be on.\n|\n|t:|1776002059\n|teamsize|p1|4\n|teamsize|p2|4\n|start\n|switch|p1a: Meowstic|Meowstic, L50, M|100/100\n|switch|p1b: Gardevoir|Gardevoir, L50, F|100/100\n|switch|p2a: Incineroar|Incineroar, L50, F|100/100\n|switch|p2b: Skarmory|Skarmory, L50, M|100/100\n|-ability|p2a: Incineroar|Intimidate|boost\n|-unboost|p1a: Meowstic|atk|1\n|-unboost|p1b: Gardevoir|atk|1\n|turn|1\n|\n|t:|1776002083\n|switch|p1b: Hatterene|Hatterene, L50, F|100/100\n|detailschange|p2b: Skarmory|Skarmory-Mega, L50, M\n|-mega|p2b: Skarmory|Skarmory|Skarmorite\n|move|p2a: Incineroar|Fake Out|p1a: Meowstic\n|-damage|p1a: Meowstic|89/100\n|cant|p1a: Meowstic|flinch\n|move|p2b: Skarmory|Iron Head|p1b: Hatterene\n|-supereffective|p1b: Hatterene|1\n|-damage|p1b: Hatterene|0 fnt\n|faint|p1b: Hatterene\n|\n|upkeep\n|\n|t:|1776002091\n|switch|p1b: Armarouge|Armarouge, L50, M|100/100\n|turn|2\n|\n|t:|1776002114\n|move|p1a: Meowstic|Psychic Terrain|p1a: Meowstic\n|-fieldstart|move: Psychic Terrain\n|move|p1b: Armarouge|Armor Cannon|p2b: Skarmory\n|-supereffective|p2b: Skarmory|1\n|-damage|p2b: Skarmory|0 fnt\n|-unboost|p1b: Armarouge|def|1\n|-unboost|p1b: Armarouge|spd|1\n|faint|p2b: Skarmory\n|move|p2a: Incineroar|Flare Blitz|p1a: Meowstic\n|-damage|p1a: Meowstic|41/100\n|-damage|p2a: Incineroar|86/100|[from] Recoil\n|\n|upkeep\n|\n|t:|1776002121\n|switch|p2b: Glimmora|Glimmora, L50, F|100/100\n|turn|3\n|\n|t:|1776002130\n|move|p1a: Meowstic|Light Screen|p1a: Meowstic\n|-sidestart|p1: bobimus|move: Light Screen\n|move|p1b: Armarouge|Armor Cannon|p2b: Glimmora\n|-resisted|p2b: Glimmora|1\n|-damage|p2b: Glimmora|64/100\n|-unboost|p1b: Armarouge|def|1\n|-unboost|p1b: Armarouge|spd|1\n|move|p2b: Glimmora|Power Gem|p1b: Armarouge\n|-supereffective|p1b: Armarouge|1\n|-damage|p1b: Armarouge|0 fnt\n|faint|p1b: Armarouge\n|move|p2a: Incineroar|Parting Shot|p1a: Meowstic\n|-unboost|p1a: Meowstic|atk|1\n|-unboost|p1a: Meowstic|spa|1\n|\n|t:|1776002141\n|switch|p2a: Mamoswine|Mamoswine, L50, M|100/100|[from] Parting Shot\n|\n|upkeep\n|\n|t:|1776002144\n|switch|p1b: Gardevoir|Gardevoir, L50, F|100/100\n|turn|4\n|\n|t:|1776002155\n|detailschange|p1b: Gardevoir|Gardevoir-Mega, L50, F\n|-mega|p1b: Gardevoir|Gardevoir|Gardevoirite\n|move|p1a: Meowstic|Reflect|p1a: Meowstic\n|-sidestart|p1: bobimus|Reflect\n|move|p2a: Mamoswine|Icy Wind|p1a: Meowstic|[spread] p1a,p1b\n|-damage|p1a: Meowstic|35/100\n|-damage|p1b: Gardevoir|96/100\n|-unboost|p1a: Meowstic|spe|1\n|-unboost|p1b: Gardevoir|spe|1\n|move|p2b: Glimmora|Sludge Bomb|p1b: Gardevoir\n|-supereffective|p1b: Gardevoir|1\n|-damage|p1b: Gardevoir|40/100\n|move|p1b: Gardevoir|Expanding Force|p2a: Mamoswine|[spread] p2a,p2b\n|-supereffective|p2b: Glimmora|1\n|-damage|p2a: Mamoswine|0 fnt\n|-damage|p2b: Glimmora|0 fnt\n|faint|p2a: Mamoswine\n|faint|p2b: Glimmora\n|\n|upkeep\n|\n|t:|1776002166\n|switch|p2b: Incineroar|Incineroar, L50, F|86/100\n|-ability|p2b: Incineroar|Intimidate|boost\n|-unboost|p1a: Meowstic|atk|1\n|-unboost|p1b: Gardevoir|atk|1\n|turn|5\n|\n|t:|1776002180\n|move|p1a: Meowstic|Protect|p1a: Meowstic\n|-singleturn|p1a: Meowstic|Protect\n|move|p2b: Incineroar|Flare Blitz|p1b: Gardevoir\n|-damage|p1b: Gardevoir|0 fnt\n|faint|p1b: Gardevoir\n|-damage|p2b: Incineroar|75/100|[from] Recoil\n|\n|upkeep\n|turn|6\n|-message|bobimus forfeited.\n|\n|win|carlyraejespeon\n|raw|bobimus's rating: 1048 &rarr; <strong>1028</strong><br />(-20 for losing)\n|raw|carlyraejespeon's rating: 1000 &rarr; <strong>1045</strong><br />(+45 for winning)\n",
  "uploadtime": 1776002184,
  "views": 12,
  "formatid": "gen9championsvgc2026regma",
  "rating": 1028,
  "private": 0,
  "password": null
}