{
  "id": "gen9championsvgc2026regma-2581417987",
  "format": "[Gen 9 Champions] VGC 2026 Reg M-A",
  "players": [
    "GHWGYXY",
    "WoChien Fangirl"
  ],
  "log": "|j|\u2606GHWGYXY\n|j|\u2606WoChien Fangirl\n|t:|1775998370\n|gametype|doubles\n|player|p1|GHWGYXY|caitlin|1099\n|player|p2|WoChien Fangirl|skier|1115\n|gen|9\n|tier|[Gen 9 Champions] VGC 2026 Reg M-A\n|rated|\n|rule|Species Clause: Limit one of each Pok\u00e9mon\n|rule|Item Clause: Limit 1 of each item\n|clearpoke\n|poke|p1|Charizard, L50, F|\n|poke|p1|Incineroar, L50, M|\n|poke|p1|Whimsicott, L50, M|\n|poke|p1|Sneasler, L50, F|\n|poke|p1|Rotom-Wash, L50|\n|poke|p1|Garchomp, L50, M|\n|poke|p2|Delphox, L50, F|\n|poke|p2|Whimsicott, L50, F|\n|poke|p2|Maushold-Four, L50|\n|poke|p2|Tauros-Paldea-Aqua, L50, M|\n|poke|p2|Scizor, L50, M|\n|poke|p2|Krookodile, L50, M|\n|teampreview|4\n|inactive|Battle timer is ON: inactive players will automatically lose when time's up. (requested by GHWGYXY)\n|inactive|GHWGYXY has 60 seconds left.\n|inactive|WoChien Fangirl has 60 seconds left.\n|\n|t:|1775998416\n|teamsize|p1|4\n|teamsize|p2|4\n|start\n|switch|p1a: Rotom|Rotom-Wash, L50|100/100\n|switch|p1b: Incineroar|Incineroar, L50, M|100/100\n|switch|p2a: Maushold|Maushold-Four, L50|100/100\n|switch|p2b: Scizor|Scizor, L50, M|100/100\n|-ability|p1b: Incineroar|Intimidate|boost\n|-unboost|p2a: Maushold|atk|1\n|-unboost|p2b: Scizor|atk|1\n|turn|1\n|inactive|GHWGYXY has 30 seconds left.\n|inactive|WoChien Fangirl has 30 seconds left.\n|inactive|GHWGYXY has 20 seconds left.\n|\n|t:|1775998455\n|switch|p2b: Tauros|Tauros-Paldea-Aqua, L50, M|100/100\n|-ability|p2b: Tauros|Intimidate|boost\n|-unboost|p1a: Rotom|atk|1\n|-unboost|p1b: Incineroar|atk|1\n|move|p1b: Incineroar|Fake Out|p2b: Tauros\n|-damage|p2b: Tauros|95/100\n|move|p2a: Maushold|Super Fang|p1b: Incineroar\n|-damage|p1b: Incineroar|50/100\n|-enditem|p1b: Incineroar|Sitrus Berry|[eat]\n|-heal|p1b: Incineroar|75/100|[from] item: Sitrus Berry\n|move|p1a: Rotom|Volt Switch|p2a: Maushold\n|-damage|p2a: Maushold|55/100\n|\n|t:|1775998475\n|switch|p1a: Charizard|Charizard, L50, F|100/100|[from] Volt Switch\n|\n|upkeep\n|turn|2\n|inactive|GHWGYXY has 30 seconds left.\n|inactive|WoChien Fangirl has 30 seconds left.\n|\n|t:|1775998514\n|detailschange|p1a: Charizard|Charizard-Mega-Y, L50, F\n|-mega|p1a: Charizard|Charizard|Charizardite Y\n|-weather|SunnyDay|[from] ability: Drought|[of] p1a: Charizard\n|move|p2a: Maushold|Encore|p1b: Incineroar\n|-start|p1b: Incineroar|Encore\n|move|p1b: Incineroar|Fake Out||[still]\n|-hint|Fake Out only works on your first turn out.\n|-fail|p1b: Incineroar\n|move|p1a: Charizard|Solar Beam||[still]\n|-prepare|p1a: Charizard|Solar Beam\n|-anim|p1a: Charizard|Solar Beam|p2b: Tauros\n|-supereffective|p2b: Tauros|1\n|-damage|p2b: Tauros|9/100\n|move|p2b: Tauros|Raging Bull|p1a: Charizard\n|-supereffective|p1a: Charizard|1\n|-damage|p1a: Charizard|44/100\n|\n|-weather|SunnyDay|[upkeep]\n|upkeep\n|turn|3\n|inactive|GHWGYXY has 30 seconds left.\n|inactive|WoChien Fangirl has 30 seconds left.\n|inactive|GHWGYXY has 20 seconds left.\n|inactive|WoChien Fangirl has 20 seconds left.\n|inactive|WoChien Fangirl has 15 seconds left.\n|\n|t:|1775998554\n|switch|p1b: Garchomp|Garchomp, L50, M|100/100\n|move|p1a: Charizard|Protect|p1a: Charizard\n|-singleturn|p1a: Charizard|Protect\n|move|p2b: Tauros|Protect|p2b: Tauros\n|-singleturn|p2b: Tauros|Protect\n|move|p2a: Maushold|Encore|p1a: Charizard\n|-activate|p1a: Charizard|move: Protect\n|\n|-weather|SunnyDay|[upkeep]\n|upkeep\n|turn|4\n|\n|t:|1775998566\n|move|p2a: Maushold|Protect|p2a: Maushold\n|-singleturn|p2a: Maushold|Protect\n|move|p1b: Garchomp|Earthquake|p2a: Maushold|[spread] p2b\n|-activate|p2a: Maushold|move: Protect\n|-immune|p1a: Charizard\n|-damage|p2b: Tauros|0 fnt\n|faint|p2b: Tauros\n|move|p1a: Charizard|Heat Wave|p2a: Maushold\n|-activate|p2a: Maushold|move: Protect\n|\n|-weather|SunnyDay|[upkeep]\n|upkeep\n|inactive|WoChien Fangirl has 30 seconds left.\n|\n|t:|1775998591\n|switch|p2b: Krookodile|Krookodile, L50, M|100/100\n|-ability|p2b: Krookodile|Intimidate|boost\n|-unboost|p1a: Charizard|atk|1\n|-unboost|p1b: Garchomp|atk|1\n|turn|5\n|l|\u2606GHWGYXY\n|inactive|GHWGYXY disconnected and has a minute to reconnect!\n|player|p1|\n|j|\u2606GHWGYXY\n|inactive|GHWGYXY reconnected and has 45 seconds left.\n|player|p1|GHWGYXY|caitlin|\n|\n|t:|1775998607\n|switch|p1a: Incineroar|Incineroar, L50, M|75/100\n|-ability|p1a: Incineroar|Intimidate|boost\n|-unboost|p2a: Maushold|atk|1\n|-unboost|p2b: Krookodile|atk|1\n|move|p1b: Garchomp|Earthquake|p2a: Maushold|[spread] p1a,p2a,p2b\n|-supereffective|p1a: Incineroar|1\n|-damage|p1a: Incineroar|35/100\n|-damage|p2a: Maushold|17/100\n|-damage|p2b: Krookodile|72/100\n|move|p2b: Krookodile|Dragon Claw|p1b: Garchomp\n|-supereffective|p1b: Garchomp|1\n|-damage|p1b: Garchomp|63/100\n|-damage|p2b: Krookodile|60/100|[from] ability: Rough Skin|[of] p1b: Garchomp\n|move|p2a: Maushold|Super Fang|p1b: Garchomp\n|-damage|p1b: Garchomp|32/100\n|-damage|p2a: Maushold|4/100|[from] ability: Rough Skin|[of] p1b: Garchomp\n|\n|-weather|SunnyDay|[upkeep]\n|upkeep\n|turn|6\n|inactive|GHWGYXY has 30 seconds left.\n|inactive|WoChien Fangirl has 30 seconds left.\n|inactive|GHWGYXY has 20 seconds left.\n|inactive|GHWGYXY has 15 seconds left.\n|inactive|GHWGYXY has 10 seconds left.\n|inactive|GHWGYXY has 5 seconds left.\n|inactive|WoChien Fangirl has 20 seconds left.\n|\n|t:|1775998666\n|switch|p1b: Rotom|Rotom-Wash, L50|100/100\n|move|p2a: Maushold|Protect|p2a: Maushold\n|-singleturn|p2a: Maushold|Protect\n|move|p1a: Incineroar|Fake Out|p2b: Krookodile\n|-damage|p2b: Krookodile|50/100\n|cant|p2b: Krookodile|flinch\n|\n|-weather|none\n|upkeep\n|turn|7\n|\n|t:|1775998684\n|switch|p1a: Garchomp|Garchomp, L50, M|32/100\n|move|p2b: Krookodile|Dragon Claw|p1b: Rotom\n|-damage|p1b: Rotom|80/100\n|move|p2a: Maushold|Super Fang|p1b: Rotom\n|-damage|p1b: Rotom|41/100\n|move|p1b: Rotom|Hydro Pump|p2b: Krookodile\n|-supereffective|p2b: Krookodile|1\n|-damage|p2b: Krookodile|0 fnt\n|faint|p2b: Krookodile\n|\n|-heal|p1b: Rotom|46/100|[from] item: Leftovers\n|upkeep\n|\n|t:|1775998694\n|switch|p2b: Scizor|Scizor, L50, M|100/100\n|turn|8\n|\n|t:|1775998705\n|switch|p1a: Incineroar|Incineroar, L50, M|35/100\n|-ability|p1a: Incineroar|Intimidate|boost\n|-unboost|p2a: Maushold|atk|1\n|-unboost|p2b: Scizor|atk|1\n|detailschange|p2b: Scizor|Scizor-Mega, L50, M\n|-mega|p2b: Scizor|Scizor|Scizorite\n|move|p2a: Maushold|Protect|p2a: Maushold\n|-singleturn|p2a: Maushold|Protect\n|move|p1b: Rotom|Thunderbolt|p2a: Maushold\n|-activate|p2a: Maushold|move: Protect\n|move|p2b: Scizor|Bug Bite|p1a: Incineroar\n|-damage|p1a: Incineroar|10/100\n|\n|-heal|p1b: Rotom|52/100|[from] item: Leftovers\n|upkeep\n|turn|9\n|inactive|WoChien Fangirl has 30 seconds left.\n|inactive|WoChien Fangirl has 20 seconds left.\n|inactive|WoChien Fangirl has 15 seconds left.\n|\n|t:|1775998747\n|move|p1a: Incineroar|Fake Out|p2a: Maushold\n|-damage|p2a: Maushold|0 fnt\n|faint|p2a: Maushold\n|move|p1b: Rotom|Hydro Pump|p2b: Scizor|[miss]\n|-miss|p1b: Rotom|p2b: Scizor\n|move|p2b: Scizor|Dual Wingbeat|p1a: Incineroar\n|-damage|p1a: Incineroar|0 fnt\n|faint|p1a: Incineroar\n|-hitcount|p1: Incineroar|1\n|\n|-heal|p1b: Rotom|58/100|[from] item: Leftovers\n|upkeep\n|\n|t:|1775998755\n|switch|p1a: Charizard|Charizard-Mega-Y, L50, F|44/100\n|-weather|SunnyDay|[from] ability: Drought|[of] p1a: Charizard\n|turn|10\n|\n|t:|1775998765\n|move|p2b: Scizor|Bullet Punch|p1a: Charizard\n|-resisted|p1a: Charizard|1\n|-damage|p1a: Charizard|31/100\n|move|p1a: Charizard|Weather Ball|p2b: Scizor\n|-supereffective|p2b: Scizor|2\n|-damage|p2b: Scizor|0 fnt\n|faint|p2b: Scizor\n|\n|win|GHWGYXY\n|raw|GHWGYXY's rating: 1099 &rarr; <strong>1125</strong><br />(+26 for winning)\n|raw|WoChien Fangirl's rating: 1115 &rarr; <strong>1089</strong><br />(-26 for losing)\n",
  "uploadtime": 1775998777,
  "views": 18,
  "formatid": "gen9championsvgc2026regma",
  "rating": 1089,
  "private": 0,
  "password": null
}