{
  "id": "gen9championsvgc2026regma-2584548184",
  "format": "[Gen 9 Champions] VGC 2026 Reg M-A",
  "players": [
    "DamaniWarrior",
    "overtrow"
  ],
  "log": "|j|\u2606DamaniWarrior\n|j|\u2606overtrow\n|t:|1776268017\n|gametype|doubles\n|player|p1|DamaniWarrior|pokemaniac|1078\n|player|p2|overtrow|102|1130\n|gen|9\n|tier|[Gen 9 Champions] VGC 2026 Reg M-A\n|rated|\n|rule|Species Clause: Limit one of each Pok\u00e9mon\n|rule|Item Clause: Limit 1 of each item\n|clearpoke\n|poke|p1|Pelipper, L50, M|\n|poke|p1|Dragonite, L50, M|\n|poke|p1|Archaludon, L50, M|\n|poke|p1|Basculegion, L50, M|\n|poke|p1|Sneasler, L50, M|\n|poke|p1|Rotom-Heat, L50|\n|poke|p2|Politoed, L50, M|\n|poke|p2|Talonflame, L50, F|\n|poke|p2|Typhlosion-Hisui, L50, F|\n|poke|p2|Liepard, L50, F|\n|poke|p2|Beedrill, L50, M|\n|poke|p2|Hydrapple, L50, F|\n|teampreview|4\n|\n|t:|1776268043\n|teamsize|p1|4\n|teamsize|p2|4\n|start\n|switch|p1a: Bidet|Pelipper, L50, M|100/100\n|switch|p1b: Blueberry|Dragonite, L50, M, shiny|100/100\n|switch|p2a: Liepard|Liepard, L50, F|100/100\n|switch|p2b: Typhlosion|Typhlosion-Hisui, L50, F|100/100\n|-weather|RainDance|[from] ability: Drizzle|[of] p1a: Bidet\n|turn|1\n|\n|t:|1776268069\n|detailschange|p1b: Blueberry|Dragonite-Mega, L50, M, shiny\n|-mega|p1b: Blueberry|Dragonite|Dragoninite\n|move|p2a: Liepard|Fake Out|p1a: Bidet\n|-damage|p1a: Bidet|85/100\n|move|p2b: Typhlosion|Infernal Parade|p1b: Blueberry\n|-crit|p1b: Blueberry\n|-damage|p1b: Blueberry|78/100\n|move|p1b: Blueberry|Hurricane|p2b: Typhlosion\n|-damage|p2b: Typhlosion|6/100\n|cant|p1a: Bidet|flinch\n|\n|-weather|RainDance|[upkeep]\n|upkeep\n|turn|2\n|\n|t:|1776268100\n|move|p2a: Liepard|Thunder Wave|p1b: Blueberry\n|-status|p1b: Blueberry|par\n|move|p2b: Typhlosion|Infernal Parade|p1b: Blueberry\n|-damage|p1b: Blueberry|21/100 par\n|move|p1a: Bidet|Tailwind|p1a: Bidet\n|-sidestart|p1: DamaniWarrior|move: Tailwind\n|move|p1b: Blueberry|Dragon Pulse|p2b: Typhlosion\n|-damage|p2b: Typhlosion|0 fnt\n|faint|p2b: Typhlosion\n|\n|-weather|RainDance|[upkeep]\n|upkeep\n|\n|t:|1776268113\n|switch|p2b: Beedrill|Beedrill, L50, M|100/100\n|turn|3\n|\n|t:|1776268136\n|detailschange|p2b: Beedrill|Beedrill-Mega, L50, M\n|-mega|p2b: Beedrill|Beedrill|Beedrillite\n|move|p2a: Liepard|Encore|p1a: Bidet\n|-start|p1a: Bidet|Encore\n|move|p1a: Bidet|Tailwind||[still]\n|-fail|p1a: Bidet\n|move|p2b: Beedrill|Poison Jab|p1b: Blueberry\n|-damage|p1b: Blueberry|0 fnt\n|faint|p1b: Blueberry\n|\n|-weather|RainDance|[upkeep]\n|upkeep\n|\n|t:|1776268157\n|switch|p1b: Spliff|Sneasler, L50, M, shiny|100/100\n|turn|4\n|\n|t:|1776268169\n|switch|p1a: Rotom|Rotom-Heat, L50, shiny|100/100\n|move|p1b: Spliff|Fake Out|p2b: Beedrill\n|-damage|p2b: Beedrill|64/100\n|move|p2a: Liepard|Thunder Wave|p1b: Spliff\n|-status|p1b: Spliff|par\n|cant|p2b: Beedrill|flinch\n|\n|-weather|RainDance|[upkeep]\n|upkeep\n|turn|5\n|\n|t:|1776268194\n|switch|p2b: Hydrapple|Hydrapple, L50, F|100/100\n|move|p2a: Liepard|Encore|p1b: Spliff\n|-start|p1b: Spliff|Encore\n|move|p1b: Spliff|Fake Out||[still]\n|-hint|Fake Out only works on your first turn out.\n|-fail|p1b: Spliff\n|move|p1a: Rotom|Trick|p2a: Liepard\n|-activate|p1a: Rotom|move: Trick|[of] p2a: Liepard\n|-item|p2a: Liepard|Choice Scarf|[from] move: Trick\n|-item|p1a: Rotom|Focus Sash|[from] move: Trick\n|\n|-weather|none\n|-sideend|p1: DamaniWarrior|move: Tailwind\n|upkeep\n|turn|6\n|\n|t:|1776268218\n|switch|p1b: Bidet|Pelipper, L50, M|85/100\n|-weather|RainDance|[from] ability: Drizzle|[of] p1b: Bidet\n|move|p2a: Liepard|Encore|p1a: Rotom\n|-start|p1a: Rotom|Encore\n|move|p1a: Rotom|Trick|p2a: Liepard\n|-activate|p1a: Rotom|move: Trick|[of] p2a: Liepard\n|-item|p2a: Liepard|Focus Sash|[from] move: Trick\n|-item|p1a: Rotom|Choice Scarf|[from] move: Trick\n|move|p2b: Hydrapple|Hydro Pump|p1a: Rotom\n|-supereffective|p1a: Rotom|1\n|-damage|p1a: Rotom|0 fnt\n|faint|p1a: Rotom\n|\n|-weather|RainDance|[upkeep]\n|upkeep\n|-message|DamaniWarrior forfeited.\n|\n|win|overtrow\n|raw|DamaniWarrior's rating: 1078 &rarr; <strong>1060</strong><br />(-18 for losing)\n|raw|overtrow's rating: 1130 &rarr; <strong>1151</strong><br />(+21 for winning)\n",
  "uploadtime": 1776268235,
  "views": 27,
  "formatid": "gen9championsvgc2026regma",
  "rating": 1060,
  "private": 0,
  "password": null
}