{
  "id": "gen9championsvgc2026regma-2584020167",
  "format": "[Gen 9 Champions] VGC 2026 Reg M-A",
  "players": [
    "UdescPlayer",
    "lirtyz0977"
  ],
  "log": "|j|\u2606UdescPlayer\n|j|\u2606lirtyz0977\n|t:|1776217403\n|gametype|doubles\n|player|p1|UdescPlayer|266|1052\n|player|p2|lirtyz0977|giovanni|1107\n|gen|9\n|tier|[Gen 9 Champions] VGC 2026 Reg M-A\n|rated|\n|rule|Species Clause: Limit one of each Pok\u00e9mon\n|rule|Item Clause: Limit 1 of each item\n|clearpoke\n|poke|p1|Starmie, L50|\n|poke|p1|Conkeldurr, L50, M|\n|poke|p1|Maushold-Four, L50|\n|poke|p1|Basculegion, L50, M|\n|poke|p1|Farigiraf, L50, M|\n|poke|p1|Aerodactyl, L50, F|\n|poke|p2|Kingambit, L50, M|\n|poke|p2|Dragonite, L50, F|\n|poke|p2|Ceruledge, L50, F|\n|poke|p2|Kleavor, L50, F|\n|poke|p2|Sinistcha, L50|\n|poke|p2|Floette-Eternal, L50, F|\n|teampreview|4\nUdescPlayer rejected open team sheets.\n|inactive|Battle timer is ON: inactive players will automatically lose when time's up. (requested by lirtyz0977)\n|\n|t:|1776217433\n|teamsize|p1|4\n|teamsize|p2|4\n|start\n|switch|p1a: Farigiraf|Farigiraf, L50, M|100/100\n|switch|p1b: Basculegion|Basculegion, L50, M|100/100\n|switch|p2a: Kleavor|Kleavor, L50, F|100/100\n|switch|p2b: Dragonite|Dragonite, L50, F|100/100\n|turn|1\n|inactive|UdescPlayer has 30 seconds left.\n|\n|t:|1776217463\n|detailschange|p2b: Dragonite|Dragonite-Mega, L50, F\n|-mega|p2b: Dragonite|Dragonite|Dragoninite\n|move|p2a: Kleavor|X-Scissor|p1a: Farigiraf\n|-supereffective|p1a: Farigiraf|1\n|-damage|p1a: Farigiraf|0 fnt\n|faint|p1a: Farigiraf\n|move|p2b: Dragonite|Dragon Claw|p1b: Basculegion\n|-damage|p1b: Basculegion|49/100\n|move|p1b: Basculegion|Ice Fang|p2b: Dragonite\n|-supereffective|p2b: Dragonite|2\n|-damage|p2b: Dragonite|58/100\n|-status|p2b: Dragonite|frz\n|\n|upkeep\n|\n|t:|1776217479\n|switch|p1a: Aerodactyl|Aerodactyl, L50, F|100/100\n|-ability|p1a: Aerodactyl|Unnerve\n|turn|2\n|\n|t:|1776217490\n|switch|p2a: Kingambit|Kingambit, L50, M|100/100\n|move|p1a: Aerodactyl|Tailwind|p1a: Aerodactyl\n|-sidestart|p1: UdescPlayer|move: Tailwind\n|move|p1b: Basculegion|Ice Fang|p2b: Dragonite\n|-supereffective|p2b: Dragonite|2\n|-damage|p2b: Dragonite|0 fnt\n|faint|p2b: Dragonite\n|\n|upkeep\n|\n|t:|1776217495\n|switch|p2b: Kleavor|Kleavor, L50, F|100/100\n|turn|3\n|\n|t:|1776217512\n|move|p2a: Kingambit|Sucker Punch|p1b: Basculegion\n|-supereffective|p1b: Basculegion|1\n|-damage|p1b: Basculegion|0 fnt\n|faint|p1b: Basculegion\n|move|p1a: Aerodactyl|Fire Fang|p2a: Kingambit\n|-supereffective|p2a: Kingambit|1\n|-damage|p2a: Kingambit|72/100\n|move|p2b: Kleavor|Stone Axe|p1a: Aerodactyl\n|-supereffective|p1a: Aerodactyl|1\n|-enditem|p1a: Aerodactyl|Focus Sash\n|-damage|p1a: Aerodactyl|1/100\n|-sidestart|p1: UdescPlayer|move: Stealth Rock\n|\n|-heal|p2a: Kingambit|77/100|[from] item: Leftovers\n|upkeep\n|\n|t:|1776217524\n|switch|p1b: Starmie|Starmie, L50|100/100\n|-damage|p1b: Starmie|89/100|[from] Stealth Rock\n|turn|4\n|\n|t:|1776217538\n|detailschange|p1b: Starmie|Starmie-Mega, L50\n|-mega|p1b: Starmie|Starmie|Starminite\n|move|p2a: Kingambit|Sucker Punch|p1b: Starmie\n|-supereffective|p1b: Starmie|1\n|-damage|p1b: Starmie|8/100\n|move|p1a: Aerodactyl|Rock Slide|p2b: Kleavor|[spread] p2a,p2b\n|-resisted|p2a: Kingambit|1\n|-supereffective|p2b: Kleavor|1\n|-damage|p2a: Kingambit|68/100\n|-damage|p2b: Kleavor|34/100\n|move|p1b: Starmie|Waterfall|p2b: Kleavor\n|-supereffective|p2b: Kleavor|1\n|-damage|p2b: Kleavor|0 fnt\n|faint|p2b: Kleavor\n|\n|-heal|p2a: Kingambit|74/100|[from] item: Leftovers\n|upkeep\n|\n|t:|1776217544\n|switch|p2b: Sinistcha|Sinistcha, L50|100/100\n|turn|5\n|\n|t:|1776217561\n|move|p1b: Starmie|Protect|p1b: Starmie\n|-singleturn|p1b: Starmie|Protect\n|move|p2a: Kingambit|Sucker Punch||[still]\n|-fail|p2a: Kingambit\n|move|p1a: Aerodactyl|Dual Wingbeat|p2b: Sinistcha\n|-supereffective|p2b: Sinistcha|1\n|-damage|p2b: Sinistcha|59/100\n|-supereffective|p2b: Sinistcha|1\n|-damage|p2b: Sinistcha|18/100\n|-hitcount|p2b: Sinistcha|2\n|move|p2b: Sinistcha|Matcha Gotcha|p1a: Aerodactyl|[spread] p1a\n|-activate|p1b: Starmie|move: Protect\n|-damage|p1a: Aerodactyl|0 fnt\n|-heal|p2b: Sinistcha|19/100|[from] drain|[of] p1a: Aerodactyl\n|faint|p1a: Aerodactyl\n|\n|-heal|p2a: Kingambit|80/100|[from] item: Leftovers\n|-sideend|p1: UdescPlayer|move: Tailwind\n|upkeep\n|turn|6\n|\n|t:|1776217583\n|move|p2a: Kingambit|Sucker Punch|p1b: Starmie\n|-supereffective|p1b: Starmie|1\n|-damage|p1b: Starmie|0 fnt\n|faint|p1b: Starmie\n|\n|win|lirtyz0977\n|raw|UdescPlayer's rating: 1052 &rarr; <strong>1037</strong><br />(-15 for losing)\n|raw|lirtyz0977's rating: 1107 &rarr; <strong>1128</strong><br />(+21 for winning)\n|l|\u2606UdescPlayer\n|player|p1|\n",
  "uploadtime": 1776217588,
  "views": 15,
  "formatid": "gen9championsvgc2026regma",
  "rating": 1037,
  "private": 0,
  "password": null
}