{
  "id": "gen9championsvgc2026regma-2586323698",
  "format": "[Gen 9 Champions] VGC 2026 Reg M-A",
  "players": [
    "vitrovius2",
    "sisi1"
  ],
  "log": "|j|\u2606vitrovius2\n|j|\u2606sisi1\n|t:|1776425296\n|gametype|doubles\n|player|p1|vitrovius2|battlegirl-gen4|1182\n|player|p2|sisi1|dawn|1131\n|gen|9\n|tier|[Gen 9 Champions] VGC 2026 Reg M-A\n|rated|\n|rule|Species Clause: Limit one of each Pok\u00e9mon\n|rule|Item Clause: Limit 1 of each item\n|clearpoke\n|poke|p1|Aerodactyl, L50, M|\n|poke|p1|Garchomp, L50, M|\n|poke|p1|Tyranitar, L50, F|\n|poke|p1|Orthworm, L50, F|\n|poke|p1|Charizard, L50, M|\n|poke|p1|Incineroar, L50, F|\n|poke|p2|Maushold, L50|\n|poke|p2|Meowstic, L50, M|\n|poke|p2|Basculegion, L50, M|\n|poke|p2|Talonflame, L50, F|\n|poke|p2|Alakazam, L50, M|\n|poke|p2|Gallade, L50, M|\n|teampreview|4\n|inactive|Battle timer is ON: inactive players will automatically lose when time's up. (requested by vitrovius2)\n|\n|t:|1776425329\n|teamsize|p1|4\n|teamsize|p2|4\n|start\n|switch|p1a: Aerodactyl|Aerodactyl, L50, M|100/100\n|switch|p1b: Tyranitar|Tyranitar, L50, F|100/100\n|switch|p2a: Meowstic|Meowstic, L50, M|100/100\n|switch|p2b: Gallade|Gallade, L50, M|100/100\n|-ability|p1a: Aerodactyl|Unnerve\n|-weather|Sandstorm|[from] ability: Sand Stream|[of] p1b: Tyranitar\n|turn|1\n|\n|t:|1776425352\n|move|p1b: Tyranitar|Protect|p1b: Tyranitar\n|-singleturn|p1b: Tyranitar|Protect\n|move|p2a: Meowstic|Fake Out|p1a: Aerodactyl\n|-resisted|p1a: Aerodactyl|1\n|-crit|p1a: Aerodactyl\n|-damage|p1a: Aerodactyl|94/100\n|cant|p1a: Aerodactyl|flinch\n|move|p2b: Gallade|Sacred Sword|p1a: Aerodactyl\n|-damage|p1a: Aerodactyl|0 fnt\n|faint|p1a: Aerodactyl\n|\n|-weather|Sandstorm|[upkeep]\n|-damage|p2a: Meowstic|94/100|[from] Sandstorm\n|-damage|p2b: Gallade|95/100|[from] Sandstorm\n|upkeep\n|\n|t:|1776425366\n|switch|p1a: Incineroar|Incineroar, L50, F|100/100\n|-ability|p1a: Incineroar|Intimidate|boost\n|-unboost|p2a: Meowstic|atk|1\n|-unboost|p2b: Gallade|atk|1\n|-enditem|p2b: Gallade|White Herb\n|-clearnegativeboost|p2b: Gallade|[silent]\n|turn|2\n|\n|t:|1776425383\n|switch|p2a: Talonflame|Talonflame, L50, F|100/100\n|detailschange|p1b: Tyranitar|Tyranitar-Mega, L50, F\n|-mega|p1b: Tyranitar|Tyranitar|Tyranitarite\n|move|p1a: Incineroar|Fake Out|p2b: Gallade\n|-damage|p2b: Gallade|77/100\n|cant|p2b: Gallade|flinch\n|move|p1b: Tyranitar|Knock Off|p2b: Gallade\n|-damage|p2b: Gallade|24/100\n|\n|-weather|Sandstorm|[upkeep]\n|-damage|p2a: Talonflame|95/100|[from] Sandstorm\n|-damage|p2b: Gallade|19/100|[from] Sandstorm\n|-damage|p1a: Incineroar|95/100|[from] Sandstorm\n|upkeep\n|turn|3\n|inactive|sisi1 has 30 seconds left.\n|inactive|vitrovius2 has 30 seconds left.\n|\n|t:|1776425420\n|move|p2a: Talonflame|Protect|p2a: Talonflame\n|-singleturn|p2a: Talonflame|Protect\n|move|p2b: Gallade|Sacred Sword|p1a: Incineroar\n|-supereffective|p1a: Incineroar|1\n|-damage|p1a: Incineroar|0 fnt\n|faint|p1a: Incineroar\n|move|p1b: Tyranitar|Rock Slide|p2b: Gallade|[spread] p2b\n|-activate|p2a: Talonflame|move: Protect\n|-resisted|p2b: Gallade|1\n|-damage|p2b: Gallade|0 fnt\n|faint|p2b: Gallade\n|\n|-weather|Sandstorm|[upkeep]\n|-damage|p2a: Talonflame|89/100|[from] Sandstorm\n|upkeep\n|inactive|vitrovius2 has 30 seconds left.\n|\n|t:|1776425453\n|switch|p2b: Meowstic|Meowstic, L50, M|94/100\n|switch|p1a: Orthworm|Orthworm, L50, F|100/100\n|turn|4\n|\n|t:|1776425462\n|move|p2b: Meowstic|Helping Hand|p2a: Talonflame\n|-singleturn|p2a: Talonflame|Helping Hand|[of] p2b: Meowstic\n|move|p2a: Talonflame|Flare Blitz|p1a: Orthworm\n|-supereffective|p1a: Orthworm|1\n|-damage|p1a: Orthworm|9/100\n|-enditem|p1a: Orthworm|Sitrus Berry|[eat]\n|-heal|p1a: Orthworm|34/100|[from] item: Sitrus Berry\n|-damage|p2a: Talonflame|54/100|[from] Recoil\n|move|p1b: Tyranitar|Rock Slide|p2a: Talonflame|[spread] p2a,p2b\n|-supereffective|p2a: Talonflame|2\n|-damage|p2a: Talonflame|0 fnt\n|-damage|p2b: Meowstic|58/100\n|faint|p2a: Talonflame\n|move|p1a: Orthworm|Heavy Slam|p2b: Meowstic\n|-damage|p2b: Meowstic|23/100\n|\n|-weather|Sandstorm|[upkeep]\n|-damage|p2b: Meowstic|17/100|[from] Sandstorm\n|upkeep\n|\n|t:|1776425477\n|switch|p2a: Alakazam|Alakazam, L50, M|100/100\n|turn|5\n|\n|t:|1776425486\n|detailschange|p2a: Alakazam|Alakazam-Mega, L50, M\n|-mega|p2a: Alakazam|Alakazam|Alakazite\n|-ability|p2a: Alakazam|Earth Eater|Trace|[from] ability: Trace|[of] p1a: Orthworm\n|move|p2b: Meowstic|Gravity|p2b: Meowstic\n|-fieldstart|move: Gravity\n|move|p2a: Alakazam|Focus Blast|p1b: Tyranitar\n|-supereffective|p1b: Tyranitar|2\n|-damage|p1b: Tyranitar|0 fnt\n|faint|p1b: Tyranitar\n|move|p1a: Orthworm|Heavy Slam|p2b: Meowstic\n|-damage|p2b: Meowstic|0 fnt\n|faint|p2b: Meowstic\n|\n|-weather|none\n|upkeep\n|turn|6\n|\n|t:|1776425502\n|move|p2a: Alakazam|Focus Blast|p1a: Orthworm\n|-supereffective|p1a: Orthworm|1\n|-damage|p1a: Orthworm|0 fnt\n|faint|p1a: Orthworm\n|\n|win|sisi1\n|raw|vitrovius2's rating: 1182 &rarr; <strong>1153</strong><br />(-29 for losing)\n|raw|sisi1's rating: 1131 &rarr; <strong>1160</strong><br />(+29 for winning)\n",
  "uploadtime": 1776425508,
  "views": 49,
  "formatid": "gen9championsvgc2026regma",
  "rating": 1153,
  "private": 0,
  "password": null
}