{
  "id": "gen9championsvgc2026regma-2587683131",
  "format": "[Gen 9 Champions] VGC 2026 Reg M-A",
  "players": [
    "sdfgg",
    "keclo1999"
  ],
  "log": "|j|\u2606sdfgg\n|j|\u2606keclo1999\n|t:|1776553523\n|gametype|doubles\n|player|p1|sdfgg|cynthia-gen4|1065\n|player|p2|keclo1999|101|1120\n|gen|9\n|tier|[Gen 9 Champions] VGC 2026 Reg M-A\n|rated|\n|rule|Species Clause: Limit one of each Pok\u00e9mon\n|rule|Item Clause: Limit 1 of each item\n|clearpoke\n|poke|p1|Floette-Eternal, L50, F|\n|poke|p1|Aerodactyl, L50, M|\n|poke|p1|Incineroar, L50, M|\n|poke|p1|Garchomp, L50, F|\n|poke|p1|Delphox, L50, M|\n|poke|p1|Maushold, L50|\n|poke|p2|Altaria, L50, M|\n|poke|p2|Maushold-Four, L50|\n|poke|p2|Basculegion, L50, M|\n|poke|p2|Crabominable, L50, F|\n|poke|p2|Ceruledge, L50, F|\n|poke|p2|Sneasler, L50, M|\n|teampreview|4\n|\n|t:|1776553566\n|teamsize|p1|4\n|teamsize|p2|4\n|start\n|switch|p1a: Incineroar|Incineroar, L50, M|100/100\n|switch|p1b: Garchomp|Garchomp, L50, F|100/100\n|switch|p2a: Sneasler|Sneasler, L50, M|100/100\n|switch|p2b: Basculegion|Basculegion, L50, M|100/100\n|-ability|p1a: Incineroar|Intimidate|boost\n|-unboost|p2a: Sneasler|atk|1\n|-unboost|p2b: Basculegion|atk|1\n|-enditem|p2a: Sneasler|White Herb\n|-clearnegativeboost|p2a: Sneasler|[silent]\n|turn|1\n|\n|t:|1776553602\n|move|p2a: Sneasler|Fake Out|p1b: Garchomp\n|-damage|p1b: Garchomp|87/100\n|-damage|p2a: Sneasler|88/100|[from] ability: Rough Skin|[of] p1b: Garchomp\n|move|p1a: Incineroar|Fake Out|p2a: Sneasler\n|-damage|p2a: Sneasler|71/100\n|move|p2b: Basculegion|Wave Crash|p1a: Incineroar\n|-supereffective|p1a: Incineroar|1\n|-damage|p1a: Incineroar|9/100\n|-enditem|p1a: Incineroar|Sitrus Berry|[eat]\n|-heal|p1a: Incineroar|34/100|[from] item: Sitrus Berry\n|-damage|p2b: Basculegion|69/100|[from] Recoil\n|cant|p1b: Garchomp|flinch\n|\n|upkeep\n|turn|2\n|\n|t:|1776553628\n|move|p2a: Sneasler|Close Combat|p1b: Garchomp\n|-damage|p1b: Garchomp|30/100\n|-unboost|p2a: Sneasler|def|1\n|-unboost|p2a: Sneasler|spd|1\n|-damage|p2a: Sneasler|59/100|[from] ability: Rough Skin|[of] p1b: Garchomp\n|move|p2b: Basculegion|Wave Crash|p1a: Incineroar\n|-supereffective|p1a: Incineroar|1\n|-damage|p1a: Incineroar|0 fnt\n|faint|p1a: Incineroar\n|-damage|p2b: Basculegion|58/100|[from] Recoil\n|move|p1b: Garchomp|Earthquake|p2a: Sneasler|[spread] p2a,p2b\n|-supereffective|p2a: Sneasler|1\n|-damage|p2a: Sneasler|0 fnt\n|-damage|p2b: Basculegion|13/100\n|faint|p2a: Sneasler\n|\n|upkeep\n|\n|t:|1776553644\n|switch|p2a: Ceruledge|Ceruledge, L50, F|100/100\n|switch|p1a: Delphox|Delphox, L50, M|100/100\n|turn|3\n|\n|t:|1776553654\n|detailschange|p1a: Delphox|Delphox-Mega, L50, M\n|-mega|p1a: Delphox|Delphox|Delphoxite\n|move|p1a: Delphox|Protect|p1a: Delphox\n|-singleturn|p1a: Delphox|Protect\n|move|p2b: Basculegion|Wave Crash|p1b: Garchomp\n|-damage|p1b: Garchomp|0 fnt\n|-damage|p2b: Basculegion|1/100|[from] ability: Rough Skin|[of] p1b: Garchomp\n|faint|p1b: Garchomp\n|-damage|p2b: Basculegion|0 fnt|[from] Recoil\n|faint|p2b: Basculegion\n|move|p2a: Ceruledge|Poltergeist|p1a: Delphox\n|-activate|p1a: Delphox|move: Protect\n|\n|upkeep\n|\n|t:|1776553682\n|switch|p1b: Aerodactyl|Aerodactyl, L50, M|100/100\n|switch|p2b: Altaria|Altaria, L50, M|100/100\n|-ability|p1b: Aerodactyl|Unnerve\n|-ability|p2b: Altaria|Cloud Nine\n|turn|4\n|\n|t:|1776553705\n|detailschange|p2b: Altaria|Altaria-Mega, L50, M\n|-mega|p2b: Altaria|Altaria|Altarianite\n|move|p1a: Delphox|Nasty Plot|p1a: Delphox\n|-boost|p1a: Delphox|spa|2\n|move|p1b: Aerodactyl|Rock Slide|p2b: Altaria|[spread] p2a,p2b\n|-supereffective|p2a: Ceruledge|1\n|-damage|p2a: Ceruledge|20/100\n|-damage|p2b: Altaria|77/100\n|move|p2a: Ceruledge|Poltergeist|p1a: Delphox\n|-activate|p1a: Delphox|move: Poltergeist|Delphoxite\n|-supereffective|p1a: Delphox|1\n|-damage|p1a: Delphox|0 fnt\n|faint|p1a: Delphox\n|move|p2b: Altaria|Tailwind|p2b: Altaria\n|-sidestart|p2: keclo1999|move: Tailwind\n|\n|upkeep\n|turn|5\n|\n|t:|1776553733\n|move|p2a: Ceruledge|Poltergeist|p1b: Aerodactyl|[miss]\n|-miss|p2a: Ceruledge|p1b: Aerodactyl\n|move|p2b: Altaria|Hyper Voice|p1b: Aerodactyl\n|-damage|p1b: Aerodactyl|31/100\n|move|p1b: Aerodactyl|Rock Slide|p2a: Ceruledge|[spread] p2a,p2b\n|-supereffective|p2a: Ceruledge|1\n|-damage|p2a: Ceruledge|0 fnt\n|-damage|p2b: Altaria|52/100\n|faint|p2a: Ceruledge\n|\n|upkeep\n|turn|6\n|\n|t:|1776553745\n|move|p2b: Altaria|Hyper Voice|p1b: Aerodactyl\n|-damage|p1b: Aerodactyl|0 fnt\n|faint|p1b: Aerodactyl\n|\n|win|keclo1999\n|raw|sdfgg's rating: 1065 &rarr; <strong>1048</strong><br />(-17 for losing)\n|raw|keclo1999's rating: 1120 &rarr; <strong>1141</strong><br />(+21 for winning)\n",
  "uploadtime": 1776553748,
  "views": 11,
  "formatid": "gen9championsvgc2026regma",
  "rating": 1048,
  "private": 0,
  "password": null
}