{
  "id": "gen9championsvgc2026regma-2589534466",
  "format": "[Gen 9 Champions] VGC 2026 Reg M-A",
  "players": [
    "nebnosnar",
    "Enloz"
  ],
  "log": "|j|\u2606nebnosnar\n|j|\u2606Enloz\n|t:|1776731775\n|gametype|doubles\n|player|p1|nebnosnar|ethan|1079\n|player|p2|Enloz|2|1145\n|gen|9\n|tier|[Gen 9 Champions] VGC 2026 Reg M-A\n|rated|\n|rule|Species Clause: Limit one of each Pok\u00e9mon\n|rule|Item Clause: Limit 1 of each item\n|clearpoke\n|poke|p1|Tyranitar, L50, M|\n|poke|p1|Aerodactyl, L50, M|\n|poke|p1|Excadrill, L50, M|\n|poke|p1|Incineroar, L50, F|\n|poke|p1|Farigiraf, L50, F|\n|poke|p1|Milotic, L50, F|\n|poke|p2|Delphox, L50, M|\n|poke|p2|Aerodactyl, L50, M|\n|poke|p2|Maushold, L50|\n|poke|p2|Basculegion, L50, M|\n|poke|p2|Garchomp, L50, M|\n|poke|p2|Milotic, L50, F|\n|teampreview|4\n|inactive|Battle timer is ON: inactive players will automatically lose when time's up. (requested by nebnosnar)\n|inactive|Enloz has 60 seconds left.\n|\n|t:|1776731912\n|teamsize|p1|4\n|teamsize|p2|4\n|start\n|switch|p1a: Incineroar|Incineroar, L50, F|100/100\n|switch|p1b: Farigiraf|Farigiraf, L50, F|100/100\n|switch|p2a: Milotic|Milotic, L50, F|100/100\n|switch|p2b: Maushold|Maushold, L50|100/100\n|-ability|p1a: Incineroar|Intimidate|boost\n|-unboost|p2a: Milotic|atk|1\n|-ability|p2a: Milotic|Competitive|boost\n|-boost|p2a: Milotic|spa|2\n|-unboost|p2b: Maushold|atk|1\n|turn|1\n|inactive|Enloz has 30 seconds left.\n|inactive|Enloz has 20 seconds left.\n|inactive|Enloz has 15 seconds left.\n|inactive|Enloz has 10 seconds left.\n|inactive|Enloz has 5 seconds left.\n|\n|t:|1776731967\n|move|p1a: Incineroar|Fake Out|p2a: Milotic\n|-damage|p2a: Milotic|94/100\n|move|p2b: Maushold|Follow Me|p2b: Maushold\n|-singleturn|p2b: Maushold|move: Follow Me\n|cant|p2a: Milotic|flinch\n|move|p1b: Farigiraf|Trick Room|p1b: Farigiraf\n|-fieldstart|move: Trick Room|[of] p1b: Farigiraf\n|\n|-heal|p2a: Milotic|99/100|[from] item: Leftovers\n|upkeep\n|turn|2\n|inactive|nebnosnar has 30 seconds left.\n|\n|t:|1776732000\n|move|p1a: Incineroar|Parting Shot|p2a: Milotic\n|-unboost|p2a: Milotic|atk|1\n|-ability|p2a: Milotic|Competitive|boost\n|-boost|p2a: Milotic|spa|2\n|-unboost|p2a: Milotic|spa|1\n|-ability|p2a: Milotic|Competitive|boost\n|-boost|p2a: Milotic|spa|2\n|\n|t:|1776732007\n|switch|p1a: Milotic|Milotic, L50, F|100/100|[from] Parting Shot\n|move|p1b: Farigiraf|Psychic|p2a: Milotic\n|-damage|p2a: Milotic|79/100\n|move|p2a: Milotic|Scald|p1a: Milotic\n|-resisted|p1a: Milotic|1\n|-damage|p1a: Milotic|60/100\n|move|p2b: Maushold|Super Fang|p1b: Farigiraf|[miss]\n|-miss|p2b: Maushold|p1b: Farigiraf\n|\n|-heal|p1a: Milotic|66/100|[from] item: Leftovers\n|-heal|p2a: Milotic|85/100|[from] item: Leftovers\n|upkeep\n|turn|3\n|inactive|nebnosnar has 30 seconds left.\n|inactive|Enloz has 30 seconds left.\n|inactive|nebnosnar has 20 seconds left.\n|inactive|Enloz has 20 seconds left.\n|inactive|nebnosnar has 15 seconds left.\n|inactive|Enloz has 15 seconds left.\n|\n|t:|1776732050\n|move|p2b: Maushold|Helping Hand|p2a: Milotic\n|-singleturn|p2a: Milotic|Helping Hand|[of] p2b: Maushold\n|move|p1b: Farigiraf|Psychic|p2a: Milotic\n|-damage|p2a: Milotic|65/100\n|move|p1a: Milotic|Scald|p2a: Milotic\n|-resisted|p2a: Milotic|1\n|-damage|p2a: Milotic|57/100\n|move|p2a: Milotic|Scald|p1a: Milotic\n|-resisted|p1a: Milotic|1\n|-damage|p1a: Milotic|8/100\n|\n|-heal|p1a: Milotic|14/100|[from] item: Leftovers\n|-heal|p2a: Milotic|63/100|[from] item: Leftovers\n|upkeep\n|turn|4\n|inactive|nebnosnar has 30 seconds left.\n|\n|t:|1776732078\n|move|p1b: Farigiraf|Psychic|p2a: Milotic\n|-damage|p2a: Milotic|43/100\n|move|p1a: Milotic|Scald|p2b: Maushold\n|-damage|p2b: Maushold|68/100\n|move|p2a: Milotic|Recover|p2a: Milotic\n|-heal|p2a: Milotic|93/100\n|move|p2b: Maushold|Super Fang|p1b: Farigiraf\n|-damage|p1b: Farigiraf|51/100\n|\n|-heal|p1a: Milotic|20/100|[from] item: Leftovers\n|-heal|p2a: Milotic|99/100|[from] item: Leftovers\n|upkeep\n|turn|5\n|inactive|Enloz has 30 seconds left.\n|\n|t:|1776732104\n|move|p2b: Maushold|Helping Hand|p2a: Milotic\n|-singleturn|p2a: Milotic|Helping Hand|[of] p2b: Maushold\n|move|p1b: Farigiraf|Psychic|p2a: Milotic\n|-damage|p2a: Milotic|79/100\n|-unboost|p2a: Milotic|spd|1\n|-ability|p2a: Milotic|Competitive|boost\n|-boost|p2a: Milotic|spa|1\n|move|p1a: Milotic|Recover|p1a: Milotic\n|-heal|p1a: Milotic|70/100\n|move|p2a: Milotic|Scald|p1b: Farigiraf\n|-damage|p1b: Farigiraf|0 fnt\n|faint|p1b: Farigiraf\n|\n|-heal|p1a: Milotic|76/100|[from] item: Leftovers\n|-heal|p2a: Milotic|85/100|[from] item: Leftovers\n|-fieldend|move: Trick Room\n|upkeep\n|inactive|nebnosnar has 30 seconds left.\n|\n|t:|1776732133\n|switch|p1b: Tyranitar|Tyranitar, L50, M|100/100\n|-weather|Sandstorm|[from] ability: Sand Stream|[of] p1b: Tyranitar\n|turn|6\n|inactive|nebnosnar has 30 seconds left.\n|inactive|Enloz has 30 seconds left.\n|\n|t:|1776732164\n|detailschange|p1b: Tyranitar|Tyranitar-Mega, L50, M\n|-mega|p1b: Tyranitar|Tyranitar|Tyranitarite\n|move|p1b: Tyranitar|Protect|p1b: Tyranitar\n|-singleturn|p1b: Tyranitar|Protect\n|move|p2b: Maushold|Follow Me|p2b: Maushold\n|-singleturn|p2b: Maushold|move: Follow Me\n|move|p2a: Milotic|Scald|p1b: Tyranitar\n|-activate|p1b: Tyranitar|move: Protect\n|move|p1a: Milotic|Ice Beam|p2b: Maushold\n|-damage|p2b: Maushold|46/100\n|\n|-weather|Sandstorm|[upkeep]\n|-damage|p2b: Maushold|40/100|[from] Sandstorm\n|-damage|p2a: Milotic|79/100|[from] Sandstorm\n|-damage|p1a: Milotic|70/100|[from] Sandstorm\n|-heal|p2a: Milotic|85/100|[from] item: Leftovers\n|-heal|p1a: Milotic|76/100|[from] item: Leftovers\n|upkeep\n|turn|7\n|c|\u2606nebnosnar|i literally have nothing for milotic lol\n|inactive|nebnosnar has 30 seconds left.\n|\n|t:|1776732191\n|move|p2b: Maushold|Follow Me|p2b: Maushold\n|-singleturn|p2b: Maushold|move: Follow Me\n|move|p2a: Milotic|Scald|p1b: Tyranitar\n|-supereffective|p1b: Tyranitar|1\n|-damage|p1b: Tyranitar|10/100\n|move|p1a: Milotic|Ice Beam|p2b: Maushold\n|-damage|p2b: Maushold|17/100\n|move|p1b: Tyranitar|Low Kick|p2b: Maushold\n|-supereffective|p2b: Maushold|1\n|-crit|p2b: Maushold\n|-enditem|p2b: Maushold|Chople Berry|[eat]\n|-enditem|p2b: Maushold|Chople Berry|[weaken]\n|-damage|p2b: Maushold|5/100\n|\n|-weather|Sandstorm|[upkeep]\n|-damage|p2b: Maushold|0 fnt|[from] Sandstorm\n|-damage|p2a: Milotic|79/100|[from] Sandstorm\n|-damage|p1a: Milotic|70/100|[from] Sandstorm\n|faint|p2b: Maushold\n|-heal|p2a: Milotic|85/100|[from] item: Leftovers\n|-heal|p1a: Milotic|76/100|[from] item: Leftovers\n|upkeep\n|inactive|Enloz has 30 seconds left.\n|inactive|Enloz has 20 seconds left.\n|\n|t:|1776732229\n|switch|p2b: Basculegion|Basculegion, L50, M|100/100\n|turn|8\n|inactive|nebnosnar has 30 seconds left.\n|inactive|nebnosnar has 20 seconds left.\n|c|\u2606Enloz|brute force it\n|inactive|nebnosnar has 15 seconds left.\n|\n|t:|1776732273\n|move|p1b: Tyranitar|Protect|p1b: Tyranitar\n|-singleturn|p1b: Tyranitar|Protect\n|move|p2b: Basculegion|Wave Crash|p1b: Tyranitar\n|-activate|p1b: Tyranitar|move: Protect\n|move|p2a: Milotic|Scald|p1a: Milotic\n|-resisted|p1a: Milotic|1\n|-damage|p1a: Milotic|30/100\n|move|p1a: Milotic|Ice Beam|p2a: Milotic\n|-resisted|p2a: Milotic|1\n|-damage|p2a: Milotic|73/100\n|\n|-weather|Sandstorm|[upkeep]\n|-damage|p2b: Basculegion|94/100|[from] Sandstorm\n|-damage|p2a: Milotic|67/100|[from] Sandstorm\n|-damage|p1a: Milotic|24/100|[from] Sandstorm\n|-heal|p2a: Milotic|73/100|[from] item: Leftovers\n|-heal|p1a: Milotic|30/100|[from] item: Leftovers\n|upkeep\n|turn|9\n|c|\u2606nebnosnar|nah i need a freeze\n|l|\u2606nebnosnar\n|inactive|nebnosnar disconnected and has a minute to reconnect!\n|player|p1|\n|inactive|nebnosnar has 30 seconds left.\n|j|\u2606nebnosnar\n|inactive|nebnosnar reconnected and has 25 seconds left.\n|player|p1|nebnosnar|ethan|\n|c|\u2606Enloz|this game's over\n|inactive|nebnosnar has 20 seconds left.\n|inactive|nebnosnar has 15 seconds left.\n|c|\u2606Enloz|but for others\n|c|\u2606Enloz|just hit it\n|inactive|nebnosnar has 10 seconds left.\n|\n|t:|1776732321\n|move|p2b: Basculegion|Wave Crash|p1b: Tyranitar\n|-supereffective|p1b: Tyranitar|1\n|-damage|p1b: Tyranitar|0 fnt\n|faint|p1b: Tyranitar\n|-damage|p2b: Basculegion|91/100|[from] Recoil\n|move|p2a: Milotic|Scald|p1a: Milotic\n|-resisted|p1a: Milotic|1\n|-damage|p1a: Milotic|0 fnt\n|faint|p1a: Milotic\n|\n|-weather|Sandstorm|[upkeep]\n|-damage|p2b: Basculegion|85/100|[from] Sandstorm\n|-damage|p2a: Milotic|67/100|[from] Sandstorm\n|-heal|p2a: Milotic|73/100|[from] item: Leftovers\n|upkeep\n|c|\u2606Enloz|dont use incin on the mu\n|c|\u2606nebnosnar|i think i need to change something in the team\n|inactive|nebnosnar has 30 seconds left.\n|c|\u2606nebnosnar|but ye the parting shot was a troll idk im braindead\n|\n|t:|1776732349\n|switch|p1b: Incineroar|Incineroar, L50, F|100/100\n|-ability|p1b: Incineroar|Intimidate|boost\n|-unboost|p2a: Milotic|atk|1\n|-boost|p2a: Milotic|spa|0\n|-unboost|p2b: Basculegion|atk|1\n|turn|10\n|\n|t:|1776732361\n|move|p2b: Basculegion|Wave Crash|p1b: Incineroar\n|-supereffective|p1b: Incineroar|1\n|-damage|p1b: Incineroar|7/100\n|-enditem|p1b: Incineroar|Sitrus Berry|[eat]\n|-heal|p1b: Incineroar|32/100|[from] item: Sitrus Berry\n|-damage|p2b: Basculegion|54/100|[from] Recoil\n|move|p2a: Milotic|Scald|p1b: Incineroar\n|-supereffective|p1b: Incineroar|1\n|-damage|p1b: Incineroar|0 fnt\n|faint|p1b: Incineroar\n|\n|win|Enloz\n|raw|nebnosnar's rating: 1079 &rarr; <strong>1061</strong><br />(-18 for losing)\n|raw|Enloz's rating: 1145 &rarr; <strong>1165</strong><br />(+20 for winning)\n|c|\u2606nebnosnar|gg\n|c|\u2606Enloz|gg\n",
  "uploadtime": 1776732373,
  "views": 12,
  "formatid": "gen9championsvgc2026regma",
  "rating": 1061,
  "private": 0,
  "password": null
}