{
  "id": "gen9championsvgc2026regma-2585442910",
  "format": "[Gen 9 Champions] VGC 2026 Reg M-A",
  "players": [
    "Vnm",
    "perkliu"
  ],
  "log": "|j|\u2606Vnm\n|j|\u2606perkliu\n|t:|1776347622\n|gametype|doubles\n|player|p1|Vnm|102|1239\n|player|p2|perkliu|1|1321\n|gen|9\n|tier|[Gen 9 Champions] VGC 2026 Reg M-A\n|rated|\n|rule|Species Clause: Limit one of each Pok\u00e9mon\n|rule|Item Clause: Limit 1 of each item\n|clearpoke\n|poke|p1|Milotic, L50, M|\n|poke|p1|Incineroar, L50, F|\n|poke|p1|Dragonite, L50, F|\n|poke|p1|Farigiraf, L50, F|\n|poke|p1|Meganium, L50, F|\n|poke|p1|Excadrill, L50, F|\n|poke|p2|Charizard, L50, F|\n|poke|p2|Incineroar, L50, F|\n|poke|p2|Kingambit, L50, F|\n|poke|p2|Rotom-Wash, L50|\n|poke|p2|Sneasler, L50, M|\n|poke|p2|Garchomp, L50, F|\n|teampreview|4\n|\n|t:|1776347684\n|teamsize|p1|4\n|teamsize|p2|4\n|start\n|switch|p1a: Milotic|Milotic, L50, M, shiny|100/100\n|switch|p1b: Dragonite|Dragonite, L50, F|100/100\n|switch|p2a: Charizard|Charizard, L50, F|100/100\n|switch|p2b: Rotom|Rotom-Wash, L50|100/100\n|turn|1\n|\n|t:|1776347733\n|detailschange|p2a: Charizard|Charizard-Mega-Y, L50, F\n|-mega|p2a: Charizard|Charizard|Charizardite Y\n|-weather|SunnyDay|[from] ability: Drought|[of] p2a: Charizard\n|move|p1a: Milotic|Protect|p1a: Milotic\n|-singleturn|p1a: Milotic|Protect\n|move|p2b: Rotom|Volt Switch|p1a: Milotic\n|-activate|p1a: Milotic|move: Protect\n|move|p2a: Charizard|Heat Wave|p1b: Dragonite|[spread] p1b\n|-activate|p1a: Milotic|move: Protect\n|-resisted|p1b: Dragonite|1\n|-damage|p1b: Dragonite|87/100\n|move|p1b: Dragonite|Rock Slide|p2a: Charizard|[spread] p2b\n|-miss|p1b: Dragonite|p2a: Charizard\n|-damage|p2b: Rotom|76/100\n|\n|-weather|SunnyDay|[upkeep]\n|-heal|p2b: Rotom|82/100|[from] item: Leftovers\n|upkeep\n|turn|2\n|\n|t:|1776347758\n|switch|p2a: Garchomp|Garchomp, L50, F|100/100\n|switch|p1a: Incineroar|Incineroar, L50, F|100/100\n|-ability|p1a: Incineroar|Intimidate|boost\n|-unboost|p2a: Garchomp|atk|1\n|-unboost|p2b: Rotom|atk|1\n|move|p2b: Rotom|Volt Switch|p1b: Dragonite\n|-damage|p1b: Dragonite|65/100\n|\n|t:|1776347764\n|switch|p2b: Sneasler|Sneasler, L50, M|100/100|[from] Volt Switch\n|move|p1b: Dragonite|Rock Slide|p2b: Sneasler|[spread] p2a,p2b\n|-resisted|p2a: Garchomp|1\n|-resisted|p2b: Sneasler|1\n|-damage|p2a: Garchomp|90/100\n|-damage|p2b: Sneasler|85/100\n|\n|-weather|SunnyDay|[upkeep]\n|upkeep\n|turn|3\n|\n|t:|1776347810\n|switch|p2a: Rotom|Rotom-Wash, L50|82/100\n|switch|p1a: Milotic|Milotic, L50, M, shiny|100/100\n|move|p2b: Sneasler|Protect|p2b: Sneasler\n|-singleturn|p2b: Sneasler|Protect\n|move|p1b: Dragonite|Tailwind|p1b: Dragonite\n|-sidestart|p1: Vnm|move: Tailwind\n|\n|-weather|SunnyDay|[upkeep]\n|-heal|p2a: Rotom|88/100|[from] item: Leftovers\n|upkeep\n|turn|4\n|\n|t:|1776347839\n|switch|p1a: Incineroar|Incineroar, L50, F|100/100\n|-ability|p1a: Incineroar|Intimidate|boost\n|-unboost|p2a: Rotom|atk|1\n|-unboost|p2b: Sneasler|atk|1\n|-enditem|p2b: Sneasler|White Herb\n|-clearnegativeboost|p2b: Sneasler|[silent]\n|switch|p2b: Garchomp|Garchomp, L50, F|90/100\n|move|p1b: Dragonite|Dragon Claw|p2a: Rotom\n|-damage|p2a: Rotom|38/100\n|move|p2a: Rotom|Volt Switch|p1b: Dragonite\n|-damage|p1b: Dragonite|42/100\n|\n|t:|1776347860\n|switch|p2a: Sneasler|Sneasler, L50, M|85/100|[from] Volt Switch\n|\n|-weather|SunnyDay|[upkeep]\n|upkeep\n|turn|5\n|\n|t:|1776347896\n|move|p2a: Sneasler|Fake Out|p1a: Incineroar\n|-damage|p1a: Incineroar|88/100\n|cant|p1a: Incineroar|flinch\n|move|p2b: Garchomp|Rock Slide|p1a: Incineroar|[spread] p1a,p1b\n|-supereffective|p1a: Incineroar|1\n|-crit|p1a: Incineroar\n|-supereffective|p1b: Dragonite|1\n|-damage|p1a: Incineroar|26/100\n|-damage|p1b: Dragonite|4/100\n|-enditem|p1a: Incineroar|Sitrus Berry|[eat]\n|-heal|p1a: Incineroar|51/100|[from] item: Sitrus Berry\n|move|p1b: Dragonite|Dragon Claw|p2b: Garchomp\n|-supereffective|p2b: Garchomp|1\n|-damage|p2b: Garchomp|9/100\n|-damage|p1b: Dragonite|0 fnt|[from] ability: Rough Skin|[of] p2b: Garchomp\n|faint|p1b: Dragonite\n|\n|-weather|none\n|upkeep\n|\n|t:|1776347919\n|switch|p1b: Excadrill|Excadrill, L50, F|100/100\n|-ability|p1b: Excadrill|Mold Breaker\n|turn|6\n|\n|t:|1776347946\n|switch|p2b: Rotom|Rotom-Wash, L50|38/100\n|detailschange|p1b: Excadrill|Excadrill-Mega, L50, F\n|-mega|p1b: Excadrill|Excadrill|Excadrite\n|move|p2a: Sneasler|Protect|p2a: Sneasler\n|-singleturn|p2a: Sneasler|Protect\n|move|p1b: Excadrill|High Horsepower|p2a: Sneasler\n|-supereffective|p2a: Sneasler|1\n|-ability|p1b: Excadrill|Piercing Drill\n|-zbroken|p2a: Sneasler\n|-damage|p2a: Sneasler|39/100\n|move|p1a: Incineroar|Parting Shot|p2b: Rotom\n|-unboost|p2b: Rotom|atk|1\n|-unboost|p2b: Rotom|spa|1\n|\n|t:|1776347960\n|switch|p1a: Milotic|Milotic, L50, M, shiny|100/100|[from] Parting Shot\n|\n|-heal|p2b: Rotom|44/100|[from] item: Leftovers\n|-sideend|p1: Vnm|move: Tailwind\n|upkeep\n|turn|7\n|\n|t:|1776347989\n|switch|p2a: Garchomp|Garchomp, L50, F|9/100\n|move|p1b: Excadrill|Protect|p1b: Excadrill\n|-singleturn|p1b: Excadrill|Protect\n|move|p2b: Rotom|Volt Switch|p1a: Milotic\n|-supereffective|p1a: Milotic|1\n|-damage|p1a: Milotic|74/100\n|inactive|Battle timer is ON: inactive players will automatically lose when time's up. (requested by Vnm)\n|\n|t:|1776348010\n|switch|p2b: Charizard|Charizard-Mega-Y, L50, F|100/100|[from] Volt Switch\n|-weather|SunnyDay|[from] ability: Drought|[of] p2b: Charizard\n|move|p1a: Milotic|Muddy Water|p2a: Garchomp|[spread] p2a,p2b\n|-supereffective|p2b: Charizard|1\n|-damage|p2a: Garchomp|0 fnt\n|-damage|p2b: Charizard|70/100\n|faint|p2a: Garchomp\n|\n|-weather|SunnyDay|[upkeep]\n|upkeep\n|\n|t:|1776348021\n|switch|p2a: Sneasler|Sneasler, L50, M|39/100\n|turn|8\n|inactive|perkliu has 30 seconds left.\n|\n|t:|1776348056\n|switch|p1b: Incineroar|Incineroar, L50, F|51/100\n|-ability|p1b: Incineroar|Intimidate|boost\n|-unboost|p2a: Sneasler|atk|1\n|-unboost|p2b: Charizard|atk|1\n|move|p1a: Milotic|Protect|p1a: Milotic\n|-singleturn|p1a: Milotic|Protect\n|move|p2a: Sneasler|Close Combat|p1b: Incineroar\n|-supereffective|p1b: Incineroar|1\n|-damage|p1b: Incineroar|0 fnt\n|-unboost|p2a: Sneasler|def|1\n|-unboost|p2a: Sneasler|spd|1\n|faint|p1b: Incineroar\n|move|p2b: Charizard|Solar Beam||[still]\n|-prepare|p2b: Charizard|Solar Beam\n|-anim|p2b: Charizard|Solar Beam|p1a: Milotic\n|-activate|p1a: Milotic|move: Protect\n|\n|-weather|SunnyDay|[upkeep]\n|upkeep\n|\n|t:|1776348074\n|switch|p1b: Excadrill|Excadrill-Mega, L50, F|100/100\n|turn|9\n|\n|t:|1776348085\n|switch|p2a: Rotom|Rotom-Wash, L50|44/100\n|move|p2b: Charizard|Protect|p2b: Charizard\n|-singleturn|p2b: Charizard|Protect\n|move|p1b: Excadrill|Rock Slide|p2b: Charizard|[spread] p2a\n|-activate|p2b: Charizard|move: Protect\n|-damage|p2a: Rotom|18/100\n|move|p1a: Milotic|Muddy Water|p2a: Rotom|[spread] p2a\n|-activate|p2b: Charizard|move: Protect\n|-resisted|p2a: Rotom|1\n|-damage|p2a: Rotom|10/100\n|\n|-weather|SunnyDay|[upkeep]\n|-heal|p2a: Rotom|16/100|[from] item: Leftovers\n|upkeep\n|turn|10\n|inactive|perkliu has 30 seconds left.\n|inactive|perkliu has 20 seconds left.\n|\n|t:|1776348122\n|switch|p2b: Sneasler|Sneasler, L50, M|39/100\n|move|p1a: Milotic|Protect|p1a: Milotic\n|-singleturn|p1a: Milotic|Protect\n|move|p1b: Excadrill|Rock Slide|p2b: Sneasler|[spread] p2a,p2b\n|-resisted|p2b: Sneasler|1\n|-damage|p2a: Rotom|0 fnt\n|-damage|p2b: Sneasler|21/100\n|faint|p2a: Rotom\n|\n|-weather|SunnyDay|[upkeep]\n|upkeep\n|\n|t:|1776348132\n|switch|p2a: Charizard|Charizard-Mega-Y, L50, F|70/100\n|turn|11\n|\n|t:|1776348148\n|move|p1b: Excadrill|Protect|p1b: Excadrill\n|-singleturn|p1b: Excadrill|Protect\n|move|p1a: Milotic|Protect||[still]\n|-fail|p1a: Milotic\n|move|p2b: Sneasler|Fake Out|p1b: Excadrill\n|-activate|p1b: Excadrill|move: Protect\n|move|p2a: Charizard|Solar Beam||[still]\n|-prepare|p2a: Charizard|Solar Beam\n|-anim|p2a: Charizard|Solar Beam|p1a: Milotic\n|-supereffective|p1a: Milotic|1\n|-damage|p1a: Milotic|3/100\n|\n|-weather|none\n|upkeep\n|turn|12\n|\n|t:|1776348167\n|move|p2b: Sneasler|Close Combat|p1b: Excadrill\n|-supereffective|p1b: Excadrill|1\n|-damage|p1b: Excadrill|0 fnt\n|-unboost|p2b: Sneasler|def|1\n|-unboost|p2b: Sneasler|spd|1\n|faint|p1b: Excadrill\n|move|p2a: Charizard|Weather Ball|p1a: Milotic\n|-damage|p1a: Milotic|0 fnt\n|faint|p1a: Milotic\n|\n|win|perkliu\n|raw|Vnm's rating: 1239 &rarr; <strong>1220</strong><br />(-19 for losing)\n|raw|perkliu's rating: 1321 &rarr; <strong>1336</strong><br />(+15 for winning)\n|c|\u2606perkliu|gg\n|l|\u2606Vnm\n|player|p1|\n",
  "uploadtime": 1776348182,
  "views": 37,
  "formatid": "gen9championsvgc2026regma",
  "rating": 1220,
  "private": 0,
  "password": null
}