{
  "id": "gen9championsvgc2026regma-2581014150",
  "format": "[Gen 9 Champions] VGC 2026 Reg M-A",
  "players": [
    "frrrmchl",
    "calacadura"
  ],
  "log": "|j|\u2606frrrmchl\n|j|\u2606calacadura\n|t:|1775951792\n|gametype|doubles\n|player|p1|frrrmchl|101|1134\n|player|p2|calacadura|1|1039\n|gen|9\n|tier|[Gen 9 Champions] VGC 2026 Reg M-A\n|rated|\n|rule|Species Clause: Limit one of each Pok\u00e9mon\n|rule|Item Clause: Limit 1 of each item\n|clearpoke\n|poke|p1|Oranguru, L50, M|\n|poke|p1|Torkoal, L50, F|\n|poke|p1|Bellibolt, L50, M|\n|poke|p1|Sinistcha-Masterpiece, L50|\n|poke|p1|Incineroar, L50, M|\n|poke|p1|Golurk, L50|\n|poke|p2|Incineroar, L50, M|\n|poke|p2|Farigiraf, L50, M|\n|poke|p2|Basculegion, L50, M|\n|poke|p2|Dragonite, L50, M|\n|poke|p2|Sinistcha, L50|\n|poke|p2|Froslass, L50, F|\n|teampreview|4\n|inactive|Battle timer is ON: inactive players will automatically lose when time's up. (requested by frrrmchl)\n|inactive|calacadura has 60 seconds left.\n|\n|t:|1775951833\n|teamsize|p1|4\n|teamsize|p2|4\n|start\n|switch|p1a: Oranguru|Oranguru, L50, M|100/100\n|switch|p1b: Incineroar|Incineroar, L50, M|100/100\n|switch|p2a: Kitten|Incineroar, L50, M, shiny|100/100\n|switch|p2b: Basculegion|Basculegion, L50, M|100/100\n|-ability|p1b: Incineroar|Intimidate|boost\n|-unboost|p2a: Kitten|atk|1\n|-unboost|p2b: Basculegion|atk|1\n|-ability|p2a: Kitten|Intimidate|boost\n|-unboost|p1a: Oranguru|atk|1\n|-unboost|p1b: Incineroar|atk|1\n|turn|1\n|\n|t:|1775951852\n|switch|p2a: Tiny|Sinistcha, L50, shiny|100/100\n|move|p1b: Incineroar|Fake Out|p2a: Tiny\n|-immune|p2a: Tiny\n|move|p2b: Basculegion|Flip Turn|p1b: Incineroar\n|-supereffective|p1b: Incineroar|1\n|-damage|p1b: Incineroar|42/100\n|-enditem|p1b: Incineroar|Sitrus Berry|[eat]\n|-heal|p1b: Incineroar|67/100|[from] item: Sitrus Berry\n|\n|t:|1775951855\n|switch|p2b: Kitten|Incineroar, L50, M, shiny|100/100|[from] Flip Turn\n|-ability|p2b: Kitten|Intimidate|boost\n|-unboost|p1a: Oranguru|atk|1\n|-unboost|p1b: Incineroar|atk|1\n|move|p1a: Oranguru|Trick Room|p1a: Oranguru\n|-fieldstart|move: Trick Room|[of] p1a: Oranguru\n|\n|upkeep\n|turn|2\n|\n|t:|1775951874\n|move|p2b: Kitten|Parting Shot|p1b: Incineroar\n|-unboost|p1b: Incineroar|atk|1\n|-unboost|p1b: Incineroar|spa|1\n|\n|t:|1775951880\n|switch|p2b: Basculegion|Basculegion, L50, M|100/100|[from] Parting Shot\n|move|p1a: Oranguru|Instruct|p1b: Incineroar\n|-singleturn|p1b: Incineroar|move: Instruct|[of] p1a: Oranguru\n|move|p1b: Incineroar|Fake Out||[still]\n|-hint|Fake Out only works on your first turn out.\n|-fail|p1b: Incineroar\n|move|p2a: Tiny|Calm Mind|p2a: Tiny\n|-boost|p2a: Tiny|spa|1\n|-boost|p2a: Tiny|spd|1\n|move|p1b: Incineroar|Darkest Lariat|p2a: Tiny\n|-supereffective|p2a: Tiny|1\n|-damage|p2a: Tiny|74/100\n|\n|upkeep\n|turn|3\n|\n|t:|1775951897\n|switch|p2b: Kitten|Incineroar, L50, M, shiny|100/100\n|-ability|p2b: Kitten|Intimidate|boost\n|-unboost|p1a: Oranguru|atk|1\n|-unboost|p1b: Incineroar|atk|1\n|move|p1a: Oranguru|Foul Play|p2b: Kitten\n|-resisted|p2b: Kitten|1\n|-damage|p2b: Kitten|91/100\n|move|p2a: Tiny|Calm Mind|p2a: Tiny\n|-boost|p2a: Tiny|spa|1\n|-boost|p2a: Tiny|spd|1\n|move|p1b: Incineroar|Parting Shot|p2a: Tiny\n|-unboost|p2a: Tiny|atk|1\n|-unboost|p2a: Tiny|spa|1\n|\n|t:|1775951915\n|switch|p1b: Torkoal|Torkoal, L50, F|100/100|[from] Parting Shot\n|-weather|SunnyDay|[from] ability: Drought|[of] p1b: Torkoal\n|\n|-weather|SunnyDay|[upkeep]\n|upkeep\n|turn|4\n|inactive|calacadura has 30 seconds left.\n|inactive|calacadura has 20 seconds left.\n|\n|t:|1775951954\n|move|p1b: Torkoal|Eruption|p2b: Kitten|[spread] p2a,p2b\n|-supereffective|p2a: Tiny|1\n|-resisted|p2b: Kitten|1\n|-damage|p2a: Tiny|0 fnt\n|-damage|p2b: Kitten|57/100\n|faint|p2a: Tiny\n|move|p1a: Oranguru|Instruct|p1b: Torkoal\n|-singleturn|p1b: Torkoal|move: Instruct|[of] p1a: Oranguru\n|move|p1b: Torkoal|Eruption|p2b: Kitten\n|-resisted|p2b: Kitten|1\n|-damage|p2b: Kitten|15/100\n|-enditem|p2b: Kitten|Sitrus Berry|[eat]\n|-heal|p2b: Kitten|40/100|[from] item: Sitrus Berry\n|move|p2b: Kitten|Parting Shot|p1b: Torkoal\n|-unboost|p1b: Torkoal|atk|1\n|-unboost|p1b: Torkoal|spa|1\n|\n|t:|1775951965\n|switch|p2b: Froslass|Froslass, L50, F|100/100|[from] Parting Shot\n|\n|-weather|SunnyDay|[upkeep]\n|upkeep\n|\n|t:|1775951982\n|switch|p2a: Kitten|Incineroar, L50, M, shiny|40/100\n|-ability|p2a: Kitten|Intimidate|boost\n|-unboost|p1a: Oranguru|atk|1\n|-unboost|p1b: Torkoal|atk|1\n|turn|5\n|inactive|calacadura has 30 seconds left.\n|\n|t:|1775952009\n|detailschange|p2b: Froslass|Froslass-Mega, L50, F\n|-mega|p2b: Froslass|Froslass|Froslassite\n|-weather|Snowscape|[from] ability: Snow Warning|[of] p2b: Froslass\n|move|p2a: Kitten|Fake Out|p1a: Oranguru\n|-damage|p1a: Oranguru|91/100\n|move|p1b: Torkoal|Eruption|p2a: Kitten|[spread] p2a,p2b\n|-resisted|p2a: Kitten|1\n|-supereffective|p2b: Froslass|1\n|-damage|p2a: Kitten|25/100\n|-damage|p2b: Froslass|28/100\n|cant|p1a: Oranguru|flinch\n|move|p2b: Froslass|Aurora Veil|p2b: Froslass\n|-sidestart|p2: calacadura|move: Aurora Veil\n|\n|-weather|Snowscape|[upkeep]\n|-fieldend|move: Trick Room\n|upkeep\n|turn|6\n|inactive|calacadura has 30 seconds left.\n|\n|t:|1775952037\n|move|p1b: Torkoal|Protect|p1b: Torkoal\n|-singleturn|p1b: Torkoal|Protect\n|move|p2b: Froslass|Blizzard|p1b: Torkoal|[spread] p1a\n|-activate|p1b: Torkoal|move: Protect\n|-damage|p1a: Oranguru|61/100\n|move|p2a: Kitten|Flare Blitz|p1b: Torkoal\n|-activate|p1b: Torkoal|move: Protect\n|move|p1a: Oranguru|Trick Room|p1a: Oranguru\n|-fieldstart|move: Trick Room|[of] p1a: Oranguru\n|\n|-weather|Snowscape|[upkeep]\n|upkeep\n|turn|7\n|\n|t:|1775952051\n|move|p1b: Torkoal|Eruption|p2b: Froslass|[spread] p2a,p2b\n|-resisted|p2a: Kitten|1\n|-supereffective|p2b: Froslass|1\n|-damage|p2a: Kitten|16/100\n|-damage|p2b: Froslass|0 fnt\n|faint|p2b: Froslass\n|move|p1a: Oranguru|Instruct|p1b: Torkoal\n|-singleturn|p1b: Torkoal|move: Instruct|[of] p1a: Oranguru\n|move|p1b: Torkoal|Eruption|p2a: Kitten\n|-resisted|p2a: Kitten|1\n|-damage|p2a: Kitten|4/100\n|move|p2a: Kitten|Flare Blitz|p1a: Oranguru\n|-damage|p1a: Oranguru|20/100\n|-damage|p2a: Kitten|0 fnt|[from] Recoil\n|faint|p2a: Kitten\n|\n|-weather|Snowscape|[upkeep]\n|upkeep\n|\n|t:|1775952053\n|switch|p2b: Basculegion|Basculegion, L50, M|100/100\n|turn|8\n|\n|t:|1775952078\n|move|p1b: Torkoal|Eruption|p2b: Basculegion\n|-resisted|p2b: Basculegion|1\n|-damage|p2b: Basculegion|79/100\n|move|p1a: Oranguru|Foul Play|p2b: Basculegion\n|-supereffective|p2b: Basculegion|1\n|-damage|p2b: Basculegion|30/100\n|move|p2b: Basculegion|Wave Crash|p1b: Torkoal\n|-supereffective|p1b: Torkoal|1\n|-damage|p1b: Torkoal|0 fnt\n|faint|p1b: Torkoal\n|-damage|p2b: Basculegion|0 fnt|[from] Recoil\n|faint|p2b: Basculegion\n|\n|win|frrrmchl\n|raw|frrrmchl's rating: 1134 &rarr; <strong>1152</strong><br />(+18 for winning)\n|raw|calacadura's rating: 1039 &rarr; <strong>1027</strong><br />(-12 for losing)\n|l|\u2606frrrmchl\n|player|p1|\n",
  "uploadtime": 1775952090,
  "views": 16,
  "formatid": "gen9championsvgc2026regma",
  "rating": 1027,
  "private": 0,
  "password": null
}