{
  "id": "gen9championsvgc2026regma-2580487296",
  "format": "[Gen 9 Champions] VGC 2026 Reg M-A",
  "players": [
    "alee81846",
    "kabauntie"
  ],
  "log": "|j|\u2606alee81846\n|j|\u2606kabauntie\n|t:|1775903734\n|gametype|doubles\n|player|p1|alee81846|1|1045\n|player|p2|kabauntie|265|1080\n|gen|9\n|tier|[Gen 9 Champions] VGC 2026 Reg M-A\n|rated|\n|rule|Species Clause: Limit one of each Pok\u00e9mon\n|rule|Item Clause: Limit 1 of each item\n|clearpoke\n|poke|p1|Floette-Eternal, L50, F|\n|poke|p1|Maushold, L50|\n|poke|p1|Talonflame, L50, M|\n|poke|p1|Garchomp, L50, M|\n|poke|p1|Rotom-Wash, L50|\n|poke|p1|Aegislash, L50, M|\n|poke|p2|Tyranitar, L50, M|\n|poke|p2|Excadrill, L50, F|\n|poke|p2|Corviknight, L50, M|\n|poke|p2|Primarina, L50, F|\n|poke|p2|Sinistcha-Masterpiece, L50|\n|poke|p2|Incineroar, L50, F|\n|teampreview|4\n|\n|t:|1775903751\n|teamsize|p1|4\n|teamsize|p2|4\n|start\n|switch|p1a: Garchomp|Garchomp, L50, M|100/100\n|switch|p1b: Talonflame|Talonflame, L50, M|100/100\n|switch|p2a: Tyranitar|Tyranitar, L50, M|100/100\n|switch|p2b: Excadrill|Excadrill, L50, F|100/100\n|-weather|Sandstorm|[from] ability: Sand Stream|[of] p2a: Tyranitar\n|turn|1\n|\n|t:|1775903765\n|move|p2b: Excadrill|Protect|p2b: Excadrill\n|-singleturn|p2b: Excadrill|Protect\n|move|p1b: Talonflame|Tailwind|p1b: Talonflame\n|-sidestart|p1: alee81846|move: Tailwind\n|move|p1a: Garchomp|Earthquake|p2b: Excadrill|[spread] p2a\n|-activate|p2b: Excadrill|move: Protect\n|-immune|p1b: Talonflame\n|-supereffective|p2a: Tyranitar|1\n|-damage|p2a: Tyranitar|24/100\n|move|p2a: Tyranitar|Rock Slide|p1a: Garchomp|[spread] p1a,p1b\n|-resisted|p1a: Garchomp|1\n|-supereffective|p1b: Talonflame|2\n|-crit|p1b: Talonflame\n|-damage|p1a: Garchomp|86/100\n|-damage|p1b: Talonflame|0 fnt\n|faint|p1b: Talonflame\n|\n|-weather|Sandstorm|[upkeep]\n|upkeep\n|\n|t:|1775903783\n|switch|p1b: Rotom|Rotom-Wash, L50|100/100\n|turn|2\n|\n|t:|1775903807\n|switch|p2b: Primarina|Primarina, L50, F|100/100\n|move|p1b: Rotom|Helping Hand|p1a: Garchomp\n|-singleturn|p1a: Garchomp|Helping Hand|[of] p1b: Rotom\n|move|p2a: Tyranitar|Protect|p2a: Tyranitar\n|-singleturn|p2a: Tyranitar|Protect\n|move|p1a: Garchomp|Earthquake|p2b: Primarina|[spread] p2b\n|-activate|p2a: Tyranitar|move: Protect\n|-immune|p1b: Rotom|[from] ability: Levitate\n|-damage|p2b: Primarina|3/100\n|\n|-weather|Sandstorm|[upkeep]\n|-damage|p1b: Rotom|95/100|[from] Sandstorm\n|-damage|p2b: Primarina|0 fnt|[from] Sandstorm\n|faint|p2b: Primarina\n|upkeep\n|\n|t:|1775903826\n|switch|p2b: Corviknight|Corviknight, L50, M|100/100\n|turn|3\n|\n|t:|1775903853\n|move|p1a: Garchomp|Stomping Tantrum|p2a: Tyranitar\n|-supereffective|p2a: Tyranitar|1\n|-damage|p2a: Tyranitar|0 fnt\n|faint|p2a: Tyranitar\n|move|p1b: Rotom|Volt Switch|p2b: Corviknight\n|-supereffective|p2b: Corviknight|1\n|-damage|p2b: Corviknight|32/100\n|\n|t:|1775903861\n|switch|p1b: Floette|Floette-Eternal, L50, F|100/100|[from] Volt Switch\n|move|p2b: Corviknight|Tailwind|p2b: Corviknight\n|-sidestart|p2: kabauntie|move: Tailwind\n|\n|-weather|Sandstorm|[upkeep]\n|-damage|p1b: Floette|94/100|[from] Sandstorm\n|-heal|p2b: Corviknight|38/100|[from] item: Leftovers\n|upkeep\n|\n|t:|1775903871\n|switch|p2a: Excadrill|Excadrill, L50, F|100/100\n|turn|4\n|\n|t:|1775903880\n|move|p2a: Excadrill|Earthquake|p1b: Floette|[spread] p1a,p1b\n|-immune|p2b: Corviknight\n|-damage|p1a: Garchomp|42/100\n|-damage|p1b: Floette|34/100\n|move|p1a: Garchomp|Stomping Tantrum|p2a: Excadrill\n|-supereffective|p2a: Excadrill|1\n|-enditem|p2a: Excadrill|Focus Sash\n|-damage|p2a: Excadrill|1/100\n|move|p1b: Floette|Dazzling Gleam|p2b: Corviknight|[spread] p2a,p2b\n|-resisted|p2a: Excadrill|1\n|-resisted|p2b: Corviknight|1\n|-damage|p2a: Excadrill|0 fnt\n|-damage|p2b: Corviknight|21/100\n|faint|p2a: Excadrill\n|move|p2b: Corviknight|Roost|p2b: Corviknight\n|-heal|p2b: Corviknight|71/100\n|-singleturn|p2b: Corviknight|move: Roost\n|\n|-weather|Sandstorm|[upkeep]\n|-damage|p1b: Floette|28/100|[from] Sandstorm\n|-heal|p2b: Corviknight|77/100|[from] item: Leftovers\n|-sideend|p1: alee81846|move: Tailwind\n|upkeep\n|turn|5\n|\n|t:|1775903907\n|move|p2b: Corviknight|Brave Bird|p1a: Garchomp\n|-damage|p1a: Garchomp|0 fnt\n|-damage|p2b: Corviknight|65/100|[from] ability: Rough Skin|[of] p1a: Garchomp\n|faint|p1a: Garchomp\n|-damage|p2b: Corviknight|53/100|[from] Recoil\n|move|p1b: Floette|Moonblast|p2b: Corviknight\n|-resisted|p2b: Corviknight|1\n|-damage|p2b: Corviknight|26/100\n|\n|-weather|none\n|-heal|p2b: Corviknight|32/100|[from] item: Leftovers\n|upkeep\n|\n|t:|1775903916\n|switch|p1a: Rotom|Rotom-Wash, L50|95/100\n|turn|6\n|\n|t:|1775903928\n|detailschange|p1b: Floette|Floette-Mega, L50, F\n|-mega|p1b: Floette|Floette|Floettite\n|-ability|p1b: Floette|Fairy Aura\n|move|p2b: Corviknight|Brave Bird|p1b: Floette\n|-damage|p1b: Floette|0 fnt\n|faint|p1b: Floette\n|-damage|p2b: Corviknight|24/100|[from] Recoil\n|move|p1a: Rotom|Thunderbolt|p2b: Corviknight\n|-supereffective|p2b: Corviknight|1\n|-damage|p2b: Corviknight|0 fnt\n|faint|p2b: Corviknight\n|\n|win|alee81846\n|raw|alee81846's rating: 1045 &rarr; <strong>1082</strong><br />(+37 for winning)\n|raw|kabauntie's rating: 1080 &rarr; <strong>1056</strong><br />(-24 for losing)\n",
  "uploadtime": 1775903941,
  "views": 15,
  "formatid": "gen9championsvgc2026regma",
  "rating": 1056,
  "private": 0,
  "password": null
}