{
  "id": "gen9championsvgc2026regma-2585056232",
  "format": "[Gen 9 Champions] VGC 2026 Reg M-A",
  "players": [
    "Greningram",
    "LilMeowMeow45"
  ],
  "log": "|j|\u2606Greningram\n|j|\u2606LilMeowMeow45\n|t:|1776307342\n|gametype|doubles\n|player|p1|Greningram|lance|1082\n|player|p2|LilMeowMeow45|shauntal|1129\n|gen|9\n|tier|[Gen 9 Champions] VGC 2026 Reg M-A\n|rated|\n|rule|Species Clause: Limit one of each Pok\u00e9mon\n|rule|Item Clause: Limit 1 of each item\n|clearpoke\n|poke|p1|Scizor, L50, M|\n|poke|p1|Pelipper, L50, M|\n|poke|p1|Ninetales-Alola, L50, F|\n|poke|p1|Beartic, L50, F|\n|poke|p1|Basculegion, L50, M|\n|poke|p1|Meowstic, L50, M|\n|poke|p2|Delphox, L50, F|\n|poke|p2|Ninetales, L50, F|\n|poke|p2|Orthworm, L50, M|\n|poke|p2|Garchomp, L50, F|\n|poke|p2|Tsareena, L50, F|\n|poke|p2|Klefki, L50, M|\n|teampreview|4\nGreningram rejected open team sheets.\n|\n|t:|1776307386\n|teamsize|p1|4\n|teamsize|p2|4\n|start\n|switch|p1a: Scizor|Scizor, L50, M|100/100\n|switch|p1b: Pelipper|Pelipper, L50, M|100/100\n|switch|p2a: Bore Worm|Orthworm, L50, M, shiny|100/100\n|switch|p2b: Klefki|Klefki, L50, M, shiny|100/100\n|-weather|RainDance|[from] ability: Drizzle|[of] p1b: Pelipper\n|turn|1\n|\n|t:|1776307415\n|detailschange|p1a: Scizor|Scizor-Mega, L50, M\n|-mega|p1a: Scizor|Scizor|Scizorite\n|move|p2b: Klefki|Light Screen|p2b: Klefki\n|-sidestart|p2: LilMeowMeow45|move: Light Screen\n|move|p1a: Scizor|Swords Dance|p1a: Scizor\n|-boost|p1a: Scizor|atk|2\n|move|p1b: Pelipper|Tailwind|p1b: Pelipper\n|-sidestart|p1: Greningram|move: Tailwind\n|move|p2a: Bore Worm|Shed Tail|p2a: Bore Worm\n|-start|p2a: Bore Worm|Substitute|[from] move: Shed Tail\n|-damage|p2a: Bore Worm|50/100\n|-enditem|p2a: Bore Worm|Sitrus Berry|[eat]\n|-heal|p2a: Bore Worm|75/100|[from] item: Sitrus Berry\n|\n|t:|1776307425\n|switch|p2a: Reid Variant 06|Delphox, L50, F, shiny|100/100|[from] Shed Tail\n|\n|-weather|RainDance|[upkeep]\n|upkeep\n|turn|2\n|\n|t:|1776307451\n|switch|p1b: Meowstic|Meowstic, L50, M, shiny|100/100\n|detailschange|p2a: Reid Variant 06|Delphox-Mega, L50, F, shiny\n|-mega|p2a: Reid Variant 06|Delphox|Delphoxite\n|move|p2b: Klefki|Reflect|p2b: Klefki\n|-sidestart|p2: LilMeowMeow45|Reflect\n|move|p1a: Scizor|Dual Wingbeat|p2a: Reid Variant 06\n|-end|p2a: Reid Variant 06|Substitute\n|-damage|p2a: Reid Variant 06|50/100\n|-hitcount|p2a: Reid Variant 06|2\n|move|p2a: Reid Variant 06|Nasty Plot|p2a: Reid Variant 06\n|-boost|p2a: Reid Variant 06|spa|2\n|\n|-weather|RainDance|[upkeep]\n|upkeep\n|turn|3\n|\n|t:|1776307498\n|move|p2a: Reid Variant 06|Protect|p2a: Reid Variant 06\n|-singleturn|p2a: Reid Variant 06|Protect\n|move|p1b: Meowstic|Trick|p2b: Klefki\n|-activate|p1b: Meowstic|move: Trick|[of] p2b: Klefki\n|-item|p2b: Klefki|Choice Scarf|[from] move: Trick\n|-item|p1b: Meowstic|Focus Sash|[from] move: Trick\n|move|p2b: Klefki|Thunder Wave|p1a: Scizor\n|-status|p1a: Scizor|par\n|move|p1a: Scizor|Dual Wingbeat|p2a: Reid Variant 06\n|-activate|p2a: Reid Variant 06|move: Protect\n|\n|-weather|RainDance|[upkeep]\n|upkeep\n|turn|4\n|\n|t:|1776307524\n|switch|p2b: Midnight Sun|Ninetales, L50, F, shiny|100/100\n|-weather|SunnyDay|[from] ability: Drought|[of] p2b: Midnight Sun\n|move|p1b: Meowstic|Thunder Wave|p2a: Reid Variant 06\n|-status|p2a: Reid Variant 06|par\n|move|p1a: Scizor|Swords Dance|p1a: Scizor\n|-boost|p1a: Scizor|atk|2\n|move|p2a: Reid Variant 06|Heat Wave|p1a: Scizor|[spread] p1a,p1b\n|-supereffective|p1a: Scizor|2\n|-damage|p1a: Scizor|0 fnt\n|-enditem|p1b: Meowstic|Focus Sash\n|-damage|p1b: Meowstic|1/100\n|faint|p1a: Scizor\n|\n|-weather|SunnyDay|[upkeep]\n|-sideend|p1: Greningram|move: Tailwind\n|upkeep\n|\n|t:|1776307540\n|switch|p1a: Pelipper|Pelipper, L50, M|100/100\n|-weather|RainDance|[from] ability: Drizzle|[of] p1a: Pelipper\n|turn|5\n|\n|t:|1776307552\n|switch|p1b: Basculegion|Basculegion, L50, M|100/100\n|switch|p2b: Klefki|Klefki, L50, M, shiny|100/100\n|move|p2a: Reid Variant 06|Protect|p2a: Reid Variant 06\n|-singleturn|p2a: Reid Variant 06|Protect\n|move|p1a: Pelipper|Tailwind|p1a: Pelipper\n|-sidestart|p1: Greningram|move: Tailwind\n|\n|-weather|RainDance|[upkeep]\n|-sideend|p2: LilMeowMeow45|move: Light Screen\n|upkeep\n|turn|6\n|\n|t:|1776307600\n|switch|p2b: Midnight Sun|Ninetales, L50, F, shiny|100/100\n|-weather|SunnyDay|[from] ability: Drought|[of] p2b: Midnight Sun\n|move|p1b: Basculegion|Liquidation|p2b: Midnight Sun\n|-supereffective|p2b: Midnight Sun|1\n|-enditem|p2b: Midnight Sun|Passho Berry|[eat]\n|-enditem|p2b: Midnight Sun|Passho Berry|[weaken]\n|-damage|p2b: Midnight Sun|71/100\n|move|p1a: Pelipper|Weather Ball|p2b: Midnight Sun\n|-resisted|p2b: Midnight Sun|1\n|-damage|p2b: Midnight Sun|52/100\n|cant|p2a: Reid Variant 06|par\n|\n|-weather|SunnyDay|[upkeep]\n|-sideend|p2: LilMeowMeow45|Reflect\n|upkeep\n|turn|7\n|\n|t:|1776307629\n|move|p2a: Reid Variant 06|Protect|p2a: Reid Variant 06\n|-singleturn|p2a: Reid Variant 06|Protect\n|move|p1b: Basculegion|Last Respects|p2a: Reid Variant 06\n|-activate|p2a: Reid Variant 06|move: Protect\n|move|p1a: Pelipper|Hurricane|p2b: Midnight Sun|[miss]\n|-miss|p1a: Pelipper|p2b: Midnight Sun\n|move|p2b: Midnight Sun|Solar Beam||[still]\n|-prepare|p2b: Midnight Sun|Solar Beam\n|-anim|p2b: Midnight Sun|Solar Beam|p1b: Basculegion\n|-supereffective|p1b: Basculegion|1\n|-damage|p1b: Basculegion|28/100\n|\n|-weather|SunnyDay|[upkeep]\n|-heal|p1b: Basculegion|34/100|[from] item: Leftovers\n|upkeep\n|turn|8\n|\n|t:|1776307665\n|switch|p2b: Klefki|Klefki, L50, M, shiny|100/100\n|switch|p2a: Bore Worm|Orthworm, L50, M, shiny|75/100\n|move|p1b: Basculegion|Aqua Jet|p2b: Klefki\n|-crit|p2b: Klefki\n|-damage|p2b: Klefki|70/100\n|move|p1a: Pelipper|Hurricane|p2a: Bore Worm\n|-resisted|p2a: Bore Worm|1\n|-damage|p2a: Bore Worm|48/100\n|\n|-weather|SunnyDay|[upkeep]\n|-heal|p1b: Basculegion|40/100|[from] item: Leftovers\n|-sideend|p1: Greningram|move: Tailwind\n|upkeep\n|turn|9\n|\n|t:|1776307710\n|move|p2b: Klefki|Thunder Wave|p1a: Pelipper\n|-status|p1a: Pelipper|par\n|move|p1b: Basculegion|Aqua Jet|p2a: Bore Worm\n|-damage|p2a: Bore Worm|41/100\n|move|p2a: Bore Worm|Iron Head|p1b: Basculegion\n|-resisted|p1b: Basculegion|1\n|-crit|p1b: Basculegion\n|-damage|p1b: Basculegion|17/100\n|move|p1a: Pelipper|Weather Ball|p2a: Bore Worm\n|-supereffective|p2a: Bore Worm|1\n|-crit|p2a: Bore Worm\n|-damage|p2a: Bore Worm|0 fnt\n|faint|p2a: Bore Worm\n|\n|-weather|SunnyDay|[upkeep]\n|-heal|p1b: Basculegion|24/100|[from] item: Leftovers\n|upkeep\n|\n|t:|1776307726\n|switch|p2a: Reid Variant 06|Delphox-Mega, L50, F, shiny|50/100 par\n|turn|10\n|\n|t:|1776307737\n|move|p1b: Basculegion|Protect|p1b: Basculegion\n|-singleturn|p1b: Basculegion|Protect\n|move|p2a: Reid Variant 06|Protect|p2a: Reid Variant 06\n|-singleturn|p2a: Reid Variant 06|Protect\n|cant|p1a: Pelipper|par\n|move|p2b: Klefki|Thunder Wave|p1b: Basculegion\n|-activate|p1b: Basculegion|move: Protect\n|\n|-weather|none\n|-heal|p1b: Basculegion|30/100|[from] item: Leftovers\n|upkeep\n|turn|11\n|\n|t:|1776307760\n|switch|p2a: Midnight Sun|Ninetales, L50, F, shiny|52/100\n|-weather|SunnyDay|[from] ability: Drought|[of] p2a: Midnight Sun\n|switch|p1a: Meowstic|Meowstic, L50, M, shiny|1/100\n|move|p2b: Klefki|Thunder Wave|p1b: Basculegion\n|-status|p1b: Basculegion|par\n|move|p1b: Basculegion|Last Respects|p2a: Midnight Sun\n|-damage|p2a: Midnight Sun|0 fnt\n|faint|p2a: Midnight Sun\n|\n|-weather|SunnyDay|[upkeep]\n|-heal|p1b: Basculegion|36/100 par|[from] item: Leftovers\n|upkeep\n|\n|t:|1776307773\n|switch|p2a: Reid Variant 06|Delphox-Mega, L50, F, shiny|50/100 par\n|turn|12\n|\n|t:|1776307804\n|move|p1a: Meowstic|Fake Out|p2a: Reid Variant 06\n|-damage|p2a: Reid Variant 06|43/100 par\n|move|p2b: Klefki|Thunder Wave|p1a: Meowstic\n|-status|p1a: Meowstic|par\n|cant|p2a: Reid Variant 06|flinch\n|move|p1b: Basculegion|Last Respects|p2a: Reid Variant 06\n|-supereffective|p2a: Reid Variant 06|1\n|-damage|p2a: Reid Variant 06|0 fnt\n|faint|p2a: Reid Variant 06\n|\n|-weather|SunnyDay|[upkeep]\n|-heal|p1b: Basculegion|42/100 par|[from] item: Leftovers\n|upkeep\n|turn|13\n|-message|LilMeowMeow45 forfeited.\n|\n|win|Greningram\n|raw|Greningram's rating: 1082 &rarr; <strong>1113</strong><br />(+31 for winning)\n|raw|LilMeowMeow45's rating: 1129 &rarr; <strong>1101</strong><br />(-28 for losing)\n|l|\u2606LilMeowMeow45\n|player|p2|\n",
  "uploadtime": 1776307822,
  "views": 26,
  "formatid": "gen9championsvgc2026regma",
  "rating": 1101,
  "private": 0,
  "password": null
}