{
  "id": "gen9championsvgc2026regma-2585167758",
  "format": "[Gen 9 Champions] VGC 2026 Reg M-A",
  "players": [
    "hi_jpx",
    "Phillip Blevin"
  ],
  "log": "|j|\u2606hi_jpx\n|j|\u2606Phillip Blevin\n|t:|1776320216\n|gametype|doubles\n|player|p1|hi_jpx|psychic-gen4|1103\n|player|p2|Phillip Blevin|cynthia-masters4|1189\n|gen|9\n|tier|[Gen 9 Champions] VGC 2026 Reg M-A\n|rated|\n|rule|Species Clause: Limit one of each Pok\u00e9mon\n|rule|Item Clause: Limit 1 of each item\n|clearpoke\n|poke|p1|Archaludon, L50, F|\n|poke|p1|Pelipper, L50, M|\n|poke|p1|Basculegion, L50, M|\n|poke|p1|Dragonite, L50, M|\n|poke|p1|Sneasler, L50, M|\n|poke|p1|Incineroar, L50, F|\n|poke|p2|Ceruledge, L50, M|\n|poke|p2|Corviknight, L50, F|\n|poke|p2|Garchomp, L50, M|\n|poke|p2|Arcanine-Hisui, L50, M|\n|poke|p2|Froslass, L50, F|\n|poke|p2|Rotom-Wash, L50|\n|teampreview|4\n|inactive|Battle timer is ON: inactive players will automatically lose when time's up. (requested by Phillip Blevin)\nPhillip Blevin has agreed to open team sheets.\n|inactive|Phillip Blevin has 60 seconds left.\n|\n|t:|1776320247\n|teamsize|p1|4\n|teamsize|p2|4\n|start\n|switch|p1a: D10S|Pelipper, L50, M|100/100\n|switch|p1b: Barnie|Dragonite, L50, M, shiny|100/100\n|switch|p2a: Rotom|Rotom-Wash, L50|100/100\n|switch|p2b: Garchomp|Garchomp, L50, M|100/100\n|-weather|RainDance|[from] ability: Drizzle|[of] p1a: D10S\n|turn|1\n|\n|t:|1776320267\n|detailschange|p1b: Barnie|Dragonite-Mega, L50, M, shiny\n|-mega|p1b: Barnie|Dragonite|Dragoninite\n|move|p2a: Rotom|Volt Switch|p1a: D10S\n|-supereffective|p1a: D10S|2\n|-enditem|p1a: D10S|Focus Sash\n|-damage|p1a: D10S|1/100\n|\n|t:|1776320273\n|switch|p2a: Ceruledge|Ceruledge, L50, M|100/100|[from] Volt Switch\n|move|p2b: Garchomp|Rock Slide|p1b: Barnie|[spread] p1a,p1b\n|-supereffective|p1a: D10S|1\n|-supereffective|p1b: Barnie|1\n|-damage|p1a: D10S|0 fnt\n|-damage|p1b: Barnie|81/100\n|faint|p1a: D10S\n|move|p1b: Barnie|Dragon Pulse|p2b: Garchomp\n|-supereffective|p2b: Garchomp|1\n|-damage|p2b: Garchomp|0 fnt\n|faint|p2b: Garchomp\n|\n|-weather|RainDance|[upkeep]\n|upkeep\n|\n|t:|1776320289\n|switch|p2b: Froslass|Froslass, L50, F|100/100\n|switch|p1a: Bascule\u00f3n|Basculegion, L50, M|100/100\n|turn|2\n|\n|t:|1776320309\n|switch|p2a: Rotom|Rotom-Wash, L50|100/100\n|detailschange|p2b: Froslass|Froslass-Mega, L50, F\n|-mega|p2b: Froslass|Froslass|Froslassite\n|-weather|Snowscape|[from] ability: Snow Warning|[of] p2b: Froslass\n|move|p2b: Froslass|Protect|p2b: Froslass\n|-singleturn|p2b: Froslass|Protect\n|move|p1b: Barnie|Dragon Pulse|p2b: Froslass\n|-activate|p2b: Froslass|move: Protect\n|move|p1a: Bascule\u00f3n|Flip Turn|p2a: Rotom\n|-resisted|p2a: Rotom|1\n|-damage|p2a: Rotom|81/100\n|\n|t:|1776320324\n|switch|p1a: Tuasa|Sneasler, L50, M|100/100|[from] Flip Turn\n|\n|-weather|Snowscape|[upkeep]\n|upkeep\n|turn|3\n|\n|t:|1776320347\n|move|p1a: Tuasa|Fake Out|p2a: Rotom\n|-damage|p2a: Rotom|65/100\n|cant|p2a: Rotom|flinch\n|move|p2b: Froslass|Blizzard|p1a: Tuasa|[spread] p1a,p1b\n|-supereffective|p1b: Barnie|2\n|-damage|p1a: Tuasa|37/100\n|-damage|p1b: Barnie|0 fnt\n|faint|p1b: Barnie\n|\n|-weather|Snowscape|[upkeep]\n|upkeep\n|\n|t:|1776320351\n|switch|p1b: Bascule\u00f3n|Basculegion, L50, M|100/100\n|turn|4\n|\n|t:|1776320362\n|move|p2a: Rotom|Electroweb|p1a: Tuasa|[spread] p1a\n|-miss|p2a: Rotom|p1b: Bascule\u00f3n\n|-damage|p1a: Tuasa|14/100\n|-unboost|p1a: Tuasa|spe|1\n|-enditem|p1a: Tuasa|White Herb\n|-clearnegativeboost|p1a: Tuasa|[silent]\n|move|p1a: Tuasa|Dire Claw|p2a: Rotom\n|-damage|p2a: Rotom|18/100\n|move|p2b: Froslass|Blizzard|p1b: Bascule\u00f3n|[spread] p1a,p1b\n|-resisted|p1b: Bascule\u00f3n|1\n|-damage|p1a: Tuasa|0 fnt\n|-damage|p1b: Bascule\u00f3n|76/100\n|faint|p1a: Tuasa\n|move|p1b: Bascule\u00f3n|Last Respects|p2b: Froslass\n|-supereffective|p2b: Froslass|1\n|-damage|p2b: Froslass|0 fnt\n|faint|p2b: Froslass\n|\n|-weather|Snowscape|[upkeep]\n|upkeep\n|\n|t:|1776320378\n|switch|p2b: Ceruledge|Ceruledge, L50, M|100/100\n|turn|5\n|inactive|hi_jpx has 30 seconds left.\n|\n|t:|1776320403\n|move|p2b: Ceruledge|Shadow Sneak|p1b: Bascule\u00f3n\n|-supereffective|p1b: Bascule\u00f3n|1\n|-damage|p1b: Bascule\u00f3n|12/100\n|move|p1b: Bascule\u00f3n|Aqua Jet|p2a: Rotom\n|-resisted|p2a: Rotom|1\n|-damage|p2a: Rotom|4/100\n|move|p2a: Rotom|Electroweb|p1b: Bascule\u00f3n\n|-supereffective|p1b: Bascule\u00f3n|1\n|-damage|p1b: Bascule\u00f3n|0 fnt\n|faint|p1b: Bascule\u00f3n\n|\n|win|Phillip Blevin\n|raw|hi_jpx's rating: 1103 &rarr; <strong>1084</strong><br />(-19 for losing)\n|raw|Phillip Blevin's rating: 1189 &rarr; <strong>1208</strong><br />(+19 for winning)\n",
  "uploadtime": 1776320403,
  "views": 21,
  "formatid": "gen9championsvgc2026regma",
  "rating": 1084,
  "private": 0,
  "password": null
}