{
  "id": "gen9championsvgc2026regma-2585252075",
  "format": "[Gen 9 Champions] VGC 2026 Reg M-A",
  "players": [
    "Omega Gio",
    "Mameon"
  ],
  "log": "|j|\u2606Omega Gio\n|j|\u2606Mameon\n|t:|1776330165\n|gametype|doubles\n|player|p1|Omega Gio|steven|1307\n|player|p2|Mameon|2|1249\n|gen|9\n|tier|[Gen 9 Champions] VGC 2026 Reg M-A\n|rated|\n|rule|Species Clause: Limit one of each Pok\u00e9mon\n|rule|Item Clause: Limit 1 of each item\n|clearpoke\n|poke|p1|Charizard, L50, M|\n|poke|p1|Garchomp, L50, M|\n|poke|p1|Whimsicott, L50, F|\n|poke|p1|Incineroar, L50, M|\n|poke|p1|Kingambit, L50, F|\n|poke|p1|Corviknight, L50, F|\n|poke|p2|Charizard, L50, M|\n|poke|p2|Kingambit, L50, F|\n|poke|p2|Incineroar, L50, F|\n|poke|p2|Aerodactyl, L50, F|\n|poke|p2|Floette-Eternal, L50, F|\n|poke|p2|Sneasler, L50, F|\n|teampreview|4\n|\n|t:|1776330204\n|teamsize|p1|4\n|teamsize|p2|4\n|start\n|switch|p1a: Charizard|Charizard, L50, M, shiny|100/100\n|switch|p1b: Garchomp|Garchomp, L50, M|100/100\n|switch|p2a: Charizard|Charizard, L50, M|100/100\n|switch|p2b: Incineroar|Incineroar, L50, F|100/100\n|-ability|p2b: Incineroar|Intimidate|boost\n|-unboost|p1a: Charizard|atk|1\n|-unboost|p1b: Garchomp|atk|1\n|turn|1\n|\n|t:|1776330231\n|detailschange|p1a: Charizard|Charizard-Mega-Y, L50, M, shiny\n|-mega|p1a: Charizard|Charizard|Charizardite Y\n|-weather|SunnyDay|[from] ability: Drought|[of] p1a: Charizard\n|detailschange|p2a: Charizard|Charizard-Mega-Y, L50, M\n|-mega|p2a: Charizard|Charizard|Charizardite Y\n|move|p2b: Incineroar|Fake Out|p1b: Garchomp\n|-damage|p1b: Garchomp|91/100\n|-damage|p2b: Incineroar|88/100|[from] ability: Rough Skin|[of] p1b: Garchomp\n|cant|p1b: Garchomp|flinch\n|move|p1a: Charizard|Weather Ball|p2a: Charizard\n|-resisted|p2a: Charizard|1\n|-damage|p2a: Charizard|55/100\n|move|p2a: Charizard|Heat Wave|p1b: Garchomp|[spread] p1a,p1b\n|-resisted|p1a: Charizard|1\n|-resisted|p1b: Garchomp|1\n|-damage|p1a: Charizard|64/100\n|-damage|p1b: Garchomp|56/100\n|\n|-weather|SunnyDay|[upkeep]\n|upkeep\n|turn|2\n|\n|t:|1776330255\n|move|p2a: Charizard|Protect|p2a: Charizard\n|-singleturn|p2a: Charizard|Protect\n|move|p1b: Garchomp|Stomping Tantrum|p2b: Incineroar\n|-supereffective|p2b: Incineroar|1\n|-enditem|p2b: Incineroar|Shuca Berry|[eat]\n|-enditem|p2b: Incineroar|Shuca Berry|[weaken]\n|-damage|p2b: Incineroar|35/100\n|move|p1a: Charizard|Heat Wave|p2b: Incineroar|[spread] \n|-activate|p2a: Charizard|move: Protect\n|-miss|p1a: Charizard|p2b: Incineroar\n|move|p2b: Incineroar|Parting Shot|p1b: Garchomp\n|-unboost|p1b: Garchomp|atk|1\n|-unboost|p1b: Garchomp|spa|1\n|\n|t:|1776330273\n|switch|p2b: Aerodactyl|Aerodactyl, L50, F|100/100|[from] Parting Shot\n|-ability|p2b: Aerodactyl|Unnerve\n|\n|-weather|SunnyDay|[upkeep]\n|upkeep\n|turn|3\n|\n|t:|1776330288\n|switch|p1b: Corviknight|Corviknight, L50, F|100/100\n|switch|p2a: Incineroar|Incineroar, L50, F|35/100\n|-ability|p2a: Incineroar|Intimidate|boost\n|-unboost|p1a: Charizard|atk|1\n|-ability|p1b: Corviknight|Mirror Armor\n|-unboost|p2a: Incineroar|atk|1\n|move|p1a: Charizard|Protect|p1a: Charizard\n|-singleturn|p1a: Charizard|Protect\n|move|p2b: Aerodactyl|Rock Slide|p1a: Charizard|[spread] \n|-activate|p1a: Charizard|move: Protect\n|-miss|p2b: Aerodactyl|p1b: Corviknight\n|\n|-weather|SunnyDay|[upkeep]\n|upkeep\n|turn|4\n|\n|t:|1776330315\n|switch|p1a: Garchomp|Garchomp, L50, M|56/100\n|move|p2b: Aerodactyl|Tailwind|p2b: Aerodactyl\n|-sidestart|p2: Mameon|move: Tailwind\n|move|p2a: Incineroar|Flare Blitz|p1b: Corviknight\n|-supereffective|p1b: Corviknight|1\n|-damage|p1b: Corviknight|25/100\n|-damage|p2a: Incineroar|11/100|[from] Recoil\n|move|p1b: Corviknight|Body Press|p2b: Aerodactyl\n|-damage|p2b: Aerodactyl|64/100\n|\n|-weather|SunnyDay|[upkeep]\n|-heal|p1b: Corviknight|32/100|[from] item: Leftovers\n|upkeep\n|turn|5\n|\n|t:|1776330339\n|move|p2b: Aerodactyl|Rock Slide|p1b: Corviknight|[spread] p1a,p1b\n|-resisted|p1a: Garchomp|1\n|-damage|p1a: Garchomp|45/100\n|-damage|p1b: Corviknight|14/100\n|move|p1a: Garchomp|Iron Head|p2b: Aerodactyl\n|-supereffective|p2b: Aerodactyl|1\n|-damage|p2b: Aerodactyl|0 fnt\n|faint|p2b: Aerodactyl\n|move|p2a: Incineroar|Flare Blitz|p1b: Corviknight\n|-supereffective|p1b: Corviknight|1\n|-damage|p1b: Corviknight|0 fnt\n|faint|p1b: Corviknight\n|-damage|p2a: Incineroar|6/100|[from] Recoil\n|\n|-weather|none\n|upkeep\n|\n|t:|1776330354\n|switch|p2b: Charizard|Charizard-Mega-Y, L50, M|55/100\n|switch|p1b: Whimsicott|Whimsicott, L50, F|100/100\n|-weather|SunnyDay|[from] ability: Drought|[of] p2b: Charizard\n|turn|6\n|\n|t:|1776330366\n|move|p1b: Whimsicott|Tailwind|p1b: Whimsicott\n|-sidestart|p1: Omega Gio|move: Tailwind\n|move|p1a: Garchomp|Iron Head|p2a: Incineroar\n|-resisted|p2a: Incineroar|1\n|-damage|p2a: Incineroar|0 fnt\n|faint|p2a: Incineroar\n|move|p2b: Charizard|Heat Wave|p1b: Whimsicott|[spread] p1a,p1b\n|-resisted|p1a: Garchomp|1\n|-supereffective|p1b: Whimsicott|1\n|-damage|p1a: Garchomp|7/100\n|-enditem|p1b: Whimsicott|Focus Sash\n|-damage|p1b: Whimsicott|1/100\n|\n|-weather|SunnyDay|[upkeep]\n|upkeep\n|\n|t:|1776330379\n|switch|p2a: Sneasler|Sneasler, L50, F|100/100\n|turn|7\n|\n|t:|1776330390\n|move|p1b: Whimsicott|Protect|p1b: Whimsicott\n|-singleturn|p1b: Whimsicott|Protect\n|move|p2a: Sneasler|Fake Out|p1a: Garchomp\n|-damage|p1a: Garchomp|0 fnt\n|-damage|p2a: Sneasler|88/100|[from] ability: Rough Skin|[of] p1a: Garchomp\n|faint|p1a: Garchomp\n|move|p2b: Charizard|Weather Ball|p1b: Whimsicott\n|-activate|p1b: Whimsicott|move: Protect\n|\n|-weather|SunnyDay|[upkeep]\n|-sideend|p2: Mameon|move: Tailwind\n|upkeep\n|\n|t:|1776330398\n|switch|p1a: Charizard|Charizard-Mega-Y, L50, M, shiny|64/100\n|turn|8\n|\n|t:|1776330416\n|move|p1b: Whimsicott|Moonblast|p2b: Charizard\n|-resisted|p2b: Charizard|1\n|-damage|p2b: Charizard|38/100\n|move|p1a: Charizard|Heat Wave|p2b: Charizard|[spread] p2b\n|-miss|p1a: Charizard|p2a: Sneasler\n|-resisted|p2b: Charizard|1\n|-crit|p2b: Charizard\n|-damage|p2b: Charizard|0 fnt\n|faint|p2b: Charizard\n|move|p2a: Sneasler|Dire Claw|p1a: Charizard\n|-damage|p1a: Charizard|8/100\n|\n|-weather|SunnyDay|[upkeep]\n|upkeep\n|turn|9\n|\n|t:|1776330431\n|move|p2a: Sneasler|Protect|p2a: Sneasler\n|-singleturn|p2a: Sneasler|Protect\n|move|p1b: Whimsicott|Moonblast|p2a: Sneasler\n|-activate|p2a: Sneasler|move: Protect\n|move|p1a: Charizard|Weather Ball|p2a: Sneasler\n|-activate|p2a: Sneasler|move: Protect\n|\n|-weather|SunnyDay|[upkeep]\n|-sideend|p1: Omega Gio|move: Tailwind\n|upkeep\n|turn|10\n|\n|t:|1776330443\n|move|p1b: Whimsicott|Tailwind|p1b: Whimsicott\n|-sidestart|p1: Omega Gio|move: Tailwind\n|move|p1a: Charizard|Weather Ball|p2a: Sneasler\n|-damage|p2a: Sneasler|0 fnt\n|faint|p2a: Sneasler\n|\n|win|Omega Gio\n|raw|Omega Gio's rating: 1307 &rarr; <strong>1324</strong><br />(+17 for winning)\n|raw|Mameon's rating: 1249 &rarr; <strong>1228</strong><br />(-21 for losing)\n|l|\u2606Omega Gio\n|player|p1|\n",
  "uploadtime": 1776330446,
  "views": 41,
  "formatid": "gen9championsvgc2026regma",
  "rating": 1228,
  "private": 0,
  "password": null
}