{
  "id": "gen9championsvgc2026regma-2587144583",
  "format": "[Gen 9 Champions] VGC 2026 Reg M-A",
  "players": [
    "Nanndemoiidesu",
    "MilkTeaWayGalaxy"
  ],
  "log": "|j|\u2606Nanndemoiidesu\n|j|\u2606MilkTeaWayGalaxy\n|t:|1776499927\n|gametype|doubles\n|player|p1|Nanndemoiidesu|twins-gen4dp|1467\n|player|p2|MilkTeaWayGalaxy|rosa-pokestar3|1424\n|gen|9\n|tier|[Gen 9 Champions] VGC 2026 Reg M-A\n|rated|\n|rule|Species Clause: Limit one of each Pok\u00e9mon\n|rule|Item Clause: Limit 1 of each item\n|clearpoke\n|poke|p1|Incineroar, L50, M|\n|poke|p1|Venusaur, L50, F|\n|poke|p1|Charizard, L50, F|\n|poke|p1|Kommo-o, L50, F|\n|poke|p1|Scizor, L50, M|\n|poke|p1|Basculegion, L50, M|\n|poke|p2|Milotic, L50, M|\n|poke|p2|Froslass, L50, F|\n|poke|p2|Sneasler, L50, F|\n|poke|p2|Gyarados, L50, M|\n|poke|p2|Incineroar, L50, M|\n|poke|p2|Sinistcha, L50|\n|teampreview|4\n|inactive|Battle timer is ON: inactive players will automatically lose when time's up. (requested by Nanndemoiidesu)\n|inactive|Nanndemoiidesu has 60 seconds left.\n|inactive|MilkTeaWayGalaxy has 60 seconds left.\n|\n|t:|1776499978\n|teamsize|p1|4\n|teamsize|p2|4\n|start\n|switch|p1a: Venusaur|Venusaur, L50, F|100/100\n|switch|p1b: Charizard|Charizard, L50, F|100/100\n|switch|p2a: Gyarados|Gyarados, L50, M|100/100\n|switch|p2b: Incineroar|Incineroar, L50, M|100/100\n|-ability|p2a: Gyarados|Intimidate|boost\n|-unboost|p1a: Venusaur|atk|1\n|-unboost|p1b: Charizard|atk|1\n|-ability|p2b: Incineroar|Intimidate|boost\n|-unboost|p1a: Venusaur|atk|1\n|-unboost|p1b: Charizard|atk|1\n|turn|1\n|inactive|Nanndemoiidesu has 30 seconds left.\n|inactive|MilkTeaWayGalaxy has 30 seconds left.\n|inactive|Nanndemoiidesu has 20 seconds left.\n|inactive|Nanndemoiidesu has 15 seconds left.\n|\n|t:|1776500022\n|move|p1b: Charizard|Protect|p1b: Charizard\n|-singleturn|p1b: Charizard|Protect\n|move|p1a: Venusaur|Leaf Storm|p2a: Gyarados\n|-damage|p2a: Gyarados|50/100\n|-unboost|p1a: Venusaur|spa|2\n|move|p2a: Gyarados|Dragon Dance|p2a: Gyarados\n|-boost|p2a: Gyarados|atk|1\n|-boost|p2a: Gyarados|spe|1\n|move|p2b: Incineroar|Flare Blitz|p1a: Venusaur\n|-supereffective|p1a: Venusaur|1\n|-damage|p1a: Venusaur|0 fnt\n|faint|p1a: Venusaur\n|-damage|p2b: Incineroar|72/100|[from] Recoil\n|\n|upkeep\n|\n|t:|1776500037\n|switch|p1a: Incineroar|Incineroar, L50, M|100/100\n|-ability|p1a: Incineroar|Intimidate|boost\n|-unboost|p2a: Gyarados|atk|1\n|-unboost|p2b: Incineroar|atk|1\n|turn|2\n|\n|t:|1776500050\n|switch|p2b: Froslass|Froslass, L50, F|100/100\n|move|p2a: Gyarados|Protect|p2a: Gyarados\n|-singleturn|p2a: Gyarados|Protect\n|move|p1b: Charizard|Air Slash|p2b: Froslass\n|-damage|p2b: Froslass|40/100\n|move|p1a: Incineroar|Will-O-Wisp|p2a: Gyarados\n|-activate|p2a: Gyarados|move: Protect\n|\n|upkeep\n|turn|3\n|inactive|Nanndemoiidesu has 30 seconds left.\n|inactive|MilkTeaWayGalaxy has 30 seconds left.\n|\n|t:|1776500082\n|switch|p2b: Milotic|Milotic, L50, M|100/100\n|detailschange|p1b: Charizard|Charizard-Mega-Y, L50, F\n|-mega|p1b: Charizard|Charizard|Charizardite Y\n|-weather|SunnyDay|[from] ability: Drought|[of] p1b: Charizard\n|move|p2a: Gyarados|Waterfall|p1a: Incineroar\n|-supereffective|p1a: Incineroar|1\n|-enditem|p1a: Incineroar|Passho Berry|[eat]\n|-enditem|p1a: Incineroar|Passho Berry|[weaken]\n|-damage|p1a: Incineroar|85/100\n|move|p1b: Charizard|Air Slash|p2a: Gyarados\n|-damage|p2a: Gyarados|3/100\n|move|p1a: Incineroar|Parting Shot|p2b: Milotic\n|-unboost|p2b: Milotic|atk|1\n|-ability|p2b: Milotic|Competitive|boost\n|-boost|p2b: Milotic|spa|2\n|-unboost|p2b: Milotic|spa|1\n|-ability|p2b: Milotic|Competitive|boost\n|-boost|p2b: Milotic|spa|2\n|inactive|Nanndemoiidesu has 30 seconds left.\n|\n|t:|1776500108\n|switch|p1a: Basculegion|Basculegion, L50, M|100/100|[from] Parting Shot\n|\n|-weather|SunnyDay|[upkeep]\n|upkeep\n|turn|4\n|j| Shukusai Utahime\n|\n|t:|1776500122\n|move|p1b: Charizard|Protect|p1b: Charizard\n|-singleturn|p1b: Charizard|Protect\n|move|p2b: Milotic|Protect|p2b: Milotic\n|-singleturn|p2b: Milotic|Protect\n|move|p1a: Basculegion|Aqua Jet|p2a: Gyarados\n|-resisted|p2a: Gyarados|1\n|-damage|p2a: Gyarados|0 fnt\n|faint|p2a: Gyarados\n|\n|-weather|SunnyDay|[upkeep]\n|upkeep\n|\n|t:|1776500128\n|switch|p2a: Froslass|Froslass, L50, F|40/100\n|turn|5\n|\n|t:|1776500143\n|switch|p1a: Incineroar|Incineroar, L50, M|85/100\n|-ability|p1a: Incineroar|Intimidate|boost\n|-unboost|p2a: Froslass|atk|1\n|-unboost|p2b: Milotic|atk|1\n|-ability|p2b: Milotic|Competitive|boost\n|-boost|p2b: Milotic|spa|2\n|detailschange|p2a: Froslass|Froslass-Mega, L50, F\n|-mega|p2a: Froslass|Froslass|Froslassite\n|-weather|Snowscape|[from] ability: Snow Warning|[of] p2a: Froslass\n|move|p2a: Froslass|Aurora Veil|p2a: Froslass\n|-sidestart|p2: MilkTeaWayGalaxy|move: Aurora Veil\n|move|p1b: Charizard|Heat Wave|p2b: Milotic|[spread] p2b\n|-miss|p1b: Charizard|p2a: Froslass\n|-resisted|p2b: Milotic|1\n|-damage|p2b: Milotic|91/100\n|move|p2b: Milotic|Scald|p1b: Charizard\n|-supereffective|p1b: Charizard|1\n|-damage|p1b: Charizard|0 fnt\n|faint|p1b: Charizard\n|\n|-weather|Snowscape|[upkeep]\n|upkeep\n|\n|t:|1776500146\n|switch|p1b: Basculegion|Basculegion, L50, M|100/100\n|turn|6\n|\n|t:|1776500161\n|switch|p2a: Incineroar|Incineroar, L50, M|72/100\n|-ability|p2a: Incineroar|Intimidate|boost\n|-unboost|p1a: Incineroar|atk|1\n|-unboost|p1b: Basculegion|atk|1\n|move|p2b: Milotic|Protect|p2b: Milotic\n|-singleturn|p2b: Milotic|Protect\n|move|p1a: Incineroar|Fake Out|p2b: Milotic\n|-activate|p2b: Milotic|move: Protect\n|move|p1b: Basculegion|Last Respects|p2b: Milotic\n|-activate|p2b: Milotic|move: Protect\n|\n|-weather|Snowscape|[upkeep]\n|upkeep\n|turn|7\n|\n|t:|1776500177\n|move|p1b: Basculegion|Last Respects|p2b: Milotic\n|-damage|p2b: Milotic|63/100\n|move|p2b: Milotic|Scald|p1a: Incineroar\n|-supereffective|p1a: Incineroar|1\n|-damage|p1a: Incineroar|0 fnt\n|faint|p1a: Incineroar\n|move|p2a: Incineroar|Darkest Lariat|p1b: Basculegion\n|-supereffective|p1b: Basculegion|1\n|-damage|p1b: Basculegion|11/100\n|\n|-weather|Snowscape|[upkeep]\n|upkeep\n|turn|8\n|\n|t:|1776500185\n|move|p1b: Basculegion|Last Respects|p2a: Incineroar\n|-resisted|p2a: Incineroar|1\n|-damage|p2a: Incineroar|52/100\n|move|p2b: Milotic|Scald|p1b: Basculegion\n|-resisted|p1b: Basculegion|1\n|-damage|p1b: Basculegion|0 fnt\n|faint|p1b: Basculegion\n|\n|win|MilkTeaWayGalaxy\n|raw|Nanndemoiidesu's rating: 1467 &rarr; <strong>1445</strong><br />(-22 for losing)\n|raw|MilkTeaWayGalaxy's rating: 1424 &rarr; <strong>1446</strong><br />(+22 for winning)\n",
  "uploadtime": 1776500202,
  "views": 35,
  "formatid": "gen9championsvgc2026regma",
  "rating": 1445,
  "private": 0,
  "password": null
}