{
  "id": "gen9championsvgc2026regma-2588447518",
  "format": "[Gen 9 Champions] VGC 2026 Reg M-A",
  "players": [
    "Sic-beatz",
    "ianso"
  ],
  "log": "|j|\u2606Sic-beatz\n|j|\u2606ianso\n|t:|1776634361\n|gametype|doubles\n|player|p1|Sic-beatz|1|1436\n|player|p2|ianso|red|1518\n|gen|9\n|tier|[Gen 9 Champions] VGC 2026 Reg M-A\n|rated|\n|rule|Species Clause: Limit one of each Pok\u00e9mon\n|rule|Item Clause: Limit 1 of each item\n|clearpoke\n|poke|p1|Starmie, L50, shiny|\n|poke|p1|Archaludon, L50, F, shiny|\n|poke|p1|Aerodactyl, L50, M, shiny|\n|poke|p1|Pelipper, L50, F, shiny|\n|poke|p1|Garchomp, L50, F, shiny|\n|poke|p1|Sinistcha, L50, shiny|\n|poke|p2|Floette-Eternal, L50, F|\n|poke|p2|Garchomp, L50, M|\n|poke|p2|Kingambit, L50, F|\n|poke|p2|Basculegion, L50, M|\n|poke|p2|Sneasler, L50, M|\n|poke|p2|Froslass, L50, F|\n|teampreview|4\n|inactive|Battle timer is ON: inactive players will automatically lose when time's up. (requested by ianso)\n|inactive|Sic-beatz has 60 seconds left.\n|inactive|ianso has 60 seconds left.\n|\n|t:|1776634404\n|teamsize|p1|4\n|teamsize|p2|4\n|start\n|switch|p1a: Garchomp|Garchomp, L50, F, shiny|100/100\n|switch|p1b: Aerodactyl|Aerodactyl, L50, M, shiny|100/100\n|switch|p2a: Floette|Floette-Eternal, L50, F|100/100\n|switch|p2b: Garchomp|Garchomp, L50, M|100/100\n|turn|1\n|\n|t:|1776634422\n|detailschange|p1b: Aerodactyl|Aerodactyl-Mega, L50, M, shiny\n|-mega|p1b: Aerodactyl|Aerodactyl|Aerodactylite\n|detailschange|p2a: Floette|Floette-Mega, L50, F\n|-mega|p2a: Floette|Floette|Floettite\n|-ability|p2a: Floette|Fairy Aura\n|move|p1a: Garchomp|Earthquake|p2a: Floette|[spread] p2a,p2b\n|-immune|p1b: Aerodactyl\n|-damage|p2a: Floette|47/100\n|-damage|p2b: Garchomp|62/100\n|move|p1b: Aerodactyl|Rock Slide|p2a: Floette|[spread] p2a,p2b\n|-resisted|p2b: Garchomp|1\n|-damage|p2a: Floette|10/100\n|-damage|p2b: Garchomp|50/100\n|cant|p2a: Floette|flinch\n|move|p2b: Garchomp|Rock Slide|p1a: Garchomp|[spread] p1a,p1b\n|-resisted|p1a: Garchomp|1\n|-supereffective|p1b: Aerodactyl|1\n|-damage|p1a: Garchomp|92/100\n|-damage|p1b: Aerodactyl|56/100\n|\n|upkeep\n|turn|2\n|inactive|ianso has 30 seconds left.\n|\n|t:|1776634450\n|move|p2a: Floette|Protect|p2a: Floette\n|-singleturn|p2a: Floette|Protect\n|move|p1a: Garchomp|Earthquake|p2b: Garchomp|[spread] p2b\n|-activate|p2a: Floette|move: Protect\n|-immune|p1b: Aerodactyl\n|-damage|p2b: Garchomp|15/100\n|move|p1b: Aerodactyl|Rock Slide|p2b: Garchomp|[spread] p2b\n|-activate|p2a: Floette|move: Protect\n|-resisted|p2b: Garchomp|1\n|-damage|p2b: Garchomp|2/100\n|move|p2b: Garchomp|Dragon Claw|p1a: Garchomp\n|-supereffective|p1a: Garchomp|1\n|-damage|p1a: Garchomp|7/100\n|-damage|p2b: Garchomp|0 fnt|[from] ability: Rough Skin|[of] p1a: Garchomp\n|faint|p2b: Garchomp\n|\n|upkeep\n|\n|t:|1776634468\n|switch|p2b: Sneasler|Sneasler, L50, M|100/100\n|turn|3\n|\n|t:|1776634477\n|switch|p2a: Basculegion|Basculegion, L50, M|100/100\n|move|p2b: Sneasler|Fake Out|p1a: Garchomp\n|-damage|p1a: Garchomp|0 fnt\n|-damage|p2b: Sneasler|88/100|[from] ability: Rough Skin|[of] p1a: Garchomp\n|faint|p1a: Garchomp\n|move|p1b: Aerodactyl|Dual Wingbeat|p2a: Basculegion\n|-damage|p2a: Basculegion|72/100\n|-damage|p2a: Basculegion|41/100\n|-enditem|p2a: Basculegion|Sitrus Berry|[eat]\n|-heal|p2a: Basculegion|66/100|[from] item: Sitrus Berry\n|-hitcount|p2a: Basculegion|2\n|\n|upkeep\n|\n|t:|1776634491\n|switch|p1a: Archaludon|Archaludon, L50, F, shiny|100/100\n|turn|4\n|\n|t:|1776634506\n|move|p1a: Archaludon|Protect|p1a: Archaludon\n|-singleturn|p1a: Archaludon|Protect\n|move|p2a: Basculegion|Aqua Jet|p1b: Aerodactyl\n|-supereffective|p1b: Aerodactyl|1\n|-damage|p1b: Aerodactyl|0 fnt\n|faint|p1b: Aerodactyl\n|move|p2b: Sneasler|Close Combat|p1a: Archaludon\n|-activate|p1a: Archaludon|move: Protect\n|\n|upkeep\n|\n|t:|1776634516\n|switch|p1b: Pelipper|Pelipper, L50, F, shiny|100/100\n|-weather|RainDance|[from] ability: Drizzle|[of] p1b: Pelipper\n|turn|5\n|\n|t:|1776634527\n|move|p2b: Sneasler|Dire Claw|p1b: Pelipper\n|-crit|p1b: Pelipper\n|-damage|p1b: Pelipper|18/100\n|-status|p1b: Pelipper|psn|[from] ability: Poison Touch|[of] p2b: Sneasler\n|move|p1a: Archaludon|Electro Shot||[still]\n|-prepare|p1a: Archaludon|Electro Shot\n|-boost|p1a: Archaludon|spa|1\n|-anim|p1a: Archaludon|Electro Shot|p2b: Sneasler\n|-damage|p2b: Sneasler|8/100\n|move|p2a: Basculegion|Last Respects|p1b: Pelipper\n|-damage|p1b: Pelipper|0 fnt\n|faint|p1b: Pelipper\n|\n|-weather|RainDance|[upkeep]\n|upkeep\n|turn|6\n|\n|t:|1776634548\n|move|p2b: Sneasler|Close Combat|p1a: Archaludon\n|-supereffective|p1a: Archaludon|1\n|-damage|p1a: Archaludon|7/100\n|-unboost|p2b: Sneasler|def|1\n|-unboost|p2b: Sneasler|spd|1\n|-ability|p1a: Archaludon|Stamina|boost\n|-boost|p1a: Archaludon|def|1\n|move|p1a: Archaludon|Electro Shot||[still]\n|-prepare|p1a: Archaludon|Electro Shot\n|-boost|p1a: Archaludon|spa|1\n|-anim|p1a: Archaludon|Electro Shot|p2b: Sneasler\n|-damage|p2b: Sneasler|0 fnt\n|faint|p2b: Sneasler\n|move|p2a: Basculegion|Wave Crash|p1a: Archaludon\n|-resisted|p1a: Archaludon|1\n|-damage|p1a: Archaludon|0 fnt\n|faint|p1a: Archaludon\n|-damage|p2a: Basculegion|64/100|[from] Recoil\n|\n|win|ianso\n|raw|Sic-beatz's rating: 1436 &rarr; <strong>1421</strong><br />(-15 for losing)\n|raw|ianso's rating: 1518 &rarr; <strong>1533</strong><br />(+15 for winning)\n|l|\u2606Sic-beatz\n|player|p1|\n|l|\u2606ianso\n|player|p2|\n",
  "uploadtime": 1776636081,
  "views": 11,
  "formatid": "gen9championsvgc2026regma",
  "rating": 1421,
  "private": 0,
  "password": null
}