{
  "id": "gen9championsvgc2026regma-2581007443",
  "format": "[Gen 9 Champions] VGC 2026 Reg M-A",
  "players": [
    "amongdripgoku",
    "Elemelons97"
  ],
  "log": "|j|\u2606amongdripgoku\n|j|\u2606Elemelons97\n|t:|1775951156\n|gametype|doubles\n|player|p1|amongdripgoku|1|1049\n|player|p2|Elemelons97|veteran|1011\n|gen|9\n|tier|[Gen 9 Champions] VGC 2026 Reg M-A\n|rated|\n|rule|Species Clause: Limit one of each Pok\u00e9mon\n|rule|Item Clause: Limit 1 of each item\n|clearpoke\n|poke|p1|Pelipper, L50, F|\n|poke|p1|Gengar, L50, F|\n|poke|p1|Greninja-*, L50, M|\n|poke|p1|Basculegion, L50, M|\n|poke|p1|Archaludon, L50, F|\n|poke|p1|Whimsicott, L50, F|\n|poke|p2|Charizard, L50, M|\n|poke|p2|Venusaur, L50, F|\n|poke|p2|Garchomp, L50, F|\n|poke|p2|Rotom-Wash, L50|\n|poke|p2|Sneasler, L50, F|\n|poke|p2|Incineroar, L50, F|\n|teampreview|4\n|inactive|Battle timer is ON: inactive players will automatically lose when time's up. (requested by Elemelons97)\n|inactive|amongdripgoku has 60 seconds left.\n|\n|t:|1775951195\n|teamsize|p1|4\n|teamsize|p2|4\n|start\n|switch|p1a: Pelipper|Pelipper, L50, F|100/100\n|switch|p1b: Greninja|Greninja, L50, M|100/100\n|switch|p2a: Charizard|Charizard, L50, M|100/100\n|switch|p2b: Venusaur|Venusaur, L50, F|100/100\n|-weather|RainDance|[from] ability: Drizzle|[of] p1a: Pelipper\n|turn|1\n|inactive|Elemelons97 has 30 seconds left.\n|\n|t:|1775951222\n|switch|p1b: Archaludon|Archaludon, L50, F|100/100\n|detailschange|p2a: Charizard|Charizard-Mega-Y, L50, M\n|-mega|p2a: Charizard|Charizard|Charizardite Y\n|-weather|SunnyDay|[from] ability: Drought|[of] p2a: Charizard\n|move|p2b: Venusaur|Sleep Powder|p1a: Pelipper\n|-status|p1a: Pelipper|slp|[from] move: Sleep Powder\n|move|p2a: Charizard|Solar Beam||[still]\n|-prepare|p2a: Charizard|Solar Beam\n|-anim|p2a: Charizard|Solar Beam|p1b: Archaludon\n|-resisted|p1b: Archaludon|2\n|-damage|p1b: Archaludon|88/100\n|cant|p1a: Pelipper|slp\n|\n|-weather|SunnyDay|[upkeep]\n|upkeep\n|turn|2\n|inactive|amongdripgoku has 30 seconds left.\n|inactive|amongdripgoku has 20 seconds left.\n|inactive|amongdripgoku has 15 seconds left.\n|inactive|amongdripgoku has 10 seconds left.\n|\n|t:|1775951268\n|move|p2b: Venusaur|Sludge Bomb|p1a: Pelipper\n|-damage|p1a: Pelipper|57/100 slp\n|move|p2a: Charizard|Heat Wave|p1b: Archaludon|[spread] p1a,p1b\n|-resisted|p1a: Pelipper|1\n|-damage|p1a: Pelipper|27/100 slp\n|-damage|p1b: Archaludon|20/100\n|-status|p1b: Archaludon|brn\n|-enditem|p1b: Archaludon|Sitrus Berry|[eat]\n|-heal|p1b: Archaludon|45/100 brn|[from] item: Sitrus Berry\n|move|p1b: Archaludon|Draco Meteor|p2a: Charizard\n|-damage|p2a: Charizard|26/100\n|-unboost|p1b: Archaludon|spa|2\n|-curestatus|p1a: Pelipper|slp|[msg]\n|move|p1a: Pelipper|Weather Ball|p2b: Venusaur\n|-supereffective|p2b: Venusaur|1\n|-damage|p2b: Venusaur|19/100\n|\n|-weather|SunnyDay|[upkeep]\n|-heal|p1a: Pelipper|33/100|[from] item: Leftovers\n|-damage|p1b: Archaludon|39/100 brn|[from] brn\n|upkeep\n|turn|3\n|inactive|amongdripgoku has 30 seconds left.\n|inactive|amongdripgoku has 20 seconds left.\n|inactive|amongdripgoku has 15 seconds left.\n|\n|t:|1775951312\n|switch|p1a: Basculegion|Basculegion, L50, M|100/100\n|move|p1b: Archaludon|Protect|p1b: Archaludon\n|-singleturn|p1b: Archaludon|Protect\n|move|p2b: Venusaur|Sludge Bomb|p1a: Basculegion\n|-resisted|p1a: Basculegion|1\n|-damage|p1a: Basculegion|77/100\n|move|p2a: Charizard|Heat Wave|p1b: Archaludon|[spread] p1a\n|-activate|p1b: Archaludon|move: Protect\n|-resisted|p1a: Basculegion|1\n|-damage|p1a: Basculegion|39/100\n|\n|-weather|SunnyDay|[upkeep]\n|-damage|p1b: Archaludon|33/100 brn|[from] brn\n|upkeep\n|turn|4\n|inactive|amongdripgoku has 30 seconds left.\n|inactive|amongdripgoku has 20 seconds left.\n|inactive|amongdripgoku has 15 seconds left.\n|inactive|Elemelons97 has 30 seconds left.\n|\n|t:|1775951359\n|move|p2a: Charizard|Protect|p2a: Charizard\n|-singleturn|p2a: Charizard|Protect\n|move|p1a: Basculegion|Aqua Jet|p2a: Charizard\n|-activate|p2a: Charizard|move: Protect\n|move|p2b: Venusaur|Sludge Bomb|p1a: Basculegion\n|-resisted|p1a: Basculegion|1\n|-damage|p1a: Basculegion|15/100\n|move|p1b: Archaludon|Flash Cannon|p2b: Venusaur\n|-damage|p2b: Venusaur|0 fnt\n|faint|p2b: Venusaur\n|\n|-weather|SunnyDay|[upkeep]\n|-damage|p1b: Archaludon|27/100 brn|[from] brn\n|upkeep\n|\n|t:|1775951367\n|switch|p2b: Rotom|Rotom-Wash, L50|100/100\n|turn|5\n|\n|t:|1775951387\n|switch|p2a: Garchomp|Garchomp, L50, F|100/100\n|switch|p1b: Pelipper|Pelipper, L50, F|33/100\n|-weather|RainDance|[from] ability: Drizzle|[of] p1b: Pelipper\n|move|p1a: Basculegion|Aqua Jet|p2a: Garchomp\n|-damage|p2a: Garchomp|66/100\n|-damage|p1a: Basculegion|3/100|[from] ability: Rough Skin|[of] p2a: Garchomp\n|move|p2b: Rotom|Thunderbolt|p1a: Basculegion\n|-supereffective|p1a: Basculegion|1\n|-damage|p1a: Basculegion|0 fnt\n|faint|p1a: Basculegion\n|\n|-weather|RainDance|[upkeep]\n|-heal|p1b: Pelipper|39/100|[from] item: Leftovers\n|upkeep\n|\n|t:|1775951393\n|switch|p1a: Greninja|Greninja, L50, M|100/100\n|turn|6\n|inactive|amongdripgoku has 30 seconds left.\n|\n|t:|1775951429\n|switch|p2a: Charizard|Charizard-Mega-Y, L50, M|26/100\n|-weather|SunnyDay|[from] ability: Drought|[of] p2a: Charizard\n|switch|p1a: Archaludon|Archaludon, L50, F|27/100 brn\n|move|p2b: Rotom|Thunderbolt|p1a: Archaludon\n|-resisted|p1a: Archaludon|1\n|-damage|p1a: Archaludon|8/100 brn\n|move|p1b: Pelipper|Hurricane|p2a: Charizard\n|-damage|p2a: Charizard|0 fnt\n|faint|p2a: Charizard\n|\n|-weather|SunnyDay|[upkeep]\n|-heal|p1b: Pelipper|45/100|[from] item: Leftovers\n|-damage|p1a: Archaludon|2/100 brn|[from] brn\n|upkeep\n|\n|t:|1775951440\n|switch|p2a: Garchomp|Garchomp, L50, F|66/100\n|turn|7\n|\n|t:|1775951458\n|switch|p1b: Greninja|Greninja, L50, M|100/100\n|move|p2a: Garchomp|Rock Slide|p1b: Greninja|[spread] p1a,p1b\n|-resisted|p1a: Archaludon|1\n|-damage|p1a: Archaludon|0 fnt\n|-damage|p1b: Greninja|66/100\n|faint|p1a: Archaludon\n|move|p2b: Rotom|Thunderbolt|p1b: Greninja\n|-supereffective|p1b: Greninja|1\n|-damage|p1b: Greninja|0 fnt\n|faint|p1b: Greninja\n|\n|-weather|SunnyDay|[upkeep]\n|upkeep\n|-message|amongdripgoku forfeited.\n|\n|win|Elemelons97\n|raw|amongdripgoku's rating: 1049 &rarr; <strong>1030</strong><br />(-19 for losing)\n|raw|Elemelons97's rating: 1011 &rarr; <strong>1054</strong><br />(+43 for winning)\n",
  "uploadtime": 1775951466,
  "views": 17,
  "formatid": "gen9championsvgc2026regma",
  "rating": 1030,
  "private": 0,
  "password": null
}