{
  "id": "gen9championsvgc2026regma-2588198808",
  "format": "[Gen 9 Champions] VGC 2026 Reg M-A",
  "players": [
    "deadly ninja bees",
    "StrengPengu"
  ],
  "log": "|j|\u2606deadly ninja bees\n|j|\u2606StrengPengu\n|t:|1776613686\n|gametype|doubles\n|player|p1|deadly ninja bees|janine-gen2|1203\n|player|p2|StrengPengu|ivor|1135\n|gen|9\n|tier|[Gen 9 Champions] VGC 2026 Reg M-A\n|rated|\n|rule|Species Clause: Limit one of each Pok\u00e9mon\n|rule|Item Clause: Limit 1 of each item\n|clearpoke\n|poke|p1|Floette-Eternal, L50, F|\n|poke|p1|Garchomp, L50, M|\n|poke|p1|Incineroar, L50, F|\n|poke|p1|Rotom-Wash, L50|\n|poke|p1|Kingambit, L50, M|\n|poke|p1|Sinistcha, L50|\n|poke|p2|Torkoal, L50, F|\n|poke|p2|Farigiraf, L50, F|\n|poke|p2|Gardevoir, L50, M|\n|poke|p2|Golurk, L50|\n|poke|p2|Kingambit, L50, M|\n|poke|p2|Sneasler, L50, F|\n|teampreview|4\n|inactive|Battle timer is ON: inactive players will automatically lose when time's up. (requested by deadly ninja bees)\n|inactive|deadly ninja bees has 60 seconds left.\n|inactive|deadly ninja bees has 30 seconds left.\n|\n|t:|1776613750\n|teamsize|p1|4\n|teamsize|p2|4\n|start\n|switch|p1a: Floette|Floette-Eternal, L50, F|100/100\n|switch|p1b: Rotom|Rotom-Wash, L50|100/100\n|switch|p2a: Farigiraf|Farigiraf, L50, F|100/100\n|switch|p2b: Kingambit|Kingambit, L50, M|100/100\n|turn|1\n|inactive|deadly ninja bees has 30 seconds left.\n|\n|t:|1776613780\n|detailschange|p1a: Floette|Floette-Mega, L50, F\n|-mega|p1a: Floette|Floette|Floettite\n|-ability|p1a: Floette|Fairy Aura\n|move|p1a: Floette|Protect|p1a: Floette\n|-singleturn|p1a: Floette|Protect\n|move|p2b: Kingambit|Protect|p2b: Kingambit\n|-singleturn|p2b: Kingambit|Protect\n|move|p1b: Rotom|Will-O-Wisp|p2b: Kingambit\n|-activate|p2b: Kingambit|move: Protect\n|move|p2a: Farigiraf|Trick Room|p2a: Farigiraf\n|-fieldstart|move: Trick Room|[of] p2a: Farigiraf\n|\n|upkeep\n|turn|2\n|inactive|StrengPengu has 30 seconds left.\n|\n|t:|1776613805\n|switch|p1a: Kingambit|Kingambit, L50, M|100/100\n|move|p2b: Kingambit|Iron Head|p1a: Kingambit\n|-resisted|p1a: Kingambit|1\n|-crit|p1a: Kingambit\n|-damage|p1a: Kingambit|71/100\n|move|p2a: Farigiraf|Twin Beam|p1b: Rotom\n|-damage|p1b: Rotom|85/100\n|-damage|p1b: Rotom|67/100\n|-hitcount|p1b: Rotom|2\n|move|p1b: Rotom|Volt Switch|p2b: Kingambit\n|-damage|p2b: Kingambit|76/100\n|\n|t:|1776613819\n|switch|p1b: Sinistcha|Sinistcha, L50|100/100|[from] Volt Switch\n|-heal|p1a: Kingambit|95/100|[from] ability: Hospitality|[of] p1b: Sinistcha\n|\n|upkeep\n|turn|3\n|inactive|StrengPengu has 30 seconds left.\n|\n|t:|1776613846\n|switch|p2a: Gardevoir|Gardevoir, L50, M|100/100\n|-ability|p2a: Gardevoir|Hospitality|Trace|[from] ability: Trace|[of] p1b: Sinistcha\n|-heal|p2b: Kingambit|100/100|[from] ability: Hospitality|[of] p2a: Gardevoir\n|move|p2b: Kingambit|Low Kick|p1a: Kingambit\n|-supereffective|p1a: Kingambit|2\n|-damage|p1a: Kingambit|0 fnt\n|faint|p1a: Kingambit\n|move|p1b: Sinistcha|Trick Room|p1b: Sinistcha\n|-fieldend|move: Trick Room\n|\n|upkeep\n|\n|t:|1776613856\n|switch|p1a: Floette|Floette-Mega, L50, F|100/100\n|-ability|p1a: Floette|Fairy Aura\n|turn|4\n|\n|t:|1776613877\n|switch|p2b: Torkoal|Torkoal, L50, F|100/100\n|-weather|SunnyDay|[from] ability: Drought|[of] p2b: Torkoal\n|detailschange|p2a: Gardevoir|Gardevoir-Mega, L50, M\n|-mega|p2a: Gardevoir|Gardevoir|Gardevoirite\n|move|p1b: Sinistcha|Rage Powder|p1b: Sinistcha\n|-singleturn|p1b: Sinistcha|move: Rage Powder\n|move|p1a: Floette|Calm Mind|p1a: Floette\n|-boost|p1a: Floette|spa|1\n|-boost|p1a: Floette|spd|1\n|move|p2a: Gardevoir|Hyper Voice|p1b: Sinistcha|[spread] p1a,p1b\n|-damage|p1a: Floette|67/100\n|-damage|p1b: Sinistcha|6/100\n|-enditem|p1b: Sinistcha|Sitrus Berry|[eat]\n|-heal|p1b: Sinistcha|31/100|[from] item: Sitrus Berry\n|\n|-weather|SunnyDay|[upkeep]\n|upkeep\n|turn|5\n|inactive|deadly ninja bees has 30 seconds left.\n|\n|t:|1776613911\n|switch|p1b: Rotom|Rotom-Wash, L50|67/100\n|move|p1a: Floette|Draining Kiss|p2a: Gardevoir\n|-damage|p2a: Gardevoir|52/100\n|-heal|p1a: Floette|100/100|[from] drain|[of] p2a: Gardevoir\n|move|p2a: Gardevoir|Hyper Voice|p1b: Rotom|[spread] p1a,p1b\n|-damage|p1a: Floette|62/100\n|-damage|p1b: Rotom|4/100\n|move|p2b: Torkoal|Weather Ball|p1a: Floette\n|-damage|p1a: Floette|25/100\n|\n|-weather|SunnyDay|[upkeep]\n|-heal|p1b: Rotom|9/100|[from] item: Leftovers\n|upkeep\n|turn|6\n|\n|t:|1776613926\n|move|p1a: Floette|Protect|p1a: Floette\n|-singleturn|p1a: Floette|Protect\n|move|p1b: Rotom|Volt Switch|p1a: Floette\n|-activate|p1a: Floette|move: Protect\n|move|p2a: Gardevoir|Hyper Voice|p1b: Rotom|[spread] p1b\n|-activate|p1a: Floette|move: Protect\n|-damage|p1b: Rotom|0 fnt\n|faint|p1b: Rotom\n|move|p2b: Torkoal|Eruption|p1a: Floette\n|-activate|p1a: Floette|move: Protect\n|\n|-weather|SunnyDay|[upkeep]\n|upkeep\n|-message|deadly ninja bees forfeited.\n|\n|win|StrengPengu\n|raw|deadly ninja bees's rating: 1203 &rarr; <strong>1173</strong><br />(-30 for losing)\n|raw|StrengPengu's rating: 1135 &rarr; <strong>1165</strong><br />(+30 for winning)\n|l|\u2606deadly ninja bees\n|player|p1|\n",
  "uploadtime": 1776613941,
  "views": 12,
  "formatid": "gen9championsvgc2026regma",
  "rating": 1165,
  "private": 0,
  "password": null
}