{
  "id": "gen9championsvgc2026regma-2586465067",
  "format": "[Gen 9 Champions] VGC 2026 Reg M-A",
  "players": [
    "Alaskka01",
    "benflamebow"
  ],
  "log": "|j|\u2606Alaskka01\n|j|\u2606benflamebow\n|t:|1776436562\n|gametype|doubles\n|player|p1|Alaskka01|psychic|1105\n|player|p2|benflamebow|2|1000\n|gen|9\n|tier|[Gen 9 Champions] VGC 2026 Reg M-A\n|rated|\n|rule|Species Clause: Limit one of each Pok\u00e9mon\n|rule|Item Clause: Limit 1 of each item\n|clearpoke\n|poke|p1|Incineroar, L50, M|\n|poke|p1|Whimsicott, L50, M|\n|poke|p1|Charizard, L50, F|\n|poke|p1|Gengar, L50, F|\n|poke|p1|Milotic, L50, M|\n|poke|p1|Typhlosion-Hisui, L50, F|\n|poke|p2|Abomasnow, L50, M|\n|poke|p2|Ninetales-Alola, L50, M|\n|poke|p2|Mr. Rime, L50, F|\n|poke|p2|Araquanid, L50, F|\n|poke|p2|Aerodactyl, L50, M|\n|poke|p2|Krookodile, L50, M|\n|teampreview|4\n|\n|t:|1776436587\n|teamsize|p1|4\n|teamsize|p2|4\n|start\n|switch|p1a: Charizard|Charizard, L50, F|100/100\n|switch|p1b: Whimsicott|Whimsicott, L50, M|100/100\n|switch|p2a: Mr. Rime|Mr. Rime, L50, F|100/100\n|switch|p2b: Ninetales|Ninetales-Alola, L50, M|100/100\n|turn|1\n|\n|t:|1776436605\n|detailschange|p1a: Charizard|Charizard-Mega-Y, L50, F\n|-mega|p1a: Charizard|Charizard|Charizardite Y\n|-weather|SunnyDay|[from] ability: Drought|[of] p1a: Charizard\n|move|p2a: Mr. Rime|Fake Out|p1a: Charizard\n|-damage|p1a: Charizard|89/100\n|move|p1b: Whimsicott|Tailwind|p1b: Whimsicott\n|-sidestart|p1: Alaskka01|move: Tailwind\n|cant|p1a: Charizard|flinch\n|move|p2b: Ninetales|Encore|p1b: Whimsicott\n|-start|p1b: Whimsicott|Encore\n|\n|-weather|SunnyDay|[upkeep]\n|upkeep\n|turn|2\n|\n|t:|1776436622\n|switch|p1a: Milotic|Milotic, L50, M|100/100\n|switch|p1b: Typhlosion|Typhlosion-Hisui, L50, F|100/100\n|-item|p2a: Mr. Rime|Mental Herb|[from] ability: Frisk|[of] p1b: Typhlosion\n|-item|p2b: Ninetales|Sitrus Berry|[from] ability: Frisk|[of] p1b: Typhlosion\n|switch|p2b: Araquanid|Araquanid, L50, F|100/100\n|move|p2a: Mr. Rime|Trick Room|p2a: Mr. Rime\n|-fieldstart|move: Trick Room|[of] p2a: Mr. Rime\n|\n|-weather|SunnyDay|[upkeep]\n|upkeep\n|turn|3\n|\n|t:|1776436640\n|switch|p2a: Abomasnow|Abomasnow, L50, M|100/100\n|-weather|Snowscape|[from] ability: Snow Warning|[of] p2a: Abomasnow\n|move|p2b: Araquanid|Waterfall|p1b: Typhlosion\n|-supereffective|p1b: Typhlosion|1\n|-damage|p1b: Typhlosion|0 fnt\n|faint|p1b: Typhlosion\n|move|p1a: Milotic|Alluring Voice|p2a: Abomasnow\n|-damage|p2a: Abomasnow|80/100\n|\n|-weather|Snowscape|[upkeep]\n|upkeep\n|\n|t:|1776436651\n|switch|p1b: Whimsicott|Whimsicott, L50, M|100/100\n|turn|4\n|\n|t:|1776436661\n|move|p1b: Whimsicott|Sunny Day|p1b: Whimsicott\n|-weather|SunnyDay\n|move|p2b: Araquanid|Blizzard|p1b: Whimsicott|[spread] p1a,p1b\n|-resisted|p1a: Milotic|1\n|-supereffective|p1b: Whimsicott|1\n|-damage|p1a: Milotic|97/100\n|-damage|p1b: Whimsicott|71/100\n|move|p2a: Abomasnow|Blizzard|p1b: Whimsicott|[spread] p1a,p1b\n|-resisted|p1a: Milotic|1\n|-supereffective|p1b: Whimsicott|1\n|-damage|p1a: Milotic|87/100\n|-damage|p1b: Whimsicott|0 fnt\n|faint|p1b: Whimsicott\n|move|p1a: Milotic|Alluring Voice|p2b: Araquanid\n|-damage|p2b: Araquanid|84/100\n|\n|-weather|SunnyDay|[upkeep]\n|-heal|p2b: Araquanid|90/100|[from] item: Leftovers\n|-heal|p1a: Milotic|93/100|[from] item: Leftovers\n|-sideend|p1: Alaskka01|move: Tailwind\n|upkeep\n|\n|t:|1776436678\n|switch|p1b: Charizard|Charizard-Mega-Y, L50, F|89/100\n|turn|5\n|\n|t:|1776436693\n|detailschange|p2a: Abomasnow|Abomasnow-Mega, L50, M\n|-mega|p2a: Abomasnow|Abomasnow|Abomasite\n|-weather|Snowscape|[from] ability: Snow Warning|[of] p2a: Abomasnow\n|move|p2a: Abomasnow|Giga Drain|p1a: Milotic\n|-supereffective|p1a: Milotic|1\n|-damage|p1a: Milotic|42/100\n|-heal|p2a: Abomasnow|100/100|[from] drain|[of] p1a: Milotic\n|move|p2b: Araquanid|Waterfall|p1b: Charizard\n|-supereffective|p1b: Charizard|1\n|-damage|p1b: Charizard|0 fnt\n|faint|p1b: Charizard\n|move|p1a: Milotic|Alluring Voice|p2a: Abomasnow\n|-damage|p2a: Abomasnow|82/100\n|\n|-weather|Snowscape|[upkeep]\n|-heal|p2b: Araquanid|95/100|[from] item: Leftovers\n|-heal|p1a: Milotic|48/100|[from] item: Leftovers\n|upkeep\n|turn|6\n|-message|Alaskka01 forfeited.\n|\n|win|benflamebow\n|raw|Alaskka01's rating: 1105 &rarr; <strong>1073</strong><br />(-32 for losing)\n|raw|benflamebow's rating: 1000 &rarr; <strong>1052</strong><br />(+52 for winning)\n|l|\u2606Alaskka01\n|player|p1|\n",
  "uploadtime": 1776436709,
  "views": 22,
  "formatid": "gen9championsvgc2026regma",
  "rating": 1052,
  "private": 0,
  "password": null
}