{
  "id": "gen9championsvgc2026regma-2581833187",
  "format": "[Gen 9 Champions] VGC 2026 Reg M-A",
  "players": [
    "FrossTea",
    "pokeslowbro"
  ],
  "log": "|j|\u2606FrossTea\n|j|\u2606pokeslowbro\n|t:|1776032138\n|gametype|doubles\n|player|p1|FrossTea|102|1072\n|player|p2|pokeslowbro|1|1067\n|gen|9\n|tier|[Gen 9 Champions] VGC 2026 Reg M-A\n|rated|\n|rule|Species Clause: Limit one of each Pok\u00e9mon\n|rule|Item Clause: Limit 1 of each item\n|clearpoke\n|poke|p1|Froslass, L50, F|\n|poke|p1|Maushold-Four, L50|\n|poke|p1|Aerodactyl, L50, M|\n|poke|p1|Slowking-Galar, L50, M|\n|poke|p1|Kommo-o, L50, M|\n|poke|p1|Typhlosion-Hisui, L50, F|\n|poke|p2|Slowking, L50, M|\n|poke|p2|Incineroar, L50, F|\n|poke|p2|Crabominable, L50, F|\n|poke|p2|Hatterene, L50, F|\n|poke|p2|Tsareena, L50, F|\n|poke|p2|Camerupt, L50, F|\n|teampreview|4\n|inactive|Battle timer is ON: inactive players will automatically lose when time's up. (requested by pokeslowbro)\n|\n|t:|1776032193\n|teamsize|p1|4\n|teamsize|p2|4\n|start\n|switch|p1a: Froslass|Froslass, L50, F|100/100\n|switch|p1b: Typhlosion|Typhlosion-Hisui, L50, F|100/100\n|switch|p2a: Slowking|Slowking, L50, M|100/100\n|switch|p2b: Incineroar|Incineroar, L50, F|100/100\n|-item|p2a: Slowking|Colbur Berry|[from] ability: Frisk|[of] p1b: Typhlosion\n|-item|p2b: Incineroar|Sitrus Berry|[from] ability: Frisk|[of] p1b: Typhlosion\n|-ability|p2b: Incineroar|Intimidate|boost\n|-unboost|p1a: Froslass|atk|1\n|-unboost|p1b: Typhlosion|atk|1\n|turn|1\n|inactive|pokeslowbro has 30 seconds left.\n|inactive|pokeslowbro has 20 seconds left.\n|\n|t:|1776032235\n|detailschange|p1a: Froslass|Froslass-Mega, L50, F\n|-mega|p1a: Froslass|Froslass|Froslassite\n|-weather|Snowscape|[from] ability: Snow Warning|[of] p1a: Froslass\n|move|p1b: Typhlosion|Eruption|p2b: Incineroar|[spread] p2a,p2b\n|-resisted|p2a: Slowking|1\n|-resisted|p2b: Incineroar|1\n|-crit|p2b: Incineroar\n|-damage|p2a: Slowking|80/100\n|-damage|p2b: Incineroar|59/100\n|move|p1a: Froslass|Shadow Ball|p2a: Slowking\n|-supereffective|p2a: Slowking|1\n|-damage|p2a: Slowking|17/100\n|move|p2b: Incineroar|Darkest Lariat|p1b: Typhlosion\n|-supereffective|p1b: Typhlosion|1\n|-crit|p1b: Typhlosion\n|-damage|p1b: Typhlosion|0 fnt\n|faint|p1b: Typhlosion\n|move|p2a: Slowking|Trick Room|p2a: Slowking\n|-fieldstart|move: Trick Room|[of] p2a: Slowking\n|\n|-weather|Snowscape|[upkeep]\n|upkeep\n|\n|t:|1776032255\n|switch|p1b: Maushold|Maushold-Four, L50|100/100\n|turn|2\n|inactive|pokeslowbro has 30 seconds left.\n|\n|t:|1776032282\n|move|p1b: Maushold|Follow Me|p1b: Maushold\n|-singleturn|p1b: Maushold|move: Follow Me\n|move|p2a: Slowking|Slack Off|p2a: Slowking\n|-heal|p2a: Slowking|67/100\n|move|p2b: Incineroar|Flare Blitz|p1b: Maushold\n|-damage|p1b: Maushold|33/100\n|-damage|p2b: Incineroar|39/100|[from] Recoil\n|-enditem|p2b: Incineroar|Sitrus Berry|[eat]\n|-heal|p2b: Incineroar|64/100|[from] item: Sitrus Berry\n|move|p1a: Froslass|Aurora Veil|p1a: Froslass\n|-sidestart|p1: FrossTea|move: Aurora Veil\n|\n|-weather|Snowscape|[upkeep]\n|upkeep\n|turn|3\n|inactive|FrossTea has 30 seconds left.\n|inactive|FrossTea has 20 seconds left.\n|inactive|FrossTea has 15 seconds left.\n|inactive|FrossTea has 10 seconds left.\n|\n|t:|1776032330\n|move|p1b: Maushold|Follow Me|p1b: Maushold\n|-singleturn|p1b: Maushold|move: Follow Me\n|move|p2a: Slowking|Slack Off|p2a: Slowking\n|-heal|p2a: Slowking|100/100\n|move|p2b: Incineroar|Flare Blitz|p1b: Maushold\n|-damage|p1b: Maushold|0 fnt\n|faint|p1b: Maushold\n|-damage|p2b: Incineroar|54/100|[from] Recoil\n|move|p1a: Froslass|Shadow Ball|p2a: Slowking\n|-supereffective|p2a: Slowking|1\n|-crit|p2a: Slowking\n|-damage|p2a: Slowking|2/100\n|\n|-weather|Snowscape|[upkeep]\n|upkeep\n|\n|t:|1776032343\n|switch|p1b: Slowking|Slowking-Galar, L50, M|100/100\n|turn|4\n|inactive|pokeslowbro has 30 seconds left.\n|\n|t:|1776032371\n|move|p2a: Slowking|Slack Off|p2a: Slowking\n|-heal|p2a: Slowking|52/100\n|move|p1b: Slowking|Sludge Bomb|p2b: Incineroar\n|-damage|p2b: Incineroar|23/100\n|move|p2b: Incineroar|Flare Blitz|p1a: Froslass\n|-supereffective|p1a: Froslass|1\n|-damage|p1a: Froslass|7/100\n|-status|p1a: Froslass|brn\n|-damage|p2b: Incineroar|1/100|[from] Recoil\n|move|p1a: Froslass|Nasty Plot|p1a: Froslass\n|-boost|p1a: Froslass|spa|2\n|\n|-weather|Snowscape|[upkeep]\n|-damage|p1a: Froslass|1/100 brn|[from] brn\n|upkeep\n|turn|5\n|c|\u2606FrossTea|1 % and Burn\n|n|!FrossTea|frosstea\n|inactive|FrossTea has 30 seconds left.\n|inactive|pokeslowbro has 30 seconds left.\n|inactive|pokeslowbro has 20 seconds left.\n|inactive|pokeslowbro has 15 seconds left.\n|\n|t:|1776032416\n|move|p2a: Slowking|Slack Off|p2a: Slowking\n|-heal|p2a: Slowking|100/100\n|move|p1b: Slowking|Snarl|p2a: Slowking|[spread] p2a,p2b\n|-supereffective|p2a: Slowking|1\n|-enditem|p2a: Slowking|Colbur Berry|[eat]\n|-enditem|p2a: Slowking|Colbur Berry|[weaken]\n|-resisted|p2b: Incineroar|1\n|-damage|p2a: Slowking|92/100\n|-damage|p2b: Incineroar|0 fnt\n|-unboost|p2a: Slowking|spa|1\n|faint|p2b: Incineroar\n|move|p1a: Froslass|Blizzard|p2a: Slowking\n|-resisted|p2a: Slowking|1\n|-damage|p2a: Slowking|45/100\n|\n|-weather|none\n|-damage|p1a: Froslass|0 fnt|[from] brn\n|faint|p1a: Froslass\n|-fieldend|move: Trick Room\n|upkeep\n|\n|t:|1776032434\n|switch|p2b: Crabominable|Crabominable, L50, F|100/100\n|turn|6\n|\n|t:|1776032443\n|detailschange|p2b: Crabominable|Crabominable-Mega, L50, F\n|-mega|p2b: Crabominable|Crabominable|Crabominite\n|move|p1b: Slowking|Psychic Noise|p2b: Crabominable\n|-supereffective|p2b: Crabominable|1\n|-damage|p2b: Crabominable|53/100\n|-start|p2b: Crabominable|move: Heal Block\n|move|p2b: Crabominable|Ice Hammer|p1b: Slowking\n|-damage|p1b: Slowking|54/100\n|-unboost|p2b: Crabominable|spe|1\n|-prepare|p2a: Slowking|Chilly Reception|[premajor]\n|move|p2a: Slowking|Chilly Reception|p2a: Slowking\n|-weather|Snowscape\n|\n|t:|1776032466\n|switch|p2a: Hatterene|Hatterene, L50, F|100/100|[from] Chilly Reception\n|\n|-weather|Snowscape|[upkeep]\n|-heal|p1b: Slowking|60/100|[from] item: Leftovers\n|-sideend|p1: FrossTea|move: Aurora Veil\n|upkeep\n|turn|7\n|\n|t:|1776032480\n|move|p1b: Slowking|Sludge Bomb|p2a: Hatterene\n|-supereffective|p2a: Hatterene|1\n|-damage|p2a: Hatterene|22/100\n|move|p2a: Hatterene|Psychic|p1b: Slowking\n|-damage|p1b: Slowking|20/100\n|move|p2b: Crabominable|Ice Hammer|p1b: Slowking\n|-damage|p1b: Slowking|0 fnt\n|-unboost|p2b: Crabominable|spe|1\n|faint|p1b: Slowking\n|\n|win|pokeslowbro\n",
  "uploadtime": 1776032392,
  "views": 10,
  "formatid": "gen9championsvgc2026regma",
  "rating": null,
  "private": 0,
  "password": null
}