{
  "id": "gen9championsvgc2026regma-2586145750",
  "format": "[Gen 9 Champions] VGC 2026 Reg M-A",
  "players": [
    "Cygis11",
    "shapy23"
  ],
  "log": "|j|\u2606Cygis11\n|j|\u2606shapy23\n|t:|1776404758\n|gametype|doubles\n|player|p1|Cygis11|lisia|1107\n|player|p2|shapy23|1|1167\n|gen|9\n|tier|[Gen 9 Champions] VGC 2026 Reg M-A\n|rated|\n|rule|Species Clause: Limit one of each Pok\u00e9mon\n|rule|Item Clause: Limit 1 of each item\n|clearpoke\n|poke|p1|Froslass, L50, F|\n|poke|p1|Rotom-Frost, L50|\n|poke|p1|Aerodactyl, L50, M|\n|poke|p1|Aggron, L50, F|\n|poke|p1|Volcarona, L50, M|\n|poke|p1|Samurott-Hisui, L50, M|\n|poke|p2|Incineroar, L50, M|\n|poke|p2|Dragonite, L50, F|\n|poke|p2|Sneasler, L50, F|\n|poke|p2|Pelipper, L50, F|\n|poke|p2|Kingambit, L50, F|\n|poke|p2|Sinistcha, L50|\n|teampreview|4\n|inactive|Battle timer is ON: inactive players will automatically lose when time's up. (requested by shapy23)\n|inactive|shapy23 has 60 seconds left.\n|\n|t:|1776404799\n|teamsize|p1|4\n|teamsize|p2|4\n|start\n|switch|p1a: Froslass|Froslass, L50, F, shiny|100/100\n|switch|p1b: Aerodactyl|Aerodactyl, L50, M, shiny|100/100\n|switch|p2a: Incineroar|Incineroar, L50, M|100/100\n|switch|p2b: Sneasler|Sneasler, L50, F|100/100\n|-ability|p1b: Aerodactyl|Unnerve\n|-ability|p2a: Incineroar|Intimidate|boost\n|-unboost|p1a: Froslass|atk|1\n|-unboost|p1b: Aerodactyl|atk|1\n|turn|1\n|inactive|Cygis11 has 30 seconds left.\n|inactive|shapy23 has 30 seconds left.\n|\n|t:|1776404831\n|detailschange|p1a: Froslass|Froslass-Mega, L50, F, shiny\n|-mega|p1a: Froslass|Froslass|Froslassite\n|-weather|Snowscape|[from] ability: Snow Warning|[of] p1a: Froslass\n|move|p1b: Aerodactyl|Protect|p1b: Aerodactyl\n|-singleturn|p1b: Aerodactyl|Protect\n|move|p1a: Froslass|Aurora Veil|p1a: Froslass\n|-sidestart|p1: Cygis11|move: Aurora Veil\n|move|p2b: Sneasler|Close Combat|p1b: Aerodactyl\n|-activate|p1b: Aerodactyl|move: Protect\n|move|p2a: Incineroar|Throat Chop|p1a: Froslass\n|-supereffective|p1a: Froslass|1\n|-damage|p1a: Froslass|51/100\n|-start|p1a: Froslass|Throat Chop|[silent]\n|\n|-weather|Snowscape|[upkeep]\n|upkeep\n|turn|2\n|inactive|shapy23 has 30 seconds left.\n|\n|t:|1776404862\n|move|p1b: Aerodactyl|Tailwind|p1b: Aerodactyl\n|-sidestart|p1: Cygis11|move: Tailwind\n|move|p1a: Froslass|Blizzard|p2a: Incineroar|[spread] p2a,p2b\n|-resisted|p2a: Incineroar|1\n|-damage|p2a: Incineroar|81/100\n|-damage|p2b: Sneasler|35/100\n|move|p2b: Sneasler|Close Combat|p1b: Aerodactyl\n|-damage|p1b: Aerodactyl|31/100\n|-unboost|p2b: Sneasler|def|1\n|-unboost|p2b: Sneasler|spd|1\n|-enditem|p2b: Sneasler|White Herb\n|-clearnegativeboost|p2b: Sneasler|[silent]\n|move|p2a: Incineroar|Throat Chop|p1a: Froslass\n|-supereffective|p1a: Froslass|1\n|-damage|p1a: Froslass|1/100\n|\n|-weather|Snowscape|[upkeep]\n|-end|p1a: Froslass|Throat Chop|[silent]\n|upkeep\n|turn|3\n|inactive|shapy23 has 30 seconds left.\n|\n|t:|1776404887\n|move|p1b: Aerodactyl|Rock Slide|p2b: Sneasler|[spread] p2b\n|-miss|p1b: Aerodactyl|p2a: Incineroar\n|-resisted|p2b: Sneasler|1\n|-damage|p2b: Sneasler|22/100\n|move|p1a: Froslass|Blizzard|p2a: Incineroar|[spread] p2a,p2b\n|-resisted|p2a: Incineroar|1\n|-damage|p2a: Incineroar|60/100\n|-damage|p2b: Sneasler|0 fnt\n|faint|p2b: Sneasler\n|move|p2a: Incineroar|Flare Blitz|p1b: Aerodactyl\n|-resisted|p1b: Aerodactyl|1\n|-damage|p1b: Aerodactyl|0 fnt\n|faint|p1b: Aerodactyl\n|-damage|p2a: Incineroar|52/100|[from] Recoil\n|\n|-weather|Snowscape|[upkeep]\n|upkeep\n|\n|t:|1776404899\n|switch|p1b: Samurott|Samurott-Hisui, L50, M, shiny|100/100\n|switch|p2b: Dragonite|Dragonite, L50, F|100/100\n|turn|4\n|\n|t:|1776404918\n|switch|p2a: Pelipper|Pelipper, L50, F|100/100\n|-weather|RainDance|[from] ability: Drizzle|[of] p2a: Pelipper\n|detailschange|p2b: Dragonite|Dragonite-Mega, L50, F\n|-mega|p2b: Dragonite|Dragonite|Dragoninite\n|move|p1b: Samurott|Flip Turn|p2a: Pelipper\n|-resisted|p2a: Pelipper|1\n|-damage|p2a: Pelipper|76/100\n|\n|t:|1776404925\n|switch|p1b: Rotom|Rotom-Frost, L50, shiny|100/100|[from] Flip Turn\n|move|p1a: Froslass|Blizzard|p2b: Dragonite|[spread] p2b\n|-miss|p1a: Froslass|p2a: Pelipper\n|-supereffective|p2b: Dragonite|2\n|-damage|p2b: Dragonite|14/100\n|move|p2b: Dragonite|Thunder|p1b: Rotom\n|-resisted|p1b: Rotom|1\n|-damage|p1b: Rotom|86/100\n|\n|-weather|RainDance|[upkeep]\n|upkeep\n|turn|5\n|\n|t:|1776404942\n|switch|p1a: Samurott|Samurott-Hisui, L50, M, shiny|100/100\n|move|p2b: Dragonite|Protect|p2b: Dragonite\n|-singleturn|p2b: Dragonite|Protect\n|move|p1b: Rotom|Blizzard|p2b: Dragonite|[spread] p2a\n|-activate|p2b: Dragonite|move: Protect\n|-damage|p2a: Pelipper|36/100\n|move|p2a: Pelipper|Tailwind|p2a: Pelipper\n|-sidestart|p2: shapy23|move: Tailwind\n|\n|-weather|RainDance|[upkeep]\n|-sideend|p1: Cygis11|move: Tailwind\n|-sideend|p1: Cygis11|move: Aurora Veil\n|upkeep\n|turn|6\n|\n|t:|1776404961\n|switch|p2a: Incineroar|Incineroar, L50, M|52/100\n|-ability|p2a: Incineroar|Intimidate|boost\n|-unboost|p1a: Samurott|atk|1\n|-unboost|p1b: Rotom|atk|1\n|move|p2b: Dragonite|Thunder|p1a: Samurott\n|-supereffective|p1a: Samurott|1\n|-damage|p1a: Samurott|0 fnt\n|faint|p1a: Samurott\n|move|p1b: Rotom|Thunderbolt|p2b: Dragonite\n|-damage|p2b: Dragonite|0 fnt\n|faint|p2b: Dragonite\n|\n|-weather|RainDance|[upkeep]\n|upkeep\n|\n|t:|1776404972\n|switch|p2b: Pelipper|Pelipper, L50, F|36/100\n|switch|p1a: Froslass|Froslass-Mega, L50, F, shiny|1/100\n|-weather|Snowscape|[from] ability: Snow Warning|[of] p1a: Froslass\n|-weather|RainDance|[from] ability: Drizzle|[of] p2b: Pelipper\n|turn|7\n|\n|t:|1776404984\n|move|p2a: Incineroar|Fake Out|p1b: Rotom\n|-damage|p1b: Rotom|72/100\n|move|p1a: Froslass|Blizzard|p2b: Pelipper|[spread] p2b\n|-miss|p1a: Froslass|p2a: Incineroar\n|-damage|p2b: Pelipper|0 fnt\n|faint|p2b: Pelipper\n|cant|p1b: Rotom|flinch\n|\n|-weather|RainDance|[upkeep]\n|upkeep\n|turn|8\n|\n|t:|1776404998\n|move|p1a: Froslass|Shadow Ball|p2a: Incineroar\n|-resisted|p2a: Incineroar|1\n|-damage|p2a: Incineroar|34/100\n|-enditem|p2a: Incineroar|Sitrus Berry|[eat]\n|-heal|p2a: Incineroar|59/100|[from] item: Sitrus Berry\n|move|p2a: Incineroar|Flare Blitz|p1b: Rotom\n|-supereffective|p1b: Rotom|1\n|-damage|p1b: Rotom|18/100\n|-enditem|p1b: Rotom|Sitrus Berry|[eat]\n|-heal|p1b: Rotom|43/100|[from] item: Sitrus Berry\n|-damage|p2a: Incineroar|45/100|[from] Recoil\n|move|p1b: Rotom|Thunderbolt|p2a: Incineroar\n|-damage|p2a: Incineroar|9/100\n|\n|-weather|RainDance|[upkeep]\n|-sideend|p2: shapy23|move: Tailwind\n|upkeep\n|turn|9\n|c|\u2606Cygis11|gg\n|-message|shapy23 forfeited.\n|\n|win|Cygis11\n|raw|Cygis11's rating: 1107 &rarr; <strong>1136</strong><br />(+29 for winning)\n|raw|shapy23's rating: 1167 &rarr; <strong>1138</strong><br />(-29 for losing)\n|l|\u2606shapy23\n|player|p2|\n",
  "uploadtime": 1776405034,
  "views": 21,
  "formatid": "gen9championsvgc2026regma",
  "rating": 1136,
  "private": 0,
  "password": null
}