{
  "id": "gen9championsvgc2026regma-2582794179",
  "format": "[Gen 9 Champions] VGC 2026 Reg M-A",
  "players": [
    "j0mso",
    "B. Farro"
  ],
  "log": "|j|\u2606j0mso\n|j|\u2606B. Farro\n|t:|1776114627\n|gametype|doubles\n|player|p1|j0mso|veteranf|1163\n|player|p2|B. Farro|ingo|1182\n|gen|9\n|tier|[Gen 9 Champions] VGC 2026 Reg M-A\n|rated|\n|rule|Species Clause: Limit one of each Pok\u00e9mon\n|rule|Item Clause: Limit 1 of each item\n|clearpoke\n|poke|p1|Volcarona, L50, F|\n|poke|p1|Clefable, L50, F|\n|poke|p1|Kingambit, L50, F|\n|poke|p1|Gyarados, L50, M|\n|poke|p1|Starmie, L50|\n|poke|p1|Sneasler, L50, F|\n|poke|p2|Glimmora, L50, M|\n|poke|p2|Whimsicott, L50, M|\n|poke|p2|Altaria, L50, F|\n|poke|p2|Tauros-Paldea-Blaze, L50, M|\n|poke|p2|Garchomp, L50, M|\n|poke|p2|Kangaskhan, L50, F|\n|teampreview|4\nj0mso has agreed to open team sheets.\n|inactive|Battle timer is ON: inactive players will automatically lose when time's up. (requested by j0mso)\n|\n|t:|1776114693\n|teamsize|p1|4\n|teamsize|p2|4\n|start\n|switch|p1a: Starmie|Starmie, L50|100/100\n|switch|p1b: Sneasler|Sneasler, L50, F|100/100\n|switch|p2a: Glimmora|Glimmora, L50, M|100/100\n|switch|p2b: Whimsicott|Whimsicott, L50, M|100/100\n|turn|1\n|inactive|j0mso has 30 seconds left.\n|inactive|B. Farro has 30 seconds left.\n|\n|t:|1776114727\n|detailschange|p1a: Starmie|Starmie-Mega, L50\n|-mega|p1a: Starmie|Starmie|Starminite\n|move|p2a: Glimmora|Spiky Shield|p2a: Glimmora\n|-singleturn|p2a: Glimmora|move: Protect\n|move|p1b: Sneasler|Fake Out|p2b: Whimsicott\n|-damage|p2b: Whimsicott|79/100\n|cant|p2b: Whimsicott|flinch\n|move|p1a: Starmie|Psycho Cut|p2a: Glimmora\n|-activate|p2a: Glimmora|move: Protect\n|\n|upkeep\n|turn|2\n|\n|t:|1776114748\n|switch|p2a: Kangaskhan|Kangaskhan, L50, F|100/100\n|move|p2b: Whimsicott|Encore|p1b: Sneasler\n|-start|p1b: Sneasler|Encore\n|move|p1b: Sneasler|Fake Out||[still]\n|-hint|Fake Out only works on your first turn out.\n|-fail|p1b: Sneasler\n|move|p1a: Starmie|Liquidation|p2a: Kangaskhan\n|-damage|p2a: Kangaskhan|28/100\n|\n|upkeep\n|turn|3\n|\n|t:|1776114769\n|switch|p1b: Volcarona|Volcarona, L50, F|100/100\n|move|p2a: Kangaskhan|Fake Out|p1a: Starmie\n|-damage|p1a: Starmie|76/100\n|move|p2b: Whimsicott|Tailwind|p2b: Whimsicott\n|-sidestart|p2: B. Farro|move: Tailwind\n|cant|p1a: Starmie|flinch\n|\n|upkeep\n|turn|4\n|\n|t:|1776114793\n|switch|p2a: Glimmora|Glimmora, L50, M|100/100\n|move|p2b: Whimsicott|Energy Ball|p1a: Starmie\n|-supereffective|p1a: Starmie|1\n|-damage|p1a: Starmie|0 fnt\n|faint|p1a: Starmie\n|move|p1b: Volcarona|Quiver Dance|p1b: Volcarona\n|-boost|p1b: Volcarona|spa|1\n|-boost|p1b: Volcarona|spd|1\n|-boost|p1b: Volcarona|spe|1\n|\n|upkeep\n|\n|t:|1776114807\n|switch|p1a: Sneasler|Sneasler, L50, F|100/100\n|turn|5\n|\n|t:|1776114817\n|move|p1a: Sneasler|Fake Out|p2a: Glimmora\n|-resisted|p2a: Glimmora|1\n|-damage|p2a: Glimmora|92/100\n|-activate|p2a: Glimmora|ability: Toxic Debris\n|-sidestart|p1: j0mso|move: Toxic Spikes\n|move|p2b: Whimsicott|Encore|p1b: Volcarona\n|-start|p1b: Volcarona|Encore\n|cant|p2a: Glimmora|flinch\n|move|p1b: Volcarona|Quiver Dance|p1b: Volcarona\n|-boost|p1b: Volcarona|spa|1\n|-boost|p1b: Volcarona|spd|1\n|-boost|p1b: Volcarona|spe|1\n|\n|upkeep\n|turn|6\n|\n|t:|1776114837\n|switch|p1a: Kingambit|Kingambit, L50, F|100/100\n|detailschange|p2a: Glimmora|Glimmora-Mega, L50, M\n|-mega|p2a: Glimmora|Glimmora|Glimmoranite\n|move|p2b: Whimsicott|Encore|p1a: Kingambit\n|-hint|Since gen 7, Dark is immune to Prankster moves.\n|-immune|p1a: Kingambit\n|move|p2a: Glimmora|Power Gem|p1b: Volcarona\n|-supereffective|p1b: Volcarona|2\n|-damage|p1b: Volcarona|0 fnt\n|faint|p1b: Volcarona\n|\n|-sideend|p2: B. Farro|move: Tailwind\n|upkeep\n|\n|t:|1776114847\n|switch|p1b: Sneasler|Sneasler, L50, F|100/100\n|-sideend|p1: j0mso|move: Toxic Spikes|[of] p1b: Sneasler\n|turn|7\n|\n|t:|1776114861\n|switch|p2b: Kangaskhan|Kangaskhan, L50, F|28/100\n|move|p2a: Glimmora|Spiky Shield|p2a: Glimmora\n|-singleturn|p2a: Glimmora|move: Protect\n|move|p1b: Sneasler|Dire Claw|p2b: Kangaskhan\n|-damage|p2b: Kangaskhan|0 fnt\n|faint|p2b: Kangaskhan\n|move|p1a: Kingambit|Kowtow Cleave|p2a: Glimmora\n|-activate|p2a: Glimmora|move: Protect\n|-damage|p1a: Kingambit|88/100|[from] Spiky Shield|[of] p2a: Glimmora\n|\n|upkeep\n|\n|t:|1776114878\n|switch|p2b: Garchomp|Garchomp, L50, M|100/100\n|turn|8\n|-message|j0mso forfeited.\n|\n|win|B. Farro\n|raw|j0mso's rating: 1163 &rarr; <strong>1139</strong><br />(-24 for losing)\n|raw|B. Farro's rating: 1182 &rarr; <strong>1206</strong><br />(+24 for winning)\n|l|\u2606j0mso\n|player|p1|\n",
  "uploadtime": 1776114895,
  "views": 16,
  "formatid": "gen9championsvgc2026regma",
  "rating": 1139,
  "private": 0,
  "password": null
}