{
  "id": "gen9championsvgc2026regma-2587210298",
  "format": "[Gen 9 Champions] VGC 2026 Reg M-A",
  "players": [
    "mrtinubu",
    "hide on whimscott"
  ],
  "log": "|j|\u2606mrtinubu\n|j|\u2606hide on whimscott\n|t:|1776509372\n|gametype|doubles\n|player|p1|mrtinubu|brock|1306\n|player|p2|hide on whimscott|artist-gen4|1384\n|gen|9\n|tier|[Gen 9 Champions] VGC 2026 Reg M-A\n|rated|\n|rule|Species Clause: Limit one of each Pok\u00e9mon\n|rule|Item Clause: Limit 1 of each item\n|clearpoke\n|poke|p1|Farigiraf, L50, M, shiny|\n|poke|p1|Scovillain, L50, M|\n|poke|p1|Incineroar, L50, F|\n|poke|p1|Kingambit, L50, F|\n|poke|p1|Goodra-Hisui, L50, F|\n|poke|p1|Gallade, L50, M, shiny|\n|poke|p2|Kingambit, L50, M|\n|poke|p2|Kangaskhan, L50, F|\n|poke|p2|Blastoise, L50, F|\n|poke|p2|Sinistcha, L50|\n|poke|p2|Aerodactyl, L50, M|\n|poke|p2|Farigiraf, L50, F|\n|teampreview|4\n|inactive|Battle timer is ON: inactive players will automatically lose when time's up. (requested by mrtinubu)\n|inactive|hide on whimscott has 60 seconds left.\n|\n|t:|1776509404\n|teamsize|p1|4\n|teamsize|p2|4\n|start\n|switch|p1a: Farigiraf|Farigiraf, L50, M, shiny|100/100\n|switch|p1b: Scovillain|Scovillain, L50, M|100/100\n|switch|p2a: Blastoise|Blastoise, L50, F|100/100\n|switch|p2b: Farigiraf|Farigiraf, L50, F|100/100\n|turn|1\n|inactive|hide on whimscott has 30 seconds left.\n|\n|t:|1776509435\n|detailschange|p2a: Blastoise|Blastoise-Mega, L50, F\n|-mega|p2a: Blastoise|Blastoise|Blastoisinite\n|detailschange|p1b: Scovillain|Scovillain-Mega, L50, M\n|-mega|p1b: Scovillain|Scovillain|Scovillainite\n|move|p2a: Blastoise|Water Spout|p1a: Farigiraf|[spread] p1a,p1b\n|-damage|p1a: Farigiraf|37/100\n|-damage|p1b: Scovillain|41/100\n|-status|p2a: Blastoise|brn|[from] ability: Spicy Spray|[of] p1b: Scovillain\n|move|p1b: Scovillain|Leaf Storm|p2a: Blastoise\n|-supereffective|p2a: Blastoise|1\n|-damage|p2a: Blastoise|0 fnt\n|-unboost|p1b: Scovillain|spa|2\n|faint|p2a: Blastoise\n|move|p2b: Farigiraf|Rain Dance|p2b: Farigiraf\n|-weather|RainDance\n|move|p1a: Farigiraf|Hyper Voice|p2b: Farigiraf\n|-damage|p2b: Farigiraf|49/100\n|-enditem|p2b: Farigiraf|Sitrus Berry|[eat]\n|-heal|p2b: Farigiraf|73/100|[from] item: Sitrus Berry\n|\n|-weather|RainDance|[upkeep]\n|upkeep\n|\n|t:|1776509444\n|switch|p2a: Sinistcha|Sinistcha, L50|100/100\n|-heal|p2b: Farigiraf|98/100|[from] ability: Hospitality|[of] p2a: Sinistcha\n|turn|2\n|\n|t:|1776509465\n|move|p1b: Scovillain|Rage Powder|p1b: Scovillain\n|-singleturn|p1b: Scovillain|move: Rage Powder\n|move|p2a: Sinistcha|Matcha Gotcha|p1a: Farigiraf|[spread] p1a,p1b\n|-resisted|p1b: Scovillain|2\n|-damage|p1a: Farigiraf|15/100\n|-damage|p1b: Scovillain|36/100\n|-status|p2a: Sinistcha|brn|[from] ability: Spicy Spray|[of] p1b: Scovillain\n|move|p2b: Farigiraf|Hyper Voice|p1a: Farigiraf|[spread] p1a,p1b\n|-damage|p1a: Farigiraf|0 fnt\n|-damage|p1b: Scovillain|13/100\n|-status|p2b: Farigiraf|brn|[from] ability: Spicy Spray|[of] p1b: Scovillain\n|faint|p1a: Farigiraf\n|\n|-weather|RainDance|[upkeep]\n|-damage|p2a: Sinistcha|94/100 brn|[from] brn\n|-damage|p2b: Farigiraf|92/100 brn|[from] brn\n|upkeep\n|\n|t:|1776509479\n|switch|p1a: Incineroar|Incineroar, L50, F|100/100\n|-ability|p1a: Incineroar|Intimidate|boost\n|-unboost|p2a: Sinistcha|atk|1\n|-unboost|p2b: Farigiraf|atk|1\n|turn|3\n|\n|t:|1776509501\n|switch|p1b: Gallade|Gallade, L50, M, shiny|100/100\n|move|p2a: Sinistcha|Matcha Gotcha|p1a: Incineroar|[spread] p1a,p1b\n|-resisted|p1a: Incineroar|1\n|-damage|p1a: Incineroar|89/100\n|-heal|p2a: Sinistcha|100/100 brn|[from] drain|[of] p1a: Incineroar\n|-damage|p1b: Gallade|78/100\n|move|p2b: Farigiraf|Hyper Voice|p1a: Incineroar|[spread] p1a,p1b\n|-damage|p1a: Incineroar|65/100\n|-damage|p1b: Gallade|54/100\n|move|p1a: Incineroar|Throat Chop|p2a: Sinistcha\n|-supereffective|p2a: Sinistcha|1\n|-enditem|p2a: Sinistcha|Colbur Berry|[eat]\n|-enditem|p2a: Sinistcha|Colbur Berry|[weaken]\n|-damage|p2a: Sinistcha|67/100 brn\n|-start|p2a: Sinistcha|Throat Chop|[silent]\n|\n|-weather|RainDance|[upkeep]\n|-damage|p2a: Sinistcha|61/100 brn|[from] brn\n|-damage|p2b: Farigiraf|87/100 brn|[from] brn\n|upkeep\n|turn|4\n|\n|t:|1776509523\n|switch|p2b: Kingambit|Kingambit, L50, M|100/100\n|move|p1b: Gallade|Sacred Sword|p2b: Kingambit\n|-supereffective|p2b: Kingambit|2\n|-damage|p2b: Kingambit|0 fnt\n|faint|p2b: Kingambit\n|move|p2a: Sinistcha|Life Dew|p2a: Sinistcha\n|-heal|p2a: Sinistcha|86/100 brn\n|move|p1a: Incineroar|Throat Chop|p2a: Sinistcha\n|-supereffective|p2a: Sinistcha|1\n|-damage|p2a: Sinistcha|12/100 brn\n|\n|-weather|RainDance|[upkeep]\n|-damage|p2a: Sinistcha|6/100 brn|[from] brn\n|-end|p2a: Sinistcha|Throat Chop|[silent]\n|upkeep\n|\n|t:|1776509534\n|switch|p2b: Farigiraf|Farigiraf, L50, F|87/100 brn\n|turn|5\n|\n|t:|1776509545\n|move|p1b: Gallade|Sacred Sword|p2b: Farigiraf\n|-damage|p2b: Farigiraf|24/100 brn\n|move|p2a: Sinistcha|Matcha Gotcha|p1b: Gallade|[spread] p1a,p1b\n|-resisted|p1a: Incineroar|1\n|-damage|p1a: Incineroar|53/100\n|-heal|p2a: Sinistcha|12/100 brn|[from] drain|[of] p1a: Incineroar\n|-damage|p1b: Gallade|31/100\n|-heal|p2a: Sinistcha|24/100 brn|[from] drain|[of] p1b: Gallade\n|move|p2b: Farigiraf|Hyper Voice|p1a: Incineroar|[spread] p1a,p1b\n|-damage|p1a: Incineroar|31/100\n|-damage|p1b: Gallade|7/100\n|move|p1a: Incineroar|Throat Chop|p2a: Sinistcha\n|-supereffective|p2a: Sinistcha|1\n|-damage|p2a: Sinistcha|0 fnt\n|faint|p2a: Sinistcha\n|\n|-weather|none\n|-damage|p2b: Farigiraf|18/100 brn|[from] brn\n|upkeep\n|turn|6\n|-message|hide on whimscott forfeited.\n|\n|win|mrtinubu\n|raw|mrtinubu's rating: 1306 &rarr; <strong>1330</strong><br />(+24 for winning)\n|raw|hide on whimscott's rating: 1384 &rarr; <strong>1360</strong><br />(-24 for losing)\n",
  "uploadtime": 1776509555,
  "views": 24,
  "formatid": "gen9championsvgc2026regma",
  "rating": 1330,
  "private": 0,
  "password": null
}