{
  "id": "gen9championsvgc2026regma-2586670137",
  "format": "[Gen 9 Champions] VGC 2026 Reg M-A",
  "players": [
    "Buftzi",
    "itsjustsomni"
  ],
  "log": "|j|\u2606Buftzi\n|j|\u2606itsjustsomni\n|t:|1776450800\n|gametype|doubles\n|player|p1|Buftzi|ghetsis|1118\n|player|p2|itsjustsomni|cyrus|1141\n|gen|9\n|tier|[Gen 9 Champions] VGC 2026 Reg M-A\n|rated|\n|rule|Species Clause: Limit one of each Pok\u00e9mon\n|rule|Item Clause: Limit 1 of each item\n|clearpoke\n|poke|p1|Talonflame, L50, F|\n|poke|p1|Blastoise, L50, F|\n|poke|p1|Garchomp, L50, M|\n|poke|p1|Floette-Eternal, L50, F|\n|poke|p1|Incineroar, L50, M|\n|poke|p1|Rotom-Wash, L50|\n|poke|p2|Aggron, L50, F|\n|poke|p2|Sinistcha, L50|\n|poke|p2|Hydreigon, L50, M|\n|poke|p2|Rotom-Wash, L50|\n|poke|p2|Incineroar, L50, F|\n|poke|p2|Aerodactyl, L50, F|\n|teampreview|4\n|inactive|Battle timer is ON: inactive players will automatically lose when time's up. (requested by itsjustsomni)\n|inactive|Buftzi also wants the timer to be on.\n|inactive|itsjustsomni has 60 seconds left.\n|\n|t:|1776450841\n|teamsize|p1|4\n|teamsize|p2|4\n|start\n|switch|p1a: Talonflame|Talonflame, L50, F, shiny|100/100\n|switch|p1b: Blastoise|Blastoise, L50, F|100/100\n|switch|p2a: Hydreigon|Hydreigon, L50, M|100/100\n|switch|p2b: Aggron|Aggron, L50, F|100/100\n|turn|1\n|inactive|itsjustsomni has 30 seconds left.\n|\n|t:|1776450872\n|detailschange|p1b: Blastoise|Blastoise-Mega, L50, F\n|-mega|p1b: Blastoise|Blastoise|Blastoisinite\n|detailschange|p2b: Aggron|Aggron-Mega, L50, F\n|-mega|p2b: Aggron|Aggron|Aggronite\n|move|p2a: Hydreigon|Protect|p2a: Hydreigon\n|-singleturn|p2a: Hydreigon|Protect\n|move|p1a: Talonflame|Tailwind|p1a: Talonflame\n|-sidestart|p1: Buftzi|move: Tailwind\n|move|p1b: Blastoise|Water Spout|p2b: Aggron|[spread] p2b\n|-activate|p2a: Hydreigon|move: Protect\n|-damage|p2b: Aggron|48/100\n|move|p2b: Aggron|Body Press|p1b: Blastoise\n|-damage|p1b: Blastoise|59/100\n|\n|upkeep\n|turn|2\n|inactive|itsjustsomni has 30 seconds left.\n|\n|t:|1776450904\n|move|p2b: Aggron|Protect|p2b: Aggron\n|-singleturn|p2b: Aggron|Protect\n|move|p1a: Talonflame|Will-O-Wisp|p2b: Aggron\n|-activate|p2b: Aggron|move: Protect\n|move|p1b: Blastoise|Ice Beam|p2a: Hydreigon\n|-supereffective|p2a: Hydreigon|1\n|-damage|p2a: Hydreigon|27/100\n|move|p2a: Hydreigon|Draco Meteor|p1b: Blastoise\n|-damage|p1b: Blastoise|0 fnt\n|-unboost|p2a: Hydreigon|spa|2\n|faint|p1b: Blastoise\n|\n|upkeep\n|\n|t:|1776450920\n|switch|p1b: Garchomp|Garchomp, L50, M, shiny|100/100\n|turn|3\n|\n|t:|1776450932\n|switch|p2a: Sinistcha|Sinistcha, L50|100/100\n|-heal|p2b: Aggron|73/100|[from] ability: Hospitality|[of] p2a: Sinistcha\n|switch|p2b: Rotom|Rotom-Wash, L50|100/100\n|move|p1a: Talonflame|Dual Wingbeat|p2a: Sinistcha\n|-supereffective|p2a: Sinistcha|1\n|-damage|p2a: Sinistcha|66/100\n|-supereffective|p2a: Sinistcha|1\n|-damage|p2a: Sinistcha|34/100\n|-hitcount|p2a: Sinistcha|2\n|move|p1b: Garchomp|Earthquake|p2b: Rotom|[spread] p2a\n|-immune|p1a: Talonflame\n|-immune|p2b: Rotom|[from] ability: Levitate\n|-resisted|p2a: Sinistcha|1\n|-damage|p2a: Sinistcha|17/100\n|\n|-heal|p2a: Sinistcha|24/100|[from] item: Leftovers\n|upkeep\n|turn|4\n|inactive|itsjustsomni has 30 seconds left.\n|inactive|itsjustsomni has 20 seconds left.\n|inactive|itsjustsomni has 15 seconds left.\n|\n|t:|1776450977\n|switch|p1b: Rotom|Rotom-Wash, L50, shiny|100/100\n|switch|p2a: Aggron|Aggron-Mega, L50, F|73/100\n|move|p1a: Talonflame|Dual Wingbeat|p2a: Aggron\n|-resisted|p2a: Aggron|1\n|-damage|p2a: Aggron|67/100\n|-resisted|p2a: Aggron|1\n|-damage|p2a: Aggron|62/100\n|-hitcount|p2a: Aggron|2\n|move|p2b: Rotom|Thunderbolt|p1a: Talonflame\n|-supereffective|p1a: Talonflame|1\n|-damage|p1a: Talonflame|0 fnt\n|faint|p1a: Talonflame\n|\n|-sideend|p1: Buftzi|move: Tailwind\n|upkeep\n|\n|t:|1776450992\n|switch|p1a: Garchomp|Garchomp, L50, M, shiny|100/100\n|turn|5\n|\n|t:|1776451017\n|move|p2a: Aggron|Protect|p2a: Aggron\n|-singleturn|p2a: Aggron|Protect\n|move|p1a: Garchomp|Rock Slide|p2a: Aggron|[spread] p2b\n|-activate|p2a: Aggron|move: Protect\n|-damage|p2b: Rotom|71/100\n|move|p1b: Rotom|Electroweb|p2b: Rotom|[spread] p2b\n|-activate|p2a: Aggron|move: Protect\n|-damage|p2b: Rotom|48/100\n|-unboost|p2b: Rotom|spe|1\n|move|p2b: Rotom|Thunderbolt|p1b: Rotom\n|-damage|p1b: Rotom|46/100\n|\n|-heal|p1b: Rotom|52/100|[from] item: Leftovers\n|upkeep\n|turn|6\n|\n|t:|1776451041\n|switch|p2a: Sinistcha|Sinistcha, L50|24/100\n|-heal|p2b: Rotom|73/100|[from] ability: Hospitality|[of] p2a: Sinistcha\n|move|p1a: Garchomp|Rock Slide|p2a: Sinistcha|[spread] p2a,p2b\n|-damage|p2a: Sinistcha|8/100\n|-damage|p2b: Rotom|47/100\n|move|p1b: Rotom|Electroweb|p2a: Sinistcha|[spread] p2a,p2b\n|-resisted|p2a: Sinistcha|1\n|-damage|p2a: Sinistcha|0 fnt\n|-damage|p2b: Rotom|22/100\n|-unboost|p2b: Rotom|spe|1\n|faint|p2a: Sinistcha\n|move|p2b: Rotom|Thunderbolt|p1b: Rotom\n|-damage|p1b: Rotom|0 fnt\n|faint|p1b: Rotom\n|\n|upkeep\n|\n|t:|1776451059\n|switch|p2a: Hydreigon|Hydreigon, L50, M|27/100\n|turn|7\n|\n|t:|1776451067\n|move|p1a: Garchomp|Rock Slide|p2b: Rotom|[spread] p2a,p2b\n|-damage|p2a: Hydreigon|6/100\n|-damage|p2b: Rotom|0 fnt\n|faint|p2b: Rotom\n|move|p2a: Hydreigon|Draco Meteor|p1a: Garchomp|[miss]\n|-miss|p2a: Hydreigon|p1a: Garchomp\n|\n|upkeep\n|\n|t:|1776451077\n|switch|p2b: Aggron|Aggron-Mega, L50, F|62/100\n|turn|8\n|\n|t:|1776451084\n|move|p1a: Garchomp|Rock Slide|p2a: Hydreigon|[spread] p2a,p2b\n|-resisted|p2b: Aggron|1\n|-damage|p2a: Hydreigon|0 fnt\n|-damage|p2b: Aggron|56/100\n|faint|p2a: Hydreigon\n|move|p2b: Aggron|Iron Defense|p2b: Aggron\n|-boost|p2b: Aggron|def|2\n|\n|upkeep\n|turn|9\n|\n|t:|1776451094\n|move|p1a: Garchomp|Rock Slide|p2b: Aggron\n|-resisted|p2b: Aggron|1\n|-damage|p2b: Aggron|53/100\n|cant|p2b: Aggron|flinch\n|\n|upkeep\n|turn|10\n|\n|t:|1776451100\n|move|p1a: Garchomp|Rock Slide|p2b: Aggron\n|-resisted|p2b: Aggron|1\n|-damage|p2b: Aggron|49/100\n|move|p2b: Aggron|Iron Defense|p2b: Aggron\n|-boost|p2b: Aggron|def|2\n|\n|upkeep\n|turn|11\n|\n|t:|1776451109\n|move|p1a: Garchomp|Rock Slide|p2b: Aggron\n|-resisted|p2b: Aggron|1\n|-damage|p2b: Aggron|46/100\n|move|p2b: Aggron|Body Press|p1a: Garchomp\n|-damage|p1a: Garchomp|0 fnt\n|-damage|p2b: Aggron|34/100|[from] ability: Rough Skin|[of] p1a: Garchomp\n|faint|p1a: Garchomp\n|\n|win|itsjustsomni\n|raw|Buftzi's rating: 1118 &rarr; <strong>1095</strong><br />(-23 for losing)\n|raw|itsjustsomni's rating: 1141 &rarr; <strong>1164</strong><br />(+23 for winning)\n",
  "uploadtime": 1776451117,
  "views": 33,
  "formatid": "gen9championsvgc2026regma",
  "rating": 1095,
  "private": 0,
  "password": null
}