{
  "id": "gen9championsvgc2026regma-2582474864",
  "format": "[Gen 9 Champions] VGC 2026 Reg M-A",
  "players": [
    "jonen",
    "Ksd-004"
  ],
  "log": "|j|\u2606jonen\n|j|\u2606Ksd-004\n|t:|1776094063\n|gametype|doubles\n|player|p1|jonen|medium|1099\n|player|p2|Ksd-004|1|1085\n|gen|9\n|tier|[Gen 9 Champions] VGC 2026 Reg M-A\n|rated|\n|rule|Species Clause: Limit one of each Pok\u00e9mon\n|rule|Item Clause: Limit 1 of each item\n|clearpoke\n|poke|p1|Kleavor, L50, M|\n|poke|p1|Hippowdon, L50, F|\n|poke|p1|Chesnaught, L50, F|\n|poke|p1|Sneasler, L50, M|\n|poke|p1|Empoleon, L50, F|\n|poke|p1|Sinistcha, L50|\n|poke|p2|Incineroar, L50, F|\n|poke|p2|Archaludon, L50, M|\n|poke|p2|Pelipper, L50, M|\n|poke|p2|Basculegion, L50, M|\n|poke|p2|Sneasler, L50, M|\n|poke|p2|Meganium, L50, F|\n|teampreview|4\n|inactive|Battle timer is ON: inactive players will automatically lose when time's up. (requested by Ksd-004)\n|\n|t:|1776094085\n|teamsize|p1|4\n|teamsize|p2|4\n|start\n|switch|p1a: Kleavor|Kleavor, L50, M, shiny|100/100\n|switch|p1b: Hippowdon|Hippowdon, L50, F|100/100\n|switch|p2a: Pelipper|Pelipper, L50, M|100/100\n|switch|p2b: Basculegion|Basculegion, L50, M|100/100\n|-weather|RainDance|[from] ability: Drizzle|[of] p2a: Pelipper\n|-weather|Sandstorm|[from] ability: Sand Stream|[of] p1b: Hippowdon\n|turn|1\n|\n|t:|1776094104\n|switch|p2a: Archaludon|Archaludon, L50, M|100/100\n|move|p2b: Basculegion|Flip Turn|p1b: Hippowdon\n|-supereffective|p1b: Hippowdon|1\n|-damage|p1b: Hippowdon|56/100\n|\n|t:|1776094110\n|switch|p2b: Pelipper|Pelipper, L50, M|100/100|[from] Flip Turn\n|-weather|RainDance|[from] ability: Drizzle|[of] p2b: Pelipper\n|move|p1a: Kleavor|Stone Axe|p2a: Archaludon|[miss]\n|-miss|p1a: Kleavor|p2a: Archaludon\n|move|p1b: Hippowdon|Yawn|p2b: Pelipper\n|-start|p2b: Pelipper|move: Yawn|[of] p1b: Hippowdon\n|\n|-weather|RainDance|[upkeep]\n|-heal|p1b: Hippowdon|62/100|[from] item: Leftovers\n|upkeep\n|turn|2\n|\n|t:|1776094126\n|switch|p1b: Chesnaught|Chesnaught, L50, F|100/100\n|move|p1a: Kleavor|Stone Axe|p2b: Pelipper\n|-supereffective|p2b: Pelipper|1\n|-enditem|p2b: Pelipper|Focus Sash\n|-damage|p2b: Pelipper|1/100\n|-sidestart|p2: Ksd-004|move: Stealth Rock\n|move|p2b: Pelipper|Tailwind|p2b: Pelipper\n|-sidestart|p2: Ksd-004|move: Tailwind\n|move|p2a: Archaludon|Electro Shot||[still]\n|-prepare|p2a: Archaludon|Electro Shot\n|-boost|p2a: Archaludon|spa|1\n|-anim|p2a: Archaludon|Electro Shot|p1b: Chesnaught\n|-resisted|p1b: Chesnaught|1\n|-damage|p1b: Chesnaught|76/100\n|\n|-weather|RainDance|[upkeep]\n|-end|p2b: Pelipper|move: Yawn|[silent]\n|-status|p2b: Pelipper|slp\n|upkeep\n|turn|3\n|\n|t:|1776094150\n|switch|p2b: Basculegion|Basculegion, L50, M|100/100\n|-damage|p2b: Basculegion|88/100|[from] Stealth Rock\n|switch|p1a: Hippowdon|Hippowdon, L50, F|62/100\n|-weather|Sandstorm|[from] ability: Sand Stream|[of] p1a: Hippowdon\n|detailschange|p1b: Chesnaught|Chesnaught-Mega, L50, F\n|-mega|p1b: Chesnaught|Chesnaught|Chesnaughtite\n|move|p2a: Archaludon|Electro Shot||[still]\n|-prepare|p2a: Archaludon|Electro Shot\n|-boost|p2a: Archaludon|spa|1\n|move|p1b: Chesnaught|Leech Seed|p2a: Archaludon\n|-start|p2a: Archaludon|move: Leech Seed\n|\n|-weather|Sandstorm|[upkeep]\n|-damage|p2b: Basculegion|82/100|[from] Sandstorm\n|-damage|p1b: Chesnaught|70/100|[from] Sandstorm\n|-heal|p1a: Hippowdon|68/100|[from] item: Leftovers\n|-damage|p2a: Archaludon|88/100|[from] Leech Seed|[of] p1b: Chesnaught\n|-heal|p1b: Chesnaught|83/100|[silent]\n|upkeep\n|turn|4\n|\n|t:|1776094175\n|switch|p1a: Sinistcha|Sinistcha, L50|100/100\n|-heal|p1b: Chesnaught|100/100|[from] ability: Hospitality|[of] p1a: Sinistcha\n|move|p2b: Basculegion|Flip Turn|p1a: Sinistcha\n|-resisted|p1a: Sinistcha|1\n|-damage|p1a: Sinistcha|86/100\n|\n|t:|1776094181\n|switch|p2b: Pelipper|Pelipper, L50, M|1/100 slp|[from] Flip Turn\n|-damage|p2b: Pelipper|0 fnt|[from] Stealth Rock\n|faint|p2b: Pelipper\n|move|p2a: Archaludon|Electro Shot|p1a: Sinistcha|[from] lockedmove\n|-resisted|p1a: Sinistcha|1\n|-damage|p1a: Sinistcha|42/100\n|move|p1b: Chesnaught|Leech Seed||[still]\n|-fail|p1b: Chesnaught\n|\n|-weather|Sandstorm|[upkeep]\n|-damage|p1a: Sinistcha|36/100|[from] Sandstorm\n|-damage|p1b: Chesnaught|94/100|[from] Sandstorm\n|-damage|p2a: Archaludon|76/100|[from] Leech Seed|[of] p1b: Chesnaught\n|-heal|p1b: Chesnaught|100/100|[silent]\n|upkeep\n|c|\u2606Ksd-004|Wow learned that\n|\n|t:|1776094202\n|switch|p2b: Meganium|Meganium, L50, F|100/100\n|-damage|p2b: Meganium|88/100|[from] Stealth Rock\n|turn|5\n|c|\u2606jonen|Ah yeah lol\n|inactive|jonen has 30 seconds left.\n|\n|t:|1776094230\n|detailschange|p2b: Meganium|Meganium-Mega, L50, F\n|-mega|p2b: Meganium|Meganium|Meganiumite\n|move|p2a: Archaludon|Flash Cannon|p1b: Chesnaught\n|-damage|p1b: Chesnaught|56/100\n|move|p2b: Meganium|Weather Ball|p1b: Chesnaught\n|-immune|p1b: Chesnaught|[from] ability: Bulletproof\n|move|p1a: Sinistcha|Strength Sap|p1b: Chesnaught\n|-unboost|p1b: Chesnaught|atk|1\n|-heal|p1a: Sinistcha|100/100\n|move|p1b: Chesnaught|Body Press|p2a: Archaludon\n|-supereffective|p2a: Archaludon|1\n|-damage|p2a: Archaludon|9/100\n|-ability|p2a: Archaludon|Stamina|boost\n|-boost|p2a: Archaludon|def|1\n|\n|-weather|Sandstorm|[upkeep]\n|-damage|p2b: Meganium|82/100|[from] Sandstorm\n|-damage|p1a: Sinistcha|94/100|[from] Sandstorm\n|-damage|p1b: Chesnaught|50/100|[from] Sandstorm\n|-damage|p2a: Archaludon|0 fnt|[from] Leech Seed|[of] p1b: Chesnaught\n|-heal|p1b: Chesnaught|58/100|[silent]\n|faint|p2a: Archaludon\n|-sideend|p2: Ksd-004|move: Tailwind\n|upkeep\n|c|\u2606jonen|Another thing to learn :)\n|\n|t:|1776094255\n|switch|p2a: Basculegion|Basculegion, L50, M|82/100\n|-damage|p2a: Basculegion|70/100|[from] Stealth Rock\n|turn|6\n|\n|t:|1776094263\n|move|p2a: Basculegion|Last Respects|p1b: Chesnaught\n|-damage|p1b: Chesnaught|6/100\n|move|p2b: Meganium|Dazzling Gleam|p1b: Chesnaught|[spread] p1a,p1b\n|-supereffective|p1b: Chesnaught|1\n|-damage|p1a: Sinistcha|52/100\n|-damage|p1b: Chesnaught|0 fnt\n|faint|p1b: Chesnaught\n|move|p1a: Sinistcha|Matcha Gotcha|p2b: Meganium|[spread] p2a,p2b\n|-supereffective|p2a: Basculegion|1\n|-resisted|p2b: Meganium|1\n|-damage|p2a: Basculegion|15/100\n|-heal|p1a: Sinistcha|82/100|[from] drain|[of] p2a: Basculegion\n|-damage|p2b: Meganium|72/100\n|-heal|p1a: Sinistcha|88/100|[from] drain|[of] p2b: Meganium\n|\n|-weather|Sandstorm|[upkeep]\n|-damage|p2a: Basculegion|9/100|[from] Sandstorm\n|-damage|p2b: Meganium|66/100|[from] Sandstorm\n|-damage|p1a: Sinistcha|81/100|[from] Sandstorm\n|upkeep\n|\n|t:|1776094272\n|switch|p1b: Kleavor|Kleavor, L50, M, shiny|100/100\n|turn|7\n|\n|t:|1776094278\n|move|p2a: Basculegion|Last Respects|p1b: Kleavor\n|-damage|p1b: Kleavor|0 fnt\n|faint|p1b: Kleavor\n|move|p2b: Meganium|Weather Ball|p1a: Sinistcha\n|-supereffective|p1a: Sinistcha|1\n|-damage|p1a: Sinistcha|0 fnt\n|faint|p1a: Sinistcha\n|\n|-weather|none\n|upkeep\n|\n|t:|1776094282\n|switch|p1b: Hippowdon|Hippowdon, L50, F|68/100\n|-weather|Sandstorm|[from] ability: Sand Stream|[of] p1b: Hippowdon\n|turn|8\n|\n|t:|1776094290\n|move|p2a: Basculegion|Last Respects|p1b: Hippowdon\n|-damage|p1b: Hippowdon|15/100\n|move|p2b: Meganium|Solar Beam||[still]\n|-prepare|p2b: Meganium|Solar Beam\n|-activate|p2b: Meganium|ability: Mega Sol\n|-anim|p2b: Meganium|Solar Beam|p1b: Hippowdon\n|-supereffective|p1b: Hippowdon|1\n|-damage|p1b: Hippowdon|0 fnt\n|faint|p1b: Hippowdon\n|\n|win|Ksd-004\n|raw|jonen's rating: 1099 &rarr; <strong>1073</strong><br />(-26 for losing)\n|raw|Ksd-004's rating: 1085 &rarr; <strong>1113</strong><br />(+28 for winning)\n",
  "uploadtime": 1776094291,
  "views": 10,
  "formatid": "gen9championsvgc2026regma",
  "rating": 1073,
  "private": 0,
  "password": null
}