{
  "id": "gen9championsvgc2026regma-2580610760",
  "format": "[Gen 9 Champions] VGC 2026 Reg M-A",
  "players": [
    "Ancient_Sword22",
    "Egraser"
  ],
  "log": "|j|\u2606Ancient_Sword22\n|j|\u2606Egraser\n|t:|1775917890\n|gametype|doubles\n|player|p1|Ancient_Sword22|cynthia-gen4|1043\n|player|p2|Egraser|101|1118\n|gen|9\n|tier|[Gen 9 Champions] VGC 2026 Reg M-A\n|rated|\n|rule|Species Clause: Limit one of each Pok\u00e9mon\n|rule|Item Clause: Limit 1 of each item\n|clearpoke\n|poke|p1|Tsareena, L50, F|\n|poke|p1|Dedenne, L50, M|\n|poke|p1|Emboar, L50, F|\n|poke|p1|Banette, L50, M|\n|poke|p1|Alcremie, L50, F|\n|poke|p1|Empoleon, L50, M|\n|poke|p2|Golurk, L50|\n|poke|p2|Mimikyu, L50, F|\n|poke|p2|Sinistcha, L50|\n|poke|p2|Dragonite, L50, F|\n|poke|p2|Kingambit, L50, F|\n|poke|p2|Primarina, L50, M|\n|teampreview|4\n|\n|t:|1775917954\n|teamsize|p1|4\n|teamsize|p2|4\n|start\n|switch|p1a: Regina|Tsareena, L50, F|100/100\n|switch|p1b: rodent|Dedenne, L50, M|100/100\n|switch|p2a: Mimikyu|Mimikyu, L50, F|100/100\n|switch|p2b: Golurk|Golurk, L50|100/100\n|turn|1\n|\n|t:|1775917973\n|move|p2b: Golurk|Protect|p2b: Golurk\n|-singleturn|p2b: Golurk|Protect\n|move|p1b: rodent|Nuzzle|p2a: Mimikyu\n|-activate|p2a: Mimikyu|ability: Disguise\n|-damage|p2a: Mimikyu|100/100\n|-status|p2a: Mimikyu|par\n|detailschange|p2a: Mimikyu|Mimikyu-Busted, L50, F\n|-damage|p2a: Mimikyu|88/100 par|[from] pokemon: Mimikyu-Busted\n|move|p1a: Regina|Grassy Terrain|p1a: Regina\n|-fieldstart|move: Grassy Terrain\n|move|p2a: Mimikyu|Trick Room|p2a: Mimikyu\n|-fieldstart|move: Trick Room|[of] p2a: Mimikyu\n|\n|-heal|p2a: Mimikyu|94/100 par|[from] Grassy Terrain\n|upkeep\n|turn|2\n|\n|t:|1775918005\n|detailschange|p2b: Golurk|Golurk-Mega, L50\n|-mega|p2b: Golurk|Golurk|Golurkite\n|move|p1a: Regina|Grassy Glide|p2b: Golurk\n|-supereffective|p2b: Golurk|1\n|-damage|p2b: Golurk|21/100\n|cant|p2a: Mimikyu|par\n|move|p2b: Golurk|Poltergeist|p1a: Regina\n|-activate|p1a: Regina|move: Poltergeist|Miracle Seed\n|-damage|p1a: Regina|18/100\n|move|p1b: rodent|U-turn|p2a: Mimikyu\n|-resisted|p2a: Mimikyu|2\n|-damage|p2a: Mimikyu|92/100 par\n|\n|t:|1775918020\n|switch|p1b: Peppy|Empoleon, L50, M|100/100|[from] U-turn\n|\n|-heal|p2a: Mimikyu|98/100 par|[from] Grassy Terrain\n|-heal|p2b: Golurk|27/100|[from] Grassy Terrain\n|-heal|p1a: Regina|24/100|[from] Grassy Terrain\n|upkeep\n|turn|3\n|\n|t:|1775918037\n|switch|p2b: Primarina|Primarina, L50, M|100/100\n|move|p1a: Regina|Grassy Glide|p2b: Primarina\n|-supereffective|p2b: Primarina|1\n|-damage|p2b: Primarina|0 fnt\n|faint|p2b: Primarina\n|move|p2a: Mimikyu|Play Rough|p1a: Regina\n|-damage|p1a: Regina|0 fnt\n|faint|p1a: Regina\n|move|p1b: Peppy|Flash Cannon|p2a: Mimikyu\n|-supereffective|p2a: Mimikyu|1\n|-damage|p2a: Mimikyu|38/100 par\n|\n|-heal|p2a: Mimikyu|44/100 par|[from] Grassy Terrain\n|upkeep\n|\n|t:|1775918054\n|switch|p2b: Golurk|Golurk-Mega, L50|27/100\n|switch|p1a: Blaze|Emboar, L50, F|100/100\n|turn|4\n|\n|t:|1775918071\n|switch|p2a: Sinistcha|Sinistcha, L50|100/100\n|-heal|p2b: Golurk|52/100|[from] ability: Hospitality|[of] p2a: Sinistcha\n|move|p1a: Blaze|Protect|p1a: Blaze\n|-singleturn|p1a: Blaze|Protect\n|move|p2b: Golurk|Headlong Rush|p1a: Blaze\n|-supereffective|p1a: Blaze|1\n|-damage|p1a: Blaze|58/100\n|-unboost|p2b: Golurk|def|1\n|-unboost|p2b: Golurk|spd|1\n|move|p1b: Peppy|Flash Cannon|p2b: Golurk\n|-damage|p2b: Golurk|12/100\n|\n|-heal|p2b: Golurk|18/100|[from] Grassy Terrain\n|-heal|p1a: Blaze|64/100|[from] Grassy Terrain\n|-heal|p1a: Blaze|70/100|[from] item: Leftovers\n|upkeep\n|turn|5\n|\n|t:|1775918092\n|move|p2a: Sinistcha|Rage Powder|p2a: Sinistcha\n|-singleturn|p2a: Sinistcha|move: Rage Powder\n|move|p2b: Golurk|Headlong Rush|p1b: Peppy\n|-supereffective|p1b: Peppy|1\n|-crit|p1b: Peppy\n|-damage|p1b: Peppy|0 fnt\n|-unboost|p2b: Golurk|def|1\n|-unboost|p2b: Golurk|spd|1\n|faint|p1b: Peppy\n|move|p1a: Blaze|Flare Blitz|p2a: Sinistcha\n|-supereffective|p2a: Sinistcha|1\n|-damage|p2a: Sinistcha|0 fnt\n|faint|p2a: Sinistcha\n|-damage|p1a: Blaze|42/100|[from] Recoil\n|\n|-heal|p2b: Golurk|24/100|[from] Grassy Terrain\n|-heal|p1a: Blaze|48/100|[from] Grassy Terrain\n|-heal|p1a: Blaze|54/100|[from] item: Leftovers\n|-fieldend|move: Trick Room\n|-fieldend|move: Grassy Terrain\n|upkeep\n|\n|t:|1775918110\n|switch|p2a: Mimikyu|Mimikyu-Busted, L50, F|44/100 par\n|switch|p1b: rodent|Dedenne, L50, M|100/100\n|turn|6\n|\n|t:|1775918130\n|move|p2b: Golurk|Protect|p2b: Golurk\n|-singleturn|p2b: Golurk|Protect\n|move|p1b: rodent|U-turn|p2b: Golurk\n|-activate|p2b: Golurk|move: Protect\n|move|p1a: Blaze|Flare Blitz|p2b: Golurk\n|-activate|p2b: Golurk|move: Protect\n|move|p2a: Mimikyu|Trick Room|p2a: Mimikyu\n|-fieldstart|move: Trick Room|[of] p2a: Mimikyu\n|\n|-heal|p1a: Blaze|60/100|[from] item: Leftovers\n|upkeep\n|turn|7\n|\n|t:|1775918156\n|move|p2a: Mimikyu|Play Rough|p1b: rodent|[miss]\n|-miss|p2a: Mimikyu|p1b: rodent\n|move|p2b: Golurk|Headlong Rush|p1a: Blaze\n|-supereffective|p1a: Blaze|1\n|-damage|p1a: Blaze|0 fnt\n|-unboost|p2b: Golurk|def|1\n|-unboost|p2b: Golurk|spd|1\n|faint|p1a: Blaze\n|move|p1b: rodent|U-turn|p2b: Golurk\n|-resisted|p2b: Golurk|1\n|-damage|p2b: Golurk|14/100\n|\n|upkeep\n|turn|8\n|\n|t:|1775918170\n|move|p2a: Mimikyu|Play Rough|p1b: rodent\n|-damage|p1b: rodent|58/100\n|move|p2b: Golurk|Headlong Rush|p1b: rodent\n|-supereffective|p1b: rodent|1\n|-damage|p1b: rodent|0 fnt\n|-unboost|p2b: Golurk|def|1\n|-unboost|p2b: Golurk|spd|1\n|faint|p1b: rodent\n|\n|win|Egraser\n|raw|Ancient_Sword22's rating: 1043 &rarr; <strong>1030</strong><br />(-13 for losing)\n|raw|Egraser's rating: 1118 &rarr; <strong>1138</strong><br />(+20 for winning)\n|l|\u2606Ancient_Sword22\n|player|p1|\n|j|\u2606Ancient_Sword22\n|player|p1|Ancient_Sword22|cynthia-gen4|\n",
  "uploadtime": 1775918293,
  "views": 12,
  "formatid": "gen9championsvgc2026regma",
  "rating": 1030,
  "private": 0,
  "password": null
}