{
  "id": "gen9championsvgc2026regma-2584390658",
  "format": "[Gen 9 Champions] VGC 2026 Reg M-A",
  "players": [
    "theilldigi",
    "Dollar94ye"
  ],
  "log": "|j|\u2606theilldigi\n|j|\u2606Dollar94ye\n|t:|1776257342\n|gametype|doubles\n|player|p1|theilldigi|170|1093\n|player|p2|Dollar94ye|cynthia|1054\n|gen|9\n|tier|[Gen 9 Champions] VGC 2026 Reg M-A\n|rated|\n|rule|Species Clause: Limit one of each Pok\u00e9mon\n|rule|Item Clause: Limit 1 of each item\n|clearpoke\n|poke|p1|Meganium, L50, M|\n|poke|p1|Archaludon, L50, M|\n|poke|p1|Aerodactyl, L50, M|\n|poke|p1|Tauros-Paldea-Aqua, L50, M|\n|poke|p1|Typhlosion-Hisui, L50, M|\n|poke|p1|Kangaskhan, L50, F|\n|poke|p2|Incineroar, L50, F|\n|poke|p2|Whimsicott, L50, F|\n|poke|p2|Dragonite, L50, M|\n|poke|p2|Ninetales-Alola, L50, M|\n|poke|p2|Lucario, L50, M|\n|poke|p2|Greninja-*, L50, M|\n|teampreview|4\n|\n|t:|1776257398\n|teamsize|p1|4\n|teamsize|p2|4\n|start\n|switch|p1a: Aerodactyl|Aerodactyl, L50, M, shiny|100/100\n|switch|p1b: Tauros|Tauros-Paldea-Aqua, L50, M, shiny|100/100\n|switch|p2a: Incineroar|Incineroar, L50, F, shiny|100/100\n|switch|p2b: Lucario|Lucario, L50, M|100/100\n|-ability|p1a: Aerodactyl|Unnerve\n|-ability|p1b: Tauros|Intimidate|boost\n|-unboost|p2a: Incineroar|atk|1\n|-fail|p2b: Lucario|unboost|Attack|[from] ability: Inner Focus|[of] p2b: Lucario\n|-ability|p2a: Incineroar|Intimidate|boost\n|-unboost|p1a: Aerodactyl|atk|1\n|-unboost|p1b: Tauros|atk|1\n|-enditem|p1b: Tauros|White Herb\n|-clearnegativeboost|p1b: Tauros|[silent]\n|turn|1\n|\n|t:|1776257422\n|move|p2a: Incineroar|Fake Out|p1b: Tauros\n|-damage|p1b: Tauros|92/100\n|move|p1a: Aerodactyl|Tailwind|p1a: Aerodactyl\n|-sidestart|p1: theilldigi|move: Tailwind\n|cant|p1b: Tauros|flinch\n|move|p2b: Lucario|Meteor Mash|p1a: Aerodactyl\n|-supereffective|p1a: Aerodactyl|1\n|-enditem|p1a: Aerodactyl|Focus Sash\n|-damage|p1a: Aerodactyl|1/100\n|\n|upkeep\n|turn|2\n|\n|t:|1776257442\n|move|p2b: Lucario|Bullet Punch|p1a: Aerodactyl\n|-supereffective|p1a: Aerodactyl|1\n|-crit|p1a: Aerodactyl\n|-damage|p1a: Aerodactyl|0 fnt\n|faint|p1a: Aerodactyl\n|move|p1b: Tauros|Close Combat|p2b: Lucario\n|-supereffective|p2b: Lucario|1\n|-damage|p2b: Lucario|0 fnt\n|-unboost|p1b: Tauros|def|1\n|-unboost|p1b: Tauros|spd|1\n|faint|p2b: Lucario\n|move|p2a: Incineroar|Parting Shot|p1b: Tauros\n|-unboost|p1b: Tauros|atk|1\n|-unboost|p1b: Tauros|spa|1\n|\n|t:|1776257456\n|switch|p2a: Ninetales|Ninetales-Alola, L50, M|100/100|[from] Parting Shot\n|-weather|Snowscape|[from] ability: Snow Warning|[of] p2a: Ninetales\n|\n|-weather|Snowscape|[upkeep]\n|upkeep\n|\n|t:|1776257469\n|switch|p1a: Typhlosion|Typhlosion-Hisui, L50, M|100/100\n|switch|p2b: Dragonite|Dragonite, L50, M, shiny|100/100\n|-item|p2a: Ninetales|Leftovers|[from] ability: Frisk|[of] p1a: Typhlosion\n|-item|p2b: Dragonite|Dragoninite|[from] ability: Frisk|[of] p1a: Typhlosion\n|turn|3\n|\n|t:|1776257501\n|detailschange|p2b: Dragonite|Dragonite-Mega, L50, M, shiny\n|-mega|p2b: Dragonite|Dragonite|Dragoninite\n|move|p2a: Ninetales|Helping Hand|p2b: Dragonite\n|-singleturn|p2b: Dragonite|Helping Hand|[of] p2a: Ninetales\n|move|p2b: Dragonite|Extreme Speed|p1b: Tauros\n|-damage|p1b: Tauros|43/100\n|move|p1a: Typhlosion|Eruption|p2b: Dragonite|[spread] p2a,p2b\n|-supereffective|p2a: Ninetales|1\n|-resisted|p2b: Dragonite|1\n|-damage|p2a: Ninetales|16/100\n|-damage|p2b: Dragonite|89/100\n|move|p1b: Tauros|Wave Crash|p2b: Dragonite\n|-resisted|p2b: Dragonite|1\n|-damage|p2b: Dragonite|73/100\n|-damage|p1b: Tauros|36/100|[from] Recoil\n|\n|-weather|Snowscape|[upkeep]\n|-heal|p2a: Ninetales|22/100|[from] item: Leftovers\n|upkeep\n|turn|4\n|\n|t:|1776257523\n|move|p1a: Typhlosion|Eruption|p2a: Ninetales|[spread] p2a,p2b\n|-supereffective|p2a: Ninetales|1\n|-resisted|p2b: Dragonite|1\n|-damage|p2a: Ninetales|0 fnt\n|-damage|p2b: Dragonite|50/100\n|faint|p2a: Ninetales\n|move|p1b: Tauros|Close Combat|p2b: Dragonite\n|-resisted|p2b: Dragonite|1\n|-damage|p2b: Dragonite|33/100\n|-unboost|p1b: Tauros|def|1\n|-unboost|p1b: Tauros|spd|1\n|move|p2b: Dragonite|Heat Wave|p1a: Typhlosion|[spread] p1a,p1b\n|-resisted|p1a: Typhlosion|1\n|-resisted|p1b: Tauros|1\n|-damage|p1a: Typhlosion|79/100\n|-damage|p1b: Tauros|0 fnt\n|faint|p1b: Tauros\n|\n|-weather|Snowscape|[upkeep]\n|-sideend|p1: theilldigi|move: Tailwind\n|upkeep\n|\n|t:|1776257537\n|switch|p1b: Meganium|Meganium, L50, M|100/100\n|switch|p2a: Incineroar|Incineroar, L50, F, shiny|100/100\n|-ability|p2a: Incineroar|Intimidate|boost\n|-unboost|p1a: Typhlosion|atk|1\n|-unboost|p1b: Meganium|atk|1\n|turn|5\n|\n|t:|1776257547\n|move|p1b: Meganium|Protect|p1b: Meganium\n|-singleturn|p1b: Meganium|Protect\n|move|p2a: Incineroar|Fake Out|p1b: Meganium\n|-activate|p1b: Meganium|move: Protect\n|move|p1a: Typhlosion|Eruption|p2b: Dragonite|[spread] p2a,p2b\n|-resisted|p2a: Incineroar|1\n|-resisted|p2b: Dragonite|1\n|-damage|p2a: Incineroar|83/100\n|-damage|p2b: Dragonite|15/100\n|move|p2b: Dragonite|Dragon Pulse|p1a: Typhlosion\n|-damage|p1a: Typhlosion|6/100\n|\n|-weather|Snowscape|[upkeep]\n|upkeep\n|turn|6\n|\n|t:|1776257565\n|detailschange|p1b: Meganium|Meganium-Mega, L50, M\n|-mega|p1b: Meganium|Meganium|Meganiumite\n|move|p1a: Typhlosion|Eruption|p2b: Dragonite|[spread] p2a,p2b\n|-resisted|p2a: Incineroar|1\n|-crit|p2a: Incineroar\n|-resisted|p2b: Dragonite|1\n|-damage|p2a: Incineroar|81/100\n|-damage|p2b: Dragonite|14/100\n|move|p2b: Dragonite|Dragon Pulse|p1a: Typhlosion\n|-damage|p1a: Typhlosion|0 fnt\n|faint|p1a: Typhlosion\n|move|p1b: Meganium|Dazzling Gleam|p2a: Incineroar|[spread] p2a,p2b\n|-supereffective|p2b: Dragonite|1\n|-damage|p2a: Incineroar|50/100\n|-damage|p2b: Dragonite|0 fnt\n|-enditem|p2a: Incineroar|Sitrus Berry|[eat]\n|-heal|p2a: Incineroar|75/100|[from] item: Sitrus Berry\n|faint|p2b: Dragonite\n|move|p2a: Incineroar|Darkest Lariat|p1b: Meganium\n|-resisted|p1b: Meganium|1\n|-damage|p1b: Meganium|85/100\n|\n|-weather|none\n|upkeep\n|turn|7\n|\n|t:|1776257587\n|move|p1b: Meganium|Solar Beam||[still]\n|-prepare|p1b: Meganium|Solar Beam\n|-activate|p1b: Meganium|ability: Mega Sol\n|-anim|p1b: Meganium|Solar Beam|p2a: Incineroar\n|-resisted|p2a: Incineroar|1\n|-damage|p2a: Incineroar|44/100\n|move|p2a: Incineroar|Flare Blitz|p1b: Meganium\n|-supereffective|p1b: Meganium|1\n|-damage|p1b: Meganium|0 fnt\n|faint|p1b: Meganium\n|-damage|p2a: Incineroar|20/100|[from] Recoil\n|\n|win|Dollar94ye\n",
  "uploadtime": 1776257345,
  "views": 18,
  "formatid": "gen9championsvgc2026regma",
  "rating": null,
  "private": 0,
  "password": null
}