{
  "id": "gen9championsvgc2026regma-2582989552",
  "format": "[Gen 9 Champions] VGC 2026 Reg M-A",
  "players": [
    "theeseff",
    "Golurk365"
  ],
  "log": "|j|\u2606theeseff\n|j|\u2606Golurk365\n|t:|1776131224\n|gametype|doubles\n|player|p1|theeseff|pokemonbreeder|1056\n|player|p2|Golurk365|hugh|1074\n|gen|9\n|tier|[Gen 9 Champions] VGC 2026 Reg M-A\n|rated|\n|rule|Species Clause: Limit one of each Pok\u00e9mon\n|rule|Item Clause: Limit 1 of each item\n|clearpoke\n|poke|p1|Pelipper, L50, M|\n|poke|p1|Archaludon, L50, F|\n|poke|p1|Meganium, L50, M|\n|poke|p1|Basculegion, L50, M|\n|poke|p1|Glimmora, L50, M|\n|poke|p1|Incineroar, L50, M|\n|poke|p2|Golurk, L50|\n|poke|p2|Whimsicott, L50, F|\n|poke|p2|Basculegion, L50, M|\n|poke|p2|Milotic, L50, M|\n|poke|p2|Incineroar, L50, F|\n|poke|p2|Tyranitar, L50, F|\n|teampreview|4\n|inactive|Battle timer is ON: inactive players will automatically lose when time's up. (requested by Golurk365)\n|inactive|theeseff has 60 seconds left.\n|\n|t:|1776131257\n|teamsize|p1|4\n|teamsize|p2|4\n|start\n|switch|p1a: Archaludon|Archaludon, L50, F|100/100\n|switch|p1b: Incineroar|Incineroar, L50, M|100/100\n|switch|p2a: Whimsicott|Whimsicott, L50, F|100/100\n|switch|p2b: Milotic|Milotic, L50, M|100/100\n|-ability|p1b: Incineroar|Intimidate|boost\n|-unboost|p2a: Whimsicott|atk|1\n|-unboost|p2b: Milotic|atk|1\n|-ability|p2b: Milotic|Competitive|boost\n|-boost|p2b: Milotic|spa|2\n|turn|1\n|inactive|Golurk365 has 30 seconds left.\n|inactive|theeseff has 30 seconds left.\n|\n|t:|1776131293\n|switch|p1b: Pelipper|Pelipper, L50, M|100/100\n|-weather|RainDance|[from] ability: Drizzle|[of] p1b: Pelipper\n|move|p2a: Whimsicott|Tailwind|p2a: Whimsicott\n|-sidestart|p2: Golurk365|move: Tailwind\n|move|p2b: Milotic|Scald|p1b: Pelipper\n|-resisted|p1b: Pelipper|1\n|-damage|p1b: Pelipper|8/100\n|-status|p1b: Pelipper|brn\n|move|p1a: Archaludon|Electro Shot||[still]\n|-prepare|p1a: Archaludon|Electro Shot\n|-boost|p1a: Archaludon|spa|1\n|-anim|p1a: Archaludon|Electro Shot|p2b: Milotic\n|-supereffective|p2b: Milotic|1\n|-damage|p2b: Milotic|0 fnt\n|faint|p2b: Milotic\n|\n|-weather|RainDance|[upkeep]\n|-damage|p1b: Pelipper|2/100 brn|[from] brn\n|upkeep\n|\n|t:|1776131302\n|switch|p2b: Golurk|Golurk, L50|100/100\n|turn|2\n|\n|t:|1776131323\n|switch|p1a: Incineroar|Incineroar, L50, M|100/100\n|-ability|p1a: Incineroar|Intimidate|boost\n|-unboost|p2a: Whimsicott|atk|1\n|-unboost|p2b: Golurk|atk|1\n|detailschange|p2b: Golurk|Golurk-Mega, L50\n|-mega|p2b: Golurk|Golurk|Golurkite\n|move|p2a: Whimsicott|Light Screen|p2a: Whimsicott\n|-sidestart|p2: Golurk365|move: Light Screen\n|move|p2b: Golurk|Rock Slide|p1b: Pelipper|[spread] p1a,p1b\n|-supereffective|p1a: Incineroar|1\n|-supereffective|p1b: Pelipper|1\n|-damage|p1a: Incineroar|69/100\n|-damage|p1b: Pelipper|0 fnt\n|faint|p1b: Pelipper\n|\n|-weather|RainDance|[upkeep]\n|upkeep\n|\n|t:|1776131341\n|switch|p1b: Archaludon|Archaludon, L50, F|100/100\n|turn|3\n|\n|t:|1776131356\n|switch|p2b: Tyranitar|Tyranitar, L50, F|100/100\n|-weather|Sandstorm|[from] ability: Sand Stream|[of] p2b: Tyranitar\n|move|p1a: Incineroar|Fake Out|p2a: Whimsicott\n|-damage|p2a: Whimsicott|92/100\n|cant|p2a: Whimsicott|flinch\n|move|p1b: Archaludon|Draco Meteor|p2b: Tyranitar\n|-damage|p2b: Tyranitar|68/100\n|-unboost|p1b: Archaludon|spa|2\n|\n|-weather|Sandstorm|[upkeep]\n|-damage|p2a: Whimsicott|86/100|[from] Sandstorm\n|-damage|p1a: Incineroar|63/100|[from] Sandstorm\n|upkeep\n|turn|4\n|inactive|Golurk365 has 30 seconds left.\n|\n|t:|1776131386\n|switch|p1b: Glimmora|Glimmora, L50, M|100/100\n|move|p2a: Whimsicott|Stun Spore|p1b: Glimmora\n|-status|p1b: Glimmora|par\n|move|p2b: Tyranitar|High Horsepower|p1a: Incineroar\n|-supereffective|p1a: Incineroar|1\n|-crit|p1a: Incineroar\n|-damage|p1a: Incineroar|0 fnt\n|faint|p1a: Incineroar\n|\n|-weather|Sandstorm|[upkeep]\n|-damage|p2a: Whimsicott|80/100|[from] Sandstorm\n|-sideend|p2: Golurk365|move: Tailwind\n|upkeep\n|\n|t:|1776131398\n|switch|p1a: Archaludon|Archaludon, L50, F|100/100\n|turn|5\n|\n|t:|1776131416\n|detailschange|p1b: Glimmora|Glimmora-Mega, L50, M\n|-mega|p1b: Glimmora|Glimmora|Glimmoranite\n|cant|p1b: Glimmora|par\n|move|p1a: Archaludon|Flash Cannon|p2a: Whimsicott\n|-supereffective|p2a: Whimsicott|1\n|-damage|p2a: Whimsicott|2/100\n|-unboost|p2a: Whimsicott|spd|1\n|move|p2a: Whimsicott|Moonblast|p1a: Archaludon\n|-damage|p1a: Archaludon|61/100\n|-ability|p1a: Archaludon|Stamina|boost\n|-boost|p1a: Archaludon|def|1\n|move|p2b: Tyranitar|High Horsepower|p1b: Glimmora|[miss]\n|-miss|p2b: Tyranitar|p1b: Glimmora\n|\n|-weather|Sandstorm|[upkeep]\n|-damage|p2a: Whimsicott|0 fnt|[from] Sandstorm\n|faint|p2a: Whimsicott\n|upkeep\n|\n|t:|1776131431\n|switch|p2a: Golurk|Golurk-Mega, L50|100/100\n|turn|6\n|\n|t:|1776131455\n|move|p1a: Archaludon|Flash Cannon|p2a: Golurk\n|-damage|p2a: Golurk|68/100\n|move|p2b: Tyranitar|High Horsepower|p1b: Glimmora\n|-supereffective|p1b: Glimmora|2\n|-damage|p1b: Glimmora|0 fnt\n|faint|p1b: Glimmora\n|move|p2a: Golurk|Headlong Rush|p1a: Archaludon\n|-supereffective|p1a: Archaludon|1\n|-damage|p1a: Archaludon|0 fnt\n|-unboost|p2a: Golurk|def|1\n|-unboost|p2a: Golurk|spd|1\n|faint|p1a: Archaludon\n|\n|win|Golurk365\n|raw|theeseff's rating: 1056 &rarr; <strong>1039</strong><br />(-17 for losing)\n|raw|Golurk365's rating: 1074 &rarr; <strong>1101</strong><br />(+27 for winning)\n|l|\u2606theeseff\n|player|p1|\n",
  "uploadtime": 1776131464,
  "views": 9,
  "formatid": "gen9championsvgc2026regma",
  "rating": 1039,
  "private": 0,
  "password": null
}