{
  "id": "gen9championsvgc2026regma-2584041719",
  "format": "[Gen 9 Champions] VGC 2026 Reg M-A",
  "players": [
    "Kellogz1305",
    "Aekyn"
  ],
  "log": "|j|\u2606Kellogz1305\n|j|\u2606Aekyn\n|t:|1776219392\n|gametype|doubles\n|player|p1|Kellogz1305|blue|1110\n|player|p2|Aekyn|bugcatcher-gen4dp|1115\n|gen|9\n|tier|[Gen 9 Champions] VGC 2026 Reg M-A\n|rated|\n|rule|Species Clause: Limit one of each Pok\u00e9mon\n|rule|Item Clause: Limit 1 of each item\n|clearpoke\n|poke|p1|Toxicroak, L50, F|\n|poke|p1|Pelipper, L50, M|\n|poke|p1|Basculegion-F, L50, F|\n|poke|p1|Beartic, L50, M|\n|poke|p1|Raichu, L50, F|\n|poke|p1|Meganium, L50, F|\n|poke|p2|Cofagrigus, L50, M|\n|poke|p2|Scovillain, L50, M|\n|poke|p2|Sinistcha, L50|\n|poke|p2|Florges-Blue, L50, F|\n|poke|p2|Greninja-*, L50, F|\n|poke|p2|Vaporeon, L50, F|\n|teampreview|4\n|\n|t:|1776219403\n|teamsize|p1|4\n|teamsize|p2|4\n|start\n|switch|p1a: Toxicroak|Toxicroak, L50, F|100/100\n|switch|p1b: Pelipper|Pelipper, L50, M|100/100\n|switch|p2a: Cofagrigus|Cofagrigus, L50, M|100/100\n|switch|p2b: Scovillain|Scovillain, L50, M|100/100\n|-weather|RainDance|[from] ability: Drizzle|[of] p1b: Pelipper\n|turn|1\n|\n|t:|1776219417\n|detailschange|p2b: Scovillain|Scovillain-Mega, L50, M\n|-mega|p2b: Scovillain|Scovillain|Scovillainite\n|move|p2b: Scovillain|Rage Powder|p2b: Scovillain\n|-singleturn|p2b: Scovillain|move: Rage Powder\n|move|p1b: Pelipper|Hydro Pump|p2b: Scovillain\n|-damage|p2b: Scovillain|17/100\n|-status|p1b: Pelipper|brn|[from] ability: Spicy Spray|[of] p2b: Scovillain\n|move|p1a: Toxicroak|Gunk Shot|p2b: Scovillain\n|-supereffective|p2b: Scovillain|1\n|-damage|p2b: Scovillain|0 fnt\n|-status|p1a: Toxicroak|brn|[from] ability: Spicy Spray|[of] p2b: Scovillain\n|faint|p2b: Scovillain\n|move|p2a: Cofagrigus|Trick Room|p2a: Cofagrigus\n|-fieldstart|move: Trick Room|[of] p2a: Cofagrigus\n|\n|-weather|RainDance|[upkeep]\n|-damage|p1a: Toxicroak|95/100 brn|[from] brn\n|-damage|p1b: Pelipper|95/100 brn|[from] brn\n|upkeep\n|inactive|Battle timer is ON: inactive players will automatically lose when time's up. (requested by Kellogz1305)\n|\n|t:|1776219437\n|switch|p2b: Sinistcha|Sinistcha, L50|100/100\n|turn|2\n|inactive|Kellogz1305 has 30 seconds left.\n|\n|t:|1776219462\n|move|p2a: Cofagrigus|Hex|p1a: Toxicroak\n|-damage|p1a: Toxicroak|13/100 brn\n|move|p2b: Sinistcha|Matcha Gotcha|p1b: Pelipper|[spread] p1a,p1b\n|-resisted|p1a: Toxicroak|1\n|-damage|p1a: Toxicroak|0 fnt\n|-damage|p1b: Pelipper|42/100 brn\n|faint|p1a: Toxicroak\n|move|p1b: Pelipper|Hydro Pump|p2a: Cofagrigus\n|-damage|p2a: Cofagrigus|16/100\n|\n|-weather|RainDance|[upkeep]\n|-damage|p1b: Pelipper|36/100 brn|[from] brn\n|upkeep\n|\n|t:|1776219474\n|switch|p1a: Beartic|Beartic, L50, M|100/100\n|turn|3\n|\n|t:|1776219483\n|switch|p1b: Basculegion|Basculegion-F, L50, F|100/100\n|move|p2a: Cofagrigus|Destiny Bond|p2a: Cofagrigus\n|-singlemove|p2a: Cofagrigus|Destiny Bond\n|move|p2b: Sinistcha|Matcha Gotcha|p1b: Basculegion|[spread] p1a,p1b\n|-supereffective|p1b: Basculegion|1\n|-damage|p1a: Beartic|51/100\n|-damage|p1b: Basculegion|7/100\n|move|p1a: Beartic|Icicle Crash|p2b: Sinistcha\n|-supereffective|p2b: Sinistcha|1\n|-damage|p2b: Sinistcha|0 fnt\n|faint|p2b: Sinistcha\n|\n|-weather|RainDance|[upkeep]\n|upkeep\n|\n|t:|1776219497\n|switch|p2b: Florges|Florges-Blue, L50, F, shiny|100/100\n|turn|4\n|\n|t:|1776219521\n|move|p1a: Beartic|Protect|p1a: Beartic\n|-singleturn|p1a: Beartic|Protect\n|move|p1b: Basculegion|Protect|p1b: Basculegion\n|-singleturn|p1b: Basculegion|Protect\n|move|p2a: Cofagrigus|Hex|p1a: Beartic\n|-activate|p1a: Beartic|move: Protect\n|move|p2b: Florges|Dazzling Gleam|p1a: Beartic|[spread] \n|-activate|p1a: Beartic|move: Protect\n|-activate|p1b: Basculegion|move: Protect\n|\n|-weather|RainDance|[upkeep]\n|upkeep\n|turn|5\n|inactive|Kellogz1305 has 30 seconds left.\n|inactive|Aekyn has 30 seconds left.\n|inactive|Kellogz1305 has 20 seconds left.\n|inactive|Aekyn has 20 seconds left.\n|inactive|Kellogz1305 has 15 seconds left.\n|inactive|Kellogz1305 has 10 seconds left.\n|\n|t:|1776219570\n|move|p1a: Beartic|Protect||[still]\n|-fail|p1a: Beartic\n|move|p1b: Basculegion|Protect||[still]\n|-fail|p1b: Basculegion\n|move|p2a: Cofagrigus|Hex|p1a: Beartic\n|-damage|p1a: Beartic|9/100\n|move|p2b: Florges|Dazzling Gleam|p1b: Basculegion|[spread] p1a,p1b\n|-damage|p1a: Beartic|0 fnt\n|-damage|p1b: Basculegion|0 fnt\n|faint|p1a: Beartic\n|faint|p1b: Basculegion\n|\n|-weather|none\n|-fieldend|move: Trick Room\n|upkeep\n|\n|t:|1776219572\n|switch|p1b: Pelipper|Pelipper, L50, M|36/100 brn\n|-weather|RainDance|[from] ability: Drizzle|[of] p1b: Pelipper\n|turn|6\n|\n|t:|1776219590\n|move|p1b: Pelipper|Hurricane|p2a: Cofagrigus\n|-damage|p2a: Cofagrigus|0 fnt\n|faint|p2a: Cofagrigus\n|move|p2b: Florges|Calm Mind|p2b: Florges\n|-boost|p2b: Florges|spa|1\n|-boost|p2b: Florges|spd|1\n|\n|-weather|RainDance|[upkeep]\n|-damage|p1b: Pelipper|30/100 brn|[from] brn\n|upkeep\n|turn|7\n|\n|t:|1776219603\n|move|p1b: Pelipper|Hurricane|p2b: Florges\n|-damage|p2b: Florges|74/100\n|move|p2b: Florges|Dazzling Gleam|p1b: Pelipper\n|-damage|p1b: Pelipper|0 fnt\n|faint|p1b: Pelipper\n|\n|win|Aekyn\n|raw|Kellogz1305's rating: 1110 &rarr; <strong>1085</strong><br />(-25 for losing)\n|raw|Aekyn's rating: 1115 &rarr; <strong>1140</strong><br />(+25 for winning)\n|l|\u2606Kellogz1305\n|player|p1|\n",
  "uploadtime": 1776219614,
  "views": 21,
  "formatid": "gen9championsvgc2026regma",
  "rating": 1085,
  "private": 0,
  "password": null
}