{
  "id": "gen9championsvgc2026regma-2582146870",
  "format": "[Gen 9 Champions] VGC 2026 Reg M-A",
  "players": [
    "CarajilloMan",
    "Niko highway"
  ],
  "log": "|j|\u2606CarajilloMan\n|j|\u2606Niko highway\n|t:|1776064031\n|gametype|doubles\n|player|p1|CarajilloMan|ninjaboy|1316\n|player|p2|Niko highway|266|1400\n|gen|9\n|tier|[Gen 9 Champions] VGC 2026 Reg M-A\n|rated|\n|rule|Species Clause: Limit one of each Pok\u00e9mon\n|rule|Item Clause: Limit 1 of each item\n|clearpoke\n|poke|p1|Aggron, L50, M|\n|poke|p1|Sinistcha, L50|\n|poke|p1|Incineroar, L50, M|\n|poke|p1|Dragapult, L50, M|\n|poke|p1|Glimmora, L50, M|\n|poke|p1|Gyarados, L50, M|\n|poke|p2|Incineroar, L50, F|\n|poke|p2|Conkeldurr, L50, M|\n|poke|p2|Sinistcha, L50|\n|poke|p2|Cofagrigus, L50, F|\n|poke|p2|Drampa, L50, M|\n|poke|p2|Aggron, L50, M|\n|teampreview|4\n|j| nvnvnvnvlws\n|\n|t:|1776064063\n|teamsize|p1|4\n|teamsize|p2|4\n|start\n|switch|p1a: Glimmora|Glimmora, L50, M|100/100\n|switch|p1b: Dragapult|Dragapult, L50, M|100/100\n|switch|p2a: Incineroar|Incineroar, L50, F|100/100\n|switch|p2b: Cofagrigus|Cofagrigus, L50, F|100/100\n|-ability|p2a: Incineroar|Intimidate|boost\n|-unboost|p1a: Glimmora|atk|1\n|-fail|p1b: Dragapult|unboost|[from] ability: Clear Body|[of] p1b: Dragapult\n|turn|1\n|\n|t:|1776064076\n|move|p2a: Incineroar|Fake Out|p1a: Glimmora\n|-resisted|p1a: Glimmora|1\n|-damage|p1a: Glimmora|92/100\n|-activate|p1a: Glimmora|ability: Toxic Debris\n|-sidestart|p2: Niko highway|move: Toxic Spikes\n|move|p1b: Dragapult|Reflect|p1b: Dragapult\n|-sidestart|p1: CarajilloMan|Reflect\n|cant|p1a: Glimmora|flinch\n|move|p2b: Cofagrigus|Trick Room|p2b: Cofagrigus\n|-fieldstart|move: Trick Room|[of] p2b: Cofagrigus\n|\n|upkeep\n|turn|2\n|inactive|Battle timer is ON: inactive players will automatically lose when time's up. (requested by Niko highway)\n|\n|t:|1776064100\n|switch|p1b: Gyarados|Gyarados, L50, M|100/100\n|-ability|p1b: Gyarados|Intimidate|boost\n|-unboost|p2a: Incineroar|atk|1\n|-unboost|p2b: Cofagrigus|atk|1\n|move|p2b: Cofagrigus|Shadow Ball|p1b: Gyarados\n|-damage|p1b: Gyarados|71/100\n|move|p2a: Incineroar|Parting Shot|p1a: Glimmora\n|-unboost|p1a: Glimmora|atk|1\n|-unboost|p1a: Glimmora|spa|1\n|l| nvnvnvnvlws\n|\n|t:|1776064113\n|switch|p2a: Sinistcha|Sinistcha, L50|100/100|[from] Parting Shot\n|-status|p2a: Sinistcha|psn\n|move|p1a: Glimmora|Earth Power|p2a: Sinistcha\n|-resisted|p2a: Sinistcha|1\n|-crit|p2a: Sinistcha\n|-damage|p2a: Sinistcha|72/100 psn\n|\n|-damage|p2a: Sinistcha|60/100 psn|[from] psn\n|upkeep\n|turn|3\n|\n|t:|1776064135\n|switch|p1b: Dragapult|Dragapult, L50, M|100/100\n|move|p2b: Cofagrigus|Shadow Ball|p1b: Dragapult\n|-supereffective|p1b: Dragapult|1\n|-damage|p1b: Dragapult|41/100\n|move|p2a: Sinistcha|Matcha Gotcha|p1a: Glimmora|[spread] p1a,p1b\n|-resisted|p1b: Dragapult|1\n|-damage|p1a: Glimmora|49/100\n|-heal|p2a: Sinistcha|79/100 psn|[from] drain|[of] p1a: Glimmora\n|-damage|p1b: Dragapult|20/100\n|-heal|p2a: Sinistcha|90/100 psn|[from] drain|[of] p1b: Dragapult\n|move|p1a: Glimmora|Earth Power|p2b: Cofagrigus\n|-damage|p2b: Cofagrigus|81/100\n|\n|-heal|p2b: Cofagrigus|87/100|[from] item: Leftovers\n|-damage|p2a: Sinistcha|78/100 psn|[from] psn\n|upkeep\n|turn|4\n|inactive|CarajilloMan has 30 seconds left.\n|\n|t:|1776064162\n|move|p1a: Glimmora|Spiky Shield|p1a: Glimmora\n|-singleturn|p1a: Glimmora|move: Protect\n|move|p2b: Cofagrigus|Shadow Ball|p1a: Glimmora\n|-activate|p1a: Glimmora|move: Protect\n|move|p2a: Sinistcha|Matcha Gotcha|p1b: Dragapult|[spread] p1b\n|-activate|p1a: Glimmora|move: Protect\n|-resisted|p1b: Dragapult|1\n|-damage|p1b: Dragapult|2/100\n|-heal|p2a: Sinistcha|89/100 psn|[from] drain|[of] p1b: Dragapult\n|move|p1b: Dragapult|Light Screen|p1b: Dragapult\n|-sidestart|p1: CarajilloMan|move: Light Screen\n|\n|-heal|p2b: Cofagrigus|94/100|[from] item: Leftovers\n|-damage|p2a: Sinistcha|76/100 psn|[from] psn\n|upkeep\n|turn|5\n|inactive|CarajilloMan has 30 seconds left.\n|\n|t:|1776064189\n|switch|p1a: Sinistcha|Sinistcha, L50|100/100\n|-heal|p1b: Dragapult|26/100|[from] ability: Hospitality|[of] p1a: Sinistcha\n|move|p1b: Dragapult|Dragon Darts|p2a: Sinistcha\n|-damage|p2a: Sinistcha|58/100 psn\n|-anim|p1b: Dragapult|Dragon Darts|p2b: Cofagrigus\n|-damage|p2b: Cofagrigus|80/100\n|move|p2b: Cofagrigus|Trick Room|p2b: Cofagrigus\n|-fieldend|move: Trick Room\n|move|p2a: Sinistcha|Trick Room|p2a: Sinistcha\n|-fieldstart|move: Trick Room|[of] p2a: Sinistcha\n|\n|-heal|p2b: Cofagrigus|87/100|[from] item: Leftovers\n|-damage|p2a: Sinistcha|45/100 psn|[from] psn\n|-sideend|p1: CarajilloMan|Reflect\n|upkeep\n|turn|6\n|\n|t:|1776064213\n|move|p1a: Sinistcha|Protect|p1a: Sinistcha\n|-singleturn|p1a: Sinistcha|Protect\n|move|p2b: Cofagrigus|Shadow Ball|p1b: Dragapult\n|-supereffective|p1b: Dragapult|1\n|-damage|p1b: Dragapult|0 fnt\n|faint|p1b: Dragapult\n|move|p2a: Sinistcha|Shadow Ball|p1a: Sinistcha\n|-activate|p1a: Sinistcha|move: Protect\n|\n|-heal|p2b: Cofagrigus|93/100|[from] item: Leftovers\n|-damage|p2a: Sinistcha|33/100 psn|[from] psn\n|upkeep\n|\n|t:|1776064221\n|switch|p1b: Gyarados|Gyarados, L50, M|71/100\n|-ability|p1b: Gyarados|Intimidate|boost\n|-unboost|p2a: Sinistcha|atk|1\n|-unboost|p2b: Cofagrigus|atk|1\n|turn|7\n|\n|t:|1776064230\n|switch|p1a: Glimmora|Glimmora, L50, M|49/100\n|move|p2b: Cofagrigus|Will-O-Wisp|p1b: Gyarados\n|-status|p1b: Gyarados|brn\n|move|p2a: Sinistcha|Matcha Gotcha|p1b: Gyarados|[spread] p1a\n|-miss|p2a: Sinistcha|p1b: Gyarados\n|-damage|p1a: Glimmora|22/100\n|-heal|p2a: Sinistcha|45/100 psn|[from] drain|[of] p1a: Glimmora\n|move|p1b: Gyarados|Crunch|p2a: Sinistcha\n|-supereffective|p2a: Sinistcha|1\n|-enditem|p2a: Sinistcha|Colbur Berry|[eat]\n|-enditem|p2a: Sinistcha|Colbur Berry|[weaken]\n|-damage|p2a: Sinistcha|31/100 psn\n|\n|-heal|p2b: Cofagrigus|99/100|[from] item: Leftovers\n|-damage|p2a: Sinistcha|18/100 psn|[from] psn\n|-damage|p1b: Gyarados|65/100 brn|[from] brn\n|upkeep\n|turn|8\n|\n|t:|1776064250\n|switch|p1a: Sinistcha|Sinistcha, L50|100/100\n|-heal|p1b: Gyarados|90/100 brn|[from] ability: Hospitality|[of] p1a: Sinistcha\n|move|p2b: Cofagrigus|Shadow Ball|p1b: Gyarados\n|-damage|p1b: Gyarados|72/100 brn\n|-unboost|p1b: Gyarados|spd|1\n|move|p2a: Sinistcha|Matcha Gotcha|p1a: Sinistcha|[spread] p1a,p1b\n|-resisted|p1a: Sinistcha|1\n|-damage|p1a: Sinistcha|90/100\n|-heal|p2a: Sinistcha|24/100 psn|[from] drain|[of] p1a: Sinistcha\n|-damage|p1b: Gyarados|38/100 brn\n|-heal|p2a: Sinistcha|40/100 psn|[from] drain|[of] p1b: Gyarados\n|move|p1b: Gyarados|Crunch|p2a: Sinistcha\n|-supereffective|p2a: Sinistcha|1\n|-damage|p2a: Sinistcha|10/100 psn\n|-unboost|p2a: Sinistcha|def|1\n|\n|-heal|p2b: Cofagrigus|100/100|[from] item: Leftovers\n|-damage|p2a: Sinistcha|0 fnt|[from] psn\n|faint|p2a: Sinistcha\n|-damage|p1b: Gyarados|32/100 brn|[from] brn\n|-sideend|p1: CarajilloMan|move: Light Screen\n|upkeep\n|\n|t:|1776064269\n|switch|p2a: Incineroar|Incineroar, L50, F|100/100\n|-status|p2a: Incineroar|psn\n|-ability|p2a: Incineroar|Intimidate|boost\n|-unboost|p1a: Sinistcha|atk|1\n|-unboost|p1b: Gyarados|atk|1\n|turn|9\n|\n|t:|1776064279\n|switch|p1b: Glimmora|Glimmora, L50, M|22/100\n|move|p1a: Sinistcha|Protect|p1a: Sinistcha\n|-singleturn|p1a: Sinistcha|Protect\n|move|p2b: Cofagrigus|Shadow Ball|p1b: Glimmora\n|-damage|p1b: Glimmora|0 fnt\n|faint|p1b: Glimmora\n|move|p2a: Incineroar|Flare Blitz|p1a: Sinistcha\n|-activate|p1a: Sinistcha|move: Protect\n|\n|-damage|p2a: Incineroar|88/100 psn|[from] psn\n|-fieldend|move: Trick Room\n|upkeep\n|\n|t:|1776064289\n|switch|p1b: Gyarados|Gyarados, L50, M|32/100 brn\n|-ability|p1b: Gyarados|Intimidate|boost\n|-unboost|p2a: Incineroar|atk|1\n|-unboost|p2b: Cofagrigus|atk|1\n|turn|10\n|\n|t:|1776064303\n|detailschange|p1b: Gyarados|Gyarados-Mega, L50, M\n|-mega|p1b: Gyarados|Gyarados|Gyaradosite\n|-ability|p1b: Gyarados|Mold Breaker\n|move|p1b: Gyarados|Dragon Dance|p1b: Gyarados\n|-boost|p1b: Gyarados|atk|1\n|-boost|p1b: Gyarados|spe|1\n|move|p2a: Incineroar|Throat Chop|p1b: Gyarados\n|-resisted|p1b: Gyarados|1\n|-damage|p1b: Gyarados|20/100 brn\n|-start|p1b: Gyarados|Throat Chop|[silent]\n|move|p1a: Sinistcha|Trick Room|p1a: Sinistcha\n|-fieldstart|move: Trick Room|[of] p1a: Sinistcha\n|move|p2b: Cofagrigus|Trick Room|p2b: Cofagrigus\n|-fieldend|move: Trick Room\n|\n|-damage|p2a: Incineroar|76/100 psn|[from] psn\n|-damage|p1b: Gyarados|14/100 brn|[from] brn\n|upkeep\n|turn|11\n|\n|t:|1776064322\n|move|p1a: Sinistcha|Rage Powder|p1a: Sinistcha\n|-singleturn|p1a: Sinistcha|move: Rage Powder\n|move|p1b: Gyarados|Crunch|p2b: Cofagrigus\n|-supereffective|p2b: Cofagrigus|1\n|-damage|p2b: Cofagrigus|50/100\n|-activate|p2b: Cofagrigus|ability: Mummy|p1b: Gyarados|[ability] Mold Breaker\n|move|p2a: Incineroar|Flare Blitz|p1a: Sinistcha\n|-supereffective|p1a: Sinistcha|1\n|-damage|p1a: Sinistcha|23/100\n|-enditem|p1a: Sinistcha|Sitrus Berry|[eat]\n|-heal|p1a: Sinistcha|48/100|[from] item: Sitrus Berry\n|-damage|p2a: Incineroar|56/100 psn|[from] Recoil\n|move|p2b: Cofagrigus|Body Press|p1a: Sinistcha\n|-immune|p1a: Sinistcha\n|\n|-heal|p2b: Cofagrigus|56/100|[from] item: Leftovers\n|-damage|p2a: Incineroar|44/100 psn|[from] psn\n|-damage|p1b: Gyarados|8/100 brn|[from] brn\n|-end|p1b: Gyarados|Throat Chop|[silent]\n|upkeep\n|-enditem|p2a: Incineroar|Sitrus Berry|[eat]\n|-heal|p2a: Incineroar|68/100 psn|[from] item: Sitrus Berry\n|turn|12\n|\n|t:|1776064347\n|move|p1b: Gyarados|Waterfall|p2a: Incineroar\n|-supereffective|p2a: Incineroar|1\n|-damage|p2a: Incineroar|0 fnt\n|faint|p2a: Incineroar\n|move|p1a: Sinistcha|Matcha Gotcha|p2b: Cofagrigus\n|-damage|p2b: Cofagrigus|22/100\n|-heal|p1a: Sinistcha|63/100|[from] drain|[of] p2b: Cofagrigus\n|move|p2b: Cofagrigus|Shadow Ball|p1b: Gyarados\n|-resisted|p1b: Gyarados|1\n|-damage|p1b: Gyarados|0 fnt\n|faint|p1b: Gyarados\n|\n|-heal|p2b: Cofagrigus|29/100|[from] item: Leftovers\n|upkeep\n|\n|t:|1776064351\n|switch|p2a: Conkeldurr|Conkeldurr, L50, M|100/100\n|-status|p2a: Conkeldurr|psn\n|turn|13\n|\n|t:|1776064362\n|move|p2a: Conkeldurr|Wide Guard|p2a: Conkeldurr\n|-singleturn|p2a: Conkeldurr|Wide Guard\n|move|p1a: Sinistcha|Matcha Gotcha|p2b: Cofagrigus|[spread] \n|-activate|p2a: Conkeldurr|move: Wide Guard\n|-activate|p2b: Cofagrigus|move: Wide Guard\n|move|p2b: Cofagrigus|Trick Room|p2b: Cofagrigus\n|-fieldstart|move: Trick Room|[of] p2b: Cofagrigus\n|\n|-heal|p2b: Cofagrigus|35/100|[from] item: Leftovers\n|-damage|p2a: Conkeldurr|88/100 psn|[from] psn\n|upkeep\n|turn|14\n|-message|CarajilloMan forfeited.\n|\n|win|Niko highway\n|raw|CarajilloMan's rating: 1316 &rarr; <strong>1301</strong><br />(-15 for losing)\n|raw|Niko highway's rating: 1400 &rarr; <strong>1415</strong><br />(+15 for winning)\n|l|\u2606CarajilloMan\n|player|p1|\n",
  "uploadtime": 1776064374,
  "views": 51,
  "formatid": "gen9championsvgc2026regma",
  "rating": 1301,
  "private": 0,
  "password": null
}