{
  "id": "gen9championsvgc2026regma-2584038791",
  "format": "[Gen 9 Champions] VGC 2026 Reg M-A",
  "players": [
    "phantomslayer17",
    "Nachofrize"
  ],
  "log": "|j|\u2606phantomslayer17\n|j|\u2606Nachofrize\n|t:|1776219119\n|gametype|doubles\n|player|p1|phantomslayer17|burglar|1165\n|player|p2|Nachofrize|cynthia|1128\n|gen|9\n|tier|[Gen 9 Champions] VGC 2026 Reg M-A\n|rated|\n|rule|Species Clause: Limit one of each Pok\u00e9mon\n|rule|Item Clause: Limit 1 of each item\n|clearpoke\n|poke|p1|Golurk, L50|\n|poke|p1|Milotic, L50, M|\n|poke|p1|Sneasler, L50, F|\n|poke|p1|Kangaskhan, L50, F|\n|poke|p1|Arcanine-Hisui, L50, F|\n|poke|p1|Whimsicott, L50, F|\n|poke|p2|Sableye, L50, F|\n|poke|p2|Aggron, L50, F|\n|poke|p2|Toxapex, L50, M|\n|poke|p2|Clefable, L50, F|\n|poke|p2|Conkeldurr, L50, M|\n|poke|p2|Rotom-Mow, L50|\n|teampreview|4\n|\n|t:|1776219144\n|teamsize|p1|4\n|teamsize|p2|4\n|start\n|switch|p1a: Kangaskhan|Kangaskhan, L50, F|100/100\n|switch|p1b: Golurk|Golurk, L50|100/100\n|switch|p2a: Sableye|Sableye, L50, F|100/100\n|switch|p2b: Toxapex|Toxapex, L50, M|100/100\n|turn|1\n|inactive|Battle timer is ON: inactive players will automatically lose when time's up. (requested by Nachofrize)\n|\n|t:|1776219160\n|move|p2b: Toxapex|Baneful Bunker|p2b: Toxapex\n|-singleturn|p2b: Toxapex|move: Protect\n|move|p1a: Kangaskhan|Fake Out|p2a: Sableye\n|-damage|p2a: Sableye|81/100\n|move|p1b: Golurk|Poltergeist|p2a: Sableye\n|-activate|p2a: Sableye|move: Poltergeist|Focus Sash\n|-damage|p2a: Sableye|10/100\n|cant|p2a: Sableye|flinch\n|\n|upkeep\n|turn|2\n|\n|t:|1776219175\n|switch|p1b: Arcanine|Arcanine-Hisui, L50, F|100/100\n|-ability|p1b: Arcanine|Intimidate|boost\n|-unboost|p2a: Sableye|atk|1\n|-unboost|p2b: Toxapex|atk|1\n|move|p1a: Kangaskhan|Body Slam|p2a: Sableye\n|-damage|p2a: Sableye|0 fnt\n|faint|p2a: Sableye\n|move|p2b: Toxapex|Toxic|p1a: Kangaskhan\n|-status|p1a: Kangaskhan|tox\n|\n|-damage|p1a: Kangaskhan|95/100 tox|[from] psn\n|upkeep\n|\n|t:|1776219183\n|switch|p2a: Aggron|Aggron, L50, F, shiny|100/100\n|turn|3\n|\n|t:|1776219205\n|detailschange|p2a: Aggron|Aggron-Mega, L50, F, shiny\n|-mega|p2a: Aggron|Aggron|Aggronite\n|move|p1b: Arcanine|Howl|p1b: Arcanine|[spread] p1a,p1b\n|-boost|p1a: Kangaskhan|atk|1\n|-boost|p1b: Arcanine|atk|1\n|move|p1a: Kangaskhan|Drain Punch|p2a: Aggron\n|-supereffective|p2a: Aggron|1\n|-damage|p2a: Aggron|78/100\n|-heal|p1a: Kangaskhan|100/100 tox|[from] drain|[of] p2a: Aggron\n|move|p2a: Aggron|Iron Defense|p2a: Aggron\n|-boost|p2a: Aggron|def|2\n|move|p2b: Toxapex|Toxic|p1b: Arcanine\n|-status|p1b: Arcanine|tox\n|\n|-damage|p1b: Arcanine|95/100 tox|[from] psn\n|-damage|p1a: Kangaskhan|89/100 tox|[from] psn\n|upkeep\n|turn|4\n|\n|t:|1776219228\n|switch|p2b: Clefable|Clefable, L50, F|100/100\n|move|p2a: Aggron|Protect|p2a: Aggron\n|-singleturn|p2a: Aggron|Protect\n|move|p1b: Arcanine|Flare Blitz|p2a: Aggron\n|-activate|p2a: Aggron|move: Protect\n|move|p1a: Kangaskhan|Body Slam|p2b: Clefable\n|-damage|p2b: Clefable|71/100\n|-status|p2b: Clefable|par\n|\n|-damage|p1b: Arcanine|83/100 tox|[from] psn\n|-damage|p1a: Kangaskhan|71/100 tox|[from] psn\n|upkeep\n|turn|5\n|\n|t:|1776219252\n|move|p2b: Clefable|Protect|p2b: Clefable\n|-singleturn|p2b: Clefable|Protect\n|move|p1b: Arcanine|Flare Blitz|p2a: Aggron\n|-supereffective|p2a: Aggron|1\n|-damage|p2a: Aggron|47/100\n|-damage|p1b: Arcanine|73/100 tox|[from] Recoil\n|move|p1a: Kangaskhan|Body Slam|p2b: Clefable\n|-activate|p2b: Clefable|move: Protect\n|move|p2a: Aggron|Body Press|p1b: Arcanine\n|-supereffective|p1b: Arcanine|1\n|-damage|p1b: Arcanine|0 fnt\n|faint|p1b: Arcanine\n|\n|-damage|p1a: Kangaskhan|47/100 tox|[from] psn\n|upkeep\n|l|\u2606phantomslayer17\n|inactive|phantomslayer17 disconnected and has a minute to reconnect!\n|player|p1|\n|inactive|phantomslayer17 has 30 seconds left.\n|j|\u2606phantomslayer17\n|inactive|phantomslayer17 reconnected and has 25 seconds left.\n|player|p1|phantomslayer17|burglar|\n|inactive|phantomslayer17 has 20 seconds left.\n|inactive|phantomslayer17 has 15 seconds left.\n|\n|t:|1776219294\n|switch|p1b: Milotic|Milotic, L50, M, shiny|100/100\n|turn|6\n|\n|t:|1776219304\n|move|p1a: Kangaskhan|Body Slam|p2b: Clefable\n|-damage|p2b: Clefable|41/100 par\n|-enditem|p2b: Clefable|Sitrus Berry|[eat]\n|-heal|p2b: Clefable|65/100 par|[from] item: Sitrus Berry\n|move|p1b: Milotic|Scald|p2a: Aggron\n|-damage|p2a: Aggron|20/100\n|move|p2a: Aggron|Iron Defense|p2a: Aggron\n|-boost|p2a: Aggron|def|2\n|move|p2b: Clefable|Life Dew|p2b: Clefable|[spread] p2a,p2b\n|-heal|p2a: Aggron|45/100\n|-heal|p2b: Clefable|91/100 par\n|\n|-damage|p1a: Kangaskhan|17/100 tox|[from] psn\n|upkeep\n|turn|7\n|\n|t:|1776219324\n|switch|p1b: Golurk|Golurk, L50|100/100\n|move|p2b: Clefable|Follow Me|p2b: Clefable\n|-singleturn|p2b: Clefable|move: Follow Me\n|move|p1a: Kangaskhan|Body Slam|p2b: Clefable\n|-damage|p2b: Clefable|61/100 par\n|move|p2a: Aggron|Body Press|p1b: Golurk\n|-immune|p1b: Golurk\n|\n|-damage|p1a: Kangaskhan|0 fnt|[from] psn\n|faint|p1a: Kangaskhan\n|upkeep\n|\n|t:|1776219332\n|switch|p1a: Milotic|Milotic, L50, M, shiny|100/100\n|turn|8\n|\n|t:|1776219352\n|detailschange|p1b: Golurk|Golurk-Mega, L50\n|-mega|p1b: Golurk|Golurk|Golurkite\n|move|p2a: Aggron|Protect|p2a: Aggron\n|-singleturn|p2a: Aggron|Protect\n|move|p1a: Milotic|Scald|p2a: Aggron\n|-activate|p2a: Aggron|move: Protect\n|move|p1b: Golurk|Headlong Rush|p2a: Aggron\n|-supereffective|p2a: Aggron|1\n|-ability|p1b: Golurk|Unseen Fist\n|-zbroken|p2a: Aggron\n|-damage|p2a: Aggron|40/100\n|-unboost|p1b: Golurk|def|1\n|-unboost|p1b: Golurk|spd|1\n|move|p2b: Clefable|Life Dew|p2b: Clefable|[spread] p2a,p2b\n|-heal|p2a: Aggron|65/100\n|-heal|p2b: Clefable|86/100 par\n|\n|upkeep\n|turn|9\n|\n|t:|1776219373\n|move|p1a: Milotic|Scald|p2a: Aggron\n|-damage|p2a: Aggron|39/100\n|move|p1b: Golurk|Poltergeist|p2a: Aggron\n|-activate|p2a: Aggron|move: Poltergeist|Aggronite\n|-damage|p2a: Aggron|27/100\n|move|p2a: Aggron|Iron Defense|p2a: Aggron\n|-boost|p2a: Aggron|def|2\n|move|p2b: Clefable|Life Dew|p2b: Clefable|[spread] p2a,p2b\n|-heal|p2a: Aggron|52/100\n|-heal|p2b: Clefable|100/100 par\n|\n|upkeep\n|turn|10\n|\n|t:|1776219388\n|move|p2b: Clefable|Follow Me|p2b: Clefable\n|-singleturn|p2b: Clefable|move: Follow Me\n|move|p1a: Milotic|Scald|p2b: Clefable\n|-damage|p2b: Clefable|75/100 par\n|move|p1b: Golurk|Headlong Rush|p2b: Clefable\n|-damage|p2b: Clefable|5/100 par\n|-unboost|p1b: Golurk|def|1\n|-unboost|p1b: Golurk|spd|1\n|move|p2a: Aggron|Body Press|p1a: Milotic\n|-damage|p1a: Milotic|0 fnt\n|faint|p1a: Milotic\n|\n|upkeep\n|turn|11\n|\n|t:|1776219407\n|move|p1b: Golurk|Knock Off|p2b: Clefable\n|-resisted|p2b: Clefable|1\n|-damage|p2b: Clefable|0 fnt\n|faint|p2b: Clefable\n|move|p2a: Aggron|Heavy Slam|p1b: Golurk\n|-crit|p1b: Golurk\n|-damage|p1b: Golurk|52/100\n|\n|upkeep\n|\n|t:|1776219415\n|switch|p2b: Toxapex|Toxapex, L50, M|100/100\n|turn|12\n|\n|t:|1776219423\n|move|p1b: Golurk|Knock Off|p2b: Toxapex\n|-damage|p2b: Toxapex|70/100\n|-enditem|p2b: Toxapex|Leftovers|[from] move: Knock Off|[of] p1b: Golurk\n|move|p2a: Aggron|Heavy Slam|p1b: Golurk\n|-damage|p1b: Golurk|19/100\n|move|p2b: Toxapex|Toxic|p1b: Golurk\n|-status|p1b: Golurk|tox\n|\n|-damage|p1b: Golurk|13/100 tox|[from] psn\n|upkeep\n|turn|13\n|\n|t:|1776219432\n|move|p2a: Aggron|Protect|p2a: Aggron\n|-singleturn|p2a: Aggron|Protect\n|move|p2b: Toxapex|Baneful Bunker|p2b: Toxapex\n|-singleturn|p2b: Toxapex|move: Protect\n|move|p1b: Golurk|Headlong Rush|p2b: Toxapex\n|-supereffective|p2b: Toxapex|1\n|-ability|p1b: Golurk|Unseen Fist\n|-zbroken|p2b: Toxapex\n|-damage|p2b: Toxapex|37/100\n|-unboost|p1b: Golurk|def|1\n|-unboost|p1b: Golurk|spd|1\n|\n|-damage|p1b: Golurk|2/100 tox|[from] psn\n|upkeep\n|turn|14\n|\n|t:|1776219445\n|move|p2a: Aggron|Protect||[still]\n|-fail|p2a: Aggron\n|move|p2b: Toxapex|Baneful Bunker||[still]\n|-fail|p2b: Toxapex\n|move|p1b: Golurk|Poltergeist|p2a: Aggron\n|-activate|p2a: Aggron|move: Poltergeist|Aggronite\n|-damage|p2a: Aggron|43/100\n|\n|-damage|p1b: Golurk|0 fnt|[from] psn\n|faint|p1b: Golurk\n|\n|win|Nachofrize\n|raw|phantomslayer17's rating: 1165 &rarr; <strong>1137</strong><br />(-28 for losing)\n|raw|Nachofrize's rating: 1128 &rarr; <strong>1156</strong><br />(+28 for winning)\n|l|\u2606phantomslayer17\n|player|p1|\n",
  "uploadtime": 1776219459,
  "views": 19,
  "formatid": "gen9championsvgc2026regma",
  "rating": 1137,
  "private": 0,
  "password": null
}