{
  "id": "gen9championsvgc2026regma-2580764774",
  "format": "[Gen 9 Champions] VGC 2026 Reg M-A",
  "players": [
    "Teik",
    "marclorbir7"
  ],
  "log": "|j|\u2606Teik\n|j|\u2606marclorbir7\n|t:|1775930626\n|gametype|doubles\n|player|p1|Teik|266|1080\n|player|p2|marclorbir7|ninjaboy|1138\n|gen|9\n|tier|[Gen 9 Champions] VGC 2026 Reg M-A\n|rated|\n|rule|Species Clause: Limit one of each Pok\u00e9mon\n|rule|Item Clause: Limit 1 of each item\n|clearpoke\n|poke|p1|Aggron, L50, M|\n|poke|p1|Primarina, L50, F|\n|poke|p1|Sinistcha, L50|\n|poke|p1|Farigiraf, L50, M|\n|poke|p1|Tyranitar, L50, F|\n|poke|p1|Arcanine-Hisui, L50, M|\n|poke|p2|Delphox, L50, M|\n|poke|p2|Ninetales-Alola, L50, F|\n|poke|p2|Kingambit, L50, F|\n|poke|p2|Dragonite, L50, F|\n|poke|p2|Sinistcha, L50|\n|poke|p2|Incineroar, L50, M|\n|teampreview|4\n|\n|t:|1775930684\n|teamsize|p1|4\n|teamsize|p2|4\n|start\n|switch|p1a: Farigiraf|Farigiraf, L50, M|100/100\n|switch|p1b: Arcanine|Arcanine-Hisui, L50, M|100/100\n|switch|p2a: Dragonite|Dragonite, L50, F|100/100\n|switch|p2b: Kingambit|Kingambit, L50, F|100/100\n|-ability|p1b: Arcanine|Intimidate|boost\n|-unboost|p2a: Dragonite|atk|1\n|-unboost|p2b: Kingambit|atk|1\n|-ability|p2b: Kingambit|Defiant|boost\n|-boost|p2b: Kingambit|atk|2\n|turn|1\n|\n|t:|1775930717\n|move|p1a: Farigiraf|Protect|p1a: Farigiraf\n|-singleturn|p1a: Farigiraf|Protect\n|move|p2b: Kingambit|Protect|p2b: Kingambit\n|-singleturn|p2b: Kingambit|Protect\n|move|p2a: Dragonite|Low Kick|p1b: Arcanine\n|-supereffective|p1b: Arcanine|1\n|-damage|p1b: Arcanine|49/100\n|move|p1b: Arcanine|Flare Blitz|p2b: Kingambit\n|-activate|p2b: Kingambit|move: Protect\n|\n|upkeep\n|turn|2\n|\n|t:|1775930737\n|switch|p1a: Tyranitar|Tyranitar, L50, F|100/100\n|-weather|Sandstorm|[from] ability: Sand Stream|[of] p1a: Tyranitar\n|move|p1b: Arcanine|Protect|p1b: Arcanine\n|-singleturn|p1b: Arcanine|Protect\n|move|p2a: Dragonite|Low Kick|p1b: Arcanine\n|-activate|p1b: Arcanine|move: Protect\n|move|p2b: Kingambit|Kowtow Cleave|p1a: Tyranitar\n|-resisted|p1a: Tyranitar|1\n|-damage|p1a: Tyranitar|64/100\n|\n|-weather|Sandstorm|[upkeep]\n|-damage|p2a: Dragonite|94/100|[from] Sandstorm\n|upkeep\n|turn|3\n|\n|t:|1775930754\n|move|p2a: Dragonite|Low Kick|p1b: Arcanine\n|-supereffective|p1b: Arcanine|1\n|-damage|p1b: Arcanine|4/100\n|move|p1b: Arcanine|Flare Blitz|p2b: Kingambit\n|-supereffective|p2b: Kingambit|1\n|-damage|p2b: Kingambit|22/100\n|-damage|p1b: Arcanine|0 fnt|[from] Recoil\n|faint|p1b: Arcanine\n|move|p1a: Tyranitar|Rock Slide|p2a: Dragonite|[spread] p2a,p2b\n|-supereffective|p2a: Dragonite|1\n|-resisted|p2b: Kingambit|1\n|-damage|p2a: Dragonite|35/100\n|-damage|p2b: Kingambit|11/100\n|cant|p2b: Kingambit|flinch\n|\n|-weather|Sandstorm|[upkeep]\n|-damage|p2a: Dragonite|29/100|[from] Sandstorm\n|upkeep\n|\n|t:|1775930776\n|switch|p1b: Farigiraf|Farigiraf, L50, M|100/100\n|turn|4\n|\n|t:|1775930789\n|switch|p2b: Sinistcha|Sinistcha, L50|100/100\n|-heal|p2a: Dragonite|54/100|[from] ability: Hospitality|[of] p2b: Sinistcha\n|move|p2a: Dragonite|Low Kick|p1a: Tyranitar\n|-supereffective|p1a: Tyranitar|2\n|-enditem|p1a: Tyranitar|Chople Berry|[eat]\n|-enditem|p1a: Tyranitar|Chople Berry|[weaken]\n|-damage|p1a: Tyranitar|15/100\n|move|p1b: Farigiraf|Dazzling Gleam|p2a: Dragonite|[spread] p2a,p2b\n|-supereffective|p2a: Dragonite|1\n|-damage|p2a: Dragonite|27/100\n|-damage|p2b: Sinistcha|85/100\n|move|p1a: Tyranitar|Thunder Punch|p2b: Sinistcha\n|-resisted|p2b: Sinistcha|1\n|-damage|p2b: Sinistcha|74/100\n|\n|-weather|Sandstorm|[upkeep]\n|-damage|p2a: Dragonite|20/100|[from] Sandstorm\n|-damage|p2b: Sinistcha|67/100|[from] Sandstorm\n|-damage|p1b: Farigiraf|94/100|[from] Sandstorm\n|-heal|p2b: Sinistcha|74/100|[from] item: Leftovers\n|-heal|p1b: Farigiraf|100/100|[from] item: Leftovers\n|upkeep\n|turn|5\n|\n|t:|1775930826\n|move|p2a: Dragonite|Protect|p2a: Dragonite\n|-singleturn|p2a: Dragonite|Protect\n|move|p1a: Tyranitar|Protect|p1a: Tyranitar\n|-singleturn|p1a: Tyranitar|Protect\n|move|p2b: Sinistcha|Matcha Gotcha|p1a: Tyranitar|[spread] p1b\n|-activate|p1a: Tyranitar|move: Protect\n|-damage|p1b: Farigiraf|80/100\n|-heal|p2b: Sinistcha|86/100|[from] drain|[of] p1b: Farigiraf\n|move|p1b: Farigiraf|Trick Room|p1b: Farigiraf\n|-fieldstart|move: Trick Room|[of] p1b: Farigiraf\n|\n|-weather|Sandstorm|[upkeep]\n|-damage|p1b: Farigiraf|74/100|[from] Sandstorm\n|-damage|p2b: Sinistcha|80/100|[from] Sandstorm\n|-damage|p2a: Dragonite|14/100|[from] Sandstorm\n|-heal|p1b: Farigiraf|80/100|[from] item: Leftovers\n|-heal|p2b: Sinistcha|86/100|[from] item: Leftovers\n|upkeep\n|turn|6\n|\n|t:|1775930852\n|move|p1b: Farigiraf|Dazzling Gleam|p2a: Dragonite|[spread] p2a,p2b\n|-supereffective|p2a: Dragonite|1\n|-damage|p2a: Dragonite|0 fnt\n|-damage|p2b: Sinistcha|72/100\n|faint|p2a: Dragonite\n|move|p1a: Tyranitar|Knock Off|p2b: Sinistcha\n|-supereffective|p2b: Sinistcha|1\n|-damage|p2b: Sinistcha|0 fnt\n|-enditem|p2b: Sinistcha|Leftovers|[from] move: Knock Off|[of] p1a: Tyranitar\n|faint|p2b: Sinistcha\n|\n|-weather|none\n|-heal|p1b: Farigiraf|86/100|[from] item: Leftovers\n|upkeep\n|\n|t:|1775930863\n|switch|p2b: Ninetales|Ninetales-Alola, L50, F|100/100\n|switch|p2a: Kingambit|Kingambit, L50, F|11/100\n|-weather|Snowscape|[from] ability: Snow Warning|[of] p2b: Ninetales\n|turn|7\n|\n|t:|1775930884\n|switch|p1a: Primarina|Primarina, L50, F|100/100\n|move|p1b: Farigiraf|Protect|p1b: Farigiraf\n|-singleturn|p1b: Farigiraf|Protect\n|move|p2a: Kingambit|Kowtow Cleave|p1b: Farigiraf\n|-activate|p1b: Farigiraf|move: Protect\n|move|p2b: Ninetales|Aurora Veil|p2b: Ninetales\n|-sidestart|p2: marclorbir7|move: Aurora Veil\n|\n|-weather|Snowscape|[upkeep]\n|-heal|p1b: Farigiraf|93/100|[from] item: Leftovers\n|upkeep\n|turn|8\n|\n|t:|1775930908\n|move|p2a: Kingambit|Iron Head|p1a: Primarina\n|-damage|p1a: Primarina|51/100\n|move|p1b: Farigiraf|Dazzling Gleam|p2a: Kingambit|[spread] p2a,p2b\n|-damage|p2a: Kingambit|2/100\n|-damage|p2b: Ninetales|89/100\n|move|p1a: Primarina|Hyper Voice|p2b: Ninetales|[spread] p2a,p2b\n|-damage|p2a: Kingambit|0 fnt\n|-damage|p2b: Ninetales|57/100\n|faint|p2a: Kingambit\n|move|p2b: Ninetales|Blizzard|p1a: Primarina|[spread] p1a,p1b\n|-resisted|p1a: Primarina|1\n|-damage|p1a: Primarina|36/100\n|-damage|p1b: Farigiraf|64/100\n|-status|p1a: Primarina|frz\n|\n|-weather|Snowscape|[upkeep]\n|-heal|p1b: Farigiraf|71/100|[from] item: Leftovers\n|upkeep\n|turn|9\n|c|\u2606marclorbir7|gg\n|\n|t:|1775930923\n|cant|p1a: Primarina|frz\n|move|p1b: Farigiraf|Twin Beam|p2b: Ninetales\n|-damage|p2b: Ninetales|44/100\n|-damage|p2b: Ninetales|32/100\n|-hitcount|p2b: Ninetales|2\n|move|p2b: Ninetales|Blizzard|p1a: Primarina|[spread] p1a,p1b\n|-resisted|p1a: Primarina|1\n|-damage|p1a: Primarina|23/100 frz\n|-damage|p1b: Farigiraf|44/100\n|\n|-weather|Snowscape|[upkeep]\n|-heal|p1b: Farigiraf|50/100|[from] item: Leftovers\n|-fieldend|move: Trick Room\n|upkeep\n|turn|10\n|\n|t:|1775930937\n|cant|p1a: Primarina|frz\n|move|p2b: Ninetales|Blizzard|p1a: Primarina|[spread] p1a,p1b\n|-resisted|p1a: Primarina|1\n|-damage|p1a: Primarina|10/100 frz\n|-damage|p1b: Farigiraf|23/100\n|move|p1b: Farigiraf|Trick Room|p1b: Farigiraf\n|-fieldstart|move: Trick Room|[of] p1b: Farigiraf\n|\n|-weather|Snowscape|[upkeep]\n|-heal|p1b: Farigiraf|29/100|[from] item: Leftovers\n|upkeep\n|turn|11\n|\n|t:|1775930946\n|move|p1b: Farigiraf|Twin Beam|p2b: Ninetales\n|-damage|p2b: Ninetales|19/100\n|-crit|p2b: Ninetales\n|-damage|p2b: Ninetales|0 fnt\n|faint|p2b: Ninetales\n|-hitcount|p2: Ninetales|2\n|\n|win|Teik\n|raw|Teik's rating: 1080 &rarr; <strong>1113</strong><br />(+33 for winning)\n|raw|marclorbir7's rating: 1138 &rarr; <strong>1109</strong><br />(-29 for losing)\n|c|\u2606Teik|gg\n|l|\u2606marclorbir7\n|player|p2|\n",
  "uploadtime": 1775930954,
  "views": 24,
  "formatid": "gen9championsvgc2026regma",
  "rating": 1109,
  "private": 0,
  "password": null
}