{
  "id": "gen9championsvgc2026regma-2580571523",
  "format": "[Gen 9 Champions] VGC 2026 Reg M-A",
  "players": [
    "JoelMasterX",
    "kennyomeg"
  ],
  "log": "|badge|p1|bronze|gen9ru|100-9\n|uhtml|medal-msg|<div class=\"broadcast-blue\">Curious what those medals under the avatar are? PS now has Ladder Seasons! For more information, check out the <a href=\"https://www.smogon.com/forums/threads/3740067/\">thread on Smogon.</a></div>\n|j|\u2606JoelMasterX\n|j|\u2606kennyomeg\n|inactive|Battle timer is ON: inactive players will automatically lose when time's up.\n|t:|1775914096\n|gametype|doubles\n|player|p1|JoelMasterX|taunie|\n|player|p2|kennyomeg|steven|\n|gen|9\n|tier|[Gen 9 Champions] VGC 2026 Reg M-A\n|rated|Tournament battle\n|rule|Species Clause: Limit one of each Pok\u00e9mon\n|rule|Item Clause: Limit 1 of each item\n|clearpoke\n|poke|p1|Chimecho, L50, F|\n|poke|p1|Torkoal, L50, M|\n|poke|p1|Crabominable, L50, M|\n|poke|p1|Mimikyu, L50, M|\n|poke|p1|Primarina, L50, F|\n|poke|p1|Kingambit, L50, F|\n|poke|p2|Dragapult, L50, M|\n|poke|p2|Kingambit, L50, M|\n|poke|p2|Aerodactyl, L50, M|\n|poke|p2|Gardevoir, L50, F|\n|poke|p2|Incineroar, L50, M|\n|poke|p2|Blastoise, L50, M|\n|teampreview|4\n|j|*Lady Monita \nkennyomeg has agreed to open team sheets.\nJoelMasterX has agreed to open team sheets.\n|showteam|p1|Chimecho||Chimechite|Levitate|Psychic,FlashCannon,Trick,Protect|||F|||50|]Torkoal||Charcoal|Drought|Eruption,HeatWave,Protect,EarthPower|||M|||50|]Crabominable||Crabominite|IronFist|IceHammer,CloseCombat,ThunderPunch,WideGuard|||M|||50|]Mimikyu||MentalHerb|Disguise|TrickRoom,ShadowClaw,PlayRough,DrainPunch|||M|||50|]Primarina||Leftovers|Torrent|WeatherBall,DazzlingGleam,SparklingAria,Protect|||F|||50|]Kingambit||BlackGlasses|Defiant|KowtowCleave,IronHead,Protect,SuckerPunch|||F|||50|\n|showteam|p2|Dragapult||FocusSash|ClearBody|DracoMeteor,WillOWisp,ShadowBall,Protect|||M|||50|]Kingambit||ChopleBerry|Defiant|LowKick,SuckerPunch,IronHead,Protect|||M|||50|]Aerodactyl||LumBerry|Unnerve|RockSlide,Tailwind,WideGuard,Protect|||M|||50|]Gardevoir||Gardevoirite|Trace|TrickRoom,HyperVoice,Protect,Psychic|||F|||50|]Incineroar||SitrusBerry|Intimidate|PartingShot,FlareBlitz,DarkestLariat,FakeOut|||M|||50|]Blastoise||Leftovers|RainDish|Yawn,MuddyWater,FakeOut,IcyWind|||M|||50|\n|inactive|JoelMasterX has 60 seconds left.\n|inactive|kennyomeg has 60 seconds left.\n|inactive|kennyomeg has 30 seconds left.\n|j| KeepinDaHeadBZ\n|inactive|kennyomeg has 20 seconds left.\n|inactive|kennyomeg has 15 seconds left.\n|\n|t:|1775914188\n|teamsize|p1|4\n|teamsize|p2|4\n|start\n|switch|p1a: Mimikyu|Mimikyu, L50, M|100/100\n|switch|p1b: Primarina|Primarina, L50, F|100/100\n|switch|p2a: Blastoise|Blastoise, L50, M|100/100\n|switch|p2b: Dragapult|Dragapult, L50, M|100/100\n|turn|1\n|\n|t:|1775914203\n|move|p2a: Blastoise|Fake Out|p1b: Primarina\n|-damage|p1b: Primarina|92/100\n|move|p2b: Dragapult|Will-O-Wisp|p1a: Mimikyu\n|-status|p1a: Mimikyu|brn\n|cant|p1b: Primarina|flinch\n|move|p1a: Mimikyu|Trick Room|p1a: Mimikyu\n|-fieldstart|move: Trick Room|[of] p1a: Mimikyu\n|\n|-heal|p1b: Primarina|98/100|[from] item: Leftovers\n|-damage|p1a: Mimikyu|94/100 brn|[from] brn\n|upkeep\n|turn|2\n|\n|t:|1775914217\n|switch|p1a: Crabominable|Crabominable, L50, M|100/100\n|move|p2b: Dragapult|Protect|p2b: Dragapult\n|-singleturn|p2b: Dragapult|Protect\n|move|p1b: Primarina|Dazzling Gleam|p2a: Blastoise|[spread] p2a\n|-activate|p2b: Dragapult|move: Protect\n|-damage|p2a: Blastoise|68/100\n|move|p2a: Blastoise|Yawn|p1b: Primarina\n|-start|p1b: Primarina|move: Yawn|[of] p2a: Blastoise\n|\n|-heal|p1b: Primarina|100/100|[from] item: Leftovers\n|-heal|p2a: Blastoise|74/100|[from] item: Leftovers\n|upkeep\n|turn|3\n|inactive|JoelMasterX has 30 seconds left.\n|\n|t:|1775914249\n|switch|p2b: Kingambit|Kingambit, L50, M|100/100\n|detailschange|p1a: Crabominable|Crabominable-Mega, L50, M\n|-mega|p1a: Crabominable|Crabominable|Crabominite\n|move|p1a: Crabominable|Thunder Punch|p2a: Blastoise\n|-supereffective|p2a: Blastoise|1\n|-damage|p2a: Blastoise|16/100\n|-status|p2a: Blastoise|par\n|move|p2a: Blastoise|Yawn|p1a: Crabominable\n|-start|p1a: Crabominable|move: Yawn|[of] p2a: Blastoise\n|move|p1b: Primarina|Dazzling Gleam|p2a: Blastoise|[spread] p2a,p2b\n|-damage|p2a: Blastoise|0 fnt\n|-damage|p2b: Kingambit|67/100\n|faint|p2a: Blastoise\n|\n|-end|p1b: Primarina|move: Yawn|[silent]\n|-status|p1b: Primarina|slp\n|upkeep\n|\n|t:|1775914272\n|switch|p2a: Gardevoir|Gardevoir, L50, F|100/100\n|-ability|p2a: Gardevoir|Iron Fist|Trace|[from] ability: Trace|[of] p1a: Crabominable\n|turn|4\n|\n|t:|1775914295\n|move|p2b: Kingambit|Protect|p2b: Kingambit\n|-singleturn|p2b: Kingambit|Protect\n|move|p2a: Gardevoir|Protect|p2a: Gardevoir\n|-singleturn|p2a: Gardevoir|Protect\n|move|p1a: Crabominable|Ice Hammer|p2a: Gardevoir\n|-activate|p2a: Gardevoir|move: Protect\n|cant|p1b: Primarina|slp\n|\n|-end|p1a: Crabominable|move: Yawn|[silent]\n|-status|p1a: Crabominable|slp\n|upkeep\n|turn|5\n|\n|t:|1775914311\n|switch|p1a: Mimikyu|Mimikyu, L50, M|94/100 brn\n|detailschange|p2a: Gardevoir|Gardevoir-Mega, L50, F\n|-mega|p2a: Gardevoir|Gardevoir|Gardevoirite\n|cant|p1b: Primarina|slp\n|move|p2b: Kingambit|Iron Head|p1b: Primarina\n|-damage|p1b: Primarina|45/100 slp\n|move|p2a: Gardevoir|Hyper Voice|p1a: Mimikyu|[spread] p1a,p1b\n|-activate|p1a: Mimikyu|ability: Disguise\n|-damage|p1a: Mimikyu|94/100 brn\n|-damage|p1b: Primarina|0 fnt\n|detailschange|p1a: Mimikyu|Mimikyu-Busted, L50, M\n|-damage|p1a: Mimikyu|82/100 brn|[from] pokemon: Mimikyu-Busted\n|faint|p1b: Primarina\n|\n|-damage|p1a: Mimikyu|76/100 brn|[from] brn\n|-fieldend|move: Trick Room\n|upkeep\n|\n|t:|1775914327\n|switch|p1b: Kingambit|Kingambit, L50, F|100/100\n|turn|6\n|inactive|kennyomeg has 30 seconds left.\n|\n|t:|1775914354\n|move|p2a: Gardevoir|Hyper Voice|p1a: Mimikyu|[spread] p1a,p1b\n|-damage|p1a: Mimikyu|15/100 brn\n|-damage|p1b: Kingambit|41/100\n|move|p1a: Mimikyu|Drain Punch|p2b: Kingambit\n|-supereffective|p2b: Kingambit|2\n|-enditem|p2b: Kingambit|Chople Berry|[eat]\n|-enditem|p2b: Kingambit|Chople Berry|[weaken]\n|-damage|p2b: Kingambit|50/100\n|-heal|p1a: Mimikyu|26/100 brn|[from] drain|[of] p2b: Kingambit\n|move|p2b: Kingambit|Low Kick|p1b: Kingambit\n|-supereffective|p1b: Kingambit|2\n|-damage|p1b: Kingambit|0 fnt\n|faint|p1b: Kingambit\n|\n|-damage|p1a: Mimikyu|20/100 brn|[from] brn\n|upkeep\n|\n|t:|1775914362\n|switch|p1b: Crabominable|Crabominable-Mega, L50, M|100/100 slp\n|turn|7\n|c|\u2606JoelMasterX|gg\n|-message|JoelMasterX forfeited.\n|\n|win|kennyomeg\n|n|\u2606JoelMasterX|joelmasterx\n|n|\u2606kennyomeg|kennyomeg\n|n|*Lady Monita |ladymonita\n|n| KeepinDaHeadBZ|keepindaheadbz\n|l|*Lady Monita \n|l| KeepinDaHeadBZ\n|l|\u2606JoelMasterX\n|player|p1|\n|j|\u2606JoelMasterX\n|player|p1|JoelMasterX|taunie|\n|l|\u2606JoelMasterX\n|player|p1|\n|j|\u2606JoelMasterX\n|player|p1|JoelMasterX|taunie|\n",
  "uploadtime": 1775914653,
  "views": 9,
  "formatid": "gen9championsvgc2026regma",
  "rating": null,
  "private": 0,
  "password": null
}