{
  "id": "gen9championsvgc2026regma-2584658518",
  "format": "[Gen 9 Champions] VGC 2026 Reg M-A",
  "players": [
    "CrosspoisonVGC",
    "BADDE"
  ],
  "log": "|j|\u2606CrosspoisonVGC\n|j|\u2606BADDE\n|t:|1776274969\n|gametype|doubles\n|player|p1|CrosspoisonVGC|1|1094\n|player|p2|BADDE|102|1081\n|gen|9\n|tier|[Gen 9 Champions] VGC 2026 Reg M-A\n|rated|\n|rule|Species Clause: Limit one of each Pok\u00e9mon\n|rule|Item Clause: Limit 1 of each item\n|clearpoke\n|poke|p1|Torkoal, L50, M|\n|poke|p1|Kingambit, L50, M|\n|poke|p1|Garchomp, L50, F|\n|poke|p1|Quaquaval, L50, M|\n|poke|p1|Delphox, L50, M|\n|poke|p1|Farigiraf, L50, F|\n|poke|p2|Froslass, L50, F|\n|poke|p2|Milotic, L50, M|\n|poke|p2|Rotom-Mow, L50|\n|poke|p2|Sneasler, L50, F|\n|poke|p2|Incineroar, L50, M|\n|poke|p2|Kingambit, L50, M|\n|teampreview|4\n|\n|t:|1776275009\n|teamsize|p1|4\n|teamsize|p2|4\n|start\n|switch|p1a: FieryAffinity|Delphox, L50, M|100/100\n|switch|p1b: Quaquaval|Quaquaval, L50, M|100/100\n|switch|p2a: Incineroar|Incineroar, L50, M|100/100\n|switch|p2b: Milotic|Milotic, L50, M|100/100\n|-ability|p2a: Incineroar|Intimidate|boost\n|-unboost|p1a: FieryAffinity|atk|1\n|-unboost|p1b: Quaquaval|atk|1\n|turn|1\n|\n|t:|1776275036\n|switch|p1a: Farigiraf|Farigiraf, L50, F|100/100\n|move|p2a: Incineroar|Fake Out||[still]\n|cant|p1a: Farigiraf|ability: Armor Tail|Fake Out|[of] p2a: Incineroar\n|move|p1b: Quaquaval|Flip Turn|p2a: Incineroar\n|-supereffective|p2a: Incineroar|1\n|-damage|p2a: Incineroar|59/100\n|\n|t:|1776275046\n|switch|p1b: FieryAffinity|Delphox, L50, M|100/100|[from] Flip Turn\n|move|p2b: Milotic|Scald|p1a: Farigiraf\n|-damage|p1a: Farigiraf|71/100\n|\n|upkeep\n|turn|2\n|\n|t:|1776275073\n|detailschange|p1b: FieryAffinity|Delphox-Mega, L50, M\n|-mega|p1b: FieryAffinity|Delphox|Delphoxite\n|move|p1b: FieryAffinity|Psychic|p2b: Milotic\n|-damage|p2b: Milotic|61/100\n|move|p2b: Milotic|Scald|p1b: FieryAffinity\n|-supereffective|p1b: FieryAffinity|1\n|-damage|p1b: FieryAffinity|41/100\n|move|p2a: Incineroar|Darkest Lariat|p1a: Farigiraf\n|-supereffective|p1a: Farigiraf|1\n|-damage|p1a: Farigiraf|3/100\n|-enditem|p1a: Farigiraf|Sitrus Berry|[eat]\n|-heal|p1a: Farigiraf|28/100|[from] item: Sitrus Berry\n|move|p1a: Farigiraf|Hyper Voice|p2a: Incineroar|[spread] p2a,p2b\n|-damage|p2a: Incineroar|35/100\n|-damage|p2b: Milotic|42/100\n|-enditem|p2a: Incineroar|Sitrus Berry|[eat]\n|-heal|p2a: Incineroar|59/100|[from] item: Sitrus Berry\n|\n|-heal|p2b: Milotic|48/100|[from] item: Leftovers\n|upkeep\n|turn|3\n|\n|t:|1776275099\n|switch|p1a: Quaquaval|Quaquaval, L50, M|100/100\n|move|p1b: FieryAffinity|Protect|p1b: FieryAffinity\n|-singleturn|p1b: FieryAffinity|Protect\n|move|p2b: Milotic|Protect|p2b: Milotic\n|-singleturn|p2b: Milotic|Protect\n|move|p2a: Incineroar|Darkest Lariat|p1a: Quaquaval\n|-resisted|p1a: Quaquaval|1\n|-damage|p1a: Quaquaval|74/100\n|\n|-heal|p2b: Milotic|54/100|[from] item: Leftovers\n|upkeep\n|turn|4\n|\n|t:|1776275130\n|switch|p1b: Farigiraf|Farigiraf, L50, F|28/100\n|move|p1a: Quaquaval|Close Combat|p2b: Milotic\n|-damage|p2b: Milotic|0 fnt\n|-unboost|p1a: Quaquaval|def|1\n|-unboost|p1a: Quaquaval|spd|1\n|faint|p2b: Milotic\n|-ability|p1a: Quaquaval|Moxie|boost\n|-boost|p1a: Quaquaval|atk|1\n|move|p2a: Incineroar|Parting Shot|p1a: Quaquaval\n|-unboost|p1a: Quaquaval|atk|1\n|-unboost|p1a: Quaquaval|spa|1\n|\n|t:|1776275150\n|switch|p2a: Froslass|Froslass, L50, F|100/100|[from] Parting Shot\n|\n|upkeep\n|\n|t:|1776275152\n|switch|p2b: Incineroar|Incineroar, L50, M|59/100\n|-ability|p2b: Incineroar|Intimidate|boost\n|-unboost|p1a: Quaquaval|atk|1\n|-unboost|p1b: Farigiraf|atk|1\n|turn|5\n|\n|t:|1776275164\n|detailschange|p2a: Froslass|Froslass-Mega, L50, F\n|-mega|p2a: Froslass|Froslass|Froslassite\n|-weather|Snowscape|[from] ability: Snow Warning|[of] p2a: Froslass\n|move|p2b: Incineroar|Fake Out||[still]\n|cant|p1b: Farigiraf|ability: Armor Tail|Fake Out|[of] p2b: Incineroar\n|move|p1a: Quaquaval|Close Combat|p2b: Incineroar\n|-supereffective|p2b: Incineroar|1\n|-damage|p2b: Incineroar|0 fnt\n|-unboost|p1a: Quaquaval|def|1\n|-unboost|p1a: Quaquaval|spd|1\n|faint|p2b: Incineroar\n|-ability|p1a: Quaquaval|Moxie|boost\n|-boost|p1a: Quaquaval|atk|1\n|move|p2a: Froslass|Blizzard|p1a: Quaquaval|[spread] p1a,p1b\n|-resisted|p1a: Quaquaval|1\n|-damage|p1a: Quaquaval|18/100\n|-damage|p1b: Farigiraf|0 fnt\n|faint|p1b: Farigiraf\n|\n|-weather|Snowscape|[upkeep]\n|upkeep\n|\n|t:|1776275183\n|switch|p2b: Sneasler|Sneasler, L50, F|100/100\n|switch|p1b: FieryAffinity|Delphox-Mega, L50, M|41/100\n|turn|6\n|\n|t:|1776275209\n|move|p1b: FieryAffinity|Protect|p1b: FieryAffinity\n|-singleturn|p1b: FieryAffinity|Protect\n|move|p2b: Sneasler|Fake Out|p1b: FieryAffinity\n|-activate|p1b: FieryAffinity|move: Protect\n|move|p1a: Quaquaval|Close Combat|p2b: Sneasler\n|-resisted|p2b: Sneasler|1\n|-damage|p2b: Sneasler|49/100\n|-unboost|p1a: Quaquaval|def|1\n|-unboost|p1a: Quaquaval|spd|1\n|move|p2a: Froslass|Blizzard|p1b: FieryAffinity|[spread] p1a\n|-activate|p1b: FieryAffinity|move: Protect\n|-resisted|p1a: Quaquaval|1\n|-damage|p1a: Quaquaval|0 fnt\n|faint|p1a: Quaquaval\n|\n|-weather|Snowscape|[upkeep]\n|upkeep\n|\n|t:|1776275221\n|switch|p1a: Torkoal|Torkoal, L50, M|100/100\n|-weather|SunnyDay|[from] ability: Drought|[of] p1a: Torkoal\n|turn|7\n|\n|t:|1776275236\n|move|p1b: FieryAffinity|Heat Wave|p2a: Froslass|[spread] p2b\n|-miss|p1b: FieryAffinity|p2a: Froslass\n|-damage|p2b: Sneasler|0 fnt\n|faint|p2b: Sneasler\n|move|p2a: Froslass|Shadow Ball|p1b: FieryAffinity\n|-supereffective|p1b: FieryAffinity|1\n|-damage|p1b: FieryAffinity|0 fnt\n|faint|p1b: FieryAffinity\n|move|p1a: Torkoal|Weather Ball|p2a: Froslass\n|-supereffective|p2a: Froslass|1\n|-damage|p2a: Froslass|0 fnt\n|faint|p2a: Froslass\n|\n|win|CrosspoisonVGC\n|raw|CrosspoisonVGC's rating: 1094 &rarr; <strong>1119</strong><br />(+25 for winning)\n|raw|BADDE's rating: 1081 &rarr; <strong>1060</strong><br />(-21 for losing)\n|l|\u2606BADDE\n|player|p2|\n",
  "uploadtime": 1776275259,
  "views": 26,
  "formatid": "gen9championsvgc2026regma",
  "rating": 1060,
  "private": 0,
  "password": null
}