{
  "id": "gen9championsvgc2026regma-2580945789",
  "format": "[Gen 9 Champions] VGC 2026 Reg M-A",
  "players": [
    "lilJesus07",
    "PhpRyV"
  ],
  "log": "|j|\u2606lilJesus07\n|j|\u2606PhpRyV\n|t:|1775945609\n|gametype|doubles\n|player|p1|lilJesus07|brawly|1213\n|player|p2|PhpRyV|pokemonbreeder-gen4|1116\n|gen|9\n|tier|[Gen 9 Champions] VGC 2026 Reg M-A\n|rated|\n|rule|Species Clause: Limit one of each Pok\u00e9mon\n|rule|Item Clause: Limit 1 of each item\n|clearpoke\n|poke|p1|Corviknight, L50, F|\n|poke|p1|Arcanine-Hisui, L50, M|\n|poke|p1|Kommo-o, L50, F|\n|poke|p1|Drampa, L50, F|\n|poke|p1|Farigiraf, L50, M|\n|poke|p1|Maushold-Four, L50|\n|poke|p2|Meowstic, L50, M|\n|poke|p2|Mimikyu, L50, M|\n|poke|p2|Alakazam, L50, M|\n|poke|p2|Slowbro, L50, F|\n|poke|p2|Gallade, L50, M|\n|poke|p2|Torkoal, L50, M|\n|teampreview|4\n|inactive|Battle timer is ON: inactive players will automatically lose when time's up. (requested by lilJesus07)\n|inactive|lilJesus07 has 60 seconds left.\n|\n|t:|1775945643\n|teamsize|p1|4\n|teamsize|p2|4\n|start\n|switch|p1a: Drampa|Drampa, L50, F|100/100\n|switch|p1b: Maushold|Maushold-Four, L50|100/100\n|switch|p2a: Mimikyu|Mimikyu, L50, M, shiny|100/100\n|switch|p2b: Pepsi|Meowstic, L50, M|100/100\n|turn|1\n|inactive|lilJesus07 has 30 seconds left.\n|inactive|lilJesus07 has 20 seconds left.\n|inactive|lilJesus07 has 15 seconds left.\n|inactive|lilJesus07 has 10 seconds left.\n|inactive|lilJesus07 has 5 seconds left.\n|\n|t:|1775945693\n|detailschange|p1a: Drampa|Drampa-Mega, L50, F\n|-mega|p1a: Drampa|Drampa|Drampanite\n|move|p1a: Drampa|Protect|p1a: Drampa\n|-singleturn|p1a: Drampa|Protect\n|move|p2b: Pepsi|Fake Out|p1b: Maushold\n|-damage|p1b: Maushold|92/100\n|cant|p1b: Maushold|flinch\n|move|p2a: Mimikyu|Swords Dance|p2a: Mimikyu\n|-boost|p2a: Mimikyu|atk|2\n|\n|upkeep\n|turn|2\n|\n|t:|1775945709\n|switch|p1a: Corviknight|Corviknight, L50, F, shiny|100/100\n|move|p2b: Pepsi|Psychic Terrain|p2b: Pepsi\n|-fieldstart|move: Psychic Terrain\n|move|p1b: Maushold|U-turn|p2a: Mimikyu\n|-activate|p2a: Mimikyu|ability: Disguise\n|-damage|p2a: Mimikyu|100/100\n|detailschange|p2a: Mimikyu|Mimikyu-Busted, L50, M, shiny\n|-damage|p2a: Mimikyu|88/100|[from] pokemon: Mimikyu-Busted\n|\n|t:|1775945721\n|switch|p1b: Farigiraf|Farigiraf, L50, M|100/100|[from] U-turn\n|move|p2a: Mimikyu|Play Rough|p1a: Corviknight\n|-resisted|p1a: Corviknight|1\n|-damage|p1a: Corviknight|74/100\n|\n|upkeep\n|turn|3\n|inactive|lilJesus07 has 30 seconds left.\n|\n|t:|1775945749\n|move|p2b: Pepsi|Expanding Force|p1a: Corviknight|[spread] p1a,p1b\n|-resisted|p1a: Corviknight|1\n|-resisted|p1b: Farigiraf|1\n|-damage|p1a: Corviknight|53/100\n|-damage|p1b: Farigiraf|78/100\n|move|p2a: Mimikyu|Play Rough|p1b: Farigiraf\n|-damage|p1b: Farigiraf|18/100\n|move|p1a: Corviknight|Brave Bird|p2a: Mimikyu\n|-damage|p2a: Mimikyu|29/100\n|-damage|p1a: Corviknight|38/100|[from] Recoil\n|-enditem|p1a: Corviknight|Sitrus Berry|[eat]\n|-heal|p1a: Corviknight|62/100|[from] item: Sitrus Berry\n|move|p1b: Farigiraf|Psychic|p2a: Mimikyu\n|-damage|p2a: Mimikyu|0 fnt\n|faint|p2a: Mimikyu\n|\n|upkeep\n|\n|t:|1775945764\n|switch|p2a: Alakazam|Alakazam, L50, M|100/100\n|turn|4\n|\n|t:|1775945776\n|switch|p1b: Maushold|Maushold-Four, L50|92/100\n|detailschange|p2a: Alakazam|Alakazam-Mega, L50, M\n|-mega|p2a: Alakazam|Alakazam|Alakazite\n|-ability|p2a: Alakazam|Friend Guard|Trace|[from] ability: Trace|[of] p1b: Maushold\n|move|p2a: Alakazam|Expanding Force|p1a: Corviknight|[spread] p1a,p1b\n|-resisted|p1a: Corviknight|1\n|-damage|p1a: Corviknight|36/100\n|-damage|p1b: Maushold|2/100\n|move|p2b: Pepsi|Expanding Force|p1b: Maushold|[spread] p1a,p1b\n|-resisted|p1a: Corviknight|1\n|-damage|p1a: Corviknight|20/100\n|-damage|p1b: Maushold|0 fnt\n|faint|p1b: Maushold\n|move|p1a: Corviknight|Brave Bird|p2a: Alakazam\n|-damage|p2a: Alakazam|17/100\n|-damage|p1a: Corviknight|3/100|[from] Recoil\n|\n|upkeep\n|\n|t:|1775945793\n|switch|p1b: Farigiraf|Farigiraf, L50, M|18/100\n|turn|5\n|\n|t:|1775945803\n|move|p2a: Alakazam|Expanding Force|p1b: Farigiraf|[spread] p1a,p1b\n|-resisted|p1a: Corviknight|1\n|-resisted|p1b: Farigiraf|1\n|-crit|p1b: Farigiraf\n|-damage|p1a: Corviknight|0 fnt\n|-damage|p1b: Farigiraf|0 fnt\n|faint|p1a: Corviknight\n|faint|p1b: Farigiraf\n|move|p2b: Pepsi|Expanding Force|p1: Corviknight|[notarget]\n|-fail|p2b: Pepsi\n|\n|upkeep\n|\n|t:|1775945806\n|switch|p1b: Drampa|Drampa-Mega, L50, F|100/100\n|turn|6\n|\n|t:|1775945812\n|move|p1b: Drampa|Protect|p1b: Drampa\n|-singleturn|p1b: Drampa|Protect\n|move|p2a: Alakazam|Dazzling Gleam|p1b: Drampa\n|-activate|p1b: Drampa|move: Protect\n|move|p2b: Pepsi|Expanding Force|p1b: Drampa\n|-activate|p1b: Drampa|move: Protect\n|\n|-fieldend|move: Psychic Terrain\n|upkeep\n|turn|7\n|\n|t:|1775945826\n|move|p2b: Pepsi|Psychic Terrain|p2b: Pepsi\n|-fieldstart|move: Psychic Terrain\n|move|p2a: Alakazam|Expanding Force|p1b: Drampa\n|-damage|p1b: Drampa|16/100\n|-ability|p1b: Drampa|Berserk|boost\n|-boost|p1b: Drampa|spa|1\n|move|p1b: Drampa|Hyper Voice|p2a: Alakazam|[spread] p2a,p2b\n|-damage|p2a: Alakazam|0 fnt\n|-damage|p2b: Pepsi|38/100\n|faint|p2a: Alakazam\n|\n|upkeep\n|\n|t:|1775945830\n|switch|p2a: Gallade|Gallade, L50, M|100/100\n|turn|8\n|\n|t:|1775945838\n|move|p2b: Pepsi|Expanding Force|p1b: Drampa\n|-damage|p1b: Drampa|0 fnt\n|faint|p1b: Drampa\n|\n|win|PhpRyV\n|raw|lilJesus07's rating: 1213 &rarr; <strong>1181</strong><br />(-32 for losing)\n|raw|PhpRyV's rating: 1116 &rarr; <strong>1148</strong><br />(+32 for winning)\n|l|\u2606lilJesus07\n|player|p1|\n",
  "uploadtime": 1775945847,
  "views": 15,
  "formatid": "gen9championsvgc2026regma",
  "rating": 1148,
  "private": 0,
  "password": null
}