{
  "id": "gen9championsvgc2026regma-2582321348",
  "format": "[Gen 9 Champions] VGC 2026 Reg M-A",
  "players": [
    "kingbriddz",
    "BigGamerManThing"
  ],
  "log": "|j|\u2606kingbriddz\n|j|\u2606BigGamerManThing\n|t:|1776083148\n|gametype|doubles\n|player|p1|kingbriddz|2|1110\n|player|p2|BigGamerManThing|169|1064\n|gen|9\n|tier|[Gen 9 Champions] VGC 2026 Reg M-A\n|rated|\n|rule|Species Clause: Limit one of each Pok\u00e9mon\n|rule|Item Clause: Limit 1 of each item\n|clearpoke\n|poke|p1|Hawlucha, L50, M|\n|poke|p1|Snorlax, L50, M|\n|poke|p1|Sinistcha-Masterpiece, L50|\n|poke|p1|Rotom-Wash, L50|\n|poke|p1|Incineroar, L50, M|\n|poke|p1|Aerodactyl, L50, M|\n|poke|p2|Mr. Rime, L50, F|\n|poke|p2|Hawlucha, L50, F|\n|poke|p2|Incineroar, L50, M|\n|poke|p2|Snorlax, L50, M|\n|poke|p2|Mimikyu, L50, F|\n|poke|p2|Palafin, L50, F|\n|teampreview|4\n|l|\u2606kingbriddz\n|player|p1|\n|j|\u2606kingbriddz\n|player|p1|kingbriddz|2|\n|\n|t:|1776083195\n|teamsize|p1|4\n|teamsize|p2|4\n|start\n|switch|p1a: Aerodactyl|Aerodactyl, L50, M, shiny|100/100\n|switch|p1b: Incineroar|Incineroar, L50, M|100/100\n|switch|p2a: Mr. Rime|Mr. Rime, L50, F|100/100\n|switch|p2b: Hawlucha|Hawlucha, L50, F|100/100\n|-ability|p1b: Incineroar|Intimidate|boost\n|-unboost|p2a: Mr. Rime|atk|1\n|-unboost|p2b: Hawlucha|atk|1\n|turn|1\n|\n|t:|1776083220\n|detailschange|p2b: Hawlucha|Hawlucha-Mega, L50, F\n|-mega|p2b: Hawlucha|Hawlucha|Hawluchanite\n|detailschange|p1a: Aerodactyl|Aerodactyl-Mega, L50, M, shiny\n|-mega|p1a: Aerodactyl|Aerodactyl|Aerodactylite\n|move|p1b: Incineroar|Fake Out|p2a: Mr. Rime\n|-damage|p2a: Mr. Rime|91/100\n|move|p1a: Aerodactyl|Rock Slide|p2a: Mr. Rime|[spread] p2a,p2b\n|-supereffective|p2a: Mr. Rime|1\n|-damage|p2a: Mr. Rime|33/100\n|-damage|p2b: Hawlucha|64/100\n|move|p2b: Hawlucha|Entrainment|p2a: Mr. Rime\n|-ability|p2a: Mr. Rime|No Guard|Ice Body|[from] move: Entrainment|[of] p2b: Hawlucha\n|cant|p2a: Mr. Rime|flinch\n|\n|upkeep\n|turn|2\n|l|\u2606kingbriddz\n|player|p1|\n|j|\u2606kingbriddz\n|player|p1|kingbriddz|2|\n|\n|t:|1776083262\n|switch|p1b: Rotom|Rotom-Wash, L50|100/100\n|move|p1a: Aerodactyl|Rock Slide|p2b: Hawlucha|[spread] p2a,p2b\n|-supereffective|p2a: Mr. Rime|1\n|-damage|p2a: Mr. Rime|0 fnt\n|-damage|p2b: Hawlucha|26/100\n|faint|p2a: Mr. Rime\n|move|p2b: Hawlucha|Drain Punch|p1b: Rotom\n|-damage|p1b: Rotom|70/100\n|-heal|p2b: Hawlucha|42/100|[from] drain|[of] p1b: Rotom\n|\n|upkeep\n|\n|t:|1776083277\n|switch|p2a: Snorlax|Snorlax, L50, M|100/100\n|turn|3\n|\n|t:|1776083291\n|move|p1a: Aerodactyl|Dual Wingbeat|p2b: Hawlucha\n|-supereffective|p2b: Hawlucha|1\n|-crit|p2b: Hawlucha\n|-damage|p2b: Hawlucha|0 fnt\n|faint|p2b: Hawlucha\n|-hitcount|p2: Hawlucha|1\n|move|p1b: Rotom|Trick|p2a: Snorlax\n|-activate|p1b: Rotom|move: Trick|[of] p2a: Snorlax\n|-item|p2a: Snorlax|Choice Scarf|[from] move: Trick\n|-item|p1b: Rotom|Sitrus Berry|[from] move: Trick\n|move|p2a: Snorlax|Belly Drum|p2a: Snorlax\n|-damage|p2a: Snorlax|51/100\n|-setboost|p2a: Snorlax|atk|6|[from] move: Belly Drum\n|\n|upkeep\n|\n|t:|1776083304\n|switch|p2b: Mimikyu|Mimikyu, L50, F|100/100\n|turn|4\n|c|\u2606kingbriddz|Gg\n|\n|t:|1776083323\n|move|p1a: Aerodactyl|Dual Wingbeat|p2b: Mimikyu\n|-activate|p2b: Mimikyu|ability: Disguise\n|-damage|p2b: Mimikyu|100/100\n|detailschange|p2b: Mimikyu|Mimikyu-Busted, L50, F\n|-damage|p2b: Mimikyu|88/100|[from] pokemon: Mimikyu-Busted\n|-damage|p2b: Mimikyu|42/100\n|-hitcount|p2b: Mimikyu|2\n|move|p1b: Rotom|Volt Switch|p2b: Mimikyu\n|-damage|p2b: Mimikyu|12/100\n|\n|t:|1776083334\n|switch|p1b: Incineroar|Incineroar, L50, M|100/100|[from] Volt Switch\n|-ability|p1b: Incineroar|Intimidate|boost\n|-unboost|p2a: Snorlax|atk|1\n|-unboost|p2b: Mimikyu|atk|1\n|move|p2b: Mimikyu|Shadow Ball|p1b: Incineroar\n|-resisted|p1b: Incineroar|1\n|-damage|p1b: Incineroar|95/100\n|move|p2a: Snorlax|Belly Drum|p2a: Snorlax\n|-damage|p2a: Snorlax|1/100\n|-setboost|p2a: Snorlax|atk|6|[from] move: Belly Drum\n|\n|-heal|p2b: Mimikyu|18/100|[from] item: Leftovers\n|upkeep\n|turn|5\n|\n|t:|1776083352\n|move|p1b: Incineroar|Fake Out|p2a: Snorlax\n|-damage|p2a: Snorlax|0 fnt\n|faint|p2a: Snorlax\n|move|p1a: Aerodactyl|Rock Slide|p2b: Mimikyu\n|-damage|p2b: Mimikyu|0 fnt\n|faint|p2b: Mimikyu\n|\n|win|kingbriddz\n|raw|kingbriddz's rating: 1110 &rarr; <strong>1132</strong><br />(+22 for winning)\n|raw|BigGamerManThing's rating: 1064 &rarr; <strong>1047</strong><br />(-17 for losing)\n|l|\u2606BigGamerManThing\n|player|p2|\n",
  "uploadtime": 1776083368,
  "views": 14,
  "formatid": "gen9championsvgc2026regma",
  "rating": 1047,
  "private": 0,
  "password": null
}