{
  "id": "gen9championsvgc2026regma-2584604499",
  "format": "[Gen 9 Champions] VGC 2026 Reg M-A",
  "players": [
    "Shadowghost2541",
    "EpiclyEpicGamerW"
  ],
  "log": "|j|\u2606Shadowghost2541\n|j|\u203dEpiclyEpicGamerW\n|t:|1776271591\n|gametype|doubles\n|player|p1|Shadowghost2541|gentleman-gen4|1191\n|player|p2|EpiclyEpicGamerW|red-masters|1233\n|gen|9\n|tier|[Gen 9 Champions] VGC 2026 Reg M-A\n|rated|\n|rule|Species Clause: Limit one of each Pok\u00e9mon\n|rule|Item Clause: Limit 1 of each item\n|clearpoke\n|poke|p1|Whimsicott, L50, M|\n|poke|p1|Archaludon, L50, M|\n|poke|p1|Pelipper, L50, M|\n|poke|p1|Meganium, L50, M|\n|poke|p1|Farigiraf, L50, F|\n|poke|p1|Sneasler, L50, F|\n|poke|p2|Charizard, L50, M|\n|poke|p2|Venusaur, L50, F|\n|poke|p2|Garchomp, L50, M|\n|poke|p2|Rotom-Wash, L50|\n|poke|p2|Incineroar, L50, F|\n|poke|p2|Corviknight, L50, F|\n|teampreview|4\n|inactive|Battle timer is ON: inactive players will automatically lose when time's up. (requested by EpiclyEpicGamerW)\n|inactive|Shadowghost2541 has 60 seconds left.\n|inactive|EpiclyEpicGamerW has 60 seconds left.\n|\n|t:|1776271640\n|teamsize|p1|4\n|teamsize|p2|4\n|start\n|switch|p1a: Sneasler|Sneasler, L50, F|100/100\n|switch|p1b: Archimus|Archaludon, L50, M|100/100\n|switch|p2a: Charizard|Charizard, L50, M, shiny|100/100\n|switch|p2b: Rotom|Rotom-Wash, L50|100/100\n|turn|1\n|\n|t:|1776271663\n|move|p2a: Charizard|Protect|p2a: Charizard\n|-singleturn|p2a: Charizard|Protect\n|move|p2b: Rotom|Volt Switch|p1a: Sneasler\n|-damage|p1a: Sneasler|58/100\n|\n|t:|1776271670\n|switch|p2b: Garchomp|Garchomp, L50, M|100/100|[from] Volt Switch\n|move|p1a: Sneasler|Rock Slide|p2a: Charizard|[spread] p2b\n|-activate|p2a: Charizard|move: Protect\n|-resisted|p2b: Garchomp|1\n|-damage|p2b: Garchomp|91/100\n|move|p1b: Archimus|Electro Shot||[still]\n|-prepare|p1b: Archimus|Electro Shot\n|-boost|p1b: Archimus|spa|1\n|\n|upkeep\n|turn|2\n|inactive|EpiclyEpicGamerW has 30 seconds left.\n|\n|t:|1776271699\n|detailschange|p2a: Charizard|Charizard-Mega-Y, L50, M, shiny\n|-mega|p2a: Charizard|Charizard|Charizardite Y\n|-weather|SunnyDay|[from] ability: Drought|[of] p2a: Charizard\n|move|p1a: Sneasler|Rock Slide|p2a: Charizard|[spread] p2a,p2b\n|-supereffective|p2a: Charizard|2\n|-resisted|p2b: Garchomp|1\n|-damage|p2a: Charizard|1/100\n|-damage|p2b: Garchomp|81/100\n|move|p2b: Garchomp|Earthquake|p1b: Archimus|[spread] p1a,p1b\n|-immune|p2a: Charizard\n|-supereffective|p1a: Sneasler|1\n|-supereffective|p1b: Archimus|1\n|-damage|p1a: Sneasler|0 fnt\n|-damage|p1b: Archimus|37/100\n|faint|p1a: Sneasler\n|move|p2a: Charizard|Heat Wave|p1b: Archimus|[miss]\n|-miss|p2a: Charizard|p1b: Archimus\n|move|p1b: Archimus|Electro Shot|p2b: Garchomp|[from] lockedmove\n|-immune|p2b: Garchomp\n|\n|-weather|SunnyDay|[upkeep]\n|-heal|p1b: Archimus|43/100|[from] item: Leftovers\n|upkeep\n|\n|t:|1776271720\n|switch|p1a: Pelipper|Pelipper, L50, M|100/100\n|-weather|RainDance|[from] ability: Drizzle|[of] p1a: Pelipper\n|turn|3\n|\n|t:|1776271736\n|move|p1b: Archimus|Protect|p1b: Archimus\n|-singleturn|p1b: Archimus|Protect\n|move|p2b: Garchomp|Rock Slide|p1b: Archimus|[spread] p1a\n|-activate|p1b: Archimus|move: Protect\n|-supereffective|p1a: Pelipper|1\n|-damage|p1a: Pelipper|57/100\n|move|p2a: Charizard|Dragon Pulse|p1b: Archimus\n|-activate|p1b: Archimus|move: Protect\n|move|p1a: Pelipper|Weather Ball|p2b: Garchomp\n|-damage|p2b: Garchomp|3/100\n|\n|-weather|RainDance|[upkeep]\n|-heal|p1b: Archimus|49/100|[from] item: Leftovers\n|upkeep\n|turn|4\n|inactive|Shadowghost2541 has 30 seconds left.\n|inactive|EpiclyEpicGamerW has 30 seconds left.\n|inactive|EpiclyEpicGamerW has 20 seconds left.\n|\n|t:|1776271773\n|switch|p1b: Farigiraf|Farigiraf, L50, F|100/100\n|move|p1a: Pelipper|Wide Guard|p1a: Pelipper\n|-singleturn|p1a: Pelipper|Wide Guard\n|move|p2b: Garchomp|Rock Slide|p1a: Pelipper|[spread] \n|-activate|p1a: Pelipper|move: Wide Guard\n|-activate|p1b: Farigiraf|move: Wide Guard\n|move|p2a: Charizard|Dragon Pulse|p1b: Farigiraf\n|-damage|p1b: Farigiraf|67/100\n|\n|-weather|RainDance|[upkeep]\n|upkeep\n|turn|5\n|\n|t:|1776271793\n|move|p2b: Garchomp|Dragon Claw|p1b: Farigiraf\n|-damage|p1b: Farigiraf|34/100\n|-enditem|p1b: Farigiraf|Sitrus Berry|[eat]\n|-heal|p1b: Farigiraf|58/100|[from] item: Sitrus Berry\n|move|p2a: Charizard|Weather Ball|p1b: Farigiraf\n|-damage|p1b: Farigiraf|0 fnt\n|faint|p1b: Farigiraf\n|move|p1a: Pelipper|Weather Ball|p2a: Charizard\n|-supereffective|p2a: Charizard|1\n|-crit|p2a: Charizard\n|-damage|p2a: Charizard|0 fnt\n|faint|p2a: Charizard\n|\n|-weather|RainDance|[upkeep]\n|upkeep\n|\n|t:|1776271805\n|switch|p2a: Rotom|Rotom-Wash, L50|100/100\n|switch|p1b: Archimus|Archaludon, L50, M|49/100\n|turn|6\n|\n|t:|1776271817\n|move|p1a: Pelipper|Protect|p1a: Pelipper\n|-singleturn|p1a: Pelipper|Protect\n|move|p2a: Rotom|Volt Switch|p1a: Pelipper\n|-activate|p1a: Pelipper|move: Protect\n|move|p2b: Garchomp|Dragon Claw|p1b: Archimus\n|-damage|p1b: Archimus|17/100\n|move|p1b: Archimus|Electro Shot||[still]\n|-prepare|p1b: Archimus|Electro Shot\n|-boost|p1b: Archimus|spa|1\n|-anim|p1b: Archimus|Electro Shot|p2a: Rotom\n|-damage|p2a: Rotom|5/100\n|\n|-weather|RainDance|[upkeep]\n|-heal|p1b: Archimus|23/100|[from] item: Leftovers\n|upkeep\n|turn|7\n|inactive|Shadowghost2541 has 30 seconds left.\n|\n|t:|1776271844\n|move|p2a: Rotom|Volt Switch|p1a: Pelipper\n|-supereffective|p1a: Pelipper|2\n|-damage|p1a: Pelipper|0 fnt\n|faint|p1a: Pelipper\n|\n|t:|1776271850\n|switch|p2a: Venusaur|Venusaur, L50, F|100/100|[from] Volt Switch\n|move|p2b: Garchomp|Dragon Claw|p1b: Archimus\n|-damage|p1b: Archimus|0 fnt\n|faint|p1b: Archimus\n|\n|win|EpiclyEpicGamerW\n|raw|Shadowghost2541's rating: 1191 &rarr; <strong>1169</strong><br />(-22 for losing)\n|raw|EpiclyEpicGamerW's rating: 1233 &rarr; <strong>1255</strong><br />(+22 for winning)\n|l|\u2606Shadowghost2541\n|player|p1|\n",
  "uploadtime": 1776271864,
  "views": 18,
  "formatid": "gen9championsvgc2026regma",
  "rating": 1169,
  "private": 0,
  "password": null
}