{
  "id": "gen9championsvgc2026regma-2582877855",
  "format": "[Gen 9 Champions] VGC 2026 Reg M-A",
  "players": [
    "rgeee",
    "Kha\u2019madonna"
  ],
  "log": "|j|\u2606rgeee\n|j|\u2606Kha\u2019madonna\n|t:|1776121349\n|gametype|doubles\n|player|p1|rgeee|170|1368\n|player|p2|Kha\u2019madonna|102|1341\n|gen|9\n|tier|[Gen 9 Champions] VGC 2026 Reg M-A\n|rated|\n|rule|Species Clause: Limit one of each Pok\u00e9mon\n|rule|Item Clause: Limit 1 of each item\n|clearpoke\n|poke|p1|Floette-Eternal, L50, F|\n|poke|p1|Maushold, L50|\n|poke|p1|Garchomp, L50, M|\n|poke|p1|Talonflame, L50, M|\n|poke|p1|Rotom-Wash, L50|\n|poke|p1|Aegislash, L50, F|\n|poke|p2|Farigiraf, L50, M|\n|poke|p2|Sneasler, L50, M|\n|poke|p2|Froslass, L50, F|\n|poke|p2|Incineroar, L50, M|\n|poke|p2|Basculegion, L50, M|\n|poke|p2|Kingambit, L50, F|\n|teampreview|4\n|inactive|Battle timer is ON: inactive players will automatically lose when time's up. (requested by Kha\u2019madonna)\n|inactive|rgeee has 60 seconds left.\n|\n|t:|1776121416\n|teamsize|p1|4\n|teamsize|p2|4\n|start\n|switch|p1a: Floette|Floette-Eternal, L50, F|100/100\n|switch|p1b: Talonflame|Talonflame, L50, M|100/100\n|switch|p2a: Incineroar|Incineroar, L50, M|100/100\n|switch|p2b: Farigiraf|Farigiraf, L50, M|100/100\n|-ability|p2a: Incineroar|Intimidate|boost\n|-unboost|p1a: Floette|atk|1\n|-unboost|p1b: Talonflame|atk|1\n|turn|1\n|\n|t:|1776121438\n|switch|p1b: Maushold|Maushold, L50|100/100\n|switch|p1a: Garchomp|Garchomp, L50, M|100/100\n|move|p2a: Incineroar|Fake Out|p1a: Garchomp\n|-damage|p1a: Garchomp|91/100\n|-damage|p2a: Incineroar|88/100|[from] ability: Rough Skin|[of] p1a: Garchomp\n|move|p2b: Farigiraf|Trick Room|p2b: Farigiraf\n|-fieldstart|move: Trick Room|[of] p2b: Farigiraf\n|\n|upkeep\n|turn|2\n|inactive|Kha\u2019madonna has 30 seconds left.\n|\n|t:|1776121463\n|move|p1b: Maushold|Follow Me|p1b: Maushold\n|-singleturn|p1b: Maushold|move: Follow Me\n|move|p2b: Farigiraf|Psychic|p1b: Maushold\n|-damage|p1b: Maushold|44/100\n|move|p2a: Incineroar|Parting Shot|p1b: Maushold\n|-unboost|p1b: Maushold|atk|1\n|-unboost|p1b: Maushold|spa|1\n|\n|t:|1776121476\n|switch|p2a: Kingambit|Kingambit, L50, F|100/100|[from] Parting Shot\n|move|p1a: Garchomp|Stomping Tantrum|p2b: Farigiraf\n|-damage|p2b: Farigiraf|54/100\n|\n|upkeep\n|turn|3\n|\n|t:|1776121487\n|move|p2a: Kingambit|Protect|p2a: Kingambit\n|-singleturn|p2a: Kingambit|Protect\n|move|p1b: Maushold|Protect|p1b: Maushold\n|-singleturn|p1b: Maushold|Protect\n|move|p2b: Farigiraf|Psychic|p1b: Maushold\n|-activate|p1b: Maushold|move: Protect\n|move|p1a: Garchomp|Earthquake|p2a: Kingambit|[spread] p2b\n|-activate|p1b: Maushold|move: Protect\n|-activate|p2a: Kingambit|move: Protect\n|-damage|p2b: Farigiraf|9/100\n|\n|upkeep\n|turn|4\n|\n|t:|1776121509\n|switch|p2b: Incineroar|Incineroar, L50, M|88/100\n|-ability|p2b: Incineroar|Intimidate|boost\n|-unboost|p1a: Garchomp|atk|1\n|-unboost|p1b: Maushold|atk|1\n|move|p1b: Maushold|Follow Me|p1b: Maushold\n|-singleturn|p1b: Maushold|move: Follow Me\n|move|p2a: Kingambit|Swords Dance|p2a: Kingambit\n|-boost|p2a: Kingambit|atk|2\n|move|p1a: Garchomp|Earthquake|p2a: Kingambit|[spread] p1b,p2a,p2b\n|-supereffective|p2a: Kingambit|1\n|-supereffective|p2b: Incineroar|1\n|-damage|p1b: Maushold|2/100\n|-damage|p2a: Kingambit|50/100\n|-damage|p2b: Incineroar|25/100\n|-enditem|p2b: Incineroar|Sitrus Berry|[eat]\n|-heal|p2b: Incineroar|50/100|[from] item: Sitrus Berry\n|\n|upkeep\n|turn|5\n|inactive|Kha\u2019madonna has 30 seconds left.\n|\n|t:|1776121534\n|switch|p2b: Basculegion|Basculegion, L50, M|100/100\n|move|p1a: Garchomp|Protect|p1a: Garchomp\n|-singleturn|p1a: Garchomp|Protect\n|move|p1b: Maushold|Protect|p1b: Maushold\n|-singleturn|p1b: Maushold|Protect\n|move|p2a: Kingambit|Kowtow Cleave|p1a: Garchomp\n|-activate|p1a: Garchomp|move: Protect\n|\n|-fieldend|move: Trick Room\n|upkeep\n|turn|6\n|\n|t:|1776121546\n|move|p2a: Kingambit|Protect|p2a: Kingambit\n|-singleturn|p2a: Kingambit|Protect\n|move|p1b: Maushold|Follow Me|p1b: Maushold\n|-singleturn|p1b: Maushold|move: Follow Me\n|move|p2b: Basculegion|Icy Wind|p1b: Maushold|[spread] p1a,p1b\n|-supereffective|p1a: Garchomp|2\n|-damage|p1a: Garchomp|68/100\n|-damage|p1b: Maushold|0 fnt\n|-unboost|p1a: Garchomp|spe|1\n|faint|p1b: Maushold\n|move|p1a: Garchomp|Earthquake|p2b: Basculegion|[spread] p2b\n|-activate|p2a: Kingambit|move: Protect\n|-damage|p2b: Basculegion|59/100\n|\n|upkeep\n|\n|t:|1776121555\n|switch|p1b: Talonflame|Talonflame, L50, M|100/100\n|turn|7\n|\n|t:|1776121569\n|switch|p2b: Farigiraf|Farigiraf, L50, M|9/100\n|move|p1b: Talonflame|Tailwind|p1b: Talonflame\n|-sidestart|p1: rgeee|move: Tailwind\n|move|p2a: Kingambit|Sucker Punch|p1a: Garchomp\n|-damage|p1a: Garchomp|0 fnt\n|-damage|p2a: Kingambit|38/100|[from] ability: Rough Skin|[of] p1a: Garchomp\n|faint|p1a: Garchomp\n|\n|upkeep\n|\n|t:|1776121576\n|switch|p1a: Floette|Floette-Eternal, L50, F|100/100\n|turn|8\n|\n|t:|1776121595\n|detailschange|p1a: Floette|Floette-Mega, L50, F\n|-mega|p1a: Floette|Floette|Floettite\n|-ability|p1a: Floette|Fairy Aura\n|move|p1b: Talonflame|Protect|p1b: Talonflame\n|-singleturn|p1b: Talonflame|Protect\n|move|p2b: Farigiraf|Protect|p2b: Farigiraf\n|-singleturn|p2b: Farigiraf|Protect\n|move|p2a: Kingambit|Sucker Punch||[still]\n|-fail|p2a: Kingambit\n|move|p1a: Floette|Dazzling Gleam|p2b: Farigiraf|[spread] p2a\n|-activate|p2b: Farigiraf|move: Protect\n|-damage|p2a: Kingambit|0 fnt\n|faint|p2a: Kingambit\n|\n|upkeep\n|\n|t:|1776121601\n|switch|p2a: Incineroar|Incineroar, L50, M|50/100\n|-ability|p2a: Incineroar|Intimidate|boost\n|-unboost|p1a: Floette|atk|1\n|-unboost|p1b: Talonflame|atk|1\n|turn|9\n|\n|t:|1776121613\n|move|p2a: Incineroar|Fake Out|p1a: Floette\n|-damage|p1a: Floette|86/100\n|move|p1b: Talonflame|Flare Blitz|p2b: Farigiraf\n|-damage|p2b: Farigiraf|0 fnt\n|faint|p2b: Farigiraf\n|-damage|p1b: Talonflame|97/100|[from] Recoil\n|cant|p1a: Floette|flinch\n|\n|upkeep\n|\n|t:|1776121619\n|switch|p2b: Basculegion|Basculegion, L50, M|59/100\n|turn|10\n|\n|t:|1776121627\n|move|p1b: Talonflame|Acrobatics|p2b: Basculegion\n|-damage|p2b: Basculegion|21/100\n|move|p1a: Floette|Dazzling Gleam|p2a: Incineroar|[spread] p2a,p2b\n|-damage|p2a: Incineroar|4/100\n|-damage|p2b: Basculegion|0 fnt\n|faint|p2b: Basculegion\n|move|p2a: Incineroar|Darkest Lariat|p1b: Talonflame\n|-damage|p1b: Talonflame|28/100\n|\n|-sideend|p1: rgeee|move: Tailwind\n|upkeep\n|turn|11\n|-message|Kha\u2019madonna forfeited.\n|\n|win|rgeee\n|raw|rgeee's rating: 1368 &rarr; <strong>1386</strong><br />(+18 for winning)\n|raw|Kha\u2019madonna's rating: 1341 &rarr; <strong>1323</strong><br />(-18 for losing)\n|l|\u2606Kha\u2019madonna\n|player|p2|\n|l|\u2606rgeee\n|player|p1|\n",
  "uploadtime": 1776121639,
  "views": 81,
  "formatid": "gen9championsvgc2026regma",
  "rating": 1323,
  "private": 0,
  "password": null
}