{
  "id": "gen9championsvgc2026regma-2585809048",
  "format": "[Gen 9 Champions] VGC 2026 Reg M-A",
  "players": [
    "computer! stop!",
    "He sits 2 pee"
  ],
  "log": "|j|\u2606computer! stop!\n|j|\u2606He sits 2 pee\n|t:|1776372197\n|gametype|doubles\n|player|p1|computer! stop!|jacinthe|1275\n|player|p2|He sits 2 pee|1|1354\n|gen|9\n|tier|[Gen 9 Champions] VGC 2026 Reg M-A\n|rated|\n|rule|Species Clause: Limit one of each Pok\u00e9mon\n|rule|Item Clause: Limit 1 of each item\n|clearpoke\n|poke|p1|Incineroar, L50, F|\n|poke|p1|Blastoise, L50, F|\n|poke|p1|Meowscarada, L50, F|\n|poke|p1|Farigiraf, L50, F|\n|poke|p1|Floette-Eternal, L50, F|\n|poke|p1|Aegislash, L50, M|\n|poke|p2|Archaludon, L50, M|\n|poke|p2|Pelipper, L50, M|\n|poke|p2|Farigiraf, L50, M|\n|poke|p2|Sinistcha, L50|\n|poke|p2|Meganium, L50, M|\n|poke|p2|Greninja-*, L50, M|\n|teampreview|4\ncomputer! stop! rejected open team sheets.\n|inactive|Battle timer is ON: inactive players will automatically lose when time's up. (requested by He sits 2 pee)\n|\n|t:|1776372249\n|teamsize|p1|4\n|teamsize|p2|4\n|start\n|switch|p1a: Floette|Floette-Eternal, L50, F|100/100\n|switch|p1b: Meowscarada|Meowscarada, L50, F, shiny|100/100\n|switch|p2a: Meganium|Meganium, L50, M|100/100\n|switch|p2b: Pelipper|Pelipper, L50, M|100/100\n|-weather|RainDance|[from] ability: Drizzle|[of] p2b: Pelipper\n|turn|1\n|inactive|computer! stop! has 30 seconds left.\n|inactive|He sits 2 pee has 30 seconds left.\n|inactive|computer! stop! has 20 seconds left.\n|inactive|He sits 2 pee has 20 seconds left.\n|inactive|computer! stop! has 15 seconds left.\n|inactive|He sits 2 pee has 15 seconds left.\n|inactive|computer! stop! has 10 seconds left.\n|inactive|He sits 2 pee has 10 seconds left.\n|\n|t:|1776372298\n|detailschange|p1a: Floette|Floette-Mega, L50, F\n|-mega|p1a: Floette|Floette|Floettite\n|-ability|p1a: Floette|Fairy Aura\n|detailschange|p2a: Meganium|Meganium-Mega, L50, M\n|-mega|p2a: Meganium|Meganium|Meganiumite\n|move|p1b: Meowscarada|Triple Axel|p2a: Meganium\n|-start|p1b: Meowscarada|typechange|Ice|[from] ability: Protean\n|-supereffective|p2a: Meganium|1\n|-damage|p2a: Meganium|81/100\n|-supereffective|p2a: Meganium|1\n|-damage|p2a: Meganium|48/100\n|-supereffective|p2a: Meganium|1\n|-damage|p2a: Meganium|0 fnt\n|faint|p2a: Meganium\n|-hitcount|p2: Meganium|3\n|move|p1a: Floette|Calm Mind|p1a: Floette\n|-boost|p1a: Floette|spa|1\n|-boost|p1a: Floette|spd|1\n|move|p2b: Pelipper|Tailwind|p2b: Pelipper\n|-sidestart|p2: He sits 2 pee|move: Tailwind\n|\n|-weather|RainDance|[upkeep]\n|upkeep\n|\n|t:|1776372301\n|switch|p2a: Archaludon|Archaludon, L50, M|100/100\n|turn|2\n|\n|t:|1776372324\n|switch|p1b: Aegislash|Aegislash, L50, M|100/100\n|move|p1a: Floette|Protect|p1a: Floette\n|-singleturn|p1a: Floette|Protect\n|move|p2a: Archaludon|Electro Shot||[still]\n|-prepare|p2a: Archaludon|Electro Shot\n|-boost|p2a: Archaludon|spa|1\n|-anim|p2a: Archaludon|Electro Shot|p1b: Aegislash\n|-damage|p1b: Aegislash|44/100\n|move|p2b: Pelipper|Hurricane|p1a: Floette\n|-activate|p1a: Floette|move: Protect\n|\n|-weather|RainDance|[upkeep]\n|upkeep\n|turn|3\n|\n|t:|1776372343\n|move|p1b: Aegislash|King's Shield|p1b: Aegislash\n|-singleturn|p1b: Aegislash|Protect\n|move|p2a: Archaludon|Electro Shot||[still]\n|-prepare|p2a: Archaludon|Electro Shot\n|-boost|p2a: Archaludon|spa|1\n|-anim|p2a: Archaludon|Electro Shot|p1a: Floette\n|-damage|p1a: Floette|48/100\n|move|p2b: Pelipper|Hurricane|p1a: Floette\n|-damage|p1a: Floette|28/100\n|move|p1a: Floette|Draining Kiss|p2b: Pelipper\n|-damage|p2b: Pelipper|32/100\n|-heal|p1a: Floette|82/100|[from] drain|[of] p2b: Pelipper\n|\n|-weather|RainDance|[upkeep]\n|upkeep\n|turn|4\n|inactive|He sits 2 pee has 30 seconds left.\n|\n|t:|1776372370\n|move|p1a: Floette|Protect|p1a: Floette\n|-singleturn|p1a: Floette|Protect\n|-formechange|p1b: Aegislash|Aegislash-Blade|\n|move|p1b: Aegislash|Shadow Sneak|p2b: Pelipper\n|-damage|p2b: Pelipper|5/100\n|move|p2a: Archaludon|Electro Shot||[still]\n|-prepare|p2a: Archaludon|Electro Shot\n|-boost|p2a: Archaludon|spa|1\n|-anim|p2a: Archaludon|Electro Shot|p1a: Floette\n|-activate|p1a: Floette|move: Protect\n|move|p2b: Pelipper|Weather Ball|p1b: Aegislash\n|-damage|p1b: Aegislash|0 fnt\n|faint|p1b: Aegislash\n|\n|-weather|RainDance|[upkeep]\n|-sideend|p2: He sits 2 pee|move: Tailwind\n|upkeep\n|\n|t:|1776372381\n|switch|p1b: Meowscarada|Meowscarada, L50, F, shiny|100/100\n|turn|5\n|\n|t:|1776372392\n|move|p1b: Meowscarada|Low Kick|p2a: Archaludon\n|-start|p1b: Meowscarada|typechange|Fighting|[from] ability: Protean\n|-supereffective|p2a: Archaludon|1\n|-enditem|p2a: Archaludon|Chople Berry|[eat]\n|-enditem|p2a: Archaludon|Chople Berry|[weaken]\n|-damage|p2a: Archaludon|64/100\n|move|p1a: Floette|Dazzling Gleam|p2a: Archaludon|[spread] p2a,p2b\n|-damage|p2a: Archaludon|0 fnt\n|-damage|p2b: Pelipper|0 fnt\n|faint|p2a: Archaludon\n|faint|p2b: Pelipper\n|\n|-weather|none\n|upkeep\n|c|\u2606He sits 2 pee|dang gg\n|c|\u2606He sits 2 pee|good call\n|\n|t:|1776372410\n|switch|p2b: Farigiraf|Farigiraf, L50, M|100/100\n|turn|6\n|\n|t:|1776372416\n|switch|p1b: Farigiraf|Farigiraf, L50, F, shiny|100/100\n|move|p1a: Floette|Draining Kiss|p2b: Farigiraf\n|-damage|p2b: Farigiraf|54/100\n|-heal|p1a: Floette|100/100|[from] drain|[of] p2b: Farigiraf\n|move|p2b: Farigiraf|Psychic|p1b: Farigiraf\n|-resisted|p1b: Farigiraf|1\n|-damage|p1b: Farigiraf|84/100\n|\n|upkeep\n|turn|7\n|-message|He sits 2 pee forfeited.\n|\n|win|computer! stop!\n|raw|computer! stop!'s rating: 1275 &rarr; <strong>1306</strong><br />(+31 for winning)\n|raw|He sits 2 pee's rating: 1354 &rarr; <strong>1330</strong><br />(-24 for losing)\n|l|\u2606He sits 2 pee\n|player|p2|\n",
  "uploadtime": 1776372428,
  "views": 40,
  "formatid": "gen9championsvgc2026regma",
  "rating": 1306,
  "private": 0,
  "password": null
}