{
  "id": "gen9championsvgc2026regma-2581273292",
  "format": "[Gen 9 Champions] VGC 2026 Reg M-A",
  "players": [
    "cagadadejuego",
    "sjysjy"
  ],
  "log": "|j|\u2606cagadadejuego\n|j|\u2606sjysjy\n|t:|1775979621\n|gametype|doubles\n|player|p1|cagadadejuego|169|1289\n|player|p2|sjysjy|265|1373\n|gen|9\n|tier|[Gen 9 Champions] VGC 2026 Reg M-A\n|rated|\n|rule|Species Clause: Limit one of each Pok\u00e9mon\n|rule|Item Clause: Limit 1 of each item\n|clearpoke\n|poke|p1|Politoed, L50, F|\n|poke|p1|Incineroar, L50, F|\n|poke|p1|Gengar, L50, M|\n|poke|p1|Garchomp, L50, F|\n|poke|p1|Whimsicott, L50, M|\n|poke|p1|Kingambit, L50, M|\n|poke|p2|Gengar, L50, F|\n|poke|p2|Garchomp, L50, F|\n|poke|p2|Whimsicott, L50, M|\n|poke|p2|Typhlosion-Hisui, L50, M|\n|poke|p2|Kingambit, L50, F|\n|poke|p2|Rotom-Wash, L50|\n|teampreview|4\n|j| gE1xjZRtuhW2DdT0AK\n|\n|t:|1775979646\n|teamsize|p1|4\n|teamsize|p2|4\n|start\n|switch|p1a: Garchomp|Garchomp, L50, F|100/100\n|switch|p1b: Whimsicott|Whimsicott, L50, M|100/100\n|switch|p2a: Gengar|Gengar, L50, F|100/100\n|switch|p2b: Rotom|Rotom-Wash, L50|100/100\n|turn|1\n|inactive|Battle timer is ON: inactive players will automatically lose when time's up. (requested by cagadadejuego)\n|\n|t:|1775979655\n|detailschange|p2a: Gengar|Gengar-Mega, L50, F\n|-mega|p2a: Gengar|Gengar|Gengarite\n|move|p2a: Gengar|Protect|p2a: Gengar\n|-singleturn|p2a: Gengar|Protect\n|move|p1b: Whimsicott|Tailwind|p1b: Whimsicott\n|-sidestart|p1: cagadadejuego|move: Tailwind\n|move|p1a: Garchomp|Stomping Tantrum|p2a: Gengar\n|-activate|p2a: Gengar|move: Protect\n|move|p2b: Rotom|Will-O-Wisp|p1a: Garchomp\n|-status|p1a: Garchomp|brn\n|\n|-damage|p1a: Garchomp|95/100 brn|[from] brn\n|upkeep\n|turn|2\n|\n|t:|1775979676\n|move|p1b: Whimsicott|Encore|p2a: Gengar\n|-start|p2a: Gengar|Encore\n|move|p2a: Gengar|Protect||[still]\n|-fail|p2a: Gengar\n|move|p1a: Garchomp|Stomping Tantrum|p2a: Gengar\n|-supereffective|p2a: Gengar|1\n|-damage|p2a: Gengar|30/100\n|move|p2b: Rotom|Hydro Pump|p1a: Garchomp|[miss]\n|-miss|p2b: Rotom|p1a: Garchomp\n|\n|-damage|p1a: Garchomp|89/100 brn|[from] brn\n|upkeep\n|turn|3\n|\n|t:|1775979690\n|switch|p2a: Garchomp|Garchomp, L50, F|100/100\n|move|p1a: Garchomp|Stomping Tantrum|p2a: Garchomp\n|-damage|p2a: Garchomp|79/100\n|-damage|p1a: Garchomp|76/100 brn|[from] ability: Rough Skin|[of] p2a: Garchomp\n|move|p1b: Whimsicott|Moonblast|p2b: Rotom\n|-damage|p2b: Rotom|72/100\n|move|p2b: Rotom|Hydro Pump|p1a: Garchomp\n|-damage|p1a: Garchomp|32/100 brn\n|\n|-heal|p2a: Garchomp|85/100|[from] item: Leftovers\n|-damage|p1a: Garchomp|26/100 brn|[from] brn\n|upkeep\n|turn|4\n|\n|t:|1775979708\n|move|p1a: Garchomp|Stomping Tantrum|p2a: Garchomp\n|-damage|p2a: Garchomp|63/100\n|-damage|p1a: Garchomp|13/100 brn|[from] ability: Rough Skin|[of] p2a: Garchomp\n|move|p1b: Whimsicott|Moonblast|p2a: Garchomp\n|-supereffective|p2a: Garchomp|1\n|-damage|p2a: Garchomp|5/100\n|move|p2a: Garchomp|Earthquake|p1a: Garchomp|[spread] p1a,p1b\n|-immune|p2b: Rotom|[from] ability: Levitate\n|-resisted|p1b: Whimsicott|1\n|-damage|p1a: Garchomp|0 fnt\n|-damage|p1b: Whimsicott|83/100\n|faint|p1a: Garchomp\n|move|p2b: Rotom|Volt Switch|p1b: Whimsicott\n|-resisted|p1b: Whimsicott|1\n|-damage|p1b: Whimsicott|68/100\n|\n|t:|1775979719\n|switch|p2b: Gengar|Gengar-Mega, L50, F|30/100|[from] Volt Switch\n|\n|-heal|p2a: Garchomp|11/100|[from] item: Leftovers\n|-sideend|p1: cagadadejuego|move: Tailwind\n|upkeep\n|\n|t:|1775979738\n|switch|p1a: Politoed|Politoed, L50, F|100/100\n|-weather|RainDance|[from] ability: Drizzle|[of] p1a: Politoed\n|turn|5\n|\n|t:|1775979762\n|move|p1b: Whimsicott|Tailwind|p1b: Whimsicott\n|-sidestart|p1: cagadadejuego|move: Tailwind\n|move|p2b: Gengar|Icy Wind|p1b: Whimsicott|[spread] p1a,p1b\n|-resisted|p1a: Politoed|1\n|-crit|p1a: Politoed\n|-supereffective|p1b: Whimsicott|1\n|-damage|p1a: Politoed|89/100\n|-damage|p1b: Whimsicott|24/100\n|-unboost|p1a: Politoed|spe|1\n|-unboost|p1b: Whimsicott|spe|1\n|move|p2a: Garchomp|Rock Slide|p1b: Whimsicott|[spread] p1a,p1b\n|-crit|p1a: Politoed\n|-damage|p1a: Politoed|57/100\n|-damage|p1b: Whimsicott|4/100\n|move|p1a: Politoed|Weather Ball|p2b: Gengar\n|-crit|p2b: Gengar\n|-damage|p2b: Gengar|0 fnt\n|faint|p2b: Gengar\n|\n|-weather|RainDance|[upkeep]\n|-heal|p2a: Garchomp|17/100|[from] item: Leftovers\n|upkeep\n|\n|t:|1775979777\n|switch|p2b: Kingambit|Kingambit, L50, F|100/100\n|turn|6\n|inactive|sjysjy has 30 seconds left.\n|\n|t:|1775979804\n|move|p2a: Garchomp|Protect|p2a: Garchomp\n|-singleturn|p2a: Garchomp|Protect\n|move|p2b: Kingambit|Sucker Punch|p1a: Politoed\n|-crit|p1a: Politoed\n|-damage|p1a: Politoed|0 fnt\n|faint|p1a: Politoed\n|move|p1b: Whimsicott|Moonblast|p2a: Garchomp\n|-activate|p2a: Garchomp|move: Protect\n|\n|-weather|RainDance|[upkeep]\n|-heal|p2a: Garchomp|23/100|[from] item: Leftovers\n|upkeep\n|\n|t:|1775979809\n|switch|p1a: Gengar|Gengar, L50, M|100/100\n|turn|7\n|\n|t:|1775979823\n|switch|p2a: Rotom|Rotom-Wash, L50|72/100\n|detailschange|p1a: Gengar|Gengar-Mega, L50, M\n|-mega|p1a: Gengar|Gengar|Gengarite\n|move|p1a: Gengar|Disable|p2b: Kingambit\n|-start|p2b: Kingambit|Disable|Sucker Punch\n|move|p1b: Whimsicott|Moonblast|p2a: Rotom\n|-damage|p2a: Rotom|44/100\n|-enditem|p2a: Rotom|Sitrus Berry|[eat]\n|-heal|p2a: Rotom|68/100|[from] item: Sitrus Berry\n|move|p2b: Kingambit|Kowtow Cleave|p1b: Whimsicott\n|-resisted|p1b: Whimsicott|1\n|-damage|p1b: Whimsicott|0 fnt\n|faint|p1b: Whimsicott\n|\n|-weather|RainDance|[upkeep]\n|upkeep\n|turn|8\n|\n|t:|1775979834\n|move|p1a: Gengar|Sludge Bomb|p2a: Rotom\n|-damage|p2a: Rotom|12/100\n|move|p2a: Rotom|Hydro Pump|p1a: Gengar\n|-damage|p1a: Gengar|23/100\n|move|p2b: Kingambit|Kowtow Cleave|p1a: Gengar\n|-supereffective|p1a: Gengar|1\n|-damage|p1a: Gengar|0 fnt\n|faint|p1a: Gengar\n|\n|win|sjysjy\n|raw|cagadadejuego's rating: 1289 &rarr; <strong>1270</strong><br />(-19 for losing)\n|raw|sjysjy's rating: 1373 &rarr; <strong>1388</strong><br />(+15 for winning)\n|l|\u2606cagadadejuego\n|player|p1|\n|l|\u2606sjysjy\n|player|p2|\n",
  "uploadtime": 1775979847,
  "views": 21,
  "formatid": "gen9championsvgc2026regma",
  "rating": 1270,
  "private": 0,
  "password": null
}