{
  "id": "gen9championsvgc2026regma-2588542226",
  "format": "[Gen 9 Champions] VGC 2026 Reg M-A",
  "players": [
    "odysseus026",
    "ArepadeChorizard"
  ],
  "log": "|j|\u2606odysseus026\n|j|\u2606ArepadeChorizard\n|t:|1776643242\n|gametype|doubles\n|player|p1|odysseus026|aaron|1043\n|player|p2|ArepadeChorizard|allister-unmasked|1117\n|gen|9\n|tier|[Gen 9 Champions] VGC 2026 Reg M-A\n|rated|\n|rule|Species Clause: Limit one of each Pok\u00e9mon\n|rule|Item Clause: Limit 1 of each item\n|clearpoke\n|poke|p1|Audino, L50, M|\n|poke|p1|Gallade, L50, M, shiny|\n|poke|p1|Ninetales, L50, F, shiny|\n|poke|p1|Mimikyu, L50, F, shiny|\n|poke|p1|Incineroar, L50, M|\n|poke|p1|Ampharos, L50, M, shiny|\n|poke|p2|Dragonite, L50, M, shiny|\n|poke|p2|Sinistcha-Masterpiece, L50, shiny|\n|poke|p2|Pelipper, L50, F, shiny|\n|poke|p2|Drampa, L50, M, shiny|\n|poke|p2|Klefki, L50, M, shiny|\n|poke|p2|Conkeldurr, L50, M, shiny|\n|teampreview|4\n|inactive|Battle timer is ON: inactive players will automatically lose when time's up. (requested by ArepadeChorizard)\nArepadeChorizard rejected open team sheets.\n|inactive|odysseus026 has 60 seconds left.\n|\n|t:|1776643278\n|teamsize|p1|4\n|teamsize|p2|4\n|start\n|switch|p1a: Mimikyu|Mimikyu, L50, F, shiny|100/100\n|switch|p1b: Audino|Audino, L50, M|100/100\n|switch|p2a: Dragonite|Dragonite, L50, M, shiny|100/100\n|switch|p2b: Pelipper|Pelipper, L50, F, shiny|100/100\n|-weather|RainDance|[from] ability: Drizzle|[of] p2b: Pelipper\n|turn|1\n|\n|t:|1776643296\n|detailschange|p2a: Dragonite|Dragonite-Mega, L50, M, shiny\n|-mega|p2a: Dragonite|Dragonite|Dragoninite\n|move|p2a: Dragonite|Hurricane|p1a: Mimikyu\n|-activate|p1a: Mimikyu|ability: Disguise\n|-damage|p1a: Mimikyu|100/100\n|-start|p1a: Mimikyu|confusion\n|detailschange|p1a: Mimikyu|Mimikyu-Busted, L50, F, shiny\n|-damage|p1a: Mimikyu|88/100|[from] pokemon: Mimikyu-Busted\n|-activate|p1a: Mimikyu|confusion\n|move|p1a: Mimikyu|Play Rough|p2a: Dragonite\n|-supereffective|p2a: Dragonite|1\n|-damage|p2a: Dragonite|66/100\n|move|p2b: Pelipper|Hurricane|p1a: Mimikyu\n|-damage|p1a: Mimikyu|46/100\n|move|p1b: Audino|Dazzling Gleam|p2b: Pelipper|[spread] p2a,p2b\n|-supereffective|p2a: Dragonite|1\n|-damage|p2a: Dragonite|39/100\n|-damage|p2b: Pelipper|86/100\n|\n|-weather|RainDance|[upkeep]\n|upkeep\n|turn|2\n|\n|t:|1776643314\n|switch|p2b: Sinistcha|Sinistcha-Masterpiece, L50, shiny|100/100\n|-heal|p2a: Dragonite|64/100|[from] ability: Hospitality|[of] p2b: Sinistcha\n|move|p2a: Dragonite|Hurricane|p1a: Mimikyu\n|-damage|p1a: Mimikyu|0 fnt\n|faint|p1a: Mimikyu\n|move|p1b: Audino|Dazzling Gleam|p2a: Dragonite|[spread] p2a,p2b\n|-supereffective|p2a: Dragonite|1\n|-damage|p2a: Dragonite|40/100\n|-damage|p2b: Sinistcha|86/100\n|\n|-weather|RainDance|[upkeep]\n|upkeep\n|\n|t:|1776643319\n|switch|p1a: Ninetales|Ninetales, L50, F, shiny|100/100\n|-weather|SunnyDay|[from] ability: Drought|[of] p1a: Ninetales\n|turn|3\n|\n|t:|1776643331\n|switch|p2b: Pelipper|Pelipper, L50, F, shiny|86/100\n|-weather|RainDance|[from] ability: Drizzle|[of] p2b: Pelipper\n|move|p2a: Dragonite|Protect|p2a: Dragonite\n|-singleturn|p2a: Dragonite|Protect\n|move|p1a: Ninetales|Fire Blast|p2b: Pelipper\n|-resisted|p2b: Pelipper|1\n|-damage|p2b: Pelipper|76/100\n|move|p1b: Audino|Dazzling Gleam|p2a: Dragonite|[spread] p2b\n|-activate|p2a: Dragonite|move: Protect\n|-damage|p2b: Pelipper|60/100\n|\n|-weather|RainDance|[upkeep]\n|upkeep\n|turn|4\n|\n|t:|1776643344\n|switch|p1a: Gallade|Gallade, L50, M, shiny|100/100\n|switch|p2b: Sinistcha|Sinistcha-Masterpiece, L50, shiny|86/100\n|-heal|p2a: Dragonite|64/100|[from] ability: Hospitality|[of] p2b: Sinistcha\n|move|p2a: Dragonite|Dragon Pulse|p1a: Gallade\n|-damage|p1a: Gallade|48/100\n|move|p1b: Audino|Dazzling Gleam|p2a: Dragonite|[spread] p2a,p2b\n|-supereffective|p2a: Dragonite|1\n|-damage|p2a: Dragonite|40/100\n|-damage|p2b: Sinistcha|72/100\n|\n|-weather|RainDance|[upkeep]\n|upkeep\n|turn|5\n|\n|t:|1776643367\n|move|p2a: Dragonite|Dragon Pulse|p1a: Gallade\n|-damage|p1a: Gallade|0 fnt\n|faint|p1a: Gallade\n|move|p2b: Sinistcha|Life Dew|p2b: Sinistcha|[spread] p2a,p2b\n|-heal|p2a: Dragonite|66/100\n|-heal|p2b: Sinistcha|97/100\n|move|p1b: Audino|Dazzling Gleam|p2b: Sinistcha|[spread] p2a,p2b\n|-supereffective|p2a: Dragonite|1\n|-damage|p2a: Dragonite|43/100\n|-damage|p2b: Sinistcha|82/100\n|\n|-weather|RainDance|[upkeep]\n|upkeep\n|\n|t:|1776643370\n|switch|p1a: Ninetales|Ninetales, L50, F, shiny|100/100\n|-weather|SunnyDay|[from] ability: Drought|[of] p1a: Ninetales\n|turn|6\n|\n|t:|1776643377\n|switch|p2b: Pelipper|Pelipper, L50, F, shiny|60/100\n|-weather|RainDance|[from] ability: Drizzle|[of] p2b: Pelipper\n|move|p2a: Dragonite|Protect|p2a: Dragonite\n|-singleturn|p2a: Dragonite|Protect\n|move|p1a: Ninetales|Will-O-Wisp|p2b: Pelipper\n|-status|p2b: Pelipper|brn\n|move|p1b: Audino|Dazzling Gleam|p2b: Pelipper|[spread] p2b\n|-activate|p2a: Dragonite|move: Protect\n|-damage|p2b: Pelipper|43/100 brn\n|\n|-weather|RainDance|[upkeep]\n|-damage|p2b: Pelipper|37/100 brn|[from] brn\n|upkeep\n|turn|7\n|\n|t:|1776643387\n|switch|p2b: Sinistcha|Sinistcha-Masterpiece, L50, shiny|82/100\n|-heal|p2a: Dragonite|67/100|[from] ability: Hospitality|[of] p2b: Sinistcha\n|move|p1a: Ninetales|Protect|p1a: Ninetales\n|-singleturn|p1a: Ninetales|Protect\n|move|p2a: Dragonite|Hurricane|p1a: Ninetales\n|-activate|p1a: Ninetales|move: Protect\n|move|p1b: Audino|Dazzling Gleam|p2a: Dragonite|[spread] p2a,p2b\n|-supereffective|p2a: Dragonite|1\n|-damage|p2a: Dragonite|42/100\n|-damage|p2b: Sinistcha|69/100\n|\n|-weather|RainDance|[upkeep]\n|upkeep\n|turn|8\n|\n|t:|1776643406\n|move|p2a: Dragonite|Dragon Pulse|p1a: Ninetales\n|-damage|p1a: Ninetales|54/100\n|move|p1a: Ninetales|Will-O-Wisp|p2a: Dragonite\n|-status|p2a: Dragonite|brn\n|move|p2b: Sinistcha|Life Dew|p2b: Sinistcha|[spread] p2a,p2b\n|-heal|p2a: Dragonite|67/100 brn\n|-heal|p2b: Sinistcha|95/100\n|move|p1b: Audino|Dazzling Gleam|p2b: Sinistcha|[spread] p2a,p2b\n|-supereffective|p2a: Dragonite|1\n|-damage|p2a: Dragonite|43/100 brn\n|-damage|p2b: Sinistcha|80/100\n|\n|-weather|RainDance|[upkeep]\n|-heal|p1a: Ninetales|60/100|[from] item: Leftovers\n|-damage|p2a: Dragonite|37/100 brn|[from] brn\n|upkeep\n|turn|9\n|\n|t:|1776643425\n|move|p2a: Dragonite|Hurricane|p1a: Ninetales\n|-damage|p1a: Ninetales|0 fnt\n|faint|p1a: Ninetales\n|move|p2b: Sinistcha|Life Dew|p2b: Sinistcha|[spread] p2a,p2b\n|-heal|p2a: Dragonite|63/100 brn\n|-heal|p2b: Sinistcha|100/100\n|move|p1b: Audino|Dazzling Gleam|p2a: Dragonite|[spread] p2a,p2b\n|-supereffective|p2a: Dragonite|1\n|-damage|p2a: Dragonite|36/100 brn\n|-damage|p2b: Sinistcha|86/100\n|\n|-weather|RainDance|[upkeep]\n|-damage|p2a: Dragonite|30/100 brn|[from] brn\n|upkeep\n|turn|10\n|c|\u2606ArepadeChorizard|Gg\n|\n|t:|1776643438\n|detailschange|p1b: Audino|Audino-Mega, L50, M\n|-mega|p1b: Audino|Audino|Audinite\n|move|p2a: Dragonite|Hurricane|p1b: Audino\n|-damage|p1b: Audino|52/100\n|move|p2b: Sinistcha|Life Dew|p2b: Sinistcha|[spread] p2a,p2b\n|-heal|p2a: Dragonite|55/100 brn\n|-heal|p2b: Sinistcha|100/100\n|move|p1b: Audino|Dazzling Gleam|p2b: Sinistcha|[spread] p2a,p2b\n|-supereffective|p2a: Dragonite|1\n|-damage|p2a: Dragonite|8/100 brn\n|-damage|p2b: Sinistcha|77/100\n|\n|-weather|none\n|-damage|p2a: Dragonite|2/100 brn|[from] brn\n|upkeep\n|turn|11\n|\n|t:|1776643452\n|switch|p2a: Pelipper|Pelipper, L50, F, shiny|37/100 brn\n|-weather|RainDance|[from] ability: Drizzle|[of] p2a: Pelipper\n|move|p2b: Sinistcha|Matcha Gotcha|p1b: Audino\n|-damage|p1b: Audino|24/100\n|-heal|p2b: Sinistcha|92/100|[from] drain|[of] p1b: Audino\n|move|p1b: Audino|Dazzling Gleam|p2b: Sinistcha|[spread] p2a,p2b\n|-damage|p2a: Pelipper|10/100 brn\n|-damage|p2b: Sinistcha|66/100\n|\n|-weather|RainDance|[upkeep]\n|-damage|p2a: Pelipper|4/100 brn|[from] brn\n|upkeep\n|turn|12\n|\n|t:|1776643468\n|move|p2a: Pelipper|Helping Hand|p2b: Sinistcha\n|-singleturn|p2b: Sinistcha|Helping Hand|[of] p2a: Pelipper\n|move|p2b: Sinistcha|Matcha Gotcha|p1b: Audino\n|-damage|p1b: Audino|0 fnt\n|-heal|p2b: Sinistcha|79/100|[from] drain|[of] p1b: Audino\n|faint|p1b: Audino\n|\n|win|ArepadeChorizard\n|raw|odysseus026's rating: 1043 &rarr; <strong>1030</strong><br />(-13 for losing)\n|raw|ArepadeChorizard's rating: 1117 &rarr; <strong>1137</strong><br />(+20 for winning)\n",
  "uploadtime": 1776643474,
  "views": 13,
  "formatid": "gen9championsvgc2026regma",
  "rating": 1030,
  "private": 0,
  "password": null
}