{
  "id": "gen9championsvgc2026regma-2586365198",
  "format": "[Gen 9 Champions] VGC 2026 Reg M-A",
  "players": [
    "OberonYaoi",
    "yukideee"
  ],
  "log": "|j|\u2606OberonYaoi\n|j|\u2606yukideee\n|t:|1776429127\n|gametype|doubles\n|player|p1|OberonYaoi|n|1112\n|player|p2|yukideee|cynthia-masters4|1043\n|gen|9\n|tier|[Gen 9 Champions] VGC 2026 Reg M-A\n|rated|\n|rule|Species Clause: Limit one of each Pok\u00e9mon\n|rule|Item Clause: Limit 1 of each item\n|clearpoke\n|poke|p1|Liepard, L50, F|\n|poke|p1|Empoleon, L50, F|\n|poke|p1|Arcanine-Hisui, L50, M|\n|poke|p1|Sneasler, L50, M|\n|poke|p1|Drampa, L50, M|\n|poke|p1|Scovillain, L50, F|\n|poke|p2|Sinistcha-Masterpiece, L50|\n|poke|p2|Pelipper, L50, F|\n|poke|p2|Basculegion, L50, M|\n|poke|p2|Scizor, L50, M|\n|poke|p2|Alakazam, L50, F|\n|poke|p2|Drampa, L50, M|\n|teampreview|4\n|inactive|Battle timer is ON: inactive players will automatically lose when time's up. (requested by yukideee)\nyukideee rejected open team sheets.\n|inactive|OberonYaoi has 60 seconds left.\n|\n|t:|1776429159\n|teamsize|p1|4\n|teamsize|p2|4\n|start\n|switch|p1a: Liepard|Liepard, L50, F|100/100\n|switch|p1b: Sneasler|Sneasler, L50, M|100/100\n|switch|p2a: Pelipper|Pelipper, L50, F|100/100\n|switch|p2b: Basculegion|Basculegion, L50, M|100/100\n|-weather|RainDance|[from] ability: Drizzle|[of] p2a: Pelipper\n|turn|1\n|inactive|OberonYaoi has 30 seconds left.\n|\n|t:|1776429184\n|move|p1a: Liepard|Sucker Punch|p2b: Basculegion\n|-supereffective|p2b: Basculegion|1\n|-damage|p2b: Basculegion|27/100\n|move|p2b: Basculegion|Flip Turn|p1b: Sneasler\n|-damage|p1b: Sneasler|1/100\n|\n|t:|1776429195\n|switch|p2b: Scizor|Scizor, L50, M|100/100|[from] Flip Turn\n|move|p1b: Sneasler|Throat Chop|p2b: Scizor\n|-damage|p2b: Scizor|62/100\n|-start|p2b: Scizor|Throat Chop|[silent]\n|move|p2a: Pelipper|Tailwind|p2a: Pelipper\n|-sidestart|p2: yukideee|move: Tailwind\n|\n|-weather|RainDance|[upkeep]\n|upkeep\n|turn|2\n|\n|t:|1776429217\n|move|p2b: Scizor|Protect|p2b: Scizor\n|-singleturn|p2b: Scizor|Protect\n|move|p1a: Liepard|Fake Out||[still]\n|-hint|Fake Out only works on your first turn out.\n|-fail|p1a: Liepard\n|move|p2a: Pelipper|Hurricane|p1a: Liepard\n|-damage|p1a: Liepard|15/100\n|move|p1b: Sneasler|Close Combat|p2b: Scizor\n|-activate|p2b: Scizor|move: Protect\n|\n|-weather|RainDance|[upkeep]\n|-end|p2b: Scizor|Throat Chop|[silent]\n|upkeep\n|turn|3\n|\n|t:|1776429239\n|move|p2b: Scizor|Bullet Punch|p1a: Liepard\n|-damage|p1a: Liepard|0 fnt\n|faint|p1a: Liepard\n|move|p2a: Pelipper|Weather Ball|p1b: Sneasler\n|-damage|p1b: Sneasler|0 fnt\n|faint|p1b: Sneasler\n|\n|-weather|RainDance|[upkeep]\n|upkeep\n|\n|t:|1776429251\n|switch|p1b: Scovillain|Scovillain, L50, F|100/100\n|switch|p1a: Arcanine|Arcanine-Hisui, L50, M|100/100\n|-ability|p1a: Arcanine|Intimidate|boost\n|-unboost|p2a: Pelipper|atk|1\n|-unboost|p2b: Scizor|atk|1\n|turn|4\n|inactive|yukideee has 30 seconds left.\n|\n|t:|1776429278\n|switch|p2a: Sinistcha|Sinistcha-Masterpiece, L50|100/100\n|-heal|p2b: Scizor|86/100|[from] ability: Hospitality|[of] p2a: Sinistcha\n|detailschange|p1b: Scovillain|Scovillain-Mega, L50, F\n|-mega|p1b: Scovillain|Scovillain|Scovillainite\n|move|p1b: Scovillain|Rage Powder|p1b: Scovillain\n|-singleturn|p1b: Scovillain|move: Rage Powder\n|move|p2b: Scizor|Bug Bite|p1b: Scovillain\n|-damage|p1b: Scovillain|62/100\n|-status|p2b: Scizor|brn|[from] ability: Spicy Spray|[of] p1b: Scovillain\n|move|p1a: Arcanine|Rock Slide|p2b: Scizor|[spread] p2a\n|-miss|p1a: Arcanine|p2b: Scizor\n|-damage|p2a: Sinistcha|78/100\n|\n|-weather|RainDance|[upkeep]\n|-damage|p2b: Scizor|80/100 brn|[from] brn\n|-sideend|p2: yukideee|move: Tailwind\n|upkeep\n|turn|5\n|inactive|OberonYaoi has 30 seconds left.\n|\n|t:|1776429308\n|detailschange|p2b: Scizor|Scizor-Mega, L50, M\n|-mega|p2b: Scizor|Scizor|Scizorite\n|move|p2a: Sinistcha|Rage Powder|p2a: Sinistcha\n|-singleturn|p2a: Sinistcha|move: Rage Powder\n|move|p2b: Scizor|Bullet Punch|p1a: Arcanine\n|-damage|p1a: Arcanine|88/100\n|move|p1a: Arcanine|Flare Blitz|p2a: Sinistcha\n|-supereffective|p2a: Sinistcha|1\n|-damage|p2a: Sinistcha|32/100\n|-enditem|p2a: Sinistcha|Sitrus Berry|[eat]\n|-heal|p2a: Sinistcha|57/100|[from] item: Sitrus Berry\n|-damage|p1a: Arcanine|77/100|[from] Recoil\n|move|p1b: Scovillain|Leech Seed|p2b: Scizor|[miss]\n|-miss|p1b: Scovillain|p2b: Scizor\n|\n|-weather|none\n|-damage|p2b: Scizor|74/100 brn|[from] brn\n|upkeep\n|turn|6\n|inactive|OberonYaoi has 30 seconds left.\n|\n|t:|1776429336\n|move|p1b: Scovillain|Rage Powder|p1b: Scovillain\n|-singleturn|p1b: Scovillain|move: Rage Powder\n|move|p2b: Scizor|Swords Dance|p2b: Scizor\n|-boost|p2b: Scizor|atk|2\n|move|p1a: Arcanine|Flare Blitz|p2b: Scizor\n|-supereffective|p2b: Scizor|2\n|-damage|p2b: Scizor|0 fnt\n|faint|p2b: Scizor\n|-damage|p1a: Arcanine|59/100|[from] Recoil\n|move|p2a: Sinistcha|Life Dew|p2a: Sinistcha\n|-heal|p2a: Sinistcha|82/100\n|\n|upkeep\n|\n|t:|1776429345\n|switch|p2b: Pelipper|Pelipper, L50, F|100/100\n|-weather|RainDance|[from] ability: Drizzle|[of] p2b: Pelipper\n|turn|7\n|\n|t:|1776429356\n|move|p1b: Scovillain|Rage Powder|p1b: Scovillain\n|-singleturn|p1b: Scovillain|move: Rage Powder\n|move|p2b: Pelipper|Weather Ball|p1b: Scovillain\n|-damage|p1b: Scovillain|6/100\n|-status|p2b: Pelipper|brn|[from] ability: Spicy Spray|[of] p1b: Scovillain\n|move|p1a: Arcanine|Rock Slide|p2b: Pelipper|[spread] p2a,p2b\n|-supereffective|p2b: Pelipper|1\n|-damage|p2a: Sinistcha|59/100\n|-damage|p2b: Pelipper|52/100 brn\n|move|p2a: Sinistcha|Life Dew|p2a: Sinistcha|[spread] p2a,p2b\n|-heal|p2a: Sinistcha|84/100\n|-heal|p2b: Pelipper|77/100 brn\n|\n|-weather|RainDance|[upkeep]\n|-damage|p2b: Pelipper|71/100 brn|[from] brn\n|upkeep\n|turn|8\n|\n|t:|1776429378\n|move|p1b: Scovillain|Protect|p1b: Scovillain\n|-singleturn|p1b: Scovillain|Protect\n|move|p2b: Pelipper|Tailwind|p2b: Pelipper\n|-sidestart|p2: yukideee|move: Tailwind\n|move|p2a: Sinistcha|Matcha Gotcha|p1b: Scovillain|[spread] p1a\n|-activate|p1b: Scovillain|move: Protect\n|-damage|p1a: Arcanine|32/100\n|-heal|p2a: Sinistcha|100/100|[from] drain|[of] p1a: Arcanine\n|move|p1a: Arcanine|Rock Slide|p2a: Sinistcha|[spread] p2a,p2b\n|-supereffective|p2b: Pelipper|1\n|-damage|p2a: Sinistcha|78/100\n|-damage|p2b: Pelipper|17/100 brn\n|\n|-weather|RainDance|[upkeep]\n|-damage|p2b: Pelipper|11/100 brn|[from] brn\n|upkeep\n|turn|9\n|\n|t:|1776429403\n|move|p1b: Scovillain|Protect||[still]\n|-fail|p1b: Scovillain\n|move|p1a: Arcanine|Extreme Speed|p2b: Pelipper\n|-damage|p2b: Pelipper|0 fnt\n|faint|p2b: Pelipper\n|move|p2a: Sinistcha|Life Dew|p2a: Sinistcha\n|-heal|p2a: Sinistcha|100/100\n|\n|-weather|RainDance|[upkeep]\n|upkeep\n|\n|t:|1776429412\n|switch|p2b: Basculegion|Basculegion, L50, M|27/100\n|turn|10\n|\n|t:|1776429425\n|move|p2a: Sinistcha|Rage Powder|p2a: Sinistcha\n|-singleturn|p2a: Sinistcha|move: Rage Powder\n|move|p1b: Scovillain|Rage Powder|p1b: Scovillain\n|-singleturn|p1b: Scovillain|move: Rage Powder\n|move|p2b: Basculegion|Aqua Jet|p1b: Scovillain\n|-damage|p1b: Scovillain|0 fnt\n|-status|p2b: Basculegion|brn|[from] ability: Spicy Spray|[of] p1b: Scovillain\n|faint|p1b: Scovillain\n|move|p1a: Arcanine|Crunch|p2a: Sinistcha\n|-supereffective|p2a: Sinistcha|1\n|-damage|p2a: Sinistcha|61/100\n|\n|-weather|RainDance|[upkeep]\n|-damage|p2b: Basculegion|21/100 brn|[from] brn\n|upkeep\n|turn|11\n|\n|t:|1776429439\n|move|p2b: Basculegion|Wave Crash|p1a: Arcanine\n|-supereffective|p1a: Arcanine|2\n|-damage|p1a: Arcanine|0 fnt\n|faint|p1a: Arcanine\n|-damage|p2b: Basculegion|11/100 brn|[from] Recoil\n|\n|win|yukideee\n|raw|OberonYaoi's rating: 1112 &rarr; <strong>1082</strong><br />(-30 for losing)\n|raw|yukideee's rating: 1043 &rarr; <strong>1083</strong><br />(+40 for winning)\n",
  "uploadtime": 1776429440,
  "views": 28,
  "formatid": "gen9championsvgc2026regma",
  "rating": 1082,
  "private": 0,
  "password": null
}