{
  "id": "gen9championsvgc2026regma-2587980608",
  "format": "[Gen 9 Champions] VGC 2026 Reg M-A",
  "players": [
    "3berrbrbrb",
    "ray_game0"
  ],
  "log": "|j|\u26063berrbrbrb\n|j|\u2606ray_game0\n|t:|1776588158\n|gametype|doubles\n|player|p1|3berrbrbrb|unknown|1080\n|player|p2|ray_game0|102|1000\n|gen|9\n|tier|[Gen 9 Champions] VGC 2026 Reg M-A\n|rated|\n|rule|Species Clause: Limit one of each Pok\u00e9mon\n|rule|Item Clause: Limit 1 of each item\n|clearpoke\n|poke|p1|Houndoom, L50, M|\n|poke|p1|Torkoal, L50, M|\n|poke|p1|Whimsicott, L50, M|\n|poke|p1|Farigiraf, L50, F|\n|poke|p1|Sinistcha, L50|\n|poke|p1|Steelix, L50, F|\n|poke|p2|Runerigus, L50, M|\n|poke|p2|Diggersby, L50, F|\n|poke|p2|Garchomp, L50, M|\n|poke|p2|Charizard, L50, F|\n|poke|p2|Froslass, L50, F|\n|poke|p2|Kingambit, L50, F|\n|teampreview|4\n|inactive|Battle timer is ON: inactive players will automatically lose when time's up. (requested by 3berrbrbrb)\n|\n|t:|1776588185\n|teamsize|p1|4\n|teamsize|p2|4\n|start\n|switch|p1a: Torkoal|Torkoal, L50, M|100/100\n|switch|p1b: Farigiraf|Farigiraf, L50, F|100/100\n|switch|p2a: Runerigus|Runerigus, L50, M|100/100\n|switch|p2b: Diggersby|Diggersby, L50, F|100/100\n|-weather|SunnyDay|[from] ability: Drought|[of] p1a: Torkoal\n|turn|1\n|\n|t:|1776588203\n|move|p1a: Torkoal|Protect|p1a: Torkoal\n|-singleturn|p1a: Torkoal|Protect\n|move|p2b: Diggersby|U-turn|p2a: Runerigus\n|-resisted|p2a: Runerigus|1\n|-damage|p2a: Runerigus|93/100\n|-activate|p2b: Diggersby|Skill Swap|||[of] p2a: Runerigus\n|\n|t:|1776588209\n|switch|p2b: Garchomp|Garchomp, L50, M|100/100|[from] U-turn\n|move|p2a: Runerigus|Skill Swap|p2b: Garchomp\n|-activate|p2a: Runerigus|Skill Swap|||[of] p2b: Garchomp\n|move|p1b: Farigiraf|Trick Room|p1b: Farigiraf\n|-fieldstart|move: Trick Room|[of] p1b: Farigiraf\n|\n|-weather|SunnyDay|[upkeep]\n|upkeep\n|turn|2\n|inactive|3berrbrbrb has 30 seconds left.\n|\n|t:|1776588244\n|move|p1b: Farigiraf|Helping Hand|p1a: Torkoal\n|-singleturn|p1a: Torkoal|Helping Hand|[of] p1b: Farigiraf\n|move|p2b: Garchomp|Protect|p2b: Garchomp\n|-singleturn|p2b: Garchomp|Protect\n|move|p1a: Torkoal|Eruption|p2a: Runerigus|[spread] p2a\n|-activate|p2b: Garchomp|move: Protect\n|-damage|p2a: Runerigus|9/100\n|move|p2a: Runerigus|Memento|p1a: Torkoal\n|-unboost|p1a: Torkoal|atk|2\n|-unboost|p1a: Torkoal|spa|2\n|faint|p2a: Runerigus\n|\n|-weather|SunnyDay|[upkeep]\n|upkeep\n|\n|t:|1776588259\n|switch|p2a: Froslass|Froslass, L50, F|100/100\n|turn|3\n|\n|t:|1776588280\n|detailschange|p2a: Froslass|Froslass-Mega, L50, F\n|-mega|p2a: Froslass|Froslass|Froslassite\n|-weather|Snowscape|[from] ability: Snow Warning|[of] p2a: Froslass\n|move|p1b: Farigiraf|Helping Hand|p1a: Torkoal\n|-singleturn|p1a: Torkoal|Helping Hand|[of] p1b: Farigiraf\n|move|p1a: Torkoal|Eruption|p2b: Garchomp|[spread] p2a,p2b\n|-supereffective|p2a: Froslass|1\n|-resisted|p2b: Garchomp|1\n|-damage|p2a: Froslass|5/100\n|-damage|p2b: Garchomp|80/100\n|move|p2b: Garchomp|Rock Slide|p1a: Torkoal|[spread] p1a,p1b\n|-supereffective|p1a: Torkoal|1\n|-damage|p1a: Torkoal|32/100\n|-damage|p1b: Farigiraf|65/100\n|move|p2a: Froslass|Blizzard|p1a: Torkoal|[spread] p1a,p1b\n|-resisted|p1a: Torkoal|1\n|-damage|p1a: Torkoal|3/100\n|-damage|p1b: Farigiraf|26/100\n|-status|p1b: Farigiraf|frz\n|\n|-weather|Snowscape|[upkeep]\n|upkeep\n|turn|4\n|inactive|3berrbrbrb has 30 seconds left.\n|inactive|ray_game0 has 30 seconds left.\n|inactive|ray_game0 has 20 seconds left.\n|\n|t:|1776588318\n|switch|p1b: Steelix|Steelix, L50, F|100/100\n|switch|p2a: Diggersby|Diggersby, L50, F|100/100\n|move|p1a: Torkoal|Protect|p1a: Torkoal\n|-singleturn|p1a: Torkoal|Protect\n|move|p2b: Garchomp|Rock Slide|p1b: Steelix|[spread] p1b\n|-activate|p1a: Torkoal|move: Protect\n|-resisted|p1b: Steelix|2\n|-damage|p1b: Steelix|94/100\n|\n|-weather|Snowscape|[upkeep]\n|upkeep\n|turn|5\n|inactive|ray_game0 has 30 seconds left.\n|inactive|ray_game0 has 20 seconds left.\n|inactive|ray_game0 has 15 seconds left.\n|inactive|ray_game0 has 10 seconds left.\n|\n|t:|1776588365\n|switch|p1a: Farigiraf|Farigiraf, L50, F|26/100 frz\n|move|p2a: Diggersby|Quick Attack||[still]\n|cant|p1a: Farigiraf|ability: Armor Tail|Quick Attack|[of] p2a: Diggersby\n|move|p1b: Steelix|Iron Defense|p1b: Steelix\n|-boost|p1b: Steelix|def|2\n|move|p2b: Garchomp|Earthquake|p1b: Steelix|[spread] p2a,p1a,p1b\n|-supereffective|p1b: Steelix|1\n|-damage|p2a: Diggersby|28/100\n|-damage|p1a: Farigiraf|0 fnt\n|-damage|p1b: Steelix|55/100\n|faint|p1a: Farigiraf\n|\n|-weather|Snowscape|[upkeep]\n|-fieldend|move: Trick Room\n|upkeep\n|\n|t:|1776588384\n|switch|p1a: Torkoal|Torkoal, L50, M|3/100\n|-weather|SunnyDay|[from] ability: Drought|[of] p1a: Torkoal\n|turn|6\n|\n|t:|1776588405\n|move|p1b: Steelix|Wide Guard|p1b: Steelix\n|-singleturn|p1b: Steelix|Wide Guard\n|move|p2a: Diggersby|Quick Attack|p1a: Torkoal\n|-damage|p1a: Torkoal|0 fnt\n|faint|p1a: Torkoal\n|move|p2b: Garchomp|Earthquake|p1b: Steelix|[spread] p2a\n|-activate|p1b: Steelix|move: Wide Guard\n|-damage|p2a: Diggersby|0 fnt\n|faint|p2a: Diggersby\n|\n|-weather|SunnyDay|[upkeep]\n|upkeep\n|\n|t:|1776588417\n|switch|p2a: Froslass|Froslass-Mega, L50, F|5/100\n|switch|p1a: Houndoom|Houndoom, L50, M|100/100\n|-weather|Snowscape|[from] ability: Snow Warning|[of] p2a: Froslass\n|turn|7\n|\n|t:|1776588428\n|detailschange|p1a: Houndoom|Houndoom-Mega, L50, M\n|-mega|p1a: Houndoom|Houndoom|Houndoominite\n|move|p1b: Steelix|Wide Guard|p1b: Steelix\n|-singleturn|p1b: Steelix|Wide Guard\n|move|p2a: Froslass|Will-O-Wisp|p1b: Steelix\n|-status|p1b: Steelix|brn\n|move|p1a: Houndoom|Dark Pulse|p2b: Garchomp\n|-damage|p2b: Garchomp|35/100\n|move|p2b: Garchomp|Rock Slide|p1b: Steelix|[spread] \n|-activate|p1a: Houndoom|move: Wide Guard\n|-activate|p1b: Steelix|move: Wide Guard\n|\n|-weather|Snowscape|[upkeep]\n|-damage|p1b: Steelix|49/100 brn|[from] brn\n|upkeep\n|turn|8\n|inactive|ray_game0 has 30 seconds left.\n|inactive|ray_game0 has 20 seconds left.\n|inactive|3berrbrbrb has 30 seconds left.\n|inactive|ray_game0 has 15 seconds left.\n|inactive|ray_game0 has 10 seconds left.\n|\n|t:|1776588476\n|move|p1b: Steelix|Wide Guard|p1b: Steelix\n|-singleturn|p1b: Steelix|Wide Guard\n|move|p2a: Froslass|Thunderbolt|p1a: Houndoom\n|-damage|p1a: Houndoom|54/100\n|move|p1a: Houndoom|Dark Pulse|p2b: Garchomp\n|-damage|p2b: Garchomp|0 fnt\n|faint|p2b: Garchomp\n|\n|-weather|Snowscape|[upkeep]\n|-damage|p1b: Steelix|43/100 brn|[from] brn\n|upkeep\n|turn|9\n|-message|ray_game0 forfeited.\n|\n|win|3berrbrbrb\n",
  "uploadtime": 1776588160,
  "views": 7,
  "formatid": "gen9championsvgc2026regma",
  "rating": null,
  "private": 0,
  "password": null
}