{
  "id": "gen9championsvgc2026regma-2589482646",
  "format": "[Gen 9 Champions] VGC 2026 Reg M-A",
  "players": [
    "darkmaikshark",
    "SDLT 2KRL March"
  ],
  "log": "|raw|<div class=\"broadcast-blue\"><strong>This battle is required to be public due to a player having a name starting with 'sdlt'.</div>\n|j|\u2606darkmaikshark\n|j|\u2606SDLT 2KRL March\n|t:|1776726984\n|gametype|doubles\n|player|p1|darkmaikshark|102|1361\n|player|p2|SDLT 2KRL March|valerie|1462\n|gen|9\n|tier|[Gen 9 Champions] VGC 2026 Reg M-A\n|rated|\n|rule|Species Clause: Limit one of each Pok\u00e9mon\n|rule|Item Clause: Limit 1 of each item\n|clearpoke\n|poke|p1|Venusaur, L50, M|\n|poke|p1|Milotic, L50, F|\n|poke|p1|Incineroar, L50, M|\n|poke|p1|Garchomp, L50, M|\n|poke|p1|Sableye, L50, F|\n|poke|p1|Rotom-Wash, L50|\n|poke|p2|Kangaskhan, L50, F, shiny|\n|poke|p2|Farigiraf, L50, F, shiny|\n|poke|p2|Talonflame, L50, F, shiny|\n|poke|p2|Sneasler, L50, F, shiny|\n|poke|p2|Basculegion, L50, M|\n|poke|p2|Froslass, L50, F|\n|teampreview|4\n|inactive|Battle timer is ON: inactive players will automatically lose when time's up. (requested by SDLT 2KRL March)\n|inactive|darkmaikshark has 60 seconds left.\n|\n|t:|1776727023\n|teamsize|p1|4\n|teamsize|p2|4\n|start\n|switch|p1a: Incineroar|Incineroar, L50, M|100/100\n|switch|p1b: Venusaur|Venusaur, L50, M|100/100\n|switch|p2a: Ryoiki Tenkai|Farigiraf, L50, F, shiny|100/100\n|switch|p2b: Kangaskhan|Kangaskhan, L50, F, shiny|100/100\n|-ability|p1a: Incineroar|Intimidate|boost\n|-unboost|p2a: Ryoiki Tenkai|atk|1\n|-fail|p2b: Kangaskhan|unboost|Attack|[from] ability: Scrappy|[of] p2b: Kangaskhan\n|turn|1\n|inactive|SDLT 2KRL March has 30 seconds left.\n|inactive|SDLT 2KRL March has 20 seconds left.\n|inactive|SDLT 2KRL March has 15 seconds left.\n|inactive|SDLT 2KRL March has 10 seconds left.\n|inactive|SDLT 2KRL March has 5 seconds left.\n|\n|t:|1776727077\n|detailschange|p1b: Venusaur|Venusaur-Mega, L50, M\n|-mega|p1b: Venusaur|Venusaur|Venusaurite\n|move|p2b: Kangaskhan|Fake Out|p1b: Venusaur\n|-damage|p1b: Venusaur|86/100\n|cant|p1b: Venusaur|flinch\n|move|p1a: Incineroar|Darkest Lariat|p2a: Ryoiki Tenkai\n|-supereffective|p2a: Ryoiki Tenkai|1\n|-enditem|p2a: Ryoiki Tenkai|Colbur Berry|[eat]\n|-enditem|p2a: Ryoiki Tenkai|Colbur Berry|[weaken]\n|-damage|p2a: Ryoiki Tenkai|58/100\n|move|p2a: Ryoiki Tenkai|Trick Room|p2a: Ryoiki Tenkai\n|-fieldstart|move: Trick Room|[of] p2a: Ryoiki Tenkai\n|\n|upkeep\n|turn|2\n|\n|t:|1776727094\n|detailschange|p2b: Kangaskhan|Kangaskhan-Mega, L50, F, shiny\n|-mega|p2b: Kangaskhan|Kangaskhan|Kangaskhanite\n|move|p2a: Ryoiki Tenkai|Psychic|p1b: Venusaur\n|-supereffective|p1b: Venusaur|1\n|-damage|p1b: Venusaur|14/100\n|move|p1a: Incineroar|Darkest Lariat|p2a: Ryoiki Tenkai\n|-supereffective|p2a: Ryoiki Tenkai|1\n|-damage|p2a: Ryoiki Tenkai|0 fnt\n|faint|p2a: Ryoiki Tenkai\n|move|p1b: Venusaur|Giga Drain|p2b: Kangaskhan\n|-damage|p2b: Kangaskhan|65/100\n|-heal|p1b: Venusaur|34/100|[from] drain|[of] p2b: Kangaskhan\n|move|p2b: Kangaskhan|Hammer Arm|p1a: Incineroar|[miss]\n|-miss|p2b: Kangaskhan|p1a: Incineroar\n|\n|upkeep\n|inactive|SDLT 2KRL March has 30 seconds left.\n|\n|t:|1776727127\n|switch|p2a: Basculegion|Basculegion, L50, M|100/100\n|turn|3\n|\n|t:|1776727140\n|switch|p1a: Sableye|Sableye, L50, F|100/100\n|move|p2a: Basculegion|Wave Crash|p1a: Sableye\n|-damage|p1a: Sableye|0 fnt\n|faint|p1a: Sableye\n|-damage|p2a: Basculegion|76/100|[from] Recoil\n|move|p1b: Venusaur|Giga Drain|p2a: Basculegion\n|-supereffective|p2a: Basculegion|1\n|-damage|p2a: Basculegion|0 fnt\n|-heal|p1b: Venusaur|78/100|[from] drain|[of] p2a: Basculegion\n|faint|p2a: Basculegion\n|move|p2b: Kangaskhan|Double-Edge|p1b: Venusaur\n|-damage|p1b: Venusaur|26/100\n|-damage|p1b: Venusaur|13/100\n|-hitcount|p1b: Venusaur|2\n|-damage|p2b: Kangaskhan|46/100|[from] Recoil\n|\n|upkeep\n|inactive|SDLT 2KRL March has 30 seconds left.\n|\n|t:|1776727174\n|switch|p1a: Incineroar|Incineroar, L50, M|100/100\n|switch|p2a: Athena|Talonflame, L50, F, shiny|100/100\n|-ability|p1a: Incineroar|Intimidate|boost\n|-unboost|p2a: Athena|atk|1\n|-unboost|p2b: Kangaskhan|atk|1\n|turn|4\n|\n|t:|1776727189\n|move|p1a: Incineroar|Fake Out|p2a: Athena\n|-damage|p2a: Athena|78/100\n|move|p1b: Venusaur|Sludge Bomb|p2b: Kangaskhan\n|-damage|p2b: Kangaskhan|6/100\n|move|p2b: Kangaskhan|Double-Edge|p1b: Venusaur\n|-damage|p1b: Venusaur|0 fnt\n|faint|p1b: Venusaur\n|-hitcount|p1: Venusaur|1\n|-damage|p2b: Kangaskhan|2/100|[from] Recoil\n|cant|p2a: Athena|flinch\n|\n|upkeep\n|\n|t:|1776727198\n|switch|p1b: Rotom|Rotom-Wash, L50|100/100\n|turn|5\n|\n|t:|1776727209\n|move|p1a: Incineroar|Darkest Lariat|p2b: Kangaskhan\n|-damage|p2b: Kangaskhan|0 fnt\n|faint|p2b: Kangaskhan\n|move|p1b: Rotom|Volt Switch|p2a: Athena\n|-supereffective|p2a: Athena|1\n|-damage|p2a: Athena|0 fnt\n|faint|p2a: Athena\n|\n|win|darkmaikshark\n|raw|darkmaikshark's rating: 1361 &rarr; <strong>1387</strong><br />(+26 for winning)\n|raw|SDLT 2KRL March's rating: 1462 &rarr; <strong>1436</strong><br />(-26 for losing)\n",
  "uploadtime": 1776727210,
  "views": 6,
  "formatid": "gen9championsvgc2026regma",
  "rating": 1387,
  "private": 0,
  "password": null
}