{
  "id": "gen9championsvgc2026regma-2580657147",
  "format": "[Gen 9 Champions] VGC 2026 Reg M-A",
  "players": [
    "carp1",
    "Vaonir"
  ],
  "log": "|j|\u2606carp1\n|j|\u2606Vaonir\n|t:|1775921876\n|gametype|doubles\n|player|p1|carp1|hilbert|1040\n|player|p2|Vaonir|1|1093\n|gen|9\n|tier|[Gen 9 Champions] VGC 2026 Reg M-A\n|rated|\n|rule|Species Clause: Limit one of each Pok\u00e9mon\n|rule|Item Clause: Limit 1 of each item\n|clearpoke\n|poke|p1|Froslass, L50, F|\n|poke|p1|Glaceon, L50, F|\n|poke|p1|Arcanine, L50, F|\n|poke|p1|Garchomp, L50, F|\n|poke|p1|Whimsicott, L50, F|\n|poke|p1|Rotom-Wash, L50|\n|poke|p2|Archaludon, L50, F|\n|poke|p2|Greninja-*, L50, F|\n|poke|p2|Whimsicott, L50, F|\n|poke|p2|Gengar, L50, F|\n|poke|p2|Pelipper, L50, F|\n|poke|p2|Sneasler, L50, F|\n|teampreview|4\n|inactive|Battle timer is ON: inactive players will automatically lose when time's up. (requested by Vaonir)\n|inactive|carp1 also wants the timer to be on.\n|inactive|carp1 has 60 seconds left.\n|\n|t:|1775921915\n|teamsize|p1|4\n|teamsize|p2|4\n|start\n|switch|p1a: Glaceon|Glaceon, L50, F|100/100\n|switch|p1b: Froslass|Froslass, L50, F|100/100\n|switch|p2a: Gengar|Gengar, L50, F, shiny|100/100\n|switch|p2b: Whimsicott|Whimsicott, L50, F, shiny|100/100\n|turn|1\n|inactive|carp1 has 30 seconds left.\n|\n|t:|1775921945\n|detailschange|p1b: Froslass|Froslass-Mega, L50, F\n|-mega|p1b: Froslass|Froslass|Froslassite\n|-weather|Snowscape|[from] ability: Snow Warning|[of] p1b: Froslass\n|detailschange|p2a: Gengar|Gengar-Mega, L50, F, shiny\n|-mega|p2a: Gengar|Gengar|Gengarite\n|move|p2b: Whimsicott|Tailwind|p2b: Whimsicott\n|-sidestart|p2: Vaonir|move: Tailwind\n|move|p2a: Gengar|Shadow Ball|p1b: Froslass\n|-supereffective|p1b: Froslass|1\n|-crit|p1b: Froslass\n|-damage|p1b: Froslass|0 fnt\n|faint|p1b: Froslass\n|move|p1a: Glaceon|Blizzard|p2b: Whimsicott|[spread] p2a,p2b\n|-supereffective|p2b: Whimsicott|1\n|-damage|p2a: Gengar|22/100\n|-enditem|p2b: Whimsicott|Focus Sash\n|-damage|p2b: Whimsicott|1/100\n|\n|-weather|Snowscape|[upkeep]\n|upkeep\n|inactive|carp1 has 30 seconds left.\n|\n|t:|1775921977\n|switch|p1b: Rotom|Rotom-Wash, L50|100/100\n|turn|2\n|\n|t:|1775922001\n|move|p2b: Whimsicott|Protect|p2b: Whimsicott\n|-singleturn|p2b: Whimsicott|Protect\n|move|p2a: Gengar|Disable|p1a: Glaceon\n|-start|p1a: Glaceon|Disable|Blizzard\n|move|p1b: Rotom|Volt Switch|p2b: Whimsicott\n|-activate|p2b: Whimsicott|move: Protect\n|cant|p1a: Glaceon|Disable|Blizzard\n|\n|-weather|Snowscape|[upkeep]\n|upkeep\n|turn|3\n|inactive|Vaonir has 30 seconds left.\n|\n|t:|1775922027\n|move|p2a: Gengar|Shadow Ball|p1b: Rotom\n|-damage|p1b: Rotom|46/100\n|-enditem|p1b: Rotom|Sitrus Berry|[eat]\n|-heal|p1b: Rotom|71/100|[from] item: Sitrus Berry\n|move|p2b: Whimsicott|Moonblast|p1a: Glaceon\n|-damage|p1a: Glaceon|71/100\n|move|p1b: Rotom|Volt Switch|p2b: Whimsicott\n|-resisted|p2b: Whimsicott|1\n|-damage|p2b: Whimsicott|0 fnt\n|faint|p2b: Whimsicott\n|\n|t:|1775922037\n|switch|p1b: Garchomp|Garchomp, L50, F|100/100|[from] Volt Switch\n|move|p1a: Glaceon|Weather Ball|p2a: Gengar\n|-damage|p2a: Gengar|0 fnt\n|faint|p2a: Gengar\n|\n|-weather|Snowscape|[upkeep]\n|upkeep\n|\n|t:|1775922045\n|switch|p2a: Archaludon|Archaludon, L50, F, shiny|100/100\n|switch|p2b: Pelipper|Pelipper, L50, F, shiny|100/100\n|-weather|RainDance|[from] ability: Drizzle|[of] p2b: Pelipper\n|turn|4\n|inactive|carp1 has 30 seconds left.\n|\n|t:|1775922077\n|move|p2a: Archaludon|Draco Meteor|p1b: Garchomp\n|-supereffective|p1b: Garchomp|1\n|-damage|p1b: Garchomp|0 fnt\n|-unboost|p2a: Archaludon|spa|2\n|faint|p1b: Garchomp\n|move|p2b: Pelipper|Hurricane|p1a: Glaceon\n|-damage|p1a: Glaceon|24/100\n|move|p1a: Glaceon|Freeze-Dry|p2b: Pelipper\n|-supereffective|p2b: Pelipper|2\n|-damage|p2b: Pelipper|0 fnt\n|faint|p2b: Pelipper\n|\n|-weather|RainDance|[upkeep]\n|-sideend|p2: Vaonir|move: Tailwind\n|upkeep\n|\n|t:|1775922085\n|switch|p1b: Rotom|Rotom-Wash, L50|71/100\n|turn|5\n|\n|t:|1775922095\n|move|p1a: Glaceon|Detect|p1a: Glaceon\n|-singleturn|p1a: Glaceon|Protect\n|move|p1b: Rotom|Will-O-Wisp|p2a: Archaludon\n|-status|p2a: Archaludon|brn\n|move|p2a: Archaludon|Electro Shot||[still]\n|-prepare|p2a: Archaludon|Electro Shot\n|-boost|p2a: Archaludon|spa|1\n|-anim|p2a: Archaludon|Electro Shot|p1b: Rotom\n|-damage|p1b: Rotom|39/100\n|\n|-weather|RainDance|[upkeep]\n|-damage|p2a: Archaludon|94/100 brn|[from] brn\n|-end|p1a: Glaceon|Disable\n|upkeep\n|turn|6\n|\n|t:|1775922112\n|move|p1b: Rotom|Hydro Pump|p2a: Archaludon\n|-resisted|p2a: Archaludon|1\n|-damage|p2a: Archaludon|56/100 brn\n|-ability|p2a: Archaludon|Stamina|boost\n|-boost|p2a: Archaludon|def|1\n|move|p2a: Archaludon|Draco Meteor|p1b: Rotom\n|-damage|p1b: Rotom|0 fnt\n|-unboost|p2a: Archaludon|spa|2\n|faint|p1b: Rotom\n|move|p1a: Glaceon|Blizzard|p2a: Archaludon\n|-damage|p2a: Archaludon|0 fnt\n|faint|p2a: Archaludon\n|\n|win|carp1\n|raw|carp1's rating: 1040 &rarr; <strong>1079</strong><br />(+39 for winning)\n|raw|Vaonir's rating: 1093 &rarr; <strong>1065</strong><br />(-28 for losing)\n|l|\u2606Vaonir\n|player|p2|\n",
  "uploadtime": 1775922124,
  "views": 15,
  "formatid": "gen9championsvgc2026regma",
  "rating": 1065,
  "private": 0,
  "password": null
}