{
  "id": "gen9championsvgc2026regma-2584438595",
  "format": "[Gen 9 Champions] VGC 2026 Reg M-A",
  "players": [
    "josiah12345",
    "Arachnocomm"
  ],
  "log": "|j|\u2606josiah12345\n|j|\u2606Arachnocomm\n|t:|1776260902\n|gametype|doubles\n|player|p1|josiah12345|266|1089\n|player|p2|Arachnocomm|gambler|1000\n|gen|9\n|tier|[Gen 9 Champions] VGC 2026 Reg M-A\n|rated|\n|rule|Species Clause: Limit one of each Pok\u00e9mon\n|rule|Item Clause: Limit 1 of each item\n|clearpoke\n|poke|p1|Archaludon, L50, F|\n|poke|p1|Pelipper, L50, F|\n|poke|p1|Meganium, L50, F|\n|poke|p1|Politoed, L50, F|\n|poke|p1|Dragapult, L50, F|\n|poke|p1|Sneasler, L50, F|\n|poke|p2|Aggron, L50, F|\n|poke|p2|Clefable, L50, F|\n|poke|p2|Farigiraf, L50, F|\n|poke|p2|Drampa, L50, F|\n|poke|p2|Rotom-Wash, L50|\n|poke|p2|Incineroar, L50, M|\n|teampreview|4\n|\n|t:|1776260928\n|teamsize|p1|4\n|teamsize|p2|4\n|start\n|switch|p1a: Archaludon|Archaludon, L50, F, shiny|100/100\n|switch|p1b: Pelipper|Pelipper, L50, F|100/100\n|switch|p2a: Clefable|Clefable, L50, F, shiny|100/100\n|switch|p2b: Farigiraf|Farigiraf, L50, F, shiny|100/100\n|-weather|RainDance|[from] ability: Drizzle|[of] p1b: Pelipper\n|turn|1\n|\n|t:|1776260941\n|move|p2a: Clefable|Follow Me|p2a: Clefable\n|-singleturn|p2a: Clefable|move: Follow Me\n|move|p1b: Pelipper|Hurricane|p2a: Clefable\n|-damage|p2a: Clefable|71/100\n|move|p1a: Archaludon|Electro Shot||[still]\n|-prepare|p1a: Archaludon|Electro Shot\n|-boost|p1a: Archaludon|spa|1\n|-anim|p1a: Archaludon|Electro Shot|p2a: Clefable\n|-damage|p2a: Clefable|26/100\n|move|p2b: Farigiraf|Trick Room|p2b: Farigiraf\n|-fieldstart|move: Trick Room|[of] p2b: Farigiraf\n|\n|-weather|RainDance|[upkeep]\n|upkeep\n|turn|2\n|l|\u2606josiah12345\n|player|p1|\n|j|\u2606josiah12345\n|player|p1|josiah12345|266|\n|\n|t:|1776261003\n|switch|p2b: Drampa|Drampa, L50, F, shiny|100/100\n|-ability|p2b: Drampa|Cloud Nine\n|switch|p2a: Rotom|Rotom-Wash, L50, shiny|100/100\n|move|p1b: Pelipper|Protect|p1b: Pelipper\n|-singleturn|p1b: Pelipper|Protect\n|move|p1a: Archaludon|Electro Shot||[still]\n|-prepare|p1a: Archaludon|Electro Shot\n|-boost|p1a: Archaludon|spa|1\n|\n|-weather|RainDance|[upkeep]\n|upkeep\n|turn|3\n|\n|t:|1776261034\n|switch|p1b: Meganium|Meganium, L50, F, shiny|100/100\n|move|p2b: Drampa|Light Screen|p2b: Drampa\n|-sidestart|p2: Arachnocomm|move: Light Screen\n|move|p2a: Rotom|Thunderbolt|p1b: Meganium\n|-resisted|p1b: Meganium|1\n|-damage|p1b: Meganium|82/100\n|move|p1a: Archaludon|Electro Shot|p2b: Drampa|[from] lockedmove\n|-resisted|p2b: Drampa|1\n|-damage|p2b: Drampa|78/100\n|\n|-weather|RainDance|[upkeep]\n|upkeep\n|turn|4\n|\n|t:|1776261058\n|switch|p2a: Farigiraf|Farigiraf, L50, F, shiny|100/100\n|detailschange|p1b: Meganium|Meganium-Mega, L50, F, shiny\n|-mega|p1b: Meganium|Meganium|Meganiumite\n|move|p2b: Drampa|Draco Meteor|p1a: Archaludon\n|-damage|p1a: Archaludon|25/100\n|-unboost|p2b: Drampa|spa|2\n|-ability|p1a: Archaludon|Stamina|boost\n|-boost|p1a: Archaludon|def|1\n|-enditem|p2b: Drampa|White Herb\n|-clearnegativeboost|p2b: Drampa|[silent]\n|move|p1b: Meganium|Dazzling Gleam|p2b: Drampa|[spread] p2a,p2b\n|-supereffective|p2b: Drampa|1\n|-damage|p2a: Farigiraf|75/100\n|-damage|p2b: Drampa|41/100\n|move|p1a: Archaludon|Dragon Pulse|p2b: Drampa\n|-supereffective|p2b: Drampa|1\n|-damage|p2b: Drampa|0 fnt\n|faint|p2b: Drampa\n|\n|-weather|RainDance|[upkeep]\n|upkeep\n|\n|t:|1776261086\n|switch|p2b: Rotom|Rotom-Wash, L50, shiny|100/100\n|turn|5\n|\n|t:|1776261120\n|move|p2a: Farigiraf|Psychic|p1b: Meganium\n|-damage|p1b: Meganium|46/100\n|move|p1b: Meganium|Solar Beam||[still]\n|-prepare|p1b: Meganium|Solar Beam\n|-activate|p1b: Meganium|ability: Mega Sol\n|-anim|p1b: Meganium|Solar Beam|p2b: Rotom\n|-supereffective|p2b: Rotom|1\n|-damage|p2b: Rotom|13/100\n|move|p2b: Rotom|Hydro Pump|p1a: Archaludon\n|-resisted|p1a: Archaludon|1\n|-damage|p1a: Archaludon|0 fnt\n|faint|p1a: Archaludon\n|\n|-weather|none\n|-heal|p2b: Rotom|19/100|[from] item: Leftovers\n|-fieldend|move: Trick Room\n|upkeep\n|\n|t:|1776261127\n|switch|p1a: Pelipper|Pelipper, L50, F|100/100\n|-weather|RainDance|[from] ability: Drizzle|[of] p1a: Pelipper\n|turn|6\n|\n|t:|1776261153\n|move|p2b: Rotom|Protect|p2b: Rotom\n|-singleturn|p2b: Rotom|Protect\n|move|p1a: Pelipper|Hurricane|p2a: Farigiraf\n|-damage|p2a: Farigiraf|43/100\n|-enditem|p2a: Farigiraf|Sitrus Berry|[eat]\n|-heal|p2a: Farigiraf|68/100|[from] item: Sitrus Berry\n|move|p1b: Meganium|Dazzling Gleam|p2b: Rotom|[spread] p2a\n|-activate|p2b: Rotom|move: Protect\n|-damage|p2a: Farigiraf|42/100\n|move|p2a: Farigiraf|Trick Room|p2a: Farigiraf\n|-fieldstart|move: Trick Room|[of] p2a: Farigiraf\n|\n|-weather|RainDance|[upkeep]\n|-heal|p2b: Rotom|25/100|[from] item: Leftovers\n|upkeep\n|turn|7\n|\n|t:|1776261172\n|move|p1a: Pelipper|Protect|p1a: Pelipper\n|-singleturn|p1a: Pelipper|Protect\n|move|p2a: Farigiraf|Psychic|p1b: Meganium\n|-damage|p1b: Meganium|10/100\n|move|p1b: Meganium|Dazzling Gleam|p2a: Farigiraf|[spread] p2a,p2b\n|-damage|p2a: Farigiraf|16/100\n|-damage|p2b: Rotom|5/100\n|move|p2b: Rotom|Thunderbolt|p1a: Pelipper\n|-activate|p1a: Pelipper|move: Protect\n|\n|-weather|RainDance|[upkeep]\n|-heal|p2b: Rotom|11/100|[from] item: Leftovers\n|-sideend|p2: Arachnocomm|move: Light Screen\n|upkeep\n|turn|8\n|\n|t:|1776261193\n|move|p2a: Farigiraf|Hyper Voice|p1b: Meganium|[spread] p1a,p1b\n|-crit|p1b: Meganium\n|-damage|p1a: Pelipper|38/100\n|-damage|p1b: Meganium|0 fnt\n|faint|p1b: Meganium\n|move|p2b: Rotom|Thunderbolt|p1a: Pelipper\n|-supereffective|p1a: Pelipper|2\n|-damage|p1a: Pelipper|0 fnt\n|faint|p1a: Pelipper\n|\n|-weather|RainDance|[upkeep]\n|-heal|p2b: Rotom|16/100|[from] item: Leftovers\n|upkeep\n|\n|t:|1776261199\n|switch|p1b: Sneasler|Sneasler, L50, F, shiny|100/100\n|turn|9\n|\n|t:|1776261221\n|move|p2a: Farigiraf|Protect|p2a: Farigiraf\n|-singleturn|p2a: Farigiraf|Protect\n|move|p2b: Rotom|Protect|p2b: Rotom\n|-singleturn|p2b: Rotom|Protect\n|move|p1b: Sneasler|Fling|p2a: Farigiraf\n|-activate|p2a: Farigiraf|move: Protect\n|-enditem|p1b: Sneasler|Light Ball|[from] move: Fling\n|\n|-weather|RainDance|[upkeep]\n|-heal|p2b: Rotom|22/100|[from] item: Leftovers\n|upkeep\n|turn|10\n|\n|t:|1776261238\n|move|p2a: Farigiraf|Psychic|p1b: Sneasler\n|-supereffective|p1b: Sneasler|2\n|-damage|p1b: Sneasler|0 fnt\n|faint|p1b: Sneasler\n|\n|win|Arachnocomm\n|raw|josiah12345's rating: 1089 &rarr; <strong>1060</strong><br />(-29 for losing)\n|raw|Arachnocomm's rating: 1000 &rarr; <strong>1050</strong><br />(+50 for winning)\n|l|\u2606josiah12345\n|player|p1|\n|l|\u2606Arachnocomm\n|player|p2|\n",
  "uploadtime": 1776261258,
  "views": 33,
  "formatid": "gen9championsvgc2026regma",
  "rating": 1050,
  "private": 0,
  "password": null
}