{
  "id": "gen9championsvgc2026regma-2587761313",
  "format": "[Gen 9 Champions] VGC 2026 Reg M-A",
  "players": [
    "Holixs",
    "baoge201212211"
  ],
  "log": "|j|\u2606Holixs\n|j|\u2606baoge201212211\n|t:|1776561341\n|gametype|doubles\n|player|p1|Holixs|roxie|1132\n|player|p2|baoge201212211|lucas|1052\n|gen|9\n|tier|[Gen 9 Champions] VGC 2026 Reg M-A\n|rated|\n|rule|Species Clause: Limit one of each Pok\u00e9mon\n|rule|Item Clause: Limit 1 of each item\n|clearpoke\n|poke|p1|Aggron, L50, F|\n|poke|p1|Conkeldurr, L50, F|\n|poke|p1|Hydreigon, L50, M|\n|poke|p1|Reuniclus, L50, M|\n|poke|p1|Sinistcha, L50|\n|poke|p1|Incineroar, L50, M|\n|poke|p2|Archaludon, L50, M|\n|poke|p2|Sinistcha, L50|\n|poke|p2|Basculegion, L50, M, shiny|\n|poke|p2|Incineroar, L50, F|\n|poke|p2|Gardevoir, L50, M|\n|poke|p2|Pelipper, L50, M|\n|teampreview|4\n|\n|t:|1776561378\n|teamsize|p1|4\n|teamsize|p2|4\n|start\n|switch|p1a: Sinistcha|Sinistcha, L50|100/100\n|switch|p1b: Aggron|Aggron, L50, F|100/100\n|switch|p2a: Gardevoir|Gardevoir, L50, M|100/100\n|switch|p2b: Incineroar|Incineroar, L50, F|100/100\n|-ability|p2a: Gardevoir|Heavy Metal|Trace|[from] ability: Trace|[of] p1b: Aggron\n|-ability|p2b: Incineroar|Intimidate|boost\n|-unboost|p1a: Sinistcha|atk|1\n|-unboost|p1b: Aggron|atk|1\n|turn|1\n|\n|t:|1776561405\n|detailschange|p2a: Gardevoir|Gardevoir-Mega, L50, M\n|-mega|p2a: Gardevoir|Gardevoir|Gardevoirite\n|detailschange|p1b: Aggron|Aggron-Mega, L50, F\n|-mega|p1b: Aggron|Aggron|Aggronite\n|move|p2a: Gardevoir|Calm Mind|p2a: Gardevoir\n|-boost|p2a: Gardevoir|spa|1\n|-boost|p2a: Gardevoir|spd|1\n|move|p2b: Incineroar|Darkest Lariat|p1a: Sinistcha\n|-supereffective|p1a: Sinistcha|1\n|-damage|p1a: Sinistcha|42/100\n|move|p1b: Aggron|Iron Defense|p1b: Aggron\n|-boost|p1b: Aggron|def|2\n|move|p1a: Sinistcha|Trick Room|p1a: Sinistcha\n|-fieldstart|move: Trick Room|[of] p1a: Sinistcha\n|\n|upkeep\n|turn|2\n|\n|t:|1776561426\n|switch|p1a: Conkeldurr|Conkeldurr, L50, F|100/100\n|move|p2a: Gardevoir|Protect|p2a: Gardevoir\n|-singleturn|p2a: Gardevoir|Protect\n|move|p1b: Aggron|Heavy Slam|p2a: Gardevoir\n|-activate|p2a: Gardevoir|move: Protect\n|move|p2b: Incineroar|Parting Shot|p1b: Aggron\n|-unboost|p1b: Aggron|atk|1\n|-unboost|p1b: Aggron|spa|1\n|\n|t:|1776561438\n|switch|p2b: Sinistcha|Sinistcha, L50|100/100|[from] Parting Shot\n|\n|upkeep\n|turn|3\n|\n|t:|1776561468\n|move|p2b: Sinistcha|Rage Powder|p2b: Sinistcha\n|-singleturn|p2b: Sinistcha|move: Rage Powder\n|move|p1a: Conkeldurr|Coaching|p1b: Aggron\n|-boost|p1b: Aggron|atk|1\n|-boost|p1b: Aggron|def|1\n|move|p1b: Aggron|Heavy Slam|p2b: Sinistcha\n|-damage|p2b: Sinistcha|65/100\n|move|p2a: Gardevoir|Hyper Voice|p1b: Aggron|[spread] p1a,p1b\n|-supereffective|p1a: Conkeldurr|1\n|-resisted|p1b: Aggron|1\n|-damage|p1a: Conkeldurr|0 fnt\n|-damage|p1b: Aggron|61/100\n|faint|p1a: Conkeldurr\n|\n|upkeep\n|\n|t:|1776561475\n|switch|p1a: Sinistcha|Sinistcha, L50|42/100\n|-heal|p1b: Aggron|86/100|[from] ability: Hospitality|[of] p1a: Sinistcha\n|turn|4\n|\n|t:|1776561503\n|move|p2b: Sinistcha|Rage Powder|p2b: Sinistcha\n|-singleturn|p2b: Sinistcha|move: Rage Powder\n|move|p1b: Aggron|Heavy Slam|p2b: Sinistcha\n|-damage|p2b: Sinistcha|31/100\n|move|p1a: Sinistcha|Matcha Gotcha|p2b: Sinistcha|[spread] p2a,p2b\n|-resisted|p2b: Sinistcha|1\n|-damage|p2a: Gardevoir|87/100\n|-heal|p1a: Sinistcha|49/100|[from] drain|[of] p2a: Gardevoir\n|-damage|p2b: Sinistcha|18/100\n|-heal|p1a: Sinistcha|56/100|[from] drain|[of] p2b: Sinistcha\n|-status|p2b: Sinistcha|brn\n|move|p2a: Gardevoir|Hyper Voice|p1a: Sinistcha|[spread] p1a,p1b\n|-resisted|p1b: Aggron|1\n|-damage|p1a: Sinistcha|0 fnt\n|-damage|p1b: Aggron|48/100\n|faint|p1a: Sinistcha\n|\n|-damage|p2b: Sinistcha|12/100 brn|[from] brn\n|upkeep\n|\n|t:|1776561506\n|switch|p1a: Incineroar|Incineroar, L50, M|100/100\n|-ability|p1a: Incineroar|Intimidate|boost\n|-unboost|p2a: Gardevoir|atk|1\n|-unboost|p2b: Sinistcha|atk|1\n|turn|5\n|\n|t:|1776561530\n|switch|p2b: Incineroar|Incineroar, L50, F|100/100\n|-ability|p2b: Incineroar|Intimidate|boost\n|-unboost|p1a: Incineroar|atk|1\n|-unboost|p1b: Aggron|atk|1\n|move|p2a: Gardevoir|Protect|p2a: Gardevoir\n|-singleturn|p2a: Gardevoir|Protect\n|move|p1a: Incineroar|Fake Out|p2a: Gardevoir\n|-activate|p2a: Gardevoir|move: Protect\n|move|p1b: Aggron|Heavy Slam|p2a: Gardevoir\n|-activate|p2a: Gardevoir|move: Protect\n|\n|-fieldend|move: Trick Room\n|upkeep\n|turn|6\n|\n|t:|1776561550\n|move|p2b: Incineroar|Fake Out|p1b: Aggron\n|-resisted|p1b: Aggron|1\n|-damage|p1b: Aggron|46/100\n|move|p2a: Gardevoir|Hyper Voice|p1a: Incineroar|[spread] p1a,p1b\n|-resisted|p1b: Aggron|1\n|-damage|p1a: Incineroar|41/100\n|-damage|p1b: Aggron|6/100\n|move|p1a: Incineroar|Flare Blitz|p2a: Gardevoir\n|-damage|p2a: Gardevoir|42/100\n|-damage|p1a: Incineroar|28/100|[from] Recoil\n|cant|p1b: Aggron|flinch\n|\n|upkeep\n|turn|7\n|\n|t:|1776561570\n|move|p2a: Gardevoir|Hyper Voice|p1b: Aggron|[spread] p1a,p1b\n|-resisted|p1b: Aggron|1\n|-damage|p1a: Incineroar|0 fnt\n|-damage|p1b: Aggron|0 fnt\n|faint|p1a: Incineroar\n|faint|p1b: Aggron\n|\n|win|baoge201212211\n|raw|Holixs's rating: 1132 &rarr; <strong>1101</strong><br />(-31 for losing)\n|raw|baoge201212211's rating: 1052 &rarr; <strong>1091</strong><br />(+39 for winning)\n|l|\u2606Holixs\n|player|p1|\n",
  "uploadtime": 1776561581,
  "views": 14,
  "formatid": "gen9championsvgc2026regma",
  "rating": 1091,
  "private": 0,
  "password": null
}