{
  "id": "gen9championsvgc2026regma-2588663273",
  "format": "[Gen 9 Champions] VGC 2026 Reg M-A",
  "players": [
    "henitusec",
    "powersmith"
  ],
  "log": "|j|\u2606henitusec\n|j|\u2606powersmith\n|t:|1776655163\n|gametype|doubles\n|player|p1|henitusec|steven-masters|1071\n|player|p2|powersmith|palmer|1082\n|gen|9\n|tier|[Gen 9 Champions] VGC 2026 Reg M-A\n|rated|\n|rule|Species Clause: Limit one of each Pok\u00e9mon\n|rule|Item Clause: Limit 1 of each item\n|clearpoke\n|poke|p1|Delphox, L50, M|\n|poke|p1|Basculegion, L50, M|\n|poke|p1|Clefable, L50, F|\n|poke|p1|Kingambit, L50, M|\n|poke|p1|Dragonite, L50, F|\n|poke|p1|Sneasler, L50, F|\n|poke|p2|Tyranitar, L50, F|\n|poke|p2|Garchomp, L50, M|\n|poke|p2|Empoleon, L50, M|\n|poke|p2|Sneasler, L50, F|\n|poke|p2|Whimsicott, L50, F|\n|poke|p2|Rotom-Fan, L50|\n|teampreview|4\n|inactive|Battle timer is ON: inactive players will automatically lose when time's up. (requested by henitusec)\nhenitusec rejected open team sheets.\n|inactive|powersmith has 60 seconds left.\n|\n|t:|1776655206\n|teamsize|p1|4\n|teamsize|p2|4\n|start\n|switch|p1a: Sneasler|Sneasler, L50, F|100/100\n|switch|p1b: Delphox|Delphox, L50, M|100/100\n|switch|p2a: Whimsicott|Whimsicott, L50, F|100/100\n|switch|p2b: Tyranitar|Tyranitar, L50, F|100/100\n|-weather|Sandstorm|[from] ability: Sand Stream|[of] p2b: Tyranitar\n|turn|1\n|inactive|powersmith has 30 seconds left.\n|inactive|powersmith has 20 seconds left.\n|inactive|powersmith has 15 seconds left.\n|\n|t:|1776655249\n|detailschange|p1b: Delphox|Delphox-Mega, L50, M\n|-mega|p1b: Delphox|Delphox|Delphoxite\n|move|p2b: Tyranitar|Protect|p2b: Tyranitar\n|-singleturn|p2b: Tyranitar|Protect\n|move|p1a: Sneasler|Fake Out|p2a: Whimsicott\n|-damage|p2a: Whimsicott|86/100\n|cant|p2a: Whimsicott|flinch\n|move|p1b: Delphox|Heat Wave|p2b: Tyranitar|[spread] p2a\n|-activate|p2b: Tyranitar|move: Protect\n|-supereffective|p2a: Whimsicott|1\n|-enditem|p2a: Whimsicott|Occa Berry|[eat]\n|-enditem|p2a: Whimsicott|Occa Berry|[weaken]\n|-damage|p2a: Whimsicott|40/100\n|-status|p2a: Whimsicott|brn\n|\n|-weather|Sandstorm|[upkeep]\n|-damage|p1b: Delphox|94/100|[from] Sandstorm\n|-damage|p1a: Sneasler|95/100|[from] Sandstorm\n|-damage|p2a: Whimsicott|34/100 brn|[from] Sandstorm\n|-damage|p2a: Whimsicott|28/100 brn|[from] brn\n|upkeep\n|turn|2\n|inactive|powersmith has 30 seconds left.\n|inactive|powersmith has 20 seconds left.\n|\n|t:|1776655284\n|move|p2a: Whimsicott|Encore|p1a: Sneasler\n|-start|p1a: Sneasler|Encore\n|move|p1a: Sneasler|Fake Out||[still]\n|-hint|Fake Out only works on your first turn out.\n|-fail|p1a: Sneasler\n|move|p1b: Delphox|Substitute|p1b: Delphox\n|-start|p1b: Delphox|Substitute\n|-damage|p1b: Delphox|70/100\n|move|p2b: Tyranitar|Knock Off|p1b: Delphox\n|-supereffective|p1b: Delphox|1\n|-end|p1b: Delphox|Substitute\n|\n|-weather|Sandstorm|[upkeep]\n|-damage|p1b: Delphox|64/100|[from] Sandstorm\n|-damage|p1a: Sneasler|89/100|[from] Sandstorm\n|-damage|p2a: Whimsicott|22/100 brn|[from] Sandstorm\n|-damage|p2a: Whimsicott|16/100 brn|[from] brn\n|upkeep\n|turn|3\n|\n|t:|1776655305\n|switch|p1b: Dragonite|Dragonite, L50, F|100/100\n|switch|p1a: Basculegion|Basculegion, L50, M|100/100\n|detailschange|p2b: Tyranitar|Tyranitar-Mega, L50, F\n|-mega|p2b: Tyranitar|Tyranitar|Tyranitarite\n|move|p2a: Whimsicott|Tailwind|p2a: Whimsicott\n|-sidestart|p2: powersmith|move: Tailwind\n|move|p2b: Tyranitar|Knock Off|p1b: Dragonite\n|-damage|p1b: Dragonite|64/100\n|-enditem|p1b: Dragonite|Lum Berry|[from] move: Knock Off|[of] p2b: Tyranitar\n|\n|-weather|Sandstorm|[upkeep]\n|-damage|p2a: Whimsicott|10/100 brn|[from] Sandstorm\n|-damage|p1a: Basculegion|94/100|[from] Sandstorm\n|-damage|p1b: Dragonite|58/100|[from] Sandstorm\n|-damage|p2a: Whimsicott|4/100 brn|[from] brn\n|upkeep\n|turn|4\n|inactive|henitusec has 30 seconds left.\n|inactive|powersmith has 30 seconds left.\n|inactive|henitusec has 20 seconds left.\n|inactive|henitusec has 15 seconds left.\n|inactive|powersmith has 20 seconds left.\n|inactive|henitusec has 10 seconds left.\n|\n|t:|1776655354\n|move|p2a: Whimsicott|Helping Hand|p2b: Tyranitar\n|-singleturn|p2b: Tyranitar|Helping Hand|[of] p2a: Whimsicott\n|move|p1a: Basculegion|Wave Crash|p2b: Tyranitar\n|-supereffective|p2b: Tyranitar|1\n|-damage|p2b: Tyranitar|0 fnt\n|faint|p2b: Tyranitar\n|-damage|p1a: Basculegion|63/100|[from] Recoil\n|move|p1b: Dragonite|Scale Shot|p2a: Whimsicott\n|-immune|p2a: Whimsicott\n|\n|-weather|Sandstorm|[upkeep]\n|-damage|p2a: Whimsicott|0 fnt|[from] Sandstorm\n|-damage|p1a: Basculegion|57/100|[from] Sandstorm\n|-damage|p1b: Dragonite|52/100|[from] Sandstorm\n|faint|p2a: Whimsicott\n|upkeep\n|\n|t:|1776655375\n|switch|p2a: Rotom|Rotom-Fan, L50|100/100\n|switch|p2b: Sneasler|Sneasler, L50, F|100/100\n|turn|5\n|inactive|powersmith has 30 seconds left.\n|inactive|powersmith has 20 seconds left.\n|\n|t:|1776655411\n|move|p2b: Sneasler|Fake Out|p1b: Dragonite\n|-damage|p1b: Dragonite|35/100\n|move|p2a: Rotom|Volt Switch|p1a: Basculegion\n|-supereffective|p1a: Basculegion|1\n|-damage|p1a: Basculegion|0 fnt\n|faint|p1a: Basculegion\n|cant|p1b: Dragonite|flinch\n|\n|-weather|none\n|upkeep\n|\n|t:|1776655421\n|switch|p1a: Sneasler|Sneasler, L50, F|89/100\n|turn|6\n|\n|t:|1776655437\n|move|p2b: Sneasler|Protect|p2b: Sneasler\n|-singleturn|p2b: Sneasler|Protect\n|move|p1a: Sneasler|Fake Out|p2b: Sneasler\n|-activate|p2b: Sneasler|move: Protect\n|move|p2a: Rotom|Air Slash|p1a: Sneasler\n|-supereffective|p1a: Sneasler|1\n|-damage|p1a: Sneasler|4/100\n|move|p1b: Dragonite|Scale Shot|p2a: Rotom|[miss]\n|-miss|p1b: Dragonite|p2a: Rotom\n|\n|-sideend|p2: powersmith|move: Tailwind\n|upkeep\n|turn|7\n|inactive|henitusec has 30 seconds left.\n|inactive|powersmith has 30 seconds left.\n|\n|t:|1776655470\n|move|p1b: Dragonite|Extreme Speed|p2a: Rotom\n|-damage|p2a: Rotom|72/100\n|move|p1a: Sneasler|Dire Claw|p2a: Rotom\n|-damage|p2a: Rotom|29/100\n|move|p2b: Sneasler|Dire Claw|p1b: Dragonite\n|-damage|p1b: Dragonite|0 fnt\n|faint|p1b: Dragonite\n|move|p2a: Rotom|Discharge|p1a: Sneasler|[spread] p2b,p1a\n|-damage|p2b: Sneasler|58/100\n|-damage|p1a: Sneasler|0 fnt\n|faint|p1a: Sneasler\n|\n|upkeep\n|\n|t:|1776655480\n|switch|p1a: Delphox|Delphox-Mega, L50, M|64/100\n|turn|8\n|\n|t:|1776655500\n|move|p1a: Delphox|Heat Wave|p2b: Sneasler|[spread] p2a,p2b\n|-damage|p2a: Rotom|0 fnt\n|-damage|p2b: Sneasler|0 fnt\n|faint|p2a: Rotom\n|faint|p2b: Sneasler\n|\n|win|henitusec\n|raw|henitusec's rating: 1071 &rarr; <strong>1101</strong><br />(+30 for winning)\n|raw|powersmith's rating: 1082 &rarr; <strong>1059</strong><br />(-23 for losing)\n",
  "uploadtime": 1776655503,
  "views": 7,
  "formatid": "gen9championsvgc2026regma",
  "rating": 1059,
  "private": 0,
  "password": null
}