{
  "id": "gen9championsvgc2026regma-2588446662",
  "format": "[Gen 9 Champions] VGC 2026 Reg M-A",
  "players": [
    "gvjgvj",
    "Wet Squirl"
  ],
  "log": "|j|\u2606gvjgvj\n|j|\u2606Wet Squirl\n|t:|1776634282\n|gametype|doubles\n|player|p1|gvjgvj|2|1046\n|player|p2|Wet Squirl|pokemaniac|1000\n|gen|9\n|tier|[Gen 9 Champions] VGC 2026 Reg M-A\n|rated|\n|rule|Species Clause: Limit one of each Pok\u00e9mon\n|rule|Item Clause: Limit 1 of each item\n|clearpoke\n|poke|p1|Tyranitar, L50, M|\n|poke|p1|Floette-Eternal, L50, F|\n|poke|p1|Gengar, L50, M|\n|poke|p1|Tauros-Paldea-Aqua, L50, M|\n|poke|p1|Farigiraf, L50, M|\n|poke|p1|Kingambit, L50, F|\n|poke|p2|Steelix, L50, F|\n|poke|p2|Blastoise, L50, M|\n|poke|p2|Pelipper, L50, M|\n|poke|p2|Sinistcha, L50|\n|poke|p2|Incineroar, L50, F|\n|poke|p2|Raichu, L50, F|\n|teampreview|4\n|\n|t:|1776634327\n|teamsize|p1|4\n|teamsize|p2|4\n|start\n|switch|p1a: Kingambit|Kingambit, L50, F|100/100\n|switch|p1b: Gengar|Gengar, L50, M|100/100\n|switch|p2a: Steelix|Steelix, L50, F|100/100\n|switch|p2b: Blastoise|Blastoise, L50, M|100/100\n|turn|1\n|\n|t:|1776634351\n|move|p2b: Blastoise|Fake Out|p1a: Kingambit\n|-resisted|p1a: Kingambit|1\n|-damage|p1a: Kingambit|98/100\n|move|p1b: Gengar|Icy Wind|p2b: Blastoise|[spread] p2a,p2b\n|-resisted|p2b: Blastoise|1\n|-damage|p2a: Steelix|86/100\n|-damage|p2b: Blastoise|94/100\n|-unboost|p2a: Steelix|spe|1\n|-unboost|p2b: Blastoise|spe|1\n|cant|p1a: Kingambit|flinch\n|move|p2a: Steelix|Iron Defense|p2a: Steelix\n|-boost|p2a: Steelix|def|2\n|\n|-heal|p2b: Blastoise|99/100|[from] item: Leftovers\n|upkeep\n|turn|2\n|\n|t:|1776634374\n|detailschange|p2a: Steelix|Steelix-Mega, L50, F\n|-mega|p2a: Steelix|Steelix|Steelixite\n|move|p1b: Gengar|Icy Wind|p2b: Blastoise|[spread] p2a,p2b\n|-resisted|p2b: Blastoise|1\n|-damage|p2a: Steelix|74/100\n|-damage|p2b: Blastoise|93/100\n|-unboost|p2a: Steelix|spe|1\n|-unboost|p2b: Blastoise|spe|1\n|move|p1a: Kingambit|Kowtow Cleave|p2a: Steelix\n|-damage|p2a: Steelix|59/100\n|move|p2b: Blastoise|Hydro Pump|p1b: Gengar\n|-damage|p1b: Gengar|28/100\n|move|p2a: Steelix|Body Press|p1a: Kingambit\n|-supereffective|p1a: Kingambit|2\n|-damage|p1a: Kingambit|0 fnt\n|faint|p1a: Kingambit\n|\n|-heal|p2b: Blastoise|99/100|[from] item: Leftovers\n|upkeep\n|\n|t:|1776634391\n|switch|p1a: Floette|Floette-Eternal, L50, F|100/100\n|turn|3\n|\n|t:|1776634411\n|switch|p1b: Tauros|Tauros-Paldea-Aqua, L50, M|100/100\n|-ability|p1b: Tauros|Intimidate|boost\n|-unboost|p2a: Steelix|atk|1\n|-unboost|p2b: Blastoise|atk|1\n|switch|p2b: Sinistcha|Sinistcha, L50|100/100\n|-heal|p2a: Steelix|83/100|[from] ability: Hospitality|[of] p2b: Sinistcha\n|detailschange|p1a: Floette|Floette-Mega, L50, F\n|-mega|p1a: Floette|Floette|Floettite\n|-ability|p1a: Floette|Fairy Aura\n|move|p1a: Floette|Moonblast|p2b: Sinistcha\n|-damage|p2b: Sinistcha|0 fnt\n|faint|p2b: Sinistcha\n|move|p2a: Steelix|Gyro Ball|p1a: Floette\n|-supereffective|p1a: Floette|1\n|-damage|p1a: Floette|0 fnt\n|faint|p1a: Floette\n|\n|upkeep\n|\n|t:|1776634437\n|switch|p1a: Gengar|Gengar, L50, M|28/100\n|switch|p2b: Blastoise|Blastoise, L50, M|99/100\n|turn|4\n|\n|t:|1776634447\n|move|p1b: Tauros|Protect|p1b: Tauros\n|-singleturn|p1b: Tauros|Protect\n|move|p2b: Blastoise|Fake Out|p1b: Tauros\n|-activate|p1b: Tauros|move: Protect\n|move|p1a: Gengar|Shadow Ball|p2a: Steelix\n|-damage|p2a: Steelix|47/100\n|move|p2a: Steelix|Body Press|p1b: Tauros\n|-activate|p1b: Tauros|move: Protect\n|\n|-heal|p2b: Blastoise|100/100|[from] item: Leftovers\n|upkeep\n|turn|5\n|\n|t:|1776634462\n|move|p2a: Steelix|Protect|p2a: Steelix\n|-singleturn|p2a: Steelix|Protect\n|move|p1a: Gengar|Shadow Ball|p2a: Steelix\n|-activate|p2a: Steelix|move: Protect\n|move|p1b: Tauros|Close Combat|p2a: Steelix\n|-activate|p2a: Steelix|move: Protect\n|move|p2b: Blastoise|Hydro Pump|p1a: Gengar\n|-damage|p1a: Gengar|0 fnt\n|faint|p1a: Gengar\n|\n|upkeep\n|turn|6\n|\n|t:|1776634479\n|move|p2b: Blastoise|Helping Hand|p2a: Steelix\n|-singleturn|p2a: Steelix|Helping Hand|[of] p2b: Blastoise\n|move|p1b: Tauros|Close Combat|p2a: Steelix\n|-supereffective|p2a: Steelix|1\n|-damage|p2a: Steelix|22/100\n|-unboost|p1b: Tauros|def|1\n|-unboost|p1b: Tauros|spd|1\n|-enditem|p1b: Tauros|White Herb\n|-clearnegativeboost|p1b: Tauros|[silent]\n|move|p2a: Steelix|Body Press|p1b: Tauros\n|-damage|p1b: Tauros|0 fnt\n|faint|p1b: Tauros\n|\n|win|Wet Squirl\n|raw|gvjgvj's rating: 1046 &rarr; <strong>1027</strong><br />(-19 for losing)\n|raw|Wet Squirl's rating: 1000 &rarr; <strong>1045</strong><br />(+45 for winning)\n|l|\u2606gvjgvj\n|player|p1|\n",
  "uploadtime": 1776634505,
  "views": 13,
  "formatid": "gen9championsvgc2026regma",
  "rating": 1027,
  "private": 0,
  "password": null
}