{
  "id": "gen9championsvgc2026regma-2584724660",
  "format": "[Gen 9 Champions] VGC 2026 Reg M-A",
  "players": [
    "scottyylmao",
    "ODK2"
  ],
  "log": "|j|\u2606scottyylmao\n|j|\u2606ODK2\n|t:|1776279242\n|gametype|doubles\n|player|p1|scottyylmao|caitlin|1216\n|player|p2|ODK2|jasmine-gen2|1224\n|gen|9\n|tier|[Gen 9 Champions] VGC 2026 Reg M-A\n|rated|\n|rule|Species Clause: Limit one of each Pok\u00e9mon\n|rule|Item Clause: Limit 1 of each item\n|clearpoke\n|poke|p1|Talonflame, L50, M|\n|poke|p1|Lucario, L50, M|\n|poke|p1|Milotic, L50, M|\n|poke|p1|Jolteon, L50, F|\n|poke|p1|Froslass, L50, F|\n|poke|p1|Samurott-Hisui, L50, F|\n|poke|p2|Steelix, L50, M|\n|poke|p2|Tyranitar, L50, M|\n|poke|p2|Gardevoir, L50, F|\n|poke|p2|Maushold, L50|\n|poke|p2|Garchomp, L50, F|\n|poke|p2|Decidueye-Hisui, L50, M|\n|teampreview|4\n|\n|t:|1776279274\n|teamsize|p1|4\n|teamsize|p2|4\n|start\n|switch|p1a: Froslass|Froslass, L50, F|100/100\n|switch|p1b: Talonflame|Talonflame, L50, M|100/100\n|switch|p2a: Maushold|Maushold, L50|100/100\n|switch|p2b: Gardevoir|Gardevoir, L50, F|100/100\n|turn|1\n|\n|t:|1776279306\n|detailschange|p1a: Froslass|Froslass-Mega, L50, F\n|-mega|p1a: Froslass|Froslass|Froslassite\n|-weather|Snowscape|[from] ability: Snow Warning|[of] p1a: Froslass\n|move|p1b: Talonflame|Dual Wingbeat|p2a: Maushold|[miss]\n|-miss|p1b: Talonflame|p2a: Maushold\n|move|p1a: Froslass|Blizzard|p2a: Maushold|[spread] p2a,p2b\n|-damage|p2a: Maushold|44/100\n|-damage|p2b: Gardevoir|68/100\n|-status|p2b: Gardevoir|frz\n|move|p2a: Maushold|Super Fang|p1b: Talonflame\n|-damage|p1b: Talonflame|50/100\n|cant|p2b: Gardevoir|frz\n|\n|-weather|Snowscape|[upkeep]\n|upkeep\n|turn|2\n|\n|t:|1776279323\n|move|p2a: Maushold|Follow Me|p2a: Maushold\n|-singleturn|p2a: Maushold|move: Follow Me\n|move|p1a: Froslass|Blizzard|p2b: Gardevoir|[spread] p2a,p2b\n|-damage|p2a: Maushold|0 fnt\n|-damage|p2b: Gardevoir|40/100 frz\n|faint|p2a: Maushold\n|move|p1b: Talonflame|Dual Wingbeat|p2b: Gardevoir\n|-damage|p2b: Gardevoir|22/100 frz\n|-damage|p2b: Gardevoir|2/100 frz\n|-hitcount|p2b: Gardevoir|2\n|cant|p2b: Gardevoir|frz\n|\n|-weather|Snowscape|[upkeep]\n|upkeep\n|\n|t:|1776279334\n|switch|p2a: Tyranitar|Tyranitar, L50, M|100/100\n|-weather|Sandstorm|[from] ability: Sand Stream|[of] p2a: Tyranitar\n|turn|3\n|\n|t:|1776279344\n|switch|p1a: Milotic|Milotic, L50, M|100/100\n|move|p1b: Talonflame|Tailwind|p1b: Talonflame\n|-sidestart|p1: scottyylmao|move: Tailwind\n|move|p2a: Tyranitar|Rock Slide|p1a: Milotic|[spread] p1a,p1b\n|-supereffective|p1b: Talonflame|2\n|-damage|p1a: Milotic|76/100\n|-damage|p1b: Talonflame|0 fnt\n|faint|p1b: Talonflame\n|-curestatus|p2b: Gardevoir|frz|[msg]\n|move|p2b: Gardevoir|Trick Room|p2b: Gardevoir\n|-fieldstart|move: Trick Room|[of] p2b: Gardevoir\n|\n|-weather|Sandstorm|[upkeep]\n|-damage|p2b: Gardevoir|0 fnt|[from] Sandstorm\n|-damage|p1a: Milotic|70/100|[from] Sandstorm\n|faint|p2b: Gardevoir\n|upkeep\n|\n|t:|1776279358\n|switch|p2b: Steelix|Steelix, L50, M|100/100\n|switch|p1b: Froslass|Froslass-Mega, L50, F|100/100\n|-weather|Snowscape|[from] ability: Snow Warning|[of] p1b: Froslass\n|turn|4\n|\n|t:|1776279370\n|detailschange|p2b: Steelix|Steelix-Mega, L50, M\n|-mega|p2b: Steelix|Steelix|Steelixite\n|move|p2b: Steelix|Heavy Slam|p1b: Froslass\n|-supereffective|p1b: Froslass|1\n|-damage|p1b: Froslass|0 fnt\n|faint|p1b: Froslass\n|move|p2a: Tyranitar|Thunder|p1a: Milotic\n|-supereffective|p1a: Milotic|1\n|-damage|p1a: Milotic|33/100\n|-enditem|p1a: Milotic|Sitrus Berry|[eat]\n|-heal|p1a: Milotic|57/100|[from] item: Sitrus Berry\n|move|p1a: Milotic|Scald|p2b: Steelix\n|-supereffective|p2b: Steelix|1\n|-damage|p2b: Steelix|31/100\n|-status|p2b: Steelix|brn\n|\n|-weather|Snowscape|[upkeep]\n|-damage|p2b: Steelix|25/100 brn|[from] brn\n|upkeep\n|\n|t:|1776279379\n|switch|p1b: Lucario|Lucario, L50, M|100/100\n|turn|5\n|\n|t:|1776279387\n|move|p2a: Tyranitar|Protect|p2a: Tyranitar\n|-singleturn|p2a: Tyranitar|Protect\n|move|p2b: Steelix|Earthquake|p1b: Lucario|[spread] p1a,p1b\n|-activate|p2a: Tyranitar|move: Protect\n|-supereffective|p1b: Lucario|1\n|-damage|p1a: Milotic|40/100\n|-damage|p1b: Lucario|30/100\n|move|p1a: Milotic|Scald|p2b: Steelix\n|-supereffective|p2b: Steelix|1\n|-damage|p2b: Steelix|0 fnt\n|faint|p2b: Steelix\n|move|p1b: Lucario|Close Combat|p2a: Tyranitar\n|-activate|p2a: Tyranitar|move: Protect\n|\n|-weather|Snowscape|[upkeep]\n|upkeep\n|turn|6\n|\n|t:|1776279409\n|move|p1b: Lucario|Protect|p1b: Lucario\n|-singleturn|p1b: Lucario|Protect\n|move|p2a: Tyranitar|Thunder|p1b: Lucario\n|-activate|p1b: Lucario|move: Protect\n|move|p1a: Milotic|Scald|p2a: Tyranitar\n|-supereffective|p2a: Tyranitar|1\n|-damage|p2a: Tyranitar|51/100\n|\n|-weather|Snowscape|[upkeep]\n|-heal|p2a: Tyranitar|57/100|[from] item: Leftovers\n|-sideend|p1: scottyylmao|move: Tailwind\n|upkeep\n|turn|7\n|inactive|Battle timer is ON: inactive players will automatically lose when time's up. (requested by ODK2)\n|\n|t:|1776279429\n|move|p1b: Lucario|Bullet Punch|p2a: Tyranitar\n|-supereffective|p2a: Tyranitar|1\n|-damage|p2a: Tyranitar|28/100\n|move|p2a: Tyranitar|Thunder|p1b: Lucario\n|-damage|p1b: Lucario|0 fnt\n|faint|p1b: Lucario\n|move|p1a: Milotic|Scald|p2a: Tyranitar\n|-supereffective|p2a: Tyranitar|1\n|-damage|p2a: Tyranitar|0 fnt\n|faint|p2a: Tyranitar\n|\n|win|scottyylmao\n|raw|scottyylmao's rating: 1216 &rarr; <strong>1242</strong><br />(+26 for winning)\n|raw|ODK2's rating: 1224 &rarr; <strong>1198</strong><br />(-26 for losing)\n|c|\u2606scottyylmao|gg\n|l|\u2606ODK2\n|player|p2|\n",
  "uploadtime": 1776279442,
  "views": 18,
  "formatid": "gen9championsvgc2026regma",
  "rating": 1198,
  "private": 0,
  "password": null
}