{
  "id": "gen9championsvgc2026regma-2582959133",
  "format": "[Gen 9 Champions] VGC 2026 Reg M-A",
  "players": [
    "elbampirito",
    "MudByChu"
  ],
  "log": "|j|\u2606elbampirito\n|j|\u2606MudByChu\n|t:|1776128531\n|gametype|doubles\n|player|p1|elbampirito|265|1090\n|player|p2|MudByChu|kieran-festival|1000\n|gen|9\n|tier|[Gen 9 Champions] VGC 2026 Reg M-A\n|rated|\n|rule|Species Clause: Limit one of each Pok\u00e9mon\n|rule|Item Clause: Limit 1 of each item\n|clearpoke\n|poke|p1|Incineroar, L50, M|\n|poke|p1|Kommo-o, L50, F|\n|poke|p1|Whimsicott, L50, F|\n|poke|p1|Gardevoir, L50, M|\n|poke|p1|Kingambit, L50, F|\n|poke|p1|Basculegion, L50, M|\n|poke|p2|Goodra-Hisui, L50, F|\n|poke|p2|Scovillain, L50, M|\n|poke|p2|Mimikyu, L50, F|\n|poke|p2|Maushold-Four, L50|\n|poke|p2|Torkoal, L50, F|\n|poke|p2|Oranguru, L50, F|\n|teampreview|4\n|inactive|Battle timer is ON: inactive players will automatically lose when time's up. (requested by MudByChu)\nMudByChu rejected open team sheets.\n|inactive|elbampirito has 60 seconds left.\n|\n|t:|1776128588\n|teamsize|p1|4\n|teamsize|p2|4\n|start\n|switch|p1a: Whimsicott|Whimsicott, L50, F|100/100\n|switch|p1b: Basculegion|Basculegion, L50, M|100/100\n|switch|p2a: Scovillain|Scovillain, L50, M|100/100\n|switch|p2b: Mimikyu|Mimikyu, L50, F|100/100\n|turn|1\n|inactive|elbampirito has 30 seconds left.\n|inactive|MudByChu has 30 seconds left.\n|inactive|elbampirito has 20 seconds left.\n|inactive|elbampirito has 15 seconds left.\n|inactive|MudByChu has 20 seconds left.\n|\n|t:|1776128633\n|detailschange|p2a: Scovillain|Scovillain-Mega, L50, M\n|-mega|p2a: Scovillain|Scovillain|Scovillainite\n|move|p1a: Whimsicott|Helping Hand|p1b: Basculegion\n|-singleturn|p1b: Basculegion|Helping Hand|[of] p1a: Whimsicott\n|move|p2b: Mimikyu|Protect|p2b: Mimikyu\n|-singleturn|p2b: Mimikyu|Protect\n|move|p1b: Basculegion|Wave Crash|p2a: Scovillain\n|-damage|p2a: Scovillain|0 fnt\n|-status|p1b: Basculegion|brn|[from] ability: Spicy Spray|[of] p2a: Scovillain\n|faint|p2a: Scovillain\n|-damage|p1b: Basculegion|71/100 brn|[from] Recoil\n|\n|-damage|p1b: Basculegion|65/100 brn|[from] brn\n|upkeep\n|\n|t:|1776128646\n|switch|p2a: Oranguru|Oranguru, L50, F|100/100\n|turn|2\n|\n|t:|1776128660\n|switch|p1b: Gardevoir|Gardevoir, L50, M|100/100\n|-ability|p1b: Gardevoir|Inner Focus|Trace|[from] ability: Trace|[of] p2a: Oranguru\n|move|p2a: Oranguru|Protect|p2a: Oranguru\n|-singleturn|p2a: Oranguru|Protect\n|move|p1a: Whimsicott|Encore|p2b: Mimikyu\n|-start|p2b: Mimikyu|Encore\n|move|p2b: Mimikyu|Protect||[still]\n|-fail|p2b: Mimikyu\n|\n|upkeep\n|turn|3\n|inactive|MudByChu has 30 seconds left.\n|\n|t:|1776128691\n|switch|p2a: Torkoal|Torkoal, L50, F|100/100\n|-weather|SunnyDay|[from] ability: Drought|[of] p2a: Torkoal\n|detailschange|p1b: Gardevoir|Gardevoir-Mega, L50, M\n|-mega|p1b: Gardevoir|Gardevoir|Gardevoirite\n|move|p2b: Mimikyu|Protect|p2b: Mimikyu\n|-singleturn|p2b: Mimikyu|Protect\n|move|p1a: Whimsicott|Encore||[still]\n|-fail|p1a: Whimsicott\n|move|p1b: Gardevoir|Calm Mind|p1b: Gardevoir\n|-boost|p1b: Gardevoir|spa|1\n|-boost|p1b: Gardevoir|spd|1\n|\n|-weather|SunnyDay|[upkeep]\n|upkeep\n|turn|4\n|\n|t:|1776128714\n|switch|p2a: Oranguru|Oranguru, L50, F|100/100\n|move|p1a: Whimsicott|Helping Hand|p1b: Gardevoir\n|-singleturn|p1b: Gardevoir|Helping Hand|[of] p1a: Whimsicott\n|move|p2b: Mimikyu|Protect|p2b: Mimikyu\n|-singleturn|p2b: Mimikyu|Protect\n|move|p1b: Gardevoir|Psychic|p2a: Oranguru\n|-resisted|p2a: Oranguru|1\n|-damage|p2a: Oranguru|61/100\n|\n|-weather|SunnyDay|[upkeep]\n|-end|p2b: Mimikyu|Encore\n|upkeep\n|turn|5\n|\n|t:|1776128736\n|switch|p2b: Torkoal|Torkoal, L50, F|100/100\n|move|p1b: Gardevoir|Hyper Voice|p2a: Oranguru|[spread] p2a,p2b\n|-resisted|p2b: Torkoal|1\n|-damage|p2a: Oranguru|15/100\n|-damage|p2b: Torkoal|49/100\n|move|p1a: Whimsicott|Moonblast|p2b: Torkoal\n|-resisted|p2b: Torkoal|1\n|-damage|p2b: Torkoal|31/100\n|move|p2a: Oranguru|Trick Room|p2a: Oranguru\n|-fieldstart|move: Trick Room|[of] p2a: Oranguru\n|\n|-weather|SunnyDay|[upkeep]\n|upkeep\n|turn|6\n|inactive|elbampirito has 30 seconds left.\n|\n|t:|1776128769\n|move|p1a: Whimsicott|Encore|p2a: Oranguru\n|-start|p2a: Oranguru|Encore\n|-enditem|p2a: Oranguru|Mental Herb\n|-end|p2a: Oranguru|Encore\n|move|p2b: Torkoal|Heat Wave|p1a: Whimsicott|[spread] p1a,p1b\n|-supereffective|p1a: Whimsicott|1\n|-enditem|p1a: Whimsicott|Focus Sash\n|-damage|p1a: Whimsicott|1/100\n|-damage|p1b: Gardevoir|64/100\n|move|p2a: Oranguru|Instruct|p2b: Torkoal\n|-singleturn|p2b: Torkoal|move: Instruct|[of] p2a: Oranguru\n|move|p2b: Torkoal|Heat Wave|p1a: Whimsicott|[spread] p1a,p1b\n|-supereffective|p1a: Whimsicott|1\n|-crit|p1b: Gardevoir\n|-damage|p1a: Whimsicott|0 fnt\n|-damage|p1b: Gardevoir|0 fnt\n|faint|p1a: Whimsicott\n|faint|p1b: Gardevoir\n|\n|-weather|SunnyDay|[upkeep]\n|upkeep\n|\n|t:|1776128785\n|switch|p1a: Basculegion|Basculegion, L50, M|65/100 brn\n|switch|p1b: Kommo-o|Kommo-o, L50, F|100/100\n|turn|7\n|inactive|elbampirito has 30 seconds left.\n|\n|t:|1776128817\n|move|p2b: Torkoal|Heat Wave|p1b: Kommo-o|[spread] p1a,p1b\n|-resisted|p1a: Basculegion|1\n|-resisted|p1b: Kommo-o|1\n|-damage|p1a: Basculegion|34/100 brn\n|-damage|p1b: Kommo-o|74/100\n|move|p2a: Oranguru|Instruct|p2b: Torkoal\n|-singleturn|p2b: Torkoal|move: Instruct|[of] p2a: Oranguru\n|move|p2b: Torkoal|Heat Wave|p1b: Kommo-o|[spread] p1a,p1b\n|-resisted|p1a: Basculegion|1\n|-resisted|p1b: Kommo-o|1\n|-damage|p1a: Basculegion|0 fnt\n|-damage|p1b: Kommo-o|47/100\n|-enditem|p1b: Kommo-o|Sitrus Berry|[eat]\n|-heal|p1b: Kommo-o|71/100|[from] item: Sitrus Berry\n|faint|p1a: Basculegion\n|move|p1b: Kommo-o|Clanging Scales|p2a: Oranguru|[spread] p2a,p2b\n|-damage|p2a: Oranguru|0 fnt\n|-damage|p2b: Torkoal|0 fnt\n|faint|p2a: Oranguru\n|faint|p2b: Torkoal\n|-unboost|p1b: Kommo-o|def|1\n|\n|-weather|none\n|upkeep\n|\n|t:|1776128831\n|switch|p2b: Mimikyu|Mimikyu, L50, F|100/100\n|turn|8\n|\n|t:|1776128836\n|move|p1b: Kommo-o|Protect|p1b: Kommo-o\n|-singleturn|p1b: Kommo-o|Protect\n|move|p2b: Mimikyu|Play Rough|p1b: Kommo-o\n|-activate|p1b: Kommo-o|move: Protect\n|\n|upkeep\n|turn|9\n|\n|t:|1776128841\n|move|p2b: Mimikyu|Play Rough|p1b: Kommo-o\n|-supereffective|p1b: Kommo-o|2\n|-damage|p1b: Kommo-o|0 fnt\n|faint|p1b: Kommo-o\n|\n|win|MudByChu\n|raw|elbampirito's rating: 1090 &rarr; <strong>1061</strong><br />(-29 for losing)\n|raw|MudByChu's rating: 1000 &rarr; <strong>1050</strong><br />(+50 for winning)\n",
  "uploadtime": 1776128844,
  "views": 12,
  "formatid": "gen9championsvgc2026regma",
  "rating": 1050,
  "private": 0,
  "password": null
}