{
  "id": "gen9championsvgc2026regma-2586727768",
  "format": "[Gen 9 Champions] VGC 2026 Reg M-A",
  "players": [
    "reedsandseeds",
    "LeviDelta2024"
  ],
  "log": "|j|\u2606reedsandseeds\n|j|\u2606LeviDelta2024\n|t:|1776455251\n|gametype|doubles\n|player|p1|reedsandseeds|102|1055\n|player|p2|LeviDelta2024|riley|1086\n|gen|9\n|tier|[Gen 9 Champions] VGC 2026 Reg M-A\n|rated|\n|rule|Species Clause: Limit one of each Pok\u00e9mon\n|rule|Item Clause: Limit 1 of each item\n|clearpoke\n|poke|p1|Glimmora, L50, M|\n|poke|p1|Incineroar, L50, F|\n|poke|p1|Aerodactyl, L50, F|\n|poke|p1|Tyranitar, L50, M|\n|poke|p1|Rotom-Wash, L50|\n|poke|p1|Garchomp, L50, F|\n|poke|p2|Lucario, L50, M|\n|poke|p2|Starmie, L50|\n|poke|p2|Incineroar, L50, M|\n|poke|p2|Raichu, L50, M|\n|poke|p2|Whimsicott, L50, F|\n|poke|p2|Mimikyu, L50, M|\n|teampreview|4\n|inactive|Battle timer is ON: inactive players will automatically lose when time's up. (requested by reedsandseeds)\nreedsandseeds rejected open team sheets.\n|\n|t:|1776455289\n|teamsize|p1|4\n|teamsize|p2|4\n|start\n|switch|p1a: glappy|Glimmora, L50, M|100/100\n|switch|p1b: blibob|Aerodactyl, L50, F|100/100\n|switch|p2a: Incineroar|Incineroar, L50, M|100/100\n|switch|p2b: Mimikyu|Mimikyu, L50, M|100/100\n|-ability|p1b: blibob|Unnerve\n|-ability|p2a: Incineroar|Intimidate|boost\n|-unboost|p1a: glappy|atk|1\n|-unboost|p1b: blibob|atk|1\n|turn|1\n|\n|t:|1776455307\n|move|p2a: Incineroar|Fake Out|p1a: glappy\n|-resisted|p1a: glappy|1\n|-damage|p1a: glappy|96/100\n|-activate|p1a: glappy|ability: Toxic Debris\n|-sidestart|p2: LeviDelta2024|move: Toxic Spikes\n|move|p1b: blibob|Rock Slide|p2a: Incineroar|[spread] p2b\n|-miss|p1b: blibob|p2a: Incineroar\n|-activate|p2b: Mimikyu|ability: Disguise\n|-damage|p2b: Mimikyu|100/100\n|detailschange|p2b: Mimikyu|Mimikyu-Busted, L50, M\n|-damage|p2b: Mimikyu|88/100|[from] pokemon: Mimikyu-Busted\n|cant|p1a: glappy|flinch\n|move|p2b: Mimikyu|Trick Room|p2b: Mimikyu\n|-fieldstart|move: Trick Room|[of] p2b: Mimikyu\n|\n|upkeep\n|turn|2\n|inactive|reedsandseeds has 30 seconds left.\n|inactive|LeviDelta2024 has 30 seconds left.\n|-activate|p2b: Mimikyu|item: Quick Claw\n|\n|t:|1776455342\n|detailschange|p1a: glappy|Glimmora-Mega, L50, M\n|-mega|p1a: glappy|Glimmora|Glimmoranite\n|move|p2b: Mimikyu|Will-O-Wisp|p1b: blibob\n|-status|p1b: blibob|brn\n|move|p2a: Incineroar|Parting Shot|p1a: glappy\n|-unboost|p1a: glappy|atk|1\n|-unboost|p1a: glappy|spa|1\n|\n|t:|1776455355\n|switch|p2a: Starmie|Starmie, L50|100/100|[from] Parting Shot\n|-status|p2a: Starmie|psn\n|move|p1a: glappy|Power Gem|p2a: Starmie\n|-damage|p2a: Starmie|48/100 psn\n|move|p1b: blibob|Rock Slide|p2a: Starmie|[spread] p2b\n|-miss|p1b: blibob|p2a: Starmie\n|-damage|p2b: Mimikyu|76/100\n|\n|-damage|p2a: Starmie|36/100 psn|[from] psn\n|-damage|p1b: blibob|95/100 brn|[from] brn\n|upkeep\n|turn|3\n|inactive|LeviDelta2024 has 30 seconds left.\n|\n|t:|1776455381\n|switch|p2b: Lucario|Lucario, L50, M|100/100\n|detailschange|p2a: Starmie|Starmie-Mega, L50\n|-mega|p2a: Starmie|Starmie|Starminite\n|move|p1a: glappy|Spiky Shield|p1a: glappy\n|-singleturn|p1a: glappy|move: Protect\n|move|p2a: Starmie|Psycho Cut|p1a: glappy\n|-activate|p1a: glappy|move: Protect\n|move|p1b: blibob|Rock Slide|p2a: Starmie|[spread] p2a,p2b\n|-resisted|p2b: Lucario|2\n|-damage|p2a: Starmie|27/100 psn\n|-damage|p2b: Lucario|98/100\n|\n|-damage|p2a: Starmie|15/100 psn|[from] psn\n|-damage|p1b: blibob|89/100 brn|[from] brn\n|upkeep\n|turn|4\n|\n|t:|1776455406\n|move|p1a: glappy|Spiky Shield||[still]\n|-fail|p1a: glappy\n|move|p1b: blibob|Protect|p1b: blibob\n|-singleturn|p1b: blibob|Protect\n|move|p2b: Lucario|Ice Punch|p1b: blibob\n|-activate|p1b: blibob|move: Protect\n|move|p2a: Starmie|Skill Swap|p2b: Lucario\n|-activate|p2a: Starmie|Skill Swap|||[of] p2b: Lucario\n|\n|-damage|p2a: Starmie|3/100 psn|[from] psn\n|-damage|p1b: blibob|83/100 brn|[from] brn\n|upkeep\n|turn|5\n|\n|t:|1776455428\n|move|p2b: Lucario|Protect|p2b: Lucario\n|-singleturn|p2b: Lucario|Protect\n|move|p1a: glappy|Earth Power|p2b: Lucario\n|-activate|p2b: Lucario|move: Protect\n|move|p2a: Starmie|Liquidation|p1a: glappy\n|-supereffective|p1a: glappy|1\n|-damage|p1a: glappy|39/100\n|move|p1b: blibob|Dual Wingbeat|p2b: Lucario\n|-activate|p2b: Lucario|move: Protect\n|\n|-damage|p2a: Starmie|0 fnt|[from] psn\n|faint|p2a: Starmie\n|-damage|p1b: blibob|78/100 brn|[from] brn\n|-fieldend|move: Trick Room\n|upkeep\n|\n|t:|1776455444\n|switch|p2a: Mimikyu|Mimikyu-Busted, L50, M|76/100\n|-status|p2a: Mimikyu|psn\n|turn|6\n|\n|t:|1776455456\n|switch|p1a: mr awsome|Incineroar, L50, F|100/100\n|-ability|p1a: mr awsome|Intimidate|boost\n|-unboost|p2a: Mimikyu|atk|1\n|-unboost|p2b: Lucario|atk|1\n|-enditem|p2b: Lucario|White Herb\n|-clearnegativeboost|p2b: Lucario|[silent]\n|move|p2b: Lucario|Bullet Punch|p1a: mr awsome\n|-resisted|p1a: mr awsome|1\n|-damage|p1a: mr awsome|83/100\n|move|p1b: blibob|Tailwind|p1b: blibob\n|-sidestart|p1: reedsandseeds|move: Tailwind\n|move|p2a: Mimikyu|Trick Room|p2a: Mimikyu\n|-fieldstart|move: Trick Room|[of] p2a: Mimikyu\n|\n|-damage|p2a: Mimikyu|64/100 psn|[from] psn\n|-damage|p1b: blibob|72/100 brn|[from] brn\n|upkeep\n|turn|7\n|\n|t:|1776455479\n|switch|p2a: Incineroar|Incineroar, L50, M|100/100\n|-status|p2a: Incineroar|psn\n|-ability|p2a: Incineroar|Intimidate|boost\n|-unboost|p1a: mr awsome|atk|1\n|-unboost|p1b: blibob|atk|1\n|move|p1a: mr awsome|Fake Out|p2b: Lucario\n|-resisted|p2b: Lucario|1\n|-damage|p2b: Lucario|93/100\n|cant|p2b: Lucario|flinch\n|move|p1b: blibob|Dual Wingbeat|p2a: Incineroar\n|-damage|p2a: Incineroar|96/100 psn\n|-damage|p2a: Incineroar|92/100 psn\n|-hitcount|p2a: Incineroar|2\n|\n|-damage|p2a: Incineroar|80/100 psn|[from] psn\n|-damage|p1b: blibob|66/100 brn|[from] brn\n|upkeep\n|turn|8\n|inactive|LeviDelta2024 has 30 seconds left.\n|\n|t:|1776455507\n|switch|p1b: glank|Rotom-Wash, L50|100/100\n|move|p2a: Incineroar|Parting Shot|p1a: mr awsome\n|-unboost|p1a: mr awsome|atk|1\n|-unboost|p1a: mr awsome|spa|1\n|\n|t:|1776455512\n|switch|p2a: Mimikyu|Mimikyu-Busted, L50, M|64/100 psn|[from] Parting Shot\n|move|p2b: Lucario|Close Combat|p1a: mr awsome\n|-supereffective|p1a: mr awsome|1\n|-damage|p1a: mr awsome|0 fnt\n|-unboost|p2b: Lucario|def|1\n|-unboost|p2b: Lucario|spd|1\n|faint|p1a: mr awsome\n|\n|-damage|p2a: Mimikyu|51/100 psn|[from] psn\n|upkeep\n|\n|t:|1776455524\n|switch|p1a: glappy|Glimmora-Mega, L50, M|39/100\n|turn|9\n|\n|t:|1776455534\n|move|p1a: glappy|Spiky Shield|p1a: glappy\n|-singleturn|p1a: glappy|move: Protect\n|move|p2b: Lucario|Close Combat|p1b: glank\n|-damage|p1b: glank|0 fnt\n|-unboost|p2b: Lucario|def|1\n|-unboost|p2b: Lucario|spd|1\n|faint|p1b: glank\n|move|p2a: Mimikyu|Shadow Claw|p1a: glappy\n|-activate|p1a: glappy|move: Protect\n|-damage|p2a: Mimikyu|39/100 psn|[from] Spiky Shield|[of] p1a: glappy\n|\n|-damage|p2a: Mimikyu|27/100 psn|[from] psn\n|-sideend|p1: reedsandseeds|move: Tailwind\n|upkeep\n|\n|t:|1776455547\n|switch|p1b: blibob|Aerodactyl, L50, F|66/100 brn\n|-ability|p1b: blibob|Unnerve\n|turn|10\n|\n|t:|1776455563\n|move|p1b: blibob|Protect|p1b: blibob\n|-singleturn|p1b: blibob|Protect\n|move|p2b: Lucario|Ice Punch|p1b: blibob\n|-activate|p1b: blibob|move: Protect\n|move|p1a: glappy|Earth Power|p2b: Lucario\n|-supereffective|p2b: Lucario|1\n|-damage|p2b: Lucario|0 fnt\n|faint|p2b: Lucario\n|move|p2a: Mimikyu|Shadow Claw|p1a: glappy\n|-damage|p1a: glappy|15/100\n|\n|-damage|p2a: Mimikyu|14/100 psn|[from] psn\n|-damage|p1b: blibob|60/100 brn|[from] brn\n|-fieldend|move: Trick Room\n|upkeep\n|\n|t:|1776455579\n|switch|p2b: Incineroar|Incineroar, L50, M|80/100 psn\n|-ability|p2b: Incineroar|Intimidate|boost\n|-unboost|p1a: glappy|atk|1\n|-unboost|p1b: blibob|atk|1\n|turn|11\n|\n|t:|1776455592\n|move|p1b: blibob|Protect||[still]\n|-fail|p1b: blibob\n|move|p1a: glappy|Spiky Shield|p1a: glappy\n|-singleturn|p1a: glappy|move: Protect\n|move|p2b: Incineroar|Fake Out|p1b: blibob\n|-resisted|p1b: blibob|1\n|-damage|p1b: blibob|51/100 brn\n|move|p2a: Mimikyu|Trick Room|p2a: Mimikyu\n|-fieldstart|move: Trick Room|[of] p2a: Mimikyu\n|\n|-damage|p2b: Incineroar|68/100 psn|[from] psn\n|-damage|p2a: Mimikyu|2/100 psn|[from] psn\n|-damage|p1b: blibob|46/100 brn|[from] brn\n|upkeep\n|turn|12\n|inactive|reedsandseeds has 30 seconds left.\n|-activate|p2a: Mimikyu|item: Quick Claw\n|\n|t:|1776455618\n|move|p2a: Mimikyu|Shadow Claw|p1a: glappy\n|-damage|p1a: glappy|0 fnt\n|faint|p1a: glappy\n|move|p2b: Incineroar|Darkest Lariat|p1b: blibob\n|-damage|p1b: blibob|0 fnt\n|faint|p1b: blibob\n|\n|win|LeviDelta2024\n|raw|reedsandseeds's rating: 1055 &rarr; <strong>1038</strong><br />(-17 for losing)\n|raw|LeviDelta2024's rating: 1086 &rarr; <strong>1111</strong><br />(+25 for winning)\n",
  "uploadtime": 1776455631,
  "views": 31,
  "formatid": "gen9championsvgc2026regma",
  "rating": 1038,
  "private": 0,
  "password": null
}