{
  "id": "gen9championsvgc2026regma-2582151853",
  "format": "[Gen 9 Champions] VGC 2026 Reg M-A",
  "players": [
    "cohpeter",
    "benniovyalt"
  ],
  "log": "|j|\u2606cohpeter\n|j|\u203dbenniovyalt\n|t:|1776064669\n|gametype|doubles\n|player|p1|cohpeter|170|1000\n|player|p2|benniovyalt|bellepa|1047\n|gen|9\n|tier|[Gen 9 Champions] VGC 2026 Reg M-A\n|rated|\n|rule|Species Clause: Limit one of each Pok\u00e9mon\n|rule|Item Clause: Limit 1 of each item\n|clearpoke\n|poke|p1|Froslass, L50, F|\n|poke|p1|Kingambit, L50, F|\n|poke|p1|Arcanine-Hisui, L50, M|\n|poke|p1|Sinistcha, L50|\n|poke|p1|Corviknight, L50, F|\n|poke|p1|Basculegion, L50, M|\n|poke|p2|Floette-Eternal, L50, F|\n|poke|p2|Orthworm, L50, M|\n|poke|p2|Garchomp, L50, F|\n|poke|p2|Talonflame, L50, M|\n|poke|p2|Sneasler, L50, M|\n|poke|p2|Maushold, L50|\n|teampreview|4\n|\n|t:|1776064715\n|teamsize|p1|4\n|teamsize|p2|4\n|start\n|switch|p1a: TangoMango|Arcanine-Hisui, L50, M|100/100\n|switch|p1b: Megatron|Corviknight, L50, F|100/100\n|switch|p2a: Orthworm|Orthworm, L50, M|100/100\n|switch|p2b: Sneasler|Sneasler, L50, M|100/100\n|turn|1\n|\n|t:|1776064731\n|move|p1a: TangoMango|Protect|p1a: TangoMango\n|-singleturn|p1a: TangoMango|Protect\n|move|p2b: Sneasler|Fake Out|p1b: Megatron\n|-resisted|p1b: Megatron|1\n|-damage|p1b: Megatron|94/100\n|cant|p1b: Megatron|flinch\n|move|p2a: Orthworm|Shed Tail|p2a: Orthworm\n|-start|p2a: Orthworm|Substitute|[from] move: Shed Tail\n|-damage|p2a: Orthworm|50/100\n|-enditem|p2a: Orthworm|Sitrus Berry|[eat]\n|-heal|p2a: Orthworm|75/100|[from] item: Sitrus Berry\n|\n|t:|1776064741\n|switch|p2a: Garchomp|Garchomp, L50, F|100/100|[from] Shed Tail\n|\n|-heal|p1b: Megatron|99/100|[from] item: Leftovers\n|upkeep\n|turn|2\n|\n|t:|1776064761\n|switch|p2b: Orthworm|Orthworm, L50, M|75/100\n|move|p2a: Garchomp|Earthquake|p1a: TangoMango|[spread] p1a\n|-heal|p2b: Orthworm|99/100|[from] ability: Earth Eater|[of] p2a: Garchomp\n|-immune|p1b: Megatron\n|-supereffective|p1a: TangoMango|2\n|-enditem|p1a: TangoMango|Focus Sash\n|-damage|p1a: TangoMango|1/100\n|move|p1a: TangoMango|Head Smash|p2a: Garchomp\n|-resisted|p2a: Garchomp|1\n|-end|p2a: Garchomp|Substitute\n|move|p1b: Megatron|Brave Bird|p2b: Orthworm\n|-resisted|p2b: Orthworm|1\n|-damage|p2b: Orthworm|90/100\n|-damage|p1b: Megatron|97/100|[from] Recoil\n|\n|-heal|p1b: Megatron|100/100|[from] item: Leftovers\n|upkeep\n|turn|3\n|\n|t:|1776064787\n|move|p2a: Garchomp|Earthquake|p1b: Megatron|[spread] p1a\n|-heal|p2b: Orthworm|100/100|[from] ability: Earth Eater|[of] p2a: Garchomp\n|-immune|p1b: Megatron\n|-supereffective|p1a: TangoMango|2\n|-damage|p1a: TangoMango|0 fnt\n|faint|p1a: TangoMango\n|move|p1b: Megatron|Iron Defense|p1b: Megatron\n|-boost|p1b: Megatron|def|2\n|move|p2b: Orthworm|Shed Tail|p2b: Orthworm\n|-start|p2b: Orthworm|Substitute|[from] move: Shed Tail\n|-damage|p2b: Orthworm|50/100\n|\n|t:|1776064795\n|switch|p2b: Floette|Floette-Eternal, L50, F|100/100|[from] Shed Tail\n|\n|upkeep\n|\n|t:|1776064801\n|switch|p1a: ScaryMary|Froslass, L50, F|100/100\n|turn|4\n|\n|t:|1776064829\n|detailschange|p1a: ScaryMary|Froslass-Mega, L50, F\n|-mega|p1a: ScaryMary|Froslass|Froslassite\n|-weather|Snowscape|[from] ability: Snow Warning|[of] p1a: ScaryMary\n|detailschange|p2b: Floette|Floette-Mega, L50, F\n|-mega|p2b: Floette|Floette|Floettite\n|-ability|p2b: Floette|Fairy Aura\n|move|p2a: Garchomp|Protect|p2a: Garchomp\n|-singleturn|p2a: Garchomp|Protect\n|move|p1a: ScaryMary|Blizzard|p2b: Floette|[spread] p2b\n|-activate|p2a: Garchomp|move: Protect\n|-end|p2b: Floette|Substitute\n|move|p2b: Floette|Calm Mind|p2b: Floette\n|-boost|p2b: Floette|spa|1\n|-boost|p2b: Floette|spd|1\n|move|p1b: Megatron|Iron Defense|p1b: Megatron\n|-boost|p1b: Megatron|def|2\n|\n|-weather|Snowscape|[upkeep]\n|upkeep\n|turn|5\n|\n|t:|1776064850\n|switch|p2a: Orthworm|Orthworm, L50, M|50/100\n|move|p1a: ScaryMary|Blizzard|p2a: Orthworm|[spread] p2a,p2b\n|-resisted|p2a: Orthworm|1\n|-damage|p2a: Orthworm|19/100\n|-damage|p2b: Floette|72/100\n|move|p2b: Floette|Moonblast|p1a: ScaryMary\n|-damage|p1a: ScaryMary|0 fnt\n|faint|p1a: ScaryMary\n|move|p1b: Megatron|Body Press|p2b: Floette\n|-resisted|p2b: Floette|1\n|-damage|p2b: Floette|31/100\n|\n|-weather|Snowscape|[upkeep]\n|upkeep\n|\n|t:|1776064862\n|switch|p1a: MrPickles|Basculegion, L50, M|100/100\n|turn|6\n|\n|t:|1776064878\n|switch|p2a: Sneasler|Sneasler, L50, M|100/100\n|move|p2b: Floette|Protect|p2b: Floette\n|-singleturn|p2b: Floette|Protect\n|move|p1a: MrPickles|Wave Crash|p2b: Floette\n|-activate|p2b: Floette|move: Protect\n|move|p1b: Megatron|Body Press|p2a: Sneasler\n|-resisted|p2a: Sneasler|1\n|-damage|p2a: Sneasler|48/100\n|\n|-weather|Snowscape|[upkeep]\n|upkeep\n|turn|7\n|\n|t:|1776064898\n|switch|p2b: Garchomp|Garchomp, L50, F|100/100\n|move|p1a: MrPickles|Wave Crash|p2b: Garchomp\n|-crit|p2b: Garchomp\n|-damage|p2b: Garchomp|0 fnt\n|-damage|p1a: MrPickles|88/100|[from] ability: Rough Skin|[of] p2b: Garchomp\n|faint|p2b: Garchomp\n|-damage|p1a: MrPickles|58/100|[from] Recoil\n|move|p2a: Sneasler|Dire Claw|p1a: MrPickles\n|-resisted|p1a: MrPickles|1\n|-damage|p1a: MrPickles|27/100\n|move|p1b: Megatron|Body Press|p2a: Sneasler\n|-resisted|p2a: Sneasler|1\n|-damage|p2a: Sneasler|0 fnt\n|faint|p2a: Sneasler\n|\n|-weather|Snowscape|[upkeep]\n|upkeep\n|\n|t:|1776064912\n|switch|p2a: Floette|Floette-Mega, L50, F|31/100\n|switch|p2b: Orthworm|Orthworm, L50, M|19/100\n|-ability|p2a: Floette|Fairy Aura\n|turn|8\n|-message|benniovyalt forfeited.\n|\n|win|cohpeter\n|raw|cohpeter's rating: 1000 &rarr; <strong>1045</strong><br />(+45 for winning)\n|raw|benniovyalt's rating: 1047 &rarr; <strong>1028</strong><br />(-19 for losing)\n|l|\u203dbenniovyalt\n|player|p2|\n",
  "uploadtime": 1776064934,
  "views": 13,
  "formatid": "gen9championsvgc2026regma",
  "rating": 1028,
  "private": 0,
  "password": null
}