{
  "id": "gen9championsvgc2026regma-2584459986",
  "format": "[Gen 9 Champions] VGC 2026 Reg M-A",
  "players": [
    "darkmaikshark",
    "crazyshit14"
  ],
  "log": "|j|\u2606darkmaikshark\n|j|\u2606crazyshit14\n|t:|1776262366\n|gametype|doubles\n|player|p1|darkmaikshark|hugh|1108\n|player|p2|crazyshit14|1|1178\n|gen|9\n|tier|[Gen 9 Champions] VGC 2026 Reg M-A\n|rated|\n|rule|Species Clause: Limit one of each Pok\u00e9mon\n|rule|Item Clause: Limit 1 of each item\n|clearpoke\n|poke|p1|Drampa, L50, F|\n|poke|p1|Kingambit, L50, F|\n|poke|p1|Farigiraf, L50, F|\n|poke|p1|Sinistcha, L50|\n|poke|p1|Torkoal, L50, M|\n|poke|p1|Sableye, L50, M|\n|poke|p2|Alakazam, L50, F|\n|poke|p2|Mimikyu, L50, F|\n|poke|p2|Snorlax, L50, M|\n|poke|p2|Talonflame, L50, M|\n|poke|p2|Kingambit, L50, M|\n|poke|p2|Scizor, L50, M|\n|teampreview|4\n|inactive|Battle timer is ON: inactive players will automatically lose when time's up. (requested by darkmaikshark)\n|\n|t:|1776262394\n|teamsize|p1|4\n|teamsize|p2|4\n|start\n|switch|p1a: Farigiraf|Farigiraf, L50, F|100/100\n|switch|p1b: Kingambit|Kingambit, L50, F|100/100\n|switch|p2a: Kingambit|Kingambit, L50, M|100/100\n|switch|p2b: Snorlax|Snorlax, L50, M|100/100\n|turn|1\n|\n|t:|1776262405\n|move|p1b: Kingambit|Protect|p1b: Kingambit\n|-singleturn|p1b: Kingambit|Protect\n|move|p2a: Kingambit|Kowtow Cleave|p1a: Farigiraf\n|-supereffective|p1a: Farigiraf|1\n|-damage|p1a: Farigiraf|0 fnt\n|faint|p1a: Farigiraf\n|move|p2b: Snorlax|Belly Drum|p2b: Snorlax\n|-damage|p2b: Snorlax|50/100\n|-setboost|p2b: Snorlax|atk|6|[from] move: Belly Drum\n|-enditem|p2b: Snorlax|Sitrus Berry|[eat]\n|-heal|p2b: Snorlax|75/100|[from] item: Sitrus Berry\n|\n|upkeep\n|\n|t:|1776262414\n|switch|p1a: Sableye|Sableye, L50, M|100/100\n|turn|2\n|\n|t:|1776262426\n|move|p2b: Snorlax|Protect|p2b: Snorlax\n|-singleturn|p2b: Snorlax|Protect\n|move|p1a: Sableye|Will-O-Wisp|p2a: Kingambit\n|-hint|Since gen 7, Dark is immune to Prankster moves.\n|-immune|p2a: Kingambit\n|move|p1b: Kingambit|Sucker Punch||[still]\n|-fail|p1b: Kingambit\n|move|p2a: Kingambit|Kowtow Cleave|p1a: Sableye\n|-damage|p1a: Sableye|45/100\n|-enditem|p1a: Sableye|Sitrus Berry|[eat]\n|-heal|p1a: Sableye|70/100|[from] item: Sitrus Berry\n|\n|upkeep\n|turn|3\n|\n|t:|1776262443\n|switch|p2a: Talonflame|Talonflame, L50, M|100/100\n|move|p1a: Sableye|Reflect|p1a: Sableye\n|-sidestart|p1: darkmaikshark|Reflect\n|move|p1b: Kingambit|Kowtow Cleave|p2b: Snorlax\n|-damage|p2b: Snorlax|41/100\n|move|p2b: Snorlax|Earthquake|p1b: Kingambit|[spread] p1a,p1b\n|-immune|p2a: Talonflame\n|-supereffective|p1b: Kingambit|1\n|-damage|p1a: Sableye|6/100\n|-damage|p1b: Kingambit|28/100\n|\n|upkeep\n|turn|4\n|\n|t:|1776262460\n|move|p2b: Snorlax|Protect|p2b: Snorlax\n|-singleturn|p2b: Snorlax|Protect\n|move|p2a: Talonflame|Brave Bird|p1a: Sableye\n|-damage|p1a: Sableye|0 fnt\n|faint|p1a: Sableye\n|-damage|p2a: Talonflame|99/100|[from] Recoil\n|move|p1b: Kingambit|Sucker Punch||[still]\n|-fail|p1b: Kingambit\n|\n|upkeep\n|\n|t:|1776262469\n|switch|p1a: Drampa|Drampa, L50, F|100/100\n|turn|5\n|\n|t:|1776262479\n|detailschange|p1a: Drampa|Drampa-Mega, L50, F\n|-mega|p1a: Drampa|Drampa|Drampanite\n|move|p1b: Kingambit|Sucker Punch||[still]\n|-fail|p1b: Kingambit\n|move|p2a: Talonflame|Tailwind|p2a: Talonflame\n|-sidestart|p2: crazyshit14|move: Tailwind\n|move|p2b: Snorlax|Earthquake|p1a: Drampa|[spread] p1a,p1b\n|-immune|p2a: Talonflame\n|-crit|p1a: Drampa\n|-supereffective|p1b: Kingambit|1\n|-damage|p1a: Drampa|0 fnt\n|-damage|p1b: Kingambit|0 fnt\n|faint|p1a: Drampa\n|faint|p1b: Kingambit\n|\n|win|crazyshit14\n|raw|darkmaikshark's rating: 1108 &rarr; <strong>1088</strong><br />(-20 for losing)\n|raw|crazyshit14's rating: 1178 &rarr; <strong>1198</strong><br />(+20 for winning)\n|l|\u2606darkmaikshark\n|player|p1|\n",
  "uploadtime": 1776262491,
  "views": 29,
  "formatid": "gen9championsvgc2026regma",
  "rating": 1088,
  "private": 0,
  "password": null
}