{
  "id": "gen9championsvgc2026regma-2581215180",
  "format": "[Gen 9 Champions] VGC 2026 Reg M-A",
  "players": [
    "Fernan_657",
    "Snippyro"
  ],
  "log": "|j|\u2606Fernan_657\n|j|\u2606Snippyro\n|t:|1775971771\n|gametype|doubles\n|player|p1|Fernan_657|blue|1035\n|player|p2|Snippyro|red-gen7|1000\n|gen|9\n|tier|[Gen 9 Champions] VGC 2026 Reg M-A\n|rated|\n|rule|Species Clause: Limit one of each Pok\u00e9mon\n|rule|Item Clause: Limit 1 of each item\n|clearpoke\n|poke|p1|Drampa, L50, F|\n|poke|p1|Farigiraf, L50, M|\n|poke|p1|Incineroar, L50, M|\n|poke|p1|Milotic, L50, M|\n|poke|p1|Ninetales-Alola, L50, M|\n|poke|p1|Sinistcha, L50|\n|poke|p2|Milotic, L50, F|\n|poke|p2|Kingambit, L50, F|\n|poke|p2|Charizard, L50, F|\n|poke|p2|Gengar, L50, F|\n|poke|p2|Garchomp, L50, F|\n|poke|p2|Venusaur, L50, F|\n|teampreview|4\n|inactive|Battle timer is ON: inactive players will automatically lose when time's up. (requested by Snippyro)\n|c|\u2606Snippyro|gl hf\n|\n|t:|1775971806\n|teamsize|p1|4\n|teamsize|p2|4\n|start\n|switch|p1a: Ninetales|Ninetales-Alola, L50, M|100/100\n|switch|p1b: Incineroar|Incineroar, L50, M|100/100\n|switch|p2a: Maulkin|Milotic, L50, F, shiny|100/100\n|switch|p2b: Gringar|Gengar, L50, F, shiny|100/100\n|-weather|Snowscape|[from] ability: Snow Warning|[of] p1a: Ninetales\n|-ability|p1b: Incineroar|Intimidate|boost\n|-unboost|p2a: Maulkin|atk|1\n|-ability|p2a: Maulkin|Competitive|boost\n|-boost|p2a: Maulkin|spa|2\n|-unboost|p2b: Gringar|atk|1\n|turn|1\n|\n|t:|1775971821\n|move|p2a: Maulkin|Protect|p2a: Maulkin\n|-singleturn|p2a: Maulkin|Protect\n|move|p2b: Gringar|Sludge Bomb|p1a: Ninetales\n|-supereffective|p1a: Ninetales|1\n|-damage|p1a: Ninetales|9/100\n|move|p1a: Ninetales|Aurora Veil|p1a: Ninetales\n|-sidestart|p1: Fernan_657|move: Aurora Veil\n|move|p1b: Incineroar|Darkest Lariat|p2b: Gringar\n|-supereffective|p2b: Gringar|1\n|-damage|p2b: Gringar|0 fnt\n|faint|p2b: Gringar\n|\n|-weather|Snowscape|[upkeep]\n|upkeep\n|\n|t:|1775971844\n|switch|p2b: BurntDragonite|Charizard, L50, F, shiny|100/100\n|turn|2\n|\n|t:|1775971858\n|switch|p1a: Farigiraf|Farigiraf, L50, M|100/100\n|detailschange|p2b: BurntDragonite|Charizard-Mega-Y, L50, F, shiny\n|-mega|p2b: BurntDragonite|Charizard|Charizardite Y\n|-weather|SunnyDay|[from] ability: Drought|[of] p2b: BurntDragonite\n|move|p2b: BurntDragonite|Protect|p2b: BurntDragonite\n|-singleturn|p2b: BurntDragonite|Protect\n|move|p2a: Maulkin|Scald|p1b: Incineroar\n|-supereffective|p1b: Incineroar|1\n|-damage|p1b: Incineroar|60/100\n|move|p1b: Incineroar|Darkest Lariat|p2b: BurntDragonite\n|-activate|p2b: BurntDragonite|move: Protect\n|\n|-weather|SunnyDay|[upkeep]\n|upkeep\n|turn|3\n|\n|t:|1775971878\n|move|p2b: BurntDragonite|Heat Wave|p1b: Incineroar|[spread] p1a,p1b\n|-resisted|p1b: Incineroar|1\n|-damage|p1a: Farigiraf|68/100\n|-damage|p1b: Incineroar|45/100\n|move|p2a: Maulkin|Scald|p1b: Incineroar\n|-supereffective|p1b: Incineroar|1\n|-damage|p1b: Incineroar|6/100\n|move|p1b: Incineroar|Darkest Lariat|p2b: BurntDragonite\n|-damage|p2b: BurntDragonite|45/100\n|move|p1a: Farigiraf|Trick Room|p1a: Farigiraf\n|-fieldstart|move: Trick Room|[of] p1a: Farigiraf\n|\n|-weather|SunnyDay|[upkeep]\n|upkeep\n|turn|4\n|inactive|Snippyro has 30 seconds left.\n|\n|t:|1775971904\n|move|p1a: Farigiraf|Helping Hand|p1b: Incineroar\n|-singleturn|p1b: Incineroar|Helping Hand|[of] p1a: Farigiraf\n|move|p2b: BurntDragonite|Protect|p2b: BurntDragonite\n|-singleturn|p2b: BurntDragonite|Protect\n|move|p1b: Incineroar|Darkest Lariat|p2a: Maulkin\n|-damage|p2a: Maulkin|32/100\n|move|p2a: Maulkin|Life Dew|p2a: Maulkin|[spread] p2a,p2b\n|-heal|p2a: Maulkin|57/100\n|-heal|p2b: BurntDragonite|70/100\n|\n|-weather|SunnyDay|[upkeep]\n|-heal|p2a: Maulkin|63/100|[from] item: Leftovers\n|upkeep\n|turn|5\n|\n|t:|1775971924\n|move|p1a: Farigiraf|Helping Hand|p1b: Incineroar\n|-singleturn|p1b: Incineroar|Helping Hand|[of] p1a: Farigiraf\n|move|p2a: Maulkin|Protect|p2a: Maulkin\n|-singleturn|p2a: Maulkin|Protect\n|move|p1b: Incineroar|Darkest Lariat|p2b: BurntDragonite\n|-damage|p2b: BurntDragonite|0 fnt\n|faint|p2b: BurntDragonite\n|\n|-weather|SunnyDay|[upkeep]\n|-heal|p2a: Maulkin|69/100|[from] item: Leftovers\n|-sideend|p1: Fernan_657|move: Aurora Veil\n|upkeep\n|\n|t:|1775971932\n|switch|p2b: Shogun|Kingambit, L50, F, shiny|100/100\n|turn|6\n|\n|t:|1775971950\n|move|p1a: Farigiraf|Helping Hand|p1b: Incineroar\n|-singleturn|p1b: Incineroar|Helping Hand|[of] p1a: Farigiraf\n|move|p2a: Maulkin|Protect||[still]\n|-fail|p2a: Maulkin\n|move|p2b: Shogun|Iron Head|p1b: Incineroar\n|-resisted|p1b: Incineroar|1\n|-damage|p1b: Incineroar|0 fnt\n|faint|p1b: Incineroar\n|\n|-weather|none\n|-heal|p2a: Maulkin|75/100|[from] item: Leftovers\n|upkeep\n|\n|t:|1775971957\n|switch|p1b: Ninetales|Ninetales-Alola, L50, M|9/100\n|-weather|Snowscape|[from] ability: Snow Warning|[of] p1b: Ninetales\n|turn|7\n|\n|t:|1775971965\n|move|p2b: Shogun|Assurance|p1a: Farigiraf\n|-supereffective|p1a: Farigiraf|1\n|-damage|p1a: Farigiraf|8/100\n|-enditem|p1a: Farigiraf|Sitrus Berry|[eat]\n|-heal|p1a: Farigiraf|32/100|[from] item: Sitrus Berry\n|move|p1a: Farigiraf|Psychic|p2a: Maulkin\n|-damage|p2a: Maulkin|50/100\n|move|p2a: Maulkin|Scald|p1b: Ninetales\n|-damage|p1b: Ninetales|0 fnt\n|faint|p1b: Ninetales\n|\n|-weather|Snowscape|[upkeep]\n|-heal|p2a: Maulkin|56/100|[from] item: Leftovers\n|-fieldend|move: Trick Room\n|upkeep\n|\n|t:|1775971974\n|switch|p1b: Drampa|Drampa, L50, F|100/100\n|turn|8\n|\n|t:|1775971989\n|detailschange|p1b: Drampa|Drampa-Mega, L50, F\n|-mega|p1b: Drampa|Drampa|Drampanite\n|move|p1a: Farigiraf|Helping Hand|p1b: Drampa\n|-singleturn|p1b: Drampa|Helping Hand|[of] p1a: Farigiraf\n|move|p2a: Maulkin|Icy Wind|p1a: Farigiraf|[spread] p1a,p1b\n|-supereffective|p1b: Drampa|1\n|-damage|p1a: Farigiraf|12/100\n|-damage|p1b: Drampa|52/100\n|-unboost|p1a: Farigiraf|spe|1\n|-unboost|p1b: Drampa|spe|1\n|move|p2b: Shogun|Assurance|p1a: Farigiraf\n|-supereffective|p1a: Farigiraf|1\n|-damage|p1a: Farigiraf|0 fnt\n|faint|p1a: Farigiraf\n|move|p1b: Drampa|Earth Power|p2b: Shogun\n|-supereffective|p2b: Shogun|1\n|-enditem|p2b: Shogun|Focus Sash\n|-damage|p2b: Shogun|1/100\n|\n|-weather|Snowscape|[upkeep]\n|-heal|p2a: Maulkin|62/100|[from] item: Leftovers\n|upkeep\n|turn|9\n|\n|t:|1775972009\n|move|p2b: Shogun|Sucker Punch|p1b: Drampa\n|-damage|p1b: Drampa|15/100\n|-ability|p1b: Drampa|Berserk|boost\n|-boost|p1b: Drampa|spa|1\n|move|p2a: Maulkin|Icy Wind|p1b: Drampa\n|-supereffective|p1b: Drampa|1\n|-damage|p1b: Drampa|0 fnt\n|faint|p1b: Drampa\n|\n|win|Snippyro\n|raw|Fernan_657's rating: 1035 &rarr; <strong>1018</strong><br />(-17 for losing)\n|raw|Snippyro's rating: 1000 &rarr; <strong>1044</strong><br />(+44 for winning)\n|l|\u2606Fernan_657\n|player|p1|\n|c|\u2606Snippyro|gg\n",
  "uploadtime": 1775972034,
  "views": 12,
  "formatid": "gen9championsvgc2026regma",
  "rating": 1018,
  "private": 0,
  "password": null
}