{
  "id": "gen9championsvgc2026regma-2584555440",
  "format": "[Gen 9 Champions] VGC 2026 Reg M-A",
  "players": [
    "marvinlex",
    "lirtyz0977"
  ],
  "log": "|j|\u2606marvinlex\n|j|\u2606lirtyz0977\n|t:|1776268476\n|gametype|doubles\n|player|p1|marvinlex|steven|1081\n|player|p2|lirtyz0977|giovanni|1032\n|gen|9\n|tier|[Gen 9 Champions] VGC 2026 Reg M-A\n|rated|\n|rule|Species Clause: Limit one of each Pok\u00e9mon\n|rule|Item Clause: Limit 1 of each item\n|clearpoke\n|poke|p1|Gardevoir, L50, M|\n|poke|p1|Farigiraf, L50, F|\n|poke|p1|Garchomp, L50, F|\n|poke|p1|Whimsicott, L50, M|\n|poke|p1|Kingambit, L50, M|\n|poke|p1|Arcanine-Hisui, L50, M|\n|poke|p2|Kingambit, L50, M|\n|poke|p2|Dragonite, L50, F|\n|poke|p2|Ceruledge, L50, F|\n|poke|p2|Kleavor, L50, F|\n|poke|p2|Sinistcha, L50|\n|poke|p2|Floette-Eternal, L50, F|\n|teampreview|4\n|inactive|Battle timer is ON: inactive players will automatically lose when time's up. (requested by lirtyz0977)\n|inactive|marvinlex has 60 seconds left.\n|\n|t:|1776268517\n|teamsize|p1|4\n|teamsize|p2|4\n|start\n|switch|p1a: Whimsicott|Whimsicott, L50, M|100/100\n|switch|p1b: Arcanine|Arcanine-Hisui, L50, M|100/100\n|switch|p2a: Dragonite|Dragonite, L50, F|100/100\n|switch|p2b: Kleavor|Kleavor, L50, F|100/100\n|turn|1\n|\n|t:|1776268541\n|detailschange|p2a: Dragonite|Dragonite-Mega, L50, F\n|-mega|p2a: Dragonite|Dragonite|Dragoninite\n|move|p1a: Whimsicott|Tailwind|p1a: Whimsicott\n|-sidestart|p1: marvinlex|move: Tailwind\n|move|p1b: Arcanine|Rock Slide|p2b: Kleavor|[spread] p2a,p2b\n|-supereffective|p2a: Dragonite|1\n|-supereffective|p2b: Kleavor|1\n|-damage|p2a: Dragonite|75/100\n|-damage|p2b: Kleavor|26/100\n|move|p2b: Kleavor|X-Scissor|p1a: Whimsicott\n|-damage|p1a: Whimsicott|9/100\n|move|p2a: Dragonite|Earthquake|p1b: Arcanine|[spread] p2b,p1a,p1b\n|-resisted|p1a: Whimsicott|1\n|-supereffective|p1b: Arcanine|2\n|-damage|p2b: Kleavor|0 fnt\n|-damage|p1a: Whimsicott|0 fnt\n|-damage|p1b: Arcanine|0 fnt\n|faint|p2b: Kleavor\n|faint|p1a: Whimsicott\n|faint|p1b: Arcanine\n|\n|upkeep\n|\n|t:|1776268559\n|switch|p1a: Gardevoir|Gardevoir, L50, M|100/100\n|switch|p1b: Farigiraf|Farigiraf, L50, F|100/100\n|switch|p2b: Ceruledge|Ceruledge, L50, F|100/100\n|turn|2\n|\n|t:|1776268570\n|move|p1a: Gardevoir|Protect|p1a: Gardevoir\n|-singleturn|p1a: Gardevoir|Protect\n|move|p2a: Dragonite|Dragon Dance|p2a: Dragonite\n|-boost|p2a: Dragonite|atk|1\n|-boost|p2a: Dragonite|spe|1\n|move|p2b: Ceruledge|Poltergeist|p1a: Gardevoir\n|-activate|p1a: Gardevoir|move: Protect\n|move|p1b: Farigiraf|Trick Room|p1b: Farigiraf\n|-fieldstart|move: Trick Room|[of] p1b: Farigiraf\n|\n|upkeep\n|turn|3\n|\n|t:|1776268589\n|detailschange|p1a: Gardevoir|Gardevoir-Mega, L50, M\n|-mega|p1a: Gardevoir|Gardevoir|Gardevoirite\n|move|p2a: Dragonite|Extreme Speed||[still]\n|cant|p1b: Farigiraf|ability: Armor Tail|Extreme Speed|[of] p2a: Dragonite\n|move|p1b: Farigiraf|Shadow Ball|p2b: Ceruledge\n|-supereffective|p2b: Ceruledge|1\n|-damage|p2b: Ceruledge|47/100\n|move|p2b: Ceruledge|Poltergeist|p1a: Gardevoir\n|-activate|p1a: Gardevoir|move: Poltergeist|Gardevoirite\n|-supereffective|p1a: Gardevoir|1\n|-damage|p1a: Gardevoir|0 fnt\n|faint|p1a: Gardevoir\n|\n|upkeep\n|turn|4\n|inactive|marvinlex has 30 seconds left.\n|inactive|marvinlex has 20 seconds left.\n|inactive|marvinlex has 15 seconds left.\n|\n|t:|1776268630\n|move|p1b: Farigiraf|Shadow Ball|p2b: Ceruledge\n|-supereffective|p2b: Ceruledge|1\n|-damage|p2b: Ceruledge|0 fnt\n|faint|p2b: Ceruledge\n|move|p2a: Dragonite|Dragon Claw|p1b: Farigiraf\n|-damage|p1b: Farigiraf|52/100\n|\n|-sideend|p1: marvinlex|move: Tailwind\n|upkeep\n|\n|t:|1776268634\n|switch|p2b: Kingambit|Kingambit, L50, M|100/100\n|-activate|p2b: Kingambit|ability: Supreme Overlord\n|-start|p2b: Kingambit|fallen2|[silent]\n|turn|5\n|\n|t:|1776268649\n|move|p2b: Kingambit|Sucker Punch||[still]\n|cant|p1b: Farigiraf|ability: Armor Tail|Sucker Punch|[of] p2b: Kingambit\n|move|p1b: Farigiraf|Shadow Ball|p2a: Dragonite\n|-damage|p2a: Dragonite|55/100\n|move|p2a: Dragonite|Dragon Claw|p1b: Farigiraf\n|-damage|p1b: Farigiraf|4/100\n|\n|upkeep\n|turn|6\n|\n|t:|1776268659\n|move|p2b: Kingambit|Iron Head|p1b: Farigiraf\n|-damage|p1b: Farigiraf|0 fnt\n|faint|p1b: Farigiraf\n|\n|win|lirtyz0977\n|raw|marvinlex's rating: 1081 &rarr; <strong>1056</strong><br />(-25 for losing)\n|raw|lirtyz0977's rating: 1032 &rarr; <strong>1072</strong><br />(+40 for winning)\n|l|\u2606marvinlex\n|player|p1|\n",
  "uploadtime": 1776268663,
  "views": 18,
  "formatid": "gen9championsvgc2026regma",
  "rating": 1056,
  "private": 0,
  "password": null
}