{
  "id": "gen9championsvgc2026regma-2585368753",
  "format": "[Gen 9 Champions] VGC 2026 Reg M-A",
  "players": [
    "fggdfgdg",
    "notthea"
  ],
  "log": "|j|\u2606fggdfgdg\n|j|\u2606notthea\n|t:|1776341962\n|gametype|doubles\n|player|p1|fggdfgdg|alder|1000\n|player|p2|notthea|102|1047\n|gen|9\n|tier|[Gen 9 Champions] VGC 2026 Reg M-A\n|rated|\n|rule|Species Clause: Limit one of each Pok\u00e9mon\n|rule|Item Clause: Limit 1 of each item\n|clearpoke\n|poke|p1|Alakazam, L50, M|\n|poke|p1|Meowstic, L50, M|\n|poke|p1|Torkoal, L50, F|\n|poke|p1|Clefable, L50, F|\n|poke|p1|Basculegion-F, L50, F|\n|poke|p1|Rampardos, L50, F|\n|poke|p2|Archaludon, L50, F|\n|poke|p2|Sylveon, L50, M|\n|poke|p2|Aerodactyl, L50, F|\n|poke|p2|Froslass, L50, F|\n|poke|p2|Typhlosion-Hisui, L50, M|\n|poke|p2|Hawlucha, L50, M|\n|teampreview|4\n|\n|t:|1776342039\n|teamsize|p1|4\n|teamsize|p2|4\n|start\n|switch|p1a: Rampardos|Rampardos, L50, F|100/100\n|switch|p1b: Clefable|Clefable, L50, F|100/100\n|switch|p2a: Typhlosion|Typhlosion-Hisui, L50, M|100/100\n|switch|p2b: Archaludon|Archaludon, L50, F|100/100\n|-item|p1a: Rampardos|Hard Stone|[from] ability: Frisk|[of] p2a: Typhlosion\n|-item|p1b: Clefable|Leftovers|[from] ability: Frisk|[of] p2a: Typhlosion\n|turn|1\n|\n|t:|1776342069\n|switch|p1a: Meowstic|Meowstic, L50, M|100/100\n|move|p2a: Typhlosion|Eruption|p1a: Meowstic|[spread] p1a,p1b\n|-damage|p1a: Meowstic|2/100\n|-damage|p1b: Clefable|33/100\n|move|p2b: Archaludon|Flash Cannon|p1a: Meowstic\n|-damage|p1a: Meowstic|0 fnt\n|faint|p1a: Meowstic\n|move|p1b: Clefable|Calm Mind|p1b: Clefable\n|-boost|p1b: Clefable|spa|1\n|-boost|p1b: Clefable|spd|1\n|\n|-heal|p1b: Clefable|39/100|[from] item: Leftovers\n|upkeep\n|\n|t:|1776342085\n|switch|p1a: Alakazam|Alakazam, L50, M|100/100\n|turn|2\n|\n|t:|1776342103\n|switch|p2a: Sylveon|Sylveon, L50, M|100/100\n|detailschange|p1a: Alakazam|Alakazam-Mega, L50, M\n|-mega|p1a: Alakazam|Alakazam|Alakazite\n|-ability|p1a: Alakazam|Stamina|Trace|[from] ability: Trace|[of] p2b: Archaludon\n|move|p1a: Alakazam|Focus Blast|p2b: Archaludon\n|-supereffective|p2b: Archaludon|1\n|-damage|p2b: Archaludon|0 fnt\n|faint|p2b: Archaludon\n|move|p1b: Clefable|Draining Kiss|p2a: Sylveon\n|-damage|p2a: Sylveon|75/100\n|-heal|p1b: Clefable|62/100|[from] drain|[of] p2a: Sylveon\n|\n|-heal|p1b: Clefable|68/100|[from] item: Leftovers\n|upkeep\n|\n|t:|1776342119\n|switch|p2b: Typhlosion|Typhlosion-Hisui, L50, M|100/100\n|-item|p1a: Alakazam|Alakazite|[from] ability: Frisk|[of] p2b: Typhlosion\n|-item|p1b: Clefable|Leftovers|[from] ability: Frisk|[of] p2b: Typhlosion\n|turn|3\n|\n|t:|1776342140\n|switch|p1a: Rampardos|Rampardos, L50, F|100/100\n|move|p2b: Typhlosion|Shadow Ball|p1a: Rampardos\n|-damage|p1a: Rampardos|48/100\n|move|p1b: Clefable|Baton Pass|p1b: Clefable\n|\n|t:|1776342148\n|switch|p1b: Alakazam|Alakazam-Mega, L50, M|100/100|[from] Baton Pass\n|-ability|p1b: Alakazam|Frisk|Trace|[from] ability: Trace|[of] p2b: Typhlosion\n|-item|p2a: Sylveon|Fairy Feather|[from] ability: Frisk|[of] p1b: Alakazam\n|-item|p2b: Typhlosion|Choice Scarf|[from] ability: Frisk|[of] p1b: Alakazam\n|move|p2a: Sylveon|Roar|p1b: Alakazam\n|drag|p1b: Clefable|Clefable, L50, F|68/100\n|\n|-heal|p1b: Clefable|73/100|[from] item: Leftovers\n|upkeep\n|turn|4\n|\n|t:|1776342180\n|switch|p2b: Hawlucha|Hawlucha, L50, M|100/100\n|move|p2a: Sylveon|Hyper Voice|p1b: Clefable|[spread] p1a,p1b\n|-damage|p1a: Rampardos|0 fnt\n|-damage|p1b: Clefable|22/100\n|faint|p1a: Rampardos\n|move|p1b: Clefable|Calm Mind|p1b: Clefable\n|-boost|p1b: Clefable|spa|1\n|-boost|p1b: Clefable|spd|1\n|\n|-heal|p1b: Clefable|28/100|[from] item: Leftovers\n|upkeep\n|\n|t:|1776342190\n|switch|p1a: Alakazam|Alakazam-Mega, L50, M|100/100\n|-ability|p1a: Alakazam|Pixilate|Trace|[from] ability: Trace|[of] p2a: Sylveon\n|turn|5\n|\n|t:|1776342200\n|move|p1a: Alakazam|Expanding Force|p2b: Hawlucha\n|-supereffective|p2b: Hawlucha|1\n|-damage|p2b: Hawlucha|0 fnt\n|faint|p2b: Hawlucha\n|move|p2a: Sylveon|Hyper Voice|p1a: Alakazam|[spread] p1a,p1b\n|-damage|p1a: Alakazam|49/100\n|-damage|p1b: Clefable|0 fnt\n|faint|p1b: Clefable\n|\n|upkeep\n|\n|t:|1776342203\n|switch|p2b: Typhlosion|Typhlosion-Hisui, L50, M|100/100\n|-item|p1a: Alakazam|Alakazite|[from] ability: Frisk|[of] p2b: Typhlosion\n|turn|6\n|\n|t:|1776342210\n|move|p1a: Alakazam|Expanding Force|p2a: Sylveon\n|-damage|p2a: Sylveon|36/100\n|move|p2b: Typhlosion|Shadow Ball|p1a: Alakazam\n|-supereffective|p1a: Alakazam|1\n|-damage|p1a: Alakazam|0 fnt\n|faint|p1a: Alakazam\n|\n|win|notthea\n|raw|fggdfgdg's rating: 1000 &rarr; <strong>1000</strong><br />(+0 for losing)\n|raw|notthea's rating: 1047 &rarr; <strong>1076</strong><br />(+29 for winning)\n",
  "uploadtime": 1776342214,
  "views": 21,
  "formatid": "gen9championsvgc2026regma",
  "rating": 1000,
  "private": 0,
  "password": null
}