{
  "id": "gen9championsvgc2026regma-2586798337",
  "format": "[Gen 9 Champions] VGC 2026 Reg M-A",
  "players": [
    "JPXL",
    "bregogo"
  ],
  "log": "|j|\u2606JPXL\n|j|\u2606bregogo\n|t:|1776460766\n|gametype|doubles\n|player|p1|JPXL|169|1201\n|player|p2|bregogo|dawn|1290\n|gen|9\n|tier|[Gen 9 Champions] VGC 2026 Reg M-A\n|rated|\n|rule|Species Clause: Limit one of each Pok\u00e9mon\n|rule|Item Clause: Limit 1 of each item\n|clearpoke\n|poke|p1|Froslass, L50, F|\n|poke|p1|Sylveon, L50, M|\n|poke|p1|Incineroar, L50, F|\n|poke|p1|Garchomp, L50, M|\n|poke|p1|Sneasler, L50, M|\n|poke|p1|Rotom-Wash, L50|\n|poke|p2|Camerupt, L50, F|\n|poke|p2|Drampa, L50, F|\n|poke|p2|Oranguru, L50, F|\n|poke|p2|Torkoal, L50, M|\n|poke|p2|Sinistcha-Masterpiece, L50|\n|poke|p2|Crabominable, L50, M|\n|teampreview|4\n|inactive|Battle timer is ON: inactive players will automatically lose when time's up. (requested by JPXL)\n|inactive|JPXL has 60 seconds left.\n|\n|t:|1776460811\n|teamsize|p1|4\n|teamsize|p2|4\n|start\n|switch|p1a: Froslass|Froslass, L50, F|100/100\n|switch|p1b: Sylveon|Sylveon, L50, M|100/100\n|switch|p2a: Oranguru|Oranguru, L50, F|100/100\n|switch|p2b: Camerupt|Camerupt, L50, F|100/100\n|turn|1\n|\n|t:|1776460825\n|detailschange|p1a: Froslass|Froslass-Mega, L50, F\n|-mega|p1a: Froslass|Froslass|Froslassite\n|-weather|Snowscape|[from] ability: Snow Warning|[of] p1a: Froslass\n|detailschange|p2b: Camerupt|Camerupt-Mega, L50, F\n|-mega|p2b: Camerupt|Camerupt|Cameruptite\n|move|p2b: Camerupt|Protect|p2b: Camerupt\n|-singleturn|p2b: Camerupt|Protect\n|move|p1a: Froslass|Aurora Veil|p1a: Froslass\n|-sidestart|p1: JPXL|move: Aurora Veil\n|move|p1b: Sylveon|Calm Mind|p1b: Sylveon\n|-boost|p1b: Sylveon|spa|1\n|-boost|p1b: Sylveon|spd|1\n|move|p2a: Oranguru|Trick Room|p2a: Oranguru\n|-fieldstart|move: Trick Room|[of] p2a: Oranguru\n|\n|-weather|Snowscape|[upkeep]\n|upkeep\n|turn|2\n|\n|t:|1776460846\n|switch|p2a: Torkoal|Torkoal, L50, M|100/100\n|-weather|SunnyDay|[from] ability: Drought|[of] p2a: Torkoal\n|move|p1a: Froslass|Protect|p1a: Froslass\n|-singleturn|p1a: Froslass|Protect\n|move|p2b: Camerupt|Eruption|p1a: Froslass|[spread] p1b\n|-activate|p1a: Froslass|move: Protect\n|-damage|p1b: Sylveon|66/100\n|move|p1b: Sylveon|Calm Mind|p1b: Sylveon\n|-boost|p1b: Sylveon|spa|1\n|-boost|p1b: Sylveon|spd|1\n|\n|-weather|SunnyDay|[upkeep]\n|-heal|p1b: Sylveon|72/100|[from] item: Leftovers\n|upkeep\n|turn|3\n|\n|t:|1776460868\n|switch|p1a: Incineroar|Incineroar, L50, F|100/100\n|-ability|p1a: Incineroar|Intimidate|boost\n|-unboost|p2a: Torkoal|atk|1\n|-unboost|p2b: Camerupt|atk|1\n|move|p1b: Sylveon|Protect|p1b: Sylveon\n|-singleturn|p1b: Sylveon|Protect\n|move|p2b: Camerupt|Eruption|p1a: Incineroar|[spread] p1a\n|-activate|p1b: Sylveon|move: Protect\n|-resisted|p1a: Incineroar|1\n|-damage|p1a: Incineroar|71/100\n|move|p2a: Torkoal|Eruption|p1a: Incineroar|[spread] p1a\n|-activate|p1b: Sylveon|move: Protect\n|-resisted|p1a: Incineroar|1\n|-damage|p1a: Incineroar|51/100\n|\n|-weather|SunnyDay|[upkeep]\n|-heal|p1b: Sylveon|78/100|[from] item: Leftovers\n|upkeep\n|turn|4\n|\n|t:|1776460891\n|move|p1a: Incineroar|Fake Out|p2a: Torkoal\n|-damage|p2a: Torkoal|90/100\n|cant|p2a: Torkoal|flinch\n|move|p2b: Camerupt|Eruption|p1a: Incineroar|[spread] p1a,p1b\n|-resisted|p1a: Incineroar|1\n|-damage|p1a: Incineroar|24/100\n|-damage|p1b: Sylveon|53/100\n|move|p1b: Sylveon|Calm Mind|p1b: Sylveon\n|-boost|p1b: Sylveon|spa|1\n|-boost|p1b: Sylveon|spd|1\n|\n|-weather|SunnyDay|[upkeep]\n|-heal|p1b: Sylveon|59/100|[from] item: Leftovers\n|upkeep\n|turn|5\n|inactive|JPXL has 30 seconds left.\n|\n|t:|1776460917\n|move|p1b: Sylveon|Protect|p1b: Sylveon\n|-singleturn|p1b: Sylveon|Protect\n|move|p2b: Camerupt|Eruption|p1b: Sylveon|[spread] p1a\n|-activate|p1b: Sylveon|move: Protect\n|-resisted|p1a: Incineroar|1\n|-damage|p1a: Incineroar|0 fnt\n|faint|p1a: Incineroar\n|move|p2a: Torkoal|Eruption|p1b: Sylveon\n|-activate|p1b: Sylveon|move: Protect\n|\n|-weather|SunnyDay|[upkeep]\n|-heal|p1b: Sylveon|65/100|[from] item: Leftovers\n|-sideend|p1: JPXL|move: Aurora Veil\n|-fieldend|move: Trick Room\n|upkeep\n|\n|t:|1776460929\n|switch|p1a: Froslass|Froslass-Mega, L50, F|100/100\n|-weather|Snowscape|[from] ability: Snow Warning|[of] p1a: Froslass\n|turn|6\n|\n|t:|1776460949\n|move|p2b: Camerupt|Protect|p2b: Camerupt\n|-singleturn|p2b: Camerupt|Protect\n|move|p1a: Froslass|Aurora Veil|p1a: Froslass\n|-sidestart|p1: JPXL|move: Aurora Veil\n|move|p1b: Sylveon|Hyper Voice|p2b: Camerupt|[spread] p2a\n|-activate|p2b: Camerupt|move: Protect\n|-resisted|p2a: Torkoal|1\n|-damage|p2a: Torkoal|38/100\n|move|p2a: Torkoal|Earth Power|p1a: Froslass\n|-damage|p1a: Froslass|84/100\n|\n|-weather|Snowscape|[upkeep]\n|-heal|p1b: Sylveon|71/100|[from] item: Leftovers\n|upkeep\n|turn|7\n|inactive|bregogo has 30 seconds left.\n|\n|t:|1776460983\n|switch|p2a: Drampa|Drampa, L50, F|100/100\n|move|p1a: Froslass|Blizzard|p2b: Camerupt|[spread] p2a,p2b\n|-supereffective|p2a: Drampa|1\n|-damage|p2a: Drampa|28/100\n|-damage|p2b: Camerupt|63/100\n|-ability|p2a: Drampa|Berserk|boost\n|-boost|p2a: Drampa|spa|1\n|move|p1b: Sylveon|Hyper Voice|p2b: Camerupt|[spread] p2a,p2b\n|-supereffective|p2a: Drampa|1\n|-resisted|p2b: Camerupt|1\n|-damage|p2a: Drampa|0 fnt\n|-damage|p2b: Camerupt|24/100\n|faint|p2a: Drampa\n|move|p2b: Camerupt|Eruption|p1a: Froslass|[spread] p1a,p1b\n|-supereffective|p1a: Froslass|1\n|-damage|p1a: Froslass|63/100\n|-damage|p1b: Sylveon|68/100\n|\n|-weather|Snowscape|[upkeep]\n|-heal|p1b: Sylveon|74/100|[from] item: Leftovers\n|upkeep\n|\n|t:|1776460996\n|switch|p2a: Oranguru|Oranguru, L50, F|100/100\n|turn|8\n|\n|t:|1776461006\n|move|p2b: Camerupt|Protect|p2b: Camerupt\n|-singleturn|p2b: Camerupt|Protect\n|move|p1a: Froslass|Blizzard|p2b: Camerupt|[spread] p2a\n|-activate|p2b: Camerupt|move: Protect\n|-damage|p2a: Oranguru|74/100\n|-status|p2a: Oranguru|frz\n|move|p1b: Sylveon|Hyper Voice|p2a: Oranguru|[spread] p2a\n|-activate|p2b: Camerupt|move: Protect\n|-damage|p2a: Oranguru|21/100 frz\n|cant|p2a: Oranguru|frz\n|\n|-weather|Snowscape|[upkeep]\n|-heal|p1b: Sylveon|80/100|[from] item: Leftovers\n|upkeep\n|turn|9\n|\n|t:|1776461029\n|cant|p2a: Oranguru|frz\n|move|p2b: Camerupt|Protect||[still]\n|-fail|p2b: Camerupt\n|move|p1a: Froslass|Blizzard|p2a: Oranguru|[spread] p2a,p2b\n|-damage|p2a: Oranguru|0 fnt\n|-damage|p2b: Camerupt|0 fnt\n|faint|p2a: Oranguru\n|faint|p2b: Camerupt\n|move|p1b: Sylveon|Hyper Voice|p2: Oranguru|[notarget]\n|-fail|p1b: Sylveon\n|\n|-weather|Snowscape|[upkeep]\n|-heal|p1b: Sylveon|86/100|[from] item: Leftovers\n|upkeep\n|-message|bregogo forfeited.\n|\n|win|JPXL\n|raw|JPXL's rating: 1201 &rarr; <strong>1232</strong><br />(+31 for winning)\n|raw|bregogo's rating: 1290 &rarr; <strong>1259</strong><br />(-31 for losing)\n|l|\u2606bregogo\n|player|p2|\n",
  "uploadtime": 1776461042,
  "views": 42,
  "formatid": "gen9championsvgc2026regma",
  "rating": 1232,
  "private": 0,
  "password": null
}