{
  "id": "gen9championsvgc2026regma-2581858026",
  "format": "[Gen 9 Champions] VGC 2026 Reg M-A",
  "players": [
    "yohanitaro",
    "Cellpab1"
  ],
  "log": "|j|\u2606yohanitaro\n|j|\u2606Cellpab1\n|t:|1776034254\n|gametype|doubles\n|player|p1|yohanitaro|twins-gen4|1339\n|player|p2|Cellpab1|265|1382\n|gen|9\n|tier|[Gen 9 Champions] VGC 2026 Reg M-A\n|rated|\n|rule|Species Clause: Limit one of each Pok\u00e9mon\n|rule|Item Clause: Limit 1 of each item\n|clearpoke\n|poke|p1|Incineroar, L50, M|\n|poke|p1|Sneasler, L50, M|\n|poke|p1|Garchomp, L50, F|\n|poke|p1|Rotom-Wash, L50|\n|poke|p1|Charizard, L50, M|\n|poke|p1|Venusaur, L50, F|\n|poke|p2|Kingambit, L50, F|\n|poke|p2|Dragonite, L50, M|\n|poke|p2|Sneasler, L50, M|\n|poke|p2|Venusaur, L50, M|\n|poke|p2|Incineroar, L50, M|\n|poke|p2|Basculegion, L50, M|\n|teampreview|4\n|inactive|Battle timer is ON: inactive players will automatically lose when time's up. (requested by yohanitaro)\n|inactive|Cellpab1 has 60 seconds left.\nyohanitaro rejected open team sheets.\n|inactive|Cellpab1 has 30 seconds left.\n|j| 123abv\n|inactive|Cellpab1 has 20 seconds left.\n|inactive|Cellpab1 has 15 seconds left.\n|\n|t:|1776034331\n|teamsize|p1|4\n|teamsize|p2|4\n|start\n|switch|p1a: Garchomp|Garchomp, L50, F|100/100\n|switch|p1b: Rotom|Rotom-Wash, L50|100/100\n|switch|p2a: Sneasler|Sneasler, L50, M|100/100\n|switch|p2b: Basculegion|Basculegion, L50, M|100/100\n|turn|1\n|inactive|yohanitaro has 30 seconds left.\n|inactive|Cellpab1 has 30 seconds left.\n|inactive|Cellpab1 has 20 seconds left.\n|inactive|Cellpab1 has 15 seconds left.\n|\n|t:|1776034375\n|move|p2a: Sneasler|Protect|p2a: Sneasler\n|-singleturn|p2a: Sneasler|Protect\n|move|p1a: Garchomp|Earthquake|p2b: Basculegion|[spread] p2b\n|-activate|p2a: Sneasler|move: Protect\n|-immune|p1b: Rotom|[from] ability: Levitate\n|-damage|p2b: Basculegion|47/100\n|move|p2b: Basculegion|Flip Turn|p1b: Rotom\n|-resisted|p1b: Rotom|1\n|-damage|p1b: Rotom|84/100\n|j| p3rdicion\n|\n|t:|1776034392\n|switch|p2b: Incineroar|Incineroar, L50, M|100/100|[from] Flip Turn\n|-ability|p2b: Incineroar|Intimidate|boost\n|-unboost|p1a: Garchomp|atk|1\n|-unboost|p1b: Rotom|atk|1\n|move|p1b: Rotom|Thunderbolt|p2a: Sneasler\n|-activate|p2a: Sneasler|move: Protect\n|\n|-heal|p1b: Rotom|90/100|[from] item: Leftovers\n|upkeep\n|turn|2\n|inactive|Cellpab1 has 30 seconds left.\n|\n|t:|1776034426\n|switch|p2a: Dragonite|Dragonite, L50, M|100/100\n|move|p1a: Garchomp|Earthquake|p2b: Incineroar|[spread] p2b\n|-immune|p1b: Rotom|[from] ability: Levitate\n|-immune|p2a: Dragonite\n|-supereffective|p2b: Incineroar|1\n|-enditem|p2b: Incineroar|Shuca Berry|[eat]\n|-enditem|p2b: Incineroar|Shuca Berry|[weaken]\n|-damage|p2b: Incineroar|78/100\n|move|p1b: Rotom|Thunder Wave|p2a: Dragonite|[miss]\n|-miss|p1b: Rotom|p2a: Dragonite\n|move|p2b: Incineroar|Parting Shot|p1a: Garchomp\n|-unboost|p1a: Garchomp|atk|1\n|-unboost|p1a: Garchomp|spa|1\n|\n|t:|1776034446\n|switch|p2b: Basculegion|Basculegion, L50, M|47/100|[from] Parting Shot\n|\n|-heal|p1b: Rotom|95/100|[from] item: Leftovers\n|upkeep\n|turn|3\n|\n|t:|1776034463\n|switch|p1a: Venusaur|Venusaur, L50, F|100/100\n|detailschange|p2a: Dragonite|Dragonite-Mega, L50, M\n|-mega|p2a: Dragonite|Dragonite|Dragoninite\n|move|p2b: Basculegion|Flip Turn|p1b: Rotom\n|-resisted|p1b: Rotom|1\n|-damage|p1b: Rotom|77/100\n|\n|t:|1776034471\n|switch|p2b: Sneasler|Sneasler, L50, M|100/100|[from] Flip Turn\n|move|p2a: Dragonite|Dragon Pulse|p1a: Venusaur\n|-damage|p1a: Venusaur|41/100\n|move|p1b: Rotom|Thunder Wave|p2a: Dragonite\n|-status|p2a: Dragonite|par\n|\n|-heal|p1b: Rotom|83/100|[from] item: Leftovers\n|upkeep\n|turn|4\n|inactive|Cellpab1 has 30 seconds left.\n|j| kabilapok\n|inactive|Cellpab1 has 20 seconds left.\n|\n|t:|1776034509\n|switch|p1a: Charizard|Charizard, L50, M|100/100\n|switch|p1b: Garchomp|Garchomp, L50, F|100/100\n|move|p2b: Sneasler|Rock Tomb|p1b: Garchomp\n|-resisted|p1b: Garchomp|1\n|-damage|p1b: Garchomp|90/100\n|-unboost|p1b: Garchomp|spe|1\n|move|p2a: Dragonite|Dragon Pulse|p1a: Charizard\n|-damage|p1a: Charizard|32/100\n|\n|upkeep\n|turn|5\n|j| Sace1of1\n|inactive|yohanitaro has 30 seconds left.\n|inactive|Cellpab1 has 30 seconds left.\n|inactive|yohanitaro has 20 seconds left.\n|inactive|Cellpab1 has 20 seconds left.\n|\n|t:|1776034548\n|detailschange|p1a: Charizard|Charizard-Mega-Y, L50, M\n|-mega|p1a: Charizard|Charizard|Charizardite Y\n|-weather|SunnyDay|[from] ability: Drought|[of] p1a: Charizard\n|move|p2b: Sneasler|Close Combat|p1b: Garchomp\n|-damage|p1b: Garchomp|25/100\n|-unboost|p2b: Sneasler|def|1\n|-unboost|p2b: Sneasler|spd|1\n|-damage|p2b: Sneasler|88/100|[from] ability: Rough Skin|[of] p1b: Garchomp\n|move|p1a: Charizard|Heat Wave|p2b: Sneasler|[spread] p2a,p2b\n|-resisted|p2a: Dragonite|1\n|-damage|p2a: Dragonite|88/100 par\n|-damage|p2b: Sneasler|0 fnt\n|faint|p2b: Sneasler\n|move|p1b: Garchomp|Rock Slide|p2a: Dragonite\n|-supereffective|p2a: Dragonite|1\n|-damage|p2a: Dragonite|44/100 par\n|move|p2a: Dragonite|Dragon Pulse|p1a: Charizard\n|-damage|p1a: Charizard|0 fnt\n|faint|p1a: Charizard\n|\n|-weather|SunnyDay|[upkeep]\n|upkeep\n|inactive|Cellpab1 has 30 seconds left.\n|\n|t:|1776034574\n|switch|p2b: Incineroar|Incineroar, L50, M|78/100\n|switch|p1a: Venusaur|Venusaur, L50, F|41/100\n|-ability|p2b: Incineroar|Intimidate|boost\n|-unboost|p1a: Venusaur|atk|1\n|-unboost|p1b: Garchomp|atk|1\n|turn|6\n|\n|t:|1776034598\n|move|p1a: Venusaur|Protect|p1a: Venusaur\n|-singleturn|p1a: Venusaur|Protect\n|move|p2b: Incineroar|Fake Out|p1b: Garchomp\n|-damage|p1b: Garchomp|15/100\n|-damage|p2b: Incineroar|66/100|[from] ability: Rough Skin|[of] p1b: Garchomp\n|cant|p1b: Garchomp|flinch\n|move|p2a: Dragonite|Roost|p2a: Dragonite\n|-heal|p2a: Dragonite|94/100 par\n|-singleturn|p2a: Dragonite|move: Roost\n|\n|-weather|SunnyDay|[upkeep]\n|upkeep\n|turn|7\n|\n|t:|1776034618\n|switch|p1b: Rotom|Rotom-Wash, L50|83/100\n|move|p1a: Venusaur|Sleep Powder|p2b: Incineroar\n|-status|p2b: Incineroar|slp|[from] move: Sleep Powder\n|cant|p2b: Incineroar|slp\n|move|p2a: Dragonite|Dragon Pulse|p1a: Venusaur\n|-damage|p1a: Venusaur|0 fnt\n|faint|p1a: Venusaur\n|\n|-weather|SunnyDay|[upkeep]\n|-heal|p1b: Rotom|88/100|[from] item: Leftovers\n|upkeep\n|\n|t:|1776034629\n|switch|p1a: Garchomp|Garchomp, L50, F|15/100\n|turn|8\n|inactive|Cellpab1 has 30 seconds left.\n|\n|t:|1776034662\n|move|p1a: Garchomp|Dragon Claw|p2a: Dragonite\n|-supereffective|p2a: Dragonite|1\n|-damage|p2a: Dragonite|21/100 par\n|move|p1b: Rotom|Thunderbolt|p2a: Dragonite\n|-damage|p2a: Dragonite|0 fnt\n|faint|p2a: Dragonite\n|cant|p2b: Incineroar|slp\n|\n|-weather|SunnyDay|[upkeep]\n|-heal|p1b: Rotom|94/100|[from] item: Leftovers\n|upkeep\n|\n|t:|1776034670\n|switch|p2a: Basculegion|Basculegion, L50, M|47/100\n|turn|9\n|\n|t:|1776034682\n|move|p1a: Garchomp|Dragon Claw|p2a: Basculegion\n|-damage|p2a: Basculegion|0 fnt\n|faint|p2a: Basculegion\n|move|p1b: Rotom|Thunderbolt|p2b: Incineroar\n|-damage|p2b: Incineroar|34/100 slp\n|-curestatus|p2b: Incineroar|slp|[msg]\n|move|p2b: Incineroar|Flare Blitz|p1a: Garchomp\n|-resisted|p1a: Garchomp|1\n|-damage|p1a: Garchomp|0 fnt\n|-damage|p2b: Incineroar|22/100|[from] ability: Rough Skin|[of] p1a: Garchomp\n|faint|p1a: Garchomp\n|-damage|p2b: Incineroar|17/100|[from] Recoil\n|\n|-weather|none\n|-heal|p1b: Rotom|99/100|[from] item: Leftovers\n|upkeep\n|turn|10\n|\n|t:|1776034697\n|move|p1b: Rotom|Thunderbolt|p2b: Incineroar\n|-damage|p2b: Incineroar|0 fnt\n|faint|p2b: Incineroar\n|\n|win|yohanitaro\n|raw|yohanitaro's rating: 1339 &rarr; <strong>1361</strong><br />(+22 for winning)\n|raw|Cellpab1's rating: 1382 &rarr; <strong>1360</strong><br />(-22 for losing)\n",
  "uploadtime": 1776034707,
  "views": 27,
  "formatid": "gen9championsvgc2026regma",
  "rating": 1360,
  "private": 0,
  "password": null
}