{
  "id": "gen9championsvgc2026regma-2587213456",
  "format": "[Gen 9 Champions] VGC 2026 Reg M-A",
  "players": [
    "zhttt1991",
    "yubanmeiqin"
  ],
  "log": "|j|\u2606zhttt1991\n|j|\u2606yubanmeiqin\n|t:|1776509797\n|gametype|doubles\n|player|p1|zhttt1991|hiker-gen4|1442\n|player|p2|yubanmeiqin|lillie-masters2|1405\n|gen|9\n|tier|[Gen 9 Champions] VGC 2026 Reg M-A\n|rated|\n|rule|Species Clause: Limit one of each Pok\u00e9mon\n|rule|Item Clause: Limit 1 of each item\n|clearpoke\n|poke|p1|Floette-Eternal, L50, F|\n|poke|p1|Sneasler, L50, M|\n|poke|p1|Incineroar, L50, F|\n|poke|p1|Aerodactyl, L50, F|\n|poke|p1|Sinistcha, L50|\n|poke|p1|Scizor, L50, M|\n|poke|p2|Starmie, L50|\n|poke|p2|Sableye, L50, M|\n|poke|p2|Sneasler, L50, F, shiny|\n|poke|p2|Incineroar, L50, M, shiny|\n|poke|p2|Maushold, L50, shiny|\n|poke|p2|Charizard, L50, M|\n|teampreview|4\n|\n|t:|1776509824\n|teamsize|p1|4\n|teamsize|p2|4\n|start\n|switch|p1a: Aerodactyl|Aerodactyl, L50, F|100/100\n|switch|p1b: Incineroar|Incineroar, L50, F|100/100\n|switch|p2a: Starmie|Starmie, L50|100/100\n|switch|p2b: \u670b\u4e5f\u53e4\u6cb3\u6e1a|Maushold, L50, shiny|100/100\n|-ability|p1a: Aerodactyl|Unnerve\n|-ability|p1b: Incineroar|Intimidate|boost\n|-unboost|p2a: Starmie|atk|1\n|-unboost|p2b: \u670b\u4e5f\u53e4\u6cb3\u6e1a|atk|1\n|turn|1\n|\n|t:|1776509837\n|detailschange|p2a: Starmie|Starmie-Mega, L50\n|-mega|p2a: Starmie|Starmie|Starminite\n|move|p1b: Incineroar|Fake Out|p2a: Starmie\n|-damage|p2a: Starmie|92/100\n|move|p1a: Aerodactyl|Rock Slide|p2b: \u670b\u4e5f\u53e4\u6cb3\u6e1a|[spread] p2a,p2b\n|-crit|p2a: Starmie\n|-damage|p2a: Starmie|64/100\n|-damage|p2b: \u670b\u4e5f\u53e4\u6cb3\u6e1a|74/100\n|cant|p2a: Starmie|flinch\n|move|p2b: \u670b\u4e5f\u53e4\u6cb3\u6e1a|Super Fang|p1a: Aerodactyl\n|-damage|p1a: Aerodactyl|51/100\n|\n|upkeep\n|turn|2\n|\n|t:|1776509853\n|switch|p2b: Sableye|Sableye, L50, M|100/100\n|switch|p1b: Sinistcha|Sinistcha, L50|100/100\n|-heal|p1a: Aerodactyl|76/100|[from] ability: Hospitality|[of] p1b: Sinistcha\n|move|p2a: Starmie|Protect|p2a: Starmie\n|-singleturn|p2a: Starmie|Protect\n|move|p1a: Aerodactyl|Tailwind|p1a: Aerodactyl\n|-sidestart|p1: zhttt1991|move: Tailwind\n|\n|upkeep\n|turn|3\n|inactive|Battle timer is ON: inactive players will automatically lose when time's up. (requested by zhttt1991)\n|\n|t:|1776509871\n|move|p1a: Aerodactyl|Protect|p1a: Aerodactyl\n|-singleturn|p1a: Aerodactyl|Protect\n|move|p2b: Sableye|Will-O-Wisp|p1a: Aerodactyl\n|-activate|p1a: Aerodactyl|move: Protect\n|move|p2a: Starmie|Minimize|p2a: Starmie\n|-boost|p2a: Starmie|evasion|2\n|move|p1b: Sinistcha|Matcha Gotcha|p2a: Starmie|[spread] p2b\n|-miss|p1b: Sinistcha|p2a: Starmie\n|-damage|p2b: Sableye|71/100\n|\n|-heal|p2b: Sableye|77/100|[from] item: Leftovers\n|upkeep\n|turn|4\n|inactive|zhttt1991 has 30 seconds left.\n|\n|t:|1776509905\n|switch|p1b: Incineroar|Incineroar, L50, F|100/100\n|-ability|p1b: Incineroar|Intimidate|boost\n|-unboost|p2a: Starmie|atk|1\n|-unboost|p2b: Sableye|atk|1\n|move|p1a: Aerodactyl|Rock Slide|p2a: Starmie|[spread] p2b\n|-miss|p1a: Aerodactyl|p2a: Starmie\n|-damage|p2b: Sableye|46/100\n|move|p2a: Starmie|Minimize|p2a: Starmie\n|-boost|p2a: Starmie|evasion|2\n|move|p2b: Sableye|Foul Play|p1b: Incineroar\n|-resisted|p1b: Incineroar|1\n|-damage|p1b: Incineroar|87/100\n|\n|-heal|p1b: Incineroar|93/100|[from] item: Leftovers\n|-heal|p2b: Sableye|51/100|[from] item: Leftovers\n|upkeep\n|turn|5\n|\n|t:|1776509918\n|move|p2b: Sableye|Psych Up|p2a: Starmie\n|-copyboost|p2b: Sableye|p2a: Starmie|[from] move: Psych Up\n|move|p1a: Aerodactyl|Dual Wingbeat|p2b: Sableye\n|-damage|p2b: Sableye|29/100\n|-damage|p2b: Sableye|7/100\n|-hitcount|p2b: Sableye|2\n|move|p2a: Starmie|Liquidation|p1b: Incineroar\n|-supereffective|p1b: Incineroar|1\n|-damage|p1b: Incineroar|51/100\n|move|p1b: Incineroar|Will-O-Wisp|p2a: Starmie\n|-status|p2a: Starmie|brn\n|\n|-heal|p1b: Incineroar|57/100|[from] item: Leftovers\n|-heal|p2b: Sableye|13/100|[from] item: Leftovers\n|-damage|p2a: Starmie|58/100 brn|[from] brn\n|-sideend|p1: zhttt1991|move: Tailwind\n|upkeep\n|turn|6\n|\n|t:|1776509932\n|switch|p1b: Sinistcha|Sinistcha, L50|100/100\n|-heal|p1a: Aerodactyl|100/100|[from] ability: Hospitality|[of] p1b: Sinistcha\n|move|p2b: Sableye|Recover|p2b: Sableye\n|-heal|p2b: Sableye|63/100\n|move|p1a: Aerodactyl|Rock Slide|p2a: Starmie|[spread] \n|-miss|p1a: Aerodactyl|p2a: Starmie\n|-miss|p1a: Aerodactyl|p2b: Sableye\n|move|p2a: Starmie|Liquidation|p1a: Aerodactyl\n|-supereffective|p1a: Aerodactyl|1\n|-damage|p1a: Aerodactyl|55/100\n|\n|-heal|p2b: Sableye|69/100|[from] item: Leftovers\n|-damage|p2a: Starmie|52/100 brn|[from] brn\n|upkeep\n|turn|7\n|inactive|zhttt1991 has 30 seconds left.\n|inactive|yubanmeiqin has 30 seconds left.\n|inactive|yubanmeiqin has 20 seconds left.\n|inactive|yubanmeiqin has 15 seconds left.\n|\n|t:|1776509973\n|move|p1a: Aerodactyl|Protect|p1a: Aerodactyl\n|-singleturn|p1a: Aerodactyl|Protect\n|move|p2a: Starmie|Minimize|p2a: Starmie\n|-boost|p2a: Starmie|evasion|2\n|move|p1b: Sinistcha|Matcha Gotcha|p2b: Sableye|[spread] \n|-miss|p1b: Sinistcha|p2a: Starmie\n|-miss|p1b: Sinistcha|p2b: Sableye\n|move|p2b: Sableye|Foul Play|p1a: Aerodactyl\n|-activate|p1a: Aerodactyl|move: Protect\n|\n|-heal|p2b: Sableye|74/100|[from] item: Leftovers\n|-damage|p2a: Starmie|46/100 brn|[from] brn\n|upkeep\n|turn|8\n|\n|t:|1776509989\n|switch|p1a: Incineroar|Incineroar, L50, F|57/100\n|-ability|p1a: Incineroar|Intimidate|boost\n|-unboost|p2a: Starmie|atk|1\n|-unboost|p2b: Sableye|atk|1\n|move|p2a: Starmie|Liquidation|p1a: Incineroar\n|-supereffective|p1a: Incineroar|1\n|-damage|p1a: Incineroar|37/100\n|move|p1b: Sinistcha|Life Dew||[still]|[spread] p1a,p1b\n|-heal|p1a: Incineroar|62/100\n|-fail|p1b: Sinistcha|heal\n|move|p2b: Sableye|Foul Play|p1a: Incineroar\n|-resisted|p1a: Incineroar|1\n|-damage|p1a: Incineroar|49/100\n|\n|-heal|p1a: Incineroar|55/100|[from] item: Leftovers\n|-heal|p2b: Sableye|80/100|[from] item: Leftovers\n|-damage|p2a: Starmie|40/100 brn|[from] brn\n|upkeep\n|turn|9\n|inactive|yubanmeiqin has 30 seconds left.\n|\n|t:|1776510020\n|move|p2b: Sableye|Psych Up|p2a: Starmie\n|-copyboost|p2b: Sableye|p2a: Starmie|[from] move: Psych Up\n|move|p2a: Starmie|Ice Spinner|p1b: Sinistcha\n|-supereffective|p1b: Sinistcha|1\n|-damage|p1b: Sinistcha|87/100\n|move|p1b: Sinistcha|Life Dew|p1b: Sinistcha|[spread] p1a,p1b\n|-heal|p1a: Incineroar|80/100\n|-heal|p1b: Sinistcha|100/100\n|move|p1a: Incineroar|Will-O-Wisp|p2b: Sableye|[miss]\n|-miss|p1a: Incineroar|p2b: Sableye\n|\n|-heal|p1a: Incineroar|86/100|[from] item: Leftovers\n|-heal|p2b: Sableye|86/100|[from] item: Leftovers\n|-damage|p2a: Starmie|34/100 brn|[from] brn\n|upkeep\n|turn|10\n|\n|t:|1776510039\n|switch|p2a: \u670b\u4e5f\u53e4\u6cb3\u6e1a|Maushold, L50, shiny|74/100\n|switch|p1b: Floette|Floette-Eternal, L50, F|100/100\n|move|p2b: Sableye|Will-O-Wisp|p1b: Floette\n|-status|p1b: Floette|brn\n|move|p1a: Incineroar|Will-O-Wisp|p2b: Sableye\n|-status|p2b: Sableye|brn\n|\n|-heal|p1a: Incineroar|92/100|[from] item: Leftovers\n|-heal|p2b: Sableye|92/100 brn|[from] item: Leftovers\n|-damage|p1b: Floette|94/100 brn|[from] brn\n|-damage|p2b: Sableye|86/100 brn|[from] brn\n|upkeep\n|turn|11\n|-message|yubanmeiqin forfeited.\n|\n|win|zhttt1991\n|raw|zhttt1991's rating: 1442 &rarr; <strong>1460</strong><br />(+18 for winning)\n|raw|yubanmeiqin's rating: 1405 &rarr; <strong>1387</strong><br />(-18 for losing)\n",
  "uploadtime": 1776510056,
  "views": 46,
  "formatid": "gen9championsvgc2026regma",
  "rating": 1387,
  "private": 0,
  "password": null
}