{
  "id": "gen9championsvgc2026regma-2584971278",
  "format": "[Gen 9 Champions] VGC 2026 Reg M-A",
  "players": [
    "gooseyj",
    "Noobilio"
  ],
  "log": "|j|\u2606gooseyj\n|j|\u2606Noobilio\n|t:|1776299382\n|gametype|doubles\n|player|p1|gooseyj|iris-gen5bw2|1229\n|player|p2|Noobilio|nurse|1337\n|gen|9\n|tier|[Gen 9 Champions] VGC 2026 Reg M-A\n|rated|\n|rule|Species Clause: Limit one of each Pok\u00e9mon\n|rule|Item Clause: Limit 1 of each item\n|clearpoke\n|poke|p1|Aerodactyl, L50, M|\n|poke|p1|Froslass, L50, F|\n|poke|p1|Incineroar, L50, M|\n|poke|p1|Rotom-Wash, L50|\n|poke|p1|Venusaur, L50, M|\n|poke|p1|Charizard, L50, M|\n|poke|p2|Hawlucha, L50, F|\n|poke|p2|Floette-Eternal, L50, F|\n|poke|p2|Incineroar, L50, F|\n|poke|p2|Sinistcha, L50|\n|poke|p2|Snorlax, L50, F|\n|poke|p2|Aerodactyl, L50, M|\n|teampreview|4\n|inactive|Battle timer is ON: inactive players will automatically lose when time's up. (requested by gooseyj)\n|inactive|gooseyj has 60 seconds left.\n|inactive|gooseyj has 30 seconds left.\n|inactive|gooseyj has 20 seconds left.\n|inactive|gooseyj has 15 seconds left.\n|\n|t:|1776299459\n|teamsize|p1|4\n|teamsize|p2|4\n|start\n|switch|p1a: Aerodactyl|Aerodactyl, L50, M|100/100\n|switch|p1b: Charizard|Charizard, L50, M|100/100\n|switch|p2a: Incineroar|Incineroar, L50, F|100/100\n|switch|p2b: Aerodactyl|Aerodactyl, L50, M|100/100\n|-ability|p2b: Aerodactyl|Unnerve\n|-ability|p1a: Aerodactyl|Unnerve\n|-ability|p2a: Incineroar|Intimidate|boost\n|-unboost|p1a: Aerodactyl|atk|1\n|-unboost|p1b: Charizard|atk|1\n|turn|1\n|\n|t:|1776299483\n|switch|p1b: Incineroar|Incineroar, L50, M|100/100\n|-ability|p1b: Incineroar|Intimidate|boost\n|-unboost|p2a: Incineroar|atk|1\n|-unboost|p2b: Aerodactyl|atk|1\n|move|p1a: Aerodactyl|Protect|p1a: Aerodactyl\n|-singleturn|p1a: Aerodactyl|Protect\n|move|p2a: Incineroar|Fake Out|p1a: Aerodactyl\n|-activate|p1a: Aerodactyl|move: Protect\n|move|p2b: Aerodactyl|Tailwind|p2b: Aerodactyl\n|-sidestart|p2: Noobilio|move: Tailwind\n|\n|upkeep\n|turn|2\n|\n|t:|1776299505\n|move|p2b: Aerodactyl|Protect|p2b: Aerodactyl\n|-singleturn|p2b: Aerodactyl|Protect\n|move|p1b: Incineroar|Fake Out|p2b: Aerodactyl\n|-activate|p2b: Aerodactyl|move: Protect\n|move|p1a: Aerodactyl|Tailwind|p1a: Aerodactyl\n|-sidestart|p1: gooseyj|move: Tailwind\n|move|p2a: Incineroar|Parting Shot|p1a: Aerodactyl\n|-unboost|p1a: Aerodactyl|atk|1\n|-unboost|p1a: Aerodactyl|spa|1\n|\n|t:|1776299512\n|switch|p2a: Floette|Floette-Eternal, L50, F, shiny|100/100|[from] Parting Shot\n|\n|upkeep\n|turn|3\n|\n|t:|1776299522\n|switch|p1a: Venusaur|Venusaur, L50, M|100/100\n|detailschange|p2a: Floette|Floette-Mega, L50, F, shiny\n|-mega|p2a: Floette|Floette|Floettite\n|-ability|p2a: Floette|Fairy Aura\n|move|p2b: Aerodactyl|Rock Slide|p1a: Venusaur|[spread] p1a,p1b\n|-supereffective|p1b: Incineroar|1\n|-damage|p1a: Venusaur|81/100\n|-damage|p1b: Incineroar|67/100\n|move|p2a: Floette|Dazzling Gleam|p1a: Venusaur|[spread] p1a,p1b\n|-resisted|p1a: Venusaur|1\n|-damage|p1a: Venusaur|58/100\n|-damage|p1b: Incineroar|33/100\n|cant|p1b: Incineroar|flinch\n|\n|upkeep\n|turn|4\n|inactive|gooseyj has 30 seconds left.\n|inactive|Noobilio has 30 seconds left.\n|inactive|gooseyj has 20 seconds left.\n|c|\u2606gooseyj|damn\n|inactive|gooseyj has 15 seconds left.\n|c|\u2606gooseyj|bad luck\n|\n|t:|1776299566\n|move|p1a: Venusaur|Protect|p1a: Venusaur\n|-singleturn|p1a: Venusaur|Protect\n|move|p2b: Aerodactyl|Dual Wingbeat|p1a: Venusaur\n|-activate|p1a: Venusaur|move: Protect\n|move|p2a: Floette|Dazzling Gleam|p1b: Incineroar|[spread] p1b\n|-activate|p1a: Venusaur|move: Protect\n|-damage|p1b: Incineroar|0 fnt\n|faint|p1b: Incineroar\n|\n|-sideend|p2: Noobilio|move: Tailwind\n|upkeep\n|\n|t:|1776299579\n|switch|p1b: Aerodactyl|Aerodactyl, L50, M|100/100\n|-ability|p1b: Aerodactyl|Unnerve\n|turn|5\n|inactive|Noobilio has 30 seconds left.\n|\n|t:|1776299608\n|switch|p2b: Sinistcha|Sinistcha, L50|100/100\n|move|p2a: Floette|Protect|p2a: Floette\n|-singleturn|p2a: Floette|Protect\n|move|p1b: Aerodactyl|Rock Slide|p2a: Floette|[spread] p2b\n|-activate|p2a: Floette|move: Protect\n|-damage|p2b: Sinistcha|80/100\n|move|p1a: Venusaur|Sludge Bomb|p2a: Floette\n|-activate|p2a: Floette|move: Protect\n|\n|-sideend|p1: gooseyj|move: Tailwind\n|upkeep\n|turn|6\n|\n|t:|1776299632\n|switch|p1b: Charizard|Charizard, L50, M|100/100\n|switch|p2a: Incineroar|Incineroar, L50, F|100/100\n|-ability|p2a: Incineroar|Intimidate|boost\n|-unboost|p1a: Venusaur|atk|1\n|-unboost|p1b: Charizard|atk|1\n|move|p1a: Venusaur|Sleep Powder|p2a: Incineroar\n|-status|p2a: Incineroar|slp|[from] move: Sleep Powder\n|-enditem|p2a: Incineroar|Lum Berry|[eat]\n|-curestatus|p2a: Incineroar|slp|[msg]\n|move|p2b: Sinistcha|Trick Room|p2b: Sinistcha\n|-fieldstart|move: Trick Room|[of] p2b: Sinistcha\n|\n|upkeep\n|turn|7\n|inactive|gooseyj has 30 seconds left.\n|\n|t:|1776299662\n|move|p1b: Charizard|Protect|p1b: Charizard\n|-singleturn|p1b: Charizard|Protect\n|move|p2a: Incineroar|Flare Blitz|p1a: Venusaur\n|-supereffective|p1a: Venusaur|1\n|-enditem|p1a: Venusaur|Occa Berry|[eat]\n|-enditem|p1a: Venusaur|Occa Berry|[weaken]\n|-damage|p1a: Venusaur|5/100\n|-damage|p2a: Incineroar|84/100|[from] Recoil\n|move|p2b: Sinistcha|Shadow Ball|p1b: Charizard\n|-activate|p1b: Charizard|move: Protect\n|move|p1a: Venusaur|Earth Power|p2a: Incineroar\n|-supereffective|p2a: Incineroar|1\n|-damage|p2a: Incineroar|47/100\n|\n|upkeep\n|turn|8\n|\n|t:|1776299679\n|switch|p1a: Aerodactyl|Aerodactyl, L50, M|100/100\n|-ability|p1a: Aerodactyl|Unnerve\n|detailschange|p1b: Charizard|Charizard-Mega-Y, L50, M\n|-mega|p1b: Charizard|Charizard|Charizardite Y\n|-weather|SunnyDay|[from] ability: Drought|[of] p1b: Charizard\n|move|p2a: Incineroar|Flare Blitz|p1a: Aerodactyl\n|-resisted|p1a: Aerodactyl|1\n|-crit|p1a: Aerodactyl\n|-damage|p1a: Aerodactyl|19/100\n|-damage|p2a: Incineroar|26/100|[from] Recoil\n|move|p2b: Sinistcha|Shadow Ball|p1b: Charizard\n|-damage|p1b: Charizard|71/100\n|move|p1b: Charizard|Heat Wave|p2a: Incineroar|[spread] p2b\n|-miss|p1b: Charizard|p2a: Incineroar\n|-supereffective|p2b: Sinistcha|1\n|-damage|p2b: Sinistcha|0 fnt\n|faint|p2b: Sinistcha\n|\n|-weather|SunnyDay|[upkeep]\n|upkeep\n|\n|t:|1776299700\n|switch|p2b: Floette|Floette-Mega, L50, F, shiny|100/100\n|-ability|p2b: Floette|Fairy Aura\n|turn|9\n|inactive|gooseyj has 30 seconds left.\n|inactive|gooseyj has 20 seconds left.\n|inactive|gooseyj has 15 seconds left.\n|\n|t:|1776299741\n|move|p2a: Incineroar|Flare Blitz|p1a: Aerodactyl\n|-resisted|p1a: Aerodactyl|1\n|-damage|p1a: Aerodactyl|0 fnt\n|faint|p1a: Aerodactyl\n|-damage|p2a: Incineroar|21/100|[from] Recoil\n|move|p2b: Floette|Moonblast|p1b: Charizard\n|-resisted|p1b: Charizard|1\n|-damage|p1b: Charizard|40/100\n|move|p1b: Charizard|Heat Wave|p2a: Incineroar|[spread] p2b\n|-miss|p1b: Charizard|p2a: Incineroar\n|-damage|p2b: Floette|57/100\n|\n|-weather|SunnyDay|[upkeep]\n|upkeep\n|c|\u2606gooseyj|holy shit\n|\n|t:|1776299755\n|switch|p1a: Venusaur|Venusaur, L50, M|5/100\n|turn|10\n|inactive|gooseyj has 30 seconds left.\n|inactive|Noobilio has 30 seconds left.\n|\n|t:|1776299786\n|move|p1b: Charizard|Protect|p1b: Charizard\n|-singleturn|p1b: Charizard|Protect\n|move|p2a: Incineroar|Parting Shot|p1b: Charizard\n|-activate|p1b: Charizard|move: Protect\n|move|p2b: Floette|Calm Mind|p2b: Floette\n|-boost|p2b: Floette|spa|1\n|-boost|p2b: Floette|spd|1\n|move|p1a: Venusaur|Sleep Powder|p2a: Incineroar\n|-status|p2a: Incineroar|slp|[from] move: Sleep Powder\n|\n|-weather|SunnyDay|[upkeep]\n|-fieldend|move: Trick Room\n|upkeep\n|turn|11\n|inactive|Noobilio has 30 seconds left.\n|\n|t:|1776299813\n|move|p2b: Floette|Protect|p2b: Floette\n|-singleturn|p2b: Floette|Protect\n|move|p1a: Venusaur|Sludge Bomb|p2b: Floette\n|-activate|p2b: Floette|move: Protect\n|move|p1b: Charizard|Heat Wave|p2a: Incineroar|[spread] p2a\n|-activate|p2b: Floette|move: Protect\n|-resisted|p2a: Incineroar|1\n|-damage|p2a: Incineroar|0 fnt\n|faint|p2a: Incineroar\n|\n|-weather|SunnyDay|[upkeep]\n|upkeep\n|\n|t:|1776299821\n|switch|p2a: Aerodactyl|Aerodactyl, L50, M|100/100\n|-ability|p2a: Aerodactyl|Unnerve\n|turn|12\n|inactive|gooseyj has 30 seconds left.\n|\n|t:|1776299855\n|move|p1a: Venusaur|Sludge Bomb|p2b: Floette\n|-supereffective|p2b: Floette|1\n|-damage|p2b: Floette|20/100\n|move|p2a: Aerodactyl|Rock Slide|p1b: Charizard|[spread] p1a,p1b\n|-supereffective|p1b: Charizard|2\n|-damage|p1a: Venusaur|0 fnt\n|-damage|p1b: Charizard|0 fnt\n|faint|p1a: Venusaur\n|faint|p1b: Charizard\n|\n|win|Noobilio\n|raw|gooseyj's rating: 1229 &rarr; <strong>1212</strong><br />(-17 for losing)\n|raw|Noobilio's rating: 1337 &rarr; <strong>1351</strong><br />(+14 for winning)\n|c|\u2606Noobilio|ggwp\n|c|\u2606gooseyj|lmfao nah\n|c|\u2606gooseyj|get better\n",
  "uploadtime": 1776299861,
  "views": 33,
  "formatid": "gen9championsvgc2026regma",
  "rating": 1212,
  "private": 0,
  "password": null
}