{
  "id": "gen9championsvgc2026regma-2584047640",
  "format": "[Gen 9 Champions] VGC 2026 Reg M-A",
  "players": [
    "slothgameplay",
    "Seismitoad dynasty"
  ],
  "log": "|j|\u2606slothgameplay\n|j|\u2606Seismitoad dynasty\n|t:|1776219947\n|gametype|doubles\n|player|p1|slothgameplay|169|1195\n|player|p2|Seismitoad dynasty|li|1119\n|gen|9\n|tier|[Gen 9 Champions] VGC 2026 Reg M-A\n|rated|\n|rule|Species Clause: Limit one of each Pok\u00e9mon\n|rule|Item Clause: Limit 1 of each item\n|clearpoke\n|poke|p1|Gengar, L50, F|\n|poke|p1|Incineroar, L50, M|\n|poke|p1|Sinistcha-Masterpiece, L50|\n|poke|p1|Kingambit, L50, M|\n|poke|p1|Tyranitar, L50, F|\n|poke|p1|Kommo-o, L50, F|\n|poke|p2|Drampa, L50, M|\n|poke|p2|Alakazam, L50, F|\n|poke|p2|Sinistcha, L50|\n|poke|p2|Pelipper, L50, M|\n|poke|p2|Basculegion, L50, M|\n|poke|p2|Scizor, L50, M|\n|teampreview|4\n|inactive|Battle timer is ON: inactive players will automatically lose when time's up. (requested by Seismitoad dynasty)\n|\n|t:|1776219972\n|teamsize|p1|4\n|teamsize|p2|4\n|start\n|switch|p1a: Jigokudo|Gengar, L50, F, shiny|100/100\n|switch|p1b: Incineroar|Incineroar, L50, M|100/100\n|switch|p2a: Pelipper|Pelipper, L50, M|100/100\n|switch|p2b: Basculegion|Basculegion, L50, M|100/100\n|-weather|RainDance|[from] ability: Drizzle|[of] p2a: Pelipper\n|-ability|p1b: Incineroar|Intimidate|boost\n|-unboost|p2a: Pelipper|atk|1\n|-unboost|p2b: Basculegion|atk|1\n|turn|1\n|inactive|slothgameplay has 30 seconds left.\n|inactive|Seismitoad dynasty has 30 seconds left.\n|\n|t:|1776220006\n|switch|p1b: Tyranitar|Tyranitar, L50, F|100/100\n|-weather|Sandstorm|[from] ability: Sand Stream|[of] p1b: Tyranitar\n|detailschange|p1a: Jigokudo|Gengar-Mega, L50, F, shiny\n|-mega|p1a: Jigokudo|Gengar|Gengarite\n|move|p1a: Jigokudo|Shadow Ball|p2b: Basculegion\n|-supereffective|p2b: Basculegion|1\n|-damage|p2b: Basculegion|7/100\n|move|p2b: Basculegion|Wave Crash|p1a: Jigokudo\n|-crit|p1a: Jigokudo\n|-damage|p1a: Jigokudo|0 fnt\n|faint|p1a: Jigokudo\n|-damage|p2b: Basculegion|0 fnt|[from] Recoil\n|faint|p2b: Basculegion\n|move|p2a: Pelipper|Hurricane|p1b: Tyranitar\n|-resisted|p1b: Tyranitar|1\n|-damage|p1b: Tyranitar|85/100\n|\n|-weather|Sandstorm|[upkeep]\n|-damage|p2a: Pelipper|95/100|[from] Sandstorm\n|upkeep\n|inactive|Seismitoad dynasty has 30 seconds left.\n|\n|t:|1776220038\n|switch|p1a: Sinistcha|Sinistcha-Masterpiece, L50|100/100\n|switch|p2b: Alakazam|Alakazam, L50, F|100/100\n|-heal|p1b: Tyranitar|100/100|[from] ability: Hospitality|[of] p1a: Sinistcha\n|turn|2\n|\n|t:|1776220057\n|switch|p2a: Drampa|Drampa, L50, M|100/100\n|-ability|p2a: Drampa|Cloud Nine\n|move|p2b: Alakazam|Reflect|p2b: Alakazam\n|-sidestart|p2: Seismitoad dynasty|Reflect\n|move|p1b: Tyranitar|Rock Slide|p2a: Drampa|[spread] p2a,p2b\n|-damage|p2a: Drampa|78/100\n|-damage|p2b: Alakazam|58/100\n|move|p1a: Sinistcha|Matcha Gotcha|p2b: Alakazam|[spread] p2a,p2b\n|-resisted|p2a: Drampa|1\n|-damage|p2a: Drampa|65/100\n|-damage|p2b: Alakazam|32/100\n|\n|-weather|Sandstorm|[upkeep]\n|upkeep\n|turn|3\n|\n|t:|1776220080\n|detailschange|p2a: Drampa|Drampa-Mega, L50, M\n|-mega|p2a: Drampa|Drampa|Drampanite\n|move|p1a: Sinistcha|Rage Powder|p1a: Sinistcha\n|-singleturn|p1a: Sinistcha|move: Rage Powder\n|move|p2b: Alakazam|Speed Swap|p1a: Sinistcha\n|-activate|p2b: Alakazam|move: Speed Swap|[of] p1a: Sinistcha\n|move|p1b: Tyranitar|Rock Slide|p2b: Alakazam|[spread] p2a,p2b\n|-damage|p2a: Drampa|48/100\n|-damage|p2b: Alakazam|0 fnt\n|faint|p2b: Alakazam\n|-ability|p2a: Drampa|Berserk|boost\n|-boost|p2a: Drampa|spa|1\n|move|p2a: Drampa|Earth Power|p1a: Sinistcha\n|-resisted|p1a: Sinistcha|1\n|-damage|p1a: Sinistcha|70/100\n|\n|-weather|Sandstorm|[upkeep]\n|-damage|p1a: Sinistcha|63/100|[from] Sandstorm\n|-damage|p2a: Drampa|42/100|[from] Sandstorm\n|upkeep\n|\n|t:|1776220093\n|switch|p2b: Pelipper|Pelipper, L50, M|95/100\n|-weather|RainDance|[from] ability: Drizzle|[of] p2b: Pelipper\n|turn|4\n|\n|t:|1776220116\n|switch|p1b: Incineroar|Incineroar, L50, M|100/100\n|-ability|p1b: Incineroar|Intimidate|boost\n|-unboost|p2a: Drampa|atk|1\n|-unboost|p2b: Pelipper|atk|1\n|move|p1a: Sinistcha|Protect|p1a: Sinistcha\n|-singleturn|p1a: Sinistcha|Protect\n|move|p2a: Drampa|Protect|p2a: Drampa\n|-singleturn|p2a: Drampa|Protect\n|move|p2b: Pelipper|Hurricane|p1a: Sinistcha\n|-activate|p1a: Sinistcha|move: Protect\n|\n|-weather|RainDance|[upkeep]\n|upkeep\n|turn|5\n|inactive|slothgameplay has 30 seconds left.\n|inactive|slothgameplay has 20 seconds left.\n|inactive|slothgameplay has 15 seconds left.\n|inactive|slothgameplay has 10 seconds left.\n|inactive|slothgameplay has 5 seconds left.\n|\n|t:|1776220166\n|switch|p1b: Tyranitar|Tyranitar, L50, F|100/100\n|-weather|Sandstorm|[from] ability: Sand Stream|[of] p1b: Tyranitar\n|move|p1a: Sinistcha|Matcha Gotcha|p2b: Pelipper|[spread] p2a,p2b\n|-resisted|p2a: Drampa|1\n|-damage|p2a: Drampa|32/100\n|-heal|p1a: Sinistcha|68/100|[from] drain|[of] p2a: Drampa\n|-damage|p2b: Pelipper|55/100\n|-heal|p1a: Sinistcha|84/100|[from] drain|[of] p2b: Pelipper\n|-status|p2b: Pelipper|brn\n|move|p2b: Pelipper|Tailwind|p2b: Pelipper\n|-sidestart|p2: Seismitoad dynasty|move: Tailwind\n|move|p2a: Drampa|Calm Mind|p2a: Drampa\n|-boost|p2a: Drampa|spa|1\n|-boost|p2a: Drampa|spd|1\n|\n|-weather|Sandstorm|[upkeep]\n|-damage|p2b: Pelipper|49/100 brn|[from] Sandstorm\n|-damage|p1a: Sinistcha|77/100|[from] Sandstorm\n|-damage|p2a: Drampa|26/100|[from] Sandstorm\n|-damage|p2b: Pelipper|44/100 brn|[from] brn\n|upkeep\n|turn|6\n|inactive|slothgameplay has 30 seconds left.\n|inactive|Seismitoad dynasty has 30 seconds left.\n|\n|t:|1776220200\n|move|p2a: Drampa|Protect|p2a: Drampa\n|-singleturn|p2a: Drampa|Protect\n|move|p1a: Sinistcha|Rage Powder|p1a: Sinistcha\n|-singleturn|p1a: Sinistcha|move: Rage Powder\n|move|p2b: Pelipper|Hurricane|p1a: Sinistcha\n|-supereffective|p1a: Sinistcha|1\n|-damage|p1a: Sinistcha|0 fnt\n|faint|p1a: Sinistcha\n|move|p1b: Tyranitar|Rock Slide|p2a: Drampa|[spread] p2b\n|-activate|p2a: Drampa|move: Protect\n|-supereffective|p2b: Pelipper|1\n|-damage|p2b: Pelipper|0 fnt\n|faint|p2b: Pelipper\n|\n|-weather|Sandstorm|[upkeep]\n|-damage|p2a: Drampa|20/100|[from] Sandstorm\n|-sideend|p2: Seismitoad dynasty|Reflect\n|upkeep\n|\n|t:|1776220216\n|switch|p1a: Incineroar|Incineroar, L50, M|100/100\n|-ability|p1a: Incineroar|Intimidate|boost\n|-unboost|p2a: Drampa|atk|1\n|turn|7\n|\n|t:|1776220229\n|move|p1a: Incineroar|Fake Out|p2a: Drampa\n|-damage|p2a: Drampa|11/100\n|move|p1b: Tyranitar|Rock Slide|p2a: Drampa\n|-damage|p2a: Drampa|0 fnt\n|faint|p2a: Drampa\n|\n|win|slothgameplay\n|raw|slothgameplay's rating: 1195 &rarr; <strong>1215</strong><br />(+20 for winning)\n|raw|Seismitoad dynasty's rating: 1119 &rarr; <strong>1099</strong><br />(-20 for losing)\n",
  "uploadtime": 1776220229,
  "views": 20,
  "formatid": "gen9championsvgc2026regma",
  "rating": 1099,
  "private": 0,
  "password": null
}