{
  "id": "gen9championsvgc2026regma-2587298269",
  "format": "[Gen 9 Champions] VGC 2026 Reg M-A",
  "players": [
    "TridungTang",
    "hide on whimscott"
  ],
  "log": "|j|\u2606TridungTang\n|j|\u2606hide on whimscott\n|t:|1776519602\n|gametype|doubles\n|player|p1|TridungTang|n|1284\n|player|p2|hide on whimscott|artist-gen4|1358\n|gen|9\n|tier|[Gen 9 Champions] VGC 2026 Reg M-A\n|rated|\n|rule|Species Clause: Limit one of each Pok\u00e9mon\n|rule|Item Clause: Limit 1 of each item\n|clearpoke\n|poke|p1|Incineroar, L50, M, shiny|\n|poke|p1|Sinistcha, L50, shiny|\n|poke|p1|Farigiraf, L50, F|\n|poke|p1|Ampharos, L50, F|\n|poke|p1|Gallade, L50, M, shiny|\n|poke|p1|Scizor, L50, M|\n|poke|p2|Venusaur, L50, F|\n|poke|p2|Sneasler, L50, F|\n|poke|p2|Kingambit, L50, M|\n|poke|p2|Incineroar, L50, M|\n|poke|p2|Basculegion, L50, M|\n|poke|p2|Dragonite, L50, M|\n|teampreview|4\n|\n|t:|1776519654\n|teamsize|p1|4\n|teamsize|p2|4\n|start\n|switch|p1a: Gallade|Gallade, L50, M, shiny|100/100\n|switch|p1b: Farigiraf|Farigiraf, L50, F|100/100\n|switch|p2a: Dragonite|Dragonite, L50, M|100/100\n|switch|p2b: Basculegion|Basculegion, L50, M|100/100\n|turn|1\n|\n|t:|1776519686\n|move|p2b: Basculegion|Flip Turn|p1a: Gallade\n|-damage|p1a: Gallade|49/100\n|\n|t:|1776519691\n|switch|p2b: Kingambit|Kingambit, L50, M|100/100|[from] Flip Turn\n|move|p2a: Dragonite|Air Slash|p1a: Gallade\n|-supereffective|p1a: Gallade|1\n|-damage|p1a: Gallade|0 fnt\n|faint|p1a: Gallade\n|move|p1b: Farigiraf|Trick Room|p1b: Farigiraf\n|-fieldstart|move: Trick Room|[of] p1b: Farigiraf\n|\n|upkeep\n|\n|t:|1776519701\n|switch|p1a: Ampharos|Ampharos, L50, F|100/100\n|turn|2\n|\n|t:|1776519724\n|detailschange|p1a: Ampharos|Ampharos-Mega, L50, F\n|-mega|p1a: Ampharos|Ampharos|Ampharosite\n|-ability|p1a: Ampharos|Mold Breaker\n|detailschange|p2a: Dragonite|Dragonite-Mega, L50, M\n|-mega|p2a: Dragonite|Dragonite|Dragoninite\n|move|p1a: Ampharos|Dragon Pulse|p2a: Dragonite\n|-supereffective|p2a: Dragonite|1\n|-damage|p2a: Dragonite|9/100\n|move|p1b: Farigiraf|Psychic|p2a: Dragonite\n|-damage|p2a: Dragonite|0 fnt\n|faint|p2a: Dragonite\n|move|p2b: Kingambit|Kowtow Cleave|p1b: Farigiraf\n|-supereffective|p1b: Farigiraf|1\n|-damage|p1b: Farigiraf|19/100\n|\n|-heal|p1b: Farigiraf|25/100|[from] item: Leftovers\n|upkeep\n|\n|t:|1776519738\n|switch|p2a: Incineroar|Incineroar, L50, M|100/100\n|-ability|p2a: Incineroar|Intimidate|boost\n|-unboost|p1a: Ampharos|atk|1\n|-unboost|p1b: Farigiraf|atk|1\n|turn|3\n|\n|t:|1776519753\n|move|p1b: Farigiraf|Protect|p1b: Farigiraf\n|-singleturn|p1b: Farigiraf|Protect\n|move|p1a: Ampharos|Thunderbolt|p2b: Kingambit\n|-damage|p2b: Kingambit|45/100\n|move|p2b: Kingambit|Kowtow Cleave|p1b: Farigiraf\n|-activate|p1b: Farigiraf|move: Protect\n|move|p2a: Incineroar|Parting Shot|p1a: Ampharos\n|-unboost|p1a: Ampharos|atk|1\n|-unboost|p1a: Ampharos|spa|1\n|\n|t:|1776519763\n|switch|p2a: Basculegion|Basculegion, L50, M|100/100|[from] Parting Shot\n|\n|-heal|p1b: Farigiraf|31/100|[from] item: Leftovers\n|upkeep\n|turn|4\n|\n|t:|1776519802\n|switch|p2a: Incineroar|Incineroar, L50, M|100/100\n|-ability|p2a: Incineroar|Intimidate|boost\n|-unboost|p1a: Ampharos|atk|1\n|-unboost|p1b: Farigiraf|atk|1\n|move|p1a: Ampharos|Thunderbolt|p2a: Incineroar\n|-damage|p2a: Incineroar|70/100\n|move|p1b: Farigiraf|Hyper Voice|p2a: Incineroar|[spread] p2a,p2b\n|-resisted|p2b: Kingambit|1\n|-damage|p2a: Incineroar|51/100\n|-damage|p2b: Kingambit|32/100\n|move|p2b: Kingambit|Kowtow Cleave|p1b: Farigiraf\n|-supereffective|p1b: Farigiraf|1\n|-damage|p1b: Farigiraf|0 fnt\n|faint|p1b: Farigiraf\n|\n|upkeep\n|\n|t:|1776519818\n|switch|p1b: Sinistcha|Sinistcha, L50, shiny|100/100\n|turn|5\n|\n|t:|1776519840\n|move|p2a: Incineroar|Fake Out|p1a: Ampharos\n|-damage|p1a: Ampharos|92/100\n|cant|p1a: Ampharos|flinch\n|move|p2b: Kingambit|Swords Dance|p2b: Kingambit\n|-boost|p2b: Kingambit|atk|2\n|move|p1b: Sinistcha|Life Dew||[still]|[spread] p1a,p1b\n|-heal|p1a: Ampharos|100/100\n|-fail|p1b: Sinistcha|heal\n|\n|-fieldend|move: Trick Room\n|upkeep\n|turn|6\n|\n|t:|1776519865\n|move|p1b: Sinistcha|Rage Powder|p1b: Sinistcha\n|-singleturn|p1b: Sinistcha|move: Rage Powder\n|move|p2a: Incineroar|Throat Chop|p1b: Sinistcha\n|-supereffective|p1b: Sinistcha|1\n|-damage|p1b: Sinistcha|56/100\n|-start|p1b: Sinistcha|Throat Chop|[silent]\n|move|p2b: Kingambit|Kowtow Cleave|p1b: Sinistcha\n|-supereffective|p1b: Sinistcha|1\n|-damage|p1b: Sinistcha|0 fnt\n|faint|p1b: Sinistcha\n|move|p1a: Ampharos|Thunderbolt|p2b: Kingambit\n|-damage|p2b: Kingambit|0 fnt\n|faint|p2b: Kingambit\n|\n|upkeep\n|\n|t:|1776519869\n|switch|p2b: Basculegion|Basculegion, L50, M|100/100\n|turn|7\n|\n|t:|1776519882\n|move|p2b: Basculegion|Last Respects|p1a: Ampharos\n|-damage|p1a: Ampharos|15/100\n|move|p2a: Incineroar|Throat Chop|p1a: Ampharos\n|-damage|p1a: Ampharos|0 fnt\n|faint|p1a: Ampharos\n|\n|win|hide on whimscott\n|raw|TridungTang's rating: 1284 &rarr; <strong>1264</strong><br />(-20 for losing)\n|raw|hide on whimscott's rating: 1358 &rarr; <strong>1374</strong><br />(+16 for winning)\n",
  "uploadtime": 1776519882,
  "views": 22,
  "formatid": "gen9championsvgc2026regma",
  "rating": 1264,
  "private": 0,
  "password": null
}