{
  "id": "gen9championsvgc2026regma-2586321080",
  "format": "[Gen 9 Champions] VGC 2026 Reg M-A",
  "players": [
    "Artuts321",
    "KogaAF1219"
  ],
  "log": "|j|\u2606Artuts321\n|j|\u2606KogaAF1219\n|t:|1776425034\n|gametype|doubles\n|player|p1|Artuts321|1|1251\n|player|p2|KogaAF1219|koga|1353\n|gen|9\n|tier|[Gen 9 Champions] VGC 2026 Reg M-A\n|rated|\n|rule|Species Clause: Limit one of each Pok\u00e9mon\n|rule|Item Clause: Limit 1 of each item\n|clearpoke\n|poke|p1|Gengar, L50, M|\n|poke|p1|Incineroar, L50, M|\n|poke|p1|Sableye, L50, F|\n|poke|p1|Sneasler, L50, F|\n|poke|p1|Pelipper, L50, F|\n|poke|p1|Blastoise, L50, F|\n|poke|p2|Torkoal, L50, F|\n|poke|p2|Venusaur, L50, F|\n|poke|p2|Incineroar, L50, M|\n|poke|p2|Farigiraf, L50, F|\n|poke|p2|Rotom-Fan, L50|\n|poke|p2|Excadrill, L50, M|\n|teampreview|4\n|\n|t:|1776425068\n|teamsize|p1|4\n|teamsize|p2|4\n|start\n|switch|p1a: Incineroar|Incineroar, L50, M|100/100\n|switch|p1b: Gengar|Gengar, L50, M|100/100\n|switch|p2a: Rotom|Rotom-Fan, L50|100/100\n|switch|p2b: Excadrill|Excadrill, L50, M|100/100\n|-ability|p2b: Excadrill|Mold Breaker\n|-ability|p1a: Incineroar|Intimidate|boost\n|-unboost|p2a: Rotom|atk|1\n|-unboost|p2b: Excadrill|atk|1\n|turn|1\n|\n|t:|1776425086\n|detailschange|p1b: Gengar|Gengar-Mega, L50, M\n|-mega|p1b: Gengar|Gengar|Gengarite\n|move|p1a: Incineroar|Fake Out|p2b: Excadrill\n|-resisted|p2b: Excadrill|1\n|-damage|p2b: Excadrill|93/100\n|move|p2a: Rotom|Discharge|p1a: Incineroar|[spread] p1a,p1b\n|-immune|p2b: Excadrill\n|-damage|p1a: Incineroar|83/100\n|-damage|p1b: Gengar|75/100\n|move|p1b: Gengar|Perish Song|p1b: Gengar\n|-start|p1a: Incineroar|perish3|[silent]\n|-start|p1b: Gengar|perish3|[silent]\n|-start|p2a: Rotom|perish3|[silent]\n|-start|p2b: Excadrill|perish3|[silent]\n|-fieldactivate|move: Perish Song\n|cant|p2b: Excadrill|flinch\n|\n|-start|p2a: Rotom|perish3\n|-start|p1b: Gengar|perish3\n|-start|p2b: Excadrill|perish3\n|-start|p1a: Incineroar|perish3\n|upkeep\n|turn|2\n|\n|t:|1776425116\n|switch|p1b: Sneasler|Sneasler, L50, F|100/100\n|move|p2a: Rotom|Discharge|p1a: Incineroar|[spread] p1a,p1b\n|-immune|p2b: Excadrill\n|-damage|p1a: Incineroar|66/100\n|-damage|p1b: Sneasler|68/100\n|move|p2b: Excadrill|Earthquake|p1a: Incineroar|[spread] p1a,p1b\n|-immune|p2a: Rotom\n|-supereffective|p1a: Incineroar|1\n|-supereffective|p1b: Sneasler|1\n|-damage|p1a: Incineroar|20/100\n|-damage|p1b: Sneasler|0 fnt\n|-enditem|p1a: Incineroar|Sitrus Berry|[eat]\n|-heal|p1a: Incineroar|45/100|[from] item: Sitrus Berry\n|faint|p1b: Sneasler\n|move|p1a: Incineroar|Parting Shot|p2b: Excadrill\n|-unboost|p2b: Excadrill|atk|1\n|-unboost|p2b: Excadrill|spa|1\n|\n|t:|1776425128\n|switch|p1a: Gengar|Gengar-Mega, L50, M|75/100|[from] Parting Shot\n|\n|-start|p2a: Rotom|perish2\n|-start|p2b: Excadrill|perish2\n|upkeep\n|\n|t:|1776425130\n|switch|p1b: Pelipper|Pelipper, L50, F|100/100\n|-weather|RainDance|[from] ability: Drizzle|[of] p1b: Pelipper\n|turn|3\n|inactive|Battle timer is ON: inactive players will automatically lose when time's up. (requested by KogaAF1219)\n|\n|t:|1776425162\n|switch|p1b: Incineroar|Incineroar, L50, M|45/100\n|-ability|p1b: Incineroar|Intimidate|boost\n|-unboost|p2a: Rotom|atk|1\n|-unboost|p2b: Excadrill|atk|1\n|move|p1a: Gengar|Protect|p1a: Gengar\n|-singleturn|p1a: Gengar|Protect\n|move|p2a: Rotom|Discharge|p1b: Incineroar|[spread] p1b\n|-activate|p1a: Gengar|move: Protect\n|-immune|p2b: Excadrill\n|-damage|p1b: Incineroar|27/100\n|move|p2b: Excadrill|High Horsepower|p1a: Gengar\n|-activate|p1a: Gengar|move: Protect\n|\n|-weather|RainDance|[upkeep]\n|-start|p2a: Rotom|perish1\n|-start|p2b: Excadrill|perish1\n|upkeep\n|turn|4\n|inactive|Artuts321 has 30 seconds left.\n|\n|t:|1776425192\n|move|p1b: Incineroar|Fake Out|p2b: Excadrill\n|-resisted|p2b: Excadrill|1\n|-damage|p2b: Excadrill|86/100\n|move|p2a: Rotom|Discharge|p1b: Incineroar|[spread] p1a,p1b\n|-immune|p2b: Excadrill\n|-damage|p1a: Gengar|49/100\n|-damage|p1b: Incineroar|9/100\n|-status|p1a: Gengar|par\n|cant|p2b: Excadrill|flinch\n|move|p1a: Gengar|Disable|p2a: Rotom\n|-start|p2a: Rotom|Disable|Discharge\n|\n|-weather|RainDance|[upkeep]\n|-start|p2a: Rotom|perish0\n|-start|p2b: Excadrill|perish0\n|upkeep\n|faint|p2a: Rotom\n|faint|p2b: Excadrill\n|\n|t:|1776425207\n|switch|p2b: Torkoal|Torkoal, L50, F|100/100\n|switch|p2a: Venusaur|Venusaur, L50, F|100/100\n|-weather|SunnyDay|[from] ability: Drought|[of] p2b: Torkoal\n|turn|5\n|\n|t:|1776425223\n|switch|p1b: Pelipper|Pelipper, L50, F|100/100\n|-weather|RainDance|[from] ability: Drizzle|[of] p1b: Pelipper\n|detailschange|p2a: Venusaur|Venusaur-Mega, L50, F\n|-mega|p2a: Venusaur|Venusaur|Venusaurite\n|move|p2a: Venusaur|Giga Drain|p1b: Pelipper\n|-damage|p1b: Pelipper|31/100\n|cant|p1a: Gengar|par\n|move|p2b: Torkoal|Earth Power|p1a: Gengar\n|-supereffective|p1a: Gengar|1\n|-damage|p1a: Gengar|0 fnt\n|faint|p1a: Gengar\n|\n|-weather|RainDance|[upkeep]\n|upkeep\n|\n|t:|1776425236\n|switch|p1a: Incineroar|Incineroar, L50, M|9/100\n|-ability|p1a: Incineroar|Intimidate|boost\n|-unboost|p2a: Venusaur|atk|1\n|-unboost|p2b: Torkoal|atk|1\n|turn|6\n|\n|t:|1776425252\n|move|p1a: Incineroar|Fake Out|p2b: Torkoal\n|-damage|p2b: Torkoal|93/100\n|move|p1b: Pelipper|Hurricane|p2a: Venusaur\n|-supereffective|p2a: Venusaur|1\n|-damage|p2a: Venusaur|21/100\n|move|p2a: Venusaur|Giga Drain|p1b: Pelipper\n|-damage|p1b: Pelipper|0 fnt\n|-heal|p2a: Venusaur|33/100|[from] drain|[of] p1b: Pelipper\n|faint|p1b: Pelipper\n|cant|p2b: Torkoal|flinch\n|\n|-weather|RainDance|[upkeep]\n|upkeep\n|turn|7\n|\n|t:|1776425266\n|move|p1a: Incineroar|Fake Out||[still]\n|-hint|Fake Out only works on your first turn out.\n|-fail|p1a: Incineroar\n|move|p2a: Venusaur|Sludge Bomb|p1a: Incineroar\n|-damage|p1a: Incineroar|0 fnt\n|faint|p1a: Incineroar\n|\n|win|KogaAF1219\n|raw|Artuts321's rating: 1251 &rarr; <strong>1233</strong><br />(-18 for losing)\n|raw|KogaAF1219's rating: 1353 &rarr; <strong>1367</strong><br />(+14 for winning)\n|l|\u2606Artuts321\n|player|p1|\n|l|\u2606KogaAF1219\n|player|p2|\n|j|\u2606KogaAF1219\n|player|p2|KogaAF1219|koga|\n",
  "uploadtime": 1776425518,
  "views": 54,
  "formatid": "gen9championsvgc2026regma",
  "rating": 1233,
  "private": 0,
  "password": null
}