{
  "id": "gen9championsvgc2026regma-2587591631",
  "format": "[Gen 9 Champions] VGC 2026 Reg M-A",
  "players": [
    "zanski",
    "busterbunner"
  ],
  "log": "|j|\u2606zanski\n|j|\u2606busterbunner\n|t:|1776545073\n|gametype|doubles\n|player|p1|zanski|ltsurge-gen2|1187\n|player|p2|busterbunner|grimsley|1161\n|gen|9\n|tier|[Gen 9 Champions] VGC 2026 Reg M-A\n|rated|\n|rule|Species Clause: Limit one of each Pok\u00e9mon\n|rule|Item Clause: Limit 1 of each item\n|clearpoke\n|poke|p1|Kommo-o, L50, F|\n|poke|p1|Aegislash, L50, M|\n|poke|p1|Aerodactyl, L50, M|\n|poke|p1|Milotic, L50, F, shiny|\n|poke|p1|Floette-Eternal, L50, F|\n|poke|p1|Incineroar, L50, M|\n|poke|p2|Kangaskhan, L50, F|\n|poke|p2|Farigiraf, L50, M, shiny|\n|poke|p2|Golurk, L50|\n|poke|p2|Sinistcha, L50|\n|poke|p2|Incineroar, L50, M|\n|poke|p2|Pelipper, L50, F|\n|teampreview|4\n|inactive|Battle timer is ON: inactive players will automatically lose when time's up. (requested by busterbunner)\n|j| skonk\n|c| skonk|hello threre chaps\n|c| skonk|lets all have fun\n|c|\u2606busterbunner|Hiya\n|inactive|zanski has 60 seconds left.\n|inactive|busterbunner has 60 seconds left.\n|\n|t:|1776545128\n|teamsize|p1|4\n|teamsize|p2|4\n|start\n|switch|p1a: Aegislash|Aegislash, L50, M|100/100\n|switch|p1b: Kommo-o|Kommo-o, L50, F|100/100\n|switch|p2a: Sinistcha|Sinistcha, L50|100/100\n|switch|p2b: Iron Giant|Golurk, L50|100/100\n|turn|1\n|c| skonk|i am a bit tipsy\n|c|\u2606zanski|happy saturday\n|c| skonk|you too\n|inactive|zanski has 30 seconds left.\n|inactive|busterbunner has 30 seconds left.\n|c| skonk|i want you to win now\n|\n|t:|1776545160\n|detailschange|p2b: Iron Giant|Golurk-Mega, L50\n|-mega|p2b: Iron Giant|Golurk|Golurkite\n|move|p1b: Kommo-o|Iron Defense|p1b: Kommo-o\n|-boost|p1b: Kommo-o|def|2\n|-formechange|p1a: Aegislash|Aegislash-Blade|\n|move|p1a: Aegislash|Flash Cannon|p2a: Sinistcha\n|-damage|p2a: Sinistcha|63/100\n|move|p2b: Iron Giant|Ice Punch|p1b: Kommo-o\n|-supereffective|p1b: Kommo-o|1\n|-damage|p1b: Kommo-o|77/100\n|move|p2a: Sinistcha|Trick Room|p2a: Sinistcha\n|-fieldstart|move: Trick Room|[of] p2a: Sinistcha\n|\n|upkeep\n|turn|2\n|c| skonk|you are friendly\n|c|\u2606zanski|o7\n|inactive|zanski has 30 seconds left.\n|c|\u2606busterbunner|Oh God, well that's a problem\n|inactive|zanski has 20 seconds left.\n|inactive|zanski has 15 seconds left.\n|inactive|zanski has 10 seconds left.\n|inactive|zanski has 5 seconds left.\n|\n|t:|1776545212\n|move|p1b: Kommo-o|Protect|p1b: Kommo-o\n|-singleturn|p1b: Kommo-o|Protect\n|move|p2b: Iron Giant|High Horsepower|p1a: Aegislash\n|-supereffective|p1a: Aegislash|1\n|-damage|p1a: Aegislash|0 fnt\n|faint|p1a: Aegislash\n|move|p2a: Sinistcha|Shadow Ball|p1b: Kommo-o\n|-activate|p1b: Kommo-o|move: Protect\n|\n|upkeep\n|c| skonk|ooh\n|c| skonk|thats sad\n|\n|t:|1776545224\n|switch|p1a: Incineroar|Incineroar, L50, M|100/100\n|-ability|p1a: Incineroar|Intimidate|boost\n|-unboost|p2a: Sinistcha|atk|1\n|-unboost|p2b: Iron Giant|atk|1\n|turn|3\n|c|\u2606busterbunner|So fun fact\n|c| skonk|yes?\n|inactive|zanski has 30 seconds left.\n|\n|t:|1776545256\n|move|p2b: Iron Giant|High Horsepower|p1a: Incineroar\n|-supereffective|p1a: Incineroar|1\n|-damage|p1a: Incineroar|31/100\n|-enditem|p1a: Incineroar|Sitrus Berry|[eat]\n|-heal|p1a: Incineroar|56/100|[from] item: Sitrus Berry\n|move|p1a: Incineroar|Throat Chop|p2a: Sinistcha\n|-supereffective|p2a: Sinistcha|1\n|-damage|p2a: Sinistcha|2/100\n|-start|p2a: Sinistcha|Throat Chop|[silent]\n|move|p2a: Sinistcha|Matcha Gotcha|p1a: Incineroar|[spread] p1a,p1b\n|-resisted|p1a: Incineroar|1\n|-resisted|p1b: Kommo-o|1\n|-damage|p1a: Incineroar|47/100\n|-heal|p2a: Sinistcha|7/100|[from] drain|[of] p1a: Incineroar\n|-damage|p1b: Kommo-o|66/100\n|-heal|p2a: Sinistcha|12/100|[from] drain|[of] p1b: Kommo-o\n|move|p1b: Kommo-o|Draco Meteor|p2b: Iron Giant\n|-damage|p2b: Iron Giant|59/100\n|-unboost|p1b: Kommo-o|spa|2\n|\n|upkeep\n|turn|4\n|c|\u2606busterbunner|Headlong rush insta kill the Incineroar\n|c|\u2606zanski|nah\n|c|\u2606busterbunner|It does\n|inactive|zanski has 30 seconds left.\n|inactive|zanski has 20 seconds left.\n|inactive|zanski has 15 seconds left.\n|c|\u2606busterbunner|Seen it on champions and tested it as well\n|\n|t:|1776545297\n|switch|p1a: Floette|Floette-Eternal, L50, F|100/100\n|move|p2b: Iron Giant|High Horsepower|p1a: Floette\n|-damage|p1a: Floette|45/100\n|move|p2a: Sinistcha|Matcha Gotcha|p1b: Kommo-o|[spread] p1a,p1b\n|-resisted|p1b: Kommo-o|1\n|-damage|p1a: Floette|29/100\n|-heal|p2a: Sinistcha|21/100|[from] drain|[of] p1a: Floette\n|-damage|p1b: Kommo-o|55/100\n|-heal|p2a: Sinistcha|26/100|[from] drain|[of] p1b: Kommo-o\n|move|p1b: Kommo-o|Draco Meteor|p2a: Sinistcha\n|-damage|p2a: Sinistcha|4/100\n|-unboost|p1b: Kommo-o|spa|2\n|\n|-end|p2a: Sinistcha|Throat Chop|[silent]\n|upkeep\n|turn|5\n|c|\u2606zanski|not mine if i teched to it is what i meant\n|inactive|zanski has 30 seconds left.\n|\n|t:|1776545324\n|detailschange|p1a: Floette|Floette-Mega, L50, F\n|-mega|p1a: Floette|Floette|Floettite\n|-ability|p1a: Floette|Fairy Aura\n|move|p1a: Floette|Protect|p1a: Floette\n|-singleturn|p1a: Floette|Protect\n|move|p2b: Iron Giant|High Horsepower|p1a: Floette\n|-ability|p2b: Iron Giant|Unseen Fist\n|-zbroken|p1a: Floette\n|-damage|p1a: Floette|18/100\n|move|p2a: Sinistcha|Matcha Gotcha|p1b: Kommo-o|[spread] p1b\n|-activate|p1a: Floette|move: Protect\n|-resisted|p1b: Kommo-o|1\n|-damage|p1b: Kommo-o|44/100\n|-heal|p2a: Sinistcha|10/100|[from] drain|[of] p1b: Kommo-o\n|move|p1b: Kommo-o|Draco Meteor|p2a: Sinistcha\n|-damage|p2a: Sinistcha|0 fnt\n|-unboost|p1b: Kommo-o|spa|2\n|faint|p2a: Sinistcha\n|\n|-fieldend|move: Trick Room\n|upkeep\n|c| skonk|i wanted a fun fact about you personallly\n|\n|t:|1776545344\n|switch|p2a: Pelipper|Pelipper, L50, F|100/100\n|-weather|RainDance|[from] ability: Drizzle|[of] p2a: Pelipper\n|turn|6\n|\n|t:|1776545368\n|move|p1b: Kommo-o|Protect|p1b: Kommo-o\n|-singleturn|p1b: Kommo-o|Protect\n|move|p2b: Iron Giant|Protect|p2b: Iron Giant\n|-singleturn|p2b: Iron Giant|Protect\n|move|p1a: Floette|Draining Kiss|p2a: Pelipper\n|-damage|p2a: Pelipper|42/100\n|-heal|p1a: Floette|54/100|[from] drain|[of] p2a: Pelipper\n|move|p2a: Pelipper|Tailwind|p2a: Pelipper\n|-sidestart|p2: busterbunner|move: Tailwind\n|\n|-weather|RainDance|[upkeep]\n|upkeep\n|turn|7\n|\n|t:|1776545386\n|switch|p1b: Incineroar|Incineroar, L50, M|47/100\n|-ability|p1b: Incineroar|Intimidate|boost\n|-unboost|p2a: Pelipper|atk|1\n|-unboost|p2b: Iron Giant|atk|1\n|move|p1a: Floette|Protect|p1a: Floette\n|-singleturn|p1a: Floette|Protect\n|move|p2a: Pelipper|Muddy Water|p1a: Floette|[spread] p1b\n|-activate|p1a: Floette|move: Protect\n|-supereffective|p1b: Incineroar|1\n|-damage|p1b: Incineroar|0 fnt\n|faint|p1b: Incineroar\n|move|p2b: Iron Giant|High Horsepower|p1a: Floette\n|-ability|p2b: Iron Giant|Unseen Fist\n|-zbroken|p1a: Floette\n|-damage|p1a: Floette|45/100\n|\n|-weather|RainDance|[upkeep]\n|upkeep\n|c| skonk|i need to roll a cigarette but i am too tipsy\n|c|\u2606busterbunner|I'm getting outspeeded, crap\n|\n|t:|1776545401\n|switch|p1b: Kommo-o|Kommo-o, L50, F|44/100\n|turn|8\n|c| skonk|fun fatc\n|\n|t:|1776545415\n|move|p2a: Pelipper|Muddy Water|p1b: Kommo-o|[spread] p1a,p1b\n|-resisted|p1b: Kommo-o|1\n|-damage|p1a: Floette|20/100\n|-damage|p1b: Kommo-o|27/100\n|-unboost|p1b: Kommo-o|accuracy|1\n|move|p2b: Iron Giant|Shadow Punch|p1a: Floette\n|-damage|p1a: Floette|0 fnt\n|faint|p1a: Floette\n|move|p1b: Kommo-o|Draco Meteor|p2b: Iron Giant|[miss]\n|-miss|p1b: Kommo-o|p2b: Iron Giant\n|\n|-weather|RainDance|[upkeep]\n|upkeep\n|turn|9\n|c|\u2606zanski|gg king\n|c|\u2606zanski|wp\n|c| skonk|two glasses of white wine is my limit\n|c| skonk|oooh what a miss\n|c|\u2606busterbunner|Really?\n|c|\u2606zanski|get a cat and name it cigarette\n|inactive|busterbunner has 30 seconds left.\n|\n|t:|1776545443\n|move|p2a: Pelipper|Muddy Water|p1b: Kommo-o\n|-resisted|p1b: Kommo-o|1\n|-crit|p1b: Kommo-o\n|-damage|p1b: Kommo-o|0 fnt\n|faint|p1b: Kommo-o\n|\n|win|busterbunner\n|raw|zanski's rating: 1187 &rarr; <strong>1160</strong><br />(-27 for losing)\n|raw|busterbunner's rating: 1161 &rarr; <strong>1188</strong><br />(+27 for winning)\n|c| skonk|gg gents\n|c|\u2606zanski|gg\n|c| skonk|i hafd fun\n|c|\u2606busterbunner|Gg\n|c|\u2606zanski|good one\n|l|\u2606zanski\n|player|p1|\n|c|\u2606busterbunner|Lol\n",
  "uploadtime": 1776545460,
  "views": 10,
  "formatid": "gen9championsvgc2026regma",
  "rating": 1160,
  "private": 0,
  "password": null
}