{
  "id": "gen9championsvgc2026regma-2583815271",
  "format": "[Gen 9 Champions] VGC 2026 Reg M-A",
  "players": [
    "Real Courage",
    "drewew97"
  ],
  "log": "|j|\u2606Real Courage\n|j|\u2606drewew97\n|t:|1776199842\n|gametype|doubles\n|player|p1|Real Courage|266|1107\n|player|p2|drewew97|265|1107\n|gen|9\n|tier|[Gen 9 Champions] VGC 2026 Reg M-A\n|rated|\n|rule|Species Clause: Limit one of each Pok\u00e9mon\n|rule|Item Clause: Limit 1 of each item\n|clearpoke\n|poke|p1|Floette-Eternal, L50, F|\n|poke|p1|Sinistcha, L50|\n|poke|p1|Talonflame, L50, M|\n|poke|p1|Garchomp, L50, M|\n|poke|p1|Rotom-Wash, L50|\n|poke|p1|Kingambit, L50, F|\n|poke|p2|Charizard, L50, M|\n|poke|p2|Tyranitar, L50, M|\n|poke|p2|Gyarados, L50, M|\n|poke|p2|Garchomp, L50, F|\n|poke|p2|Rotom-Mow, L50|\n|poke|p2|Lucario, L50, F|\n|teampreview|4\n|inactive|Battle timer is ON: inactive players will automatically lose when time's up. (requested by Real Courage)\nReal Courage has agreed to open team sheets.\n|\n|t:|1776199914\n|teamsize|p1|4\n|teamsize|p2|4\n|start\n|switch|p1a: Garchomp|Garchomp, L50, M|100/100\n|switch|p1b: Floette|Floette-Eternal, L50, F|100/100\n|switch|p2a: Garchomp|Garchomp, L50, F|100/100\n|switch|p2b: Lucario|Lucario, L50, F|100/100\n|turn|1\n|inactive|drewew97 has 30 seconds left.\n|inactive|drewew97 has 20 seconds left.\n|\n|t:|1776199953\n|detailschange|p2b: Lucario|Lucario-Mega, L50, F\n|-mega|p2b: Lucario|Lucario|Lucarionite\n|detailschange|p1b: Floette|Floette-Mega, L50, F\n|-mega|p1b: Floette|Floette|Floettite\n|-ability|p1b: Floette|Fairy Aura\n|move|p1b: Floette|Protect|p1b: Floette\n|-singleturn|p1b: Floette|Protect\n|move|p2b: Lucario|Bullet Punch|p1b: Floette\n|-activate|p1b: Floette|move: Protect\n|move|p2a: Garchomp|Dragon Claw|p1a: Garchomp\n|-supereffective|p1a: Garchomp|1\n|-damage|p1a: Garchomp|14/100\n|-damage|p2a: Garchomp|88/100|[from] ability: Rough Skin|[of] p1a: Garchomp\n|move|p1a: Garchomp|Earthquake|p2b: Lucario|[spread] p2a,p2b\n|-activate|p1b: Floette|move: Protect\n|-supereffective|p2b: Lucario|1\n|-damage|p2a: Garchomp|41/100\n|-damage|p2b: Lucario|0 fnt\n|faint|p2b: Lucario\n|\n|upkeep\n|\n|t:|1776199973\n|switch|p2b: Charizard|Charizard, L50, M|100/100\n|turn|2\n|\n|t:|1776199988\n|move|p2a: Garchomp|Dragon Claw|p1a: Garchomp\n|-supereffective|p1a: Garchomp|1\n|-damage|p1a: Garchomp|0 fnt\n|-damage|p2a: Garchomp|29/100|[from] ability: Rough Skin|[of] p1a: Garchomp\n|faint|p1a: Garchomp\n|move|p2b: Charizard|Heat Wave|p1b: Floette\n|-damage|p1b: Floette|67/100\n|move|p1b: Floette|Calm Mind|p1b: Floette\n|-boost|p1b: Floette|spa|1\n|-boost|p1b: Floette|spd|1\n|\n|upkeep\n|\n|t:|1776199993\n|switch|p1a: Talonflame|Talonflame, L50, M|100/100\n|turn|3\n|inactive|drewew97 has 30 seconds left.\n|inactive|drewew97 has 20 seconds left.\n|inactive|drewew97 has 15 seconds left.\n|inactive|drewew97 has 10 seconds left.\n|\n|t:|1776200040\n|switch|p2a: Rotom|Rotom-Mow, L50|100/100\n|move|p1a: Talonflame|Tailwind|p1a: Talonflame\n|-sidestart|p1: Real Courage|move: Tailwind\n|move|p1b: Floette|Dazzling Gleam|p2b: Charizard|[spread] p2a,p2b\n|-resisted|p2b: Charizard|1\n|-damage|p2a: Rotom|18/100\n|-damage|p2b: Charizard|55/100\n|-enditem|p2a: Rotom|Sitrus Berry|[eat]\n|-heal|p2a: Rotom|43/100|[from] item: Sitrus Berry\n|move|p2b: Charizard|Heat Wave|p1b: Floette|[spread] p1a\n|-miss|p2b: Charizard|p1b: Floette\n|-resisted|p1a: Talonflame|1\n|-crit|p1a: Talonflame\n|-damage|p1a: Talonflame|62/100\n|\n|upkeep\n|turn|4\n|inactive|drewew97 has 30 seconds left.\n|\n|t:|1776200072\n|move|p2b: Charizard|Protect|p2b: Charizard\n|-singleturn|p2b: Charizard|Protect\n|move|p2a: Rotom|Protect|p2a: Rotom\n|-singleturn|p2a: Rotom|Protect\n|move|p1a: Talonflame|Acrobatics|p2b: Charizard\n|-activate|p2b: Charizard|move: Protect\n|move|p1b: Floette|Dazzling Gleam|p2a: Rotom|[spread] \n|-activate|p2a: Rotom|move: Protect\n|-activate|p2b: Charizard|move: Protect\n|\n|upkeep\n|turn|5\n|inactive|drewew97 has 30 seconds left.\n|\n|t:|1776200099\n|move|p1a: Talonflame|Acrobatics|p2b: Charizard\n|-damage|p2b: Charizard|3/100\n|move|p1b: Floette|Dazzling Gleam|p2b: Charizard|[spread] p2a,p2b\n|-resisted|p2b: Charizard|1\n|-damage|p2a: Rotom|0 fnt\n|-damage|p2b: Charizard|0 fnt\n|faint|p2a: Rotom\n|faint|p2b: Charizard\n|\n|upkeep\n|\n|t:|1776200105\n|switch|p2a: Garchomp|Garchomp, L50, F|29/100\n|turn|6\n|-message|drewew97 forfeited.\n|\n|win|Real Courage\n|raw|Real Courage's rating: 1107 &rarr; <strong>1132</strong><br />(+25 for winning)\n|raw|drewew97's rating: 1107 &rarr; <strong>1082</strong><br />(-25 for losing)\n",
  "uploadtime": 1776200108,
  "views": 17,
  "formatid": "gen9championsvgc2026regma",
  "rating": 1082,
  "private": 0,
  "password": null
}