{
  "id": "gen9championsvgc2026regma-2581680997",
  "format": "[Gen 9 Champions] VGC 2026 Reg M-A",
  "players": [
    "wixlee",
    "Ozempic Glorp"
  ],
  "log": "|j|\u2606wixlee\n|j|\u2606Ozempic Glorp\n|t:|1776020262\n|gametype|doubles\n|player|p1|wixlee|guitarist|1141\n|player|p2|Ozempic Glorp|hilda-wonderlauncher|1167\n|gen|9\n|tier|[Gen 9 Champions] VGC 2026 Reg M-A\n|rated|\n|rule|Species Clause: Limit one of each Pok\u00e9mon\n|rule|Item Clause: Limit 1 of each item\n|clearpoke\n|poke|p1|Kommo-o, L50, M|\n|poke|p1|Altaria, L50, F|\n|poke|p1|Incineroar, L50, F|\n|poke|p1|Primarina, L50, F|\n|poke|p1|Gengar, L50, F|\n|poke|p1|Sableye, L50, M|\n|poke|p2|Venusaur, L50, F|\n|poke|p2|Incineroar, L50, M|\n|poke|p2|Garchomp, L50, M|\n|poke|p2|Charizard, L50, M|\n|poke|p2|Sneasler, L50, F|\n|poke|p2|Rotom-Wash, L50|\n|teampreview|4\n|inactive|Battle timer is ON: inactive players will automatically lose when time's up. (requested by Ozempic Glorp)\n|inactive|wixlee has 60 seconds left.\n|\n|t:|1776020307\n|teamsize|p1|4\n|teamsize|p2|4\n|start\n|switch|p1a: Kommo-o|Kommo-o, L50, M|100/100\n|switch|p1b: Incineroar|Incineroar, L50, F|100/100\n|switch|p2a: Sneezler|Sneasler, L50, F|100/100\n|switch|p2b: Washed|Rotom-Wash, L50|100/100\n|-ability|p1b: Incineroar|Intimidate|boost\n|-unboost|p2a: Sneezler|atk|1\n|-unboost|p2b: Washed|atk|1\n|-enditem|p2a: Sneezler|White Herb\n|-clearnegativeboost|p2a: Sneezler|[silent]\n|turn|1\n|inactive|wixlee has 30 seconds left.\n|inactive|Ozempic Glorp has 30 seconds left.\n|inactive|wixlee has 20 seconds left.\n|inactive|wixlee has 15 seconds left.\n|inactive|wixlee has 10 seconds left.\n|\n|t:|1776020355\n|move|p2b: Washed|Protect|p2b: Washed\n|-singleturn|p2b: Washed|Protect\n|move|p1b: Incineroar|Fake Out|p2a: Sneezler\n|-damage|p2a: Sneezler|81/100\n|cant|p2a: Sneezler|flinch\n|move|p1a: Kommo-o|Body Press|p2b: Washed\n|-activate|p2b: Washed|move: Protect\n|\n|upkeep\n|turn|2\n|\n|t:|1776020372\n|switch|p2b: Toad|Venusaur, L50, F, shiny|100/100\n|move|p1b: Incineroar|Protect|p1b: Incineroar\n|-singleturn|p1b: Incineroar|Protect\n|move|p2a: Sneezler|Close Combat|p1b: Incineroar\n|-activate|p1b: Incineroar|move: Protect\n|move|p1a: Kommo-o|Body Press|p2b: Toad\n|-resisted|p2b: Toad|1\n|-damage|p2b: Toad|70/100\n|\n|upkeep\n|turn|3\n|inactive|wixlee has 30 seconds left.\n|inactive|wixlee has 20 seconds left.\n|\n|t:|1776020410\n|move|p1a: Kommo-o|Protect|p1a: Kommo-o\n|-singleturn|p1a: Kommo-o|Protect\n|move|p2a: Sneezler|Close Combat|p1b: Incineroar\n|-supereffective|p1b: Incineroar|1\n|-damage|p1b: Incineroar|0 fnt\n|-unboost|p2a: Sneezler|def|1\n|-unboost|p2a: Sneezler|spd|1\n|faint|p1b: Incineroar\n|move|p2b: Toad|Sleep Powder|p1a: Kommo-o\n|-activate|p1a: Kommo-o|move: Protect\n|\n|upkeep\n|\n|t:|1776020420\n|switch|p1b: Gengar|Gengar, L50, F|100/100\n|turn|4\n|\n|t:|1776020444\n|switch|p1a: Altaria|Altaria, L50, F|100/100\n|-ability|p1a: Altaria|Cloud Nine\n|detailschange|p1b: Gengar|Gengar-Mega, L50, F\n|-mega|p1b: Gengar|Gengar|Gengarite\n|move|p2a: Sneezler|Rock Slide|p1b: Gengar|[spread] p1a,p1b\n|-supereffective|p1a: Altaria|1\n|-damage|p1a: Altaria|53/100\n|-damage|p1b: Gengar|74/100\n|cant|p1b: Gengar|flinch\n|move|p2b: Toad|Sleep Powder|p1b: Gengar\n|-status|p1b: Gengar|slp|[from] move: Sleep Powder\n|\n|upkeep\n|turn|5\n|inactive|Ozempic Glorp has 30 seconds left.\n|c|\u2606wixlee|bro rockslide on sneezler..\n|\n|t:|1776020476\n|cant|p1b: Gengar|slp\n|move|p2a: Sneezler|Rock Slide|p1b: Gengar|[spread] p1a,p1b\n|-supereffective|p1a: Altaria|1\n|-damage|p1a: Altaria|7/100\n|-damage|p1b: Gengar|47/100 slp\n|move|p2b: Toad|Sludge Bomb|p1a: Altaria\n|-damage|p1a: Altaria|0 fnt\n|faint|p1a: Altaria\n|\n|upkeep\n|\n|t:|1776020486\n|switch|p1a: Kommo-o|Kommo-o, L50, M|100/100\n|turn|6\n|\n|t:|1776020494\n|move|p2a: Sneezler|Rock Slide|p1a: Kommo-o|[spread] p1a,p1b\n|-resisted|p1a: Kommo-o|1\n|-damage|p1a: Kommo-o|94/100\n|-damage|p1b: Gengar|18/100 slp\n|cant|p1b: Gengar|slp\n|move|p2b: Toad|Sleep Powder|p1a: Kommo-o|[miss]\n|-miss|p2b: Toad|p1a: Kommo-o\n|move|p1a: Kommo-o|Body Press|p2a: Sneezler\n|-resisted|p2a: Sneezler|1\n|-damage|p2a: Sneezler|28/100\n|\n|upkeep\n|turn|7\n|\n|t:|1776020510\n|-curestatus|p1b: Gengar|slp|[msg]\n|move|p1b: Gengar|Protect|p1b: Gengar\n|-singleturn|p1b: Gengar|Protect\n|move|p1a: Kommo-o|Protect|p1a: Kommo-o\n|-singleturn|p1a: Kommo-o|Protect\n|move|p2a: Sneezler|Rock Slide|p1a: Kommo-o|[spread] \n|-activate|p1a: Kommo-o|move: Protect\n|-activate|p1b: Gengar|move: Protect\n|move|p2b: Toad|Sleep Powder|p1a: Kommo-o\n|-activate|p1a: Kommo-o|move: Protect\n|\n|upkeep\n|turn|8\n|\n|t:|1776020533\n|move|p1b: Gengar|Protect||[still]\n|-fail|p1b: Gengar\n|move|p2a: Sneezler|Rock Slide|p1a: Kommo-o|[spread] p1a,p1b\n|-resisted|p1a: Kommo-o|1\n|-damage|p1a: Kommo-o|86/100\n|-damage|p1b: Gengar|0 fnt\n|faint|p1b: Gengar\n|move|p2b: Toad|Sleep Powder|p1a: Kommo-o\n|-status|p1a: Kommo-o|slp|[from] move: Sleep Powder\n|cant|p1a: Kommo-o|slp\n|\n|upkeep\n|turn|9\n|-message|wixlee forfeited.\n|\n|win|Ozempic Glorp\n|raw|wixlee's rating: 1141 &rarr; <strong>1118</strong><br />(-23 for losing)\n|raw|Ozempic Glorp's rating: 1167 &rarr; <strong>1190</strong><br />(+23 for winning)\n|l|\u2606wixlee\n|player|p1|\n",
  "uploadtime": 1776020548,
  "views": 26,
  "formatid": "gen9championsvgc2026regma",
  "rating": 1118,
  "private": 0,
  "password": null
}