{
  "id": "gen9championsvgc2026regma-2580781091",
  "format": "[Gen 9 Champions] VGC 2026 Reg M-A",
  "players": [
    "Melody Lumina",
    "elv_123407"
  ],
  "log": "|j|\u2606Melody Lumina\n|j|\u2606elv_123407\n|t:|1775931952\n|gametype|doubles\n|player|p1|Melody Lumina|miku-flying|1000\n|player|p2|elv_123407|1|1000\n|gen|9\n|tier|[Gen 9 Champions] VGC 2026 Reg M-A\n|rated|\n|rule|Species Clause: Limit one of each Pok\u00e9mon\n|rule|Item Clause: Limit 1 of each item\n|clearpoke\n|poke|p1|Tyranitar, L50, M|\n|poke|p1|Excadrill, L50, M|\n|poke|p1|Gardevoir, L50, M|\n|poke|p1|Hawlucha, L50, M|\n|poke|p1|Arcanine-Hisui, L50, F|\n|poke|p1|Orthworm, L50, F|\n|poke|p2|Arcanine, L50, F|\n|poke|p2|Venusaur, L50, F|\n|poke|p2|Ninetales, L50, M|\n|poke|p2|Charizard, L50, F|\n|poke|p2|Raichu, L50, F|\n|poke|p2|Incineroar, L50, F|\n|teampreview|4\n|\n|t:|1775931972\n|teamsize|p1|4\n|teamsize|p2|4\n|start\n|switch|p1a: Tyranitar|Tyranitar, L50, M|100/100\n|switch|p1b: Excadrill|Excadrill, L50, M|100/100\n|switch|p2a: Ninetales|Ninetales, L50, M|100/100\n|switch|p2b: Venusaur|Venusaur, L50, F|100/100\n|-weather|SunnyDay|[from] ability: Drought|[of] p2a: Ninetales\n|-weather|Sandstorm|[from] ability: Sand Stream|[of] p1a: Tyranitar\n|turn|1\n|\n|t:|1775931995\n|switch|p2a: Charizard|Charizard, L50, F|100/100\n|switch|p2b: Raichu|Raichu, L50, F|100/100\n|switch|p1a: Gardevoir|Gardevoir, L50, M, shiny|100/100\n|move|p1b: Excadrill|Earthquake|p2a: Charizard|[spread] p2b\n|-activate|p1a: Gardevoir|ability: Telepathy\n|-immune|p2a: Charizard\n|-supereffective|p2b: Raichu|1\n|-damage|p2b: Raichu|0 fnt\n|faint|p2b: Raichu\n|\n|-weather|Sandstorm|[upkeep]\n|-damage|p2a: Charizard|95/100|[from] Sandstorm\n|-damage|p1a: Gardevoir|95/100|[from] Sandstorm\n|upkeep\n|\n|t:|1775932010\n|switch|p2b: Ninetales|Ninetales, L50, M|100/100\n|-weather|SunnyDay|[from] ability: Drought|[of] p2b: Ninetales\n|turn|2\n|\n|t:|1775932031\n|switch|p1a: Tyranitar|Tyranitar, L50, M|100/100\n|-weather|Sandstorm|[from] ability: Sand Stream|[of] p1a: Tyranitar\n|move|p1b: Excadrill|Rock Slide|p2b: Ninetales|[spread] p2a,p2b\n|-supereffective|p2a: Charizard|2\n|-supereffective|p2b: Ninetales|1\n|-crit|p2b: Ninetales\n|-damage|p2a: Charizard|0 fnt\n|-damage|p2b: Ninetales|15/100\n|faint|p2a: Charizard\n|move|p2b: Ninetales|Flamethrower|p1b: Excadrill\n|-supereffective|p1b: Excadrill|1\n|-damage|p1b: Excadrill|1/100\n|\n|-weather|Sandstorm|[upkeep]\n|-damage|p2b: Ninetales|9/100|[from] Sandstorm\n|upkeep\n|\n|t:|1775932050\n|switch|p2a: Venusaur|Venusaur, L50, F|100/100\n|turn|3\n|c|\u2606Melody Lumina|wanna know the funny part\n|c|\u2606Melody Lumina|i'm sash\n|c|\u2606Melody Lumina|but i got dropped to exactly 1 without sash\n|\n|t:|1775932077\n|switch|p1a: Gardevoir|Gardevoir, L50, M, shiny|95/100\n|detailschange|p2a: Venusaur|Venusaur-Mega, L50, F\n|-mega|p2a: Venusaur|Venusaur|Venusaurite\n|move|p1b: Excadrill|Earthquake|p2b: Ninetales|[spread] p2a,p2b\n|-activate|p1a: Gardevoir|ability: Telepathy\n|-crit|p2a: Venusaur\n|-supereffective|p2b: Ninetales|1\n|-damage|p2a: Venusaur|64/100\n|-damage|p2b: Ninetales|0 fnt\n|faint|p2b: Ninetales\n|move|p2a: Venusaur|Energy Ball|p1a: Gardevoir\n|-damage|p1a: Gardevoir|56/100\n|\n|-weather|Sandstorm|[upkeep]\n|-damage|p1a: Gardevoir|51/100|[from] Sandstorm\n|-damage|p2a: Venusaur|58/100|[from] Sandstorm\n|upkeep\n|turn|4\n|\n|t:|1775932101\n|detailschange|p1a: Gardevoir|Gardevoir-Mega, L50, M, shiny\n|-mega|p1a: Gardevoir|Gardevoir|Gardevoirite\n|move|p1b: Excadrill|Horn Drill|p2a: Venusaur|[miss]\n|-miss|p1b: Excadrill|p2a: Venusaur\n|move|p1a: Gardevoir|Calm Mind|p1a: Gardevoir\n|-boost|p1a: Gardevoir|spa|1\n|-boost|p1a: Gardevoir|spd|1\n|move|p2a: Venusaur|Sludge Bomb|p1a: Gardevoir\n|-supereffective|p1a: Gardevoir|1\n|-damage|p1a: Gardevoir|0 fnt\n|faint|p1a: Gardevoir\n|\n|-weather|Sandstorm|[upkeep]\n|-damage|p2a: Venusaur|52/100|[from] Sandstorm\n|upkeep\n|\n|t:|1775932116\n|switch|p1a: Orthworm|Orthworm, L50, F|100/100\n|turn|5\n|\n|t:|1775932122\n|switch|p1b: Tyranitar|Tyranitar, L50, M|100/100\n|move|p2a: Venusaur|Energy Ball|p1b: Tyranitar\n|-supereffective|p1b: Tyranitar|1\n|-damage|p1b: Tyranitar|54/100\n|move|p1a: Orthworm|Shed Tail|p1a: Orthworm\n|-start|p1a: Orthworm|Substitute|[from] move: Shed Tail\n|-damage|p1a: Orthworm|50/100\n|-enditem|p1a: Orthworm|Sitrus Berry|[eat]\n|-heal|p1a: Orthworm|75/100|[from] item: Sitrus Berry\n|\n|t:|1775932133\n|switch|p1a: Excadrill|Excadrill, L50, M|1/100|[from] Shed Tail\n|\n|-weather|Sandstorm|[upkeep]\n|-damage|p2a: Venusaur|46/100|[from] Sandstorm\n|upkeep\n|turn|6\n|\n|t:|1775932144\n|move|p1a: Excadrill|Horn Drill|p2a: Venusaur|[miss]\n|-miss|p1a: Excadrill|p2a: Venusaur\n|move|p2a: Venusaur|Energy Ball|p1b: Tyranitar\n|-supereffective|p1b: Tyranitar|1\n|-damage|p1b: Tyranitar|14/100\n|move|p1b: Tyranitar|Rock Slide|p2a: Venusaur|[miss]\n|-miss|p1b: Tyranitar|p2a: Venusaur\n|\n|-weather|none\n|upkeep\n|turn|7\n|\n|t:|1775932163\n|switch|p1b: Orthworm|Orthworm, L50, F|75/100\n|move|p1a: Excadrill|Earthquake|p2a: Venusaur|[spread] p2a\n|-heal|p1b: Orthworm|99/100|[from] ability: Earth Eater|[of] p1a: Excadrill\n|-damage|p2a: Venusaur|19/100\n|move|p2a: Venusaur|Sludge Bomb|p1b: Orthworm\n|-immune|p1b: Orthworm\n|\n|upkeep\n|turn|8\n|\n|t:|1775932175\n|move|p1a: Excadrill|Earthquake|p2a: Venusaur|[spread] p2a\n|-heal|p1b: Orthworm|100/100|[from] ability: Earth Eater|[of] p1a: Excadrill\n|-damage|p2a: Venusaur|0 fnt\n|faint|p2a: Venusaur\n|\n|win|Melody Lumina\n|raw|Melody Lumina's rating: 1000 &rarr; <strong>1040</strong><br />(+40 for winning)\n|raw|elv_123407's rating: 1000 &rarr; <strong>1000</strong><br />(+0 for losing)\n|c|\u2606Melody Lumina|gg\n",
  "uploadtime": 1775932186,
  "views": 11,
  "formatid": "gen9championsvgc2026regma",
  "rating": 1000,
  "private": 0,
  "password": null
}