{
  "id": "gen9championsvgc2026regma-2581715723",
  "format": "[Gen 9 Champions] VGC 2026 Reg M-A",
  "players": [
    "zane121",
    "Korothebigman"
  ],
  "log": "|j|\u2606zane121\n|j|\u2606Korothebigman\n|t:|1776022910\n|gametype|doubles\n|player|p1|zane121|swimmerf-gen4dp|\n|player|p2|Korothebigman|169|\n|gen|9\n|tier|[Gen 9 Champions] VGC 2026 Reg M-A\n|rule|Species Clause: Limit one of each Pok\u00e9mon\n|rule|Item Clause: Limit 1 of each item\n|clearpoke\n|poke|p1|Zoroark-Hisui, L50, F|\n|poke|p1|Krookodile, L50, F|\n|poke|p1|Whimsicott, L50, F|\n|poke|p1|Sneasler, L50, F|\n|poke|p1|Tyranitar, L50, M|\n|poke|p1|Excadrill, L50, M|\n|poke|p2|Meowstic, L50, M|\n|poke|p2|Alakazam, L50, M|\n|poke|p2|Farigiraf, L50, M|\n|poke|p2|Kingambit, L50, M|\n|poke|p2|Incineroar, L50, F|\n|poke|p2|Crabominable, L50, M|\n|teampreview|4\n|\n|t:|1776022974\n|teamsize|p1|4\n|teamsize|p2|4\n|start\n|switch|p1a: Excadrill|Excadrill, L50, M|100/100\n|switch|p1b: Sneasler|Sneasler, L50, F|100/100\n|switch|p2a: Meowstic|Meowstic, L50, M|100/100\n|switch|p2b: Farigiraf|Farigiraf, L50, M|100/100\n|turn|1\n|\n|t:|1776022999\n|move|p1b: Sneasler|Feint||[still]\n|cant|p2b: Farigiraf|ability: Armor Tail|Feint|[of] p1b: Sneasler\n|move|p2a: Meowstic|Reflect|p2a: Meowstic\n|-sidestart|p2: Korothebigman|Reflect\n|move|p1a: Excadrill|Taunt|p2b: Farigiraf\n|-start|p2b: Farigiraf|move: Taunt\n|cant|p2b: Farigiraf|move: Taunt|Trick Room\n|\n|upkeep\n|turn|2\n|\n|t:|1776023033\n|switch|p2b: Incineroar|Incineroar, L50, F|100/100\n|-ability|p2b: Incineroar|Intimidate|boost\n|-unboost|p1a: Excadrill|atk|1\n|-unboost|p1b: Sneasler|atk|1\n|-enditem|p1b: Sneasler|White Herb\n|-clearnegativeboost|p1b: Sneasler|[silent]\n|move|p2a: Meowstic|Yawn|p1a: Excadrill\n|-start|p1a: Excadrill|move: Yawn|[of] p2a: Meowstic\n|move|p1b: Sneasler|Dire Claw|p2b: Incineroar\n|-damage|p2b: Incineroar|77/100\n|-status|p2b: Incineroar|psn\n|move|p1a: Excadrill|Bitter Malice|p2a: Meowstic\n|-supereffective|p2a: Meowstic|1\n|-damage|p2a: Meowstic|24/100\n|-unboost|p2a: Meowstic|atk|1\n|\n|-damage|p2b: Incineroar|65/100 psn|[from] psn\n|upkeep\n|turn|3\n|\n|t:|1776023088\n|move|p1a: Excadrill|Protect|p1a: Excadrill\n|-singleturn|p1a: Excadrill|Protect\n|move|p2b: Incineroar|Fake Out|p1b: Sneasler\n|-damage|p1b: Sneasler|80/100\n|move|p2a: Meowstic|Psychic Terrain|p2a: Meowstic\n|-fieldstart|move: Psychic Terrain\n|cant|p1b: Sneasler|flinch\n|\n|-damage|p2b: Incineroar|52/100 psn|[from] psn\n|-end|p1a: Excadrill|move: Yawn|[silent]\n|-status|p1a: Excadrill|slp\n|upkeep\n|turn|4\n|\n|t:|1776023114\n|move|p2a: Meowstic|Yawn|p1b: Sneasler\n|-activate|p1b: Sneasler|move: Psychic Terrain\n|move|p1b: Sneasler|Dire Claw|p2b: Incineroar\n|-damage|p2b: Incineroar|26/100 psn\n|-enditem|p2b: Incineroar|Sitrus Berry|[eat]\n|-heal|p2b: Incineroar|50/100 psn|[from] item: Sitrus Berry\n|cant|p1a: Excadrill|slp\n|move|p2b: Incineroar|Darkest Lariat|p1a: Excadrill\n|-supereffective|p1a: Excadrill|1\n|-damage|p1a: Excadrill|0 fnt\n|replace|p1a: Zoroark|Zoroark-Hisui, L50, F, shiny\n|-end|p1a: Zoroark|Illusion\n|faint|p1a: Zoroark\n|\n|-damage|p2b: Incineroar|38/100 psn|[from] psn\n|upkeep\n|\n|t:|1776023128\n|switch|p1a: Excadrill|Excadrill, L50, M|100/100\n|turn|5\n|\n|t:|1776023145\n|move|p2a: Meowstic|Yawn|p1a: Excadrill\n|-activate|p1a: Excadrill|move: Psychic Terrain\n|move|p1b: Sneasler|Dire Claw|p2b: Incineroar\n|-damage|p2b: Incineroar|12/100 psn\n|move|p1a: Excadrill|Rock Slide|p2a: Meowstic|[spread] p2a,p2b\n|-supereffective|p2b: Incineroar|1\n|-damage|p2a: Meowstic|9/100\n|-damage|p2b: Incineroar|0 fnt\n|faint|p2b: Incineroar\n|\n|-sideend|p2: Korothebigman|Reflect\n|upkeep\n|\n|t:|1776023156\n|switch|p2b: Farigiraf|Farigiraf, L50, M|100/100\n|turn|6\n|\n|t:|1776023166\n|move|p2b: Farigiraf|Protect|p2b: Farigiraf\n|-singleturn|p2b: Farigiraf|Protect\n|move|p2a: Meowstic|Reflect|p2a: Meowstic\n|-sidestart|p2: Korothebigman|Reflect\n|move|p1b: Sneasler|Dire Claw|p2b: Farigiraf\n|-activate|p2b: Farigiraf|move: Protect\n|move|p1a: Excadrill|Rock Slide|p2b: Farigiraf|[spread] p2a\n|-activate|p2b: Farigiraf|move: Protect\n|-damage|p2a: Meowstic|0 fnt\n|faint|p2a: Meowstic\n|\n|upkeep\n|\n|t:|1776023176\n|switch|p2a: Alakazam|Alakazam, L50, M|100/100\n|turn|7\n|\n|t:|1776023200\n|detailschange|p2a: Alakazam|Alakazam-Mega, L50, M\n|-mega|p2a: Alakazam|Alakazam|Alakazite\n|-ability|p2a: Alakazam|Unburden|Trace|[from] ability: Trace|[of] p1b: Sneasler\n|move|p1b: Sneasler|Dire Claw|p2a: Alakazam\n|-damage|p2a: Alakazam|40/100\n|move|p2a: Alakazam|Energy Ball|p1b: Sneasler\n|-resisted|p1b: Sneasler|1\n|-damage|p1b: Sneasler|48/100\n|move|p1a: Excadrill|Rock Slide|p2b: Farigiraf|[spread] p2a,p2b\n|-damage|p2a: Alakazam|16/100\n|-damage|p2b: Farigiraf|86/100\n|move|p2b: Farigiraf|Expanding Force|p1a: Excadrill|[spread] p1a,p1b\n|-resisted|p1a: Excadrill|1\n|-supereffective|p1b: Sneasler|2\n|-damage|p1a: Excadrill|62/100\n|-damage|p1b: Sneasler|0 fnt\n|faint|p1b: Sneasler\n|\n|-fieldend|move: Psychic Terrain\n|upkeep\n|\n|t:|1776023216\n|switch|p1b: Tyranitar|Tyranitar, L50, M|100/100\n|-weather|Sandstorm|[from] ability: Sand Stream|[of] p1b: Tyranitar\n|turn|8\n|\n|t:|1776023232\n|detailschange|p1b: Tyranitar|Tyranitar-Mega, L50, M\n|-mega|p1b: Tyranitar|Tyranitar|Tyranitarite\n|move|p1a: Excadrill|Rock Slide|p2b: Farigiraf|[spread] p2a,p2b\n|-damage|p2a: Alakazam|0 fnt\n|-damage|p2b: Farigiraf|72/100\n|faint|p2a: Alakazam\n|move|p1b: Tyranitar|Rock Slide|p2b: Farigiraf\n|-crit|p2b: Farigiraf\n|-damage|p2b: Farigiraf|0 fnt\n|faint|p2b: Farigiraf\n|\n|win|zane121\n|l|\u2606Korothebigman\n|player|p2|\n",
  "uploadtime": 1776023357,
  "views": 13,
  "formatid": "gen9championsvgc2026regma",
  "rating": null,
  "private": 0,
  "password": null
}