{
  "id": "gen9championsvgc2026regma-2588805005",
  "format": "[Gen 9 Champions] VGC 2026 Reg M-A",
  "players": [
    "Zeronoz-za",
    "T.L3393"
  ],
  "log": "|j|\u203dZeronoz-za\n|j|\u2606T.L3393\n|t:|1776673011\n|gametype|doubles\n|player|p1|Zeronoz-za|shadowtriad|1083\n|player|p2|T.L3393|blue|1000\n|gen|9\n|tier|[Gen 9 Champions] VGC 2026 Reg M-A\n|rated|\n|rule|Species Clause: Limit one of each Pok\u00e9mon\n|rule|Item Clause: Limit 1 of each item\n|clearpoke\n|poke|p1|Incineroar, L50, F|\n|poke|p1|Torkoal, L50, F|\n|poke|p1|Meganium, L50, M|\n|poke|p1|Whimsicott, L50, F|\n|poke|p1|Rotom-Wash, L50|\n|poke|p1|Sneasler, L50, M|\n|poke|p2|Whimsicott, L50, F|\n|poke|p2|Incineroar, L50, M|\n|poke|p2|Sinistcha, L50|\n|poke|p2|Gengar, L50, F|\n|poke|p2|Rotom-Wash, L50|\n|poke|p2|Kingambit, L50, M|\n|teampreview|4\n|inactive|Battle timer is ON: inactive players will automatically lose when time's up. (requested by Zeronoz-za)\nZeronoz-za has agreed to open team sheets.\n|\n|t:|1776673050\n|teamsize|p1|4\n|teamsize|p2|4\n|start\n|switch|p1a: Incineroar|Incineroar, L50, F|100/100\n|switch|p1b: Whimsicott|Whimsicott, L50, F|100/100\n|switch|p2a: Incineroar|Incineroar, L50, M|100/100\n|switch|p2b: Kingambit|Kingambit, L50, M|100/100\n|-ability|p2a: Incineroar|Intimidate|boost\n|-unboost|p1a: Incineroar|atk|1\n|-unboost|p1b: Whimsicott|atk|1\n|-ability|p1a: Incineroar|Intimidate|boost\n|-unboost|p2a: Incineroar|atk|1\n|-unboost|p2b: Kingambit|atk|1\n|-ability|p2b: Kingambit|Defiant|boost\n|-boost|p2b: Kingambit|atk|2\n|turn|1\n|inactive|T.L3393 has 30 seconds left.\n|\n|t:|1776673079\n|move|p1b: Whimsicott|Protect|p1b: Whimsicott\n|-singleturn|p1b: Whimsicott|Protect\n|move|p2a: Incineroar|Fake Out|p1b: Whimsicott\n|-activate|p1b: Whimsicott|move: Protect\n|move|p1a: Incineroar|Parting Shot|p2b: Kingambit\n|-unboost|p2b: Kingambit|atk|1\n|-ability|p2b: Kingambit|Defiant|boost\n|-boost|p2b: Kingambit|atk|2\n|-unboost|p2b: Kingambit|spa|1\n|-ability|p2b: Kingambit|Defiant|boost\n|-boost|p2b: Kingambit|atk|2\n|\n|t:|1776673096\n|switch|p1a: Rotom|Rotom-Wash, L50|100/100|[from] Parting Shot\n|move|p2b: Kingambit|Iron Head|p1b: Whimsicott\n|-activate|p1b: Whimsicott|move: Protect\n|\n|upkeep\n|turn|2\n|\n|t:|1776673108\n|move|p1b: Whimsicott|Tailwind|p1b: Whimsicott\n|-sidestart|p1: Zeronoz-za|move: Tailwind\n|move|p1a: Rotom|Hydro Pump|p2a: Incineroar\n|-supereffective|p2a: Incineroar|1\n|-damage|p2a: Incineroar|11/100\n|-enditem|p2a: Incineroar|Sitrus Berry|[eat]\n|-heal|p2a: Incineroar|36/100|[from] item: Sitrus Berry\n|move|p2a: Incineroar|Parting Shot|p1a: Rotom\n|-unboost|p1a: Rotom|atk|1\n|-unboost|p1a: Rotom|spa|1\n|\n|t:|1776673118\n|switch|p2a: Sinistcha|Sinistcha, L50|100/100|[from] Parting Shot\n|move|p2b: Kingambit|Iron Head|p1b: Whimsicott\n|-supereffective|p1b: Whimsicott|1\n|-enditem|p1b: Whimsicott|Focus Sash\n|-damage|p1b: Whimsicott|1/100\n|\n|upkeep\n|turn|3\n|inactive|T.L3393 has 30 seconds left.\n|\n|t:|1776673145\n|move|p2b: Kingambit|Protect|p2b: Kingambit\n|-singleturn|p2b: Kingambit|Protect\n|move|p1b: Whimsicott|Tickle|p2a: Sinistcha\n|-unboost|p2a: Sinistcha|atk|1\n|-unboost|p2a: Sinistcha|def|1\n|move|p1a: Rotom|Thunder Wave|p2b: Kingambit\n|-activate|p2b: Kingambit|move: Protect\n|move|p2a: Sinistcha|Matcha Gotcha|p1a: Rotom|[spread] p1a,p1b\n|-supereffective|p1a: Rotom|1\n|-enditem|p1a: Rotom|Rindo Berry|[eat]\n|-enditem|p1a: Rotom|Rindo Berry|[weaken]\n|-resisted|p1b: Whimsicott|1\n|-damage|p1a: Rotom|68/100\n|-damage|p1b: Whimsicott|0 fnt\n|faint|p1b: Whimsicott\n|\n|upkeep\n|\n|t:|1776673157\n|switch|p1b: Sneasler|Sneasler, L50, M|100/100\n|turn|4\n|\n|t:|1776673179\n|switch|p2a: Incineroar|Incineroar, L50, M|36/100\n|-ability|p2a: Incineroar|Intimidate|boost\n|-unboost|p1a: Rotom|atk|1\n|-unboost|p1b: Sneasler|atk|1\n|-enditem|p1b: Sneasler|White Herb\n|-clearnegativeboost|p1b: Sneasler|[silent]\n|move|p1b: Sneasler|Close Combat|p2b: Kingambit\n|-supereffective|p2b: Kingambit|2\n|-damage|p2b: Kingambit|0 fnt\n|-unboost|p1b: Sneasler|def|1\n|-unboost|p1b: Sneasler|spd|1\n|faint|p2b: Kingambit\n|move|p1a: Rotom|Thunder Wave|p2a: Incineroar\n|-status|p2a: Incineroar|par\n|\n|upkeep\n|\n|t:|1776673197\n|switch|p2b: Sinistcha|Sinistcha, L50|100/100\n|-heal|p2a: Incineroar|60/100 par|[from] ability: Hospitality|[of] p2b: Sinistcha\n|turn|5\n|\n|t:|1776673215\n|switch|p1a: Incineroar|Incineroar, L50, F|100/100\n|-ability|p1a: Incineroar|Intimidate|boost\n|-unboost|p2a: Incineroar|atk|1\n|-unboost|p2b: Sinistcha|atk|1\n|move|p2a: Incineroar|Fake Out|p1b: Sneasler\n|-damage|p1b: Sneasler|81/100\n|cant|p1b: Sneasler|flinch\n|move|p2b: Sinistcha|Strength Sap|p1a: Incineroar\n|-unboost|p1a: Incineroar|atk|1\n|\n|-sideend|p1: Zeronoz-za|move: Tailwind\n|upkeep\n|turn|6\n|inactive|T.L3393 has 30 seconds left.\n|inactive|T.L3393 has 20 seconds left.\n|\n|t:|1776673250\n|switch|p2b: Rotom|Rotom-Wash, L50|100/100\n|move|p1a: Incineroar|Fake Out|p2a: Incineroar\n|-damage|p2a: Incineroar|54/100 par\n|move|p1b: Sneasler|Dire Claw|p2b: Rotom\n|-damage|p2b: Rotom|50/100\n|cant|p2a: Incineroar|flinch\n|\n|-heal|p2b: Rotom|56/100|[from] item: Leftovers\n|upkeep\n|turn|7\n|inactive|T.L3393 has 30 seconds left.\n|\n|t:|1776673285\n|switch|p2a: Sinistcha|Sinistcha, L50|100/100\n|-heal|p2b: Rotom|81/100|[from] ability: Hospitality|[of] p2a: Sinistcha\n|move|p1b: Sneasler|Dire Claw|p2b: Rotom\n|-damage|p2b: Rotom|37/100\n|-status|p2b: Rotom|psn\n|move|p2b: Rotom|Hydro Pump|p1a: Incineroar\n|-supereffective|p1a: Incineroar|1\n|-damage|p1a: Incineroar|22/100\n|-enditem|p1a: Incineroar|Sitrus Berry|[eat]\n|-heal|p1a: Incineroar|46/100|[from] item: Sitrus Berry\n|move|p1a: Incineroar|Darkest Lariat|p2b: Rotom\n|-damage|p2b: Rotom|13/100 psn\n|\n|-heal|p2b: Rotom|19/100 psn|[from] item: Leftovers\n|-damage|p2b: Rotom|7/100 psn|[from] psn\n|upkeep\n|turn|8\n|inactive|T.L3393 has 30 seconds left.\n|\n|t:|1776673317\n|move|p1a: Incineroar|Protect|p1a: Incineroar\n|-singleturn|p1a: Incineroar|Protect\n|move|p1b: Sneasler|Dire Claw|p2a: Sinistcha\n|-damage|p2a: Sinistcha|62/100\n|-status|p2a: Sinistcha|slp\n|move|p2b: Rotom|Will-O-Wisp|p1b: Sneasler\n|-status|p1b: Sneasler|brn\n|cant|p2a: Sinistcha|slp\n|\n|-heal|p2b: Rotom|13/100 psn|[from] item: Leftovers\n|-damage|p2b: Rotom|1/100 psn|[from] psn\n|-damage|p1b: Sneasler|75/100 brn|[from] brn\n|upkeep\n|turn|9\n|inactive|T.L3393 has 30 seconds left.\n|inactive|T.L3393 has 20 seconds left.\n|\n|t:|1776673357\n|move|p1b: Sneasler|Dire Claw|p2a: Sinistcha\n|-damage|p2a: Sinistcha|43/100 slp\n|move|p2b: Rotom|Hydro Pump|p1a: Incineroar\n|-supereffective|p1a: Incineroar|1\n|-damage|p1a: Incineroar|0 fnt\n|faint|p1a: Incineroar\n|cant|p2a: Sinistcha|slp\n|\n|-heal|p2b: Rotom|7/100 psn|[from] item: Leftovers\n|-damage|p2b: Rotom|0 fnt|[from] psn\n|faint|p2b: Rotom\n|-damage|p1b: Sneasler|70/100 brn|[from] brn\n|upkeep\n|\n|t:|1776673371\n|switch|p2b: Incineroar|Incineroar, L50, M|54/100 par\n|switch|p1a: Rotom|Rotom-Wash, L50|68/100\n|-ability|p2b: Incineroar|Intimidate|boost\n|-unboost|p1a: Rotom|atk|1\n|-unboost|p1b: Sneasler|atk|1\n|turn|10\n|\n|t:|1776673384\n|move|p1b: Sneasler|Protect|p1b: Sneasler\n|-singleturn|p1b: Sneasler|Protect\n|move|p2b: Incineroar|Fake Out|p1a: Rotom\n|-damage|p1a: Rotom|56/100\n|cant|p1a: Rotom|flinch\n|-curestatus|p2a: Sinistcha|slp|[msg]\n|move|p2a: Sinistcha|Matcha Gotcha|p1a: Rotom|[spread] p1a\n|-activate|p1b: Sneasler|move: Protect\n|-supereffective|p1a: Rotom|1\n|-damage|p1a: Rotom|0 fnt\n|-heal|p2a: Sinistcha|63/100|[from] drain|[of] p1a: Rotom\n|faint|p1a: Rotom\n|\n|-damage|p1b: Sneasler|64/100 brn|[from] brn\n|upkeep\n|turn|11\n|inactive|T.L3393 has 30 seconds left.\n|\n|t:|1776673413\n|move|p1b: Sneasler|Close Combat|p2b: Incineroar\n|-supereffective|p2b: Incineroar|1\n|-damage|p2b: Incineroar|19/100 par\n|-unboost|p1b: Sneasler|def|1\n|-unboost|p1b: Sneasler|spd|1\n|move|p2a: Sinistcha|Matcha Gotcha|p1b: Sneasler\n|-resisted|p1b: Sneasler|1\n|-damage|p1b: Sneasler|18/100 brn\n|-heal|p2a: Sinistcha|84/100|[from] drain|[of] p1b: Sneasler\n|move|p2b: Incineroar|Flare Blitz|p1b: Sneasler\n|-damage|p1b: Sneasler|0 fnt\n|faint|p1b: Sneasler\n|-damage|p2b: Incineroar|14/100 par|[from] Recoil\n|\n|win|T.L3393\n|raw|Zeronoz-za's rating: 1083 &rarr; <strong>1055</strong><br />(-28 for losing)\n|raw|T.L3393's rating: 1000 &rarr; <strong>1049</strong><br />(+49 for winning)\n|l|\u203dZeronoz-za\n|player|p1|\n|l|\u2606T.L3393\n|player|p2|\n|j|\u2606T.L3393\n|player|p2|T.L3393|blue|\n",
  "uploadtime": 1776673436,
  "views": 8,
  "formatid": "gen9championsvgc2026regma",
  "rating": 1049,
  "private": 0,
  "password": null
}