{
  "id": "gen9championsvgc2026regma-2587910150",
  "format": "[Gen 9 Champions] VGC 2026 Reg M-A",
  "players": [
    "JLFalcon",
    "aviatorturtle"
  ],
  "log": "|j|\u2606JLFalcon\n|j|\u2606aviatorturtle\n|t:|1776577786\n|gametype|doubles\n|player|p1|JLFalcon|brycen|1398\n|player|p2|aviatorturtle|doubleteam|1329\n|gen|9\n|tier|[Gen 9 Champions] VGC 2026 Reg M-A\n|rated|\n|rule|Species Clause: Limit one of each Pok\u00e9mon\n|rule|Item Clause: Limit 1 of each item\n|clearpoke\n|poke|p1|Skarmory, L50, F|\n|poke|p1|Sneasler, L50, F|\n|poke|p1|Milotic, L50, M|\n|poke|p1|Tyranitar, L50, M|\n|poke|p1|Excadrill, L50, M|\n|poke|p1|Sinistcha, L50|\n|poke|p2|Dragonite, L50, M|\n|poke|p2|Dragapult, L50, M|\n|poke|p2|Kommo-o, L50, F|\n|poke|p2|Archaludon, L50, F|\n|poke|p2|Noivern, L50, M|\n|poke|p2|Garchomp, L50, M|\n|teampreview|4\n|c|\u2606JLFalcon|Glhf\n|c|\u2606JLFalcon|cool team!\n|inactive|Battle timer is ON: inactive players will automatically lose when time's up. (requested by JLFalcon)\n|\n|t:|1776577859\n|teamsize|p1|4\n|teamsize|p2|4\n|start\n|switch|p1a: Sneasler|Sneasler, L50, F|100/100\n|switch|p1b: Milotic|Milotic, L50, M|100/100\n|switch|p2a: Dragapult|Dragapult, L50, M|100/100\n|switch|p2b: Kommo-o|Kommo-o, L50, F|100/100\n|turn|1\n|\n|t:|1776577871\n|move|p2b: Kommo-o|Protect|p2b: Kommo-o\n|-singleturn|p2b: Kommo-o|Protect\n|move|p1a: Sneasler|Fake Out|p2b: Kommo-o\n|-activate|p2b: Kommo-o|move: Protect\n|move|p2a: Dragapult|Psychic Fangs|p1a: Sneasler\n|-supereffective|p1a: Sneasler|2\n|-damage|p1a: Sneasler|0 fnt\n|faint|p1a: Sneasler\n|move|p1b: Milotic|Coil|p1b: Milotic\n|-boost|p1b: Milotic|atk|1\n|-boost|p1b: Milotic|def|1\n|-boost|p1b: Milotic|accuracy|1\n|\n|upkeep\n|\n|t:|1776577880\n|switch|p1a: Excadrill|Excadrill, L50, M|100/100\n|turn|2\n|\n|t:|1776577894\n|move|p1a: Excadrill|Protect|p1a: Excadrill\n|-singleturn|p1a: Excadrill|Protect\n|move|p2a: Dragapult|Will-O-Wisp|p1a: Excadrill\n|-activate|p1a: Excadrill|move: Protect\n|move|p2b: Kommo-o|Clangorous Soul|p2b: Kommo-o\n|-boost|p2b: Kommo-o|atk|1\n|-boost|p2b: Kommo-o|def|1\n|-boost|p2b: Kommo-o|spa|1\n|-boost|p2b: Kommo-o|spd|1\n|-boost|p2b: Kommo-o|spe|1\n|-damage|p2b: Kommo-o|68/100\n|move|p1b: Milotic|Hypnosis|p2b: Kommo-o|[miss]\n|-miss|p1b: Milotic|p2b: Kommo-o\n|\n|-heal|p2b: Kommo-o|74/100|[from] item: Leftovers\n|upkeep\n|turn|3\n|inactive|JLFalcon has 30 seconds left.\n|inactive|aviatorturtle has 30 seconds left.\n|inactive|aviatorturtle has 20 seconds left.\n|inactive|aviatorturtle has 15 seconds left.\n|\n|t:|1776577936\n|move|p2a: Dragapult|Will-O-Wisp|p1a: Excadrill\n|-status|p1a: Excadrill|brn\n|move|p2b: Kommo-o|Clanging Scales|p1a: Excadrill|[spread] p1a,p1b\n|-resisted|p1a: Excadrill|1\n|-crit|p1a: Excadrill\n|-damage|p1a: Excadrill|39/100 brn\n|-damage|p1b: Milotic|68/100\n|-unboost|p2b: Kommo-o|def|1\n|move|p1a: Excadrill|High Horsepower|p2b: Kommo-o\n|-crit|p2b: Kommo-o\n|-damage|p2b: Kommo-o|37/100\n|move|p1b: Milotic|Hypnosis|p2b: Kommo-o|[miss]\n|-miss|p1b: Milotic|p2b: Kommo-o\n|\n|-heal|p2b: Kommo-o|43/100|[from] item: Leftovers\n|-heal|p1b: Milotic|74/100|[from] item: Leftovers\n|-damage|p1a: Excadrill|33/100 brn|[from] brn\n|upkeep\n|turn|4\n|inactive|aviatorturtle has 30 seconds left.\n|\n|t:|1776577967\n|move|p2b: Kommo-o|Protect|p2b: Kommo-o\n|-singleturn|p2b: Kommo-o|Protect\n|move|p1a: Excadrill|Protect|p1a: Excadrill\n|-singleturn|p1a: Excadrill|Protect\n|move|p2a: Dragapult|Will-O-Wisp|p1b: Milotic\n|-status|p1b: Milotic|brn\n|move|p1b: Milotic|Hypnosis|p2b: Kommo-o\n|-activate|p2b: Kommo-o|move: Protect\n|\n|-heal|p2b: Kommo-o|49/100|[from] item: Leftovers\n|-heal|p1b: Milotic|80/100 brn|[from] item: Leftovers\n|-damage|p1a: Excadrill|27/100 brn|[from] brn\n|-damage|p1b: Milotic|74/100 brn|[from] brn\n|upkeep\n|turn|5\n|-message|JLFalcon forfeited.\n|\n|win|aviatorturtle\n|raw|JLFalcon's rating: 1398 &rarr; <strong>1374</strong><br />(-24 for losing)\n|raw|aviatorturtle's rating: 1329 &rarr; <strong>1353</strong><br />(+24 for winning)\n",
  "uploadtime": 1776577980,
  "views": 50,
  "formatid": "gen9championsvgc2026regma",
  "rating": 1353,
  "private": 0,
  "password": null
}