{
  "id": "gen9championsvgc2026regma-2582738537",
  "format": "[Gen 9 Champions] VGC 2026 Reg M-A",
  "players": [
    "Intransit1980",
    "doomraptor2530"
  ],
  "log": "|j|\u2606Intransit1980\n|j|\u2606doomraptor2530\n|t:|1776110710\n|gametype|doubles\n|player|p1|Intransit1980|2|1062\n|player|p2|doomraptor2530|266|1044\n|gen|9\n|tier|[Gen 9 Champions] VGC 2026 Reg M-A\n|rated|\n|rule|Species Clause: Limit one of each Pok\u00e9mon\n|rule|Item Clause: Limit 1 of each item\n|clearpoke\n|poke|p1|Clefable, L50, F|\n|poke|p1|Garchomp, L50, M|\n|poke|p1|Froslass, L50, F|\n|poke|p1|Kingambit, L50, F|\n|poke|p1|Rotom-Frost, L50|\n|poke|p1|Sneasler, L50, F|\n|poke|p2|Volcarona, L50, F|\n|poke|p2|Conkeldurr, L50, F|\n|poke|p2|Sharpedo, L50, F|\n|poke|p2|Corviknight, L50, F|\n|poke|p2|Ninetales-Alola, L50, F|\n|poke|p2|Sableye, L50, F|\n|teampreview|4\n|\n|t:|1776110741\n|teamsize|p1|4\n|teamsize|p2|4\n|start\n|switch|p1a: Kingambit|Kingambit, L50, F|100/100\n|switch|p1b: Garchomp|Garchomp, L50, M|100/100\n|switch|p2a: Corviknight|Corviknight, L50, F|100/100\n|switch|p2b: Ninetales|Ninetales-Alola, L50, F|100/100\n|-weather|Snowscape|[from] ability: Snow Warning|[of] p2b: Ninetales\n|-ability|p2a: Corviknight|Pressure\n|turn|1\n|\n|t:|1776110762\n|move|p2b: Ninetales|Protect|p2b: Ninetales\n|-singleturn|p2b: Ninetales|Protect\n|move|p1b: Garchomp|Rock Slide|p2a: Corviknight|[spread] p2a\n|-activate|p2b: Ninetales|move: Protect\n|-damage|p2a: Corviknight|84/100\n|move|p2a: Corviknight|Tailwind|p2a: Corviknight\n|-sidestart|p2: doomraptor2530|move: Tailwind\n|move|p1a: Kingambit|Iron Head|p2b: Ninetales\n|-activate|p2b: Ninetales|move: Protect\n|\n|-weather|Snowscape|[upkeep]\n|-heal|p2a: Corviknight|90/100|[from] item: Leftovers\n|upkeep\n|turn|2\n|\n|t:|1776110794\n|move|p2b: Ninetales|Blizzard|p1a: Kingambit|[spread] p1a,p1b\n|-resisted|p1a: Kingambit|1\n|-supereffective|p1b: Garchomp|2\n|-damage|p1a: Kingambit|90/100\n|-damage|p1b: Garchomp|0 fnt\n|faint|p1b: Garchomp\n|move|p2a: Corviknight|Body Press|p1a: Kingambit\n|-supereffective|p1a: Kingambit|2\n|-damage|p1a: Kingambit|29/100\n|move|p1a: Kingambit|Iron Head|p2b: Ninetales\n|-supereffective|p2b: Ninetales|2\n|-crit|p2b: Ninetales\n|-enditem|p2b: Ninetales|Focus Sash\n|-damage|p2b: Ninetales|1/100\n|\n|-weather|Snowscape|[upkeep]\n|-heal|p2a: Corviknight|96/100|[from] item: Leftovers\n|upkeep\n|\n|t:|1776110809\n|switch|p1b: Froslass|Froslass, L50, F|100/100\n|turn|3\n|\n|t:|1776110818\n|move|p1a: Kingambit|Sucker Punch||[still]\n|-fail|p1a: Kingambit\n|move|p2b: Ninetales|Aurora Veil|p2b: Ninetales\n|-sidestart|p2: doomraptor2530|move: Aurora Veil\n|move|p2a: Corviknight|Body Press|p1a: Kingambit\n|-supereffective|p1a: Kingambit|2\n|-damage|p1a: Kingambit|0 fnt\n|faint|p1a: Kingambit\n|move|p1b: Froslass|Aurora Veil|p1b: Froslass\n|-sidestart|p1: Intransit1980|move: Aurora Veil\n|\n|-weather|Snowscape|[upkeep]\n|-heal|p2a: Corviknight|100/100|[from] item: Leftovers\n|upkeep\n|\n|t:|1776110825\n|switch|p1a: Sneasler|Sneasler, L50, F|100/100\n|-ability|p1a: Sneasler|Pressure\n|turn|4\n|\n|t:|1776110846\n|move|p1a: Sneasler|Fake Out|p2a: Corviknight\n|-resisted|p2a: Corviknight|1\n|-damage|p2a: Corviknight|97/100\n|move|p2b: Ninetales|Encore|p1b: Froslass\n|-start|p1b: Froslass|Encore\n|cant|p2a: Corviknight|flinch\n|move|p1b: Froslass|Aurora Veil||[still]\n|-fail|p1b: Froslass\n|\n|-weather|Snowscape|[upkeep]\n|-heal|p2a: Corviknight|100/100|[from] item: Leftovers\n|-sideend|p2: doomraptor2530|move: Tailwind\n|upkeep\n|turn|5\n|-message|Intransit1980 forfeited.\n|\n|win|doomraptor2530\n|raw|Intransit1980's rating: 1062 &rarr; <strong>1042</strong><br />(-20 for losing)\n|raw|doomraptor2530's rating: 1044 &rarr; <strong>1079</strong><br />(+35 for winning)\n|l|\u2606Intransit1980\n|player|p1|\n",
  "uploadtime": 1776110914,
  "views": 25,
  "formatid": "gen9championsvgc2026regma",
  "rating": 1042,
  "private": 0,
  "password": null
}