{
  "id": "gen9championsvgc2026regma-2582360186",
  "format": "[Gen 9 Champions] VGC 2026 Reg M-A",
  "players": [
    "jaycubs",
    "tegith"
  ],
  "log": "|j|\u2606jaycubs\n|j|\u203dtegith\n|t:|1776086313\n|gametype|doubles\n|player|p1|jaycubs|steven|1085\n|player|p2|tegith|veteran|1000\n|gen|9\n|tier|[Gen 9 Champions] VGC 2026 Reg M-A\n|rated|\n|rule|Species Clause: Limit one of each Pok\u00e9mon\n|rule|Item Clause: Limit 1 of each item\n|clearpoke\n|poke|p1|Oranguru, L50, M|\n|poke|p1|Torkoal, L50, M|\n|poke|p1|Camerupt, L50, M|\n|poke|p1|Primarina, L50, M|\n|poke|p1|Maushold, L50|\n|poke|p1|Aegislash, L50, F|\n|poke|p2|Floette-Eternal, L50, F|\n|poke|p2|Incineroar, L50, F|\n|poke|p2|Whimsicott, L50, F|\n|poke|p2|Sneasler, L50, M|\n|poke|p2|Kingambit, L50, F|\n|poke|p2|Charizard, L50, F|\n|teampreview|4\n|inactive|Battle timer is ON: inactive players will automatically lose when time's up. (requested by tegith)\n|\n|t:|1776086335\n|teamsize|p1|4\n|teamsize|p2|4\n|start\n|switch|p1a: Oranguru|Oranguru, L50, M|100/100\n|switch|p1b: Primarina|Primarina, L50, M|100/100\n|switch|p2a: Incineroar|Incineroar, L50, F|100/100\n|switch|p2b: Whimsicott|Whimsicott, L50, F|100/100\n|-ability|p2a: Incineroar|Intimidate|boost\n|-fail|p1a: Oranguru|unboost|Attack|[from] ability: Inner Focus|[of] p1a: Oranguru\n|-unboost|p1b: Primarina|atk|1\n|turn|1\n|\n|t:|1776086354\n|move|p2a: Incineroar|Fake Out|p1b: Primarina\n|-damage|p1b: Primarina|90/100\n|move|p2b: Whimsicott|Taunt|p1a: Oranguru\n|-start|p1a: Oranguru|move: Taunt\n|-enditem|p1a: Oranguru|Mental Herb\n|-end|p1a: Oranguru|move: Taunt\n|cant|p1b: Primarina|flinch\n|move|p1a: Oranguru|Trick Room|p1a: Oranguru\n|-fieldstart|move: Trick Room|[of] p1a: Oranguru\n|\n|-heal|p1b: Primarina|96/100|[from] item: Leftovers\n|upkeep\n|turn|2\n|\n|t:|1776086378\n|move|p1a: Oranguru|Protect|p1a: Oranguru\n|-singleturn|p1a: Oranguru|Protect\n|move|p1b: Primarina|Misty Explosion|p2b: Whimsicott|[spread] p2a,p2b\n|-activate|p1a: Oranguru|move: Protect\n|-damage|p2a: Incineroar|74/100\n|-damage|p2b: Whimsicott|60/100\n|faint|p1b: Primarina\n|move|p2a: Incineroar|Parting Shot|p1a: Oranguru\n|-activate|p1a: Oranguru|move: Protect\n|move|p2b: Whimsicott|Giga Drain|p1a: Oranguru\n|-activate|p1a: Oranguru|move: Protect\n|\n|upkeep\n|\n|t:|1776086390\n|switch|p1b: Camerupt|Camerupt, L50, M|100/100\n|turn|3\n|\n|t:|1776086400\n|detailschange|p1b: Camerupt|Camerupt-Mega, L50, M\n|-mega|p1b: Camerupt|Camerupt|Cameruptite\n|move|p2b: Whimsicott|Taunt|p1a: Oranguru\n|-start|p1a: Oranguru|move: Taunt\n|move|p1b: Camerupt|Earth Power|p2a: Incineroar\n|-supereffective|p2a: Incineroar|1\n|-damage|p2a: Incineroar|0 fnt\n|faint|p2a: Incineroar\n|cant|p1a: Oranguru|move: Taunt|Instruct\n|\n|upkeep\n|\n|t:|1776086413\n|switch|p2a: Floette|Floette-Eternal, L50, F|100/100\n|turn|4\n|\n|t:|1776086422\n|switch|p1a: Maushold|Maushold, L50|100/100\n|detailschange|p2a: Floette|Floette-Mega, L50, F\n|-mega|p2a: Floette|Floette|Floettite\n|-ability|p2a: Floette|Fairy Aura\n|move|p1b: Camerupt|Eruption|p2a: Floette|[spread] p2a,p2b\n|-supereffective|p2b: Whimsicott|1\n|-damage|p2a: Floette|44/100\n|-damage|p2b: Whimsicott|0 fnt\n|faint|p2b: Whimsicott\n|move|p2a: Floette|Light of Ruin|p1b: Camerupt\n|-resisted|p1b: Camerupt|1\n|-damage|p1b: Camerupt|61/100\n|-damage|p2a: Floette|21/100|[from] Recoil\n|\n|upkeep\n|\n|t:|1776086430\n|switch|p2b: Sneasler|Sneasler, L50, M|100/100\n|turn|5\n|\n|t:|1776086447\n|move|p1b: Camerupt|Protect|p1b: Camerupt\n|-singleturn|p1b: Camerupt|Protect\n|move|p1a: Maushold|Protect|p1a: Maushold\n|-singleturn|p1a: Maushold|Protect\n|move|p2b: Sneasler|Fake Out|p1b: Camerupt\n|-activate|p1b: Camerupt|move: Protect\n|move|p2a: Floette|Light of Ruin|p1a: Maushold\n|-activate|p1a: Maushold|move: Protect\n|\n|-fieldend|move: Trick Room\n|upkeep\n|turn|6\n|\n|t:|1776086460\n|move|p1a: Maushold|Follow Me|p1a: Maushold\n|-singleturn|p1a: Maushold|move: Follow Me\n|move|p2b: Sneasler|Close Combat|p1a: Maushold\n|-supereffective|p1a: Maushold|1\n|-enditem|p1a: Maushold|Focus Sash\n|-damage|p1a: Maushold|1/100\n|-unboost|p2b: Sneasler|def|1\n|-unboost|p2b: Sneasler|spd|1\n|move|p2a: Floette|Light of Ruin|p1a: Maushold\n|-damage|p1a: Maushold|0 fnt\n|faint|p1a: Maushold\n|-damage|p2a: Floette|20/100|[from] Recoil\n|move|p1b: Camerupt|Heat Wave|p2b: Sneasler|[spread] p2b\n|-miss|p1b: Camerupt|p2a: Floette\n|-damage|p2b: Sneasler|0 fnt\n|faint|p2b: Sneasler\n|\n|upkeep\n|\n|t:|1776086476\n|switch|p1a: Oranguru|Oranguru, L50, M|100/100\n|turn|7\n|\n|t:|1776086484\n|move|p1b: Camerupt|Protect|p1b: Camerupt\n|-singleturn|p1b: Camerupt|Protect\n|move|p2a: Floette|Light of Ruin|p1b: Camerupt\n|-activate|p1b: Camerupt|move: Protect\n|move|p1a: Oranguru|Trick Room|p1a: Oranguru\n|-fieldstart|move: Trick Room|[of] p1a: Oranguru\n|\n|upkeep\n|turn|8\n|\n|t:|1776086496\n|move|p1b: Camerupt|Heat Wave|p2a: Floette\n|-damage|p2a: Floette|0 fnt\n|faint|p2a: Floette\n|\n|win|jaycubs\n|raw|jaycubs's rating: 1085 &rarr; <strong>1106</strong><br />(+21 for winning)\n|raw|tegith's rating: 1000 &rarr; <strong>1000</strong><br />(+0 for losing)\n|l|\u203dtegith\n|player|p2|\n",
  "uploadtime": 1776086505,
  "views": 14,
  "formatid": "gen9championsvgc2026regma",
  "rating": 1000,
  "private": 0,
  "password": null
}