{
  "id": "gen9championsvgc2026regma-2580677625",
  "format": "[Gen 9 Champions] VGC 2026 Reg M-A",
  "players": [
    "SpikeMike",
    "lfdgm"
  ],
  "log": "|j|\u2606SpikeMike\n|j|\u2606lfdgm\n|t:|1775923533\n|gametype|doubles\n|player|p1|SpikeMike|molayne|1154\n|player|p2|lfdgm|skyla|1107\n|gen|9\n|tier|[Gen 9 Champions] VGC 2026 Reg M-A\n|rated|\n|rule|Species Clause: Limit one of each Pok\u00e9mon\n|rule|Item Clause: Limit 1 of each item\n|clearpoke\n|poke|p1|Lucario, L50, M|\n|poke|p1|Pelipper, L50, M|\n|poke|p1|Archaludon, L50, M|\n|poke|p1|Sinistcha-Masterpiece, L50|\n|poke|p1|Garchomp, L50, F|\n|poke|p1|Incineroar, L50, M|\n|poke|p2|Golurk, L50|\n|poke|p2|Oranguru, L50, F|\n|poke|p2|Farigiraf, L50, M|\n|poke|p2|Crabominable, L50, F|\n|poke|p2|Torkoal, L50, M|\n|poke|p2|Appletun, L50, F|\n|teampreview|4\n|inactive|Battle timer is ON: inactive players will automatically lose when time's up. (requested by SpikeMike)\n|\n|t:|1775923591\n|teamsize|p1|4\n|teamsize|p2|4\n|start\n|switch|p1a: Invincible|Lucario, L50, M|100/100\n|switch|p1b: Maverick|Garchomp, L50, F|100/100\n|switch|p2a: Oranguru|Oranguru, L50, F|100/100\n|switch|p2b: Crabominable|Crabominable, L50, F|100/100\n|turn|1\n|\n|t:|1775923608\n|switch|p2b: Torkoal|Torkoal, L50, M|100/100\n|-weather|SunnyDay|[from] ability: Drought|[of] p2b: Torkoal\n|detailschange|p1a: Invincible|Lucario-Mega, L50, M\n|-mega|p1a: Invincible|Lucario|Lucarionite\n|move|p1a: Invincible|Flash Cannon|p2b: Torkoal\n|-resisted|p2b: Torkoal|1\n|-damage|p2b: Torkoal|62/100\n|move|p1b: Maverick|Rock Slide|p2b: Torkoal|[spread] p2a,p2b\n|-supereffective|p2b: Torkoal|1\n|-damage|p2a: Oranguru|79/100\n|-damage|p2b: Torkoal|26/100\n|move|p2a: Oranguru|Trick Room|p2a: Oranguru\n|-fieldstart|move: Trick Room|[of] p2a: Oranguru\n|\n|-weather|SunnyDay|[upkeep]\n|upkeep\n|turn|2\n|inactive|SpikeMike has 30 seconds left.\n|inactive|lfdgm has 30 seconds left.\n|\n|t:|1775923641\n|switch|p1a: Storm|Pelipper, L50, M|100/100\n|-weather|RainDance|[from] ability: Drizzle|[of] p1a: Storm\n|move|p2b: Torkoal|Eruption|p1a: Storm|[spread] p1a,p1b\n|-resisted|p1a: Storm|1\n|-resisted|p1b: Maverick|1\n|-damage|p1a: Storm|96/100\n|-damage|p1b: Maverick|97/100\n|move|p2a: Oranguru|Pain Split|p1b: Maverick\n|-sethp|p1b: Maverick|91/100|[from] move: Pain Split|[silent]\n|-sethp|p2a: Oranguru|85/100|[from] move: Pain Split\n|move|p1b: Maverick|Earthquake|p2b: Torkoal|[spread] p2a,p2b\n|-immune|p1a: Storm\n|-supereffective|p2b: Torkoal|1\n|-damage|p2a: Oranguru|50/100\n|-damage|p2b: Torkoal|0 fnt\n|faint|p2b: Torkoal\n|\n|-weather|RainDance|[upkeep]\n|upkeep\n|\n|t:|1775923654\n|switch|p2b: Crabominable|Crabominable, L50, F|100/100\n|turn|3\n|\n|t:|1775923674\n|detailschange|p2b: Crabominable|Crabominable-Mega, L50, F\n|-mega|p2b: Crabominable|Crabominable|Crabominite\n|move|p1b: Maverick|Protect|p1b: Maverick\n|-singleturn|p1b: Maverick|Protect\n|move|p2b: Crabominable|Ice Hammer|p1b: Maverick\n|-activate|p1b: Maverick|move: Protect\n|move|p2a: Oranguru|Instruct|p2b: Crabominable\n|-singleturn|p2b: Crabominable|move: Instruct|[of] p2a: Oranguru\n|move|p2b: Crabominable|Ice Hammer|p1b: Maverick\n|-activate|p1b: Maverick|move: Protect\n|move|p1a: Storm|Hurricane|p2b: Crabominable\n|-supereffective|p2b: Crabominable|1\n|-damage|p2b: Crabominable|17/100\n|\n|-weather|RainDance|[upkeep]\n|upkeep\n|turn|4\n|inactive|SpikeMike has 30 seconds left.\n|inactive|SpikeMike has 20 seconds left.\n|inactive|SpikeMike has 15 seconds left.\n|inactive|SpikeMike has 10 seconds left.\n|\n|t:|1775923719\n|move|p2b: Crabominable|Ice Hammer|p1b: Maverick\n|-supereffective|p1b: Maverick|2\n|-damage|p1b: Maverick|0 fnt\n|-unboost|p2b: Crabominable|spe|1\n|-damage|p2b: Crabominable|5/100|[from] ability: Rough Skin|[of] p1b: Maverick\n|faint|p1b: Maverick\n|move|p2a: Oranguru|Instruct|p2b: Crabominable\n|-singleturn|p2b: Crabominable|move: Instruct|[of] p2a: Oranguru\n|move|p2b: Crabominable|Ice Hammer|p1a: Storm\n|-damage|p1a: Storm|0 fnt\n|-unboost|p2b: Crabominable|spe|1\n|faint|p1a: Storm\n|\n|-weather|RainDance|[upkeep]\n|upkeep\n|\n|t:|1775923724\n|switch|p1a: Paddington|Sinistcha-Masterpiece, L50|100/100\n|switch|p1b: Invincible|Lucario-Mega, L50, M|100/100\n|turn|5\n|inactive|SpikeMike has 30 seconds left.\n|inactive|lfdgm has 30 seconds left.\n|inactive|SpikeMike has 20 seconds left.\n|inactive|lfdgm has 20 seconds left.\n|inactive|lfdgm has 15 seconds left.\n|inactive|lfdgm has 10 seconds left.\n|\n|t:|1775923770\n|move|p2b: Crabominable|Upper Hand|p1b: Invincible\n|-supereffective|p1b: Invincible|1\n|-damage|p1b: Invincible|0 fnt\n|faint|p1b: Invincible\n|move|p2a: Oranguru|Knock Off|p1a: Paddington\n|-supereffective|p1a: Paddington|1\n|-damage|p1a: Paddington|71/100\n|-enditem|p1a: Paddington|Sitrus Berry|[from] move: Knock Off|[of] p2a: Oranguru\n|move|p1a: Paddington|Matcha Gotcha|p2a: Oranguru|[spread] p2b\n|-miss|p1a: Paddington|p2a: Oranguru\n|-damage|p2b: Crabominable|0 fnt\n|-heal|p1a: Paddington|74/100|[from] drain|[of] p2b: Crabominable\n|faint|p2b: Crabominable\n|\n|-weather|RainDance|[upkeep]\n|-fieldend|move: Trick Room\n|upkeep\n|\n|t:|1775923780\n|switch|p2b: Appletun|Appletun, L50, F|100/100\n|turn|6\n|\n|t:|1775923790\n|move|p1a: Paddington|Matcha Gotcha|p2b: Appletun|[spread] p2a,p2b\n|-resisted|p2b: Appletun|2\n|-damage|p2a: Oranguru|33/100\n|-heal|p1a: Paddington|85/100|[from] drain|[of] p2a: Oranguru\n|-damage|p2b: Appletun|95/100\n|-heal|p1a: Paddington|88/100|[from] drain|[of] p2b: Appletun\n|move|p2a: Oranguru|Knock Off|p1a: Paddington\n|-supereffective|p1a: Paddington|1\n|-crit|p1a: Paddington\n|-damage|p1a: Paddington|62/100\n|move|p2b: Appletun|Apple Acid|p1a: Paddington\n|-resisted|p1a: Paddington|1\n|-damage|p1a: Paddington|47/100\n|-unboost|p1a: Paddington|spd|1\n|\n|-weather|none\n|-activate|p2b: Appletun|ability: Ripen\n|-heal|p2b: Appletun|100/100|[from] item: Leftovers\n|upkeep\n|turn|7\n|-message|SpikeMike forfeited.\n|\n|win|lfdgm\n|raw|SpikeMike's rating: 1154 &rarr; <strong>1126</strong><br />(-28 for losing)\n|raw|lfdgm's rating: 1107 &rarr; <strong>1135</strong><br />(+28 for winning)\n|l|\u2606SpikeMike\n|player|p1|\n",
  "uploadtime": 1775923808,
  "views": 20,
  "formatid": "gen9championsvgc2026regma",
  "rating": 1126,
  "private": 0,
  "password": null
}