{
  "id": "gen9championsvgc2026regma-2583784482",
  "format": "[Gen 9 Champions] VGC 2026 Reg M-A",
  "players": [
    "MigraineMan",
    "medrano2412"
  ],
  "log": "|j|\u2606MigraineMan\n|j|\u2606medrano2412\n|t:|1776197483\n|gametype|doubles\n|player|p1|MigraineMan|266|1306\n|player|p2|medrano2412|cyrus|1206\n|gen|9\n|tier|[Gen 9 Champions] VGC 2026 Reg M-A\n|rated|\n|rule|Species Clause: Limit one of each Pok\u00e9mon\n|rule|Item Clause: Limit 1 of each item\n|clearpoke\n|poke|p1|Blastoise, L50, M|\n|poke|p1|Sinistcha, L50|\n|poke|p1|Pelipper, L50, F|\n|poke|p1|Maushold, L50|\n|poke|p1|Incineroar, L50, M|\n|poke|p1|Farigiraf, L50, F|\n|poke|p2|Charizard, L50, M|\n|poke|p2|Venusaur, L50, M|\n|poke|p2|Garchomp, L50, F|\n|poke|p2|Sneasler, L50, M|\n|poke|p2|Incineroar, L50, F|\n|poke|p2|Basculegion, L50, M|\n|teampreview|4\n|inactive|Battle timer is ON: inactive players will automatically lose when time's up. (requested by medrano2412)\n|inactive|medrano2412 has 60 seconds left.\n|\n|t:|1776197532\n|teamsize|p1|4\n|teamsize|p2|4\n|start\n|switch|p1a: Blastoise|Blastoise, L50, M|100/100\n|switch|p1b: Sinistcha|Sinistcha, L50|100/100\n|switch|p2a: Charizard|Charizard, L50, M, shiny|100/100\n|switch|p2b: Basculegion|Basculegion, L50, M, shiny|100/100\n|turn|1\n|inactive|medrano2412 has 30 seconds left.\n|\n|t:|1776197560\n|detailschange|p2a: Charizard|Charizard-Mega-Y, L50, M, shiny\n|-mega|p2a: Charizard|Charizard|Charizardite Y\n|-weather|SunnyDay|[from] ability: Drought|[of] p2a: Charizard\n|detailschange|p1a: Blastoise|Blastoise-Mega, L50, M\n|-mega|p1a: Blastoise|Blastoise|Blastoisinite\n|move|p1b: Sinistcha|Rage Powder|p1b: Sinistcha\n|-singleturn|p1b: Sinistcha|move: Rage Powder\n|move|p2a: Charizard|Heat Wave|p1b: Sinistcha|[spread] p1a,p1b\n|-resisted|p1a: Blastoise|1\n|-supereffective|p1b: Sinistcha|1\n|-enditem|p1b: Sinistcha|Occa Berry|[eat]\n|-enditem|p1b: Sinistcha|Occa Berry|[weaken]\n|-damage|p1a: Blastoise|63/100\n|-damage|p1b: Sinistcha|31/100\n|move|p2b: Basculegion|Flip Turn|p1b: Sinistcha\n|-resisted|p1b: Sinistcha|1\n|-damage|p1b: Sinistcha|23/100\n|\n|t:|1776197576\n|switch|p2b: Venusaur|Venusaur, L50, M, shiny|100/100|[from] Flip Turn\n|move|p1a: Blastoise|Shell Smash|p1a: Blastoise\n|-unboost|p1a: Blastoise|def|1\n|-unboost|p1a: Blastoise|spd|1\n|-boost|p1a: Blastoise|atk|2\n|-boost|p1a: Blastoise|spa|2\n|-boost|p1a: Blastoise|spe|2\n|\n|-weather|SunnyDay|[upkeep]\n|upkeep\n|turn|2\n|inactive|medrano2412 has 30 seconds left.\n|inactive|medrano2412 has 20 seconds left.\n|inactive|medrano2412 has 15 seconds left.\n|inactive|medrano2412 has 10 seconds left.\n|inactive|medrano2412 has 5 seconds left.\n|\n|t:|1776197626\n|switch|p2a: Basculegion|Basculegion, L50, M, shiny|100/100\n|move|p1a: Blastoise|Protect|p1a: Blastoise\n|-singleturn|p1a: Blastoise|Protect\n|move|p2b: Venusaur|Sludge Bomb|p1a: Blastoise\n|-activate|p1a: Blastoise|move: Protect\n|move|p1b: Sinistcha|Matcha Gotcha|p2b: Venusaur|[spread] p2a,p2b\n|-supereffective|p2a: Basculegion|1\n|-resisted|p2b: Venusaur|2\n|-damage|p2a: Basculegion|56/100\n|-heal|p1b: Sinistcha|52/100|[from] drain|[of] p2a: Basculegion\n|-damage|p2b: Venusaur|95/100\n|-heal|p1b: Sinistcha|55/100|[from] drain|[of] p2b: Venusaur\n|\n|-weather|SunnyDay|[upkeep]\n|upkeep\n|turn|3\n|inactive|medrano2412 has 30 seconds left.\n|inactive|MigraineMan has 30 seconds left.\n|\n|t:|1776197661\n|switch|p1b: Pelipper|Pelipper, L50, F|100/100\n|-weather|RainDance|[from] ability: Drizzle|[of] p1b: Pelipper\n|move|p1a: Blastoise|Ice Beam|p2b: Venusaur\n|-supereffective|p2b: Venusaur|1\n|-damage|p2b: Venusaur|0 fnt\n|faint|p2b: Venusaur\n|move|p2a: Basculegion|Last Respects|p1b: Pelipper\n|-damage|p1b: Pelipper|30/100\n|\n|-weather|RainDance|[upkeep]\n|upkeep\n|\n|t:|1776197674\n|switch|p2b: Charizard|Charizard-Mega-Y, L50, M, shiny|100/100\n|-weather|SunnyDay|[from] ability: Drought|[of] p2b: Charizard\n|turn|4\n|\n|t:|1776197681\n|switch|p1b: Sinistcha|Sinistcha, L50|55/100\n|-heal|p1a: Blastoise|88/100|[from] ability: Hospitality|[of] p1b: Sinistcha\n|move|p1a: Blastoise|Protect|p1a: Blastoise\n|-singleturn|p1a: Blastoise|Protect\n|move|p2b: Charizard|Heat Wave|p1b: Sinistcha|[spread] \n|-activate|p1a: Blastoise|move: Protect\n|-miss|p2b: Charizard|p1b: Sinistcha\n|move|p2a: Basculegion|Last Respects|p1a: Blastoise\n|-activate|p1a: Blastoise|move: Protect\n|\n|-weather|SunnyDay|[upkeep]\n|upkeep\n|turn|5\n|\n|t:|1776197700\n|move|p1b: Sinistcha|Rage Powder|p1b: Sinistcha\n|-singleturn|p1b: Sinistcha|move: Rage Powder\n|move|p1a: Blastoise|Water Spout|p2b: Charizard|[spread] p2a,p2b\n|-resisted|p2a: Basculegion|1\n|-supereffective|p2b: Charizard|1\n|-damage|p2a: Basculegion|26/100\n|-damage|p2b: Charizard|0 fnt\n|faint|p2b: Charizard\n|move|p2a: Basculegion|Last Respects|p1b: Sinistcha\n|-supereffective|p1b: Sinistcha|1\n|-damage|p1b: Sinistcha|0 fnt\n|faint|p1b: Sinistcha\n|\n|-weather|SunnyDay|[upkeep]\n|upkeep\n|\n|t:|1776197714\n|switch|p2b: Incineroar|Incineroar, L50, F, shiny|100/100\n|switch|p1b: Farigiraf|Farigiraf, L50, F|100/100\n|-ability|p2b: Incineroar|Intimidate|boost\n|-unboost|p1a: Blastoise|atk|1\n|-unboost|p1b: Farigiraf|atk|1\n|turn|6\n|\n|t:|1776197723\n|move|p1b: Farigiraf|Helping Hand|p1a: Blastoise\n|-singleturn|p1a: Blastoise|Helping Hand|[of] p1b: Farigiraf\n|move|p2b: Incineroar|Fake Out||[still]\n|cant|p1b: Farigiraf|ability: Armor Tail|Fake Out|[of] p2b: Incineroar\n|move|p1a: Blastoise|Water Spout|p2a: Basculegion|[spread] p2a,p2b\n|-resisted|p2a: Basculegion|1\n|-supereffective|p2b: Incineroar|1\n|-crit|p2b: Incineroar\n|-damage|p2a: Basculegion|0 fnt\n|-damage|p2b: Incineroar|0 fnt\n|faint|p2a: Basculegion\n|faint|p2b: Incineroar\n|\n|win|MigraineMan\n|raw|MigraineMan's rating: 1306 &rarr; <strong>1320</strong><br />(+14 for winning)\n|raw|medrano2412's rating: 1206 &rarr; <strong>1188</strong><br />(-18 for losing)\n|l|\u2606medrano2412\n|player|p2|\n",
  "uploadtime": 1776197742,
  "views": 23,
  "formatid": "gen9championsvgc2026regma",
  "rating": 1188,
  "private": 0,
  "password": null
}