{
  "id": "gen9championsvgc2026regma-2580520929",
  "format": "[Gen 9 Champions] VGC 2026 Reg M-A",
  "players": [
    "PlatSceptile",
    "Cewa"
  ],
  "log": "|j|\u2606PlatSceptile\n|j|\u2606Cewa\n|t:|1775908205\n|gametype|doubles\n|player|p1|PlatSceptile|cynthia-gen4|\n|player|p2|Cewa|alder|\n|gen|9\n|tier|[Gen 9 Champions] VGC 2026 Reg M-A\n|rated|Tournament battle\n|rule|Species Clause: Limit one of each Pok\u00e9mon\n|rule|Item Clause: Limit 1 of each item\n|raw|<div class=\"infobox\"><details class=\"readmore\" open><summary><strong>1 custom rule:</strong></summary> Force Open Team Sheets</details></div>\n|clearpoke\n|poke|p1|Gengar, L50, F|\n|poke|p1|Kommo-o, L50, F|\n|poke|p1|Incineroar, L50, F|\n|poke|p1|Pelipper, L50, F|\n|poke|p1|Archaludon, L50, F|\n|poke|p1|Rotom-Mow, L50|\n|poke|p2|Sinistcha, L50|\n|poke|p2|Politoed, L50, F|\n|poke|p2|Starmie, L50|\n|poke|p2|Sableye, L50, M|\n|poke|p2|Corviknight, L50, M|\n|poke|p2|Gardevoir, L50, F|\n|teampreview|4\n|showteam|p1|Gengar||Gengarite|CursedBody|ShadowBall,SludgeBomb,IcyWind,Protect|||F|||50|]Kommo-o||YacheBerry|Bulletproof|IronDefense,BodyPress,ShadowClaw,Protect|||F|||50|]Incineroar||SitrusBerry|Intimidate|FakeOut,DarkestLariat,FlareBlitz,PartingShot|||F|||50|]Pelipper||FocusSash|Drizzle|Hurricane,WeatherBall,WideGuard,Protect|||F|||50|]Archaludon||ShucaBerry|Stamina|ElectroShot,DracoMeteor,FlashCannon,Protect|||F|||50|]Rotom-Mow||ChoiceScarf|Levitate|RainDance,WillOWisp,LeafStorm,VoltSwitch||||||50|\n|showteam|p2|Sinistcha||SitrusBerry|Hospitality|MatchaGotcha,TrickRoom,RagePowder,LifeDew||||||50|]Politoed||MysticWater|Drizzle|WeatherBall,MuddyWater,Protect,EarthPower|||F|||50|]Starmie||Starminite|Illuminate|Waterfall,PsychoCut,FlipTurn,Protect||||||50|]Sableye||RoseliBerry|Prankster|KnockOff,Taunt,RainDance,Encore|||M|||50|]Corviknight||Leftovers|MirrorArmor|IronHead,BodyPress,BraveBird,Protect|||M|||50|]Gardevoir||ChoiceScarf|Synchronize|IcyWind,Moonblast,Psyshock,DazzlingGleam|||F|||50|\n|j| Avatar Kony\nCewa rejected open team sheets.\n|\n|t:|1775908244\n|teamsize|p1|4\n|teamsize|p2|4\n|start\n|switch|p1a: Gengar|Gengar, L50, F, shiny|100/100\n|switch|p1b: Rotom|Rotom-Mow, L50|100/100\n|switch|p2a: Chelsea|Gardevoir, L50, F, shiny|100/100\n|switch|p2b: Wanda|Starmie, L50, shiny|100/100\n|turn|1\n|j| Blaster50\n|inactive|Battle timer is ON: inactive players will automatically lose when time's up. (requested by Cewa)\n|\n|t:|1775908276\n|switch|p2b: Pastillas|Sableye, L50, M, shiny|100/100\n|move|p1b: Rotom|Volt Switch|p2b: Pastillas\n|-damage|p2b: Pastillas|54/100\n|\n|t:|1775908284\n|switch|p1b: Archaludon|Archaludon, L50, F|100/100|[from] Volt Switch\n|move|p2a: Chelsea|Icy Wind|p1a: Gengar|[spread] p1a,p1b\n|-crit|p1b: Archaludon\n|-damage|p1a: Gengar|76/100\n|-damage|p1b: Archaludon|67/100\n|-unboost|p1a: Gengar|spe|1\n|-unboost|p1b: Archaludon|spe|1\n|-ability|p1b: Archaludon|Stamina|boost\n|-boost|p1b: Archaludon|def|1\n|move|p1a: Gengar|Shadow Ball|p2b: Pastillas\n|-damage|p2b: Pastillas|0 fnt\n|faint|p2b: Pastillas\n|\n|upkeep\n|\n|t:|1775908289\n|switch|p2b: Wanda|Starmie, L50, shiny|100/100\n|turn|2\n|inactive|PlatSceptile has 30 seconds left.\n|inactive|PlatSceptile has 20 seconds left.\n|inactive|PlatSceptile has 15 seconds left.\n|\n|t:|1775908329\n|detailschange|p1a: Gengar|Gengar-Mega, L50, F, shiny\n|-mega|p1a: Gengar|Gengar|Gengarite\n|move|p2b: Wanda|Protect|p2b: Wanda\n|-singleturn|p2b: Wanda|Protect\n|move|p2a: Chelsea|Icy Wind|p1a: Gengar|[spread] p1a,p1b\n|-damage|p1a: Gengar|57/100\n|-damage|p1b: Archaludon|45/100\n|-unboost|p1a: Gengar|spe|1\n|-unboost|p1b: Archaludon|spe|1\n|-ability|p1b: Archaludon|Stamina|boost\n|-boost|p1b: Archaludon|def|1\n|move|p1a: Gengar|Shadow Ball|p2b: Wanda\n|-activate|p2b: Wanda|move: Protect\n|move|p1b: Archaludon|Flash Cannon|p2a: Chelsea\n|-supereffective|p2a: Chelsea|1\n|-damage|p2a: Chelsea|14/100\n|\n|upkeep\n|turn|3\n|inactive|Cewa has 30 seconds left.\n|\n|t:|1775908358\n|switch|p1a: Pelipper|Pelipper, L50, F|100/100\n|-weather|RainDance|[from] ability: Drizzle|[of] p1a: Pelipper\n|detailschange|p2b: Wanda|Starmie-Mega, L50, shiny\n|-mega|p2b: Wanda|Starmie|Starminite\n|move|p2a: Chelsea|Icy Wind|p1a: Pelipper|[spread] p1a\n|-miss|p2a: Chelsea|p1b: Archaludon\n|-damage|p1a: Pelipper|75/100\n|-unboost|p1a: Pelipper|spe|1\n|move|p2b: Wanda|Psycho Cut|p1a: Pelipper\n|-damage|p1a: Pelipper|0 fnt\n|faint|p1a: Pelipper\n|move|p1b: Archaludon|Electro Shot||[still]\n|-prepare|p1b: Archaludon|Electro Shot\n|-boost|p1b: Archaludon|spa|1\n|-anim|p1b: Archaludon|Electro Shot|p2b: Wanda\n|-supereffective|p2b: Wanda|1\n|-damage|p2b: Wanda|0 fnt\n|faint|p2b: Wanda\n|\n|-weather|RainDance|[upkeep]\n|upkeep\n|\n|t:|1775908378\n|switch|p2b: Gussie|Sinistcha, L50|100/100\n|switch|p1a: Gengar|Gengar-Mega, L50, F, shiny|57/100\n|-heal|p2a: Chelsea|38/100|[from] ability: Hospitality|[of] p2b: Gussie\n|turn|4\n|l| Blaster50\n|\n|t:|1775908394\n|move|p2a: Chelsea|Icy Wind|p1b: Archaludon|[spread] p1a,p1b\n|-damage|p1a: Gengar|38/100\n|-damage|p1b: Archaludon|23/100\n|-unboost|p1a: Gengar|spe|1\n|-unboost|p1b: Archaludon|spe|1\n|-ability|p1b: Archaludon|Stamina|boost\n|-boost|p1b: Archaludon|def|1\n|move|p1a: Gengar|Shadow Ball|p2b: Gussie\n|-supereffective|p2b: Gussie|1\n|-damage|p2b: Gussie|4/100\n|-enditem|p2b: Gussie|Sitrus Berry|[eat]\n|-heal|p2b: Gussie|29/100|[from] item: Sitrus Berry\n|move|p2b: Gussie|Matcha Gotcha|p1a: Gengar|[spread] p1a,p1b\n|-resisted|p1a: Gengar|1\n|-resisted|p1b: Archaludon|2\n|-damage|p1a: Gengar|23/100\n|-heal|p2b: Gussie|35/100|[from] drain|[of] p1a: Gengar\n|-damage|p1b: Archaludon|13/100\n|-heal|p2b: Gussie|40/100|[from] drain|[of] p1b: Archaludon\n|-status|p1a: Gengar|brn\n|-ability|p1b: Archaludon|Stamina|boost\n|-boost|p1b: Archaludon|def|1\n|move|p1b: Archaludon|Flash Cannon|p2a: Chelsea\n|-supereffective|p2a: Chelsea|1\n|-damage|p2a: Chelsea|0 fnt\n|faint|p2a: Chelsea\n|\n|-weather|RainDance|[upkeep]\n|-damage|p1a: Gengar|17/100 brn|[from] brn\n|upkeep\n|turn|5\n|inactive|PlatSceptile has 30 seconds left.\n|inactive|PlatSceptile has 20 seconds left.\n|inactive|PlatSceptile has 15 seconds left.\n|\n|t:|1775908438\n|move|p1a: Gengar|Shadow Ball|p2b: Gussie\n|-supereffective|p2b: Gussie|1\n|-damage|p2b: Gussie|0 fnt\n|faint|p2b: Gussie\n|\n|win|PlatSceptile\n|n|\u2606PlatSceptile|platsceptile\n|n|\u2606Cewa|cewa\n|n| Avatar Kony|avatarkony\n|c|\u2606PlatSceptile|gg\n|l| Avatar Kony\n",
  "uploadtime": 1775908456,
  "views": 19,
  "formatid": "gen9championsvgc2026regma",
  "rating": null,
  "private": 0,
  "password": null
}