{
  "id": "gen9championsvgc2026regma-2587432650",
  "format": "[Gen 9 Champions] VGC 2026 Reg M-A",
  "players": [
    "FriedPizza",
    "chessin776"
  ],
  "log": "|j|\u203dFriedPizza\n|j|\u2606chessin776\n|t:|1776531346\n|gametype|doubles\n|player|p1|FriedPizza|iris-gen5bw2|1107\n|player|p2|chessin776|cheryl|1106\n|gen|9\n|tier|[Gen 9 Champions] VGC 2026 Reg M-A\n|rated|\n|rule|Species Clause: Limit one of each Pok\u00e9mon\n|rule|Item Clause: Limit 1 of each item\n|clearpoke\n|poke|p1|Victreebel, L50, M|\n|poke|p1|Garchomp, L50, M|\n|poke|p1|Talonflame, L50, M|\n|poke|p1|Sneasler, L50, F|\n|poke|p1|Kingambit, L50, M|\n|poke|p1|Floette-Eternal, L50, F|\n|poke|p2|Charizard, L50, M|\n|poke|p2|Venusaur, L50, M|\n|poke|p2|Clefable, L50, F|\n|poke|p2|Primarina, L50, F|\n|poke|p2|Farigiraf, L50, F|\n|poke|p2|Aegislash, L50, M|\n|teampreview|4\n|\n|t:|1776531376\n|teamsize|p1|4\n|teamsize|p2|4\n|start\n|switch|p1a: Victreebel|Victreebel, L50, M|100/100\n|switch|p1b: Talonflame|Talonflame, L50, M|100/100\n|switch|p2a: Roaring Water|Primarina, L50, F|100/100\n|switch|p2b: Giraffe|Farigiraf, L50, F|100/100\n|turn|1\n|\n|t:|1776531405\n|detailschange|p1a: Victreebel|Victreebel-Mega, L50, M\n|-mega|p1a: Victreebel|Victreebel|Victreebelite\n|move|p1b: Talonflame|Protect|p1b: Talonflame\n|-singleturn|p1b: Talonflame|Protect\n|move|p1a: Victreebel|Energy Ball|p2a: Roaring Water\n|-supereffective|p2a: Roaring Water|1\n|-damage|p2a: Roaring Water|14/100\n|move|p2b: Giraffe|Psychic|p1a: Victreebel\n|-supereffective|p1a: Victreebel|1\n|-damage|p1a: Victreebel|10/100\n|move|p2a: Roaring Water|Hyper Voice|p1a: Victreebel|[spread] p1a\n|-activate|p1b: Talonflame|move: Protect\n|-resisted|p1a: Victreebel|1\n|-damage|p1a: Victreebel|0 fnt\n|-damage|p2a: Roaring Water|5/100|[from] ability: Innards Out|[of] p1a: Victreebel\n|faint|p1a: Victreebel\n|\n|upkeep\n|\n|t:|1776531422\n|switch|p1a: Sneasler|Sneasler, L50, F|100/100\n|turn|2\n|\n|t:|1776531433\n|move|p2a: Roaring Water|Protect|p2a: Roaring Water\n|-singleturn|p2a: Roaring Water|Protect\n|move|p1a: Sneasler|Dire Claw|p2b: Giraffe\n|-damage|p2b: Giraffe|56/100\n|move|p1b: Talonflame|Blaze Kick|p2a: Roaring Water\n|-activate|p2a: Roaring Water|move: Protect\n|move|p2b: Giraffe|Trick Room|p2b: Giraffe\n|-fieldstart|move: Trick Room|[of] p2b: Giraffe\n|\n|upkeep\n|turn|3\n|\n|t:|1776531454\n|move|p1b: Talonflame|Brave Bird||[still]\n|cant|p2b: Giraffe|ability: Armor Tail|Brave Bird|[of] p1b: Talonflame\n|move|p2a: Roaring Water|Hyper Voice|p1a: Sneasler|[spread] p1a,p1b\n|-supereffective|p1b: Talonflame|1\n|-damage|p1a: Sneasler|35/100\n|-damage|p1b: Talonflame|0 fnt\n|faint|p1b: Talonflame\n|move|p2b: Giraffe|Reflect|p2b: Giraffe\n|-sidestart|p2: chessin776|Reflect\n|move|p1a: Sneasler|Close Combat|p2b: Giraffe\n|-damage|p2b: Giraffe|10/100\n|-unboost|p1a: Sneasler|def|1\n|-unboost|p1a: Sneasler|spd|1\n|-enditem|p1a: Sneasler|White Herb\n|-clearnegativeboost|p1a: Sneasler|[silent]\n|\n|upkeep\n|\n|t:|1776531459\n|switch|p1b: Kingambit|Kingambit, L50, M|100/100\n|turn|4\n|\n|t:|1776531471\n|move|p1b: Kingambit|Sucker Punch||[still]\n|cant|p2b: Giraffe|ability: Armor Tail|Sucker Punch|[of] p1b: Kingambit\n|move|p2a: Roaring Water|Hyper Voice|p1b: Kingambit|[spread] p1a,p1b\n|-damage|p1a: Sneasler|0 fnt\n|-damage|p1b: Kingambit|54/100\n|faint|p1a: Sneasler\n|move|p2b: Giraffe|Trick Room|p2b: Giraffe\n|-fieldend|move: Trick Room\n|\n|-heal|p1b: Kingambit|60/100|[from] item: Leftovers\n|upkeep\n|turn|5\n|-message|FriedPizza forfeited.\n|\n|win|chessin776\n|raw|FriedPizza's rating: 1107 &rarr; <strong>1082</strong><br />(-25 for losing)\n|raw|chessin776's rating: 1106 &rarr; <strong>1131</strong><br />(+25 for winning)\n|l|\u203dFriedPizza\n|player|p1|\n",
  "uploadtime": 1776531493,
  "views": 14,
  "formatid": "gen9championsvgc2026regma",
  "rating": 1082,
  "private": 0,
  "password": null
}