{
  "id": "gen9championsvgc2026regma-2581126393",
  "format": "[Gen 9 Champions] VGC 2026 Reg M-A",
  "players": [
    "PinkScourge",
    "LordSnorlax2727"
  ],
  "log": "|j|\u2606PinkScourge\n|j|\u2606LordSnorlax2727\n|t:|1775962408\n|gametype|doubles\n|player|p1|PinkScourge|doctor|1247\n|player|p2|LordSnorlax2727|266|1293\n|gen|9\n|tier|[Gen 9 Champions] VGC 2026 Reg M-A\n|rated|\n|rule|Species Clause: Limit one of each Pok\u00e9mon\n|rule|Item Clause: Limit 1 of each item\n|clearpoke\n|poke|p1|Froslass, L50, F|\n|poke|p1|Crabominable, L50, M|\n|poke|p1|Slowking-Galar, L50, M|\n|poke|p1|Mamoswine, L50, F|\n|poke|p1|Incineroar, L50, M|\n|poke|p1|Primarina, L50, F|\n|poke|p2|Charizard, L50, F|\n|poke|p2|Gallade, L50, M|\n|poke|p2|Whimsicott, L50, M|\n|poke|p2|Garchomp, L50, M|\n|poke|p2|Kingambit, L50, M|\n|poke|p2|Zoroark-Hisui, L50, M|\n|teampreview|4\n|inactive|Battle timer is ON: inactive players will automatically lose when time's up. (requested by PinkScourge)\n|\n|t:|1775962437\n|teamsize|p1|4\n|teamsize|p2|4\n|start\n|switch|p1a: Slowking|Slowking-Galar, L50, M|100/100\n|switch|p1b: Incineroar|Incineroar, L50, M|100/100\n|switch|p2a: Charizard|Charizard, L50, F|100/100\n|switch|p2b: Gallade|Gallade, L50, M|100/100\n|-ability|p1b: Incineroar|Intimidate|boost\n|-unboost|p2a: Charizard|atk|1\n|-unboost|p2b: Gallade|atk|1\n|turn|1\n|\n|t:|1775962451\n|move|p2b: Gallade|Protect|p2b: Gallade\n|-singleturn|p2b: Gallade|Protect\n|move|p1b: Incineroar|Fake Out|p2a: Charizard\n|-immune|p2a: Charizard\n|move|p2a: Charizard|Shadow Ball|p1a: Slowking\n|-supereffective|p1a: Slowking|1\n|-damage|p1a: Slowking|25/100\n|-unboost|p1a: Slowking|spd|1\n|move|p1a: Slowking|Trick Room|p1a: Slowking\n|-fieldstart|move: Trick Room|[of] p1a: Slowking\n|\n|upkeep\n|turn|2\n|\n|t:|1775962468\n|-prepare|p1a: Slowking|Chilly Reception|[premajor]\n|move|p1a: Slowking|Chilly Reception|p1a: Slowking\n|-weather|Snowscape\n|\n|t:|1775962472\n|switch|p1a: Mamoswine|Mamoswine, L50, F|100/100|[from] Chilly Reception\n|move|p1b: Incineroar|Throat Chop|p2a: Charizard\n|-supereffective|p2a: Charizard|1\n|-damage|p2a: Charizard|0 fnt\n|replace|p2a: Zoroark|Zoroark-Hisui, L50, M\n|-end|p2a: Zoroark|Illusion\n|faint|p2a: Zoroark\n|move|p2b: Gallade|Sacred Sword|p1b: Incineroar\n|-supereffective|p1b: Incineroar|1\n|-damage|p1b: Incineroar|27/100\n|-enditem|p1b: Incineroar|Sitrus Berry|[eat]\n|-heal|p1b: Incineroar|52/100|[from] item: Sitrus Berry\n|\n|-weather|Snowscape|[upkeep]\n|upkeep\n|\n|t:|1775962483\n|switch|p2a: Whimsicott|Whimsicott, L50, M|100/100\n|turn|3\n|\n|t:|1775962497\n|move|p1b: Incineroar|Parting Shot|p2b: Gallade\n|-unboost|p2b: Gallade|atk|1\n|-unboost|p2b: Gallade|spa|1\n|\n|t:|1775962500\n|switch|p1b: Slowking|Slowking-Galar, L50, M|58/100|[from] Parting Shot\n|move|p1a: Mamoswine|Icicle Crash|p2a: Whimsicott\n|-supereffective|p2a: Whimsicott|1\n|-enditem|p2a: Whimsicott|Focus Sash\n|-damage|p2a: Whimsicott|1/100\n|move|p2b: Gallade|Sacred Sword|p1a: Mamoswine\n|-supereffective|p1a: Mamoswine|1\n|-damage|p1a: Mamoswine|50/100\n|move|p2a: Whimsicott|Moonblast|p1a: Mamoswine\n|-damage|p1a: Mamoswine|10/100\n|\n|-weather|Snowscape|[upkeep]\n|upkeep\n|turn|4\n|\n|t:|1775962522\n|move|p2a: Whimsicott|Tailwind|p2a: Whimsicott\n|-sidestart|p2: LordSnorlax2727|move: Tailwind\n|move|p1b: Slowking|Sludge Bomb|p2a: Whimsicott\n|-supereffective|p2a: Whimsicott|2\n|-damage|p2a: Whimsicott|0 fnt\n|faint|p2a: Whimsicott\n|move|p1a: Mamoswine|Icicle Crash|p2b: Gallade\n|-damage|p2b: Gallade|17/100\n|cant|p2b: Gallade|flinch\n|\n|-weather|Snowscape|[upkeep]\n|upkeep\n|\n|t:|1775962527\n|switch|p2a: Charizard|Charizard, L50, F|100/100\n|turn|5\n|\n|t:|1775962538\n|move|p2b: Gallade|Protect|p2b: Gallade\n|-singleturn|p2b: Gallade|Protect\n|move|p2a: Charizard|Protect|p2a: Charizard\n|-singleturn|p2a: Charizard|Protect\n|move|p1b: Slowking|Sludge Bomb|p2b: Gallade\n|-activate|p2b: Gallade|move: Protect\n|move|p1a: Mamoswine|Stone Edge|p2a: Charizard\n|-activate|p2a: Charizard|move: Protect\n|\n|-weather|Snowscape|[upkeep]\n|-fieldend|move: Trick Room\n|upkeep\n|turn|6\n|\n|t:|1775962550\n|detailschange|p2a: Charizard|Charizard-Mega-Y, L50, F\n|-mega|p2a: Charizard|Charizard|Charizardite Y\n|-weather|SunnyDay|[from] ability: Drought|[of] p2a: Charizard\n|move|p1a: Mamoswine|Ice Shard|p2b: Gallade\n|-damage|p2b: Gallade|0 fnt\n|faint|p2b: Gallade\n|move|p2a: Charizard|Heat Wave|p1a: Mamoswine|[spread] p1a,p1b\n|-supereffective|p1a: Mamoswine|1\n|-damage|p1a: Mamoswine|0 fnt\n|-damage|p1b: Slowking|0 fnt\n|faint|p1a: Mamoswine\n|faint|p1b: Slowking\n|\n|-weather|SunnyDay|[upkeep]\n|upkeep\n|\n|t:|1775962562\n|switch|p1a: Incineroar|Incineroar, L50, M|52/100\n|switch|p1b: Crabominable|Crabominable, L50, M|100/100\n|-ability|p1a: Incineroar|Intimidate|boost\n|-unboost|p2a: Charizard|atk|1\n|turn|7\n|\n|t:|1775962575\n|detailschange|p1b: Crabominable|Crabominable-Mega, L50, M\n|-mega|p1b: Crabominable|Crabominable|Crabominite\n|move|p2a: Charizard|Protect|p2a: Charizard\n|-singleturn|p2a: Charizard|Protect\n|move|p1a: Incineroar|Fake Out|p2a: Charizard\n|-activate|p2a: Charizard|move: Protect\n|move|p1b: Crabominable|Ice Hammer|p2a: Charizard\n|-activate|p2a: Charizard|move: Protect\n|\n|-weather|SunnyDay|[upkeep]\n|-sideend|p2: LordSnorlax2727|move: Tailwind\n|upkeep\n|turn|8\n|\n|t:|1775962592\n|move|p1b: Crabominable|Protect|p1b: Crabominable\n|-singleturn|p1b: Crabominable|Protect\n|move|p2a: Charizard|Heat Wave|p1a: Incineroar|[spread] p1a\n|-activate|p1b: Crabominable|move: Protect\n|-resisted|p1a: Incineroar|1\n|-damage|p1a: Incineroar|18/100\n|move|p1a: Incineroar|Parting Shot|p2a: Charizard\n|-unboost|p2a: Charizard|atk|1\n|-unboost|p2a: Charizard|spa|1\n|\n|-weather|SunnyDay|[upkeep]\n|upkeep\n|turn|9\n|\n|t:|1775962605\n|move|p2a: Charizard|Heat Wave|p1b: Crabominable|[spread] p1a,p1b\n|-resisted|p1a: Incineroar|1\n|-supereffective|p1b: Crabominable|1\n|-damage|p1a: Incineroar|0 fnt\n|-damage|p1b: Crabominable|20/100\n|faint|p1a: Incineroar\n|move|p1b: Crabominable|Ice Hammer|p2a: Charizard\n|-damage|p2a: Charizard|0 fnt\n|-unboost|p1b: Crabominable|spe|1\n|faint|p2a: Charizard\n|\n|win|PinkScourge\n|raw|PinkScourge's rating: 1247 &rarr; <strong>1275</strong><br />(+28 for winning)\n|raw|LordSnorlax2727's rating: 1293 &rarr; <strong>1265</strong><br />(-28 for losing)\n|l|\u2606LordSnorlax2727\n|player|p2|\n",
  "uploadtime": 1775962616,
  "views": 23,
  "formatid": "gen9championsvgc2026regma",
  "rating": 1265,
  "private": 0,
  "password": null
}