{
  "id": "gen9championsvgc2026regma-2582300145",
  "format": "[Gen 9 Champions] VGC 2026 Reg M-A",
  "players": [
    "Palmeirinthianense",
    "hgjgfjyg"
  ],
  "log": "|j|\u2606Palmeirinthianense\n|j|\u2606hgjgfjyg\n|t:|1776081205\n|gametype|doubles\n|player|p1|Palmeirinthianense|swimmer-gen4dp|1044\n|player|p2|hgjgfjyg|collector|1022\n|gen|9\n|tier|[Gen 9 Champions] VGC 2026 Reg M-A\n|rated|\n|rule|Species Clause: Limit one of each Pok\u00e9mon\n|rule|Item Clause: Limit 1 of each item\n|clearpoke\n|poke|p1|Corviknight, L50, F|\n|poke|p1|Garchomp, L50, F|\n|poke|p1|Floette-Eternal, L50, F|\n|poke|p1|Tyranitar, L50, F|\n|poke|p1|Sinistcha, L50|\n|poke|p1|Incineroar, L50, F|\n|poke|p2|Floette-Eternal, L50, F|\n|poke|p2|Sylveon, L50, M|\n|poke|p2|Whimsicott, L50, M|\n|poke|p2|Ninetales-Alola, L50, M|\n|poke|p2|Weavile, L50, F|\n|poke|p2|Sinistcha, L50|\n|teampreview|4\n|inactive|Battle timer is ON: inactive players will automatically lose when time's up. (requested by hgjgfjyg)\n|inactive|Palmeirinthianense also wants the timer to be on.\n|inactive|Palmeirinthianense has 60 seconds left.\n|\n|t:|1776081243\n|teamsize|p1|4\n|teamsize|p2|4\n|start\n|switch|p1a: Incineroar|Incineroar, L50, F|100/100\n|switch|p1b: Floette|Floette-Eternal, L50, F|100/100\n|switch|p2a: Floette|Floette-Eternal, L50, F|100/100\n|switch|p2b: Sylveon|Sylveon, L50, M|100/100\n|-ability|p1a: Incineroar|Intimidate|boost\n|-unboost|p2a: Floette|atk|1\n|-unboost|p2b: Sylveon|atk|1\n|turn|1\n|\n|t:|1776081262\n|detailschange|p2a: Floette|Floette-Mega, L50, F\n|-mega|p2a: Floette|Floette|Floettite\n|-ability|p2a: Floette|Fairy Aura\n|detailschange|p1b: Floette|Floette-Mega, L50, F\n|-mega|p1b: Floette|Floette|Floettite\n|-ability|p1b: Floette|Fairy Aura\n|move|p2a: Floette|Protect|p2a: Floette\n|-singleturn|p2a: Floette|Protect\n|move|p1a: Incineroar|Fake Out|p2a: Floette\n|-activate|p2a: Floette|move: Protect\n|move|p1b: Floette|Calm Mind|p1b: Floette\n|-boost|p1b: Floette|spa|1\n|-boost|p1b: Floette|spd|1\n|move|p2b: Sylveon|Hyper Beam|p1b: Floette\n|-damage|p1b: Floette|47/100\n|-mustrecharge|p2b: Sylveon\n|\n|upkeep\n|turn|2\n|inactive|Palmeirinthianense has 30 seconds left.\n|\n|t:|1776081287\n|move|p2a: Floette|Moonblast|p1b: Floette\n|-damage|p1b: Floette|9/100\n|move|p1b: Floette|Calm Mind|p1b: Floette\n|-boost|p1b: Floette|spa|1\n|-boost|p1b: Floette|spd|1\n|cant|p2b: Sylveon|recharge\n|move|p1a: Incineroar|Parting Shot|p2a: Floette\n|-unboost|p2a: Floette|atk|1\n|-unboost|p2a: Floette|spa|1\n|\n|t:|1776081299\n|switch|p1a: Sinistcha|Sinistcha, L50|100/100|[from] Parting Shot\n|-heal|p1b: Floette|34/100|[from] ability: Hospitality|[of] p1a: Sinistcha\n|\n|upkeep\n|turn|3\n|\n|t:|1776081313\n|switch|p1a: Incineroar|Incineroar, L50, F|100/100\n|-ability|p1a: Incineroar|Intimidate|boost\n|-unboost|p2a: Floette|atk|1\n|-unboost|p2b: Sylveon|atk|1\n|move|p2a: Floette|Protect|p2a: Floette\n|-singleturn|p2a: Floette|Protect\n|move|p1b: Floette|Protect|p1b: Floette\n|-singleturn|p1b: Floette|Protect\n|move|p2b: Sylveon|Hyper Beam|p1b: Floette\n|-activate|p1b: Floette|move: Protect\n|\n|upkeep\n|turn|4\n|\n|t:|1776081333\n|switch|p2a: Sinistcha|Sinistcha, L50|100/100\n|move|p1a: Incineroar|Fake Out|p2b: Sylveon\n|-damage|p2b: Sylveon|85/100\n|move|p1b: Floette|Moonblast|p2a: Sinistcha\n|-damage|p2a: Sinistcha|0 fnt\n|faint|p2a: Sinistcha\n|cant|p2b: Sylveon|flinch\n|\n|upkeep\n|\n|t:|1776081342\n|switch|p2a: Ninetales|Ninetales-Alola, L50, M|100/100\n|-weather|Snowscape|[from] ability: Snow Warning|[of] p2a: Ninetales\n|turn|5\n|\n|t:|1776081356\n|switch|p1a: Sinistcha|Sinistcha, L50|100/100\n|-heal|p1b: Floette|59/100|[from] ability: Hospitality|[of] p1a: Sinistcha\n|move|p2a: Ninetales|Aurora Veil|p2a: Ninetales\n|-sidestart|p2: hgjgfjyg|move: Aurora Veil\n|move|p1b: Floette|Moonblast|p2b: Sylveon\n|-damage|p2b: Sylveon|15/100\n|move|p2b: Sylveon|Hyper Beam|p1b: Floette\n|-damage|p1b: Floette|20/100\n|-mustrecharge|p2b: Sylveon\n|\n|-weather|Snowscape|[upkeep]\n|upkeep\n|turn|6\n|\n|t:|1776081371\n|switch|p1a: Incineroar|Incineroar, L50, F|100/100\n|-ability|p1a: Incineroar|Intimidate|boost\n|-unboost|p2a: Ninetales|atk|1\n|-unboost|p2b: Sylveon|atk|1\n|move|p1b: Floette|Protect|p1b: Floette\n|-singleturn|p1b: Floette|Protect\n|move|p2a: Ninetales|Dazzling Gleam|p1a: Incineroar|[spread] p1a\n|-activate|p1b: Floette|move: Protect\n|-damage|p1a: Incineroar|77/100\n|cant|p2b: Sylveon|recharge\n|\n|-weather|Snowscape|[upkeep]\n|upkeep\n|turn|7\n|\n|t:|1776081391\n|move|p2b: Sylveon|Protect|p2b: Sylveon\n|-singleturn|p2b: Sylveon|Protect\n|move|p1a: Incineroar|Fake Out|p2a: Ninetales\n|-damage|p2a: Ninetales|92/100\n|cant|p2a: Ninetales|flinch\n|move|p1b: Floette|Dazzling Gleam|p2a: Ninetales|[spread] p2a\n|-activate|p2b: Sylveon|move: Protect\n|-damage|p2a: Ninetales|23/100\n|\n|-weather|Snowscape|[upkeep]\n|upkeep\n|turn|8\n|\n|t:|1776081403\n|switch|p1a: Sinistcha|Sinistcha, L50|100/100\n|-heal|p1b: Floette|45/100|[from] ability: Hospitality|[of] p1a: Sinistcha\n|move|p2a: Ninetales|Dazzling Gleam|p1a: Sinistcha|[spread] p1a,p1b\n|-damage|p1a: Sinistcha|71/100\n|-damage|p1b: Floette|35/100\n|move|p1b: Floette|Dazzling Gleam|p2b: Sylveon|[spread] p2a,p2b\n|-damage|p2a: Ninetales|0 fnt\n|-damage|p2b: Sylveon|0 fnt\n|faint|p2a: Ninetales\n|faint|p2b: Sylveon\n|\n|-weather|Snowscape|[upkeep]\n|upkeep\n|\n|t:|1776081413\n|switch|p2b: Floette|Floette-Mega, L50, F|100/100\n|-ability|p2b: Floette|Fairy Aura\n|turn|9\n|-message|hgjgfjyg forfeited.\n|\n|win|Palmeirinthianense\n|raw|Palmeirinthianense's rating: 1044 &rarr; <strong>1075</strong><br />(+31 for winning)\n|raw|hgjgfjyg's rating: 1022 &rarr; <strong>1010</strong><br />(-12 for losing)\n|c|\u2606Palmeirinthianense|Entrou na roda\n|l|\u2606hgjgfjyg\n|player|p2|\n",
  "uploadtime": 1776081433,
  "views": 16,
  "formatid": "gen9championsvgc2026regma",
  "rating": 1010,
  "private": 0,
  "password": null
}