{
  "id": "gen9championsvgc2026regma-2588140852",
  "format": "[Gen 9 Champions] VGC 2026 Reg M-A",
  "players": [
    "Tawn",
    "uh789"
  ],
  "log": "|j|\u2606Tawn\n|j|\u2606uh789\n|t:|1776608462\n|gametype|doubles\n|player|p1|Tawn|red|1122\n|player|p2|uh789|benga|1060\n|gen|9\n|tier|[Gen 9 Champions] VGC 2026 Reg M-A\n|rated|\n|rule|Species Clause: Limit one of each Pok\u00e9mon\n|rule|Item Clause: Limit 1 of each item\n|clearpoke\n|poke|p1|Kangaskhan, L50, F|\n|poke|p1|Meganium, L50, F|\n|poke|p1|Tauros-Paldea-Aqua, L50, M|\n|poke|p1|Aerodactyl, L50, M|\n|poke|p1|Archaludon, L50, F|\n|poke|p1|Typhlosion-Hisui, L50, M|\n|poke|p2|Archaludon, L50, F|\n|poke|p2|Pelipper, L50, F|\n|poke|p2|Meganium, L50, M|\n|poke|p2|Kingambit, L50, M|\n|poke|p2|Raichu, L50, F|\n|poke|p2|Palafin, L50, M|\n|teampreview|4\n|inactive|Battle timer is ON: inactive players will automatically lose when time's up. (requested by uh789)\n|\n|t:|1776608490\n|teamsize|p1|4\n|teamsize|p2|4\n|start\n|switch|p1a: Aerodactyl|Aerodactyl, L50, M|100/100\n|switch|p1b: Archaludon|Archaludon, L50, F|100/100\n|switch|p2a: Meganium|Meganium, L50, M|100/100\n|switch|p2b: Palafin|Palafin, L50, M|100/100\n|-ability|p1a: Aerodactyl|Unnerve\n|turn|1\n|\n|t:|1776608510\n|move|p2b: Palafin|Flip Turn|p1a: Aerodactyl\n|-supereffective|p1a: Aerodactyl|1\n|-damage|p1a: Aerodactyl|23/100\n|\n|t:|1776608513\n|detailschange|p2b: Palafin|Palafin-Hero, L50, M\n|switch|p2b: Raichu|Raichu, L50, F|100/100|[from] Flip Turn\n|move|p1a: Aerodactyl|Tailwind|p1a: Aerodactyl\n|-sidestart|p1: Tawn|move: Tailwind\n|move|p1b: Archaludon|Flash Cannon|p2a: Meganium\n|-damage|p2a: Meganium|63/100\n|move|p2a: Meganium|Dazzling Gleam|p1b: Archaludon|[spread] p1a,p1b\n|-damage|p1a: Aerodactyl|0 fnt\n|-damage|p1b: Archaludon|81/100\n|faint|p1a: Aerodactyl\n|\n|upkeep\n|\n|t:|1776608524\n|switch|p1a: Kangaskhan|Kangaskhan, L50, F|100/100\n|turn|2\n|\n|t:|1776608541\n|detailschange|p1a: Kangaskhan|Kangaskhan-Mega, L50, F\n|-mega|p1a: Kangaskhan|Kangaskhan|Kangaskhanite\n|detailschange|p2a: Meganium|Meganium-Mega, L50, M\n|-mega|p2a: Meganium|Meganium|Meganiumite\n|move|p1a: Kangaskhan|Fake Out|p2b: Raichu\n|-damage|p2b: Raichu|60/100\n|-damage|p2b: Raichu|49/100\n|-hitcount|p2b: Raichu|2\n|cant|p2b: Raichu|flinch\n|move|p1b: Archaludon|Flash Cannon|p2a: Meganium\n|-supereffective|p2a: Meganium|1\n|-damage|p2a: Meganium|0 fnt\n|faint|p2a: Meganium\n|\n|upkeep\n|\n|t:|1776608556\n|switch|p2a: Palafin|Palafin-Hero, L50, M|100/100\n|-activate|p2a: Palafin|ability: Zero to Hero\n|turn|3\n|\n|t:|1776608568\n|move|p1a: Kangaskhan|Crunch|p2b: Raichu\n|-damage|p2b: Raichu|0 fnt\n|faint|p2b: Raichu\n|-hitcount|p2: Raichu|1\n|move|p2a: Palafin|Drain Punch|p1b: Archaludon\n|-supereffective|p1b: Archaludon|1\n|-damage|p1b: Archaludon|27/100\n|move|p1b: Archaludon|Electro Shot||[still]\n|-prepare|p1b: Archaludon|Electro Shot\n|-boost|p1b: Archaludon|spa|1\n|\n|upkeep\n|\n|t:|1776608579\n|switch|p2b: Kingambit|Kingambit, L50, M|100/100\n|turn|4\n|\n|t:|1776608590\n|move|p2b: Kingambit|Sucker Punch|p1b: Archaludon\n|-crit|p1b: Archaludon\n|-damage|p1b: Archaludon|0 fnt\n|faint|p1b: Archaludon\n|move|p1a: Kangaskhan|Low Kick|p2b: Kingambit\n|-supereffective|p2b: Kingambit|2\n|-damage|p2b: Kingambit|8/100\n|-supereffective|p2b: Kingambit|2\n|-damage|p2b: Kingambit|0 fnt\n|faint|p2b: Kingambit\n|-hitcount|p2: Kingambit|2\n|move|p2a: Palafin|Drain Punch|p1a: Kangaskhan\n|-supereffective|p1a: Kangaskhan|1\n|-crit|p1a: Kangaskhan\n|-damage|p1a: Kangaskhan|0 fnt\n|faint|p1a: Kangaskhan\n|\n|-sideend|p1: Tawn|move: Tailwind\n|upkeep\n|\n|t:|1776608600\n|switch|p1a: Tauros|Tauros-Paldea-Aqua, L50, M|100/100\n|-ability|p1a: Tauros|Intimidate|boost\n|-unboost|p2a: Palafin|atk|1\n|turn|5\n|\n|t:|1776608617\n|move|p2a: Palafin|Drain Punch|p1a: Tauros\n|-damage|p1a: Tauros|76/100\n|move|p1a: Tauros|Close Combat|p2a: Palafin\n|-damage|p2a: Palafin|42/100\n|-unboost|p1a: Tauros|def|1\n|-unboost|p1a: Tauros|spd|1\n|-enditem|p1a: Tauros|White Herb\n|-clearnegativeboost|p1a: Tauros|[silent]\n|\n|upkeep\n|turn|6\n|\n|t:|1776608634\n|move|p2a: Palafin|Drain Punch|p1a: Tauros\n|-damage|p1a: Tauros|50/100\n|-heal|p2a: Palafin|53/100|[from] drain|[of] p1a: Tauros\n|move|p1a: Tauros|Close Combat|p2a: Palafin\n|-damage|p2a: Palafin|0 fnt\n|-unboost|p1a: Tauros|def|1\n|-unboost|p1a: Tauros|spd|1\n|faint|p2a: Palafin\n|\n|win|Tawn\n|raw|Tawn's rating: 1122 &rarr; <strong>1143</strong><br />(+21 for winning)\n|raw|uh789's rating: 1060 &rarr; <strong>1044</strong><br />(-16 for losing)\n",
  "uploadtime": 1776608655,
  "views": 11,
  "formatid": "gen9championsvgc2026regma",
  "rating": 1044,
  "private": 0,
  "password": null
}