{
  "id": "gen9championsvgc2026regma-2587588485",
  "format": "[Gen 9 Champions] VGC 2026 Reg M-A",
  "players": [
    "DimensionalFool",
    "BlRD BOY"
  ],
  "log": "|j|\u2606DimensionalFool\n|j|\u2606BlRD BOY\n|t:|1776544795\n|gametype|doubles\n|player|p1|DimensionalFool|169|1377\n|player|p2|BlRD BOY|brycen|1341\n|gen|9\n|tier|[Gen 9 Champions] VGC 2026 Reg M-A\n|rated|\n|rule|Species Clause: Limit one of each Pok\u00e9mon\n|rule|Item Clause: Limit 1 of each item\n|clearpoke\n|poke|p1|Pelipper, L50, M|\n|poke|p1|Kingambit, L50, F|\n|poke|p1|Corviknight, L50, M|\n|poke|p1|Meganium, L50, F|\n|poke|p1|Sneasler, L50, M|\n|poke|p1|Basculegion, L50, M|\n|poke|p2|Froslass, L50, F|\n|poke|p2|Glaceon, L50, M|\n|poke|p2|Arcanine-Hisui, L50, M|\n|poke|p2|Kingambit, L50, F|\n|poke|p2|Gyarados, L50, F|\n|poke|p2|Sneasler, L50, M|\n|teampreview|4\n|inactive|Battle timer is ON: inactive players will automatically lose when time's up. (requested by DimensionalFool)\nDimensionalFool rejected open team sheets.\n|inactive|DimensionalFool has 60 seconds left.\n|\n|t:|1776544838\n|teamsize|p1|4\n|teamsize|p2|4\n|start\n|switch|p1a: Pelipper|Pelipper, L50, M|100/100\n|switch|p1b: Basculegion|Basculegion, L50, M|100/100\n|switch|p2a: Froslass|Froslass, L50, F|100/100\n|switch|p2b: Arcanine|Arcanine-Hisui, L50, M|100/100\n|-ability|p2b: Arcanine|Intimidate|boost\n|-unboost|p1a: Pelipper|atk|1\n|-unboost|p1b: Basculegion|atk|1\n|-weather|RainDance|[from] ability: Drizzle|[of] p1a: Pelipper\n|turn|1\n|inactive|BlRD BOY has 30 seconds left.\n|inactive|BlRD BOY has 20 seconds left.\n|inactive|BlRD BOY has 15 seconds left.\n|inactive|BlRD BOY has 10 seconds left.\n|\n|t:|1776544883\n|switch|p1a: Kingambit|Kingambit, L50, F|100/100\n|detailschange|p2a: Froslass|Froslass-Mega, L50, F\n|-mega|p2a: Froslass|Froslass|Froslassite\n|-weather|Snowscape|[from] ability: Snow Warning|[of] p2a: Froslass\n|move|p2b: Arcanine|Wild Charge|p1a: Kingambit\n|-damage|p1a: Kingambit|79/100\n|-damage|p2b: Arcanine|94/100|[from] Recoil\n|move|p1b: Basculegion|Flip Turn|p2a: Froslass\n|-damage|p2a: Froslass|73/100\n|\n|t:|1776544895\n|switch|p1b: Pelipper|Pelipper, L50, M|100/100|[from] Flip Turn\n|-weather|RainDance|[from] ability: Drizzle|[of] p1b: Pelipper\n|move|p2a: Froslass|Aurora Veil||[still]\n|-fail|p2a: Froslass\n|\n|-weather|RainDance|[upkeep]\n|upkeep\n|turn|2\n|\n|t:|1776544916\n|switch|p2a: Kingambit|Kingambit, L50, F|100/100\n|switch|p1b: Sneasler|Sneasler, L50, M|100/100\n|move|p2b: Arcanine|Wild Charge|p1b: Sneasler\n|-damage|p1b: Sneasler|50/100\n|-damage|p2b: Arcanine|82/100|[from] Recoil\n|move|p1a: Kingambit|Low Kick|p2b: Arcanine\n|-supereffective|p2b: Arcanine|1\n|-damage|p2b: Arcanine|0 fnt\n|faint|p2b: Arcanine\n|\n|-weather|RainDance|[upkeep]\n|upkeep\n|\n|t:|1776544925\n|switch|p2b: Froslass|Froslass-Mega, L50, F|73/100\n|-weather|Snowscape|[from] ability: Snow Warning|[of] p2b: Froslass\n|turn|3\n|inactive|DimensionalFool has 30 seconds left.\n|\n|t:|1776544956\n|switch|p1a: Pelipper|Pelipper, L50, M|100/100\n|-weather|RainDance|[from] ability: Drizzle|[of] p1a: Pelipper\n|move|p2a: Kingambit|Sucker Punch|p1b: Sneasler\n|-resisted|p1b: Sneasler|1\n|-damage|p1b: Sneasler|13/100\n|move|p2b: Froslass|Blizzard|p1a: Pelipper|[spread] p1a,p1b\n|-damage|p1a: Pelipper|43/100\n|-damage|p1b: Sneasler|0 fnt\n|faint|p1b: Sneasler\n|\n|-weather|RainDance|[upkeep]\n|upkeep\n|\n|t:|1776544973\n|switch|p1b: Kingambit|Kingambit, L50, F|79/100\n|turn|4\n|\n|t:|1776544984\n|switch|p2b: Glaceon|Glaceon, L50, M|100/100\n|move|p1a: Pelipper|Tailwind|p1a: Pelipper\n|-sidestart|p1: DimensionalFool|move: Tailwind\n|move|p1b: Kingambit|Low Kick|p2a: Kingambit\n|-supereffective|p2a: Kingambit|2\n|-damage|p2a: Kingambit|0 fnt\n|faint|p2a: Kingambit\n|\n|-weather|RainDance|[upkeep]\n|upkeep\n|\n|t:|1776544990\n|switch|p2a: Froslass|Froslass-Mega, L50, F|73/100\n|-weather|Snowscape|[from] ability: Snow Warning|[of] p2a: Froslass\n|turn|5\n|\n|t:|1776544999\n|move|p1a: Pelipper|Wide Guard|p1a: Pelipper\n|-singleturn|p1a: Pelipper|Wide Guard\n|move|p2a: Froslass|Aurora Veil|p2a: Froslass\n|-sidestart|p2: BlRD BOY|move: Aurora Veil\n|move|p1b: Kingambit|Iron Head|p2a: Froslass\n|-supereffective|p2a: Froslass|1\n|-damage|p2a: Froslass|1/100\n|move|p2b: Glaceon|Freeze-Dry|p1a: Pelipper\n|-supereffective|p1a: Pelipper|2\n|-damage|p1a: Pelipper|0 fnt\n|faint|p1a: Pelipper\n|\n|-weather|Snowscape|[upkeep]\n|upkeep\n|\n|t:|1776545007\n|switch|p1a: Basculegion|Basculegion, L50, M|100/100\n|turn|6\n|\n|t:|1776545017\n|move|p1a: Basculegion|Aqua Jet|p2a: Froslass\n|-damage|p2a: Froslass|0 fnt\n|faint|p2a: Froslass\n|move|p1b: Kingambit|Iron Head|p2b: Glaceon|[miss]\n|-miss|p1b: Kingambit|p2b: Glaceon\n|move|p2b: Glaceon|Freeze-Dry|p1a: Basculegion\n|-supereffective|p1a: Basculegion|1\n|-damage|p1a: Basculegion|17/100\n|\n|-weather|Snowscape|[upkeep]\n|upkeep\n|turn|7\n|\n|t:|1776545033\n|move|p1a: Basculegion|Aqua Jet|p2b: Glaceon|[miss]\n|-miss|p1a: Basculegion|p2b: Glaceon\n|move|p1b: Kingambit|Iron Head|p2b: Glaceon|[miss]\n|-miss|p1b: Kingambit|p2b: Glaceon\n|move|p2b: Glaceon|Blizzard|p1b: Kingambit|[spread] p1a,p1b\n|-resisted|p1a: Basculegion|1\n|-crit|p1a: Basculegion\n|-resisted|p1b: Kingambit|1\n|-damage|p1a: Basculegion|0 fnt\n|-damage|p1b: Kingambit|58/100\n|faint|p1a: Basculegion\n|\n|-weather|Snowscape|[upkeep]\n|-sideend|p1: DimensionalFool|move: Tailwind\n|upkeep\n|turn|8\n|\n|t:|1776545045\n|move|p2b: Glaceon|Blizzard|p1b: Kingambit\n|-resisted|p1b: Kingambit|1\n|-damage|p1b: Kingambit|28/100\n|move|p1b: Kingambit|Iron Head|p2b: Glaceon|[miss]\n|-miss|p1b: Kingambit|p2b: Glaceon\n|\n|-weather|Snowscape|[upkeep]\n|upkeep\n|turn|9\n|\n|t:|1776545052\n|move|p2b: Glaceon|Blizzard|p1b: Kingambit\n|-resisted|p1b: Kingambit|1\n|-damage|p1b: Kingambit|0 fnt\n|faint|p1b: Kingambit\n|\n|win|BlRD BOY\n|raw|DimensionalFool's rating: 1377 &rarr; <strong>1355</strong><br />(-22 for losing)\n|raw|BlRD BOY's rating: 1341 &rarr; <strong>1363</strong><br />(+22 for winning)\n|l|\u2606DimensionalFool\n|player|p1|\n|l|\u2606BlRD BOY\n|player|p2|\n|j|\u2606BlRD BOY\n|player|p2|BlRD BOY|brycen|\n",
  "uploadtime": 1776545155,
  "views": 33,
  "formatid": "gen9championsvgc2026regma",
  "rating": 1355,
  "private": 0,
  "password": null
}