{
  "id": "gen9championsvgc2026regma-2587571025",
  "format": "[Gen 9 Champions] VGC 2026 Reg M-A",
  "players": [
    "dewlemdropous",
    "TrainerDylan24"
  ],
  "log": "|j|\u2606dewlemdropous\n|j|\u2606TrainerDylan24\n|t:|1776543245\n|gametype|doubles\n|player|p1|dewlemdropous|roark|1079\n|player|p2|TrainerDylan24|grimsley|1128\n|gen|9\n|tier|[Gen 9 Champions] VGC 2026 Reg M-A\n|rated|\n|rule|Species Clause: Limit one of each Pok\u00e9mon\n|rule|Item Clause: Limit 1 of each item\n|clearpoke\n|poke|p1|Tyranitar, L50, M, shiny|\n|poke|p1|Excadrill, L50, M, shiny|\n|poke|p1|Talonflame, L50, F, shiny|\n|poke|p1|Rotom-Wash, L50, shiny|\n|poke|p1|Sneasler, L50, F, shiny|\n|poke|p1|Aggron, L50, F, shiny|\n|poke|p2|Emboar, L50, F|\n|poke|p2|Oranguru, L50, M|\n|poke|p2|Milotic, L50, F|\n|poke|p2|Kingambit, L50, F|\n|poke|p2|Sinistcha, L50|\n|poke|p2|Crabominable, L50, M|\n|teampreview|4\n|\n|t:|1776543280\n|teamsize|p1|4\n|teamsize|p2|4\n|start\n|switch|p1a: the taste of wind|Talonflame, L50, F, shiny|100/100\n|switch|p1b: the taste of speed|Excadrill, L50, M, shiny|100/100\n|switch|p2a: Sinistcha|Sinistcha, L50|100/100\n|switch|p2b: Oranguru|Oranguru, L50, M|100/100\n|turn|1\n|\n|t:|1776543298\n|switch|p1b: the taste of white|Sneasler, L50, F, shiny|100/100\n|move|p1a: the taste of wind|Flare Blitz|p2a: Sinistcha\n|-supereffective|p2a: Sinistcha|1\n|-damage|p2a: Sinistcha|0 fnt\n|faint|p2a: Sinistcha\n|-damage|p1a: the taste of wind|68/100|[from] Recoil\n|move|p2b: Oranguru|Foul Play|p1a: the taste of wind\n|-damage|p1a: the taste of wind|26/100\n|\n|upkeep\n|\n|t:|1776543306\n|switch|p2a: Milotic|Milotic, L50, F|100/100\n|turn|2\n|\n|t:|1776543317\n|move|p2a: Milotic|Protect|p2a: Milotic\n|-singleturn|p2a: Milotic|Protect\n|move|p1b: the taste of white|Fake Out|p2a: Milotic\n|-activate|p2a: Milotic|move: Protect\n|move|p1a: the taste of wind|Tailwind|p1a: the taste of wind\n|-sidestart|p1: dewlemdropous|move: Tailwind\n|move|p2b: Oranguru|Trick Room|p2b: Oranguru\n|-fieldstart|move: Trick Room|[of] p2b: Oranguru\n|\n|upkeep\n|turn|3\n|l|\u2606TrainerDylan24\n|player|p2|\n|j|\u2606TrainerDylan24\n|player|p2|TrainerDylan24|grimsley|\n|\n|t:|1776543358\n|move|p1b: the taste of white|Protect|p1b: the taste of white\n|-singleturn|p1b: the taste of white|Protect\n|move|p2b: Oranguru|Foul Play|p1a: the taste of wind\n|-damage|p1a: the taste of wind|0 fnt\n|faint|p1a: the taste of wind\n|move|p2a: Milotic|Muddy Water|p1b: the taste of white\n|-activate|p1b: the taste of white|move: Protect\n|\n|upkeep\n|\n|t:|1776543366\n|switch|p1a: the taste of rock|Tyranitar, L50, M, shiny|100/100\n|-weather|Sandstorm|[from] ability: Sand Stream|[of] p1a: the taste of rock\n|turn|4\n|\n|t:|1776543377\n|detailschange|p1a: the taste of rock|Tyranitar-Mega, L50, M, shiny\n|-mega|p1a: the taste of rock|Tyranitar|Tyranitarite\n|move|p2b: Oranguru|Instruct|p2a: Milotic\n|-singleturn|p2a: Milotic|move: Instruct|[of] p2b: Oranguru\n|move|p2a: Milotic|Muddy Water|p1b: the taste of white|[spread] p1a\n|-miss|p2a: Milotic|p1b: the taste of white\n|-supereffective|p1a: the taste of rock|1\n|-damage|p1a: the taste of rock|60/100\n|-unboost|p1a: the taste of rock|accuracy|1\n|move|p2a: Milotic|Muddy Water|p1b: the taste of white|[spread] p1a,p1b\n|-supereffective|p1a: the taste of rock|1\n|-damage|p1a: the taste of rock|18/100\n|-damage|p1b: the taste of white|52/100\n|move|p1a: the taste of rock|Knock Off|p2b: Oranguru|[miss]\n|-miss|p1a: the taste of rock|p2b: Oranguru\n|move|p1b: the taste of white|Close Combat|p2a: Milotic\n|-damage|p2a: Milotic|44/100\n|-unboost|p1b: the taste of white|def|1\n|-unboost|p1b: the taste of white|spd|1\n|-enditem|p1b: the taste of white|White Herb\n|-clearnegativeboost|p1b: the taste of white|[silent]\n|\n|-weather|Sandstorm|[upkeep]\n|-damage|p2b: Oranguru|95/100|[from] Sandstorm\n|-damage|p2a: Milotic|38/100|[from] Sandstorm\n|-damage|p1b: the taste of white|46/100|[from] Sandstorm\n|-heal|p2b: Oranguru|100/100|[from] item: Leftovers\n|upkeep\n|turn|5\n|\n|t:|1776543402\n|move|p1a: the taste of rock|Protect|p1a: the taste of rock\n|-singleturn|p1a: the taste of rock|Protect\n|move|p1b: the taste of white|Protect|p1b: the taste of white\n|-singleturn|p1b: the taste of white|Protect\n|move|p2b: Oranguru|Instruct|p2a: Milotic\n|-singleturn|p2a: Milotic|move: Instruct|[of] p2b: Oranguru\n|move|p2a: Milotic|Muddy Water|p1a: the taste of rock|[spread] \n|-activate|p1a: the taste of rock|move: Protect\n|-activate|p1b: the taste of white|move: Protect\n|move|p2a: Milotic|Muddy Water|p1a: the taste of rock|[spread] \n|-activate|p1a: the taste of rock|move: Protect\n|-activate|p1b: the taste of white|move: Protect\n|\n|-weather|Sandstorm|[upkeep]\n|-damage|p2b: Oranguru|95/100|[from] Sandstorm\n|-damage|p2a: Milotic|32/100|[from] Sandstorm\n|-damage|p1b: the taste of white|41/100|[from] Sandstorm\n|-heal|p2b: Oranguru|100/100|[from] item: Leftovers\n|-sideend|p1: dewlemdropous|move: Tailwind\n|upkeep\n|turn|6\n|\n|t:|1776543421\n|move|p2b: Oranguru|Instruct|p2a: Milotic\n|-singleturn|p2a: Milotic|move: Instruct|[of] p2b: Oranguru\n|move|p2a: Milotic|Muddy Water|p1b: the taste of white|[spread] p1a,p1b\n|-supereffective|p1a: the taste of rock|1\n|-damage|p1a: the taste of rock|0 fnt\n|-damage|p1b: the taste of white|0 fnt\n|faint|p1a: the taste of rock\n|faint|p1b: the taste of white\n|move|p2a: Milotic|Muddy Water|p1: the taste of rock|[notarget]\n|-fail|p2a: Milotic\n|\n|-weather|Sandstorm|[upkeep]\n|-damage|p2b: Oranguru|95/100|[from] Sandstorm\n|-damage|p2a: Milotic|27/100|[from] Sandstorm\n|-heal|p2b: Oranguru|100/100|[from] item: Leftovers\n|-fieldend|move: Trick Room\n|upkeep\n|\n|t:|1776543434\n|switch|p1b: the taste of speed|Excadrill, L50, M, shiny|100/100\n|turn|7\n|\n|t:|1776543440\n|move|p2a: Milotic|Protect|p2a: Milotic\n|-singleturn|p2a: Milotic|Protect\n|move|p1b: the taste of speed|Rock Slide|p2b: Oranguru|[spread] p2b\n|-activate|p2a: Milotic|move: Protect\n|-damage|p2b: Oranguru|84/100\n|move|p2b: Oranguru|Trick Room|p2b: Oranguru\n|-fieldstart|move: Trick Room|[of] p2b: Oranguru\n|\n|-weather|Sandstorm|[upkeep]\n|-damage|p2b: Oranguru|78/100|[from] Sandstorm\n|-damage|p2a: Milotic|21/100|[from] Sandstorm\n|-heal|p2b: Oranguru|84/100|[from] item: Leftovers\n|upkeep\n|turn|8\n|-message|dewlemdropous forfeited.\n|\n|win|TrainerDylan24\n|raw|dewlemdropous's rating: 1079 &rarr; <strong>1060</strong><br />(-19 for losing)\n|raw|TrainerDylan24's rating: 1128 &rarr; <strong>1149</strong><br />(+21 for winning)\n|l|\u2606dewlemdropous\n|player|p1|\n",
  "uploadtime": 1776543452,
  "views": 16,
  "formatid": "gen9championsvgc2026regma",
  "rating": 1060,
  "private": 0,
  "password": null
}