{
  "id": "gen9championsvgc2026regma-2584588623",
  "format": "[Gen 9 Champions] VGC 2026 Reg M-A",
  "players": [
    "UltimateNoob24",
    "FastForwardMyGame"
  ],
  "log": "|j|\u2606UltimateNoob24\n|j|\u2606FastForwardMyGame\n|t:|1776270597\n|gametype|doubles\n|player|p1|UltimateNoob24|burglar|1102\n|player|p2|FastForwardMyGame|102|1086\n|gen|9\n|tier|[Gen 9 Champions] VGC 2026 Reg M-A\n|rated|\n|rule|Species Clause: Limit one of each Pok\u00e9mon\n|rule|Item Clause: Limit 1 of each item\n|clearpoke\n|poke|p1|Aegislash, L50, F|\n|poke|p1|Azumarill, L50, M|\n|poke|p1|Corviknight, L50, M|\n|poke|p1|Krookodile, L50, M|\n|poke|p1|Aerodactyl, L50, M|\n|poke|p1|Emboar, L50, F|\n|poke|p2|Aromatisse, L50, M|\n|poke|p2|Heracross, L50, M|\n|poke|p2|Aegislash, L50, F|\n|poke|p2|Steelix, L50, F|\n|poke|p2|Altaria, L50, F|\n|poke|p2|Torkoal, L50, M|\n|teampreview|4\n|inactive|Battle timer is ON: inactive players will automatically lose when time's up. (requested by FastForwardMyGame)\n|\n|t:|1776270619\n|teamsize|p1|4\n|teamsize|p2|4\n|start\n|switch|p1a: Aegislash|Aegislash, L50, F|100/100\n|switch|p1b: Azumarill|Azumarill, L50, M|100/100\n|switch|p2a: HarpNote|Aromatisse, L50, M, shiny|100/100\n|switch|p2b: KingTribe|Aegislash, L50, F|100/100\n|turn|1\n|\n|t:|1776270640\n|-formechange|p2b: KingTribe|Aegislash-Blade|\n|move|p2b: KingTribe|Poltergeist|p1a: Aegislash\n|-activate|p1a: Aegislash|move: Poltergeist|Leftovers\n|-supereffective|p1a: Aegislash|1\n|-damage|p1a: Aegislash|0 fnt\n|faint|p1a: Aegislash\n|move|p1b: Azumarill|Play Rough|p2b: KingTribe\n|-resisted|p2b: KingTribe|1\n|-damage|p2b: KingTribe|50/100\n|move|p2a: HarpNote|Trick Room|p2a: HarpNote\n|-fieldstart|move: Trick Room|[of] p2a: HarpNote\n|\n|upkeep\n|\n|t:|1776270655\n|switch|p1a: Emboar|Emboar, L50, F|100/100\n|turn|2\n|\n|t:|1776270670\n|move|p2a: HarpNote|Sweet Scent|p1b: Azumarill|[spread] p1a,p1b\n|-unboost|p1a: Emboar|evasion|2\n|-unboost|p1b: Azumarill|evasion|2\n|move|p1b: Azumarill|Ice Spinner|p2a: HarpNote\n|-damage|p2a: HarpNote|65/100\n|move|p2b: KingTribe|Poltergeist|p1a: Emboar\n|-activate|p1a: Emboar|move: Poltergeist|Emboarite\n|-damage|p1a: Emboar|13/100\n|move|p1a: Emboar|Flare Blitz|p2b: KingTribe\n|-supereffective|p2b: KingTribe|1\n|-damage|p2b: KingTribe|0 fnt\n|faint|p2b: KingTribe\n|-damage|p1a: Emboar|0 fnt|[from] Recoil\n|faint|p1a: Emboar\n|\n|upkeep\n|\n|t:|1776270687\n|switch|p2b: Steelix|Steelix, L50, F|100/100\n|switch|p1a: Aerodactyl|Aerodactyl, L50, M|100/100\n|-ability|p1a: Aerodactyl|Unnerve\n|turn|3\n|\n|t:|1776270701\n|detailschange|p2b: Steelix|Steelix-Mega, L50, F\n|-mega|p2b: Steelix|Steelix|Steelixite\n|move|p2a: HarpNote|Hypnosis|p1b: Azumarill\n|-status|p1b: Azumarill|slp|[from] move: Hypnosis\n|move|p2b: Steelix|Rock Slide|p1a: Aerodactyl|[spread] p1a,p1b\n|-supereffective|p1a: Aerodactyl|1\n|-damage|p1a: Aerodactyl|34/100\n|-damage|p1b: Azumarill|81/100 slp\n|cant|p1b: Azumarill|slp\n|move|p1a: Aerodactyl|Dual Wingbeat|p2a: HarpNote|[miss]\n|-miss|p1a: Aerodactyl|p2a: HarpNote\n|\n|upkeep\n|turn|4\n|inactive|UltimateNoob24 has 30 seconds left.\n|\n|t:|1776270727\n|detailschange|p1a: Aerodactyl|Aerodactyl-Mega, L50, M\n|-mega|p1a: Aerodactyl|Aerodactyl|Aerodactylite\n|move|p2a: HarpNote|Sweet Scent|p1b: Azumarill|[spread] p1a,p1b\n|-unboost|p1a: Aerodactyl|evasion|2\n|-unboost|p1b: Azumarill|evasion|2\n|move|p2b: Steelix|Rock Slide|p1a: Aerodactyl|[spread] p1a,p1b\n|-supereffective|p1a: Aerodactyl|1\n|-damage|p1a: Aerodactyl|0 fnt\n|-damage|p1b: Azumarill|61/100 slp\n|faint|p1a: Aerodactyl\n|-curestatus|p1b: Azumarill|slp|[msg]\n|cant|p1b: Azumarill|flinch\n|\n|upkeep\n|turn|5\n|inactive|UltimateNoob24 has 30 seconds left.\n|inactive|UltimateNoob24 has 20 seconds left.\n|\n|t:|1776270763\n|move|p2a: HarpNote|Hypnosis|p1b: Azumarill\n|-status|p1b: Azumarill|slp|[from] move: Hypnosis\n|move|p2b: Steelix|Rock Slide|p1b: Azumarill\n|-damage|p1b: Azumarill|36/100 slp\n|cant|p1b: Azumarill|slp\n|\n|-fieldend|move: Trick Room\n|upkeep\n|turn|6\n|\n|t:|1776270776\n|cant|p1b: Azumarill|slp\n|move|p2b: Steelix|Body Press|p1b: Azumarill\n|-resisted|p1b: Azumarill|1\n|-damage|p1b: Azumarill|11/100 slp\n|move|p2a: HarpNote|Trick Room|p2a: HarpNote\n|-fieldstart|move: Trick Room|[of] p2a: HarpNote\n|\n|upkeep\n|turn|7\n|\n|t:|1776270786\n|move|p2a: HarpNote|Moonblast|p1b: Azumarill\n|-damage|p1b: Azumarill|0 fnt\n|faint|p1b: Azumarill\n|\n|win|FastForwardMyGame\n|raw|UltimateNoob24's rating: 1102 &rarr; <strong>1076</strong><br />(-26 for losing)\n|raw|FastForwardMyGame's rating: 1086 &rarr; <strong>1114</strong><br />(+28 for winning)\n|l|\u2606UltimateNoob24\n|player|p1|\n",
  "uploadtime": 1776270794,
  "views": 23,
  "formatid": "gen9championsvgc2026regma",
  "rating": 1076,
  "private": 0,
  "password": null
}