{
  "id": "gen9championsvgc2026regma-2588117771",
  "format": "[Gen 9 Champions] VGC 2026 Reg M-A",
  "players": [
    "Yamh",
    "spineswiper"
  ],
  "log": "|j|\u2606Yamh\n|j|\u2606spineswiper\n|t:|1776606186\n|gametype|doubles\n|player|p1|Yamh|darach-caitlin|1342\n|player|p2|spineswiper|102|1340\n|gen|9\n|tier|[Gen 9 Champions] VGC 2026 Reg M-A\n|rated|\n|rule|Species Clause: Limit one of each Pok\u00e9mon\n|rule|Item Clause: Limit 1 of each item\n|clearpoke\n|poke|p1|Sneasler, L50, F|\n|poke|p1|Kingambit, L50, F|\n|poke|p1|Milotic, L50, F|\n|poke|p1|Gardevoir, L50, F, shiny|\n|poke|p1|Basculegion, L50, M|\n|poke|p1|Aerodactyl, L50, M|\n|poke|p2|Sneasler, L50, F|\n|poke|p2|Kingambit, L50, M|\n|poke|p2|Clefable, L50, M|\n|poke|p2|Delphox, L50, F|\n|poke|p2|Dragonite, L50, F|\n|poke|p2|Basculegion, L50, M|\n|teampreview|4\n|\n|t:|1776606243\n|teamsize|p1|4\n|teamsize|p2|4\n|start\n|switch|p1a: Greta|Basculegion, L50, M|100/100\n|switch|p1b: Reptilia|Aerodactyl, L50, M|100/100\n|switch|p2a: Delphox|Delphox, L50, F|100/100\n|switch|p2b: Basculegion|Basculegion, L50, M|100/100\n|-ability|p1b: Reptilia|Unnerve\n|turn|1\n|\n|t:|1776606277\n|move|p2a: Delphox|Protect|p2a: Delphox\n|-singleturn|p2a: Delphox|Protect\n|move|p2b: Basculegion|Flip Turn|p1b: Reptilia\n|-supereffective|p1b: Reptilia|1\n|-enditem|p1b: Reptilia|Focus Sash\n|-damage|p1b: Reptilia|1/100\n|\n|t:|1776606288\n|switch|p2b: Kingambit|Kingambit, L50, M|100/100|[from] Flip Turn\n|move|p1a: Greta|Flip Turn|p2a: Delphox\n|-activate|p2a: Delphox|move: Protect\n|move|p1b: Reptilia|Tailwind|p1b: Reptilia\n|-sidestart|p1: Yamh|move: Tailwind\n|\n|upkeep\n|turn|2\n|\n|t:|1776606347\n|switch|p1a: Solid Snake|Milotic, L50, F|100/100\n|detailschange|p2a: Delphox|Delphox-Mega, L50, F\n|-mega|p2a: Delphox|Delphox|Delphoxite\n|move|p2b: Kingambit|Sucker Punch||[still]\n|-fail|p2b: Kingambit\n|move|p1b: Reptilia|Rock Slide|p2a: Delphox|[spread] p2a,p2b\n|-supereffective|p2a: Delphox|1\n|-resisted|p2b: Kingambit|1\n|-damage|p2a: Delphox|27/100\n|-damage|p2b: Kingambit|89/100\n|cant|p2a: Delphox|flinch\n|\n|upkeep\n|turn|3\n|\n|t:|1776606396\n|switch|p2a: Basculegion|Basculegion, L50, M|100/100\n|move|p1b: Reptilia|Protect|p1b: Reptilia\n|-singleturn|p1b: Reptilia|Protect\n|move|p1a: Solid Snake|Scald|p2b: Kingambit\n|-damage|p2b: Kingambit|59/100\n|move|p2b: Kingambit|Kowtow Cleave|p1a: Solid Snake\n|-damage|p1a: Solid Snake|42/100\n|-enditem|p1a: Solid Snake|Sitrus Berry|[eat]\n|-heal|p1a: Solid Snake|67/100|[from] item: Sitrus Berry\n|\n|upkeep\n|turn|4\n|\n|t:|1776606489\n|move|p1a: Solid Snake|Protect|p1a: Solid Snake\n|-singleturn|p1a: Solid Snake|Protect\n|move|p1b: Reptilia|Dual Wingbeat|p2a: Basculegion\n|-damage|p2a: Basculegion|79/100\n|-damage|p2a: Basculegion|54/100\n|-hitcount|p2a: Basculegion|2\n|move|p2a: Basculegion|Wave Crash|p1b: Reptilia\n|-supereffective|p1b: Reptilia|1\n|-damage|p1b: Reptilia|0 fnt\n|faint|p1b: Reptilia\n|-damage|p2a: Basculegion|53/100|[from] Recoil\n|move|p2b: Kingambit|Kowtow Cleave|p1a: Solid Snake\n|-activate|p1a: Solid Snake|move: Protect\n|\n|-sideend|p1: Yamh|move: Tailwind\n|upkeep\n|\n|t:|1776606506\n|switch|p1b: \u660e\u661f\u30d2\u30de\u30ea|Gardevoir, L50, F, shiny|100/100\n|turn|5\n|\n|t:|1776606532\n|detailschange|p1b: \u660e\u661f\u30d2\u30de\u30ea|Gardevoir-Mega, L50, F, shiny\n|-mega|p1b: \u660e\u661f\u30d2\u30de\u30ea|Gardevoir|Gardevoirite\n|move|p2a: Basculegion|Wave Crash|p1b: \u660e\u661f\u30d2\u30de\u30ea\n|-crit|p1b: \u660e\u661f\u30d2\u30de\u30ea\n|-damage|p1b: \u660e\u661f\u30d2\u30de\u30ea|0 fnt\n|faint|p1b: \u660e\u661f\u30d2\u30de\u30ea\n|-damage|p2a: Basculegion|29/100|[from] Recoil\n|move|p2b: Kingambit|Swords Dance|p2b: Kingambit\n|-boost|p2b: Kingambit|atk|2\n|move|p1a: Solid Snake|Recover|p1a: Solid Snake\n|-heal|p1a: Solid Snake|100/100\n|\n|upkeep\n|c|\u2606Yamh|Gg\n|\n|t:|1776606545\n|switch|p1b: Greta|Basculegion, L50, M|100/100\n|turn|6\n|\n|t:|1776606560\n|move|p1b: Greta|Aqua Jet|p2b: Kingambit\n|-damage|p2b: Kingambit|36/100\n|move|p2b: Kingambit|Sucker Punch||[still]\n|-fail|p2b: Kingambit\n|move|p2a: Basculegion|Wave Crash|p1a: Solid Snake\n|-resisted|p1a: Solid Snake|1\n|-damage|p1a: Solid Snake|62/100\n|-damage|p2a: Basculegion|16/100|[from] Recoil\n|move|p1a: Solid Snake|Scald|p2b: Kingambit\n|-damage|p2b: Kingambit|4/100\n|\n|upkeep\n|turn|7\n|c|\u2606spineswiper|gg\n|\n|t:|1776606635\n|switch|p2a: Delphox|Delphox-Mega, L50, F|27/100\n|move|p2b: Kingambit|Protect|p2b: Kingambit\n|-singleturn|p2b: Kingambit|Protect\n|move|p1b: Greta|Aqua Jet|p2a: Delphox\n|-supereffective|p2a: Delphox|1\n|-damage|p2a: Delphox|0 fnt\n|faint|p2a: Delphox\n|move|p1a: Solid Snake|Recover|p1a: Solid Snake\n|-heal|p1a: Solid Snake|100/100\n|\n|upkeep\n|\n|t:|1776606660\n|switch|p2a: Basculegion|Basculegion, L50, M|16/100\n|turn|8\n|\n|t:|1776606685\n|move|p1b: Greta|Aqua Jet|p2b: Kingambit\n|-damage|p2b: Kingambit|0 fnt\n|faint|p2b: Kingambit\n|move|p2a: Basculegion|Last Respects|p1b: Greta\n|-supereffective|p1b: Greta|1\n|-damage|p1b: Greta|0 fnt\n|faint|p1b: Greta\n|move|p1a: Solid Snake|Scald|p2a: Basculegion\n|-resisted|p2a: Basculegion|1\n|-damage|p2a: Basculegion|0 fnt\n|faint|p2a: Basculegion\n|\n|upkeep\n|\n|t:|1776606691\n|switch|p2b: Sneasler|Sneasler, L50, F|100/100\n|turn|9\n|\n|t:|1776606698\n|move|p1a: Solid Snake|Protect|p1a: Solid Snake\n|-singleturn|p1a: Solid Snake|Protect\n|move|p2b: Sneasler|Fake Out|p1a: Solid Snake\n|-activate|p1a: Solid Snake|move: Protect\n|\n|upkeep\n|turn|10\n|\n|t:|1776606722\n|move|p2b: Sneasler|Dire Claw|p1a: Solid Snake\n|-damage|p1a: Solid Snake|55/100\n|-status|p1a: Solid Snake|slp\n|cant|p1a: Solid Snake|slp\n|\n|upkeep\n|turn|11\n|c|\u2606spineswiper|skill\n|\n|t:|1776606737\n|-curestatus|p1a: Solid Snake|slp|[msg]\n|move|p1a: Solid Snake|Protect|p1a: Solid Snake\n|-singleturn|p1a: Solid Snake|Protect\n|move|p2b: Sneasler|Close Combat|p1a: Solid Snake\n|-activate|p1a: Solid Snake|move: Protect\n|\n|upkeep\n|turn|12\n|\n|t:|1776606742\n|move|p2b: Sneasler|Close Combat|p1a: Solid Snake\n|-damage|p1a: Solid Snake|0 fnt\n|-unboost|p2b: Sneasler|def|1\n|-unboost|p2b: Sneasler|spd|1\n|faint|p1a: Solid Snake\n|\n|win|spineswiper\n|raw|Yamh's rating: 1342 &rarr; <strong>1322</strong><br />(-20 for losing)\n|raw|spineswiper's rating: 1340 &rarr; <strong>1360</strong><br />(+20 for winning)\n|c|\u2606Yamh|Sleep was unfortunate but if I didnt get the burn you won regardless\n|c|\u2606Yamh|Gg\n",
  "uploadtime": 1776606764,
  "views": 23,
  "formatid": "gen9championsvgc2026regma",
  "rating": 1322,
  "private": 0,
  "password": null
}