{
  "id": "gen9championsvgc2026regma-2584992482",
  "format": "[Gen 9 Champions] VGC 2026 Reg M-A",
  "players": [
    "Ultrabide",
    "Danwrench"
  ],
  "log": "|j|\u2606Ultrabide\n|j|\u2606Danwrench\n|t:|1776301372\n|gametype|doubles\n|player|p1|Ultrabide|101|1214\n|player|p2|Danwrench|170|1186\n|gen|9\n|tier|[Gen 9 Champions] VGC 2026 Reg M-A\n|rated|\n|rule|Species Clause: Limit one of each Pok\u00e9mon\n|rule|Item Clause: Limit 1 of each item\n|clearpoke\n|poke|p1|Ninetales-Alola, L50, F|\n|poke|p1|Incineroar, L50, M|\n|poke|p1|Garchomp, L50, M|\n|poke|p1|Rotom-Wash, L50|\n|poke|p1|Corviknight, L50, F|\n|poke|p1|Froslass, L50, F|\n|poke|p2|Farigiraf, L50, F|\n|poke|p2|Mamoswine, L50, M|\n|poke|p2|Sinistcha, L50|\n|poke|p2|Torkoal, L50, M|\n|poke|p2|Ampharos, L50, F|\n|poke|p2|Machamp, L50, M|\n|teampreview|4\n|inactive|Battle timer is ON: inactive players will automatically lose when time's up. (requested by Danwrench)\n|inactive|Danwrench has 60 seconds left.\n|\n|t:|1776301430\n|teamsize|p1|4\n|teamsize|p2|4\n|start\n|switch|p1a: Ninetales|Ninetales-Alola, L50, F|100/100\n|switch|p1b: Froslass|Froslass, L50, F|100/100\n|switch|p2a: Farigiraf|Farigiraf, L50, F|100/100\n|switch|p2b: Machamp|Machamp, L50, M|100/100\n|-weather|Snowscape|[from] ability: Snow Warning|[of] p1a: Ninetales\n|turn|1\n|inactive|Danwrench has 30 seconds left.\n|inactive|Ultrabide has 30 seconds left.\n|\n|t:|1776301462\n|detailschange|p1b: Froslass|Froslass-Mega, L50, F\n|-mega|p1b: Froslass|Froslass|Froslassite\n|move|p2b: Machamp|Bullet Punch|p1a: Ninetales\n|-supereffective|p1a: Ninetales|2\n|-crit|p1a: Ninetales\n|-damage|p1a: Ninetales|3/100\n|move|p1b: Froslass|Blizzard|p2b: Machamp|[spread] p2a,p2b\n|-damage|p2a: Farigiraf|54/100\n|-damage|p2b: Machamp|50/100\n|move|p1a: Ninetales|Blizzard|p2a: Farigiraf|[spread] p2a,p2b\n|-damage|p2a: Farigiraf|22/100\n|-damage|p2b: Machamp|16/100\n|move|p2a: Farigiraf|Trick Room|p2a: Farigiraf\n|-fieldstart|move: Trick Room|[of] p2a: Farigiraf\n|\n|-weather|Snowscape|[upkeep]\n|upkeep\n|turn|2\n|inactive|Ultrabide has 30 seconds left.\n|inactive|Danwrench has 30 seconds left.\n|\n|t:|1776301494\n|switch|p1a: Rotom|Rotom-Wash, L50|100/100\n|move|p1b: Froslass|Protect|p1b: Froslass\n|-singleturn|p1b: Froslass|Protect\n|move|p2b: Machamp|Darkest Lariat|p1b: Froslass\n|-activate|p1b: Froslass|move: Protect\n|move|p2a: Farigiraf|Hyper Voice|p1b: Froslass|[spread] p1a\n|-activate|p1b: Froslass|move: Protect\n|-damage|p1a: Rotom|69/100\n|\n|-weather|Snowscape|[upkeep]\n|upkeep\n|turn|3\n|inactive|Danwrench has 30 seconds left.\n|\n|t:|1776301521\n|switch|p1b: Garchomp|Garchomp, L50, M|100/100\n|move|p2b: Machamp|Darkest Lariat|p1b: Garchomp\n|-damage|p1b: Garchomp|69/100\n|-damage|p2b: Machamp|4/100|[from] ability: Rough Skin|[of] p1b: Garchomp\n|move|p2a: Farigiraf|Hyper Voice|p1a: Rotom|[spread] p1a,p1b\n|-damage|p1a: Rotom|37/100\n|-damage|p1b: Garchomp|35/100\n|move|p1a: Rotom|Electroweb|p2a: Farigiraf|[spread] p2a,p2b\n|-damage|p2a: Farigiraf|4/100\n|-damage|p2b: Machamp|0 fnt\n|-unboost|p2a: Farigiraf|spe|1\n|faint|p2b: Machamp\n|\n|-weather|Snowscape|[upkeep]\n|upkeep\n|inactive|Danwrench has 30 seconds left.\n|inactive|Danwrench has 20 seconds left.\n|\n|t:|1776301559\n|switch|p2b: Ampharos|Ampharos, L50, F, shiny|100/100\n|turn|4\n|\n|t:|1776301575\n|detailschange|p2b: Ampharos|Ampharos-Mega, L50, F, shiny\n|-mega|p2b: Ampharos|Ampharos|Ampharosite\n|-ability|p2b: Ampharos|Mold Breaker\n|move|p1a: Rotom|Protect|p1a: Rotom\n|-singleturn|p1a: Rotom|Protect\n|move|p1b: Garchomp|Protect|p1b: Garchomp\n|-singleturn|p1b: Garchomp|Protect\n|move|p2a: Farigiraf|Hyper Voice|p1a: Rotom|[spread] \n|-activate|p1a: Rotom|move: Protect\n|-activate|p1b: Garchomp|move: Protect\n|move|p2b: Ampharos|Dragon Pulse|p1b: Garchomp\n|-activate|p1b: Garchomp|move: Protect\n|\n|-weather|Snowscape|[upkeep]\n|upkeep\n|turn|5\n|inactive|Danwrench has 30 seconds left.\n|inactive|Danwrench has 20 seconds left.\n|inactive|Danwrench has 15 seconds left.\n|inactive|Danwrench has 10 seconds left.\n|inactive|Danwrench has 5 seconds left.\n|\n|t:|1776301625\n|move|p1a: Rotom|Protect|p1a: Rotom\n|-singleturn|p1a: Rotom|Protect\n|move|p1b: Garchomp|Protect|p1b: Garchomp\n|-singleturn|p1b: Garchomp|Protect\n|move|p2a: Farigiraf|Hyper Voice|p1a: Rotom|[spread] \n|-activate|p1a: Rotom|move: Protect\n|-activate|p1b: Garchomp|move: Protect\n|move|p2b: Ampharos|Power Gem|p1b: Garchomp\n|-activate|p1b: Garchomp|move: Protect\n|\n|-weather|none\n|-fieldend|move: Trick Room\n|upkeep\n|turn|6\n|c|\u2606Danwrench|Wow\n|c|\u2606Ultrabide|sorry\n|\n|t:|1776301648\n|move|p2b: Ampharos|Protect|p2b: Ampharos\n|-singleturn|p2b: Ampharos|Protect\n|move|p1b: Garchomp|Earthquake|p2a: Farigiraf|[spread] p2a\n|-activate|p2b: Ampharos|move: Protect\n|-immune|p1a: Rotom|[from] ability: Levitate\n|-damage|p2a: Farigiraf|0 fnt\n|faint|p2a: Farigiraf\n|move|p1a: Rotom|Electroweb|p2b: Ampharos\n|-activate|p2b: Ampharos|move: Protect\n|\n|upkeep\n|\n|t:|1776301660\n|switch|p2a: Mamoswine|Mamoswine, L50, M|100/100\n|turn|7\n|j| Matty1919\n|c| Matty1919|Kittens\n|\n|t:|1776301675\n|move|p1b: Garchomp|Protect|p1b: Garchomp\n|-singleturn|p1b: Garchomp|Protect\n|move|p2a: Mamoswine|Ice Shard|p1b: Garchomp\n|-activate|p1b: Garchomp|move: Protect\n|move|p1a: Rotom|Hydro Pump|p2a: Mamoswine\n|-supereffective|p2a: Mamoswine|1\n|-damage|p2a: Mamoswine|0 fnt\n|faint|p2a: Mamoswine\n|move|p2b: Ampharos|Thunderbolt|p1a: Rotom\n|-damage|p1a: Rotom|0 fnt\n|faint|p1a: Rotom\n|\n|upkeep\n|\n|t:|1776301682\n|switch|p1a: Ninetales|Ninetales-Alola, L50, F|3/100\n|-weather|Snowscape|[from] ability: Snow Warning|[of] p1a: Ninetales\n|turn|8\n|c|\u2606Danwrench|Lmao what am I playing\n|\n|t:|1776301707\n|move|p1a: Ninetales|Moonblast|p2b: Ampharos\n|-supereffective|p2b: Ampharos|1\n|-damage|p2b: Ampharos|42/100\n|move|p1b: Garchomp|Dragon Claw|p2b: Ampharos\n|-supereffective|p2b: Ampharos|1\n|-crit|p2b: Ampharos\n|-damage|p2b: Ampharos|0 fnt\n|faint|p2b: Ampharos\n|\n|win|Ultrabide\n|raw|Ultrabide's rating: 1214 &rarr; <strong>1237</strong><br />(+23 for winning)\n|raw|Danwrench's rating: 1186 &rarr; <strong>1163</strong><br />(-23 for losing)\n|l|\u2606Ultrabide\n|player|p1|\n",
  "uploadtime": 1776301719,
  "views": 22,
  "formatid": "gen9championsvgc2026regma",
  "rating": 1163,
  "private": 0,
  "password": null
}