{
  "id": "gen9championsvgc2026regma-2588697417",
  "format": "[Gen 9 Champions] VGC 2026 Reg M-A",
  "players": [
    "AiMeat",
    "Matutinha"
  ],
  "log": "|j|\u2606AiMeat\n|j|\u2606Matutinha\n|t:|1776658954\n|gametype|doubles\n|player|p1|AiMeat|170|1125\n|player|p2|Matutinha|1|1197\n|gen|9\n|tier|[Gen 9 Champions] VGC 2026 Reg M-A\n|rated|\n|rule|Species Clause: Limit one of each Pok\u00e9mon\n|rule|Item Clause: Limit 1 of each item\n|clearpoke\n|poke|p1|Incineroar, L50, M|\n|poke|p1|Hatterene, L50, F, shiny|\n|poke|p1|Farigiraf, L50, F|\n|poke|p1|Torkoal, L50, F, shiny|\n|poke|p1|Kingambit, L50, M|\n|poke|p1|Charizard, L50, M|\n|poke|p2|Meowstic, L50, M|\n|poke|p2|Alakazam, L50, M|\n|poke|p2|Milotic, L50, M|\n|poke|p2|Sharpedo, L50, M|\n|poke|p2|Basculegion, L50, M|\n|poke|p2|Garchomp, L50, M|\n|teampreview|4\n|\n|t:|1776659005\n|teamsize|p1|4\n|teamsize|p2|4\n|start\n|switch|p1a: Farigiraf|Farigiraf, L50, F|100/100\n|switch|p1b: Charizard|Charizard, L50, M|100/100\n|switch|p2a: Meowstic|Meowstic, L50, M|100/100\n|switch|p2b: Milotic|Milotic, L50, M|100/100\n|turn|1\n|\n|t:|1776659034\n|move|p1b: Charizard|Protect|p1b: Charizard\n|-singleturn|p1b: Charizard|Protect\n|move|p2a: Meowstic|Gravity|p2a: Meowstic\n|-fieldstart|move: Gravity\n|move|p2b: Milotic|Hypnosis|p1b: Charizard\n|-activate|p1b: Charizard|move: Protect\n|move|p1a: Farigiraf|Imprison|p1a: Farigiraf\n|-start|p1a: Farigiraf|move: Imprison\n|\n|upkeep\n|turn|2\n|inactive|Battle timer is ON: inactive players will automatically lose when time's up. (requested by Matutinha)\n|\n|t:|1776659088\n|detailschange|p1b: Charizard|Charizard-Mega-Y, L50, M\n|-mega|p1b: Charizard|Charizard|Charizardite Y\n|-weather|SunnyDay|[from] ability: Drought|[of] p1b: Charizard\n|move|p2a: Meowstic|Light Screen|p2a: Meowstic\n|-sidestart|p2: Matutinha|move: Light Screen\n|move|p1b: Charizard|Solar Beam||[still]\n|-prepare|p1b: Charizard|Solar Beam\n|-anim|p1b: Charizard|Solar Beam|p2b: Milotic\n|-supereffective|p2b: Milotic|1\n|-damage|p2b: Milotic|63/100\n|move|p2b: Milotic|Hypnosis|p1b: Charizard\n|-status|p1b: Charizard|slp|[from] move: Hypnosis\n|move|p1a: Farigiraf|Trick Room|p1a: Farigiraf\n|-fieldstart|move: Trick Room|[of] p1a: Farigiraf\n|\n|-weather|SunnyDay|[upkeep]\n|-heal|p2b: Milotic|69/100|[from] item: Leftovers\n|upkeep\n|turn|3\n|\n|t:|1776659108\n|switch|p1b: Hatterene|Hatterene, L50, F, shiny|100/100\n|move|p2a: Meowstic|Psychic Terrain|p2a: Meowstic\n|-fieldstart|move: Psychic Terrain\n|move|p1a: Farigiraf|Hyper Voice|p2a: Meowstic|[spread] p2a,p2b\n|-damage|p2a: Meowstic|78/100\n|-damage|p2b: Milotic|54/100\n|move|p2b: Milotic|Hydro Pump|p1b: Hatterene\n|-damage|p1b: Hatterene|81/100\n|\n|-weather|SunnyDay|[upkeep]\n|-heal|p2b: Milotic|60/100|[from] item: Leftovers\n|upkeep\n|turn|4\n|\n|t:|1776659126\n|move|p1b: Hatterene|Dazzling Gleam|p2b: Milotic|[spread] p2a,p2b\n|-damage|p2a: Meowstic|50/100\n|-damage|p2b: Milotic|38/100\n|move|p1a: Farigiraf|Hyper Voice|p2b: Milotic|[spread] p2a,p2b\n|-damage|p2a: Meowstic|30/100\n|-damage|p2b: Milotic|23/100\n|move|p2b: Milotic|Hypnosis|p1a: Farigiraf\n|-status|p1a: Farigiraf|slp|[from] move: Hypnosis\n|move|p2a: Meowstic|Expanding Force|p1a: Farigiraf|[spread] p1a,p1b\n|-resisted|p1a: Farigiraf|1\n|-resisted|p1b: Hatterene|1\n|-damage|p1a: Farigiraf|86/100 slp\n|-damage|p1b: Hatterene|64/100\n|\n|-weather|SunnyDay|[upkeep]\n|-heal|p2b: Milotic|29/100|[from] item: Leftovers\n|upkeep\n|turn|5\n|inactive|Matutinha has 30 seconds left.\n|\n|t:|1776659155\n|move|p1b: Hatterene|Dazzling Gleam|p2a: Meowstic|[spread] p2a,p2b\n|-damage|p2a: Meowstic|0 fnt\n|-damage|p2b: Milotic|8/100\n|faint|p2a: Meowstic\n|cant|p1a: Farigiraf|slp\n|move|p2b: Milotic|Hydro Pump|p1b: Hatterene\n|-damage|p1b: Hatterene|44/100\n|\n|-weather|SunnyDay|[upkeep]\n|-heal|p2b: Milotic|14/100|[from] item: Leftovers\n|-fieldend|move: Gravity\n|upkeep\n|\n|t:|1776659164\n|switch|p2a: Garchomp|Garchomp, L50, M|100/100\n|turn|6\n|\n|t:|1776659189\n|move|p1b: Hatterene|Dazzling Gleam|p2b: Milotic|[spread] p2a,p2b\n|-supereffective|p2a: Garchomp|1\n|-crit|p2a: Garchomp\n|-damage|p2a: Garchomp|0 fnt\n|-damage|p2b: Milotic|0 fnt\n|faint|p2a: Garchomp\n|faint|p2b: Milotic\n|-curestatus|p1a: Farigiraf|slp|[msg]\n|move|p1a: Farigiraf|Hyper Voice|p2: Garchomp|[notarget]\n|-fail|p1a: Farigiraf\n|\n|-weather|none\n|-sideend|p2: Matutinha|move: Light Screen\n|-fieldend|move: Trick Room\n|upkeep\n|-message|Matutinha forfeited.\n|\n|win|AiMeat\n|raw|AiMeat's rating: 1125 &rarr; <strong>1155</strong><br />(+30 for winning)\n|raw|Matutinha's rating: 1197 &rarr; <strong>1167</strong><br />(-30 for losing)\n|l|\u2606Matutinha\n|player|p2|\n",
  "uploadtime": 1776659978,
  "views": 9,
  "formatid": "gen9championsvgc2026regma",
  "rating": 1155,
  "private": 0,
  "password": null
}