{
  "id": "gen9championsvgc2026regma-2585766267",
  "format": "[Gen 9 Champions] VGC 2026 Reg M-A",
  "players": [
    "Navicula",
    "BaldoricVGC"
  ],
  "log": "|j|\u2606Navicula\n|j|\u2606BaldoricVGC\n|t:|1776369114\n|gametype|doubles\n|player|p1|Navicula|scientist-gen4|1124\n|player|p2|BaldoricVGC|morty|1037\n|gen|9\n|tier|[Gen 9 Champions] VGC 2026 Reg M-A\n|rated|\n|rule|Species Clause: Limit one of each Pok\u00e9mon\n|rule|Item Clause: Limit 1 of each item\n|clearpoke\n|poke|p1|Audino, L50, M|\n|poke|p1|Kommo-o, L50, M|\n|poke|p1|Sinistcha, L50|\n|poke|p1|Primarina, L50, F|\n|poke|p1|Toucannon, L50, M|\n|poke|p1|Skarmory, L50, F|\n|poke|p2|Aerodactyl, L50, F|\n|poke|p2|Kingambit, L50, F|\n|poke|p2|Garchomp, L50, M|\n|poke|p2|Sinistcha, L50|\n|poke|p2|Gengar, L50, F|\n|poke|p2|Incineroar, L50, F|\n|teampreview|4\n|\n|t:|1776369134\n|teamsize|p1|4\n|teamsize|p2|4\n|start\n|switch|p1a: Moop|Audino, L50, M, shiny|100/100\n|switch|p1b: Rangus Bumclappa|Kommo-o, L50, M|100/100\n|switch|p2a: Gengar|Gengar, L50, F|100/100\n|switch|p2b: Incineroar|Incineroar, L50, F|100/100\n|-ability|p2b: Incineroar|Intimidate|boost\n|-unboost|p1a: Moop|atk|1\n|-unboost|p1b: Rangus Bumclappa|atk|1\n|turn|1\n|\n|t:|1776369153\n|detailschange|p2a: Gengar|Gengar-Mega, L50, F\n|-mega|p2a: Gengar|Gengar|Gengarite\n|move|p2b: Incineroar|Fake Out|p1b: Rangus Bumclappa\n|-damage|p1b: Rangus Bumclappa|92/100\n|move|p2a: Gengar|Perish Song|p2a: Gengar\n|-start|p1a: Moop|perish3|[silent]\n|-immune|p1b: Rangus Bumclappa|[from] ability: Soundproof\n|-start|p2a: Gengar|perish3|[silent]\n|-start|p2b: Incineroar|perish3|[silent]\n|-fieldactivate|move: Perish Song\n|move|p1a: Moop|Wish|p1a: Moop\n|cant|p1b: Rangus Bumclappa|flinch\n|\n|-start|p2a: Gengar|perish3\n|-start|p1a: Moop|perish3\n|-start|p2b: Incineroar|perish3\n|upkeep\n|turn|2\n|\n|t:|1776369187\n|move|p1a: Moop|Ally Switch|p1a: Moop\n|swap|p1a: Moop|1|[from] move: Ally Switch\n|move|p2a: Gengar|Sludge Bomb|p1a: Rangus Bumclappa\n|-damage|p1a: Rangus Bumclappa|49/100\n|-enditem|p1a: Rangus Bumclappa|Sitrus Berry|[eat]\n|-heal|p1a: Rangus Bumclappa|74/100|[from] item: Sitrus Berry\n|move|p1a: Rangus Bumclappa|Clangorous Soul|p1a: Rangus Bumclappa\n|-boost|p1a: Rangus Bumclappa|atk|1\n|-boost|p1a: Rangus Bumclappa|def|1\n|-boost|p1a: Rangus Bumclappa|spa|1\n|-boost|p1a: Rangus Bumclappa|spd|1\n|-boost|p1a: Rangus Bumclappa|spe|1\n|-damage|p1a: Rangus Bumclappa|41/100\n|move|p2b: Incineroar|Parting Shot|p1b: Moop\n|-unboost|p1b: Moop|atk|1\n|-unboost|p1b: Moop|spa|1\n|\n|t:|1776369201\n|switch|p2b: Garchomp|Garchomp, L50, M|100/100|[from] Parting Shot\n|\n|-heal|p1a: Rangus Bumclappa|98/100|[from] move: Wish|[wisher] Moop\n|-start|p2a: Gengar|perish2\n|-start|p1b: Moop|perish2\n|upkeep\n|turn|3\n|\n|t:|1776369220\n|move|p2a: Gengar|Protect|p2a: Gengar\n|-singleturn|p2a: Gengar|Protect\n|move|p1a: Rangus Bumclappa|Protect|p1a: Rangus Bumclappa\n|-singleturn|p1a: Rangus Bumclappa|Protect\n|move|p2b: Garchomp|Dragon Claw|p1a: Rangus Bumclappa\n|-activate|p1a: Rangus Bumclappa|move: Protect\n|move|p1b: Moop|Simple Beam|p2a: Gengar\n|-activate|p2a: Gengar|move: Protect\n|\n|-start|p2a: Gengar|perish1\n|-start|p1b: Moop|perish1\n|upkeep\n|turn|4\n|\n|t:|1776369255\n|switch|p2a: Incineroar|Incineroar, L50, F|100/100\n|-ability|p2a: Incineroar|Intimidate|boost\n|-unboost|p1a: Rangus Bumclappa|atk|1\n|-unboost|p1b: Moop|atk|1\n|move|p2b: Garchomp|Protect|p2b: Garchomp\n|-singleturn|p2b: Garchomp|Protect\n|move|p1a: Rangus Bumclappa|Clangorous Soul|p1a: Rangus Bumclappa\n|-boost|p1a: Rangus Bumclappa|atk|1\n|-boost|p1a: Rangus Bumclappa|def|1\n|-boost|p1a: Rangus Bumclappa|spa|1\n|-boost|p1a: Rangus Bumclappa|spd|1\n|-boost|p1a: Rangus Bumclappa|spe|1\n|-damage|p1a: Rangus Bumclappa|65/100\n|move|p1b: Moop|Wish|p1b: Moop\n|\n|-start|p1b: Moop|perish0\n|faint|p1b: Moop\n|upkeep\n|\n|t:|1776369269\n|switch|p1b: Brewtwo|Sinistcha, L50|100/100\n|-heal|p1a: Rangus Bumclappa|90/100|[from] ability: Hospitality|[of] p1b: Brewtwo\n|turn|5\n|\n|t:|1776369286\n|move|p1a: Rangus Bumclappa|Protect|p1a: Rangus Bumclappa\n|-singleturn|p1a: Rangus Bumclappa|Protect\n|move|p2a: Incineroar|Fake Out|p1a: Rangus Bumclappa\n|-activate|p1a: Rangus Bumclappa|move: Protect\n|move|p2b: Garchomp|Dragon Claw|p1a: Rangus Bumclappa\n|-activate|p1a: Rangus Bumclappa|move: Protect\n|move|p1b: Brewtwo|Psych Up|p1a: Rangus Bumclappa\n|-copyboost|p1b: Brewtwo|p1a: Rangus Bumclappa|[from] move: Psych Up\n|\n|upkeep\n|turn|6\n|\n|t:|1776369301\n|switch|p2b: Gengar|Gengar-Mega, L50, F|100/100\n|move|p1a: Rangus Bumclappa|Drain Punch|p2a: Incineroar\n|-supereffective|p2a: Incineroar|1\n|-crit|p2a: Incineroar\n|-damage|p2a: Incineroar|37/100\n|-heal|p1a: Rangus Bumclappa|100/100|[from] drain|[of] p2a: Incineroar\n|move|p1b: Brewtwo|Matcha Gotcha|p2b: Gengar|[spread] p2a,p2b\n|-resisted|p2a: Incineroar|1\n|-resisted|p2b: Gengar|1\n|-damage|p2a: Incineroar|16/100\n|-damage|p2b: Gengar|75/100\n|move|p2a: Incineroar|Darkest Lariat|p1b: Brewtwo\n|-supereffective|p1b: Brewtwo|1\n|-damage|p1b: Brewtwo|49/100\n|\n|-heal|p2a: Incineroar|22/100|[from] item: Leftovers\n|upkeep\n|turn|7\n|\n|t:|1776369328\n|switch|p2a: Sinistcha|Sinistcha, L50|100/100\n|-heal|p2b: Gengar|99/100|[from] ability: Hospitality|[of] p2a: Sinistcha\n|move|p1a: Rangus Bumclappa|Flash Cannon|p2b: Gengar\n|-damage|p2b: Gengar|62/100\n|-unboost|p2b: Gengar|spd|1\n|move|p2b: Gengar|Perish Song|p2b: Gengar\n|-immune|p1a: Rangus Bumclappa|[from] ability: Soundproof\n|-start|p1b: Brewtwo|perish3|[silent]\n|-start|p2a: Sinistcha|perish3|[silent]\n|-start|p2b: Gengar|perish3|[silent]\n|-fieldactivate|move: Perish Song\n|move|p1b: Brewtwo|Matcha Gotcha|p2b: Gengar|[spread] p2a\n|-miss|p1b: Brewtwo|p2b: Gengar\n|-resisted|p2a: Sinistcha|1\n|-damage|p2a: Sinistcha|80/100\n|-heal|p1b: Brewtwo|59/100|[from] drain|[of] p2a: Sinistcha\n|-status|p2a: Sinistcha|brn\n|\n|-damage|p2a: Sinistcha|74/100 brn|[from] brn\n|-start|p2b: Gengar|perish3\n|-start|p1b: Brewtwo|perish3\n|-start|p2a: Sinistcha|perish3\n|upkeep\n|turn|8\n|\n|t:|1776369357\n|move|p2b: Gengar|Protect|p2b: Gengar\n|-singleturn|p2b: Gengar|Protect\n|move|p1a: Rangus Bumclappa|Clangorous Soul|p1a: Rangus Bumclappa\n|-boost|p1a: Rangus Bumclappa|atk|1\n|-boost|p1a: Rangus Bumclappa|def|1\n|-boost|p1a: Rangus Bumclappa|spa|1\n|-boost|p1a: Rangus Bumclappa|spd|1\n|-boost|p1a: Rangus Bumclappa|spe|1\n|-damage|p1a: Rangus Bumclappa|68/100\n|move|p1b: Brewtwo|Life Dew|p1b: Brewtwo|[spread] p1a,p1b\n|-heal|p1a: Rangus Bumclappa|93/100\n|-heal|p1b: Brewtwo|84/100\n|move|p2a: Sinistcha|Life Dew|p2a: Sinistcha|[spread] p2a,p2b\n|-heal|p2a: Sinistcha|99/100 brn\n|-heal|p2b: Gengar|87/100\n|\n|-damage|p2a: Sinistcha|93/100 brn|[from] brn\n|-start|p2b: Gengar|perish2\n|-start|p1b: Brewtwo|perish2\n|-start|p2a: Sinistcha|perish2\n|upkeep\n|turn|9\n|\n|t:|1776369383\n|move|p1a: Rangus Bumclappa|Flash Cannon|p2b: Gengar\n|-crit|p2b: Gengar\n|-damage|p2b: Gengar|0 fnt\n|faint|p2b: Gengar\n|move|p1b: Brewtwo|Matcha Gotcha|p2a: Sinistcha\n|-resisted|p2a: Sinistcha|1\n|-damage|p2a: Sinistcha|66/100 brn\n|-heal|p1b: Brewtwo|97/100|[from] drain|[of] p2a: Sinistcha\n|move|p2a: Sinistcha|Matcha Gotcha|p1a: Rangus Bumclappa|[spread] p1a,p1b\n|-resisted|p1a: Rangus Bumclappa|1\n|-crit|p1a: Rangus Bumclappa\n|-resisted|p1b: Brewtwo|1\n|-damage|p1a: Rangus Bumclappa|78/100\n|-heal|p2a: Sinistcha|74/100 brn|[from] drain|[of] p1a: Rangus Bumclappa\n|-damage|p1b: Brewtwo|92/100\n|-heal|p2a: Sinistcha|77/100 brn|[from] drain|[of] p1b: Brewtwo\n|\n|-damage|p2a: Sinistcha|71/100 brn|[from] brn\n|-start|p1b: Brewtwo|perish1\n|-start|p2a: Sinistcha|perish1\n|upkeep\n|-message|BaldoricVGC forfeited.\n|\n|win|Navicula\n|raw|Navicula's rating: 1124 &rarr; <strong>1143</strong><br />(+19 for winning)\n|raw|BaldoricVGC's rating: 1037 &rarr; <strong>1025</strong><br />(-12 for losing)\n|l|\u2606BaldoricVGC\n|player|p2|\n",
  "uploadtime": 1776369548,
  "views": 21,
  "formatid": "gen9championsvgc2026regma",
  "rating": 1025,
  "private": 0,
  "password": null
}