{
  "id": "gen9championsvgc2026regma-2583338685",
  "format": "[Gen 9 Champions] VGC 2026 Reg M-A",
  "players": [
    "jorginocoke",
    "Jah_08"
  ],
  "log": "|j|\u2606jorginocoke\n|j|\u2606Jah_08\n|t:|1776168247\n|gametype|doubles\n|player|p1|jorginocoke|169|1319\n|player|p2|Jah_08|alder|1391\n|gen|9\n|tier|[Gen 9 Champions] VGC 2026 Reg M-A\n|rated|\n|rule|Species Clause: Limit one of each Pok\u00e9mon\n|rule|Item Clause: Limit 1 of each item\n|clearpoke\n|poke|p1|Mimikyu, L50, F|\n|poke|p1|Crabominable, L50, M|\n|poke|p1|Kingambit, L50, F|\n|poke|p1|Chandelure, L50, F|\n|poke|p1|Mudsdale, L50, M|\n|poke|p1|Drampa, L50, F|\n|poke|p2|Excadrill, L50, M|\n|poke|p2|Whimsicott, L50, M|\n|poke|p2|Chandelure, L50, M|\n|poke|p2|Zoroark-Hisui, L50, M|\n|poke|p2|Basculegion, L50, M|\n|poke|p2|Conkeldurr, L50, M|\n|teampreview|4\n|inactive|Battle timer is ON: inactive players will automatically lose when time's up. (requested by jorginocoke)\n|\n|t:|1776168343\n|teamsize|p1|4\n|teamsize|p2|4\n|start\n|switch|p1a: Mimikyu|Mimikyu, L50, F|100/100\n|switch|p1b: Kingambit|Kingambit, L50, F|100/100\n|switch|p2a: Conkeldurr|Conkeldurr, L50, M, shiny|100/100\n|switch|p2b: Chandelure|Chandelure, L50, M, shiny|100/100\n|turn|1\n|inactive|Jah_08 has 30 seconds left.\n|inactive|Jah_08 has 20 seconds left.\n|inactive|Jah_08 has 15 seconds left.\n|\n|t:|1776168383\n|detailschange|p2b: Chandelure|Chandelure-Mega, L50, M, shiny\n|-mega|p2b: Chandelure|Chandelure|Chandelurite\n|move|p2a: Conkeldurr|Icy Wind|p1b: Kingambit|[spread] p1a,p1b\n|-resisted|p1b: Kingambit|1\n|-activate|p1a: Mimikyu|ability: Disguise\n|-damage|p1a: Mimikyu|100/100\n|-damage|p1b: Kingambit|94/100\n|-unboost|p1a: Mimikyu|spe|1\n|-unboost|p1b: Kingambit|spe|1\n|-ability|p1b: Kingambit|Defiant|boost\n|-boost|p1b: Kingambit|atk|2\n|detailschange|p1a: Mimikyu|Mimikyu-Busted, L50, F\n|-damage|p1a: Mimikyu|89/100|[from] pokemon: Mimikyu-Busted\n|move|p2b: Chandelure|Heat Wave|p1a: Mimikyu|[spread] p1b\n|-miss|p2b: Chandelure|p1a: Mimikyu\n|-supereffective|p1b: Kingambit|1\n|-damage|p1b: Kingambit|0 fnt\n|faint|p1b: Kingambit\n|move|p1a: Mimikyu|Will-O-Wisp|p2a: Conkeldurr\n|-status|p2a: Conkeldurr|brn\n|\n|-damage|p2a: Conkeldurr|94/100 brn|[from] brn\n|upkeep\n|inactive|jorginocoke has 30 seconds left.\n|\n|t:|1776168413\n|switch|p1b: Chandelure|Chandelure, L50, F|100/100\n|turn|2\n|inactive|Jah_08 has 30 seconds left.\n|inactive|Jah_08 has 20 seconds left.\n|inactive|Jah_08 has 15 seconds left.\n|inactive|Jah_08 has 10 seconds left.\n|\n|t:|1776168458\n|move|p1b: Chandelure|Protect|p1b: Chandelure\n|-singleturn|p1b: Chandelure|Protect\n|move|p2a: Conkeldurr|Icy Wind|p1b: Chandelure|[spread] p1a\n|-activate|p1b: Chandelure|move: Protect\n|-damage|p1a: Mimikyu|78/100\n|-unboost|p1a: Mimikyu|spe|1\n|move|p2b: Chandelure|Shadow Ball|p1b: Chandelure\n|-activate|p1b: Chandelure|move: Protect\n|move|p1a: Mimikyu|Trick Room|p1a: Mimikyu\n|-fieldstart|move: Trick Room|[of] p1a: Mimikyu\n|\n|-damage|p2a: Conkeldurr|88/100 brn|[from] brn\n|upkeep\n|turn|3\n|inactive|Jah_08 has 30 seconds left.\n|inactive|Jah_08 has 20 seconds left.\n|inactive|Jah_08 has 15 seconds left.\n|inactive|Jah_08 has 10 seconds left.\n|\n|t:|1776168507\n|switch|p1a: Crabominable|Crabominable, L50, M|100/100\n|move|p2b: Chandelure|Protect|p2b: Chandelure\n|-singleturn|p2b: Chandelure|Protect\n|move|p1b: Chandelure|Shadow Ball|p2b: Chandelure\n|-activate|p2b: Chandelure|move: Protect\n|move|p2a: Conkeldurr|Shadow Ball|p1b: Chandelure\n|-supereffective|p1b: Chandelure|1\n|-enditem|p1b: Chandelure|Focus Sash\n|-damage|p1b: Chandelure|1/100\n|\n|-damage|p2a: Conkeldurr|82/100 brn|[from] brn\n|upkeep\n|turn|4\n|inactive|Jah_08 has 30 seconds left.\n|inactive|Jah_08 has 20 seconds left.\n|inactive|Jah_08 has 15 seconds left.\n|inactive|Jah_08 has 10 seconds left.\n|\n|t:|1776168556\n|detailschange|p1a: Crabominable|Crabominable-Mega, L50, M\n|-mega|p1a: Crabominable|Crabominable|Crabominite\n|move|p1a: Crabominable|Ice Hammer|p2a: Conkeldurr\n|-damage|p2a: Conkeldurr|0 fnt\n|-unboost|p1a: Crabominable|spe|1\n|replace|p2a: Zoroark|Zoroark-Hisui, L50, M\n|-end|p2a: Zoroark|Illusion\n|faint|p2a: Zoroark\n|move|p1b: Chandelure|Shadow Ball|p2b: Chandelure\n|-supereffective|p2b: Chandelure|1\n|-damage|p2b: Chandelure|0 fnt\n|faint|p2b: Chandelure\n|\n|upkeep\n|\n|t:|1776168579\n|switch|p2b: Basculegion|Basculegion, L50, M|100/100\n|switch|p2a: Conkeldurr|Conkeldurr, L50, M, shiny|100/100\n|turn|5\n|inactive|jorginocoke has 30 seconds left.\n|\n|t:|1776168610\n|move|p1a: Crabominable|Ice Hammer|p2a: Conkeldurr\n|-damage|p2a: Conkeldurr|17/100\n|-unboost|p1a: Crabominable|spe|1\n|move|p2a: Conkeldurr|Knock Off|p1b: Chandelure\n|-supereffective|p1b: Chandelure|1\n|-damage|p1b: Chandelure|0 fnt\n|faint|p1b: Chandelure\n|move|p2b: Basculegion|Last Respects|p1a: Crabominable\n|-damage|p1a: Crabominable|37/100\n|\n|upkeep\n|\n|t:|1776168620\n|switch|p1b: Mimikyu|Mimikyu-Busted, L50, F|78/100\n|turn|6\n|\n|t:|1776168631\n|move|p2a: Conkeldurr|Mach Punch|p1a: Crabominable\n|-supereffective|p1a: Crabominable|1\n|-damage|p1a: Crabominable|0 fnt\n|faint|p1a: Crabominable\n|move|p1b: Mimikyu|Play Rough|p2a: Conkeldurr\n|-supereffective|p2a: Conkeldurr|1\n|-damage|p2a: Conkeldurr|0 fnt\n|faint|p2a: Conkeldurr\n|move|p2b: Basculegion|Last Respects|p1b: Mimikyu\n|-supereffective|p1b: Mimikyu|1\n|-damage|p1b: Mimikyu|0 fnt\n|faint|p1b: Mimikyu\n|\n|win|Jah_08\n|raw|jorginocoke's rating: 1319 &rarr; <strong>1303</strong><br />(-16 for losing)\n|raw|Jah_08's rating: 1391 &rarr; <strong>1407</strong><br />(+16 for winning)\n|l|\u2606jorginocoke\n|player|p1|\n",
  "uploadtime": 1776168644,
  "views": 25,
  "formatid": "gen9championsvgc2026regma",
  "rating": 1303,
  "private": 0,
  "password": null
}