{
  "id": "gen9championsvgc2026regma-2582713985",
  "format": "[Gen 9 Champions] VGC 2026 Reg M-A",
  "players": [
    "MadnessBR",
    "UhhArashi"
  ],
  "log": "|j|\u2606MadnessBR\n|j|\u2606UhhArashi\n|t:|1776109074\n|gametype|doubles\n|player|p1|MadnessBR|101|1080\n|player|p2|UhhArashi|1|1035\n|gen|9\n|tier|[Gen 9 Champions] VGC 2026 Reg M-A\n|rated|\n|rule|Species Clause: Limit one of each Pok\u00e9mon\n|rule|Item Clause: Limit 1 of each item\n|clearpoke\n|poke|p1|Charizard, L50, F|\n|poke|p1|Venusaur, L50, F|\n|poke|p1|Garchomp, L50, M|\n|poke|p1|Incineroar, L50, F|\n|poke|p1|Corviknight, L50, F|\n|poke|p1|Leafeon, L50, F|\n|poke|p2|Gallade, L50, M|\n|poke|p2|Corviknight, L50, M|\n|poke|p2|Farigiraf, L50, M|\n|poke|p2|Volcarona, L50, M|\n|poke|p2|Tyranitar, L50, F|\n|poke|p2|Rotom-Wash, L50|\n|teampreview|4\n|inactive|Battle timer is ON: inactive players will automatically lose when time's up. (requested by UhhArashi)\n|\n|t:|1776109128\n|teamsize|p1|4\n|teamsize|p2|4\n|start\n|switch|p1a: Incineroar|Incineroar, L50, F, shiny|100/100\n|switch|p1b: Corviknight|Corviknight, L50, F|100/100\n|switch|p2a: Rotom|Rotom-Wash, L50|100/100\n|switch|p2b: Farigiraf|Farigiraf, L50, M|100/100\n|turn|1\n|inactive|UhhArashi has 30 seconds left.\n|inactive|UhhArashi has 20 seconds left.\n|\n|t:|1776109165\n|move|p2b: Farigiraf|Helping Hand|p2a: Rotom\n|-singleturn|p2a: Rotom|Helping Hand|[of] p2b: Farigiraf\n|move|p1a: Incineroar|Fake Out||[still]\n|cant|p2b: Farigiraf|ability: Armor Tail|Fake Out|[of] p1a: Incineroar\n|move|p2a: Rotom|Hydro Pump|p1a: Incineroar\n|-supereffective|p1a: Incineroar|1\n|-damage|p1a: Incineroar|0 fnt\n|faint|p1a: Incineroar\n|move|p1b: Corviknight|Iron Defense|p1b: Corviknight\n|-boost|p1b: Corviknight|def|2\n|\n|upkeep\n|\n|t:|1776109186\n|switch|p1a: Charizard|Charizard, L50, F, shiny|100/100\n|turn|2\n|\n|t:|1776109209\n|move|p2b: Farigiraf|Helping Hand|p2a: Rotom\n|-singleturn|p2a: Rotom|Helping Hand|[of] p2b: Farigiraf\n|move|p1a: Charizard|Protect|p1a: Charizard\n|-singleturn|p1a: Charizard|Protect\n|move|p2a: Rotom|Hydro Pump|p1a: Charizard\n|-activate|p1a: Charizard|move: Protect\n|move|p1b: Corviknight|Iron Defense|p1b: Corviknight\n|-boost|p1b: Corviknight|def|2\n|\n|upkeep\n|turn|3\n|inactive|MadnessBR has 30 seconds left.\n|inactive|UhhArashi has 30 seconds left.\n|inactive|MadnessBR has 20 seconds left.\n|\n|t:|1776109248\n|switch|p1a: Leafeon|Leafeon, L50, F|100/100\n|move|p2a: Rotom|Volt Switch|p1a: Leafeon\n|-resisted|p1a: Leafeon|1\n|-damage|p1a: Leafeon|68/100\n|\n|t:|1776109255\n|switch|p2a: Gallade|Gallade, L50, M|100/100|[from] Volt Switch\n|move|p1b: Corviknight|Iron Defense|p1b: Corviknight\n|-boost|p1b: Corviknight|def|2\n|move|p2b: Farigiraf|Psychic|p1a: Leafeon\n|-damage|p1a: Leafeon|8/100\n|\n|upkeep\n|turn|4\n|\n|t:|1776109276\n|switch|p1a: Charizard|Charizard, L50, F, shiny|100/100\n|move|p2b: Farigiraf|Helping Hand|p2a: Gallade\n|-singleturn|p2a: Gallade|Helping Hand|[of] p2b: Farigiraf\n|move|p2a: Gallade|Sacred Sword|p1b: Corviknight\n|-damage|p1b: Corviknight|24/100\n|move|p1b: Corviknight|Body Press|p2a: Gallade\n|-resisted|p2a: Gallade|1\n|-damage|p2a: Gallade|31/100\n|\n|-heal|p1b: Corviknight|30/100|[from] item: Leftovers\n|upkeep\n|turn|5\n|inactive|MadnessBR has 30 seconds left.\n|inactive|MadnessBR has 20 seconds left.\n|inactive|MadnessBR has 15 seconds left.\n|\n|t:|1776109316\n|detailschange|p1a: Charizard|Charizard-Mega-Y, L50, F, shiny\n|-mega|p1a: Charizard|Charizard|Charizardite Y\n|-weather|SunnyDay|[from] ability: Drought|[of] p1a: Charizard\n|move|p2a: Gallade|Sacred Sword|p1b: Corviknight\n|-damage|p1b: Corviknight|0 fnt\n|faint|p1b: Corviknight\n|move|p1a: Charizard|Heat Wave|p2a: Gallade|[spread] p2a,p2b\n|-damage|p2a: Gallade|0 fnt\n|-damage|p2b: Farigiraf|57/100\n|faint|p2a: Gallade\n|move|p2b: Farigiraf|Psychic|p1a: Charizard\n|-damage|p1a: Charizard|62/100\n|\n|-weather|SunnyDay|[upkeep]\n|upkeep\n|\n|t:|1776109329\n|switch|p2a: Tyranitar|Tyranitar, L50, F|100/100\n|switch|p1b: Leafeon|Leafeon, L50, F|8/100\n|-weather|Sandstorm|[from] ability: Sand Stream|[of] p2a: Tyranitar\n|turn|6\n|inactive|UhhArashi has 30 seconds left.\n|\n|t:|1776109359\n|move|p1b: Leafeon|Detect|p1b: Leafeon\n|-singleturn|p1b: Leafeon|Protect\n|move|p2a: Tyranitar|Protect|p2a: Tyranitar\n|-singleturn|p2a: Tyranitar|Protect\n|move|p1a: Charizard|Heat Wave|p2b: Farigiraf|[spread] p2b\n|-activate|p2a: Tyranitar|move: Protect\n|-damage|p2b: Farigiraf|24/100\n|-enditem|p2b: Farigiraf|Sitrus Berry|[eat]\n|-heal|p2b: Farigiraf|49/100|[from] item: Sitrus Berry\n|move|p2b: Farigiraf|Psychic|p1b: Leafeon\n|-activate|p1b: Leafeon|move: Protect\n|\n|-weather|Sandstorm|[upkeep]\n|-damage|p1a: Charizard|56/100|[from] Sandstorm\n|-damage|p1b: Leafeon|2/100|[from] Sandstorm\n|-damage|p2b: Farigiraf|43/100|[from] Sandstorm\n|upkeep\n|turn|7\n|inactive|MadnessBR has 30 seconds left.\n|inactive|MadnessBR has 20 seconds left.\n|\n|t:|1776109394\n|switch|p2b: Rotom|Rotom-Wash, L50|100/100\n|detailschange|p2a: Tyranitar|Tyranitar-Mega, L50, F\n|-mega|p2a: Tyranitar|Tyranitar|Tyranitarite\n|move|p1a: Charizard|Heat Wave|p2a: Tyranitar|[spread] p2a,p2b\n|-resisted|p2a: Tyranitar|1\n|-resisted|p2b: Rotom|1\n|-damage|p2a: Tyranitar|90/100\n|-damage|p2b: Rotom|78/100\n|move|p1b: Leafeon|X-Scissor|p2a: Tyranitar\n|-supereffective|p2a: Tyranitar|1\n|-damage|p2a: Tyranitar|58/100\n|move|p2a: Tyranitar|Rock Slide|p1b: Leafeon|[spread] p1a,p1b\n|-supereffective|p1a: Charizard|2\n|-damage|p1a: Charizard|0 fnt\n|-damage|p1b: Leafeon|0 fnt\n|faint|p1a: Charizard\n|faint|p1b: Leafeon\n|\n|win|UhhArashi\n|raw|MadnessBR's rating: 1080 &rarr; <strong>1055</strong><br />(-25 for losing)\n|raw|UhhArashi's rating: 1035 &rarr; <strong>1074</strong><br />(+39 for winning)\n|l|\u2606MadnessBR\n|player|p1|\n",
  "uploadtime": 1776109419,
  "views": 13,
  "formatid": "gen9championsvgc2026regma",
  "rating": 1055,
  "private": 0,
  "password": null
}