{
  "id": "gen9championsvgc2026regma-2586361714",
  "format": "[Gen 9 Champions] VGC 2026 Reg M-A",
  "players": [
    "aegislash462",
    "KarmicPines2002"
  ],
  "log": "|j|\u2606aegislash462\n|j|\u2606KarmicPines2002\n|t:|1776428816\n|gametype|doubles\n|player|p1|aegislash462|102|1133\n|player|p2|KarmicPines2002|170|1161\n|gen|9\n|tier|[Gen 9 Champions] VGC 2026 Reg M-A\n|rated|\n|rule|Species Clause: Limit one of each Pok\u00e9mon\n|rule|Item Clause: Limit 1 of each item\n|clearpoke\n|poke|p1|Kangaskhan, L50, F|\n|poke|p1|Aegislash, L50, F|\n|poke|p1|Sinistcha-Masterpiece, L50|\n|poke|p1|Azumarill, L50, M|\n|poke|p1|Incineroar, L50, M|\n|poke|p1|Raichu-Alola, L50, F|\n|poke|p2|Gardevoir, L50, M|\n|poke|p2|Incineroar, L50, F|\n|poke|p2|Aerodactyl, L50, F|\n|poke|p2|Sinistcha, L50|\n|poke|p2|Torkoal, L50, F|\n|poke|p2|Sneasler, L50, F|\n|teampreview|4\n|inactive|Battle timer is ON: inactive players will automatically lose when time's up. (requested by aegislash462)\n|inactive|KarmicPines2002 has 60 seconds left.\n|inactive|KarmicPines2002 has 30 seconds left.\n|inactive|KarmicPines2002 has 20 seconds left.\n|inactive|KarmicPines2002 has 15 seconds left.\n|inactive|KarmicPines2002 has 10 seconds left.\n|\n|t:|1776428898\n|teamsize|p1|4\n|teamsize|p2|4\n|start\n|switch|p1a: Kangaskhan|Kangaskhan, L50, F|100/100\n|switch|p1b: Incineroar|Incineroar, L50, M|100/100\n|switch|p2a: Sinistcha|Sinistcha, L50|100/100\n|switch|p2b: Sneasler|Sneasler, L50, F|100/100\n|-ability|p1b: Incineroar|Intimidate|boost\n|-unboost|p2a: Sinistcha|atk|1\n|-unboost|p2b: Sneasler|atk|1\n|-enditem|p2b: Sneasler|White Herb\n|-clearnegativeboost|p2b: Sneasler|[silent]\n|turn|1\n|inactive|KarmicPines2002 has 30 seconds left.\n|inactive|aegislash462 has 30 seconds left.\n|\n|t:|1776428935\n|switch|p1a: Aegislash|Aegislash, L50, F|100/100\n|move|p2a: Sinistcha|Rage Powder|p2a: Sinistcha\n|-singleturn|p2a: Sinistcha|move: Rage Powder\n|move|p2b: Sneasler|Close Combat|p1a: Aegislash\n|-immune|p1a: Aegislash\n|move|p1b: Incineroar|Flare Blitz|p2a: Sinistcha\n|-supereffective|p2a: Sinistcha|1\n|-damage|p2a: Sinistcha|9/100\n|-enditem|p2a: Sinistcha|Sitrus Berry|[eat]\n|-heal|p2a: Sinistcha|34/100|[from] item: Sitrus Berry\n|-damage|p1b: Incineroar|74/100|[from] Recoil\n|\n|upkeep\n|turn|2\n|inactive|KarmicPines2002 has 30 seconds left.\n|\n|t:|1776428962\n|move|p2b: Sneasler|Close Combat|p1b: Incineroar\n|-supereffective|p1b: Incineroar|1\n|-damage|p1b: Incineroar|0 fnt\n|-unboost|p2b: Sneasler|def|1\n|-unboost|p2b: Sneasler|spd|1\n|faint|p1b: Incineroar\n|-formechange|p1a: Aegislash|Aegislash-Blade|\n|move|p1a: Aegislash|Shadow Ball|p2a: Sinistcha\n|-supereffective|p2a: Sinistcha|1\n|-damage|p2a: Sinistcha|0 fnt\n|faint|p2a: Sinistcha\n|\n|upkeep\n|\n|t:|1776428979\n|switch|p2a: Gardevoir|Gardevoir, L50, M|100/100\n|switch|p1b: Raichu|Raichu-Alola, L50, F|100/100\n|-ability|p2a: Gardevoir|Surge Surfer|Trace|[from] ability: Trace|[of] p1b: Raichu\n|turn|3\n|\n|t:|1776429000\n|switch|p2a: Torkoal|Torkoal, L50, F|100/100\n|-weather|SunnyDay|[from] ability: Drought|[of] p2a: Torkoal\n|move|p2b: Sneasler|Protect|p2b: Sneasler\n|-singleturn|p2b: Sneasler|Protect\n|move|p1b: Raichu|Protect|p1b: Raichu\n|-singleturn|p1b: Raichu|Protect\n|-formechange|p1a: Aegislash|Aegislash|\n|move|p1a: Aegislash|King's Shield||[still]\n|-fail|p1a: Aegislash\n|\n|-weather|SunnyDay|[upkeep]\n|upkeep\n|turn|4\n|inactive|KarmicPines2002 has 30 seconds left.\n|inactive|KarmicPines2002 has 20 seconds left.\n|inactive|KarmicPines2002 has 15 seconds left.\n|inactive|KarmicPines2002 has 10 seconds left.\n|\n|t:|1776429049\n|switch|p2b: Gardevoir|Gardevoir, L50, M|100/100\n|-ability|p2b: Gardevoir|Surge Surfer|Trace|[from] ability: Trace|[of] p1b: Raichu\n|move|p1b: Raichu|Psychic|p2b: Gardevoir\n|-resisted|p2b: Gardevoir|1\n|-damage|p2b: Gardevoir|84/100\n|-formechange|p1a: Aegislash|Aegislash-Blade|\n|move|p1a: Aegislash|Shadow Ball|p2a: Torkoal\n|-damage|p2a: Torkoal|46/100\n|move|p2a: Torkoal|Eruption|p1a: Aegislash|[spread] p1a,p1b\n|-supereffective|p1a: Aegislash|1\n|-damage|p1a: Aegislash|0 fnt\n|-damage|p1b: Raichu|44/100\n|faint|p1a: Aegislash\n|\n|-weather|SunnyDay|[upkeep]\n|upkeep\n|\n|t:|1776429064\n|switch|p1a: Kangaskhan|Kangaskhan, L50, F|100/100\n|turn|5\n|\n|t:|1776429082\n|detailschange|p1a: Kangaskhan|Kangaskhan-Mega, L50, F\n|-mega|p1a: Kangaskhan|Kangaskhan|Kangaskhanite\n|detailschange|p2b: Gardevoir|Gardevoir-Mega, L50, M\n|-mega|p2b: Gardevoir|Gardevoir|Gardevoirite\n|move|p2a: Torkoal|Protect|p2a: Torkoal\n|-singleturn|p2a: Torkoal|Protect\n|move|p1a: Kangaskhan|Fake Out|p2b: Gardevoir\n|-damage|p2b: Gardevoir|54/100\n|-damage|p2b: Gardevoir|47/100\n|-hitcount|p2b: Gardevoir|2\n|move|p1b: Raichu|Thunderbolt|p2a: Torkoal\n|-activate|p2a: Torkoal|move: Protect\n|cant|p2b: Gardevoir|flinch\n|\n|-weather|SunnyDay|[upkeep]\n|upkeep\n|turn|6\n|inactive|aegislash462 has 30 seconds left.\n|\n|t:|1776429108\n|move|p1a: Kangaskhan|Sucker Punch|p2b: Gardevoir\n|-damage|p2b: Gardevoir|12/100\n|-damage|p2b: Gardevoir|4/100\n|-hitcount|p2b: Gardevoir|2\n|move|p1b: Raichu|Thunderbolt|p2a: Torkoal\n|-damage|p2a: Torkoal|0 fnt\n|faint|p2a: Torkoal\n|move|p2b: Gardevoir|Hyper Voice|p1a: Kangaskhan|[spread] p1a,p1b\n|-damage|p1a: Kangaskhan|49/100\n|-damage|p1b: Raichu|0 fnt\n|faint|p1b: Raichu\n|\n|-weather|SunnyDay|[upkeep]\n|upkeep\n|\n|t:|1776429121\n|switch|p2a: Sneasler|Sneasler, L50, F|100/100\n|turn|7\n|\n|t:|1776429131\n|move|p2a: Sneasler|Fake Out|p1a: Kangaskhan\n|-damage|p1a: Kangaskhan|33/100\n|cant|p1a: Kangaskhan|flinch\n|move|p2b: Gardevoir|Hyper Voice|p1a: Kangaskhan\n|-damage|p1a: Kangaskhan|0 fnt\n|faint|p1a: Kangaskhan\n|\n|win|KarmicPines2002\n|raw|aegislash462's rating: 1133 &rarr; <strong>1110</strong><br />(-23 for losing)\n|raw|KarmicPines2002's rating: 1161 &rarr; <strong>1184</strong><br />(+23 for winning)\n|l|\u2606aegislash462\n|player|p1|\n",
  "uploadtime": 1776429151,
  "views": 30,
  "formatid": "gen9championsvgc2026regma",
  "rating": 1110,
  "private": 0,
  "password": null
}