{
  "id": "gen9championsvgc2026regma-2582860229",
  "format": "[Gen 9 Champions] VGC 2026 Reg M-A",
  "players": [
    "anubis jr.",
    "leanYBP"
  ],
  "log": "|j|\u2606anubis jr.\n|j|\u2606leanYBP\n|t:|1776119838\n|gametype|doubles\n|player|p1|anubis jr.|2|1160\n|player|p2|leanYBP|169|1212\n|gen|9\n|tier|[Gen 9 Champions] VGC 2026 Reg M-A\n|rated|\n|rule|Species Clause: Limit one of each Pok\u00e9mon\n|rule|Item Clause: Limit 1 of each item\n|clearpoke\n|poke|p1|Runerigus, L50, M|\n|poke|p1|Medicham, L50, M|\n|poke|p1|Chimecho, L50, F|\n|poke|p1|Altaria, L50, M|\n|poke|p2|Farigiraf, L50, M|\n|poke|p2|Reuniclus, L50, F|\n|poke|p2|Aggron, L50, F|\n|poke|p2|Araquanid, L50, F|\n|poke|p2|Mimikyu, L50, F|\n|poke|p2|Clefable, L50, M|\n|teampreview|4\n|\n|t:|1776119856\n|teamsize|p1|4\n|teamsize|p2|4\n|start\n|switch|p1a: Medicham|Medicham, L50, M|100/100\n|switch|p1b: Runerigus|Runerigus, L50, M|100/100\n|switch|p2a: Araquanid|Araquanid, L50, F, shiny|100/100\n|switch|p2b: Clefable|Clefable, L50, M|100/100\n|turn|1\n|inactive|Battle timer is ON: inactive players will automatically lose when time's up. (requested by leanYBP)\n|\n|t:|1776119886\n|move|p1a: Medicham|Bullet Punch|p1b: Runerigus\n|-damage|p1b: Runerigus|85/100\n|-activate|p1a: Medicham|Skill Swap|||[of] p1b: Runerigus\n|move|p2b: Clefable|Moonblast|p1a: Medicham\n|-supereffective|p1a: Medicham|1\n|-damage|p1a: Medicham|20/100\n|move|p2a: Araquanid|Liquidation|p1a: Medicham\n|-damage|p1a: Medicham|0 fnt\n|-activate|p2a: Araquanid|Skill Swap|Wandering Spirit|Water Bubble|[of] p1a: Medicham\n|faint|p1a: Medicham\n|move|p1b: Runerigus|Trick Room|p1b: Runerigus\n|-fieldstart|move: Trick Room|[of] p1b: Runerigus\n|\n|upkeep\n|\n|t:|1776119894\n|switch|p1a: Altaria|Altaria, L50, M|100/100\n|-ability|p1a: Altaria|Cloud Nine\n|turn|2\n|\n|t:|1776119917\n|move|p1a: Altaria|Protect|p1a: Altaria\n|-singleturn|p1a: Altaria|Protect\n|move|p2a: Araquanid|Wide Guard|p2a: Araquanid\n|-singleturn|p2a: Araquanid|Wide Guard\n|move|p1b: Runerigus|Rock Slide|p2b: Clefable|[spread] \n|-activate|p2a: Araquanid|move: Wide Guard\n|-activate|p2b: Clefable|move: Wide Guard\n|move|p2b: Clefable|Moonblast|p1a: Altaria\n|-activate|p1a: Altaria|move: Protect\n|\n|upkeep\n|turn|3\n|\n|t:|1776119938\n|detailschange|p1a: Altaria|Altaria-Mega, L50, M\n|-mega|p1a: Altaria|Altaria|Altarianite\n|move|p2a: Araquanid|Wide Guard|p2a: Araquanid\n|-singleturn|p2a: Araquanid|Wide Guard\n|move|p1b: Runerigus|Rock Slide|p2b: Clefable|[spread] \n|-activate|p2a: Araquanid|move: Wide Guard\n|-activate|p2b: Clefable|move: Wide Guard\n|move|p2b: Clefable|Moonblast|p1a: Altaria\n|-supereffective|p1a: Altaria|1\n|-damage|p1a: Altaria|38/100\n|move|p1a: Altaria|Draco Meteor|p2a: Araquanid\n|-damage|p2a: Araquanid|49/100\n|-unboost|p1a: Altaria|spa|2\n|\n|upkeep\n|turn|4\n|\n|t:|1776119960\n|switch|p1a: Chimecho|Chimecho, L50, F|100/100\n|move|p2a: Araquanid|Wide Guard|p2a: Araquanid\n|-singleturn|p2a: Araquanid|Wide Guard\n|move|p1b: Runerigus|Rock Slide|p2a: Araquanid|[spread] \n|-activate|p2a: Araquanid|move: Wide Guard\n|-activate|p2b: Clefable|move: Wide Guard\n|move|p2b: Clefable|Moonblast|p1a: Chimecho\n|-damage|p1a: Chimecho|68/100\n|\n|upkeep\n|turn|5\n|\n|t:|1776119980\n|move|p2a: Araquanid|Wide Guard|p2a: Araquanid\n|-singleturn|p2a: Araquanid|Wide Guard\n|move|p2b: Clefable|Moonblast|p1b: Runerigus\n|-damage|p1b: Runerigus|56/100\n|move|p1b: Runerigus|Trick Room|p1b: Runerigus\n|-fieldend|move: Trick Room\n|move|p1a: Chimecho|Trick Room|p1a: Chimecho\n|-fieldstart|move: Trick Room|[of] p1a: Chimecho\n|\n|upkeep\n|turn|6\n|\n|t:|1776120003\n|move|p2a: Araquanid|Protect||[still]\n|-fail|p2a: Araquanid\n|move|p1b: Runerigus|Rock Slide|p2b: Clefable|[spread] p2a,p2b\n|-supereffective|p2a: Araquanid|1\n|-damage|p2a: Araquanid|0 fnt\n|-damage|p2b: Clefable|74/100\n|faint|p2a: Araquanid\n|cant|p2b: Clefable|flinch\n|move|p1a: Chimecho|Psychic|p2b: Clefable\n|-damage|p2b: Clefable|39/100\n|\n|-heal|p2b: Clefable|45/100|[from] item: Leftovers\n|upkeep\n|\n|t:|1776120014\n|switch|p2a: Mimikyu|Mimikyu, L50, F|100/100\n|turn|7\n|\n|t:|1776120033\n|move|p1b: Runerigus|Protect|p1b: Runerigus\n|-singleturn|p1b: Runerigus|Protect\n|move|p2b: Clefable|Protect|p2b: Clefable\n|-singleturn|p2b: Clefable|Protect\n|move|p1a: Chimecho|Psychic|p2a: Mimikyu\n|-activate|p2a: Mimikyu|ability: Disguise\n|-damage|p2a: Mimikyu|100/100\n|detailschange|p2a: Mimikyu|Mimikyu-Busted, L50, F\n|-damage|p2a: Mimikyu|88/100|[from] pokemon: Mimikyu-Busted\n|move|p2a: Mimikyu|Swords Dance|p2a: Mimikyu\n|-boost|p2a: Mimikyu|atk|2\n|\n|-heal|p2b: Clefable|50/100|[from] item: Leftovers\n|upkeep\n|turn|8\n|\n|t:|1776120049\n|move|p2a: Mimikyu|Shadow Sneak|p1b: Runerigus\n|-supereffective|p1b: Runerigus|1\n|-damage|p1b: Runerigus|4/100\n|move|p1b: Runerigus|Earthquake|p2a: Mimikyu|[spread] p2a,p2b\n|-immune|p1a: Chimecho|[from] ability: Levitate\n|-damage|p2a: Mimikyu|0 fnt\n|-damage|p2b: Clefable|1/100\n|faint|p2a: Mimikyu\n|move|p2b: Clefable|Moonblast|p1a: Chimecho\n|-damage|p1a: Chimecho|35/100\n|-unboost|p1a: Chimecho|spa|1\n|move|p1a: Chimecho|Psychic|p2b: Clefable\n|-damage|p2b: Clefable|0 fnt\n|faint|p2b: Clefable\n|\n|upkeep\n|\n|t:|1776120056\n|switch|p2b: Aggron|Aggron, L50, F|100/100\n|turn|9\n|\n|t:|1776120067\n|detailschange|p2b: Aggron|Aggron-Mega, L50, F\n|-mega|p2b: Aggron|Aggron|Aggronite\n|move|p1b: Runerigus|Earthquake|p2b: Aggron|[spread] p2b\n|-immune|p1a: Chimecho|[from] ability: Levitate\n|-supereffective|p2b: Aggron|1\n|-damage|p2b: Aggron|55/100\n|move|p2b: Aggron|Heavy Slam|p1b: Runerigus\n|-damage|p1b: Runerigus|0 fnt\n|faint|p1b: Runerigus\n|move|p1a: Chimecho|Psychic|p2b: Aggron\n|-resisted|p2b: Aggron|1\n|-damage|p2b: Aggron|43/100\n|\n|-fieldend|move: Trick Room\n|upkeep\n|\n|t:|1776120075\n|switch|p1b: Altaria|Altaria-Mega, L50, M|38/100\n|turn|10\n|\n|t:|1776120084\n|move|p1b: Altaria|Will-O-Wisp|p2b: Aggron\n|-status|p2b: Aggron|brn\n|move|p1a: Chimecho|Psychic|p2b: Aggron\n|-resisted|p2b: Aggron|1\n|-damage|p2b: Aggron|32/100 brn\n|move|p2b: Aggron|Heavy Slam|p1b: Altaria\n|-supereffective|p1b: Altaria|1\n|-damage|p1b: Altaria|0 fnt\n|faint|p1b: Altaria\n|\n|-damage|p2b: Aggron|25/100 brn|[from] brn\n|upkeep\n|turn|11\n|\n|t:|1776120094\n|move|p1a: Chimecho|Psychic|p2b: Aggron\n|-resisted|p2b: Aggron|1\n|-damage|p2b: Aggron|14/100 brn\n|-unboost|p2b: Aggron|spd|1\n|move|p2b: Aggron|Heavy Slam|p1a: Chimecho\n|-damage|p1a: Chimecho|3/100\n|\n|-damage|p2b: Aggron|8/100 brn|[from] brn\n|upkeep\n|turn|12\n|-message|leanYBP forfeited.\n|\n|win|anubis jr.\n|raw|anubis jr.'s rating: 1160 &rarr; <strong>1189</strong><br />(+29 for winning)\n|raw|leanYBP's rating: 1212 &rarr; <strong>1183</strong><br />(-29 for losing)\n|l|\u2606leanYBP\n|player|p2|\n",
  "uploadtime": 1776120107,
  "views": 19,
  "formatid": "gen9championsvgc2026regma",
  "rating": 1183,
  "private": 0,
  "password": null
}