{
  "id": "gen9championsvgc2026regma-2586045755",
  "format": "[Gen 9 Champions] VGC 2026 Reg M-A",
  "players": [
    "phantom911",
    "Swis_Chris"
  ],
  "log": "|j|\u2606phantom911\n|j|\u2606Swis_Chris\n|html|<table width=\"100%\"><tr><td align=\"left\">phantom911</td><td align=\"right\">Swis_Chris</tr><tr><td align=\"left\"><i class=\"fa fa-circle-o\"></i> <i class=\"fa fa-circle-o\"></i> </td><td align=\"right\"><i class=\"fa fa-circle-o\"></i> <i class=\"fa fa-circle\"></i> </tr></table>\n|uhtml|bestof|<h2><strong>Game 2</strong> of <a href=\"/game-bestof3-gen9championsvgc2026regma-2586042684\">a best-of-3</a></h2>\n|t:|1776393391\n|gametype|doubles\n|player|p1|phantom911|ghetsis-gen5bw|\n|player|p2|Swis_Chris|hop-masters|\n|gen|9\n|tier|[Gen 9 Champions] VGC 2026 Reg M-A\n|rated|Tournament battle\n|rule|Species Clause: Limit one of each Pok\u00e9mon\n|rule|Item Clause: Limit 1 of each item\n|raw|<div class=\"infobox\"><details class=\"readmore\" open><summary><strong>2 custom rules:</strong></summary> Force Open Team Sheets, Best of = 3</details></div>\n|clearpoke\n|poke|p1|Pelipper, L50, F|\n|poke|p1|Basculegion, L50, M|\n|poke|p1|Dragonite, L50, F|\n|poke|p1|Klefki, L50, M|\n|poke|p1|Raichu, L50, M|\n|poke|p1|Floette-Eternal, L50, F|\n|poke|p2|Chesnaught, L50, M|\n|poke|p2|Scizor, L50, M|\n|poke|p2|Talonflame, L50, M|\n|poke|p2|Aegislash, L50, M|\n|poke|p2|Basculegion, L50, M|\n|poke|p2|Sinistcha-Masterpiece, L50|\n|teampreview|4\n|showteam|p1|Pelipper||SitrusBerry|Drizzle|Hurricane,Protect,WeatherBall,WideGuard|||F|||50|]Basculegion||MysticWater|SwiftSwim|WaveCrash,Protect,FlipTurn,LastRespects|||M|||50|]Dragonite||Dragoninite|InnerFocus|Hurricane,IceBeam,DracoMeteor,Protect|||F|||50|]Klefki||Leftovers|Prankster|RainDance,ThunderWave,Protect,DazzlingGleam|||M|||50|]Raichu||FocusSash|LightningRod|Protect,Thunder,VoltSwitch,FakeOut|||M|||50|]Floette-Eternal||Floettite|FlowerVeil|Protect,CalmMind,Moonblast,DrainingKiss|||F|||50|\n|showteam|p2|Chesnaught||Chesnaughtite|Bulletproof|SpikyShield,BodyPress,Payback,IronDefense|||M|||50|]Scizor||MetalCoat|Technician|BulletPunch,KnockOff,SwordsDance,RainDance|||M|||50|]Talonflame||SharpBeak|GaleWings|BraveBird,UpperHand,Uturn,RainDance|||M|||50|]Aegislash||ColburBerry|StanceChange|KingsShield,ShadowBall,WideGuard,FlashCannon|||M|||50|]Basculegion||MysticWater|SwiftSwim|AquaJet,WaveCrash,LastRespects,Protect|||M|||50|]Sinistcha-Masterpiece||MentalHerb|Hospitality|RagePowder,TrickRoom,ShadowBall,Memento||||||50|\nSwis_Chris has agreed to open team sheets.\n|\n|t:|1776393434\n|teamsize|p1|4\n|teamsize|p2|4\n|start\n|switch|p1a: Raichu|Raichu, L50, M|100/100\n|switch|p1b: Floette|Floette-Eternal, L50, F|100/100\n|switch|p2a: Aegislash|Aegislash, L50, M, shiny|100/100\n|switch|p2b: Sinistcha|Sinistcha-Masterpiece, L50|100/100\n|turn|1\n|\n|t:|1776393453\n|move|p1b: Floette|Protect|p1b: Floette\n|-singleturn|p1b: Floette|Protect\n|move|p1a: Raichu|Volt Switch|p2a: Aegislash\n|-damage|p2a: Aegislash|80/100\n|\n|t:|1776393467\n|switch|p1a: Pelipper|Pelipper, L50, F|100/100|[from] Volt Switch\n|-weather|RainDance|[from] ability: Drizzle|[of] p1a: Pelipper\n|move|p2b: Sinistcha|Shadow Ball|p1a: Pelipper\n|-damage|p1a: Pelipper|50/100\n|-enditem|p1a: Pelipper|Sitrus Berry|[eat]\n|-heal|p1a: Pelipper|74/100|[from] item: Sitrus Berry\n|-formechange|p2a: Aegislash|Aegislash-Blade|\n|move|p2a: Aegislash|Flash Cannon|p1b: Floette\n|-activate|p1b: Floette|move: Protect\n|\n|-weather|RainDance|[upkeep]\n|upkeep\n|turn|2\n|\n|t:|1776393512\n|switch|p1b: Raichu|Raichu, L50, M|100/100\n|-formechange|p2a: Aegislash|Aegislash|\n|move|p2a: Aegislash|King's Shield|p2a: Aegislash\n|-singleturn|p2a: Aegislash|Protect\n|move|p2b: Sinistcha|Shadow Ball|p1a: Pelipper\n|-crit|p1a: Pelipper\n|-damage|p1a: Pelipper|7/100\n|-unboost|p1a: Pelipper|spd|1\n|move|p1a: Pelipper|Hurricane|p2b: Sinistcha\n|-supereffective|p2b: Sinistcha|1\n|-damage|p2b: Sinistcha|42/100\n|-start|p2b: Sinistcha|confusion\n|\n|-weather|RainDance|[upkeep]\n|upkeep\n|turn|3\n|\n|t:|1776393559\n|switch|p2b: Scizor|Scizor, L50, M|100/100\n|move|p1a: Pelipper|Protect|p1a: Pelipper\n|-singleturn|p1a: Pelipper|Protect\n|move|p1b: Raichu|Thunder|p2a: Aegislash\n|-damage|p2a: Aegislash|48/100\n|-formechange|p2a: Aegislash|Aegislash-Blade|\n|move|p2a: Aegislash|Shadow Ball|p1a: Pelipper\n|-activate|p1a: Pelipper|move: Protect\n|\n|-weather|RainDance|[upkeep]\n|upkeep\n|turn|4\n|\n|t:|1776393587\n|switch|p1a: Floette|Floette-Eternal, L50, F|100/100\n|-formechange|p2a: Aegislash|Aegislash|\n|move|p2a: Aegislash|King's Shield|p2a: Aegislash\n|-singleturn|p2a: Aegislash|Protect\n|move|p1b: Raichu|Thunder|p2b: Scizor\n|-damage|p2b: Scizor|64/100\n|move|p2b: Scizor|Knock Off|p1a: Floette\n|-resisted|p1a: Floette|1\n|-damage|p1a: Floette|83/100\n|\n|-weather|RainDance|[upkeep]\n|upkeep\n|turn|5\n|\n|t:|1776393606\n|switch|p2b: Sinistcha|Sinistcha-Masterpiece, L50|42/100\n|-heal|p2a: Aegislash|72/100|[from] ability: Hospitality|[of] p2b: Sinistcha\n|detailschange|p1a: Floette|Floette-Mega, L50, F\n|-mega|p1a: Floette|Floette|Floettite\n|-ability|p1a: Floette|Fairy Aura\n|move|p1a: Floette|Protect|p1a: Floette\n|-singleturn|p1a: Floette|Protect\n|move|p1b: Raichu|Thunder|p2b: Sinistcha\n|-resisted|p2b: Sinistcha|1\n|-damage|p2b: Sinistcha|25/100\n|-status|p2b: Sinistcha|par\n|-formechange|p2a: Aegislash|Aegislash-Blade|\n|move|p2a: Aegislash|Shadow Ball|p1b: Raichu\n|-damage|p1b: Raichu|55/100\n|-unboost|p1b: Raichu|spd|1\n|\n|-weather|none\n|upkeep\n|turn|6\n|\n|t:|1776393644\n|move|p1a: Floette|Calm Mind|p1a: Floette\n|-boost|p1a: Floette|spa|1\n|-boost|p1a: Floette|spd|1\n|move|p1b: Raichu|Volt Switch|p2b: Sinistcha\n|-resisted|p2b: Sinistcha|1\n|-damage|p2b: Sinistcha|14/100 par\n|\n|t:|1776393650\n|switch|p1b: Pelipper|Pelipper, L50, F|7/100|[from] Volt Switch\n|-weather|RainDance|[from] ability: Drizzle|[of] p1b: Pelipper\n|move|p2a: Aegislash|Flash Cannon|p1a: Floette\n|-supereffective|p1a: Floette|1\n|-damage|p1a: Floette|31/100\n|-unboost|p1a: Floette|spd|1\n|cant|p2b: Sinistcha|par\n|\n|-weather|RainDance|[upkeep]\n|upkeep\n|turn|7\n|\n|t:|1776393679\n|move|p1a: Floette|Protect|p1a: Floette\n|-singleturn|p1a: Floette|Protect\n|-formechange|p2a: Aegislash|Aegislash|\n|move|p2a: Aegislash|King's Shield|p2a: Aegislash\n|-singleturn|p2a: Aegislash|Protect\n|move|p1b: Pelipper|Hurricane|p2b: Sinistcha\n|-supereffective|p2b: Sinistcha|1\n|-damage|p2b: Sinistcha|0 fnt\n|faint|p2b: Sinistcha\n|\n|-weather|RainDance|[upkeep]\n|upkeep\n|\n|t:|1776393692\n|switch|p2b: Basculegion|Basculegion, L50, M|100/100\n|turn|8\n|\n|t:|1776393711\n|move|p2b: Basculegion|Wave Crash|p1a: Floette\n|-damage|p1a: Floette|0 fnt\n|faint|p1a: Floette\n|-damage|p2b: Basculegion|93/100|[from] Recoil\n|move|p1b: Pelipper|Hurricane|p2a: Aegislash\n|-resisted|p2a: Aegislash|1\n|-damage|p2a: Aegislash|58/100\n|-start|p2a: Aegislash|confusion\n|-activate|p2a: Aegislash|confusion\n|-formechange|p2a: Aegislash|Aegislash-Blade|\n|move|p2a: Aegislash|Shadow Ball|p1b: Pelipper\n|-damage|p1b: Pelipper|0 fnt\n|faint|p1b: Pelipper\n|\n|-weather|RainDance|[upkeep]\n|upkeep\n|\n|t:|1776393728\n|switch|p1a: Basculegion|Basculegion, L50, M|100/100\n|switch|p1b: Raichu|Raichu, L50, M|55/100\n|turn|9\n|\n|t:|1776393736\n|-activate|p2a: Aegislash|confusion\n|-formechange|p2a: Aegislash|Aegislash|\n|move|p2a: Aegislash|King's Shield|p2a: Aegislash\n|-singleturn|p2a: Aegislash|Protect\n|move|p2b: Basculegion|Last Respects|p1a: Basculegion\n|-supereffective|p1a: Basculegion|1\n|-damage|p1a: Basculegion|0 fnt\n|faint|p1a: Basculegion\n|move|p1b: Raichu|Thunder|p2a: Aegislash\n|-activate|p2a: Aegislash|move: Protect\n|\n|-weather|RainDance|[upkeep]\n|upkeep\n|turn|10\n|\n|t:|1776393747\n|move|p2b: Basculegion|Wave Crash|p1b: Raichu\n|-damage|p1b: Raichu|0 fnt\n|faint|p1b: Raichu\n|-damage|p2b: Basculegion|78/100|[from] Recoil\n|\n|win|Swis_Chris\n|c|\u2606phantom911|gg\n|l|\u2606phantom911\n|player|p1|\n",
  "uploadtime": 1776393771,
  "views": 28,
  "formatid": "gen9championsvgc2026regma",
  "rating": null,
  "private": 0,
  "password": null
}