{
  "id": "gen9championsvgc2026regma-2587696886",
  "format": "[Gen 9 Champions] VGC 2026 Reg M-A",
  "players": [
    "Djinnkiwi",
    "crobatmann"
  ],
  "log": "|j|\u2606Djinnkiwi\n|j|\u2606crobatmann\n|t:|1776554896\n|gametype|doubles\n|player|p1|Djinnkiwi|shadowtriad|\n|player|p2|crobatmann|hugh|\n|gen|9\n|tier|[Gen 9 Champions] VGC 2026 Reg M-A\n|rule|Species Clause: Limit one of each Pok\u00e9mon\n|rule|Item Clause: Limit 1 of each item\n|clearpoke\n|poke|p1|Victreebel, L50, M|\n|poke|p1|Incineroar, L50, M|\n|poke|p1|Sneasler, L50, F|\n|poke|p1|Milotic, L50, F|\n|poke|p1|Garchomp, L50, F|\n|poke|p1|Ninetales-Alola, L50, M|\n|poke|p2|Victreebel, L50, F|\n|poke|p2|Rotom-Wash, L50|\n|poke|p2|Primarina, L50, F|\n|poke|p2|Incineroar, L50, M|\n|poke|p2|Whimsicott, L50, F|\n|poke|p2|Zoroark-Hisui, L50, M|\n|teampreview|4\n|\n|t:|1776554931\n|teamsize|p1|4\n|teamsize|p2|4\n|start\n|switch|p1a: Victreebel|Victreebel, L50, M|100/100\n|switch|p1b: Sneasler|Sneasler, L50, F|100/100\n|switch|p2a: Victreebel|Victreebel, L50, F|100/100\n|switch|p2b: Whimsicott|Whimsicott, L50, F|100/100\n|turn|1\n|\n|t:|1776554964\n|detailschange|p1a: Victreebel|Victreebel-Mega, L50, M\n|-mega|p1a: Victreebel|Victreebel|Victreebelite\n|move|p1b: Sneasler|Fake Out|p2b: Whimsicott\n|-damage|p2b: Whimsicott|87/100\n|cant|p2b: Whimsicott|flinch\n|move|p2a: Victreebel|Shadow Ball|p1b: Sneasler\n|-damage|p1b: Sneasler|48/100\n|-unboost|p1b: Sneasler|spd|1\n|-enditem|p1b: Sneasler|White Herb\n|-clearnegativeboost|p1b: Sneasler|[silent]\n|move|p1a: Victreebel|Acid Spray|p2b: Whimsicott\n|-supereffective|p2b: Whimsicott|2\n|-damage|p2b: Whimsicott|0 fnt\n|faint|p2b: Whimsicott\n|\n|upkeep\n|\n|t:|1776554979\n|switch|p2b: Incineroar|Incineroar, L50, M|100/100\n|-ability|p2b: Incineroar|Intimidate|boost\n|-unboost|p1a: Victreebel|atk|1\n|-unboost|p1b: Sneasler|atk|1\n|turn|2\n|\n|t:|1776554994\n|switch|p1b: Incineroar|Incineroar, L50, M|100/100\n|-ability|p1b: Incineroar|Intimidate|boost\n|-unboost|p2a: Victreebel|atk|1\n|-unboost|p2b: Incineroar|atk|1\n|move|p2b: Incineroar|Fake Out|p1a: Victreebel\n|-damage|p1a: Victreebel|89/100\n|move|p2a: Victreebel|Shadow Ball|p1b: Incineroar\n|-resisted|p1b: Incineroar|1\n|-damage|p1b: Incineroar|78/100\n|cant|p1a: Victreebel|flinch\n|\n|upkeep\n|turn|3\n|\n|t:|1776555008\n|switch|p2a: Victreebel|Victreebel, L50, F|100/100\n|move|p1b: Incineroar|Fake Out|p2a: Victreebel\n|-damage|p2a: Victreebel|79/100\n|move|p1a: Victreebel|Strength Sap|p2b: Incineroar\n|-unboost|p2b: Incineroar|atk|1\n|-heal|p1a: Victreebel|100/100\n|move|p2b: Incineroar|Flare Blitz|p1a: Victreebel\n|-supereffective|p1a: Victreebel|1\n|-damage|p1a: Victreebel|22/100\n|-damage|p2b: Incineroar|77/100|[from] Recoil\n|\n|upkeep\n|turn|4\n|\n|t:|1776555043\n|detailschange|p2a: Victreebel|Victreebel-Mega, L50, F\n|-mega|p2a: Victreebel|Victreebel|Victreebelite\n|move|p2a: Victreebel|Strength Sap|p1b: Incineroar\n|-unboost|p1b: Incineroar|atk|1\n|-heal|p2a: Victreebel|100/100\n|move|p1b: Incineroar|Parting Shot|p2b: Incineroar\n|-unboost|p2b: Incineroar|atk|1\n|-unboost|p2b: Incineroar|spa|1\n|\n|t:|1776555051\n|switch|p1b: Ninetales|Ninetales-Alola, L50, M|100/100|[from] Parting Shot\n|-weather|Snowscape|[from] ability: Snow Warning|[of] p1b: Ninetales\n|move|p1a: Victreebel|Strength Sap|p2a: Victreebel\n|-unboost|p2a: Victreebel|atk|1\n|-heal|p1a: Victreebel|100/100\n|move|p2b: Incineroar|Flare Blitz|p1a: Victreebel\n|-supereffective|p1a: Victreebel|1\n|-damage|p1a: Victreebel|33/100\n|-damage|p2b: Incineroar|56/100|[from] Recoil\n|\n|-weather|Snowscape|[upkeep]\n|upkeep\n|turn|5\n|\n|t:|1776555100\n|move|p1b: Ninetales|Aurora Veil|p1b: Ninetales\n|-sidestart|p1: Djinnkiwi|move: Aurora Veil\n|move|p2a: Victreebel|Power Whip|p1b: Ninetales\n|-damage|p1b: Ninetales|78/100\n|move|p1a: Victreebel|Strength Sap|p2a: Victreebel\n|-unboost|p2a: Victreebel|atk|1\n|-heal|p1a: Victreebel|92/100\n|move|p2b: Incineroar|Parting Shot|p1b: Ninetales\n|-unboost|p1b: Ninetales|atk|1\n|-unboost|p1b: Ninetales|spa|1\n|\n|t:|1776555107\n|switch|p2b: Incineroar|Incineroar, L50, M|100/100|[from] Parting Shot\n|\n|-weather|Snowscape|[upkeep]\n|upkeep\n|turn|6\n|\n|t:|1776555135\n|move|p2b: Incineroar|Shadow Ball|p1a: Victreebel\n|-damage|p1a: Victreebel|64/100\n|move|p1b: Ninetales|Blizzard|p2a: Victreebel|[spread] p2a,p2b\n|-supereffective|p2a: Victreebel|1\n|-damage|p2a: Victreebel|53/100\n|-damage|p2b: Incineroar|58/100\n|replace|p2b: Zoroark|Zoroark-Hisui, L50, M\n|-end|p2b: Zoroark|Illusion\n|move|p2a: Victreebel|Strength Sap|p1a: Victreebel\n|-unboost|p1a: Victreebel|atk|1\n|-heal|p2a: Victreebel|100/100\n|move|p1a: Victreebel|Acid Spray|p2b: Zoroark\n|-resisted|p2b: Zoroark|1\n|-damage|p2b: Zoroark|35/100\n|-unboost|p2b: Zoroark|spd|2\n|\n|-weather|Snowscape|[upkeep]\n|upkeep\n|turn|7\n|\n|t:|1776555160\n|move|p2b: Zoroark|Shadow Ball|p1b: Ninetales\n|-damage|p1b: Ninetales|44/100\n|move|p1b: Ninetales|Blizzard|p2b: Zoroark|[spread] p2a,p2b\n|-supereffective|p2a: Victreebel|1\n|-damage|p2a: Victreebel|51/100\n|-damage|p2b: Zoroark|0 fnt\n|faint|p2b: Zoroark\n|move|p2a: Victreebel|Strength Sap|p1a: Victreebel\n|-unboost|p1a: Victreebel|atk|1\n|-heal|p2a: Victreebel|91/100\n|move|p1a: Victreebel|Strength Sap|p2a: Victreebel\n|-unboost|p2a: Victreebel|atk|1\n|-heal|p1a: Victreebel|100/100\n|\n|-weather|Snowscape|[upkeep]\n|upkeep\n|\n|t:|1776555164\n|switch|p2b: Incineroar|Incineroar, L50, M|56/100\n|-ability|p2b: Incineroar|Intimidate|boost\n|-unboost|p1a: Victreebel|atk|1\n|-unboost|p1b: Ninetales|atk|1\n|turn|8\n|\n|t:|1776555179\n|switch|p1b: Incineroar|Incineroar, L50, M|78/100\n|-ability|p1b: Incineroar|Intimidate|boost\n|-unboost|p2a: Victreebel|atk|1\n|-unboost|p2b: Incineroar|atk|1\n|move|p2b: Incineroar|Fake Out|p1a: Victreebel\n|-damage|p1a: Victreebel|92/100\n|move|p2a: Victreebel|Swords Dance|p2a: Victreebel\n|-boost|p2a: Victreebel|atk|2\n|cant|p1a: Victreebel|flinch\n|\n|-weather|none\n|upkeep\n|turn|9\n|\n|t:|1776555210\n|move|p1b: Incineroar|Fake Out|p2b: Incineroar\n|-damage|p2b: Incineroar|42/100\n|move|p2a: Victreebel|Swords Dance|p2a: Victreebel\n|-boost|p2a: Victreebel|atk|2\n|move|p1a: Victreebel|Acid Spray|p2a: Victreebel\n|-crit|p2a: Victreebel\n|-damage|p2a: Victreebel|53/100\n|-unboost|p2a: Victreebel|spd|2\n|cant|p2b: Incineroar|flinch\n|\n|-sideend|p1: Djinnkiwi|move: Aurora Veil\n|upkeep\n|turn|10\n|\n|t:|1776555229\n|move|p2a: Victreebel|Strength Sap|p1a: Victreebel\n|-unboost|p1a: Victreebel|atk|1\n|-heal|p2a: Victreebel|79/100\n|move|p1b: Incineroar|Darkest Lariat|p2a: Victreebel\n|-damage|p2a: Victreebel|26/100\n|move|p1a: Victreebel|Acid Spray|p2a: Victreebel\n|-damage|p2a: Victreebel|0 fnt\n|-damage|p1a: Victreebel|68/100|[from] ability: Innards Out|[of] p2a: Victreebel\n|faint|p2a: Victreebel\n|move|p2b: Incineroar|Flare Blitz|p1a: Victreebel\n|-supereffective|p1a: Victreebel|1\n|-damage|p1a: Victreebel|0 fnt\n|-damage|p2b: Incineroar|0 fnt|[from] ability: Innards Out|[of] p1a: Victreebel\n|faint|p1a: Victreebel\n|faint|p2b: Incineroar\n|\n|win|Djinnkiwi\n|l|\u2606crobatmann\n|player|p2|\n",
  "uploadtime": 1776555325,
  "views": 21,
  "formatid": "gen9championsvgc2026regma",
  "rating": null,
  "private": 0,
  "password": null
}