{
  "id": "gen9championsvgc2026regma-2588661267",
  "format": "[Gen 9 Champions] VGC 2026 Reg M-A",
  "players": [
    "Mischievouz",
    "kassinav'"
  ],
  "log": "|j|\u2606Mischievouz\n|j|\u2606kassinav'\n|t:|1776654948\n|gametype|doubles\n|player|p1|Mischievouz|cynthia-gen4|1105\n|player|p2|kassinav'|dawn|1026\n|gen|9\n|tier|[Gen 9 Champions] VGC 2026 Reg M-A\n|rated|\n|rule|Species Clause: Limit one of each Pok\u00e9mon\n|rule|Item Clause: Limit 1 of each item\n|clearpoke\n|poke|p1|Froslass, L50, F, shiny|\n|poke|p1|Incineroar, L50, F, shiny|\n|poke|p1|Garchomp, L50, M, shiny|\n|poke|p1|Whimsicott, L50, F, shiny|\n|poke|p1|Milotic, L50, M, shiny|\n|poke|p1|Jolteon, L50, F, shiny|\n|poke|p2|Starmie, L50|\n|poke|p2|Gardevoir, L50, M|\n|poke|p2|Garchomp, L50, F|\n|poke|p2|Politoed, L50, M|\n|poke|p2|Bastiodon, L50, F|\n|poke|p2|Zoroark-Hisui, L50, M|\n|teampreview|4\n|\n|t:|1776654998\n|teamsize|p1|4\n|teamsize|p2|4\n|start\n|switch|p1a: Jolteon|Jolteon, L50, F, shiny|100/100\n|switch|p1b: Incineroar|Incineroar, L50, F, shiny|100/100\n|switch|p2a: Starmie|Starmie, L50|100/100\n|switch|p2b: Gardevoir|Gardevoir, L50, M|100/100\n|-ability|p1b: Incineroar|Intimidate|boost\n|-unboost|p2a: Starmie|atk|1\n|-unboost|p2b: Gardevoir|atk|1\n|turn|1\n|\n|t:|1776655014\n|detailschange|p2a: Starmie|Starmie-Mega, L50\n|-mega|p2a: Starmie|Starmie|Starminite\n|move|p2a: Starmie|Protect|p2a: Starmie\n|-singleturn|p2a: Starmie|Protect\n|move|p1a: Jolteon|Electroweb|p2b: Gardevoir|[spread] p2b\n|-activate|p2a: Starmie|move: Protect\n|-damage|p2b: Gardevoir|83/100\n|-unboost|p2b: Gardevoir|spe|1\n|move|p1b: Incineroar|Darkest Lariat|p2a: Starmie\n|-activate|p2a: Starmie|move: Protect\n|move|p2b: Gardevoir|Misty Terrain|p2b: Gardevoir\n|-fieldstart|move: Misty Terrain\n|\n|upkeep\n|turn|2\n|\n|t:|1776655046\n|move|p2b: Gardevoir|Helping Hand|p2a: Starmie\n|-singleturn|p2a: Starmie|Helping Hand|[of] p2b: Gardevoir\n|move|p2a: Starmie|Self-Destruct|p1a: Jolteon|[spread] p1a,p1b\n|-activate|p2b: Gardevoir|ability: Telepathy\n|-enditem|p1a: Jolteon|Focus Sash\n|-damage|p1a: Jolteon|1/100\n|-damage|p1b: Incineroar|19/100\n|-enditem|p1b: Incineroar|Sitrus Berry|[eat]\n|-heal|p1b: Incineroar|44/100|[from] item: Sitrus Berry\n|faint|p2a: Starmie\n|move|p1a: Jolteon|Volt Switch|p2b: Gardevoir\n|-damage|p2b: Gardevoir|51/100\n|\n|t:|1776655064\n|switch|p1a: Milotic|Milotic, L50, M, shiny|100/100|[from] Volt Switch\n|move|p1b: Incineroar|Parting Shot|p2b: Gardevoir\n|-unboost|p2b: Gardevoir|atk|1\n|-unboost|p2b: Gardevoir|spa|1\n|\n|t:|1776655072\n|switch|p1b: Froslass|Froslass, L50, F, shiny|100/100|[from] Parting Shot\n|\n|upkeep\n|\n|t:|1776655077\n|switch|p2a: Garchomp|Garchomp, L50, F|100/100\n|turn|3\n|\n|t:|1776655094\n|detailschange|p1b: Froslass|Froslass-Mega, L50, F, shiny\n|-mega|p1b: Froslass|Froslass|Froslassite\n|-weather|Snowscape|[from] ability: Snow Warning|[of] p1b: Froslass\n|move|p2a: Garchomp|Protect|p2a: Garchomp\n|-singleturn|p2a: Garchomp|Protect\n|move|p1b: Froslass|Blizzard|p2a: Garchomp|[spread] p2b\n|-activate|p2a: Garchomp|move: Protect\n|-damage|p2b: Gardevoir|4/100\n|move|p1a: Milotic|Icy Wind|p2b: Gardevoir|[spread] p2b\n|-activate|p2a: Garchomp|move: Protect\n|-damage|p2b: Gardevoir|0 fnt\n|faint|p2b: Gardevoir\n|\n|-weather|Snowscape|[upkeep]\n|upkeep\n|\n|t:|1776655110\n|switch|p2b: Garchomp|Garchomp, L50, F|100/100\n|turn|4\n|c|\u2606kassinav'|uhh sooo\n|\n|t:|1776655130\n|move|p1b: Froslass|Protect|p1b: Froslass\n|-singleturn|p1b: Froslass|Protect\n|move|p2a: Garchomp|Snarl|p1b: Froslass|[spread] p1a\n|-activate|p1b: Froslass|move: Protect\n|-damage|p1a: Milotic|91/100\n|-unboost|p1a: Milotic|spa|1\n|-ability|p1a: Milotic|Competitive|boost\n|-boost|p1a: Milotic|spa|2\n|move|p2b: Garchomp|Rock Slide|p1a: Milotic|[spread] \n|-activate|p1b: Froslass|move: Protect\n|-miss|p2b: Garchomp|p1a: Milotic\n|move|p1a: Milotic|Icy Wind|p2a: Garchomp|[spread] p2b\n|-miss|p1a: Milotic|p2a: Garchomp\n|-supereffective|p2b: Garchomp|2\n|-crit|p2b: Garchomp\n|-damage|p2b: Garchomp|7/100\n|-unboost|p2b: Garchomp|spe|1\n|\n|-weather|Snowscape|[upkeep]\n|-heal|p1a: Milotic|97/100|[from] item: Leftovers\n|upkeep\n|turn|5\n|c|\u2606Mischievouz|haha\n|-message|kassinav' forfeited.\n|\n|win|Mischievouz\n|raw|Mischievouz's rating: 1105 &rarr; <strong>1124</strong><br />(+19 for winning)\n|raw|kassinav&apos;'s rating: 1026 &rarr; <strong>1015</strong><br />(-11 for losing)\n|l|\u2606kassinav'\n|player|p2|\n",
  "uploadtime": 1776655192,
  "views": 6,
  "formatid": "gen9championsvgc2026regma",
  "rating": 1015,
  "private": 0,
  "password": null
}