{
  "id": "gen9championsvgc2026regma-2581538979",
  "format": "[Gen 9 Champions] VGC 2026 Reg M-A",
  "players": [
    "Soul of Departure",
    "RijdendeRechter"
  ],
  "log": "|j|\u2606Soul of Departure\n|j|\u2606RijdendeRechter\n|t:|1776009290\n|gametype|doubles\n|player|p1|Soul of Departure|1|1041\n|player|p2|RijdendeRechter|roughneck-gen4|1081\n|gen|9\n|tier|[Gen 9 Champions] VGC 2026 Reg M-A\n|rated|\n|rule|Species Clause: Limit one of each Pok\u00e9mon\n|rule|Item Clause: Limit 1 of each item\n|clearpoke\n|poke|p1|Garchomp, L50, M|\n|poke|p1|Orthworm, L50, M|\n|poke|p1|Rotom-Wash, L50|\n|poke|p1|Hippowdon, L50, F|\n|poke|p1|Alakazam, L50, M|\n|poke|p1|Vivillon, L50, M|\n|poke|p2|Chesnaught, L50, F|\n|poke|p2|Slowking-Galar, L50, F|\n|poke|p2|Incineroar, L50, M|\n|poke|p2|Ninetales-Alola, L50, M|\n|poke|p2|Garchomp, L50, M|\n|poke|p2|Aegislash, L50, F|\n|teampreview|4\n|l|\u2606RijdendeRechter\n|player|p2|\n|j|\u2606RijdendeRechter\n|player|p2|RijdendeRechter|roughneck-gen4|\n|inactive|Battle timer is ON: inactive players will automatically lose when time's up. (requested by Soul of Departure)\n|\n|t:|1776009331\n|teamsize|p1|4\n|teamsize|p2|4\n|start\n|switch|p1a: Orthworm|Orthworm, L50, M|100/100\n|switch|p1b: Vivillon|Vivillon, L50, M|100/100\n|switch|p2a: Chesnaught|Chesnaught, L50, F|100/100\n|switch|p2b: Incineroar|Incineroar, L50, M|100/100\n|-ability|p2b: Incineroar|Intimidate|boost\n|-unboost|p1a: Orthworm|atk|1\n|-unboost|p1b: Vivillon|atk|1\n|turn|1\n|\n|t:|1776009347\n|detailschange|p2a: Chesnaught|Chesnaught-Mega, L50, F\n|-mega|p2a: Chesnaught|Chesnaught|Chesnaughtite\n|move|p1b: Vivillon|Protect|p1b: Vivillon\n|-singleturn|p1b: Vivillon|Protect\n|move|p1a: Orthworm|Protect|p1a: Orthworm\n|-singleturn|p1a: Orthworm|Protect\n|move|p2b: Incineroar|Fake Out|p1b: Vivillon\n|-activate|p1b: Vivillon|move: Protect\n|move|p2a: Chesnaught|Body Press|p1a: Orthworm\n|-activate|p1a: Orthworm|move: Protect\n|\n|upkeep\n|turn|2\n|l|\u2606RijdendeRechter\n|inactive|RijdendeRechter disconnected and has a minute to reconnect!\n|player|p2|\n|inactive|Soul of Departure has 30 seconds left.\n|inactive|RijdendeRechter has 30 seconds left.\n|j|\u2606RijdendeRechter\n|inactive|RijdendeRechter reconnected and has 30 seconds left.\n|player|p2|RijdendeRechter|roughneck-gen4|\n|inactive|Soul of Departure has 20 seconds left.\n|inactive|RijdendeRechter has 20 seconds left.\n|\n|t:|1776009384\n|switch|p2a: Aegislash|Aegislash, L50, F|100/100\n|move|p1b: Vivillon|Tailwind|p1b: Vivillon\n|-sidestart|p1: Soul of Departure|move: Tailwind\n|move|p1a: Orthworm|Shed Tail|p1a: Orthworm\n|-start|p1a: Orthworm|Substitute|[from] move: Shed Tail\n|-damage|p1a: Orthworm|50/100\n|-enditem|p1a: Orthworm|Sitrus Berry|[eat]\n|-heal|p1a: Orthworm|75/100|[from] item: Sitrus Berry\n|\n|t:|1776009393\n|switch|p1a: Alakazam|Alakazam, L50, M|100/100|[from] Shed Tail\n|move|p2b: Incineroar|Flare Blitz|p1b: Vivillon\n|-supereffective|p1b: Vivillon|1\n|-enditem|p1b: Vivillon|Focus Sash\n|-damage|p1b: Vivillon|1/100\n|-damage|p2b: Incineroar|70/100|[from] Recoil\n|\n|upkeep\n|turn|3\n|l|\u2606RijdendeRechter\n|inactive|RijdendeRechter disconnected and has a minute to reconnect!\n|player|p2|\n|j|\u2606RijdendeRechter\n|inactive|RijdendeRechter reconnected and has 35 seconds left.\n|player|p2|RijdendeRechter|roughneck-gen4|\n|inactive|Soul of Departure has 30 seconds left.\n|inactive|RijdendeRechter has 30 seconds left.\n|inactive|Soul of Departure has 20 seconds left.\n|inactive|RijdendeRechter has 20 seconds left.\n|inactive|Soul of Departure has 15 seconds left.\n|\n|t:|1776009437\n|switch|p1b: Rotom|Rotom-Wash, L50|100/100\n|detailschange|p1a: Alakazam|Alakazam-Mega, L50, M\n|-mega|p1a: Alakazam|Alakazam|Alakazite\n|-ability|p1a: Alakazam|Intimidate|Trace|[from] ability: Trace|[of] p2b: Incineroar\n|-ability|p1a: Alakazam|Intimidate|boost\n|-unboost|p2a: Aegislash|atk|1\n|-unboost|p2b: Incineroar|atk|1\n|-formechange|p2a: Aegislash|Aegislash-Blade|\n|move|p2a: Aegislash|Shadow Sneak|p1b: Rotom\n|-damage|p1b: Rotom|79/100\n|move|p1a: Alakazam|Nasty Plot|p1a: Alakazam\n|-boost|p1a: Alakazam|spa|2\n|move|p2b: Incineroar|Darkest Lariat|p1a: Alakazam\n|-supereffective|p1a: Alakazam|1\n|-end|p1a: Alakazam|Substitute\n|\n|upkeep\n|turn|4\n|l|\u2606RijdendeRechter\n|inactive|RijdendeRechter disconnected and has a minute to reconnect!\n|player|p2|\n|j|\u2606RijdendeRechter\n|inactive|RijdendeRechter reconnected and has 35 seconds left.\n|player|p2|RijdendeRechter|roughneck-gen4|\n|inactive|Soul of Departure has 30 seconds left.\n|inactive|RijdendeRechter has 30 seconds left.\n|\n|t:|1776009471\n|-formechange|p2a: Aegislash|Aegislash|\n|move|p2a: Aegislash|King's Shield|p2a: Aegislash\n|-singleturn|p2a: Aegislash|Protect\n|move|p1a: Alakazam|Dazzling Gleam|p2b: Incineroar|[spread] p2b\n|-activate|p2a: Aegislash|move: Protect\n|-damage|p2b: Incineroar|33/100\n|-enditem|p2b: Incineroar|Sitrus Berry|[eat]\n|-heal|p2b: Incineroar|58/100|[from] item: Sitrus Berry\n|move|p1b: Rotom|Hydro Pump|p2b: Incineroar\n|-supereffective|p2b: Incineroar|1\n|-damage|p2b: Incineroar|0 fnt\n|faint|p2b: Incineroar\n|\n|upkeep\n|\n|t:|1776009483\n|switch|p2b: Slowking|Slowking-Galar, L50, F|100/100\n|turn|5\n|l|\u2606RijdendeRechter\n|inactive|RijdendeRechter disconnected and has a minute to reconnect!\n|player|p2|\n|inactive|Soul of Departure has 30 seconds left.\n|j|\u2606RijdendeRechter\n|inactive|RijdendeRechter reconnected.\n|player|p2|RijdendeRechter|roughneck-gen4|\n|\n|t:|1776009515\n|move|p1a: Alakazam|Dazzling Gleam|p2b: Slowking|[spread] p2a,p2b\n|-resisted|p2a: Aegislash|1\n|-resisted|p2b: Slowking|1\n|-damage|p2a: Aegislash|80/100\n|-damage|p2b: Slowking|82/100\n|move|p1b: Rotom|Will-O-Wisp|p2b: Slowking\n|-status|p2b: Slowking|brn\n|-formechange|p2a: Aegislash|Aegislash-Blade|\n|move|p2a: Aegislash|Poltergeist|p1a: Alakazam\n|-activate|p1a: Alakazam|move: Poltergeist|Alakazite\n|-supereffective|p1a: Alakazam|1\n|-damage|p1a: Alakazam|0 fnt\n|faint|p1a: Alakazam\n|move|p2b: Slowking|Trick Room|p2b: Slowking\n|-fieldstart|move: Trick Room|[of] p2b: Slowking\n|\n|-heal|p2a: Aegislash|86/100|[from] item: Leftovers\n|-damage|p2b: Slowking|76/100 brn|[from] brn\n|-sideend|p1: Soul of Departure|move: Tailwind\n|upkeep\n|l|\u2606RijdendeRechter\n|inactive|RijdendeRechter disconnected and has a minute to reconnect!\n|player|p2|\n|\n|t:|1776009535\n|switch|p1a: Orthworm|Orthworm, L50, M|75/100\n|turn|6\n|j|\u2606RijdendeRechter\n|inactive|RijdendeRechter reconnected and has 55 seconds left.\n|player|p2|RijdendeRechter|roughneck-gen4|\n|\n|t:|1776009554\n|move|p1a: Orthworm|Protect|p1a: Orthworm\n|-singleturn|p1a: Orthworm|Protect\n|move|p1b: Rotom|Protect|p1b: Rotom\n|-singleturn|p1b: Rotom|Protect\n|move|p2b: Slowking|Sludge Bomb|p1b: Rotom\n|-activate|p1b: Rotom|move: Protect\n|move|p2a: Aegislash|Poltergeist|p1b: Rotom\n|-activate|p1b: Rotom|move: Protect\n|\n|-heal|p2a: Aegislash|92/100|[from] item: Leftovers\n|-damage|p2b: Slowking|70/100 brn|[from] brn\n|upkeep\n|turn|7\n|inactive|Soul of Departure has 30 seconds left.\n|inactive|Soul of Departure has 20 seconds left.\n|inactive|Soul of Departure has 15 seconds left.\n|\n|t:|1776009598\n|move|p2b: Slowking|Sludge Bomb|p1b: Rotom\n|-damage|p1b: Rotom|36/100\n|move|p2a: Aegislash|Poltergeist|p1b: Rotom\n|-activate|p1b: Rotom|move: Poltergeist|Magnet\n|-damage|p1b: Rotom|0 fnt\n|faint|p1b: Rotom\n|move|p1a: Orthworm|Heavy Slam|p2a: Aegislash\n|-resisted|p2a: Aegislash|1\n|-crit|p2a: Aegislash\n|-damage|p2a: Aegislash|45/100\n|\n|-heal|p2a: Aegislash|51/100|[from] item: Leftovers\n|-damage|p2b: Slowking|64/100 brn|[from] brn\n|upkeep\n|\n|t:|1776009613\n|switch|p1b: Vivillon|Vivillon, L50, M|1/100\n|turn|8\n|\n|t:|1776009619\n|move|p1a: Orthworm|Protect|p1a: Orthworm\n|-singleturn|p1a: Orthworm|Protect\n|move|p1b: Vivillon|Protect|p1b: Vivillon\n|-singleturn|p1b: Vivillon|Protect\n|-prepare|p2b: Slowking|Chilly Reception|[premajor]\n|move|p2b: Slowking|Chilly Reception|p2b: Slowking\n|-weather|Snowscape\n|\n|t:|1776009624\n|switch|p2b: Chesnaught|Chesnaught-Mega, L50, F|100/100|[from] Chilly Reception\n|move|p2a: Aegislash|Iron Head|p1b: Vivillon\n|-activate|p1b: Vivillon|move: Protect\n|\n|-weather|Snowscape|[upkeep]\n|-heal|p2a: Aegislash|57/100|[from] item: Leftovers\n|upkeep\n|turn|9\n|\n|t:|1776009647\n|move|p2b: Chesnaught|Body Press|p1a: Orthworm\n|-supereffective|p1a: Orthworm|1\n|-damage|p1a: Orthworm|32/100\n|move|p2a: Aegislash|Iron Head|p1b: Vivillon\n|-damage|p1b: Vivillon|0 fnt\n|faint|p1b: Vivillon\n|move|p1a: Orthworm|Heavy Slam|p2a: Aegislash\n|-resisted|p2a: Aegislash|1\n|-damage|p2a: Aegislash|21/100\n|\n|-weather|Snowscape|[upkeep]\n|-heal|p2a: Aegislash|27/100|[from] item: Leftovers\n|-fieldend|move: Trick Room\n|upkeep\n|turn|10\n|-message|Soul of Departure forfeited.\n|\n|win|RijdendeRechter\n|raw|Soul of Departure's rating: 1041 &rarr; <strong>1027</strong><br />(-14 for losing)\n|raw|RijdendeRechter's rating: 1081 &rarr; <strong>1106</strong><br />(+25 for winning)\n|l|\u2606Soul of Departure\n|player|p1|\n",
  "uploadtime": 1776009672,
  "views": 23,
  "formatid": "gen9championsvgc2026regma",
  "rating": 1027,
  "private": 0,
  "password": null
}