{
  "id": "gen9championsvgc2026regma-2582996437",
  "format": "[Gen 9 Champions] VGC 2026 Reg M-A",
  "players": [
    "Menrad",
    "RrrrrMemes9"
  ],
  "log": "|j|\u2606Menrad\n|j|\u2606RrrrrMemes9\n|html|<table width=\"100%\"><tr><td align=\"left\">Menrad</td><td align=\"right\">RrrrrMemes9</tr><tr><td align=\"left\"><i class=\"fa fa-circle-o\"></i> <i class=\"fa fa-circle-o\"></i> </td><td align=\"right\"><i class=\"fa fa-circle-o\"></i> <i class=\"fa fa-circle\"></i> </tr></table>\n|uhtml|bestof|<h2><strong>Game 2</strong> of <a href=\"/game-bestof3-gen9championsvgc2026regma-2582990638\">a best-of-3</a></h2>\n|t:|1776131834\n|gametype|doubles\n|player|p1|Menrad|benga|\n|player|p2|RrrrrMemes9|n|\n|gen|9\n|tier|[Gen 9 Champions] VGC 2026 Reg M-A\n|rule|Species Clause: Limit one of each Pok\u00e9mon\n|rule|Item Clause: Limit 1 of each item\n|raw|<div class=\"infobox\"><details class=\"readmore\" open><summary><strong>1 custom rule:</strong></summary> Best of = 3</details></div>\n|clearpoke\n|poke|p1|Manectric, L50, M|\n|poke|p1|Chimecho, L50, F|\n|poke|p1|Incineroar, L50, F|\n|poke|p1|Runerigus, L50, F|\n|poke|p1|Orthworm, L50, F|\n|poke|p1|Clefable, L50, F|\n|poke|p2|Floette-Eternal, L50, F|\n|poke|p2|Rotom-Mow, L50|\n|poke|p2|Victreebel, L50, M|\n|poke|p2|Decidueye-Hisui, L50, M|\n|poke|p2|Ninetales, L50, M|\n|poke|p2|Ditto, L50|\n|teampreview|4\n|inactive|Battle timer is ON: inactive players will automatically lose when time's up. (requested by Menrad)\nRrrrrMemes9 rejected open team sheets.\n|\n|t:|1776131864\n|teamsize|p1|4\n|teamsize|p2|4\n|start\n|switch|p1a: Chimecho|Chimecho, L50, F|100/100\n|switch|p1b: Manectric|Manectric, L50, M|100/100\n|switch|p2a: NaruBOI|Ninetales, L50, M|100/100\n|switch|p2b: You Who?|Ditto, L50, shiny|100/100\n|-weather|SunnyDay|[from] ability: Drought|[of] p2a: NaruBOI\n|-transform|p2b: You Who?|p1a: Chimecho|[from] ability: Imposter\n|turn|1\n|inactive|Menrad has 30 seconds left.\n|inactive|RrrrrMemes9 has 30 seconds left.\n|\n|t:|1776131896\n|detailschange|p1b: Manectric|Manectric-Mega, L50, M\n|-mega|p1b: Manectric|Manectric|Manectite\n|-ability|p1b: Manectric|Intimidate|boost\n|-unboost|p2a: NaruBOI|atk|1\n|-unboost|p2b: You Who?|atk|1\n|move|p2a: NaruBOI|Disable||[still]\n|-fail|p2a: NaruBOI\n|move|p1b: Manectric|Snarl|p2b: You Who?|[spread] p2a,p2b\n|-supereffective|p2b: You Who?|1\n|-damage|p2a: NaruBOI|86/100\n|-damage|p2b: You Who?|80/100\n|-unboost|p2a: NaruBOI|spa|1\n|-unboost|p2b: You Who?|spa|1\n|move|p1a: Chimecho|Skill Swap|p1b: Manectric\n|-activate|p1a: Chimecho|Skill Swap|||[of] p1b: Manectric\n|-ability|p1a: Chimecho|Intimidate|boost\n|-unboost|p2a: NaruBOI|atk|1\n|-unboost|p2b: You Who?|atk|1\n|move|p2b: You Who?|Dazzling Gleam|p1b: Manectric|[spread] p1a,p1b\n|-damage|p1a: Chimecho|91/100\n|-damage|p1b: Manectric|93/100\n|\n|-weather|SunnyDay|[upkeep]\n|-heal|p2b: You Who?|86/100|[from] item: Leftovers\n|upkeep\n|turn|2\n|inactive|Menrad has 30 seconds left.\n|inactive|RrrrrMemes9 has 30 seconds left.\n|inactive|Menrad has 20 seconds left.\n|inactive|RrrrrMemes9 has 20 seconds left.\n|inactive|RrrrrMemes9 has 15 seconds left.\n|inactive|RrrrrMemes9 has 10 seconds left.\n|inactive|RrrrrMemes9 has 5 seconds left.\n|\n|t:|1776131948\n|switch|p1a: Orthworm|Orthworm, L50, F|100/100\n|move|p2a: NaruBOI|Overheat|p1a: Orthworm\n|-supereffective|p1a: Orthworm|1\n|-damage|p1a: Orthworm|18/100\n|-unboost|p2a: NaruBOI|spa|2\n|-enditem|p1a: Orthworm|Sitrus Berry|[eat]\n|-heal|p1a: Orthworm|43/100|[from] item: Sitrus Berry\n|move|p1b: Manectric|Snarl|p2a: NaruBOI|[spread] p2a,p2b\n|-supereffective|p2b: You Who?|1\n|-damage|p2a: NaruBOI|72/100\n|-damage|p2b: You Who?|64/100\n|-unboost|p2a: NaruBOI|spa|1\n|-unboost|p2b: You Who?|spa|1\n|move|p2b: You Who?|Dazzling Gleam|p1b: Manectric|[spread] p1a,p1b\n|-resisted|p1a: Orthworm|1\n|-crit|p1b: Manectric\n|-damage|p1a: Orthworm|39/100\n|-damage|p1b: Manectric|77/100\n|\n|-weather|SunnyDay|[upkeep]\n|-heal|p2b: You Who?|70/100|[from] item: Leftovers\n|upkeep\n|turn|3\n|inactive|Menrad has 30 seconds left.\n|inactive|RrrrrMemes9 has 30 seconds left.\n|inactive|RrrrrMemes9 has 20 seconds left.\n|inactive|RrrrrMemes9 has 15 seconds left.\n|\n|t:|1776131989\n|move|p2a: NaruBOI|Overheat|p1a: Orthworm|[miss]\n|-miss|p2a: NaruBOI|p1a: Orthworm\n|move|p1b: Manectric|Thunderbolt|p2a: NaruBOI\n|-damage|p2a: NaruBOI|26/100\n|move|p2b: You Who?|Skill Swap|p1a: Orthworm\n|-activate|p2b: You Who?|Skill Swap|Earth Eater|Levitate|[of] p1a: Orthworm\n|move|p1a: Orthworm|Iron Defense|p1a: Orthworm\n|-boost|p1a: Orthworm|def|2\n|\n|-weather|SunnyDay|[upkeep]\n|-heal|p2b: You Who?|75/100|[from] item: Leftovers\n|upkeep\n|turn|4\n|inactive|RrrrrMemes9 has 30 seconds left.\n|\n|t:|1776132018\n|move|p2a: NaruBOI|Overheat|p1a: Orthworm\n|-supereffective|p1a: Orthworm|1\n|-damage|p1a: Orthworm|2/100\n|-unboost|p2a: NaruBOI|spa|2\n|move|p1b: Manectric|Thunderbolt|p2a: NaruBOI\n|-damage|p2a: NaruBOI|0 fnt\n|faint|p2a: NaruBOI\n|move|p2b: You Who?|Skill Swap|p1b: Manectric\n|-activate|p2b: You Who?|Skill Swap|Levitate|Earth Eater|[of] p1b: Manectric\n|move|p1a: Orthworm|Iron Defense|p1a: Orthworm\n|-boost|p1a: Orthworm|def|2\n|\n|-weather|SunnyDay|[upkeep]\n|-heal|p2b: You Who?|81/100|[from] item: Leftovers\n|upkeep\n|\n|t:|1776132037\n|switch|p2a: Artreus|Decidueye-Hisui, L50, M, shiny|100/100\n|turn|5\n|\n|t:|1776132059\n|move|p1b: Manectric|Flamethrower|p2a: Artreus\n|-supereffective|p2a: Artreus|1\n|-enditem|p2a: Artreus|Occa Berry|[eat]\n|-enditem|p2a: Artreus|Occa Berry|[weaken]\n|-damage|p2a: Artreus|48/100\n|move|p2a: Artreus|Triple Arrows|p1b: Manectric\n|-damage|p1b: Manectric|33/100\n|move|p1a: Orthworm|Body Press|p2a: Artreus\n|-damage|p2a: Artreus|0 fnt\n|faint|p2a: Artreus\n|move|p2b: You Who?|Dazzling Gleam|p1a: Orthworm|[spread] p1a,p1b\n|-resisted|p1a: Orthworm|1\n|-crit|p1a: Orthworm\n|-damage|p1a: Orthworm|0 fnt\n|-damage|p1b: Manectric|27/100\n|faint|p1a: Orthworm\n|\n|-weather|none\n|-heal|p2b: You Who?|87/100|[from] item: Leftovers\n|upkeep\n|\n|t:|1776132084\n|switch|p2a: Chubb|Victreebel, L50, M|100/100\n|switch|p1a: Runerigus|Runerigus, L50, F|100/100\n|turn|6\n|inactive|RrrrrMemes9 has 30 seconds left.\n|\n|t:|1776132114\n|detailschange|p2a: Chubb|Victreebel-Mega, L50, M\n|-mega|p2a: Chubb|Victreebel|Victreebelite\n|move|p2a: Chubb|Protect|p2a: Chubb\n|-singleturn|p2a: Chubb|Protect\n|move|p1b: Manectric|Flamethrower|p2a: Chubb\n|-activate|p2a: Chubb|move: Protect\n|move|p2b: You Who?|Skill Swap|p1a: Runerigus\n|-activate|p2b: You Who?|Skill Swap|Wandering Spirit|Levitate|[of] p1a: Runerigus\n|move|p1a: Runerigus|Earthquake|p2a: Chubb|[spread] p2b\n|-activate|p2a: Chubb|move: Protect\n|-heal|p1b: Manectric|52/100|[from] ability: Earth Eater|[of] p1a: Runerigus\n|-damage|p2b: You Who?|63/100\n|\n|-heal|p2b: You Who?|69/100|[from] item: Leftovers\n|upkeep\n|turn|7\n|inactive|Menrad has 30 seconds left.\n|\n|t:|1776132144\n|move|p1b: Manectric|Snarl|p2b: You Who?|[spread] p2a\n|-miss|p1b: Manectric|p2b: You Who?\n|-damage|p2a: Chubb|86/100\n|-unboost|p2a: Chubb|spa|1\n|move|p2a: Chubb|Solar Beam||[still]\n|-prepare|p2a: Chubb|Solar Beam\n|move|p2b: You Who?|Skill Swap|p1b: Manectric\n|-activate|p2b: You Who?|Skill Swap|Earth Eater|Wandering Spirit|[of] p1b: Manectric\n|move|p1a: Runerigus|Earthquake|p2b: You Who?|[spread] p1b,p2a\n|-heal|p2b: You Who?|93/100|[from] ability: Earth Eater|[of] p1a: Runerigus\n|-supereffective|p1b: Manectric|1\n|-damage|p1b: Manectric|0 fnt\n|-damage|p2a: Chubb|51/100\n|faint|p1b: Manectric\n|\n|-heal|p2b: You Who?|99/100|[from] item: Leftovers\n|upkeep\n|\n|t:|1776132160\n|switch|p1b: Chimecho|Chimecho, L50, F|91/100\n|turn|8\n|\n|t:|1776132181\n|move|p2a: Chubb|Solar Beam|p1a: Runerigus|[from] lockedmove\n|-supereffective|p1a: Runerigus|1\n|-damage|p1a: Runerigus|0 fnt\n|faint|p1a: Runerigus\n|move|p1b: Chimecho|Skill Swap|p2a: Chubb\n|-activate|p1b: Chimecho|Skill Swap|Innards Out|Levitate|[of] p2a: Chubb\n|move|p2b: You Who?|Dazzling Gleam|p1b: Chimecho\n|-damage|p1b: Chimecho|83/100\n|\n|-heal|p2b: You Who?|100/100|[from] item: Leftovers\n|upkeep\n|turn|9\n|inactive|Menrad has 30 seconds left.\n|\n|t:|1776132210\n|move|p2a: Chubb|Solar Beam||[still]\n|-prepare|p2a: Chubb|Solar Beam\n|move|p1b: Chimecho|Dazzling Gleam|p2a: Chubb|[spread] p2a,p2b\n|-resisted|p2a: Chubb|1\n|-damage|p2a: Chubb|43/100\n|-damage|p2b: You Who?|89/100\n|move|p2b: You Who?|Flash Cannon|p1b: Chimecho\n|-damage|p1b: Chimecho|75/100\n|\n|-heal|p2b: You Who?|95/100|[from] item: Leftovers\n|upkeep\n|turn|10\n|inactive|RrrrrMemes9 has 30 seconds left.\n|\n|t:|1776132240\n|move|p2a: Chubb|Solar Beam|p1b: Chimecho|[from] lockedmove\n|-damage|p1b: Chimecho|33/100\n|move|p2b: You Who?|Skill Swap|p1b: Chimecho\n|-activate|p2b: You Who?|Skill Swap|Innards Out|Earth Eater|[of] p1b: Chimecho\n|move|p1b: Chimecho|Recover|p1b: Chimecho\n|-heal|p1b: Chimecho|83/100\n|\n|-heal|p2b: You Who?|100/100|[from] item: Leftovers\n|upkeep\n|turn|11\n|\n|t:|1776132262\n|move|p2a: Chubb|Solar Beam||[still]\n|-prepare|p2a: Chubb|Solar Beam\n|move|p1b: Chimecho|Flash Cannon|p2a: Chubb\n|-damage|p2a: Chubb|20/100\n|move|p2b: You Who?|Flash Cannon|p1b: Chimecho\n|-damage|p1b: Chimecho|74/100\n|\n|upkeep\n|turn|12\n|\n|t:|1776132273\n|move|p2a: Chubb|Solar Beam|p1b: Chimecho|[from] lockedmove\n|-damage|p1b: Chimecho|27/100\n|move|p1b: Chimecho|Flash Cannon|p2a: Chubb\n|-damage|p2a: Chubb|0 fnt\n|faint|p2a: Chubb\n|move|p2b: You Who?|Flash Cannon|p1b: Chimecho\n|-damage|p1b: Chimecho|20/100\n|\n|upkeep\n|turn|13\n|\n|t:|1776132283\n|move|p2b: You Who?|Flash Cannon|p1b: Chimecho\n|-damage|p1b: Chimecho|11/100\n|move|p1b: Chimecho|Recover|p1b: Chimecho\n|-heal|p1b: Chimecho|61/100\n|\n|upkeep\n|turn|14\n|\n|t:|1776132290\n|move|p1b: Chimecho|Recover|p1b: Chimecho\n|-heal|p1b: Chimecho|100/100\n|move|p2b: You Who?|Flash Cannon|p1b: Chimecho\n|-damage|p1b: Chimecho|93/100\n|\n|upkeep\n|turn|15\n|\n|t:|1776132297\n|move|p2b: You Who?|Dazzling Gleam|p1b: Chimecho\n|-damage|p1b: Chimecho|85/100\n|move|p1b: Chimecho|Flash Cannon|p2b: You Who?\n|-damage|p2b: You Who?|84/100\n|\n|-heal|p2b: You Who?|90/100|[from] item: Leftovers\n|upkeep\n|turn|16\n|\n|t:|1776132305\n|move|p2b: You Who?|Recover|p2b: You Who?\n|-heal|p2b: You Who?|100/100\n|move|p1b: Chimecho|Flash Cannon|p2b: You Who?\n|-damage|p2b: You Who?|86/100\n|\n|-heal|p2b: You Who?|91/100|[from] item: Leftovers\n|upkeep\n|turn|17\n|\n|t:|1776132315\n|move|p1b: Chimecho|Flash Cannon|p2b: You Who?\n|-damage|p2b: You Who?|75/100\n|move|p2b: You Who?|Recover|p2b: You Who?\n|-heal|p2b: You Who?|100/100\n|\n|upkeep\n|turn|18\n|\n|t:|1776132323\n|move|p2b: You Who?|Recover||[still]\n|-fail|p2b: You Who?|heal\n|move|p1b: Chimecho|Flash Cannon|p2b: You Who?\n|-damage|p2b: You Who?|84/100\n|\n|-heal|p2b: You Who?|90/100|[from] item: Leftovers\n|upkeep\n|turn|19\n|\n|t:|1776132332\n|move|p1b: Chimecho|Flash Cannon|p2b: You Who?\n|-damage|p2b: You Who?|75/100\n|move|p2b: You Who?|Recover|p2b: You Who?\n|-heal|p2b: You Who?|100/100\n|\n|upkeep\n|turn|20\n|\n|t:|1776132339\n|move|p1b: Chimecho|Flash Cannon|p2b: You Who?\n|-damage|p2b: You Who?|84/100\n|-unboost|p2b: You Who?|spd|1\n|move|p2b: You Who?|Recover|p2b: You Who?\n|-heal|p2b: You Who?|100/100\n|\n|upkeep\n|turn|21\n|inactive|RrrrrMemes9 has 30 seconds left.\n|\n|t:|1776132347\n|-activate|p2b: You Who?|move: Struggle\n|move|p2b: You Who?|Struggle|p1b: Chimecho\n|-damage|p1b: Chimecho|81/100\n|-damage|p2b: You Who?|75/100|[from] recoil\n|move|p1b: Chimecho|Flash Cannon|p2b: You Who?\n|-damage|p2b: You Who?|53/100\n|\n|-heal|p2b: You Who?|59/100|[from] item: Leftovers\n|upkeep\n|turn|22\n|inactive|RrrrrMemes9 has 30 seconds left this turn.\n|\n|t:|1776132355\n|-activate|p2b: You Who?|move: Struggle\n|move|p2b: You Who?|Struggle|p1b: Chimecho\n|-damage|p1b: Chimecho|77/100\n|-damage|p2b: You Who?|33/100|[from] recoil\n|move|p1b: Chimecho|Flash Cannon|p2b: You Who?\n|-damage|p2b: You Who?|11/100\n|\n|-heal|p2b: You Who?|17/100|[from] item: Leftovers\n|upkeep\n|turn|23\n|inactive|RrrrrMemes9 has 25 seconds left this turn.\n|inactive|RrrrrMemes9 has 20 seconds left.\n|\n|t:|1776132365\n|-activate|p2b: You Who?|move: Struggle\n|move|p2b: You Who?|Struggle|p1b: Chimecho\n|-damage|p1b: Chimecho|73/100\n|-damage|p2b: You Who?|0 fnt|[from] recoil\n|faint|p2b: You Who?\n|\n|win|Menrad\n||RrrrrMemes9 is ready for game 3.\n|inactive|Menrad has 30 seconds to confirm battle start!\n|inactive|Menrad has 20 seconds to confirm battle start!\n|l|\u2606RrrrrMemes9\n|player|p2|\n|inactive|Menrad has 10 seconds to confirm battle start!\n|uhtml|next|Next: <a href=\"/battle-gen9championsvgc2026regma-2583002808\"><strong>Game 3 of 3</strong></a>\n",
  "uploadtime": 1776133099,
  "views": 9,
  "formatid": "gen9championsvgc2026regma",
  "rating": null,
  "private": 0,
  "password": null
}