{
  "id": "gen9championsvgc2026regma-2587336209",
  "format": "[Gen 9 Champions] VGC 2026 Reg M-A",
  "players": [
    "hide on whimscott",
    "jpw234"
  ],
  "log": "|j|\u2606hide on whimscott\n|j|\u2606jpw234\n|t:|1776523152\n|gametype|doubles\n|player|p1|hide on whimscott|artist-gen4|1463\n|player|p2|jpw234|265|1597\n|gen|9\n|tier|[Gen 9 Champions] VGC 2026 Reg M-A\n|rated|\n|rule|Species Clause: Limit one of each Pok\u00e9mon\n|rule|Item Clause: Limit 1 of each item\n|clearpoke\n|poke|p1|Venusaur, L50, M|\n|poke|p1|Sneasler, L50, M|\n|poke|p1|Kingambit, L50, M|\n|poke|p1|Incineroar, L50, M|\n|poke|p1|Basculegion, L50, M|\n|poke|p1|Rotom-Wash, L50|\n|poke|p2|Bellibolt, L50, M|\n|poke|p2|Abomasnow, L50, F|\n|poke|p2|Mimikyu, L50, F|\n|poke|p2|Garchomp, L50, M|\n|poke|p2|Araquanid, L50, F|\n|poke|p2|Arcanine, L50, M|\n|teampreview|4\n|inactive|Battle timer is ON: inactive players will automatically lose when time's up. (requested by jpw234)\n|inactive|hide on whimscott has 60 seconds left.\n|inactive|jpw234 has 60 seconds left.\n|\n|t:|1776523205\n|teamsize|p1|4\n|teamsize|p2|4\n|start\n|switch|p1a: Basculegion|Basculegion, L50, M|100/100\n|switch|p1b: Venusaur|Venusaur, L50, M|100/100\n|switch|p2a: Mimikyu|Mimikyu, L50, F|100/100\n|switch|p2b: Bellibolt|Bellibolt, L50, M|100/100\n|turn|1\n|\n|t:|1776523216\n|detailschange|p1b: Venusaur|Venusaur-Mega, L50, M\n|-mega|p1b: Venusaur|Venusaur|Venusaurite\n|move|p2a: Mimikyu|Protect|p2a: Mimikyu\n|-singleturn|p2a: Mimikyu|Protect\n|move|p1a: Basculegion|Flip Turn|p2a: Mimikyu\n|-activate|p2a: Mimikyu|move: Protect\n|move|p1b: Venusaur|Leech Seed|p2b: Bellibolt\n|-start|p2b: Bellibolt|move: Leech Seed\n|move|p2b: Bellibolt|Parabolic Charge|p1b: Venusaur|[spread] p1a,p1b\n|-activate|p2a: Mimikyu|move: Protect\n|-supereffective|p1a: Basculegion|1\n|-resisted|p1b: Venusaur|1\n|-damage|p1a: Basculegion|39/100\n|-damage|p1b: Venusaur|90/100\n|\n|-damage|p2b: Bellibolt|88/100|[from] Leech Seed|[of] p1b: Venusaur\n|-heal|p1b: Venusaur|100/100|[silent]\n|upkeep\n|turn|2\n|\n|t:|1776523236\n|move|p1a: Basculegion|Flip Turn|p2a: Mimikyu\n|-activate|p2a: Mimikyu|ability: Disguise\n|-damage|p2a: Mimikyu|100/100\n|detailschange|p2a: Mimikyu|Mimikyu-Busted, L50, F\n|-damage|p2a: Mimikyu|88/100|[from] pokemon: Mimikyu-Busted\n|\n|t:|1776523242\n|switch|p1a: Incineroar|Incineroar, L50, M|100/100|[from] Flip Turn\n|-ability|p1a: Incineroar|Intimidate|boost\n|-unboost|p2a: Mimikyu|atk|1\n|-unboost|p2b: Bellibolt|atk|1\n|move|p1b: Venusaur|Earth Power|p2b: Bellibolt\n|-supereffective|p2b: Bellibolt|1\n|-damage|p2b: Bellibolt|42/100\n|-start|p2b: Bellibolt|Charge|Earth Power|[from] ability: Electromorphosis\n|move|p2a: Mimikyu|Will-O-Wisp|p1b: Venusaur\n|-status|p1b: Venusaur|brn\n|move|p2b: Bellibolt|Parabolic Charge|p1b: Venusaur|[spread] p2a,p1a,p1b\n|-resisted|p1b: Venusaur|1\n|-damage|p2a: Mimikyu|41/100\n|-heal|p2b: Bellibolt|59/100|[from] drain|[of] p2a: Mimikyu\n|-damage|p1a: Incineroar|60/100\n|-heal|p2b: Bellibolt|78/100|[from] drain|[of] p1a: Incineroar\n|-damage|p1b: Venusaur|78/100 brn\n|-heal|p2b: Bellibolt|88/100|[from] drain|[of] p1b: Venusaur\n|-end|p2b: Bellibolt|Charge|[silent]\n|\n|-damage|p2b: Bellibolt|75/100|[from] Leech Seed|[of] p1b: Venusaur\n|-heal|p1b: Venusaur|92/100 brn|[silent]\n|-damage|p1b: Venusaur|87/100 brn|[from] brn\n|upkeep\n|turn|3\n|\n|t:|1776523263\n|switch|p2a: Garchomp|Garchomp, L50, M|100/100\n|switch|p2b: Arcanine|Arcanine, L50, M|100/100\n|-ability|p2b: Arcanine|Intimidate|boost\n|-unboost|p1a: Incineroar|atk|1\n|-unboost|p1b: Venusaur|atk|1\n|move|p1b: Venusaur|Leech Seed|p2a: Garchomp\n|-start|p2a: Garchomp|move: Leech Seed\n|move|p1a: Incineroar|Parting Shot|p2b: Arcanine\n|-unboost|p2b: Arcanine|atk|1\n|-unboost|p2b: Arcanine|spa|1\n|\n|t:|1776523275\n|switch|p1a: Basculegion|Basculegion, L50, M|39/100|[from] Parting Shot\n|\n|-damage|p2a: Garchomp|88/100|[from] Leech Seed|[of] p1b: Venusaur\n|-heal|p1b: Venusaur|99/100 brn|[silent]\n|-damage|p1b: Venusaur|93/100 brn|[from] brn\n|upkeep\n|turn|4\n|\n|t:|1776523294\n|switch|p2b: Mimikyu|Mimikyu-Busted, L50, F|41/100\n|move|p2a: Garchomp|Rock Slide|p1b: Venusaur|[spread] p1b\n|-miss|p2a: Garchomp|p1a: Basculegion\n|-damage|p1b: Venusaur|80/100 brn\n|move|p1a: Basculegion|Flip Turn|p2a: Garchomp\n|-damage|p2a: Garchomp|52/100\n|-damage|p1a: Basculegion|27/100|[from] ability: Rough Skin|[of] p2a: Garchomp\n|\n|t:|1776523304\n|switch|p1a: Incineroar|Incineroar, L50, M|60/100|[from] Flip Turn\n|-ability|p1a: Incineroar|Intimidate|boost\n|-unboost|p2a: Garchomp|atk|1\n|-unboost|p2b: Mimikyu|atk|1\n|move|p1b: Venusaur|Leech Seed|p2b: Mimikyu\n|-start|p2b: Mimikyu|move: Leech Seed\n|\n|-damage|p2a: Garchomp|40/100|[from] Leech Seed|[of] p1b: Venusaur\n|-heal|p1b: Venusaur|92/100 brn|[silent]\n|-damage|p2b: Mimikyu|29/100|[from] Leech Seed|[of] p1b: Venusaur\n|-heal|p1b: Venusaur|100/100 brn|[silent]\n|-damage|p1b: Venusaur|95/100 brn|[from] brn\n|upkeep\n|turn|5\n|\n|t:|1776523320\n|switch|p2a: Arcanine|Arcanine, L50, M|100/100\n|-ability|p2a: Arcanine|Intimidate|boost\n|-unboost|p1a: Incineroar|atk|1\n|-unboost|p1b: Venusaur|atk|1\n|switch|p2b: Bellibolt|Bellibolt, L50, M|75/100\n|move|p1b: Venusaur|Earth Power|p2a: Arcanine\n|-supereffective|p2a: Arcanine|1\n|-damage|p2a: Arcanine|42/100\n|move|p1a: Incineroar|Flare Blitz|p2b: Bellibolt\n|-damage|p2b: Bellibolt|48/100\n|-status|p2b: Bellibolt|brn\n|-start|p2b: Bellibolt|Charge|Flare Blitz|[from] ability: Electromorphosis\n|-damage|p1a: Incineroar|50/100|[from] Recoil\n|-enditem|p1a: Incineroar|Sitrus Berry|[eat]\n|-heal|p1a: Incineroar|75/100|[from] item: Sitrus Berry\n|\n|-heal|p2a: Arcanine|48/100|[from] item: Leftovers\n|-damage|p1b: Venusaur|89/100 brn|[from] brn\n|-damage|p2b: Bellibolt|42/100 brn|[from] brn\n|upkeep\n|turn|6\n|\n|t:|1776523338\n|move|p1b: Venusaur|Leech Seed|p2b: Bellibolt\n|-start|p2b: Bellibolt|move: Leech Seed\n|move|p2a: Arcanine|Flare Blitz|p1b: Venusaur\n|-supereffective|p1b: Venusaur|1\n|-damage|p1b: Venusaur|46/100 brn\n|-damage|p2a: Arcanine|35/100|[from] Recoil\n|move|p1a: Incineroar|Parting Shot|p2b: Bellibolt\n|-unboost|p2b: Bellibolt|atk|1\n|-unboost|p2b: Bellibolt|spa|1\n|\n|t:|1776523346\n|switch|p1a: Kingambit|Kingambit, L50, M|100/100|[from] Parting Shot\n|move|p2b: Bellibolt|Thunderbolt|p1a: Kingambit\n|-damage|p1a: Kingambit|29/100\n|-end|p2b: Bellibolt|Charge|[silent]\n|\n|-heal|p2a: Arcanine|41/100|[from] item: Leftovers\n|-damage|p2b: Bellibolt|29/100 brn|[from] Leech Seed|[of] p1b: Venusaur\n|-heal|p1b: Venusaur|60/100 brn|[silent]\n|-damage|p1b: Venusaur|55/100 brn|[from] brn\n|-damage|p2b: Bellibolt|23/100 brn|[from] brn\n|upkeep\n|turn|7\n|inactive|hide on whimscott has 30 seconds left.\n|inactive|hide on whimscott has 20 seconds left.\n|inactive|hide on whimscott has 15 seconds left.\n|inactive|hide on whimscott has 10 seconds left.\n|\n|t:|1776523394\n|switch|p1a: Incineroar|Incineroar, L50, M|75/100\n|-ability|p1a: Incineroar|Intimidate|boost\n|-unboost|p2a: Arcanine|atk|1\n|-unboost|p2b: Bellibolt|atk|1\n|move|p1b: Venusaur|Earth Power|p2b: Bellibolt\n|-supereffective|p2b: Bellibolt|1\n|-damage|p2b: Bellibolt|0 fnt\n|faint|p2b: Bellibolt\n|move|p2a: Arcanine|Will-O-Wisp|p1a: Incineroar|[miss]\n|-miss|p2a: Arcanine|p1a: Incineroar\n|\n|-heal|p2a: Arcanine|47/100|[from] item: Leftovers\n|-damage|p1b: Venusaur|49/100 brn|[from] brn\n|upkeep\n|\n|t:|1776523402\n|switch|p2b: Garchomp|Garchomp, L50, M|40/100\n|turn|8\n|\n|t:|1776523413\n|move|p1a: Incineroar|Fake Out|p2b: Garchomp\n|-damage|p2b: Garchomp|29/100\n|-damage|p1a: Incineroar|63/100|[from] ability: Rough Skin|[of] p2b: Garchomp\n|cant|p2b: Garchomp|flinch\n|move|p1b: Venusaur|Earth Power|p2a: Arcanine\n|-supereffective|p2a: Arcanine|1\n|-damage|p2a: Arcanine|0 fnt\n|faint|p2a: Arcanine\n|\n|-damage|p1b: Venusaur|43/100 brn|[from] brn\n|upkeep\n|\n|t:|1776523419\n|switch|p2a: Mimikyu|Mimikyu-Busted, L50, F|29/100\n|turn|9\n|j| jasonrfry\n|\n|t:|1776523430\n|switch|p1a: Kingambit|Kingambit, L50, M|29/100\n|move|p1b: Venusaur|Protect|p1b: Venusaur\n|-singleturn|p1b: Venusaur|Protect\n|move|p2b: Garchomp|Rock Slide|p1b: Venusaur|[spread] p1a\n|-activate|p1b: Venusaur|move: Protect\n|-resisted|p1a: Kingambit|1\n|-damage|p1a: Kingambit|23/100\n|move|p2a: Mimikyu|Play Rough|p1b: Venusaur\n|-activate|p1b: Venusaur|move: Protect\n|\n|-damage|p1b: Venusaur|37/100 brn|[from] brn\n|upkeep\n|turn|10\n|-message|jpw234 forfeited.\n|\n|win|hide on whimscott\n|raw|hide on whimscott's rating: 1463 &rarr; <strong>1490</strong><br />(+27 for winning)\n|raw|jpw234's rating: 1597 &rarr; <strong>1570</strong><br />(-27 for losing)\n",
  "uploadtime": 1776523441,
  "views": 47,
  "formatid": "gen9championsvgc2026regma",
  "rating": 1490,
  "private": 0,
  "password": null
}