{
  "id": "gen9championsvgc2026regma-2586460078",
  "format": "[Gen 9 Champions] VGC 2026 Reg M-A",
  "players": [
    "Pastor/Sinner",
    "VivaPardini"
  ],
  "log": "|j|\u2606Pastor/Sinner\n|j|\u2606VivaPardini\n|t:|1776436198\n|gametype|doubles\n|player|p1|Pastor/Sinner|2|1157\n|player|p2|VivaPardini|266|1196\n|gen|9\n|tier|[Gen 9 Champions] VGC 2026 Reg M-A\n|rated|\n|rule|Species Clause: Limit one of each Pok\u00e9mon\n|rule|Item Clause: Limit 1 of each item\n|clearpoke\n|poke|p1|Tyranitar, L50, F|\n|poke|p1|Froslass, L50, F|\n|poke|p1|Aerodactyl, L50, M|\n|poke|p1|Vanilluxe, L50, M|\n|poke|p1|Milotic, L50, F|\n|poke|p1|Arcanine-Hisui, L50, M|\n|poke|p2|Maushold-Four, L50|\n|poke|p2|Incineroar, L50, M|\n|poke|p2|Rotom-Wash, L50|\n|poke|p2|Garchomp, L50, M|\n|poke|p2|Gardevoir, L50, F|\n|poke|p2|Gengar, L50, F|\n|teampreview|4\n|inactive|Battle timer is ON: inactive players will automatically lose when time's up. (requested by Pastor/Sinner)\n|inactive|VivaPardini has 60 seconds left.\n|\n|t:|1776436289\n|teamsize|p1|4\n|teamsize|p2|4\n|start\n|switch|p1a: Drumsticks|Vanilluxe, L50, M|100/100\n|switch|p1b: Ten Twinkies|Milotic, L50, F, shiny|100/100\n|switch|p2a: Incineroar|Incineroar, L50, M|100/100\n|switch|p2b: Rotom|Rotom-Wash, L50|100/100\n|-weather|Snowscape|[from] ability: Snow Warning|[of] p1a: Drumsticks\n|-ability|p2a: Incineroar|Intimidate|boost\n|-unboost|p1a: Drumsticks|atk|1\n|-unboost|p1b: Ten Twinkies|atk|1\n|-ability|p1b: Ten Twinkies|Competitive|boost\n|-boost|p1b: Ten Twinkies|spa|2\n|turn|1\n|\n|t:|1776436304\n|move|p1b: Ten Twinkies|Protect|p1b: Ten Twinkies\n|-singleturn|p1b: Ten Twinkies|Protect\n|move|p2a: Incineroar|Fake Out|p1b: Ten Twinkies\n|-activate|p1b: Ten Twinkies|move: Protect\n|move|p2b: Rotom|Light Screen|p2b: Rotom\n|-sidestart|p2: VivaPardini|move: Light Screen\n|move|p1a: Drumsticks|Aurora Veil|p1a: Drumsticks\n|-sidestart|p1: Pastor/Sinner|move: Aurora Veil\n|\n|-weather|Snowscape|[upkeep]\n|upkeep\n|turn|2\n|inactive|VivaPardini has 30 seconds left.\n|\n|t:|1776436331\n|move|p2b: Rotom|Hydro Pump|p1a: Drumsticks|[miss]\n|-miss|p2b: Rotom|p1a: Drumsticks\n|move|p1b: Ten Twinkies|Muddy Water|p2b: Rotom|[spread] p2a\n|-miss|p1b: Ten Twinkies|p2b: Rotom\n|-supereffective|p2a: Incineroar|1\n|-enditem|p2a: Incineroar|Passho Berry|[eat]\n|-enditem|p2a: Incineroar|Passho Berry|[weaken]\n|-damage|p2a: Incineroar|66/100\n|move|p1a: Drumsticks|Freeze-Dry|p2b: Rotom\n|-supereffective|p2b: Rotom|1\n|-damage|p2b: Rotom|44/100\n|-enditem|p2b: Rotom|Sitrus Berry|[eat]\n|-heal|p2b: Rotom|69/100|[from] item: Sitrus Berry\n|move|p2a: Incineroar|Flare Blitz|p1a: Drumsticks\n|-supereffective|p1a: Drumsticks|1\n|-damage|p1a: Drumsticks|50/100\n|-damage|p2a: Incineroar|53/100|[from] Recoil\n|\n|-weather|Snowscape|[upkeep]\n|upkeep\n|turn|3\n|inactive|VivaPardini has 30 seconds left.\n|\n|t:|1776436359\n|switch|p2a: Gardevoir|Gardevoir, L50, F|100/100\n|move|p2b: Rotom|Discharge|p1a: Drumsticks|[spread] p1a,p1b\n|-activate|p2a: Gardevoir|ability: Telepathy\n|-supereffective|p1b: Ten Twinkies|1\n|-damage|p1a: Drumsticks|32/100\n|-damage|p1b: Ten Twinkies|78/100\n|-status|p1a: Drumsticks|par\n|move|p1b: Ten Twinkies|Muddy Water|p2b: Rotom|[spread] p2a,p2b\n|-resisted|p2b: Rotom|1\n|-damage|p2a: Gardevoir|71/100\n|-damage|p2b: Rotom|50/100\n|move|p1a: Drumsticks|Freeze-Dry|p2b: Rotom\n|-supereffective|p2b: Rotom|1\n|-damage|p2b: Rotom|1/100\n|\n|-weather|Snowscape|[upkeep]\n|-heal|p1b: Ten Twinkies|84/100|[from] item: Leftovers\n|upkeep\n|turn|4\n|inactive|VivaPardini has 30 seconds left.\n|\n|t:|1776436391\n|move|p2b: Rotom|Discharge|p1b: Ten Twinkies|[spread] p1a,p1b\n|-activate|p2a: Gardevoir|ability: Telepathy\n|-supereffective|p1b: Ten Twinkies|1\n|-damage|p1a: Drumsticks|12/100 par\n|-damage|p1b: Ten Twinkies|61/100\n|move|p1b: Ten Twinkies|Muddy Water|p2b: Rotom|[spread] p2a,p2b\n|-resisted|p2b: Rotom|1\n|-damage|p2a: Gardevoir|40/100\n|-damage|p2b: Rotom|0 fnt\n|-unboost|p2a: Gardevoir|accuracy|1\n|faint|p2b: Rotom\n|move|p1a: Drumsticks|Blizzard|p2a: Gardevoir\n|-damage|p2a: Gardevoir|8/100\n|move|p2a: Gardevoir|Trick Room|p2a: Gardevoir\n|-fieldstart|move: Trick Room|[of] p2a: Gardevoir\n|\n|-weather|Snowscape|[upkeep]\n|-heal|p1b: Ten Twinkies|67/100|[from] item: Leftovers\n|upkeep\n|\n|t:|1776436408\n|switch|p2b: Incineroar|Incineroar, L50, M|53/100\n|-ability|p2b: Incineroar|Intimidate|boost\n|-unboost|p1a: Drumsticks|atk|1\n|-unboost|p1b: Ten Twinkies|atk|1\n|-ability|p1b: Ten Twinkies|Competitive|boost\n|-boost|p1b: Ten Twinkies|spa|2\n|turn|5\n|\n|t:|1776436422\n|detailschange|p2a: Gardevoir|Gardevoir-Mega, L50, F\n|-mega|p2a: Gardevoir|Gardevoir|Gardevoirite\n|move|p1a: Drumsticks|Protect|p1a: Drumsticks\n|-singleturn|p1a: Drumsticks|Protect\n|move|p1b: Ten Twinkies|Protect|p1b: Ten Twinkies\n|-singleturn|p1b: Ten Twinkies|Protect\n|move|p2b: Incineroar|Fake Out|p1b: Ten Twinkies\n|-activate|p1b: Ten Twinkies|move: Protect\n|move|p2a: Gardevoir|Hyper Voice|p1a: Drumsticks|[spread] \n|-activate|p1a: Drumsticks|move: Protect\n|-activate|p1b: Ten Twinkies|move: Protect\n|\n|-weather|none\n|-heal|p1b: Ten Twinkies|73/100|[from] item: Leftovers\n|-sideend|p2: VivaPardini|move: Light Screen\n|-sideend|p1: Pastor/Sinner|move: Aurora Veil\n|upkeep\n|turn|6\n|\n|t:|1776436443\n|move|p1a: Drumsticks|Freeze-Dry|p2a: Gardevoir\n|-damage|p2a: Gardevoir|0 fnt\n|faint|p2a: Gardevoir\n|move|p2b: Incineroar|Flare Blitz|p1b: Ten Twinkies\n|-resisted|p1b: Ten Twinkies|1\n|-damage|p1b: Ten Twinkies|52/100\n|-damage|p2b: Incineroar|46/100|[from] Recoil\n|move|p1b: Ten Twinkies|Muddy Water|p2b: Incineroar\n|-supereffective|p2b: Incineroar|1\n|-damage|p2b: Incineroar|0 fnt\n|faint|p2b: Incineroar\n|\n|-heal|p1b: Ten Twinkies|58/100|[from] item: Leftovers\n|upkeep\n|-message|VivaPardini forfeited.\n|\n|win|Pastor/Sinner\n|raw|Pastor&#x2f;Sinner's rating: 1157 &rarr; <strong>1185</strong><br />(+28 for winning)\n|raw|VivaPardini's rating: 1196 &rarr; <strong>1168</strong><br />(-28 for losing)\n|l|\u2606VivaPardini\n|player|p2|\n",
  "uploadtime": 1776436471,
  "views": 34,
  "formatid": "gen9championsvgc2026regma",
  "rating": 1168,
  "private": 0,
  "password": null
}