{
  "id": "gen9championsvgc2026regma-2585986532",
  "format": "[Gen 9 Champions] VGC 2026 Reg M-A",
  "players": [
    "h2obama",
    "jnfjcksdjvismf"
  ],
  "log": "|j|\u2606h2obama\n|j|\u203djnfjcksdjvismf\n|t:|1776387746\n|gametype|doubles\n|player|p1|h2obama|266|1117\n|player|p2|jnfjcksdjvismf|gentleman-gen4|1040\n|gen|9\n|tier|[Gen 9 Champions] VGC 2026 Reg M-A\n|rated|\n|rule|Species Clause: Limit one of each Pok\u00e9mon\n|rule|Item Clause: Limit 1 of each item\n|clearpoke\n|poke|p1|Pinsir, L50, F|\n|poke|p1|Rotom-Wash, L50|\n|poke|p1|Garchomp, L50, M|\n|poke|p1|Tinkaton, L50, F|\n|poke|p1|Talonflame, L50, F|\n|poke|p1|Raichu, L50, F|\n|poke|p2|Basculegion, L50, M|\n|poke|p2|Archaludon, L50, M|\n|poke|p2|Pelipper, L50, M|\n|poke|p2|Meganium, L50, M|\n|poke|p2|Drampa, L50, M|\n|poke|p2|Sinistcha-Masterpiece, L50|\n|teampreview|4\n|\n|t:|1776387777\n|teamsize|p1|4\n|teamsize|p2|4\n|start\n|switch|p1a: Raichu|Raichu, L50, F|100/100\n|switch|p1b: Pinsir|Pinsir, L50, F|100/100\n|switch|p2a: Pelipper|Pelipper, L50, M|100/100\n|switch|p2b: Archaludon|Archaludon, L50, M, shiny|100/100\n|-weather|RainDance|[from] ability: Drizzle|[of] p2a: Pelipper\n|turn|1\n|\n|t:|1776387797\n|detailschange|p1b: Pinsir|Pinsir-Mega, L50, F\n|-mega|p1b: Pinsir|Pinsir|Pinsirite\n|move|p1b: Pinsir|Feint|p2a: Pelipper\n|-damage|p2a: Pelipper|79/100\n|move|p1a: Raichu|Thunderbolt|p2a: Pelipper\n|-supereffective|p2a: Pelipper|2\n|-damage|p2a: Pelipper|0 fnt\n|faint|p2a: Pelipper\n|move|p2b: Archaludon|Electro Shot||[still]\n|-prepare|p2b: Archaludon|Electro Shot\n|-boost|p2b: Archaludon|spa|1\n|-anim|p2b: Archaludon|Electro Shot|p1b: Pinsir\n|-supereffective|p1b: Pinsir|1\n|-damage|p1b: Pinsir|0 fnt\n|faint|p1b: Pinsir\n|\n|-weather|RainDance|[upkeep]\n|upkeep\n|c|\u2606h2obama|It's always somehow the worst possible ability\n|c|\u2606h2obama|schroedinger's archaludon\n|\n|t:|1776387835\n|switch|p1b: Rotom|Rotom-Wash, L50|100/100\n|switch|p2a: Drampa|Drampa, L50, M|100/100\n|turn|2\n|\n|t:|1776387861\n|detailschange|p2a: Drampa|Drampa-Mega, L50, M\n|-mega|p2a: Drampa|Drampa|Drampanite\n|move|p1b: Rotom|Hydro Pump|p2b: Archaludon\n|-resisted|p2b: Archaludon|1\n|-crit|p2b: Archaludon\n|-damage|p2b: Archaludon|39/100\n|move|p1a: Raichu|Nuzzle|p2a: Drampa\n|-resisted|p2a: Drampa|1\n|-damage|p2a: Drampa|97/100\n|-status|p2a: Drampa|par\n|move|p2b: Archaludon|Electro Shot||[still]\n|-prepare|p2b: Archaludon|Electro Shot\n|-boost|p2b: Archaludon|spa|1\n|-anim|p2b: Archaludon|Electro Shot|p1a: Raichu\n|-ability|p1a: Raichu|Lightning Rod|boost\n|-boost|p1a: Raichu|spa|1\n|move|p2a: Drampa|Thunder|p1a: Raichu\n|-activate|p1a: Raichu|ability: Lightning Rod\n|-ability|p1a: Raichu|Lightning Rod|boost\n|-boost|p1a: Raichu|spa|1\n|\n|-weather|RainDance|[upkeep]\n|upkeep\n|turn|3\n|\n|t:|1776387887\n|move|p1b: Rotom|Hydro Pump|p2b: Archaludon\n|-resisted|p2b: Archaludon|1\n|-damage|p2b: Archaludon|0 fnt\n|faint|p2b: Archaludon\n|move|p1a: Raichu|Encore|p2a: Drampa\n|-start|p2a: Drampa|Encore\n|move|p2a: Drampa|Thunder|p1a: Raichu\n|-activate|p1a: Raichu|ability: Lightning Rod\n|-ability|p1a: Raichu|Lightning Rod|boost\n|-boost|p1a: Raichu|spa|1\n|\n|-weather|RainDance|[upkeep]\n|upkeep\n|\n|t:|1776387893\n|switch|p2b: Sinistcha|Sinistcha-Masterpiece, L50, shiny|100/100\n|-heal|p2a: Drampa|100/100 par|[from] ability: Hospitality|[of] p2b: Sinistcha\n|turn|4\n|\n|t:|1776387912\n|switch|p1b: Tinkaton|Tinkaton, L50, F|100/100\n|move|p1a: Raichu|Nuzzle|p2b: Sinistcha\n|-resisted|p2b: Sinistcha|1\n|-damage|p2b: Sinistcha|96/100\n|-status|p2b: Sinistcha|par\n|move|p2b: Sinistcha|Matcha Gotcha|p1a: Raichu|[spread] p1a,p1b\n|-resisted|p1b: Tinkaton|1\n|-damage|p1a: Raichu|57/100\n|-heal|p2b: Sinistcha|100/100 par|[from] drain|[of] p1a: Raichu\n|-damage|p1b: Tinkaton|88/100\n|cant|p2a: Drampa|par\n|\n|-weather|RainDance|[upkeep]\n|upkeep\n|turn|5\n|\n|t:|1776387932\n|move|p1a: Raichu|Thunderbolt|p2b: Sinistcha\n|-resisted|p2b: Sinistcha|1\n|-damage|p2b: Sinistcha|65/100 par\n|move|p1b: Tinkaton|Knock Off|p2b: Sinistcha\n|-supereffective|p2b: Sinistcha|1\n|-damage|p2b: Sinistcha|19/100 par\n|-enditem|p2b: Sinistcha|Sitrus Berry|[from] move: Knock Off|[of] p1b: Tinkaton\n|cant|p2b: Sinistcha|par\n|move|p2a: Drampa|Thunder|p1a: Raichu\n|-ability|p1a: Raichu|Lightning Rod|boost\n|-boost|p1a: Raichu|spa|1\n|\n|-weather|none\n|-end|p2a: Drampa|Encore\n|upkeep\n|turn|6\n|\n|t:|1776387952\n|move|p1a: Raichu|Encore|p2a: Drampa\n|-start|p2a: Drampa|Encore\n|move|p1b: Tinkaton|Knock Off|p2b: Sinistcha\n|-supereffective|p2b: Sinistcha|1\n|-damage|p2b: Sinistcha|0 fnt\n|faint|p2b: Sinistcha\n|move|p2a: Drampa|Thunder|p1a: Raichu\n|-ability|p1a: Raichu|Lightning Rod|boost\n|-boost|p1a: Raichu|spa|1\n|\n|upkeep\n|turn|7\n|-message|jnfjcksdjvismf forfeited.\n|\n|win|h2obama\n|raw|h2obama's rating: 1117 &rarr; <strong>1137</strong><br />(+20 for winning)\n|raw|jnfjcksdjvismf's rating: 1040 &rarr; <strong>1027</strong><br />(-13 for losing)\n|l|\u203djnfjcksdjvismf\n|player|p2|\n",
  "uploadtime": 1776387963,
  "views": 27,
  "formatid": "gen9championsvgc2026regma",
  "rating": 1027,
  "private": 0,
  "password": null
}