{
  "id": "gen9championsvgc2026regma-2583946390",
  "format": "[Gen 9 Champions] VGC 2026 Reg M-A",
  "players": [
    "eazyz bear",
    "kingdododo"
  ],
  "log": "|j|\u2606eazyz bear\n|j|\u2606kingdododo\n|t:|1776210710\n|gametype|doubles\n|player|p1|eazyz bear|dragontamer|1150\n|player|p2|kingdododo|sage|1115\n|gen|9\n|tier|[Gen 9 Champions] VGC 2026 Reg M-A\n|rated|\n|rule|Species Clause: Limit one of each Pok\u00e9mon\n|rule|Item Clause: Limit 1 of each item\n|clearpoke\n|poke|p1|Pelipper, L50, F|\n|poke|p1|Dragonite, L50, M|\n|poke|p1|Basculegion, L50, M|\n|poke|p1|Archaludon, L50, F|\n|poke|p1|Sneasler, L50, F|\n|poke|p1|Rotom-Heat, L50|\n|poke|p2|Tyranitar, L50, M|\n|poke|p2|Rotom-Wash, L50|\n|poke|p2|Garchomp, L50, F|\n|poke|p2|Aerodactyl, L50, M|\n|poke|p2|Sinistcha, L50|\n|poke|p2|Sneasler, L50, M|\n|teampreview|4\n|inactive|Battle timer is ON: inactive players will automatically lose when time's up. (requested by kingdododo)\n|inactive|eazyz bear also wants the timer to be on.\n|inactive|kingdododo has 60 seconds left.\n|\n|t:|1776210742\n|teamsize|p1|4\n|teamsize|p2|4\n|start\n|switch|p1a: Basculegion|Basculegion, L50, M|100/100\n|switch|p1b: Sneasler|Sneasler, L50, F, shiny|100/100\n|switch|p2a: Aerodactyl|Aerodactyl, L50, M|100/100\n|switch|p2b: Tyranitar|Tyranitar, L50, M|100/100\n|-ability|p2a: Aerodactyl|Unnerve\n|-weather|Sandstorm|[from] ability: Sand Stream|[of] p2b: Tyranitar\n|turn|1\n|\n|t:|1776210764\n|switch|p2b: Rotom|Rotom-Wash, L50|100/100\n|move|p2a: Aerodactyl|Protect|p2a: Aerodactyl\n|-singleturn|p2a: Aerodactyl|Protect\n|move|p1b: Sneasler|Fake Out|p2a: Aerodactyl\n|-activate|p2a: Aerodactyl|move: Protect\n|move|p1a: Basculegion|Flip Turn|p2b: Rotom\n|-resisted|p2b: Rotom|1\n|-damage|p2b: Rotom|77/100\n|\n|t:|1776210769\n|switch|p1a: Pelipper|Pelipper, L50, F|100/100|[from] Flip Turn\n|-weather|RainDance|[from] ability: Drizzle|[of] p1a: Pelipper\n|\n|-weather|RainDance|[upkeep]\n|upkeep\n|turn|2\n|\n|t:|1776210789\n|move|p2b: Rotom|Electroweb|p1a: Pelipper|[spread] p1a,p1b\n|-supereffective|p1a: Pelipper|2\n|-enditem|p1a: Pelipper|Focus Sash\n|-damage|p1a: Pelipper|1/100\n|-damage|p1b: Sneasler|75/100\n|-unboost|p1a: Pelipper|spe|1\n|-unboost|p1b: Sneasler|spe|1\n|-enditem|p1b: Sneasler|White Herb\n|-clearnegativeboost|p1b: Sneasler|[silent]\n|move|p1b: Sneasler|Close Combat|p2b: Rotom\n|-damage|p2b: Rotom|0 fnt\n|-unboost|p1b: Sneasler|def|1\n|-unboost|p1b: Sneasler|spd|1\n|faint|p2b: Rotom\n|move|p2a: Aerodactyl|Tailwind|p2a: Aerodactyl\n|-sidestart|p2: kingdododo|move: Tailwind\n|move|p1a: Pelipper|Weather Ball|p2a: Aerodactyl\n|-supereffective|p2a: Aerodactyl|1\n|-enditem|p2a: Aerodactyl|Focus Sash\n|-damage|p2a: Aerodactyl|1/100\n|\n|-weather|RainDance|[upkeep]\n|upkeep\n|inactive|kingdododo has 30 seconds left.\n|inactive|kingdododo has 20 seconds left.\n|inactive|kingdododo has 15 seconds left.\n|\n|t:|1776210830\n|switch|p2b: Tyranitar|Tyranitar, L50, M|100/100\n|-weather|Sandstorm|[from] ability: Sand Stream|[of] p2b: Tyranitar\n|turn|3\n|\n|t:|1776210844\n|switch|p1a: Dragonite|Dragonite, L50, M|100/100\n|move|p1b: Sneasler|Protect|p1b: Sneasler\n|-singleturn|p1b: Sneasler|Protect\n|move|p2b: Tyranitar|Protect|p2b: Tyranitar\n|-singleturn|p2b: Tyranitar|Protect\n|move|p2a: Aerodactyl|Rock Slide|p1b: Sneasler|[spread] p1a\n|-activate|p1b: Sneasler|move: Protect\n|-supereffective|p1a: Dragonite|1\n|-damage|p1a: Dragonite|71/100\n|\n|-weather|Sandstorm|[upkeep]\n|-damage|p1b: Sneasler|69/100|[from] Sandstorm\n|-damage|p1a: Dragonite|65/100|[from] Sandstorm\n|upkeep\n|turn|4\n|\n|t:|1776210867\n|switch|p2b: Garchomp|Garchomp, L50, F|100/100\n|detailschange|p1a: Dragonite|Dragonite-Mega, L50, M\n|-mega|p1a: Dragonite|Dragonite|Dragoninite\n|move|p1b: Sneasler|Protect|p1b: Sneasler\n|-singleturn|p1b: Sneasler|Protect\n|move|p2a: Aerodactyl|Rock Slide|p1b: Sneasler|[spread] p1a\n|-activate|p1b: Sneasler|move: Protect\n|-supereffective|p1a: Dragonite|1\n|-damage|p1a: Dragonite|14/100\n|cant|p1a: Dragonite|flinch\n|\n|-weather|Sandstorm|[upkeep]\n|-damage|p1b: Sneasler|64/100|[from] Sandstorm\n|-damage|p1a: Dragonite|8/100|[from] Sandstorm\n|upkeep\n|turn|5\n|\n|t:|1776210889\n|move|p1b: Sneasler|Protect|p1b: Sneasler\n|-singleturn|p1b: Sneasler|Protect\n|move|p2a: Aerodactyl|Rock Slide|p1b: Sneasler|[spread] \n|-activate|p1b: Sneasler|move: Protect\n|-miss|p2a: Aerodactyl|p1a: Dragonite\n|move|p2b: Garchomp|Earthquake|p1b: Sneasler|[spread] \n|-activate|p1b: Sneasler|move: Protect\n|-immune|p2a: Aerodactyl\n|-immune|p1a: Dragonite\n|move|p1a: Dragonite|Tailwind|p1a: Dragonite\n|-sidestart|p1: eazyz bear|move: Tailwind\n|\n|-weather|Sandstorm|[upkeep]\n|-damage|p1b: Sneasler|58/100|[from] Sandstorm\n|-damage|p1a: Dragonite|2/100|[from] Sandstorm\n|-sideend|p2: kingdododo|move: Tailwind\n|upkeep\n|turn|6\n|c|\u2606kingdododo|triple protect?\n|c|\u2606kingdododo|really?\n|inactive|kingdododo has 30 seconds left.\n|\n|t:|1776210919\n|move|p1b: Sneasler|Dire Claw|p2a: Aerodactyl\n|-resisted|p2a: Aerodactyl|1\n|-damage|p2a: Aerodactyl|0 fnt\n|faint|p2a: Aerodactyl\n|move|p1a: Dragonite|Dragon Pulse|p2b: Garchomp\n|-supereffective|p2b: Garchomp|1\n|-damage|p2b: Garchomp|0 fnt\n|faint|p2b: Garchomp\n|\n|-weather|Sandstorm|[upkeep]\n|-damage|p1b: Sneasler|52/100|[from] Sandstorm\n|-damage|p1a: Dragonite|0 fnt|[from] Sandstorm\n|faint|p1a: Dragonite\n|upkeep\n|\n|t:|1776210933\n|switch|p2b: Tyranitar|Tyranitar, L50, M|100/100\n|switch|p1a: Basculegion|Basculegion, L50, M|100/100\n|turn|7\n|\n|t:|1776210940\n|detailschange|p2b: Tyranitar|Tyranitar-Mega, L50, M\n|-mega|p2b: Tyranitar|Tyranitar|Tyranitarite\n|move|p1b: Sneasler|Close Combat|p2b: Tyranitar\n|-supereffective|p2b: Tyranitar|2\n|-damage|p2b: Tyranitar|0 fnt\n|-unboost|p1b: Sneasler|def|1\n|-unboost|p1b: Sneasler|spd|1\n|faint|p2b: Tyranitar\n|\n|win|eazyz bear\n|raw|eazyz bear's rating: 1150 &rarr; <strong>1172</strong><br />(+22 for winning)\n|raw|kingdododo's rating: 1115 &rarr; <strong>1093</strong><br />(-22 for losing)\n|l|\u2606kingdododo\n|player|p2|\n|c|\u2606eazyz bear|Mb\n",
  "uploadtime": 1776210960,
  "views": 18,
  "formatid": "gen9championsvgc2026regma",
  "rating": 1093,
  "private": 0,
  "password": null
}