{
  "id": "gen9championsvgc2026regma-2580316494",
  "format": "[Gen 9 Champions] VGC 2026 Reg M-A",
  "players": [
    "brekfastbru",
    "Cheasleywithaw"
  ],
  "log": "|j|\u2606brekfastbru\n|j|\u2606Cheasleywithaw\n|t:|1775879609\n|gametype|doubles\n|player|p1|brekfastbru|battlegirl-gen4|1022\n|player|p2|Cheasleywithaw|266|1107\n|gen|9\n|tier|[Gen 9 Champions] VGC 2026 Reg M-A\n|rated|\n|rule|Species Clause: Limit one of each Pok\u00e9mon\n|rule|Item Clause: Limit 1 of each item\n|clearpoke\n|poke|p1|Floette-Eternal, L50, F|\n|poke|p1|Meganium, L50, F|\n|poke|p1|Politoed, L50, M|\n|poke|p1|Pelipper, L50, M|\n|poke|p1|Conkeldurr, L50, F|\n|poke|p1|Kingambit, L50, M|\n|poke|p2|Gengar, L50, M|\n|poke|p2|Incineroar, L50, M|\n|poke|p2|Farigiraf, L50, M|\n|poke|p2|Whimsicott, L50, M|\n|poke|p2|Garchomp, L50, M|\n|poke|p2|Rotom-Wash, L50|\n|teampreview|4\n|\n|t:|1775879645\n|teamsize|p1|4\n|teamsize|p2|4\n|start\n|switch|p1a: Goof|Pelipper, L50, M, shiny|100/100\n|switch|p1b: Grunk|Conkeldurr, L50, F|100/100\n|switch|p2a: Gengar|Gengar, L50, M|100/100\n|switch|p2b: Rotom|Rotom-Wash, L50|100/100\n|-weather|RainDance|[from] ability: Drizzle|[of] p1a: Goof\n|turn|1\n|\n|t:|1775879685\n|detailschange|p2a: Gengar|Gengar-Mega, L50, M\n|-mega|p2a: Gengar|Gengar|Gengarite\n|move|p2a: Gengar|Protect|p2a: Gengar\n|-singleturn|p2a: Gengar|Protect\n|move|p1b: Grunk|Protect|p1b: Grunk\n|-singleturn|p1b: Grunk|Protect\n|move|p2b: Rotom|Volt Switch|p1a: Goof\n|-supereffective|p1a: Goof|2\n|-crit|p1a: Goof\n|-enditem|p1a: Goof|Focus Sash\n|-damage|p1a: Goof|1/100\n|c|\u2606brekfastbru|Dont mega protect\n|\n|t:|1775879695\n|switch|p2b: Farigiraf|Farigiraf, L50, M|100/100|[from] Volt Switch\n|move|p1a: Goof|Tailwind|p1a: Goof\n|-sidestart|p1: brekfastbru|move: Tailwind\n|\n|-weather|RainDance|[upkeep]\n|upkeep\n|turn|2\n|c|\u2606brekfastbru|It just gives away info for nothing\n|c|\u2606Cheasleywithaw|It has a purpose\n|c|\u2606Cheasleywithaw|It's that I get shadow tag\n|\n|t:|1775879761\n|switch|p2a: Rotom|Rotom-Wash, L50|100/100\n|move|p1a: Goof|Hurricane|p2a: Rotom\n|-resisted|p2a: Rotom|1\n|-damage|p2a: Rotom|67/100\n|-start|p2a: Rotom|confusion\n|move|p1b: Grunk|Ice Punch|p2a: Rotom\n|-resisted|p2a: Rotom|1\n|-damage|p2a: Rotom|44/100\n|move|p2b: Farigiraf|Trick Room|p2b: Farigiraf\n|-fieldstart|move: Trick Room|[of] p2b: Farigiraf\n|\n|-weather|RainDance|[upkeep]\n|upkeep\n|turn|3\n|\n|t:|1775879795\n|move|p2b: Farigiraf|Psychic|p1a: Goof\n|-damage|p1a: Goof|0 fnt\n|faint|p1a: Goof\n|move|p1b: Grunk|Drain Punch|p2b: Farigiraf\n|-damage|p2b: Farigiraf|44/100\n|-activate|p2a: Rotom|confusion\n|move|p2a: Rotom|Trick|p1b: Grunk\n|-activate|p2a: Rotom|move: Trick|[of] p1b: Grunk\n|-item|p1b: Grunk|Choice Scarf|[from] move: Trick\n|-item|p2a: Rotom|Quick Claw|[from] move: Trick\n|\n|-weather|RainDance|[upkeep]\n|-heal|p2b: Farigiraf|50/100|[from] item: Leftovers\n|upkeep\n|\n|t:|1775879811\n|switch|p1a: Prom Destroyer|Kingambit, L50, M|100/100\n|turn|4\n|\n|t:|1775879840\n|move|p2b: Farigiraf|Psychic|p1b: Grunk\n|-supereffective|p1b: Grunk|1\n|-damage|p1b: Grunk|1/100\n|-end|p2a: Rotom|confusion\n|move|p2a: Rotom|Hydro Pump|p1a: Prom Destroyer\n|-damage|p1a: Prom Destroyer|22/100\n|move|p1a: Prom Destroyer|Kowtow Cleave|p2b: Farigiraf\n|-supereffective|p2b: Farigiraf|1\n|-crit|p2b: Farigiraf\n|-damage|p2b: Farigiraf|0 fnt\n|faint|p2b: Farigiraf\n|move|p1b: Grunk|Drain Punch|p2a: Rotom\n|-damage|p2a: Rotom|0 fnt\n|-heal|p1b: Grunk|15/100|[from] drain|[of] p2a: Rotom\n|faint|p2a: Rotom\n|\n|-weather|RainDance|[upkeep]\n|-heal|p1a: Prom Destroyer|28/100|[from] item: Leftovers\n|-sideend|p1: brekfastbru|move: Tailwind\n|upkeep\n|\n|t:|1775879853\n|switch|p2b: Garchomp|Garchomp, L50, M|100/100\n|switch|p2a: Gengar|Gengar-Mega, L50, M|100/100\n|turn|5\n|\n|t:|1775879867\n|move|p2a: Gengar|Protect|p2a: Gengar\n|-singleturn|p2a: Gengar|Protect\n|move|p1a: Prom Destroyer|Kowtow Cleave|p2a: Gengar\n|-activate|p2a: Gengar|move: Protect\n|move|p1b: Grunk|Drain Punch|p2b: Garchomp\n|-damage|p2b: Garchomp|50/100\n|-heal|p1b: Grunk|37/100|[from] drain|[of] p2b: Garchomp\n|-damage|p1b: Grunk|25/100|[from] ability: Rough Skin|[of] p2b: Garchomp\n|move|p2b: Garchomp|Earthquake|p1a: Prom Destroyer|[spread] p1a,p1b\n|-activate|p2a: Gengar|move: Protect\n|-supereffective|p1a: Prom Destroyer|1\n|-damage|p1a: Prom Destroyer|0 fnt\n|-damage|p1b: Grunk|0 fnt\n|faint|p1a: Prom Destroyer\n|faint|p1b: Grunk\n|\n|-weather|none\n|upkeep\n|\n|t:|1775879880\n|switch|p1b: AZ Best Bud|Floette-Eternal, L50, F|100/100\n|turn|6\n|\n|t:|1775879888\n|move|p1b: AZ Best Bud|Protect|p1b: AZ Best Bud\n|-singleturn|p1b: AZ Best Bud|Protect\n|move|p2b: Garchomp|Protect|p2b: Garchomp\n|-singleturn|p2b: Garchomp|Protect\n|move|p2a: Gengar|Sludge Bomb|p1b: AZ Best Bud\n|-activate|p1b: AZ Best Bud|move: Protect\n|\n|-fieldend|move: Trick Room\n|upkeep\n|turn|7\n|\n|t:|1775879904\n|detailschange|p1b: AZ Best Bud|Floette-Mega, L50, F\n|-mega|p1b: AZ Best Bud|Floette|Floettite\n|-ability|p1b: AZ Best Bud|Fairy Aura\n|move|p2a: Gengar|Protect|p2a: Gengar\n|-singleturn|p2a: Gengar|Protect\n|move|p2b: Garchomp|Earthquake|p1b: AZ Best Bud|[spread] p1b\n|-activate|p2a: Gengar|move: Protect\n|-damage|p1b: AZ Best Bud|45/100\n|move|p1b: AZ Best Bud|Light of Ruin|p2a: Gengar\n|-activate|p2a: Gengar|move: Protect\n|\n|upkeep\n|turn|8\n|\n|t:|1775879919\n|move|p2b: Garchomp|Protect|p2b: Garchomp\n|-singleturn|p2b: Garchomp|Protect\n|move|p2a: Gengar|Sludge Bomb|p1b: AZ Best Bud\n|-supereffective|p1b: AZ Best Bud|1\n|-damage|p1b: AZ Best Bud|0 fnt\n|faint|p1b: AZ Best Bud\n|\n|win|Cheasleywithaw\n|raw|brekfastbru's rating: 1022 &rarr; <strong>1012</strong><br />(-10 for losing)\n|raw|Cheasleywithaw's rating: 1107 &rarr; <strong>1126</strong><br />(+19 for winning)\n|l|\u2606brekfastbru\n|player|p1|\n",
  "uploadtime": 1775879928,
  "views": 11,
  "formatid": "gen9championsvgc2026regma",
  "rating": 1012,
  "private": 0,
  "password": null
}