{
  "id": "gen9championsvgc2026regma-2581019068",
  "format": "[Gen 9 Champions] VGC 2026 Reg M-A",
  "players": [
    "RadiantBlue4552",
    "Feebas&Chips"
  ],
  "log": "|j|\u203dRadiantBlue4552\n|j|\u2606Feebas&Chips\n|t:|1775952259\n|gametype|doubles\n|player|p1|RadiantBlue4552|266|1042\n|player|p2|Feebas&Chips|169|1072\n|gen|9\n|tier|[Gen 9 Champions] VGC 2026 Reg M-A\n|rated|\n|rule|Species Clause: Limit one of each Pok\u00e9mon\n|rule|Item Clause: Limit 1 of each item\n|clearpoke\n|poke|p1|Snorlax, L50, F|\n|poke|p1|Sableye, L50, M|\n|poke|p1|Blastoise, L50, F|\n|poke|p1|Maushold-Four, L50|\n|poke|p1|Archaludon, L50, M|\n|poke|p1|Pelipper, L50, M|\n|poke|p2|Aromatisse, L50, M|\n|poke|p2|Drampa, L50, F|\n|poke|p2|Incineroar, L50, M|\n|poke|p2|Cofagrigus, L50, M|\n|poke|p2|Palafin, L50, M|\n|poke|p2|Sinistcha, L50|\n|teampreview|4\n|inactive|Battle timer is ON: inactive players will automatically lose when time's up. (requested by RadiantBlue4552)\nRadiantBlue4552 rejected open team sheets.\n|\n|t:|1775952292\n|teamsize|p1|4\n|teamsize|p2|4\n|start\n|switch|p1a: Snorlax|Snorlax, L50, F|100/100\n|switch|p1b: Sableye|Sableye, L50, M|100/100\n|switch|p2a: Aromatisse|Aromatisse, L50, M|100/100\n|switch|p2b: Palafin|Palafin, L50, M|100/100\n|turn|1\n|\n|t:|1775952309\n|move|p1b: Sableye|Skill Swap|p1a: Snorlax\n|-activate|p1b: Sableye|Skill Swap|||[of] p1a: Snorlax\n|move|p1a: Snorlax|Curse|p1a: Snorlax\n|-unboost|p1a: Snorlax|spe|1\n|-boost|p1a: Snorlax|atk|1\n|-boost|p1a: Snorlax|def|1\n|move|p2b: Palafin|Flip Turn|p1b: Sableye\n|-damage|p1b: Sableye|71/100\n|\n|t:|1775952321\n|detailschange|p2b: Palafin|Palafin-Hero, L50, M\n|switch|p2b: Drampa|Drampa, L50, F|100/100|[from] Flip Turn\n|move|p2a: Aromatisse|Trick Room|p2a: Aromatisse\n|-fieldstart|move: Trick Room|[of] p2a: Aromatisse\n|\n|-heal|p1b: Sableye|77/100|[from] item: Leftovers\n|upkeep\n|turn|2\n|\n|t:|1775952340\n|move|p1a: Snorlax|Amnesia|p1a: Snorlax\n|-boost|p1a: Snorlax|spd|2\n|move|p2a: Aromatisse|Moonblast|p1b: Sableye\n|-supereffective|p1b: Sableye|1\n|-damage|p1b: Sableye|0 fnt\n|faint|p1b: Sableye\n|move|p2b: Drampa|Calm Mind|p2b: Drampa\n|-boost|p2b: Drampa|spa|1\n|-boost|p2b: Drampa|spd|1\n|\n|upkeep\n|\n|t:|1775952350\n|switch|p1b: Maushold|Maushold-Four, L50|100/100\n|turn|3\n|\n|t:|1775952360\n|move|p2b: Drampa|Protect|p2b: Drampa\n|-singleturn|p2b: Drampa|Protect\n|move|p1b: Maushold|Protect|p1b: Maushold\n|-singleturn|p1b: Maushold|Protect\n|move|p1a: Snorlax|Body Press|p2b: Drampa\n|-activate|p2b: Drampa|move: Protect\n|move|p2a: Aromatisse|Trick Room|p2a: Aromatisse\n|-fieldend|move: Trick Room\n|\n|upkeep\n|turn|4\n|\n|t:|1775952377\n|move|p2a: Aromatisse|Helping Hand|p2b: Drampa\n|-singleturn|p2b: Drampa|Helping Hand|[of] p2a: Aromatisse\n|move|p1b: Maushold|Super Fang|p2b: Drampa\n|-damage|p2b: Drampa|51/100\n|move|p2b: Drampa|Hyper Voice|p1a: Snorlax|[spread] p1a,p1b\n|-damage|p1a: Snorlax|84/100\n|-damage|p1b: Maushold|27/100\n|move|p1a: Snorlax|Body Press|p2b: Drampa\n|-supereffective|p2b: Drampa|1\n|-damage|p2b: Drampa|0 fnt\n|faint|p2b: Drampa\n|\n|upkeep\n|\n|t:|1775952391\n|switch|p2b: Sinistcha|Sinistcha, L50|100/100\n|turn|5\n|\n|t:|1775952406\n|move|p1b: Maushold|Protect|p1b: Maushold\n|-singleturn|p1b: Maushold|Protect\n|move|p1a: Snorlax|Amnesia|p1a: Snorlax\n|-boost|p1a: Snorlax|spd|2\n|move|p2b: Sinistcha|Matcha Gotcha|p1b: Maushold|[spread] p1a\n|-activate|p1b: Maushold|move: Protect\n|-damage|p1a: Snorlax|81/100\n|move|p2a: Aromatisse|Moonblast|p1b: Maushold\n|-activate|p1b: Maushold|move: Protect\n|\n|upkeep\n|turn|6\n|\n|t:|1775952427\n|move|p1a: Snorlax|Curse|p1a: Snorlax\n|-unboost|p1a: Snorlax|spe|1\n|-boost|p1a: Snorlax|atk|1\n|-boost|p1a: Snorlax|def|1\n|move|p1b: Maushold|Super Fang|p2a: Aromatisse\n|-damage|p2a: Aromatisse|50/100\n|move|p2b: Sinistcha|Strength Sap|p1a: Snorlax\n|-unboost|p1a: Snorlax|atk|1\n|move|p2a: Aromatisse|Moonblast|p1b: Maushold\n|-damage|p1b: Maushold|0 fnt\n|faint|p1b: Maushold\n|\n|upkeep\n|\n|t:|1775952439\n|switch|p1b: Archaludon|Archaludon, L50, M|100/100\n|turn|7\n|\n|t:|1775952455\n|move|p1a: Snorlax|Curse|p1a: Snorlax\n|-unboost|p1a: Snorlax|spe|1\n|-boost|p1a: Snorlax|atk|1\n|-boost|p1a: Snorlax|def|1\n|move|p1b: Archaludon|Dark Pulse|p2b: Sinistcha\n|-supereffective|p2b: Sinistcha|1\n|-enditem|p2b: Sinistcha|Colbur Berry|[eat]\n|-enditem|p2b: Sinistcha|Colbur Berry|[weaken]\n|-damage|p2b: Sinistcha|74/100\n|move|p2b: Sinistcha|Strength Sap|p1a: Snorlax\n|-unboost|p1a: Snorlax|atk|1\n|-heal|p2b: Sinistcha|100/100\n|move|p2a: Aromatisse|Moonblast|p1b: Archaludon\n|-damage|p1b: Archaludon|53/100\n|-unboost|p1b: Archaludon|spa|1\n|-ability|p1b: Archaludon|Stamina|boost\n|-boost|p1b: Archaludon|def|1\n|\n|upkeep\n|turn|8\n|inactive|Feebas&Chips has 30 seconds left.\n|\n|t:|1775952484\n|move|p2b: Sinistcha|Rage Powder|p2b: Sinistcha\n|-singleturn|p2b: Sinistcha|move: Rage Powder\n|move|p1a: Snorlax|Amnesia|p1a: Snorlax\n|-boost|p1a: Snorlax|spd|2\n|move|p1b: Archaludon|Dark Pulse|p2b: Sinistcha\n|-supereffective|p2b: Sinistcha|1\n|-damage|p2b: Sinistcha|63/100\n|move|p2a: Aromatisse|Moonblast|p1b: Archaludon\n|-damage|p1b: Archaludon|10/100\n|-ability|p1b: Archaludon|Stamina|boost\n|-boost|p1b: Archaludon|def|1\n|\n|upkeep\n|turn|9\n|\n|t:|1775952504\n|move|p2a: Aromatisse|Protect|p2a: Aromatisse\n|-singleturn|p2a: Aromatisse|Protect\n|move|p1a: Snorlax|Curse|p1a: Snorlax\n|-unboost|p1a: Snorlax|spe|1\n|-boost|p1a: Snorlax|atk|1\n|-boost|p1a: Snorlax|def|1\n|move|p1b: Archaludon|Dark Pulse|p2b: Sinistcha\n|-supereffective|p2b: Sinistcha|1\n|-damage|p2b: Sinistcha|26/100\n|move|p2b: Sinistcha|Strength Sap|p1a: Snorlax\n|-unboost|p1a: Snorlax|atk|1\n|-heal|p2b: Sinistcha|100/100\n|\n|upkeep\n|turn|10\n|\n|t:|1775952526\n|move|p1b: Archaludon|Dark Pulse|p2b: Sinistcha\n|-supereffective|p2b: Sinistcha|1\n|-damage|p2b: Sinistcha|61/100\n|move|p2b: Sinistcha|Strength Sap|p1a: Snorlax\n|-unboost|p1a: Snorlax|atk|1\n|-heal|p2b: Sinistcha|100/100\n|move|p2a: Aromatisse|Moonblast|p1b: Archaludon\n|-damage|p1b: Archaludon|0 fnt\n|faint|p1b: Archaludon\n|move|p1a: Snorlax|Body Press|p2a: Aromatisse\n|-resisted|p2a: Aromatisse|1\n|-damage|p2a: Aromatisse|27/100\n|\n|upkeep\n|turn|11\n|\n|t:|1775952546\n|move|p1a: Snorlax|Curse|p1a: Snorlax\n|-unboost|p1a: Snorlax|spe|1\n|-boost|p1a: Snorlax|atk|1\n|-boost|p1a: Snorlax|def|1\n|move|p2b: Sinistcha|Matcha Gotcha|p1a: Snorlax\n|-damage|p1a: Snorlax|76/100\n|move|p2a: Aromatisse|Moonblast|p1a: Snorlax\n|-damage|p1a: Snorlax|71/100\n|\n|upkeep\n|turn|12\n|\n|t:|1775952563\n|move|p1a: Snorlax|Curse|p1a: Snorlax\n|-unboost|p1a: Snorlax|spe|1\n|-boost|p1a: Snorlax|atk|1\n|-boost|p1a: Snorlax|def|1\n|move|p2b: Sinistcha|Matcha Gotcha|p1a: Snorlax\n|-damage|p1a: Snorlax|65/100\n|-status|p1a: Snorlax|brn\n|-enditem|p1a: Snorlax|Lum Berry|[eat]\n|-curestatus|p1a: Snorlax|brn|[msg]\n|move|p2a: Aromatisse|Moonblast|p1a: Snorlax\n|-damage|p1a: Snorlax|60/100\n|-unboost|p1a: Snorlax|spa|1\n|\n|upkeep\n|turn|13\n|\n|t:|1775952582\n|move|p2b: Sinistcha|Matcha Gotcha|p1a: Snorlax\n|-damage|p1a: Snorlax|56/100\n|move|p2a: Aromatisse|Moonblast|p1a: Snorlax\n|-damage|p1a: Snorlax|50/100\n|move|p1a: Snorlax|Body Press|p2a: Aromatisse\n|-resisted|p2a: Aromatisse|1\n|-damage|p2a: Aromatisse|0 fnt\n|faint|p2a: Aromatisse\n|\n|upkeep\n|\n|t:|1775952591\n|switch|p2a: Palafin|Palafin-Hero, L50, M|100/100\n|-activate|p2a: Palafin|ability: Zero to Hero\n|turn|14\n|\n|t:|1775952600\n|move|p2b: Sinistcha|Rage Powder|p2b: Sinistcha\n|-singleturn|p2b: Sinistcha|move: Rage Powder\n|move|p1a: Snorlax|Rest|p1a: Snorlax\n|-status|p1a: Snorlax|slp|[from] move: Rest\n|-heal|p1a: Snorlax|100/100 slp|[silent]\n|move|p2a: Palafin|Wave Crash|p1a: Snorlax\n|-damage|p1a: Snorlax|85/100 slp\n|-damage|p2a: Palafin|94/100|[from] Recoil\n|\n|upkeep\n|turn|15\n|\n|t:|1775952618\n|move|p2a: Palafin|Wave Crash|p1a: Snorlax\n|-damage|p1a: Snorlax|70/100 slp\n|-damage|p2a: Palafin|87/100|[from] Recoil\n|move|p2b: Sinistcha|Strength Sap|p1a: Snorlax\n|-unboost|p1a: Snorlax|atk|1\n|cant|p1a: Snorlax|slp\n|\n|upkeep\n|turn|16\n|\n|t:|1775952631\n|move|p2a: Palafin|Wave Crash|p1a: Snorlax\n|-damage|p1a: Snorlax|54/100 slp\n|-damage|p2a: Palafin|81/100|[from] Recoil\n|move|p2b: Sinistcha|Matcha Gotcha|p1a: Snorlax\n|-damage|p1a: Snorlax|48/100 slp\n|cant|p1a: Snorlax|slp\n|\n|upkeep\n|turn|17\n|\n|t:|1775952647\n|move|p2a: Palafin|Wave Crash|p1a: Snorlax\n|-damage|p1a: Snorlax|32/100 slp\n|-damage|p2a: Palafin|74/100|[from] Recoil\n|move|p2b: Sinistcha|Matcha Gotcha|p1a: Snorlax\n|-damage|p1a: Snorlax|27/100 slp\n|-curestatus|p1a: Snorlax|slp|[msg]\n|move|p1a: Snorlax|Body Press|p2a: Palafin\n|-damage|p2a: Palafin|2/100\n|\n|upkeep\n|turn|18\n|\n|t:|1775952669\n|move|p1a: Snorlax|Rest|p1a: Snorlax\n|-status|p1a: Snorlax|slp|[from] move: Rest\n|-heal|p1a: Snorlax|100/100 slp|[silent]\n|move|p2a: Palafin|Wave Crash|p1a: Snorlax\n|-damage|p1a: Snorlax|86/100 slp\n|-damage|p2a: Palafin|0 fnt|[from] Recoil\n|faint|p2a: Palafin\n|move|p2b: Sinistcha|Matcha Gotcha|p1a: Snorlax\n|-damage|p1a: Snorlax|81/100 slp\n|\n|upkeep\n|turn|19\n|\n|t:|1775952687\n|cant|p1a: Snorlax|slp\n|move|p2b: Sinistcha|Matcha Gotcha|p1a: Snorlax\n|-damage|p1a: Snorlax|76/100 slp\n|\n|upkeep\n|turn|20\n|-message|Feebas&Chips forfeited.\n|\n|win|RadiantBlue4552\n|raw|RadiantBlue4552's rating: 1042 &rarr; <strong>1079</strong><br />(+37 for winning)\n|raw|Feebas&amp;Chips's rating: 1072 &rarr; <strong>1049</strong><br />(-23 for losing)\n|l|\u2606Feebas&Chips\n|player|p2|\n",
  "uploadtime": 1775952706,
  "views": 11,
  "formatid": "gen9championsvgc2026regma",
  "rating": 1049,
  "private": 0,
  "password": null
}