{
  "id": "gen9championsvgc2026regma-2586845427",
  "format": "[Gen 9 Champions] VGC 2026 Reg M-A",
  "players": [
    "oscilao",
    "Scarbo1014"
  ],
  "log": "|j|\u2606oscilao\n|j|\u2606Scarbo1014\n|t:|1776464788\n|gametype|doubles\n|player|p1|oscilao|whitney|1000\n|player|p2|Scarbo1014|101|1086\n|gen|9\n|tier|[Gen 9 Champions] VGC 2026 Reg M-A\n|rated|\n|rule|Species Clause: Limit one of each Pok\u00e9mon\n|rule|Item Clause: Limit 1 of each item\n|clearpoke\n|poke|p1|Tinkaton, L50, F|\n|poke|p1|Oranguru, L50, F|\n|poke|p1|Orthworm, L50, F|\n|poke|p1|Tyranitar, L50, M|\n|poke|p1|Garchomp, L50, M|\n|poke|p1|Incineroar, L50, M|\n|poke|p2|Aerodactyl, L50, F|\n|poke|p2|Gyarados, L50, F|\n|poke|p2|Tyranitar, L50, F|\n|poke|p2|Garchomp, L50, M|\n|poke|p2|Sinistcha, L50|\n|poke|p2|Rotom-Wash, L50|\n|teampreview|4\n|\n|t:|1776464813\n|teamsize|p1|4\n|teamsize|p2|4\n|start\n|switch|p1a: Orthworm|Orthworm, L50, F|100/100\n|switch|p1b: Tyranitar|Tyranitar, L50, M|100/100\n|switch|p2a: Gyarados|Gyarados, L50, F|100/100\n|switch|p2b: Rotom|Rotom-Wash, L50|100/100\n|-ability|p2a: Gyarados|Intimidate|boost\n|-unboost|p1a: Orthworm|atk|1\n|-unboost|p1b: Tyranitar|atk|1\n|-weather|Sandstorm|[from] ability: Sand Stream|[of] p1b: Tyranitar\n|turn|1\n|\n|t:|1776464840\n|move|p2b: Rotom|Trick|p1a: Orthworm\n|-activate|p2b: Rotom|move: Trick|[of] p1a: Orthworm\n|-item|p1a: Orthworm|Choice Scarf|[from] move: Trick\n|-item|p2b: Rotom|Sitrus Berry|[from] move: Trick\n|move|p1a: Orthworm|Shed Tail|p1a: Orthworm\n|-start|p1a: Orthworm|Substitute|[from] move: Shed Tail\n|-damage|p1a: Orthworm|50/100\n|\n|t:|1776464849\n|switch|p1a: Tinkaton|Tinkaton, L50, F|100/100|[from] Shed Tail\n|move|p2a: Gyarados|Waterfall|p1b: Tyranitar\n|-supereffective|p1b: Tyranitar|1\n|-damage|p1b: Tyranitar|12/100\n|move|p1b: Tyranitar|Rock Slide|p2a: Gyarados|[spread] p2a\n|-miss|p1b: Tyranitar|p2b: Rotom\n|-supereffective|p2a: Gyarados|1\n|-damage|p2a: Gyarados|53/100\n|\n|-weather|Sandstorm|[upkeep]\n|-damage|p2b: Rotom|95/100|[from] Sandstorm\n|-damage|p2a: Gyarados|47/100|[from] Sandstorm\n|-enditem|p2a: Gyarados|Sitrus Berry|[eat]\n|-heal|p2a: Gyarados|72/100|[from] item: Sitrus Berry\n|upkeep\n|turn|2\n|\n|t:|1776464868\n|move|p2a: Gyarados|Protect|p2a: Gyarados\n|-singleturn|p2a: Gyarados|Protect\n|move|p1b: Tyranitar|Protect|p1b: Tyranitar\n|-singleturn|p1b: Tyranitar|Protect\n|move|p2b: Rotom|Discharge|p1b: Tyranitar|[spread] p1a\n|-activate|p2a: Gyarados|move: Protect\n|-activate|p1b: Tyranitar|move: Protect\n|-activate|p1a: Tinkaton|move: Substitute|[damage]\n|move|p1a: Tinkaton|Swords Dance|p1a: Tinkaton\n|-boost|p1a: Tinkaton|atk|2\n|\n|-weather|Sandstorm|[upkeep]\n|-damage|p2b: Rotom|89/100|[from] Sandstorm\n|-damage|p2a: Gyarados|66/100|[from] Sandstorm\n|upkeep\n|turn|3\n|\n|t:|1776464903\n|switch|p2a: Sinistcha|Sinistcha, L50|100/100\n|-heal|p2b: Rotom|100/100|[from] ability: Hospitality|[of] p2a: Sinistcha\n|switch|p1b: Oranguru|Oranguru, L50, F|100/100\n|move|p2b: Rotom|Discharge|p1a: Tinkaton|[spread] p2a,p1a,p1b\n|-end|p1a: Tinkaton|Substitute\n|-resisted|p2a: Sinistcha|1\n|-damage|p2a: Sinistcha|90/100\n|-damage|p1b: Oranguru|84/100\n|-status|p2a: Sinistcha|par\n|move|p1a: Tinkaton|Play Rough|p2a: Sinistcha\n|-damage|p2a: Sinistcha|26/100 par\n|-unboost|p2a: Sinistcha|atk|1\n|\n|-weather|Sandstorm|[upkeep]\n|-damage|p2b: Rotom|95/100|[from] Sandstorm\n|-damage|p1b: Oranguru|78/100|[from] Sandstorm\n|-damage|p2a: Sinistcha|20/100 par|[from] Sandstorm\n|-heal|p1b: Oranguru|84/100|[from] item: Leftovers\n|-heal|p2a: Sinistcha|26/100 par|[from] item: Leftovers\n|upkeep\n|turn|4\n|\n|t:|1776464938\n|move|p2b: Rotom|Volt Switch|p1a: Tinkaton\n|-damage|p1a: Tinkaton|77/100\n|\n|t:|1776464941\n|switch|p2b: Gyarados|Gyarados, L50, F|66/100|[from] Volt Switch\n|-ability|p2b: Gyarados|Intimidate|boost\n|-fail|p1a: Tinkaton|unboost|Attack|[from] ability: Own Tempo|[of] p1a: Tinkaton\n|-unboost|p1b: Oranguru|atk|1\n|move|p1a: Tinkaton|Play Rough|p2b: Gyarados\n|-damage|p2b: Gyarados|0 fnt\n|faint|p2b: Gyarados\n|move|p1b: Oranguru|Instruct|p1a: Tinkaton\n|-singleturn|p1a: Tinkaton|move: Instruct|[of] p1b: Oranguru\n|move|p1a: Tinkaton|Play Rough|p2a: Sinistcha\n|-damage|p2a: Sinistcha|0 fnt\n|faint|p2a: Sinistcha\n|\n|-weather|Sandstorm|[upkeep]\n|-damage|p1b: Oranguru|78/100|[from] Sandstorm\n|-heal|p1b: Oranguru|84/100|[from] item: Leftovers\n|upkeep\n|\n|t:|1776464955\n|switch|p2b: Rotom|Rotom-Wash, L50|95/100\n|switch|p2a: Aerodactyl|Aerodactyl, L50, F|100/100\n|-ability|p2a: Aerodactyl|Unnerve\n|turn|5\n|\n|t:|1776464974\n|move|p2a: Aerodactyl|Taunt|p1b: Oranguru\n|-start|p1b: Oranguru|move: Taunt\n|move|p2b: Rotom|Hydro Pump|p1a: Tinkaton\n|-damage|p1a: Tinkaton|40/100\n|move|p1a: Tinkaton|Gigaton Hammer|p2a: Aerodactyl\n|-supereffective|p2a: Aerodactyl|1\n|-enditem|p2a: Aerodactyl|Focus Sash\n|-damage|p2a: Aerodactyl|1/100\n|cant|p1b: Oranguru|move: Taunt|Instruct\n|\n|-weather|none\n|-heal|p1b: Oranguru|90/100|[from] item: Leftovers\n|upkeep\n|turn|6\n|\n|t:|1776465024\n|switch|p1b: Tyranitar|Tyranitar, L50, M|12/100\n|-weather|Sandstorm|[from] ability: Sand Stream|[of] p1b: Tyranitar\n|move|p1a: Tinkaton|Protect|p1a: Tinkaton\n|-singleturn|p1a: Tinkaton|Protect\n|move|p2a: Aerodactyl|Rock Slide|p1a: Tinkaton|[spread] p1b\n|-activate|p1a: Tinkaton|move: Protect\n|-damage|p1b: Tyranitar|0 fnt\n|faint|p1b: Tyranitar\n|move|p2b: Rotom|Hydro Pump|p1a: Tinkaton\n|-activate|p1a: Tinkaton|move: Protect\n|\n|-weather|Sandstorm|[upkeep]\n|-damage|p2b: Rotom|89/100|[from] Sandstorm\n|upkeep\n|\n|t:|1776465040\n|switch|p1b: Oranguru|Oranguru, L50, F|90/100\n|turn|7\n|\n|t:|1776465057\n|move|p2a: Aerodactyl|Rock Slide|p1b: Oranguru|[spread] p1b\n|-miss|p2a: Aerodactyl|p1a: Tinkaton\n|-damage|p1b: Oranguru|60/100\n|move|p2b: Rotom|Hydro Pump|p1a: Tinkaton\n|-damage|p1a: Tinkaton|5/100\n|move|p1a: Tinkaton|Play Rough|p2a: Aerodactyl\n|-damage|p2a: Aerodactyl|0 fnt\n|faint|p2a: Aerodactyl\n|move|p1b: Oranguru|Instruct|p1a: Tinkaton\n|-singleturn|p1a: Tinkaton|move: Instruct|[of] p1b: Oranguru\n|move|p1a: Tinkaton|Play Rough|p2b: Rotom\n|-damage|p2b: Rotom|18/100\n|-enditem|p2b: Rotom|Sitrus Berry|[eat]\n|-heal|p2b: Rotom|43/100|[from] item: Sitrus Berry\n|\n|-weather|Sandstorm|[upkeep]\n|-damage|p2b: Rotom|37/100|[from] Sandstorm\n|-damage|p1b: Oranguru|54/100|[from] Sandstorm\n|-heal|p1b: Oranguru|60/100|[from] item: Leftovers\n|upkeep\n|turn|8\n|\n|t:|1776465083\n|move|p1a: Tinkaton|Protect|p1a: Tinkaton\n|-singleturn|p1a: Tinkaton|Protect\n|move|p2b: Rotom|Discharge|p1b: Oranguru|[spread] p1b\n|-activate|p1a: Tinkaton|move: Protect\n|-damage|p1b: Oranguru|41/100\n|move|p1b: Oranguru|Psychic|p2b: Rotom\n|-damage|p2b: Rotom|0 fnt\n|faint|p2b: Rotom\n|\n|win|oscilao\n|raw|oscilao's rating: 1000 &rarr; <strong>1050</strong><br />(+50 for winning)\n|raw|Scarbo1014's rating: 1086 &rarr; <strong>1058</strong><br />(-28 for losing)\n|l|\u2606Scarbo1014\n|player|p2|\n",
  "uploadtime": 1776465129,
  "views": 22,
  "formatid": "gen9championsvgc2026regma",
  "rating": 1050,
  "private": 0,
  "password": null
}