{
  "id": "gen9championsvgc2026regma-2588118305",
  "format": "[Gen 9 Champions] VGC 2026 Reg M-A",
  "players": [
    "Zhm/r",
    "ChaseMeNot"
  ],
  "log": "|j|\u2606Zhm/r\n|j|\u2606ChaseMeNot\n|t:|1776606245\n|gametype|doubles\n|player|p1|Zhm/r|clown|1131\n|player|p2|ChaseMeNot|265|1120\n|gen|9\n|tier|[Gen 9 Champions] VGC 2026 Reg M-A\n|rated|\n|rule|Species Clause: Limit one of each Pok\u00e9mon\n|rule|Item Clause: Limit 1 of each item\n|clearpoke\n|poke|p1|Meganium, L50, M|\n|poke|p1|Charizard, L50, M|\n|poke|p1|Aerodactyl, L50, F|\n|poke|p1|Sinistcha, L50|\n|poke|p1|Milotic, L50, M|\n|poke|p1|Sneasler, L50, M|\n|poke|p2|Gengar, L50, F|\n|poke|p2|Sableye, L50, F|\n|poke|p2|Ninetales, L50, M|\n|poke|p2|Venusaur, L50, F|\n|poke|p2|Milotic, L50, F|\n|poke|p2|Clefable, L50, F|\n|teampreview|4\n|\n|t:|1776606296\n|teamsize|p1|4\n|teamsize|p2|4\n|start\n|switch|p1a: Aerodactyl|Aerodactyl, L50, F|100/100\n|switch|p1b: Charizard|Charizard, L50, M|100/100\n|switch|p2a: Sableye|Sableye, L50, F|100/100\n|switch|p2b: Gengar|Gengar, L50, F|100/100\n|-ability|p1a: Aerodactyl|Unnerve\n|turn|1\n|\n|t:|1776606319\n|detailschange|p2b: Gengar|Gengar-Mega, L50, F\n|-mega|p2b: Gengar|Gengar|Gengarite\n|detailschange|p1b: Charizard|Charizard-Mega-X, L50, M\n|-mega|p1b: Charizard|Charizard|Charizardite X\n|move|p2a: Sableye|Rain Dance|p2a: Sableye\n|-weather|RainDance\n|move|p1a: Aerodactyl|Tailwind|p1a: Aerodactyl\n|-sidestart|p1: Zhm/r|move: Tailwind\n|move|p1b: Charizard|Earthquake|p2a: Sableye|[spread] p2a,p2b\n|-immune|p1a: Aerodactyl\n|-supereffective|p2b: Gengar|1\n|-damage|p2a: Sableye|63/100\n|-damage|p2b: Gengar|31/100\n|move|p2b: Gengar|Icy Wind|p1b: Charizard|[spread] \n|-miss|p2b: Gengar|p1a: Aerodactyl\n|-miss|p2b: Gengar|p1b: Charizard\n|\n|-weather|RainDance|[upkeep]\n|upkeep\n|turn|2\n|\n|t:|1776606348\n|move|p2b: Gengar|Protect|p2b: Gengar\n|-singleturn|p2b: Gengar|Protect\n|move|p2a: Sableye|Will-O-Wisp|p1a: Aerodactyl\n|-status|p1a: Aerodactyl|brn\n|move|p1a: Aerodactyl|Dual Wingbeat|p2a: Sableye|[miss]\n|-miss|p1a: Aerodactyl|p2a: Sableye\n|move|p1b: Charizard|Earthquake|p2a: Sableye|[spread] p2a\n|-activate|p2b: Gengar|move: Protect\n|-immune|p1a: Aerodactyl\n|-damage|p2a: Sableye|25/100\n|\n|-weather|RainDance|[upkeep]\n|-damage|p1a: Aerodactyl|95/100 brn|[from] brn\n|upkeep\n|turn|3\n|\n|t:|1776606393\n|move|p2a: Sableye|Quash|p1b: Charizard\n|-activate|p1b: Charizard|move: Quash\n|move|p1a: Aerodactyl|Rock Slide|p2b: Gengar|[spread] p2a,p2b\n|-damage|p2a: Sableye|9/100\n|-damage|p2b: Gengar|14/100\n|cant|p2b: Gengar|flinch\n|move|p1b: Charizard|Earthquake|p2a: Sableye|[spread] p2a,p2b\n|-immune|p1a: Aerodactyl\n|-supereffective|p2b: Gengar|1\n|-damage|p2a: Sableye|0 fnt\n|-damage|p2b: Gengar|0 fnt\n|faint|p2a: Sableye\n|faint|p2b: Gengar\n|\n|-weather|RainDance|[upkeep]\n|-damage|p1a: Aerodactyl|89/100 brn|[from] brn\n|upkeep\n|\n|t:|1776606411\n|switch|p2b: Ninetales|Ninetales, L50, M|100/100\n|switch|p2a: Milotic|Milotic, L50, F|100/100\n|-weather|SunnyDay|[from] ability: Drought|[of] p2b: Ninetales\n|turn|4\n|\n|t:|1776606422\n|move|p2b: Ninetales|Protect|p2b: Ninetales\n|-singleturn|p2b: Ninetales|Protect\n|move|p1a: Aerodactyl|Rock Slide|p2b: Ninetales|[spread] p2a\n|-activate|p2b: Ninetales|move: Protect\n|-damage|p2a: Milotic|88/100\n|move|p1b: Charizard|Earthquake|p2b: Ninetales|[spread] p2a\n|-activate|p2b: Ninetales|move: Protect\n|-immune|p1a: Aerodactyl\n|-damage|p2a: Milotic|62/100\n|move|p2a: Milotic|Muddy Water|p1b: Charizard|[spread] p1a,p1b\n|-supereffective|p1a: Aerodactyl|1\n|-damage|p1a: Aerodactyl|31/100 brn\n|-damage|p1b: Charizard|77/100\n|\n|-weather|SunnyDay|[upkeep]\n|-damage|p1a: Aerodactyl|25/100 brn|[from] brn\n|-sideend|p1: Zhm/r|move: Tailwind\n|upkeep\n|turn|5\n|\n|t:|1776606448\n|move|p1a: Aerodactyl|Tailwind|p1a: Aerodactyl\n|-sidestart|p1: Zhm/r|move: Tailwind\n|move|p1b: Charizard|Earthquake|p2b: Ninetales|[spread] p2a,p2b\n|-immune|p1a: Aerodactyl\n|-supereffective|p2b: Ninetales|1\n|-damage|p2a: Milotic|34/100\n|-damage|p2b: Ninetales|13/100\n|move|p2b: Ninetales|Heat Wave|p1b: Charizard|[spread] p1a,p1b\n|-resisted|p1a: Aerodactyl|1\n|-resisted|p1b: Charizard|2\n|-damage|p1a: Aerodactyl|0 fnt\n|-damage|p1b: Charizard|61/100\n|faint|p1a: Aerodactyl\n|move|p2a: Milotic|Icy Wind|p1b: Charizard\n|-damage|p1b: Charizard|41/100\n|-unboost|p1b: Charizard|spe|1\n|\n|-weather|SunnyDay|[upkeep]\n|upkeep\n|\n|t:|1776606463\n|switch|p1a: Sinistcha|Sinistcha, L50|100/100\n|-heal|p1b: Charizard|66/100|[from] ability: Hospitality|[of] p1a: Sinistcha\n|turn|6\n|-message|ChaseMeNot forfeited.\n|\n|win|Zhm/r\n|raw|Zhm&#x2f;r's rating: 1131 &rarr; <strong>1155</strong><br />(+24 for winning)\n|raw|ChaseMeNot's rating: 1120 &rarr; <strong>1096</strong><br />(-24 for losing)\n|l|\u2606ChaseMeNot\n|player|p2|\n",
  "uploadtime": 1776606499,
  "views": 13,
  "formatid": "gen9championsvgc2026regma",
  "rating": 1096,
  "private": 0,
  "password": null
}