{
  "id": "gen9championsvgc2026regma-2589393680",
  "format": "[Gen 9 Champions] VGC 2026 Reg M-A",
  "players": [
    "isu1248",
    "aroswing"
  ],
  "log": "|j|\u2606isu1248\n|j|\u2606aroswing\n|t:|1776719382\n|gametype|doubles\n|player|p1|isu1248|1|1320\n|player|p2|aroswing|marnie|1301\n|gen|9\n|tier|[Gen 9 Champions] VGC 2026 Reg M-A\n|rated|\n|rule|Species Clause: Limit one of each Pok\u00e9mon\n|rule|Item Clause: Limit 1 of each item\n|clearpoke\n|poke|p1|Charizard, L50, F|\n|poke|p1|Venusaur, L50, M|\n|poke|p1|Pelipper, L50, F|\n|poke|p1|Archaludon, L50, F|\n|poke|p1|Kingambit, L50, M|\n|poke|p1|Incineroar, L50, F|\n|poke|p2|Sneasler, L50, F|\n|poke|p2|Pelipper, L50, M|\n|poke|p2|Meganium, L50, M|\n|poke|p2|Archaludon, L50, M|\n|poke|p2|Dragonite, L50, F|\n|poke|p2|Basculegion, L50, M|\n|teampreview|4\n|inactive|Battle timer is ON: inactive players will automatically lose when time's up. (requested by aroswing)\n|inactive|isu1248 also wants the timer to be on.\n|inactive|isu1248 has 60 seconds left.\n|inactive|aroswing has 60 seconds left.\n|\n|t:|1776719438\n|teamsize|p1|4\n|teamsize|p2|4\n|start\n|switch|p1a: Incineroar|Incineroar, L50, F|100/100\n|switch|p1b: Archaludon|Archaludon, L50, F|100/100\n|switch|p2a: Meganium|Meganium, L50, M|100/100\n|switch|p2b: Basculegion|Basculegion, L50, M|100/100\n|-ability|p1a: Incineroar|Intimidate|boost\n|-unboost|p2a: Meganium|atk|1\n|-unboost|p2b: Basculegion|atk|1\n|turn|1\n|inactive|isu1248 has 30 seconds left.\n|inactive|aroswing has 30 seconds left.\n|inactive|isu1248 has 20 seconds left.\n|inactive|aroswing has 20 seconds left.\n|inactive|aroswing has 15 seconds left.\n|inactive|aroswing has 10 seconds left.\n|\n|t:|1776719484\n|move|p1b: Archaludon|Protect|p1b: Archaludon\n|-singleturn|p1b: Archaludon|Protect\n|move|p2b: Basculegion|Wave Crash|p1a: Incineroar\n|-supereffective|p1a: Incineroar|1\n|-damage|p1a: Incineroar|29/100\n|-enditem|p1a: Incineroar|Sitrus Berry|[eat]\n|-heal|p1a: Incineroar|54/100|[from] item: Sitrus Berry\n|-damage|p2b: Basculegion|76/100|[from] Recoil\n|move|p2a: Meganium|Dazzling Gleam|p1a: Incineroar|[spread] p1a\n|-activate|p1b: Archaludon|move: Protect\n|-crit|p1a: Incineroar\n|-damage|p1a: Incineroar|30/100\n|move|p1a: Incineroar|Darkest Lariat|p2b: Basculegion\n|-supereffective|p2b: Basculegion|1\n|-damage|p2b: Basculegion|0 fnt\n|faint|p2b: Basculegion\n|\n|upkeep\n|\n|t:|1776719500\n|switch|p2b: Sneasler|Sneasler, L50, F|100/100\n|turn|2\n|\n|t:|1776719524\n|switch|p1b: Charizard|Charizard, L50, F|100/100\n|switch|p1a: Venusaur|Venusaur, L50, M|100/100\n|detailschange|p2a: Meganium|Meganium-Mega, L50, M\n|-mega|p2a: Meganium|Meganium|Meganiumite\n|move|p2b: Sneasler|Close Combat|p1b: Charizard\n|-resisted|p1b: Charizard|1\n|-damage|p1b: Charizard|50/100\n|-unboost|p2b: Sneasler|def|1\n|-unboost|p2b: Sneasler|spd|1\n|-enditem|p2b: Sneasler|White Herb\n|-clearnegativeboost|p2b: Sneasler|[silent]\n|move|p2a: Meganium|Dazzling Gleam|p1b: Charizard|[spread] p1a,p1b\n|-resisted|p1a: Venusaur|1\n|-resisted|p1b: Charizard|1\n|-damage|p1a: Venusaur|84/100\n|-damage|p1b: Charizard|24/100\n|\n|upkeep\n|turn|3\n|inactive|aroswing has 30 seconds left.\n|inactive|aroswing has 20 seconds left.\n|\n|t:|1776719562\n|switch|p1b: Incineroar|Incineroar, L50, F|30/100\n|-ability|p1b: Incineroar|Intimidate|boost\n|-unboost|p2a: Meganium|atk|1\n|-unboost|p2b: Sneasler|atk|1\n|move|p2b: Sneasler|Dire Claw|p1a: Venusaur\n|-crit|p1a: Venusaur\n|-damage|p1a: Venusaur|12/100\n|move|p2a: Meganium|Solar Beam||[still]\n|-prepare|p2a: Meganium|Solar Beam\n|-activate|p2a: Meganium|ability: Mega Sol\n|-anim|p2a: Meganium|Solar Beam|p1b: Incineroar\n|-resisted|p1b: Incineroar|1\n|-damage|p1b: Incineroar|0 fnt\n|faint|p1b: Incineroar\n|move|p1a: Venusaur|Sludge Bomb|p2a: Meganium\n|-supereffective|p2a: Meganium|2\n|-damage|p2a: Meganium|0 fnt\n|faint|p2a: Meganium\n|\n|upkeep\n|\n|t:|1776719584\n|switch|p2a: Pelipper|Pelipper, L50, M|100/100\n|switch|p1b: Charizard|Charizard, L50, F|24/100\n|-weather|RainDance|[from] ability: Drizzle|[of] p2a: Pelipper\n|turn|4\n|\n|t:|1776719609\n|detailschange|p1b: Charizard|Charizard-Mega-Y, L50, F\n|-mega|p1b: Charizard|Charizard|Charizardite Y\n|-weather|SunnyDay|[from] ability: Drought|[of] p1b: Charizard\n|move|p1b: Charizard|Protect|p1b: Charizard\n|-singleturn|p1b: Charizard|Protect\n|move|p2a: Pelipper|Wide Guard|p2a: Pelipper\n|-singleturn|p2a: Pelipper|Wide Guard\n|move|p2b: Sneasler|Dire Claw|p1a: Venusaur\n|-damage|p1a: Venusaur|0 fnt\n|faint|p1a: Venusaur\n|\n|-weather|SunnyDay|[upkeep]\n|upkeep\n|\n|t:|1776719617\n|switch|p1a: Archaludon|Archaludon, L50, F|100/100\n|turn|5\n|\n|t:|1776719631\n|move|p2b: Sneasler|Dire Claw|p1b: Charizard\n|-damage|p1b: Charizard|0 fnt\n|faint|p1b: Charizard\n|move|p1a: Archaludon|Dragon Pulse|p2b: Sneasler\n|-damage|p2b: Sneasler|44/100\n|move|p2a: Pelipper|Tailwind|p2a: Pelipper\n|-sidestart|p2: aroswing|move: Tailwind\n|\n|-weather|SunnyDay|[upkeep]\n|upkeep\n|turn|6\n|\n|t:|1776719643\n|move|p1a: Archaludon|Protect|p1a: Archaludon\n|-singleturn|p1a: Archaludon|Protect\n|move|p2b: Sneasler|Close Combat|p1a: Archaludon\n|-activate|p1a: Archaludon|move: Protect\n|move|p2a: Pelipper|Weather Ball|p1a: Archaludon\n|-activate|p1a: Archaludon|move: Protect\n|\n|-weather|SunnyDay|[upkeep]\n|upkeep\n|turn|7\n|\n|t:|1776719658\n|move|p2b: Sneasler|Close Combat|p1a: Archaludon\n|-supereffective|p1a: Archaludon|1\n|-damage|p1a: Archaludon|21/100\n|-unboost|p2b: Sneasler|def|1\n|-unboost|p2b: Sneasler|spd|1\n|move|p2a: Pelipper|Weather Ball|p1a: Archaludon\n|-damage|p1a: Archaludon|0 fnt\n|faint|p1a: Archaludon\n|\n|win|aroswing\n|raw|isu1248's rating: 1320 &rarr; <strong>1299</strong><br />(-21 for losing)\n|raw|aroswing's rating: 1301 &rarr; <strong>1322</strong><br />(+21 for winning)\n|l|\u2606isu1248\n|player|p1|\n",
  "uploadtime": 1776719675,
  "views": 9,
  "formatid": "gen9championsvgc2026regma",
  "rating": 1299,
  "private": 0,
  "password": null
}