{
  "id": "gen9championsvgc2026regma-2586592502",
  "format": "[Gen 9 Champions] VGC 2026 Reg M-A",
  "players": [
    "KaFe-03",
    "princess 68"
  ],
  "log": "|j|\u2606KaFe-03\n|j|\u2606princess 68\n|t:|1776445411\n|gametype|doubles\n|player|p1|KaFe-03|crispin|1138\n|player|p2|princess 68|elesa|1129\n|gen|9\n|tier|[Gen 9 Champions] VGC 2026 Reg M-A\n|rated|\n|rule|Species Clause: Limit one of each Pok\u00e9mon\n|rule|Item Clause: Limit 1 of each item\n|clearpoke\n|poke|p1|Archaludon, L50, F|\n|poke|p1|Pelipper, L50, F|\n|poke|p1|Sinistcha-Masterpiece, L50|\n|poke|p1|Sneasler, L50, M|\n|poke|p1|Dragonite, L50, F|\n|poke|p1|Basculegion, L50, M|\n|poke|p2|Pelipper, L50, F|\n|poke|p2|Sylveon, L50, F|\n|poke|p2|Sneasler, L50, M|\n|poke|p2|Maushold, L50|\n|poke|p2|Gallade, L50, M|\n|poke|p2|Blastoise, L50, F|\n|teampreview|4\n|inactive|Battle timer is ON: inactive players will automatically lose when time's up. (requested by KaFe-03)\n|inactive|princess 68 has 60 seconds left.\n|\n|t:|1776445451\n|teamsize|p1|4\n|teamsize|p2|4\n|start\n|switch|p1a: Sneasler|Sneasler, L50, M|100/100\n|switch|p1b: Dragonite|Dragonite, L50, F|100/100\n|switch|p2a: Maushold|Maushold, L50|100/100\n|switch|p2b: Blastoise|Blastoise, L50, F|100/100\n|turn|1\n|\n|t:|1776445472\n|detailschange|p1b: Dragonite|Dragonite-Mega, L50, F\n|-mega|p1b: Dragonite|Dragonite|Dragoninite\n|detailschange|p2b: Blastoise|Blastoise-Mega, L50, F\n|-mega|p2b: Blastoise|Blastoise|Blastoisinite\n|move|p1a: Sneasler|Fake Out|p2a: Maushold\n|-damage|p2a: Maushold|87/100\n|cant|p2a: Maushold|flinch\n|move|p1b: Dragonite|Tailwind|p1b: Dragonite\n|-sidestart|p1: KaFe-03|move: Tailwind\n|move|p2b: Blastoise|Shell Smash|p2b: Blastoise\n|-unboost|p2b: Blastoise|def|1\n|-unboost|p2b: Blastoise|spd|1\n|-boost|p2b: Blastoise|atk|2\n|-boost|p2b: Blastoise|spa|2\n|-boost|p2b: Blastoise|spe|2\n|\n|upkeep\n|turn|2\n|inactive|princess 68 has 30 seconds left.\n|inactive|princess 68 has 20 seconds left.\n|\n|t:|1776445509\n|move|p2b: Blastoise|Protect|p2b: Blastoise\n|-singleturn|p2b: Blastoise|Protect\n|move|p2a: Maushold|Follow Me|p2a: Maushold\n|-singleturn|p2a: Maushold|move: Follow Me\n|move|p1a: Sneasler|Close Combat|p2a: Maushold\n|-supereffective|p2a: Maushold|1\n|-damage|p2a: Maushold|0 fnt\n|-unboost|p1a: Sneasler|def|1\n|-unboost|p1a: Sneasler|spd|1\n|faint|p2a: Maushold\n|-enditem|p1a: Sneasler|White Herb\n|-clearnegativeboost|p1a: Sneasler|[silent]\n|move|p1b: Dragonite|Draco Meteor|p2b: Blastoise\n|-activate|p2b: Blastoise|move: Protect\n|\n|upkeep\n|\n|t:|1776445526\n|switch|p2a: Sneasler|Sneasler, L50, M|100/100\n|turn|3\n|\n|t:|1776445550\n|move|p1a: Sneasler|Protect|p1a: Sneasler\n|-singleturn|p1a: Sneasler|Protect\n|move|p1b: Dragonite|Protect|p1b: Dragonite\n|-singleturn|p1b: Dragonite|Protect\n|move|p2a: Sneasler|Fake Out|p1b: Dragonite\n|-activate|p1b: Dragonite|move: Protect\n|move|p2b: Blastoise|Water Spout|p1a: Sneasler|[spread] \n|-activate|p1a: Sneasler|move: Protect\n|-activate|p1b: Dragonite|move: Protect\n|\n|upkeep\n|turn|4\n|inactive|KaFe-03 has 30 seconds left.\n|inactive|KaFe-03 has 20 seconds left.\n|\n|t:|1776445587\n|switch|p1a: Pelipper|Pelipper, L50, F|100/100\n|-weather|RainDance|[from] ability: Drizzle|[of] p1a: Pelipper\n|move|p2b: Blastoise|Protect|p2b: Blastoise\n|-singleturn|p2b: Blastoise|Protect\n|move|p2a: Sneasler|Protect|p2a: Sneasler\n|-singleturn|p2a: Sneasler|Protect\n|move|p1b: Dragonite|Draco Meteor|p2b: Blastoise\n|-activate|p2b: Blastoise|move: Protect\n|\n|-weather|RainDance|[upkeep]\n|-sideend|p1: KaFe-03|move: Tailwind\n|upkeep\n|turn|5\n|\n|t:|1776445611\n|move|p1b: Dragonite|Protect|p1b: Dragonite\n|-singleturn|p1b: Dragonite|Protect\n|move|p2b: Blastoise|Water Spout|p1b: Dragonite|[spread] p1a\n|-activate|p1b: Dragonite|move: Protect\n|-resisted|p1a: Pelipper|1\n|-enditem|p1a: Pelipper|Focus Sash\n|-damage|p1a: Pelipper|1/100\n|move|p2a: Sneasler|Dire Claw|p1b: Dragonite\n|-activate|p1b: Dragonite|move: Protect\n|move|p1a: Pelipper|Tailwind|p1a: Pelipper\n|-sidestart|p1: KaFe-03|move: Tailwind\n|\n|-weather|RainDance|[upkeep]\n|upkeep\n|turn|6\n|l|\u2606KaFe-03\n|inactive|KaFe-03 disconnected and has a minute to reconnect!\n|player|p1|\n|inactive|KaFe-03 has 30 seconds left.\n|inactive|princess 68 has 30 seconds left.\n|j|\u2606KaFe-03\n|inactive|KaFe-03 reconnected and has 30 seconds left.\n|player|p1|KaFe-03|crispin|\n|inactive|KaFe-03 has 20 seconds left.\n|inactive|KaFe-03 has 15 seconds left.\n|inactive|KaFe-03 has 10 seconds left.\n|inactive|KaFe-03 has 5 seconds left.\n|\n|t:|1776445662\n|move|p2b: Blastoise|Protect|p2b: Blastoise\n|-singleturn|p2b: Blastoise|Protect\n|move|p1b: Dragonite|Hurricane|p2b: Blastoise\n|-activate|p2b: Blastoise|move: Protect\n|move|p1a: Pelipper|Hurricane|p2a: Sneasler\n|-supereffective|p2a: Sneasler|1\n|-damage|p2a: Sneasler|0 fnt\n|faint|p2a: Sneasler\n|\n|-weather|RainDance|[upkeep]\n|upkeep\n|\n|t:|1776445675\n|switch|p2a: Gallade|Gallade, L50, M|100/100\n|turn|7\n|\n|t:|1776445696\n|move|p1b: Dragonite|Draco Meteor|p2b: Blastoise\n|-damage|p2b: Blastoise|0 fnt\n|-unboost|p1b: Dragonite|spa|2\n|faint|p2b: Blastoise\n|move|p1a: Pelipper|Hurricane|p2a: Gallade\n|-supereffective|p2a: Gallade|1\n|-damage|p2a: Gallade|0 fnt\n|faint|p2a: Gallade\n|\n|win|KaFe-03\n|raw|KaFe-03's rating: 1138 &rarr; <strong>1161</strong><br />(+23 for winning)\n|raw|princess 68's rating: 1105 &rarr; <strong>1082</strong><br />(-23 for losing)\n",
  "uploadtime": 1776445705,
  "views": 19,
  "formatid": "gen9championsvgc2026regma",
  "rating": 1082,
  "private": 0,
  "password": null
}