{
  "id": "gen9championsvgc2026regma-2584909999",
  "format": "[Gen 9 Champions] VGC 2026 Reg M-A",
  "players": [
    "travterr1",
    "Jah_08"
  ],
  "log": "|j|\u2606travterr1\n|j|\u2606Jah_08\n|t:|1776293665\n|gametype|doubles\n|player|p1|travterr1|169|1169\n|player|p2|Jah_08|alder|1193\n|gen|9\n|tier|[Gen 9 Champions] VGC 2026 Reg M-A\n|rated|\n|rule|Species Clause: Limit one of each Pok\u00e9mon\n|rule|Item Clause: Limit 1 of each item\n|clearpoke\n|poke|p1|Froslass, L50, F|\n|poke|p1|Maushold, L50|\n|poke|p1|Sneasler, L50, M|\n|poke|p1|Ditto, L50|\n|poke|p1|Slowbro, L50, M|\n|poke|p1|Arcanine, L50, F|\n|poke|p2|Excadrill, L50, M|\n|poke|p2|Whimsicott, L50, M|\n|poke|p2|Chandelure, L50, M|\n|poke|p2|Zoroark-Hisui, L50, M|\n|poke|p2|Basculegion, L50, M|\n|poke|p2|Hydreigon, L50, M|\n|teampreview|4\n|inactive|Battle timer is ON: inactive players will automatically lose when time's up. (requested by Jah_08)\nJah_08 rejected open team sheets.\n|\n|t:|1776293732\n|teamsize|p1|4\n|teamsize|p2|4\n|start\n|switch|p1a: Froslass|Froslass, L50, F, shiny|100/100\n|switch|p1b: Maushold|Maushold, L50, shiny|100/100\n|switch|p2a: Basculegion|Basculegion, L50, M|100/100\n|switch|p2b: Chandelure|Chandelure, L50, M|100/100\n|turn|1\n|\n|t:|1776293751\n|detailschange|p1a: Froslass|Froslass-Mega, L50, F, shiny\n|-mega|p1a: Froslass|Froslass|Froslassite\n|-weather|Snowscape|[from] ability: Snow Warning|[of] p1a: Froslass\n|detailschange|p2b: Chandelure|Chandelure-Mega, L50, M\n|-mega|p2b: Chandelure|Chandelure|Chandelurite\n|move|p1b: Maushold|Follow Me|p1b: Maushold\n|-singleturn|p1b: Maushold|move: Follow Me\n|move|p2a: Basculegion|Wave Crash|p1b: Maushold\n|-damage|p1b: Maushold|11/100\n|-damage|p2a: Basculegion|73/100|[from] Recoil\n|move|p1a: Froslass|Nasty Plot|p1a: Froslass\n|-boost|p1a: Froslass|spa|2\n|move|p2b: Chandelure|Heat Wave|p1b: Maushold|[spread] p1b\n|-miss|p2b: Chandelure|p1a: Froslass\n|-damage|p1b: Maushold|0 fnt\n|faint|p1b: Maushold\n|\n|-weather|Snowscape|[upkeep]\n|upkeep\n|\n|t:|1776293772\n|switch|p1b: Arcanine|Arcanine, L50, F, shiny|100/100\n|-ability|p1b: Arcanine|Intimidate|boost\n|-unboost|p2a: Basculegion|atk|1\n|-unboost|p2b: Chandelure|atk|1\n|turn|2\n|\n|t:|1776293791\n|move|p2b: Chandelure|Protect|p2b: Chandelure\n|-singleturn|p2b: Chandelure|Protect\n|move|p2a: Basculegion|Wave Crash|p1a: Froslass\n|-damage|p1a: Froslass|45/100\n|-damage|p2a: Basculegion|60/100|[from] Recoil\n|move|p1a: Froslass|Shadow Ball|p2b: Chandelure\n|-activate|p2b: Chandelure|move: Protect\n|move|p1b: Arcanine|Will-O-Wisp|p2a: Basculegion\n|-status|p2a: Basculegion|brn\n|\n|-weather|Snowscape|[upkeep]\n|-damage|p2a: Basculegion|54/100 brn|[from] brn\n|upkeep\n|turn|3\n|inactive|Jah_08 has 30 seconds left.\n|\n|t:|1776293818\n|switch|p2b: Hydreigon|Hydreigon, L50, M|100/100\n|move|p2a: Basculegion|Wave Crash|p1a: Froslass\n|-damage|p1a: Froslass|17/100\n|-damage|p2a: Basculegion|47/100 brn|[from] Recoil\n|move|p1a: Froslass|Shadow Ball|p2b: Hydreigon\n|-resisted|p2b: Hydreigon|1\n|-damage|p2b: Hydreigon|48/100\n|move|p1b: Arcanine|Snarl|p2b: Hydreigon|[spread] p2a,p2b\n|-supereffective|p2a: Basculegion|1\n|-resisted|p2b: Hydreigon|1\n|-crit|p2b: Hydreigon\n|-damage|p2a: Basculegion|23/100 brn\n|-damage|p2b: Hydreigon|41/100\n|-unboost|p2a: Basculegion|spa|1\n|-unboost|p2b: Hydreigon|spa|1\n|\n|-weather|Snowscape|[upkeep]\n|-damage|p2a: Basculegion|17/100 brn|[from] brn\n|upkeep\n|turn|4\n|inactive|travterr1 has 30 seconds left.\n|\n|t:|1776293844\n|move|p2a: Basculegion|Wave Crash|p1a: Froslass\n|-damage|p1a: Froslass|0 fnt\n|faint|p1a: Froslass\n|-damage|p2a: Basculegion|13/100 brn|[from] Recoil\n|move|p2b: Hydreigon|Earth Power|p1b: Arcanine\n|-supereffective|p1b: Arcanine|1\n|-damage|p1b: Arcanine|64/100\n|move|p1b: Arcanine|Snarl|p2a: Basculegion|[spread] p2a,p2b\n|-supereffective|p2a: Basculegion|1\n|-resisted|p2b: Hydreigon|1\n|-damage|p2a: Basculegion|0 fnt\n|-damage|p2b: Hydreigon|35/100\n|-unboost|p2b: Hydreigon|spa|1\n|faint|p2a: Basculegion\n|\n|-weather|Snowscape|[upkeep]\n|-heal|p1b: Arcanine|70/100|[from] item: Leftovers\n|upkeep\n|inactive|Jah_08 has 30 seconds left.\n|\n|t:|1776293873\n|switch|p1a: Sneasler|Sneasler, L50, M, shiny|100/100\n|switch|p2a: Excadrill|Excadrill, L50, M|100/100\n|-ability|p2a: Excadrill|Mold Breaker\n|turn|5\n|\n|t:|1776293892\n|move|p2b: Hydreigon|Protect|p2b: Hydreigon\n|-singleturn|p2b: Hydreigon|Protect\n|move|p2a: Excadrill|Protect|p2a: Excadrill\n|-singleturn|p2a: Excadrill|Protect\n|move|p1a: Sneasler|Close Combat|p2a: Excadrill\n|-activate|p2a: Excadrill|move: Protect\n|move|p1b: Arcanine|Snarl|p2a: Excadrill|[spread] \n|-activate|p2a: Excadrill|move: Protect\n|-activate|p2b: Hydreigon|move: Protect\n|\n|-weather|none\n|-heal|p1b: Arcanine|76/100|[from] item: Leftovers\n|upkeep\n|turn|6\n|inactive|Jah_08 has 30 seconds left.\n|\n|t:|1776293918\n|move|p1a: Sneasler|Close Combat|p2b: Hydreigon\n|-supereffective|p2b: Hydreigon|1\n|-enditem|p2b: Hydreigon|Chople Berry|[eat]\n|-enditem|p2b: Hydreigon|Chople Berry|[weaken]\n|-damage|p2b: Hydreigon|0 fnt\n|-unboost|p1a: Sneasler|def|1\n|-unboost|p1a: Sneasler|spd|1\n|faint|p2b: Hydreigon\n|-enditem|p1a: Sneasler|White Herb\n|-clearnegativeboost|p1a: Sneasler|[silent]\n|move|p2a: Excadrill|High Horsepower|p1a: Sneasler\n|-supereffective|p1a: Sneasler|1\n|-damage|p1a: Sneasler|0 fnt\n|faint|p1a: Sneasler\n|move|p1b: Arcanine|Snarl|p2a: Excadrill\n|-damage|p2a: Excadrill|84/100\n|-unboost|p2a: Excadrill|spa|1\n|\n|-heal|p1b: Arcanine|82/100|[from] item: Leftovers\n|upkeep\n|\n|t:|1776293937\n|switch|p2b: Chandelure|Chandelure-Mega, L50, M|100/100\n|turn|7\n|\n|t:|1776293944\n|move|p2a: Excadrill|High Horsepower|p1b: Arcanine\n|-supereffective|p1b: Arcanine|1\n|-damage|p1b: Arcanine|0 fnt\n|faint|p1b: Arcanine\n|\n|win|Jah_08\n|raw|travterr1's rating: 1169 &rarr; <strong>1146</strong><br />(-23 for losing)\n|raw|Jah_08's rating: 1193 &rarr; <strong>1216</strong><br />(+23 for winning)\n|l|\u2606travterr1\n|player|p1|\n",
  "uploadtime": 1776293958,
  "views": 22,
  "formatid": "gen9championsvgc2026regma",
  "rating": 1146,
  "private": 0,
  "password": null
}