{
  "id": "gen9championsvgc2026regma-2587935068",
  "format": "[Gen 9 Champions] VGC 2026 Reg M-A",
  "players": [
    "ilabchknnuggets",
    "apexdesu"
  ],
  "log": "|j|\u2606ilabchknnuggets\n|j|\u2606apexdesu\n|t:|1776581347\n|gametype|doubles\n|player|p1|ilabchknnuggets|hooligans|1116\n|player|p2|apexdesu|cowgirl|1165\n|gen|9\n|tier|[Gen 9 Champions] VGC 2026 Reg M-A\n|rated|\n|rule|Species Clause: Limit one of each Pok\u00e9mon\n|rule|Item Clause: Limit 1 of each item\n|clearpoke\n|poke|p1|Charizard, L50, M|\n|poke|p1|Venusaur, L50, F|\n|poke|p1|Garchomp, L50, M|\n|poke|p1|Rotom-Wash, L50|\n|poke|p1|Sneasler, L50, M|\n|poke|p1|Incineroar, L50, F|\n|poke|p2|Ninetales-Alola, L50, M|\n|poke|p2|Crabominable, L50, F|\n|poke|p2|Camerupt, L50, F|\n|poke|p2|Incineroar, L50, F|\n|poke|p2|Farigiraf, L50, M|\n|poke|p2|Torkoal, L50, M|\n|teampreview|4\n|inactive|Battle timer is ON: inactive players will automatically lose when time's up. (requested by ilabchknnuggets)\n|\n|t:|1776581353\n|teamsize|p1|4\n|teamsize|p2|4\n|start\n|switch|p1a: Charizard|Charizard, L50, M|100/100\n|switch|p1b: Garchomp|Garchomp, L50, M|100/100\n|switch|p2a: Incineroar|Incineroar, L50, F|100/100\n|switch|p2b: Farigiraf|Farigiraf, L50, M|100/100\n|-ability|p2a: Incineroar|Intimidate|boost\n|-unboost|p1a: Charizard|atk|1\n|-unboost|p1b: Garchomp|atk|1\n|turn|1\n|inactive|ilabchknnuggets has 30 seconds left.\n|\n|t:|1776581378\n|detailschange|p1a: Charizard|Charizard-Mega-Y, L50, M\n|-mega|p1a: Charizard|Charizard|Charizardite Y\n|-weather|SunnyDay|[from] ability: Drought|[of] p1a: Charizard\n|move|p2a: Incineroar|Fake Out|p1a: Charizard\n|-damage|p1a: Charizard|81/100\n|move|p1b: Garchomp|Earthquake|p2b: Farigiraf|[spread] p2a,p2b\n|-immune|p1a: Charizard\n|-supereffective|p2a: Incineroar|1\n|-damage|p2a: Incineroar|43/100\n|-damage|p2b: Farigiraf|77/100\n|cant|p1a: Charizard|flinch\n|move|p2b: Farigiraf|Trick Room|p2b: Farigiraf\n|-fieldstart|move: Trick Room|[of] p2b: Farigiraf\n|\n|-weather|SunnyDay|[upkeep]\n|upkeep\n|turn|2\n|inactive|apexdesu has 30 seconds left.\n|\n|t:|1776581404\n|switch|p2b: Camerupt|Camerupt, L50, F|100/100\n|move|p2a: Incineroar|Parting Shot|p1a: Charizard\n|-unboost|p1a: Charizard|atk|1\n|-unboost|p1a: Charizard|spa|1\n|\n|t:|1776581420\n|switch|p2a: Torkoal|Torkoal, L50, M|100/100|[from] Parting Shot\n|move|p1a: Charizard|Weather Ball|p2b: Camerupt\n|-resisted|p2b: Camerupt|1\n|-damage|p2b: Camerupt|60/100\n|move|p1b: Garchomp|Earthquake|p2a: Torkoal|[spread] p2a,p2b\n|-immune|p1a: Charizard\n|-supereffective|p2a: Torkoal|1\n|-supereffective|p2b: Camerupt|1\n|-damage|p2a: Torkoal|55/100\n|-damage|p2b: Camerupt|7/100\n|\n|-weather|SunnyDay|[upkeep]\n|upkeep\n|turn|3\n|\n|t:|1776581441\n|switch|p1a: Incineroar|Incineroar, L50, F|100/100\n|-ability|p1a: Incineroar|Intimidate|boost\n|-unboost|p2a: Torkoal|atk|1\n|-unboost|p2b: Camerupt|atk|1\n|detailschange|p2b: Camerupt|Camerupt-Mega, L50, F\n|-mega|p2b: Camerupt|Camerupt|Cameruptite\n|move|p2a: Torkoal|Heat Wave|p1a: Incineroar|[spread] p1a\n|-miss|p2a: Torkoal|p1b: Garchomp\n|-resisted|p1a: Incineroar|1\n|-damage|p1a: Incineroar|75/100\n|move|p2b: Camerupt|Rock Slide|p1b: Garchomp|[spread] p1a,p1b\n|-supereffective|p1a: Incineroar|1\n|-resisted|p1b: Garchomp|1\n|-damage|p1a: Incineroar|49/100\n|-damage|p1b: Garchomp|94/100\n|-enditem|p1a: Incineroar|Sitrus Berry|[eat]\n|-heal|p1a: Incineroar|74/100|[from] item: Sitrus Berry\n|move|p1b: Garchomp|Earthquake|p2a: Torkoal|[spread] p1a,p2a,p2b\n|-supereffective|p1a: Incineroar|1\n|-crit|p1a: Incineroar\n|-supereffective|p2a: Torkoal|1\n|-supereffective|p2b: Camerupt|1\n|-damage|p1a: Incineroar|0 fnt\n|-damage|p2a: Torkoal|10/100\n|-damage|p2b: Camerupt|0 fnt\n|faint|p1a: Incineroar\n|faint|p2b: Camerupt\n|\n|-weather|SunnyDay|[upkeep]\n|upkeep\n|inactive|apexdesu has 30 seconds left.\n|\n|t:|1776581466\n|switch|p2b: Incineroar|Incineroar, L50, F|43/100\n|switch|p1a: Sneasler|Sneasler, L50, M|100/100\n|-ability|p2b: Incineroar|Intimidate|boost\n|-unboost|p1a: Sneasler|atk|1\n|-unboost|p1b: Garchomp|atk|1\n|-enditem|p1a: Sneasler|White Herb\n|-clearnegativeboost|p1a: Sneasler|[silent]\n|turn|4\n|\n|t:|1776581489\n|switch|p1b: Charizard|Charizard-Mega-Y, L50, M|81/100\n|move|p2b: Incineroar|Fake Out|p1a: Sneasler\n|-damage|p1a: Sneasler|75/100\n|cant|p1a: Sneasler|flinch\n|move|p2a: Torkoal|Earth Power|p1a: Sneasler\n|-supereffective|p1a: Sneasler|1\n|-damage|p1a: Sneasler|8/100\n|\n|-weather|SunnyDay|[upkeep]\n|upkeep\n|turn|5\n|inactive|apexdesu has 30 seconds left.\n|inactive|apexdesu has 20 seconds left.\n|\n|t:|1776581527\n|switch|p1a: Garchomp|Garchomp, L50, M|94/100\n|move|p1b: Charizard|Protect|p1b: Charizard\n|-singleturn|p1b: Charizard|Protect\n|move|p2a: Torkoal|Earth Power|p1a: Garchomp\n|-damage|p1a: Garchomp|66/100\n|-unboost|p1a: Garchomp|spd|1\n|move|p2b: Incineroar|Parting Shot|p1b: Charizard\n|-activate|p1b: Charizard|move: Protect\n|\n|-weather|none\n|-fieldend|move: Trick Room\n|upkeep\n|turn|6\n|\n|t:|1776581547\n|switch|p2b: Farigiraf|Farigiraf, L50, M|77/100\n|move|p2a: Torkoal|Protect|p2a: Torkoal\n|-singleturn|p2a: Torkoal|Protect\n|move|p1a: Garchomp|Earthquake|p2a: Torkoal|[spread] p2b\n|-activate|p2a: Torkoal|move: Protect\n|-immune|p1b: Charizard\n|-damage|p2b: Farigiraf|46/100\n|-enditem|p2b: Farigiraf|Sitrus Berry|[eat]\n|-heal|p2b: Farigiraf|70/100|[from] item: Sitrus Berry\n|move|p1b: Charizard|Heat Wave|p2a: Torkoal|[spread] p2b\n|-activate|p2a: Torkoal|move: Protect\n|-damage|p2b: Farigiraf|21/100\n|\n|upkeep\n|turn|7\n|\n|t:|1776581567\n|move|p1a: Garchomp|Earthquake|p2b: Farigiraf|[spread] p2a,p2b\n|-immune|p1b: Charizard\n|-supereffective|p2a: Torkoal|1\n|-damage|p2a: Torkoal|0 fnt\n|-damage|p2b: Farigiraf|0 fnt\n|faint|p2a: Torkoal\n|faint|p2b: Farigiraf\n|move|p1b: Charizard|Heat Wave|p2: Torkoal|[notarget]\n|-fail|p1b: Charizard\n|\n|upkeep\n|-message|apexdesu forfeited.\n|\n|win|ilabchknnuggets\n|raw|ilabchknnuggets's rating: 1116 &rarr; <strong>1145</strong><br />(+29 for winning)\n|raw|apexdesu's rating: 1165 &rarr; <strong>1136</strong><br />(-29 for losing)\n|l|\u2606apexdesu\n|player|p2|\n",
  "uploadtime": 1776581578,
  "views": 7,
  "formatid": "gen9championsvgc2026regma",
  "rating": 1136,
  "private": 0,
  "password": null
}