{
  "id": "gen9championsvgc2026regma-2580852781",
  "format": "[Gen 9 Champions] VGC 2026 Reg M-A",
  "players": [
    "Icydogg",
    "fearatomic"
  ],
  "log": "|j|\u2606Icydogg\n|j|\u2606fearatomic\n|t:|1775937805\n|gametype|doubles\n|player|p1|Icydogg|1|1223\n|player|p2|fearatomic|steven|1253\n|gen|9\n|tier|[Gen 9 Champions] VGC 2026 Reg M-A\n|rated|\n|rule|Species Clause: Limit one of each Pok\u00e9mon\n|rule|Item Clause: Limit 1 of each item\n|clearpoke\n|poke|p1|Whimsicott, L50, M|\n|poke|p1|Sneasler, L50, M|\n|poke|p1|Floette-Eternal, L50, F|\n|poke|p1|Kingambit, L50, F|\n|poke|p1|Arcanine-Hisui, L50, M|\n|poke|p1|Volcarona, L50, F|\n|poke|p2|Incineroar, L50, F|\n|poke|p2|Corviknight, L50, M|\n|poke|p2|Clefable, L50, M|\n|poke|p2|Kingambit, L50, M|\n|poke|p2|Charizard, L50, F|\n|poke|p2|Garchomp, L50, M|\n|teampreview|4\n|inactive|Battle timer is ON: inactive players will automatically lose when time's up. (requested by Icydogg)\n|inactive|fearatomic has 60 seconds left.\n|inactive|fearatomic has 30 seconds left.\n|\n|t:|1775937870\n|teamsize|p1|4\n|teamsize|p2|4\n|start\n|switch|p1a: Kingambit|Kingambit, L50, F, shiny|100/100\n|switch|p1b: Arcanine|Arcanine-Hisui, L50, M, shiny|100/100\n|switch|p2a: Charizard|Charizard, L50, F|100/100\n|switch|p2b: Garchomp|Garchomp, L50, M|100/100\n|-ability|p1b: Arcanine|Intimidate|boost\n|-unboost|p2a: Charizard|atk|1\n|-unboost|p2b: Garchomp|atk|1\n|turn|1\n|\n|t:|1775937895\n|detailschange|p2a: Charizard|Charizard-Mega-Y, L50, F\n|-mega|p2a: Charizard|Charizard|Charizardite Y\n|-weather|SunnyDay|[from] ability: Drought|[of] p2a: Charizard\n|move|p1b: Arcanine|Extreme Speed|p2a: Charizard\n|-damage|p2a: Charizard|66/100\n|move|p1a: Kingambit|Sucker Punch|p2a: Charizard\n|-damage|p2a: Charizard|2/100\n|move|p2b: Garchomp|Earthquake|p1a: Kingambit|[spread] p1a,p1b\n|-immune|p2a: Charizard\n|-supereffective|p1a: Kingambit|1\n|-supereffective|p1b: Arcanine|2\n|-damage|p1a: Kingambit|60/100\n|-damage|p1b: Arcanine|0 fnt\n|faint|p1b: Arcanine\n|move|p2a: Charizard|Heat Wave|p1a: Kingambit\n|-supereffective|p1a: Kingambit|1\n|-crit|p1a: Kingambit\n|-damage|p1a: Kingambit|0 fnt\n|faint|p1a: Kingambit\n|\n|-weather|SunnyDay|[upkeep]\n|upkeep\n|\n|t:|1775937899\n|switch|p1b: Floette|Floette-Eternal, L50, F|100/100\n|switch|p1a: Whimsicott|Whimsicott, L50, M, shiny|100/100\n|turn|2\n|inactive|fearatomic has 30 seconds left.\n|inactive|fearatomic has 20 seconds left.\n|inactive|fearatomic has 15 seconds left.\n|inactive|fearatomic has 10 seconds left.\n|inactive|fearatomic has 5 seconds left.\n|\n|t:|1775937951\n|detailschange|p1b: Floette|Floette-Mega, L50, F\n|-mega|p1b: Floette|Floette|Floettite\n|-ability|p1b: Floette|Fairy Aura\n|move|p2a: Charizard|Protect|p2a: Charizard\n|-singleturn|p2a: Charizard|Protect\n|move|p1a: Whimsicott|Tailwind|p1a: Whimsicott\n|-sidestart|p1: Icydogg|move: Tailwind\n|move|p1b: Floette|Dazzling Gleam|p2b: Garchomp|[spread] p2b\n|-activate|p2a: Charizard|move: Protect\n|-supereffective|p2b: Garchomp|1\n|-damage|p2b: Garchomp|0 fnt\n|faint|p2b: Garchomp\n|\n|-weather|SunnyDay|[upkeep]\n|upkeep\n|\n|t:|1775937970\n|switch|p2b: Kingambit|Kingambit, L50, M|100/100\n|turn|3\n|\n|t:|1775937987\n|switch|p2a: Incineroar|Incineroar, L50, F|100/100\n|-ability|p2a: Incineroar|Intimidate|boost\n|-unboost|p1a: Whimsicott|atk|1\n|-unboost|p1b: Floette|atk|1\n|move|p1a: Whimsicott|Encore|p2a: Incineroar\n|-hint|Since gen 7, Dark is immune to Prankster moves.\n|-immune|p2a: Incineroar\n|move|p1b: Floette|Light of Ruin|p2b: Kingambit\n|-damage|p2b: Kingambit|0 fnt\n|faint|p2b: Kingambit\n|-damage|p1b: Floette|33/100|[from] Recoil\n|\n|-weather|SunnyDay|[upkeep]\n|upkeep\n|\n|t:|1775937998\n|switch|p2b: Charizard|Charizard-Mega-Y, L50, F|2/100\n|turn|4\n|inactive|fearatomic has 30 seconds left.\n|\n|t:|1775938027\n|move|p2b: Charizard|Protect|p2b: Charizard\n|-singleturn|p2b: Charizard|Protect\n|move|p1a: Whimsicott|Moonblast|p2b: Charizard\n|-activate|p2b: Charizard|move: Protect\n|move|p1b: Floette|Moonblast|p2a: Incineroar\n|-damage|p2a: Incineroar|27/100\n|-enditem|p2a: Incineroar|Sitrus Berry|[eat]\n|-heal|p2a: Incineroar|52/100|[from] item: Sitrus Berry\n|move|p2a: Incineroar|Darkest Lariat|p1b: Floette\n|-resisted|p1b: Floette|1\n|-damage|p1b: Floette|12/100\n|\n|-weather|SunnyDay|[upkeep]\n|upkeep\n|turn|5\n|\n|t:|1775938049\n|move|p1a: Whimsicott|Moonblast|p2b: Charizard\n|-resisted|p2b: Charizard|1\n|-damage|p2b: Charizard|0 fnt\n|faint|p2b: Charizard\n|move|p1b: Floette|Moonblast|p2a: Incineroar\n|-damage|p2a: Incineroar|0 fnt\n|faint|p2a: Incineroar\n|\n|win|Icydogg\n|raw|Icydogg's rating: 1223 &rarr; <strong>1250</strong><br />(+27 for winning)\n|raw|fearatomic's rating: 1253 &rarr; <strong>1226</strong><br />(-27 for losing)\n|l|\u2606Icydogg\n|player|p1|\n",
  "uploadtime": 1775938078,
  "views": 26,
  "formatid": "gen9championsvgc2026regma",
  "rating": 1226,
  "private": 0,
  "password": null
}