{
  "id": "gen9championsvgc2026regma-2588688179",
  "format": "[Gen 9 Champions] VGC 2026 Reg M-A",
  "players": [
    "Moxiemencefan21",
    "FlutterKiller"
  ],
  "log": "|j|\u2606Moxiemencefan21\n|j|\u2606FlutterKiller\n|t:|1776657889\n|gametype|doubles\n|player|p1|Moxiemencefan21|101|1199\n|player|p2|FlutterKiller|byron|1192\n|gen|9\n|tier|[Gen 9 Champions] VGC 2026 Reg M-A\n|rated|\n|rule|Species Clause: Limit one of each Pok\u00e9mon\n|rule|Item Clause: Limit 1 of each item\n|clearpoke\n|poke|p1|Charizard, L50, F|\n|poke|p1|Milotic, L50, M|\n|poke|p1|Sinistcha, L50|\n|poke|p1|Scizor, L50, M|\n|poke|p1|Ninetales-Alola, L50, M|\n|poke|p1|Tauros-Paldea-Aqua, L50, M|\n|poke|p2|Farigiraf, L50, F|\n|poke|p2|Torkoal, L50, M|\n|poke|p2|Abomasnow, L50, M|\n|poke|p2|Basculegion, L50, M|\n|poke|p2|Camerupt, L50, F|\n|poke|p2|Kleavor, L50, M|\n|teampreview|4\n|inactive|Battle timer is ON: inactive players will automatically lose when time's up. (requested by FlutterKiller)\n|\n|t:|1776657916\n|teamsize|p1|4\n|teamsize|p2|4\n|start\n|switch|p1a: Charizard|Charizard, L50, F|100/100\n|switch|p1b: Milotic|Milotic, L50, M|100/100\n|switch|p2a: Farigiraf|Farigiraf, L50, F|100/100\n|switch|p2b: Kleavor|Kleavor, L50, M|100/100\n|turn|1\n|inactive|Moxiemencefan21 has 30 seconds left.\n|inactive|Moxiemencefan21 has 20 seconds left.\n|\n|t:|1776657955\n|switch|p1a: Tauros|Tauros-Paldea-Aqua, L50, M|100/100\n|-ability|p1a: Tauros|Intimidate|boost\n|-unboost|p2a: Farigiraf|atk|1\n|-unboost|p2b: Kleavor|atk|1\n|move|p2b: Kleavor|Stone Axe|p1a: Tauros\n|-resisted|p1a: Tauros|1\n|-damage|p1a: Tauros|82/100\n|-sidestart|p1: Moxiemencefan21|move: Stealth Rock\n|move|p1b: Milotic|Scald|p2b: Kleavor\n|-supereffective|p2b: Kleavor|1\n|-damage|p2b: Kleavor|18/100\n|move|p2a: Farigiraf|Trick Room|p2a: Farigiraf\n|-fieldstart|move: Trick Room|[of] p2a: Farigiraf\n|\n|upkeep\n|turn|2\n|\n|t:|1776657976\n|move|p1b: Milotic|Protect|p1b: Milotic\n|-singleturn|p1b: Milotic|Protect\n|move|p1a: Tauros|Protect|p1a: Tauros\n|-singleturn|p1a: Tauros|Protect\n|move|p2a: Farigiraf|Psychic|p1a: Tauros\n|-activate|p1a: Tauros|move: Protect\n|move|p2b: Kleavor|Stone Axe|p1b: Milotic\n|-activate|p1b: Milotic|move: Protect\n|\n|upkeep\n|turn|3\n|\n|t:|1776657997\n|switch|p1a: Sinistcha|Sinistcha, L50|100/100\n|-damage|p1a: Sinistcha|88/100|[from] Stealth Rock\n|move|p2a: Farigiraf|Psychic|p1a: Sinistcha\n|-damage|p1a: Sinistcha|43/100\n|-enditem|p1a: Sinistcha|Sitrus Berry|[eat]\n|-heal|p1a: Sinistcha|67/100|[from] item: Sitrus Berry\n|move|p1b: Milotic|Scald|p2a: Farigiraf\n|-damage|p2a: Farigiraf|68/100\n|move|p2b: Kleavor|Stone Axe|p1b: Milotic\n|-damage|p1b: Milotic|69/100\n|\n|-heal|p1b: Milotic|75/100|[from] item: Leftovers\n|upkeep\n|turn|4\n|inactive|Moxiemencefan21 has 30 seconds left.\n|\n|t:|1776658030\n|switch|p2b: Torkoal|Torkoal, L50, M|100/100\n|-weather|SunnyDay|[from] ability: Drought|[of] p2b: Torkoal\n|move|p2a: Farigiraf|Protect|p2a: Farigiraf\n|-singleturn|p2a: Farigiraf|Protect\n|move|p1a: Sinistcha|Matcha Gotcha|p2a: Farigiraf|[spread] p2b\n|-activate|p2a: Farigiraf|move: Protect\n|-resisted|p2b: Torkoal|1\n|-damage|p2b: Torkoal|82/100\n|-heal|p1a: Sinistcha|75/100|[from] drain|[of] p2b: Torkoal\n|move|p1b: Milotic|Scald|p2a: Farigiraf\n|-activate|p2a: Farigiraf|move: Protect\n|\n|-weather|SunnyDay|[upkeep]\n|-heal|p1b: Milotic|81/100|[from] item: Leftovers\n|upkeep\n|turn|5\n|inactive|Moxiemencefan21 has 30 seconds left.\n|inactive|Moxiemencefan21 has 20 seconds left.\n|inactive|Moxiemencefan21 has 15 seconds left.\n|\n|t:|1776658070\n|switch|p1a: Tauros|Tauros-Paldea-Aqua, L50, M|82/100\n|-damage|p1a: Tauros|76/100|[from] Stealth Rock\n|-ability|p1a: Tauros|Intimidate|boost\n|-unboost|p2a: Farigiraf|atk|1\n|-unboost|p2b: Torkoal|atk|1\n|move|p2a: Farigiraf|Helping Hand|p2b: Torkoal\n|-singleturn|p2b: Torkoal|Helping Hand|[of] p2a: Farigiraf\n|move|p1b: Milotic|Protect|p1b: Milotic\n|-singleturn|p1b: Milotic|Protect\n|move|p2b: Torkoal|Solar Beam||[still]\n|-prepare|p2b: Torkoal|Solar Beam\n|-anim|p2b: Torkoal|Solar Beam|p1b: Milotic\n|-activate|p1b: Milotic|move: Protect\n|\n|-weather|SunnyDay|[upkeep]\n|-heal|p1b: Milotic|87/100|[from] item: Leftovers\n|-fieldend|move: Trick Room\n|upkeep\n|turn|6\n|\n|t:|1776658092\n|move|p2b: Torkoal|Protect|p2b: Torkoal\n|-singleturn|p2b: Torkoal|Protect\n|move|p1a: Tauros|Close Combat|p2a: Farigiraf\n|-damage|p2a: Farigiraf|10/100\n|-unboost|p1a: Tauros|def|1\n|-unboost|p1a: Tauros|spd|1\n|-enditem|p1a: Tauros|White Herb\n|-clearnegativeboost|p1a: Tauros|[silent]\n|move|p1b: Milotic|Scald|p2a: Farigiraf\n|-damage|p2a: Farigiraf|0 fnt\n|faint|p2a: Farigiraf\n|\n|-weather|SunnyDay|[upkeep]\n|-heal|p1b: Milotic|93/100|[from] item: Leftovers\n|upkeep\n|\n|t:|1776658106\n|switch|p2a: Kleavor|Kleavor, L50, M|18/100\n|turn|7\n|\n|t:|1776658120\n|move|p2a: Kleavor|X-Scissor|p1b: Milotic\n|-damage|p1b: Milotic|36/100\n|move|p1a: Tauros|Raging Bull|p2b: Torkoal\n|-supereffective|p2b: Torkoal|1\n|-damage|p2b: Torkoal|45/100\n|move|p1b: Milotic|Scald|p2b: Torkoal\n|-supereffective|p2b: Torkoal|1\n|-damage|p2b: Torkoal|9/100\n|move|p2b: Torkoal|Solar Beam||[still]\n|-prepare|p2b: Torkoal|Solar Beam\n|-anim|p2b: Torkoal|Solar Beam|p1b: Milotic\n|-supereffective|p1b: Milotic|1\n|-damage|p1b: Milotic|0 fnt\n|faint|p1b: Milotic\n|\n|-weather|SunnyDay|[upkeep]\n|upkeep\n|\n|t:|1776658139\n|switch|p1b: Sinistcha|Sinistcha, L50|75/100\n|-damage|p1b: Sinistcha|63/100|[from] Stealth Rock\n|-heal|p1a: Tauros|100/100|[from] ability: Hospitality|[of] p1b: Sinistcha\n|turn|8\n|\n|t:|1776658158\n|switch|p2a: Camerupt|Camerupt, L50, F|100/100\n|move|p1a: Tauros|Raging Bull|p2a: Camerupt\n|-supereffective|p2a: Camerupt|2\n|-crit|p2a: Camerupt\n|-damage|p2a: Camerupt|0 fnt\n|faint|p2a: Camerupt\n|move|p1b: Sinistcha|Shadow Ball|p2b: Torkoal\n|-damage|p2b: Torkoal|0 fnt\n|faint|p2b: Torkoal\n|\n|-weather|none\n|upkeep\n|-message|FlutterKiller forfeited.\n|\n|win|Moxiemencefan21\n|raw|Moxiemencefan21's rating: 1199 &rarr; <strong>1223</strong><br />(+24 for winning)\n|raw|FlutterKiller's rating: 1192 &rarr; <strong>1168</strong><br />(-24 for losing)\n|l|\u2606FlutterKiller\n|player|p2|\n",
  "uploadtime": 1776658175,
  "views": 9,
  "formatid": "gen9championsvgc2026regma",
  "rating": 1168,
  "private": 0,
  "password": null
}