{
  "id": "gen9championsvgc2026regma-2587257389",
  "format": "[Gen 9 Champions] VGC 2026 Reg M-A",
  "players": [
    "notcheetofingers",
    "primalogrepon786"
  ],
  "log": "|j|\u2606notcheetofingers\n|j|\u2606primalogrepon786\n|t:|1776515250\n|gametype|doubles\n|player|p1|notcheetofingers|pokemaniac|1181\n|player|p2|primalogrepon786|hilda|1119\n|gen|9\n|tier|[Gen 9 Champions] VGC 2026 Reg M-A\n|rated|\n|rule|Species Clause: Limit one of each Pok\u00e9mon\n|rule|Item Clause: Limit 1 of each item\n|clearpoke\n|poke|p1|Ampharos, L50, M|\n|poke|p1|Klefki, L50, F|\n|poke|p1|Farigiraf, L50, F|\n|poke|p1|Primarina, L50, M|\n|poke|p1|Incineroar, L50, F|\n|poke|p1|Snorlax, L50, F|\n|poke|p2|Gardevoir, L50, M|\n|poke|p2|Incineroar, L50, F|\n|poke|p2|Rotom-Wash, L50|\n|poke|p2|Farigiraf, L50, F|\n|poke|p2|Altaria, L50, M|\n|poke|p2|Volcarona, L50, M|\n|teampreview|4\nnotcheetofingers has agreed to open team sheets.\n|\n|t:|1776515337\n|teamsize|p1|4\n|teamsize|p2|4\n|start\n|switch|p1a: Farigiraf|Farigiraf, L50, F|100/100\n|switch|p1b: Primarina|Primarina, L50, M|100/100\n|switch|p2a: Farigiraf|Farigiraf, L50, F|100/100\n|switch|p2b: Incineroar|Incineroar, L50, F|100/100\n|-ability|p2b: Incineroar|Intimidate|boost\n|-unboost|p1a: Farigiraf|atk|1\n|-unboost|p1b: Primarina|atk|1\n|turn|1\n|inactive|Battle timer is ON: inactive players will automatically lose when time's up. (requested by primalogrepon786)\n|\n|t:|1776515357\n|move|p2a: Farigiraf|Helping Hand|p2b: Incineroar\n|-singleturn|p2b: Incineroar|Helping Hand|[of] p2a: Farigiraf\n|move|p1b: Primarina|Protect|p1b: Primarina\n|-singleturn|p1b: Primarina|Protect\n|move|p1a: Farigiraf|Protect|p1a: Farigiraf\n|-singleturn|p1a: Farigiraf|Protect\n|move|p2b: Incineroar|Darkest Lariat|p1a: Farigiraf\n|-activate|p1a: Farigiraf|move: Protect\n|\n|upkeep\n|turn|2\n|\n|t:|1776515378\n|switch|p2b: Gardevoir|Gardevoir, L50, M|100/100\n|move|p2a: Farigiraf|Helping Hand|p2b: Gardevoir\n|-singleturn|p2b: Gardevoir|Helping Hand|[of] p2a: Farigiraf\n|move|p1b: Primarina|Hyper Voice|p2a: Farigiraf|[spread] p2a,p2b\n|-crit|p2a: Farigiraf\n|-damage|p2a: Farigiraf|47/100\n|-damage|p2b: Gardevoir|62/100\n|move|p1a: Farigiraf|Trick Room|p1a: Farigiraf\n|-fieldstart|move: Trick Room|[of] p1a: Farigiraf\n|\n|upkeep\n|turn|3\n|\n|t:|1776515395\n|detailschange|p2b: Gardevoir|Gardevoir-Mega, L50, M\n|-mega|p2b: Gardevoir|Gardevoir|Gardevoirite\n|move|p2b: Gardevoir|Protect|p2b: Gardevoir\n|-singleturn|p2b: Gardevoir|Protect\n|move|p1b: Primarina|Hyper Voice|p2a: Farigiraf|[spread] p2a\n|-activate|p2b: Gardevoir|move: Protect\n|-damage|p2a: Farigiraf|11/100\n|move|p1a: Farigiraf|Hyper Voice|p2a: Farigiraf|[spread] p2a\n|-activate|p2b: Gardevoir|move: Protect\n|-damage|p2a: Farigiraf|0 fnt\n|faint|p2a: Farigiraf\n|\n|upkeep\n|\n|t:|1776515410\n|switch|p2a: Incineroar|Incineroar, L50, F|100/100\n|-ability|p2a: Incineroar|Intimidate|boost\n|-unboost|p1a: Farigiraf|atk|1\n|-unboost|p1b: Primarina|atk|1\n|turn|4\n|\n|t:|1776515419\n|move|p1b: Primarina|Protect|p1b: Primarina\n|-singleturn|p1b: Primarina|Protect\n|move|p1a: Farigiraf|Protect|p1a: Farigiraf\n|-singleturn|p1a: Farigiraf|Protect\n|move|p2a: Incineroar|Darkest Lariat|p1a: Farigiraf\n|-activate|p1a: Farigiraf|move: Protect\n|move|p2b: Gardevoir|Hyper Voice|p1a: Farigiraf|[spread] \n|-activate|p1a: Farigiraf|move: Protect\n|-activate|p1b: Primarina|move: Protect\n|\n|upkeep\n|turn|5\n|\n|t:|1776515435\n|move|p1a: Farigiraf|Hyper Voice|p2a: Incineroar|[spread] p2a,p2b\n|-damage|p2a: Incineroar|73/100\n|-damage|p2b: Gardevoir|36/100\n|move|p1b: Primarina|Hyper Voice|p2a: Incineroar|[spread] p2a,p2b\n|-supereffective|p2a: Incineroar|1\n|-damage|p2a: Incineroar|8/100\n|-damage|p2b: Gardevoir|4/100\n|-enditem|p2a: Incineroar|Sitrus Berry|[eat]\n|-heal|p2a: Incineroar|33/100|[from] item: Sitrus Berry\n|move|p2a: Incineroar|Darkest Lariat|p1a: Farigiraf\n|-supereffective|p1a: Farigiraf|1\n|-crit|p1a: Farigiraf\n|-damage|p1a: Farigiraf|0 fnt\n|faint|p1a: Farigiraf\n|move|p2b: Gardevoir|Hyper Voice|p1b: Primarina\n|-damage|p1b: Primarina|38/100\n|\n|upkeep\n|\n|t:|1776515450\n|switch|p1a: Snorlax|Snorlax, L50, F|100/100\n|turn|6\n|\n|t:|1776515469\n|switch|p2a: Volcarona|Volcarona, L50, M|100/100\n|move|p2b: Gardevoir|Protect|p2b: Gardevoir\n|-singleturn|p2b: Gardevoir|Protect\n|move|p1a: Snorlax|Curse|p1a: Snorlax\n|-unboost|p1a: Snorlax|spe|1\n|-boost|p1a: Snorlax|atk|1\n|-boost|p1a: Snorlax|def|1\n|move|p1b: Primarina|Hyper Voice|p2a: Volcarona|[spread] p2a\n|-activate|p2b: Gardevoir|move: Protect\n|-supereffective|p2a: Volcarona|1\n|-damage|p2a: Volcarona|35/100\n|\n|-heal|p2a: Volcarona|41/100|[from] item: Leftovers\n|-fieldend|move: Trick Room\n|upkeep\n|turn|7\n|inactive|notcheetofingers has 30 seconds left.\n|inactive|primalogrepon786 has 30 seconds left.\n|inactive|notcheetofingers has 20 seconds left.\n|\n|t:|1776515506\n|move|p1b: Primarina|Protect|p1b: Primarina\n|-singleturn|p1b: Primarina|Protect\n|move|p2b: Gardevoir|Hyper Voice|p1a: Snorlax|[spread] p1a\n|-activate|p1b: Primarina|move: Protect\n|-damage|p1a: Snorlax|64/100\n|move|p2a: Volcarona|Fiery Dance|p1a: Snorlax\n|-damage|p1a: Snorlax|51/100\n|-boost|p2a: Volcarona|spa|1\n|move|p1a: Snorlax|High Horsepower|p2a: Volcarona\n|-damage|p2a: Volcarona|0 fnt\n|-status|p1a: Snorlax|brn|[from] ability: Flame Body|[of] p2a: Volcarona\n|faint|p2a: Volcarona\n|\n|-heal|p1a: Snorlax|57/100 brn|[from] item: Leftovers\n|-damage|p1a: Snorlax|51/100 brn|[from] brn\n|upkeep\n|\n|t:|1776515525\n|switch|p2a: Incineroar|Incineroar, L50, F|33/100\n|-ability|p2a: Incineroar|Intimidate|boost\n|-unboost|p1a: Snorlax|atk|1\n|-unboost|p1b: Primarina|atk|1\n|turn|8\n|\n|t:|1776515545\n|move|p2a: Incineroar|Fake Out|p1b: Primarina\n|-damage|p1b: Primarina|23/100\n|move|p2b: Gardevoir|Moonblast|p1a: Snorlax\n|-damage|p1a: Snorlax|10/100 brn\n|cant|p1b: Primarina|flinch\n|move|p1a: Snorlax|Double-Edge|p2b: Gardevoir\n|-damage|p2b: Gardevoir|0 fnt\n|faint|p2b: Gardevoir\n|-damage|p1a: Snorlax|9/100 brn|[from] Recoil\n|\n|-heal|p1a: Snorlax|15/100 brn|[from] item: Leftovers\n|-damage|p1a: Snorlax|9/100 brn|[from] brn\n|upkeep\n|turn|9\n|\n|t:|1776515563\n|move|p2a: Incineroar|Flare Blitz|p1a: Snorlax\n|-damage|p1a: Snorlax|0 fnt\n|faint|p1a: Snorlax\n|-damage|p2a: Incineroar|29/100|[from] Recoil\n|move|p1b: Primarina|Hyper Voice|p2a: Incineroar\n|-supereffective|p2a: Incineroar|1\n|-damage|p2a: Incineroar|0 fnt\n|faint|p2a: Incineroar\n|\n|win|notcheetofingers\n|raw|notcheetofingers's rating: 1181 &rarr; <strong>1202</strong><br />(+21 for winning)\n|raw|primalogrepon786's rating: 1119 &rarr; <strong>1098</strong><br />(-21 for losing)\n|l|\u2606primalogrepon786\n|player|p2|\n",
  "uploadtime": 1776515582,
  "views": 23,
  "formatid": "gen9championsvgc2026regma",
  "rating": 1098,
  "private": 0,
  "password": null
}