{
  "id": "gen9championsvgc2026regma-2585463276",
  "format": "[Gen 9 Champions] VGC 2026 Reg M-A",
  "players": [
    "Yamimari",
    "azeempc"
  ],
  "log": "|j|\u2606Yamimari\n|j|\u2606azeempc\n|t:|1776348971\n|gametype|doubles\n|player|p1|Yamimari|n|1097\n|player|p2|azeempc|1|1000\n|gen|9\n|tier|[Gen 9 Champions] VGC 2026 Reg M-A\n|rated|\n|rule|Species Clause: Limit one of each Pok\u00e9mon\n|rule|Item Clause: Limit 1 of each item\n|clearpoke\n|poke|p1|Blastoise, L50, M|\n|poke|p1|Raichu, L50, M|\n|poke|p1|Pelipper, L50, M|\n|poke|p1|Sinistcha, L50|\n|poke|p1|Archaludon, L50, M|\n|poke|p1|Lycanroc, L50, M|\n|poke|p2|Ninetales-Alola, L50, F|\n|poke|p2|Aggron, L50, F|\n|poke|p2|Sinistcha, L50|\n|poke|p2|Incineroar, L50, F|\n|poke|p2|Rotom-Wash, L50|\n|poke|p2|Maushold-Four, L50|\n|teampreview|4\n|inactive|Battle timer is ON: inactive players will automatically lose when time's up. (requested by Yamimari)\n|\n|t:|1776349005\n|teamsize|p1|4\n|teamsize|p2|4\n|start\n|switch|p1a: Harbor|Blastoise, L50, M|100/100\n|switch|p1b: Pippins|Raichu, L50, M|100/100\n|switch|p2a: Sinistcha|Sinistcha, L50|100/100\n|switch|p2b: Rotom|Rotom-Wash, L50|100/100\n|turn|1\n|\n|t:|1776349027\n|move|p1a: Harbor|Protect|p1a: Harbor\n|-singleturn|p1a: Harbor|Protect\n|move|p1b: Pippins|Nuzzle|p2a: Sinistcha\n|-resisted|p2a: Sinistcha|1\n|-damage|p2a: Sinistcha|98/100\n|-status|p2a: Sinistcha|par\n|move|p2b: Rotom|Hydro Pump|p1b: Pippins|[miss]\n|-miss|p2b: Rotom|p1b: Pippins\n|move|p2a: Sinistcha|Trick Room|p2a: Sinistcha\n|-fieldstart|move: Trick Room|[of] p2a: Sinistcha\n|\n|-heal|p2a: Sinistcha|100/100 par|[from] item: Leftovers\n|upkeep\n|turn|2\n|inactive|Yamimari has 30 seconds left.\n|inactive|azeempc has 30 seconds left.\n|\n|t:|1776349053\n|switch|p1a: Pistachie|Sinistcha, L50|100/100\n|move|p2a: Sinistcha|Shadow Ball|p1b: Pippins\n|-damage|p1b: Pippins|53/100\n|move|p2b: Rotom|Hydro Pump|p1b: Pippins\n|-damage|p1b: Pippins|0 fnt\n|faint|p1b: Pippins\n|\n|upkeep\n|\n|t:|1776349066\n|switch|p1b: Harbor|Blastoise, L50, M|100/100\n|turn|3\n|\n|t:|1776349076\n|move|p1b: Harbor|Protect|p1b: Harbor\n|-singleturn|p1b: Harbor|Protect\n|move|p2a: Sinistcha|Shadow Ball|p1a: Pistachie\n|-supereffective|p1a: Pistachie|1\n|-damage|p1a: Pistachie|42/100\n|-enditem|p1a: Pistachie|Sitrus Berry|[eat]\n|-heal|p1a: Pistachie|67/100|[from] item: Sitrus Berry\n|move|p1a: Pistachie|Calm Mind|p1a: Pistachie\n|-boost|p1a: Pistachie|spa|1\n|-boost|p1a: Pistachie|spd|1\n|move|p2b: Rotom|Volt Switch|p1a: Pistachie\n|-resisted|p1a: Pistachie|1\n|-damage|p1a: Pistachie|55/100\n|\n|t:|1776349086\n|switch|p2b: Ninetales|Ninetales-Alola, L50, F|100/100|[from] Volt Switch\n|-weather|Snowscape|[from] ability: Snow Warning|[of] p2b: Ninetales\n|\n|-weather|Snowscape|[upkeep]\n|upkeep\n|turn|4\n|\n|t:|1776349107\n|switch|p1b: MineMine|Pelipper, L50, M|100/100\n|-weather|RainDance|[from] ability: Drizzle|[of] p1b: MineMine\n|move|p2a: Sinistcha|Shadow Ball|p1a: Pistachie\n|-supereffective|p1a: Pistachie|1\n|-damage|p1a: Pistachie|13/100\n|-unboost|p1a: Pistachie|spd|1\n|move|p1a: Pistachie|Matcha Gotcha|p2b: Ninetales|[spread] p2a,p2b\n|-resisted|p2a: Sinistcha|1\n|-damage|p2a: Sinistcha|84/100 par\n|-heal|p1a: Pistachie|21/100|[from] drain|[of] p2a: Sinistcha\n|-damage|p2b: Ninetales|54/100\n|-heal|p1a: Pistachie|41/100|[from] drain|[of] p2b: Ninetales\n|move|p2b: Ninetales|Blizzard|p1a: Pistachie|[spread] p1a,p1b\n|-supereffective|p1a: Pistachie|1\n|-damage|p1a: Pistachie|0 fnt\n|-damage|p1b: MineMine|64/100\n|faint|p1a: Pistachie\n|\n|-weather|RainDance|[upkeep]\n|-heal|p2a: Sinistcha|90/100 par|[from] item: Leftovers\n|upkeep\n|\n|t:|1776349124\n|switch|p1a: Harbor|Blastoise, L50, M|100/100\n|turn|5\n|\n|t:|1776349140\n|switch|p2b: Rotom|Rotom-Wash, L50|100/100\n|detailschange|p1a: Harbor|Blastoise-Mega, L50, M\n|-mega|p1a: Harbor|Blastoise|Blastoisinite\n|move|p1b: MineMine|Wide Guard|p1b: MineMine\n|-singleturn|p1b: MineMine|Wide Guard\n|move|p2a: Sinistcha|Rage Powder|p2a: Sinistcha\n|-singleturn|p2a: Sinistcha|move: Rage Powder\n|move|p1a: Harbor|Shell Smash|p1a: Harbor\n|-unboost|p1a: Harbor|def|1\n|-unboost|p1a: Harbor|spd|1\n|-boost|p1a: Harbor|atk|2\n|-boost|p1a: Harbor|spa|2\n|-boost|p1a: Harbor|spe|2\n|\n|-weather|RainDance|[upkeep]\n|-heal|p2a: Sinistcha|96/100 par|[from] item: Leftovers\n|-fieldend|move: Trick Room\n|upkeep\n|turn|6\n|\n|t:|1776349154\n|move|p1a: Harbor|Water Spout|p2a: Sinistcha|[spread] p2a,p2b\n|-resisted|p2a: Sinistcha|1\n|-resisted|p2b: Rotom|1\n|-damage|p2a: Sinistcha|15/100 par\n|-damage|p2b: Rotom|0 fnt\n|faint|p2b: Rotom\n|move|p1b: MineMine|Hurricane|p2a: Sinistcha\n|-supereffective|p2a: Sinistcha|1\n|-damage|p2a: Sinistcha|0 fnt\n|faint|p2a: Sinistcha\n|\n|-weather|RainDance|[upkeep]\n|upkeep\n|\n|t:|1776349161\n|switch|p2b: Aggron|Aggron, L50, F|100/100\n|switch|p2a: Ninetales|Ninetales-Alola, L50, F|54/100\n|-weather|Snowscape|[from] ability: Snow Warning|[of] p2a: Ninetales\n|turn|7\n|\n|t:|1776349173\n|detailschange|p2b: Aggron|Aggron-Mega, L50, F\n|-mega|p2b: Aggron|Aggron|Aggronite\n|move|p1a: Harbor|Water Spout|p2a: Ninetales|[spread] p2a,p2b\n|-damage|p2a: Ninetales|0 fnt\n|-damage|p2b: Aggron|0 fnt\n|faint|p2a: Ninetales\n|faint|p2b: Aggron\n|\n|win|Yamimari\n|raw|Yamimari's rating: 1097 &rarr; <strong>1116</strong><br />(+19 for winning)\n|raw|azeempc's rating: 1000 &rarr; <strong>1000</strong><br />(+0 for losing)\n",
  "uploadtime": 1776349177,
  "views": 27,
  "formatid": "gen9championsvgc2026regma",
  "rating": 1000,
  "private": 0,
  "password": null
}