{
  "id": "gen9championsvgc2026regma-2583052341",
  "format": "[Gen 9 Champions] VGC 2026 Reg M-A",
  "players": [
    "NewVGCNewMe",
    "jmamn0"
  ],
  "log": "|j|\u2606NewVGCNewMe\n|j|\u2606jmamn0\n|t:|1776136919\n|gametype|doubles\n|player|p1|NewVGCNewMe|ballguy|1208\n|player|p2|jmamn0|2|1115\n|gen|9\n|tier|[Gen 9 Champions] VGC 2026 Reg M-A\n|rated|\n|rule|Species Clause: Limit one of each Pok\u00e9mon\n|rule|Item Clause: Limit 1 of each item\n|clearpoke\n|poke|p1|Froslass, L50, F|\n|poke|p1|Kingambit, L50, F|\n|poke|p1|Palafin, L50, F|\n|poke|p1|Incineroar, L50, M|\n|poke|p1|Sinistcha, L50|\n|poke|p1|Aerodactyl, L50, F|\n|poke|p2|Garchomp, L50, M|\n|poke|p2|Kingambit, L50, F|\n|poke|p2|Whimsicott, L50, M|\n|poke|p2|Oranguru, L50, M|\n|poke|p2|Volcarona, L50, F|\n|poke|p2|Greninja-*, L50, F|\n|teampreview|4\n|inactive|Battle timer is ON: inactive players will automatically lose when time's up. (requested by jmamn0)\n|inactive|NewVGCNewMe has 60 seconds left.\n|inactive|jmamn0 has 60 seconds left.\n|\n|t:|1776136972\n|teamsize|p1|4\n|teamsize|p2|4\n|start\n|switch|p1a: Palafin|Palafin, L50, F, shiny|100/100\n|switch|p1b: Kingambit|Kingambit, L50, F|100/100\n|switch|p2a: Greninja|Greninja, L50, F|100/100\n|switch|p2b: Oranguru|Oranguru, L50, M|100/100\n|turn|1\n|inactive|jmamn0 has 30 seconds left.\n|inactive|jmamn0 has 20 seconds left.\n|inactive|jmamn0 has 15 seconds left.\n|inactive|jmamn0 has 10 seconds left.\n|inactive|jmamn0 has 5 seconds left.\n|\n|t:|1776137026\n|detailschange|p1a: Palafin|Palafin-Hero, L50, F, shiny\n|switch|p1a: Aerodactyl|Aerodactyl, L50, F|100/100\n|-ability|p1a: Aerodactyl|Unnerve\n|detailschange|p2a: Greninja|Greninja-Mega, L50, F\n|-mega|p2a: Greninja|Greninja|Greninjite\n|move|p2a: Greninja|U-turn|p1b: Kingambit\n|-start|p2a: Greninja|typechange|Bug|[from] ability: Protean\n|-damage|p1b: Kingambit|78/100\n|\n|t:|1776137044\n|switch|p2a: Whimsicott|Whimsicott, L50, M|100/100|[from] U-turn\n|move|p2b: Oranguru|Encore||[still]\n|-fail|p2b: Oranguru\n|move|p1b: Kingambit|Swords Dance|p1b: Kingambit\n|-boost|p1b: Kingambit|atk|2\n|\n|upkeep\n|turn|2\n|\n|t:|1776137055\n|move|p2a: Whimsicott|Tailwind|p2a: Whimsicott\n|-sidestart|p2: jmamn0|move: Tailwind\n|move|p2b: Oranguru|Encore|p1b: Kingambit\n|-start|p1b: Kingambit|Encore\n|move|p1a: Aerodactyl|Dual Wingbeat|p2a: Whimsicott\n|-supereffective|p2a: Whimsicott|1\n|-damage|p2a: Whimsicott|46/100\n|-supereffective|p2a: Whimsicott|1\n|-damage|p2a: Whimsicott|0 fnt\n|faint|p2a: Whimsicott\n|-hitcount|p2: Whimsicott|2\n|move|p1b: Kingambit|Swords Dance|p1b: Kingambit\n|-boost|p1b: Kingambit|atk|2\n|\n|upkeep\n|\n|t:|1776137062\n|switch|p2a: Greninja|Greninja-Mega, L50, F|100/100\n|turn|3\n|inactive|NewVGCNewMe has 30 seconds left.\n|\n|t:|1776137088\n|switch|p1a: Palafin|Palafin-Hero, L50, F, shiny|100/100\n|-activate|p1a: Palafin|ability: Zero to Hero\n|move|p2a: Greninja|Surf|p1a: Palafin|[spread] p1a,p1b\n|-start|p2a: Greninja|typechange|Water|[from] ability: Protean\n|-activate|p2b: Oranguru|ability: Telepathy\n|-resisted|p1a: Palafin|1\n|-damage|p1a: Palafin|80/100\n|-damage|p1b: Kingambit|43/100\n|move|p2b: Oranguru|Instruct|p2a: Greninja\n|-singleturn|p2a: Greninja|move: Instruct|[of] p2b: Oranguru\n|move|p2a: Greninja|Surf|p1a: Palafin|[spread] p1a,p1b\n|-activate|p2b: Oranguru|ability: Telepathy\n|-resisted|p1a: Palafin|1\n|-crit|p1b: Kingambit\n|-damage|p1a: Palafin|58/100\n|-damage|p1b: Kingambit|0 fnt\n|faint|p1b: Kingambit\n|\n|upkeep\n|\n|t:|1776137107\n|switch|p1b: Froslass|Froslass, L50, F|100/100\n|turn|4\n|\n|t:|1776137118\n|detailschange|p1b: Froslass|Froslass-Mega, L50, F\n|-mega|p1b: Froslass|Froslass|Froslassite\n|-weather|Snowscape|[from] ability: Snow Warning|[of] p1b: Froslass\n|move|p1a: Palafin|Jet Punch|p2b: Oranguru\n|-damage|p2b: Oranguru|49/100\n|move|p2a: Greninja|Rock Slide|p1a: Palafin|[spread] p1a,p1b\n|-supereffective|p1b: Froslass|1\n|-damage|p1a: Palafin|43/100\n|-damage|p1b: Froslass|70/100\n|move|p2b: Oranguru|Instruct|p2a: Greninja\n|-singleturn|p2a: Greninja|move: Instruct|[of] p2b: Oranguru\n|move|p2a: Greninja|Rock Slide|p1a: Palafin|[spread] p1a,p1b\n|-supereffective|p1b: Froslass|1\n|-damage|p1a: Palafin|26/100\n|-damage|p1b: Froslass|42/100\n|move|p1b: Froslass|Blizzard|p2a: Greninja|[spread] p2a,p2b\n|-resisted|p2a: Greninja|1\n|-damage|p2a: Greninja|69/100\n|-damage|p2b: Oranguru|13/100\n|\n|-weather|Snowscape|[upkeep]\n|-heal|p2b: Oranguru|19/100|[from] item: Leftovers\n|upkeep\n|turn|5\n|inactive|jmamn0 has 30 seconds left.\n|\n|t:|1776137146\n|move|p1b: Froslass|Protect|p1b: Froslass\n|-singleturn|p1b: Froslass|Protect\n|move|p1a: Palafin|Jet Punch|p2b: Oranguru\n|-damage|p2b: Oranguru|0 fnt\n|faint|p2b: Oranguru\n|move|p2a: Greninja|Rock Slide|p1a: Palafin|[spread] p1a\n|-activate|p1b: Froslass|move: Protect\n|-damage|p1a: Palafin|10/100\n|\n|-weather|Snowscape|[upkeep]\n|-sideend|p2: jmamn0|move: Tailwind\n|upkeep\n|\n|t:|1776137154\n|switch|p2b: Volcarona|Volcarona, L50, F|100/100\n|turn|6\n|inactive|jmamn0 has 30 seconds left.\n|\n|t:|1776137180\n|move|p2b: Volcarona|Protect|p2b: Volcarona\n|-singleturn|p2b: Volcarona|Protect\n|move|p1a: Palafin|Jet Punch|p2b: Volcarona\n|-activate|p2b: Volcarona|move: Protect\n|move|p2a: Greninja|Rock Slide|p1a: Palafin|[spread] p1a,p1b\n|-supereffective|p1b: Froslass|1\n|-damage|p1a: Palafin|0 fnt\n|-damage|p1b: Froslass|13/100\n|faint|p1a: Palafin\n|move|p1b: Froslass|Shadow Ball|p2a: Greninja\n|-damage|p2a: Greninja|3/100\n|\n|-weather|Snowscape|[upkeep]\n|upkeep\n|\n|t:|1776137189\n|switch|p1a: Aerodactyl|Aerodactyl, L50, F|100/100\n|-ability|p1a: Aerodactyl|Unnerve\n|turn|7\n|\n|t:|1776137201\n|move|p2a: Greninja|Rock Slide|p1a: Aerodactyl|[spread] p1a\n|-miss|p2a: Greninja|p1b: Froslass\n|-supereffective|p1a: Aerodactyl|1\n|-damage|p1a: Aerodactyl|50/100\n|cant|p1a: Aerodactyl|flinch\n|move|p1b: Froslass|Blizzard|p2b: Volcarona|[spread] p2a,p2b\n|-resisted|p2a: Greninja|1\n|-resisted|p2b: Volcarona|1\n|-damage|p2a: Greninja|0 fnt\n|-damage|p2b: Volcarona|80/100\n|faint|p2a: Greninja\n|move|p2b: Volcarona|Heat Wave|p1a: Aerodactyl|[spread] p1a,p1b\n|-resisted|p1a: Aerodactyl|1\n|-supereffective|p1b: Froslass|1\n|-damage|p1a: Aerodactyl|13/100\n|-damage|p1b: Froslass|0 fnt\n|-status|p1a: Aerodactyl|brn\n|faint|p1b: Froslass\n|\n|-weather|Snowscape|[upkeep]\n|-damage|p1a: Aerodactyl|7/100 brn|[from] brn\n|upkeep\n|turn|8\n|\n|t:|1776137215\n|move|p2b: Volcarona|Protect|p2b: Volcarona\n|-singleturn|p2b: Volcarona|Protect\n|move|p1a: Aerodactyl|Rock Slide|p2b: Volcarona\n|-activate|p2b: Volcarona|move: Protect\n|\n|-weather|none\n|-damage|p1a: Aerodactyl|1/100 brn|[from] brn\n|upkeep\n|turn|9\n|\n|t:|1776137233\n|move|p2b: Volcarona|Protect||[still]\n|-fail|p2b: Volcarona\n|move|p1a: Aerodactyl|Rock Slide|p2b: Volcarona\n|-supereffective|p2b: Volcarona|2\n|-damage|p2b: Volcarona|0 fnt\n|faint|p2b: Volcarona\n|\n|win|NewVGCNewMe\n|raw|NewVGCNewMe's rating: 1208 &rarr; <strong>1226</strong><br />(+18 for winning)\n|raw|jmamn0's rating: 1115 &rarr; <strong>1097</strong><br />(-18 for losing)\n|c|\u2606jmamn0|holy\n|c|\u2606jmamn0|gg\n|c|\u2606NewVGCNewMe|gg\n|l|\u2606jmamn0\n|player|p2|\n",
  "uploadtime": 1776137468,
  "views": 35,
  "formatid": "gen9championsvgc2026regma",
  "rating": 1097,
  "private": 0,
  "password": null
}