{
  "id": "gen9championsvgc2026regma-2584533081",
  "format": "[Gen 9 Champions] VGC 2026 Reg M-A",
  "players": [
    "moartae",
    "elskerhafla"
  ],
  "log": "|j|\u2606moartae\n|j|\u2606elskerhafla\n|t:|1776267067\n|gametype|doubles\n|player|p1|moartae|winona|1034\n|player|p2|elskerhafla|1|1081\n|gen|9\n|tier|[Gen 9 Champions] VGC 2026 Reg M-A\n|rated|\n|rule|Species Clause: Limit one of each Pok\u00e9mon\n|rule|Item Clause: Limit 1 of each item\n|clearpoke\n|poke|p1|Mimikyu, L50, F|\n|poke|p1|Primarina, L50, F|\n|poke|p1|Chimecho, L50, F|\n|poke|p1|Garchomp, L50, F|\n|poke|p1|Kingambit, L50, F|\n|poke|p1|Crabominable, L50, F|\n|poke|p2|Cofagrigus, L50, F|\n|poke|p2|Camerupt, L50, M|\n|poke|p2|Chimecho, L50, F|\n|poke|p2|Aerodactyl, L50, F|\n|poke|p2|Maushold, L50|\n|poke|p2|Incineroar, L50, F|\n|teampreview|4\n|\n|t:|1776267126\n|teamsize|p1|4\n|teamsize|p2|4\n|start\n|switch|p1a: Kyukurarin|Mimikyu, L50, F, shiny|100/100\n|switch|p1b: Herbrr|Crabominable, L50, F|100/100\n|switch|p2a: Cofagrigus|Cofagrigus, L50, F, shiny|100/100\n|switch|p2b: Chimecho|Chimecho, L50, F, shiny|100/100\n|turn|1\n|\n|t:|1776267151\n|switch|p2b: Incineroar|Incineroar, L50, F, shiny|100/100\n|-ability|p2b: Incineroar|Intimidate|boost\n|-unboost|p1a: Kyukurarin|atk|1\n|-fail|p1b: Herbrr|unboost|Attack|[from] ability: Hyper Cutter|[of] p1b: Herbrr\n|move|p1b: Herbrr|Thunder Punch|p2a: Cofagrigus\n|-damage|p2a: Cofagrigus|80/100\n|-activate|p2a: Cofagrigus|ability: Mummy|p1b: Herbrr|[ability] Hyper Cutter\n|move|p2a: Cofagrigus|Will-O-Wisp|p1b: Herbrr\n|-status|p1b: Herbrr|brn\n|move|p1a: Kyukurarin|Trick Room|p1a: Kyukurarin\n|-fieldstart|move: Trick Room|[of] p1a: Kyukurarin\n|\n|-damage|p1b: Herbrr|95/100 brn|[from] brn\n|upkeep\n|turn|2\n|inactive|Battle timer is ON: inactive players will automatically lose when time's up. (requested by elskerhafla)\n|\n|t:|1776267180\n|move|p1b: Herbrr|Protect|p1b: Herbrr\n|-singleturn|p1b: Herbrr|Protect\n|move|p2b: Incineroar|Fake Out|p1b: Herbrr\n|-activate|p1b: Herbrr|move: Protect\n|move|p2a: Cofagrigus|Thief|p1a: Kyukurarin\n|-activate|p1a: Kyukurarin|ability: Disguise\n|-damage|p1a: Kyukurarin|100/100\n|-enditem|p1a: Kyukurarin|Mental Herb|[silent]|[from] move: Thief|[of] p2a: Cofagrigus\n|-item|p2a: Cofagrigus|Mental Herb|[from] move: Thief|[of] p1a: Kyukurarin\n|detailschange|p1a: Kyukurarin|Mimikyu-Busted, L50, F, shiny\n|-damage|p1a: Kyukurarin|88/100|[from] pokemon: Mimikyu-Busted\n|move|p1a: Kyukurarin|Shadow Claw|p2a: Cofagrigus\n|-supereffective|p2a: Cofagrigus|1\n|-crit|p2a: Cofagrigus\n|-damage|p2a: Cofagrigus|14/100\n|\n|-damage|p1b: Herbrr|89/100 brn|[from] brn\n|upkeep\n|turn|3\n|inactive|moartae has 30 seconds left.\n|\n|t:|1776267206\n|detailschange|p1b: Herbrr|Crabominable-Mega, L50, F\n|-mega|p1b: Herbrr|Crabominable|Crabominite\n|move|p2a: Cofagrigus|Shadow Ball|p1a: Kyukurarin\n|-supereffective|p1a: Kyukurarin|1\n|-damage|p1a: Kyukurarin|36/100\n|move|p1b: Herbrr|Close Combat|p2b: Incineroar\n|-supereffective|p2b: Incineroar|1\n|-damage|p2b: Incineroar|47/100\n|-unboost|p1b: Herbrr|def|1\n|-unboost|p1b: Herbrr|spd|1\n|-enditem|p2b: Incineroar|Sitrus Berry|[eat]\n|-heal|p2b: Incineroar|71/100|[from] item: Sitrus Berry\n|move|p2b: Incineroar|Flare Blitz|p1b: Herbrr\n|-supereffective|p1b: Herbrr|1\n|-damage|p1b: Herbrr|0 fnt\n|faint|p1b: Herbrr\n|-damage|p2b: Incineroar|42/100|[from] Recoil\n|move|p1a: Kyukurarin|Play Rough|p2a: Cofagrigus\n|-damage|p2a: Cofagrigus|0 fnt\n|faint|p2a: Cofagrigus\n|\n|upkeep\n|\n|t:|1776267228\n|switch|p2a: Chimecho|Chimecho, L50, F, shiny|100/100\n|switch|p1b: Bum|Garchomp, L50, F|100/100\n|turn|4\n|\n|t:|1776267251\n|switch|p1a: Echo|Chimecho, L50, F|100/100\n|detailschange|p2a: Chimecho|Chimecho-Mega, L50, F, shiny\n|-mega|p2a: Chimecho|Chimecho|Chimechite\n|move|p2b: Incineroar|Parting Shot|p1b: Bum\n|-unboost|p1b: Bum|atk|1\n|-unboost|p1b: Bum|spa|1\n|\n|t:|1776267257\n|switch|p2b: Aerodactyl|Aerodactyl, L50, F|100/100|[from] Parting Shot\n|-ability|p2b: Aerodactyl|Unnerve\n|move|p2a: Chimecho|Calm Mind|p2a: Chimecho\n|-boost|p2a: Chimecho|spa|1\n|-boost|p2a: Chimecho|spd|1\n|move|p1b: Bum|Rock Slide|p2b: Aerodactyl|[spread] p2a,p2b\n|-resisted|p2a: Chimecho|1\n|-supereffective|p2b: Aerodactyl|1\n|-damage|p2a: Chimecho|96/100\n|-damage|p2b: Aerodactyl|57/100\n|\n|upkeep\n|turn|5\n|\n|t:|1776267277\n|move|p2b: Aerodactyl|Protect|p2b: Aerodactyl\n|-singleturn|p2b: Aerodactyl|Protect\n|move|p2a: Chimecho|Dazzling Gleam|p1a: Echo|[spread] p1a,p1b\n|-supereffective|p1b: Bum|1\n|-damage|p1a: Echo|71/100\n|-damage|p1b: Bum|44/100\n|move|p1a: Echo|Flash Cannon|p2b: Aerodactyl\n|-activate|p2b: Aerodactyl|move: Protect\n|move|p1b: Bum|Rock Slide|p2a: Chimecho|[spread] p2a\n|-activate|p2b: Aerodactyl|move: Protect\n|-resisted|p2a: Chimecho|1\n|-damage|p2a: Chimecho|91/100\n|\n|-fieldend|move: Trick Room\n|upkeep\n|turn|6\n|\n|t:|1776267296\n|move|p2b: Aerodactyl|Tailwind|p2b: Aerodactyl\n|-sidestart|p2: elskerhafla|move: Tailwind\n|move|p2a: Chimecho|Dazzling Gleam|p1a: Echo|[spread] p1a,p1b\n|-supereffective|p1b: Bum|1\n|-damage|p1a: Echo|43/100\n|-damage|p1b: Bum|0 fnt\n|faint|p1b: Bum\n|move|p1a: Echo|Trick Room|p1a: Echo\n|-fieldstart|move: Trick Room|[of] p1a: Echo\n|\n|upkeep\n|\n|t:|1776267303\n|switch|p1b: Kyukurarin|Mimikyu-Busted, L50, F, shiny|36/100\n|turn|7\n|\n|t:|1776267312\n|move|p1a: Echo|Flash Cannon|p2b: Aerodactyl\n|-supereffective|p2b: Aerodactyl|1\n|-damage|p2b: Aerodactyl|0 fnt\n|faint|p2b: Aerodactyl\n|move|p1b: Kyukurarin|Shadow Claw|p2a: Chimecho\n|-supereffective|p2a: Chimecho|1\n|-damage|p2a: Chimecho|47/100\n|move|p2a: Chimecho|Dazzling Gleam|p1b: Kyukurarin|[spread] p1a,p1b\n|-damage|p1a: Echo|15/100\n|-damage|p1b: Kyukurarin|10/100\n|\n|upkeep\n|\n|t:|1776267321\n|switch|p2b: Incineroar|Incineroar, L50, F, shiny|42/100\n|-ability|p2b: Incineroar|Intimidate|boost\n|-unboost|p1a: Echo|atk|1\n|-unboost|p1b: Kyukurarin|atk|1\n|turn|8\n|\n|t:|1776267333\n|move|p1b: Kyukurarin|Protect|p1b: Kyukurarin\n|-singleturn|p1b: Kyukurarin|Protect\n|move|p2b: Incineroar|Fake Out|p1a: Echo\n|-damage|p1a: Echo|2/100\n|cant|p1a: Echo|flinch\n|move|p2a: Chimecho|Dazzling Gleam|p1a: Echo|[spread] p1a\n|-activate|p1b: Kyukurarin|move: Protect\n|-damage|p1a: Echo|0 fnt\n|faint|p1a: Echo\n|\n|upkeep\n|turn|9\n|\n|t:|1776267347\n|move|p1b: Kyukurarin|Shadow Claw|p2a: Chimecho\n|-supereffective|p2a: Chimecho|1\n|-damage|p2a: Chimecho|19/100\n|move|p2b: Incineroar|Flare Blitz|p1b: Kyukurarin\n|-damage|p1b: Kyukurarin|0 fnt\n|faint|p1b: Kyukurarin\n|-damage|p2b: Incineroar|40/100|[from] Recoil\n|\n|win|elskerhafla\n|raw|moartae's rating: 1034 &rarr; <strong>1021</strong><br />(-13 for losing)\n|raw|elskerhafla's rating: 1081 &rarr; <strong>1105</strong><br />(+24 for winning)\n|l|\u2606elskerhafla\n|player|p2|\n",
  "uploadtime": 1776267359,
  "views": 20,
  "formatid": "gen9championsvgc2026regma",
  "rating": 1021,
  "private": 0,
  "password": null
}