{
  "id": "gen9championsvgc2026regma-2584835143",
  "format": "[Gen 9 Champions] VGC 2026 Reg M-A",
  "players": [
    "Morrocan AXL BLAZE",
    "balacobbaco"
  ],
  "log": "|j|\u2606Morrocan AXL BLAZE\n|j|\u2606balacobbaco\n|t:|1776287334\n|gametype|doubles\n|player|p1|Morrocan AXL BLAZE|nate|1149\n|player|p2|balacobbaco|101|1119\n|gen|9\n|tier|[Gen 9 Champions] VGC 2026 Reg M-A\n|rated|\n|rule|Species Clause: Limit one of each Pok\u00e9mon\n|rule|Item Clause: Limit 1 of each item\n|clearpoke\n|poke|p1|Garchomp, L50, F|\n|poke|p1|Incineroar, L50, M|\n|poke|p1|Sneasler, L50, M|\n|poke|p1|Basculegion, L50, M|\n|poke|p1|Venusaur, L50, F|\n|poke|p1|Charizard, L50, F|\n|poke|p2|Milotic, L50, M|\n|poke|p2|Incineroar, L50, F|\n|poke|p2|Glimmora, L50, M|\n|poke|p2|Whimsicott, L50, M|\n|poke|p2|Jolteon, L50, F|\n|poke|p2|Manectric, L50, M|\n|teampreview|4\nMorrocan AXL BLAZE has agreed to open team sheets.\n|\n|t:|1776287359\n|teamsize|p1|4\n|teamsize|p2|4\n|start\n|switch|p1a: Venusaur|Venusaur, L50, F|100/100\n|switch|p1b: Charizard|Charizard, L50, F, shiny|100/100\n|switch|p2a: Manectric|Manectric, L50, M|100/100\n|switch|p2b: Milotic|Milotic, L50, M|100/100\n|turn|1\n|\n|t:|1776287379\n|detailschange|p1b: Charizard|Charizard-Mega-Y, L50, F, shiny\n|-mega|p1b: Charizard|Charizard|Charizardite Y\n|-weather|SunnyDay|[from] ability: Drought|[of] p1b: Charizard\n|move|p1a: Venusaur|Sleep Powder|p2a: Manectric\n|-status|p2a: Manectric|slp|[from] move: Sleep Powder\n|cant|p2a: Manectric|slp\n|move|p1b: Charizard|Solar Beam||[still]\n|-prepare|p1b: Charizard|Solar Beam\n|-anim|p1b: Charizard|Solar Beam|p2b: Milotic\n|-supereffective|p2b: Milotic|1\n|-damage|p2b: Milotic|19/100\n|move|p2b: Milotic|Ice Beam|p1a: Venusaur\n|-supereffective|p1a: Venusaur|1\n|-damage|p1a: Venusaur|20/100\n|\n|-weather|SunnyDay|[upkeep]\n|upkeep\n|turn|2\n|\n|t:|1776287395\n|move|p2b: Milotic|Protect|p2b: Milotic\n|-singleturn|p2b: Milotic|Protect\n|move|p1a: Venusaur|Sludge Bomb|p2a: Manectric\n|-damage|p2a: Manectric|16/100 slp\n|cant|p2a: Manectric|slp\n|move|p1b: Charizard|Heat Wave|p2b: Milotic|[spread] p2a\n|-activate|p2b: Milotic|move: Protect\n|-damage|p2a: Manectric|0 fnt\n|faint|p2a: Manectric\n|\n|-weather|SunnyDay|[upkeep]\n|upkeep\n|\n|t:|1776287406\n|switch|p2a: Jolteon|Jolteon, L50, F|100/100\n|turn|3\n|\n|t:|1776287419\n|move|p1a: Venusaur|Sleep Powder|p2a: Jolteon|[miss]\n|-miss|p1a: Venusaur|p2a: Jolteon\n|move|p2a: Jolteon|Discharge|p1b: Charizard|[spread] p2b,p1a,p1b\n|-supereffective|p2b: Milotic|1\n|-resisted|p1a: Venusaur|1\n|-supereffective|p1b: Charizard|1\n|-damage|p2b: Milotic|0 fnt\n|-damage|p1a: Venusaur|0 fnt\n|-damage|p1b: Charizard|39/100\n|faint|p2b: Milotic\n|faint|p1a: Venusaur\n|move|p1b: Charizard|Heat Wave|p2a: Jolteon\n|-damage|p2a: Jolteon|0 fnt\n|faint|p2a: Jolteon\n|\n|-weather|SunnyDay|[upkeep]\n|upkeep\n|inactive|Battle timer is ON: inactive players will automatically lose when time's up. (requested by Morrocan AXL BLAZE)\n|\n|t:|1776287431\n|switch|p1a: Basculegion|Basculegion, L50, M|100/100\n|switch|p2b: Glimmora|Glimmora, L50, M|100/100\n|turn|4\n|\n|t:|1776287436\n|detailschange|p2b: Glimmora|Glimmora-Mega, L50, M\n|-mega|p2b: Glimmora|Glimmora|Glimmoranite\n|move|p2b: Glimmora|Spiky Shield|p2b: Glimmora\n|-singleturn|p2b: Glimmora|move: Protect\n|move|p1a: Basculegion|Last Respects|p2b: Glimmora\n|-activate|p2b: Glimmora|move: Protect\n|move|p1b: Charizard|Solar Beam||[still]\n|-prepare|p1b: Charizard|Solar Beam\n|-anim|p1b: Charizard|Solar Beam|p2b: Glimmora\n|-activate|p2b: Glimmora|move: Protect\n|\n|-weather|SunnyDay|[upkeep]\n|upkeep\n|turn|5\n|\n|t:|1776287448\n|move|p1a: Basculegion|Last Respects|p2b: Glimmora\n|-damage|p2b: Glimmora|34/100\n|move|p2b: Glimmora|Power Gem|p1b: Charizard\n|-supereffective|p1b: Charizard|2\n|-damage|p1b: Charizard|0 fnt\n|faint|p1b: Charizard\n|\n|-weather|none\n|upkeep\n|\n|t:|1776287454\n|switch|p1b: Garchomp|Garchomp, L50, F|100/100\n|turn|6\n|\n|t:|1776287458\n|move|p2b: Glimmora|Spiky Shield|p2b: Glimmora\n|-singleturn|p2b: Glimmora|move: Protect\n|move|p1a: Basculegion|Last Respects|p2b: Glimmora\n|-activate|p2b: Glimmora|move: Protect\n|move|p1b: Garchomp|Dragon Claw|p2b: Glimmora\n|-activate|p2b: Glimmora|move: Protect\n|-damage|p1b: Garchomp|88/100|[from] Spiky Shield|[of] p2b: Glimmora\n|\n|upkeep\n|turn|7\n|\n|t:|1776287465\n|move|p1a: Basculegion|Last Respects|p2b: Glimmora\n|-damage|p2b: Glimmora|0 fnt\n|faint|p2b: Glimmora\n|\n|win|Morrocan AXL BLAZE\n|raw|Morrocan AXL BLAZE's rating: 1149 &rarr; <strong>1172</strong><br />(+23 for winning)\n|raw|balacobbaco's rating: 1119 &rarr; <strong>1096</strong><br />(-23 for losing)\n|l|\u2606balacobbaco\n|player|p2|\n",
  "uploadtime": 1776287465,
  "views": 21,
  "formatid": "gen9championsvgc2026regma",
  "rating": 1096,
  "private": 0,
  "password": null
}