{
  "id": "gen9championsvgc2026regma-2585678332",
  "format": "[Gen 9 Champions] VGC 2026 Reg M-A",
  "players": [
    "CrazyPiggy14",
    "isabellissima"
  ],
  "log": "|j|\u2606CrazyPiggy14\n|j|\u2606isabellissima\n|t:|1776363149\n|gametype|doubles\n|player|p1|CrazyPiggy14|shadowtriad|1179\n|player|p2|isabellissima|2|1160\n|gen|9\n|tier|[Gen 9 Champions] VGC 2026 Reg M-A\n|rated|\n|rule|Species Clause: Limit one of each Pok\u00e9mon\n|rule|Item Clause: Limit 1 of each item\n|clearpoke\n|poke|p1|Camerupt, L50, F|\n|poke|p1|Farigiraf, L50, M|\n|poke|p1|Hydrapple, L50, F|\n|poke|p1|Sinistcha, L50|\n|poke|p1|Aggron, L50, F|\n|poke|p1|Slowbro-Galar, L50, M|\n|poke|p2|Incineroar, L50, M|\n|poke|p2|Gengar, L50, M|\n|poke|p2|Sneasler, L50, F|\n|poke|p2|Maushold-Four, L50|\n|poke|p2|Kommo-o, L50, F|\n|poke|p2|Politoed, L50, F|\n|teampreview|4\n|inactive|Battle timer is ON: inactive players will automatically lose when time's up. (requested by CrazyPiggy14)\n|\n|t:|1776363178\n|teamsize|p1|4\n|teamsize|p2|4\n|start\n|switch|p1a: Camerupt|Camerupt, L50, F|100/100\n|switch|p1b: Farigiraf|Farigiraf, L50, M|100/100\n|switch|p2a: Maushold|Maushold-Four, L50|100/100\n|switch|p2b: Kommo-o|Kommo-o, L50, F, shiny|100/100\n|turn|1\n|\n|t:|1776363191\n|move|p1a: Camerupt|Protect|p1a: Camerupt\n|-singleturn|p1a: Camerupt|Protect\n|move|p2a: Maushold|Super Fang|p1b: Farigiraf\n|-damage|p1b: Farigiraf|51/100\n|move|p2b: Kommo-o|Clanging Scales|p1a: Camerupt|[spread] p1b\n|-activate|p1a: Camerupt|move: Protect\n|-damage|p1b: Farigiraf|15/100\n|-unboost|p2b: Kommo-o|def|1\n|move|p1b: Farigiraf|Trick Room|p1b: Farigiraf\n|-fieldstart|move: Trick Room|[of] p1b: Farigiraf\n|\n|upkeep\n|turn|2\n|inactive|isabellissima has 30 seconds left.\n|\n|t:|1776363224\n|detailschange|p1a: Camerupt|Camerupt-Mega, L50, F\n|-mega|p1a: Camerupt|Camerupt|Cameruptite\n|move|p2a: Maushold|Follow Me|p2a: Maushold\n|-singleturn|p2a: Maushold|move: Follow Me\n|move|p1a: Camerupt|Eruption|p2a: Maushold|[spread] p2a,p2b\n|-resisted|p2b: Kommo-o|1\n|-damage|p2a: Maushold|10/100\n|-damage|p2b: Kommo-o|77/100\n|move|p1b: Farigiraf|Psychic|p2a: Maushold\n|-damage|p2a: Maushold|0 fnt\n|faint|p2a: Maushold\n|move|p2b: Kommo-o|Clanging Scales|p1b: Farigiraf|[spread] p1a,p1b\n|-damage|p1a: Camerupt|58/100\n|-damage|p1b: Farigiraf|0 fnt\n|faint|p1b: Farigiraf\n|-unboost|p2b: Kommo-o|def|1\n|\n|upkeep\n|\n|t:|1776363239\n|switch|p1b: Hydrapple|Hydrapple, L50, F|100/100\n|switch|p2a: Incineroar|Incineroar, L50, M, shiny|100/100\n|-ability|p2a: Incineroar|Intimidate|boost\n|-unboost|p1a: Camerupt|atk|1\n|-unboost|p1b: Hydrapple|atk|1\n|-enditem|p1b: Hydrapple|White Herb\n|-clearnegativeboost|p1b: Hydrapple|[silent]\n|turn|3\n|\n|t:|1776363254\n|move|p2a: Incineroar|Protect|p2a: Incineroar\n|-singleturn|p2a: Incineroar|Protect\n|move|p2b: Kommo-o|Protect|p2b: Kommo-o\n|-singleturn|p2b: Kommo-o|Protect\n|move|p1a: Camerupt|Earth Power|p2a: Incineroar\n|-activate|p2a: Incineroar|move: Protect\n|move|p1b: Hydrapple|Draco Meteor|p2b: Kommo-o\n|-activate|p2b: Kommo-o|move: Protect\n|\n|upkeep\n|turn|4\n|inactive|isabellissima has 30 seconds left.\n|\n|t:|1776363280\n|switch|p2b: Sneasler|Sneasler, L50, F|100/100\n|move|p1a: Camerupt|Earth Power|p2a: Incineroar\n|-supereffective|p2a: Incineroar|1\n|-damage|p2a: Incineroar|0 fnt\n|faint|p2a: Incineroar\n|move|p1b: Hydrapple|Draco Meteor|p2b: Sneasler\n|-damage|p2b: Sneasler|9/100\n|-unboost|p1b: Hydrapple|spa|2\n|\n|upkeep\n|\n|t:|1776363288\n|switch|p2a: Kommo-o|Kommo-o, L50, F, shiny|77/100\n|turn|5\n|\n|t:|1776363304\n|switch|p1b: Slowbro|Slowbro-Galar, L50, M|100/100\n|move|p2b: Sneasler|Fake Out|p1b: Slowbro\n|-damage|p1b: Slowbro|87/100\n|move|p1a: Camerupt|Heat Wave|p2a: Kommo-o|[spread] p2a,p2b\n|-resisted|p2a: Kommo-o|1\n|-damage|p2a: Kommo-o|51/100\n|-damage|p2b: Sneasler|0 fnt\n|faint|p2b: Sneasler\n|move|p2a: Kommo-o|Clangorous Soul|p2a: Kommo-o\n|-boost|p2a: Kommo-o|atk|1\n|-boost|p2a: Kommo-o|def|1\n|-boost|p2a: Kommo-o|spa|1\n|-boost|p2a: Kommo-o|spd|1\n|-boost|p2a: Kommo-o|spe|1\n|-damage|p2a: Kommo-o|18/100\n|\n|-fieldend|move: Trick Room\n|upkeep\n|turn|6\n|-activate|p1b: Slowbro|ability: Quick Draw\n|\n|t:|1776363328\n|move|p1b: Slowbro|Psychic|p2a: Kommo-o\n|-supereffective|p2a: Kommo-o|1\n|-damage|p2a: Kommo-o|0 fnt\n|faint|p2a: Kommo-o\n|\n|win|CrazyPiggy14\n|raw|CrazyPiggy14's rating: 1179 &rarr; <strong>1203</strong><br />(+24 for winning)\n|raw|isabellissima's rating: 1160 &rarr; <strong>1136</strong><br />(-24 for losing)\n|l|\u2606CrazyPiggy14\n|player|p1|\n",
  "uploadtime": 1776363343,
  "views": 46,
  "formatid": "gen9championsvgc2026regma",
  "rating": 1136,
  "private": 0,
  "password": null
}