{
  "id": "gen9championsvgc2026regma-2587733581",
  "format": "[Gen 9 Champions] VGC 2026 Reg M-A",
  "players": [
    "Lyoung",
    "untold_x"
  ],
  "log": "|j|\u2606Lyoung\n|j|\u2606untold_x\n|t:|1776558552\n|gametype|doubles\n|player|p1|Lyoung|workerice|1078\n|player|p2|untold_x|169|1070\n|gen|9\n|tier|[Gen 9 Champions] VGC 2026 Reg M-A\n|rated|\n|rule|Species Clause: Limit one of each Pok\u00e9mon\n|rule|Item Clause: Limit 1 of each item\n|clearpoke\n|poke|p1|Froslass, L50, F|\n|poke|p1|Palafin, L50, M|\n|poke|p1|Kingambit, L50, F|\n|poke|p1|Arcanine-Hisui, L50, M|\n|poke|p1|Sinistcha, L50|\n|poke|p1|Sneasler, L50, M|\n|poke|p2|Camerupt, L50, F|\n|poke|p2|Hatterene, L50, F|\n|poke|p2|Farigiraf, L50, M|\n|poke|p2|Torkoal, L50, F|\n|poke|p2|Crabominable, L50, F|\n|poke|p2|Rotom-Mow, L50|\n|teampreview|4\n|inactive|Battle timer is ON: inactive players will automatically lose when time's up. (requested by Lyoung)\n|inactive|Lyoung has 60 seconds left.\n|inactive|untold_x has 60 seconds left.\n|\n|t:|1776558597\n|teamsize|p1|4\n|teamsize|p2|4\n|start\n|switch|p1a: Palafin|Palafin, L50, M|100/100\n|switch|p1b: Froslass|Froslass, L50, F|100/100\n|switch|p2a: Hatterene|Hatterene, L50, F|100/100\n|switch|p2b: Farigiraf|Farigiraf, L50, M|100/100\n|turn|1\n|\n|t:|1776558606\n|detailschange|p1a: Palafin|Palafin-Hero, L50, M\n|switch|p1a: Kingambit|Kingambit, L50, F|100/100\n|detailschange|p1b: Froslass|Froslass-Mega, L50, F\n|-mega|p1b: Froslass|Froslass|Froslassite\n|-weather|Snowscape|[from] ability: Snow Warning|[of] p1b: Froslass\n|move|p1b: Froslass|Aurora Veil|p1b: Froslass\n|-sidestart|p1: Lyoung|move: Aurora Veil\n|move|p2b: Farigiraf|Nasty Plot|p2b: Farigiraf\n|-boost|p2b: Farigiraf|spa|2\n|move|p2a: Hatterene|Trick Room|p2a: Hatterene\n|-fieldstart|move: Trick Room|[of] p2a: Hatterene\n|\n|-weather|Snowscape|[upkeep]\n|upkeep\n|turn|2\n|inactive|untold_x has 30 seconds left.\n|\n|t:|1776558633\n|move|p2a: Hatterene|Protect|p2a: Hatterene\n|-singleturn|p2a: Hatterene|Protect\n|move|p1a: Kingambit|Protect|p1a: Kingambit\n|-singleturn|p1a: Kingambit|Protect\n|move|p1b: Froslass|Protect|p1b: Froslass\n|-singleturn|p1b: Froslass|Protect\n|move|p2b: Farigiraf|Baton Pass|p2b: Farigiraf\n|\n|t:|1776558643\n|switch|p2b: Camerupt|Camerupt, L50, F|100/100|[from] Baton Pass\n|\n|-weather|Snowscape|[upkeep]\n|upkeep\n|turn|3\n|inactive|Lyoung has 30 seconds left.\n|\n|t:|1776558673\n|switch|p2a: Torkoal|Torkoal, L50, F|100/100\n|-weather|SunnyDay|[from] ability: Drought|[of] p2a: Torkoal\n|switch|p1b: Sneasler|Sneasler, L50, M|100/100\n|detailschange|p2b: Camerupt|Camerupt-Mega, L50, F\n|-mega|p2b: Camerupt|Camerupt|Cameruptite\n|move|p1a: Kingambit|Sucker Punch|p2b: Camerupt\n|-damage|p2b: Camerupt|54/100\n|move|p2b: Camerupt|Heat Wave|p1a: Kingambit|[spread] p1a,p1b\n|-supereffective|p1a: Kingambit|1\n|-damage|p1a: Kingambit|0 fnt\n|-damage|p1b: Sneasler|0 fnt\n|faint|p1a: Kingambit\n|faint|p1b: Sneasler\n|\n|-weather|SunnyDay|[upkeep]\n|upkeep\n|\n|t:|1776558682\n|switch|p1a: Palafin|Palafin-Hero, L50, M|100/100\n|switch|p1b: Froslass|Froslass-Mega, L50, F|100/100\n|-activate|p1a: Palafin|ability: Zero to Hero\n|-weather|Snowscape|[from] ability: Snow Warning|[of] p1b: Froslass\n|turn|4\n|\n|t:|1776558700\n|switch|p2a: Farigiraf|Farigiraf, L50, M|100/100\n|move|p1a: Palafin|Jet Punch||[still]\n|cant|p2a: Farigiraf|ability: Armor Tail|Jet Punch|[of] p1a: Palafin\n|move|p2b: Camerupt|Heat Wave|p1b: Froslass|[spread] p1a,p1b\n|-resisted|p1a: Palafin|1\n|-supereffective|p1b: Froslass|1\n|-damage|p1a: Palafin|67/100\n|-damage|p1b: Froslass|0 fnt\n|faint|p1b: Froslass\n|\n|-weather|Snowscape|[upkeep]\n|upkeep\n|turn|5\n|-message|Lyoung forfeited.\n|\n|win|untold_x\n|raw|Lyoung's rating: 1078 &rarr; <strong>1056</strong><br />(-22 for losing)\n|raw|untold_x's rating: 1070 &rarr; <strong>1100</strong><br />(+30 for winning)\n|l|\u2606Lyoung\n|player|p1|\n",
  "uploadtime": 1776558728,
  "views": 10,
  "formatid": "gen9championsvgc2026regma",
  "rating": 1056,
  "private": 0,
  "password": null
}