{
  "id": "gen9championsvgc2026regma-2584602764",
  "format": "[Gen 9 Champions] VGC 2026 Reg M-A",
  "players": [
    "duvjus",
    "the_sawzie"
  ],
  "log": "|j|\u2606duvjus\n|j|\u2606the_sawzie\n|t:|1776271482\n|gametype|doubles\n|player|p1|duvjus|policeman-gen4|1061\n|player|p2|the_sawzie|hilda|1000\n|gen|9\n|tier|[Gen 9 Champions] VGC 2026 Reg M-A\n|rated|\n|rule|Species Clause: Limit one of each Pok\u00e9mon\n|rule|Item Clause: Limit 1 of each item\n|clearpoke\n|poke|p1|Lucario, L50, F|\n|poke|p1|Ninetales-Alola, L50, F|\n|poke|p1|Primarina, L50, M|\n|poke|p1|Kingambit, L50, M|\n|poke|p1|Sneasler, L50, M|\n|poke|p1|Skeledirge, L50, F|\n|poke|p2|Chesnaught, L50, F|\n|poke|p2|Goodra-Hisui, L50, F|\n|poke|p2|Farigiraf, L50, F|\n|poke|p2|Ceruledge, L50, F|\n|poke|p2|Cofagrigus, L50, F|\n|poke|p2|Glimmora, L50, F|\n|teampreview|4\n|inactive|Battle timer is ON: inactive players will automatically lose when time's up. (requested by duvjus)\n|\n|t:|1776271502\n|teamsize|p1|4\n|teamsize|p2|4\n|start\n|switch|p1a: Ninetales|Ninetales-Alola, L50, F|100/100\n|switch|p1b: Kingambit|Kingambit, L50, M|100/100\n|switch|p2a: Chesnaught|Chesnaught, L50, F|100/100\n|switch|p2b: Farigiraf|Farigiraf, L50, F|100/100\n|-weather|Snowscape|[from] ability: Snow Warning|[of] p1a: Ninetales\n|turn|1\n|\n|t:|1776271524\n|switch|p1b: Skeledirge|Skeledirge, L50, F|100/100\n|detailschange|p2a: Chesnaught|Chesnaught-Mega, L50, F\n|-mega|p2a: Chesnaught|Chesnaught|Chesnaughtite\n|move|p1a: Ninetales|Aurora Veil|p1a: Ninetales\n|-sidestart|p1: duvjus|move: Aurora Veil\n|move|p2a: Chesnaught|Body Press|p1b: Skeledirge\n|-immune|p1b: Skeledirge\n|move|p2b: Farigiraf|Trick Room|p2b: Farigiraf\n|-fieldstart|move: Trick Room|[of] p2b: Farigiraf\n|\n|-weather|Snowscape|[upkeep]\n|upkeep\n|turn|2\n|\n|t:|1776271546\n|move|p2a: Chesnaught|Body Press|p1a: Ninetales\n|-damage|p1a: Ninetales|68/100\n|move|p2b: Farigiraf|Psychic|p1b: Skeledirge\n|-damage|p1b: Skeledirge|69/100\n|move|p1b: Skeledirge|Torch Song|p2a: Chesnaught\n|-supereffective|p2a: Chesnaught|1\n|-damage|p2a: Chesnaught|42/100\n|-boost|p1b: Skeledirge|spa|1\n|move|p1a: Ninetales|Blizzard|p2a: Chesnaught|[spread] p2a,p2b\n|-supereffective|p2a: Chesnaught|1\n|-damage|p2a: Chesnaught|0 fnt\n|-damage|p2b: Farigiraf|73/100\n|faint|p2a: Chesnaught\n|\n|-weather|Snowscape|[upkeep]\n|-heal|p1b: Skeledirge|75/100|[from] item: Leftovers\n|upkeep\n|\n|t:|1776271563\n|switch|p2a: Ceruledge|Ceruledge, L50, F|100/100\n|turn|3\n|\n|t:|1776271579\n|move|p2b: Farigiraf|Hyper Voice|p1b: Skeledirge|[spread] p1a\n|-immune|p1b: Skeledirge\n|-damage|p1a: Ninetales|41/100\n|move|p1b: Skeledirge|Shadow Ball|p2a: Ceruledge\n|-supereffective|p2a: Ceruledge|1\n|-damage|p2a: Ceruledge|0 fnt\n|faint|p2a: Ceruledge\n|move|p1a: Ninetales|Blizzard|p2b: Farigiraf\n|-damage|p2b: Farigiraf|38/100\n|\n|-weather|Snowscape|[upkeep]\n|-heal|p1b: Skeledirge|81/100|[from] item: Leftovers\n|upkeep\n|\n|t:|1776271590\n|switch|p2a: Goodra|Goodra-Hisui, L50, F|100/100\n|turn|4\n|\n|t:|1776271599\n|move|p2a: Goodra|Muddy Water|p1b: Skeledirge|[spread] p1b\n|-miss|p2a: Goodra|p1a: Ninetales\n|-supereffective|p1b: Skeledirge|1\n|-damage|p1b: Skeledirge|44/100\n|move|p2b: Farigiraf|Psychic|p1a: Ninetales\n|-damage|p1a: Ninetales|7/100\n|move|p1b: Skeledirge|Heat Wave|p2a: Goodra|[spread] p2a,p2b\n|-damage|p2a: Goodra|67/100\n|-damage|p2b: Farigiraf|0 fnt\n|faint|p2b: Farigiraf\n|move|p1a: Ninetales|Blizzard|p2a: Goodra\n|-damage|p2a: Goodra|41/100\n|\n|-weather|Snowscape|[upkeep]\n|-heal|p2a: Goodra|46/100|[from] item: Leftovers\n|-heal|p1b: Skeledirge|50/100|[from] item: Leftovers\n|upkeep\n|turn|5\n|\n|t:|1776271619\n|move|p2a: Goodra|Muddy Water|p1a: Ninetales|[spread] p1a,p1b\n|-supereffective|p1b: Skeledirge|1\n|-damage|p1a: Ninetales|0 fnt\n|-damage|p1b: Skeledirge|14/100\n|faint|p1a: Ninetales\n|move|p1b: Skeledirge|Slack Off|p1b: Skeledirge\n|-heal|p1b: Skeledirge|64/100\n|\n|-weather|none\n|-heal|p2a: Goodra|52/100|[from] item: Leftovers\n|-heal|p1b: Skeledirge|70/100|[from] item: Leftovers\n|-sideend|p1: duvjus|move: Aurora Veil\n|-fieldend|move: Trick Room\n|upkeep\n|\n|t:|1776271622\n|switch|p1a: Kingambit|Kingambit, L50, M|100/100\n|turn|6\n|\n|t:|1776271635\n|move|p1b: Skeledirge|Torch Song|p2a: Goodra\n|-damage|p2a: Goodra|11/100\n|-boost|p1b: Skeledirge|spa|1\n|move|p1a: Kingambit|Kowtow Cleave|p2a: Goodra\n|-damage|p2a: Goodra|0 fnt\n|faint|p2a: Goodra\n|\n|win|duvjus\n|raw|duvjus's rating: 1061 &rarr; <strong>1086</strong><br />(+25 for winning)\n|raw|the_sawzie's rating: 1000 &rarr; <strong>1000</strong><br />(+0 for losing)\n|l|\u2606duvjus\n|player|p1|\n",
  "uploadtime": 1776271645,
  "views": 21,
  "formatid": "gen9championsvgc2026regma",
  "rating": 1000,
  "private": 0,
  "password": null
}