{
  "id": "gen9championsvgc2026regma-2587174156",
  "format": "[Gen 9 Champions] VGC 2026 Reg M-A",
  "players": [
    "dmanistheproman",
    "TheBallistic1"
  ],
  "log": "|j|\u2606dmanistheproman\n|j|\u2606TheBallistic1\n|t:|1776504288\n|gametype|doubles\n|player|p1|dmanistheproman|lucas|1146\n|player|p2|TheBallistic1|colress|1121\n|gen|9\n|tier|[Gen 9 Champions] VGC 2026 Reg M-A\n|rated|\n|rule|Species Clause: Limit one of each Pok\u00e9mon\n|rule|Item Clause: Limit 1 of each item\n|clearpoke\n|poke|p1|Charizard, L50, M|\n|poke|p1|Venusaur, L50, F|\n|poke|p1|Garchomp, L50, M|\n|poke|p1|Rotom-Wash, L50|\n|poke|p1|Sneasler, L50, F|\n|poke|p1|Incineroar, L50, F|\n|poke|p2|Floette-Eternal, L50, F|\n|poke|p2|Sneasler, L50, F|\n|poke|p2|Milotic, L50, F|\n|poke|p2|Incineroar, L50, F|\n|poke|p2|Sinistcha, L50|\n|poke|p2|Garchomp, L50, F|\n|teampreview|4\n|inactive|Battle timer is ON: inactive players will automatically lose when time's up. (requested by dmanistheproman)\n|\n|t:|1776504315\n|teamsize|p1|4\n|teamsize|p2|4\n|start\n|switch|p1a: Charizard|Charizard, L50, M|100/100\n|switch|p1b: Venusaur|Venusaur, L50, F|100/100\n|switch|p2a: Sneasler|Sneasler, L50, F|100/100\n|switch|p2b: Milotic|Milotic, L50, F|100/100\n|turn|1\n|\n|t:|1776504327\n|detailschange|p1a: Charizard|Charizard-Mega-Y, L50, M\n|-mega|p1a: Charizard|Charizard|Charizardite Y\n|-weather|SunnyDay|[from] ability: Drought|[of] p1a: Charizard\n|move|p2a: Sneasler|Fake Out|p1b: Venusaur\n|-damage|p1b: Venusaur|80/100\n|cant|p1b: Venusaur|flinch\n|move|p1a: Charizard|Solar Beam||[still]\n|-prepare|p1a: Charizard|Solar Beam\n|-anim|p1a: Charizard|Solar Beam|p2b: Milotic\n|-supereffective|p2b: Milotic|1\n|-damage|p2b: Milotic|24/100\n|move|p2b: Milotic|Scald|p1a: Charizard\n|-supereffective|p1a: Charizard|1\n|-damage|p1a: Charizard|64/100\n|\n|-weather|SunnyDay|[upkeep]\n|-heal|p2b: Milotic|30/100|[from] item: Leftovers\n|upkeep\n|turn|2\n|\n|t:|1776504345\n|move|p1b: Venusaur|Leaf Storm|p2b: Milotic\n|-supereffective|p2b: Milotic|1\n|-damage|p2b: Milotic|0 fnt\n|-unboost|p1b: Venusaur|spa|2\n|faint|p2b: Milotic\n|move|p2a: Sneasler|Dire Claw|p1a: Charizard\n|-damage|p1a: Charizard|5/100\n|move|p1a: Charizard|Heat Wave|p2a: Sneasler\n|-damage|p2a: Sneasler|0 fnt\n|faint|p2a: Sneasler\n|\n|-weather|SunnyDay|[upkeep]\n|upkeep\n|\n|t:|1776504355\n|switch|p2a: Floette|Floette-Eternal, L50, F|100/100\n|switch|p2b: Sinistcha|Sinistcha, L50|100/100\n|turn|3\n|\n|t:|1776504365\n|detailschange|p2a: Floette|Floette-Mega, L50, F\n|-mega|p2a: Floette|Floette|Floettite\n|-ability|p2a: Floette|Fairy Aura\n|move|p1b: Venusaur|Sludge Bomb|p2a: Floette\n|-supereffective|p2a: Floette|1\n|-damage|p2a: Floette|63/100\n|move|p2a: Floette|Dazzling Gleam|p1a: Charizard|[spread] p1a,p1b\n|-resisted|p1a: Charizard|1\n|-resisted|p1b: Venusaur|1\n|-damage|p1a: Charizard|0 fnt\n|-damage|p1b: Venusaur|54/100\n|faint|p1a: Charizard\n|move|p2b: Sinistcha|Matcha Gotcha|p1b: Venusaur\n|-resisted|p1b: Venusaur|2\n|-damage|p1b: Venusaur|43/100\n|\n|-weather|SunnyDay|[upkeep]\n|upkeep\n|\n|t:|1776504378\n|switch|p1a: Rotom|Rotom-Wash, L50|100/100\n|turn|4\n|\n|t:|1776504383\n|move|p1b: Venusaur|Sludge Bomb|p2a: Floette\n|-supereffective|p2a: Floette|1\n|-damage|p2a: Floette|27/100\n|-status|p2a: Floette|psn\n|move|p2a: Floette|Dazzling Gleam|p1a: Rotom|[spread] p1a,p1b\n|-resisted|p1b: Venusaur|1\n|-damage|p1a: Rotom|51/100\n|-damage|p1b: Venusaur|18/100\n|move|p1a: Rotom|Thunderbolt|p2a: Floette\n|-damage|p2a: Floette|0 fnt\n|faint|p2a: Floette\n|move|p2b: Sinistcha|Matcha Gotcha|p1b: Venusaur|[spread] p1a,p1b\n|-supereffective|p1a: Rotom|1\n|-resisted|p1b: Venusaur|2\n|-damage|p1a: Rotom|0 fnt\n|-damage|p1b: Venusaur|11/100\n|faint|p1a: Rotom\n|\n|-weather|SunnyDay|[upkeep]\n|upkeep\n|\n|t:|1776504394\n|switch|p1a: Garchomp|Garchomp, L50, M|100/100\n|turn|5\n|\n|t:|1776504399\n|move|p1b: Venusaur|Sludge Bomb|p2b: Sinistcha\n|-damage|p2b: Sinistcha|76/100\n|move|p1a: Garchomp|Dragon Claw|p2b: Sinistcha\n|-damage|p2b: Sinistcha|39/100\n|move|p2b: Sinistcha|Matcha Gotcha|p1a: Garchomp|[spread] p1a,p1b\n|-resisted|p1b: Venusaur|2\n|-damage|p1a: Garchomp|71/100\n|-heal|p2b: Sinistcha|56/100|[from] drain|[of] p1a: Garchomp\n|-damage|p1b: Venusaur|3/100\n|-heal|p2b: Sinistcha|60/100|[from] drain|[of] p1b: Venusaur\n|-status|p1b: Venusaur|brn\n|\n|-weather|none\n|-damage|p1b: Venusaur|0 fnt|[from] brn\n|faint|p1b: Venusaur\n|upkeep\n|turn|6\n|\n|t:|1776504408\n|move|p1a: Garchomp|Dragon Claw|p2b: Sinistcha\n|-damage|p2b: Sinistcha|26/100\n|move|p2b: Sinistcha|Strength Sap|p1a: Garchomp\n|-unboost|p1a: Garchomp|atk|1\n|-heal|p2b: Sinistcha|100/100\n|\n|upkeep\n|turn|7\n|\n|t:|1776504413\n|move|p1a: Garchomp|Dragon Claw|p2b: Sinistcha\n|-damage|p2b: Sinistcha|76/100\n|move|p2b: Sinistcha|Matcha Gotcha|p1a: Garchomp\n|-damage|p1a: Garchomp|35/100\n|-heal|p2b: Sinistcha|97/100|[from] drain|[of] p1a: Garchomp\n|\n|upkeep\n|turn|8\n|\n|t:|1776504419\n|move|p1a: Garchomp|Dragon Claw|p2b: Sinistcha\n|-damage|p2b: Sinistcha|73/100\n|move|p2b: Sinistcha|Matcha Gotcha|p1a: Garchomp\n|-damage|p1a: Garchomp|0 fnt\n|-heal|p2b: Sinistcha|92/100|[from] drain|[of] p1a: Garchomp\n|faint|p1a: Garchomp\n|\n|win|TheBallistic1\n|raw|dmanistheproman's rating: 1146 &rarr; <strong>1119</strong><br />(-27 for losing)\n|raw|TheBallistic1's rating: 1121 &rarr; <strong>1148</strong><br />(+27 for winning)\n",
  "uploadtime": 1776504421,
  "views": 22,
  "formatid": "gen9championsvgc2026regma",
  "rating": 1119,
  "private": 0,
  "password": null
}