{
  "id": "gen9championsvgc2026regma-2580422445",
  "format": "[Gen 9 Champions] VGC 2026 Reg M-A",
  "players": [
    "Noobilio",
    "LooksLikeSax"
  ],
  "log": "|j|\u2606Noobilio\n|j|\u2606LooksLikeSax\n|t:|1775894134\n|gametype|doubles\n|player|p1|Noobilio|nurse|1155\n|player|p2|LooksLikeSax|miku-ghost|1126\n|gen|9\n|tier|[Gen 9 Champions] VGC 2026 Reg M-A\n|rated|\n|rule|Species Clause: Limit one of each Pok\u00e9mon\n|rule|Item Clause: Limit 1 of each item\n|clearpoke\n|poke|p1|Hawlucha, L50, F|\n|poke|p1|Floette-Eternal, L50, F|\n|poke|p1|Incineroar, L50, M|\n|poke|p1|Sinistcha, L50|\n|poke|p1|Snorlax, L50, F|\n|poke|p1|Rotom-Wash, L50|\n|poke|p2|Froslass, L50, F|\n|poke|p2|Goodra-Hisui, L50, M|\n|poke|p2|Blastoise, L50, F|\n|poke|p2|Beartic, L50, F|\n|poke|p2|Salazzle, L50, F|\n|poke|p2|Whimsicott, L50, M|\n|teampreview|4\n|inactive|Battle timer is ON: inactive players will automatically lose when time's up. (requested by LooksLikeSax)\n|inactive|LooksLikeSax has 60 seconds left.\n|\n|t:|1775894167\n|teamsize|p1|4\n|teamsize|p2|4\n|start\n|switch|p1a: Hawlucha|Hawlucha, L50, F, shiny|100/100\n|switch|p1b: Snorlax|Snorlax, L50, F|100/100\n|switch|p2a: Froslass|Froslass, L50, F|100/100\n|switch|p2b: Blastoise|Blastoise, L50, F|100/100\n|-ability|p1a: Hawlucha|Mold Breaker\n|turn|1\n|\n|t:|1775894187\n|detailschange|p2a: Froslass|Froslass-Mega, L50, F\n|-mega|p2a: Froslass|Froslass|Froslassite\n|-weather|Snowscape|[from] ability: Snow Warning|[of] p2a: Froslass\n|detailschange|p1a: Hawlucha|Hawlucha-Mega, L50, F, shiny\n|-mega|p1a: Hawlucha|Hawlucha|Hawluchanite\n|move|p2b: Blastoise|Fake Out|p1a: Hawlucha\n|-damage|p1a: Hawlucha|92/100\n|move|p2a: Froslass|Aurora Veil|p2a: Froslass\n|-sidestart|p2: LooksLikeSax|move: Aurora Veil\n|cant|p1a: Hawlucha|flinch\n|move|p1b: Snorlax|Fissure|p2a: Froslass\n|-damage|p2a: Froslass|0 fnt\n|faint|p2a: Froslass\n|-ohko\n|\n|-weather|Snowscape|[upkeep]\n|upkeep\n|\n|t:|1775894202\n|switch|p2a: Salazzle|Salazzle, L50, F|100/100\n|turn|2\n|\n|t:|1775894216\n|move|p1b: Snorlax|Protect|p1b: Snorlax\n|-singleturn|p1b: Snorlax|Protect\n|move|p2a: Salazzle|Fake Out|p1a: Hawlucha\n|-damage|p1a: Hawlucha|85/100\n|cant|p1a: Hawlucha|flinch\n|move|p2b: Blastoise|Muddy Water|p1b: Snorlax|[spread] p1a\n|-activate|p1b: Snorlax|move: Protect\n|-damage|p1a: Hawlucha|61/100\n|\n|-weather|Snowscape|[upkeep]\n|upkeep\n|turn|3\n|\n|t:|1775894236\n|move|p1a: Hawlucha|Entrainment|p1b: Snorlax\n|-ability|p1b: Snorlax|No Guard|Thick Fat|[from] move: Entrainment|[of] p1a: Hawlucha\n|move|p2a: Salazzle|Sludge Bomb|p1b: Snorlax\n|-damage|p1b: Snorlax|74/100\n|-status|p1b: Snorlax|psn\n|move|p2b: Blastoise|Muddy Water|p1a: Hawlucha|[spread] p1a,p1b\n|-damage|p1a: Hawlucha|34/100\n|-damage|p1b: Snorlax|59/100 psn\n|-unboost|p1a: Hawlucha|accuracy|1\n|move|p1b: Snorlax|Fissure|p2a: Salazzle\n|-enditem|p2a: Salazzle|Focus Sash\n|-damage|p2a: Salazzle|1/100\n|\n|-weather|Snowscape|[upkeep]\n|-heal|p1b: Snorlax|65/100 psn|[from] item: Leftovers\n|-damage|p1b: Snorlax|53/100 psn|[from] psn\n|upkeep\n|turn|4\n|\n|t:|1775894254\n|move|p1a: Hawlucha|High Jump Kick|p2b: Blastoise\n|-damage|p2b: Blastoise|64/100\n|move|p2a: Salazzle|Sludge Bomb|p1b: Snorlax\n|-damage|p1b: Snorlax|28/100 psn\n|move|p2b: Blastoise|Muddy Water|p1b: Snorlax|[spread] p1a,p1b\n|-damage|p1a: Hawlucha|9/100\n|-damage|p1b: Snorlax|12/100 psn\n|-unboost|p1a: Hawlucha|accuracy|1\n|move|p1b: Snorlax|Fissure|p2a: Salazzle\n|-damage|p2a: Salazzle|0 fnt\n|faint|p2a: Salazzle\n|-ohko\n|\n|-weather|Snowscape|[upkeep]\n|-heal|p1b: Snorlax|18/100 psn|[from] item: Leftovers\n|-damage|p1b: Snorlax|5/100 psn|[from] psn\n|upkeep\n|\n|t:|1775894266\n|switch|p2a: Goodra|Goodra-Hisui, L50, M|100/100\n|turn|5\n|\n|t:|1775894274\n|switch|p1a: Sinistcha|Sinistcha, L50|100/100\n|-heal|p1b: Snorlax|30/100 psn|[from] ability: Hospitality|[of] p1a: Sinistcha\n|move|p2a: Goodra|Protect|p2a: Goodra\n|-singleturn|p2a: Goodra|Protect\n|move|p2b: Blastoise|Muddy Water|p1a: Sinistcha|[spread] p1a,p1b\n|-resisted|p1a: Sinistcha|1\n|-damage|p1a: Sinistcha|88/100\n|-damage|p1b: Snorlax|14/100 psn\n|-unboost|p1a: Sinistcha|accuracy|1\n|-unboost|p1b: Snorlax|accuracy|1\n|move|p1b: Snorlax|Fissure|p2a: Goodra\n|-activate|p2a: Goodra|move: Protect\n|\n|-weather|none\n|-heal|p1b: Snorlax|20/100 psn|[from] item: Leftovers\n|-damage|p1b: Snorlax|8/100 psn|[from] psn\n|-sideend|p2: LooksLikeSax|move: Aurora Veil\n|upkeep\n|turn|6\n|inactive|Noobilio has 30 seconds left.\n|\n|t:|1775894305\n|switch|p1b: Rotom|Rotom-Wash, L50|100/100\n|move|p2a: Goodra|Protect||[still]\n|-fail|p2a: Goodra\n|move|p2b: Blastoise|Yawn|p1a: Sinistcha\n|-start|p1a: Sinistcha|move: Yawn|[of] p2b: Blastoise\n|move|p1a: Sinistcha|Matcha Gotcha|p2b: Blastoise|[spread] p2a,p2b\n|-resisted|p2a: Goodra|2\n|-supereffective|p2b: Blastoise|1\n|-damage|p2a: Goodra|96/100\n|-heal|p1a: Sinistcha|90/100|[from] drain|[of] p2a: Goodra\n|-damage|p2b: Blastoise|18/100\n|-heal|p1a: Sinistcha|100/100|[from] drain|[of] p2b: Blastoise\n|\n|-heal|p2a: Goodra|100/100|[from] item: Leftovers\n|upkeep\n|turn|7\n|\n|t:|1775894325\n|switch|p1a: Snorlax|Snorlax, L50, F|8/100 psn\n|move|p1b: Rotom|Trick|p2a: Goodra\n|-activate|p1b: Rotom|move: Trick|[of] p2a: Goodra\n|-item|p2a: Goodra|Choice Scarf|[from] move: Trick\n|-item|p1b: Rotom|Leftovers|[from] move: Trick\n|move|p2a: Goodra|Shelter|p2a: Goodra\n|-boost|p2a: Goodra|def|2\n|move|p2b: Blastoise|Life Dew||[still]|[spread] p2a,p2b\n|-fail|p2a: Goodra|heal\n|-heal|p2b: Blastoise|44/100\n|\n|-heal|p1a: Snorlax|14/100 psn|[from] item: Leftovers\n|-damage|p1a: Snorlax|1/100 psn|[from] psn\n|upkeep\n|turn|8\n|\n|t:|1775894350\n|move|p1b: Rotom|Thunderbolt|p2b: Blastoise\n|-supereffective|p2b: Blastoise|1\n|-damage|p2b: Blastoise|0 fnt\n|faint|p2b: Blastoise\n|move|p2a: Goodra|Shelter|p2a: Goodra\n|-boost|p2a: Goodra|def|2\n|move|p1a: Snorlax|Body Slam|p2a: Goodra\n|-resisted|p2a: Goodra|1\n|-damage|p2a: Goodra|96/100\n|\n|-heal|p1a: Snorlax|7/100 psn|[from] item: Leftovers\n|-damage|p1a: Snorlax|0 fnt|[from] psn\n|faint|p1a: Snorlax\n|upkeep\n|j| index0405\n|\n|t:|1775894364\n|switch|p1a: Sinistcha|Sinistcha, L50|100/100\n|turn|9\n|\n|t:|1775894371\n|move|p1b: Rotom|Thunderbolt|p2a: Goodra\n|-resisted|p2a: Goodra|1\n|-damage|p2a: Goodra|80/100\n|move|p2a: Goodra|Shelter|p2a: Goodra\n|-boost|p2a: Goodra|def|2\n|move|p1a: Sinistcha|Shadow Ball|p2a: Goodra\n|-damage|p2a: Goodra|56/100\n|\n|upkeep\n|turn|10\n|\n|t:|1775894377\n|move|p1b: Rotom|Thunderbolt|p2a: Goodra\n|-resisted|p2a: Goodra|1\n|-damage|p2a: Goodra|39/100\n|move|p2a: Goodra|Shelter|p2a: Goodra\n|-boost|p2a: Goodra|def|0\n|move|p1a: Sinistcha|Shadow Ball|p2a: Goodra\n|-damage|p2a: Goodra|13/100\n|\n|upkeep\n|turn|11\n|\n|t:|1775894384\n|move|p1b: Rotom|Thunderbolt|p2a: Goodra\n|-resisted|p2a: Goodra|1\n|-damage|p2a: Goodra|0 fnt\n|faint|p2a: Goodra\n|\n|win|Noobilio\n|raw|Noobilio's rating: 1155 &rarr; <strong>1178</strong><br />(+23 for winning)\n|raw|LooksLikeSax's rating: 1126 &rarr; <strong>1103</strong><br />(-23 for losing)\n",
  "uploadtime": 1775894389,
  "views": 37,
  "formatid": "gen9championsvgc2026regma",
  "rating": 1103,
  "private": 0,
  "password": null
}