{
  "id": "gen9championsvgc2026regma-2581588255",
  "format": "[Gen 9 Champions] VGC 2026 Reg M-A",
  "players": [
    "Braute",
    "Michael YunGOOBian"
  ],
  "log": "|j|\u2606Braute\n|j|\u2606Michael YunGOOBian\n|t:|1776013195\n|gametype|doubles\n|player|p1|Braute|miku-fire|1162\n|player|p2|Michael YunGOOBian|benga|1168\n|gen|9\n|tier|[Gen 9 Champions] VGC 2026 Reg M-A\n|rated|\n|rule|Species Clause: Limit one of each Pok\u00e9mon\n|rule|Item Clause: Limit 1 of each item\n|clearpoke\n|poke|p1|Beedrill, L50, F|\n|poke|p1|Incineroar, L50, F|\n|poke|p1|Talonflame, L50, M|\n|poke|p1|Kingambit, L50, M|\n|poke|p1|Tyranitar, L50, M|\n|poke|p1|Excadrill, L50, F|\n|poke|p2|Golurk, L50|\n|poke|p2|Torkoal, L50, M|\n|poke|p2|Incineroar, L50, F|\n|poke|p2|Venusaur, L50, F|\n|poke|p2|Sneasler, L50, F|\n|poke|p2|Farigiraf, L50, F|\n|teampreview|4\n|inactive|Battle timer is ON: inactive players will automatically lose when time's up. (requested by Braute)\n|inactive|Braute has 60 seconds left.\n|\n|t:|1776013231\n|teamsize|p1|4\n|teamsize|p2|4\n|start\n|switch|p1a: Kingambit|Kingambit, L50, M, shiny|100/100\n|switch|p1b: Incineroar|Incineroar, L50, F, shiny|100/100\n|switch|p2a: Golurk|Golurk, L50|100/100\n|switch|p2b: Sneasler|Sneasler, L50, F|100/100\n|-ability|p1b: Incineroar|Intimidate|boost\n|-unboost|p2a: Golurk|atk|1\n|-unboost|p2b: Sneasler|atk|1\n|-enditem|p2b: Sneasler|White Herb\n|-clearnegativeboost|p2b: Sneasler|[silent]\n|turn|1\n|inactive|Michael YunGOOBian has 30 seconds left.\n|inactive|Michael YunGOOBian has 20 seconds left.\n|inactive|Michael YunGOOBian has 15 seconds left.\n|\n|t:|1776013274\n|detailschange|p2a: Golurk|Golurk-Mega, L50\n|-mega|p2a: Golurk|Golurk|Golurkite\n|move|p2a: Golurk|Protect|p2a: Golurk\n|-singleturn|p2a: Golurk|Protect\n|move|p1a: Kingambit|Protect|p1a: Kingambit\n|-singleturn|p1a: Kingambit|Protect\n|move|p2b: Sneasler|Coaching|p2a: Golurk\n|-boost|p2a: Golurk|atk|1\n|-boost|p2a: Golurk|def|1\n|move|p1b: Incineroar|Flare Blitz|p2b: Sneasler\n|-damage|p2b: Sneasler|6/100\n|-damage|p1b: Incineroar|73/100|[from] Recoil\n|\n|upkeep\n|turn|2\n|inactive|Michael YunGOOBian has 30 seconds left.\n|\n|t:|1776013302\n|switch|p1b: Tyranitar|Tyranitar, L50, M|100/100\n|-weather|Sandstorm|[from] ability: Sand Stream|[of] p1b: Tyranitar\n|move|p1a: Kingambit|Sucker Punch|p2a: Golurk\n|-supereffective|p2a: Golurk|1\n|-damage|p2a: Golurk|41/100\n|move|p2b: Sneasler|Coaching|p2a: Golurk\n|-boost|p2a: Golurk|atk|1\n|-boost|p2a: Golurk|def|1\n|move|p2a: Golurk|Headlong Rush|p1b: Tyranitar\n|-supereffective|p1b: Tyranitar|1\n|-damage|p1b: Tyranitar|0 fnt\n|-unboost|p2a: Golurk|def|1\n|-unboost|p2a: Golurk|spd|1\n|faint|p1b: Tyranitar\n|\n|-weather|Sandstorm|[upkeep]\n|-damage|p2b: Sneasler|0 fnt|[from] Sandstorm\n|faint|p2b: Sneasler\n|upkeep\n|\n|t:|1776013324\n|switch|p2b: Venusaur|Venusaur, L50, F|100/100\n|switch|p1b: Incineroar|Incineroar, L50, F, shiny|73/100\n|-ability|p1b: Incineroar|Intimidate|boost\n|-unboost|p2a: Golurk|atk|1\n|-unboost|p2b: Venusaur|atk|1\n|turn|3\n|inactive|Michael YunGOOBian has 30 seconds left.\n|inactive|Michael YunGOOBian has 20 seconds left.\n|\n|t:|1776013361\n|move|p2b: Venusaur|Protect|p2b: Venusaur\n|-singleturn|p2b: Venusaur|Protect\n|move|p2a: Golurk|Headlong Rush|p1b: Incineroar\n|-supereffective|p1b: Incineroar|1\n|-damage|p1b: Incineroar|0 fnt\n|-unboost|p2a: Golurk|def|1\n|-unboost|p2a: Golurk|spd|1\n|faint|p1b: Incineroar\n|move|p1a: Kingambit|Kowtow Cleave|p2a: Golurk\n|-supereffective|p2a: Golurk|1\n|-damage|p2a: Golurk|0 fnt\n|faint|p2a: Golurk\n|\n|-weather|Sandstorm|[upkeep]\n|-damage|p2b: Venusaur|95/100|[from] Sandstorm\n|upkeep\n|\n|t:|1776013373\n|switch|p2a: Torkoal|Torkoal, L50, M|100/100\n|switch|p1b: Excadrill|Excadrill, L50, F|100/100\n|-weather|SunnyDay|[from] ability: Drought|[of] p2a: Torkoal\n|turn|4\n|inactive|Braute has 30 seconds left.\n|inactive|Michael YunGOOBian has 30 seconds left.\n|\n|t:|1776013402\n|move|p2a: Torkoal|Protect|p2a: Torkoal\n|-singleturn|p2a: Torkoal|Protect\n|move|p1a: Kingambit|Sucker Punch||[still]\n|-fail|p1a: Kingambit\n|move|p2b: Venusaur|Sleep Powder|p1b: Excadrill\n|-status|p1b: Excadrill|slp|[from] move: Sleep Powder\n|cant|p1b: Excadrill|slp\n|\n|-weather|SunnyDay|[upkeep]\n|upkeep\n|turn|5\n|\n|t:|1776013420\n|move|p1a: Kingambit|Sucker Punch|p2a: Torkoal\n|-damage|p2a: Torkoal|60/100\n|move|p2b: Venusaur|Leaf Storm|p1b: Excadrill\n|-damage|p1b: Excadrill|23/100 slp\n|-unboost|p2b: Venusaur|spa|2\n|cant|p1b: Excadrill|slp\n|move|p2a: Torkoal|Heat Wave|p1b: Excadrill|[spread] p1a,p1b\n|-supereffective|p1a: Kingambit|1\n|-supereffective|p1b: Excadrill|1\n|-damage|p1a: Kingambit|3/100\n|-damage|p1b: Excadrill|0 fnt\n|faint|p1b: Excadrill\n|\n|-weather|SunnyDay|[upkeep]\n|upkeep\n|turn|6\n|-message|Braute forfeited.\n|\n|win|Michael YunGOOBian\n|raw|Braute's rating: 1162 &rarr; <strong>1137</strong><br />(-25 for losing)\n|raw|Michael YunGOOBian's rating: 1168 &rarr; <strong>1193</strong><br />(+25 for winning)\n",
  "uploadtime": 1776013431,
  "views": 40,
  "formatid": "gen9championsvgc2026regma",
  "rating": 1137,
  "private": 0,
  "password": null
}