{
  "id": "gen9championsvgc2026regma-2586532835",
  "format": "[Gen 9 Champions] VGC 2026 Reg M-A",
  "players": [
    "bladusa",
    "Shadowflamepkm"
  ],
  "log": "|j|\u2606bladusa\n|j|\u2606Shadowflamepkm\n|t:|1776441191\n|gametype|doubles\n|player|p1|bladusa|170|1169\n|player|p2|Shadowflamepkm|red|1196\n|gen|9\n|tier|[Gen 9 Champions] VGC 2026 Reg M-A\n|rated|\n|rule|Species Clause: Limit one of each Pok\u00e9mon\n|rule|Item Clause: Limit 1 of each item\n|clearpoke\n|poke|p1|Chesnaught, L50, M|\n|poke|p1|Farigiraf, L50, F|\n|poke|p1|Glimmora, L50, M|\n|poke|p1|Aerodactyl, L50, F|\n|poke|p1|Primarina, L50, M|\n|poke|p1|Volcarona, L50, F|\n|poke|p2|Charizard, L50, F|\n|poke|p2|Venusaur, L50, M|\n|poke|p2|Sneasler, L50, F|\n|poke|p2|Incineroar, L50, M|\n|poke|p2|Farigiraf, L50, F|\n|poke|p2|Torkoal, L50, F|\n|teampreview|4\n|\n|t:|1776441237\n|teamsize|p1|4\n|teamsize|p2|4\n|start\n|switch|p1a: Aerodactyl|Aerodactyl, L50, F|100/100\n|switch|p1b: Volcarona|Volcarona, L50, F|100/100\n|switch|p2a: Torkoal|Torkoal, L50, F|100/100\n|switch|p2b: Venusaur|Venusaur, L50, M|100/100\n|-ability|p1a: Aerodactyl|Unnerve\n|-weather|SunnyDay|[from] ability: Drought|[of] p2a: Torkoal\n|turn|1\n|\n|t:|1776441262\n|move|p2b: Venusaur|Sleep Powder|p1a: Aerodactyl\n|-status|p1a: Aerodactyl|slp|[from] move: Sleep Powder\n|cant|p1a: Aerodactyl|slp\n|move|p1b: Volcarona|Struggle Bug|p2a: Torkoal|[spread] p2a,p2b\n|-resisted|p2a: Torkoal|1\n|-damage|p2a: Torkoal|90/100\n|-damage|p2b: Venusaur|84/100\n|-unboost|p2a: Torkoal|spa|1\n|-unboost|p2b: Venusaur|spa|1\n|move|p2a: Torkoal|Heat Wave|p1a: Aerodactyl|[spread] p1a,p1b\n|-resisted|p1a: Aerodactyl|1\n|-damage|p1a: Aerodactyl|75/100 slp\n|-damage|p1b: Volcarona|68/100\n|\n|-weather|SunnyDay|[upkeep]\n|upkeep\n|turn|2\n|\n|t:|1776441281\n|cant|p1a: Aerodactyl|slp\n|move|p2b: Venusaur|Energy Ball|p1a: Aerodactyl\n|-damage|p1a: Aerodactyl|32/100 slp\n|move|p1b: Volcarona|Overheat|p2b: Venusaur\n|-supereffective|p2b: Venusaur|1\n|-damage|p2b: Venusaur|0 fnt\n|-unboost|p1b: Volcarona|spa|2\n|faint|p2b: Venusaur\n|move|p2a: Torkoal|Heat Wave|p1a: Aerodactyl|[spread] p1a,p1b\n|-resisted|p1a: Aerodactyl|1\n|-damage|p1a: Aerodactyl|7/100 slp\n|-damage|p1b: Volcarona|37/100\n|-enditem|p1b: Volcarona|Sitrus Berry|[eat]\n|-heal|p1b: Volcarona|62/100|[from] item: Sitrus Berry\n|\n|-weather|SunnyDay|[upkeep]\n|upkeep\n|\n|t:|1776441294\n|switch|p2b: Sneasler|Sneasler, L50, F|100/100\n|turn|3\n|\n|t:|1776441316\n|-curestatus|p1a: Aerodactyl|slp|[msg]\n|move|p1a: Aerodactyl|Protect|p1a: Aerodactyl\n|-singleturn|p1a: Aerodactyl|Protect\n|move|p2b: Sneasler|Fake Out|p1a: Aerodactyl\n|-activate|p1a: Aerodactyl|move: Protect\n|move|p1b: Volcarona|Will-O-Wisp|p2b: Sneasler\n|-status|p2b: Sneasler|brn\n|move|p2a: Torkoal|Eruption|p1a: Aerodactyl|[spread] p1b\n|-activate|p1a: Aerodactyl|move: Protect\n|-damage|p1b: Volcarona|23/100\n|\n|-weather|SunnyDay|[upkeep]\n|-damage|p2b: Sneasler|95/100 brn|[from] brn\n|upkeep\n|turn|4\n|\n|t:|1776441338\n|move|p2b: Sneasler|Protect|p2b: Sneasler\n|-singleturn|p2b: Sneasler|Protect\n|move|p1a: Aerodactyl|Dual Wingbeat|p2b: Sneasler\n|-activate|p2b: Sneasler|move: Protect\n|move|p1b: Volcarona|Struggle Bug|p2a: Torkoal|[spread] p2a\n|-activate|p2b: Sneasler|move: Protect\n|-resisted|p2a: Torkoal|1\n|-damage|p2a: Torkoal|84/100\n|-unboost|p2a: Torkoal|spa|1\n|move|p2a: Torkoal|Heat Wave|p1a: Aerodactyl|[spread] p1a\n|-miss|p2a: Torkoal|p1b: Volcarona\n|-resisted|p1a: Aerodactyl|1\n|-crit|p1a: Aerodactyl\n|-damage|p1a: Aerodactyl|0 fnt\n|faint|p1a: Aerodactyl\n|\n|-weather|SunnyDay|[upkeep]\n|-damage|p2b: Sneasler|89/100 brn|[from] brn\n|upkeep\n|\n|t:|1776441360\n|switch|p1a: Primarina|Primarina, L50, M|100/100\n|turn|5\n|\n|t:|1776441367\n|switch|p2a: Charizard|Charizard, L50, F|100/100\n|move|p1b: Volcarona|Rage Powder|p1b: Volcarona\n|-singleturn|p1b: Volcarona|move: Rage Powder\n|move|p2b: Sneasler|Dire Claw|p1b: Volcarona\n|-damage|p1b: Volcarona|1/100\n|move|p1a: Primarina|Calm Mind|p1a: Primarina\n|-boost|p1a: Primarina|spa|1\n|-boost|p1a: Primarina|spd|1\n|\n|-weather|none\n|-damage|p2b: Sneasler|83/100 brn|[from] brn\n|upkeep\n|turn|6\n|\n|t:|1776441383\n|detailschange|p2a: Charizard|Charizard-Mega-Y, L50, F\n|-mega|p2a: Charizard|Charizard|Charizardite Y\n|-weather|SunnyDay|[from] ability: Drought|[of] p2a: Charizard\n|move|p1b: Volcarona|Rage Powder|p1b: Volcarona\n|-singleturn|p1b: Volcarona|move: Rage Powder\n|move|p2b: Sneasler|Dire Claw|p1b: Volcarona\n|-damage|p1b: Volcarona|0 fnt\n|faint|p1b: Volcarona\n|move|p2a: Charizard|Solar Beam||[still]\n|-prepare|p2a: Charizard|Solar Beam\n|-anim|p2a: Charizard|Solar Beam|p1a: Primarina\n|-supereffective|p1a: Primarina|1\n|-damage|p1a: Primarina|47/100\n|move|p1a: Primarina|Hyper Voice|p2b: Sneasler|[spread] p2a,p2b\n|-supereffective|p2a: Charizard|1\n|-damage|p2a: Charizard|53/100\n|-damage|p2b: Sneasler|50/100 brn\n|\n|-weather|SunnyDay|[upkeep]\n|-heal|p1a: Primarina|53/100|[from] item: Leftovers\n|-damage|p2b: Sneasler|44/100 brn|[from] brn\n|upkeep\n|inactive|Battle timer is ON: inactive players will automatically lose when time's up. (requested by Shadowflamepkm)\n|\n|t:|1776441402\n|switch|p1b: Glimmora|Glimmora, L50, M|100/100\n|turn|7\n|inactive|Shadowflamepkm has 30 seconds left.\n|\n|t:|1776441428\n|detailschange|p1b: Glimmora|Glimmora-Mega, L50, M\n|-mega|p1b: Glimmora|Glimmora|Glimmoranite\n|move|p2b: Sneasler|Dire Claw|p1a: Primarina\n|-supereffective|p1a: Primarina|1\n|-damage|p1a: Primarina|0 fnt\n|faint|p1a: Primarina\n|move|p2a: Charizard|Solar Beam||[still]\n|-prepare|p2a: Charizard|Solar Beam\n|-anim|p2a: Charizard|Solar Beam|p1b: Glimmora\n|-damage|p1b: Glimmora|51/100\n|move|p1b: Glimmora|Power Gem|p2a: Charizard\n|-supereffective|p2a: Charizard|2\n|-damage|p2a: Charizard|0 fnt\n|faint|p2a: Charizard\n|\n|-weather|SunnyDay|[upkeep]\n|-damage|p2b: Sneasler|39/100 brn|[from] brn\n|upkeep\n|\n|t:|1776441434\n|switch|p2a: Torkoal|Torkoal, L50, F|84/100\n|turn|8\n|\n|t:|1776441449\n|move|p1b: Glimmora|Spiky Shield|p1b: Glimmora\n|-singleturn|p1b: Glimmora|move: Protect\n|move|p2b: Sneasler|Close Combat|p1b: Glimmora\n|-activate|p1b: Glimmora|move: Protect\n|-damage|p2b: Sneasler|26/100 brn|[from] Spiky Shield|[of] p1b: Glimmora\n|move|p2a: Torkoal|Earth Power|p1b: Glimmora\n|-activate|p1b: Glimmora|move: Protect\n|\n|-weather|SunnyDay|[upkeep]\n|-damage|p2b: Sneasler|20/100 brn|[from] brn\n|upkeep\n|turn|9\n|\n|t:|1776441474\n|move|p2a: Torkoal|Protect|p2a: Torkoal\n|-singleturn|p2a: Torkoal|Protect\n|move|p2b: Sneasler|Close Combat|p1b: Glimmora\n|-damage|p1b: Glimmora|20/100\n|-unboost|p2b: Sneasler|def|1\n|-unboost|p2b: Sneasler|spd|1\n|move|p1b: Glimmora|Power Gem|p2a: Torkoal\n|-activate|p2a: Torkoal|move: Protect\n|\n|-weather|SunnyDay|[upkeep]\n|-damage|p2b: Sneasler|15/100 brn|[from] brn\n|upkeep\n|turn|10\n|\n|t:|1776441489\n|move|p2b: Sneasler|Protect|p2b: Sneasler\n|-singleturn|p2b: Sneasler|Protect\n|move|p1b: Glimmora|Spiky Shield|p1b: Glimmora\n|-singleturn|p1b: Glimmora|move: Protect\n|move|p2a: Torkoal|Earth Power|p1b: Glimmora\n|-activate|p1b: Glimmora|move: Protect\n|\n|-weather|none\n|-damage|p2b: Sneasler|9/100 brn|[from] brn\n|upkeep\n|turn|11\n|\n|t:|1776441501\n|move|p1b: Glimmora|Spiky Shield|p1b: Glimmora\n|-singleturn|p1b: Glimmora|move: Protect\n|move|p2b: Sneasler|Close Combat|p1b: Glimmora\n|-activate|p1b: Glimmora|move: Protect\n|-damage|p2b: Sneasler|0 fnt|[from] Spiky Shield|[of] p1b: Glimmora\n|faint|p2b: Sneasler\n|move|p2a: Torkoal|Earth Power|p1b: Glimmora\n|-activate|p1b: Glimmora|move: Protect\n|\n|upkeep\n|turn|12\n|\n|t:|1776441516\n|move|p1b: Glimmora|Power Gem|p2a: Torkoal\n|-supereffective|p2a: Torkoal|1\n|-damage|p2a: Torkoal|0 fnt\n|faint|p2a: Torkoal\n|\n|win|bladusa\n|raw|bladusa's rating: 1169 &rarr; <strong>1196</strong><br />(+27 for winning)\n|raw|Shadowflamepkm's rating: 1196 &rarr; <strong>1169</strong><br />(-27 for losing)\n|c|\u2606Shadowflamepkm|Man\n|c|\u2606Shadowflamepkm|Unluxky\n|l|\u2606bladusa\n|player|p1|\n",
  "uploadtime": 1776441550,
  "views": 21,
  "formatid": "gen9championsvgc2026regma",
  "rating": 1169,
  "private": 0,
  "password": null
}