{
  "id": "gen9championsvgc2026regma-2582268482",
  "format": "[Gen 9 Champions] VGC 2026 Reg M-A",
  "players": [
    "404SkillNotFound18",
    "sonic1"
  ],
  "log": "|j|\u2606404SkillNotFound18\n|j|\u2606sonic1\n|t:|1776078087\n|gametype|doubles\n|player|p1|404SkillNotFound18|acetrainer|1166\n|player|p2|sonic1|102|1151\n|gen|9\n|tier|[Gen 9 Champions] VGC 2026 Reg M-A\n|rated|\n|rule|Species Clause: Limit one of each Pok\u00e9mon\n|rule|Item Clause: Limit 1 of each item\n|clearpoke\n|poke|p1|Charizard, L50, F|\n|poke|p1|Whimsicott, L50, M|\n|poke|p1|Garchomp, L50, M|\n|poke|p1|Sneasler, L50, M|\n|poke|p1|Aegislash, L50, F|\n|poke|p1|Incineroar, L50, M|\n|poke|p2|Whimsicott, L50, M|\n|poke|p2|Charizard, L50, F|\n|poke|p2|Sneasler, L50, M|\n|poke|p2|Garchomp, L50, M|\n|poke|p2|Kingambit, L50, F|\n|poke|p2|Farigiraf, L50, M|\n|teampreview|4\n|inactive|Battle timer is ON: inactive players will automatically lose when time's up. (requested by sonic1)\n|inactive|404SkillNotFound18 also wants the timer to be on.\nsonic1 rejected open team sheets.\n|inactive|404SkillNotFound18 has 60 seconds left.\n|inactive|sonic1 has 60 seconds left.\n|\n|t:|1776078143\n|teamsize|p1|4\n|teamsize|p2|4\n|start\n|switch|p1a: Sneasler|Sneasler, L50, M|100/100\n|switch|p1b: Charizard|Charizard, L50, F|100/100\n|switch|p2a: Sneasler|Sneasler, L50, M|100/100\n|switch|p2b: Garchomp|Garchomp, L50, M|100/100\n|turn|1\n|inactive|404SkillNotFound18 has 30 seconds left.\n|inactive|404SkillNotFound18 has 20 seconds left.\n|inactive|404SkillNotFound18 has 15 seconds left.\n|inactive|404SkillNotFound18 has 10 seconds left.\n|inactive|404SkillNotFound18 has 5 seconds left.\n|\n|t:|1776078193\n|detailschange|p1b: Charizard|Charizard-Mega-Y, L50, F\n|-mega|p1b: Charizard|Charizard|Charizardite Y\n|-weather|SunnyDay|[from] ability: Drought|[of] p1b: Charizard\n|move|p2a: Sneasler|Fake Out|p1a: Sneasler\n|-damage|p1a: Sneasler|80/100\n|cant|p1a: Sneasler|flinch\n|move|p2b: Garchomp|Rock Slide|p1b: Charizard|[spread] p1a,p1b\n|-resisted|p1a: Sneasler|1\n|-supereffective|p1b: Charizard|2\n|-crit|p1b: Charizard\n|-damage|p1a: Sneasler|68/100\n|-damage|p1b: Charizard|0 fnt\n|faint|p1b: Charizard\n|\n|-weather|SunnyDay|[upkeep]\n|upkeep\n|\n|t:|1776078212\n|switch|p1b: Aegislash|Aegislash, L50, F|100/100\n|turn|2\n|inactive|404SkillNotFound18 has 30 seconds left.\n|inactive|404SkillNotFound18 has 20 seconds left.\n|\n|t:|1776078247\n|switch|p2b: Whimsicott|Whimsicott, L50, M|100/100\n|move|p1a: Sneasler|Close Combat|p2a: Sneasler\n|-resisted|p2a: Sneasler|1\n|-damage|p2a: Sneasler|51/100\n|-unboost|p1a: Sneasler|def|1\n|-unboost|p1a: Sneasler|spd|1\n|-enditem|p1a: Sneasler|White Herb\n|-clearnegativeboost|p1a: Sneasler|[silent]\n|move|p2a: Sneasler|Close Combat|p1a: Sneasler\n|-resisted|p1a: Sneasler|1\n|-damage|p1a: Sneasler|21/100\n|-unboost|p2a: Sneasler|def|1\n|-unboost|p2a: Sneasler|spd|1\n|-enditem|p2a: Sneasler|White Herb\n|-clearnegativeboost|p2a: Sneasler|[silent]\n|-formechange|p1b: Aegislash|Aegislash-Blade|\n|move|p1b: Aegislash|Shadow Ball|p2a: Sneasler\n|-damage|p2a: Sneasler|0 fnt\n|faint|p2a: Sneasler\n|\n|-weather|SunnyDay|[upkeep]\n|upkeep\n|\n|t:|1776078263\n|switch|p2a: Charizard|Charizard, L50, F|100/100\n|turn|3\n|inactive|404SkillNotFound18 has 30 seconds left.\n|inactive|404SkillNotFound18 has 20 seconds left.\n|\n|t:|1776078299\n|detailschange|p2a: Charizard|Charizard-Mega-Y, L50, F\n|-mega|p2a: Charizard|Charizard|Charizardite Y\n|-formechange|p1b: Aegislash|Aegislash|\n|move|p1b: Aegislash|King's Shield|p1b: Aegislash\n|-singleturn|p1b: Aegislash|Protect\n|move|p2b: Whimsicott|Tailwind|p2b: Whimsicott\n|-sidestart|p2: sonic1|move: Tailwind\n|move|p1a: Sneasler|Dire Claw|p2b: Whimsicott\n|-supereffective|p2b: Whimsicott|2\n|-enditem|p2b: Whimsicott|Focus Sash\n|-damage|p2b: Whimsicott|1/100\n|-status|p2b: Whimsicott|psn\n|move|p2a: Charizard|Heat Wave|p1a: Sneasler|[spread] p1a\n|-activate|p1b: Aegislash|move: Protect\n|-damage|p1a: Sneasler|0 fnt\n|faint|p1a: Sneasler\n|\n|-weather|SunnyDay|[upkeep]\n|-damage|p2b: Whimsicott|0 fnt|[from] psn\n|faint|p2b: Whimsicott\n|upkeep\n|\n|t:|1776078320\n|switch|p2b: Garchomp|Garchomp, L50, M|100/100\n|switch|p1a: Garchomp|Garchomp, L50, M|100/100\n|turn|4\n|inactive|404SkillNotFound18 has 30 seconds left.\n|inactive|404SkillNotFound18 has 20 seconds left.\n|inactive|404SkillNotFound18 has 15 seconds left.\n|\n|t:|1776078364\n|move|p1b: Aegislash|Wide Guard|p1b: Aegislash\n|-singleturn|p1b: Aegislash|Wide Guard\n|move|p2b: Garchomp|Dragon Claw|p1a: Garchomp\n|-supereffective|p1a: Garchomp|1\n|-damage|p1a: Garchomp|22/100\n|-damage|p2b: Garchomp|88/100|[from] ability: Rough Skin|[of] p1a: Garchomp\n|move|p2a: Charizard|Heat Wave|p1a: Garchomp|[spread] \n|-activate|p1a: Garchomp|move: Wide Guard\n|-activate|p1b: Aegislash|move: Wide Guard\n|move|p1a: Garchomp|Dragon Claw|p2b: Garchomp\n|-supereffective|p2b: Garchomp|1\n|-damage|p2b: Garchomp|0 fnt\n|faint|p2b: Garchomp\n|\n|-weather|SunnyDay|[upkeep]\n|upkeep\n|turn|5\n|inactive|404SkillNotFound18 has 30 seconds left.\n|\n|t:|1776078394\n|move|p1a: Garchomp|Protect|p1a: Garchomp\n|-singleturn|p1a: Garchomp|Protect\n|move|p2a: Charizard|Solar Beam||[still]\n|-prepare|p2a: Charizard|Solar Beam\n|-anim|p2a: Charizard|Solar Beam|p1a: Garchomp\n|-activate|p1a: Garchomp|move: Protect\n|-formechange|p1b: Aegislash|Aegislash-Blade|\n|move|p1b: Aegislash|Shadow Ball|p2a: Charizard\n|-damage|p2a: Charizard|57/100\n|\n|-weather|none\n|upkeep\n|turn|6\n|inactive|404SkillNotFound18 has 30 seconds left.\n|inactive|404SkillNotFound18 has 20 seconds left.\n|inactive|404SkillNotFound18 has 15 seconds left.\n|\n|t:|1776078437\n|move|p1a: Garchomp|Protect||[still]\n|-fail|p1a: Garchomp\n|-formechange|p1b: Aegislash|Aegislash|\n|move|p1b: Aegislash|King's Shield|p1b: Aegislash\n|-singleturn|p1b: Aegislash|Protect\n|move|p2a: Charizard|Weather Ball|p1a: Garchomp\n|-damage|p1a: Garchomp|2/100\n|\n|-sideend|p2: sonic1|move: Tailwind\n|upkeep\n|turn|7\n|-message|sonic1 forfeited.\n|\n|win|404SkillNotFound18\n|raw|404SkillNotFound18's rating: 1166 &rarr; <strong>1190</strong><br />(+24 for winning)\n|raw|sonic1's rating: 1151 &rarr; <strong>1127</strong><br />(-24 for losing)\n|l|\u2606sonic1\n|player|p2|\n",
  "uploadtime": 1776078508,
  "views": 15,
  "formatid": "gen9championsvgc2026regma",
  "rating": 1127,
  "private": 0,
  "password": null
}