{
  "id": "gen9championsvgc2026regma-2587277353",
  "format": "[Gen 9 Champions] VGC 2026 Reg M-A",
  "players": [
    "Typespammer",
    "Pesto9"
  ],
  "log": "|j|\u2606Typespammer\n|j|\u2606Pesto9\n|t:|1776517492\n|gametype|doubles\n|player|p1|Typespammer|265|1359\n|player|p2|Pesto9|benga|1260\n|gen|9\n|tier|[Gen 9 Champions] VGC 2026 Reg M-A\n|rated|\n|rule|Species Clause: Limit one of each Pok\u00e9mon\n|rule|Item Clause: Limit 1 of each item\n|clearpoke\n|poke|p1|Tinkaton, L50, F, shiny|\n|poke|p1|Froslass, L50, F, shiny|\n|poke|p1|Ceruledge, L50, M, shiny|\n|poke|p1|Kingambit, L50, M, shiny|\n|poke|p1|Machamp, L50, M, shiny|\n|poke|p1|Milotic, L50, M, shiny|\n|poke|p2|Meganium, L50, M, shiny|\n|poke|p2|Pelipper, L50, M, shiny|\n|poke|p2|Jolteon, L50, F|\n|poke|p2|Incineroar, L50, F|\n|poke|p2|Basculegion, L50, M|\n|poke|p2|Sneasler, L50, F|\n|teampreview|4\nPesto9 rejected open team sheets.\n|\n|t:|1776517522\n|teamsize|p1|4\n|teamsize|p2|4\n|start\n|switch|p1a: Tinkaton|Tinkaton, L50, F, shiny|100/100\n|switch|p1b: Froslass|Froslass, L50, F, shiny|100/100\n|switch|p2a: Sneasler|Sneasler, L50, F|100/100\n|switch|p2b: Jolteon|Jolteon, L50, F|100/100\n|turn|1\n|\n|t:|1776517531\n|switch|p1a: Kingambit|Kingambit, L50, M, shiny|100/100\n|detailschange|p1b: Froslass|Froslass-Mega, L50, F, shiny\n|-mega|p1b: Froslass|Froslass|Froslassite\n|-weather|Snowscape|[from] ability: Snow Warning|[of] p1b: Froslass\n|move|p2a: Sneasler|Fake Out|p1a: Kingambit\n|-resisted|p1a: Kingambit|1\n|-damage|p1a: Kingambit|95/100\n|move|p2b: Jolteon|Electroweb|p1a: Kingambit|[spread] p1a,p1b\n|-damage|p1a: Kingambit|76/100\n|-damage|p1b: Froslass|78/100\n|-unboost|p1a: Kingambit|spe|1\n|-ability|p1a: Kingambit|Defiant|boost\n|-boost|p1a: Kingambit|atk|2\n|-unboost|p1b: Froslass|spe|1\n|move|p1b: Froslass|Blizzard|p2b: Jolteon|[spread] p2a,p2b\n|-damage|p2a: Sneasler|43/100\n|-damage|p2b: Jolteon|43/100\n|\n|-weather|Snowscape|[upkeep]\n|upkeep\n|turn|2\n|\n|t:|1776517560\n|switch|p2b: Pelipper|Pelipper, L50, M, shiny|100/100\n|-weather|RainDance|[from] ability: Drizzle|[of] p2b: Pelipper\n|switch|p1b: Ceruledge|Ceruledge, L50, M, shiny|100/100\n|move|p1a: Kingambit|Sucker Punch|p2a: Sneasler\n|-resisted|p2a: Sneasler|1\n|-damage|p2a: Sneasler|0 fnt\n|faint|p2a: Sneasler\n|\n|-weather|RainDance|[upkeep]\n|upkeep\n|\n|t:|1776517569\n|switch|p2a: Meganium|Meganium, L50, M, shiny|100/100\n|turn|3\n|\n|t:|1776517586\n|detailschange|p2a: Meganium|Meganium-Mega, L50, M, shiny\n|-mega|p2a: Meganium|Meganium|Meganiumite\n|move|p1a: Kingambit|Protect|p1a: Kingambit\n|-singleturn|p1a: Kingambit|Protect\n|move|p1b: Ceruledge|Poltergeist|p2b: Pelipper\n|-activate|p2b: Pelipper|move: Poltergeist|Sitrus Berry\n|-damage|p2b: Pelipper|34/100\n|-enditem|p2b: Pelipper|Sitrus Berry|[eat]\n|-heal|p2b: Pelipper|58/100|[from] item: Sitrus Berry\n|move|p2a: Meganium|Weather Ball|p1a: Kingambit\n|-activate|p1a: Kingambit|move: Protect\n|move|p2b: Pelipper|Tailwind|p2b: Pelipper\n|-sidestart|p2: Pesto9|move: Tailwind\n|\n|-weather|RainDance|[upkeep]\n|upkeep\n|turn|4\n|\n|t:|1776517626\n|switch|p2b: Jolteon|Jolteon, L50, F|43/100\n|move|p1a: Kingambit|Sucker Punch||[still]\n|-fail|p1a: Kingambit\n|move|p2a: Meganium|Weather Ball|p1a: Kingambit\n|-supereffective|p1a: Kingambit|1\n|-damage|p1a: Kingambit|0 fnt\n|faint|p1a: Kingambit\n|move|p1b: Ceruledge|Bitter Blade|p2a: Meganium\n|-supereffective|p2a: Meganium|1\n|-crit|p2a: Meganium\n|-damage|p2a: Meganium|33/100\n|\n|-weather|RainDance|[upkeep]\n|upkeep\n|\n|t:|1776517644\n|switch|p1a: Tinkaton|Tinkaton, L50, F, shiny|100/100\n|turn|5\n|\n|t:|1776517653\n|move|p1a: Tinkaton|Fake Out|p2b: Jolteon\n|-damage|p2b: Jolteon|23/100\n|move|p1b: Ceruledge|Shadow Sneak|p2a: Meganium\n|-damage|p2a: Meganium|10/100\n|cant|p2b: Jolteon|flinch\n|move|p2a: Meganium|Weather Ball|p1a: Tinkaton\n|-supereffective|p1a: Tinkaton|1\n|-enditem|p1a: Tinkaton|Focus Sash\n|-damage|p1a: Tinkaton|1/100\n|\n|-weather|RainDance|[upkeep]\n|upkeep\n|turn|6\n|\n|t:|1776517671\n|move|p2a: Meganium|Protect|p2a: Meganium\n|-singleturn|p2a: Meganium|Protect\n|move|p1a: Tinkaton|Feint|p2a: Meganium\n|-activate|p2a: Meganium|move: Feint\n|-damage|p2a: Meganium|1/100\n|move|p1b: Ceruledge|Shadow Sneak|p2b: Jolteon\n|-damage|p2b: Jolteon|0 fnt\n|faint|p2b: Jolteon\n|\n|-weather|none\n|-sideend|p2: Pesto9|move: Tailwind\n|upkeep\n|\n|t:|1776517678\n|switch|p2b: Pelipper|Pelipper, L50, M, shiny|58/100\n|-weather|RainDance|[from] ability: Drizzle|[of] p2b: Pelipper\n|turn|7\n|\n|t:|1776517687\n|move|p2a: Meganium|Protect|p2a: Meganium\n|-singleturn|p2a: Meganium|Protect\n|move|p1a: Tinkaton|Feint|p2a: Meganium\n|-activate|p2a: Meganium|move: Feint\n|-damage|p2a: Meganium|0 fnt\n|faint|p2a: Meganium\n|move|p1b: Ceruledge|Shadow Sneak|p2b: Pelipper\n|-damage|p2b: Pelipper|29/100\n|move|p2b: Pelipper|Weather Ball|p1a: Tinkaton\n|-damage|p1a: Tinkaton|0 fnt\n|faint|p1a: Tinkaton\n|\n|-weather|RainDance|[upkeep]\n|upkeep\n|\n|t:|1776517698\n|switch|p1a: Froslass|Froslass-Mega, L50, F, shiny|78/100\n|-weather|Snowscape|[from] ability: Snow Warning|[of] p1a: Froslass\n|turn|8\n|\n|t:|1776517703\n|move|p1b: Ceruledge|Shadow Sneak|p2b: Pelipper\n|-damage|p2b: Pelipper|4/100\n|move|p1a: Froslass|Blizzard|p2b: Pelipper\n|-damage|p2b: Pelipper|0 fnt\n|faint|p2b: Pelipper\n|\n|win|Typespammer\n|raw|Typespammer's rating: 1359 &rarr; <strong>1373</strong><br />(+14 for winning)\n|raw|Pesto9's rating: 1260 &rarr; <strong>1242</strong><br />(-18 for losing)\n",
  "uploadtime": 1776517706,
  "views": 40,
  "formatid": "gen9championsvgc2026regma",
  "rating": 1242,
  "private": 0,
  "password": null
}