{
  "id": "gen9championsvgc2026regma-2584894819",
  "format": "[Gen 9 Champions] VGC 2026 Reg M-A",
  "players": [
    "clout Jesus",
    "Jah_08"
  ],
  "log": "|j|\u2606clout Jesus\n|j|\u2606Jah_08\n|t:|1776292313\n|gametype|doubles\n|player|p1|clout Jesus|ethan|1203\n|player|p2|Jah_08|alder|1247\n|gen|9\n|tier|[Gen 9 Champions] VGC 2026 Reg M-A\n|rated|\n|rule|Species Clause: Limit one of each Pok\u00e9mon\n|rule|Item Clause: Limit 1 of each item\n|clearpoke\n|poke|p1|Aggron, L50, F|\n|poke|p1|Sinistcha-Masterpiece, L50|\n|poke|p1|Incineroar, L50, F|\n|poke|p1|Milotic, L50, M|\n|poke|p1|Ninetales-Alola, L50, F|\n|poke|p1|Kommo-o, L50, F|\n|poke|p2|Excadrill, L50, M|\n|poke|p2|Whimsicott, L50, M|\n|poke|p2|Chandelure, L50, M|\n|poke|p2|Zoroark-Hisui, L50, M|\n|poke|p2|Basculegion, L50, M|\n|poke|p2|Hydreigon, L50, M|\n|teampreview|4\n|\n|t:|1776292396\n|teamsize|p1|4\n|teamsize|p2|4\n|start\n|switch|p1a: Ninetales|Ninetales-Alola, L50, F|100/100\n|switch|p1b: Incineroar|Incineroar, L50, F|100/100\n|switch|p2a: Whimsicott|Whimsicott, L50, M, shiny|100/100\n|switch|p2b: Excadrill|Excadrill, L50, M|100/100\n|-weather|Snowscape|[from] ability: Snow Warning|[of] p1a: Ninetales\n|-ability|p2b: Excadrill|Mold Breaker\n|-ability|p1b: Incineroar|Intimidate|boost\n|-unboost|p2a: Whimsicott|atk|1\n|-unboost|p2b: Excadrill|atk|1\n|turn|1\n|\n|t:|1776292420\n|move|p2a: Whimsicott|Protect|p2a: Whimsicott\n|-singleturn|p2a: Whimsicott|Protect\n|move|p2b: Excadrill|Protect|p2b: Excadrill\n|-singleturn|p2b: Excadrill|Protect\n|move|p1b: Incineroar|Fake Out|p2a: Whimsicott\n|-activate|p2a: Whimsicott|move: Protect\n|move|p1a: Ninetales|Blizzard|p2b: Excadrill|[spread] \n|-activate|p2a: Whimsicott|move: Protect\n|-activate|p2b: Excadrill|move: Protect\n|\n|-weather|Snowscape|[upkeep]\n|upkeep\n|turn|2\n|\n|t:|1776292435\n|move|p2a: Whimsicott|Tailwind|p2a: Whimsicott\n|-sidestart|p2: Jah_08|move: Tailwind\n|move|p2b: Excadrill|Iron Head|p1a: Ninetales\n|-supereffective|p1a: Ninetales|2\n|-enditem|p1a: Ninetales|Focus Sash\n|-damage|p1a: Ninetales|1/100\n|move|p1a: Ninetales|Aurora Veil|p1a: Ninetales\n|-sidestart|p1: clout Jesus|move: Aurora Veil\n|move|p1b: Incineroar|Parting Shot|p2b: Excadrill\n|-unboost|p2b: Excadrill|atk|1\n|-unboost|p2b: Excadrill|spa|1\n|\n|t:|1776292447\n|switch|p1b: Milotic|Milotic, L50, M, shiny|100/100|[from] Parting Shot\n|\n|-weather|Snowscape|[upkeep]\n|upkeep\n|turn|3\n|\n|t:|1776292466\n|switch|p2b: Basculegion|Basculegion, L50, M|100/100\n|switch|p1a: Incineroar|Incineroar, L50, F|100/100\n|-ability|p1a: Incineroar|Intimidate|boost\n|-unboost|p2a: Whimsicott|atk|1\n|-unboost|p2b: Basculegion|atk|1\n|move|p2a: Whimsicott|Encore|p1a: Incineroar\n|-hint|Since gen 7, Dark is immune to Prankster moves.\n|-immune|p1a: Incineroar\n|move|p1b: Milotic|Scald|p2b: Basculegion\n|-resisted|p2b: Basculegion|1\n|-damage|p2b: Basculegion|80/100\n|\n|-weather|Snowscape|[upkeep]\n|upkeep\n|turn|4\n|\n|t:|1776292512\n|move|p2a: Whimsicott|Protect|p2a: Whimsicott\n|-singleturn|p2a: Whimsicott|Protect\n|move|p2b: Basculegion|Wave Crash|p1a: Incineroar\n|-supereffective|p1a: Incineroar|1\n|-damage|p1a: Incineroar|43/100\n|-enditem|p1a: Incineroar|Sitrus Berry|[eat]\n|-heal|p1a: Incineroar|68/100|[from] item: Sitrus Berry\n|-damage|p2b: Basculegion|61/100|[from] Recoil\n|move|p1b: Milotic|Scald|p2b: Basculegion\n|-resisted|p2b: Basculegion|1\n|-damage|p2b: Basculegion|42/100\n|move|p1a: Incineroar|Throat Chop|p2b: Basculegion\n|-supereffective|p2b: Basculegion|1\n|-damage|p2b: Basculegion|0 fnt\n|faint|p2b: Basculegion\n|\n|-weather|Snowscape|[upkeep]\n|upkeep\n|\n|t:|1776292530\n|switch|p2b: Excadrill|Excadrill, L50, M|100/100\n|-ability|p2b: Excadrill|Mold Breaker\n|turn|5\n|\n|t:|1776292542\n|move|p2a: Whimsicott|Moonblast|p1a: Incineroar\n|-damage|p1a: Incineroar|51/100\n|move|p2b: Excadrill|High Horsepower|p1a: Incineroar\n|-supereffective|p1a: Incineroar|1\n|-damage|p1a: Incineroar|0 fnt\n|faint|p1a: Incineroar\n|move|p1b: Milotic|Ice Beam|p2a: Whimsicott\n|-supereffective|p2a: Whimsicott|1\n|-damage|p2a: Whimsicott|36/100\n|\n|-weather|none\n|-sideend|p2: Jah_08|move: Tailwind\n|upkeep\n|\n|t:|1776292554\n|switch|p1a: Ninetales|Ninetales-Alola, L50, F|1/100\n|-weather|Snowscape|[from] ability: Snow Warning|[of] p1a: Ninetales\n|turn|6\n|\n|t:|1776292563\n|move|p2a: Whimsicott|Tailwind|p2a: Whimsicott\n|-sidestart|p2: Jah_08|move: Tailwind\n|move|p2b: Excadrill|Rock Slide|p1a: Ninetales|[spread] p1a,p1b\n|-supereffective|p1a: Ninetales|1\n|-damage|p1a: Ninetales|0 fnt\n|-damage|p1b: Milotic|90/100\n|faint|p1a: Ninetales\n|cant|p1b: Milotic|flinch\n|\n|-weather|Snowscape|[upkeep]\n|-heal|p1b: Milotic|96/100|[from] item: Leftovers\n|-sideend|p1: clout Jesus|move: Aurora Veil\n|upkeep\n|\n|t:|1776292572\n|switch|p1a: Sinistcha|Sinistcha-Masterpiece, L50|100/100\n|-heal|p1b: Milotic|100/100|[from] ability: Hospitality|[of] p1a: Sinistcha\n|turn|7\n|\n|t:|1776292591\n|move|p2b: Excadrill|Protect|p2b: Excadrill\n|-singleturn|p2b: Excadrill|Protect\n|move|p2a: Whimsicott|Moonblast|p1a: Sinistcha\n|-damage|p1a: Sinistcha|64/100\n|move|p1b: Milotic|Scald|p2b: Excadrill\n|-activate|p2b: Excadrill|move: Protect\n|move|p1a: Sinistcha|Matcha Gotcha|p2a: Whimsicott|[spread] p2a\n|-activate|p2b: Excadrill|move: Protect\n|-resisted|p2a: Whimsicott|1\n|-damage|p2a: Whimsicott|20/100\n|-heal|p1a: Sinistcha|72/100|[from] drain|[of] p2a: Whimsicott\n|\n|-weather|Snowscape|[upkeep]\n|upkeep\n|turn|8\n|\n|t:|1776292613\n|move|p2a: Whimsicott|Moonblast|p1a: Sinistcha\n|-damage|p1a: Sinistcha|34/100\n|move|p2b: Excadrill|Iron Head|p1a: Sinistcha\n|-damage|p1a: Sinistcha|0 fnt\n|faint|p1a: Sinistcha\n|move|p1b: Milotic|Scald|p2b: Excadrill\n|-supereffective|p2b: Excadrill|1\n|-damage|p2b: Excadrill|13/100\n|-status|p2b: Excadrill|brn\n|\n|-weather|Snowscape|[upkeep]\n|-damage|p2b: Excadrill|7/100 brn|[from] brn\n|upkeep\n|turn|9\n|\n|t:|1776292633\n|move|p2a: Whimsicott|Moonblast|p1b: Milotic\n|-damage|p1b: Milotic|75/100\n|move|p2b: Excadrill|Rock Slide|p1b: Milotic\n|-damage|p1b: Milotic|64/100\n|move|p1b: Milotic|Ice Beam|p2a: Whimsicott\n|-supereffective|p2a: Whimsicott|1\n|-damage|p2a: Whimsicott|0 fnt\n|faint|p2a: Whimsicott\n|\n|-weather|Snowscape|[upkeep]\n|-heal|p1b: Milotic|70/100|[from] item: Leftovers\n|-damage|p2b: Excadrill|1/100 brn|[from] brn\n|-sideend|p2: Jah_08|move: Tailwind\n|upkeep\n|\n|t:|1776292647\n|switch|p2a: Chandelure|Chandelure, L50, M|100/100\n|turn|10\n|\n|t:|1776292664\n|detailschange|p2a: Chandelure|Chandelure-Mega, L50, M\n|-mega|p2a: Chandelure|Chandelure|Chandelurite\n|move|p1b: Milotic|Protect|p1b: Milotic\n|-singleturn|p1b: Milotic|Protect\n|move|p2b: Excadrill|Rock Slide|p1b: Milotic\n|-activate|p1b: Milotic|move: Protect\n|move|p2a: Chandelure|Shadow Ball|p1b: Milotic\n|-activate|p1b: Milotic|move: Protect\n|\n|-weather|none\n|-heal|p1b: Milotic|76/100|[from] item: Leftovers\n|-damage|p2b: Excadrill|0 fnt|[from] brn\n|faint|p2b: Excadrill\n|upkeep\n|turn|11\n|\n|t:|1776292682\n|move|p2a: Chandelure|Shadow Ball|p1b: Milotic\n|-damage|p1b: Milotic|31/100\n|move|p1b: Milotic|Recover|p1b: Milotic\n|-heal|p1b: Milotic|81/100\n|\n|-heal|p1b: Milotic|87/100|[from] item: Leftovers\n|upkeep\n|turn|12\n|\n|t:|1776292692\n|move|p2a: Chandelure|Shadow Ball|p1b: Milotic\n|-damage|p1b: Milotic|45/100\n|-unboost|p1b: Milotic|spd|1\n|-ability|p1b: Milotic|Competitive|boost\n|-boost|p1b: Milotic|spa|2\n|move|p1b: Milotic|Scald|p2a: Chandelure\n|-supereffective|p2a: Chandelure|1\n|-damage|p2a: Chandelure|0 fnt\n|faint|p2a: Chandelure\n|\n|win|clout Jesus\n|raw|clout Jesus's rating: 1203 &rarr; <strong>1231</strong><br />(+28 for winning)\n|raw|Jah_08's rating: 1247 &rarr; <strong>1219</strong><br />(-28 for losing)\n",
  "uploadtime": 1776292705,
  "views": 36,
  "formatid": "gen9championsvgc2026regma",
  "rating": 1219,
  "private": 0,
  "password": null
}