{
  "id": "gen9championsvgc2026regma-2585863636",
  "format": "[Gen 9 Champions] VGC 2026 Reg M-A",
  "players": [
    "darthaninho",
    "Magoocool"
  ],
  "log": "|j|\u2606darthaninho\n|j|\u2606Magoocool\n|t:|1776376516\n|gametype|doubles\n|player|p1|darthaninho|striker|1236\n|player|p2|Magoocool|169|1236\n|gen|9\n|tier|[Gen 9 Champions] VGC 2026 Reg M-A\n|rated|\n|rule|Species Clause: Limit one of each Pok\u00e9mon\n|rule|Item Clause: Limit 1 of each item\n|clearpoke\n|poke|p1|Garchomp, L50, F|\n|poke|p1|Aerodactyl, L50, F|\n|poke|p1|Venusaur, L50, F|\n|poke|p1|Torkoal, L50, F|\n|poke|p1|Kingambit, L50, F|\n|poke|p1|Basculegion-F, L50, F|\n|poke|p2|Froslass, L50, F|\n|poke|p2|Sneasler, L50, M|\n|poke|p2|Arcanine-Hisui, L50, M|\n|poke|p2|Sinistcha, L50|\n|poke|p2|Rotom-Wash, L50|\n|poke|p2|Kingambit, L50, F|\n|teampreview|4\n|inactive|Battle timer is ON: inactive players will automatically lose when time's up. (requested by darthaninho)\n|\n|t:|1776376556\n|teamsize|p1|4\n|teamsize|p2|4\n|start\n|switch|p1a: Torkoal|Torkoal, L50, F|100/100\n|switch|p1b: Venusaur|Venusaur, L50, F|100/100\n|switch|p2a: Froslass|Froslass, L50, F|100/100\n|switch|p2b: Arcanine|Arcanine-Hisui, L50, M|100/100\n|-ability|p2b: Arcanine|Intimidate|boost\n|-unboost|p1a: Torkoal|atk|1\n|-unboost|p1b: Venusaur|atk|1\n|-weather|SunnyDay|[from] ability: Drought|[of] p1a: Torkoal\n|turn|1\n|\n|t:|1776376573\n|detailschange|p2a: Froslass|Froslass-Mega, L50, F\n|-mega|p2a: Froslass|Froslass|Froslassite\n|-weather|Snowscape|[from] ability: Snow Warning|[of] p2a: Froslass\n|move|p2a: Froslass|Blizzard|p1a: Torkoal|[spread] p1a,p1b\n|-resisted|p1a: Torkoal|1\n|-supereffective|p1b: Venusaur|1\n|-damage|p1a: Torkoal|72/100\n|-damage|p1b: Venusaur|8/100\n|move|p2b: Arcanine|Rock Slide|p1b: Venusaur|[spread] \n|-miss|p2b: Arcanine|p1a: Torkoal\n|-miss|p2b: Arcanine|p1b: Venusaur\n|move|p1b: Venusaur|Sleep Powder|p2a: Froslass\n|-status|p2a: Froslass|slp|[from] move: Sleep Powder\n|move|p1a: Torkoal|Eruption|p2b: Arcanine|[spread] p2a,p2b\n|-supereffective|p2a: Froslass|1\n|-crit|p2a: Froslass\n|-resisted|p2b: Arcanine|2\n|-damage|p2a: Froslass|0 fnt\n|-damage|p2b: Arcanine|92/100\n|faint|p2a: Froslass\n|\n|-weather|Snowscape|[upkeep]\n|upkeep\n|\n|t:|1776376593\n|switch|p2a: Kingambit|Kingambit, L50, F|100/100\n|turn|2\n|\n|t:|1776376602\n|detailschange|p1b: Venusaur|Venusaur-Mega, L50, F\n|-mega|p1b: Venusaur|Venusaur|Venusaurite\n|move|p1b: Venusaur|Protect|p1b: Venusaur\n|-singleturn|p1b: Venusaur|Protect\n|move|p2b: Arcanine|Rock Slide|p1a: Torkoal|[spread] p1a\n|-activate|p1b: Venusaur|move: Protect\n|-supereffective|p1a: Torkoal|1\n|-damage|p1a: Torkoal|38/100\n|-enditem|p1a: Torkoal|Sitrus Berry|[eat]\n|-heal|p1a: Torkoal|63/100|[from] item: Sitrus Berry\n|move|p2a: Kingambit|Kowtow Cleave|p1b: Venusaur\n|-activate|p1b: Venusaur|move: Protect\n|move|p1a: Torkoal|Eruption|p2a: Kingambit|[spread] p2a,p2b\n|-supereffective|p2a: Kingambit|1\n|-resisted|p2b: Arcanine|2\n|-damage|p2a: Kingambit|43/100\n|-damage|p2b: Arcanine|83/100\n|\n|-weather|Snowscape|[upkeep]\n|upkeep\n|turn|3\n|inactive|darthaninho has 30 seconds left.\n|inactive|darthaninho has 20 seconds left.\n|inactive|darthaninho has 15 seconds left.\n|inactive|darthaninho has 10 seconds left.\n|inactive|darthaninho has 5 seconds left.\n|\n|t:|1776376653\n|move|p2b: Arcanine|Rock Slide|p1b: Venusaur|[spread] p1a,p1b\n|-supereffective|p1a: Torkoal|1\n|-damage|p1a: Torkoal|25/100\n|-damage|p1b: Venusaur|0 fnt\n|faint|p1b: Venusaur\n|move|p2a: Kingambit|Kowtow Cleave|p1a: Torkoal\n|-damage|p1a: Torkoal|0 fnt\n|faint|p1a: Torkoal\n|\n|-weather|Snowscape|[upkeep]\n|upkeep\n|\n|t:|1776376662\n|switch|p1b: Kingambit|Kingambit, L50, F|100/100\n|switch|p1a: Basculegion|Basculegion-F, L50, F|100/100\n|turn|4\n|inactive|darthaninho has 30 seconds left.\n|\n|t:|1776376690\n|move|p2a: Kingambit|Sucker Punch|p1a: Basculegion\n|-supereffective|p1a: Basculegion|1\n|-damage|p1a: Basculegion|0 fnt\n|faint|p1a: Basculegion\n|move|p2b: Arcanine|Will-O-Wisp|p1b: Kingambit\n|-status|p1b: Kingambit|brn\n|move|p1b: Kingambit|Low Kick|p2a: Kingambit\n|-supereffective|p2a: Kingambit|2\n|-enditem|p2a: Kingambit|Chople Berry|[eat]\n|-enditem|p2a: Kingambit|Chople Berry|[weaken]\n|-damage|p2a: Kingambit|15/100\n|\n|-weather|Snowscape|[upkeep]\n|-damage|p1b: Kingambit|95/100 brn|[from] brn\n|upkeep\n|turn|5\n|\n|t:|1776376709\n|move|p2b: Arcanine|Flare Blitz|p1b: Kingambit\n|-supereffective|p1b: Kingambit|1\n|-damage|p1b: Kingambit|25/100 brn\n|-damage|p2b: Arcanine|59/100|[from] Recoil\n|move|p1b: Kingambit|Low Kick|p2a: Kingambit\n|-supereffective|p2a: Kingambit|2\n|-damage|p2a: Kingambit|0 fnt\n|faint|p2a: Kingambit\n|\n|-weather|none\n|-damage|p1b: Kingambit|19/100 brn|[from] brn\n|upkeep\n|\n|t:|1776376715\n|switch|p2a: Sneasler|Sneasler, L50, M|100/100\n|turn|6\n|-message|darthaninho forfeited.\n|\n|win|Magoocool\n|raw|darthaninho's rating: 1236 &rarr; <strong>1211</strong><br />(-25 for losing)\n|raw|Magoocool's rating: 1236 &rarr; <strong>1261</strong><br />(+25 for winning)\n|l|\u2606darthaninho\n|player|p1|\n",
  "uploadtime": 1776376723,
  "views": 23,
  "formatid": "gen9championsvgc2026regma",
  "rating": 1211,
  "private": 0,
  "password": null
}