{
  "id": "gen9championsvgc2026regma-2583482222",
  "format": "[Gen 9 Champions] VGC 2026 Reg M-A",
  "players": [
    "ssnithikk",
    "Koro_324"
  ],
  "log": "|j|\u2606ssnithikk\n|j|\u2606Koro_324\n|t:|1776178454\n|gametype|doubles\n|player|p1|ssnithikk|170|1098\n|player|p2|Koro_324|hilbert|1000\n|gen|9\n|tier|[Gen 9 Champions] VGC 2026 Reg M-A\n|rated|\n|rule|Species Clause: Limit one of each Pok\u00e9mon\n|rule|Item Clause: Limit 1 of each item\n|clearpoke\n|poke|p1|Kleavor, L50, M|\n|poke|p1|Drampa, L50, M|\n|poke|p1|Hatterene, L50, F|\n|poke|p1|Altaria, L50, F|\n|poke|p1|Gengar, L50, F|\n|poke|p1|Kingambit, L50, M|\n|poke|p2|Decidueye-Hisui, L50, M|\n|poke|p2|Arcanine-Hisui, L50, M|\n|poke|p2|Tyranitar, L50, M|\n|poke|p2|Milotic, L50, F|\n|poke|p2|Aegislash, L50, M|\n|poke|p2|Sinistcha, L50|\n|teampreview|4\n|inactive|Battle timer is ON: inactive players will automatically lose when time's up. (requested by ssnithikk)\n|inactive|Koro_324 has 60 seconds left.\n|\n|t:|1776178509\n|teamsize|p1|4\n|teamsize|p2|4\n|start\n|switch|p1a: Hatterene|Hatterene, L50, F|100/100\n|switch|p1b: Gengar|Gengar, L50, F, shiny|100/100\n|switch|p2a: Milotic|Milotic, L50, F|100/100\n|switch|p2b: Xebec|Tyranitar, L50, M|100/100\n|-weather|Sandstorm|[from] ability: Sand Stream|[of] p2b: Xebec\n|turn|1\n|inactive|ssnithikk has 30 seconds left.\n|inactive|Koro_324 has 30 seconds left.\n|inactive|Koro_324 has 20 seconds left.\n|inactive|Koro_324 has 15 seconds left.\n|inactive|Koro_324 has 10 seconds left.\n|\n|t:|1776178554\n|move|p1b: Gengar|Protect|p1b: Gengar\n|-singleturn|p1b: Gengar|Protect\n|move|p2a: Milotic|Flip Turn|p1b: Gengar\n|-activate|p1b: Gengar|move: Protect\n|move|p2b: Xebec|Knock Off|p1a: Hatterene\n|-damage|p1a: Hatterene|50/100\n|-enditem|p1a: Hatterene|Shell Bell|[from] move: Knock Off|[of] p2b: Xebec\n|move|p1a: Hatterene|Trick Room|p1a: Hatterene\n|-fieldstart|move: Trick Room|[of] p1a: Hatterene\n|\n|-weather|Sandstorm|[upkeep]\n|-damage|p1a: Hatterene|44/100|[from] Sandstorm\n|-damage|p2a: Milotic|95/100|[from] Sandstorm\n|-damage|p1b: Gengar|95/100|[from] Sandstorm\n|-heal|p2a: Milotic|100/100|[from] item: Leftovers\n|upkeep\n|turn|2\n|inactive|ssnithikk has 30 seconds left.\n|\n|t:|1776178581\n|switch|p1b: Hunain|Kleavor, L50, M|100/100\n|move|p2a: Milotic|Protect|p2a: Milotic\n|-singleturn|p2a: Milotic|Protect\n|move|p1a: Hatterene|Dazzling Gleam|p2b: Xebec|[spread] p2b\n|-activate|p2a: Milotic|move: Protect\n|-supereffective|p2b: Xebec|1\n|-damage|p2b: Xebec|60/100\n|move|p2b: Xebec|Knock Off|p1a: Hatterene\n|-damage|p1a: Hatterene|10/100\n|\n|-weather|Sandstorm|[upkeep]\n|-damage|p1a: Hatterene|4/100|[from] Sandstorm\n|-damage|p2a: Milotic|95/100|[from] Sandstorm\n|-heal|p2a: Milotic|100/100|[from] item: Leftovers\n|upkeep\n|turn|3\n|\n|t:|1776178607\n|move|p2b: Xebec|Helping Hand|p2a: Milotic\n|-singleturn|p2a: Milotic|Helping Hand|[of] p2b: Xebec\n|move|p1a: Hatterene|Dazzling Gleam|p2a: Milotic|[spread] p2a,p2b\n|-supereffective|p2b: Xebec|1\n|-damage|p2a: Milotic|77/100\n|-damage|p2b: Xebec|21/100\n|move|p2a: Milotic|Scald|p1b: Hunain\n|-supereffective|p1b: Hunain|1\n|-damage|p1b: Hunain|0 fnt\n|faint|p1b: Hunain\n|\n|-weather|Sandstorm|[upkeep]\n|-damage|p1a: Hatterene|0 fnt|[from] Sandstorm\n|-damage|p2a: Milotic|71/100|[from] Sandstorm\n|faint|p1a: Hatterene\n|-heal|p2a: Milotic|77/100|[from] item: Leftovers\n|upkeep\n|\n|t:|1776178619\n|switch|p1a: Altaria|Altaria, L50, F|100/100\n|switch|p1b: Gengar|Gengar, L50, F, shiny|95/100\n|-ability|p1a: Altaria|Cloud Nine\n|turn|4\n|inactive|Koro_324 has 30 seconds left.\n|\n|t:|1776178648\n|detailschange|p1b: Gengar|Gengar-Mega, L50, F, shiny\n|-mega|p1b: Gengar|Gengar|Gengarite\n|move|p2b: Xebec|Helping Hand|p2a: Milotic\n|-singleturn|p2a: Milotic|Helping Hand|[of] p2b: Xebec\n|move|p1a: Altaria|Helping Hand|p1b: Gengar\n|-singleturn|p1b: Gengar|Helping Hand|[of] p1a: Altaria\n|move|p2a: Milotic|Scald|p1b: Gengar\n|-crit|p1b: Gengar\n|-damage|p1b: Gengar|0 fnt\n|faint|p1b: Gengar\n|\n|-weather|Sandstorm|[upkeep]\n|-heal|p2a: Milotic|83/100|[from] item: Leftovers\n|upkeep\n|turn|5\n|inactive|ssnithikk has 30 seconds left.\n|\n|t:|1776178679\n|move|p2b: Xebec|Knock Off|p1a: Altaria\n|-damage|p1a: Altaria|60/100\n|-enditem|p1a: Altaria|Mental Herb|[from] move: Knock Off|[of] p2b: Xebec\n|move|p1a: Altaria|Perish Song|p1a: Altaria\n|-start|p1a: Altaria|perish3|[silent]\n|-start|p2a: Milotic|perish3|[silent]\n|-start|p2b: Xebec|perish3|[silent]\n|-fieldactivate|move: Perish Song\n|move|p2a: Milotic|Icy Wind|p1a: Altaria\n|-supereffective|p1a: Altaria|2\n|-damage|p1a: Altaria|5/100\n|-unboost|p1a: Altaria|spe|1\n|\n|-weather|none\n|-heal|p2a: Milotic|89/100|[from] item: Leftovers\n|-start|p1a: Altaria|perish3\n|-start|p2b: Xebec|perish3\n|-start|p2a: Milotic|perish3\n|-fieldend|move: Trick Room\n|upkeep\n|turn|6\n|-message|ssnithikk forfeited.\n|\n|win|Koro_324\n|raw|ssnithikk's rating: 1098 &rarr; <strong>1067</strong><br />(-31 for losing)\n|raw|Koro_324's rating: 1000 &rarr; <strong>1051</strong><br />(+51 for winning)\n|l|\u2606ssnithikk\n|player|p1|\n",
  "uploadtime": 1776178700,
  "views": 27,
  "formatid": "gen9championsvgc2026regma",
  "rating": 1051,
  "private": 0,
  "password": null
}