{
  "id": "gen9championsvgc2026regma-2581292840",
  "format": "[Gen 9 Champions] VGC 2026 Reg M-A",
  "players": [
    "iacidicowl",
    "radoovak"
  ],
  "log": "|j|\u2606iacidicowl\n|j|\u2606radoovak\n|t:|1775982388\n|gametype|doubles\n|player|p1|iacidicowl|170|1304\n|player|p2|radoovak|steven|1329\n|gen|9\n|tier|[Gen 9 Champions] VGC 2026 Reg M-A\n|rated|\n|rule|Species Clause: Limit one of each Pok\u00e9mon\n|rule|Item Clause: Limit 1 of each item\n|clearpoke\n|poke|p1|Garchomp, L50, M|\n|poke|p1|Orthworm, L50, F|\n|poke|p1|Floette-Eternal, L50, F|\n|poke|p1|Meowscarada, L50, F|\n|poke|p1|Sinistcha, L50|\n|poke|p1|Pelipper, L50, M|\n|poke|p2|Gengar, L50, F|\n|poke|p2|Sneasler, L50, F|\n|poke|p2|Incineroar, L50, M|\n|poke|p2|Whimsicott, L50, F|\n|poke|p2|Hydreigon, L50, F|\n|poke|p2|Palafin, L50, F|\n|teampreview|4\n|inactive|Battle timer is ON: inactive players will automatically lose when time's up. (requested by iacidicowl)\n|inactive|iacidicowl has 60 seconds left.\n|inactive|radoovak has 60 seconds left.\n|j| gE1xjZRtuhW2DdT0AK\n|inactive|radoovak has 30 seconds left.\n|inactive|radoovak has 20 seconds left.\n|inactive|radoovak has 15 seconds left.\n|inactive|radoovak has 10 seconds left.\n|inactive|radoovak has 5 seconds left.\n|\n|t:|1775982477\n|teamsize|p1|4\n|teamsize|p2|4\n|start\n|switch|p1a: Garchomp|Garchomp, L50, M|100/100\n|switch|p1b: Orthworm|Orthworm, L50, F|100/100\n|switch|p2a: Sneasler|Sneasler, L50, F|100/100\n|switch|p2b: Hydreigon|Hydreigon, L50, F|100/100\n|turn|1\n|\n|t:|1775982496\n|move|p2b: Hydreigon|Draco Meteor|p1a: Garchomp\n|-supereffective|p1a: Garchomp|1\n|-crit|p1a: Garchomp\n|-enditem|p1a: Garchomp|Focus Sash\n|-damage|p1a: Garchomp|1/100\n|-unboost|p2b: Hydreigon|spa|2\n|move|p2a: Sneasler|Close Combat|p1b: Orthworm\n|-supereffective|p1b: Orthworm|1\n|-damage|p1b: Orthworm|21/100\n|-unboost|p2a: Sneasler|def|1\n|-unboost|p2a: Sneasler|spd|1\n|-enditem|p1b: Orthworm|Sitrus Berry|[eat]\n|-heal|p1b: Orthworm|46/100|[from] item: Sitrus Berry\n|-enditem|p2a: Sneasler|White Herb\n|-clearnegativeboost|p2a: Sneasler|[silent]\n|move|p1a: Garchomp|Earthquake|p2b: Hydreigon|[spread] p2a\n|-heal|p1b: Orthworm|71/100|[from] ability: Earth Eater|[of] p1a: Garchomp\n|-immune|p2b: Hydreigon|[from] ability: Levitate\n|-supereffective|p2a: Sneasler|1\n|-crit|p2a: Sneasler\n|-damage|p2a: Sneasler|0 fnt\n|faint|p2a: Sneasler\n|move|p1b: Orthworm|Iron Defense|p1b: Orthworm\n|-boost|p1b: Orthworm|def|2\n|\n|upkeep\n|j| darryj\n|inactive|radoovak has 30 seconds left.\n|\n|t:|1775982530\n|switch|p2a: Whimsicott|Whimsicott, L50, F|100/100\n|turn|2\n|\n|t:|1775982541\n|switch|p1a: Sinistcha|Sinistcha, L50|100/100\n|-heal|p1b: Orthworm|96/100|[from] ability: Hospitality|[of] p1a: Sinistcha\n|move|p2a: Whimsicott|Encore|p1b: Orthworm\n|-start|p1b: Orthworm|Encore\n|move|p2b: Hydreigon|Draco Meteor|p1a: Sinistcha\n|-crit|p1a: Sinistcha\n|-damage|p1a: Sinistcha|11/100\n|-unboost|p2b: Hydreigon|spa|2\n|move|p1b: Orthworm|Iron Defense|p1b: Orthworm\n|-boost|p1b: Orthworm|def|2\n|\n|upkeep\n|turn|3\n|\n|t:|1775982561\n|switch|p2b: Gengar|Gengar, L50, F|100/100\n|switch|p1a: Floette|Floette-Eternal, L50, F|100/100\n|move|p2a: Whimsicott|Moonblast|p1a: Floette\n|-damage|p1a: Floette|74/100\n|move|p1b: Orthworm|Iron Defense|p1b: Orthworm\n|-boost|p1b: Orthworm|def|2\n|\n|upkeep\n|turn|4\n|inactive|iacidicowl has 30 seconds left.\n|\n|t:|1775982595\n|detailschange|p2b: Gengar|Gengar-Mega, L50, F\n|-mega|p2b: Gengar|Gengar|Gengarite\n|move|p1a: Floette|Protect|p1a: Floette\n|-singleturn|p1a: Floette|Protect\n|move|p2a: Whimsicott|Fake Tears|p1b: Orthworm\n|-unboost|p1b: Orthworm|spd|2\n|move|p2b: Gengar|Sludge Bomb|p1a: Floette\n|-activate|p1a: Floette|move: Protect\n|move|p1b: Orthworm|Iron Defense|p1b: Orthworm\n|-boost|p1b: Orthworm|def|0\n|\n|-end|p1b: Orthworm|Encore\n|upkeep\n|turn|5\n|l| darryj\n|-message|iacidicowl forfeited.\n|\n|win|radoovak\n|raw|iacidicowl's rating: 1304 &rarr; <strong>1285</strong><br />(-19 for losing)\n|raw|radoovak's rating: 1329 &rarr; <strong>1348</strong><br />(+19 for winning)\n|l|\u2606iacidicowl\n|player|p1|\n|l|\u2606radoovak\n|player|p2|\n",
  "uploadtime": 1775982628,
  "views": 42,
  "formatid": "gen9championsvgc2026regma",
  "rating": 1285,
  "private": 0,
  "password": null
}