{
  "id": "gen9championsvgc2026regma-2587910499",
  "format": "[Gen 9 Champions] VGC 2026 Reg M-A",
  "players": [
    "geekaleek",
    "bassv991"
  ],
  "log": "|j|\u2606geekaleek\n|j|\u2606bassv991\n|t:|1776577832\n|gametype|doubles\n|player|p1|geekaleek|102|1507\n|player|p2|bassv991|266|1583\n|gen|9\n|tier|[Gen 9 Champions] VGC 2026 Reg M-A\n|rated|\n|rule|Species Clause: Limit one of each Pok\u00e9mon\n|rule|Item Clause: Limit 1 of each item\n|clearpoke\n|poke|p1|Kingambit, L50, M|\n|poke|p1|Sneasler, L50, F|\n|poke|p1|Froslass, L50, F|\n|poke|p1|Rotom-Wash, L50|\n|poke|p1|Sinistcha-Masterpiece, L50|\n|poke|p1|Tauros-Paldea-Blaze, L50, M|\n|poke|p2|Gengar, L50, M|\n|poke|p2|Sneasler, L50, M|\n|poke|p2|Pelipper, L50, F|\n|poke|p2|Basculegion, L50, M|\n|poke|p2|Scovillain, L50, F|\n|poke|p2|Kingambit, L50, M|\n|teampreview|4\n|j| newmegasbad\n|\n|t:|1776577884\n|teamsize|p1|4\n|teamsize|p2|4\n|start\n|switch|p1a: Sneasler|Sneasler, L50, F|100/100\n|switch|p1b: Tauros|Tauros-Paldea-Blaze, L50, M|100/100\n|switch|p2a: Scovillain|Scovillain, L50, F|100/100\n|switch|p2b: Sneasler|Sneasler, L50, M|100/100\n|-ability|p1b: Tauros|Intimidate|boost\n|-unboost|p2a: Scovillain|atk|1\n|-unboost|p2b: Sneasler|atk|1\n|turn|1\n|\n|t:|1776577928\n|switch|p2b: Pelipper|Pelipper, L50, F|100/100\n|-weather|RainDance|[from] ability: Drizzle|[of] p2b: Pelipper\n|switch|p2a: Basculegion|Basculegion, L50, M|100/100\n|move|p1a: Sneasler|Fake Out|p2b: Pelipper\n|-damage|p2b: Pelipper|88/100\n|move|p1b: Tauros|Bulk Up|p1b: Tauros\n|-boost|p1b: Tauros|atk|1\n|-boost|p1b: Tauros|def|1\n|\n|-weather|RainDance|[upkeep]\n|upkeep\n|turn|2\n|\n|t:|1776577987\n|move|p2a: Basculegion|Wave Crash|p1a: Sneasler\n|-damage|p1a: Sneasler|0 fnt\n|faint|p1a: Sneasler\n|-damage|p2a: Basculegion|78/100|[from] Recoil\n|move|p1b: Tauros|Close Combat|p2b: Pelipper\n|-resisted|p2b: Pelipper|1\n|-damage|p2b: Pelipper|50/100\n|-unboost|p1b: Tauros|def|1\n|-unboost|p1b: Tauros|spd|1\n|-enditem|p2b: Pelipper|Sitrus Berry|[eat]\n|-heal|p2b: Pelipper|75/100|[from] item: Sitrus Berry\n|move|p2b: Pelipper|Tailwind|p2b: Pelipper\n|-sidestart|p2: bassv991|move: Tailwind\n|\n|-weather|RainDance|[upkeep]\n|upkeep\n|\n|t:|1776578000\n|switch|p1a: Kingambit|Kingambit, L50, M|100/100\n|turn|3\n|\n|t:|1776578046\n|move|p1b: Tauros|Protect|p1b: Tauros\n|-singleturn|p1b: Tauros|Protect\n|move|p2a: Basculegion|Aqua Jet|p1b: Tauros\n|-activate|p1b: Tauros|move: Protect\n|move|p1a: Kingambit|Sucker Punch|p2b: Pelipper\n|-damage|p2b: Pelipper|30/100\n|move|p2b: Pelipper|Hurricane|p1b: Tauros\n|-activate|p1b: Tauros|move: Protect\n|\n|-weather|RainDance|[upkeep]\n|upkeep\n|turn|4\n|\n|t:|1776578082\n|move|p1a: Kingambit|Sucker Punch|p2b: Pelipper\n|-damage|p2b: Pelipper|0 fnt\n|faint|p2b: Pelipper\n|move|p2a: Basculegion|Wave Crash|p1b: Tauros\n|-supereffective|p1b: Tauros|1\n|-enditem|p1b: Tauros|Focus Sash\n|-damage|p1b: Tauros|1/100\n|-damage|p2a: Basculegion|55/100|[from] Recoil\n|move|p1b: Tauros|Bulk Up|p1b: Tauros\n|-boost|p1b: Tauros|atk|1\n|-boost|p1b: Tauros|def|1\n|\n|-weather|RainDance|[upkeep]\n|upkeep\n|\n|t:|1776578096\n|switch|p2b: Sneasler|Sneasler, L50, M|100/100\n|turn|5\n|\n|t:|1776578113\n|move|p1a: Kingambit|Protect|p1a: Kingambit\n|-singleturn|p1a: Kingambit|Protect\n|move|p2b: Sneasler|Fake Out|p1b: Tauros\n|-damage|p1b: Tauros|0 fnt\n|faint|p1b: Tauros\n|move|p2a: Basculegion|Last Respects|p1a: Kingambit\n|-activate|p1a: Kingambit|move: Protect\n|\n|-weather|none\n|-sideend|p2: bassv991|move: Tailwind\n|upkeep\n|\n|t:|1776578116\n|switch|p1b: Froslass|Froslass, L50, F|100/100\n|turn|6\n|\n|t:|1776578152\n|detailschange|p1b: Froslass|Froslass-Mega, L50, F\n|-mega|p1b: Froslass|Froslass|Froslassite\n|-weather|Snowscape|[from] ability: Snow Warning|[of] p1b: Froslass\n|move|p2a: Basculegion|Aqua Jet|p1a: Kingambit\n|-damage|p1a: Kingambit|83/100\n|move|p1a: Kingambit|Sucker Punch||[still]\n|-fail|p1a: Kingambit\n|move|p1b: Froslass|Shadow Ball|p2a: Basculegion\n|-supereffective|p2a: Basculegion|1\n|-damage|p2a: Basculegion|0 fnt\n|faint|p2a: Basculegion\n|move|p2b: Sneasler|Close Combat|p1a: Kingambit\n|-supereffective|p1a: Kingambit|2\n|-damage|p1a: Kingambit|0 fnt\n|-unboost|p2b: Sneasler|def|1\n|-unboost|p2b: Sneasler|spd|1\n|faint|p1a: Kingambit\n|\n|-weather|Snowscape|[upkeep]\n|upkeep\n|\n|t:|1776578171\n|switch|p2a: Scovillain|Scovillain, L50, F|100/100\n|turn|7\n|\n|t:|1776578180\n|detailschange|p2a: Scovillain|Scovillain-Mega, L50, F\n|-mega|p2a: Scovillain|Scovillain|Scovillainite\n|move|p1b: Froslass|Blizzard|p2a: Scovillain|[spread] p2a,p2b\n|-damage|p2a: Scovillain|46/100\n|-enditem|p2b: Sneasler|Focus Sash\n|-damage|p2b: Sneasler|1/100\n|-status|p1b: Froslass|brn|[from] ability: Spicy Spray|[of] p2a: Scovillain\n|move|p2b: Sneasler|Dire Claw|p1b: Froslass\n|-resisted|p1b: Froslass|1\n|-damage|p1b: Froslass|76/100 brn\n|move|p2a: Scovillain|Overheat|p1b: Froslass\n|-supereffective|p1b: Froslass|1\n|-damage|p1b: Froslass|0 fnt\n|-unboost|p2a: Scovillain|spa|2\n|faint|p1b: Froslass\n|\n|win|bassv991\n|raw|geekaleek's rating: 1507 &rarr; <strong>1491</strong><br />(-16 for losing)\n|raw|bassv991's rating: 1583 &rarr; <strong>1599</strong><br />(+16 for winning)\n|l|\u2606geekaleek\n|player|p1|\n|j|\u2606geekaleek\n|player|p1|geekaleek|102|\n|l|\u2606bassv991\n|player|p2|\n",
  "uploadtime": 1776578204,
  "views": 19,
  "formatid": "gen9championsvgc2026regma",
  "rating": 1491,
  "private": 0,
  "password": null
}