{
  "id": "gen9championsvgc2026regma-2588091311",
  "format": "[Gen 9 Champions] VGC 2026 Reg M-A",
  "players": [
    "Da1mon!",
    "alvaro079"
  ],
  "log": "|j|\u2606Da1mon!\n|j|\u2606alvaro079\n|t:|1776603259\n|gametype|doubles\n|player|p1|Da1mon!|ghetsis|1269\n|player|p2|alvaro079|ethan|1193\n|gen|9\n|tier|[Gen 9 Champions] VGC 2026 Reg M-A\n|rated|\n|rule|Species Clause: Limit one of each Pok\u00e9mon\n|rule|Item Clause: Limit 1 of each item\n|clearpoke\n|poke|p1|Chesnaught, L50, M, shiny|\n|poke|p1|Slowking-Galar, L50, F|\n|poke|p1|Kingambit, L50, F|\n|poke|p1|Armarouge, L50, M|\n|poke|p1|Oranguru, L50, F|\n|poke|p1|Primarina, L50, F|\n|poke|p2|Kingambit, L50, F|\n|poke|p2|Venusaur, L50, M|\n|poke|p2|Dragonite, L50, M|\n|poke|p2|Incineroar, L50, F|\n|poke|p2|Sneasler, L50, M|\n|poke|p2|Basculegion, L50, M|\n|teampreview|4\n|inactive|Battle timer is ON: inactive players will automatically lose when time's up. (requested by alvaro079)\nalvaro079 has agreed to open team sheets.\n|\n|t:|1776603300\n|teamsize|p1|4\n|teamsize|p2|4\n|start\n|switch|p1a: Chesnaught|Chesnaught, L50, M, shiny|100/100\n|switch|p1b: Oranguru|Oranguru, L50, F|100/100\n|switch|p2a: Dragonite|Dragonite, L50, M|100/100\n|switch|p2b: Kingambit|Kingambit, L50, F|100/100\n|turn|1\n|inactive|Da1mon! has 30 seconds left.\n|\n|t:|1776603329\n|detailschange|p2a: Dragonite|Dragonite-Mega, L50, M\n|-mega|p2a: Dragonite|Dragonite|Dragoninite\n|move|p1a: Chesnaught|Spiky Shield|p1a: Chesnaught\n|-singleturn|p1a: Chesnaught|move: Protect\n|move|p2a: Dragonite|Air Slash|p1a: Chesnaught\n|-activate|p1a: Chesnaught|move: Protect\n|move|p2b: Kingambit|Kowtow Cleave|p1b: Oranguru\n|-supereffective|p1b: Oranguru|1\n|-enditem|p1b: Oranguru|Colbur Berry|[eat]\n|-enditem|p1b: Oranguru|Colbur Berry|[weaken]\n|-damage|p1b: Oranguru|60/100\n|move|p1b: Oranguru|Trick Room|p1b: Oranguru\n|-fieldstart|move: Trick Room|[of] p1b: Oranguru\n|\n|upkeep\n|turn|2\n|inactive|Da1mon! has 30 seconds left.\n|\n|t:|1776603357\n|switch|p1a: Kingambit|Kingambit, L50, F|100/100\n|switch|p1b: Primarina|Primarina, L50, F|100/100\n|move|p2b: Kingambit|Kowtow Cleave|p1b: Primarina\n|-resisted|p1b: Primarina|1\n|-damage|p1b: Primarina|72/100\n|move|p2a: Dragonite|Air Slash|p1a: Kingambit\n|-resisted|p1a: Kingambit|1\n|-damage|p1a: Kingambit|80/100\n|\n|-heal|p1b: Primarina|78/100|[from] item: Leftovers\n|upkeep\n|turn|3\n|\n|t:|1776603379\n|move|p1a: Kingambit|Kowtow Cleave|p2a: Dragonite\n|-damage|p2a: Dragonite|70/100\n|move|p2b: Kingambit|Iron Head|p1b: Primarina\n|-damage|p1b: Primarina|21/100\n|move|p1b: Primarina|Dazzling Gleam|p2a: Dragonite|[spread] p2a,p2b\n|-supereffective|p2a: Dragonite|1\n|-damage|p2a: Dragonite|11/100\n|-damage|p2b: Kingambit|70/100\n|move|p2a: Dragonite|Dragon Pulse|p1a: Kingambit\n|-resisted|p1a: Kingambit|1\n|-damage|p1a: Kingambit|55/100\n|\n|-heal|p1b: Primarina|27/100|[from] item: Leftovers\n|upkeep\n|turn|4\n|\n|t:|1776603402\n|switch|p2a: Sneasler|Sneasler, L50, M|100/100\n|move|p1b: Primarina|Protect|p1b: Primarina\n|-singleturn|p1b: Primarina|Protect\n|move|p2b: Kingambit|Iron Head|p1b: Primarina\n|-activate|p1b: Primarina|move: Protect\n|move|p1a: Kingambit|Kowtow Cleave|p2b: Kingambit\n|-resisted|p2b: Kingambit|1\n|-damage|p2b: Kingambit|49/100\n|\n|-heal|p1b: Primarina|33/100|[from] item: Leftovers\n|upkeep\n|turn|5\n|inactive|Da1mon! has 30 seconds left.\n|\n|t:|1776603432\n|switch|p1b: Chesnaught|Chesnaught, L50, M, shiny|100/100\n|move|p2a: Sneasler|Protect|p2a: Sneasler\n|-singleturn|p2a: Sneasler|Protect\n|move|p2b: Kingambit|Iron Head|p1b: Chesnaught\n|-damage|p1b: Chesnaught|74/100\n|move|p1a: Kingambit|Iron Head|p2a: Sneasler\n|-activate|p2a: Sneasler|move: Protect\n|\n|-fieldend|move: Trick Room\n|upkeep\n|turn|6\n|\n|t:|1776603456\n|detailschange|p1b: Chesnaught|Chesnaught-Mega, L50, M, shiny\n|-mega|p1b: Chesnaught|Chesnaught|Chesnaughtite\n|move|p1a: Kingambit|Sucker Punch|p2a: Sneasler\n|-resisted|p2a: Sneasler|1\n|-damage|p2a: Sneasler|57/100\n|move|p2a: Sneasler|Close Combat|p1a: Kingambit\n|-supereffective|p1a: Kingambit|2\n|-damage|p1a: Kingambit|0 fnt\n|-unboost|p2a: Sneasler|def|1\n|-unboost|p2a: Sneasler|spd|1\n|faint|p1a: Kingambit\n|move|p2b: Kingambit|Kowtow Cleave|p1b: Chesnaught\n|-resisted|p1b: Chesnaught|1\n|-damage|p1b: Chesnaught|64/100\n|move|p1b: Chesnaught|Body Press|p2b: Kingambit\n|-supereffective|p2b: Kingambit|2\n|-enditem|p2b: Kingambit|Chople Berry|[eat]\n|-enditem|p2b: Kingambit|Chople Berry|[weaken]\n|-damage|p2b: Kingambit|0 fnt\n|faint|p2b: Kingambit\n|\n|upkeep\n|\n|t:|1776603474\n|switch|p1a: Oranguru|Oranguru, L50, F|60/100\n|switch|p2b: Dragonite|Dragonite-Mega, L50, M|11/100\n|turn|7\n|\n|t:|1776603486\n|move|p2a: Sneasler|Dire Claw|p1b: Chesnaught\n|-supereffective|p1b: Chesnaught|1\n|-damage|p1b: Chesnaught|24/100\n|move|p2b: Dragonite|Roost|p2b: Dragonite\n|-heal|p2b: Dragonite|61/100\n|-singleturn|p2b: Dragonite|move: Roost\n|move|p1b: Chesnaught|Rock Slide|p2a: Sneasler|[spread] p2a,p2b\n|-resisted|p2a: Sneasler|1\n|-damage|p2a: Sneasler|36/100\n|-damage|p2b: Dragonite|45/100\n|move|p1a: Oranguru|Trick Room|p1a: Oranguru\n|-fieldstart|move: Trick Room|[of] p1a: Oranguru\n|\n|upkeep\n|turn|8\n|\n|t:|1776603508\n|move|p1b: Chesnaught|Rock Slide|p2a: Sneasler|[spread] p2a,p2b\n|-resisted|p2a: Sneasler|1\n|-supereffective|p2b: Dragonite|1\n|-damage|p2a: Sneasler|15/100\n|-damage|p2b: Dragonite|11/100\n|move|p1a: Oranguru|Instruct|p1b: Chesnaught\n|-singleturn|p1b: Chesnaught|move: Instruct|[of] p1a: Oranguru\n|move|p1b: Chesnaught|Rock Slide|p2b: Dragonite|[spread] p2a,p2b\n|-resisted|p2a: Sneasler|1\n|-supereffective|p2b: Dragonite|1\n|-damage|p2a: Sneasler|0 fnt\n|-damage|p2b: Dragonite|0 fnt\n|faint|p2a: Sneasler\n|faint|p2b: Dragonite\n|\n|upkeep\n|\n|t:|1776603520\n|switch|p2b: Basculegion|Basculegion, L50, M|100/100\n|turn|9\n|\n|t:|1776603531\n|move|p1b: Chesnaught|Thunder Punch|p2b: Basculegion\n|-supereffective|p2b: Basculegion|1\n|-damage|p2b: Basculegion|41/100\n|move|p1a: Oranguru|Instruct|p1b: Chesnaught\n|-singleturn|p1b: Chesnaught|move: Instruct|[of] p1a: Oranguru\n|move|p1b: Chesnaught|Thunder Punch|p2b: Basculegion\n|-supereffective|p2b: Basculegion|1\n|-damage|p2b: Basculegion|0 fnt\n|faint|p2b: Basculegion\n|\n|win|Da1mon!\n|raw|Da1mon!'s rating: 1269 &rarr; <strong>1289</strong><br />(+20 for winning)\n|raw|alvaro079's rating: 1193 &rarr; <strong>1173</strong><br />(-20 for losing)\n|c|\u2606Da1mon!|gg\n|l|\u2606alvaro079\n|player|p2|\n",
  "uploadtime": 1776603546,
  "views": 13,
  "formatid": "gen9championsvgc2026regma",
  "rating": 1173,
  "private": 0,
  "password": null
}