{
  "id": "gen9championsvgc2026regma-2588754327",
  "format": "[Gen 9 Champions] VGC 2026 Reg M-A",
  "players": [
    "b00mie",
    "raigonjoy"
  ],
  "log": "|j|\u2606b00mie\n|j|\u2606raigonjoy\n|t:|1776666425\n|gametype|doubles\n|player|p1|b00mie|2|1080\n|player|p2|raigonjoy|1|1137\n|gen|9\n|tier|[Gen 9 Champions] VGC 2026 Reg M-A\n|rated|\n|rule|Species Clause: Limit one of each Pok\u00e9mon\n|rule|Item Clause: Limit 1 of each item\n|clearpoke\n|poke|p1|Alakazam, L50, M|\n|poke|p1|Camerupt, L50, F, shiny|\n|poke|p1|Farigiraf, L50, M|\n|poke|p1|Heracross, L50, M|\n|poke|p1|Incineroar, L50, M|\n|poke|p1|Corviknight, L50, M|\n|poke|p2|Gengar, L50, F|\n|poke|p2|Basculegion, L50, M|\n|poke|p2|Sneasler, L50, M|\n|poke|p2|Maushold-Four, L50|\n|poke|p2|Sinistcha, L50|\n|poke|p2|Incineroar, L50, M|\n|teampreview|4\n|inactive|Battle timer is ON: inactive players will automatically lose when time's up. (requested by raigonjoy)\n|inactive|b00mie has 60 seconds left.\n|\n|t:|1776666466\n|teamsize|p1|4\n|teamsize|p2|4\n|start\n|switch|p1a: Incineroar|Incineroar, L50, M|100/100\n|switch|p1b: Farigiraf|Farigiraf, L50, M|100/100\n|switch|p2a: Gengar|Gengar, L50, F|100/100\n|switch|p2b: Maushold|Maushold-Four, L50|100/100\n|-ability|p1a: Incineroar|Intimidate|boost\n|-unboost|p2a: Gengar|atk|1\n|-unboost|p2b: Maushold|atk|1\n|turn|1\n|inactive|raigonjoy has 30 seconds left.\n|\n|t:|1776666495\n|switch|p2b: Incineroar|Incineroar, L50, M|100/100\n|-ability|p2b: Incineroar|Intimidate|boost\n|-unboost|p1a: Incineroar|atk|1\n|-unboost|p1b: Farigiraf|atk|1\n|move|p2a: Gengar|Protect|p2a: Gengar\n|-singleturn|p2a: Gengar|Protect\n|move|p1a: Incineroar|Fake Out|p2b: Incineroar\n|-damage|p2b: Incineroar|93/100\n|move|p1b: Farigiraf|Trick Room|p1b: Farigiraf\n|-fieldstart|move: Trick Room|[of] p1b: Farigiraf\n|\n|upkeep\n|turn|2\n|\n|t:|1776666518\n|switch|p1b: Heracross|Heracross, L50, M|100/100\n|switch|p2a: Maushold|Maushold-Four, L50|100/100\n|move|p2b: Incineroar|Parting Shot|p1b: Heracross\n|-unboost|p1b: Heracross|atk|1\n|-unboost|p1b: Heracross|spa|1\n|\n|t:|1776666528\n|switch|p2b: Gengar|Gengar, L50, F|100/100|[from] Parting Shot\n|move|p1a: Incineroar|Darkest Lariat|p2a: Maushold\n|-damage|p2a: Maushold|72/100\n|\n|upkeep\n|turn|3\n|\n|t:|1776666546\n|switch|p1b: Alakazam|Alakazam, L50, M|100/100\n|switch|p2b: Incineroar|Incineroar, L50, M|93/100\n|-ability|p2b: Incineroar|Intimidate|boost\n|-unboost|p1a: Incineroar|atk|1\n|-fail|p1b: Alakazam|unboost|Attack|[from] ability: Inner Focus|[of] p1b: Alakazam\n|move|p2a: Maushold|Protect|p2a: Maushold\n|-singleturn|p2a: Maushold|Protect\n|move|p1a: Incineroar|Darkest Lariat|p2b: Incineroar\n|-resisted|p2b: Incineroar|1\n|-damage|p2b: Incineroar|85/100\n|\n|upkeep\n|turn|4\n|inactive|raigonjoy has 30 seconds left.\n|inactive|raigonjoy has 20 seconds left.\n|\n|t:|1776666581\n|move|p2b: Incineroar|Parting Shot|p1b: Alakazam\n|-unboost|p1b: Alakazam|atk|1\n|-unboost|p1b: Alakazam|spa|1\n|\n|t:|1776666585\n|switch|p2b: Sinistcha|Sinistcha, L50|100/100|[from] Parting Shot\n|-heal|p2a: Maushold|97/100|[from] ability: Hospitality|[of] p2b: Sinistcha\n|move|p1a: Incineroar|Parting Shot|p2b: Sinistcha\n|-unboost|p2b: Sinistcha|atk|1\n|-unboost|p2b: Sinistcha|spa|1\n|\n|t:|1776666606\n|switch|p1a: Farigiraf|Farigiraf, L50, M|100/100|[from] Parting Shot\n|move|p2a: Maushold|U-turn|p1b: Alakazam\n|-supereffective|p1b: Alakazam|1\n|-damage|p1b: Alakazam|27/100\n|\n|t:|1776666617\n|switch|p2a: Gengar|Gengar, L50, F|100/100|[from] U-turn\n|move|p1b: Alakazam|Taunt|p2a: Gengar\n|-start|p2a: Gengar|move: Taunt\n|\n|upkeep\n|turn|5\n|\n|t:|1776666639\n|switch|p2a: Incineroar|Incineroar, L50, M|85/100\n|-ability|p2a: Incineroar|Intimidate|boost\n|-unboost|p1a: Farigiraf|atk|1\n|-fail|p1b: Alakazam|unboost|Attack|[from] ability: Inner Focus|[of] p1b: Alakazam\n|move|p1a: Farigiraf|Shadow Ball|p2b: Sinistcha\n|-supereffective|p2b: Sinistcha|1\n|-damage|p2b: Sinistcha|50/100\n|move|p2b: Sinistcha|Matcha Gotcha|p1b: Alakazam|[spread] p1a,p1b\n|-damage|p1a: Farigiraf|85/100\n|-heal|p2b: Sinistcha|59/100|[from] drain|[of] p1a: Farigiraf\n|-damage|p1b: Alakazam|10/100\n|-heal|p2b: Sinistcha|66/100|[from] drain|[of] p1b: Alakazam\n|-status|p1a: Farigiraf|brn\n|move|p1b: Alakazam|Psychic|p2a: Incineroar\n|-immune|p2a: Incineroar\n|\n|-damage|p1a: Farigiraf|80/100 brn|[from] brn\n|-fieldend|move: Trick Room\n|upkeep\n|turn|6\n|inactive|b00mie has 30 seconds left.\n|inactive|raigonjoy has 30 seconds left.\n|inactive|raigonjoy has 20 seconds left.\n|inactive|raigonjoy has 15 seconds left.\n|\n|t:|1776666679\n|switch|p2b: Maushold|Maushold-Four, L50|97/100\n|move|p1b: Alakazam|Taunt|p2a: Incineroar\n|-start|p2a: Incineroar|move: Taunt\n|cant|p2a: Incineroar|move: Taunt|Parting Shot\n|move|p1a: Farigiraf|Trick Room|p1a: Farigiraf\n|-fieldstart|move: Trick Room|[of] p1a: Farigiraf\n|\n|-damage|p1a: Farigiraf|74/100 brn|[from] brn\n|upkeep\n|turn|7\n|\n|t:|1776666696\n|switch|p1b: Incineroar|Incineroar, L50, M|100/100\n|-ability|p1b: Incineroar|Intimidate|boost\n|-unboost|p2a: Incineroar|atk|1\n|-unboost|p2b: Maushold|atk|1\n|move|p2a: Incineroar|Flare Blitz|p1a: Farigiraf\n|-damage|p1a: Farigiraf|38/100 brn\n|-damage|p2a: Incineroar|72/100|[from] Recoil\n|move|p1a: Farigiraf|Psychic|p2b: Maushold\n|-damage|p2b: Maushold|54/100\n|move|p2b: Maushold|U-turn|p1b: Incineroar\n|-damage|p1b: Incineroar|92/100\n|\n|t:|1776666714\n|switch|p2b: Sinistcha|Sinistcha, L50|66/100|[from] U-turn\n|-heal|p2a: Incineroar|97/100|[from] ability: Hospitality|[of] p2b: Sinistcha\n|\n|-damage|p1a: Farigiraf|32/100 brn|[from] brn\n|upkeep\n|turn|8\n|\n|t:|1776666729\n|move|p2b: Sinistcha|Protect|p2b: Sinistcha\n|-singleturn|p2b: Sinistcha|Protect\n|move|p1a: Farigiraf|Psychic|p2b: Sinistcha\n|-activate|p2b: Sinistcha|move: Protect\n|move|p1b: Incineroar|Parting Shot|p2a: Incineroar\n|-unboost|p2a: Incineroar|atk|1\n|-unboost|p2a: Incineroar|spa|1\n|\n|t:|1776666737\n|switch|p1b: Heracross|Heracross, L50, M|100/100|[from] Parting Shot\n|move|p2a: Incineroar|Flare Blitz|p1a: Farigiraf\n|-damage|p1a: Farigiraf|2/100 brn\n|-damage|p2a: Incineroar|86/100|[from] Recoil\n|\n|-damage|p1a: Farigiraf|0 fnt|[from] brn\n|faint|p1a: Farigiraf\n|-end|p2a: Incineroar|move: Taunt\n|upkeep\n|\n|t:|1776666751\n|switch|p1a: Incineroar|Incineroar, L50, M|92/100\n|-ability|p1a: Incineroar|Intimidate|boost\n|-unboost|p2a: Incineroar|atk|1\n|-unboost|p2b: Sinistcha|atk|1\n|turn|9\n|\n|t:|1776666774\n|switch|p2a: Gengar|Gengar, L50, F|100/100\n|switch|p2b: Maushold|Maushold-Four, L50|54/100\n|detailschange|p1b: Heracross|Heracross-Mega, L50, M\n|-mega|p1b: Heracross|Heracross|Heracronite\n|move|p1a: Incineroar|Flare Blitz|p2b: Maushold\n|-damage|p2b: Maushold|0 fnt\n|faint|p2b: Maushold\n|-damage|p1a: Incineroar|75/100|[from] Recoil\n|move|p1b: Heracross|Rock Blast|p2a: Gengar\n|-damage|p2a: Gengar|86/100\n|-damage|p2a: Gengar|69/100\n|-damage|p2a: Gengar|53/100\n|-start|p1b: Heracross|Disable|Rock Blast|[from] ability: Cursed Body|[of] p2a: Gengar\n|-damage|p2a: Gengar|37/100\n|-damage|p2a: Gengar|21/100\n|-hitcount|p2a: Gengar|5\n|\n|upkeep\n|inactive|raigonjoy has 30 seconds left.\n|\n|t:|1776666803\n|switch|p2b: Sinistcha|Sinistcha, L50|66/100\n|-heal|p2a: Gengar|46/100|[from] ability: Hospitality|[of] p2b: Sinistcha\n|turn|10\n|inactive|raigonjoy has 30 seconds left.\n|\n|t:|1776666834\n|switch|p2b: Incineroar|Incineroar, L50, M|86/100\n|-ability|p2b: Incineroar|Intimidate|boost\n|-unboost|p1a: Incineroar|atk|1\n|-unboost|p1b: Heracross|atk|1\n|move|p2a: Gengar|Protect|p2a: Gengar\n|-singleturn|p2a: Gengar|Protect\n|move|p1a: Incineroar|Darkest Lariat|p2a: Gengar\n|-activate|p2a: Gengar|move: Protect\n|move|p1b: Heracross|Pin Missile|p2b: Incineroar\n|-damage|p2b: Incineroar|75/100\n|-damage|p2b: Incineroar|64/100\n|-damage|p2b: Incineroar|53/100\n|-damage|p2b: Incineroar|43/100\n|-damage|p2b: Incineroar|32/100\n|-hitcount|p2b: Incineroar|5\n|\n|-fieldend|move: Trick Room\n|upkeep\n|turn|11\n|inactive|b00mie has 30 seconds left.\n|inactive|raigonjoy has 30 seconds left.\n|inactive|raigonjoy has 20 seconds left.\n|inactive|raigonjoy has 15 seconds left.\n|inactive|raigonjoy has 10 seconds left.\n|\n|t:|1776666883\n|switch|p1b: Alakazam|Alakazam, L50, M|10/100\n|switch|p2b: Sinistcha|Sinistcha, L50|66/100\n|-heal|p2a: Gengar|71/100|[from] ability: Hospitality|[of] p2b: Sinistcha\n|detailschange|p2a: Gengar|Gengar-Mega, L50, F\n|-mega|p2a: Gengar|Gengar|Gengarite\n|move|p2a: Gengar|Perish Song|p2a: Gengar\n|-start|p1a: Incineroar|perish3|[silent]\n|-start|p1b: Alakazam|perish3|[silent]\n|-start|p2a: Gengar|perish3|[silent]\n|-start|p2b: Sinistcha|perish3|[silent]\n|-fieldactivate|move: Perish Song\n|move|p1a: Incineroar|Parting Shot|p2a: Gengar\n|-unboost|p2a: Gengar|atk|1\n|-unboost|p2a: Gengar|spa|1\n|\n|t:|1776666896\n|switch|p1a: Heracross|Heracross-Mega, L50, M|100/100|[from] Parting Shot\n|\n|-start|p1b: Alakazam|perish3\n|-start|p2a: Gengar|perish3\n|-start|p2b: Sinistcha|perish3\n|upkeep\n|turn|12\n|inactive|b00mie has 30 seconds left.\n|inactive|raigonjoy has 30 seconds left.\n|inactive|b00mie has 20 seconds left.\n|\n|t:|1776666938\n|move|p2a: Gengar|Protect|p2a: Gengar\n|-singleturn|p2a: Gengar|Protect\n|move|p2b: Sinistcha|Protect|p2b: Sinistcha\n|-singleturn|p2b: Sinistcha|Protect\n|move|p1b: Alakazam|Speed Swap|p1a: Heracross\n|-activate|p1b: Alakazam|move: Speed Swap|[of] p1a: Heracross\n|move|p1a: Heracross|Pin Missile|p2b: Sinistcha\n|-activate|p2b: Sinistcha|move: Protect\n|\n|-start|p2a: Gengar|perish2\n|-start|p2b: Sinistcha|perish2\n|-start|p1b: Alakazam|perish2\n|upkeep\n|turn|13\n|\n|t:|1776666961\n|switch|p2b: Incineroar|Incineroar, L50, M|32/100\n|-ability|p2b: Incineroar|Intimidate|boost\n|-unboost|p1a: Heracross|atk|1\n|-fail|p1b: Alakazam|unboost|Attack|[from] ability: Inner Focus|[of] p1b: Alakazam\n|move|p1a: Heracross|Rock Blast|p2a: Gengar|[miss]\n|-miss|p1a: Heracross|p2a: Gengar\n|move|p2a: Gengar|Substitute|p2a: Gengar\n|-start|p2a: Gengar|Substitute\n|-damage|p2a: Gengar|46/100\n|move|p1b: Alakazam|Psychic|p2b: Incineroar\n|-immune|p2b: Incineroar\n|\n|-start|p2a: Gengar|perish1\n|-start|p1b: Alakazam|perish1\n|upkeep\n|turn|14\n|-message|b00mie forfeited.\n|\n|win|raigonjoy\n|raw|b00mie's rating: 1080 &rarr; <strong>1062</strong><br />(-18 for losing)\n|raw|raigonjoy's rating: 1137 &rarr; <strong>1158</strong><br />(+21 for winning)\n|l|\u2606b00mie\n|player|p1|\n",
  "uploadtime": 1776666984,
  "views": 12,
  "formatid": "gen9championsvgc2026regma",
  "rating": 1062,
  "private": 0,
  "password": null
}