{
  "id": "gen9championsvgc2026regma-2584992370",
  "format": "[Gen 9 Champions] VGC 2026 Reg M-A",
  "players": [
    "daiii_zy",
    "Cooltrainerbu"
  ],
  "log": "|j|\u2606daiii_zy\n|j|\u2606Cooltrainerbu\n|t:|1776301361\n|gametype|doubles\n|player|p1|daiii_zy|170|1151\n|player|p2|Cooltrainerbu|n|1192\n|gen|9\n|tier|[Gen 9 Champions] VGC 2026 Reg M-A\n|rated|\n|rule|Species Clause: Limit one of each Pok\u00e9mon\n|rule|Item Clause: Limit 1 of each item\n|clearpoke\n|poke|p1|Drampa, L50, F|\n|poke|p1|Alakazam, L50, F|\n|poke|p1|Sinistcha, L50|\n|poke|p1|Scizor, L50, F|\n|poke|p1|Pelipper, L50, M|\n|poke|p1|Basculegion, L50, M|\n|poke|p2|Charizard, L50, M|\n|poke|p2|Whimsicott, L50, F|\n|poke|p2|Garchomp, L50, M|\n|poke|p2|Sneasler, L50, F|\n|poke|p2|Maushold, L50|\n|poke|p2|Incineroar, L50, M|\n|teampreview|4\n|\n|t:|1776301419\n|teamsize|p1|4\n|teamsize|p2|4\n|start\n|switch|p1a: Drampa|Drampa, L50, F, shiny|100/100\n|switch|p1b: Alakazam|Alakazam, L50, F, shiny|100/100\n|switch|p2a: Whimsicott|Whimsicott, L50, F|100/100\n|switch|p2b: Charizard|Charizard, L50, M|100/100\n|-ability|p1a: Drampa|Cloud Nine\n|turn|1\n|inactive|Battle timer is ON: inactive players will automatically lose when time's up. (requested by Cooltrainerbu)\n|\n|t:|1776301440\n|detailschange|p2b: Charizard|Charizard-Mega-Y, L50, M\n|-mega|p2b: Charizard|Charizard|Charizardite Y\n|-weather|SunnyDay|[from] ability: Drought|[of] p2b: Charizard\n|move|p1b: Alakazam|Light Screen|p1b: Alakazam\n|-sidestart|p1: daiii_zy|move: Light Screen\n|move|p2a: Whimsicott|Moonblast|p1b: Alakazam\n|-damage|p1b: Alakazam|66/100\n|move|p2b: Charizard|Weather Ball|p1b: Alakazam\n|-damage|p1b: Alakazam|47/100\n|move|p1a: Drampa|Calm Mind|p1a: Drampa\n|-boost|p1a: Drampa|spa|1\n|-boost|p1a: Drampa|spd|1\n|\n|-weather|SunnyDay|[upkeep]\n|upkeep\n|turn|2\n|inactive|Cooltrainerbu has 30 seconds left.\n|\n|t:|1776301468\n|switch|p2b: Sneasler|Sneasler, L50, F|100/100\n|move|p2a: Whimsicott|Encore|p1b: Alakazam\n|-start|p1b: Alakazam|Encore\n|move|p1b: Alakazam|Light Screen||[still]\n|-fail|p1b: Alakazam\n|move|p1a: Drampa|Hyper Voice|p2a: Whimsicott|[spread] p2a,p2b\n|-enditem|p2a: Whimsicott|Focus Sash\n|-damage|p2a: Whimsicott|1/100\n|-damage|p2b: Sneasler|16/100\n|\n|-weather|SunnyDay|[upkeep]\n|upkeep\n|turn|3\n|inactive|Cooltrainerbu has 30 seconds left.\n|\n|t:|1776301494\n|move|p1a: Drampa|Protect|p1a: Drampa\n|-singleturn|p1a: Drampa|Protect\n|move|p1b: Alakazam|Light Screen||[still]\n|-fail|p1b: Alakazam\n|move|p2a: Whimsicott|Moonblast|p1a: Drampa\n|-activate|p1a: Drampa|move: Protect\n|move|p2b: Sneasler|Close Combat|p1a: Drampa\n|-activate|p1a: Drampa|move: Protect\n|\n|-weather|SunnyDay|[upkeep]\n|upkeep\n|turn|4\n|inactive|daiii_zy has 30 seconds left.\n|inactive|Cooltrainerbu has 30 seconds left.\n|\n|t:|1776301527\n|detailschange|p1a: Drampa|Drampa-Mega, L50, F, shiny\n|-mega|p1a: Drampa|Drampa|Drampanite\n|move|p1b: Alakazam|Light Screen||[still]\n|-fail|p1b: Alakazam\n|move|p2a: Whimsicott|Moonblast|p1b: Alakazam\n|-damage|p1b: Alakazam|14/100\n|move|p2b: Sneasler|Dire Claw|p1b: Alakazam\n|-damage|p1b: Alakazam|0 fnt\n|faint|p1b: Alakazam\n|move|p1a: Drampa|Hyper Voice|p2b: Sneasler|[spread] p2a,p2b\n|-crit|p2a: Whimsicott\n|-damage|p2a: Whimsicott|0 fnt\n|-damage|p2b: Sneasler|0 fnt\n|faint|p2a: Whimsicott\n|faint|p2b: Sneasler\n|\n|-weather|SunnyDay|[upkeep]\n|upkeep\n|\n|t:|1776301550\n|switch|p1b: Pelipper|Pelipper, L50, M|100/100\n|switch|p2a: Incineroar|Incineroar, L50, M|100/100\n|switch|p2b: Charizard|Charizard-Mega-Y, L50, M|100/100\n|-weather|RainDance|[from] ability: Drizzle|[of] p1b: Pelipper\n|-ability|p2a: Incineroar|Intimidate|boost\n|-unboost|p1a: Drampa|atk|1\n|-unboost|p1b: Pelipper|atk|1\n|turn|5\n|\n|t:|1776301572\n|move|p1b: Pelipper|Protect|p1b: Pelipper\n|-singleturn|p1b: Pelipper|Protect\n|move|p1a: Drampa|Protect|p1a: Drampa\n|-singleturn|p1a: Drampa|Protect\n|move|p2a: Incineroar|Fake Out|p1b: Pelipper\n|-activate|p1b: Pelipper|move: Protect\n|move|p2b: Charizard|Weather Ball|p1b: Pelipper\n|-activate|p1b: Pelipper|move: Protect\n|\n|-weather|RainDance|[upkeep]\n|-sideend|p1: daiii_zy|move: Light Screen\n|upkeep\n|turn|6\n|\n|t:|1776301590\n|move|p2b: Charizard|Protect|p2b: Charizard\n|-singleturn|p2b: Charizard|Protect\n|move|p1b: Pelipper|Weather Ball|p2a: Incineroar\n|-supereffective|p2a: Incineroar|1\n|-damage|p2a: Incineroar|13/100\n|-enditem|p2a: Incineroar|Sitrus Berry|[eat]\n|-heal|p2a: Incineroar|38/100|[from] item: Sitrus Berry\n|move|p2a: Incineroar|Parting Shot|p1a: Drampa\n|-unboost|p1a: Drampa|atk|1\n|-unboost|p1a: Drampa|spa|1\n|move|p1a: Drampa|Hyper Voice|p2b: Charizard|[spread] p2a\n|-activate|p2b: Charizard|move: Protect\n|-damage|p2a: Incineroar|0 fnt\n|faint|p2a: Incineroar\n|\n|-weather|RainDance|[upkeep]\n|upkeep\n|turn|7\n|inactive|Cooltrainerbu has 30 seconds left.\n|\n|t:|1776301618\n|move|p2b: Charizard|Weather Ball|p1b: Pelipper\n|-resisted|p1b: Pelipper|1\n|-damage|p1b: Pelipper|47/100\n|move|p1b: Pelipper|Weather Ball|p2b: Charizard\n|-supereffective|p2b: Charizard|1\n|-damage|p2b: Charizard|13/100\n|move|p1a: Drampa|Hyper Voice|p2b: Charizard\n|-damage|p2b: Charizard|0 fnt\n|faint|p2b: Charizard\n|\n|win|daiii_zy\n|raw|daiii_zy's rating: 1151 &rarr; <strong>1179</strong><br />(+28 for winning)\n|raw|Cooltrainerbu's rating: 1192 &rarr; <strong>1164</strong><br />(-28 for losing)\n",
  "uploadtime": 1776301626,
  "views": 19,
  "formatid": "gen9championsvgc2026regma",
  "rating": 1164,
  "private": 0,
  "password": null
}