{
  "id": "gen9championsvgc2026regma-2583489823",
  "format": "[Gen 9 Champions] VGC 2026 Reg M-A",
  "players": [
    "redraptor12",
    "NyxiaExists"
  ],
  "log": "|j|\u2606redraptor12\n|j|\u2606NyxiaExists\n|t:|1776178933\n|gametype|doubles\n|player|p1|redraptor12|2|1048\n|player|p2|NyxiaExists|2|1132\n|gen|9\n|tier|[Gen 9 Champions] VGC 2026 Reg M-A\n|rated|\n|rule|Species Clause: Limit one of each Pok\u00e9mon\n|rule|Item Clause: Limit 1 of each item\n|clearpoke\n|poke|p1|Oranguru, L50, M|\n|poke|p1|Torkoal, L50, M|\n|poke|p1|Alakazam, L50, F|\n|poke|p1|Drampa, L50, M|\n|poke|p1|Whimsicott, L50, F|\n|poke|p1|Sinistcha, L50|\n|poke|p2|Floette-Eternal, L50, F|\n|poke|p2|Incineroar, L50, M|\n|poke|p2|Aerodactyl, L50, M|\n|poke|p2|Garchomp, L50, F|\n|poke|p2|Sneasler, L50, F|\n|poke|p2|Basculegion, L50, M|\n|teampreview|4\n|\n|t:|1776178976\n|teamsize|p1|4\n|teamsize|p2|4\n|start\n|switch|p1a: Whimsicott|Whimsicott, L50, F|100/100\n|switch|p1b: Oranguru|Oranguru, L50, M|100/100\n|switch|p2a: Garchomp|Garchomp, L50, F|100/100\n|switch|p2b: Aerodactyl|Aerodactyl, L50, M|100/100\n|-ability|p2b: Aerodactyl|Unnerve\n|turn|1\n|\n|t:|1776179001\n|move|p1a: Whimsicott|Protect|p1a: Whimsicott\n|-singleturn|p1a: Whimsicott|Protect\n|move|p2b: Aerodactyl|Dual Wingbeat|p1a: Whimsicott\n|-activate|p1a: Whimsicott|move: Protect\n|move|p2a: Garchomp|Earthquake|p1b: Oranguru|[spread] p1b\n|-activate|p1a: Whimsicott|move: Protect\n|-immune|p2b: Aerodactyl\n|-damage|p1b: Oranguru|59/100\n|move|p1b: Oranguru|Trick Room|p1b: Oranguru\n|-fieldstart|move: Trick Room|[of] p1b: Oranguru\n|\n|upkeep\n|turn|2\n|\n|t:|1776179018\n|move|p1b: Oranguru|Instruct|p1a: Whimsicott\n|-singleturn|p1a: Whimsicott|move: Instruct|[of] p1b: Oranguru\n|move|p1a: Whimsicott|Protect||[still]\n|-fail|p1a: Whimsicott\n|move|p2a: Garchomp|Earthquake|p1b: Oranguru|[spread] p1a,p1b\n|-immune|p2b: Aerodactyl\n|-resisted|p1a: Whimsicott|1\n|-crit|p1b: Oranguru\n|-damage|p1a: Whimsicott|70/100\n|-damage|p1b: Oranguru|0 fnt\n|faint|p1b: Oranguru\n|move|p1a: Whimsicott|Moonblast|p2a: Garchomp\n|-supereffective|p2a: Garchomp|1\n|-damage|p2a: Garchomp|45/100\n|move|p2b: Aerodactyl|Dual Wingbeat|p1a: Whimsicott\n|-supereffective|p1a: Whimsicott|1\n|-damage|p1a: Whimsicott|23/100\n|-supereffective|p1a: Whimsicott|1\n|-damage|p1a: Whimsicott|0 fnt\n|faint|p1a: Whimsicott\n|-hitcount|p1: Whimsicott|2\n|\n|upkeep\n|\n|t:|1776179029\n|switch|p1b: Alakazam|Alakazam, L50, F|100/100\n|switch|p1a: Drampa|Drampa, L50, M|100/100\n|-ability|p1a: Drampa|Cloud Nine\n|turn|3\n|\n|t:|1776179036\n|detailschange|p1a: Drampa|Drampa-Mega, L50, M\n|-mega|p1a: Drampa|Drampa|Drampanite\n|move|p2a: Garchomp|Protect|p2a: Garchomp\n|-singleturn|p2a: Garchomp|Protect\n|move|p1a: Drampa|Hyper Voice|p2a: Garchomp|[spread] p2b\n|-activate|p2a: Garchomp|move: Protect\n|-resisted|p2b: Aerodactyl|1\n|-damage|p2b: Aerodactyl|65/100\n|move|p1b: Alakazam|Reflect|p1b: Alakazam\n|-sidestart|p1: redraptor12|Reflect\n|move|p2b: Aerodactyl|Rock Slide|p1a: Drampa|[spread] p1a,p1b\n|-damage|p1a: Drampa|85/100\n|-damage|p1b: Alakazam|67/100\n|\n|upkeep\n|turn|4\n|\n|t:|1776179059\n|move|p2b: Aerodactyl|Protect|p2b: Aerodactyl\n|-singleturn|p2b: Aerodactyl|Protect\n|move|p1a: Drampa|Hyper Voice|p2a: Garchomp|[spread] p2a\n|-activate|p2b: Aerodactyl|move: Protect\n|-damage|p2a: Garchomp|0 fnt\n|faint|p2a: Garchomp\n|move|p1b: Alakazam|Psychic|p2b: Aerodactyl\n|-activate|p2b: Aerodactyl|move: Protect\n|\n|upkeep\n|\n|t:|1776179072\n|switch|p2a: Sneasler|Sneasler, L50, F|100/100\n|turn|5\n|\n|t:|1776179080\n|move|p1a: Drampa|Protect|p1a: Drampa\n|-singleturn|p1a: Drampa|Protect\n|move|p2a: Sneasler|Protect|p2a: Sneasler\n|-singleturn|p2a: Sneasler|Protect\n|move|p1b: Alakazam|Psychic|p2b: Aerodactyl\n|-damage|p2b: Aerodactyl|3/100\n|move|p2b: Aerodactyl|Tailwind|p2b: Aerodactyl\n|-sidestart|p2: NyxiaExists|move: Tailwind\n|\n|-fieldend|move: Trick Room\n|upkeep\n|turn|6\n|\n|t:|1776179096\n|move|p2b: Aerodactyl|Rock Slide|p1b: Alakazam|[spread] p1a\n|-miss|p2b: Aerodactyl|p1b: Alakazam\n|-damage|p1a: Drampa|68/100\n|move|p2a: Sneasler|Close Combat|p1a: Drampa\n|-supereffective|p1a: Drampa|1\n|-damage|p1a: Drampa|0 fnt\n|-unboost|p2a: Sneasler|def|1\n|-unboost|p2a: Sneasler|spd|1\n|faint|p1a: Drampa\n|-enditem|p2a: Sneasler|White Herb\n|-clearnegativeboost|p2a: Sneasler|[silent]\n|move|p1b: Alakazam|Speed Swap|p1: Drampa|[notarget]\n|-fail|p1b: Alakazam\n|\n|upkeep\n|turn|7\n|-message|redraptor12 forfeited.\n|\n|win|NyxiaExists\n|raw|redraptor12's rating: 1048 &rarr; <strong>1035</strong><br />(-13 for losing)\n|raw|NyxiaExists's rating: 1132 &rarr; <strong>1151</strong><br />(+19 for winning)\n|l|\u2606redraptor12\n|player|p1|\n",
  "uploadtime": 1776179187,
  "views": 25,
  "formatid": "gen9championsvgc2026regma",
  "rating": 1035,
  "private": 0,
  "password": null
}