{
  "id": "gen9championsvgc2026regma-2584196670",
  "format": "[Gen 9 Champions] VGC 2026 Reg M-A",
  "players": [
    "ArKaneVGC",
    "ohko_muk"
  ],
  "log": "|j|\u2606ArKaneVGC\n|j|\u2606ohko_muk\n|t:|1776236984\n|gametype|doubles\n|player|p1|ArKaneVGC|#smogonxnpa2025draftee|\n|player|p2|ohko_muk|gambler|\n|gen|9\n|tier|[Gen 9 Champions] VGC 2026 Reg M-A\n|rated|Tournament battle\n|rule|Species Clause: Limit one of each Pok\u00e9mon\n|rule|Item Clause: Limit 1 of each item\n|raw|<div class=\"infobox\"><details class=\"readmore\" open><summary><strong>1 custom rule:</strong></summary> Force Open Team Sheets</details></div>\n|clearpoke\n|poke|p1|Sneasler, L50, F|\n|poke|p1|Kingambit, L50, M|\n|poke|p1|Sinistcha, L50|\n|poke|p1|Incineroar, L50, M|\n|poke|p1|Floette-Eternal, L50, F|\n|poke|p1|Aerodactyl, L50, F|\n|poke|p2|Farigiraf, L50, M|\n|poke|p2|Blastoise, L50, M|\n|poke|p2|Bellibolt, L50, M|\n|poke|p2|Mamoswine, L50, F|\n|poke|p2|Delphox, L50, F|\n|poke|p2|Whimsicott, L50, F|\n|teampreview|4\n|showteam|p1|Sneasler||WhiteHerb|Unburden|DireClaw,CloseCombat,FakeOut,Protect|||F|||50|]Kingambit||BlackGlasses|Defiant|KowtowCleave,IronHead,SuckerPunch,Protect|||M|||50|]Sinistcha||SitrusBerry|Hospitality|MatchaGotcha,RagePowder,TrickRoom,LifeDew||||||50|]Incineroar||LumBerry|Intimidate|FlareBlitz,ThroatChop,FakeOut,PartingShot|||M|||50|]Floette-Eternal||Floettite|FlowerVeil|Moonblast,DazzlingGleam,CalmMind,Protect|||F|||50|]Aerodactyl||FocusSash|Unnerve|RockSlide,DualWingbeat,Tailwind,Protect|||F|||50|\n|showteam|p2|Farigiraf||SilkScarf|ArmorTail|HyperVoice,Psychic,TrickRoom,RainDance|||M|||50|]Blastoise||Blastoisinite|Torrent|WaterSpout,FakeOut,DarkPulse,MuddyWater|||M|||50|]Bellibolt||SitrusBerry|Electromorphosis|Discharge,Thunderbolt,ParabolicCharge,Protect|||M|||50|]Mamoswine||FocusSash|Oblivious|Earthquake,IcicleCrash,IceShard,Protect|||F|||50|]Delphox||Delphoxite|Blaze|HeatWave,Psychic,NastyPlot,Protect|||F|||50|]Whimsicott||BabiriBerry|Prankster|Moonblast,Tailwind,Encore,SunnyDay|||F|||50|\n|inactive|Battle timer is ON: inactive players will automatically lose when time's up. (requested by ArKaneVGC)\n|j| VaatiMan92\n|\n|t:|1776237011\n|teamsize|p1|4\n|teamsize|p2|4\n|start\n|switch|p1a: Floette|Floette-Eternal, L50, F|100/100\n|switch|p1b: Sinistcha|Sinistcha, L50|100/100\n|switch|p2a: Farigiraf|Farigiraf, L50, M|100/100\n|switch|p2b: Blastoise|Blastoise, L50, M|100/100\n|turn|1\n|c|\u2606ohko_muk|Glhf\n|j| pepo893\n|j| maodepedra\n|j| AgencyScientist007\n|j|+chromate\n|inactive|ohko_muk has 30 seconds left.\n|\n|t:|1776237039\n|detailschange|p1a: Floette|Floette-Mega, L50, F\n|-mega|p1a: Floette|Floette|Floettite\n|-ability|p1a: Floette|Fairy Aura\n|detailschange|p2b: Blastoise|Blastoise-Mega, L50, M\n|-mega|p2b: Blastoise|Blastoise|Blastoisinite\n|move|p1a: Floette|Calm Mind|p1a: Floette\n|-boost|p1a: Floette|spa|1\n|-boost|p1a: Floette|spd|1\n|move|p1b: Sinistcha|Matcha Gotcha|p2b: Blastoise|[spread] p2a,p2b\n|-supereffective|p2b: Blastoise|1\n|-damage|p2a: Farigiraf|74/100\n|-damage|p2b: Blastoise|54/100\n|-status|p2a: Farigiraf|brn\n|move|p2b: Blastoise|Dark Pulse|p1b: Sinistcha\n|-supereffective|p1b: Sinistcha|1\n|-damage|p1b: Sinistcha|21/100\n|-enditem|p1b: Sinistcha|Sitrus Berry|[eat]\n|-heal|p1b: Sinistcha|46/100|[from] item: Sitrus Berry\n|move|p2a: Farigiraf|Trick Room|p2a: Farigiraf\n|-fieldstart|move: Trick Room|[of] p2a: Farigiraf\n|\n|-damage|p2a: Farigiraf|68/100 brn|[from] brn\n|upkeep\n|turn|2\n|c|\u2606ArKaneVGC|u 2\n|\n|t:|1776237063\n|switch|p1b: Incineroar|Incineroar, L50, M|100/100\n|-ability|p1b: Incineroar|Intimidate|boost\n|-unboost|p2a: Farigiraf|atk|1\n|-unboost|p2b: Blastoise|atk|1\n|move|p2a: Farigiraf|Hyper Voice|p1a: Floette|[spread] p1a,p1b\n|-damage|p1a: Floette|82/100\n|-damage|p1b: Incineroar|67/100\n|move|p2b: Blastoise|Water Spout|p1b: Incineroar|[spread] p1a,p1b\n|-supereffective|p1b: Incineroar|1\n|-damage|p1a: Floette|66/100\n|-damage|p1b: Incineroar|19/100\n|move|p1a: Floette|Dazzling Gleam|p2a: Farigiraf|[spread] p2a,p2b\n|-damage|p2a: Farigiraf|0 fnt\n|-damage|p2b: Blastoise|0 fnt\n|faint|p2a: Farigiraf\n|faint|p2b: Blastoise\n|\n|upkeep\n|\n|t:|1776237071\n|switch|p2a: Mamoswine|Mamoswine, L50, F|100/100\n|switch|p2b: Bellibolt|Bellibolt, L50, M|100/100\n|turn|3\n|j| turtle100000000\n|l| turtle100000000\n|j| MegaGardevoirVgc\n|\n|t:|1776237084\n|move|p2a: Mamoswine|Protect|p2a: Mamoswine\n|-singleturn|p2a: Mamoswine|Protect\n|move|p1b: Incineroar|Fake Out|p2a: Mamoswine\n|-activate|p2a: Mamoswine|move: Protect\n|move|p2b: Bellibolt|Discharge|p1a: Floette|[spread] p1a,p1b\n|-activate|p2a: Mamoswine|move: Protect\n|-damage|p1a: Floette|51/100\n|-damage|p1b: Incineroar|0 fnt\n|faint|p1b: Incineroar\n|move|p1a: Floette|Dazzling Gleam|p2a: Mamoswine|[spread] p2b\n|-activate|p2a: Mamoswine|move: Protect\n|-damage|p2b: Bellibolt|24/100\n|-start|p2b: Bellibolt|Charge|Dazzling Gleam|[from] ability: Electromorphosis\n|-enditem|p2b: Bellibolt|Sitrus Berry|[eat]\n|-heal|p2b: Bellibolt|49/100|[from] item: Sitrus Berry\n|\n|upkeep\n|\n|t:|1776237087\n|switch|p1b: Sinistcha|Sinistcha, L50|46/100\n|-heal|p1a: Floette|76/100|[from] ability: Hospitality|[of] p1b: Sinistcha\n|turn|4\n|j| turtle100000000\n|j| jpkl500\n|\n|t:|1776237098\n|switch|p1b: Kingambit|Kingambit, L50, M|100/100\n|move|p1a: Floette|Protect|p1a: Floette\n|-singleturn|p1a: Floette|Protect\n|move|p2a: Mamoswine|Ice Shard|p1b: Kingambit\n|-resisted|p1b: Kingambit|1\n|-damage|p1b: Kingambit|92/100\n|move|p2b: Bellibolt|Parabolic Charge|p1a: Floette|[spread] p1b\n|-activate|p1a: Floette|move: Protect\n|-immune|p2a: Mamoswine\n|-damage|p1b: Kingambit|49/100\n|-heal|p2b: Bellibolt|73/100|[from] drain|[of] p1b: Kingambit\n|-end|p2b: Bellibolt|Charge|[silent]\n|\n|upkeep\n|turn|5\n|\n|t:|1776237116\n|switch|p1b: Sinistcha|Sinistcha, L50|46/100\n|-heal|p1a: Floette|100/100|[from] ability: Hospitality|[of] p1b: Sinistcha\n|move|p2b: Bellibolt|Discharge|p1b: Sinistcha|[spread] p1a,p1b\n|-immune|p2a: Mamoswine\n|-resisted|p1b: Sinistcha|1\n|-damage|p1a: Floette|86/100\n|-damage|p1b: Sinistcha|34/100\n|move|p1a: Floette|Dazzling Gleam|p2a: Mamoswine|[spread] p2a,p2b\n|-enditem|p2a: Mamoswine|Focus Sash\n|-damage|p2a: Mamoswine|1/100\n|-damage|p2b: Bellibolt|0 fnt\n|faint|p2b: Bellibolt\n|move|p2a: Mamoswine|Icicle Crash|p1a: Floette\n|-damage|p1a: Floette|37/100\n|\n|-fieldend|move: Trick Room\n|upkeep\n|turn|6\n|\n|t:|1776237133\n|move|p1b: Sinistcha|Rage Powder|p1b: Sinistcha\n|-singleturn|p1b: Sinistcha|move: Rage Powder\n|move|p2a: Mamoswine|Earthquake|p1b: Sinistcha|[spread] p1a,p1b\n|-resisted|p1b: Sinistcha|1\n|-damage|p1a: Floette|0 fnt\n|-damage|p1b: Sinistcha|14/100\n|faint|p1a: Floette\n|\n|upkeep\n|\n|t:|1776237137\n|switch|p1a: Kingambit|Kingambit, L50, M|49/100\n|turn|7\n|l| MegaGardevoirVgc\n|c|\u2606ArKaneVGC|oh wait I threw\n|inactive|ohko_muk has 30 seconds left.\n|j| Inciniroarrr\n|j| khungcanh\n|inactive|ArKaneVGC has 30 seconds left.\n|inactive|ohko_muk has 20 seconds left.\n|\n|t:|1776237187\n|move|p2a: Mamoswine|Ice Shard|p1b: Sinistcha\n|-supereffective|p1b: Sinistcha|1\n|-crit|p1b: Sinistcha\n|-damage|p1b: Sinistcha|0 fnt\n|faint|p1b: Sinistcha\n|move|p1a: Kingambit|Sucker Punch||[still]\n|-fail|p1a: Kingambit\n|\n|upkeep\n|turn|8\n|l| khungcanh\n|inactive|ohko_muk has 30 seconds left.\n|\n|t:|1776237221\n|move|p2a: Mamoswine|Protect|p2a: Mamoswine\n|-singleturn|p2a: Mamoswine|Protect\n|move|p1a: Kingambit|Sucker Punch||[still]\n|-fail|p1a: Kingambit\n|\n|upkeep\n|turn|9\n|\n|t:|1776237243\n|move|p2a: Mamoswine|Earthquake|p1a: Kingambit\n|-supereffective|p1a: Kingambit|1\n|-damage|p1a: Kingambit|0 fnt\n|faint|p1a: Kingambit\n|\n|win|ohko_muk\n|n|\u2606ArKaneVGC|arkanevgc\n|n|\u2606ohko_muk|ohkomuk\n|n| VaatiMan92|vaatiman92\n|n| pepo893|pepo893\n|n| maodepedra|maodepedra\n|n| AgencyScientist007|agencyscientist007\n|n| chromate|chromate\n|n| turtle100000000|turtle100000000\n|n| jpkl500|jpkl500\n|n| Inciniroarrr|inciniroarrr\n|c|\u2606ArKaneVGC|I'm so bad\n|c|\u2606ArKaneVGC|gg\n|c|\u2606ohko_muk|Gg\n|c|\u2606ohko_muk|Nah wp\n|c| maodepedra|wtffffffff\n|c| AgencyScientist007|holy\n|l| maodepedra\n|l| chromate\n|l| VaatiMan92\n|l| pepo893\n|c|\u2606ArKaneVGC|wp when I just rage powder the eq like a giga genius\n|c|\u2606ArKaneVGC|how does he do it\n",
  "uploadtime": 1776237243,
  "views": 23,
  "formatid": "gen9championsvgc2026regma",
  "rating": null,
  "private": 0,
  "password": null
}