{
  "id": "gen9championsvgc2026regma-2587654744",
  "format": "[Gen 9 Champions] VGC 2026 Reg M-A",
  "players": [
    "PM77Switch",
    "WS Hawk"
  ],
  "log": "|j|\u2606PM77Switch\n|j|\u2606WS Hawk\n|t:|1776550812\n|gametype|doubles\n|player|p1|PM77Switch|may-masters3|1362\n|player|p2|WS Hawk|266|1278\n|gen|9\n|tier|[Gen 9 Champions] VGC 2026 Reg M-A\n|rated|\n|rule|Species Clause: Limit one of each Pok\u00e9mon\n|rule|Item Clause: Limit 1 of each item\n|clearpoke\n|poke|p1|Blastoise, L50, M|\n|poke|p1|Kingambit, L50, F|\n|poke|p1|Sneasler, L50, F|\n|poke|p1|Aerodactyl, L50, M|\n|poke|p1|Sinistcha, L50|\n|poke|p1|Incineroar, L50, F|\n|poke|p2|Froslass, L50, F|\n|poke|p2|Garchomp, L50, F|\n|poke|p2|Talonflame, L50, M|\n|poke|p2|Gyarados, L50, F|\n|poke|p2|Sneasler, L50, F|\n|poke|p2|Kingambit, L50, M|\n|teampreview|4\n|inactive|Battle timer is ON: inactive players will automatically lose when time's up. (requested by WS Hawk)\n|inactive|PM77Switch also wants the timer to be on.\n|inactive|PM77Switch has 60 seconds left.\n|\n|t:|1776550845\n|teamsize|p1|4\n|teamsize|p2|4\n|start\n|switch|p1a: Kingambit|Kingambit, L50, F|100/100\n|switch|p1b: Aerodactyl|Aerodactyl, L50, M|100/100\n|switch|p2a: Garchomp|Garchomp, L50, F|100/100\n|switch|p2b: Talonflame|Talonflame, L50, M|100/100\n|-ability|p1b: Aerodactyl|Unnerve\n|turn|1\n|\n|t:|1776550866\n|move|p2b: Talonflame|Tailwind|p2b: Talonflame\n|-sidestart|p2: WS Hawk|move: Tailwind\n|move|p2a: Garchomp|Rock Slide|p1a: Kingambit|[spread] p1a,p1b\n|-resisted|p1a: Kingambit|1\n|-supereffective|p1b: Aerodactyl|1\n|-damage|p1a: Kingambit|94/100\n|-damage|p1b: Aerodactyl|42/100\n|move|p1b: Aerodactyl|Tailwind|p1b: Aerodactyl\n|-sidestart|p1: PM77Switch|move: Tailwind\n|move|p1a: Kingambit|Kowtow Cleave|p2a: Garchomp\n|-damage|p2a: Garchomp|60/100\n|-damage|p1a: Kingambit|82/100|[from] ability: Rough Skin|[of] p2a: Garchomp\n|\n|upkeep\n|turn|2\n|\n|t:|1776550879\n|move|p1b: Aerodactyl|Protect|p1b: Aerodactyl\n|-singleturn|p1b: Aerodactyl|Protect\n|move|p2b: Talonflame|Protect|p2b: Talonflame\n|-singleturn|p2b: Talonflame|Protect\n|move|p1a: Kingambit|Sucker Punch||[still]\n|-fail|p1a: Kingambit\n|move|p2a: Garchomp|Earthquake|p1a: Kingambit|[spread] p1a\n|-activate|p2b: Talonflame|move: Protect\n|-activate|p1b: Aerodactyl|move: Protect\n|-supereffective|p1a: Kingambit|1\n|-damage|p1a: Kingambit|32/100\n|\n|upkeep\n|turn|3\n|\n|t:|1776550896\n|switch|p2b: Sneasler|Sneasler, L50, F|100/100\n|move|p1a: Kingambit|Sucker Punch|p2a: Garchomp\n|-damage|p2a: Garchomp|28/100\n|-damage|p1a: Kingambit|20/100|[from] ability: Rough Skin|[of] p2a: Garchomp\n|move|p1b: Aerodactyl|Rock Slide|p2b: Sneasler|[spread] p2a,p2b\n|-resisted|p2a: Garchomp|1\n|-resisted|p2b: Sneasler|1\n|-damage|p2a: Garchomp|17/100\n|-damage|p2b: Sneasler|78/100\n|move|p2a: Garchomp|Earthquake|p1b: Aerodactyl|[spread] p2b,p1a\n|-immune|p1b: Aerodactyl\n|-supereffective|p2b: Sneasler|1\n|-supereffective|p1a: Kingambit|1\n|-damage|p2b: Sneasler|0 fnt\n|-damage|p1a: Kingambit|0 fnt\n|faint|p2b: Sneasler\n|faint|p1a: Kingambit\n|\n|upkeep\n|\n|t:|1776550916\n|switch|p2b: Froslass|Froslass, L50, F|100/100\n|switch|p1a: Sneasler|Sneasler, L50, F|100/100\n|turn|4\n|\n|t:|1776550931\n|detailschange|p2b: Froslass|Froslass-Mega, L50, F\n|-mega|p2b: Froslass|Froslass|Froslassite\n|-weather|Snowscape|[from] ability: Snow Warning|[of] p2b: Froslass\n|move|p2a: Garchomp|Protect|p2a: Garchomp\n|-singleturn|p2a: Garchomp|Protect\n|move|p1b: Aerodactyl|Rock Slide|p2a: Garchomp|[spread] \n|-activate|p2a: Garchomp|move: Protect\n|-miss|p1b: Aerodactyl|p2b: Froslass\n|move|p1a: Sneasler|Dire Claw|p2b: Froslass\n|-resisted|p2b: Froslass|1\n|-damage|p2b: Froslass|79/100\n|-status|p2b: Froslass|psn\n|move|p2b: Froslass|Blizzard|p1b: Aerodactyl|[spread] p1a,p1b\n|-supereffective|p1b: Aerodactyl|1\n|-damage|p1a: Sneasler|33/100\n|-damage|p1b: Aerodactyl|0 fnt\n|faint|p1b: Aerodactyl\n|\n|-weather|Snowscape|[upkeep]\n|-damage|p2b: Froslass|66/100 psn|[from] psn\n|-sideend|p1: PM77Switch|move: Tailwind\n|-sideend|p2: WS Hawk|move: Tailwind\n|upkeep\n|\n|t:|1776550946\n|switch|p1b: Blastoise|Blastoise, L50, M|100/100\n|turn|5\n|\n|t:|1776550955\n|detailschange|p1b: Blastoise|Blastoise-Mega, L50, M\n|-mega|p1b: Blastoise|Blastoise|Blastoisinite\n|move|p2b: Froslass|Protect|p2b: Froslass\n|-singleturn|p2b: Froslass|Protect\n|move|p1a: Sneasler|Close Combat|p2a: Garchomp\n|-damage|p2a: Garchomp|0 fnt\n|-unboost|p1a: Sneasler|def|1\n|-unboost|p1a: Sneasler|spd|1\n|-damage|p1a: Sneasler|20/100|[from] ability: Rough Skin|[of] p2a: Garchomp\n|faint|p2a: Garchomp\n|-enditem|p1a: Sneasler|White Herb\n|-clearnegativeboost|p1a: Sneasler|[silent]\n|move|p1b: Blastoise|Water Spout|p2b: Froslass\n|-activate|p2b: Froslass|move: Protect\n|\n|-weather|Snowscape|[upkeep]\n|-damage|p2b: Froslass|54/100 psn|[from] psn\n|upkeep\n|\n|t:|1776550961\n|switch|p2a: Talonflame|Talonflame, L50, M|100/100\n|turn|6\n|\n|t:|1776550970\n|move|p1a: Sneasler|Feint|p2a: Talonflame\n|-damage|p2a: Talonflame|83/100\n|move|p2a: Talonflame|Dual Wingbeat|p1a: Sneasler\n|-supereffective|p1a: Sneasler|1\n|-damage|p1a: Sneasler|0 fnt\n|faint|p1a: Sneasler\n|-hitcount|p1: Sneasler|1\n|move|p2b: Froslass|Shadow Ball|p1b: Blastoise\n|-damage|p1b: Blastoise|61/100\n|move|p1b: Blastoise|Water Spout|p2b: Froslass|[spread] p2a,p2b\n|-supereffective|p2a: Talonflame|1\n|-damage|p2a: Talonflame|0 fnt\n|-damage|p2b: Froslass|13/100 psn\n|faint|p2a: Talonflame\n|\n|-weather|Snowscape|[upkeep]\n|-damage|p2b: Froslass|0 fnt|[from] psn\n|faint|p2b: Froslass\n|\n|win|PM77Switch\n|raw|PM77Switch's rating: 1362 &rarr; <strong>1377</strong><br />(+15 for winning)\n|raw|WS Hawk's rating: 1278 &rarr; <strong>1259</strong><br />(-19 for losing)\n|l|\u2606WS Hawk\n|player|p2|\n",
  "uploadtime": 1776550987,
  "views": 19,
  "formatid": "gen9championsvgc2026regma",
  "rating": 1259,
  "private": 0,
  "password": null
}