{
  "id": "gen9championsvgc2026regma-2585782285",
  "format": "[Gen 9 Champions] VGC 2026 Reg M-A",
  "players": [
    "Holibrand",
    "deadly ninja bees"
  ],
  "log": "|j|\u2606Holibrand\n|j|\u2606deadly ninja bees\n|t:|1776370254\n|gametype|doubles\n|player|p1|Holibrand|pokemonbreeder-gen4|1137\n|player|p2|deadly ninja bees|janine-gen2|1098\n|gen|9\n|tier|[Gen 9 Champions] VGC 2026 Reg M-A\n|rated|\n|rule|Species Clause: Limit one of each Pok\u00e9mon\n|rule|Item Clause: Limit 1 of each item\n|clearpoke\n|poke|p1|Rhyperior, L50, M|\n|poke|p1|Ampharos, L50, M|\n|poke|p1|Sinistcha, L50|\n|poke|p1|Farigiraf, L50, F|\n|poke|p1|Weavile, L50, M|\n|poke|p1|Drampa, L50, M|\n|poke|p2|Sneasler, L50, M|\n|poke|p2|Dragonite, L50, F|\n|poke|p2|Politoed, L50, M|\n|poke|p2|Scizor, L50, F|\n|poke|p2|Sinistcha, L50|\n|poke|p2|Basculegion, L50, M|\n|teampreview|4\n|inactive|Battle timer is ON: inactive players will automatically lose when time's up. (requested by Holibrand)\n|inactive|deadly ninja bees also wants the timer to be on.\n|inactive|Holibrand has 60 seconds left.\n|\n|t:|1776370288\n|teamsize|p1|4\n|teamsize|p2|4\n|start\n|switch|p1a: Farigiraf|Farigiraf, L50, F|100/100\n|switch|p1b: Sinistcha|Sinistcha, L50|100/100\n|switch|p2a: Dragonite|Dragonite, L50, F|100/100\n|switch|p2b: Basculegion|Basculegion, L50, M|100/100\n|turn|1\n|\n|t:|1776370311\n|detailschange|p2a: Dragonite|Dragonite-Mega, L50, F\n|-mega|p2a: Dragonite|Dragonite|Dragoninite\n|move|p2b: Basculegion|Flip Turn|p1a: Farigiraf\n|-damage|p1a: Farigiraf|71/100\n|\n|t:|1776370317\n|switch|p2b: Politoed|Politoed, L50, M|100/100|[from] Flip Turn\n|-weather|RainDance|[from] ability: Drizzle|[of] p2b: Politoed\n|move|p2a: Dragonite|Hurricane|p1b: Sinistcha\n|-supereffective|p1b: Sinistcha|1\n|-damage|p1b: Sinistcha|0 fnt\n|faint|p1b: Sinistcha\n|move|p1a: Farigiraf|Calm Mind|p1a: Farigiraf\n|-boost|p1a: Farigiraf|spa|1\n|-boost|p1a: Farigiraf|spd|1\n|\n|-weather|RainDance|[upkeep]\n|upkeep\n|\n|t:|1776370327\n|switch|p1b: Drampa|Drampa, L50, M|100/100\n|-ability|p1b: Drampa|Cloud Nine\n|turn|2\n|\n|t:|1776370343\n|move|p2b: Politoed|Helping Hand|p2a: Dragonite\n|-singleturn|p2a: Dragonite|Helping Hand|[of] p2b: Politoed\n|move|p1b: Drampa|Protect|p1b: Drampa\n|-singleturn|p1b: Drampa|Protect\n|move|p2a: Dragonite|Draco Meteor|p1b: Drampa\n|-activate|p1b: Drampa|move: Protect\n|move|p1a: Farigiraf|Trick Room|p1a: Farigiraf\n|-fieldstart|move: Trick Room|[of] p1a: Farigiraf\n|\n|-weather|RainDance|[upkeep]\n|upkeep\n|turn|3\n|inactive|Holibrand has 30 seconds left.\n|\n|t:|1776370378\n|switch|p2b: Sinistcha|Sinistcha, L50|100/100\n|detailschange|p1b: Drampa|Drampa-Mega, L50, M\n|-mega|p1b: Drampa|Drampa|Drampanite\n|move|p2a: Dragonite|Protect|p2a: Dragonite\n|-singleturn|p2a: Dragonite|Protect\n|move|p1b: Drampa|Draco Meteor|p2a: Dragonite\n|-activate|p2a: Dragonite|move: Protect\n|move|p1a: Farigiraf|Hyper Voice|p2a: Dragonite|[spread] \n|-activate|p2a: Dragonite|move: Protect\n|-immune|p2b: Sinistcha\n|\n|-weather|RainDance|[upkeep]\n|upkeep\n|turn|4\n|inactive|deadly ninja bees has 30 seconds left.\n|\n|t:|1776370406\n|move|p1b: Drampa|Calm Mind|p1b: Drampa\n|-boost|p1b: Drampa|spa|1\n|-boost|p1b: Drampa|spd|1\n|move|p1a: Farigiraf|Psychic Noise|p2b: Sinistcha\n|-damage|p2b: Sinistcha|61/100\n|-start|p2b: Sinistcha|move: Heal Block\n|move|p2a: Dragonite|Draco Meteor|p1b: Drampa|[miss]\n|-miss|p2a: Dragonite|p1b: Drampa\n|move|p2b: Sinistcha|Trick Room|p2b: Sinistcha\n|-fieldend|move: Trick Room\n|\n|-weather|RainDance|[upkeep]\n|upkeep\n|turn|5\n|inactive|deadly ninja bees has 30 seconds left.\n|\n|t:|1776370438\n|move|p2b: Sinistcha|Rage Powder|p2b: Sinistcha\n|-singleturn|p2b: Sinistcha|move: Rage Powder\n|move|p2a: Dragonite|Draco Meteor|p1b: Drampa\n|-supereffective|p1b: Drampa|1\n|-damage|p1b: Drampa|18/100\n|-unboost|p2a: Dragonite|spa|2\n|-ability|p1b: Drampa|Berserk|boost\n|-boost|p1b: Drampa|spa|1\n|move|p1a: Farigiraf|Calm Mind|p1a: Farigiraf\n|-boost|p1a: Farigiraf|spa|1\n|-boost|p1a: Farigiraf|spd|1\n|move|p1b: Drampa|Hyper Voice|p2a: Dragonite|[spread] p2a\n|-immune|p2b: Sinistcha\n|-damage|p2a: Dragonite|72/100\n|\n|-weather|none\n|-end|p2b: Sinistcha|move: Heal Block\n|upkeep\n|turn|6\n|inactive|Holibrand has 30 seconds left.\n|inactive|deadly ninja bees has 30 seconds left.\n|\n|t:|1776370471\n|move|p1b: Drampa|Protect|p1b: Drampa\n|-singleturn|p1b: Drampa|Protect\n|move|p2a: Dragonite|Dragon Pulse|p1b: Drampa\n|-activate|p1b: Drampa|move: Protect\n|move|p2b: Sinistcha|Matcha Gotcha|p1b: Drampa|[spread] \n|-activate|p1b: Drampa|move: Protect\n|-miss|p2b: Sinistcha|p1a: Farigiraf\n|move|p1a: Farigiraf|Trick Room|p1a: Farigiraf\n|-fieldstart|move: Trick Room|[of] p1a: Farigiraf\n|\n|upkeep\n|turn|7\n|\n|t:|1776370492\n|switch|p2a: Politoed|Politoed, L50, M|100/100\n|-weather|RainDance|[from] ability: Drizzle|[of] p2a: Politoed\n|move|p1b: Drampa|Hyper Voice|p2a: Politoed|[spread] p2a\n|-immune|p2b: Sinistcha\n|-damage|p2a: Politoed|39/100\n|move|p1a: Farigiraf|Psychic Noise|p2b: Sinistcha\n|-damage|p2b: Sinistcha|3/100\n|-start|p2b: Sinistcha|move: Heal Block\n|cant|p2b: Sinistcha|move: Heal Block|Matcha Gotcha\n|\n|-weather|RainDance|[upkeep]\n|-heal|p2a: Politoed|45/100|[from] item: Leftovers\n|upkeep\n|turn|8\n|inactive|Holibrand has 30 seconds left.\n|inactive|deadly ninja bees has 30 seconds left.\n|inactive|Holibrand has 20 seconds left.\n|\n|t:|1776370530\n|switch|p2b: Basculegion|Basculegion, L50, M|100/100\n|move|p2a: Politoed|Protect|p2a: Politoed\n|-singleturn|p2a: Politoed|Protect\n|move|p1b: Drampa|Hyper Voice|p2b: Basculegion|[spread] \n|-activate|p2a: Politoed|move: Protect\n|-immune|p2b: Basculegion\n|move|p1a: Farigiraf|Psychic Noise|p2b: Basculegion\n|-damage|p2b: Basculegion|22/100\n|-start|p2b: Basculegion|move: Heal Block\n|\n|-weather|RainDance|[upkeep]\n|-heal|p2a: Politoed|51/100|[from] item: Leftovers\n|upkeep\n|turn|9\n|\n|t:|1776370548\n|move|p1b: Drampa|Hyper Voice|p2a: Politoed|[spread] p2a\n|-immune|p2b: Basculegion\n|-damage|p2a: Politoed|0 fnt\n|faint|p2a: Politoed\n|move|p1a: Farigiraf|Psychic Noise|p2b: Basculegion\n|-damage|p2b: Basculegion|0 fnt\n|faint|p2b: Basculegion\n|\n|-weather|RainDance|[upkeep]\n|upkeep\n|\n|t:|1776370553\n|switch|p2a: Sinistcha|Sinistcha, L50|3/100\n|switch|p2b: Dragonite|Dragonite-Mega, L50, F|72/100\n|-enditem|p2a: Sinistcha|Sitrus Berry|[eat]\n|-heal|p2a: Sinistcha|28/100|[from] item: Sitrus Berry\n|-heal|p2b: Dragonite|96/100|[from] ability: Hospitality|[of] p2a: Sinistcha\n|turn|10\n|\n|t:|1776370574\n|move|p2a: Sinistcha|Rage Powder|p2a: Sinistcha\n|-singleturn|p2a: Sinistcha|move: Rage Powder\n|move|p1b: Drampa|Hyper Voice|p2b: Dragonite|[spread] p2b\n|-immune|p2a: Sinistcha\n|-damage|p2b: Dragonite|31/100\n|move|p1a: Farigiraf|Psychic Noise|p2a: Sinistcha\n|-damage|p2a: Sinistcha|0 fnt\n|faint|p2a: Sinistcha\n|move|p2b: Dragonite|Dragon Pulse|p1b: Drampa\n|-supereffective|p1b: Drampa|1\n|-damage|p1b: Drampa|0 fnt\n|faint|p1b: Drampa\n|\n|-weather|RainDance|[upkeep]\n|-fieldend|move: Trick Room\n|upkeep\n|-message|deadly ninja bees forfeited.\n|\n|win|Holibrand\n|raw|Holibrand's rating: 1137 &rarr; <strong>1159</strong><br />(+22 for winning)\n|raw|deadly ninja bees's rating: 1098 &rarr; <strong>1076</strong><br />(-22 for losing)\n|l|\u2606deadly ninja bees\n|player|p2|\n",
  "uploadtime": 1776370594,
  "views": 23,
  "formatid": "gen9championsvgc2026regma",
  "rating": 1076,
  "private": 0,
  "password": null
}