{
  "id": "gen9championsvgc2026regma-2585430071",
  "format": "[Gen 9 Champions] VGC 2026 Reg M-A",
  "players": [
    "Gadam",
    "boysenorange"
  ],
  "log": "|j|\u2606Gadam\n|j|\u2606boysenorange\n|t:|1776346747\n|gametype|doubles\n|player|p1|Gadam|102|1220\n|player|p2|boysenorange|turo|1234\n|gen|9\n|tier|[Gen 9 Champions] VGC 2026 Reg M-A\n|rated|\n|rule|Species Clause: Limit one of each Pok\u00e9mon\n|rule|Item Clause: Limit 1 of each item\n|clearpoke\n|poke|p1|Scizor, L50, F|\n|poke|p1|Politoed, L50, M|\n|poke|p1|Sneasler, L50, F|\n|poke|p1|Basculegion, L50, M|\n|poke|p1|Ninetales-Alola, L50, M|\n|poke|p1|Glaceon, L50, F|\n|poke|p2|Farigiraf, L50, M|\n|poke|p2|Sinistcha, L50|\n|poke|p2|Medicham, L50, M|\n|poke|p2|Torkoal, L50, F|\n|poke|p2|Golurk, L50|\n|poke|p2|Decidueye-Hisui, L50, M|\n|teampreview|4\n|inactive|Battle timer is ON: inactive players will automatically lose when time's up. (requested by Gadam)\n|\n|t:|1776346762\n|teamsize|p1|4\n|teamsize|p2|4\n|start\n|switch|p1a: Sneasler|Sneasler, L50, F|100/100\n|switch|p1b: Basculegion|Basculegion, L50, M|100/100\n|switch|p2a: Sinistcha|Sinistcha, L50|100/100\n|switch|p2b: Medicham|Medicham, L50, M|100/100\n|turn|1\n|\n|t:|1776346775\n|move|p1b: Basculegion|Protect|p1b: Basculegion\n|-singleturn|p1b: Basculegion|Protect\n|move|p1a: Sneasler|Fake Out|p2b: Medicham\n|-damage|p2b: Medicham|81/100\n|cant|p2b: Medicham|flinch\n|move|p2a: Sinistcha|Trick Room|p2a: Sinistcha\n|-fieldstart|move: Trick Room|[of] p2a: Sinistcha\n|\n|upkeep\n|turn|2\n|\n|t:|1776346792\n|switch|p1b: Scizor|Scizor, L50, F, shiny|100/100\n|switch|p1a: Politoed|Politoed, L50, M|100/100\n|-weather|RainDance|[from] ability: Drizzle|[of] p1a: Politoed\n|move|p2b: Medicham|Psycho Cut|p1b: Scizor\n|-resisted|p1b: Scizor|1\n|-damage|p1b: Scizor|75/100\n|move|p2a: Sinistcha|Memento|p1b: Scizor\n|-unboost|p1b: Scizor|atk|2\n|-unboost|p1b: Scizor|spa|2\n|faint|p2a: Sinistcha\n|\n|-weather|RainDance|[upkeep]\n|upkeep\n|\n|t:|1776346811\n|switch|p2a: Decidueye|Decidueye-Hisui, L50, M|100/100\n|turn|3\n|\n|t:|1776346820\n|switch|p1b: Sneasler|Sneasler, L50, F|100/100\n|move|p2a: Decidueye|Leaf Blade|p1a: Politoed\n|-supereffective|p1a: Politoed|1\n|-crit|p1a: Politoed\n|-damage|p1a: Politoed|0 fnt\n|faint|p1a: Politoed\n|move|p2b: Medicham|Close Combat|p1b: Sneasler\n|-resisted|p1b: Sneasler|1\n|-damage|p1b: Sneasler|28/100\n|-unboost|p2b: Medicham|def|1\n|-unboost|p2b: Medicham|spd|1\n|\n|-weather|RainDance|[upkeep]\n|upkeep\n|\n|t:|1776346832\n|switch|p1a: Scizor|Scizor, L50, F, shiny|75/100\n|turn|4\n|\n|t:|1776346841\n|switch|p2b: Golurk|Golurk, L50|100/100\n|detailschange|p1a: Scizor|Scizor-Mega, L50, F, shiny\n|-mega|p1a: Scizor|Scizor|Scizorite\n|move|p1b: Sneasler|Fake Out|p2b: Golurk\n|-immune|p2b: Golurk\n|move|p2a: Decidueye|Triple Arrows|p1a: Scizor\n|-damage|p1a: Scizor|41/100\n|-unboost|p1a: Scizor|def|1\n|move|p1a: Scizor|Swords Dance|p1a: Scizor\n|-boost|p1a: Scizor|atk|2\n|\n|-weather|RainDance|[upkeep]\n|upkeep\n|turn|5\n|\n|t:|1776346860\n|detailschange|p2b: Golurk|Golurk-Mega, L50\n|-mega|p2b: Golurk|Golurk|Golurkite\n|move|p2a: Decidueye|Upper Hand|p1a: Scizor\n|-damage|p1a: Scizor|4/100\n|cant|p1a: Scizor|flinch\n|move|p2b: Golurk|Shadow Punch|p1b: Sneasler\n|-damage|p1b: Sneasler|0 fnt\n|faint|p1b: Sneasler\n|\n|-weather|RainDance|[upkeep]\n|-fieldend|move: Trick Room\n|upkeep\n|\n|t:|1776346871\n|switch|p1b: Basculegion|Basculegion, L50, M|100/100\n|turn|6\n|\n|t:|1776346889\n|move|p2a: Decidueye|Upper Hand|p1a: Scizor\n|-damage|p1a: Scizor|0 fnt\n|faint|p1a: Scizor\n|move|p1b: Basculegion|Wave Crash|p2b: Golurk\n|-supereffective|p2b: Golurk|1\n|-damage|p2b: Golurk|0 fnt\n|faint|p2b: Golurk\n|-damage|p1b: Basculegion|68/100|[from] Recoil\n|\n|-weather|none\n|upkeep\n|\n|t:|1776346895\n|switch|p2b: Medicham|Medicham, L50, M|81/100\n|turn|7\n|\n|t:|1776346903\n|move|p1b: Basculegion|Last Respects|p2a: Decidueye\n|-damage|p2a: Decidueye|0 fnt\n|faint|p2a: Decidueye\n|move|p2b: Medicham|Psycho Cut|p1b: Basculegion\n|-damage|p1b: Basculegion|0 fnt\n|faint|p1b: Basculegion\n|\n|win|boysenorange\n|raw|Gadam's rating: 1220 &rarr; <strong>1196</strong><br />(-24 for losing)\n|raw|boysenorange's rating: 1234 &rarr; <strong>1258</strong><br />(+24 for winning)\n|l|\u2606Gadam\n|player|p1|\n",
  "uploadtime": 1776346915,
  "views": 23,
  "formatid": "gen9championsvgc2026regma",
  "rating": 1196,
  "private": 0,
  "password": null
}