{
  "id": "gen9championsvgc2026regma-2589410345",
  "format": "[Gen 9 Champions] VGC 2026 Reg M-A",
  "players": [
    "DavidTIS",
    "Uncreative7452"
  ],
  "log": "|j|\u2606DavidTIS\n|j|\u203dUncreative7452\n|t:|1776720663\n|gametype|doubles\n|player|p1|DavidTIS|265|1119\n|player|p2|Uncreative7452|tuber|1166\n|gen|9\n|tier|[Gen 9 Champions] VGC 2026 Reg M-A\n|rated|\n|rule|Species Clause: Limit one of each Pok\u00e9mon\n|rule|Item Clause: Limit 1 of each item\n|clearpoke\n|poke|p1|Starmie, L50|\n|poke|p1|Lycanroc-Dusk, L50, M|\n|poke|p1|Hydreigon, L50, M|\n|poke|p1|Tauros-Paldea-Aqua, L50, M|\n|poke|p1|Froslass, L50, F|\n|poke|p1|Scizor, L50, F|\n|poke|p2|Aerodactyl, L50, M|\n|poke|p2|Meganium, L50, F|\n|poke|p2|Sneasler, L50, F|\n|poke|p2|Basculegion, L50, M|\n|poke|p2|Incineroar, L50, F|\n|poke|p2|Garchomp, L50, F|\n|teampreview|4\n|\n|t:|1776720721\n|teamsize|p1|4\n|teamsize|p2|4\n|start\n|switch|p1a: Starmie|Starmie, L50|100/100\n|switch|p1b: Hydreigon|Hydreigon, L50, M|100/100\n|switch|p2a: Incineroar|Incineroar, L50, F|100/100\n|switch|p2b: Aerodactyl|Aerodactyl, L50, M|100/100\n|-ability|p2b: Aerodactyl|Unnerve\n|-ability|p2a: Incineroar|Intimidate|boost\n|-unboost|p1a: Starmie|atk|1\n|-unboost|p1b: Hydreigon|atk|1\n|-enditem|p1b: Hydreigon|White Herb\n|-clearnegativeboost|p1b: Hydreigon|[silent]\n|turn|1\n|\n|t:|1776720739\n|detailschange|p1a: Starmie|Starmie-Mega, L50\n|-mega|p1a: Starmie|Starmie|Starminite\n|move|p1a: Starmie|Protect|p1a: Starmie\n|-singleturn|p1a: Starmie|Protect\n|move|p2a: Incineroar|Fake Out|p1a: Starmie\n|-activate|p1a: Starmie|move: Protect\n|move|p2b: Aerodactyl|Rock Slide|p1b: Hydreigon|[spread] p1b\n|-activate|p1a: Starmie|move: Protect\n|-damage|p1b: Hydreigon|73/100\n|move|p1b: Hydreigon|Tailwind|p1b: Hydreigon\n|-sidestart|p1: DavidTIS|move: Tailwind\n|\n|upkeep\n|turn|2\n|\n|t:|1776720768\n|move|p1a: Starmie|Liquidation|p2b: Aerodactyl\n|-supereffective|p2b: Aerodactyl|1\n|-enditem|p2b: Aerodactyl|Focus Sash\n|-damage|p2b: Aerodactyl|1/100\n|move|p1b: Hydreigon|Dark Pulse|p2b: Aerodactyl\n|-damage|p2b: Aerodactyl|0 fnt\n|faint|p2b: Aerodactyl\n|move|p2a: Incineroar|Darkest Lariat|p1a: Starmie\n|-supereffective|p1a: Starmie|1\n|-damage|p1a: Starmie|15/100\n|\n|upkeep\n|l|\u203dUncreative7452\n|player|p2|\n|inactive|Battle timer is ON: inactive players will automatically lose when time's up. (requested by DavidTIS)\n|inactive|Uncreative7452 has 30 seconds to reconnect!\n|j|\u203dUncreative7452\n|inactive|Uncreative7452 reconnected and has 55 seconds left.\n|player|p2|Uncreative7452|tuber|\n|\n|t:|1776720852\n|switch|p2b: Meganium|Meganium, L50, F|100/100\n|turn|3\n|\n|t:|1776720873\n|detailschange|p2b: Meganium|Meganium-Mega, L50, F\n|-mega|p2b: Meganium|Meganium|Meganiumite\n|move|p1a: Starmie|Liquidation|p2a: Incineroar\n|-supereffective|p2a: Incineroar|1\n|-damage|p2a: Incineroar|16/100\n|-enditem|p2a: Incineroar|Sitrus Berry|[eat]\n|-heal|p2a: Incineroar|41/100|[from] item: Sitrus Berry\n|move|p1b: Hydreigon|Dark Pulse|p2a: Incineroar\n|-resisted|p2a: Incineroar|1\n|-damage|p2a: Incineroar|22/100\n|move|p2b: Meganium|Dazzling Gleam|p1a: Starmie|[spread] p1a,p1b\n|-supereffective|p1b: Hydreigon|2\n|-damage|p1a: Starmie|0 fnt\n|-damage|p1b: Hydreigon|0 fnt\n|faint|p1a: Starmie\n|faint|p1b: Hydreigon\n|move|p2a: Incineroar|Darkest Lariat|p1: Starmie|[notarget]\n|-fail|p2a: Incineroar\n|\n|upkeep\n|\n|t:|1776720886\n|switch|p1a: Lycanroc|Lycanroc-Dusk, L50, M|100/100\n|switch|p1b: Tauros|Tauros-Paldea-Aqua, L50, M|100/100\n|-ability|p1b: Tauros|Intimidate|boost\n|-unboost|p2a: Incineroar|atk|1\n|-unboost|p2b: Meganium|atk|1\n|turn|4\n|\n|t:|1776720901\n|move|p1b: Tauros|Protect|p1b: Tauros\n|-singleturn|p1b: Tauros|Protect\n|move|p2b: Meganium|Protect|p2b: Meganium\n|-singleturn|p2b: Meganium|Protect\n|move|p1a: Lycanroc|Rock Slide|p2a: Incineroar|[spread] p2a\n|-activate|p2b: Meganium|move: Protect\n|-supereffective|p2a: Incineroar|1\n|-damage|p2a: Incineroar|0 fnt\n|faint|p2a: Incineroar\n|\n|-sideend|p1: DavidTIS|move: Tailwind\n|upkeep\n|\n|t:|1776720904\n|switch|p2a: Basculegion|Basculegion, L50, M|100/100\n|turn|5\n|\n|t:|1776720916\n|move|p1b: Tauros|Aqua Jet|p2a: Basculegion\n|-resisted|p2a: Basculegion|1\n|-damage|p2a: Basculegion|88/100\n|move|p2a: Basculegion|Last Respects|p1a: Lycanroc\n|-enditem|p1a: Lycanroc|Focus Sash\n|-damage|p1a: Lycanroc|1/100\n|move|p1a: Lycanroc|Crunch|p2a: Basculegion\n|-supereffective|p2a: Basculegion|1\n|-damage|p2a: Basculegion|0 fnt\n|faint|p2a: Basculegion\n|move|p2b: Meganium|Solar Beam||[still]\n|-prepare|p2b: Meganium|Solar Beam\n|-activate|p2b: Meganium|ability: Mega Sol\n|-anim|p2b: Meganium|Solar Beam|p1b: Tauros\n|-supereffective|p1b: Tauros|1\n|-damage|p1b: Tauros|0 fnt\n|faint|p1b: Tauros\n|\n|upkeep\n|turn|6\n|\n|t:|1776720930\n|move|p1a: Lycanroc|Rock Slide|p2b: Meganium\n|-damage|p2b: Meganium|65/100\n|cant|p2b: Meganium|flinch\n|\n|upkeep\n|turn|7\n|\n|t:|1776720935\n|move|p1a: Lycanroc|Rock Slide|p2b: Meganium\n|-damage|p2b: Meganium|28/100\n|cant|p2b: Meganium|flinch\n|\n|upkeep\n|turn|8\n|\n|t:|1776720942\n|move|p1a: Lycanroc|Rock Slide|p2b: Meganium|[miss]\n|-miss|p1a: Lycanroc|p2b: Meganium\n|move|p2b: Meganium|Solar Beam||[still]\n|-prepare|p2b: Meganium|Solar Beam\n|-activate|p2b: Meganium|ability: Mega Sol\n|-anim|p2b: Meganium|Solar Beam|p1a: Lycanroc\n|-supereffective|p1a: Lycanroc|1\n|-damage|p1a: Lycanroc|0 fnt\n|faint|p1a: Lycanroc\n|\n|win|Uncreative7452\n|raw|DavidTIS's rating: 1119 &rarr; <strong>1097</strong><br />(-22 for losing)\n|raw|Uncreative7452's rating: 1166 &rarr; <strong>1188</strong><br />(+22 for winning)\n",
  "uploadtime": 1776720950,
  "views": 21,
  "formatid": "gen9championsvgc2026regma",
  "rating": 1097,
  "private": 0,
  "password": null
}