{
  "id": "gen9championsvgc2026regma-2583823366",
  "format": "[Gen 9 Champions] VGC 2026 Reg M-A",
  "players": [
    "loopdadoop",
    "GuardianLemartes"
  ],
  "log": "|j|\u2606loopdadoop\n|j|\u2606GuardianLemartes\n|t:|1776200507\n|gametype|doubles\n|player|p1|loopdadoop|102|1056\n|player|p2|GuardianLemartes|rocketgruntf|1035\n|gen|9\n|tier|[Gen 9 Champions] VGC 2026 Reg M-A\n|rated|\n|rule|Species Clause: Limit one of each Pok\u00e9mon\n|rule|Item Clause: Limit 1 of each item\n|clearpoke\n|poke|p1|Torkoal, L50, M|\n|poke|p1|Incineroar, L50, M|\n|poke|p1|Golurk, L50|\n|poke|p1|Sneasler, L50, M|\n|poke|p1|Farigiraf, L50, F|\n|poke|p1|Ampharos, L50, M|\n|poke|p2|Incineroar, L50, M|\n|poke|p2|Gengar, L50, F|\n|poke|p2|Sinistcha, L50|\n|poke|p2|Tyranitar, L50, F|\n|poke|p2|Sableye, L50, F|\n|poke|p2|Kommo-o, L50, F|\n|teampreview|4\nGuardianLemartes rejected open team sheets.\n|inactive|Battle timer is ON: inactive players will automatically lose when time's up. (requested by GuardianLemartes)\n|\n|t:|1776200545\n|teamsize|p1|4\n|teamsize|p2|4\n|start\n|switch|p1a: Farigiraf|Farigiraf, L50, F|100/100\n|switch|p1b: Ampharos|Ampharos, L50, M, shiny|100/100\n|switch|p2a: Stringbean|Tyranitar, L50, F|100/100\n|switch|p2b: Sable|Sableye, L50, F|100/100\n|-weather|Sandstorm|[from] ability: Sand Stream|[of] p2a: Stringbean\n|turn|1\n|inactive|GuardianLemartes has 30 seconds left.\n|inactive|GuardianLemartes has 20 seconds left.\n|inactive|GuardianLemartes has 15 seconds left.\n|\n|t:|1776200588\n|detailschange|p1b: Ampharos|Ampharos-Mega, L50, M, shiny\n|-mega|p1b: Ampharos|Ampharos|Ampharosite\n|-ability|p1b: Ampharos|Mold Breaker\n|move|p1a: Farigiraf|Helping Hand|p1b: Ampharos\n|-singleturn|p1b: Ampharos|Helping Hand|[of] p1a: Farigiraf\n|move|p2b: Sable|Thunder Wave||[still]\n|cant|p1a: Farigiraf|ability: Armor Tail|Thunder Wave|[of] p2b: Sable\n|move|p2a: Stringbean|Crunch|p1a: Farigiraf\n|-supereffective|p1a: Farigiraf|1\n|-damage|p1a: Farigiraf|16/100\n|-unboost|p1a: Farigiraf|def|1\n|move|p1b: Ampharos|Dazzling Gleam|p2b: Sable|[spread] p2a,p2b\n|-supereffective|p2a: Stringbean|1\n|-supereffective|p2b: Sable|1\n|-damage|p2a: Stringbean|49/100\n|-enditem|p2b: Sable|Focus Sash\n|-damage|p2b: Sable|1/100\n|\n|-weather|Sandstorm|[upkeep]\n|-damage|p1a: Farigiraf|10/100|[from] Sandstorm\n|-damage|p2b: Sable|0 fnt|[from] Sandstorm\n|-damage|p1b: Ampharos|94/100|[from] Sandstorm\n|faint|p2b: Sable\n|upkeep\n|inactive|GuardianLemartes has 30 seconds left.\n|\n|t:|1776200613\n|switch|p2b: Pudding|Sinistcha, L50|100/100\n|-heal|p2a: Stringbean|73/100|[from] ability: Hospitality|[of] p2b: Pudding\n|turn|2\n|\n|t:|1776200628\n|move|p2a: Stringbean|Crunch|p1a: Farigiraf\n|-supereffective|p1a: Farigiraf|1\n|-damage|p1a: Farigiraf|0 fnt\n|faint|p1a: Farigiraf\n|move|p2b: Pudding|Matcha Gotcha|p1b: Ampharos\n|-resisted|p1b: Ampharos|1\n|-damage|p1b: Ampharos|81/100\n|-status|p1b: Ampharos|brn\n|move|p1b: Ampharos|Dazzling Gleam|p2a: Stringbean|[spread] p2a,p2b\n|-supereffective|p2a: Stringbean|1\n|-damage|p2a: Stringbean|39/100\n|-damage|p2b: Pudding|75/100\n|\n|-weather|Sandstorm|[upkeep]\n|-damage|p2b: Pudding|68/100|[from] Sandstorm\n|-damage|p1b: Ampharos|75/100 brn|[from] Sandstorm\n|-damage|p1b: Ampharos|69/100 brn|[from] brn\n|upkeep\n|\n|t:|1776200643\n|switch|p1a: Sneasler|Sneasler, L50, M, shiny|100/100\n|turn|3\n|\n|t:|1776200654\n|move|p1a: Sneasler|Dire Claw|p2b: Pudding\n|-damage|p2b: Pudding|34/100\n|-enditem|p2b: Pudding|Sitrus Berry|[eat]\n|-heal|p2b: Pudding|59/100|[from] item: Sitrus Berry\n|move|p2a: Stringbean|Crunch|p1b: Ampharos\n|-damage|p1b: Ampharos|30/100 brn\n|move|p2b: Pudding|Life Dew|p2b: Pudding|[spread] p2a,p2b\n|-heal|p2a: Stringbean|64/100\n|-heal|p2b: Pudding|84/100\n|move|p1b: Ampharos|Dragon Pulse|p2b: Pudding\n|-damage|p2b: Pudding|31/100\n|\n|-weather|Sandstorm|[upkeep]\n|-damage|p1a: Sneasler|95/100|[from] Sandstorm\n|-damage|p2b: Pudding|25/100|[from] Sandstorm\n|-damage|p1b: Ampharos|24/100 brn|[from] Sandstorm\n|-damage|p1b: Ampharos|18/100 brn|[from] brn\n|upkeep\n|turn|4\n|inactive|GuardianLemartes has 30 seconds left.\n|\n|t:|1776200680\n|switch|p2b: Beat Cop|Gengar, L50, F|100/100\n|move|p1b: Ampharos|Protect|p1b: Ampharos\n|-singleturn|p1b: Ampharos|Protect\n|move|p1a: Sneasler|Dire Claw|p2b: Beat Cop\n|-resisted|p2b: Beat Cop|2\n|-damage|p2b: Beat Cop|86/100\n|-start|p1a: Sneasler|Disable|Dire Claw|[from] ability: Cursed Body|[of] p2b: Beat Cop\n|move|p2a: Stringbean|Crunch|p1b: Ampharos\n|-activate|p1b: Ampharos|move: Protect\n|\n|-weather|Sandstorm|[upkeep]\n|-damage|p1a: Sneasler|89/100|[from] Sandstorm\n|-damage|p2b: Beat Cop|80/100|[from] Sandstorm\n|-damage|p1b: Ampharos|12/100 brn|[from] Sandstorm\n|-damage|p1b: Ampharos|6/100 brn|[from] brn\n|upkeep\n|turn|5\n|\n|t:|1776200702\n|detailschange|p2b: Beat Cop|Gengar-Mega, L50, F\n|-mega|p2b: Beat Cop|Gengar|Gengarite\n|move|p2b: Beat Cop|Perish Song|p2b: Beat Cop\n|-start|p1a: Sneasler|perish3|[silent]\n|-start|p1b: Ampharos|perish3|[silent]\n|-start|p2a: Stringbean|perish3|[silent]\n|-start|p2b: Beat Cop|perish3|[silent]\n|-fieldactivate|move: Perish Song\n|move|p1a: Sneasler|Close Combat|p2a: Stringbean\n|-supereffective|p2a: Stringbean|2\n|-damage|p2a: Stringbean|0 fnt\n|-unboost|p1a: Sneasler|def|1\n|-unboost|p1a: Sneasler|spd|1\n|faint|p2a: Stringbean\n|-enditem|p1a: Sneasler|White Herb\n|-clearnegativeboost|p1a: Sneasler|[silent]\n|move|p1b: Ampharos|Discharge|p2b: Beat Cop|[spread] p1a,p2b\n|-damage|p1a: Sneasler|29/100\n|-damage|p2b: Beat Cop|31/100\n|\n|-weather|none\n|-damage|p1b: Ampharos|0 fnt|[from] brn\n|faint|p1b: Ampharos\n|-start|p2b: Beat Cop|perish3\n|-start|p1a: Sneasler|perish3\n|upkeep\n|\n|t:|1776200719\n|switch|p2a: Pudding|Sinistcha, L50|25/100\n|switch|p1b: Golurk|Golurk, L50|100/100\n|-heal|p2b: Beat Cop|56/100|[from] ability: Hospitality|[of] p2a: Pudding\n|turn|6\n|\n|t:|1776200736\n|move|p2a: Pudding|Protect|p2a: Pudding\n|-singleturn|p2a: Pudding|Protect\n|move|p2b: Beat Cop|Substitute|p2b: Beat Cop\n|-start|p2b: Beat Cop|Substitute\n|-damage|p2b: Beat Cop|31/100\n|move|p1a: Sneasler|Close Combat|p2a: Pudding\n|-activate|p2a: Pudding|move: Protect\n|move|p1b: Golurk|Poltergeist|p2b: Beat Cop\n|-activate|p2b: Beat Cop|move: Poltergeist|Gengarite\n|-supereffective|p2b: Beat Cop|1\n|-end|p2b: Beat Cop|Substitute\n|\n|-start|p2b: Beat Cop|perish2\n|-start|p1a: Sneasler|perish2\n|upkeep\n|turn|7\n|inactive|GuardianLemartes has 30 seconds left.\n|\n|t:|1776200764\n|move|p1a: Sneasler|Protect|p1a: Sneasler\n|-singleturn|p1a: Sneasler|Protect\n|move|p2b: Beat Cop|Disable|p1b: Golurk\n|-start|p1b: Golurk|Disable|Poltergeist\n|move|p2a: Pudding|Life Dew|p2a: Pudding|[spread] p2a,p2b\n|-heal|p2a: Pudding|50/100\n|-heal|p2b: Beat Cop|56/100\n|cant|p1b: Golurk|Disable|Poltergeist\n|\n|-end|p1a: Sneasler|Disable\n|-start|p2b: Beat Cop|perish1\n|-start|p1a: Sneasler|perish1\n|upkeep\n|turn|8\n|-message|loopdadoop forfeited.\n|\n|win|GuardianLemartes\n|raw|loopdadoop's rating: 1056 &rarr; <strong>1036</strong><br />(-20 for losing)\n|raw|GuardianLemartes's rating: 1035 &rarr; <strong>1072</strong><br />(+37 for winning)\n|l|\u2606loopdadoop\n|player|p1|\n",
  "uploadtime": 1776200772,
  "views": 16,
  "formatid": "gen9championsvgc2026regma",
  "rating": 1036,
  "private": 0,
  "password": null
}