{
  "id": "gen9championsvgc2026regma-2587214266",
  "format": "[Gen 9 Champions] VGC 2026 Reg M-A",
  "players": [
    "thevietguy",
    "Gawr0n"
  ],
  "log": "|j|\u2606thevietguy\n|j|\u2606Gawr0n\n|t:|1776509907\n|gametype|doubles\n|player|p1|thevietguy|flannery|1083\n|player|p2|Gawr0n|1|1006\n|gen|9\n|tier|[Gen 9 Champions] VGC 2026 Reg M-A\n|rated|\n|rule|Species Clause: Limit one of each Pok\u00e9mon\n|rule|Item Clause: Limit 1 of each item\n|clearpoke\n|poke|p1|Aggron, L50, F|\n|poke|p1|Incineroar, L50, F|\n|poke|p1|Farigiraf, L50, F|\n|poke|p1|Palafin, L50, M|\n|poke|p1|Sinistcha-Masterpiece, L50|\n|poke|p1|Sneasler, L50, F|\n|poke|p2|Meganium, L50, F|\n|poke|p2|Basculegion, L50, M, shiny|\n|poke|p2|Pelipper, L50, M, shiny|\n|poke|p2|Sneasler, L50, F|\n|poke|p2|Raichu, L50, M|\n|poke|p2|Gyarados, L50, M, shiny|\n|teampreview|4\n|inactive|Battle timer is ON: inactive players will automatically lose when time's up. (requested by thevietguy)\n|\n|t:|1776509935\n|teamsize|p1|4\n|teamsize|p2|4\n|start\n|switch|p1a: Aggron|Aggron, L50, F|100/100\n|switch|p1b: Sneasler|Sneasler, L50, F|100/100\n|switch|p2a: Pelipper|Pelipper, L50, M, shiny|100/100\n|switch|p2b: Gyarados|Gyarados, L50, M, shiny|100/100\n|-ability|p2b: Gyarados|Intimidate|boost\n|-unboost|p1a: Aggron|atk|1\n|-unboost|p1b: Sneasler|atk|1\n|-weather|RainDance|[from] ability: Drizzle|[of] p2a: Pelipper\n|-enditem|p1b: Sneasler|White Herb\n|-clearnegativeboost|p1b: Sneasler|[silent]\n|turn|1\n|inactive|Gawr0n has 30 seconds left.\n|\n|t:|1776509967\n|detailschange|p1a: Aggron|Aggron-Mega, L50, F\n|-mega|p1a: Aggron|Aggron|Aggronite\n|move|p1b: Sneasler|Fake Out|p2b: Gyarados\n|-damage|p2b: Gyarados|82/100\n|cant|p2b: Gyarados|flinch\n|move|p2a: Pelipper|Hurricane|p1b: Sneasler\n|-supereffective|p1b: Sneasler|1\n|-damage|p1b: Sneasler|5/100\n|-start|p1b: Sneasler|confusion\n|move|p1a: Aggron|Iron Defense|p1a: Aggron\n|-boost|p1a: Aggron|def|2\n|\n|-weather|RainDance|[upkeep]\n|upkeep\n|turn|2\n|inactive|Gawr0n has 30 seconds left.\n|\n|t:|1776509993\n|switch|p1b: Incineroar|Incineroar, L50, F|100/100\n|-ability|p1b: Incineroar|Intimidate|boost\n|-unboost|p2a: Pelipper|atk|1\n|-unboost|p2b: Gyarados|atk|1\n|move|p2b: Gyarados|Waterfall|p1a: Aggron\n|-damage|p1a: Aggron|90/100\n|move|p2a: Pelipper|U-turn|p1b: Incineroar\n|-damage|p1b: Incineroar|96/100\n|\n|t:|1776510007\n|switch|p2a: Sneasler|Sneasler, L50, F|100/100|[from] U-turn\n|cant|p1a: Aggron|flinch\n|\n|-weather|RainDance|[upkeep]\n|upkeep\n|turn|3\n|\n|t:|1776510026\n|move|p1a: Aggron|Protect|p1a: Aggron\n|-singleturn|p1a: Aggron|Protect\n|move|p2a: Sneasler|Fake Out|p1b: Incineroar\n|-damage|p1b: Incineroar|84/100\n|move|p2b: Gyarados|Waterfall|p1b: Incineroar\n|-supereffective|p1b: Incineroar|1\n|-damage|p1b: Incineroar|19/100\n|-enditem|p1b: Incineroar|Sitrus Berry|[eat]\n|-heal|p1b: Incineroar|44/100|[from] item: Sitrus Berry\n|cant|p1b: Incineroar|flinch\n|\n|-weather|RainDance|[upkeep]\n|upkeep\n|turn|4\n|\n|t:|1776510047\n|switch|p1b: Sneasler|Sneasler, L50, F|5/100\n|detailschange|p2b: Gyarados|Gyarados-Mega, L50, M, shiny\n|-mega|p2b: Gyarados|Gyarados|Gyaradosite\n|-ability|p2b: Gyarados|Mold Breaker\n|move|p2a: Sneasler|Close Combat|p1a: Aggron\n|-supereffective|p1a: Aggron|1\n|-damage|p1a: Aggron|67/100\n|-unboost|p2a: Sneasler|def|1\n|-unboost|p2a: Sneasler|spd|1\n|-enditem|p2a: Sneasler|White Herb\n|-clearnegativeboost|p2a: Sneasler|[silent]\n|move|p2b: Gyarados|Waterfall|p1b: Sneasler\n|-damage|p1b: Sneasler|0 fnt\n|faint|p1b: Sneasler\n|move|p1a: Aggron|Body Press|p2b: Gyarados\n|-supereffective|p2b: Gyarados|1\n|-damage|p2b: Gyarados|0 fnt\n|faint|p2b: Gyarados\n|\n|-weather|RainDance|[upkeep]\n|upkeep\n|inactive|Gawr0n has 30 seconds left.\n|\n|t:|1776510074\n|switch|p1b: Incineroar|Incineroar, L50, F|44/100\n|switch|p2b: Pelipper|Pelipper, L50, M, shiny|100/100\n|-ability|p1b: Incineroar|Intimidate|boost\n|-unboost|p2a: Sneasler|atk|1\n|-unboost|p2b: Pelipper|atk|1\n|turn|5\n|\n|t:|1776510092\n|move|p1b: Incineroar|Fake Out|p2b: Pelipper\n|-damage|p2b: Pelipper|90/100\n|move|p2a: Sneasler|Close Combat|p1a: Aggron\n|-supereffective|p1a: Aggron|1\n|-damage|p1a: Aggron|51/100\n|-unboost|p2a: Sneasler|def|1\n|-unboost|p2a: Sneasler|spd|1\n|cant|p2b: Pelipper|flinch\n|move|p1a: Aggron|Body Press|p2b: Pelipper\n|-resisted|p2b: Pelipper|1\n|-damage|p2b: Pelipper|44/100\n|\n|-weather|none\n|upkeep\n|turn|6\n|\n|t:|1776510116\n|switch|p1b: Sinistcha|Sinistcha-Masterpiece, L50|100/100\n|-heal|p1a: Aggron|76/100|[from] ability: Hospitality|[of] p1b: Sinistcha\n|move|p2a: Sneasler|U-turn|p1b: Sinistcha\n|-damage|p1b: Sinistcha|82/100\n|\n|t:|1776510123\n|switch|p2a: Basculegion|Basculegion, L50, M, shiny|100/100|[from] U-turn\n|move|p2b: Pelipper|U-turn|p1b: Sinistcha\n|-damage|p1b: Sinistcha|77/100\n|\n|t:|1776510130\n|switch|p2b: Sneasler|Sneasler, L50, F|100/100|[from] U-turn\n|move|p1a: Aggron|Iron Defense|p1a: Aggron\n|-boost|p1a: Aggron|def|2\n|\n|-heal|p1b: Sinistcha|82/100|[from] item: Leftovers\n|upkeep\n|turn|7\n|\n|t:|1776510147\n|switch|p1b: Incineroar|Incineroar, L50, F|44/100\n|-ability|p1b: Incineroar|Intimidate|boost\n|-unboost|p2a: Basculegion|atk|1\n|-unboost|p2b: Sneasler|atk|1\n|move|p2a: Basculegion|Last Respects|p1b: Incineroar\n|-resisted|p1b: Incineroar|1\n|-damage|p1b: Incineroar|32/100\n|move|p2b: Sneasler|Dire Claw|p1b: Incineroar\n|-damage|p1b: Incineroar|10/100\n|-status|p1b: Incineroar|psn\n|move|p1a: Aggron|Body Press|p2b: Sneasler\n|-resisted|p2b: Sneasler|1\n|-damage|p2b: Sneasler|0 fnt\n|faint|p2b: Sneasler\n|\n|-damage|p1b: Incineroar|0 fnt|[from] psn\n|faint|p1b: Incineroar\n|upkeep\n|\n|t:|1776510168\n|switch|p2b: Pelipper|Pelipper, L50, M, shiny|44/100\n|switch|p1b: Sinistcha|Sinistcha-Masterpiece, L50|82/100\n|-weather|RainDance|[from] ability: Drizzle|[of] p2b: Pelipper\n|-heal|p1a: Aggron|100/100|[from] ability: Hospitality|[of] p1b: Sinistcha\n|turn|8\n|\n|t:|1776510183\n|move|p2a: Basculegion|Last Respects|p1a: Aggron\n|-damage|p1a: Aggron|93/100\n|move|p2b: Pelipper|Hurricane|p1b: Sinistcha\n|-supereffective|p1b: Sinistcha|1\n|-damage|p1b: Sinistcha|2/100\n|-start|p1b: Sinistcha|confusion\n|-activate|p1b: Sinistcha|confusion\n|-damage|p1b: Sinistcha|0 fnt|[from] confusion\n|faint|p1b: Sinistcha\n|move|p1a: Aggron|Body Press|p2b: Pelipper\n|-resisted|p2b: Pelipper|1\n|-damage|p2b: Pelipper|0 fnt\n|faint|p2b: Pelipper\n|\n|-weather|RainDance|[upkeep]\n|upkeep\n|turn|9\n|\n|t:|1776510200\n|move|p2a: Basculegion|Last Respects|p1a: Aggron\n|-damage|p1a: Aggron|84/100\n|move|p1a: Aggron|Heavy Slam|p2a: Basculegion\n|-resisted|p2a: Basculegion|1\n|-damage|p2a: Basculegion|84/100\n|\n|-weather|RainDance|[upkeep]\n|upkeep\n|turn|10\n|\n|t:|1776510209\n|move|p2a: Basculegion|Last Respects|p1a: Aggron\n|-damage|p1a: Aggron|73/100\n|move|p1a: Aggron|Heavy Slam|p2a: Basculegion\n|-resisted|p2a: Basculegion|1\n|-damage|p2a: Basculegion|70/100\n|\n|-weather|RainDance|[upkeep]\n|upkeep\n|turn|11\n|\n|t:|1776510222\n|move|p2a: Basculegion|Last Respects|p1a: Aggron\n|-damage|p1a: Aggron|63/100\n|move|p1a: Aggron|Heavy Slam|p2a: Basculegion\n|-resisted|p2a: Basculegion|1\n|-damage|p2a: Basculegion|54/100\n|\n|-weather|RainDance|[upkeep]\n|upkeep\n|turn|12\n|\n|t:|1776510242\n|move|p2a: Basculegion|Last Respects|p1a: Aggron\n|-damage|p1a: Aggron|54/100\n|move|p1a: Aggron|Iron Defense|p1a: Aggron\n|-boost|p1a: Aggron|def|2\n|\n|-weather|none\n|upkeep\n|turn|13\n|\n|t:|1776510250\n|move|p2a: Basculegion|Last Respects|p1a: Aggron\n|-damage|p1a: Aggron|47/100\n|move|p1a: Aggron|Heavy Slam|p2a: Basculegion\n|-resisted|p2a: Basculegion|1\n|-crit|p2a: Basculegion\n|-damage|p2a: Basculegion|19/100\n|\n|upkeep\n|turn|14\n|\n|t:|1776510260\n|move|p2a: Basculegion|Last Respects|p1a: Aggron\n|-damage|p1a: Aggron|39/100\n|move|p1a: Aggron|Heavy Slam|p2a: Basculegion\n|-resisted|p2a: Basculegion|1\n|-damage|p2a: Basculegion|3/100\n|\n|upkeep\n|turn|15\n|\n|t:|1776510268\n|move|p2a: Basculegion|Last Respects|p1a: Aggron\n|-damage|p1a: Aggron|33/100\n|move|p1a: Aggron|Heavy Slam|p2a: Basculegion\n|-resisted|p2a: Basculegion|1\n|-damage|p2a: Basculegion|0 fnt\n|faint|p2a: Basculegion\n|\n|win|thevietguy\n|raw|thevietguy's rating: 1083 &rarr; <strong>1105</strong><br />(+22 for winning)\n|raw|Gawr0n's rating: 1006 &rarr; <strong>1000</strong><br />(-6 for losing)\n",
  "uploadtime": 1776510275,
  "views": 19,
  "formatid": "gen9championsvgc2026regma",
  "rating": 1000,
  "private": 0,
  "password": null
}