{
  "id": "gen9championsvgc2026regma-2589381986",
  "format": "[Gen 9 Champions] VGC 2026 Reg M-A",
  "players": [
    "Zana Shaper",
    "muffinmcbluffin"
  ],
  "log": "|j|\u2606Zana Shaper\n|j|\u203dmuffinmcbluffin\n|t:|1776718493\n|gametype|doubles\n|player|p1|Zana Shaper|rocketgrunt|1310\n|player|p2|muffinmcbluffin|2|1212\n|gen|9\n|tier|[Gen 9 Champions] VGC 2026 Reg M-A\n|rated|\n|rule|Species Clause: Limit one of each Pok\u00e9mon\n|rule|Item Clause: Limit 1 of each item\n|clearpoke\n|poke|p1|Sneasler, L50, M|\n|poke|p1|Floette-Eternal, L50, F|\n|poke|p1|Kingambit, L50, F|\n|poke|p1|Garchomp, L50, F|\n|poke|p1|Basculegion, L50, M|\n|poke|p1|Froslass, L50, F|\n|poke|p2|Tyranitar, L50, F|\n|poke|p2|Corviknight, L50, M|\n|poke|p2|Rotom-Wash, L50|\n|poke|p2|Tauros-Paldea-Blaze, L50, M|\n|poke|p2|Sinistcha, L50|\n|poke|p2|Garchomp, L50, F|\n|teampreview|4\nmuffinmcbluffin has agreed to open team sheets.\n|\n|t:|1776718526\n|teamsize|p1|4\n|teamsize|p2|4\n|start\n|switch|p1a: Floette|Floette-Eternal, L50, F|100/100\n|switch|p1b: Sneasler|Sneasler, L50, M|100/100\n|switch|p2a: Rotom|Rotom-Wash, L50|100/100\n|switch|p2b: Corviknight|Corviknight, L50, M|100/100\n|turn|1\n|\n|t:|1776718540\n|detailschange|p1a: Floette|Floette-Mega, L50, F\n|-mega|p1a: Floette|Floette|Floettite\n|-ability|p1a: Floette|Fairy Aura\n|move|p1b: Sneasler|Fake Out|p2b: Corviknight\n|-resisted|p2b: Corviknight|1\n|-damage|p2b: Corviknight|94/100\n|move|p2a: Rotom|Electroweb|p1a: Floette|[spread] p1a,p1b\n|-damage|p1a: Floette|87/100\n|-damage|p1b: Sneasler|73/100\n|-unboost|p1a: Floette|spe|1\n|-unboost|p1b: Sneasler|spe|1\n|move|p1a: Floette|Light of Ruin|p2a: Rotom\n|-damage|p2a: Rotom|0 fnt\n|faint|p2a: Rotom\n|-damage|p1a: Floette|48/100|[from] Recoil\n|cant|p2b: Corviknight|flinch\n|\n|-heal|p2b: Corviknight|99/100|[from] item: Leftovers\n|upkeep\n|\n|t:|1776718550\n|switch|p2a: Sinistcha|Sinistcha, L50|100/100\n|-heal|p2b: Corviknight|100/100|[from] ability: Hospitality|[of] p2a: Sinistcha\n|turn|2\n|\n|t:|1776718559\n|move|p1b: Sneasler|Dire Claw|p2a: Sinistcha\n|-damage|p2a: Sinistcha|59/100\n|-status|p2a: Sinistcha|psn\n|move|p1a: Floette|Light of Ruin|p2a: Sinistcha\n|-damage|p2a: Sinistcha|0 fnt\n|faint|p2a: Sinistcha\n|-damage|p1a: Floette|15/100|[from] Recoil\n|move|p2b: Corviknight|Iron Defense|p2b: Corviknight\n|-boost|p2b: Corviknight|def|2\n|\n|upkeep\n|\n|t:|1776718561\n|switch|p2a: Tyranitar|Tyranitar, L50, F|100/100\n|-weather|Sandstorm|[from] ability: Sand Stream|[of] p2a: Tyranitar\n|turn|3\n|\n|t:|1776718573\n|move|p2a: Tyranitar|Protect|p2a: Tyranitar\n|-singleturn|p2a: Tyranitar|Protect\n|move|p1b: Sneasler|Close Combat|p2a: Tyranitar\n|-activate|p2a: Tyranitar|move: Protect\n|move|p1a: Floette|Light of Ruin|p2a: Tyranitar\n|-activate|p2a: Tyranitar|move: Protect\n|move|p2b: Corviknight|Brave Bird|p1a: Floette\n|-damage|p1a: Floette|0 fnt\n|faint|p1a: Floette\n|-damage|p2b: Corviknight|97/100|[from] Recoil\n|\n|-weather|Sandstorm|[upkeep]\n|-damage|p1b: Sneasler|68/100|[from] Sandstorm\n|-heal|p2b: Corviknight|100/100|[from] item: Leftovers\n|upkeep\n|\n|t:|1776718579\n|switch|p1a: Garchomp|Garchomp, L50, F|100/100\n|turn|4\n|\n|t:|1776718590\n|detailschange|p2a: Tyranitar|Tyranitar-Mega, L50, F\n|-mega|p2a: Tyranitar|Tyranitar|Tyranitarite\n|move|p1b: Sneasler|Protect|p1b: Sneasler\n|-singleturn|p1b: Sneasler|Protect\n|move|p1a: Garchomp|Earthquake|p2a: Tyranitar|[spread] p2a\n|-activate|p1b: Sneasler|move: Protect\n|-immune|p2b: Corviknight\n|-supereffective|p2a: Tyranitar|1\n|-damage|p2a: Tyranitar|57/100\n|move|p2a: Tyranitar|Rock Slide|p1a: Garchomp|[spread] p1a\n|-activate|p1b: Sneasler|move: Protect\n|-resisted|p1a: Garchomp|1\n|-damage|p1a: Garchomp|83/100\n|move|p2b: Corviknight|Iron Defense|p2b: Corviknight\n|-boost|p2b: Corviknight|def|2\n|\n|-weather|Sandstorm|[upkeep]\n|-damage|p1b: Sneasler|62/100|[from] Sandstorm\n|upkeep\n|turn|5\n|\n|t:|1776718604\n|move|p2a: Tyranitar|Protect|p2a: Tyranitar\n|-singleturn|p2a: Tyranitar|Protect\n|move|p1a: Garchomp|Dragon Claw|p2a: Tyranitar\n|-activate|p2a: Tyranitar|move: Protect\n|move|p1b: Sneasler|Close Combat|p2a: Tyranitar\n|-activate|p2a: Tyranitar|move: Protect\n|move|p2b: Corviknight|Body Press|p1b: Sneasler\n|-resisted|p1b: Sneasler|1\n|-damage|p1b: Sneasler|11/100\n|\n|-weather|Sandstorm|[upkeep]\n|-damage|p1b: Sneasler|5/100|[from] Sandstorm\n|upkeep\n|turn|6\n|\n|t:|1776718618\n|move|p1a: Garchomp|Rock Slide|p2a: Tyranitar|[spread] p2a,p2b\n|-damage|p2a: Tyranitar|45/100\n|-damage|p2b: Corviknight|96/100\n|move|p1b: Sneasler|Close Combat|p2a: Tyranitar\n|-supereffective|p2a: Tyranitar|2\n|-damage|p2a: Tyranitar|0 fnt\n|-unboost|p1b: Sneasler|def|1\n|-unboost|p1b: Sneasler|spd|1\n|faint|p2a: Tyranitar\n|cant|p2b: Corviknight|flinch\n|\n|-weather|Sandstorm|[upkeep]\n|-damage|p1b: Sneasler|0 fnt|[from] Sandstorm\n|faint|p1b: Sneasler\n|-heal|p2b: Corviknight|100/100|[from] item: Leftovers\n|upkeep\n|\n|t:|1776718624\n|switch|p1b: Basculegion|Basculegion, L50, M|100/100\n|turn|7\n|\n|t:|1776718630\n|move|p1a: Garchomp|Rock Slide|p2b: Corviknight\n|-damage|p2b: Corviknight|94/100\n|move|p1b: Basculegion|Last Respects|p2b: Corviknight\n|-damage|p2b: Corviknight|69/100\n|cant|p2b: Corviknight|flinch\n|\n|-weather|none\n|-heal|p2b: Corviknight|75/100|[from] item: Leftovers\n|upkeep\n|turn|8\n|\n|t:|1776718640\n|move|p1a: Garchomp|Rock Slide|p2b: Corviknight\n|-damage|p2b: Corviknight|68/100\n|move|p1b: Basculegion|Last Respects|p2b: Corviknight\n|-damage|p2b: Corviknight|39/100\n|cant|p2b: Corviknight|flinch\n|\n|-heal|p2b: Corviknight|45/100|[from] item: Leftovers\n|upkeep\n|turn|9\n|\n|t:|1776718648\n|move|p1a: Garchomp|Rock Slide|p2b: Corviknight\n|-damage|p2b: Corviknight|39/100\n|move|p1b: Basculegion|Last Respects|p2b: Corviknight\n|-crit|p2b: Corviknight\n|-damage|p2b: Corviknight|0 fnt\n|faint|p2b: Corviknight\n|\n|win|Zana Shaper\n|raw|Zana Shaper's rating: 1310 &rarr; <strong>1325</strong><br />(+15 for winning)\n|raw|muffinmcbluffin's rating: 1212 &rarr; <strong>1194</strong><br />(-18 for losing)\n|l|\u2606Zana Shaper\n|player|p1|\n",
  "uploadtime": 1776718658,
  "views": 6,
  "formatid": "gen9championsvgc2026regma",
  "rating": 1194,
  "private": 0,
  "password": null
}