{
  "id": "gen9championsvgc2026regma-2586599581",
  "format": "[Gen 9 Champions] VGC 2026 Reg M-A",
  "players": [
    "marugod97",
    "yoiyyy"
  ],
  "log": "|j|\u2606marugod97\n|j|\u2606yoiyyy\n|t:|1776445890\n|gametype|doubles\n|player|p1|marugod97|gambler|1120\n|player|p2|yoiyyy|169|1088\n|gen|9\n|tier|[Gen 9 Champions] VGC 2026 Reg M-A\n|rated|\n|rule|Species Clause: Limit one of each Pok\u00e9mon\n|rule|Item Clause: Limit 1 of each item\n|clearpoke\n|poke|p1|Kangaskhan, L50, F|\n|poke|p1|Aerodactyl, L50, F|\n|poke|p1|Sneasler, L50, F|\n|poke|p1|Milotic, L50, F|\n|poke|p1|Froslass, L50, F|\n|poke|p1|Sinistcha, L50|\n|poke|p2|Glaceon, L50, F|\n|poke|p2|Abomasnow, L50, M|\n|poke|p2|Gardevoir, L50, F|\n|poke|p2|Farigiraf, L50, M|\n|poke|p2|Dragonite, L50, M|\n|poke|p2|Arcanine-Hisui, L50, M|\n|teampreview|4\n|inactive|Battle timer is ON: inactive players will automatically lose when time's up. (requested by yoiyyy)\n|inactive|marugod97 has 60 seconds left.\n|inactive|marugod97 has 30 seconds left.\n|inactive|marugod97 has 20 seconds left.\n|inactive|marugod97 has 15 seconds left.\n|inactive|marugod97 has 10 seconds left.\n|inactive|marugod97 has 5 seconds left.\n|\n|t:|1776445980\n|teamsize|p1|4\n|teamsize|p2|4\n|start\n|switch|p1a: Luki&Matt|Kangaskhan, L50, F|100/100\n|switch|p1b: Pterodactyl|Aerodactyl, L50, F|100/100\n|switch|p2a: Abomasnow|Abomasnow, L50, M, shiny|100/100\n|switch|p2b: Glaceon|Glaceon, L50, F, shiny|100/100\n|-ability|p1b: Pterodactyl|Unnerve\n|-weather|Snowscape|[from] ability: Snow Warning|[of] p2a: Abomasnow\n|turn|1\n|inactive|marugod97 has 30 seconds left.\n|inactive|yoiyyy has 30 seconds left.\n|inactive|marugod97 has 20 seconds left.\n|inactive|marugod97 has 15 seconds left.\n|inactive|marugod97 has 10 seconds left.\n|inactive|marugod97 has 5 seconds left.\n|\n|t:|1776446031\n|switch|p2a: Farigiraf|Farigiraf, L50, M, shiny|100/100\n|move|p1a: Luki&Matt|Fake Out||[still]\n|cant|p2a: Farigiraf|ability: Armor Tail|Fake Out|[of] p1a: Luki&Matt\n|move|p1b: Pterodactyl|Taunt|p2a: Farigiraf\n|-start|p2a: Farigiraf|move: Taunt\n|move|p2b: Glaceon|Blizzard|p1a: Luki&Matt|[spread] p1a,p1b\n|-supereffective|p1b: Pterodactyl|1\n|-damage|p1a: Luki&Matt|56/100\n|-enditem|p1b: Pterodactyl|Focus Sash\n|-damage|p1b: Pterodactyl|1/100\n|\n|-weather|Snowscape|[upkeep]\n|upkeep\n|turn|2\n|inactive|marugod97 has 30 seconds left.\n|\n|t:|1776446062\n|switch|p2a: Abomasnow|Abomasnow, L50, M, shiny|100/100\n|detailschange|p1a: Luki&Matt|Kangaskhan-Mega, L50, F\n|-mega|p1a: Luki&Matt|Kangaskhan|Kangaskhanite\n|move|p1b: Pterodactyl|Rock Slide|p2b: Glaceon|[spread] p2a\n|-miss|p1b: Pterodactyl|p2b: Glaceon\n|-supereffective|p2a: Abomasnow|1\n|-damage|p2a: Abomasnow|67/100\n|move|p1a: Luki&Matt|Double-Edge|p2a: Abomasnow\n|-damage|p2a: Abomasnow|27/100\n|-damage|p2a: Abomasnow|17/100\n|-hitcount|p2a: Abomasnow|2\n|-damage|p1a: Luki&Matt|38/100|[from] Recoil\n|move|p2b: Glaceon|Blizzard|p1b: Pterodactyl|[spread] p1a,p1b\n|-supereffective|p1b: Pterodactyl|1\n|-damage|p1a: Luki&Matt|0 fnt\n|-damage|p1b: Pterodactyl|0 fnt\n|faint|p1a: Luki&Matt\n|faint|p1b: Pterodactyl\n|\n|-weather|Snowscape|[upkeep]\n|upkeep\n|\n|t:|1776446078\n|switch|p1b: Ariel|Milotic, L50, F|100/100\n|switch|p1a: K|Sneasler, L50, F, shiny|100/100\n|turn|3\n|\n|t:|1776446103\n|switch|p2a: Farigiraf|Farigiraf, L50, M, shiny|100/100\n|move|p1a: K|Fake Out||[still]\n|cant|p2a: Farigiraf|ability: Armor Tail|Fake Out|[of] p1a: K\n|move|p1b: Ariel|Muddy Water|p2a: Farigiraf|[spread] p2a\n|-miss|p1b: Ariel|p2b: Glaceon\n|-damage|p2a: Farigiraf|78/100\n|-unboost|p2a: Farigiraf|accuracy|1\n|move|p2b: Glaceon|Freeze-Dry|p1b: Ariel\n|-supereffective|p1b: Ariel|1\n|-damage|p1b: Ariel|49/100\n|-enditem|p1b: Ariel|Sitrus Berry|[eat]\n|-heal|p1b: Ariel|74/100|[from] item: Sitrus Berry\n|\n|-weather|Snowscape|[upkeep]\n|upkeep\n|turn|4\n|inactive|yoiyyy has 30 seconds left.\n|inactive|yoiyyy has 20 seconds left.\n|inactive|yoiyyy has 15 seconds left.\n|\n|t:|1776446145\n|move|p2b: Glaceon|Detect|p2b: Glaceon\n|-singleturn|p2b: Glaceon|Protect\n|move|p1a: K|Dire Claw|p2b: Glaceon\n|-activate|p2b: Glaceon|move: Protect\n|move|p1b: Ariel|Muddy Water|p2b: Glaceon|[spread] p2a\n|-activate|p2b: Glaceon|move: Protect\n|-damage|p2a: Farigiraf|55/100\n|-unboost|p2a: Farigiraf|accuracy|1\n|move|p2a: Farigiraf|Trick Room|p2a: Farigiraf\n|-fieldstart|move: Trick Room|[of] p2a: Farigiraf\n|\n|-weather|Snowscape|[upkeep]\n|upkeep\n|turn|5\n|inactive|yoiyyy has 30 seconds left.\n|\n|t:|1776446178\n|move|p2a: Farigiraf|Psychic Fangs|p1a: K\n|-supereffective|p1a: K|2\n|-damage|p1a: K|0 fnt\n|faint|p1a: K\n|move|p2b: Glaceon|Blizzard|p1b: Ariel\n|-resisted|p1b: Ariel|1\n|-damage|p1b: Ariel|54/100\n|move|p1b: Ariel|Muddy Water|p2b: Glaceon|[spread] p2b\n|-miss|p1b: Ariel|p2a: Farigiraf\n|-damage|p2b: Glaceon|78/100\n|-unboost|p2b: Glaceon|accuracy|1\n|\n|-weather|none\n|-heal|p2b: Glaceon|84/100|[from] item: Leftovers\n|upkeep\n|turn|6\n|-message|marugod97 forfeited.\n|\n|win|yoiyyy\n|raw|marugod97's rating: 1120 &rarr; <strong>1093</strong><br />(-27 for losing)\n|raw|yoiyyy's rating: 1088 &rarr; <strong>1117</strong><br />(+29 for winning)\n|l|\u2606marugod97\n|player|p1|\n|c|\u2606yoiyyy|gg\n",
  "uploadtime": 1776446956,
  "views": 37,
  "formatid": "gen9championsvgc2026regma",
  "rating": 1093,
  "private": 0,
  "password": null
}