{
  "id": "gen9championsvgc2026regma-2585471171",
  "format": "[Gen 9 Champions] VGC 2026 Reg M-A",
  "players": [
    "evokenz",
    "BRich24rulz"
  ],
  "log": "|j|\u2606evokenz\n|j|\u2606BRich24rulz\n|t:|1776349490\n|gametype|doubles\n|player|p1|evokenz|101|1156\n|player|p2|BRich24rulz|266|1174\n|gen|9\n|tier|[Gen 9 Champions] VGC 2026 Reg M-A\n|rated|\n|rule|Species Clause: Limit one of each Pok\u00e9mon\n|rule|Item Clause: Limit 1 of each item\n|clearpoke\n|poke|p1|Scizor, L50, M|\n|poke|p1|Basculegion, L50, M|\n|poke|p1|Aegislash, L50, M|\n|poke|p1|Kommo-o, L50, M|\n|poke|p1|Garchomp, L50, M|\n|poke|p1|Rotom-Wash, L50|\n|poke|p2|Floette-Eternal, L50, F|\n|poke|p2|Aggron, L50, F|\n|poke|p2|Aerodactyl, L50, M|\n|poke|p2|Sneasler, L50, F|\n|poke|p2|Incineroar, L50, M|\n|poke|p2|Basculegion, L50, M|\n|teampreview|4\n|inactive|Battle timer is ON: inactive players will automatically lose when time's up. (requested by BRich24rulz)\nevokenz has agreed to open team sheets.\nBRich24rulz rejected open team sheets.\n|inactive|evokenz has 60 seconds left.\n|\n|t:|1776349542\n|teamsize|p1|4\n|teamsize|p2|4\n|start\n|switch|p1a: Aegislash|Aegislash, L50, M|100/100\n|switch|p1b: Rotom|Rotom-Wash, L50|100/100\n|switch|p2a: Aerodactyl|Aerodactyl, L50, M|100/100\n|switch|p2b: Sneasler|Sneasler, L50, F|100/100\n|-ability|p2a: Aerodactyl|Unnerve\n|turn|1\n|\n|t:|1776349562\n|move|p1b: Rotom|Volt Switch|p2a: Aerodactyl\n|-supereffective|p2a: Aerodactyl|1\n|-damage|p2a: Aerodactyl|11/100\n|\n|t:|1776349570\n|switch|p1b: Scizor|Scizor, L50, M|100/100|[from] Volt Switch\n|move|p2a: Aerodactyl|Tailwind|p2a: Aerodactyl\n|-sidestart|p2: BRich24rulz|move: Tailwind\n|move|p2b: Sneasler|Close Combat|p1b: Scizor\n|-damage|p1b: Scizor|37/100\n|-unboost|p2b: Sneasler|def|1\n|-unboost|p2b: Sneasler|spd|1\n|-enditem|p2b: Sneasler|White Herb\n|-clearnegativeboost|p2b: Sneasler|[silent]\n|-formechange|p1a: Aegislash|Aegislash-Blade|\n|move|p1a: Aegislash|Poltergeist||[still]\n|-fail|p1a: Aegislash\n|\n|upkeep\n|turn|2\n|inactive|BRich24rulz has 30 seconds left.\n|\n|t:|1776349602\n|detailschange|p1b: Scizor|Scizor-Mega, L50, M\n|-mega|p1b: Scizor|Scizor|Scizorite\n|move|p2a: Aerodactyl|Protect|p2a: Aerodactyl\n|-singleturn|p2a: Aerodactyl|Protect\n|move|p1b: Scizor|Bullet Punch|p2a: Aerodactyl\n|-activate|p2a: Aerodactyl|move: Protect\n|move|p2b: Sneasler|Close Combat|p1b: Scizor\n|-damage|p1b: Scizor|0 fnt\n|-unboost|p2b: Sneasler|def|1\n|-unboost|p2b: Sneasler|spd|1\n|faint|p1b: Scizor\n|move|p1a: Aegislash|Iron Head|p2b: Sneasler\n|-damage|p2b: Sneasler|0 fnt\n|faint|p2b: Sneasler\n|\n|upkeep\n|inactive|BRich24rulz has 30 seconds left.\n|\n|t:|1776349632\n|switch|p2b: Aggron|Aggron, L50, F|100/100\n|switch|p1b: Rotom|Rotom-Wash, L50|100/100\n|turn|3\n|\n|t:|1776349651\n|detailschange|p2b: Aggron|Aggron-Mega, L50, F\n|-mega|p2b: Aggron|Aggron|Aggronite\n|-formechange|p1a: Aegislash|Aegislash|\n|move|p1a: Aegislash|King's Shield|p1a: Aegislash\n|-singleturn|p1a: Aegislash|Protect\n|move|p2a: Aerodactyl|Rock Slide|p1a: Aegislash|[spread] p1b\n|-activate|p1a: Aegislash|move: Protect\n|-damage|p1b: Rotom|70/100\n|move|p1b: Rotom|Volt Switch|p2a: Aerodactyl\n|-supereffective|p2a: Aerodactyl|1\n|-damage|p2a: Aerodactyl|0 fnt\n|faint|p2a: Aerodactyl\n|\n|t:|1776349662\n|switch|p1b: Kommo-o|Kommo-o, L50, M|100/100|[from] Volt Switch\n|move|p2b: Aggron|Iron Defense|p2b: Aggron\n|-boost|p2b: Aggron|def|2\n|\n|upkeep\n|\n|t:|1776349668\n|switch|p2a: Basculegion|Basculegion, L50, M|100/100\n|turn|4\n|\n|t:|1776349684\n|move|p1b: Kommo-o|Protect|p1b: Kommo-o\n|-singleturn|p1b: Kommo-o|Protect\n|move|p2a: Basculegion|Last Respects|p1a: Aegislash\n|-supereffective|p1a: Aegislash|1\n|-damage|p1a: Aegislash|0 fnt\n|faint|p1a: Aegislash\n|move|p2b: Aggron|Body Press|p1b: Kommo-o\n|-activate|p1b: Kommo-o|move: Protect\n|\n|-sideend|p2: BRich24rulz|move: Tailwind\n|upkeep\n|\n|t:|1776349694\n|switch|p1a: Rotom|Rotom-Wash, L50|70/100\n|turn|5\n|\n|t:|1776349703\n|move|p1a: Rotom|Thunderbolt|p2a: Basculegion\n|-supereffective|p2a: Basculegion|1\n|-damage|p2a: Basculegion|11/100\n|-status|p2a: Basculegion|par\n|move|p1b: Kommo-o|Aura Sphere|p2b: Aggron\n|-supereffective|p2b: Aggron|1\n|-damage|p2b: Aggron|58/100\n|move|p2a: Basculegion|Last Respects|p1a: Rotom\n|-damage|p1a: Rotom|0 fnt\n|faint|p1a: Rotom\n|move|p2b: Aggron|Body Press|p1b: Kommo-o\n|-damage|p1b: Kommo-o|40/100\n|\n|-heal|p1b: Kommo-o|46/100|[from] item: Leftovers\n|upkeep\n|turn|6\n|\n|t:|1776349722\n|move|p2b: Aggron|Protect|p2b: Aggron\n|-singleturn|p2b: Aggron|Protect\n|move|p1b: Kommo-o|Clanging Scales|p2a: Basculegion|[spread] p2a\n|-activate|p2b: Aggron|move: Protect\n|-damage|p2a: Basculegion|0 fnt\n|faint|p2a: Basculegion\n|-unboost|p1b: Kommo-o|def|1\n|\n|-heal|p1b: Kommo-o|52/100|[from] item: Leftovers\n|upkeep\n|turn|7\n|\n|t:|1776349733\n|move|p1b: Kommo-o|Aura Sphere|p2b: Aggron\n|-supereffective|p2b: Aggron|1\n|-damage|p2b: Aggron|16/100\n|move|p2b: Aggron|Body Press|p1b: Kommo-o\n|-damage|p1b: Kommo-o|0 fnt\n|faint|p1b: Kommo-o\n|\n|win|BRich24rulz\n|raw|evokenz's rating: 1156 &rarr; <strong>1132</strong><br />(-24 for losing)\n|raw|BRich24rulz's rating: 1174 &rarr; <strong>1198</strong><br />(+24 for winning)\n",
  "uploadtime": 1776349734,
  "views": 25,
  "formatid": "gen9championsvgc2026regma",
  "rating": 1132,
  "private": 0,
  "password": null
}