{
  "id": "gen9championsvgc2026regma-2589434946",
  "format": "[Gen 9 Champions] VGC 2026 Reg M-A",
  "players": [
    "Lidan's Ligma",
    "Bazmac636"
  ],
  "log": "|j|\u2606Lidan's Ligma\n|j|\u2606Bazmac636\n|t:|1776722688\n|gametype|doubles\n|player|p1|Lidan's Ligma|crasherwake|1050\n|player|p2|Bazmac636|266|1147\n|gen|9\n|tier|[Gen 9 Champions] VGC 2026 Reg M-A\n|rated|\n|rule|Species Clause: Limit one of each Pok\u00e9mon\n|rule|Item Clause: Limit 1 of each item\n|clearpoke\n|poke|p1|Aerodactyl, L50, F|\n|poke|p1|Sinistcha-Masterpiece, L50|\n|poke|p1|Sneasler, L50, F|\n|poke|p1|Incineroar, L50, M|\n|poke|p1|Floette-Eternal, L50, F|\n|poke|p1|Charizard, L50, F|\n|poke|p2|Gardevoir, L50, F|\n|poke|p2|Garchomp, L50, F|\n|poke|p2|Charizard, L50, F|\n|poke|p2|Venusaur, L50, F|\n|poke|p2|Whimsicott, L50, F|\n|poke|p2|Sneasler, L50, M|\n|teampreview|4\n|inactive|Battle timer is ON: inactive players will automatically lose when time's up. (requested by Bazmac636)\n|\n|t:|1776722722\n|teamsize|p1|4\n|teamsize|p2|4\n|start\n|switch|p1a: Charizard|Charizard, L50, F|100/100\n|switch|p1b: Aerodactyl|Aerodactyl, L50, F|100/100\n|switch|p2a: Whimsicott|Whimsicott, L50, F|100/100\n|switch|p2b: Gardevoir|Gardevoir, L50, F|100/100\n|-ability|p2b: Gardevoir|Rock Head|Trace|[from] ability: Trace|[of] p1b: Aerodactyl\n|turn|1\n|\n|t:|1776722738\n|detailschange|p1a: Charizard|Charizard-Mega-Y, L50, F\n|-mega|p1a: Charizard|Charizard|Charizardite Y\n|-weather|SunnyDay|[from] ability: Drought|[of] p1a: Charizard\n|detailschange|p2b: Gardevoir|Gardevoir-Mega, L50, F\n|-mega|p2b: Gardevoir|Gardevoir|Gardevoirite\n|move|p2a: Whimsicott|Fake Tears|p1a: Charizard\n|-unboost|p1a: Charizard|spd|2\n|move|p1b: Aerodactyl|Tailwind|p1b: Aerodactyl\n|-sidestart|p1: Lidan's Ligma|move: Tailwind\n|move|p1a: Charizard|Heat Wave|p2b: Gardevoir|[spread] p2a,p2b\n|-supereffective|p2a: Whimsicott|1\n|-crit|p2a: Whimsicott\n|-enditem|p2a: Whimsicott|Focus Sash\n|-damage|p2a: Whimsicott|1/100\n|-damage|p2b: Gardevoir|35/100\n|move|p2b: Gardevoir|Hyper Voice|p1a: Charizard|[spread] p1a,p1b\n|-resisted|p1a: Charizard|1\n|-damage|p1a: Charizard|40/100\n|-damage|p1b: Aerodactyl|24/100\n|\n|-weather|SunnyDay|[upkeep]\n|upkeep\n|turn|2\n|\n|t:|1776722763\n|switch|p1a: Sinistcha|Sinistcha-Masterpiece, L50|100/100\n|-heal|p1b: Aerodactyl|49/100|[from] ability: Hospitality|[of] p1a: Sinistcha\n|move|p2a: Whimsicott|Tailwind|p2a: Whimsicott\n|-sidestart|p2: Bazmac636|move: Tailwind\n|move|p1b: Aerodactyl|Rock Slide|p2b: Gardevoir|[spread] p2a,p2b\n|-crit|p2b: Gardevoir\n|-damage|p2a: Whimsicott|0 fnt\n|-damage|p2b: Gardevoir|0 fnt\n|faint|p2a: Whimsicott\n|faint|p2b: Gardevoir\n|\n|-weather|SunnyDay|[upkeep]\n|upkeep\n|\n|t:|1776722774\n|switch|p2a: Garchomp|Garchomp, L50, F|100/100\n|switch|p2b: Sneasler|Sneasler, L50, M|100/100\n|turn|3\n|inactive|Lidan's Ligma has 30 seconds left.\n|\n|t:|1776722800\n|switch|p1a: Incineroar|Incineroar, L50, M|100/100\n|-ability|p1a: Incineroar|Intimidate|boost\n|-unboost|p2a: Garchomp|atk|1\n|-unboost|p2b: Sneasler|atk|1\n|-enditem|p2b: Sneasler|White Herb\n|-clearnegativeboost|p2b: Sneasler|[silent]\n|move|p2b: Sneasler|Close Combat|p1b: Aerodactyl\n|-damage|p1b: Aerodactyl|0 fnt\n|-unboost|p2b: Sneasler|def|1\n|-unboost|p2b: Sneasler|spd|1\n|faint|p1b: Aerodactyl\n|move|p2a: Garchomp|Rock Slide|p1a: Incineroar\n|-supereffective|p1a: Incineroar|1\n|-damage|p1a: Incineroar|70/100\n|\n|-weather|SunnyDay|[upkeep]\n|upkeep\n|\n|t:|1776722816\n|switch|p1b: Sinistcha|Sinistcha-Masterpiece, L50|100/100\n|-heal|p1a: Incineroar|95/100|[from] ability: Hospitality|[of] p1b: Sinistcha\n|turn|4\n|\n|t:|1776722831\n|move|p2b: Sneasler|Protect|p2b: Sneasler\n|-singleturn|p2b: Sneasler|Protect\n|move|p2a: Garchomp|Protect|p2a: Garchomp\n|-singleturn|p2a: Garchomp|Protect\n|move|p1b: Sinistcha|Matcha Gotcha|p2a: Garchomp|[spread] \n|-activate|p2a: Garchomp|move: Protect\n|-activate|p2b: Sneasler|move: Protect\n|move|p1a: Incineroar|Parting Shot|p2b: Sneasler\n|-activate|p2b: Sneasler|move: Protect\n|\n|-weather|SunnyDay|[upkeep]\n|-sideend|p1: Lidan's Ligma|move: Tailwind\n|upkeep\n|turn|5\n|\n|t:|1776722848\n|move|p2b: Sneasler|Close Combat|p1a: Incineroar\n|-supereffective|p1a: Incineroar|1\n|-damage|p1a: Incineroar|0 fnt\n|-unboost|p2b: Sneasler|def|1\n|-unboost|p2b: Sneasler|spd|1\n|faint|p1a: Incineroar\n|move|p2a: Garchomp|Rock Slide|p1b: Sinistcha\n|-damage|p1b: Sinistcha|85/100\n|move|p1b: Sinistcha|Matcha Gotcha|p2b: Sneasler|[spread] p2a,p2b\n|-resisted|p2b: Sneasler|1\n|-damage|p2a: Garchomp|74/100\n|-heal|p1b: Sinistcha|99/100|[from] drain|[of] p2a: Garchomp\n|-damage|p2b: Sneasler|70/100\n|-heal|p1b: Sinistcha|100/100|[from] drain|[of] p2b: Sneasler\n|\n|-weather|none\n|-sideend|p2: Bazmac636|move: Tailwind\n|upkeep\n|\n|t:|1776722863\n|switch|p1a: Charizard|Charizard-Mega-Y, L50, F|40/100\n|-weather|SunnyDay|[from] ability: Drought|[of] p1a: Charizard\n|turn|6\n|\n|t:|1776722871\n|move|p1b: Sinistcha|Rage Powder|p1b: Sinistcha\n|-singleturn|p1b: Sinistcha|move: Rage Powder\n|move|p2b: Sneasler|Dire Claw|p1b: Sinistcha\n|-damage|p1b: Sinistcha|66/100\n|move|p2a: Garchomp|Rock Slide|p1b: Sinistcha|[spread] p1a,p1b\n|-supereffective|p1a: Charizard|2\n|-damage|p1a: Charizard|0 fnt\n|-damage|p1b: Sinistcha|54/100\n|faint|p1a: Charizard\n|\n|-weather|SunnyDay|[upkeep]\n|-heal|p1b: Sinistcha|61/100|[from] item: Leftovers\n|upkeep\n|turn|7\n|\n|t:|1776722886\n|move|p2b: Sneasler|Dire Claw|p1b: Sinistcha\n|-damage|p1b: Sinistcha|24/100\n|-status|p1b: Sinistcha|psn\n|move|p2a: Garchomp|Dragon Claw|p1b: Sinistcha\n|-damage|p1b: Sinistcha|1/100 psn\n|move|p1b: Sinistcha|Matcha Gotcha|p2a: Garchomp|[spread] p2a,p2b\n|-resisted|p2b: Sneasler|1\n|-damage|p2a: Garchomp|44/100\n|-heal|p1b: Sinistcha|17/100 psn|[from] drain|[of] p2a: Garchomp\n|-damage|p2b: Sneasler|34/100\n|-heal|p1b: Sinistcha|33/100 psn|[from] drain|[of] p2b: Sneasler\n|-status|p2b: Sneasler|brn\n|-enditem|p2a: Garchomp|Sitrus Berry|[eat]\n|-heal|p2a: Garchomp|68/100|[from] item: Sitrus Berry\n|\n|-weather|SunnyDay|[upkeep]\n|-heal|p1b: Sinistcha|39/100 psn|[from] item: Leftovers\n|-damage|p1b: Sinistcha|26/100 psn|[from] psn\n|-damage|p2b: Sneasler|29/100 brn|[from] brn\n|upkeep\n|turn|8\n|\n|t:|1776722909\n|move|p2b: Sneasler|Dire Claw|p1b: Sinistcha\n|-damage|p1b: Sinistcha|9/100 psn\n|move|p2a: Garchomp|Dragon Claw|p1b: Sinistcha\n|-damage|p1b: Sinistcha|0 fnt\n|faint|p1b: Sinistcha\n|\n|win|Bazmac636\n|raw|Lidan&apos;s Ligma's rating: 1050 &rarr; <strong>1037</strong><br />(-13 for losing)\n|raw|Bazmac636's rating: 1147 &rarr; <strong>1165</strong><br />(+18 for winning)\n|l|\u2606Lidan's Ligma\n|player|p1|\n",
  "uploadtime": 1776722917,
  "views": 8,
  "formatid": "gen9championsvgc2026regma",
  "rating": 1037,
  "private": 0,
  "password": null
}