{
  "id": "gen9championsvgc2026regma-2588221351",
  "format": "[Gen 9 Champions] VGC 2026 Reg M-A",
  "players": [
    "Vinati",
    "bool asha"
  ],
  "log": "|j|\u2606Vinati\n|j|\u2606bool asha\n|t:|1776615640\n|gametype|doubles\n|player|p1|Vinati|bruno|1061\n|player|p2|bool asha|2|1067\n|gen|9\n|tier|[Gen 9 Champions] VGC 2026 Reg M-A\n|rated|\n|rule|Species Clause: Limit one of each Pok\u00e9mon\n|rule|Item Clause: Limit 1 of each item\n|clearpoke\n|poke|p1|Emboar, L50, M|\n|poke|p1|Gallade, L50, M, shiny|\n|poke|p1|Hydreigon, L50, M|\n|poke|p1|Empoleon, L50, F|\n|poke|p1|Sneasler, L50, M, shiny|\n|poke|p1|Whimsicott, L50, F|\n|poke|p2|Scovillain, L50, F|\n|poke|p2|Whimsicott, L50, F|\n|poke|p2|Klefki, L50, F|\n|poke|p2|Meowstic, L50, M|\n|poke|p2|Goodra-Hisui, L50, F|\n|poke|p2|Clefable, L50, F|\n|teampreview|4\n|inactive|Battle timer is ON: inactive players will automatically lose when time's up. (requested by bool asha)\n|\n|t:|1776615699\n|teamsize|p1|4\n|teamsize|p2|4\n|start\n|switch|p1a: Sneasler|Sneasler, L50, M, shiny|100/100\n|switch|p1b: Whimsicott|Whimsicott, L50, F|100/100\n|switch|p2a: Scovillain|Scovillain, L50, F|100/100\n|switch|p2b: Klefki|Klefki, L50, F|100/100\n|turn|1\n|inactive|Vinati has 30 seconds left.\n|inactive|bool asha has 30 seconds left.\n|\n|t:|1776615732\n|detailschange|p2a: Scovillain|Scovillain-Mega, L50, F\n|-mega|p2a: Scovillain|Scovillain|Scovillainite\n|move|p2a: Scovillain|Rage Powder|p2a: Scovillain\n|-singleturn|p2a: Scovillain|move: Rage Powder\n|move|p2b: Klefki|Iron Defense|p2b: Klefki\n|-boost|p2b: Klefki|def|2\n|move|p1a: Sneasler|Dire Claw|p2a: Scovillain\n|-supereffective|p2a: Scovillain|1\n|-damage|p2a: Scovillain|9/100\n|-status|p1a: Sneasler|brn|[from] ability: Spicy Spray|[of] p2a: Scovillain\n|move|p1b: Whimsicott|Moonblast|p2a: Scovillain\n|-resisted|p2a: Scovillain|1\n|-damage|p2a: Scovillain|0 fnt\n|-status|p1b: Whimsicott|brn|[from] ability: Spicy Spray|[of] p2a: Scovillain\n|faint|p2a: Scovillain\n|\n|-damage|p1a: Sneasler|95/100 brn|[from] brn\n|-damage|p1b: Whimsicott|95/100 brn|[from] brn\n|upkeep\n|\n|t:|1776615751\n|switch|p2a: Meowstic|Meowstic, L50, M|100/100\n|turn|2\n|\n|t:|1776615763\n|move|p2b: Klefki|Iron Defense|p2b: Klefki\n|-boost|p2b: Klefki|def|2\n|move|p2a: Meowstic|Psych Up|p2b: Klefki\n|-copyboost|p2a: Meowstic|p2b: Klefki|[from] move: Psych Up\n|move|p1a: Sneasler|Dire Claw|p2a: Meowstic\n|-damage|p2a: Meowstic|92/100\n|move|p1b: Whimsicott|Moonblast|p2a: Meowstic\n|-crit|p2a: Meowstic\n|-damage|p2a: Meowstic|50/100\n|\n|-damage|p1a: Sneasler|89/100 brn|[from] brn\n|-damage|p1b: Whimsicott|89/100 brn|[from] brn\n|upkeep\n|turn|3\n|inactive|bool asha has 30 seconds left.\n|\n|t:|1776615792\n|move|p2b: Klefki|Calm Mind|p2b: Klefki\n|-boost|p2b: Klefki|spa|1\n|-boost|p2b: Klefki|spd|1\n|move|p2a: Meowstic|Light Screen|p2a: Meowstic\n|-sidestart|p2: bool asha|move: Light Screen\n|move|p1a: Sneasler|Close Combat|p2b: Klefki\n|-crit|p2b: Klefki\n|-damage|p2b: Klefki|47/100\n|-unboost|p1a: Sneasler|def|1\n|-unboost|p1a: Sneasler|spd|1\n|-enditem|p2b: Klefki|Sitrus Berry|[eat]\n|-heal|p2b: Klefki|72/100|[from] item: Sitrus Berry\n|-enditem|p1a: Sneasler|White Herb\n|-clearnegativeboost|p1a: Sneasler|[silent]\n|move|p1b: Whimsicott|Moonblast|p2a: Meowstic\n|-damage|p2a: Meowstic|30/100\n|\n|-damage|p1a: Sneasler|83/100 brn|[from] brn\n|-damage|p1b: Whimsicott|83/100 brn|[from] brn\n|upkeep\n|turn|4\n|inactive|bool asha has 30 seconds left.\n|inactive|Vinati has 30 seconds left.\n|inactive|bool asha has 20 seconds left.\n|inactive|bool asha has 15 seconds left.\n|inactive|Vinati has 20 seconds left.\n|inactive|bool asha has 10 seconds left.\n|\n|t:|1776615840\n|move|p2b: Klefki|Calm Mind|p2b: Klefki\n|-boost|p2b: Klefki|spa|1\n|-boost|p2b: Klefki|spd|1\n|move|p2a: Meowstic|Psych Up|p2b: Klefki\n|-copyboost|p2a: Meowstic|p2b: Klefki|[from] move: Psych Up\n|move|p1a: Sneasler|Close Combat|p2a: Meowstic\n|-resisted|p2a: Meowstic|1\n|-damage|p2a: Meowstic|25/100\n|-unboost|p1a: Sneasler|def|1\n|-unboost|p1a: Sneasler|spd|1\n|move|p1b: Whimsicott|Moonblast|p2a: Meowstic\n|-damage|p2a: Meowstic|14/100\n|-unboost|p2a: Meowstic|spa|1\n|\n|-damage|p1a: Sneasler|77/100 brn|[from] brn\n|-damage|p1b: Whimsicott|77/100 brn|[from] brn\n|upkeep\n|turn|5\n|inactive|bool asha has 30 seconds left.\n|\n|t:|1776615869\n|switch|p1a: Gallade|Gallade, L50, M, shiny|100/100\n|move|p2a: Meowstic|Baton Pass|p2a: Meowstic\n|\n|t:|1776615873\n|switch|p2a: Goodra|Goodra-Hisui, L50, F|100/100|[from] Baton Pass\n|move|p1b: Whimsicott|Moonblast|p2a: Goodra\n|-damage|p2a: Goodra|92/100\n|move|p2b: Klefki|Draining Kiss|p1b: Whimsicott\n|-damage|p1b: Whimsicott|29/100 brn\n|-heal|p2b: Klefki|100/100|[from] drain|[of] p1b: Whimsicott\n|\n|-heal|p2a: Goodra|97/100|[from] item: Leftovers\n|-damage|p1b: Whimsicott|23/100 brn|[from] brn\n|upkeep\n|turn|6\n|\n|t:|1776615894\n|detailschange|p1a: Gallade|Gallade-Mega, L50, M, shiny\n|-mega|p1a: Gallade|Gallade|Galladite\n|move|p1b: Whimsicott|Moonblast|p2a: Goodra\n|-damage|p2a: Goodra|89/100\n|move|p1a: Gallade|Sacred Sword|p2a: Goodra\n|-supereffective|p2a: Goodra|1\n|-damage|p2a: Goodra|0 fnt\n|faint|p2a: Goodra\n|move|p2b: Klefki|Draining Kiss|p1b: Whimsicott\n|-damage|p1b: Whimsicott|0 fnt\n|faint|p1b: Whimsicott\n|\n|upkeep\n|\n|t:|1776615906\n|switch|p1b: Empoleon|Empoleon, L50, F|100/100\n|switch|p2a: Meowstic|Meowstic, L50, M|14/100\n|turn|7\n|inactive|Vinati has 30 seconds left.\n|\n|t:|1776615932\n|move|p2a: Meowstic|Psych Up|p2b: Klefki\n|-copyboost|p2a: Meowstic|p2b: Klefki|[from] move: Psych Up\n|move|p1a: Gallade|Sacred Sword|p2b: Klefki\n|-damage|p2b: Klefki|29/100\n|move|p2b: Klefki|Stored Power|p1a: Gallade\n|-damage|p1a: Gallade|38/100\n|move|p1b: Empoleon|Flash Cannon|p2a: Meowstic\n|-damage|p2a: Meowstic|2/100\n|\n|-sideend|p2: bool asha|move: Light Screen\n|upkeep\n|turn|8\n|\n|t:|1776615950\n|move|p1a: Gallade|Sacred Sword|p2b: Klefki\n|-damage|p2b: Klefki|0 fnt\n|faint|p2b: Klefki\n|move|p2a: Meowstic|Stored Power|p1a: Gallade\n|-crit|p1a: Gallade\n|-damage|p1a: Gallade|0 fnt\n|faint|p1a: Gallade\n|move|p1b: Empoleon|Flash Cannon|p2a: Meowstic\n|-damage|p2a: Meowstic|0 fnt\n|faint|p2a: Meowstic\n|\n|win|Vinati\n|raw|Vinati's rating: 1061 &rarr; <strong>1092</strong><br />(+31 for winning)\n|raw|bool asha's rating: 1067 &rarr; <strong>1047</strong><br />(-20 for losing)\n|l|\u2606bool asha\n|player|p2|\n",
  "uploadtime": 1776615969,
  "views": 15,
  "formatid": "gen9championsvgc2026regma",
  "rating": 1047,
  "private": 0,
  "password": null
}