{
  "id": "gen9championsvgc2026regma-2582843539",
  "format": "[Gen 9 Champions] VGC 2026 Reg M-A",
  "players": [
    "Exulvos",
    "KOTONOHOUSE"
  ],
  "log": "|j|\u2606Exulvos\n|j|\u2606KOTONOHOUSE\n|t:|1776118452\n|gametype|doubles\n|player|p1|Exulvos|101|1228\n|player|p2|KOTONOHOUSE|emmet|1145\n|gen|9\n|tier|[Gen 9 Champions] VGC 2026 Reg M-A\n|rated|\n|rule|Species Clause: Limit one of each Pok\u00e9mon\n|rule|Item Clause: Limit 1 of each item\n|clearpoke\n|poke|p1|Aggron, L50, F|\n|poke|p1|Farigiraf, L50, F|\n|poke|p1|Sinistcha, L50|\n|poke|p1|Tyranitar, L50, F|\n|poke|p1|Golurk, L50|\n|poke|p1|Incineroar, L50, F|\n|poke|p2|Whimsicott, L50, F|\n|poke|p2|Incineroar, L50, F|\n|poke|p2|Kingambit, L50, M|\n|poke|p2|Arcanine-Hisui, L50, F|\n|poke|p2|Floette-Eternal, L50, F|\n|poke|p2|Garchomp, L50, M|\n|teampreview|4\n|inactive|Battle timer is ON: inactive players will automatically lose when time's up. (requested by KOTONOHOUSE)\n|inactive|KOTONOHOUSE has 60 seconds left.\n|\n|t:|1776118485\n|teamsize|p1|4\n|teamsize|p2|4\n|start\n|switch|p1a: Aggron|Aggron, L50, F|100/100\n|switch|p1b: Farigiraf|Farigiraf, L50, F|100/100\n|switch|p2a: Floette|Floette-Eternal, L50, F|100/100\n|switch|p2b: Arcanine|Arcanine-Hisui, L50, F|100/100\n|-ability|p2b: Arcanine|Intimidate|boost\n|-unboost|p1a: Aggron|atk|1\n|-unboost|p1b: Farigiraf|atk|1\n|turn|1\n|\n|t:|1776118497\n|detailschange|p2a: Floette|Floette-Mega, L50, F\n|-mega|p2a: Floette|Floette|Floettite\n|-ability|p2a: Floette|Fairy Aura\n|detailschange|p1a: Aggron|Aggron-Mega, L50, F\n|-mega|p1a: Aggron|Aggron|Aggronite\n|move|p2a: Floette|Protect|p2a: Floette\n|-singleturn|p2a: Floette|Protect\n|move|p2b: Arcanine|Flare Blitz|p1a: Aggron\n|-supereffective|p1a: Aggron|1\n|-damage|p1a: Aggron|63/100\n|-damage|p2b: Arcanine|88/100|[from] Recoil\n|move|p1a: Aggron|Iron Defense|p1a: Aggron\n|-boost|p1a: Aggron|def|2\n|move|p1b: Farigiraf|Trick Room|p1b: Farigiraf\n|-fieldstart|move: Trick Room|[of] p1b: Farigiraf\n|\n|upkeep\n|turn|2\n|\n|t:|1776118524\n|move|p1a: Aggron|Heavy Slam|p2a: Floette\n|-supereffective|p2a: Floette|1\n|-damage|p2a: Floette|35/100\n|move|p1b: Farigiraf|Light Screen|p1b: Farigiraf\n|-sidestart|p1: Exulvos|move: Light Screen\n|move|p2a: Floette|Light of Ruin|p1a: Aggron|[miss]\n|-miss|p2a: Floette|p1a: Aggron\n|move|p2b: Arcanine|Flare Blitz|p1b: Farigiraf\n|-damage|p1b: Farigiraf|49/100\n|-damage|p2b: Arcanine|67/100|[from] Recoil\n|\n|upkeep\n|turn|3\n|\n|t:|1776118540\n|move|p2a: Floette|Protect|p2a: Floette\n|-singleturn|p2a: Floette|Protect\n|move|p1a: Aggron|Heavy Slam|p2a: Floette\n|-activate|p2a: Floette|move: Protect\n|move|p1b: Farigiraf|Psychic|p2b: Arcanine\n|-damage|p2b: Arcanine|14/100\n|move|p2b: Arcanine|Flare Blitz|p1b: Farigiraf\n|-crit|p1b: Farigiraf\n|-damage|p1b: Farigiraf|0 fnt\n|faint|p1b: Farigiraf\n|-damage|p2b: Arcanine|0 fnt|[from] Recoil\n|faint|p2b: Arcanine\n|\n|upkeep\n|\n|t:|1776118556\n|switch|p1b: Sinistcha|Sinistcha, L50|100/100\n|switch|p2b: Garchomp|Garchomp, L50, M|100/100\n|-heal|p1a: Aggron|87/100|[from] ability: Hospitality|[of] p1b: Sinistcha\n|turn|4\n|\n|t:|1776118567\n|switch|p2a: Kingambit|Kingambit, L50, M|100/100\n|move|p1a: Aggron|Heavy Slam|p2a: Kingambit\n|-resisted|p2a: Kingambit|1\n|-damage|p2a: Kingambit|90/100\n|move|p1b: Sinistcha|Matcha Gotcha|p2b: Garchomp|[spread] p2b\n|-miss|p1b: Sinistcha|p2a: Kingambit\n|-damage|p2b: Garchomp|72/100\n|move|p2b: Garchomp|Stomping Tantrum|p1a: Aggron\n|-supereffective|p1a: Aggron|1\n|-damage|p1a: Aggron|74/100\n|\n|upkeep\n|turn|5\n|\n|t:|1776118582\n|move|p2a: Kingambit|Brick Break|p1a: Aggron\n|-sideend|p1: Exulvos|move: Light Screen\n|-supereffective|p1a: Aggron|1\n|-damage|p1a: Aggron|63/100\n|move|p1a: Aggron|Iron Defense|p1a: Aggron\n|-boost|p1a: Aggron|def|2\n|move|p1b: Sinistcha|Life Dew||[still]|[spread] p1a,p1b\n|-heal|p1a: Aggron|89/100\n|-fail|p1b: Sinistcha|heal\n|move|p2b: Garchomp|Stomping Tantrum|p1a: Aggron\n|-supereffective|p1a: Aggron|1\n|-damage|p1a: Aggron|80/100\n|\n|-fieldend|move: Trick Room\n|upkeep\n|turn|6\n|\n|t:|1776118596\n|move|p2b: Garchomp|Dragon Claw|p1b: Sinistcha\n|-damage|p1b: Sinistcha|70/100\n|move|p1a: Aggron|Body Press|p2a: Kingambit|[miss]\n|-miss|p1a: Aggron|p2a: Kingambit\n|move|p2a: Kingambit|Kowtow Cleave|p1b: Sinistcha\n|-supereffective|p1b: Sinistcha|1\n|-damage|p1b: Sinistcha|0 fnt\n|faint|p1b: Sinistcha\n|\n|upkeep\n|\n|t:|1776118605\n|switch|p1b: Incineroar|Incineroar, L50, F|100/100\n|-ability|p1b: Incineroar|Intimidate|boost\n|-unboost|p2a: Kingambit|atk|1\n|-ability|p2a: Kingambit|Defiant|boost\n|-boost|p2a: Kingambit|atk|2\n|-unboost|p2b: Garchomp|atk|1\n|turn|7\n|\n|t:|1776118616\n|move|p2b: Garchomp|Protect|p2b: Garchomp\n|-singleturn|p2b: Garchomp|Protect\n|move|p2a: Kingambit|Protect|p2a: Kingambit\n|-singleturn|p2a: Kingambit|Protect\n|move|p1b: Incineroar|Fake Out|p2b: Garchomp\n|-activate|p2b: Garchomp|move: Protect\n|move|p1a: Aggron|Body Press|p2a: Kingambit\n|-activate|p2a: Kingambit|move: Protect\n|\n|upkeep\n|turn|8\n|\n|t:|1776118641\n|move|p2b: Garchomp|Stomping Tantrum|p1b: Incineroar\n|-supereffective|p1b: Incineroar|1\n|-damage|p1b: Incineroar|48/100\n|-enditem|p1b: Incineroar|Sitrus Berry|[eat]\n|-heal|p1b: Incineroar|73/100|[from] item: Sitrus Berry\n|move|p1b: Incineroar|Flare Blitz|p2a: Kingambit\n|-supereffective|p2a: Kingambit|1\n|-damage|p2a: Kingambit|26/100\n|-damage|p1b: Incineroar|51/100|[from] Recoil\n|move|p2a: Kingambit|Brick Break|p1b: Incineroar\n|-supereffective|p1b: Incineroar|1\n|-damage|p1b: Incineroar|0 fnt\n|faint|p1b: Incineroar\n|move|p1a: Aggron|Body Press|p2b: Garchomp\n|-damage|p2b: Garchomp|0 fnt\n|-damage|p1a: Aggron|68/100|[from] ability: Rough Skin|[of] p2b: Garchomp\n|faint|p2b: Garchomp\n|\n|upkeep\n|\n|t:|1776118656\n|switch|p2b: Floette|Floette-Mega, L50, F|35/100\n|-ability|p2b: Floette|Fairy Aura\n|turn|9\n|\n|t:|1776118665\n|move|p2b: Floette|Light of Ruin|p1a: Aggron\n|-resisted|p1a: Aggron|1\n|-damage|p1a: Aggron|14/100\n|-damage|p2b: Floette|5/100|[from] Recoil\n|move|p1a: Aggron|Body Press|p2a: Kingambit\n|-supereffective|p2a: Kingambit|2\n|-damage|p2a: Kingambit|0 fnt\n|faint|p2a: Kingambit\n|\n|upkeep\n|turn|10\n|c|\u2606KOTONOHOUSE|gg\n|\n|t:|1776118674\n|move|p2b: Floette|Dazzling Gleam|p1a: Aggron\n|-resisted|p1a: Aggron|1\n|-damage|p1a: Aggron|0 fnt\n|faint|p1a: Aggron\n|\n|win|KOTONOHOUSE\n|raw|Exulvos's rating: 1228 &rarr; <strong>1197</strong><br />(-31 for losing)\n|raw|KOTONOHOUSE's rating: 1145 &rarr; <strong>1176</strong><br />(+31 for winning)\n|l|\u2606Exulvos\n|player|p1|\n",
  "uploadtime": 1776118687,
  "views": 15,
  "formatid": "gen9championsvgc2026regma",
  "rating": 1176,
  "private": 0,
  "password": null
}