{
  "id": "gen9championsvgc2026regma-2585244176",
  "format": "[Gen 9 Champions] VGC 2026 Reg M-A",
  "players": [
    "txpxyy",
    "GringleBerry"
  ],
  "log": "|j|\u2606txpxyy\n|j|\u2606GringleBerry\n|t:|1776329265\n|gametype|doubles\n|player|p1|txpxyy|marshal|1084\n|player|p2|GringleBerry|102|1102\n|gen|9\n|tier|[Gen 9 Champions] VGC 2026 Reg M-A\n|rated|\n|rule|Species Clause: Limit one of each Pok\u00e9mon\n|rule|Item Clause: Limit 1 of each item\n|clearpoke\n|poke|p1|Milotic, L50, F|\n|poke|p1|Arcanine-Hisui, L50, F|\n|poke|p1|Lopunny, L50, M|\n|poke|p1|Dragapult, L50, M|\n|poke|p1|Whimsicott, L50, F|\n|poke|p1|Corviknight, L50, F|\n|poke|p2|Gallade, L50, M|\n|poke|p2|Maushold-Four, L50|\n|poke|p2|Aerodactyl, L50, M|\n|poke|p2|Archaludon, L50, F|\n|poke|p2|Incineroar, L50, F|\n|poke|p2|Meganium, L50, F|\n|teampreview|4\n|\n|t:|1776329301\n|teamsize|p1|4\n|teamsize|p2|4\n|start\n|switch|p1a: Milotic|Milotic, L50, F|100/100\n|switch|p1b: Bunn|Lopunny, L50, M, shiny|100/100\n|switch|p2a: Gallade|Gallade, L50, M|100/100\n|switch|p2b: Aerodactyl|Aerodactyl, L50, M|100/100\n|-ability|p2b: Aerodactyl|Unnerve\n|turn|1\n|\n|t:|1776329327\n|detailschange|p1b: Bunn|Lopunny-Mega, L50, M, shiny\n|-mega|p1b: Bunn|Lopunny|Lopunnite\n|detailschange|p2a: Gallade|Gallade-Mega, L50, M\n|-mega|p2a: Gallade|Gallade|Galladite\n|move|p1b: Bunn|Fake Out|p2b: Aerodactyl\n|-resisted|p2b: Aerodactyl|1\n|-damage|p2b: Aerodactyl|82/100\n|cant|p2b: Aerodactyl|flinch\n|move|p2a: Gallade|Sacred Sword|p1b: Bunn\n|-supereffective|p1b: Bunn|1\n|-damage|p1b: Bunn|0 fnt\n|faint|p1b: Bunn\n|move|p1a: Milotic|Scald|p2b: Aerodactyl\n|-supereffective|p2b: Aerodactyl|1\n|-damage|p2b: Aerodactyl|0 fnt\n|faint|p2b: Aerodactyl\n|\n|upkeep\n|\n|t:|1776329345\n|switch|p2b: Incineroar|Incineroar, L50, F|100/100\n|switch|p1b: Corviknight|Corviknight, L50, F|100/100\n|-ability|p2b: Incineroar|Intimidate|boost\n|-unboost|p1a: Milotic|atk|1\n|-ability|p1a: Milotic|Competitive|boost\n|-boost|p1a: Milotic|spa|2\n|-unboost|p1b: Corviknight|atk|1\n|-ability|p1b: Corviknight|Pressure\n|turn|2\n|\n|t:|1776329389\n|move|p2b: Incineroar|Fake Out|p1b: Corviknight\n|-resisted|p1b: Corviknight|1\n|-damage|p1b: Corviknight|96/100\n|move|p2a: Gallade|Sacred Sword|p1a: Milotic\n|-damage|p1a: Milotic|50/100\n|-enditem|p1a: Milotic|Sitrus Berry|[eat]\n|-heal|p1a: Milotic|75/100|[from] item: Sitrus Berry\n|move|p1a: Milotic|Scald|p2b: Incineroar\n|-supereffective|p2b: Incineroar|1\n|-damage|p2b: Incineroar|0 fnt\n|faint|p2b: Incineroar\n|cant|p1b: Corviknight|flinch\n|\n|-heal|p1b: Corviknight|100/100|[from] item: Leftovers\n|upkeep\n|\n|t:|1776329405\n|switch|p2b: Maushold|Maushold-Four, L50|100/100\n|turn|3\n|\n|t:|1776329444\n|switch|p1b: Cotton|Whimsicott, L50, F, shiny|100/100\n|move|p1a: Milotic|Protect|p1a: Milotic\n|-singleturn|p1a: Milotic|Protect\n|move|p2b: Maushold|Taunt|p1b: Cotton\n|-start|p1b: Cotton|move: Taunt\n|move|p2a: Gallade|Sacred Sword|p1b: Cotton\n|-resisted|p1b: Cotton|1\n|-damage|p1b: Cotton|70/100\n|\n|upkeep\n|turn|4\n|\n|t:|1776329476\n|move|p2b: Maushold|Encore|p1a: Milotic\n|-start|p1a: Milotic|Encore\n|move|p1a: Milotic|Protect||[still]\n|-fail|p1a: Milotic\n|move|p2a: Gallade|Zen Headbutt|p1b: Cotton\n|-damage|p1b: Cotton|9/100\n|move|p1b: Cotton|U-turn|p2a: Gallade\n|-damage|p2a: Gallade|90/100\n|\n|t:|1776329484\n|switch|p1b: Corviknight|Corviknight, L50, F|100/100|[from] U-turn\n|-ability|p1b: Corviknight|Pressure\n|\n|upkeep\n|turn|5\n|\n|t:|1776329508\n|move|p1a: Milotic|Protect|p1a: Milotic\n|-singleturn|p1a: Milotic|Protect\n|move|p2b: Maushold|Taunt|p1b: Corviknight\n|-start|p1b: Corviknight|move: Taunt\n|move|p2a: Gallade|Sacred Sword|p1b: Corviknight\n|-damage|p1b: Corviknight|57/100\n|cant|p1b: Corviknight|move: Taunt|Tailwind\n|\n|-heal|p1b: Corviknight|63/100|[from] item: Leftovers\n|upkeep\n|turn|6\n|\n|t:|1776329536\n|switch|p1a: Cotton|Whimsicott, L50, F, shiny|9/100\n|move|p2b: Maushold|Beat Up|p1a: Cotton\n|-resisted|p1a: Cotton|1\n|-damage|p1a: Cotton|8/100\n|-resisted|p1a: Cotton|1\n|-damage|p1a: Cotton|6/100\n|-hitcount|p1a: Cotton|2\n|move|p2a: Gallade|Sacred Sword|p1a: Cotton\n|-resisted|p1a: Cotton|1\n|-damage|p1a: Cotton|0 fnt\n|faint|p1a: Cotton\n|move|p1b: Corviknight|Iron Head|p2b: Maushold\n|-damage|p2b: Maushold|64/100\n|\n|-heal|p1b: Corviknight|69/100|[from] item: Leftovers\n|upkeep\n|\n|t:|1776329549\n|switch|p1a: Milotic|Milotic, L50, F|75/100\n|turn|7\n|\n|t:|1776329575\n|move|p2b: Maushold|Protect|p2b: Maushold\n|-singleturn|p2b: Maushold|Protect\n|move|p2a: Gallade|Protect|p2a: Gallade\n|-singleturn|p2a: Gallade|Protect\n|move|p1a: Milotic|Scald|p2b: Maushold\n|-activate|p2b: Maushold|move: Protect\n|move|p1b: Corviknight|Brave Bird|p2a: Gallade\n|-activate|p2a: Gallade|move: Protect\n|\n|-heal|p1b: Corviknight|74/100|[from] item: Leftovers\n|-end|p1b: Corviknight|move: Taunt\n|upkeep\n|turn|8\n|\n|t:|1776329606\n|move|p2b: Maushold|Taunt|p1b: Corviknight\n|-start|p1b: Corviknight|move: Taunt\n|move|p2a: Gallade|Sacred Sword|p1b: Corviknight\n|-damage|p1b: Corviknight|33/100\n|move|p1a: Milotic|Scald|p2b: Maushold\n|-damage|p2b: Maushold|19/100\n|-status|p2b: Maushold|brn\n|move|p1b: Corviknight|Brave Bird|p2a: Gallade\n|-supereffective|p2a: Gallade|1\n|-damage|p2a: Gallade|9/100\n|-damage|p1b: Corviknight|10/100|[from] Recoil\n|\n|-heal|p1b: Corviknight|16/100|[from] item: Leftovers\n|-damage|p2b: Maushold|13/100 brn|[from] brn\n|upkeep\n|turn|9\n|\n|t:|1776329655\n|move|p1a: Milotic|Protect|p1a: Milotic\n|-singleturn|p1a: Milotic|Protect\n|move|p2b: Maushold|Taunt|p1a: Milotic\n|-activate|p1a: Milotic|move: Protect\n|move|p2a: Gallade|Sacred Sword|p1a: Milotic\n|-activate|p1a: Milotic|move: Protect\n|move|p1b: Corviknight|Iron Head|p2a: Gallade\n|-damage|p2a: Gallade|0 fnt\n|faint|p2a: Gallade\n|\n|-heal|p1b: Corviknight|22/100|[from] item: Leftovers\n|-damage|p2b: Maushold|7/100 brn|[from] brn\n|upkeep\n|turn|10\n|-message|GringleBerry forfeited.\n|\n|win|txpxyy\n|raw|txpxyy's rating: 1084 &rarr; <strong>1113</strong><br />(+29 for winning)\n|raw|GringleBerry's rating: 1102 &rarr; <strong>1076</strong><br />(-26 for losing)\n|l|\u2606GringleBerry\n|player|p2|\n",
  "uploadtime": 1776329694,
  "views": 27,
  "formatid": "gen9championsvgc2026regma",
  "rating": 1076,
  "private": 0,
  "password": null
}