{
  "id": "gen9championsvgc2026regma-2588199970",
  "format": "[Gen 9 Champions] VGC 2026 Reg M-A",
  "players": [
    "Markiito18",
    "babulbi"
  ],
  "log": "|j|\u2606Markiito18\n|j|\u2606babulbi\n|t:|1776613789\n|gametype|doubles\n|player|p1|Markiito18|rood|1343\n|player|p2|babulbi|1|1321\n|gen|9\n|tier|[Gen 9 Champions] VGC 2026 Reg M-A\n|rated|\n|rule|Species Clause: Limit one of each Pok\u00e9mon\n|rule|Item Clause: Limit 1 of each item\n|clearpoke\n|poke|p1|Farigiraf, L50, F, shiny|\n|poke|p1|Sylveon, L50, F, shiny|\n|poke|p1|Hydreigon, L50, F, shiny|\n|poke|p1|Aegislash, L50, F, shiny|\n|poke|p1|Slowking-Galar, L50, F, shiny|\n|poke|p1|Lopunny, L50, M, shiny|\n|poke|p2|Tinkaton, L50, F|\n|poke|p2|Glimmora, L50, F|\n|poke|p2|Tyranitar, L50, F|\n|poke|p2|Garchomp, L50, F|\n|poke|p2|Incineroar, L50, F|\n|poke|p2|Corviknight, L50, M|\n|teampreview|4\n|inactive|Battle timer is ON: inactive players will automatically lose when time's up. (requested by babulbi)\n|inactive|Markiito18 has 60 seconds left.\n|inactive|Markiito18 has 30 seconds left.\n|inactive|Markiito18 has 20 seconds left.\n|inactive|Markiito18 has 15 seconds left.\n|inactive|Markiito18 has 10 seconds left.\n|inactive|Markiito18 has 5 seconds left.\n|\n|t:|1776613879\n|teamsize|p1|4\n|teamsize|p2|4\n|start\n|switch|p1a: Sylveon|Sylveon, L50, F, shiny|100/100\n|switch|p1b: Aegislash|Aegislash, L50, F, shiny|100/100\n|switch|p2a: Tinkaton|Tinkaton, L50, F|100/100\n|switch|p2b: Glimmora|Glimmora, L50, F|100/100\n|-ability|p2a: Tinkaton|Mold Breaker\n|turn|1\n|\n|t:|1776613894\n|detailschange|p2b: Glimmora|Glimmora-Mega, L50, F\n|-mega|p2b: Glimmora|Glimmora|Glimmoranite\n|move|p1a: Sylveon|Protect|p1a: Sylveon\n|-singleturn|p1a: Sylveon|Protect\n|move|p2a: Tinkaton|Fake Out|p1a: Sylveon\n|-activate|p1a: Sylveon|move: Protect\n|move|p2b: Glimmora|Earth Power|p1b: Aegislash\n|-supereffective|p1b: Aegislash|1\n|-damage|p1b: Aegislash|38/100\n|-unboost|p1b: Aegislash|spd|1\n|-formechange|p1b: Aegislash|Aegislash-Blade|\n|move|p1b: Aegislash|Shadow Ball|p2b: Glimmora\n|-damage|p2b: Glimmora|48/100\n|-unboost|p2b: Glimmora|spd|1\n|\n|-heal|p1b: Aegislash|44/100|[from] item: Leftovers\n|upkeep\n|turn|2\n|inactive|Markiito18 has 30 seconds left.\n|\n|t:|1776613919\n|switch|p1a: Hydreigon|Hydreigon, L50, F, shiny|100/100\n|move|p2b: Glimmora|Earth Power|p1b: Aegislash\n|-supereffective|p1b: Aegislash|1\n|-damage|p1b: Aegislash|0 fnt\n|faint|p1b: Aegislash\n|move|p2a: Tinkaton|Gigaton Hammer|p1a: Hydreigon\n|-damage|p1a: Hydreigon|45/100\n|\n|upkeep\n|\n|t:|1776613930\n|switch|p1b: Lopunny|Lopunny, L50, M, shiny|100/100\n|turn|3\n|\n|t:|1776613950\n|switch|p2b: Tyranitar|Tyranitar, L50, F|100/100\n|-weather|Sandstorm|[from] ability: Sand Stream|[of] p2b: Tyranitar\n|detailschange|p1b: Lopunny|Lopunny-Mega, L50, M, shiny\n|-mega|p1b: Lopunny|Lopunny|Lopunnite\n|move|p1b: Lopunny|Close Combat|p2b: Tyranitar\n|-supereffective|p2b: Tyranitar|2\n|-enditem|p2b: Tyranitar|Chople Berry|[eat]\n|-enditem|p2b: Tyranitar|Chople Berry|[weaken]\n|-damage|p2b: Tyranitar|0 fnt\n|-unboost|p1b: Lopunny|def|1\n|-unboost|p1b: Lopunny|spd|1\n|faint|p2b: Tyranitar\n|move|p1a: Hydreigon|Earth Power|p2a: Tinkaton\n|-supereffective|p2a: Tinkaton|1\n|-damage|p2a: Tinkaton|42/100\n|-enditem|p2a: Tinkaton|Sitrus Berry|[eat]\n|-heal|p2a: Tinkaton|67/100|[from] item: Sitrus Berry\n|move|p2a: Tinkaton|Thunder Wave|p1b: Lopunny\n|-status|p1b: Lopunny|par\n|\n|-weather|Sandstorm|[upkeep]\n|-damage|p1a: Hydreigon|39/100|[from] Sandstorm\n|-damage|p1b: Lopunny|94/100 par|[from] Sandstorm\n|upkeep\n|\n|t:|1776613968\n|switch|p2b: Garchomp|Garchomp, L50, F|100/100\n|turn|4\n|\n|t:|1776613993\n|switch|p1a: Sylveon|Sylveon, L50, F, shiny|100/100\n|move|p2a: Tinkaton|Helping Hand|p2b: Garchomp\n|-singleturn|p2b: Garchomp|Helping Hand|[of] p2a: Tinkaton\n|move|p2b: Garchomp|Rock Slide|p1a: Sylveon|[spread] p1a,p1b\n|-resisted|p1b: Lopunny|1\n|-damage|p1a: Sylveon|70/100\n|-damage|p1b: Lopunny|66/100 par\n|move|p1b: Lopunny|Encore|p2b: Garchomp|[miss]\n|-miss|p1b: Lopunny|p2b: Garchomp\n|\n|-weather|Sandstorm|[upkeep]\n|-damage|p1b: Lopunny|60/100 par|[from] Sandstorm\n|-damage|p1a: Sylveon|64/100|[from] Sandstorm\n|upkeep\n|turn|5\n|inactive|Markiito18 has 30 seconds left.\n|inactive|Markiito18 has 20 seconds left.\n|inactive|Markiito18 has 15 seconds left.\n|inactive|Markiito18 has 10 seconds left.\n|\n|t:|1776614041\n|move|p2b: Garchomp|Rock Slide|p1b: Lopunny|[spread] p1a,p1b\n|-resisted|p1b: Lopunny|1\n|-damage|p1a: Sylveon|45/100\n|-damage|p1b: Lopunny|41/100 par\n|move|p2a: Tinkaton|Gigaton Hammer|p1a: Sylveon\n|-supereffective|p1a: Sylveon|1\n|-damage|p1a: Sylveon|0 fnt\n|faint|p1a: Sylveon\n|move|p1b: Lopunny|Close Combat|p2a: Tinkaton\n|-damage|p2a: Tinkaton|1/100\n|-unboost|p1b: Lopunny|def|1\n|-unboost|p1b: Lopunny|spd|1\n|\n|-weather|Sandstorm|[upkeep]\n|-damage|p1b: Lopunny|35/100 par|[from] Sandstorm\n|upkeep\n|\n|t:|1776614050\n|switch|p1a: Hydreigon|Hydreigon, L50, F, shiny|39/100\n|turn|6\n|\n|t:|1776614058\n|move|p2a: Tinkaton|Helping Hand|p2b: Garchomp\n|-singleturn|p2b: Garchomp|Helping Hand|[of] p2a: Tinkaton\n|move|p2b: Garchomp|Rock Slide|p1b: Lopunny|[spread] p1a,p1b\n|-resisted|p1b: Lopunny|1\n|-damage|p1a: Hydreigon|9/100\n|-damage|p1b: Lopunny|1/100 par\n|move|p1a: Hydreigon|Draco Meteor|p2b: Garchomp\n|-supereffective|p2b: Garchomp|1\n|-damage|p2b: Garchomp|0 fnt\n|-unboost|p1a: Hydreigon|spa|2\n|faint|p2b: Garchomp\n|move|p1b: Lopunny|Close Combat|p2a: Tinkaton\n|-damage|p2a: Tinkaton|0 fnt\n|-unboost|p1b: Lopunny|def|1\n|-unboost|p1b: Lopunny|spd|1\n|faint|p2a: Tinkaton\n|\n|-weather|Sandstorm|[upkeep]\n|-damage|p1a: Hydreigon|3/100|[from] Sandstorm\n|-damage|p1b: Lopunny|0 fnt|[from] Sandstorm\n|faint|p1b: Lopunny\n|upkeep\n|\n|t:|1776614072\n|switch|p2b: Glimmora|Glimmora-Mega, L50, F|48/100\n|turn|7\n|\n|t:|1776614076\n|move|p2b: Glimmora|Spiky Shield|p2b: Glimmora\n|-singleturn|p2b: Glimmora|move: Protect\n|move|p1a: Hydreigon|Earth Power|p2b: Glimmora\n|-activate|p2b: Glimmora|move: Protect\n|\n|-weather|none\n|upkeep\n|turn|8\n|\n|t:|1776614087\n|move|p1a: Hydreigon|Earth Power|p2b: Glimmora\n|-supereffective|p2b: Glimmora|2\n|-damage|p2b: Glimmora|0 fnt\n|faint|p2b: Glimmora\n|\n|win|Markiito18\n|raw|Markiito18's rating: 1343 &rarr; <strong>1362</strong><br />(+19 for winning)\n|raw|babulbi's rating: 1321 &rarr; <strong>1302</strong><br />(-19 for losing)\n|l|\u2606babulbi\n|player|p2|\n",
  "uploadtime": 1776614096,
  "views": 11,
  "formatid": "gen9championsvgc2026regma",
  "rating": 1302,
  "private": 0,
  "password": null
}