{
  "id": "gen9championsvgc2026regma-2584410367",
  "format": "[Gen 9 Champions] VGC 2026 Reg M-A",
  "players": [
    "Murphy's kitchen",
    "watdidyouexpect"
  ],
  "log": "|j|\u2606Murphy's kitchen\n|j|\u2606watdidyouexpect\n|t:|1776258880\n|gametype|doubles\n|player|p1|Murphy's kitchen|102|1235\n|player|p2|watdidyouexpect|101|1145\n|gen|9\n|tier|[Gen 9 Champions] VGC 2026 Reg M-A\n|rated|\n|rule|Species Clause: Limit one of each Pok\u00e9mon\n|rule|Item Clause: Limit 1 of each item\n|clearpoke\n|poke|p1|Ninetales-Alola, L50, M|\n|poke|p1|Glimmora, L50, M|\n|poke|p1|Aegislash, L50, F|\n|poke|p1|Gyarados, L50, F|\n|poke|p1|Kommo-o, L50, F|\n|poke|p1|Scovillain, L50, F|\n|poke|p2|Volcarona, L50, M|\n|poke|p2|Whimsicott, L50, M|\n|poke|p2|Kangaskhan, L50, F|\n|poke|p2|Palafin, L50, M|\n|poke|p2|Sinistcha, L50|\n|poke|p2|Tyranitar, L50, F|\n|teampreview|4\n|inactive|Battle timer is ON: inactive players will automatically lose when time's up. (requested by watdidyouexpect)\n|inactive|watdidyouexpect has 60 seconds left.\n|\n|t:|1776258916\n|teamsize|p1|4\n|teamsize|p2|4\n|start\n|switch|p1a: Glimmora|Glimmora, L50, M|100/100\n|switch|p1b: Kommo-o|Kommo-o, L50, F|100/100\n|switch|p2a: Kangaskhan|Kangaskhan, L50, F|100/100\n|switch|p2b: Palafin|Palafin, L50, M|100/100\n|turn|1\n|\n|t:|1776258933\n|switch|p1a: Gyarados|Gyarados, L50, F|100/100\n|-ability|p1a: Gyarados|Intimidate|boost\n|-fail|p2a: Kangaskhan|unboost|Attack|[from] ability: Scrappy|[of] p2a: Kangaskhan\n|-unboost|p2b: Palafin|atk|1\n|detailschange|p2a: Kangaskhan|Kangaskhan-Mega, L50, F\n|-mega|p2a: Kangaskhan|Kangaskhan|Kangaskhanite\n|move|p2a: Kangaskhan|Fake Out|p1b: Kommo-o\n|-damage|p1b: Kommo-o|82/100\n|-damage|p1b: Kommo-o|77/100\n|-hitcount|p1b: Kommo-o|2\n|move|p2b: Palafin|Wave Crash|p1a: Gyarados\n|-resisted|p1a: Gyarados|1\n|-damage|p1a: Gyarados|85/100\n|-damage|p2b: Palafin|95/100|[from] Recoil\n|cant|p1b: Kommo-o|flinch\n|\n|-heal|p1b: Kommo-o|83/100|[from] item: Leftovers\n|upkeep\n|turn|2\n|inactive|Murphy's kitchen has 30 seconds left.\n|inactive|watdidyouexpect has 30 seconds left.\n|inactive|Murphy's kitchen has 20 seconds left.\n|\n|t:|1776258969\n|move|p1b: Kommo-o|Protect|p1b: Kommo-o\n|-singleturn|p1b: Kommo-o|Protect\n|move|p2a: Kangaskhan|Double-Edge|p1b: Kommo-o\n|-activate|p1b: Kommo-o|move: Protect\n|move|p2b: Palafin|Ice Punch|p1b: Kommo-o\n|-activate|p1b: Kommo-o|move: Protect\n|move|p1a: Gyarados|Thunder Wave|p2a: Kangaskhan\n|-status|p2a: Kangaskhan|par\n|\n|-heal|p1b: Kommo-o|89/100|[from] item: Leftovers\n|upkeep\n|turn|3\n|\n|t:|1776258990\n|detailschange|p2b: Palafin|Palafin-Hero, L50, M\n|switch|p2b: Sinistcha|Sinistcha, L50|100/100\n|switch|p1b: Glimmora|Glimmora, L50, M|100/100\n|move|p2a: Kangaskhan|Protect|p2a: Kangaskhan\n|-singleturn|p2a: Kangaskhan|Protect\n|move|p1a: Gyarados|Power Whip|p2b: Sinistcha\n|-resisted|p2b: Sinistcha|1\n|-damage|p2b: Sinistcha|88/100\n|\n|upkeep\n|turn|4\n|inactive|Murphy's kitchen has 30 seconds left.\n|\n|t:|1776259016\n|switch|p1a: Scovillain|Scovillain, L50, F|100/100\n|move|p1b: Glimmora|Sludge Bomb|p2b: Sinistcha\n|-damage|p2b: Sinistcha|21/100\n|-status|p2b: Sinistcha|psn\n|move|p2a: Kangaskhan|Drain Punch|p1b: Glimmora\n|-damage|p1b: Glimmora|67/100\n|-activate|p1b: Glimmora|ability: Toxic Debris\n|-sidestart|p2: watdidyouexpect|move: Toxic Spikes\n|-damage|p1b: Glimmora|59/100\n|-activate|p1b: Glimmora|ability: Toxic Debris\n|-sidestart|p2: watdidyouexpect|move: Toxic Spikes\n|-hitcount|p1b: Glimmora|2\n|move|p2b: Sinistcha|Trick Room|p2b: Sinistcha\n|-fieldstart|move: Trick Room|[of] p2b: Sinistcha\n|\n|-damage|p2b: Sinistcha|9/100 psn|[from] psn\n|upkeep\n|turn|5\n|inactive|Murphy's kitchen has 30 seconds left.\n|inactive|watdidyouexpect has 30 seconds left.\n|inactive|Murphy's kitchen has 20 seconds left.\n|inactive|Murphy's kitchen has 15 seconds left.\n|inactive|Murphy's kitchen has 10 seconds left.\n|inactive|Murphy's kitchen has 5 seconds left.\n|\n|t:|1776259066\n|switch|p2a: Tyranitar|Tyranitar, L50, F|100/100\n|-status|p2a: Tyranitar|tox\n|-weather|Sandstorm|[from] ability: Sand Stream|[of] p2a: Tyranitar\n|detailschange|p1a: Scovillain|Scovillain-Mega, L50, F\n|-mega|p1a: Scovillain|Scovillain|Scovillainite\n|move|p1a: Scovillain|Protect|p1a: Scovillain\n|-singleturn|p1a: Scovillain|Protect\n|move|p1b: Glimmora|Spiky Shield|p1b: Glimmora\n|-singleturn|p1b: Glimmora|move: Protect\n|move|p2b: Sinistcha|Matcha Gotcha|p1b: Glimmora|[spread] \n|-activate|p1a: Scovillain|move: Protect\n|-activate|p1b: Glimmora|move: Protect\n|\n|-weather|Sandstorm|[upkeep]\n|-damage|p2b: Sinistcha|3/100 psn|[from] Sandstorm\n|-damage|p1a: Scovillain|95/100|[from] Sandstorm\n|-damage|p2b: Sinistcha|0 fnt|[from] psn\n|faint|p2b: Sinistcha\n|-damage|p2a: Tyranitar|94/100 tox|[from] psn\n|upkeep\n|\n|t:|1776259080\n|switch|p2b: Kangaskhan|Kangaskhan-Mega, L50, F|100/100 par\n|turn|6\n|inactive|Murphy's kitchen has 30 seconds left.\n|inactive|watdidyouexpect has 30 seconds left.\n|\n|t:|1776259115\n|switch|p1a: Gyarados|Gyarados, L50, F|85/100\n|-ability|p1a: Gyarados|Intimidate|boost\n|-unboost|p2a: Tyranitar|atk|1\n|-unboost|p2b: Kangaskhan|atk|1\n|move|p2b: Kangaskhan|Drain Punch|p1b: Glimmora\n|-damage|p1b: Glimmora|39/100\n|-damage|p1b: Glimmora|34/100\n|-hitcount|p1b: Glimmora|2\n|move|p2a: Tyranitar|Rock Slide|p1a: Gyarados|[spread] p1a,p1b\n|-supereffective|p1a: Gyarados|1\n|-damage|p1a: Gyarados|45/100\n|-damage|p1b: Glimmora|9/100\n|-enditem|p1a: Gyarados|Sitrus Berry|[eat]\n|-heal|p1a: Gyarados|70/100|[from] item: Sitrus Berry\n|cant|p1b: Glimmora|flinch\n|\n|-weather|Sandstorm|[upkeep]\n|-damage|p2b: Kangaskhan|94/100 par|[from] Sandstorm\n|-damage|p1a: Gyarados|64/100|[from] Sandstorm\n|-damage|p2a: Tyranitar|82/100 tox|[from] psn\n|upkeep\n|turn|7\n|\n|t:|1776259139\n|switch|p1a: Kommo-o|Kommo-o, L50, F|89/100\n|move|p1b: Glimmora|Spiky Shield|p1b: Glimmora\n|-singleturn|p1b: Glimmora|move: Protect\n|move|p2b: Kangaskhan|Double-Edge|p1a: Kommo-o\n|-damage|p1a: Kommo-o|50/100\n|-damage|p1a: Kommo-o|40/100\n|-hitcount|p1a: Kommo-o|2\n|-damage|p2b: Kangaskhan|81/100 par|[from] Recoil\n|move|p2a: Tyranitar|Rock Slide|p1b: Glimmora|[spread] p1a\n|-activate|p1b: Glimmora|move: Protect\n|-resisted|p1a: Kommo-o|1\n|-damage|p1a: Kommo-o|29/100\n|\n|-weather|Sandstorm|[upkeep]\n|-damage|p2b: Kangaskhan|75/100 par|[from] Sandstorm\n|-damage|p1a: Kommo-o|24/100|[from] Sandstorm\n|-heal|p1a: Kommo-o|29/100|[from] item: Leftovers\n|-damage|p2a: Tyranitar|64/100 tox|[from] psn\n|upkeep\n|turn|8\n|\n|t:|1776259161\n|switch|p1b: Gyarados|Gyarados, L50, F|64/100\n|-ability|p1b: Gyarados|Intimidate|boost\n|-unboost|p2a: Tyranitar|atk|1\n|-unboost|p2b: Kangaskhan|atk|1\n|move|p1a: Kommo-o|Protect|p1a: Kommo-o\n|-singleturn|p1a: Kommo-o|Protect\n|move|p2b: Kangaskhan|Drain Punch|p1b: Gyarados\n|-resisted|p1b: Gyarados|1\n|-crit|p1b: Gyarados\n|-damage|p1b: Gyarados|47/100\n|-heal|p2b: Kangaskhan|84/100 par|[from] drain|[of] p1b: Gyarados\n|-resisted|p1b: Gyarados|1\n|-damage|p1b: Gyarados|46/100\n|-heal|p2b: Kangaskhan|85/100 par|[from] drain|[of] p1b: Gyarados\n|-hitcount|p1b: Gyarados|2\n|move|p2a: Tyranitar|Rock Slide|p1a: Kommo-o|[spread] \n|-activate|p1a: Kommo-o|move: Protect\n|-miss|p2a: Tyranitar|p1b: Gyarados\n|\n|-weather|Sandstorm|[upkeep]\n|-damage|p2b: Kangaskhan|79/100 par|[from] Sandstorm\n|-damage|p1b: Gyarados|40/100|[from] Sandstorm\n|-damage|p1a: Kommo-o|24/100|[from] Sandstorm\n|-heal|p1a: Kommo-o|29/100|[from] item: Leftovers\n|-damage|p2a: Tyranitar|40/100 tox|[from] psn\n|-fieldend|move: Trick Room\n|upkeep\n|turn|9\n|inactive|Murphy's kitchen has 30 seconds left.\n|inactive|watdidyouexpect has 30 seconds left.\n|inactive|Murphy's kitchen has 20 seconds left.\n|inactive|Murphy's kitchen has 15 seconds left.\n|inactive|Murphy's kitchen has 10 seconds left.\n|inactive|Murphy's kitchen has 5 seconds left.\n|\n|t:|1776259212\n|move|p1a: Kommo-o|Aura Sphere|p2b: Kangaskhan\n|-supereffective|p2b: Kangaskhan|1\n|-damage|p2b: Kangaskhan|9/100 par\n|move|p1b: Gyarados|Waterfall|p2a: Tyranitar\n|-supereffective|p2a: Tyranitar|1\n|-damage|p2a: Tyranitar|0 fnt\n|faint|p2a: Tyranitar\n|cant|p2b: Kangaskhan|par\n|\n|-weather|none\n|-heal|p1a: Kommo-o|35/100|[from] item: Leftovers\n|upkeep\n|\n|t:|1776259220\n|switch|p2a: Palafin|Palafin-Hero, L50, M|95/100\n|-status|p2a: Palafin|tox\n|-activate|p2a: Palafin|ability: Zero to Hero\n|turn|10\n|\n|t:|1776259231\n|switch|p1b: Glimmora|Glimmora, L50, M|9/100\n|move|p1a: Kommo-o|Protect|p1a: Kommo-o\n|-singleturn|p1a: Kommo-o|Protect\n|move|p2a: Palafin|Ice Punch|p1a: Kommo-o\n|-activate|p1a: Kommo-o|move: Protect\n|cant|p2b: Kangaskhan|par\n|\n|-heal|p1a: Kommo-o|41/100|[from] item: Leftovers\n|-damage|p2a: Palafin|89/100 tox|[from] psn\n|upkeep\n|turn|11\n|\n|t:|1776259253\n|switch|p1a: Gyarados|Gyarados, L50, F|40/100\n|-ability|p1a: Gyarados|Intimidate|boost\n|-unboost|p2a: Palafin|atk|1\n|-unboost|p2b: Kangaskhan|atk|1\n|move|p1b: Glimmora|Spiky Shield|p1b: Glimmora\n|-singleturn|p1b: Glimmora|move: Protect\n|move|p2a: Palafin|Ice Punch|p1a: Gyarados\n|-damage|p1a: Gyarados|22/100\n|move|p2b: Kangaskhan|Double-Edge|p1b: Glimmora\n|-activate|p1b: Glimmora|move: Protect\n|-damage|p2b: Kangaskhan|0 fnt|[from] Spiky Shield|[of] p1b: Glimmora\n|faint|p2b: Kangaskhan\n|\n|-damage|p2a: Palafin|76/100 tox|[from] psn\n|upkeep\n|turn|12\n|\n|t:|1776259274\n|move|p2a: Palafin|Ice Punch|p1b: Glimmora\n|-damage|p1b: Glimmora|0 fnt\n|faint|p1b: Glimmora\n|move|p1a: Gyarados|Power Whip|p2a: Palafin\n|-supereffective|p2a: Palafin|1\n|-damage|p2a: Palafin|0 fnt\n|faint|p2a: Palafin\n|\n|win|Murphy's kitchen\n|raw|Murphy&apos;s kitchen's rating: 1235 &rarr; <strong>1254</strong><br />(+19 for winning)\n|raw|watdidyouexpect's rating: 1145 &rarr; <strong>1126</strong><br />(-19 for losing)\n|l|\u2606watdidyouexpect\n|player|p2|\n",
  "uploadtime": 1776259289,
  "views": 32,
  "formatid": "gen9championsvgc2026regma",
  "rating": 1126,
  "private": 0,
  "password": null
}