{
  "id": "gen9championsvgc2026regma-2585049160",
  "format": "[Gen 9 Champions] VGC 2026 Reg M-A",
  "players": [
    "acrophobicavian",
    "BestPessoa"
  ],
  "log": "|j|\u2606acrophobicavian\n|j|\u2606BestPessoa\n|t:|1776306687\n|gametype|doubles\n|player|p1|acrophobicavian|colress-gen7|1130\n|player|p2|BestPessoa|cynthia-gen4|1134\n|gen|9\n|tier|[Gen 9 Champions] VGC 2026 Reg M-A\n|rated|\n|rule|Species Clause: Limit one of each Pok\u00e9mon\n|rule|Item Clause: Limit 1 of each item\n|clearpoke\n|poke|p1|Sableye, L50, M|\n|poke|p1|Gardevoir, L50, F|\n|poke|p1|Milotic, L50, F|\n|poke|p1|Sinistcha, L50|\n|poke|p1|Lucario, L50, M|\n|poke|p1|Rotom-Heat, L50|\n|poke|p2|Basculegion, L50, M|\n|poke|p2|Scizor, L50, F|\n|poke|p2|Meganium, L50, F|\n|poke|p2|Sneasler, L50, M|\n|poke|p2|Pelipper, L50, F|\n|poke|p2|Incineroar, L50, M|\n|teampreview|4\n|inactive|Battle timer is ON: inactive players will automatically lose when time's up. (requested by BestPessoa)\n|\n|t:|1776306718\n|teamsize|p1|4\n|teamsize|p2|4\n|start\n|switch|p1a: President|Sinistcha, L50|100/100\n|switch|p1b: MMMMM. BEEP.|Rotom-Heat, L50|100/100\n|switch|p2a: Incineroar|Incineroar, L50, M|100/100\n|switch|p2b: Pelipper|Pelipper, L50, F|100/100\n|-weather|RainDance|[from] ability: Drizzle|[of] p2b: Pelipper\n|-ability|p2a: Incineroar|Intimidate|boost\n|-unboost|p1a: President|atk|1\n|-unboost|p1b: MMMMM. BEEP.|atk|1\n|turn|1\n|inactive|acrophobicavian has 30 seconds left.\n|inactive|acrophobicavian has 20 seconds left.\n|\n|t:|1776306754\n|switch|p1b: Aurora|Milotic, L50, F|100/100\n|move|p2a: Incineroar|Fake Out|p1b: Aurora\n|-damage|p1b: Aurora|92/100\n|move|p2b: Pelipper|Tailwind|p2b: Pelipper\n|-sidestart|p2: BestPessoa|move: Tailwind\n|move|p1a: President|Trick Room|p1a: President\n|-fieldstart|move: Trick Room|[of] p1a: President\n|\n|-weather|RainDance|[upkeep]\n|-heal|p1b: Aurora|98/100|[from] item: Leftovers\n|upkeep\n|turn|2\n|inactive|BestPessoa has 30 seconds left.\n|\n|t:|1776306779\n|switch|p2a: Meganium|Meganium, L50, F|100/100\n|move|p1a: President|Matcha Gotcha|p2a: Meganium|[spread] p2a,p2b\n|-resisted|p2a: Meganium|1\n|-damage|p2a: Meganium|89/100\n|-damage|p2b: Pelipper|58/100\n|move|p1b: Aurora|Scald|p2a: Meganium\n|-resisted|p2a: Meganium|1\n|-damage|p2a: Meganium|70/100\n|move|p2b: Pelipper|Hurricane|p1a: President\n|-supereffective|p1a: President|1\n|-damage|p1a: President|0 fnt\n|faint|p1a: President\n|\n|-weather|RainDance|[upkeep]\n|-heal|p1b: Aurora|100/100|[from] item: Leftovers\n|upkeep\n|\n|t:|1776306795\n|switch|p1a: MMMMM. BEEP.|Rotom-Heat, L50|100/100\n|turn|3\n|inactive|acrophobicavian has 30 seconds left.\n|\n|t:|1776306822\n|switch|p2b: Basculegion|Basculegion, L50, M|100/100\n|detailschange|p2a: Meganium|Meganium-Mega, L50, F\n|-mega|p2a: Meganium|Meganium|Meganiumite\n|move|p1b: Aurora|Scald|p2a: Meganium\n|-resisted|p2a: Meganium|1\n|-damage|p2a: Meganium|52/100\n|move|p1a: MMMMM. BEEP.|Eerie Impulse|p2a: Meganium\n|-unboost|p2a: Meganium|spa|2\n|move|p2a: Meganium|Solar Beam||[still]\n|-prepare|p2a: Meganium|Solar Beam\n|-activate|p2a: Meganium|ability: Mega Sol\n|-anim|p2a: Meganium|Solar Beam|p1b: Aurora\n|-supereffective|p1b: Aurora|1\n|-damage|p1b: Aurora|47/100\n|\n|-weather|RainDance|[upkeep]\n|-heal|p1b: Aurora|54/100|[from] item: Leftovers\n|upkeep\n|turn|4\n|inactive|BestPessoa has 30 seconds left.\n|inactive|BestPessoa has 20 seconds left.\n|inactive|BestPessoa has 15 seconds left.\n|inactive|BestPessoa has 10 seconds left.\n|\n|t:|1776306867\n|switch|p2a: Pelipper|Pelipper, L50, F|58/100\n|switch|p2b: Incineroar|Incineroar, L50, M|100/100\n|-ability|p2b: Incineroar|Intimidate|boost\n|-unboost|p1a: MMMMM. BEEP.|atk|1\n|-unboost|p1b: Aurora|atk|1\n|-ability|p1b: Aurora|Competitive|boost\n|-boost|p1b: Aurora|spa|2\n|move|p1b: Aurora|Life Dew||[still]|[spread] p1a,p1b\n|-fail|p1a: MMMMM. BEEP.|heal\n|-heal|p1b: Aurora|79/100\n|move|p1a: MMMMM. BEEP.|Will-O-Wisp|p2b: Incineroar\n|-immune|p2b: Incineroar\n|\n|-weather|RainDance|[upkeep]\n|-heal|p1b: Aurora|85/100|[from] item: Leftovers\n|-sideend|p2: BestPessoa|move: Tailwind\n|upkeep\n|turn|5\n|\n|t:|1776306890\n|move|p2b: Incineroar|Fake Out|p1b: Aurora\n|-damage|p1b: Aurora|75/100\n|cant|p1b: Aurora|flinch\n|move|p2a: Pelipper|Weather Ball|p1a: MMMMM. BEEP.\n|-supereffective|p1a: MMMMM. BEEP.|1\n|-crit|p1a: MMMMM. BEEP.\n|-damage|p1a: MMMMM. BEEP.|0 fnt\n|faint|p1a: MMMMM. BEEP.\n|\n|-weather|none\n|-heal|p1b: Aurora|82/100|[from] item: Leftovers\n|-fieldend|move: Trick Room\n|upkeep\n|\n|t:|1776306900\n|switch|p1a: Pharaoh|Lucario, L50, M|100/100\n|turn|6\n|inactive|acrophobicavian has 30 seconds left.\n|inactive|BestPessoa has 30 seconds left.\n|inactive|acrophobicavian has 20 seconds left.\n|inactive|acrophobicavian has 15 seconds left.\n|inactive|acrophobicavian has 10 seconds left.\n|inactive|acrophobicavian has 5 seconds left.\n|\n|t:|1776306951\n|switch|p2b: Basculegion|Basculegion, L50, M|100/100\n|detailschange|p1a: Pharaoh|Lucario-Mega, L50, M\n|-mega|p1a: Pharaoh|Lucario|Lucarionite\n|move|p1a: Pharaoh|Rock Slide|p2b: Basculegion|[spread] p2a,p2b\n|-supereffective|p2a: Pelipper|1\n|-damage|p2a: Pelipper|4/100\n|-damage|p2b: Basculegion|76/100\n|cant|p2a: Pelipper|flinch\n|move|p1b: Aurora|Icy Wind|p2b: Basculegion|[spread] p2a,p2b\n|-resisted|p2b: Basculegion|1\n|-damage|p2a: Pelipper|0 fnt\n|-damage|p2b: Basculegion|65/100\n|-unboost|p2b: Basculegion|spe|1\n|faint|p2a: Pelipper\n|\n|-heal|p1b: Aurora|88/100|[from] item: Leftovers\n|upkeep\n|inactive|BestPessoa has 30 seconds left.\n|\n|t:|1776306982\n|switch|p2a: Meganium|Meganium-Mega, L50, F|52/100\n|turn|7\n|\n|t:|1776306991\n|switch|p2b: Incineroar|Incineroar, L50, M|100/100\n|-ability|p2b: Incineroar|Intimidate|boost\n|-unboost|p1a: Pharaoh|atk|1\n|-unboost|p1b: Aurora|atk|1\n|-ability|p1b: Aurora|Competitive|boost\n|-boost|p1b: Aurora|spa|2\n|move|p1a: Pharaoh|Protect|p1a: Pharaoh\n|-singleturn|p1a: Pharaoh|Protect\n|move|p2a: Meganium|Protect|p2a: Meganium\n|-singleturn|p2a: Meganium|Protect\n|move|p1b: Aurora|Icy Wind|p2a: Meganium|[spread] p2b\n|-activate|p2a: Meganium|move: Protect\n|-resisted|p2b: Incineroar|1\n|-damage|p2b: Incineroar|89/100\n|-unboost|p2b: Incineroar|spe|1\n|\n|-heal|p1b: Aurora|94/100|[from] item: Leftovers\n|upkeep\n|turn|8\n|\n|t:|1776307014\n|move|p2b: Incineroar|Fake Out|p1a: Pharaoh\n|-resisted|p1a: Pharaoh|1\n|-crit|p1a: Pharaoh\n|-damage|p1a: Pharaoh|90/100\n|cant|p1a: Pharaoh|flinch\n|move|p2a: Meganium|Weather Ball|p1a: Pharaoh\n|-supereffective|p1a: Pharaoh|1\n|-damage|p1a: Pharaoh|0 fnt\n|faint|p1a: Pharaoh\n|move|p1b: Aurora|Icy Wind|p2a: Meganium|[spread] p2a,p2b\n|-supereffective|p2a: Meganium|1\n|-resisted|p2b: Incineroar|1\n|-damage|p2a: Meganium|0 fnt\n|-damage|p2b: Incineroar|78/100\n|-unboost|p2b: Incineroar|spe|1\n|faint|p2a: Meganium\n|\n|-heal|p1b: Aurora|100/100|[from] item: Leftovers\n|upkeep\n|\n|t:|1776307030\n|switch|p2a: Basculegion|Basculegion, L50, M|65/100\n|turn|9\n|\n|t:|1776307040\n|move|p2a: Basculegion|Last Respects|p1b: Aurora\n|-damage|p1b: Aurora|23/100\n|move|p1b: Aurora|Scald|p2a: Basculegion\n|-resisted|p2a: Basculegion|1\n|-damage|p2a: Basculegion|20/100\n|move|p2b: Incineroar|Throat Chop|p1b: Aurora\n|-damage|p1b: Aurora|0 fnt\n|faint|p1b: Aurora\n|\n|win|BestPessoa\n|raw|acrophobicavian's rating: 1130 &rarr; <strong>1105</strong><br />(-25 for losing)\n|raw|BestPessoa's rating: 1134 &rarr; <strong>1159</strong><br />(+25 for winning)\n|l|\u2606acrophobicavian\n|player|p1|\n",
  "uploadtime": 1776307496,
  "views": 21,
  "formatid": "gen9championsvgc2026regma",
  "rating": 1105,
  "private": 0,
  "password": null
}