{
  "id": "gen9championsvgc2026regma-2588725759",
  "format": "[Gen 9 Champions] VGC 2026 Reg M-A",
  "players": [
    "magato123",
    "cammellio"
  ],
  "log": "|j|\u2606magato123\n|j|\u2606cammellio\n|t:|1776662495\n|gametype|doubles\n|player|p1|magato123|turo-ai|1042\n|player|p2|cammellio|170|1049\n|gen|9\n|tier|[Gen 9 Champions] VGC 2026 Reg M-A\n|rated|\n|rule|Species Clause: Limit one of each Pok\u00e9mon\n|rule|Item Clause: Limit 1 of each item\n|clearpoke\n|poke|p1|Gengar, L50, M|\n|poke|p1|Garchomp, L50, F|\n|poke|p1|Basculegion, L50, M|\n|poke|p1|Clefable, L50, F|\n|poke|p1|Sneasler, L50, F|\n|poke|p1|Sableye, L50, M|\n|poke|p2|Aerodactyl, L50, M|\n|poke|p2|Clefable, L50, M|\n|poke|p2|Gyarados, L50, M|\n|poke|p2|Corviknight, L50, F|\n|poke|p2|Gliscor, L50, F|\n|poke|p2|Rotom-Wash, L50|\n|teampreview|4\n|inactive|Battle timer is ON: inactive players will automatically lose when time's up. (requested by magato123)\nmagato123 rejected open team sheets.\n|c|\u2606cammellio|Hmmmmmmmm\n|inactive|cammellio has 60 seconds left.\n|\n|t:|1776662543\n|teamsize|p1|4\n|teamsize|p2|4\n|start\n|switch|p1a: Clefable|Clefable, L50, F|100/100\n|switch|p1b: Garchomp|Garchomp, L50, F|100/100\n|switch|p2a: Clefable|Clefable, L50, M|100/100\n|switch|p2b: Corviknight|Corviknight, L50, F|100/100\n|turn|1\n|\n|t:|1776662565\n|detailschange|p1b: Garchomp|Garchomp-Mega, L50, F\n|-mega|p1b: Garchomp|Garchomp|Garchompite\n|detailschange|p2a: Clefable|Clefable-Mega, L50, M\n|-mega|p2a: Clefable|Clefable|Clefablite\n|move|p1b: Garchomp|Rock Slide|p2a: Clefable|[spread] p2b\n|-miss|p1b: Garchomp|p2a: Clefable\n|-damage|p2b: Corviknight|85/100\n|move|p2a: Clefable|Moonblast|p1b: Garchomp\n|-supereffective|p1b: Garchomp|1\n|-damage|p1b: Garchomp|24/100\n|cant|p2b: Corviknight|flinch\n|move|p1a: Clefable|Icy Wind|p2b: Corviknight|[spread] p2a,p2b\n|-supereffective|p2a: Clefable|1\n|-damage|p2a: Clefable|89/100\n|-damage|p2b: Corviknight|77/100\n|-unboost|p2a: Clefable|spe|1\n|-ability|p2b: Corviknight|Mirror Armor\n|-unboost|p1a: Clefable|spe|1\n|\n|upkeep\n|turn|2\n|inactive|cammellio has 30 seconds left.\n|inactive|cammellio has 20 seconds left.\n|\n|t:|1776662600\n|move|p1b: Garchomp|Earthquake|p2a: Clefable|[spread] p1a\n|-immune|p2a: Clefable\n|-immune|p2b: Corviknight\n|-damage|p1a: Clefable|51/100\n|move|p2b: Corviknight|Bulk Up|p2b: Corviknight\n|-boost|p2b: Corviknight|atk|1\n|-boost|p2b: Corviknight|def|1\n|move|p2a: Clefable|Moonblast|p1b: Garchomp\n|-supereffective|p1b: Garchomp|1\n|-damage|p1b: Garchomp|0 fnt\n|faint|p1b: Garchomp\n|move|p1a: Clefable|Icy Wind|p2a: Clefable|[spread] p2b\n|-miss|p1a: Clefable|p2a: Clefable\n|-damage|p2b: Corviknight|69/100\n|-ability|p2b: Corviknight|Mirror Armor\n|-unboost|p1a: Clefable|spe|1\n|\n|-heal|p1a: Clefable|57/100|[from] item: Leftovers\n|upkeep\n|\n|t:|1776662601\n|switch|p1b: Basculegion|Basculegion, L50, M|100/100\n|turn|3\n|inactive|cammellio has 30 seconds left.\n|\n|t:|1776662635\n|switch|p2a: Gyarados|Gyarados, L50, M|100/100\n|-ability|p2a: Gyarados|Intimidate|boost\n|-unboost|p1a: Clefable|atk|1\n|-unboost|p1b: Basculegion|atk|1\n|move|p1a: Clefable|Follow Me|p1a: Clefable\n|-singleturn|p1a: Clefable|move: Follow Me\n|move|p1b: Basculegion|Last Respects|p2a: Gyarados\n|-damage|p2a: Gyarados|44/100\n|move|p2b: Corviknight|Roost|p2b: Corviknight\n|-heal|p2b: Corviknight|100/100\n|-singleturn|p2b: Corviknight|move: Roost\n|\n|-heal|p1a: Clefable|63/100|[from] item: Leftovers\n|upkeep\n|turn|4\n|\n|t:|1776662655\n|switch|p2a: Clefable|Clefable-Mega, L50, M|89/100\n|move|p1b: Basculegion|Last Respects|p2a: Clefable\n|-damage|p2a: Clefable|50/100\n|move|p2b: Corviknight|Bulk Up|p2b: Corviknight\n|-boost|p2b: Corviknight|atk|1\n|-boost|p2b: Corviknight|def|1\n|move|p1a: Clefable|Reflect|p1a: Clefable\n|-sidestart|p1: magato123|Reflect\n|\n|-heal|p1a: Clefable|69/100|[from] item: Leftovers\n|upkeep\n|turn|5\n|\n|t:|1776662671\n|move|p2a: Clefable|Protect|p2a: Clefable\n|-singleturn|p2a: Clefable|Protect\n|move|p1a: Clefable|Follow Me|p1a: Clefable\n|-singleturn|p1a: Clefable|move: Follow Me\n|move|p1b: Basculegion|Last Respects|p2a: Clefable\n|-activate|p2a: Clefable|move: Protect\n|move|p2b: Corviknight|Bulk Up|p2b: Corviknight\n|-boost|p2b: Corviknight|atk|1\n|-boost|p2b: Corviknight|def|1\n|\n|-heal|p1a: Clefable|75/100|[from] item: Leftovers\n|upkeep\n|turn|6\n|\n|t:|1776662690\n|switch|p2a: Gyarados|Gyarados, L50, M|44/100\n|-ability|p2a: Gyarados|Intimidate|boost\n|-unboost|p1a: Clefable|atk|1\n|-unboost|p1b: Basculegion|atk|1\n|move|p1b: Basculegion|Last Respects|p2a: Gyarados\n|-damage|p2a: Gyarados|0 fnt\n|faint|p2a: Gyarados\n|move|p2b: Corviknight|Bulk Up|p2b: Corviknight\n|-boost|p2b: Corviknight|atk|1\n|-boost|p2b: Corviknight|def|1\n|move|p1a: Clefable|Icy Wind|p2b: Corviknight\n|-damage|p2b: Corviknight|89/100\n|-ability|p2b: Corviknight|Mirror Armor\n|-unboost|p1a: Clefable|spe|1\n|\n|-heal|p1a: Clefable|81/100|[from] item: Leftovers\n|upkeep\n|\n|t:|1776662712\n|switch|p2a: Gliscor|Gliscor, L50, F|100/100\n|turn|7\n|\n|t:|1776662725\n|move|p1b: Basculegion|Last Respects|p2a: Gliscor\n|-damage|p2a: Gliscor|64/100\n|move|p2a: Gliscor|Knock Off|p1b: Basculegion\n|-supereffective|p1b: Basculegion|1\n|-damage|p1b: Basculegion|52/100\n|-enditem|p1b: Basculegion|Choice Scarf|[from] move: Knock Off|[of] p2a: Gliscor\n|move|p2b: Corviknight|Brave Bird|p1b: Basculegion\n|-crit|p1b: Basculegion\n|-damage|p1b: Basculegion|0 fnt\n|faint|p1b: Basculegion\n|-damage|p2b: Corviknight|73/100|[from] Recoil\n|move|p1a: Clefable|Icy Wind|p2b: Corviknight|[spread] p2a,p2b\n|-supereffective|p2a: Gliscor|2\n|-enditem|p2a: Gliscor|Yache Berry|[eat]\n|-enditem|p2a: Gliscor|Yache Berry|[weaken]\n|-damage|p2a: Gliscor|39/100\n|-damage|p2b: Corviknight|65/100\n|-unboost|p2a: Gliscor|spe|1\n|-ability|p2b: Corviknight|Mirror Armor\n|-unboost|p1a: Clefable|spe|1\n|\n|-heal|p1a: Clefable|87/100|[from] item: Leftovers\n|upkeep\n|\n|t:|1776662725\n|switch|p1b: Sneasler|Sneasler, L50, F|100/100\n|turn|8\n|inactive|cammellio has 30 seconds left.\n|\n|t:|1776662758\n|move|p2a: Gliscor|Protect|p2a: Gliscor\n|-singleturn|p2a: Gliscor|Protect\n|move|p1b: Sneasler|Close Combat|p2a: Gliscor\n|-activate|p2a: Gliscor|move: Protect\n|move|p2b: Corviknight|Roost|p2b: Corviknight\n|-heal|p2b: Corviknight|100/100\n|-singleturn|p2b: Corviknight|move: Roost\n|move|p1a: Clefable|Icy Wind|p2b: Corviknight|[spread] p2b\n|-activate|p2a: Gliscor|move: Protect\n|-resisted|p2b: Corviknight|1\n|-damage|p2b: Corviknight|97/100\n|-ability|p2b: Corviknight|Mirror Armor\n|-unboost|p1a: Clefable|spe|1\n|\n|-heal|p1a: Clefable|93/100|[from] item: Leftovers\n|-sideend|p1: magato123|Reflect\n|upkeep\n|turn|9\n|\n|t:|1776662782\n|move|p1b: Sneasler|Close Combat|p2a: Gliscor\n|-resisted|p2a: Gliscor|1\n|-damage|p2a: Gliscor|4/100\n|-unboost|p1b: Sneasler|def|1\n|-unboost|p1b: Sneasler|spd|1\n|move|p2a: Gliscor|Earthquake|p1b: Sneasler|[spread] p1a,p1b\n|-immune|p2b: Corviknight\n|-supereffective|p1b: Sneasler|1\n|-damage|p1a: Clefable|63/100\n|-enditem|p1b: Sneasler|Focus Sash\n|-damage|p1b: Sneasler|1/100\n|move|p2b: Corviknight|Brave Bird|p1a: Clefable\n|-damage|p1a: Clefable|0 fnt\n|faint|p1a: Clefable\n|-damage|p2b: Corviknight|76/100|[from] Recoil\n|\n|upkeep\n|turn|10\n|\n|t:|1776662803\n|move|p2a: Gliscor|Protect|p2a: Gliscor\n|-singleturn|p2a: Gliscor|Protect\n|move|p1b: Sneasler|Close Combat|p2a: Gliscor\n|-activate|p2a: Gliscor|move: Protect\n|move|p2b: Corviknight|Body Press|p1b: Sneasler\n|-resisted|p1b: Sneasler|1\n|-damage|p1b: Sneasler|0 fnt\n|faint|p1b: Sneasler\n|\n|win|cammellio\n|raw|magato123's rating: 1015 &rarr; <strong>1004</strong><br />(-11 for losing)\n|raw|cammellio's rating: 1049 &rarr; <strong>1078</strong><br />(+29 for winning)\n|l|\u2606magato123\n|player|p1|\n|c|\u2606cammellio|Gg\n",
  "uploadtime": 1776663165,
  "views": 18,
  "formatid": "gen9championsvgc2026regma",
  "rating": 1004,
  "private": 0,
  "password": null
}