{
  "id": "gen9championsvgc2026regma-2581856159",
  "format": "[Gen 9 Champions] VGC 2026 Reg M-A",
  "players": [
    "loklastaji",
    "lpelpe"
  ],
  "log": "|j|\u2606loklastaji\n|j|\u2606lpelpe\n|t:|1776034096\n|gametype|doubles\n|player|p1|loklastaji|169|1289\n|player|p2|lpelpe|1|1348\n|gen|9\n|tier|[Gen 9 Champions] VGC 2026 Reg M-A\n|rated|\n|rule|Species Clause: Limit one of each Pok\u00e9mon\n|rule|Item Clause: Limit 1 of each item\n|clearpoke\n|poke|p1|Samurott-Hisui, L50, M|\n|poke|p1|Mamoswine, L50, F|\n|poke|p1|Delphox, L50, F|\n|poke|p1|Tsareena, L50, F|\n|poke|p1|Corviknight, L50, M|\n|poke|p1|Altaria, L50, M|\n|poke|p2|Farigiraf, L50, M|\n|poke|p2|Meganium, L50, F|\n|poke|p2|Camerupt, L50, F|\n|poke|p2|Sableye, L50, M|\n|poke|p2|Kingambit, L50, F|\n|poke|p2|Glimmora, L50, M|\n|teampreview|4\n|inactive|Battle timer is ON: inactive players will automatically lose when time's up. (requested by lpelpe)\n|\n|t:|1776034121\n|teamsize|p1|4\n|teamsize|p2|4\n|start\n|switch|p1a: Samurott|Samurott-Hisui, L50, M|100/100\n|switch|p1b: Delphox|Delphox, L50, F|100/100\n|switch|p2a: Sableye|Sableye, L50, M|100/100\n|switch|p2b: Farigiraf|Farigiraf, L50, M|100/100\n|turn|1\n|\n|t:|1776034141\n|detailschange|p1b: Delphox|Delphox-Mega, L50, F\n|-mega|p1b: Delphox|Delphox|Delphoxite\n|move|p2a: Sableye|Fake Out|p1a: Samurott\n|-damage|p1a: Samurott|93/100\n|move|p1b: Delphox|Heat Wave|p2b: Farigiraf|[spread] p2a,p2b\n|-damage|p2a: Sableye|47/100\n|-damage|p2b: Farigiraf|57/100\n|cant|p1a: Samurott|flinch\n|move|p2b: Farigiraf|Trick Room|p2b: Farigiraf\n|-fieldstart|move: Trick Room|[of] p2b: Farigiraf\n|\n|upkeep\n|turn|2\n|\n|t:|1776034161\n|move|p2a: Sableye|Endure|p2a: Sableye\n|-singleturn|p2a: Sableye|move: Endure\n|move|p1b: Delphox|Protect|p1b: Delphox\n|-singleturn|p1b: Delphox|Protect\n|move|p2b: Farigiraf|Hyper Voice|p1b: Delphox|[spread] p1a\n|-activate|p1b: Delphox|move: Protect\n|-damage|p1a: Samurott|50/100\n|move|p1a: Samurott|Ceaseless Edge|p2b: Farigiraf\n|-supereffective|p2b: Farigiraf|1\n|-damage|p2b: Farigiraf|0 fnt\n|-sidestart|p2: lpelpe|Spikes\n|faint|p2b: Farigiraf\n|\n|upkeep\n|\n|t:|1776034178\n|switch|p2b: Camerupt|Camerupt, L50, F|100/100\n|-damage|p2b: Camerupt|88/100|[from] Spikes\n|turn|3\n|\n|t:|1776034199\n|switch|p1b: Tsareena|Tsareena, L50, F|100/100\n|detailschange|p2b: Camerupt|Camerupt-Mega, L50, F\n|-mega|p2b: Camerupt|Camerupt|Cameruptite\n|move|p2a: Sableye|Encore||[still]\n|cant|p1b: Tsareena|ability: Queenly Majesty|Encore|[of] p2a: Sableye\n|move|p2b: Camerupt|Earth Power|p1a: Samurott\n|-damage|p1a: Samurott|0 fnt\n|faint|p1a: Samurott\n|\n|upkeep\n|\n|t:|1776034214\n|switch|p1a: Delphox|Delphox-Mega, L50, F|100/100\n|turn|4\n|\n|t:|1776034227\n|switch|p2a: Glimmora|Glimmora, L50, M|100/100\n|-damage|p2a: Glimmora|88/100|[from] Spikes\n|move|p1b: Tsareena|Protect|p1b: Tsareena\n|-singleturn|p1b: Tsareena|Protect\n|move|p1a: Delphox|Protect|p1a: Delphox\n|-singleturn|p1a: Delphox|Protect\n|move|p2b: Camerupt|Eruption|p1a: Delphox|[spread] \n|-activate|p1a: Delphox|move: Protect\n|-activate|p1b: Tsareena|move: Protect\n|\n|upkeep\n|turn|5\n|inactive|loklastaji has 30 seconds left.\n|inactive|loklastaji has 20 seconds left.\n|\n|t:|1776034263\n|move|p1a: Delphox|Protect||[still]\n|-fail|p1a: Delphox\n|move|p2b: Camerupt|Earth Power|p1a: Delphox\n|-immune|p1a: Delphox|[from] ability: Levitate\n|move|p2a: Glimmora|Sludge Bomb|p1b: Tsareena\n|-supereffective|p1b: Tsareena|1\n|-enditem|p1b: Tsareena|Focus Sash\n|-damage|p1b: Tsareena|1/100\n|move|p1b: Tsareena|Power Whip|p2a: Glimmora\n|-damage|p2a: Glimmora|26/100\n|-activate|p2a: Glimmora|ability: Toxic Debris\n|-sidestart|p1: loklastaji|move: Toxic Spikes\n|\n|-fieldend|move: Trick Room\n|upkeep\n|turn|6\n|\n|t:|1776034286\n|move|p2a: Glimmora|Spiky Shield|p2a: Glimmora\n|-singleturn|p2a: Glimmora|move: Protect\n|move|p1a: Delphox|Psychic|p2a: Glimmora\n|-activate|p2a: Glimmora|move: Protect\n|move|p1b: Tsareena|High Jump Kick|p2b: Camerupt\n|-damage|p2b: Camerupt|38/100\n|move|p2b: Camerupt|Heat Wave|p1b: Tsareena|[spread] p1a\n|-miss|p2b: Camerupt|p1b: Tsareena\n|-resisted|p1a: Delphox|1\n|-damage|p1a: Delphox|73/100\n|\n|upkeep\n|turn|7\n|inactive|loklastaji has 30 seconds left.\n|\n|t:|1776034313\n|switch|p2a: Sableye|Sableye, L50, M|47/100\n|-damage|p2a: Sableye|35/100|[from] Spikes\n|move|p2b: Camerupt|Protect|p2b: Camerupt\n|-singleturn|p2b: Camerupt|Protect\n|move|p1a: Delphox|Psychic|p2b: Camerupt\n|-activate|p2b: Camerupt|move: Protect\n|move|p1b: Tsareena|Power Whip|p2a: Sableye\n|-damage|p2a: Sableye|0 fnt\n|faint|p2a: Sableye\n|\n|upkeep\n|\n|t:|1776034326\n|switch|p2a: Glimmora|Glimmora, L50, M|26/100\n|-damage|p2a: Glimmora|14/100|[from] Spikes\n|turn|8\n|l|\u2606lpelpe\n|inactive|lpelpe disconnected and has a minute to reconnect!\n|player|p2|\n|inactive|lpelpe has 30 seconds left.\n|inactive|lpelpe has 20 seconds left.\n|inactive|lpelpe has 15 seconds left.\n|inactive|lpelpe has 10 seconds left.\n|inactive|lpelpe has 5 seconds left.\n|-message|lpelpe lost due to inactivity.\n|\n|win|loklastaji\n|raw|loklastaji's rating: 1289 &rarr; <strong>1318</strong><br />(+29 for winning)\n|raw|lpelpe's rating: 1348 &rarr; <strong>1325</strong><br />(-23 for losing)\n",
  "uploadtime": 1776034414,
  "views": 37,
  "formatid": "gen9championsvgc2026regma",
  "rating": 1318,
  "private": 0,
  "password": null
}