{
  "id": "gen9championsvgc2026regma-2587593696",
  "format": "[Gen 9 Champions] VGC 2026 Reg M-A",
  "players": [
    "LeoZeuz7",
    "mohab67"
  ],
  "log": "|j|\u2606LeoZeuz7\n|j|\u2606mohab67\n|t:|1776545257\n|gametype|doubles\n|player|p1|LeoZeuz7|101|1043\n|player|p2|mohab67|eusine|1087\n|gen|9\n|tier|[Gen 9 Champions] VGC 2026 Reg M-A\n|rated|\n|rule|Species Clause: Limit one of each Pok\u00e9mon\n|rule|Item Clause: Limit 1 of each item\n|clearpoke\n|poke|p1|Slowbro, L50, F|\n|poke|p1|Tyranitar, L50, F|\n|poke|p1|Excadrill, L50, F|\n|poke|p1|Incineroar, L50, F|\n|poke|p1|Lucario, L50, M|\n|poke|p1|Rotom-Mow, L50|\n|poke|p2|Hawlucha, L50, F, shiny|\n|poke|p2|Mr. Rime, L50, F, shiny|\n|poke|p2|Incineroar, L50, F, shiny|\n|poke|p2|Scizor, L50, M|\n|poke|p2|Aerodactyl, L50, M|\n|poke|p2|Basculegion, L50, M|\n|teampreview|4\n|\n|t:|1776545321\n|teamsize|p1|4\n|teamsize|p2|4\n|start\n|switch|p1a: Tyranitar|Tyranitar, L50, F|100/100\n|switch|p1b: Slowbro|Slowbro, L50, F|100/100\n|switch|p2a: Red|Hawlucha, L50, F, shiny|100/100\n|switch|p2b: Mr. Lucky|Mr. Rime, L50, F, shiny|100/100\n|-weather|Sandstorm|[from] ability: Sand Stream|[of] p1a: Tyranitar\n|turn|1\n|\n|t:|1776545338\n|detailschange|p2a: Red|Hawlucha-Mega, L50, F, shiny\n|-mega|p2a: Red|Hawlucha|Hawluchanite\n|move|p2a: Red|Entrainment|p2b: Mr. Lucky\n|-ability|p2b: Mr. Lucky|No Guard|Screen Cleaner|[from] move: Entrainment|[of] p2a: Red\n|move|p2b: Mr. Lucky|Sheer Cold|p1a: Tyranitar\n|-damage|p1a: Tyranitar|0 fnt\n|faint|p1a: Tyranitar\n|-ohko\n|move|p1b: Slowbro|Weather Ball|p2a: Red\n|-damage|p2a: Red|67/100\n|\n|-weather|Sandstorm|[upkeep]\n|-damage|p2a: Red|61/100|[from] Sandstorm\n|-damage|p2b: Mr. Lucky|95/100|[from] Sandstorm\n|-damage|p1b: Slowbro|94/100|[from] Sandstorm\n|upkeep\n|\n|t:|1776545352\n|switch|p1a: Excadrill|Excadrill, L50, F|100/100\n|turn|2\n|\n|t:|1776545372\n|move|p2b: Mr. Lucky|Protect|p2b: Mr. Lucky\n|-singleturn|p2b: Mr. Lucky|Protect\n|move|p1a: Excadrill|Rock Slide|p2b: Mr. Lucky|[spread] p2a\n|-activate|p2b: Mr. Lucky|move: Protect\n|-damage|p2a: Red|34/100\n|move|p2a: Red|Flying Press|p1a: Excadrill\n|-crit|p1a: Excadrill\n|-enditem|p1a: Excadrill|Focus Sash\n|-damage|p1a: Excadrill|1/100\n|move|p1b: Slowbro|Weather Ball|p2b: Mr. Lucky\n|-activate|p2b: Mr. Lucky|move: Protect\n|\n|-weather|Sandstorm|[upkeep]\n|-damage|p2a: Red|28/100|[from] Sandstorm\n|-damage|p2b: Mr. Lucky|89/100|[from] Sandstorm\n|-damage|p1b: Slowbro|88/100|[from] Sandstorm\n|upkeep\n|turn|3\n|\n|t:|1776545397\n|switch|p2a: TornCat|Incineroar, L50, F, shiny|100/100\n|-ability|p2a: TornCat|Intimidate|boost\n|-unboost|p1a: Excadrill|atk|1\n|-unboost|p1b: Slowbro|atk|1\n|move|p1a: Excadrill|Rock Slide|p2b: Mr. Lucky|[spread] p2a,p2b\n|-supereffective|p2a: TornCat|1\n|-supereffective|p2b: Mr. Lucky|1\n|-damage|p2a: TornCat|74/100\n|-damage|p2b: Mr. Lucky|60/100\n|move|p2b: Mr. Lucky|Sheer Cold|p1b: Slowbro\n|-damage|p1b: Slowbro|0 fnt\n|faint|p1b: Slowbro\n|-ohko\n|\n|-weather|Sandstorm|[upkeep]\n|-damage|p2b: Mr. Lucky|54/100|[from] Sandstorm\n|-damage|p2a: TornCat|68/100|[from] Sandstorm\n|upkeep\n|\n|t:|1776545411\n|switch|p1b: Lucario|Lucario, L50, M|100/100\n|turn|4\n|\n|t:|1776545418\n|detailschange|p1b: Lucario|Lucario-Mega, L50, M\n|-mega|p1b: Lucario|Lucario|Lucarionite\n|move|p2b: Mr. Lucky|Protect|p2b: Mr. Lucky\n|-singleturn|p2b: Mr. Lucky|Protect\n|move|p2a: TornCat|Fake Out|p1a: Excadrill\n|-resisted|p1a: Excadrill|1\n|-damage|p1a: Excadrill|0 fnt\n|faint|p1a: Excadrill\n|move|p1b: Lucario|Aura Sphere|p2a: TornCat\n|-supereffective|p2a: TornCat|1\n|-damage|p2a: TornCat|0 fnt\n|faint|p2a: TornCat\n|\n|-weather|Sandstorm|[upkeep]\n|-damage|p2b: Mr. Lucky|48/100|[from] Sandstorm\n|-enditem|p2b: Mr. Lucky|Sitrus Berry|[eat]\n|-heal|p2b: Mr. Lucky|73/100|[from] item: Sitrus Berry\n|upkeep\n|\n|t:|1776545459\n|switch|p2a: Red|Hawlucha-Mega, L50, F, shiny|28/100\n|turn|5\n|c|\u2606LeoZeuz7|gg\n|\n|t:|1776545474\n|move|p1b: Lucario|Flash Cannon|p2b: Mr. Lucky\n|-supereffective|p2b: Mr. Lucky|1\n|-damage|p2b: Mr. Lucky|0 fnt\n|faint|p2b: Mr. Lucky\n|move|p2a: Red|Flying Press|p1b: Lucario\n|-supereffective|p1b: Lucario|1\n|-damage|p1b: Lucario|0 fnt\n|faint|p1b: Lucario\n|\n|win|mohab67\n|raw|LeoZeuz7's rating: 1043 &rarr; <strong>1029</strong><br />(-14 for losing)\n|raw|mohab67's rating: 1087 &rarr; <strong>1111</strong><br />(+24 for winning)\n|c|\u2606mohab67|gg\n",
  "uploadtime": 1776545487,
  "views": 11,
  "formatid": "gen9championsvgc2026regma",
  "rating": 1029,
  "private": 0,
  "password": null
}