{
  "id": "gen9championsvgc2026regma-2582297137",
  "format": "[Gen 9 Champions] VGC 2026 Reg M-A",
  "players": [
    "sbrimbolox",
    "LIcker1234"
  ],
  "log": "|j|\u2606sbrimbolox\n|j|\u2606LIcker1234\n|t:|1776080924\n|gametype|doubles\n|player|p1|sbrimbolox|preschooler|1109\n|player|p2|LIcker1234|2|1040\n|gen|9\n|tier|[Gen 9 Champions] VGC 2026 Reg M-A\n|rated|\n|rule|Species Clause: Limit one of each Pok\u00e9mon\n|rule|Item Clause: Limit 1 of each item\n|clearpoke\n|poke|p1|Archaludon, L50, F|\n|poke|p1|Sinistcha, L50|\n|poke|p1|Dragonite, L50, F|\n|poke|p1|Pelipper, L50, F|\n|poke|p1|Basculegion, L50, M|\n|poke|p1|Incineroar, L50, M|\n|poke|p2|Golurk, L50|\n|poke|p2|Venusaur, L50, M|\n|poke|p2|Torkoal, L50, F|\n|poke|p2|Incineroar, L50, M|\n|poke|p2|Farigiraf, L50, F|\n|poke|p2|Sneasler, L50, F|\n|teampreview|4\n|\n|t:|1776080950\n|teamsize|p1|4\n|teamsize|p2|4\n|start\n|switch|p1a: Pelipper|Pelipper, L50, F|100/100\n|switch|p1b: Basculegion|Basculegion, L50, M|100/100\n|switch|p2a: Golurk|Golurk, L50|100/100\n|switch|p2b: Farigiraf|Farigiraf, L50, F|100/100\n|-weather|RainDance|[from] ability: Drizzle|[of] p1a: Pelipper\n|turn|1\n|inactive|Battle timer is ON: inactive players will automatically lose when time's up. (requested by sbrimbolox)\n|\n|t:|1776080962\n|move|p2a: Golurk|Protect|p2a: Golurk\n|-singleturn|p2a: Golurk|Protect\n|move|p1b: Basculegion|Wave Crash|p2b: Farigiraf\n|-damage|p2b: Farigiraf|11/100\n|-enditem|p2b: Farigiraf|Sitrus Berry|[eat]\n|-heal|p2b: Farigiraf|36/100|[from] item: Sitrus Berry\n|-damage|p1b: Basculegion|66/100|[from] Recoil\n|move|p1a: Pelipper|Hurricane|p2b: Farigiraf\n|-damage|p2b: Farigiraf|0 fnt\n|faint|p2b: Farigiraf\n|\n|-weather|RainDance|[upkeep]\n|upkeep\n|\n|t:|1776080976\n|switch|p2b: Incineroar|Incineroar, L50, M|100/100\n|-ability|p2b: Incineroar|Intimidate|boost\n|-unboost|p1a: Pelipper|atk|1\n|-unboost|p1b: Basculegion|atk|1\n|turn|2\n|\n|t:|1776080994\n|detailschange|p2a: Golurk|Golurk-Mega, L50\n|-mega|p2a: Golurk|Golurk|Golurkite\n|move|p1a: Pelipper|Protect|p1a: Pelipper\n|-singleturn|p1a: Pelipper|Protect\n|move|p2b: Incineroar|Fake Out|p1a: Pelipper\n|-activate|p1a: Pelipper|move: Protect\n|move|p1b: Basculegion|Flip Turn|p2b: Incineroar\n|-supereffective|p2b: Incineroar|1\n|-damage|p2b: Incineroar|53/100\n|\n|t:|1776081009\n|switch|p1b: Dragonite|Dragonite, L50, F|100/100|[from] Flip Turn\n|move|p2a: Golurk|Poltergeist|p1b: Dragonite\n|-activate|p1b: Dragonite|move: Poltergeist|Dragoninite\n|-damage|p1b: Dragonite|29/100\n|\n|-weather|RainDance|[upkeep]\n|upkeep\n|turn|3\n|inactive|sbrimbolox has 30 seconds left.\n|inactive|sbrimbolox has 20 seconds left.\n|inactive|sbrimbolox has 15 seconds left.\n|inactive|sbrimbolox has 10 seconds left.\n|\n|t:|1776081056\n|detailschange|p1b: Dragonite|Dragonite-Mega, L50, F\n|-mega|p1b: Dragonite|Dragonite|Dragoninite\n|move|p1b: Dragonite|Draco Meteor|p2a: Golurk\n|-damage|p2a: Golurk|20/100\n|-unboost|p1b: Dragonite|spa|2\n|move|p1a: Pelipper|Tailwind|p1a: Pelipper\n|-sidestart|p1: sbrimbolox|move: Tailwind\n|move|p2b: Incineroar|Throat Chop|p1a: Pelipper\n|-crit|p1a: Pelipper\n|-damage|p1a: Pelipper|38/100\n|-start|p1a: Pelipper|Throat Chop|[silent]\n|move|p2a: Golurk|Ice Punch|p1b: Dragonite\n|-supereffective|p1b: Dragonite|2\n|-damage|p1b: Dragonite|0 fnt\n|faint|p1b: Dragonite\n|\n|-weather|RainDance|[upkeep]\n|upkeep\n|\n|t:|1776081071\n|switch|p1b: Archaludon|Archaludon, L50, F|100/100\n|turn|4\n|\n|t:|1776081079\n|move|p2a: Golurk|Protect|p2a: Golurk\n|-singleturn|p2a: Golurk|Protect\n|move|p1a: Pelipper|Weather Ball|p2a: Golurk\n|-activate|p2a: Golurk|move: Protect\n|move|p1b: Archaludon|Electro Shot||[still]\n|-prepare|p1b: Archaludon|Electro Shot\n|-boost|p1b: Archaludon|spa|1\n|-anim|p1b: Archaludon|Electro Shot|p2b: Incineroar\n|-damage|p2b: Incineroar|0 fnt\n|faint|p2b: Incineroar\n|\n|-weather|RainDance|[upkeep]\n|-end|p1a: Pelipper|Throat Chop|[silent]\n|upkeep\n|\n|t:|1776081090\n|switch|p2b: Torkoal|Torkoal, L50, F|100/100\n|-weather|SunnyDay|[from] ability: Drought|[of] p2b: Torkoal\n|turn|5\n|inactive|sbrimbolox has 30 seconds left.\n|inactive|sbrimbolox has 20 seconds left.\n|inactive|sbrimbolox has 15 seconds left.\n|inactive|sbrimbolox has 10 seconds left.\n|inactive|sbrimbolox has 5 seconds left.\n|\n|t:|1776081150\n|move|p1a: Pelipper|Tailwind||[still]\n|-fail|p1a: Pelipper\n|move|p1b: Archaludon|Electro Shot||[still]\n|-prepare|p1b: Archaludon|Electro Shot\n|-boost|p1b: Archaludon|spa|1\n|move|p2a: Golurk|Headlong Rush|p1b: Archaludon\n|-supereffective|p1b: Archaludon|1\n|-damage|p1b: Archaludon|0 fnt\n|-unboost|p2a: Golurk|def|1\n|-unboost|p2a: Golurk|spd|1\n|faint|p1b: Archaludon\n|move|p2b: Torkoal|Heat Wave|p1a: Pelipper|[miss]\n|-miss|p2b: Torkoal|p1a: Pelipper\n|\n|-weather|SunnyDay|[upkeep]\n|upkeep\n|\n|t:|1776081152\n|switch|p1b: Basculegion|Basculegion, L50, M|66/100\n|turn|6\n|-message|sbrimbolox forfeited.\n|\n|win|LIcker1234\n|raw|sbrimbolox's rating: 1109 &rarr; <strong>1079</strong><br />(-30 for losing)\n|raw|LIcker1234's rating: 1040 &rarr; <strong>1081</strong><br />(+41 for winning)\n|l|\u2606sbrimbolox\n|player|p1|\n",
  "uploadtime": 1776081170,
  "views": 14,
  "formatid": "gen9championsvgc2026regma",
  "rating": 1079,
  "private": 0,
  "password": null
}