{
  "id": "gen9championsvgc2026regma-2588070573",
  "format": "[Gen 9 Champions] VGC 2026 Reg M-A",
  "players": [
    "Cheasleywithaw",
    "ZeroPops"
  ],
  "log": "|j|\u2606Cheasleywithaw\n|j|\u2606ZeroPops\n|t:|1776600776\n|gametype|doubles\n|player|p1|Cheasleywithaw|170|1319\n|player|p2|ZeroPops|102|1379\n|gen|9\n|tier|[Gen 9 Champions] VGC 2026 Reg M-A\n|rated|\n|rule|Species Clause: Limit one of each Pok\u00e9mon\n|rule|Item Clause: Limit 1 of each item\n|clearpoke\n|poke|p1|Incineroar, L50, F|\n|poke|p1|Sinistcha-Masterpiece, L50|\n|poke|p1|Floette-Eternal, L50, F|\n|poke|p1|Aerodactyl, L50, F|\n|poke|p1|Garchomp, L50, F|\n|poke|p1|Rotom-Wash, L50|\n|poke|p2|Gengar, L50, F|\n|poke|p2|Incineroar, L50, M|\n|poke|p2|Rotom-Wash, L50|\n|poke|p2|Whimsicott, L50, F|\n|poke|p2|Sneasler, L50, M|\n|poke|p2|Garchomp, L50, F|\n|teampreview|4\nCheasleywithaw has agreed to open team sheets.\n|inactive|Battle timer is ON: inactive players will automatically lose when time's up. (requested by ZeroPops)\nZeroPops rejected open team sheets.\n|\n|t:|1776600823\n|teamsize|p1|4\n|teamsize|p2|4\n|start\n|switch|p1a: Rotom|Rotom-Wash, L50|100/100\n|switch|p1b: Incineroar|Incineroar, L50, F|100/100\n|switch|p2a: Gengar|Gengar, L50, F|100/100\n|switch|p2b: Whimsicott|Whimsicott, L50, F|100/100\n|-ability|p1b: Incineroar|Intimidate|boost\n|-unboost|p2a: Gengar|atk|1\n|-unboost|p2b: Whimsicott|atk|1\n|turn|1\n|\n|t:|1776600840\n|detailschange|p2a: Gengar|Gengar-Mega, L50, F\n|-mega|p2a: Gengar|Gengar|Gengarite\n|move|p2b: Whimsicott|Protect|p2b: Whimsicott\n|-singleturn|p2b: Whimsicott|Protect\n|move|p2a: Gengar|Protect|p2a: Gengar\n|-singleturn|p2a: Gengar|Protect\n|move|p1a: Rotom|Hydro Pump|p2b: Whimsicott\n|-activate|p2b: Whimsicott|move: Protect\n|move|p1b: Incineroar|Flare Blitz|p2b: Whimsicott\n|-activate|p2b: Whimsicott|move: Protect\n|\n|upkeep\n|turn|2\n|\n|t:|1776600860\n|switch|p2b: Incineroar|Incineroar, L50, M|100/100\n|-ability|p2b: Incineroar|Intimidate|boost\n|-unboost|p1a: Rotom|atk|1\n|-unboost|p1b: Incineroar|atk|1\n|move|p2a: Gengar|Sludge Bomb|p1a: Rotom\n|-damage|p1a: Rotom|47/100\n|move|p1a: Rotom|Volt Switch|p2a: Gengar\n|-damage|p2a: Gengar|64/100\n|\n|t:|1776600869\n|switch|p1a: Garchomp|Garchomp, L50, F|100/100|[from] Volt Switch\n|move|p1b: Incineroar|Darkest Lariat|p2a: Gengar\n|-supereffective|p2a: Gengar|1\n|-damage|p2a: Gengar|3/100\n|\n|upkeep\n|turn|3\n|inactive|Cheasleywithaw has 30 seconds left.\n|\n|t:|1776600896\n|switch|p2a: Rotom|Rotom-Wash, L50|100/100\n|move|p1a: Garchomp|Stomping Tantrum|p2b: Incineroar\n|-supereffective|p2b: Incineroar|1\n|-enditem|p2b: Incineroar|Shuca Berry|[eat]\n|-enditem|p2b: Incineroar|Shuca Berry|[weaken]\n|-damage|p2b: Incineroar|62/100\n|move|p2b: Incineroar|Parting Shot|p1a: Garchomp\n|-unboost|p1a: Garchomp|atk|1\n|-unboost|p1a: Garchomp|spa|1\n|\n|t:|1776600906\n|switch|p2b: Gengar|Gengar-Mega, L50, F|3/100|[from] Parting Shot\n|-enditem|p1a: Garchomp|White Herb\n|-clearnegativeboost|p1a: Garchomp|[silent]\n|move|p1b: Incineroar|Parting Shot|p2b: Gengar\n|-unboost|p2b: Gengar|atk|1\n|-unboost|p2b: Gengar|spa|1\n|\n|t:|1776600911\n|switch|p1b: Rotom|Rotom-Wash, L50|47/100|[from] Parting Shot\n|\n|-heal|p1b: Rotom|53/100|[from] item: Leftovers\n|upkeep\n|turn|4\n|\n|t:|1776600933\n|move|p2b: Gengar|Protect|p2b: Gengar\n|-singleturn|p2b: Gengar|Protect\n|move|p1a: Garchomp|Scale Shot|p2b: Gengar\n|-activate|p2b: Gengar|move: Protect\n|move|p1b: Rotom|Volt Switch|p2a: Rotom\n|-crit|p2a: Rotom\n|-damage|p2a: Rotom|49/100\n|-enditem|p2a: Rotom|Sitrus Berry|[eat]\n|-heal|p2a: Rotom|74/100|[from] item: Sitrus Berry\n|\n|t:|1776600946\n|switch|p1b: Incineroar|Incineroar, L50, F|100/100|[from] Volt Switch\n|-ability|p1b: Incineroar|Intimidate|boost\n|-unboost|p2a: Rotom|atk|1\n|-unboost|p2b: Gengar|atk|1\n|move|p2a: Rotom|Will-O-Wisp|p1a: Garchomp\n|-status|p1a: Garchomp|brn\n|\n|-damage|p1a: Garchomp|94/100 brn|[from] brn\n|upkeep\n|turn|5\n|\n|t:|1776600969\n|switch|p2b: Incineroar|Incineroar, L50, M|62/100\n|-ability|p2b: Incineroar|Intimidate|boost\n|-unboost|p1a: Garchomp|atk|1\n|-unboost|p1b: Incineroar|atk|1\n|move|p2a: Rotom|Protect|p2a: Rotom\n|-singleturn|p2a: Rotom|Protect\n|move|p1b: Incineroar|Fake Out|p2a: Rotom\n|-activate|p2a: Rotom|move: Protect\n|move|p1a: Garchomp|Stomping Tantrum|p2b: Incineroar\n|-supereffective|p2b: Incineroar|1\n|-crit|p2b: Incineroar\n|-damage|p2b: Incineroar|9/100\n|\n|-damage|p1a: Garchomp|88/100 brn|[from] brn\n|upkeep\n|turn|6\n|\n|t:|1776600988\n|switch|p2b: Whimsicott|Whimsicott, L50, F|100/100\n|switch|p1b: Sinistcha|Sinistcha-Masterpiece, L50|100/100\n|-heal|p1a: Garchomp|100/100 brn|[from] ability: Hospitality|[of] p1b: Sinistcha\n|move|p1a: Garchomp|Scale Shot|p2b: Whimsicott\n|-immune|p2b: Whimsicott\n|move|p2a: Rotom|Volt Switch|p1b: Sinistcha\n|-resisted|p1b: Sinistcha|1\n|-crit|p1b: Sinistcha\n|-damage|p1b: Sinistcha|80/100\n|\n|t:|1776601001\n|switch|p2a: Gengar|Gengar-Mega, L50, F|3/100|[from] Volt Switch\n|\n|-damage|p1a: Garchomp|94/100 brn|[from] brn\n|upkeep\n|turn|7\n|\n|t:|1776601025\n|switch|p1b: Incineroar|Incineroar, L50, F|100/100\n|-ability|p1b: Incineroar|Intimidate|boost\n|-unboost|p2a: Gengar|atk|1\n|-unboost|p2b: Whimsicott|atk|1\n|move|p2a: Gengar|Protect|p2a: Gengar\n|-singleturn|p2a: Gengar|Protect\n|move|p2b: Whimsicott|Moonblast|p1a: Garchomp\n|-supereffective|p1a: Garchomp|1\n|-damage|p1a: Garchomp|13/100 brn\n|move|p1a: Garchomp|Earthquake|p2b: Whimsicott|[spread] p1b,p2b\n|-activate|p2a: Gengar|move: Protect\n|-supereffective|p1b: Incineroar|1\n|-resisted|p2b: Whimsicott|1\n|-damage|p1b: Incineroar|83/100\n|-damage|p2b: Whimsicott|90/100\n|\n|-damage|p1a: Garchomp|7/100 brn|[from] brn\n|upkeep\n|turn|8\n|inactive|ZeroPops has 30 seconds left.\n|inactive|Cheasleywithaw has 30 seconds left.\n|\n|t:|1776601059\n|switch|p2a: Rotom|Rotom-Wash, L50|74/100\n|move|p2b: Whimsicott|Protect|p2b: Whimsicott\n|-singleturn|p2b: Whimsicott|Protect\n|move|p1a: Garchomp|Scale Shot|p2a: Rotom\n|-damage|p2a: Rotom|70/100\n|-damage|p2a: Rotom|66/100\n|-hitcount|p2a: Rotom|2\n|-unboost|p1a: Garchomp|def|1\n|-boost|p1a: Garchomp|spe|1\n|move|p1b: Incineroar|Flare Blitz|p2b: Whimsicott\n|-activate|p2b: Whimsicott|move: Protect\n|\n|-damage|p1a: Garchomp|0 fnt|[from] brn\n|faint|p1a: Garchomp\n|upkeep\n|\n|t:|1776601068\n|switch|p1a: Sinistcha|Sinistcha-Masterpiece, L50|80/100\n|-heal|p1b: Incineroar|100/100|[from] ability: Hospitality|[of] p1a: Sinistcha\n|turn|9\n|inactive|ZeroPops has 30 seconds left.\n|\n|t:|1776601103\n|move|p2b: Whimsicott|Protect|p2b: Whimsicott\n|-singleturn|p2b: Whimsicott|Protect\n|move|p2a: Rotom|Volt Switch|p1a: Sinistcha\n|-resisted|p1a: Sinistcha|1\n|-damage|p1a: Sinistcha|67/100\n|\n|t:|1776601108\n|switch|p2a: Incineroar|Incineroar, L50, M|9/100|[from] Volt Switch\n|-ability|p2a: Incineroar|Intimidate|boost\n|-unboost|p1a: Sinistcha|atk|1\n|-unboost|p1b: Incineroar|atk|1\n|move|p1b: Incineroar|Flare Blitz|p2b: Whimsicott\n|-activate|p2b: Whimsicott|move: Protect\n|move|p1a: Sinistcha|Trick Room|p1a: Sinistcha\n|-fieldstart|move: Trick Room|[of] p1a: Sinistcha\n|\n|upkeep\n|turn|10\n|\n|t:|1776601122\n|switch|p1a: Rotom|Rotom-Wash, L50|53/100\n|move|p2a: Incineroar|Fake Out|p1b: Incineroar\n|-damage|p1b: Incineroar|92/100\n|move|p2b: Whimsicott|Encore||[still]\n|-fail|p2b: Whimsicott\n|cant|p1b: Incineroar|flinch\n|\n|-heal|p1a: Rotom|58/100|[from] item: Leftovers\n|upkeep\n|turn|11\n|\n|t:|1776601144\n|switch|p2a: Gengar|Gengar-Mega, L50, F|3/100\n|move|p2b: Whimsicott|Protect|p2b: Whimsicott\n|-singleturn|p2b: Whimsicott|Protect\n|move|p1b: Incineroar|Flare Blitz|p2b: Whimsicott\n|-activate|p2b: Whimsicott|move: Protect\n|move|p1a: Rotom|Volt Switch|p2a: Gengar\n|-damage|p2a: Gengar|0 fnt\n|faint|p2a: Gengar\n|\n|t:|1776601150\n|switch|p1a: Sinistcha|Sinistcha-Masterpiece, L50|67/100|[from] Volt Switch\n|-heal|p1b: Incineroar|100/100|[from] ability: Hospitality|[of] p1a: Sinistcha\n|\n|upkeep\n|\n|t:|1776601157\n|switch|p2a: Incineroar|Incineroar, L50, M|9/100\n|-ability|p2a: Incineroar|Intimidate|boost\n|-unboost|p1a: Sinistcha|atk|1\n|-unboost|p1b: Incineroar|atk|1\n|turn|12\n|\n|t:|1776601170\n|switch|p1b: Rotom|Rotom-Wash, L50|58/100\n|move|p1a: Sinistcha|Matcha Gotcha|p2b: Whimsicott|[spread] p2a,p2b\n|-resisted|p2a: Incineroar|1\n|-resisted|p2b: Whimsicott|1\n|-damage|p2a: Incineroar|0 fnt\n|-heal|p1a: Sinistcha|72/100|[from] drain|[of] p2a: Incineroar\n|-damage|p2b: Whimsicott|70/100\n|-heal|p1a: Sinistcha|80/100|[from] drain|[of] p2b: Whimsicott\n|-status|p2b: Whimsicott|brn\n|faint|p2a: Incineroar\n|move|p2b: Whimsicott|Moonblast|p1b: Rotom\n|-damage|p1b: Rotom|20/100\n|\n|-heal|p1b: Rotom|26/100|[from] item: Leftovers\n|-damage|p2b: Whimsicott|64/100 brn|[from] brn\n|upkeep\n|\n|t:|1776601177\n|switch|p2a: Rotom|Rotom-Wash, L50|66/100\n|turn|13\n|\n|t:|1776601198\n|move|p2b: Whimsicott|Protect|p2b: Whimsicott\n|-singleturn|p2b: Whimsicott|Protect\n|move|p2a: Rotom|Protect|p2a: Rotom\n|-singleturn|p2a: Rotom|Protect\n|move|p1a: Sinistcha|Matcha Gotcha|p2b: Whimsicott|[spread] \n|-activate|p2a: Rotom|move: Protect\n|-activate|p2b: Whimsicott|move: Protect\n|move|p1b: Rotom|Volt Switch|p2a: Rotom\n|-activate|p2a: Rotom|move: Protect\n|\n|-heal|p1b: Rotom|32/100|[from] item: Leftovers\n|-damage|p2b: Whimsicott|58/100 brn|[from] brn\n|-fieldend|move: Trick Room\n|upkeep\n|turn|14\n|\n|t:|1776601211\n|move|p2b: Whimsicott|Moonblast|p1a: Sinistcha\n|-damage|p1a: Sinistcha|44/100\n|move|p1b: Rotom|Volt Switch|p2a: Rotom\n|-damage|p2a: Rotom|29/100\n|\n|t:|1776601216\n|switch|p1b: Incineroar|Incineroar, L50, F|100/100|[from] Volt Switch\n|-ability|p1b: Incineroar|Intimidate|boost\n|-unboost|p2a: Rotom|atk|1\n|-unboost|p2b: Whimsicott|atk|1\n|move|p2a: Rotom|Hydro Pump|p1b: Incineroar\n|-supereffective|p1b: Incineroar|1\n|-damage|p1b: Incineroar|25/100\n|-enditem|p1b: Incineroar|Sitrus Berry|[eat]\n|-heal|p1b: Incineroar|50/100|[from] item: Sitrus Berry\n|move|p1a: Sinistcha|Matcha Gotcha|p2a: Rotom|[spread] p2a,p2b\n|-supereffective|p2a: Rotom|1\n|-resisted|p2b: Whimsicott|1\n|-damage|p2a: Rotom|0 fnt\n|-heal|p1a: Sinistcha|57/100|[from] drain|[of] p2a: Rotom\n|-damage|p2b: Whimsicott|38/100 brn\n|-heal|p1a: Sinistcha|65/100|[from] drain|[of] p2b: Whimsicott\n|faint|p2a: Rotom\n|\n|-damage|p2b: Whimsicott|32/100 brn|[from] brn\n|upkeep\n|turn|15\n|-message|ZeroPops forfeited.\n|\n|win|Cheasleywithaw\n|raw|Cheasleywithaw's rating: 1319 &rarr; <strong>1342</strong><br />(+23 for winning)\n|raw|ZeroPops's rating: 1379 &rarr; <strong>1356</strong><br />(-23 for losing)\n",
  "uploadtime": 1776601228,
  "views": 15,
  "formatid": "gen9championsvgc2026regma",
  "rating": 1342,
  "private": 0,
  "password": null
}