{
  "id": "gen9championsvgc2026regma-2583784777",
  "format": "[Gen 9 Champions] VGC 2026 Reg M-A",
  "players": [
    "deathmaster465",
    "7/11 doughnuts"
  ],
  "log": "|j|\u2606deathmaster465\n|j|\u26067/11 doughnuts\n|t:|1776197503\n|gametype|doubles\n|player|p1|deathmaster465|bellelba|1107\n|player|p2|7/11 doughnuts|265|1059\n|gen|9\n|tier|[Gen 9 Champions] VGC 2026 Reg M-A\n|rated|\n|rule|Species Clause: Limit one of each Pok\u00e9mon\n|rule|Item Clause: Limit 1 of each item\n|clearpoke\n|poke|p1|Meganium, L50, F|\n|poke|p1|Archaludon, L50, M|\n|poke|p1|Aerodactyl, L50, M|\n|poke|p1|Typhlosion-Hisui, L50, M|\n|poke|p1|Tauros-Paldea-Aqua, L50, M|\n|poke|p1|Kangaskhan, L50, F|\n|poke|p2|Oranguru, L50, F|\n|poke|p2|Torkoal, L50, M|\n|poke|p2|Charizard, L50, M|\n|poke|p2|Venusaur, L50, M|\n|poke|p2|Sinistcha, L50|\n|poke|p2|Camerupt, L50, M|\n|teampreview|4\n7/11 doughnuts rejected open team sheets.\n|inactive|Battle timer is ON: inactive players will automatically lose when time's up. (requested by 7/11 doughnuts)\n|inactive|deathmaster465 has 60 seconds left.\n|\n|t:|1776197544\n|teamsize|p1|4\n|teamsize|p2|4\n|start\n|switch|p1a: Aerodactyl|Aerodactyl, L50, M|100/100\n|switch|p1b: Kangaskhan|Kangaskhan, L50, F|100/100\n|switch|p2a: Oranguru|Oranguru, L50, F|100/100\n|switch|p2b: Torkoal|Torkoal, L50, M|100/100\n|-ability|p1a: Aerodactyl|Unnerve\n|-weather|SunnyDay|[from] ability: Drought|[of] p2b: Torkoal\n|turn|1\n|\n|t:|1776197569\n|detailschange|p1b: Kangaskhan|Kangaskhan-Mega, L50, F\n|-mega|p1b: Kangaskhan|Kangaskhan|Kangaskhanite\n|move|p2b: Torkoal|Protect|p2b: Torkoal\n|-singleturn|p2b: Torkoal|Protect\n|move|p1a: Aerodactyl|Rock Slide|p2a: Oranguru|[spread] p2a\n|-activate|p2b: Torkoal|move: Protect\n|-damage|p2a: Oranguru|82/100\n|move|p1b: Kangaskhan|Double-Edge|p2a: Oranguru\n|-damage|p2a: Oranguru|33/100\n|-damage|p2a: Oranguru|22/100\n|-hitcount|p2a: Oranguru|2\n|-damage|p1b: Kangaskhan|79/100|[from] Recoil\n|move|p2a: Oranguru|Trick Room|p2a: Oranguru\n|-fieldstart|move: Trick Room|[of] p2a: Oranguru\n|\n|-weather|SunnyDay|[upkeep]\n|upkeep\n|turn|2\n|inactive|deathmaster465 has 30 seconds left.\n|inactive|deathmaster465 has 20 seconds left.\n|\n|t:|1776197607\n|move|p1a: Aerodactyl|Protect|p1a: Aerodactyl\n|-singleturn|p1a: Aerodactyl|Protect\n|move|p1b: Kangaskhan|Sucker Punch|p2b: Torkoal\n|-damage|p2b: Torkoal|81/100\n|-damage|p2b: Torkoal|76/100\n|-hitcount|p2b: Torkoal|2\n|move|p2b: Torkoal|Eruption|p1b: Kangaskhan|[spread] p1b\n|-activate|p1a: Aerodactyl|move: Protect\n|-damage|p1b: Kangaskhan|13/100\n|move|p2a: Oranguru|Instruct|p2b: Torkoal\n|-singleturn|p2b: Torkoal|move: Instruct|[of] p2a: Oranguru\n|move|p2b: Torkoal|Eruption|p1a: Aerodactyl|[spread] p1b\n|-activate|p1a: Aerodactyl|move: Protect\n|-damage|p1b: Kangaskhan|0 fnt\n|faint|p1b: Kangaskhan\n|\n|-weather|SunnyDay|[upkeep]\n|upkeep\n|\n|t:|1776197625\n|switch|p1b: Tauros|Tauros-Paldea-Aqua, L50, M|100/100\n|-ability|p1b: Tauros|Intimidate|boost\n|-fail|p2a: Oranguru|unboost|Attack|[from] ability: Inner Focus|[of] p2a: Oranguru\n|-unboost|p2b: Torkoal|atk|1\n|turn|3\n|inactive|deathmaster465 has 30 seconds left.\n|inactive|7/11 doughnuts has 30 seconds left.\n|inactive|deathmaster465 has 20 seconds left.\n|\n|t:|1776197664\n|move|p2b: Torkoal|Heat Wave|p1b: Tauros|[spread] p1a,p1b\n|-resisted|p1a: Aerodactyl|1\n|-resisted|p1b: Tauros|1\n|-damage|p1a: Aerodactyl|61/100\n|-damage|p1b: Tauros|54/100\n|move|p2a: Oranguru|Instruct|p2b: Torkoal\n|-singleturn|p2b: Torkoal|move: Instruct|[of] p2a: Oranguru\n|move|p2b: Torkoal|Heat Wave|p1a: Aerodactyl|[spread] p1a,p1b\n|-resisted|p1a: Aerodactyl|1\n|-resisted|p1b: Tauros|1\n|-damage|p1a: Aerodactyl|22/100\n|-damage|p1b: Tauros|11/100\n|move|p1b: Tauros|Wave Crash|p2b: Torkoal\n|-supereffective|p2b: Torkoal|1\n|-damage|p2b: Torkoal|36/100\n|-damage|p1b: Tauros|0 fnt|[from] Recoil\n|faint|p1b: Tauros\n|move|p1a: Aerodactyl|Dual Wingbeat|p2a: Oranguru\n|-damage|p2a: Oranguru|7/100\n|-damage|p2a: Oranguru|0 fnt\n|faint|p2a: Oranguru\n|-hitcount|p2: Oranguru|2\n|\n|-weather|SunnyDay|[upkeep]\n|upkeep\n|inactive|7/11 doughnuts has 30 seconds left.\n|\n|t:|1776197689\n|switch|p2a: Camerupt|Camerupt, L50, M|100/100\n|switch|p1b: Typhlosion|Typhlosion-Hisui, L50, M|100/100\n|-item|p2a: Camerupt|Cameruptite|[from] ability: Frisk|[of] p1b: Typhlosion\n|-item|p2b: Torkoal|Charcoal|[from] ability: Frisk|[of] p1b: Typhlosion\n|turn|4\n|\n|t:|1776197707\n|detailschange|p2a: Camerupt|Camerupt-Mega, L50, M\n|-mega|p2a: Camerupt|Camerupt|Cameruptite\n|move|p1a: Aerodactyl|Protect|p1a: Aerodactyl\n|-singleturn|p1a: Aerodactyl|Protect\n|move|p2b: Torkoal|Heat Wave|p1a: Aerodactyl|[spread] p1b\n|-activate|p1a: Aerodactyl|move: Protect\n|-resisted|p1b: Typhlosion|1\n|-crit|p1b: Typhlosion\n|-damage|p1b: Typhlosion|48/100\n|move|p2a: Camerupt|Eruption|p1a: Aerodactyl|[spread] p1b\n|-activate|p1a: Aerodactyl|move: Protect\n|-resisted|p1b: Typhlosion|1\n|-damage|p1b: Typhlosion|0 fnt\n|faint|p1b: Typhlosion\n|\n|-weather|SunnyDay|[upkeep]\n|upkeep\n|turn|5\n|-message|deathmaster465 forfeited.\n|\n|win|7/11 doughnuts\n|raw|deathmaster465's rating: 1107 &rarr; <strong>1079</strong><br />(-28 for losing)\n|raw|7&#x2f;11 doughnuts's rating: 1059 &rarr; <strong>1094</strong><br />(+35 for winning)\n|l|\u2606deathmaster465\n|player|p1|\n",
  "uploadtime": 1776197724,
  "views": 25,
  "formatid": "gen9championsvgc2026regma",
  "rating": 1079,
  "private": 0,
  "password": null
}