{
  "id": "gen9championsvgc2026regma-2584212451",
  "format": "[Gen 9 Champions] VGC 2026 Reg M-A",
  "players": [
    "aggsapphire",
    "agoc"
  ],
  "log": "|j|\u2606aggsapphire\n|j|\u2606agoc\n|t:|1776238855\n|gametype|doubles\n|player|p1|aggsapphire|170|1216\n|player|p2|agoc|clown|1155\n|gen|9\n|tier|[Gen 9 Champions] VGC 2026 Reg M-A\n|rated|\n|rule|Species Clause: Limit one of each Pok\u00e9mon\n|rule|Item Clause: Limit 1 of each item\n|clearpoke\n|poke|p1|Incineroar, L50, F|\n|poke|p1|Sinistcha, L50|\n|poke|p1|Kingambit, L50, M|\n|poke|p1|Floette-Eternal, L50, F|\n|poke|p1|Dragapult, L50, M|\n|poke|p1|Sneasler, L50, F|\n|poke|p2|Floette-Eternal, L50, F|\n|poke|p2|Talonflame, L50, F|\n|poke|p2|Milotic, L50, F|\n|poke|p2|Aegislash, L50, M|\n|poke|p2|Politoed, L50, M|\n|poke|p2|Whimsicott, L50, F|\n|teampreview|4\n|inactive|Battle timer is ON: inactive players will automatically lose when time's up. (requested by agoc)\n|\n|t:|1776238921\n|teamsize|p1|4\n|teamsize|p2|4\n|start\n|switch|p1a: Kingambit|Kingambit, L50, M|100/100\n|switch|p1b: Sneasler|Sneasler, L50, F|100/100\n|switch|p2a: Milotic|Milotic, L50, F|100/100\n|switch|p2b: Whimsicott|Whimsicott, L50, F|100/100\n|turn|1\n|\n|t:|1776238938\n|move|p2b: Whimsicott|Protect|p2b: Whimsicott\n|-singleturn|p2b: Whimsicott|Protect\n|move|p2a: Milotic|Protect|p2a: Milotic\n|-singleturn|p2a: Milotic|Protect\n|move|p1b: Sneasler|Dire Claw|p2a: Milotic\n|-activate|p2a: Milotic|move: Protect\n|move|p1a: Kingambit|Iron Head|p2b: Whimsicott\n|-activate|p2b: Whimsicott|move: Protect\n|\n|upkeep\n|turn|2\n|inactive|agoc has 30 seconds left.\n|\n|t:|1776238968\n|move|p2b: Whimsicott|Tailwind|p2b: Whimsicott\n|-sidestart|p2: agoc|move: Tailwind\n|move|p2a: Milotic|Scald|p1b: Sneasler\n|-damage|p1b: Sneasler|64/100\n|move|p1b: Sneasler|Dire Claw|p2a: Milotic\n|-damage|p2a: Milotic|63/100\n|move|p1a: Kingambit|Iron Head|p2b: Whimsicott\n|-supereffective|p2b: Whimsicott|1\n|-enditem|p2b: Whimsicott|Focus Sash\n|-damage|p2b: Whimsicott|1/100\n|\n|-heal|p2a: Milotic|69/100|[from] item: Leftovers\n|upkeep\n|turn|3\n|\n|t:|1776238985\n|move|p1a: Kingambit|Sucker Punch|p2b: Whimsicott\n|-resisted|p2b: Whimsicott|1\n|-damage|p2b: Whimsicott|0 fnt\n|faint|p2b: Whimsicott\n|move|p2a: Milotic|Scald|p1b: Sneasler\n|-damage|p1b: Sneasler|21/100\n|move|p1b: Sneasler|Dire Claw|p2a: Milotic\n|-damage|p2a: Milotic|35/100\n|\n|-heal|p2a: Milotic|41/100|[from] item: Leftovers\n|upkeep\n|\n|t:|1776239000\n|switch|p2b: Politoed|Politoed, L50, M|100/100\n|-weather|RainDance|[from] ability: Drizzle|[of] p2b: Politoed\n|turn|4\n|\n|t:|1776239007\n|move|p1b: Sneasler|Protect|p1b: Sneasler\n|-singleturn|p1b: Sneasler|Protect\n|move|p2b: Politoed|Weather Ball|p1b: Sneasler\n|-activate|p1b: Sneasler|move: Protect\n|move|p2a: Milotic|Recover|p2a: Milotic\n|-heal|p2a: Milotic|91/100\n|move|p1a: Kingambit|Kowtow Cleave|p2a: Milotic\n|-damage|p2a: Milotic|52/100\n|\n|-weather|RainDance|[upkeep]\n|-heal|p2a: Milotic|58/100|[from] item: Leftovers\n|upkeep\n|turn|5\n|inactive|aggsapphire has 30 seconds left.\n|\n|t:|1776239038\n|switch|p1b: Dragapult|Dragapult, L50, M|100/100\n|move|p2b: Politoed|Weather Ball|p1b: Dragapult\n|-resisted|p1b: Dragapult|1\n|-damage|p1b: Dragapult|56/100\n|move|p2a: Milotic|Scald|p1a: Kingambit\n|-damage|p1a: Kingambit|56/100\n|-status|p1a: Kingambit|brn\n|move|p1a: Kingambit|Kowtow Cleave|p2b: Politoed\n|-damage|p2b: Politoed|65/100\n|\n|-weather|RainDance|[upkeep]\n|-heal|p2a: Milotic|64/100|[from] item: Leftovers\n|-damage|p1a: Kingambit|50/100 brn|[from] brn\n|-sideend|p2: agoc|move: Tailwind\n|upkeep\n|turn|6\n|\n|t:|1776239058\n|move|p1b: Dragapult|Dragon Darts|p2b: Politoed\n|-damage|p2b: Politoed|32/100\n|-anim|p1b: Dragapult|Dragon Darts|p2a: Milotic\n|-crit|p2a: Milotic\n|-damage|p2a: Milotic|34/100\n|move|p2b: Politoed|Weather Ball|p1b: Dragapult\n|-resisted|p1b: Dragapult|1\n|-damage|p1b: Dragapult|10/100\n|move|p2a: Milotic|Scald|p1b: Dragapult\n|-resisted|p1b: Dragapult|1\n|-damage|p1b: Dragapult|0 fnt\n|faint|p1b: Dragapult\n|move|p1a: Kingambit|Kowtow Cleave|p2b: Politoed\n|-damage|p2b: Politoed|0 fnt\n|faint|p2b: Politoed\n|\n|-weather|RainDance|[upkeep]\n|-heal|p2a: Milotic|40/100|[from] item: Leftovers\n|-damage|p1a: Kingambit|44/100 brn|[from] brn\n|upkeep\n|\n|t:|1776239076\n|switch|p1b: Floette|Floette-Eternal, L50, F|100/100\n|switch|p2b: Floette|Floette-Eternal, L50, F|100/100\n|turn|7\n|\n|t:|1776239087\n|detailschange|p2b: Floette|Floette-Mega, L50, F\n|-mega|p2b: Floette|Floette|Floettite\n|-ability|p2b: Floette|Fairy Aura\n|detailschange|p1b: Floette|Floette-Mega, L50, F\n|-mega|p1b: Floette|Floette|Floettite\n|-ability|p1b: Floette|Fairy Aura\n|move|p2b: Floette|Moonblast|p1a: Kingambit\n|-damage|p1a: Kingambit|0 fnt\n|faint|p1a: Kingambit\n|move|p1b: Floette|Calm Mind|p1b: Floette\n|-boost|p1b: Floette|spa|1\n|-boost|p1b: Floette|spd|1\n|move|p2a: Milotic|Icy Wind|p1b: Floette\n|-damage|p1b: Floette|94/100\n|-unboost|p1b: Floette|spe|1\n|\n|-weather|RainDance|[upkeep]\n|-heal|p2a: Milotic|46/100|[from] item: Leftovers\n|upkeep\n|\n|t:|1776239102\n|switch|p1a: Sneasler|Sneasler, L50, F|21/100\n|turn|8\n|inactive|agoc has 30 seconds left.\n|\n|t:|1776239132\n|move|p2b: Floette|Protect|p2b: Floette\n|-singleturn|p2b: Floette|Protect\n|move|p1a: Sneasler|Close Combat|p2a: Milotic\n|-damage|p2a: Milotic|0 fnt\n|-unboost|p1a: Sneasler|def|1\n|-unboost|p1a: Sneasler|spd|1\n|faint|p2a: Milotic\n|-enditem|p1a: Sneasler|White Herb\n|-clearnegativeboost|p1a: Sneasler|[silent]\n|move|p1b: Floette|Draining Kiss|p2b: Floette\n|-activate|p2b: Floette|move: Protect\n|\n|-weather|none\n|upkeep\n|turn|9\n|\n|t:|1776239142\n|move|p1a: Sneasler|Dire Claw|p2b: Floette\n|-supereffective|p2b: Floette|1\n|-damage|p2b: Floette|0 fnt\n|faint|p2b: Floette\n|\n|win|aggsapphire\n|raw|aggsapphire's rating: 1216 &rarr; <strong>1237</strong><br />(+21 for winning)\n|raw|agoc's rating: 1155 &rarr; <strong>1134</strong><br />(-21 for losing)\n|l|\u2606agoc\n|player|p2|\n",
  "uploadtime": 1776239156,
  "views": 20,
  "formatid": "gen9championsvgc2026regma",
  "rating": 1134,
  "private": 0,
  "password": null
}