{
  "id": "gen9championsvgc2026regma-2583645598",
  "format": "[Gen 9 Champions] VGC 2026 Reg M-A",
  "players": [
    "NicoDullblade",
    "FlashitoVgc"
  ],
  "log": "|j|\u2606NicoDullblade\n|j|\u2606FlashitoVgc\n|t:|1776188491\n|gametype|doubles\n|player|p1|NicoDullblade|bugcatcher-gen4dp|1204\n|player|p2|FlashitoVgc|ltsurge|1256\n|gen|9\n|tier|[Gen 9 Champions] VGC 2026 Reg M-A\n|rated|\n|rule|Species Clause: Limit one of each Pok\u00e9mon\n|rule|Item Clause: Limit 1 of each item\n|clearpoke\n|poke|p1|Manectric, L50, F|\n|poke|p1|Pelipper, L50, M|\n|poke|p1|Basculegion, L50, M|\n|poke|p1|Garchomp, L50, F|\n|poke|p1|Kingambit, L50, M|\n|poke|p1|Tsareena, L50, F|\n|poke|p2|Pelipper, L50, M|\n|poke|p2|Feraligatr, L50, M|\n|poke|p2|Archaludon, L50, F|\n|poke|p2|Sinistcha, L50|\n|poke|p2|Sneasler, L50, M|\n|poke|p2|Incineroar, L50, F|\n|teampreview|4\n|inactive|Battle timer is ON: inactive players will automatically lose when time's up. (requested by NicoDullblade)\n|inactive|NicoDullblade has 60 seconds left.\n|\n|t:|1776188525\n|teamsize|p1|4\n|teamsize|p2|4\n|start\n|switch|p1a: Stella|Manectric, L50, F, shiny|100/100\n|switch|p1b: Iscan|Basculegion, L50, M|100/100\n|switch|p2a: Pelipper|Pelipper, L50, M|100/100\n|switch|p2b: Archaludon|Archaludon, L50, F|100/100\n|-weather|RainDance|[from] ability: Drizzle|[of] p2a: Pelipper\n|turn|1\n|\n|t:|1776188545\n|detailschange|p1a: Stella|Manectric-Mega, L50, F, shiny\n|-mega|p1a: Stella|Manectric|Manectite\n|-ability|p1a: Stella|Intimidate|boost\n|-unboost|p2a: Pelipper|atk|1\n|-unboost|p2b: Archaludon|atk|1\n|move|p2a: Pelipper|Protect|p2a: Pelipper\n|-singleturn|p2a: Pelipper|Protect\n|move|p1b: Iscan|Flip Turn|p2b: Archaludon\n|-resisted|p2b: Archaludon|1\n|-damage|p2b: Archaludon|79/100\n|-ability|p2b: Archaludon|Stamina|boost\n|-boost|p2b: Archaludon|def|1\n|\n|t:|1776188555\n|switch|p1b: Garchomp|Garchomp, L50, F|100/100|[from] Flip Turn\n|move|p1a: Stella|Thunderbolt|p2a: Pelipper\n|-activate|p2a: Pelipper|move: Protect\n|move|p2b: Archaludon|Draco Meteor|p1a: Stella\n|-damage|p1a: Stella|5/100\n|-unboost|p2b: Archaludon|spa|2\n|\n|-weather|RainDance|[upkeep]\n|-heal|p2b: Archaludon|85/100|[from] item: Leftovers\n|upkeep\n|turn|2\n|\n|t:|1776188575\n|move|p1a: Stella|Protect|p1a: Stella\n|-singleturn|p1a: Stella|Protect\n|move|p2b: Archaludon|Protect|p2b: Archaludon\n|-singleturn|p2b: Archaludon|Protect\n|move|p1b: Garchomp|Earthquake|p2a: Pelipper|[spread] \n|-activate|p1a: Stella|move: Protect\n|-activate|p2b: Archaludon|move: Protect\n|-immune|p2a: Pelipper\n|move|p2a: Pelipper|Weather Ball|p1a: Stella\n|-activate|p1a: Stella|move: Protect\n|\n|-weather|RainDance|[upkeep]\n|-heal|p2b: Archaludon|91/100|[from] item: Leftovers\n|upkeep\n|turn|3\n|\n|t:|1776188593\n|move|p1a: Stella|Thunderbolt|p2a: Pelipper\n|-supereffective|p2a: Pelipper|2\n|-enditem|p2a: Pelipper|Focus Sash\n|-damage|p2a: Pelipper|1/100\n|move|p1b: Garchomp|Earthquake|p2b: Archaludon|[spread] p1a,p2b\n|-immune|p2a: Pelipper\n|-supereffective|p1a: Stella|1\n|-supereffective|p2b: Archaludon|1\n|-damage|p1a: Stella|0 fnt\n|-damage|p2b: Archaludon|51/100\n|-ability|p2b: Archaludon|Stamina|boost\n|-boost|p2b: Archaludon|def|1\n|faint|p1a: Stella\n|move|p2b: Archaludon|Electro Shot||[still]\n|-prepare|p2b: Archaludon|Electro Shot\n|-boost|p2b: Archaludon|spa|1\n|-anim|p2b: Archaludon|Electro Shot|p1b: Garchomp\n|-immune|p1b: Garchomp\n|move|p2a: Pelipper|Tailwind|p2a: Pelipper\n|-sidestart|p2: FlashitoVgc|move: Tailwind\n|\n|-weather|RainDance|[upkeep]\n|-heal|p2b: Archaludon|57/100|[from] item: Leftovers\n|upkeep\n|\n|t:|1776188612\n|switch|p1a: Rosemary|Tsareena, L50, F|100/100\n|turn|4\n|\n|t:|1776188619\n|move|p2a: Pelipper|Protect|p2a: Pelipper\n|-singleturn|p2a: Pelipper|Protect\n|move|p2b: Archaludon|Draco Meteor|p1b: Garchomp\n|-supereffective|p1b: Garchomp|1\n|-damage|p1b: Garchomp|3/100\n|-unboost|p2b: Archaludon|spa|2\n|move|p1b: Garchomp|Rock Slide|p2b: Archaludon|[spread] \n|-activate|p2a: Pelipper|move: Protect\n|-miss|p1b: Garchomp|p2b: Archaludon\n|move|p1a: Rosemary|High Jump Kick|p2b: Archaludon\n|-supereffective|p2b: Archaludon|1\n|-damage|p2b: Archaludon|21/100\n|-ability|p2b: Archaludon|Stamina|boost\n|-boost|p2b: Archaludon|def|1\n|\n|-weather|RainDance|[upkeep]\n|-heal|p2b: Archaludon|27/100|[from] item: Leftovers\n|upkeep\n|turn|5\n|\n|t:|1776188640\n|move|p1b: Garchomp|Protect|p1b: Garchomp\n|-singleturn|p1b: Garchomp|Protect\n|move|p2b: Archaludon|Flash Cannon|p1b: Garchomp\n|-activate|p1b: Garchomp|move: Protect\n|move|p2a: Pelipper|Hurricane|p1a: Rosemary\n|-supereffective|p1a: Rosemary|1\n|-damage|p1a: Rosemary|0 fnt\n|faint|p1a: Rosemary\n|\n|-weather|none\n|-heal|p2b: Archaludon|33/100|[from] item: Leftovers\n|upkeep\n|\n|t:|1776188651\n|switch|p1a: Iscan|Basculegion, L50, M|100/100\n|turn|6\n|\n|t:|1776188659\n|move|p2a: Pelipper|Protect|p2a: Pelipper\n|-singleturn|p2a: Pelipper|Protect\n|move|p1a: Iscan|Last Respects|p2b: Archaludon\n|-damage|p2b: Archaludon|1/100\n|-ability|p2b: Archaludon|Stamina|boost\n|-boost|p2b: Archaludon|def|1\n|move|p2b: Archaludon|Flash Cannon|p1b: Garchomp\n|-damage|p1b: Garchomp|0 fnt\n|faint|p1b: Garchomp\n|\n|-heal|p2b: Archaludon|7/100|[from] item: Leftovers\n|-sideend|p2: FlashitoVgc|move: Tailwind\n|upkeep\n|turn|7\n|\n|t:|1776188675\n|move|p1a: Iscan|Last Respects|p2a: Pelipper\n|-damage|p2a: Pelipper|0 fnt\n|faint|p2a: Pelipper\n|move|p2b: Archaludon|Electro Shot||[still]\n|-prepare|p2b: Archaludon|Electro Shot\n|-boost|p2b: Archaludon|spa|1\n|\n|-heal|p2b: Archaludon|13/100|[from] item: Leftovers\n|upkeep\n|\n|t:|1776188683\n|switch|p2a: Feraligatr|Feraligatr, L50, M|100/100\n|turn|8\n|\n|t:|1776188688\n|detailschange|p2a: Feraligatr|Feraligatr-Mega, L50, M\n|-mega|p2a: Feraligatr|Feraligatr|Feraligite\n|move|p1a: Iscan|Last Respects|p2a: Feraligatr\n|-damage|p2a: Feraligatr|0 fnt\n|faint|p2a: Feraligatr\n|move|p2b: Archaludon|Electro Shot|p1a: Iscan|[from] lockedmove\n|-supereffective|p1a: Iscan|1\n|-damage|p1a: Iscan|54/100\n|\n|-heal|p2b: Archaludon|19/100|[from] item: Leftovers\n|upkeep\n|\n|t:|1776188698\n|switch|p2a: Sneasler|Sneasler, L50, M|100/100\n|turn|9\n|\n|t:|1776188706\n|move|p1a: Iscan|Last Respects|p2a: Sneasler\n|-damage|p2a: Sneasler|0 fnt\n|faint|p2a: Sneasler\n|move|p2b: Archaludon|Electro Shot||[still]\n|-prepare|p2b: Archaludon|Electro Shot\n|-boost|p2b: Archaludon|spa|1\n|\n|-heal|p2b: Archaludon|25/100|[from] item: Leftovers\n|upkeep\n|turn|10\n|\n|t:|1776188715\n|move|p1a: Iscan|Last Respects|p2b: Archaludon\n|-crit|p2b: Archaludon\n|-damage|p2b: Archaludon|0 fnt\n|faint|p2b: Archaludon\n|\n|win|NicoDullblade\n|raw|NicoDullblade's rating: 1204 &rarr; <strong>1233</strong><br />(+29 for winning)\n|raw|FlashitoVgc's rating: 1256 &rarr; <strong>1227</strong><br />(-29 for losing)\n|l|\u2606FlashitoVgc\n|player|p2|\n|j| Perhaps Perish?\n|j| Cdogp\n",
  "uploadtime": 1776188778,
  "views": 20,
  "formatid": "gen9championsvgc2026regma",
  "rating": 1227,
  "private": 0,
  "password": null
}