{
  "id": "gen9championsvgc2026regma-2588660675",
  "format": "[Gen 9 Champions] VGC 2026 Reg M-A",
  "players": [
    "the bags12",
    "adalove"
  ],
  "log": "|j|\u2606the bags12\n|j|\u2606adalove\n|t:|1776654886\n|gametype|doubles\n|player|p1|the bags12|falkner|1188\n|player|p2|adalove|dragontamer|1152\n|gen|9\n|tier|[Gen 9 Champions] VGC 2026 Reg M-A\n|rated|\n|rule|Species Clause: Limit one of each Pok\u00e9mon\n|rule|Item Clause: Limit 1 of each item\n|clearpoke\n|poke|p1|Garchomp, L50, M, shiny|\n|poke|p1|Whimsicott, L50, M, shiny|\n|poke|p1|Sneasler, L50, M, shiny|\n|poke|p1|Aerodactyl, L50, M, shiny|\n|poke|p1|Scizor, L50, M, shiny|\n|poke|p1|Dragapult, L50, M, shiny|\n|poke|p2|Tyranitar, L50, M|\n|poke|p2|Excadrill, L50, F|\n|poke|p2|Corviknight, L50, M|\n|poke|p2|Garchomp, L50, F|\n|poke|p2|Primarina, L50, F|\n|poke|p2|Sinistcha, L50|\n|teampreview|4\n|inactive|Battle timer is ON: inactive players will automatically lose when time's up. (requested by adalove)\n|inactive|the bags12 also wants the timer to be on.\n|inactive|the bags12 has 60 seconds left.\n|inactive|adalove has 60 seconds left.\nadalove rejected open team sheets.\n|\n|t:|1776654943\n|teamsize|p1|4\n|teamsize|p2|4\n|start\n|switch|p1a: Aerodactyl|Aerodactyl, L50, M, shiny|100/100\n|switch|p1b: Chumps|Garchomp, L50, M, shiny|100/100\n|switch|p2a: Defensive-Moat|Corviknight, L50, M|100/100\n|switch|p2b: Outbound|Primarina, L50, F|100/100\n|-ability|p1a: Aerodactyl|Unnerve\n|turn|1\n|\n|t:|1776654966\n|detailschange|p1b: Chumps|Garchomp-Mega, L50, M, shiny\n|-mega|p1b: Chumps|Garchomp|Garchompite\n|move|p1a: Aerodactyl|Rock Slide|p2a: Defensive-Moat|[spread] p2a,p2b\n|-crit|p2b: Outbound\n|-damage|p2a: Defensive-Moat|82/100\n|-damage|p2b: Outbound|46/100\n|move|p1b: Chumps|Earthquake|p2b: Outbound|[spread] p2b\n|-immune|p1a: Aerodactyl\n|-immune|p2a: Defensive-Moat\n|-damage|p2b: Outbound|0 fnt\n|faint|p2b: Outbound\n|cant|p2a: Defensive-Moat|flinch\n|\n|-heal|p2a: Defensive-Moat|88/100|[from] item: Leftovers\n|upkeep\n|\n|t:|1776654977\n|switch|p2b: Frictionless|Garchomp, L50, F|100/100\n|turn|2\n|\n|t:|1776654987\n|move|p1a: Aerodactyl|Tailwind|p1a: Aerodactyl\n|-sidestart|p1: the bags12|move: Tailwind\n|move|p1b: Chumps|Dragon Claw|p2b: Frictionless\n|-supereffective|p2b: Frictionless|1\n|-damage|p2b: Frictionless|2/100\n|move|p2b: Frictionless|Dragon Claw|p1b: Chumps\n|-supereffective|p1b: Chumps|1\n|-damage|p1b: Chumps|32/100\n|move|p2a: Defensive-Moat|Tailwind|p2a: Defensive-Moat\n|-sidestart|p2: adalove|move: Tailwind\n|\n|-heal|p2a: Defensive-Moat|94/100|[from] item: Leftovers\n|upkeep\n|turn|3\n|\n|t:|1776655004\n|move|p2b: Frictionless|Protect|p2b: Frictionless\n|-singleturn|p2b: Frictionless|Protect\n|move|p1a: Aerodactyl|Rock Slide|p2a: Defensive-Moat|[spread] p2a\n|-activate|p2b: Frictionless|move: Protect\n|-damage|p2a: Defensive-Moat|77/100\n|move|p1b: Chumps|Rock Slide|p2b: Frictionless|[spread] p2a\n|-activate|p2b: Frictionless|move: Protect\n|-damage|p2a: Defensive-Moat|58/100\n|cant|p2a: Defensive-Moat|flinch\n|\n|-heal|p2a: Defensive-Moat|65/100|[from] item: Leftovers\n|upkeep\n|turn|4\n|\n|t:|1776655019\n|switch|p2b: The-Catalyst|Tyranitar, L50, M|100/100\n|-weather|Sandstorm|[from] ability: Sand Stream|[of] p2b: The-Catalyst\n|move|p1a: Aerodactyl|Rock Slide|p2a: Defensive-Moat|[spread] p2a,p2b\n|-damage|p2a: Defensive-Moat|47/100\n|-damage|p2b: The-Catalyst|83/100\n|move|p1b: Chumps|Rock Slide|p2a: Defensive-Moat|[spread] p2a,p2b\n|-damage|p2a: Defensive-Moat|23/100\n|-damage|p2b: The-Catalyst|59/100\n|move|p2a: Defensive-Moat|Brave Bird|p1b: Chumps\n|-damage|p1b: Chumps|0 fnt\n|faint|p1b: Chumps\n|-damage|p2a: Defensive-Moat|11/100|[from] Recoil\n|\n|-weather|Sandstorm|[upkeep]\n|-heal|p2a: Defensive-Moat|18/100|[from] item: Leftovers\n|upkeep\n|\n|t:|1776655033\n|switch|p1b: Niczor|Scizor, L50, M, shiny|100/100\n|turn|5\n|inactive|adalove has 30 seconds left.\n|\n|t:|1776655061\n|switch|p2b: Frictionless|Garchomp, L50, F|2/100\n|move|p1a: Aerodactyl|Rock Slide|p2a: Defensive-Moat|[spread] p2a,p2b\n|-resisted|p2b: Frictionless|1\n|-damage|p2a: Defensive-Moat|0 fnt\n|-damage|p2b: Frictionless|0 fnt\n|faint|p2a: Defensive-Moat\n|faint|p2b: Frictionless\n|move|p1b: Niczor|U-turn|p2: Defensive-Moat|[notarget]\n|-fail|p1b: Niczor\n|\n|-weather|Sandstorm|[upkeep]\n|-sideend|p1: the bags12|move: Tailwind\n|-sideend|p2: adalove|move: Tailwind\n|upkeep\n|\n|t:|1776655067\n|switch|p2b: The-Catalyst|Tyranitar, L50, M|59/100\n|turn|6\n|\n|t:|1776655073\n|detailschange|p2b: The-Catalyst|Tyranitar-Mega, L50, M\n|-mega|p2b: The-Catalyst|Tyranitar|Tyranitarite\n|move|p1a: Aerodactyl|Tailwind|p1a: Aerodactyl\n|-sidestart|p1: the bags12|move: Tailwind\n|move|p1b: Niczor|Close Combat|p2b: The-Catalyst\n|-supereffective|p2b: The-Catalyst|2\n|-damage|p2b: The-Catalyst|0 fnt\n|-unboost|p1b: Niczor|def|1\n|-unboost|p1b: Niczor|spd|1\n|faint|p2b: The-Catalyst\n|\n|win|the bags12\n|raw|the bags12's rating: 1188 &rarr; <strong>1210</strong><br />(+22 for winning)\n|raw|adalove's rating: 1152 &rarr; <strong>1130</strong><br />(-22 for losing)\n",
  "uploadtime": 1776655073,
  "views": 5,
  "formatid": "gen9championsvgc2026regma",
  "rating": 1130,
  "private": 0,
  "password": null
}