{
  "id": "gen9championsvgc2026regma-2581106309",
  "format": "[Gen 9 Champions] VGC 2026 Reg M-A",
  "players": [
    "toadsamongmen",
    "test for tour v10"
  ],
  "log": "|j|\u2606toadsamongmen\n|j|\u2606test for tour v10\n|t:|1775960439\n|gametype|doubles\n|player|p1|toadsamongmen|swimmerf|\n|player|p2|test for tour v10|miku-flying|\n|gen|9\n|tier|[Gen 9 Champions] VGC 2026 Reg M-A\n|rated|Tournament battle\n|rule|Species Clause: Limit one of each Pok\u00e9mon\n|rule|Item Clause: Limit 1 of each item\n|raw|<div class=\"infobox\"><details class=\"readmore\" open><summary><strong>1 custom rule:</strong></summary> Force Open Team Sheets</details></div>\n|clearpoke\n|poke|p1|Aerodactyl, L50, F|\n|poke|p1|Incineroar, L50, F|\n|poke|p1|Snorlax, L50, F|\n|poke|p1|Rotom-Heat, L50|\n|poke|p1|Basculegion, L50, M|\n|poke|p1|Hydreigon, L50, M|\n|poke|p2|Floette-Eternal, L50, F|\n|poke|p2|Maushold, L50|\n|poke|p2|Garchomp, L50, F|\n|poke|p2|Talonflame, L50, M|\n|poke|p2|Rotom-Wash, L50|\n|poke|p2|Aegislash, L50, M|\n|teampreview|4\n|showteam|p1|Aerodactyl||Aerodactylite|Unnerve|DualWingbeat,Tailwind,RockSlide,IronHead|||F|||50|]Incineroar||ChartiBerry|Intimidate|FlareBlitz,Snarl,FakeOut,PartingShot|||F|||50|]Snorlax||Leftovers|ThickFat|DoubleEdge,Yawn,Protect,HeavySlam|||F|||50|]Rotom-Heat||SitrusBerry|Levitate|Thunderbolt,Overheat,VoltSwitch,WillOWisp||||||50|]Basculegion||ChoiceScarf|Adaptability|AquaJet,FlipTurn,WaveCrash,LastRespects|||M|||50|]Hydreigon||HabanBerry|Levitate|EarthPower,DracoMeteor,DarkPulse,Protect|||M|||50|\n|showteam|p2|Floette-Eternal||Floettite|FlowerVeil|Moonblast,DazzlingGleam,CalmMind,Protect|||F|||50|]Maushold||FocusSash|FriendGuard|SuperFang,Taunt,FollowMe,Protect||||||50|]Garchomp||SoftSand|RoughSkin|Earthquake,StompingTantrum,StoneEdge,Protect|||F|||50|]Talonflame|||GaleWings|Acrobatics,FlareBlitz,Tailwind,Protect|||M|||50|]Rotom-Wash||SitrusBerry|Levitate|HydroPump,VoltSwitch,Thunderbolt,HelpingHand||||||50|]Aegislash||SpellTag|StanceChange|Poltergeist,ShadowSneak,IronHead,KingsShield|||M|||50|\n|inactive|Battle timer is ON: inactive players will automatically lose when time's up. (requested by toadsamongmen)\n|c|\u2606test for tour v10|glhf\ntest for tour v10 has agreed to open team sheets.\n|c|\u2606toadsamongmen|blnf\n|c|\u2606toadsamongmen|I hate this team\n|inactive|toadsamongmen has 60 seconds left.\n|j| Carrielis\n|\n|t:|1775960477\n|teamsize|p1|4\n|teamsize|p2|4\n|start\n|switch|p1a: Aerodactyl|Aerodactyl, L50, F|100/100\n|switch|p1b: Incineroar|Incineroar, L50, F|100/100\n|switch|p2a: Talonflame|Talonflame, L50, M|100/100\n|switch|p2b: Rotom|Rotom-Wash, L50|100/100\n|-ability|p1a: Aerodactyl|Unnerve\n|-ability|p1b: Incineroar|Intimidate|boost\n|-unboost|p2a: Talonflame|atk|1\n|-unboost|p2b: Rotom|atk|1\n|turn|1\n|\n|t:|1775960495\n|detailschange|p1a: Aerodactyl|Aerodactyl-Mega, L50, F\n|-mega|p1a: Aerodactyl|Aerodactyl|Aerodactylite\n|move|p1b: Incineroar|Fake Out|p2b: Rotom\n|-damage|p2b: Rotom|90/100\n|move|p2a: Talonflame|Tailwind|p2a: Talonflame\n|-sidestart|p2: test for tour v10|move: Tailwind\n|cant|p2b: Rotom|flinch\n|move|p1a: Aerodactyl|Tailwind|p1a: Aerodactyl\n|-sidestart|p1: toadsamongmen|move: Tailwind\n|\n|upkeep\n|turn|2\n|\n|t:|1775960520\n|move|p2a: Talonflame|Acrobatics|p1b: Incineroar\n|-crit|p1b: Incineroar\n|-damage|p1b: Incineroar|44/100\n|move|p1a: Aerodactyl|Rock Slide|p2a: Talonflame|[spread] p2b\n|-miss|p1a: Aerodactyl|p2a: Talonflame\n|-damage|p2b: Rotom|55/100\n|cant|p2b: Rotom|flinch\n|move|p1b: Incineroar|Parting Shot|p2b: Rotom\n|-unboost|p2b: Rotom|atk|1\n|-unboost|p2b: Rotom|spa|1\n|\n|t:|1775960531\n|switch|p1b: Basculegion|Basculegion, L50, M|100/100|[from] Parting Shot\n|\n|upkeep\n|turn|3\n|c|\u2606toadsamongmen|yo\n|\n|t:|1775960552\n|switch|p2a: Aegislash|Aegislash, L50, M, shiny|100/100\n|move|p1a: Aerodactyl|Rock Slide|p2a: Aegislash|[spread] p2a,p2b\n|-resisted|p2a: Aegislash|1\n|-damage|p2a: Aegislash|84/100\n|-damage|p2b: Rotom|17/100\n|-enditem|p2b: Rotom|Sitrus Berry|[eat]\n|-heal|p2b: Rotom|42/100|[from] item: Sitrus Berry\n|move|p1b: Basculegion|Wave Crash|p2b: Rotom\n|-resisted|p2b: Rotom|1\n|-damage|p2b: Rotom|0 fnt\n|faint|p2b: Rotom\n|-damage|p1b: Basculegion|90/100|[from] Recoil\n|\n|upkeep\n|\n|t:|1775960568\n|switch|p2b: Floette|Floette-Eternal, L50, F, shiny|100/100\n|turn|4\n|\n|t:|1775960582\n|switch|p1b: Incineroar|Incineroar, L50, F|44/100\n|-ability|p1b: Incineroar|Intimidate|boost\n|-unboost|p2a: Aegislash|atk|1\n|-unboost|p2b: Floette|atk|1\n|detailschange|p2b: Floette|Floette-Mega, L50, F, shiny\n|-mega|p2b: Floette|Floette|Floettite\n|-ability|p2b: Floette|Fairy Aura\n|move|p2b: Floette|Protect|p2b: Floette\n|-singleturn|p2b: Floette|Protect\n|move|p1a: Aerodactyl|Iron Head|p2b: Floette\n|-activate|p2b: Floette|move: Protect\n|-formechange|p2a: Aegislash|Aegislash-Blade|\n|move|p2a: Aegislash|Poltergeist|p1b: Incineroar\n|-activate|p1b: Incineroar|move: Poltergeist|Charti Berry\n|-resisted|p1b: Incineroar|1\n|-damage|p1b: Incineroar|19/100\n|\n|-sideend|p2: test for tour v10|move: Tailwind\n|-sideend|p1: toadsamongmen|move: Tailwind\n|upkeep\n|turn|5\n|\n|t:|1775960607\n|switch|p2b: Talonflame|Talonflame, L50, M|100/100\n|move|p1b: Incineroar|Fake Out|p2b: Talonflame\n|-damage|p2b: Talonflame|85/100\n|move|p1a: Aerodactyl|Iron Head|p2b: Talonflame\n|-resisted|p2b: Talonflame|1\n|-damage|p2b: Talonflame|52/100\n|move|p2a: Aegislash|Poltergeist|p1b: Incineroar\n|-activate|p1b: Incineroar|move: Poltergeist|Charti Berry\n|-resisted|p1b: Incineroar|1\n|-damage|p1b: Incineroar|0 fnt\n|faint|p1b: Incineroar\n|\n|upkeep\n|c|\u2606toadsamongmen|I forgot you still had talon flame\n|\n|t:|1775960627\n|switch|p1b: Basculegion|Basculegion, L50, M|90/100\n|turn|6\n|\n|t:|1775960638\n|move|p2b: Talonflame|Protect|p2b: Talonflame\n|-singleturn|p2b: Talonflame|Protect\n|move|p1a: Aerodactyl|Rock Slide|p2a: Aegislash|[spread] p2a\n|-activate|p2b: Talonflame|move: Protect\n|-resisted|p2a: Aegislash|1\n|-damage|p2a: Aegislash|46/100\n|move|p1b: Basculegion|Wave Crash|p2a: Aegislash\n|-damage|p2a: Aegislash|0 fnt\n|faint|p2a: Aegislash\n|-damage|p1b: Basculegion|79/100|[from] Recoil\n|\n|upkeep\n|\n|t:|1775960649\n|switch|p2a: Floette|Floette-Mega, L50, F, shiny|100/100\n|-ability|p2a: Floette|Fairy Aura\n|turn|7\n|\n|t:|1775960664\n|move|p1a: Aerodactyl|Rock Slide|p2a: Floette|[spread] p2a,p2b\n|-crit|p2a: Floette\n|-supereffective|p2b: Talonflame|2\n|-damage|p2a: Floette|49/100\n|-damage|p2b: Talonflame|0 fnt\n|faint|p2b: Talonflame\n|move|p1b: Basculegion|Wave Crash|p2a: Floette\n|-damage|p2a: Floette|0 fnt\n|faint|p2a: Floette\n|-damage|p1b: Basculegion|64/100|[from] Recoil\n|\n|win|toadsamongmen\n|n|\u2606toadsamongmen|toadsamongmen\n|n|\u2606test for tour v10|testfortourv10\n|n| Carrielis|carrielis\n|l|\u2606test for tour v10\n|player|p2|\n",
  "uploadtime": 1775960671,
  "views": 9,
  "formatid": "gen9championsvgc2026regma",
  "rating": null,
  "private": 0,
  "password": null
}