{
  "id": "gen9championsvgc2026regma-2584021170",
  "format": "[Gen 9 Champions] VGC 2026 Reg M-A",
  "players": [
    "potaajyu_jv",
    "bearfut"
  ],
  "log": "|j|\u2606potaajyu_jv\n|j|\u2606bearfut\n|t:|1776217492\n|gametype|doubles\n|player|p1|potaajyu_jv|cheryl|1057\n|player|p2|bearfut|101|1158\n|gen|9\n|tier|[Gen 9 Champions] VGC 2026 Reg M-A\n|rated|\n|rule|Species Clause: Limit one of each Pok\u00e9mon\n|rule|Item Clause: Limit 1 of each item\n|clearpoke\n|poke|p1|Primarina, L50, M|\n|poke|p1|Drampa, L50, F|\n|poke|p1|Sneasler, L50, F|\n|poke|p1|Sinistcha, L50|\n|poke|p1|Farigiraf, L50, M|\n|poke|p1|Crabominable, L50, F|\n|poke|p2|Sneasler, L50, M|\n|poke|p2|Floette-Eternal, L50, F|\n|poke|p2|Aerodactyl, L50, F|\n|poke|p2|Maushold-Four, L50|\n|poke|p2|Kingambit, L50, M|\n|poke|p2|Delphox, L50, F|\n|teampreview|4\n|inactive|Battle timer is ON: inactive players will automatically lose when time's up. (requested by bearfut)\n|\n|t:|1776217518\n|teamsize|p1|4\n|teamsize|p2|4\n|start\n|switch|p1a: \u30a2\u30b7\u30ec\u30fc\u30cc|Primarina, L50, M|100/100\n|switch|p1b: \u30ea\u30ad\u30ad\u30ea\u30f3|Farigiraf, L50, M|100/100\n|switch|p2a: Floette|Floette-Eternal, L50, F|100/100\n|switch|p2b: Maushold|Maushold-Four, L50|100/100\n|turn|1\n|inactive|bearfut has 30 seconds left.\n|\n|t:|1776217551\n|detailschange|p2a: Floette|Floette-Mega, L50, F\n|-mega|p2a: Floette|Floette|Floettite\n|-ability|p2a: Floette|Fairy Aura\n|move|p2b: Maushold|Helping Hand|p2a: Floette\n|-singleturn|p2a: Floette|Helping Hand|[of] p2b: Maushold\n|move|p1b: \u30ea\u30ad\u30ad\u30ea\u30f3|Helping Hand|p1a: \u30a2\u30b7\u30ec\u30fc\u30cc\n|-singleturn|p1a: \u30a2\u30b7\u30ec\u30fc\u30cc|Helping Hand|[of] p1b: \u30ea\u30ad\u30ad\u30ea\u30f3\n|move|p2a: Floette|Moonblast|p1b: \u30ea\u30ad\u30ad\u30ea\u30f3\n|-damage|p1b: \u30ea\u30ad\u30ad\u30ea\u30f3|1/100\n|-enditem|p1b: \u30ea\u30ad\u30ad\u30ea\u30f3|Sitrus Berry|[eat]\n|-heal|p1b: \u30ea\u30ad\u30ad\u30ea\u30f3|26/100|[from] item: Sitrus Berry\n|move|p1a: \u30a2\u30b7\u30ec\u30fc\u30cc|Hyper Voice|p2b: Maushold|[spread] p2a,p2b\n|-damage|p2a: Floette|63/100\n|-damage|p2b: Maushold|29/100\n|\n|upkeep\n|turn|2\n|inactive|potaajyu_jv has 30 seconds left.\n|inactive|potaajyu_jv has 20 seconds left.\n|\n|t:|1776217587\n|move|p2b: Maushold|Helping Hand|p2a: Floette\n|-singleturn|p2a: Floette|Helping Hand|[of] p2b: Maushold\n|move|p1b: \u30ea\u30ad\u30ad\u30ea\u30f3|Ally Switch|p1b: \u30ea\u30ad\u30ad\u30ea\u30f3\n|swap|p1b: \u30ea\u30ad\u30ad\u30ea\u30f3|0|[from] move: Ally Switch\n|move|p2a: Floette|Dazzling Gleam|p1b: \u30a2\u30b7\u30ec\u30fc\u30cc|[spread] p1a,p1b\n|-damage|p1a: \u30ea\u30ad\u30ad\u30ea\u30f3|0 fnt\n|-damage|p1b: \u30a2\u30b7\u30ec\u30fc\u30cc|29/100\n|faint|p1a: \u30ea\u30ad\u30ad\u30ea\u30f3\n|move|p1b: \u30a2\u30b7\u30ec\u30fc\u30cc|Hyper Voice|p2b: Maushold|[spread] p2a,p2b\n|-damage|p2a: Floette|38/100\n|-damage|p2b: Maushold|0 fnt\n|faint|p2b: Maushold\n|\n|upkeep\n|\n|t:|1776217599\n|switch|p2b: Sneasler|Sneasler, L50, M|100/100\n|switch|p1a: \u30aa\u30aa\u30cb\u30e5\u30fc\u30e9|Sneasler, L50, F, shiny|100/100\n|turn|3\n|\n|t:|1776217612\n|move|p2a: Floette|Protect|p2a: Floette\n|-singleturn|p2a: Floette|Protect\n|move|p1a: \u30aa\u30aa\u30cb\u30e5\u30fc\u30e9|Protect|p1a: \u30aa\u30aa\u30cb\u30e5\u30fc\u30e9\n|-singleturn|p1a: \u30aa\u30aa\u30cb\u30e5\u30fc\u30e9|Protect\n|move|p1b: \u30a2\u30b7\u30ec\u30fc\u30cc|Aqua Jet|p2a: Floette\n|-activate|p2a: Floette|move: Protect\n|move|p2b: Sneasler|Dire Claw|p1b: \u30a2\u30b7\u30ec\u30fc\u30cc\n|-supereffective|p1b: \u30a2\u30b7\u30ec\u30fc\u30cc|1\n|-damage|p1b: \u30a2\u30b7\u30ec\u30fc\u30cc|0 fnt\n|faint|p1b: \u30a2\u30b7\u30ec\u30fc\u30cc\n|\n|upkeep\n|\n|t:|1776217622\n|switch|p1b: \u30b1\u30b1\u30f3\u30ab\u30cb|Crabominable, L50, F|100/100\n|turn|4\n|\n|t:|1776217635\n|switch|p2a: Kingambit|Kingambit, L50, M|100/100\n|detailschange|p1b: \u30b1\u30b1\u30f3\u30ab\u30cb|Crabominable-Mega, L50, F\n|-mega|p1b: \u30b1\u30b1\u30f3\u30ab\u30cb|Crabominable|Crabominite\n|move|p1b: \u30b1\u30b1\u30f3\u30ab\u30cb|Mach Punch|p2a: Kingambit\n|-supereffective|p2a: Kingambit|2\n|-damage|p2a: Kingambit|0 fnt\n|faint|p2a: Kingambit\n|move|p2b: Sneasler|Close Combat|p1a: \u30aa\u30aa\u30cb\u30e5\u30fc\u30e9\n|-resisted|p1a: \u30aa\u30aa\u30cb\u30e5\u30fc\u30e9|1\n|-damage|p1a: \u30aa\u30aa\u30cb\u30e5\u30fc\u30e9|61/100\n|-unboost|p2b: Sneasler|def|1\n|-unboost|p2b: Sneasler|spd|1\n|-enditem|p2b: Sneasler|White Herb\n|-clearnegativeboost|p2b: Sneasler|[silent]\n|move|p1a: \u30aa\u30aa\u30cb\u30e5\u30fc\u30e9|Close Combat|p2b: Sneasler\n|-resisted|p2b: Sneasler|1\n|-damage|p2b: Sneasler|41/100\n|-unboost|p1a: \u30aa\u30aa\u30cb\u30e5\u30fc\u30e9|def|1\n|-unboost|p1a: \u30aa\u30aa\u30cb\u30e5\u30fc\u30e9|spd|1\n|-enditem|p1a: \u30aa\u30aa\u30cb\u30e5\u30fc\u30e9|White Herb\n|-clearnegativeboost|p1a: \u30aa\u30aa\u30cb\u30e5\u30fc\u30e9|[silent]\n|\n|upkeep\n|\n|t:|1776217653\n|switch|p2a: Floette|Floette-Mega, L50, F|38/100\n|-ability|p2a: Floette|Fairy Aura\n|turn|5\n|inactive|potaajyu_jv has 30 seconds left.\n|\n|t:|1776217681\n|move|p1a: \u30aa\u30aa\u30cb\u30e5\u30fc\u30e9|Protect|p1a: \u30aa\u30aa\u30cb\u30e5\u30fc\u30e9\n|-singleturn|p1a: \u30aa\u30aa\u30cb\u30e5\u30fc\u30e9|Protect\n|move|p2a: Floette|Protect|p2a: Floette\n|-singleturn|p2a: Floette|Protect\n|move|p1b: \u30b1\u30b1\u30f3\u30ab\u30cb|Mach Punch|p2b: Sneasler\n|-resisted|p2b: Sneasler|1\n|-damage|p2b: Sneasler|15/100\n|move|p2b: Sneasler|Close Combat|p1b: \u30b1\u30b1\u30f3\u30ab\u30cb\n|-supereffective|p1b: \u30b1\u30b1\u30f3\u30ab\u30cb|1\n|-damage|p1b: \u30b1\u30b1\u30f3\u30ab\u30cb|6/100\n|-unboost|p2b: Sneasler|def|1\n|-unboost|p2b: Sneasler|spd|1\n|\n|upkeep\n|turn|6\n|\n|t:|1776217700\n|move|p2b: Sneasler|Protect|p2b: Sneasler\n|-singleturn|p2b: Sneasler|Protect\n|move|p1b: \u30b1\u30b1\u30f3\u30ab\u30cb|Mach Punch|p2b: Sneasler\n|-activate|p2b: Sneasler|move: Protect\n|move|p1a: \u30aa\u30aa\u30cb\u30e5\u30fc\u30e9|Dire Claw|p2a: Floette\n|-supereffective|p2a: Floette|1\n|-damage|p2a: Floette|0 fnt\n|faint|p2a: Floette\n|\n|upkeep\n|turn|7\n|-message|bearfut forfeited.\n|\n|win|potaajyu_jv\n|raw|potaajyu_jv's rating: 1057 &rarr; <strong>1097</strong><br />(+40 for winning)\n|raw|bearfut's rating: 1158 &rarr; <strong>1126</strong><br />(-32 for losing)\n|l|\u2606bearfut\n|player|p2|\n",
  "uploadtime": 1776217733,
  "views": 30,
  "formatid": "gen9championsvgc2026regma",
  "rating": 1097,
  "private": 0,
  "password": null
}