{
  "id": "gen9championsvgc2026regma-2585513648",
  "format": "[Gen 9 Champions] VGC 2026 Reg M-A",
  "players": [
    "Nickdia1",
    "soulo333"
  ],
  "log": "|j|\u2606Nickdia1\n|j|\u2606soulo333\n|t:|1776352596\n|gametype|doubles\n|player|p1|Nickdia1|266|1182\n|player|p2|soulo333|1|1191\n|gen|9\n|tier|[Gen 9 Champions] VGC 2026 Reg M-A\n|rated|\n|rule|Species Clause: Limit one of each Pok\u00e9mon\n|rule|Item Clause: Limit 1 of each item\n|clearpoke\n|poke|p1|Camerupt, L50, F|\n|poke|p1|Bellibolt, L50, F|\n|poke|p1|Sinistcha-Masterpiece, L50|\n|poke|p1|Incineroar, L50, M|\n|poke|p1|Abomasnow, L50, F|\n|poke|p1|Oranguru, L50, M|\n|poke|p2|Charizard, L50, M|\n|poke|p2|Sneasler, L50, M|\n|poke|p2|Sinistcha, L50|\n|poke|p2|Incineroar, L50, F|\n|poke|p2|Milotic, L50, M|\n|poke|p2|Tyranitar, L50, F|\n|teampreview|4\n|inactive|Battle timer is ON: inactive players will automatically lose when time's up. (requested by Nickdia1)\n|\n|t:|1776352633\n|teamsize|p1|4\n|teamsize|p2|4\n|start\n|switch|p1a: Oranguru|Oranguru, L50, M|100/100\n|switch|p1b: Bellibolt|Bellibolt, L50, F|100/100\n|switch|p2a: Milotic|Milotic, L50, M|100/100\n|switch|p2b: Incineroar|Incineroar, L50, F|100/100\n|-ability|p2b: Incineroar|Intimidate|boost\n|-fail|p1a: Oranguru|unboost|Attack|[from] ability: Inner Focus|[of] p1a: Oranguru\n|-unboost|p1b: Bellibolt|atk|1\n|turn|1\n|\n|t:|1776352649\n|move|p2a: Milotic|Scald|p1a: Oranguru\n|-damage|p1a: Oranguru|79/100\n|-status|p1a: Oranguru|brn\n|move|p2b: Incineroar|Throat Chop|p1a: Oranguru\n|-supereffective|p1a: Oranguru|1\n|-damage|p1a: Oranguru|21/100 brn\n|-start|p1a: Oranguru|Throat Chop|[silent]\n|move|p1b: Bellibolt|Acid Spray|p2b: Incineroar\n|-damage|p2b: Incineroar|93/100\n|-unboost|p2b: Incineroar|spd|2\n|move|p1a: Oranguru|Trick Room|p1a: Oranguru\n|-fieldstart|move: Trick Room|[of] p1a: Oranguru\n|\n|-damage|p1a: Oranguru|15/100 brn|[from] brn\n|upkeep\n|turn|2\n|\n|t:|1776352666\n|move|p2a: Milotic|Protect|p2a: Milotic\n|-singleturn|p2a: Milotic|Protect\n|move|p1b: Bellibolt|Parabolic Charge|p2b: Incineroar|[spread] p1a,p2b\n|-activate|p2a: Milotic|move: Protect\n|-damage|p1a: Oranguru|0 fnt\n|-damage|p2b: Incineroar|58/100\n|faint|p1a: Oranguru\n|move|p2b: Incineroar|Parting Shot|p1b: Bellibolt\n|-unboost|p1b: Bellibolt|atk|1\n|-unboost|p1b: Bellibolt|spa|1\n|\n|t:|1776352671\n|switch|p2b: Sinistcha|Sinistcha, L50|100/100|[from] Parting Shot\n|\n|upkeep\n|\n|t:|1776352682\n|switch|p1a: Incineroar|Incineroar, L50, M|100/100\n|-ability|p1a: Incineroar|Intimidate|boost\n|-unboost|p2a: Milotic|atk|1\n|-ability|p2a: Milotic|Competitive|boost\n|-boost|p2a: Milotic|spa|2\n|-unboost|p2b: Sinistcha|atk|1\n|turn|3\n|\n|t:|1776352689\n|move|p1a: Incineroar|Fake Out|p2a: Milotic\n|-damage|p2a: Milotic|90/100\n|move|p1b: Bellibolt|Soak|p2b: Sinistcha\n|-start|p2b: Sinistcha|typechange|Water\n|move|p2b: Sinistcha|Matcha Gotcha|p1b: Bellibolt|[spread] p1a\n|-miss|p2b: Sinistcha|p1b: Bellibolt\n|-resisted|p1a: Incineroar|1\n|-damage|p1a: Incineroar|93/100\n|cant|p2a: Milotic|flinch\n|\n|-heal|p2a: Milotic|96/100|[from] item: Leftovers\n|upkeep\n|turn|4\n|\n|t:|1776352705\n|switch|p2b: Tyranitar|Tyranitar, L50, F|100/100\n|-weather|Sandstorm|[from] ability: Sand Stream|[of] p2b: Tyranitar\n|move|p2a: Milotic|Protect|p2a: Milotic\n|-singleturn|p2a: Milotic|Protect\n|move|p1b: Bellibolt|Parabolic Charge|p2b: Tyranitar|[spread] p1a,p2b\n|-activate|p2a: Milotic|move: Protect\n|-damage|p1a: Incineroar|81/100\n|-damage|p2b: Tyranitar|90/100\n|move|p1a: Incineroar|Parting Shot|p2b: Tyranitar\n|-unboost|p2b: Tyranitar|atk|1\n|-unboost|p2b: Tyranitar|spa|1\n|\n|t:|1776352718\n|switch|p1a: Camerupt|Camerupt, L50, F|100/100|[from] Parting Shot\n|\n|-weather|Sandstorm|[upkeep]\n|-damage|p1b: Bellibolt|94/100|[from] Sandstorm\n|-damage|p2a: Milotic|90/100|[from] Sandstorm\n|-heal|p2a: Milotic|96/100|[from] item: Leftovers\n|upkeep\n|turn|5\n|\n|t:|1776352724\n|switch|p2b: Incineroar|Incineroar, L50, F|58/100\n|-ability|p2b: Incineroar|Intimidate|boost\n|-unboost|p1a: Camerupt|atk|1\n|-unboost|p1b: Bellibolt|atk|1\n|detailschange|p1a: Camerupt|Camerupt-Mega, L50, F\n|-mega|p1a: Camerupt|Camerupt|Cameruptite\n|move|p1a: Camerupt|Earth Power|p2a: Milotic\n|-damage|p2a: Milotic|51/100\n|move|p1b: Bellibolt|Parabolic Charge|p2b: Incineroar|[spread] p2a,p2b\n|-immune|p1a: Camerupt\n|-supereffective|p2a: Milotic|1\n|-crit|p2a: Milotic\n|-damage|p2a: Milotic|4/100\n|-heal|p1b: Bellibolt|100/100|[from] drain|[of] p2a: Milotic\n|-damage|p2b: Incineroar|47/100\n|-enditem|p2b: Incineroar|Sitrus Berry|[eat]\n|-heal|p2b: Incineroar|72/100|[from] item: Sitrus Berry\n|move|p2a: Milotic|Scald|p1a: Camerupt\n|-supereffective|p1a: Camerupt|2\n|-damage|p1a: Camerupt|0 fnt\n|faint|p1a: Camerupt\n|\n|-weather|Sandstorm|[upkeep]\n|-damage|p1b: Bellibolt|94/100|[from] Sandstorm\n|-damage|p2b: Incineroar|66/100|[from] Sandstorm\n|-damage|p2a: Milotic|0 fnt|[from] Sandstorm\n|faint|p2a: Milotic\n|-fieldend|move: Trick Room\n|upkeep\n|\n|t:|1776352741\n|switch|p2a: Sinistcha|Sinistcha, L50|100/100\n|switch|p1a: Incineroar|Incineroar, L50, M|81/100\n|-ability|p1a: Incineroar|Intimidate|boost\n|-unboost|p2a: Sinistcha|atk|1\n|-unboost|p2b: Incineroar|atk|1\n|-heal|p2b: Incineroar|91/100|[from] ability: Hospitality|[of] p2a: Sinistcha\n|turn|6\n|\n|t:|1776352749\n|move|p1a: Incineroar|Fake Out|p2b: Incineroar\n|-damage|p2b: Incineroar|80/100\n|move|p2a: Sinistcha|Matcha Gotcha|p1b: Bellibolt|[spread] p1a,p1b\n|-resisted|p1a: Incineroar|1\n|-damage|p1a: Incineroar|69/100\n|-damage|p1b: Bellibolt|70/100\n|-start|p1b: Bellibolt|Charge|Matcha Gotcha|[from] ability: Electromorphosis\n|cant|p2b: Incineroar|flinch\n|move|p1b: Bellibolt|Soak|p2a: Sinistcha\n|-start|p2a: Sinistcha|typechange|Water\n|\n|-weather|Sandstorm|[upkeep]\n|-damage|p2a: Sinistcha|94/100|[from] Sandstorm\n|-damage|p2b: Incineroar|74/100|[from] Sandstorm\n|-damage|p1a: Incineroar|63/100|[from] Sandstorm\n|-damage|p1b: Bellibolt|64/100|[from] Sandstorm\n|upkeep\n|turn|7\n|\n|t:|1776352760\n|switch|p2a: Tyranitar|Tyranitar, L50, F|90/100\n|move|p2b: Incineroar|Parting Shot|p1b: Bellibolt\n|-unboost|p1b: Bellibolt|atk|1\n|-unboost|p1b: Bellibolt|spa|1\n|\n|t:|1776352764\n|switch|p2b: Sinistcha|Sinistcha, L50|94/100|[from] Parting Shot\n|-heal|p2a: Tyranitar|100/100|[from] ability: Hospitality|[of] p2b: Sinistcha\n|move|p1a: Incineroar|Snarl|p2a: Tyranitar|[spread] p2a,p2b\n|-resisted|p2a: Tyranitar|1\n|-supereffective|p2b: Sinistcha|1\n|-enditem|p2b: Sinistcha|Colbur Berry|[eat]\n|-enditem|p2b: Sinistcha|Colbur Berry|[weaken]\n|-damage|p2a: Tyranitar|98/100\n|-damage|p2b: Sinistcha|79/100\n|-unboost|p2a: Tyranitar|spa|1\n|-unboost|p2b: Sinistcha|spa|1\n|move|p1b: Bellibolt|Parabolic Charge|p2a: Tyranitar|[spread] p1a,p2a,p2b\n|-resisted|p2b: Sinistcha|1\n|-damage|p1a: Incineroar|47/100\n|-heal|p1b: Bellibolt|72/100|[from] drain|[of] p1a: Incineroar\n|-damage|p2a: Tyranitar|84/100\n|-heal|p1b: Bellibolt|79/100|[from] drain|[of] p2a: Tyranitar\n|-damage|p2b: Sinistcha|66/100\n|-heal|p1b: Bellibolt|84/100|[from] drain|[of] p2b: Sinistcha\n|-enditem|p1a: Incineroar|Sitrus Berry|[eat]\n|-heal|p1a: Incineroar|71/100|[from] item: Sitrus Berry\n|-end|p1b: Bellibolt|Charge|[silent]\n|\n|-weather|Sandstorm|[upkeep]\n|-damage|p2b: Sinistcha|59/100|[from] Sandstorm\n|-damage|p1a: Incineroar|65/100|[from] Sandstorm\n|-damage|p1b: Bellibolt|78/100|[from] Sandstorm\n|upkeep\n|turn|8\n|\n|t:|1776352786\n|detailschange|p2a: Tyranitar|Tyranitar-Mega, L50, F\n|-mega|p2a: Tyranitar|Tyranitar|Tyranitarite\n|move|p2b: Sinistcha|Shadow Ball|p1b: Bellibolt\n|-damage|p1b: Bellibolt|55/100\n|-start|p1b: Bellibolt|Charge|Shadow Ball|[from] ability: Electromorphosis\n|move|p2a: Tyranitar|Knock Off|p1b: Bellibolt\n|-damage|p1b: Bellibolt|4/100\n|-start|p1b: Bellibolt|Charge|Knock Off|[from] ability: Electromorphosis\n|-enditem|p1b: Bellibolt|Magnet|[from] move: Knock Off|[of] p2a: Tyranitar\n|move|p1a: Incineroar|Flare Blitz|p2b: Sinistcha\n|-supereffective|p2b: Sinistcha|1\n|-damage|p2b: Sinistcha|0 fnt\n|faint|p2b: Sinistcha\n|-damage|p1a: Incineroar|48/100|[from] Recoil\n|move|p1b: Bellibolt|Parabolic Charge|p2a: Tyranitar|[spread] p1a,p2a\n|-damage|p1a: Incineroar|34/100\n|-heal|p1b: Bellibolt|11/100|[from] drain|[of] p1a: Incineroar\n|-damage|p2a: Tyranitar|73/100\n|-heal|p1b: Bellibolt|16/100|[from] drain|[of] p2a: Tyranitar\n|-end|p1b: Bellibolt|Charge|[silent]\n|\n|-weather|none\n|upkeep\n|\n|t:|1776352793\n|switch|p2b: Incineroar|Incineroar, L50, F|74/100\n|-ability|p2b: Incineroar|Intimidate|boost\n|-unboost|p1a: Incineroar|atk|1\n|-unboost|p1b: Bellibolt|atk|1\n|turn|9\n|-message|Nickdia1 forfeited.\n|\n|win|soulo333\n|raw|Nickdia1's rating: 1182 &rarr; <strong>1158</strong><br />(-24 for losing)\n|raw|soulo333's rating: 1191 &rarr; <strong>1215</strong><br />(+24 for winning)\n",
  "uploadtime": 1776352809,
  "views": 20,
  "formatid": "gen9championsvgc2026regma",
  "rating": 1158,
  "private": 0,
  "password": null
}