{
  "id": "gen9championsvgc2026regma-2581261257",
  "format": "[Gen 9 Champions] VGC 2026 Reg M-A",
  "players": [
    "iloveapchamp",
    "culattone99"
  ],
  "log": "|j|\u2606iloveapchamp\n|j|\u2606culattone99\n|t:|1775977851\n|gametype|doubles\n|player|p1|iloveapchamp|266|1136\n|player|p2|culattone99|169|1193\n|gen|9\n|tier|[Gen 9 Champions] VGC 2026 Reg M-A\n|rated|\n|rule|Species Clause: Limit one of each Pok\u00e9mon\n|rule|Item Clause: Limit 1 of each item\n|clearpoke\n|poke|p1|Delphox, L50, F|\n|poke|p1|Incineroar, L50, M|\n|poke|p1|Floette-Eternal, L50, F|\n|poke|p1|Garchomp, L50, F|\n|poke|p1|Sneasler, L50, F|\n|poke|p1|Kingambit, L50, M|\n|poke|p2|Volcarona, L50, F|\n|poke|p2|Floette-Eternal, L50, F|\n|poke|p2|Hydreigon, L50, F|\n|poke|p2|Maushold-Four, L50|\n|teampreview|4\n|\n|t:|1775977873\n|teamsize|p1|4\n|teamsize|p2|4\n|start\n|switch|p1a: Delphox|Delphox, L50, F|100/100\n|switch|p1b: Incineroar|Incineroar, L50, M|100/100\n|switch|p2a: Volcarona|Volcarona, L50, F|100/100\n|switch|p2b: Hydreigon|Hydreigon, L50, F|100/100\n|-ability|p1b: Incineroar|Intimidate|boost\n|-unboost|p2a: Volcarona|atk|1\n|-unboost|p2b: Hydreigon|atk|1\n|turn|1\n|\n|t:|1775977904\n|detailschange|p1a: Delphox|Delphox-Mega, L50, F\n|-mega|p1a: Delphox|Delphox|Delphoxite\n|move|p1b: Incineroar|Fake Out|p2b: Hydreigon\n|-damage|p2b: Hydreigon|89/100\n|cant|p2b: Hydreigon|flinch\n|move|p1a: Delphox|Heat Wave|p2b: Hydreigon|[spread] p2a,p2b\n|-resisted|p2b: Hydreigon|1\n|-damage|p2a: Volcarona|62/100\n|-damage|p2b: Hydreigon|65/100\n|move|p2a: Volcarona|Struggle Bug|p1b: Incineroar|[spread] p1a,p1b\n|-damage|p1a: Delphox|82/100\n|-damage|p1b: Incineroar|87/100\n|-unboost|p1a: Delphox|spa|1\n|-unboost|p1b: Incineroar|spa|1\n|\n|-heal|p1b: Incineroar|93/100|[from] item: Leftovers\n|upkeep\n|turn|2\n|\n|t:|1775977925\n|move|p2b: Hydreigon|Dark Pulse|p1a: Delphox\n|-supereffective|p1a: Delphox|1\n|-damage|p1a: Delphox|0 fnt\n|faint|p1a: Delphox\n|move|p2a: Volcarona|Struggle Bug|p1b: Incineroar\n|-damage|p1b: Incineroar|77/100\n|-unboost|p1b: Incineroar|spa|1\n|move|p1b: Incineroar|Parting Shot|p2b: Hydreigon\n|-unboost|p2b: Hydreigon|atk|1\n|-unboost|p2b: Hydreigon|spa|1\n|\n|t:|1775977935\n|switch|p1b: Sneasler|Sneasler, L50, F|100/100|[from] Parting Shot\n|\n|upkeep\n|\n|t:|1775977938\n|switch|p1a: Garchomp|Garchomp, L50, F|100/100\n|turn|3\n|\n|t:|1775977953\n|switch|p2b: Maushold|Maushold-Four, L50|100/100\n|move|p1b: Sneasler|Close Combat|p2b: Maushold\n|-supereffective|p2b: Maushold|1\n|-enditem|p2b: Maushold|Chople Berry|[eat]\n|-enditem|p2b: Maushold|Chople Berry|[weaken]\n|-damage|p2b: Maushold|19/100\n|-unboost|p1b: Sneasler|def|1\n|-unboost|p1b: Sneasler|spd|1\n|-enditem|p1b: Sneasler|White Herb\n|-clearnegativeboost|p1b: Sneasler|[silent]\n|move|p1a: Garchomp|Rock Slide|p2b: Maushold|[spread] p2a,p2b\n|-supereffective|p2a: Volcarona|2\n|-enditem|p2a: Volcarona|Charti Berry|[eat]\n|-enditem|p2a: Volcarona|Charti Berry|[weaken]\n|-damage|p2a: Volcarona|27/100\n|-damage|p2b: Maushold|0 fnt\n|faint|p2b: Maushold\n|move|p2a: Volcarona|Will-O-Wisp|p1a: Garchomp\n|-status|p1a: Garchomp|brn\n|\n|-damage|p1a: Garchomp|94/100 brn|[from] brn\n|upkeep\n|\n|t:|1775977969\n|switch|p2b: Hydreigon|Hydreigon, L50, F|65/100\n|turn|4\n|\n|t:|1775977977\n|move|p2a: Volcarona|Rage Powder|p2a: Volcarona\n|-singleturn|p2a: Volcarona|move: Rage Powder\n|move|p1b: Sneasler|Close Combat|p2a: Volcarona\n|-resisted|p2a: Volcarona|1\n|-damage|p2a: Volcarona|0 fnt\n|-unboost|p1b: Sneasler|def|1\n|-unboost|p1b: Sneasler|spd|1\n|faint|p2a: Volcarona\n|move|p2b: Hydreigon|Draco Meteor|p1b: Sneasler\n|-damage|p1b: Sneasler|0 fnt\n|-unboost|p2b: Hydreigon|spa|2\n|faint|p1b: Sneasler\n|move|p1a: Garchomp|Rock Slide|p2b: Hydreigon\n|-damage|p2b: Hydreigon|50/100\n|\n|-damage|p1a: Garchomp|88/100 brn|[from] brn\n|upkeep\n|\n|t:|1775977991\n|switch|p1b: Incineroar|Incineroar, L50, M|77/100\n|switch|p2a: Floette|Floette-Eternal, L50, F|100/100\n|-ability|p1b: Incineroar|Intimidate|boost\n|-unboost|p2a: Floette|atk|1\n|-unboost|p2b: Hydreigon|atk|1\n|turn|5\n|\n|t:|1775978004\n|detailschange|p2a: Floette|Floette-Mega, L50, F\n|-mega|p2a: Floette|Floette|Floettite\n|-ability|p2a: Floette|Fairy Aura\n|move|p2b: Hydreigon|Draco Meteor|p1a: Garchomp\n|-supereffective|p1a: Garchomp|1\n|-damage|p1a: Garchomp|22/100 brn\n|-unboost|p2b: Hydreigon|spa|2\n|-enditem|p1a: Garchomp|Sitrus Berry|[eat]\n|-heal|p1a: Garchomp|46/100 brn|[from] item: Sitrus Berry\n|move|p1a: Garchomp|Dragon Claw|p2b: Hydreigon\n|-supereffective|p2b: Hydreigon|1\n|-damage|p2b: Hydreigon|0 fnt\n|faint|p2b: Hydreigon\n|move|p2a: Floette|Dazzling Gleam|p1b: Incineroar|[spread] p1a,p1b\n|-supereffective|p1a: Garchomp|1\n|-damage|p1a: Garchomp|0 fnt\n|-damage|p1b: Incineroar|44/100\n|faint|p1a: Garchomp\n|move|p1b: Incineroar|Flare Blitz|p2a: Floette\n|-damage|p2a: Floette|50/100\n|-damage|p1b: Incineroar|29/100|[from] Recoil\n|\n|-heal|p1b: Incineroar|35/100|[from] item: Leftovers\n|upkeep\n|turn|6\n|\n|t:|1775978025\n|move|p2a: Floette|Moonblast|p1b: Incineroar\n|-damage|p1b: Incineroar|0 fnt\n|faint|p1b: Incineroar\n|\n|win|culattone99\n|raw|iloveapchamp's rating: 1136 &rarr; <strong>1115</strong><br />(-21 for losing)\n|raw|culattone99's rating: 1193 &rarr; <strong>1214</strong><br />(+21 for winning)\n",
  "uploadtime": 1775978029,
  "views": 15,
  "formatid": "gen9championsvgc2026regma",
  "rating": 1115,
  "private": 0,
  "password": null
}