{
  "id": "gen9championsvgc2026regma-2588510469",
  "format": "[Gen 9 Champions] VGC 2026 Reg M-A",
  "players": [
    "Rain team practice",
    "CBKreme"
  ],
  "log": "|j|\u2606Rain team practice\n|j|\u2606CBKreme\n|t:|1776640163\n|gametype|doubles\n|player|p1|Rain team practice|266|1081\n|player|p2|CBKreme|interviewers|1044\n|gen|9\n|tier|[Gen 9 Champions] VGC 2026 Reg M-A\n|rated|\n|rule|Species Clause: Limit one of each Pok\u00e9mon\n|rule|Item Clause: Limit 1 of each item\n|clearpoke\n|poke|p1|Starmie, L50|\n|poke|p1|Basculegion, L50, M|\n|poke|p1|Pelipper, L50, M|\n|poke|p1|Incineroar, L50, M|\n|poke|p1|Palafin, L50, M|\n|poke|p1|Garchomp, L50, F|\n|poke|p2|Gardevoir, L50, F, shiny|\n|poke|p2|Ninetales-Alola, L50, F|\n|poke|p2|Froslass, L50, F, shiny|\n|poke|p2|Hatterene, L50, F|\n|poke|p2|Flapple, L50, M, shiny|\n|poke|p2|Sableye, L50, M, shiny|\n|teampreview|4\n|inactive|Battle timer is ON: inactive players will automatically lose when time's up. (requested by CBKreme)\n|\n|t:|1776640187\n|teamsize|p1|4\n|teamsize|p2|4\n|start\n|switch|p1a: Palafin|Palafin, L50, M|100/100\n|switch|p1b: Incineroar|Incineroar, L50, M|100/100\n|switch|p2a: Ninetales|Ninetales-Alola, L50, F|100/100\n|switch|p2b: Sableye|Sableye, L50, M, shiny|100/100\n|-weather|Snowscape|[from] ability: Snow Warning|[of] p2a: Ninetales\n|-ability|p1b: Incineroar|Intimidate|boost\n|-unboost|p2a: Ninetales|atk|1\n|-unboost|p2b: Sableye|atk|1\n|turn|1\n|inactive|CBKreme has 30 seconds left.\n|\n|t:|1776640212\n|detailschange|p1a: Palafin|Palafin-Hero, L50, M\n|switch|p1a: Pelipper|Pelipper, L50, M|100/100\n|-weather|RainDance|[from] ability: Drizzle|[of] p1a: Pelipper\n|move|p1b: Incineroar|Fake Out|p2a: Ninetales\n|-damage|p2a: Ninetales|88/100\n|move|p2b: Sableye|Skill Swap|p2a: Ninetales\n|-activate|p2b: Sableye|Skill Swap|||[of] p2a: Ninetales\n|-weather|Snowscape|[from] ability: Snow Warning|[of] p2b: Sableye\n|cant|p2a: Ninetales|flinch\n|\n|-weather|Snowscape|[upkeep]\n|upkeep\n|turn|2\n|inactive|Rain team practice has 30 seconds left.\n|inactive|CBKreme has 30 seconds left.\n|\n|t:|1776640244\n|move|p2a: Ninetales|Aurora Veil|p2a: Ninetales\n|-sidestart|p2: CBKreme|move: Aurora Veil\n|move|p1a: Pelipper|Tailwind|p1a: Pelipper\n|-sidestart|p1: Rain team practice|move: Tailwind\n|move|p1b: Incineroar|Darkest Lariat|p2b: Sableye\n|-damage|p2b: Sableye|73/100\n|move|p2b: Sableye|Reflect|p2b: Sableye\n|-sidestart|p2: CBKreme|Reflect\n|\n|-weather|Snowscape|[upkeep]\n|upkeep\n|turn|3\n|inactive|Rain team practice has 30 seconds left.\n|inactive|Rain team practice has 20 seconds left.\n|\n|t:|1776640282\n|switch|p1a: Starmie|Starmie, L50|100/100\n|switch|p1b: Palafin|Palafin-Hero, L50, M|100/100\n|-activate|p1b: Palafin|ability: Zero to Hero\n|switch|p2b: Hatterene|Hatterene, L50, F|100/100\n|move|p2a: Ninetales|Encore||[still]\n|-fail|p2a: Ninetales\n|\n|-weather|Snowscape|[upkeep]\n|upkeep\n|turn|4\n|\n|t:|1776640295\n|switch|p2a: Flapple|Flapple, L50, M, shiny|100/100\n|detailschange|p1a: Starmie|Starmie-Mega, L50\n|-mega|p1a: Starmie|Starmie|Starminite\n|move|p1a: Starmie|Liquidation|p2a: Flapple\n|-resisted|p2a: Flapple|2\n|-damage|p2a: Flapple|83/100\n|-unboost|p2a: Flapple|def|1\n|move|p1b: Palafin|Close Combat|p2a: Flapple\n|-damage|p2a: Flapple|15/100\n|-unboost|p1b: Palafin|def|1\n|-unboost|p1b: Palafin|spd|1\n|-enditem|p2a: Flapple|Sitrus Berry|[eat]\n|-heal|p2a: Flapple|40/100|[from] item: Sitrus Berry\n|move|p2b: Hatterene|Trick Room|p2b: Hatterene\n|-fieldstart|move: Trick Room|[of] p2b: Hatterene\n|\n|-weather|Snowscape|[upkeep]\n|upkeep\n|turn|5\n|inactive|CBKreme has 30 seconds left.\n|\n|t:|1776640328\n|move|p1b: Palafin|Aqua Jet|p2b: Hatterene|[miss]\n|-miss|p1b: Palafin|p2b: Hatterene\n|move|p2b: Hatterene|Dark Pulse|p1a: Starmie\n|-supereffective|p1a: Starmie|1\n|-damage|p1a: Starmie|42/100\n|move|p2a: Flapple|Grav Apple|p1b: Palafin\n|-supereffective|p1b: Palafin|1\n|-damage|p1b: Palafin|0 fnt\n|faint|p1b: Palafin\n|move|p1a: Starmie|Psycho Cut|p2a: Flapple\n|-damage|p2a: Flapple|0 fnt\n|faint|p2a: Flapple\n|\n|-weather|none\n|-sideend|p1: Rain team practice|move: Tailwind\n|upkeep\n|\n|t:|1776640342\n|switch|p2a: Ninetales|Ninetales-Alola, L50, F|88/100\n|switch|p1b: Pelipper|Pelipper, L50, M|100/100\n|-weather|RainDance|[from] ability: Drizzle|[of] p1b: Pelipper\n|-weather|Snowscape|[from] ability: Snow Warning|[of] p2a: Ninetales\n|turn|6\n|-message|Rain team practice forfeited.\n|\n|win|CBKreme\n|raw|Rain team practice's rating: 1081 &rarr; <strong>1057</strong><br />(-24 for losing)\n|raw|CBKreme's rating: 1044 &rarr; <strong>1081</strong><br />(+37 for winning)\n|l|\u2606Rain team practice\n|player|p1|\n",
  "uploadtime": 1776640368,
  "views": 9,
  "formatid": "gen9championsvgc2026regma",
  "rating": 1057,
  "private": 0,
  "password": null
}