{
  "id": "gen9championsvgc2026regma-2585024430",
  "format": "[Gen 9 Champions] VGC 2026 Reg M-A",
  "players": [
    "londi g",
    "soulo333"
  ],
  "log": "|j|\u2606londi g\n|j|\u2606soulo333\n|t:|1776304362\n|gametype|doubles\n|player|p1|londi g|colress|1295\n|player|p2|soulo333|266|1289\n|gen|9\n|tier|[Gen 9 Champions] VGC 2026 Reg M-A\n|rated|\n|rule|Species Clause: Limit one of each Pok\u00e9mon\n|rule|Item Clause: Limit 1 of each item\n|clearpoke\n|poke|p1|Froslass, L50, F|\n|poke|p1|Rotom-Frost, L50|\n|poke|p1|Incineroar, L50, M|\n|poke|p1|Garchomp, L50, M|\n|poke|p1|Skarmory, L50, M|\n|poke|p1|Kingambit, L50, F|\n|poke|p2|Charizard, L50, F|\n|poke|p2|Sneasler, L50, F|\n|poke|p2|Sinistcha, L50|\n|poke|p2|Incineroar, L50, M|\n|poke|p2|Milotic, L50, F|\n|poke|p2|Tyranitar, L50, F|\n|teampreview|4\n|c|\u2606londi g|gl\n|\n|t:|1776304395\n|teamsize|p1|4\n|teamsize|p2|4\n|start\n|switch|p1a: Rotom|Rotom-Frost, L50|100/100\n|switch|p1b: Garchomp|Garchomp, L50, M|100/100\n|switch|p2a: Charizard|Charizard, L50, F|100/100\n|switch|p2b: Sneasler|Sneasler, L50, F|100/100\n|turn|1\n|\n|t:|1776304412\n|detailschange|p2a: Charizard|Charizard-Mega-X, L50, F\n|-mega|p2a: Charizard|Charizard|Charizardite X\n|move|p1a: Rotom|Thunderbolt|p2b: Sneasler\n|-damage|p2b: Sneasler|42/100\n|move|p2b: Sneasler|Dire Claw|p1b: Garchomp\n|-resisted|p1b: Garchomp|1\n|-damage|p1b: Garchomp|79/100\n|-status|p1b: Garchomp|psn\n|-damage|p2b: Sneasler|30/100|[from] ability: Rough Skin|[of] p1b: Garchomp\n|move|p1b: Garchomp|Rock Slide|p2b: Sneasler|[spread] p2a,p2b\n|-supereffective|p2a: Charizard|1\n|-resisted|p2b: Sneasler|1\n|-damage|p2a: Charizard|65/100\n|-damage|p2b: Sneasler|13/100\n|cant|p2a: Charizard|flinch\n|\n|-damage|p1b: Garchomp|66/100 psn|[from] psn\n|upkeep\n|turn|2\n|\n|t:|1776304433\n|switch|p2b: Sinistcha|Sinistcha, L50|100/100\n|-heal|p2a: Charizard|90/100|[from] ability: Hospitality|[of] p2b: Sinistcha\n|move|p1a: Rotom|Thunderbolt|p2b: Sinistcha\n|-resisted|p2b: Sinistcha|1\n|-damage|p2b: Sinistcha|77/100\n|move|p1b: Garchomp|Earthquake|p2b: Sinistcha|[spread] p2a,p2b\n|-immune|p1a: Rotom|[from] ability: Levitate\n|-supereffective|p2a: Charizard|1\n|-resisted|p2b: Sinistcha|1\n|-damage|p2a: Charizard|24/100\n|-damage|p2b: Sinistcha|59/100\n|move|p2a: Charizard|Dragon Dance|p2a: Charizard\n|-boost|p2a: Charizard|atk|1\n|-boost|p2a: Charizard|spe|1\n|\n|-damage|p1b: Garchomp|54/100 psn|[from] psn\n|upkeep\n|turn|3\n|\n|t:|1776304456\n|move|p2a: Charizard|Protect|p2a: Charizard\n|-singleturn|p2a: Charizard|Protect\n|move|p1a: Rotom|Thunderbolt|p2a: Charizard\n|-activate|p2a: Charizard|move: Protect\n|move|p1b: Garchomp|Earthquake|p2a: Charizard|[spread] p2b\n|-activate|p2a: Charizard|move: Protect\n|-immune|p1a: Rotom|[from] ability: Levitate\n|-resisted|p2b: Sinistcha|1\n|-damage|p2b: Sinistcha|39/100\n|move|p2b: Sinistcha|Life Dew|p2b: Sinistcha|[spread] p2a,p2b\n|-heal|p2a: Charizard|49/100\n|-heal|p2b: Sinistcha|64/100\n|\n|-damage|p1b: Garchomp|41/100 psn|[from] psn\n|upkeep\n|turn|4\n|\n|t:|1776304476\n|switch|p1a: Kingambit|Kingambit, L50, F|100/100\n|move|p2a: Charizard|Dragon Claw|p1b: Garchomp\n|-supereffective|p1b: Garchomp|1\n|-damage|p1b: Garchomp|0 fnt\n|-damage|p2a: Charizard|36/100|[from] ability: Rough Skin|[of] p1b: Garchomp\n|faint|p1b: Garchomp\n|move|p2b: Sinistcha|Life Dew|p2b: Sinistcha|[spread] p2a,p2b\n|-heal|p2a: Charizard|61/100\n|-heal|p2b: Sinistcha|89/100\n|\n|upkeep\n|\n|t:|1776304491\n|switch|p1b: Rotom|Rotom-Frost, L50|100/100\n|turn|5\n|\n|t:|1776304521\n|move|p1a: Kingambit|Sucker Punch|p2a: Charizard\n|-damage|p2a: Charizard|24/100\n|move|p1b: Rotom|Blizzard|p2a: Charizard|[spread] p2a,p2b\n|-supereffective|p2b: Sinistcha|1\n|-damage|p2a: Charizard|0 fnt\n|-damage|p2b: Sinistcha|7/100\n|-status|p2b: Sinistcha|frz\n|faint|p2a: Charizard\n|cant|p2b: Sinistcha|frz\n|\n|upkeep\n|-message|soulo333 forfeited.\n|\n|win|londi g\n|raw|londi g's rating: 1295 &rarr; <strong>1320</strong><br />(+25 for winning)\n|raw|soulo333's rating: 1289 &rarr; <strong>1264</strong><br />(-25 for losing)\n",
  "uploadtime": 1776304529,
  "views": 40,
  "formatid": "gen9championsvgc2026regma",
  "rating": 1264,
  "private": 0,
  "password": null
}