{
  "id": "gen9championsvgc2026regma-2587924757",
  "format": "[Gen 9 Champions] VGC 2026 Reg M-A",
  "players": [
    "adityanair212",
    "nhvhjvhjvhjvhv"
  ],
  "log": "|j|\u2606adityanair212\n|j|\u2606nhvhjvhjvhjvhv\n|t:|1776579831\n|gametype|doubles\n|player|p1|adityanair212|ghetsis-gen5bw|1091\n|player|p2|nhvhjvhjvhjvhv|266|1180\n|gen|9\n|tier|[Gen 9 Champions] VGC 2026 Reg M-A\n|rated|\n|rule|Species Clause: Limit one of each Pok\u00e9mon\n|rule|Item Clause: Limit 1 of each item\n|clearpoke\n|poke|p1|Golurk, L50|\n|poke|p1|Farigiraf, L50, F|\n|poke|p1|Incineroar, L50, M|\n|poke|p1|Torkoal, L50, F|\n|poke|p1|Sneasler, L50, M|\n|poke|p1|Venusaur, L50, M|\n|poke|p2|Aerodactyl, L50, M|\n|poke|p2|Dragonite, L50, F, shiny|\n|poke|p2|Typhlosion-Hisui, L50, F, shiny|\n|poke|p2|Scizor, L50, F, shiny|\n|poke|p2|Ninetales-Alola, L50, F, shiny|\n|poke|p2|Incineroar, L50, F|\n|teampreview|4\n|inactive|Battle timer is ON: inactive players will automatically lose when time's up. (requested by adityanair212)\n|\n|t:|1776579880\n|teamsize|p1|4\n|teamsize|p2|4\n|start\n|switch|p1a: Incineroar|Incineroar, L50, M|100/100\n|switch|p1b: Farigiraf|Farigiraf, L50, F|100/100\n|switch|p2a: Typhlosion|Typhlosion-Hisui, L50, F, shiny|100/100\n|switch|p2b: Aerodactyl|Aerodactyl, L50, M|100/100\n|-item|p1a: Incineroar|Shuca Berry|[from] ability: Frisk|[of] p2a: Typhlosion\n|-item|p1b: Farigiraf|Sitrus Berry|[from] ability: Frisk|[of] p2a: Typhlosion\n|-ability|p1a: Incineroar|Intimidate|boost\n|-unboost|p2a: Typhlosion|atk|1\n|-unboost|p2b: Aerodactyl|atk|1\n|turn|1\n|inactive|adityanair212 has 30 seconds left.\n|inactive|nhvhjvhjvhjvhv has 30 seconds left.\n|\n|t:|1776579909\n|switch|p2b: Ninetales|Ninetales-Alola, L50, F, shiny|100/100\n|-weather|Snowscape|[from] ability: Snow Warning|[of] p2b: Ninetales\n|move|p2a: Typhlosion|Eruption|p1b: Farigiraf|[spread] p1a,p1b\n|-resisted|p1a: Incineroar|1\n|-damage|p1a: Incineroar|77/100\n|-damage|p1b: Farigiraf|48/100\n|-enditem|p1b: Farigiraf|Sitrus Berry|[eat]\n|-heal|p1b: Farigiraf|73/100|[from] item: Sitrus Berry\n|move|p1a: Incineroar|Throat Chop|p2a: Typhlosion\n|-supereffective|p2a: Typhlosion|1\n|-damage|p2a: Typhlosion|3/100\n|-start|p2a: Typhlosion|Throat Chop|[silent]\n|move|p1b: Farigiraf|Trick Room|p1b: Farigiraf\n|-fieldstart|move: Trick Room|[of] p1b: Farigiraf\n|\n|-weather|Snowscape|[upkeep]\n|upkeep\n|turn|2\n|inactive|nhvhjvhjvhjvhv has 30 seconds left.\n|\n|t:|1776579936\n|move|p1b: Farigiraf|Psychic|p2a: Typhlosion\n|-damage|p2a: Typhlosion|0 fnt\n|faint|p2a: Typhlosion\n|move|p1a: Incineroar|Flare Blitz|p2b: Ninetales\n|-supereffective|p2b: Ninetales|1\n|-damage|p2b: Ninetales|26/100\n|-damage|p1a: Incineroar|57/100|[from] Recoil\n|move|p2b: Ninetales|Aurora Veil|p2b: Ninetales\n|-sidestart|p2: nhvhjvhjvhjvhv|move: Aurora Veil\n|\n|-weather|Snowscape|[upkeep]\n|upkeep\n|\n|t:|1776579946\n|switch|p2a: Aerodactyl|Aerodactyl, L50, M|100/100\n|turn|3\n|\n|t:|1776579962\n|move|p1b: Farigiraf|Psychic|p2a: Aerodactyl\n|-damage|p2a: Aerodactyl|66/100\n|move|p1a: Incineroar|Parting Shot|p2a: Aerodactyl\n|-unboost|p2a: Aerodactyl|atk|1\n|-unboost|p2a: Aerodactyl|spa|1\n|\n|t:|1776579969\n|switch|p1a: Torkoal|Torkoal, L50, F|100/100|[from] Parting Shot\n|-weather|SunnyDay|[from] ability: Drought|[of] p1a: Torkoal\n|move|p2b: Ninetales|Blizzard|p1a: Torkoal|[spread] p1a\n|-miss|p2b: Ninetales|p1b: Farigiraf\n|-resisted|p1a: Torkoal|1\n|-damage|p1a: Torkoal|79/100\n|move|p2a: Aerodactyl|Rock Slide|p1a: Torkoal|[spread] p1a,p1b\n|-supereffective|p1a: Torkoal|1\n|-damage|p1a: Torkoal|53/100\n|-damage|p1b: Farigiraf|60/100\n|\n|-weather|SunnyDay|[upkeep]\n|upkeep\n|turn|4\n|\n|t:|1776579991\n|move|p1b: Farigiraf|Helping Hand|p1a: Torkoal\n|-singleturn|p1a: Torkoal|Helping Hand|[of] p1b: Farigiraf\n|move|p2a: Aerodactyl|Protect|p2a: Aerodactyl\n|-singleturn|p2a: Aerodactyl|Protect\n|move|p1a: Torkoal|Heat Wave|p2b: Ninetales|[spread] p2b\n|-activate|p2a: Aerodactyl|move: Protect\n|-supereffective|p2b: Ninetales|1\n|-damage|p2b: Ninetales|0 fnt\n|faint|p2b: Ninetales\n|\n|-weather|SunnyDay|[upkeep]\n|upkeep\n|\n|t:|1776579997\n|switch|p2b: Scizor|Scizor, L50, F, shiny|100/100\n|turn|5\n|\n|t:|1776580012\n|detailschange|p2b: Scizor|Scizor-Mega, L50, F, shiny\n|-mega|p2b: Scizor|Scizor|Scizorite\n|move|p2b: Scizor|Bullet Punch||[still]\n|cant|p1b: Farigiraf|ability: Armor Tail|Bullet Punch|[of] p2b: Scizor\n|move|p1a: Torkoal|Weather Ball|p2a: Aerodactyl\n|-resisted|p2a: Aerodactyl|1\n|-damage|p2a: Aerodactyl|28/100\n|move|p1b: Farigiraf|Psychic|p2a: Aerodactyl\n|-damage|p2a: Aerodactyl|0 fnt\n|faint|p2a: Aerodactyl\n|\n|-weather|SunnyDay|[upkeep]\n|-fieldend|move: Trick Room\n|upkeep\n|turn|6\n|\n|t:|1776580026\n|move|p1a: Torkoal|Protect|p1a: Torkoal\n|-singleturn|p1a: Torkoal|Protect\n|move|p2b: Scizor|Close Combat|p1a: Torkoal\n|-activate|p1a: Torkoal|move: Protect\n|move|p1b: Farigiraf|Trick Room|p1b: Farigiraf\n|-fieldstart|move: Trick Room|[of] p1b: Farigiraf\n|\n|-weather|SunnyDay|[upkeep]\n|-sideend|p2: nhvhjvhjvhjvhv|move: Aurora Veil\n|upkeep\n|turn|7\n|-message|nhvhjvhjvhjvhv forfeited.\n|\n|win|adityanair212\n|raw|adityanair212's rating: 1091 &rarr; <strong>1124</strong><br />(+33 for winning)\n|raw|nhvhjvhjvhjvhv's rating: 1180 &rarr; <strong>1149</strong><br />(-31 for losing)\n",
  "uploadtime": 1776580032,
  "views": 9,
  "formatid": "gen9championsvgc2026regma",
  "rating": 1124,
  "private": 0,
  "password": null
}