{
  "id": "gen9championsvgc2026regma-2588100590",
  "format": "[Gen 9 Champions] VGC 2026 Reg M-A",
  "players": [
    "slothgameplay",
    "Ziocinghia98"
  ],
  "log": "|j|\u2606slothgameplay\n|j|\u2606Ziocinghia98\n|t:|1776604306\n|gametype|doubles\n|player|p1|slothgameplay|169|1191\n|player|p2|Ziocinghia98|lucas|1258\n|gen|9\n|tier|[Gen 9 Champions] VGC 2026 Reg M-A\n|rated|\n|rule|Species Clause: Limit one of each Pok\u00e9mon\n|rule|Item Clause: Limit 1 of each item\n|clearpoke\n|poke|p1|Gengar, L50, M, shiny|\n|poke|p1|Incineroar, L50, M|\n|poke|p1|Sinistcha-Masterpiece, L50|\n|poke|p1|Kingambit, L50, M|\n|poke|p1|Tyranitar, L50, M|\n|poke|p1|Kommo-o, L50, F|\n|poke|p2|Charizard, L50, F|\n|poke|p2|Venusaur, L50, M|\n|poke|p2|Garchomp, L50, F|\n|poke|p2|Reuniclus, L50, F|\n|poke|p2|Raichu, L50, F|\n|poke|p2|Kingambit, L50, F|\n|teampreview|4\n|\n|t:|1776604363\n|teamsize|p1|4\n|teamsize|p2|4\n|start\n|switch|p1a: Jigokudo|Gengar, L50, M, shiny|100/100\n|switch|p1b: Incineroar|Incineroar, L50, M|100/100\n|switch|p2a: Garchomp|Garchomp, L50, F|100/100\n|switch|p2b: Charizard|Charizard, L50, F|100/100\n|-ability|p1b: Incineroar|Intimidate|boost\n|-unboost|p2a: Garchomp|atk|1\n|-unboost|p2b: Charizard|atk|1\n|turn|1\n|inactive|Battle timer is ON: inactive players will automatically lose when time's up. (requested by Ziocinghia98)\n|inactive|slothgameplay has 60 seconds left.\n|\n|t:|1776604406\n|detailschange|p1a: Jigokudo|Gengar-Mega, L50, M, shiny\n|-mega|p1a: Jigokudo|Gengar|Gengarite\n|detailschange|p2b: Charizard|Charizard-Mega-Y, L50, F\n|-mega|p2b: Charizard|Charizard|Charizardite Y\n|-weather|SunnyDay|[from] ability: Drought|[of] p2b: Charizard\n|move|p1b: Incineroar|Fake Out|p2b: Charizard\n|-damage|p2b: Charizard|87/100\n|move|p2a: Garchomp|Earthquake|p1a: Jigokudo|[spread] p1a,p1b\n|-immune|p2b: Charizard\n|-supereffective|p1a: Jigokudo|1\n|-supereffective|p1b: Incineroar|1\n|-enditem|p1b: Incineroar|Shuca Berry|[eat]\n|-enditem|p1b: Incineroar|Shuca Berry|[weaken]\n|-damage|p1a: Jigokudo|42/100\n|-damage|p1b: Incineroar|79/100\n|move|p1a: Jigokudo|Icy Wind|p2a: Garchomp|[spread] p2a,p2b\n|-supereffective|p2a: Garchomp|2\n|-damage|p2a: Garchomp|36/100\n|-damage|p2b: Charizard|74/100\n|-unboost|p2a: Garchomp|spe|1\n|-unboost|p2b: Charizard|spe|1\n|cant|p2b: Charizard|flinch\n|\n|-weather|SunnyDay|[upkeep]\n|upkeep\n|turn|2\n|inactive|slothgameplay has 30 seconds left.\n|\n|t:|1776604437\n|move|p1a: Jigokudo|Icy Wind|p2a: Garchomp|[spread] p2a,p2b\n|-supereffective|p2a: Garchomp|2\n|-crit|p2b: Charizard\n|-damage|p2a: Garchomp|0 fnt\n|-damage|p2b: Charizard|53/100\n|-unboost|p2b: Charizard|spe|1\n|faint|p2a: Garchomp\n|move|p2b: Charizard|Heat Wave|p1b: Incineroar|[spread] p1a,p1b\n|-resisted|p1b: Incineroar|1\n|-damage|p1a: Jigokudo|0 fnt\n|-damage|p1b: Incineroar|60/100\n|faint|p1a: Jigokudo\n|move|p1b: Incineroar|Parting Shot|p2b: Charizard\n|-unboost|p2b: Charizard|atk|1\n|-unboost|p2b: Charizard|spa|1\n|\n|t:|1776604454\n|switch|p1b: Sinistcha|Sinistcha-Masterpiece, L50|100/100|[from] Parting Shot\n|\n|-weather|SunnyDay|[upkeep]\n|upkeep\n|\n|t:|1776604462\n|switch|p1a: Kingambit|Kingambit, L50, M|100/100\n|switch|p2a: Venusaur|Venusaur, L50, M|100/100\n|turn|3\n|\n|t:|1776604476\n|switch|p2b: Kingambit|Kingambit, L50, F|100/100\n|move|p1b: Sinistcha|Rage Powder|p1b: Sinistcha\n|-singleturn|p1b: Sinistcha|move: Rage Powder\n|move|p1a: Kingambit|Sucker Punch||[still]\n|-fail|p1a: Kingambit\n|move|p2a: Venusaur|Sleep Powder|p1a: Kingambit\n|-status|p1a: Kingambit|slp|[from] move: Sleep Powder\n|\n|-weather|SunnyDay|[upkeep]\n|upkeep\n|turn|4\n|inactive|slothgameplay has 30 seconds left.\n|inactive|slothgameplay has 20 seconds left.\n|\n|t:|1776604516\n|cant|p1a: Kingambit|slp\n|move|p2a: Venusaur|Sludge Bomb|p1b: Sinistcha\n|-damage|p1b: Sinistcha|63/100\n|-status|p1b: Sinistcha|psn\n|move|p2b: Kingambit|Iron Head|p1a: Kingambit\n|-resisted|p1a: Kingambit|1\n|-damage|p1a: Kingambit|83/100 slp\n|move|p1b: Sinistcha|Trick Room|p1b: Sinistcha\n|-fieldstart|move: Trick Room|[of] p1b: Sinistcha\n|\n|-weather|SunnyDay|[upkeep]\n|-damage|p1b: Sinistcha|50/100 psn|[from] psn\n|upkeep\n|-enditem|p1b: Sinistcha|Sitrus Berry|[eat]\n|-heal|p1b: Sinistcha|75/100 psn|[from] item: Sitrus Berry\n|turn|5\n|inactive|Ziocinghia98 has 30 seconds left.\n|inactive|Ziocinghia98 has 20 seconds left.\n|inactive|Ziocinghia98 has 15 seconds left.\n|inactive|Ziocinghia98 has 10 seconds left.\n|inactive|Ziocinghia98 has 5 seconds left.\n|\n|t:|1776604566\n|move|p2b: Kingambit|Kowtow Cleave|p1a: Kingambit\n|-resisted|p1a: Kingambit|1\n|-damage|p1a: Kingambit|65/100 slp\n|cant|p1a: Kingambit|slp\n|move|p1b: Sinistcha|Life Dew|p1b: Sinistcha|[spread] p1a,p1b\n|-heal|p1a: Kingambit|90/100 slp\n|-heal|p1b: Sinistcha|100/100 psn\n|move|p2a: Venusaur|Sludge Bomb|p1b: Sinistcha\n|-damage|p1b: Sinistcha|60/100 psn\n|\n|-weather|none\n|-damage|p1b: Sinistcha|48/100 psn|[from] psn\n|upkeep\n|turn|6\n|inactive|slothgameplay has 30 seconds left.\n|inactive|Ziocinghia98 has 30 seconds left.\n|\n|t:|1776604596\n|switch|p1b: Incineroar|Incineroar, L50, M|60/100\n|-ability|p1b: Incineroar|Intimidate|boost\n|-unboost|p2a: Venusaur|atk|1\n|-unboost|p2b: Kingambit|atk|1\n|-ability|p2b: Kingambit|Defiant|boost\n|-boost|p2b: Kingambit|atk|2\n|move|p2a: Venusaur|Protect|p2a: Venusaur\n|-singleturn|p2a: Venusaur|Protect\n|move|p2b: Kingambit|Kowtow Cleave|p1b: Incineroar\n|-resisted|p1b: Incineroar|1\n|-damage|p1b: Incineroar|29/100\n|-curestatus|p1a: Kingambit|slp|[msg]\n|move|p1a: Kingambit|Iron Head|p2b: Kingambit\n|-resisted|p2b: Kingambit|1\n|-damage|p2b: Kingambit|86/100\n|\n|upkeep\n|turn|7\n|inactive|Ziocinghia98 has 30 seconds left.\n|\n|t:|1776604622\n|move|p2b: Kingambit|Protect|p2b: Kingambit\n|-singleturn|p2b: Kingambit|Protect\n|move|p1b: Incineroar|Fake Out|p2b: Kingambit\n|-activate|p2b: Kingambit|move: Protect\n|move|p1a: Kingambit|Low Kick|p2b: Kingambit\n|-activate|p2b: Kingambit|move: Protect\n|move|p2a: Venusaur|Sludge Bomb|p1b: Incineroar\n|-damage|p1b: Incineroar|0 fnt\n|faint|p1b: Incineroar\n|\n|upkeep\n|\n|t:|1776604633\n|switch|p1b: Sinistcha|Sinistcha-Masterpiece, L50|48/100 psn\n|-heal|p1a: Kingambit|100/100|[from] ability: Hospitality|[of] p1b: Sinistcha\n|turn|8\n|\n|t:|1776604652\n|switch|p2b: Charizard|Charizard-Mega-Y, L50, F|53/100\n|-weather|SunnyDay|[from] ability: Drought|[of] p2b: Charizard\n|move|p1a: Kingambit|Low Kick|p2b: Charizard\n|-resisted|p2b: Charizard|1\n|-damage|p2b: Charizard|33/100\n|move|p1b: Sinistcha|Matcha Gotcha|p2b: Charizard|[spread] p2a,p2b\n|-resisted|p2a: Venusaur|2\n|-resisted|p2b: Charizard|2\n|-damage|p2a: Venusaur|95/100\n|-heal|p1b: Sinistcha|50/100 psn|[from] drain|[of] p2a: Venusaur\n|-damage|p2b: Charizard|27/100\n|-heal|p1b: Sinistcha|53/100 psn|[from] drain|[of] p2b: Charizard\n|move|p2a: Venusaur|Sleep Powder|p1a: Kingambit\n|-status|p1a: Kingambit|slp|[from] move: Sleep Powder\n|\n|-weather|SunnyDay|[upkeep]\n|-heal|p2a: Venusaur|100/100|[from] item: Leftovers\n|-damage|p1b: Sinistcha|41/100 psn|[from] psn\n|-fieldend|move: Trick Room\n|upkeep\n|turn|9\n|inactive|slothgameplay has 30 seconds left.\n|inactive|Ziocinghia98 has 30 seconds left.\n|inactive|slothgameplay has 20 seconds left.\n|\n|t:|1776604688\n|cant|p1a: Kingambit|slp\n|move|p2a: Venusaur|Leaf Storm|p1a: Kingambit\n|-resisted|p1a: Kingambit|1\n|-damage|p1a: Kingambit|75/100 slp\n|-unboost|p2a: Venusaur|spa|2\n|move|p2b: Charizard|Heat Wave|p1a: Kingambit|[spread] p1a,p1b\n|-supereffective|p1a: Kingambit|1\n|-supereffective|p1b: Sinistcha|1\n|-crit|p1b: Sinistcha\n|-damage|p1a: Kingambit|0 fnt\n|-damage|p1b: Sinistcha|0 fnt\n|faint|p1a: Kingambit\n|faint|p1b: Sinistcha\n|\n|win|Ziocinghia98\n|raw|slothgameplay's rating: 1191 &rarr; <strong>1171</strong><br />(-20 for losing)\n|raw|Ziocinghia98's rating: 1258 &rarr; <strong>1278</strong><br />(+20 for winning)\n",
  "uploadtime": 1776604688,
  "views": 9,
  "formatid": "gen9championsvgc2026regma",
  "rating": 1171,
  "private": 0,
  "password": null
}