{
  "id": "gen9championsvgc2026regma-2585579320",
  "format": "[Gen 9 Champions] VGC 2026 Reg M-A",
  "players": [
    "CN09T215",
    "ligreuff"
  ],
  "log": "|j|\u2606CN09T215\n|j|\u2606ligreuff\n|t:|1776356766\n|gametype|doubles\n|player|p1|CN09T215|265|1049\n|player|p2|ligreuff|2|1000\n|gen|9\n|tier|[Gen 9 Champions] VGC 2026 Reg M-A\n|rated|\n|rule|Species Clause: Limit one of each Pok\u00e9mon\n|rule|Item Clause: Limit 1 of each item\n|clearpoke\n|poke|p1|Gardevoir, L50, F|\n|poke|p1|Garchomp, L50, M|\n|poke|p1|Talonflame, L50, M|\n|poke|p1|Basculegion, L50, M|\n|poke|p1|Farigiraf, L50, F|\n|poke|p1|Glimmora, L50, F|\n|poke|p2|Starmie, L50|\n|poke|p2|Dragapult, L50, F|\n|poke|p2|Aegislash, L50, F|\n|poke|p2|Ditto, L50|\n|poke|p2|Garganacl, L50, F|\n|poke|p2|Sneasler, L50, F|\n|teampreview|4\n|\n|t:|1776356794\n|teamsize|p1|4\n|teamsize|p2|4\n|start\n|switch|p1a: Farigiraf|Farigiraf, L50, F|100/100\n|switch|p1b: Talonflame|Talonflame, L50, M|100/100\n|switch|p2a: Sal Grosso|Garganacl, L50, F, shiny|100/100\n|switch|p2b: Missio|Dragapult, L50, F|100/100\n|turn|1\n|inactive|Battle timer is ON: inactive players will automatically lose when time's up. (requested by CN09T215)\n|\n|t:|1776356822\n|move|p1b: Talonflame|Protect|p1b: Talonflame\n|-singleturn|p1b: Talonflame|Protect\n|move|p2b: Missio|Dragon Darts|p1a: Farigiraf\n|-damage|p1a: Farigiraf|78/100\n|-anim|p2b: Missio|Dragon Darts|p1a: Farigiraf\n|-damage|p1a: Farigiraf|56/100\n|move|p1a: Farigiraf|Imprison|p1a: Farigiraf\n|-start|p1a: Farigiraf|move: Imprison\n|move|p2a: Sal Grosso|Salt Cure|p1b: Talonflame\n|-activate|p1b: Talonflame|move: Protect\n|\n|-heal|p1a: Farigiraf|63/100|[from] item: Leftovers\n|upkeep\n|turn|2\n|inactive|ligreuff has 30 seconds left.\n|\n|t:|1776356857\n|move|p1a: Farigiraf|Helping Hand|p1b: Talonflame\n|-singleturn|p1b: Talonflame|Helping Hand|[of] p1a: Farigiraf\n|move|p1b: Talonflame|Brave Bird|p2b: Missio\n|-damage|p2b: Missio|0 fnt\n|faint|p2b: Missio\n|-damage|p1b: Talonflame|65/100|[from] Recoil\n|move|p2a: Sal Grosso|Salt Cure|p1b: Talonflame\n|-supereffective|p1b: Talonflame|2\n|-damage|p1b: Talonflame|0 fnt\n|faint|p1b: Talonflame\n|\n|-heal|p1a: Farigiraf|69/100|[from] item: Leftovers\n|upkeep\n|\n|t:|1776356874\n|switch|p2b: Dire Claw|Sneasler, L50, F, shiny|100/100\n|switch|p1b: Gardevoir|Gardevoir, L50, F|100/100\n|-ability|p1b: Gardevoir|Poison Touch|Trace|[from] ability: Trace|[of] p2b: Dire Claw\n|turn|3\n|\n|t:|1776356898\n|move|p1b: Gardevoir|Protect|p1b: Gardevoir\n|-singleturn|p1b: Gardevoir|Protect\n|move|p1a: Farigiraf|Protect|p1a: Farigiraf\n|-singleturn|p1a: Farigiraf|Protect\n|move|p2b: Dire Claw|Upper Hand||[still]\n|cant|p1a: Farigiraf|ability: Armor Tail|Upper Hand|[of] p2b: Dire Claw\n|move|p2a: Sal Grosso|Iron Defense|p2a: Sal Grosso\n|-boost|p2a: Sal Grosso|def|2\n|\n|-heal|p1a: Farigiraf|75/100|[from] item: Leftovers\n|upkeep\n|turn|4\n|\n|t:|1776356915\n|move|p1a: Farigiraf|Helping Hand|p1b: Gardevoir\n|-singleturn|p1b: Gardevoir|Helping Hand|[of] p1a: Farigiraf\n|move|p2b: Dire Claw|Trailblaze|p1a: Farigiraf\n|-damage|p1a: Farigiraf|58/100\n|-boost|p2b: Dire Claw|spe|1\n|-status|p1a: Farigiraf|psn|[from] ability: Poison Touch|[of] p2b: Dire Claw\n|move|p1b: Gardevoir|Hyper Voice|p2b: Dire Claw|[spread] p2a,p2b\n|-resisted|p2a: Sal Grosso|1\n|-damage|p2a: Sal Grosso|86/100\n|-damage|p2b: Dire Claw|50/100\n|move|p2a: Sal Grosso|Salt Cure|p1b: Gardevoir\n|-damage|p1b: Gardevoir|77/100\n|-start|p1b: Gardevoir|Salt Cure\n|\n|-heal|p1a: Farigiraf|64/100 psn|[from] item: Leftovers\n|-damage|p1a: Farigiraf|52/100 psn|[from] psn\n|-damage|p1b: Gardevoir|71/100|[from] Salt Cure\n|upkeep\n|turn|5\n|\n|t:|1776356936\n|detailschange|p1b: Gardevoir|Gardevoir-Mega, L50, F\n|-mega|p1b: Gardevoir|Gardevoir|Gardevoirite\n|move|p1a: Farigiraf|Helping Hand|p1b: Gardevoir\n|-singleturn|p1b: Gardevoir|Helping Hand|[of] p1a: Farigiraf\n|move|p2b: Dire Claw|Trailblaze|p1a: Farigiraf\n|-damage|p1a: Farigiraf|37/100 psn\n|-boost|p2b: Dire Claw|spe|1\n|move|p1b: Gardevoir|Hyper Voice|p2a: Sal Grosso|[spread] p2a,p2b\n|-damage|p2a: Sal Grosso|15/100\n|-damage|p2b: Dire Claw|0 fnt\n|faint|p2b: Dire Claw\n|move|p2a: Sal Grosso|Iron Defense|p2a: Sal Grosso\n|-boost|p2a: Sal Grosso|def|2\n|\n|-heal|p1a: Farigiraf|43/100 psn|[from] item: Leftovers\n|-damage|p1a: Farigiraf|30/100 psn|[from] psn\n|-damage|p1b: Gardevoir|66/100|[from] Salt Cure\n|upkeep\n|\n|t:|1776356947\n|switch|p2b: Majin Starmie|Starmie, L50, shiny|100/100\n|turn|6\n|\n|t:|1776356960\n|detailschange|p2b: Majin Starmie|Starmie-Mega, L50, shiny\n|-mega|p2b: Majin Starmie|Starmie|Starminite\n|move|p1a: Farigiraf|Helping Hand|p1b: Gardevoir\n|-singleturn|p1b: Gardevoir|Helping Hand|[of] p1a: Farigiraf\n|move|p2a: Sal Grosso|Wide Guard|p2a: Sal Grosso\n|-singleturn|p2a: Sal Grosso|Wide Guard\n|move|p2b: Majin Starmie|Aqua Jet||[still]\n|cant|p1a: Farigiraf|ability: Armor Tail|Aqua Jet|[of] p2b: Majin Starmie\n|move|p1b: Gardevoir|Hyper Voice|p2a: Sal Grosso|[spread] \n|-activate|p2a: Sal Grosso|move: Wide Guard\n|-activate|p2b: Majin Starmie|move: Wide Guard\n|\n|-heal|p1a: Farigiraf|37/100 psn|[from] item: Leftovers\n|-damage|p1a: Farigiraf|24/100 psn|[from] psn\n|-damage|p1b: Gardevoir|60/100|[from] Salt Cure\n|upkeep\n|turn|7\n|\n|t:|1776356982\n|move|p1a: Farigiraf|Protect|p1a: Farigiraf\n|-singleturn|p1a: Farigiraf|Protect\n|move|p2a: Sal Grosso|Wide Guard|p2a: Sal Grosso\n|-singleturn|p2a: Sal Grosso|Wide Guard\n|move|p2b: Majin Starmie|Flip Turn|p1b: Gardevoir\n|-damage|p1b: Gardevoir|0 fnt\n|faint|p1b: Gardevoir\n|\n|-heal|p1a: Farigiraf|30/100 psn|[from] item: Leftovers\n|-damage|p1a: Farigiraf|18/100 psn|[from] psn\n|upkeep\n|\n|t:|1776356995\n|switch|p1b: Garchomp|Garchomp, L50, M|100/100\n|turn|8\n|\n|t:|1776357010\n|move|p1a: Farigiraf|Helping Hand|p1b: Garchomp\n|-singleturn|p1b: Garchomp|Helping Hand|[of] p1a: Farigiraf\n|move|p2b: Majin Starmie|Flip Turn|p1b: Garchomp\n|-damage|p1b: Garchomp|46/100\n|-damage|p2b: Majin Starmie|88/100|[from] ability: Rough Skin|[of] p1b: Garchomp\n|-enditem|p1b: Garchomp|Sitrus Berry|[eat]\n|-heal|p1b: Garchomp|71/100|[from] item: Sitrus Berry\n|move|p1b: Garchomp|Dragon Claw|p2b: Majin Starmie\n|-damage|p2b: Majin Starmie|7/100\n|move|p2a: Sal Grosso|Salt Cure|p1b: Garchomp\n|-resisted|p1b: Garchomp|1\n|-damage|p1b: Garchomp|63/100\n|-start|p1b: Garchomp|Salt Cure\n|\n|-heal|p1a: Farigiraf|24/100 psn|[from] item: Leftovers\n|-damage|p1a: Farigiraf|12/100 psn|[from] psn\n|-damage|p1b: Garchomp|57/100|[from] Salt Cure\n|upkeep\n|turn|9\n|\n|t:|1776357033\n|move|p1a: Farigiraf|Helping Hand|p1b: Garchomp\n|-singleturn|p1b: Garchomp|Helping Hand|[of] p1a: Farigiraf\n|move|p2a: Sal Grosso|Wide Guard|p2a: Sal Grosso\n|-singleturn|p2a: Sal Grosso|Wide Guard\n|move|p2b: Majin Starmie|Self-Destruct|p1a: Farigiraf|[spread] p1a,p1b\n|-activate|p2a: Sal Grosso|move: Wide Guard\n|-damage|p1a: Farigiraf|0 fnt\n|-damage|p1b: Garchomp|0 fnt\n|faint|p2b: Majin Starmie\n|faint|p1a: Farigiraf\n|faint|p1b: Garchomp\n|\n|win|ligreuff\n|raw|CN09T215's rating: 1049 &rarr; <strong>1029</strong><br />(-20 for losing)\n|raw|ligreuff's rating: 1000 &rarr; <strong>1046</strong><br />(+46 for winning)\n|l|\u2606CN09T215\n|player|p1|\n",
  "uploadtime": 1776357044,
  "views": 24,
  "formatid": "gen9championsvgc2026regma",
  "rating": 1029,
  "private": 0,
  "password": null
}