{
  "id": "gen9championsvgc2026regma-2586895985",
  "format": "[Gen 9 Champions] VGC 2026 Reg M-A",
  "players": [
    "Sethwell",
    "jackoek11"
  ],
  "log": "|j|\u2606Sethwell\n|j|\u2606jackoek11\n|t:|1776469522\n|gametype|doubles\n|player|p1|Sethwell|blue|1605\n|player|p2|jackoek11|101|1534\n|gen|9\n|tier|[Gen 9 Champions] VGC 2026 Reg M-A\n|rated|\n|rule|Species Clause: Limit one of each Pok\u00e9mon\n|rule|Item Clause: Limit 1 of each item\n|clearpoke\n|poke|p1|Blastoise, L50, F|\n|poke|p1|Whimsicott, L50, M|\n|poke|p1|Incineroar, L50, F|\n|poke|p1|Sneasler, L50, F|\n|poke|p1|Kingambit, L50, F|\n|poke|p1|Sinistcha, L50|\n|poke|p2|Kangaskhan, L50, F|\n|poke|p2|Milotic, L50, M|\n|poke|p2|Aegislash, L50, M|\n|poke|p2|Sneasler, L50, M|\n|poke|p2|Ninetales-Alola, L50, F|\n|poke|p2|Rotom-Heat, L50|\n|teampreview|4\n|inactive|Battle timer is ON: inactive players will automatically lose when time's up. (requested by Sethwell)\n|inactive|Sethwell has 60 seconds left.\n|inactive|Sethwell has 30 seconds left.\n|\n|t:|1776469595\n|teamsize|p1|4\n|teamsize|p2|4\n|start\n|switch|p1a: Whimsicott|Whimsicott, L50, M|100/100\n|switch|p1b: Blastoise|Blastoise, L50, F|100/100\n|switch|p2a: Kangaskhan|Kangaskhan, L50, F|100/100\n|switch|p2b: Milotic|Milotic, L50, M, shiny|100/100\n|turn|1\n|\n|t:|1776469611\n|detailschange|p2a: Kangaskhan|Kangaskhan-Mega, L50, F\n|-mega|p2a: Kangaskhan|Kangaskhan|Kangaskhanite\n|move|p1a: Whimsicott|Protect|p1a: Whimsicott\n|-singleturn|p1a: Whimsicott|Protect\n|move|p1b: Blastoise|Protect|p1b: Blastoise\n|-singleturn|p1b: Blastoise|Protect\n|move|p2a: Kangaskhan|Fake Out|p1a: Whimsicott\n|-activate|p1a: Whimsicott|move: Protect\n|move|p2b: Milotic|Ice Beam|p1a: Whimsicott\n|-activate|p1a: Whimsicott|move: Protect\n|\n|upkeep\n|turn|2\n|\n|t:|1776469624\n|detailschange|p1b: Blastoise|Blastoise-Mega, L50, F\n|-mega|p1b: Blastoise|Blastoise|Blastoisinite\n|move|p1a: Whimsicott|Encore|p2a: Kangaskhan\n|-start|p2a: Kangaskhan|Encore\n|move|p2a: Kangaskhan|Fake Out||[still]\n|-hint|Fake Out only works on your first turn out.\n|-fail|p2a: Kangaskhan\n|move|p1b: Blastoise|Shell Smash|p1b: Blastoise\n|-unboost|p1b: Blastoise|def|1\n|-unboost|p1b: Blastoise|spd|1\n|-boost|p1b: Blastoise|atk|2\n|-boost|p1b: Blastoise|spa|2\n|-boost|p1b: Blastoise|spe|2\n|move|p2b: Milotic|Ice Beam|p1a: Whimsicott\n|-supereffective|p1a: Whimsicott|1\n|-damage|p1a: Whimsicott|15/100\n|\n|upkeep\n|turn|3\n|\n|t:|1776469649\n|switch|p2a: Aegislash|Aegislash, L50, M, shiny|100/100\n|move|p1a: Whimsicott|Encore|p2b: Milotic\n|-start|p2b: Milotic|Encore\n|move|p1b: Blastoise|Water Spout|p2a: Aegislash|[spread] p2a,p2b\n|-resisted|p2b: Milotic|1\n|-damage|p2a: Aegislash|0 fnt\n|-damage|p2b: Milotic|50/100\n|faint|p2a: Aegislash\n|move|p2b: Milotic|Ice Beam|p1a: Whimsicott\n|-supereffective|p1a: Whimsicott|1\n|-damage|p1a: Whimsicott|0 fnt\n|faint|p1a: Whimsicott\n|\n|-heal|p2b: Milotic|56/100|[from] item: Leftovers\n|upkeep\n|\n|t:|1776469663\n|switch|p1a: Sinistcha|Sinistcha, L50|100/100\n|switch|p2a: Sneasler|Sneasler, L50, M|100/100\n|turn|4\n|\n|t:|1776469671\n|move|p1b: Blastoise|Protect|p1b: Blastoise\n|-singleturn|p1b: Blastoise|Protect\n|move|p1a: Sinistcha|Protect|p1a: Sinistcha\n|-singleturn|p1a: Sinistcha|Protect\n|move|p2a: Sneasler|Dire Claw|p1a: Sinistcha\n|-activate|p1a: Sinistcha|move: Protect\n|move|p2b: Milotic|Ice Beam|p1a: Sinistcha\n|-activate|p1a: Sinistcha|move: Protect\n|\n|-heal|p2b: Milotic|62/100|[from] item: Leftovers\n|upkeep\n|turn|5\n|\n|t:|1776469683\n|move|p2a: Sneasler|Protect|p2a: Sneasler\n|-singleturn|p2a: Sneasler|Protect\n|move|p1a: Sinistcha|Rage Powder|p1a: Sinistcha\n|-singleturn|p1a: Sinistcha|move: Rage Powder\n|move|p1b: Blastoise|Water Spout|p2a: Sneasler|[spread] p2b\n|-activate|p2a: Sneasler|move: Protect\n|-resisted|p2b: Milotic|1\n|-damage|p2b: Milotic|10/100\n|move|p2b: Milotic|Ice Beam|p1a: Sinistcha\n|-supereffective|p1a: Sinistcha|1\n|-damage|p1a: Sinistcha|49/100\n|\n|-heal|p2b: Milotic|16/100|[from] item: Leftovers\n|-end|p2b: Milotic|Encore\n|upkeep\n|turn|6\n|\n|t:|1776469698\n|move|p2b: Milotic|Protect|p2b: Milotic\n|-singleturn|p2b: Milotic|Protect\n|move|p1a: Sinistcha|Rage Powder|p1a: Sinistcha\n|-singleturn|p1a: Sinistcha|move: Rage Powder\n|move|p1b: Blastoise|Water Spout|p2a: Sneasler|[spread] p2a\n|-activate|p2b: Milotic|move: Protect\n|-damage|p2a: Sneasler|0 fnt\n|faint|p2a: Sneasler\n|\n|-heal|p2b: Milotic|22/100|[from] item: Leftovers\n|upkeep\n|j| p74\n|\n|t:|1776469705\n|switch|p2a: Kangaskhan|Kangaskhan-Mega, L50, F|100/100\n|turn|7\n|\n|t:|1776469711\n|move|p1b: Blastoise|Protect|p1b: Blastoise\n|-singleturn|p1b: Blastoise|Protect\n|move|p2a: Kangaskhan|Fake Out|p1b: Blastoise\n|-activate|p1b: Blastoise|move: Protect\n|move|p2b: Milotic|Recover|p2b: Milotic\n|-heal|p2b: Milotic|72/100\n|move|p1a: Sinistcha|Matcha Gotcha|p2a: Kangaskhan|[spread] p2a,p2b\n|-supereffective|p2b: Milotic|1\n|-damage|p2a: Kangaskhan|76/100\n|-heal|p1a: Sinistcha|63/100|[from] drain|[of] p2a: Kangaskhan\n|-damage|p2b: Milotic|30/100\n|-heal|p1a: Sinistcha|87/100|[from] drain|[of] p2b: Milotic\n|\n|-heal|p2b: Milotic|36/100|[from] item: Leftovers\n|upkeep\n|turn|8\n|c|\u2606Sethwell|Gg\n|-message|jackoek11 forfeited.\n|\n|win|Sethwell\n|raw|Sethwell's rating: 1605 &rarr; <strong>1621</strong><br />(+16 for winning)\n|raw|jackoek11's rating: 1534 &rarr; <strong>1518</strong><br />(-16 for losing)\n|l|\u2606jackoek11\n|player|p2|\n|l|\u2606Sethwell\n|player|p1|\n",
  "uploadtime": 1776469879,
  "views": 81,
  "formatid": "gen9championsvgc2026regma",
  "rating": 1518,
  "private": 0,
  "password": null
}