{
  "id": "gen9championsvgc2026regma-2587396943",
  "format": "[Gen 9 Champions] VGC 2026 Reg M-A",
  "players": [
    "kurepto",
    "bl4ze4444"
  ],
  "log": "|j|\u2606kurepto\n|j|\u2606bl4ze4444\n|t:|1776528395\n|gametype|doubles\n|player|p1|kurepto|169|1093\n|player|p2|bl4ze4444|steven|1165\n|gen|9\n|tier|[Gen 9 Champions] VGC 2026 Reg M-A\n|rated|\n|rule|Species Clause: Limit one of each Pok\u00e9mon\n|rule|Item Clause: Limit 1 of each item\n|clearpoke\n|poke|p1|Kangaskhan, L50, F, shiny|\n|poke|p1|Hatterene, L50, F, shiny|\n|poke|p1|Incineroar, L50, F|\n|poke|p1|Tinkaton, L50, F|\n|poke|p1|Ceruledge, L50, F, shiny|\n|poke|p1|Blastoise, L50, F|\n|poke|p2|Zoroark-Hisui, L50, F|\n|poke|p2|Glimmora, L50, M|\n|poke|p2|Incineroar, L50, M|\n|poke|p2|Basculegion, L50, M|\n|poke|p2|Sinistcha, L50|\n|poke|p2|Kingambit, L50, F|\n|teampreview|4\n|\n|t:|1776528454\n|teamsize|p1|4\n|teamsize|p2|4\n|start\n|switch|p1a: Hatterene|Hatterene, L50, F, shiny|100/100\n|switch|p1b: Tinkaton|Tinkaton, L50, F|100/100\n|switch|p2a: Glimmora|Glimmora, L50, M|100/100\n|switch|p2b: Basculegion|Basculegion, L50, M|100/100\n|-ability|p1b: Tinkaton|Mold Breaker\n|turn|1\n|\n|t:|1776528509\n|move|p1b: Tinkaton|Fake Out|p2a: Glimmora\n|-immune|p2a: Glimmora\n|move|p2b: Basculegion|Wave Crash|p1a: Hatterene\n|-damage|p1a: Hatterene|22/100\n|-enditem|p1a: Hatterene|Sitrus Berry|[eat]\n|-heal|p1a: Hatterene|47/100|[from] item: Sitrus Berry\n|-damage|p2b: Basculegion|79/100|[from] Recoil\n|move|p2a: Glimmora|Shadow Ball|p1a: Hatterene\n|-supereffective|p1a: Hatterene|1\n|-damage|p1a: Hatterene|0 fnt\n|faint|p1a: Hatterene\n|\n|upkeep\n|\n|t:|1776528525\n|switch|p1a: Incineroar|Incineroar, L50, F|100/100\n|-ability|p1a: Incineroar|Intimidate|boost\n|-unboost|p2a: Glimmora|atk|1\n|-unboost|p2b: Basculegion|atk|1\n|turn|2\n|\n|t:|1776528563\n|move|p2b: Basculegion|Wave Crash|p1a: Incineroar\n|-supereffective|p1a: Incineroar|1\n|-damage|p1a: Incineroar|25/100\n|-damage|p2b: Basculegion|54/100|[from] Recoil\n|move|p2a: Glimmora|Hyper Voice|p1a: Incineroar|[spread] p1a,p1b\n|-resisted|p1b: Tinkaton|1\n|-damage|p1a: Incineroar|0 fnt\n|-damage|p1b: Tinkaton|87/100\n|faint|p1a: Incineroar\n|move|p1b: Tinkaton|Gigaton Hammer|p2a: Glimmora\n|-enditem|p2a: Glimmora|Focus Sash\n|-damage|p2a: Glimmora|1/100\n|replace|p2a: Zoroark|Zoroark-Hisui, L50, F\n|-end|p2a: Zoroark|Illusion\n|\n|-heal|p1b: Tinkaton|93/100|[from] item: Leftovers\n|upkeep\n|\n|t:|1776528579\n|switch|p1a: Blastoise|Blastoise, L50, F|100/100\n|turn|3\n|\n|t:|1776528597\n|detailschange|p1a: Blastoise|Blastoise-Mega, L50, F\n|-mega|p1a: Blastoise|Blastoise|Blastoisinite\n|move|p1b: Tinkaton|Protect|p1b: Tinkaton\n|-singleturn|p1b: Tinkaton|Protect\n|move|p2b: Basculegion|Wave Crash|p1a: Blastoise\n|-resisted|p1a: Blastoise|1\n|-damage|p1a: Blastoise|81/100\n|-damage|p2b: Basculegion|48/100|[from] Recoil\n|move|p2a: Zoroark|Hyper Voice|p1b: Tinkaton|[spread] p1a\n|-activate|p1b: Tinkaton|move: Protect\n|-damage|p1a: Blastoise|53/100\n|move|p1a: Blastoise|Water Spout|p2b: Basculegion|[spread] p2a,p2b\n|-resisted|p2b: Basculegion|1\n|-damage|p2a: Zoroark|0 fnt\n|-damage|p2b: Basculegion|27/100\n|faint|p2a: Zoroark\n|\n|-heal|p1b: Tinkaton|99/100|[from] item: Leftovers\n|upkeep\n|\n|t:|1776528618\n|switch|p2a: Sinistcha|Sinistcha, L50|100/100\n|-heal|p2b: Basculegion|52/100|[from] ability: Hospitality|[of] p2a: Sinistcha\n|turn|4\n|\n|t:|1776528634\n|move|p2b: Basculegion|Wave Crash|p1a: Blastoise\n|-resisted|p1a: Blastoise|1\n|-damage|p1a: Blastoise|33/100\n|-damage|p2b: Basculegion|46/100|[from] Recoil\n|move|p1b: Tinkaton|Play Rough|p2b: Basculegion\n|-damage|p2b: Basculegion|2/100\n|move|p2a: Sinistcha|Matcha Gotcha|p1a: Blastoise|[spread] p1a,p1b\n|-supereffective|p1a: Blastoise|1\n|-resisted|p1b: Tinkaton|1\n|-damage|p1a: Blastoise|0 fnt\n|-damage|p1b: Tinkaton|88/100\n|faint|p1a: Blastoise\n|\n|-heal|p1b: Tinkaton|94/100|[from] item: Leftovers\n|upkeep\n|turn|5\n|\n|t:|1776528652\n|move|p2b: Basculegion|Wave Crash|p1b: Tinkaton\n|-damage|p1b: Tinkaton|41/100\n|-damage|p2b: Basculegion|0 fnt|[from] Recoil\n|faint|p2b: Basculegion\n|move|p1b: Tinkaton|Play Rough|p2a: Sinistcha|[miss]\n|-miss|p1b: Tinkaton|p2a: Sinistcha\n|move|p2a: Sinistcha|Shadow Ball|p1b: Tinkaton\n|-damage|p1b: Tinkaton|8/100\n|\n|-heal|p1b: Tinkaton|15/100|[from] item: Leftovers\n|upkeep\n|\n|t:|1776528663\n|switch|p2b: Glimmora|Glimmora, L50, M|100/100\n|turn|6\n|\n|t:|1776528671\n|detailschange|p2b: Glimmora|Glimmora-Mega, L50, M\n|-mega|p2b: Glimmora|Glimmora|Glimmoranite\n|move|p2b: Glimmora|Earth Power|p1b: Tinkaton\n|-supereffective|p1b: Tinkaton|1\n|-damage|p1b: Tinkaton|0 fnt\n|faint|p1b: Tinkaton\n|\n|win|bl4ze4444\n|raw|kurepto's rating: 1093 &rarr; <strong>1074</strong><br />(-19 for losing)\n|raw|bl4ze4444's rating: 1165 &rarr; <strong>1185</strong><br />(+20 for winning)\n|l|\u2606kurepto\n|player|p1|\n",
  "uploadtime": 1776528717,
  "views": 17,
  "formatid": "gen9championsvgc2026regma",
  "rating": 1074,
  "private": 0,
  "password": null
}