{
  "id": "gen9championsvgc2026regma-2588943568",
  "format": "[Gen 9 Champions] VGC 2026 Reg M-A",
  "players": [
    "jingming",
    "PJack23"
  ],
  "log": "|j|\u2606jingming\n|j|\u2606PJack23\n|t:|1776688179\n|gametype|doubles\n|player|p1|jingming|rosa|1176\n|player|p2|PJack23|265|1192\n|gen|9\n|tier|[Gen 9 Champions] VGC 2026 Reg M-A\n|rated|\n|rule|Species Clause: Limit one of each Pok\u00e9mon\n|rule|Item Clause: Limit 1 of each item\n|clearpoke\n|poke|p1|Aerodactyl, L50, F|\n|poke|p1|Tyranitar, L50, F|\n|poke|p1|Excadrill, L50, M|\n|poke|p1|Corviknight, L50, F|\n|poke|p1|Sinistcha, L50|\n|poke|p1|Dragapult, L50, F|\n|poke|p2|Rotom-Wash, L50, shiny|\n|poke|p2|Aegislash, L50, F|\n|poke|p2|Krookodile, L50, M|\n|poke|p2|Venusaur, L50, M|\n|poke|p2|Talonflame, L50, F|\n|poke|p2|Sylveon, L50, F|\n|teampreview|4\n|inactive|Battle timer is ON: inactive players will automatically lose when time's up. (requested by jingming)\n|inactive|PJack23 has 60 seconds left.\n|\n|t:|1776688221\n|teamsize|p1|4\n|teamsize|p2|4\n|start\n|switch|p1a: Tyranitar|Tyranitar, L50, F|100/100\n|switch|p1b: Excadrill|Excadrill, L50, M|100/100\n|switch|p2a: Rotom|Rotom-Wash, L50, shiny|100/100\n|switch|p2b: Aegislash|Aegislash, L50, F|100/100\n|-weather|Sandstorm|[from] ability: Sand Stream|[of] p1a: Tyranitar\n|turn|1\n|inactive|PJack23 has 30 seconds left.\n|inactive|PJack23 has 20 seconds left.\n|inactive|PJack23 has 15 seconds left.\n|inactive|PJack23 has 10 seconds left.\n|inactive|jingming has 30 seconds left.\n|\n|t:|1776688273\n|detailschange|p1a: Tyranitar|Tyranitar-Mega, L50, F\n|-mega|p1a: Tyranitar|Tyranitar|Tyranitarite\n|move|p2b: Aegislash|King's Shield|p2b: Aegislash\n|-singleturn|p2b: Aegislash|Protect\n|move|p1b: Excadrill|Rock Slide|p2a: Rotom|[spread] \n|-activate|p2b: Aegislash|move: Protect\n|-miss|p1b: Excadrill|p2a: Rotom\n|move|p1a: Tyranitar|Dragon Dance|p1a: Tyranitar\n|-boost|p1a: Tyranitar|atk|1\n|-boost|p1a: Tyranitar|spe|1\n|move|p2a: Rotom|Hydro Pump|p1b: Excadrill\n|-supereffective|p1b: Excadrill|1\n|-damage|p1b: Excadrill|0 fnt\n|faint|p1b: Excadrill\n|\n|-weather|Sandstorm|[upkeep]\n|-damage|p2a: Rotom|95/100|[from] Sandstorm\n|-heal|p2a: Rotom|100/100|[from] item: Leftovers\n|upkeep\n|\n|t:|1776688287\n|switch|p1b: Dragapult|Dragapult, L50, F|100/100\n|turn|2\n|inactive|PJack23 has 30 seconds left.\n|\n|t:|1776688313\n|move|p1b: Dragapult|Draco Meteor|p2b: Aegislash\n|-resisted|p2b: Aegislash|1\n|-damage|p2b: Aegislash|79/100\n|-unboost|p1b: Dragapult|spa|2\n|move|p1a: Tyranitar|Dragon Dance|p1a: Tyranitar\n|-boost|p1a: Tyranitar|atk|1\n|-boost|p1a: Tyranitar|spe|1\n|move|p2a: Rotom|Will-O-Wisp|p1a: Tyranitar|[miss]\n|-miss|p2a: Rotom|p1a: Tyranitar\n|move|p2b: Aegislash|Swords Dance|p2b: Aegislash\n|-boost|p2b: Aegislash|atk|2\n|\n|-weather|Sandstorm|[upkeep]\n|-damage|p1b: Dragapult|94/100|[from] Sandstorm\n|-damage|p2a: Rotom|95/100|[from] Sandstorm\n|-heal|p2a: Rotom|100/100|[from] item: Leftovers\n|upkeep\n|turn|3\n|inactive|PJack23 has 30 seconds left.\n|inactive|PJack23 has 20 seconds left.\n|inactive|PJack23 has 15 seconds left.\n|\n|t:|1776688354\n|switch|p1b: Aerodactyl|Aerodactyl, L50, F|100/100\n|-ability|p1b: Aerodactyl|Unnerve\n|-formechange|p2b: Aegislash|Aegislash-Blade|\n|move|p2b: Aegislash|Shadow Sneak|p1b: Aerodactyl\n|-damage|p1b: Aerodactyl|6/100\n|move|p1a: Tyranitar|Knock Off|p2a: Rotom\n|-damage|p2a: Rotom|0 fnt\n|-enditem|p2a: Rotom|Leftovers|[from] move: Knock Off|[of] p1a: Tyranitar\n|faint|p2a: Rotom\n|\n|-weather|Sandstorm|[upkeep]\n|upkeep\n|\n|t:|1776688370\n|switch|p2a: Venusaur|Venusaur, L50, M|100/100\n|turn|4\n|\n|t:|1776688388\n|detailschange|p2a: Venusaur|Venusaur-Mega, L50, M\n|-mega|p2a: Venusaur|Venusaur|Venusaurite\n|move|p2b: Aegislash|Shadow Sneak|p1b: Aerodactyl\n|-damage|p1b: Aerodactyl|0 fnt\n|faint|p1b: Aerodactyl\n|move|p1a: Tyranitar|Rock Slide|p2a: Venusaur|[spread] p2a,p2b\n|-resisted|p2b: Aegislash|1\n|-damage|p2a: Venusaur|57/100\n|-damage|p2b: Aegislash|16/100\n|move|p2a: Venusaur|Giga Drain|p1a: Tyranitar\n|-supereffective|p1a: Tyranitar|1\n|-damage|p1a: Tyranitar|63/100\n|-heal|p2a: Venusaur|74/100|[from] drain|[of] p1a: Tyranitar\n|\n|-weather|Sandstorm|[upkeep]\n|-damage|p2a: Venusaur|68/100|[from] Sandstorm\n|upkeep\n|\n|t:|1776688399\n|switch|p1b: Dragapult|Dragapult, L50, F|94/100\n|turn|5\n|\n|t:|1776688417\n|move|p1b: Dragapult|Protect|p1b: Dragapult\n|-singleturn|p1b: Dragapult|Protect\n|move|p2a: Venusaur|Protect|p2a: Venusaur\n|-singleturn|p2a: Venusaur|Protect\n|move|p2b: Aegislash|Shadow Sneak|p1b: Dragapult\n|-activate|p1b: Dragapult|move: Protect\n|move|p1a: Tyranitar|Rock Slide|p2b: Aegislash|[spread] p2b\n|-activate|p2a: Venusaur|move: Protect\n|-resisted|p2b: Aegislash|1\n|-damage|p2b: Aegislash|0 fnt\n|faint|p2b: Aegislash\n|\n|-weather|none\n|upkeep\n|\n|t:|1776688420\n|switch|p2b: Talonflame|Talonflame, L50, F|100/100\n|turn|6\n|\n|t:|1776688438\n|move|p2b: Talonflame|Tailwind|p2b: Talonflame\n|-sidestart|p2: PJack23|move: Tailwind\n|move|p1a: Tyranitar|Rock Slide|p2a: Venusaur|[spread] p2b\n|-miss|p1a: Tyranitar|p2a: Venusaur\n|-supereffective|p2b: Talonflame|2\n|-damage|p2b: Talonflame|0 fnt\n|faint|p2b: Talonflame\n|move|p1b: Dragapult|Shadow Ball|p2a: Venusaur\n|-damage|p2a: Venusaur|38/100\n|move|p2a: Venusaur|Giga Drain|p1a: Tyranitar\n|-supereffective|p1a: Tyranitar|1\n|-damage|p1a: Tyranitar|8/100\n|-heal|p2a: Venusaur|64/100|[from] drain|[of] p1a: Tyranitar\n|\n|upkeep\n|turn|7\n|\n|t:|1776688459\n|move|p2a: Venusaur|Protect|p2a: Venusaur\n|-singleturn|p2a: Venusaur|Protect\n|move|p1a: Tyranitar|Rock Slide|p2a: Venusaur\n|-activate|p2a: Venusaur|move: Protect\n|move|p1b: Dragapult|Draco Meteor|p2a: Venusaur\n|-activate|p2a: Venusaur|move: Protect\n|\n|upkeep\n|turn|8\n|\n|t:|1776688472\n|move|p1a: Tyranitar|Rock Slide|p2a: Venusaur\n|-damage|p2a: Venusaur|4/100\n|move|p1b: Dragapult|Draco Meteor|p2a: Venusaur\n|-damage|p2a: Venusaur|0 fnt\n|-unboost|p1b: Dragapult|spa|2\n|faint|p2a: Venusaur\n|\n|win|jingming\n|raw|jingming's rating: 1176 &rarr; <strong>1202</strong><br />(+26 for winning)\n|raw|PJack23's rating: 1192 &rarr; <strong>1166</strong><br />(-26 for losing)\n|l|\u2606PJack23\n|player|p2|\n",
  "uploadtime": 1776688485,
  "views": 14,
  "formatid": "gen9championsvgc2026regma",
  "rating": 1166,
  "private": 0,
  "password": null
}