{
  "id": "gen9championsvgc2026regma-2586069454",
  "format": "[Gen 9 Champions] VGC 2026 Reg M-A",
  "players": [
    "s!dd_1",
    "jshqydhdm"
  ],
  "log": "|j|\u2606s!dd_1\n|j|\u2606jshqydhdm\n|t:|1776395724\n|gametype|doubles\n|player|p1|s!dd_1|cynthia-gen4|1593\n|player|p2|jshqydhdm|265|1606\n|gen|9\n|tier|[Gen 9 Champions] VGC 2026 Reg M-A\n|rated|\n|rule|Species Clause: Limit one of each Pok\u00e9mon\n|rule|Item Clause: Limit 1 of each item\n|clearpoke\n|poke|p1|Ampharos, L50, F|\n|poke|p1|Sneasler, L50, M|\n|poke|p1|Tyranitar, L50, F|\n|poke|p1|Milotic, L50, M|\n|poke|p1|Sinistcha, L50|\n|poke|p1|Charizard, L50, F|\n|poke|p2|Scovillain, L50, F|\n|poke|p2|Tyranitar, L50, F|\n|poke|p2|Corviknight, L50, F|\n|poke|p2|Kommo-o, L50, F|\n|poke|p2|Farigiraf, L50, M|\n|poke|p2|Basculegion, L50, M|\n|teampreview|4\n|inactive|Battle timer is ON: inactive players will automatically lose when time's up. (requested by s!dd_1)\n|\n|t:|1776395750\n|teamsize|p1|4\n|teamsize|p2|4\n|start\n|switch|p1a: Do|Sinistcha, L50|100/100\n|switch|p1b: Char|Charizard, L50, F|100/100\n|switch|p2a: Scovillain|Scovillain, L50, F|100/100\n|switch|p2b: Farigiraf|Farigiraf, L50, M|100/100\n|turn|1\n|\n|t:|1776395771\n|detailschange|p1b: Char|Charizard-Mega-X, L50, F\n|-mega|p1b: Char|Charizard|Charizardite X\n|detailschange|p2a: Scovillain|Scovillain-Mega, L50, F\n|-mega|p2a: Scovillain|Scovillain|Scovillainite\n|move|p1b: Char|Flare Blitz|p2b: Farigiraf\n|-damage|p2b: Farigiraf|35/100\n|-enditem|p2b: Farigiraf|Sitrus Berry|[eat]\n|-heal|p2b: Farigiraf|59/100|[from] item: Sitrus Berry\n|-damage|p1b: Char|69/100|[from] Recoil\n|move|p2a: Scovillain|Leech Seed|p1b: Char\n|-start|p1b: Char|move: Leech Seed\n|move|p1a: Do|Matcha Gotcha|p2a: Scovillain|[spread] p2a,p2b\n|-resisted|p2a: Scovillain|2\n|-damage|p2a: Scovillain|95/100\n|-damage|p2b: Farigiraf|37/100\n|-status|p1a: Do|brn|[from] ability: Spicy Spray|[of] p2a: Scovillain\n|move|p2b: Farigiraf|Twin Beam|p1b: Char\n|-damage|p1b: Char|50/100\n|-damage|p1b: Char|28/100\n|-hitcount|p1b: Char|2\n|\n|-damage|p1b: Char|15/100|[from] Leech Seed|[of] p2a: Scovillain\n|-heal|p2a: Scovillain|100/100|[silent]\n|-damage|p1a: Do|94/100 brn|[from] brn\n|upkeep\n|turn|2\n|inactive|s!dd_1 has 30 seconds left.\n|\n|t:|1776395797\n|switch|p1b: Panch|Milotic, L50, M|100/100\n|switch|p2b: Tyranitar|Tyranitar, L50, F|100/100\n|-weather|Sandstorm|[from] ability: Sand Stream|[of] p2b: Tyranitar\n|move|p1a: Do|Protect|p1a: Do\n|-singleturn|p1a: Do|Protect\n|move|p2a: Scovillain|Flamethrower|p1a: Do\n|-activate|p1a: Do|move: Protect\n|\n|-weather|Sandstorm|[upkeep]\n|-damage|p1b: Panch|95/100|[from] Sandstorm\n|-damage|p2a: Scovillain|95/100|[from] Sandstorm\n|-damage|p1a: Do|88/100 brn|[from] Sandstorm\n|-heal|p1b: Panch|100/100|[from] item: Leftovers\n|-damage|p1a: Do|82/100 brn|[from] brn\n|upkeep\n|turn|3\n|\n|t:|1776395811\n|switch|p1a: Teen|Tyranitar, L50, F|100/100\n|move|p2b: Tyranitar|Protect|p2b: Tyranitar\n|-singleturn|p2b: Tyranitar|Protect\n|move|p1b: Panch|Scald|p2b: Tyranitar\n|-activate|p2b: Tyranitar|move: Protect\n|move|p2a: Scovillain|Leech Seed|p1b: Panch\n|-start|p1b: Panch|move: Leech Seed\n|\n|-weather|Sandstorm|[upkeep]\n|-damage|p1b: Panch|95/100|[from] Sandstorm\n|-damage|p2a: Scovillain|89/100|[from] Sandstorm\n|-heal|p1b: Panch|100/100|[from] item: Leftovers\n|-damage|p1b: Panch|88/100|[from] Leech Seed|[of] p2a: Scovillain\n|-heal|p2a: Scovillain|100/100|[silent]\n|upkeep\n|turn|4\n|\n|t:|1776395827\n|switch|p1a: Do|Sinistcha, L50|82/100 brn\n|-heal|p1b: Panch|100/100|[from] ability: Hospitality|[of] p1a: Do\n|switch|p1b: Char|Charizard-Mega-X, L50, F|15/100\n|switch|p2b: Kommo-o|Kommo-o, L50, F|100/100\n|move|p2a: Scovillain|Leech Seed|p1a: Do\n|-immune|p1a: Do\n|\n|-weather|Sandstorm|[upkeep]\n|-damage|p1b: Char|10/100|[from] Sandstorm\n|-damage|p2b: Kommo-o|95/100|[from] Sandstorm\n|-damage|p2a: Scovillain|95/100|[from] Sandstorm\n|-damage|p1a: Do|76/100 brn|[from] Sandstorm\n|-heal|p2b: Kommo-o|100/100|[from] item: Leftovers\n|-damage|p1a: Do|70/100 brn|[from] brn\n|upkeep\n|turn|5\n|inactive|s!dd_1 has 30 seconds left.\n|\n|t:|1776395853\n|move|p2b: Kommo-o|Protect|p2b: Kommo-o\n|-singleturn|p2b: Kommo-o|Protect\n|move|p1b: Char|Flare Blitz|p2a: Scovillain\n|-crit|p2a: Scovillain\n|-damage|p2a: Scovillain|0 fnt\n|-immune|p1b: Char\n|faint|p2a: Scovillain\n|-damage|p1b: Char|0 fnt|[from] Recoil\n|faint|p1b: Char\n|move|p1a: Do|Matcha Gotcha|p2b: Kommo-o\n|-activate|p2b: Kommo-o|move: Protect\n|\n|-weather|Sandstorm|[upkeep]\n|-damage|p2b: Kommo-o|95/100|[from] Sandstorm\n|-damage|p1a: Do|63/100 brn|[from] Sandstorm\n|-heal|p2b: Kommo-o|100/100|[from] item: Leftovers\n|-damage|p1a: Do|57/100 brn|[from] brn\n|upkeep\n|\n|t:|1776395863\n|switch|p1b: Panch|Milotic, L50, M|100/100\n|switch|p2a: Farigiraf|Farigiraf, L50, M|37/100\n|turn|6\n|\n|t:|1776395870\n|move|p2a: Farigiraf|Ally Switch|p2a: Farigiraf\n|swap|p2a: Farigiraf|1|[from] move: Ally Switch\n|move|p2a: Kommo-o|Clangorous Soul|p2a: Kommo-o\n|-boost|p2a: Kommo-o|atk|1\n|-boost|p2a: Kommo-o|def|1\n|-boost|p2a: Kommo-o|spa|1\n|-boost|p2a: Kommo-o|spd|1\n|-boost|p2a: Kommo-o|spe|1\n|-damage|p2a: Kommo-o|68/100\n|move|p1b: Panch|Ice Beam|p2b: Farigiraf\n|-damage|p2b: Farigiraf|16/100\n|move|p1a: Do|Matcha Gotcha|p2a: Kommo-o|[spread] p2a,p2b\n|-resisted|p2a: Kommo-o|1\n|-damage|p2a: Kommo-o|58/100\n|-heal|p1a: Do|62/100 brn|[from] drain|[of] p2a: Kommo-o\n|-damage|p2b: Farigiraf|0 fnt\n|-heal|p1a: Do|71/100 brn|[from] drain|[of] p2b: Farigiraf\n|faint|p2b: Farigiraf\n|\n|-weather|none\n|-heal|p2a: Kommo-o|64/100|[from] item: Leftovers\n|-damage|p1a: Do|65/100 brn|[from] brn\n|upkeep\n|\n|t:|1776395886\n|switch|p2b: Tyranitar|Tyranitar, L50, F|100/100\n|-weather|Sandstorm|[from] ability: Sand Stream|[of] p2b: Tyranitar\n|turn|7\n|\n|t:|1776395898\n|move|p2a: Kommo-o|Protect|p2a: Kommo-o\n|-singleturn|p2a: Kommo-o|Protect\n|move|p1b: Panch|Scald|p2b: Tyranitar\n|-supereffective|p2b: Tyranitar|1\n|-enditem|p2b: Tyranitar|Passho Berry|[eat]\n|-enditem|p2b: Tyranitar|Passho Berry|[weaken]\n|-damage|p2b: Tyranitar|82/100\n|move|p2b: Tyranitar|Knock Off|p1b: Panch\n|-damage|p1b: Panch|48/100\n|-enditem|p1b: Panch|Leftovers|[from] move: Knock Off|[of] p2b: Tyranitar\n|move|p1a: Do|Matcha Gotcha|p2b: Tyranitar|[spread] p2b\n|-activate|p2a: Kommo-o|move: Protect\n|-supereffective|p2b: Tyranitar|1\n|-damage|p2b: Tyranitar|53/100\n|-heal|p1a: Do|82/100 brn|[from] drain|[of] p2b: Tyranitar\n|\n|-weather|Sandstorm|[upkeep]\n|-damage|p2a: Kommo-o|58/100|[from] Sandstorm\n|-damage|p1b: Panch|42/100|[from] Sandstorm\n|-damage|p1a: Do|76/100 brn|[from] Sandstorm\n|-heal|p2a: Kommo-o|64/100|[from] item: Leftovers\n|-damage|p1a: Do|70/100 brn|[from] brn\n|upkeep\n|turn|8\n|\n|t:|1776395914\n|move|p2a: Kommo-o|Clanging Scales|p1b: Panch|[spread] p1a,p1b\n|-damage|p1a: Do|12/100 brn\n|-damage|p1b: Panch|0 fnt\n|-enditem|p1a: Do|Sitrus Berry|[eat]\n|-heal|p1a: Do|37/100 brn|[from] item: Sitrus Berry\n|faint|p1b: Panch\n|-unboost|p2a: Kommo-o|def|1\n|move|p2b: Tyranitar|Rock Slide|p1a: Do\n|-damage|p1a: Do|3/100 brn\n|cant|p1a: Do|flinch\n|\n|-weather|Sandstorm|[upkeep]\n|-damage|p2a: Kommo-o|58/100|[from] Sandstorm\n|-damage|p1a: Do|0 fnt|[from] Sandstorm\n|faint|p1a: Do\n|-heal|p2a: Kommo-o|64/100|[from] item: Leftovers\n|upkeep\n|\n|t:|1776395918\n|switch|p1b: Teen|Tyranitar, L50, F|100/100\n|turn|9\n|\n|t:|1776395922\n|move|p2a: Kommo-o|Protect|p2a: Kommo-o\n|-singleturn|p2a: Kommo-o|Protect\n|move|p1b: Teen|Low Kick|p2b: Tyranitar\n|-supereffective|p2b: Tyranitar|2\n|-damage|p2b: Tyranitar|0 fnt\n|faint|p2b: Tyranitar\n|\n|-weather|Sandstorm|[upkeep]\n|-damage|p2a: Kommo-o|58/100|[from] Sandstorm\n|-heal|p2a: Kommo-o|64/100|[from] item: Leftovers\n|upkeep\n|turn|10\n|\n|t:|1776395927\n|move|p2a: Kommo-o|Aura Sphere|p1b: Teen\n|-supereffective|p1b: Teen|2\n|-damage|p1b: Teen|0 fnt\n|faint|p1b: Teen\n|\n|win|jshqydhdm\n|raw|s!dd_1's rating: 1593 &rarr; <strong>1574</strong><br />(-19 for losing)\n|raw|jshqydhdm's rating: 1606 &rarr; <strong>1625</strong><br />(+19 for winning)\n|l|\u2606jshqydhdm\n|player|p2|\n|l|\u2606s!dd_1\n|player|p1|\n",
  "uploadtime": 1776395971,
  "views": 71,
  "formatid": "gen9championsvgc2026regma",
  "rating": 1574,
  "private": 0,
  "password": null
}