{
  "id": "gen9championsvgc2026regma-2581291083",
  "format": "[Gen 9 Champions] VGC 2026 Reg M-A",
  "players": [
    "Germanie",
    "ConnerTEP"
  ],
  "log": "|badge|p1|bronze|gen9ubers|100-9\n|uhtml|medal-msg|<div class=\"broadcast-blue\">Curious what those medals under the avatar are? PS now has Ladder Seasons! For more information, check out the <a href=\"https://www.smogon.com/forums/threads/3740067/\">thread on Smogon.</a></div>\n|j|\u2606Germanie\n|j|\u2606ConnerTEP\n|t:|1775982148\n|gametype|doubles\n|player|p1|Germanie|2|1369\n|player|p2|ConnerTEP|acerola-masters2|1469\n|gen|9\n|tier|[Gen 9 Champions] VGC 2026 Reg M-A\n|rated|\n|rule|Species Clause: Limit one of each Pok\u00e9mon\n|rule|Item Clause: Limit 1 of each item\n|clearpoke\n|poke|p1|Orthworm, L50, F|\n|poke|p1|Basculegion, L50, M|\n|poke|p1|Incineroar, L50, F|\n|poke|p1|Rotom-Frost, L50|\n|poke|p1|Froslass, L50, F|\n|poke|p1|Garchomp, L50, F|\n|poke|p2|Aerodactyl, L50, F|\n|poke|p2|Garchomp, L50, M|\n|poke|p2|Gardevoir, L50, F|\n|poke|p2|Kingambit, L50, F|\n|poke|p2|Kangaskhan, L50, F|\n|poke|p2|Sinistcha, L50|\n|teampreview|4\n|inactive|Battle timer is ON: inactive players will automatically lose when time's up. (requested by ConnerTEP)\nGermanie rejected open team sheets.\n|inactive|ConnerTEP has 60 seconds left.\n|j| gE1xjZRtuhW2DdT0AK\n|inactive|ConnerTEP has 30 seconds left.\n|inactive|ConnerTEP has 20 seconds left.\n|inactive|ConnerTEP has 15 seconds left.\n|inactive|ConnerTEP has 10 seconds left.\n|inactive|ConnerTEP has 5 seconds left.\n|\n|t:|1775982236\n|teamsize|p1|4\n|teamsize|p2|4\n|start\n|switch|p1a: Garchomp|Garchomp, L50, F|100/100\n|switch|p1b: Orthworm|Orthworm, L50, F|100/100\n|switch|p2a: Kingambit|Kingambit, L50, F|100/100\n|switch|p2b: Kangaskhan|Kangaskhan, L50, F|100/100\n|turn|1\n|inactive|ConnerTEP has 30 seconds left.\n|inactive|ConnerTEP has 20 seconds left.\n|\n|t:|1775982274\n|switch|p2a: Sinistcha|Sinistcha, L50|100/100\n|move|p2b: Kangaskhan|Fake Out|p1b: Orthworm\n|-resisted|p1b: Orthworm|1\n|-damage|p1b: Orthworm|95/100\n|move|p1a: Garchomp|Earthquake|p2b: Kangaskhan|[spread] p2a,p2b\n|-heal|p1b: Orthworm|100/100|[from] ability: Earth Eater|[of] p1a: Garchomp\n|-resisted|p2a: Sinistcha|1\n|-damage|p2a: Sinistcha|79/100\n|-damage|p2b: Kangaskhan|59/100\n|cant|p1b: Orthworm|flinch\n|\n|upkeep\n|turn|2\n|\n|t:|1775982286\n|detailschange|p2b: Kangaskhan|Kangaskhan-Mega, L50, F\n|-mega|p2b: Kangaskhan|Kangaskhan|Kangaskhanite\n|move|p1a: Garchomp|Earthquake|p2a: Sinistcha|[spread] p2a,p2b\n|-immune|p1b: Orthworm|[from] ability: Earth Eater\n|-resisted|p2a: Sinistcha|1\n|-damage|p2a: Sinistcha|59/100\n|-damage|p2b: Kangaskhan|22/100\n|move|p2b: Kangaskhan|Drain Punch|p1b: Orthworm\n|-supereffective|p1b: Orthworm|1\n|-damage|p1b: Orthworm|63/100\n|-heal|p2b: Kangaskhan|40/100|[from] drain|[of] p1b: Orthworm\n|-supereffective|p1b: Orthworm|1\n|-damage|p1b: Orthworm|54/100\n|-heal|p2b: Kangaskhan|44/100|[from] drain|[of] p1b: Orthworm\n|-hitcount|p1b: Orthworm|2\n|move|p2a: Sinistcha|Matcha Gotcha|p1a: Garchomp|[spread] p1a,p1b\n|-resisted|p1b: Orthworm|1\n|-damage|p1a: Garchomp|68/100\n|-heal|p2a: Sinistcha|77/100|[from] drain|[of] p1a: Garchomp\n|-damage|p1b: Orthworm|38/100\n|-heal|p2a: Sinistcha|85/100|[from] drain|[of] p1b: Orthworm\n|-status|p1a: Garchomp|brn\n|-status|p1b: Orthworm|brn\n|-enditem|p1b: Orthworm|Sitrus Berry|[eat]\n|-heal|p1b: Orthworm|63/100 brn|[from] item: Sitrus Berry\n|move|p1b: Orthworm|Shed Tail|p1b: Orthworm\n|-start|p1b: Orthworm|Substitute|[from] move: Shed Tail\n|-damage|p1b: Orthworm|13/100 brn\n|\n|t:|1775982299\n|switch|p1b: Froslass|Froslass, L50, F|100/100|[from] Shed Tail\n|\n|-damage|p1a: Garchomp|62/100 brn|[from] brn\n|upkeep\n|turn|3\n|\n|t:|1775982316\n|detailschange|p1b: Froslass|Froslass-Mega, L50, F\n|-mega|p1b: Froslass|Froslass|Froslassite\n|-weather|Snowscape|[from] ability: Snow Warning|[of] p1b: Froslass\n|move|p2b: Kangaskhan|Sucker Punch|p1b: Froslass\n|-supereffective|p1b: Froslass|1\n|-end|p1b: Froslass|Substitute\n|-supereffective|p1b: Froslass|1\n|-damage|p1b: Froslass|88/100\n|-hitcount|p1b: Froslass|2\n|move|p1b: Froslass|Blizzard|p2a: Sinistcha|[spread] p2a,p2b\n|-supereffective|p2a: Sinistcha|1\n|-damage|p2a: Sinistcha|0 fnt\n|-damage|p2b: Kangaskhan|3/100\n|faint|p2a: Sinistcha\n|move|p1a: Garchomp|Dragon Claw|p2b: Kangaskhan\n|-damage|p2b: Kangaskhan|0 fnt\n|faint|p2b: Kangaskhan\n|\n|-weather|Snowscape|[upkeep]\n|-damage|p1a: Garchomp|56/100 brn|[from] brn\n|upkeep\n|\n|t:|1775982325\n|switch|p2b: Aerodactyl|Aerodactyl, L50, F|100/100\n|switch|p2a: Kingambit|Kingambit, L50, F|100/100\n|-ability|p2b: Aerodactyl|Unnerve\n|turn|4\n|\n|t:|1775982349\n|move|p1b: Froslass|Protect|p1b: Froslass\n|-singleturn|p1b: Froslass|Protect\n|move|p2a: Kingambit|Sucker Punch||[still]\n|-fail|p2a: Kingambit\n|move|p2b: Aerodactyl|Rock Slide|p1a: Garchomp|[spread] p1a\n|-activate|p1b: Froslass|move: Protect\n|-resisted|p1a: Garchomp|1\n|-damage|p1a: Garchomp|45/100 brn\n|cant|p1a: Garchomp|flinch\n|\n|-weather|Snowscape|[upkeep]\n|-damage|p1a: Garchomp|39/100 brn|[from] brn\n|upkeep\n|turn|5\n|\n|t:|1775982373\n|switch|p1b: Orthworm|Orthworm, L50, F|13/100 brn\n|switch|p1a: Incineroar|Incineroar, L50, F|100/100\n|-ability|p1a: Incineroar|Intimidate|boost\n|-unboost|p2a: Kingambit|atk|1\n|-ability|p2a: Kingambit|Defiant|boost\n|-boost|p2a: Kingambit|atk|2\n|-unboost|p2b: Aerodactyl|atk|1\n|move|p2b: Aerodactyl|Rock Slide|p1b: Orthworm|[spread] p1b\n|-miss|p2b: Aerodactyl|p1a: Incineroar\n|-resisted|p1b: Orthworm|1\n|-damage|p1b: Orthworm|8/100 brn\n|move|p2a: Kingambit|Swords Dance|p2a: Kingambit\n|-boost|p2a: Kingambit|atk|2\n|\n|-weather|Snowscape|[upkeep]\n|-damage|p1b: Orthworm|2/100 brn|[from] brn\n|upkeep\n|turn|6\n|\n|t:|1775982391\n|move|p2b: Aerodactyl|Protect|p2b: Aerodactyl\n|-singleturn|p2b: Aerodactyl|Protect\n|move|p2a: Kingambit|Protect|p2a: Kingambit\n|-singleturn|p2a: Kingambit|Protect\n|move|p1b: Orthworm|Body Press|p2a: Kingambit\n|-activate|p2a: Kingambit|move: Protect\n|move|p1a: Incineroar|Flare Blitz|p2a: Kingambit\n|-activate|p2a: Kingambit|move: Protect\n|\n|-weather|Snowscape|[upkeep]\n|-damage|p1b: Orthworm|0 fnt|[from] brn\n|faint|p1b: Orthworm\n|upkeep\n|\n|t:|1775982402\n|switch|p1b: Froslass|Froslass-Mega, L50, F|88/100\n|turn|7\n|inactive|ConnerTEP has 30 seconds left.\n|inactive|ConnerTEP has 20 seconds left.\n|\n|t:|1775982440\n|move|p2b: Aerodactyl|Tailwind|p2b: Aerodactyl\n|-sidestart|p2: ConnerTEP|move: Tailwind\n|move|p1b: Froslass|Blizzard|p2a: Kingambit|[spread] p2a,p2b\n|-resisted|p2a: Kingambit|1\n|-supereffective|p2b: Aerodactyl|1\n|-damage|p2a: Kingambit|80/100\n|-enditem|p2b: Aerodactyl|Focus Sash\n|-damage|p2b: Aerodactyl|1/100\n|-status|p2b: Aerodactyl|frz\n|move|p2a: Kingambit|Iron Head|p1a: Incineroar\n|-resisted|p1a: Incineroar|1\n|-damage|p1a: Incineroar|58/100\n|move|p1a: Incineroar|Flare Blitz|p2a: Kingambit\n|-supereffective|p2a: Kingambit|1\n|-damage|p2a: Kingambit|6/100\n|-damage|p1a: Incineroar|36/100|[from] Recoil\n|\n|-weather|none\n|upkeep\n|turn|8\n|inactive|Germanie has 30 seconds left.\n|inactive|ConnerTEP has 30 seconds left.\n|inactive|ConnerTEP has 20 seconds left.\n|\n|t:|1775982479\n|move|p1b: Froslass|Protect|p1b: Froslass\n|-singleturn|p1b: Froslass|Protect\n|move|p2a: Kingambit|Sucker Punch||[still]\n|-fail|p2a: Kingambit\n|cant|p2b: Aerodactyl|frz\n|move|p1a: Incineroar|Flare Blitz|p2a: Kingambit\n|-supereffective|p2a: Kingambit|1\n|-damage|p2a: Kingambit|0 fnt\n|faint|p2a: Kingambit\n|-damage|p1a: Incineroar|34/100|[from] Recoil\n|\n|upkeep\n|turn|9\n|-message|ConnerTEP forfeited.\n|\n|win|Germanie\n|raw|Germanie's rating: 1369 &rarr; <strong>1395</strong><br />(+26 for winning)\n|raw|ConnerTEP's rating: 1469 &rarr; <strong>1443</strong><br />(-26 for losing)\n|l|\u2606ConnerTEP\n|player|p2|\n",
  "uploadtime": 1775982493,
  "views": 45,
  "formatid": "gen9championsvgc2026regma",
  "rating": 1395,
  "private": 0,
  "password": null
}