{
  "id": "gen9championsvgc2026regma-2588816504",
  "format": "[Gen 9 Champions] VGC 2026 Reg M-A",
  "players": [
    "AdrianCuez",
    "sixthsavior"
  ],
  "log": "|j|\u2606AdrianCuez\n|j|\u2606sixthsavior\n|t:|1776674406\n|gametype|doubles\n|player|p1|AdrianCuez|101|1273\n|player|p2|sixthsavior|265|1243\n|gen|9\n|tier|[Gen 9 Champions] VGC 2026 Reg M-A\n|rated|\n|rule|Species Clause: Limit one of each Pok\u00e9mon\n|rule|Item Clause: Limit 1 of each item\n|clearpoke\n|poke|p1|Blastoise, L50, F|\n|poke|p1|Sinistcha, L50|\n|poke|p1|Sneasler, L50, F|\n|poke|p1|Incineroar, L50, M|\n|poke|p1|Sableye, L50, F|\n|poke|p1|Kingambit, L50, F|\n|poke|p2|Charizard, L50, F|\n|poke|p2|Rotom-Wash, L50|\n|poke|p2|Garchomp, L50, M|\n|poke|p2|Talonflame, L50, F|\n|poke|p2|Dragonite, L50, F|\n|poke|p2|Dragapult, L50, M|\n|teampreview|4\n|\n|t:|1776674471\n|teamsize|p1|4\n|teamsize|p2|4\n|start\n|switch|p1a: Blastoise|Blastoise, L50, F|100/100\n|switch|p1b: Sableye|Sableye, L50, F|100/100\n|switch|p2a: Dragapult|Dragapult, L50, M|100/100\n|switch|p2b: Charizard|Charizard, L50, F|100/100\n|turn|1\n|\n|t:|1776674485\n|detailschange|p1a: Blastoise|Blastoise-Mega, L50, F\n|-mega|p1a: Blastoise|Blastoise|Blastoisinite\n|move|p2b: Charizard|Protect|p2b: Charizard\n|-singleturn|p2b: Charizard|Protect\n|move|p1b: Sableye|Fake Out|p2b: Charizard\n|-activate|p2b: Charizard|move: Protect\n|move|p2a: Dragapult|Phantom Force||[still]\n|-prepare|p2a: Dragapult|Phantom Force\n|move|p1a: Blastoise|Dragon Pulse|p2a: Dragapult|[miss]\n|-miss|p1a: Blastoise|p2a: Dragapult\n|\n|upkeep\n|turn|2\n|\n|t:|1776674513\n|switch|p1a: Incineroar|Incineroar, L50, M|100/100\n|-ability|p1a: Incineroar|Intimidate|boost\n|-fail|p2a: Dragapult|unboost|[from] ability: Clear Body|[of] p2a: Dragapult\n|-unboost|p2b: Charizard|atk|1\n|detailschange|p2b: Charizard|Charizard-Mega-Y, L50, F\n|-mega|p2b: Charizard|Charizard|Charizardite Y\n|-weather|SunnyDay|[from] ability: Drought|[of] p2b: Charizard\n|move|p1b: Sableye|Rain Dance|p1b: Sableye\n|-weather|RainDance\n|move|p2a: Dragapult|Phantom Force|p1b: Sableye|[from] lockedmove\n|-damage|p1b: Sableye|41/100\n|move|p2b: Charizard|Solar Beam||[still]\n|-prepare|p2b: Charizard|Solar Beam\n|\n|-weather|RainDance|[upkeep]\n|upkeep\n|turn|3\n|\n|t:|1776674535\n|switch|p2a: Rotom|Rotom-Wash, L50|100/100\n|move|p1b: Sableye|Recover|p1b: Sableye\n|-heal|p1b: Sableye|91/100\n|move|p2b: Charizard|Solar Beam|p1a: Incineroar|[from] lockedmove\n|-resisted|p1a: Incineroar|1\n|-damage|p1a: Incineroar|90/100\n|move|p1a: Incineroar|Parting Shot|p2b: Charizard\n|-unboost|p2b: Charizard|atk|1\n|-unboost|p2b: Charizard|spa|1\n|\n|t:|1776674545\n|switch|p1a: Blastoise|Blastoise-Mega, L50, F|100/100|[from] Parting Shot\n|\n|-weather|RainDance|[upkeep]\n|upkeep\n|turn|4\n|\n|t:|1776674554\n|switch|p1b: Incineroar|Incineroar, L50, M|90/100\n|-ability|p1b: Incineroar|Intimidate|boost\n|-unboost|p2a: Rotom|atk|1\n|-unboost|p2b: Charizard|atk|1\n|move|p2b: Charizard|Protect|p2b: Charizard\n|-singleturn|p2b: Charizard|Protect\n|move|p1a: Blastoise|Protect|p1a: Blastoise\n|-singleturn|p1a: Blastoise|Protect\n|move|p2a: Rotom|Discharge|p1b: Incineroar|[spread] p1b\n|-activate|p2b: Charizard|move: Protect\n|-activate|p1a: Blastoise|move: Protect\n|-damage|p1b: Incineroar|64/100\n|-status|p1b: Incineroar|par\n|\n|-weather|RainDance|[upkeep]\n|upkeep\n|turn|5\n|\n|t:|1776674581\n|switch|p2b: Dragapult|Dragapult, L50, M|100/100\n|move|p1b: Incineroar|Fake Out|p2a: Rotom\n|-damage|p2a: Rotom|88/100\n|move|p1a: Blastoise|Water Spout|p2a: Rotom|[spread] p2a,p2b\n|-resisted|p2a: Rotom|1\n|-resisted|p2b: Dragapult|1\n|-damage|p2a: Rotom|31/100\n|-damage|p2b: Dragapult|32/100\n|-enditem|p2a: Rotom|Sitrus Berry|[eat]\n|-heal|p2a: Rotom|56/100|[from] item: Sitrus Berry\n|cant|p2a: Rotom|flinch\n|\n|-weather|RainDance|[upkeep]\n|upkeep\n|turn|6\n|\n|t:|1776674613\n|switch|p1a: Sinistcha|Sinistcha, L50|100/100\n|-heal|p1b: Incineroar|89/100 par|[from] ability: Hospitality|[of] p1a: Sinistcha\n|move|p2b: Dragapult|Phantom Force||[still]\n|-prepare|p2b: Dragapult|Phantom Force\n|move|p2a: Rotom|Volt Switch|p1a: Sinistcha\n|-resisted|p1a: Sinistcha|1\n|-damage|p1a: Sinistcha|85/100\n|\n|t:|1776674622\n|switch|p2a: Charizard|Charizard-Mega-Y, L50, F|100/100|[from] Volt Switch\n|-weather|SunnyDay|[from] ability: Drought|[of] p2a: Charizard\n|move|p1b: Incineroar|Parting Shot|p2a: Charizard\n|-unboost|p2a: Charizard|atk|1\n|-unboost|p2a: Charizard|spa|1\n|\n|t:|1776674632\n|switch|p1b: Sableye|Sableye, L50, F|91/100|[from] Parting Shot\n|\n|-weather|SunnyDay|[upkeep]\n|-heal|p1a: Sinistcha|92/100|[from] item: Leftovers\n|upkeep\n|turn|7\n|\n|t:|1776674642\n|switch|p2a: Rotom|Rotom-Wash, L50|56/100\n|switch|p1a: Incineroar|Incineroar, L50, M|89/100 par\n|-ability|p1a: Incineroar|Intimidate|boost\n|-unboost|p2a: Rotom|atk|1\n|-fail|p2b: Dragapult|unboost|[from] ability: Clear Body|[of] p2b: Dragapult\n|move|p1b: Sableye|Rain Dance|p1b: Sableye\n|-weather|RainDance\n|move|p2b: Dragapult|Phantom Force|p1a: Incineroar|[from] lockedmove\n|-resisted|p1a: Incineroar|1\n|-damage|p1a: Incineroar|70/100 par\n|\n|-weather|RainDance|[upkeep]\n|upkeep\n|turn|8\n|\n|t:|1776674668\n|switch|p2b: Charizard|Charizard-Mega-Y, L50, F|100/100\n|-weather|SunnyDay|[from] ability: Drought|[of] p2b: Charizard\n|switch|p2a: Garchomp|Garchomp, L50, M|100/100\n|switch|p1b: Sinistcha|Sinistcha, L50|92/100\n|-heal|p1a: Incineroar|95/100 par|[from] ability: Hospitality|[of] p1b: Sinistcha\n|move|p1a: Incineroar|Protect||[still]\n|-fail|p1a: Incineroar\n|\n|-weather|SunnyDay|[upkeep]\n|-heal|p1b: Sinistcha|98/100|[from] item: Leftovers\n|upkeep\n|turn|9\n|\n|t:|1776674689\n|move|p2b: Charizard|Protect|p2b: Charizard\n|-singleturn|p2b: Charizard|Protect\n|move|p1b: Sinistcha|Protect|p1b: Sinistcha\n|-singleturn|p1b: Sinistcha|Protect\n|move|p2a: Garchomp|Earthquake|p1a: Incineroar|[spread] p1a\n|-activate|p2b: Charizard|move: Protect\n|-activate|p1b: Sinistcha|move: Protect\n|-supereffective|p1a: Incineroar|1\n|-damage|p1a: Incineroar|27/100 par\n|-enditem|p1a: Incineroar|Sitrus Berry|[eat]\n|-heal|p1a: Incineroar|51/100 par|[from] item: Sitrus Berry\n|move|p1a: Incineroar|Parting Shot|p2b: Charizard\n|-activate|p2b: Charizard|move: Protect\n|\n|-weather|SunnyDay|[upkeep]\n|-heal|p1b: Sinistcha|100/100|[from] item: Leftovers\n|upkeep\n|turn|10\n|\n|t:|1776674706\n|switch|p1a: Sableye|Sableye, L50, F|91/100\n|move|p2a: Garchomp|Earthquake|p1b: Sinistcha|[spread] p1a,p1b\n|-immune|p2b: Charizard\n|-resisted|p1b: Sinistcha|1\n|-damage|p1a: Sableye|45/100\n|-damage|p1b: Sinistcha|82/100\n|move|p2b: Charizard|Heat Wave|p1b: Sinistcha|[spread] p1a,p1b\n|-supereffective|p1b: Sinistcha|1\n|-damage|p1a: Sableye|0 fnt\n|-damage|p1b: Sinistcha|0 fnt\n|faint|p1a: Sableye\n|faint|p1b: Sinistcha\n|\n|-weather|SunnyDay|[upkeep]\n|upkeep\n|-message|AdrianCuez forfeited.\n|\n|win|sixthsavior\n|raw|AdrianCuez's rating: 1273 &rarr; <strong>1246</strong><br />(-27 for losing)\n|raw|sixthsavior's rating: 1243 &rarr; <strong>1270</strong><br />(+27 for winning)\n|l|\u2606AdrianCuez\n|player|p1|\n",
  "uploadtime": 1776674728,
  "views": 11,
  "formatid": "gen9championsvgc2026regma",
  "rating": 1246,
  "private": 0,
  "password": null
}