{
  "id": "gen9championsvgc2026regma-2581073006",
  "format": "[Gen 9 Champions] VGC 2026 Reg M-A",
  "players": [
    "Jeremykhoo",
    "LiteralA"
  ],
  "log": "|j|\u2606Jeremykhoo\n|j|\u2606LiteralA\n|t:|1775957293\n|gametype|doubles\n|player|p1|Jeremykhoo|102|1103\n|player|p2|LiteralA|ingo|1198\n|gen|9\n|tier|[Gen 9 Champions] VGC 2026 Reg M-A\n|rated|\n|rule|Species Clause: Limit one of each Pok\u00e9mon\n|rule|Item Clause: Limit 1 of each item\n|clearpoke\n|poke|p1|Tyranitar, L50, M|\n|poke|p1|Whimsicott, L50, F|\n|poke|p1|Aggron, L50, F|\n|poke|p1|Drampa, L50, M|\n|poke|p1|Sylveon, L50, M|\n|poke|p1|Arcanine, L50, F|\n|poke|p2|Aerodactyl, L50, M|\n|poke|p2|Whimsicott, L50, F|\n|poke|p2|Sneasler, L50, M|\n|poke|p2|Incineroar, L50, F|\n|poke|p2|Sinistcha, L50|\n|poke|p2|Floette-Eternal, L50, F|\n|teampreview|4\n|inactive|Battle timer is ON: inactive players will automatically lose when time's up. (requested by LiteralA)\n|inactive|Jeremykhoo has 60 seconds left.\n|inactive|LiteralA has 60 seconds left.\n|inactive|Jeremykhoo has 30 seconds left.\n|\n|t:|1775957363\n|teamsize|p1|4\n|teamsize|p2|4\n|start\n|switch|p1a: Whimsicott|Whimsicott, L50, F|100/100\n|switch|p1b: Drampa|Drampa, L50, M|100/100\n|switch|p2a: Aerodactyl|Aerodactyl, L50, M|100/100\n|switch|p2b: Sneasler|Sneasler, L50, M, shiny|100/100\n|-ability|p2a: Aerodactyl|Unnerve\n|turn|1\n|inactive|Jeremykhoo has 30 seconds left.\n|\n|t:|1775957392\n|switch|p1a: Arcanine|Arcanine, L50, F|100/100\n|-ability|p1a: Arcanine|Intimidate|boost\n|-unboost|p2a: Aerodactyl|atk|1\n|-unboost|p2b: Sneasler|atk|1\n|-enditem|p2b: Sneasler|White Herb\n|-clearnegativeboost|p2b: Sneasler|[silent]\n|detailschange|p2a: Aerodactyl|Aerodactyl-Mega, L50, M\n|-mega|p2a: Aerodactyl|Aerodactyl|Aerodactylite\n|move|p1b: Drampa|Protect|p1b: Drampa\n|-singleturn|p1b: Drampa|Protect\n|move|p2b: Sneasler|Close Combat|p1b: Drampa\n|-activate|p1b: Drampa|move: Protect\n|move|p2a: Aerodactyl|Dual Wingbeat|p1a: Arcanine\n|-damage|p1a: Arcanine|76/100\n|-damage|p1a: Arcanine|53/100\n|-hitcount|p1a: Arcanine|2\n|\n|upkeep\n|turn|2\n|inactive|Jeremykhoo has 30 seconds left.\n|inactive|Jeremykhoo has 20 seconds left.\n|\n|t:|1775957430\n|switch|p1b: Whimsicott|Whimsicott, L50, F|100/100\n|move|p2b: Sneasler|Rock Slide|p1a: Arcanine|[spread] p1a,p1b\n|-supereffective|p1a: Arcanine|1\n|-damage|p1a: Arcanine|11/100\n|-damage|p1b: Whimsicott|79/100\n|move|p2a: Aerodactyl|Rock Slide|p1a: Arcanine|[spread] p1a,p1b\n|-supereffective|p1a: Arcanine|1\n|-damage|p1a: Arcanine|0 fnt\n|-damage|p1b: Whimsicott|55/100\n|faint|p1a: Arcanine\n|\n|upkeep\n|\n|t:|1775957449\n|switch|p1a: Drampa|Drampa, L50, M|100/100\n|turn|3\n|\n|t:|1775957456\n|move|p1a: Drampa|Protect|p1a: Drampa\n|-singleturn|p1a: Drampa|Protect\n|move|p1b: Whimsicott|Tailwind|p1b: Whimsicott\n|-sidestart|p1: Jeremykhoo|move: Tailwind\n|move|p2b: Sneasler|Close Combat|p1a: Drampa\n|-activate|p1a: Drampa|move: Protect\n|move|p2a: Aerodactyl|Dual Wingbeat|p1b: Whimsicott\n|-supereffective|p1b: Whimsicott|1\n|-damage|p1b: Whimsicott|1/100\n|-supereffective|p1b: Whimsicott|1\n|-damage|p1b: Whimsicott|0 fnt\n|faint|p1b: Whimsicott\n|-hitcount|p1: Whimsicott|2\n|\n|upkeep\n|\n|t:|1775957468\n|switch|p1b: Sylveon|Sylveon, L50, M|100/100\n|turn|4\n|\n|t:|1775957478\n|detailschange|p1a: Drampa|Drampa-Mega, L50, M\n|-mega|p1a: Drampa|Drampa|Drampanite\n|move|p2b: Sneasler|Close Combat|p1a: Drampa\n|-supereffective|p1a: Drampa|1\n|-damage|p1a: Drampa|0 fnt\n|-unboost|p2b: Sneasler|def|1\n|-unboost|p2b: Sneasler|spd|1\n|faint|p1a: Drampa\n|move|p1b: Sylveon|Hyper Voice|p2a: Aerodactyl|[spread] p2a,p2b\n|-crit|p2b: Sneasler\n|-damage|p2a: Aerodactyl|45/100\n|-damage|p2b: Sneasler|0 fnt\n|faint|p2b: Sneasler\n|move|p2a: Aerodactyl|Iron Head|p1b: Sylveon\n|-supereffective|p1b: Sylveon|1\n|-damage|p1b: Sylveon|32/100\n|\n|upkeep\n|\n|t:|1775957492\n|switch|p2b: Incineroar|Incineroar, L50, F|100/100\n|-ability|p2b: Incineroar|Intimidate|boost\n|-unboost|p1b: Sylveon|atk|1\n|turn|5\n|\n|t:|1775957496\n|move|p1b: Sylveon|Protect|p1b: Sylveon\n|-singleturn|p1b: Sylveon|Protect\n|move|p2b: Incineroar|Fake Out|p1b: Sylveon\n|-activate|p1b: Sylveon|move: Protect\n|move|p2a: Aerodactyl|Iron Head|p1b: Sylveon\n|-activate|p1b: Sylveon|move: Protect\n|\n|upkeep\n|turn|6\n|\n|t:|1775957504\n|move|p1b: Sylveon|Hyper Voice|p2a: Aerodactyl|[spread] p2a,p2b\n|-damage|p2a: Aerodactyl|0 fnt\n|-damage|p2b: Incineroar|69/100\n|faint|p2a: Aerodactyl\n|move|p2b: Incineroar|Flare Blitz|p1b: Sylveon\n|-damage|p1b: Sylveon|0 fnt\n|faint|p1b: Sylveon\n|-damage|p2b: Incineroar|59/100|[from] Recoil\n|\n|win|LiteralA\n|raw|Jeremykhoo's rating: 1103 &rarr; <strong>1085</strong><br />(-18 for losing)\n|raw|LiteralA's rating: 1198 &rarr; <strong>1216</strong><br />(+18 for winning)\n|l|\u2606LiteralA\n|player|p2|\n",
  "uploadtime": 1775957514,
  "views": 22,
  "formatid": "gen9championsvgc2026regma",
  "rating": 1085,
  "private": 0,
  "password": null
}