{
  "id": "gen9championsvgc2026regma-2586744403",
  "format": "[Gen 9 Champions] VGC 2026 Reg M-A",
  "players": [
    "cetrozwag",
    "Orkestra"
  ],
  "log": "|j|\u2606cetrozwag\n|j|\u2606Orkestra\n|t:|1776456515\n|gametype|doubles\n|player|p1|cetrozwag|benga|1076\n|player|p2|Orkestra|miku-ground|1114\n|gen|9\n|tier|[Gen 9 Champions] VGC 2026 Reg M-A\n|rated|\n|rule|Species Clause: Limit one of each Pok\u00e9mon\n|rule|Item Clause: Limit 1 of each item\n|clearpoke\n|poke|p1|Araquanid, L50, M|\n|poke|p1|Pelipper, L50, M|\n|poke|p1|Slowbro, L50, F|\n|poke|p1|Archaludon, L50, F|\n|poke|p1|Vaporeon, L50, F|\n|poke|p1|Sneasler, L50, F|\n|poke|p2|Chimecho, L50, F|\n|poke|p2|Klefki, L50, F|\n|poke|p2|Whimsicott, L50, M|\n|poke|p2|Heracross, L50, M|\n|poke|p2|Farigiraf, L50, F|\n|poke|p2|Milotic, L50, F|\n|teampreview|4\n|inactive|Battle timer is ON: inactive players will automatically lose when time's up. (requested by Orkestra)\n|inactive|cetrozwag has 60 seconds left.\n|inactive|Orkestra has 60 seconds left.\n|\n|t:|1776456569\n|teamsize|p1|4\n|teamsize|p2|4\n|start\n|switch|p1a: Araquanid|Araquanid, L50, M|100/100\n|switch|p1b: Slowbro|Slowbro, L50, F|100/100\n|switch|p2a: Whimsicott|Whimsicott, L50, M|100/100\n|switch|p2b: Gay Hero|Heracross, L50, M, shiny|100/100\n|turn|1\n|inactive|Orkestra has 30 seconds left.\n|inactive|Orkestra has 20 seconds left.\n|inactive|Orkestra has 15 seconds left.\n|inactive|Orkestra has 10 seconds left.\n|\n|t:|1776456619\n|detailschange|p2b: Gay Hero|Heracross-Mega, L50, M, shiny\n|-mega|p2b: Gay Hero|Heracross|Heracronite\n|detailschange|p1b: Slowbro|Slowbro-Mega, L50, F\n|-mega|p1b: Slowbro|Slowbro|Slowbronite\n|move|p2a: Whimsicott|Moonblast|p1a: Araquanid\n|-damage|p1a: Araquanid|67/100\n|move|p2b: Gay Hero|Rock Blast|p1a: Araquanid|[miss]\n|-miss|p2b: Gay Hero|p1a: Araquanid\n|move|p1a: Araquanid|Entrainment|p1b: Slowbro\n|-ability|p1b: Slowbro|Water Bubble|Shell Armor|[from] move: Entrainment|[of] p1a: Araquanid\n|move|p1b: Slowbro|Trick Room|p1b: Slowbro\n|-fieldstart|move: Trick Room|[of] p1b: Slowbro\n|\n|upkeep\n|turn|2\n|inactive|cetrozwag has 30 seconds left.\n|\n|t:|1776456651\n|move|p1a: Araquanid|Protect|p1a: Araquanid\n|-singleturn|p1a: Araquanid|Protect\n|move|p2a: Whimsicott|Encore|p1b: Slowbro\n|-start|p1b: Slowbro|Encore\n|move|p2b: Gay Hero|Rock Blast|p1a: Araquanid\n|-activate|p1a: Araquanid|move: Protect\n|move|p1b: Slowbro|Trick Room|p1b: Slowbro\n|-fieldend|move: Trick Room\n|\n|upkeep\n|turn|3\n|inactive|cetrozwag has 30 seconds left.\n|inactive|cetrozwag has 20 seconds left.\n|\n|t:|1776456688\n|switch|p1a: Pelipper|Pelipper, L50, M|100/100\n|-weather|RainDance|[from] ability: Drizzle|[of] p1a: Pelipper\n|move|p2a: Whimsicott|Encore||[still]\n|-fail|p2a: Whimsicott\n|move|p2b: Gay Hero|Low Kick|p1a: Pelipper\n|-resisted|p1a: Pelipper|1\n|-damage|p1a: Pelipper|76/100\n|move|p1b: Slowbro|Trick Room|p1b: Slowbro\n|-fieldstart|move: Trick Room|[of] p1b: Slowbro\n|\n|-weather|RainDance|[upkeep]\n|upkeep\n|turn|4\n|\n|t:|1776456701\n|move|p2b: Gay Hero|Protect|p2b: Gay Hero\n|-singleturn|p2b: Gay Hero|Protect\n|move|p1a: Pelipper|Hurricane|p2b: Gay Hero\n|-activate|p2b: Gay Hero|move: Protect\n|move|p2a: Whimsicott|Moonblast|p1a: Pelipper\n|-damage|p1a: Pelipper|22/100\n|move|p1b: Slowbro|Trick Room|p1b: Slowbro\n|-fieldend|move: Trick Room\n|\n|-weather|RainDance|[upkeep]\n|-end|p1b: Slowbro|Encore\n|upkeep\n|turn|5\n|\n|t:|1776456720\n|move|p1a: Pelipper|Protect|p1a: Pelipper\n|-singleturn|p1a: Pelipper|Protect\n|move|p2a: Whimsicott|Encore|p1b: Slowbro\n|-start|p1b: Slowbro|Encore\n|move|p2b: Gay Hero|Rock Blast|p1a: Pelipper\n|-activate|p1a: Pelipper|move: Protect\n|move|p1b: Slowbro|Trick Room|p1b: Slowbro\n|-fieldstart|move: Trick Room|[of] p1b: Slowbro\n|\n|-weather|RainDance|[upkeep]\n|upkeep\n|turn|6\n|\n|t:|1776456737\n|move|p2a: Whimsicott|Protect|p2a: Whimsicott\n|-singleturn|p2a: Whimsicott|Protect\n|move|p1a: Pelipper|Hurricane|p2a: Whimsicott\n|-activate|p2a: Whimsicott|move: Protect\n|move|p2b: Gay Hero|Pin Missile|p1a: Pelipper\n|-resisted|p1a: Pelipper|1\n|-damage|p1a: Pelipper|12/100\n|-resisted|p1a: Pelipper|1\n|-damage|p1a: Pelipper|2/100\n|-resisted|p1a: Pelipper|1\n|-damage|p1a: Pelipper|0 fnt\n|faint|p1a: Pelipper\n|-hitcount|p1: Pelipper|3\n|move|p1b: Slowbro|Trick Room|p1b: Slowbro\n|-fieldend|move: Trick Room\n|\n|-weather|RainDance|[upkeep]\n|upkeep\n|\n|t:|1776456745\n|switch|p1a: Vaporeon|Vaporeon, L50, F|100/100\n|turn|7\n|\n|t:|1776456761\n|move|p2a: Whimsicott|Moonblast|p1a: Vaporeon\n|-damage|p1a: Vaporeon|65/100\n|move|p2b: Gay Hero|Pin Missile|p1a: Vaporeon\n|-damage|p1a: Vaporeon|46/100\n|-damage|p1a: Vaporeon|27/100\n|-damage|p1a: Vaporeon|11/100\n|-damage|p1a: Vaporeon|0 fnt\n|faint|p1a: Vaporeon\n|-hitcount|p1: Vaporeon|4\n|move|p1b: Slowbro|Trick Room|p1b: Slowbro\n|-fieldstart|move: Trick Room|[of] p1b: Slowbro\n|\n|-weather|none\n|-end|p1b: Slowbro|Encore\n|upkeep\n|\n|t:|1776456768\n|switch|p1a: Araquanid|Araquanid, L50, M|67/100\n|turn|8\n|\n|t:|1776456781\n|move|p2a: Whimsicott|Encore|p1b: Slowbro\n|-start|p1b: Slowbro|Encore\n|move|p1a: Araquanid|Liquidation|p2b: Gay Hero\n|-damage|p2b: Gay Hero|58/100\n|move|p2b: Gay Hero|Rock Blast|p1a: Araquanid\n|-supereffective|p1a: Araquanid|1\n|-enditem|p1a: Araquanid|Charti Berry|[eat]\n|-enditem|p1a: Araquanid|Charti Berry|[weaken]\n|-damage|p1a: Araquanid|58/100\n|-supereffective|p1a: Araquanid|1\n|-damage|p1a: Araquanid|38/100\n|-supereffective|p1a: Araquanid|1\n|-damage|p1a: Araquanid|18/100\n|-supereffective|p1a: Araquanid|1\n|-damage|p1a: Araquanid|0 fnt\n|faint|p1a: Araquanid\n|-hitcount|p1: Araquanid|4\n|move|p1b: Slowbro|Trick Room|p1b: Slowbro\n|-fieldend|move: Trick Room\n|\n|-end|p1b: Slowbro|Encore\n|upkeep\n|turn|9\n|-message|cetrozwag forfeited.\n|\n|win|Orkestra\n|raw|cetrozwag's rating: 1076 &rarr; <strong>1057</strong><br />(-19 for losing)\n|raw|Orkestra's rating: 1114 &rarr; <strong>1136</strong><br />(+22 for winning)\n|l|\u2606cetrozwag\n|player|p1|\n",
  "uploadtime": 1776456802,
  "views": 27,
  "formatid": "gen9championsvgc2026regma",
  "rating": 1057,
  "private": 0,
  "password": null
}