{
  "id": "gen9championsvgc2026regma-2586776104",
  "format": "[Gen 9 Champions] VGC 2026 Reg M-A",
  "players": [
    "AgoteTRON",
    "SunTufo"
  ],
  "log": "|j|\u2606AgoteTRON\n|j|\u2606SunTufo\n|t:|1776458994\n|gametype|doubles\n|player|p1|AgoteTRON|pokemonranger-gen4|1163\n|player|p2|SunTufo|li|1210\n|gen|9\n|tier|[Gen 9 Champions] VGC 2026 Reg M-A\n|rated|\n|rule|Species Clause: Limit one of each Pok\u00e9mon\n|rule|Item Clause: Limit 1 of each item\n|clearpoke\n|poke|p1|Starmie, L50|\n|poke|p1|Corviknight, L50, M|\n|poke|p1|Sinistcha, L50|\n|poke|p1|Araquanid, L50, M|\n|poke|p1|Mudsdale, L50, M|\n|poke|p1|Weavile, L50, M|\n|poke|p2|Froslass, L50, F|\n|poke|p2|Milotic, L50, F|\n|poke|p2|Tinkaton, L50, F|\n|poke|p2|Aerodactyl, L50, F|\n|poke|p2|Garchomp, L50, F|\n|poke|p2|Arcanine-Hisui, L50, F|\n|teampreview|4\n|inactive|Battle timer is ON: inactive players will automatically lose when time's up. (requested by SunTufo)\n|inactive|AgoteTRON has 60 seconds left.\n|inactive|SunTufo has 60 seconds left.\nAgoteTRON rejected open team sheets.\n|inactive|SunTufo has 30 seconds left.\n|\n|t:|1776459059\n|teamsize|p1|4\n|teamsize|p2|4\n|start\n|switch|p1a: Madkat|Weavile, L50, M|100/100\n|switch|p1b: Sir Starmie|Starmie, L50|100/100\n|switch|p2a: Aerodactyl|Aerodactyl, L50, F, shiny|100/100\n|switch|p2b: Arcanine|Arcanine-Hisui, L50, F, shiny|100/100\n|-ability|p2a: Aerodactyl|Unnerve\n|-ability|p2b: Arcanine|Intimidate|boost\n|-unboost|p1a: Madkat|atk|1\n|-unboost|p1b: Sir Starmie|atk|1\n|turn|1\n|\n|t:|1776459082\n|switch|p1a: The Araquanid|Araquanid, L50, M|100/100\n|detailschange|p1b: Sir Starmie|Starmie-Mega, L50\n|-mega|p1b: Sir Starmie|Starmie|Starminite\n|move|p2a: Aerodactyl|Protect|p2a: Aerodactyl\n|-singleturn|p2a: Aerodactyl|Protect\n|move|p2b: Arcanine|Protect|p2b: Arcanine\n|-singleturn|p2b: Arcanine|Protect\n|move|p1b: Sir Starmie|Liquidation|p2b: Arcanine\n|-activate|p2b: Arcanine|move: Protect\n|\n|upkeep\n|turn|2\n|\n|t:|1776459099\n|move|p2a: Aerodactyl|Tailwind|p2a: Aerodactyl\n|-sidestart|p2: SunTufo|move: Tailwind\n|move|p2b: Arcanine|Rock Slide|p1a: The Araquanid|[spread] p1a,p1b\n|-supereffective|p1a: The Araquanid|1\n|-damage|p1a: The Araquanid|39/100\n|-damage|p1b: Sir Starmie|61/100\n|cant|p1b: Sir Starmie|flinch\n|move|p1a: The Araquanid|Liquidation|p2b: Arcanine\n|-supereffective|p2b: Arcanine|2\n|-damage|p2b: Arcanine|0 fnt\n|faint|p2b: Arcanine\n|\n|upkeep\n|\n|t:|1776459118\n|switch|p2b: Garchomp|Garchomp, L50, F, shiny|100/100\n|turn|3\n|\n|t:|1776459131\n|move|p1a: The Araquanid|Wide Guard|p1a: The Araquanid\n|-singleturn|p1a: The Araquanid|Wide Guard\n|move|p2a: Aerodactyl|Dual Wingbeat|p1b: Sir Starmie\n|-damage|p1b: Sir Starmie|36/100\n|-damage|p1b: Sir Starmie|14/100\n|-hitcount|p1b: Sir Starmie|2\n|move|p2b: Garchomp|Dragon Claw|p1b: Sir Starmie\n|-damage|p1b: Sir Starmie|0 fnt\n|faint|p1b: Sir Starmie\n|\n|upkeep\n|\n|t:|1776459143\n|switch|p1b: Nescafe|Sinistcha, L50|100/100\n|-heal|p1a: The Araquanid|63/100|[from] ability: Hospitality|[of] p1b: Nescafe\n|turn|4\n|\n|t:|1776459149\n|move|p2a: Aerodactyl|Dual Wingbeat|p1b: Nescafe\n|-supereffective|p1b: Nescafe|1\n|-damage|p1b: Nescafe|74/100\n|-supereffective|p1b: Nescafe|1\n|-damage|p1b: Nescafe|45/100\n|-hitcount|p1b: Nescafe|2\n|move|p2b: Garchomp|Dragon Claw|p1b: Nescafe\n|-damage|p1b: Nescafe|13/100\n|move|p1b: Nescafe|Matcha Gotcha|p2b: Garchomp|[spread] p2a,p2b\n|-damage|p2a: Aerodactyl|67/100\n|-heal|p1b: Nescafe|27/100|[from] drain|[of] p2a: Aerodactyl\n|-damage|p2b: Garchomp|74/100\n|-heal|p1b: Nescafe|42/100|[from] drain|[of] p2b: Garchomp\n|move|p1a: The Araquanid|Liquidation|p2a: Aerodactyl\n|-supereffective|p2a: Aerodactyl|1\n|-damage|p2a: Aerodactyl|0 fnt\n|-enditem|p1b: Nescafe|Sitrus Berry|[eat]\n|-heal|p1b: Nescafe|66/100|[from] item: Sitrus Berry\n|faint|p2a: Aerodactyl\n|\n|upkeep\n|\n|t:|1776459157\n|switch|p2a: Froslass|Froslass, L50, F, shiny|100/100\n|turn|5\n|\n|t:|1776459174\n|detailschange|p2a: Froslass|Froslass-Mega, L50, F, shiny\n|-mega|p2a: Froslass|Froslass|Froslassite\n|-weather|Snowscape|[from] ability: Snow Warning|[of] p2a: Froslass\n|move|p1a: The Araquanid|Protect|p1a: The Araquanid\n|-singleturn|p1a: The Araquanid|Protect\n|move|p2a: Froslass|Shadow Ball|p1b: Nescafe\n|-supereffective|p1b: Nescafe|1\n|-damage|p1b: Nescafe|0 fnt\n|faint|p1b: Nescafe\n|move|p2b: Garchomp|Dragon Claw|p1a: The Araquanid\n|-activate|p1a: The Araquanid|move: Protect\n|\n|-weather|Snowscape|[upkeep]\n|-sideend|p2: SunTufo|move: Tailwind\n|upkeep\n|\n|t:|1776459182\n|switch|p1b: Madkat|Weavile, L50, M|100/100\n|turn|6\n|\n|t:|1776459193\n|move|p2b: Garchomp|Protect|p2b: Garchomp\n|-singleturn|p2b: Garchomp|Protect\n|move|p1b: Madkat|Knock Off|p2a: Froslass\n|-supereffective|p2a: Froslass|1\n|-damage|p2a: Froslass|23/100\n|move|p2a: Froslass|Blizzard|p1a: The Araquanid|[spread] p1a,p1b\n|-resisted|p1a: The Araquanid|1\n|-resisted|p1b: Madkat|1\n|-damage|p1a: The Araquanid|44/100\n|-damage|p1b: Madkat|71/100\n|-status|p1a: The Araquanid|frz\n|-curestatus|p1a: The Araquanid|frz|[msg]\n|move|p1a: The Araquanid|Liquidation|p2b: Garchomp\n|-activate|p2b: Garchomp|move: Protect\n|\n|-weather|Snowscape|[upkeep]\n|upkeep\n|turn|7\n|\n|t:|1776459210\n|move|p1b: Madkat|Knock Off|p2a: Froslass\n|-supereffective|p2a: Froslass|1\n|-damage|p2a: Froslass|0 fnt\n|faint|p2a: Froslass\n|move|p2b: Garchomp|Dragon Claw|p1b: Madkat\n|-damage|p1b: Madkat|22/100\n|move|p1a: The Araquanid|Liquidation|p2b: Garchomp\n|-damage|p2b: Garchomp|1/100\n|-damage|p1a: The Araquanid|32/100|[from] ability: Rough Skin|[of] p2b: Garchomp\n|\n|-weather|Snowscape|[upkeep]\n|upkeep\n|turn|8\n|-message|SunTufo forfeited.\n|\n|win|AgoteTRON\n|raw|AgoteTRON's rating: 1163 &rarr; <strong>1191</strong><br />(+28 for winning)\n|raw|SunTufo's rating: 1210 &rarr; <strong>1182</strong><br />(-28 for losing)\n",
  "uploadtime": 1776459217,
  "views": 30,
  "formatid": "gen9championsvgc2026regma",
  "rating": 1182,
  "private": 0,
  "password": null
}