{
  "id": "gen9championsvgc2026regma-2582751687",
  "format": "[Gen 9 Champions] VGC 2026 Reg M-A",
  "players": [
    "biscotti5",
    "Ksd-004"
  ],
  "log": "|j|\u2606biscotti5\n|j|\u2606Ksd-004\n|t:|1776111605\n|gametype|doubles\n|player|p1|biscotti5|veteranf|1135\n|player|p2|Ksd-004|1|1218\n|gen|9\n|tier|[Gen 9 Champions] VGC 2026 Reg M-A\n|rated|\n|rule|Species Clause: Limit one of each Pok\u00e9mon\n|rule|Item Clause: Limit 1 of each item\n|clearpoke\n|poke|p1|Politoed, L50, F|\n|poke|p1|Dragonite, L50, F|\n|poke|p1|Basculegion, L50, M|\n|poke|p1|Sneasler, L50, F|\n|poke|p1|Sinistcha, L50|\n|poke|p1|Aggron, L50, F|\n|poke|p2|Incineroar, L50, F|\n|poke|p2|Archaludon, L50, M|\n|poke|p2|Pelipper, L50, F|\n|poke|p2|Basculegion, L50, M|\n|poke|p2|Sinistcha, L50|\n|poke|p2|Meganium, L50, M|\n|teampreview|4\n|inactive|Battle timer is ON: inactive players will automatically lose when time's up. (requested by biscotti5)\n|\n|t:|1776111624\n|teamsize|p1|4\n|teamsize|p2|4\n|start\n|switch|p1a: Billie|Sneasler, L50, F|100/100\n|switch|p1b: Ella|Dragonite, L50, F, shiny|100/100\n|switch|p2a: Sinistcha|Sinistcha, L50|100/100\n|switch|p2b: Incineroar|Incineroar, L50, F, shiny|100/100\n|-ability|p2b: Incineroar|Intimidate|boost\n|-unboost|p1a: Billie|atk|1\n|-fail|p1b: Ella|unboost|Attack|[from] ability: Inner Focus|[of] p1b: Ella\n|turn|1\n|inactive|biscotti5 has 30 seconds left.\n|\n|t:|1776111655\n|switch|p1a: Dizzy|Politoed, L50, F, shiny|100/100\n|-weather|RainDance|[from] ability: Drizzle|[of] p1a: Dizzy\n|move|p1b: Ella|Hurricane|p2a: Sinistcha\n|-supereffective|p2a: Sinistcha|1\n|-damage|p2a: Sinistcha|0 fnt\n|faint|p2a: Sinistcha\n|move|p2b: Incineroar|Will-O-Wisp|p1b: Ella\n|-status|p1b: Ella|brn\n|\n|-weather|RainDance|[upkeep]\n|-damage|p1b: Ella|94/100 brn|[from] brn\n|upkeep\n|\n|t:|1776111667\n|switch|p2a: Basculegion|Basculegion, L50, M|100/100\n|turn|2\n|\n|t:|1776111678\n|detailschange|p1b: Ella|Dragonite-Mega, L50, F, shiny\n|-mega|p1b: Ella|Dragonite|Dragoninite\n|move|p1a: Dizzy|Protect|p1a: Dizzy\n|-singleturn|p1a: Dizzy|Protect\n|move|p2a: Basculegion|Wave Crash|p1b: Ella\n|-resisted|p1b: Ella|1\n|-damage|p1b: Ella|36/100 brn\n|-damage|p2a: Basculegion|84/100|[from] Recoil\n|move|p1b: Ella|Draco Meteor|p2a: Basculegion\n|-damage|p2a: Basculegion|0 fnt\n|-unboost|p1b: Ella|spa|2\n|faint|p2a: Basculegion\n|move|p2b: Incineroar|Parting Shot|p1a: Dizzy\n|-activate|p1a: Dizzy|move: Protect\n|\n|-weather|RainDance|[upkeep]\n|-damage|p1b: Ella|30/100 brn|[from] brn\n|upkeep\n|\n|t:|1776111685\n|switch|p2a: Meganium|Meganium, L50, M|100/100\n|turn|3\n|\n|t:|1776111701\n|detailschange|p2a: Meganium|Meganium-Mega, L50, M\n|-mega|p2a: Meganium|Meganium|Meganiumite\n|move|p1b: Ella|Hurricane|p2a: Meganium\n|-supereffective|p2a: Meganium|1\n|-damage|p2a: Meganium|39/100\n|move|p2a: Meganium|Dazzling Gleam|p1a: Dizzy|[spread] p1a,p1b\n|-supereffective|p1b: Ella|1\n|-damage|p1a: Dizzy|69/100\n|-damage|p1b: Ella|0 fnt\n|faint|p1b: Ella\n|move|p1a: Dizzy|Haze|p1a: Dizzy\n|-clearallboost\n|move|p2b: Incineroar|Will-O-Wisp|p1a: Dizzy\n|-status|p1a: Dizzy|brn\n|\n|-weather|RainDance|[upkeep]\n|-heal|p1a: Dizzy|75/100 brn|[from] item: Leftovers\n|-damage|p1a: Dizzy|69/100 brn|[from] brn\n|upkeep\n|\n|t:|1776111711\n|switch|p1b: Billie|Sneasler, L50, F|100/100\n|turn|4\n|\n|t:|1776111728\n|move|p2a: Meganium|Protect|p2a: Meganium\n|-singleturn|p2a: Meganium|Protect\n|move|p1b: Billie|Fake Out|p2b: Incineroar\n|-damage|p2b: Incineroar|90/100\n|move|p1a: Dizzy|Weather Ball|p2b: Incineroar\n|-supereffective|p2b: Incineroar|1\n|-damage|p2b: Incineroar|0 fnt\n|faint|p2b: Incineroar\n|\n|-weather|RainDance|[upkeep]\n|-heal|p1a: Dizzy|75/100 brn|[from] item: Leftovers\n|-damage|p1a: Dizzy|69/100 brn|[from] brn\n|upkeep\n|turn|5\n|\n|t:|1776111741\n|move|p1a: Dizzy|Protect|p1a: Dizzy\n|-singleturn|p1a: Dizzy|Protect\n|move|p1b: Billie|Dire Claw|p2a: Meganium\n|-supereffective|p2a: Meganium|2\n|-damage|p2a: Meganium|0 fnt\n|faint|p2a: Meganium\n|\n|win|biscotti5\n|raw|biscotti5's rating: 1135 &rarr; <strong>1166</strong><br />(+31 for winning)\n|raw|Ksd-004's rating: 1218 &rarr; <strong>1187</strong><br />(-31 for losing)\n|l|\u2606Ksd-004\n|player|p2|\n",
  "uploadtime": 1776111749,
  "views": 15,
  "formatid": "gen9championsvgc2026regma",
  "rating": 1166,
  "private": 0,
  "password": null
}