{
  "id": "gen9championsvgc2026regma-2587623635",
  "format": "[Gen 9 Champions] VGC 2026 Reg M-A",
  "players": [
    "datrobino",
    "TheCrazedMimikyu"
  ],
  "log": "|j|\u2606datrobino\n|j|\u2606TheCrazedMimikyu\n|t:|1776547928\n|gametype|doubles\n|player|p1|datrobino|veteran|1398\n|player|p2|TheCrazedMimikyu|colress|1404\n|gen|9\n|tier|[Gen 9 Champions] VGC 2026 Reg M-A\n|rated|\n|rule|Species Clause: Limit one of each Pok\u00e9mon\n|rule|Item Clause: Limit 1 of each item\n|clearpoke\n|poke|p1|Blastoise, L50, F|\n|poke|p1|Farigiraf, L50, F|\n|poke|p1|Kingambit, L50, F|\n|poke|p1|Sinistcha, L50|\n|poke|p1|Pelipper, L50, M|\n|poke|p1|Archaludon, L50, F|\n|poke|p2|Drampa, L50, M|\n|poke|p2|Sinistcha-Masterpiece, L50|\n|poke|p2|Incineroar, L50, M|\n|poke|p2|Clefable, L50, F|\n|poke|p2|Blastoise, L50, M|\n|poke|p2|Gallade, L50, M|\n|teampreview|4\n|inactive|Battle timer is ON: inactive players will automatically lose when time's up. (requested by datrobino)\ndatrobino rejected open team sheets.\n|\n|t:|1776547970\n|teamsize|p1|4\n|teamsize|p2|4\n|start\n|switch|p1a: Blastoise|Blastoise, L50, F|100/100\n|switch|p1b: Farigiraf|Farigiraf, L50, F|100/100\n|switch|p2a: Sinistcha|Sinistcha-Masterpiece, L50|100/100\n|switch|p2b: Gallade|Gallade, L50, M|100/100\n|turn|1\n|\n|t:|1776547986\n|detailschange|p1a: Blastoise|Blastoise-Mega, L50, F\n|-mega|p1a: Blastoise|Blastoise|Blastoisinite\n|move|p2b: Gallade|Sacred Sword|p1b: Farigiraf\n|-damage|p1b: Farigiraf|27/100\n|-enditem|p1b: Farigiraf|Sitrus Berry|[eat]\n|-heal|p1b: Farigiraf|52/100|[from] item: Sitrus Berry\n|move|p1a: Blastoise|Water Spout|p2a: Sinistcha|[spread] p2a,p2b\n|-resisted|p2a: Sinistcha|1\n|-crit|p2b: Gallade\n|-damage|p2a: Sinistcha|62/100\n|-enditem|p2b: Gallade|Focus Sash\n|-damage|p2b: Gallade|1/100\n|move|p2a: Sinistcha|Matcha Gotcha|p1a: Blastoise|[spread] p1a,p1b\n|-supereffective|p1a: Blastoise|1\n|-damage|p1a: Blastoise|62/100\n|-heal|p2a: Sinistcha|82/100|[from] drain|[of] p1a: Blastoise\n|-damage|p1b: Farigiraf|32/100\n|-heal|p2a: Sinistcha|95/100|[from] drain|[of] p1b: Farigiraf\n|-status|p1b: Farigiraf|brn\n|move|p1b: Farigiraf|Rain Dance|p1b: Farigiraf\n|-weather|RainDance\n|\n|-weather|RainDance|[upkeep]\n|-damage|p1b: Farigiraf|26/100 brn|[from] brn\n|upkeep\n|turn|2\n|inactive|datrobino has 30 seconds left.\n|\n|t:|1776548019\n|switch|p1a: Sinistcha|Sinistcha, L50|100/100\n|-heal|p1b: Farigiraf|51/100 brn|[from] ability: Hospitality|[of] p1a: Sinistcha\n|move|p2b: Gallade|Sacred Sword|p1a: Sinistcha\n|-immune|p1a: Sinistcha\n|move|p2a: Sinistcha|Matcha Gotcha|p1b: Farigiraf|[spread] p1a\n|-miss|p2a: Sinistcha|p1b: Farigiraf\n|-resisted|p1a: Sinistcha|1\n|-damage|p1a: Sinistcha|86/100\n|-heal|p2a: Sinistcha|100/100|[from] drain|[of] p1a: Sinistcha\n|move|p1b: Farigiraf|Psychic|p2b: Gallade\n|-damage|p2b: Gallade|0 fnt\n|faint|p2b: Gallade\n|\n|-weather|RainDance|[upkeep]\n|-damage|p1b: Farigiraf|45/100 brn|[from] brn\n|upkeep\n|\n|t:|1776548022\n|switch|p2b: Drampa|Drampa, L50, M|100/100\n|-ability|p2b: Drampa|Cloud Nine\n|turn|3\n|inactive|datrobino has 30 seconds left.\n|\n|t:|1776548051\n|switch|p2a: Clefable|Clefable, L50, F|100/100\n|detailschange|p2b: Drampa|Drampa-Mega, L50, M\n|-mega|p2b: Drampa|Drampa|Drampanite\n|move|p1a: Sinistcha|Matcha Gotcha|p2a: Clefable|[spread] p2a,p2b\n|-crit|p2a: Clefable\n|-resisted|p2b: Drampa|1\n|-damage|p2a: Clefable|71/100\n|-heal|p1a: Sinistcha|100/100|[from] drain|[of] p2a: Clefable\n|-damage|p2b: Drampa|89/100\n|move|p1b: Farigiraf|Psychic|p2b: Drampa\n|-damage|p2b: Drampa|56/100\n|-unboost|p2b: Drampa|spd|1\n|move|p2b: Drampa|Calm Mind|p2b: Drampa\n|-boost|p2b: Drampa|spa|1\n|-boost|p2b: Drampa|spd|1\n|\n|-weather|RainDance|[upkeep]\n|-heal|p2a: Clefable|77/100|[from] item: Leftovers\n|-damage|p1b: Farigiraf|38/100 brn|[from] brn\n|upkeep\n|turn|4\n|\n|t:|1776548074\n|switch|p2a: Sinistcha|Sinistcha-Masterpiece, L50|100/100\n|-heal|p2b: Drampa|81/100|[from] ability: Hospitality|[of] p2a: Sinistcha\n|switch|p1b: Blastoise|Blastoise-Mega, L50, F|62/100\n|move|p1a: Sinistcha|Matcha Gotcha|p2b: Drampa|[spread] p2a,p2b\n|-resisted|p2a: Sinistcha|1\n|-resisted|p2b: Drampa|1\n|-damage|p2a: Sinistcha|83/100\n|-damage|p2b: Drampa|69/100\n|-status|p2b: Drampa|brn\n|move|p2b: Drampa|Calm Mind|p2b: Drampa\n|-boost|p2b: Drampa|spa|1\n|-boost|p2b: Drampa|spd|1\n|\n|-weather|RainDance|[upkeep]\n|-damage|p2b: Drampa|63/100 brn|[from] brn\n|upkeep\n|turn|5\n|inactive|datrobino has 30 seconds left.\n|inactive|TheCrazedMimikyu has 30 seconds left.\n|inactive|datrobino has 20 seconds left.\n|\n|t:|1776548110\n|move|p1b: Blastoise|Dark Pulse|p2b: Drampa\n|-damage|p2b: Drampa|35/100 brn\n|-ability|p2b: Drampa|Berserk|boost\n|-boost|p2b: Drampa|spa|1\n|move|p1a: Sinistcha|Life Dew||[still]|[spread] p1a,p1b\n|-fail|p1a: Sinistcha|heal\n|-heal|p1b: Blastoise|87/100\n|move|p2a: Sinistcha|Matcha Gotcha|p1b: Blastoise|[spread] p1a,p1b\n|-resisted|p1a: Sinistcha|1\n|-supereffective|p1b: Blastoise|1\n|-damage|p1a: Sinistcha|86/100\n|-heal|p2a: Sinistcha|90/100|[from] drain|[of] p1a: Sinistcha\n|-damage|p1b: Blastoise|48/100\n|-heal|p2a: Sinistcha|100/100|[from] drain|[of] p1b: Blastoise\n|cant|p2b: Drampa|flinch\n|\n|-weather|none\n|-damage|p2b: Drampa|29/100 brn|[from] brn\n|upkeep\n|turn|6\n|\n|t:|1776548131\n|move|p2b: Drampa|Protect|p2b: Drampa\n|-singleturn|p2b: Drampa|Protect\n|move|p1b: Blastoise|Dark Pulse|p2b: Drampa\n|-activate|p2b: Drampa|move: Protect\n|move|p1a: Sinistcha|Matcha Gotcha|p2b: Drampa|[spread] p2a\n|-activate|p2b: Drampa|move: Protect\n|-resisted|p2a: Sinistcha|1\n|-damage|p2a: Sinistcha|84/100\n|-heal|p1a: Sinistcha|94/100|[from] drain|[of] p2a: Sinistcha\n|move|p2a: Sinistcha|Trick Room|p2a: Sinistcha\n|-fieldstart|move: Trick Room|[of] p2a: Sinistcha\n|\n|-damage|p2b: Drampa|23/100 brn|[from] brn\n|upkeep\n|turn|7\n|\n|t:|1776548150\n|move|p2b: Drampa|Dragon Pulse|p1a: Sinistcha\n|-damage|p1a: Sinistcha|0 fnt\n|faint|p1a: Sinistcha\n|move|p2a: Sinistcha|Life Dew|p2a: Sinistcha|[spread] p2a,p2b\n|-heal|p2a: Sinistcha|100/100\n|-heal|p2b: Drampa|48/100 brn\n|move|p1b: Blastoise|Dark Pulse|p2b: Drampa\n|-damage|p2b: Drampa|21/100 brn\n|\n|-damage|p2b: Drampa|15/100 brn|[from] brn\n|upkeep\n|\n|t:|1776548164\n|switch|p1a: Farigiraf|Farigiraf, L50, F|38/100 brn\n|turn|8\n|\n|t:|1776548173\n|move|p2b: Drampa|Hyper Voice|p1a: Farigiraf|[spread] p1a,p1b\n|-crit|p1a: Farigiraf\n|-damage|p1a: Farigiraf|0 fnt\n|-damage|p1b: Blastoise|0 fnt\n|faint|p1a: Farigiraf\n|faint|p1b: Blastoise\n|move|p2a: Sinistcha|Life Dew||[still]|[spread] p2a,p2b\n|-fail|p2a: Sinistcha|heal\n|-heal|p2b: Drampa|40/100 brn\n|\n|-damage|p2b: Drampa|34/100 brn|[from] brn\n|upkeep\n|-message|datrobino forfeited.\n|\n|win|TheCrazedMimikyu\n|raw|datrobino's rating: 1398 &rarr; <strong>1378</strong><br />(-20 for losing)\n|raw|TheCrazedMimikyu's rating: 1404 &rarr; <strong>1424</strong><br />(+20 for winning)\n|l|\u2606datrobino\n|player|p1|\n",
  "uploadtime": 1776548182,
  "views": 18,
  "formatid": "gen9championsvgc2026regma",
  "rating": 1378,
  "private": 0,
  "password": null
}