{
  "id": "gen9championsvgc2026regma-2581286595",
  "format": "[Gen 9 Champions] VGC 2026 Reg M-A",
  "players": [
    "binni13",
    "phnhat2247"
  ],
  "log": "|j|\u2606binni13\n|j|\u2606phnhat2247\n|t:|1775981525\n|gametype|doubles\n|player|p1|binni13|266|1058\n|player|p2|phnhat2247|policeman-gen4|1000\n|gen|9\n|tier|[Gen 9 Champions] VGC 2026 Reg M-A\n|rated|\n|rule|Species Clause: Limit one of each Pok\u00e9mon\n|rule|Item Clause: Limit 1 of each item\n|clearpoke\n|poke|p1|Dragonite, L50, M|\n|poke|p1|Clefable, L50, F|\n|poke|p1|Corviknight, L50, M|\n|poke|p1|Whimsicott, L50, M|\n|poke|p1|Milotic, L50, F|\n|poke|p1|Chandelure, L50, M|\n|poke|p2|Serperior, L50, M|\n|poke|p2|Whimsicott, L50, F|\n|poke|p2|Arcanine-Hisui, L50, M|\n|poke|p2|Clefable, L50, M|\n|poke|p2|Aegislash, L50, F|\n|poke|p2|Chandelure, L50, F|\n|teampreview|4\n|inactive|Battle timer is ON: inactive players will automatically lose when time's up. (requested by phnhat2247)\n|inactive|binni13 has 60 seconds left.\n|\n|t:|1775981618\n|teamsize|p1|4\n|teamsize|p2|4\n|start\n|switch|p1a: Whimsicott|Whimsicott, L50, M|100/100\n|switch|p1b: Chandelure|Chandelure, L50, M|100/100\n|switch|p2a: Arcanine|Arcanine-Hisui, L50, M|100/100\n|switch|p2b: Serperior|Serperior, L50, M|100/100\n|turn|1\n|inactive|binni13 has 30 seconds left.\n|inactive|phnhat2247 has 30 seconds left.\n|\n|t:|1775981652\n|switch|p2b: Whimsicott|Whimsicott, L50, F|100/100\n|move|p1b: Chandelure|Protect|p1b: Chandelure\n|-singleturn|p1b: Chandelure|Protect\n|move|p1a: Whimsicott|Tailwind|p1a: Whimsicott\n|-sidestart|p1: binni13|move: Tailwind\n|move|p2a: Arcanine|Head Smash|p1b: Chandelure\n|-activate|p1b: Chandelure|move: Protect\n|\n|upkeep\n|turn|2\n|inactive|binni13 has 30 seconds left.\n|\n|t:|1775981685\n|switch|p1b: Clefable|Clefable, L50, F|100/100\n|switch|p1a: Milotic|Milotic, L50, F|100/100\n|move|p2b: Whimsicott|Tailwind|p2b: Whimsicott\n|-sidestart|p2: phnhat2247|move: Tailwind\n|move|p2a: Arcanine|Head Smash|p1b: Clefable|[miss]\n|-miss|p2a: Arcanine|p1b: Clefable\n|\n|upkeep\n|turn|3\n|\n|t:|1775981705\n|switch|p2a: Serperior|Serperior, L50, M|100/100\n|move|p1b: Clefable|Protect|p1b: Clefable\n|-singleturn|p1b: Clefable|Protect\n|move|p2b: Whimsicott|Taunt|p1b: Clefable\n|-activate|p1b: Clefable|move: Protect\n|move|p1a: Milotic|Surf|p2b: Whimsicott|[spread] p2a,p2b\n|-activate|p1b: Clefable|move: Protect\n|-resisted|p2a: Serperior|1\n|-resisted|p2b: Whimsicott|1\n|-crit|p2b: Whimsicott\n|-damage|p2a: Serperior|79/100\n|-damage|p2b: Whimsicott|52/100\n|\n|upkeep\n|turn|4\n|\n|t:|1775981723\n|move|p1b: Clefable|Follow Me|p1b: Clefable\n|-singleturn|p1b: Clefable|move: Follow Me\n|move|p2b: Whimsicott|Taunt|p1b: Clefable\n|-start|p1b: Clefable|move: Taunt\n|-enditem|p1b: Clefable|Mental Herb\n|-end|p1b: Clefable|move: Taunt\n|move|p2a: Serperior|Leaf Storm|p1b: Clefable\n|-damage|p1b: Clefable|65/100\n|-boost|p2a: Serperior|spa|2\n|move|p1a: Milotic|Icy Wind|p2a: Serperior|[spread] p2a,p2b\n|-supereffective|p2a: Serperior|1\n|-supereffective|p2b: Whimsicott|1\n|-damage|p2a: Serperior|48/100\n|-damage|p2b: Whimsicott|12/100\n|-boost|p2a: Serperior|spe|1\n|-unboost|p2b: Whimsicott|spe|1\n|\n|-sideend|p1: binni13|move: Tailwind\n|upkeep\n|turn|5\n|inactive|binni13 has 30 seconds left.\n|inactive|phnhat2247 has 30 seconds left.\n|\n|t:|1775981754\n|move|p1b: Clefable|Follow Me|p1b: Clefable\n|-singleturn|p1b: Clefable|move: Follow Me\n|move|p2a: Serperior|Leaf Storm|p1b: Clefable\n|-damage|p1b: Clefable|0 fnt\n|-boost|p2a: Serperior|spa|2\n|faint|p1b: Clefable\n|move|p2b: Whimsicott|Moonblast|p1a: Milotic\n|-damage|p1a: Milotic|70/100\n|move|p1a: Milotic|Icy Wind|p2a: Serperior|[spread] p2a,p2b\n|-supereffective|p2a: Serperior|1\n|-supereffective|p2b: Whimsicott|1\n|-damage|p2a: Serperior|18/100\n|-damage|p2b: Whimsicott|0 fnt\n|-boost|p2a: Serperior|spe|1\n|faint|p2b: Whimsicott\n|\n|-sideend|p2: phnhat2247|move: Tailwind\n|upkeep\n|\n|t:|1775981772\n|switch|p2b: Arcanine|Arcanine-Hisui, L50, M|100/100\n|switch|p1b: Chandelure|Chandelure, L50, M|100/100\n|turn|6\n|inactive|binni13 has 30 seconds left.\n|inactive|binni13 has 20 seconds left.\n|\n|t:|1775981810\n|switch|p1b: Whimsicott|Whimsicott, L50, M|100/100\n|move|p1a: Milotic|Protect|p1a: Milotic\n|-singleturn|p1a: Milotic|Protect\n|move|p2a: Serperior|Leaf Storm|p1a: Milotic\n|-activate|p1a: Milotic|move: Protect\n|move|p2b: Arcanine|Head Smash|p1b: Whimsicott\n|-damage|p1b: Whimsicott|2/100\n|\n|upkeep\n|turn|7\n|\n|t:|1775981825\n|move|p2b: Arcanine|Extreme Speed|p1b: Whimsicott\n|-damage|p1b: Whimsicott|0 fnt\n|faint|p1b: Whimsicott\n|move|p2a: Serperior|Leaf Storm|p1a: Milotic\n|-supereffective|p1a: Milotic|1\n|-damage|p1a: Milotic|0 fnt\n|-boost|p2a: Serperior|spa|2\n|faint|p1a: Milotic\n|\n|upkeep\n|\n|t:|1775981838\n|switch|p1a: Chandelure|Chandelure, L50, M|100/100\n|turn|8\n|\n|t:|1775981846\n|detailschange|p1a: Chandelure|Chandelure-Mega, L50, M\n|-mega|p1a: Chandelure|Chandelure|Chandelurite\n|move|p2a: Serperior|Leaf Storm|p1a: Chandelure\n|-resisted|p1a: Chandelure|1\n|-damage|p1a: Chandelure|0 fnt\n|faint|p1a: Chandelure\n|\n|win|phnhat2247\n|raw|binni13's rating: 1058 &rarr; <strong>1036</strong><br />(-22 for losing)\n|raw|phnhat2247's rating: 1000 &rarr; <strong>1047</strong><br />(+47 for winning)\n",
  "uploadtime": 1775981855,
  "views": 37,
  "formatid": "gen9championsvgc2026regma",
  "rating": 1036,
  "private": 0,
  "password": null
}