{
  "id": "gen9championsvgc2026regma-2583196236",
  "format": "[Gen 9 Champions] VGC 2026 Reg M-A",
  "players": [
    "d3us b1d00f",
    "tarrial"
  ],
  "log": "|j|\u2606d3us b1d00f\n|j|\u2606tarrial\n|t:|1776153532\n|gametype|doubles\n|player|p1|d3us b1d00f|spark-casual|1011\n|player|p2|tarrial|170|1043\n|gen|9\n|tier|[Gen 9 Champions] VGC 2026 Reg M-A\n|rated|\n|rule|Species Clause: Limit one of each Pok\u00e9mon\n|rule|Item Clause: Limit 1 of each item\n|clearpoke\n|poke|p1|Farigiraf, L50, M|\n|poke|p1|Hatterene, L50, F|\n|poke|p1|Kingambit, L50, F|\n|poke|p1|Ampharos, L50, F|\n|poke|p1|Meganium, L50, M|\n|poke|p1|Incineroar, L50, M|\n|poke|p2|Meowstic, L50, M|\n|poke|p2|Arcanine-Hisui, L50, M|\n|poke|p2|Alakazam, L50, F|\n|poke|p2|Raichu-Alola, L50, F|\n|poke|p2|Clefable, L50, M|\n|poke|p2|Hydreigon, L50, M|\n|teampreview|4\ntarrial rejected open team sheets.\n|inactive|Battle timer is ON: inactive players will automatically lose when time's up. (requested by tarrial)\n|\n|t:|1776153601\n|teamsize|p1|4\n|teamsize|p2|4\n|start\n|switch|p1a: Farigiraf|Farigiraf, L50, M|100/100\n|switch|p1b: Incineroar|Incineroar, L50, M|100/100\n|switch|p2a: Hydreigon|Hydreigon, L50, M|100/100\n|switch|p2b: Raichu|Raichu-Alola, L50, F|100/100\n|-ability|p1b: Incineroar|Intimidate|boost\n|-unboost|p2a: Hydreigon|atk|1\n|-unboost|p2b: Raichu|atk|1\n|turn|1\n|\n|t:|1776153618\n|move|p1b: Incineroar|Fake Out|p2a: Hydreigon\n|-damage|p2a: Hydreigon|87/100\n|move|p2b: Raichu|Encore|p1b: Incineroar\n|-start|p1b: Incineroar|Encore\n|cant|p2a: Hydreigon|flinch\n|move|p1a: Farigiraf|Trick Room|p1a: Farigiraf\n|-fieldstart|move: Trick Room|[of] p1a: Farigiraf\n|\n|upkeep\n|turn|2\n|inactive|d3us b1d00f has 30 seconds left.\n|\n|t:|1776153649\n|switch|p1b: Meganium|Meganium, L50, M|100/100\n|move|p1a: Farigiraf|Hyper Voice|p2a: Hydreigon|[spread] p2a,p2b\n|-damage|p2a: Hydreigon|44/100\n|-damage|p2b: Raichu|56/100\n|move|p2a: Hydreigon|Dark Pulse|p1a: Farigiraf\n|-supereffective|p1a: Farigiraf|1\n|-damage|p1a: Farigiraf|15/100\n|move|p2b: Raichu|Thunderbolt|p1a: Farigiraf\n|-damage|p1a: Farigiraf|0 fnt\n|faint|p1a: Farigiraf\n|\n|upkeep\n|\n|t:|1776153661\n|switch|p1a: Kingambit|Kingambit, L50, F|100/100\n|turn|3\n|inactive|d3us b1d00f has 30 seconds left.\n|inactive|d3us b1d00f has 20 seconds left.\n|\n|t:|1776153701\n|detailschange|p1b: Meganium|Meganium-Mega, L50, M\n|-mega|p1b: Meganium|Meganium|Meganiumite\n|move|p2a: Hydreigon|Protect|p2a: Hydreigon\n|-singleturn|p2a: Hydreigon|Protect\n|move|p1a: Kingambit|Kowtow Cleave|p2b: Raichu\n|-supereffective|p2b: Raichu|1\n|-damage|p2b: Raichu|0 fnt\n|faint|p2b: Raichu\n|move|p1b: Meganium|Dazzling Gleam|p2a: Hydreigon\n|-activate|p2a: Hydreigon|move: Protect\n|\n|upkeep\n|inactive|tarrial has 30 seconds left.\n|inactive|tarrial has 20 seconds left.\n|inactive|tarrial has 15 seconds left.\n|inactive|tarrial has 10 seconds left.\n|inactive|tarrial has 5 seconds left.\n|\n|t:|1776153756\n|switch|p2b: Alakazam|Alakazam, L50, F|100/100\n|turn|4\n|\n|t:|1776153779\n|move|p2b: Alakazam|Protect|p2b: Alakazam\n|-singleturn|p2b: Alakazam|Protect\n|move|p1a: Kingambit|Kowtow Cleave|p2b: Alakazam\n|-activate|p2b: Alakazam|move: Protect\n|move|p1b: Meganium|Dazzling Gleam|p2a: Hydreigon|[spread] p2a\n|-activate|p2b: Alakazam|move: Protect\n|-supereffective|p2a: Hydreigon|2\n|-enditem|p2a: Hydreigon|Roseli Berry|[eat]\n|-enditem|p2a: Hydreigon|Roseli Berry|[weaken]\n|-damage|p2a: Hydreigon|0 fnt\n|faint|p2a: Hydreigon\n|\n|upkeep\n|\n|t:|1776153782\n|switch|p2a: Meowstic|Meowstic, L50, M|100/100\n|turn|5\n|\n|t:|1776153805\n|detailschange|p2b: Alakazam|Alakazam-Mega, L50, F\n|-mega|p2b: Alakazam|Alakazam|Alakazite\n|-ability|p2b: Alakazam|Mega Sol|Trace|[from] ability: Trace|[of] p1b: Meganium\n|move|p2a: Meowstic|Fake Out|p1a: Kingambit\n|-resisted|p1a: Kingambit|1\n|-damage|p1a: Kingambit|99/100\n|cant|p1a: Kingambit|flinch\n|move|p1b: Meganium|Solar Beam||[still]\n|-prepare|p1b: Meganium|Solar Beam\n|-activate|p1b: Meganium|ability: Mega Sol\n|-anim|p1b: Meganium|Solar Beam|p2a: Meowstic\n|-damage|p2a: Meowstic|15/100\n|move|p2b: Alakazam|Nasty Plot|p2b: Alakazam\n|-boost|p2b: Alakazam|spa|2\n|\n|-fieldend|move: Trick Room\n|upkeep\n|turn|6\n|inactive|d3us b1d00f has 30 seconds left.\n|inactive|d3us b1d00f has 20 seconds left.\n|\n|t:|1776153840\n|move|p2a: Meowstic|Psychic Terrain|p2a: Meowstic\n|-fieldstart|move: Psychic Terrain\n|move|p2b: Alakazam|Focus Blast|p1a: Kingambit\n|-supereffective|p1a: Kingambit|2\n|-damage|p1a: Kingambit|0 fnt\n|faint|p1a: Kingambit\n|move|p1b: Meganium|Solar Beam||[still]\n|-prepare|p1b: Meganium|Solar Beam\n|-activate|p1b: Meganium|ability: Mega Sol\n|-anim|p1b: Meganium|Solar Beam|p2b: Alakazam\n|-damage|p2b: Alakazam|3/100\n|\n|upkeep\n|\n|t:|1776153852\n|switch|p1a: Incineroar|Incineroar, L50, M|100/100\n|-ability|p1a: Incineroar|Intimidate|boost\n|-unboost|p2a: Meowstic|atk|1\n|-unboost|p2b: Alakazam|atk|1\n|turn|7\n|\n|t:|1776153864\n|move|p1a: Incineroar|Fake Out|p2a: Meowstic\n|-activate|p2a: Meowstic|move: Psychic Terrain\n|move|p2a: Meowstic|Gravity|p2a: Meowstic\n|-fieldstart|move: Gravity\n|move|p2b: Alakazam|Expanding Force|p1b: Meganium|[spread] p1b\n|-immune|p1a: Incineroar\n|-damage|p1b: Meganium|0 fnt\n|faint|p1b: Meganium\n|\n|upkeep\n|turn|8\n|\n|t:|1776153875\n|move|p2a: Meowstic|Rain Dance|p2a: Meowstic\n|-weather|RainDance\n|move|p2b: Alakazam|Focus Blast|p1a: Incineroar\n|-supereffective|p1a: Incineroar|1\n|-damage|p1a: Incineroar|0 fnt\n|faint|p1a: Incineroar\n|\n|win|tarrial\n|raw|d3us b1d00f's rating: 1011 &rarr; <strong>1000</strong><br />(-11 for losing)\n|raw|tarrial's rating: 1043 &rarr; <strong>1073</strong><br />(+30 for winning)\n|l|\u2606d3us b1d00f\n|player|p1|\n",
  "uploadtime": 1776153888,
  "views": 22,
  "formatid": "gen9championsvgc2026regma",
  "rating": 1000,
  "private": 0,
  "password": null
}