{
  "id": "gen9championsvgc2026regma-2587540404",
  "format": "[Gen 9 Champions] VGC 2026 Reg M-A",
  "players": [
    "ImprobableBlob",
    "mr brewster"
  ],
  "log": "|j|\u2606ImprobableBlob\n|j|\u2606mr brewster\n|t:|1776540595\n|gametype|doubles\n|player|p1|ImprobableBlob|jasmine|1480\n|player|p2|mr brewster|scientist-gen4dp|1548\n|gen|9\n|tier|[Gen 9 Champions] VGC 2026 Reg M-A\n|rated|\n|rule|Species Clause: Limit one of each Pok\u00e9mon\n|rule|Item Clause: Limit 1 of each item\n|clearpoke\n|poke|p1|Tyranitar, L50, M|\n|poke|p1|Excadrill, L50, M|\n|poke|p1|Corviknight, L50, F|\n|poke|p1|Sneasler, L50, F|\n|poke|p1|Basculegion, L50, M|\n|poke|p1|Meganium, L50, M|\n|poke|p2|Tyranitar, L50, F|\n|poke|p2|Garchomp, L50, F|\n|poke|p2|Aerodactyl, L50, F|\n|poke|p2|Rotom-Wash, L50|\n|poke|p2|Sneasler, L50, F|\n|poke|p2|Sinistcha, L50|\n|teampreview|4\n|inactive|Battle timer is ON: inactive players will automatically lose when time's up. (requested by ImprobableBlob)\n|inactive|ImprobableBlob has 60 seconds left.\n|inactive|mr brewster has 60 seconds left.\n|\n|t:|1776540633\n|teamsize|p1|4\n|teamsize|p2|4\n|start\n|switch|p1a: Meganium|Meganium, L50, M|100/100\n|switch|p1b: Corviknight|Corviknight, L50, F|100/100\n|switch|p2a: Aerodactyl|Aerodactyl, L50, F|100/100\n|switch|p2b: Garchomp|Garchomp, L50, F|100/100\n|-ability|p2a: Aerodactyl|Unnerve\n|turn|1\n|\n|t:|1776540641\n|detailschange|p1a: Meganium|Meganium-Mega, L50, M\n|-mega|p1a: Meganium|Meganium|Meganiumite\n|move|p1a: Meganium|Protect|p1a: Meganium\n|-singleturn|p1a: Meganium|Protect\n|move|p2a: Aerodactyl|Tailwind|p2a: Aerodactyl\n|-sidestart|p2: mr brewster|move: Tailwind\n|move|p2b: Garchomp|Poison Jab|p1a: Meganium\n|-activate|p1a: Meganium|move: Protect\n|move|p1b: Corviknight|Tailwind|p1b: Corviknight\n|-sidestart|p1: ImprobableBlob|move: Tailwind\n|\n|upkeep\n|turn|2\n|\n|t:|1776540649\n|switch|p1a: Sneasler|Sneasler, L50, F|100/100\n|move|p2a: Aerodactyl|Rock Slide|p1b: Corviknight|[spread] p1a,p1b\n|-resisted|p1a: Sneasler|1\n|-damage|p1a: Sneasler|78/100\n|-damage|p1b: Corviknight|79/100\n|move|p2b: Garchomp|Poison Jab|p1a: Sneasler\n|-resisted|p1a: Sneasler|1\n|-damage|p1a: Sneasler|50/100\n|move|p1b: Corviknight|Bulk Up|p1b: Corviknight\n|-boost|p1b: Corviknight|atk|1\n|-boost|p1b: Corviknight|def|1\n|\n|-heal|p1b: Corviknight|85/100|[from] item: Leftovers\n|upkeep\n|turn|3\n|\n|t:|1776540664\n|move|p1a: Sneasler|Fake Out|p2a: Aerodactyl\n|-resisted|p2a: Aerodactyl|1\n|-damage|p2a: Aerodactyl|89/100\n|cant|p2a: Aerodactyl|flinch\n|move|p2b: Garchomp|Earthquake|p1a: Sneasler|[spread] p1a\n|-immune|p2a: Aerodactyl\n|-immune|p1b: Corviknight\n|-supereffective|p1a: Sneasler|1\n|-crit|p1a: Sneasler\n|-damage|p1a: Sneasler|0 fnt\n|faint|p1a: Sneasler\n|move|p1b: Corviknight|Bulk Up|p1b: Corviknight\n|-boost|p1b: Corviknight|atk|1\n|-boost|p1b: Corviknight|def|1\n|\n|-heal|p1b: Corviknight|91/100|[from] item: Leftovers\n|upkeep\n|\n|t:|1776540669\n|switch|p1a: Basculegion|Basculegion, L50, M|100/100\n|turn|4\n|\n|t:|1776540680\n|move|p2a: Aerodactyl|Protect|p2a: Aerodactyl\n|-singleturn|p2a: Aerodactyl|Protect\n|move|p1a: Basculegion|Flip Turn|p2a: Aerodactyl\n|-activate|p2a: Aerodactyl|move: Protect\n|move|p2b: Garchomp|Earthquake|p1b: Corviknight|[spread] p1a\n|-activate|p2a: Aerodactyl|move: Protect\n|-immune|p1b: Corviknight\n|-damage|p1a: Basculegion|46/100\n|move|p1b: Corviknight|Brave Bird|p2b: Garchomp\n|-damage|p2b: Garchomp|39/100\n|-damage|p1b: Corviknight|70/100|[from] Recoil\n|\n|-heal|p1b: Corviknight|76/100|[from] item: Leftovers\n|-sideend|p2: mr brewster|move: Tailwind\n|-sideend|p1: ImprobableBlob|move: Tailwind\n|upkeep\n|turn|5\n|\n|t:|1776540703\n|switch|p2b: Rotom|Rotom-Wash, L50|100/100\n|move|p1a: Basculegion|Flip Turn|p2a: Aerodactyl\n|-supereffective|p2a: Aerodactyl|1\n|-damage|p2a: Aerodactyl|0 fnt\n|faint|p2a: Aerodactyl\n|\n|t:|1776540708\n|switch|p1a: Meganium|Meganium-Mega, L50, M|100/100|[from] Flip Turn\n|move|p1b: Corviknight|Brave Bird|p2b: Rotom\n|-resisted|p2b: Rotom|1\n|-damage|p2b: Rotom|53/100\n|-damage|p1b: Corviknight|66/100|[from] Recoil\n|\n|-heal|p1b: Corviknight|72/100|[from] item: Leftovers\n|upkeep\n|j| Meh Decisions\n|\n|t:|1776540715\n|switch|p2a: Sneasler|Sneasler, L50, F|100/100\n|turn|6\n|j| DankLad07\n|\n|t:|1776540723\n|switch|p1a: Basculegion|Basculegion, L50, M|46/100\n|move|p2a: Sneasler|Fake Out|p1a: Basculegion\n|-immune|p1a: Basculegion\n|move|p2b: Rotom|Thunderbolt|p1b: Corviknight\n|-supereffective|p1b: Corviknight|1\n|-damage|p1b: Corviknight|8/100\n|move|p1b: Corviknight|Tailwind|p1b: Corviknight\n|-sidestart|p1: ImprobableBlob|move: Tailwind\n|\n|-heal|p1b: Corviknight|14/100|[from] item: Leftovers\n|upkeep\n|turn|7\n|\n|t:|1776540737\n|move|p2a: Sneasler|Protect|p2a: Sneasler\n|-singleturn|p2a: Sneasler|Protect\n|move|p1a: Basculegion|Last Respects|p2b: Rotom\n|-damage|p2b: Rotom|0 fnt\n|faint|p2b: Rotom\n|move|p1b: Corviknight|Brave Bird|p2a: Sneasler\n|-activate|p2a: Sneasler|move: Protect\n|\n|-heal|p1b: Corviknight|20/100|[from] item: Leftovers\n|upkeep\n|\n|t:|1776540741\n|switch|p2b: Garchomp|Garchomp, L50, F|39/100\n|turn|8\n|\n|t:|1776540747\n|move|p2b: Garchomp|Protect|p2b: Garchomp\n|-singleturn|p2b: Garchomp|Protect\n|move|p1a: Basculegion|Last Respects|p2b: Garchomp\n|-activate|p2b: Garchomp|move: Protect\n|move|p1b: Corviknight|Brave Bird|p2a: Sneasler\n|-supereffective|p2a: Sneasler|1\n|-damage|p2a: Sneasler|0 fnt\n|faint|p2a: Sneasler\n|-damage|p1b: Corviknight|0 fnt|[from] Recoil\n|faint|p1b: Corviknight\n|\n|upkeep\n|\n|t:|1776540750\n|switch|p1b: Meganium|Meganium-Mega, L50, M|100/100\n|turn|9\n|\n|t:|1776540757\n|move|p1a: Basculegion|Last Respects|p2b: Garchomp\n|-damage|p2b: Garchomp|0 fnt\n|faint|p2b: Garchomp\n|\n|win|ImprobableBlob\n|raw|ImprobableBlob's rating: 1480 &rarr; <strong>1504</strong><br />(+24 for winning)\n|raw|mr brewster's rating: 1548 &rarr; <strong>1524</strong><br />(-24 for losing)\n|l|\u2606mr brewster\n|player|p2|\n|l|\u2606ImprobableBlob\n|player|p1|\n",
  "uploadtime": 1776540853,
  "views": 25,
  "formatid": "gen9championsvgc2026regma",
  "rating": 1504,
  "private": 0,
  "password": null
}