{
  "id": "gen9championsvgc2026regma-2580393872",
  "format": "[Gen 9 Champions] VGC 2026 Reg M-A",
  "players": [
    "ester98",
    "PuffSun"
  ],
  "log": "|j|\u2606ester98\n|j|\u2606PuffSun\n|t:|1775889861\n|gametype|doubles\n|player|p1|ester98|phoebe-masters|\n|player|p2|PuffSun|101|\n|gen|9\n|tier|[Gen 9 Champions] VGC 2026 Reg M-A\n|rated|Tournament battle\n|rule|Species Clause: Limit one of each Pok\u00e9mon\n|rule|Item Clause: Limit 1 of each item\n|clearpoke\n|poke|p1|Milotic, L50, F|\n|poke|p1|Tyranitar, L50, F|\n|poke|p1|Garchomp, L50, F|\n|poke|p1|Corviknight, L50, M|\n|poke|p1|Sinistcha, L50|\n|poke|p1|Sneasler, L50, M|\n|poke|p2|Sneasler, L50, M|\n|poke|p2|Incineroar, L50, F|\n|poke|p2|Floette-Eternal, L50, F|\n|poke|p2|Rotom-Wash, L50|\n|poke|p2|Whimsicott, L50, F|\n|poke|p2|Ninetales-Alola, L50, M|\n|teampreview|4\n|j| V3rziel\nester98 has agreed to open team sheets.\nPuffSun has agreed to open team sheets.\n|showteam|p1|Milotic||SitrusBerry|Competitive|Scald,IcyWind,Recover,Protect|||F|||50|]Tyranitar||Tyranitarite|SandStream|RockSlide,KnockOff,LowKick,Protect|||F|||50|]Garchomp||BrightPowder|SandVeil|DragonClaw,Earthquake,RockSlide,Protect|||F|||50|]Corviknight||Leftovers|MirrorArmor|BodyPress,BraveBird,BulkUp,Roost|||M|||50|]Sinistcha||KasibBerry|Hospitality|MatchaGotcha,RagePowder,TrickRoom,LifeDew||||||50|]Sneasler||WhiteHerb|Unburden|CloseCombat,DireClaw,FakeOut,Protect|||M|||50|\n|showteam|p2|Sneasler||WhiteHerb|Unburden|DireClaw,CloseCombat,FakeOut,Protect|||M|||50|]Incineroar||ShucaBerry|Intimidate|PartingShot,Snarl,FlareBlitz,FakeOut|||F|||50|]Floette-Eternal||Floettite|FlowerVeil|DazzlingGleam,Moonblast,CalmMind,Protect|||F|||50|]Rotom-Wash||Leftovers|Levitate|VoltSwitch,Protect,HydroPump,HelpingHand||||||50|]Whimsicott||KebiaBerry|Prankster|Tailwind,HelpingHand,Taunt,Moonblast|||F|||50|]Ninetales-Alola||FocusSash|SnowWarning|Blizzard,IcyWind,DazzlingGleam,AuroraVeil|||M|||50|\n|\n|t:|1775889967\n|teamsize|p1|4\n|teamsize|p2|4\n|start\n|switch|p1a: Sneasler|Sneasler, L50, M|100/100\n|switch|p1b: Milotic|Milotic, L50, F|100/100\n|switch|p2a: Whimsicott|Whimsicott, L50, F|100/100\n|switch|p2b: Floette|Floette-Eternal, L50, F|100/100\n|turn|1\n|\n|t:|1775889989\n|detailschange|p2b: Floette|Floette-Mega, L50, F\n|-mega|p2b: Floette|Floette|Floettite\n|-ability|p2b: Floette|Fairy Aura\n|move|p2a: Whimsicott|Helping Hand|p2b: Floette\n|-singleturn|p2b: Floette|Helping Hand|[of] p2a: Whimsicott\n|move|p1a: Sneasler|Close Combat|p2a: Whimsicott\n|-resisted|p2a: Whimsicott|1\n|-damage|p2a: Whimsicott|69/100\n|-unboost|p1a: Sneasler|def|1\n|-unboost|p1a: Sneasler|spd|1\n|-enditem|p1a: Sneasler|White Herb\n|-clearnegativeboost|p1a: Sneasler|[silent]\n|move|p2b: Floette|Moonblast|p1a: Sneasler\n|-damage|p1a: Sneasler|0 fnt\n|faint|p1a: Sneasler\n|move|p1b: Milotic|Icy Wind|p2b: Floette|[spread] p2a,p2b\n|-supereffective|p2a: Whimsicott|1\n|-damage|p2a: Whimsicott|37/100\n|-damage|p2b: Floette|90/100\n|-unboost|p2a: Whimsicott|spe|1\n|-unboost|p2b: Floette|spe|1\n|\n|upkeep\n|c| V3rziel|gogo\n|j| smartyff\n|j| pinkylidon\n|c|\u2606ester98|ok i got got\n|l| smartyff\n|\n|t:|1775890006\n|switch|p1a: Tyranitar|Tyranitar, L50, F|100/100\n|-weather|Sandstorm|[from] ability: Sand Stream|[of] p1a: Tyranitar\n|turn|2\n|l| pinkylidon\n|j| PokemonmasterN2009\n|\n|t:|1775890031\n|move|p1a: Tyranitar|Protect|p1a: Tyranitar\n|-singleturn|p1a: Tyranitar|Protect\n|move|p2a: Whimsicott|Tailwind|p2a: Whimsicott\n|-sidestart|p2: PuffSun|move: Tailwind\n|move|p2b: Floette|Moonblast|p1a: Tyranitar\n|-activate|p1a: Tyranitar|move: Protect\n|move|p1b: Milotic|Icy Wind|p2b: Floette|[spread] p2a,p2b\n|-supereffective|p2a: Whimsicott|1\n|-damage|p2a: Whimsicott|2/100\n|-damage|p2b: Floette|79/100\n|-unboost|p2a: Whimsicott|spe|1\n|-unboost|p2b: Floette|spe|1\n|\n|-weather|Sandstorm|[upkeep]\n|-damage|p2b: Floette|73/100|[from] Sandstorm\n|-damage|p2a: Whimsicott|0 fnt|[from] Sandstorm\n|-damage|p1b: Milotic|95/100|[from] Sandstorm\n|faint|p2a: Whimsicott\n|upkeep\n|\n|t:|1775890048\n|switch|p2a: Ninetales|Ninetales-Alola, L50, M|100/100\n|-weather|Snowscape|[from] ability: Snow Warning|[of] p2a: Ninetales\n|turn|3\n|\n|t:|1775890064\n|detailschange|p1a: Tyranitar|Tyranitar-Mega, L50, F\n|-mega|p1a: Tyranitar|Tyranitar|Tyranitarite\n|-weather|Sandstorm|[from] ability: Sand Stream|[of] p1a: Tyranitar\n|move|p2a: Ninetales|Aurora Veil||[still]\n|-fail|p2a: Ninetales\n|move|p2b: Floette|Moonblast|p1a: Tyranitar\n|-supereffective|p1a: Tyranitar|1\n|-damage|p1a: Tyranitar|18/100\n|move|p1b: Milotic|Icy Wind|p2b: Floette|[spread] p2a,p2b\n|-resisted|p2a: Ninetales|1\n|-damage|p2a: Ninetales|92/100\n|-damage|p2b: Floette|62/100\n|-unboost|p2a: Ninetales|spe|1\n|-unboost|p2b: Floette|spe|1\n|move|p1a: Tyranitar|Rock Slide|p2b: Floette|[spread] p2a,p2b\n|-supereffective|p2a: Ninetales|1\n|-damage|p2a: Ninetales|0 fnt\n|-damage|p2b: Floette|7/100\n|faint|p2a: Ninetales\n|\n|-weather|Sandstorm|[upkeep]\n|-damage|p2b: Floette|1/100|[from] Sandstorm\n|-damage|p1b: Milotic|89/100|[from] Sandstorm\n|upkeep\n|j| Cmach\n|l| Cmach\n|\n|t:|1775890084\n|switch|p2a: Rotom|Rotom-Wash, L50|100/100\n|turn|4\n|c|\u2606ester98|ttar my beloved little creature\n|c|\u2606PuffSun|ttar moment\n|\n|t:|1775890107\n|move|p1b: Milotic|Protect|p1b: Milotic\n|-singleturn|p1b: Milotic|Protect\n|move|p1a: Tyranitar|Protect|p1a: Tyranitar\n|-singleturn|p1a: Tyranitar|Protect\n|move|p2a: Rotom|Hydro Pump|p1a: Tyranitar\n|-activate|p1a: Tyranitar|move: Protect\n|move|p2b: Floette|Moonblast|p1b: Milotic\n|-activate|p1b: Milotic|move: Protect\n|\n|-weather|Sandstorm|[upkeep]\n|-damage|p2a: Rotom|95/100|[from] Sandstorm\n|-damage|p2b: Floette|0 fnt|[from] Sandstorm\n|-damage|p1b: Milotic|83/100|[from] Sandstorm\n|faint|p2b: Floette\n|-heal|p2a: Rotom|100/100|[from] item: Leftovers\n|upkeep\n|turn|5\n|c|\u2606ester98|might still lose to rotom lmaoooo\n|\n|t:|1775890124\n|switch|p1a: Corviknight|Corviknight, L50, M|100/100\n|move|p2a: Rotom|Hydro Pump|p1a: Corviknight\n|-damage|p1a: Corviknight|61/100\n|move|p1b: Milotic|Icy Wind|p2a: Rotom\n|-resisted|p2a: Rotom|1\n|-damage|p2a: Rotom|89/100\n|-unboost|p2a: Rotom|spe|1\n|\n|-weather|Sandstorm|[upkeep]\n|-damage|p2a: Rotom|84/100|[from] Sandstorm\n|-damage|p1b: Milotic|77/100|[from] Sandstorm\n|-heal|p2a: Rotom|89/100|[from] item: Leftovers\n|-heal|p1a: Corviknight|67/100|[from] item: Leftovers\n|-sideend|p2: PuffSun|move: Tailwind\n|upkeep\n|turn|6\n|j| kucinghd\n|\n|t:|1775890145\n|move|p1b: Milotic|Icy Wind|p2a: Rotom\n|-resisted|p2a: Rotom|1\n|-damage|p2a: Rotom|78/100\n|-unboost|p2a: Rotom|spe|1\n|move|p1a: Corviknight|Body Press|p2a: Rotom\n|-damage|p2a: Rotom|44/100\n|move|p2a: Rotom|Volt Switch|p1a: Corviknight\n|-supereffective|p1a: Corviknight|1\n|-damage|p1a: Corviknight|8/100\n|\n|-weather|Sandstorm|[upkeep]\n|-damage|p1b: Milotic|71/100|[from] Sandstorm\n|-damage|p2a: Rotom|39/100|[from] Sandstorm\n|-heal|p1a: Corviknight|14/100|[from] item: Leftovers\n|-heal|p2a: Rotom|44/100|[from] item: Leftovers\n|upkeep\n|turn|7\n|\n|t:|1775890162\n|move|p1b: Milotic|Scald|p2a: Rotom\n|-resisted|p2a: Rotom|1\n|-damage|p2a: Rotom|19/100\n|move|p1a: Corviknight|Body Press|p2a: Rotom\n|-damage|p2a: Rotom|0 fnt\n|faint|p2a: Rotom\n|\n|win|ester98\n|n|\u2606ester98|ester98\n|n|\u2606PuffSun|puffsun\n|n| V3rziel|v3rziel\n|n| PokemonmasterN2009|pokemonmastern2009\n|n| kucinghd|kucinghd\n|c|\u2606ester98|gg\n|c|\u2606PuffSun|gg\n|c| V3rziel|gg\n|l| V3rziel\n|l|\u2606PuffSun\n|player|p2|\n",
  "uploadtime": 1775890190,
  "views": 23,
  "formatid": "gen9championsvgc2026regma",
  "rating": null,
  "private": 0,
  "password": null
}