{
  "id": "gen9championsvgc2026regma-2582035490",
  "format": "[Gen 9 Champions] VGC 2026 Reg M-A",
  "players": [
    "CorporateBrimstone",
    "Froth OClock"
  ],
  "log": "|j|\u2606CorporateBrimstone\n|j|\u2606Froth OClock\n|t:|1776050501\n|gametype|doubles\n|player|p1|CorporateBrimstone|coin|1213\n|player|p2|Froth OClock|crasherwake|1219\n|gen|9\n|tier|[Gen 9 Champions] VGC 2026 Reg M-A\n|rated|\n|rule|Species Clause: Limit one of each Pok\u00e9mon\n|rule|Item Clause: Limit 1 of each item\n|clearpoke\n|poke|p1|Slowbro, L50, M|\n|poke|p1|Weavile, L50, M|\n|poke|p1|Sinistcha, L50|\n|poke|p1|Floette-Eternal, L50, F|\n|poke|p1|Aegislash, L50, F|\n|poke|p1|Garchomp, L50, M|\n|poke|p2|Delphox, L50, M|\n|poke|p2|Garchomp, L50, M|\n|poke|p2|Primarina, L50, F|\n|poke|p2|Farigiraf, L50, F|\n|poke|p2|Sneasler, L50, F|\n|poke|p2|Ninetales-Alola, L50, M|\n|teampreview|4\n|\n|t:|1776050544\n|teamsize|p1|4\n|teamsize|p2|4\n|start\n|switch|p1a: Slowbro|Slowbro, L50, M|100/100\n|switch|p1b: Weavile|Weavile, L50, M|100/100\n|switch|p2a: The Prim|Primarina, L50, F|100/100\n|switch|p2b: The Frig|Farigiraf, L50, F|100/100\n|-ability|p1b: Weavile|Pressure\n|turn|1\n|\n|t:|1776050577\n|move|p1b: Weavile|Fling|p2a: The Prim\n|-resisted|p2a: The Prim|1\n|-damage|p2a: The Prim|92/100\n|-enditem|p1b: Weavile|King's Rock|[from] move: Fling\n|cant|p2a: The Prim|flinch\n|move|p2b: The Frig|Double-Edge|p1b: Weavile\n|-crit|p1b: Weavile\n|-damage|p1b: Weavile|0 fnt\n|faint|p1b: Weavile\n|-damage|p2b: The Frig|79/100|[from] Recoil\n|move|p1a: Slowbro|Amnesia|p1a: Slowbro\n|-boost|p1a: Slowbro|spd|2\n|\n|-heal|p2a: The Prim|98/100|[from] item: Leftovers\n|upkeep\n|\n|t:|1776050588\n|switch|p1b: Sinistcha|Sinistcha, L50|100/100\n|turn|2\n|\n|t:|1776050599\n|detailschange|p1a: Slowbro|Slowbro-Mega, L50, M\n|-mega|p1a: Slowbro|Slowbro|Slowbronite\n|move|p1b: Sinistcha|Matcha Gotcha|p2a: The Prim|[spread] p2a,p2b\n|-supereffective|p2a: The Prim|1\n|-damage|p2a: The Prim|57/100\n|-damage|p2b: The Frig|55/100\n|-status|p2b: The Frig|brn\n|move|p2a: The Prim|Calm Mind|p2a: The Prim\n|-boost|p2a: The Prim|spa|1\n|-boost|p2a: The Prim|spd|1\n|move|p2b: The Frig|Crunch|p1b: Sinistcha\n|-supereffective|p1b: Sinistcha|1\n|-damage|p1b: Sinistcha|80/100\n|move|p1a: Slowbro|Iron Defense|p1a: Slowbro\n|-boost|p1a: Slowbro|def|2\n|\n|-heal|p2a: The Prim|63/100|[from] item: Leftovers\n|-damage|p2b: The Frig|49/100 brn|[from] brn\n|upkeep\n|-enditem|p2b: The Frig|Sitrus Berry|[eat]\n|-heal|p2b: The Frig|74/100 brn|[from] item: Sitrus Berry\n|turn|3\n|\n|t:|1776050624\n|move|p2a: The Prim|Moonblast|p1a: Slowbro\n|-damage|p1a: Slowbro|75/100\n|move|p2b: The Frig|Double-Edge|p1a: Slowbro\n|-damage|p1a: Slowbro|68/100\n|-damage|p2b: The Frig|71/100 brn|[from] Recoil\n|move|p1a: Slowbro|Amnesia|p1a: Slowbro\n|-boost|p1a: Slowbro|spd|2\n|move|p1b: Sinistcha|Trick Room|p1b: Sinistcha\n|-fieldstart|move: Trick Room|[of] p1b: Sinistcha\n|\n|-heal|p2a: The Prim|68/100|[from] item: Leftovers\n|-damage|p2b: The Frig|65/100 brn|[from] brn\n|upkeep\n|turn|4\n|\n|t:|1776050637\n|move|p1a: Slowbro|Stored Power|p2a: The Prim\n|-damage|p2a: The Prim|37/100\n|move|p2b: The Frig|Crunch|p1b: Sinistcha\n|-supereffective|p1b: Sinistcha|1\n|-damage|p1b: Sinistcha|60/100\n|move|p2a: The Prim|Calm Mind|p2a: The Prim\n|-boost|p2a: The Prim|spa|1\n|-boost|p2a: The Prim|spd|1\n|move|p1b: Sinistcha|Matcha Gotcha|p2a: The Prim|[spread] p2a,p2b\n|-supereffective|p2a: The Prim|1\n|-damage|p2a: The Prim|17/100\n|-heal|p1b: Sinistcha|71/100|[from] drain|[of] p2a: The Prim\n|-damage|p2b: The Frig|40/100 brn\n|-heal|p1b: Sinistcha|87/100|[from] drain|[of] p2b: The Frig\n|\n|-heal|p2a: The Prim|23/100|[from] item: Leftovers\n|-damage|p2b: The Frig|34/100 brn|[from] brn\n|upkeep\n|turn|5\n|\n|t:|1776050659\n|move|p2a: The Prim|Protect|p2a: The Prim\n|-singleturn|p2a: The Prim|Protect\n|move|p1a: Slowbro|Iron Defense|p1a: Slowbro\n|-boost|p1a: Slowbro|def|2\n|move|p2b: The Frig|Crunch|p1b: Sinistcha\n|-supereffective|p1b: Sinistcha|1\n|-damage|p1b: Sinistcha|67/100\n|move|p1b: Sinistcha|Matcha Gotcha|p2a: The Prim|[spread] p2b\n|-activate|p2a: The Prim|move: Protect\n|-damage|p2b: The Frig|8/100 brn\n|-heal|p1b: Sinistcha|84/100|[from] drain|[of] p2b: The Frig\n|\n|-heal|p2a: The Prim|29/100|[from] item: Leftovers\n|-damage|p2b: The Frig|2/100 brn|[from] brn\n|upkeep\n|turn|6\n|\n|t:|1776050675\n|move|p1a: Slowbro|Stored Power|p2a: The Prim\n|-damage|p2a: The Prim|0 fnt\n|faint|p2a: The Prim\n|move|p2b: The Frig|Crunch|p1b: Sinistcha\n|-supereffective|p1b: Sinistcha|1\n|-damage|p1b: Sinistcha|63/100\n|move|p1b: Sinistcha|Matcha Gotcha|p2b: The Frig\n|-damage|p2b: The Frig|0 fnt\n|-heal|p1b: Sinistcha|65/100|[from] drain|[of] p2b: The Frig\n|faint|p2b: The Frig\n|\n|upkeep\n|\n|t:|1776050679\n|switch|p2b: The Phox|Delphox, L50, M|100/100\n|switch|p2a: The Sneas|Sneasler, L50, F|100/100\n|turn|7\n|\n|t:|1776050696\n|detailschange|p2b: The Phox|Delphox-Mega, L50, M\n|-mega|p2b: The Phox|Delphox|Delphoxite\n|move|p2a: The Sneas|Fake Out|p1a: Slowbro\n|-damage|p1a: Slowbro|65/100\n|cant|p1a: Slowbro|flinch\n|move|p1b: Sinistcha|Life Dew|p1b: Sinistcha|[spread] p1a,p1b\n|-heal|p1a: Slowbro|90/100\n|-heal|p1b: Sinistcha|90/100\n|move|p2b: The Phox|Heat Wave|p1a: Slowbro|[spread] p1b\n|-miss|p2b: The Phox|p1a: Slowbro\n|-supereffective|p1b: Sinistcha|1\n|-damage|p1b: Sinistcha|16/100\n|-enditem|p1b: Sinistcha|Sitrus Berry|[eat]\n|-heal|p1b: Sinistcha|40/100|[from] item: Sitrus Berry\n|\n|-fieldend|move: Trick Room\n|upkeep\n|turn|8\n|\n|t:|1776050718\n|move|p1b: Sinistcha|Rage Powder|p1b: Sinistcha\n|-singleturn|p1b: Sinistcha|move: Rage Powder\n|move|p2b: The Phox|Heat Wave|p1a: Slowbro|[spread] p1a,p1b\n|-resisted|p1a: Slowbro|1\n|-supereffective|p1b: Sinistcha|1\n|-damage|p1a: Slowbro|85/100\n|-damage|p1b: Sinistcha|0 fnt\n|faint|p1b: Sinistcha\n|move|p2a: The Sneas|Dire Claw|p1a: Slowbro\n|-damage|p1a: Slowbro|77/100\n|move|p1a: Slowbro|Stored Power|p2a: The Sneas\n|-supereffective|p2a: The Sneas|2\n|-damage|p2a: The Sneas|0 fnt\n|faint|p2a: The Sneas\n|\n|upkeep\n|\n|t:|1776050722\n|switch|p1b: Garchomp|Garchomp, L50, M|100/100\n|turn|9\n|\n|t:|1776050734\n|move|p2b: The Phox|Protect|p2b: The Phox\n|-singleturn|p2b: The Phox|Protect\n|move|p1b: Garchomp|Rock Tomb|p2b: The Phox\n|-activate|p2b: The Phox|move: Protect\n|move|p1a: Slowbro|Body Press|p2b: The Phox\n|-activate|p2b: The Phox|move: Protect\n|\n|upkeep\n|turn|10\n|\n|t:|1776050745\n|move|p2b: The Phox|Psychic|p1b: Garchomp\n|-crit|p1b: Garchomp\n|-damage|p1b: Garchomp|12/100\n|move|p1b: Garchomp|Rock Tomb|p2b: The Phox\n|-supereffective|p2b: The Phox|1\n|-damage|p2b: The Phox|37/100\n|-unboost|p2b: The Phox|spe|1\n|move|p1a: Slowbro|Body Press|p2b: The Phox\n|-resisted|p2b: The Phox|1\n|-damage|p2b: The Phox|0 fnt\n|faint|p2b: The Phox\n|\n|win|CorporateBrimstone\n|raw|CorporateBrimstone's rating: 1213 &rarr; <strong>1238</strong><br />(+25 for winning)\n|raw|Froth OClock's rating: 1219 &rarr; <strong>1194</strong><br />(-25 for losing)\n|l|\u2606Froth OClock\n|player|p2|\n",
  "uploadtime": 1776050754,
  "views": 15,
  "formatid": "gen9championsvgc2026regma",
  "rating": 1194,
  "private": 0,
  "password": null
}