{
  "id": "gen9championsvgc2026regma-2583564313",
  "format": "[Gen 9 Champions] VGC 2026 Reg M-A",
  "players": [
    "smk1111",
    "lizardon0516"
  ],
  "log": "|j|\u2606smk1111\n|j|\u2606lizardon0516\n|t:|1776183588\n|gametype|doubles\n|player|p1|smk1111|pokemaniac|1151\n|player|p2|lizardon0516|265|1176\n|gen|9\n|tier|[Gen 9 Champions] VGC 2026 Reg M-A\n|rated|\n|rule|Species Clause: Limit one of each Pok\u00e9mon\n|rule|Item Clause: Limit 1 of each item\n|clearpoke\n|poke|p1|Chesnaught, L50, M|\n|poke|p1|Pelipper, L50, M|\n|poke|p1|Archaludon, L50, M|\n|poke|p1|Basculegion, L50, M|\n|poke|p1|Kingambit, L50, M|\n|poke|p1|Incineroar, L50, M|\n|poke|p2|Charizard, L50, M|\n|poke|p2|Milotic, L50, F|\n|poke|p2|Sinistcha, L50|\n|poke|p2|Incineroar, L50, M|\n|poke|p2|Sneasler, L50, M|\n|poke|p2|Tyranitar, L50, M|\n|teampreview|4\n|inactive|Battle timer is ON: inactive players will automatically lose when time's up. (requested by smk1111)\n|\n|t:|1776183646\n|teamsize|p1|4\n|teamsize|p2|4\n|start\n|switch|p1a: Pelipper|Pelipper, L50, M, shiny|100/100\n|switch|p1b: Archaludon|Archaludon, L50, M, shiny|100/100\n|switch|p2a: Tyranitar|Tyranitar, L50, M|100/100\n|switch|p2b: Sneasler|Sneasler, L50, M|100/100\n|-weather|RainDance|[from] ability: Drizzle|[of] p1a: Pelipper\n|-weather|Sandstorm|[from] ability: Sand Stream|[of] p2a: Tyranitar\n|turn|1\n|\n|t:|1776183666\n|switch|p1b: Chesnaught|Chesnaught, L50, M, shiny|100/100\n|move|p2b: Sneasler|Fake Out|p1a: Pelipper\n|-damage|p1a: Pelipper|82/100\n|cant|p1a: Pelipper|flinch\n|move|p2a: Tyranitar|Rock Slide|p1b: Chesnaught|[spread] p1b\n|-miss|p2a: Tyranitar|p1a: Pelipper\n|-resisted|p1b: Chesnaught|1\n|-damage|p1b: Chesnaught|88/100\n|\n|-weather|Sandstorm|[upkeep]\n|-damage|p2b: Sneasler|95/100|[from] Sandstorm\n|-damage|p1a: Pelipper|76/100|[from] Sandstorm\n|-damage|p1b: Chesnaught|82/100|[from] Sandstorm\n|upkeep\n|turn|2\n|\n|t:|1776183690\n|detailschange|p1b: Chesnaught|Chesnaught-Mega, L50, M, shiny\n|-mega|p1b: Chesnaught|Chesnaught|Chesnaughtite\n|move|p2a: Tyranitar|Protect|p2a: Tyranitar\n|-singleturn|p2a: Tyranitar|Protect\n|move|p2b: Sneasler|Dire Claw|p1b: Chesnaught\n|-supereffective|p1b: Chesnaught|1\n|-damage|p1b: Chesnaught|20/100\n|move|p1a: Pelipper|Tailwind|p1a: Pelipper\n|-sidestart|p1: smk1111|move: Tailwind\n|move|p1b: Chesnaught|Drain Punch|p2a: Tyranitar\n|-activate|p2a: Tyranitar|move: Protect\n|\n|-weather|Sandstorm|[upkeep]\n|-damage|p1a: Pelipper|70/100|[from] Sandstorm\n|-damage|p1b: Chesnaught|14/100|[from] Sandstorm\n|-damage|p2b: Sneasler|89/100|[from] Sandstorm\n|upkeep\n|turn|3\n|\n|t:|1776183708\n|switch|p2a: Sinistcha|Sinistcha, L50|100/100\n|-heal|p2b: Sneasler|100/100|[from] ability: Hospitality|[of] p2a: Sinistcha\n|move|p1a: Pelipper|Hurricane|p2b: Sneasler\n|-supereffective|p2b: Sneasler|1\n|-damage|p2b: Sneasler|0 fnt\n|faint|p2b: Sneasler\n|move|p1b: Chesnaught|Drain Punch|p2a: Sinistcha\n|-immune|p2a: Sinistcha\n|\n|-weather|Sandstorm|[upkeep]\n|-damage|p1a: Pelipper|64/100|[from] Sandstorm\n|-damage|p1b: Chesnaught|8/100|[from] Sandstorm\n|-damage|p2a: Sinistcha|94/100|[from] Sandstorm\n|upkeep\n|\n|t:|1776183721\n|switch|p2b: Milotic|Milotic, L50, F, shiny|100/100\n|turn|4\n|\n|t:|1776183735\n|switch|p1a: Archaludon|Archaludon, L50, M, shiny|100/100\n|move|p1b: Chesnaught|Spiky Shield|p1b: Chesnaught\n|-singleturn|p1b: Chesnaught|move: Protect\n|move|p2b: Milotic|Scald|p1a: Archaludon\n|-resisted|p1a: Archaludon|1\n|-damage|p1a: Archaludon|86/100\n|-ability|p1a: Archaludon|Stamina|boost\n|-boost|p1a: Archaludon|def|1\n|move|p2a: Sinistcha|Matcha Gotcha|p1b: Chesnaught|[spread] p1a\n|-activate|p1b: Chesnaught|move: Protect\n|-resisted|p1a: Archaludon|2\n|-damage|p1a: Archaludon|80/100\n|-heal|p2a: Sinistcha|97/100|[from] drain|[of] p1a: Archaludon\n|-ability|p1a: Archaludon|Stamina|boost\n|-boost|p1a: Archaludon|def|1\n|\n|-weather|Sandstorm|[upkeep]\n|-damage|p1b: Chesnaught|2/100|[from] Sandstorm\n|-damage|p2b: Milotic|95/100|[from] Sandstorm\n|-damage|p2a: Sinistcha|91/100|[from] Sandstorm\n|-heal|p1a: Archaludon|86/100|[from] item: Leftovers\n|-heal|p2b: Milotic|100/100|[from] item: Leftovers\n|upkeep\n|turn|5\n|inactive|smk1111 has 30 seconds left.\n|\n|t:|1776183764\n|move|p2a: Sinistcha|Rage Powder|p2a: Sinistcha\n|-singleturn|p2a: Sinistcha|move: Rage Powder\n|move|p1a: Archaludon|Flash Cannon|p2a: Sinistcha\n|-damage|p2a: Sinistcha|60/100\n|move|p1b: Chesnaught|Drain Punch|p2b: Milotic\n|-damage|p2b: Milotic|72/100\n|-heal|p1b: Chesnaught|19/100|[from] drain|[of] p2b: Milotic\n|move|p2b: Milotic|Scald|p1a: Archaludon\n|-resisted|p1a: Archaludon|1\n|-damage|p1a: Archaludon|69/100\n|-status|p1a: Archaludon|brn\n|-ability|p1a: Archaludon|Stamina|boost\n|-boost|p1a: Archaludon|def|1\n|\n|-weather|none\n|-heal|p1a: Archaludon|75/100 brn|[from] item: Leftovers\n|-heal|p2b: Milotic|78/100|[from] item: Leftovers\n|-damage|p1a: Archaludon|69/100 brn|[from] brn\n|-sideend|p1: smk1111|move: Tailwind\n|upkeep\n|turn|6\n|inactive|smk1111 has 30 seconds left.\n|\n|t:|1776183797\n|switch|p1b: Pelipper|Pelipper, L50, M, shiny|64/100\n|-weather|RainDance|[from] ability: Drizzle|[of] p1b: Pelipper\n|move|p1a: Archaludon|Electro Shot||[still]\n|-prepare|p1a: Archaludon|Electro Shot\n|-boost|p1a: Archaludon|spa|1\n|-anim|p1a: Archaludon|Electro Shot|p2b: Milotic\n|-supereffective|p2b: Milotic|1\n|-damage|p2b: Milotic|0 fnt\n|faint|p2b: Milotic\n|move|p2a: Sinistcha|Matcha Gotcha|p1a: Archaludon|[spread] p1a,p1b\n|-resisted|p1a: Archaludon|2\n|-damage|p1a: Archaludon|63/100 brn\n|-heal|p2a: Sinistcha|62/100|[from] drain|[of] p1a: Archaludon\n|-damage|p1b: Pelipper|22/100\n|-heal|p2a: Sinistcha|79/100|[from] drain|[of] p1b: Pelipper\n|-ability|p1a: Archaludon|Stamina|boost\n|-boost|p1a: Archaludon|def|1\n|\n|-weather|RainDance|[upkeep]\n|-heal|p1a: Archaludon|69/100 brn|[from] item: Leftovers\n|-damage|p1a: Archaludon|63/100 brn|[from] brn\n|upkeep\n|\n|t:|1776183822\n|switch|p2b: Tyranitar|Tyranitar, L50, M|100/100\n|-weather|Sandstorm|[from] ability: Sand Stream|[of] p2b: Tyranitar\n|turn|7\n|\n|t:|1776183839\n|move|p2a: Sinistcha|Rage Powder|p2a: Sinistcha\n|-singleturn|p2a: Sinistcha|move: Rage Powder\n|move|p1a: Archaludon|Flash Cannon|p2a: Sinistcha\n|-damage|p2a: Sinistcha|36/100\n|move|p1b: Pelipper|U-turn|p2a: Sinistcha\n|-damage|p2a: Sinistcha|29/100\n|\n|t:|1776183847\n|switch|p1b: Chesnaught|Chesnaught-Mega, L50, M, shiny|19/100|[from] U-turn\n|move|p2b: Tyranitar|Rock Slide|p1a: Archaludon|[spread] p1b\n|-miss|p2b: Tyranitar|p1a: Archaludon\n|-resisted|p1b: Chesnaught|1\n|-damage|p1b: Chesnaught|10/100\n|\n|-weather|Sandstorm|[upkeep]\n|-damage|p1b: Chesnaught|4/100|[from] Sandstorm\n|-damage|p2a: Sinistcha|23/100|[from] Sandstorm\n|-heal|p1a: Archaludon|69/100 brn|[from] item: Leftovers\n|-damage|p1a: Archaludon|63/100 brn|[from] brn\n|upkeep\n|turn|8\n|inactive|smk1111 has 30 seconds left.\n|\n|t:|1776183875\n|move|p2b: Tyranitar|Protect|p2b: Tyranitar\n|-singleturn|p2b: Tyranitar|Protect\n|move|p1a: Archaludon|Flash Cannon|p2b: Tyranitar\n|-activate|p2b: Tyranitar|move: Protect\n|move|p1b: Chesnaught|Drain Punch|p2b: Tyranitar\n|-activate|p2b: Tyranitar|move: Protect\n|move|p2a: Sinistcha|Matcha Gotcha|p1b: Chesnaught|[spread] p1a,p1b\n|-resisted|p1a: Archaludon|2\n|-resisted|p1b: Chesnaught|1\n|-damage|p1a: Archaludon|56/100 brn\n|-heal|p2a: Sinistcha|27/100|[from] drain|[of] p1a: Archaludon\n|-damage|p1b: Chesnaught|0 fnt\n|-heal|p2a: Sinistcha|28/100|[from] drain|[of] p1b: Chesnaught\n|-ability|p1a: Archaludon|Stamina|boost\n|-boost|p1a: Archaludon|def|1\n|faint|p1b: Chesnaught\n|\n|-weather|Sandstorm|[upkeep]\n|-damage|p2a: Sinistcha|22/100|[from] Sandstorm\n|-heal|p1a: Archaludon|62/100 brn|[from] item: Leftovers\n|-damage|p1a: Archaludon|56/100 brn|[from] brn\n|upkeep\n|\n|t:|1776183896\n|switch|p1b: Pelipper|Pelipper, L50, M, shiny|22/100\n|-weather|RainDance|[from] ability: Drizzle|[of] p1b: Pelipper\n|turn|9\n|\n|t:|1776183912\n|detailschange|p2b: Tyranitar|Tyranitar-Mega, L50, M\n|-mega|p2b: Tyranitar|Tyranitar|Tyranitarite\n|-weather|Sandstorm|[from] ability: Sand Stream|[of] p2b: Tyranitar\n|move|p2a: Sinistcha|Rage Powder|p2a: Sinistcha\n|-singleturn|p2a: Sinistcha|move: Rage Powder\n|move|p1a: Archaludon|Flash Cannon|p2a: Sinistcha\n|-damage|p2a: Sinistcha|0 fnt\n|faint|p2a: Sinistcha\n|move|p1b: Pelipper|Hurricane|p2b: Tyranitar\n|-resisted|p2b: Tyranitar|1\n|-damage|p2b: Tyranitar|89/100\n|move|p2b: Tyranitar|Rock Slide|p1a: Archaludon|[spread] p1a,p1b\n|-resisted|p1a: Archaludon|1\n|-supereffective|p1b: Pelipper|1\n|-damage|p1a: Archaludon|51/100 brn\n|-damage|p1b: Pelipper|0 fnt\n|-ability|p1a: Archaludon|Stamina|boost\n|-boost|p1a: Archaludon|def|1\n|faint|p1b: Pelipper\n|\n|-weather|Sandstorm|[upkeep]\n|-heal|p1a: Archaludon|57/100 brn|[from] item: Leftovers\n|-damage|p1a: Archaludon|51/100 brn|[from] brn\n|upkeep\n|\n|t:|1776183930\n|switch|p1b: Basculegion|Basculegion, L50, M, shiny|100/100\n|turn|10\n|\n|t:|1776183949\n|move|p1a: Archaludon|Protect|p1a: Archaludon\n|-singleturn|p1a: Archaludon|Protect\n|move|p1b: Basculegion|Wave Crash|p2b: Tyranitar\n|-supereffective|p2b: Tyranitar|1\n|-damage|p2b: Tyranitar|19/100\n|-damage|p1b: Basculegion|76/100|[from] Recoil\n|move|p2b: Tyranitar|Knock Off|p1b: Basculegion\n|-supereffective|p1b: Basculegion|1\n|-damage|p1b: Basculegion|0 fnt\n|-enditem|p1b: Basculegion|Choice Scarf|[from] move: Knock Off|[of] p2b: Tyranitar\n|faint|p1b: Basculegion\n|\n|-weather|Sandstorm|[upkeep]\n|-heal|p1a: Archaludon|57/100 brn|[from] item: Leftovers\n|-damage|p1a: Archaludon|51/100 brn|[from] brn\n|upkeep\n|turn|11\n|\n|t:|1776183967\n|move|p1a: Archaludon|Draco Meteor|p2b: Tyranitar\n|-damage|p2b: Tyranitar|0 fnt\n|-unboost|p1a: Archaludon|spa|2\n|faint|p2b: Tyranitar\n|\n|win|smk1111\n|raw|smk1111's rating: 1151 &rarr; <strong>1178</strong><br />(+27 for winning)\n|raw|lizardon0516's rating: 1176 &rarr; <strong>1149</strong><br />(-27 for losing)\n",
  "uploadtime": 1776183973,
  "views": 15,
  "formatid": "gen9championsvgc2026regma",
  "rating": 1149,
  "private": 0,
  "password": null
}