{
  "id": "gen9championsvgc2026regma-2581290126",
  "format": "[Gen 9 Champions] VGC 2026 Reg M-A",
  "players": [
    "jasonsbored",
    "Lyiter"
  ],
  "log": "|j|\u2606jasonsbored\n|j|\u2606Lyiter\n|t:|1775982022\n|gametype|doubles\n|player|p1|jasonsbored|101|1262\n|player|p2|Lyiter|skier|1354\n|gen|9\n|tier|[Gen 9 Champions] VGC 2026 Reg M-A\n|rated|\n|rule|Species Clause: Limit one of each Pok\u00e9mon\n|rule|Item Clause: Limit 1 of each item\n|clearpoke\n|poke|p1|Charizard, L50, M|\n|poke|p1|Venusaur, L50, M|\n|poke|p1|Garchomp, L50, F|\n|poke|p1|Rotom-Wash, L50|\n|poke|p1|Sneasler, L50, F|\n|poke|p1|Incineroar, L50, F|\n|poke|p2|Excadrill, L50, M|\n|poke|p2|Weavile, L50, F|\n|poke|p2|Tyranitar, L50, M|\n|poke|p2|Sneasler, L50, F|\n|poke|p2|Azumarill, L50, M|\n|poke|p2|Gardevoir, L50, F|\n|teampreview|4\n|\n|t:|1775982037\n|teamsize|p1|4\n|teamsize|p2|4\n|start\n|switch|p1a: Dick 3|Rotom-Wash, L50|100/100\n|switch|p1b: Dick2|Sneasler, L50, F|100/100\n|switch|p2a: Azumarill|Azumarill, L50, M|100/100\n|switch|p2b: Sneasler|Sneasler, L50, F|100/100\n|turn|1\n|j| gE1xjZRtuhW2DdT0AK\n|inactive|Battle timer is ON: inactive players will automatically lose when time's up. (requested by Lyiter)\n|\n|t:|1775982060\n|move|p2b: Sneasler|Fake Out|p1a: Dick 3\n|-damage|p1a: Dick 3|86/100\n|move|p1b: Dick2|Dire Claw|p2a: Azumarill\n|-supereffective|p2a: Azumarill|1\n|-damage|p2a: Azumarill|23/100\n|-enditem|p2a: Azumarill|Sitrus Berry|[eat]\n|-heal|p2a: Azumarill|47/100|[from] item: Sitrus Berry\n|cant|p1a: Dick 3|flinch\n|move|p2a: Azumarill|Play Rough|p1a: Dick 3\n|-damage|p1a: Dick 3|32/100\n|\n|-heal|p1a: Dick 3|38/100|[from] item: Leftovers\n|upkeep\n|turn|2\n|\n|t:|1775982082\n|move|p2a: Azumarill|Protect|p2a: Azumarill\n|-singleturn|p2a: Azumarill|Protect\n|move|p1b: Dick2|Rock Tomb|p2b: Sneasler\n|-resisted|p2b: Sneasler|1\n|-damage|p2b: Sneasler|83/100\n|-unboost|p2b: Sneasler|spe|1\n|-enditem|p2b: Sneasler|White Herb\n|-clearnegativeboost|p2b: Sneasler|[silent]\n|move|p2b: Sneasler|Close Combat|p1a: Dick 3\n|-damage|p1a: Dick 3|0 fnt\n|-unboost|p2b: Sneasler|def|1\n|-unboost|p2b: Sneasler|spd|1\n|faint|p1a: Dick 3\n|\n|upkeep\n|\n|t:|1775982100\n|switch|p1a: Cameron winter|Charizard, L50, M|100/100\n|turn|3\n|\n|t:|1775982124\n|move|p2b: Sneasler|Protect|p2b: Sneasler\n|-singleturn|p2b: Sneasler|Protect\n|move|p1a: Cameron winter|Protect|p1a: Cameron winter\n|-singleturn|p1a: Cameron winter|Protect\n|move|p2a: Azumarill|Protect|p2a: Azumarill\n|-singleturn|p2a: Azumarill|Protect\n|move|p1b: Dick2|Dire Claw|p2a: Azumarill\n|-activate|p2a: Azumarill|move: Protect\n|\n|upkeep\n|turn|4\n|\n|t:|1775982154\n|detailschange|p1a: Cameron winter|Charizard-Mega-Y, L50, M\n|-mega|p1a: Cameron winter|Charizard|Charizardite Y\n|-weather|SunnyDay|[from] ability: Drought|[of] p1a: Cameron winter\n|move|p2a: Azumarill|Aqua Jet|p1b: Dick2\n|-damage|p1b: Dick2|79/100\n|move|p2b: Sneasler|Close Combat|p1b: Dick2\n|-resisted|p1b: Dick2|1\n|-damage|p1b: Dick2|19/100\n|-unboost|p2b: Sneasler|def|1\n|-unboost|p2b: Sneasler|spd|1\n|move|p1b: Dick2|Dire Claw|p2a: Azumarill\n|-supereffective|p2a: Azumarill|1\n|-damage|p2a: Azumarill|0 fnt\n|faint|p2a: Azumarill\n|move|p1a: Cameron winter|Heat Wave|p2b: Sneasler\n|-damage|p2b: Sneasler|0 fnt\n|faint|p2b: Sneasler\n|\n|-weather|SunnyDay|[upkeep]\n|upkeep\n|\n|t:|1775982156\n|switch|p2b: Tyranitar|Tyranitar, L50, M|100/100\n|switch|p2a: Weavile|Weavile, L50, F|100/100\n|-ability|p2a: Weavile|Pressure\n|-weather|Sandstorm|[from] ability: Sand Stream|[of] p2b: Tyranitar\n|turn|5\n|inactive|jasonsbored has 30 seconds left.\n|inactive|jasonsbored has 20 seconds left.\n|\n|t:|1775982195\n|switch|p1a: Dick 5|Venusaur, L50, M|100/100\n|move|p2a: Weavile|Fake Out|p1b: Dick2\n|-damage|p1b: Dick2|0 fnt\n|faint|p1b: Dick2\n|move|p2b: Tyranitar|Dragon Dance|p2b: Tyranitar\n|-boost|p2b: Tyranitar|atk|1\n|-boost|p2b: Tyranitar|spe|1\n|\n|-weather|Sandstorm|[upkeep]\n|-damage|p2a: Weavile|94/100|[from] Sandstorm\n|-damage|p1a: Dick 5|95/100|[from] Sandstorm\n|upkeep\n|\n|t:|1775982208\n|switch|p1b: Cameron winter|Charizard-Mega-Y, L50, M|100/100\n|-weather|SunnyDay|[from] ability: Drought|[of] p1b: Cameron winter\n|turn|6\n|\n|t:|1775982224\n|detailschange|p2b: Tyranitar|Tyranitar-Mega, L50, M\n|-mega|p2b: Tyranitar|Tyranitar|Tyranitarite\n|-weather|Sandstorm|[from] ability: Sand Stream|[of] p2b: Tyranitar\n|move|p2b: Tyranitar|Rock Slide|p1a: Dick 5|[spread] p1a,p1b\n|-supereffective|p1b: Cameron winter|2\n|-damage|p1a: Dick 5|25/100\n|-damage|p1b: Cameron winter|0 fnt\n|faint|p1b: Cameron winter\n|move|p2a: Weavile|Triple Axel|p1a: Dick 5\n|-supereffective|p1a: Dick 5|1\n|-damage|p1a: Dick 5|0 fnt\n|faint|p1a: Dick 5\n|-hitcount|p1: Dick 5|1\n|\n|win|Lyiter\n|raw|jasonsbored's rating: 1262 &rarr; <strong>1243</strong><br />(-19 for losing)\n|raw|Lyiter's rating: 1354 &rarr; <strong>1369</strong><br />(+15 for winning)\n|l|\u2606Lyiter\n|player|p2|\n",
  "uploadtime": 1775982259,
  "views": 29,
  "formatid": "gen9championsvgc2026regma",
  "rating": 1243,
  "private": 0,
  "password": null
}