{
  "id": "gen9championsvgc2026regma-2583904988",
  "format": "[Gen 9 Champions] VGC 2026 Reg M-A",
  "players": [
    "WSDay",
    "FryingPan2121"
  ],
  "log": "|j|\u2606WSDay\n|j|\u2606FryingPan2121\n|t:|1776207061\n|gametype|doubles\n|player|p1|WSDay|lucas|1041\n|player|p2|FryingPan2121|170|1000\n|gen|9\n|tier|[Gen 9 Champions] VGC 2026 Reg M-A\n|rated|\n|rule|Species Clause: Limit one of each Pok\u00e9mon\n|rule|Item Clause: Limit 1 of each item\n|clearpoke\n|poke|p1|Delphox, L50, F|\n|poke|p1|Garchomp, L50, F|\n|poke|p1|Kingambit, L50, F|\n|poke|p1|Sneasler, L50, F|\n|poke|p1|Incineroar, L50, M|\n|poke|p1|Floette-Eternal, L50, F|\n|poke|p2|Steelix, L50, F|\n|poke|p2|Aerodactyl, L50, F|\n|poke|p2|Ceruledge, L50, M|\n|poke|p2|Politoed, L50, M|\n|poke|p2|Heracross, L50, F|\n|poke|p2|Hydreigon, L50, F|\n|teampreview|4\n|\n|t:|1776207094\n|teamsize|p1|4\n|teamsize|p2|4\n|start\n|switch|p1a: Garchomp|Garchomp, L50, F|100/100\n|switch|p1b: Delphox|Delphox, L50, F|100/100\n|switch|p2a: Ceruledge|Ceruledge, L50, M|100/100\n|switch|p2b: Aerodactyl|Aerodactyl, L50, F|100/100\n|-ability|p2b: Aerodactyl|Pressure\n|turn|1\n|\n|t:|1776207110\n|detailschange|p1b: Delphox|Delphox-Mega, L50, F\n|-mega|p1b: Delphox|Delphox|Delphoxite\n|move|p1b: Delphox|Protect|p1b: Delphox\n|-singleturn|p1b: Delphox|Protect\n|move|p2b: Aerodactyl|Tailwind|p2b: Aerodactyl\n|-sidestart|p2: FryingPan2121|move: Tailwind\n|move|p2a: Ceruledge|Close Combat|p1a: Garchomp\n|-damage|p1a: Garchomp|59/100\n|-unboost|p2a: Ceruledge|def|1\n|-unboost|p2a: Ceruledge|spd|1\n|-damage|p2a: Ceruledge|88/100|[from] ability: Rough Skin|[of] p1a: Garchomp\n|move|p1a: Garchomp|Rock Slide|p2a: Ceruledge|[spread] p2a,p2b\n|-supereffective|p2a: Ceruledge|1\n|-supereffective|p2b: Aerodactyl|1\n|-crit|p2b: Aerodactyl\n|-damage|p2a: Ceruledge|18/100\n|-damage|p2b: Aerodactyl|15/100\n|\n|upkeep\n|turn|2\n|\n|t:|1776207141\n|switch|p2b: Hydreigon|Hydreigon, L50, F|100/100\n|switch|p1b: Incineroar|Incineroar, L50, M, shiny|100/100\n|-ability|p1b: Incineroar|Intimidate|boost\n|-unboost|p2a: Ceruledge|atk|1\n|-unboost|p2b: Hydreigon|atk|1\n|move|p1a: Garchomp|Protect|p1a: Garchomp\n|-singleturn|p1a: Garchomp|Protect\n|move|p2a: Ceruledge|Poltergeist|p1b: Incineroar\n|-activate|p1b: Incineroar|move: Poltergeist|Leftovers\n|-resisted|p1b: Incineroar|1\n|-crit|p1b: Incineroar\n|-damage|p1b: Incineroar|54/100\n|\n|-heal|p1b: Incineroar|60/100|[from] item: Leftovers\n|upkeep\n|turn|3\n|\n|t:|1776207165\n|move|p1b: Incineroar|Fake Out|p2b: Hydreigon\n|-damage|p2b: Hydreigon|87/100\n|move|p2a: Ceruledge|Close Combat|p1b: Incineroar\n|-supereffective|p1b: Incineroar|1\n|-damage|p1b: Incineroar|5/100\n|-unboost|p2a: Ceruledge|def|1\n|-unboost|p2a: Ceruledge|spd|1\n|cant|p2b: Hydreigon|flinch\n|move|p1a: Garchomp|Rock Slide|p2a: Ceruledge|[spread] p2b\n|-miss|p1a: Garchomp|p2a: Ceruledge\n|-damage|p2b: Hydreigon|69/100\n|\n|-heal|p1b: Incineroar|11/100|[from] item: Leftovers\n|upkeep\n|turn|4\n|\n|t:|1776207192\n|switch|p1b: Kingambit|Kingambit, L50, F|100/100\n|move|p2a: Ceruledge|Bitter Blade|p1b: Kingambit\n|-supereffective|p1b: Kingambit|1\n|-damage|p1b: Kingambit|38/100\n|-heal|p2a: Ceruledge|60/100|[from] drain|[of] p1b: Kingambit\n|move|p2b: Hydreigon|Draco Meteor|p1a: Garchomp\n|-supereffective|p1a: Garchomp|1\n|-damage|p1a: Garchomp|0 fnt\n|-unboost|p2b: Hydreigon|spa|2\n|faint|p1a: Garchomp\n|\n|-sideend|p2: FryingPan2121|move: Tailwind\n|upkeep\n|\n|t:|1776207202\n|switch|p1a: Incineroar|Incineroar, L50, M, shiny|11/100\n|-ability|p1a: Incineroar|Intimidate|boost\n|-unboost|p2a: Ceruledge|atk|1\n|-unboost|p2b: Hydreigon|atk|1\n|turn|5\n|\n|t:|1776207218\n|move|p2b: Hydreigon|Protect|p2b: Hydreigon\n|-singleturn|p2b: Hydreigon|Protect\n|move|p1a: Incineroar|Fake Out|p2b: Hydreigon\n|-activate|p2b: Hydreigon|move: Protect\n|move|p1b: Kingambit|Sucker Punch|p2a: Ceruledge\n|-supereffective|p2a: Ceruledge|1\n|-damage|p2a: Ceruledge|0 fnt\n|faint|p2a: Ceruledge\n|\n|-heal|p1a: Incineroar|17/100|[from] item: Leftovers\n|upkeep\n|\n|t:|1776207231\n|switch|p2a: Aerodactyl|Aerodactyl, L50, F|15/100\n|-ability|p2a: Aerodactyl|Pressure\n|turn|6\n|\n|t:|1776207257\n|move|p1b: Kingambit|Protect|p1b: Kingambit\n|-singleturn|p1b: Kingambit|Protect\n|move|p2a: Aerodactyl|Tailwind|p2a: Aerodactyl\n|-sidestart|p2: FryingPan2121|move: Tailwind\n|move|p2b: Hydreigon|Draco Meteor|p1a: Incineroar\n|-damage|p1a: Incineroar|0 fnt\n|-unboost|p2b: Hydreigon|spa|2\n|faint|p1a: Incineroar\n|\n|upkeep\n|\n|t:|1776207263\n|switch|p1a: Delphox|Delphox-Mega, L50, F|100/100\n|turn|7\n|-activate|p2b: Hydreigon|item: Quick Claw\n|\n|t:|1776207281\n|switch|p2a: Politoed|Politoed, L50, M, shiny|100/100\n|move|p2b: Hydreigon|Dark Pulse|p1a: Delphox\n|-supereffective|p1a: Delphox|1\n|-damage|p1a: Delphox|73/100\n|move|p1a: Delphox|Encore||[still]\n|-fail|p1a: Delphox\n|move|p1b: Kingambit|Low Sweep|p2b: Hydreigon\n|-supereffective|p2b: Hydreigon|1\n|-damage|p2b: Hydreigon|25/100\n|-unboost|p2b: Hydreigon|spe|1\n|\n|upkeep\n|turn|8\n|\n|t:|1776207325\n|move|p1a: Delphox|Protect|p1a: Delphox\n|-singleturn|p1a: Delphox|Protect\n|move|p2a: Politoed|Blizzard|p1b: Kingambit|[spread] p1b\n|-activate|p1a: Delphox|move: Protect\n|-resisted|p1b: Kingambit|1\n|-damage|p1b: Kingambit|27/100\n|move|p2b: Hydreigon|Flamethrower|p1b: Kingambit\n|-supereffective|p1b: Kingambit|1\n|-damage|p1b: Kingambit|4/100\n|move|p1b: Kingambit|Iron Head|p2b: Hydreigon\n|-damage|p2b: Hydreigon|0 fnt\n|faint|p2b: Hydreigon\n|\n|upkeep\n|\n|t:|1776207340\n|switch|p2b: Aerodactyl|Aerodactyl, L50, F|15/100\n|-ability|p2b: Aerodactyl|Pressure\n|turn|9\n|\n|t:|1776207352\n|move|p1b: Kingambit|Protect|p1b: Kingambit\n|-singleturn|p1b: Kingambit|Protect\n|move|p2b: Aerodactyl|Meteor Beam||[still]\n|-prepare|p2b: Aerodactyl|Meteor Beam\n|-boost|p2b: Aerodactyl|spa|1\n|move|p1a: Delphox|Psychic|p2b: Aerodactyl\n|-damage|p2b: Aerodactyl|0 fnt\n|faint|p2b: Aerodactyl\n|move|p2a: Politoed|Blizzard|p1a: Delphox|[spread] \n|-activate|p1b: Kingambit|move: Protect\n|-miss|p2a: Politoed|p1a: Delphox\n|\n|-sideend|p2: FryingPan2121|move: Tailwind\n|upkeep\n|turn|10\n|\n|t:|1776207373\n|move|p1b: Kingambit|Sucker Punch|p2a: Politoed\n|-damage|p2a: Politoed|67/100\n|move|p1a: Delphox|Psychic|p2a: Politoed\n|-damage|p2a: Politoed|26/100\n|move|p2a: Politoed|Blizzard|p1a: Delphox|[spread] p1b\n|-miss|p2a: Politoed|p1a: Delphox\n|-resisted|p1b: Kingambit|1\n|-damage|p1b: Kingambit|0 fnt\n|faint|p1b: Kingambit\n|\n|-heal|p2a: Politoed|32/100|[from] item: Leftovers\n|upkeep\n|turn|11\n|\n|t:|1776207393\n|move|p1a: Delphox|Psychic|p2a: Politoed\n|-damage|p2a: Politoed|0 fnt\n|faint|p2a: Politoed\n|\n|win|WSDay\n|raw|WSDay's rating: 1041 &rarr; <strong>1071</strong><br />(+30 for winning)\n|raw|FryingPan2121's rating: 1000 &rarr; <strong>1000</strong><br />(+0 for losing)\n",
  "uploadtime": 1776207398,
  "views": 31,
  "formatid": "gen9championsvgc2026regma",
  "rating": 1000,
  "private": 0,
  "password": null
}