{
  "id": "gen9championsvgc2026regma-2588426635",
  "format": "[Gen 9 Champions] VGC 2026 Reg M-A",
  "players": [
    "redtoteyreal",
    "Ayapata"
  ],
  "log": "|j|\u2606redtoteyreal\n|j|\u2606Ayapata\n|t:|1776632547\n|gametype|doubles\n|player|p1|redtoteyreal|ninjaboy|1452\n|player|p2|Ayapata|2|1429\n|gen|9\n|tier|[Gen 9 Champions] VGC 2026 Reg M-A\n|rated|\n|rule|Species Clause: Limit one of each Pok\u00e9mon\n|rule|Item Clause: Limit 1 of each item\n|clearpoke\n|poke|p1|Floette-Eternal, L50, F|\n|poke|p1|Maushold-Four, L50|\n|poke|p1|Aegislash, L50, F, shiny|\n|poke|p1|Aerodactyl, L50, F, shiny|\n|poke|p1|Rotom-Wash, L50, shiny|\n|poke|p1|Garchomp, L50, M|\n|poke|p2|Froslass, L50, F|\n|poke|p2|Garchomp, L50, M|\n|poke|p2|Aegislash, L50, M, shiny|\n|poke|p2|Sneasler, L50, F|\n|poke|p2|Incineroar, L50, M|\n|poke|p2|Rotom-Wash, L50|\n|teampreview|4\n|inactive|Battle timer is ON: inactive players will automatically lose when time's up. (requested by Ayapata)\n|inactive|redtoteyreal also wants the timer to be on.\nredtoteyreal has agreed to open team sheets.\n|\n|t:|1776632577\n|teamsize|p1|4\n|teamsize|p2|4\n|start\n|switch|p1a: Aegislash|Aegislash, L50, F, shiny|100/100\n|switch|p1b: Aerodactyl|Aerodactyl, L50, F, shiny|100/100\n|switch|p2a: Rotom|Rotom-Wash, L50|100/100\n|switch|p2b: Froslass|Froslass, L50, F|100/100\n|-ability|p1b: Aerodactyl|Unnerve\n|turn|1\n|\n|t:|1776632599\n|detailschange|p2b: Froslass|Froslass-Mega, L50, F\n|-mega|p2b: Froslass|Froslass|Froslassite\n|-weather|Snowscape|[from] ability: Snow Warning|[of] p2b: Froslass\n|move|p2a: Rotom|Electroweb|p1a: Aegislash|[spread] p1a,p1b\n|-supereffective|p1b: Aerodactyl|1\n|-damage|p1a: Aegislash|87/100\n|-damage|p1b: Aerodactyl|51/100\n|-unboost|p1a: Aegislash|spe|1\n|-unboost|p1b: Aerodactyl|spe|1\n|move|p2b: Froslass|Blizzard|p1b: Aerodactyl|[spread] p1a,p1b\n|-resisted|p1a: Aegislash|1\n|-supereffective|p1b: Aerodactyl|1\n|-damage|p1a: Aegislash|71/100\n|-damage|p1b: Aerodactyl|0 fnt\n|faint|p1b: Aerodactyl\n|-formechange|p1a: Aegislash|Aegislash-Blade|\n|move|p1a: Aegislash|Poltergeist|p2b: Froslass\n|-activate|p2b: Froslass|move: Poltergeist|Froslassite\n|-supereffective|p2b: Froslass|1\n|-damage|p2b: Froslass|0 fnt\n|faint|p2b: Froslass\n|\n|-weather|Snowscape|[upkeep]\n|upkeep\n|inactive|Ayapata has 30 seconds left.\n|\n|t:|1776632628\n|switch|p1b: Floette|Floette-Eternal, L50, F|100/100\n|switch|p2b: Sneasler|Sneasler, L50, F|100/100\n|turn|2\n|\n|t:|1776632645\n|switch|p2a: Incineroar|Incineroar, L50, M|100/100\n|-ability|p2a: Incineroar|Intimidate|boost\n|-unboost|p1a: Aegislash|atk|1\n|-unboost|p1b: Floette|atk|1\n|detailschange|p1b: Floette|Floette-Mega, L50, F\n|-mega|p1b: Floette|Floette|Floettite\n|-ability|p1b: Floette|Fairy Aura\n|move|p2b: Sneasler|Protect|p2b: Sneasler\n|-singleturn|p2b: Sneasler|Protect\n|move|p1b: Floette|Protect|p1b: Floette\n|-singleturn|p1b: Floette|Protect\n|-formechange|p1a: Aegislash|Aegislash|\n|move|p1a: Aegislash|King's Shield||[still]\n|-fail|p1a: Aegislash\n|\n|-weather|Snowscape|[upkeep]\n|upkeep\n|turn|3\n|inactive|Ayapata has 30 seconds left.\n|inactive|redtoteyreal has 30 seconds left.\n|inactive|Ayapata has 20 seconds left.\n|inactive|Ayapata has 15 seconds left.\n|inactive|redtoteyreal has 20 seconds left.\n|\n|t:|1776632698\n|switch|p1a: Rotom|Rotom-Wash, L50, shiny|100/100\n|move|p2b: Sneasler|Dire Claw|p1b: Floette\n|-supereffective|p1b: Floette|1\n|-damage|p1b: Floette|18/100\n|move|p1b: Floette|Moonblast|p2a: Incineroar\n|-damage|p2a: Incineroar|55/100\n|move|p2a: Incineroar|Will-O-Wisp|p1b: Floette\n|-status|p1b: Floette|brn\n|\n|-weather|Snowscape|[upkeep]\n|-damage|p1b: Floette|12/100 brn|[from] brn\n|upkeep\n|turn|4\n|inactive|redtoteyreal has 30 seconds left.\n|inactive|Ayapata has 30 seconds left.\n|inactive|Ayapata has 20 seconds left.\n|inactive|Ayapata has 15 seconds left.\n|\n|t:|1776632739\n|move|p2b: Sneasler|Dire Claw|p1b: Floette\n|-supereffective|p1b: Floette|1\n|-damage|p1b: Floette|0 fnt\n|faint|p1b: Floette\n|move|p1a: Rotom|Hydro Pump|p2a: Incineroar\n|-supereffective|p2a: Incineroar|1\n|-damage|p2a: Incineroar|0 fnt\n|faint|p2a: Incineroar\n|\n|-weather|Snowscape|[upkeep]\n|upkeep\n|\n|t:|1776632749\n|switch|p1b: Aegislash|Aegislash, L50, F, shiny|71/100\n|switch|p2a: Rotom|Rotom-Wash, L50|100/100\n|turn|5\n|\n|t:|1776632772\n|move|p2a: Rotom|Thunderbolt|p1a: Rotom\n|-damage|p1a: Rotom|59/100\n|move|p2b: Sneasler|Close Combat|p1a: Rotom\n|-damage|p1a: Rotom|0 fnt\n|-unboost|p2b: Sneasler|def|1\n|-unboost|p2b: Sneasler|spd|1\n|faint|p1a: Rotom\n|-enditem|p2b: Sneasler|White Herb\n|-clearnegativeboost|p2b: Sneasler|[silent]\n|-formechange|p1b: Aegislash|Aegislash-Blade|\n|move|p1b: Aegislash|Poltergeist|p2a: Rotom\n|-activate|p2a: Rotom|move: Poltergeist|Choice Scarf\n|-damage|p2a: Rotom|10/100\n|\n|-weather|none\n|upkeep\n|turn|6\n|\n|t:|1776632796\n|move|p1b: Aegislash|Shadow Sneak|p2a: Rotom\n|-damage|p2a: Rotom|0 fnt\n|faint|p2a: Rotom\n|move|p2b: Sneasler|Close Combat|p1b: Aegislash\n|-immune|p1b: Aegislash\n|\n|upkeep\n|turn|7\n|-message|Ayapata forfeited.\n|\n|win|redtoteyreal\n|raw|redtoteyreal's rating: 1452 &rarr; <strong>1471</strong><br />(+19 for winning)\n|raw|Ayapata's rating: 1429 &rarr; <strong>1410</strong><br />(-19 for losing)\n|l|\u2606Ayapata\n|player|p2|\n",
  "uploadtime": 1776632805,
  "views": 13,
  "formatid": "gen9championsvgc2026regma",
  "rating": 1410,
  "private": 0,
  "password": null
}