{
  "id": "gen9championsvgc2026regma-2589404510",
  "format": "[Gen 9 Champions] VGC 2026 Reg M-A",
  "players": [
    "benjitulio",
    "DrasilJed"
  ],
  "log": "|j|\u2606benjitulio\n|j|\u2606DrasilJed\n|t:|1776720205\n|gametype|doubles\n|player|p1|benjitulio|wattson|1110\n|player|p2|DrasilJed|265|1040\n|gen|9\n|tier|[Gen 9 Champions] VGC 2026 Reg M-A\n|rated|\n|rule|Species Clause: Limit one of each Pok\u00e9mon\n|rule|Item Clause: Limit 1 of each item\n|clearpoke\n|poke|p1|Dragonite, L50, M|\n|poke|p1|Incineroar, L50, F|\n|poke|p1|Gyarados, L50, M|\n|poke|p1|Maushold-Four, L50|\n|poke|p1|Milotic, L50, F|\n|poke|p1|Whimsicott, L50, M|\n|poke|p2|Gengar, L50, M|\n|poke|p2|Wyrdeer, L50, F|\n|poke|p2|Hatterene, L50, F|\n|poke|p2|Pangoro, L50, F|\n|poke|p2|Palafin, L50, F|\n|poke|p2|Altaria, L50, F|\n|teampreview|4\n|inactive|Battle timer is ON: inactive players will automatically lose when time's up. (requested by DrasilJed)\n|\n|t:|1776720234\n|teamsize|p1|4\n|teamsize|p2|4\n|start\n|switch|p1a: Incineroar|Incineroar, L50, F|100/100\n|switch|p1b: Dragonite|Dragonite, L50, M|100/100\n|switch|p2a: Gengar|Gengar, L50, M|100/100\n|switch|p2b: Wyrdeer|Wyrdeer, L50, F|100/100\n|-ability|p1a: Incineroar|Intimidate|boost\n|-unboost|p2a: Gengar|atk|1\n|-unboost|p2b: Wyrdeer|atk|1\n|-ability|p2b: Wyrdeer|Intimidate|boost\n|-unboost|p1a: Incineroar|atk|1\n|-unboost|p1b: Dragonite|atk|1\n|turn|1\n|inactive|benjitulio has 30 seconds left.\n|inactive|DrasilJed has 30 seconds left.\n|\n|t:|1776720264\n|detailschange|p2a: Gengar|Gengar-Mega, L50, M\n|-mega|p2a: Gengar|Gengar|Gengarite\n|detailschange|p1b: Dragonite|Dragonite-Mega, L50, M\n|-mega|p1b: Dragonite|Dragonite|Dragoninite\n|move|p2a: Gengar|Protect|p2a: Gengar\n|-singleturn|p2a: Gengar|Protect\n|move|p2b: Wyrdeer|Protect|p2b: Wyrdeer\n|-singleturn|p2b: Wyrdeer|Protect\n|move|p1b: Dragonite|Dragon Pulse|p2a: Gengar\n|-activate|p2a: Gengar|move: Protect\n|move|p1a: Incineroar|Darkest Lariat|p2a: Gengar\n|-activate|p2a: Gengar|move: Protect\n|\n|upkeep\n|turn|2\n|inactive|benjitulio has 30 seconds left.\n|inactive|DrasilJed has 30 seconds left.\n|inactive|DrasilJed has 20 seconds left.\n|\n|t:|1776720301\n|move|p2a: Gengar|Perish Song|p2a: Gengar\n|-start|p1a: Incineroar|perish3|[silent]\n|-start|p1b: Dragonite|perish3|[silent]\n|-start|p2a: Gengar|perish3|[silent]\n|-start|p2b: Wyrdeer|perish3|[silent]\n|-fieldactivate|move: Perish Song\n|move|p1b: Dragonite|Flamethrower|p2a: Gengar\n|-damage|p2a: Gengar|49/100\n|move|p1a: Incineroar|Darkest Lariat|p2a: Gengar\n|-supereffective|p2a: Gengar|1\n|-crit|p2a: Gengar\n|-damage|p2a: Gengar|0 fnt\n|faint|p2a: Gengar\n|move|p2b: Wyrdeer|Psyshield Bash|p1b: Dragonite\n|-damage|p1b: Dragonite|87/100\n|-boost|p2b: Wyrdeer|def|1\n|\n|-start|p1b: Dragonite|perish3\n|-start|p1a: Incineroar|perish3\n|-start|p2b: Wyrdeer|perish3\n|upkeep\n|\n|t:|1776720316\n|switch|p2a: Palafin|Palafin, L50, F|100/100\n|turn|3\n|\n|t:|1776720332\n|switch|p1b: Whimsicott|Whimsicott, L50, M|100/100\n|move|p2a: Palafin|Flip Turn|p1a: Incineroar\n|-supereffective|p1a: Incineroar|1\n|-damage|p1a: Incineroar|61/100\n|\n|t:|1776720337\n|detailschange|p2a: Palafin|Palafin-Hero, L50, F\n|switch|p2a: Pangoro|Pangoro, L50, F|100/100|[from] Flip Turn\n|move|p1a: Incineroar|Parting Shot|p2a: Pangoro\n|-unboost|p2a: Pangoro|atk|1\n|-unboost|p2a: Pangoro|spa|1\n|\n|t:|1776720355\n|switch|p1a: Dragonite|Dragonite-Mega, L50, M|87/100|[from] Parting Shot\n|move|p2b: Wyrdeer|Double-Edge|p1b: Whimsicott\n|-crit|p1b: Whimsicott\n|-damage|p1b: Whimsicott|0 fnt\n|faint|p1b: Whimsicott\n|-damage|p2b: Wyrdeer|75/100|[from] Recoil\n|\n|-heal|p2b: Wyrdeer|82/100|[from] item: Leftovers\n|-start|p2b: Wyrdeer|perish2\n|upkeep\n|\n|t:|1776720373\n|switch|p1b: Incineroar|Incineroar, L50, F|61/100\n|-ability|p1b: Incineroar|Intimidate|boost\n|-fail|p2a: Pangoro|unboost|Attack|[from] ability: Scrappy|[of] p2a: Pangoro\n|-unboost|p2b: Wyrdeer|atk|1\n|turn|4\n|\n|t:|1776720387\n|move|p2a: Pangoro|Detect|p2a: Pangoro\n|-singleturn|p2a: Pangoro|Protect\n|move|p1b: Incineroar|Fake Out|p2a: Pangoro\n|-activate|p2a: Pangoro|move: Protect\n|move|p1a: Dragonite|Dragon Pulse|p2b: Wyrdeer\n|-crit|p2b: Wyrdeer\n|-damage|p2b: Wyrdeer|2/100\n|move|p2b: Wyrdeer|Skill Swap|p1b: Incineroar\n|-activate|p2b: Wyrdeer|Skill Swap|Intimidate|Intimidate|[of] p1b: Incineroar\n|-ability|p1b: Incineroar|Intimidate|boost\n|-fail|p2a: Pangoro|unboost|Attack|[from] ability: Scrappy|[of] p2a: Pangoro\n|-unboost|p2b: Wyrdeer|atk|1\n|-ability|p2b: Wyrdeer|Intimidate|boost\n|-unboost|p1a: Dragonite|atk|1\n|-unboost|p1b: Incineroar|atk|1\n|\n|-heal|p2b: Wyrdeer|8/100|[from] item: Leftovers\n|-start|p2b: Wyrdeer|perish1\n|upkeep\n|turn|5\n|inactive|DrasilJed has 30 seconds left.\n|inactive|DrasilJed has 20 seconds left.\n|\n|t:|1776720424\n|move|p1a: Dragonite|Dragon Pulse|p2a: Pangoro\n|-damage|p2a: Pangoro|48/100\n|move|p1b: Incineroar|Parting Shot|p2a: Pangoro\n|-unboost|p2a: Pangoro|atk|1\n|-unboost|p2a: Pangoro|spa|1\n|\n|t:|1776720431\n|switch|p1b: Maushold|Maushold-Four, L50|100/100|[from] Parting Shot\n|move|p2b: Wyrdeer|Double-Edge|p1b: Maushold\n|-damage|p1b: Maushold|60/100\n|-damage|p2b: Wyrdeer|0 fnt|[from] Recoil\n|faint|p2b: Wyrdeer\n|move|p2a: Pangoro|Parting Shot|p1a: Dragonite\n|-unboost|p1a: Dragonite|atk|1\n|-unboost|p1a: Dragonite|spa|1\n|\n|t:|1776720440\n|switch|p2a: Palafin|Palafin-Hero, L50, F|100/100|[from] Parting Shot\n|-activate|p2a: Palafin|ability: Zero to Hero\n|\n|upkeep\n|\n|t:|1776720445\n|switch|p2b: Pangoro|Pangoro, L50, F|48/100\n|turn|6\n|\n|t:|1776720457\n|switch|p1a: Incineroar|Incineroar, L50, F|61/100\n|-ability|p1a: Incineroar|Intimidate|boost\n|-unboost|p2a: Palafin|atk|1\n|-fail|p2b: Pangoro|unboost|Attack|[from] ability: Scrappy|[of] p2b: Pangoro\n|move|p2a: Palafin|Wave Crash|p1a: Incineroar\n|-supereffective|p1a: Incineroar|1\n|-damage|p1a: Incineroar|0 fnt\n|faint|p1a: Incineroar\n|-damage|p2a: Palafin|78/100|[from] Recoil\n|move|p1b: Maushold|Population Bomb|p2b: Pangoro\n|-damage|p2b: Pangoro|38/100\n|-crit|p2b: Pangoro\n|-damage|p2b: Pangoro|24/100\n|-damage|p2b: Pangoro|14/100\n|-damage|p2b: Pangoro|5/100\n|-damage|p2b: Pangoro|0 fnt\n|faint|p2b: Pangoro\n|-hitcount|p2: Pangoro|5\n|\n|upkeep\n|\n|t:|1776720476\n|switch|p1a: Dragonite|Dragonite-Mega, L50, M|87/100\n|turn|7\n|\n|t:|1776720485\n|move|p1b: Maushold|Helping Hand|p1a: Dragonite\n|-singleturn|p1a: Dragonite|Helping Hand|[of] p1b: Maushold\n|move|p2a: Palafin|Wave Crash|p1b: Maushold\n|-damage|p1b: Maushold|0 fnt\n|faint|p1b: Maushold\n|-damage|p2a: Palafin|61/100|[from] Recoil\n|move|p1a: Dragonite|Dragon Pulse|p2a: Palafin\n|-damage|p2a: Palafin|0 fnt\n|faint|p2a: Palafin\n|\n|win|benjitulio\n|raw|benjitulio's rating: 1110 &rarr; <strong>1130</strong><br />(+20 for winning)\n|raw|DrasilJed's rating: 1040 &rarr; <strong>1027</strong><br />(-13 for losing)\n",
  "uploadtime": 1776720486,
  "views": 6,
  "formatid": "gen9championsvgc2026regma",
  "rating": 1027,
  "private": 0,
  "password": null
}