{
  "id": "gen9championsvgc2026regma-2585946771",
  "format": "[Gen 9 Champions] VGC 2026 Reg M-A",
  "players": [
    "superboy245",
    "tuyguiyghkl"
  ],
  "log": "|j|\u2606superboy245\n|j|\u2606tuyguiyghkl\n|t:|1776384009\n|gametype|doubles\n|player|p1|superboy245|buck|1277\n|player|p2|tuyguiyghkl|265|1206\n|gen|9\n|tier|[Gen 9 Champions] VGC 2026 Reg M-A\n|rated|\n|rule|Species Clause: Limit one of each Pok\u00e9mon\n|rule|Item Clause: Limit 1 of each item\n|clearpoke\n|poke|p1|Glimmora, L50, F|\n|poke|p1|Chesnaught, L50, M|\n|poke|p1|Alakazam, L50, M|\n|poke|p1|Noivern, L50, M|\n|poke|p1|Cofagrigus, L50, M|\n|poke|p1|Heliolisk, L50, M|\n|poke|p2|Floette-Eternal, L50, F|\n|poke|p2|Tyranitar, L50, M|\n|poke|p2|Excadrill, L50, F|\n|poke|p2|Incineroar, L50, M|\n|poke|p2|Sinistcha-Masterpiece, L50|\n|poke|p2|Corviknight, L50, M|\n|teampreview|4\n|inactive|Battle timer is ON: inactive players will automatically lose when time's up. (requested by tuyguiyghkl)\nsuperboy245 rejected open team sheets.\n|inactive|superboy245 has 60 seconds left.\n|\n|t:|1776384058\n|teamsize|p1|4\n|teamsize|p2|4\n|start\n|switch|p1a: Chesnaught|Chesnaught, L50, M|100/100\n|switch|p1b: Cofagrigus|Cofagrigus, L50, M|100/100\n|switch|p2a: Destoroyah|Tyranitar, L50, M, shiny|100/100\n|switch|p2b: Sassadrill|Excadrill, L50, F, shiny|100/100\n|-weather|Sandstorm|[from] ability: Sand Stream|[of] p2a: Destoroyah\n|turn|1\n|\n|t:|1776384076\n|detailschange|p1a: Chesnaught|Chesnaught-Mega, L50, M\n|-mega|p1a: Chesnaught|Chesnaught|Chesnaughtite\n|move|p1a: Chesnaught|Spiky Shield|p1a: Chesnaught\n|-singleturn|p1a: Chesnaught|move: Protect\n|move|p2b: Sassadrill|Rock Slide|p1b: Cofagrigus|[spread] p1b\n|-activate|p1a: Chesnaught|move: Protect\n|-damage|p1b: Cofagrigus|84/100\n|move|p2a: Destoroyah|Knock Off|p1b: Cofagrigus\n|-supereffective|p1b: Cofagrigus|1\n|-damage|p1b: Cofagrigus|4/100\n|-activate|p1b: Cofagrigus|ability: Mummy|p2a: Destoroyah|[ability] Sand Stream\n|-enditem|p1b: Cofagrigus|Leftovers|[from] move: Knock Off|[of] p2a: Destoroyah\n|move|p1b: Cofagrigus|Trick Room|p1b: Cofagrigus\n|-fieldstart|move: Trick Room|[of] p1b: Cofagrigus\n|\n|-weather|Sandstorm|[upkeep]\n|-damage|p1b: Cofagrigus|0 fnt|[from] Sandstorm\n|-damage|p1a: Chesnaught|94/100|[from] Sandstorm\n|faint|p1b: Cofagrigus\n|upkeep\n|\n|t:|1776384100\n|switch|p1b: Glimmora|Glimmora, L50, F|100/100\n|turn|2\n|\n|t:|1776384113\n|switch|p2a: Phan-Tea|Sinistcha-Masterpiece, L50|100/100\n|move|p1b: Glimmora|Spiky Shield|p1b: Glimmora\n|-singleturn|p1b: Glimmora|move: Protect\n|move|p1a: Chesnaught|Body Press|p2a: Phan-Tea\n|-immune|p2a: Phan-Tea\n|move|p2b: Sassadrill|High Horsepower|p1b: Glimmora\n|-activate|p1b: Glimmora|move: Protect\n|-damage|p2b: Sassadrill|88/100|[from] Spiky Shield|[of] p1b: Glimmora\n|\n|-weather|Sandstorm|[upkeep]\n|-damage|p1a: Chesnaught|88/100|[from] Sandstorm\n|-damage|p2a: Phan-Tea|95/100|[from] Sandstorm\n|upkeep\n|turn|3\n|\n|t:|1776384136\n|move|p2a: Phan-Tea|Rage Powder|p2a: Phan-Tea\n|-singleturn|p2a: Phan-Tea|move: Rage Powder\n|move|p1a: Chesnaught|Body Press|p2b: Sassadrill\n|-supereffective|p2b: Sassadrill|1\n|-damage|p2b: Sassadrill|0 fnt\n|faint|p2b: Sassadrill\n|move|p1b: Glimmora|Power Gem|p2a: Phan-Tea\n|-damage|p2a: Phan-Tea|49/100\n|-enditem|p2a: Phan-Tea|Sitrus Berry|[eat]\n|-heal|p2a: Phan-Tea|74/100|[from] item: Sitrus Berry\n|\n|-weather|Sandstorm|[upkeep]\n|-damage|p1a: Chesnaught|82/100|[from] Sandstorm\n|-damage|p2a: Phan-Tea|69/100|[from] Sandstorm\n|upkeep\n|\n|t:|1776384143\n|switch|p2b: Persephone|Floette-Eternal, L50, F|100/100\n|turn|4\n|\n|t:|1776384160\n|detailschange|p2b: Persephone|Floette-Mega, L50, F\n|-mega|p2b: Persephone|Floette|Floettite\n|-ability|p2b: Persephone|Fairy Aura\n|move|p1a: Chesnaught|Spiky Shield|p1a: Chesnaught\n|-singleturn|p1a: Chesnaught|move: Protect\n|move|p2b: Persephone|Protect|p2b: Persephone\n|-singleturn|p2b: Persephone|Protect\n|move|p2a: Phan-Tea|Matcha Gotcha|p1b: Glimmora|[spread] p1b\n|-activate|p1a: Chesnaught|move: Protect\n|-damage|p1b: Glimmora|80/100\n|-heal|p2a: Phan-Tea|78/100|[from] drain|[of] p1b: Glimmora\n|-status|p1b: Glimmora|brn\n|move|p1b: Glimmora|Sludge Wave|p2a: Phan-Tea|[spread] p2a\n|-activate|p1a: Chesnaught|move: Protect\n|-activate|p2b: Persephone|move: Protect\n|-damage|p2a: Phan-Tea|38/100\n|\n|-weather|Sandstorm|[upkeep]\n|-damage|p1a: Chesnaught|76/100|[from] Sandstorm\n|-damage|p2a: Phan-Tea|32/100|[from] Sandstorm\n|-damage|p2b: Persephone|94/100|[from] Sandstorm\n|-damage|p1b: Glimmora|74/100 brn|[from] brn\n|upkeep\n|turn|5\n|inactive|superboy245 has 30 seconds left.\n|\n|t:|1776384188\n|move|p1a: Chesnaught|Wide Guard|p1a: Chesnaught\n|-singleturn|p1a: Chesnaught|Wide Guard\n|move|p2a: Phan-Tea|Matcha Gotcha|p1b: Glimmora|[spread] \n|-activate|p1a: Chesnaught|move: Wide Guard\n|-activate|p1b: Glimmora|move: Wide Guard\n|move|p2b: Persephone|Dazzling Gleam|p1a: Chesnaught|[spread] \n|-activate|p1a: Chesnaught|move: Wide Guard\n|-activate|p1b: Glimmora|move: Wide Guard\n|move|p1b: Glimmora|Sludge Wave|p2a: Phan-Tea|[spread] p2a,p2b\n|-activate|p1a: Chesnaught|move: Wide Guard\n|-supereffective|p2b: Persephone|1\n|-damage|p2a: Phan-Tea|0 fnt\n|-damage|p2b: Persephone|40/100\n|faint|p2a: Phan-Tea\n|\n|-weather|none\n|-damage|p1b: Glimmora|67/100 brn|[from] brn\n|-fieldend|move: Trick Room\n|upkeep\n|\n|t:|1776384192\n|switch|p2a: Destoroyah|Tyranitar, L50, M, shiny|100/100\n|-weather|Sandstorm|[from] ability: Sand Stream|[of] p2a: Destoroyah\n|turn|6\n|\n|t:|1776384203\n|move|p1b: Glimmora|Spiky Shield|p1b: Glimmora\n|-singleturn|p1b: Glimmora|move: Protect\n|move|p2b: Persephone|Protect|p2b: Persephone\n|-singleturn|p2b: Persephone|Protect\n|move|p1a: Chesnaught|Spiky Shield||[still]\n|-fail|p1a: Chesnaught\n|move|p2a: Destoroyah|Knock Off|p1b: Glimmora\n|-activate|p1b: Glimmora|move: Protect\n|-damage|p2a: Destoroyah|88/100|[from] Spiky Shield|[of] p1b: Glimmora\n|\n|-weather|Sandstorm|[upkeep]\n|-damage|p2b: Persephone|34/100|[from] Sandstorm\n|-damage|p1a: Chesnaught|70/100|[from] Sandstorm\n|-damage|p1b: Glimmora|61/100 brn|[from] brn\n|upkeep\n|turn|7\n|\n|t:|1776384223\n|switch|p1a: Noivern|Noivern, L50, M|100/100\n|move|p1b: Glimmora|Sludge Wave|p2a: Destoroyah|[spread] p2a,p2b\n|-activate|p1a: Noivern|ability: Telepathy\n|-resisted|p2a: Destoroyah|1\n|-supereffective|p2b: Persephone|1\n|-damage|p2a: Destoroyah|77/100\n|-damage|p2b: Persephone|0 fnt\n|faint|p2b: Persephone\n|move|p2a: Destoroyah|Knock Off|p1b: Glimmora\n|-damage|p1b: Glimmora|18/100 brn\n|-activate|p1b: Glimmora|ability: Toxic Debris\n|-sidestart|p2: tuyguiyghkl|move: Toxic Spikes\n|\n|-weather|Sandstorm|[upkeep]\n|-damage|p1a: Noivern|94/100|[from] Sandstorm\n|-damage|p1b: Glimmora|12/100 brn|[from] brn\n|upkeep\n|turn|8\n|-message|tuyguiyghkl forfeited.\n|\n|win|superboy245\n|raw|superboy245's rating: 1277 &rarr; <strong>1297</strong><br />(+20 for winning)\n|raw|tuyguiyghkl's rating: 1206 &rarr; <strong>1186</strong><br />(-20 for losing)\n|l|\u2606tuyguiyghkl\n|player|p2|\n",
  "uploadtime": 1776384239,
  "views": 20,
  "formatid": "gen9championsvgc2026regma",
  "rating": 1186,
  "private": 0,
  "password": null
}