{
  "id": "gen9championsvgc2026regma-2587321627",
  "format": "[Gen 9 Champions] VGC 2026 Reg M-A",
  "players": [
    "AiOPedrito",
    "wapin"
  ],
  "log": "|j|\u2606AiOPedrito\n|j|\u2606wapin\n|t:|1776521825\n|gametype|doubles\n|player|p1|AiOPedrito|jacq|1213\n|player|p2|wapin|aromalady|1231\n|gen|9\n|tier|[Gen 9 Champions] VGC 2026 Reg M-A\n|rated|\n|rule|Species Clause: Limit one of each Pok\u00e9mon\n|rule|Item Clause: Limit 1 of each item\n|clearpoke\n|poke|p1|Gengar, L50, F|\n|poke|p1|Incineroar, L50, F|\n|poke|p1|Politoed, L50, F|\n|poke|p1|Ninetales-Alola, L50, M|\n|poke|p1|Palafin, L50, M|\n|poke|p1|Volcarona, L50, M|\n|poke|p2|Garchomp, L50, F|\n|poke|p2|Charizard, L50, M|\n|poke|p2|Orthworm, L50, M|\n|poke|p2|Torterra, L50, M|\n|poke|p2|Pinsir, L50, F|\n|poke|p2|Rotom-Heat, L50|\n|teampreview|4\n|inactive|Battle timer is ON: inactive players will automatically lose when time's up. (requested by wapin)\n|c|\u2606wapin|gl hf\n|inactive|AiOPedrito has 60 seconds left.\nwapin rejected open team sheets.\n|c|\u2606AiOPedrito|hf\n|\n|t:|1776521884\n|teamsize|p1|4\n|teamsize|p2|4\n|start\n|switch|p1a: Gengar|Gengar, L50, F|100/100\n|switch|p1b: Palafin|Palafin, L50, M|100/100\n|switch|p2a: Orthworm|Orthworm, L50, M|100/100\n|switch|p2b: Charizard|Charizard, L50, M|100/100\n|turn|1\n|\n|t:|1776521903\n|detailschange|p1a: Gengar|Gengar-Mega, L50, F\n|-mega|p1a: Gengar|Gengar|Gengarite\n|detailschange|p2b: Charizard|Charizard-Mega-Y, L50, M\n|-mega|p2b: Charizard|Charizard|Charizardite Y\n|-weather|SunnyDay|[from] ability: Drought|[of] p2b: Charizard\n|move|p1b: Palafin|Flip Turn|p2b: Charizard\n|-supereffective|p2b: Charizard|1\n|-damage|p2b: Charizard|70/100\n|\n|t:|1776521909\n|detailschange|p1b: Palafin|Palafin-Hero, L50, M\n|switch|p1b: Politoed|Politoed, L50, F|100/100|[from] Flip Turn\n|-weather|RainDance|[from] ability: Drizzle|[of] p1b: Politoed\n|move|p1a: Gengar|Substitute|p1a: Gengar\n|-start|p1a: Gengar|Substitute\n|-damage|p1a: Gengar|76/100\n|move|p2b: Charizard|Solar Beam||[still]\n|-prepare|p2b: Charizard|Solar Beam\n|move|p2a: Orthworm|Shed Tail|p2a: Orthworm\n|-start|p2a: Orthworm|Substitute|[from] move: Shed Tail\n|-damage|p2a: Orthworm|50/100\n|-enditem|p2a: Orthworm|Sitrus Berry|[eat]\n|-heal|p2a: Orthworm|75/100|[from] item: Sitrus Berry\n|\n|t:|1776521921\n|switch|p2a: Rotom|Rotom-Heat, L50|100/100|[from] Shed Tail\n|\n|-weather|RainDance|[upkeep]\n|upkeep\n|turn|2\n|\n|t:|1776521934\n|move|p1a: Gengar|Shadow Ball|p2b: Charizard\n|-damage|p2b: Charizard|13/100\n|move|p2b: Charizard|Solar Beam|p1b: Politoed|[from] lockedmove\n|-supereffective|p1b: Politoed|1\n|-damage|p1b: Politoed|67/100\n|move|p2a: Rotom|Light Screen|p2a: Rotom\n|-sidestart|p2: wapin|move: Light Screen\n|move|p1b: Politoed|Weather Ball|p2a: Rotom\n|-supereffective|p2a: Rotom|1\n|-end|p2a: Rotom|Substitute\n|\n|-weather|RainDance|[upkeep]\n|-heal|p1b: Politoed|73/100|[from] item: Leftovers\n|upkeep\n|turn|3\n|inactive|AiOPedrito has 30 seconds left.\n|\n|t:|1776521966\n|move|p2b: Charizard|Protect|p2b: Charizard\n|-singleturn|p2b: Charizard|Protect\n|move|p1a: Gengar|Shadow Ball|p2b: Charizard\n|-activate|p2b: Charizard|move: Protect\n|move|p2a: Rotom|Discharge|p1b: Politoed|[spread] p1a,p1b\n|-activate|p2b: Charizard|move: Protect\n|-end|p1a: Gengar|Substitute\n|-supereffective|p1b: Politoed|1\n|-damage|p1b: Politoed|39/100\n|-status|p1b: Politoed|par\n|move|p1b: Politoed|Weather Ball|p2a: Rotom\n|-supereffective|p2a: Rotom|1\n|-crit|p2a: Rotom\n|-damage|p2a: Rotom|0 fnt\n|faint|p2a: Rotom\n|\n|-weather|RainDance|[upkeep]\n|-heal|p1b: Politoed|45/100 par|[from] item: Leftovers\n|upkeep\n|\n|t:|1776521980\n|switch|p2a: Garchomp|Garchomp, L50, F|100/100\n|turn|4\n|\n|t:|1776522002\n|move|p1a: Gengar|Protect|p1a: Gengar\n|-singleturn|p1a: Gengar|Protect\n|move|p1b: Politoed|Protect|p1b: Politoed\n|-singleturn|p1b: Politoed|Protect\n|move|p2a: Garchomp|Earthquake|p1a: Gengar|[spread] \n|-activate|p1a: Gengar|move: Protect\n|-activate|p1b: Politoed|move: Protect\n|-immune|p2b: Charizard\n|move|p2b: Charizard|Air Slash|p1a: Gengar\n|-activate|p1a: Gengar|move: Protect\n|\n|-weather|RainDance|[upkeep]\n|-heal|p1b: Politoed|51/100 par|[from] item: Leftovers\n|upkeep\n|turn|5\n|\n|t:|1776522022\n|switch|p1a: Incineroar|Incineroar, L50, F|100/100\n|-ability|p1a: Incineroar|Intimidate|boost\n|-unboost|p2a: Garchomp|atk|1\n|-unboost|p2b: Charizard|atk|1\n|move|p2b: Charizard|Protect|p2b: Charizard\n|-singleturn|p2b: Charizard|Protect\n|move|p2a: Garchomp|Earthquake|p1a: Incineroar|[spread] p1a,p1b\n|-activate|p2b: Charizard|move: Protect\n|-supereffective|p1a: Incineroar|1\n|-damage|p1a: Incineroar|61/100\n|-damage|p1b: Politoed|20/100 par\n|move|p1b: Politoed|Weather Ball|p2b: Charizard\n|-activate|p2b: Charizard|move: Protect\n|\n|-weather|none\n|-heal|p1b: Politoed|26/100 par|[from] item: Leftovers\n|upkeep\n|turn|6\n|\n|t:|1776522047\n|switch|p2b: Orthworm|Orthworm, L50, M|75/100\n|switch|p1b: Palafin|Palafin-Hero, L50, M|100/100\n|-activate|p1b: Palafin|ability: Zero to Hero\n|move|p1a: Incineroar|Fake Out|p2b: Orthworm\n|-resisted|p2b: Orthworm|1\n|-damage|p2b: Orthworm|71/100\n|move|p2a: Garchomp|Earthquake|p1a: Incineroar|[spread] p1a,p1b\n|-heal|p2b: Orthworm|96/100|[from] ability: Earth Eater|[of] p2a: Garchomp\n|-supereffective|p1a: Incineroar|1\n|-damage|p1a: Incineroar|16/100\n|-damage|p1b: Palafin|69/100\n|-enditem|p1a: Incineroar|Sitrus Berry|[eat]\n|-heal|p1a: Incineroar|41/100|[from] item: Sitrus Berry\n|\n|-sideend|p2: wapin|move: Light Screen\n|upkeep\n|turn|7\n|\n|t:|1776522070\n|move|p2a: Garchomp|Earthquake|p1a: Incineroar|[spread] p1a,p1b\n|-heal|p2b: Orthworm|100/100|[from] ability: Earth Eater|[of] p2a: Garchomp\n|-supereffective|p1a: Incineroar|1\n|-damage|p1a: Incineroar|1/100\n|-damage|p1b: Palafin|38/100\n|move|p1b: Palafin|Ice Punch|p2a: Garchomp\n|-supereffective|p2a: Garchomp|2\n|-damage|p2a: Garchomp|0 fnt\n|-damage|p1b: Palafin|26/100|[from] ability: Rough Skin|[of] p2a: Garchomp\n|faint|p2a: Garchomp\n|move|p2b: Orthworm|Shed Tail|p2b: Orthworm\n|-start|p2b: Orthworm|Substitute|[from] move: Shed Tail\n|-damage|p2b: Orthworm|50/100\n|\n|t:|1776522077\n|switch|p2b: Charizard|Charizard-Mega-Y, L50, M|13/100|[from] Shed Tail\n|-weather|SunnyDay|[from] ability: Drought|[of] p2b: Charizard\n|move|p1a: Incineroar|Parting Shot|p2b: Charizard\n|-unboost|p2b: Charizard|atk|1\n|-unboost|p2b: Charizard|spa|1\n|\n|t:|1776522087\n|switch|p1a: Politoed|Politoed, L50, F|26/100 par|[from] Parting Shot\n|-weather|RainDance|[from] ability: Drizzle|[of] p1a: Politoed\n|\n|-weather|RainDance|[upkeep]\n|-heal|p1a: Politoed|32/100 par|[from] item: Leftovers\n|upkeep\n|\n|t:|1776522089\n|switch|p2a: Orthworm|Orthworm, L50, M|50/100\n|turn|8\n|\n|t:|1776522097\n|switch|p1b: Incineroar|Incineroar, L50, F|1/100\n|-ability|p1b: Incineroar|Intimidate|boost\n|-unboost|p2a: Orthworm|atk|1\n|-immune|p2b: Charizard\n|move|p1a: Politoed|Protect|p1a: Politoed\n|-singleturn|p1a: Politoed|Protect\n|move|p2b: Charizard|Air Slash|p1a: Politoed\n|-activate|p1a: Politoed|move: Protect\n|move|p2a: Orthworm|Body Press|p1b: Incineroar\n|-supereffective|p1b: Incineroar|1\n|-damage|p1b: Incineroar|0 fnt\n|faint|p1b: Incineroar\n|\n|-weather|RainDance|[upkeep]\n|-heal|p1a: Politoed|39/100 par|[from] item: Leftovers\n|upkeep\n|inactive|AiOPedrito has 30 seconds left.\n|\n|t:|1776522122\n|switch|p1b: Gengar|Gengar-Mega, L50, F|76/100\n|turn|9\n|\n|t:|1776522139\n|move|p1b: Gengar|Shadow Ball|p2a: Orthworm\n|-damage|p2a: Orthworm|0 fnt\n|faint|p2a: Orthworm\n|move|p2b: Charizard|Air Slash|p1b: Gengar\n|-damage|p1b: Gengar|36/100\n|move|p1a: Politoed|Weather Ball|p2b: Charizard\n|-supereffective|p2b: Charizard|1\n|-crit|p2b: Charizard\n|-end|p2b: Charizard|Substitute\n|\n|-weather|RainDance|[upkeep]\n|-heal|p1a: Politoed|45/100 par|[from] item: Leftovers\n|upkeep\n|turn|10\n|\n|t:|1776522149\n|move|p1b: Gengar|Shadow Ball|p2b: Charizard\n|-crit|p2b: Charizard\n|-damage|p2b: Charizard|0 fnt\n|faint|p2b: Charizard\n|\n|win|AiOPedrito\n|raw|AiOPedrito's rating: 1213 &rarr; <strong>1239</strong><br />(+26 for winning)\n|raw|wapin's rating: 1231 &rarr; <strong>1205</strong><br />(-26 for losing)\n|c|\u2606AiOPedrito|gg\n",
  "uploadtime": 1776522157,
  "views": 25,
  "formatid": "gen9championsvgc2026regma",
  "rating": 1205,
  "private": 0,
  "password": null
}