{
  "id": "gen9championsvgc2026regma-2581095001",
  "format": "[Gen 9 Champions] VGC 2026 Reg M-A",
  "players": [
    "NoxxinVGC",
    "reymidas23"
  ],
  "log": "|j|\u2606NoxxinVGC\n|j|\u2606reymidas23\n|t:|1775959359\n|gametype|doubles\n|player|p1|NoxxinVGC|giovanni|1139\n|player|p2|reymidas23|101|1095\n|gen|9\n|tier|[Gen 9 Champions] VGC 2026 Reg M-A\n|rated|\n|rule|Species Clause: Limit one of each Pok\u00e9mon\n|rule|Item Clause: Limit 1 of each item\n|clearpoke\n|poke|p1|Delphox, L50, M|\n|poke|p1|Basculegion, L50, M|\n|poke|p1|Clefable, L50, F|\n|poke|p1|Kingambit, L50, M|\n|poke|p1|Dragonite, L50, M|\n|poke|p1|Sneasler, L50, M|\n|poke|p2|Arcanine, L50, M|\n|poke|p2|Rotom-Wash, L50|\n|poke|p2|Garchomp, L50, M|\n|poke|p2|Gardevoir, L50, M|\n|poke|p2|Sinistcha, L50|\n|poke|p2|Tyranitar, L50, M|\n|teampreview|4\n|inactive|Battle timer is ON: inactive players will automatically lose when time's up. (requested by NoxxinVGC)\nNoxxinVGC rejected open team sheets.\n|inactive|NoxxinVGC has 60 seconds left.\n|\n|t:|1775959396\n|teamsize|p1|4\n|teamsize|p2|4\n|start\n|switch|p1a: Delphox|Delphox, L50, M|100/100\n|switch|p1b: Basculegion|Basculegion, L50, M|100/100\n|switch|p2a: Garchomp|Garchomp, L50, M|100/100\n|switch|p2b: Tyranitar|Tyranitar, L50, M|100/100\n|-weather|Sandstorm|[from] ability: Sand Stream|[of] p2b: Tyranitar\n|turn|1\n|inactive|reymidas23 has 30 seconds left.\n|\n|t:|1775959422\n|move|p1a: Delphox|Protect|p1a: Delphox\n|-singleturn|p1a: Delphox|Protect\n|move|p1b: Basculegion|Wave Crash|p2b: Tyranitar\n|-supereffective|p2b: Tyranitar|1\n|-damage|p2b: Tyranitar|0 fnt\n|faint|p2b: Tyranitar\n|-damage|p1b: Basculegion|66/100|[from] Recoil\n|move|p2a: Garchomp|Stone Edge|p1a: Delphox\n|-activate|p1a: Delphox|move: Protect\n|\n|-weather|Sandstorm|[upkeep]\n|-damage|p1b: Basculegion|59/100|[from] Sandstorm\n|-damage|p1a: Delphox|94/100|[from] Sandstorm\n|upkeep\n|\n|t:|1775959435\n|switch|p2b: Gardevoir|Gardevoir, L50, M|100/100\n|turn|2\n|inactive|NoxxinVGC has 30 seconds left.\n|\n|t:|1775959464\n|detailschange|p1a: Delphox|Delphox-Mega, L50, M\n|-mega|p1a: Delphox|Delphox|Delphoxite\n|detailschange|p2b: Gardevoir|Gardevoir-Mega, L50, M\n|-mega|p2b: Gardevoir|Gardevoir|Gardevoirite\n|move|p2b: Gardevoir|Protect|p2b: Gardevoir\n|-singleturn|p2b: Gardevoir|Protect\n|move|p1a: Delphox|Substitute|p1a: Delphox\n|-start|p1a: Delphox|Substitute\n|-damage|p1a: Delphox|70/100\n|move|p1b: Basculegion|Wave Crash|p2a: Garchomp\n|-damage|p2a: Garchomp|15/100\n|-damage|p1b: Basculegion|47/100|[from] ability: Rough Skin|[of] p2a: Garchomp\n|-damage|p1b: Basculegion|20/100|[from] Recoil\n|move|p2a: Garchomp|Stone Edge|p1a: Delphox\n|-supereffective|p1a: Delphox|1\n|-end|p1a: Delphox|Substitute\n|\n|-weather|Sandstorm|[upkeep]\n|-damage|p1a: Delphox|64/100|[from] Sandstorm\n|-damage|p1b: Basculegion|14/100|[from] Sandstorm\n|-damage|p2b: Gardevoir|95/100|[from] Sandstorm\n|upkeep\n|turn|3\n|inactive|NoxxinVGC has 30 seconds left.\n|\n|t:|1775959490\n|move|p2a: Garchomp|Protect|p2a: Garchomp\n|-singleturn|p2a: Garchomp|Protect\n|move|p1a: Delphox|Heat Wave|p2b: Gardevoir|[spread] \n|-activate|p2a: Garchomp|move: Protect\n|-miss|p1a: Delphox|p2b: Gardevoir\n|move|p1b: Basculegion|Wave Crash|p2b: Gardevoir\n|-crit|p2b: Gardevoir\n|-damage|p2b: Gardevoir|0 fnt\n|faint|p2b: Gardevoir\n|-damage|p1b: Basculegion|0 fnt|[from] Recoil\n|faint|p1b: Basculegion\n|\n|-weather|Sandstorm|[upkeep]\n|-damage|p1a: Delphox|58/100|[from] Sandstorm\n|upkeep\n|\n|t:|1775959510\n|switch|p1b: Sneasler|Sneasler, L50, M|100/100\n|switch|p2b: Sinistcha|Sinistcha, L50|100/100\n|-heal|p2a: Garchomp|40/100|[from] ability: Hospitality|[of] p2b: Sinistcha\n|turn|4\n|\n|t:|1775959525\n|move|p1a: Delphox|Psychic|p2a: Garchomp\n|-damage|p2a: Garchomp|0 fnt\n|faint|p2a: Garchomp\n|move|p1b: Sneasler|Dire Claw|p2b: Sinistcha\n|-damage|p2b: Sinistcha|67/100\n|move|p2b: Sinistcha|Matcha Gotcha|p1a: Delphox|[spread] p1b\n|-miss|p2b: Sinistcha|p1a: Delphox\n|-resisted|p1b: Sneasler|1\n|-damage|p1b: Sneasler|84/100\n|-heal|p2b: Sinistcha|74/100|[from] drain|[of] p1b: Sneasler\n|\n|-weather|Sandstorm|[upkeep]\n|-damage|p1a: Delphox|52/100|[from] Sandstorm\n|-damage|p1b: Sneasler|79/100|[from] Sandstorm\n|-damage|p2b: Sinistcha|68/100|[from] Sandstorm\n|upkeep\n|turn|5\n|-message|reymidas23 forfeited.\n|\n|win|NoxxinVGC\n|raw|NoxxinVGC's rating: 1139 &rarr; <strong>1161</strong><br />(+22 for winning)\n|raw|reymidas23's rating: 1095 &rarr; <strong>1074</strong><br />(-21 for losing)\n",
  "uploadtime": 1775959529,
  "views": 9,
  "formatid": "gen9championsvgc2026regma",
  "rating": 1074,
  "private": 0,
  "password": null
}