{
  "id": "gen9championsvgc2026regma-2587010561",
  "format": "[Gen 9 Champions] VGC 2026 Reg M-A",
  "players": [
    "Cabra Leso",
    "mrguy888"
  ],
  "log": "|j|\u2606Cabra Leso\n|j|\u2606mrguy888\n|t:|1776480938\n|gametype|doubles\n|player|p1|Cabra Leso|elm|1181\n|player|p2|mrguy888|noland-gen3|1264\n|gen|9\n|tier|[Gen 9 Champions] VGC 2026 Reg M-A\n|rated|\n|rule|Species Clause: Limit one of each Pok\u00e9mon\n|rule|Item Clause: Limit 1 of each item\n|clearpoke\n|poke|p1|Torkoal, L50, F|\n|poke|p1|Sinistcha, L50|\n|poke|p1|Houndoom, L50, M|\n|poke|p1|Scovillain, L50, M|\n|poke|p1|Clefable, L50, M|\n|poke|p1|Dragapult, L50, M|\n|poke|p2|Floette-Eternal, L50, F|\n|poke|p2|Aerodactyl, L50, M|\n|poke|p2|Tauros-Paldea-Aqua, L50, M|\n|poke|p2|Kangaskhan, L50, F|\n|poke|p2|Rotom-Heat, L50|\n|poke|p2|Aegislash, L50, F|\n|teampreview|4\n|inactive|Battle timer is ON: inactive players will automatically lose when time's up. (requested by mrguy888)\n|inactive|mrguy888 has 60 seconds left.\n|\n|t:|1776480994\n|teamsize|p1|4\n|teamsize|p2|4\n|start\n|switch|p1a: Clefable|Clefable, L50, M|100/100\n|switch|p1b: Sinistcha|Sinistcha, L50|100/100\n|switch|p2a: Aerodactyl|Aerodactyl, L50, M|100/100\n|switch|p2b: Rotom|Rotom-Heat, L50|100/100\n|-ability|p2a: Aerodactyl|Unnerve\n|turn|1\n|inactive|mrguy888 has 30 seconds left.\n|\n|t:|1776481023\n|move|p2b: Rotom|Volt Switch|p1a: Clefable\n|-damage|p1a: Clefable|75/100\n|\n|t:|1776481026\n|switch|p2b: Floette|Floette-Eternal, L50, F|100/100|[from] Volt Switch\n|move|p2a: Aerodactyl|Dual Wingbeat|p1b: Sinistcha\n|-supereffective|p1b: Sinistcha|1\n|-damage|p1b: Sinistcha|69/100\n|-supereffective|p1b: Sinistcha|1\n|-damage|p1b: Sinistcha|34/100\n|-hitcount|p1b: Sinistcha|2\n|move|p1a: Clefable|Calm Mind|p1a: Clefable\n|-boost|p1a: Clefable|spa|1\n|-boost|p1a: Clefable|spd|1\n|move|p1b: Sinistcha|Trick Room|p1b: Sinistcha\n|-fieldstart|move: Trick Room|[of] p1b: Sinistcha\n|\n|upkeep\n|turn|2\n|inactive|Cabra Leso has 30 seconds left.\n|inactive|mrguy888 has 30 seconds left.\n|inactive|mrguy888 has 20 seconds left.\n|inactive|mrguy888 has 15 seconds left.\n|\n|t:|1776481068\n|detailschange|p1a: Clefable|Clefable-Mega, L50, M\n|-mega|p1a: Clefable|Clefable|Clefablite\n|detailschange|p2b: Floette|Floette-Mega, L50, F\n|-mega|p2b: Floette|Floette|Floettite\n|-ability|p2b: Floette|Fairy Aura\n|move|p1b: Sinistcha|Life Dew|p1b: Sinistcha|[spread] p1a,p1b\n|-heal|p1a: Clefable|100/100\n|-heal|p1b: Sinistcha|59/100\n|move|p1a: Clefable|Moonblast|p2b: Floette\n|-damage|p2b: Floette|27/100\n|move|p2b: Floette|Dazzling Gleam|p1b: Sinistcha|[spread] p1a,p1b\n|-damage|p1a: Clefable|72/100\n|-damage|p1b: Sinistcha|17/100\n|move|p2a: Aerodactyl|Rock Slide|p1b: Sinistcha|[spread] p1a,p1b\n|-supereffective|p1a: Clefable|1\n|-damage|p1a: Clefable|28/100\n|-damage|p1b: Sinistcha|0 fnt\n|faint|p1b: Sinistcha\n|\n|upkeep\n|\n|t:|1776481090\n|switch|p1b: Torkoal|Torkoal, L50, F|100/100\n|-weather|SunnyDay|[from] ability: Drought|[of] p1b: Torkoal\n|turn|3\n|\n|t:|1776481113\n|move|p2b: Floette|Protect|p2b: Floette\n|-singleturn|p2b: Floette|Protect\n|move|p2a: Aerodactyl|Protect|p2a: Aerodactyl\n|-singleturn|p2a: Aerodactyl|Protect\n|move|p1b: Torkoal|Eruption|p2a: Aerodactyl|[spread] \n|-activate|p2a: Aerodactyl|move: Protect\n|-activate|p2b: Floette|move: Protect\n|move|p1a: Clefable|Thunderbolt|p2a: Aerodactyl\n|-activate|p2a: Aerodactyl|move: Protect\n|\n|-weather|SunnyDay|[upkeep]\n|upkeep\n|turn|4\n|\n|t:|1776481135\n|switch|p2a: Rotom|Rotom-Heat, L50|100/100\n|move|p2b: Floette|Protect||[still]\n|-fail|p2b: Floette\n|move|p1b: Torkoal|Eruption|p2a: Rotom|[spread] p2a,p2b\n|-resisted|p2a: Rotom|1\n|-damage|p2a: Rotom|53/100\n|-damage|p2b: Floette|0 fnt\n|faint|p2b: Floette\n|move|p1a: Clefable|Thunderbolt|p2a: Rotom\n|-resisted|p2a: Rotom|1\n|-damage|p2a: Rotom|25/100\n|\n|-weather|SunnyDay|[upkeep]\n|upkeep\n|\n|t:|1776481147\n|switch|p2b: Aerodactyl|Aerodactyl, L50, M|100/100\n|-ability|p2b: Aerodactyl|Unnerve\n|turn|5\n|\n|t:|1776481158\n|move|p2b: Aerodactyl|Protect|p2b: Aerodactyl\n|-singleturn|p2b: Aerodactyl|Protect\n|move|p1b: Torkoal|Eruption|p2a: Rotom|[spread] p2a\n|-activate|p2b: Aerodactyl|move: Protect\n|-resisted|p2a: Rotom|1\n|-damage|p2a: Rotom|0 fnt\n|faint|p2a: Rotom\n|move|p1a: Clefable|Moonblast|p2b: Aerodactyl\n|-activate|p2b: Aerodactyl|move: Protect\n|\n|-weather|SunnyDay|[upkeep]\n|-fieldend|move: Trick Room\n|upkeep\n|\n|t:|1776481163\n|switch|p2a: Tauros|Tauros-Paldea-Aqua, L50, M|100/100\n|-ability|p2a: Tauros|Intimidate|boost\n|-unboost|p1a: Clefable|atk|1\n|-unboost|p1b: Torkoal|atk|1\n|turn|6\n|\n|t:|1776481175\n|move|p1a: Clefable|Protect|p1a: Clefable\n|-singleturn|p1a: Clefable|Protect\n|move|p2b: Aerodactyl|Rock Slide|p1a: Clefable|[spread] p1b\n|-activate|p1a: Clefable|move: Protect\n|-supereffective|p1b: Torkoal|1\n|-damage|p1b: Torkoal|64/100\n|move|p2a: Tauros|Close Combat|p1b: Torkoal\n|-damage|p1b: Torkoal|15/100\n|-unboost|p2a: Tauros|def|1\n|-unboost|p2a: Tauros|spd|1\n|-enditem|p2a: Tauros|White Herb\n|-clearnegativeboost|p2a: Tauros|[silent]\n|move|p1b: Torkoal|Eruption|p2b: Aerodactyl|[spread] p2a,p2b\n|-resisted|p2a: Tauros|1\n|-resisted|p2b: Aerodactyl|1\n|-damage|p2a: Tauros|91/100\n|-damage|p2b: Aerodactyl|92/100\n|\n|-weather|SunnyDay|[upkeep]\n|upkeep\n|turn|7\n|inactive|mrguy888 has 30 seconds left.\n|\n|t:|1776481202\n|move|p2b: Aerodactyl|Rock Slide|p1a: Clefable|[spread] p1a,p1b\n|-supereffective|p1a: Clefable|1\n|-supereffective|p1b: Torkoal|1\n|-damage|p1a: Clefable|0 fnt\n|-damage|p1b: Torkoal|0 fnt\n|faint|p1a: Clefable\n|faint|p1b: Torkoal\n|move|p2a: Tauros|Wave Crash|p1: Clefable|[notarget]\n|-fail|p2a: Tauros\n|\n|-weather|none\n|upkeep\n|\n|t:|1776481206\n|switch|p1b: Scovillain|Scovillain, L50, M|100/100\n|turn|8\n|\n|t:|1776481217\n|move|p2b: Aerodactyl|Rock Slide|p1b: Scovillain\n|-supereffective|p1b: Scovillain|1\n|-enditem|p1b: Scovillain|Focus Sash\n|-damage|p1b: Scovillain|1/100\n|move|p2a: Tauros|Wave Crash|p1b: Scovillain\n|-damage|p1b: Scovillain|0 fnt\n|faint|p1b: Scovillain\n|-damage|p2a: Tauros|90/100|[from] Recoil\n|\n|win|mrguy888\n|raw|Cabra Leso's rating: 1181 &rarr; <strong>1162</strong><br />(-19 for losing)\n|raw|mrguy888's rating: 1264 &rarr; <strong>1283</strong><br />(+19 for winning)\n|l|\u2606Cabra Leso\n|player|p1|\n",
  "uploadtime": 1776481224,
  "views": 15,
  "formatid": "gen9championsvgc2026regma",
  "rating": 1162,
  "private": 0,
  "password": null
}