{
  "id": "gen9championsvgc2026regma-2581642501",
  "format": "[Gen 9 Champions] VGC 2026 Reg M-A",
  "players": [
    "NEONxTOKYO",
    "gabrielling"
  ],
  "log": "|j|\u2606NEONxTOKYO\n|j|\u2606gabrielling\n|t:|1776017376\n|gametype|doubles\n|player|p1|NEONxTOKYO|unknown|1153\n|player|p2|gabrielling|2|1172\n|gen|9\n|tier|[Gen 9 Champions] VGC 2026 Reg M-A\n|rated|\n|rule|Species Clause: Limit one of each Pok\u00e9mon\n|rule|Item Clause: Limit 1 of each item\n|clearpoke\n|poke|p1|Garchomp, L50, M|\n|poke|p1|Tyranitar, L50, M|\n|poke|p1|Excadrill, L50, F|\n|poke|p1|Corviknight, L50, M|\n|poke|p1|Rotom-Wash, L50|\n|poke|p1|Archaludon, L50, F|\n|poke|p2|Hawlucha, L50, F|\n|poke|p2|Meowstic, L50, M|\n|poke|p2|Clefable, L50, M|\n|poke|p2|Camerupt, L50, M|\n|poke|p2|Snorlax, L50, M|\n|poke|p2|Torkoal, L50, M|\n|teampreview|4\n|inactive|Battle timer is ON: inactive players will automatically lose when time's up. (requested by gabrielling)\ngabrielling rejected open team sheets.\n|\n|t:|1776017425\n|teamsize|p1|4\n|teamsize|p2|4\n|start\n|switch|p1a: Tyranitar|Tyranitar, L50, M|100/100\n|switch|p1b: Excadrill|Excadrill, L50, F|100/100\n|switch|p2a: Meowstic|Meowstic, L50, M|100/100\n|switch|p2b: Camerupt|Camerupt, L50, M, shiny|100/100\n|-weather|Sandstorm|[from] ability: Sand Stream|[of] p1a: Tyranitar\n|turn|1\n|inactive|gabrielling has 30 seconds left.\n|\n|t:|1776017451\n|detailschange|p1a: Tyranitar|Tyranitar-Mega, L50, M\n|-mega|p1a: Tyranitar|Tyranitar|Tyranitarite\n|move|p2b: Camerupt|Protect|p2b: Camerupt\n|-singleturn|p2b: Camerupt|Protect\n|move|p1b: Excadrill|High Horsepower|p2b: Camerupt\n|-activate|p2b: Camerupt|move: Protect\n|move|p1a: Tyranitar|Crunch|p2a: Meowstic\n|-supereffective|p2a: Meowstic|1\n|-damage|p2a: Meowstic|0 fnt\n|faint|p2a: Meowstic\n|\n|-weather|Sandstorm|[upkeep]\n|upkeep\n|\n|t:|1776017466\n|switch|p2a: Torkoal|Torkoal, L50, M|100/100\n|-weather|SunnyDay|[from] ability: Drought|[of] p2a: Torkoal\n|turn|2\n|inactive|gabrielling has 30 seconds left.\n|\n|t:|1776017493\n|detailschange|p2b: Camerupt|Camerupt-Mega, L50, M, shiny\n|-mega|p2b: Camerupt|Camerupt|Cameruptite\n|move|p1b: Excadrill|High Horsepower|p2a: Torkoal\n|-supereffective|p2a: Torkoal|1\n|-damage|p2a: Torkoal|19/100\n|move|p1a: Tyranitar|Rock Slide|p2a: Torkoal|[spread] p2a\n|-miss|p1a: Tyranitar|p2b: Camerupt\n|-supereffective|p2a: Torkoal|1\n|-damage|p2a: Torkoal|0 fnt\n|faint|p2a: Torkoal\n|move|p2b: Camerupt|Earth Power|p1a: Tyranitar\n|-supereffective|p1a: Tyranitar|1\n|-damage|p1a: Tyranitar|0 fnt\n|faint|p1a: Tyranitar\n|\n|-weather|SunnyDay|[upkeep]\n|upkeep\n|\n|t:|1776017507\n|switch|p1a: Rotom|Rotom-Wash, L50|100/100\n|switch|p2a: Clefable|Clefable, L50, M|100/100\n|turn|3\n|\n|t:|1776017520\n|move|p2a: Clefable|Follow Me|p2a: Clefable\n|-singleturn|p2a: Clefable|move: Follow Me\n|move|p1b: Excadrill|Iron Head|p2a: Clefable\n|-supereffective|p2a: Clefable|1\n|-damage|p2a: Clefable|26/100\n|move|p1a: Rotom|Hydro Pump|p2a: Clefable\n|-damage|p2a: Clefable|4/100\n|move|p2b: Camerupt|Solar Beam||[still]\n|-prepare|p2b: Camerupt|Solar Beam\n|-anim|p2b: Camerupt|Solar Beam|p1a: Rotom\n|-supereffective|p1a: Rotom|1\n|-damage|p1a: Rotom|0 fnt\n|faint|p1a: Rotom\n|\n|-weather|SunnyDay|[upkeep]\n|-heal|p2a: Clefable|10/100|[from] item: Leftovers\n|upkeep\n|\n|t:|1776017533\n|switch|p1a: Garchomp|Garchomp, L50, M|100/100\n|turn|4\n|inactive|gabrielling has 30 seconds left.\n|\n|t:|1776017564\n|move|p1b: Excadrill|Protect|p1b: Excadrill\n|-singleturn|p1b: Excadrill|Protect\n|move|p2a: Clefable|Follow Me|p2a: Clefable\n|-singleturn|p2a: Clefable|move: Follow Me\n|move|p1a: Garchomp|Earthquake|p2a: Clefable|[spread] p2a,p2b\n|-activate|p1b: Excadrill|move: Protect\n|-supereffective|p2b: Camerupt|1\n|-damage|p2a: Clefable|0 fnt\n|-damage|p2b: Camerupt|8/100\n|faint|p2a: Clefable\n|move|p2b: Camerupt|Earth Power|p1b: Excadrill\n|-activate|p1b: Excadrill|move: Protect\n|\n|-weather|SunnyDay|[upkeep]\n|upkeep\n|turn|5\n|-message|gabrielling forfeited.\n|\n|win|NEONxTOKYO\n|raw|NEONxTOKYO's rating: 1153 &rarr; <strong>1179</strong><br />(+26 for winning)\n|raw|gabrielling's rating: 1172 &rarr; <strong>1146</strong><br />(-26 for losing)\n",
  "uploadtime": 1776017574,
  "views": 17,
  "formatid": "gen9championsvgc2026regma",
  "rating": 1146,
  "private": 0,
  "password": null
}