{
  "id": "gen9championsvgc2026regma-2582364549",
  "format": "[Gen 9 Champions] VGC 2026 Reg M-A",
  "players": [
    "Luh_simoes-04",
    "Niko highway"
  ],
  "log": "|j|\u2606Luh_simoes-04\n|j|\u2606Niko highway\n|t:|1776086639\n|gametype|doubles\n|player|p1|Luh_simoes-04|drayden|1357\n|player|p2|Niko highway|169|1313\n|gen|9\n|tier|[Gen 9 Champions] VGC 2026 Reg M-A\n|rated|\n|rule|Species Clause: Limit one of each Pok\u00e9mon\n|rule|Item Clause: Limit 1 of each item\n|clearpoke\n|poke|p1|Maushold-Four, L50|\n|poke|p1|Kingambit, L50, F|\n|poke|p1|Gardevoir, L50, M|\n|poke|p1|Chandelure, L50, F|\n|poke|p1|Sneasler, L50, F|\n|poke|p1|Corviknight, L50, F|\n|poke|p2|Incineroar, L50, M|\n|poke|p2|Conkeldurr, L50, M|\n|poke|p2|Sinistcha, L50|\n|poke|p2|Cofagrigus, L50, F|\n|poke|p2|Drampa, L50, M|\n|poke|p2|Aggron, L50, M|\n|teampreview|4\n|inactive|Battle timer is ON: inactive players will automatically lose when time's up. (requested by Luh_simoes-04)\n|inactive|Luh_simoes-04 has 60 seconds left.\n|inactive|Niko highway has 60 seconds left.\n|\n|t:|1776086694\n|teamsize|p1|4\n|teamsize|p2|4\n|start\n|switch|p1a: Maushold|Maushold-Four, L50|100/100\n|switch|p1b: Chandelure|Chandelure, L50, F|100/100\n|switch|p2a: Cofagrigus|Cofagrigus, L50, F|100/100\n|switch|p2b: Conkeldurr|Conkeldurr, L50, M|100/100\n|turn|1\n|\n|t:|1776086711\n|switch|p2a: Incineroar|Incineroar, L50, M|100/100\n|-ability|p2a: Incineroar|Intimidate|boost\n|-unboost|p1a: Maushold|atk|1\n|-unboost|p1b: Chandelure|atk|1\n|move|p1b: Chandelure|Protect|p1b: Chandelure\n|-singleturn|p1b: Chandelure|Protect\n|move|p1a: Maushold|Taunt|p2a: Incineroar\n|-start|p2a: Incineroar|move: Taunt\n|move|p2b: Conkeldurr|Knock Off|p1b: Chandelure\n|-activate|p1b: Chandelure|move: Protect\n|\n|upkeep\n|turn|2\n|\n|t:|1776086732\n|move|p1a: Maushold|Follow Me|p1a: Maushold\n|-singleturn|p1a: Maushold|move: Follow Me\n|move|p1b: Chandelure|Heat Wave|p2b: Conkeldurr|[spread] p2a,p2b\n|-resisted|p2a: Incineroar|1\n|-damage|p2a: Incineroar|78/100\n|-damage|p2b: Conkeldurr|50/100\n|move|p2a: Incineroar|Throat Chop|p1a: Maushold\n|-damage|p1a: Maushold|60/100\n|-start|p1a: Maushold|Throat Chop|[silent]\n|move|p2b: Conkeldurr|Knock Off|p1a: Maushold\n|-damage|p1a: Maushold|21/100\n|-enditem|p1a: Maushold|Focus Sash|[from] move: Knock Off|[of] p2b: Conkeldurr\n|\n|upkeep\n|turn|3\n|\n|t:|1776086749\n|move|p1a: Maushold|Follow Me|p1a: Maushold\n|-singleturn|p1a: Maushold|move: Follow Me\n|move|p2b: Conkeldurr|Mach Punch|p1a: Maushold\n|-supereffective|p1a: Maushold|1\n|-damage|p1a: Maushold|0 fnt\n|faint|p1a: Maushold\n|move|p1b: Chandelure|Heat Wave|p2b: Conkeldurr|[spread] p2a,p2b\n|-resisted|p2a: Incineroar|1\n|-damage|p2a: Incineroar|55/100\n|-damage|p2b: Conkeldurr|2/100\n|move|p2a: Incineroar|Throat Chop|p1b: Chandelure\n|-supereffective|p1b: Chandelure|1\n|-enditem|p1b: Chandelure|Colbur Berry|[eat]\n|-enditem|p1b: Chandelure|Colbur Berry|[weaken]\n|-damage|p1b: Chandelure|55/100\n|-start|p1b: Chandelure|Throat Chop|[silent]\n|\n|-end|p2a: Incineroar|move: Taunt\n|upkeep\n|\n|t:|1776086755\n|switch|p1a: Gardevoir|Gardevoir, L50, M|100/100\n|-ability|p1a: Gardevoir|Iron Fist|Trace|[from] ability: Trace|[of] p2b: Conkeldurr\n|turn|4\n|\n|t:|1776086767\n|detailschange|p1a: Gardevoir|Gardevoir-Mega, L50, M\n|-mega|p1a: Gardevoir|Gardevoir|Gardevoirite\n|move|p2b: Conkeldurr|Wide Guard|p2b: Conkeldurr\n|-singleturn|p2b: Conkeldurr|Wide Guard\n|move|p1a: Gardevoir|Hyper Voice|p2a: Incineroar|[spread] \n|-activate|p2a: Incineroar|move: Wide Guard\n|-activate|p2b: Conkeldurr|move: Wide Guard\n|move|p1b: Chandelure|Heat Wave|p2b: Conkeldurr|[spread] \n|-activate|p2a: Incineroar|move: Wide Guard\n|-activate|p2b: Conkeldurr|move: Wide Guard\n|move|p2a: Incineroar|Throat Chop|p1a: Gardevoir\n|-damage|p1a: Gardevoir|47/100\n|-start|p1a: Gardevoir|Throat Chop|[silent]\n|\n|-end|p1b: Chandelure|Throat Chop|[silent]\n|upkeep\n|turn|5\n|inactive|Niko highway has 30 seconds left.\n|inactive|Niko highway has 20 seconds left.\n|\n|t:|1776086804\n|move|p1a: Gardevoir|Protect|p1a: Gardevoir\n|-singleturn|p1a: Gardevoir|Protect\n|move|p2b: Conkeldurr|Wide Guard|p2b: Conkeldurr\n|-singleturn|p2b: Conkeldurr|Wide Guard\n|move|p1b: Chandelure|Shadow Ball|p2b: Conkeldurr\n|-damage|p2b: Conkeldurr|0 fnt\n|faint|p2b: Conkeldurr\n|move|p2a: Incineroar|Flare Blitz|p1a: Gardevoir\n|-activate|p1a: Gardevoir|move: Protect\n|\n|-end|p1a: Gardevoir|Throat Chop|[silent]\n|upkeep\n|\n|t:|1776086824\n|switch|p2b: Aggron|Aggron, L50, M|100/100\n|turn|6\n|\n|t:|1776086838\n|detailschange|p2b: Aggron|Aggron-Mega, L50, M\n|-mega|p2b: Aggron|Aggron|Aggronite\n|move|p2b: Aggron|Protect|p2b: Aggron\n|-singleturn|p2b: Aggron|Protect\n|move|p1a: Gardevoir|Hyper Voice|p2b: Aggron|[spread] p2a\n|-activate|p2b: Aggron|move: Protect\n|-damage|p2a: Incineroar|2/100\n|-enditem|p2a: Incineroar|Sitrus Berry|[eat]\n|-heal|p2a: Incineroar|27/100|[from] item: Sitrus Berry\n|move|p1b: Chandelure|Heat Wave|p2a: Incineroar|[spread] p2a\n|-activate|p2b: Aggron|move: Protect\n|-resisted|p2a: Incineroar|1\n|-damage|p2a: Incineroar|4/100\n|move|p2a: Incineroar|Throat Chop|p1b: Chandelure\n|-supereffective|p1b: Chandelure|1\n|-damage|p1b: Chandelure|0 fnt\n|faint|p1b: Chandelure\n|\n|upkeep\n|\n|t:|1776086851\n|switch|p1b: Kingambit|Kingambit, L50, F|100/100\n|turn|7\n|\n|t:|1776086859\n|move|p1a: Gardevoir|Psychic|p2b: Aggron\n|-resisted|p2b: Aggron|1\n|-damage|p2b: Aggron|70/100\n|move|p2a: Incineroar|Flare Blitz|p1b: Kingambit\n|-supereffective|p1b: Kingambit|1\n|-damage|p1b: Kingambit|4/100\n|-damage|p2a: Incineroar|0 fnt|[from] Recoil\n|faint|p2a: Incineroar\n|move|p2b: Aggron|Heavy Slam|p1a: Gardevoir\n|-supereffective|p1a: Gardevoir|1\n|-damage|p1a: Gardevoir|0 fnt\n|faint|p1a: Gardevoir\n|move|p1b: Kingambit|Kowtow Cleave|p2b: Aggron\n|-damage|p2b: Aggron|41/100\n|\n|upkeep\n|-message|Luh_simoes-04 forfeited.\n|\n|win|Niko highway\n|raw|Luh_simoes-04's rating: 1357 &rarr; <strong>1334</strong><br />(-23 for losing)\n|raw|Niko highway's rating: 1313 &rarr; <strong>1336</strong><br />(+23 for winning)\n|l|\u2606Luh_simoes-04\n|player|p1|\n",
  "uploadtime": 1776086870,
  "views": 45,
  "formatid": "gen9championsvgc2026regma",
  "rating": 1334,
  "private": 0,
  "password": null
}