{
  "id": "gen9championsvgc2026regma-2580969487",
  "format": "[Gen 9 Champions] VGC 2026 Reg M-A",
  "players": [
    "toxicwyvern",
    "Dudeguy47"
  ],
  "log": "|j|\u2606toxicwyvern\n|j|\u2606Dudeguy47\n|t:|1775947683\n|gametype|doubles\n|player|p1|toxicwyvern|169|1005\n|player|p2|Dudeguy47|169|1106\n|gen|9\n|tier|[Gen 9 Champions] VGC 2026 Reg M-A\n|rated|\n|rule|Species Clause: Limit one of each Pok\u00e9mon\n|rule|Item Clause: Limit 1 of each item\n|clearpoke\n|poke|p1|Whimsicott, L50, M|\n|poke|p1|Typhlosion, L50, M|\n|poke|p1|Incineroar, L50, M|\n|poke|p1|Charizard, L50, F|\n|poke|p1|Sinistcha, L50|\n|poke|p1|Farigiraf, L50, F|\n|poke|p2|Excadrill, L50, M|\n|poke|p2|Hydreigon, L50, M|\n|poke|p2|Clefable, L50, M|\n|poke|p2|Armarouge, L50, F|\n|poke|p2|Pelipper, L50, M|\n|poke|p2|Rotom-Wash, L50|\n|teampreview|4\n|inactive|Battle timer is ON: inactive players will automatically lose when time's up. (requested by Dudeguy47)\nDudeguy47 rejected open team sheets.\n|\n|t:|1775947715\n|teamsize|p1|4\n|teamsize|p2|4\n|start\n|switch|p1a: Incineroar|Incineroar, L50, M|100/100\n|switch|p1b: Charizard|Charizard, L50, F|100/100\n|switch|p2a: Pelipilep|Pelipper, L50, M, shiny|100/100\n|switch|p2b: Excacxe|Excadrill, L50, M, shiny|100/100\n|-ability|p2b: Excacxe|Mold Breaker\n|-weather|RainDance|[from] ability: Drizzle|[of] p2a: Pelipilep\n|-ability|p1a: Incineroar|Intimidate|boost\n|-unboost|p2a: Pelipilep|atk|1\n|-unboost|p2b: Excacxe|atk|1\n|turn|1\n|inactive|Dudeguy47 has 30 seconds left.\n|inactive|Dudeguy47 has 20 seconds left.\n|inactive|Dudeguy47 has 15 seconds left.\n|\n|t:|1775947756\n|switch|p2a: Armaramra|Armarouge, L50, F, shiny|100/100\n|detailschange|p1b: Charizard|Charizard-Mega-Y, L50, F\n|-mega|p1b: Charizard|Charizard|Charizardite Y\n|-weather|SunnyDay|[from] ability: Drought|[of] p1b: Charizard\n|move|p2b: Excacxe|Protect|p2b: Excacxe\n|-singleturn|p2b: Excacxe|Protect\n|move|p1b: Charizard|Weather Ball|p2a: Armaramra\n|-resisted|p2a: Armaramra|1\n|-damage|p2a: Armaramra|50/100\n|move|p1a: Incineroar|Flare Blitz|p2b: Excacxe\n|-activate|p2b: Excacxe|move: Protect\n|\n|-weather|SunnyDay|[upkeep]\n|upkeep\n|turn|2\n|inactive|Dudeguy47 has 30 seconds left.\n|\n|t:|1775947781\n|switch|p2a: Pelipilep|Pelipper, L50, M, shiny|100/100\n|-weather|RainDance|[from] ability: Drizzle|[of] p2a: Pelipilep\n|detailschange|p2b: Excacxe|Excadrill-Mega, L50, M, shiny\n|-mega|p2b: Excacxe|Excadrill|Excadrite\n|move|p1b: Charizard|Weather Ball|p2a: Pelipilep\n|-resisted|p2a: Pelipilep|1\n|-damage|p2a: Pelipilep|60/100\n|move|p2b: Excacxe|Rock Slide|p1a: Incineroar|[spread] p1a\n|-miss|p2b: Excacxe|p1b: Charizard\n|-supereffective|p1a: Incineroar|1\n|-damage|p1a: Incineroar|70/100\n|cant|p1a: Incineroar|flinch\n|\n|-weather|RainDance|[upkeep]\n|upkeep\n|turn|3\n|inactive|toxicwyvern has 30 seconds left.\n|inactive|toxicwyvern has 20 seconds left.\n|inactive|toxicwyvern has 15 seconds left.\n|inactive|toxicwyvern has 10 seconds left.\n|\n|t:|1775947829\n|switch|p1b: Whimsicott|Whimsicott, L50, M|100/100\n|move|p2b: Excacxe|Rock Slide|p1a: Incineroar|[spread] p1b\n|-miss|p2b: Excacxe|p1a: Incineroar\n|-damage|p1b: Whimsicott|79/100\n|move|p2a: Pelipilep|Tailwind|p2a: Pelipilep\n|-sidestart|p2: Dudeguy47|move: Tailwind\n|move|p1a: Incineroar|Parting Shot|p2b: Excacxe\n|-unboost|p2b: Excacxe|atk|1\n|-unboost|p2b: Excacxe|spa|1\n|\n|t:|1775947835\n|switch|p1a: Charizard|Charizard-Mega-Y, L50, F|100/100|[from] Parting Shot\n|-weather|SunnyDay|[from] ability: Drought|[of] p1a: Charizard\n|\n|-weather|SunnyDay|[upkeep]\n|upkeep\n|turn|4\n|\n|t:|1775947855\n|switch|p2b: Rotor|Rotom-Wash, L50, shiny|100/100\n|switch|p2a: Armaramra|Armarouge, L50, F, shiny|50/100\n|move|p1a: Charizard|Protect|p1a: Charizard\n|-singleturn|p1a: Charizard|Protect\n|move|p1b: Whimsicott|Moonblast|p2a: Armaramra\n|-resisted|p2a: Armaramra|1\n|-damage|p2a: Armaramra|32/100\n|\n|-weather|SunnyDay|[upkeep]\n|upkeep\n|turn|5\n|\n|t:|1775947871\n|move|p1b: Whimsicott|Tailwind|p1b: Whimsicott\n|-sidestart|p1: toxicwyvern|move: Tailwind\n|move|p1a: Charizard|Weather Ball|p2a: Armaramra\n|-resisted|p2a: Armaramra|1\n|-damage|p2a: Armaramra|0 fnt\n|faint|p2a: Armaramra\n|move|p2b: Rotor|Volt Switch|p1a: Charizard\n|-supereffective|p1a: Charizard|1\n|-damage|p1a: Charizard|31/100\n|\n|t:|1775947880\n|switch|p2b: Pelipilep|Pelipper, L50, M, shiny|60/100|[from] Volt Switch\n|-weather|RainDance|[from] ability: Drizzle|[of] p2b: Pelipilep\n|\n|-weather|RainDance|[upkeep]\n|upkeep\n|\n|t:|1775947887\n|switch|p2a: Rotor|Rotom-Wash, L50, shiny|100/100\n|turn|6\n|\n|t:|1775947900\n|move|p1b: Whimsicott|Sunny Day|p1b: Whimsicott\n|-weather|SunnyDay\n|move|p1a: Charizard|Solar Beam||[still]\n|-prepare|p1a: Charizard|Solar Beam\n|-anim|p1a: Charizard|Solar Beam|p2a: Rotor\n|-supereffective|p2a: Rotor|1\n|-damage|p2a: Rotor|0 fnt\n|faint|p2a: Rotor\n|move|p2b: Pelipilep|Hurricane|p1b: Whimsicott\n|-supereffective|p1b: Whimsicott|1\n|-damage|p1b: Whimsicott|0 fnt\n|faint|p1b: Whimsicott\n|\n|-weather|SunnyDay|[upkeep]\n|-sideend|p2: Dudeguy47|move: Tailwind\n|upkeep\n|\n|t:|1775947911\n|switch|p1b: Typhlosion|Typhlosion, L50, M|100/100\n|switch|p2a: Excacxe|Excadrill-Mega, L50, M, shiny|100/100\n|turn|7\n|\n|t:|1775947926\n|move|p2a: Excacxe|Protect|p2a: Excacxe\n|-singleturn|p2a: Excacxe|Protect\n|move|p1b: Typhlosion|Eruption|p2b: Pelipilep|[spread] p2b\n|-activate|p2a: Excacxe|move: Protect\n|-resisted|p2b: Pelipilep|1\n|-damage|p2b: Pelipilep|0 fnt\n|faint|p2b: Pelipilep\n|move|p1a: Charizard|Weather Ball|p2a: Excacxe\n|-activate|p2a: Excacxe|move: Protect\n|\n|-weather|SunnyDay|[upkeep]\n|upkeep\n|turn|8\n|-message|Dudeguy47 forfeited.\n|\n|win|toxicwyvern\n|raw|toxicwyvern's rating: 1005 &rarr; <strong>1055</strong><br />(+50 for winning)\n|raw|Dudeguy47's rating: 1106 &rarr; <strong>1074</strong><br />(-32 for losing)\n|l|\u2606Dudeguy47\n|player|p2|\n",
  "uploadtime": 1775947934,
  "views": 25,
  "formatid": "gen9championsvgc2026regma",
  "rating": 1055,
  "private": 0,
  "password": null
}