{
  "id": "gen9championsvgc2026regma-2582136915",
  "format": "[Gen 9 Champions] VGC 2026 Reg M-A",
  "players": [
    "sparkyboii200",
    "Rockletz"
  ],
  "log": "|j|\u2606sparkyboii200\n|j|\u2606Rockletz\n|t:|1776062749\n|gametype|doubles\n|player|p1|sparkyboii200|lillie-masters2|1174\n|player|p2|Rockletz|hilda-wonderlauncher|1103\n|gen|9\n|tier|[Gen 9 Champions] VGC 2026 Reg M-A\n|rated|\n|rule|Species Clause: Limit one of each Pok\u00e9mon\n|rule|Item Clause: Limit 1 of each item\n|clearpoke\n|poke|p1|Delphox, L50, F|\n|poke|p1|Incineroar, L50, F|\n|poke|p1|Sylveon, L50, F|\n|poke|p1|Corviknight, L50, F|\n|poke|p1|Whimsicott, L50, M|\n|poke|p1|Ninetales, L50, F|\n|poke|p2|Gengar, L50, M|\n|poke|p2|Incineroar, L50, M|\n|poke|p2|Archaludon, L50, M|\n|poke|p2|Pelipper, L50, M|\n|poke|p2|Sinistcha, L50|\n|poke|p2|Basculegion, L50, M|\n|teampreview|4\n|inactive|Battle timer is ON: inactive players will automatically lose when time's up. (requested by sparkyboii200)\n|c|\u2606sparkyboii200|hf\n|inactive|sparkyboii200 has 60 seconds left.\n|\n|t:|1776062780\n|teamsize|p1|4\n|teamsize|p2|4\n|start\n|switch|p1a: Delphox|Delphox, L50, F|100/100\n|switch|p1b: Ninetales|Ninetales, L50, F|100/100\n|switch|p2a: Gengar|Gengar, L50, M|100/100\n|switch|p2b: Incineroar|Incineroar, L50, M|100/100\n|-weather|SunnyDay|[from] ability: Drought|[of] p1b: Ninetales\n|-ability|p2b: Incineroar|Intimidate|boost\n|-unboost|p1a: Delphox|atk|1\n|-unboost|p1b: Ninetales|atk|1\n|turn|1\n|\n|t:|1776062799\n|detailschange|p2a: Gengar|Gengar-Mega, L50, M\n|-mega|p2a: Gengar|Gengar|Gengarite\n|move|p1a: Delphox|Protect|p1a: Delphox\n|-singleturn|p1a: Delphox|Protect\n|move|p2b: Incineroar|Fake Out|p1a: Delphox\n|-activate|p1a: Delphox|move: Protect\n|move|p2a: Gengar|Perish Song|p2a: Gengar\n|-start|p1a: Delphox|perish3|[silent]\n|-start|p1b: Ninetales|perish3|[silent]\n|-start|p2a: Gengar|perish3|[silent]\n|-start|p2b: Incineroar|perish3|[silent]\n|-fieldactivate|move: Perish Song\n|move|p1b: Ninetales|Heat Wave|p2b: Incineroar|[spread] p2b\n|-miss|p1b: Ninetales|p2a: Gengar\n|-resisted|p2b: Incineroar|1\n|-damage|p2b: Incineroar|85/100\n|\n|-weather|SunnyDay|[upkeep]\n|-start|p2a: Gengar|perish3\n|-start|p1a: Delphox|perish3\n|-start|p1b: Ninetales|perish3\n|-start|p2b: Incineroar|perish3\n|upkeep\n|turn|2\n|inactive|Rockletz has 30 seconds left.\n|inactive|Rockletz has 20 seconds left.\n|inactive|Rockletz has 15 seconds left.\n|\n|t:|1776062840\n|switch|p2a: Pelipper|Pelipper, L50, M|100/100\n|-weather|RainDance|[from] ability: Drizzle|[of] p2a: Pelipper\n|detailschange|p1a: Delphox|Delphox-Mega, L50, F\n|-mega|p1a: Delphox|Delphox|Delphoxite\n|move|p1a: Delphox|Psychic|p2a: Pelipper\n|-damage|p2a: Pelipper|47/100\n|move|p1b: Ninetales|Encore|p2b: Incineroar\n|-start|p2b: Incineroar|Encore\n|move|p2b: Incineroar|Fake Out||[still]\n|-hint|Fake Out only works on your first turn out.\n|-fail|p2b: Incineroar\n|\n|-weather|RainDance|[upkeep]\n|-start|p1a: Delphox|perish2\n|-start|p1b: Ninetales|perish2\n|-start|p2b: Incineroar|perish2\n|upkeep\n|turn|3\n|\n|t:|1776062862\n|switch|p1a: Whimsicott|Whimsicott, L50, M|100/100\n|switch|p1b: Incineroar|Incineroar, L50, F|100/100\n|-ability|p1b: Incineroar|Intimidate|boost\n|-unboost|p2a: Pelipper|atk|1\n|-unboost|p2b: Incineroar|atk|1\n|switch|p2b: Gengar|Gengar-Mega, L50, M|100/100\n|move|p2a: Pelipper|Roost|p2a: Pelipper\n|-heal|p2a: Pelipper|97/100\n|-singleturn|p2a: Pelipper|move: Roost\n|\n|-weather|RainDance|[upkeep]\n|upkeep\n|turn|4\n|inactive|Rockletz has 30 seconds left.\n|inactive|Rockletz has 20 seconds left.\n|inactive|Rockletz has 15 seconds left.\n|\n|t:|1776062904\n|move|p1a: Whimsicott|Tailwind|p1a: Whimsicott\n|-sidestart|p1: sparkyboii200|move: Tailwind\n|move|p2b: Gengar|Sludge Bomb|p1a: Whimsicott\n|-supereffective|p1a: Whimsicott|2\n|-enditem|p1a: Whimsicott|Focus Sash\n|-damage|p1a: Whimsicott|1/100\n|move|p1b: Incineroar|Throat Chop|p2b: Gengar\n|-supereffective|p2b: Gengar|1\n|-damage|p2b: Gengar|8/100\n|-start|p2b: Gengar|Throat Chop|[silent]\n|move|p2a: Pelipper|Hydro Pump|p1b: Incineroar\n|-supereffective|p1b: Incineroar|1\n|-damage|p1b: Incineroar|0 fnt\n|faint|p1b: Incineroar\n|\n|-weather|RainDance|[upkeep]\n|upkeep\n|\n|t:|1776062917\n|switch|p1b: Delphox|Delphox-Mega, L50, F|100/100\n|turn|5\n|\n|t:|1776062934\n|switch|p2a: Incineroar|Incineroar, L50, M|85/100\n|-ability|p2a: Incineroar|Intimidate|boost\n|-unboost|p1a: Whimsicott|atk|1\n|-unboost|p1b: Delphox|atk|1\n|move|p1a: Whimsicott|Sunny Day|p1a: Whimsicott\n|-weather|SunnyDay\n|move|p1b: Delphox|Heat Wave|p2b: Gengar|[spread] p2a,p2b\n|-resisted|p2a: Incineroar|1\n|-damage|p2a: Incineroar|54/100\n|-damage|p2b: Gengar|0 fnt\n|faint|p2b: Gengar\n|\n|-weather|SunnyDay|[upkeep]\n|upkeep\n|\n|t:|1776062944\n|switch|p2b: Pelipper|Pelipper, L50, M|97/100\n|-weather|RainDance|[from] ability: Drizzle|[of] p2b: Pelipper\n|turn|6\n|\n|t:|1776062964\n|switch|p1a: Ninetales|Ninetales, L50, F|100/100\n|-weather|SunnyDay|[from] ability: Drought|[of] p1a: Ninetales\n|move|p1b: Delphox|Protect|p1b: Delphox\n|-singleturn|p1b: Delphox|Protect\n|move|p2b: Pelipper|Hydro Pump|p1b: Delphox\n|-activate|p1b: Delphox|move: Protect\n|move|p2a: Incineroar|Throat Chop|p1b: Delphox\n|-activate|p1b: Delphox|move: Protect\n|\n|-weather|SunnyDay|[upkeep]\n|upkeep\n|turn|7\n|inactive|sparkyboii200 has 30 seconds left.\n|\n|t:|1776062990\n|switch|p2b: Sinistcha|Sinistcha, L50|100/100\n|-heal|p2a: Incineroar|79/100|[from] ability: Hospitality|[of] p2b: Sinistcha\n|move|p1a: Ninetales|Helping Hand|p1b: Delphox\n|-singleturn|p1b: Delphox|Helping Hand|[of] p1a: Ninetales\n|move|p2a: Incineroar|Protect|p2a: Incineroar\n|-singleturn|p2a: Incineroar|Protect\n|move|p1b: Delphox|Heat Wave|p2a: Incineroar|[spread] p2b\n|-activate|p2a: Incineroar|move: Protect\n|-supereffective|p2b: Sinistcha|1\n|-damage|p2b: Sinistcha|0 fnt\n|faint|p2b: Sinistcha\n|\n|-weather|SunnyDay|[upkeep]\n|-sideend|p1: sparkyboii200|move: Tailwind\n|upkeep\n|\n|t:|1776062998\n|switch|p2b: Pelipper|Pelipper, L50, M|97/100\n|-weather|RainDance|[from] ability: Drizzle|[of] p2b: Pelipper\n|turn|8\n|inactive|Rockletz has 30 seconds left.\n|\n|t:|1776063028\n|move|p1b: Delphox|Protect|p1b: Delphox\n|-singleturn|p1b: Delphox|Protect\n|move|p1a: Ninetales|Encore|p2a: Incineroar\n|-start|p2a: Incineroar|Encore\n|move|p2a: Incineroar|Protect||[still]\n|-fail|p2a: Incineroar\n|move|p2b: Pelipper|Hurricane|p1a: Ninetales\n|-damage|p1a: Ninetales|62/100\n|-start|p1a: Ninetales|confusion\n|\n|-weather|RainDance|[upkeep]\n|upkeep\n|turn|9\n|\n|t:|1776063045\n|switch|p1b: Whimsicott|Whimsicott, L50, M|1/100\n|-activate|p1a: Ninetales|confusion\n|-damage|p1a: Ninetales|54/100|[from] confusion\n|move|p2a: Incineroar|Protect|p2a: Incineroar\n|-singleturn|p2a: Incineroar|Protect\n|move|p2b: Pelipper|Hydro Pump|p1b: Whimsicott\n|-resisted|p1b: Whimsicott|1\n|-damage|p1b: Whimsicott|0 fnt\n|faint|p1b: Whimsicott\n|\n|-weather|RainDance|[upkeep]\n|upkeep\n|\n|t:|1776063053\n|switch|p1b: Delphox|Delphox-Mega, L50, F|100/100\n|turn|10\n|\n|t:|1776063066\n|-end|p1a: Ninetales|confusion\n|move|p1a: Ninetales|Helping Hand|p1b: Delphox\n|-singleturn|p1b: Delphox|Helping Hand|[of] p1a: Ninetales\n|move|p2a: Incineroar|Protect|p2a: Incineroar\n|-singleturn|p2a: Incineroar|Protect\n|move|p1b: Delphox|Psychic|p2b: Pelipper\n|-damage|p2b: Pelipper|12/100\n|move|p2b: Pelipper|Hydro Pump|p1a: Ninetales|[miss]\n|-miss|p2b: Pelipper|p1a: Ninetales\n|\n|-weather|RainDance|[upkeep]\n|-end|p2a: Incineroar|Encore\n|upkeep\n|turn|11\n|\n|t:|1776063081\n|move|p2b: Pelipper|Protect|p2b: Pelipper\n|-singleturn|p2b: Pelipper|Protect\n|move|p1b: Delphox|Psychic|p2b: Pelipper\n|-activate|p2b: Pelipper|move: Protect\n|move|p1a: Ninetales|Encore|p2a: Incineroar\n|-start|p2a: Incineroar|Encore\n|move|p2a: Incineroar|Protect||[still]\n|-fail|p2a: Incineroar\n|\n|-weather|RainDance|[upkeep]\n|upkeep\n|turn|12\n|-message|Rockletz forfeited.\n|\n|win|sparkyboii200\n|raw|sparkyboii200's rating: 1174 &rarr; <strong>1194</strong><br />(+20 for winning)\n|raw|Rockletz's rating: 1103 &rarr; <strong>1083</strong><br />(-20 for losing)\n|l|\u2606Rockletz\n|player|p2|\n",
  "uploadtime": 1776063093,
  "views": 52,
  "formatid": "gen9championsvgc2026regma",
  "rating": 1083,
  "private": 0,
  "password": null
}