{
  "id": "gen9championsvgc2026regma-2588609651",
  "format": "[Gen 9 Champions] VGC 2026 Reg M-A",
  "players": [
    "otherjacob",
    "BooieBoy"
  ],
  "log": "|j|\u2606otherjacob\n|j|\u2606BooieBoy\n|t:|1776649794\n|gametype|doubles\n|player|p1|otherjacob|102|1153\n|player|p2|BooieBoy|102|1214\n|gen|9\n|tier|[Gen 9 Champions] VGC 2026 Reg M-A\n|rated|\n|rule|Species Clause: Limit one of each Pok\u00e9mon\n|rule|Item Clause: Limit 1 of each item\n|clearpoke\n|poke|p1|Garchomp, L50, F, shiny|\n|poke|p1|Floette-Eternal, L50, F|\n|poke|p1|Talonflame, L50, F, shiny|\n|poke|p1|Aegislash, L50, M, shiny|\n|poke|p1|Milotic, L50, F, shiny|\n|poke|p1|Incineroar, L50, M, shiny|\n|poke|p2|Scovillain, L50, M|\n|poke|p2|Orthworm, L50, F|\n|poke|p2|Sneasler, L50, F|\n|poke|p2|Tyranitar, L50, M|\n|poke|p2|Aegislash, L50, F|\n|poke|p2|Sinistcha, L50|\n|teampreview|4\notherjacob has agreed to open team sheets.\n|inactive|Battle timer is ON: inactive players will automatically lose when time's up. (requested by BooieBoy)\n|\n|t:|1776649842\n|teamsize|p1|4\n|teamsize|p2|4\n|start\n|switch|p1a: Talonflame|Talonflame, L50, F, shiny|100/100\n|switch|p1b: Incineroar|Incineroar, L50, M, shiny|100/100\n|switch|p2a: Orthworm|Orthworm, L50, F|100/100\n|switch|p2b: Scovillain|Scovillain, L50, M|100/100\n|-ability|p1b: Incineroar|Intimidate|boost\n|-unboost|p2a: Orthworm|atk|1\n|-unboost|p2b: Scovillain|atk|1\n|turn|1\n|\n|t:|1776649863\n|detailschange|p2b: Scovillain|Scovillain-Mega, L50, M\n|-mega|p2b: Scovillain|Scovillain|Scovillainite\n|move|p1b: Incineroar|Fake Out|p2a: Orthworm\n|-resisted|p2a: Orthworm|1\n|-damage|p2a: Orthworm|97/100\n|move|p1a: Talonflame|Brave Bird|p2b: Scovillain\n|-supereffective|p2b: Scovillain|1\n|-damage|p2b: Scovillain|40/100\n|-immune|p1a: Talonflame\n|-damage|p1a: Talonflame|82/100|[from] Recoil\n|move|p2b: Scovillain|Leech Seed|p1b: Incineroar\n|-start|p1b: Incineroar|move: Leech Seed\n|cant|p2a: Orthworm|flinch\n|\n|-damage|p1b: Incineroar|88/100|[from] Leech Seed|[of] p2b: Scovillain\n|-heal|p2b: Scovillain|55/100|[silent]\n|upkeep\n|turn|2\n|inactive|otherjacob has 30 seconds left.\n|\n|t:|1776649895\n|move|p2b: Scovillain|Protect|p2b: Scovillain\n|-singleturn|p2b: Scovillain|Protect\n|move|p1a: Talonflame|Tailwind|p1a: Talonflame\n|-sidestart|p1: otherjacob|move: Tailwind\n|move|p1b: Incineroar|Flare Blitz|p2a: Orthworm\n|-supereffective|p2a: Orthworm|1\n|-damage|p2a: Orthworm|29/100\n|-enditem|p2a: Orthworm|Sitrus Berry|[eat]\n|-heal|p2a: Orthworm|54/100|[from] item: Sitrus Berry\n|-damage|p1b: Incineroar|68/100|[from] Recoil\n|move|p2a: Orthworm|Shed Tail|p2a: Orthworm\n|-start|p2a: Orthworm|Substitute|[from] move: Shed Tail\n|-damage|p2a: Orthworm|4/100\n|\n|t:|1776649908\n|switch|p2a: Aegislash|Aegislash, L50, F|100/100|[from] Shed Tail\n|\n|-damage|p1b: Incineroar|56/100|[from] Leech Seed|[of] p2b: Scovillain\n|-heal|p2b: Scovillain|69/100|[silent]\n|upkeep\n|turn|3\n|inactive|BooieBoy has 30 seconds left.\n|\n|t:|1776649933\n|switch|p2b: Orthworm|Orthworm, L50, F|4/100\n|move|p1b: Incineroar|Helping Hand|p1a: Talonflame\n|-singleturn|p1a: Talonflame|Helping Hand|[of] p1b: Incineroar\n|move|p1a: Talonflame|Brave Bird|p2b: Orthworm\n|-resisted|p2b: Orthworm|1\n|-damage|p2b: Orthworm|0 fnt\n|faint|p2b: Orthworm\n|-damage|p1a: Talonflame|81/100|[from] Recoil\n|-formechange|p2a: Aegislash|Aegislash-Blade|\n|move|p2a: Aegislash|Poltergeist|p1a: Talonflame\n|-activate|p1a: Talonflame|move: Poltergeist|Focus Sash\n|-damage|p1a: Talonflame|1/100\n|\n|upkeep\n|\n|t:|1776649947\n|switch|p2b: Scovillain|Scovillain-Mega, L50, M|69/100\n|turn|4\n|\n|t:|1776649960\n|move|p1b: Incineroar|Helping Hand|p1a: Talonflame\n|-singleturn|p1a: Talonflame|Helping Hand|[of] p1b: Incineroar\n|move|p2b: Scovillain|Protect|p2b: Scovillain\n|-singleturn|p2b: Scovillain|Protect\n|move|p2a: Aegislash|Shadow Sneak|p1a: Talonflame\n|-damage|p1a: Talonflame|0 fnt\n|faint|p1a: Talonflame\n|\n|-damage|p1b: Incineroar|43/100|[from] Leech Seed|[of] p2b: Scovillain\n|-heal|p2b: Scovillain|84/100|[silent]\n|upkeep\n|-enditem|p1b: Incineroar|Sitrus Berry|[eat]\n|-heal|p1b: Incineroar|68/100|[from] item: Sitrus Berry\n|\n|t:|1776649971\n|switch|p1a: Aegislash|Aegislash, L50, M, shiny|100/100\n|turn|5\n|\n|t:|1776649994\n|-formechange|p2a: Aegislash|Aegislash|\n|move|p2a: Aegislash|King's Shield|p2a: Aegislash\n|-singleturn|p2a: Aegislash|Protect\n|-formechange|p1a: Aegislash|Aegislash-Blade|\n|move|p1a: Aegislash|Poltergeist|p2b: Scovillain\n|-activate|p2b: Scovillain|move: Poltergeist|Scovillainite\n|-damage|p2b: Scovillain|23/100\n|-status|p1a: Aegislash|brn|[from] ability: Spicy Spray|[of] p2b: Scovillain\n|move|p1b: Incineroar|Flare Blitz|p2a: Aegislash\n|-activate|p2a: Aegislash|move: Protect\n|-unboost|p1b: Incineroar|atk|1\n|move|p2b: Scovillain|Leech Seed|p1a: Aegislash\n|-start|p1a: Aegislash|move: Leech Seed\n|\n|-damage|p1a: Aegislash|88/100 brn|[from] Leech Seed|[of] p2b: Scovillain\n|-heal|p2b: Scovillain|33/100|[silent]\n|-damage|p1b: Incineroar|56/100|[from] Leech Seed|[of] p2b: Scovillain\n|-heal|p2b: Scovillain|48/100|[silent]\n|-damage|p1a: Aegislash|82/100 brn|[from] brn\n|-sideend|p1: otherjacob|move: Tailwind\n|upkeep\n|turn|6\n|\n|t:|1776650018\n|move|p1a: Aegislash|Shadow Sneak|p2a: Aegislash\n|-supereffective|p2a: Aegislash|1\n|-crit|p2a: Aegislash\n|-end|p2a: Aegislash|Substitute\n|-formechange|p2a: Aegislash|Aegislash-Blade|\n|move|p2a: Aegislash|Close Combat|p1b: Incineroar\n|-supereffective|p1b: Incineroar|1\n|-damage|p1b: Incineroar|0 fnt\n|-unboost|p2a: Aegislash|def|1\n|-unboost|p2a: Aegislash|spd|1\n|faint|p1b: Incineroar\n|move|p2b: Scovillain|Overheat|p1a: Aegislash\n|-supereffective|p1a: Aegislash|1\n|-damage|p1a: Aegislash|0 fnt\n|-unboost|p2b: Scovillain|spa|2\n|faint|p1a: Aegislash\n|\n|upkeep\n|\n|t:|1776650029\n|switch|p1b: Garchomp|Garchomp, L50, F, shiny|100/100\n|turn|7\n|\n|t:|1776650036\n|switch|p2a: Sinistcha|Sinistcha, L50|100/100\n|-heal|p2b: Scovillain|73/100|[from] ability: Hospitality|[of] p2a: Sinistcha\n|move|p1b: Garchomp|Earthquake|p2b: Scovillain|[spread] p2a,p2b\n|-resisted|p2a: Sinistcha|1\n|-damage|p2a: Sinistcha|87/100\n|-damage|p2b: Scovillain|41/100\n|-status|p1b: Garchomp|brn|[from] ability: Spicy Spray|[of] p2b: Scovillain\n|move|p2b: Scovillain|Leech Seed|p1b: Garchomp\n|-start|p1b: Garchomp|move: Leech Seed\n|\n|-heal|p2a: Sinistcha|93/100|[from] item: Leftovers\n|-damage|p1b: Garchomp|88/100 brn|[from] Leech Seed|[of] p2b: Scovillain\n|-heal|p2b: Scovillain|54/100|[silent]\n|-damage|p1b: Garchomp|82/100 brn|[from] brn\n|upkeep\n|turn|8\n|\n|t:|1776650055\n|move|p1b: Garchomp|Earthquake|p2a: Sinistcha|[spread] p2a,p2b\n|-resisted|p2a: Sinistcha|1\n|-damage|p2a: Sinistcha|86/100\n|-damage|p2b: Scovillain|37/100\n|move|p2b: Scovillain|Overheat|p1b: Garchomp\n|-resisted|p1b: Garchomp|1\n|-damage|p1b: Garchomp|66/100 brn\n|-unboost|p2b: Scovillain|spa|2\n|move|p2a: Sinistcha|Shadow Ball|p1b: Garchomp\n|-damage|p1b: Garchomp|29/100 brn\n|\n|-heal|p2a: Sinistcha|92/100|[from] item: Leftovers\n|-damage|p1b: Garchomp|16/100 brn|[from] Leech Seed|[of] p2b: Scovillain\n|-heal|p2b: Scovillain|50/100|[silent]\n|-damage|p1b: Garchomp|10/100 brn|[from] brn\n|upkeep\n|turn|9\n|\n|t:|1776650070\n|move|p2b: Scovillain|Protect|p2b: Scovillain\n|-singleturn|p2b: Scovillain|Protect\n|move|p1b: Garchomp|Earthquake|p2b: Scovillain|[spread] p2a\n|-activate|p2b: Scovillain|move: Protect\n|-resisted|p2a: Sinistcha|1\n|-damage|p2a: Sinistcha|85/100\n|move|p2a: Sinistcha|Shadow Ball|p1b: Garchomp\n|-damage|p1b: Garchomp|0 fnt\n|faint|p1b: Garchomp\n|\n|win|BooieBoy\n|raw|otherjacob's rating: 1153 &rarr; <strong>1132</strong><br />(-21 for losing)\n|raw|BooieBoy's rating: 1214 &rarr; <strong>1235</strong><br />(+21 for winning)\n",
  "uploadtime": 1776650073,
  "views": 9,
  "formatid": "gen9championsvgc2026regma",
  "rating": 1132,
  "private": 0,
  "password": null
}