{
  "id": "gen9championsvgc2026regma-2589468674",
  "format": "[Gen 9 Champions] VGC 2026 Reg M-A",
  "players": [
    "MimikyuBot",
    "doblecoweed"
  ],
  "log": "|j|\u2606MimikyuBot\n|j|\u2606doblecoweed\n|t:|1776725685\n|gametype|doubles\n|player|p1|MimikyuBot|266|1000\n|player|p2|doblecoweed|2|1000\n|gen|9\n|tier|[Gen 9 Champions] VGC 2026 Reg M-A\n|rated|\n|rule|Species Clause: Limit one of each Pok\u00e9mon\n|rule|Item Clause: Limit 1 of each item\n|clearpoke\n|poke|p1|Aegislash, L50, F, shiny|\n|poke|p1|Whimsicott, L50, M, shiny|\n|poke|p1|Gallade, L50, M, shiny|\n|poke|p1|Incineroar, L50, F, shiny|\n|poke|p1|Clefable, L50, F, shiny|\n|poke|p1|Milotic, L50, M, shiny|\n|poke|p2|Garchomp, L50, M|\n|poke|p2|Venusaur, L50, M|\n|poke|p2|Rotom-Wash, L50|\n|poke|p2|Aerodactyl, L50, M|\n|poke|p2|Incineroar, L50, F|\n|poke|p2|Oranguru, L50, M|\n|teampreview|4\nMimikyuBot has agreed to open team sheets.\ndoblecoweed has agreed to open team sheets.\n|showteam|p1|Aegislash||SpellTag|StanceChange|IronHead,KingsShield,Poltergeist,ShadowSneak|||F|||50|]Whimsicott||FocusSash|Prankster|Tailwind,Moonblast,SunnyDay,Encore|||M|||50|]Gallade||Galladite|Sharpness|PsychoCut,SacredSword,TripleAxel,Protect|||M|||50|]Incineroar||Leftovers|Intimidate|FlareBlitz,PartingShot,Snarl,FakeOut|||F|||50|]Clefable||SitrusBerry|Unaware|FollowMe,Moonblast,Protect,HelpingHand|||F|||50|]Milotic||MysticWater|Competitive|Scald,IcyWind,IceBeam,Protect|||M|||50|\n|showteam|p2|Garchomp||Garchompite|SandVeil|Earthquake,RockSlide,ShadowClaw,Protect|||M|||50|]Venusaur||Leftovers|Chlorophyll|GigaDrain,SludgeBomb,LeechSeed,Protect|||M|||50|]Rotom-Wash||Magnet|Levitate|Electroweb,HydroPump,VoltSwitch,HelpingHand||||||50|]Aerodactyl||Aerodactylite|RockHead|RockSlide,DualWingbeat,ThunderFang,Protect|||M|||50|]Incineroar||SitrusBerry|Intimidate|FakeOut,Snarl,FlareBlitz,PartingShot|||F|||50|]Oranguru||MentalHerb|Telepathy|Instruct,HyperVoice,Psyshock,Protect|||M|||50|\n|\n|t:|1776725751\n|teamsize|p1|4\n|teamsize|p2|4\n|start\n|switch|p1a: Whimsicott|Whimsicott, L50, M, shiny|100/100\n|switch|p1b: Gallade|Gallade, L50, M, shiny|100/100\n|switch|p2a: Garchomp|Garchomp, L50, M|100/100\n|switch|p2b: Oranguru|Oranguru, L50, M|100/100\n|turn|1\n|inactive|Battle timer is ON: inactive players will automatically lose when time's up. (requested by MimikyuBot)\n|\n|t:|1776725767\n|switch|p1a: Incineroar|Incineroar, L50, F, shiny|100/100\n|-ability|p1a: Incineroar|Intimidate|boost\n|-unboost|p2a: Garchomp|atk|1\n|-unboost|p2b: Oranguru|atk|1\n|detailschange|p2a: Garchomp|Garchomp-Mega, L50, M\n|-mega|p2a: Garchomp|Garchomp|Garchompite\n|detailschange|p1b: Gallade|Gallade-Mega, L50, M, shiny\n|-mega|p1b: Gallade|Gallade|Galladite\n|move|p1b: Gallade|Protect|p1b: Gallade\n|-singleturn|p1b: Gallade|Protect\n|move|p2a: Garchomp|Earthquake|p1a: Incineroar|[spread] p1a\n|-activate|p1b: Gallade|move: Protect\n|-activate|p2b: Oranguru|ability: Telepathy\n|-supereffective|p1a: Incineroar|1\n|-damage|p1a: Incineroar|55/100\n|move|p2b: Oranguru|Instruct|p2a: Garchomp\n|-singleturn|p2a: Garchomp|move: Instruct|[of] p2b: Oranguru\n|move|p2a: Garchomp|Earthquake|p1a: Incineroar|[spread] p1a\n|-activate|p1b: Gallade|move: Protect\n|-activate|p2b: Oranguru|ability: Telepathy\n|-supereffective|p1a: Incineroar|1\n|-damage|p1a: Incineroar|4/100\n|\n|-heal|p1a: Incineroar|10/100|[from] item: Leftovers\n|upkeep\n|turn|2\n|inactive|doblecoweed has 30 seconds left.\n|\n|t:|1776725798\n|switch|p2b: Aerodactyl|Aerodactyl, L50, M|100/100\n|move|p2a: Garchomp|Protect|p2a: Garchomp\n|-singleturn|p2a: Garchomp|Protect\n|move|p1a: Incineroar|Fake Out|p2b: Aerodactyl\n|-resisted|p2b: Aerodactyl|1\n|-damage|p2b: Aerodactyl|94/100\n|move|p1b: Gallade|Sacred Sword|p2b: Aerodactyl\n|-damage|p2b: Aerodactyl|19/100\n|\n|-heal|p1a: Incineroar|16/100|[from] item: Leftovers\n|upkeep\n|turn|3\n|\n|t:|1776725813\n|move|p1a: Incineroar|Fake Out||[still]\n|-hint|Fake Out only works on your first turn out.\n|-fail|p1a: Incineroar\n|move|p2b: Aerodactyl|Rock Slide|p1a: Incineroar|[spread] p1a,p1b\n|-supereffective|p1a: Incineroar|1\n|-resisted|p1b: Gallade|1\n|-damage|p1a: Incineroar|0 fnt\n|-damage|p1b: Gallade|88/100\n|faint|p1a: Incineroar\n|move|p1b: Gallade|Triple Axel|p2b: Aerodactyl\n|-supereffective|p2b: Aerodactyl|1\n|-damage|p2b: Aerodactyl|0 fnt\n|faint|p2b: Aerodactyl\n|-hitcount|p2: Aerodactyl|1\n|move|p2a: Garchomp|Earthquake|p1b: Gallade\n|-damage|p1b: Gallade|38/100\n|\n|upkeep\n|\n|t:|1776725827\n|switch|p2b: Oranguru|Oranguru, L50, M|100/100\n|switch|p1a: Aegislash|Aegislash, L50, F, shiny|100/100\n|turn|4\n|\n|t:|1776725832\n|move|p1b: Gallade|Sacred Sword|p2b: Oranguru\n|-damage|p2b: Oranguru|51/100\n|move|p2a: Garchomp|Earthquake|p1a: Aegislash|[spread] p1a,p1b\n|-activate|p2b: Oranguru|ability: Telepathy\n|-supereffective|p1a: Aegislash|1\n|-damage|p1a: Aegislash|56/100\n|-damage|p1b: Gallade|0 fnt\n|faint|p1b: Gallade\n|move|p2b: Oranguru|Instruct|p2a: Garchomp\n|-singleturn|p2a: Garchomp|move: Instruct|[of] p2b: Oranguru\n|move|p2a: Garchomp|Earthquake|p1a: Aegislash|[spread] p1a\n|-activate|p2b: Oranguru|ability: Telepathy\n|-supereffective|p1a: Aegislash|1\n|-damage|p1a: Aegislash|12/100\n|-formechange|p1a: Aegislash|Aegislash-Blade|\n|move|p1a: Aegislash|Iron Head|p2b: Oranguru\n|-damage|p2b: Oranguru|8/100\n|\n|upkeep\n|\n|t:|1776725833\n|switch|p1b: Whimsicott|Whimsicott, L50, M, shiny|100/100\n|turn|5\n|\n|t:|1776725854\n|move|p1b: Whimsicott|Moonblast|p2b: Oranguru\n|-damage|p2b: Oranguru|0 fnt\n|faint|p2b: Oranguru\n|move|p2a: Garchomp|Earthquake|p1b: Whimsicott|[spread] p1a,p1b\n|-supereffective|p1a: Aegislash|1\n|-resisted|p1b: Whimsicott|1\n|-damage|p1a: Aegislash|0 fnt\n|-damage|p1b: Whimsicott|81/100\n|faint|p1a: Aegislash\n|\n|upkeep\n|\n|t:|1776725862\n|switch|p2b: Rotom|Rotom-Wash, L50|100/100\n|turn|6\n|\n|t:|1776725872\n|move|p2b: Rotom|Helping Hand|p2a: Garchomp\n|-singleturn|p2a: Garchomp|Helping Hand|[of] p2b: Rotom\n|move|p1b: Whimsicott|Moonblast|p2b: Rotom\n|-damage|p2b: Rotom|60/100\n|move|p2a: Garchomp|Shadow Claw|p1b: Whimsicott\n|-damage|p1b: Whimsicott|39/100\n|\n|upkeep\n|turn|7\n|\n|t:|1776725891\n|move|p1b: Whimsicott|Moonblast|p2b: Rotom\n|-crit|p2b: Rotom\n|-damage|p2b: Rotom|2/100\n|move|p2a: Garchomp|Shadow Claw|p1b: Whimsicott\n|-damage|p1b: Whimsicott|13/100\n|move|p2b: Rotom|Hydro Pump|p1b: Whimsicott|[miss]\n|-miss|p2b: Rotom|p1b: Whimsicott\n|\n|upkeep\n|turn|8\n|\n|t:|1776725905\n|move|p2b: Rotom|Helping Hand|p2a: Garchomp\n|-singleturn|p2a: Garchomp|Helping Hand|[of] p2b: Rotom\n|move|p1b: Whimsicott|Moonblast|p2b: Rotom\n|-damage|p2b: Rotom|0 fnt\n|faint|p2b: Rotom\n|move|p2a: Garchomp|Earthquake|p1b: Whimsicott\n|-resisted|p1b: Whimsicott|1\n|-damage|p1b: Whimsicott|0 fnt\n|faint|p1b: Whimsicott\n|\n|win|doblecoweed\n",
  "uploadtime": 1776725753,
  "views": 3,
  "formatid": "gen9championsvgc2026regma",
  "rating": null,
  "private": 0,
  "password": null
}