{
  "id": "gen9championsvgc2026regma-2584116164",
  "format": "[Gen 9 Champions] VGC 2026 Reg M-A",
  "players": [
    "Gopherwoodbackyard",
    "colfox"
  ],
  "log": "|j|\u2606Gopherwoodbackyard\n|j|\u203dcolfox\n|t:|1776226889\n|gametype|doubles\n|player|p1|Gopherwoodbackyard|265|1076\n|player|p2|colfox|169|1091\n|gen|9\n|tier|[Gen 9 Champions] VGC 2026 Reg M-A\n|rated|\n|rule|Species Clause: Limit one of each Pok\u00e9mon\n|rule|Item Clause: Limit 1 of each item\n|clearpoke\n|poke|p1|Meganium, L50, F|\n|poke|p1|Whimsicott, L50, M|\n|poke|p1|Pelipper, L50, F|\n|poke|p1|Kangaskhan, L50, F|\n|poke|p1|Basculegion, L50, M|\n|poke|p1|Archaludon, L50, F|\n|poke|p2|Sylveon, L50, F|\n|poke|p2|Garchomp, L50, M|\n|poke|p2|Milotic, L50, F|\n|poke|p2|Ninetales, L50, M|\n|poke|p2|Raichu, L50, M|\n|poke|p2|Scizor, L50, M|\n|teampreview|4\n|inactive|Battle timer is ON: inactive players will automatically lose when time's up. (requested by Gopherwoodbackyard)\n|\n|t:|1776226940\n|teamsize|p1|4\n|teamsize|p2|4\n|start\n|switch|p1a: Pelipper|Pelipper, L50, F|100/100\n|switch|p1b: Archaludon|Archaludon, L50, F|100/100\n|switch|p2a: Raichu|Raichu, L50, M|100/100\n|switch|p2b: Sylveon|Sylveon, L50, F|100/100\n|-weather|RainDance|[from] ability: Drizzle|[of] p1a: Pelipper\n|turn|1\n|inactive|colfox has 30 seconds left.\n|inactive|colfox has 20 seconds left.\n|inactive|colfox has 15 seconds left.\n|\n|t:|1776226983\n|move|p1a: Pelipper|Protect|p1a: Pelipper\n|-singleturn|p1a: Pelipper|Protect\n|move|p2a: Raichu|Fake Out|p1a: Pelipper\n|-activate|p1a: Pelipper|move: Protect\n|move|p1b: Archaludon|Steel Beam|p2b: Sylveon\n|-supereffective|p2b: Sylveon|1\n|-damage|p2b: Sylveon|0 fnt\n|-damage|p1b: Archaludon|50/100|[from] steelbeam\n|faint|p2b: Sylveon\n|\n|-weather|RainDance|[upkeep]\n|upkeep\n|\n|t:|1776226996\n|switch|p2b: Ninetales|Ninetales, L50, M|100/100\n|-weather|SunnyDay|[from] ability: Drought|[of] p2b: Ninetales\n|turn|2\n|inactive|Gopherwoodbackyard has 30 seconds left.\n|inactive|Gopherwoodbackyard has 20 seconds left.\n|\n|t:|1776227036\n|switch|p1a: Basculegion|Basculegion, L50, M|100/100\n|move|p2a: Raichu|Volt Switch|p1a: Basculegion\n|-supereffective|p1a: Basculegion|1\n|-damage|p1a: Basculegion|24/100\n|\n|t:|1776227044\n|switch|p2a: Scizor|Scizor, L50, M|100/100|[from] Volt Switch\n|move|p2b: Ninetales|Heat Wave|p1b: Archaludon|[spread] p1a,p1b\n|-resisted|p1a: Basculegion|1\n|-damage|p1a: Basculegion|3/100\n|-damage|p1b: Archaludon|0 fnt\n|faint|p1b: Archaludon\n|\n|-weather|SunnyDay|[upkeep]\n|upkeep\n|\n|t:|1776227055\n|switch|p1b: Pelipper|Pelipper, L50, F|100/100\n|-weather|RainDance|[from] ability: Drizzle|[of] p1b: Pelipper\n|turn|3\n|\n|t:|1776227067\n|switch|p1a: Kangaskhan|Kangaskhan, L50, F|100/100\n|switch|p2b: Raichu|Raichu, L50, M|100/100\n|detailschange|p2a: Scizor|Scizor-Mega, L50, M\n|-mega|p2a: Scizor|Scizor|Scizorite\n|move|p2a: Scizor|Bullet Punch|p1a: Kangaskhan\n|-damage|p1a: Kangaskhan|54/100\n|move|p1b: Pelipper|Hurricane|p2a: Scizor\n|-damage|p2a: Scizor|67/100\n|\n|-weather|RainDance|[upkeep]\n|upkeep\n|turn|4\n|inactive|Gopherwoodbackyard has 30 seconds left.\n|\n|t:|1776227100\n|detailschange|p1a: Kangaskhan|Kangaskhan-Mega, L50, F\n|-mega|p1a: Kangaskhan|Kangaskhan|Kangaskhanite\n|move|p2b: Raichu|Fake Out|p1a: Kangaskhan\n|-damage|p1a: Kangaskhan|46/100\n|cant|p1a: Kangaskhan|flinch\n|move|p2a: Scizor|Swords Dance|p2a: Scizor\n|-boost|p2a: Scizor|atk|2\n|move|p1b: Pelipper|Weather Ball|p2b: Raichu\n|-crit|p2b: Raichu\n|-damage|p2b: Raichu|0 fnt\n|faint|p2b: Raichu\n|\n|-weather|RainDance|[upkeep]\n|upkeep\n|\n|t:|1776227117\n|switch|p2b: Ninetales|Ninetales, L50, M|100/100\n|-weather|SunnyDay|[from] ability: Drought|[of] p2b: Ninetales\n|turn|5\n|\n|t:|1776227129\n|move|p1a: Kangaskhan|Protect|p1a: Kangaskhan\n|-singleturn|p1a: Kangaskhan|Protect\n|move|p2a: Scizor|Bullet Punch|p1a: Kangaskhan\n|-activate|p1a: Kangaskhan|move: Protect\n|move|p2b: Ninetales|Heat Wave|p1a: Kangaskhan|[spread] p1b\n|-activate|p1a: Kangaskhan|move: Protect\n|-resisted|p1b: Pelipper|1\n|-damage|p1b: Pelipper|79/100\n|move|p1b: Pelipper|Weather Ball|p2a: Scizor\n|-supereffective|p2a: Scizor|2\n|-damage|p2a: Scizor|0 fnt\n|faint|p2a: Scizor\n|\n|-weather|SunnyDay|[upkeep]\n|-heal|p1b: Pelipper|85/100|[from] item: Leftovers\n|upkeep\n|turn|6\n|inactive|Gopherwoodbackyard has 30 seconds left.\n|inactive|colfox has 30 seconds left.\n|-message|colfox forfeited.\n|\n|win|Gopherwoodbackyard\n|raw|Gopherwoodbackyard's rating: 1076 &rarr; <strong>1106</strong><br />(+30 for winning)\n|raw|colfox's rating: 1091 &rarr; <strong>1066</strong><br />(-25 for losing)\n",
  "uploadtime": 1776227167,
  "views": 57,
  "formatid": "gen9championsvgc2026regma",
  "rating": 1066,
  "private": 0,
  "password": null
}