{
  "id": "gen9championsvgc2026regma-2586936918",
  "format": "[Gen 9 Champions] VGC 2026 Reg M-A",
  "players": [
    "Prohxy",
    "FlowerGirl1000"
  ],
  "log": "|j|\u2606Prohxy\n|j|\u2606FlowerGirl1000\n|t:|1776473517\n|gametype|doubles\n|player|p1|Prohxy|swimmerf|1099\n|player|p2|FlowerGirl1000|schoolkidf|1143\n|gen|9\n|tier|[Gen 9 Champions] VGC 2026 Reg M-A\n|rated|\n|rule|Species Clause: Limit one of each Pok\u00e9mon\n|rule|Item Clause: Limit 1 of each item\n|clearpoke\n|poke|p1|Excadrill, L50, F|\n|poke|p1|Tauros-Paldea-Aqua, L50, M|\n|poke|p1|Ceruledge, L50, M|\n|poke|p1|Politoed, L50, M|\n|poke|p1|Altaria, L50, M|\n|poke|p1|Tsareena, L50, F|\n|poke|p2|Delphox, L50, M|\n|poke|p2|Garchomp, L50, M|\n|poke|p2|Kingambit, L50, F|\n|poke|p2|Sneasler, L50, F|\n|poke|p2|Basculegion, L50, M|\n|poke|p2|Whimsicott, L50, F|\n|teampreview|4\n|inactive|Battle timer is ON: inactive players will automatically lose when time's up. (requested by Prohxy)\nProhxy rejected open team sheets.\n|\n|t:|1776473539\n|teamsize|p1|4\n|teamsize|p2|4\n|start\n|switch|p1a: Altaria|Altaria, L50, M, shiny|100/100\n|switch|p1b: Tsareena|Tsareena, L50, F, shiny|100/100\n|switch|p2a: Delphox|Delphox, L50, M|100/100\n|switch|p2b: Sneasler|Sneasler, L50, F|100/100\n|-ability|p1a: Altaria|Cloud Nine\n|turn|1\n|\n|t:|1776473561\n|detailschange|p2a: Delphox|Delphox-Mega, L50, M\n|-mega|p2a: Delphox|Delphox|Delphoxite\n|move|p1b: Tsareena|Protect|p1b: Tsareena\n|-singleturn|p1b: Tsareena|Protect\n|move|p2a: Delphox|Heat Wave|p1b: Tsareena|[spread] p1a\n|-activate|p1b: Tsareena|move: Protect\n|-resisted|p1a: Altaria|1\n|-damage|p1a: Altaria|78/100\n|move|p2b: Sneasler|Dire Claw|p1b: Tsareena\n|-activate|p1b: Tsareena|move: Protect\n|move|p1a: Altaria|Tailwind|p1a: Altaria\n|-sidestart|p1: Prohxy|move: Tailwind\n|\n|upkeep\n|turn|2\n|\n|t:|1776473584\n|switch|p2b: Whimsicott|Whimsicott, L50, F|100/100\n|detailschange|p1a: Altaria|Altaria-Mega, L50, M, shiny\n|-mega|p1a: Altaria|Altaria|Altarianite\n|move|p1a: Altaria|Hurricane|p2b: Whimsicott\n|-supereffective|p2b: Whimsicott|1\n|-damage|p2b: Whimsicott|5/100\n|move|p2a: Delphox|Heat Wave|p1b: Tsareena|[spread] p1a,p1b\n|-resisted|p1a: Altaria|1\n|-crit|p1a: Altaria\n|-supereffective|p1b: Tsareena|1\n|-damage|p1a: Altaria|41/100\n|-damage|p1b: Tsareena|20/100\n|-status|p1a: Altaria|brn\n|-status|p1b: Tsareena|brn\n|move|p1b: Tsareena|U-turn|p2a: Delphox\n|-damage|p2a: Delphox|82/100\n|\n|t:|1776473601\n|switch|p1b: Ceruledge|Ceruledge, L50, M, shiny|100/100|[from] U-turn\n|\n|-damage|p1a: Altaria|35/100 brn|[from] brn\n|upkeep\n|turn|3\n|\n|t:|1776473615\n|move|p2b: Whimsicott|Tailwind|p2b: Whimsicott\n|-sidestart|p2: FlowerGirl1000|move: Tailwind\n|move|p2a: Delphox|Psychic|p1b: Ceruledge\n|-crit|p1b: Ceruledge\n|-activate|p1b: Ceruledge|item: Focus Band\n|-damage|p1b: Ceruledge|1/100\n|move|p1b: Ceruledge|Throat Chop|p2a: Delphox\n|-supereffective|p2a: Delphox|1\n|-damage|p2a: Delphox|0 fnt\n|faint|p2a: Delphox\n|move|p1a: Altaria|Hyper Voice|p2b: Whimsicott\n|-damage|p2b: Whimsicott|0 fnt\n|faint|p2b: Whimsicott\n|\n|-damage|p1a: Altaria|29/100 brn|[from] brn\n|upkeep\n|\n|t:|1776473630\n|switch|p2a: Sneasler|Sneasler, L50, F|100/100\n|switch|p2b: Basculegion|Basculegion, L50, M|100/100\n|turn|4\n|\n|t:|1776473646\n|switch|p1b: Tsareena|Tsareena, L50, F, shiny|20/100 brn\n|move|p2a: Sneasler|Fake Out||[still]\n|cant|p1b: Tsareena|ability: Queenly Majesty|Fake Out|[of] p2a: Sneasler\n|move|p2b: Basculegion|Last Respects|p1b: Tsareena\n|-damage|p1b: Tsareena|0 fnt\n|faint|p1b: Tsareena\n|move|p1a: Altaria|Hyper Voice|p2b: Basculegion|[spread] p2a,p2b\n|-damage|p2a: Sneasler|41/100\n|-damage|p2b: Basculegion|52/100\n|\n|-damage|p1a: Altaria|23/100 brn|[from] brn\n|-sideend|p1: Prohxy|move: Tailwind\n|upkeep\n|inactive|Prohxy has 30 seconds left.\n|\n|t:|1776473679\n|switch|p1b: Excadrill|Excadrill, L50, F, shiny|100/100\n|-ability|p1b: Excadrill|Mold Breaker\n|turn|5\n|\n|t:|1776473697\n|move|p2b: Basculegion|Last Respects|p1a: Altaria\n|-damage|p1a: Altaria|0 fnt\n|faint|p1a: Altaria\n|move|p2a: Sneasler|Close Combat|p1b: Excadrill\n|-supereffective|p1b: Excadrill|1\n|-enditem|p1b: Excadrill|Focus Sash\n|-damage|p1b: Excadrill|1/100\n|-unboost|p2a: Sneasler|def|1\n|-unboost|p2a: Sneasler|spd|1\n|-enditem|p2a: Sneasler|White Herb\n|-clearnegativeboost|p2a: Sneasler|[silent]\n|move|p1b: Excadrill|High Horsepower|p2a: Sneasler\n|-supereffective|p2a: Sneasler|1\n|-damage|p2a: Sneasler|0 fnt\n|faint|p2a: Sneasler\n|\n|upkeep\n|\n|t:|1776473711\n|switch|p1a: Ceruledge|Ceruledge, L50, M, shiny|1/100\n|turn|6\n|\n|t:|1776473718\n|move|p2b: Basculegion|Last Respects|p1b: Excadrill\n|-damage|p1b: Excadrill|0 fnt\n|faint|p1b: Excadrill\n|move|p1a: Ceruledge|Throat Chop|p2b: Basculegion\n|-supereffective|p2b: Basculegion|1\n|-damage|p2b: Basculegion|0 fnt\n|faint|p2b: Basculegion\n|\n|win|Prohxy\n|raw|Prohxy's rating: 1099 &rarr; <strong>1127</strong><br />(+28 for winning)\n|raw|FlowerGirl1000's rating: 1143 &rarr; <strong>1115</strong><br />(-28 for losing)\n",
  "uploadtime": 1776473730,
  "views": 21,
  "formatid": "gen9championsvgc2026regma",
  "rating": 1115,
  "private": 0,
  "password": null
}