{
  "id": "gen9championsvgc2026regma-2586797669",
  "format": "[Gen 9 Champions] VGC 2026 Reg M-A",
  "players": [
    "bgc0",
    "psouza"
  ],
  "log": "|j|\u2606bgc0\n|j|\u2606psouza\n|t:|1776460711\n|gametype|doubles\n|player|p1|bgc0|170|1393\n|player|p2|psouza|102|1388\n|gen|9\n|tier|[Gen 9 Champions] VGC 2026 Reg M-A\n|rated|\n|rule|Species Clause: Limit one of each Pok\u00e9mon\n|rule|Item Clause: Limit 1 of each item\n|clearpoke\n|poke|p1|Araquanid, L50, M|\n|poke|p1|Incineroar, L50, M|\n|poke|p1|Sinistcha, L50|\n|poke|p1|Sneasler, L50, F|\n|poke|p1|Kingambit, L50, F|\n|poke|p1|Dragonite, L50, F|\n|poke|p2|Kangaskhan, L50, F|\n|poke|p2|Oranguru, L50, M|\n|poke|p2|Torkoal, L50, M|\n|poke|p2|Glalie, L50, F|\n|poke|p2|Noivern, L50, M|\n|poke|p2|Kingambit, L50, F|\n|teampreview|4\n|\n|t:|1776460781\n|teamsize|p1|4\n|teamsize|p2|4\n|start\n|switch|p1a: Araquanid|Araquanid, L50, M|100/100\n|switch|p1b: Incineroar|Incineroar, L50, M|100/100\n|switch|p2a: Glalie|Glalie, L50, F, shiny|100/100\n|switch|p2b: Oranguru|Oranguru, L50, M|100/100\n|-ability|p1b: Incineroar|Intimidate|boost\n|-unboost|p2a: Glalie|atk|1\n|-unboost|p2b: Oranguru|atk|1\n|turn|1\n|\n|t:|1776460795\n|move|p2a: Glalie|Protect|p2a: Glalie\n|-singleturn|p2a: Glalie|Protect\n|move|p2b: Oranguru|Protect|p2b: Oranguru\n|-singleturn|p2b: Oranguru|Protect\n|move|p1b: Incineroar|Fake Out|p2a: Glalie\n|-activate|p2a: Glalie|move: Protect\n|move|p1a: Araquanid|Substitute|p1a: Araquanid\n|-start|p1a: Araquanid|Substitute\n|-damage|p1a: Araquanid|76/100\n|\n|-ability|p2a: Glalie|Moody|boost\n|-boost|p2a: Glalie|spe|2\n|-unboost|p2a: Glalie|atk|1\n|upkeep\n|turn|2\n|\n|t:|1776460823\n|move|p2a: Glalie|Body Slam|p1a: Araquanid\n|-activate|p1a: Araquanid|move: Substitute|[damage]\n|move|p1b: Incineroar|Throat Chop|p2b: Oranguru\n|-supereffective|p2b: Oranguru|1\n|-damage|p2b: Oranguru|48/100\n|-start|p2b: Oranguru|Throat Chop|[silent]\n|-enditem|p2b: Oranguru|Sitrus Berry|[eat]\n|-heal|p2b: Oranguru|73/100|[from] item: Sitrus Berry\n|move|p1a: Araquanid|Leech Life|p2b: Oranguru\n|-supereffective|p2b: Oranguru|1\n|-damage|p2b: Oranguru|23/100\n|-heal|p1a: Araquanid|100/100|[from] drain|[of] p2b: Oranguru\n|move|p2b: Oranguru|Trick Room|p2b: Oranguru\n|-fieldstart|move: Trick Room|[of] p2b: Oranguru\n|\n|-ability|p2a: Glalie|Moody|boost\n|-boost|p2a: Glalie|spe|2\n|-unboost|p2a: Glalie|spa|1\n|upkeep\n|turn|3\n|\n|t:|1776460869\n|switch|p2a: Kingambit|Kingambit, L50, F|100/100\n|move|p1a: Araquanid|Liquidation|p2b: Oranguru\n|-damage|p2b: Oranguru|0 fnt\n|faint|p2b: Oranguru\n|move|p1b: Incineroar|Flare Blitz|p2a: Kingambit\n|-supereffective|p2a: Kingambit|1\n|-damage|p2a: Kingambit|36/100\n|-damage|p1b: Incineroar|79/100|[from] Recoil\n|\n|upkeep\n|\n|t:|1776460875\n|switch|p2b: Torkoal|Torkoal, L50, M|100/100\n|-weather|SunnyDay|[from] ability: Drought|[of] p2b: Torkoal\n|turn|4\n|\n|t:|1776460900\n|move|p1a: Araquanid|Wide Guard|p1a: Araquanid\n|-singleturn|p1a: Araquanid|Wide Guard\n|move|p2a: Kingambit|Sucker Punch||[still]\n|-fail|p2a: Kingambit\n|move|p2b: Torkoal|Eruption|p1a: Araquanid|[spread] \n|-activate|p1a: Araquanid|move: Wide Guard\n|-activate|p1b: Incineroar|move: Wide Guard\n|move|p1b: Incineroar|Flare Blitz|p2a: Kingambit\n|-supereffective|p2a: Kingambit|1\n|-damage|p2a: Kingambit|0 fnt\n|faint|p2a: Kingambit\n|-damage|p1b: Incineroar|67/100|[from] Recoil\n|\n|-weather|SunnyDay|[upkeep]\n|upkeep\n|\n|t:|1776460903\n|switch|p2a: Glalie|Glalie, L50, F, shiny|100/100\n|turn|5\n|\n|t:|1776460913\n|move|p2a: Glalie|Protect|p2a: Glalie\n|-singleturn|p2a: Glalie|Protect\n|move|p2b: Torkoal|Weather Ball|p1a: Araquanid\n|-end|p1a: Araquanid|Substitute\n|move|p1a: Araquanid|Liquidation|p2b: Torkoal\n|-supereffective|p2b: Torkoal|1\n|-damage|p2b: Torkoal|36/100\n|-unboost|p2b: Torkoal|def|1\n|move|p1b: Incineroar|Flare Blitz|p2a: Glalie\n|-activate|p2a: Glalie|move: Protect\n|\n|-weather|SunnyDay|[upkeep]\n|-ability|p2a: Glalie|Moody|boost\n|-boost|p2a: Glalie|atk|2\n|-unboost|p2a: Glalie|spa|1\n|upkeep\n|turn|6\n|\n|t:|1776460937\n|move|p2a: Glalie|Protect||[still]\n|-fail|p2a: Glalie\n|move|p2b: Torkoal|Weather Ball|p1a: Araquanid\n|-damage|p1a: Araquanid|69/100\n|move|p1a: Araquanid|Liquidation|p2b: Torkoal\n|-supereffective|p2b: Torkoal|1\n|-damage|p2b: Torkoal|0 fnt\n|faint|p2b: Torkoal\n|move|p1b: Incineroar|Flare Blitz|p2a: Glalie\n|-supereffective|p2a: Glalie|1\n|-damage|p2a: Glalie|0 fnt\n|faint|p2a: Glalie\n|-damage|p1b: Incineroar|41/100|[from] Recoil\n|-enditem|p1b: Incineroar|Sitrus Berry|[eat]\n|-heal|p1b: Incineroar|66/100|[from] item: Sitrus Berry\n|\n|win|bgc0\n|raw|bgc0's rating: 1393 &rarr; <strong>1413</strong><br />(+20 for winning)\n|raw|psouza's rating: 1388 &rarr; <strong>1368</strong><br />(-20 for losing)\n|c|\u2606bgc0|Gg\n",
  "uploadtime": 1776460955,
  "views": 65,
  "formatid": "gen9championsvgc2026regma",
  "rating": 1368,
  "private": 0,
  "password": null
}