{
  "id": "gen9championsvgc2026regma-2585879335",
  "format": "[Gen 9 Champions] VGC 2026 Reg M-A",
  "players": [
    "Clarkusvgc",
    "obiwanchernobyl"
  ],
  "log": "|j|\u2606Clarkusvgc\n|j|\u203dobiwanchernobyl\n|t:|1776377851\n|gametype|doubles\n|player|p1|Clarkusvgc|medium|1028\n|player|p2|obiwanchernobyl|170|1058\n|gen|9\n|tier|[Gen 9 Champions] VGC 2026 Reg M-A\n|rated|\n|rule|Species Clause: Limit one of each Pok\u00e9mon\n|rule|Item Clause: Limit 1 of each item\n|clearpoke\n|poke|p1|Scovillain, L50, F|\n|poke|p1|Incineroar, L50, M|\n|poke|p1|Gyarados, L50, M|\n|poke|p1|Sinistcha, L50|\n|poke|p1|Gengar, L50, M|\n|poke|p1|Sneasler, L50, F|\n|poke|p2|Sneasler, L50, M|\n|poke|p2|Starmie, L50|\n|poke|p2|Dragonite, L50, F|\n|poke|p2|Pelipper, L50, F|\n|poke|p2|Sinistcha, L50|\n|poke|p2|Kingambit, L50, F|\n|teampreview|4\n|inactive|Battle timer is ON: inactive players will automatically lose when time's up. (requested by Clarkusvgc)\n|inactive|obiwanchernobyl also wants the timer to be on.\n|inactive|Clarkusvgc has 60 seconds left.\n|\n|t:|1776377886\n|teamsize|p1|4\n|teamsize|p2|4\n|start\n|switch|p1a: Sneasler|Sneasler, L50, F|100/100\n|switch|p1b: Scovillain|Scovillain, L50, F, shiny|100/100\n|switch|p2a: Sneasler|Sneasler, L50, M|100/100\n|switch|p2b: Dragonite|Dragonite, L50, F|100/100\n|turn|1\n|inactive|obiwanchernobyl has 30 seconds left.\n|\n|t:|1776377912\n|move|p1a: Sneasler|Fake Out|p2a: Sneasler\n|-damage|p2a: Sneasler|74/100\n|cant|p2a: Sneasler|flinch\n|move|p2b: Dragonite|Tailwind|p2b: Dragonite\n|-sidestart|p2: obiwanchernobyl|move: Tailwind\n|move|p1b: Scovillain|Will-O-Wisp|p2b: Dragonite\n|-status|p2b: Dragonite|brn\n|\n|-damage|p2b: Dragonite|94/100 brn|[from] brn\n|-ability|p1b: Scovillain|Moody|boost\n|-boost|p1b: Scovillain|spe|2\n|-unboost|p1b: Scovillain|def|1\n|upkeep\n|turn|2\n|inactive|Clarkusvgc has 30 seconds left.\n|\n|t:|1776377939\n|switch|p2a: Pelipper|Pelipper, L50, F|100/100\n|-weather|RainDance|[from] ability: Drizzle|[of] p2a: Pelipper\n|move|p1b: Scovillain|Rage Powder|p1b: Scovillain\n|-singleturn|p1b: Scovillain|move: Rage Powder\n|move|p2b: Dragonite|Hurricane|p1b: Scovillain\n|-supereffective|p1b: Scovillain|1\n|-crit|p1b: Scovillain\n|-enditem|p1b: Scovillain|Focus Sash\n|-damage|p1b: Scovillain|1/100\n|move|p1a: Sneasler|Dire Claw|p2b: Dragonite\n|-crit|p2b: Dragonite\n|-damage|p2b: Dragonite|29/100 brn\n|\n|-weather|RainDance|[upkeep]\n|-damage|p2b: Dragonite|23/100 brn|[from] brn\n|-ability|p1b: Scovillain|Moody|boost\n|-boost|p1b: Scovillain|def|2\n|-unboost|p1b: Scovillain|atk|1\n|upkeep\n|turn|3\n|\n|t:|1776377962\n|move|p1b: Scovillain|Protect|p1b: Scovillain\n|-singleturn|p1b: Scovillain|Protect\n|move|p1a: Sneasler|Protect|p1a: Sneasler\n|-singleturn|p1a: Sneasler|Protect\n|move|p2b: Dragonite|Hurricane|p1a: Sneasler\n|-activate|p1a: Sneasler|move: Protect\n|move|p2a: Pelipper|Muddy Water|p1b: Scovillain|[spread] \n|-activate|p1a: Sneasler|move: Protect\n|-activate|p1b: Scovillain|move: Protect\n|\n|-weather|RainDance|[upkeep]\n|-damage|p2b: Dragonite|17/100 brn|[from] brn\n|-ability|p1b: Scovillain|Moody|boost\n|-boost|p1b: Scovillain|spe|2\n|-unboost|p1b: Scovillain|def|1\n|upkeep\n|turn|4\n|inactive|Clarkusvgc has 30 seconds left.\n|\n|t:|1776377992\n|move|p1b: Scovillain|Flamethrower|p2b: Dragonite\n|-resisted|p2b: Dragonite|1\n|-damage|p2b: Dragonite|5/100 brn\n|move|p2b: Dragonite|Hurricane|p1a: Sneasler\n|-supereffective|p1a: Sneasler|1\n|-damage|p1a: Sneasler|0 fnt\n|faint|p1a: Sneasler\n|move|p2a: Pelipper|Muddy Water|p1b: Scovillain|[miss]\n|-miss|p2a: Pelipper|p1b: Scovillain\n|\n|-weather|RainDance|[upkeep]\n|-damage|p2b: Dragonite|0 fnt|[from] brn\n|faint|p2b: Dragonite\n|-sideend|p2: obiwanchernobyl|move: Tailwind\n|-ability|p1b: Scovillain|Moody|boost\n|-boost|p1b: Scovillain|atk|2\n|-unboost|p1b: Scovillain|spe|1\n|upkeep\n|\n|t:|1776378010\n|switch|p1a: Gengar|Gengar, L50, M|100/100\n|switch|p2b: Sneasler|Sneasler, L50, M|74/100\n|turn|5\n|\n|t:|1776378028\n|move|p1a: Gengar|Protect|p1a: Gengar\n|-singleturn|p1a: Gengar|Protect\n|move|p1b: Scovillain|Will-O-Wisp|p2b: Sneasler\n|-status|p2b: Sneasler|brn\n|move|p2b: Sneasler|Dire Claw|p1a: Gengar\n|-activate|p1a: Gengar|move: Protect\n|move|p2a: Pelipper|Muddy Water|p1a: Gengar|[spread] p1b\n|-activate|p1a: Gengar|move: Protect\n|-damage|p1b: Scovillain|0 fnt\n|faint|p1b: Scovillain\n|\n|-weather|RainDance|[upkeep]\n|-damage|p2b: Sneasler|68/100 brn|[from] brn\n|upkeep\n|\n|t:|1776378045\n|switch|p1b: Gyarados|Gyarados, L50, M, shiny|100/100\n|-ability|p1b: Gyarados|Intimidate|boost\n|-unboost|p2a: Pelipper|atk|1\n|-unboost|p2b: Sneasler|atk|1\n|turn|6\n|\n|t:|1776378061\n|detailschange|p1a: Gengar|Gengar-Mega, L50, M\n|-mega|p1a: Gengar|Gengar|Gengarite\n|move|p2b: Sneasler|Dire Claw|p1a: Gengar\n|-resisted|p1a: Gengar|2\n|-damage|p1a: Gengar|96/100\n|move|p1a: Gengar|Sludge Bomb|p2a: Pelipper\n|-damage|p2a: Pelipper|3/100\n|move|p2a: Pelipper|Muddy Water|p1b: Gyarados|[spread] p1a,p1b\n|-resisted|p1b: Gyarados|1\n|-crit|p1b: Gyarados\n|-damage|p1a: Gengar|50/100\n|-damage|p1b: Gyarados|70/100\n|-unboost|p1a: Gengar|accuracy|1\n|move|p1b: Gyarados|Waterfall|p2a: Pelipper\n|-resisted|p2a: Pelipper|1\n|-damage|p2a: Pelipper|0 fnt\n|faint|p2a: Pelipper\n|\n|-weather|none\n|-heal|p1b: Gyarados|76/100|[from] item: Leftovers\n|-damage|p2b: Sneasler|62/100 brn|[from] brn\n|upkeep\n|\n|t:|1776378074\n|switch|p2a: Sinistcha|Sinistcha, L50|100/100\n|-heal|p2b: Sneasler|87/100 brn|[from] ability: Hospitality|[of] p2a: Sinistcha\n|turn|7\n|\n|t:|1776378092\n|move|p2b: Sneasler|Dire Claw|p1b: Gyarados\n|-damage|p1b: Gyarados|61/100\n|move|p1a: Gengar|Shadow Ball|p2a: Sinistcha\n|-supereffective|p2a: Sinistcha|1\n|-damage|p2a: Sinistcha|0 fnt\n|faint|p2a: Sinistcha\n|move|p1b: Gyarados|Waterfall|p2b: Sneasler\n|-damage|p2b: Sneasler|8/100 brn\n|\n|-heal|p1b: Gyarados|67/100|[from] item: Leftovers\n|-damage|p2b: Sneasler|2/100 brn|[from] brn\n|upkeep\n|turn|8\n|inactive|obiwanchernobyl has 30 seconds left.\n|inactive|obiwanchernobyl has 20 seconds left.\n|\n|t:|1776378129\n|move|p1a: Gengar|Protect|p1a: Gengar\n|-singleturn|p1a: Gengar|Protect\n|move|p1b: Gyarados|Protect|p1b: Gyarados\n|-singleturn|p1b: Gyarados|Protect\n|move|p2b: Sneasler|Close Combat|p1b: Gyarados\n|-activate|p1b: Gyarados|move: Protect\n|\n|-heal|p1b: Gyarados|73/100|[from] item: Leftovers\n|-damage|p2b: Sneasler|0 fnt|[from] brn\n|faint|p2b: Sneasler\n|\n|win|Clarkusvgc\n|raw|Clarkusvgc's rating: 1028 &rarr; <strong>1067</strong><br />(+39 for winning)\n|raw|obiwanchernobyl's rating: 1058 &rarr; <strong>1038</strong><br />(-20 for losing)\n|c|\u2606Clarkusvgc|Scovillan the goat\n",
  "uploadtime": 1776378166,
  "views": 30,
  "formatid": "gen9championsvgc2026regma",
  "rating": 1038,
  "private": 0,
  "password": null
}