{
  "id": "gen9championsvgc2026regma-2584155987",
  "format": "[Gen 9 Champions] VGC 2026 Reg M-A",
  "players": [
    "testy accounty 2",
    "yixing_onestar"
  ],
  "log": "|j|\u2606testy accounty 2\n|j|\u2606yixing_onestar\n|t:|1776231830\n|gametype|doubles\n|player|p1|testy accounty 2|265|1386\n|player|p2|yixing_onestar|swimmerf-gen4|1290\n|gen|9\n|tier|[Gen 9 Champions] VGC 2026 Reg M-A\n|rated|\n|rule|Species Clause: Limit one of each Pok\u00e9mon\n|rule|Item Clause: Limit 1 of each item\n|clearpoke\n|poke|p1|Gengar, L50, F|\n|poke|p1|Incineroar, L50, M|\n|poke|p1|Politoed, L50, M|\n|poke|p1|Archaludon, L50, F|\n|poke|p1|Basculegion, L50, M|\n|poke|p1|Meganium, L50, M|\n|poke|p2|Pelipper, L50, M|\n|poke|p2|Starmie, L50|\n|poke|p2|Archaludon, L50, M|\n|poke|p2|Basculegion, L50, M|\n|poke|p2|Whimsicott, L50, M|\n|poke|p2|Sableye, L50, F|\n|teampreview|4\n|c|\u2606yixing_onestar|gl hf\n|\n|t:|1776231870\n|teamsize|p1|4\n|teamsize|p2|4\n|start\n|switch|p1a: Kathleen|Archaludon, L50, F|100/100\n|switch|p1b: Stephen|Basculegion, L50, M|100/100\n|switch|p2a: Sableye|Sableye, L50, F|100/100\n|switch|p2b: Archaludon|Archaludon, L50, M|100/100\n|turn|1\n|\n|t:|1776231931\n|move|p2a: Sableye|Rain Dance|p2a: Sableye\n|-weather|RainDance\n|move|p1b: Stephen|Icy Wind|p2b: Archaludon|[spread] p2a,p2b\n|-damage|p2a: Sableye|92/100\n|-damage|p2b: Archaludon|93/100\n|-unboost|p2a: Sableye|spe|1\n|-unboost|p2b: Archaludon|spe|1\n|-ability|p2b: Archaludon|Stamina|boost\n|-boost|p2b: Archaludon|def|1\n|move|p1a: Kathleen|Draco Meteor|p2b: Archaludon\n|-damage|p2b: Archaludon|27/100\n|-unboost|p1a: Kathleen|spa|2\n|-ability|p2b: Archaludon|Stamina|boost\n|-boost|p2b: Archaludon|def|1\n|-enditem|p2b: Archaludon|Sitrus Berry|[eat]\n|-heal|p2b: Archaludon|52/100|[from] item: Sitrus Berry\n|move|p2b: Archaludon|Electro Shot||[still]\n|-prepare|p2b: Archaludon|Electro Shot\n|-boost|p2b: Archaludon|spa|1\n|-anim|p2b: Archaludon|Electro Shot|p1b: Stephen\n|-supereffective|p1b: Stephen|1\n|-damage|p1b: Stephen|0 fnt\n|faint|p1b: Stephen\n|\n|-weather|RainDance|[upkeep]\n|upkeep\n|\n|t:|1776231947\n|switch|p1b: Ian|Incineroar, L50, M|100/100\n|-ability|p1b: Ian|Intimidate|boost\n|-unboost|p2a: Sableye|atk|1\n|-unboost|p2b: Archaludon|atk|1\n|turn|2\n|\n|t:|1776231983\n|switch|p2a: Starmie|Starmie, L50|100/100\n|move|p1b: Ian|Fake Out|p2b: Archaludon\n|-resisted|p2b: Archaludon|1\n|-damage|p2b: Archaludon|50/100\n|-ability|p2b: Archaludon|Stamina|boost\n|-boost|p2b: Archaludon|def|1\n|move|p1a: Kathleen|Electro Shot||[still]\n|-prepare|p1a: Kathleen|Electro Shot\n|-boost|p1a: Kathleen|spa|1\n|-anim|p1a: Kathleen|Electro Shot|p2b: Archaludon\n|-resisted|p2b: Archaludon|1\n|-damage|p2b: Archaludon|36/100\n|-ability|p2b: Archaludon|Stamina|boost\n|-boost|p2b: Archaludon|def|1\n|cant|p2b: Archaludon|flinch\n|\n|-weather|RainDance|[upkeep]\n|upkeep\n|turn|3\n|\n|t:|1776232005\n|switch|p1b: Rosey|Politoed, L50, M|100/100\n|move|p2a: Starmie|Protect|p2a: Starmie\n|-singleturn|p2a: Starmie|Protect\n|move|p1a: Kathleen|Draco Meteor|p2b: Archaludon\n|-damage|p2b: Archaludon|0 fnt\n|-unboost|p1a: Kathleen|spa|2\n|faint|p2b: Archaludon\n|\n|-weather|RainDance|[upkeep]\n|upkeep\n|\n|t:|1776232015\n|switch|p2b: Basculegion|Basculegion, L50, M|100/100\n|turn|4\n|\n|t:|1776232037\n|switch|p1b: Ian|Incineroar, L50, M|100/100\n|-ability|p1b: Ian|Intimidate|boost\n|-unboost|p2a: Starmie|atk|1\n|-unboost|p2b: Basculegion|atk|1\n|detailschange|p2a: Starmie|Starmie-Mega, L50\n|-mega|p2a: Starmie|Starmie|Starminite\n|move|p2b: Basculegion|Last Respects|p1a: Kathleen\n|-damage|p1a: Kathleen|72/100\n|-ability|p1a: Kathleen|Stamina|boost\n|-boost|p1a: Kathleen|def|1\n|move|p2a: Starmie|Liquidation|p1a: Kathleen\n|-resisted|p1a: Kathleen|1\n|-damage|p1a: Kathleen|52/100\n|-ability|p1a: Kathleen|Stamina|boost\n|-boost|p1a: Kathleen|def|1\n|move|p1a: Kathleen|Electro Shot||[still]\n|-prepare|p1a: Kathleen|Electro Shot\n|-boost|p1a: Kathleen|spa|1\n|-anim|p1a: Kathleen|Electro Shot|p2b: Basculegion\n|-supereffective|p2b: Basculegion|1\n|-damage|p2b: Basculegion|44/100\n|\n|-weather|RainDance|[upkeep]\n|upkeep\n|turn|5\n|\n|t:|1776232068\n|switch|p2a: Sableye|Sableye, L50, F|92/100\n|switch|p1b: Rosey|Politoed, L50, M|100/100\n|move|p2b: Basculegion|Protect|p2b: Basculegion\n|-singleturn|p2b: Basculegion|Protect\n|move|p1a: Kathleen|Electro Shot||[still]\n|-prepare|p1a: Kathleen|Electro Shot\n|-boost|p1a: Kathleen|spa|1\n|-anim|p1a: Kathleen|Electro Shot|p2b: Basculegion\n|-activate|p2b: Basculegion|move: Protect\n|\n|-weather|none\n|upkeep\n|turn|6\n|\n|t:|1776232091\n|switch|p1b: Ian|Incineroar, L50, M|100/100\n|-ability|p1b: Ian|Intimidate|boost\n|-unboost|p2a: Sableye|atk|1\n|-unboost|p2b: Basculegion|atk|1\n|move|p1a: Kathleen|Protect|p1a: Kathleen\n|-singleturn|p1a: Kathleen|Protect\n|move|p2a: Sableye|Encore|p1a: Kathleen\n|-activate|p1a: Kathleen|move: Protect\n|move|p2b: Basculegion|Last Respects|p1a: Kathleen\n|-activate|p1a: Kathleen|move: Protect\n|\n|upkeep\n|turn|7\n|\n|t:|1776232132\n|switch|p2b: Starmie|Starmie-Mega, L50|100/100\n|move|p2a: Sableye|Encore|p1a: Kathleen\n|-start|p1a: Kathleen|Encore\n|move|p1a: Kathleen|Protect||[still]\n|-fail|p1a: Kathleen\n|move|p1b: Ian|Parting Shot|p2a: Sableye\n|-unboost|p2a: Sableye|atk|1\n|-unboost|p2a: Sableye|spa|1\n|\n|t:|1776232141\n|switch|p1b: Rosey|Politoed, L50, M|100/100|[from] Parting Shot\n|-weather|RainDance|[from] ability: Drizzle|[of] p1b: Rosey\n|\n|-weather|RainDance|[upkeep]\n|upkeep\n|turn|8\n|\n|t:|1776232160\n|move|p1a: Kathleen|Protect|p1a: Kathleen\n|-singleturn|p1a: Kathleen|Protect\n|move|p2a: Sableye|Skill Swap|p1a: Kathleen\n|-activate|p1a: Kathleen|move: Protect\n|move|p2b: Starmie|Liquidation|p1b: Rosey\n|-resisted|p1b: Rosey|1\n|-damage|p1b: Rosey|47/100\n|-unboost|p1b: Rosey|def|1\n|move|p1b: Rosey|Weather Ball|p2a: Sableye\n|-damage|p2a: Sableye|34/100\n|\n|-weather|RainDance|[upkeep]\n|-heal|p1b: Rosey|53/100|[from] item: Leftovers\n|upkeep\n|turn|9\n|\n|t:|1776232178\n|switch|p1b: Ian|Incineroar, L50, M|100/100\n|-ability|p1b: Ian|Intimidate|boost\n|-unboost|p2a: Sableye|atk|1\n|-unboost|p2b: Starmie|atk|1\n|move|p1a: Kathleen|Protect||[still]\n|-fail|p1a: Kathleen\n|move|p2a: Sableye|Skill Swap|p1a: Kathleen\n|-activate|p2a: Sableye|Skill Swap|Stamina|Prankster|[of] p1a: Kathleen\n|move|p2b: Starmie|Liquidation|p1b: Ian\n|-supereffective|p1b: Ian|1\n|-damage|p1b: Ian|0 fnt\n|faint|p1b: Ian\n|\n|-weather|RainDance|[upkeep]\n|-end|p1a: Kathleen|Encore\n|upkeep\n|\n|t:|1776232190\n|switch|p1b: Rosey|Politoed, L50, M|53/100\n|turn|10\n|\n|t:|1776232226\n|move|p2b: Starmie|Psycho Cut|p1b: Rosey\n|-damage|p1b: Rosey|11/100\n|move|p1a: Kathleen|Electro Shot||[still]\n|-prepare|p1a: Kathleen|Electro Shot\n|-boost|p1a: Kathleen|spa|1\n|-anim|p1a: Kathleen|Electro Shot|p2b: Starmie\n|-supereffective|p2b: Starmie|1\n|-damage|p2b: Starmie|0 fnt\n|faint|p2b: Starmie\n|move|p1b: Rosey|Weather Ball|p2a: Sableye\n|-damage|p2a: Sableye|0 fnt\n|faint|p2a: Sableye\n|\n|-weather|RainDance|[upkeep]\n|-heal|p1b: Rosey|17/100|[from] item: Leftovers\n|upkeep\n|\n|t:|1776232236\n|switch|p2b: Basculegion|Basculegion, L50, M|44/100\n|turn|11\n|\n|t:|1776232248\n|move|p2b: Basculegion|Last Respects|p1a: Kathleen\n|-damage|p1a: Kathleen|11/100\n|move|p1a: Kathleen|Electro Shot||[still]\n|-prepare|p1a: Kathleen|Electro Shot\n|-boost|p1a: Kathleen|spa|1\n|-anim|p1a: Kathleen|Electro Shot|p2b: Basculegion\n|-supereffective|p2b: Basculegion|1\n|-damage|p2b: Basculegion|0 fnt\n|faint|p2b: Basculegion\n|\n|win|testy accounty 2\n|raw|testy accounty 2's rating: 1386 &rarr; <strong>1401</strong><br />(+15 for winning)\n|raw|yixing_onestar's rating: 1290 &rarr; <strong>1272</strong><br />(-18 for losing)\n|l|\u2606yixing_onestar\n|player|p2|\n",
  "uploadtime": 1776232257,
  "views": 49,
  "formatid": "gen9championsvgc2026regma",
  "rating": 1272,
  "private": 0,
  "password": null
}