{
  "id": "gen9championsvgc2026regma-2584577081",
  "format": "[Gen 9 Champions] VGC 2026 Reg M-A",
  "players": [
    "thebeast4895",
    "I\u2764\ufe0f\u5a1c\u7984Forever"
  ],
  "log": "|j|\u2606thebeast4895\n|j|\u2606I\u2764\ufe0f\u5a1c\u7984Forever\n|html|<table width=\"100%\"><tr><td align=\"left\">thebeast4895</td><td align=\"right\">I\u2764\ufe0f\u5a1c\u7984Forever</tr><tr><td align=\"left\"><i class=\"fa fa-circle-o\"></i> <i class=\"fa fa-circle-o\"></i> </td><td align=\"right\"><i class=\"fa fa-circle-o\"></i> <i class=\"fa fa-circle\"></i> </tr></table>\n|uhtml|bestof|<h2><strong>Game 2</strong> of <a href=\"/game-bestof3-gen9championsvgc2026regma-2584572861\">a best-of-3</a></h2>\n|t:|1776269870\n|gametype|doubles\n|player|p1|thebeast4895|170|\n|player|p2|I\u2764\ufe0f\u5a1c\u7984Forever|youngcouple-gen4dp|\n|gen|9\n|tier|[Gen 9 Champions] VGC 2026 Reg M-A\n|rated|Tournament battle\n|rule|Species Clause: Limit one of each Pok\u00e9mon\n|rule|Item Clause: Limit 1 of each item\n|raw|<div class=\"infobox\"><details class=\"readmore\" open><summary><strong>2 custom rules:</strong></summary> Force Open Team Sheets, Best of = 3</details></div>\n|clearpoke\n|poke|p1|Palafin, L50, M|\n|poke|p1|Arcanine, L50, F|\n|poke|p1|Scizor, L50, M|\n|poke|p1|Tyranitar, L50, M|\n|poke|p1|Sneasler, L50, F|\n|poke|p1|Sinistcha, L50|\n|poke|p2|Sylveon, L50, F|\n|poke|p2|Wyrdeer, L50, F|\n|poke|p2|Whimsicott, L50, F|\n|poke|p2|Blastoise, L50, M|\n|poke|p2|Archaludon, L50, F|\n|poke|p2|Aegislash, L50, M|\n|teampreview|4\n|showteam|p1|Palafin||ChoiceScarf|ZerotoHero|FlipTurn,WaveCrash,CloseCombat,JetPunch|||M|||50|]Arcanine||PasshoBerry|Intimidate|WillOWisp,ExtremeSpeed,FlareBlitz,Protect|||F|||50|]Scizor||Scizorite|Technician|Protect,BugBite,BulletPunch,DualWingbeat|||M|||50|]Tyranitar||Tyranitarite|SandStream|Protect,RockSlide,KnockOff,LowKick|||M|||50|]Sneasler||WhiteHerb|Unburden|FakeOut,CloseCombat,DireClaw,Protect|||F|||50|]Sinistcha||SitrusBerry|Hospitality|Protect,MatchaGotcha,RagePowder,TrickRoom||||||50|\n|showteam|p2|Sylveon||FairyFeather|Pixilate|HyperVoice,Protect,Psychic,QuickAttack|||F|||50|]Wyrdeer||SitrusBerry|Intimidate|Thunderbolt,EarthPower,Protect,Psychic|||F|||50|]Whimsicott||FocusSash|Prankster|Tailwind,TrickRoom,EnergyBall,Protect|||F|||50|]Blastoise||Blastoisinite|Torrent|WaterSpout,AuraSphere,DarkPulse,Protect|||M|||50|]Archaludon||ChoiceScarf|Sturdy|DracoMeteor,IronHead,AuraSphere,Thunderbolt|||F|||50|]Aegislash||Leftovers|StanceChange|SacredSword,KingsShield,Substitute,IronHead|||M|||50|\n|j| LamestAmos\n|c|\u2606thebeast4895|blastiose walls my team alot tbh\n|j| etrdyfyiu\n|j|@Radio Free C-Side\n|j| knoxxzeta\n|\n|t:|1776269950\n|teamsize|p1|4\n|teamsize|p2|4\n|start\n|switch|p1a: Sneasler|Sneasler, L50, F, shiny|100/100\n|switch|p1b: Sinistcha|Sinistcha, L50|100/100\n|switch|p2a: Aegislash|Aegislash, L50, M|100/100\n|switch|p2b: Blastoise|Blastoise, L50, M|100/100\n|turn|1\n|\n|t:|1776269963\n|detailschange|p2b: Blastoise|Blastoise-Mega, L50, M\n|-mega|p2b: Blastoise|Blastoise|Blastoisinite\n|move|p1a: Sneasler|Fake Out|p2b: Blastoise\n|-damage|p2b: Blastoise|89/100\n|cant|p2b: Blastoise|flinch\n|move|p2a: Aegislash|Substitute|p2a: Aegislash\n|-start|p2a: Aegislash|Substitute\n|-damage|p2a: Aegislash|76/100\n|move|p1b: Sinistcha|Trick Room|p1b: Sinistcha\n|-fieldstart|move: Trick Room|[of] p1b: Sinistcha\n|\n|-heal|p2a: Aegislash|82/100|[from] item: Leftovers\n|upkeep\n|turn|2\n|j|+holdingb\n|\n|t:|1776269993\n|-formechange|p2a: Aegislash|Aegislash-Blade|\n|move|p2a: Aegislash|Iron Head|p1b: Sinistcha\n|-damage|p1b: Sinistcha|58/100\n|move|p1b: Sinistcha|Matcha Gotcha|p2b: Blastoise|[spread] p2a,p2b\n|-resisted|p2a: Aegislash|1\n|-end|p2a: Aegislash|Substitute\n|-heal|p1b: Sinistcha|70/100|[from] drain|[of] p2a: Aegislash\n|-supereffective|p2b: Blastoise|1\n|-damage|p2b: Blastoise|46/100\n|-heal|p1b: Sinistcha|92/100|[from] drain|[of] p2b: Blastoise\n|move|p2b: Blastoise|Dark Pulse|p1b: Sinistcha\n|-supereffective|p1b: Sinistcha|1\n|-damage|p1b: Sinistcha|0 fnt\n|faint|p1b: Sinistcha\n|move|p1a: Sneasler|Close Combat|p2b: Blastoise\n|-damage|p2b: Blastoise|0 fnt\n|-unboost|p1a: Sneasler|def|1\n|-unboost|p1a: Sneasler|spd|1\n|faint|p2b: Blastoise\n|-enditem|p1a: Sneasler|White Herb\n|-clearnegativeboost|p1a: Sneasler|[silent]\n|\n|-heal|p2a: Aegislash|88/100|[from] item: Leftovers\n|upkeep\n|j| Zonkah\n|\n|t:|1776270037\n|switch|p1b: Scizor|Scizor, L50, M|100/100\n|switch|p2b: Wyrdeer|Wyrdeer, L50, F|100/100\n|-ability|p2b: Wyrdeer|Intimidate|boost\n|-unboost|p1a: Sneasler|atk|1\n|-unboost|p1b: Scizor|atk|1\n|turn|3\n|j| Laskhoo\n|l| Laskhoo\n|\n|t:|1776270078\n|detailschange|p1b: Scizor|Scizor-Mega, L50, M\n|-mega|p1b: Scizor|Scizor|Scizorite\n|move|p1a: Sneasler|Protect|p1a: Sneasler\n|-singleturn|p1a: Sneasler|Protect\n|move|p2a: Aegislash|Substitute|p2a: Aegislash\n|-start|p2a: Aegislash|Substitute\n|-damage|p2a: Aegislash|63/100\n|move|p2b: Wyrdeer|Psychic|p1a: Sneasler\n|-activate|p1a: Sneasler|move: Protect\n|move|p1b: Scizor|Bug Bite|p2b: Wyrdeer\n|-supereffective|p2b: Wyrdeer|1\n|-damage|p2b: Wyrdeer|11/100\n|-enditem|p2b: Wyrdeer|Sitrus Berry|[from] stealeat|[move] Bug Bite|[of] p1b: Scizor\n|\n|-heal|p2a: Aegislash|69/100|[from] item: Leftovers\n|upkeep\n|turn|4\n|j| lifeconciousness\n|\n|t:|1776270103\n|switch|p1a: Tyranitar|Tyranitar, L50, M, shiny|100/100\n|-weather|Sandstorm|[from] ability: Sand Stream|[of] p1a: Tyranitar\n|move|p2b: Wyrdeer|Protect|p2b: Wyrdeer\n|-singleturn|p2b: Wyrdeer|Protect\n|move|p1b: Scizor|Bullet Punch|p2b: Wyrdeer\n|-activate|p2b: Wyrdeer|move: Protect\n|move|p2a: Aegislash|Iron Head|p1a: Tyranitar\n|-supereffective|p1a: Tyranitar|1\n|-damage|p1a: Tyranitar|25/100\n|\n|-weather|Sandstorm|[upkeep]\n|-damage|p2b: Wyrdeer|5/100|[from] Sandstorm\n|-heal|p2a: Aegislash|75/100|[from] item: Leftovers\n|upkeep\n|turn|5\n|l| lifeconciousness\n|\n|t:|1776270143\n|switch|p2b: Archaludon|Archaludon, L50, F|100/100\n|-formechange|p2a: Aegislash|Aegislash|\n|move|p2a: Aegislash|King's Shield|p2a: Aegislash\n|-singleturn|p2a: Aegislash|Protect\n|move|p1a: Tyranitar|Protect|p1a: Tyranitar\n|-singleturn|p1a: Tyranitar|Protect\n|move|p1b: Scizor|Bullet Punch|p2a: Aegislash\n|-activate|p2a: Aegislash|move: Protect\n|-unboost|p1b: Scizor|atk|1\n|\n|-weather|Sandstorm|[upkeep]\n|-heal|p2a: Aegislash|81/100|[from] item: Leftovers\n|-fieldend|move: Trick Room\n|upkeep\n|turn|6\n|\n|t:|1776270171\n|move|p1b: Scizor|Bullet Punch|p2b: Archaludon\n|-resisted|p2b: Archaludon|1\n|-damage|p2b: Archaludon|91/100\n|move|p2b: Archaludon|Thunderbolt|p1b: Scizor\n|-damage|p1b: Scizor|64/100\n|move|p1a: Tyranitar|Low Kick|p2b: Archaludon\n|-supereffective|p2b: Archaludon|1\n|-damage|p2b: Archaludon|42/100\n|-formechange|p2a: Aegislash|Aegislash-Blade|\n|move|p2a: Aegislash|Iron Head|p1a: Tyranitar\n|-supereffective|p1a: Tyranitar|1\n|-damage|p1a: Tyranitar|0 fnt\n|faint|p1a: Tyranitar\n|\n|-weather|Sandstorm|[upkeep]\n|-heal|p2a: Aegislash|87/100|[from] item: Leftovers\n|upkeep\n|\n|t:|1776270181\n|switch|p1a: Sneasler|Sneasler, L50, F, shiny|100/100\n|turn|7\n|\n|t:|1776270192\n|switch|p2b: Wyrdeer|Wyrdeer, L50, F|5/100\n|-ability|p2b: Wyrdeer|Intimidate|boost\n|-unboost|p1a: Sneasler|atk|1\n|-unboost|p1b: Scizor|atk|1\n|-formechange|p2a: Aegislash|Aegislash|\n|move|p2a: Aegislash|King's Shield|p2a: Aegislash\n|-singleturn|p2a: Aegislash|Protect\n|move|p1b: Scizor|Bullet Punch|p2a: Aegislash\n|-activate|p2a: Aegislash|move: Protect\n|-unboost|p1b: Scizor|atk|1\n|move|p1a: Sneasler|Close Combat|p2b: Wyrdeer\n|-damage|p2b: Wyrdeer|0 fnt\n|-unboost|p1a: Sneasler|def|1\n|-unboost|p1a: Sneasler|spd|1\n|faint|p2b: Wyrdeer\n|\n|-weather|Sandstorm|[upkeep]\n|-damage|p1a: Sneasler|95/100|[from] Sandstorm\n|-heal|p2a: Aegislash|93/100|[from] item: Leftovers\n|upkeep\n|l|@Radio Free C-Side\n|\n|t:|1776270206\n|switch|p2b: Archaludon|Archaludon, L50, F|42/100\n|turn|8\n|c|\u2606thebeast4895|yeah imma keep it real I dont like my odds here\n|\n|t:|1776270216\n|move|p1b: Scizor|Protect|p1b: Scizor\n|-singleturn|p1b: Scizor|Protect\n|move|p2b: Archaludon|Draco Meteor|p1a: Sneasler\n|-damage|p1a: Sneasler|0 fnt\n|-unboost|p2b: Archaludon|spa|2\n|faint|p1a: Sneasler\n|-formechange|p2a: Aegislash|Aegislash-Blade|\n|move|p2a: Aegislash|Sacred Sword|p1b: Scizor\n|-activate|p1b: Scizor|move: Protect\n|\n|-weather|none\n|-heal|p2a: Aegislash|99/100|[from] item: Leftovers\n|upkeep\n|turn|9\n|\n|t:|1776270224\n|move|p2b: Archaludon|Draco Meteor|p1b: Scizor\n|-resisted|p1b: Scizor|1\n|-damage|p1b: Scizor|46/100\n|-unboost|p2b: Archaludon|spa|2\n|move|p1b: Scizor|Bug Bite|p2b: Archaludon\n|-resisted|p2b: Archaludon|1\n|-damage|p2b: Archaludon|34/100\n|move|p2a: Aegislash|Sacred Sword|p1b: Scizor\n|-damage|p1b: Scizor|16/100\n|\n|-heal|p2a: Aegislash|100/100|[from] item: Leftovers\n|upkeep\n|turn|10\n|c|\u2606I\u2764\ufe0f\u5a1c\u7984Forever|Ggwp\n|c|\u2606thebeast4895|gg wp\n|c|\u2606thebeast4895|like blastoise is such a threat for me i had to kinda put myself in a bad position\n|c|\u2606thebeast4895|and trick room\n|c|\u2606thebeast4895|giving aegi\n|c|\u2606thebeast4895|speed\n|c|\u2606thebeast4895|shoulda just undid trick room next turn\n|-message|thebeast4895 forfeited.\n|\n|win|I\u2764\ufe0f\u5a1c\u7984Forever\n|l|\u2606thebeast4895\n|player|p1|\n",
  "uploadtime": 1776270286,
  "views": 17,
  "formatid": "gen9championsvgc2026regma",
  "rating": null,
  "private": 0,
  "password": null
}