{
  "id": "gen9championsvgc2026regma-2585528789",
  "format": "[Gen 9 Champions] VGC 2026 Reg M-A",
  "players": [
    "yamzinyobooty",
    "Mikitrash"
  ],
  "log": "|j|\u2606yamzinyobooty\n|j|\u2606Mikitrash\n|t:|1776353561\n|gametype|doubles\n|player|p1|yamzinyobooty|266|\n|player|p2|Mikitrash|tourist|\n|gen|9\n|tier|[Gen 9 Champions] VGC 2026 Reg M-A\n|rated|Tournament battle\n|rule|Species Clause: Limit one of each Pok\u00e9mon\n|rule|Item Clause: Limit 1 of each item\n|clearpoke\n|poke|p1|Charizard, L50, M|\n|poke|p1|Venusaur, L50, M|\n|poke|p1|Garchomp, L50, F|\n|poke|p1|Incineroar, L50, M|\n|poke|p1|Gardevoir, L50, M|\n|poke|p1|Milotic, L50, F|\n|poke|p2|Chandelure, L50, F|\n|poke|p2|Hydreigon, L50, F|\n|poke|p2|Whimsicott, L50, F|\n|poke|p2|Primarina, L50, M|\n|poke|p2|Tsareena, L50, F|\n|poke|p2|Excadrill, L50, F|\n|teampreview|4\n|\n|t:|1776353601\n|teamsize|p1|4\n|teamsize|p2|4\n|start\n|switch|p1a: Venusaur|Venusaur, L50, M|100/100\n|switch|p1b: Garchomp|Garchomp, L50, F|100/100\n|switch|p2a: Whimsicott|Whimsicott, L50, F|100/100\n|switch|p2b: Hydreigon|Hydreigon, L50, F|100/100\n|turn|1\n|inactive|Battle timer is ON: inactive players will automatically lose when time's up. (requested by yamzinyobooty)\n|\n|t:|1776353622\n|move|p2a: Whimsicott|Taunt|p1a: Venusaur\n|-start|p1a: Venusaur|move: Taunt\n|move|p1b: Garchomp|Rock Slide|p2b: Hydreigon|[spread] p2a,p2b\n|-crit|p2b: Hydreigon\n|-damage|p2a: Whimsicott|79/100\n|-damage|p2b: Hydreigon|71/100\n|move|p2b: Hydreigon|Breaking Swipe|p1a: Venusaur|[spread] p1a,p1b\n|-supereffective|p1b: Garchomp|1\n|-damage|p1a: Venusaur|83/100\n|-damage|p1b: Garchomp|70/100\n|-unboost|p1a: Venusaur|atk|1\n|-unboost|p1b: Garchomp|atk|1\n|-damage|p2b: Hydreigon|59/100|[from] ability: Rough Skin|[of] p1b: Garchomp\n|move|p1a: Venusaur|Sludge Bomb|p2a: Whimsicott\n|-supereffective|p2a: Whimsicott|2\n|-damage|p2a: Whimsicott|0 fnt\n|faint|p2a: Whimsicott\n|\n|upkeep\n|\n|t:|1776353638\n|switch|p2a: Primarina|Primarina, L50, M|100/100\n|turn|2\n|inactive|yamzinyobooty has 30 seconds left.\n|inactive|yamzinyobooty has 20 seconds left.\n|\n|t:|1776353677\n|switch|p2a: Chandelure|Chandelure, L50, F, shiny|100/100\n|move|p1b: Garchomp|Rock Slide|p2a: Chandelure|[spread] p2a,p2b\n|-supereffective|p2a: Chandelure|1\n|-damage|p2a: Chandelure|62/100\n|-damage|p2b: Hydreigon|47/100\n|-enditem|p2b: Hydreigon|Sitrus Berry|[eat]\n|-heal|p2b: Hydreigon|71/100|[from] item: Sitrus Berry\n|move|p2b: Hydreigon|Tailwind|p2b: Hydreigon\n|-sidestart|p2: Mikitrash|move: Tailwind\n|move|p1a: Venusaur|Energy Ball|p2a: Chandelure\n|-resisted|p2a: Chandelure|1\n|-damage|p2a: Chandelure|29/100\n|\n|upkeep\n|turn|3\n|inactive|Mikitrash has 30 seconds left.\n|\n|t:|1776353704\n|move|p2a: Chandelure|Protect|p2a: Chandelure\n|-singleturn|p2a: Chandelure|Protect\n|move|p2b: Hydreigon|Snarl|p1b: Garchomp|[spread] p1a,p1b\n|-damage|p1a: Venusaur|62/100\n|-damage|p1b: Garchomp|51/100\n|-unboost|p1a: Venusaur|spa|1\n|-unboost|p1b: Garchomp|spa|1\n|move|p1b: Garchomp|Rock Slide|p2a: Chandelure|[spread] p2b\n|-activate|p2a: Chandelure|move: Protect\n|-damage|p2b: Hydreigon|59/100\n|move|p1a: Venusaur|Sludge Bomb|p2b: Hydreigon\n|-damage|p2b: Hydreigon|31/100\n|-status|p2b: Hydreigon|psn\n|\n|-damage|p2b: Hydreigon|19/100 psn|[from] psn\n|-end|p1a: Venusaur|move: Taunt\n|upkeep\n|turn|4\n|\n|t:|1776353725\n|detailschange|p2a: Chandelure|Chandelure-Mega, L50, F, shiny\n|-mega|p2a: Chandelure|Chandelure|Chandelurite\n|move|p1a: Venusaur|Protect|p1a: Venusaur\n|-singleturn|p1a: Venusaur|Protect\n|move|p2b: Hydreigon|Draco Meteor|p1b: Garchomp\n|-supereffective|p1b: Garchomp|1\n|-damage|p1b: Garchomp|0 fnt\n|-unboost|p2b: Hydreigon|spa|2\n|faint|p1b: Garchomp\n|move|p2a: Chandelure|Heat Wave|p1a: Venusaur\n|-activate|p1a: Venusaur|move: Protect\n|\n|-damage|p2b: Hydreigon|7/100 psn|[from] psn\n|upkeep\n|\n|t:|1776353743\n|switch|p1b: Milotic|Milotic, L50, F|100/100\n|turn|5\n|inactive|Mikitrash has 30 seconds left.\n|inactive|Mikitrash has 20 seconds left.\n|\n|t:|1776353781\n|switch|p2b: Primarina|Primarina, L50, M|100/100\n|switch|p1a: Gardevoir|Gardevoir, L50, M|100/100\n|move|p1b: Milotic|Protect|p1b: Milotic\n|-singleturn|p1b: Milotic|Protect\n|move|p2a: Chandelure|Shadow Ball|p1b: Milotic\n|-activate|p1b: Milotic|move: Protect\n|\n|-sideend|p2: Mikitrash|move: Tailwind\n|upkeep\n|turn|6\n|inactive|yamzinyobooty has 30 seconds left.\n|\n|t:|1776353814\n|move|p2a: Chandelure|Protect|p2a: Chandelure\n|-singleturn|p2a: Chandelure|Protect\n|move|p1a: Gardevoir|Dazzling Gleam|p2a: Chandelure|[spread] p2b\n|-activate|p2a: Chandelure|move: Protect\n|-damage|p2b: Primarina|72/100\n|move|p2b: Primarina|Hydro Pump|p1a: Gardevoir|[miss]\n|-miss|p2b: Primarina|p1a: Gardevoir\n|move|p1b: Milotic|Ice Beam|p2b: Primarina\n|-resisted|p2b: Primarina|1\n|-damage|p2b: Primarina|61/100\n|\n|upkeep\n|turn|7\n|\n|t:|1776353835\n|move|p1a: Gardevoir|Dazzling Gleam|p2b: Primarina|[spread] p2a,p2b\n|-resisted|p2a: Chandelure|1\n|-damage|p2a: Chandelure|9/100\n|-damage|p2b: Primarina|30/100\n|move|p2a: Chandelure|Shadow Ball|p1a: Gardevoir\n|-supereffective|p1a: Gardevoir|1\n|-damage|p1a: Gardevoir|0 fnt\n|faint|p1a: Gardevoir\n|move|p2b: Primarina|Moonblast|p1b: Milotic\n|-damage|p1b: Milotic|67/100\n|move|p1b: Milotic|Scald|p2a: Chandelure\n|-supereffective|p2a: Chandelure|1\n|-damage|p2a: Chandelure|0 fnt\n|faint|p2a: Chandelure\n|\n|-heal|p1b: Milotic|73/100|[from] item: Leftovers\n|upkeep\n|\n|t:|1776353847\n|switch|p1a: Venusaur|Venusaur, L50, M|62/100\n|switch|p2a: Hydreigon|Hydreigon, L50, F|7/100 psn\n|turn|8\n|\n|t:|1776353857\n|move|p1a: Venusaur|Protect|p1a: Venusaur\n|-singleturn|p1a: Venusaur|Protect\n|move|p1b: Milotic|Protect|p1b: Milotic\n|-singleturn|p1b: Milotic|Protect\n|move|p2a: Hydreigon|Draco Meteor|p1a: Venusaur\n|-activate|p1a: Venusaur|move: Protect\n|move|p2b: Primarina|Moonblast|p1b: Milotic\n|-activate|p1b: Milotic|move: Protect\n|\n|-heal|p1b: Milotic|79/100|[from] item: Leftovers\n|-damage|p2a: Hydreigon|0 fnt|[from] psn\n|faint|p2a: Hydreigon\n|upkeep\n|turn|9\n|inactive|yamzinyobooty has 30 seconds left.\n|inactive|yamzinyobooty has 20 seconds left.\n|inactive|yamzinyobooty has 15 seconds left.\n|\n|t:|1776353897\n|move|p1a: Venusaur|Energy Ball|p2b: Primarina\n|-supereffective|p2b: Primarina|1\n|-damage|p2b: Primarina|0 fnt\n|faint|p2b: Primarina\n|\n|win|yamzinyobooty\n|n|\u2606yamzinyobooty|yamzinyobooty\n|n|\u2606Mikitrash|mikitrash\n",
  "uploadtime": 1776353898,
  "views": 24,
  "formatid": "gen9championsvgc2026regma",
  "rating": null,
  "private": 0,
  "password": null
}