{
  "id": "gen9championsvgc2026regma-2588396128",
  "format": "[Gen 9 Champions] VGC 2026 Reg M-A",
  "players": [
    "Metroshock",
    "BrodaxVGC"
  ],
  "log": "|j|\u2606Metroshock\n|j|\u2606BrodaxVGC\n|t:|1776629992\n|gametype|doubles\n|player|p1|Metroshock|miku-fire|1487\n|player|p2|BrodaxVGC|265|1536\n|gen|9\n|tier|[Gen 9 Champions] VGC 2026 Reg M-A\n|rated|\n|rule|Species Clause: Limit one of each Pok\u00e9mon\n|rule|Item Clause: Limit 1 of each item\n|clearpoke\n|poke|p1|Crabominable, L50, M|\n|poke|p1|Basculegion, L50, M|\n|poke|p1|Sinistcha, L50|\n|poke|p1|Archaludon, L50, M|\n|poke|p1|Pelipper, L50, M|\n|poke|p1|Incineroar, L50, F|\n|poke|p2|Excadrill, L50, F|\n|poke|p2|Tyranitar, L50, M|\n|poke|p2|Incineroar, L50, F|\n|poke|p2|Sinistcha, L50|\n|poke|p2|Gengar, L50, M|\n|poke|p2|Kommo-o, L50, M|\n|teampreview|4\n|inactive|Battle timer is ON: inactive players will automatically lose when time's up. (requested by BrodaxVGC)\n|inactive|BrodaxVGC has 60 seconds left.\nMetroshock has agreed to open team sheets.\n|\n|t:|1776630027\n|teamsize|p1|4\n|teamsize|p2|4\n|start\n|switch|p1a: BIG ROG|Crabominable, L50, M|100/100\n|switch|p1b: Basc in glory|Basculegion, L50, M|100/100\n|switch|p2a: Incineroar|Incineroar, L50, F|100/100\n|switch|p2b: Kommo-o|Kommo-o, L50, M|100/100\n|-ability|p2a: Incineroar|Intimidate|boost\n|-fail|p1a: BIG ROG|unboost|Attack|[from] ability: Hyper Cutter|[of] p1a: BIG ROG\n|-unboost|p1b: Basc in glory|atk|1\n|turn|1\n|\n|t:|1776630037\n|move|p1a: BIG ROG|Protect|p1a: BIG ROG\n|-singleturn|p1a: BIG ROG|Protect\n|move|p2a: Incineroar|Fake Out|p1a: BIG ROG\n|-activate|p1a: BIG ROG|move: Protect\n|move|p1b: Basc in glory|Wave Crash|p2a: Incineroar\n|-supereffective|p2a: Incineroar|1\n|-damage|p2a: Incineroar|5/100\n|-damage|p1b: Basc in glory|69/100|[from] Recoil\n|move|p2b: Kommo-o|Clangorous Soul|p2b: Kommo-o\n|-boost|p2b: Kommo-o|atk|1\n|-boost|p2b: Kommo-o|def|1\n|-boost|p2b: Kommo-o|spa|1\n|-boost|p2b: Kommo-o|spd|1\n|-boost|p2b: Kommo-o|spe|1\n|-damage|p2b: Kommo-o|68/100\n|\n|-heal|p2b: Kommo-o|74/100|[from] item: Leftovers\n|upkeep\n|turn|2\n|inactive|BrodaxVGC has 30 seconds left.\n|inactive|BrodaxVGC has 20 seconds left.\n|\n|t:|1776630072\n|switch|p2a: Sinistcha|Sinistcha, L50|100/100\n|-heal|p2b: Kommo-o|98/100|[from] ability: Hospitality|[of] p2a: Sinistcha\n|detailschange|p1a: BIG ROG|Crabominable-Mega, L50, M\n|-mega|p1a: BIG ROG|Crabominable|Crabominite\n|move|p2b: Kommo-o|Protect|p2b: Kommo-o\n|-singleturn|p2b: Kommo-o|Protect\n|move|p1b: Basc in glory|Wave Crash|p2a: Sinistcha\n|-resisted|p2a: Sinistcha|1\n|-crit|p2a: Sinistcha\n|-damage|p2a: Sinistcha|43/100\n|-enditem|p2a: Sinistcha|Sitrus Berry|[eat]\n|-heal|p2a: Sinistcha|67/100|[from] item: Sitrus Berry\n|-damage|p1b: Basc in glory|51/100|[from] Recoil\n|move|p1a: BIG ROG|Ice Hammer|p2b: Kommo-o\n|-activate|p2b: Kommo-o|move: Protect\n|\n|-heal|p2b: Kommo-o|100/100|[from] item: Leftovers\n|upkeep\n|turn|3\n|\n|t:|1776630097\n|switch|p1b: The fish eater|Pelipper, L50, M|100/100\n|-weather|RainDance|[from] ability: Drizzle|[of] p1b: The fish eater\n|move|p2b: Kommo-o|Aura Sphere|p1a: BIG ROG\n|-supereffective|p1a: BIG ROG|1\n|-damage|p1a: BIG ROG|15/100\n|move|p2a: Sinistcha|Matcha Gotcha|p1a: BIG ROG|[spread] p1a,p1b\n|-damage|p1a: BIG ROG|0 fnt\n|-heal|p2a: Sinistcha|76/100|[from] drain|[of] p1a: BIG ROG\n|-damage|p1b: The fish eater|55/100\n|-heal|p2a: Sinistcha|94/100|[from] drain|[of] p1b: The fish eater\n|faint|p1a: BIG ROG\n|\n|-weather|RainDance|[upkeep]\n|upkeep\n|\n|t:|1776630107\n|switch|p1a: Super Fly|Archaludon, L50, M|100/100\n|turn|4\n|\n|t:|1776630123\n|move|p1a: Super Fly|Protect|p1a: Super Fly\n|-singleturn|p1a: Super Fly|Protect\n|move|p2a: Sinistcha|Rage Powder|p2a: Sinistcha\n|-singleturn|p2a: Sinistcha|move: Rage Powder\n|move|p2b: Kommo-o|Clanging Scales|p1b: The fish eater|[spread] p1b\n|-activate|p1a: Super Fly|move: Protect\n|-damage|p1b: The fish eater|0 fnt\n|faint|p1b: The fish eater\n|-unboost|p2b: Kommo-o|def|1\n|\n|-weather|RainDance|[upkeep]\n|upkeep\n|\n|t:|1776630132\n|switch|p1b: Basc in glory|Basculegion, L50, M|51/100\n|turn|5\n|\n|t:|1776630152\n|switch|p2a: Tyranitar|Tyranitar, L50, M|100/100\n|-weather|Sandstorm|[from] ability: Sand Stream|[of] p2a: Tyranitar\n|move|p1b: Basc in glory|Last Respects|p2b: Kommo-o\n|-damage|p2b: Kommo-o|17/100\n|move|p2b: Kommo-o|Aura Sphere|p1a: Super Fly\n|-supereffective|p1a: Super Fly|1\n|-damage|p1a: Super Fly|4/100\n|-ability|p1a: Super Fly|Stamina|boost\n|-boost|p1a: Super Fly|def|1\n|move|p1a: Super Fly|Dragon Pulse|p2a: Tyranitar\n|-damage|p2a: Tyranitar|77/100\n|\n|-weather|Sandstorm|[upkeep]\n|-damage|p1b: Basc in glory|45/100|[from] Sandstorm\n|-heal|p2b: Kommo-o|23/100|[from] item: Leftovers\n|-heal|p1a: Super Fly|10/100|[from] item: Leftovers\n|upkeep\n|turn|6\n|\n|t:|1776630168\n|switch|p2a: Sinistcha|Sinistcha, L50|94/100\n|-heal|p2b: Kommo-o|48/100|[from] ability: Hospitality|[of] p2a: Sinistcha\n|move|p2b: Kommo-o|Protect|p2b: Kommo-o\n|-singleturn|p2b: Kommo-o|Protect\n|move|p1b: Basc in glory|Last Respects|p2b: Kommo-o\n|-activate|p2b: Kommo-o|move: Protect\n|move|p1a: Super Fly|Flash Cannon|p2a: Sinistcha\n|-damage|p2a: Sinistcha|56/100\n|\n|-weather|Sandstorm|[upkeep]\n|-damage|p1b: Basc in glory|39/100|[from] Sandstorm\n|-damage|p2a: Sinistcha|50/100|[from] Sandstorm\n|-heal|p2b: Kommo-o|54/100|[from] item: Leftovers\n|-heal|p1a: Super Fly|16/100|[from] item: Leftovers\n|upkeep\n|turn|7\n|\n|t:|1776630178\n|move|p2a: Sinistcha|Rage Powder|p2a: Sinistcha\n|-singleturn|p2a: Sinistcha|move: Rage Powder\n|move|p1b: Basc in glory|Last Respects|p2a: Sinistcha\n|-supereffective|p2a: Sinistcha|1\n|-damage|p2a: Sinistcha|0 fnt\n|faint|p2a: Sinistcha\n|move|p2b: Kommo-o|Clanging Scales|p1a: Super Fly|[spread] p1a,p1b\n|-damage|p1a: Super Fly|0 fnt\n|-damage|p1b: Basc in glory|0 fnt\n|faint|p1a: Super Fly\n|faint|p1b: Basc in glory\n|\n|win|BrodaxVGC\n|raw|Metroshock's rating: 1487 &rarr; <strong>1470</strong><br />(-17 for losing)\n|raw|BrodaxVGC's rating: 1536 &rarr; <strong>1553</strong><br />(+17 for winning)\n|l|\u2606Metroshock\n|player|p1|\n|l|\u2606BrodaxVGC\n|player|p2|\n",
  "uploadtime": 1776630246,
  "views": 14,
  "formatid": "gen9championsvgc2026regma",
  "rating": 1470,
  "private": 0,
  "password": null
}