{
  "id": "gen9championsvgc2026regma-2585161480",
  "format": "[Gen 9 Champions] VGC 2026 Reg M-A",
  "players": [
    "series team",
    "ChampionsmatchVGC"
  ],
  "log": "|j|\u2606series team\n|j|\u2606ChampionsmatchVGC\n|t:|1776319409\n|gametype|doubles\n|player|p1|series team|266|1439\n|player|p2|ChampionsmatchVGC|gardenia|1459\n|gen|9\n|tier|[Gen 9 Champions] VGC 2026 Reg M-A\n|rated|\n|rule|Species Clause: Limit one of each Pok\u00e9mon\n|rule|Item Clause: Limit 1 of each item\n|clearpoke\n|poke|p1|Victreebel, L50, F|\n|poke|p1|Basculegion, L50, M|\n|poke|p1|Kingambit, L50, F|\n|poke|p1|Tyranitar, L50, F|\n|poke|p1|Typhlosion-Hisui, L50, M|\n|poke|p1|Dragonite, L50, F|\n|poke|p2|Garchomp, L50, F|\n|poke|p2|Delphox, L50, F|\n|poke|p2|Floette-Eternal, L50, F|\n|poke|p2|Kingambit, L50, M|\n|poke|p2|Basculegion, L50, M|\n|poke|p2|Rotom-Wash, L50|\n|teampreview|4\n|\n|t:|1776319429\n|teamsize|p1|4\n|teamsize|p2|4\n|start\n|switch|p1a: Dragonite|Dragonite, L50, F|100/100\n|switch|p1b: Kingambit|Kingambit, L50, F|100/100\n|switch|p2a: Garchomp|Garchomp, L50, F|100/100\n|switch|p2b: Rotom|Rotom-Wash, L50|100/100\n|turn|1\n|\n|t:|1776319443\n|move|p2b: Rotom|Will-O-Wisp|p1a: Dragonite|[miss]\n|-miss|p2b: Rotom|p1a: Dragonite\n|move|p2a: Garchomp|Stomping Tantrum|p1b: Kingambit\n|-supereffective|p1b: Kingambit|1\n|-damage|p1b: Kingambit|32/100\n|move|p1a: Dragonite|Aerial Ace|p2a: Garchomp\n|-damage|p2a: Garchomp|71/100\n|-damage|p1a: Dragonite|88/100|[from] ability: Rough Skin|[of] p2a: Garchomp\n|move|p1b: Kingambit|Kowtow Cleave|p2b: Rotom\n|-damage|p2b: Rotom|37/100\n|\n|upkeep\n|turn|2\n|\n|t:|1776319460\n|move|p1b: Kingambit|Sucker Punch|p2a: Garchomp\n|-damage|p2a: Garchomp|29/100\n|-damage|p1b: Kingambit|20/100|[from] ability: Rough Skin|[of] p2a: Garchomp\n|-enditem|p2a: Garchomp|Sitrus Berry|[eat]\n|-heal|p2a: Garchomp|54/100|[from] item: Sitrus Berry\n|move|p2b: Rotom|Will-O-Wisp|p1a: Dragonite\n|-status|p1a: Dragonite|brn\n|move|p2a: Garchomp|Rock Slide|p1a: Dragonite|[spread] p1a\n|-miss|p2a: Garchomp|p1b: Kingambit\n|-supereffective|p1a: Dragonite|1\n|-damage|p1a: Dragonite|46/100 brn\n|move|p1a: Dragonite|Aerial Ace|p2a: Garchomp\n|-damage|p2a: Garchomp|39/100\n|-damage|p1a: Dragonite|34/100 brn|[from] ability: Rough Skin|[of] p2a: Garchomp\n|\n|-damage|p1a: Dragonite|28/100 brn|[from] brn\n|upkeep\n|turn|3\n|\n|t:|1776319477\n|move|p2a: Garchomp|Protect|p2a: Garchomp\n|-singleturn|p2a: Garchomp|Protect\n|move|p1a: Dragonite|Extreme Speed|p2b: Rotom\n|-damage|p2b: Rotom|21/100\n|move|p2b: Rotom|Will-O-Wisp|p1b: Kingambit\n|-status|p1b: Kingambit|brn\n|move|p1b: Kingambit|Kowtow Cleave|p2b: Rotom\n|-damage|p2b: Rotom|0 fnt\n|faint|p2b: Rotom\n|\n|-damage|p1a: Dragonite|23/100 brn|[from] brn\n|-damage|p1b: Kingambit|14/100 brn|[from] brn\n|upkeep\n|j| jeskyv2\n|\n|t:|1776319498\n|switch|p2b: Kingambit|Kingambit, L50, M|100/100\n|turn|4\n|\n|t:|1776319506\n|move|p2b: Kingambit|Protect|p2b: Kingambit\n|-singleturn|p2b: Kingambit|Protect\n|move|p2a: Garchomp|Rock Slide|p1b: Kingambit|[spread] p1a,p1b\n|-supereffective|p1a: Dragonite|1\n|-resisted|p1b: Kingambit|1\n|-damage|p1a: Dragonite|0 fnt\n|-damage|p1b: Kingambit|5/100 brn\n|faint|p1a: Dragonite\n|move|p1b: Kingambit|Low Kick|p2b: Kingambit\n|-activate|p2b: Kingambit|move: Protect\n|\n|-damage|p1b: Kingambit|0 fnt|[from] brn\n|faint|p1b: Kingambit\n|upkeep\n|\n|t:|1776319510\n|switch|p1a: Tyranitar|Tyranitar, L50, F|100/100\n|switch|p1b: Basculegion|Basculegion, L50, M|100/100\n|-weather|Sandstorm|[from] ability: Sand Stream|[of] p1a: Tyranitar\n|turn|5\n|\n|t:|1776319533\n|move|p1b: Basculegion|Last Respects|p2a: Garchomp\n|-damage|p2a: Garchomp|0 fnt\n|faint|p2a: Garchomp\n|move|p1a: Tyranitar|Low Kick|p2b: Kingambit\n|-supereffective|p2b: Kingambit|2\n|-enditem|p2b: Kingambit|Chople Berry|[eat]\n|-enditem|p2b: Kingambit|Chople Berry|[weaken]\n|-damage|p2b: Kingambit|49/100\n|move|p2b: Kingambit|Kowtow Cleave|p1b: Basculegion\n|-supereffective|p1b: Basculegion|1\n|-damage|p1b: Basculegion|1/100\n|\n|-weather|Sandstorm|[upkeep]\n|-damage|p1b: Basculegion|0 fnt|[from] Sandstorm\n|faint|p1b: Basculegion\n|upkeep\n|\n|t:|1776319539\n|switch|p2a: Basculegion|Basculegion, L50, M|100/100\n|turn|6\n|j| your stepsister\n|\n|t:|1776319555\n|move|p2a: Basculegion|Liquidation|p1a: Tyranitar\n|-supereffective|p1a: Tyranitar|1\n|-damage|p1a: Tyranitar|25/100\n|move|p1a: Tyranitar|Knock Off|p2a: Basculegion\n|-supereffective|p2a: Basculegion|1\n|-enditem|p2a: Basculegion|Focus Sash\n|-damage|p2a: Basculegion|1/100\n|move|p2b: Kingambit|Low Kick|p1a: Tyranitar\n|-supereffective|p1a: Tyranitar|2\n|-enditem|p1a: Tyranitar|Chople Berry|[eat]\n|-enditem|p1a: Tyranitar|Chople Berry|[weaken]\n|-damage|p1a: Tyranitar|0 fnt\n|faint|p1a: Tyranitar\n|\n|win|ChampionsmatchVGC\n|raw|series team's rating: 1439 &rarr; <strong>1420</strong><br />(-19 for losing)\n|raw|ChampionsmatchVGC's rating: 1459 &rarr; <strong>1478</strong><br />(+19 for winning)\n|l|\u2606series team\n|player|p1|\n|l|\u2606ChampionsmatchVGC\n|player|p2|\n",
  "uploadtime": 1776319568,
  "views": 65,
  "formatid": "gen9championsvgc2026regma",
  "rating": 1420,
  "private": 0,
  "password": null
}