{
  "id": "gen9championsvgc2026regma-2581416622",
  "format": "[Gen 9 Champions] VGC 2026 Reg M-A",
  "players": [
    "AD1010",
    "B. Farro"
  ],
  "log": "|j|\u2606AD1010\n|j|\u2606B. Farro\n|t:|1775998232\n|gametype|doubles\n|player|p1|AD1010|blaine|1010\n|player|p2|B. Farro|ingo|1092\n|gen|9\n|tier|[Gen 9 Champions] VGC 2026 Reg M-A\n|rated|\n|rule|Species Clause: Limit one of each Pok\u00e9mon\n|rule|Item Clause: Limit 1 of each item\n|clearpoke\n|poke|p1|Charizard, L50, M|\n|poke|p1|Dragapult, L50, F|\n|poke|p1|Milotic, L50, F|\n|poke|p1|Gengar, L50, F|\n|poke|p1|Arcanine, L50, M|\n|poke|p1|Jolteon, L50, M|\n|poke|p2|Glimmora, L50, F|\n|poke|p2|Whimsicott, L50, F|\n|poke|p2|Altaria, L50, M|\n|poke|p2|Tauros-Paldea-Blaze, L50, M|\n|poke|p2|Garchomp, L50, F|\n|poke|p2|Kangaskhan, L50, F|\n|teampreview|4\n|inactive|Battle timer is ON: inactive players will automatically lose when time's up. (requested by AD1010)\n|\n|t:|1775998284\n|teamsize|p1|4\n|teamsize|p2|4\n|start\n|switch|p1a: Arcanine|Arcanine, L50, M|100/100\n|switch|p1b: Charizard|Charizard, L50, M|100/100\n|switch|p2a: Glimmora|Glimmora, L50, F|100/100\n|switch|p2b: Kangaskhan|Kangaskhan, L50, F|100/100\n|-ability|p1a: Arcanine|Intimidate|boost\n|-unboost|p2a: Glimmora|atk|1\n|-fail|p2b: Kangaskhan|unboost|Attack|[from] ability: Scrappy|[of] p2b: Kangaskhan\n|turn|1\n|\n|t:|1775998306\n|detailschange|p1b: Charizard|Charizard-Mega-Y, L50, M\n|-mega|p1b: Charizard|Charizard|Charizardite Y\n|-weather|SunnyDay|[from] ability: Drought|[of] p1b: Charizard\n|detailschange|p2a: Glimmora|Glimmora-Mega, L50, F\n|-mega|p2a: Glimmora|Glimmora|Glimmoranite\n|move|p1b: Charizard|Protect|p1b: Charizard\n|-singleturn|p1b: Charizard|Protect\n|move|p2b: Kangaskhan|Fake Out|p1b: Charizard\n|-activate|p1b: Charizard|move: Protect\n|move|p1a: Arcanine|Close Combat|p2b: Kangaskhan\n|-supereffective|p2b: Kangaskhan|1\n|-enditem|p2b: Kangaskhan|Chople Berry|[eat]\n|-enditem|p2b: Kangaskhan|Chople Berry|[weaken]\n|-damage|p2b: Kangaskhan|64/100\n|-unboost|p1a: Arcanine|def|1\n|-unboost|p1a: Arcanine|spd|1\n|move|p2a: Glimmora|Power Gem|p1a: Arcanine\n|-supereffective|p1a: Arcanine|1\n|-damage|p1a: Arcanine|0 fnt\n|faint|p1a: Arcanine\n|\n|-weather|SunnyDay|[upkeep]\n|upkeep\n|\n|t:|1775998329\n|switch|p1a: Milotic|Milotic, L50, F|100/100\n|turn|2\n|\n|t:|1775998350\n|switch|p1b: Dragapult|Dragapult, L50, F|100/100\n|switch|p2b: Whimsicott|Whimsicott, L50, F|100/100\n|move|p2a: Glimmora|Power Gem|p1b: Dragapult\n|-damage|p1b: Dragapult|20/100\n|move|p1a: Milotic|Scald|p2a: Glimmora\n|-supereffective|p2a: Glimmora|1\n|-damage|p2a: Glimmora|65/100\n|\n|-weather|SunnyDay|[upkeep]\n|upkeep\n|turn|3\n|\n|t:|1775998374\n|move|p2b: Whimsicott|Tailwind|p2b: Whimsicott\n|-sidestart|p2: B. Farro|move: Tailwind\n|move|p2a: Glimmora|Sludge Bomb|p1a: Milotic\n|-damage|p1a: Milotic|44/100\n|move|p1b: Dragapult|Psychic Fangs|p2a: Glimmora\n|-supereffective|p2a: Glimmora|1\n|-damage|p2a: Glimmora|12/100\n|move|p1a: Milotic|Ice Beam|p2b: Whimsicott\n|-supereffective|p2b: Whimsicott|1\n|-damage|p2b: Whimsicott|30/100\n|\n|-weather|SunnyDay|[upkeep]\n|-heal|p1a: Milotic|50/100|[from] item: Leftovers\n|upkeep\n|turn|4\n|inactive|B. Farro has 30 seconds left.\n|\n|t:|1775998399\n|move|p2a: Glimmora|Spiky Shield|p2a: Glimmora\n|-singleturn|p2a: Glimmora|move: Protect\n|move|p1b: Dragapult|Sucker Punch||[still]\n|-fail|p1b: Dragapult\n|move|p2b: Whimsicott|Moonblast|p1b: Dragapult\n|-supereffective|p1b: Dragapult|1\n|-damage|p1b: Dragapult|0 fnt\n|faint|p1b: Dragapult\n|move|p1a: Milotic|Ice Beam|p2b: Whimsicott\n|-supereffective|p2b: Whimsicott|1\n|-damage|p2b: Whimsicott|0 fnt\n|faint|p2b: Whimsicott\n|\n|-weather|SunnyDay|[upkeep]\n|-heal|p1a: Milotic|56/100|[from] item: Leftovers\n|upkeep\n|\n|t:|1775998422\n|switch|p1b: Charizard|Charizard-Mega-Y, L50, M|100/100\n|switch|p2b: Kangaskhan|Kangaskhan, L50, F|64/100\n|turn|5\n|\n|t:|1775998436\n|move|p1b: Charizard|Protect|p1b: Charizard\n|-singleturn|p1b: Charizard|Protect\n|move|p2a: Glimmora|Power Gem|p1b: Charizard\n|-activate|p1b: Charizard|move: Protect\n|move|p2b: Kangaskhan|Double-Edge|p1a: Milotic\n|-damage|p1a: Milotic|6/100\n|-damage|p2b: Kangaskhan|50/100|[from] Recoil\n|move|p1a: Milotic|Scald|p2a: Glimmora\n|-supereffective|p2a: Glimmora|1\n|-damage|p2a: Glimmora|0 fnt\n|faint|p2a: Glimmora\n|\n|-weather|none\n|-heal|p1a: Milotic|11/100|[from] item: Leftovers\n|upkeep\n|\n|t:|1775998446\n|switch|p2a: Altaria|Altaria, L50, M|100/100\n|-ability|p2a: Altaria|Cloud Nine\n|turn|6\n|inactive|B. Farro has 30 seconds left.\n|\n|t:|1775998474\n|move|p1a: Milotic|Protect|p1a: Milotic\n|-singleturn|p1a: Milotic|Protect\n|move|p2a: Altaria|Ice Beam|p1b: Charizard\n|-damage|p1b: Charizard|84/100\n|move|p2b: Kangaskhan|Double-Edge|p1a: Milotic\n|-activate|p1a: Milotic|move: Protect\n|move|p1b: Charizard|Dragon Pulse|p2a: Altaria\n|-supereffective|p2a: Altaria|1\n|-damage|p2a: Altaria|40/100\n|\n|-heal|p1a: Milotic|17/100|[from] item: Leftovers\n|-sideend|p2: B. Farro|move: Tailwind\n|upkeep\n|turn|7\n|inactive|AD1010 has 30 seconds left.\n|\n|t:|1775998500\n|move|p2a: Altaria|Protect|p2a: Altaria\n|-singleturn|p2a: Altaria|Protect\n|move|p1b: Charizard|Heat Wave|p2b: Kangaskhan|[spread] p2b\n|-activate|p2a: Altaria|move: Protect\n|-damage|p2b: Kangaskhan|5/100\n|move|p1a: Milotic|Ice Beam|p2a: Altaria\n|-activate|p2a: Altaria|move: Protect\n|move|p2b: Kangaskhan|Double-Edge|p1a: Milotic\n|-damage|p1a: Milotic|0 fnt\n|faint|p1a: Milotic\n|-damage|p2b: Kangaskhan|0 fnt|[from] Recoil\n|faint|p2b: Kangaskhan\n|\n|upkeep\n|turn|8\n|-message|B. Farro forfeited.\n|\n|win|AD1010\n|raw|AD1010's rating: 1010 &rarr; <strong>1057</strong><br />(+47 for winning)\n|raw|B. Farro's rating: 1092 &rarr; <strong>1063</strong><br />(-29 for losing)\n",
  "uploadtime": 1775998517,
  "views": 21,
  "formatid": "gen9championsvgc2026regma",
  "rating": 1057,
  "private": 0,
  "password": null
}