{
  "id": "gen9championsvgc2026regma-2587104677",
  "format": "[Gen 9 Champions] VGC 2026 Reg M-A",
  "players": [
    "Warknight08",
    "gakkaowu"
  ],
  "log": "|j|\u2606Warknight08\n|j|\u2606gakkaowu\n|t:|1776494015\n|gametype|doubles\n|player|p1|Warknight08|265|1040\n|player|p2|gakkaowu|266|1000\n|gen|9\n|tier|[Gen 9 Champions] VGC 2026 Reg M-A\n|rated|\n|rule|Species Clause: Limit one of each Pok\u00e9mon\n|rule|Item Clause: Limit 1 of each item\n|clearpoke\n|poke|p1|Beedrill, L50, F|\n|poke|p1|Camerupt, L50, F|\n|poke|p1|Aegislash, L50, M|\n|poke|p1|Wyrdeer, L50, M|\n|poke|p1|Arcanine, L50, F|\n|poke|p1|Rotom-Wash, L50|\n|poke|p2|Sableye, L50, F|\n|poke|p2|Sneasler, L50, M|\n|poke|p2|Flapple, L50, M|\n|poke|p2|Garchomp, L50, F|\n|poke|p2|Chandelure, L50, M|\n|poke|p2|Excadrill, L50, F|\n|teampreview|4\n|inactive|Battle timer is ON: inactive players will automatically lose when time's up. (requested by Warknight08)\n|\n|t:|1776494042\n|teamsize|p1|4\n|teamsize|p2|4\n|start\n|switch|p1a: Wyrdeer|Wyrdeer, L50, M|100/100\n|switch|p1b: Aegislash|Aegislash, L50, M|100/100\n|switch|p2a: Sableye|Sableye, L50, F|100/100\n|switch|p2b: Excadrill|Excadrill, L50, F|100/100\n|-ability|p1a: Wyrdeer|Intimidate|boost\n|-unboost|p2a: Sableye|atk|1\n|-unboost|p2b: Excadrill|atk|1\n|turn|1\n|inactive|gakkaowu has 30 seconds left.\n|\n|t:|1776494067\n|detailschange|p2b: Excadrill|Excadrill-Mega, L50, F\n|-mega|p2b: Excadrill|Excadrill|Excadrite\n|move|p1b: Aegislash|Wide Guard|p1b: Aegislash\n|-singleturn|p1b: Aegislash|Wide Guard\n|move|p2a: Sableye|Gravity|p2a: Sableye\n|-fieldstart|move: Gravity\n|move|p2b: Excadrill|Earthquake|p1b: Aegislash|[spread] p2a\n|-activate|p1a: Wyrdeer|move: Wide Guard\n|-activate|p1b: Aegislash|move: Wide Guard\n|-damage|p2a: Sableye|66/100\n|move|p1a: Wyrdeer|Trick Room|p1a: Wyrdeer\n|-fieldstart|move: Trick Room|[of] p1a: Wyrdeer\n|\n|upkeep\n|turn|2\n|\n|t:|1776494091\n|switch|p1a: Arcanine|Arcanine, L50, F|100/100\n|-ability|p1a: Arcanine|Intimidate|boost\n|-unboost|p2a: Sableye|atk|1\n|-unboost|p2b: Excadrill|atk|1\n|switch|p1b: Camerupt|Camerupt, L50, F|100/100\n|move|p2a: Sableye|Protect|p2a: Sableye\n|-singleturn|p2a: Sableye|Protect\n|move|p2b: Excadrill|Horn Drill|p1a: Arcanine|[miss]\n|-miss|p2b: Excadrill|p1a: Arcanine\n|\n|upkeep\n|turn|3\n|\n|t:|1776494113\n|move|p2a: Sableye|Quash|p1b: Camerupt\n|-activate|p1b: Camerupt|move: Quash\n|move|p1a: Arcanine|Will-O-Wisp|p2b: Excadrill\n|-status|p2b: Excadrill|brn\n|move|p2b: Excadrill|Horn Drill|p1b: Camerupt\n|-damage|p1b: Camerupt|0 fnt\n|faint|p1b: Camerupt\n|-ohko\n|\n|-damage|p2b: Excadrill|95/100 brn|[from] brn\n|upkeep\n|\n|t:|1776494137\n|switch|p1b: Aegislash|Aegislash, L50, M|100/100\n|turn|4\n|\n|t:|1776494159\n|move|p2a: Sableye|Protect|p2a: Sableye\n|-singleturn|p2a: Sableye|Protect\n|-formechange|p1b: Aegislash|Aegislash-Blade|\n|move|p1b: Aegislash|Shadow Ball|p2a: Sableye\n|-activate|p2a: Sableye|move: Protect\n|move|p1a: Arcanine|Flare Blitz|p2b: Excadrill\n|-supereffective|p2b: Excadrill|1\n|-damage|p2b: Excadrill|8/100 brn\n|-damage|p1a: Arcanine|69/100|[from] Recoil\n|move|p2b: Excadrill|Horn Drill|p1a: Arcanine\n|-damage|p1a: Arcanine|0 fnt\n|faint|p1a: Arcanine\n|-ohko\n|\n|-damage|p2b: Excadrill|2/100 brn|[from] brn\n|upkeep\n|\n|t:|1776494176\n|switch|p1a: Wyrdeer|Wyrdeer, L50, M|100/100\n|-ability|p1a: Wyrdeer|Intimidate|boost\n|-unboost|p2a: Sableye|atk|1\n|-unboost|p2b: Excadrill|atk|1\n|turn|5\n|\n|t:|1776494183\n|switch|p2a: Garchomp|Garchomp, L50, F|100/100\n|move|p1a: Wyrdeer|Protect|p1a: Wyrdeer\n|-singleturn|p1a: Wyrdeer|Protect\n|-formechange|p1b: Aegislash|Aegislash|\n|move|p1b: Aegislash|King's Shield|p1b: Aegislash\n|-singleturn|p1b: Aegislash|Protect\n|move|p2b: Excadrill|Horn Drill|p1a: Wyrdeer\n|-damage|p1a: Wyrdeer|0 fnt\n|faint|p1a: Wyrdeer\n|-ohko\n|\n|-damage|p2b: Excadrill|0 fnt|[from] brn\n|faint|p2b: Excadrill\n|-fieldend|move: Trick Room\n|-fieldend|move: Gravity\n|upkeep\n|\n|t:|1776494201\n|switch|p2b: Flapple|Flapple, L50, M|100/100\n|turn|6\n|\n|t:|1776494215\n|move|p2b: Flapple|Grav Apple|p1b: Aegislash\n|-resisted|p1b: Aegislash|1\n|-damage|p1b: Aegislash|72/100\n|-unboost|p1b: Aegislash|def|1\n|move|p2a: Garchomp|Earthquake|p1b: Aegislash|[spread] p2b,p1b\n|-resisted|p2b: Flapple|1\n|-supereffective|p1b: Aegislash|1\n|-damage|p2b: Flapple|65/100\n|-damage|p1b: Aegislash|0 fnt\n|faint|p1b: Aegislash\n|\n|win|gakkaowu\n|raw|Warknight08's rating: 1040 &rarr; <strong>1022</strong><br />(-18 for losing)\n|raw|gakkaowu's rating: 1000 &rarr; <strong>1045</strong><br />(+45 for winning)\n|l|\u2606Warknight08\n|player|p1|\n",
  "uploadtime": 1776494247,
  "views": 17,
  "formatid": "gen9championsvgc2026regma",
  "rating": 1022,
  "private": 0,
  "password": null
}