{
  "id": "gen9championsvgc2026regma-2588472644",
  "format": "[Gen 9 Champions] VGC 2026 Reg M-A",
  "players": [
    "Samydjo",
    "HumbJumb"
  ],
  "log": "|j|\u2606Samydjo\n|j|\u2606HumbJumb\n|t:|1776636600\n|gametype|doubles\n|player|p1|Samydjo|169|1000\n|player|p2|HumbJumb|102|1046\n|gen|9\n|tier|[Gen 9 Champions] VGC 2026 Reg M-A\n|rated|\n|rule|Species Clause: Limit one of each Pok\u00e9mon\n|rule|Item Clause: Limit 1 of each item\n|clearpoke\n|poke|p1|Excadrill, L50, M|\n|poke|p1|Tyranitar, L50, M|\n|poke|p1|Garchomp, L50, M|\n|poke|p1|Corviknight, L50, M|\n|poke|p1|Gyarados, L50, F|\n|poke|p1|Sinistcha, L50|\n|poke|p2|Maushold-Four, L50|\n|poke|p2|Starmie, L50|\n|poke|p2|Gallade, L50, M|\n|poke|p2|Sinistcha-Masterpiece, L50|\n|poke|p2|Aerodactyl, L50, M|\n|poke|p2|Hatterene, L50, F|\n|teampreview|4\n|\n|t:|1776636615\n|teamsize|p1|4\n|teamsize|p2|4\n|start\n|switch|p1a: Tyranitar|Tyranitar, L50, M|100/100\n|switch|p1b: Sinistcha|Sinistcha, L50|100/100\n|switch|p2a: Gallade|Gallade, L50, M|100/100\n|switch|p2b: Maushold|Maushold-Four, L50|100/100\n|-weather|Sandstorm|[from] ability: Sand Stream|[of] p1a: Tyranitar\n|turn|1\n|inactive|Battle timer is ON: inactive players will automatically lose when time's up. (requested by Samydjo)\n|\n|t:|1776636638\n|detailschange|p1a: Tyranitar|Tyranitar-Mega, L50, M\n|-mega|p1a: Tyranitar|Tyranitar|Tyranitarite\n|move|p1b: Sinistcha|Rage Powder|p1b: Sinistcha\n|-singleturn|p1b: Sinistcha|move: Rage Powder\n|move|p2b: Maushold|Beat Up|p1b: Sinistcha\n|-supereffective|p1b: Sinistcha|1\n|-damage|p1b: Sinistcha|93/100\n|-supereffective|p1b: Sinistcha|1\n|-damage|p1b: Sinistcha|88/100\n|-supereffective|p1b: Sinistcha|1\n|-damage|p1b: Sinistcha|82/100\n|-supereffective|p1b: Sinistcha|1\n|-damage|p1b: Sinistcha|76/100\n|-hitcount|p1b: Sinistcha|4\n|move|p2a: Gallade|Drain Punch|p1b: Sinistcha\n|-immune|p1b: Sinistcha\n|move|p1a: Tyranitar|Dragon Dance|p1a: Tyranitar\n|-boost|p1a: Tyranitar|atk|1\n|-boost|p1a: Tyranitar|spe|1\n|\n|-weather|Sandstorm|[upkeep]\n|-damage|p2b: Maushold|95/100|[from] Sandstorm\n|-damage|p2a: Gallade|94/100|[from] Sandstorm\n|-damage|p1b: Sinistcha|70/100|[from] Sandstorm\n|upkeep\n|turn|2\n|inactive|HumbJumb has 30 seconds left.\n|\n|t:|1776636664\n|move|p1a: Tyranitar|Protect|p1a: Tyranitar\n|-singleturn|p1a: Tyranitar|Protect\n|move|p2b: Maushold|Beat Up|p2a: Gallade\n|-damage|p2a: Gallade|88/100\n|-ability|p2a: Gallade|Justified|boost\n|-boost|p2a: Gallade|atk|1\n|-damage|p2a: Gallade|85/100\n|-ability|p2a: Gallade|Justified|boost\n|-boost|p2a: Gallade|atk|1\n|-damage|p2a: Gallade|81/100\n|-ability|p2a: Gallade|Justified|boost\n|-boost|p2a: Gallade|atk|1\n|-damage|p2a: Gallade|77/100\n|-ability|p2a: Gallade|Justified|boost\n|-boost|p2a: Gallade|atk|1\n|-hitcount|p2a: Gallade|4\n|move|p2a: Gallade|Drain Punch|p1a: Tyranitar\n|-activate|p1a: Tyranitar|move: Protect\n|move|p1b: Sinistcha|Matcha Gotcha|p2b: Maushold|[spread] p2a,p2b\n|-damage|p2a: Gallade|56/100\n|-heal|p1b: Sinistcha|79/100|[from] drain|[of] p2a: Gallade\n|-damage|p2b: Maushold|56/100\n|-heal|p1b: Sinistcha|96/100|[from] drain|[of] p2b: Maushold\n|\n|-weather|Sandstorm|[upkeep]\n|-damage|p2b: Maushold|50/100|[from] Sandstorm\n|-damage|p2a: Gallade|50/100|[from] Sandstorm\n|-damage|p1b: Sinistcha|90/100|[from] Sandstorm\n|upkeep\n|turn|3\n|inactive|Samydjo has 30 seconds left.\n|inactive|HumbJumb has 30 seconds left.\n|\n|t:|1776636697\n|switch|p2b: Sinistcha|Sinistcha-Masterpiece, L50|100/100\n|-heal|p2a: Gallade|75/100|[from] ability: Hospitality|[of] p2b: Sinistcha\n|switch|p1b: Excadrill|Excadrill, L50, M|100/100\n|move|p1a: Tyranitar|Rock Slide|p2b: Sinistcha|[spread] p2a,p2b\n|-resisted|p2a: Gallade|1\n|-damage|p2a: Gallade|21/100\n|-damage|p2b: Sinistcha|50/100\n|move|p2a: Gallade|Drain Punch|p1a: Tyranitar\n|-supereffective|p1a: Tyranitar|2\n|-damage|p1a: Tyranitar|0 fnt\n|-heal|p2a: Gallade|83/100|[from] drain|[of] p1a: Tyranitar\n|faint|p1a: Tyranitar\n|\n|-weather|Sandstorm|[upkeep]\n|-damage|p2a: Gallade|76/100|[from] Sandstorm\n|-damage|p2b: Sinistcha|44/100|[from] Sandstorm\n|upkeep\n|\n|t:|1776636716\n|switch|p1a: Garchomp|Garchomp, L50, M|100/100\n|turn|4\n|\n|t:|1776636728\n|switch|p2b: Starmie|Starmie, L50|100/100\n|move|p1b: Excadrill|Rock Slide|p2a: Gallade|[spread] p2a\n|-miss|p1b: Excadrill|p2b: Starmie\n|-resisted|p2a: Gallade|1\n|-damage|p2a: Gallade|58/100\n|move|p1a: Garchomp|Rock Slide|p2a: Gallade|[spread] p2a,p2b\n|-resisted|p2a: Gallade|1\n|-damage|p2a: Gallade|43/100\n|-damage|p2b: Starmie|70/100\n|move|p2a: Gallade|Drain Punch|p1b: Excadrill\n|-supereffective|p1b: Excadrill|1\n|-enditem|p1b: Excadrill|Focus Sash\n|-damage|p1b: Excadrill|1/100\n|-heal|p2a: Gallade|100/100|[from] drain|[of] p1b: Excadrill\n|\n|-weather|Sandstorm|[upkeep]\n|-damage|p2b: Starmie|64/100|[from] Sandstorm\n|-damage|p2a: Gallade|94/100|[from] Sandstorm\n|upkeep\n|turn|5\n|inactive|HumbJumb has 30 seconds left.\n|\n|t:|1776636754\n|detailschange|p2b: Starmie|Starmie-Mega, L50\n|-mega|p2b: Starmie|Starmie|Starminite\n|move|p1b: Excadrill|Iron Head|p2a: Gallade\n|-damage|p2a: Gallade|17/100\n|move|p2b: Starmie|Skill Swap|p2a: Gallade\n|-activate|p2b: Starmie|Skill Swap|||[of] p2a: Gallade\n|move|p1a: Garchomp|Rock Slide|p2b: Starmie|[spread] p2a,p2b\n|-resisted|p2a: Gallade|1\n|-damage|p2a: Gallade|1/100\n|-damage|p2b: Starmie|39/100\n|move|p2a: Gallade|Drain Punch|p1a: Garchomp\n|-damage|p1a: Garchomp|0 fnt\n|-heal|p2a: Gallade|65/100|[from] drain|[of] p1a: Garchomp\n|faint|p1a: Garchomp\n|\n|-weather|none\n|upkeep\n|-message|Samydjo forfeited.\n|\n|win|HumbJumb\n|raw|Samydjo's rating: 1000 &rarr; <strong>1000</strong><br />(+0 for losing)\n|raw|HumbJumb's rating: 1046 &rarr; <strong>1075</strong><br />(+29 for winning)\n|l|\u2606Samydjo\n|player|p1|\n",
  "uploadtime": 1776636786,
  "views": 10,
  "formatid": "gen9championsvgc2026regma",
  "rating": 1000,
  "private": 0,
  "password": null
}