{
  "id": "gen9championsvgc2026regma-2582437294",
  "format": "[Gen 9 Champions] VGC 2026 Reg M-A",
  "players": [
    "NegaiFreak",
    "geduurd"
  ],
  "log": "|j|\u2606NegaiFreak\n|j|\u2606geduurd\n|t:|1776091630\n|gametype|doubles\n|player|p1|NegaiFreak|170|1118\n|player|p2|geduurd|169|1127\n|gen|9\n|tier|[Gen 9 Champions] VGC 2026 Reg M-A\n|rated|\n|rule|Species Clause: Limit one of each Pok\u00e9mon\n|rule|Item Clause: Limit 1 of each item\n|clearpoke\n|poke|p1|Archaludon, L50, M|\n|poke|p1|Pelipper, L50, F|\n|poke|p1|Basculegion, L50, M|\n|poke|p1|Meganium, L50, F|\n|poke|p1|Maushold-Four, L50|\n|poke|p1|Farigiraf, L50, F|\n|poke|p2|Charizard, L50, M|\n|poke|p2|Venusaur, L50, F|\n|poke|p2|Garchomp, L50, F|\n|poke|p2|Whimsicott, L50, F|\n|poke|p2|Kingambit, L50, F|\n|poke|p2|Incineroar, L50, M|\n|teampreview|4\n|inactive|Battle timer is ON: inactive players will automatically lose when time's up. (requested by NegaiFreak)\n|c|\u2606NegaiFreak|GLHF\n|inactive|geduurd has 60 seconds left.\n|\n|t:|1776091678\n|teamsize|p1|4\n|teamsize|p2|4\n|start\n|switch|p1a: Archaludon|Archaludon, L50, M|100/100\n|switch|p1b: Basculegion|Basculegion, L50, M|100/100\n|switch|p2a: Whimsicott|Whimsicott, L50, F|100/100\n|switch|p2b: Garchomp|Garchomp, L50, F|100/100\n|turn|1\n|c|\u2606geduurd|hf\n|\n|t:|1776091700\n|move|p2a: Whimsicott|Tailwind|p2a: Whimsicott\n|-sidestart|p2: geduurd|move: Tailwind\n|move|p1b: Basculegion|Aqua Jet|p2b: Garchomp\n|-damage|p2b: Garchomp|74/100\n|-damage|p1b: Basculegion|88/100|[from] ability: Rough Skin|[of] p2b: Garchomp\n|move|p2b: Garchomp|Earthquake|p1a: Archaludon|[spread] p2a,p1a,p1b\n|-resisted|p2a: Whimsicott|1\n|-supereffective|p1a: Archaludon|1\n|-crit|p1a: Archaludon\n|-damage|p2a: Whimsicott|74/100\n|-damage|p1a: Archaludon|2/100\n|-damage|p1b: Basculegion|37/100\n|move|p1a: Archaludon|Dragon Pulse|p2b: Garchomp\n|-supereffective|p2b: Garchomp|1\n|-enditem|p2b: Garchomp|Haban Berry|[eat]\n|-enditem|p2b: Garchomp|Haban Berry|[weaken]\n|-damage|p2b: Garchomp|20/100\n|\n|upkeep\n|turn|2\n|inactive|geduurd has 30 seconds left.\n|\n|t:|1776091734\n|switch|p1a: Pelipper|Pelipper, L50, F|100/100\n|-weather|RainDance|[from] ability: Drizzle|[of] p1a: Pelipper\n|move|p2b: Garchomp|Protect|p2b: Garchomp\n|-singleturn|p2b: Garchomp|Protect\n|move|p1b: Basculegion|Aqua Jet|p2b: Garchomp\n|-activate|p2b: Garchomp|move: Protect\n|move|p2a: Whimsicott|Moonblast|p1b: Basculegion\n|-damage|p1b: Basculegion|0 fnt\n|faint|p1b: Basculegion\n|\n|-weather|RainDance|[upkeep]\n|upkeep\n|\n|t:|1776091743\n|switch|p1b: Farigiraf|Farigiraf, L50, F|100/100\n|turn|3\n|\n|t:|1776091753\n|move|p2a: Whimsicott|Moonblast|p1a: Pelipper\n|-damage|p1a: Pelipper|36/100\n|move|p2b: Garchomp|Rock Slide|p1a: Pelipper|[spread] p1a,p1b\n|-supereffective|p1a: Pelipper|1\n|-damage|p1a: Pelipper|0 fnt\n|-damage|p1b: Farigiraf|82/100\n|faint|p1a: Pelipper\n|move|p1b: Farigiraf|Trick Room|p1b: Farigiraf\n|-fieldstart|move: Trick Room|[of] p1b: Farigiraf\n|\n|-weather|RainDance|[upkeep]\n|upkeep\n|\n|t:|1776091756\n|switch|p1a: Archaludon|Archaludon, L50, M|2/100\n|turn|4\n|\n|t:|1776091772\n|move|p2b: Garchomp|Protect|p2b: Garchomp\n|-singleturn|p2b: Garchomp|Protect\n|move|p1b: Farigiraf|Psychic|p2a: Whimsicott\n|-damage|p2a: Whimsicott|10/100\n|move|p1a: Archaludon|Dragon Pulse|p2b: Garchomp\n|-activate|p2b: Garchomp|move: Protect\n|move|p2a: Whimsicott|Moonblast|p1a: Archaludon\n|-crit|p1a: Archaludon\n|-damage|p1a: Archaludon|0 fnt\n|faint|p1a: Archaludon\n|\n|-weather|RainDance|[upkeep]\n|-sideend|p2: geduurd|move: Tailwind\n|upkeep\n|turn|5\n|\n|t:|1776091784\n|move|p1b: Farigiraf|Hyper Voice|p2a: Whimsicott|[spread] p2a,p2b\n|-damage|p2a: Whimsicott|0 fnt\n|-damage|p2b: Garchomp|0 fnt\n|faint|p2a: Whimsicott\n|faint|p2b: Garchomp\n|\n|-weather|RainDance|[upkeep]\n|upkeep\n|\n|t:|1776091787\n|switch|p2b: Charizard|Charizard, L50, M|100/100\n|switch|p2a: Kingambit|Kingambit, L50, F|100/100\n|turn|6\n|\n|t:|1776091792\n|move|p2a: Kingambit|Protect|p2a: Kingambit\n|-singleturn|p2a: Kingambit|Protect\n|move|p2b: Charizard|Protect|p2b: Charizard\n|-singleturn|p2b: Charizard|Protect\n|move|p1b: Farigiraf|Hyper Voice|p2b: Charizard|[spread] \n|-activate|p2a: Kingambit|move: Protect\n|-activate|p2b: Charizard|move: Protect\n|\n|-weather|none\n|upkeep\n|turn|7\n|c|\u2606NegaiFreak|GG, WP\n|c|\u2606geduurd|gg\n|c|\u2606NegaiFreak|I suck\n|\n|t:|1776091805\n|detailschange|p2b: Charizard|Charizard-Mega-Y, L50, M\n|-mega|p2b: Charizard|Charizard|Charizardite Y\n|-weather|SunnyDay|[from] ability: Drought|[of] p2b: Charizard\n|move|p2a: Kingambit|Kowtow Cleave|p1b: Farigiraf\n|-supereffective|p1b: Farigiraf|1\n|-damage|p1b: Farigiraf|0 fnt\n|faint|p1b: Farigiraf\n|\n|win|geduurd\n|raw|NegaiFreak's rating: 1118 &rarr; <strong>1094</strong><br />(-24 for losing)\n|raw|geduurd's rating: 1127 &rarr; <strong>1151</strong><br />(+24 for winning)\n|c|\u2606geduurd|no\n|l|\u2606geduurd\n|player|p2|\n",
  "uploadtime": 1776091819,
  "views": 11,
  "formatid": "gen9championsvgc2026regma",
  "rating": 1094,
  "private": 0,
  "password": null
}