{
  "id": "gen9championsvgc2026regma-2587639676",
  "format": "[Gen 9 Champions] VGC 2026 Reg M-A",
  "players": [
    "dongsong",
    "Evil Yarrack"
  ],
  "log": "|j|\u2606dongsong\n|j|\u2606Evil Yarrack\n|t:|1776549420\n|gametype|doubles\n|player|p1|dongsong|266|1509\n|player|p2|Evil Yarrack|youngster-gen4dp|1457\n|gen|9\n|tier|[Gen 9 Champions] VGC 2026 Reg M-A\n|rated|\n|rule|Species Clause: Limit one of each Pok\u00e9mon\n|rule|Item Clause: Limit 1 of each item\n|clearpoke\n|poke|p1|Kangaskhan, L50, F|\n|poke|p1|Aegislash, L50, F|\n|poke|p1|Aerodactyl, L50, M|\n|poke|p1|Meganium, L50, M|\n|poke|p1|Milotic, L50, F|\n|poke|p1|Typhlosion-Hisui, L50, F|\n|poke|p2|Tyranitar, L50, M|\n|poke|p2|Lycanroc, L50, F|\n|poke|p2|Clawitzer, L50, F|\n|poke|p2|Whimsicott, L50, F|\n|poke|p2|Sinistcha, L50|\n|poke|p2|Tinkaton, L50, F|\n|teampreview|4\n|inactive|Battle timer is ON: inactive players will automatically lose when time's up. (requested by Evil Yarrack)\n|j| B. Farro\n|inactive|dongsong has 60 seconds left.\n|inactive|Evil Yarrack has 60 seconds left.\n|\n|t:|1776549454\n|teamsize|p1|4\n|teamsize|p2|4\n|start\n|switch|p1a: Meganium|Meganium, L50, M|100/100\n|switch|p1b: Aerodactyl|Aerodactyl, L50, M|100/100\n|switch|p2a: Tyranitar|Tyranitar, L50, M|100/100\n|switch|p2b: Tinkaton|Tinkaton, L50, F|100/100\n|-ability|p1b: Aerodactyl|Unnerve\n|-weather|Sandstorm|[from] ability: Sand Stream|[of] p2a: Tyranitar\n|turn|1\n|\n|t:|1776549466\n|detailschange|p2a: Tyranitar|Tyranitar-Mega, L50, M\n|-mega|p2a: Tyranitar|Tyranitar|Tyranitarite\n|move|p1b: Aerodactyl|Protect|p1b: Aerodactyl\n|-singleturn|p1b: Aerodactyl|Protect\n|move|p1a: Meganium|Protect|p1a: Meganium\n|-singleturn|p1a: Meganium|Protect\n|move|p2b: Tinkaton|Fake Out|p1b: Aerodactyl\n|-activate|p1b: Aerodactyl|move: Protect\n|move|p2a: Tyranitar|Rock Slide|p1a: Meganium|[spread] \n|-activate|p1a: Meganium|move: Protect\n|-activate|p1b: Aerodactyl|move: Protect\n|\n|-weather|Sandstorm|[upkeep]\n|-damage|p1a: Meganium|95/100|[from] Sandstorm\n|upkeep\n|turn|2\n|\n|t:|1776549489\n|switch|p2a: Whimsicott|Whimsicott, L50, F|100/100\n|detailschange|p1a: Meganium|Meganium-Mega, L50, M\n|-mega|p1a: Meganium|Meganium|Meganiumite\n|move|p1b: Aerodactyl|Rock Slide|p2b: Tinkaton|[spread] p2a,p2b\n|-resisted|p2b: Tinkaton|1\n|-damage|p2a: Whimsicott|68/100\n|-damage|p2b: Tinkaton|85/100\n|move|p2b: Tinkaton|Gigaton Hammer|p1a: Meganium\n|-supereffective|p1a: Meganium|1\n|-damage|p1a: Meganium|0 fnt\n|faint|p1a: Meganium\n|\n|-weather|Sandstorm|[upkeep]\n|-damage|p2a: Whimsicott|62/100|[from] Sandstorm\n|upkeep\n|\n|t:|1776549499\n|switch|p1a: Aegislash|Aegislash, L50, F|100/100\n|turn|3\n|\n|t:|1776549509\n|move|p2a: Whimsicott|Protect|p2a: Whimsicott\n|-singleturn|p2a: Whimsicott|Protect\n|move|p2b: Tinkaton|Protect|p2b: Tinkaton\n|-singleturn|p2b: Tinkaton|Protect\n|move|p1b: Aerodactyl|Tailwind|p1b: Aerodactyl\n|-sidestart|p1: dongsong|move: Tailwind\n|-formechange|p1a: Aegislash|Aegislash-Blade|\n|move|p1a: Aegislash|Poltergeist|p2b: Tinkaton\n|-activate|p2b: Tinkaton|move: Protect\n|\n|-weather|Sandstorm|[upkeep]\n|-damage|p2a: Whimsicott|56/100|[from] Sandstorm\n|upkeep\n|turn|4\n|\n|t:|1776549521\n|move|p1b: Aerodactyl|Rock Slide|p2a: Whimsicott|[spread] p2a,p2b\n|-resisted|p2b: Tinkaton|1\n|-crit|p2b: Tinkaton\n|-damage|p2a: Whimsicott|23/100\n|-damage|p2b: Tinkaton|64/100\n|move|p2a: Whimsicott|Energy Ball|p1b: Aerodactyl\n|-damage|p1b: Aerodactyl|75/100\n|move|p1a: Aegislash|Poltergeist|p2b: Tinkaton\n|-activate|p2b: Tinkaton|move: Poltergeist|Occa Berry\n|-damage|p2b: Tinkaton|0 fnt\n|faint|p2b: Tinkaton\n|\n|-weather|Sandstorm|[upkeep]\n|-damage|p2a: Whimsicott|17/100|[from] Sandstorm\n|upkeep\n|\n|t:|1776549530\n|switch|p2b: Tyranitar|Tyranitar-Mega, L50, M|100/100\n|turn|5\n|\n|t:|1776549539\n|move|p2a: Whimsicott|Tailwind|p2a: Whimsicott\n|-sidestart|p2: Evil Yarrack|move: Tailwind\n|move|p1b: Aerodactyl|Rock Slide|p2b: Tyranitar|[spread] p2a\n|-miss|p1b: Aerodactyl|p2b: Tyranitar\n|-damage|p2a: Whimsicott|0 fnt\n|faint|p2a: Whimsicott\n|move|p2b: Tyranitar|Assurance|p1a: Aegislash\n|-supereffective|p1a: Aegislash|1\n|-damage|p1a: Aegislash|0 fnt\n|faint|p1a: Aegislash\n|\n|-weather|none\n|upkeep\n|\n|t:|1776549545\n|switch|p2a: Lycanroc|Lycanroc, L50, F|100/100\n|switch|p1a: Milotic|Milotic, L50, F|100/100\n|turn|6\n|\n|t:|1776549552\n|move|p1b: Aerodactyl|Rock Slide|p2b: Tyranitar|[spread] p2a,p2b\n|-damage|p2a: Lycanroc|52/100\n|-damage|p2b: Tyranitar|84/100\n|cant|p2a: Lycanroc|flinch\n|cant|p2b: Tyranitar|flinch\n|move|p1a: Milotic|Scald|p2a: Lycanroc\n|-supereffective|p2a: Lycanroc|1\n|-damage|p2a: Lycanroc|0 fnt\n|faint|p2a: Lycanroc\n|\n|-sideend|p1: dongsong|move: Tailwind\n|upkeep\n|turn|7\n|\n|t:|1776549560\n|move|p2b: Tyranitar|Rock Slide|p1b: Aerodactyl|[spread] p1b\n|-miss|p2b: Tyranitar|p1a: Milotic\n|-supereffective|p1b: Aerodactyl|1\n|-damage|p1b: Aerodactyl|0 fnt\n|faint|p1b: Aerodactyl\n|move|p1a: Milotic|Scald|p2b: Tyranitar\n|-supereffective|p2b: Tyranitar|1\n|-damage|p2b: Tyranitar|32/100\n|-status|p2b: Tyranitar|brn\n|\n|-damage|p2b: Tyranitar|26/100 brn|[from] brn\n|upkeep\n|turn|8\n|-message|Evil Yarrack forfeited.\n|\n|win|dongsong\n|raw|dongsong's rating: 1509 &rarr; <strong>1526</strong><br />(+17 for winning)\n|raw|Evil Yarrack's rating: 1457 &rarr; <strong>1440</strong><br />(-17 for losing)\n|l|\u2606Evil Yarrack\n|player|p2|\n|l|\u2606dongsong\n|player|p1|\n|l| B. Farro\n",
  "uploadtime": 1776549574,
  "views": 20,
  "formatid": "gen9championsvgc2026regma",
  "rating": 1440,
  "private": 0,
  "password": null
}