{
  "id": "gen9championsvgc2026regma-2585527861",
  "format": "[Gen 9 Champions] VGC 2026 Reg M-A",
  "players": [
    "JadeBattles",
    "Lesuu"
  ],
  "log": "|j|\u2606JadeBattles\n|j|\u2606Lesuu\n|t:|1776353503\n|gametype|doubles\n|player|p1|JadeBattles|169|1209\n|player|p2|Lesuu|266|1283\n|gen|9\n|tier|[Gen 9 Champions] VGC 2026 Reg M-A\n|rated|\n|rule|Species Clause: Limit one of each Pok\u00e9mon\n|rule|Item Clause: Limit 1 of each item\n|clearpoke\n|poke|p1|Excadrill, L50, F|\n|poke|p1|Whimsicott, L50, F|\n|poke|p1|Tyranitar, L50, M|\n|poke|p1|Aegislash, L50, F|\n|poke|p1|Meganium, L50, M|\n|poke|p1|Raichu, L50, M|\n|poke|p2|Chimecho, L50, F|\n|poke|p2|Tyranitar, L50, M|\n|poke|p2|Kommo-o, L50, M|\n|poke|p2|Incineroar, L50, F|\n|poke|p2|Sinistcha, L50|\n|poke|p2|Farigiraf, L50, F|\n|teampreview|4\nLesuu rejected open team sheets.\n|\n|t:|1776353578\n|teamsize|p1|4\n|teamsize|p2|4\n|start\n|switch|p1a: Kola|Excadrill, L50, F|100/100\n|switch|p1b: Big T|Tyranitar, L50, M|100/100\n|switch|p2a: Sinistcha|Sinistcha, L50|100/100\n|switch|p2b: Farigiraf|Farigiraf, L50, F|100/100\n|-weather|Sandstorm|[from] ability: Sand Stream|[of] p1b: Big T\n|turn|1\n|\n|t:|1776353615\n|switch|p2a: Tyranitar|Tyranitar, L50, M|100/100\n|detailschange|p1a: Kola|Excadrill-Mega, L50, F\n|-mega|p1a: Kola|Excadrill|Excadrite\n|move|p1a: Kola|Iron Head|p2b: Farigiraf\n|-damage|p2b: Farigiraf|60/100\n|move|p1b: Big T|Knock Off|p2a: Tyranitar\n|-resisted|p2a: Tyranitar|1\n|-damage|p2a: Tyranitar|77/100\n|-enditem|p2a: Tyranitar|Focus Sash|[from] move: Knock Off|[of] p1b: Big T\n|move|p2b: Farigiraf|Trick Room|p2b: Farigiraf\n|-fieldstart|move: Trick Room|[of] p2b: Farigiraf\n|\n|-weather|Sandstorm|[upkeep]\n|-damage|p2b: Farigiraf|54/100|[from] Sandstorm\n|upkeep\n|turn|2\n|\n|t:|1776353659\n|switch|p1b: Joy & Whimsy|Whimsicott, L50, F|100/100\n|move|p2a: Tyranitar|Protect|p2a: Tyranitar\n|-singleturn|p2a: Tyranitar|Protect\n|move|p1a: Kola|Protect|p1a: Kola\n|-singleturn|p1a: Kola|Protect\n|move|p2b: Farigiraf|Nasty Plot|p2b: Farigiraf\n|-boost|p2b: Farigiraf|spa|2\n|\n|-weather|Sandstorm|[upkeep]\n|-damage|p2b: Farigiraf|48/100|[from] Sandstorm\n|-damage|p1b: Joy & Whimsy|95/100|[from] Sandstorm\n|upkeep\n|turn|3\n|\n|t:|1776353687\n|switch|p2a: Sinistcha|Sinistcha, L50|100/100\n|-heal|p2b: Farigiraf|73/100|[from] ability: Hospitality|[of] p2a: Sinistcha\n|switch|p1a: Mythra|Aegislash, L50, F|100/100\n|move|p2b: Farigiraf|Baton Pass|p2b: Farigiraf\n|\n|t:|1776353695\n|switch|p2b: Kommo-o|Kommo-o, L50, M|100/100|[from] Baton Pass\n|move|p1b: Joy & Whimsy|Energy Ball|p2a: Sinistcha\n|-resisted|p2a: Sinistcha|1\n|-damage|p2a: Sinistcha|83/100\n|\n|-weather|Sandstorm|[upkeep]\n|-damage|p2a: Sinistcha|76/100|[from] Sandstorm\n|-damage|p2b: Kommo-o|94/100|[from] Sandstorm\n|-damage|p1b: Joy & Whimsy|89/100|[from] Sandstorm\n|-heal|p2a: Sinistcha|83/100|[from] item: Leftovers\n|upkeep\n|turn|4\n|\n|t:|1776353728\n|move|p1a: Mythra|King's Shield|p1a: Mythra\n|-singleturn|p1a: Mythra|Protect\n|move|p2a: Sinistcha|Rage Powder|p2a: Sinistcha\n|-singleturn|p2a: Sinistcha|move: Rage Powder\n|move|p1b: Joy & Whimsy|Taunt|p2b: Kommo-o\n|-start|p2b: Kommo-o|move: Taunt\n|move|p2b: Kommo-o|Clanging Scales|p1a: Mythra|[spread] \n|-activate|p1a: Mythra|move: Protect\n|-immune|p1b: Joy & Whimsy\n|\n|-weather|Sandstorm|[upkeep]\n|-damage|p2a: Sinistcha|76/100|[from] Sandstorm\n|-damage|p2b: Kommo-o|88/100|[from] Sandstorm\n|-damage|p1b: Joy & Whimsy|83/100|[from] Sandstorm\n|-heal|p2a: Sinistcha|83/100|[from] item: Leftovers\n|upkeep\n|turn|5\n|\n|t:|1776353758\n|move|p1b: Joy & Whimsy|Protect|p1b: Joy & Whimsy\n|-singleturn|p1b: Joy & Whimsy|Protect\n|move|p2a: Sinistcha|Rage Powder|p2a: Sinistcha\n|-singleturn|p2a: Sinistcha|move: Rage Powder\n|-formechange|p1a: Mythra|Aegislash-Blade|\n|move|p1a: Mythra|Psycho Cut|p2a: Sinistcha\n|-damage|p2a: Sinistcha|60/100\n|move|p2b: Kommo-o|Aura Sphere|p1b: Joy & Whimsy\n|-activate|p1b: Joy & Whimsy|move: Protect\n|\n|-weather|none\n|-heal|p2a: Sinistcha|66/100|[from] item: Leftovers\n|-fieldend|move: Trick Room\n|upkeep\n|turn|6\n|\n|t:|1776353776\n|move|p2a: Sinistcha|Rage Powder|p2a: Sinistcha\n|-singleturn|p2a: Sinistcha|move: Rage Powder\n|move|p1b: Joy & Whimsy|Tailwind|p1b: Joy & Whimsy\n|-sidestart|p1: JadeBattles|move: Tailwind\n|move|p1a: Mythra|Shadow Sneak|p2a: Sinistcha\n|-supereffective|p2a: Sinistcha|1\n|-damage|p2a: Sinistcha|28/100\n|move|p2b: Kommo-o|Aura Sphere|p1b: Joy & Whimsy\n|-resisted|p1b: Joy & Whimsy|1\n|-damage|p1b: Joy & Whimsy|23/100\n|\n|-heal|p2a: Sinistcha|34/100|[from] item: Leftovers\n|-end|p2b: Kommo-o|move: Taunt\n|upkeep\n|turn|7\n|\n|t:|1776353804\n|switch|p2a: Farigiraf|Farigiraf, L50, F|73/100\n|move|p1b: Joy & Whimsy|Taunt||[still]\n|cant|p2a: Farigiraf|ability: Armor Tail|Taunt|[of] p1b: Joy & Whimsy\n|move|p1a: Mythra|Shadow Sneak||[still]\n|cant|p2a: Farigiraf|ability: Armor Tail|Shadow Sneak|[of] p1a: Mythra\n|move|p2b: Kommo-o|Aura Sphere|p1b: Joy & Whimsy\n|-resisted|p1b: Joy & Whimsy|1\n|-damage|p1b: Joy & Whimsy|0 fnt\n|faint|p1b: Joy & Whimsy\n|\n|upkeep\n|\n|t:|1776353815\n|switch|p1b: Big T|Tyranitar, L50, M|100/100\n|-weather|Sandstorm|[from] ability: Sand Stream|[of] p1b: Big T\n|turn|8\n|\n|t:|1776353837\n|move|p1b: Big T|Protect|p1b: Big T\n|-singleturn|p1b: Big T|Protect\n|move|p1a: Mythra|Psycho Cut|p2b: Kommo-o\n|-supereffective|p2b: Kommo-o|1\n|-damage|p2b: Kommo-o|42/100\n|move|p2b: Kommo-o|Aura Sphere|p1b: Big T\n|-activate|p1b: Big T|move: Protect\n|move|p2a: Farigiraf|Nasty Plot|p2a: Farigiraf\n|-boost|p2a: Farigiraf|spa|2\n|\n|-weather|Sandstorm|[upkeep]\n|-damage|p2b: Kommo-o|36/100|[from] Sandstorm\n|-damage|p2a: Farigiraf|67/100|[from] Sandstorm\n|upkeep\n|turn|9\n|\n|t:|1776353856\n|move|p2b: Kommo-o|Protect|p2b: Kommo-o\n|-singleturn|p2b: Kommo-o|Protect\n|move|p1a: Mythra|Shadow Sneak||[still]\n|cant|p2a: Farigiraf|ability: Armor Tail|Shadow Sneak|[of] p1a: Mythra\n|move|p1b: Big T|Rock Slide|p2b: Kommo-o|[spread] p2a\n|-activate|p2b: Kommo-o|move: Protect\n|-damage|p2a: Farigiraf|40/100\n|cant|p2a: Farigiraf|flinch\n|\n|-weather|Sandstorm|[upkeep]\n|-damage|p2b: Kommo-o|30/100|[from] Sandstorm\n|-damage|p2a: Farigiraf|34/100|[from] Sandstorm\n|-sideend|p1: JadeBattles|move: Tailwind\n|upkeep\n|turn|10\n|\n|t:|1776353885\n|switch|p2a: Sinistcha|Sinistcha, L50|34/100\n|-heal|p2b: Kommo-o|55/100|[from] ability: Hospitality|[of] p2a: Sinistcha\n|move|p1b: Big T|Protect|p1b: Big T\n|-singleturn|p1b: Big T|Protect\n|-formechange|p1a: Mythra|Aegislash|\n|move|p1a: Mythra|King's Shield|p1a: Mythra\n|-singleturn|p1a: Mythra|Protect\n|move|p2b: Kommo-o|Aura Sphere|p1b: Big T\n|-activate|p1b: Big T|move: Protect\n|\n|-weather|Sandstorm|[upkeep]\n|-damage|p2b: Kommo-o|49/100|[from] Sandstorm\n|-damage|p2a: Sinistcha|28/100|[from] Sandstorm\n|-heal|p2a: Sinistcha|34/100|[from] item: Leftovers\n|upkeep\n|turn|11\n|\n|t:|1776353921\n|move|p2b: Kommo-o|Protect|p2b: Kommo-o\n|-singleturn|p2b: Kommo-o|Protect\n|-formechange|p1a: Mythra|Aegislash-Blade|\n|move|p1a: Mythra|Shadow Sneak|p2b: Kommo-o\n|-activate|p2b: Kommo-o|move: Protect\n|move|p2a: Sinistcha|Life Dew|p2a: Sinistcha|[spread] p2a,p2b\n|-heal|p2a: Sinistcha|59/100\n|-heal|p2b: Kommo-o|74/100\n|move|p1b: Big T|Rock Slide|p2b: Kommo-o|[spread] p2a\n|-activate|p2b: Kommo-o|move: Protect\n|-damage|p2a: Sinistcha|34/100\n|\n|-weather|Sandstorm|[upkeep]\n|-damage|p2b: Kommo-o|68/100|[from] Sandstorm\n|-damage|p2a: Sinistcha|28/100|[from] Sandstorm\n|-heal|p2a: Sinistcha|34/100|[from] item: Leftovers\n|upkeep\n|turn|12\n|\n|t:|1776353953\n|move|p1b: Big T|Protect|p1b: Big T\n|-singleturn|p1b: Big T|Protect\n|move|p1a: Mythra|Shadow Sneak|p2a: Sinistcha\n|-supereffective|p2a: Sinistcha|1\n|-damage|p2a: Sinistcha|0 fnt\n|faint|p2a: Sinistcha\n|move|p2b: Kommo-o|Clangorous Soul|p2b: Kommo-o\n|-boost|p2b: Kommo-o|atk|1\n|-boost|p2b: Kommo-o|def|1\n|-boost|p2b: Kommo-o|spa|1\n|-boost|p2b: Kommo-o|spd|1\n|-boost|p2b: Kommo-o|spe|1\n|-damage|p2b: Kommo-o|35/100\n|\n|-weather|none\n|upkeep\n|\n|t:|1776353971\n|switch|p2a: Tyranitar|Tyranitar, L50, M|77/100\n|-weather|Sandstorm|[from] ability: Sand Stream|[of] p2a: Tyranitar\n|turn|13\n|-activate|p1b: Big T|item: Quick Claw\n|\n|t:|1776353998\n|move|p1b: Big T|Knock Off|p2b: Kommo-o\n|-resisted|p2b: Kommo-o|1\n|-damage|p2b: Kommo-o|19/100\n|-enditem|p2b: Kommo-o|Dragon Fang|[from] move: Knock Off|[of] p1b: Big T\n|move|p2b: Kommo-o|Clanging Scales|p1a: Mythra|[spread] p1a,p1b\n|-resisted|p1a: Mythra|1\n|-damage|p1a: Mythra|14/100\n|-damage|p1b: Big T|41/100\n|-unboost|p2b: Kommo-o|def|1\n|move|p1a: Mythra|Sacred Sword|p2a: Tyranitar\n|-supereffective|p2a: Tyranitar|2\n|-damage|p2a: Tyranitar|0 fnt\n|faint|p2a: Tyranitar\n|\n|-weather|Sandstorm|[upkeep]\n|-damage|p2b: Kommo-o|13/100|[from] Sandstorm\n|upkeep\n|\n|t:|1776354012\n|switch|p2a: Farigiraf|Farigiraf, L50, F|34/100\n|turn|14\n|\n|t:|1776354027\n|-formechange|p1a: Mythra|Aegislash|\n|move|p1a: Mythra|King's Shield|p1a: Mythra\n|-singleturn|p1a: Mythra|Protect\n|move|p2b: Kommo-o|Clanging Scales|p1b: Big T|[spread] p1b\n|-activate|p1a: Mythra|move: Protect\n|-damage|p1b: Big T|0 fnt\n|faint|p1b: Big T\n|-unboost|p2b: Kommo-o|def|1\n|move|p2a: Farigiraf|Psychic|p1a: Mythra\n|-activate|p1a: Mythra|move: Protect\n|\n|-weather|Sandstorm|[upkeep]\n|-damage|p2b: Kommo-o|7/100|[from] Sandstorm\n|-damage|p2a: Farigiraf|28/100|[from] Sandstorm\n|upkeep\n|\n|t:|1776354042\n|switch|p1b: Kola|Excadrill-Mega, L50, F|100/100\n|turn|15\n|\n|t:|1776354058\n|move|p1b: Kola|Protect|p1b: Kola\n|-singleturn|p1b: Kola|Protect\n|move|p2b: Kommo-o|Clanging Scales|p1b: Kola|[spread] p1a\n|-activate|p1b: Kola|move: Protect\n|-resisted|p1a: Mythra|1\n|-damage|p1a: Mythra|0 fnt\n|faint|p1a: Mythra\n|-unboost|p2b: Kommo-o|def|1\n|move|p2a: Farigiraf|Psychic|p1b: Kola\n|-activate|p1b: Kola|move: Protect\n|\n|-weather|Sandstorm|[upkeep]\n|-damage|p2b: Kommo-o|0 fnt|[from] Sandstorm\n|-damage|p2a: Farigiraf|22/100|[from] Sandstorm\n|faint|p2b: Kommo-o\n|upkeep\n|turn|16\n|c|\u2606Lesuu|gg\n|\n|t:|1776354077\n|move|p1b: Kola|Drill Run|p2a: Farigiraf\n|-damage|p2a: Farigiraf|0 fnt\n|faint|p2a: Farigiraf\n|\n|win|JadeBattles\n|raw|JadeBattles's rating: 1209 &rarr; <strong>1239</strong><br />(+30 for winning)\n|raw|Lesuu's rating: 1283 &rarr; <strong>1253</strong><br />(-30 for losing)\n",
  "uploadtime": 1776354084,
  "views": 45,
  "formatid": "gen9championsvgc2026regma",
  "rating": 1239,
  "private": 0,
  "password": null
}