{
  "id": "gen9championsvgc2026regma-2582066499",
  "format": "[Gen 9 Champions] VGC 2026 Reg M-A",
  "players": [
    "computer! stop!",
    "Pck918"
  ],
  "log": "|j|\u2606computer! stop!\n|j|\u2606Pck918\n|t:|1776053783\n|gametype|doubles\n|player|p1|computer! stop!|jacinthe|1177\n|player|p2|Pck918|1|1273\n|gen|9\n|tier|[Gen 9 Champions] VGC 2026 Reg M-A\n|rated|\n|rule|Species Clause: Limit one of each Pok\u00e9mon\n|rule|Item Clause: Limit 1 of each item\n|clearpoke\n|poke|p1|Scovillain, L50, M|\n|poke|p1|Basculegion, L50, M|\n|poke|p1|Garchomp, L50, F|\n|poke|p1|Orthworm, L50, M|\n|poke|p1|Delphox, L50, M|\n|poke|p1|Dragonite, L50, M|\n|poke|p2|Excadrill, L50, M|\n|poke|p2|Tyranitar, L50, M|\n|poke|p2|Floette-Eternal, L50, F|\n|poke|p2|Sinistcha, L50|\n|poke|p2|Gyarados, L50, M|\n|poke|p2|Rotom-Heat, L50|\n|teampreview|4\n|inactive|Battle timer is ON: inactive players will automatically lose when time's up. (requested by Pck918)\ncomputer! stop! rejected open team sheets.\n|inactive|Pck918 has 60 seconds left.\n|inactive|Pck918 has 30 seconds left.\n|inactive|Pck918 has 20 seconds left.\n|inactive|Pck918 has 15 seconds left.\n|\n|t:|1776053861\n|teamsize|p1|4\n|teamsize|p2|4\n|start\n|switch|p1a: Scovillain|Scovillain, L50, M, shiny|100/100\n|switch|p1b: Orthworm|Orthworm, L50, M, shiny|100/100\n|switch|p2a: Rotom|Rotom-Heat, L50|100/100\n|switch|p2b: Floette|Floette-Eternal, L50, F|100/100\n|turn|1\n|\n|t:|1776053879\n|detailschange|p2b: Floette|Floette-Mega, L50, F\n|-mega|p2b: Floette|Floette|Floettite\n|-ability|p2b: Floette|Fairy Aura\n|detailschange|p1a: Scovillain|Scovillain-Mega, L50, M, shiny\n|-mega|p1a: Scovillain|Scovillain|Scovillainite\n|move|p1a: Scovillain|Rage Powder|p1a: Scovillain\n|-singleturn|p1a: Scovillain|move: Rage Powder\n|move|p2a: Rotom|Electroweb|p1a: Scovillain|[spread] p1a,p1b\n|-resisted|p1a: Scovillain|1\n|-damage|p1a: Scovillain|91/100\n|-damage|p1b: Orthworm|82/100\n|-unboost|p1a: Scovillain|spe|1\n|-unboost|p1b: Orthworm|spe|1\n|-immune|p2a: Rotom\n|move|p2b: Floette|Dazzling Gleam|p1b: Orthworm|[spread] p1a,p1b\n|-resisted|p1a: Scovillain|1\n|-resisted|p1b: Orthworm|1\n|-damage|p1a: Scovillain|68/100\n|-damage|p1b: Orthworm|55/100\n|-status|p2b: Floette|brn|[from] ability: Spicy Spray|[of] p1a: Scovillain\n|move|p1b: Orthworm|Shed Tail|p1b: Orthworm\n|-start|p1b: Orthworm|Substitute|[from] move: Shed Tail\n|-damage|p1b: Orthworm|4/100\n|-enditem|p1b: Orthworm|Sitrus Berry|[eat]\n|-heal|p1b: Orthworm|29/100|[from] item: Sitrus Berry\n|\n|t:|1776053900\n|switch|p1b: Garchomp|Garchomp, L50, F, shiny|100/100|[from] Shed Tail\n|\n|-damage|p2b: Floette|95/100 brn|[from] brn\n|upkeep\n|turn|2\n|\n|t:|1776053916\n|switch|p2a: Tyranitar|Tyranitar, L50, M|100/100\n|-weather|Sandstorm|[from] ability: Sand Stream|[of] p2a: Tyranitar\n|move|p2b: Floette|Protect|p2b: Floette\n|-singleturn|p2b: Floette|Protect\n|move|p1b: Garchomp|Protect|p1b: Garchomp\n|-singleturn|p1b: Garchomp|Protect\n|move|p1a: Scovillain|Spicy Extract|p2a: Tyranitar\n|-boost|p2a: Tyranitar|atk|2\n|-unboost|p2a: Tyranitar|def|2\n|\n|-weather|Sandstorm|[upkeep]\n|-damage|p2b: Floette|89/100 brn|[from] Sandstorm\n|-damage|p1a: Scovillain|63/100|[from] Sandstorm\n|-damage|p2b: Floette|83/100 brn|[from] brn\n|upkeep\n|turn|3\n|\n|t:|1776053941\n|switch|p2b: Rotom|Rotom-Heat, L50|100/100\n|switch|p1a: Orthworm|Orthworm, L50, M, shiny|29/100\n|move|p2a: Tyranitar|Protect|p2a: Tyranitar\n|-singleturn|p2a: Tyranitar|Protect\n|move|p1b: Garchomp|Earthquake|p2b: Rotom|[spread] \n|-activate|p2a: Tyranitar|move: Protect\n|-heal|p1a: Orthworm|54/100|[from] ability: Earth Eater|[of] p1b: Garchomp\n|-immune|p2b: Rotom|[from] ability: Levitate\n|\n|-weather|Sandstorm|[upkeep]\n|-damage|p2b: Rotom|95/100|[from] Sandstorm\n|upkeep\n|turn|4\n|inactive|Pck918 has 30 seconds left.\n|\n|t:|1776053975\n|move|p1a: Orthworm|Protect|p1a: Orthworm\n|-singleturn|p1a: Orthworm|Protect\n|move|p2b: Rotom|Overheat|p1a: Orthworm\n|-activate|p1a: Orthworm|move: Protect\n|move|p1b: Garchomp|Earthquake|p2a: Tyranitar|[spread] p2a\n|-activate|p1a: Orthworm|move: Protect\n|-immune|p2b: Rotom|[from] ability: Levitate\n|-supereffective|p2a: Tyranitar|1\n|-damage|p2a: Tyranitar|0 fnt\n|faint|p2a: Tyranitar\n|\n|-weather|Sandstorm|[upkeep]\n|-damage|p2b: Rotom|89/100|[from] Sandstorm\n|upkeep\n|\n|t:|1776053984\n|switch|p2a: Floette|Floette-Mega, L50, F|83/100 brn\n|-ability|p2a: Floette|Fairy Aura\n|turn|5\n|\n|t:|1776053999\n|switch|p1a: Scovillain|Scovillain-Mega, L50, M, shiny|63/100\n|move|p2b: Rotom|Overheat|p1b: Garchomp|[miss]\n|-miss|p2b: Rotom|p1b: Garchomp\n|move|p2a: Floette|Dazzling Gleam|p1b: Garchomp|[spread] p1a,p1b\n|-supereffective|p1b: Garchomp|1\n|-end|p1b: Garchomp|Substitute\n|-resisted|p1a: Scovillain|1\n|-damage|p1a: Scovillain|38/100\n|move|p1b: Garchomp|Rock Slide|p2a: Floette|[spread] p2a,p2b\n|-supereffective|p2b: Rotom|1\n|-damage|p2a: Floette|57/100 brn\n|-damage|p2b: Rotom|36/100\n|\n|-weather|Sandstorm|[upkeep]\n|-damage|p2b: Rotom|30/100|[from] Sandstorm\n|-damage|p2a: Floette|51/100 brn|[from] Sandstorm\n|-damage|p1a: Scovillain|32/100|[from] Sandstorm\n|-damage|p2a: Floette|46/100 brn|[from] brn\n|upkeep\n|turn|6\n|inactive|computer! stop! has 30 seconds left.\n|inactive|computer! stop! has 20 seconds left.\n|inactive|computer! stop! has 15 seconds left.\n|inactive|computer! stop! has 10 seconds left.\n|inactive|computer! stop! has 5 seconds left.\n|\n|t:|1776054051\n|move|p1a: Scovillain|Protect|p1a: Scovillain\n|-singleturn|p1a: Scovillain|Protect\n|move|p2b: Rotom|Overheat|p1a: Scovillain\n|-activate|p1a: Scovillain|move: Protect\n|move|p2a: Floette|Moonblast|p1b: Garchomp\n|-supereffective|p1b: Garchomp|1\n|-damage|p1b: Garchomp|0 fnt\n|faint|p1b: Garchomp\n|\n|-weather|none\n|-damage|p2a: Floette|40/100 brn|[from] brn\n|upkeep\n|\n|t:|1776054065\n|switch|p1b: Orthworm|Orthworm, L50, M, shiny|54/100\n|turn|7\n|\n|t:|1776054082\n|move|p2a: Floette|Protect|p2a: Floette\n|-singleturn|p2a: Floette|Protect\n|move|p1a: Scovillain|Rage Powder|p1a: Scovillain\n|-singleturn|p1a: Scovillain|move: Rage Powder\n|move|p2b: Rotom|Overheat|p1a: Scovillain\n|-damage|p1a: Scovillain|0 fnt\n|-unboost|p2b: Rotom|spa|2\n|-immune|p2b: Rotom\n|faint|p1a: Scovillain\n|move|p1b: Orthworm|Body Press|p2b: Rotom\n|-damage|p2b: Rotom|0 fnt\n|faint|p2b: Rotom\n|\n|-damage|p2a: Floette|34/100 brn|[from] brn\n|upkeep\n|\n|t:|1776054090\n|switch|p2b: Excadrill|Excadrill, L50, M|100/100\n|switch|p1a: Basculegion|Basculegion, L50, M, shiny|100/100\n|turn|8\n|-message|Pck918 forfeited.\n|\n|win|computer! stop!\n|raw|computer! stop!'s rating: 1177 &rarr; <strong>1209</strong><br />(+32 for winning)\n|raw|Pck918's rating: 1273 &rarr; <strong>1241</strong><br />(-32 for losing)\n|l|\u2606Pck918\n|player|p2|\n|l|\u2606computer! stop!\n|player|p1|\n|j|\u2606computer! stop!\n|player|p1|computer! stop!|jacinthe|\n",
  "uploadtime": 1776054122,
  "views": 27,
  "formatid": "gen9championsvgc2026regma",
  "rating": 1209,
  "private": 0,
  "password": null
}