{
  "id": "gen9championsvgc2026regma-2584296452",
  "format": "[Gen 9 Champions] VGC 2026 Reg M-A",
  "players": [
    "Angelo Mysterio",
    "TheWonderfulGirl"
  ],
  "log": "|j|\u2606Angelo Mysterio\n|j|\u2606TheWonderfulGirl\n|t:|1776248352\n|gametype|doubles\n|player|p1|Angelo Mysterio|plasmagrunt-gen5bw|1171\n|player|p2|TheWonderfulGirl|pokekid|1093\n|gen|9\n|tier|[Gen 9 Champions] VGC 2026 Reg M-A\n|rated|\n|rule|Species Clause: Limit one of each Pok\u00e9mon\n|rule|Item Clause: Limit 1 of each item\n|clearpoke\n|poke|p1|Volcarona, L50, F|\n|poke|p1|Incineroar, L50, F|\n|poke|p1|Rotom-Wash, L50|\n|poke|p1|Kingambit, L50, F|\n|poke|p1|Sinistcha, L50|\n|poke|p1|Dragapult, L50, M|\n|poke|p2|Froslass, L50, F|\n|poke|p2|Garchomp, L50, M|\n|poke|p2|Rotom-Frost, L50|\n|poke|p2|Empoleon, L50, M|\n|poke|p2|Incineroar, L50, F|\n|poke|p2|Kingambit, L50, M|\n|teampreview|4\n|inactive|Battle timer is ON: inactive players will automatically lose when time's up. (requested by TheWonderfulGirl)\n|inactive|TheWonderfulGirl has 60 seconds left.\n|\n|t:|1776248383\n|teamsize|p1|4\n|teamsize|p2|4\n|start\n|switch|p1a: Rotom|Rotom-Wash, L50, shiny|100/100\n|switch|p1b: Volcarona|Volcarona, L50, F, shiny|100/100\n|switch|p2a: Empoleon|Empoleon, L50, M|100/100\n|switch|p2b: Froslass|Froslass, L50, F|100/100\n|turn|1\n|inactive|TheWonderfulGirl has 30 seconds left.\n|inactive|TheWonderfulGirl has 20 seconds left.\n|inactive|TheWonderfulGirl has 15 seconds left.\n|inactive|TheWonderfulGirl has 10 seconds left.\n|\n|t:|1776248429\n|detailschange|p2b: Froslass|Froslass-Mega, L50, F\n|-mega|p2b: Froslass|Froslass|Froslassite\n|-weather|Snowscape|[from] ability: Snow Warning|[of] p2b: Froslass\n|move|p1b: Volcarona|Protect|p1b: Volcarona\n|-singleturn|p1b: Volcarona|Protect\n|move|p1a: Rotom|Eerie Impulse|p2b: Froslass\n|-unboost|p2b: Froslass|spa|2\n|move|p2b: Froslass|Aurora Veil|p2b: Froslass\n|-sidestart|p2: TheWonderfulGirl|move: Aurora Veil\n|move|p2a: Empoleon|Roar|p1a: Rotom\n|drag|p1a: Dragapult|Dragapult, L50, M, shiny|100/100\n|\n|-weather|Snowscape|[upkeep]\n|upkeep\n|turn|2\n|inactive|Angelo Mysterio has 30 seconds left.\n|inactive|TheWonderfulGirl has 30 seconds left.\n|\n|t:|1776248460\n|switch|p2b: Rotom|Rotom-Frost, L50|100/100\n|move|p1a: Dragapult|Psychic Fangs|p2b: Rotom\n|-sideend|p2: TheWonderfulGirl|move: Aurora Veil\n|-damage|p2b: Rotom|75/100\n|move|p1b: Volcarona|Quiver Dance|p1b: Volcarona\n|-boost|p1b: Volcarona|spa|1\n|-boost|p1b: Volcarona|spd|1\n|-boost|p1b: Volcarona|spe|1\n|move|p2a: Empoleon|Roar|p1b: Volcarona\n|drag|p1b: Rotom|Rotom-Wash, L50, shiny|100/100\n|\n|-weather|Snowscape|[upkeep]\n|upkeep\n|turn|3\n|inactive|Angelo Mysterio has 30 seconds left.\n|inactive|TheWonderfulGirl has 30 seconds left.\n|inactive|TheWonderfulGirl has 20 seconds left.\n|inactive|TheWonderfulGirl has 15 seconds left.\n|inactive|TheWonderfulGirl has 10 seconds left.\n|\n|t:|1776248509\n|switch|p2a: Froslass|Froslass-Mega, L50, F|100/100\n|move|p2b: Rotom|Electroweb|p1a: Dragapult|[spread] p1a,p1b\n|-resisted|p1a: Dragapult|1\n|-damage|p1a: Dragapult|88/100\n|-damage|p1b: Rotom|78/100\n|-unboost|p1b: Rotom|spe|1\n|move|p1a: Dragapult|Phantom Force||[still]\n|-prepare|p1a: Dragapult|Phantom Force\n|move|p1b: Rotom|Thunderbolt|p2a: Froslass\n|-damage|p2a: Froslass|53/100\n|\n|-weather|Snowscape|[upkeep]\n|upkeep\n|turn|4\n|\n|t:|1776248528\n|switch|p2a: Empoleon|Empoleon, L50, M|100/100\n|move|p2b: Rotom|Electroweb|p1a: Dragapult|[spread] p1b\n|-miss|p2b: Rotom|p1a: Dragapult\n|-damage|p1b: Rotom|56/100\n|-unboost|p1b: Rotom|spe|1\n|move|p1a: Dragapult|Phantom Force|p2a: Empoleon|[from] lockedmove\n|-damage|p2a: Empoleon|51/100\n|move|p1b: Rotom|Thunderbolt|p2b: Rotom\n|-resisted|p2b: Rotom|1\n|-crit|p2b: Rotom\n|-damage|p2b: Rotom|37/100\n|\n|-weather|Snowscape|[upkeep]\n|-heal|p2a: Empoleon|57/100|[from] item: Leftovers\n|upkeep\n|turn|5\n|\n|t:|1776248553\n|switch|p2b: Garchomp|Garchomp, L50, M|100/100\n|move|p1a: Dragapult|Phantom Force||[still]\n|-prepare|p1a: Dragapult|Phantom Force\n|move|p1b: Rotom|Thunderbolt|p2a: Empoleon\n|-supereffective|p2a: Empoleon|1\n|-damage|p2a: Empoleon|0 fnt\n|faint|p2a: Empoleon\n|\n|-weather|none\n|upkeep\n|\n|t:|1776248563\n|switch|p2a: Rotom|Rotom-Frost, L50|37/100\n|turn|6\n|\n|t:|1776248582\n|switch|p1b: Kingambit|Kingambit, L50, F, shiny|100/100\n|move|p2a: Rotom|Blizzard|p1a: Dragapult|[spread] \n|-miss|p2a: Rotom|p1a: Dragapult\n|-miss|p2a: Rotom|p1b: Kingambit\n|move|p1a: Dragapult|Phantom Force|p2a: Rotom|[from] lockedmove\n|-damage|p2a: Rotom|0 fnt\n|faint|p2a: Rotom\n|move|p2b: Garchomp|Dragon Claw|p1a: Dragapult\n|-supereffective|p1a: Dragapult|1\n|-damage|p1a: Dragapult|0 fnt\n|faint|p1a: Dragapult\n|\n|upkeep\n|inactive|Angelo Mysterio has 30 seconds left.\n|inactive|Angelo Mysterio has 20 seconds left.\n|inactive|Angelo Mysterio has 15 seconds left.\n|inactive|Angelo Mysterio has 10 seconds left.\n|inactive|Angelo Mysterio has 5 seconds left.\n|\n|t:|1776248637\n|switch|p1a: Rotom|Rotom-Wash, L50, shiny|56/100\n|switch|p2a: Froslass|Froslass-Mega, L50, F|53/100\n|-weather|Snowscape|[from] ability: Snow Warning|[of] p2a: Froslass\n|turn|7\n|\n|t:|1776248652\n|move|p2a: Froslass|Protect|p2a: Froslass\n|-singleturn|p2a: Froslass|Protect\n|move|p1b: Kingambit|Sucker Punch||[still]\n|-fail|p1b: Kingambit\n|move|p1a: Rotom|Thunderbolt|p2a: Froslass\n|-activate|p2a: Froslass|move: Protect\n|move|p2b: Garchomp|Earthquake|p1b: Kingambit|[spread] p1b\n|-activate|p2a: Froslass|move: Protect\n|-immune|p1a: Rotom|[from] ability: Levitate\n|-supereffective|p1b: Kingambit|1\n|-damage|p1b: Kingambit|43/100\n|\n|-weather|Snowscape|[upkeep]\n|upkeep\n|turn|8\n|inactive|TheWonderfulGirl has 30 seconds left.\n|inactive|TheWonderfulGirl has 20 seconds left.\n|\n|t:|1776248689\n|move|p1b: Kingambit|Protect|p1b: Kingambit\n|-singleturn|p1b: Kingambit|Protect\n|move|p1a: Rotom|Thunderbolt|p2a: Froslass\n|-damage|p2a: Froslass|0 fnt\n|faint|p2a: Froslass\n|move|p2b: Garchomp|Earthquake|p1a: Rotom|[spread] \n|-activate|p1b: Kingambit|move: Protect\n|-immune|p1a: Rotom|[from] ability: Levitate\n|\n|-weather|Snowscape|[upkeep]\n|upkeep\n|turn|9\n|\n|t:|1776248705\n|switch|p1a: Volcarona|Volcarona, L50, F, shiny|100/100\n|move|p1b: Kingambit|Sucker Punch|p2b: Garchomp\n|-damage|p2b: Garchomp|48/100\n|-damage|p1b: Kingambit|30/100|[from] ability: Rough Skin|[of] p2b: Garchomp\n|move|p2b: Garchomp|Dragon Claw|p1a: Volcarona\n|-damage|p1a: Volcarona|44/100\n|\n|-weather|Snowscape|[upkeep]\n|-heal|p1a: Volcarona|50/100|[from] item: Leftovers\n|upkeep\n|turn|10\n|\n|t:|1776248727\n|move|p1a: Volcarona|Protect|p1a: Volcarona\n|-singleturn|p1a: Volcarona|Protect\n|move|p1b: Kingambit|Sucker Punch|p2b: Garchomp\n|-crit|p2b: Garchomp\n|-damage|p2b: Garchomp|0 fnt\n|-damage|p1b: Kingambit|18/100|[from] ability: Rough Skin|[of] p2b: Garchomp\n|faint|p2b: Garchomp\n|\n|win|Angelo Mysterio\n|raw|Angelo Mysterio's rating: 1146 &rarr; <strong>1167</strong><br />(+21 for winning)\n|raw|TheWonderfulGirl's rating: 1093 &rarr; <strong>1073</strong><br />(-20 for losing)\n",
  "uploadtime": 1776248733,
  "views": 21,
  "formatid": "gen9championsvgc2026regma",
  "rating": 1073,
  "private": 0,
  "password": null
}