{
  "id": "gen9championsvgc2026regma-2586402371",
  "format": "[Gen 9 Champions] VGC 2026 Reg M-A",
  "players": [
    "keloke",
    "wsweee"
  ],
  "log": "|j|\u2606keloke\n|j|\u2606wsweee\n|t:|1776432127\n|gametype|doubles\n|player|p1|keloke|veteran|1209\n|player|p2|wsweee|wallace|1197\n|gen|9\n|tier|[Gen 9 Champions] VGC 2026 Reg M-A\n|rated|\n|rule|Species Clause: Limit one of each Pok\u00e9mon\n|rule|Item Clause: Limit 1 of each item\n|clearpoke\n|poke|p1|Kingambit, L50, F|\n|poke|p1|Floette-Eternal, L50, F|\n|poke|p1|Sableye, L50, F|\n|poke|p1|Milotic, L50, M|\n|poke|p1|Aerodactyl, L50, M|\n|poke|p1|Sneasler, L50, M|\n|poke|p2|Aerodactyl, L50, F|\n|poke|p2|Tyranitar, L50, F|\n|poke|p2|Garchomp, L50, M|\n|poke|p2|Excadrill, L50, F|\n|poke|p2|Meganium, L50, M|\n|poke|p2|Primarina, L50, F|\n|teampreview|4\n|\n|t:|1776432172\n|teamsize|p1|4\n|teamsize|p2|4\n|start\n|switch|p1a: Sableye|Sableye, L50, F|100/100\n|switch|p1b: Sneasler|Sneasler, L50, M|100/100\n|switch|p2a: Aerodactyl|Aerodactyl, L50, F|100/100\n|switch|p2b: Meganium|Meganium, L50, M|100/100\n|-ability|p2a: Aerodactyl|Unnerve\n|turn|1\n|\n|t:|1776432204\n|move|p2a: Aerodactyl|Protect|p2a: Aerodactyl\n|-singleturn|p2a: Aerodactyl|Protect\n|move|p2b: Meganium|Protect|p2b: Meganium\n|-singleturn|p2b: Meganium|Protect\n|move|p1b: Sneasler|Fake Out|p2b: Meganium\n|-activate|p2b: Meganium|move: Protect\n|move|p1a: Sableye|Trick|p2a: Aerodactyl\n|-activate|p2a: Aerodactyl|move: Protect\n|\n|upkeep\n|turn|2\n|\n|t:|1776432238\n|detailschange|p2b: Meganium|Meganium-Mega, L50, M\n|-mega|p2b: Meganium|Meganium|Meganiumite\n|move|p1a: Sableye|Trick|p2a: Aerodactyl\n|-activate|p1a: Sableye|move: Trick|[of] p2a: Aerodactyl\n|-item|p2a: Aerodactyl|Choice Scarf|[from] move: Trick\n|-item|p1a: Sableye|Focus Sash|[from] move: Trick\n|move|p2a: Aerodactyl|Dual Wingbeat|p1b: Sneasler|[miss]\n|-miss|p2a: Aerodactyl|p1b: Sneasler\n|move|p1b: Sneasler|Poison Jab|p2b: Meganium\n|-supereffective|p2b: Meganium|2\n|-damage|p2b: Meganium|0 fnt\n|faint|p2b: Meganium\n|\n|upkeep\n|inactive|Battle timer is ON: inactive players will automatically lose when time's up. (requested by keloke)\n|\n|t:|1776432266\n|switch|p2b: Garchomp|Garchomp, L50, M|100/100\n|turn|3\n|\n|t:|1776432287\n|move|p1a: Sableye|Reflect|p1a: Sableye\n|-sidestart|p1: keloke|Reflect\n|move|p2a: Aerodactyl|Dual Wingbeat|p1b: Sneasler\n|-supereffective|p1b: Sneasler|1\n|-damage|p1b: Sneasler|63/100\n|-supereffective|p1b: Sneasler|1\n|-damage|p1b: Sneasler|25/100\n|-hitcount|p1b: Sneasler|2\n|move|p2b: Garchomp|Earthquake|p1a: Sableye|[spread] p1a,p1b\n|-immune|p2a: Aerodactyl\n|-supereffective|p1b: Sneasler|1\n|-damage|p1a: Sableye|64/100\n|-damage|p1b: Sneasler|0 fnt\n|faint|p1b: Sneasler\n|\n|upkeep\n|\n|t:|1776432307\n|switch|p1b: Ca\u00f1onFlor|Floette-Eternal, L50, F|100/100\n|turn|4\n|\n|t:|1776432331\n|detailschange|p1b: Ca\u00f1onFlor|Floette-Mega, L50, F\n|-mega|p1b: Ca\u00f1onFlor|Floette|Floettite\n|-ability|p1b: Ca\u00f1onFlor|Fairy Aura\n|move|p1a: Sableye|Trick|p2b: Garchomp\n|-activate|p1a: Sableye|move: Trick|[of] p2b: Garchomp\n|-item|p2b: Garchomp|Focus Sash|[from] move: Trick\n|-item|p1a: Sableye|Choice Scarf|[from] move: Trick\n|move|p2a: Aerodactyl|Dual Wingbeat|p1b: Ca\u00f1onFlor\n|-damage|p1b: Ca\u00f1onFlor|87/100\n|-damage|p1b: Ca\u00f1onFlor|73/100\n|-hitcount|p1b: Ca\u00f1onFlor|2\n|move|p2b: Garchomp|Earthquake|p1a: Sableye|[spread] p1a,p1b\n|-immune|p2a: Aerodactyl\n|-damage|p1a: Sableye|28/100\n|-damage|p1b: Ca\u00f1onFlor|40/100\n|move|p1b: Ca\u00f1onFlor|Calm Mind|p1b: Ca\u00f1onFlor\n|-boost|p1b: Ca\u00f1onFlor|spa|1\n|-boost|p1b: Ca\u00f1onFlor|spd|1\n|\n|upkeep\n|turn|5\n|inactive|keloke has 30 seconds left.\n|inactive|keloke has 20 seconds left.\n|\n|t:|1776432368\n|move|p1a: Sableye|Trick||[still]\n|-fail|p1a: Sableye\n|move|p2a: Aerodactyl|Dual Wingbeat|p1b: Ca\u00f1onFlor|[miss]\n|-miss|p2a: Aerodactyl|p1b: Ca\u00f1onFlor\n|move|p2b: Garchomp|Earthquake|p1a: Sableye|[spread] p1a,p1b\n|-immune|p2a: Aerodactyl\n|-crit|p1a: Sableye\n|-damage|p1a: Sableye|0 fnt\n|-damage|p1b: Ca\u00f1onFlor|11/100\n|faint|p1a: Sableye\n|move|p1b: Ca\u00f1onFlor|Dazzling Gleam|p2b: Garchomp|[spread] p2a,p2b\n|-supereffective|p2b: Garchomp|1\n|-damage|p2a: Aerodactyl|5/100\n|-enditem|p2b: Garchomp|Focus Sash\n|-damage|p2b: Garchomp|1/100\n|\n|upkeep\n|\n|t:|1776432385\n|switch|p1a: HuesoPiedra|Aerodactyl, L50, M|100/100\n|-ability|p1a: HuesoPiedra|Unnerve\n|turn|6\n|\n|t:|1776432402\n|move|p1b: Ca\u00f1onFlor|Protect|p1b: Ca\u00f1onFlor\n|-singleturn|p1b: Ca\u00f1onFlor|Protect\n|move|p2a: Aerodactyl|Dual Wingbeat|p1b: Ca\u00f1onFlor\n|-activate|p1b: Ca\u00f1onFlor|move: Protect\n|move|p1a: HuesoPiedra|Tailwind|p1a: HuesoPiedra\n|-sidestart|p1: keloke|move: Tailwind\n|move|p2b: Garchomp|Outrage|p1b: Ca\u00f1onFlor\n|-activate|p1b: Ca\u00f1onFlor|move: Protect\n|\n|upkeep\n|turn|7\n|\n|t:|1776432423\n|move|p1a: HuesoPiedra|Rock Slide|p2b: Garchomp|[spread] p2a,p2b\n|-supereffective|p2a: Aerodactyl|1\n|-resisted|p2b: Garchomp|1\n|-damage|p2a: Aerodactyl|0 fnt\n|-damage|p2b: Garchomp|0 fnt\n|faint|p2a: Aerodactyl\n|faint|p2b: Garchomp\n|move|p1b: Ca\u00f1onFlor|Dazzling Gleam|p2: Aerodactyl|[notarget]\n|-fail|p1b: Ca\u00f1onFlor\n|\n|-sideend|p1: keloke|Reflect\n|upkeep\n|\n|t:|1776432431\n|switch|p2b: Tyranitar|Tyranitar, L50, F|100/100\n|-weather|Sandstorm|[from] ability: Sand Stream|[of] p2b: Tyranitar\n|turn|8\n|\n|t:|1776432448\n|move|p1a: HuesoPiedra|Rock Slide|p2b: Tyranitar\n|-damage|p2b: Tyranitar|71/100\n|move|p1b: Ca\u00f1onFlor|Moonblast|p2b: Tyranitar\n|-supereffective|p2b: Tyranitar|1\n|-damage|p2b: Tyranitar|0 fnt\n|faint|p2b: Tyranitar\n|\n|win|keloke\n|raw|keloke's rating: 1209 &rarr; <strong>1233</strong><br />(+24 for winning)\n|raw|wsweee's rating: 1197 &rarr; <strong>1173</strong><br />(-24 for losing)\n",
  "uploadtime": 1776432458,
  "views": 35,
  "formatid": "gen9championsvgc2026regma",
  "rating": 1173,
  "private": 0,
  "password": null
}