{
  "id": "gen9championsvgc2026regma-2587061830",
  "format": "[Gen 9 Champions] VGC 2026 Reg M-A",
  "players": [
    "Capocardozo2",
    "Mikatt"
  ],
  "log": "|j|\u2606Capocardozo2\n|j|\u2606Mikatt\n|t:|1776488309\n|gametype|doubles\n|player|p1|Capocardozo2|266|1136\n|player|p2|Mikatt|265|1178\n|gen|9\n|tier|[Gen 9 Champions] VGC 2026 Reg M-A\n|rated|\n|rule|Species Clause: Limit one of each Pok\u00e9mon\n|rule|Item Clause: Limit 1 of each item\n|clearpoke\n|poke|p1|Incineroar, L50, F|\n|poke|p1|Hydreigon, L50, M, shiny|\n|poke|p1|Whimsicott, L50, M|\n|poke|p1|Gengar, L50, F, shiny|\n|poke|p1|Garchomp, L50, F, shiny|\n|poke|p1|Aerodactyl, L50, F|\n|poke|p2|Arcanine, L50, M|\n|poke|p2|Aerodactyl, L50, F|\n|poke|p2|Zoroark-Hisui, L50, M|\n|poke|p2|Hydrapple, L50, F|\n|poke|p2|Clefable, L50, F|\n|poke|p2|Excadrill, L50, M|\n|teampreview|4\n|inactive|Battle timer is ON: inactive players will automatically lose when time's up. (requested by Mikatt)\n|inactive|Capocardozo2 has 60 seconds left.\n|\n|t:|1776488513\n|teamsize|p1|4\n|teamsize|p2|4\n|start\n|switch|p1a: Incineroar|Incineroar, L50, F|100/100\n|switch|p1b: Aerodactyl|Aerodactyl, L50, F|100/100\n|switch|p2a: Ignite|Arcanine, L50, M|100/100\n|switch|p2b: Dractyl|Aerodactyl, L50, F|100/100\n|-ability|p2a: Ignite|Intimidate|boost\n|-unboost|p1a: Incineroar|atk|1\n|-unboost|p1b: Aerodactyl|atk|1\n|-ability|p1a: Incineroar|Intimidate|boost\n|-unboost|p2a: Ignite|atk|1\n|-unboost|p2b: Dractyl|atk|1\n|turn|1\n|inactive|Mikatt has 30 seconds left.\n|\n|t:|1776488543\n|move|p1a: Incineroar|Fake Out|p2b: Dractyl\n|-immune|p2b: Dractyl\n|move|p1b: Aerodactyl|Rock Slide|p2b: Dractyl|[spread] p2a\n|-miss|p1b: Aerodactyl|p2b: Dractyl\n|-supereffective|p2a: Ignite|1\n|-damage|p2a: Ignite|61/100\n|move|p2b: Dractyl|Focus Blast|p1a: Incineroar\n|-supereffective|p1a: Incineroar|1\n|-damage|p1a: Incineroar|17/100\n|-enditem|p1a: Incineroar|Sitrus Berry|[eat]\n|-heal|p1a: Incineroar|42/100|[from] item: Sitrus Berry\n|move|p2a: Ignite|Wild Charge|p1b: Aerodactyl\n|-supereffective|p1b: Aerodactyl|1\n|-damage|p1b: Aerodactyl|52/100\n|-damage|p2a: Ignite|51/100|[from] Recoil\n|\n|-heal|p1b: Aerodactyl|58/100|[from] item: Leftovers\n|upkeep\n|turn|2\n|inactive|Mikatt has 30 seconds left.\n|inactive|Mikatt has 20 seconds left.\n|inactive|Mikatt has 15 seconds left.\n|\n|t:|1776488588\n|move|p1b: Aerodactyl|Tailwind|p1b: Aerodactyl\n|-sidestart|p1: Capocardozo2|move: Tailwind\n|move|p1a: Incineroar|Darkest Lariat|p2b: Dractyl\n|-supereffective|p2b: Dractyl|1\n|-enditem|p2b: Dractyl|Focus Sash\n|-damage|p2b: Dractyl|1/100\n|replace|p2b: Pekaboo|Zoroark-Hisui, L50, M\n|-end|p2b: Pekaboo|Illusion\n|move|p2b: Pekaboo|Icy Wind|p1a: Incineroar|[spread] p1a,p1b\n|-resisted|p1a: Incineroar|1\n|-supereffective|p1b: Aerodactyl|1\n|-damage|p1a: Incineroar|35/100\n|-damage|p1b: Aerodactyl|15/100\n|-unboost|p1a: Incineroar|spe|1\n|-unboost|p1b: Aerodactyl|spe|1\n|move|p2a: Ignite|Wild Charge|p1b: Aerodactyl\n|-supereffective|p1b: Aerodactyl|1\n|-damage|p1b: Aerodactyl|0 fnt\n|faint|p1b: Aerodactyl\n|-damage|p2a: Ignite|48/100|[from] Recoil\n|\n|upkeep\n|\n|t:|1776488610\n|switch|p1b: Garchomp|Garchomp, L50, F, shiny|100/100\n|turn|3\n|\n|t:|1776488628\n|switch|p2b: Mery|Clefable, L50, F|100/100\n|switch|p2a: Dractyl|Aerodactyl, L50, F|100/100\n|-ability|p2a: Dractyl|Unnerve\n|move|p1a: Incineroar|Protect|p1a: Incineroar\n|-singleturn|p1a: Incineroar|Protect\n|move|p1b: Garchomp|Earthquake|p2b: Mery|[spread] p2b\n|-activate|p1a: Incineroar|move: Protect\n|-immune|p2a: Dractyl\n|-damage|p2b: Mery|56/100\n|\n|upkeep\n|turn|4\n|inactive|Mikatt has 30 seconds left.\n|\n|t:|1776488659\n|detailschange|p2b: Mery|Clefable-Mega, L50, F\n|-mega|p2b: Mery|Clefable|Clefablite\n|move|p1b: Garchomp|Iron Head|p2b: Mery\n|-supereffective|p2b: Mery|1\n|-damage|p2b: Mery|7/100\n|move|p2a: Dractyl|Rock Slide|p1b: Garchomp|[spread] p1a,p1b\n|-supereffective|p1a: Incineroar|1\n|-resisted|p1b: Garchomp|1\n|-damage|p1a: Incineroar|0 fnt\n|-damage|p1b: Garchomp|87/100\n|faint|p1a: Incineroar\n|move|p2b: Mery|Dazzling Gleam|p1b: Garchomp\n|-supereffective|p1b: Garchomp|1\n|-damage|p1b: Garchomp|0 fnt\n|faint|p1b: Garchomp\n|\n|upkeep\n|\n|t:|1776488675\n|switch|p1b: Gengar|Gengar, L50, F, shiny|100/100\n|turn|5\n|\n|t:|1776488693\n|detailschange|p1b: Gengar|Gengar-Mega, L50, F, shiny\n|-mega|p1b: Gengar|Gengar|Gengarite\n|move|p2b: Mery|Protect|p2b: Mery\n|-singleturn|p2b: Mery|Protect\n|move|p1b: Gengar|Psychic|p2a: Dractyl\n|-damage|p2a: Dractyl|43/100\n|move|p2a: Dractyl|Tailwind|p2a: Dractyl\n|-sidestart|p2: Mikatt|move: Tailwind\n|\n|-sideend|p1: Capocardozo2|move: Tailwind\n|upkeep\n|turn|6\n|\n|t:|1776488712\n|move|p2a: Dractyl|Dual Wingbeat|p1b: Gengar\n|-damage|p1b: Gengar|69/100\n|-damage|p1b: Gengar|38/100\n|-hitcount|p1b: Gengar|2\n|move|p1b: Gengar|Shadow Ball|p2a: Dractyl\n|-damage|p2a: Dractyl|0 fnt\n|faint|p2a: Dractyl\n|move|p2b: Mery|Psyshock|p1b: Gengar\n|-supereffective|p1b: Gengar|1\n|-damage|p1b: Gengar|0 fnt\n|faint|p1b: Gengar\n|\n|win|Mikatt\n|raw|Capocardozo2's rating: 1136 &rarr; <strong>1114</strong><br />(-22 for losing)\n|raw|Mikatt's rating: 1178 &rarr; <strong>1200</strong><br />(+22 for winning)\n|l|\u2606Capocardozo2\n|player|p1|\n|c|\u2606Mikatt|gg\n",
  "uploadtime": 1776488736,
  "views": 15,
  "formatid": "gen9championsvgc2026regma",
  "rating": 1114,
  "private": 0,
  "password": null
}