{
  "id": "gen9championsvgc2026regma-2582154872",
  "format": "[Gen 9 Champions] VGC 2026 Reg M-A",
  "players": [
    "ChampionsmatchVGC",
    "ye979166426"
  ],
  "log": "|j|\u2606ChampionsmatchVGC\n|j|\u203dye979166426\n|t:|1776065038\n|gametype|doubles\n|player|p1|ChampionsmatchVGC|2|1314\n|player|p2|ye979166426|265|1377\n|gen|9\n|tier|[Gen 9 Champions] VGC 2026 Reg M-A\n|rated|\n|rule|Species Clause: Limit one of each Pok\u00e9mon\n|rule|Item Clause: Limit 1 of each item\n|clearpoke\n|poke|p1|Garchomp, L50, M|\n|poke|p1|Delphox, L50, M|\n|poke|p1|Floette-Eternal, L50, F|\n|poke|p1|Incineroar, L50, F|\n|poke|p1|Sinistcha, L50|\n|poke|p1|Sneasler, L50, F|\n|poke|p2|Excadrill, L50, F|\n|poke|p2|Tyranitar, L50, F|\n|poke|p2|Corviknight, L50, M|\n|poke|p2|Rotom-Wash, L50|\n|poke|p2|Primarina, L50, M|\n|poke|p2|Sneasler, L50, M|\n|teampreview|4\n|\n|t:|1776065065\n|teamsize|p1|4\n|teamsize|p2|4\n|start\n|switch|p1a: Incineroar|Incineroar, L50, F|100/100\n|switch|p1b: Floette|Floette-Eternal, L50, F|100/100\n|switch|p2a: Corviknight|Corviknight, L50, M, shiny|100/100\n|switch|p2b: Rotom|Rotom-Wash, L50, shiny|100/100\n|-ability|p1a: Incineroar|Intimidate|boost\n|-ability|p2a: Corviknight|Mirror Armor\n|-unboost|p1a: Incineroar|atk|1\n|-unboost|p2b: Rotom|atk|1\n|turn|1\n|\n|t:|1776065083\n|detailschange|p1b: Floette|Floette-Mega, L50, F\n|-mega|p1b: Floette|Floette|Floettite\n|-ability|p1b: Floette|Fairy Aura\n|move|p1a: Incineroar|Fake Out|p2a: Corviknight\n|-resisted|p2a: Corviknight|1\n|-damage|p2a: Corviknight|99/100\n|move|p2b: Rotom|Hydro Pump|p1a: Incineroar\n|-supereffective|p1a: Incineroar|1\n|-damage|p1a: Incineroar|16/100\n|move|p1b: Floette|Calm Mind|p1b: Floette\n|-boost|p1b: Floette|spa|1\n|-boost|p1b: Floette|spd|1\n|cant|p2a: Corviknight|flinch\n|\n|-heal|p2a: Corviknight|100/100|[from] item: Leftovers\n|upkeep\n|turn|2\n|\n|t:|1776065104\n|switch|p1a: Sinistcha|Sinistcha, L50|100/100\n|move|p2b: Rotom|Electroweb|p1a: Sinistcha|[spread] p1a,p1b\n|-resisted|p1a: Sinistcha|1\n|-damage|p1a: Sinistcha|92/100\n|-damage|p1b: Floette|91/100\n|-unboost|p1a: Sinistcha|spe|1\n|-unboost|p1b: Floette|spe|1\n|move|p2a: Corviknight|Tailwind|p2a: Corviknight\n|-sidestart|p2: ye979166426|move: Tailwind\n|move|p1b: Floette|Draining Kiss|p2b: Rotom\n|-damage|p2b: Rotom|25/100\n|-heal|p1b: Floette|100/100|[from] drain|[of] p2b: Rotom\n|-enditem|p2b: Rotom|Sitrus Berry|[eat]\n|-heal|p2b: Rotom|50/100|[from] item: Sitrus Berry\n|\n|upkeep\n|turn|3\n|\n|t:|1776065137\n|move|p2b: Rotom|Protect|p2b: Rotom\n|-singleturn|p2b: Rotom|Protect\n|move|p2a: Corviknight|Brave Bird|p1a: Sinistcha\n|-supereffective|p1a: Sinistcha|1\n|-crit|p1a: Sinistcha\n|-damage|p1a: Sinistcha|0 fnt\n|faint|p1a: Sinistcha\n|-damage|p2a: Corviknight|74/100|[from] Recoil\n|move|p1b: Floette|Dazzling Gleam|p2b: Rotom|[spread] p2a\n|-activate|p2b: Rotom|move: Protect\n|-resisted|p2a: Corviknight|1\n|-damage|p2a: Corviknight|35/100\n|\n|-heal|p2a: Corviknight|41/100|[from] item: Leftovers\n|upkeep\n|\n|t:|1776065155\n|switch|p1a: Sneasler|Sneasler, L50, F|100/100\n|turn|4\n|\n|t:|1776065180\n|move|p1a: Sneasler|Fake Out|p2a: Corviknight\n|-resisted|p2a: Corviknight|1\n|-damage|p2a: Corviknight|37/100\n|move|p2b: Rotom|Thunderbolt|p1a: Sneasler\n|-damage|p1a: Sneasler|40/100\n|cant|p2a: Corviknight|flinch\n|move|p1b: Floette|Dazzling Gleam|p2b: Rotom|[spread] p2a,p2b\n|-resisted|p2a: Corviknight|1\n|-damage|p2a: Corviknight|0 fnt\n|-damage|p2b: Rotom|0 fnt\n|faint|p2a: Corviknight\n|faint|p2b: Rotom\n|\n|upkeep\n|\n|t:|1776065189\n|switch|p2b: Tyranitar|Tyranitar, L50, F, shiny|100/100\n|switch|p2a: Excadrill|Excadrill, L50, F, shiny|100/100\n|-weather|Sandstorm|[from] ability: Sand Stream|[of] p2b: Tyranitar\n|turn|5\n|\n|t:|1776065239\n|switch|p1a: Incineroar|Incineroar, L50, F|16/100\n|-ability|p1a: Incineroar|Intimidate|boost\n|-unboost|p2a: Excadrill|atk|1\n|-unboost|p2b: Tyranitar|atk|1\n|detailschange|p2b: Tyranitar|Tyranitar-Mega, L50, F, shiny\n|-mega|p2b: Tyranitar|Tyranitar|Tyranitarite\n|move|p1b: Floette|Protect|p1b: Floette\n|-singleturn|p1b: Floette|Protect\n|move|p2a: Excadrill|Swords Dance|p2a: Excadrill\n|-boost|p2a: Excadrill|atk|2\n|move|p2b: Tyranitar|Rock Slide|p1b: Floette|[spread] p1a\n|-activate|p1b: Floette|move: Protect\n|-supereffective|p1a: Incineroar|1\n|-damage|p1a: Incineroar|0 fnt\n|faint|p1a: Incineroar\n|\n|-weather|Sandstorm|[upkeep]\n|-damage|p1b: Floette|94/100|[from] Sandstorm\n|-sideend|p2: ye979166426|move: Tailwind\n|upkeep\n|\n|t:|1776065251\n|switch|p1a: Sneasler|Sneasler, L50, F|40/100\n|turn|6\n|\n|t:|1776065271\n|move|p2a: Excadrill|Protect|p2a: Excadrill\n|-singleturn|p2a: Excadrill|Protect\n|move|p2b: Tyranitar|Protect|p2b: Tyranitar\n|-singleturn|p2b: Tyranitar|Protect\n|move|p1a: Sneasler|Close Combat|p2b: Tyranitar\n|-activate|p2b: Tyranitar|move: Protect\n|move|p1b: Floette|Draining Kiss|p2b: Tyranitar\n|-activate|p2b: Tyranitar|move: Protect\n|\n|-weather|Sandstorm|[upkeep]\n|-damage|p1a: Sneasler|34/100|[from] Sandstorm\n|-damage|p1b: Floette|88/100|[from] Sandstorm\n|upkeep\n|turn|7\n|\n|t:|1776065287\n|move|p1a: Sneasler|Protect|p1a: Sneasler\n|-singleturn|p1a: Sneasler|Protect\n|move|p2a: Excadrill|Earthquake|p1b: Floette|[spread] p2b,p1b\n|-activate|p1a: Sneasler|move: Protect\n|-supereffective|p2b: Tyranitar|1\n|-damage|p2b: Tyranitar|21/100\n|-damage|p1b: Floette|23/100\n|move|p2b: Tyranitar|Rock Slide|p1a: Sneasler|[spread] p1b\n|-activate|p1a: Sneasler|move: Protect\n|-damage|p1b: Floette|0 fnt\n|faint|p1b: Floette\n|\n|-weather|Sandstorm|[upkeep]\n|-damage|p1a: Sneasler|27/100|[from] Sandstorm\n|upkeep\n|turn|8\n|-message|ChampionsmatchVGC forfeited.\n|\n|win|ye979166426\n|raw|ChampionsmatchVGC's rating: 1314 &rarr; <strong>1298</strong><br />(-16 for losing)\n|raw|ye979166426's rating: 1377 &rarr; <strong>1393</strong><br />(+16 for winning)\n|l|\u2606ChampionsmatchVGC\n|player|p1|\n",
  "uploadtime": 1776065306,
  "views": 34,
  "formatid": "gen9championsvgc2026regma",
  "rating": 1298,
  "private": 0,
  "password": null
}