{
  "id": "gen9championsvgc2026regma-2583213639",
  "format": "[Gen 9 Champions] VGC 2026 Reg M-A",
  "players": [
    "DaNoobDude",
    "Bertorium7"
  ],
  "log": "|j|\u2606DaNoobDude\n|j|\u2606Bertorium7\n|t:|1776155498\n|gametype|doubles\n|player|p1|DaNoobDude|steven|1061\n|player|p2|Bertorium7|2|1148\n|gen|9\n|tier|[Gen 9 Champions] VGC 2026 Reg M-A\n|rated|\n|rule|Species Clause: Limit one of each Pok\u00e9mon\n|rule|Item Clause: Limit 1 of each item\n|clearpoke\n|poke|p1|Glimmora, L50, M|\n|poke|p1|Noivern, L50, F|\n|poke|p1|Rotom-Wash, L50|\n|poke|p1|Meowscarada, L50, F|\n|poke|p1|Tyranitar, L50, M|\n|poke|p1|Excadrill, L50, M|\n|poke|p2|Gourgeist-*, L50, M|\n|poke|p2|Gengar, L50, F|\n|poke|p2|Aerodactyl, L50, M|\n|poke|p2|Garchomp, L50, M|\n|poke|p2|Tyranitar, L50, F|\n|poke|p2|Milotic, L50, F|\n|teampreview|4\n|\n|t:|1776155531\n|teamsize|p1|4\n|teamsize|p2|4\n|start\n|switch|p1a: Glimmora|Glimmora, L50, M|100/100\n|switch|p1b: Noivern|Noivern, L50, F|100/100\n|switch|p2a: Aerodactyl|Aerodactyl, L50, M|100/100\n|switch|p2b: Garchomp|Garchomp, L50, M|100/100\n|-ability|p2a: Aerodactyl|Unnerve\n|turn|1\n|\n|t:|1776155546\n|detailschange|p1a: Glimmora|Glimmora-Mega, L50, M\n|-mega|p1a: Glimmora|Glimmora|Glimmoranite\n|move|p1a: Glimmora|Spiky Shield|p1a: Glimmora\n|-singleturn|p1a: Glimmora|move: Protect\n|move|p2a: Aerodactyl|Tailwind|p2a: Aerodactyl\n|-sidestart|p2: Bertorium7|move: Tailwind\n|move|p2b: Garchomp|Swords Dance|p2b: Garchomp\n|-boost|p2b: Garchomp|atk|2\n|move|p1b: Noivern|Tailwind|p1b: Noivern\n|-sidestart|p1: DaNoobDude|move: Tailwind\n|\n|upkeep\n|turn|2\n|\n|t:|1776155570\n|switch|p1a: Rotom|Rotom-Wash, L50|100/100\n|move|p2a: Aerodactyl|Rock Slide|p1b: Noivern|[spread] p1a,p1b\n|-supereffective|p1b: Noivern|1\n|-damage|p1a: Rotom|72/100\n|-damage|p1b: Noivern|44/100\n|move|p1b: Noivern|Draco Meteor|p2b: Garchomp\n|-supereffective|p2b: Garchomp|1\n|-damage|p2b: Garchomp|0 fnt\n|-unboost|p1b: Noivern|spa|2\n|faint|p2b: Garchomp\n|\n|-heal|p1a: Rotom|77/100|[from] item: Leftovers\n|upkeep\n|\n|t:|1776155580\n|switch|p2b: Gengar|Gengar, L50, F|100/100\n|turn|3\n|inactive|Battle timer is ON: inactive players will automatically lose when time's up. (requested by Bertorium7)\n|\n|t:|1776155592\n|switch|p1b: Excadrill|Excadrill, L50, M|100/100\n|detailschange|p2b: Gengar|Gengar-Mega, L50, F\n|-mega|p2b: Gengar|Gengar|Gengarite\n|move|p2b: Gengar|Shadow Ball|p1a: Rotom\n|-damage|p1a: Rotom|29/100\n|-unboost|p1a: Rotom|spd|1\n|move|p2a: Aerodactyl|Rock Slide|p1b: Excadrill|[spread] p1a,p1b\n|-resisted|p1b: Excadrill|2\n|-damage|p1a: Rotom|0 fnt\n|-damage|p1b: Excadrill|94/100\n|faint|p1a: Rotom\n|\n|upkeep\n|\n|t:|1776155610\n|switch|p1a: Noivern|Noivern, L50, F|44/100\n|turn|4\n|\n|t:|1776155624\n|move|p1a: Noivern|Protect|p1a: Noivern\n|-singleturn|p1a: Noivern|Protect\n|move|p2a: Aerodactyl|Rock Slide|p1b: Excadrill|[spread] p1b\n|-activate|p1a: Noivern|move: Protect\n|-resisted|p1b: Excadrill|2\n|-damage|p1b: Excadrill|87/100\n|move|p2b: Gengar|Shadow Ball|p1b: Excadrill\n|-damage|p1b: Excadrill|20/100\n|cant|p1b: Excadrill|flinch\n|\n|-sideend|p2: Bertorium7|move: Tailwind\n|-sideend|p1: DaNoobDude|move: Tailwind\n|upkeep\n|turn|5\n|\n|t:|1776155645\n|move|p2b: Gengar|Shadow Ball|p1b: Excadrill\n|-damage|p1b: Excadrill|0 fnt\n|faint|p1b: Excadrill\n|move|p2a: Aerodactyl|Rock Slide|p1a: Noivern\n|-supereffective|p1a: Noivern|1\n|-damage|p1a: Noivern|0 fnt\n|faint|p1a: Noivern\n|\n|upkeep\n|\n|t:|1776155652\n|switch|p1a: Glimmora|Glimmora-Mega, L50, M|100/100\n|turn|6\n|\n|t:|1776155674\n|move|p2b: Gengar|Shadow Ball|p1a: Glimmora\n|-damage|p1a: Glimmora|40/100\n|-unboost|p1a: Glimmora|spd|1\n|move|p2a: Aerodactyl|Tailwind|p2a: Aerodactyl\n|-sidestart|p2: Bertorium7|move: Tailwind\n|move|p1a: Glimmora|Power Gem|p2a: Aerodactyl\n|-supereffective|p2a: Aerodactyl|1\n|-damage|p2a: Aerodactyl|0 fnt\n|faint|p2a: Aerodactyl\n|\n|upkeep\n|\n|t:|1776155683\n|switch|p2a: Gourgeist|Gourgeist, L50, M|100/100\n|-item|p1a: Glimmora|Glimmoranite|[from] ability: Frisk|[of] p2a: Gourgeist\n|turn|7\n|\n|t:|1776155689\n|move|p2a: Gourgeist|Trick-or-Treat|p1a: Glimmora\n|-start|p1a: Glimmora|typeadd|Ghost|[from] move: Trick-or-Treat\n|move|p2b: Gengar|Shadow Ball|p1a: Glimmora\n|-supereffective|p1a: Glimmora|1\n|-damage|p1a: Glimmora|0 fnt\n|faint|p1a: Glimmora\n|\n|win|Bertorium7\n|raw|DaNoobDude's rating: 1061 &rarr; <strong>1047</strong><br />(-14 for losing)\n|raw|Bertorium7's rating: 1148 &rarr; <strong>1167</strong><br />(+19 for winning)\n|l|\u2606DaNoobDude\n|player|p1|\n",
  "uploadtime": 1776155719,
  "views": 25,
  "formatid": "gen9championsvgc2026regma",
  "rating": 1047,
  "private": 0,
  "password": null
}