{
  "id": "gen9championsvgc2026regma-2584976338",
  "format": "[Gen 9 Champions] VGC 2026 Reg M-A",
  "players": [
    "Haha_Young",
    "yadazei"
  ],
  "log": "|j|\u2606Haha_Young\n|j|\u2606yadazei\n|t:|1776299859\n|gametype|doubles\n|player|p1|Haha_Young|101|1211\n|player|p2|yadazei|twins|1232\n|gen|9\n|tier|[Gen 9 Champions] VGC 2026 Reg M-A\n|rated|\n|rule|Species Clause: Limit one of each Pok\u00e9mon\n|rule|Item Clause: Limit 1 of each item\n|clearpoke\n|poke|p1|Gengar, L50, M|\n|poke|p1|Incineroar, L50, M|\n|poke|p1|Tyranitar, L50, M|\n|poke|p1|Kingambit, L50, M|\n|poke|p1|Sinistcha, L50|\n|poke|p1|Kommo-o, L50, M|\n|poke|p2|Greninja-*, L50, F|\n|poke|p2|Pelipper, L50, F|\n|poke|p2|Aerodactyl, L50, F|\n|poke|p2|Archaludon, L50, M|\n|poke|p2|Kingambit, L50, M|\n|poke|p2|Sneasler, L50, M|\n|teampreview|4\n|inactive|Battle timer is ON: inactive players will automatically lose when time's up. (requested by Haha_Young)\n|inactive|yadazei also wants the timer to be on.\n|\n|t:|1776299886\n|teamsize|p1|4\n|teamsize|p2|4\n|start\n|switch|p1a: Gengar|Gengar, L50, M|100/100\n|switch|p1b: Incineroar|Incineroar, L50, M|100/100\n|switch|p2a: Sneasler|Sneasler, L50, M|100/100\n|switch|p2b: Kingambit|Kingambit, L50, M|100/100\n|-ability|p1b: Incineroar|Intimidate|boost\n|-unboost|p2a: Sneasler|atk|1\n|-unboost|p2b: Kingambit|atk|1\n|-ability|p2b: Kingambit|Defiant|boost\n|-boost|p2b: Kingambit|atk|2\n|-enditem|p2a: Sneasler|White Herb\n|-clearnegativeboost|p2a: Sneasler|[silent]\n|turn|1\n|\n|t:|1776299904\n|detailschange|p1a: Gengar|Gengar-Mega, L50, M\n|-mega|p1a: Gengar|Gengar|Gengarite\n|move|p2b: Kingambit|Protect|p2b: Kingambit\n|-singleturn|p2b: Kingambit|Protect\n|move|p1b: Incineroar|Fake Out|p2b: Kingambit\n|-activate|p2b: Kingambit|move: Protect\n|move|p2a: Sneasler|Close Combat|p1b: Incineroar\n|-supereffective|p1b: Incineroar|1\n|-damage|p1b: Incineroar|0 fnt\n|-unboost|p2a: Sneasler|def|1\n|-unboost|p2a: Sneasler|spd|1\n|faint|p1b: Incineroar\n|move|p1a: Gengar|Perish Song|p1a: Gengar\n|-start|p1a: Gengar|perish3|[silent]\n|-start|p2a: Sneasler|perish3|[silent]\n|-start|p2b: Kingambit|perish3|[silent]\n|-fieldactivate|move: Perish Song\n|\n|-start|p2a: Sneasler|perish3\n|-start|p1a: Gengar|perish3\n|-start|p2b: Kingambit|perish3\n|upkeep\n|\n|t:|1776299922\n|switch|p1b: Sinistcha|Sinistcha, L50|100/100\n|turn|2\n|\n|t:|1776299930\n|move|p1a: Gengar|Protect|p1a: Gengar\n|-singleturn|p1a: Gengar|Protect\n|move|p1b: Sinistcha|Protect|p1b: Sinistcha\n|-singleturn|p1b: Sinistcha|Protect\n|move|p2a: Sneasler|Dire Claw|p1b: Sinistcha\n|-activate|p1b: Sinistcha|move: Protect\n|move|p2b: Kingambit|Kowtow Cleave|p1a: Gengar\n|-activate|p1a: Gengar|move: Protect\n|\n|-start|p2a: Sneasler|perish2\n|-start|p1a: Gengar|perish2\n|-start|p2b: Kingambit|perish2\n|upkeep\n|turn|3\n|\n|t:|1776299945\n|switch|p1b: Tyranitar|Tyranitar, L50, M|100/100\n|-weather|Sandstorm|[from] ability: Sand Stream|[of] p1b: Tyranitar\n|move|p2a: Sneasler|Dire Claw|p1b: Tyranitar\n|-resisted|p1b: Tyranitar|1\n|-damage|p1b: Tyranitar|80/100\n|-status|p1b: Tyranitar|par\n|move|p1a: Gengar|Substitute|p1a: Gengar\n|-start|p1a: Gengar|Substitute\n|-damage|p1a: Gengar|76/100\n|move|p2b: Kingambit|Kowtow Cleave|p1a: Gengar\n|-supereffective|p1a: Gengar|1\n|-end|p1a: Gengar|Substitute\n|\n|-weather|Sandstorm|[upkeep]\n|-damage|p2a: Sneasler|95/100|[from] Sandstorm\n|-damage|p1a: Gengar|70/100|[from] Sandstorm\n|-start|p2a: Sneasler|perish1\n|-start|p1a: Gengar|perish1\n|-start|p2b: Kingambit|perish1\n|upkeep\n|turn|4\n|inactive|Haha_Young has 30 seconds left.\n|\n|t:|1776299974\n|switch|p1b: Sinistcha|Sinistcha, L50|100/100\n|-heal|p1a: Gengar|94/100|[from] ability: Hospitality|[of] p1b: Sinistcha\n|move|p1a: Gengar|Protect|p1a: Gengar\n|-singleturn|p1a: Gengar|Protect\n|move|p2a: Sneasler|Close Combat|p1b: Sinistcha\n|-immune|p1b: Sinistcha\n|move|p2b: Kingambit|Kowtow Cleave|p1a: Gengar\n|-activate|p1a: Gengar|move: Protect\n|\n|-weather|Sandstorm|[upkeep]\n|-damage|p2a: Sneasler|89/100|[from] Sandstorm\n|-damage|p1a: Gengar|88/100|[from] Sandstorm\n|-damage|p1b: Sinistcha|94/100|[from] Sandstorm\n|-start|p2a: Sneasler|perish0\n|-start|p1a: Gengar|perish0\n|-start|p2b: Kingambit|perish0\n|faint|p2a: Sneasler\n|faint|p1a: Gengar\n|faint|p2b: Kingambit\n|upkeep\n|\n|t:|1776299990\n|switch|p1a: Tyranitar|Tyranitar, L50, M|80/100 par\n|switch|p2a: Aerodactyl|Aerodactyl, L50, F|100/100\n|switch|p2b: Greninja|Greninja, L50, F|100/100\n|-ability|p2a: Aerodactyl|Unnerve\n|turn|5\n|\n|t:|1776300001\n|detailschange|p2b: Greninja|Greninja-Mega, L50, F\n|-mega|p2b: Greninja|Greninja|Greninjite\n|move|p1b: Sinistcha|Rage Powder|p1b: Sinistcha\n|-singleturn|p1b: Sinistcha|move: Rage Powder\n|move|p2b: Greninja|Hydro Pump|p1b: Sinistcha\n|-start|p2b: Greninja|typechange|Water|[from] ability: Protean\n|-resisted|p1b: Sinistcha|1\n|-damage|p1b: Sinistcha|67/100\n|move|p2a: Aerodactyl|Dual Wingbeat|p1b: Sinistcha\n|-supereffective|p1b: Sinistcha|1\n|-damage|p1b: Sinistcha|36/100\n|-supereffective|p1b: Sinistcha|1\n|-damage|p1b: Sinistcha|4/100\n|-hitcount|p1b: Sinistcha|2\n|move|p1a: Tyranitar|Rock Slide|p2b: Greninja|[spread] p2a\n|-miss|p1a: Tyranitar|p2b: Greninja\n|-supereffective|p2a: Aerodactyl|1\n|-damage|p2a: Aerodactyl|0 fnt\n|-enditem|p1b: Sinistcha|Sitrus Berry|[eat]\n|-heal|p1b: Sinistcha|29/100|[from] item: Sitrus Berry\n|faint|p2a: Aerodactyl\n|\n|-weather|Sandstorm|[upkeep]\n|-damage|p2b: Greninja|94/100|[from] Sandstorm\n|-damage|p1b: Sinistcha|23/100|[from] Sandstorm\n|upkeep\n|turn|6\n|\n|t:|1776300023\n|move|p2b: Greninja|Ice Beam|p1b: Sinistcha\n|-supereffective|p1b: Sinistcha|1\n|-damage|p1b: Sinistcha|0 fnt\n|faint|p1b: Sinistcha\n|move|p1a: Tyranitar|Rock Slide|p2b: Greninja\n|-damage|p2b: Greninja|32/100\n|\n|-weather|Sandstorm|[upkeep]\n|-damage|p2b: Greninja|26/100|[from] Sandstorm\n|upkeep\n|turn|7\n|\n|t:|1776300032\n|move|p2b: Greninja|Hydro Pump|p1a: Tyranitar\n|-supereffective|p1a: Tyranitar|1\n|-damage|p1a: Tyranitar|1/100 par\n|cant|p1a: Tyranitar|par\n|\n|-weather|none\n|upkeep\n|turn|8\n|-message|Haha_Young forfeited.\n|\n|win|yadazei\n|raw|Haha_Young's rating: 1211 &rarr; <strong>1188</strong><br />(-23 for losing)\n|raw|yadazei's rating: 1232 &rarr; <strong>1255</strong><br />(+23 for winning)\n|l|\u2606Haha_Young\n|player|p1|\n",
  "uploadtime": 1776300043,
  "views": 21,
  "formatid": "gen9championsvgc2026regma",
  "rating": 1188,
  "private": 0,
  "password": null
}