{
  "id": "gen9championsvgc2026regma-2581933552",
  "format": "[Gen 9 Champions] VGC 2026 Reg M-A",
  "players": [
    "21chenhen",
    "FILLOA DE SANGRE"
  ],
  "log": "|j|\u260621chenhen\n|j|\u2606FILLOA DE SANGRE\n|t:|1776041033\n|gametype|doubles\n|player|p1|21chenhen|101|1313\n|player|p2|FILLOA DE SANGRE|265|1319\n|gen|9\n|tier|[Gen 9 Champions] VGC 2026 Reg M-A\n|rated|\n|rule|Species Clause: Limit one of each Pok\u00e9mon\n|rule|Item Clause: Limit 1 of each item\n|clearpoke\n|poke|p1|Chandelure, L50, M|\n|poke|p1|Aerodactyl, L50, M|\n|poke|p1|Basculegion, L50, M|\n|poke|p1|Clefable, L50, F|\n|poke|p1|Garchomp, L50, M|\n|poke|p1|Orthworm, L50, F|\n|poke|p2|Kommo-o, L50, F|\n|poke|p2|Incineroar, L50, F|\n|poke|p2|Altaria, L50, F|\n|poke|p2|Gengar, L50, M|\n|poke|p2|Blastoise, L50, F|\n|poke|p2|Morpeko, L50, F|\n|teampreview|4\n|\n|t:|1776041139\n|teamsize|p1|4\n|teamsize|p2|4\n|start\n|switch|p1a: Chandelure|Chandelure, L50, M, shiny|100/100\n|switch|p1b: Aerodactyl|Aerodactyl, L50, M, shiny|100/100\n|switch|p2a: Gengar|Gengar, L50, M|100/100\n|switch|p2b: Altaria|Altaria, L50, F|100/100\n|-ability|p1b: Aerodactyl|Unnerve\n|-ability|p2b: Altaria|Cloud Nine\n|turn|1\n|j| Glaceon0404\n|\n|t:|1776041173\n|detailschange|p2a: Gengar|Gengar-Mega, L50, M\n|-mega|p2a: Gengar|Gengar|Gengarite\n|detailschange|p1a: Chandelure|Chandelure-Mega, L50, M, shiny\n|-mega|p1a: Chandelure|Chandelure|Chandelurite\n|move|p2a: Gengar|Protect|p2a: Gengar\n|-singleturn|p2a: Gengar|Protect\n|move|p1b: Aerodactyl|Tailwind|p1b: Aerodactyl\n|-sidestart|p1: 21chenhen|move: Tailwind\n|move|p1a: Chandelure|Shadow Ball|p2a: Gengar\n|-activate|p2a: Gengar|move: Protect\n|move|p2b: Altaria|Perish Song|p2b: Altaria\n|-start|p1a: Chandelure|perish3|[silent]\n|-start|p1b: Aerodactyl|perish3|[silent]\n|-start|p2a: Gengar|perish3|[silent]\n|-start|p2b: Altaria|perish3|[silent]\n|-fieldactivate|move: Perish Song\n|\n|-start|p1b: Aerodactyl|perish3\n|-start|p1a: Chandelure|perish3\n|-start|p2a: Gengar|perish3\n|-start|p2b: Altaria|perish3\n|upkeep\n|turn|2\n|\n|t:|1776041242\n|switch|p2a: Blastoise|Blastoise, L50, F|100/100\n|move|p1b: Aerodactyl|Rock Slide|p2a: Blastoise|[spread] p2a,p2b\n|-supereffective|p2b: Altaria|1\n|-damage|p2a: Blastoise|79/100\n|-damage|p2b: Altaria|40/100\n|move|p1a: Chandelure|Shadow Ball|p2a: Blastoise\n|-damage|p2a: Blastoise|40/100\n|move|p2b: Altaria|Safeguard|p2b: Altaria\n|-sidestart|p2: FILLOA DE SANGRE|Safeguard\n|\n|-heal|p2a: Blastoise|46/100|[from] item: Leftovers\n|-start|p1b: Aerodactyl|perish2\n|-start|p1a: Chandelure|perish2\n|-start|p2b: Altaria|perish2\n|upkeep\n|turn|3\n|\n|t:|1776041287\n|switch|p1a: Clefable|Clefable, L50, F|100/100\n|move|p2a: Blastoise|Fake Out|p1b: Aerodactyl\n|-resisted|p1b: Aerodactyl|1\n|-damage|p1b: Aerodactyl|95/100\n|cant|p1b: Aerodactyl|flinch\n|move|p2b: Altaria|Roost|p2b: Altaria\n|-heal|p2b: Altaria|90/100\n|-singleturn|p2b: Altaria|move: Roost\n|\n|-heal|p2a: Blastoise|52/100|[from] item: Leftovers\n|-start|p1b: Aerodactyl|perish1\n|-start|p2b: Altaria|perish1\n|upkeep\n|turn|4\n|\n|t:|1776041330\n|switch|p1b: Chandelure|Chandelure-Mega, L50, M, shiny|100/100\n|switch|p2b: Gengar|Gengar-Mega, L50, M|100/100\n|move|p1a: Clefable|Follow Me|p1a: Clefable\n|-singleturn|p1a: Clefable|move: Follow Me\n|move|p2a: Blastoise|Flip Turn|p1a: Clefable\n|-damage|p1a: Clefable|84/100\n|\n|t:|1776041343\n|switch|p2a: Altaria|Altaria, L50, F|90/100|[from] Flip Turn\n|-ability|p2a: Altaria|Cloud Nine\n|\n|-heal|p1a: Clefable|90/100|[from] item: Leftovers\n|-sideend|p1: 21chenhen|move: Tailwind\n|upkeep\n|turn|5\n|\n|t:|1776041365\n|move|p2b: Gengar|Protect|p2b: Gengar\n|-singleturn|p2b: Gengar|Protect\n|move|p1a: Clefable|Follow Me|p1a: Clefable\n|-singleturn|p1a: Clefable|move: Follow Me\n|move|p1b: Chandelure|Shadow Ball|p2a: Altaria\n|-damage|p2a: Altaria|48/100\n|move|p2a: Altaria|Perish Song|p2a: Altaria\n|-start|p1a: Clefable|perish3|[silent]\n|-start|p1b: Chandelure|perish3|[silent]\n|-start|p2a: Altaria|perish3|[silent]\n|-start|p2b: Gengar|perish3|[silent]\n|-fieldactivate|move: Perish Song\n|\n|-heal|p1a: Clefable|96/100|[from] item: Leftovers\n|-start|p2b: Gengar|perish3\n|-start|p1b: Chandelure|perish3\n|-start|p2a: Altaria|perish3\n|-start|p1a: Clefable|perish3\n|upkeep\n|turn|6\n|j| garfunkerl\n|j| vbijojoj\n|\n|t:|1776041415\n|move|p1a: Clefable|Follow Me|p1a: Clefable\n|-singleturn|p1a: Clefable|move: Follow Me\n|move|p2b: Gengar|Shadow Ball|p1a: Clefable\n|-damage|p1a: Clefable|61/100\n|move|p1b: Chandelure|Shadow Ball|p2b: Gengar\n|-supereffective|p2b: Gengar|1\n|-damage|p2b: Gengar|0 fnt\n|faint|p2b: Gengar\n|move|p2a: Altaria|Roost|p2a: Altaria\n|-heal|p2a: Altaria|98/100\n|-singleturn|p2a: Altaria|move: Roost\n|\n|-heal|p1a: Clefable|67/100|[from] item: Leftovers\n|-start|p1b: Chandelure|perish2\n|-start|p2a: Altaria|perish2\n|-start|p1a: Clefable|perish2\n|-sideend|p2: FILLOA DE SANGRE|Safeguard\n|upkeep\n|l| Glaceon0404\n|j| No.1yZap2\n|\n|t:|1776041426\n|switch|p2b: Blastoise|Blastoise, L50, F|52/100\n|turn|7\n|\n|t:|1776041447\n|move|p2b: Blastoise|Fake Out|p1a: Clefable\n|-damage|p1a: Clefable|60/100\n|cant|p1a: Clefable|flinch\n|move|p1b: Chandelure|Energy Ball|p2b: Blastoise\n|-supereffective|p2b: Blastoise|1\n|-damage|p2b: Blastoise|0 fnt\n|faint|p2b: Blastoise\n|move|p2a: Altaria|Perish Song||[still]\n|-fail|p2a: Altaria\n|\n|-heal|p1a: Clefable|66/100|[from] item: Leftovers\n|-start|p1b: Chandelure|perish1\n|-start|p2a: Altaria|perish1\n|-start|p1a: Clefable|perish1\n|upkeep\n|-message|FILLOA DE SANGRE forfeited.\n|\n|win|21chenhen\n|raw|21chenhen's rating: 1313 &rarr; <strong>1333</strong><br />(+20 for winning)\n|raw|FILLOA DE SANGRE's rating: 1319 &rarr; <strong>1299</strong><br />(-20 for losing)\n|l|\u2606FILLOA DE SANGRE\n|player|p2|\n|l|\u260621chenhen\n|player|p1|\n|l| vbijojoj\n|l| No.1yZap2\n|l| garfunkerl\n",
  "uploadtime": 1776041487,
  "views": 31,
  "formatid": "gen9championsvgc2026regma",
  "rating": 1299,
  "private": 0,
  "password": null
}