{
  "id": "gen9championsvgc2026regma-2585219297",
  "format": "[Gen 9 Champions] VGC 2026 Reg M-A",
  "players": [
    "sam litwicky",
    "cuddlycotton77"
  ],
  "log": "|j|\u2606sam litwicky\n|j|\u2606cuddlycotton77\n|t:|1776326420\n|gametype|doubles\n|player|p1|sam litwicky|265|1130\n|player|p2|cuddlycotton77|iris-gen5bw2|1103\n|gen|9\n|tier|[Gen 9 Champions] VGC 2026 Reg M-A\n|rated|\n|rule|Species Clause: Limit one of each Pok\u00e9mon\n|rule|Item Clause: Limit 1 of each item\n|clearpoke\n|poke|p1|Scovillain, L50, F|\n|poke|p1|Sneasler, L50, M|\n|poke|p1|Incineroar, L50, F|\n|poke|p1|Ninetales-Alola, L50, M|\n|poke|p1|Corviknight, L50, M|\n|poke|p1|Garchomp, L50, M|\n|poke|p2|Floette-Eternal, L50, F|\n|poke|p2|Kingambit, L50, F|\n|poke|p2|Dragapult, L50, F|\n|poke|p2|Incineroar, L50, F|\n|poke|p2|Gengar, L50, F|\n|poke|p2|Maushold-Four, L50|\n|teampreview|4\n|inactive|Battle timer is ON: inactive players will automatically lose when time's up. (requested by sam litwicky)\n|inactive|sam litwicky has 60 seconds left.\n|inactive|cuddlycotton77 has 60 seconds left.\n|\n|t:|1776326455\n|teamsize|p1|4\n|teamsize|p2|4\n|start\n|switch|p1a: Ninetales|Ninetales-Alola, L50, M|100/100\n|switch|p1b: Sneasler|Sneasler, L50, M|100/100\n|switch|p2a: Incineroar|Incineroar, L50, F, shiny|100/100\n|switch|p2b: Gengar|Gengar, L50, F, shiny|100/100\n|-weather|Snowscape|[from] ability: Snow Warning|[of] p1a: Ninetales\n|-ability|p2a: Incineroar|Intimidate|boost\n|-unboost|p1a: Ninetales|atk|1\n|-unboost|p1b: Sneasler|atk|1\n|-enditem|p1b: Sneasler|White Herb\n|-clearnegativeboost|p1b: Sneasler|[silent]\n|turn|1\n|\n|t:|1776326479\n|detailschange|p2b: Gengar|Gengar-Mega, L50, F, shiny\n|-mega|p2b: Gengar|Gengar|Gengarite\n|move|p1a: Ninetales|Protect|p1a: Ninetales\n|-singleturn|p1a: Ninetales|Protect\n|move|p2a: Incineroar|Fake Out|p1a: Ninetales\n|-activate|p1a: Ninetales|move: Protect\n|move|p1b: Sneasler|Rock Slide|p2b: Gengar|[spread] p2a,p2b\n|-supereffective|p2a: Incineroar|1\n|-damage|p2a: Incineroar|59/100\n|-damage|p2b: Gengar|71/100\n|move|p2b: Gengar|Perish Song|p2b: Gengar\n|-start|p1a: Ninetales|perish3|[silent]\n|-start|p1b: Sneasler|perish3|[silent]\n|-start|p2a: Incineroar|perish3|[silent]\n|-start|p2b: Gengar|perish3|[silent]\n|-fieldactivate|move: Perish Song\n|\n|-weather|Snowscape|[upkeep]\n|-start|p1b: Sneasler|perish3\n|-start|p2b: Gengar|perish3\n|-start|p1a: Ninetales|perish3\n|-start|p2a: Incineroar|perish3\n|upkeep\n|turn|2\n|\n|t:|1776326493\n|move|p2b: Gengar|Protect|p2b: Gengar\n|-singleturn|p2b: Gengar|Protect\n|move|p2a: Incineroar|Protect|p2a: Incineroar\n|-singleturn|p2a: Incineroar|Protect\n|move|p1b: Sneasler|Rock Slide|p2b: Gengar|[spread] \n|-activate|p2a: Incineroar|move: Protect\n|-activate|p2b: Gengar|move: Protect\n|move|p1a: Ninetales|Aurora Veil|p1a: Ninetales\n|-sidestart|p1: sam litwicky|move: Aurora Veil\n|\n|-weather|Snowscape|[upkeep]\n|-start|p1b: Sneasler|perish2\n|-start|p2b: Gengar|perish2\n|-start|p1a: Ninetales|perish2\n|-start|p2a: Incineroar|perish2\n|upkeep\n|turn|3\n|inactive|cuddlycotton77 has 30 seconds left.\n|\n|t:|1776326519\n|switch|p2a: Kingambit|Kingambit, L50, F, shiny|100/100\n|move|p1b: Sneasler|Rock Slide|p2a: Kingambit|[spread] p2a,p2b\n|-resisted|p2a: Kingambit|1\n|-damage|p2a: Kingambit|93/100\n|-damage|p2b: Gengar|38/100\n|cant|p2b: Gengar|flinch\n|move|p1a: Ninetales|Blizzard|p2b: Gengar|[spread] p2a,p2b\n|-resisted|p2a: Kingambit|1\n|-damage|p2a: Kingambit|78/100\n|-damage|p2b: Gengar|0 fnt\n|faint|p2b: Gengar\n|\n|-weather|Snowscape|[upkeep]\n|-start|p1b: Sneasler|perish1\n|-start|p1a: Ninetales|perish1\n|upkeep\n|\n|t:|1776326532\n|switch|p2b: Incineroar|Incineroar, L50, F, shiny|59/100\n|-ability|p2b: Incineroar|Intimidate|boost\n|-unboost|p1a: Ninetales|atk|1\n|-unboost|p1b: Sneasler|atk|1\n|turn|4\n|\n|t:|1776326553\n|switch|p1b: Garchomp|Garchomp, L50, M|100/100\n|switch|p1a: Scovillain|Scovillain, L50, F|100/100\n|move|p2a: Kingambit|Kowtow Cleave|p1b: Garchomp\n|-damage|p1b: Garchomp|63/100\n|move|p2b: Incineroar|Flare Blitz|p1a: Scovillain\n|-damage|p1a: Scovillain|48/100\n|-damage|p2b: Incineroar|44/100|[from] Recoil\n|-enditem|p2b: Incineroar|Sitrus Berry|[eat]\n|-heal|p2b: Incineroar|69/100|[from] item: Sitrus Berry\n|\n|-weather|Snowscape|[upkeep]\n|upkeep\n|turn|5\n|\n|t:|1776326571\n|switch|p2b: Maushold|Maushold-Four, L50, shiny|100/100\n|detailschange|p1a: Scovillain|Scovillain-Mega, L50, F\n|-mega|p1a: Scovillain|Scovillain|Scovillainite\n|move|p1a: Scovillain|Rage Powder|p1a: Scovillain\n|-singleturn|p1a: Scovillain|move: Rage Powder\n|move|p1b: Garchomp|Scale Shot|p2b: Maushold\n|-crit|p2b: Maushold\n|-damage|p2b: Maushold|77/100\n|-damage|p2b: Maushold|59/100\n|-damage|p2b: Maushold|43/100\n|-damage|p2b: Maushold|26/100\n|-hitcount|p2b: Maushold|4\n|-unboost|p1b: Garchomp|def|1\n|-boost|p1b: Garchomp|spe|1\n|move|p2a: Kingambit|Kowtow Cleave|p1a: Scovillain\n|-damage|p1a: Scovillain|2/100\n|-status|p2a: Kingambit|brn|[from] ability: Spicy Spray|[of] p1a: Scovillain\n|\n|-weather|none\n|-damage|p2a: Kingambit|73/100 brn|[from] brn\n|upkeep\n|turn|6\n|inactive|cuddlycotton77 has 30 seconds left.\n|l|\u2606cuddlycotton77\n|inactive|cuddlycotton77 disconnected and has a minute to reconnect!\n|player|p2|\n|inactive|cuddlycotton77 has 20 seconds left.\n|inactive|cuddlycotton77 has 15 seconds left.\n|inactive|cuddlycotton77 has 10 seconds left.\n|inactive|cuddlycotton77 has 5 seconds left.\n|j|\u2606cuddlycotton77\n|inactive|cuddlycotton77 reconnected and has 5 seconds left.\n|player|p2|cuddlycotton77|iris-gen5bw2|\n|\n|t:|1776326626\n|move|p2b: Maushold|Protect|p2b: Maushold\n|-singleturn|p2b: Maushold|Protect\n|move|p1a: Scovillain|Protect|p1a: Scovillain\n|-singleturn|p1a: Scovillain|Protect\n|move|p2a: Kingambit|Protect|p2a: Kingambit\n|-singleturn|p2a: Kingambit|Protect\n|move|p1b: Garchomp|Earthquake|p2b: Maushold|[spread] \n|-activate|p1a: Scovillain|move: Protect\n|-activate|p2a: Kingambit|move: Protect\n|-activate|p2b: Maushold|move: Protect\n|\n|-damage|p2a: Kingambit|67/100 brn|[from] brn\n|-sideend|p1: sam litwicky|move: Aurora Veil\n|upkeep\n|turn|7\n|inactive|cuddlycotton77 has 30 seconds left.\n|\n|t:|1776326654\n|switch|p2b: Incineroar|Incineroar, L50, F, shiny|69/100\n|-ability|p2b: Incineroar|Intimidate|boost\n|-unboost|p1a: Scovillain|atk|1\n|-unboost|p1b: Garchomp|atk|1\n|switch|p1a: Ninetales|Ninetales-Alola, L50, M|100/100\n|-weather|Snowscape|[from] ability: Snow Warning|[of] p1a: Ninetales\n|move|p1b: Garchomp|Earthquake|p2b: Incineroar|[spread] p1a,p2a,p2b\n|-supereffective|p2a: Kingambit|1\n|-supereffective|p2b: Incineroar|1\n|-damage|p1a: Ninetales|76/100\n|-damage|p2a: Kingambit|26/100 brn\n|-damage|p2b: Incineroar|20/100\n|move|p2a: Kingambit|Kowtow Cleave|p1b: Garchomp\n|-damage|p1b: Garchomp|20/100\n|\n|-weather|Snowscape|[upkeep]\n|-damage|p2a: Kingambit|20/100 brn|[from] brn\n|upkeep\n|turn|8\n|\n|t:|1776326673\n|move|p1b: Garchomp|Protect|p1b: Garchomp\n|-singleturn|p1b: Garchomp|Protect\n|move|p1a: Ninetales|Protect|p1a: Ninetales\n|-singleturn|p1a: Ninetales|Protect\n|move|p2b: Incineroar|Fake Out|p1a: Ninetales\n|-activate|p1a: Ninetales|move: Protect\n|move|p2a: Kingambit|Sucker Punch||[still]\n|-fail|p2a: Kingambit\n|\n|-weather|Snowscape|[upkeep]\n|-damage|p2a: Kingambit|14/100 brn|[from] brn\n|upkeep\n|turn|9\n|\n|t:|1776326695\n|switch|p1b: Sneasler|Sneasler, L50, M|100/100\n|move|p2a: Kingambit|Sucker Punch||[still]\n|-fail|p2a: Kingambit\n|move|p1a: Ninetales|Aurora Veil|p1a: Ninetales\n|-sidestart|p1: sam litwicky|move: Aurora Veil\n|move|p2b: Incineroar|Flare Blitz|p1a: Ninetales\n|-supereffective|p1a: Ninetales|1\n|-damage|p1a: Ninetales|0 fnt\n|faint|p1a: Ninetales\n|-damage|p2b: Incineroar|1/100|[from] Recoil\n|\n|-weather|Snowscape|[upkeep]\n|-damage|p2a: Kingambit|8/100 brn|[from] brn\n|upkeep\n|\n|t:|1776326717\n|switch|p1a: Scovillain|Scovillain-Mega, L50, F|2/100\n|turn|10\n|\n|t:|1776326727\n|switch|p2a: Maushold|Maushold-Four, L50, shiny|26/100\n|move|p1b: Sneasler|Rock Slide|p2a: Maushold|[spread] p2a,p2b\n|-supereffective|p2b: Incineroar|1\n|-damage|p2a: Maushold|0 fnt\n|-damage|p2b: Incineroar|0 fnt\n|faint|p2a: Maushold\n|faint|p2b: Incineroar\n|move|p1a: Scovillain|Spicy Extract|p1b: Sneasler\n|-boost|p1b: Sneasler|atk|2\n|-unboost|p1b: Sneasler|def|2\n|\n|-weather|Snowscape|[upkeep]\n|upkeep\n|-message|cuddlycotton77 forfeited.\n|\n|win|sam litwicky\n|raw|sam litwicky's rating: 1130 &rarr; <strong>1153</strong><br />(+23 for winning)\n|raw|cuddlycotton77's rating: 1103 &rarr; <strong>1080</strong><br />(-23 for losing)\n|l|\u2606cuddlycotton77\n|player|p2|\n",
  "uploadtime": 1776326746,
  "views": 17,
  "formatid": "gen9championsvgc2026regma",
  "rating": 1080,
  "private": 0,
  "password": null
}