{
  "id": "gen9championsvgc2026regma-2586496596",
  "format": "[Gen 9 Champions] VGC 2026 Reg M-A",
  "players": [
    "O1AM1DE",
    "jaisha4"
  ],
  "log": "|j|\u2606O1AM1DE\n|j|\u2606jaisha4\n|html|<table width=\"100%\"><tr><td align=\"left\">O1AM1DE</td><td align=\"right\">jaisha4</tr><tr><td align=\"left\"><i class=\"fa fa-circle-o\"></i> <i class=\"fa fa-circle-o\"></i> </td><td align=\"right\"><i class=\"fa fa-circle-o\"></i> <i class=\"fa fa-circle-o\"></i> </tr></table>\n|uhtml|bestof|<h2><strong>Game 1</strong> of <a href=\"/game-bestof3-gen9championsvgc2026regma-2586496595\">a best-of-3</a></h2>\n|t:|1776438714\n|gametype|doubles\n|player|p1|O1AM1DE|cynthia-gen4|\n|player|p2|jaisha4|ghetsis-gen5bw|\n|gen|9\n|tier|[Gen 9 Champions] VGC 2026 Reg M-A\n|rule|Species Clause: Limit one of each Pok\u00e9mon\n|rule|Item Clause: Limit 1 of each item\n|raw|<div class=\"infobox\"><details class=\"readmore\" open><summary><strong>1 custom rule:</strong></summary> Best of = 3</details></div>\n|clearpoke\n|poke|p1|Venusaur, L50, M|\n|poke|p1|Incineroar, L50, F|\n|poke|p1|Basculegion, L50, M|\n|poke|p1|Garchomp, L50, F|\n|poke|p1|Sneasler, L50, M|\n|poke|p1|Aerodactyl, L50, F|\n|poke|p2|Sneasler, L50, M|\n|poke|p2|Chandelure, L50, F|\n|poke|p2|Talonflame, L50, M|\n|poke|p2|Starmie, L50|\n|poke|p2|Garchomp, L50, F|\n|poke|p2|Ninetales-Alola, L50, F|\n|teampreview|4\n|\n|t:|1776438756\n|teamsize|p1|4\n|teamsize|p2|4\n|start\n|switch|p1a: Incineroar|Incineroar, L50, F|100/100\n|switch|p1b: Garchomp|Garchomp, L50, F|100/100\n|switch|p2a: Ninetales|Ninetales-Alola, L50, F|100/100\n|switch|p2b: Sneasler|Sneasler, L50, M|100/100\n|-weather|Snowscape|[from] ability: Snow Warning|[of] p2a: Ninetales\n|-ability|p1a: Incineroar|Intimidate|boost\n|-unboost|p2a: Ninetales|atk|1\n|-unboost|p2b: Sneasler|atk|1\n|turn|1\n|\n|t:|1776438778\n|move|p2b: Sneasler|Fake Out|p1a: Incineroar\n|-crit|p1a: Incineroar\n|-damage|p1a: Incineroar|72/100\n|cant|p1a: Incineroar|flinch\n|move|p2a: Ninetales|Aurora Veil|p2a: Ninetales\n|-sidestart|p2: jaisha4|move: Aurora Veil\n|move|p1b: Garchomp|Earthquake|p2b: Sneasler|[spread] p1a,p2a,p2b\n|-supereffective|p1a: Incineroar|1\n|-supereffective|p2b: Sneasler|1\n|-damage|p1a: Incineroar|0 fnt\n|-damage|p2a: Ninetales|72/100\n|-damage|p2b: Sneasler|8/100\n|faint|p1a: Incineroar\n|\n|-weather|Snowscape|[upkeep]\n|upkeep\n|l|\u2606O1AM1DE\n|player|p1|\n|j|\u2606O1AM1DE\n|player|p1|O1AM1DE|cynthia-gen4|\n|\n|t:|1776438810\n|switch|p1a: Sneasler|Sneasler, L50, M|100/100\n|turn|2\n|l|\u2606O1AM1DE\n|player|p1|\n|\n|t:|1776438845\n|move|p1b: Garchomp|Protect|p1b: Garchomp\n|-singleturn|p1b: Garchomp|Protect\n|move|p1a: Sneasler|Dire Claw|p2a: Ninetales\n|-supereffective|p2a: Ninetales|1\n|-damage|p2a: Ninetales|10/100\n|move|p2a: Ninetales|Blizzard|p1a: Sneasler|[spread] p1a\n|-activate|p1b: Garchomp|move: Protect\n|-damage|p1a: Sneasler|48/100\n|move|p2b: Sneasler|Close Combat|p1b: Garchomp\n|-activate|p1b: Garchomp|move: Protect\n|\n|-weather|Snowscape|[upkeep]\n|upkeep\n|turn|3\n|j|\u2606O1AM1DE\n|player|p1|O1AM1DE|cynthia-gen4|\n|\n|t:|1776438875\n|move|p1a: Sneasler|Coaching|p1b: Garchomp\n|-boost|p1b: Garchomp|atk|1\n|-boost|p1b: Garchomp|def|1\n|move|p2a: Ninetales|Blizzard|p1b: Garchomp|[spread] p1a,p1b\n|-supereffective|p1b: Garchomp|2\n|-damage|p1a: Sneasler|0 fnt\n|-enditem|p1b: Garchomp|Focus Sash\n|-damage|p1b: Garchomp|1/100\n|faint|p1a: Sneasler\n|move|p2b: Sneasler|Close Combat|p1b: Garchomp\n|-damage|p1b: Garchomp|0 fnt\n|-unboost|p2b: Sneasler|def|1\n|-unboost|p2b: Sneasler|spd|1\n|faint|p1b: Garchomp\n|\n|-weather|Snowscape|[upkeep]\n|upkeep\n|\n|t:|1776438888\n|switch|p1a: Aerodactyl|Aerodactyl, L50, F|100/100\n|turn|4\n|\n|t:|1776438898\n|detailschange|p1a: Aerodactyl|Aerodactyl-Mega, L50, F\n|-mega|p1a: Aerodactyl|Aerodactyl|Aerodactylite\n|move|p1a: Aerodactyl|Earthquake|p2b: Sneasler|[spread] p2a,p2b\n|-supereffective|p2b: Sneasler|1\n|-damage|p2a: Ninetales|0 fnt\n|-damage|p2b: Sneasler|0 fnt\n|faint|p2a: Ninetales\n|faint|p2b: Sneasler\n|\n|-weather|Snowscape|[upkeep]\n|upkeep\n|\n|t:|1776438902\n|switch|p2a: Garchomp|Garchomp, L50, F|100/100\n|switch|p2b: Starmie|Starmie, L50|100/100\n|turn|5\n|\n|t:|1776438911\n|detailschange|p2b: Starmie|Starmie-Mega, L50\n|-mega|p2b: Starmie|Starmie|Starminite\n|move|p1a: Aerodactyl|Ice Fang|p2a: Garchomp\n|-supereffective|p2a: Garchomp|2\n|-enditem|p2a: Garchomp|Yache Berry|[eat]\n|-enditem|p2a: Garchomp|Yache Berry|[weaken]\n|-damage|p2a: Garchomp|52/100\n|-damage|p1a: Aerodactyl|88/100|[from] ability: Rough Skin|[of] p2a: Garchomp\n|move|p2b: Starmie|Liquidation|p1a: Aerodactyl\n|-supereffective|p1a: Aerodactyl|1\n|-damage|p1a: Aerodactyl|0 fnt\n|faint|p1a: Aerodactyl\n|\n|win|jaisha4\n|inactive|O1AM1DE has 30 seconds to confirm battle start!\n|inactive|jaisha4 has 30 seconds to confirm battle start!\n",
  "uploadtime": 1776438927,
  "views": 20,
  "formatid": "gen9championsvgc2026regma",
  "rating": null,
  "private": 0,
  "password": null
}