{
  "id": "gen9championsvgc2026regma-2585814666",
  "format": "[Gen 9 Champions] VGC 2026 Reg M-A",
  "players": [
    "thewxfr",
    "gasertheegyptain"
  ],
  "log": "|j|\u2606thewxfr\n|j|\u2606gasertheegyptain\n|t:|1776372617\n|gametype|doubles\n|player|p1|thewxfr|102|\n|player|p2|gasertheegyptain|unknown|\n|gen|9\n|tier|[Gen 9 Champions] VGC 2026 Reg M-A\n|rule|Species Clause: Limit one of each Pok\u00e9mon\n|rule|Item Clause: Limit 1 of each item\n|clearpoke\n|poke|p1|Scovillain, L50, M|\n|poke|p1|Toucannon, L50, F|\n|poke|p1|Zoroark-Hisui, L50, M|\n|poke|p1|Dragapult, L50, F|\n|poke|p1|Sinistcha, L50|\n|poke|p1|Basculegion, L50, M|\n|poke|p2|Delphox, L50, F|\n|poke|p2|Clefable, L50, M|\n|poke|p2|Sneasler, L50, M|\n|poke|p2|Kingambit, L50, M|\n|poke|p2|Milotic, L50, M|\n|poke|p2|Garchomp, L50, M|\n|teampreview|4\n|c|\u2606thewxfr|i do like this team\nthewxfr rejected open team sheets.\n|c|\u2606gasertheegyptain|of cours eyou do\n|c|\u2606thewxfr|ei do\n|c|\u2606gasertheegyptain|lwk you made me hate toucannon now\n|\n|t:|1776372665\n|teamsize|p1|4\n|teamsize|p2|4\n|start\n|switch|p1a: Scovillain|Scovillain, L50, M|100/100\n|switch|p1b: Toucannon|Toucannon, L50, F|100/100\n|switch|p2a: Delphox|Delphox, L50, F|100/100\n|switch|p2b: Clefable|Clefable, L50, M|100/100\n|turn|1\n|\n|t:|1776372700\n|detailschange|p2a: Delphox|Delphox-Mega, L50, F\n|-mega|p2a: Delphox|Delphox|Delphoxite\n|detailschange|p1a: Scovillain|Scovillain-Mega, L50, M\n|-mega|p1a: Scovillain|Scovillain|Scovillainite\n|-singleturn|p1b: Toucannon|move: Beak Blast\n|move|p1a: Scovillain|Helping Hand|p1b: Toucannon\n|-singleturn|p1b: Toucannon|Helping Hand|[of] p1a: Scovillain\n|move|p2b: Clefable|Follow Me|p2b: Clefable\n|-singleturn|p2b: Clefable|move: Follow Me\n|move|p2a: Delphox|Substitute|p2a: Delphox\n|-start|p2a: Delphox|Substitute\n|-damage|p2a: Delphox|75/100\n|move|p1b: Toucannon|Beak Blast|p2b: Clefable\n|-damage|p2b: Clefable|34/100\n|\n|-heal|p2b: Clefable|39/100|[from] item: Leftovers\n|upkeep\n|turn|2\n|\n|t:|1776372732\n|move|p2b: Clefable|Helping Hand|p2a: Delphox\n|-singleturn|p2a: Delphox|Helping Hand|[of] p2b: Clefable\n|move|p1a: Scovillain|Rage Powder|p1a: Scovillain\n|-singleturn|p1a: Scovillain|move: Rage Powder\n|move|p2a: Delphox|Heat Wave|p1b: Toucannon|[spread] p1a,p1b\n|-damage|p1a: Scovillain|20/100\n|-damage|p1b: Toucannon|28/100\n|-immune|p2a: Delphox\n|-enditem|p1b: Toucannon|Sitrus Berry|[eat]\n|-heal|p1b: Toucannon|52/100|[from] item: Sitrus Berry\n|move|p1b: Toucannon|Rock Blast|p2a: Delphox\n|-supereffective|p2a: Delphox|1\n|-activate|p2a: Delphox|move: Substitute|[damage]\n|-supereffective|p2a: Delphox|1\n|-end|p2a: Delphox|Substitute\n|-supereffective|p2a: Delphox|1\n|-damage|p2a: Delphox|54/100\n|-supereffective|p2a: Delphox|1\n|-damage|p2a: Delphox|33/100\n|-supereffective|p2a: Delphox|1\n|-damage|p2a: Delphox|14/100\n|-hitcount|p2a: Delphox|5\n|\n|-heal|p2b: Clefable|45/100|[from] item: Leftovers\n|upkeep\n|turn|3\n|\n|t:|1776372755\n|-singleturn|p1b: Toucannon|move: Beak Blast\n|move|p1a: Scovillain|Endure|p1a: Scovillain\n|-singleturn|p1a: Scovillain|move: Endure\n|move|p2b: Clefable|Follow Me|p2b: Clefable\n|-singleturn|p2b: Clefable|move: Follow Me\n|move|p2a: Delphox|Psychic|p1b: Toucannon\n|-damage|p1b: Toucannon|0 fnt\n|faint|p1b: Toucannon\n|\n|-heal|p2b: Clefable|51/100|[from] item: Leftovers\n|upkeep\n|\n|t:|1776372765\n|switch|p1b: Dragapult|Dragapult, L50, F|100/100\n|turn|4\n|c|\u2606gasertheegyptain|lol you thought\n|c|\u2606thewxfr|thought what\n|c|\u2606thewxfr|you gon die now\n|c|\u2606gasertheegyptain|nvm\n|c|\u2606gasertheegyptain|am gonan get my shi rocked\n|\n|t:|1776372790\n|move|p1a: Scovillain|Helping Hand|p1b: Dragapult\n|-singleturn|p1b: Dragapult|Helping Hand|[of] p1a: Scovillain\n|move|p2a: Delphox|Protect|p2a: Delphox\n|-singleturn|p2a: Delphox|Protect\n|move|p1b: Dragapult|Hex|p2b: Clefable\n|-damage|p2b: Clefable|3/100\n|move|p2b: Clefable|Moonblast|p1a: Scovillain\n|-resisted|p1a: Scovillain|1\n|-damage|p1a: Scovillain|1/100\n|-status|p2b: Clefable|brn|[from] ability: Spicy Spray|[of] p1a: Scovillain\n|\n|-heal|p2b: Clefable|9/100 brn|[from] item: Leftovers\n|-damage|p2b: Clefable|3/100 brn|[from] brn\n|upkeep\n|turn|5\n|c|\u2606thewxfr|boy thought\n|c|\u2606gasertheegyptain|WHATTTTTTTTTTTTT\n|\n|t:|1776372817\n|move|p1a: Scovillain|Helping Hand|p1b: Dragapult\n|-singleturn|p1b: Dragapult|Helping Hand|[of] p1a: Scovillain\n|move|p2b: Clefable|Follow Me|p2b: Clefable\n|-singleturn|p2b: Clefable|move: Follow Me\n|move|p2a: Delphox|Heat Wave|p1a: Scovillain|[spread] p1a,p1b\n|-resisted|p1b: Dragapult|1\n|-damage|p1a: Scovillain|0 fnt\n|-damage|p1b: Dragapult|73/100\n|-immune|p2a: Delphox\n|faint|p1a: Scovillain\n|move|p1b: Dragapult|Hex|p2b: Clefable\n|-damage|p2b: Clefable|0 fnt\n|faint|p2b: Clefable\n|\n|upkeep\n|\n|t:|1776372830\n|switch|p1a: Dragapult|Dragapult, L50, F|100/100\n|switch|p2b: Kingambit|Kingambit, L50, M|100/100\n|turn|6\n|c|\u2606gasertheegyptain|oh yeah\n|c|\u2606thewxfr|yeah\n|c|\u2606gasertheegyptain|i wonder which one is which\n|c|\u2606thewxfr|i wonder too\n|c|\u2606thewxfr|i wonder guard even\n|c|\u2606gasertheegyptain|stfu\n|\n|t:|1776372857\n|move|p2a: Delphox|Protect|p2a: Delphox\n|-singleturn|p2a: Delphox|Protect\n|move|p2b: Kingambit|Protect|p2b: Kingambit\n|-singleturn|p2b: Kingambit|Protect\n|move|p1b: Dragapult|Flamethrower|p2b: Kingambit\n|-activate|p2b: Kingambit|move: Protect\n|move|p1a: Dragapult|Hyper Voice|p2a: Delphox|[spread] \n|-activate|p2a: Delphox|move: Protect\n|-activate|p2b: Kingambit|move: Protect\n|\n|upkeep\n|turn|7\n|c|\u2606thewxfr|lmaooo\n|c|\u2606thewxfr|:)\n|\n|t:|1776372876\n|move|p2b: Kingambit|Sucker Punch|p1a: Dragapult\n|-supereffective|p1a: Dragapult|1\n|-enditem|p1a: Dragapult|Focus Sash\n|-damage|p1a: Dragapult|1/100\n|replace|p1a: Zoroark|Zoroark-Hisui, L50, M\n|-end|p1a: Zoroark|Illusion\n|move|p2a: Delphox|Psychic|p1b: Dragapult\n|-damage|p1b: Dragapult|4/100\n|move|p1b: Dragapult|Flamethrower|p2b: Kingambit\n|-supereffective|p2b: Kingambit|1\n|-damage|p2b: Kingambit|42/100\n|move|p1a: Zoroark|Hyper Voice|p2b: Kingambit|[spread] p2a,p2b\n|-resisted|p2b: Kingambit|1\n|-damage|p2a: Delphox|0 fnt\n|-damage|p2b: Kingambit|27/100\n|faint|p2a: Delphox\n|\n|upkeep\n|\n|t:|1776372885\n|switch|p2a: Garchomp|Garchomp, L50, M|100/100\n|turn|8\n|\n|t:|1776372899\n|move|p2b: Kingambit|Protect|p2b: Kingambit\n|-singleturn|p2b: Kingambit|Protect\n|move|p1b: Dragapult|Dragon Pulse|p2a: Garchomp\n|-supereffective|p2a: Garchomp|1\n|-crit|p2a: Garchomp\n|-enditem|p2a: Garchomp|Focus Sash\n|-damage|p2a: Garchomp|1/100\n|move|p1a: Zoroark|Hyper Voice|p2b: Kingambit|[spread] p2a\n|-activate|p2b: Kingambit|move: Protect\n|-damage|p2a: Garchomp|0 fnt\n|faint|p2a: Garchomp\n|\n|upkeep\n|turn|9\n|\n|t:|1776372914\n|move|p2b: Kingambit|Sucker Punch|p1b: Dragapult\n|-supereffective|p1b: Dragapult|1\n|-damage|p1b: Dragapult|0 fnt\n|faint|p1b: Dragapult\n|move|p1a: Zoroark|Hyper Voice|p2b: Kingambit\n|-resisted|p2b: Kingambit|1\n|-damage|p2b: Kingambit|6/100\n|\n|upkeep\n|turn|10\n|c|\u2606gasertheegyptain|lwk kill yo sel-\n|c|\u2606thewxfr|gg lol\n|c|\u2606gasertheegyptain|gg\n|\n|t:|1776372928\n|move|p2b: Kingambit|Sucker Punch|p1a: Zoroark\n|-supereffective|p1a: Zoroark|1\n|-damage|p1a: Zoroark|0 fnt\n|faint|p1a: Zoroark\n|\n|win|gasertheegyptain\n",
  "uploadtime": 1776372930,
  "views": 16,
  "formatid": "gen9championsvgc2026regma",
  "rating": null,
  "private": 0,
  "password": null
}