{
  "id": "gen9championsvgc2026regma-2586265622",
  "format": "[Gen 9 Champions] VGC 2026 Reg M-A",
  "players": [
    "lontrinha",
    "13thskaven"
  ],
  "log": "|j|\u2606lontrinha\n|j|\u260613thskaven\n|t:|1776419131\n|gametype|doubles\n|player|p1|lontrinha|roxie|1156\n|player|p2|13thskaven|rocketgrunt|1074\n|gen|9\n|tier|[Gen 9 Champions] VGC 2026 Reg M-A\n|rated|\n|rule|Species Clause: Limit one of each Pok\u00e9mon\n|rule|Item Clause: Limit 1 of each item\n|clearpoke\n|poke|p1|Goodra-Hisui, L50, M|\n|poke|p1|Glimmora, L50, F|\n|poke|p1|Tauros-Paldea-Blaze, L50, M|\n|poke|p1|Aerodactyl, L50, F|\n|poke|p1|Sinistcha, L50|\n|poke|p1|Araquanid, L50, M|\n|poke|p2|Starmie, L50|\n|poke|p2|Kangaskhan, L50, F|\n|poke|p2|Gyarados, L50, F|\n|poke|p2|Aerodactyl, L50, M|\n|poke|p2|Drampa, L50, F|\n|poke|p2|Slowbro-Galar, L50, F|\n|teampreview|4\n|\n|t:|1776419165\n|teamsize|p1|4\n|teamsize|p2|4\n|start\n|switch|p1a: Tauros|Tauros-Paldea-Blaze, L50, M|100/100\n|switch|p1b: Araquanid|Araquanid, L50, M|100/100\n|switch|p2a: Gyarados|Gyarados, L50, F|100/100\n|switch|p2b: Aerodactyl|Aerodactyl, L50, M|100/100\n|-ability|p2b: Aerodactyl|Unnerve\n|-ability|p1a: Tauros|Intimidate|boost\n|-unboost|p2a: Gyarados|atk|1\n|-unboost|p2b: Aerodactyl|atk|1\n|-ability|p2a: Gyarados|Intimidate|boost\n|-unboost|p1a: Tauros|atk|1\n|-unboost|p1b: Araquanid|atk|1\n|turn|1\n|\n|t:|1776419194\n|move|p2b: Aerodactyl|Tailwind|p2b: Aerodactyl\n|-sidestart|p2: 13thskaven|move: Tailwind\n|move|p2a: Gyarados|Thunder Wave|p1a: Tauros\n|-status|p1a: Tauros|par\n|move|p1b: Araquanid|Icy Wind|p2a: Gyarados|[spread] p2a,p2b\n|-supereffective|p2b: Aerodactyl|1\n|-damage|p2a: Gyarados|97/100\n|-damage|p2b: Aerodactyl|86/100\n|-unboost|p2a: Gyarados|spe|1\n|-unboost|p2b: Aerodactyl|spe|1\n|move|p1a: Tauros|Flare Blitz|p2b: Aerodactyl\n|-resisted|p2b: Aerodactyl|1\n|-damage|p2b: Aerodactyl|46/100\n|-damage|p1a: Tauros|88/100 par|[from] Recoil\n|\n|upkeep\n|turn|2\n|\n|t:|1776419220\n|switch|p1a: Goodra|Goodra-Hisui, L50, M|100/100\n|move|p2b: Aerodactyl|Rock Slide|p1b: Araquanid|[spread] p1b\n|-miss|p2b: Aerodactyl|p1a: Goodra\n|-supereffective|p1b: Araquanid|1\n|-damage|p1b: Araquanid|59/100\n|move|p2a: Gyarados|Thunder Wave|p1b: Araquanid|[miss]\n|-miss|p2a: Gyarados|p1b: Araquanid\n|move|p1b: Araquanid|Icy Wind|p2a: Gyarados|[spread] p2a,p2b\n|-supereffective|p2b: Aerodactyl|1\n|-damage|p2a: Gyarados|94/100\n|-damage|p2b: Aerodactyl|30/100\n|-unboost|p2a: Gyarados|spe|1\n|-unboost|p2b: Aerodactyl|spe|1\n|\n|-heal|p1b: Araquanid|65/100|[from] item: Leftovers\n|upkeep\n|turn|3\n|\n|t:|1776419254\n|move|p1b: Araquanid|Wide Guard|p1b: Araquanid\n|-singleturn|p1b: Araquanid|Wide Guard\n|move|p2b: Aerodactyl|Rock Slide|p1a: Goodra|[spread] \n|-activate|p1a: Goodra|move: Wide Guard\n|-activate|p1b: Araquanid|move: Wide Guard\n|move|p2a: Gyarados|Thunder Wave|p1a: Goodra\n|-status|p1a: Goodra|par\n|cant|p1a: Goodra|par\n|\n|-heal|p1b: Araquanid|71/100|[from] item: Leftovers\n|upkeep\n|turn|4\n|\n|t:|1776419273\n|move|p2b: Aerodactyl|Rock Slide|p1a: Goodra|[spread] p1a\n|-miss|p2b: Aerodactyl|p1b: Araquanid\n|-resisted|p1a: Goodra|1\n|-damage|p1a: Goodra|92/100 par\n|move|p2a: Gyarados|Thunder Wave|p1b: Araquanid\n|-status|p1b: Araquanid|par\n|move|p1a: Goodra|Thunderbolt|p2a: Gyarados\n|-supereffective|p2a: Gyarados|2\n|-damage|p2a: Gyarados|18/100\n|-enditem|p2a: Gyarados|Sitrus Berry|[eat]\n|-heal|p2a: Gyarados|43/100|[from] item: Sitrus Berry\n|move|p1b: Araquanid|Liquidation|p2b: Aerodactyl\n|-supereffective|p2b: Aerodactyl|1\n|-damage|p2b: Aerodactyl|0 fnt\n|faint|p2b: Aerodactyl\n|\n|-heal|p1b: Araquanid|76/100 par|[from] item: Leftovers\n|-sideend|p2: 13thskaven|move: Tailwind\n|upkeep\n|\n|t:|1776419294\n|switch|p2b: Kangaskhan|Kangaskhan, L50, F|100/100\n|turn|5\n|\n|t:|1776419311\n|switch|p2a: Starmie|Starmie, L50|100/100\n|move|p2b: Kangaskhan|Fake Out|p1b: Araquanid\n|-damage|p1b: Araquanid|54/100 par\n|cant|p1a: Goodra|par\n|cant|p1b: Araquanid|flinch\n|\n|-heal|p1b: Araquanid|60/100 par|[from] item: Leftovers\n|upkeep\n|turn|6\n|\n|t:|1776419332\n|detailschange|p2a: Starmie|Starmie-Mega, L50\n|-mega|p2a: Starmie|Starmie|Starminite\n|move|p2a: Starmie|Ice Spinner|p1a: Goodra\n|-crit|p1a: Goodra\n|-damage|p1a: Goodra|23/100 par\n|-ability|p1a: Goodra|Gooey\n|-unboost|p2a: Starmie|spe|1\n|move|p2b: Kangaskhan|Rock Slide|p1b: Araquanid|[spread] p1a,p1b\n|-resisted|p1a: Goodra|1\n|-supereffective|p1b: Araquanid|1\n|-damage|p1a: Goodra|16/100 par\n|-damage|p1b: Araquanid|26/100 par\n|cant|p1a: Goodra|flinch\n|cant|p1b: Araquanid|par\n|\n|-heal|p1b: Araquanid|31/100 par|[from] item: Leftovers\n|upkeep\n|turn|7\n|\n|t:|1776419360\n|move|p2b: Kangaskhan|Rock Slide|p1b: Araquanid|[spread] p1a,p1b\n|-resisted|p1a: Goodra|1\n|-supereffective|p1b: Araquanid|1\n|-damage|p1a: Goodra|9/100 par\n|-damage|p1b: Araquanid|0 fnt\n|faint|p1b: Araquanid\n|move|p2a: Starmie|Liquidation|p1a: Goodra\n|-resisted|p1a: Goodra|1\n|-damage|p1a: Goodra|0 fnt\n|-ability|p1a: Goodra|Gooey\n|-unboost|p2a: Starmie|spe|1\n|faint|p1a: Goodra\n|\n|upkeep\n|\n|t:|1776419374\n|switch|p1a: Glimmora|Glimmora, L50, F|100/100\n|switch|p1b: Tauros|Tauros-Paldea-Blaze, L50, M|88/100 par\n|-ability|p1b: Tauros|Intimidate|boost\n|-unboost|p2a: Starmie|atk|1\n|-fail|p2b: Kangaskhan|unboost|Attack|[from] ability: Scrappy|[of] p2b: Kangaskhan\n|turn|8\n|\n|t:|1776419399\n|switch|p2a: Gyarados|Gyarados, L50, F|43/100\n|-ability|p2a: Gyarados|Intimidate|boost\n|-unboost|p1a: Glimmora|atk|1\n|-unboost|p1b: Tauros|atk|1\n|detailschange|p1a: Glimmora|Glimmora-Mega, L50, F\n|-mega|p1a: Glimmora|Glimmora|Glimmoranite\n|move|p2b: Kangaskhan|Protect|p2b: Kangaskhan\n|-singleturn|p2b: Kangaskhan|Protect\n|move|p1a: Glimmora|Sludge Bomb|p2a: Gyarados\n|-damage|p2a: Gyarados|0 fnt\n|faint|p2a: Gyarados\n|move|p1b: Tauros|Close Combat|p2b: Kangaskhan\n|-activate|p2b: Kangaskhan|move: Protect\n|\n|upkeep\n|\n|t:|1776419415\n|switch|p2a: Starmie|Starmie-Mega, L50|100/100\n|turn|9\n|\n|t:|1776419433\n|move|p2a: Starmie|Liquidation|p1b: Tauros\n|-supereffective|p1b: Tauros|1\n|-damage|p1b: Tauros|0 fnt\n|faint|p1b: Tauros\n|move|p2b: Kangaskhan|Drain Punch|p1a: Glimmora\n|-damage|p1a: Glimmora|81/100\n|move|p1a: Glimmora|Sludge Bomb|p2a: Starmie\n|-damage|p2a: Starmie|19/100\n|\n|upkeep\n|turn|10\n|-message|lontrinha forfeited.\n|\n|win|13thskaven\n|raw|lontrinha's rating: 1156 &rarr; <strong>1125</strong><br />(-31 for losing)\n|raw|13thskaven's rating: 1074 &rarr; <strong>1110</strong><br />(+36 for winning)\n|l|\u2606lontrinha\n|player|p1|\n",
  "uploadtime": 1776419484,
  "views": 27,
  "formatid": "gen9championsvgc2026regma",
  "rating": 1110,
  "private": 0,
  "password": null
}