{
  "id": "gen9championsvgc2026regma-2587403458",
  "format": "[Gen 9 Champions] VGC 2026 Reg M-A",
  "players": [
    "nachi8762",
    "tonybravais"
  ],
  "log": "|j|\u203dnachi8762\n|j|\u2606tonybravais\n|t:|1776528938\n|gametype|doubles\n|player|p1|nachi8762|dawn-masters3|1092\n|player|p2|tonybravais|265|1107\n|gen|9\n|tier|[Gen 9 Champions] VGC 2026 Reg M-A\n|rated|\n|rule|Species Clause: Limit one of each Pok\u00e9mon\n|rule|Item Clause: Limit 1 of each item\n|clearpoke\n|poke|p1|Tsareena, L50, F, shiny|\n|poke|p1|Aerodactyl, L50, M|\n|poke|p1|Tyranitar, L50, M|\n|poke|p1|Milotic, L50, F, shiny|\n|poke|p1|Garchomp, L50, M|\n|poke|p1|Incineroar, L50, M|\n|poke|p2|Milotic, L50, F|\n|poke|p2|Volcarona, L50, F|\n|poke|p2|Hydreigon, L50, M|\n|poke|p2|Lucario, L50, F, shiny|\n|poke|p2|Glimmora, L50, M|\n|poke|p2|Mudsdale, L50, F|\n|teampreview|4\n|\n|t:|1776528964\n|teamsize|p1|4\n|teamsize|p2|4\n|start\n|switch|p1a: Aerodactyl|Aerodactyl, L50, M|100/100\n|switch|p1b: Tsareena|Tsareena, L50, F, shiny|100/100\n|switch|p2a: Milotic|Milotic, L50, F|100/100\n|switch|p2b: Hydreigon|Hydreigon, L50, M|100/100\n|-ability|p1a: Aerodactyl|Unnerve\n|turn|1\n|\n|t:|1776528987\n|move|p2b: Hydreigon|Dark Pulse|p1a: Aerodactyl\n|-damage|p1a: Aerodactyl|38/100\n|move|p1b: Tsareena|Low Kick|p2b: Hydreigon\n|-supereffective|p2b: Hydreigon|1\n|-damage|p2b: Hydreigon|26/100\n|move|p1a: Aerodactyl|Rock Slide|p2a: Milotic|[spread] p2a\n|-miss|p1a: Aerodactyl|p2b: Hydreigon\n|-damage|p2a: Milotic|80/100\n|move|p2a: Milotic|Icy Wind|p1b: Tsareena|[spread] p1a,p1b\n|-supereffective|p1a: Aerodactyl|1\n|-supereffective|p1b: Tsareena|1\n|-damage|p1a: Aerodactyl|3/100\n|-damage|p1b: Tsareena|75/100\n|-unboost|p1a: Aerodactyl|spe|1\n|-unboost|p1b: Tsareena|spe|1\n|\n|-heal|p2a: Milotic|86/100|[from] item: Leftovers\n|upkeep\n|turn|2\n|\n|t:|1776529012\n|switch|p2b: Mudsdale|Mudsdale, L50, F|100/100\n|move|p1b: Tsareena|Low Kick|p2b: Mudsdale\n|-damage|p2b: Mudsdale|78/100\n|-ability|p2b: Mudsdale|Stamina|boost\n|-boost|p2b: Mudsdale|def|1\n|move|p1a: Aerodactyl|Tailwind|p1a: Aerodactyl\n|-sidestart|p1: nachi8762|move: Tailwind\n|move|p2a: Milotic|Icy Wind|p1a: Aerodactyl|[spread] p1a,p1b\n|-supereffective|p1a: Aerodactyl|1\n|-supereffective|p1b: Tsareena|1\n|-damage|p1a: Aerodactyl|0 fnt\n|-damage|p1b: Tsareena|43/100\n|-unboost|p1b: Tsareena|spe|1\n|faint|p1a: Aerodactyl\n|\n|-heal|p2a: Milotic|92/100|[from] item: Leftovers\n|upkeep\n|\n|t:|1776529025\n|switch|p1a: Tyranitar|Tyranitar, L50, M|100/100\n|-weather|Sandstorm|[from] ability: Sand Stream|[of] p1a: Tyranitar\n|turn|3\n|\n|t:|1776529041\n|switch|p1b: Garchomp|Garchomp, L50, M|100/100\n|detailschange|p1a: Tyranitar|Tyranitar-Mega, L50, M\n|-mega|p1a: Tyranitar|Tyranitar|Tyranitarite\n|move|p2a: Milotic|Protect|p2a: Milotic\n|-singleturn|p2a: Milotic|Protect\n|move|p1a: Tyranitar|Ice Punch|p2b: Mudsdale\n|-supereffective|p2b: Mudsdale|1\n|-damage|p2b: Mudsdale|47/100\n|-ability|p2b: Mudsdale|Stamina|boost\n|-boost|p2b: Mudsdale|def|1\n|move|p2b: Mudsdale|Body Press|p1a: Tyranitar\n|-supereffective|p1a: Tyranitar|2\n|-damage|p1a: Tyranitar|0 fnt\n|faint|p1a: Tyranitar\n|\n|-weather|Sandstorm|[upkeep]\n|-damage|p2a: Milotic|86/100|[from] Sandstorm\n|-heal|p2a: Milotic|92/100|[from] item: Leftovers\n|upkeep\n|\n|t:|1776529047\n|switch|p1a: Tsareena|Tsareena, L50, F, shiny|43/100\n|turn|4\n|-activate|p2b: Mudsdale|item: Quick Claw\n|\n|t:|1776529073\n|move|p2b: Mudsdale|Body Press|p1a: Tsareena\n|-damage|p1a: Tsareena|0 fnt\n|faint|p1a: Tsareena\n|move|p1b: Garchomp|Rock Slide|p2a: Milotic|[spread] p2a,p2b\n|-resisted|p2b: Mudsdale|1\n|-damage|p2a: Milotic|74/100\n|-damage|p2b: Mudsdale|44/100\n|-ability|p2b: Mudsdale|Stamina|boost\n|-boost|p2b: Mudsdale|def|1\n|move|p2a: Milotic|Icy Wind|p1b: Garchomp\n|-supereffective|p1b: Garchomp|2\n|-damage|p1b: Garchomp|31/100\n|-unboost|p1b: Garchomp|spe|1\n|\n|-weather|Sandstorm|[upkeep]\n|-damage|p2a: Milotic|68/100|[from] Sandstorm\n|-heal|p2a: Milotic|74/100|[from] item: Leftovers\n|upkeep\n|turn|5\n|-message|nachi8762 forfeited.\n|\n|win|tonybravais\n|raw|nachi8762's rating: 1092 &rarr; <strong>1069</strong><br />(-23 for losing)\n|raw|tonybravais's rating: 1107 &rarr; <strong>1131</strong><br />(+24 for winning)\n|l|\u203dnachi8762\n|player|p1|\n",
  "uploadtime": 1776529092,
  "views": 17,
  "formatid": "gen9championsvgc2026regma",
  "rating": 1069,
  "private": 0,
  "password": null
}