{
  "id": "gen9championsvgc2026regma-2585844377",
  "format": "[Gen 9 Champions] VGC 2026 Reg M-A",
  "players": [
    "gemd6",
    "ult. big chill"
  ],
  "log": "|j|\u2606gemd6\n|j|\u2606ult. big chill\n|t:|1776374943\n|gametype|doubles\n|player|p1|gemd6|169|1000\n|player|p2|ult. big chill|burgh|1097\n|gen|9\n|tier|[Gen 9 Champions] VGC 2026 Reg M-A\n|rated|\n|rule|Species Clause: Limit one of each Pok\u00e9mon\n|rule|Item Clause: Limit 1 of each item\n|clearpoke\n|poke|p1|Starmie, L50|\n|poke|p1|Garchomp, L50, F|\n|poke|p1|Tyranitar, L50, F|\n|poke|p1|Rotom-Heat, L50|\n|poke|p1|Aegislash, L50, F|\n|poke|p1|Aerodactyl, L50, F|\n|poke|p2|Camerupt, L50, F|\n|poke|p2|Farigiraf, L50, F|\n|poke|p2|Primarina, L50, M|\n|poke|p2|Incineroar, L50, M|\n|poke|p2|Drampa, L50, M|\n|poke|p2|Runerigus, L50, M|\n|teampreview|4\n|\n|t:|1776375001\n|teamsize|p1|4\n|teamsize|p2|4\n|start\n|switch|p1a: Rotom|Rotom-Heat, L50|100/100\n|switch|p1b: Garchomp|Garchomp, L50, F|100/100\n|switch|p2a: Pivot Man|Incineroar, L50, M|100/100\n|switch|p2b: Delta|Runerigus, L50, M|100/100\n|-ability|p2a: Pivot Man|Intimidate|boost\n|-unboost|p1a: Rotom|atk|1\n|-unboost|p1b: Garchomp|atk|1\n|-enditem|p1b: Garchomp|White Herb\n|-clearnegativeboost|p1b: Garchomp|[silent]\n|turn|1\n|\n|t:|1776375043\n|move|p1b: Garchomp|Protect|p1b: Garchomp\n|-singleturn|p1b: Garchomp|Protect\n|move|p2a: Pivot Man|Fake Out|p1a: Rotom\n|-damage|p1a: Rotom|88/100\n|cant|p1a: Rotom|flinch\n|move|p2b: Delta|Trick Room|p2b: Delta\n|-fieldstart|move: Trick Room|[of] p2b: Delta\n|\n|upkeep\n|turn|2\n|\n|t:|1776375093\n|move|p1a: Rotom|Helping Hand|p1b: Garchomp\n|-singleturn|p1b: Garchomp|Helping Hand|[of] p1a: Rotom\n|move|p2b: Delta|Will-O-Wisp|p1b: Garchomp\n|-status|p1b: Garchomp|brn\n|move|p2a: Pivot Man|Parting Shot|p1a: Rotom\n|-unboost|p1a: Rotom|atk|1\n|-unboost|p1a: Rotom|spa|1\n|\n|t:|1776375104\n|switch|p2a: Molpe|Primarina, L50, M|100/100|[from] Parting Shot\n|move|p1b: Garchomp|Earthquake|p2a: Molpe|[spread] p2a,p2b\n|-immune|p1a: Rotom|[from] ability: Levitate\n|-crit|p2a: Molpe\n|-damage|p2a: Molpe|53/100\n|-damage|p2b: Delta|82/100\n|\n|-damage|p1b: Garchomp|95/100 brn|[from] brn\n|upkeep\n|turn|3\n|\n|t:|1776375139\n|switch|p1b: Aegislash|Aegislash, L50, F, shiny|100/100\n|move|p2b: Delta|Body Press|p1a: Rotom\n|-damage|p1a: Rotom|58/100\n|move|p2a: Molpe|Hyper Voice|p1a: Rotom|[spread] p1a,p1b\n|-supereffective|p1a: Rotom|1\n|-damage|p1a: Rotom|0 fnt\n|-damage|p1b: Aegislash|75/100\n|faint|p1a: Rotom\n|\n|-heal|p1b: Aegislash|81/100|[from] item: Leftovers\n|upkeep\n|\n|t:|1776375149\n|switch|p1a: Starmie|Starmie, L50|100/100\n|turn|4\n|\n|t:|1776375169\n|switch|p2a: Pivot Man|Incineroar, L50, M|100/100\n|-ability|p2a: Pivot Man|Intimidate|boost\n|-unboost|p1a: Starmie|atk|1\n|-unboost|p1b: Aegislash|atk|1\n|move|p1b: Aegislash|King's Shield|p1b: Aegislash\n|-singleturn|p1b: Aegislash|Protect\n|move|p1a: Starmie|Protect|p1a: Starmie\n|-singleturn|p1a: Starmie|Protect\n|move|p2b: Delta|Will-O-Wisp|p1a: Starmie\n|-activate|p1a: Starmie|move: Protect\n|\n|-heal|p1b: Aegislash|87/100|[from] item: Leftovers\n|upkeep\n|turn|5\n|\n|t:|1776375196\n|switch|p2b: Molpe|Primarina, L50, M|53/100\n|switch|p1a: Garchomp|Garchomp, L50, F|95/100 brn\n|move|p2a: Pivot Man|Parting Shot|p1b: Aegislash\n|-unboost|p1b: Aegislash|atk|1\n|-unboost|p1b: Aegislash|spa|1\n|\n|t:|1776375208\n|switch|p2a: Delta|Runerigus, L50, M|82/100|[from] Parting Shot\n|-formechange|p1b: Aegislash|Aegislash-Blade|\n|move|p1b: Aegislash|Shadow Ball|p2b: Molpe\n|-damage|p2b: Molpe|29/100\n|\n|-heal|p1b: Aegislash|93/100|[from] item: Leftovers\n|-damage|p1a: Garchomp|89/100 brn|[from] brn\n|-fieldend|move: Trick Room\n|upkeep\n|turn|6\n|\n|t:|1776375273\n|switch|p2b: Pivot Man|Incineroar, L50, M|100/100\n|-ability|p2b: Pivot Man|Intimidate|boost\n|-unboost|p1a: Garchomp|atk|1\n|-unboost|p1b: Aegislash|atk|1\n|move|p1b: Aegislash|Wide Guard|p1b: Aegislash\n|-singleturn|p1b: Aegislash|Wide Guard\n|move|p1a: Garchomp|Earthquake|p2a: Delta|[spread] p2a,p2b\n|-activate|p1b: Aegislash|move: Wide Guard\n|-supereffective|p2b: Pivot Man|1\n|-damage|p2a: Delta|73/100\n|-damage|p2b: Pivot Man|77/100\n|move|p2a: Delta|Trick Room|p2a: Delta\n|-fieldstart|move: Trick Room|[of] p2a: Delta\n|\n|-heal|p1b: Aegislash|99/100|[from] item: Leftovers\n|-damage|p1a: Garchomp|83/100 brn|[from] brn\n|upkeep\n|turn|7\n|\n|t:|1776375326\n|switch|p2a: Old Man|Drampa, L50, M|100/100\n|-ability|p2a: Old Man|Cloud Nine\n|move|p2b: Pivot Man|Darkest Lariat|p1a: Garchomp\n|-damage|p1a: Garchomp|45/100 brn\n|move|p1b: Aegislash|Shadow Ball|p2a: Old Man\n|-immune|p2a: Old Man\n|move|p1a: Garchomp|Stomping Tantrum|p2b: Pivot Man\n|-supereffective|p2b: Pivot Man|1\n|-damage|p2b: Pivot Man|53/100\n|\n|-heal|p1b: Aegislash|100/100|[from] item: Leftovers\n|-damage|p1a: Garchomp|39/100 brn|[from] brn\n|upkeep\n|turn|8\n|\n|t:|1776375369\n|move|p1b: Aegislash|Wide Guard|p1b: Aegislash\n|-singleturn|p1b: Aegislash|Wide Guard\n|move|p2a: Old Man|Calm Mind|p2a: Old Man\n|-boost|p2a: Old Man|spa|1\n|-boost|p2a: Old Man|spd|1\n|move|p2b: Pivot Man|Parting Shot|p1b: Aegislash\n|-unboost|p1b: Aegislash|atk|1\n|-unboost|p1b: Aegislash|spa|1\n|\n|t:|1776375378\n|switch|p2b: Molpe|Primarina, L50, M|29/100|[from] Parting Shot\n|move|p1a: Garchomp|Earthquake|p2a: Old Man|[spread] p2a,p2b\n|-activate|p1b: Aegislash|move: Wide Guard\n|-damage|p2a: Old Man|87/100\n|-damage|p2b: Molpe|15/100\n|\n|-damage|p1a: Garchomp|33/100 brn|[from] brn\n|upkeep\n|turn|9\n|\n|t:|1776375419\n|switch|p1b: Starmie|Starmie, L50|100/100\n|detailschange|p2a: Old Man|Drampa-Mega, L50, M\n|-mega|p2a: Old Man|Drampa|Drampanite\n|move|p2a: Old Man|Earth Power|p1b: Starmie\n|-damage|p1b: Starmie|17/100\n|move|p2b: Molpe|Dazzling Gleam|p1a: Garchomp|[spread] p1a,p1b\n|-supereffective|p1a: Garchomp|1\n|-damage|p1a: Garchomp|0 fnt\n|-damage|p1b: Starmie|0 fnt\n|faint|p1a: Garchomp\n|faint|p1b: Starmie\n|\n|upkeep\n|c|\u2606ult. big chill|ggs\n|\n|t:|1776375429\n|switch|p1b: Aegislash|Aegislash, L50, F, shiny|100/100\n|turn|10\n|-message|gemd6 forfeited.\n|\n|win|ult. big chill\n|raw|gemd6's rating: 1000 &rarr; <strong>1000</strong><br />(+0 for losing)\n|raw|ult. big chill's rating: 1097 &rarr; <strong>1116</strong><br />(+19 for winning)\n|l|\u2606gemd6\n|player|p1|\n",
  "uploadtime": 1776375436,
  "views": 24,
  "formatid": "gen9championsvgc2026regma",
  "rating": 1000,
  "private": 0,
  "password": null
}