{
  "id": "gen9championsvgc2026regma-2586740000",
  "format": "[Gen 9 Champions] VGC 2026 Reg M-A",
  "players": [
    "antimetaservant",
    "kriller_krillco"
  ],
  "log": "|j|\u2606antimetaservant\n|j|\u2606kriller_krillco\n|t:|1776456180\n|gametype|doubles\n|player|p1|antimetaservant|unknown|1032\n|player|p2|kriller_krillco|swimmerf-gen4dp|1000\n|gen|9\n|tier|[Gen 9 Champions] VGC 2026 Reg M-A\n|rated|\n|rule|Species Clause: Limit one of each Pok\u00e9mon\n|rule|Item Clause: Limit 1 of each item\n|clearpoke\n|poke|p1|Feraligatr, L50, M|\n|poke|p1|Maushold-Four, L50|\n|poke|p1|Rotom-Wash, L50|\n|poke|p1|Aerodactyl, L50, F|\n|poke|p1|Blastoise, L50, F|\n|poke|p1|Politoed, L50, M|\n|poke|p2|Lopunny, L50, M|\n|poke|p2|Azumarill, L50, F|\n|poke|p2|Whimsicott, L50, F|\n|poke|p2|Scizor, L50, F|\n|poke|p2|Mamoswine, L50, F|\n|poke|p2|Pelipper, L50, M|\n|teampreview|4\n|inactive|Battle timer is ON: inactive players will automatically lose when time's up. (requested by kriller_krillco)\nantimetaservant rejected open team sheets.\n|inactive|kriller_krillco has 60 seconds left.\n|\n|t:|1776456213\n|teamsize|p1|4\n|teamsize|p2|4\n|start\n|switch|p1a: Aerodactyl|Aerodactyl, L50, F|100/100\n|switch|p1b: Maushold|Maushold-Four, L50|100/100\n|switch|p2a: Transfem|Lopunny, L50, M, shiny|100/100\n|switch|p2b: The Giggler|Azumarill, L50, F, shiny|100/100\n|turn|1\n|\n|t:|1776456236\n|switch|p2b: Famine|Whimsicott, L50, F, shiny|100/100\n|detailschange|p2a: Transfem|Lopunny-Mega, L50, M, shiny\n|-mega|p2a: Transfem|Lopunny|Lopunnite\n|move|p1b: Maushold|Protect|p1b: Maushold\n|-singleturn|p1b: Maushold|Protect\n|move|p1a: Aerodactyl|Tailwind|p1a: Aerodactyl\n|-sidestart|p1: antimetaservant|move: Tailwind\n|move|p2a: Transfem|Cotton Guard|p2a: Transfem\n|-boost|p2a: Transfem|def|3\n|\n|upkeep\n|turn|2\n|c|\u2606antimetaservant|i love the names\n|\n|t:|1776456253\n|move|p2b: Famine|Tailwind|p2b: Famine\n|-sidestart|p2: kriller_krillco|move: Tailwind\n|move|p1a: Aerodactyl|Dual Wingbeat|p2a: Transfem\n|-supereffective|p2a: Transfem|1\n|-damage|p2a: Transfem|87/100\n|-supereffective|p2a: Transfem|1\n|-damage|p2a: Transfem|75/100\n|-hitcount|p2a: Transfem|2\n|move|p1b: Maushold|Super Fang|p2a: Transfem\n|-damage|p2a: Transfem|38/100\n|move|p2a: Transfem|Cotton Guard|p2a: Transfem\n|-boost|p2a: Transfem|def|3\n|\n|upkeep\n|turn|3\n|c|\u2606kriller_krillco|thank you\n|inactive|kriller_krillco has 30 seconds left.\n|inactive|kriller_krillco has 20 seconds left.\n|inactive|kriller_krillco has 15 seconds left.\n|\n|t:|1776456295\n|switch|p2b: The Giggler|Azumarill, L50, F, shiny|100/100\n|move|p1a: Aerodactyl|Dual Wingbeat|p2b: The Giggler\n|-damage|p2b: The Giggler|85/100\n|-damage|p2b: The Giggler|67/100\n|-hitcount|p2b: The Giggler|2\n|move|p1b: Maushold|Super Fang|p2a: Transfem\n|-damage|p2a: Transfem|19/100\n|move|p2a: Transfem|Drain Punch|p1b: Maushold\n|-supereffective|p1b: Maushold|1\n|-damage|p1b: Maushold|7/100\n|-heal|p2a: Transfem|69/100|[from] drain|[of] p1b: Maushold\n|\n|upkeep\n|turn|4\n|inactive|antimetaservant has 30 seconds left.\n|\n|t:|1776456337\n|move|p1a: Aerodactyl|Psychic Fangs|p2a: Transfem\n|-supereffective|p2a: Transfem|1\n|-damage|p2a: Transfem|56/100\n|move|p1b: Maushold|Population Bomb|p2b: The Giggler\n|-damage|p2b: The Giggler|61/100\n|-damage|p2b: The Giggler|54/100\n|-damage|p2b: The Giggler|48/100\n|-enditem|p2b: The Giggler|Sitrus Berry|[eat]\n|-heal|p2b: The Giggler|72/100|[from] item: Sitrus Berry\n|-damage|p2b: The Giggler|66/100\n|-damage|p2b: The Giggler|60/100\n|-damage|p2b: The Giggler|54/100\n|-hitcount|p2b: The Giggler|6\n|move|p2a: Transfem|Swords Dance|p2a: Transfem\n|-boost|p2a: Transfem|atk|2\n|move|p2b: The Giggler|Liquidation|p1a: Aerodactyl\n|-supereffective|p1a: Aerodactyl|1\n|-damage|p1a: Aerodactyl|40/100\n|\n|-sideend|p1: antimetaservant|move: Tailwind\n|upkeep\n|turn|5\n|c|\u2606kriller_krillco|champions has made aerodactyl grow on me\n|inactive|kriller_krillco has 30 seconds left.\n|c|\u2606antimetaservant|real ngl\n|c|\u2606antimetaservant|real\n|\n|t:|1776456371\n|move|p1b: Maushold|Follow Me|p1b: Maushold\n|-singleturn|p1b: Maushold|move: Follow Me\n|move|p2a: Transfem|Trailblaze|p1b: Maushold\n|-damage|p1b: Maushold|0 fnt\n|-boost|p2a: Transfem|spe|1\n|faint|p1b: Maushold\n|move|p1a: Aerodactyl|Tailwind|p1a: Aerodactyl\n|-sidestart|p1: antimetaservant|move: Tailwind\n|move|p2b: The Giggler|Liquidation|p1a: Aerodactyl\n|-supereffective|p1a: Aerodactyl|1\n|-damage|p1a: Aerodactyl|0 fnt\n|faint|p1a: Aerodactyl\n|\n|-sideend|p2: kriller_krillco|move: Tailwind\n|upkeep\n|\n|t:|1776456380\n|switch|p1a: Rotom|Rotom-Wash, L50|100/100\n|switch|p1b: Blastoise|Blastoise, L50, F|100/100\n|turn|6\n|inactive|kriller_krillco has 30 seconds left.\n|\n|t:|1776456407\n|detailschange|p1b: Blastoise|Blastoise-Mega, L50, F\n|-mega|p1b: Blastoise|Blastoise|Blastoisinite\n|move|p1a: Rotom|Will-O-Wisp|p2a: Transfem\n|-status|p2a: Transfem|brn\n|move|p2a: Transfem|Trailblaze|p2b: The Giggler\n|-ability|p2b: The Giggler|Sap Sipper|boost\n|-boost|p2b: The Giggler|atk|1\n|move|p1b: Blastoise|Water Spout|p2b: The Giggler|[spread] p2a,p2b\n|-resisted|p2b: The Giggler|1\n|-damage|p2a: Transfem|8/100 brn\n|-damage|p2b: The Giggler|22/100\n|move|p2b: The Giggler|Play Rough|p1a: Rotom\n|-damage|p1a: Rotom|54/100\n|\n|-heal|p1a: Rotom|60/100|[from] item: Leftovers\n|-damage|p2a: Transfem|2/100 brn|[from] brn\n|upkeep\n|turn|7\n|c|\u2606antimetaservant|let us larp\n|c|\u2606antimetaservant|blastoise\n|inactive|kriller_krillco has 30 seconds left.\n|\n|t:|1776456434\n|switch|p2a: Mamaswine|Mamoswine, L50, F, shiny|100/100\n|switch|p2b: Famine|Whimsicott, L50, F, shiny|100/100\n|move|p1a: Rotom|Volt Switch|p2b: Famine\n|-resisted|p2b: Famine|1\n|-damage|p2b: Famine|81/100\n|move|p1b: Blastoise|Water Spout|p2a: Mamaswine|[spread] p2a,p2b\n|-supereffective|p2a: Mamaswine|1\n|-crit|p2a: Mamaswine\n|-resisted|p2b: Famine|1\n|-damage|p2a: Mamaswine|0 fnt\n|-damage|p2b: Famine|33/100\n|faint|p2a: Mamaswine\n|\n|-heal|p1a: Rotom|65/100|[from] item: Leftovers\n|upkeep\n|\n|t:|1776456449\n|switch|p2a: Transfem|Lopunny-Mega, L50, M, shiny|2/100 brn\n|turn|8\n|inactive|kriller_krillco has 30 seconds left.\n|\n|t:|1776456476\n|move|p2b: Famine|Tailwind|p2b: Famine\n|-sidestart|p2: kriller_krillco|move: Tailwind\n|move|p2a: Transfem|Drain Punch|p1b: Blastoise\n|-damage|p1b: Blastoise|86/100\n|-heal|p2a: Transfem|10/100 brn|[from] drain|[of] p1b: Blastoise\n|move|p1a: Rotom|Shadow Ball|p2b: Famine\n|-damage|p2b: Famine|6/100\n|move|p1b: Blastoise|Water Spout|p2a: Transfem|[spread] p2a,p2b\n|-resisted|p2b: Famine|1\n|-damage|p2a: Transfem|0 fnt\n|-damage|p2b: Famine|0 fnt\n|faint|p2a: Transfem\n|faint|p2b: Famine\n|\n|-heal|p1a: Rotom|71/100|[from] item: Leftovers\n|-sideend|p1: antimetaservant|move: Tailwind\n|upkeep\n|c|\u2606kriller_krillco|I shouldve endeavored lmao\n|c|\u2606kriller_krillco|gg\n|\n|t:|1776456498\n|switch|p2a: The Giggler|Azumarill, L50, F, shiny|22/100\n|turn|9\n|\n|t:|1776456511\n|move|p2a: The Giggler|Helping Hand|p2: Famine|[notarget]\n|-fail|p2a: The Giggler\n|move|p1a: Rotom|Volt Switch|p2a: The Giggler\n|-supereffective|p2a: The Giggler|1\n|-damage|p2a: The Giggler|0 fnt\n|faint|p2a: The Giggler\n|\n|win|antimetaservant\n|raw|antimetaservant's rating: 1032 &rarr; <strong>1064</strong><br />(+32 for winning)\n|raw|kriller_krillco's rating: 1000 &rarr; <strong>1000</strong><br />(+0 for losing)\n",
  "uploadtime": 1776456523,
  "views": 32,
  "formatid": "gen9championsvgc2026regma",
  "rating": 1000,
  "private": 0,
  "password": null
}