{
  "id": "gen9championsvgc2026regma-2584128797",
  "format": "[Gen 9 Champions] VGC 2026 Reg M-A",
  "players": [
    "sixthsavior",
    "Buff Frustration"
  ],
  "log": "|j|\u2606sixthsavior\n|j|\u2606Buff Frustration\n|t:|1776228339\n|gametype|doubles\n|player|p1|sixthsavior|265|1046\n|player|p2|Buff Frustration|ghetsis|1000\n|gen|9\n|tier|[Gen 9 Champions] VGC 2026 Reg M-A\n|rated|\n|rule|Species Clause: Limit one of each Pok\u00e9mon\n|rule|Item Clause: Limit 1 of each item\n|clearpoke\n|poke|p1|Aegislash, L50, M|\n|poke|p1|Rotom-Heat, L50|\n|poke|p1|Garchomp, L50, M|\n|poke|p1|Gyarados, L50, M|\n|poke|p1|Sinistcha, L50|\n|poke|p1|Floette-Eternal, L50, F|\n|poke|p2|Armarouge, L50, M|\n|poke|p2|Zoroark-Hisui, L50, F|\n|poke|p2|Dragapult, L50, M|\n|poke|p2|Oranguru, L50, M|\n|poke|p2|Drampa, L50, M|\n|poke|p2|Mimikyu, L50, M|\n|teampreview|4\n|inactive|Battle timer is ON: inactive players will automatically lose when time's up. (requested by Buff Frustration)\n|inactive|sixthsavior has 60 seconds left.\n|inactive|sixthsavior has 30 seconds left.\n|\n|t:|1776228400\n|teamsize|p1|4\n|teamsize|p2|4\n|start\n|switch|p1a: Gyarados|Gyarados, L50, M, shiny|100/100\n|switch|p1b: Garchomp|Garchomp, L50, M|100/100\n|switch|p2a: Mimikyu|Mimikyu, L50, M|100/100\n|switch|p2b: Oranguru|Oranguru, L50, M|100/100\n|-ability|p1a: Gyarados|Intimidate|boost\n|-unboost|p2a: Mimikyu|atk|1\n|-fail|p2b: Oranguru|unboost|Attack|[from] ability: Inner Focus|[of] p2b: Oranguru\n|turn|1\n|\n|t:|1776228425\n|move|p1b: Garchomp|Earthquake|p2a: Mimikyu|[spread] p2a,p2b\n|-immune|p1a: Gyarados\n|-damage|p2a: Mimikyu|22/100\n|-damage|p2b: Oranguru|57/100\n|replace|p2a: Zoroark|Zoroark-Hisui, L50, F\n|-end|p2a: Zoroark|Illusion\n|move|p2a: Zoroark|Hyper Voice|p1a: Gyarados|[spread] p1a,p1b\n|-damage|p1a: Gyarados|64/100\n|-damage|p1b: Garchomp|57/100\n|move|p1a: Gyarados|Taunt|p2a: Zoroark\n|-start|p2a: Zoroark|move: Taunt\n|move|p2b: Oranguru|Instruct|p2a: Zoroark\n|-singleturn|p2a: Zoroark|move: Instruct|[of] p2b: Oranguru\n|move|p2a: Zoroark|Hyper Voice|p1b: Garchomp|[spread] p1a,p1b\n|-damage|p1a: Gyarados|29/100\n|-damage|p1b: Garchomp|17/100\n|-enditem|p1a: Gyarados|Sitrus Berry|[eat]\n|-heal|p1a: Gyarados|53/100|[from] item: Sitrus Berry\n|\n|upkeep\n|turn|2\n|\n|t:|1776228448\n|move|p1b: Garchomp|Earthquake|p2b: Oranguru|[spread] p2a,p2b\n|-immune|p1a: Gyarados\n|-damage|p2a: Zoroark|0 fnt\n|-damage|p2b: Oranguru|17/100\n|faint|p2a: Zoroark\n|move|p1a: Gyarados|Thunder Wave|p2b: Oranguru\n|-status|p2b: Oranguru|par\n|move|p2b: Oranguru|Psychic|p1a: Gyarados\n|-damage|p1a: Gyarados|22/100\n|\n|upkeep\n|\n|t:|1776228457\n|switch|p2a: Dragapult|Dragapult, L50, M|100/100\n|turn|3\n|\n|t:|1776228466\n|move|p1b: Garchomp|Protect|p1b: Garchomp\n|-singleturn|p1b: Garchomp|Protect\n|move|p2a: Dragapult|Dragon Darts|p1a: Gyarados\n|-damage|p1a: Gyarados|0 fnt\n|faint|p1a: Gyarados\n|move|p2b: Oranguru|Instruct|p2a: Dragapult\n|-singleturn|p2a: Dragapult|move: Instruct|[of] p2b: Oranguru\n|move|p2a: Dragapult|Dragon Darts|p1b: Garchomp\n|-activate|p1b: Garchomp|move: Protect\n|\n|upkeep\n|\n|t:|1776228470\n|switch|p1a: Floette|Floette-Eternal, L50, F|100/100\n|turn|4\n|\n|t:|1776228485\n|switch|p1b: Sinistcha|Sinistcha, L50|100/100\n|detailschange|p1a: Floette|Floette-Mega, L50, F\n|-mega|p1a: Floette|Floette|Floettite\n|-ability|p1a: Floette|Fairy Aura\n|move|p2a: Dragapult|Phantom Force||[still]\n|-prepare|p2a: Dragapult|Phantom Force\n|move|p1a: Floette|Dazzling Gleam|p2a: Dragapult|[spread] p2b\n|-miss|p1a: Floette|p2a: Dragapult\n|-damage|p2b: Oranguru|0 fnt\n|faint|p2b: Oranguru\n|\n|upkeep\n|\n|t:|1776228495\n|switch|p2b: Mimikyu|Mimikyu, L50, M|100/100\n|turn|5\n|\n|t:|1776228506\n|switch|p1b: Garchomp|Garchomp, L50, M|17/100\n|move|p2a: Dragapult|Phantom Force|p1a: Floette|[from] lockedmove\n|-damage|p1a: Floette|49/100\n|move|p1a: Floette|Dazzling Gleam|p2a: Dragapult|[spread] p2a,p2b\n|-supereffective|p2a: Dragapult|1\n|-damage|p2a: Dragapult|1/100\n|-activate|p2b: Mimikyu|ability: Disguise\n|-damage|p2b: Mimikyu|100/100\n|detailschange|p2b: Mimikyu|Mimikyu-Busted, L50, M\n|-damage|p2b: Mimikyu|88/100|[from] pokemon: Mimikyu-Busted\n|move|p2b: Mimikyu|Swords Dance|p2b: Mimikyu\n|-boost|p2b: Mimikyu|atk|2\n|\n|upkeep\n|turn|6\n|\n|t:|1776228524\n|switch|p1b: Sinistcha|Sinistcha, L50|100/100\n|-heal|p1a: Floette|74/100|[from] ability: Hospitality|[of] p1b: Sinistcha\n|move|p2b: Mimikyu|Shadow Sneak|p1b: Sinistcha\n|-supereffective|p1b: Sinistcha|1\n|-damage|p1b: Sinistcha|42/100\n|move|p2a: Dragapult|Phantom Force||[still]\n|-prepare|p2a: Dragapult|Phantom Force\n|move|p1a: Floette|Dazzling Gleam|p2a: Dragapult|[spread] p2b\n|-miss|p1a: Floette|p2a: Dragapult\n|-damage|p2b: Mimikyu|40/100\n|\n|-heal|p1b: Sinistcha|48/100|[from] item: Leftovers\n|upkeep\n|turn|7\n|\n|t:|1776228538\n|move|p1b: Sinistcha|Rage Powder|p1b: Sinistcha\n|-singleturn|p1b: Sinistcha|move: Rage Powder\n|move|p2b: Mimikyu|Shadow Sneak|p1b: Sinistcha\n|-supereffective|p1b: Sinistcha|1\n|-damage|p1b: Sinistcha|0 fnt\n|faint|p1b: Sinistcha\n|move|p2a: Dragapult|Phantom Force|p1a: Floette|[from] lockedmove\n|-damage|p1a: Floette|22/100\n|move|p1a: Floette|Dazzling Gleam|p2a: Dragapult|[spread] p2a,p2b\n|-supereffective|p2a: Dragapult|1\n|-damage|p2a: Dragapult|0 fnt\n|-damage|p2b: Mimikyu|0 fnt\n|faint|p2a: Dragapult\n|faint|p2b: Mimikyu\n|\n|win|sixthsavior\n|raw|sixthsavior's rating: 1046 &rarr; <strong>1075</strong><br />(+29 for winning)\n|raw|Buff Frustration's rating: 1000 &rarr; <strong>1000</strong><br />(+0 for losing)\n|l|\u2606Buff Frustration\n|player|p2|\n",
  "uploadtime": 1776228552,
  "views": 22,
  "formatid": "gen9championsvgc2026regma",
  "rating": 1000,
  "private": 0,
  "password": null
}