{
  "id": "gen9championsvgc2026regma-2580414073",
  "format": "[Gen 9 Champions] VGC 2026 Reg M-A",
  "players": [
    "aggsapphire",
    "Jahi1907"
  ],
  "log": "|j|\u2606aggsapphire\n|j|\u2606Jahi1907\n|t:|1775892865\n|gametype|doubles\n|player|p1|aggsapphire|1|1075\n|player|p2|Jahi1907|101|1017\n|gen|9\n|tier|[Gen 9 Champions] VGC 2026 Reg M-A\n|rated|\n|rule|Species Clause: Limit one of each Pok\u00e9mon\n|rule|Item Clause: Limit 1 of each item\n|clearpoke\n|poke|p1|Charizard, L50, F|\n|poke|p1|Venusaur, L50, F|\n|poke|p1|Incineroar, L50, M|\n|poke|p1|Rotom-Wash, L50|\n|poke|p1|Garchomp, L50, F|\n|poke|p1|Sneasler, L50, M|\n|poke|p2|Charizard, L50, M|\n|poke|p2|Whimsicott, L50, F|\n|poke|p2|Incineroar, L50, M|\n|poke|p2|Typhlosion-Hisui, L50, M|\n|poke|p2|Milotic, L50, F|\n|poke|p2|Aggron, L50, M|\n|teampreview|4\n|inactive|Battle timer is ON: inactive players will automatically lose when time's up. (requested by Jahi1907)\n|\n|t:|1775892924\n|teamsize|p1|4\n|teamsize|p2|4\n|start\n|switch|p1a: Rotom|Rotom-Wash, L50|100/100\n|switch|p1b: Sneasler|Sneasler, L50, M|100/100\n|switch|p2a: Incineroar|Incineroar, L50, M|100/100\n|switch|p2b: Aggron|Aggron, L50, M|100/100\n|-ability|p2a: Incineroar|Intimidate|boost\n|-unboost|p1a: Rotom|atk|1\n|-unboost|p1b: Sneasler|atk|1\n|-enditem|p1b: Sneasler|White Herb\n|-clearnegativeboost|p1b: Sneasler|[silent]\n|turn|1\n|inactive|Jahi1907 has 30 seconds left.\n|\n|t:|1775892952\n|move|p1b: Sneasler|Protect|p1b: Sneasler\n|-singleturn|p1b: Sneasler|Protect\n|move|p2b: Aggron|Protect|p2b: Aggron\n|-singleturn|p2b: Aggron|Protect\n|move|p2a: Incineroar|Fake Out|p1a: Rotom\n|-damage|p1a: Rotom|89/100\n|cant|p1a: Rotom|flinch\n|\n|upkeep\n|turn|2\n|-activate|p1a: Rotom|item: Quick Claw\n|\n|t:|1775892970\n|switch|p2b: Whimsicott|Whimsicott, L50, F|100/100\n|move|p1a: Rotom|Will-O-Wisp|p2b: Whimsicott\n|-status|p2b: Whimsicott|brn\n|move|p1b: Sneasler|Close Combat|p2a: Incineroar\n|-supereffective|p2a: Incineroar|1\n|-damage|p2a: Incineroar|0 fnt\n|-unboost|p1b: Sneasler|def|1\n|-unboost|p1b: Sneasler|spd|1\n|faint|p2a: Incineroar\n|\n|-damage|p2b: Whimsicott|95/100 brn|[from] brn\n|upkeep\n|\n|t:|1775892985\n|switch|p2a: Aggron|Aggron, L50, M|100/100\n|turn|3\n|-activate|p1a: Rotom|item: Quick Claw\n|\n|t:|1775892991\n|detailschange|p2a: Aggron|Aggron-Mega, L50, M\n|-mega|p2a: Aggron|Aggron|Aggronite\n|move|p2b: Whimsicott|Tailwind|p2b: Whimsicott\n|-sidestart|p2: Jahi1907|move: Tailwind\n|move|p1a: Rotom|Will-O-Wisp|p2a: Aggron\n|-status|p2a: Aggron|brn\n|move|p1b: Sneasler|Dire Claw|p2b: Whimsicott\n|-supereffective|p2b: Whimsicott|2\n|-damage|p2b: Whimsicott|0 fnt\n|faint|p2b: Whimsicott\n|move|p2a: Aggron|Iron Defense|p2a: Aggron\n|-boost|p2a: Aggron|def|2\n|\n|-damage|p2a: Aggron|94/100 brn|[from] brn\n|upkeep\n|\n|t:|1775892999\n|switch|p2b: Charizard|Charizard, L50, M, shiny|100/100\n|turn|4\n|\n|t:|1775893012\n|move|p1b: Sneasler|Protect|p1b: Sneasler\n|-singleturn|p1b: Sneasler|Protect\n|move|p2b: Charizard|Solar Beam||[still]\n|-prepare|p2b: Charizard|Solar Beam\n|move|p2a: Aggron|Iron Defense|p2a: Aggron\n|-boost|p2a: Aggron|def|2\n|move|p1a: Rotom|Electroweb|p2a: Aggron|[spread] p2a,p2b\n|-supereffective|p2b: Charizard|1\n|-damage|p2a: Aggron|80/100 brn\n|-damage|p2b: Charizard|57/100\n|-unboost|p2a: Aggron|spe|1\n|-unboost|p2b: Charizard|spe|1\n|\n|-damage|p2a: Aggron|74/100 brn|[from] brn\n|upkeep\n|turn|5\n|inactive|aggsapphire has 30 seconds left.\n|-message|Jahi1907 forfeited.\n|\n|win|aggsapphire\n|raw|aggsapphire's rating: 1075 &rarr; <strong>1099</strong><br />(+24 for winning)\n|raw|Jahi1907's rating: 1017 &rarr; <strong>1007</strong><br />(-10 for losing)\n|l|\u2606Jahi1907\n|player|p2|\n",
  "uploadtime": 1775893061,
  "views": 16,
  "formatid": "gen9championsvgc2026regma",
  "rating": 1007,
  "private": 0,
  "password": null
}