{
  "id": "gen9championsvgc2026regma-2586179023",
  "format": "[Gen 9 Champions] VGC 2026 Reg M-A",
  "players": [
    "T\u67e5\u723e\u65af\u7684\u52dd\u5229Bonezz",
    "MainManL"
  ],
  "log": "|j|\u2606T\u67e5\u723e\u65af\u7684\u52dd\u5229Bonezz\n|j|\u2606MainManL\n|t:|1776409033\n|gametype|doubles\n|player|p1|T\u67e5\u723e\u65af\u7684\u52dd\u5229Bonezz|169|1143\n|player|p2|MainManL|169|1043\n|gen|9\n|tier|[Gen 9 Champions] VGC 2026 Reg M-A\n|rated|\n|rule|Species Clause: Limit one of each Pok\u00e9mon\n|rule|Item Clause: Limit 1 of each item\n|clearpoke\n|poke|p1|Ceruledge, L50, F|\n|poke|p1|Arbok, L50, M|\n|poke|p1|Whimsicott, L50, M|\n|poke|p1|Charizard, L50, F|\n|poke|p1|Meganium, L50, M|\n|poke|p1|Tauros-Paldea-Aqua, L50, M|\n|poke|p2|Charizard, L50, F|\n|poke|p2|Leafeon, L50, F|\n|poke|p2|Whimsicott, L50, F|\n|poke|p2|Typhlosion-Hisui, L50, F|\n|poke|p2|Clefable, L50, F|\n|poke|p2|Incineroar, L50, F|\n|teampreview|4\n|inactive|Battle timer is ON: inactive players will automatically lose when time's up. (requested by MainManL)\nMainManL has agreed to open team sheets.\n|\n|t:|1776409069\n|teamsize|p1|4\n|teamsize|p2|4\n|start\n|switch|p1a: \u68c9\u82b1\u6536\u7a6b\u5b63\u7bc0\u5df2\u7d93\u5230\u4f86\u3002|Whimsicott, L50, M|100/100\n|switch|p1b: \u9f8d\u4e4b\u540c\u6027\u6200\uff1a\u5927\u548c\u8ae7|Charizard, L50, F|100/100\n|switch|p2a: Chared|Charizard, L50, F, shiny|100/100\n|switch|p2b: Favorite child|Leafeon, L50, F, shiny|100/100\n|turn|1\n|\n|t:|1776409089\n|detailschange|p2a: Chared|Charizard-Mega-Y, L50, F, shiny\n|-mega|p2a: Chared|Charizard|Charizardite Y\n|-weather|SunnyDay|[from] ability: Drought|[of] p2a: Chared\n|move|p1a: \u68c9\u82b1\u6536\u7a6b\u5b63\u7bc0\u5df2\u7d93\u5230\u4f86\u3002|Tailwind|p1a: \u68c9\u82b1\u6536\u7a6b\u5b63\u7bc0\u5df2\u7d93\u5230\u4f86\u3002\n|-sidestart|p1: T\u67e5\u723e\u65af\u7684\u52dd\u5229Bonezz|move: Tailwind\n|move|p1b: \u9f8d\u4e4b\u540c\u6027\u6200\uff1a\u5927\u548c\u8ae7|Heat Wave|p2a: Chared|[spread] p2a,p2b\n|-resisted|p2a: Chared|1\n|-supereffective|p2b: Favorite child|1\n|-damage|p2a: Chared|62/100\n|-damage|p2b: Favorite child|0 fnt\n|faint|p2b: Favorite child\n|move|p2a: Chared|Weather Ball|p1b: \u9f8d\u4e4b\u540c\u6027\u6200\uff1a\u5927\u548c\u8ae7\n|-resisted|p1b: \u9f8d\u4e4b\u540c\u6027\u6200\uff1a\u5927\u548c\u8ae7|1\n|-damage|p1b: \u9f8d\u4e4b\u540c\u6027\u6200\uff1a\u5927\u548c\u8ae7|45/100\n|\n|-weather|SunnyDay|[upkeep]\n|-damage|p1b: \u9f8d\u4e4b\u540c\u6027\u6200\uff1a\u5927\u548c\u8ae7|33/100|[from] ability: Solar Power|[of] p1b: \u9f8d\u4e4b\u540c\u6027\u6200\uff1a\u5927\u548c\u8ae7\n|upkeep\n|\n|t:|1776409103\n|switch|p2b: FUCK YOU|Incineroar, L50, F, shiny|100/100\n|-ability|p2b: FUCK YOU|Intimidate|boost\n|-unboost|p1a: \u68c9\u82b1\u6536\u7a6b\u5b63\u7bc0\u5df2\u7d93\u5230\u4f86\u3002|atk|1\n|-unboost|p1b: \u9f8d\u4e4b\u540c\u6027\u6200\uff1a\u5927\u548c\u8ae7|atk|1\n|turn|2\n|inactive|T\u67e5\u723e\u65af\u7684\u52dd\u5229Bonezz has 30 seconds left.\n|\n|t:|1776409131\n|switch|p1b: \u90aa\u60e1\u7684\u96d9\u6301\u5e7d\u9748\u7537|Ceruledge, L50, F|100/100\n|move|p2b: FUCK YOU|Fake Out|p1b: \u90aa\u60e1\u7684\u96d9\u6301\u5e7d\u9748\u7537\n|-immune|p1b: \u90aa\u60e1\u7684\u96d9\u6301\u5e7d\u9748\u7537\n|move|p1a: \u68c9\u82b1\u6536\u7a6b\u5b63\u7bc0\u5df2\u7d93\u5230\u4f86\u3002|Moonblast|p2a: Chared\n|-resisted|p2a: Chared|1\n|-damage|p2a: Chared|48/100\n|move|p2a: Chared|Heat Wave|p1b: \u90aa\u60e1\u7684\u96d9\u6301\u5e7d\u9748\u7537|[spread] p1a\n|-start|p1b: \u90aa\u60e1\u7684\u96d9\u6301\u5e7d\u9748\u7537|ability: Flash Fire\n|-supereffective|p1a: \u68c9\u82b1\u6536\u7a6b\u5b63\u7bc0\u5df2\u7d93\u5230\u4f86\u3002|1\n|-enditem|p1a: \u68c9\u82b1\u6536\u7a6b\u5b63\u7bc0\u5df2\u7d93\u5230\u4f86\u3002|Focus Sash\n|-damage|p1a: \u68c9\u82b1\u6536\u7a6b\u5b63\u7bc0\u5df2\u7d93\u5230\u4f86\u3002|1/100\n|\n|-weather|SunnyDay|[upkeep]\n|upkeep\n|turn|3\n|\n|t:|1776409154\n|move|p1a: \u68c9\u82b1\u6536\u7a6b\u5b63\u7bc0\u5df2\u7d93\u5230\u4f86\u3002|Moonblast|p2b: FUCK YOU\n|-damage|p2b: FUCK YOU|76/100\n|move|p1b: \u90aa\u60e1\u7684\u96d9\u6301\u5e7d\u9748\u7537|Bulk Up|p1b: \u90aa\u60e1\u7684\u96d9\u6301\u5e7d\u9748\u7537\n|-boost|p1b: \u90aa\u60e1\u7684\u96d9\u6301\u5e7d\u9748\u7537|atk|1\n|-boost|p1b: \u90aa\u60e1\u7684\u96d9\u6301\u5e7d\u9748\u7537|def|1\n|move|p2a: Chared|Heat Wave|p1a: \u68c9\u82b1\u6536\u7a6b\u5b63\u7bc0\u5df2\u7d93\u5230\u4f86\u3002|[spread] p1a\n|-immune|p1b: \u90aa\u60e1\u7684\u96d9\u6301\u5e7d\u9748\u7537|[from] ability: Flash Fire\n|-supereffective|p1a: \u68c9\u82b1\u6536\u7a6b\u5b63\u7bc0\u5df2\u7d93\u5230\u4f86\u3002|1\n|-damage|p1a: \u68c9\u82b1\u6536\u7a6b\u5b63\u7bc0\u5df2\u7d93\u5230\u4f86\u3002|0 fnt\n|faint|p1a: \u68c9\u82b1\u6536\u7a6b\u5b63\u7bc0\u5df2\u7d93\u5230\u4f86\u3002\n|move|p2b: FUCK YOU|Darkest Lariat|p1b: \u90aa\u60e1\u7684\u96d9\u6301\u5e7d\u9748\u7537\n|-supereffective|p1b: \u90aa\u60e1\u7684\u96d9\u6301\u5e7d\u9748\u7537|1\n|-damage|p1b: \u90aa\u60e1\u7684\u96d9\u6301\u5e7d\u9748\u7537|18/100\n|\n|-weather|SunnyDay|[upkeep]\n|upkeep\n|inactive|T\u67e5\u723e\u65af\u7684\u52dd\u5229Bonezz has 30 seconds left.\n|\n|t:|1776409181\n|switch|p1a: \u9f8d\u4e4b\u540c\u6027\u6200\uff1a\u5927\u548c\u8ae7|Charizard, L50, F|33/100\n|turn|4\n|\n|t:|1776409196\n|move|p2a: Chared|Protect|p2a: Chared\n|-singleturn|p2a: Chared|Protect\n|move|p1a: \u9f8d\u4e4b\u540c\u6027\u6200\uff1a\u5927\u548c\u8ae7|Heat Wave|p2b: FUCK YOU|[spread] p2b\n|-activate|p2a: Chared|move: Protect\n|-resisted|p2b: FUCK YOU|1\n|-damage|p2b: FUCK YOU|45/100\n|-enditem|p2b: FUCK YOU|Sitrus Berry|[eat]\n|-heal|p2b: FUCK YOU|69/100|[from] item: Sitrus Berry\n|move|p1b: \u90aa\u60e1\u7684\u96d9\u6301\u5e7d\u9748\u7537|Bitter Blade|p2b: FUCK YOU\n|-resisted|p2b: FUCK YOU|1\n|-crit|p2b: FUCK YOU\n|-damage|p2b: FUCK YOU|0 fnt\n|-heal|p1b: \u90aa\u60e1\u7684\u96d9\u6301\u5e7d\u9748\u7537|57/100|[from] drain|[of] p2b: FUCK YOU\n|faint|p2b: FUCK YOU\n|\n|-weather|SunnyDay|[upkeep]\n|-damage|p1a: \u9f8d\u4e4b\u540c\u6027\u6200\uff1a\u5927\u548c\u8ae7|21/100|[from] ability: Solar Power|[of] p1a: \u9f8d\u4e4b\u540c\u6027\u6200\uff1a\u5927\u548c\u8ae7\n|-sideend|p1: T\u67e5\u723e\u65af\u7684\u52dd\u5229Bonezz|move: Tailwind\n|upkeep\n|\n|t:|1776409209\n|switch|p2b: Lalalal|Clefable, L50, F, shiny|100/100\n|turn|5\n|\n|t:|1776409222\n|move|p1a: \u9f8d\u4e4b\u540c\u6027\u6200\uff1a\u5927\u548c\u8ae7|Heat Wave|p2a: Chared|[spread] p2a,p2b\n|-resisted|p2a: Chared|1\n|-crit|p2a: Chared\n|-damage|p2a: Chared|0 fnt\n|-damage|p2b: Lalalal|45/100\n|faint|p2a: Chared\n|move|p1b: \u90aa\u60e1\u7684\u96d9\u6301\u5e7d\u9748\u7537|Bitter Blade|p2b: Lalalal\n|-damage|p2b: Lalalal|0 fnt\n|-heal|p1b: \u90aa\u60e1\u7684\u96d9\u6301\u5e7d\u9748\u7537|81/100|[from] drain|[of] p2b: Lalalal\n|faint|p2b: Lalalal\n|\n|win|T\u67e5\u723e\u65af\u7684\u52dd\u5229Bonezz\n|raw|T\u67e5\u723e\u65af\u7684\u52dd\u5229Bonezz's rating: 1143 &rarr; <strong>1161</strong><br />(+18 for winning)\n|raw|MainManL's rating: 1043 &rarr; <strong>1031</strong><br />(-12 for losing)\n|l|\u2606MainManL\n|player|p2|\n",
  "uploadtime": 1776409238,
  "views": 27,
  "formatid": "gen9championsvgc2026regma",
  "rating": 1031,
  "private": 0,
  "password": null
}