{
  "id": "gen9championsvgc2026regma-2581081609",
  "format": "[Gen 9 Champions] VGC 2026 Reg M-A",
  "players": [
    "99999999999ooo9999",
    "skyguy-14"
  ],
  "log": "|j|\u260699999999999ooo9999\n|j|\u2606skyguy-14\n|t:|1775958094\n|gametype|doubles\n|player|p1|99999999999ooo9999|lucas|1065\n|player|p2|skyguy-14|2|1098\n|gen|9\n|tier|[Gen 9 Champions] VGC 2026 Reg M-A\n|rated|\n|rule|Species Clause: Limit one of each Pok\u00e9mon\n|rule|Item Clause: Limit 1 of each item\n|clearpoke\n|poke|p1|Archaludon, L50, M|\n|poke|p1|Basculegion, L50, M|\n|poke|p1|Pelipper, L50, F|\n|poke|p1|Kingambit, L50, F|\n|poke|p1|Sinistcha, L50|\n|poke|p1|Gengar, L50, F|\n|poke|p2|Gardevoir, L50, F|\n|poke|p2|Whimsicott, L50, F|\n|poke|p2|Maushold, L50|\n|poke|p2|Garchomp, L50, M|\n|poke|p2|Milotic, L50, M|\n|poke|p2|Meganium, L50, F|\n|teampreview|4\n|inactive|Battle timer is ON: inactive players will automatically lose when time's up. (requested by 99999999999ooo9999)\n|inactive|99999999999ooo9999 has 60 seconds left.\n|inactive|skyguy-14 has 60 seconds left.\n|inactive|skyguy-14 has 30 seconds left.\n|\n|t:|1775958162\n|teamsize|p1|4\n|teamsize|p2|4\n|start\n|switch|p1a: Basculegion|Basculegion, L50, M|100/100\n|switch|p1b: Gengar|Gengar, L50, F|100/100\n|switch|p2a: Maushold|Maushold, L50|100/100\n|switch|p2b: Garchomp|Garchomp, L50, M|100/100\n|turn|1\n|inactive|99999999999ooo9999 has 30 seconds left.\n|inactive|99999999999ooo9999 has 20 seconds left.\n|inactive|99999999999ooo9999 has 15 seconds left.\n|inactive|99999999999ooo9999 has 10 seconds left.\n|\n|t:|1775958209\n|switch|p1b: Pelipper|Pelipper, L50, F|100/100\n|-weather|RainDance|[from] ability: Drizzle|[of] p1b: Pelipper\n|move|p2a: Maushold|Follow Me|p2a: Maushold\n|-singleturn|p2a: Maushold|move: Follow Me\n|move|p1a: Basculegion|Wave Crash|p2a: Maushold\n|-enditem|p2a: Maushold|Focus Sash\n|-damage|p2a: Maushold|1/100\n|-damage|p1a: Basculegion|70/100|[from] Recoil\n|move|p2b: Garchomp|Swords Dance|p2b: Garchomp\n|-boost|p2b: Garchomp|atk|2\n|\n|-weather|RainDance|[upkeep]\n|upkeep\n|turn|2\n|inactive|skyguy-14 has 30 seconds left.\n|inactive|skyguy-14 has 20 seconds left.\n|\n|t:|1775958249\n|move|p2a: Maushold|Follow Me|p2a: Maushold\n|-singleturn|p2a: Maushold|move: Follow Me\n|move|p1a: Basculegion|Flip Turn|p2a: Maushold\n|-damage|p2a: Maushold|0 fnt\n|faint|p2a: Maushold\n|\n|t:|1775958260\n|switch|p1a: Archaludon|Archaludon, L50, M|100/100|[from] Flip Turn\n|move|p2b: Garchomp|Breaking Swipe|p1b: Pelipper|[spread] p1a,p1b\n|-damage|p1a: Archaludon|66/100\n|-damage|p1b: Pelipper|60/100\n|-unboost|p1a: Archaludon|atk|1\n|-unboost|p1b: Pelipper|atk|1\n|-ability|p1a: Archaludon|Stamina|boost\n|-boost|p1a: Archaludon|def|1\n|move|p1b: Pelipper|Weather Ball|p2b: Garchomp\n|-damage|p2b: Garchomp|47/100\n|\n|-weather|RainDance|[upkeep]\n|-heal|p2b: Garchomp|53/100|[from] item: Leftovers\n|-heal|p1a: Archaludon|72/100|[from] item: Leftovers\n|upkeep\n|inactive|skyguy-14 has 30 seconds left.\n|\n|t:|1775958287\n|switch|p2a: Meganium|Meganium, L50, F|100/100\n|turn|3\n|\n|t:|1775958312\n|detailschange|p2a: Meganium|Meganium-Mega, L50, F\n|-mega|p2a: Meganium|Meganium|Meganiumite\n|move|p2b: Garchomp|Protect|p2b: Garchomp\n|-singleturn|p2b: Garchomp|Protect\n|move|p1a: Archaludon|Dragon Pulse|p2b: Garchomp\n|-activate|p2b: Garchomp|move: Protect\n|move|p2a: Meganium|Dazzling Gleam|p1a: Archaludon|[spread] p1a,p1b\n|-damage|p1a: Archaludon|19/100\n|-damage|p1b: Pelipper|11/100\n|-ability|p1a: Archaludon|Stamina|boost\n|-boost|p1a: Archaludon|def|1\n|move|p1b: Pelipper|Tailwind|p1b: Pelipper\n|-sidestart|p1: 99999999999ooo9999|move: Tailwind\n|\n|-weather|RainDance|[upkeep]\n|-heal|p1a: Archaludon|25/100|[from] item: Leftovers\n|-heal|p2b: Garchomp|60/100|[from] item: Leftovers\n|upkeep\n|turn|4\n|inactive|skyguy-14 has 30 seconds left.\n|\n|t:|1775958342\n|switch|p2b: Milotic|Milotic, L50, M|100/100\n|move|p1a: Archaludon|Dragon Pulse|p2b: Milotic\n|-damage|p2b: Milotic|72/100\n|move|p1b: Pelipper|Hurricane|p2a: Meganium\n|-supereffective|p2a: Meganium|1\n|-damage|p2a: Meganium|30/100\n|-start|p2a: Meganium|confusion\n|-activate|p2a: Meganium|confusion\n|move|p2a: Meganium|Dazzling Gleam|p1a: Archaludon|[spread] p1a,p1b\n|-damage|p1a: Archaludon|0 fnt\n|-damage|p1b: Pelipper|0 fnt\n|faint|p1a: Archaludon\n|faint|p1b: Pelipper\n|\n|-weather|RainDance|[upkeep]\n|upkeep\n|\n|t:|1775958352\n|switch|p1a: Basculegion|Basculegion, L50, M|70/100\n|switch|p1b: Gengar|Gengar, L50, F|100/100\n|turn|5\n|\n|t:|1775958372\n|detailschange|p1b: Gengar|Gengar-Mega, L50, F\n|-mega|p1b: Gengar|Gengar|Gengarite\n|-end|p2a: Meganium|confusion\n|move|p2a: Meganium|Protect|p2a: Meganium\n|-singleturn|p2a: Meganium|Protect\n|move|p1a: Basculegion|Last Respects|p2a: Meganium\n|-activate|p2a: Meganium|move: Protect\n|move|p1b: Gengar|Sludge Bomb|p2b: Milotic\n|-damage|p2b: Milotic|38/100\n|move|p2b: Milotic|Icy Wind|p1b: Gengar|[spread] p1a,p1b\n|-resisted|p1a: Basculegion|1\n|-damage|p1a: Basculegion|65/100\n|-damage|p1b: Gengar|89/100\n|-unboost|p1a: Basculegion|spe|1\n|-unboost|p1b: Gengar|spe|1\n|\n|-weather|none\n|upkeep\n|turn|6\n|inactive|skyguy-14 has 30 seconds left.\n|inactive|99999999999ooo9999 has 30 seconds left.\n|inactive|skyguy-14 has 20 seconds left.\n|inactive|skyguy-14 has 15 seconds left.\n|inactive|skyguy-14 has 10 seconds left.\n|\n|t:|1775958420\n|move|p2b: Milotic|Protect|p2b: Milotic\n|-singleturn|p2b: Milotic|Protect\n|move|p1b: Gengar|Rain Dance|p1b: Gengar\n|-weather|RainDance\n|move|p1a: Basculegion|Last Respects|p2a: Meganium\n|-damage|p2a: Meganium|0 fnt\n|faint|p2a: Meganium\n|\n|-weather|RainDance|[upkeep]\n|-sideend|p1: 99999999999ooo9999|move: Tailwind\n|upkeep\n|\n|t:|1775958428\n|switch|p2a: Garchomp|Garchomp, L50, M|60/100\n|turn|7\n|inactive|skyguy-14 has 30 seconds left.\n|\n|t:|1775958454\n|move|p1a: Basculegion|Protect|p1a: Basculegion\n|-singleturn|p1a: Basculegion|Protect\n|move|p1b: Gengar|Protect|p1b: Gengar\n|-singleturn|p1b: Gengar|Protect\n|move|p2a: Garchomp|Earthquake|p1b: Gengar|[spread] p2b\n|-activate|p1a: Basculegion|move: Protect\n|-activate|p1b: Gengar|move: Protect\n|-damage|p2b: Milotic|1/100\n|move|p2b: Milotic|Scald|p1a: Basculegion\n|-activate|p1a: Basculegion|move: Protect\n|\n|-weather|RainDance|[upkeep]\n|-heal|p2a: Garchomp|66/100|[from] item: Leftovers\n|upkeep\n|turn|8\n|\n|t:|1775958479\n|move|p2b: Milotic|Protect|p2b: Milotic\n|-singleturn|p2b: Milotic|Protect\n|move|p1a: Basculegion|Wave Crash|p2a: Garchomp\n|-damage|p2a: Garchomp|0 fnt\n|-damage|p1a: Basculegion|53/100|[from] ability: Rough Skin|[of] p2a: Garchomp\n|faint|p2a: Garchomp\n|-damage|p1a: Basculegion|30/100|[from] Recoil\n|move|p1b: Gengar|Sludge Bomb|p2b: Milotic\n|-activate|p2b: Milotic|move: Protect\n|\n|-weather|RainDance|[upkeep]\n|upkeep\n|turn|9\n|-message|skyguy-14 forfeited.\n|\n|win|99999999999ooo9999\n|raw|99999999999ooo9999's rating: 1065 &rarr; <strong>1098</strong><br />(+33 for winning)\n|raw|skyguy-14's rating: 1098 &rarr; <strong>1071</strong><br />(-27 for losing)\n|l|\u2606skyguy-14\n|player|p2|\n",
  "uploadtime": 1775958500,
  "views": 10,
  "formatid": "gen9championsvgc2026regma",
  "rating": 1071,
  "private": 0,
  "password": null
}