{
  "id": "gen9championsvgc2026regma-2586082190",
  "format": "[Gen 9 Champions] VGC 2026 Reg M-A",
  "players": [
    "xtblx",
    "Ardizone"
  ],
  "log": "|j|\u2606xtblx\n|j|\u2606Ardizone\n|t:|1776397038\n|gametype|doubles\n|player|p1|xtblx|sage|1059\n|player|p2|Ardizone|gambler|1056\n|gen|9\n|tier|[Gen 9 Champions] VGC 2026 Reg M-A\n|rated|\n|rule|Species Clause: Limit one of each Pok\u00e9mon\n|rule|Item Clause: Limit 1 of each item\n|clearpoke\n|poke|p1|Delphox, L50, F|\n|poke|p1|Basculegion, L50, M|\n|poke|p1|Sneasler, L50, M|\n|poke|p1|Kingambit, L50, M|\n|poke|p1|Dragonite, L50, F|\n|poke|p1|Clefable, L50, M|\n|poke|p2|Basculegion, L50, M|\n|poke|p2|Typhlosion, L50, M|\n|poke|p2|Gardevoir, L50, M|\n|poke|p2|Garchomp, L50, M|\n|poke|p2|Charizard, L50, M|\n|poke|p2|Aerodactyl, L50, M|\n|teampreview|4\n|inactive|Battle timer is ON: inactive players will automatically lose when time's up. (requested by Ardizone)\nxtblx has agreed to open team sheets.\n|inactive|xtblx has 60 seconds left.\n|\n|t:|1776397085\n|teamsize|p1|4\n|teamsize|p2|4\n|start\n|switch|p1a: Sneasler|Sneasler, L50, M|100/100\n|switch|p1b: Basculegion|Basculegion, L50, M|100/100\n|switch|p2a: Charizard|Charizard, L50, M, shiny|100/100\n|switch|p2b: Aerodactyl|Aerodactyl, L50, M|100/100\n|turn|1\n|inactive|xtblx has 30 seconds left.\n|inactive|Ardizone has 30 seconds left.\n|\n|t:|1776397115\n|detailschange|p2a: Charizard|Charizard-Mega-Y, L50, M, shiny\n|-mega|p2a: Charizard|Charizard|Charizardite Y\n|-weather|SunnyDay|[from] ability: Drought|[of] p2a: Charizard\n|move|p2a: Charizard|Protect|p2a: Charizard\n|-singleturn|p2a: Charizard|Protect\n|move|p1a: Sneasler|Fake Out|p2b: Aerodactyl\n|-resisted|p2b: Aerodactyl|1\n|-damage|p2b: Aerodactyl|90/100\n|cant|p2b: Aerodactyl|flinch\n|move|p1b: Basculegion|Wave Crash|p2b: Aerodactyl\n|-supereffective|p2b: Aerodactyl|1\n|-damage|p2b: Aerodactyl|0 fnt\n|faint|p2b: Aerodactyl\n|-damage|p1b: Basculegion|77/100|[from] Recoil\n|\n|-weather|SunnyDay|[upkeep]\n|upkeep\n|\n|t:|1776397130\n|switch|p2b: Basculegion|Basculegion, L50, M, shiny|100/100\n|turn|2\n|inactive|xtblx has 30 seconds left.\n|inactive|xtblx has 20 seconds left.\n|\n|t:|1776397167\n|switch|p1b: Dragonite|Dragonite, L50, F|100/100\n|move|p1a: Sneasler|Protect|p1a: Sneasler\n|-singleturn|p1a: Sneasler|Protect\n|move|p2b: Basculegion|Last Respects|p1b: Dragonite\n|-damage|p1b: Dragonite|63/100\n|move|p2a: Charizard|Scorching Sands|p1a: Sneasler\n|-activate|p1a: Sneasler|move: Protect\n|\n|-weather|SunnyDay|[upkeep]\n|upkeep\n|turn|3\n|inactive|xtblx has 30 seconds left.\n|inactive|xtblx has 20 seconds left.\n|inactive|xtblx has 15 seconds left.\n|inactive|xtblx has 10 seconds left.\n|\n|t:|1776397213\n|move|p1b: Dragonite|Extreme Speed|p2a: Charizard\n|-damage|p2a: Charizard|54/100\n|move|p2b: Basculegion|Last Respects|p1b: Dragonite\n|-damage|p1b: Dragonite|0 fnt\n|faint|p1b: Dragonite\n|move|p1a: Sneasler|Dire Claw|p2a: Charizard\n|-damage|p2a: Charizard|0 fnt\n|faint|p2a: Charizard\n|\n|-weather|SunnyDay|[upkeep]\n|upkeep\n|\n|t:|1776397227\n|switch|p2a: Garchomp|Garchomp, L50, M|100/100\n|switch|p1b: Basculegion|Basculegion, L50, M|77/100\n|turn|4\n|\n|t:|1776397244\n|switch|p1a: Delphox|Delphox, L50, F|100/100\n|move|p2b: Basculegion|Last Respects|p1b: Basculegion\n|-supereffective|p1b: Basculegion|1\n|-damage|p1b: Basculegion|0 fnt\n|faint|p1b: Basculegion\n|move|p2a: Garchomp|Rock Slide|p1a: Delphox|[miss]\n|-miss|p2a: Garchomp|p1a: Delphox\n|\n|-weather|SunnyDay|[upkeep]\n|upkeep\n|\n|t:|1776397256\n|switch|p1b: Sneasler|Sneasler, L50, M|100/100\n|turn|5\n|inactive|xtblx has 30 seconds left.\n|\n|t:|1776397283\n|move|p1a: Delphox|Protect|p1a: Delphox\n|-singleturn|p1a: Delphox|Protect\n|move|p2b: Basculegion|Last Respects|p1a: Delphox\n|-activate|p1a: Delphox|move: Protect\n|move|p1b: Sneasler|Dire Claw|p2b: Basculegion\n|-resisted|p2b: Basculegion|1\n|-damage|p2b: Basculegion|75/100\n|-status|p2b: Basculegion|par\n|move|p2a: Garchomp|Rock Slide|p1b: Sneasler|[spread] p1b\n|-activate|p1a: Delphox|move: Protect\n|-resisted|p1b: Sneasler|1\n|-damage|p1b: Sneasler|83/100\n|\n|-weather|none\n|upkeep\n|turn|6\n|inactive|xtblx has 30 seconds left.\n|\n|t:|1776397311\n|detailschange|p1a: Delphox|Delphox-Mega, L50, F\n|-mega|p1a: Delphox|Delphox|Delphoxite\n|move|p1a: Delphox|Psychic|p2b: Basculegion\n|-damage|p2b: Basculegion|14/100 par\n|move|p1b: Sneasler|Dire Claw|p2b: Basculegion\n|-resisted|p2b: Basculegion|1\n|-damage|p2b: Basculegion|0 fnt\n|faint|p2b: Basculegion\n|move|p2a: Garchomp|Rock Slide|p1a: Delphox|[spread] p1a\n|-miss|p2a: Garchomp|p1b: Sneasler\n|-supereffective|p1a: Delphox|1\n|-damage|p1a: Delphox|44/100\n|\n|upkeep\n|turn|7\n|inactive|xtblx has 30 seconds left.\n|inactive|xtblx has 20 seconds left.\n|\n|t:|1776397348\n|move|p1a: Delphox|Substitute|p1a: Delphox\n|-start|p1a: Delphox|Substitute\n|-damage|p1a: Delphox|20/100\n|move|p1b: Sneasler|Close Combat|p2a: Garchomp\n|-damage|p2a: Garchomp|40/100\n|-unboost|p1b: Sneasler|def|1\n|-unboost|p1b: Sneasler|spd|1\n|-damage|p1b: Sneasler|71/100|[from] ability: Rough Skin|[of] p2a: Garchomp\n|move|p2a: Garchomp|Earthquake|p1a: Delphox|[spread] p1b\n|-immune|p1a: Delphox|[from] ability: Levitate\n|-supereffective|p1b: Sneasler|1\n|-damage|p1b: Sneasler|0 fnt\n|faint|p1b: Sneasler\n|\n|upkeep\n|turn|8\n|\n|t:|1776397364\n|move|p1a: Delphox|Psychic|p2a: Garchomp\n|-damage|p2a: Garchomp|0 fnt\n|faint|p2a: Garchomp\n|\n|win|xtblx\n|raw|xtblx's rating: 1059 &rarr; <strong>1090</strong><br />(+31 for winning)\n|raw|Ardizone's rating: 1056 &rarr; <strong>1038</strong><br />(-18 for losing)\n|l|\u2606Ardizone\n|player|p2|\n",
  "uploadtime": 1776397398,
  "views": 25,
  "formatid": "gen9championsvgc2026regma",
  "rating": 1038,
  "private": 0,
  "password": null
}