{
  "id": "gen9championsvgc2026regma-2582729883",
  "format": "[Gen 9 Champions] VGC 2026 Reg M-A",
  "players": [
    "Wendall555",
    "GeneticIvy"
  ],
  "log": "|j|\u2606Wendall555\n|j|\u2606GeneticIvy\n|html|<table width=\"100%\"><tr><td align=\"left\">Wendall555</td><td align=\"right\">GeneticIvy</tr><tr><td align=\"left\"><i class=\"fa fa-circle-o\"></i> <i class=\"fa fa-circle-o\"></i> </td><td align=\"right\"><i class=\"fa fa-circle-o\"></i> <i class=\"fa fa-circle-o\"></i> </tr></table>\n|uhtml|bestof|<h2><strong>Game 1</strong> of <a href=\"/game-bestof3-gen9championsvgc2026regma-2582729882\">a best-of-3</a></h2>\n|t:|1776110119\n|gametype|doubles\n|player|p1|Wendall555|lucas-gen4pt|\n|player|p2|GeneticIvy|beauty-gen6xy|\n|gen|9\n|tier|[Gen 9 Champions] VGC 2026 Reg M-A\n|rule|Species Clause: Limit one of each Pok\u00e9mon\n|rule|Item Clause: Limit 1 of each item\n|raw|<div class=\"infobox\"><details class=\"readmore\" open><summary><strong>1 custom rule:</strong></summary> Best of = 3</details></div>\n|clearpoke\n|poke|p1|Golurk, L50|\n|poke|p1|Rotom-Wash, L50|\n|poke|p1|Oranguru, L50, F|\n|poke|p1|Torkoal, L50, F|\n|poke|p1|Liepard, L50, F|\n|poke|p1|Sylveon, L50, F|\n|poke|p2|Medicham, L50, F|\n|poke|p2|Tyranitar, L50, F|\n|poke|p2|Milotic, L50, F|\n|poke|p2|Sinistcha, L50|\n|poke|p2|Maushold, L50|\n|poke|p2|Meowscarada, L50, F|\n|teampreview|4\n|c|\u2606GeneticIvy|gl and hf\nWendall555 rejected open team sheets.\n|c|\u2606Wendall555|glhf\n|\n|t:|1776110138\n|teamsize|p1|4\n|teamsize|p2|4\n|start\n|switch|p1a: Oranguru|Oranguru, L50, F|100/100\n|switch|p1b: Liepard|Liepard, L50, F|100/100\n|switch|p2a: Millie|Milotic, L50, F, shiny|100/100\n|switch|p2b: Moxie|Medicham, L50, F|100/100\n|turn|1\n|c|\u2606GeneticIvy|likewise\n|\n|t:|1776110153\n|detailschange|p2b: Moxie|Medicham-Mega, L50, F\n|-mega|p2b: Moxie|Medicham|Medichamite\n|move|p1b: Liepard|Fake Out|p2b: Moxie\n|-crit|p2b: Moxie\n|-damage|p2b: Moxie|81/100\n|cant|p2b: Moxie|flinch\n|move|p2a: Millie|Light Screen|p2a: Millie\n|-sidestart|p2: GeneticIvy|move: Light Screen\n|move|p1a: Oranguru|Trick Room|p1a: Oranguru\n|-fieldstart|move: Trick Room|[of] p1a: Oranguru\n|\n|upkeep\n|turn|2\n|\n|t:|1776110174\n|move|p1a: Oranguru|Hyper Voice|p2b: Moxie|[spread] p2a,p2b\n|-damage|p2a: Millie|93/100\n|-damage|p2b: Moxie|60/100\n|move|p2a: Millie|Scald|p1b: Liepard\n|-damage|p1b: Liepard|49/100\n|-status|p1b: Liepard|brn\n|move|p2b: Moxie|Close Combat|p1a: Oranguru\n|-damage|p1a: Oranguru|14/100\n|-unboost|p2b: Moxie|def|1\n|-unboost|p2b: Moxie|spd|1\n|move|p1b: Liepard|U-turn|p2b: Moxie\n|-damage|p2b: Moxie|44/100\n|\n|t:|1776110188\n|switch|p1b: Sylveon|Sylveon, L50, F|100/100|[from] U-turn\n|\n|-heal|p2a: Millie|99/100|[from] item: Leftovers\n|upkeep\n|turn|3\n|\n|t:|1776110196\n|switch|p2b: Mildred|Tyranitar, L50, F, shiny|100/100\n|-weather|Sandstorm|[from] ability: Sand Stream|[of] p2b: Mildred\n|move|p1b: Sylveon|Hyper Voice|p2a: Millie|[spread] p2a,p2b\n|-supereffective|p2b: Mildred|1\n|-crit|p2b: Mildred\n|-damage|p2a: Millie|82/100\n|-damage|p2b: Mildred|14/100\n|move|p1a: Oranguru|Instruct|p1b: Sylveon\n|-singleturn|p1b: Sylveon|move: Instruct|[of] p1a: Oranguru\n|move|p1b: Sylveon|Hyper Voice|p2b: Mildred|[spread] p2a,p2b\n|-supereffective|p2b: Mildred|1\n|-crit|p2b: Mildred\n|-damage|p2a: Millie|62/100\n|-damage|p2b: Mildred|0 fnt\n|faint|p2b: Mildred\n|move|p2a: Millie|Scald|p1b: Sylveon\n|-damage|p1b: Sylveon|81/100\n|\n|-weather|Sandstorm|[upkeep]\n|-damage|p1b: Sylveon|75/100|[from] Sandstorm\n|-damage|p1a: Oranguru|8/100|[from] Sandstorm\n|-damage|p2a: Millie|56/100|[from] Sandstorm\n|-heal|p2a: Millie|62/100|[from] item: Leftovers\n|upkeep\n|\n|t:|1776110216\n|switch|p2b: Miss Matcha|Sinistcha, L50|100/100\n|-heal|p2a: Millie|87/100|[from] ability: Hospitality|[of] p2b: Miss Matcha\n|turn|4\n|\n|t:|1776110228\n|move|p1b: Sylveon|Hyper Voice|p2b: Miss Matcha|[spread] p2a,p2b\n|-damage|p2a: Millie|67/100\n|-damage|p2b: Miss Matcha|62/100\n|move|p1a: Oranguru|Instruct|p1b: Sylveon\n|-singleturn|p1b: Sylveon|move: Instruct|[of] p1a: Oranguru\n|move|p1b: Sylveon|Hyper Voice|p2b: Miss Matcha|[spread] p2a,p2b\n|-damage|p2a: Millie|50/100\n|-damage|p2b: Miss Matcha|25/100\n|move|p2b: Miss Matcha|Matcha Gotcha|p1a: Oranguru|[spread] p1a,p1b\n|-damage|p1a: Oranguru|0 fnt\n|-heal|p2b: Miss Matcha|29/100|[from] drain|[of] p1a: Oranguru\n|-damage|p1b: Sylveon|57/100\n|-heal|p2b: Miss Matcha|39/100|[from] drain|[of] p1b: Sylveon\n|faint|p1a: Oranguru\n|move|p2a: Millie|Scald|p1b: Sylveon\n|-damage|p1b: Sylveon|39/100\n|\n|-weather|Sandstorm|[upkeep]\n|-damage|p1b: Sylveon|33/100|[from] Sandstorm\n|-damage|p2a: Millie|45/100|[from] Sandstorm\n|-damage|p2b: Miss Matcha|33/100|[from] Sandstorm\n|-heal|p2a: Millie|50/100|[from] item: Leftovers\n|upkeep\n|\n|t:|1776110237\n|switch|p1a: Golurk|Golurk, L50|100/100\n|turn|5\n|\n|t:|1776110255\n|switch|p2b: Moxie|Medicham-Mega, L50, F|44/100\n|detailschange|p1a: Golurk|Golurk-Mega, L50\n|-mega|p1a: Golurk|Golurk|Golurkite\n|move|p2a: Millie|Protect|p2a: Millie\n|-singleturn|p2a: Millie|Protect\n|move|p1a: Golurk|Rock Slide|p2a: Millie|[spread] p2b\n|-activate|p2a: Millie|move: Protect\n|-resisted|p2b: Moxie|1\n|-damage|p2b: Moxie|26/100\n|move|p1b: Sylveon|Hyper Voice|p2a: Millie|[spread] p2b\n|-activate|p2a: Millie|move: Protect\n|-supereffective|p2b: Moxie|1\n|-damage|p2b: Moxie|0 fnt\n|faint|p2b: Moxie\n|\n|-weather|Sandstorm|[upkeep]\n|-damage|p1b: Sylveon|27/100|[from] Sandstorm\n|-damage|p2a: Millie|45/100|[from] Sandstorm\n|-heal|p2a: Millie|50/100|[from] item: Leftovers\n|-sideend|p2: GeneticIvy|move: Light Screen\n|-fieldend|move: Trick Room\n|upkeep\n|\n|t:|1776110273\n|switch|p2b: Miss Matcha|Sinistcha, L50|33/100\n|-heal|p2a: Millie|75/100|[from] ability: Hospitality|[of] p2b: Miss Matcha\n|turn|6\n|\n|t:|1776110293\n|move|p1a: Golurk|Protect|p1a: Golurk\n|-singleturn|p1a: Golurk|Protect\n|move|p2b: Miss Matcha|Matcha Gotcha|p1a: Golurk|[spread] p1b\n|-activate|p1a: Golurk|move: Protect\n|-damage|p1b: Sylveon|10/100\n|-heal|p2b: Miss Matcha|42/100|[from] drain|[of] p1b: Sylveon\n|move|p2a: Millie|Scald|p1a: Golurk\n|-activate|p1a: Golurk|move: Protect\n|move|p1b: Sylveon|Hyper Beam|p2a: Millie\n|-damage|p2a: Millie|14/100\n|-mustrecharge|p1b: Sylveon\n|\n|-weather|Sandstorm|[upkeep]\n|-damage|p2a: Millie|8/100|[from] Sandstorm\n|-damage|p2b: Miss Matcha|36/100|[from] Sandstorm\n|-damage|p1b: Sylveon|4/100|[from] Sandstorm\n|-heal|p2a: Millie|14/100|[from] item: Leftovers\n|upkeep\n|turn|7\n|\n|t:|1776110312\n|move|p2a: Millie|Scald|p1a: Golurk\n|-supereffective|p1a: Golurk|1\n|-damage|p1a: Golurk|48/100\n|move|p2b: Miss Matcha|Matcha Gotcha|p1a: Golurk|[spread] p1a,p1b\n|-supereffective|p1a: Golurk|1\n|-damage|p1a: Golurk|8/100\n|-heal|p2b: Miss Matcha|58/100|[from] drain|[of] p1a: Golurk\n|-damage|p1b: Sylveon|0 fnt\n|-heal|p2b: Miss Matcha|61/100|[from] drain|[of] p1b: Sylveon\n|faint|p1b: Sylveon\n|move|p1a: Golurk|Rock Slide|p2b: Miss Matcha|[spread] p2a,p2b\n|-damage|p2a: Millie|0 fnt\n|-damage|p2b: Miss Matcha|42/100\n|faint|p2a: Millie\n|\n|-weather|none\n|upkeep\n|\n|t:|1776110325\n|switch|p1b: Liepard|Liepard, L50, F|49/100 brn\n|turn|8\n|\n|t:|1776110332\n|move|p1a: Golurk|Protect|p1a: Golurk\n|-singleturn|p1a: Golurk|Protect\n|move|p1b: Liepard|U-turn|p2b: Miss Matcha\n|-damage|p2b: Miss Matcha|36/100\n|move|p2b: Miss Matcha|Matcha Gotcha|p1a: Golurk|[spread] p1b\n|-activate|p1a: Golurk|move: Protect\n|-damage|p1b: Liepard|2/100 brn\n|-heal|p2b: Miss Matcha|59/100|[from] drain|[of] p1b: Liepard\n|\n|-damage|p1b: Liepard|0 fnt|[from] brn\n|faint|p1b: Liepard\n|upkeep\n|turn|9\n|\n|t:|1776110338\n|move|p2b: Miss Matcha|Matcha Gotcha|p1a: Golurk\n|-supereffective|p1a: Golurk|1\n|-damage|p1a: Golurk|0 fnt\n|-heal|p2b: Miss Matcha|63/100|[from] drain|[of] p1a: Golurk\n|faint|p1a: Golurk\n|\n|win|GeneticIvy\n||Wendall555 is ready for game 2.\n||GeneticIvy is ready for game 2.\n|uhtml|next|Next: <a href=\"/battle-gen9championsvgc2026regma-2582733197\"><strong>Game 2 of 3</strong></a>\n|l|\u2606Wendall555\n|player|p1|\n",
  "uploadtime": 1776110590,
  "views": 33,
  "formatid": "gen9championsvgc2026regma",
  "rating": null,
  "private": 0,
  "password": null
}