{
  "id": "gen9championsvgc2026regma-2582622975",
  "format": "[Gen 9 Champions] VGC 2026 Reg M-A",
  "players": [
    "heavensfirstsin",
    "snodlop"
  ],
  "log": "|j|\u2606heavensfirstsin\n|j|\u2606snodlop\n|t:|1776103260\n|gametype|doubles\n|player|p1|heavensfirstsin|blue|1120\n|player|p2|snodlop|lady-gen4|1093\n|gen|9\n|tier|[Gen 9 Champions] VGC 2026 Reg M-A\n|rated|\n|rule|Species Clause: Limit one of each Pok\u00e9mon\n|rule|Item Clause: Limit 1 of each item\n|clearpoke\n|poke|p1|Golurk, L50|\n|poke|p1|Farigiraf, L50, M|\n|poke|p1|Tyranitar, L50, F|\n|poke|p1|Rotom-Wash, L50|\n|poke|p1|Kingambit, L50, M|\n|poke|p1|Scizor, L50, F|\n|poke|p2|Pelipper, L50, F|\n|poke|p2|Palafin, L50, F|\n|poke|p2|Basculegion, L50, M|\n|poke|p2|Manectric, L50, M|\n|poke|p2|Dragonite, L50, F|\n|poke|p2|Kingambit, L50, M|\n|teampreview|4\nsnodlop rejected open team sheets.\n|inactive|Battle timer is ON: inactive players will automatically lose when time's up. (requested by snodlop)\n|\n|t:|1776103283\n|teamsize|p1|4\n|teamsize|p2|4\n|start\n|switch|p1a: Farigiraf|Farigiraf, L50, M|100/100\n|switch|p1b: Rotom|Rotom-Wash, L50|100/100\n|switch|p2a: Pelipper|Pelipper, L50, F|100/100\n|switch|p2b: Palafin|Palafin, L50, F|100/100\n|-weather|RainDance|[from] ability: Drizzle|[of] p2a: Pelipper\n|turn|1\n|\n|t:|1776103313\n|switch|p2a: Kingambit|Kingambit, L50, M|100/100\n|move|p2b: Palafin|Flip Turn|p1a: Farigiraf\n|-damage|p1a: Farigiraf|77/100\n|\n|t:|1776103319\n|detailschange|p2b: Palafin|Palafin-Hero, L50, F\n|switch|p2b: Dragonite|Dragonite, L50, F|100/100|[from] Flip Turn\n|move|p1b: Rotom|Discharge|p2b: Dragonite|[spread] p1a,p2a,p2b\n|-damage|p1a: Farigiraf|49/100\n|-damage|p2a: Kingambit|73/100\n|-damage|p2b: Dragonite|68/100\n|-status|p2a: Kingambit|par\n|-status|p2b: Dragonite|par\n|move|p1a: Farigiraf|Trick Room|p1a: Farigiraf\n|-fieldstart|move: Trick Room|[of] p1a: Farigiraf\n|\n|-weather|RainDance|[upkeep]\n|-heal|p2a: Kingambit|79/100 par|[from] item: Leftovers\n|upkeep\n|turn|2\n|inactive|heavensfirstsin has 30 seconds left.\n|\n|t:|1776103348\n|detailschange|p2b: Dragonite|Dragonite-Mega, L50, F\n|-mega|p2b: Dragonite|Dragonite|Dragoninite\n|move|p2a: Kingambit|Swords Dance|p2a: Kingambit\n|-boost|p2a: Kingambit|atk|2\n|move|p1a: Farigiraf|Psychic Fangs|p2b: Dragonite\n|-damage|p2b: Dragonite|43/100 par\n|move|p2b: Dragonite|Hurricane|p1a: Farigiraf\n|-damage|p1a: Farigiraf|0 fnt\n|faint|p1a: Farigiraf\n|move|p1b: Rotom|Hydro Pump|p2a: Kingambit|[miss]\n|-miss|p1b: Rotom|p2a: Kingambit\n|\n|-weather|RainDance|[upkeep]\n|-heal|p2a: Kingambit|85/100 par|[from] item: Leftovers\n|upkeep\n|\n|t:|1776103369\n|switch|p1a: Tyranitar|Tyranitar, L50, F|100/100\n|-weather|Sandstorm|[from] ability: Sand Stream|[of] p1a: Tyranitar\n|turn|3\n|\n|t:|1776103383\n|switch|p2b: Pelipper|Pelipper, L50, F|100/100\n|-weather|RainDance|[from] ability: Drizzle|[of] p2b: Pelipper\n|move|p2a: Kingambit|Brick Break|p1a: Tyranitar\n|-supereffective|p1a: Tyranitar|2\n|-damage|p1a: Tyranitar|0 fnt\n|faint|p1a: Tyranitar\n|move|p1b: Rotom|Hydro Pump|p2a: Kingambit\n|-damage|p2a: Kingambit|0 fnt\n|faint|p2a: Kingambit\n|\n|-weather|RainDance|[upkeep]\n|upkeep\n|\n|t:|1776103396\n|switch|p1a: Golurk|Golurk, L50|100/100\n|switch|p2a: Dragonite|Dragonite-Mega, L50, F|43/100 par\n|turn|4\n|\n|t:|1776103415\n|detailschange|p1a: Golurk|Golurk-Mega, L50\n|-mega|p1a: Golurk|Golurk|Golurkite\n|move|p1a: Golurk|Poltergeist|p2a: Dragonite\n|-activate|p2a: Dragonite|move: Poltergeist|Dragoninite\n|-damage|p2a: Dragonite|0 fnt\n|faint|p2a: Dragonite\n|move|p1b: Rotom|Discharge|p2b: Pelipper|[spread] p2b\n|-immune|p1a: Golurk\n|-supereffective|p2b: Pelipper|2\n|-enditem|p2b: Pelipper|Focus Sash\n|-damage|p2b: Pelipper|1/100\n|move|p2b: Pelipper|Weather Ball|p1a: Golurk\n|-supereffective|p1a: Golurk|1\n|-damage|p1a: Golurk|0 fnt\n|faint|p1a: Golurk\n|\n|-weather|RainDance|[upkeep]\n|upkeep\n|\n|t:|1776103429\n|switch|p2a: Palafin|Palafin-Hero, L50, F|100/100\n|-activate|p2a: Palafin|ability: Zero to Hero\n|turn|5\n|\n|t:|1776103437\n|move|p2b: Pelipper|Wide Guard|p2b: Pelipper\n|-singleturn|p2b: Pelipper|Wide Guard\n|move|p1b: Rotom|Discharge|p2a: Palafin|[spread] \n|-activate|p2a: Palafin|move: Wide Guard\n|-activate|p2b: Pelipper|move: Wide Guard\n|move|p2a: Palafin|Close Combat|p1b: Rotom\n|-damage|p1b: Rotom|44/100\n|-unboost|p2a: Palafin|def|1\n|-unboost|p2a: Palafin|spd|1\n|\n|-weather|RainDance|[upkeep]\n|-fieldend|move: Trick Room\n|upkeep\n|turn|6\n|\n|t:|1776103455\n|move|p2b: Pelipper|Wide Guard|p2b: Pelipper\n|-singleturn|p2b: Pelipper|Wide Guard\n|move|p2a: Palafin|Close Combat|p1b: Rotom\n|-damage|p1b: Rotom|0 fnt\n|-unboost|p2a: Palafin|def|1\n|-unboost|p2a: Palafin|spd|1\n|faint|p1b: Rotom\n|\n|win|snodlop\n|raw|heavensfirstsin's rating: 1120 &rarr; <strong>1093</strong><br />(-27 for losing)\n|raw|snodlop's rating: 1093 &rarr; <strong>1121</strong><br />(+28 for winning)\n|l|\u2606heavensfirstsin\n|player|p1|\n",
  "uploadtime": 1776103499,
  "views": 24,
  "formatid": "gen9championsvgc2026regma",
  "rating": 1093,
  "private": 0,
  "password": null
}