{
  "id": "gen9championsvgc2026regma-2587988371",
  "format": "[Gen 9 Champions] VGC 2026 Reg M-A",
  "players": [
    "1#miraidonhater",
    "FlyingFishRoe"
  ],
  "log": "|j|\u26061#miraidonhater\n|j|\u2606FlyingFishRoe\n|t:|1776589311\n|gametype|doubles\n|player|p1|1#miraidonhater|volkner|1390\n|player|p2|FlyingFishRoe|miku-water|1282\n|gen|9\n|tier|[Gen 9 Champions] VGC 2026 Reg M-A\n|rated|\n|rule|Species Clause: Limit one of each Pok\u00e9mon\n|rule|Item Clause: Limit 1 of each item\n|clearpoke\n|poke|p1|Gardevoir, L50, F|\n|poke|p1|Basculegion, L50, M|\n|poke|p1|Tsareena, L50, F|\n|poke|p1|Incineroar, L50, M|\n|poke|p1|Pelipper, L50, M|\n|poke|p1|Archaludon, L50, F|\n|poke|p2|Glimmora, L50, F, shiny|\n|poke|p2|Gyarados, L50, M|\n|poke|p2|Sneasler, L50, M|\n|poke|p2|Hydreigon, L50, M|\n|poke|p2|Corviknight, L50, M|\n|poke|p2|Farigiraf, L50, M, shiny|\n|teampreview|4\n|inactive|Battle timer is ON: inactive players will automatically lose when time's up. (requested by FlyingFishRoe)\n|inactive|1#miraidonhater has 60 seconds left.\n|inactive|FlyingFishRoe has 60 seconds left.\n|inactive|1#miraidonhater has 30 seconds left.\n|\n|t:|1776589375\n|teamsize|p1|4\n|teamsize|p2|4\n|start\n|switch|p1a: Dop Dururum|Basculegion, L50, M|100/100\n|switch|p1b: EVERY LAST DROP|Archaludon, L50, F|100/100\n|switch|p2a: Sneasler|Sneasler, L50, M|100/100\n|switch|p2b: Glimmora|Glimmora, L50, F, shiny|100/100\n|turn|1\n|inactive|FlyingFishRoe has 30 seconds left.\n|\n|t:|1776589405\n|switch|p2a: Gyarados|Gyarados, L50, M|100/100\n|-ability|p2a: Gyarados|Intimidate|boost\n|-unboost|p1a: Dop Dururum|atk|1\n|-unboost|p1b: EVERY LAST DROP|atk|1\n|detailschange|p2b: Glimmora|Glimmora-Mega, L50, F, shiny\n|-mega|p2b: Glimmora|Glimmora|Glimmoranite\n|move|p1b: EVERY LAST DROP|Protect|p1b: EVERY LAST DROP\n|-singleturn|p1b: EVERY LAST DROP|Protect\n|move|p1a: Dop Dururum|Wave Crash|p2a: Gyarados\n|-resisted|p2a: Gyarados|1\n|-damage|p2a: Gyarados|78/100\n|-damage|p1a: Dop Dururum|93/100|[from] Recoil\n|move|p2b: Glimmora|Power Gem|p1b: EVERY LAST DROP\n|-activate|p1b: EVERY LAST DROP|move: Protect\n|\n|upkeep\n|turn|2\n|inactive|1#miraidonhater has 30 seconds left.\n|inactive|FlyingFishRoe has 30 seconds left.\n|\n|t:|1776589434\n|switch|p1a: Bohemian Rhapsody|Pelipper, L50, M|100/100\n|-weather|RainDance|[from] ability: Drizzle|[of] p1a: Bohemian Rhapsody\n|move|p2b: Glimmora|Spiky Shield|p2b: Glimmora\n|-singleturn|p2b: Glimmora|move: Protect\n|move|p2a: Gyarados|Protect|p2a: Gyarados\n|-singleturn|p2a: Gyarados|Protect\n|move|p1b: EVERY LAST DROP|Electro Shot||[still]\n|-prepare|p1b: EVERY LAST DROP|Electro Shot\n|-boost|p1b: EVERY LAST DROP|spa|1\n|-anim|p1b: EVERY LAST DROP|Electro Shot|p2a: Gyarados\n|-activate|p2a: Gyarados|move: Protect\n|\n|-weather|RainDance|[upkeep]\n|upkeep\n|turn|3\n|\n|t:|1776589455\n|move|p2b: Glimmora|Earth Power|p1b: EVERY LAST DROP\n|-supereffective|p1b: EVERY LAST DROP|1\n|-ability|p1b: EVERY LAST DROP|Sturdy\n|-damage|p1b: EVERY LAST DROP|1/100\n|move|p1b: EVERY LAST DROP|Electro Shot||[still]\n|-prepare|p1b: EVERY LAST DROP|Electro Shot\n|-boost|p1b: EVERY LAST DROP|spa|1\n|-anim|p1b: EVERY LAST DROP|Electro Shot|p2a: Gyarados\n|-supereffective|p2a: Gyarados|2\n|-damage|p2a: Gyarados|0 fnt\n|faint|p2a: Gyarados\n|move|p1a: Bohemian Rhapsody|Weather Ball|p2b: Glimmora\n|-supereffective|p2b: Glimmora|1\n|-damage|p2b: Glimmora|0 fnt\n|faint|p2b: Glimmora\n|\n|-weather|RainDance|[upkeep]\n|upkeep\n|\n|t:|1776589471\n|switch|p2b: Hydreigon|Hydreigon, L50, M|100/100\n|switch|p2a: Sneasler|Sneasler, L50, M|100/100\n|turn|4\n|\n|t:|1776589490\n|move|p1b: EVERY LAST DROP|Protect|p1b: EVERY LAST DROP\n|-singleturn|p1b: EVERY LAST DROP|Protect\n|move|p2a: Sneasler|Acid Spray|p1a: Bohemian Rhapsody\n|-damage|p1a: Bohemian Rhapsody|89/100\n|-unboost|p1a: Bohemian Rhapsody|spd|2\n|move|p2b: Hydreigon|Dark Pulse|p1a: Bohemian Rhapsody\n|-damage|p1a: Bohemian Rhapsody|0 fnt\n|faint|p1a: Bohemian Rhapsody\n|\n|-weather|RainDance|[upkeep]\n|upkeep\n|\n|t:|1776589503\n|switch|p1a: Dop Dururum|Basculegion, L50, M|93/100\n|turn|5\n|\n|t:|1776589513\n|move|p2a: Sneasler|Protect|p2a: Sneasler\n|-singleturn|p2a: Sneasler|Protect\n|move|p1a: Dop Dururum|Wave Crash|p2a: Sneasler\n|-activate|p2a: Sneasler|move: Protect\n|move|p2b: Hydreigon|Dark Pulse|p1a: Dop Dururum\n|-supereffective|p1a: Dop Dururum|1\n|-damage|p1a: Dop Dururum|0 fnt\n|faint|p1a: Dop Dururum\n|move|p1b: EVERY LAST DROP|Draco Meteor|p2b: Hydreigon\n|-supereffective|p2b: Hydreigon|1\n|-enditem|p2b: Hydreigon|Focus Sash\n|-damage|p2b: Hydreigon|1/100\n|-unboost|p1b: EVERY LAST DROP|spa|2\n|\n|-weather|RainDance|[upkeep]\n|upkeep\n|\n|t:|1776589520\n|switch|p1a: Bishow|Gardevoir, L50, F|100/100\n|-ability|p1a: Bishow|Levitate|Trace|[from] ability: Trace|[of] p2b: Hydreigon\n|turn|6\n|inactive|1#miraidonhater has 30 seconds left.\n|\n|t:|1776589553\n|detailschange|p1a: Bishow|Gardevoir-Mega, L50, F\n|-mega|p1a: Bishow|Gardevoir|Gardevoirite\n|move|p2a: Sneasler|Acid Spray|p1a: Bishow\n|-supereffective|p1a: Bishow|1\n|-damage|p1a: Bishow|89/100\n|-unboost|p1a: Bishow|spd|2\n|move|p2b: Hydreigon|Dark Pulse|p1a: Bishow\n|-damage|p1a: Bishow|12/100\n|move|p1a: Bishow|Hyper Voice|p2a: Sneasler|[spread] p2a,p2b\n|-supereffective|p2b: Hydreigon|2\n|-damage|p2a: Sneasler|30/100\n|-damage|p2b: Hydreigon|0 fnt\n|faint|p2b: Hydreigon\n|move|p1b: EVERY LAST DROP|Electro Shot||[still]\n|-prepare|p1b: EVERY LAST DROP|Electro Shot\n|-boost|p1b: EVERY LAST DROP|spa|1\n|-anim|p1b: EVERY LAST DROP|Electro Shot|p2a: Sneasler\n|-damage|p2a: Sneasler|0 fnt\n|faint|p2a: Sneasler\n|\n|win|1#miraidonhater\n",
  "uploadtime": 1776589315,
  "views": 10,
  "formatid": "gen9championsvgc2026regma",
  "rating": null,
  "private": 0,
  "password": null
}