{
  "id": "gen9championsvgc2026regma-2587158503",
  "format": "[Gen 9 Champions] VGC 2026 Reg M-A",
  "players": [
    "GodzDance",
    "Scizorboiye"
  ],
  "log": "|j|\u2606GodzDance\n|j|\u2606Scizorboiye\n|t:|1776502004\n|gametype|doubles\n|player|p1|GodzDance|1|1032\n|player|p2|Scizorboiye|ingo-hisui|1016\n|gen|9\n|tier|[Gen 9 Champions] VGC 2026 Reg M-A\n|rated|\n|rule|Species Clause: Limit one of each Pok\u00e9mon\n|rule|Item Clause: Limit 1 of each item\n|clearpoke\n|poke|p1|Volcarona, L50, M|\n|poke|p1|Farigiraf, L50, F|\n|poke|p1|Corviknight, L50, M|\n|poke|p1|Crabominable, L50, M|\n|poke|p1|Incineroar, L50, F|\n|poke|p1|Greninja, L50, M|\n|poke|p2|Delphox, L50, F|\n|poke|p2|Torkoal, L50, F|\n|poke|p2|Incineroar, L50, M|\n|poke|p2|Charizard, L50, F|\n|poke|p2|Skeledirge, L50, F|\n|poke|p2|Volcarona, L50, F|\n|teampreview|4\n|inactive|Battle timer is ON: inactive players will automatically lose when time's up. (requested by GodzDance)\n|\n|t:|1776502056\n|teamsize|p1|4\n|teamsize|p2|4\n|start\n|switch|p1a: Farigiraf|Farigiraf, L50, F|100/100\n|switch|p1b: Volcarona|Volcarona, L50, M|100/100\n|switch|p2a: Skeledirge|Skeledirge, L50, F|100/100\n|switch|p2b: Torkoal|Torkoal, L50, F|100/100\n|-weather|SunnyDay|[from] ability: Drought|[of] p2b: Torkoal\n|turn|1\n|\n|t:|1776502077\n|move|p1b: Volcarona|Rage Powder|p1b: Volcarona\n|-singleturn|p1b: Volcarona|move: Rage Powder\n|move|p2a: Skeledirge|Snarl|p1a: Farigiraf|[spread] p1a,p1b\n|-supereffective|p1a: Farigiraf|1\n|-damage|p1a: Farigiraf|81/100\n|-damage|p1b: Volcarona|87/100\n|-unboost|p1a: Farigiraf|spa|1\n|-unboost|p1b: Volcarona|spa|1\n|move|p1a: Farigiraf|Rain Dance|p1a: Farigiraf\n|-weather|RainDance\n|move|p2b: Torkoal|Eruption|p1b: Volcarona|[spread] p1a,p1b\n|-damage|p1a: Farigiraf|64/100\n|-damage|p1b: Volcarona|69/100\n|\n|-weather|RainDance|[upkeep]\n|upkeep\n|turn|2\n|inactive|Scizorboiye has 30 seconds left.\n|\n|t:|1776502106\n|switch|p2b: Charizard|Charizard, L50, F|100/100\n|move|p1b: Volcarona|Tailwind|p1b: Volcarona\n|-sidestart|p1: GodzDance|move: Tailwind\n|move|p1a: Farigiraf|Psychic|p2b: Charizard\n|-damage|p2b: Charizard|65/100\n|move|p2a: Skeledirge|Shadow Ball|p1b: Volcarona\n|-damage|p1b: Volcarona|37/100\n|-unboost|p1b: Volcarona|spd|1\n|\n|-weather|RainDance|[upkeep]\n|upkeep\n|turn|3\n|inactive|GodzDance has 30 seconds left.\n|\n|t:|1776502133\n|switch|p1b: Incineroar|Incineroar, L50, F|100/100\n|-ability|p1b: Incineroar|Intimidate|boost\n|-unboost|p2a: Skeledirge|atk|1\n|-unboost|p2b: Charizard|atk|1\n|detailschange|p2b: Charizard|Charizard-Mega-Y, L50, F\n|-mega|p2b: Charizard|Charizard|Charizardite Y\n|-weather|SunnyDay|[from] ability: Drought|[of] p2b: Charizard\n|move|p2b: Charizard|Heat Wave|p1b: Incineroar|[spread] p1a,p1b\n|-resisted|p1b: Incineroar|1\n|-damage|p1a: Farigiraf|13/100\n|-damage|p1b: Incineroar|79/100\n|move|p1a: Farigiraf|Rain Dance|p1a: Farigiraf\n|-weather|RainDance\n|move|p2a: Skeledirge|Snarl|p1b: Incineroar|[spread] p1a,p1b\n|-supereffective|p1a: Farigiraf|1\n|-resisted|p1b: Incineroar|1\n|-damage|p1a: Farigiraf|0 fnt\n|-damage|p1b: Incineroar|74/100\n|-unboost|p1b: Incineroar|spa|1\n|faint|p1a: Farigiraf\n|\n|-weather|RainDance|[upkeep]\n|upkeep\n|\n|t:|1776502155\n|switch|p1a: Crabominable|Crabominable, L50, M|100/100\n|turn|4\n|\n|t:|1776502165\n|switch|p2b: Torkoal|Torkoal, L50, F|100/100\n|-weather|SunnyDay|[from] ability: Drought|[of] p2b: Torkoal\n|detailschange|p1a: Crabominable|Crabominable-Mega, L50, M\n|-mega|p1a: Crabominable|Crabominable|Crabominite\n|move|p1b: Incineroar|Fake Out|p2b: Torkoal\n|-damage|p2b: Torkoal|92/100\n|move|p1a: Crabominable|Crabhammer|p2b: Torkoal\n|-supereffective|p2b: Torkoal|1\n|-damage|p2b: Torkoal|59/100\n|move|p2a: Skeledirge|Torch Song|p1a: Crabominable\n|-supereffective|p1a: Crabominable|1\n|-damage|p1a: Crabominable|3/100\n|-boost|p2a: Skeledirge|spa|1\n|\n|-weather|SunnyDay|[upkeep]\n|upkeep\n|turn|5\n|\n|t:|1776502186\n|move|p1b: Incineroar|Parting Shot|p2a: Skeledirge\n|-unboost|p2a: Skeledirge|atk|1\n|-unboost|p2a: Skeledirge|spa|1\n|\n|t:|1776502190\n|switch|p1b: Volcarona|Volcarona, L50, M|37/100|[from] Parting Shot\n|move|p1a: Crabominable|Crabhammer|p2b: Torkoal\n|-supereffective|p2b: Torkoal|1\n|-damage|p2b: Torkoal|23/100\n|-enditem|p2b: Torkoal|Sitrus Berry|[eat]\n|-heal|p2b: Torkoal|48/100|[from] item: Sitrus Berry\n|move|p2a: Skeledirge|Earth Power|p1b: Volcarona\n|-damage|p1b: Volcarona|14/100\n|move|p2b: Torkoal|Body Press|p1a: Crabominable\n|-supereffective|p1a: Crabominable|1\n|-damage|p1a: Crabominable|0 fnt\n|faint|p1a: Crabominable\n|\n|-weather|SunnyDay|[upkeep]\n|-sideend|p1: GodzDance|move: Tailwind\n|upkeep\n|\n|t:|1776502208\n|switch|p1a: Incineroar|Incineroar, L50, F|74/100\n|-ability|p1a: Incineroar|Intimidate|boost\n|-unboost|p2a: Skeledirge|atk|1\n|-unboost|p2b: Torkoal|atk|1\n|turn|6\n|inactive|Scizorboiye has 30 seconds left.\n|inactive|Scizorboiye has 20 seconds left.\n|\n|t:|1776502248\n|move|p1b: Volcarona|Heat Wave|p2a: Skeledirge|[spread] p2a,p2b\n|-resisted|p2a: Skeledirge|1\n|-crit|p2a: Skeledirge\n|-resisted|p2b: Torkoal|1\n|-damage|p2a: Skeledirge|67/100\n|-damage|p2b: Torkoal|14/100\n|move|p2a: Skeledirge|Earth Power|p1a: Incineroar\n|-supereffective|p1a: Incineroar|1\n|-damage|p1a: Incineroar|38/100\n|-enditem|p1a: Incineroar|Sitrus Berry|[eat]\n|-heal|p1a: Incineroar|62/100|[from] item: Sitrus Berry\n|move|p1a: Incineroar|Parting Shot|p2a: Skeledirge\n|-unboost|p2a: Skeledirge|atk|1\n|-unboost|p2a: Skeledirge|spa|1\n|move|p2b: Torkoal|Eruption|p1b: Volcarona|[spread] p1a,p1b\n|-resisted|p1a: Incineroar|1\n|-damage|p1a: Incineroar|59/100\n|-damage|p1b: Volcarona|6/100\n|\n|-weather|SunnyDay|[upkeep]\n|-heal|p2a: Skeledirge|73/100|[from] item: Leftovers\n|upkeep\n|turn|7\n|inactive|GodzDance has 30 seconds left.\n|inactive|Scizorboiye has 30 seconds left.\n|inactive|GodzDance has 20 seconds left.\n|inactive|GodzDance has 15 seconds left.\n|inactive|GodzDance has 10 seconds left.\n|inactive|GodzDance has 5 seconds left.\n|\n|t:|1776502303\n|move|p1b: Volcarona|Rage Powder|p1b: Volcarona\n|-singleturn|p1b: Volcarona|move: Rage Powder\n|move|p2a: Skeledirge|Earth Power|p1b: Volcarona\n|-damage|p1b: Volcarona|0 fnt\n|faint|p1b: Volcarona\n|move|p1a: Incineroar|Parting Shot|p2b: Torkoal\n|-unboost|p2b: Torkoal|atk|1\n|-unboost|p2b: Torkoal|spa|1\n|move|p2b: Torkoal|Eruption|p1a: Incineroar\n|-resisted|p1a: Incineroar|1\n|-damage|p1a: Incineroar|56/100\n|\n|-weather|SunnyDay|[upkeep]\n|-heal|p2a: Skeledirge|80/100|[from] item: Leftovers\n|upkeep\n|turn|8\n|l|\u2606GodzDance\n|inactive|GodzDance disconnected and has a minute to reconnect!\n|player|p1|\n|inactive|GodzDance has 30 seconds left.\n|inactive|GodzDance has 20 seconds left.\n|inactive|GodzDance has 15 seconds left.\n|inactive|GodzDance has 10 seconds left.\n|j|\u2606GodzDance\n|inactive|GodzDance reconnected and has 10 seconds left.\n|player|p1|GodzDance|1|\n|inactive|GodzDance has 5 seconds left.\n|\n|t:|1776502353\n|move|p2a: Skeledirge|Earth Power|p1a: Incineroar\n|-supereffective|p1a: Incineroar|1\n|-damage|p1a: Incineroar|30/100\n|move|p1a: Incineroar|Darkest Lariat|p2b: Torkoal\n|-damage|p2b: Torkoal|0 fnt\n|faint|p2b: Torkoal\n|\n|-weather|none\n|-heal|p2a: Skeledirge|86/100|[from] item: Leftovers\n|upkeep\n|\n|t:|1776502361\n|switch|p2b: Charizard|Charizard-Mega-Y, L50, F|65/100\n|-weather|SunnyDay|[from] ability: Drought|[of] p2b: Charizard\n|turn|9\n|\n|t:|1776502368\n|move|p2b: Charizard|Heat Wave|p1a: Incineroar\n|-resisted|p1a: Incineroar|1\n|-damage|p1a: Incineroar|0 fnt\n|faint|p1a: Incineroar\n|\n|win|Scizorboiye\n|raw|GodzDance's rating: 1032 &rarr; <strong>1017</strong><br />(-15 for losing)\n|raw|Scizorboiye's rating: 1016 &rarr; <strong>1055</strong><br />(+39 for winning)\n|l|\u2606GodzDance\n|player|p1|\n",
  "uploadtime": 1776502379,
  "views": 18,
  "formatid": "gen9championsvgc2026regma",
  "rating": 1017,
  "private": 0,
  "password": null
}