{
  "id": "gen9championsvgc2026regma-2587000253",
  "format": "[Gen 9 Champions] VGC 2026 Reg M-A",
  "players": [
    "CinnamonClub",
    "rodjilius"
  ],
  "log": "|j|\u2606CinnamonClub\n|j|\u2606rodjilius\n|t:|1776479875\n|gametype|doubles\n|player|p1|CinnamonClub|101|1209\n|player|p2|rodjilius|unknown|1298\n|gen|9\n|tier|[Gen 9 Champions] VGC 2026 Reg M-A\n|rated|\n|rule|Species Clause: Limit one of each Pok\u00e9mon\n|rule|Item Clause: Limit 1 of each item\n|clearpoke\n|poke|p1|Talonflame, L50, F|\n|poke|p1|Kingambit, L50, F|\n|poke|p1|Gardevoir, L50, M|\n|poke|p1|Basculegion, L50, M|\n|poke|p1|Sneasler, L50, F|\n|poke|p1|Incineroar, L50, F|\n|poke|p2|Hydreigon, L50, M|\n|poke|p2|Aegislash, L50, F|\n|poke|p2|Sneasler, L50, M|\n|poke|p2|Milotic, L50, M|\n|poke|p2|Garchomp, L50, M|\n|poke|p2|Skarmory, L50, F|\n|teampreview|4\n|inactive|Battle timer is ON: inactive players will automatically lose when time's up. (requested by rodjilius)\n|inactive|CinnamonClub has 60 seconds left.\n|inactive|rodjilius has 60 seconds left.\n|inactive|CinnamonClub has 30 seconds left.\n|\n|t:|1776479945\n|teamsize|p1|4\n|teamsize|p2|4\n|start\n|switch|p1a: Talonflame|Talonflame, L50, F|100/100\n|switch|p1b: Kingambit|Kingambit, L50, F|100/100\n|switch|p2a: Milotic|Milotic, L50, M|100/100\n|switch|p2b: Sneasler|Sneasler, L50, M|100/100\n|turn|1\n|\n|t:|1776479964\n|move|p2b: Sneasler|Fake Out|p1a: Talonflame\n|-damage|p1a: Talonflame|79/100\n|cant|p1a: Talonflame|flinch\n|move|p2a: Milotic|Scald|p1a: Talonflame\n|-supereffective|p1a: Talonflame|1\n|-damage|p1a: Talonflame|0 fnt\n|faint|p1a: Talonflame\n|move|p1b: Kingambit|Kowtow Cleave|p2a: Milotic\n|-damage|p2a: Milotic|35/100\n|\n|-heal|p2a: Milotic|41/100|[from] item: Leftovers\n|upkeep\n|\n|t:|1776479984\n|switch|p1a: Gardevoir|Gardevoir, L50, M|100/100\n|turn|2\n|inactive|CinnamonClub has 30 seconds left.\n|\n|t:|1776480011\n|switch|p2b: Skarmory|Skarmory, L50, F|100/100\n|detailschange|p1a: Gardevoir|Gardevoir-Mega, L50, M\n|-mega|p1a: Gardevoir|Gardevoir|Gardevoirite\n|move|p1b: Kingambit|Protect|p1b: Kingambit\n|-singleturn|p1b: Kingambit|Protect\n|move|p1a: Gardevoir|Psychic|p2b: Skarmory\n|-resisted|p2b: Skarmory|1\n|-damage|p2b: Skarmory|59/100\n|move|p2a: Milotic|Recover|p2a: Milotic\n|-heal|p2a: Milotic|91/100\n|\n|-heal|p2a: Milotic|97/100|[from] item: Leftovers\n|upkeep\n|turn|3\n|\n|t:|1776480035\n|move|p2b: Skarmory|Protect|p2b: Skarmory\n|-singleturn|p2b: Skarmory|Protect\n|move|p1a: Gardevoir|Hyper Voice|p2a: Milotic|[spread] p2a\n|-activate|p2b: Skarmory|move: Protect\n|-damage|p2a: Milotic|59/100\n|move|p2a: Milotic|Scald|p1b: Kingambit\n|-damage|p1b: Kingambit|62/100\n|move|p1b: Kingambit|Kowtow Cleave|p2b: Skarmory\n|-activate|p2b: Skarmory|move: Protect\n|\n|-heal|p2a: Milotic|65/100|[from] item: Leftovers\n|upkeep\n|turn|4\n|inactive|CinnamonClub has 30 seconds left.\n|\n|t:|1776480061\n|detailschange|p2b: Skarmory|Skarmory-Mega, L50, F\n|-mega|p2b: Skarmory|Skarmory|Skarmorite\n|move|p1b: Kingambit|Sucker Punch|p2a: Milotic\n|-damage|p2a: Milotic|9/100\n|move|p2b: Skarmory|Iron Head|p1a: Gardevoir\n|-supereffective|p1a: Gardevoir|1\n|-damage|p1a: Gardevoir|0 fnt\n|faint|p1a: Gardevoir\n|move|p2a: Milotic|Scald|p1b: Kingambit\n|-crit|p1b: Kingambit\n|-damage|p1b: Kingambit|7/100\n|\n|-heal|p2a: Milotic|15/100|[from] item: Leftovers\n|upkeep\n|\n|t:|1776480075\n|switch|p1a: Basculegion|Basculegion, L50, M|100/100\n|turn|5\n|\n|t:|1776480094\n|move|p2b: Skarmory|Protect|p2b: Skarmory\n|-singleturn|p2b: Skarmory|Protect\n|move|p1b: Kingambit|Sucker Punch||[still]\n|-fail|p1b: Kingambit\n|move|p1a: Basculegion|Last Respects|p2b: Skarmory\n|-activate|p2b: Skarmory|move: Protect\n|move|p2a: Milotic|Recover|p2a: Milotic\n|-heal|p2a: Milotic|65/100\n|\n|-heal|p2a: Milotic|71/100|[from] item: Leftovers\n|upkeep\n|turn|6\n|inactive|CinnamonClub has 30 seconds left.\n|\n|t:|1776480126\n|move|p1b: Kingambit|Sucker Punch|p2b: Skarmory\n|-damage|p2b: Skarmory|5/100\n|move|p1a: Basculegion|Last Respects|p2a: Milotic\n|-damage|p2a: Milotic|0 fnt\n|faint|p2a: Milotic\n|move|p2b: Skarmory|Iron Head|p1a: Basculegion\n|-resisted|p1a: Basculegion|1\n|-damage|p1a: Basculegion|71/100\n|\n|upkeep\n|\n|t:|1776480136\n|switch|p2a: Garchomp|Garchomp, L50, M|100/100\n|turn|7\n|inactive|rodjilius has 30 seconds left.\n|\n|t:|1776480161\n|move|p2b: Skarmory|Protect|p2b: Skarmory\n|-singleturn|p2b: Skarmory|Protect\n|move|p1b: Kingambit|Sucker Punch||[still]\n|-fail|p1b: Kingambit\n|move|p2a: Garchomp|Rock Slide|p1b: Kingambit|[spread] p1a,p1b\n|-resisted|p1b: Kingambit|1\n|-damage|p1a: Basculegion|46/100\n|-damage|p1b: Kingambit|0 fnt\n|faint|p1b: Kingambit\n|move|p1a: Basculegion|Last Respects|p2a: Garchomp\n|-damage|p2a: Garchomp|0 fnt\n|faint|p2a: Garchomp\n|\n|upkeep\n|\n|t:|1776480173\n|switch|p2a: Sneasler|Sneasler, L50, M|100/100\n|turn|8\n|\n|t:|1776480180\n|move|p1a: Basculegion|Last Respects|p2a: Sneasler\n|-damage|p2a: Sneasler|0 fnt\n|faint|p2a: Sneasler\n|move|p2b: Skarmory|Dual Wingbeat|p1a: Basculegion\n|-damage|p1a: Basculegion|16/100\n|-damage|p1a: Basculegion|0 fnt\n|faint|p1a: Basculegion\n|-hitcount|p1: Basculegion|2\n|\n|win|rodjilius\n|raw|CinnamonClub's rating: 1209 &rarr; <strong>1190</strong><br />(-19 for losing)\n|raw|rodjilius's rating: 1298 &rarr; <strong>1317</strong><br />(+19 for winning)\n|l|\u2606rodjilius\n|player|p2|\n|c|\u2606CinnamonClub|Ggs\n",
  "uploadtime": 1776480204,
  "views": 16,
  "formatid": "gen9championsvgc2026regma",
  "rating": 1190,
  "private": 0,
  "password": null
}