{
  "id": "gen9championsvgc2026regma-2581202485",
  "format": "[Gen 9 Champions] VGC 2026 Reg M-A",
  "players": [
    "Pmtang",
    "Sceptilicious"
  ],
  "log": "|j|\u2606Pmtang\n|j|\u2606Sceptilicious\n|t:|1775970262\n|gametype|doubles\n|player|p1|Pmtang|102|1087\n|player|p2|Sceptilicious|266|1106\n|gen|9\n|tier|[Gen 9 Champions] VGC 2026 Reg M-A\n|rated|\n|rule|Species Clause: Limit one of each Pok\u00e9mon\n|rule|Item Clause: Limit 1 of each item\n|clearpoke\n|poke|p1|Charizard, L50, F|\n|poke|p1|Garchomp, L50, M|\n|poke|p1|Rotom-Wash, L50|\n|poke|p1|Whimsicott, L50, M|\n|poke|p1|Incineroar, L50, F|\n|poke|p1|Sneasler, L50, M|\n|poke|p2|Sinistcha, L50|\n|poke|p2|Dragonite, L50, F|\n|poke|p2|Milotic, L50, F|\n|poke|p2|Incineroar, L50, M|\n|poke|p2|Rotom-Wash, L50|\n|poke|p2|Maushold, L50|\n|teampreview|4\n|\n|t:|1775970301\n|teamsize|p1|4\n|teamsize|p2|4\n|start\n|switch|p1a: S-L-A-v-E|Whimsicott, L50, M, shiny|100/100\n|switch|p1b: Incineroar|Incineroar, L50, F|100/100\n|switch|p2a: Wolfey|Incineroar, L50, M|100/100\n|switch|p2b: Lucy|Milotic, L50, F, shiny|100/100\n|-ability|p1b: Incineroar|Intimidate|boost\n|-unboost|p2a: Wolfey|atk|1\n|-unboost|p2b: Lucy|atk|1\n|-ability|p2a: Wolfey|Intimidate|boost\n|-unboost|p1a: S-L-A-v-E|atk|1\n|-unboost|p1b: Incineroar|atk|1\n|turn|1\n|\n|t:|1775970341\n|move|p1a: S-L-A-v-E|Protect|p1a: S-L-A-v-E\n|-singleturn|p1a: S-L-A-v-E|Protect\n|move|p1b: Incineroar|Fake Out|p2a: Wolfey\n|-damage|p2a: Wolfey|90/100\n|cant|p2a: Wolfey|flinch\n|move|p2b: Lucy|Rain Dance|p2b: Lucy\n|-weather|RainDance\n|\n|-weather|RainDance|[upkeep]\n|upkeep\n|turn|2\n|\n|t:|1775970371\n|move|p1a: S-L-A-v-E|Encore|p2a: Wolfey\n|-hint|Since gen 7, Dark is immune to Prankster moves.\n|-immune|p2a: Wolfey\n|move|p2b: Lucy|Scald|p1b: Incineroar\n|-supereffective|p1b: Incineroar|1\n|-damage|p1b: Incineroar|4/100\n|-enditem|p1b: Incineroar|Sitrus Berry|[eat]\n|-heal|p1b: Incineroar|29/100|[from] item: Sitrus Berry\n|move|p2a: Wolfey|Close Combat|p1b: Incineroar\n|-supereffective|p1b: Incineroar|1\n|-damage|p1b: Incineroar|0 fnt\n|-unboost|p2a: Wolfey|def|1\n|-unboost|p2a: Wolfey|spd|1\n|faint|p1b: Incineroar\n|\n|-weather|RainDance|[upkeep]\n|upkeep\n|\n|t:|1775970385\n|switch|p1b: Wyvern|Charizard, L50, F, shiny|100/100\n|turn|3\n|\n|t:|1775970397\n|detailschange|p1b: Wyvern|Charizard-Mega-Y, L50, F, shiny\n|-mega|p1b: Wyvern|Charizard|Charizardite Y\n|-weather|SunnyDay|[from] ability: Drought|[of] p1b: Wyvern\n|move|p1a: S-L-A-v-E|Tailwind|p1a: S-L-A-v-E\n|-sidestart|p1: Pmtang|move: Tailwind\n|move|p1b: Wyvern|Solar Beam||[still]\n|-prepare|p1b: Wyvern|Solar Beam\n|-anim|p1b: Wyvern|Solar Beam|p2b: Lucy\n|-supereffective|p2b: Lucy|1\n|-damage|p2b: Lucy|26/100\n|move|p2b: Lucy|Icy Wind|p1a: S-L-A-v-E|[spread] p1a,p1b\n|-supereffective|p1a: S-L-A-v-E|1\n|-damage|p1a: S-L-A-v-E|71/100\n|-damage|p1b: Wyvern|91/100\n|-unboost|p1a: S-L-A-v-E|spe|1\n|-unboost|p1b: Wyvern|spe|1\n|move|p2a: Wolfey|Parting Shot|p1b: Wyvern\n|-unboost|p1b: Wyvern|atk|1\n|-unboost|p1b: Wyvern|spa|1\n|\n|t:|1775970416\n|switch|p2a: The Trickster|Rotom-Wash, L50|100/100|[from] Parting Shot\n|\n|-weather|SunnyDay|[upkeep]\n|upkeep\n|turn|4\n|\n|t:|1775970439\n|move|p1b: Wyvern|Protect|p1b: Wyvern\n|-singleturn|p1b: Wyvern|Protect\n|move|p1a: S-L-A-v-E|Moonblast|p2b: Lucy\n|-damage|p2b: Lucy|0 fnt\n|faint|p2b: Lucy\n|move|p2a: The Trickster|Volt Switch|p1b: Wyvern\n|-activate|p1b: Wyvern|move: Protect\n|\n|-weather|SunnyDay|[upkeep]\n|upkeep\n|\n|t:|1775970454\n|switch|p2b: Wolfey|Incineroar, L50, M|90/100\n|-ability|p2b: Wolfey|Intimidate|boost\n|-unboost|p1a: S-L-A-v-E|atk|1\n|-unboost|p1b: Wyvern|atk|1\n|turn|5\n|\n|t:|1775970497\n|move|p1a: S-L-A-v-E|Protect|p1a: S-L-A-v-E\n|-singleturn|p1a: S-L-A-v-E|Protect\n|move|p2b: Wolfey|Fake Out|p1b: Wyvern\n|-damage|p1b: Wyvern|74/100\n|cant|p1b: Wyvern|flinch\n|move|p2a: The Trickster|Volt Switch|p1b: Wyvern\n|-supereffective|p1b: Wyvern|1\n|-damage|p1b: Wyvern|17/100\n|\n|t:|1775970505\n|switch|p2a: Nicole|Dragonite, L50, F, shiny|100/100|[from] Volt Switch\n|\n|-weather|SunnyDay|[upkeep]\n|upkeep\n|turn|6\n|\n|t:|1775970522\n|switch|p2a: The Trickster|Rotom-Wash, L50|100/100\n|move|p1b: Wyvern|Protect|p1b: Wyvern\n|-singleturn|p1b: Wyvern|Protect\n|move|p1a: S-L-A-v-E|Moonblast|p2a: The Trickster\n|-damage|p2a: The Trickster|60/100\n|move|p2b: Wolfey|Flare Blitz|p1a: S-L-A-v-E\n|-supereffective|p1a: S-L-A-v-E|1\n|-damage|p1a: S-L-A-v-E|0 fnt\n|faint|p1a: S-L-A-v-E\n|-damage|p2b: Wolfey|73/100|[from] Recoil\n|\n|-weather|SunnyDay|[upkeep]\n|-heal|p2a: The Trickster|66/100|[from] item: Leftovers\n|-sideend|p1: Pmtang|move: Tailwind\n|upkeep\n|\n|t:|1775970532\n|switch|p1a: Sneasler|Sneasler, L50, M|100/100\n|turn|7\n|\n|t:|1775970546\n|move|p1a: Sneasler|Fake Out|p2b: Wolfey\n|-damage|p2b: Wolfey|58/100\n|move|p2a: The Trickster|Will-O-Wisp|p1a: Sneasler\n|-status|p1a: Sneasler|brn\n|move|p1b: Wyvern|Solar Beam||[still]\n|-prepare|p1b: Wyvern|Solar Beam\n|-anim|p1b: Wyvern|Solar Beam|p2a: The Trickster\n|-supereffective|p2a: The Trickster|1\n|-damage|p2a: The Trickster|1/100\n|cant|p2b: Wolfey|flinch\n|\n|-weather|none\n|-heal|p2a: The Trickster|7/100|[from] item: Leftovers\n|-damage|p1a: Sneasler|95/100 brn|[from] brn\n|upkeep\n|turn|8\n|\n|t:|1775970573\n|move|p1a: Sneasler|Close Combat|p2b: Wolfey\n|-supereffective|p2b: Wolfey|1\n|-damage|p2b: Wolfey|0 fnt\n|-unboost|p1a: Sneasler|def|1\n|-unboost|p1a: Sneasler|spd|1\n|faint|p2b: Wolfey\n|-enditem|p1a: Sneasler|White Herb\n|-clearnegativeboost|p1a: Sneasler|[silent]\n|move|p2a: The Trickster|Volt Switch|p1b: Wyvern\n|-supereffective|p1b: Wyvern|1\n|-damage|p1b: Wyvern|0 fnt\n|faint|p1b: Wyvern\n|\n|t:|1775970584\n|switch|p2a: Nicole|Dragonite, L50, F, shiny|100/100|[from] Volt Switch\n|\n|-damage|p1a: Sneasler|89/100 brn|[from] brn\n|upkeep\n|\n|t:|1775970589\n|switch|p2b: The Trickster|Rotom-Wash, L50|7/100\n|turn|9\n|\n|t:|1775970594\n|detailschange|p2a: Nicole|Dragonite-Mega, L50, F, shiny\n|-mega|p2a: Nicole|Dragonite|Dragoninite\n|move|p1a: Sneasler|Dire Claw|p2a: Nicole\n|-damage|p2a: Nicole|90/100\n|move|p2a: Nicole|Draco Meteor|p1a: Sneasler\n|-damage|p1a: Sneasler|0 fnt\n|-unboost|p2a: Nicole|spa|2\n|faint|p1a: Sneasler\n|\n|win|Sceptilicious\n|raw|Pmtang's rating: 1087 &rarr; <strong>1065</strong><br />(-22 for losing)\n|raw|Sceptilicious's rating: 1106 &rarr; <strong>1130</strong><br />(+24 for winning)\n",
  "uploadtime": 1775970605,
  "views": 14,
  "formatid": "gen9championsvgc2026regma",
  "rating": 1065,
  "private": 0,
  "password": null
}