{
  "id": "gen9championsvgc2026regma-2583948502",
  "format": "[Gen 9 Champions] VGC 2026 Reg M-A",
  "players": [
    "Manthis",
    "Catquach"
  ],
  "log": "|j|\u2606Manthis\n|j|\u2606Catquach\n|t:|1776210897\n|gametype|doubles\n|player|p1|Manthis|265|1116\n|player|p2|Catquach|170|1102\n|gen|9\n|tier|[Gen 9 Champions] VGC 2026 Reg M-A\n|rated|\n|rule|Species Clause: Limit one of each Pok\u00e9mon\n|rule|Item Clause: Limit 1 of each item\n|clearpoke\n|poke|p1|Drampa, L50, M|\n|poke|p1|Milotic, L50, F|\n|poke|p1|Farigiraf, L50, M|\n|poke|p1|Gallade, L50, M|\n|poke|p1|Chimecho, L50, F|\n|poke|p1|Aerodactyl, L50, F|\n|poke|p2|Scovillain, L50, F|\n|poke|p2|Typhlosion-Hisui, L50, F|\n|poke|p2|Sinistcha, L50|\n|poke|p2|Castform, L50, M|\n|poke|p2|Garchomp, L50, M|\n|poke|p2|Klefki, L50, F|\n|teampreview|4\n|inactive|Battle timer is ON: inactive players will automatically lose when time's up. (requested by Catquach)\n|inactive|Manthis has 60 seconds left.\n|\n|t:|1776210948\n|teamsize|p1|4\n|teamsize|p2|4\n|start\n|switch|p1a: Chimecho|Chimecho, L50, F|100/100\n|switch|p1b: Aerodactyl|Aerodactyl, L50, F|100/100\n|switch|p2a: What is my purpose|Scovillain, L50, F|100/100\n|switch|p2b: Klefki|Klefki, L50, F|100/100\n|-ability|p1b: Aerodactyl|Unnerve\n|turn|1\n|\n|t:|1776210968\n|detailschange|p2a: What is my purpose|Scovillain-Mega, L50, F\n|-mega|p2a: What is my purpose|Scovillain|Scovillainite\n|detailschange|p1a: Chimecho|Chimecho-Mega, L50, F\n|-mega|p1a: Chimecho|Chimecho|Chimechite\n|move|p2a: What is my purpose|Rage Powder|p2a: What is my purpose\n|-singleturn|p2a: What is my purpose|move: Rage Powder\n|move|p2b: Klefki|Reflect|p2b: Klefki\n|-sidestart|p2: Catquach|Reflect\n|move|p1b: Aerodactyl|Tailwind|p1b: Aerodactyl\n|-sidestart|p1: Manthis|move: Tailwind\n|move|p1a: Chimecho|Flash Cannon|p2a: What is my purpose\n|-resisted|p2a: What is my purpose|1\n|-damage|p2a: What is my purpose|82/100\n|-status|p1a: Chimecho|brn|[from] ability: Spicy Spray|[of] p2a: What is my purpose\n|\n|-damage|p1a: Chimecho|94/100 brn|[from] brn\n|upkeep\n|turn|2\n|inactive|Manthis has 30 seconds left.\n|\n|t:|1776211002\n|switch|p1b: Drampa|Drampa, L50, M|100/100\n|-ability|p1b: Drampa|Cloud Nine\n|move|p2a: What is my purpose|Rage Powder|p2a: What is my purpose\n|-singleturn|p2a: What is my purpose|move: Rage Powder\n|move|p2b: Klefki|Light Screen|p2b: Klefki\n|-sidestart|p2: Catquach|move: Light Screen\n|move|p1a: Chimecho|Psychic|p2a: What is my purpose\n|-damage|p2a: What is my purpose|54/100\n|\n|-damage|p1a: Chimecho|88/100 brn|[from] brn\n|upkeep\n|turn|3\n|\n|t:|1776211020\n|switch|p2b: Typhlosion|Typhlosion-Hisui, L50, F|100/100\n|move|p1a: Chimecho|Calm Mind|p1a: Chimecho\n|-boost|p1a: Chimecho|spa|1\n|-boost|p1a: Chimecho|spd|1\n|move|p1b: Drampa|Draco Meteor|p2a: What is my purpose\n|-damage|p2a: What is my purpose|12/100\n|-unboost|p1b: Drampa|spa|2\n|-status|p1b: Drampa|brn|[from] ability: Spicy Spray|[of] p2a: What is my purpose\n|-enditem|p1b: Drampa|White Herb\n|-clearnegativeboost|p1b: Drampa|[silent]\n|move|p2a: What is my purpose|Leech Seed|p1a: Chimecho\n|-start|p1a: Chimecho|move: Leech Seed\n|\n|-damage|p1a: Chimecho|76/100 brn|[from] Leech Seed|[of] p2a: What is my purpose\n|-heal|p2a: What is my purpose|24/100|[silent]\n|-damage|p1a: Chimecho|70/100 brn|[from] brn\n|-damage|p1b: Drampa|95/100 brn|[from] brn\n|upkeep\n|turn|4\n|inactive|Manthis has 30 seconds left.\n|\n|t:|1776211046\n|move|p2a: What is my purpose|Protect|p2a: What is my purpose\n|-singleturn|p2a: What is my purpose|Protect\n|move|p2b: Typhlosion|Infernal Parade|p1a: Chimecho\n|-supereffective|p1a: Chimecho|1\n|-damage|p1a: Chimecho|0 fnt\n|faint|p1a: Chimecho\n|move|p1b: Drampa|Earth Power|p2b: Typhlosion\n|-supereffective|p2b: Typhlosion|1\n|-crit|p2b: Typhlosion\n|-damage|p2b: Typhlosion|0 fnt\n|faint|p2b: Typhlosion\n|\n|-damage|p1b: Drampa|89/100 brn|[from] brn\n|-sideend|p1: Manthis|move: Tailwind\n|upkeep\n|inactive|Manthis has 30 seconds left.\n|\n|t:|1776211077\n|switch|p2b: Sinistcha|Sinistcha, L50|100/100\n|switch|p1a: Milotic|Milotic, L50, F|100/100\n|-heal|p2a: What is my purpose|49/100|[from] ability: Hospitality|[of] p2b: Sinistcha\n|turn|5\n|\n|t:|1776211090\n|move|p2a: What is my purpose|Leech Seed|p1b: Drampa\n|-start|p1b: Drampa|move: Leech Seed\n|move|p2b: Sinistcha|Matcha Gotcha|p1b: Drampa|[spread] p1a,p1b\n|-supereffective|p1a: Milotic|1\n|-resisted|p1b: Drampa|1\n|-damage|p1a: Milotic|68/100\n|-damage|p1b: Drampa|76/100 brn\n|move|p1a: Milotic|Icy Wind|p2a: What is my purpose|[spread] p2a,p2b\n|-supereffective|p2b: Sinistcha|1\n|-damage|p2a: What is my purpose|43/100\n|-damage|p2b: Sinistcha|83/100\n|-unboost|p2a: What is my purpose|spe|1\n|-unboost|p2b: Sinistcha|spe|1\n|-status|p1a: Milotic|brn|[from] ability: Spicy Spray|[of] p2a: What is my purpose\n|move|p1b: Drampa|Draco Meteor|p2a: What is my purpose\n|-damage|p2a: What is my purpose|3/100\n|-unboost|p1b: Drampa|spa|2\n|\n|-damage|p1b: Drampa|63/100 brn|[from] Leech Seed|[of] p2a: What is my purpose\n|-heal|p2a: What is my purpose|17/100|[silent]\n|-damage|p1a: Milotic|62/100 brn|[from] brn\n|-damage|p1b: Drampa|57/100 brn|[from] brn\n|-sideend|p2: Catquach|Reflect\n|upkeep\n|turn|6\n|\n|t:|1776211114\n|switch|p1b: Aerodactyl|Aerodactyl, L50, F|100/100\n|-ability|p1b: Aerodactyl|Unnerve\n|move|p1a: Milotic|Muddy Water|p2a: What is my purpose|[spread] p2a,p2b\n|-crit|p2a: What is my purpose\n|-resisted|p2b: Sinistcha|1\n|-damage|p2a: What is my purpose|0 fnt\n|-damage|p2b: Sinistcha|71/100\n|faint|p2a: What is my purpose\n|move|p2b: Sinistcha|Matcha Gotcha|p1a: Milotic|[spread] p1a,p1b\n|-supereffective|p1a: Milotic|1\n|-damage|p1a: Milotic|31/100 brn\n|-heal|p2b: Sinistcha|88/100|[from] drain|[of] p1a: Milotic\n|-damage|p1b: Aerodactyl|66/100\n|-heal|p2b: Sinistcha|100/100|[from] drain|[of] p1b: Aerodactyl\n|-enditem|p1a: Milotic|Sitrus Berry|[eat]\n|-heal|p1a: Milotic|56/100 brn|[from] item: Sitrus Berry\n|\n|-damage|p1a: Milotic|49/100 brn|[from] brn\n|-sideend|p2: Catquach|move: Light Screen\n|upkeep\n|\n|t:|1776211125\n|switch|p2a: Klefki|Klefki, L50, F|100/100\n|turn|7\n|\n|t:|1776211139\n|move|p2b: Sinistcha|Protect|p2b: Sinistcha\n|-singleturn|p2b: Sinistcha|Protect\n|move|p2a: Klefki|Light Screen|p2a: Klefki\n|-sidestart|p2: Catquach|move: Light Screen\n|move|p1b: Aerodactyl|Dual Wingbeat|p2b: Sinistcha\n|-activate|p2b: Sinistcha|move: Protect\n|move|p1a: Milotic|Icy Wind|p2b: Sinistcha|[spread] p2a\n|-activate|p2b: Sinistcha|move: Protect\n|-resisted|p2a: Klefki|1\n|-damage|p2a: Klefki|95/100\n|-unboost|p2a: Klefki|spe|1\n|\n|-damage|p1a: Milotic|43/100 brn|[from] brn\n|upkeep\n|turn|8\n|inactive|Manthis has 30 seconds left.\n|\n|t:|1776211166\n|switch|p1a: Drampa|Drampa, L50, M|57/100 brn\n|-ability|p1a: Drampa|Cloud Nine\n|move|p2a: Klefki|Reflect|p2a: Klefki\n|-sidestart|p2: Catquach|Reflect\n|move|p1b: Aerodactyl|Dual Wingbeat|p2b: Sinistcha\n|-supereffective|p2b: Sinistcha|1\n|-damage|p2b: Sinistcha|84/100\n|-supereffective|p2b: Sinistcha|1\n|-damage|p2b: Sinistcha|68/100\n|-hitcount|p2b: Sinistcha|2\n|move|p2b: Sinistcha|Strength Sap|p1b: Aerodactyl\n|-unboost|p1b: Aerodactyl|atk|1\n|-heal|p2b: Sinistcha|100/100\n|\n|-damage|p1a: Drampa|51/100 brn|[from] brn\n|upkeep\n|turn|9\n|\n|t:|1776211188\n|switch|p1b: Milotic|Milotic, L50, F|43/100 brn\n|move|p1a: Drampa|Protect|p1a: Drampa\n|-singleturn|p1a: Drampa|Protect\n|move|p2a: Klefki|Calm Mind|p2a: Klefki\n|-boost|p2a: Klefki|spa|1\n|-boost|p2a: Klefki|spd|1\n|move|p2b: Sinistcha|Matcha Gotcha|p1b: Milotic|[spread] p1b\n|-activate|p1a: Drampa|move: Protect\n|-supereffective|p1b: Milotic|1\n|-damage|p1b: Milotic|9/100 brn\n|\n|-damage|p1b: Milotic|3/100 brn|[from] brn\n|-damage|p1a: Drampa|45/100 brn|[from] brn\n|upkeep\n|turn|10\n|\n|t:|1776211210\n|move|p2a: Klefki|Calm Mind|p2a: Klefki\n|-boost|p2a: Klefki|spa|1\n|-boost|p2a: Klefki|spd|1\n|move|p1b: Milotic|Icy Wind|p2a: Klefki|[spread] p2a,p2b\n|-resisted|p2a: Klefki|1\n|-supereffective|p2b: Sinistcha|1\n|-damage|p2a: Klefki|93/100\n|-damage|p2b: Sinistcha|80/100\n|-unboost|p2a: Klefki|spe|1\n|-unboost|p2b: Sinistcha|spe|1\n|move|p1a: Drampa|Earth Power|p2a: Klefki\n|-supereffective|p2a: Klefki|1\n|-damage|p2a: Klefki|61/100\n|-unboost|p2a: Klefki|spd|1\n|move|p2b: Sinistcha|Matcha Gotcha|p1b: Milotic|[spread] p1b\n|-miss|p2b: Sinistcha|p1a: Drampa\n|-supereffective|p1b: Milotic|1\n|-damage|p1b: Milotic|0 fnt\n|-heal|p2b: Sinistcha|81/100|[from] drain|[of] p1b: Milotic\n|faint|p1b: Milotic\n|\n|-damage|p1a: Drampa|39/100 brn|[from] brn\n|upkeep\n|\n|t:|1776211224\n|switch|p1b: Aerodactyl|Aerodactyl, L50, F|66/100\n|-ability|p1b: Aerodactyl|Unnerve\n|turn|11\n|\n|t:|1776211234\n|move|p2b: Sinistcha|Protect|p2b: Sinistcha\n|-singleturn|p2b: Sinistcha|Protect\n|move|p1b: Aerodactyl|Wide Guard|p1b: Aerodactyl\n|-singleturn|p1b: Aerodactyl|Wide Guard\n|move|p1a: Drampa|Earth Power|p2a: Klefki\n|-supereffective|p2a: Klefki|1\n|-damage|p2a: Klefki|20/100\n|move|p2a: Klefki|Draining Kiss|p1b: Aerodactyl\n|-damage|p1b: Aerodactyl|3/100\n|-heal|p2a: Klefki|65/100|[from] drain|[of] p1b: Aerodactyl\n|\n|-damage|p1a: Drampa|33/100 brn|[from] brn\n|-sideend|p2: Catquach|move: Light Screen\n|upkeep\n|turn|12\n|\n|t:|1776211253\n|move|p2a: Klefki|Light Screen|p2a: Klefki\n|-sidestart|p2: Catquach|move: Light Screen\n|move|p1b: Aerodactyl|Dual Wingbeat|p2b: Sinistcha\n|-supereffective|p2b: Sinistcha|1\n|-damage|p2b: Sinistcha|63/100\n|-supereffective|p2b: Sinistcha|1\n|-damage|p2b: Sinistcha|47/100\n|-hitcount|p2b: Sinistcha|2\n|move|p1a: Drampa|Earth Power|p2a: Klefki\n|-supereffective|p2a: Klefki|1\n|-damage|p2a: Klefki|24/100\n|move|p2b: Sinistcha|Hex|p1b: Aerodactyl\n|-damage|p1b: Aerodactyl|0 fnt\n|faint|p1b: Aerodactyl\n|\n|-damage|p1a: Drampa|28/100 brn|[from] brn\n|-sideend|p2: Catquach|Reflect\n|upkeep\n|turn|13\n|\n|t:|1776211266\n|move|p1a: Drampa|Draco Meteor|p2b: Sinistcha|[miss]\n|-miss|p1a: Drampa|p2b: Sinistcha\n|move|p2a: Klefki|Draining Kiss|p1a: Drampa\n|-supereffective|p1a: Drampa|1\n|-damage|p1a: Drampa|0 fnt\n|-heal|p2a: Klefki|47/100|[from] drain|[of] p1a: Drampa\n|faint|p1a: Drampa\n|\n|win|Catquach\n|raw|Manthis's rating: 1116 &rarr; <strong>1090</strong><br />(-26 for losing)\n|raw|Catquach's rating: 1102 &rarr; <strong>1128</strong><br />(+26 for winning)\n|l|\u2606Manthis\n|player|p1|\n|l|\u2606Catquach\n|player|p2|\n|j|\u2606Catquach\n|player|p2|Catquach|170|\n|l|\u2606Catquach\n|player|p2|\n|j|\u2606Catquach\n|player|p2|Catquach|170|\n",
  "uploadtime": 1776211325,
  "views": 28,
  "formatid": "gen9championsvgc2026regma",
  "rating": 1090,
  "private": 0,
  "password": null
}