{
  "id": "gen9championsvgc2026regma-2585878160",
  "format": "[Gen 9 Champions] VGC 2026 Reg M-A",
  "players": [
    "gooiko",
    "Dark0_Fake"
  ],
  "log": "|j|\u2606gooiko\n|j|\u2606Dark0_Fake\n|t:|1776377750\n|gametype|doubles\n|player|p1|gooiko|baker|1099\n|player|p2|Dark0_Fake|swimmerf|1184\n|gen|9\n|tier|[Gen 9 Champions] VGC 2026 Reg M-A\n|rated|\n|rule|Species Clause: Limit one of each Pok\u00e9mon\n|rule|Item Clause: Limit 1 of each item\n|clearpoke\n|poke|p1|Incineroar, L50, M|\n|poke|p1|Dragonite, L50, F|\n|poke|p1|Sinistcha, L50|\n|poke|p1|Pelipper, L50, M|\n|poke|p1|Archaludon, L50, F|\n|poke|p1|Basculegion, L50, M|\n|poke|p2|Pelipper, L50, M|\n|poke|p2|Floette-Eternal, L50, F|\n|poke|p2|Incineroar, L50, M|\n|poke|p2|Corviknight, L50, M|\n|poke|p2|Basculegion, L50, M|\n|poke|p2|Sneasler, L50, M|\n|teampreview|4\n|inactive|Battle timer is ON: inactive players will automatically lose when time's up. (requested by Dark0_Fake)\n|inactive|gooiko has 60 seconds left.\n|\n|t:|1776377791\n|teamsize|p1|4\n|teamsize|p2|4\n|start\n|switch|p1a: Buzz|Dragonite, L50, F, shiny|100/100\n|switch|p1b: Suds|Pelipper, L50, M|100/100\n|switch|p2a: Sneasler|Sneasler, L50, M, shiny|100/100\n|switch|p2b: Basculegion|Basculegion, L50, M, shiny|100/100\n|-weather|RainDance|[from] ability: Drizzle|[of] p1b: Suds\n|turn|1\n|inactive|Dark0_Fake has 30 seconds left.\n|inactive|Dark0_Fake has 20 seconds left.\n|\n|t:|1776377829\n|detailschange|p1a: Buzz|Dragonite-Mega, L50, F, shiny\n|-mega|p1a: Buzz|Dragonite|Dragoninite\n|move|p2b: Basculegion|Flip Turn|p1b: Suds\n|-resisted|p1b: Suds|1\n|-damage|p1b: Suds|63/100\n|\n|t:|1776377835\n|switch|p2b: Floette|Floette-Eternal, L50, F, shiny|100/100|[from] Flip Turn\n|move|p2a: Sneasler|Rock Slide|p1a: Buzz|[spread] p1a,p1b\n|-supereffective|p1a: Buzz|1\n|-supereffective|p1b: Suds|1\n|-damage|p1a: Buzz|83/100\n|-damage|p1b: Suds|9/100\n|cant|p1a: Buzz|flinch\n|move|p1b: Suds|Hurricane|p2a: Sneasler\n|-supereffective|p2a: Sneasler|1\n|-damage|p2a: Sneasler|0 fnt\n|faint|p2a: Sneasler\n|\n|-weather|RainDance|[upkeep]\n|upkeep\n|\n|t:|1776377847\n|switch|p2a: Corviknight|Corviknight, L50, M, shiny|100/100\n|turn|2\n|\n|t:|1776377871\n|detailschange|p2b: Floette|Floette-Mega, L50, F, shiny\n|-mega|p2b: Floette|Floette|Floettite\n|-ability|p2b: Floette|Fairy Aura\n|move|p2b: Floette|Dazzling Gleam|p1b: Suds|[spread] p1a,p1b\n|-supereffective|p1a: Buzz|1\n|-damage|p1a: Buzz|12/100\n|-damage|p1b: Suds|0 fnt\n|faint|p1b: Suds\n|move|p1a: Buzz|Hurricane|p2b: Floette\n|-damage|p2b: Floette|46/100\n|-start|p2b: Floette|confusion\n|move|p2a: Corviknight|Tailwind|p2a: Corviknight\n|-sidestart|p2: Dark0_Fake|move: Tailwind\n|\n|-weather|RainDance|[upkeep]\n|upkeep\n|\n|t:|1776377895\n|switch|p1b: Hjarka|Basculegion, L50, M|100/100\n|turn|3\n|\n|t:|1776377919\n|switch|p2b: Basculegion|Basculegion, L50, M, shiny|100/100\n|move|p1a: Buzz|Extreme Speed|p2b: Basculegion\n|-immune|p2b: Basculegion\n|move|p1b: Hjarka|Aqua Jet|p2b: Basculegion\n|-resisted|p2b: Basculegion|1\n|-damage|p2b: Basculegion|74/100\n|move|p2a: Corviknight|Brave Bird|p1a: Buzz\n|-damage|p1a: Buzz|0 fnt\n|faint|p1a: Buzz\n|-damage|p2a: Corviknight|97/100|[from] Recoil\n|\n|-weather|RainDance|[upkeep]\n|-heal|p2a: Corviknight|100/100|[from] item: Leftovers\n|upkeep\n|\n|t:|1776377938\n|switch|p1a: Gaewha|Archaludon, L50, F|100/100\n|turn|4\n|\n|t:|1776377954\n|move|p1b: Hjarka|Aqua Jet|p2a: Corviknight\n|-damage|p2a: Corviknight|75/100\n|move|p2b: Basculegion|Last Respects|p1b: Hjarka\n|-supereffective|p1b: Hjarka|1\n|-damage|p1b: Hjarka|0 fnt\n|faint|p1b: Hjarka\n|move|p2a: Corviknight|Body Press|p1a: Gaewha\n|-supereffective|p1a: Gaewha|1\n|-damage|p1a: Gaewha|65/100\n|-ability|p1a: Gaewha|Stamina|boost\n|-boost|p1a: Gaewha|def|1\n|move|p1a: Gaewha|Electro Shot||[still]\n|-prepare|p1a: Gaewha|Electro Shot\n|-boost|p1a: Gaewha|spa|1\n|-anim|p1a: Gaewha|Electro Shot|p2b: Basculegion\n|-supereffective|p2b: Basculegion|1\n|-damage|p2b: Basculegion|0 fnt\n|faint|p2b: Basculegion\n|\n|-weather|RainDance|[upkeep]\n|-heal|p2a: Corviknight|81/100|[from] item: Leftovers\n|-heal|p1a: Gaewha|71/100|[from] item: Leftovers\n|upkeep\n|\n|t:|1776377970\n|switch|p2b: Floette|Floette-Mega, L50, F, shiny|46/100\n|-ability|p2b: Floette|Fairy Aura\n|turn|5\n|inactive|gooiko has 30 seconds left.\n|\n|t:|1776377995\n|move|p2b: Floette|Dazzling Gleam|p1a: Gaewha\n|-damage|p1a: Gaewha|10/100\n|-ability|p1a: Gaewha|Stamina|boost\n|-boost|p1a: Gaewha|def|1\n|move|p2a: Corviknight|Body Press|p1a: Gaewha\n|-supereffective|p1a: Gaewha|1\n|-damage|p1a: Gaewha|0 fnt\n|faint|p1a: Gaewha\n|\n|win|Dark0_Fake\n|raw|gooiko's rating: 1099 &rarr; <strong>1080</strong><br />(-19 for losing)\n|raw|Dark0_Fake's rating: 1184 &rarr; <strong>1203</strong><br />(+19 for winning)\n|l|\u2606Dark0_Fake\n|player|p2|\n",
  "uploadtime": 1776378007,
  "views": 16,
  "formatid": "gen9championsvgc2026regma",
  "rating": 1080,
  "private": 0,
  "password": null
}