{
  "id": "gen9championsvgc2026regma-2581232880",
  "format": "[Gen 9 Champions] VGC 2026 Reg M-A",
  "players": [
    "happidoodledoo",
    "sonic1"
  ],
  "log": "|j|\u2606happidoodledoo\n|j|\u2606sonic1\n|t:|1775973980\n|gametype|doubles\n|player|p1|happidoodledoo|ghetsis|1413\n|player|p2|sonic1|169|1403\n|gen|9\n|tier|[Gen 9 Champions] VGC 2026 Reg M-A\n|rated|\n|rule|Species Clause: Limit one of each Pok\u00e9mon\n|rule|Item Clause: Limit 1 of each item\n|clearpoke\n|poke|p1|Starmie, L50|\n|poke|p1|Rotom-Mow, L50|\n|poke|p1|Archaludon, L50, M|\n|poke|p1|Sneasler, L50, F|\n|poke|p1|Pelipper, L50, F|\n|poke|p1|Kingambit, L50, M|\n|poke|p2|Whimsicott, L50, M|\n|poke|p2|Charizard, L50, F|\n|poke|p2|Sneasler, L50, F|\n|poke|p2|Garchomp, L50, M|\n|poke|p2|Kingambit, L50, M|\n|poke|p2|Farigiraf, L50, M|\n|teampreview|4\n|inactive|Battle timer is ON: inactive players will automatically lose when time's up. (requested by sonic1)\n|inactive|happidoodledoo has 60 seconds left.\n|inactive|sonic1 has 60 seconds left.\n|j| Crvstal_K!tty\n|\n|t:|1775974035\n|teamsize|p1|4\n|teamsize|p2|4\n|start\n|switch|p1a: Sneasler|Sneasler, L50, F|100/100\n|switch|p1b: Starmie|Starmie, L50|100/100\n|switch|p2a: Sneasler|Sneasler, L50, F|100/100\n|switch|p2b: Kingambit|Kingambit, L50, M|100/100\n|turn|1\n|inactive|happidoodledoo has 30 seconds left.\n|inactive|happidoodledoo has 20 seconds left.\n|\n|t:|1775974072\n|switch|p1b: Pelipper|Pelipper, L50, F|100/100\n|-weather|RainDance|[from] ability: Drizzle|[of] p1b: Pelipper\n|move|p1a: Sneasler|Fake Out|p2b: Kingambit\n|-resisted|p2b: Kingambit|1\n|-damage|p2b: Kingambit|96/100\n|move|p2a: Sneasler|Fake Out|p1a: Sneasler\n|-damage|p1a: Sneasler|73/100\n|cant|p2b: Kingambit|flinch\n|\n|-weather|RainDance|[upkeep]\n|upkeep\n|turn|2\n|inactive|sonic1 has 30 seconds left.\n|inactive|sonic1 has 20 seconds left.\n|\n|t:|1775974113\n|move|p2b: Kingambit|Protect|p2b: Kingambit\n|-singleturn|p2b: Kingambit|Protect\n|move|p1a: Sneasler|Close Combat|p2b: Kingambit\n|-activate|p2b: Kingambit|move: Protect\n|move|p2a: Sneasler|Close Combat|p1a: Sneasler\n|-resisted|p1a: Sneasler|1\n|-damage|p1a: Sneasler|10/100\n|-unboost|p2a: Sneasler|def|1\n|-unboost|p2a: Sneasler|spd|1\n|-enditem|p2a: Sneasler|White Herb\n|-clearnegativeboost|p2a: Sneasler|[silent]\n|move|p1b: Pelipper|Tailwind|p1b: Pelipper\n|-sidestart|p1: happidoodledoo|move: Tailwind\n|\n|-weather|RainDance|[upkeep]\n|upkeep\n|turn|3\n|j| gE1xjZRtuhW2DdT0AK\n|inactive|sonic1 has 30 seconds left.\n|inactive|happidoodledoo has 30 seconds left.\n|\n|t:|1775974144\n|move|p2a: Sneasler|Protect|p2a: Sneasler\n|-singleturn|p2a: Sneasler|Protect\n|move|p2b: Kingambit|Sucker Punch|p1a: Sneasler\n|-resisted|p1a: Sneasler|1\n|-damage|p1a: Sneasler|0 fnt\n|faint|p1a: Sneasler\n|move|p1b: Pelipper|Hurricane|p2a: Sneasler\n|-activate|p2a: Sneasler|move: Protect\n|\n|-weather|RainDance|[upkeep]\n|upkeep\n|\n|t:|1775974148\n|switch|p1a: Starmie|Starmie, L50|100/100\n|turn|4\n|inactive|sonic1 has 30 seconds left.\n|\n|t:|1775974173\n|switch|p2a: Garchomp|Garchomp, L50, M|100/100\n|switch|p1a: Archaludon|Archaludon, L50, M|100/100\n|move|p1b: Pelipper|Hurricane|p2a: Garchomp\n|-damage|p2a: Garchomp|42/100\n|-start|p2a: Garchomp|confusion\n|move|p2b: Kingambit|Kowtow Cleave|p1a: Archaludon\n|-damage|p1a: Archaludon|47/100\n|\n|-weather|RainDance|[upkeep]\n|upkeep\n|turn|5\n|inactive|sonic1 has 30 seconds left.\n|\n|t:|1775974202\n|move|p1a: Archaludon|Electro Shot||[still]\n|-prepare|p1a: Archaludon|Electro Shot\n|-boost|p1a: Archaludon|spa|1\n|-anim|p1a: Archaludon|Electro Shot|p2b: Kingambit\n|-damage|p2b: Kingambit|26/100\n|-activate|p2a: Garchomp|confusion\n|move|p2a: Garchomp|Rock Slide|p1b: Pelipper|[spread] p1a,p1b\n|-resisted|p1a: Archaludon|1\n|-supereffective|p1b: Pelipper|1\n|-damage|p1a: Archaludon|38/100\n|-damage|p1b: Pelipper|52/100\n|move|p1b: Pelipper|Chilling Water|p2b: Kingambit\n|-damage|p2b: Kingambit|0 fnt\n|faint|p2b: Kingambit\n|\n|-weather|none\n|-sideend|p1: happidoodledoo|move: Tailwind\n|upkeep\n|\n|t:|1775974217\n|switch|p2b: Sneasler|Sneasler, L50, F|100/100\n|turn|6\n|\n|t:|1775974229\n|switch|p1a: Starmie|Starmie, L50|100/100\n|move|p2b: Sneasler|Fake Out|p1b: Pelipper\n|-damage|p1b: Pelipper|29/100\n|-end|p2a: Garchomp|confusion\n|move|p2a: Garchomp|Rock Slide|p1a: Starmie|[spread] p1b\n|-miss|p2a: Garchomp|p1a: Starmie\n|-supereffective|p1b: Pelipper|1\n|-damage|p1b: Pelipper|0 fnt\n|faint|p1b: Pelipper\n|\n|upkeep\n|\n|t:|1775974236\n|switch|p1b: Archaludon|Archaludon, L50, M|38/100\n|turn|7\n|inactive|happidoodledoo has 30 seconds left.\n|inactive|sonic1 has 30 seconds left.\n|\n|t:|1775974272\n|detailschange|p1a: Starmie|Starmie-Mega, L50\n|-mega|p1a: Starmie|Starmie|Starminite\n|move|p2b: Sneasler|Protect|p2b: Sneasler\n|-singleturn|p2b: Sneasler|Protect\n|move|p2a: Garchomp|Rock Slide|p1a: Starmie|[spread] p1a,p1b\n|-resisted|p1b: Archaludon|1\n|-damage|p1a: Starmie|74/100\n|-damage|p1b: Archaludon|30/100\n|move|p1b: Archaludon|Draco Meteor|p2b: Sneasler\n|-activate|p2b: Sneasler|move: Protect\n|move|p1a: Starmie|Liquidation|p2b: Sneasler\n|-activate|p2b: Sneasler|move: Protect\n|\n|upkeep\n|turn|8\n|inactive|happidoodledoo has 30 seconds left.\n|inactive|sonic1 has 30 seconds left.\n|inactive|happidoodledoo has 20 seconds left.\n|\n|t:|1775974313\n|move|p2a: Garchomp|Rock Slide|p1b: Archaludon|[spread] p1b\n|-miss|p2a: Garchomp|p1a: Starmie\n|-resisted|p1b: Archaludon|1\n|-damage|p1b: Archaludon|21/100\n|move|p1b: Archaludon|Draco Meteor|p2a: Garchomp\n|-supereffective|p2a: Garchomp|1\n|-damage|p2a: Garchomp|0 fnt\n|-unboost|p1b: Archaludon|spa|2\n|faint|p2a: Garchomp\n|move|p1a: Starmie|Zen Headbutt|p2b: Sneasler\n|-supereffective|p2b: Sneasler|2\n|-damage|p2b: Sneasler|0 fnt\n|faint|p2b: Sneasler\n|\n|upkeep\n|\n|t:|1775974325\n|switch|p2b: Charizard|Charizard, L50, F|100/100\n|turn|9\n|\n|t:|1775974334\n|detailschange|p2b: Charizard|Charizard-Mega-Y, L50, F\n|-mega|p2b: Charizard|Charizard|Charizardite Y\n|-weather|SunnyDay|[from] ability: Drought|[of] p2b: Charizard\n|move|p1b: Archaludon|Draco Meteor|p2b: Charizard\n|-damage|p2b: Charizard|66/100\n|-unboost|p1b: Archaludon|spa|2\n|move|p1a: Starmie|Liquidation|p2b: Charizard\n|-supereffective|p2b: Charizard|1\n|-damage|p2b: Charizard|0 fnt\n|faint|p2b: Charizard\n|\n|win|happidoodledoo\n|raw|happidoodledoo's rating: 1413 &rarr; <strong>1432</strong><br />(+19 for winning)\n|raw|sonic1's rating: 1403 &rarr; <strong>1384</strong><br />(-19 for losing)\n|l|\u2606sonic1\n|player|p2|\n|l|\u2606happidoodledoo\n|player|p1|\n|l| Crvstal_K!tty\n",
  "uploadtime": 1775974529,
  "views": 44,
  "formatid": "gen9championsvgc2026regma",
  "rating": 1384,
  "private": 0,
  "password": null
}