{
  "id": "gen9championsvgc2026regma-2586431301",
  "format": "[Gen 9 Champions] VGC 2026 Reg M-A",
  "players": [
    "Axas",
    "iliasdelm"
  ],
  "log": "|j|\u2606Axas\n|j|\u2606iliasdelm\n|t:|1776434216\n|gametype|doubles\n|player|p1|Axas|266|1389\n|player|p2|iliasdelm|gambler|1442\n|gen|9\n|tier|[Gen 9 Champions] VGC 2026 Reg M-A\n|rated|\n|rule|Species Clause: Limit one of each Pok\u00e9mon\n|rule|Item Clause: Limit 1 of each item\n|clearpoke\n|poke|p1|Froslass, L50, F|\n|poke|p1|Garchomp, L50, M|\n|poke|p1|Incineroar, L50, F|\n|poke|p1|Rotom-Wash, L50|\n|poke|p1|Empoleon, L50, M|\n|poke|p1|Sneasler, L50, M|\n|poke|p2|Heracross, L50, F|\n|poke|p2|Pelipper, L50, F|\n|poke|p2|Archaludon, L50, M|\n|poke|p2|Sneasler, L50, F|\n|poke|p2|Basculegion, L50, M|\n|poke|p2|Incineroar, L50, M|\n|teampreview|4\n|inactive|Battle timer is ON: inactive players will automatically lose when time's up. (requested by Axas)\n|\n|t:|1776434267\n|teamsize|p1|4\n|teamsize|p2|4\n|start\n|switch|p1a: Rotom|Rotom-Wash, L50|100/100\n|switch|p1b: Froslass|Froslass, L50, F|100/100\n|switch|p2a: Incineroar|Incineroar, L50, M, shiny|100/100\n|switch|p2b: Heracross|Heracross, L50, F|100/100\n|-ability|p2a: Incineroar|Intimidate|boost\n|-unboost|p1a: Rotom|atk|1\n|-unboost|p1b: Froslass|atk|1\n|turn|1\n|inactive|Axas has 30 seconds left.\n|\n|t:|1776434296\n|detailschange|p1b: Froslass|Froslass-Mega, L50, F\n|-mega|p1b: Froslass|Froslass|Froslassite\n|-weather|Snowscape|[from] ability: Snow Warning|[of] p1b: Froslass\n|detailschange|p2b: Heracross|Heracross-Mega, L50, F\n|-mega|p2b: Heracross|Heracross|Heracronite\n|move|p2a: Incineroar|Fake Out|p1a: Rotom\n|-crit|p1a: Rotom\n|-damage|p1a: Rotom|78/100\n|cant|p1a: Rotom|flinch\n|move|p1b: Froslass|Blizzard|p2b: Heracross|[spread] p2a,p2b\n|-resisted|p2a: Incineroar|1\n|-damage|p2a: Incineroar|78/100\n|-damage|p2b: Heracross|54/100\n|-status|p2b: Heracross|frz\n|cant|p2b: Heracross|frz\n|\n|-weather|Snowscape|[upkeep]\n|-heal|p2a: Incineroar|84/100|[from] item: Leftovers\n|upkeep\n|turn|2\n|\n|t:|1776434316\n|switch|p2a: Pelipper|Pelipper, L50, F|100/100\n|-weather|RainDance|[from] ability: Drizzle|[of] p2a: Pelipper\n|move|p1a: Rotom|Hydro Pump|p2a: Pelipper\n|-resisted|p2a: Pelipper|1\n|-damage|p2a: Pelipper|63/100\n|move|p1b: Froslass|Blizzard|p2b: Heracross|[spread] p2b\n|-miss|p1b: Froslass|p2a: Pelipper\n|-damage|p2b: Heracross|10/100 frz\n|cant|p2b: Heracross|frz\n|\n|-weather|RainDance|[upkeep]\n|upkeep\n|turn|3\n|inactive|Axas has 30 seconds left.\n|\n|t:|1776434348\n|switch|p1a: Sneasler|Sneasler, L50, M|100/100\n|switch|p2a: Archaludon|Archaludon, L50, M|100/100\n|move|p1b: Froslass|Shadow Ball|p2a: Archaludon\n|-damage|p2a: Archaludon|59/100\n|-ability|p2a: Archaludon|Stamina|boost\n|-boost|p2a: Archaludon|def|1\n|-curestatus|p2b: Heracross|frz|[msg]\n|move|p2b: Heracross|Rock Blast|p1b: Froslass|[miss]\n|-miss|p2b: Heracross|p1b: Froslass\n|\n|-weather|RainDance|[upkeep]\n|upkeep\n|turn|4\n|inactive|iliasdelm has 30 seconds left.\n|\n|t:|1776434377\n|move|p1b: Froslass|Shadow Ball|p2a: Archaludon\n|-damage|p2a: Archaludon|18/100\n|-ability|p2a: Archaludon|Stamina|boost\n|-boost|p2a: Archaludon|def|1\n|-enditem|p2a: Archaludon|Sitrus Berry|[eat]\n|-heal|p2a: Archaludon|43/100|[from] item: Sitrus Berry\n|move|p1a: Sneasler|Close Combat|p2a: Archaludon\n|-supereffective|p2a: Archaludon|1\n|-damage|p2a: Archaludon|0 fnt\n|-unboost|p1a: Sneasler|def|1\n|-unboost|p1a: Sneasler|spd|1\n|faint|p2a: Archaludon\n|-enditem|p1a: Sneasler|White Herb\n|-clearnegativeboost|p1a: Sneasler|[silent]\n|move|p2b: Heracross|Rock Blast|p1b: Froslass\n|-supereffective|p1b: Froslass|1\n|-damage|p1b: Froslass|61/100\n|-supereffective|p1b: Froslass|1\n|-damage|p1b: Froslass|24/100\n|-supereffective|p1b: Froslass|1\n|-damage|p1b: Froslass|0 fnt\n|faint|p1b: Froslass\n|-hitcount|p1: Froslass|3\n|\n|-weather|RainDance|[upkeep]\n|upkeep\n|\n|t:|1776434394\n|switch|p1b: Rotom|Rotom-Wash, L50|78/100\n|switch|p2a: Incineroar|Incineroar, L50, M, shiny|84/100\n|-ability|p2a: Incineroar|Intimidate|boost\n|-unboost|p1a: Sneasler|atk|1\n|-unboost|p1b: Rotom|atk|1\n|turn|5\n|\n|t:|1776434418\n|move|p2a: Incineroar|Fake Out|p1a: Sneasler\n|-damage|p1a: Sneasler|82/100\n|cant|p1a: Sneasler|flinch\n|move|p1b: Rotom|Electroweb|p2a: Incineroar|[spread] p2b\n|-miss|p1b: Rotom|p2a: Incineroar\n|-damage|p2b: Heracross|0 fnt\n|faint|p2b: Heracross\n|\n|-weather|RainDance|[upkeep]\n|-heal|p2a: Incineroar|90/100|[from] item: Leftovers\n|upkeep\n|\n|t:|1776434427\n|switch|p2b: Pelipper|Pelipper, L50, F|63/100\n|turn|6\n|-message|iliasdelm forfeited.\n|\n|win|Axas\n|raw|Axas's rating: 1389 &rarr; <strong>1412</strong><br />(+23 for winning)\n|raw|iliasdelm's rating: 1442 &rarr; <strong>1419</strong><br />(-23 for losing)\n",
  "uploadtime": 1776434431,
  "views": 42,
  "formatid": "gen9championsvgc2026regma",
  "rating": 1412,
  "private": 0,
  "password": null
}