{
  "id": "gen9championsvgc2026regma-2581691310",
  "format": "[Gen 9 Champions] VGC 2026 Reg M-A",
  "players": [
    "SunTufo",
    "Shadydraw"
  ],
  "log": "|j|\u2606SunTufo\n|j|\u2606Shadydraw\n|t:|1776021046\n|gametype|doubles\n|player|p1|SunTufo|li|1143\n|player|p2|Shadydraw|rocketgrunt|1205\n|gen|9\n|tier|[Gen 9 Champions] VGC 2026 Reg M-A\n|rated|\n|rule|Species Clause: Limit one of each Pok\u00e9mon\n|rule|Item Clause: Limit 1 of each item\n|clearpoke\n|poke|p1|Skarmory, L50, M|\n|poke|p1|Garchomp, L50, M|\n|poke|p1|Milotic, L50, F|\n|poke|p1|Rotom-Heat, L50|\n|poke|p1|Sneasler, L50, M|\n|poke|p1|Tyranitar, L50, M|\n|poke|p2|Tyranitar, L50, M|\n|poke|p2|Lycanroc-Midnight, L50, F|\n|poke|p2|Rotom-Wash, L50|\n|poke|p2|Excadrill, L50, M|\n|poke|p2|Gardevoir, L50, F|\n|poke|p2|Incineroar, L50, M|\n|teampreview|4\n|inactive|Battle timer is ON: inactive players will automatically lose when time's up. (requested by Shadydraw)\n|inactive|SunTufo also wants the timer to be on.\n|inactive|SunTufo has 60 seconds left.\n|inactive|Shadydraw has 60 seconds left.\n|\n|t:|1776021083\n|teamsize|p1|4\n|teamsize|p2|4\n|start\n|switch|p1a: Milotic|Milotic, L50, F, shiny|100/100\n|switch|p1b: Skarmory|Skarmory, L50, M, shiny|100/100\n|switch|p2a: Tyranitar|Tyranitar, L50, M|100/100\n|switch|p2b: Lycanroc|Lycanroc-Midnight, L50, F|100/100\n|-weather|Sandstorm|[from] ability: Sand Stream|[of] p2a: Tyranitar\n|turn|1\n|\n|t:|1776021098\n|detailschange|p2a: Tyranitar|Tyranitar-Mega, L50, M\n|-mega|p2a: Tyranitar|Tyranitar|Tyranitarite\n|move|p2b: Lycanroc|Rock Slide|p1b: Skarmory|[spread] p1a,p1b\n|-damage|p1a: Milotic|66/100\n|-damage|p1b: Skarmory|72/100\n|move|p1b: Skarmory|Tailwind|p1b: Skarmory\n|-sidestart|p1: SunTufo|move: Tailwind\n|cant|p1a: Milotic|flinch\n|move|p2a: Tyranitar|Rock Slide|p1a: Milotic|[spread] p1a,p1b\n|-damage|p1a: Milotic|34/100\n|-damage|p1b: Skarmory|40/100\n|-enditem|p1a: Milotic|Sitrus Berry|[eat]\n|-heal|p1a: Milotic|58/100|[from] item: Sitrus Berry\n|\n|-weather|Sandstorm|[upkeep]\n|-damage|p1a: Milotic|52/100|[from] Sandstorm\n|upkeep\n|turn|2\n|\n|t:|1776021120\n|move|p1b: Skarmory|Iron Head|p2b: Lycanroc\n|-supereffective|p2b: Lycanroc|1\n|-damage|p2b: Lycanroc|19/100\n|move|p1a: Milotic|Recover|p1a: Milotic\n|-heal|p1a: Milotic|100/100\n|move|p2b: Lycanroc|Rock Slide|p1b: Skarmory|[spread] p1a,p1b\n|-damage|p1a: Milotic|70/100\n|-damage|p1b: Skarmory|13/100\n|move|p2a: Tyranitar|Dragon Dance|p2a: Tyranitar\n|-boost|p2a: Tyranitar|atk|1\n|-boost|p2a: Tyranitar|spe|1\n|\n|-weather|Sandstorm|[upkeep]\n|-damage|p1a: Milotic|64/100|[from] Sandstorm\n|upkeep\n|turn|3\n|\n|t:|1776021136\n|detailschange|p1b: Skarmory|Skarmory-Mega, L50, M, shiny\n|-mega|p1b: Skarmory|Skarmory|Skarmorite\n|move|p1b: Skarmory|Iron Head|p2a: Tyranitar\n|-supereffective|p2a: Tyranitar|1\n|-damage|p2a: Tyranitar|49/100\n|move|p1a: Milotic|Scald|p2b: Lycanroc\n|-supereffective|p2b: Lycanroc|1\n|-damage|p2b: Lycanroc|0 fnt\n|faint|p2b: Lycanroc\n|move|p2a: Tyranitar|Rock Slide|p1a: Milotic|[spread] p1b\n|-miss|p2a: Tyranitar|p1a: Milotic\n|-damage|p1b: Skarmory|0 fnt\n|faint|p1b: Skarmory\n|\n|-weather|Sandstorm|[upkeep]\n|-damage|p1a: Milotic|58/100|[from] Sandstorm\n|upkeep\n|\n|t:|1776021148\n|switch|p1b: Sneasler|Sneasler, L50, M, shiny|100/100\n|switch|p2b: Rotom|Rotom-Wash, L50|100/100\n|turn|4\n|\n|t:|1776021165\n|move|p2a: Tyranitar|Protect|p2a: Tyranitar\n|-singleturn|p2a: Tyranitar|Protect\n|move|p1b: Sneasler|Close Combat|p2b: Rotom\n|-damage|p2b: Rotom|28/100\n|-unboost|p1b: Sneasler|def|1\n|-unboost|p1b: Sneasler|spd|1\n|move|p1a: Milotic|Recover|p1a: Milotic\n|-heal|p1a: Milotic|100/100\n|move|p2b: Rotom|Thunder Wave|p1b: Sneasler\n|-status|p1b: Sneasler|par\n|\n|-weather|Sandstorm|[upkeep]\n|-damage|p1a: Milotic|95/100|[from] Sandstorm\n|-damage|p1b: Sneasler|95/100 par|[from] Sandstorm\n|-damage|p2b: Rotom|22/100|[from] Sandstorm\n|-heal|p2b: Rotom|28/100|[from] item: Leftovers\n|-sideend|p1: SunTufo|move: Tailwind\n|upkeep\n|turn|5\n|\n|t:|1776021180\n|switch|p2a: Excadrill|Excadrill, L50, M|100/100\n|move|p1a: Milotic|Protect|p1a: Milotic\n|-singleturn|p1a: Milotic|Protect\n|move|p2b: Rotom|Hydro Pump|p1b: Sneasler\n|-damage|p1b: Sneasler|0 fnt\n|faint|p1b: Sneasler\n|\n|-weather|none\n|-heal|p2b: Rotom|34/100|[from] item: Leftovers\n|upkeep\n|\n|t:|1776021184\n|switch|p1b: Garchomp|Garchomp, L50, M, shiny|100/100\n|turn|6\n|\n|t:|1776021201\n|move|p1b: Garchomp|Protect|p1b: Garchomp\n|-singleturn|p1b: Garchomp|Protect\n|move|p2a: Excadrill|Protect|p2a: Excadrill\n|-singleturn|p2a: Excadrill|Protect\n|move|p2b: Rotom|Thunderbolt|p1a: Milotic\n|-supereffective|p1a: Milotic|1\n|-damage|p1a: Milotic|35/100\n|move|p1a: Milotic|Scald|p2a: Excadrill\n|-activate|p2a: Excadrill|move: Protect\n|\n|-heal|p2b: Rotom|39/100|[from] item: Leftovers\n|upkeep\n|turn|7\n|\n|t:|1776021217\n|move|p1a: Milotic|Protect|p1a: Milotic\n|-singleturn|p1a: Milotic|Protect\n|move|p1b: Garchomp|Earthquake|p2b: Rotom|[spread] p2a\n|-activate|p1a: Milotic|move: Protect\n|-immune|p2b: Rotom|[from] ability: Levitate\n|-supereffective|p2a: Excadrill|1\n|-damage|p2a: Excadrill|0 fnt\n|faint|p2a: Excadrill\n|move|p2b: Rotom|Thunderbolt|p1a: Milotic\n|-activate|p1a: Milotic|move: Protect\n|\n|-heal|p2b: Rotom|45/100|[from] item: Leftovers\n|upkeep\n|\n|t:|1776021220\n|switch|p2a: Tyranitar|Tyranitar-Mega, L50, M|49/100\n|-weather|Sandstorm|[from] ability: Sand Stream|[of] p2a: Tyranitar\n|turn|8\n|\n|t:|1776021230\n|move|p1b: Garchomp|Dragon Claw|p2b: Rotom\n|-damage|p2b: Rotom|0 fnt\n|faint|p2b: Rotom\n|move|p1a: Milotic|Scald|p2a: Tyranitar\n|-supereffective|p2a: Tyranitar|1\n|-damage|p2a: Tyranitar|18/100\n|move|p2a: Tyranitar|Crunch|p1b: Garchomp\n|-damage|p1b: Garchomp|53/100\n|-damage|p2a: Tyranitar|6/100|[from] ability: Rough Skin|[of] p1b: Garchomp\n|\n|-weather|Sandstorm|[upkeep]\n|-damage|p1a: Milotic|29/100|[from] Sandstorm\n|upkeep\n|turn|9\n|\n|t:|1776021237\n|move|p1a: Milotic|Protect|p1a: Milotic\n|-singleturn|p1a: Milotic|Protect\n|move|p1b: Garchomp|Earthquake|p2a: Tyranitar|[spread] p2a\n|-activate|p1a: Milotic|move: Protect\n|-supereffective|p2a: Tyranitar|1\n|-damage|p2a: Tyranitar|0 fnt\n|faint|p2a: Tyranitar\n|\n|win|SunTufo\n|raw|SunTufo's rating: 1143 &rarr; <strong>1172</strong><br />(+29 for winning)\n|raw|Shadydraw's rating: 1205 &rarr; <strong>1176</strong><br />(-29 for losing)\n",
  "uploadtime": 1776021237,
  "views": 16,
  "formatid": "gen9championsvgc2026regma",
  "rating": 1172,
  "private": 0,
  "password": null
}