{
  "id": "gen9championsvgc2026regma-2588710994",
  "format": "[Gen 9 Champions] VGC 2026 Reg M-A",
  "players": [
    "allbinno",
    "KuroiRyu1122"
  ],
  "log": "|j|\u2606allbinno\n|j|\u2606KuroiRyu1122\n|t:|1776660613\n|gametype|doubles\n|player|p1|allbinno|volkner|1199\n|player|p2|KuroiRyu1122|169|1279\n|gen|9\n|tier|[Gen 9 Champions] VGC 2026 Reg M-A\n|rated|\n|rule|Species Clause: Limit one of each Pok\u00e9mon\n|rule|Item Clause: Limit 1 of each item\n|clearpoke\n|poke|p1|Incineroar, L50, F, shiny|\n|poke|p1|Gengar, L50, F, shiny|\n|poke|p1|Politoed, L50, M, shiny|\n|poke|p1|Whimsicott, L50, M, shiny|\n|poke|p1|Farigiraf, L50, F, shiny|\n|poke|p1|Kleavor, L50, F|\n|poke|p2|Feraligatr, L50, F, shiny|\n|poke|p2|Talonflame, L50, M, shiny|\n|poke|p2|Sinistcha, L50, shiny|\n|poke|p2|Kingambit, L50, M, shiny|\n|poke|p2|Sneasler, L50, M, shiny|\n|poke|p2|Gardevoir, L50, F, shiny|\n|teampreview|4\n|inactive|Battle timer is ON: inactive players will automatically lose when time's up. (requested by KuroiRyu1122)\n|inactive|KuroiRyu1122 has 60 seconds left.\nallbinno rejected open team sheets.\n|\n|t:|1776660648\n|teamsize|p1|4\n|teamsize|p2|4\n|start\n|switch|p1a: Farigiraf|Farigiraf, L50, F, shiny|100/100\n|switch|p1b: Incineroar|Incineroar, L50, F, shiny|100/100\n|switch|p2a: Kingambit|Kingambit, L50, M, shiny|100/100\n|switch|p2b: Gardevoir|Gardevoir, L50, F, shiny|100/100\n|-ability|p2b: Gardevoir|Intimidate|Trace|[from] ability: Trace|[of] p1b: Incineroar\n|-ability|p2b: Gardevoir|Intimidate|boost\n|-unboost|p1a: Farigiraf|atk|1\n|-unboost|p1b: Incineroar|atk|1\n|-ability|p1b: Incineroar|Intimidate|boost\n|-unboost|p2a: Kingambit|atk|1\n|-ability|p2a: Kingambit|Defiant|boost\n|-boost|p2a: Kingambit|atk|2\n|-unboost|p2b: Gardevoir|atk|1\n|turn|1\n|inactive|allbinno has 30 seconds left.\n|inactive|KuroiRyu1122 has 30 seconds left.\n|\n|t:|1776660679\n|move|p1a: Farigiraf|Helping Hand|p1b: Incineroar\n|-singleturn|p1b: Incineroar|Helping Hand|[of] p1a: Farigiraf\n|move|p2a: Kingambit|Protect|p2a: Kingambit\n|-singleturn|p2a: Kingambit|Protect\n|move|p2b: Gardevoir|Hyper Voice|p1a: Farigiraf|[spread] p1a,p1b\n|-damage|p1a: Farigiraf|75/100\n|-damage|p1b: Incineroar|75/100\n|move|p1b: Incineroar|Flare Blitz|p2a: Kingambit\n|-activate|p2a: Kingambit|move: Protect\n|\n|upkeep\n|turn|2\n|\n|t:|1776660701\n|detailschange|p2b: Gardevoir|Gardevoir-Mega, L50, F, shiny\n|-mega|p2b: Gardevoir|Gardevoir|Gardevoirite\n|move|p1a: Farigiraf|Helping Hand|p1b: Incineroar\n|-singleturn|p1b: Incineroar|Helping Hand|[of] p1a: Farigiraf\n|move|p2b: Gardevoir|Hyper Voice|p1b: Incineroar|[spread] p1a,p1b\n|-damage|p1a: Farigiraf|22/100\n|-damage|p1b: Incineroar|23/100\n|-enditem|p1b: Incineroar|Sitrus Berry|[eat]\n|-heal|p1b: Incineroar|48/100|[from] item: Sitrus Berry\n|move|p1b: Incineroar|Flare Blitz|p2a: Kingambit\n|-supereffective|p2a: Kingambit|1\n|-damage|p2a: Kingambit|8/100\n|-damage|p1b: Incineroar|16/100|[from] Recoil\n|move|p2a: Kingambit|Kowtow Cleave|p1a: Farigiraf\n|-supereffective|p1a: Farigiraf|1\n|-enditem|p1a: Farigiraf|Colbur Berry|[eat]\n|-enditem|p1a: Farigiraf|Colbur Berry|[weaken]\n|-damage|p1a: Farigiraf|0 fnt\n|faint|p1a: Farigiraf\n|\n|-heal|p2a: Kingambit|14/100|[from] item: Leftovers\n|upkeep\n|\n|t:|1776660721\n|switch|p1a: Kleavor|Kleavor, L50, F|100/100\n|turn|3\n|\n|t:|1776660734\n|move|p2a: Kingambit|Sucker Punch|p1a: Kleavor\n|-damage|p1a: Kleavor|19/100\n|move|p1a: Kleavor|X-Scissor|p2a: Kingambit\n|-damage|p2a: Kingambit|0 fnt\n|faint|p2a: Kingambit\n|move|p2b: Gardevoir|Hyper Voice|p1b: Incineroar|[spread] p1a,p1b\n|-damage|p1a: Kleavor|0 fnt\n|-damage|p1b: Incineroar|0 fnt\n|faint|p1a: Kleavor\n|faint|p1b: Incineroar\n|\n|upkeep\n|\n|t:|1776660744\n|switch|p1b: Gengar|Gengar, L50, F, shiny|100/100\n|switch|p2a: Sneasler|Sneasler, L50, M, shiny|100/100\n|turn|4\n|\n|t:|1776660754\n|detailschange|p1b: Gengar|Gengar-Mega, L50, F, shiny\n|-mega|p1b: Gengar|Gengar|Gengarite\n|move|p2b: Gardevoir|Protect|p2b: Gardevoir\n|-singleturn|p2b: Gardevoir|Protect\n|move|p1b: Gengar|Shadow Ball|p2b: Gardevoir\n|-activate|p2b: Gardevoir|move: Protect\n|move|p2a: Sneasler|Dire Claw|p1b: Gengar\n|-resisted|p1b: Gengar|2\n|-damage|p1b: Gengar|84/100\n|-status|p1b: Gengar|par\n|\n|upkeep\n|turn|5\n|\n|t:|1776660767\n|move|p2a: Sneasler|Dire Claw|p1b: Gengar\n|-resisted|p1b: Gengar|2\n|-damage|p1b: Gengar|69/100 par\n|move|p2b: Gardevoir|Psychic|p1b: Gengar\n|-supereffective|p1b: Gengar|1\n|-damage|p1b: Gengar|0 fnt\n|faint|p1b: Gengar\n|\n|win|KuroiRyu1122\n|raw|allbinno's rating: 1199 &rarr; <strong>1180</strong><br />(-19 for losing)\n|raw|KuroiRyu1122's rating: 1279 &rarr; <strong>1298</strong><br />(+19 for winning)\n|l|\u2606allbinno\n|player|p1|\n",
  "uploadtime": 1776660777,
  "views": 23,
  "formatid": "gen9championsvgc2026regma",
  "rating": 1180,
  "private": 0,
  "password": null
}