{
  "id": "gen9championsvgc2026regma-2584467749",
  "format": "[Gen 9 Champions] VGC 2026 Reg M-A",
  "players": [
    "catball 1500",
    "dbpom"
  ],
  "log": "|j|\u2606catball 1500\n|j|\u2606dbpom\n|t:|1776262871\n|gametype|doubles\n|player|p1|catball 1500|roughneck|1109\n|player|p2|dbpom|lance|1117\n|gen|9\n|tier|[Gen 9 Champions] VGC 2026 Reg M-A\n|rated|\n|rule|Species Clause: Limit one of each Pok\u00e9mon\n|rule|Item Clause: Limit 1 of each item\n|clearpoke\n|poke|p1|Orthworm, L50, M|\n|poke|p1|Garchomp, L50, F|\n|poke|p1|Farigiraf, L50, F|\n|poke|p1|Sinistcha, L50|\n|poke|p1|Floette-Eternal, L50, F|\n|poke|p1|Rotom-Wash, L50|\n|poke|p2|Kangaskhan, L50, F|\n|poke|p2|Sinistcha, L50|\n|poke|p2|Tyranitar, L50, M|\n|poke|p2|Excadrill, L50, M|\n|poke|p2|Corviknight, L50, F|\n|poke|p2|Empoleon, L50, M|\n|teampreview|4\n|inactive|Battle timer is ON: inactive players will automatically lose when time's up. (requested by dbpom)\n|inactive|catball 1500 also wants the timer to be on.\n|\n|t:|1776262887\n|teamsize|p1|4\n|teamsize|p2|4\n|start\n|switch|p1a: Garchomp|Garchomp, L50, F|100/100\n|switch|p1b: Orthworm|Orthworm, L50, M|100/100\n|switch|p2a: Kangaskhan|Kangaskhan, L50, F|100/100\n|switch|p2b: Corviknight|Corviknight, L50, F|100/100\n|-ability|p2b: Corviknight|Unnerve\n|turn|1\n|\n|t:|1776262902\n|detailschange|p2a: Kangaskhan|Kangaskhan-Mega, L50, F\n|-mega|p2a: Kangaskhan|Kangaskhan|Kangaskhanite\n|move|p2a: Kangaskhan|Fake Out|p1a: Garchomp\n|-damage|p1a: Garchomp|82/100\n|-damage|p2a: Kangaskhan|88/100|[from] ability: Rough Skin|[of] p1a: Garchomp\n|-damage|p1a: Garchomp|77/100\n|-damage|p2a: Kangaskhan|76/100|[from] ability: Rough Skin|[of] p1a: Garchomp\n|-hitcount|p1a: Garchomp|2\n|cant|p1a: Garchomp|flinch\n|move|p2b: Corviknight|Tailwind|p2b: Corviknight\n|-sidestart|p2: dbpom|move: Tailwind\n|move|p1b: Orthworm|Iron Defense|p1b: Orthworm\n|-boost|p1b: Orthworm|def|2\n|\n|upkeep\n|turn|2\n|\n|t:|1776262923\n|move|p2a: Kangaskhan|Double-Edge|p1a: Garchomp\n|-damage|p1a: Garchomp|22/100\n|-damage|p2a: Kangaskhan|64/100|[from] ability: Rough Skin|[of] p1a: Garchomp\n|-damage|p1a: Garchomp|8/100\n|-damage|p2a: Kangaskhan|52/100|[from] ability: Rough Skin|[of] p1a: Garchomp\n|-hitcount|p1a: Garchomp|2\n|-damage|p2a: Kangaskhan|29/100|[from] Recoil\n|move|p2b: Corviknight|Body Press|p1b: Orthworm\n|-supereffective|p1b: Orthworm|1\n|-damage|p1b: Orthworm|82/100\n|move|p1a: Garchomp|Earthquake|p2a: Kangaskhan|[spread] p2a\n|-heal|p1b: Orthworm|100/100|[from] ability: Earth Eater|[of] p1a: Garchomp\n|-immune|p2b: Corviknight\n|-damage|p2a: Kangaskhan|0 fnt\n|faint|p2a: Kangaskhan\n|move|p1b: Orthworm|Body Press|p2b: Corviknight\n|-damage|p2b: Corviknight|66/100\n|\n|-heal|p2b: Corviknight|72/100|[from] item: Leftovers\n|upkeep\n|\n|t:|1776262930\n|switch|p2a: Empoleon|Empoleon, L50, M|100/100\n|turn|3\n|\n|t:|1776262951\n|switch|p2b: Sinistcha|Sinistcha, L50|100/100\n|move|p1a: Garchomp|Protect|p1a: Garchomp\n|-singleturn|p1a: Garchomp|Protect\n|move|p2a: Empoleon|Icy Wind|p1a: Garchomp|[spread] p1b\n|-activate|p1a: Garchomp|move: Protect\n|-resisted|p1b: Orthworm|1\n|-damage|p1b: Orthworm|90/100\n|-unboost|p1b: Orthworm|spe|1\n|move|p1b: Orthworm|Body Press|p2a: Empoleon\n|-supereffective|p2a: Empoleon|1\n|-enditem|p2a: Empoleon|Focus Sash\n|-damage|p2a: Empoleon|1/100\n|\n|upkeep\n|turn|4\n|\n|t:|1776262975\n|move|p2a: Empoleon|Protect|p2a: Empoleon\n|-singleturn|p2a: Empoleon|Protect\n|move|p2b: Sinistcha|Matcha Gotcha|p1b: Orthworm|[spread] p1a,p1b\n|-resisted|p1b: Orthworm|1\n|-crit|p1b: Orthworm\n|-damage|p1a: Garchomp|0 fnt\n|-damage|p1b: Orthworm|61/100\n|faint|p1a: Garchomp\n|move|p1b: Orthworm|Shed Tail|p1b: Orthworm\n|-start|p1b: Orthworm|Substitute|[from] move: Shed Tail\n|-damage|p1b: Orthworm|11/100\n|-enditem|p1b: Orthworm|Sitrus Berry|[eat]\n|-heal|p1b: Orthworm|35/100|[from] item: Sitrus Berry\n|\n|t:|1776262982\n|switch|p1b: Floette|Floette-Eternal, L50, F|100/100|[from] Shed Tail\n|\n|-sideend|p2: dbpom|move: Tailwind\n|upkeep\n|\n|t:|1776262989\n|switch|p1a: Rotom|Rotom-Wash, L50|100/100\n|turn|5\n|\n|t:|1776263001\n|detailschange|p1b: Floette|Floette-Mega, L50, F\n|-mega|p1b: Floette|Floette|Floettite\n|-ability|p1b: Floette|Fairy Aura\n|move|p1b: Floette|Dazzling Gleam|p2b: Sinistcha|[spread] p2a,p2b\n|-resisted|p2a: Empoleon|1\n|-damage|p2a: Empoleon|0 fnt\n|-damage|p2b: Sinistcha|52/100\n|faint|p2a: Empoleon\n|move|p1a: Rotom|Electroweb|p2b: Sinistcha\n|-resisted|p2b: Sinistcha|1\n|-damage|p2b: Sinistcha|38/100\n|-unboost|p2b: Sinistcha|spe|1\n|-enditem|p2b: Sinistcha|Sitrus Berry|[eat]\n|-heal|p2b: Sinistcha|63/100|[from] item: Sitrus Berry\n|move|p2b: Sinistcha|Matcha Gotcha|p1a: Rotom|[spread] p1a,p1b\n|-activate|p1b: Floette|move: Substitute|[damage]\n|-heal|p2b: Sinistcha|73/100|[from] drain|[of] p1b: Floette\n|-supereffective|p1a: Rotom|1\n|-damage|p1a: Rotom|46/100\n|-heal|p2b: Sinistcha|100/100|[from] drain|[of] p1a: Rotom\n|\n|-heal|p1a: Rotom|51/100|[from] item: Leftovers\n|upkeep\n|\n|t:|1776263020\n|switch|p2a: Corviknight|Corviknight, L50, F|72/100\n|-ability|p2a: Corviknight|Unnerve\n|turn|6\n|\n|t:|1776263036\n|move|p2a: Corviknight|Protect|p2a: Corviknight\n|-singleturn|p2a: Corviknight|Protect\n|move|p1b: Floette|Calm Mind|p1b: Floette\n|-boost|p1b: Floette|spa|1\n|-boost|p1b: Floette|spd|1\n|move|p1a: Rotom|Volt Switch|p2a: Corviknight\n|-activate|p2a: Corviknight|move: Protect\n|move|p2b: Sinistcha|Matcha Gotcha|p1b: Floette|[spread] p1a,p1b\n|-end|p1b: Floette|Substitute\n|-supereffective|p1a: Rotom|1\n|-damage|p1a: Rotom|0 fnt\n|faint|p1a: Rotom\n|\n|-heal|p2a: Corviknight|77/100|[from] item: Leftovers\n|upkeep\n|\n|t:|1776263040\n|switch|p1a: Orthworm|Orthworm, L50, M|35/100\n|turn|7\n|\n|t:|1776263061\n|move|p1b: Floette|Moonblast|p2b: Sinistcha\n|-damage|p2b: Sinistcha|0 fnt\n|faint|p2b: Sinistcha\n|move|p2a: Corviknight|Iron Head|p1b: Floette\n|-supereffective|p1b: Floette|1\n|-damage|p1b: Floette|54/100\n|move|p1a: Orthworm|Iron Defense|p1a: Orthworm\n|-boost|p1a: Orthworm|def|2\n|\n|-heal|p2a: Corviknight|83/100|[from] item: Leftovers\n|upkeep\n|turn|8\n|\n|t:|1776263075\n|move|p1b: Floette|Protect|p1b: Floette\n|-singleturn|p1b: Floette|Protect\n|move|p2a: Corviknight|Iron Head|p1b: Floette\n|-activate|p1b: Floette|move: Protect\n|move|p1a: Orthworm|Body Press|p2a: Corviknight\n|-damage|p2a: Corviknight|44/100\n|\n|-heal|p2a: Corviknight|50/100|[from] item: Leftovers\n|upkeep\n|turn|9\n|inactive|dbpom has 30 seconds left.\n|inactive|dbpom has 20 seconds left.\n|inactive|dbpom has 15 seconds left.\n|inactive|dbpom has 10 seconds left.\n|\n|t:|1776263121\n|move|p1b: Floette|Moonblast|p2a: Corviknight\n|-resisted|p2a: Corviknight|1\n|-damage|p2a: Corviknight|0 fnt\n|faint|p2a: Corviknight\n|\n|win|catball 1500\n|raw|catball 1500's rating: 1109 &rarr; <strong>1135</strong><br />(+26 for winning)\n|raw|dbpom's rating: 1117 &rarr; <strong>1091</strong><br />(-26 for losing)\n|l|\u2606dbpom\n|player|p2|\n",
  "uploadtime": 1776263128,
  "views": 34,
  "formatid": "gen9championsvgc2026regma",
  "rating": 1091,
  "private": 0,
  "password": null
}