{
  "id": "gen9championsvgc2026regma-2582478759",
  "format": "[Gen 9 Champions] VGC 2026 Reg M-A",
  "players": [
    "6ttcdd6",
    "sknowing"
  ],
  "log": "|j|\u26066ttcdd6\n|j|\u203dsknowing\n|t:|1776094305\n|gametype|doubles\n|player|p1|6ttcdd6|102|1164\n|player|p2|sknowing|n|1162\n|gen|9\n|tier|[Gen 9 Champions] VGC 2026 Reg M-A\n|rated|\n|rule|Species Clause: Limit one of each Pok\u00e9mon\n|rule|Item Clause: Limit 1 of each item\n|clearpoke\n|poke|p1|Starmie, L50|\n|poke|p1|Sinistcha, L50|\n|poke|p1|Dragonite, L50, M|\n|poke|p1|Sneasler, L50, M|\n|poke|p1|Kingambit, L50, F|\n|poke|p1|Pelipper, L50, M|\n|poke|p2|Dragonite, L50, M|\n|poke|p2|Pelipper, L50, M|\n|poke|p2|Archaludon, L50, M|\n|poke|p2|Sneasler, L50, F|\n|poke|p2|Basculegion, L50, M|\n|poke|p2|Incineroar, L50, F|\n|teampreview|4\n|inactive|Battle timer is ON: inactive players will automatically lose when time's up. (requested by 6ttcdd6)\n|\n|t:|1776094336\n|teamsize|p1|4\n|teamsize|p2|4\n|start\n|switch|p1a: Starmie|Starmie, L50|100/100\n|switch|p1b: Sneasler|Sneasler, L50, M|100/100\n|switch|p2a: Incineroar|Incineroar, L50, F|100/100\n|switch|p2b: Archaludon|Archaludon, L50, M|100/100\n|-ability|p2a: Incineroar|Intimidate|boost\n|-unboost|p1a: Starmie|atk|1\n|-unboost|p1b: Sneasler|atk|1\n|turn|1\n|\n|t:|1776094354\n|switch|p2a: Pelipper|Pelipper, L50, M, shiny|100/100\n|-weather|RainDance|[from] ability: Drizzle|[of] p2a: Pelipper\n|move|p1a: Starmie|Protect|p1a: Starmie\n|-singleturn|p1a: Starmie|Protect\n|move|p1b: Sneasler|Fake Out|p2a: Pelipper\n|-damage|p2a: Pelipper|87/100\n|move|p2b: Archaludon|Electro Shot||[still]\n|-prepare|p2b: Archaludon|Electro Shot\n|-boost|p2b: Archaludon|spa|1\n|-anim|p2b: Archaludon|Electro Shot|p1a: Starmie\n|-activate|p1a: Starmie|move: Protect\n|\n|-weather|RainDance|[upkeep]\n|upkeep\n|turn|2\n|inactive|sknowing has 30 seconds left.\n|\n|t:|1776094380\n|switch|p1a: Kingambit|Kingambit, L50, F|100/100\n|move|p1b: Sneasler|Close Combat|p2b: Archaludon\n|-supereffective|p2b: Archaludon|1\n|-enditem|p2b: Archaludon|Chople Berry|[eat]\n|-enditem|p2b: Archaludon|Chople Berry|[weaken]\n|-damage|p2b: Archaludon|72/100\n|-unboost|p1b: Sneasler|def|1\n|-unboost|p1b: Sneasler|spd|1\n|-ability|p2b: Archaludon|Stamina|boost\n|-boost|p2b: Archaludon|def|1\n|move|p2a: Pelipper|Hurricane|p1b: Sneasler\n|-supereffective|p1b: Sneasler|1\n|-enditem|p1b: Sneasler|Focus Sash\n|-damage|p1b: Sneasler|1/100\n|move|p2b: Archaludon|Aura Sphere|p1a: Kingambit\n|-supereffective|p1a: Kingambit|2\n|-enditem|p1a: Kingambit|Chople Berry|[eat]\n|-enditem|p1a: Kingambit|Chople Berry|[weaken]\n|-damage|p1a: Kingambit|22/100\n|\n|-weather|RainDance|[upkeep]\n|upkeep\n|turn|3\n|inactive|sknowing has 30 seconds left.\n|\n|t:|1776094408\n|move|p1a: Kingambit|Protect|p1a: Kingambit\n|-singleturn|p1a: Kingambit|Protect\n|move|p1b: Sneasler|Close Combat|p2b: Archaludon\n|-supereffective|p2b: Archaludon|1\n|-damage|p2b: Archaludon|34/100\n|-unboost|p1b: Sneasler|def|1\n|-unboost|p1b: Sneasler|spd|1\n|-ability|p2b: Archaludon|Stamina|boost\n|-boost|p2b: Archaludon|def|1\n|move|p2a: Pelipper|Tailwind|p2a: Pelipper\n|-sidestart|p2: sknowing|move: Tailwind\n|move|p2b: Archaludon|Aura Sphere|p1b: Sneasler\n|-resisted|p1b: Sneasler|1\n|-damage|p1b: Sneasler|0 fnt\n|faint|p1b: Sneasler\n|\n|-weather|RainDance|[upkeep]\n|upkeep\n|\n|t:|1776094423\n|switch|p1b: Dragonite|Dragonite, L50, M|100/100\n|turn|4\n|\n|t:|1776094439\n|detailschange|p1b: Dragonite|Dragonite-Mega, L50, M\n|-mega|p1b: Dragonite|Dragonite|Dragoninite\n|move|p1a: Kingambit|Sucker Punch|p2a: Pelipper\n|-damage|p2a: Pelipper|38/100\n|move|p2a: Pelipper|Ice Beam|p1b: Dragonite\n|-supereffective|p1b: Dragonite|2\n|-damage|p1b: Dragonite|59/100\n|move|p2b: Archaludon|Aura Sphere|p1a: Kingambit\n|-supereffective|p1a: Kingambit|2\n|-damage|p1a: Kingambit|0 fnt\n|faint|p1a: Kingambit\n|move|p1b: Dragonite|Tailwind|p1b: Dragonite\n|-sidestart|p1: 6ttcdd6|move: Tailwind\n|\n|-weather|RainDance|[upkeep]\n|upkeep\n|\n|t:|1776094449\n|switch|p1a: Starmie|Starmie, L50|100/100\n|turn|5\n|inactive|sknowing has 30 seconds left.\n|\n|t:|1776094481\n|switch|p2a: Incineroar|Incineroar, L50, F|100/100\n|-ability|p2a: Incineroar|Intimidate|boost\n|-unboost|p1a: Starmie|atk|1\n|-unboost|p1b: Dragonite|atk|1\n|move|p1a: Starmie|Psycho Cut|p2a: Incineroar\n|-immune|p2a: Incineroar\n|move|p1b: Dragonite|Dragon Pulse|p2b: Archaludon\n|-damage|p2b: Archaludon|0 fnt\n|faint|p2b: Archaludon\n|\n|-weather|none\n|upkeep\n|\n|t:|1776094491\n|switch|p2b: Dragonite|Dragonite, L50, M, shiny|100/100\n|turn|6\n|\n|t:|1776094503\n|detailschange|p2b: Dragonite|Dragonite-Mega, L50, M, shiny\n|-mega|p2b: Dragonite|Dragonite|Dragoninite\n|move|p1a: Starmie|Protect|p1a: Starmie\n|-singleturn|p1a: Starmie|Protect\n|move|p1b: Dragonite|Protect|p1b: Dragonite\n|-singleturn|p1b: Dragonite|Protect\n|move|p2a: Incineroar|Fake Out|p1b: Dragonite\n|-activate|p1b: Dragonite|move: Protect\n|move|p2b: Dragonite|Draco Meteor|p1a: Starmie\n|-activate|p1a: Starmie|move: Protect\n|\n|-sideend|p2: sknowing|move: Tailwind\n|upkeep\n|turn|7\n|l|\u26066ttcdd6\n|inactive|6ttcdd6 disconnected and has a minute to reconnect!\n|player|p1|\n|j|\u26066ttcdd6\n|inactive|6ttcdd6 reconnected and has 35 seconds left.\n|player|p1|6ttcdd6|102|\n|inactive|6ttcdd6 has 30 seconds left.\n|\n|t:|1776094530\n|move|p2b: Dragonite|Protect|p2b: Dragonite\n|-singleturn|p2b: Dragonite|Protect\n|move|p1a: Starmie|Aqua Jet|p2b: Dragonite\n|-activate|p2b: Dragonite|move: Protect\n|move|p1b: Dragonite|Dragon Pulse|p2b: Dragonite\n|-activate|p2b: Dragonite|move: Protect\n|move|p2a: Incineroar|Parting Shot|p1b: Dragonite\n|-unboost|p1b: Dragonite|atk|1\n|-unboost|p1b: Dragonite|spa|1\n|\n|t:|1776094538\n|switch|p2a: Pelipper|Pelipper, L50, M, shiny|38/100|[from] Parting Shot\n|-weather|RainDance|[from] ability: Drizzle|[of] p2a: Pelipper\n|\n|-weather|RainDance|[upkeep]\n|-sideend|p1: 6ttcdd6|move: Tailwind\n|upkeep\n|turn|8\n|\n|t:|1776094547\n|move|p1a: Starmie|Aqua Jet|p2b: Dragonite\n|-resisted|p2b: Dragonite|1\n|-damage|p2b: Dragonite|97/100\n|move|p2b: Dragonite|Draco Meteor|p1b: Dragonite\n|-supereffective|p1b: Dragonite|1\n|-damage|p1b: Dragonite|0 fnt\n|-unboost|p2b: Dragonite|spa|2\n|faint|p1b: Dragonite\n|move|p2a: Pelipper|Ice Beam|p1a: Starmie\n|-resisted|p1a: Starmie|1\n|-damage|p1a: Starmie|82/100\n|\n|-weather|RainDance|[upkeep]\n|upkeep\n|turn|9\n|\n|t:|1776094558\n|move|p2b: Dragonite|Protect|p2b: Dragonite\n|-singleturn|p2b: Dragonite|Protect\n|move|p1a: Starmie|Psycho Cut|p2b: Dragonite\n|-activate|p2b: Dragonite|move: Protect\n|move|p2a: Pelipper|Hurricane|p1a: Starmie\n|-damage|p1a: Starmie|17/100\n|\n|-weather|RainDance|[upkeep]\n|upkeep\n|turn|10\n|-message|6ttcdd6 forfeited.\n|\n|win|sknowing\n|raw|6ttcdd6's rating: 1164 &rarr; <strong>1139</strong><br />(-25 for losing)\n|raw|sknowing's rating: 1162 &rarr; <strong>1187</strong><br />(+25 for winning)\n|l|\u26066ttcdd6\n|player|p1|\n",
  "uploadtime": 1776094567,
  "views": 20,
  "formatid": "gen9championsvgc2026regma",
  "rating": 1139,
  "private": 0,
  "password": null
}