{
  "id": "gen9championsvgc2026regma-2583936701",
  "format": "[Gen 9 Champions] VGC 2026 Reg M-A",
  "players": [
    "red_277353",
    "dude stop it"
  ],
  "log": "|j|\u2606red_277353\n|j|\u2606dude stop it\n|t:|1776209841\n|gametype|doubles\n|player|p1|red_277353|2|1157\n|player|p2|dude stop it|miku-ground|1191\n|gen|9\n|tier|[Gen 9 Champions] VGC 2026 Reg M-A\n|rated|\n|rule|Species Clause: Limit one of each Pok\u00e9mon\n|rule|Item Clause: Limit 1 of each item\n|clearpoke\n|poke|p1|Pelipper, L50, M|\n|poke|p1|Sableye, L50, F|\n|poke|p1|Kingambit, L50, M|\n|poke|p1|Meowscarada, L50, F|\n|poke|p1|Aggron, L50, M|\n|poke|p1|Milotic, L50, F|\n|poke|p2|Tyranitar, L50, F|\n|poke|p2|Lycanroc, L50, M|\n|poke|p2|Skarmory, L50, M|\n|poke|p2|Garchomp, L50, M|\n|poke|p2|Whimsicott, L50, F|\n|poke|p2|Gengar, L50, M|\n|teampreview|4\n|\n|t:|1776209902\n|teamsize|p1|4\n|teamsize|p2|4\n|start\n|switch|p1a: Jormugandr|Milotic, L50, F, shiny|100/100\n|switch|p1b: Hidden Gem?!|Sableye, L50, F|100/100\n|switch|p2a: Lycanroc|Lycanroc, L50, M|100/100\n|switch|p2b: Gengar|Gengar, L50, M|100/100\n|turn|1\n|c|\u2606dude stop it|oh hypnosis\n|\n|t:|1776209950\n|move|p1b: Hidden Gem?!|Reflect|p1b: Hidden Gem?!\n|-sidestart|p1: red_277353|Reflect\n|move|p2a: Lycanroc|Rock Slide|p1b: Hidden Gem?!|[spread] p1a,p1b\n|-damage|p1a: Jormugandr|81/100\n|-damage|p1b: Hidden Gem?!|76/100\n|move|p2b: Gengar|Sludge Bomb|p1a: Jormugandr\n|-damage|p1a: Jormugandr|51/100\n|cant|p1a: Jormugandr|flinch\n|\n|-heal|p1a: Jormugandr|57/100|[from] item: Leftovers\n|upkeep\n|turn|2\n|c|\u2606dude stop it|or not idk\n|c|\u2606red_277353|u aint ever seen screens sableye till today\n|\n|t:|1776210002\n|move|p1b: Hidden Gem?!|Light Screen|p1b: Hidden Gem?!\n|-sidestart|p1: red_277353|move: Light Screen\n|move|p2a: Lycanroc|Rock Slide|p1a: Jormugandr|[spread] p1b\n|-miss|p2a: Lycanroc|p1a: Jormugandr\n|-crit|p1b: Hidden Gem?!\n|-damage|p1b: Hidden Gem?!|24/100\n|move|p2b: Gengar|Sludge Bomb|p1a: Jormugandr\n|-damage|p1a: Jormugandr|37/100\n|move|p1a: Jormugandr|Scald|p2a: Lycanroc\n|-supereffective|p2a: Lycanroc|1\n|-enditem|p2a: Lycanroc|Focus Sash\n|-damage|p2a: Lycanroc|1/100\n|\n|-heal|p1a: Jormugandr|43/100|[from] item: Leftovers\n|upkeep\n|turn|3\n|c|\u2606dude stop it|lmao points for creativity\n|\n|t:|1776210029\n|switch|p2b: Skarmory|Skarmory, L50, M|100/100\n|move|p1a: Jormugandr|Protect|p1a: Jormugandr\n|-singleturn|p1a: Jormugandr|Protect\n|move|p2a: Lycanroc|Howl|p2a: Lycanroc|[spread] p2a,p2b\n|-boost|p2a: Lycanroc|atk|1\n|-boost|p2b: Skarmory|atk|1\n|move|p1b: Hidden Gem?!|Foul Play|p2a: Lycanroc\n|-damage|p2a: Lycanroc|0 fnt\n|faint|p2a: Lycanroc\n|\n|-heal|p1a: Jormugandr|49/100|[from] item: Leftovers\n|upkeep\n|c|\u2606red_277353|mega skarmory?\n|c|\u2606red_277353|dem\n|c|\u2606red_277353|how many mega stones u even got in that team\n|\n|t:|1776210063\n|switch|p2a: Tyranitar|Tyranitar, L50, F|100/100\n|-weather|Sandstorm|[from] ability: Sand Stream|[of] p2a: Tyranitar\n|turn|4\n|c|\u2606red_277353|could js be anyone\n|\n|t:|1776210077\n|detailschange|p2b: Skarmory|Skarmory-Mega, L50, M\n|-mega|p2b: Skarmory|Skarmory|Skarmorite\n|move|p2b: Skarmory|Brave Bird|p1a: Jormugandr\n|-damage|p1a: Jormugandr|0 fnt\n|faint|p1a: Jormugandr\n|-damage|p2b: Skarmory|78/100|[from] Recoil\n|move|p2a: Tyranitar|Rock Slide|p1b: Hidden Gem?!\n|-damage|p1b: Hidden Gem?!|0 fnt\n|faint|p1b: Hidden Gem?!\n|\n|-weather|Sandstorm|[upkeep]\n|upkeep\n|\n|t:|1776210087\n|switch|p1a: DA BIGGEST BIRD|Pelipper, L50, M|100/100\n|switch|p1b: THE WALL|Aggron, L50, M|100/100\n|-weather|RainDance|[from] ability: Drizzle|[of] p1a: DA BIGGEST BIRD\n|turn|5\n|\n|t:|1776210102\n|switch|p2a: Gengar|Gengar, L50, M|100/100\n|detailschange|p1b: THE WALL|Aggron-Mega, L50, M\n|-mega|p1b: THE WALL|Aggron|Aggronite\n|move|p2b: Skarmory|Drill Run|p1b: THE WALL\n|-supereffective|p1b: THE WALL|1\n|-crit|p1b: THE WALL\n|-damage|p1b: THE WALL|56/100\n|move|p1a: DA BIGGEST BIRD|Muddy Water|p2a: Gengar|[spread] p2a,p2b\n|-damage|p2a: Gengar|37/100\n|-damage|p2b: Skarmory|24/100\n|-unboost|p2a: Gengar|accuracy|1\n|move|p1b: THE WALL|Iron Defense|p1b: THE WALL\n|-boost|p1b: THE WALL|def|2\n|\n|-weather|RainDance|[upkeep]\n|-sideend|p1: red_277353|Reflect\n|upkeep\n|turn|6\n|\n|t:|1776210128\n|move|p1b: THE WALL|Protect|p1b: THE WALL\n|-singleturn|p1b: THE WALL|Protect\n|move|p2b: Skarmory|Brave Bird|p1a: DA BIGGEST BIRD\n|-enditem|p1a: DA BIGGEST BIRD|Focus Sash\n|-damage|p1a: DA BIGGEST BIRD|1/100\n|-damage|p2b: Skarmory|0 fnt|[from] Recoil\n|faint|p2b: Skarmory\n|move|p2a: Gengar|Shadow Ball|p1b: THE WALL\n|-activate|p1b: THE WALL|move: Protect\n|move|p1a: DA BIGGEST BIRD|Muddy Water|p2a: Gengar|[miss]\n|-miss|p1a: DA BIGGEST BIRD|p2a: Gengar\n|\n|-weather|RainDance|[upkeep]\n|-sideend|p1: red_277353|move: Light Screen\n|upkeep\n|\n|t:|1776210134\n|switch|p2b: Tyranitar|Tyranitar, L50, F|100/100\n|-weather|Sandstorm|[from] ability: Sand Stream|[of] p2b: Tyranitar\n|turn|7\n|c|\u2606red_277353|wow\n|c|\u2606red_277353|that miss got me fked up\n|c|\u2606red_277353|ggs\n|\n|t:|1776210160\n|move|p2b: Tyranitar|Protect|p2b: Tyranitar\n|-singleturn|p2b: Tyranitar|Protect\n|move|p2a: Gengar|Shadow Ball|p1b: THE WALL\n|-damage|p1b: THE WALL|19/100\n|move|p1a: DA BIGGEST BIRD|Muddy Water|p2b: Tyranitar|[spread] p2a\n|-activate|p2b: Tyranitar|move: Protect\n|-damage|p2a: Gengar|0 fnt\n|faint|p2a: Gengar\n|move|p1b: THE WALL|Heavy Slam|p2b: Tyranitar\n|-activate|p2b: Tyranitar|move: Protect\n|\n|-weather|Sandstorm|[upkeep]\n|-damage|p1a: DA BIGGEST BIRD|0 fnt|[from] Sandstorm\n|faint|p1a: DA BIGGEST BIRD\n|upkeep\n|turn|8\n|\n|t:|1776210178\n|move|p2b: Tyranitar|Low Kick|p1b: THE WALL\n|-supereffective|p1b: THE WALL|1\n|-damage|p1b: THE WALL|2/100\n|move|p1b: THE WALL|Body Press|p2b: Tyranitar\n|-supereffective|p2b: Tyranitar|2\n|-enditem|p2b: Tyranitar|Chople Berry|[eat]\n|-enditem|p2b: Tyranitar|Chople Berry|[weaken]\n|-damage|p2b: Tyranitar|0 fnt\n|faint|p2b: Tyranitar\n|\n|win|red_277353\n|raw|red_277353's rating: 1157 &rarr; <strong>1184</strong><br />(+27 for winning)\n|raw|dude stop it's rating: 1191 &rarr; <strong>1164</strong><br />(-27 for losing)\n|c|\u2606dude stop it|dang\n|c|\u2606red_277353|THE WALLLLLLLLLLLLLLLLLL\n|c|\u2606red_277353|OH MY DAYSS\n|c|\u2606red_277353|ggs\n|c|\u2606dude stop it|ggs\n",
  "uploadtime": 1776210204,
  "views": 19,
  "formatid": "gen9championsvgc2026regma",
  "rating": 1164,
  "private": 0,
  "password": null
}