{
  "id": "gen9championsvgc2026regma-2584077415",
  "format": "[Gen 9 Champions] VGC 2026 Reg M-A",
  "players": [
    "tititoto",
    "LovelyLizardLad"
  ],
  "log": "|j|\u2606tititoto\n|j|\u2606LovelyLizardLad\n|t:|1776222824\n|gametype|doubles\n|player|p1|tititoto|policeman-gen4|1000\n|player|p2|LovelyLizardLad|red|1040\n|gen|9\n|tier|[Gen 9 Champions] VGC 2026 Reg M-A\n|rated|\n|rule|Species Clause: Limit one of each Pok\u00e9mon\n|rule|Item Clause: Limit 1 of each item\n|clearpoke\n|poke|p1|Lucario, L50, M|\n|poke|p1|Lycanroc-Dusk, L50, F|\n|poke|p1|Corviknight, L50, M|\n|poke|p1|Goodra, L50, F|\n|poke|p1|Decidueye-Hisui, L50, M|\n|poke|p1|Drampa, L50, M|\n|poke|p2|Delphox, L50, F|\n|poke|p2|Basculegion, L50, M|\n|poke|p2|Clefable, L50, M|\n|poke|p2|Kingambit, L50, F|\n|poke|p2|Sneasler, L50, F|\n|poke|p2|Heliolisk, L50, M|\n|teampreview|4\n|inactive|Battle timer is ON: inactive players will automatically lose when time's up. (requested by LovelyLizardLad)\n|\n|t:|1776222842\n|teamsize|p1|4\n|teamsize|p2|4\n|start\n|switch|p1a: Drampa|Drampa, L50, M|100/100\n|switch|p1b: Goodra|Goodra, L50, F|100/100\n|switch|p2a: Delphox|Delphox, L50, F|100/100\n|switch|p2b: Clefable|Clefable, L50, M|100/100\n|-ability|p1a: Drampa|Cloud Nine\n|turn|1\n|\n|t:|1776222860\n|detailschange|p2a: Delphox|Delphox-Mega, L50, F\n|-mega|p2a: Delphox|Delphox|Delphoxite\n|detailschange|p1a: Drampa|Drampa-Mega, L50, M\n|-mega|p1a: Drampa|Drampa|Drampanite\n|move|p2a: Delphox|Psychic|p1a: Drampa\n|-damage|p1a: Drampa|50/100\n|-ability|p1a: Drampa|Berserk|boost\n|-boost|p1a: Drampa|spa|1\n|move|p1b: Goodra|Sludge Wave|p2a: Delphox|[spread] p1a,p2a,p2b\n|-supereffective|p2b: Clefable|1\n|-damage|p1a: Drampa|28/100\n|-damage|p2a: Delphox|81/100\n|-damage|p2b: Clefable|62/100\n|-status|p2b: Clefable|psn\n|move|p2b: Clefable|Moonblast|p1a: Drampa\n|-supereffective|p1a: Drampa|1\n|-damage|p1a: Drampa|0 fnt\n|faint|p1a: Drampa\n|\n|-damage|p2b: Clefable|50/100 psn|[from] psn\n|upkeep\n|-enditem|p2b: Clefable|Sitrus Berry|[eat]\n|-heal|p2b: Clefable|74/100 psn|[from] item: Sitrus Berry\n|\n|t:|1776222881\n|switch|p1a: Lycanroc|Lycanroc-Dusk, L50, F|100/100\n|turn|2\n|\n|t:|1776222896\n|move|p1a: Lycanroc|Accelerock|p2a: Delphox\n|-supereffective|p2a: Delphox|1\n|-damage|p2a: Delphox|20/100\n|move|p2a: Delphox|Psychic|p1b: Goodra\n|-damage|p1b: Goodra|62/100\n|move|p1b: Goodra|Sludge Wave|p2a: Delphox|[spread] p1a,p2a,p2b\n|-resisted|p1a: Lycanroc|1\n|-supereffective|p2b: Clefable|1\n|-damage|p1a: Lycanroc|85/100\n|-damage|p2a: Delphox|0 fnt\n|-damage|p2b: Clefable|35/100 psn\n|faint|p2a: Delphox\n|move|p2b: Clefable|Moonblast|p1b: Goodra\n|-supereffective|p1b: Goodra|1\n|-damage|p1b: Goodra|19/100\n|\n|-heal|p1a: Lycanroc|91/100|[from] item: Leftovers\n|-damage|p2b: Clefable|22/100 psn|[from] psn\n|upkeep\n|\n|t:|1776222906\n|switch|p2a: Basculegion|Basculegion, L50, M|100/100\n|turn|3\n|\n|t:|1776222930\n|switch|p1b: Lucario|Lucario, L50, M|100/100\n|move|p2b: Clefable|Follow Me|p2b: Clefable\n|-singleturn|p2b: Clefable|move: Follow Me\n|move|p2a: Basculegion|Last Respects|p1b: Lucario\n|-damage|p1b: Lucario|10/100\n|move|p1a: Lycanroc|Iron Head|p2b: Clefable\n|-supereffective|p2b: Clefable|1\n|-damage|p2b: Clefable|0 fnt\n|faint|p2b: Clefable\n|\n|-heal|p1a: Lycanroc|97/100|[from] item: Leftovers\n|upkeep\n|\n|t:|1776222939\n|switch|p2b: Heliolisk|Heliolisk, L50, M|100/100\n|turn|4\n|inactive|tititoto has 30 seconds left.\n|\n|t:|1776222972\n|move|p2a: Basculegion|Last Respects|p1a: Lycanroc\n|-damage|p1a: Lycanroc|0 fnt\n|faint|p1a: Lycanroc\n|move|p2b: Heliolisk|Thunderbolt|p1b: Lucario\n|-damage|p1b: Lucario|0 fnt\n|faint|p1b: Lucario\n|\n|upkeep\n|\n|t:|1776222983\n|switch|p1a: Goodra|Goodra, L50, F|19/100\n|turn|5\n|\n|t:|1776222991\n|move|p2a: Basculegion|Last Respects|p1a: Goodra\n|-damage|p1a: Goodra|0 fnt\n|faint|p1a: Goodra\n|\n|win|LovelyLizardLad\n|raw|tititoto's rating: 1000 &rarr; <strong>1000</strong><br />(+0 for losing)\n|raw|LovelyLizardLad's rating: 1040 &rarr; <strong>1070</strong><br />(+30 for winning)\n",
  "uploadtime": 1776222995,
  "views": 15,
  "formatid": "gen9championsvgc2026regma",
  "rating": 1000,
  "private": 0,
  "password": null
}