{
  "id": "gen9championsvgc2026regma-2588192923",
  "format": "[Gen 9 Champions] VGC 2026 Reg M-A",
  "players": [
    "grapplebeam",
    "buh cat vgc"
  ],
  "log": "|j|\u2606grapplebeam\n|j|\u2606buh cat vgc\n|t:|1776613161\n|gametype|doubles\n|player|p1|grapplebeam|riley|1561\n|player|p2|buh cat vgc|102|1503\n|gen|9\n|tier|[Gen 9 Champions] VGC 2026 Reg M-A\n|rated|\n|rule|Species Clause: Limit one of each Pok\u00e9mon\n|rule|Item Clause: Limit 1 of each item\n|clearpoke\n|poke|p1|Sinistcha, L50|\n|poke|p1|Manectric, L50, M|\n|poke|p1|Archaludon, L50, M|\n|poke|p1|Politoed, L50, M|\n|poke|p1|Incineroar, L50, M|\n|poke|p1|Scizor, L50, M|\n|poke|p2|Floette-Eternal, L50, F|\n|poke|p2|Talonflame, L50, M|\n|poke|p2|Basculegion, L50, M|\n|poke|p2|Garchomp, L50, M|\n|poke|p2|Incineroar, L50, M|\n|poke|p2|Maushold, L50|\n|teampreview|4\n|\n|t:|1776613202\n|teamsize|p1|4\n|teamsize|p2|4\n|start\n|switch|p1a: Manectric|Manectric, L50, M|100/100\n|switch|p1b: Archaludon|Archaludon, L50, M|100/100\n|switch|p2a: Maushold|Maushold, L50|100/100\n|switch|p2b: Floette|Floette-Eternal, L50, F|100/100\n|turn|1\n|inactive|Battle timer is ON: inactive players will automatically lose when time's up. (requested by grapplebeam)\n|inactive|grapplebeam has 60 seconds left.\n|\n|t:|1776613244\n|switch|p1b: Incineroar|Incineroar, L50, M|100/100\n|-ability|p1b: Incineroar|Intimidate|boost\n|-unboost|p2a: Maushold|atk|1\n|-unboost|p2b: Floette|atk|1\n|detailschange|p1a: Manectric|Manectric-Mega, L50, M\n|-mega|p1a: Manectric|Manectric|Manectite\n|-ability|p1a: Manectric|Intimidate|boost\n|-unboost|p2a: Maushold|atk|1\n|-unboost|p2b: Floette|atk|1\n|detailschange|p2b: Floette|Floette-Mega, L50, F\n|-mega|p2b: Floette|Floette|Floettite\n|-ability|p2b: Floette|Fairy Aura\n|move|p2a: Maushold|Helping Hand|p2b: Floette\n|-singleturn|p2b: Floette|Helping Hand|[of] p2a: Maushold\n|move|p1a: Manectric|Snarl|p2a: Maushold|[spread] p2a,p2b\n|-resisted|p2b: Floette|1\n|-damage|p2a: Maushold|85/100\n|-damage|p2b: Floette|97/100\n|-unboost|p2a: Maushold|spa|1\n|-unboost|p2b: Floette|spa|1\n|move|p2b: Floette|Moonblast|p1b: Incineroar\n|-damage|p1b: Incineroar|28/100\n|\n|upkeep\n|turn|2\n|\n|t:|1776613265\n|move|p1b: Incineroar|Fake Out|p2a: Maushold\n|-damage|p2a: Maushold|70/100\n|move|p1a: Manectric|Light Screen|p1a: Manectric\n|-sidestart|p1: grapplebeam|move: Light Screen\n|cant|p2a: Maushold|flinch\n|move|p2b: Floette|Dazzling Gleam|p1b: Incineroar|[spread] p1a,p1b\n|-damage|p1a: Manectric|73/100\n|-damage|p1b: Incineroar|10/100\n|\n|upkeep\n|turn|3\n|inactive|grapplebeam has 30 seconds left.\n|\n|t:|1776613293\n|switch|p2b: Incineroar|Incineroar, L50, M|100/100\n|-ability|p2b: Incineroar|Intimidate|boost\n|-unboost|p1a: Manectric|atk|1\n|-unboost|p1b: Incineroar|atk|1\n|move|p1a: Manectric|Volt Switch|p2a: Maushold\n|-damage|p2a: Maushold|28/100\n|\n|t:|1776613302\n|switch|p1a: Politoed|Politoed, L50, M|100/100|[from] Volt Switch\n|-weather|RainDance|[from] ability: Drizzle|[of] p1a: Politoed\n|move|p2a: Maushold|Super Fang|p1a: Politoed\n|-damage|p1a: Politoed|50/100\n|-enditem|p1a: Politoed|Sitrus Berry|[eat]\n|-heal|p1a: Politoed|75/100|[from] item: Sitrus Berry\n|move|p1b: Incineroar|Flare Blitz|p2a: Maushold\n|-damage|p2a: Maushold|9/100\n|-status|p2a: Maushold|brn\n|-damage|p1b: Incineroar|4/100|[from] Recoil\n|\n|-weather|RainDance|[upkeep]\n|-damage|p2a: Maushold|3/100 brn|[from] brn\n|upkeep\n|turn|4\n|inactive|buh cat vgc has 30 seconds left.\n|\n|t:|1776613331\n|switch|p2a: Floette|Floette-Mega, L50, F|97/100\n|-ability|p2a: Floette|Fairy Aura\n|move|p1a: Politoed|Protect|p1a: Politoed\n|-singleturn|p1a: Politoed|Protect\n|move|p2b: Incineroar|Fake Out|p1a: Politoed\n|-activate|p1a: Politoed|move: Protect\n|move|p1b: Incineroar|Parting Shot|p2b: Incineroar\n|-unboost|p2b: Incineroar|atk|1\n|-unboost|p2b: Incineroar|spa|1\n|\n|t:|1776613344\n|switch|p1b: Archaludon|Archaludon, L50, M|100/100|[from] Parting Shot\n|\n|-weather|RainDance|[upkeep]\n|upkeep\n|turn|5\n|\n|t:|1776613368\n|move|p2a: Floette|Protect|p2a: Floette\n|-singleturn|p2a: Floette|Protect\n|move|p1b: Archaludon|Flash Cannon|p2a: Floette\n|-activate|p2a: Floette|move: Protect\n|move|p1a: Politoed|Weather Ball|p2a: Floette\n|-activate|p2a: Floette|move: Protect\n|move|p2b: Incineroar|Parting Shot|p1b: Archaludon\n|-unboost|p1b: Archaludon|atk|1\n|-unboost|p1b: Archaludon|spa|1\n|\n|t:|1776613372\n|switch|p2b: Basculegion|Basculegion, L50, M|100/100|[from] Parting Shot\n|\n|-weather|RainDance|[upkeep]\n|upkeep\n|turn|6\n|\n|t:|1776613392\n|switch|p1b: Incineroar|Incineroar, L50, M|4/100\n|-ability|p1b: Incineroar|Intimidate|boost\n|-unboost|p2a: Floette|atk|1\n|-unboost|p2b: Basculegion|atk|1\n|move|p2a: Floette|Moonblast|p1b: Incineroar\n|-damage|p1b: Incineroar|0 fnt\n|faint|p1b: Incineroar\n|move|p2b: Basculegion|Last Respects|p1a: Politoed\n|-damage|p1a: Politoed|54/100\n|move|p1a: Politoed|Encore|p2a: Floette\n|-start|p2a: Floette|Encore\n|\n|-weather|RainDance|[upkeep]\n|-sideend|p1: grapplebeam|move: Light Screen\n|upkeep\n|\n|t:|1776613410\n|switch|p1b: Archaludon|Archaludon, L50, M|100/100\n|turn|7\n|inactive|grapplebeam has 30 seconds left.\n|\n|t:|1776613436\n|switch|p2b: Maushold|Maushold, L50|3/100 brn\n|move|p2a: Floette|Moonblast|p1b: Archaludon\n|-damage|p1b: Archaludon|24/100\n|-ability|p1b: Archaludon|Stamina|boost\n|-boost|p1b: Archaludon|def|1\n|move|p1b: Archaludon|Electro Shot||[still]\n|-prepare|p1b: Archaludon|Electro Shot\n|-boost|p1b: Archaludon|spa|1\n|-anim|p1b: Archaludon|Electro Shot|p2a: Floette\n|-damage|p2a: Floette|59/100\n|move|p1a: Politoed|Weather Ball|p2a: Floette\n|-damage|p2a: Floette|26/100\n|\n|-weather|none\n|-heal|p1b: Archaludon|30/100|[from] item: Leftovers\n|-damage|p2b: Maushold|0 fnt|[from] brn\n|faint|p2b: Maushold\n|upkeep\n|\n|t:|1776613448\n|switch|p2b: Basculegion|Basculegion, L50, M|100/100\n|turn|8\n|inactive|grapplebeam has 30 seconds left.\n|inactive|grapplebeam has 20 seconds left.\n|\n|t:|1776613487\n|switch|p1a: Manectric|Manectric-Mega, L50, M|73/100\n|-ability|p1a: Manectric|Intimidate|boost\n|-unboost|p2a: Floette|atk|1\n|-unboost|p2b: Basculegion|atk|1\n|move|p1b: Archaludon|Protect|p1b: Archaludon\n|-singleturn|p1b: Archaludon|Protect\n|move|p2a: Floette|Moonblast|p1b: Archaludon\n|-activate|p1b: Archaludon|move: Protect\n|move|p2b: Basculegion|Last Respects|p1a: Manectric\n|-damage|p1a: Manectric|16/100\n|\n|-heal|p1b: Archaludon|37/100|[from] item: Leftovers\n|upkeep\n|turn|9\n|inactive|grapplebeam has 30 seconds left.\n|\n|t:|1776613516\n|move|p2b: Basculegion|Aqua Jet|p1a: Manectric\n|-damage|p1a: Manectric|0 fnt\n|faint|p1a: Manectric\n|move|p2a: Floette|Moonblast|p1b: Archaludon\n|-damage|p1b: Archaludon|0 fnt\n|faint|p1b: Archaludon\n|\n|-end|p2a: Floette|Encore\n|upkeep\n|-message|grapplebeam forfeited.\n|\n|win|buh cat vgc\n|raw|grapplebeam's rating: 1561 &rarr; <strong>1538</strong><br />(-23 for losing)\n|raw|buh cat vgc's rating: 1503 &rarr; <strong>1526</strong><br />(+23 for winning)\n|l|\u2606grapplebeam\n|player|p1|\n",
  "uploadtime": 1776613740,
  "views": 10,
  "formatid": "gen9championsvgc2026regma",
  "rating": 1526,
  "private": 0,
  "password": null
}