{
  "id": "gen9championsvgc2026regma-2583209964",
  "format": "[Gen 9 Champions] VGC 2026 Reg M-A",
  "players": [
    "Terenzio_Papiano",
    "StonerXVIII"
  ],
  "log": "|j|\u2606Terenzio_Papiano\n|j|\u2606StonerXVIII\n|t:|1776155081\n|gametype|doubles\n|player|p1|Terenzio_Papiano|palmer|1091\n|player|p2|StonerXVIII|lucas-gen4pt|1105\n|gen|9\n|tier|[Gen 9 Champions] VGC 2026 Reg M-A\n|rated|\n|rule|Species Clause: Limit one of each Pok\u00e9mon\n|rule|Item Clause: Limit 1 of each item\n|clearpoke\n|poke|p1|Drampa, L50, F|\n|poke|p1|Alakazam, L50, F|\n|poke|p1|Sinistcha, L50|\n|poke|p1|Pelipper, L50, F|\n|poke|p1|Basculegion, L50, M|\n|poke|p1|Scizor, L50, M|\n|poke|p2|Medicham, L50, F|\n|poke|p2|Tyranitar, L50, M|\n|poke|p2|Incineroar, L50, M|\n|poke|p2|Kingambit, L50, M|\n|poke|p2|Farigiraf, L50, F|\n|poke|p2|Gallade, L50, M|\n|teampreview|4\n|\n|t:|1776155105\n|teamsize|p1|4\n|teamsize|p2|4\n|start\n|switch|p1a: Drampa|Drampa, L50, F|100/100\n|switch|p1b: Alakazam|Alakazam, L50, F|100/100\n|switch|p2a: Medicham|Medicham, L50, F|100/100\n|switch|p2b: Tyranitar|Tyranitar, L50, M|100/100\n|-weather|Sandstorm|[from] ability: Sand Stream|[of] p2b: Tyranitar\n|-ability|p1a: Drampa|Cloud Nine\n|turn|1\n|\n|t:|1776155145\n|detailschange|p1a: Drampa|Drampa-Mega, L50, F\n|-mega|p1a: Drampa|Drampa|Drampanite\n|move|p1b: Alakazam|Reflect|p1b: Alakazam\n|-sidestart|p1: Terenzio_Papiano|Reflect\n|move|p2a: Medicham|Skill Swap|p2b: Tyranitar\n|-activate|p2a: Medicham|Skill Swap|||[of] p2b: Tyranitar\n|move|p2b: Tyranitar|Knock Off|p1b: Alakazam\n|-supereffective|p1b: Alakazam|1\n|-enditem|p1b: Alakazam|Colbur Berry|[eat]\n|-enditem|p1b: Alakazam|Colbur Berry|[weaken]\n|-damage|p1b: Alakazam|0 fnt\n|faint|p1b: Alakazam\n|move|p1a: Drampa|Earth Power|p2b: Tyranitar\n|-supereffective|p2b: Tyranitar|1\n|-damage|p2b: Tyranitar|56/100\n|\n|-weather|Sandstorm|[upkeep]\n|-damage|p2a: Medicham|95/100|[from] Sandstorm\n|-damage|p1a: Drampa|95/100|[from] Sandstorm\n|upkeep\n|\n|t:|1776155158\n|switch|p1b: Pelipper|Pelipper, L50, F|100/100\n|-weather|RainDance|[from] ability: Drizzle|[of] p1b: Pelipper\n|turn|2\n|\n|t:|1776155183\n|detailschange|p2b: Tyranitar|Tyranitar-Mega, L50, M\n|-mega|p2b: Tyranitar|Tyranitar|Tyranitarite\n|-weather|Sandstorm|[from] ability: Sand Stream|[of] p2b: Tyranitar\n|move|p1b: Pelipper|Tailwind|p1b: Pelipper\n|-sidestart|p1: Terenzio_Papiano|move: Tailwind\n|move|p1a: Drampa|Hyper Voice|p2a: Medicham|[spread] p2a,p2b\n|-resisted|p2b: Tyranitar|1\n|-damage|p2a: Medicham|30/100\n|-damage|p2b: Tyranitar|46/100\n|move|p2b: Tyranitar|Thunder Punch|p1b: Pelipper\n|-supereffective|p1b: Pelipper|2\n|-enditem|p1b: Pelipper|Focus Sash\n|-damage|p1b: Pelipper|1/100\n|move|p2a: Medicham|Trick Room|p2a: Medicham\n|-fieldstart|move: Trick Room|[of] p2a: Medicham\n|\n|-weather|Sandstorm|[upkeep]\n|-damage|p2a: Medicham|24/100|[from] Sandstorm\n|-damage|p1a: Drampa|89/100|[from] Sandstorm\n|-damage|p1b: Pelipper|0 fnt|[from] Sandstorm\n|faint|p1b: Pelipper\n|upkeep\n|\n|t:|1776155201\n|switch|p1b: Scizor|Scizor, L50, M|100/100\n|turn|3\n|\n|t:|1776155221\n|move|p1b: Scizor|Bullet Punch|p2b: Tyranitar\n|-supereffective|p2b: Tyranitar|1\n|-damage|p2b: Tyranitar|2/100\n|move|p2b: Tyranitar|Rock Slide|p1b: Scizor|[spread] p1a,p1b\n|-damage|p1a: Drampa|64/100\n|-damage|p1b: Scizor|77/100\n|move|p2a: Medicham|Drain Punch|p1a: Drampa\n|-supereffective|p1a: Drampa|1\n|-damage|p1a: Drampa|28/100\n|-heal|p2a: Medicham|41/100|[from] drain|[of] p1a: Drampa\n|-ability|p1a: Drampa|Berserk|boost\n|-boost|p1a: Drampa|spa|1\n|move|p1a: Drampa|Hyper Voice|p2b: Tyranitar|[spread] p2a,p2b\n|-resisted|p2b: Tyranitar|1\n|-damage|p2a: Medicham|0 fnt\n|-damage|p2b: Tyranitar|0 fnt\n|faint|p2a: Medicham\n|faint|p2b: Tyranitar\n|\n|-weather|Sandstorm|[upkeep]\n|-damage|p1a: Drampa|22/100|[from] Sandstorm\n|upkeep\n|\n|t:|1776155238\n|switch|p2b: Kingambit|Kingambit, L50, M|100/100\n|switch|p2a: Farigiraf|Farigiraf, L50, F|100/100\n|turn|4\n|\n|t:|1776155263\n|move|p1a: Drampa|Protect|p1a: Drampa\n|-singleturn|p1a: Drampa|Protect\n|move|p2b: Kingambit|Brick Break|p1a: Drampa\n|-activate|p1a: Drampa|move: Protect\n|move|p2a: Farigiraf|Twin Beam|p1a: Drampa\n|-activate|p1a: Drampa|move: Protect\n|move|p1b: Scizor|Bug Bite|p2a: Farigiraf\n|-supereffective|p2a: Farigiraf|1\n|-damage|p2a: Farigiraf|26/100\n|-enditem|p2a: Farigiraf|Sitrus Berry|[from] stealeat|[move] Bug Bite|[of] p1b: Scizor\n|-heal|p1b: Scizor|100/100|[from] item: Sitrus Berry\n|\n|-weather|Sandstorm|[upkeep]\n|-damage|p2a: Farigiraf|19/100|[from] Sandstorm\n|-damage|p1a: Drampa|17/100|[from] Sandstorm\n|upkeep\n|turn|5\n|\n|t:|1776155290\n|move|p1b: Scizor|Bullet Punch||[still]\n|cant|p2a: Farigiraf|ability: Armor Tail|Bullet Punch|[of] p1b: Scizor\n|move|p2b: Kingambit|Brick Break|p1a: Drampa\n|-sideend|p1: Terenzio_Papiano|Reflect\n|-supereffective|p1a: Drampa|1\n|-damage|p1a: Drampa|0 fnt\n|faint|p1a: Drampa\n|move|p2a: Farigiraf|Twin Beam|p1b: Scizor\n|-resisted|p1b: Scizor|1\n|-damage|p1b: Scizor|92/100\n|-resisted|p1b: Scizor|1\n|-damage|p1b: Scizor|84/100\n|-hitcount|p1b: Scizor|2\n|\n|-weather|Sandstorm|[upkeep]\n|-damage|p2a: Farigiraf|13/100|[from] Sandstorm\n|-sideend|p1: Terenzio_Papiano|move: Tailwind\n|upkeep\n|turn|6\n|\n|t:|1776155323\n|move|p2b: Kingambit|Kowtow Cleave|p1b: Scizor\n|-damage|p1b: Scizor|29/100\n|move|p2a: Farigiraf|Beat Up|p1b: Scizor\n|-damage|p1b: Scizor|26/100\n|-damage|p1b: Scizor|21/100\n|-hitcount|p1b: Scizor|2\n|move|p1b: Scizor|Bug Bite|p2a: Farigiraf\n|-supereffective|p2a: Farigiraf|1\n|-damage|p2a: Farigiraf|0 fnt\n|faint|p2a: Farigiraf\n|\n|-weather|none\n|-fieldend|move: Trick Room\n|upkeep\n|turn|7\n|\n|t:|1776155338\n|move|p1b: Scizor|Bug Bite|p2b: Kingambit\n|-damage|p2b: Kingambit|60/100\n|move|p2b: Kingambit|Kowtow Cleave|p1b: Scizor\n|-damage|p1b: Scizor|0 fnt\n|faint|p1b: Scizor\n|\n|win|StonerXVIII\n|raw|Terenzio_Papiano's rating: 1091 &rarr; <strong>1068</strong><br />(-23 for losing)\n|raw|StonerXVIII's rating: 1105 &rarr; <strong>1129</strong><br />(+24 for winning)\n|l|\u2606Terenzio_Papiano\n|player|p1|\n",
  "uploadtime": 1776155349,
  "views": 30,
  "formatid": "gen9championsvgc2026regma",
  "rating": 1068,
  "private": 0,
  "password": null
}