{
  "id": "gen9championsvgc2026regma-2589476835",
  "format": "[Gen 9 Champions] VGC 2026 Reg M-A",
  "players": [
    "beardspaspa",
    "tubbatub"
  ],
  "log": "|j|\u2606beardspaspa\n|j|\u203dtubbatub\n|t:|1776726439\n|gametype|doubles\n|player|p1|beardspaspa|101|1087\n|player|p2|tubbatub|fantina|1187\n|gen|9\n|tier|[Gen 9 Champions] VGC 2026 Reg M-A\n|rated|\n|rule|Species Clause: Limit one of each Pok\u00e9mon\n|rule|Item Clause: Limit 1 of each item\n|clearpoke\n|poke|p1|Pelipper, L50, F|\n|poke|p1|Basculegion, L50, M|\n|poke|p1|Tinkaton, L50, F|\n|poke|p1|Beartic, L50, F|\n|poke|p1|Gengar, L50, F|\n|poke|p1|Aerodactyl, L50, F|\n|poke|p2|Garchomp, L50, F|\n|poke|p2|Froslass, L50, F|\n|poke|p2|Incineroar, L50, M|\n|poke|p2|Palafin, L50, F|\n|poke|p2|Kingambit, L50, M|\n|poke|p2|Charizard, L50, F|\n|teampreview|4\n|inactive|Battle timer is ON: inactive players will automatically lose when time's up. (requested by tubbatub)\n|inactive|beardspaspa has 60 seconds left.\n|inactive|beardspaspa has 30 seconds left.\n|inactive|beardspaspa has 20 seconds left.\n|inactive|beardspaspa has 15 seconds left.\n|inactive|beardspaspa has 10 seconds left.\n|\n|t:|1776726525\n|teamsize|p1|4\n|teamsize|p2|4\n|start\n|switch|p1a: Aerodactyl|Aerodactyl, L50, F|100/100\n|switch|p1b: Beartic|Beartic, L50, F|100/100\n|switch|p2a: Incineroar|Incineroar, L50, M|100/100\n|switch|p2b: Kingambit|Kingambit, L50, M|100/100\n|-ability|p1a: Aerodactyl|Unnerve\n|-ability|p2a: Incineroar|Intimidate|boost\n|-unboost|p1a: Aerodactyl|atk|1\n|-unboost|p1b: Beartic|atk|1\n|turn|1\n|\n|t:|1776726544\n|move|p1a: Aerodactyl|Protect|p1a: Aerodactyl\n|-singleturn|p1a: Aerodactyl|Protect\n|move|p1b: Beartic|Protect|p1b: Beartic\n|-singleturn|p1b: Beartic|Protect\n|move|p2a: Incineroar|Fake Out|p1a: Aerodactyl\n|-activate|p1a: Aerodactyl|move: Protect\n|move|p2b: Kingambit|Iron Head|p1b: Beartic\n|-activate|p1b: Beartic|move: Protect\n|\n|upkeep\n|turn|2\n|inactive|beardspaspa has 30 seconds left.\n|inactive|beardspaspa has 20 seconds left.\n|\n|t:|1776726580\n|detailschange|p1a: Aerodactyl|Aerodactyl-Mega, L50, F\n|-mega|p1a: Aerodactyl|Aerodactyl|Aerodactylite\n|move|p1a: Aerodactyl|Tailwind|p1a: Aerodactyl\n|-sidestart|p1: beardspaspa|move: Tailwind\n|move|p1b: Beartic|Close Combat|p2b: Kingambit\n|-supereffective|p2b: Kingambit|2\n|-enditem|p2b: Kingambit|Chople Berry|[eat]\n|-enditem|p2b: Kingambit|Chople Berry|[weaken]\n|-damage|p2b: Kingambit|53/100\n|-unboost|p1b: Beartic|def|1\n|-unboost|p1b: Beartic|spd|1\n|move|p2a: Incineroar|Parting Shot|p1a: Aerodactyl\n|-unboost|p1a: Aerodactyl|atk|1\n|-unboost|p1a: Aerodactyl|spa|1\n|\n|t:|1776726597\n|switch|p2a: Garchomp|Garchomp, L50, F|100/100|[from] Parting Shot\n|move|p2b: Kingambit|Iron Head|p1b: Beartic\n|-supereffective|p1b: Beartic|1\n|-damage|p1b: Beartic|0 fnt\n|faint|p1b: Beartic\n|\n|upkeep\n|\n|t:|1776726615\n|switch|p1b: Pelipper|Pelipper, L50, F|100/100\n|-weather|RainDance|[from] ability: Drizzle|[of] p1b: Pelipper\n|turn|3\n|inactive|beardspaspa has 30 seconds left.\n|\n|t:|1776726642\n|switch|p1a: Basculegion|Basculegion, L50, M|100/100\n|move|p1b: Pelipper|Protect|p1b: Pelipper\n|-singleturn|p1b: Pelipper|Protect\n|move|p2b: Kingambit|Sucker Punch||[still]\n|-fail|p2b: Kingambit\n|move|p2a: Garchomp|Rock Slide|p1b: Pelipper|[spread] p1a\n|-activate|p1b: Pelipper|move: Protect\n|-damage|p1a: Basculegion|74/100\n|\n|-weather|RainDance|[upkeep]\n|upkeep\n|turn|4\n|inactive|beardspaspa has 30 seconds left.\n|inactive|beardspaspa has 20 seconds left.\n|\n|t:|1776726681\n|move|p2b: Kingambit|Sucker Punch|p1a: Basculegion\n|-supereffective|p1a: Basculegion|1\n|-damage|p1a: Basculegion|0 fnt\n|faint|p1a: Basculegion\n|move|p1b: Pelipper|Weather Ball|p2b: Kingambit\n|-damage|p2b: Kingambit|0 fnt\n|faint|p2b: Kingambit\n|move|p2a: Garchomp|Rock Slide|p1b: Pelipper\n|-supereffective|p1b: Pelipper|1\n|-damage|p1b: Pelipper|25/100\n|\n|-weather|RainDance|[upkeep]\n|upkeep\n|\n|t:|1776726696\n|switch|p1a: Aerodactyl|Aerodactyl-Mega, L50, F|100/100\n|switch|p2b: Charizard|Charizard, L50, F|100/100\n|turn|5\n|\n|t:|1776726713\n|move|p2b: Charizard|Protect|p2b: Charizard\n|-singleturn|p2b: Charizard|Protect\n|move|p1a: Aerodactyl|Rock Slide|p2a: Garchomp|[spread] \n|-activate|p2b: Charizard|move: Protect\n|-miss|p1a: Aerodactyl|p2a: Garchomp\n|move|p1b: Pelipper|Hurricane|p2a: Garchomp\n|-damage|p2a: Garchomp|53/100\n|-start|p2a: Garchomp|confusion\n|-activate|p2a: Garchomp|confusion\n|-damage|p2a: Garchomp|38/100|[from] confusion\n|\n|-weather|RainDance|[upkeep]\n|-sideend|p1: beardspaspa|move: Tailwind\n|upkeep\n|turn|6\n|inactive|beardspaspa has 30 seconds left.\n|\n|t:|1776726739\n|detailschange|p2b: Charizard|Charizard-Mega-X, L50, F\n|-mega|p2b: Charizard|Charizard|Charizardite X\n|-activate|p2a: Garchomp|confusion\n|move|p2a: Garchomp|Rock Slide|p1b: Pelipper|[spread] p1a\n|-miss|p2a: Garchomp|p1b: Pelipper\n|-supereffective|p1a: Aerodactyl|1\n|-damage|p1a: Aerodactyl|46/100\n|move|p1a: Aerodactyl|Rock Slide|p2b: Charizard|[spread] p2a,p2b\n|-resisted|p2a: Garchomp|1\n|-supereffective|p2b: Charizard|1\n|-damage|p2a: Garchomp|22/100\n|-damage|p2b: Charizard|51/100\n|cant|p2b: Charizard|flinch\n|move|p1b: Pelipper|Tailwind|p1b: Pelipper\n|-sidestart|p1: beardspaspa|move: Tailwind\n|\n|-weather|RainDance|[upkeep]\n|upkeep\n|turn|7\n|inactive|beardspaspa has 30 seconds left.\n|\n|t:|1776726770\n|switch|p2b: Incineroar|Incineroar, L50, M|100/100\n|-ability|p2b: Incineroar|Intimidate|boost\n|-unboost|p1a: Aerodactyl|atk|1\n|-unboost|p1b: Pelipper|atk|1\n|move|p1a: Aerodactyl|Rock Slide|p2a: Garchomp|[spread] p2a\n|-miss|p1a: Aerodactyl|p2b: Incineroar\n|-resisted|p2a: Garchomp|1\n|-damage|p2a: Garchomp|12/100\n|move|p1b: Pelipper|Hurricane|p2b: Incineroar\n|-damage|p2b: Incineroar|49/100\n|-start|p2b: Incineroar|confusion\n|-enditem|p2b: Incineroar|Sitrus Berry|[eat]\n|-heal|p2b: Incineroar|73/100|[from] item: Sitrus Berry\n|-end|p2a: Garchomp|confusion\n|move|p2a: Garchomp|Rock Slide|p1b: Pelipper|[spread] p1a,p1b\n|-supereffective|p1a: Aerodactyl|1\n|-supereffective|p1b: Pelipper|1\n|-damage|p1a: Aerodactyl|0 fnt\n|-damage|p1b: Pelipper|0 fnt\n|faint|p1a: Aerodactyl\n|faint|p1b: Pelipper\n|\n|win|tubbatub\n|raw|beardspaspa's rating: 1087 &rarr; <strong>1070</strong><br />(-17 for losing)\n|raw|tubbatub's rating: 1187 &rarr; <strong>1205</strong><br />(+18 for winning)\n|l|\u2606beardspaspa\n|player|p1|\n",
  "uploadtime": 1776726791,
  "views": 7,
  "formatid": "gen9championsvgc2026regma",
  "rating": 1070,
  "private": 0,
  "password": null
}