{
  "id": "gen9championsvgc2026regma-2586703500",
  "format": "[Gen 9 Champions] VGC 2026 Reg M-A",
  "players": [
    "tidal otter",
    "aroswing"
  ],
  "log": "|j|\u2606tidal otter\n|j|\u2606aroswing\n|t:|1776453437\n|gametype|doubles\n|player|p1|tidal otter|siebold|1262\n|player|p2|aroswing|marnie|1199\n|gen|9\n|tier|[Gen 9 Champions] VGC 2026 Reg M-A\n|rated|\n|rule|Species Clause: Limit one of each Pok\u00e9mon\n|rule|Item Clause: Limit 1 of each item\n|clearpoke\n|poke|p1|Garchomp, L50, F|\n|poke|p1|Gardevoir, L50, F|\n|poke|p1|Pelipper, L50, F|\n|poke|p1|Archaludon, L50, F|\n|poke|p1|Basculegion, L50, M|\n|poke|p1|Scizor, L50, M|\n|poke|p2|Aerodactyl, L50, M|\n|poke|p2|Gallade, L50, M|\n|poke|p2|Gardevoir, L50, F|\n|poke|p2|Garchomp, L50, F|\n|poke|p2|Rotom-Wash, L50|\n|poke|p2|Froslass, L50, F|\n|teampreview|4\n|inactive|Battle timer is ON: inactive players will automatically lose when time's up. (requested by aroswing)\n|inactive|tidal otter has 60 seconds left.\n|inactive|aroswing has 60 seconds left.\n|\n|t:|1776453486\n|teamsize|p1|4\n|teamsize|p2|4\n|start\n|switch|p1a: Garchomp|Garchomp, L50, F|100/100\n|switch|p1b: Gardevoir|Gardevoir, L50, F|100/100\n|switch|p2a: Garchomp|Garchomp, L50, F|100/100\n|switch|p2b: Gardevoir|Gardevoir, L50, F, shiny|100/100\n|turn|1\n|\n|t:|1776453502\n|move|p1b: Gardevoir|Icy Wind|p2a: Garchomp|[spread] p2a,p2b\n|-supereffective|p2a: Garchomp|2\n|-damage|p2a: Garchomp|42/100\n|-damage|p2b: Gardevoir|85/100\n|-unboost|p2a: Garchomp|spe|1\n|-unboost|p2b: Gardevoir|spe|1\n|move|p1a: Garchomp|Earthquake|p2a: Garchomp|[spread] p2a,p2b\n|-activate|p1b: Gardevoir|ability: Telepathy\n|-damage|p2a: Garchomp|0 fnt\n|-damage|p2b: Gardevoir|18/100\n|faint|p2a: Garchomp\n|move|p2b: Gardevoir|Icy Wind|p1b: Gardevoir|[spread] p1a,p1b\n|-supereffective|p1a: Garchomp|2\n|-damage|p1a: Garchomp|33/100\n|-damage|p1b: Gardevoir|85/100\n|-unboost|p1a: Garchomp|spe|1\n|-unboost|p1b: Gardevoir|spe|1\n|-enditem|p1a: Garchomp|White Herb\n|-clearnegativeboost|p1a: Garchomp|[silent]\n|\n|upkeep\n|\n|t:|1776453525\n|switch|p2a: Froslass|Froslass, L50, F|100/100\n|turn|2\n|\n|t:|1776453541\n|switch|p2b: Rotom|Rotom-Wash, L50, shiny|100/100\n|detailschange|p2a: Froslass|Froslass-Mega, L50, F\n|-mega|p2a: Froslass|Froslass|Froslassite\n|-weather|Snowscape|[from] ability: Snow Warning|[of] p2a: Froslass\n|move|p2a: Froslass|Shadow Ball|p1b: Gardevoir\n|-supereffective|p1b: Gardevoir|1\n|-crit|p1b: Gardevoir\n|-damage|p1b: Gardevoir|0 fnt\n|faint|p1b: Gardevoir\n|move|p1a: Garchomp|Rock Slide|p2a: Froslass|[spread] p2a,p2b\n|-supereffective|p2a: Froslass|1\n|-damage|p2a: Froslass|60/100\n|-damage|p2b: Rotom|81/100\n|\n|-weather|Snowscape|[upkeep]\n|upkeep\n|\n|t:|1776453549\n|switch|p1b: Archaludon|Archaludon, L50, F|100/100\n|turn|3\n|\n|t:|1776453567\n|move|p2a: Froslass|Protect|p2a: Froslass\n|-singleturn|p2a: Froslass|Protect\n|move|p1a: Garchomp|Dragon Claw|p2b: Rotom\n|-damage|p2b: Rotom|36/100\n|-enditem|p2b: Rotom|Sitrus Berry|[eat]\n|-heal|p2b: Rotom|61/100|[from] item: Sitrus Berry\n|move|p1b: Archaludon|Flash Cannon|p2a: Froslass\n|-activate|p2a: Froslass|move: Protect\n|move|p2b: Rotom|Volt Switch|p1a: Garchomp\n|-immune|p1a: Garchomp\n|\n|-weather|Snowscape|[upkeep]\n|upkeep\n|turn|4\n|\n|t:|1776453596\n|move|p1b: Archaludon|Protect|p1b: Archaludon\n|-singleturn|p1b: Archaludon|Protect\n|move|p2a: Froslass|Blizzard|p1b: Archaludon|[spread] p1a\n|-activate|p1b: Archaludon|move: Protect\n|-supereffective|p1a: Garchomp|2\n|-damage|p1a: Garchomp|0 fnt\n|faint|p1a: Garchomp\n|move|p2b: Rotom|Volt Switch|p1b: Archaludon\n|-activate|p1b: Archaludon|move: Protect\n|\n|-weather|Snowscape|[upkeep]\n|upkeep\n|\n|t:|1776453601\n|switch|p1a: Scizor|Scizor, L50, M|100/100\n|turn|5\n|inactive|aroswing has 30 seconds left.\n|\n|t:|1776453631\n|detailschange|p1a: Scizor|Scizor-Mega, L50, M\n|-mega|p1a: Scizor|Scizor|Scizorite\n|move|p2a: Froslass|Protect|p2a: Froslass\n|-singleturn|p2a: Froslass|Protect\n|move|p1b: Archaludon|Flash Cannon|p2b: Rotom\n|-resisted|p2b: Rotom|2\n|-damage|p2b: Rotom|50/100\n|move|p2b: Rotom|Hydro Pump|p1a: Scizor\n|-damage|p1a: Scizor|47/100\n|move|p1a: Scizor|Bug Bite|p2b: Rotom\n|-damage|p2b: Rotom|0 fnt\n|faint|p2b: Rotom\n|\n|-weather|Snowscape|[upkeep]\n|upkeep\n|\n|t:|1776453644\n|switch|p2b: Gardevoir|Gardevoir, L50, F, shiny|18/100\n|turn|6\n|\n|t:|1776453649\n|move|p1a: Scizor|Bullet Punch|p2a: Froslass\n|-supereffective|p2a: Froslass|1\n|-damage|p2a: Froslass|0 fnt\n|faint|p2a: Froslass\n|move|p2b: Gardevoir|Dazzling Gleam|p1a: Scizor|[spread] p1a,p1b\n|-resisted|p1a: Scizor|1\n|-damage|p1a: Scizor|32/100\n|-damage|p1b: Archaludon|56/100\n|move|p1b: Archaludon|Flash Cannon|p2b: Gardevoir\n|-supereffective|p2b: Gardevoir|1\n|-damage|p2b: Gardevoir|0 fnt\n|faint|p2b: Gardevoir\n|\n|win|tidal otter\n|raw|tidal otter's rating: 1262 &rarr; <strong>1283</strong><br />(+21 for winning)\n|raw|aroswing's rating: 1199 &rarr; <strong>1178</strong><br />(-21 for losing)\n|l|\u2606aroswing\n|player|p2|\n",
  "uploadtime": 1776453661,
  "views": 40,
  "formatid": "gen9championsvgc2026regma",
  "rating": 1178,
  "private": 0,
  "password": null
}