{
  "id": "gen9championsvgc2026regma-2586401531",
  "format": "[Gen 9 Champions] VGC 2026 Reg M-A",
  "players": [
    "Pipsickles",
    "Xalvadore"
  ],
  "log": "|j|\u2606Pipsickles\n|j|\u2606Xalvadore\n|t:|1776432063\n|gametype|doubles\n|player|p1|Pipsickles|lucas|1136\n|player|p2|Xalvadore|2|1229\n|gen|9\n|tier|[Gen 9 Champions] VGC 2026 Reg M-A\n|rated|\n|rule|Species Clause: Limit one of each Pok\u00e9mon\n|rule|Item Clause: Limit 1 of each item\n|clearpoke\n|poke|p1|Tyranitar, L50, M|\n|poke|p1|Excadrill, L50, M|\n|poke|p1|Rotom-Wash, L50|\n|poke|p1|Sinistcha, L50|\n|poke|p1|Incineroar, L50, F|\n|poke|p1|Garchomp, L50, F|\n|poke|p2|Meganium, L50, M|\n|poke|p2|Incineroar, L50, F|\n|poke|p2|Krookodile, L50, F|\n|poke|p2|Blastoise, L50, M|\n|poke|p2|Aerodactyl, L50, F|\n|poke|p2|Scizor, L50, M|\n|teampreview|4\n|inactive|Battle timer is ON: inactive players will automatically lose when time's up. (requested by Xalvadore)\n|\n|t:|1776432141\n|teamsize|p1|4\n|teamsize|p2|4\n|start\n|switch|p1a: Incineroar|Incineroar, L50, F, shiny|100/100\n|switch|p1b: Tyranitar|Tyranitar, L50, M|100/100\n|switch|p2a: Meganium|Meganium, L50, M|100/100\n|switch|p2b: Krookodile|Krookodile, L50, F|100/100\n|-ability|p2b: Krookodile|Intimidate|boost\n|-unboost|p1a: Incineroar|atk|1\n|-unboost|p1b: Tyranitar|atk|1\n|-weather|Sandstorm|[from] ability: Sand Stream|[of] p1b: Tyranitar\n|-ability|p1a: Incineroar|Intimidate|boost\n|-unboost|p2a: Meganium|atk|1\n|-unboost|p2b: Krookodile|atk|1\n|turn|1\n|inactive|Pipsickles has 30 seconds left.\n|inactive|Pipsickles has 20 seconds left.\n|inactive|Pipsickles has 15 seconds left.\n|inactive|Pipsickles has 10 seconds left.\n|\n|t:|1776432190\n|switch|p1b: Garchomp|Garchomp, L50, F, shiny|100/100\n|detailschange|p2a: Meganium|Meganium-Mega, L50, M\n|-mega|p2a: Meganium|Meganium|Meganiumite\n|move|p1a: Incineroar|Fake Out|p2b: Krookodile\n|-damage|p2b: Krookodile|92/100\n|cant|p2b: Krookodile|flinch\n|move|p2a: Meganium|Synthesis|p2a: Meganium\n|-fail|p2a: Meganium|heal\n|\n|-weather|Sandstorm|[upkeep]\n|-damage|p2a: Meganium|95/100|[from] Sandstorm\n|-damage|p1a: Incineroar|95/100|[from] Sandstorm\n|upkeep\n|turn|2\n|inactive|Pipsickles has 30 seconds left.\n|inactive|Pipsickles has 20 seconds left.\n|inactive|Pipsickles has 15 seconds left.\n|inactive|Pipsickles has 10 seconds left.\n|\n|t:|1776432239\n|switch|p1b: Tyranitar|Tyranitar, L50, M|100/100\n|move|p2b: Krookodile|Earthquake|p1b: Tyranitar|[spread] p2a,p1a,p1b\n|-resisted|p2a: Meganium|1\n|-supereffective|p1a: Incineroar|1\n|-supereffective|p1b: Tyranitar|1\n|-damage|p2a: Meganium|84/100\n|-damage|p1a: Incineroar|55/100\n|-damage|p1b: Tyranitar|59/100\n|move|p2a: Meganium|Dazzling Gleam|p1b: Tyranitar|[spread] p1a,p1b\n|-supereffective|p1b: Tyranitar|1\n|-damage|p1a: Incineroar|25/100\n|-damage|p1b: Tyranitar|0 fnt\n|faint|p1b: Tyranitar\n|move|p1a: Incineroar|Parting Shot|p2a: Meganium\n|-unboost|p2a: Meganium|atk|1\n|-unboost|p2a: Meganium|spa|1\n|\n|t:|1776432251\n|switch|p1a: Sinistcha|Sinistcha, L50|100/100|[from] Parting Shot\n|\n|-weather|Sandstorm|[upkeep]\n|-damage|p2a: Meganium|78/100|[from] Sandstorm\n|-damage|p1a: Sinistcha|94/100|[from] Sandstorm\n|upkeep\n|\n|t:|1776432258\n|switch|p1b: Garchomp|Garchomp, L50, F, shiny|100/100\n|turn|3\n|\n|t:|1776432267\n|switch|p1a: Incineroar|Incineroar, L50, F, shiny|25/100\n|-ability|p1a: Incineroar|Intimidate|boost\n|-unboost|p2a: Meganium|atk|1\n|-unboost|p2b: Krookodile|atk|1\n|move|p2b: Krookodile|Earthquake|p1b: Garchomp|[spread] p2a,p1a,p1b\n|-resisted|p2a: Meganium|1\n|-supereffective|p1a: Incineroar|1\n|-damage|p2a: Meganium|70/100\n|-damage|p1a: Incineroar|0 fnt\n|-damage|p1b: Garchomp|84/100\n|faint|p1a: Incineroar\n|move|p1b: Garchomp|Dragon Pulse|p2b: Krookodile\n|-damage|p2b: Krookodile|64/100\n|move|p2a: Meganium|Dazzling Gleam|p1b: Garchomp\n|-supereffective|p1b: Garchomp|1\n|-damage|p1b: Garchomp|12/100\n|\n|-weather|Sandstorm|[upkeep]\n|-damage|p2a: Meganium|64/100|[from] Sandstorm\n|upkeep\n|\n|t:|1776432271\n|switch|p1a: Sinistcha|Sinistcha, L50|94/100\n|-heal|p1b: Garchomp|37/100|[from] ability: Hospitality|[of] p1a: Sinistcha\n|turn|4\n|\n|t:|1776432278\n|move|p1a: Sinistcha|Rage Powder|p1a: Sinistcha\n|-singleturn|p1a: Sinistcha|move: Rage Powder\n|move|p2b: Krookodile|Earthquake|p1a: Sinistcha|[spread] p2a,p1a,p1b\n|-resisted|p2a: Meganium|1\n|-resisted|p1a: Sinistcha|1\n|-damage|p2a: Meganium|57/100\n|-damage|p1a: Sinistcha|87/100\n|-damage|p1b: Garchomp|19/100\n|move|p1b: Garchomp|Stomping Tantrum|p2b: Krookodile\n|-damage|p2b: Krookodile|18/100\n|move|p2a: Meganium|Weather Ball|p1a: Sinistcha\n|-supereffective|p1a: Sinistcha|1\n|-damage|p1a: Sinistcha|6/100\n|-enditem|p1a: Sinistcha|Sitrus Berry|[eat]\n|-heal|p1a: Sinistcha|31/100|[from] item: Sitrus Berry\n|\n|-weather|Sandstorm|[upkeep]\n|-damage|p2a: Meganium|51/100|[from] Sandstorm\n|-damage|p1a: Sinistcha|25/100|[from] Sandstorm\n|upkeep\n|turn|5\n|\n|t:|1776432295\n|move|p1a: Sinistcha|Rage Powder|p1a: Sinistcha\n|-singleturn|p1a: Sinistcha|move: Rage Powder\n|move|p2b: Krookodile|Earthquake|p1a: Sinistcha|[spread] p2a,p1a,p1b\n|-resisted|p2a: Meganium|1\n|-resisted|p1a: Sinistcha|1\n|-damage|p2a: Meganium|43/100\n|-damage|p1a: Sinistcha|17/100\n|-damage|p1b: Garchomp|2/100\n|move|p1b: Garchomp|Dragon Pulse|p2b: Krookodile\n|-damage|p2b: Krookodile|0 fnt\n|faint|p2b: Krookodile\n|move|p2a: Meganium|Weather Ball|p1a: Sinistcha\n|-supereffective|p1a: Sinistcha|1\n|-damage|p1a: Sinistcha|0 fnt\n|faint|p1a: Sinistcha\n|\n|-weather|none\n|upkeep\n|\n|t:|1776432305\n|switch|p2b: Scizor|Scizor, L50, M|100/100\n|turn|6\n|\n|t:|1776432309\n|move|p2b: Scizor|Bullet Punch|p1b: Garchomp\n|-damage|p1b: Garchomp|0 fnt\n|faint|p1b: Garchomp\n|\n|win|Xalvadore\n|raw|Pipsickles's rating: 1136 &rarr; <strong>1118</strong><br />(-18 for losing)\n|raw|Xalvadore's rating: 1229 &rarr; <strong>1247</strong><br />(+18 for winning)\n|c|\u2606Xalvadore|gg\n|l|\u2606Pipsickles\n|player|p1|\n",
  "uploadtime": 1776432315,
  "views": 27,
  "formatid": "gen9championsvgc2026regma",
  "rating": 1118,
  "private": 0,
  "password": null
}