{
  "id": "gen9championsvgc2026regma-2581310017",
  "format": "[Gen 9 Champions] VGC 2026 Reg M-A",
  "players": [
    "PPYYY",
    "ohko_muk"
  ],
  "log": "|j|\u2606PPYYY\n|j|\u2606ohko_muk\n|t:|1775984783\n|gametype|doubles\n|player|p1|PPYYY|miku-water|\n|player|p2|ohko_muk|gambler|\n|gen|9\n|tier|[Gen 9 Champions] VGC 2026 Reg M-A\n|rated|Tournament battle\n|rule|Species Clause: Limit one of each Pok\u00e9mon\n|rule|Item Clause: Limit 1 of each item\n|clearpoke\n|poke|p1|Floette-Eternal, L50, F|\n|poke|p1|Hydreigon, L50, M|\n|poke|p1|Corviknight, L50, F|\n|poke|p1|Typhlosion-Hisui, L50, F|\n|poke|p1|Milotic, L50, M|\n|poke|p1|Rotom-Heat, L50|\n|poke|p2|Farigiraf, L50, F|\n|poke|p2|Blastoise, L50, M|\n|poke|p2|Ninetales-Alola, L50, F|\n|poke|p2|Sinistcha, L50|\n|poke|p2|Raichu, L50, F|\n|poke|p2|Garchomp, L50, F|\n|teampreview|4\n|j| z123z\n|inactive|Battle timer is ON: inactive players will automatically lose when time's up. (requested by ohko_muk)\n|\n|t:|1775984807\n|teamsize|p1|4\n|teamsize|p2|4\n|start\n|switch|p1a: lll|Typhlosion-Hisui, L50, F|100/100\n|switch|p1b: lal|Hydreigon, L50, M|100/100\n|switch|p2a: Farigiraf|Farigiraf, L50, F|100/100\n|switch|p2b: Blastoise|Blastoise, L50, M|100/100\n|-item|p2a: Farigiraf|Sitrus Berry|[from] ability: Frisk|[of] p1a: lll\n|-item|p2b: Blastoise|Blastoisinite|[from] ability: Frisk|[of] p1a: lll\n|turn|1\n|\n|t:|1775984827\n|detailschange|p2b: Blastoise|Blastoise-Mega, L50, M\n|-mega|p2b: Blastoise|Blastoise|Blastoisinite\n|move|p2b: Blastoise|Fake Out|p1b: lal\n|-damage|p1b: lal|90/100\n|move|p1a: lll|Eruption|p2a: Farigiraf|[spread] p2a,p2b\n|-resisted|p2b: Blastoise|1\n|-damage|p2a: Farigiraf|39/100\n|-damage|p2b: Blastoise|73/100\n|-enditem|p2a: Farigiraf|Sitrus Berry|[eat]\n|-heal|p2a: Farigiraf|64/100|[from] item: Sitrus Berry\n|cant|p1b: lal|flinch\n|move|p2a: Farigiraf|Trick Room|p2a: Farigiraf\n|-fieldstart|move: Trick Room|[of] p2a: Farigiraf\n|\n|upkeep\n|turn|2\n|\n|t:|1775984853\n|move|p1b: lal|Protect|p1b: lal\n|-singleturn|p1b: lal|Protect\n|move|p2a: Farigiraf|Hyper Voice|p1b: lal|[spread] \n|-activate|p1b: lal|move: Protect\n|-immune|p1a: lll\n|move|p2b: Blastoise|Water Spout|p1a: lll|[spread] p1a\n|-activate|p1b: lal|move: Protect\n|-supereffective|p1a: lll|1\n|-damage|p1a: lll|0 fnt\n|faint|p1a: lll\n|\n|upkeep\n|j| LelBoii\n|\n|t:|1775984861\n|switch|p1a: Floette|Floette-Eternal, L50, F|100/100\n|turn|3\n|\n|t:|1775984867\n|detailschange|p1a: Floette|Floette-Mega, L50, F\n|-mega|p1a: Floette|Floette|Floettite\n|-ability|p1a: Floette|Fairy Aura\n|move|p2a: Farigiraf|Hyper Voice|p1b: lal|[spread] p1a,p1b\n|-crit|p1a: Floette\n|-damage|p1a: Floette|68/100\n|-damage|p1b: lal|56/100\n|move|p2b: Blastoise|Water Spout|p1a: Floette|[spread] p1a,p1b\n|-resisted|p1b: lal|1\n|-damage|p1a: Floette|37/100\n|-damage|p1b: lal|27/100\n|move|p1a: Floette|Dazzling Gleam|p2b: Blastoise|[spread] p2a,p2b\n|-damage|p2a: Farigiraf|12/100\n|-damage|p2b: Blastoise|33/100\n|move|p1b: lal|Snarl|p2b: Blastoise|[spread] p2a,p2b\n|-supereffective|p2a: Farigiraf|1\n|-damage|p2a: Farigiraf|0 fnt\n|-damage|p2b: Blastoise|15/100\n|-unboost|p2b: Blastoise|spa|1\n|faint|p2a: Farigiraf\n|\n|upkeep\n|\n|t:|1775984880\n|switch|p2a: Raichu|Raichu, L50, F|100/100\n|turn|4\n|\n|t:|1775984891\n|move|p1a: Floette|Protect|p1a: Floette\n|-singleturn|p1a: Floette|Protect\n|move|p1b: lal|Protect|p1b: lal\n|-singleturn|p1b: lal|Protect\n|move|p2a: Raichu|Fake Out|p1a: Floette\n|-activate|p1a: Floette|move: Protect\n|move|p2b: Blastoise|Hydro Pump|p1a: Floette\n|-activate|p1a: Floette|move: Protect\n|\n|upkeep\n|turn|5\n|\n|t:|1775984904\n|move|p2b: Blastoise|Hydro Pump|p1a: Floette\n|-damage|p1a: Floette|7/100\n|move|p1a: Floette|Dazzling Gleam|p2a: Raichu|[spread] p2a,p2b\n|-damage|p2a: Raichu|26/100\n|-damage|p2b: Blastoise|0 fnt\n|faint|p2b: Blastoise\n|move|p2a: Raichu|Nuzzle|p1a: Floette\n|-damage|p1a: Floette|0 fnt\n|faint|p1a: Floette\n|move|p1b: lal|Draco Meteor|p2a: Raichu\n|-damage|p2a: Raichu|0 fnt\n|-unboost|p1b: lal|spa|2\n|faint|p2a: Raichu\n|\n|-fieldend|move: Trick Room\n|upkeep\n|\n|t:|1775984910\n|switch|p1a: Rotom|Rotom-Heat, L50|100/100\n|switch|p2b: Ninetales|Ninetales-Alola, L50, F|100/100\n|-weather|Snowscape|[from] ability: Snow Warning|[of] p2b: Ninetales\n|turn|6\n|\n|t:|1775984918\n|move|p2b: Ninetales|Blizzard|p1b: lal|[spread] p1a,p1b\n|-resisted|p1a: Rotom|1\n|-supereffective|p1b: lal|1\n|-damage|p1a: Rotom|86/100\n|-damage|p1b: lal|0 fnt\n|faint|p1b: lal\n|move|p1a: Rotom|Overheat|p2b: Ninetales\n|-supereffective|p2b: Ninetales|1\n|-damage|p2b: Ninetales|0 fnt\n|-unboost|p1a: Rotom|spa|2\n|faint|p2b: Ninetales\n|\n|win|PPYYY\n|n|\u2606PPYYY|ppyyy\n|n|\u2606ohko_muk|ohkomuk\n|n| z123z|z123z\n|n| LelBoii|lelboii\n",
  "uploadtime": 1775984921,
  "views": 12,
  "formatid": "gen9championsvgc2026regma",
  "rating": null,
  "private": 0,
  "password": null
}