{
  "id": "gen9championsvgc2026regma-2582810535",
  "format": "[Gen 9 Champions] VGC 2026 Reg M-A",
  "players": [
    "albertortor",
    "marwandk"
  ],
  "log": "|j|\u2606albertortor\n|j|\u2606marwandk\n|t:|1776115846\n|gametype|doubles\n|player|p1|albertortor|101|1092\n|player|p2|marwandk|102|1153\n|gen|9\n|tier|[Gen 9 Champions] VGC 2026 Reg M-A\n|rated|\n|rule|Species Clause: Limit one of each Pok\u00e9mon\n|rule|Item Clause: Limit 1 of each item\n|clearpoke\n|poke|p1|Charizard, L50, F|\n|poke|p1|Venusaur, L50, F|\n|poke|p1|Garchomp, L50, F|\n|poke|p1|Rotom-Wash, L50|\n|poke|p1|Sneasler, L50, M|\n|poke|p1|Incineroar, L50, M|\n|poke|p2|Skarmory, L50, F|\n|poke|p2|Gyarados, L50, F|\n|poke|p2|Aerodactyl, L50, M|\n|poke|p2|Garchomp, L50, F|\n|poke|p2|Milotic, L50, F|\n|poke|p2|Tauros-Paldea-Blaze, L50, M|\n|teampreview|4\nmarwandk has agreed to open team sheets.\nalbertortor rejected open team sheets.\n|inactive|Battle timer is ON: inactive players will automatically lose when time's up. (requested by albertortor)\n|\n|t:|1776115882\n|teamsize|p1|4\n|teamsize|p2|4\n|start\n|switch|p1a: Charizard|Charizard, L50, F|100/100\n|switch|p1b: Venusaur|Venusaur, L50, F|100/100\n|switch|p2a: Aerodactyl|Aerodactyl, L50, M|100/100\n|switch|p2b: Garchomp|Garchomp, L50, F|100/100\n|-ability|p2a: Aerodactyl|Unnerve\n|turn|1\n|inactive|albertortor has 30 seconds left.\n|inactive|albertortor has 20 seconds left.\n|\n|t:|1776115922\n|detailschange|p1a: Charizard|Charizard-Mega-Y, L50, F\n|-mega|p1a: Charizard|Charizard|Charizardite Y\n|-weather|SunnyDay|[from] ability: Drought|[of] p1a: Charizard\n|move|p1b: Venusaur|Sleep Powder|p2a: Aerodactyl\n|-status|p2a: Aerodactyl|slp|[from] move: Sleep Powder\n|cant|p2a: Aerodactyl|slp\n|move|p2b: Garchomp|Dragon Claw|p1a: Charizard\n|-damage|p1a: Charizard|37/100\n|move|p1a: Charizard|Heat Wave|p2a: Aerodactyl|[spread] p2a,p2b\n|-resisted|p2a: Aerodactyl|1\n|-resisted|p2b: Garchomp|1\n|-damage|p2a: Aerodactyl|55/100 slp\n|-damage|p2b: Garchomp|64/100\n|-status|p2b: Garchomp|brn\n|\n|-weather|SunnyDay|[upkeep]\n|-damage|p2b: Garchomp|58/100 brn|[from] brn\n|upkeep\n|turn|2\n|inactive|albertortor has 30 seconds left.\n|\n|t:|1776115956\n|move|p1b: Venusaur|Leaf Storm|p2a: Aerodactyl|[miss]\n|-miss|p1b: Venusaur|p2a: Aerodactyl\n|-curestatus|p2a: Aerodactyl|slp|[msg]\n|move|p2a: Aerodactyl|Tailwind|p2a: Aerodactyl\n|-sidestart|p2: marwandk|move: Tailwind\n|move|p2b: Garchomp|Dragon Claw|p1a: Charizard\n|-damage|p1a: Charizard|6/100\n|move|p1a: Charizard|Heat Wave|p2a: Aerodactyl|[spread] p2a,p2b\n|-resisted|p2a: Aerodactyl|1\n|-crit|p2a: Aerodactyl\n|-resisted|p2b: Garchomp|1\n|-damage|p2a: Aerodactyl|0 fnt\n|-damage|p2b: Garchomp|21/100 brn\n|faint|p2a: Aerodactyl\n|\n|-weather|SunnyDay|[upkeep]\n|-damage|p2b: Garchomp|15/100 brn|[from] brn\n|upkeep\n|\n|t:|1776115968\n|switch|p2a: Skarmory|Skarmory, L50, F|100/100\n|turn|3\n|\n|t:|1776115978\n|switch|p1b: Rotom|Rotom-Wash, L50|100/100\n|switch|p1a: Incineroar|Incineroar, L50, M|100/100\n|-ability|p1a: Incineroar|Intimidate|boost\n|-unboost|p2a: Skarmory|atk|1\n|-unboost|p2b: Garchomp|atk|1\n|detailschange|p2a: Skarmory|Skarmory-Mega, L50, F\n|-mega|p2a: Skarmory|Skarmory|Skarmorite\n|move|p2b: Garchomp|Dragon Claw|p1a: Incineroar\n|-damage|p1a: Incineroar|87/100\n|move|p2a: Skarmory|Brave Bird|p1b: Rotom\n|-resisted|p1b: Rotom|1\n|-damage|p1b: Rotom|81/100\n|-damage|p2a: Skarmory|95/100|[from] Recoil\n|\n|-weather|SunnyDay|[upkeep]\n|-heal|p1b: Rotom|86/100|[from] item: Leftovers\n|-damage|p2b: Garchomp|9/100 brn|[from] brn\n|upkeep\n|turn|4\n|inactive|albertortor has 30 seconds left.\n|inactive|marwandk has 30 seconds left.\n|\n|t:|1776116013\n|move|p2a: Skarmory|Protect|p2a: Skarmory\n|-singleturn|p2a: Skarmory|Protect\n|move|p1a: Incineroar|Fake Out|p2a: Skarmory\n|-activate|p2a: Skarmory|move: Protect\n|move|p2b: Garchomp|Stomping Tantrum|p1a: Incineroar\n|-supereffective|p1a: Incineroar|1\n|-damage|p1a: Incineroar|60/100\n|move|p1b: Rotom|Thunderbolt|p2a: Skarmory\n|-activate|p2a: Skarmory|move: Protect\n|\n|-weather|SunnyDay|[upkeep]\n|-heal|p1b: Rotom|92/100|[from] item: Leftovers\n|-damage|p2b: Garchomp|3/100 brn|[from] brn\n|upkeep\n|turn|5\n|\n|t:|1776116038\n|move|p2b: Garchomp|Dragon Claw|p1b: Rotom\n|-damage|p1b: Rotom|79/100\n|move|p2a: Skarmory|Brave Bird|p1a: Incineroar\n|-damage|p1a: Incineroar|22/100\n|-enditem|p1a: Incineroar|Sitrus Berry|[eat]\n|-heal|p1a: Incineroar|47/100|[from] item: Sitrus Berry\n|-damage|p2a: Skarmory|80/100|[from] Recoil\n|move|p1b: Rotom|Thunderbolt|p2a: Skarmory\n|-supereffective|p2a: Skarmory|1\n|-damage|p2a: Skarmory|0 fnt\n|faint|p2a: Skarmory\n|move|p1a: Incineroar|Flare Blitz|p2b: Garchomp\n|-resisted|p2b: Garchomp|1\n|-damage|p2b: Garchomp|0 fnt\n|-damage|p1a: Incineroar|35/100|[from] ability: Rough Skin|[of] p2b: Garchomp\n|faint|p2b: Garchomp\n|-damage|p1a: Incineroar|34/100|[from] Recoil\n|\n|-weather|none\n|-heal|p1b: Rotom|85/100|[from] item: Leftovers\n|-sideend|p2: marwandk|move: Tailwind\n|upkeep\n|\n|t:|1776116045\n|switch|p2b: Gyarados|Gyarados, L50, F|100/100\n|-ability|p2b: Gyarados|Intimidate|boost\n|-unboost|p1a: Incineroar|atk|1\n|-unboost|p1b: Rotom|atk|1\n|turn|6\n|inactive|albertortor has 30 seconds left.\n|\n|t:|1776116071\n|switch|p1a: Charizard|Charizard-Mega-Y, L50, F|6/100\n|-weather|SunnyDay|[from] ability: Drought|[of] p1a: Charizard\n|move|p2b: Gyarados|Earthquake|p1a: Charizard|[spread] \n|-immune|p1a: Charizard\n|-immune|p1b: Rotom|[from] ability: Levitate\n|move|p1b: Rotom|Thunderbolt|p2b: Gyarados\n|-supereffective|p2b: Gyarados|2\n|-damage|p2b: Gyarados|0 fnt\n|faint|p2b: Gyarados\n|\n|win|albertortor\n|raw|albertortor's rating: 1092 &rarr; <strong>1123</strong><br />(+31 for winning)\n|raw|marwandk's rating: 1153 &rarr; <strong>1124</strong><br />(-29 for losing)\n|c|\u2606albertortor|broo\n",
  "uploadtime": 1776116088,
  "views": 22,
  "formatid": "gen9championsvgc2026regma",
  "rating": 1123,
  "private": 0,
  "password": null
}