{
  "id": "gen9championsvgc2026regma-2583799241",
  "format": "[Gen 9 Champions] VGC 2026 Reg M-A",
  "players": [
    "VascoAnime",
    "saschaap"
  ],
  "log": "|j|\u2606VascoAnime\n|j|\u2606saschaap\n|t:|1776198544\n|gametype|doubles\n|player|p1|VascoAnime|roxie|1133\n|player|p2|saschaap|1|1040\n|gen|9\n|tier|[Gen 9 Champions] VGC 2026 Reg M-A\n|rated|\n|rule|Species Clause: Limit one of each Pok\u00e9mon\n|rule|Item Clause: Limit 1 of each item\n|clearpoke\n|poke|p1|Charizard, L50, M|\n|poke|p1|Sneasler, L50, F|\n|poke|p1|Farigiraf, L50, F|\n|poke|p1|Aggron, L50, M|\n|poke|p1|Sylveon, L50, F|\n|poke|p1|Sinistcha, L50|\n|poke|p2|Froslass, L50, F|\n|poke|p2|Arcanine-Hisui, L50, M|\n|poke|p2|Serperior, L50, F|\n|poke|p2|Milotic, L50, M|\n|poke|p2|Mamoswine, L50, F|\n|poke|p2|Hydreigon, L50, F|\n|teampreview|4\n|inactive|Battle timer is ON: inactive players will automatically lose when time's up. (requested by VascoAnime)\n|inactive|saschaap has 60 seconds left.\n|\n|t:|1776198600\n|teamsize|p1|4\n|teamsize|p2|4\n|start\n|switch|p1a: Charizard|Charizard, L50, M|100/100\n|switch|p1b: Sneasler|Sneasler, L50, F|100/100\n|switch|p2a: Froslass|Froslass, L50, F|100/100\n|switch|p2b: Arcanine|Arcanine-Hisui, L50, M|100/100\n|-ability|p2b: Arcanine|Intimidate|boost\n|-unboost|p1a: Charizard|atk|1\n|-unboost|p1b: Sneasler|atk|1\n|turn|1\n|inactive|saschaap has 30 seconds left.\n|inactive|saschaap has 20 seconds left.\n|\n|t:|1776198638\n|move|p2a: Froslass|Protect|p2a: Froslass\n|-singleturn|p2a: Froslass|Protect\n|move|p1b: Sneasler|Fake Out|p2b: Arcanine\n|-resisted|p2b: Arcanine|1\n|-damage|p2b: Arcanine|93/100\n|cant|p2b: Arcanine|flinch\n|move|p1a: Charizard|Dragon Dance|p1a: Charizard\n|-boost|p1a: Charizard|atk|1\n|-boost|p1a: Charizard|spe|1\n|\n|upkeep\n|turn|2\n|\n|t:|1776198657\n|detailschange|p2a: Froslass|Froslass-Mega, L50, F\n|-mega|p2a: Froslass|Froslass|Froslassite\n|-weather|Snowscape|[from] ability: Snow Warning|[of] p2a: Froslass\n|move|p1a: Charizard|Protect|p1a: Charizard\n|-singleturn|p1a: Charizard|Protect\n|move|p2b: Arcanine|Rock Slide|p1a: Charizard|[spread] p1b\n|-activate|p1a: Charizard|move: Protect\n|-resisted|p1b: Sneasler|1\n|-crit|p1b: Sneasler\n|-damage|p1b: Sneasler|66/100\n|move|p1b: Sneasler|Coaching|p1a: Charizard\n|-boost|p1a: Charizard|atk|1\n|-boost|p1a: Charizard|def|1\n|move|p2a: Froslass|Blizzard|p1a: Charizard|[spread] p1b\n|-activate|p1a: Charizard|move: Protect\n|-damage|p1b: Sneasler|5/100\n|\n|-weather|Snowscape|[upkeep]\n|upkeep\n|turn|3\n|inactive|VascoAnime has 30 seconds left.\n|inactive|saschaap has 30 seconds left.\n|inactive|saschaap has 20 seconds left.\n|\n|t:|1776198692\n|switch|p2a: Milotic|Milotic, L50, M|100/100\n|detailschange|p1a: Charizard|Charizard-Mega-X, L50, M\n|-mega|p1a: Charizard|Charizard|Charizardite X\n|move|p2b: Arcanine|Rock Slide|p1b: Sneasler|[spread] p1b\n|-miss|p2b: Arcanine|p1a: Charizard\n|-resisted|p1b: Sneasler|1\n|-damage|p1b: Sneasler|0 fnt\n|faint|p1b: Sneasler\n|move|p1a: Charizard|Flare Blitz|p2a: Milotic\n|-resisted|p2a: Milotic|1\n|-damage|p2a: Milotic|40/100\n|-damage|p1a: Charizard|74/100|[from] Recoil\n|\n|-weather|Snowscape|[upkeep]\n|-heal|p2a: Milotic|46/100|[from] item: Leftovers\n|upkeep\n|\n|t:|1776198707\n|switch|p1b: Sinistcha|Sinistcha, L50|100/100\n|-heal|p1a: Charizard|99/100|[from] ability: Hospitality|[of] p1b: Sinistcha\n|turn|4\n|\n|t:|1776198722\n|move|p2b: Arcanine|Rock Slide|p1b: Sinistcha|[spread] p1b\n|-miss|p2b: Arcanine|p1a: Charizard\n|-damage|p1b: Sinistcha|75/100\n|move|p1a: Charizard|Dragon Claw|p2b: Arcanine\n|-damage|p2b: Arcanine|0 fnt\n|faint|p2b: Arcanine\n|move|p2a: Milotic|Icy Wind|p1b: Sinistcha|[spread] p1a,p1b\n|-supereffective|p1b: Sinistcha|1\n|-damage|p1a: Charizard|84/100\n|-damage|p1b: Sinistcha|50/100\n|-unboost|p1a: Charizard|spe|1\n|-unboost|p1b: Sinistcha|spe|1\n|move|p1b: Sinistcha|Matcha Gotcha|p2a: Milotic\n|-supereffective|p2a: Milotic|1\n|-damage|p2a: Milotic|0 fnt\n|-heal|p1b: Sinistcha|76/100|[from] drain|[of] p2a: Milotic\n|faint|p2a: Milotic\n|\n|-weather|Snowscape|[upkeep]\n|upkeep\n|\n|t:|1776198737\n|switch|p2b: Hydreigon|Hydreigon, L50, F|100/100\n|switch|p2a: Froslass|Froslass-Mega, L50, F|100/100\n|turn|5\n|\n|t:|1776198755\n|move|p1b: Sinistcha|Rage Powder|p1b: Sinistcha\n|-singleturn|p1b: Sinistcha|move: Rage Powder\n|move|p2a: Froslass|Aurora Veil|p2a: Froslass\n|-sidestart|p2: saschaap|move: Aurora Veil\n|move|p1a: Charizard|Dragon Claw|p2b: Hydreigon\n|-supereffective|p2b: Hydreigon|1\n|-damage|p2b: Hydreigon|0 fnt\n|faint|p2b: Hydreigon\n|\n|-weather|Snowscape|[upkeep]\n|upkeep\n|turn|6\n|\n|t:|1776198768\n|move|p1a: Charizard|Protect|p1a: Charizard\n|-singleturn|p1a: Charizard|Protect\n|move|p2a: Froslass|Blizzard|p1b: Sinistcha|[spread] p1b\n|-activate|p1a: Charizard|move: Protect\n|-supereffective|p1b: Sinistcha|1\n|-damage|p1b: Sinistcha|0 fnt\n|faint|p1b: Sinistcha\n|\n|-weather|none\n|upkeep\n|\n|t:|1776198774\n|switch|p1b: Farigiraf|Farigiraf, L50, F|100/100\n|turn|7\n|\n|t:|1776198790\n|move|p2a: Froslass|Blizzard|p1b: Farigiraf|[spread] p1a,p1b\n|-damage|p1a: Charizard|30/100\n|-damage|p1b: Farigiraf|55/100\n|-status|p1b: Farigiraf|frz\n|move|p1a: Charizard|Flare Blitz|p2a: Froslass\n|-supereffective|p2a: Froslass|1\n|-damage|p2a: Froslass|0 fnt\n|faint|p2a: Froslass\n|-damage|p1a: Charizard|0 fnt|[from] Recoil\n|faint|p1a: Charizard\n|\n|win|VascoAnime\n|raw|VascoAnime's rating: 1133 &rarr; <strong>1151</strong><br />(+18 for winning)\n|raw|saschaap's rating: 1040 &rarr; <strong>1028</strong><br />(-12 for losing)\n",
  "uploadtime": 1776198797,
  "views": 15,
  "formatid": "gen9championsvgc2026regma",
  "rating": 1028,
  "private": 0,
  "password": null
}