{
  "id": "gen9championsvgc2026regma-2587262063",
  "format": "[Gen 9 Champions] VGC 2026 Reg M-A",
  "players": [
    "flaemm",
    "opokoko"
  ],
  "log": "|j|\u2606flaemm\n|j|\u2606opokoko\n|t:|1776515779\n|gametype|doubles\n|player|p1|flaemm|alder|1278\n|player|p2|opokoko|102|1289\n|gen|9\n|tier|[Gen 9 Champions] VGC 2026 Reg M-A\n|rated|\n|rule|Species Clause: Limit one of each Pok\u00e9mon\n|rule|Item Clause: Limit 1 of each item\n|clearpoke\n|poke|p1|Farigiraf, L50, F|\n|poke|p1|Torkoal, L50, F|\n|poke|p1|Victreebel, L50, M|\n|poke|p1|Sneasler, L50, F|\n|poke|p1|Incineroar, L50, F|\n|poke|p1|Crabominable, L50, M|\n|poke|p2|Crabominable, L50, F|\n|poke|p2|Slowking-Galar, L50, M|\n|poke|p2|Primarina, L50, F|\n|poke|p2|Kingambit, L50, M|\n|poke|p2|Incineroar, L50, F|\n|poke|p2|Sinistcha, L50|\n|teampreview|4\nflaemm rejected open team sheets.\n|c|\u2606flaemm|CRABBBBBB\n|c|\u2606flaemm|glhf\n|inactive|Battle timer is ON: inactive players will automatically lose when time's up. (requested by opokoko)\n|c|\u2606opokoko|fellow crab enthusiast\n|c|\u2606opokoko|glhf\n|inactive|flaemm has 60 seconds left.\n|\n|t:|1776515841\n|teamsize|p1|4\n|teamsize|p2|4\n|start\n|switch|p1a: Sneasler|Sneasler, L50, F|100/100\n|switch|p1b: Crabominable|Crabominable, L50, M|100/100\n|switch|p2a: Sinistcha|Sinistcha, L50|100/100\n|switch|p2b: Slowking|Slowking-Galar, L50, M|100/100\n|turn|1\n|\n|t:|1776515848\n|detailschange|p1b: Crabominable|Crabominable-Mega, L50, M\n|-mega|p1b: Crabominable|Crabominable|Crabominite\n|move|p1a: Sneasler|Fake Out|p2b: Slowking\n|-damage|p2b: Slowking|86/100\n|move|p2a: Sinistcha|Matcha Gotcha|p1b: Crabominable|[spread] p1a,p1b\n|-resisted|p1a: Sneasler|1\n|-damage|p1a: Sneasler|83/100\n|-damage|p1b: Crabominable|80/100\n|move|p1b: Crabominable|Ice Hammer|p2a: Sinistcha\n|-supereffective|p2a: Sinistcha|1\n|-damage|p2a: Sinistcha|0 fnt\n|-unboost|p1b: Crabominable|spe|1\n|faint|p2a: Sinistcha\n|cant|p2b: Slowking|flinch\n|\n|upkeep\n|\n|t:|1776515861\n|switch|p2a: Crabominable|Crabominable, L50, F|100/100\n|turn|2\n|\n|t:|1776515870\n|detailschange|p2a: Crabominable|Crabominable-Mega, L50, F\n|-mega|p2a: Crabominable|Crabominable|Crabominite\n|move|p1a: Sneasler|Coaching|p1b: Crabominable\n|-boost|p1b: Crabominable|atk|1\n|-boost|p1b: Crabominable|def|1\n|move|p2a: Crabominable|Drain Punch|p1b: Crabominable\n|-supereffective|p1b: Crabominable|1\n|-damage|p1b: Crabominable|17/100\n|move|p2b: Slowking|Psychic Noise|p1a: Sneasler\n|-supereffective|p1a: Sneasler|2\n|-damage|p1a: Sneasler|0 fnt\n|faint|p1a: Sneasler\n|move|p1b: Crabominable|Drain Punch|p2a: Crabominable\n|-supereffective|p2a: Crabominable|1\n|-damage|p2a: Crabominable|0 fnt\n|-heal|p1b: Crabominable|62/100|[from] drain|[of] p2a: Crabominable\n|faint|p2a: Crabominable\n|\n|upkeep\n|c|\u2606opokoko|oh damn well played\n|\n|t:|1776515887\n|switch|p1a: Incineroar|Incineroar, L50, F|100/100\n|switch|p2a: Primarina|Primarina, L50, F|100/100\n|-ability|p1a: Incineroar|Intimidate|boost\n|-unboost|p2a: Primarina|atk|1\n|-unboost|p2b: Slowking|atk|1\n|turn|3\n|\n|t:|1776515910\n|move|p1b: Crabominable|Protect|p1b: Crabominable\n|-singleturn|p1b: Crabominable|Protect\n|move|p1a: Incineroar|Throat Chop|p2a: Primarina\n|-resisted|p2a: Primarina|1\n|-damage|p2a: Primarina|82/100\n|-start|p2a: Primarina|Throat Chop|[silent]\n|move|p2a: Primarina|Moonblast|p1b: Crabominable\n|-activate|p1b: Crabominable|move: Protect\n|move|p2b: Slowking|Psychic Noise|p1b: Crabominable\n|-activate|p1b: Crabominable|move: Protect\n|\n|-heal|p2a: Primarina|88/100|[from] item: Leftovers\n|upkeep\n|turn|4\n|inactive|flaemm has 30 seconds left.\n|inactive|opokoko has 30 seconds left.\n|\n|t:|1776515938\n|move|p1a: Incineroar|Parting Shot|p2a: Primarina\n|-unboost|p2a: Primarina|atk|1\n|-unboost|p2a: Primarina|spa|1\n|\n|t:|1776515940\n|switch|p1a: Torkoal|Torkoal, L50, F|100/100|[from] Parting Shot\n|-weather|SunnyDay|[from] ability: Drought|[of] p1a: Torkoal\n|move|p2a: Primarina|Moonblast|p1a: Torkoal\n|-resisted|p1a: Torkoal|1\n|-damage|p1a: Torkoal|76/100\n|move|p2b: Slowking|Psychic Noise|p1b: Crabominable\n|-supereffective|p1b: Crabominable|1\n|-damage|p1b: Crabominable|20/100\n|-start|p1b: Crabominable|move: Heal Block\n|move|p1b: Crabominable|Thunder Punch|p2a: Primarina\n|-supereffective|p2a: Primarina|1\n|-damage|p2a: Primarina|0 fnt\n|faint|p2a: Primarina\n|\n|-weather|SunnyDay|[upkeep]\n|upkeep\n|turn|5\n|c|\u2606opokoko|oh damn gg\n|-message|opokoko forfeited.\n|\n|win|flaemm\n|raw|flaemm's rating: 1278 &rarr; <strong>1304</strong><br />(+26 for winning)\n|raw|opokoko's rating: 1289 &rarr; <strong>1263</strong><br />(-26 for losing)\n|l|\u2606opokoko\n|player|p2|\n",
  "uploadtime": 1776515962,
  "views": 30,
  "formatid": "gen9championsvgc2026regma",
  "rating": 1263,
  "private": 0,
  "password": null
}