{
  "id": "gen9championsvgc2026regma-2582610049",
  "format": "[Gen 9 Champions] VGC 2026 Reg M-A",
  "players": [
    "yourfavs?",
    "0_RANDOMNAME_0"
  ],
  "log": "|j|\u2606yourfavs?\n|j|\u26060_RANDOMNAME_0\n|t:|1776102466\n|gametype|doubles\n|player|p1|yourfavs?|backpacker|1072\n|player|p2|0_RANDOMNAME_0|1|1049\n|gen|9\n|tier|[Gen 9 Champions] VGC 2026 Reg M-A\n|rated|\n|rule|Species Clause: Limit one of each Pok\u00e9mon\n|rule|Item Clause: Limit 1 of each item\n|clearpoke\n|poke|p1|Floette-Eternal, L50, F|\n|poke|p1|Incineroar, L50, F|\n|poke|p1|Rotom-Wash, L50|\n|poke|p1|Sinistcha, L50|\n|poke|p1|Tyranitar, L50, M|\n|poke|p1|Excadrill, L50, M|\n|poke|p2|Charizard, L50, M|\n|poke|p2|Garchomp, L50, M|\n|poke|p2|Whimsicott, L50, F|\n|poke|p2|Sneasler, L50, M|\n|poke|p2|Incineroar, L50, F|\n|poke|p2|Venusaur, L50, M|\n|teampreview|4\n|inactive|Battle timer is ON: inactive players will automatically lose when time's up. (requested by yourfavs?)\n|\n|t:|1776102539\n|teamsize|p1|4\n|teamsize|p2|4\n|start\n|switch|p1a: Incineroar|Incineroar, L50, F|100/100\n|switch|p1b: Floette|Floette-Eternal, L50, F|100/100\n|switch|p2a: Sneasler|Sneasler, L50, M|100/100\n|switch|p2b: Whimsicott|Whimsicott, L50, F|100/100\n|-ability|p1a: Incineroar|Intimidate|boost\n|-unboost|p2a: Sneasler|atk|1\n|-unboost|p2b: Whimsicott|atk|1\n|-enditem|p2a: Sneasler|White Herb\n|-clearnegativeboost|p2a: Sneasler|[silent]\n|turn|1\n|inactive|0_RANDOMNAME_0 has 30 seconds left.\n|inactive|0_RANDOMNAME_0 has 20 seconds left.\n|inactive|0_RANDOMNAME_0 has 15 seconds left.\n|\n|t:|1776102580\n|move|p2a: Sneasler|Fake Out|p1a: Incineroar\n|-damage|p1a: Incineroar|86/100\n|cant|p1a: Incineroar|flinch\n|move|p2b: Whimsicott|Sunny Day|p2b: Whimsicott\n|-weather|SunnyDay\n|move|p1b: Floette|Calm Mind|p1b: Floette\n|-boost|p1b: Floette|spa|1\n|-boost|p1b: Floette|spd|1\n|\n|-weather|SunnyDay|[upkeep]\n|upkeep\n|turn|2\n|inactive|yourfavs? has 30 seconds left.\n|inactive|yourfavs? has 20 seconds left.\n|inactive|yourfavs? has 15 seconds left.\n|\n|t:|1776102622\n|detailschange|p1b: Floette|Floette-Mega, L50, F\n|-mega|p1b: Floette|Floette|Floettite\n|-ability|p1b: Floette|Fairy Aura\n|move|p2b: Whimsicott|Encore|p1b: Floette\n|-start|p1b: Floette|Encore\n|move|p2a: Sneasler|Close Combat|p1a: Incineroar\n|-supereffective|p1a: Incineroar|1\n|-enditem|p1a: Incineroar|Chople Berry|[eat]\n|-enditem|p1a: Incineroar|Chople Berry|[weaken]\n|-damage|p1a: Incineroar|26/100\n|-unboost|p2a: Sneasler|def|1\n|-unboost|p2a: Sneasler|spd|1\n|move|p1b: Floette|Calm Mind|p1b: Floette\n|-boost|p1b: Floette|spa|1\n|-boost|p1b: Floette|spd|1\n|move|p1a: Incineroar|Parting Shot|p2a: Sneasler\n|-unboost|p2a: Sneasler|atk|1\n|-unboost|p2a: Sneasler|spa|1\n|\n|t:|1776102639\n|switch|p1a: Sinistcha|Sinistcha, L50|100/100|[from] Parting Shot\n|\n|-weather|SunnyDay|[upkeep]\n|upkeep\n|turn|3\n|\n|t:|1776102663\n|switch|p2b: Venusaur|Venusaur, L50, M|100/100\n|move|p1a: Sinistcha|Rage Powder|p1a: Sinistcha\n|-singleturn|p1a: Sinistcha|move: Rage Powder\n|move|p2a: Sneasler|Dire Claw|p1a: Sinistcha\n|-damage|p1a: Sinistcha|70/100\n|move|p1b: Floette|Calm Mind|p1b: Floette\n|-boost|p1b: Floette|spa|1\n|-boost|p1b: Floette|spd|1\n|\n|-weather|SunnyDay|[upkeep]\n|-heal|p1a: Sinistcha|76/100|[from] item: Leftovers\n|upkeep\n|turn|4\n|\n|t:|1776102685\n|switch|p1a: Incineroar|Incineroar, L50, F|26/100\n|-ability|p1a: Incineroar|Intimidate|boost\n|-unboost|p2a: Sneasler|atk|1\n|-unboost|p2b: Venusaur|atk|1\n|move|p2a: Sneasler|Protect|p2a: Sneasler\n|-singleturn|p2a: Sneasler|Protect\n|move|p2b: Venusaur|Sludge Wave|p1b: Floette|[spread] p1a,p1b\n|-activate|p2a: Sneasler|move: Protect\n|-supereffective|p1b: Floette|1\n|-damage|p1a: Incineroar|0 fnt\n|-damage|p1b: Floette|77/100\n|faint|p1a: Incineroar\n|move|p1b: Floette|Calm Mind|p1b: Floette\n|-boost|p1b: Floette|spa|1\n|-boost|p1b: Floette|spd|1\n|\n|-weather|SunnyDay|[upkeep]\n|-end|p1b: Floette|Encore\n|upkeep\n|\n|t:|1776102700\n|switch|p1a: Sinistcha|Sinistcha, L50|76/100\n|-heal|p1b: Floette|100/100|[from] ability: Hospitality|[of] p1a: Sinistcha\n|turn|5\n|inactive|0_RANDOMNAME_0 has 30 seconds left.\n|\n|t:|1776102727\n|move|p2a: Sneasler|Dire Claw|p1a: Sinistcha\n|-damage|p1a: Sinistcha|54/100\n|-status|p1a: Sinistcha|slp\n|move|p2b: Venusaur|Sleep Powder|p1b: Floette\n|-status|p1b: Floette|slp|[from] move: Sleep Powder\n|cant|p1b: Floette|slp\n|cant|p1a: Sinistcha|slp\n|\n|-weather|none\n|-heal|p1a: Sinistcha|61/100 slp|[from] item: Leftovers\n|upkeep\n|turn|6\n|c|\u2606yourfavs?|zzz\n|inactive|yourfavs? has 30 seconds left.\n|inactive|0_RANDOMNAME_0 has 30 seconds left.\n|inactive|0_RANDOMNAME_0 has 20 seconds left.\n|\n|t:|1776102766\n|switch|p2a: Charizard|Charizard, L50, M, shiny|100/100\n|cant|p1b: Floette|slp\n|move|p2b: Venusaur|Earth Power|p1b: Floette\n|-damage|p1b: Floette|91/100 slp\n|cant|p1a: Sinistcha|slp\n|\n|-heal|p1a: Sinistcha|67/100 slp|[from] item: Leftovers\n|upkeep\n|turn|7\n|\n|t:|1776102789\n|switch|p2b: Sneasler|Sneasler, L50, M|100/100\n|detailschange|p2a: Charizard|Charizard-Mega-Y, L50, M, shiny\n|-mega|p2a: Charizard|Charizard|Charizardite Y\n|-weather|SunnyDay|[from] ability: Drought|[of] p2a: Charizard\n|move|p2a: Charizard|Heat Wave|p1b: Floette|[spread] p1b\n|-miss|p2a: Charizard|p1a: Sinistcha\n|-damage|p1b: Floette|73/100 slp\n|-curestatus|p1b: Floette|slp|[msg]\n|move|p1b: Floette|Moonblast|p2a: Charizard\n|-resisted|p2a: Charizard|1\n|-damage|p2a: Charizard|0 fnt\n|faint|p2a: Charizard\n|-curestatus|p1a: Sinistcha|slp|[msg]\n|move|p1a: Sinistcha|Trick Room|p1a: Sinistcha\n|-fieldstart|move: Trick Room|[of] p1a: Sinistcha\n|\n|-weather|SunnyDay|[upkeep]\n|-heal|p1a: Sinistcha|73/100|[from] item: Leftovers\n|upkeep\n|inactive|0_RANDOMNAME_0 has 30 seconds left.\n|\n|t:|1776102815\n|switch|p2a: Whimsicott|Whimsicott, L50, F|100/100\n|turn|8\n|\n|t:|1776102828\n|switch|p1a: Rotom|Rotom-Wash, L50, shiny|100/100\n|move|p2b: Sneasler|Fake Out|p1b: Floette\n|-damage|p1b: Floette|53/100\n|move|p2a: Whimsicott|Encore||[still]\n|-fail|p2a: Whimsicott\n|cant|p1b: Floette|flinch\n|\n|-weather|SunnyDay|[upkeep]\n|upkeep\n|turn|9\n|inactive|0_RANDOMNAME_0 has 30 seconds left.\n|\n|t:|1776102856\n|switch|p1a: Sinistcha|Sinistcha, L50|73/100\n|-heal|p1b: Floette|78/100|[from] ability: Hospitality|[of] p1a: Sinistcha\n|move|p2a: Whimsicott|Moonblast|p1a: Sinistcha\n|-damage|p1a: Sinistcha|40/100\n|move|p1b: Floette|Dazzling Gleam|p2b: Sneasler|[spread] p2a,p2b\n|-enditem|p2a: Whimsicott|Focus Sash\n|-damage|p2a: Whimsicott|1/100\n|-damage|p2b: Sneasler|0 fnt\n|faint|p2b: Sneasler\n|\n|-weather|SunnyDay|[upkeep]\n|-heal|p1a: Sinistcha|47/100|[from] item: Leftovers\n|upkeep\n|\n|t:|1776102869\n|switch|p2b: Venusaur|Venusaur, L50, M|100/100\n|turn|10\n|\n|t:|1776102883\n|switch|p1a: Rotom|Rotom-Wash, L50, shiny|100/100\n|move|p2a: Whimsicott|Tailwind|p2a: Whimsicott\n|-sidestart|p2: 0_RANDOMNAME_0|move: Tailwind\n|move|p1b: Floette|Dazzling Gleam|p2b: Venusaur|[spread] p2a,p2b\n|-resisted|p2b: Venusaur|1\n|-damage|p2a: Whimsicott|0 fnt\n|-damage|p2b: Venusaur|17/100\n|faint|p2a: Whimsicott\n|move|p2b: Venusaur|Sleep Powder|p1b: Floette\n|-status|p1b: Floette|slp|[from] move: Sleep Powder\n|\n|-weather|SunnyDay|[upkeep]\n|upkeep\n|turn|11\n|\n|t:|1776102902\n|move|p1a: Rotom|Thunderbolt|p2b: Venusaur\n|-resisted|p2b: Venusaur|1\n|-damage|p2b: Venusaur|0 fnt\n|faint|p2b: Venusaur\n|\n|win|yourfavs?\n|raw|yourfavs?'s rating: 1072 &rarr; <strong>1099</strong><br />(+27 for winning)\n|raw|0_RANDOMNAME_0's rating: 1049 &rarr; <strong>1033</strong><br />(-16 for losing)\n|c|\u2606yourfavs?|didnt know fluttermane is legal\n|l|\u26060_RANDOMNAME_0\n|player|p2|\n",
  "uploadtime": 1776102915,
  "views": 17,
  "formatid": "gen9championsvgc2026regma",
  "rating": 1033,
  "private": 0,
  "password": null
}