{
  "id": "gen9championsvgc2026regma-2586052550",
  "format": "[Gen 9 Champions] VGC 2026 Reg M-A",
  "players": [
    "Elitecdog",
    "Phillip Blevin"
  ],
  "log": "|j|\u2606Elitecdog\n|j|\u2606Phillip Blevin\n|t:|1776394038\n|gametype|doubles\n|player|p1|Elitecdog|elesa|1371\n|player|p2|Phillip Blevin|cynthia-masters4|1371\n|gen|9\n|tier|[Gen 9 Champions] VGC 2026 Reg M-A\n|rated|\n|rule|Species Clause: Limit one of each Pok\u00e9mon\n|rule|Item Clause: Limit 1 of each item\n|clearpoke\n|poke|p1|Blastoise, L50, M|\n|poke|p1|Talonflame, L50, F|\n|poke|p1|Mimikyu, L50, F|\n|poke|p1|Garchomp, L50, F|\n|poke|p1|Vanilluxe, L50, M|\n|poke|p1|Sneasler, L50, M|\n|poke|p2|Froslass, L50, F|\n|poke|p2|Corviknight, L50, F|\n|poke|p2|Sneasler, L50, M|\n|poke|p2|Rotom-Mow, L50|\n|poke|p2|Incineroar, L50, F|\n|poke|p2|Garchomp, L50, F|\n|teampreview|4\n|inactive|Battle timer is ON: inactive players will automatically lose when time's up. (requested by Phillip Blevin)\n|inactive|Elitecdog also wants the timer to be on.\nPhillip Blevin has agreed to open team sheets.\n|inactive|Elitecdog has 60 seconds left.\n|\n|t:|1776394069\n|teamsize|p1|4\n|teamsize|p2|4\n|start\n|switch|p1a: Blastoise|Blastoise, L50, M|100/100\n|switch|p1b: Talonflame|Talonflame, L50, F|100/100\n|switch|p2a: Incineroar|Incineroar, L50, F|100/100\n|switch|p2b: Sneasler|Sneasler, L50, M|100/100\n|-ability|p2b: Sneasler|Pressure\n|-ability|p2a: Incineroar|Intimidate|boost\n|-unboost|p1a: Blastoise|atk|1\n|-unboost|p1b: Talonflame|atk|1\n|turn|1\n|\n|t:|1776394091\n|detailschange|p1a: Blastoise|Blastoise-Mega, L50, M\n|-mega|p1a: Blastoise|Blastoise|Blastoisinite\n|move|p1b: Talonflame|Protect|p1b: Talonflame\n|-singleturn|p1b: Talonflame|Protect\n|move|p1a: Blastoise|Protect|p1a: Blastoise\n|-singleturn|p1a: Blastoise|Protect\n|move|p2b: Sneasler|Fake Out|p1a: Blastoise\n|-activate|p1a: Blastoise|move: Protect\n|move|p2a: Incineroar|Fake Out|p1b: Talonflame\n|-activate|p1b: Talonflame|move: Protect\n|\n|upkeep\n|turn|2\n|\n|t:|1776394104\n|move|p1b: Talonflame|Tailwind|p1b: Talonflame\n|-sidestart|p1: Elitecdog|move: Tailwind\n|move|p1a: Blastoise|Water Spout|p2b: Sneasler|[spread] p2a,p2b\n|-supereffective|p2a: Incineroar|1\n|-enditem|p2a: Incineroar|Passho Berry|[eat]\n|-enditem|p2a: Incineroar|Passho Berry|[weaken]\n|-damage|p2a: Incineroar|42/100\n|-damage|p2b: Sneasler|14/100\n|move|p2b: Sneasler|Dire Claw|p1b: Talonflame\n|-damage|p1b: Talonflame|47/100\n|move|p2a: Incineroar|Darkest Lariat|p1b: Talonflame\n|-damage|p1b: Talonflame|5/100\n|\n|upkeep\n|turn|3\n|inactive|Elitecdog has 30 seconds left.\n|\n|t:|1776394135\n|move|p1b: Talonflame|Acrobatics|p2a: Incineroar\n|-damage|p2a: Incineroar|24/100\n|move|p1a: Blastoise|Water Spout|p2b: Sneasler|[spread] p2a,p2b\n|-supereffective|p2a: Incineroar|1\n|-crit|p2b: Sneasler\n|-damage|p2a: Incineroar|0 fnt\n|-damage|p2b: Sneasler|0 fnt\n|faint|p2a: Incineroar\n|faint|p2b: Sneasler\n|\n|upkeep\n|\n|t:|1776394139\n|switch|p2b: Froslass|Froslass, L50, F|100/100\n|switch|p2a: Rotom|Rotom-Mow, L50|100/100\n|turn|4\n|\n|t:|1776394159\n|move|p2b: Froslass|Protect|p2b: Froslass\n|-singleturn|p2b: Froslass|Protect\n|move|p1b: Talonflame|Acrobatics|p2a: Rotom\n|-damage|p2a: Rotom|67/100\n|move|p1a: Blastoise|Ice Beam|p2a: Rotom\n|-supereffective|p2a: Rotom|1\n|-damage|p2a: Rotom|0 fnt\n|faint|p2a: Rotom\n|\n|upkeep\n|turn|5\n|\n|t:|1776394171\n|detailschange|p2b: Froslass|Froslass-Mega, L50, F\n|-mega|p2b: Froslass|Froslass|Froslassite\n|-weather|Snowscape|[from] ability: Snow Warning|[of] p2b: Froslass\n|move|p1b: Talonflame|Acrobatics|p2b: Froslass\n|-damage|p2b: Froslass|72/100\n|move|p1a: Blastoise|Water Spout|p2b: Froslass\n|-damage|p2b: Froslass|0 fnt\n|faint|p2b: Froslass\n|\n|win|Elitecdog\n|raw|Elitecdog's rating: 1371 &rarr; <strong>1391</strong><br />(+20 for winning)\n|raw|Phillip Blevin's rating: 1371 &rarr; <strong>1351</strong><br />(-20 for losing)\n",
  "uploadtime": 1776394171,
  "views": 27,
  "formatid": "gen9championsvgc2026regma",
  "rating": 1351,
  "private": 0,
  "password": null
}