{
  "id": "gen9championsvgc2026regma-2583752983",
  "format": "[Gen 9 Champions] VGC 2026 Reg M-A",
  "players": [
    "Somakubase",
    "Hedgehogwarrior"
  ],
  "log": "|j|\u2606Somakubase\n|j|\u2606Hedgehogwarrior\n|t:|1776195343\n|gametype|doubles\n|player|p1|Somakubase|aaron|1050\n|player|p2|Hedgehogwarrior|101|1134\n|gen|9\n|tier|[Gen 9 Champions] VGC 2026 Reg M-A\n|rated|\n|rule|Species Clause: Limit one of each Pok\u00e9mon\n|rule|Item Clause: Limit 1 of each item\n|clearpoke\n|poke|p1|Starmie, L50|\n|poke|p1|Lucario, L50, F|\n|poke|p1|Ninetales-Alola, L50, F|\n|poke|p1|Arcanine-Hisui, L50, M|\n|poke|p1|Sneasler, L50, M|\n|poke|p1|Vivillon-High Plains, L50, F|\n|poke|p2|Charizard, L50, M|\n|poke|p2|Whimsicott, L50, M|\n|poke|p2|Crabominable, L50, M|\n|poke|p2|Steelix, L50, M|\n|poke|p2|Sinistcha, L50|\n|poke|p2|Incineroar, L50, F|\n|teampreview|4\n|inactive|Battle timer is ON: inactive players will automatically lose when time's up. (requested by Somakubase)\n|\n|t:|1776195364\n|teamsize|p1|4\n|teamsize|p2|4\n|start\n|switch|p1a: Arcanine|Arcanine-Hisui, L50, M|100/100\n|switch|p1b: Vivillon|Vivillon-High Plains, L50, F|100/100\n|switch|p2a: Steelix|Steelix, L50, M|100/100\n|switch|p2b: Incineroar|Incineroar, L50, F|100/100\n|-ability|p2b: Incineroar|Intimidate|boost\n|-unboost|p1a: Arcanine|atk|1\n|-unboost|p1b: Vivillon|atk|1\n|turn|1\n|\n|t:|1776195385\n|switch|p1a: Starmie|Starmie, L50|100/100\n|move|p2b: Incineroar|Fake Out|p1b: Vivillon\n|-damage|p1b: Vivillon|78/100\n|cant|p1b: Vivillon|flinch\n|move|p2a: Steelix|Stealth Rock|p1b: Vivillon\n|-sidestart|p1: Somakubase|move: Stealth Rock\n|\n|upkeep\n|turn|2\n|inactive|Somakubase has 30 seconds left.\n|\n|t:|1776195413\n|switch|p2b: Whimsicott|Whimsicott, L50, M|100/100\n|detailschange|p1a: Starmie|Starmie-Mega, L50\n|-mega|p1a: Starmie|Starmie|Starminite\n|move|p1a: Starmie|Aqua Jet|p2a: Steelix\n|-supereffective|p2a: Steelix|1\n|-damage|p2a: Steelix|66/100\n|move|p1b: Vivillon|Pollen Puff|p2b: Whimsicott\n|-damage|p2b: Whimsicott|52/100\n|move|p2a: Steelix|Head Smash|p1b: Vivillon\n|-supereffective|p1b: Vivillon|2\n|-damage|p1b: Vivillon|0 fnt\n|faint|p1b: Vivillon\n|\n|-heal|p2a: Steelix|72/100|[from] item: Leftovers\n|upkeep\n|\n|t:|1776195432\n|switch|p1b: Ninetales|Ninetales-Alola, L50, F|100/100\n|-damage|p1b: Ninetales|76/100|[from] Stealth Rock\n|-weather|Snowscape|[from] ability: Snow Warning|[of] p1b: Ninetales\n|turn|3\n|\n|t:|1776195447\n|move|p2b: Whimsicott|Taunt|p1b: Ninetales\n|-start|p1b: Ninetales|move: Taunt\n|move|p1a: Starmie|Ice Spinner|p2b: Whimsicott\n|-supereffective|p2b: Whimsicott|1\n|-damage|p2b: Whimsicott|0 fnt\n|faint|p2b: Whimsicott\n|cant|p1b: Ninetales|move: Taunt|Aurora Veil\n|move|p2a: Steelix|Iron Head|p1b: Ninetales\n|-supereffective|p1b: Ninetales|2\n|-damage|p1b: Ninetales|0 fnt\n|faint|p1b: Ninetales\n|\n|-weather|Snowscape|[upkeep]\n|-heal|p2a: Steelix|79/100|[from] item: Leftovers\n|upkeep\n|\n|t:|1776195462\n|switch|p2b: Incineroar|Incineroar, L50, F|100/100\n|switch|p1b: Arcanine|Arcanine-Hisui, L50, M|100/100\n|-damage|p1b: Arcanine|75/100|[from] Stealth Rock\n|-ability|p2b: Incineroar|Intimidate|boost\n|-unboost|p1a: Starmie|atk|1\n|-unboost|p1b: Arcanine|atk|1\n|turn|4\n|\n|t:|1776195483\n|move|p2b: Incineroar|Fake Out|p1a: Starmie\n|-damage|p1a: Starmie|83/100\n|cant|p1a: Starmie|flinch\n|move|p1b: Arcanine|Flare Blitz|p2a: Steelix\n|-supereffective|p2a: Steelix|1\n|-damage|p2a: Steelix|39/100\n|move|p2a: Steelix|Iron Head|p1b: Arcanine\n|-damage|p1b: Arcanine|46/100\n|-enditem|p1b: Arcanine|Sitrus Berry|[eat]\n|-heal|p1b: Arcanine|71/100|[from] item: Sitrus Berry\n|\n|-weather|Snowscape|[upkeep]\n|-heal|p2a: Steelix|45/100|[from] item: Leftovers\n|upkeep\n|turn|5\n|inactive|Hedgehogwarrior has 30 seconds left.\n|\n|t:|1776195508\n|move|p1a: Starmie|Aqua Jet|p2b: Incineroar\n|-supereffective|p2b: Incineroar|1\n|-damage|p2b: Incineroar|59/100\n|move|p1b: Arcanine|Flare Blitz|p2a: Steelix\n|-supereffective|p2a: Steelix|1\n|-damage|p2a: Steelix|4/100\n|move|p2b: Incineroar|Parting Shot|p1a: Starmie\n|-unboost|p1a: Starmie|atk|1\n|-unboost|p1a: Starmie|spa|1\n|\n|t:|1776195517\n|switch|p2b: Charizard|Charizard, L50, M|100/100|[from] Parting Shot\n|move|p2a: Steelix|Iron Head|p1b: Arcanine\n|-damage|p1b: Arcanine|38/100\n|\n|-weather|Snowscape|[upkeep]\n|-heal|p2a: Steelix|10/100|[from] item: Leftovers\n|upkeep\n|turn|6\n|\n|t:|1776195537\n|switch|p2a: Incineroar|Incineroar, L50, F|59/100\n|-ability|p2a: Incineroar|Intimidate|boost\n|-unboost|p1a: Starmie|atk|1\n|-unboost|p1b: Arcanine|atk|1\n|detailschange|p2b: Charizard|Charizard-Mega-Y, L50, M\n|-mega|p2b: Charizard|Charizard|Charizardite Y\n|-weather|SunnyDay|[from] ability: Drought|[of] p2b: Charizard\n|move|p2b: Charizard|Protect|p2b: Charizard\n|-singleturn|p2b: Charizard|Protect\n|move|p1a: Starmie|Aqua Jet|p2a: Incineroar\n|-supereffective|p2a: Incineroar|1\n|-damage|p2a: Incineroar|47/100\n|move|p1b: Arcanine|Head Smash|p2b: Charizard\n|-activate|p2b: Charizard|move: Protect\n|\n|-weather|SunnyDay|[upkeep]\n|upkeep\n|turn|7\n|\n|t:|1776195558\n|move|p2a: Incineroar|Fake Out|p1b: Arcanine\n|-resisted|p1b: Arcanine|1\n|-damage|p1b: Arcanine|28/100\n|move|p1a: Starmie|Aqua Jet|p2a: Incineroar\n|-supereffective|p2a: Incineroar|1\n|-damage|p2a: Incineroar|35/100\n|move|p2b: Charizard|Heat Wave|p1b: Arcanine|[spread] p1a,p1b\n|-resisted|p1a: Starmie|1\n|-crit|p1a: Starmie\n|-resisted|p1b: Arcanine|2\n|-damage|p1a: Starmie|23/100\n|-damage|p1b: Arcanine|10/100\n|cant|p1b: Arcanine|flinch\n|\n|-weather|SunnyDay|[upkeep]\n|upkeep\n|turn|8\n|\n|t:|1776195579\n|move|p2b: Charizard|Protect|p2b: Charizard\n|-singleturn|p2b: Charizard|Protect\n|move|p1a: Starmie|Aqua Jet|p2a: Incineroar\n|-supereffective|p2a: Incineroar|1\n|-damage|p2a: Incineroar|23/100\n|move|p1b: Arcanine|Head Smash|p2a: Incineroar|[miss]\n|-miss|p1b: Arcanine|p2a: Incineroar\n|move|p2a: Incineroar|Darkest Lariat|p1a: Starmie\n|-supereffective|p1a: Starmie|1\n|-damage|p1a: Starmie|0 fnt\n|faint|p1a: Starmie\n|\n|-weather|SunnyDay|[upkeep]\n|upkeep\n|turn|9\n|\n|t:|1776195596\n|move|p2b: Charizard|Flamethrower|p1b: Arcanine\n|-resisted|p1b: Arcanine|2\n|-damage|p1b: Arcanine|0 fnt\n|faint|p1b: Arcanine\n|\n|win|Hedgehogwarrior\n|raw|Somakubase's rating: 1050 &rarr; <strong>1037</strong><br />(-13 for losing)\n|raw|Hedgehogwarrior's rating: 1134 &rarr; <strong>1153</strong><br />(+19 for winning)\n|c|\u2606Somakubase|Gg\n|l|\u2606Somakubase\n|player|p1|\n",
  "uploadtime": 1776195662,
  "views": 24,
  "formatid": "gen9championsvgc2026regma",
  "rating": 1037,
  "private": 0,
  "password": null
}