{
  "id": "gen9championsvgc2026regma-2581562847",
  "format": "[Gen 9 Champions] VGC 2026 Reg M-A",
  "players": [
    "yixing_onestar",
    "Yashinon"
  ],
  "log": "|j|\u2606yixing_onestar\n|j|\u2606Yashinon\n|t:|1776011209\n|gametype|doubles\n|player|p1|yixing_onestar|swimmerf-gen4|1116\n|player|p2|Yashinon|266|1114\n|gen|9\n|tier|[Gen 9 Champions] VGC 2026 Reg M-A\n|rated|\n|rule|Species Clause: Limit one of each Pok\u00e9mon\n|rule|Item Clause: Limit 1 of each item\n|clearpoke\n|poke|p1|Pelipper, L50, M|\n|poke|p1|Meganium, L50, M|\n|poke|p1|Archaludon, L50, M|\n|poke|p1|Basculegion, L50, M|\n|poke|p1|Talonflame, L50, F|\n|poke|p1|Palafin, L50, F|\n|poke|p2|Gengar, L50, F|\n|poke|p2|Archaludon, L50, M|\n|poke|p2|Politoed, L50, F|\n|poke|p2|Basculegion, L50, M|\n|poke|p2|Incineroar, L50, F|\n|poke|p2|Sinistcha-Masterpiece, L50|\n|teampreview|4\n|c|\u2606yixing_onestar|gl hd\n|c|\u2606yixing_onestar|*hf\nYashinon has agreed to open team sheets.\n|\n|t:|1776011273\n|teamsize|p1|4\n|teamsize|p2|4\n|start\n|switch|p1a: Palafin|Palafin, L50, F|100/100\n|switch|p1b: Talonflame|Talonflame, L50, F|100/100\n|switch|p2a: Gengar|Gengar, L50, F|100/100\n|switch|p2b: Basculegion|Basculegion, L50, M|100/100\n|turn|1\n|\n|t:|1776011291\n|detailschange|p1a: Palafin|Palafin-Hero, L50, F\n|switch|p1a: Basculegion|Basculegion, L50, M|100/100\n|detailschange|p2a: Gengar|Gengar-Mega, L50, F\n|-mega|p2a: Gengar|Gengar|Gengarite\n|move|p1b: Talonflame|Tailwind|p1b: Talonflame\n|-sidestart|p1: yixing_onestar|move: Tailwind\n|move|p2a: Gengar|Perish Song|p2a: Gengar\n|-start|p1a: Basculegion|perish3|[silent]\n|-start|p1b: Talonflame|perish3|[silent]\n|-start|p2a: Gengar|perish3|[silent]\n|-start|p2b: Basculegion|perish3|[silent]\n|-fieldactivate|move: Perish Song\n|move|p2b: Basculegion|Flip Turn|p1b: Talonflame\n|-supereffective|p1b: Talonflame|1\n|-damage|p1b: Talonflame|18/100\n|\n|t:|1776011319\n|switch|p2b: Archaludon|Archaludon, L50, M|100/100|[from] Flip Turn\n|\n|-start|p1b: Talonflame|perish3\n|-start|p1a: Basculegion|perish3\n|-start|p2a: Gengar|perish3\n|upkeep\n|turn|2\n|\n|t:|1776011335\n|move|p1a: Basculegion|Protect|p1a: Basculegion\n|-singleturn|p1a: Basculegion|Protect\n|move|p1b: Talonflame|Dual Wingbeat|p2a: Gengar\n|-damage|p2a: Gengar|75/100\n|-damage|p2a: Gengar|51/100\n|-hitcount|p2a: Gengar|2\n|move|p2b: Archaludon|Electro Shot||[still]\n|-prepare|p2b: Archaludon|Electro Shot\n|-boost|p2b: Archaludon|spa|1\n|move|p2a: Gengar|Shadow Ball|p1a: Basculegion\n|-activate|p1a: Basculegion|move: Protect\n|\n|-start|p1b: Talonflame|perish2\n|-start|p1a: Basculegion|perish2\n|-start|p2a: Gengar|perish2\n|upkeep\n|turn|3\n|\n|t:|1776011357\n|switch|p1a: Archaludon|Archaludon, L50, M|100/100\n|move|p2a: Gengar|Protect|p2a: Gengar\n|-singleturn|p2a: Gengar|Protect\n|move|p1b: Talonflame|Dual Wingbeat|p2a: Gengar\n|-activate|p2a: Gengar|move: Protect\n|move|p2b: Archaludon|Electro Shot|p1a: Archaludon|[from] lockedmove\n|-resisted|p1a: Archaludon|1\n|-damage|p1a: Archaludon|72/100\n|-ability|p1a: Archaludon|Stamina|boost\n|-boost|p1a: Archaludon|def|1\n|\n|-heal|p1a: Archaludon|78/100|[from] item: Leftovers\n|-start|p1b: Talonflame|perish1\n|-start|p2a: Gengar|perish1\n|upkeep\n|turn|4\n|\n|t:|1776011382\n|switch|p2b: Sinistcha|Sinistcha-Masterpiece, L50|100/100\n|-heal|p2a: Gengar|76/100|[from] ability: Hospitality|[of] p2b: Sinistcha\n|switch|p2a: Basculegion|Basculegion, L50, M|100/100\n|move|p1b: Talonflame|Dual Wingbeat|p2a: Basculegion\n|-damage|p2a: Basculegion|76/100\n|-damage|p2a: Basculegion|53/100\n|-hitcount|p2a: Basculegion|2\n|move|p1a: Archaludon|Dragon Pulse|p2b: Sinistcha\n|-crit|p2b: Sinistcha\n|-damage|p2b: Sinistcha|50/100\n|-enditem|p2b: Sinistcha|Sitrus Berry|[eat]\n|-heal|p2b: Sinistcha|75/100|[from] item: Sitrus Berry\n|\n|-heal|p1a: Archaludon|84/100|[from] item: Leftovers\n|-start|p1b: Talonflame|perish0\n|-sideend|p1: yixing_onestar|move: Tailwind\n|upkeep\n|faint|p1b: Talonflame\n|\n|t:|1776011412\n|switch|p1b: Palafin|Palafin-Hero, L50, F|100/100\n|-activate|p1b: Palafin|ability: Zero to Hero\n|turn|5\n|\n|t:|1776011431\n|switch|p2a: Gengar|Gengar-Mega, L50, F|76/100\n|move|p1b: Palafin|Ice Punch|p2b: Sinistcha\n|-supereffective|p2b: Sinistcha|1\n|-damage|p2b: Sinistcha|24/100\n|move|p1a: Archaludon|Dragon Pulse|p2a: Gengar\n|-damage|p2a: Gengar|35/100\n|move|p2b: Sinistcha|Life Dew|p2b: Sinistcha|[spread] p2a,p2b\n|-heal|p2a: Gengar|60/100\n|-heal|p2b: Sinistcha|49/100\n|\n|-heal|p1a: Archaludon|90/100|[from] item: Leftovers\n|upkeep\n|turn|6\n|\n|t:|1776011453\n|move|p2b: Sinistcha|Protect|p2b: Sinistcha\n|-singleturn|p2b: Sinistcha|Protect\n|move|p2a: Gengar|Perish Song|p2a: Gengar\n|-start|p1a: Archaludon|perish3|[silent]\n|-start|p1b: Palafin|perish3|[silent]\n|-start|p2a: Gengar|perish3|[silent]\n|-start|p2b: Sinistcha|perish3|[silent]\n|-fieldactivate|move: Perish Song\n|move|p1b: Palafin|Wave Crash|p2a: Gengar\n|-damage|p2a: Gengar|0 fnt\n|faint|p2a: Gengar\n|-damage|p1b: Palafin|82/100|[from] Recoil\n|move|p1a: Archaludon|Dragon Pulse|p2b: Sinistcha\n|-activate|p2b: Sinistcha|move: Protect\n|\n|-heal|p1a: Archaludon|96/100|[from] item: Leftovers\n|-start|p1b: Palafin|perish3\n|-start|p1a: Archaludon|perish3\n|-start|p2b: Sinistcha|perish3\n|upkeep\n|\n|t:|1776011468\n|switch|p2a: Archaludon|Archaludon, L50, M|100/100\n|turn|7\n|\n|t:|1776011486\n|switch|p1a: Basculegion|Basculegion, L50, M|100/100\n|move|p2a: Archaludon|Electro Shot||[still]\n|-prepare|p2a: Archaludon|Electro Shot\n|-boost|p2a: Archaludon|spa|1\n|move|p1b: Palafin|Ice Punch|p2b: Sinistcha\n|-supereffective|p2b: Sinistcha|1\n|-damage|p2b: Sinistcha|0 fnt\n|faint|p2b: Sinistcha\n|\n|-start|p1b: Palafin|perish2\n|upkeep\n|\n|t:|1776011496\n|switch|p2b: Basculegion|Basculegion, L50, M|53/100\n|turn|8\n|\n|t:|1776011508\n|switch|p1b: Archaludon|Archaludon, L50, M|96/100\n|move|p2a: Archaludon|Electro Shot|p1a: Basculegion|[from] lockedmove\n|-supereffective|p1a: Basculegion|1\n|-damage|p1a: Basculegion|0 fnt\n|faint|p1a: Basculegion\n|move|p2b: Basculegion|Last Respects|p1b: Archaludon\n|-damage|p1b: Archaludon|49/100\n|-ability|p1b: Archaludon|Stamina|boost\n|-boost|p1b: Archaludon|def|1\n|\n|-heal|p1b: Archaludon|55/100|[from] item: Leftovers\n|upkeep\n|\n|t:|1776011518\n|switch|p1a: Palafin|Palafin-Hero, L50, F|82/100\n|turn|9\n|\n|t:|1776011535\n|move|p2a: Archaludon|Electro Shot||[still]\n|-prepare|p2a: Archaludon|Electro Shot\n|-boost|p2a: Archaludon|spa|1\n|move|p1a: Palafin|Wave Crash|p2b: Basculegion\n|-resisted|p2b: Basculegion|1\n|-crit|p2b: Basculegion\n|-damage|p2b: Basculegion|0 fnt\n|faint|p2b: Basculegion\n|-damage|p1a: Palafin|63/100|[from] Recoil\n|move|p1b: Archaludon|Dragon Pulse|p2a: Archaludon\n|-damage|p2a: Archaludon|50/100\n|\n|-heal|p1b: Archaludon|61/100|[from] item: Leftovers\n|upkeep\n|turn|10\n|c|\u2606Yashinon|gg\n|\n|t:|1776011551\n|move|p2a: Archaludon|Electro Shot|p1b: Archaludon|[from] lockedmove\n|-resisted|p1b: Archaludon|1\n|-damage|p1b: Archaludon|17/100\n|-ability|p1b: Archaludon|Stamina|boost\n|-boost|p1b: Archaludon|def|1\n|move|p1a: Palafin|Close Combat|p2a: Archaludon\n|-supereffective|p2a: Archaludon|1\n|-damage|p2a: Archaludon|0 fnt\n|-unboost|p1a: Palafin|def|1\n|-unboost|p1a: Palafin|spd|1\n|faint|p2a: Archaludon\n|\n|win|yixing_onestar\n|raw|yixing_onestar's rating: 1116 &rarr; <strong>1141</strong><br />(+25 for winning)\n|raw|Yashinon's rating: 1114 &rarr; <strong>1089</strong><br />(-25 for losing)\n|c|\u2606yixing_onestar|gg\n|c|\u2606yixing_onestar|wp\n|l|\u2606Yashinon\n|player|p2|\n",
  "uploadtime": 1776011661,
  "views": 14,
  "formatid": "gen9championsvgc2026regma",
  "rating": 1089,
  "private": 0,
  "password": null
}