{
  "id": "gen9championsvgc2026regma-2581830890",
  "format": "[Gen 9 Champions] VGC 2026 Reg M-A",
  "players": [
    "banana superior",
    "MysticRy"
  ],
  "log": "|j|\u2606banana superior\n|j|\u2606MysticRy\n|t:|1776031948\n|gametype|doubles\n|player|p1|banana superior|smasher|1366\n|player|p2|MysticRy|ghetsis|1330\n|gen|9\n|tier|[Gen 9 Champions] VGC 2026 Reg M-A\n|rated|\n|rule|Species Clause: Limit one of each Pok\u00e9mon\n|rule|Item Clause: Limit 1 of each item\n|clearpoke\n|poke|p1|Floette-Eternal, L50, F|\n|poke|p1|Mimikyu, L50, M|\n|poke|p1|Incineroar, L50, F|\n|poke|p1|Torkoal, L50, F|\n|poke|p1|Scovillain, L50, F|\n|poke|p1|Camerupt, L50, M|\n|poke|p2|Froslass, L50, F|\n|poke|p2|Kingambit, L50, F|\n|poke|p2|Primarina, L50, F|\n|poke|p2|Sneasler, L50, M|\n|poke|p2|Arcanine-Hisui, L50, F|\n|poke|p2|Pelipper, L50, F|\n|teampreview|4\n|inactive|Battle timer is ON: inactive players will automatically lose when time's up. (requested by banana superior)\n|\n|t:|1776031983\n|teamsize|p1|4\n|teamsize|p2|4\n|start\n|switch|p1a: Mimikyu|Mimikyu, L50, M, shiny|100/100\n|switch|p1b: Incineroar|Incineroar, L50, F, shiny|100/100\n|switch|p2a: Primarina|Primarina, L50, F|100/100\n|switch|p2b: Sneasler|Sneasler, L50, M|100/100\n|-ability|p1b: Incineroar|Intimidate|boost\n|-unboost|p2a: Primarina|atk|1\n|-unboost|p2b: Sneasler|atk|1\n|-enditem|p2b: Sneasler|White Herb\n|-clearnegativeboost|p2b: Sneasler|[silent]\n|turn|1\n|\n|t:|1776031999\n|move|p2b: Sneasler|Fake Out|p1b: Incineroar\n|-damage|p1b: Incineroar|90/100\n|cant|p1b: Incineroar|flinch\n|move|p2a: Primarina|Calm Mind|p2a: Primarina\n|-boost|p2a: Primarina|spa|1\n|-boost|p2a: Primarina|spd|1\n|move|p1a: Mimikyu|Trick Room|p1a: Mimikyu\n|-fieldstart|move: Trick Room|[of] p1a: Mimikyu\n|\n|upkeep\n|turn|2\n|j| Sace1of1\n|l| Sace1of1\n|j| Sace1of1\n|l| Sace1of1\n|inactive|banana superior has 30 seconds left.\n|\n|t:|1776032024\n|move|p2a: Primarina|Hyper Voice|p1b: Incineroar|[spread] p1a,p1b\n|-supereffective|p1b: Incineroar|1\n|-activate|p1a: Mimikyu|ability: Disguise\n|-damage|p1a: Mimikyu|100/100\n|-damage|p1b: Incineroar|0 fnt\n|detailschange|p1a: Mimikyu|Mimikyu-Busted, L50, M, shiny\n|-damage|p1a: Mimikyu|88/100|[from] pokemon: Mimikyu-Busted\n|faint|p1b: Incineroar\n|move|p1a: Mimikyu|Play Rough|p2b: Sneasler\n|-damage|p2b: Sneasler|29/100\n|move|p2b: Sneasler|Close Combat|p1a: Mimikyu\n|-immune|p1a: Mimikyu\n|\n|upkeep\n|\n|t:|1776032040\n|switch|p1b: Floette|Floette-Eternal, L50, F|100/100\n|turn|3\n|\n|t:|1776032049\n|switch|p1a: Torkoal|Torkoal, L50, F|100/100\n|-weather|SunnyDay|[from] ability: Drought|[of] p1a: Torkoal\n|switch|p2b: Pelipper|Pelipper, L50, F|100/100\n|-weather|RainDance|[from] ability: Drizzle|[of] p2b: Pelipper\n|detailschange|p1b: Floette|Floette-Mega, L50, F\n|-mega|p1b: Floette|Floette|Floettite\n|-ability|p1b: Floette|Fairy Aura\n|move|p2a: Primarina|Hyper Voice|p1a: Torkoal|[spread] p1a,p1b\n|-supereffective|p1a: Torkoal|1\n|-damage|p1a: Torkoal|0 fnt\n|-damage|p1b: Floette|28/100\n|faint|p1a: Torkoal\n|move|p1b: Floette|Dazzling Gleam|p2a: Primarina|[spread] p2a,p2b\n|-damage|p2a: Primarina|72/100\n|-damage|p2b: Pelipper|21/100\n|-enditem|p2b: Pelipper|Sitrus Berry|[eat]\n|-heal|p2b: Pelipper|46/100|[from] item: Sitrus Berry\n|\n|-weather|RainDance|[upkeep]\n|upkeep\n|\n|t:|1776032068\n|switch|p1a: Mimikyu|Mimikyu-Busted, L50, M, shiny|88/100\n|turn|4\n|j| geekaleek\n|j| sanctaphrax\n|\n|t:|1776032082\n|move|p1b: Floette|Protect|p1b: Floette\n|-singleturn|p1b: Floette|Protect\n|move|p2b: Pelipper|Wide Guard|p2b: Pelipper\n|-singleturn|p2b: Pelipper|Wide Guard\n|move|p2a: Primarina|Hyper Voice|p1a: Mimikyu|[spread] p1a\n|-activate|p1b: Floette|move: Protect\n|-damage|p1a: Mimikyu|0 fnt\n|faint|p1a: Mimikyu\n|\n|-weather|RainDance|[upkeep]\n|upkeep\n|turn|5\n|-message|banana superior forfeited.\n|\n|win|MysticRy\n|raw|banana superior's rating: 1366 &rarr; <strong>1344</strong><br />(-22 for losing)\n|raw|MysticRy's rating: 1330 &rarr; <strong>1352</strong><br />(+22 for winning)\n|l|\u2606banana superior\n|player|p1|\n|l| sanctaphrax\n",
  "uploadtime": 1776032128,
  "views": 34,
  "formatid": "gen9championsvgc2026regma",
  "rating": 1344,
  "private": 0,
  "password": null
}