{
  "id": "gen9championsvgc2026regma-2584766849",
  "format": "[Gen 9 Champions] VGC 2026 Reg M-A",
  "players": [
    "Lem0nt34",
    "lfvbf"
  ],
  "log": "|j|\u2606Lem0nt34\n|j|\u2606lfvbf\n|t:|1776282189\n|gametype|doubles\n|player|p1|Lem0nt34|265|1102\n|player|p2|lfvbf|ethan|1146\n|gen|9\n|tier|[Gen 9 Champions] VGC 2026 Reg M-A\n|rated|\n|rule|Species Clause: Limit one of each Pok\u00e9mon\n|rule|Item Clause: Limit 1 of each item\n|clearpoke\n|poke|p1|Gengar, L50, F|\n|poke|p1|Kingambit, L50, M|\n|poke|p1|Sinistcha, L50|\n|poke|p1|Incineroar, L50, F|\n|poke|p1|Kommo-o, L50, F|\n|poke|p1|Tyranitar, L50, F|\n|poke|p2|Crabominable, L50, F|\n|poke|p2|Incineroar, L50, F|\n|poke|p2|Archaludon, L50, M|\n|poke|p2|Pelipper, L50, M|\n|poke|p2|Basculegion, L50, M|\n|poke|p2|Farigiraf, L50, M|\n|teampreview|4\n|\n|t:|1776282230\n|teamsize|p1|4\n|teamsize|p2|4\n|start\n|switch|p1a: Gengar|Gengar, L50, F|100/100\n|switch|p1b: Incineroar|Incineroar, L50, F|100/100\n|switch|p2a: Basculegion|Basculegion, L50, M|100/100\n|switch|p2b: Archaludon|Archaludon, L50, M|100/100\n|-ability|p1b: Incineroar|Intimidate|boost\n|-unboost|p2a: Basculegion|atk|1\n|-unboost|p2b: Archaludon|atk|1\n|turn|1\n|\n|t:|1776282248\n|detailschange|p1a: Gengar|Gengar-Mega, L50, F\n|-mega|p1a: Gengar|Gengar|Gengarite\n|move|p2b: Archaludon|Protect|p2b: Archaludon\n|-singleturn|p2b: Archaludon|Protect\n|move|p1b: Incineroar|Fake Out|p2b: Archaludon\n|-activate|p2b: Archaludon|move: Protect\n|move|p2a: Basculegion|Flip Turn|p1a: Gengar\n|-damage|p1a: Gengar|71/100\n|\n|t:|1776282254\n|switch|p2a: Pelipper|Pelipper, L50, M|100/100|[from] Flip Turn\n|-weather|RainDance|[from] ability: Drizzle|[of] p2a: Pelipper\n|move|p1a: Gengar|Perish Song|p1a: Gengar\n|-start|p1a: Gengar|perish3|[silent]\n|-start|p1b: Incineroar|perish3|[silent]\n|-start|p2a: Pelipper|perish3|[silent]\n|-start|p2b: Archaludon|perish3|[silent]\n|-fieldactivate|move: Perish Song\n|\n|-weather|RainDance|[upkeep]\n|-start|p1a: Gengar|perish3\n|-start|p2b: Archaludon|perish3\n|-start|p1b: Incineroar|perish3\n|-start|p2a: Pelipper|perish3\n|upkeep\n|turn|2\n|\n|t:|1776282279\n|move|p1a: Gengar|Protect|p1a: Gengar\n|-singleturn|p1a: Gengar|Protect\n|move|p2b: Archaludon|Electro Shot||[still]\n|-prepare|p2b: Archaludon|Electro Shot\n|-boost|p2b: Archaludon|spa|1\n|-anim|p2b: Archaludon|Electro Shot|p1a: Gengar\n|-activate|p1a: Gengar|move: Protect\n|move|p1b: Incineroar|Parting Shot|p2b: Archaludon\n|-unboost|p2b: Archaludon|atk|1\n|-unboost|p2b: Archaludon|spa|1\n|\n|t:|1776282290\n|switch|p1b: Sinistcha|Sinistcha, L50|100/100|[from] Parting Shot\n|-heal|p1a: Gengar|96/100|[from] ability: Hospitality|[of] p1b: Sinistcha\n|move|p2a: Pelipper|U-turn|p1b: Sinistcha\n|-damage|p1b: Sinistcha|92/100\n|\n|t:|1776282296\n|switch|p2a: Basculegion|Basculegion, L50, M|100/100|[from] U-turn\n|\n|-weather|RainDance|[upkeep]\n|-start|p1a: Gengar|perish2\n|-start|p2b: Archaludon|perish2\n|upkeep\n|turn|3\n|\n|t:|1776282309\n|move|p1b: Sinistcha|Rage Powder|p1b: Sinistcha\n|-singleturn|p1b: Sinistcha|move: Rage Powder\n|move|p2a: Basculegion|Flip Turn|p1b: Sinistcha\n|-resisted|p1b: Sinistcha|1\n|-damage|p1b: Sinistcha|67/100\n|\n|t:|1776282314\n|switch|p2a: Crabominable|Crabominable, L50, F|100/100|[from] Flip Turn\n|move|p1a: Gengar|Substitute|p1a: Gengar\n|-start|p1a: Gengar|Substitute\n|-damage|p1a: Gengar|71/100\n|move|p2b: Archaludon|Electro Shot||[still]\n|-prepare|p2b: Archaludon|Electro Shot\n|-boost|p2b: Archaludon|spa|1\n|-anim|p2b: Archaludon|Electro Shot|p1a: Gengar\n|-end|p1a: Gengar|Substitute\n|\n|-weather|RainDance|[upkeep]\n|-start|p1a: Gengar|perish1\n|-start|p2b: Archaludon|perish1\n|upkeep\n|turn|4\n|\n|t:|1776282336\n|switch|p1a: Incineroar|Incineroar, L50, F|100/100\n|-ability|p1a: Incineroar|Intimidate|boost\n|-fail|p2a: Crabominable|unboost|Attack|[from] ability: Hyper Cutter|[of] p2a: Crabominable\n|-unboost|p2b: Archaludon|atk|1\n|detailschange|p2a: Crabominable|Crabominable-Mega, L50, F\n|-mega|p2a: Crabominable|Crabominable|Crabominite\n|move|p1b: Sinistcha|Protect|p1b: Sinistcha\n|-singleturn|p1b: Sinistcha|Protect\n|move|p2b: Archaludon|Steel Beam|p1a: Incineroar\n|-resisted|p1a: Incineroar|1\n|-damage|p1a: Incineroar|56/100\n|-damage|p2b: Archaludon|50/100|[from] steelbeam\n|move|p2a: Crabominable|Ice Hammer|p1b: Sinistcha\n|-activate|p1b: Sinistcha|move: Protect\n|\n|-weather|RainDance|[upkeep]\n|-start|p2b: Archaludon|perish0\n|faint|p2b: Archaludon\n|upkeep\n|\n|t:|1776282340\n|switch|p2b: Basculegion|Basculegion, L50, M|100/100\n|turn|5\n|\n|t:|1776282371\n|move|p1a: Incineroar|Fake Out|p2a: Crabominable\n|-damage|p2a: Crabominable|92/100\n|move|p1b: Sinistcha|Rage Powder|p1b: Sinistcha\n|-singleturn|p1b: Sinistcha|move: Rage Powder\n|move|p2b: Basculegion|Flip Turn|p1b: Sinistcha\n|-resisted|p1b: Sinistcha|1\n|-damage|p1b: Sinistcha|39/100\n|-enditem|p1b: Sinistcha|Sitrus Berry|[eat]\n|-heal|p1b: Sinistcha|64/100|[from] item: Sitrus Berry\n|\n|t:|1776282377\n|switch|p2b: Pelipper|Pelipper, L50, M|100/100|[from] Flip Turn\n|cant|p2a: Crabominable|flinch\n|\n|-weather|none\n|upkeep\n|turn|6\n|\n|t:|1776282406\n|switch|p1b: Kingambit|Kingambit, L50, M|100/100\n|move|p2a: Crabominable|Protect|p2a: Crabominable\n|-singleturn|p2a: Crabominable|Protect\n|move|p1a: Incineroar|Parting Shot|p2a: Crabominable\n|-activate|p2a: Crabominable|move: Protect\n|move|p2b: Pelipper|U-turn|p1a: Incineroar\n|-damage|p1a: Incineroar|47/100\n|\n|t:|1776282408\n|switch|p2b: Basculegion|Basculegion, L50, M|100/100|[from] U-turn\n|\n|upkeep\n|turn|7\n|\n|t:|1776282449\n|switch|p2b: Pelipper|Pelipper, L50, M|100/100\n|-weather|RainDance|[from] ability: Drizzle|[of] p2b: Pelipper\n|move|p1a: Incineroar|Protect|p1a: Incineroar\n|-singleturn|p1a: Incineroar|Protect\n|move|p2a: Crabominable|Mach Punch|p1b: Kingambit\n|-supereffective|p1b: Kingambit|2\n|-enditem|p1b: Kingambit|Chople Berry|[eat]\n|-enditem|p1b: Kingambit|Chople Berry|[weaken]\n|-damage|p1b: Kingambit|51/100\n|move|p1b: Kingambit|Low Kick|p2a: Crabominable\n|-supereffective|p2a: Crabominable|1\n|-damage|p2a: Crabominable|22/100\n|\n|-weather|RainDance|[upkeep]\n|upkeep\n|turn|8\n|\n|t:|1776282466\n|switch|p1a: Sinistcha|Sinistcha, L50|64/100\n|-heal|p1b: Kingambit|76/100|[from] ability: Hospitality|[of] p1a: Sinistcha\n|move|p1b: Kingambit|Protect|p1b: Kingambit\n|-singleturn|p1b: Kingambit|Protect\n|move|p2a: Crabominable|Protect|p2a: Crabominable\n|-singleturn|p2a: Crabominable|Protect\n|move|p2b: Pelipper|Tailwind|p2b: Pelipper\n|-sidestart|p2: lfvbf|move: Tailwind\n|\n|-weather|RainDance|[upkeep]\n|upkeep\n|turn|9\n|\n|t:|1776282486\n|switch|p1b: Gengar|Gengar-Mega, L50, F|71/100\n|move|p2b: Pelipper|Weather Ball|p1b: Gengar\n|-damage|p1b: Gengar|14/100\n|move|p2a: Crabominable|Ice Hammer|p1a: Sinistcha\n|-supereffective|p1a: Sinistcha|1\n|-damage|p1a: Sinistcha|0 fnt\n|-unboost|p2a: Crabominable|spe|1\n|faint|p1a: Sinistcha\n|\n|-weather|RainDance|[upkeep]\n|upkeep\n|\n|t:|1776282499\n|switch|p1a: Incineroar|Incineroar, L50, F|47/100\n|-ability|p1a: Incineroar|Intimidate|boost\n|-unboost|p2a: Crabominable|atk|1\n|-unboost|p2b: Pelipper|atk|1\n|turn|10\n|\n|t:|1776282521\n|move|p1b: Gengar|Protect|p1b: Gengar\n|-singleturn|p1b: Gengar|Protect\n|move|p1a: Incineroar|Fake Out|p2a: Crabominable\n|-damage|p2a: Crabominable|14/100\n|cant|p2a: Crabominable|flinch\n|move|p2b: Pelipper|Weather Ball|p1b: Gengar\n|-activate|p1b: Gengar|move: Protect\n|\n|-weather|RainDance|[upkeep]\n|upkeep\n|turn|11\n|\n|t:|1776282568\n|switch|p1b: Kingambit|Kingambit, L50, M|76/100\n|move|p2a: Crabominable|Mach Punch|p1a: Incineroar\n|-supereffective|p1a: Incineroar|1\n|-damage|p1a: Incineroar|10/100\n|move|p2b: Pelipper|Weather Ball|p1b: Kingambit\n|-damage|p1b: Kingambit|23/100\n|move|p1a: Incineroar|Throat Chop|p2a: Crabominable\n|-resisted|p2a: Crabominable|1\n|-damage|p2a: Crabominable|2/100\n|-start|p2a: Crabominable|Throat Chop|[silent]\n|\n|-weather|none\n|-sideend|p2: lfvbf|move: Tailwind\n|upkeep\n|turn|12\n|\n|t:|1776282598\n|switch|p2a: Basculegion|Basculegion, L50, M|100/100\n|move|p1a: Incineroar|Throat Chop|p2a: Basculegion\n|-supereffective|p2a: Basculegion|1\n|-damage|p2a: Basculegion|26/100\n|-start|p2a: Basculegion|Throat Chop|[silent]\n|move|p1b: Kingambit|Iron Head|p2b: Pelipper\n|-resisted|p2b: Pelipper|1\n|-damage|p2b: Pelipper|84/100\n|move|p2b: Pelipper|Tailwind|p2b: Pelipper\n|-sidestart|p2: lfvbf|move: Tailwind\n|\n|upkeep\n|turn|13\n|\n|t:|1776282618\n|move|p2a: Basculegion|Aqua Jet|p1a: Incineroar\n|-supereffective|p1a: Incineroar|1\n|-damage|p1a: Incineroar|0 fnt\n|faint|p1a: Incineroar\n|move|p1b: Kingambit|Sucker Punch||[still]\n|-fail|p1b: Kingambit\n|move|p2b: Pelipper|U-turn|p1b: Kingambit\n|-damage|p1b: Kingambit|18/100\n|\n|t:|1776282623\n|switch|p2b: Crabominable|Crabominable-Mega, L50, F|2/100|[from] U-turn\n|\n|-end|p2a: Basculegion|Throat Chop|[silent]\n|upkeep\n|\n|t:|1776282627\n|switch|p1a: Gengar|Gengar-Mega, L50, F|14/100\n|turn|14\n|\n|t:|1776282643\n|move|p1a: Gengar|Protect|p1a: Gengar\n|-singleturn|p1a: Gengar|Protect\n|move|p2a: Basculegion|Aqua Jet|p1a: Gengar\n|-activate|p1a: Gengar|move: Protect\n|move|p2b: Crabominable|Mach Punch|p1b: Kingambit\n|-supereffective|p1b: Kingambit|2\n|-damage|p1b: Kingambit|0 fnt\n|faint|p1b: Kingambit\n|\n|upkeep\n|turn|15\n|\n|t:|1776282655\n|move|p2a: Basculegion|Aqua Jet|p1a: Gengar\n|-damage|p1a: Gengar|0 fnt\n|faint|p1a: Gengar\n|\n|win|lfvbf\n|raw|Lem0nt34's rating: 1102 &rarr; <strong>1080</strong><br />(-22 for losing)\n|raw|lfvbf's rating: 1146 &rarr; <strong>1168</strong><br />(+22 for winning)\n|l|\u2606Lem0nt34\n|player|p1|\n|l|\u2606lfvbf\n|player|p2|\n|j|\u2606lfvbf\n|player|p2|lfvbf|ethan|\n",
  "uploadtime": 1776282797,
  "views": 16,
  "formatid": "gen9championsvgc2026regma",
  "rating": 1080,
  "private": 0,
  "password": null
}