{
  "id": "gen9championsvgc2026regma-2582108876",
  "format": "[Gen 9 Champions] VGC 2026 Reg M-A",
  "players": [
    "ethalem",
    "GridVGC"
  ],
  "log": "|j|\u2606ethalem\n|j|\u2606GridVGC\n|t:|1776058995\n|gametype|doubles\n|player|p1|ethalem|acetrainer-gen4dp|1083\n|player|p2|GridVGC|acetrainerf-gen4|1141\n|gen|9\n|tier|[Gen 9 Champions] VGC 2026 Reg M-A\n|rated|\n|rule|Species Clause: Limit one of each Pok\u00e9mon\n|rule|Item Clause: Limit 1 of each item\n|clearpoke\n|poke|p1|Gengar, L50, F|\n|poke|p1|Kingambit, L50, F|\n|poke|p1|Kommo-o, L50, M|\n|poke|p1|Incineroar, L50, F|\n|poke|p1|Tyranitar, L50, M|\n|poke|p1|Sinistcha, L50|\n|poke|p2|Froslass, L50, F|\n|poke|p2|Sneasler, L50, M|\n|poke|p2|Rotom-Wash, L50|\n|poke|p2|Aerodactyl, L50, M|\n|poke|p2|Ninetales-Alola, L50, F|\n|poke|p2|Gengar, L50, M|\n|teampreview|4\n|inactive|Battle timer is ON: inactive players will automatically lose when time's up. (requested by ethalem)\n|\n|t:|1776059011\n|teamsize|p1|4\n|teamsize|p2|4\n|start\n|switch|p1a: Gengar|Gengar, L50, F|100/100\n|switch|p1b: Incineroar|Incineroar, L50, F|100/100\n|switch|p2a: Gengar|Gengar, L50, M|100/100\n|switch|p2b: Froslass|Froslass, L50, F|100/100\n|-ability|p1b: Incineroar|Intimidate|boost\n|-unboost|p2a: Gengar|atk|1\n|-unboost|p2b: Froslass|atk|1\n|turn|1\n|inactive|GridVGC has 30 seconds left.\n|\n|t:|1776059044\n|switch|p2b: Sneasler|Sneasler, L50, M|100/100\n|detailschange|p1a: Gengar|Gengar-Mega, L50, F\n|-mega|p1a: Gengar|Gengar|Gengarite\n|move|p1a: Gengar|Protect|p1a: Gengar\n|-singleturn|p1a: Gengar|Protect\n|move|p2a: Gengar|Shadow Ball|p1a: Gengar\n|-activate|p1a: Gengar|move: Protect\n|move|p1b: Incineroar|Throat Chop|p2b: Sneasler\n|-resisted|p2b: Sneasler|1\n|-damage|p2b: Sneasler|74/100\n|-start|p2b: Sneasler|Throat Chop|[silent]\n|\n|upkeep\n|turn|2\n|inactive|ethalem has 30 seconds left.\n|inactive|GridVGC has 30 seconds left.\n|\n|t:|1776059080\n|switch|p2a: Ninetales|Ninetales-Alola, L50, F|100/100\n|-weather|Snowscape|[from] ability: Snow Warning|[of] p2a: Ninetales\n|switch|p1b: Sinistcha|Sinistcha, L50|100/100\n|move|p1a: Gengar|Substitute|p1a: Gengar\n|-start|p1a: Gengar|Substitute\n|-damage|p1a: Gengar|76/100\n|move|p2b: Sneasler|Close Combat|p1b: Sinistcha\n|-immune|p1b: Sinistcha\n|\n|-weather|Snowscape|[upkeep]\n|-end|p2b: Sneasler|Throat Chop|[silent]\n|upkeep\n|turn|3\n|\n|t:|1776059098\n|switch|p1b: Incineroar|Incineroar, L50, F|100/100\n|-ability|p1b: Incineroar|Intimidate|boost\n|-unboost|p2a: Ninetales|atk|1\n|-unboost|p2b: Sneasler|atk|1\n|move|p1a: Gengar|Perish Song|p1a: Gengar\n|-start|p1a: Gengar|perish3|[silent]\n|-start|p1b: Incineroar|perish3|[silent]\n|-start|p2a: Ninetales|perish3|[silent]\n|-start|p2b: Sneasler|perish3|[silent]\n|-fieldactivate|move: Perish Song\n|move|p2a: Ninetales|Encore|p1a: Gengar\n|-start|p1a: Gengar|Encore\n|move|p2b: Sneasler|Dire Claw|p1b: Incineroar\n|-damage|p1b: Incineroar|73/100\n|\n|-weather|Snowscape|[upkeep]\n|-start|p1a: Gengar|perish3\n|-start|p2a: Ninetales|perish3\n|-start|p2b: Sneasler|perish3\n|-start|p1b: Incineroar|perish3\n|upkeep\n|turn|4\n|inactive|ethalem has 30 seconds left.\n|\n|t:|1776059130\n|switch|p1a: Sinistcha|Sinistcha, L50|100/100\n|-heal|p1b: Incineroar|98/100|[from] ability: Hospitality|[of] p1a: Sinistcha\n|move|p2a: Ninetales|Blizzard|p1a: Sinistcha|[spread] p1a,p1b\n|-supereffective|p1a: Sinistcha|1\n|-resisted|p1b: Incineroar|1\n|-damage|p1a: Sinistcha|38/100\n|-damage|p1b: Incineroar|88/100\n|-enditem|p1a: Sinistcha|Sitrus Berry|[eat]\n|-heal|p1a: Sinistcha|63/100|[from] item: Sitrus Berry\n|move|p2b: Sneasler|Close Combat|p1b: Incineroar\n|-supereffective|p1b: Incineroar|1\n|-damage|p1b: Incineroar|6/100\n|-unboost|p2b: Sneasler|def|1\n|-unboost|p2b: Sneasler|spd|1\n|move|p1b: Incineroar|Parting Shot|p2b: Sneasler\n|-unboost|p2b: Sneasler|atk|1\n|-unboost|p2b: Sneasler|spa|1\n|\n|t:|1776059147\n|switch|p1b: Gengar|Gengar-Mega, L50, F|76/100|[from] Parting Shot\n|\n|-weather|Snowscape|[upkeep]\n|-start|p2a: Ninetales|perish2\n|-start|p2b: Sneasler|perish2\n|upkeep\n|turn|5\n|\n|t:|1776059156\n|move|p1b: Gengar|Protect|p1b: Gengar\n|-singleturn|p1b: Gengar|Protect\n|move|p1a: Sinistcha|Protect|p1a: Sinistcha\n|-singleturn|p1a: Sinistcha|Protect\n|move|p2a: Ninetales|Aurora Veil|p2a: Ninetales\n|-sidestart|p2: GridVGC|move: Aurora Veil\n|move|p2b: Sneasler|Dire Claw|p1a: Sinistcha\n|-activate|p1a: Sinistcha|move: Protect\n|\n|-weather|Snowscape|[upkeep]\n|-start|p2a: Ninetales|perish1\n|-start|p2b: Sneasler|perish1\n|upkeep\n|turn|6\n|\n|t:|1776059178\n|move|p1a: Sinistcha|Rage Powder|p1a: Sinistcha\n|-singleturn|p1a: Sinistcha|move: Rage Powder\n|move|p1b: Gengar|Substitute|p1b: Gengar\n|-start|p1b: Gengar|Substitute\n|-damage|p1b: Gengar|52/100\n|move|p2a: Ninetales|Blizzard|p1a: Sinistcha|[spread] p1a,p1b\n|-end|p1b: Gengar|Substitute\n|-supereffective|p1a: Sinistcha|1\n|-damage|p1a: Sinistcha|0 fnt\n|faint|p1a: Sinistcha\n|move|p2b: Sneasler|Dire Claw|p1b: Gengar\n|-resisted|p1b: Gengar|2\n|-damage|p1b: Gengar|43/100\n|\n|-weather|none\n|-start|p2a: Ninetales|perish0\n|-start|p2b: Sneasler|perish0\n|faint|p2a: Ninetales\n|faint|p2b: Sneasler\n|upkeep\n|\n|t:|1776059194\n|switch|p2a: Gengar|Gengar, L50, M|100/100\n|switch|p2b: Froslass|Froslass, L50, F|100/100\n|switch|p1a: Incineroar|Incineroar, L50, F|6/100\n|-ability|p1a: Incineroar|Intimidate|boost\n|-unboost|p2a: Gengar|atk|1\n|-unboost|p2b: Froslass|atk|1\n|turn|7\n|\n|t:|1776059218\n|detailschange|p2b: Froslass|Froslass-Mega, L50, F\n|-mega|p2b: Froslass|Froslass|Froslassite\n|-weather|Snowscape|[from] ability: Snow Warning|[of] p2b: Froslass\n|move|p1a: Incineroar|Protect|p1a: Incineroar\n|-singleturn|p1a: Incineroar|Protect\n|move|p2a: Gengar|Shadow Ball|p1b: Gengar\n|-supereffective|p1b: Gengar|1\n|-damage|p1b: Gengar|0 fnt\n|faint|p1b: Gengar\n|move|p2b: Froslass|Blizzard|p1a: Incineroar\n|-activate|p1a: Incineroar|move: Protect\n|\n|-weather|Snowscape|[upkeep]\n|upkeep\n|\n|t:|1776059232\n|switch|p1b: Kingambit|Kingambit, L50, F|100/100\n|turn|8\n|\n|t:|1776059240\n|move|p1b: Kingambit|Sucker Punch|p2a: Gengar\n|-supereffective|p2a: Gengar|1\n|-damage|p2a: Gengar|0 fnt\n|faint|p2a: Gengar\n|move|p2b: Froslass|Blizzard|p1b: Kingambit|[spread] p1a,p1b\n|-resisted|p1a: Incineroar|1\n|-resisted|p1b: Kingambit|1\n|-damage|p1a: Incineroar|0 fnt\n|-damage|p1b: Kingambit|77/100\n|faint|p1a: Incineroar\n|\n|-weather|Snowscape|[upkeep]\n|upkeep\n|turn|9\n|\n|t:|1776059251\n|move|p1b: Kingambit|Protect|p1b: Kingambit\n|-singleturn|p1b: Kingambit|Protect\n|move|p2b: Froslass|Blizzard|p1b: Kingambit\n|-activate|p1b: Kingambit|move: Protect\n|\n|-weather|Snowscape|[upkeep]\n|-sideend|p2: GridVGC|move: Aurora Veil\n|upkeep\n|turn|10\n|\n|t:|1776059257\n|move|p1b: Kingambit|Sucker Punch|p2b: Froslass\n|-supereffective|p2b: Froslass|1\n|-damage|p2b: Froslass|7/100\n|move|p2b: Froslass|Blizzard|p1b: Kingambit\n|-resisted|p1b: Kingambit|1\n|-damage|p1b: Kingambit|45/100\n|\n|-weather|Snowscape|[upkeep]\n|upkeep\n|turn|11\n|\n|t:|1776059263\n|move|p1b: Kingambit|Protect|p1b: Kingambit\n|-singleturn|p1b: Kingambit|Protect\n|move|p2b: Froslass|Nasty Plot|p2b: Froslass\n|-boost|p2b: Froslass|spa|2\n|\n|-weather|none\n|upkeep\n|turn|12\n|\n|t:|1776059270\n|move|p2b: Froslass|Protect|p2b: Froslass\n|-singleturn|p2b: Froslass|Protect\n|move|p1b: Kingambit|Sucker Punch||[still]\n|-fail|p1b: Kingambit\n|\n|upkeep\n|turn|13\n|\n|t:|1776059275\n|move|p1b: Kingambit|Sucker Punch||[still]\n|-fail|p1b: Kingambit\n|move|p2b: Froslass|Nasty Plot|p2b: Froslass\n|-boost|p2b: Froslass|spa|2\n|\n|upkeep\n|turn|14\n|\n|t:|1776059280\n|move|p2b: Froslass|Protect|p2b: Froslass\n|-singleturn|p2b: Froslass|Protect\n|move|p1b: Kingambit|Sucker Punch||[still]\n|-fail|p1b: Kingambit\n|\n|upkeep\n|turn|15\n|\n|t:|1776059292\n|move|p1b: Kingambit|Protect|p1b: Kingambit\n|-singleturn|p1b: Kingambit|Protect\n|move|p2b: Froslass|Blizzard|p1b: Kingambit\n|-activate|p1b: Kingambit|move: Protect\n|\n|upkeep\n|turn|16\n|\n|t:|1776059301\n|move|p2b: Froslass|Protect|p2b: Froslass\n|-singleturn|p2b: Froslass|Protect\n|move|p1b: Kingambit|Sucker Punch||[still]\n|-fail|p1b: Kingambit\n|\n|upkeep\n|turn|17\n|\n|t:|1776059306\n|move|p1b: Kingambit|Sucker Punch||[still]\n|-fail|p1b: Kingambit\n|move|p2b: Froslass|Nasty Plot|p2b: Froslass\n|-boost|p2b: Froslass|spa|2\n|\n|upkeep\n|turn|18\n|\n|t:|1776059312\n|move|p2b: Froslass|Protect|p2b: Froslass\n|-singleturn|p2b: Froslass|Protect\n|move|p1b: Kingambit|Protect||[still]\n|-fail|p1b: Kingambit\n|\n|upkeep\n|turn|19\n|\n|t:|1776059320\n|move|p2b: Froslass|Protect|p2b: Froslass\n|-singleturn|p2b: Froslass|Protect\n|move|p1b: Kingambit|Sucker Punch||[still]\n|-fail|p1b: Kingambit\n|\n|upkeep\n|turn|20\n|\n|t:|1776059333\n|move|p1b: Kingambit|Protect|p1b: Kingambit\n|-singleturn|p1b: Kingambit|Protect\n|move|p2b: Froslass|Blizzard|p1b: Kingambit\n|-activate|p1b: Kingambit|move: Protect\n|\n|upkeep\n|turn|21\n|\n|t:|1776059341\n|move|p2b: Froslass|Blizzard|p1b: Kingambit\n|-resisted|p1b: Kingambit|1\n|-crit|p1b: Kingambit\n|-damage|p1b: Kingambit|0 fnt\n|faint|p1b: Kingambit\n|\n|win|GridVGC\n|raw|ethalem's rating: 1083 &rarr; <strong>1064</strong><br />(-19 for losing)\n|raw|GridVGC's rating: 1141 &rarr; <strong>1162</strong><br />(+21 for winning)\n|c|\u2606GridVGC|lmfao\n",
  "uploadtime": 1776059351,
  "views": 10,
  "formatid": "gen9championsvgc2026regma",
  "rating": 1064,
  "private": 0,
  "password": null
}