{
  "id": "gen9championsvgc2026regma-2588168547",
  "format": "[Gen 9 Champions] VGC 2026 Reg M-A",
  "players": [
    "Mymikachu",
    "Hosley"
  ],
  "log": "|j|\u2606Mymikachu\n|j|\u2606Hosley\n|t:|1776611002\n|gametype|doubles\n|player|p1|Mymikachu|riley|1052\n|player|p2|Hosley|102|1045\n|gen|9\n|tier|[Gen 9 Champions] VGC 2026 Reg M-A\n|rated|\n|rule|Species Clause: Limit one of each Pok\u00e9mon\n|rule|Item Clause: Limit 1 of each item\n|clearpoke\n|poke|p1|Medicham, L50, F|\n|poke|p1|Tinkaton, L50, F|\n|poke|p1|Froslass, L50, F|\n|poke|p1|Greninja, L50, M|\n|poke|p1|Pikachu, L50, F|\n|poke|p1|Whimsicott, L50, F|\n|poke|p2|Starmie, L50|\n|poke|p2|Kommo-o, L50, M|\n|poke|p2|Sinistcha, L50|\n|poke|p2|Sylveon, L50, M|\n|poke|p2|Incineroar, L50, M|\n|poke|p2|Kingambit, L50, F|\n|teampreview|4\n|inactive|Battle timer is ON: inactive players will automatically lose when time's up. (requested by Hosley)\n|\n|t:|1776611046\n|teamsize|p1|4\n|teamsize|p2|4\n|start\n|switch|p1a: Medicham|Medicham, L50, F|100/100\n|switch|p1b: Greninja|Greninja, L50, M|100/100\n|switch|p2a: Incineroar|Incineroar, L50, M|100/100\n|switch|p2b: Starmie|Starmie, L50|100/100\n|-ability|p2a: Incineroar|Intimidate|boost\n|-unboost|p1a: Medicham|atk|1\n|-unboost|p1b: Greninja|atk|1\n|turn|1\n|\n|t:|1776611062\n|detailschange|p1b: Greninja|Greninja-Mega, L50, M\n|-mega|p1b: Greninja|Greninja|Greninjite\n|move|p2b: Starmie|Protect|p2b: Starmie\n|-singleturn|p2b: Starmie|Protect\n|move|p1a: Medicham|Skill Swap|p1b: Greninja\n|-activate|p1a: Medicham|Skill Swap|||[of] p1b: Greninja\n|move|p1b: Greninja|Rock Slide|p2a: Incineroar|[spread] p2a\n|-activate|p2b: Starmie|move: Protect\n|-supereffective|p2a: Incineroar|1\n|-damage|p2a: Incineroar|49/100\n|-enditem|p2a: Incineroar|Sitrus Berry|[eat]\n|-heal|p2a: Incineroar|73/100|[from] item: Sitrus Berry\n|move|p2a: Incineroar|Will-O-Wisp|p1a: Medicham\n|-status|p1a: Medicham|brn\n|\n|-damage|p1a: Medicham|95/100 brn|[from] brn\n|upkeep\n|turn|2\n|inactive|Hosley has 30 seconds left.\n|inactive|Hosley has 20 seconds left.\n|inactive|Hosley has 15 seconds left.\n|inactive|Hosley has 10 seconds left.\n|\n|t:|1776611108\n|switch|p2b: Sinistcha|Sinistcha, L50|100/100\n|-heal|p2a: Incineroar|98/100|[from] ability: Hospitality|[of] p2b: Sinistcha\n|move|p1a: Medicham|Skill Swap|p2b: Sinistcha\n|-start|p1a: Medicham|typechange|Psychic|[from] ability: Protean\n|-activate|p1a: Medicham|Skill Swap|Hospitality|Protean|[of] p2b: Sinistcha\n|move|p1b: Greninja|Flip Turn|p2a: Incineroar\n|-supereffective|p2a: Incineroar|1\n|-damage|p2a: Incineroar|18/100\n|\n|t:|1776611121\n|switch|p1b: Tinkaton|Tinkaton, L50, F|100/100|[from] Flip Turn\n|move|p2a: Incineroar|Will-O-Wisp|p1b: Tinkaton\n|-status|p1b: Tinkaton|brn\n|\n|-damage|p1a: Medicham|89/100 brn|[from] brn\n|-damage|p1b: Tinkaton|94/100 brn|[from] brn\n|upkeep\n|turn|3\n|\n|t:|1776611136\n|move|p1a: Medicham|Skill Swap|p1b: Tinkaton\n|-activate|p1a: Medicham|Skill Swap|||[of] p1b: Tinkaton\n|-heal|p1a: Medicham|100/100 brn|[from] ability: Hospitality|[of] p1b: Tinkaton\n|move|p1b: Tinkaton|Rock Slide|p2a: Incineroar|[spread] p2a,p2b\n|-supereffective|p2a: Incineroar|1\n|-damage|p2a: Incineroar|4/100\n|-damage|p2b: Sinistcha|94/100\n|move|p2a: Incineroar|Parting Shot|p1b: Tinkaton\n|-unboost|p1b: Tinkaton|atk|1\n|-unboost|p1b: Tinkaton|spa|1\n|\n|t:|1776611153\n|switch|p2a: Starmie|Starmie, L50|100/100|[from] Parting Shot\n|move|p2b: Sinistcha|Trick Room|p2b: Sinistcha\n|-start|p2b: Sinistcha|typechange|Psychic|[from] ability: Protean\n|-fieldstart|move: Trick Room|[of] p2b: Sinistcha\n|\n|-heal|p2b: Sinistcha|100/100|[from] item: Leftovers\n|-heal|p1b: Tinkaton|100/100 brn|[from] item: Leftovers\n|-damage|p1b: Tinkaton|94/100 brn|[from] brn\n|-damage|p1a: Medicham|95/100 brn|[from] brn\n|upkeep\n|turn|4\n|\n|t:|1776611165\n|switch|p1b: Whimsicott|Whimsicott, L50, F|100/100\n|detailschange|p2a: Starmie|Starmie-Mega, L50\n|-mega|p2a: Starmie|Starmie|Starminite\n|move|p2b: Sinistcha|Matcha Gotcha|p1b: Whimsicott|[spread] p1a,p1b\n|-resisted|p1b: Whimsicott|1\n|-damage|p1a: Medicham|66/100 brn\n|-damage|p1b: Whimsicott|87/100\n|move|p2a: Starmie|Liquidation|p1a: Medicham\n|-damage|p1a: Medicham|0 fnt\n|faint|p1a: Medicham\n|\n|upkeep\n|\n|t:|1776611173\n|switch|p1a: Greninja|Greninja-Mega, L50, M|100/100\n|turn|5\n|\n|t:|1776611183\n|move|p1a: Greninja|Shadow Sneak|p2a: Starmie\n|-start|p1a: Greninja|typechange|Ghost|[from] ability: Protean\n|-supereffective|p2a: Starmie|1\n|-damage|p2a: Starmie|52/100\n|move|p2b: Sinistcha|Matcha Gotcha|p1b: Whimsicott|[spread] p1a,p1b\n|-resisted|p1b: Whimsicott|1\n|-damage|p1a: Greninja|78/100\n|-damage|p1b: Whimsicott|75/100\n|move|p1b: Whimsicott|Moonblast|p2a: Starmie\n|-damage|p2a: Starmie|4/100\n|move|p2a: Starmie|Liquidation|p1a: Greninja\n|-damage|p1a: Greninja|0 fnt\n|faint|p1a: Greninja\n|\n|upkeep\n|\n|t:|1776611196\n|switch|p1a: Tinkaton|Tinkaton, L50, F|94/100 brn\n|turn|6\n|-message|Mymikachu forfeited.\n|\n|win|Hosley\n|raw|Mymikachu's rating: 1052 &rarr; <strong>1034</strong><br />(-18 for losing)\n|raw|Hosley's rating: 1045 &rarr; <strong>1079</strong><br />(+34 for winning)\n|l|\u2606Mymikachu\n|player|p1|\n",
  "uploadtime": 1776611213,
  "views": 7,
  "formatid": "gen9championsvgc2026regma",
  "rating": 1034,
  "private": 0,
  "password": null
}