{
  "id": "gen9championsvgc2026regma-2581049494",
  "format": "[Gen 9 Champions] VGC 2026 Reg M-A",
  "players": [
    "Furren't",
    "GIZ25052003"
  ],
  "log": "|j|\u2606Furren't\n|j|\u2606GIZ25052003\n|t:|1775955101\n|gametype|doubles\n|player|p1|Furren't|170|1172\n|player|p2|GIZ25052003|1|1107\n|gen|9\n|tier|[Gen 9 Champions] VGC 2026 Reg M-A\n|rated|\n|rule|Species Clause: Limit one of each Pok\u00e9mon\n|rule|Item Clause: Limit 1 of each item\n|clearpoke\n|poke|p1|Kingambit, L50, F|\n|poke|p1|Hawlucha, L50, M|\n|poke|p1|Sinistcha, L50|\n|poke|p1|Farigiraf, L50, F|\n|poke|p1|Floette-Eternal, L50, F|\n|poke|p1|Incineroar, L50, M|\n|poke|p2|Ninetales-Alola, L50, M|\n|poke|p2|Gyarados, L50, M|\n|poke|p2|Orthworm, L50, F|\n|poke|p2|Garchomp, L50, M|\n|poke|p2|Meganium, L50, M|\n|poke|p2|Mimikyu, L50, M|\n|teampreview|4\n|\n|t:|1775955146\n|teamsize|p1|4\n|teamsize|p2|4\n|start\n|switch|p1a: Hawlucha|Hawlucha, L50, M|100/100\n|switch|p1b: Kingambit|Kingambit, L50, F|100/100\n|switch|p2a: Ninetales|Ninetales-Alola, L50, M|100/100\n|switch|p2b: Orthworm|Orthworm, L50, F|100/100\n|-weather|Snowscape|[from] ability: Snow Warning|[of] p2a: Ninetales\n|turn|1\n|\n|t:|1775955163\n|detailschange|p1a: Hawlucha|Hawlucha-Mega, L50, M\n|-mega|p1a: Hawlucha|Hawlucha|Hawluchanite\n|move|p1a: Hawlucha|Entrainment|p1b: Kingambit\n|-ability|p1b: Kingambit|No Guard|Defiant|[from] move: Entrainment|[of] p1a: Hawlucha\n|move|p2a: Ninetales|Aurora Veil|p2a: Ninetales\n|-sidestart|p2: GIZ25052003|move: Aurora Veil\n|move|p2b: Orthworm|Body Press|p1b: Kingambit\n|-supereffective|p1b: Kingambit|2\n|-damage|p1b: Kingambit|31/100\n|move|p1b: Kingambit|Guillotine|p2b: Orthworm\n|-damage|p2b: Orthworm|0 fnt\n|faint|p2b: Orthworm\n|-ohko\n|\n|-weather|Snowscape|[upkeep]\n|-heal|p1b: Kingambit|37/100|[from] item: Leftovers\n|upkeep\n|\n|t:|1775955181\n|switch|p2b: Mimikyu|Mimikyu, L50, M|100/100\n|turn|2\n|\n|t:|1775955192\n|switch|p1a: Sinistcha|Sinistcha, L50|100/100\n|-heal|p1b: Kingambit|61/100|[from] ability: Hospitality|[of] p1a: Sinistcha\n|move|p2b: Mimikyu|Protect|p2b: Mimikyu\n|-singleturn|p2b: Mimikyu|Protect\n|move|p2a: Ninetales|Encore||[still]\n|-fail|p2a: Ninetales\n|move|p1b: Kingambit|Guillotine|p2a: Ninetales\n|-damage|p2a: Ninetales|0 fnt\n|faint|p2a: Ninetales\n|-ohko\n|\n|-weather|Snowscape|[upkeep]\n|-heal|p1b: Kingambit|67/100|[from] item: Leftovers\n|upkeep\n|\n|t:|1775955211\n|switch|p2a: Gyarados|Gyarados, L50, M|100/100\n|-ability|p2a: Gyarados|Intimidate|boost\n|-unboost|p1a: Sinistcha|atk|1\n|-unboost|p1b: Kingambit|atk|1\n|turn|3\n|\n|t:|1775955223\n|detailschange|p2a: Gyarados|Gyarados-Mega, L50, M\n|-mega|p2a: Gyarados|Gyarados|Gyaradosite\n|-ability|p2a: Gyarados|Mold Breaker\n|move|p1a: Sinistcha|Rage Powder|p1a: Sinistcha\n|-singleturn|p1a: Sinistcha|move: Rage Powder\n|move|p2b: Mimikyu|Shadow Sneak|p1a: Sinistcha\n|-supereffective|p1a: Sinistcha|1\n|-damage|p1a: Sinistcha|74/100\n|move|p2a: Gyarados|Waterfall|p1a: Sinistcha\n|-resisted|p1a: Sinistcha|1\n|-damage|p1a: Sinistcha|55/100\n|move|p1b: Kingambit|Guillotine|p2a: Gyarados\n|-damage|p2a: Gyarados|0 fnt\n|faint|p2a: Gyarados\n|-ohko\n|\n|-weather|Snowscape|[upkeep]\n|-heal|p1b: Kingambit|73/100|[from] item: Leftovers\n|upkeep\n|turn|4\n|\n|t:|1775955238\n|move|p2b: Mimikyu|Play Rough|p1b: Kingambit\n|-damage|p1b: Kingambit|44/100\n|move|p1a: Sinistcha|Matcha Gotcha|p2b: Mimikyu\n|-activate|p2b: Mimikyu|ability: Disguise\n|-damage|p2b: Mimikyu|100/100\n|detailschange|p2b: Mimikyu|Mimikyu-Busted, L50, M\n|-damage|p2b: Mimikyu|88/100|[from] pokemon: Mimikyu-Busted\n|move|p1b: Kingambit|Kowtow Cleave|p2b: Mimikyu\n|-damage|p2b: Mimikyu|61/100\n|\n|-weather|Snowscape|[upkeep]\n|-heal|p1b: Kingambit|50/100|[from] item: Leftovers\n|upkeep\n|turn|5\n|\n|t:|1775955254\n|move|p2b: Mimikyu|Play Rough|p1b: Kingambit\n|-damage|p1b: Kingambit|21/100\n|move|p1a: Sinistcha|Strength Sap|p2b: Mimikyu\n|-unboost|p2b: Mimikyu|atk|1\n|-heal|p1a: Sinistcha|100/100\n|-enditem|p2b: Mimikyu|White Herb\n|-clearnegativeboost|p2b: Mimikyu|[silent]\n|move|p1b: Kingambit|Kowtow Cleave|p2b: Mimikyu\n|-damage|p2b: Mimikyu|34/100\n|\n|-weather|none\n|-heal|p1b: Kingambit|27/100|[from] item: Leftovers\n|-sideend|p2: GIZ25052003|move: Aurora Veil\n|upkeep\n|turn|6\n|\n|t:|1775955266\n|move|p1a: Sinistcha|Rage Powder|p1a: Sinistcha\n|-singleturn|p1a: Sinistcha|move: Rage Powder\n|move|p2b: Mimikyu|Play Rough|p1a: Sinistcha\n|-damage|p1a: Sinistcha|71/100\n|move|p1b: Kingambit|Kowtow Cleave|p2b: Mimikyu\n|-damage|p2b: Mimikyu|0 fnt\n|faint|p2b: Mimikyu\n|\n|win|Furren't\n|raw|Furren&apos;t's rating: 1172 &rarr; <strong>1192</strong><br />(+20 for winning)\n|raw|GIZ25052003's rating: 1107 &rarr; <strong>1087</strong><br />(-20 for losing)\n|l|\u2606GIZ25052003\n|player|p2|\n",
  "uploadtime": 1775955277,
  "views": 11,
  "formatid": "gen9championsvgc2026regma",
  "rating": 1087,
  "private": 0,
  "password": null
}