{
  "id": "gen9championsvgc2026regma-2587866537",
  "format": "[Gen 9 Champions] VGC 2026 Reg M-A",
  "players": [
    "W0kMeDed",
    "TheCrazedMimikyu"
  ],
  "log": "|j|\u2606W0kMeDed\n|j|\u2606TheCrazedMimikyu\n|t:|1776572329\n|gametype|doubles\n|player|p1|W0kMeDed|palmer|1448\n|player|p2|TheCrazedMimikyu|colress|1414\n|gen|9\n|tier|[Gen 9 Champions] VGC 2026 Reg M-A\n|rated|\n|rule|Species Clause: Limit one of each Pok\u00e9mon\n|rule|Item Clause: Limit 1 of each item\n|clearpoke\n|poke|p1|Clefable, L50, F|\n|poke|p1|Skeledirge, L50, M|\n|poke|p1|Milotic, L50, M|\n|poke|p1|Sinistcha, L50|\n|poke|p1|Sneasler, L50, M|\n|poke|p1|Kangaskhan, L50, F|\n|poke|p2|Gengar, L50, F, shiny|\n|poke|p2|Incineroar, L50, M|\n|poke|p2|Kingambit, L50, F|\n|poke|p2|Kommo-o, L50, F|\n|poke|p2|Sneasler, L50, M|\n|poke|p2|Whimsicott, L50, M|\n|teampreview|4\n|\n|t:|1776572379\n|teamsize|p1|4\n|teamsize|p2|4\n|start\n|switch|p1a: Trifolium|Clefable, L50, F|100/100\n|switch|p1b: Vega|Sneasler, L50, M|100/100\n|switch|p2a: Gengar|Gengar, L50, F, shiny|100/100\n|switch|p2b: Sneasler|Sneasler, L50, M|100/100\n|turn|1\n|\n|t:|1776572402\n|detailschange|p2a: Gengar|Gengar-Mega, L50, F, shiny\n|-mega|p2a: Gengar|Gengar|Gengarite\n|move|p1b: Vega|Fake Out|p2b: Sneasler\n|-damage|p2b: Sneasler|74/100\n|cant|p2b: Sneasler|flinch\n|move|p2a: Gengar|Perish Song|p2a: Gengar\n|-start|p1a: Trifolium|perish3|[silent]\n|-start|p1b: Vega|perish3|[silent]\n|-start|p2a: Gengar|perish3|[silent]\n|-start|p2b: Sneasler|perish3|[silent]\n|-fieldactivate|move: Perish Song\n|move|p1a: Trifolium|Calm Mind|p1a: Trifolium\n|-boost|p1a: Trifolium|spa|1\n|-boost|p1a: Trifolium|spd|1\n|\n|-start|p2a: Gengar|perish3\n|-start|p2b: Sneasler|perish3\n|-start|p1b: Vega|perish3\n|-start|p1a: Trifolium|perish3\n|upkeep\n|turn|2\n|\n|t:|1776572420\n|detailschange|p1a: Trifolium|Clefable-Mega, L50, F\n|-mega|p1a: Trifolium|Clefable|Clefablite\n|move|p2a: Gengar|Icy Wind|p1b: Vega|[spread] p1a,p1b\n|-supereffective|p1a: Trifolium|1\n|-damage|p1a: Trifolium|84/100\n|-damage|p1b: Vega|77/100\n|-unboost|p1a: Trifolium|spe|1\n|-unboost|p1b: Vega|spe|1\n|-enditem|p1b: Vega|White Herb\n|-clearnegativeboost|p1b: Vega|[silent]\n|move|p1b: Vega|Dire Claw|p2a: Gengar\n|-resisted|p2a: Gengar|2\n|-damage|p2a: Gengar|87/100\n|-status|p2a: Gengar|par\n|move|p2b: Sneasler|Dire Claw|p1a: Trifolium\n|-supereffective|p1a: Trifolium|1\n|-damage|p1a: Trifolium|11/100\n|move|p1a: Trifolium|Moonblast|p2b: Sneasler\n|-damage|p2b: Sneasler|0 fnt\n|faint|p2b: Sneasler\n|\n|-start|p1b: Vega|perish2\n|-start|p2a: Gengar|perish2\n|-start|p1a: Trifolium|perish2\n|upkeep\n|\n|t:|1776572439\n|switch|p2b: Kommo-o|Kommo-o, L50, F|100/100\n|turn|3\n|\n|t:|1776572453\n|move|p2b: Kommo-o|Protect|p2b: Kommo-o\n|-singleturn|p2b: Kommo-o|Protect\n|move|p1b: Vega|Dire Claw|p2a: Gengar\n|-resisted|p2a: Gengar|2\n|-damage|p2a: Gengar|71/100 par\n|move|p2a: Gengar|Icy Wind|p1b: Vega|[spread] p1a,p1b\n|-supereffective|p1a: Trifolium|1\n|-damage|p1a: Trifolium|0 fnt\n|-damage|p1b: Vega|54/100\n|-unboost|p1b: Vega|spe|1\n|faint|p1a: Trifolium\n|\n|-start|p1b: Vega|perish1\n|-start|p2a: Gengar|perish1\n|upkeep\n|\n|t:|1776572468\n|switch|p1a: Whisky|Sinistcha, L50|100/100\n|-heal|p1b: Vega|79/100|[from] ability: Hospitality|[of] p1a: Whisky\n|turn|4\n|\n|t:|1776572483\n|switch|p2a: Kingambit|Kingambit, L50, F|100/100\n|move|p1b: Vega|Close Combat|p2a: Kingambit\n|-supereffective|p2a: Kingambit|2\n|-damage|p2a: Kingambit|0 fnt\n|-unboost|p1b: Vega|def|1\n|-unboost|p1b: Vega|spd|1\n|faint|p2a: Kingambit\n|move|p2b: Kommo-o|Clangorous Soul|p2b: Kommo-o\n|-boost|p2b: Kommo-o|atk|1\n|-boost|p2b: Kommo-o|def|1\n|-boost|p2b: Kommo-o|spa|1\n|-boost|p2b: Kommo-o|spd|1\n|-boost|p2b: Kommo-o|spe|1\n|-damage|p2b: Kommo-o|68/100\n|move|p1a: Whisky|Matcha Gotcha|p2b: Kommo-o\n|-resisted|p2b: Kommo-o|1\n|-damage|p2b: Kommo-o|54/100\n|\n|-start|p1b: Vega|perish0\n|upkeep\n|faint|p1b: Vega\n|\n|t:|1776572501\n|switch|p1b: VGC 2020|Milotic, L50, M|100/100\n|switch|p2a: Gengar|Gengar-Mega, L50, F, shiny|71/100 par\n|turn|5\n|\n|t:|1776572524\n|move|p2b: Kommo-o|Aura Sphere|p1b: VGC 2020\n|-damage|p1b: VGC 2020|67/100\n|move|p1b: VGC 2020|Muddy Water|p2a: Gengar|[spread] p2b\n|-miss|p1b: VGC 2020|p2a: Gengar\n|-resisted|p2b: Kommo-o|1\n|-damage|p2b: Kommo-o|46/100\n|-unboost|p2b: Kommo-o|accuracy|1\n|-enditem|p2b: Kommo-o|Sitrus Berry|[eat]\n|-heal|p2b: Kommo-o|70/100|[from] item: Sitrus Berry\n|move|p2a: Gengar|Perish Song|p2a: Gengar\n|-start|p1a: Whisky|perish3|[silent]\n|-start|p1b: VGC 2020|perish3|[silent]\n|-start|p2a: Gengar|perish3|[silent]\n|-immune|p2b: Kommo-o|[from] ability: Soundproof\n|-fieldactivate|move: Perish Song\n|move|p1a: Whisky|Matcha Gotcha|p2b: Kommo-o|[spread] p2b\n|-miss|p1a: Whisky|p2a: Gengar\n|-resisted|p2b: Kommo-o|1\n|-damage|p2b: Kommo-o|62/100\n|\n|-heal|p1b: VGC 2020|73/100|[from] item: Leftovers\n|-start|p1b: VGC 2020|perish3\n|-start|p2a: Gengar|perish3\n|-start|p1a: Whisky|perish3\n|upkeep\n|turn|6\n|-message|W0kMeDed forfeited.\n|\n|win|TheCrazedMimikyu\n|raw|W0kMeDed's rating: 1448 &rarr; <strong>1426</strong><br />(-22 for losing)\n|raw|TheCrazedMimikyu's rating: 1414 &rarr; <strong>1436</strong><br />(+22 for winning)\n|l|\u2606W0kMeDed\n|player|p1|\n",
  "uploadtime": 1776572586,
  "views": 15,
  "formatid": "gen9championsvgc2026regma",
  "rating": 1426,
  "private": 0,
  "password": null
}