{
  "id": "gen9championsvgc2026regma-2583541475",
  "format": "[Gen 9 Champions] VGC 2026 Reg M-A",
  "players": [
    "handreal",
    "Lacksatives"
  ],
  "log": "|j|\u2606handreal\n|j|\u2606Lacksatives\n|t:|1776182171\n|gametype|doubles\n|player|p1|handreal|102|1120\n|player|p2|Lacksatives|swimmer-masters|1216\n|gen|9\n|tier|[Gen 9 Champions] VGC 2026 Reg M-A\n|rated|\n|rule|Species Clause: Limit one of each Pok\u00e9mon\n|rule|Item Clause: Limit 1 of each item\n|clearpoke\n|poke|p1|Camerupt, L50, M|\n|poke|p1|Abomasnow, L50, F|\n|poke|p1|Scizor, L50, M|\n|poke|p1|Incineroar, L50, M|\n|poke|p1|Farigiraf, L50, F|\n|poke|p1|Sinistcha-Masterpiece, L50|\n|poke|p2|Kangaskhan, L50, F|\n|poke|p2|Talonflame, L50, F|\n|poke|p2|Aegislash, L50, F|\n|poke|p2|Kommo-o, L50, F|\n|poke|p2|Venusaur, L50, F|\n|poke|p2|Tyranitar, L50, F|\n|teampreview|4\n|\n|t:|1776182232\n|teamsize|p1|4\n|teamsize|p2|4\n|start\n|switch|p1a: Sinistcha|Sinistcha-Masterpiece, L50, shiny|100/100\n|switch|p1b: Incineroar|Incineroar, L50, M|100/100\n|switch|p2a: Kangaskhan|Kangaskhan, L50, F|100/100\n|switch|p2b: Tyranitar|Tyranitar, L50, F|100/100\n|-weather|Sandstorm|[from] ability: Sand Stream|[of] p2b: Tyranitar\n|-ability|p1b: Incineroar|Intimidate|boost\n|-fail|p2a: Kangaskhan|unboost|Attack|[from] ability: Scrappy|[of] p2a: Kangaskhan\n|-unboost|p2b: Tyranitar|atk|1\n|turn|1\n|\n|t:|1776182279\n|switch|p2b: Aegislash|Aegislash, L50, F|100/100\n|move|p2a: Kangaskhan|Fake Out|p1a: Sinistcha\n|-damage|p1a: Sinistcha|83/100\n|move|p1b: Incineroar|Parting Shot|p2b: Aegislash\n|-unboost|p2b: Aegislash|atk|1\n|-unboost|p2b: Aegislash|spa|1\n|\n|t:|1776182292\n|switch|p1b: Camerupt|Camerupt, L50, M, shiny|100/100|[from] Parting Shot\n|cant|p1a: Sinistcha|flinch\n|\n|-weather|Sandstorm|[upkeep]\n|-damage|p2a: Kangaskhan|94/100|[from] Sandstorm\n|-damage|p1a: Sinistcha|77/100|[from] Sandstorm\n|upkeep\n|turn|2\n|\n|t:|1776182346\n|switch|p1b: Incineroar|Incineroar, L50, M|100/100\n|-ability|p1b: Incineroar|Intimidate|boost\n|-fail|p2a: Kangaskhan|unboost|Attack|[from] ability: Scrappy|[of] p2a: Kangaskhan\n|-unboost|p2b: Aegislash|atk|1\n|move|p2a: Kangaskhan|Double-Edge|p1a: Sinistcha\n|-damage|p1a: Sinistcha|32/100\n|-damage|p2a: Kangaskhan|80/100|[from] Recoil\n|-formechange|p2b: Aegislash|Aegislash-Blade|\n|move|p2b: Aegislash|Poltergeist|p1a: Sinistcha\n|-activate|p1a: Sinistcha|move: Poltergeist|Focus Sash\n|-supereffective|p1a: Sinistcha|1\n|-damage|p1a: Sinistcha|0 fnt\n|faint|p1a: Sinistcha\n|\n|-weather|Sandstorm|[upkeep]\n|-damage|p2a: Kangaskhan|74/100|[from] Sandstorm\n|-damage|p1b: Incineroar|95/100|[from] Sandstorm\n|upkeep\n|\n|t:|1776182364\n|switch|p1a: Camerupt|Camerupt, L50, M, shiny|100/100\n|turn|3\n|\n|t:|1776182382\n|switch|p2b: Tyranitar|Tyranitar, L50, F|100/100\n|detailschange|p2a: Kangaskhan|Kangaskhan-Mega, L50, F\n|-mega|p2a: Kangaskhan|Kangaskhan|Kangaskhanite\n|detailschange|p1a: Camerupt|Camerupt-Mega, L50, M, shiny\n|-mega|p1a: Camerupt|Camerupt|Cameruptite\n|move|p1b: Incineroar|Fake Out|p2a: Kangaskhan\n|-damage|p2a: Kangaskhan|62/100\n|cant|p2a: Kangaskhan|flinch\n|move|p1a: Camerupt|Heat Wave|p2b: Tyranitar|[spread] p2a,p2b\n|-resisted|p2b: Tyranitar|1\n|-damage|p2a: Kangaskhan|4/100\n|-damage|p2b: Tyranitar|84/100\n|\n|-weather|Sandstorm|[upkeep]\n|-damage|p2a: Kangaskhan|0 fnt|[from] Sandstorm\n|-damage|p1b: Incineroar|89/100|[from] Sandstorm\n|faint|p2a: Kangaskhan\n|upkeep\n|\n|t:|1776182392\n|switch|p2a: Kommo-o|Kommo-o, L50, F|100/100\n|turn|4\n|\n|t:|1776182456\n|move|p2a: Kommo-o|Iron Defense|p2a: Kommo-o\n|-boost|p2a: Kommo-o|def|2\n|move|p2b: Tyranitar|Rock Slide|p1a: Camerupt|[spread] p1b\n|-miss|p2b: Tyranitar|p1a: Camerupt\n|-supereffective|p1b: Incineroar|1\n|-damage|p1b: Incineroar|32/100\n|move|p1b: Incineroar|Parting Shot|p2b: Tyranitar\n|-unboost|p2b: Tyranitar|atk|1\n|-unboost|p2b: Tyranitar|spa|1\n|\n|t:|1776182464\n|switch|p1b: Scizor|Scizor, L50, M, shiny|100/100|[from] Parting Shot\n|move|p1a: Camerupt|Heat Wave|p2a: Kommo-o|[spread] p2a,p2b\n|-resisted|p2a: Kommo-o|1\n|-resisted|p2b: Tyranitar|1\n|-damage|p2a: Kommo-o|77/100\n|-damage|p2b: Tyranitar|68/100\n|\n|-weather|Sandstorm|[upkeep]\n|-damage|p2a: Kommo-o|71/100|[from] Sandstorm\n|-heal|p2a: Kommo-o|77/100|[from] item: Leftovers\n|upkeep\n|turn|5\n|\n|t:|1776182504\n|move|p2b: Tyranitar|Protect|p2b: Tyranitar\n|-singleturn|p2b: Tyranitar|Protect\n|move|p1b: Scizor|Bullet Punch|p2b: Tyranitar\n|-activate|p2b: Tyranitar|move: Protect\n|move|p2a: Kommo-o|Body Press|p1a: Camerupt\n|-damage|p1a: Camerupt|16/100\n|move|p1a: Camerupt|Heat Wave|p2b: Tyranitar|[spread] p2a\n|-activate|p2b: Tyranitar|move: Protect\n|-resisted|p2a: Kommo-o|1\n|-damage|p2a: Kommo-o|54/100\n|\n|-weather|none\n|-heal|p2a: Kommo-o|60/100|[from] item: Leftovers\n|upkeep\n|turn|6\n|\n|t:|1776182529\n|switch|p1a: Incineroar|Incineroar, L50, M|32/100\n|-ability|p1a: Incineroar|Intimidate|boost\n|-unboost|p2a: Kommo-o|atk|1\n|-unboost|p2b: Tyranitar|atk|1\n|move|p1b: Scizor|Bullet Punch|p2b: Tyranitar\n|-supereffective|p2b: Tyranitar|1\n|-damage|p2b: Tyranitar|1/100\n|move|p2a: Kommo-o|Body Press|p1b: Scizor\n|-damage|p1b: Scizor|23/100\n|move|p2b: Tyranitar|Knock Off|p1a: Incineroar\n|-resisted|p1a: Incineroar|1\n|-damage|p1a: Incineroar|22/100\n|-enditem|p1a: Incineroar|Chople Berry|[from] move: Knock Off|[of] p2b: Tyranitar\n|\n|-heal|p2a: Kommo-o|66/100|[from] item: Leftovers\n|upkeep\n|turn|7\n|\n|t:|1776182548\n|switch|p1b: Camerupt|Camerupt-Mega, L50, M, shiny|16/100\n|move|p2a: Kommo-o|Protect|p2a: Kommo-o\n|-singleturn|p2a: Kommo-o|Protect\n|move|p1a: Incineroar|Fake Out|p2a: Kommo-o\n|-activate|p2a: Kommo-o|move: Protect\n|move|p2b: Tyranitar|Rock Slide|p1a: Incineroar|[spread] p1a,p1b\n|-supereffective|p1a: Incineroar|1\n|-damage|p1a: Incineroar|0 fnt\n|-damage|p1b: Camerupt|0 fnt\n|faint|p1a: Incineroar\n|faint|p1b: Camerupt\n|\n|-heal|p2a: Kommo-o|72/100|[from] item: Leftovers\n|upkeep\n|-message|handreal forfeited.\n|\n|win|Lacksatives\n|raw|handreal's rating: 1120 &rarr; <strong>1102</strong><br />(-18 for losing)\n|raw|Lacksatives's rating: 1216 &rarr; <strong>1234</strong><br />(+18 for winning)\n|l|\u2606handreal\n|player|p1|\n",
  "uploadtime": 1776182559,
  "views": 17,
  "formatid": "gen9championsvgc2026regma",
  "rating": 1102,
  "private": 0,
  "password": null
}