{
  "id": "gen9championsvgc2026regma-2585736411",
  "format": "[Gen 9 Champions] VGC 2026 Reg M-A",
  "players": [
    "boysenorange",
    "incinefraude"
  ],
  "log": "|j|\u2606boysenorange\n|j|\u2606incinefraude\n|t:|1776367049\n|gametype|doubles\n|player|p1|boysenorange|turo|1204\n|player|p2|incinefraude|worker-gen4|1235\n|gen|9\n|tier|[Gen 9 Champions] VGC 2026 Reg M-A\n|rated|\n|rule|Species Clause: Limit one of each Pok\u00e9mon\n|rule|Item Clause: Limit 1 of each item\n|clearpoke\n|poke|p1|Farigiraf, L50, M|\n|poke|p1|Sinistcha, L50|\n|poke|p1|Medicham, L50, F|\n|poke|p1|Torkoal, L50, F|\n|poke|p1|Golurk, L50|\n|poke|p1|Decidueye-Hisui, L50, F|\n|poke|p2|Gengar, L50, M|\n|poke|p2|Politoed, L50, M|\n|poke|p2|Basculegion, L50, M|\n|poke|p2|Incineroar, L50, M|\n|poke|p2|Dragonite, L50, M|\n|poke|p2|Kingambit, L50, F|\n|teampreview|4\n|\n|t:|1776367074\n|teamsize|p1|4\n|teamsize|p2|4\n|start\n|switch|p1a: Sinistcha|Sinistcha, L50|100/100\n|switch|p1b: Medicham|Medicham, L50, F|100/100\n|switch|p2a: Incineroar|Incineroar, L50, M, shiny|100/100\n|switch|p2b: Dragonite|Dragonite, L50, M, shiny|100/100\n|-ability|p2a: Incineroar|Intimidate|boost\n|-unboost|p1a: Sinistcha|atk|1\n|-unboost|p1b: Medicham|atk|1\n|turn|1\n|\n|t:|1776367110\n|detailschange|p2b: Dragonite|Dragonite-Mega, L50, M, shiny\n|-mega|p2b: Dragonite|Dragonite|Dragoninite\n|move|p1b: Medicham|Fake Out|p2b: Dragonite\n|-damage|p2b: Dragonite|96/100\n|move|p2a: Incineroar|Fake Out|p1b: Medicham\n|-damage|p1b: Medicham|85/100\n|cant|p2b: Dragonite|flinch\n|move|p1a: Sinistcha|Trick Room|p1a: Sinistcha\n|-fieldstart|move: Trick Room|[of] p1a: Sinistcha\n|\n|upkeep\n|turn|2\n|inactive|Battle timer is ON: inactive players will automatically lose when time's up. (requested by boysenorange)\n|\n|t:|1776367132\n|move|p2b: Dragonite|Protect|p2b: Dragonite\n|-singleturn|p2b: Dragonite|Protect\n|move|p2a: Incineroar|Parting Shot|p1b: Medicham\n|-unboost|p1b: Medicham|atk|1\n|-unboost|p1b: Medicham|spa|1\n|\n|t:|1776367137\n|switch|p2a: Basculegion|Basculegion, L50, M|100/100|[from] Parting Shot\n|move|p1a: Sinistcha|Memento|p2b: Dragonite\n|-activate|p2b: Dragonite|move: Protect\n|move|p1b: Medicham|Psycho Cut|p2b: Dragonite\n|-activate|p2b: Dragonite|move: Protect\n|\n|upkeep\n|turn|3\n|inactive|boysenorange has 30 seconds left.\n|\n|t:|1776367170\n|move|p1a: Sinistcha|Rage Powder|p1a: Sinistcha\n|-singleturn|p1a: Sinistcha|move: Rage Powder\n|move|p1b: Medicham|Psycho Cut|p2b: Dragonite\n|-damage|p2b: Dragonite|77/100\n|move|p2a: Basculegion|Last Respects|p1a: Sinistcha\n|-supereffective|p1a: Sinistcha|1\n|-damage|p1a: Sinistcha|49/100\n|move|p2b: Dragonite|Roost|p2b: Dragonite\n|-heal|p2b: Dragonite|100/100\n|-singleturn|p2b: Dragonite|move: Roost\n|\n|upkeep\n|turn|4\n|\n|t:|1776367190\n|switch|p2a: Incineroar|Incineroar, L50, M, shiny|100/100\n|-ability|p2a: Incineroar|Intimidate|boost\n|-unboost|p1a: Sinistcha|atk|1\n|-unboost|p1b: Medicham|atk|1\n|move|p2b: Dragonite|Protect|p2b: Dragonite\n|-singleturn|p2b: Dragonite|Protect\n|move|p1a: Sinistcha|Trick Room|p1a: Sinistcha\n|-fieldend|move: Trick Room\n|move|p1b: Medicham|Trick Room|p1b: Medicham\n|-fieldstart|move: Trick Room|[of] p1b: Medicham\n|\n|upkeep\n|turn|5\n|\n|t:|1776367205\n|switch|p2a: Basculegion|Basculegion, L50, M|100/100\n|switch|p1b: Decidueye|Decidueye-Hisui, L50, F|100/100\n|move|p1a: Sinistcha|Memento|p2b: Dragonite\n|-unboost|p2b: Dragonite|atk|2\n|-unboost|p2b: Dragonite|spa|2\n|faint|p1a: Sinistcha\n|move|p2b: Dragonite|Hurricane|p1b: Decidueye\n|-supereffective|p1b: Decidueye|2\n|-damage|p1b: Decidueye|0 fnt\n|faint|p1b: Decidueye\n|\n|upkeep\n|\n|t:|1776367217\n|switch|p1b: Golurk|Golurk, L50|100/100\n|switch|p1a: Medicham|Medicham, L50, F|85/100\n|turn|6\n|c|\u2606boysenorange|my brain isn't on\n|inactive|boysenorange has 30 seconds left.\n|\n|t:|1776367249\n|switch|p2b: Politoed|Politoed, L50, M|100/100\n|-weather|RainDance|[from] ability: Drizzle|[of] p2b: Politoed\n|detailschange|p1b: Golurk|Golurk-Mega, L50\n|-mega|p1b: Golurk|Golurk|Golurkite\n|move|p2a: Basculegion|Aqua Jet|p1b: Golurk\n|-supereffective|p1b: Golurk|1\n|-damage|p1b: Golurk|5/100\n|move|p1b: Golurk|Shadow Punch|p2a: Basculegion\n|-supereffective|p2a: Basculegion|1\n|-damage|p2a: Basculegion|4/100\n|move|p1a: Medicham|Psycho Cut|p2b: Politoed\n|-damage|p2b: Politoed|53/100\n|\n|-weather|RainDance|[upkeep]\n|-heal|p2b: Politoed|59/100|[from] item: Leftovers\n|upkeep\n|turn|7\n|\n|t:|1776367267\n|move|p1b: Golurk|Protect|p1b: Golurk\n|-singleturn|p1b: Golurk|Protect\n|move|p2a: Basculegion|Aqua Jet|p1b: Golurk\n|-activate|p1b: Golurk|move: Protect\n|move|p1a: Medicham|Psycho Cut|p2a: Basculegion\n|-crit|p2a: Basculegion\n|-damage|p2a: Basculegion|0 fnt\n|faint|p2a: Basculegion\n|move|p2b: Politoed|Weather Ball|p1a: Medicham\n|-damage|p1a: Medicham|20/100\n|\n|-weather|RainDance|[upkeep]\n|-heal|p2b: Politoed|65/100|[from] item: Leftovers\n|upkeep\n|\n|t:|1776367279\n|switch|p2a: Dragonite|Dragonite-Mega, L50, M, shiny|100/100\n|turn|8\n|c|\u2606incinefraude|yeah it happens some times haha\n|\n|t:|1776367294\n|move|p2b: Politoed|Protect|p2b: Politoed\n|-singleturn|p2b: Politoed|Protect\n|move|p2a: Dragonite|Protect|p2a: Dragonite\n|-singleturn|p2a: Dragonite|Protect\n|move|p1b: Golurk|Shadow Punch|p2a: Dragonite\n|-ability|p1b: Golurk|Unseen Fist\n|-zbroken|p2a: Dragonite\n|-damage|p2a: Dragonite|96/100\n|move|p1a: Medicham|Psycho Cut|p2b: Politoed\n|-activate|p2b: Politoed|move: Protect\n|\n|-weather|RainDance|[upkeep]\n|-heal|p2b: Politoed|72/100|[from] item: Leftovers\n|-fieldend|move: Trick Room\n|upkeep\n|turn|9\n|c|\u2606boysenorange|gg\n|\n|t:|1776367315\n|move|p2a: Dragonite|Hurricane|p1a: Medicham\n|-supereffective|p1a: Medicham|1\n|-damage|p1a: Medicham|0 fnt\n|faint|p1a: Medicham\n|move|p2b: Politoed|Weather Ball|p1b: Golurk\n|-supereffective|p1b: Golurk|1\n|-damage|p1b: Golurk|0 fnt\n|faint|p1b: Golurk\n|\n|win|incinefraude\n|raw|boysenorange's rating: 1204 &rarr; <strong>1181</strong><br />(-23 for losing)\n|raw|incinefraude's rating: 1235 &rarr; <strong>1258</strong><br />(+23 for winning)\n|c|\u2606incinefraude|ggwp\n",
  "uploadtime": 1776367318,
  "views": 16,
  "formatid": "gen9championsvgc2026regma",
  "rating": 1181,
  "private": 0,
  "password": null
}