{
  "id": "gen9championsvgc2026regma-2583762726",
  "format": "[Gen 9 Champions] VGC 2026 Reg M-A",
  "players": [
    "bo1scammer",
    "MarcieIsForager"
  ],
  "log": "|j|\u2606bo1scammer\n|j|\u2606MarcieIsForager\n|t:|1776196014\n|gametype|doubles\n|player|p1|bo1scammer|rocketgruntf|1133\n|player|p2|MarcieIsForager|bellelba|1053\n|gen|9\n|tier|[Gen 9 Champions] VGC 2026 Reg M-A\n|rated|\n|rule|Species Clause: Limit one of each Pok\u00e9mon\n|rule|Item Clause: Limit 1 of each item\n|clearpoke\n|poke|p1|Incineroar, L50, F|\n|poke|p1|Floette-Eternal, L50, F|\n|poke|p1|Sneasler, L50, F|\n|poke|p1|Aerodactyl, L50, M|\n|poke|p1|Garchomp, L50, M|\n|poke|p1|Sinistcha, L50|\n|poke|p2|Politoed, L50, M|\n|poke|p2|Basculegion, L50, M|\n|poke|p2|Farigiraf, L50, F|\n|poke|p2|Meganium, L50, F|\n|poke|p2|Zoroark-Hisui, L50, F|\n|poke|p2|Ninetales-Alola, L50, F|\n|teampreview|4\n|\n|t:|1776196050\n|teamsize|p1|4\n|teamsize|p2|4\n|start\n|switch|p1a: Incineroar|Incineroar, L50, F|100/100\n|switch|p1b: Floette|Floette-Eternal, L50, F|100/100\n|switch|p2a: Meganium|Meganium, L50, F|100/100\n|switch|p2b: Farigiraf|Farigiraf, L50, F|100/100\n|-ability|p1a: Incineroar|Intimidate|boost\n|-unboost|p2a: Meganium|atk|1\n|-unboost|p2b: Farigiraf|atk|1\n|turn|1\n|\n|t:|1776196091\n|switch|p2b: Politoed|Politoed, L50, M|100/100\n|-weather|RainDance|[from] ability: Drizzle|[of] p2b: Politoed\n|detailschange|p1b: Floette|Floette-Mega, L50, F\n|-mega|p1b: Floette|Floette|Floettite\n|-ability|p1b: Floette|Fairy Aura\n|detailschange|p2a: Meganium|Meganium-Mega, L50, F\n|-mega|p2a: Meganium|Meganium|Meganiumite\n|move|p1b: Floette|Moonblast|p2b: Politoed\n|-crit|p2b: Politoed\n|-damage|p2b: Politoed|21/100\n|-enditem|p2b: Politoed|Sitrus Berry|[eat]\n|-heal|p2b: Politoed|46/100|[from] item: Sitrus Berry\n|move|p1a: Incineroar|Throat Chop|p2b: Politoed\n|-crit|p2b: Politoed\n|-damage|p2b: Politoed|0 fnt\n|faint|p2b: Politoed\n|move|p2a: Meganium|Weather Ball|p1a: Incineroar\n|-resisted|p1a: Incineroar|1\n|-damage|p1a: Incineroar|72/100\n|\n|-weather|RainDance|[upkeep]\n|upkeep\n|\n|t:|1776196112\n|switch|p2b: Basculegion|Basculegion, L50, M|100/100\n|turn|2\n|c|\u2606bo1scammer|fireball\n|\n|t:|1776196146\n|switch|p1b: Garchomp|Garchomp, L50, M, shiny|100/100\n|move|p2b: Basculegion|Last Respects|p1b: Garchomp\n|-damage|p1b: Garchomp|49/100\n|move|p1a: Incineroar|Throat Chop|p2b: Basculegion\n|-supereffective|p2b: Basculegion|1\n|-damage|p2b: Basculegion|17/100\n|-start|p2b: Basculegion|Throat Chop|[silent]\n|move|p2a: Meganium|Weather Ball|p1a: Incineroar\n|-resisted|p1a: Incineroar|1\n|-damage|p1a: Incineroar|43/100\n|\n|-weather|RainDance|[upkeep]\n|upkeep\n|turn|3\n|c|\u2606MarcieIsForager|so it really is always fire\n|c|\u2606bo1scammer|yeah\n|\n|t:|1776196192\n|move|p2b: Basculegion|Last Respects|p1b: Garchomp\n|-damage|p1b: Garchomp|0 fnt\n|faint|p1b: Garchomp\n|move|p1a: Incineroar|Throat Chop|p2b: Basculegion\n|-supereffective|p2b: Basculegion|1\n|-damage|p2b: Basculegion|0 fnt\n|faint|p2b: Basculegion\n|move|p2a: Meganium|Dazzling Gleam|p1a: Incineroar\n|-damage|p1a: Incineroar|0 fnt\n|faint|p1a: Incineroar\n|\n|-weather|RainDance|[upkeep]\n|upkeep\n|\n|t:|1776196204\n|switch|p1b: Floette|Floette-Mega, L50, F|100/100\n|switch|p2b: Farigiraf|Farigiraf, L50, F|100/100\n|switch|p1a: Sneasler|Sneasler, L50, F|100/100\n|-ability|p1b: Floette|Fairy Aura\n|turn|4\n|inactive|Battle timer is ON: inactive players will automatically lose when time's up. (requested by bo1scammer)\n|\n|t:|1776196221\n|move|p2a: Meganium|Protect|p2a: Meganium\n|-singleturn|p2a: Meganium|Protect\n|move|p1a: Sneasler|Dire Claw|p2a: Meganium\n|-activate|p2a: Meganium|move: Protect\n|move|p1b: Floette|Moonblast|p2b: Farigiraf\n|-damage|p2b: Farigiraf|18/100\n|move|p2b: Farigiraf|Trick Room|p2b: Farigiraf\n|-fieldstart|move: Trick Room|[of] p2b: Farigiraf\n|\n|-weather|RainDance|[upkeep]\n|upkeep\n|turn|5\n|c|\u2606bo1scammer|quick tip it bypasses sand spdef boost on tar\n|c|\u2606MarcieIsForager|oh nice\n|inactive|MarcieIsForager has 30 seconds left.\n|inactive|MarcieIsForager has 20 seconds left.\n|\n|t:|1776196258\n|move|p2b: Farigiraf|Hyper Voice|p1a: Sneasler|[spread] p1a,p1b\n|-damage|p1a: Sneasler|56/100\n|-damage|p1b: Floette|70/100\n|move|p2a: Meganium|Dazzling Gleam|p1b: Floette|[spread] p1a,p1b\n|-damage|p1a: Sneasler|0 fnt\n|-damage|p1b: Floette|26/100\n|faint|p1a: Sneasler\n|move|p1b: Floette|Moonblast|p2b: Farigiraf\n|-damage|p2b: Farigiraf|0 fnt\n|faint|p2b: Farigiraf\n|\n|-weather|none\n|upkeep\n|turn|6\n|-message|bo1scammer forfeited.\n|\n|win|MarcieIsForager\n|raw|bo1scammer's rating: 1133 &rarr; <strong>1102</strong><br />(-31 for losing)\n|raw|MarcieIsForager's rating: 1053 &rarr; <strong>1092</strong><br />(+39 for winning)\n",
  "uploadtime": 1776196269,
  "views": 14,
  "formatid": "gen9championsvgc2026regma",
  "rating": 1092,
  "private": 0,
  "password": null
}