{
  "id": "gen9championsvgc2026regma-2583253113",
  "format": "[Gen 9 Champions] VGC 2026 Reg M-A",
  "players": [
    "RandomGuyInSchool",
    "Revolut10n5"
  ],
  "log": "|j|\u2606RandomGuyInSchool\n|j|\u2606Revolut10n5\n|t:|1776159808\n|gametype|doubles\n|player|p1|RandomGuyInSchool|schoolkid-gen4|1094\n|player|p2|Revolut10n5|morty|1000\n|gen|9\n|tier|[Gen 9 Champions] VGC 2026 Reg M-A\n|rated|\n|rule|Species Clause: Limit one of each Pok\u00e9mon\n|rule|Item Clause: Limit 1 of each item\n|clearpoke\n|poke|p1|Rotom-Wash, L50|\n|poke|p1|Incineroar, L50, M|\n|poke|p1|Sinistcha, L50|\n|poke|p1|Drampa, L50, F|\n|poke|p1|Floette-Eternal, L50, F|\n|poke|p1|Sneasler, L50, F|\n|poke|p2|Charizard, L50, M|\n|poke|p2|Whimsicott, L50, M|\n|poke|p2|Incineroar, L50, F|\n|poke|p2|Garchomp, L50, M|\n|poke|p2|Sneasler, L50, F|\n|poke|p2|Kingambit, L50, M|\n|teampreview|4\n|inactive|Battle timer is ON: inactive players will automatically lose when time's up. (requested by RandomGuyInSchool)\nRandomGuyInSchool rejected open team sheets.\n|inactive|RandomGuyInSchool has 60 seconds left.\n|\n|t:|1776159849\n|teamsize|p1|4\n|teamsize|p2|4\n|start\n|switch|p1a: Sinistcha|Sinistcha, L50|100/100\n|switch|p1b: Drampa|Drampa, L50, F|100/100\n|switch|p2a: Charizard|Charizard, L50, M, shiny|100/100\n|switch|p2b: Whimsicott|Whimsicott, L50, M, shiny|100/100\n|-ability|p1b: Drampa|Cloud Nine\n|turn|1\n|inactive|RandomGuyInSchool has 30 seconds left.\n|inactive|Revolut10n5 has 30 seconds left.\n|inactive|Revolut10n5 has 20 seconds left.\n|inactive|RandomGuyInSchool has 20 seconds left.\n|inactive|Revolut10n5 has 15 seconds left.\n|\n|t:|1776159891\n|switch|p1a: Incineroar|Incineroar, L50, M|100/100\n|-ability|p1a: Incineroar|Intimidate|boost\n|-unboost|p2a: Charizard|atk|1\n|-unboost|p2b: Whimsicott|atk|1\n|detailschange|p2a: Charizard|Charizard-Mega-Y, L50, M, shiny\n|-mega|p2a: Charizard|Charizard|Charizardite Y\n|-weather|SunnyDay|[from] ability: Drought|[of] p2a: Charizard\n|move|p2b: Whimsicott|Tailwind|p2b: Whimsicott\n|-sidestart|p2: Revolut10n5|move: Tailwind\n|move|p2a: Charizard|Heat Wave|p1a: Incineroar|[spread] p1a,p1b\n|-resisted|p1a: Incineroar|1\n|-resisted|p1b: Drampa|1\n|-damage|p1a: Incineroar|81/100\n|-damage|p1b: Drampa|78/100\n|move|p1b: Drampa|Calm Mind|p1b: Drampa\n|-boost|p1b: Drampa|spa|1\n|-boost|p1b: Drampa|spd|1\n|\n|-weather|SunnyDay|[upkeep]\n|upkeep\n|turn|2\n|inactive|RandomGuyInSchool has 30 seconds left.\n|\n|t:|1776159918\n|switch|p2a: Sneasler|Sneasler, L50, F, shiny|100/100\n|move|p1a: Incineroar|Fake Out|p2b: Whimsicott\n|-damage|p2b: Whimsicott|89/100\n|cant|p2b: Whimsicott|flinch\n|move|p1b: Drampa|Hyper Voice|p2b: Whimsicott|[spread] p2a,p2b\n|-damage|p2a: Sneasler|37/100\n|-damage|p2b: Whimsicott|0 fnt\n|faint|p2b: Whimsicott\n|\n|-weather|SunnyDay|[upkeep]\n|upkeep\n|\n|t:|1776159924\n|switch|p2b: Kingambit|Kingambit, L50, M, shiny|100/100\n|turn|3\n|\n|t:|1776159943\n|switch|p1a: Sinistcha|Sinistcha, L50|100/100\n|-heal|p1b: Drampa|100/100|[from] ability: Hospitality|[of] p1a: Sinistcha\n|move|p1b: Drampa|Protect|p1b: Drampa\n|-singleturn|p1b: Drampa|Protect\n|move|p2a: Sneasler|Close Combat|p1b: Drampa\n|-activate|p1b: Drampa|move: Protect\n|move|p2b: Kingambit|Kowtow Cleave|p1b: Drampa\n|-activate|p1b: Drampa|move: Protect\n|\n|-weather|SunnyDay|[upkeep]\n|upkeep\n|turn|4\n|inactive|Revolut10n5 has 30 seconds left.\n|\n|t:|1776159970\n|detailschange|p1b: Drampa|Drampa-Mega, L50, F\n|-mega|p1b: Drampa|Drampa|Drampanite\n|move|p1a: Sinistcha|Rage Powder|p1a: Sinistcha\n|-singleturn|p1a: Sinistcha|move: Rage Powder\n|move|p2a: Sneasler|Dire Claw|p1a: Sinistcha\n|-damage|p1a: Sinistcha|63/100\n|move|p2b: Kingambit|Kowtow Cleave|p1a: Sinistcha\n|-supereffective|p1a: Sinistcha|1\n|-damage|p1a: Sinistcha|0 fnt\n|faint|p1a: Sinistcha\n|move|p1b: Drampa|Earth Power|p2b: Kingambit\n|-supereffective|p2b: Kingambit|1\n|-damage|p2b: Kingambit|0 fnt\n|faint|p2b: Kingambit\n|\n|-weather|SunnyDay|[upkeep]\n|-sideend|p2: Revolut10n5|move: Tailwind\n|upkeep\n|\n|t:|1776159986\n|switch|p1a: Incineroar|Incineroar, L50, M|81/100\n|switch|p2b: Charizard|Charizard-Mega-Y, L50, M, shiny|100/100\n|-ability|p1a: Incineroar|Intimidate|boost\n|-unboost|p2a: Sneasler|atk|1\n|-unboost|p2b: Charizard|atk|1\n|-enditem|p2a: Sneasler|White Herb\n|-clearnegativeboost|p2a: Sneasler|[silent]\n|turn|5\n|\n|t:|1776160001\n|move|p1a: Incineroar|Fake Out|p2a: Sneasler\n|-damage|p2a: Sneasler|23/100\n|cant|p2a: Sneasler|flinch\n|move|p2b: Charizard|Scorching Sands|p1a: Incineroar\n|-supereffective|p1a: Incineroar|1\n|-damage|p1a: Incineroar|24/100\n|move|p1b: Drampa|Hyper Voice|p2b: Charizard|[spread] p2a,p2b\n|-damage|p2a: Sneasler|0 fnt\n|-damage|p2b: Charizard|30/100\n|faint|p2a: Sneasler\n|\n|-weather|none\n|upkeep\n|turn|6\n|c|\u2606RandomGuyInSchool|ggwp\n|\n|t:|1776160022\n|move|p1b: Drampa|Protect|p1b: Drampa\n|-singleturn|p1b: Drampa|Protect\n|move|p2b: Charizard|Heat Wave|p1b: Drampa|[spread] p1a\n|-activate|p1b: Drampa|move: Protect\n|-resisted|p1a: Incineroar|1\n|-damage|p1a: Incineroar|3/100\n|move|p1a: Incineroar|Parting Shot|p2b: Charizard\n|-unboost|p2b: Charizard|atk|1\n|-unboost|p2b: Charizard|spa|1\n|\n|t:|1776160031\n|switch|p1a: Sneasler|Sneasler, L50, F|100/100|[from] Parting Shot\n|\n|upkeep\n|turn|7\n|-message|Revolut10n5 forfeited.\n|\n|win|RandomGuyInSchool\n|raw|RandomGuyInSchool's rating: 1094 &rarr; <strong>1113</strong><br />(+19 for winning)\n|raw|Revolut10n5's rating: 1000 &rarr; <strong>1000</strong><br />(+0 for losing)\n",
  "uploadtime": 1776160043,
  "views": 18,
  "formatid": "gen9championsvgc2026regma",
  "rating": 1000,
  "private": 0,
  "password": null
}