{
  "id": "gen9championsvgc2026regma-2583059573",
  "format": "[Gen 9 Champions] VGC 2026 Reg M-A",
  "players": [
    "Loolposo",
    "thatoneguywithapen"
  ],
  "log": "|j|\u203dLoolposo\n|j|\u2606thatoneguywithapen\n|t:|1776137617\n|gametype|doubles\n|player|p1|Loolposo|102|1013\n|player|p2|thatoneguywithapen|1|1100\n|gen|9\n|tier|[Gen 9 Champions] VGC 2026 Reg M-A\n|rated|\n|rule|Species Clause: Limit one of each Pok\u00e9mon\n|rule|Item Clause: Limit 1 of each item\n|clearpoke\n|poke|p1|Pelipper, L50, F|\n|poke|p1|Scizor, L50, F|\n|poke|p1|Basculegion, L50, M|\n|poke|p1|Sneasler, L50, F|\n|poke|p1|Incineroar, L50, F|\n|poke|p1|Dragapult, L50, F|\n|poke|p2|Incineroar, L50, M|\n|poke|p2|Gengar, L50, F|\n|poke|p2|Sinistcha, L50|\n|poke|p2|Kingambit, L50, F|\n|poke|p2|Tyranitar, L50, M|\n|poke|p2|Kommo-o, L50, M|\n|teampreview|4\n|inactive|Battle timer is ON: inactive players will automatically lose when time's up. (requested by Loolposo)\n|\n|t:|1776137656\n|teamsize|p1|4\n|teamsize|p2|4\n|start\n|switch|p1a: Sneasler|Sneasler, L50, F|100/100\n|switch|p1b: Scizor|Scizor, L50, F|100/100\n|switch|p2a: Kingambit|Kingambit, L50, F, shiny|100/100\n|switch|p2b: Kommo-o|Kommo-o, L50, M, shiny|100/100\n|turn|1\n|inactive|Loolposo has 30 seconds left.\n|\n|t:|1776137691\n|detailschange|p1b: Scizor|Scizor-Mega, L50, F\n|-mega|p1b: Scizor|Scizor|Scizorite\n|move|p2a: Kingambit|Protect|p2a: Kingambit\n|-singleturn|p2a: Kingambit|Protect\n|move|p1a: Sneasler|Fake Out|p2b: Kommo-o\n|-damage|p2b: Kommo-o|88/100\n|cant|p2b: Kommo-o|flinch\n|move|p1b: Scizor|Swords Dance|p1b: Scizor\n|-boost|p1b: Scizor|atk|2\n|\n|-heal|p2b: Kommo-o|94/100|[from] item: Leftovers\n|upkeep\n|turn|2\n|inactive|Loolposo has 30 seconds left.\n|\n|t:|1776137724\n|switch|p2a: Incineroar|Incineroar, L50, M, shiny|100/100\n|-ability|p2a: Incineroar|Intimidate|boost\n|-unboost|p1a: Sneasler|atk|1\n|-unboost|p1b: Scizor|atk|1\n|move|p1a: Sneasler|U-turn|p2b: Kommo-o\n|-resisted|p2b: Kommo-o|1\n|-damage|p2b: Kommo-o|86/100\n|\n|t:|1776137732\n|switch|p1a: Pelipper|Pelipper, L50, F|100/100|[from] U-turn\n|-weather|RainDance|[from] ability: Drizzle|[of] p1a: Pelipper\n|move|p2b: Kommo-o|Clangorous Soul|p2b: Kommo-o\n|-boost|p2b: Kommo-o|atk|1\n|-boost|p2b: Kommo-o|def|1\n|-boost|p2b: Kommo-o|spa|1\n|-boost|p2b: Kommo-o|spd|1\n|-boost|p2b: Kommo-o|spe|1\n|-damage|p2b: Kommo-o|53/100\n|move|p1b: Scizor|Bug Bite|p2a: Incineroar\n|-damage|p2a: Incineroar|30/100\n|-enditem|p2a: Incineroar|Shuca Berry|[from] stealeat|[move] Bug Bite|[of] p1b: Scizor\n|\n|-weather|RainDance|[upkeep]\n|-heal|p2b: Kommo-o|59/100|[from] item: Leftovers\n|upkeep\n|turn|3\n|inactive|Loolposo has 30 seconds left.\n|inactive|thatoneguywithapen has 30 seconds left.\n|\n|t:|1776137764\n|switch|p2a: Tyranitar|Tyranitar, L50, M, shiny|100/100\n|-weather|Sandstorm|[from] ability: Sand Stream|[of] p2a: Tyranitar\n|move|p1b: Scizor|Bullet Punch|p2a: Tyranitar\n|-supereffective|p2a: Tyranitar|1\n|-damage|p2a: Tyranitar|0 fnt\n|faint|p2a: Tyranitar\n|move|p2b: Kommo-o|Clanging Scales|p1a: Pelipper|[spread] p1a,p1b\n|-resisted|p1b: Scizor|1\n|-damage|p1a: Pelipper|3/100\n|-damage|p1b: Scizor|69/100\n|-unboost|p2b: Kommo-o|def|1\n|move|p1a: Pelipper|Tailwind|p1a: Pelipper\n|-sidestart|p1: Loolposo|move: Tailwind\n|\n|-weather|Sandstorm|[upkeep]\n|-damage|p1a: Pelipper|0 fnt|[from] Sandstorm\n|-damage|p2b: Kommo-o|53/100|[from] Sandstorm\n|faint|p1a: Pelipper\n|-heal|p2b: Kommo-o|59/100|[from] item: Leftovers\n|upkeep\n|\n|t:|1776137779\n|switch|p1a: Sneasler|Sneasler, L50, F|100/100\n|switch|p2a: Incineroar|Incineroar, L50, M, shiny|30/100\n|-ability|p2a: Incineroar|Intimidate|boost\n|-unboost|p1a: Sneasler|atk|1\n|-unboost|p1b: Scizor|atk|1\n|turn|4\n|\n|t:|1776137797\n|move|p2a: Incineroar|Fake Out|p1b: Scizor\n|-resisted|p1b: Scizor|1\n|-damage|p1b: Scizor|64/100\n|move|p1a: Sneasler|Close Combat|p2a: Incineroar\n|-supereffective|p2a: Incineroar|1\n|-damage|p2a: Incineroar|0 fnt\n|-unboost|p1a: Sneasler|def|1\n|-unboost|p1a: Sneasler|spd|1\n|faint|p2a: Incineroar\n|cant|p1b: Scizor|flinch\n|move|p2b: Kommo-o|Clanging Scales|p1b: Scizor|[spread] p1a,p1b\n|-resisted|p1b: Scizor|1\n|-damage|p1a: Sneasler|0 fnt\n|-damage|p1b: Scizor|36/100\n|faint|p1a: Sneasler\n|-unboost|p2b: Kommo-o|def|1\n|\n|-weather|Sandstorm|[upkeep]\n|-damage|p2b: Kommo-o|53/100|[from] Sandstorm\n|-heal|p2b: Kommo-o|59/100|[from] item: Leftovers\n|upkeep\n|\n|t:|1776137814\n|switch|p1a: Basculegion|Basculegion, L50, M|100/100\n|switch|p2a: Kingambit|Kingambit, L50, F, shiny|100/100\n|turn|5\n|\n|t:|1776137838\n|move|p2a: Kingambit|Sucker Punch|p1a: Basculegion\n|-supereffective|p1a: Basculegion|1\n|-damage|p1a: Basculegion|0 fnt\n|faint|p1a: Basculegion\n|move|p1b: Scizor|Bug Bite|p2a: Kingambit\n|-damage|p2a: Kingambit|58/100\n|-enditem|p2a: Kingambit|Chople Berry|[from] stealeat|[move] Bug Bite|[of] p1b: Scizor\n|move|p2b: Kommo-o|Aura Sphere|p1b: Scizor\n|-damage|p1b: Scizor|0 fnt\n|faint|p1b: Scizor\n|\n|win|thatoneguywithapen\n|raw|Loolposo's rating: 1013 &rarr; <strong>1004</strong><br />(-9 for losing)\n|raw|thatoneguywithapen's rating: 1100 &rarr; <strong>1119</strong><br />(+19 for winning)\n|c|\u2606thatoneguywithapen|ggs\n|l|\u203dLoolposo\n|player|p1|\n",
  "uploadtime": 1776137852,
  "views": 51,
  "formatid": "gen9championsvgc2026regma",
  "rating": 1004,
  "private": 0,
  "password": null
}