{
  "id": "gen9championsvgc2026regma-2585903949",
  "format": "[Gen 9 Champions] VGC 2026 Reg M-A",
  "players": [
    "TroolyGhoulie",
    "Godeiro"
  ],
  "log": "|j|\u2606TroolyGhoulie\n|j|\u2606Godeiro\n|t:|1776380037\n|gametype|doubles\n|player|p1|TroolyGhoulie|mina|1091\n|player|p2|Godeiro|blackbelt-gen4dp|1048\n|gen|9\n|tier|[Gen 9 Champions] VGC 2026 Reg M-A\n|rated|\n|rule|Species Clause: Limit one of each Pok\u00e9mon\n|rule|Item Clause: Limit 1 of each item\n|clearpoke\n|poke|p1|Aggron, L50, M|\n|poke|p1|Sinistcha, L50|\n|poke|p1|Pelipper, L50, M|\n|poke|p1|Basculegion, L50, M|\n|poke|p1|Dragonite, L50, M|\n|poke|p1|Garchomp, L50, M|\n|poke|p2|Golurk, L50|\n|poke|p2|Sinistcha, L50|\n|poke|p2|Incineroar, L50, M|\n|poke|p2|Jolteon, L50, M|\n|poke|p2|Milotic, L50, F|\n|poke|p2|Archaludon, L50, M|\n|teampreview|4\n|\n|t:|1776380071\n|teamsize|p1|4\n|teamsize|p2|4\n|start\n|switch|p1a: Aggron|Aggron, L50, M|100/100\n|switch|p1b: Pelipper|Pelipper, L50, M|100/100\n|switch|p2a: Jolteon|Jolteon, L50, M|100/100\n|switch|p2b: Archaludon|Archaludon, L50, M, shiny|100/100\n|-weather|RainDance|[from] ability: Drizzle|[of] p1b: Pelipper\n|turn|1\n|\n|t:|1776380110\n|switch|p1b: Garchomp|Garchomp, L50, M|100/100\n|detailschange|p1a: Aggron|Aggron-Mega, L50, M\n|-mega|p1a: Aggron|Aggron|Aggronite\n|move|p2a: Jolteon|Protect|p2a: Jolteon\n|-singleturn|p2a: Jolteon|Protect\n|move|p2b: Archaludon|Aura Sphere|p1a: Aggron\n|-supereffective|p1a: Aggron|1\n|-damage|p1a: Aggron|68/100\n|move|p1a: Aggron|Iron Defense|p1a: Aggron\n|-boost|p1a: Aggron|def|2\n|\n|-weather|RainDance|[upkeep]\n|upkeep\n|turn|2\n|\n|t:|1776380141\n|move|p2b: Archaludon|Aura Sphere|p1a: Aggron\n|-supereffective|p1a: Aggron|1\n|-damage|p1a: Aggron|36/100\n|move|p2a: Jolteon|Alluring Voice|p1b: Garchomp\n|-supereffective|p1b: Garchomp|1\n|-damage|p1b: Garchomp|51/100\n|move|p1b: Garchomp|Earthquake|p2b: Archaludon|[spread] p1a,p2a,p2b\n|-supereffective|p1a: Aggron|1\n|-supereffective|p2a: Jolteon|1\n|-supereffective|p2b: Archaludon|1\n|-damage|p1a: Aggron|23/100\n|-damage|p2a: Jolteon|0 fnt\n|-damage|p2b: Archaludon|46/100\n|-ability|p2b: Archaludon|Stamina|boost\n|-boost|p2b: Archaludon|def|1\n|faint|p2a: Jolteon\n|move|p1a: Aggron|Body Press|p2b: Archaludon\n|-supereffective|p2b: Archaludon|1\n|-damage|p2b: Archaludon|0 fnt\n|faint|p2b: Archaludon\n|\n|-weather|RainDance|[upkeep]\n|upkeep\n|\n|t:|1776380158\n|switch|p2a: Incineroar|Incineroar, L50, M|100/100\n|switch|p2b: Golurk|Golurk, L50|100/100\n|-ability|p2a: Incineroar|Intimidate|boost\n|-unboost|p1a: Aggron|atk|1\n|-unboost|p1b: Garchomp|atk|1\n|turn|3\n|\n|t:|1776380181\n|switch|p1b: Sinistcha|Sinistcha, L50|100/100\n|-heal|p1a: Aggron|48/100|[from] ability: Hospitality|[of] p1b: Sinistcha\n|detailschange|p2b: Golurk|Golurk-Mega, L50\n|-mega|p2b: Golurk|Golurk|Golurkite\n|move|p1a: Aggron|Protect|p1a: Aggron\n|-singleturn|p1a: Aggron|Protect\n|move|p2a: Incineroar|Fake Out|p1b: Sinistcha\n|-immune|p1b: Sinistcha\n|move|p2b: Golurk|High Horsepower|p1a: Aggron\n|-supereffective|p1a: Aggron|1\n|-crit|p1a: Aggron\n|-ability|p2b: Golurk|Unseen Fist\n|-zbroken|p1a: Aggron\n|-damage|p1a: Aggron|29/100\n|\n|-weather|RainDance|[upkeep]\n|upkeep\n|turn|4\n|\n|t:|1776380204\n|move|p1b: Sinistcha|Rage Powder|p1b: Sinistcha\n|-singleturn|p1b: Sinistcha|move: Rage Powder\n|move|p2b: Golurk|High Horsepower|p1b: Sinistcha\n|-resisted|p1b: Sinistcha|1\n|-damage|p1b: Sinistcha|74/100\n|move|p2a: Incineroar|Throat Chop|p1b: Sinistcha\n|-supereffective|p1b: Sinistcha|1\n|-damage|p1b: Sinistcha|23/100\n|-start|p1b: Sinistcha|Throat Chop|[silent]\n|move|p1a: Aggron|Body Press|p2a: Incineroar\n|-supereffective|p2a: Incineroar|1\n|-damage|p2a: Incineroar|0 fnt\n|faint|p2a: Incineroar\n|\n|-weather|RainDance|[upkeep]\n|upkeep\n|turn|5\n|\n|t:|1776380234\n|move|p1b: Sinistcha|Matcha Gotcha|p2b: Golurk\n|-supereffective|p2b: Golurk|1\n|-damage|p2b: Golurk|30/100\n|-heal|p1b: Sinistcha|62/100|[from] drain|[of] p2b: Golurk\n|move|p2b: Golurk|High Horsepower|p1b: Sinistcha\n|-resisted|p1b: Sinistcha|1\n|-damage|p1b: Sinistcha|34/100\n|move|p1a: Aggron|Heavy Slam|p2b: Golurk\n|-damage|p2b: Golurk|19/100\n|\n|-weather|none\n|-end|p1b: Sinistcha|Throat Chop|[silent]\n|upkeep\n|turn|6\n|c|\u2606TroolyGhoulie|gg wp\n|\n|t:|1776380251\n|move|p1b: Sinistcha|Shadow Ball|p2b: Golurk\n|-supereffective|p2b: Golurk|1\n|-damage|p2b: Golurk|0 fnt\n|faint|p2b: Golurk\n|\n|win|TroolyGhoulie\n|raw|TroolyGhoulie's rating: 1091 &rarr; <strong>1114</strong><br />(+23 for winning)\n|raw|Godeiro's rating: 1048 &rarr; <strong>1033</strong><br />(-15 for losing)\n",
  "uploadtime": 1776380256,
  "views": 22,
  "formatid": "gen9championsvgc2026regma",
  "rating": 1033,
  "private": 0,
  "password": null
}