{
  "id": "gen9championsvgc2026regma-2584348324",
  "format": "[Gen 9 Champions] VGC 2026 Reg M-A",
  "players": [
    "Zhi2",
    "Lazoz4064"
  ],
  "log": "|j|\u2606Zhi2\n|j|\u2606Lazoz4064\n|t:|1776253686\n|gametype|doubles\n|player|p1|Zhi2|266|1164\n|player|p2|Lazoz4064|scientist-gen4|1208\n|gen|9\n|tier|[Gen 9 Champions] VGC 2026 Reg M-A\n|rated|\n|rule|Species Clause: Limit one of each Pok\u00e9mon\n|rule|Item Clause: Limit 1 of each item\n|clearpoke\n|poke|p1|Pelipper, L50, M|\n|poke|p1|Blastoise, L50, M|\n|poke|p1|Starmie, L50|\n|poke|p1|Sinistcha, L50|\n|poke|p1|Kingambit, L50, F|\n|poke|p1|Garchomp, L50, M|\n|poke|p2|Gallade, L50, M|\n|poke|p2|Gengar, L50, M|\n|poke|p2|Incineroar, L50, F|\n|poke|p2|Primarina, L50, F|\n|poke|p2|Sneasler, L50, F|\n|poke|p2|Basculegion, L50, M|\n|teampreview|4\n|\n|t:|1776253722\n|teamsize|p1|4\n|teamsize|p2|4\n|start\n|switch|p1a: Blastoise|Blastoise, L50, M|100/100\n|switch|p1b: Kingambit|Kingambit, L50, F|100/100\n|switch|p2a: Gengar|Gengar, L50, M|100/100\n|switch|p2b: Gallade|Gallade, L50, M|100/100\n|turn|1\n|\n|t:|1776253740\n|switch|p1b: Garchomp|Garchomp, L50, M|100/100\n|detailschange|p2b: Gallade|Gallade-Mega, L50, M\n|-mega|p2b: Gallade|Gallade|Galladite\n|move|p1a: Blastoise|Fake Out|p2b: Gallade\n|-damage|p2b: Gallade|91/100\n|move|p2a: Gengar|Sludge Bomb|p1a: Blastoise\n|-damage|p1a: Blastoise|52/100\n|move|p2b: Gallade|Close Combat|p1b: Garchomp\n|-damage|p1b: Garchomp|27/100\n|-unboost|p2b: Gallade|def|1\n|-unboost|p2b: Gallade|spd|1\n|-damage|p2b: Gallade|79/100|[from] ability: Rough Skin|[of] p1b: Garchomp\n|\n|upkeep\n|turn|2\n|\n|t:|1776253765\n|move|p1b: Garchomp|Earthquake|p2b: Gallade|[spread] p1a,p2a,p2b\n|-supereffective|p2a: Gengar|1\n|-damage|p1a: Blastoise|7/100\n|-enditem|p2a: Gengar|Focus Sash\n|-damage|p2a: Gengar|1/100\n|-damage|p2b: Gallade|0 fnt\n|faint|p2b: Gallade\n|move|p2a: Gengar|Icy Wind|p1b: Garchomp|[spread] p1a,p1b\n|-resisted|p1a: Blastoise|1\n|-supereffective|p1b: Garchomp|2\n|-damage|p1a: Blastoise|0 fnt\n|-damage|p1b: Garchomp|0 fnt\n|faint|p1a: Blastoise\n|faint|p1b: Garchomp\n|\n|upkeep\n|\n|t:|1776253786\n|switch|p2b: Primarina|Primarina, L50, F|100/100\n|switch|p1b: Kingambit|Kingambit, L50, F|100/100\n|switch|p1a: Starmie|Starmie, L50|100/100\n|turn|3\n|\n|t:|1776253821\n|detailschange|p1a: Starmie|Starmie-Mega, L50\n|-mega|p1a: Starmie|Starmie|Starminite\n|move|p1a: Starmie|Protect|p1a: Starmie\n|-singleturn|p1a: Starmie|Protect\n|move|p1b: Kingambit|Sucker Punch|p2a: Gengar\n|-supereffective|p2a: Gengar|1\n|-damage|p2a: Gengar|0 fnt\n|faint|p2a: Gengar\n|move|p2b: Primarina|Moonblast|p1b: Kingambit\n|-damage|p1b: Kingambit|48/100\n|\n|upkeep\n|\n|t:|1776253832\n|switch|p2a: Basculegion|Basculegion, L50, M|100/100\n|turn|4\n|\n|t:|1776253843\n|move|p1b: Kingambit|Protect|p1b: Kingambit\n|-singleturn|p1b: Kingambit|Protect\n|move|p2a: Basculegion|Aqua Jet|p1b: Kingambit\n|-activate|p1b: Kingambit|move: Protect\n|move|p1a: Starmie|Liquidation|p2b: Primarina\n|-resisted|p2b: Primarina|1\n|-damage|p2b: Primarina|49/100\n|-unboost|p2b: Primarina|def|1\n|move|p2b: Primarina|Moonblast|p1b: Kingambit\n|-activate|p1b: Kingambit|move: Protect\n|\n|upkeep\n|turn|5\n|\n|t:|1776253865\n|move|p2a: Basculegion|Aqua Jet|p1a: Starmie\n|-resisted|p1a: Starmie|1\n|-damage|p1a: Starmie|83/100\n|move|p1a: Starmie|Liquidation|p2b: Primarina\n|-resisted|p2b: Primarina|1\n|-damage|p2b: Primarina|0 fnt\n|faint|p2b: Primarina\n|move|p1b: Kingambit|Iron Head|p2a: Basculegion\n|-resisted|p2a: Basculegion|1\n|-damage|p2a: Basculegion|67/100\n|\n|upkeep\n|turn|6\n|-message|Lazoz4064 forfeited.\n|\n|win|Zhi2\n|raw|Zhi2's rating: 1164 &rarr; <strong>1192</strong><br />(+28 for winning)\n|raw|Lazoz4064's rating: 1208 &rarr; <strong>1180</strong><br />(-28 for losing)\n|l|\u2606Lazoz4064\n|player|p2|\n|l|\u2606Zhi2\n|player|p1|\n|j|\u2606Zhi2\n|player|p1|Zhi2|266|\n",
  "uploadtime": 1776253893,
  "views": 23,
  "formatid": "gen9championsvgc2026regma",
  "rating": 1180,
  "private": 0,
  "password": null
}