{
  "id": "gen9championsvgc2026regma-2586151437",
  "format": "[Gen 9 Champions] VGC 2026 Reg M-A",
  "players": [
    "prasp14",
    "jemrojer"
  ],
  "log": "|j|\u2606prasp14\n|j|\u2606jemrojer\n|t:|1776405517\n|gametype|doubles\n|player|p1|prasp14|clair|1129\n|player|p2|jemrojer|2|1048\n|gen|9\n|tier|[Gen 9 Champions] VGC 2026 Reg M-A\n|rated|\n|rule|Species Clause: Limit one of each Pok\u00e9mon\n|rule|Item Clause: Limit 1 of each item\n|clearpoke\n|poke|p1|Aerodactyl, L50, F|\n|poke|p1|Tyranitar, L50, F|\n|poke|p1|Sinistcha, L50|\n|poke|p1|Hydreigon, L50, F|\n|poke|p1|Rotom-Wash, L50|\n|poke|p1|Arcanine, L50, M|\n|poke|p2|Pelipper, L50, M|\n|poke|p2|Meganium, L50, M|\n|poke|p2|Archaludon, L50, M|\n|poke|p2|Ariados, L50, F|\n|poke|p2|Emolga, L50, M|\n|poke|p2|Tauros-Paldea-Aqua, L50, M|\n|teampreview|4\n|inactive|Battle timer is ON: inactive players will automatically lose when time's up. (requested by prasp14)\n|inactive|prasp14 has 60 seconds left.\n|\n|t:|1776405557\n|teamsize|p1|4\n|teamsize|p2|4\n|start\n|switch|p1a: Aerodactyl|Aerodactyl, L50, F|100/100\n|switch|p1b: Hydreigon|Hydreigon, L50, F|100/100\n|switch|p2a: Emolga|Emolga, L50, M|100/100\n|switch|p2b: Tauros|Tauros-Paldea-Aqua, L50, M|100/100\n|-ability|p1a: Aerodactyl|Unnerve\n|-ability|p2b: Tauros|Intimidate|boost\n|-unboost|p1a: Aerodactyl|atk|1\n|-unboost|p1b: Hydreigon|atk|1\n|turn|1\n|\n|t:|1776405581\n|switch|p1a: Sinistcha|Sinistcha, L50|100/100\n|move|p2b: Tauros|Close Combat|p1b: Hydreigon\n|-supereffective|p1b: Hydreigon|1\n|-damage|p1b: Hydreigon|0 fnt\n|-unboost|p2b: Tauros|def|1\n|-unboost|p2b: Tauros|spd|1\n|faint|p1b: Hydreigon\n|move|p2a: Emolga|Volt Switch|p1a: Sinistcha\n|-resisted|p1a: Sinistcha|1\n|-damage|p1a: Sinistcha|85/100\n|\n|t:|1776405594\n|switch|p2a: Meganium|Meganium, L50, M|100/100|[from] Volt Switch\n|\n|upkeep\n|\n|t:|1776405600\n|switch|p1b: Aerodactyl|Aerodactyl, L50, F|100/100\n|-ability|p1b: Aerodactyl|Unnerve\n|turn|2\n|\n|t:|1776405609\n|switch|p2b: Pelipper|Pelipper, L50, M|100/100\n|-weather|RainDance|[from] ability: Drizzle|[of] p2b: Pelipper\n|detailschange|p1b: Aerodactyl|Aerodactyl-Mega, L50, F\n|-mega|p1b: Aerodactyl|Aerodactyl|Aerodactylite\n|detailschange|p2a: Meganium|Meganium-Mega, L50, M\n|-mega|p2a: Meganium|Meganium|Meganiumite\n|move|p1b: Aerodactyl|Dual Wingbeat|p2a: Meganium\n|-supereffective|p2a: Meganium|1\n|-damage|p2a: Meganium|42/100\n|-supereffective|p2a: Meganium|1\n|-damage|p2a: Meganium|0 fnt\n|faint|p2a: Meganium\n|-hitcount|p2: Meganium|2\n|move|p1a: Sinistcha|Matcha Gotcha|p2b: Pelipper\n|-damage|p2b: Pelipper|57/100\n|-heal|p1a: Sinistcha|100/100|[from] drain|[of] p2b: Pelipper\n|\n|-weather|RainDance|[upkeep]\n|-heal|p2b: Pelipper|63/100|[from] item: Leftovers\n|upkeep\n|\n|t:|1776405620\n|switch|p2a: Tauros|Tauros-Paldea-Aqua, L50, M|100/100\n|-ability|p2a: Tauros|Intimidate|boost\n|-unboost|p1a: Sinistcha|atk|1\n|-unboost|p1b: Aerodactyl|atk|1\n|turn|3\n|\n|t:|1776405644\n|move|p1b: Aerodactyl|Protect|p1b: Aerodactyl\n|-singleturn|p1b: Aerodactyl|Protect\n|move|p2b: Pelipper|Wide Guard|p2b: Pelipper\n|-singleturn|p2b: Pelipper|Wide Guard\n|move|p2a: Tauros|Liquidation|p1b: Aerodactyl\n|-activate|p1b: Aerodactyl|move: Protect\n|move|p1a: Sinistcha|Matcha Gotcha|p2a: Tauros|[spread] \n|-activate|p2a: Tauros|move: Wide Guard\n|-activate|p2b: Pelipper|move: Wide Guard\n|\n|-weather|RainDance|[upkeep]\n|-heal|p2b: Pelipper|69/100|[from] item: Leftovers\n|upkeep\n|turn|4\n|\n|t:|1776405657\n|switch|p1a: Tyranitar|Tyranitar, L50, F|100/100\n|-weather|Sandstorm|[from] ability: Sand Stream|[of] p1a: Tyranitar\n|move|p1b: Aerodactyl|Dual Wingbeat|p2a: Tauros\n|-supereffective|p2a: Tauros|1\n|-damage|p2a: Tauros|61/100\n|-supereffective|p2a: Tauros|1\n|-damage|p2a: Tauros|20/100\n|-enditem|p2a: Tauros|Sitrus Berry|[eat]\n|-heal|p2a: Tauros|45/100|[from] item: Sitrus Berry\n|-hitcount|p2a: Tauros|2\n|move|p2a: Tauros|Liquidation|p1b: Aerodactyl\n|-supereffective|p1b: Aerodactyl|1\n|-damage|p1b: Aerodactyl|0 fnt\n|faint|p1b: Aerodactyl\n|move|p2b: Pelipper|Tailwind|p2b: Pelipper\n|-sidestart|p2: jemrojer|move: Tailwind\n|\n|-weather|Sandstorm|[upkeep]\n|-damage|p2a: Tauros|39/100|[from] Sandstorm\n|-damage|p2b: Pelipper|63/100|[from] Sandstorm\n|-heal|p2b: Pelipper|69/100|[from] item: Leftovers\n|upkeep\n|\n|t:|1776405664\n|switch|p1b: Sinistcha|Sinistcha, L50|100/100\n|turn|5\n|\n|t:|1776405684\n|move|p2a: Tauros|Liquidation|p1a: Tyranitar\n|-supereffective|p1a: Tyranitar|1\n|-damage|p1a: Tyranitar|33/100\n|move|p2b: Pelipper|U-turn|p1a: Tyranitar\n|-supereffective|p1a: Tyranitar|1\n|-damage|p1a: Tyranitar|20/100\n|\n|t:|1776405688\n|switch|p2b: Emolga|Emolga, L50, M|100/100|[from] U-turn\n|move|p1a: Tyranitar|Knock Off|p2b: Emolga\n|-damage|p2b: Emolga|0 fnt\n|-enditem|p2b: Emolga|Yache Berry|[from] move: Knock Off|[of] p1a: Tyranitar\n|faint|p2b: Emolga\n|move|p1b: Sinistcha|Trick Room|p1b: Sinistcha\n|-fieldstart|move: Trick Room|[of] p1b: Sinistcha\n|\n|-weather|Sandstorm|[upkeep]\n|-damage|p1b: Sinistcha|94/100|[from] Sandstorm\n|-damage|p2a: Tauros|33/100|[from] Sandstorm\n|upkeep\n|\n|t:|1776405691\n|switch|p2b: Pelipper|Pelipper, L50, M|69/100\n|-weather|RainDance|[from] ability: Drizzle|[of] p2b: Pelipper\n|turn|6\n|\n|t:|1776405702\n|move|p1a: Tyranitar|Protect|p1a: Tyranitar\n|-singleturn|p1a: Tyranitar|Protect\n|move|p2a: Tauros|Aqua Jet|p1a: Tyranitar\n|-activate|p1a: Tyranitar|move: Protect\n|move|p1b: Sinistcha|Life Dew|p1b: Sinistcha|[spread] p1a,p1b\n|-heal|p1a: Tyranitar|45/100\n|-heal|p1b: Sinistcha|100/100\n|move|p2b: Pelipper|Hydro Pump|p1a: Tyranitar\n|-activate|p1a: Tyranitar|move: Protect\n|\n|-weather|RainDance|[upkeep]\n|-heal|p2b: Pelipper|75/100|[from] item: Leftovers\n|upkeep\n|turn|7\n|\n|t:|1776405713\n|move|p1b: Sinistcha|Rage Powder|p1b: Sinistcha\n|-singleturn|p1b: Sinistcha|move: Rage Powder\n|move|p2a: Tauros|Aqua Jet|p1b: Sinistcha\n|-resisted|p1b: Sinistcha|1\n|-damage|p1b: Sinistcha|90/100\n|move|p1a: Tyranitar|Rock Slide|p2b: Pelipper|[spread] p2a,p2b\n|-resisted|p2a: Tauros|1\n|-crit|p2a: Tauros\n|-supereffective|p2b: Pelipper|1\n|-damage|p2a: Tauros|5/100\n|-damage|p2b: Pelipper|10/100\n|move|p2b: Pelipper|Hydro Pump|p1b: Sinistcha|[miss]\n|-miss|p2b: Pelipper|p1b: Sinistcha\n|\n|-weather|RainDance|[upkeep]\n|-heal|p2b: Pelipper|16/100|[from] item: Leftovers\n|-sideend|p2: jemrojer|move: Tailwind\n|upkeep\n|turn|8\n|\n|t:|1776405725\n|move|p1a: Tyranitar|Protect|p1a: Tyranitar\n|-singleturn|p1a: Tyranitar|Protect\n|move|p2b: Pelipper|Wide Guard|p2b: Pelipper\n|-singleturn|p2b: Pelipper|Wide Guard\n|move|p1b: Sinistcha|Life Dew|p1b: Sinistcha|[spread] p1a,p1b\n|-heal|p1a: Tyranitar|71/100\n|-heal|p1b: Sinistcha|100/100\n|move|p2a: Tauros|Liquidation|p1a: Tyranitar\n|-activate|p1a: Tyranitar|move: Protect\n|\n|-weather|RainDance|[upkeep]\n|-heal|p2b: Pelipper|22/100|[from] item: Leftovers\n|upkeep\n|turn|9\n|\n|t:|1776405736\n|move|p2b: Pelipper|Wide Guard|p2b: Pelipper\n|-singleturn|p2b: Pelipper|Wide Guard\n|move|p1b: Sinistcha|Rage Powder|p1b: Sinistcha\n|-singleturn|p1b: Sinistcha|move: Rage Powder\n|move|p1a: Tyranitar|Knock Off|p2a: Tauros\n|-resisted|p2a: Tauros|1\n|-damage|p2a: Tauros|0 fnt\n|faint|p2a: Tauros\n|\n|-weather|RainDance|[upkeep]\n|-heal|p2b: Pelipper|28/100|[from] item: Leftovers\n|-fieldend|move: Trick Room\n|upkeep\n|turn|10\n|-message|jemrojer forfeited.\n|\n|win|prasp14\n|raw|prasp14's rating: 1129 &rarr; <strong>1148</strong><br />(+19 for winning)\n|raw|jemrojer's rating: 1048 &rarr; <strong>1035</strong><br />(-13 for losing)\n|l|\u2606jemrojer\n|player|p2|\n",
  "uploadtime": 1776405744,
  "views": 28,
  "formatid": "gen9championsvgc2026regma",
  "rating": 1035,
  "private": 0,
  "password": null
}