{
  "id": "gen9championsvgc2026regma-2584993880",
  "format": "[Gen 9 Champions] VGC 2026 Reg M-A",
  "players": [
    "areestoo",
    "dragginmyballz"
  ],
  "log": "|j|\u2606areestoo\n|j|\u2606dragginmyballz\n|t:|1776301507\n|gametype|doubles\n|player|p1|areestoo|101|1164\n|player|p2|dragginmyballz|265|1114\n|gen|9\n|tier|[Gen 9 Champions] VGC 2026 Reg M-A\n|rated|\n|rule|Species Clause: Limit one of each Pok\u00e9mon\n|rule|Item Clause: Limit 1 of each item\n|clearpoke\n|poke|p1|Blastoise, L50, F|\n|poke|p1|Pelipper, L50, F|\n|poke|p1|Floette-Eternal, L50, F|\n|poke|p1|Wyrdeer, L50, F|\n|poke|p1|Weavile, L50, M|\n|poke|p1|Rhyperior, L50, F|\n|poke|p2|Talonflame, L50, M|\n|poke|p2|Meganium, L50, M|\n|poke|p2|Kingambit, L50, F|\n|poke|p2|Farigiraf, L50, F|\n|poke|p2|Milotic, L50, F|\n|poke|p2|Sneasler, L50, M|\n|teampreview|4\n|inactive|Battle timer is ON: inactive players will automatically lose when time's up. (requested by dragginmyballz)\n|inactive|areestoo also wants the timer to be on.\n|inactive|areestoo has 60 seconds left.\n|inactive|dragginmyballz has 60 seconds left.\n|\n|t:|1776301565\n|teamsize|p1|4\n|teamsize|p2|4\n|start\n|switch|p1a: Pelipper|Pelipper, L50, F|100/100\n|switch|p1b: Floette|Floette-Eternal, L50, F|100/100\n|switch|p2a: Meganium|Meganium, L50, M|100/100\n|switch|p2b: Milotic|Milotic, L50, F|100/100\n|-weather|RainDance|[from] ability: Drizzle|[of] p1a: Pelipper\n|turn|1\n|inactive|areestoo has 30 seconds left.\n|inactive|areestoo has 20 seconds left.\n|inactive|dragginmyballz has 30 seconds left.\n|inactive|areestoo has 15 seconds left.\n|\n|t:|1776301606\n|detailschange|p1b: Floette|Floette-Mega, L50, F\n|-mega|p1b: Floette|Floette|Floettite\n|-ability|p1b: Floette|Fairy Aura\n|detailschange|p2a: Meganium|Meganium-Mega, L50, M\n|-mega|p2a: Meganium|Meganium|Meganiumite\n|move|p1a: Pelipper|Tailwind|p1a: Pelipper\n|-sidestart|p1: areestoo|move: Tailwind\n|move|p1b: Floette|Light of Ruin|p2b: Milotic\n|-damage|p2b: Milotic|15/100\n|-damage|p1b: Floette|44/100|[from] Recoil\n|move|p2a: Meganium|Solar Beam||[still]\n|-prepare|p2a: Meganium|Solar Beam\n|-activate|p2a: Meganium|ability: Mega Sol\n|-anim|p2a: Meganium|Solar Beam|p1a: Pelipper\n|-damage|p1a: Pelipper|0 fnt\n|faint|p1a: Pelipper\n|move|p2b: Milotic|Icy Wind|p1b: Floette\n|-damage|p1b: Floette|33/100\n|-unboost|p1b: Floette|spe|1\n|\n|-weather|RainDance|[upkeep]\n|-heal|p2b: Milotic|21/100|[from] item: Leftovers\n|upkeep\n|\n|t:|1776301626\n|switch|p1a: Weavile|Weavile, L50, M|100/100\n|-ability|p1a: Weavile|Pressure\n|turn|2\n|\n|t:|1776301634\n|move|p2a: Meganium|Protect|p2a: Meganium\n|-singleturn|p2a: Meganium|Protect\n|move|p2b: Milotic|Protect|p2b: Milotic\n|-singleturn|p2b: Milotic|Protect\n|move|p1a: Weavile|Triple Axel|p2a: Meganium\n|-activate|p2a: Meganium|move: Protect\n|move|p1b: Floette|Dazzling Gleam|p2a: Meganium|[spread] \n|-activate|p2a: Meganium|move: Protect\n|-activate|p2b: Milotic|move: Protect\n|\n|-weather|RainDance|[upkeep]\n|-heal|p2b: Milotic|27/100|[from] item: Leftovers\n|upkeep\n|turn|3\n|\n|t:|1776301649\n|switch|p2a: Kingambit|Kingambit, L50, F|100/100\n|move|p1a: Weavile|Triple Axel|p2a: Kingambit\n|-resisted|p2a: Kingambit|1\n|-damage|p2a: Kingambit|96/100\n|-resisted|p2a: Kingambit|1\n|-damage|p2a: Kingambit|88/100\n|-resisted|p2a: Kingambit|1\n|-damage|p2a: Kingambit|74/100\n|-hitcount|p2a: Kingambit|3\n|move|p1b: Floette|Dazzling Gleam|p2b: Milotic|[spread] p2a,p2b\n|-crit|p2a: Kingambit\n|-damage|p2a: Kingambit|0 fnt\n|-damage|p2b: Milotic|0 fnt\n|faint|p2a: Kingambit\n|faint|p2b: Milotic\n|\n|-weather|RainDance|[upkeep]\n|upkeep\n|\n|t:|1776301667\n|switch|p2b: Sneasler|Sneasler, L50, M|100/100\n|switch|p2a: Meganium|Meganium-Mega, L50, M|100/100\n|turn|4\n|inactive|areestoo has 30 seconds left.\n|inactive|dragginmyballz has 30 seconds left.\n|\n|t:|1776301698\n|move|p2b: Sneasler|Protect|p2b: Sneasler\n|-singleturn|p2b: Sneasler|Protect\n|move|p2a: Meganium|Protect|p2a: Meganium\n|-singleturn|p2a: Meganium|Protect\n|move|p1a: Weavile|Upper Hand||[still]\n|-fail|p1a: Weavile\n|move|p1b: Floette|Light of Ruin|p2b: Sneasler\n|-activate|p2b: Sneasler|move: Protect\n|\n|-weather|RainDance|[upkeep]\n|-sideend|p1: areestoo|move: Tailwind\n|upkeep\n|turn|5\n|\n|t:|1776301713\n|switch|p1b: Wyrdeer|Wyrdeer, L50, F|100/100\n|-ability|p1b: Wyrdeer|Intimidate|boost\n|-unboost|p2a: Meganium|atk|1\n|-unboost|p2b: Sneasler|atk|1\n|-enditem|p2b: Sneasler|White Herb\n|-clearnegativeboost|p2b: Sneasler|[silent]\n|move|p2b: Sneasler|Dire Claw|p1b: Wyrdeer\n|-damage|p1b: Wyrdeer|52/100\n|move|p1a: Weavile|Triple Axel|p2a: Meganium\n|-supereffective|p2a: Meganium|1\n|-damage|p2a: Meganium|78/100\n|-supereffective|p2a: Meganium|1\n|-damage|p2a: Meganium|40/100\n|-supereffective|p2a: Meganium|1\n|-crit|p2a: Meganium\n|-damage|p2a: Meganium|0 fnt\n|faint|p2a: Meganium\n|-hitcount|p2: Meganium|3\n|\n|-weather|none\n|upkeep\n|turn|6\n|\n|t:|1776301731\n|move|p2b: Sneasler|Close Combat|p1a: Weavile\n|-supereffective|p1a: Weavile|2\n|-enditem|p1a: Weavile|Focus Sash\n|-damage|p1a: Weavile|1/100\n|-unboost|p2b: Sneasler|def|1\n|-unboost|p2b: Sneasler|spd|1\n|move|p1a: Weavile|Triple Axel|p2b: Sneasler\n|-damage|p2b: Sneasler|73/100\n|-damage|p2b: Sneasler|25/100\n|-damage|p2b: Sneasler|0 fnt\n|faint|p2b: Sneasler\n|-hitcount|p2: Sneasler|3\n|\n|win|areestoo\n|raw|areestoo's rating: 1164 &rarr; <strong>1185</strong><br />(+21 for winning)\n|raw|dragginmyballz's rating: 1114 &rarr; <strong>1093</strong><br />(-21 for losing)\n",
  "uploadtime": 1776301732,
  "views": 21,
  "formatid": "gen9championsvgc2026regma",
  "rating": 1093,
  "private": 0,
  "password": null
}