{
  "id": "gen9championsvgc2026regma-2584085796",
  "format": "[Gen 9 Champions] VGC 2026 Reg M-A",
  "players": [
    "Mainder",
    "tootpicks"
  ],
  "log": "|j|\u2606Mainder\n|j|\u2606tootpicks\n|t:|1776223638\n|gametype|doubles\n|player|p1|Mainder|steven|1043\n|player|p2|tootpicks|plasmagrunt|1122\n|gen|9\n|tier|[Gen 9 Champions] VGC 2026 Reg M-A\n|rated|\n|rule|Species Clause: Limit one of each Pok\u00e9mon\n|rule|Item Clause: Limit 1 of each item\n|clearpoke\n|poke|p1|Charizard, L50, M|\n|poke|p1|Greninja-*, L50, M|\n|poke|p1|Garchomp, L50, M|\n|poke|p1|Sneasler, L50, M|\n|poke|p1|Venusaur, L50, M|\n|poke|p1|Whimsicott, L50, F|\n|poke|p2|Garchomp, L50, F|\n|poke|p2|Charizard, L50, M|\n|poke|p2|Aerodactyl, L50, M|\n|poke|p2|Incineroar, L50, M|\n|poke|p2|Whimsicott, L50, F|\n|poke|p2|Maushold-Four, L50|\n|teampreview|4\n|inactive|Battle timer is ON: inactive players will automatically lose when time's up. (requested by tootpicks)\n|inactive|Mainder has 60 seconds left.\n|inactive|tootpicks has 60 seconds left.\n|\n|t:|1776223679\n|teamsize|p1|4\n|teamsize|p2|4\n|start\n|switch|p1a: Charizard|Charizard, L50, M, shiny|100/100\n|switch|p1b: Venusaur|Venusaur, L50, M, shiny|100/100\n|switch|p2a: Whimsicott|Whimsicott, L50, F|100/100\n|switch|p2b: Garchomp|Garchomp, L50, F|100/100\n|turn|1\n|\n|t:|1776223696\n|detailschange|p1a: Charizard|Charizard-Mega-Y, L50, M, shiny\n|-mega|p1a: Charizard|Charizard|Charizardite Y\n|-weather|SunnyDay|[from] ability: Drought|[of] p1a: Charizard\n|move|p1a: Charizard|Protect|p1a: Charizard\n|-singleturn|p1a: Charizard|Protect\n|move|p2a: Whimsicott|Tailwind|p2a: Whimsicott\n|-sidestart|p2: tootpicks|move: Tailwind\n|move|p2b: Garchomp|Rock Slide|p1b: Venusaur|[spread] \n|-activate|p1a: Charizard|move: Protect\n|-miss|p2b: Garchomp|p1b: Venusaur\n|move|p1b: Venusaur|Sleep Powder|p2b: Garchomp\n|-status|p2b: Garchomp|slp|[from] move: Sleep Powder\n|\n|-weather|SunnyDay|[upkeep]\n|upkeep\n|turn|2\n|inactive|tootpicks has 30 seconds left.\n|\n|t:|1776223722\n|move|p2a: Whimsicott|Protect|p2a: Whimsicott\n|-singleturn|p2a: Whimsicott|Protect\n|cant|p2b: Garchomp|slp\n|move|p1b: Venusaur|Solar Beam||[still]\n|-prepare|p1b: Venusaur|Solar Beam\n|-anim|p1b: Venusaur|Solar Beam|p2b: Garchomp\n|-damage|p2b: Garchomp|40/100 slp\n|move|p1a: Charizard|Heat Wave|p2b: Garchomp|[spread] p2b\n|-activate|p2a: Whimsicott|move: Protect\n|-resisted|p2b: Garchomp|1\n|-damage|p2b: Garchomp|2/100 slp\n|\n|-weather|SunnyDay|[upkeep]\n|upkeep\n|turn|3\n|\n|t:|1776223750\n|switch|p2a: Incineroar|Incineroar, L50, M|100/100\n|-ability|p2a: Incineroar|Intimidate|boost\n|-unboost|p1a: Charizard|atk|1\n|-unboost|p1b: Venusaur|atk|1\n|move|p1a: Charizard|Protect|p1a: Charizard\n|-singleturn|p1a: Charizard|Protect\n|cant|p2b: Garchomp|slp\n|move|p1b: Venusaur|Solar Beam||[still]\n|-prepare|p1b: Venusaur|Solar Beam\n|-anim|p1b: Venusaur|Solar Beam|p2b: Garchomp\n|-damage|p2b: Garchomp|0 fnt\n|faint|p2b: Garchomp\n|\n|-weather|SunnyDay|[upkeep]\n|upkeep\n|\n|t:|1776223765\n|switch|p2b: Charizard|Charizard, L50, M, shiny|100/100\n|turn|4\n|\n|t:|1776223783\n|switch|p1b: Garchomp|Garchomp, L50, M|100/100\n|detailschange|p2b: Charizard|Charizard-Mega-Y, L50, M, shiny\n|-mega|p2b: Charizard|Charizard|Charizardite Y\n|move|p2a: Incineroar|Fake Out|p1a: Charizard\n|-damage|p1a: Charizard|86/100\n|move|p2b: Charizard|Heat Wave|p1b: Garchomp|[spread] p1a,p1b\n|-resisted|p1a: Charizard|1\n|-resisted|p1b: Garchomp|1\n|-crit|p1b: Garchomp\n|-damage|p1a: Charizard|53/100\n|-damage|p1b: Garchomp|52/100\n|cant|p1a: Charizard|flinch\n|\n|-weather|SunnyDay|[upkeep]\n|-heal|p1b: Garchomp|58/100|[from] item: Leftovers\n|-sideend|p2: tootpicks|move: Tailwind\n|upkeep\n|turn|5\n|\n|t:|1776223805\n|move|p2b: Charizard|Protect|p2b: Charizard\n|-singleturn|p2b: Charizard|Protect\n|move|p1b: Garchomp|Rock Slide|p2a: Incineroar|[spread] p2a\n|-activate|p2b: Charizard|move: Protect\n|-supereffective|p2a: Incineroar|1\n|-damage|p2a: Incineroar|63/100\n|move|p1a: Charizard|Air Slash|p2a: Incineroar\n|-damage|p2a: Incineroar|33/100\n|-enditem|p2a: Incineroar|Sitrus Berry|[eat]\n|-heal|p2a: Incineroar|58/100|[from] item: Sitrus Berry\n|move|p2a: Incineroar|Darkest Lariat|p1b: Garchomp\n|-damage|p1b: Garchomp|27/100\n|-damage|p2a: Incineroar|46/100|[from] ability: Rough Skin|[of] p1b: Garchomp\n|\n|-weather|none\n|-heal|p1b: Garchomp|33/100|[from] item: Leftovers\n|upkeep\n|turn|6\n|inactive|Mainder has 30 seconds left.\n|inactive|tootpicks has 30 seconds left.\n|inactive|Mainder has 20 seconds left.\n|\n|t:|1776223840\n|switch|p2a: Whimsicott|Whimsicott, L50, F|100/100\n|move|p2b: Charizard|Protect||[still]\n|-fail|p2b: Charizard\n|move|p1a: Charizard|Protect|p1a: Charizard\n|-singleturn|p1a: Charizard|Protect\n|move|p1b: Garchomp|Rock Slide|p2b: Charizard|[spread] p2a,p2b\n|-supereffective|p2b: Charizard|2\n|-damage|p2a: Whimsicott|81/100\n|-damage|p2b: Charizard|0 fnt\n|faint|p2b: Charizard\n|\n|-heal|p1b: Garchomp|40/100|[from] item: Leftovers\n|upkeep\n|\n|t:|1776223844\n|switch|p2b: Incineroar|Incineroar, L50, M|46/100\n|-ability|p2b: Incineroar|Intimidate|boost\n|-unboost|p1a: Charizard|atk|1\n|-unboost|p1b: Garchomp|atk|1\n|turn|7\n|\n|t:|1776223862\n|switch|p1a: Sneasler|Sneasler, L50, M|100/100\n|move|p1b: Garchomp|Protect|p1b: Garchomp\n|-singleturn|p1b: Garchomp|Protect\n|move|p2b: Incineroar|Fake Out|p1a: Sneasler\n|-damage|p1a: Sneasler|84/100\n|move|p2a: Whimsicott|Moonblast|p1b: Garchomp\n|-activate|p1b: Garchomp|move: Protect\n|\n|-heal|p1b: Garchomp|46/100|[from] item: Leftovers\n|upkeep\n|turn|8\n|\n|t:|1776223879\n|switch|p1b: Charizard|Charizard-Mega-Y, L50, M, shiny|53/100\n|-weather|SunnyDay|[from] ability: Drought|[of] p1b: Charizard\n|move|p2a: Whimsicott|Protect|p2a: Whimsicott\n|-singleturn|p2a: Whimsicott|Protect\n|move|p2b: Incineroar|Protect|p2b: Incineroar\n|-singleturn|p2b: Incineroar|Protect\n|move|p1a: Sneasler|Fake Out|p2a: Whimsicott\n|-activate|p2a: Whimsicott|move: Protect\n|\n|-weather|SunnyDay|[upkeep]\n|upkeep\n|turn|9\n|\n|t:|1776223897\n|move|p2a: Whimsicott|Tailwind|p2a: Whimsicott\n|-sidestart|p2: tootpicks|move: Tailwind\n|move|p1a: Sneasler|Close Combat|p2b: Incineroar\n|-supereffective|p2b: Incineroar|1\n|-damage|p2b: Incineroar|0 fnt\n|-unboost|p1a: Sneasler|def|1\n|-unboost|p1a: Sneasler|spd|1\n|faint|p2b: Incineroar\n|-enditem|p1a: Sneasler|White Herb\n|-clearnegativeboost|p1a: Sneasler|[silent]\n|move|p1b: Charizard|Heat Wave|p2a: Whimsicott\n|-supereffective|p2a: Whimsicott|1\n|-damage|p2a: Whimsicott|0 fnt\n|faint|p2a: Whimsicott\n|\n|win|Mainder\n|raw|Mainder's rating: 1043 &rarr; <strong>1084</strong><br />(+41 for winning)\n|raw|tootpicks's rating: 1122 &rarr; <strong>1091</strong><br />(-31 for losing)\n|l|\u2606tootpicks\n|player|p2|\n",
  "uploadtime": 1776223913,
  "views": 22,
  "formatid": "gen9championsvgc2026regma",
  "rating": 1084,
  "private": 0,
  "password": null
}