{
  "id": "gen9championsvgc2026regma-2583219979",
  "format": "[Gen 9 Champions] VGC 2026 Reg M-A",
  "players": [
    "It'sJustKen VGC",
    "ZeBartolo"
  ],
  "log": "|j|\u2606It'sJustKen VGC\n|j|\u2606ZeBartolo\n|t:|1776156189\n|gametype|doubles\n|player|p1|It'sJustKen VGC|266|1253\n|player|p2|ZeBartolo|harlequin|1301\n|gen|9\n|tier|[Gen 9 Champions] VGC 2026 Reg M-A\n|rated|\n|rule|Species Clause: Limit one of each Pok\u00e9mon\n|rule|Item Clause: Limit 1 of each item\n|clearpoke\n|poke|p1|Floette-Eternal, L50, F|\n|poke|p1|Espathra, L50, M|\n|poke|p1|Incineroar, L50, M|\n|poke|p1|Sneasler, L50, F|\n|poke|p1|Basculegion, L50, M|\n|poke|p1|Kingambit, L50, F|\n|poke|p2|Tyranitar, L50, M|\n|poke|p2|Excadrill, L50, F|\n|poke|p2|Sinistcha, L50|\n|poke|p2|Incineroar, L50, F|\n|poke|p2|Corviknight, L50, M|\n|poke|p2|Primarina, L50, F|\n|teampreview|4\n|inactive|Battle timer is ON: inactive players will automatically lose when time's up. (requested by ZeBartolo)\n|inactive|It'sJustKen VGC also wants the timer to be on.\n|inactive|It'sJustKen VGC has 60 seconds left.\n|\n|t:|1776156229\n|teamsize|p1|4\n|teamsize|p2|4\n|start\n|switch|p1a: Poker Face|Sneasler, L50, F|100/100\n|switch|p1b: Paparazzi|Incineroar, L50, M|100/100\n|switch|p2a: Tyranitar|Tyranitar, L50, M|100/100\n|switch|p2b: Excadrill|Excadrill, L50, F|100/100\n|-weather|Sandstorm|[from] ability: Sand Stream|[of] p2a: Tyranitar\n|-ability|p1b: Paparazzi|Intimidate|boost\n|-unboost|p2a: Tyranitar|atk|1\n|-unboost|p2b: Excadrill|atk|1\n|turn|1\n|\n|t:|1776156243\n|switch|p1a: Shallow|Basculegion, L50, M|100/100\n|detailschange|p2a: Tyranitar|Tyranitar-Mega, L50, M\n|-mega|p2a: Tyranitar|Tyranitar|Tyranitarite\n|move|p2b: Excadrill|High Horsepower|p1a: Shallow\n|-damage|p1a: Shallow|53/100\n|move|p2a: Tyranitar|Rock Slide|p1b: Paparazzi|[spread] p1a\n|-miss|p2a: Tyranitar|p1b: Paparazzi\n|-damage|p1a: Shallow|19/100\n|move|p1b: Paparazzi|Parting Shot|p1a: Shallow\n|-unboost|p1a: Shallow|atk|1\n|-unboost|p1a: Shallow|spa|1\n|\n|t:|1776156245\n|switch|p1b: Poker Face|Sneasler, L50, F|100/100|[from] Parting Shot\n|\n|-weather|Sandstorm|[upkeep]\n|-damage|p1a: Shallow|13/100|[from] Sandstorm\n|-damage|p1b: Poker Face|95/100|[from] Sandstorm\n|upkeep\n|turn|2\n|\n|t:|1776156268\n|move|p1b: Poker Face|Fake Out|p2b: Excadrill\n|-resisted|p2b: Excadrill|1\n|-damage|p2b: Excadrill|90/100\n|cant|p2b: Excadrill|flinch\n|move|p1a: Shallow|Flip Turn|p2b: Excadrill\n|-supereffective|p2b: Excadrill|1\n|-damage|p2b: Excadrill|5/100\n|\n|t:|1776156276\n|switch|p1a: Paparazzi|Incineroar, L50, M|100/100|[from] Flip Turn\n|-ability|p1a: Paparazzi|Intimidate|boost\n|-unboost|p2a: Tyranitar|atk|1\n|-unboost|p2b: Excadrill|atk|1\n|move|p2a: Tyranitar|Rock Slide|p1b: Poker Face|[spread] p1a,p1b\n|-supereffective|p1a: Paparazzi|1\n|-resisted|p1b: Poker Face|1\n|-damage|p1a: Paparazzi|64/100\n|-damage|p1b: Poker Face|79/100\n|\n|-weather|Sandstorm|[upkeep]\n|-damage|p1b: Poker Face|74/100|[from] Sandstorm\n|-damage|p1a: Paparazzi|58/100|[from] Sandstorm\n|upkeep\n|turn|3\n|\n|t:|1776156287\n|switch|p2b: Corviknight|Corviknight, L50, M|100/100\n|switch|p2a: Incineroar|Incineroar, L50, F|100/100\n|-ability|p2a: Incineroar|Intimidate|boost\n|-unboost|p1a: Paparazzi|atk|1\n|-unboost|p1b: Poker Face|atk|1\n|-enditem|p1b: Poker Face|White Herb\n|-clearnegativeboost|p1b: Poker Face|[silent]\n|move|p1a: Paparazzi|Fake Out|p2b: Corviknight\n|-resisted|p2b: Corviknight|1\n|-damage|p2b: Corviknight|98/100\n|move|p1b: Poker Face|Close Combat|p2a: Incineroar\n|-supereffective|p2a: Incineroar|1\n|-damage|p2a: Incineroar|0 fnt\n|-unboost|p1b: Poker Face|def|1\n|-unboost|p1b: Poker Face|spd|1\n|faint|p2a: Incineroar\n|\n|-weather|Sandstorm|[upkeep]\n|-damage|p1b: Poker Face|68/100|[from] Sandstorm\n|-damage|p1a: Paparazzi|52/100|[from] Sandstorm\n|-heal|p2b: Corviknight|100/100|[from] item: Leftovers\n|upkeep\n|\n|t:|1776156301\n|switch|p2a: Excadrill|Excadrill, L50, F|5/100\n|turn|4\n|\n|t:|1776156311\n|move|p1b: Poker Face|Close Combat|p2a: Excadrill\n|-supereffective|p2a: Excadrill|1\n|-damage|p2a: Excadrill|0 fnt\n|-unboost|p1b: Poker Face|def|1\n|-unboost|p1b: Poker Face|spd|1\n|faint|p2a: Excadrill\n|move|p1a: Paparazzi|Flare Blitz|p2b: Corviknight\n|-supereffective|p2b: Corviknight|1\n|-damage|p2b: Corviknight|61/100\n|-damage|p1a: Paparazzi|39/100|[from] Recoil\n|-enditem|p1a: Paparazzi|Sitrus Berry|[eat]\n|-heal|p1a: Paparazzi|64/100|[from] item: Sitrus Berry\n|move|p2b: Corviknight|Bulk Up|p2b: Corviknight\n|-boost|p2b: Corviknight|atk|1\n|-boost|p2b: Corviknight|def|1\n|\n|-weather|Sandstorm|[upkeep]\n|-damage|p1b: Poker Face|62/100|[from] Sandstorm\n|-damage|p1a: Paparazzi|58/100|[from] Sandstorm\n|-heal|p2b: Corviknight|67/100|[from] item: Leftovers\n|upkeep\n|\n|t:|1776156315\n|switch|p2a: Tyranitar|Tyranitar-Mega, L50, M|100/100\n|turn|5\n|\n|t:|1776156327\n|move|p1b: Poker Face|Close Combat|p2a: Tyranitar\n|-supereffective|p2a: Tyranitar|2\n|-damage|p2a: Tyranitar|0 fnt\n|-unboost|p1b: Poker Face|def|1\n|-unboost|p1b: Poker Face|spd|1\n|faint|p2a: Tyranitar\n|move|p1a: Paparazzi|Flare Blitz|p2b: Corviknight\n|-supereffective|p2b: Corviknight|1\n|-damage|p2b: Corviknight|37/100\n|-damage|p1a: Paparazzi|48/100|[from] Recoil\n|move|p2b: Corviknight|Tailwind|p2b: Corviknight\n|-sidestart|p2: ZeBartolo|move: Tailwind\n|\n|-weather|none\n|-heal|p2b: Corviknight|43/100|[from] item: Leftovers\n|upkeep\n|turn|6\n|\n|t:|1776156343\n|move|p1b: Poker Face|Close Combat|p2b: Corviknight\n|-damage|p2b: Corviknight|12/100\n|-unboost|p1b: Poker Face|def|1\n|-unboost|p1b: Poker Face|spd|1\n|move|p2b: Corviknight|Roost|p2b: Corviknight\n|-heal|p2b: Corviknight|62/100\n|-singleturn|p2b: Corviknight|move: Roost\n|move|p1a: Paparazzi|Parting Shot|p2b: Corviknight\n|-ability|p2b: Corviknight|Mirror Armor\n|-unboost|p1a: Paparazzi|atk|1\n|-ability|p2b: Corviknight|Mirror Armor\n|-unboost|p1a: Paparazzi|spa|1\n|\n|t:|1776156350\n|switch|p1a: Die With A Smile|Kingambit, L50, F|100/100|[from] Parting Shot\n|\n|-heal|p2b: Corviknight|68/100|[from] item: Leftovers\n|upkeep\n|turn|7\n|\n|t:|1776156354\n|move|p1b: Poker Face|Close Combat|p2b: Corviknight\n|-damage|p2b: Corviknight|37/100\n|-unboost|p1b: Poker Face|def|1\n|-unboost|p1b: Poker Face|spd|1\n|move|p2b: Corviknight|Brave Bird|p1b: Poker Face\n|-supereffective|p1b: Poker Face|1\n|-damage|p1b: Poker Face|0 fnt\n|faint|p1b: Poker Face\n|-damage|p2b: Corviknight|21/100|[from] Recoil\n|move|p1a: Die With A Smile|Swords Dance|p1a: Die With A Smile\n|-boost|p1a: Die With A Smile|atk|2\n|\n|-heal|p2b: Corviknight|27/100|[from] item: Leftovers\n|upkeep\n|\n|t:|1776156359\n|switch|p1b: Shallow|Basculegion, L50, M|13/100\n|turn|8\n|\n|t:|1776156367\n|move|p1b: Shallow|Wave Crash|p2b: Corviknight\n|-damage|p2b: Corviknight|0 fnt\n|faint|p2b: Corviknight\n|-damage|p1b: Shallow|4/100|[from] Recoil\n|\n|win|It'sJustKen VGC\n|raw|It&apos;sJustKen VGC's rating: 1253 &rarr; <strong>1281</strong><br />(+28 for winning)\n|raw|ZeBartolo's rating: 1301 &rarr; <strong>1278</strong><br />(-23 for losing)\n|l|\u2606ZeBartolo\n|player|p2|\n",
  "uploadtime": 1776156391,
  "views": 38,
  "formatid": "gen9championsvgc2026regma",
  "rating": 1278,
  "private": 0,
  "password": null
}