{
  "id": "gen9championsvgc2026regma-2587035929",
  "format": "[Gen 9 Champions] VGC 2026 Reg M-A",
  "players": [
    "lemond",
    "MegaAuraMaxxing"
  ],
  "log": "|j|\u2606lemond\n|j|\u2606MegaAuraMaxxing\n|t:|1776483693\n|gametype|doubles\n|player|p1|lemond|266|1279\n|player|p2|MegaAuraMaxxing|red|1270\n|gen|9\n|tier|[Gen 9 Champions] VGC 2026 Reg M-A\n|rated|\n|rule|Species Clause: Limit one of each Pok\u00e9mon\n|rule|Item Clause: Limit 1 of each item\n|clearpoke\n|poke|p1|Tyranitar, L50, M|\n|poke|p1|Excadrill, L50, M|\n|poke|p1|Gyarados, L50, M|\n|poke|p1|Gardevoir, L50, F|\n|poke|p1|Sinistcha, L50|\n|poke|p1|Rotom-Heat, L50|\n|poke|p2|Gengar, L50, M|\n|poke|p2|Lucario, L50, M|\n|poke|p2|Tyranitar, L50, F|\n|poke|p2|Rotom-Wash, L50|\n|poke|p2|Corviknight, L50, M|\n|poke|p2|Clefable, L50, M|\n|teampreview|4\n|inactive|Battle timer is ON: inactive players will automatically lose when time's up. (requested by lemond)\n|inactive|lemond has 60 seconds left.\n|\n|t:|1776483733\n|teamsize|p1|4\n|teamsize|p2|4\n|start\n|switch|p1a: Excadrill|Excadrill, L50, M|100/100\n|switch|p1b: Tyranitar|Tyranitar, L50, M|100/100\n|switch|p2a: Gengar|Gengar, L50, M|100/100\n|switch|p2b: Corviknight|Corviknight, L50, M|100/100\n|-weather|Sandstorm|[from] ability: Sand Stream|[of] p1b: Tyranitar\n|turn|1\n|inactive|lemond has 30 seconds left.\n|inactive|lemond has 20 seconds left.\n|inactive|lemond has 15 seconds left.\n|inactive|lemond has 10 seconds left.\n|\n|t:|1776483779\n|switch|p1b: Rotom|Rotom-Heat, L50|100/100\n|detailschange|p2a: Gengar|Gengar-Mega, L50, M\n|-mega|p2a: Gengar|Gengar|Gengarite\n|move|p2a: Gengar|Protect|p2a: Gengar\n|-singleturn|p2a: Gengar|Protect\n|move|p1a: Excadrill|Earthquake|p2b: Corviknight|[spread] \n|-activate|p2a: Gengar|move: Protect\n|-immune|p1b: Rotom|[from] ability: Levitate\n|-immune|p2b: Corviknight\n|move|p2b: Corviknight|Iron Defense|p2b: Corviknight\n|-boost|p2b: Corviknight|def|2\n|\n|-weather|Sandstorm|[upkeep]\n|-damage|p1b: Rotom|95/100|[from] Sandstorm\n|-damage|p2a: Gengar|95/100|[from] Sandstorm\n|upkeep\n|turn|2\n|inactive|lemond has 30 seconds left.\n|inactive|lemond has 20 seconds left.\n|inactive|lemond has 15 seconds left.\n|inactive|lemond has 10 seconds left.\n|\n|t:|1776483828\n|switch|p2a: Rotom|Rotom-Wash, L50|100/100\n|move|p1a: Excadrill|Earthquake|p2a: Rotom|[spread] \n|-immune|p1b: Rotom|[from] ability: Levitate\n|-immune|p2a: Rotom|[from] ability: Levitate\n|-immune|p2b: Corviknight\n|move|p1b: Rotom|Volt Switch|p2b: Corviknight\n|-supereffective|p2b: Corviknight|1\n|-damage|p2b: Corviknight|48/100\n|inactive|lemond has 30 seconds left.\n|inactive|lemond has 20 seconds left.\n|\n|t:|1776483864\n|switch|p1b: Tyranitar|Tyranitar, L50, M|100/100|[from] Volt Switch\n|move|p2b: Corviknight|Body Press|p1a: Excadrill\n|-supereffective|p1a: Excadrill|1\n|-enditem|p1a: Excadrill|Focus Sash\n|-damage|p1a: Excadrill|1/100\n|\n|-weather|Sandstorm|[upkeep]\n|-damage|p2a: Rotom|95/100|[from] Sandstorm\n|-heal|p2b: Corviknight|54/100|[from] item: Leftovers\n|upkeep\n|turn|3\n|\n|t:|1776483885\n|switch|p1a: Sinistcha|Sinistcha, L50|100/100\n|detailschange|p1b: Tyranitar|Tyranitar-Mega, L50, M\n|-mega|p1b: Tyranitar|Tyranitar|Tyranitarite\n|move|p2a: Rotom|Hydro Pump|p1a: Sinistcha\n|-resisted|p1a: Sinistcha|1\n|-damage|p1a: Sinistcha|73/100\n|move|p1b: Tyranitar|Rock Slide|p2a: Rotom|[spread] p2a,p2b\n|-damage|p2a: Rotom|45/100\n|-damage|p2b: Corviknight|38/100\n|move|p2b: Corviknight|Body Press|p1b: Tyranitar\n|-supereffective|p1b: Tyranitar|2\n|-damage|p1b: Tyranitar|0 fnt\n|faint|p1b: Tyranitar\n|\n|-weather|Sandstorm|[upkeep]\n|-damage|p2a: Rotom|39/100|[from] Sandstorm\n|-damage|p1a: Sinistcha|67/100|[from] Sandstorm\n|-heal|p2b: Corviknight|44/100|[from] item: Leftovers\n|upkeep\n|\n|t:|1776483901\n|switch|p1b: Rotom|Rotom-Heat, L50|95/100\n|turn|4\n|\n|t:|1776483922\n|move|p1b: Rotom|Electroweb|p2a: Rotom|[spread] p2a,p2b\n|-supereffective|p2b: Corviknight|1\n|-damage|p2a: Rotom|17/100\n|-damage|p2b: Corviknight|13/100\n|-unboost|p2a: Rotom|spe|1\n|-ability|p2b: Corviknight|Mirror Armor\n|-unboost|p1b: Rotom|spe|1\n|move|p2a: Rotom|Hydro Pump|p1b: Rotom\n|-supereffective|p1b: Rotom|1\n|-damage|p1b: Rotom|0 fnt\n|faint|p1b: Rotom\n|move|p1a: Sinistcha|Matcha Gotcha|p2a: Rotom|[spread] p2a,p2b\n|-supereffective|p2a: Rotom|1\n|-resisted|p2b: Corviknight|2\n|-damage|p2a: Rotom|0 fnt\n|-heal|p1a: Sinistcha|73/100|[from] drain|[of] p2a: Rotom\n|-damage|p2b: Corviknight|8/100\n|-heal|p1a: Sinistcha|76/100|[from] drain|[of] p2b: Corviknight\n|faint|p2a: Rotom\n|move|p2b: Corviknight|Brave Bird|p1a: Sinistcha\n|-supereffective|p1a: Sinistcha|1\n|-damage|p1a: Sinistcha|2/100\n|-enditem|p1a: Sinistcha|Sitrus Berry|[eat]\n|-heal|p1a: Sinistcha|26/100|[from] item: Sitrus Berry\n|-damage|p2b: Corviknight|0 fnt|[from] Recoil\n|faint|p2b: Corviknight\n|\n|-weather|Sandstorm|[upkeep]\n|-damage|p1a: Sinistcha|20/100|[from] Sandstorm\n|upkeep\n|\n|t:|1776483946\n|switch|p1b: Excadrill|Excadrill, L50, M|1/100\n|switch|p2a: Lucario|Lucario, L50, M|100/100\n|switch|p2b: Gengar|Gengar-Mega, L50, M|95/100\n|turn|5\n|\n|t:|1776483957\n|move|p2b: Gengar|Protect|p2b: Gengar\n|-singleturn|p2b: Gengar|Protect\n|move|p2a: Lucario|Protect|p2a: Lucario\n|-singleturn|p2a: Lucario|Protect\n|move|p1a: Sinistcha|Rage Powder|p1a: Sinistcha\n|-singleturn|p1a: Sinistcha|move: Rage Powder\n|move|p1b: Excadrill|Earthquake|p2b: Gengar|[spread] p1a\n|-activate|p2a: Lucario|move: Protect\n|-activate|p2b: Gengar|move: Protect\n|-resisted|p1a: Sinistcha|1\n|-damage|p1a: Sinistcha|3/100\n|\n|-weather|none\n|upkeep\n|turn|6\n|\n|t:|1776483970\n|move|p1a: Sinistcha|Rage Powder|p1a: Sinistcha\n|-singleturn|p1a: Sinistcha|move: Rage Powder\n|move|p2b: Gengar|Shadow Ball|p1a: Sinistcha\n|-supereffective|p1a: Sinistcha|1\n|-damage|p1a: Sinistcha|0 fnt\n|faint|p1a: Sinistcha\n|move|p1b: Excadrill|Earthquake|p2b: Gengar|[spread] p2a,p2b\n|-supereffective|p2a: Lucario|1\n|-supereffective|p2b: Gengar|1\n|-enditem|p2a: Lucario|Focus Sash\n|-damage|p2a: Lucario|1/100\n|-damage|p2b: Gengar|0 fnt\n|faint|p2b: Gengar\n|move|p2a: Lucario|Close Combat|p1b: Excadrill\n|-supereffective|p1b: Excadrill|1\n|-damage|p1b: Excadrill|0 fnt\n|-unboost|p2a: Lucario|def|1\n|-unboost|p2a: Lucario|spd|1\n|faint|p1b: Excadrill\n|\n|win|MegaAuraMaxxing\n|raw|lemond's rating: 1279 &rarr; <strong>1253</strong><br />(-26 for losing)\n|raw|MegaAuraMaxxing's rating: 1270 &rarr; <strong>1296</strong><br />(+26 for winning)\n|c|\u2606lemond|gg\n",
  "uploadtime": 1776483983,
  "views": 26,
  "formatid": "gen9championsvgc2026regma",
  "rating": 1253,
  "private": 0,
  "password": null
}