{
  "id": "gen9championsvgc2026regma-2585009164",
  "format": "[Gen 9 Champions] VGC 2026 Reg M-A",
  "players": [
    "Gooatoatss",
    "bonser"
  ],
  "log": "|j|\u2606Gooatoatss\n|j|\u2606bonser\n|t:|1776302946\n|gametype|doubles\n|player|p1|Gooatoatss|2|1105\n|player|p2|bonser|102|1128\n|gen|9\n|tier|[Gen 9 Champions] VGC 2026 Reg M-A\n|rated|\n|rule|Species Clause: Limit one of each Pok\u00e9mon\n|rule|Item Clause: Limit 1 of each item\n|clearpoke\n|poke|p1|Excadrill, L50, M|\n|poke|p1|Tyranitar, L50, M|\n|poke|p1|Floette-Eternal, L50, F|\n|poke|p1|Incineroar, L50, M|\n|poke|p1|Sinistcha, L50|\n|poke|p1|Rotom-Wash, L50|\n|poke|p2|Scovillain, L50, M|\n|poke|p2|Ninetales-Alola, L50, F|\n|poke|p2|Rotom-Wash, L50|\n|poke|p2|Garchomp, L50, F|\n|poke|p2|Incineroar, L50, M|\n|poke|p2|Sneasler, L50, F|\n|teampreview|4\n|\n|t:|1776302972\n|teamsize|p1|4\n|teamsize|p2|4\n|start\n|switch|p1a: Sinistcha|Sinistcha, L50|100/100\n|switch|p1b: Rotom|Rotom-Wash, L50|100/100\n|switch|p2a: Scovillain|Scovillain, L50, M|100/100\n|switch|p2b: Rotom|Rotom-Wash, L50|100/100\n|turn|1\n|\n|t:|1776302997\n|detailschange|p2a: Scovillain|Scovillain-Mega, L50, M\n|-mega|p2a: Scovillain|Scovillain|Scovillainite\n|move|p2b: Rotom|Volt Switch|p1a: Sinistcha\n|-resisted|p1a: Sinistcha|1\n|-damage|p1a: Sinistcha|87/100\n|\n|t:|1776303004\n|switch|p2b: Sneasler|Sneasler, L50, F|100/100|[from] Volt Switch\n|move|p1b: Rotom|Hydro Pump|p2a: Scovillain\n|-damage|p2a: Scovillain|60/100\n|-status|p1b: Rotom|brn|[from] ability: Spicy Spray|[of] p2a: Scovillain\n|move|p2a: Scovillain|Flamethrower|p1a: Sinistcha\n|-supereffective|p1a: Sinistcha|1\n|-damage|p1a: Sinistcha|0 fnt\n|faint|p1a: Sinistcha\n|\n|-damage|p1b: Rotom|95/100 brn|[from] brn\n|upkeep\n|\n|t:|1776303016\n|switch|p1a: Incineroar|Incineroar, L50, M|100/100\n|-ability|p1a: Incineroar|Intimidate|boost\n|-unboost|p2a: Scovillain|atk|1\n|-unboost|p2b: Sneasler|atk|1\n|-enditem|p2b: Sneasler|White Herb\n|-clearnegativeboost|p2b: Sneasler|[silent]\n|turn|2\n|\n|t:|1776303054\n|switch|p2a: Rotom|Rotom-Wash, L50|100/100\n|move|p2b: Sneasler|Protect|p2b: Sneasler\n|-singleturn|p2b: Sneasler|Protect\n|move|p1b: Rotom|Hydro Pump|p2a: Rotom|[miss]\n|-miss|p1b: Rotom|p2a: Rotom\n|move|p1a: Incineroar|Flare Blitz|p2a: Rotom\n|-resisted|p2a: Rotom|1\n|-damage|p2a: Rotom|76/100\n|-damage|p1a: Incineroar|94/100|[from] Recoil\n|\n|-heal|p2a: Rotom|81/100|[from] item: Leftovers\n|-heal|p1b: Rotom|100/100 brn|[from] item: Leftovers\n|-damage|p1b: Rotom|95/100 brn|[from] brn\n|upkeep\n|turn|3\n|l|\u2606bonser\n|player|p2|\n|j|\u2606bonser\n|player|p2|bonser|102|\n|\n|t:|1776303102\n|move|p2b: Sneasler|Close Combat|p1a: Incineroar\n|-supereffective|p1a: Incineroar|1\n|-enditem|p1a: Incineroar|Chople Berry|[eat]\n|-enditem|p1a: Incineroar|Chople Berry|[weaken]\n|-damage|p1a: Incineroar|47/100\n|-unboost|p2b: Sneasler|def|1\n|-unboost|p2b: Sneasler|spd|1\n|move|p2a: Rotom|Volt Switch|p1a: Incineroar\n|-damage|p1a: Incineroar|22/100\n|l|\u2606bonser\n|player|p2|\n|j|\u2606bonser\n|player|p2|bonser|102|\n|\n|t:|1776303125\n|switch|p2a: Scovillain|Scovillain-Mega, L50, M|60/100|[from] Volt Switch\n|move|p1b: Rotom|Will-O-Wisp|p2b: Sneasler\n|-status|p2b: Sneasler|brn\n|move|p1a: Incineroar|Flare Blitz|p2b: Sneasler\n|-damage|p2b: Sneasler|0 fnt\n|faint|p2b: Sneasler\n|-damage|p1a: Incineroar|0 fnt|[from] Recoil\n|faint|p1a: Incineroar\n|\n|-heal|p1b: Rotom|100/100 brn|[from] item: Leftovers\n|-damage|p1b: Rotom|95/100 brn|[from] brn\n|upkeep\n|l|\u2606bonser\n|player|p2|\n|j|\u2606bonser\n|player|p2|bonser|102|\n|\n|t:|1776303173\n|switch|p2b: Rotom|Rotom-Wash, L50|81/100\n|switch|p1a: Floette|Floette-Eternal, L50, F|100/100\n|turn|4\n|\n|t:|1776303189\n|detailschange|p1a: Floette|Floette-Mega, L50, F\n|-mega|p1a: Floette|Floette|Floettite\n|-ability|p1a: Floette|Fairy Aura\n|move|p1a: Floette|Calm Mind|p1a: Floette\n|-boost|p1a: Floette|spa|1\n|-boost|p1a: Floette|spd|1\n|move|p2b: Rotom|Hydro Pump|p1a: Floette\n|-damage|p1a: Floette|78/100\n|move|p1b: Rotom|Hydro Pump|p2a: Scovillain\n|-damage|p2a: Scovillain|18/100\n|move|p2a: Scovillain|Flamethrower|p1a: Floette\n|-damage|p1a: Floette|57/100\n|\n|-heal|p2b: Rotom|87/100|[from] item: Leftovers\n|-heal|p1b: Rotom|100/100 brn|[from] item: Leftovers\n|-damage|p1b: Rotom|95/100 brn|[from] brn\n|upkeep\n|turn|5\n|\n|t:|1776303216\n|move|p2b: Rotom|Protect|p2b: Rotom\n|-singleturn|p2b: Rotom|Protect\n|move|p1a: Floette|Draining Kiss|p2b: Rotom\n|-activate|p2b: Rotom|move: Protect\n|move|p1b: Rotom|Thunderbolt|p2a: Scovillain\n|-resisted|p2a: Scovillain|1\n|-damage|p2a: Scovillain|2/100\n|-status|p2a: Scovillain|par\n|move|p2a: Scovillain|Energy Ball|p1b: Rotom\n|-supereffective|p1b: Rotom|1\n|-damage|p1b: Rotom|15/100 brn\n|\n|-heal|p2b: Rotom|93/100|[from] item: Leftovers\n|-heal|p1b: Rotom|20/100 brn|[from] item: Leftovers\n|-damage|p1b: Rotom|15/100 brn|[from] brn\n|upkeep\n|turn|6\n|\n|t:|1776303243\n|move|p2a: Scovillain|Rage Powder|p2a: Scovillain\n|-singleturn|p2a: Scovillain|move: Rage Powder\n|move|p1a: Floette|Draining Kiss|p2a: Scovillain\n|-resisted|p2a: Scovillain|1\n|-damage|p2a: Scovillain|0 fnt\n|-heal|p1a: Floette|58/100|[from] drain|[of] p2a: Scovillain\n|-status|p1a: Floette|brn|[from] ability: Spicy Spray|[of] p2a: Scovillain\n|faint|p2a: Scovillain\n|move|p2b: Rotom|Hydro Pump|p1a: Floette\n|-damage|p1a: Floette|38/100 brn\n|move|p1b: Rotom|Thunderbolt|p2b: Rotom\n|-damage|p2b: Rotom|60/100\n|\n|-heal|p2b: Rotom|66/100|[from] item: Leftovers\n|-heal|p1b: Rotom|20/100 brn|[from] item: Leftovers\n|-damage|p1a: Floette|31/100 brn|[from] brn\n|-damage|p1b: Rotom|15/100 brn|[from] brn\n|upkeep\n|\n|t:|1776303260\n|switch|p2a: Ninetales|Ninetales-Alola, L50, F|100/100\n|-weather|Snowscape|[from] ability: Snow Warning|[of] p2a: Ninetales\n|turn|7\n|\n|t:|1776303284\n|move|p2a: Ninetales|Blizzard|p1a: Floette|[spread] p1a,p1b\n|-resisted|p1b: Rotom|1\n|-damage|p1a: Floette|18/100 brn\n|-damage|p1b: Rotom|0 fnt\n|faint|p1b: Rotom\n|move|p1a: Floette|Draining Kiss|p2a: Ninetales\n|-damage|p2a: Ninetales|35/100\n|-heal|p1a: Floette|58/100 brn|[from] drain|[of] p2a: Ninetales\n|move|p2b: Rotom|Thunderbolt|p1a: Floette\n|-damage|p1a: Floette|41/100 brn\n|\n|-weather|Snowscape|[upkeep]\n|-heal|p2b: Rotom|72/100|[from] item: Leftovers\n|-damage|p1a: Floette|35/100 brn|[from] brn\n|upkeep\n|turn|8\n|\n|t:|1776303301\n|move|p1a: Floette|Protect|p1a: Floette\n|-singleturn|p1a: Floette|Protect\n|move|p2a: Ninetales|Blizzard|p1a: Floette\n|-activate|p1a: Floette|move: Protect\n|move|p2b: Rotom|Hydro Pump|p1a: Floette\n|-activate|p1a: Floette|move: Protect\n|\n|-weather|Snowscape|[upkeep]\n|-heal|p2b: Rotom|78/100|[from] item: Leftovers\n|-damage|p1a: Floette|29/100 brn|[from] brn\n|upkeep\n|turn|9\n|\n|t:|1776303315\n|move|p1a: Floette|Protect||[still]\n|-fail|p1a: Floette\n|move|p2a: Ninetales|Encore|p1a: Floette\n|-start|p1a: Floette|Encore\n|move|p2b: Rotom|Thunderbolt|p1a: Floette\n|-damage|p1a: Floette|11/100 brn\n|\n|-weather|Snowscape|[upkeep]\n|-heal|p2b: Rotom|83/100|[from] item: Leftovers\n|-damage|p1a: Floette|5/100 brn|[from] brn\n|upkeep\n|turn|10\n|\n|t:|1776303329\n|move|p1a: Floette|Protect|p1a: Floette\n|-singleturn|p1a: Floette|Protect\n|move|p2a: Ninetales|Moonblast|p1a: Floette\n|-activate|p1a: Floette|move: Protect\n|move|p2b: Rotom|Volt Switch|p1a: Floette\n|-activate|p1a: Floette|move: Protect\n|\n|-weather|Snowscape|[upkeep]\n|-heal|p2b: Rotom|89/100|[from] item: Leftovers\n|-damage|p1a: Floette|0 fnt|[from] brn\n|faint|p1a: Floette\n|\n|win|bonser\n|raw|Gooatoatss's rating: 1105 &rarr; <strong>1082</strong><br />(-23 for losing)\n|raw|bonser's rating: 1128 &rarr; <strong>1151</strong><br />(+23 for winning)\n|l|\u2606Gooatoatss\n|player|p1|\n",
  "uploadtime": 1776303343,
  "views": 18,
  "formatid": "gen9championsvgc2026regma",
  "rating": 1082,
  "private": 0,
  "password": null
}