{
  "id": "gen9championsvgc2026regma-2581090892",
  "format": "[Gen 9 Champions] VGC 2026 Reg M-A",
  "players": [
    "literally big raga",
    "mimrat6"
  ],
  "log": "|j|\u2606literally big raga\n|j|\u2606mimrat6\n|t:|1775958963\n|gametype|doubles\n|player|p1|literally big raga|brendan-e|1121\n|player|p2|mimrat6|caitlin|1182\n|gen|9\n|tier|[Gen 9 Champions] VGC 2026 Reg M-A\n|rated|\n|rule|Species Clause: Limit one of each Pok\u00e9mon\n|rule|Item Clause: Limit 1 of each item\n|clearpoke\n|poke|p1|Garchomp, L50, F|\n|poke|p1|Tyranitar, L50, M|\n|poke|p1|Milotic, L50, M|\n|poke|p1|Sneasler, L50, F|\n|poke|p1|Scizor, L50, F|\n|poke|p1|Whimsicott, L50, M|\n|poke|p2|Floette-Eternal, L50, F|\n|poke|p2|Delphox, L50, F|\n|poke|p2|Aerodactyl, L50, M|\n|poke|p2|Garchomp, L50, F|\n|poke|p2|Maushold, L50|\n|poke|p2|Incineroar, L50, M|\n|teampreview|4\n|inactive|Battle timer is ON: inactive players will automatically lose when time's up. (requested by mimrat6)\n|inactive|mimrat6 has 60 seconds left.\n|\n|t:|1775959025\n|teamsize|p1|4\n|teamsize|p2|4\n|start\n|switch|p1a: Garchomp|Garchomp, L50, F|100/100\n|switch|p1b: Tyranitar|Tyranitar, L50, M|100/100\n|switch|p2a: Floette|Floette-Eternal, L50, F, shiny|100/100\n|switch|p2b: Incineroar|Incineroar, L50, M, shiny|100/100\n|-weather|Sandstorm|[from] ability: Sand Stream|[of] p1b: Tyranitar\n|-ability|p2b: Incineroar|Intimidate|boost\n|-unboost|p1a: Garchomp|atk|1\n|-unboost|p1b: Tyranitar|atk|1\n|turn|1\n|inactive|literally big raga has 30 seconds left.\n|inactive|mimrat6 has 30 seconds left.\n|inactive|literally big raga has 20 seconds left.\n|inactive|mimrat6 has 20 seconds left.\n|\n|t:|1775959063\n|detailschange|p2a: Floette|Floette-Mega, L50, F, shiny\n|-mega|p2a: Floette|Floette|Floettite\n|-ability|p2a: Floette|Fairy Aura\n|move|p2b: Incineroar|Fake Out|p1a: Garchomp|[miss]\n|-miss|p2b: Incineroar|p1a: Garchomp\n|move|p1a: Garchomp|Poison Jab|p2a: Floette\n|-supereffective|p2a: Floette|1\n|-damage|p2a: Floette|60/100\n|move|p2a: Floette|Calm Mind|p2a: Floette\n|-boost|p2a: Floette|spa|1\n|-boost|p2a: Floette|spd|1\n|move|p1b: Tyranitar|Rock Slide|p2b: Incineroar|[spread] p2a,p2b\n|-supereffective|p2b: Incineroar|1\n|-damage|p2a: Floette|38/100\n|-damage|p2b: Incineroar|68/100\n|\n|-weather|Sandstorm|[upkeep]\n|-damage|p2a: Floette|32/100|[from] Sandstorm\n|-damage|p2b: Incineroar|62/100|[from] Sandstorm\n|upkeep\n|turn|2\n|inactive|literally big raga has 30 seconds left.\n|\n|t:|1775959090\n|move|p2a: Floette|Protect|p2a: Floette\n|-singleturn|p2a: Floette|Protect\n|move|p1b: Tyranitar|Protect|p1b: Tyranitar\n|-singleturn|p1b: Tyranitar|Protect\n|move|p1a: Garchomp|Earthquake|p2a: Floette|[spread] p2b\n|-activate|p1b: Tyranitar|move: Protect\n|-activate|p2a: Floette|move: Protect\n|-supereffective|p2b: Incineroar|1\n|-damage|p2b: Incineroar|14/100\n|-enditem|p2b: Incineroar|Sitrus Berry|[eat]\n|-heal|p2b: Incineroar|39/100|[from] item: Sitrus Berry\n|move|p2b: Incineroar|Parting Shot|p1a: Garchomp\n|-unboost|p1a: Garchomp|atk|1\n|-unboost|p1a: Garchomp|spa|1\n|\n|t:|1775959104\n|switch|p2b: Aerodactyl|Aerodactyl, L50, M, shiny|100/100|[from] Parting Shot\n|-ability|p2b: Aerodactyl|Unnerve\n|\n|-weather|Sandstorm|[upkeep]\n|-damage|p2a: Floette|26/100|[from] Sandstorm\n|upkeep\n|turn|3\n|\n|t:|1775959117\n|switch|p1a: Scizor|Scizor, L50, F|100/100\n|move|p2b: Aerodactyl|Tailwind|p2b: Aerodactyl\n|-sidestart|p2: mimrat6|move: Tailwind\n|move|p2a: Floette|Dazzling Gleam|p1a: Scizor|[spread] p1a,p1b\n|-resisted|p1a: Scizor|1\n|-supereffective|p1b: Tyranitar|1\n|-damage|p1a: Scizor|56/100\n|-damage|p1b: Tyranitar|18/100\n|move|p1b: Tyranitar|Rock Slide|p2a: Floette|[spread] p2a,p2b\n|-supereffective|p2b: Aerodactyl|1\n|-damage|p2a: Floette|5/100\n|-damage|p2b: Aerodactyl|34/100\n|\n|-weather|Sandstorm|[upkeep]\n|-damage|p2a: Floette|0 fnt|[from] Sandstorm\n|faint|p2a: Floette\n|upkeep\n|\n|t:|1775959130\n|switch|p2a: Incineroar|Incineroar, L50, M, shiny|39/100\n|-ability|p2a: Incineroar|Intimidate|boost\n|-unboost|p1a: Scizor|atk|1\n|-unboost|p1b: Tyranitar|atk|1\n|turn|4\n|\n|t:|1775959153\n|switch|p1a: Garchomp|Garchomp, L50, F|100/100\n|move|p2b: Aerodactyl|Protect|p2b: Aerodactyl\n|-singleturn|p2b: Aerodactyl|Protect\n|move|p1b: Tyranitar|Protect|p1b: Tyranitar\n|-singleturn|p1b: Tyranitar|Protect\n|move|p2a: Incineroar|Will-O-Wisp|p1a: Garchomp|[miss]\n|-miss|p2a: Incineroar|p1a: Garchomp\n|\n|-weather|Sandstorm|[upkeep]\n|-damage|p2a: Incineroar|33/100|[from] Sandstorm\n|upkeep\n|turn|5\n|-message|mimrat6 forfeited.\n|\n|win|literally big raga\n|raw|literally big raga's rating: 1121 &rarr; <strong>1150</strong><br />(+29 for winning)\n|raw|mimrat6's rating: 1182 &rarr; <strong>1153</strong><br />(-29 for losing)\n|l|\u2606mimrat6\n|player|p2|\n",
  "uploadtime": 1775959176,
  "views": 18,
  "formatid": "gen9championsvgc2026regma",
  "rating": 1150,
  "private": 0,
  "password": null
}