{
  "id": "gen9championsvgc2026regma-2582175761",
  "format": "[Gen 9 Champions] VGC 2026 Reg M-A",
  "players": [
    "Ocram17",
    "Maximo Mawile"
  ],
  "log": "|j|\u2606Ocram17\n|j|\u2606Maximo Mawile\n|t:|1776067590\n|gametype|doubles\n|player|p1|Ocram17|2|1314\n|player|p2|Maximo Mawile|steven|1363\n|gen|9\n|tier|[Gen 9 Champions] VGC 2026 Reg M-A\n|rated|\n|rule|Species Clause: Limit one of each Pok\u00e9mon\n|rule|Item Clause: Limit 1 of each item\n|clearpoke\n|poke|p1|Basculegion, L50, M|\n|poke|p1|Pelipper, L50, M|\n|poke|p1|Sneasler, L50, F|\n|poke|p1|Incineroar, L50, F|\n|poke|p1|Dragonite, L50, F|\n|poke|p1|Kingambit, L50, M|\n|poke|p2|Tyranitar, L50, F|\n|poke|p2|Arcanine, L50, M|\n|poke|p2|Gengar, L50, M|\n|poke|p2|Whimsicott, L50, M|\n|poke|p2|Milotic, L50, F|\n|poke|p2|Corviknight, L50, M|\n|teampreview|4\n|j| CARtu348rjf90\n|inactive|Battle timer is ON: inactive players will automatically lose when time's up. (requested by Ocram17)\nOcram17 rejected open team sheets.\n|inactive|Maximo Mawile has 60 seconds left.\n|\n|t:|1776067648\n|teamsize|p1|4\n|teamsize|p2|4\n|start\n|switch|p1a: Sneasler|Sneasler, L50, F|100/100\n|switch|p1b: Basculegion|Basculegion, L50, M|100/100\n|switch|p2a: Arcanine|Arcanine, L50, M, shiny|100/100\n|switch|p2b: Gengar|Gengar, L50, M, shiny|100/100\n|-ability|p2a: Arcanine|Intimidate|boost\n|-unboost|p1a: Sneasler|atk|1\n|-unboost|p1b: Basculegion|atk|1\n|-enditem|p1a: Sneasler|White Herb\n|-clearnegativeboost|p1a: Sneasler|[silent]\n|turn|1\n|inactive|Ocram17 has 30 seconds left.\n|\n|t:|1776067674\n|switch|p1a: Pelipper|Pelipper, L50, M|100/100\n|-weather|RainDance|[from] ability: Drizzle|[of] p1a: Pelipper\n|switch|p2a: Milotic|Milotic, L50, F, shiny|100/100\n|detailschange|p2b: Gengar|Gengar-Mega, L50, M, shiny\n|-mega|p2b: Gengar|Gengar|Gengarite\n|move|p2b: Gengar|Protect|p2b: Gengar\n|-singleturn|p2b: Gengar|Protect\n|move|p1b: Basculegion|Flip Turn|p2a: Milotic\n|-resisted|p2a: Milotic|1\n|-damage|p2a: Milotic|85/100\n|\n|t:|1776067694\n|switch|p1b: Dragonite|Dragonite, L50, F|100/100|[from] Flip Turn\n|\n|-weather|RainDance|[upkeep]\n|-heal|p2a: Milotic|91/100|[from] item: Leftovers\n|upkeep\n|turn|2\n|\n|t:|1776067703\n|move|p1b: Dragonite|Protect|p1b: Dragonite\n|-singleturn|p1b: Dragonite|Protect\n|move|p2b: Gengar|Sludge Bomb|p1a: Pelipper\n|-damage|p1a: Pelipper|14/100\n|move|p1a: Pelipper|Tailwind|p1a: Pelipper\n|-sidestart|p1: Ocram17|move: Tailwind\n|move|p2a: Milotic|Coil|p2a: Milotic\n|-boost|p2a: Milotic|atk|1\n|-boost|p2a: Milotic|def|1\n|-boost|p2a: Milotic|accuracy|1\n|\n|-weather|RainDance|[upkeep]\n|-heal|p2a: Milotic|96/100|[from] item: Leftovers\n|upkeep\n|turn|3\n|\n|t:|1776067727\n|detailschange|p1b: Dragonite|Dragonite-Mega, L50, F\n|-mega|p1b: Dragonite|Dragonite|Dragoninite\n|move|p2b: Gengar|Protect|p2b: Gengar\n|-singleturn|p2b: Gengar|Protect\n|move|p1b: Dragonite|Hurricane|p2a: Milotic\n|-damage|p2a: Milotic|53/100\n|-start|p2a: Milotic|confusion\n|move|p1a: Pelipper|Hurricane|p2a: Milotic\n|-damage|p2a: Milotic|21/100\n|-activate|p2a: Milotic|confusion\n|move|p2a: Milotic|Coil|p2a: Milotic\n|-boost|p2a: Milotic|atk|1\n|-boost|p2a: Milotic|def|1\n|-boost|p2a: Milotic|accuracy|1\n|\n|-weather|RainDance|[upkeep]\n|-heal|p2a: Milotic|27/100|[from] item: Leftovers\n|upkeep\n|turn|4\n|inactive|Ocram17 has 30 seconds left.\n|\n|t:|1776067755\n|switch|p2b: Tyranitar|Tyranitar, L50, F, shiny|100/100\n|-weather|Sandstorm|[from] ability: Sand Stream|[of] p2b: Tyranitar\n|move|p1b: Dragonite|Hurricane|p2a: Milotic\n|-damage|p2a: Milotic|0 fnt\n|faint|p2a: Milotic\n|move|p1a: Pelipper|Weather Ball|p2b: Tyranitar\n|-damage|p2b: Tyranitar|86/100\n|\n|-weather|Sandstorm|[upkeep]\n|-damage|p1b: Dragonite|95/100|[from] Sandstorm\n|-damage|p1a: Pelipper|9/100|[from] Sandstorm\n|upkeep\n|\n|t:|1776067766\n|switch|p2a: Gengar|Gengar-Mega, L50, M, shiny|100/100\n|turn|5\n|\n|t:|1776067774\n|move|p1b: Dragonite|Draco Meteor|p2a: Gengar|[miss]\n|-miss|p1b: Dragonite|p2a: Gengar\n|move|p1a: Pelipper|Weather Ball|p2a: Gengar\n|-damage|p2a: Gengar|65/100\n|move|p2a: Gengar|Sludge Bomb|p1b: Dragonite\n|-damage|p1b: Dragonite|46/100\n|move|p2b: Tyranitar|Rock Slide|p1b: Dragonite|[spread] p1a,p1b\n|-supereffective|p1a: Pelipper|1\n|-supereffective|p1b: Dragonite|1\n|-damage|p1a: Pelipper|0 fnt\n|-damage|p1b: Dragonite|0 fnt\n|faint|p1a: Pelipper\n|faint|p1b: Dragonite\n|\n|-weather|Sandstorm|[upkeep]\n|-damage|p2a: Gengar|59/100|[from] Sandstorm\n|-sideend|p1: Ocram17|move: Tailwind\n|upkeep\n|\n|t:|1776067786\n|switch|p1b: Basculegion|Basculegion, L50, M|100/100\n|switch|p1a: Sneasler|Sneasler, L50, F|100/100\n|turn|6\n|\n|t:|1776067798\n|switch|p2b: Arcanine|Arcanine, L50, M, shiny|100/100\n|-ability|p2b: Arcanine|Intimidate|boost\n|-unboost|p1a: Sneasler|atk|1\n|-unboost|p1b: Basculegion|atk|1\n|move|p2a: Gengar|Protect|p2a: Gengar\n|-singleturn|p2a: Gengar|Protect\n|move|p1a: Sneasler|Fake Out|p2b: Arcanine\n|-damage|p2b: Arcanine|90/100\n|move|p1b: Basculegion|Wave Crash|p2a: Gengar\n|-activate|p2a: Gengar|move: Protect\n|\n|-weather|Sandstorm|[upkeep]\n|-damage|p2a: Gengar|53/100|[from] Sandstorm\n|-damage|p1b: Basculegion|94/100|[from] Sandstorm\n|-damage|p1a: Sneasler|95/100|[from] Sandstorm\n|-damage|p2b: Arcanine|85/100|[from] Sandstorm\n|upkeep\n|turn|7\n|\n|t:|1776067812\n|move|p2a: Gengar|Shadow Ball|p1b: Basculegion\n|-supereffective|p1b: Basculegion|1\n|-damage|p1b: Basculegion|0 fnt\n|faint|p1b: Basculegion\n|move|p1a: Sneasler|Coaching|p1: Basculegion|[notarget]\n|-fail|p1a: Sneasler\n|move|p2b: Arcanine|Will-O-Wisp|p1a: Sneasler\n|-status|p1a: Sneasler|brn\n|\n|-weather|Sandstorm|[upkeep]\n|-damage|p2a: Gengar|47/100|[from] Sandstorm\n|-damage|p1a: Sneasler|89/100 brn|[from] Sandstorm\n|-damage|p2b: Arcanine|79/100|[from] Sandstorm\n|-damage|p1a: Sneasler|83/100 brn|[from] brn\n|upkeep\n|turn|8\n|-message|Ocram17 forfeited.\n|\n|win|Maximo Mawile\n|raw|Ocram17's rating: 1314 &rarr; <strong>1297</strong><br />(-17 for losing)\n|raw|Maximo Mawile's rating: 1363 &rarr; <strong>1380</strong><br />(+17 for winning)\n|l|\u2606Ocram17\n|player|p1|\n|c|\u2606Maximo Mawile|gg\n",
  "uploadtime": 1776067826,
  "views": 20,
  "formatid": "gen9championsvgc2026regma",
  "rating": 1297,
  "private": 0,
  "password": null
}