{
  "id": "gen9championsvgc2026regma-2582794882",
  "format": "[Gen 9 Champions] VGC 2026 Reg M-A",
  "players": [
    "MarsupialWolf",
    "flylineo"
  ],
  "log": "|j|\u2606MarsupialWolf\n|j|\u2606flylineo\n|t:|1776114679\n|gametype|doubles\n|player|p1|MarsupialWolf|ghetsis-gen5bw|1000\n|player|p2|flylineo|169|1073\n|gen|9\n|tier|[Gen 9 Champions] VGC 2026 Reg M-A\n|rated|\n|rule|Species Clause: Limit one of each Pok\u00e9mon\n|rule|Item Clause: Limit 1 of each item\n|clearpoke\n|poke|p1|Froslass, L50, F|\n|poke|p1|Milotic, L50, F|\n|poke|p1|Sinistcha, L50|\n|poke|p1|Incineroar, L50, F|\n|poke|p1|Glimmora, L50, F|\n|poke|p1|Conkeldurr, L50, F|\n|poke|p2|Starmie, L50|\n|poke|p2|Rhyperior, L50, F|\n|poke|p2|Torkoal, L50, M|\n|poke|p2|Rotom-Wash, L50|\n|poke|p2|Sinistcha, L50|\n|poke|p2|Incineroar, L50, F|\n|teampreview|4\n|\n|t:|1776114715\n|teamsize|p1|4\n|teamsize|p2|4\n|start\n|switch|p1a: Froslass|Froslass, L50, F, shiny|100/100\n|switch|p1b: Milotic|Milotic, L50, F|100/100\n|switch|p2a: Starmie|Starmie, L50|100/100\n|switch|p2b: Incineroar|Incineroar, L50, F|100/100\n|-ability|p2b: Incineroar|Intimidate|boost\n|-unboost|p1a: Froslass|atk|1\n|-unboost|p1b: Milotic|atk|1\n|-ability|p1b: Milotic|Competitive|boost\n|-boost|p1b: Milotic|spa|2\n|turn|1\n|\n|t:|1776114747\n|detailschange|p2a: Starmie|Starmie-Mega, L50\n|-mega|p2a: Starmie|Starmie|Starminite\n|detailschange|p1a: Froslass|Froslass-Mega, L50, F, shiny\n|-mega|p1a: Froslass|Froslass|Froslassite\n|-weather|Snowscape|[from] ability: Snow Warning|[of] p1a: Froslass\n|move|p2b: Incineroar|Fake Out|p1b: Milotic\n|-damage|p1b: Milotic|87/100\n|move|p1a: Froslass|Shadow Ball|p2a: Starmie\n|-supereffective|p2a: Starmie|1\n|-damage|p2a: Starmie|13/100\n|-unboost|p2a: Starmie|spd|1\n|cant|p1b: Milotic|flinch\n|move|p2a: Starmie|Trick Room|p2a: Starmie\n|-fieldstart|move: Trick Room|[of] p2a: Starmie\n|\n|-weather|Snowscape|[upkeep]\n|-heal|p1b: Milotic|93/100|[from] item: Leftovers\n|upkeep\n|turn|2\n|\n|t:|1776114781\n|switch|p2a: Torkoal|Torkoal, L50, M|100/100\n|-weather|SunnyDay|[from] ability: Drought|[of] p2a: Torkoal\n|move|p1a: Froslass|Protect|p1a: Froslass\n|-singleturn|p1a: Froslass|Protect\n|move|p2b: Incineroar|Flare Blitz|p1a: Froslass\n|-activate|p1a: Froslass|move: Protect\n|move|p1b: Milotic|Muddy Water|p2a: Torkoal|[spread] p2b\n|-miss|p1b: Milotic|p2a: Torkoal\n|-supereffective|p2b: Incineroar|1\n|-damage|p2b: Incineroar|59/100\n|\n|-weather|SunnyDay|[upkeep]\n|-heal|p1b: Milotic|99/100|[from] item: Leftovers\n|upkeep\n|turn|3\n|\n|t:|1776114800\n|switch|p1a: Conkeldurr|Conkeldurr, L50, F|100/100\n|move|p2a: Torkoal|Eruption|p1a: Conkeldurr|[spread] p1a,p1b\n|-resisted|p1b: Milotic|1\n|-damage|p1a: Conkeldurr|7/100\n|-damage|p1b: Milotic|73/100\n|move|p2b: Incineroar|Darkest Lariat|p1b: Milotic\n|-damage|p1b: Milotic|35/100\n|move|p1b: Milotic|Muddy Water|p2a: Torkoal|[spread] p2a,p2b\n|-supereffective|p2a: Torkoal|1\n|-supereffective|p2b: Incineroar|1\n|-damage|p2a: Torkoal|43/100\n|-damage|p2b: Incineroar|19/100\n|\n|-weather|SunnyDay|[upkeep]\n|-heal|p1b: Milotic|41/100|[from] item: Leftovers\n|upkeep\n|turn|4\n|\n|t:|1776114830\n|move|p1a: Conkeldurr|Mach Punch|p2a: Torkoal\n|-damage|p2a: Torkoal|14/100\n|move|p2a: Torkoal|Solar Beam||[still]\n|-prepare|p2a: Torkoal|Solar Beam\n|-anim|p2a: Torkoal|Solar Beam|p1b: Milotic\n|-supereffective|p1b: Milotic|1\n|-damage|p1b: Milotic|0 fnt\n|faint|p1b: Milotic\n|move|p2b: Incineroar|Flare Blitz|p1a: Conkeldurr\n|-damage|p1a: Conkeldurr|0 fnt\n|faint|p1a: Conkeldurr\n|-damage|p2b: Incineroar|17/100|[from] Recoil\n|\n|-weather|SunnyDay|[upkeep]\n|upkeep\n|\n|t:|1776114845\n|switch|p1a: Froslass|Froslass-Mega, L50, F, shiny|100/100\n|switch|p1b: Sinistcha|Sinistcha, L50|100/100\n|-weather|Snowscape|[from] ability: Snow Warning|[of] p1a: Froslass\n|turn|5\n|\n|t:|1776114888\n|switch|p2b: Starmie|Starmie-Mega, L50|13/100\n|move|p1a: Froslass|Protect|p1a: Froslass\n|-singleturn|p1a: Froslass|Protect\n|move|p2a: Torkoal|Flamethrower|p1b: Sinistcha\n|-supereffective|p1b: Sinistcha|1\n|-crit|p1b: Sinistcha\n|-damage|p1b: Sinistcha|0 fnt\n|faint|p1b: Sinistcha\n|\n|-weather|Snowscape|[upkeep]\n|-fieldend|move: Trick Room\n|upkeep\n|turn|6\n|\n|t:|1776114923\n|switch|p2a: Incineroar|Incineroar, L50, F|17/100\n|-ability|p2a: Incineroar|Intimidate|boost\n|-unboost|p1a: Froslass|atk|1\n|move|p1a: Froslass|Blizzard|p2a: Incineroar|[spread] p2a,p2b\n|-resisted|p2a: Incineroar|1\n|-resisted|p2b: Starmie|1\n|-damage|p2a: Incineroar|0 fnt\n|-damage|p2b: Starmie|0 fnt\n|faint|p2a: Incineroar\n|faint|p2b: Starmie\n|\n|-weather|Snowscape|[upkeep]\n|upkeep\n|\n|t:|1776114930\n|switch|p2b: Torkoal|Torkoal, L50, M|14/100\n|switch|p2a: Rhyperior|Rhyperior, L50, F|100/100\n|-weather|SunnyDay|[from] ability: Drought|[of] p2b: Torkoal\n|turn|7\n|\n|t:|1776114941\n|move|p1a: Froslass|Blizzard|p2a: Rhyperior|[spread] p2a,p2b\n|-supereffective|p2a: Rhyperior|1\n|-resisted|p2b: Torkoal|1\n|-damage|p2a: Rhyperior|0 fnt\n|-damage|p2b: Torkoal|0 fnt\n|faint|p2a: Rhyperior\n|faint|p2b: Torkoal\n|\n|win|MarsupialWolf\n|raw|MarsupialWolf's rating: 1000 &rarr; <strong>1048</strong><br />(+48 for winning)\n|raw|flylineo's rating: 1073 &rarr; <strong>1048</strong><br />(-25 for losing)\n|l|\u2606flylineo\n|player|p2|\n",
  "uploadtime": 1776114949,
  "views": 21,
  "formatid": "gen9championsvgc2026regma",
  "rating": 1048,
  "private": 0,
  "password": null
}