{
  "id": "gen9championsvgc2026regma-2584847114",
  "format": "[Gen 9 Champions] VGC 2026 Reg M-A",
  "players": [
    "Scarymonstas",
    "2x2xl"
  ],
  "log": "|j|\u2606Scarymonstas\n|j|\u26062x2xl\n|t:|1776288291\n|gametype|doubles\n|player|p1|Scarymonstas|pokemaniac|1000\n|player|p2|2x2xl|clown|1000\n|gen|9\n|tier|[Gen 9 Champions] VGC 2026 Reg M-A\n|rated|\n|rule|Species Clause: Limit one of each Pok\u00e9mon\n|rule|Item Clause: Limit 1 of each item\n|clearpoke\n|poke|p1|Pelipper, L50, M|\n|poke|p1|Archaludon, L50, F|\n|poke|p1|Sinistcha, L50|\n|poke|p1|Incineroar, L50, M|\n|poke|p1|Kangaskhan, L50, F|\n|poke|p1|Starmie, L50|\n|poke|p2|Watchog, L50, M|\n|poke|p2|Gardevoir, L50, M|\n|poke|p2|Garchomp, L50, M|\n|poke|p2|Rotom-Wash, L50|\n|poke|p2|Incineroar, L50, M|\n|poke|p2|Sinistcha, L50|\n|teampreview|4\n|inactive|Battle timer is ON: inactive players will automatically lose when time's up. (requested by 2x2xl)\nScarymonstas rejected open team sheets.\n|\n|t:|1776288312\n|teamsize|p1|4\n|teamsize|p2|4\n|start\n|switch|p1a: Pelipper|Pelipper, L50, M|100/100\n|switch|p1b: Archaludon|Archaludon, L50, F|100/100\n|switch|p2a: Watchog|Watchog, L50, M|100/100\n|switch|p2b: Rotom|Rotom-Wash, L50|100/100\n|-weather|RainDance|[from] ability: Drizzle|[of] p1a: Pelipper\n|turn|1\n|inactive|Scarymonstas has 30 seconds left.\n|\n|t:|1776288342\n|move|p1a: Pelipper|Protect|p1a: Pelipper\n|-singleturn|p1a: Pelipper|Protect\n|move|p2b: Rotom|Electroweb|p1a: Pelipper|[spread] p1b\n|-activate|p1a: Pelipper|move: Protect\n|-resisted|p1b: Archaludon|1\n|-damage|p1b: Archaludon|86/100\n|-unboost|p1b: Archaludon|spe|1\n|move|p2a: Watchog|Super Fang|p1b: Archaludon\n|-damage|p1b: Archaludon|44/100\n|move|p1b: Archaludon|Draco Meteor|p2b: Rotom\n|-damage|p2b: Rotom|7/100\n|-unboost|p1b: Archaludon|spa|2\n|\n|-weather|RainDance|[upkeep]\n|upkeep\n|turn|2\n|\n|t:|1776288364\n|move|p2b: Rotom|Electroweb|p1b: Archaludon|[spread] p1a,p1b\n|-supereffective|p1a: Pelipper|2\n|-resisted|p1b: Archaludon|1\n|-enditem|p1a: Pelipper|Focus Sash\n|-damage|p1a: Pelipper|1/100\n|-damage|p1b: Archaludon|31/100\n|-unboost|p1a: Pelipper|spe|1\n|-unboost|p1b: Archaludon|spe|1\n|move|p2a: Watchog|Low Kick|p1b: Archaludon\n|-supereffective|p1b: Archaludon|1\n|-damage|p1b: Archaludon|2/100\n|move|p1a: Pelipper|Tailwind|p1a: Pelipper\n|-sidestart|p1: Scarymonstas|move: Tailwind\n|move|p1b: Archaludon|Electro Shot||[still]\n|-prepare|p1b: Archaludon|Electro Shot\n|-boost|p1b: Archaludon|spa|1\n|-anim|p1b: Archaludon|Electro Shot|p2a: Watchog\n|-damage|p2a: Watchog|60/100\n|\n|-weather|RainDance|[upkeep]\n|upkeep\n|turn|3\n|\n|t:|1776288387\n|move|p2b: Rotom|Electroweb|p1a: Pelipper|[spread] p1a,p1b\n|-supereffective|p1a: Pelipper|2\n|-resisted|p1b: Archaludon|1\n|-damage|p1a: Pelipper|0 fnt\n|-damage|p1b: Archaludon|0 fnt\n|faint|p1a: Pelipper\n|faint|p1b: Archaludon\n|move|p2a: Watchog|Low Kick|p1: Pelipper|[notarget]\n|-fail|p2a: Watchog\n|\n|-weather|RainDance|[upkeep]\n|upkeep\n|\n|t:|1776288392\n|switch|p1b: Sinistcha|Sinistcha, L50|100/100\n|switch|p1a: Starmie|Starmie, L50|100/100\n|turn|4\n|\n|t:|1776288405\n|detailschange|p1a: Starmie|Starmie-Mega, L50\n|-mega|p1a: Starmie|Starmie|Starminite\n|move|p1b: Sinistcha|Rage Powder|p1b: Sinistcha\n|-singleturn|p1b: Sinistcha|move: Rage Powder\n|move|p1a: Starmie|Liquidation|p2a: Watchog\n|-damage|p2a: Watchog|0 fnt\n|faint|p2a: Watchog\n|move|p2b: Rotom|Electroweb|p1a: Starmie|[spread] p1a,p1b\n|-supereffective|p1a: Starmie|1\n|-resisted|p1b: Sinistcha|1\n|-damage|p1a: Starmie|57/100\n|-damage|p1b: Sinistcha|93/100\n|-unboost|p1a: Starmie|spe|1\n|-unboost|p1b: Sinistcha|spe|1\n|\n|-weather|RainDance|[upkeep]\n|upkeep\n|\n|t:|1776288417\n|switch|p2a: Garchomp|Garchomp, L50, M|100/100\n|turn|5\n|\n|t:|1776288424\n|move|p1a: Starmie|Self-Destruct|p2a: Garchomp|[spread] p2a,p2b\n|-immune|p1b: Sinistcha\n|-damage|p2a: Garchomp|13/100\n|-damage|p2b: Rotom|0 fnt\n|faint|p1a: Starmie\n|faint|p2b: Rotom\n|move|p2a: Garchomp|Earthquake|p1b: Sinistcha\n|-resisted|p1b: Sinistcha|1\n|-damage|p1b: Sinistcha|65/100\n|move|p1b: Sinistcha|Matcha Gotcha|p2a: Garchomp\n|-damage|p2a: Garchomp|0 fnt\n|-heal|p1b: Sinistcha|72/100|[from] drain|[of] p2a: Garchomp\n|faint|p2a: Garchomp\n|\n|-weather|none\n|-sideend|p1: Scarymonstas|move: Tailwind\n|upkeep\n|\n|t:|1776288430\n|switch|p2a: Incineroar|Incineroar, L50, M|100/100\n|-ability|p2a: Incineroar|Intimidate|boost\n|-unboost|p1b: Sinistcha|atk|1\n|turn|6\n|\n|t:|1776288437\n|move|p2a: Incineroar|Darkest Lariat|p1b: Sinistcha\n|-supereffective|p1b: Sinistcha|1\n|-damage|p1b: Sinistcha|0 fnt\n|faint|p1b: Sinistcha\n|\n|win|2x2xl\n|raw|Scarymonstas's rating: 1000 &rarr; <strong>1000</strong><br />(+0 for losing)\n|raw|2x2xl's rating: 1000 &rarr; <strong>1040</strong><br />(+40 for winning)\n|l|\u2606Scarymonstas\n|player|p1|\n",
  "uploadtime": 1776288444,
  "views": 30,
  "formatid": "gen9championsvgc2026regma",
  "rating": 1000,
  "private": 0,
  "password": null
}