{
  "id": "gen9championsvgc2026regma-2589475846",
  "format": "[Gen 9 Champions] VGC 2026 Reg M-A",
  "players": [
    "HappyW",
    "dxiss"
  ],
  "log": "|j|\u2606HappyW\n|j|\u2606dxiss\n|t:|1776726346\n|gametype|doubles\n|player|p1|HappyW|akari|1325\n|player|p2|dxiss|iris-gen5bw2|1269\n|gen|9\n|tier|[Gen 9 Champions] VGC 2026 Reg M-A\n|rated|\n|rule|Species Clause: Limit one of each Pok\u00e9mon\n|rule|Item Clause: Limit 1 of each item\n|clearpoke\n|poke|p1|Charizard, L50, M|\n|poke|p1|Sneasler, L50, M|\n|poke|p1|Whimsicott, L50, F|\n|poke|p1|Corviknight, L50, M|\n|poke|p1|Tyranitar, L50, F|\n|poke|p1|Rotom-Wash, L50, shiny|\n|poke|p2|Blastoise, L50, M|\n|poke|p2|Scizor, L50, F|\n|poke|p2|Politoed, L50, M|\n|poke|p2|Farigiraf, L50, F|\n|poke|p2|Aerodactyl, L50, M|\n|poke|p2|Primarina, L50, F|\n|teampreview|4\n|inactive|Battle timer is ON: inactive players will automatically lose when time's up. (requested by HappyW)\n|inactive|dxiss has 60 seconds left.\n|inactive|dxiss has 30 seconds left.\n|\n|t:|1776726411\n|teamsize|p1|4\n|teamsize|p2|4\n|start\n|switch|p1a: Rotom|Rotom-Wash, L50, shiny|100/100\n|switch|p1b: Tyranitar|Tyranitar, L50, F|100/100\n|switch|p2a: Farigiraf|Farigiraf, L50, F|100/100\n|switch|p2b: Blastoise|Blastoise, L50, M|100/100\n|-weather|Sandstorm|[from] ability: Sand Stream|[of] p1b: Tyranitar\n|turn|1\n|\n|t:|1776726436\n|detailschange|p1b: Tyranitar|Tyranitar-Mega, L50, F\n|-mega|p1b: Tyranitar|Tyranitar|Tyranitarite\n|move|p2b: Blastoise|Fake Out|p1b: Tyranitar\n|-resisted|p1b: Tyranitar|1\n|-damage|p1b: Tyranitar|98/100\n|move|p1a: Rotom|Electroweb|p2a: Farigiraf|[spread] p2a,p2b\n|-supereffective|p2b: Blastoise|1\n|-crit|p2b: Blastoise\n|-damage|p2a: Farigiraf|80/100\n|-damage|p2b: Blastoise|54/100\n|-unboost|p2a: Farigiraf|spe|1\n|-unboost|p2b: Blastoise|spe|1\n|cant|p1b: Tyranitar|flinch\n|move|p2a: Farigiraf|Trick Room|p2a: Farigiraf\n|-fieldstart|move: Trick Room|[of] p2a: Farigiraf\n|\n|-weather|Sandstorm|[upkeep]\n|-damage|p2a: Farigiraf|74/100|[from] Sandstorm\n|-damage|p2b: Blastoise|48/100|[from] Sandstorm\n|-damage|p1a: Rotom|94/100|[from] Sandstorm\n|-enditem|p2b: Blastoise|Sitrus Berry|[eat]\n|-heal|p2b: Blastoise|73/100|[from] item: Sitrus Berry\n|-heal|p1a: Rotom|100/100|[from] item: Leftovers\n|upkeep\n|turn|2\n|\n|t:|1776726460\n|move|p2a: Farigiraf|Helping Hand|p2b: Blastoise\n|-singleturn|p2b: Blastoise|Helping Hand|[of] p2a: Farigiraf\n|move|p1b: Tyranitar|Protect|p1b: Tyranitar\n|-singleturn|p1b: Tyranitar|Protect\n|move|p2b: Blastoise|Wave Crash|p1b: Tyranitar\n|-activate|p1b: Tyranitar|move: Protect\n|move|p1a: Rotom|Volt Switch|p2b: Blastoise\n|-supereffective|p2b: Blastoise|1\n|-damage|p2b: Blastoise|27/100\n|\n|t:|1776726471\n|switch|p1a: Corviknight|Corviknight, L50, M|100/100|[from] Volt Switch\n|\n|-weather|Sandstorm|[upkeep]\n|-damage|p2a: Farigiraf|68/100|[from] Sandstorm\n|-damage|p2b: Blastoise|21/100|[from] Sandstorm\n|upkeep\n|turn|3\n|\n|t:|1776726484\n|switch|p1b: Rotom|Rotom-Wash, L50, shiny|100/100\n|move|p2a: Farigiraf|Helping Hand|p2b: Blastoise\n|-singleturn|p2b: Blastoise|Helping Hand|[of] p2a: Farigiraf\n|move|p2b: Blastoise|Wave Crash|p1b: Rotom\n|-resisted|p1b: Rotom|1\n|-damage|p1b: Rotom|72/100\n|-damage|p2b: Blastoise|13/100|[from] Recoil\n|move|p1a: Corviknight|Iron Defense|p1a: Corviknight\n|-boost|p1a: Corviknight|def|2\n|\n|-weather|Sandstorm|[upkeep]\n|-damage|p2a: Farigiraf|62/100|[from] Sandstorm\n|-damage|p2b: Blastoise|7/100|[from] Sandstorm\n|-damage|p1b: Rotom|65/100|[from] Sandstorm\n|-heal|p1b: Rotom|72/100|[from] item: Leftovers\n|upkeep\n|turn|4\n|inactive|HappyW has 30 seconds left.\n|inactive|dxiss has 30 seconds left.\n|\n|t:|1776726518\n|move|p2a: Farigiraf|Protect|p2a: Farigiraf\n|-singleturn|p2a: Farigiraf|Protect\n|move|p2b: Blastoise|Yawn|p1a: Corviknight\n|-start|p1a: Corviknight|move: Yawn|[of] p2b: Blastoise\n|move|p1a: Corviknight|Iron Defense|p1a: Corviknight\n|-boost|p1a: Corviknight|def|2\n|move|p1b: Rotom|Volt Switch|p2b: Blastoise\n|-supereffective|p2b: Blastoise|1\n|-damage|p2b: Blastoise|0 fnt\n|faint|p2b: Blastoise\n|\n|t:|1776726525\n|switch|p1b: Tyranitar|Tyranitar-Mega, L50, F|98/100|[from] Volt Switch\n|\n|-weather|Sandstorm|[upkeep]\n|-damage|p2a: Farigiraf|56/100|[from] Sandstorm\n|upkeep\n|\n|t:|1776726535\n|switch|p2b: Politoed|Politoed, L50, M|100/100\n|-weather|RainDance|[from] ability: Drizzle|[of] p2b: Politoed\n|turn|5\n|\n|t:|1776726557\n|switch|p1b: Rotom|Rotom-Wash, L50, shiny|72/100\n|move|p2a: Farigiraf|Psychic|p1a: Corviknight\n|-resisted|p1a: Corviknight|1\n|-damage|p1a: Corviknight|83/100\n|move|p2b: Politoed|Muddy Water|p1b: Rotom|[spread] p1a,p1b\n|-resisted|p1b: Rotom|1\n|-crit|p1b: Rotom\n|-damage|p1a: Corviknight|34/100\n|-damage|p1b: Rotom|32/100\n|move|p1a: Corviknight|Body Press|p2a: Farigiraf\n|-crit|p2a: Farigiraf\n|-damage|p2a: Farigiraf|0 fnt\n|faint|p2a: Farigiraf\n|\n|-weather|RainDance|[upkeep]\n|-heal|p1b: Rotom|38/100|[from] item: Leftovers\n|-end|p1a: Corviknight|move: Yawn|[silent]\n|-status|p1a: Corviknight|slp\n|-fieldend|move: Trick Room\n|upkeep\n|\n|t:|1776726575\n|switch|p2a: Primarina|Primarina, L50, F|100/100\n|turn|6\n|inactive|HappyW has 30 seconds left.\n|inactive|HappyW has 20 seconds left.\n|inactive|HappyW has 15 seconds left.\n|l|\u2606dxiss\n|inactive|dxiss disconnected and has a minute to reconnect!\n|player|p2|\n|inactive|HappyW has 10 seconds left.\n|inactive|HappyW has 5 seconds left.\n|\n|t:|1776726628\n|move|p2b: Politoed|Helping Hand|p2a: Primarina\n|-singleturn|p2a: Primarina|Helping Hand|[of] p2b: Politoed\n|move|p1b: Rotom|Electroweb|p2a: Primarina|[spread] p2a,p2b\n|-supereffective|p2a: Primarina|1\n|-supereffective|p2b: Politoed|1\n|-crit|p2b: Politoed\n|-damage|p2a: Primarina|69/100\n|-damage|p2b: Politoed|52/100\n|-unboost|p2a: Primarina|spe|1\n|-unboost|p2b: Politoed|spe|1\n|cant|p1a: Corviknight|slp\n|move|p2a: Primarina|Hyper Voice|p1a: Corviknight|[spread] p1a,p1b\n|-resisted|p1b: Rotom|1\n|-damage|p1a: Corviknight|0 fnt\n|-damage|p1b: Rotom|0 fnt\n|faint|p1a: Corviknight\n|faint|p1b: Rotom\n|\n|-weather|RainDance|[upkeep]\n|-heal|p2b: Politoed|58/100|[from] item: Leftovers\n|upkeep\n|\n|t:|1776726641\n|switch|p1b: Sneasler|Sneasler, L50, M|100/100\n|switch|p1a: Tyranitar|Tyranitar-Mega, L50, F|98/100\n|-weather|Sandstorm|[from] ability: Sand Stream|[of] p1a: Tyranitar\n|turn|7\n|j|\u2606dxiss\n|inactive|dxiss reconnected and has 40 seconds left.\n|player|p2|dxiss|iris-gen5bw2|\n|\n|t:|1776726663\n|move|p2a: Primarina|Protect|p2a: Primarina\n|-singleturn|p2a: Primarina|Protect\n|move|p2b: Politoed|Protect|p2b: Politoed\n|-singleturn|p2b: Politoed|Protect\n|move|p1b: Sneasler|Dire Claw|p2a: Primarina\n|-activate|p2a: Primarina|move: Protect\n|move|p1a: Tyranitar|Knock Off|p2b: Politoed\n|-activate|p2b: Politoed|move: Protect\n|\n|-weather|Sandstorm|[upkeep]\n|-damage|p1b: Sneasler|95/100|[from] Sandstorm\n|-damage|p2a: Primarina|64/100|[from] Sandstorm\n|-damage|p2b: Politoed|52/100|[from] Sandstorm\n|-heal|p2b: Politoed|58/100|[from] item: Leftovers\n|upkeep\n|turn|8\n|\n|t:|1776726686\n|move|p1b: Sneasler|Dire Claw|p2a: Primarina\n|-supereffective|p2a: Primarina|1\n|-damage|p2a: Primarina|0 fnt\n|faint|p2a: Primarina\n|move|p1a: Tyranitar|Knock Off|p2b: Politoed\n|-damage|p2b: Politoed|0 fnt\n|-enditem|p2b: Politoed|Leftovers|[from] move: Knock Off|[of] p1a: Tyranitar\n|faint|p2b: Politoed\n|\n|win|HappyW\n|raw|HappyW's rating: 1325 &rarr; <strong>1342</strong><br />(+17 for winning)\n|raw|dxiss's rating: 1269 &rarr; <strong>1248</strong><br />(-21 for losing)\n|l|\u2606dxiss\n|player|p2|\n",
  "uploadtime": 1776726716,
  "views": 11,
  "formatid": "gen9championsvgc2026regma",
  "rating": 1248,
  "private": 0,
  "password": null
}