{
  "id": "gen9championsvgc2026regma-2583561052",
  "format": "[Gen 9 Champions] VGC 2026 Reg M-A",
  "players": [
    "skymin<3",
    "random1213"
  ],
  "log": "|j|\u2606skymin<3\n|j|\u2606random1213\n|html|<table width=\"100%\"><tr><td align=\"left\">skymin&lt;3</td><td align=\"right\">random1213</tr><tr><td align=\"left\"><i class=\"fa fa-circle\"></i> <i class=\"fa fa-circle-o\"></i> </td><td align=\"right\"><i class=\"fa fa-circle-o\"></i> <i class=\"fa fa-circle-o\"></i> </tr></table>\n|uhtml|bestof|<h2><strong>Game 2</strong> of <a href=\"/game-bestof3-gen9championsvgc2026regma-2583552909\">a best-of-3</a></h2>\n|t:|1776183389\n|gametype|doubles\n|player|p1|skymin<3|#skymin3|\n|player|p2|random1213|unknownf|\n|gen|9\n|tier|[Gen 9 Champions] VGC 2026 Reg M-A\n|rated|Tournament battle\n|rule|Species Clause: Limit one of each Pok\u00e9mon\n|rule|Item Clause: Limit 1 of each item\n|raw|<div class=\"infobox\"><details class=\"readmore\" open><summary><strong>2 custom rules:</strong></summary> Force Open Team Sheets, Best of = 3</details></div>\n|clearpoke\n|poke|p1|Delphox, L50, M|\n|poke|p1|Meowscarada, L50, F|\n|poke|p1|Rotom-Wash, L50|\n|poke|p1|Sneasler, L50, M|\n|poke|p1|Corviknight, L50, M|\n|poke|p1|Garchomp, L50, F|\n|poke|p2|Runerigus, L50, F|\n|poke|p2|Farigiraf, L50, F|\n|poke|p2|Kingambit, L50, M|\n|poke|p2|Tyranitar, L50, M|\n|poke|p2|Clefable, L50, F|\n|poke|p2|Sinistcha, L50|\n|teampreview|4\n|showteam|p1|Delphox||Delphoxite|Blaze|Encore,HeatWave,Psychic,Protect|||M|||50|]Meowscarada||ChoiceScarf|Protean|Uturn,FlowerTrick,ThroatChop,TripleAxel|||F|||50|]Rotom-Wash||Leftovers|Levitate|HydroPump,Thunderbolt,Protect,WillOWisp||||||50|]Sneasler||WhiteHerb|Unburden|CloseCombat,DireClaw,Protect,FakeOut|||M|||50|]Corviknight||SitrusBerry|MirrorArmor|BraveBird,BodyPress,BulkUp,Roost|||M|||50|]Garchomp||FocusSash|RoughSkin|StompingTantrum,Protect,RockSlide,DragonClaw|||F|||50|\n|showteam|p2|Runerigus||SitrusBerry|WanderingSpirit|BodyPress,TrickRoom,AllySwitch,WillOWisp|||F|||50|]Farigiraf||Leftovers|ArmorTail|TrickRoom,FoulPlay,Protect,Psychic|||F|||50|]Kingambit||ChopleBerry|Defiant|SuckerPunch,SwordsDance,Protect,IronHead|||M|||50|]Tyranitar||Tyranitarite|SandStream|RockSlide,KnockOff,HighHorsepower,Protect|||M|||50|]Clefable||FocusSash|MagicGuard|FollowMe,Moonblast,LightScreen,Reflect|||F|||50|]Sinistcha||ColburBerry|Hospitality|MatchaGotcha,RagePowder,ShadowBall,Protect||||||50|\n|inactive|Battle timer is ON: inactive players will automatically lose when time's up. (requested by random1213)\n|j|+Disorient\n|j| Triple Goose\n|j| island pocket\n|j| fleta gaga supreme\n|j| spubibibibi\n|j| chai56\n|j|%llefface\n|inactive|skymin<3 has 60 seconds left.\n|c|\u2606random1213|i think i get cooked here ngl\n|j| RookieHj\n|\n|t:|1776183437\n|teamsize|p1|4\n|teamsize|p2|4\n|start\n|switch|p1a: Eclipsa|Delphox, L50, M, shiny|100/100\n|switch|p1b: Consul D|Sneasler, L50, M, shiny|100/100\n|switch|p2a: Sinistcha|Sinistcha, L50|100/100\n|switch|p2b: Farigiraf|Farigiraf, L50, F|100/100\n|turn|1\n|\n|t:|1776183450\n|switch|p2a: Tyranitar|Tyranitar, L50, M|100/100\n|-weather|Sandstorm|[from] ability: Sand Stream|[of] p2a: Tyranitar\n|detailschange|p1a: Eclipsa|Delphox-Mega, L50, M, shiny\n|-mega|p1a: Eclipsa|Delphox|Delphoxite\n|move|p1a: Eclipsa|Heat Wave|p2b: Farigiraf|[spread] p2a,p2b\n|-resisted|p2a: Tyranitar|1\n|-damage|p2a: Tyranitar|88/100\n|-damage|p2b: Farigiraf|65/100\n|move|p1b: Consul D|Dire Claw|p2b: Farigiraf\n|-damage|p2b: Farigiraf|20/100\n|move|p2b: Farigiraf|Trick Room|p2b: Farigiraf\n|-fieldstart|move: Trick Room|[of] p2b: Farigiraf\n|\n|-weather|Sandstorm|[upkeep]\n|-damage|p2b: Farigiraf|14/100|[from] Sandstorm\n|-damage|p1b: Consul D|95/100|[from] Sandstorm\n|-damage|p1a: Eclipsa|95/100|[from] Sandstorm\n|-heal|p2b: Farigiraf|20/100|[from] item: Leftovers\n|upkeep\n|turn|2\n|j| near minty\n|c|\u2606skymin<3|i shoulda cc\n|j| Otterz\n|c|\u2606skymin<3|no real reason not to\n|c|\u2606skymin<3|o well\n|inactive|skymin<3 has 30 seconds left.\n|inactive|random1213 has 30 seconds left.\n|inactive|skymin<3 has 20 seconds left.\n|inactive|skymin<3 has 15 seconds left.\n|c| Triple Goose|But the chance for dire claw sleep\n|inactive|skymin<3 has 10 seconds left.\n|\n|t:|1776183499\n|switch|p1b: Kushala Daora|Corviknight, L50, M, shiny|100/100\n|detailschange|p2a: Tyranitar|Tyranitar-Mega, L50, M\n|-mega|p2a: Tyranitar|Tyranitar|Tyranitarite\n|move|p1a: Eclipsa|Protect|p1a: Eclipsa\n|-singleturn|p1a: Eclipsa|Protect\n|move|p2b: Farigiraf|Foul Play|p1a: Eclipsa\n|-activate|p1a: Eclipsa|move: Protect\n|move|p2a: Tyranitar|High Horsepower|p1b: Kushala Daora\n|-immune|p1b: Kushala Daora\n|\n|-weather|Sandstorm|[upkeep]\n|-damage|p2b: Farigiraf|14/100|[from] Sandstorm\n|-damage|p1a: Eclipsa|89/100|[from] Sandstorm\n|-heal|p2b: Farigiraf|20/100|[from] item: Leftovers\n|upkeep\n|turn|3\n|c| Triple Goose|Thats why Sneasler is soooo goood...\n|c|\u2606random1213|dire claw sleep won the game there\n|c|\u2606random1213|dang\n|c|+Disorient|didnt cc just kill farig tho\n|inactive|skymin<3 has 30 seconds left.\n|c|\u2606random1213|no\n|\n|t:|1776183533\n|switch|p2b: Sinistcha|Sinistcha, L50|100/100\n|-heal|p2a: Tyranitar|100/100|[from] ability: Hospitality|[of] p2b: Sinistcha\n|move|p2a: Tyranitar|Knock Off|p1a: Eclipsa\n|-supereffective|p1a: Eclipsa|1\n|-damage|p1a: Eclipsa|0 fnt\n|faint|p1a: Eclipsa\n|move|p1b: Kushala Daora|Roost||[still]\n|-fail|p1b: Kushala Daora|heal\n|\n|-weather|Sandstorm|[upkeep]\n|-damage|p2b: Sinistcha|94/100|[from] Sandstorm\n|upkeep\n|\n|t:|1776183539\n|switch|p1a: Neon|Rotom-Wash, L50, shiny|100/100\n|turn|4\n|c|\u2606random1213|bulky\n|c|\u2606skymin<3|ye i misplayed not going for cc\n|\n|t:|1776183559\n|move|p2b: Sinistcha|Matcha Gotcha|p1b: Kushala Daora|[spread] p1a,p1b\n|-supereffective|p1a: Neon|1\n|-resisted|p1b: Kushala Daora|2\n|-damage|p1a: Neon|46/100\n|-heal|p2b: Sinistcha|100/100|[from] drain|[of] p1a: Neon\n|-damage|p1b: Kushala Daora|95/100\n|move|p2a: Tyranitar|Rock Slide|p1b: Kushala Daora|[spread] p1b\n|-miss|p2a: Tyranitar|p1a: Neon\n|-damage|p1b: Kushala Daora|66/100\n|move|p1b: Kushala Daora|Bulk Up|p1b: Kushala Daora\n|-boost|p1b: Kushala Daora|atk|1\n|-boost|p1b: Kushala Daora|def|1\n|move|p1a: Neon|Will-O-Wisp|p2a: Tyranitar\n|-status|p2a: Tyranitar|brn\n|\n|-weather|Sandstorm|[upkeep]\n|-damage|p2b: Sinistcha|94/100|[from] Sandstorm\n|-damage|p1a: Neon|40/100|[from] Sandstorm\n|-heal|p1a: Neon|46/100|[from] item: Leftovers\n|-damage|p2a: Tyranitar|95/100 brn|[from] brn\n|upkeep\n|turn|5\n|c| Triple Goose|It happens to the best of us\n|inactive|skymin<3 has 30 seconds left.\n|inactive|random1213 has 30 seconds left.\n|\n|t:|1776183590\n|switch|p1a: Consul D|Sneasler, L50, M, shiny|95/100\n|move|p2a: Tyranitar|Knock Off|p1b: Kushala Daora\n|-damage|p1b: Kushala Daora|48/100\n|-enditem|p1b: Kushala Daora|Sitrus Berry|[from] move: Knock Off|[of] p2a: Tyranitar\n|move|p2b: Sinistcha|Matcha Gotcha|p1a: Consul D|[spread] p1a,p1b\n|-resisted|p1a: Consul D|1\n|-resisted|p1b: Kushala Daora|2\n|-damage|p1a: Consul D|79/100\n|-heal|p2b: Sinistcha|100/100|[from] drain|[of] p1a: Consul D\n|-damage|p1b: Kushala Daora|43/100\n|-status|p1b: Kushala Daora|brn\n|move|p1b: Kushala Daora|Roost|p1b: Kushala Daora\n|-heal|p1b: Kushala Daora|94/100 brn\n|-singleturn|p1b: Kushala Daora|move: Roost\n|\n|-weather|none\n|-damage|p2a: Tyranitar|89/100 brn|[from] brn\n|-damage|p1b: Kushala Daora|88/100 brn|[from] brn\n|-fieldend|move: Trick Room\n|upkeep\n|turn|6\n|inactive|random1213 has 30 seconds left.\n|c|\u2606skymin<3|immediate burn is quite bad\n|c|\u2606skymin<3|that was pretty winning b4\n|c|\u2606skymin<3|hm\n|inactive|random1213 has 20 seconds left.\n|inactive|skymin<3 has 30 seconds left.\n|j| Lorul\n|\n|t:|1776183633\n|move|p2b: Sinistcha|Rage Powder|p2b: Sinistcha\n|-singleturn|p2b: Sinistcha|move: Rage Powder\n|move|p1a: Consul D|Close Combat|p2b: Sinistcha\n|-immune|p2b: Sinistcha\n|move|p1b: Kushala Daora|Bulk Up|p1b: Kushala Daora\n|-boost|p1b: Kushala Daora|atk|1\n|-boost|p1b: Kushala Daora|def|1\n|move|p2a: Tyranitar|High Horsepower|p1a: Consul D\n|-supereffective|p1a: Consul D|1\n|-damage|p1a: Consul D|7/100\n|\n|-damage|p1b: Kushala Daora|82/100 brn|[from] brn\n|-damage|p2a: Tyranitar|83/100 brn|[from] brn\n|upkeep\n|turn|7\n|\n|t:|1776183656\n|switch|p2a: Farigiraf|Farigiraf, L50, F|20/100\n|move|p1a: Consul D|Protect|p1a: Consul D\n|-singleturn|p1a: Consul D|Protect\n|move|p1b: Kushala Daora|Bulk Up|p1b: Kushala Daora\n|-boost|p1b: Kushala Daora|atk|1\n|-boost|p1b: Kushala Daora|def|1\n|move|p2b: Sinistcha|Shadow Ball|p1b: Kushala Daora\n|-damage|p1b: Kushala Daora|54/100 brn\n|\n|-heal|p2a: Farigiraf|26/100|[from] item: Leftovers\n|-damage|p1b: Kushala Daora|48/100 brn|[from] brn\n|upkeep\n|turn|8\n|c|+Disorient|we love corv\n|\n|t:|1776183670\n|move|p2b: Sinistcha|Rage Powder|p2b: Sinistcha\n|-singleturn|p2b: Sinistcha|move: Rage Powder\n|move|p1a: Consul D|Dire Claw|p2b: Sinistcha\n|-damage|p2b: Sinistcha|65/100\n|move|p1b: Kushala Daora|Roost|p1b: Kushala Daora\n|-heal|p1b: Kushala Daora|99/100 brn\n|-singleturn|p1b: Kushala Daora|move: Roost\n|move|p2a: Farigiraf|Trick Room|p2a: Farigiraf\n|-fieldstart|move: Trick Room|[of] p2a: Farigiraf\n|\n|-heal|p2a: Farigiraf|32/100|[from] item: Leftovers\n|-damage|p1b: Kushala Daora|93/100 brn|[from] brn\n|upkeep\n|turn|9\n|c|%llefface|birb\n|c| chai56|birb\n|c| near minty|birb\n|\n|t:|1776183694\n|move|p1a: Consul D|Protect|p1a: Consul D\n|-singleturn|p1a: Consul D|Protect\n|move|p2a: Farigiraf|Psychic|p1a: Consul D\n|-activate|p1a: Consul D|move: Protect\n|move|p2b: Sinistcha|Shadow Ball|p1b: Kushala Daora\n|-damage|p1b: Kushala Daora|63/100 brn\n|move|p1b: Kushala Daora|Brave Bird|p2b: Sinistcha\n|-supereffective|p2b: Sinistcha|1\n|-damage|p2b: Sinistcha|0 fnt\n|faint|p2b: Sinistcha\n|-damage|p1b: Kushala Daora|48/100 brn|[from] Recoil\n|\n|-heal|p2a: Farigiraf|38/100|[from] item: Leftovers\n|-damage|p1b: Kushala Daora|42/100 brn|[from] brn\n|upkeep\n|c|+Disorient|bib\n|c| Triple Goose|So birb\n|\n|t:|1776183710\n|switch|p2b: Runerigus|Runerigus, L50, F, shiny|100/100\n|turn|10\n|j| fuecocofan6789\n|\n|t:|1776183732\n|move|p2b: Runerigus|Ally Switch|p2b: Runerigus\n|swap|p2b: Runerigus|0|[from] move: Ally Switch\n|move|p2b: Farigiraf|Psychic|p1a: Consul D\n|-supereffective|p1a: Consul D|2\n|-damage|p1a: Consul D|0 fnt\n|faint|p1a: Consul D\n|move|p1b: Kushala Daora|Roost|p1b: Kushala Daora\n|-heal|p1b: Kushala Daora|92/100 brn\n|-singleturn|p1b: Kushala Daora|move: Roost\n|\n|-heal|p2b: Farigiraf|44/100|[from] item: Leftovers\n|-damage|p1b: Kushala Daora|86/100 brn|[from] brn\n|upkeep\n|c|+Disorient|Runerigus is interesting\n|c|+Disorient|I have seen 0\n|\n|t:|1776183736\n|switch|p1a: Neon|Rotom-Wash, L50, shiny|46/100\n|turn|11\n|c|\u2606random1213|i saw one person ever using it\n|inactive|random1213 has 30 seconds left.\n|\n|t:|1776183764\n|move|p1a: Neon|Protect|p1a: Neon\n|-singleturn|p1a: Neon|Protect\n|move|p2a: Runerigus|Body Press|p1a: Neon\n|-activate|p1a: Neon|move: Protect\n|move|p2b: Farigiraf|Foul Play|p1b: Kushala Daora\n|-damage|p1b: Kushala Daora|66/100 brn\n|move|p1b: Kushala Daora|Bulk Up|p1b: Kushala Daora\n|-boost|p1b: Kushala Daora|atk|1\n|-boost|p1b: Kushala Daora|def|1\n|\n|-heal|p2b: Farigiraf|50/100|[from] item: Leftovers\n|-heal|p1a: Neon|51/100|[from] item: Leftovers\n|-damage|p1b: Kushala Daora|60/100 brn|[from] brn\n|upkeep\n|turn|12\n|c| Triple Goose|Is that person you?\n|j| TG511\n|c|\u2606random1213|no, one other person mentioned it\n|inactive|random1213 has 30 seconds left.\n|j| ido1234567890\n|c| chai56|ally switch is crazy\n|inactive|skymin<3 has 30 seconds left.\n|inactive|skymin<3 has 20 seconds left.\n|\n|t:|1776183804\n|move|p2a: Runerigus|Body Press|p1a: Neon\n|-damage|p1a: Neon|22/100\n|move|p2b: Farigiraf|Foul Play|p1b: Kushala Daora\n|-damage|p1b: Kushala Daora|41/100 brn\n|move|p1b: Kushala Daora|Brave Bird|p2b: Farigiraf\n|-damage|p2b: Farigiraf|0 fnt\n|faint|p2b: Farigiraf\n|-damage|p1b: Kushala Daora|24/100 brn|[from] Recoil\n|move|p1a: Neon|Hydro Pump|p2a: Runerigus\n|-supereffective|p2a: Runerigus|1\n|-damage|p2a: Runerigus|8/100\n|-enditem|p2a: Runerigus|Sitrus Berry|[eat]\n|-heal|p2a: Runerigus|33/100|[from] item: Sitrus Berry\n|\n|-heal|p1a: Neon|28/100|[from] item: Leftovers\n|-damage|p1b: Kushala Daora|18/100 brn|[from] brn\n|-fieldend|move: Trick Room\n|upkeep\n|c|\u2606random1213|useful when i lead gambit rune\n|\n|t:|1776183823\n|switch|p2b: Tyranitar|Tyranitar-Mega, L50, M|83/100 brn\n|-weather|Sandstorm|[from] ability: Sand Stream|[of] p2b: Tyranitar\n|turn|13\n|c|\u2606random1213|no sneasler ko\n|j| Perhaps Perish?\n|c| chai56|ya\n|c| near minty|hpump time\n|\n|t:|1776183843\n|move|p1a: Neon|Will-O-Wisp|p2a: Runerigus\n|-status|p2a: Runerigus|brn\n|move|p1b: Kushala Daora|Roost|p1b: Kushala Daora\n|-heal|p1b: Kushala Daora|68/100 brn\n|-singleturn|p1b: Kushala Daora|move: Roost\n|move|p2b: Tyranitar|Rock Slide|p1a: Neon|[spread] p1a,p1b\n|-resisted|p1b: Kushala Daora|1\n|-damage|p1a: Neon|11/100\n|-damage|p1b: Kushala Daora|66/100 brn\n|move|p2a: Runerigus|Body Press|p1a: Neon\n|-damage|p1a: Neon|0 fnt\n|faint|p1a: Neon\n|\n|-weather|Sandstorm|[upkeep]\n|-damage|p1b: Kushala Daora|60/100 brn|[from] brn\n|-damage|p2b: Tyranitar|77/100 brn|[from] brn\n|-damage|p2a: Runerigus|27/100 brn|[from] brn\n|upkeep\n|turn|14\n|j| ReZeroGrav1ty\n|c|\u2606random1213|does corv still win this\n|inactive|random1213 has 30 seconds left.\n|c| near minty|ally switch 5050 begins\n|c| chai56|yep\n|inactive|random1213 has 20 seconds left.\n|inactive|random1213 has 15 seconds left.\n|inactive|skymin<3 has 30 seconds left.\n|\n|t:|1776183889\n|move|p2b: Tyranitar|Protect|p2b: Tyranitar\n|-singleturn|p2b: Tyranitar|Protect\n|move|p1b: Kushala Daora|Bulk Up|p1b: Kushala Daora\n|-boost|p1b: Kushala Daora|atk|1\n|-boost|p1b: Kushala Daora|def|1\n|move|p2a: Runerigus|Body Press|p1b: Kushala Daora\n|-damage|p1b: Kushala Daora|56/100 brn\n|\n|-weather|Sandstorm|[upkeep]\n|-damage|p1b: Kushala Daora|50/100 brn|[from] brn\n|-damage|p2b: Tyranitar|72/100 brn|[from] brn\n|-damage|p2a: Runerigus|22/100 brn|[from] brn\n|upkeep\n|turn|15\n|c| near minty|you prolly need to crit the living daylights out of corv\n|c|\u2606random1213|4%\n|c| Perhaps Perish?|that burn Chip tho\n|\n|t:|1776183911\n|move|p2a: Runerigus|Ally Switch|p2a: Runerigus\n|swap|p2a: Runerigus|1|[from] move: Ally Switch\n|move|p1b: Kushala Daora|Roost|p1b: Kushala Daora\n|-heal|p1b: Kushala Daora|100/100 brn\n|-singleturn|p1b: Kushala Daora|move: Roost\n|move|p2a: Tyranitar|Rock Slide|p1b: Kushala Daora\n|-resisted|p1b: Kushala Daora|1\n|-damage|p1b: Kushala Daora|98/100 brn\n|\n|-weather|Sandstorm|[upkeep]\n|-damage|p1b: Kushala Daora|92/100 brn|[from] brn\n|-damage|p2a: Tyranitar|66/100 brn|[from] brn\n|-damage|p2b: Runerigus|16/100 brn|[from] brn\n|upkeep\n|turn|16\n|c|+Disorient|bpress corv 3 roosts left\n|c| near minty|roost is at 3\n|c| chai56|everything is burned\n|c|+Disorient|even crit isnt enough idt\n|\n|t:|1776183930\n|move|p1b: Kushala Daora|Body Press|p2a: Tyranitar\n|-supereffective|p2a: Tyranitar|2\n|-damage|p2a: Tyranitar|0 fnt\n|faint|p2a: Tyranitar\n|move|p2b: Runerigus|Body Press|p1b: Kushala Daora\n|-damage|p1b: Kushala Daora|88/100 brn\n|\n|-weather|Sandstorm|[upkeep]\n|-damage|p1b: Kushala Daora|82/100 brn|[from] brn\n|-damage|p2b: Runerigus|10/100 brn|[from] brn\n|upkeep\n|turn|17\n|c| chai56|but corv has roost\n|c|\u2606skymin<3|ggs\n|c|\u2606random1213|ggs\n|l| Otterz\n|l| fleta gaga supreme\n|\n|t:|1776183944\n|move|p1b: Kushala Daora|Brave Bird|p2b: Runerigus\n|-damage|p2b: Runerigus|0 fnt\n|-activate|p1b: Kushala Daora|Skill Swap|Wandering Spirit|Mirror Armor|[of] p2b: Runerigus\n|faint|p2b: Runerigus\n|-damage|p1b: Kushala Daora|80/100 brn|[from] Recoil\n|\n|win|skymin<3\n",
  "uploadtime": 1776183947,
  "views": 13,
  "formatid": "gen9championsvgc2026regma",
  "rating": null,
  "private": 0,
  "password": null
}