{
  "id": "gen9championsvgc2026regma-2586181556",
  "format": "[Gen 9 Champions] VGC 2026 Reg M-A",
  "players": [
    "gelo333",
    "danielsim21"
  ],
  "log": "|j|\u2606gelo333\n|j|\u2606danielsim21\n|t:|1776409340\n|gametype|doubles\n|player|p1|gelo333|steven|\n|player|p2|danielsim21|169|\n|gen|9\n|tier|[Gen 9 Champions] VGC 2026 Reg M-A\n|rule|Species Clause: Limit one of each Pok\u00e9mon\n|rule|Item Clause: Limit 1 of each item\n|clearpoke\n|poke|p1|Sableye, L50, F|\n|poke|p1|Slowking-Galar, L50, F|\n|poke|p1|Incineroar, L50, M|\n|poke|p1|Basculegion, L50, M|\n|poke|p1|Aggron, L50, M|\n|poke|p1|Gengar, L50, M|\n|poke|p2|Froslass, L50, F|\n|poke|p2|Sinistcha, L50|\n|poke|p2|Sneasler, L50, M|\n|poke|p2|Aerodactyl, L50, M|\n|poke|p2|Excadrill, L50, F|\n|poke|p2|Tyranitar, L50, F|\n|teampreview|4\n|inactive|Battle timer is ON: inactive players will automatically lose when time's up. (requested by gelo333)\ngelo333 rejected open team sheets.\n|\n|t:|1776409375\n|teamsize|p1|4\n|teamsize|p2|4\n|start\n|switch|p1a: Sableye|Sableye, L50, F|100/100\n|switch|p1b: Gengar|Gengar, L50, M, shiny|100/100\n|switch|p2a: Aerodactyl|Aerodactyl, L50, M|100/100\n|switch|p2b: Sneasler|Sneasler, L50, M|100/100\n|-ability|p2a: Aerodactyl|Unnerve\n|turn|1\n|inactive|danielsim21 has 30 seconds left.\n|inactive|danielsim21 has 20 seconds left.\n|inactive|danielsim21 has 15 seconds left.\n|\n|t:|1776409419\n|detailschange|p1b: Gengar|Gengar-Mega, L50, M, shiny\n|-mega|p1b: Gengar|Gengar|Gengarite\n|move|p1b: Gengar|Protect|p1b: Gengar\n|-singleturn|p1b: Gengar|Protect\n|move|p2b: Sneasler|Protect|p2b: Sneasler\n|-singleturn|p2b: Sneasler|Protect\n|move|p1a: Sableye|Fake Out|p2a: Aerodactyl\n|-resisted|p2a: Aerodactyl|1\n|-damage|p2a: Aerodactyl|95/100\n|cant|p2a: Aerodactyl|flinch\n|\n|upkeep\n|turn|2\n|\n|t:|1776409434\n|move|p1a: Sableye|Encore|p2b: Sneasler\n|-start|p2b: Sneasler|Encore\n|-enditem|p2b: Sneasler|Mental Herb\n|-end|p2b: Sneasler|Encore\n|move|p2b: Sneasler|Dire Claw|p1b: Gengar\n|-resisted|p1b: Gengar|2\n|-damage|p1b: Gengar|87/100\n|move|p1b: Gengar|Perish Song|p1b: Gengar\n|-start|p1a: Sableye|perish3|[silent]\n|-start|p1b: Gengar|perish3|[silent]\n|-start|p2a: Aerodactyl|perish3|[silent]\n|-start|p2b: Sneasler|perish3|[silent]\n|-fieldactivate|move: Perish Song\n|move|p2a: Aerodactyl|Tailwind|p2a: Aerodactyl\n|-sidestart|p2: danielsim21|move: Tailwind\n|\n|-start|p2b: Sneasler|perish3\n|-start|p2a: Aerodactyl|perish3\n|-start|p1b: Gengar|perish3\n|-start|p1a: Sableye|perish3\n|upkeep\n|turn|3\n|c|\u2606danielsim21|wtf\n|\n|t:|1776409455\n|move|p1b: Gengar|Protect|p1b: Gengar\n|-singleturn|p1b: Gengar|Protect\n|move|p1a: Sableye|Encore|p2a: Aerodactyl\n|-start|p2a: Aerodactyl|Encore\n|move|p2b: Sneasler|Dire Claw|p1b: Gengar\n|-activate|p1b: Gengar|move: Protect\n|move|p2a: Aerodactyl|Tailwind||[still]\n|-fail|p2a: Aerodactyl\n|\n|-start|p2b: Sneasler|perish2\n|-start|p2a: Aerodactyl|perish2\n|-start|p1b: Gengar|perish2\n|-start|p1a: Sableye|perish2\n|upkeep\n|turn|4\n|c|\u2606danielsim21|atay perish song team\n|c|\u2606danielsim21|FKING IDIOT\n|inactive|gelo333 has 30 seconds left.\n|inactive|gelo333 has 20 seconds left.\n|inactive|gelo333 has 15 seconds left.\n|\n|t:|1776409500\n|move|p1a: Sableye|Disable|p2b: Sneasler\n|-start|p2b: Sneasler|Disable|Dire Claw\n|cant|p2b: Sneasler|Disable|Dire Claw\n|move|p2a: Aerodactyl|Tailwind||[still]\n|-fail|p2a: Aerodactyl\n|move|p1b: Gengar|Shadow Ball|p2a: Aerodactyl\n|-damage|p2a: Aerodactyl|36/100\n|\n|-start|p2b: Sneasler|perish1\n|-start|p2a: Aerodactyl|perish1\n|-start|p1b: Gengar|perish1\n|-start|p1a: Sableye|perish1\n|upkeep\n|turn|5\n|\n|t:|1776409520\n|switch|p1b: Basculegion|Basculegion, L50, M, shiny|100/100\n|switch|p1a: Incineroar|Incineroar, L50, M|100/100\n|-ability|p1a: Incineroar|Intimidate|boost\n|-unboost|p2a: Aerodactyl|atk|1\n|-unboost|p2b: Sneasler|atk|1\n|move|p2b: Sneasler|Protect|p2b: Sneasler\n|-singleturn|p2b: Sneasler|Protect\n|move|p2a: Aerodactyl|Tailwind||[still]\n|-fail|p2a: Aerodactyl\n|\n|-end|p2a: Aerodactyl|Encore\n|-start|p2b: Sneasler|perish0\n|-start|p2a: Aerodactyl|perish0\n|-sideend|p2: danielsim21|move: Tailwind\n|faint|p2b: Sneasler\n|faint|p2a: Aerodactyl\n|upkeep\n|c|\u2606danielsim21|wtf is that shit\n|c|\u2606gelo333|HAHAHAHAH\n|\n|t:|1776409540\n|switch|p2a: Tyranitar|Tyranitar, L50, F|100/100\n|switch|p2b: Excadrill|Excadrill, L50, F|100/100\n|-weather|Sandstorm|[from] ability: Sand Stream|[of] p2a: Tyranitar\n|turn|6\n|c|\u2606gelo333|Promise\n|c|\u2606gelo333|naa mga inani usahay\n|\n|t:|1776409557\n|detailschange|p2b: Excadrill|Excadrill-Mega, L50, F\n|-mega|p2b: Excadrill|Excadrill|Excadrite\n|move|p1a: Incineroar|Fake Out|p2b: Excadrill\n|-resisted|p2b: Excadrill|1\n|-damage|p2b: Excadrill|96/100\n|move|p1b: Basculegion|Flip Turn|p2b: Excadrill\n|-supereffective|p2b: Excadrill|1\n|-damage|p2b: Excadrill|31/100\n|\n|t:|1776409565\n|switch|p1b: Sableye|Sableye, L50, F|100/100|[from] Flip Turn\n|cant|p2b: Excadrill|flinch\n|move|p2a: Tyranitar|Knock Off|p1b: Sableye\n|-damage|p1b: Sableye|33/100\n|-enditem|p1b: Sableye|Mental Herb|[from] move: Knock Off|[of] p2a: Tyranitar\n|\n|-weather|Sandstorm|[upkeep]\n|-damage|p1a: Incineroar|95/100|[from] Sandstorm\n|-damage|p1b: Sableye|27/100|[from] Sandstorm\n|upkeep\n|turn|7\n|\n|t:|1776409579\n|move|p1b: Sableye|Fake Out|p2b: Excadrill\n|-resisted|p2b: Excadrill|1\n|-damage|p2b: Excadrill|29/100\n|cant|p2b: Excadrill|flinch\n|move|p1a: Incineroar|Parting Shot|p2b: Excadrill\n|-unboost|p2b: Excadrill|atk|1\n|-unboost|p2b: Excadrill|spa|1\n|\n|t:|1776409586\n|switch|p1a: Basculegion|Basculegion, L50, M, shiny|100/100|[from] Parting Shot\n|move|p2a: Tyranitar|Rock Slide|p1a: Basculegion|[spread] p1a,p1b\n|-damage|p1a: Basculegion|65/100\n|-damage|p1b: Sableye|0 fnt\n|faint|p1b: Sableye\n|\n|-weather|Sandstorm|[upkeep]\n|-damage|p1a: Basculegion|59/100|[from] Sandstorm\n|upkeep\n|\n|t:|1776409595\n|switch|p1b: Incineroar|Incineroar, L50, M|95/100\n|-ability|p1b: Incineroar|Intimidate|boost\n|-unboost|p2a: Tyranitar|atk|1\n|-unboost|p2b: Excadrill|atk|1\n|turn|8\n|\n|t:|1776409605\n|move|p1b: Incineroar|Fake Out|p2b: Excadrill\n|-resisted|p2b: Excadrill|1\n|-damage|p2b: Excadrill|24/100\n|move|p1a: Basculegion|Wave Crash|p2a: Tyranitar\n|-supereffective|p2a: Tyranitar|1\n|-damage|p2a: Tyranitar|0 fnt\n|faint|p2a: Tyranitar\n|-damage|p1a: Basculegion|25/100|[from] Recoil\n|cant|p2b: Excadrill|flinch\n|\n|-weather|Sandstorm|[upkeep]\n|-damage|p1a: Basculegion|19/100|[from] Sandstorm\n|-damage|p1b: Incineroar|89/100|[from] Sandstorm\n|upkeep\n|turn|9\n|\n|t:|1776409621\n|move|p1a: Basculegion|Wave Crash|p2b: Excadrill\n|-supereffective|p2b: Excadrill|1\n|-damage|p2b: Excadrill|0 fnt\n|faint|p2b: Excadrill\n|-damage|p1a: Basculegion|12/100|[from] Recoil\n|\n|win|gelo333\n|l|\u2606danielsim21\n|player|p2|\n",
  "uploadtime": 1776409647,
  "views": 31,
  "formatid": "gen9championsvgc2026regma",
  "rating": null,
  "private": 0,
  "password": null
}