{
  "id": "gen9championsvgc2026regma-2584098676",
  "format": "[Gen 9 Champions] VGC 2026 Reg M-A",
  "players": [
    "taotietsu",
    "fllynnthe7th"
  ],
  "log": "|j|\u2606taotietsu\n|j|\u2606fllynnthe7th\n|t:|1776224957\n|gametype|doubles\n|player|p1|taotietsu|emmet|1087\n|player|p2|fllynnthe7th|acetrainer-gen4dp|1000\n|gen|9\n|tier|[Gen 9 Champions] VGC 2026 Reg M-A\n|rated|\n|rule|Species Clause: Limit one of each Pok\u00e9mon\n|rule|Item Clause: Limit 1 of each item\n|clearpoke\n|poke|p1|Kangaskhan, L50, F|\n|poke|p1|Archaludon, L50, M|\n|poke|p1|Tauros-Paldea-Aqua, L50, M|\n|poke|p1|Aerodactyl, L50, F|\n|poke|p1|Meganium, L50, F|\n|poke|p1|Typhlosion-Hisui, L50, M|\n|poke|p2|Armarouge, L50, M|\n|poke|p2|Kingambit, L50, M|\n|poke|p2|Hatterene, L50, F|\n|poke|p2|Sinistcha-Masterpiece, L50|\n|poke|p2|Aegislash, L50, M|\n|poke|p2|Ampharos, L50, F|\n|teampreview|4\n|inactive|Battle timer is ON: inactive players will automatically lose when time's up. (requested by taotietsu)\n|inactive|taotietsu has 60 seconds left.\n|inactive|taotietsu has 30 seconds left.\n|\n|t:|1776225017\n|teamsize|p1|4\n|teamsize|p2|4\n|start\n|switch|p1a: Aerodactyl|Aerodactyl, L50, F, shiny|100/100\n|switch|p1b: Meganium|Meganium, L50, F, shiny|100/100\n|switch|p2a: Armarouge|Armarouge, L50, M, shiny|100/100\n|switch|p2b: Hatterene|Hatterene, L50, F, shiny|100/100\n|-ability|p1a: Aerodactyl|Unnerve\n|turn|1\n|\n|t:|1776225035\n|detailschange|p1b: Meganium|Meganium-Mega, L50, F, shiny\n|-mega|p1b: Meganium|Meganium|Meganiumite\n|move|p2a: Armarouge|Wide Guard|p2a: Armarouge\n|-singleturn|p2a: Armarouge|Wide Guard\n|move|p1a: Aerodactyl|Rock Slide|p2a: Armarouge|[spread] \n|-activate|p2a: Armarouge|move: Wide Guard\n|-activate|p2b: Hatterene|move: Wide Guard\n|move|p1b: Meganium|Solar Beam||[still]\n|-prepare|p1b: Meganium|Solar Beam\n|-activate|p1b: Meganium|ability: Mega Sol\n|-anim|p1b: Meganium|Solar Beam|p2b: Hatterene\n|-damage|p2b: Hatterene|27/100\n|move|p2b: Hatterene|Psychic Terrain|p2b: Hatterene\n|-fieldstart|move: Psychic Terrain\n|\n|upkeep\n|turn|2\n|\n|t:|1776225059\n|switch|p2b: Aegislash|Aegislash, L50, M, shiny|100/100\n|move|p1b: Meganium|Protect|p1b: Meganium\n|-singleturn|p1b: Meganium|Protect\n|move|p1a: Aerodactyl|Tailwind|p1a: Aerodactyl\n|-sidestart|p1: taotietsu|move: Tailwind\n|move|p2a: Armarouge|Armor Cannon|p1b: Meganium\n|-activate|p1b: Meganium|move: Protect\n|\n|upkeep\n|turn|3\n|\n|t:|1776225083\n|switch|p1b: Tauros|Tauros-Paldea-Aqua, L50, M|100/100\n|-ability|p1b: Tauros|Intimidate|boost\n|-unboost|p2a: Armarouge|atk|1\n|-unboost|p2b: Aegislash|atk|1\n|move|p2b: Aegislash|King's Shield|p2b: Aegislash\n|-singleturn|p2b: Aegislash|Protect\n|move|p1a: Aerodactyl|Rock Slide|p2b: Aegislash|[spread] p2a\n|-activate|p2b: Aegislash|move: Protect\n|-supereffective|p2a: Armarouge|1\n|-damage|p2a: Armarouge|49/100\n|cant|p2a: Armarouge|flinch\n|\n|upkeep\n|turn|4\n|inactive|taotietsu has 30 seconds left.\n|\n|t:|1776225109\n|switch|p1a: Typhlosion|Typhlosion-Hisui, L50, M|100/100\n|move|p1b: Tauros|Wave Crash|p2a: Armarouge\n|-supereffective|p2a: Armarouge|1\n|-damage|p2a: Armarouge|0 fnt\n|faint|p2a: Armarouge\n|-damage|p1b: Tauros|80/100|[from] Recoil\n|-formechange|p2b: Aegislash|Aegislash-Blade|\n|move|p2b: Aegislash|Shadow Ball|p1a: Typhlosion\n|-supereffective|p1a: Typhlosion|1\n|-damage|p1a: Typhlosion|8/100\n|\n|upkeep\n|\n|t:|1776225117\n|switch|p2a: Sinistcha|Sinistcha-Masterpiece, L50, shiny|100/100\n|turn|5\n|\n|t:|1776225130\n|move|p1a: Typhlosion|Heat Wave|p2a: Sinistcha|[spread] p2a,p2b\n|-supereffective|p2a: Sinistcha|1\n|-supereffective|p2b: Aegislash|1\n|-damage|p2a: Sinistcha|13/100\n|-damage|p2b: Aegislash|0 fnt\n|faint|p2b: Aegislash\n|move|p1b: Tauros|Wave Crash|p2a: Sinistcha\n|-resisted|p2a: Sinistcha|1\n|-damage|p2a: Sinistcha|0 fnt\n|faint|p2a: Sinistcha\n|-damage|p1b: Tauros|75/100|[from] Recoil\n|\n|-sideend|p1: taotietsu|move: Tailwind\n|-fieldend|move: Psychic Terrain\n|upkeep\n|inactive|fllynnthe7th has 30 seconds left.\n|inactive|fllynnthe7th has 20 seconds left.\n|inactive|fllynnthe7th has 15 seconds left.\n|inactive|fllynnthe7th has 10 seconds left.\n|inactive|fllynnthe7th has 5 seconds left.\n|\n|t:|1776225185\n|switch|p2a: Hatterene|Hatterene, L50, F, shiny|27/100\n|turn|6\n|inactive|fllynnthe7th has 30 seconds left.\n|\n|t:|1776225216\n|move|p1a: Typhlosion|Heat Wave|p2a: Hatterene\n|-damage|p2a: Hatterene|0 fnt\n|faint|p2a: Hatterene\n|\n|win|taotietsu\n|raw|taotietsu's rating: 1087 &rarr; <strong>1107</strong><br />(+20 for winning)\n|raw|fllynnthe7th's rating: 1000 &rarr; <strong>1000</strong><br />(+0 for losing)\n",
  "uploadtime": 1776225221,
  "views": 18,
  "formatid": "gen9championsvgc2026regma",
  "rating": 1000,
  "private": 0,
  "password": null
}