{
  "id": "gen9championsvgc2026regma-2583303088",
  "format": "[Gen 9 Champions] VGC 2026 Reg M-A",
  "players": [
    "Cochitosx",
    "cottonface"
  ],
  "log": "|j|\u2606Cochitosx\n|j|\u2606cottonface\n|t:|1776164959\n|gametype|doubles\n|player|p1|Cochitosx|caitlin|1021\n|player|p2|cottonface|collector|1041\n|gen|9\n|tier|[Gen 9 Champions] VGC 2026 Reg M-A\n|rated|\n|rule|Species Clause: Limit one of each Pok\u00e9mon\n|rule|Item Clause: Limit 1 of each item\n|clearpoke\n|poke|p1|Gallade, L50, M|\n|poke|p1|Hatterene, L50, F|\n|poke|p1|Kingambit, L50, M|\n|poke|p1|Abomasnow, L50, F|\n|poke|p1|Altaria, L50, F|\n|poke|p1|Arcanine-Hisui, L50, M|\n|poke|p2|Snorlax, L50, M|\n|poke|p2|Audino, L50, M|\n|poke|p2|Zoroark-Hisui, L50, F|\n|poke|p2|Ditto, L50|\n|poke|p2|Farigiraf, L50, M|\n|poke|p2|Toucannon, L50, F|\n|teampreview|4\n|\n|t:|1776164980\n|teamsize|p1|4\n|teamsize|p2|4\n|start\n|switch|p1a: Gallade|Gallade, L50, M|100/100\n|switch|p1b: Hatterene|Hatterene, L50, F|100/100\n|switch|p2a: Audino|Audino, L50, M|100/100\n|switch|p2b: Ditto|Ditto, L50|100/100\n|-transform|p2b: Ditto|p1a: Gallade|[from] ability: Imposter\n|turn|1\n|\n|t:|1776165000\n|move|p2a: Audino|Shadow Ball|p1b: Hatterene\n|-supereffective|p1b: Hatterene|1\n|-damage|p1b: Hatterene|15/100\n|-unboost|p1b: Hatterene|spd|1\n|move|p2b: Ditto|Aqua Cutter|p1b: Hatterene\n|-damage|p1b: Hatterene|0 fnt\n|faint|p1b: Hatterene\n|move|p1a: Gallade|Sacred Sword|p2b: Ditto\n|-resisted|p2b: Ditto|1\n|-damage|p2b: Ditto|37/100\n|\n|upkeep\n|\n|t:|1776165011\n|switch|p1b: Altaria|Altaria, L50, F|100/100\n|-ability|p1b: Altaria|Cloud Nine\n|turn|2\n|\n|t:|1776165023\n|detailschange|p1b: Altaria|Altaria-Mega, L50, F\n|-mega|p1b: Altaria|Altaria|Altarianite\n|move|p2a: Audino|Shadow Ball|p1a: Gallade\n|-supereffective|p1a: Gallade|1\n|-damage|p1a: Gallade|21/100\n|-unboost|p1a: Gallade|spd|1\n|move|p2b: Ditto|Aqua Cutter|p1a: Gallade\n|-damage|p1a: Gallade|0 fnt\n|faint|p1a: Gallade\n|move|p1b: Altaria|Hyper Voice|p2b: Ditto|[spread] p2a,p2b\n|-supereffective|p2b: Ditto|1\n|-damage|p2a: Audino|40/100\n|-damage|p2b: Ditto|0 fnt\n|replace|p2a: Zoroark|Zoroark-Hisui, L50, F\n|-end|p2a: Zoroark|Illusion\n|faint|p2b: Ditto\n|\n|upkeep\n|\n|t:|1776165037\n|switch|p1a: Arcanine|Arcanine-Hisui, L50, M|100/100\n|switch|p2b: Audino|Audino, L50, M|100/100\n|turn|3\n|\n|t:|1776165057\n|detailschange|p2b: Audino|Audino-Mega, L50, M\n|-mega|p2b: Audino|Audino|Audinite\n|move|p2a: Zoroark|Focus Blast|p1a: Arcanine\n|-supereffective|p1a: Arcanine|1\n|-damage|p1a: Arcanine|16/100\n|move|p1a: Arcanine|Double-Edge|p2b: Audino\n|-damage|p2b: Audino|73/100\n|move|p1b: Altaria|Hyper Voice|p2a: Zoroark|[spread] p2a,p2b\n|-damage|p2a: Zoroark|0 fnt\n|-damage|p2b: Audino|56/100\n|faint|p2a: Zoroark\n|move|p2b: Audino|Trick Room|p2b: Audino\n|-fieldstart|move: Trick Room|[of] p2b: Audino\n|\n|upkeep\n|\n|t:|1776165068\n|switch|p2a: Snorlax|Snorlax, L50, M|100/100\n|turn|4\n|\n|t:|1776165083\n|move|p2a: Snorlax|Curse|p2a: Snorlax\n|-unboost|p2a: Snorlax|spe|1\n|-boost|p2a: Snorlax|atk|1\n|-boost|p2a: Snorlax|def|1\n|move|p2b: Audino|Wish|p2b: Audino\n|move|p1a: Arcanine|Double-Edge|p2a: Snorlax\n|-damage|p2a: Snorlax|74/100\n|move|p1b: Altaria|Roar||[still]\n|-fail|p1b: Altaria\n|\n|-heal|p2a: Snorlax|80/100|[from] item: Leftovers\n|upkeep\n|turn|5\n|\n|t:|1776165102\n|move|p2b: Audino|Protect|p2b: Audino\n|-singleturn|p2b: Audino|Protect\n|move|p2a: Snorlax|Crunch|p1a: Arcanine\n|-crit|p1a: Arcanine\n|-damage|p1a: Arcanine|0 fnt\n|faint|p1a: Arcanine\n|move|p1b: Altaria|Hyper Voice|p2a: Snorlax|[spread] p2a\n|-activate|p2b: Audino|move: Protect\n|-damage|p2a: Snorlax|59/100\n|\n|-heal|p2b: Audino|100/100|[from] move: Wish|[wisher] Audino\n|-heal|p2a: Snorlax|65/100|[from] item: Leftovers\n|upkeep\n|turn|6\n|\n|t:|1776165117\n|move|p2a: Snorlax|Curse|p2a: Snorlax\n|-unboost|p2a: Snorlax|spe|1\n|-boost|p2a: Snorlax|atk|1\n|-boost|p2a: Snorlax|def|1\n|move|p2b: Audino|Wish|p2b: Audino\n|move|p1b: Altaria|Hyper Voice|p2b: Audino|[spread] p2a,p2b\n|-damage|p2a: Snorlax|46/100\n|-damage|p2b: Audino|85/100\n|\n|-heal|p2a: Snorlax|52/100|[from] item: Leftovers\n|upkeep\n|turn|7\n|\n|t:|1776165144\n|move|p2b: Audino|Ally Switch|p2b: Audino\n|swap|p2b: Audino|0|[from] move: Ally Switch\n|move|p2b: Snorlax|Curse|p2b: Snorlax\n|-unboost|p2b: Snorlax|spe|1\n|-boost|p2b: Snorlax|atk|1\n|-boost|p2b: Snorlax|def|1\n|move|p1b: Altaria|Body Slam|p2a: Audino\n|-damage|p2a: Audino|59/100\n|\n|-heal|p2b: Snorlax|91/100|[from] move: Wish|[wisher] Audino\n|-heal|p2b: Snorlax|97/100|[from] item: Leftovers\n|-fieldend|move: Trick Room\n|upkeep\n|turn|8\n|\n|t:|1776165160\n|move|p1b: Altaria|Hyper Voice|p2b: Snorlax|[spread] p2a,p2b\n|-damage|p2a: Audino|43/100\n|-damage|p2b: Snorlax|78/100\n|move|p2b: Snorlax|Double-Edge|p1b: Altaria\n|-damage|p1b: Altaria|0 fnt\n|faint|p1b: Altaria\n|-damage|p2b: Snorlax|56/100|[from] Recoil\n|\n|win|cottonface\n|raw|Cochitosx's rating: 1021 &rarr; <strong>1009</strong><br />(-12 for losing)\n|raw|cottonface's rating: 1041 &rarr; <strong>1073</strong><br />(+32 for winning)\n|l|\u2606cottonface\n|player|p2|\n|j|\u2606cottonface\n|player|p2|cottonface|collector|\n",
  "uploadtime": 1776165194,
  "views": 13,
  "formatid": "gen9championsvgc2026regma",
  "rating": 1009,
  "private": 0,
  "password": null
}