{
  "id": "gen9championsvgc2026regma-2586819658",
  "format": "[Gen 9 Champions] VGC 2026 Reg M-A",
  "players": [
    "sonpabloz",
    "eevee1995"
  ],
  "log": "|j|\u2606sonpabloz\n|j|\u2606eevee1995\n|t:|1776462546\n|gametype|doubles\n|player|p1|sonpabloz|265|1159\n|player|p2|eevee1995|pokekidf-gen8|1060\n|gen|9\n|tier|[Gen 9 Champions] VGC 2026 Reg M-A\n|rated|\n|rule|Species Clause: Limit one of each Pok\u00e9mon\n|rule|Item Clause: Limit 1 of each item\n|clearpoke\n|poke|p1|Tyranitar, L50, F|\n|poke|p1|Excadrill, L50, F|\n|poke|p1|Incineroar, L50, M|\n|poke|p1|Sneasler, L50, M|\n|poke|p1|Rotom-Wash, L50|\n|poke|p1|Corviknight, L50, M|\n|poke|p2|Scovillain, L50, F|\n|poke|p2|Ninetales-Alola, L50, F|\n|poke|p2|Sneasler, L50, M|\n|poke|p2|Feraligatr, L50, F|\n|poke|p2|Hydrapple, L50, M|\n|poke|p2|Sableye, L50, M|\n|teampreview|4\n|\n|t:|1776462564\n|teamsize|p1|4\n|teamsize|p2|4\n|start\n|switch|p1a: Tyranitar|Tyranitar, L50, F|100/100\n|switch|p1b: Excadrill|Excadrill, L50, F|100/100\n|switch|p2a: Punchy|Sneasler, L50, M, shiny|100/100\n|switch|p2b: The Hoenn Special|Scovillain, L50, F, shiny|100/100\n|-weather|Sandstorm|[from] ability: Sand Stream|[of] p1a: Tyranitar\n|turn|1\n|inactive|Battle timer is ON: inactive players will automatically lose when time's up. (requested by eevee1995)\n|\n|t:|1776462581\n|switch|p1a: Sneasler|Sneasler, L50, M|100/100\n|move|p1b: Excadrill|Protect|p1b: Excadrill\n|-singleturn|p1b: Excadrill|Protect\n|move|p2b: The Hoenn Special|Protect|p2b: The Hoenn Special\n|-singleturn|p2b: The Hoenn Special|Protect\n|move|p2a: Punchy|Swords Dance|p2a: Punchy\n|-boost|p2a: Punchy|atk|2\n|\n|-weather|Sandstorm|[upkeep]\n|-damage|p1a: Sneasler|95/100|[from] Sandstorm\n|-damage|p2a: Punchy|95/100|[from] Sandstorm\n|-damage|p2b: The Hoenn Special|95/100|[from] Sandstorm\n|-ability|p2b: The Hoenn Special|Moody|boost\n|-boost|p2b: The Hoenn Special|atk|2\n|-unboost|p2b: The Hoenn Special|def|1\n|upkeep\n|turn|2\n|\n|t:|1776462600\n|move|p1a: Sneasler|Fake Out|p2a: Punchy\n|-damage|p2a: Punchy|81/100\n|move|p1b: Excadrill|Earthquake|p2a: Punchy|[spread] p1a,p2a,p2b\n|-supereffective|p1a: Sneasler|1\n|-supereffective|p2a: Punchy|1\n|-damage|p1a: Sneasler|0 fnt\n|-damage|p2a: Punchy|0 fnt\n|-damage|p2b: The Hoenn Special|10/100\n|faint|p1a: Sneasler\n|faint|p2a: Punchy\n|move|p2b: The Hoenn Special|Leech Seed|p1b: Excadrill\n|-start|p1b: Excadrill|move: Leech Seed\n|\n|-weather|Sandstorm|[upkeep]\n|-damage|p2b: The Hoenn Special|5/100|[from] Sandstorm\n|-damage|p1b: Excadrill|88/100|[from] Leech Seed|[of] p2b: The Hoenn Special\n|-heal|p2b: The Hoenn Special|21/100|[silent]\n|-ability|p2b: The Hoenn Special|Moody|boost\n|-boost|p2b: The Hoenn Special|spa|2\n|-unboost|p2b: The Hoenn Special|atk|1\n|upkeep\n|\n|t:|1776462623\n|switch|p1a: Corviknight|Corviknight, L50, M|100/100\n|switch|p2a: Snowy|Ninetales-Alola, L50, F, shiny|100/100\n|-weather|Snowscape|[from] ability: Snow Warning|[of] p2a: Snowy\n|turn|3\n|\n|t:|1776462635\n|move|p2b: The Hoenn Special|Protect|p2b: The Hoenn Special\n|-singleturn|p2b: The Hoenn Special|Protect\n|move|p2a: Snowy|Aurora Veil|p2a: Snowy\n|-sidestart|p2: eevee1995|move: Aurora Veil\n|move|p1b: Excadrill|Rock Slide|p2b: The Hoenn Special|[spread] p2a\n|-activate|p2b: The Hoenn Special|move: Protect\n|-supereffective|p2a: Snowy|1\n|-damage|p2a: Snowy|78/100\n|move|p1a: Corviknight|Body Press|p2a: Snowy\n|-damage|p2a: Snowy|66/100\n|\n|-weather|Snowscape|[upkeep]\n|-damage|p1b: Excadrill|76/100|[from] Leech Seed|[of] p2b: The Hoenn Special\n|-heal|p2b: The Hoenn Special|37/100|[silent]\n|-ability|p2b: The Hoenn Special|Moody|boost\n|-boost|p2b: The Hoenn Special|atk|2\n|-unboost|p2b: The Hoenn Special|spd|1\n|upkeep\n|turn|4\n|\n|t:|1776462655\n|switch|p1a: Tyranitar|Tyranitar, L50, F|100/100\n|-weather|Sandstorm|[from] ability: Sand Stream|[of] p1a: Tyranitar\n|detailschange|p2b: The Hoenn Special|Scovillain-Mega, L50, F, shiny\n|-mega|p2b: The Hoenn Special|Scovillain|Scovillainite\n|move|p1b: Excadrill|Earthquake|p2b: The Hoenn Special|[spread] p1a,p2a,p2b\n|-supereffective|p1a: Tyranitar|1\n|-damage|p1a: Tyranitar|24/100\n|-damage|p2a: Snowy|32/100\n|-damage|p2b: The Hoenn Special|0 fnt\n|-status|p1b: Excadrill|brn|[from] ability: Spicy Spray|[of] p2b: The Hoenn Special\n|faint|p2b: The Hoenn Special\n|move|p2a: Snowy|Blizzard|p1a: Tyranitar|[spread] p1a,p1b\n|-damage|p1a: Tyranitar|9/100\n|-damage|p1b: Excadrill|45/100 brn\n|\n|-weather|Sandstorm|[upkeep]\n|-damage|p2a: Snowy|26/100|[from] Sandstorm\n|-damage|p1b: Excadrill|39/100 brn|[from] brn\n|upkeep\n|\n|t:|1776462662\n|switch|p2b: Notch apple|Hydrapple, L50, M, shiny|100/100\n|turn|5\n|c|\u2606eevee1995|gg\n|\n|t:|1776462681\n|move|p1a: Tyranitar|Protect|p1a: Tyranitar\n|-singleturn|p1a: Tyranitar|Protect\n|move|p1b: Excadrill|Iron Head|p2a: Snowy\n|-supereffective|p2a: Snowy|2\n|-damage|p2a: Snowy|0 fnt\n|faint|p2a: Snowy\n|move|p2b: Notch apple|Giga Drain|p1b: Excadrill\n|-damage|p1b: Excadrill|0 fnt\n|faint|p1b: Excadrill\n|\n|-weather|Sandstorm|[upkeep]\n|-damage|p2b: Notch apple|94/100|[from] Sandstorm\n|-heal|p2b: Notch apple|100/100|[from] item: Leftovers\n|upkeep\n|\n|t:|1776462692\n|switch|p1b: Corviknight|Corviknight, L50, M|100/100\n|turn|6\n|\n|t:|1776462713\n|move|p1b: Corviknight|Brave Bird|p2b: Notch apple\n|-supereffective|p2b: Notch apple|1\n|-damage|p2b: Notch apple|61/100\n|-damage|p1b: Corviknight|88/100|[from] Recoil\n|move|p1a: Tyranitar|Knock Off|p2b: Notch apple\n|-damage|p2b: Notch apple|35/100\n|-enditem|p2b: Notch apple|Leftovers|[from] move: Knock Off|[of] p1a: Tyranitar\n|move|p2b: Notch apple|Giga Drain|p1a: Tyranitar\n|-supereffective|p1a: Tyranitar|1\n|-damage|p1a: Tyranitar|0 fnt\n|-heal|p2b: Notch apple|39/100|[from] drain|[of] p1a: Tyranitar\n|faint|p1a: Tyranitar\n|\n|-weather|Sandstorm|[upkeep]\n|-damage|p2b: Notch apple|33/100|[from] Sandstorm\n|-heal|p1b: Corviknight|93/100|[from] item: Leftovers\n|upkeep\n|turn|7\n|\n|t:|1776462728\n|move|p1b: Corviknight|Protect|p1b: Corviknight\n|-singleturn|p1b: Corviknight|Protect\n|move|p2b: Notch apple|Draco Meteor|p1b: Corviknight\n|-activate|p1b: Corviknight|move: Protect\n|\n|-weather|Sandstorm|[upkeep]\n|-damage|p2b: Notch apple|27/100|[from] Sandstorm\n|-heal|p1b: Corviknight|99/100|[from] item: Leftovers\n|-sideend|p2: eevee1995|move: Aurora Veil\n|upkeep\n|turn|8\n|c|\u2606eevee1995|gg\n|\n|t:|1776462737\n|move|p1b: Corviknight|Brave Bird|p2b: Notch apple\n|-supereffective|p2b: Notch apple|1\n|-damage|p2b: Notch apple|0 fnt\n|faint|p2b: Notch apple\n|-damage|p1b: Corviknight|91/100|[from] Recoil\n|\n|win|sonpabloz\n|raw|sonpabloz's rating: 1159 &rarr; <strong>1177</strong><br />(+18 for winning)\n|raw|eevee1995's rating: 1060 &rarr; <strong>1046</strong><br />(-14 for losing)\n",
  "uploadtime": 1776462741,
  "views": 21,
  "formatid": "gen9championsvgc2026regma",
  "rating": 1046,
  "private": 0,
  "password": null
}