{
  "id": "gen9championsvgc2026regma-2583569634",
  "format": "[Gen 9 Champions] VGC 2026 Reg M-A",
  "players": [
    "KarmicPines2002",
    "Sergimedina"
  ],
  "log": "|j|\u2606KarmicPines2002\n|j|\u203dSergimedina\n|t:|1776183916\n|gametype|doubles\n|player|p1|KarmicPines2002|102|1106\n|player|p2|Sergimedina|266|1065\n|gen|9\n|tier|[Gen 9 Champions] VGC 2026 Reg M-A\n|rated|\n|rule|Species Clause: Limit one of each Pok\u00e9mon\n|rule|Item Clause: Limit 1 of each item\n|clearpoke\n|poke|p1|Pelipper, L50, M|\n|poke|p1|Basculegion, L50, M|\n|poke|p1|Incineroar, L50, F|\n|poke|p1|Meganium, L50, F|\n|poke|p1|Scizor, L50, M|\n|poke|p1|Garchomp, L50, F|\n|poke|p2|Crabominable, L50, F|\n|poke|p2|Farigiraf, L50, F|\n|poke|p2|Ninetales-Alola, L50, M|\n|poke|p2|Rotom-Wash, L50|\n|poke|p2|Gallade, L50, M|\n|poke|p2|Incineroar, L50, M|\n|teampreview|4\n|j| H4irashi\n|inactive|Battle timer is ON: inactive players will automatically lose when time's up. (requested by Sergimedina)\n|inactive|KarmicPines2002 has 60 seconds left.\n|inactive|Sergimedina has 60 seconds left.\n|inactive|KarmicPines2002 has 30 seconds left.\n|\n|t:|1776183991\n|teamsize|p1|4\n|teamsize|p2|4\n|start\n|switch|p1a: Pelipper|Pelipper, L50, M|100/100\n|switch|p1b: Scizor|Scizor, L50, M|100/100\n|switch|p2a: Farigiraf|Farigiraf, L50, F|100/100\n|switch|p2b: Crabominable|Crabominable, L50, F|100/100\n|-weather|RainDance|[from] ability: Drizzle|[of] p1a: Pelipper\n|turn|1\n|inactive|KarmicPines2002 has 30 seconds left.\n|\n|t:|1776184024\n|detailschange|p1b: Scizor|Scizor-Mega, L50, M\n|-mega|p1b: Scizor|Scizor|Scizorite\n|move|p2b: Crabominable|Protect|p2b: Crabominable\n|-singleturn|p2b: Crabominable|Protect\n|move|p1a: Pelipper|Hurricane|p2b: Crabominable\n|-activate|p2b: Crabominable|move: Protect\n|move|p1b: Scizor|Swords Dance|p1b: Scizor\n|-boost|p1b: Scizor|atk|2\n|move|p2a: Farigiraf|Trick Room|p2a: Farigiraf\n|-fieldstart|move: Trick Room|[of] p2a: Farigiraf\n|\n|-weather|RainDance|[upkeep]\n|upkeep\n|turn|2\n|\n|t:|1776184047\n|switch|p2a: Incineroar|Incineroar, L50, M|100/100\n|-ability|p2a: Incineroar|Intimidate|boost\n|-unboost|p1a: Pelipper|atk|1\n|-unboost|p1b: Scizor|atk|1\n|detailschange|p2b: Crabominable|Crabominable-Mega, L50, F\n|-mega|p2b: Crabominable|Crabominable|Crabominite\n|move|p1a: Pelipper|Wide Guard|p1a: Pelipper\n|-singleturn|p1a: Pelipper|Wide Guard\n|move|p2b: Crabominable|Drain Punch|p1b: Scizor\n|-damage|p1b: Scizor|45/100\n|move|p1b: Scizor|Bug Bite|p2a: Incineroar\n|-damage|p2a: Incineroar|16/100\n|-enditem|p2a: Incineroar|Shuca Berry|[from] stealeat|[move] Bug Bite|[of] p1b: Scizor\n|\n|-weather|RainDance|[upkeep]\n|upkeep\n|turn|3\n|inactive|KarmicPines2002 has 30 seconds left.\n|inactive|KarmicPines2002 has 20 seconds left.\n|\n|t:|1776184084\n|move|p1b: Scizor|Protect|p1b: Scizor\n|-singleturn|p1b: Scizor|Protect\n|move|p2a: Incineroar|Fake Out|p1b: Scizor\n|-activate|p1b: Scizor|move: Protect\n|move|p2b: Crabominable|Ice Hammer|p1a: Pelipper|[miss]\n|-miss|p2b: Crabominable|p1a: Pelipper\n|move|p1a: Pelipper|Weather Ball|p2a: Incineroar\n|-supereffective|p2a: Incineroar|1\n|-damage|p2a: Incineroar|0 fnt\n|faint|p2a: Incineroar\n|\n|-weather|RainDance|[upkeep]\n|upkeep\n|\n|t:|1776184095\n|switch|p2a: Ninetales|Ninetales-Alola, L50, M|100/100\n|-weather|Snowscape|[from] ability: Snow Warning|[of] p2a: Ninetales\n|turn|4\n|\n|t:|1776184107\n|switch|p2a: Farigiraf|Farigiraf, L50, F|100/100\n|move|p1b: Scizor|Bullet Punch||[still]\n|cant|p2a: Farigiraf|ability: Armor Tail|Bullet Punch|[of] p1b: Scizor\n|move|p2b: Crabominable|Drain Punch|p1b: Scizor\n|-damage|p1b: Scizor|0 fnt\n|faint|p1b: Scizor\n|move|p1a: Pelipper|Hurricane|p2b: Crabominable\n|-supereffective|p2b: Crabominable|1\n|-damage|p2b: Crabominable|27/100\n|\n|-weather|Snowscape|[upkeep]\n|upkeep\n|\n|t:|1776184123\n|switch|p1b: Garchomp|Garchomp, L50, F|100/100\n|turn|5\n|\n|t:|1776184137\n|switch|p1b: Incineroar|Incineroar, L50, F|100/100\n|-ability|p1b: Incineroar|Intimidate|boost\n|-unboost|p2a: Farigiraf|atk|1\n|-unboost|p2b: Crabominable|atk|1\n|move|p1a: Pelipper|Wide Guard|p1a: Pelipper\n|-singleturn|p1a: Pelipper|Wide Guard\n|move|p2b: Crabominable|Ice Hammer|p1a: Pelipper\n|-crit|p1a: Pelipper\n|-enditem|p1a: Pelipper|Focus Sash\n|-damage|p1a: Pelipper|1/100\n|-unboost|p2b: Crabominable|spe|1\n|move|p2a: Farigiraf|Twin Beam|p1b: Incineroar\n|-immune|p1b: Incineroar\n|\n|-weather|Snowscape|[upkeep]\n|-fieldend|move: Trick Room\n|upkeep\n|turn|6\n|inactive|KarmicPines2002 has 30 seconds left.\n|\n|t:|1776184165\n|move|p2b: Crabominable|Protect|p2b: Crabominable\n|-singleturn|p2b: Crabominable|Protect\n|move|p1a: Pelipper|Hurricane|p2b: Crabominable\n|-activate|p2b: Crabominable|move: Protect\n|move|p1b: Incineroar|Darkest Lariat|p2a: Farigiraf\n|-supereffective|p2a: Farigiraf|1\n|-damage|p2a: Farigiraf|42/100\n|-enditem|p2a: Farigiraf|Sitrus Berry|[eat]\n|-heal|p2a: Farigiraf|67/100|[from] item: Sitrus Berry\n|move|p2a: Farigiraf|Twin Beam|p1a: Pelipper\n|-damage|p1a: Pelipper|0 fnt\n|faint|p1a: Pelipper\n|-hitcount|p1: Pelipper|1\n|\n|-weather|Snowscape|[upkeep]\n|upkeep\n|\n|t:|1776184182\n|switch|p1a: Garchomp|Garchomp, L50, F|100/100\n|turn|7\n|\n|t:|1776184191\n|move|p1a: Garchomp|Rock Slide|p2b: Crabominable|[spread] p2a,p2b\n|-crit|p2a: Farigiraf\n|-damage|p2a: Farigiraf|43/100\n|-damage|p2b: Crabominable|17/100\n|move|p1b: Incineroar|Darkest Lariat|p2a: Farigiraf\n|-supereffective|p2a: Farigiraf|1\n|-damage|p2a: Farigiraf|0 fnt\n|faint|p2a: Farigiraf\n|move|p2b: Crabominable|Drain Punch|p1b: Incineroar\n|-supereffective|p1b: Incineroar|1\n|-crit|p1b: Incineroar\n|-damage|p1b: Incineroar|0 fnt\n|-heal|p2b: Crabominable|67/100|[from] drain|[of] p1b: Incineroar\n|faint|p1b: Incineroar\n|\n|-weather|Snowscape|[upkeep]\n|upkeep\n|\n|t:|1776184197\n|switch|p2a: Ninetales|Ninetales-Alola, L50, M|100/100\n|turn|8\n|\n|t:|1776184208\n|move|p1a: Garchomp|Rock Slide|p2a: Ninetales|[spread] p2a,p2b\n|-supereffective|p2a: Ninetales|1\n|-damage|p2a: Ninetales|63/100\n|-damage|p2b: Crabominable|58/100\n|move|p2a: Ninetales|Blizzard|p1a: Garchomp\n|-supereffective|p1a: Garchomp|2\n|-damage|p1a: Garchomp|0 fnt\n|faint|p1a: Garchomp\n|\n|win|Sergimedina\n|raw|KarmicPines2002's rating: 1106 &rarr; <strong>1078</strong><br />(-28 for losing)\n|raw|Sergimedina's rating: 1065 &rarr; <strong>1099</strong><br />(+34 for winning)\n",
  "uploadtime": 1776184218,
  "views": 13,
  "formatid": "gen9championsvgc2026regma",
  "rating": 1078,
  "private": 0,
  "password": null
}