{
  "id": "gen9championsvgc2026regma-2587150261",
  "format": "[Gen 9 Champions] VGC 2026 Reg M-A",
  "players": [
    "meetjain",
    "imgeiashit"
  ],
  "log": "|j|\u2606meetjain\n|j|\u2606imgeiashit\n|t:|1776500786\n|gametype|doubles\n|player|p1|meetjain|volkner|1091\n|player|p2|imgeiashit|kieran|1000\n|gen|9\n|tier|[Gen 9 Champions] VGC 2026 Reg M-A\n|rated|\n|rule|Species Clause: Limit one of each Pok\u00e9mon\n|rule|Item Clause: Limit 1 of each item\n|clearpoke\n|poke|p1|Incineroar, L50, M, shiny|\n|poke|p1|Aerodactyl, L50, F, shiny|\n|poke|p1|Delphox, L50, F, shiny|\n|poke|p1|Starmie, L50, shiny|\n|poke|p1|Garchomp, L50, M|\n|poke|p1|Zoroark-Hisui, L50, M, shiny|\n|poke|p2|Kommo-o, L50, M|\n|poke|p2|Sinistcha-Masterpiece, L50|\n|poke|p2|Incineroar, L50, M|\n|poke|p2|Lucario, L50, M|\n|poke|p2|Delphox, L50, M|\n|poke|p2|Alakazam, L50, F|\n|teampreview|4\n|inactive|Battle timer is ON: inactive players will automatically lose when time's up. (requested by imgeiashit)\n|inactive|imgeiashit has 60 seconds left.\n|\n|t:|1776500817\n|teamsize|p1|4\n|teamsize|p2|4\n|start\n|switch|p1a: Wolfey's incin|Incineroar, L50, M, shiny|100/100\n|switch|p1b: Jaw|Garchomp, L50, M|100/100\n|switch|p2a: Incineroar|Incineroar, L50, M|100/100\n|switch|p2b: Lucario|Lucario, L50, M|100/100\n|-ability|p2a: Incineroar|Intimidate|boost\n|-unboost|p1a: Wolfey's incin|atk|1\n|-unboost|p1b: Jaw|atk|1\n|turn|1\n|inactive|imgeiashit has 30 seconds left.\n|inactive|imgeiashit has 20 seconds left.\n|inactive|imgeiashit has 15 seconds left.\n|inactive|imgeiashit has 10 seconds left.\n|c|\u2606meetjain|Gngerr fck ya\ud83d\ude2d\ud83d\ude2d\ud83d\ude2d\ud83d\ude2d\ud83d\ude2d\ud83d\ude2d\ud83d\ude2d\ud83d\ude2d\n|\n|t:|1776500865\n|move|p2a: Incineroar|Fake Out|p1b: Jaw\n|-damage|p1b: Jaw|89/100\n|-damage|p2a: Incineroar|88/100|[from] ability: Rough Skin|[of] p1b: Jaw\n|move|p1a: Wolfey's incin|Extrasensory|p2b: Lucario\n|-damage|p2b: Lucario|51/100\n|cant|p1b: Jaw|flinch\n|move|p2b: Lucario|Rock Slide|p1b: Jaw|[spread] p1b\n|-miss|p2b: Lucario|p1a: Wolfey's incin\n|-resisted|p1b: Jaw|1\n|-damage|p1b: Jaw|80/100\n|\n|-heal|p1b: Jaw|86/100|[from] item: Leftovers\n|upkeep\n|turn|2\n|\n|t:|1776500890\n|switch|p2b: Sinistcha|Sinistcha-Masterpiece, L50|100/100\n|-heal|p2a: Incineroar|100/100|[from] ability: Hospitality|[of] p2b: Sinistcha\n|move|p1a: Wolfey's incin|Extrasensory|p2b: Sinistcha\n|-damage|p2b: Sinistcha|68/100\n|move|p1b: Jaw|Earthquake|p2a: Incineroar|[spread] p1a,p2a,p2b\n|-supereffective|p2a: Incineroar|1\n|-enditem|p2a: Incineroar|Shuca Berry|[eat]\n|-enditem|p2a: Incineroar|Shuca Berry|[weaken]\n|-resisted|p2b: Sinistcha|1\n|-damage|p1a: Wolfey's incin|40/100\n|-damage|p2a: Incineroar|77/100\n|-damage|p2b: Sinistcha|56/100\n|replace|p1a: SUPRISE MF!!|Zoroark-Hisui, L50, M, shiny\n|-end|p1a: SUPRISE MF!!|Illusion\n|move|p2a: Incineroar|Parting Shot|p1b: Jaw\n|-unboost|p1b: Jaw|atk|1\n|-unboost|p1b: Jaw|spa|1\n|\n|t:|1776500907\n|switch|p2a: Lucario|Lucario, L50, M|51/100|[from] Parting Shot\n|\n|-heal|p1b: Jaw|92/100|[from] item: Leftovers\n|upkeep\n|turn|3\n|\n|t:|1776500920\n|detailschange|p2a: Lucario|Lucario-Mega, L50, M\n|-mega|p2a: Lucario|Lucario|Lucarionite\n|move|p2a: Lucario|Rock Slide|p1a: SUPRISE MF!!|[spread] p1a,p1b\n|-resisted|p1b: Jaw|1\n|-damage|p1a: SUPRISE MF!!|0 fnt\n|-damage|p1b: Jaw|80/100\n|faint|p1a: SUPRISE MF!!\n|move|p1b: Jaw|Earthquake|p2b: Sinistcha|[spread] p2a,p2b\n|-supereffective|p2a: Lucario|1\n|-resisted|p2b: Sinistcha|1\n|-damage|p2a: Lucario|0 fnt\n|-damage|p2b: Sinistcha|47/100\n|-enditem|p2b: Sinistcha|Sitrus Berry|[eat]\n|-heal|p2b: Sinistcha|72/100|[from] item: Sitrus Berry\n|faint|p2a: Lucario\n|move|p2b: Sinistcha|Matcha Gotcha|p1b: Jaw|[miss]\n|-miss|p2b: Sinistcha|p1b: Jaw\n|\n|-heal|p1b: Jaw|86/100|[from] item: Leftovers\n|upkeep\n|\n|t:|1776500939\n|switch|p2a: Incineroar|Incineroar, L50, M|77/100\n|switch|p1a: Wolfey's incin|Incineroar, L50, M, shiny|100/100\n|-ability|p2a: Incineroar|Intimidate|boost\n|-unboost|p1a: Wolfey's incin|atk|1\n|-unboost|p1b: Jaw|atk|1\n|-ability|p1a: Wolfey's incin|Intimidate|boost\n|-unboost|p2a: Incineroar|atk|1\n|-unboost|p2b: Sinistcha|atk|1\n|turn|4\n|\n|t:|1776500950\n|move|p2a: Incineroar|Fake Out|p1a: Wolfey's incin\n|-damage|p1a: Wolfey's incin|95/100\n|cant|p1a: Wolfey's incin|flinch\n|move|p1b: Jaw|Earthquake|p2a: Incineroar|[spread] p1a,p2a,p2b\n|-supereffective|p1a: Wolfey's incin|1\n|-supereffective|p2a: Incineroar|1\n|-resisted|p2b: Sinistcha|1\n|-damage|p1a: Wolfey's incin|68/100\n|-damage|p2a: Incineroar|50/100\n|-damage|p2b: Sinistcha|64/100\n|move|p2b: Sinistcha|Matcha Gotcha|p1b: Jaw|[spread] p1a,p1b\n|-resisted|p1a: Wolfey's incin|1\n|-damage|p1a: Wolfey's incin|53/100\n|-heal|p2b: Sinistcha|72/100|[from] drain|[of] p1a: Wolfey's incin\n|-damage|p1b: Jaw|57/100\n|-heal|p2b: Sinistcha|88/100|[from] drain|[of] p1b: Jaw\n|\n|-heal|p1b: Jaw|63/100|[from] item: Leftovers\n|upkeep\n|turn|5\n|\n|t:|1776500974\n|switch|p1b: Witch|Delphox, L50, F, shiny|100/100\n|move|p2a: Incineroar|Darkest Lariat|p1b: Witch\n|-supereffective|p1b: Witch|1\n|-damage|p1b: Witch|28/100\n|move|p2b: Sinistcha|Matcha Gotcha|p1a: Wolfey's incin|[spread] p1b\n|-miss|p2b: Sinistcha|p1a: Wolfey's incin\n|-resisted|p1b: Witch|1\n|-damage|p1b: Witch|14/100\n|-heal|p2b: Sinistcha|94/100|[from] drain|[of] p1b: Witch\n|move|p1a: Wolfey's incin|Flare Blitz|p2b: Sinistcha\n|-supereffective|p2b: Sinistcha|1\n|-damage|p2b: Sinistcha|34/100\n|-damage|p1a: Wolfey's incin|36/100|[from] Recoil\n|-enditem|p1a: Wolfey's incin|Sitrus Berry|[eat]\n|-heal|p1a: Wolfey's incin|60/100|[from] item: Sitrus Berry\n|\n|upkeep\n|turn|6\n|inactive|imgeiashit has 30 seconds left.\n|\n|t:|1776501006\n|detailschange|p1b: Witch|Delphox-Mega, L50, F, shiny\n|-mega|p1b: Witch|Delphox|Delphoxite\n|move|p1b: Witch|Protect|p1b: Witch\n|-singleturn|p1b: Witch|Protect\n|move|p2b: Sinistcha|Protect|p2b: Sinistcha\n|-singleturn|p2b: Sinistcha|Protect\n|move|p2a: Incineroar|Darkest Lariat|p1b: Witch\n|-activate|p1b: Witch|move: Protect\n|move|p1a: Wolfey's incin|Flare Blitz|p2b: Sinistcha\n|-activate|p2b: Sinistcha|move: Protect\n|\n|upkeep\n|turn|7\n|\n|t:|1776501025\n|move|p1b: Witch|Heat Wave|p2a: Incineroar|[spread] p2a,p2b\n|-resisted|p2a: Incineroar|1\n|-supereffective|p2b: Sinistcha|1\n|-damage|p2a: Incineroar|29/100\n|-damage|p2b: Sinistcha|0 fnt\n|faint|p2b: Sinistcha\n|move|p2a: Incineroar|Darkest Lariat|p1b: Witch\n|-supereffective|p1b: Witch|1\n|-damage|p1b: Witch|0 fnt\n|faint|p1b: Witch\n|move|p1a: Wolfey's incin|Flare Blitz|p2a: Incineroar\n|-resisted|p2a: Incineroar|1\n|-damage|p2a: Incineroar|17/100\n|-damage|p1a: Wolfey's incin|56/100|[from] Recoil\n|\n|upkeep\n|\n|t:|1776501040\n|switch|p1b: Jaw|Garchomp, L50, M|63/100\n|switch|p2b: Delphox|Delphox, L50, M|100/100\n|turn|8\n|\n|t:|1776501057\n|move|p1a: Wolfey's incin|Protect|p1a: Wolfey's incin\n|-singleturn|p1a: Wolfey's incin|Protect\n|move|p2b: Delphox|Dazzling Gleam|p1a: Wolfey's incin|[spread] p1b\n|-activate|p1a: Wolfey's incin|move: Protect\n|-supereffective|p1b: Jaw|1\n|-damage|p1b: Jaw|29/100\n|move|p1b: Jaw|Earthquake|p2a: Incineroar|[spread] p2a,p2b\n|-activate|p1a: Wolfey's incin|move: Protect\n|-supereffective|p2a: Incineroar|1\n|-supereffective|p2b: Delphox|1\n|-damage|p2a: Incineroar|0 fnt\n|-damage|p2b: Delphox|0 fnt\n|faint|p2a: Incineroar\n|faint|p2b: Delphox\n|\n|win|meetjain\n",
  "uploadtime": 1776500865,
  "views": 12,
  "formatid": "gen9championsvgc2026regma",
  "rating": null,
  "private": 0,
  "password": null
}