{
  "id": "gen9championsvgc2026regma-2584801154",
  "format": "[Gen 9 Champions] VGC 2026 Reg M-A",
  "players": [
    "Pistone75",
    "SunTufo"
  ],
  "log": "|j|\u2606Pistone75\n|j|\u2606SunTufo\n|t:|1776284654\n|gametype|doubles\n|player|p1|Pistone75|266|1456\n|player|p2|SunTufo|li|1405\n|gen|9\n|tier|[Gen 9 Champions] VGC 2026 Reg M-A\n|rated|\n|rule|Species Clause: Limit one of each Pok\u00e9mon\n|rule|Item Clause: Limit 1 of each item\n|clearpoke\n|poke|p1|Dragapult, L50, F|\n|poke|p1|Tyranitar, L50, F|\n|poke|p1|Kingambit, L50, M|\n|poke|p1|Sableye, L50, M|\n|poke|p1|Skarmory, L50, M|\n|poke|p1|Basculegion, L50, M|\n|poke|p2|Floette-Eternal, L50, F|\n|poke|p2|Incineroar, L50, M|\n|poke|p2|Sinistcha-Masterpiece, L50|\n|poke|p2|Skarmory, L50, M|\n|poke|p2|Sneasler, L50, M|\n|poke|p2|Milotic, L50, M|\n|teampreview|4\n|inactive|Battle timer is ON: inactive players will automatically lose when time's up. (requested by SunTufo)\n|\n|t:|1776284679\n|teamsize|p1|4\n|teamsize|p2|4\n|start\n|switch|p1a: Basculegion|Basculegion, L50, M|100/100\n|switch|p1b: Kingambit|Kingambit, L50, M|100/100\n|switch|p2a: Floette|Floette-Eternal, L50, F|100/100\n|switch|p2b: Incineroar|Incineroar, L50, M|100/100\n|-ability|p2b: Incineroar|Intimidate|boost\n|-unboost|p1a: Basculegion|atk|1\n|-unboost|p1b: Kingambit|atk|1\n|-ability|p1b: Kingambit|Defiant|boost\n|-boost|p1b: Kingambit|atk|2\n|turn|1\n|inactive|Pistone75 has 30 seconds left.\n|\n|t:|1776284705\n|detailschange|p2a: Floette|Floette-Mega, L50, F\n|-mega|p2a: Floette|Floette|Floettite\n|-ability|p2a: Floette|Fairy Aura\n|move|p2b: Incineroar|Fake Out|p1b: Kingambit\n|-resisted|p1b: Kingambit|1\n|-damage|p1b: Kingambit|96/100\n|cant|p1b: Kingambit|flinch\n|move|p1a: Basculegion|Wave Crash|p2a: Floette\n|-damage|p2a: Floette|48/100\n|-damage|p1a: Basculegion|85/100|[from] Recoil\n|move|p2a: Floette|Calm Mind|p2a: Floette\n|-boost|p2a: Floette|spa|1\n|-boost|p2a: Floette|spd|1\n|\n|upkeep\n|turn|2\n|\n|t:|1776284725\n|switch|p1a: Sableye|Sableye, L50, M|100/100\n|switch|p2b: Sinistcha|Sinistcha-Masterpiece, L50|100/100\n|-heal|p2a: Floette|72/100|[from] ability: Hospitality|[of] p2b: Sinistcha\n|move|p2a: Floette|Protect|p2a: Floette\n|-singleturn|p2a: Floette|Protect\n|move|p1b: Kingambit|Low Kick|p2b: Sinistcha\n|-immune|p2b: Sinistcha\n|\n|upkeep\n|turn|3\n|\n|t:|1776284744\n|move|p1a: Sableye|Fake Out|p2a: Floette\n|-damage|p2a: Floette|64/100\n|cant|p2a: Floette|flinch\n|move|p2b: Sinistcha|Matcha Gotcha|p1b: Kingambit|[spread] p1a,p1b\n|-resisted|p1b: Kingambit|1\n|-damage|p1a: Sableye|72/100\n|-damage|p1b: Kingambit|84/100\n|move|p1b: Kingambit|Kowtow Cleave|p2b: Sinistcha\n|-supereffective|p2b: Sinistcha|1\n|-enditem|p2b: Sinistcha|Colbur Berry|[eat]\n|-enditem|p2b: Sinistcha|Colbur Berry|[weaken]\n|-damage|p2b: Sinistcha|33/100\n|\n|upkeep\n|turn|4\n|\n|t:|1776284763\n|move|p2b: Sinistcha|Rage Powder|p2b: Sinistcha\n|-singleturn|p2b: Sinistcha|move: Rage Powder\n|move|p1a: Sableye|Encore|p2b: Sinistcha\n|-start|p2b: Sinistcha|Encore\n|move|p2a: Floette|Moonblast|p1b: Kingambit\n|-damage|p1b: Kingambit|0 fnt\n|faint|p1b: Kingambit\n|\n|upkeep\n|\n|t:|1776284768\n|switch|p1b: Skarmory|Skarmory, L50, M|100/100\n|turn|5\n|\n|t:|1776284786\n|switch|p2b: Incineroar|Incineroar, L50, M|100/100\n|-ability|p2b: Incineroar|Intimidate|boost\n|-unboost|p1a: Sableye|atk|1\n|-unboost|p1b: Skarmory|atk|1\n|detailschange|p1b: Skarmory|Skarmory-Mega, L50, M\n|-mega|p1b: Skarmory|Skarmory|Skarmorite\n|move|p2a: Floette|Protect|p2a: Floette\n|-singleturn|p2a: Floette|Protect\n|move|p1a: Sableye|Disable|p2a: Floette\n|-activate|p2a: Floette|move: Protect\n|move|p1b: Skarmory|Iron Head|p2a: Floette\n|-activate|p2a: Floette|move: Protect\n|\n|upkeep\n|turn|6\n|\n|t:|1776284798\n|switch|p1b: Basculegion|Basculegion, L50, M|85/100\n|switch|p2a: Skarmory|Skarmory, L50, M|100/100\n|move|p1a: Sableye|Encore||[still]\n|-fail|p1a: Sableye\n|move|p2b: Incineroar|Taunt|p1a: Sableye\n|-start|p1a: Sableye|move: Taunt\n|\n|upkeep\n|turn|7\n|\n|t:|1776284815\n|switch|p2b: Sinistcha|Sinistcha-Masterpiece, L50|33/100\n|switch|p1a: Skarmory|Skarmory-Mega, L50, M|100/100\n|move|p1b: Basculegion|Flip Turn|p2b: Sinistcha\n|-resisted|p2b: Sinistcha|1\n|-damage|p2b: Sinistcha|16/100\n|\n|t:|1776284823\n|switch|p1b: Sableye|Sableye, L50, M|72/100|[from] Flip Turn\n|move|p2a: Skarmory|Tailwind|p2a: Skarmory\n|-sidestart|p2: SunTufo|move: Tailwind\n|\n|upkeep\n|turn|8\n|inactive|Pistone75 has 30 seconds left.\n|\n|t:|1776284850\n|switch|p2a: Incineroar|Incineroar, L50, M|100/100\n|-ability|p2a: Incineroar|Intimidate|boost\n|-unboost|p1a: Skarmory|atk|1\n|-unboost|p1b: Sableye|atk|1\n|move|p1b: Sableye|Encore|p2a: Incineroar\n|-hint|Since gen 7, Dark is immune to Prankster moves.\n|-immune|p2a: Incineroar\n|move|p2b: Sinistcha|Strength Sap|p1a: Skarmory\n|-unboost|p1a: Skarmory|atk|1\n|-heal|p2b: Sinistcha|88/100\n|move|p1a: Skarmory|Brave Bird|p2b: Sinistcha\n|-supereffective|p2b: Sinistcha|1\n|-damage|p2b: Sinistcha|34/100\n|-damage|p1a: Skarmory|78/100|[from] Recoil\n|\n|upkeep\n|turn|9\n|\n|t:|1776284869\n|switch|p1a: Basculegion|Basculegion, L50, M|85/100\n|move|p1b: Sableye|Disable|p2b: Sinistcha\n|-start|p2b: Sinistcha|Disable|Strength Sap\n|move|p2a: Incineroar|Flare Blitz|p1a: Basculegion\n|-resisted|p1a: Basculegion|1\n|-damage|p1a: Basculegion|57/100\n|-status|p1a: Basculegion|brn\n|-damage|p2a: Incineroar|91/100|[from] Recoil\n|move|p2b: Sinistcha|Matcha Gotcha|p1b: Sableye|[spread] p1a,p1b\n|-supereffective|p1a: Basculegion|1\n|-damage|p1a: Basculegion|2/100 brn\n|-heal|p2b: Sinistcha|65/100|[from] drain|[of] p1a: Basculegion\n|-damage|p1b: Sableye|41/100\n|-heal|p2b: Sinistcha|78/100|[from] drain|[of] p1b: Sableye\n|\n|-damage|p1a: Basculegion|0 fnt|[from] brn\n|faint|p1a: Basculegion\n|upkeep\n|\n|t:|1776284883\n|switch|p1a: Skarmory|Skarmory-Mega, L50, M|78/100\n|turn|10\n|-message|Pistone75 forfeited.\n|\n|win|SunTufo\n|raw|Pistone75's rating: 1456 &rarr; <strong>1433</strong><br />(-23 for losing)\n|raw|SunTufo's rating: 1405 &rarr; <strong>1428</strong><br />(+23 for winning)\n",
  "uploadtime": 1776284903,
  "views": 39,
  "formatid": "gen9championsvgc2026regma",
  "rating": 1428,
  "private": 0,
  "password": null
}