{
  "id": "gen9championsvgc2026regma-2588641664",
  "format": "[Gen 9 Champions] VGC 2026 Reg M-A",
  "players": [
    "blazegeo",
    "taxie_vashion"
  ],
  "log": "|j|\u2606blazegeo\n|j|\u2606taxie_vashion\n|t:|1776652947\n|gametype|doubles\n|player|p1|blazegeo|170|1031\n|player|p2|taxie_vashion|102|1107\n|gen|9\n|tier|[Gen 9 Champions] VGC 2026 Reg M-A\n|rated|\n|rule|Species Clause: Limit one of each Pok\u00e9mon\n|rule|Item Clause: Limit 1 of each item\n|clearpoke\n|poke|p1|Aegislash, L50, M|\n|poke|p1|Klefki, L50, M|\n|poke|p1|Whimsicott, L50, M|\n|poke|p1|Tyranitar, L50, M|\n|poke|p1|Zoroark-Hisui, L50, M|\n|poke|p1|Drampa, L50, F|\n|poke|p2|Sylveon, L50, M|\n|poke|p2|Dragapult, L50, F|\n|poke|p2|Incineroar, L50, M|\n|poke|p2|Aerodactyl, L50, M|\n|poke|p2|Sinistcha, L50|\n|poke|p2|Gyarados, L50, F|\n|teampreview|4\n|inactive|Battle timer is ON: inactive players will automatically lose when time's up. (requested by taxie_vashion)\n|inactive|blazegeo also wants the timer to be on.\n|\n|t:|1776652970\n|teamsize|p1|4\n|teamsize|p2|4\n|start\n|switch|p1a: Whimsicott|Whimsicott, L50, M|100/100\n|switch|p1b: Aegislash|Aegislash, L50, M|100/100\n|switch|p2a: Sylveon|Sylveon, L50, M|100/100\n|switch|p2b: Dragapult|Dragapult, L50, F|100/100\n|turn|1\n|\n|t:|1776652988\n|move|p1b: Aegislash|King's Shield|p1b: Aegislash\n|-singleturn|p1b: Aegislash|Protect\n|move|p2b: Dragapult|Round|p1a: Whimsicott\n|-damage|p1a: Whimsicott|74/100\n|move|p2a: Sylveon|Round|p1b: Aegislash|[from] move: Round\n|-activate|p1b: Aegislash|move: Protect\n|move|p1a: Whimsicott|Trick Room|p1a: Whimsicott\n|-fieldstart|move: Trick Room|[of] p1a: Whimsicott\n|\n|upkeep\n|turn|2\n|\n|t:|1776653008\n|switch|p2b: Gyarados|Gyarados, L50, F|100/100\n|-ability|p2b: Gyarados|Intimidate|boost\n|-unboost|p1a: Whimsicott|atk|1\n|-unboost|p1b: Aegislash|atk|1\n|-enditem|p1b: Aegislash|White Herb\n|-clearnegativeboost|p1b: Aegislash|[silent]\n|move|p2a: Sylveon|Protect|p2a: Sylveon\n|-singleturn|p2a: Sylveon|Protect\n|-formechange|p1b: Aegislash|Aegislash-Blade|\n|move|p1b: Aegislash|Shadow Claw|p2b: Gyarados\n|-damage|p2b: Gyarados|52/100\n|move|p1a: Whimsicott|Moonblast|p2b: Gyarados\n|-damage|p2b: Gyarados|17/100\n|\n|upkeep\n|turn|3\n|inactive|taxie_vashion has 30 seconds left.\n|inactive|taxie_vashion has 20 seconds left.\n|\n|t:|1776653045\n|switch|p1a: Drampa|Drampa, L50, F|100/100\n|detailschange|p2b: Gyarados|Gyarados-Mega, L50, F\n|-mega|p2b: Gyarados|Gyarados|Gyaradosite\n|-ability|p2b: Gyarados|Mold Breaker\n|move|p2a: Sylveon|Hyper Voice|p1b: Aegislash|[spread] p1a,p1b\n|-supereffective|p1a: Drampa|1\n|-resisted|p1b: Aegislash|1\n|-damage|p1a: Drampa|0 fnt\n|-damage|p1b: Aegislash|57/100\n|faint|p1a: Drampa\n|move|p1b: Aegislash|Shadow Claw|p2b: Gyarados\n|-resisted|p2b: Gyarados|1\n|-damage|p2b: Gyarados|0 fnt\n|faint|p2b: Gyarados\n|\n|upkeep\n|\n|t:|1776653067\n|switch|p1a: Whimsicott|Whimsicott, L50, M|100/100\n|switch|p2b: Aerodactyl|Aerodactyl, L50, M|100/100\n|-ability|p2b: Aerodactyl|Unnerve\n|turn|4\n|\n|t:|1776653086\n|move|p2a: Sylveon|Protect|p2a: Sylveon\n|-singleturn|p2a: Sylveon|Protect\n|move|p1b: Aegislash|Iron Head|p2a: Sylveon\n|-activate|p2a: Sylveon|move: Protect\n|move|p1a: Whimsicott|Bitter Malice|p2b: Aerodactyl\n|-damage|p2b: Aerodactyl|41/100\n|-unboost|p2b: Aerodactyl|atk|1\n|move|p2b: Aerodactyl|Rock Slide|p1a: Whimsicott|[spread] p1b\n|-miss|p2b: Aerodactyl|p1a: Whimsicott\n|-resisted|p1b: Aegislash|1\n|-damage|p1b: Aegislash|43/100\n|\n|upkeep\n|turn|5\n|inactive|taxie_vashion has 30 seconds left.\n|\n|t:|1776653114\n|move|p2a: Sylveon|Hyper Voice|p1a: Whimsicott|[spread] p1a,p1b\n|-resisted|p1b: Aegislash|1\n|-damage|p1a: Whimsicott|3/100\n|-damage|p1b: Aegislash|1/100\n|replace|p1a: Zoroark|Zoroark-Hisui, L50, M\n|-end|p1a: Zoroark|Illusion\n|move|p1b: Aegislash|Iron Head|p2a: Sylveon\n|-supereffective|p2a: Sylveon|1\n|-damage|p2a: Sylveon|0 fnt\n|faint|p2a: Sylveon\n|move|p1a: Zoroark|Bitter Malice|p2b: Aerodactyl\n|-damage|p2b: Aerodactyl|0 fnt\n|faint|p2b: Aerodactyl\n|\n|-fieldend|move: Trick Room\n|upkeep\n|\n|t:|1776653124\n|switch|p2a: Dragapult|Dragapult, L50, F|100/100\n|turn|6\n|\n|t:|1776653134\n|move|p2a: Dragapult|Flamethrower|p1a: Zoroark\n|-damage|p1a: Zoroark|0 fnt\n|faint|p1a: Zoroark\n|move|p1b: Aegislash|Shadow Claw|p2a: Dragapult\n|-supereffective|p2a: Dragapult|1\n|-damage|p2a: Dragapult|5/100\n|\n|upkeep\n|\n|t:|1776653140\n|switch|p1a: Whimsicott|Whimsicott, L50, M|74/100\n|turn|7\n|\n|t:|1776653145\n|move|p2a: Dragapult|Flamethrower|p1b: Aegislash\n|-supereffective|p1b: Aegislash|1\n|-damage|p1b: Aegislash|0 fnt\n|faint|p1b: Aegislash\n|move|p1a: Whimsicott|Moonblast|p2a: Dragapult\n|-supereffective|p2a: Dragapult|1\n|-damage|p2a: Dragapult|0 fnt\n|faint|p2a: Dragapult\n|\n|win|blazegeo\n|raw|blazegeo's rating: 1031 &rarr; <strong>1074</strong><br />(+43 for winning)\n|raw|taxie_vashion's rating: 1107 &rarr; <strong>1077</strong><br />(-30 for losing)\n|l|\u2606taxie_vashion\n|player|p2|\n|c|\u2606blazegeo|gg\n",
  "uploadtime": 1776653156,
  "views": 6,
  "formatid": "gen9championsvgc2026regma",
  "rating": 1074,
  "private": 0,
  "password": null
}