{
  "id": "gen9championsvgc2026regma-2588532202",
  "format": "[Gen 9 Champions] VGC 2026 Reg M-A",
  "players": [
    "Frogprince(yesme)",
    "THABRULEY"
  ],
  "log": "|j|\u2606Frogprince(yesme)\n|j|\u2606THABRULEY\n|t:|1776642278\n|gametype|doubles\n|player|p1|Frogprince(yesme)|2|1012\n|player|p2|THABRULEY|265|1028\n|gen|9\n|tier|[Gen 9 Champions] VGC 2026 Reg M-A\n|rated|\n|rule|Species Clause: Limit one of each Pok\u00e9mon\n|rule|Item Clause: Limit 1 of each item\n|clearpoke\n|poke|p1|Passimian, L50, F, shiny|\n|poke|p1|Starmie, L50|\n|poke|p1|Incineroar, L50, M|\n|poke|p1|Whimsicott, L50, F|\n|poke|p1|Kingambit, L50, M|\n|poke|p1|Aerodactyl, L50, F|\n|poke|p2|Charizard, L50, M, shiny|\n|poke|p2|Sableye, L50, F, shiny|\n|poke|p2|Garchomp, L50, M, shiny|\n|poke|p2|Incineroar, L50, M, shiny|\n|poke|p2|Rotom-Wash, L50, shiny|\n|poke|p2|Whimsicott, L50, M, shiny|\n|teampreview|4\n|\n|t:|1776642298\n|teamsize|p1|4\n|teamsize|p2|4\n|start\n|switch|p1a: Starmie|Starmie, L50|100/100\n|switch|p1b: Passimian|Passimian, L50, F, shiny|100/100\n|switch|p2a: Whimsicott|Whimsicott, L50, M, shiny|100/100\n|switch|p2b: Rotom|Rotom-Wash, L50, shiny|100/100\n|turn|1\n|\n|t:|1776642324\n|detailschange|p1a: Starmie|Starmie-Mega, L50\n|-mega|p1a: Starmie|Starmie|Starminite\n|move|p1a: Starmie|Protect|p1a: Starmie\n|-singleturn|p1a: Starmie|Protect\n|move|p2a: Whimsicott|Tailwind|p2a: Whimsicott\n|-sidestart|p2: THABRULEY|move: Tailwind\n|move|p2b: Rotom|Volt Switch|p1a: Starmie\n|-activate|p1a: Starmie|move: Protect\n|move|p1b: Passimian|Gunk Shot|p2a: Whimsicott\n|-supereffective|p2a: Whimsicott|2\n|-enditem|p2a: Whimsicott|Focus Sash\n|-damage|p2a: Whimsicott|1/100\n|-status|p2a: Whimsicott|psn\n|\n|-damage|p2a: Whimsicott|0 fnt|[from] psn\n|faint|p2a: Whimsicott\n|upkeep\n|\n|t:|1776642342\n|switch|p2a: Charizard|Charizard, L50, M, shiny|100/100\n|turn|2\n|\n|t:|1776642368\n|detailschange|p2a: Charizard|Charizard-Mega-Y, L50, M, shiny\n|-mega|p2a: Charizard|Charizard|Charizardite Y\n|-weather|SunnyDay|[from] ability: Drought|[of] p2a: Charizard\n|move|p2a: Charizard|Solar Beam||[still]\n|-prepare|p2a: Charizard|Solar Beam\n|-anim|p2a: Charizard|Solar Beam|p1a: Starmie\n|-supereffective|p1a: Starmie|1\n|-damage|p1a: Starmie|0 fnt\n|faint|p1a: Starmie\n|-ability|p1b: Passimian|Huge Power|Receiver|[from] ability: Receiver|[of] p1a: Starmie\n|move|p2b: Rotom|Hydro Pump|p1b: Passimian\n|-damage|p1b: Passimian|65/100\n|move|p1b: Passimian|Rock Slide|p2a: Charizard|[spread] p2a,p2b\n|-supereffective|p2a: Charizard|2\n|-crit|p2a: Charizard\n|-crit|p2b: Rotom\n|-damage|p2a: Charizard|0 fnt\n|-damage|p2b: Rotom|44/100\n|faint|p2a: Charizard\n|\n|-weather|SunnyDay|[upkeep]\n|upkeep\n|\n|t:|1776642391\n|switch|p1a: Whimsicott|Whimsicott, L50, F|100/100\n|switch|p2a: Incineroar|Incineroar, L50, M, shiny|100/100\n|-ability|p2a: Incineroar|Intimidate|boost\n|-unboost|p1a: Whimsicott|atk|1\n|-unboost|p1b: Passimian|atk|1\n|turn|3\n|\n|t:|1776642405\n|move|p2a: Incineroar|Fake Out|p1b: Passimian\n|-damage|p1b: Passimian|54/100\n|move|p1a: Whimsicott|Tailwind|p1a: Whimsicott\n|-sidestart|p1: Frogprince(yesme)|move: Tailwind\n|cant|p1b: Passimian|flinch\n|move|p2b: Rotom|Electroweb|p1b: Passimian|[spread] p1a,p1b\n|-resisted|p1a: Whimsicott|1\n|-damage|p1a: Whimsicott|82/100\n|-damage|p1b: Passimian|19/100\n|-unboost|p1a: Whimsicott|spe|1\n|-unboost|p1b: Passimian|spe|1\n|\n|-weather|SunnyDay|[upkeep]\n|upkeep\n|turn|4\n|\n|t:|1776642440\n|move|p1a: Whimsicott|Protect|p1a: Whimsicott\n|-singleturn|p1a: Whimsicott|Protect\n|move|p1b: Passimian|Protect|p1b: Passimian\n|-singleturn|p1b: Passimian|Protect\n|move|p2a: Incineroar|Protect|p2a: Incineroar\n|-singleturn|p2a: Incineroar|Protect\n|move|p2b: Rotom|Electroweb|p1a: Whimsicott|[spread] \n|-activate|p1a: Whimsicott|move: Protect\n|-activate|p1b: Passimian|move: Protect\n|\n|-weather|SunnyDay|[upkeep]\n|-sideend|p2: THABRULEY|move: Tailwind\n|upkeep\n|turn|5\n|\n|t:|1776642469\n|move|p1a: Whimsicott|Moonblast|p2b: Rotom\n|-damage|p2b: Rotom|2/100\n|-unboost|p2b: Rotom|spa|1\n|move|p1b: Passimian|Close Combat|p2a: Incineroar\n|-supereffective|p2a: Incineroar|1\n|-damage|p2a: Incineroar|0 fnt\n|-unboost|p1b: Passimian|def|1\n|-unboost|p1b: Passimian|spd|1\n|faint|p2a: Incineroar\n|move|p2b: Rotom|Electroweb|p1b: Passimian|[spread] p1a,p1b\n|-resisted|p1a: Whimsicott|1\n|-damage|p1a: Whimsicott|70/100\n|-damage|p1b: Passimian|0 fnt\n|-unboost|p1a: Whimsicott|spe|1\n|faint|p1b: Passimian\n|\n|-weather|SunnyDay|[upkeep]\n|upkeep\n|\n|t:|1776642486\n|switch|p1b: Aerodactyl|Aerodactyl, L50, F|100/100\n|-ability|p1b: Aerodactyl|Unnerve\n|turn|6\n|\n|t:|1776642494\n|move|p1b: Aerodactyl|Rock Slide|p2b: Rotom\n|-damage|p2b: Rotom|0 fnt\n|faint|p2b: Rotom\n|\n|win|Frogprince(yesme)\n|raw|Frogprince(yesme)'s rating: 1012 &rarr; <strong>1052</strong><br />(+40 for winning)\n|raw|THABRULEY's rating: 1028 &rarr; <strong>1013</strong><br />(-15 for losing)\n|l|\u2606THABRULEY\n|player|p2|\n",
  "uploadtime": 1776642505,
  "views": 11,
  "formatid": "gen9championsvgc2026regma",
  "rating": 1013,
  "private": 0,
  "password": null
}