{
  "id": "gen9championsvgc2026regma-2584917220",
  "format": "[Gen 9 Champions] VGC 2026 Reg M-A",
  "players": [
    "ASilentDragon",
    "KUTF1"
  ],
  "log": "|j|\u2606ASilentDragon\n|j|\u2606KUTF1\n|t:|1776294326\n|gametype|doubles\n|player|p1|ASilentDragon|cynthia-gen4|1136\n|player|p2|KUTF1|firebreather|1212\n|gen|9\n|tier|[Gen 9 Champions] VGC 2026 Reg M-A\n|rated|\n|rule|Species Clause: Limit one of each Pok\u00e9mon\n|rule|Item Clause: Limit 1 of each item\n|clearpoke\n|poke|p1|Meganium, L50, M|\n|poke|p1|Politoed, L50, F|\n|poke|p1|Aerodactyl, L50, M|\n|poke|p1|Archaludon, L50, M|\n|poke|p1|Sinistcha, L50|\n|poke|p1|Basculegion, L50, M|\n|poke|p2|Drampa, L50, F|\n|poke|p2|Emboar, L50, F|\n|poke|p2|Kingambit, L50, F|\n|poke|p2|Decidueye-Hisui, L50, F|\n|poke|p2|Farigiraf, L50, F|\n|poke|p2|Incineroar, L50, M|\n|teampreview|4\n|inactive|Battle timer is ON: inactive players will automatically lose when time's up. (requested by KUTF1)\n|inactive|ASilentDragon has 60 seconds left.\n|inactive|KUTF1 has 60 seconds left.\n|\n|t:|1776294380\n|teamsize|p1|4\n|teamsize|p2|4\n|start\n|switch|p1a: Politoed|Politoed, L50, F|100/100\n|switch|p1b: Basculegion|Basculegion, L50, M|100/100\n|switch|p2a: Say it Again|Farigiraf, L50, F|100/100\n|switch|p2b: Bruh.|Incineroar, L50, M|100/100\n|-weather|RainDance|[from] ability: Drizzle|[of] p1a: Politoed\n|-ability|p2b: Bruh.|Intimidate|boost\n|-unboost|p1a: Politoed|atk|1\n|-unboost|p1b: Basculegion|atk|1\n|turn|1\n|\n|t:|1776294391\n|move|p2b: Bruh.|Fake Out|p1a: Politoed\n|-damage|p1a: Politoed|83/100\n|move|p1b: Basculegion|Wave Crash|p2a: Say it Again\n|-damage|p2a: Say it Again|42/100\n|-damage|p1b: Basculegion|78/100|[from] Recoil\n|cant|p1a: Politoed|flinch\n|move|p2a: Say it Again|Trick Room|p2a: Say it Again\n|-fieldstart|move: Trick Room|[of] p2a: Say it Again\n|\n|-weather|RainDance|[upkeep]\n|-heal|p1a: Politoed|89/100|[from] item: Leftovers\n|upkeep\n|turn|2\n|\n|t:|1776294401\n|move|p2a: Say it Again|Psychic|p1a: Politoed\n|-damage|p1a: Politoed|64/100\n|move|p2b: Bruh.|Darkest Lariat|p1b: Basculegion\n|-supereffective|p1b: Basculegion|1\n|-damage|p1b: Basculegion|0 fnt\n|faint|p1b: Basculegion\n|move|p1a: Politoed|Weather Ball|p2a: Say it Again\n|-damage|p2a: Say it Again|6/100\n|\n|-weather|RainDance|[upkeep]\n|-heal|p1a: Politoed|71/100|[from] item: Leftovers\n|upkeep\n|\n|t:|1776294406\n|switch|p1b: Meganium|Meganium, L50, M|100/100\n|turn|3\n|\n|t:|1776294416\n|detailschange|p1b: Meganium|Meganium-Mega, L50, M\n|-mega|p1b: Meganium|Meganium|Meganiumite\n|move|p2a: Say it Again|Hyper Voice|p1b: Meganium|[spread] p1a,p1b\n|-damage|p1a: Politoed|54/100\n|-damage|p1b: Meganium|75/100\n|move|p2b: Bruh.|Flare Blitz|p1b: Meganium\n|-supereffective|p1b: Meganium|1\n|-damage|p1b: Meganium|9/100\n|-damage|p2b: Bruh.|84/100|[from] Recoil\n|move|p1a: Politoed|Weather Ball|p2b: Bruh.\n|-supereffective|p2b: Bruh.|1\n|-damage|p2b: Bruh.|0 fnt\n|faint|p2b: Bruh.\n|move|p1b: Meganium|Dazzling Gleam|p2a: Say it Again\n|-damage|p2a: Say it Again|0 fnt\n|faint|p2a: Say it Again\n|\n|-weather|RainDance|[upkeep]\n|-heal|p1a: Politoed|60/100|[from] item: Leftovers\n|upkeep\n|\n|t:|1776294422\n|switch|p2a: Yamata No Orichi|Drampa, L50, F, shiny|100/100\n|switch|p2b: El Gambito|Kingambit, L50, F|100/100\n|-ability|p2a: Yamata No Orichi|Cloud Nine\n|turn|4\n|\n|t:|1776294436\n|detailschange|p2a: Yamata No Orichi|Drampa-Mega, L50, F, shiny\n|-mega|p2a: Yamata No Orichi|Drampa|Drampanite\n|move|p1b: Meganium|Protect|p1b: Meganium\n|-singleturn|p1b: Meganium|Protect\n|move|p2a: Yamata No Orichi|Hyper Voice|p1b: Meganium|[spread] p1a\n|-activate|p1b: Meganium|move: Protect\n|-damage|p1a: Politoed|27/100\n|move|p2b: El Gambito|Kowtow Cleave|p1a: Politoed\n|-damage|p1a: Politoed|0 fnt\n|faint|p1a: Politoed\n|\n|-weather|RainDance|[upkeep]\n|upkeep\n|\n|t:|1776294445\n|switch|p1a: Aerodactyl|Aerodactyl, L50, M|100/100\n|-ability|p1a: Aerodactyl|Unnerve\n|turn|5\n|\n|t:|1776294453\n|move|p1b: Meganium|Protect||[still]\n|-fail|p1b: Meganium\n|move|p2a: Yamata No Orichi|Draco Meteor|p1a: Aerodactyl\n|-enditem|p1a: Aerodactyl|Focus Sash\n|-damage|p1a: Aerodactyl|1/100\n|-unboost|p2a: Yamata No Orichi|spa|2\n|move|p2b: El Gambito|Kowtow Cleave|p1b: Meganium\n|-resisted|p1b: Meganium|1\n|-damage|p1b: Meganium|0 fnt\n|faint|p1b: Meganium\n|move|p1a: Aerodactyl|Rock Slide|p2a: Yamata No Orichi|[spread] p2a,p2b\n|-resisted|p2b: El Gambito|1\n|-damage|p2a: Yamata No Orichi|78/100\n|-damage|p2b: El Gambito|91/100\n|\n|-weather|none\n|-fieldend|move: Trick Room\n|upkeep\n|turn|6\n|\n|t:|1776294457\n|move|p2b: El Gambito|Sucker Punch|p1a: Aerodactyl\n|-damage|p1a: Aerodactyl|0 fnt\n|faint|p1a: Aerodactyl\n|\n|win|KUTF1\n|raw|ASilentDragon's rating: 1136 &rarr; <strong>1116</strong><br />(-20 for losing)\n|raw|KUTF1's rating: 1212 &rarr; <strong>1232</strong><br />(+20 for winning)\n",
  "uploadtime": 1776294459,
  "views": 19,
  "formatid": "gen9championsvgc2026regma",
  "rating": 1116,
  "private": 0,
  "password": null
}