{
  "id": "gen9championsvgc2026regma-2588303401",
  "format": "[Gen 9 Champions] VGC 2026 Reg M-A",
  "players": [
    "IcyLaserZ",
    "Estraumatized"
  ],
  "log": "|j|\u2606IcyLaserZ\n|j|\u2606Estraumatized\n|t:|1776622459\n|gametype|doubles\n|player|p1|IcyLaserZ|silver|1073\n|player|p2|Estraumatized|n|1032\n|gen|9\n|tier|[Gen 9 Champions] VGC 2026 Reg M-A\n|rated|\n|rule|Species Clause: Limit one of each Pok\u00e9mon\n|rule|Item Clause: Limit 1 of each item\n|clearpoke\n|poke|p1|Beedrill, L50, F|\n|poke|p1|Maushold, L50|\n|poke|p1|Talonflame, L50, F|\n|poke|p1|Arcanine, L50, F|\n|poke|p1|Garchomp, L50, F|\n|poke|p1|Rotom-Wash, L50|\n|poke|p2|Ampharos, L50, F, shiny|\n|poke|p2|Chesnaught, L50, M, shiny|\n|poke|p2|Torkoal, L50, F, shiny|\n|poke|p2|Incineroar, L50, M, shiny|\n|poke|p2|Sinistcha, L50|\n|poke|p2|Goodra-Hisui, L50, M|\n|teampreview|4\n|\n|t:|1776622492\n|teamsize|p1|4\n|teamsize|p2|4\n|start\n|switch|p1a: Beedrill|Beedrill, L50, F|100/100\n|switch|p1b: Garchomp|Garchomp, L50, F|100/100\n|switch|p2a: Fork|Incineroar, L50, M, shiny|100/100\n|switch|p2b: Dinner|Sinistcha, L50|100/100\n|-ability|p2a: Fork|Intimidate|boost\n|-unboost|p1a: Beedrill|atk|1\n|-unboost|p1b: Garchomp|atk|1\n|turn|1\n|\n|t:|1776622510\n|detailschange|p1a: Beedrill|Beedrill-Mega, L50, F\n|-mega|p1a: Beedrill|Beedrill|Beedrillite\n|move|p1a: Beedrill|Protect|p1a: Beedrill\n|-singleturn|p1a: Beedrill|Protect\n|move|p2a: Fork|Fake Out|p1a: Beedrill\n|-activate|p1a: Beedrill|move: Protect\n|move|p1b: Garchomp|Earthquake|p2a: Fork|[spread] p2a,p2b\n|-activate|p1a: Beedrill|move: Protect\n|-supereffective|p2a: Fork|1\n|-resisted|p2b: Dinner|1\n|-damage|p2a: Fork|50/100\n|-damage|p2b: Dinner|89/100\n|move|p2b: Dinner|Trick Room|p2b: Dinner\n|-fieldstart|move: Trick Room|[of] p2b: Dinner\n|\n|upkeep\n|turn|2\n|\n|t:|1776622540\n|switch|p1b: Talonflame|Talonflame, L50, F|100/100\n|switch|p1a: Arcanine|Arcanine, L50, F|100/100\n|-ability|p1a: Arcanine|Intimidate|boost\n|-unboost|p2a: Fork|atk|1\n|-unboost|p2b: Dinner|atk|1\n|move|p2a: Fork|Parting Shot|p1a: Arcanine\n|-unboost|p1a: Arcanine|atk|1\n|-unboost|p1a: Arcanine|spa|1\n|inactive|Battle timer is ON: inactive players will automatically lose when time's up. (requested by IcyLaserZ)\n|\n|t:|1776622552\n|switch|p2a: Breakfast|Torkoal, L50, F, shiny|100/100|[from] Parting Shot\n|-weather|SunnyDay|[from] ability: Drought|[of] p2a: Breakfast\n|move|p2b: Dinner|Shadow Ball|p1a: Arcanine\n|-damage|p1a: Arcanine|50/100\n|\n|-weather|SunnyDay|[upkeep]\n|upkeep\n|turn|3\n|\n|t:|1776622572\n|switch|p1a: Garchomp|Garchomp, L50, F|100/100\n|move|p1b: Talonflame|Protect|p1b: Talonflame\n|-singleturn|p1b: Talonflame|Protect\n|move|p2a: Breakfast|Eruption|p1a: Garchomp|[spread] p1a\n|-activate|p1b: Talonflame|move: Protect\n|-resisted|p1a: Garchomp|1\n|-damage|p1a: Garchomp|57/100\n|move|p2b: Dinner|Shadow Ball|p1b: Talonflame\n|-activate|p1b: Talonflame|move: Protect\n|\n|-weather|SunnyDay|[upkeep]\n|upkeep\n|turn|4\n|\n|t:|1776622597\n|move|p1b: Talonflame|Brave Bird|p2b: Dinner\n|-supereffective|p2b: Dinner|1\n|-damage|p2b: Dinner|24/100\n|-enditem|p2b: Dinner|Sitrus Berry|[eat]\n|-heal|p2b: Dinner|49/100|[from] item: Sitrus Berry\n|-damage|p1b: Talonflame|80/100|[from] Recoil\n|move|p2a: Breakfast|Eruption|p1b: Talonflame|[spread] p1a,p1b\n|-resisted|p1a: Garchomp|1\n|-resisted|p1b: Talonflame|1\n|-damage|p1a: Garchomp|10/100\n|-damage|p1b: Talonflame|23/100\n|-enditem|p1b: Talonflame|Sitrus Berry|[eat]\n|-heal|p1b: Talonflame|48/100|[from] item: Sitrus Berry\n|move|p2b: Dinner|Shadow Ball|p1b: Talonflame\n|-damage|p1b: Talonflame|0 fnt\n|faint|p1b: Talonflame\n|move|p1a: Garchomp|Rock Slide|p2a: Breakfast|[spread] p2a,p2b\n|-supereffective|p2a: Breakfast|1\n|-damage|p2a: Breakfast|73/100\n|-damage|p2b: Dinner|30/100\n|\n|-weather|SunnyDay|[upkeep]\n|upkeep\n|\n|t:|1776622617\n|switch|p1b: Beedrill|Beedrill-Mega, L50, F|100/100\n|turn|5\n|\n|t:|1776622624\n|move|p1a: Garchomp|Protect|p1a: Garchomp\n|-singleturn|p1a: Garchomp|Protect\n|move|p1b: Beedrill|Protect|p1b: Beedrill\n|-singleturn|p1b: Beedrill|Protect\n|move|p2b: Dinner|Rage Powder|p2b: Dinner\n|-singleturn|p2b: Dinner|move: Rage Powder\n|move|p2a: Breakfast|Eruption|p1b: Beedrill|[spread] \n|-activate|p1a: Garchomp|move: Protect\n|-activate|p1b: Beedrill|move: Protect\n|\n|-weather|SunnyDay|[upkeep]\n|-fieldend|move: Trick Room\n|upkeep\n|turn|6\n|\n|t:|1776622642\n|move|p2a: Breakfast|Protect|p2a: Breakfast\n|-singleturn|p2a: Breakfast|Protect\n|move|p1b: Beedrill|Drill Run|p2a: Breakfast\n|-activate|p2a: Breakfast|move: Protect\n|move|p1a: Garchomp|Rock Slide|p2a: Breakfast|[spread] p2b\n|-activate|p2a: Breakfast|move: Protect\n|-damage|p2b: Dinner|12/100\n|move|p2b: Dinner|Trick Room|p2b: Dinner\n|-fieldstart|move: Trick Room|[of] p2b: Dinner\n|\n|-weather|none\n|upkeep\n|turn|7\n|inactive|Estraumatized has 30 seconds left.\n|\n|t:|1776622673\n|switch|p2b: Fork|Incineroar, L50, M, shiny|50/100\n|-ability|p2b: Fork|Intimidate|boost\n|-unboost|p1a: Garchomp|atk|1\n|-unboost|p1b: Beedrill|atk|1\n|move|p2a: Breakfast|Protect||[still]\n|-fail|p2a: Breakfast\n|move|p1a: Garchomp|Protect|p1a: Garchomp\n|-singleturn|p1a: Garchomp|Protect\n|move|p1b: Beedrill|Protect||[still]\n|-fail|p1b: Beedrill\n|\n|upkeep\n|turn|8\n|\n|t:|1776622690\n|switch|p1b: Arcanine|Arcanine, L50, F|50/100\n|-ability|p1b: Arcanine|Intimidate|boost\n|-unboost|p2a: Breakfast|atk|1\n|-unboost|p2b: Fork|atk|1\n|move|p2b: Fork|Fake Out|p1b: Arcanine\n|-damage|p1b: Arcanine|42/100\n|move|p2a: Breakfast|Eruption|p1a: Garchomp|[spread] p1a,p1b\n|-resisted|p1a: Garchomp|1\n|-resisted|p1b: Arcanine|1\n|-damage|p1a: Garchomp|0 fnt\n|-damage|p1b: Arcanine|18/100\n|faint|p1a: Garchomp\n|\n|upkeep\n|\n|t:|1776622699\n|switch|p1a: Beedrill|Beedrill-Mega, L50, F|100/100\n|turn|9\n|\n|t:|1776622718\n|move|p1a: Beedrill|Protect|p1a: Beedrill\n|-singleturn|p1a: Beedrill|Protect\n|move|p2a: Breakfast|Eruption|p1a: Beedrill|[spread] p1b\n|-activate|p1a: Beedrill|move: Protect\n|-resisted|p1b: Arcanine|1\n|-damage|p1b: Arcanine|0 fnt\n|faint|p1b: Arcanine\n|move|p2b: Fork|Flare Blitz|p1a: Beedrill\n|-activate|p1a: Beedrill|move: Protect\n|\n|upkeep\n|turn|10\n|\n|t:|1776622732\n|move|p1a: Beedrill|Protect||[still]\n|-fail|p1a: Beedrill\n|move|p2a: Breakfast|Overheat|p1a: Beedrill\n|-supereffective|p1a: Beedrill|1\n|-damage|p1a: Beedrill|0 fnt\n|-unboost|p2a: Breakfast|spa|2\n|faint|p1a: Beedrill\n|\n|win|Estraumatized\n|raw|IcyLaserZ's rating: 1073 &rarr; <strong>1050</strong><br />(-23 for losing)\n|raw|Estraumatized's rating: 1032 &rarr; <strong>1071</strong><br />(+39 for winning)\n|l|\u2606IcyLaserZ\n|player|p1|\n",
  "uploadtime": 1776622742,
  "views": 16,
  "formatid": "gen9championsvgc2026regma",
  "rating": 1050,
  "private": 0,
  "password": null
}