{
  "id": "gen9championsvgc2026regma-2589532419",
  "format": "[Gen 9 Champions] VGC 2026 Reg M-A",
  "players": [
    "fran_meti",
    "meta charizard x"
  ],
  "log": "|j|\u2606fran_meti\n|j|\u2606meta charizard x\n|t:|1776731581\n|gametype|doubles\n|player|p1|fran_meti|102|1061\n|player|p2|meta charizard x|169|1081\n|gen|9\n|tier|[Gen 9 Champions] VGC 2026 Reg M-A\n|rated|\n|rule|Species Clause: Limit one of each Pok\u00e9mon\n|rule|Item Clause: Limit 1 of each item\n|clearpoke\n|poke|p1|Garchomp, L50, M|\n|poke|p1|Lucario, L50, F|\n|poke|p1|Azumarill, L50, M|\n|poke|p1|Charizard, L50, F|\n|poke|p1|Dragonite, L50, M|\n|poke|p1|Pikachu, L50, M|\n|poke|p2|Pidgeot, L50, M|\n|poke|p2|Whimsicott, L50, M|\n|poke|p2|Toucannon, L50, M|\n|poke|p2|Emboar, L50, M|\n|poke|p2|Kangaskhan, L50, F|\n|poke|p2|Milotic, L50, F|\n|teampreview|4\nfran_meti rejected open team sheets.\n|\n|t:|1776731615\n|teamsize|p1|4\n|teamsize|p2|4\n|start\n|switch|p1a: Garchomp|Garchomp, L50, M|100/100\n|switch|p1b: Dragonite|Dragonite, L50, M|100/100\n|switch|p2a: Kangaskhan|Kangaskhan, L50, F|100/100\n|switch|p2b: Milotic|Milotic, L50, F|100/100\n|turn|1\n|\n|t:|1776731660\n|detailschange|p1b: Dragonite|Dragonite-Mega, L50, M\n|-mega|p1b: Dragonite|Dragonite|Dragoninite\n|move|p2a: Kangaskhan|Fake Out|p1b: Dragonite\n|-damage|p1b: Dragonite|92/100\n|cant|p1b: Dragonite|flinch\n|move|p1a: Garchomp|Earthquake|p2b: Milotic|[spread] p2a,p2b\n|-immune|p1b: Dragonite\n|-damage|p2a: Kangaskhan|57/100\n|-damage|p2b: Milotic|69/100\n|move|p2b: Milotic|Icy Wind|p1a: Garchomp|[spread] p1a,p1b\n|-supereffective|p1a: Garchomp|2\n|-supereffective|p1b: Dragonite|2\n|-damage|p1a: Garchomp|48/100\n|-damage|p1b: Dragonite|60/100\n|-unboost|p1a: Garchomp|spe|1\n|-unboost|p1b: Dragonite|spe|1\n|\n|-heal|p2b: Milotic|75/100|[from] item: Leftovers\n|upkeep\n|turn|2\n|\n|t:|1776731680\n|move|p1b: Dragonite|Protect|p1b: Dragonite\n|-singleturn|p1b: Dragonite|Protect\n|move|p1a: Garchomp|Earthquake|p2b: Milotic|[spread] p2a,p2b\n|-activate|p1b: Dragonite|move: Protect\n|-damage|p2a: Kangaskhan|12/100\n|-damage|p2b: Milotic|43/100\n|move|p2a: Kangaskhan|Last Resort|p1b: Dragonite\n|-activate|p1b: Dragonite|move: Protect\n|move|p2b: Milotic|Icy Wind|p1a: Garchomp|[spread] p1a\n|-activate|p1b: Dragonite|move: Protect\n|-supereffective|p1a: Garchomp|2\n|-damage|p1a: Garchomp|2/100\n|-unboost|p1a: Garchomp|spe|1\n|\n|-heal|p2b: Milotic|49/100|[from] item: Leftovers\n|upkeep\n|turn|3\n|\n|t:|1776731706\n|move|p2a: Kangaskhan|Last Resort|p1b: Dragonite\n|-damage|p1b: Dragonite|4/100\n|move|p1a: Garchomp|Earthquake|p2b: Milotic|[spread] p2a,p2b\n|-immune|p1b: Dragonite\n|-damage|p2a: Kangaskhan|0 fnt\n|-damage|p2b: Milotic|13/100\n|faint|p2a: Kangaskhan\n|move|p2b: Milotic|Icy Wind|p1a: Garchomp|[spread] p1a,p1b\n|-supereffective|p1a: Garchomp|2\n|-supereffective|p1b: Dragonite|2\n|-damage|p1a: Garchomp|0 fnt\n|-damage|p1b: Dragonite|0 fnt\n|faint|p1a: Garchomp\n|faint|p1b: Dragonite\n|\n|-heal|p2b: Milotic|19/100|[from] item: Leftovers\n|upkeep\n|\n|t:|1776731720\n|switch|p1a: Azumarill|Azumarill, L50, M|100/100\n|switch|p2a: Pidgeot|Pidgeot, L50, M|100/100\n|switch|p1b: Lucario|Lucario, L50, F|100/100\n|turn|4\n|\n|t:|1776731745\n|detailschange|p2a: Pidgeot|Pidgeot-Mega, L50, M\n|-mega|p2a: Pidgeot|Pidgeot|Pidgeotite\n|move|p1a: Azumarill|Aqua Jet|p2b: Milotic\n|-resisted|p2b: Milotic|1\n|-crit|p2b: Milotic\n|-damage|p2b: Milotic|2/100\n|move|p2a: Pidgeot|Heat Wave|p1a: Azumarill|[spread] p1a,p1b\n|-resisted|p1a: Azumarill|1\n|-crit|p1a: Azumarill\n|-supereffective|p1b: Lucario|1\n|-damage|p1a: Azumarill|79/100\n|-damage|p1b: Lucario|19/100\n|move|p1b: Lucario|Flash Cannon|p2b: Milotic\n|-resisted|p2b: Milotic|1\n|-damage|p2b: Milotic|0 fnt\n|faint|p2b: Milotic\n|\n|upkeep\n|\n|t:|1776731757\n|switch|p2b: Toucannon|Toucannon, L50, M|100/100\n|turn|5\n|\n|t:|1776731773\n|move|p1b: Lucario|Protect|p1b: Lucario\n|-singleturn|p1b: Lucario|Protect\n|move|p2a: Pidgeot|Heat Wave|p1a: Azumarill|[spread] p1a\n|-activate|p1b: Lucario|move: Protect\n|-resisted|p1a: Azumarill|1\n|-damage|p1a: Azumarill|67/100\n|-status|p1a: Azumarill|brn\n|move|p2b: Toucannon|Bullet Seed|p1a: Azumarill\n|-supereffective|p1a: Azumarill|1\n|-damage|p1a: Azumarill|49/100 brn\n|-enditem|p1a: Azumarill|Sitrus Berry|[eat]\n|-heal|p1a: Azumarill|73/100 brn|[from] item: Sitrus Berry\n|-supereffective|p1a: Azumarill|1\n|-damage|p1a: Azumarill|57/100 brn\n|-supereffective|p1a: Azumarill|1\n|-damage|p1a: Azumarill|39/100 brn\n|-supereffective|p1a: Azumarill|1\n|-damage|p1a: Azumarill|20/100 brn\n|-supereffective|p1a: Azumarill|1\n|-damage|p1a: Azumarill|2/100 brn\n|-hitcount|p1a: Azumarill|5\n|cant|p1a: Azumarill|flinch\n|\n|-damage|p1a: Azumarill|0 fnt|[from] brn\n|faint|p1a: Azumarill\n|upkeep\n|turn|6\n|\n|t:|1776731808\n|move|p2b: Toucannon|Protect|p2b: Toucannon\n|-singleturn|p2b: Toucannon|Protect\n|move|p2a: Pidgeot|Hurricane|p1b: Lucario\n|-damage|p1b: Lucario|0 fnt\n|faint|p1b: Lucario\n|\n|win|meta charizard x\n|raw|fran_meti's rating: 1061 &rarr; <strong>1043</strong><br />(-18 for losing)\n|raw|meta charizard x's rating: 1081 &rarr; <strong>1107</strong><br />(+26 for winning)\n|l|\u2606fran_meti\n|player|p1|\n",
  "uploadtime": 1776731959,
  "views": 12,
  "formatid": "gen9championsvgc2026regma",
  "rating": 1043,
  "private": 0,
  "password": null
}