{
  "id": "gen9championsvgc2026regma-2587716538",
  "format": "[Gen 9 Champions] VGC 2026 Reg M-A",
  "players": [
    "ImYuukiShiro",
    "bidoofboy87"
  ],
  "log": "|j|\u2606ImYuukiShiro\n|j|\u2606bidoofboy87\n|t:|1776556838\n|gametype|doubles\n|player|p1|ImYuukiShiro|colress|1139\n|player|p2|bidoofboy87|101|1040\n|gen|9\n|tier|[Gen 9 Champions] VGC 2026 Reg M-A\n|rated|\n|rule|Species Clause: Limit one of each Pok\u00e9mon\n|rule|Item Clause: Limit 1 of each item\n|clearpoke\n|poke|p1|Scovillain, L50, M|\n|poke|p1|Dragapult, L50, F|\n|poke|p1|Gyarados, L50, M|\n|poke|p1|Tyranitar, L50, F|\n|poke|p1|Garchomp, L50, F|\n|poke|p1|Corviknight, L50, M|\n|poke|p2|Alcremie-Rainbow-Swirl, L50, F|\n|poke|p2|Slowbro, L50, F|\n|poke|p2|Drampa, L50, M, shiny|\n|poke|p2|Gallade, L50, M, shiny|\n|poke|p2|Sneasler, L50, F|\n|poke|p2|Chesnaught, L50, M, shiny|\n|teampreview|4\n|inactive|Battle timer is ON: inactive players will automatically lose when time's up. (requested by ImYuukiShiro)\nImYuukiShiro rejected open team sheets.\n|\n|t:|1776556856\n|teamsize|p1|4\n|teamsize|p2|4\n|start\n|switch|p1a: Scovillain|Scovillain, L50, M|100/100\n|switch|p1b: Dragapult|Dragapult, L50, F|100/100\n|switch|p2a: FunBro|Slowbro, L50, F|100/100\n|switch|p2b: Eisa|Chesnaught, L50, M, shiny|100/100\n|turn|1\n|\n|t:|1776556880\n|switch|p2b: Beri|Alcremie-Rainbow-Swirl, L50, F|100/100\n|detailschange|p1a: Scovillain|Scovillain-Mega, L50, M\n|-mega|p1a: Scovillain|Scovillain|Scovillainite\n|move|p1b: Dragapult|Reflect|p1b: Dragapult\n|-sidestart|p1: ImYuukiShiro|Reflect\n|move|p1a: Scovillain|Flamethrower|p2b: Beri\n|-damage|p2b: Beri|66/100\n|move|p2a: FunBro|Trick Room|p2a: FunBro\n|-fieldstart|move: Trick Room|[of] p2a: FunBro\n|\n|upkeep\n|turn|2\n|\n|t:|1776556902\n|move|p2a: FunBro|Snowscape|p2a: FunBro\n|-weather|Snowscape\n|move|p2b: Beri|Decorate|p2a: FunBro\n|-boost|p2a: FunBro|atk|2\n|-boost|p2a: FunBro|spa|2\n|move|p1a: Scovillain|Leech Seed|p2a: FunBro|[miss]\n|-miss|p1a: Scovillain|p2a: FunBro\n|move|p1b: Dragapult|Light Screen|p1b: Dragapult\n|-sidestart|p1: ImYuukiShiro|move: Light Screen\n|\n|-weather|Snowscape|[upkeep]\n|upkeep\n|turn|3\n|inactive|bidoofboy87 has 30 seconds left.\n|\n|t:|1776556932\n|move|p2a: FunBro|Disable|p1a: Scovillain\n|-start|p1a: Scovillain|Disable|Leech Seed\n|move|p2b: Beri|Dazzling Gleam|p1a: Scovillain|[spread] p1a,p1b\n|-resisted|p1a: Scovillain|1\n|-supereffective|p1b: Dragapult|1\n|-damage|p1a: Scovillain|92/100\n|-damage|p1b: Dragapult|65/100\n|-status|p2b: Beri|brn|[from] ability: Spicy Spray|[of] p1a: Scovillain\n|cant|p1a: Scovillain|Disable|Leech Seed\n|move|p1b: Dragapult|Infestation|p2b: Beri\n|-resisted|p2b: Beri|1\n|-damage|p2b: Beri|64/100 brn\n|-activate|p2b: Beri|move: Infestation|[of] p1b: Dragapult\n|\n|-weather|Snowscape|[upkeep]\n|-damage|p2b: Beri|58/100 brn|[from] brn\n|-damage|p2b: Beri|46/100 brn|[from] move: Infestation|[partiallytrapped]\n|upkeep\n|-enditem|p2b: Beri|Sitrus Berry|[eat]\n|-heal|p2b: Beri|71/100 brn|[from] item: Sitrus Berry\n|turn|4\n|\n|t:|1776556951\n|switch|p1a: Corviknight|Corviknight, L50, M|100/100\n|move|p2a: FunBro|Disable|p1b: Dragapult\n|-start|p1b: Dragapult|Disable|Infestation\n|move|p2b: Beri|Dazzling Gleam|p1b: Dragapult|[spread] p1a,p1b\n|-resisted|p1a: Corviknight|1\n|-supereffective|p1b: Dragapult|1\n|-damage|p1a: Corviknight|94/100\n|-damage|p1b: Dragapult|30/100\n|cant|p1b: Dragapult|Disable|Infestation\n|\n|-weather|Snowscape|[upkeep]\n|-heal|p1a: Corviknight|99/100|[from] item: Leftovers\n|-damage|p2b: Beri|65/100 brn|[from] brn\n|-damage|p2b: Beri|53/100 brn|[from] move: Infestation|[partiallytrapped]\n|upkeep\n|turn|5\n|\n|t:|1776556969\n|switch|p2a: Dragons Dream|Drampa, L50, M, shiny|100/100\n|-ability|p2a: Dragons Dream|Cloud Nine\n|switch|p1b: Garchomp|Garchomp, L50, F|100/100\n|move|p2b: Beri|Decorate|p2a: Dragons Dream\n|-boost|p2a: Dragons Dream|atk|2\n|-boost|p2a: Dragons Dream|spa|2\n|move|p1a: Corviknight|Brave Bird|p2a: Dragons Dream\n|-damage|p2a: Dragons Dream|56/100\n|-damage|p1a: Corviknight|86/100|[from] Recoil\n|\n|-weather|Snowscape|[upkeep]\n|-heal|p1a: Corviknight|92/100|[from] item: Leftovers\n|-damage|p2b: Beri|47/100 brn|[from] brn\n|-end|p2b: Beri|Infestation|[partiallytrapped]|[silent]\n|-sideend|p1: ImYuukiShiro|Reflect\n|-fieldend|move: Trick Room\n|upkeep\n|turn|6\n|inactive|bidoofboy87 has 30 seconds left.\n|\n|t:|1776556997\n|switch|p2b: FunBro|Slowbro, L50, F|100/100\n|move|p2a: Dragons Dream|Protect|p2a: Dragons Dream\n|-singleturn|p2a: Dragons Dream|Protect\n|move|p1b: Garchomp|Earthquake|p2b: FunBro|[spread] p2b\n|-activate|p2a: Dragons Dream|move: Protect\n|-immune|p1a: Corviknight\n|-damage|p2b: FunBro|75/100\n|move|p1a: Corviknight|Body Press|p2a: Dragons Dream\n|-activate|p2a: Dragons Dream|move: Protect\n|\n|-weather|none\n|-heal|p1a: Corviknight|98/100|[from] item: Leftovers\n|-heal|p2b: FunBro|81/100|[from] item: Leftovers\n|-sideend|p1: ImYuukiShiro|move: Light Screen\n|upkeep\n|turn|7\n|\n|t:|1776557018\n|switch|p2a: Eisa|Chesnaught, L50, M, shiny|100/100\n|move|p1b: Garchomp|Earthquake|p2b: FunBro|[spread] p2a,p2b\n|-immune|p1a: Corviknight\n|-resisted|p2a: Eisa|1\n|-damage|p2a: Eisa|84/100\n|-damage|p2b: FunBro|55/100\n|move|p1a: Corviknight|Brave Bird|p2b: FunBro\n|-crit|p2b: FunBro\n|-damage|p2b: FunBro|24/100\n|-damage|p1a: Corviknight|88/100|[from] Recoil\n|move|p2b: FunBro|Trick Room|p2b: FunBro\n|-fieldstart|move: Trick Room|[of] p2b: FunBro\n|\n|-heal|p2b: FunBro|30/100|[from] item: Leftovers\n|-heal|p1a: Corviknight|94/100|[from] item: Leftovers\n|upkeep\n|turn|8\n|\n|t:|1776557039\n|switch|p1a: Scovillain|Scovillain-Mega, L50, M|92/100\n|move|p2b: FunBro|Disable||[still]\n|-fail|p2b: FunBro\n|move|p2a: Eisa|Iron Defense|p2a: Eisa\n|-boost|p2a: Eisa|def|2\n|move|p1b: Garchomp|Earthquake|p2a: Eisa|[spread] p1a,p2a,p2b\n|-resisted|p2a: Eisa|1\n|-damage|p1a: Scovillain|53/100\n|-damage|p2a: Eisa|75/100\n|-damage|p2b: FunBro|4/100\n|-status|p1b: Garchomp|brn|[from] ability: Spicy Spray|[of] p1a: Scovillain\n|\n|-heal|p2b: FunBro|10/100|[from] item: Leftovers\n|-damage|p1b: Garchomp|94/100 brn|[from] brn\n|upkeep\n|turn|9\n|\n|t:|1776557059\n|switch|p1b: Corviknight|Corviknight, L50, M|94/100\n|move|p2b: FunBro|Slack Off|p2b: FunBro\n|-heal|p2b: FunBro|60/100\n|move|p2a: Eisa|Body Press|p1a: Scovillain\n|-damage|p1a: Scovillain|0 fnt\n|-status|p2a: Eisa|brn|[from] ability: Spicy Spray|[of] p1a: Scovillain\n|faint|p1a: Scovillain\n|\n|-heal|p2b: FunBro|66/100|[from] item: Leftovers\n|-heal|p1b: Corviknight|99/100|[from] item: Leftovers\n|-damage|p2a: Eisa|69/100 brn|[from] brn\n|upkeep\n|\n|t:|1776557069\n|switch|p1a: Garchomp|Garchomp, L50, F|94/100 brn\n|turn|10\n|\n|t:|1776557083\n|move|p2b: FunBro|Slack Off|p2b: FunBro\n|-heal|p2b: FunBro|100/100\n|move|p2a: Eisa|Iron Defense|p2a: Eisa\n|-boost|p2a: Eisa|def|2\n|move|p1b: Corviknight|Body Press|p2b: FunBro\n|-resisted|p2b: FunBro|1\n|-damage|p2b: FunBro|93/100\n|move|p1a: Garchomp|Rock Slide|p2b: FunBro|[spread] p2a,p2b\n|-resisted|p2a: Eisa|1\n|-damage|p2a: Eisa|68/100 brn\n|-damage|p2b: FunBro|87/100\n|\n|-heal|p2b: FunBro|93/100|[from] item: Leftovers\n|-heal|p1b: Corviknight|100/100|[from] item: Leftovers\n|-damage|p2a: Eisa|62/100 brn|[from] brn\n|-damage|p1a: Garchomp|88/100 brn|[from] brn\n|upkeep\n|turn|11\n|c|\u2606ImYuukiShiro|Go outside\n|\n|t:|1776557098\n|move|p2b: FunBro|Disable|p1a: Garchomp\n|-start|p1a: Garchomp|Disable|Rock Slide\n|move|p2a: Eisa|Iron Defense|p2a: Eisa\n|-boost|p2a: Eisa|def|2\n|move|p1b: Corviknight|Brave Bird|p2a: Eisa\n|-supereffective|p2a: Eisa|2\n|-damage|p2a: Eisa|35/100 brn\n|-damage|p1b: Corviknight|92/100|[from] Recoil\n|cant|p1a: Garchomp|Disable|Rock Slide\n|\n|-heal|p2b: FunBro|99/100|[from] item: Leftovers\n|-heal|p1b: Corviknight|98/100|[from] item: Leftovers\n|-damage|p2a: Eisa|29/100 brn|[from] brn\n|-damage|p1a: Garchomp|82/100 brn|[from] brn\n|-fieldend|move: Trick Room\n|upkeep\n|turn|12\n|c|\u2606bidoofboy87|Lol\n|c|\u2606bidoofboy87|I go outside more than you\n|inactive|bidoofboy87 has 30 seconds left.\n|\n|t:|1776557126\n|switch|p1a: Dragapult|Dragapult, L50, F|30/100\n|move|p1b: Corviknight|Body Press|p2a: Eisa\n|-damage|p2a: Eisa|24/100 brn\n|move|p2a: Eisa|Synthesis|p2a: Eisa\n|-heal|p2a: Eisa|73/100 brn\n|move|p2b: FunBro|Disable|p1b: Corviknight\n|-start|p1b: Corviknight|Disable|Body Press\n|\n|-heal|p1b: Corviknight|100/100|[from] item: Leftovers\n|-heal|p2b: FunBro|100/100|[from] item: Leftovers\n|-damage|p2a: Eisa|67/100 brn|[from] brn\n|upkeep\n|turn|13\n|c|\u2606ImYuukiShiro|You clearly don't if you made this cringe team\n|c|\u2606bidoofboy87|Cry chunky\n|c|\u2606ImYuukiShiro|There is no way\n|c|\u2606ImYuukiShiro|You are pathetic\n|c|\u2606ImYuukiShiro|good bye\n|c|\u2606bidoofboy87|Womp womp\n|-message|ImYuukiShiro forfeited.\n|\n|win|bidoofboy87\n|raw|ImYuukiShiro's rating: 1139 &rarr; <strong>1107</strong><br />(-32 for losing)\n|raw|bidoofboy87's rating: 1040 &rarr; <strong>1083</strong><br />(+43 for winning)\n|c|\u2606bidoofboy87|Lmao\n|l|\u2606ImYuukiShiro\n|player|p1|\n",
  "uploadtime": 1776557148,
  "views": 21,
  "formatid": "gen9championsvgc2026regma",
  "rating": 1083,
  "private": 0,
  "password": null
}