{
  "id": "gen9championsvgc2026regma-2586404292",
  "format": "[Gen 9 Champions] VGC 2026 Reg M-A",
  "players": [
    "Snog2273",
    "jaavc"
  ],
  "log": "|j|\u2606Snog2273\n|j|\u2606jaavc\n|t:|1776432271\n|gametype|doubles\n|player|p1|Snog2273|scientist-gen4|1339\n|player|p2|jaavc|hiker-gen4|1281\n|gen|9\n|tier|[Gen 9 Champions] VGC 2026 Reg M-A\n|rated|\n|rule|Species Clause: Limit one of each Pok\u00e9mon\n|rule|Item Clause: Limit 1 of each item\n|clearpoke\n|poke|p1|Heliolisk, L50, F|\n|poke|p1|Charizard, L50, M|\n|poke|p1|Garchomp, L50, F|\n|poke|p1|Vivillon-Marine, L50, F|\n|poke|p1|Aegislash, L50, F|\n|poke|p1|Sneasler, L50, F|\n|poke|p2|Slowking, L50, M|\n|poke|p2|Incineroar, L50, M|\n|poke|p2|Crabominable, L50, M|\n|poke|p2|Hatterene, L50, F|\n|poke|p2|Tsareena, L50, F|\n|poke|p2|Camerupt, L50, F|\n|teampreview|4\n|inactive|Battle timer is ON: inactive players will automatically lose when time's up. (requested by Snog2273)\nSnog2273 has agreed to open team sheets.\n|inactive|Snog2273 has 60 seconds left.\n|\n|t:|1776432314\n|teamsize|p1|4\n|teamsize|p2|4\n|start\n|switch|p1a: King Garthrecule|Sneasler, L50, F, shiny|100/100\n|switch|p1b: Doctor Skipplepi|Vivillon-Marine, L50, F, shiny|100/100\n|switch|p2a: Tsareena|Tsareena, L50, F|100/100\n|switch|p2b: Slowking|Slowking, L50, M|100/100\n|turn|1\n|\n|t:|1776432339\n|move|p2a: Tsareena|Protect|p2a: Tsareena\n|-singleturn|p2a: Tsareena|Protect\n|move|p1a: King Garthrecule|Throat Chop|p2b: Slowking\n|-supereffective|p2b: Slowking|1\n|-enditem|p2b: Slowking|Colbur Berry|[eat]\n|-enditem|p2b: Slowking|Colbur Berry|[weaken]\n|-damage|p2b: Slowking|78/100\n|-start|p2b: Slowking|Throat Chop|[silent]\n|move|p1b: Doctor Skipplepi|Sleep Powder|p2b: Slowking\n|-status|p2b: Slowking|slp|[from] move: Sleep Powder\n|cant|p2b: Slowking|slp\n|\n|upkeep\n|turn|2\n|\n|t:|1776432353\n|switch|p2a: Incineroar|Incineroar, L50, M|100/100\n|-ability|p2a: Incineroar|Intimidate|boost\n|-unboost|p1a: King Garthrecule|atk|1\n|-unboost|p1b: Doctor Skipplepi|atk|1\n|-enditem|p1a: King Garthrecule|White Herb\n|-clearnegativeboost|p1a: King Garthrecule|[silent]\n|move|p1a: King Garthrecule|Throat Chop|p2b: Slowking\n|-supereffective|p2b: Slowking|1\n|-damage|p2b: Slowking|30/100 slp\n|move|p1b: Doctor Skipplepi|Pollen Puff|p2b: Slowking\n|-supereffective|p2b: Slowking|1\n|-damage|p2b: Slowking|0 fnt\n|faint|p2b: Slowking\n|\n|upkeep\n|inactive|jaavc has 30 seconds left.\n|\n|t:|1776432385\n|switch|p2b: Crabominable|Crabominable, L50, M|100/100\n|turn|3\n|inactive|jaavc has 30 seconds left.\n|inactive|jaavc has 20 seconds left.\n|\n|t:|1776432424\n|detailschange|p2b: Crabominable|Crabominable-Mega, L50, M\n|-mega|p2b: Crabominable|Crabominable|Crabominite\n|move|p2a: Incineroar|Fake Out|p1a: King Garthrecule\n|-damage|p1a: King Garthrecule|77/100\n|cant|p1a: King Garthrecule|flinch\n|move|p1b: Doctor Skipplepi|Sleep Powder|p2b: Crabominable\n|-status|p2b: Crabominable|slp|[from] move: Sleep Powder\n|cant|p2b: Crabominable|slp\n|\n|upkeep\n|turn|4\n|\n|t:|1776432443\n|move|p1a: King Garthrecule|Protect|p1a: King Garthrecule\n|-singleturn|p1a: King Garthrecule|Protect\n|move|p1b: Doctor Skipplepi|Sleep Powder|p2a: Incineroar\n|-status|p2a: Incineroar|slp|[from] move: Sleep Powder\n|cant|p2a: Incineroar|slp\n|cant|p2b: Crabominable|slp\n|\n|upkeep\n|turn|5\n|\n|t:|1776432457\n|-curestatus|p2b: Crabominable|slp|[msg]\n|move|p2b: Crabominable|Protect|p2b: Crabominable\n|-singleturn|p2b: Crabominable|Protect\n|move|p1b: Doctor Skipplepi|Rage Powder|p1b: Doctor Skipplepi\n|-singleturn|p1b: Doctor Skipplepi|move: Rage Powder\n|move|p1a: King Garthrecule|Close Combat|p2b: Crabominable\n|-activate|p2b: Crabominable|move: Protect\n|-curestatus|p2a: Incineroar|slp|[msg]\n|move|p2a: Incineroar|Flare Blitz|p1b: Doctor Skipplepi\n|-supereffective|p1b: Doctor Skipplepi|1\n|-enditem|p1b: Doctor Skipplepi|Focus Sash\n|-damage|p1b: Doctor Skipplepi|1/100\n|-damage|p2a: Incineroar|75/100|[from] Recoil\n|\n|upkeep\n|turn|6\n|inactive|jaavc has 30 seconds left.\n|inactive|jaavc has 20 seconds left.\n|inactive|jaavc has 15 seconds left.\n|inactive|jaavc has 10 seconds left.\n|inactive|jaavc has 5 seconds left.\n|\n|t:|1776432512\n|move|p2b: Crabominable|Protect|p2b: Crabominable\n|-singleturn|p2b: Crabominable|Protect\n|move|p1a: King Garthrecule|Close Combat|p2b: Crabominable\n|-activate|p2b: Crabominable|move: Protect\n|move|p1b: Doctor Skipplepi|Sleep Powder|p2a: Incineroar\n|-status|p2a: Incineroar|slp|[from] move: Sleep Powder\n|cant|p2a: Incineroar|slp\n|\n|upkeep\n|turn|7\n|\n|t:|1776432532\n|switch|p2b: Tsareena|Tsareena, L50, F|100/100\n|move|p1a: King Garthrecule|Close Combat|p2b: Tsareena\n|-damage|p2b: Tsareena|33/100\n|-unboost|p1a: King Garthrecule|def|1\n|-unboost|p1a: King Garthrecule|spd|1\n|move|p1b: Doctor Skipplepi|Sleep Powder|p2b: Tsareena\n|-immune|p2b: Tsareena\n|-curestatus|p2a: Incineroar|slp|[msg]\n|move|p2a: Incineroar|Flare Blitz|p1a: King Garthrecule\n|-damage|p1a: King Garthrecule|0 fnt\n|faint|p1a: King Garthrecule\n|-damage|p2a: Incineroar|54/100|[from] Recoil\n|\n|upkeep\n|\n|t:|1776432538\n|switch|p1a: Scriffle Hunt x2|Charizard, L50, M|100/100\n|turn|8\n|inactive|jaavc has 30 seconds left.\n|\n|t:|1776432564\n|detailschange|p1a: Scriffle Hunt x2|Charizard-Mega-Y, L50, M\n|-mega|p1a: Scriffle Hunt x2|Charizard|Charizardite Y\n|-weather|SunnyDay|[from] ability: Drought|[of] p1a: Scriffle Hunt x2\n|move|p2b: Tsareena|Protect|p2b: Tsareena\n|-singleturn|p2b: Tsareena|Protect\n|move|p1b: Doctor Skipplepi|Sleep Powder|p2a: Incineroar\n|-status|p2a: Incineroar|slp|[from] move: Sleep Powder\n|move|p1a: Scriffle Hunt x2|Heat Wave|p2a: Incineroar|[spread] p2a\n|-activate|p2b: Tsareena|move: Protect\n|-resisted|p2a: Incineroar|1\n|-damage|p2a: Incineroar|26/100 slp\n|-enditem|p2a: Incineroar|Sitrus Berry|[eat]\n|-heal|p2a: Incineroar|51/100 slp|[from] item: Sitrus Berry\n|cant|p2a: Incineroar|slp\n|\n|-weather|SunnyDay|[upkeep]\n|upkeep\n|turn|9\n|c|\u2606jaavc|now im gonna wait the whole time\n|inactive|jaavc has 30 seconds left.\n|c|\u2606Snog2273|sounds good\n|inactive|jaavc has 20 seconds left.\n|inactive|jaavc has 15 seconds left.\n|inactive|jaavc has 10 seconds left.\n|inactive|jaavc has 5 seconds left.\n|\n|t:|1776432618\n|move|p1b: Doctor Skipplepi|Protect|p1b: Doctor Skipplepi\n|-singleturn|p1b: Doctor Skipplepi|Protect\n|move|p2b: Tsareena|Protect||[still]\n|-fail|p2b: Tsareena\n|move|p1a: Scriffle Hunt x2|Heat Wave|p2a: Incineroar|[spread] p2a\n|-miss|p1a: Scriffle Hunt x2|p2b: Tsareena\n|-resisted|p2a: Incineroar|1\n|-damage|p2a: Incineroar|21/100 slp\n|cant|p2a: Incineroar|slp\n|\n|-weather|SunnyDay|[upkeep]\n|upkeep\n|turn|10\n|inactive|Snog2273 has 30 seconds left.\n|inactive|jaavc has 30 seconds left.\n|inactive|jaavc has 20 seconds left.\n|inactive|jaavc has 15 seconds left.\n|inactive|Snog2273 has 20 seconds left.\n|inactive|jaavc has 10 seconds left.\n|inactive|jaavc has 5 seconds left.\n|\n|t:|1776432672\n|move|p2b: Tsareena|Protect|p2b: Tsareena\n|-singleturn|p2b: Tsareena|Protect\n|move|p1b: Doctor Skipplepi|Pollen Puff|p2a: Incineroar\n|-damage|p2a: Incineroar|0 fnt\n|faint|p2a: Incineroar\n|move|p1a: Scriffle Hunt x2|Heat Wave|p2b: Tsareena\n|-activate|p2b: Tsareena|move: Protect\n|\n|-weather|SunnyDay|[upkeep]\n|upkeep\n|\n|t:|1776432678\n|switch|p2a: Crabominable|Crabominable-Mega, L50, M|100/100\n|turn|11\n|\n|t:|1776432689\n|switch|p1a: Crup McYodelpop|Garchomp, L50, F|100/100\n|move|p2b: Tsareena|Protect|p2b: Tsareena\n|-singleturn|p2b: Tsareena|Protect\n|move|p2a: Crabominable|Protect|p2a: Crabominable\n|-singleturn|p2a: Crabominable|Protect\n|move|p1b: Doctor Skipplepi|Pollen Puff|p2b: Tsareena\n|-activate|p2b: Tsareena|move: Protect\n|\n|-weather|SunnyDay|[upkeep]\n|upkeep\n|turn|12\n|\n|t:|1776432705\n|move|p1b: Doctor Skipplepi|Sleep Powder|p2a: Crabominable\n|-status|p2a: Crabominable|slp|[from] move: Sleep Powder\n|move|p1a: Crup McYodelpop|Dragon Claw|p2b: Tsareena\n|-damage|p2b: Tsareena|0 fnt\n|faint|p2b: Tsareena\n|cant|p2a: Crabominable|slp\n|\n|-weather|none\n|upkeep\n|turn|13\n|\n|t:|1776432717\n|move|p1b: Doctor Skipplepi|Rage Powder|p1b: Doctor Skipplepi\n|-singleturn|p1b: Doctor Skipplepi|move: Rage Powder\n|move|p1a: Crup McYodelpop|Earthquake|p2a: Crabominable|[spread] p2a\n|-immune|p1b: Doctor Skipplepi\n|-damage|p2a: Crabominable|70/100 slp\n|cant|p2a: Crabominable|slp\n|\n|upkeep\n|turn|14\n|\n|t:|1776432726\n|move|p1b: Doctor Skipplepi|Protect|p1b: Doctor Skipplepi\n|-singleturn|p1b: Doctor Skipplepi|Protect\n|move|p1a: Crup McYodelpop|Protect|p1a: Crup McYodelpop\n|-singleturn|p1a: Crup McYodelpop|Protect\n|-curestatus|p2a: Crabominable|slp|[msg]\n|move|p2a: Crabominable|Drain Punch|p1a: Crup McYodelpop\n|-activate|p1a: Crup McYodelpop|move: Protect\n|\n|upkeep\n|turn|15\n|\n|t:|1776432739\n|move|p2a: Crabominable|Protect|p2a: Crabominable\n|-singleturn|p2a: Crabominable|Protect\n|move|p1b: Doctor Skipplepi|Sleep Powder|p2a: Crabominable\n|-activate|p2a: Crabominable|move: Protect\n|move|p1a: Crup McYodelpop|Dragon Claw|p2a: Crabominable\n|-activate|p2a: Crabominable|move: Protect\n|\n|upkeep\n|turn|16\n|\n|t:|1776432754\n|move|p1b: Doctor Skipplepi|Sleep Powder|p2a: Crabominable\n|-status|p2a: Crabominable|slp|[from] move: Sleep Powder\n|move|p1a: Crup McYodelpop|Dragon Claw|p2a: Crabominable\n|-damage|p2a: Crabominable|40/100 slp\n|cant|p2a: Crabominable|slp\n|\n|upkeep\n|turn|17\n|c|\u2606jaavc|you must love the game\n|inactive|jaavc has 30 seconds left.\n|inactive|jaavc has 20 seconds left.\n|c|\u2606Snog2273|I like heliolisk\n|inactive|jaavc has 15 seconds left.\n|c|\u2606Snog2273|this is the lame mode of the team\n|inactive|jaavc has 10 seconds left.\n|inactive|jaavc has 5 seconds left.\n|\n|t:|1776432810\n|move|p1b: Doctor Skipplepi|Pollen Puff|p2a: Crabominable\n|-resisted|p2a: Crabominable|1\n|-damage|p2a: Crabominable|25/100 slp\n|move|p1a: Crup McYodelpop|Earthquake|p2a: Crabominable|[spread] p2a\n|-immune|p1b: Doctor Skipplepi\n|-crit|p2a: Crabominable\n|-damage|p2a: Crabominable|0 fnt\n|faint|p2a: Crabominable\n|\n|win|Snog2273\n|raw|Snog2273's rating: 1339 &rarr; <strong>1356</strong><br />(+17 for winning)\n|raw|jaavc's rating: 1281 &rarr; <strong>1260</strong><br />(-21 for losing)\n|l|\u2606jaavc\n|player|p2|\n",
  "uploadtime": 1776432820,
  "views": 43,
  "formatid": "gen9championsvgc2026regma",
  "rating": 1260,
  "private": 0,
  "password": null
}