{
  "id": "gen9championsvgc2026regma-2582424697",
  "format": "[Gen 9 Champions] VGC 2026 Reg M-A",
  "players": [
    "TerraDelta",
    "porygon-epilepz"
  ],
  "log": "|j|\u2606TerraDelta\n|j|\u2606porygon-epilepz\n|t:|1776090814\n|gametype|doubles\n|player|p1|TerraDelta|clair|1126\n|player|p2|porygon-epilepz|hiker-gen4|1157\n|gen|9\n|tier|[Gen 9 Champions] VGC 2026 Reg M-A\n|rated|\n|rule|Species Clause: Limit one of each Pok\u00e9mon\n|rule|Item Clause: Limit 1 of each item\n|clearpoke\n|poke|p1|Alakazam, L50, M|\n|poke|p1|Sneasler, L50, F|\n|poke|p1|Rotom-Heat, L50|\n|poke|p1|Garchomp, L50, M|\n|poke|p1|Gyarados, L50, M|\n|poke|p1|Sinistcha, L50|\n|poke|p2|Kommo-o, L50, M|\n|poke|p2|Incineroar, L50, F|\n|poke|p2|Glimmora, L50, M|\n|poke|p2|Sinistcha, L50|\n|poke|p2|Talonflame, L50, M|\n|poke|p2|Palafin, L50, F|\n|teampreview|4\n|\n|t:|1776090848\n|teamsize|p1|4\n|teamsize|p2|4\n|start\n|switch|p1a: Alakazam|Alakazam, L50, M|100/100\n|switch|p1b: Sneasler|Sneasler, L50, F|100/100\n|switch|p2a: Talonflame|Talonflame, L50, M|100/100\n|switch|p2b: Kommo-o|Kommo-o, L50, M|100/100\n|turn|1\n|\n|t:|1776090865\n|switch|p2b: Incineroar|Incineroar, L50, F|100/100\n|-ability|p2b: Incineroar|Intimidate|boost\n|-fail|p1a: Alakazam|unboost|Attack|[from] ability: Inner Focus|[of] p1a: Alakazam\n|-unboost|p1b: Sneasler|atk|1\n|detailschange|p1a: Alakazam|Alakazam-Mega, L50, M\n|-mega|p1a: Alakazam|Alakazam|Alakazite\n|-ability|p1a: Alakazam|Intimidate|Trace|[from] ability: Trace|[of] p2b: Incineroar\n|-ability|p1a: Alakazam|Intimidate|boost\n|-unboost|p2a: Talonflame|atk|1\n|-unboost|p2b: Incineroar|atk|1\n|move|p2a: Talonflame|Quick Guard|p2a: Talonflame\n|-singleturn|p2a: Talonflame|Quick Guard\n|move|p1b: Sneasler|Fake Out|p2a: Talonflame\n|-activate|p2a: Talonflame|move: Quick Guard\n|move|p1a: Alakazam|Psychic Terrain|p1a: Alakazam\n|-fieldstart|move: Psychic Terrain\n|\n|upkeep\n|turn|2\n|\n|t:|1776090882\n|switch|p1b: Rotom|Rotom-Heat, L50|100/100\n|move|p1a: Alakazam|Protect|p1a: Alakazam\n|-singleturn|p1a: Alakazam|Protect\n|move|p2a: Talonflame|Dual Wingbeat|p1b: Rotom\n|-resisted|p1b: Rotom|1\n|-damage|p1b: Rotom|93/100\n|-resisted|p1b: Rotom|1\n|-damage|p1b: Rotom|86/100\n|-hitcount|p1b: Rotom|2\n|move|p2b: Incineroar|Throat Chop|p1a: Alakazam\n|-activate|p1a: Alakazam|move: Protect\n|\n|upkeep\n|turn|3\n|\n|t:|1776090902\n|move|p2a: Talonflame|Tailwind|p2a: Talonflame\n|-sidestart|p2: porygon-epilepz|move: Tailwind\n|move|p1b: Rotom|Volt Switch|p2a: Talonflame\n|-supereffective|p2a: Talonflame|1\n|-damage|p2a: Talonflame|3/100\n|\n|t:|1776090906\n|switch|p1b: Garchomp|Garchomp, L50, M|100/100|[from] Volt Switch\n|move|p1a: Alakazam|Expanding Force|p2b: Incineroar|[spread] p2a\n|-immune|p2b: Incineroar\n|-damage|p2a: Talonflame|0 fnt\n|faint|p2a: Talonflame\n|move|p2b: Incineroar|Throat Chop|p1a: Alakazam\n|-supereffective|p1a: Alakazam|1\n|-damage|p1a: Alakazam|22/100\n|-start|p1a: Alakazam|Throat Chop|[silent]\n|\n|upkeep\n|\n|t:|1776090917\n|switch|p2a: Glimmora|Glimmora, L50, M|100/100\n|turn|4\n|\n|t:|1776090929\n|detailschange|p2a: Glimmora|Glimmora-Mega, L50, M\n|-mega|p2a: Glimmora|Glimmora|Glimmoranite\n|move|p1a: Alakazam|Protect|p1a: Alakazam\n|-singleturn|p1a: Alakazam|Protect\n|move|p2a: Glimmora|Sludge Bomb|p1a: Alakazam\n|-activate|p1a: Alakazam|move: Protect\n|move|p1b: Garchomp|Earthquake|p2b: Incineroar|[spread] p2a,p2b\n|-activate|p1a: Alakazam|move: Protect\n|-supereffective|p2a: Glimmora|2\n|-supereffective|p2b: Incineroar|1\n|-enditem|p2b: Incineroar|Shuca Berry|[eat]\n|-enditem|p2b: Incineroar|Shuca Berry|[weaken]\n|-damage|p2a: Glimmora|0 fnt\n|-damage|p2b: Incineroar|73/100\n|faint|p2a: Glimmora\n|move|p2b: Incineroar|Parting Shot|p1b: Garchomp\n|-unboost|p1b: Garchomp|atk|1\n|-unboost|p1b: Garchomp|spa|1\n|\n|t:|1776090940\n|switch|p2b: Kommo-o|Kommo-o, L50, M|100/100|[from] Parting Shot\n|-enditem|p1b: Garchomp|White Herb\n|-clearnegativeboost|p1b: Garchomp|[silent]\n|\n|-end|p1a: Alakazam|Throat Chop|[silent]\n|upkeep\n|\n|t:|1776090942\n|switch|p2a: Incineroar|Incineroar, L50, F|73/100\n|-ability|p2a: Incineroar|Intimidate|boost\n|-unboost|p1a: Alakazam|atk|1\n|-unboost|p1b: Garchomp|atk|1\n|turn|5\n|\n|t:|1776090959\n|move|p2b: Kommo-o|Clanging Scales|p1a: Alakazam|[spread] p1a,p1b\n|-supereffective|p1b: Garchomp|1\n|-damage|p1a: Alakazam|0 fnt\n|-damage|p1b: Garchomp|18/100\n|faint|p1a: Alakazam\n|-unboost|p2b: Kommo-o|def|1\n|move|p1b: Garchomp|Earthquake|p2a: Incineroar|[spread] p2a,p2b\n|-supereffective|p2a: Incineroar|1\n|-damage|p2a: Incineroar|37/100\n|-damage|p2b: Kommo-o|65/100\n|move|p2a: Incineroar|Parting Shot|p1b: Garchomp\n|-unboost|p1b: Garchomp|atk|1\n|-unboost|p1b: Garchomp|spa|1\n|\n|-heal|p2b: Kommo-o|71/100|[from] item: Leftovers\n|-fieldend|move: Psychic Terrain\n|upkeep\n|\n|t:|1776090963\n|switch|p1a: Sneasler|Sneasler, L50, F|100/100\n|turn|6\n|\n|t:|1776090971\n|move|p1a: Sneasler|Fake Out|p2b: Kommo-o\n|-damage|p2b: Kommo-o|52/100\n|cant|p2b: Kommo-o|flinch\n|move|p1b: Garchomp|Dragon Claw|p2b: Kommo-o\n|-supereffective|p2b: Kommo-o|1\n|-damage|p2b: Kommo-o|0 fnt\n|faint|p2b: Kommo-o\n|move|p2a: Incineroar|Flare Blitz|p1a: Sneasler\n|-damage|p1a: Sneasler|16/100\n|-damage|p2a: Incineroar|15/100|[from] Recoil\n|\n|-sideend|p2: porygon-epilepz|move: Tailwind\n|upkeep\n|turn|7\n|\n|t:|1776090980\n|move|p1a: Sneasler|Close Combat|p2a: Incineroar\n|-supereffective|p2a: Incineroar|1\n|-damage|p2a: Incineroar|0 fnt\n|-unboost|p1a: Sneasler|def|1\n|-unboost|p1a: Sneasler|spd|1\n|faint|p2a: Incineroar\n|\n|win|TerraDelta\n|raw|TerraDelta's rating: 1126 &rarr; <strong>1153</strong><br />(+27 for winning)\n|raw|porygon-epilepz's rating: 1157 &rarr; <strong>1130</strong><br />(-27 for losing)\n|l|\u2606TerraDelta\n|player|p1|\n",
  "uploadtime": 1776090817,
  "views": 12,
  "formatid": "gen9championsvgc2026regma",
  "rating": 1130,
  "private": 0,
  "password": null
}