{
  "id": "gen9championsvgc2026regma-2588175424",
  "format": "[Gen 9 Champions] VGC 2026 Reg M-A",
  "players": [
    "Veridis Quo Zurau",
    "Arcosara"
  ],
  "log": "|j|\u2606Veridis Quo Zurau\n|j|\u2606Arcosara\n|t:|1776611606\n|gametype|doubles\n|player|p1|Veridis Quo Zurau|bellelba|1279\n|player|p2|Arcosara|adaman|1194\n|gen|9\n|tier|[Gen 9 Champions] VGC 2026 Reg M-A\n|rated|\n|rule|Species Clause: Limit one of each Pok\u00e9mon\n|rule|Item Clause: Limit 1 of each item\n|clearpoke\n|poke|p1|Gardevoir, L50, F|\n|poke|p1|Cofagrigus, L50, F|\n|poke|p1|Espathra, L50, F|\n|poke|p1|Torkoal, L50, F|\n|poke|p1|Incineroar, L50, F|\n|poke|p1|Milotic, L50, F|\n|poke|p2|Pelipper, L50, F|\n|poke|p2|Archaludon, L50, M|\n|poke|p2|Dragonite, L50, M, shiny|\n|poke|p2|Basculegion, L50, M, shiny|\n|poke|p2|Aegislash, L50, M|\n|poke|p2|Maushold-Four, L50|\n|teampreview|4\n|inactive|Battle timer is ON: inactive players will automatically lose when time's up. (requested by Veridis Quo Zurau)\n|inactive|Arcosara has 60 seconds left.\n|\n|t:|1776611643\n|teamsize|p1|4\n|teamsize|p2|4\n|start\n|switch|p1a: Cofagrigus|Cofagrigus, L50, F|100/100\n|switch|p1b: Torkoal|Torkoal, L50, F|100/100\n|switch|p2a: Maushold|Maushold-Four, L50|100/100\n|switch|p2b: Basculegion|Basculegion, L50, M, shiny|100/100\n|-weather|SunnyDay|[from] ability: Drought|[of] p1b: Torkoal\n|turn|1\n|\n|t:|1776611660\n|switch|p1b: Milotic|Milotic, L50, F|100/100\n|move|p2a: Maushold|Taunt|p1a: Cofagrigus\n|-start|p1a: Cofagrigus|move: Taunt\n|move|p2b: Basculegion|Flip Turn|p1b: Milotic\n|-resisted|p1b: Milotic|1\n|-damage|p1b: Milotic|94/100\n|\n|t:|1776611667\n|switch|p2b: Pelipper|Pelipper, L50, F|100/100|[from] Flip Turn\n|-weather|RainDance|[from] ability: Drizzle|[of] p2b: Pelipper\n|cant|p1a: Cofagrigus|move: Taunt|Trick Room\n|\n|-weather|RainDance|[upkeep]\n|-heal|p1b: Milotic|99/100|[from] item: Leftovers\n|upkeep\n|turn|2\n|\n|t:|1776611678\n|move|p2a: Maushold|Super Fang|p1b: Milotic\n|-damage|p1b: Milotic|50/100\n|move|p2b: Pelipper|U-turn|p1a: Cofagrigus\n|-resisted|p1a: Cofagrigus|1\n|-damage|p1a: Cofagrigus|97/100\n|-activate|p1a: Cofagrigus|ability: Mummy|p2b: Pelipper|[ability] Drizzle\n|\n|t:|1776611682\n|switch|p2b: Dragonite|Dragonite, L50, M, shiny|100/100|[from] U-turn\n|move|p1b: Milotic|Icy Wind|p2a: Maushold|[spread] p2a,p2b\n|-supereffective|p2b: Dragonite|2\n|-damage|p2a: Maushold|88/100\n|-damage|p2b: Dragonite|86/100\n|-unboost|p2a: Maushold|spe|1\n|-unboost|p2b: Dragonite|spe|1\n|move|p1a: Cofagrigus|Body Press|p2a: Maushold\n|-supereffective|p2a: Maushold|1\n|-damage|p2a: Maushold|18/100\n|\n|-weather|RainDance|[upkeep]\n|-heal|p1b: Milotic|56/100|[from] item: Leftovers\n|upkeep\n|turn|3\n|inactive|Arcosara has 30 seconds left.\n|\n|t:|1776611711\n|switch|p1a: Torkoal|Torkoal, L50, F|100/100\n|-weather|SunnyDay|[from] ability: Drought|[of] p1a: Torkoal\n|detailschange|p2b: Dragonite|Dragonite-Mega, L50, M, shiny\n|-mega|p2b: Dragonite|Dragonite|Dragoninite\n|move|p2b: Dragonite|Protect|p2b: Dragonite\n|-singleturn|p2b: Dragonite|Protect\n|move|p2a: Maushold|Super Fang|p1b: Milotic\n|-damage|p1b: Milotic|28/100\n|move|p1b: Milotic|Icy Wind|p2b: Dragonite|[spread] p2a\n|-activate|p2b: Dragonite|move: Protect\n|-damage|p2a: Maushold|6/100\n|-unboost|p2a: Maushold|spe|1\n|\n|-weather|SunnyDay|[upkeep]\n|-heal|p1b: Milotic|34/100|[from] item: Leftovers\n|upkeep\n|turn|4\n|\n|t:|1776611732\n|switch|p2a: Pelipper|Pelipper, L50, F|100/100\n|-weather|RainDance|[from] ability: Drizzle|[of] p2a: Pelipper\n|switch|p1a: Cofagrigus|Cofagrigus, L50, F|97/100\n|move|p1b: Milotic|Icy Wind|p2b: Dragonite|[spread] p2a,p2b\n|-supereffective|p2b: Dragonite|2\n|-damage|p2a: Pelipper|84/100\n|-damage|p2b: Dragonite|52/100\n|-unboost|p2a: Pelipper|spe|1\n|-unboost|p2b: Dragonite|spe|1\n|move|p2b: Dragonite|Weather Ball|p1a: Cofagrigus\n|-damage|p1a: Cofagrigus|50/100\n|-enditem|p1a: Cofagrigus|Sitrus Berry|[eat]\n|-heal|p1a: Cofagrigus|74/100|[from] item: Sitrus Berry\n|\n|-weather|RainDance|[upkeep]\n|-heal|p1b: Milotic|40/100|[from] item: Leftovers\n|upkeep\n|turn|5\n|inactive|Arcosara has 30 seconds left.\n|\n|t:|1776611763\n|move|p1b: Milotic|Recover|p1b: Milotic\n|-heal|p1b: Milotic|90/100\n|move|p2a: Pelipper|Hurricane|p1a: Cofagrigus\n|-damage|p1a: Cofagrigus|37/100\n|move|p2b: Dragonite|Draco Meteor|p1a: Cofagrigus\n|-damage|p1a: Cofagrigus|0 fnt\n|-unboost|p2b: Dragonite|spa|2\n|faint|p1a: Cofagrigus\n|\n|-weather|RainDance|[upkeep]\n|-heal|p1b: Milotic|96/100|[from] item: Leftovers\n|upkeep\n|\n|t:|1776611772\n|switch|p1a: Torkoal|Torkoal, L50, F|100/100\n|-weather|SunnyDay|[from] ability: Drought|[of] p1a: Torkoal\n|turn|6\n|\n|t:|1776611778\n|switch|p2a: Maushold|Maushold-Four, L50|6/100\n|switch|p1a: Gardevoir|Gardevoir, L50, F|100/100\n|-ability|p1a: Gardevoir|Friend Guard|Trace|[from] ability: Trace|[of] p2a: Maushold\n|move|p2b: Dragonite|Protect|p2b: Dragonite\n|-singleturn|p2b: Dragonite|Protect\n|move|p1b: Milotic|Icy Wind|p2a: Maushold|[spread] p2a\n|-activate|p2b: Dragonite|move: Protect\n|-damage|p2a: Maushold|0 fnt\n|faint|p2a: Maushold\n|\n|-weather|SunnyDay|[upkeep]\n|-heal|p1b: Milotic|100/100|[from] item: Leftovers\n|upkeep\n|\n|t:|1776611785\n|switch|p2a: Basculegion|Basculegion, L50, M, shiny|100/100\n|turn|7\n|\n|t:|1776611800\n|detailschange|p1a: Gardevoir|Gardevoir-Mega, L50, F\n|-mega|p1a: Gardevoir|Gardevoir|Gardevoirite\n|move|p1a: Gardevoir|Protect|p1a: Gardevoir\n|-singleturn|p1a: Gardevoir|Protect\n|move|p2a: Basculegion|Last Respects|p1a: Gardevoir\n|-activate|p1a: Gardevoir|move: Protect\n|move|p1b: Milotic|Icy Wind|p2b: Dragonite|[spread] p2a,p2b\n|-resisted|p2a: Basculegion|1\n|-crit|p2a: Basculegion\n|-supereffective|p2b: Dragonite|2\n|-damage|p2a: Basculegion|92/100\n|-damage|p2b: Dragonite|17/100\n|-unboost|p2a: Basculegion|spe|1\n|-unboost|p2b: Dragonite|spe|1\n|move|p2b: Dragonite|Weather Ball|p1a: Gardevoir\n|-activate|p1a: Gardevoir|move: Protect\n|\n|-weather|SunnyDay|[upkeep]\n|upkeep\n|turn|8\n|\n|t:|1776611815\n|switch|p1a: Torkoal|Torkoal, L50, F|100/100\n|move|p2b: Dragonite|Protect|p2b: Dragonite\n|-singleturn|p2b: Dragonite|Protect\n|move|p1b: Milotic|Icy Wind|p2a: Basculegion|[spread] p2a\n|-activate|p2b: Dragonite|move: Protect\n|-resisted|p2a: Basculegion|1\n|-damage|p2a: Basculegion|87/100\n|-unboost|p2a: Basculegion|spe|1\n|move|p2a: Basculegion|Last Respects|p1a: Torkoal\n|-damage|p1a: Torkoal|60/100\n|\n|-weather|SunnyDay|[upkeep]\n|upkeep\n|turn|9\n|\n|t:|1776611837\n|switch|p2b: Pelipper|Pelipper, L50, F|84/100\n|-weather|RainDance|[from] ability: Drizzle|[of] p2b: Pelipper\n|move|p2a: Basculegion|Flip Turn|p1a: Torkoal\n|-supereffective|p1a: Torkoal|1\n|-damage|p1a: Torkoal|0 fnt\n|faint|p1a: Torkoal\n|\n|t:|1776611843\n|switch|p2a: Dragonite|Dragonite-Mega, L50, M, shiny|17/100|[from] Flip Turn\n|move|p1b: Milotic|Icy Wind|p2a: Dragonite|[spread] p2a,p2b\n|-supereffective|p2a: Dragonite|2\n|-damage|p2a: Dragonite|0 fnt\n|-damage|p2b: Pelipper|65/100\n|-unboost|p2b: Pelipper|spe|1\n|faint|p2a: Dragonite\n|\n|-weather|RainDance|[upkeep]\n|upkeep\n|\n|t:|1776611847\n|switch|p2a: Basculegion|Basculegion, L50, M, shiny|87/100\n|switch|p1a: Gardevoir|Gardevoir-Mega, L50, F|100/100\n|turn|10\n|\n|t:|1776611851\n|move|p1a: Gardevoir|Protect|p1a: Gardevoir\n|-singleturn|p1a: Gardevoir|Protect\n|move|p2a: Basculegion|Last Respects|p1b: Milotic\n|-damage|p1b: Milotic|47/100\n|move|p1b: Milotic|Scald|p2a: Basculegion\n|-resisted|p2a: Basculegion|1\n|-damage|p2a: Basculegion|62/100\n|move|p2b: Pelipper|Tailwind|p2b: Pelipper\n|-sidestart|p2: Arcosara|move: Tailwind\n|\n|-weather|RainDance|[upkeep]\n|-heal|p1b: Milotic|53/100|[from] item: Leftovers\n|upkeep\n|turn|11\n|\n|t:|1776611864\n|move|p2a: Basculegion|Last Respects|p1a: Gardevoir\n|-supereffective|p1a: Gardevoir|1\n|-damage|p1a: Gardevoir|0 fnt\n|faint|p1a: Gardevoir\n|move|p2b: Pelipper|Hurricane|p1b: Milotic\n|-damage|p1b: Milotic|17/100\n|move|p1b: Milotic|Scald|p2a: Basculegion\n|-resisted|p2a: Basculegion|1\n|-damage|p2a: Basculegion|38/100\n|\n|-weather|RainDance|[upkeep]\n|-heal|p1b: Milotic|23/100|[from] item: Leftovers\n|upkeep\n|turn|12\n|-message|Veridis Quo Zurau forfeited.\n|\n|win|Arcosara\n|raw|Veridis Quo Zurau's rating: 1279 &rarr; <strong>1248</strong><br />(-31 for losing)\n|raw|Arcosara's rating: 1194 &rarr; <strong>1225</strong><br />(+31 for winning)\n|l|\u2606Veridis Quo Zurau\n|player|p1|\n",
  "uploadtime": 1776611881,
  "views": 16,
  "formatid": "gen9championsvgc2026regma",
  "rating": 1225,
  "private": 0,
  "password": null
}