{
  "id": "gen9championsvgc2026regma-2582548181",
  "format": "[Gen 9 Champions] VGC 2026 Reg M-A",
  "players": [
    "Ksd-004",
    "1#MiraidonHater"
  ],
  "log": "|j|\u2606Ksd-004\n|j|\u26061#MiraidonHater\n|t:|1776098654\n|gametype|doubles\n|player|p1|Ksd-004|1|1136\n|player|p2|1#MiraidonHater|170|1211\n|gen|9\n|tier|[Gen 9 Champions] VGC 2026 Reg M-A\n|rated|\n|rule|Species Clause: Limit one of each Pok\u00e9mon\n|rule|Item Clause: Limit 1 of each item\n|clearpoke\n|poke|p1|Incineroar, L50, M|\n|poke|p1|Archaludon, L50, F|\n|poke|p1|Pelipper, L50, F|\n|poke|p1|Basculegion, L50, M|\n|poke|p1|Sneasler, L50, M|\n|poke|p1|Meganium, L50, F|\n|poke|p2|Kommo-o, L50, M|\n|poke|p2|Incineroar, L50, F|\n|poke|p2|Glimmora, L50, M|\n|poke|p2|Sinistcha, L50|\n|poke|p2|Talonflame, L50, M|\n|poke|p2|Palafin, L50, M|\n|teampreview|4\n|inactive|Battle timer is ON: inactive players will automatically lose when time's up. (requested by Ksd-004)\n|\n|t:|1776098690\n|teamsize|p1|4\n|teamsize|p2|4\n|start\n|switch|p1a: Archaludon|Archaludon, L50, F|100/100\n|switch|p1b: Basculegion|Basculegion, L50, M|100/100\n|switch|p2a: Kommo-o|Kommo-o, L50, M|100/100\n|switch|p2b: Sinistcha|Sinistcha, L50|100/100\n|turn|1\n|\n|t:|1776098708\n|move|p2b: Sinistcha|Rage Powder|p2b: Sinistcha\n|-singleturn|p2b: Sinistcha|move: Rage Powder\n|move|p1b: Basculegion|Flip Turn|p2b: Sinistcha\n|-resisted|p2b: Sinistcha|1\n|-damage|p2b: Sinistcha|84/100\n|\n|t:|1776098713\n|switch|p1b: Pelipper|Pelipper, L50, F|100/100|[from] Flip Turn\n|-weather|RainDance|[from] ability: Drizzle|[of] p1b: Pelipper\n|move|p2a: Kommo-o|Clangorous Soul|p2a: Kommo-o\n|-boost|p2a: Kommo-o|atk|1\n|-boost|p2a: Kommo-o|def|1\n|-boost|p2a: Kommo-o|spa|1\n|-boost|p2a: Kommo-o|spd|1\n|-boost|p2a: Kommo-o|spe|1\n|-damage|p2a: Kommo-o|68/100\n|move|p1a: Archaludon|Electro Shot||[still]\n|-prepare|p1a: Archaludon|Electro Shot\n|-boost|p1a: Archaludon|spa|1\n|-anim|p1a: Archaludon|Electro Shot|p2b: Sinistcha\n|-resisted|p2b: Sinistcha|1\n|-damage|p2b: Sinistcha|54/100\n|\n|-weather|RainDance|[upkeep]\n|-heal|p2a: Kommo-o|74/100|[from] item: Leftovers\n|upkeep\n|turn|2\n|inactive|Ksd-004 has 30 seconds left.\n|\n|t:|1776098741\n|move|p1a: Archaludon|Protect|p1a: Archaludon\n|-singleturn|p1a: Archaludon|Protect\n|move|p2b: Sinistcha|Rage Powder|p2b: Sinistcha\n|-singleturn|p2b: Sinistcha|move: Rage Powder\n|move|p2a: Kommo-o|Aura Sphere|p1a: Archaludon\n|-activate|p1a: Archaludon|move: Protect\n|move|p1b: Pelipper|Hurricane|p2b: Sinistcha\n|-supereffective|p2b: Sinistcha|1\n|-damage|p2b: Sinistcha|0 fnt\n|faint|p2b: Sinistcha\n|\n|-weather|RainDance|[upkeep]\n|-heal|p2a: Kommo-o|80/100|[from] item: Leftovers\n|upkeep\n|\n|t:|1776098748\n|switch|p2b: Incineroar|Incineroar, L50, F|100/100\n|-ability|p2b: Incineroar|Intimidate|boost\n|-unboost|p1a: Archaludon|atk|1\n|-unboost|p1b: Pelipper|atk|1\n|turn|3\n|\n|t:|1776098762\n|switch|p1a: Basculegion|Basculegion, L50, M|100/100\n|move|p2b: Incineroar|Fake Out|p1b: Pelipper\n|-damage|p1b: Pelipper|86/100\n|move|p2a: Kommo-o|Clanging Scales|p1b: Pelipper|[spread] p1a,p1b\n|-damage|p1a: Basculegion|41/100\n|-damage|p1b: Pelipper|0 fnt\n|faint|p1b: Pelipper\n|-unboost|p2a: Kommo-o|def|1\n|\n|-weather|RainDance|[upkeep]\n|-heal|p2a: Kommo-o|86/100|[from] item: Leftovers\n|upkeep\n|\n|t:|1776098771\n|switch|p1b: Meganium|Meganium, L50, F|100/100\n|turn|4\n|\n|t:|1776098787\n|detailschange|p1b: Meganium|Meganium-Mega, L50, F\n|-mega|p1b: Meganium|Meganium|Meganiumite\n|move|p2a: Kommo-o|Protect|p2a: Kommo-o\n|-singleturn|p2a: Kommo-o|Protect\n|move|p1a: Basculegion|Flip Turn|p2b: Incineroar\n|-supereffective|p2b: Incineroar|1\n|-damage|p2b: Incineroar|16/100\n|\n|t:|1776098794\n|switch|p1a: Archaludon|Archaludon, L50, F|100/100|[from] Flip Turn\n|move|p1b: Meganium|Dazzling Gleam|p2b: Incineroar|[spread] p2b\n|-activate|p2a: Kommo-o|move: Protect\n|-damage|p2b: Incineroar|0 fnt\n|faint|p2b: Incineroar\n|\n|-weather|RainDance|[upkeep]\n|-heal|p2a: Kommo-o|93/100|[from] item: Leftovers\n|upkeep\n|\n|t:|1776098800\n|switch|p2b: Glimmora|Glimmora, L50, M|100/100\n|turn|5\n|\n|t:|1776098815\n|detailschange|p2b: Glimmora|Glimmora-Mega, L50, M\n|-mega|p2b: Glimmora|Glimmora|Glimmoranite\n|move|p2a: Kommo-o|Aura Sphere|p1a: Archaludon\n|-supereffective|p1a: Archaludon|1\n|-damage|p1a: Archaludon|0 fnt\n|faint|p1a: Archaludon\n|move|p2b: Glimmora|Sludge Bomb|p1b: Meganium\n|-supereffective|p1b: Meganium|2\n|-damage|p1b: Meganium|0 fnt\n|faint|p1b: Meganium\n|\n|-weather|none\n|-heal|p2a: Kommo-o|99/100|[from] item: Leftovers\n|upkeep\n|\n|t:|1776098824\n|switch|p1b: Basculegion|Basculegion, L50, M|41/100\n|turn|6\n|\n|t:|1776098830\n|move|p1b: Basculegion|Last Respects|p2b: Glimmora\n|-damage|p2b: Glimmora|0 fnt\n|faint|p2b: Glimmora\n|move|p2a: Kommo-o|Clanging Scales|p1b: Basculegion\n|-damage|p1b: Basculegion|0 fnt\n|faint|p1b: Basculegion\n|\n|win|1#MiraidonHater\n|raw|Ksd-004's rating: 1136 &rarr; <strong>1116</strong><br />(-20 for losing)\n|raw|1#MiraidonHater's rating: 1211 &rarr; <strong>1231</strong><br />(+20 for winning)\n|l|\u2606Ksd-004\n|player|p1|\n|j|\u2606Ksd-004\n|player|p1|Ksd-004|1|\n|l|\u2606Ksd-004\n|player|p1|\n|j| porygon-epilepz\n|l| porygon-epilepz\n|j| porygon-epilepz\n|l| porygon-epilepz\n|j| porygon-epilepz\n|l| porygon-epilepz\n|j| porygon-epilepz\n|l| porygon-epilepz\n|j| porygon-epilepz\n|l| porygon-epilepz\n",
  "uploadtime": 1776098656,
  "views": 55,
  "formatid": "gen9championsvgc2026regma",
  "rating": 1116,
  "private": 0,
  "password": null
}