{
  "id": "gen9championsvgc2026regma-2585632314",
  "format": "[Gen 9 Champions] VGC 2026 Reg M-A",
  "players": [
    "Radagui95",
    "elhandu"
  ],
  "log": "|j|\u2606Radagui95\n|j|\u2606elhandu\n|t:|1776360127\n|gametype|doubles\n|player|p1|Radagui95|265|1107\n|player|p2|elhandu|101|1180\n|gen|9\n|tier|[Gen 9 Champions] VGC 2026 Reg M-A\n|rated|\n|rule|Species Clause: Limit one of each Pok\u00e9mon\n|rule|Item Clause: Limit 1 of each item\n|clearpoke\n|poke|p1|Trevenant, L50, M|\n|poke|p1|Aerodactyl, L50, M|\n|poke|p1|Charizard, L50, F|\n|poke|p1|Sneasler, L50, M|\n|poke|p1|Gengar, L50, M|\n|poke|p1|Archaludon, L50, M|\n|poke|p2|Garchomp, L50, F|\n|poke|p2|Sinistcha, L50|\n|poke|p2|Corviknight, L50, M|\n|poke|p2|Kingambit, L50, M|\n|poke|p2|Incineroar, L50, F|\n|poke|p2|Rotom-Wash, L50|\n|teampreview|4\n|\n|t:|1776360163\n|teamsize|p1|4\n|teamsize|p2|4\n|start\n|switch|p1a: Trevenant|Trevenant, L50, M, shiny|100/100\n|switch|p1b: Gengar|Gengar, L50, M|100/100\n|switch|p2a: Rotom|Rotom-Wash, L50|100/100\n|switch|p2b: Garchomp|Garchomp, L50, F, shiny|100/100\n|turn|1\n|\n|t:|1776360185\n|detailschange|p2b: Garchomp|Garchomp-Mega, L50, F, shiny\n|-mega|p2b: Garchomp|Garchomp|Garchompite\n|move|p2a: Rotom|Protect|p2a: Rotom\n|-singleturn|p2a: Rotom|Protect\n|move|p1b: Gengar|Dazzling Gleam|p2a: Rotom|[spread] p2b\n|-activate|p2a: Rotom|move: Protect\n|-supereffective|p2b: Garchomp|1\n|-damage|p2b: Garchomp|55/100\n|move|p2b: Garchomp|Earthquake|p1a: Trevenant|[spread] p1a,p1b\n|-activate|p2a: Rotom|move: Protect\n|-resisted|p1a: Trevenant|1\n|-supereffective|p1b: Gengar|1\n|-damage|p1a: Trevenant|72/100\n|-damage|p1b: Gengar|0 fnt\n|faint|p1b: Gengar\n|move|p1a: Trevenant|Will-O-Wisp|p2b: Garchomp|[miss]\n|-miss|p1a: Trevenant|p2b: Garchomp\n|\n|upkeep\n|\n|t:|1776360202\n|switch|p1b: Aerodactyl|Aerodactyl, L50, M|100/100\n|turn|2\n|\n|t:|1776360209\n|move|p2b: Garchomp|Protect|p2b: Garchomp\n|-singleturn|p2b: Garchomp|Protect\n|move|p1b: Aerodactyl|Tailwind|p1b: Aerodactyl\n|-sidestart|p1: Radagui95|move: Tailwind\n|move|p1a: Trevenant|Will-O-Wisp|p2b: Garchomp\n|-activate|p2b: Garchomp|move: Protect\n|move|p2a: Rotom|Nasty Plot|p2a: Rotom\n|-boost|p2a: Rotom|spa|2\n|\n|upkeep\n|turn|3\n|\n|t:|1776360228\n|switch|p2b: Corviknight|Corviknight, L50, M|100/100\n|-ability|p2b: Corviknight|Unnerve\n|move|p1b: Aerodactyl|Rock Slide|p2b: Corviknight|[spread] p2b\n|-miss|p1b: Aerodactyl|p2a: Rotom\n|-damage|p2b: Corviknight|86/100\n|move|p1a: Trevenant|Will-O-Wisp|p2b: Corviknight\n|-status|p2b: Corviknight|brn\n|move|p2a: Rotom|Thunderbolt|p1b: Aerodactyl\n|-supereffective|p1b: Aerodactyl|1\n|-enditem|p1b: Aerodactyl|Focus Sash\n|-damage|p1b: Aerodactyl|1/100\n|\n|-heal|p2b: Corviknight|92/100 brn|[from] item: Leftovers\n|-damage|p2b: Corviknight|86/100 brn|[from] brn\n|upkeep\n|turn|4\n|\n|t:|1776360251\n|move|p1b: Aerodactyl|Rock Slide|p2a: Rotom|[spread] p2a,p2b\n|-damage|p2a: Rotom|70/100\n|-damage|p2b: Corviknight|71/100 brn\n|move|p1a: Trevenant|Horn Leech|p2a: Rotom\n|-supereffective|p2a: Rotom|1\n|-damage|p2a: Rotom|0 fnt\n|-heal|p1a: Trevenant|99/100|[from] drain|[of] p2a: Rotom\n|faint|p2a: Rotom\n|move|p2b: Corviknight|Brave Bird|p1a: Trevenant\n|-supereffective|p1a: Trevenant|1\n|-damage|p1a: Trevenant|61/100\n|-damage|p2b: Corviknight|61/100 brn|[from] Recoil\n|\n|-heal|p2b: Corviknight|67/100 brn|[from] item: Leftovers\n|-damage|p2b: Corviknight|61/100 brn|[from] brn\n|upkeep\n|\n|t:|1776360268\n|switch|p2a: Sinistcha|Sinistcha, L50|100/100\n|-heal|p2b: Corviknight|86/100 brn|[from] ability: Hospitality|[of] p2a: Sinistcha\n|turn|5\n|\n|t:|1776360289\n|move|p1b: Aerodactyl|Protect|p1b: Aerodactyl\n|-singleturn|p1b: Aerodactyl|Protect\n|move|p1a: Trevenant|Protect|p1a: Trevenant\n|-singleturn|p1a: Trevenant|Protect\n|move|p2a: Sinistcha|Protect|p2a: Sinistcha\n|-singleturn|p2a: Sinistcha|Protect\n|move|p2b: Corviknight|Tailwind|p2b: Corviknight\n|-sidestart|p2: elhandu|move: Tailwind\n|\n|-heal|p2b: Corviknight|92/100 brn|[from] item: Leftovers\n|-damage|p2b: Corviknight|86/100 brn|[from] brn\n|-sideend|p1: Radagui95|move: Tailwind\n|upkeep\n|turn|6\n|\n|t:|1776360305\n|switch|p1a: Charizard|Charizard, L50, F, shiny|100/100\n|move|p2a: Sinistcha|Matcha Gotcha|p1b: Aerodactyl|[spread] p1a,p1b\n|-resisted|p1a: Charizard|2\n|-damage|p1a: Charizard|92/100\n|-damage|p1b: Aerodactyl|0 fnt\n|faint|p1b: Aerodactyl\n|move|p2b: Corviknight|Iron Defense|p2b: Corviknight\n|-boost|p2b: Corviknight|def|2\n|\n|-heal|p2b: Corviknight|92/100 brn|[from] item: Leftovers\n|-damage|p2b: Corviknight|86/100 brn|[from] brn\n|upkeep\n|\n|t:|1776360311\n|switch|p1b: Trevenant|Trevenant, L50, M, shiny|61/100\n|turn|7\n|inactive|Battle timer is ON: inactive players will automatically lose when time's up. (requested by Radagui95)\n|\n|t:|1776360341\n|switch|p2b: Garchomp|Garchomp-Mega, L50, F, shiny|55/100\n|detailschange|p1a: Charizard|Charizard-Mega-Y, L50, F, shiny\n|-mega|p1a: Charizard|Charizard|Charizardite Y\n|-weather|SunnyDay|[from] ability: Drought|[of] p1a: Charizard\n|move|p2a: Sinistcha|Protect|p2a: Sinistcha\n|-singleturn|p2a: Sinistcha|Protect\n|move|p1b: Trevenant|Protect|p1b: Trevenant\n|-singleturn|p1b: Trevenant|Protect\n|move|p1a: Charizard|Heat Wave|p2b: Garchomp|[spread] p2b\n|-activate|p2a: Sinistcha|move: Protect\n|-resisted|p2b: Garchomp|1\n|-damage|p2b: Garchomp|17/100\n|\n|-weather|SunnyDay|[upkeep]\n|upkeep\n|turn|8\n|inactive|elhandu has 30 seconds left.\n|\n|t:|1776360371\n|move|p1a: Charizard|Protect|p1a: Charizard\n|-singleturn|p1a: Charizard|Protect\n|move|p2b: Garchomp|Rock Slide|p1a: Charizard|[spread] p1b\n|-activate|p1a: Charizard|move: Protect\n|-damage|p1b: Trevenant|32/100\n|-enditem|p1b: Trevenant|Sitrus Berry|[eat]\n|-heal|p1b: Trevenant|57/100|[from] item: Sitrus Berry\n|move|p2a: Sinistcha|Matcha Gotcha|p1b: Trevenant|[spread] p1b\n|-activate|p1a: Charizard|move: Protect\n|-resisted|p1b: Trevenant|1\n|-damage|p1b: Trevenant|45/100\n|move|p1b: Trevenant|Horn Leech|p2b: Garchomp\n|-damage|p2b: Garchomp|0 fnt\n|-heal|p1b: Trevenant|54/100|[from] drain|[of] p2b: Garchomp\n|faint|p2b: Garchomp\n|\n|-weather|SunnyDay|[upkeep]\n|-sideend|p2: elhandu|move: Tailwind\n|-item|p1b: Trevenant|Sitrus Berry|[from] ability: Harvest\n|upkeep\n|\n|t:|1776360390\n|switch|p2b: Corviknight|Corviknight, L50, M|86/100 brn\n|-ability|p2b: Corviknight|Unnerve\n|turn|9\n|\n|t:|1776360410\n|move|p2a: Sinistcha|Protect|p2a: Sinistcha\n|-singleturn|p2a: Sinistcha|Protect\n|move|p1a: Charizard|Heat Wave|p2b: Corviknight|[spread] \n|-activate|p2a: Sinistcha|move: Protect\n|-miss|p1a: Charizard|p2b: Corviknight\n|move|p2b: Corviknight|Tailwind|p2b: Corviknight\n|-sidestart|p2: elhandu|move: Tailwind\n|move|p1b: Trevenant|Leech Seed|p2b: Corviknight\n|-start|p2b: Corviknight|move: Leech Seed\n|\n|-weather|SunnyDay|[upkeep]\n|-heal|p2b: Corviknight|92/100 brn|[from] item: Leftovers\n|-damage|p2b: Corviknight|80/100 brn|[from] Leech Seed|[of] p1b: Trevenant\n|-heal|p1b: Trevenant|70/100|[silent]\n|-damage|p2b: Corviknight|74/100 brn|[from] brn\n|upkeep\n|turn|10\n|\n|t:|1776360433\n|move|p1b: Trevenant|Protect|p1b: Trevenant\n|-singleturn|p1b: Trevenant|Protect\n|move|p2a: Sinistcha|Matcha Gotcha|p1b: Trevenant|[spread] \n|-activate|p1b: Trevenant|move: Protect\n|-miss|p2a: Sinistcha|p1a: Charizard\n|move|p2b: Corviknight|Brave Bird|p1b: Trevenant\n|-activate|p1b: Trevenant|move: Protect\n|move|p1a: Charizard|Heat Wave|p2b: Corviknight|[spread] p2a,p2b\n|-supereffective|p2a: Sinistcha|1\n|-supereffective|p2b: Corviknight|1\n|-damage|p2a: Sinistcha|0 fnt\n|-damage|p2b: Corviknight|0 fnt\n|faint|p2a: Sinistcha\n|faint|p2b: Corviknight\n|\n|win|Radagui95\n|raw|Radagui95's rating: 1107 &rarr; <strong>1137</strong><br />(+30 for winning)\n|raw|elhandu's rating: 1180 &rarr; <strong>1150</strong><br />(-30 for losing)\n|l|\u2606elhandu\n|player|p2|\n",
  "uploadtime": 1776360467,
  "views": 17,
  "formatid": "gen9championsvgc2026regma",
  "rating": 1137,
  "private": 0,
  "password": null
}