{
  "id": "gen9championsvgc2026regma-2589541161",
  "format": "[Gen 9 Champions] VGC 2026 Reg M-A",
  "players": [
    "benjitulio",
    "moggit"
  ],
  "log": "|j|\u2606benjitulio\n|j|\u2606moggit\n|t:|1776732404\n|gametype|doubles\n|player|p1|benjitulio|wattson|1090\n|player|p2|moggit|swimmer-gen4|1049\n|gen|9\n|tier|[Gen 9 Champions] VGC 2026 Reg M-A\n|rated|\n|rule|Species Clause: Limit one of each Pok\u00e9mon\n|rule|Item Clause: Limit 1 of each item\n|clearpoke\n|poke|p1|Dragonite, L50, M|\n|poke|p1|Incineroar, L50, F|\n|poke|p1|Gyarados, L50, M|\n|poke|p1|Maushold-Four, L50|\n|poke|p1|Milotic, L50, F|\n|poke|p1|Whimsicott, L50, M|\n|poke|p2|Excadrill, L50, M|\n|poke|p2|Tyranitar, L50, M|\n|poke|p2|Milotic, L50, F, shiny|\n|poke|p2|Incineroar, L50, F|\n|poke|p2|Whimsicott, L50, F|\n|poke|p2|Sinistcha, L50|\n|teampreview|4\n|\n|t:|1776732439\n|teamsize|p1|4\n|teamsize|p2|4\n|start\n|switch|p1a: Milotic|Milotic, L50, F|100/100\n|switch|p1b: Maushold|Maushold-Four, L50|100/100\n|switch|p2a: Milotic|Milotic, L50, F, shiny|100/100\n|switch|p2b: Excadrill|Excadrill, L50, M|100/100\n|turn|1\n|\n|t:|1776732461\n|move|p2b: Excadrill|Protect|p2b: Excadrill\n|-singleturn|p2b: Excadrill|Protect\n|move|p1b: Maushold|Population Bomb|p2a: Milotic\n|-damage|p2a: Milotic|92/100\n|-damage|p2a: Milotic|83/100\n|-damage|p2a: Milotic|76/100\n|-damage|p2a: Milotic|68/100\n|-hitcount|p2a: Milotic|4\n|move|p1a: Milotic|Scald|p2b: Excadrill\n|-activate|p2b: Excadrill|move: Protect\n|move|p2a: Milotic|Muddy Water|p1b: Maushold|[spread] p1a,p1b\n|-resisted|p1a: Milotic|1\n|-damage|p1a: Milotic|91/100\n|-damage|p1b: Maushold|51/100\n|-unboost|p1a: Milotic|accuracy|1\n|-ability|p1a: Milotic|Competitive|boost\n|-boost|p1a: Milotic|spa|2\n|-unboost|p1b: Maushold|accuracy|1\n|\n|-heal|p1a: Milotic|97/100|[from] item: Leftovers\n|-heal|p2a: Milotic|74/100|[from] item: Leftovers\n|upkeep\n|turn|2\n|\n|t:|1776732494\n|switch|p2a: Tyranitar|Tyranitar, L50, M|100/100\n|-weather|Sandstorm|[from] ability: Sand Stream|[of] p2a: Tyranitar\n|move|p2b: Excadrill|Iron Head|p1b: Maushold\n|-damage|p1b: Maushold|0 fnt\n|faint|p1b: Maushold\n|move|p1a: Milotic|Scald|p2b: Excadrill\n|-supereffective|p2b: Excadrill|1\n|-damage|p2b: Excadrill|0 fnt\n|faint|p2b: Excadrill\n|\n|-weather|Sandstorm|[upkeep]\n|-damage|p1a: Milotic|91/100|[from] Sandstorm\n|-heal|p1a: Milotic|97/100|[from] item: Leftovers\n|upkeep\n|\n|t:|1776732510\n|switch|p1b: Whimsicott|Whimsicott, L50, M|100/100\n|switch|p2b: Milotic|Milotic, L50, F, shiny|74/100\n|turn|3\n|\n|t:|1776732520\n|move|p1b: Whimsicott|Light Screen|p1b: Whimsicott\n|-sidestart|p1: benjitulio|move: Light Screen\n|move|p2a: Tyranitar|Rock Slide|p1b: Whimsicott|[spread] p1a,p1b\n|-damage|p1a: Milotic|61/100\n|-damage|p1b: Whimsicott|48/100\n|move|p1a: Milotic|Scald|p2a: Tyranitar\n|-supereffective|p2a: Tyranitar|1\n|-damage|p2a: Tyranitar|0 fnt\n|faint|p2a: Tyranitar\n|move|p2b: Milotic|Haze|p2b: Milotic\n|-clearallboost\n|\n|-weather|Sandstorm|[upkeep]\n|-damage|p1b: Whimsicott|42/100|[from] Sandstorm\n|-damage|p1a: Milotic|55/100|[from] Sandstorm\n|-damage|p2b: Milotic|68/100|[from] Sandstorm\n|-heal|p1a: Milotic|61/100|[from] item: Leftovers\n|-heal|p2b: Milotic|74/100|[from] item: Leftovers\n|upkeep\n|\n|t:|1776732534\n|switch|p2a: Incineroar|Incineroar, L50, F|100/100\n|-ability|p2a: Incineroar|Intimidate|boost\n|-unboost|p1a: Milotic|atk|1\n|-ability|p1a: Milotic|Competitive|boost\n|-boost|p1a: Milotic|spa|2\n|-unboost|p1b: Whimsicott|atk|1\n|turn|4\n|\n|t:|1776732545\n|move|p2a: Incineroar|Fake Out|p1a: Milotic\n|-damage|p1a: Milotic|49/100\n|move|p1b: Whimsicott|Tailwind|p1b: Whimsicott\n|-sidestart|p1: benjitulio|move: Tailwind\n|cant|p1a: Milotic|flinch\n|move|p2b: Milotic|Muddy Water|p1b: Whimsicott|[spread] p1a,p1b\n|-resisted|p1a: Milotic|1\n|-resisted|p1b: Whimsicott|1\n|-damage|p1a: Milotic|41/100\n|-damage|p1b: Whimsicott|23/100\n|\n|-weather|Sandstorm|[upkeep]\n|-damage|p1b: Whimsicott|17/100|[from] Sandstorm\n|-damage|p1a: Milotic|34/100|[from] Sandstorm\n|-damage|p2b: Milotic|68/100|[from] Sandstorm\n|-damage|p2a: Incineroar|94/100|[from] Sandstorm\n|-heal|p1a: Milotic|41/100|[from] item: Leftovers\n|-heal|p2b: Milotic|74/100|[from] item: Leftovers\n|upkeep\n|turn|5\n|\n|t:|1776732570\n|move|p1b: Whimsicott|Moonblast|p2a: Incineroar\n|-damage|p2a: Incineroar|61/100\n|move|p1a: Milotic|Scald|p2a: Incineroar\n|-supereffective|p2a: Incineroar|1\n|-damage|p2a: Incineroar|0 fnt\n|faint|p2a: Incineroar\n|move|p2b: Milotic|Muddy Water|p1b: Whimsicott|[spread] p1b\n|-miss|p2b: Milotic|p1a: Milotic\n|-resisted|p1b: Whimsicott|1\n|-damage|p1b: Whimsicott|0 fnt\n|faint|p1b: Whimsicott\n|\n|-weather|Sandstorm|[upkeep]\n|-damage|p1a: Milotic|34/100|[from] Sandstorm\n|-damage|p2b: Milotic|68/100|[from] Sandstorm\n|-heal|p1a: Milotic|41/100|[from] item: Leftovers\n|-heal|p2b: Milotic|74/100|[from] item: Leftovers\n|upkeep\n|\n|t:|1776732574\n|switch|p1b: Dragonite|Dragonite, L50, M|100/100\n|turn|6\n|\n|t:|1776732588\n|detailschange|p1b: Dragonite|Dragonite-Mega, L50, M\n|-mega|p1b: Dragonite|Dragonite|Dragoninite\n|move|p1b: Dragonite|Dragon Pulse|p2b: Milotic\n|-damage|p2b: Milotic|31/100\n|move|p1a: Milotic|Scald|p2b: Milotic\n|-resisted|p2b: Milotic|1\n|-damage|p2b: Milotic|0 fnt\n|faint|p2b: Milotic\n|\n|win|benjitulio\n|raw|benjitulio's rating: 1090 &rarr; <strong>1113</strong><br />(+23 for winning)\n|raw|moggit's rating: 1049 &rarr; <strong>1034</strong><br />(-15 for losing)\n",
  "uploadtime": 1776732588,
  "views": 3,
  "formatid": "gen9championsvgc2026regma",
  "rating": 1034,
  "private": 0,
  "password": null
}