{
  "id": "gen9championsvgc2026regma-2583734188",
  "format": "[Gen 9 Champions] VGC 2026 Reg M-A",
  "players": [
    "Gaby Glytxii",
    "BigRoflet"
  ],
  "log": "|j|\u2606Gaby Glytxii\n|j|\u203dBigRoflet\n|t:|1776194056\n|gametype|doubles\n|player|p1|Gaby Glytxii|169|1005\n|player|p2|BigRoflet|harlequin|1032\n|gen|9\n|tier|[Gen 9 Champions] VGC 2026 Reg M-A\n|rated|\n|rule|Species Clause: Limit one of each Pok\u00e9mon\n|rule|Item Clause: Limit 1 of each item\n|clearpoke\n|poke|p1|Gallade, L50, M|\n|poke|p1|Volcarona, L50, F|\n|poke|p1|Zoroark-Hisui, L50, F|\n|poke|p1|Altaria, L50, F|\n|poke|p2|Decidueye-Hisui, L50, M|\n|poke|p2|Incineroar, L50, F|\n|poke|p2|Ditto, L50|\n|poke|p2|Farigiraf, L50, M|\n|poke|p2|Aerodactyl, L50, F|\n|poke|p2|Ampharos, L50, F|\n|teampreview|4\n|\n|t:|1776194087\n|teamsize|p1|4\n|teamsize|p2|4\n|start\n|switch|p1a: Gallade|Gallade, L50, M|100/100\n|switch|p1b: Altaria|Altaria, L50, F|100/100\n|switch|p2a: Farigiraf|Farigiraf, L50, M|100/100\n|switch|p2b: Decidueye|Decidueye-Hisui, L50, M|100/100\n|-ability|p1b: Altaria|Cloud Nine\n|turn|1\n|\n|t:|1776194102\n|move|p1a: Gallade|Nasty Plot|p1a: Gallade\n|-boost|p1a: Gallade|spa|2\n|move|p2b: Decidueye|U-turn|p1a: Gallade\n|-resisted|p1a: Gallade|1\n|-damage|p1a: Gallade|79/100\n|replace|p1a: Zoroark|Zoroark-Hisui, L50, F\n|-end|p1a: Zoroark|Illusion\n|\n|t:|1776194111\n|switch|p2b: Ampharos|Ampharos, L50, F|100/100|[from] U-turn\n|move|p1b: Altaria|Roar|p2a: Farigiraf\n|drag|p2a: Ditto|Ditto, L50|100/100\n|-transform|p2a: Ditto|p1b: Altaria|[from] ability: Imposter\n|\n|upkeep\n|turn|2\n|\n|t:|1776194139\n|detailschange|p2b: Ampharos|Ampharos-Mega, L50, F\n|-mega|p2b: Ampharos|Ampharos|Ampharosite\n|-ability|p2b: Ampharos|Mold Breaker\n|move|p1a: Zoroark|Shadow Ball|p2a: Ditto\n|-damage|p2a: Ditto|0 fnt\n|faint|p2a: Ditto\n|move|p1b: Altaria|Will-O-Wisp|p2b: Ampharos\n|-status|p2b: Ampharos|brn\n|move|p2b: Ampharos|Volt Switch|p1a: Zoroark\n|-damage|p1a: Zoroark|0 fnt\n|faint|p1a: Zoroark\n|\n|t:|1776194155\n|switch|p2b: Farigiraf|Farigiraf, L50, M|100/100|[from] Volt Switch\n|\n|upkeep\n|\n|t:|1776194160\n|switch|p1a: Gallade|Gallade, L50, M|100/100\n|switch|p2a: Ampharos|Ampharos-Mega, L50, F|100/100 brn\n|-ability|p2a: Ampharos|Mold Breaker\n|turn|3\n|\n|t:|1776194169\n|detailschange|p1a: Gallade|Gallade-Mega, L50, M\n|-mega|p1a: Gallade|Gallade|Galladite\n|move|p2a: Ampharos|Protect|p2a: Ampharos\n|-singleturn|p2a: Ampharos|Protect\n|move|p1a: Gallade|Swords Dance|p1a: Gallade\n|-boost|p1a: Gallade|atk|2\n|move|p1b: Altaria|Roar|p2b: Farigiraf\n|drag|p2b: Decidueye|Decidueye-Hisui, L50, M|100/100\n|\n|-damage|p2a: Ampharos|94/100 brn|[from] brn\n|upkeep\n|turn|4\n|\n|t:|1776194191\n|switch|p2a: Farigiraf|Farigiraf, L50, M|100/100\n|move|p2b: Decidueye|Protect|p2b: Decidueye\n|-singleturn|p2b: Decidueye|Protect\n|move|p1a: Gallade|Psycho Cut|p2a: Farigiraf\n|-resisted|p2a: Farigiraf|1\n|-damage|p2a: Farigiraf|69/100\n|move|p1b: Altaria|Will-O-Wisp|p2b: Decidueye\n|-activate|p2b: Decidueye|move: Protect\n|\n|upkeep\n|turn|5\n|\n|t:|1776194205\n|switch|p2b: Ampharos|Ampharos-Mega, L50, F|94/100 brn\n|-ability|p2b: Ampharos|Mold Breaker\n|move|p1a: Gallade|Psycho Cut|p2b: Ampharos\n|-damage|p2b: Ampharos|12/100 brn\n|move|p1b: Altaria|Roar|p2a: Farigiraf\n|drag|p2a: Decidueye|Decidueye-Hisui, L50, M|100/100\n|\n|-damage|p2b: Ampharos|6/100 brn|[from] brn\n|upkeep\n|turn|6\n|\n|t:|1776194225\n|move|p2b: Ampharos|Protect|p2b: Ampharos\n|-singleturn|p2b: Ampharos|Protect\n|move|p1a: Gallade|Rock Slide|p2b: Ampharos|[spread] p2a\n|-activate|p2b: Ampharos|move: Protect\n|-resisted|p2a: Decidueye|1\n|-damage|p2a: Decidueye|80/100\n|move|p1b: Altaria|Flamethrower|p2a: Decidueye\n|-supereffective|p2a: Decidueye|1\n|-damage|p2a: Decidueye|50/100\n|cant|p2a: Decidueye|flinch\n|\n|-damage|p2b: Ampharos|0 fnt|[from] brn\n|faint|p2b: Ampharos\n|upkeep\n|l|\u203dBigRoflet\n|player|p2|\n|j|\u203dBigRoflet\n|player|p2|BigRoflet|harlequin|\n|n|\u203dBigRoflet|bigroflet\n|\n|t:|1776194255\n|switch|p2b: Farigiraf|Farigiraf, L50, M|69/100\n|turn|7\n|\n|t:|1776194268\n|move|p2a: Decidueye|Protect|p2a: Decidueye\n|-singleturn|p2a: Decidueye|Protect\n|move|p1a: Gallade|Rock Slide|p2a: Decidueye|[spread] p2b\n|-activate|p2a: Decidueye|move: Protect\n|-damage|p2b: Farigiraf|36/100\n|-enditem|p2b: Farigiraf|Sitrus Berry|[eat]\n|-heal|p2b: Farigiraf|60/100|[from] item: Sitrus Berry\n|move|p1b: Altaria|Flamethrower|p2b: Farigiraf\n|-damage|p2b: Farigiraf|46/100\n|cant|p2b: Farigiraf|flinch\n|\n|upkeep\n|turn|8\n|\n|t:|1776194288\n|move|p1a: Gallade|Psycho Cut|p2a: Decidueye\n|-supereffective|p2a: Decidueye|1\n|-crit|p2a: Decidueye\n|-damage|p2a: Decidueye|0 fnt\n|faint|p2a: Decidueye\n|move|p1b: Altaria|Will-O-Wisp|p2b: Farigiraf\n|-status|p2b: Farigiraf|brn\n|move|p2b: Farigiraf|Trick Room|p2b: Farigiraf\n|-fieldstart|move: Trick Room|[of] p2b: Farigiraf\n|\n|-damage|p2b: Farigiraf|40/100 brn|[from] brn\n|upkeep\n|turn|9\n|\n|t:|1776194303\n|move|p2b: Farigiraf|Dazzling Gleam|p1a: Gallade|[spread] p1a,p1b\n|-supereffective|p1a: Gallade|1\n|-supereffective|p1b: Altaria|1\n|-damage|p1a: Gallade|70/100\n|-damage|p1b: Altaria|70/100\n|move|p1b: Altaria|Flamethrower|p2b: Farigiraf\n|-damage|p2b: Farigiraf|26/100 brn\n|move|p1a: Gallade|Drain Punch|p2b: Farigiraf\n|-damage|p2b: Farigiraf|0 fnt\n|-heal|p1a: Gallade|89/100|[from] drain|[of] p2b: Farigiraf\n|faint|p2b: Farigiraf\n|\n|win|Gaby Glytxii\n|raw|Gaby Glytxii's rating: 1005 &rarr; <strong>1047</strong><br />(+42 for winning)\n|raw|BigRoflet's rating: 1032 &rarr; <strong>1016</strong><br />(-16 for losing)\n|l|\u203dBigRoflet\n|player|p2|\n",
  "uploadtime": 1776194359,
  "views": 16,
  "formatid": "gen9championsvgc2026regma",
  "rating": 1016,
  "private": 0,
  "password": null
}