{
  "id": "gen9championsvgc2026regma-2585136062",
  "format": "[Gen 9 Champions] VGC 2026 Reg M-A",
  "players": [
    "CaliberChamp",
    "Joeking24"
  ],
  "log": "|j|\u2606CaliberChamp\n|j|\u2606Joeking24\n|t:|1776316107\n|gametype|doubles\n|player|p1|CaliberChamp|red-masters|1082\n|player|p2|Joeking24|266|1137\n|gen|9\n|tier|[Gen 9 Champions] VGC 2026 Reg M-A\n|rated|\n|rule|Species Clause: Limit one of each Pok\u00e9mon\n|rule|Item Clause: Limit 1 of each item\n|clearpoke\n|poke|p1|Greninja-*, L50, M|\n|poke|p1|Aegislash, L50, F|\n|poke|p1|Hawlucha, L50, M|\n|poke|p1|Klefki, L50, F|\n|poke|p1|Tyrantrum, L50, M|\n|poke|p1|Noivern, L50, F|\n|poke|p2|Talonflame, L50, F|\n|poke|p2|Kingambit, L50, M|\n|poke|p2|Blastoise, L50, M|\n|poke|p2|Garchomp, L50, F|\n|poke|p2|Gallade, L50, M|\n|poke|p2|Sinistcha-Masterpiece, L50|\n|teampreview|4\n|inactive|Battle timer is ON: inactive players will automatically lose when time's up. (requested by CaliberChamp)\n|\n|t:|1776316156\n|teamsize|p1|4\n|teamsize|p2|4\n|start\n|switch|p1a: Noivern|Noivern, L50, F|100/100\n|switch|p1b: Greninja|Greninja, L50, M|100/100\n|switch|p2a: Garchomp|Garchomp, L50, F|100/100\n|switch|p2b: Talonflame|Talonflame, L50, F|100/100\n|turn|1\n|\n|t:|1776316179\n|move|p2b: Talonflame|Tailwind|p2b: Talonflame\n|-sidestart|p2: Joeking24|move: Tailwind\n|move|p2a: Garchomp|Rock Slide|p1b: Greninja|[spread] p1a,p1b\n|-supereffective|p1a: Noivern|1\n|-damage|p1a: Noivern|50/100\n|-damage|p1b: Greninja|68/100\n|move|p1b: Greninja|Icy Wind|p2b: Talonflame|[spread] p2a,p2b\n|-start|p1b: Greninja|typechange|Ice|[from] ability: Protean\n|-supereffective|p2a: Garchomp|2\n|-damage|p2a: Garchomp|10/100\n|-damage|p2b: Talonflame|72/100\n|-unboost|p2a: Garchomp|spe|1\n|-unboost|p2b: Talonflame|spe|1\n|move|p1a: Noivern|Tailwind|p1a: Noivern\n|-sidestart|p1: CaliberChamp|move: Tailwind\n|\n|upkeep\n|turn|2\n|inactive|Joeking24 has 30 seconds left.\n|\n|t:|1776316204\n|move|p2a: Garchomp|Protect|p2a: Garchomp\n|-singleturn|p2a: Garchomp|Protect\n|move|p1b: Greninja|Icy Wind|p2b: Talonflame|[spread] p2b\n|-activate|p2a: Garchomp|move: Protect\n|-damage|p2b: Talonflame|39/100\n|-unboost|p2b: Talonflame|spe|1\n|move|p1a: Noivern|Air Slash|p2b: Talonflame\n|-damage|p2b: Talonflame|0 fnt\n|faint|p2b: Talonflame\n|\n|upkeep\n|\n|t:|1776316219\n|switch|p2b: Blastoise|Blastoise, L50, M|100/100\n|turn|3\n|\n|t:|1776316242\n|detailschange|p2b: Blastoise|Blastoise-Mega, L50, M\n|-mega|p2b: Blastoise|Blastoise|Blastoisinite\n|move|p1b: Greninja|Icy Wind|p2b: Blastoise|[spread] p2a,p2b\n|-supereffective|p2a: Garchomp|2\n|-resisted|p2b: Blastoise|1\n|-damage|p2a: Garchomp|0 fnt\n|-damage|p2b: Blastoise|92/100\n|-unboost|p2b: Blastoise|spe|1\n|faint|p2a: Garchomp\n|move|p1a: Noivern|Air Slash|p2b: Blastoise\n|-damage|p2b: Blastoise|64/100\n|move|p2b: Blastoise|Shell Smash|p2b: Blastoise\n|-unboost|p2b: Blastoise|def|1\n|-unboost|p2b: Blastoise|spd|1\n|-boost|p2b: Blastoise|atk|2\n|-boost|p2b: Blastoise|spa|2\n|-boost|p2b: Blastoise|spe|2\n|\n|upkeep\n|\n|t:|1776316260\n|switch|p2a: Sinistcha|Sinistcha-Masterpiece, L50|100/100\n|-heal|p2b: Blastoise|88/100|[from] ability: Hospitality|[of] p2a: Sinistcha\n|turn|4\n|\n|t:|1776316274\n|move|p1b: Greninja|Icy Wind|p2a: Sinistcha|[spread] p2a,p2b\n|-supereffective|p2a: Sinistcha|1\n|-crit|p2a: Sinistcha\n|-resisted|p2b: Blastoise|1\n|-damage|p2a: Sinistcha|23/100\n|-damage|p2b: Blastoise|76/100\n|-unboost|p2a: Sinistcha|spe|1\n|-unboost|p2b: Blastoise|spe|1\n|-enditem|p2a: Sinistcha|Sitrus Berry|[eat]\n|-heal|p2a: Sinistcha|48/100|[from] item: Sitrus Berry\n|move|p1a: Noivern|Heat Wave|p2b: Blastoise|[spread] p2a,p2b\n|-supereffective|p2a: Sinistcha|1\n|-resisted|p2b: Blastoise|1\n|-damage|p2a: Sinistcha|0 fnt\n|-damage|p2b: Blastoise|61/100\n|-status|p2b: Blastoise|brn\n|faint|p2a: Sinistcha\n|move|p2b: Blastoise|Water Spout|p1a: Noivern|[spread] p1a,p1b\n|-resisted|p1a: Noivern|1\n|-damage|p1a: Noivern|0 fnt\n|-damage|p1b: Greninja|0 fnt\n|faint|p1a: Noivern\n|faint|p1b: Greninja\n|\n|-damage|p2b: Blastoise|55/100 brn|[from] brn\n|-sideend|p1: CaliberChamp|move: Tailwind\n|-sideend|p2: Joeking24|move: Tailwind\n|upkeep\n|\n|t:|1776316296\n|switch|p1a: Klefki|Klefki, L50, F|100/100\n|switch|p1b: Hawlucha|Hawlucha, L50, M|100/100\n|-ability|p1b: Hawlucha|Mold Breaker\n|turn|5\n|\n|t:|1776316308\n|detailschange|p1b: Hawlucha|Hawlucha-Mega, L50, M\n|-mega|p1b: Hawlucha|Hawlucha|Hawluchanite\n|move|p1a: Klefki|Light Screen|p1a: Klefki\n|-sidestart|p1: CaliberChamp|move: Light Screen\n|move|p1b: Hawlucha|Cross Chop|p2b: Blastoise\n|-damage|p2b: Blastoise|0 fnt\n|faint|p2b: Blastoise\n|\n|win|CaliberChamp\n|raw|CaliberChamp's rating: 1082 &rarr; <strong>1114</strong><br />(+32 for winning)\n|raw|Joeking24's rating: 1137 &rarr; <strong>1108</strong><br />(-29 for losing)\n|l|\u2606Joeking24\n|player|p2|\n",
  "uploadtime": 1776316326,
  "views": 28,
  "formatid": "gen9championsvgc2026regma",
  "rating": 1108,
  "private": 0,
  "password": null
}