{
  "id": "gen9championsvgc2026regma-2588117944",
  "format": "[Gen 9 Champions] VGC 2026 Reg M-A",
  "players": [
    "buttblow",
    "AMD_T75"
  ],
  "log": "|j|\u2606buttblow\n|j|\u2606AMD_T75\n|t:|1776606207\n|gametype|doubles\n|player|p1|buttblow|1|1076\n|player|p2|AMD_T75|169|1142\n|gen|9\n|tier|[Gen 9 Champions] VGC 2026 Reg M-A\n|rated|\n|rule|Species Clause: Limit one of each Pok\u00e9mon\n|rule|Item Clause: Limit 1 of each item\n|clearpoke\n|poke|p1|Chandelure, L50, M|\n|poke|p1|Whimsicott, L50, F|\n|poke|p1|Gardevoir, L50, M|\n|poke|p1|Drampa, L50, F|\n|poke|p1|Sneasler, L50, F|\n|poke|p1|Basculegion, L50, M|\n|poke|p2|Floette-Eternal, L50, F|\n|poke|p2|Aerodactyl, L50, F|\n|poke|p2|Sinistcha, L50|\n|poke|p2|Incineroar, L50, M, shiny|\n|poke|p2|Garchomp, L50, M|\n|poke|p2|Delphox, L50, M|\n|teampreview|4\n|\n|t:|1776606259\n|teamsize|p1|4\n|teamsize|p2|4\n|start\n|switch|p1a: Whimsicott|Whimsicott, L50, F|100/100\n|switch|p1b: Gardevoir|Gardevoir, L50, M|100/100\n|switch|p2a: Garchomp|Garchomp, L50, M|100/100\n|switch|p2b: Aerodactyl|Aerodactyl, L50, F|100/100\n|-ability|p2b: Aerodactyl|Unnerve\n|turn|1\n|\n|t:|1776606286\n|move|p1a: Whimsicott|Tailwind|p1a: Whimsicott\n|-sidestart|p1: buttblow|move: Tailwind\n|move|p1b: Gardevoir|Calm Mind|p1b: Gardevoir\n|-boost|p1b: Gardevoir|spa|1\n|-boost|p1b: Gardevoir|spd|1\n|move|p2b: Aerodactyl|Tailwind|p2b: Aerodactyl\n|-sidestart|p2: AMD_T75|move: Tailwind\n|move|p2a: Garchomp|Earthquake|p1b: Gardevoir|[spread] p1a,p1b\n|-immune|p2b: Aerodactyl\n|-resisted|p1a: Whimsicott|1\n|-crit|p1a: Whimsicott\n|-damage|p1a: Whimsicott|68/100\n|-damage|p1b: Gardevoir|48/100\n|\n|upkeep\n|turn|2\n|\n|t:|1776606314\n|move|p1a: Whimsicott|Stun Spore|p2a: Garchomp|[miss]\n|-miss|p1a: Whimsicott|p2a: Garchomp\n|move|p2b: Aerodactyl|Dual Wingbeat|p1a: Whimsicott\n|-supereffective|p1a: Whimsicott|1\n|-crit|p1a: Whimsicott\n|-damage|p1a: Whimsicott|11/100\n|-supereffective|p1a: Whimsicott|1\n|-damage|p1a: Whimsicott|0 fnt\n|faint|p1a: Whimsicott\n|-hitcount|p1: Whimsicott|2\n|move|p2a: Garchomp|Earthquake|p1b: Gardevoir|[spread] p1b\n|-immune|p2b: Aerodactyl\n|-damage|p1b: Gardevoir|1/100\n|move|p1b: Gardevoir|Dazzling Gleam|p2a: Garchomp|[spread] p2a,p2b\n|-supereffective|p2a: Garchomp|1\n|-crit|p2a: Garchomp\n|-damage|p2a: Garchomp|0 fnt\n|-damage|p2b: Aerodactyl|37/100\n|faint|p2a: Garchomp\n|\n|upkeep\n|\n|t:|1776606339\n|switch|p2a: Floette|Floette-Eternal, L50, F|100/100\n|switch|p1a: Sneasler|Sneasler, L50, F|100/100\n|turn|3\n|\n|t:|1776606370\n|move|p2b: Aerodactyl|Protect|p2b: Aerodactyl\n|-singleturn|p2b: Aerodactyl|Protect\n|move|p2a: Floette|Protect|p2a: Floette\n|-singleturn|p2a: Floette|Protect\n|move|p1a: Sneasler|Fake Out|p2b: Aerodactyl\n|-activate|p2b: Aerodactyl|move: Protect\n|move|p1b: Gardevoir|Dazzling Gleam|p2a: Floette|[spread] \n|-activate|p2a: Floette|move: Protect\n|-activate|p2b: Aerodactyl|move: Protect\n|\n|upkeep\n|turn|4\n|\n|t:|1776606396\n|detailschange|p2a: Floette|Floette-Mega, L50, F\n|-mega|p2a: Floette|Floette|Floettite\n|-ability|p2a: Floette|Fairy Aura\n|move|p2b: Aerodactyl|Dual Wingbeat|p1a: Sneasler\n|-supereffective|p1a: Sneasler|1\n|-damage|p1a: Sneasler|53/100\n|-supereffective|p1a: Sneasler|1\n|-damage|p1a: Sneasler|6/100\n|-hitcount|p1a: Sneasler|2\n|move|p2a: Floette|Moonblast|p1b: Gardevoir\n|-damage|p1b: Gardevoir|0 fnt\n|faint|p1b: Gardevoir\n|move|p1a: Sneasler|Close Combat|p2b: Aerodactyl\n|-damage|p2b: Aerodactyl|0 fnt\n|-unboost|p1a: Sneasler|def|1\n|-unboost|p1a: Sneasler|spd|1\n|faint|p2b: Aerodactyl\n|\n|-sideend|p1: buttblow|move: Tailwind\n|-sideend|p2: AMD_T75|move: Tailwind\n|upkeep\n|\n|t:|1776606412\n|switch|p2b: Sinistcha|Sinistcha, L50|100/100\n|switch|p1b: Chandelure|Chandelure, L50, M|100/100\n|turn|5\n|\n|t:|1776606435\n|detailschange|p1b: Chandelure|Chandelure-Mega, L50, M\n|-mega|p1b: Chandelure|Chandelure|Chandelurite\n|move|p2b: Sinistcha|Rage Powder|p2b: Sinistcha\n|-singleturn|p2b: Sinistcha|move: Rage Powder\n|move|p2a: Floette|Calm Mind|p2a: Floette\n|-boost|p2a: Floette|spa|1\n|-boost|p2a: Floette|spd|1\n|move|p1a: Sneasler|Dire Claw|p2b: Sinistcha\n|-damage|p2b: Sinistcha|58/100\n|move|p1b: Chandelure|Heat Wave|p2b: Sinistcha|[spread] p2a,p2b\n|-supereffective|p2b: Sinistcha|1\n|-damage|p2a: Floette|71/100\n|-damage|p2b: Sinistcha|0 fnt\n|faint|p2b: Sinistcha\n|\n|upkeep\n|turn|6\n|\n|t:|1776606454\n|move|p1b: Chandelure|Protect|p1b: Chandelure\n|-singleturn|p1b: Chandelure|Protect\n|move|p2a: Floette|Dazzling Gleam|p1a: Sneasler|[spread] p1a\n|-activate|p1b: Chandelure|move: Protect\n|-damage|p1a: Sneasler|0 fnt\n|faint|p1a: Sneasler\n|\n|upkeep\n|turn|7\n|\n|t:|1776606478\n|move|p2a: Floette|Moonblast|p1b: Chandelure\n|-resisted|p1b: Chandelure|1\n|-damage|p1b: Chandelure|50/100\n|move|p1b: Chandelure|Heat Wave|p2a: Floette\n|-damage|p2a: Floette|30/100\n|-status|p2a: Floette|brn\n|\n|-damage|p2a: Floette|25/100 brn|[from] brn\n|upkeep\n|turn|8\n|\n|t:|1776606487\n|move|p1b: Chandelure|Protect|p1b: Chandelure\n|-singleturn|p1b: Chandelure|Protect\n|move|p2a: Floette|Moonblast|p1b: Chandelure\n|-activate|p1b: Chandelure|move: Protect\n|\n|-damage|p2a: Floette|19/100 brn|[from] brn\n|upkeep\n|turn|9\n|\n|t:|1776606517\n|move|p2a: Floette|Moonblast|p1b: Chandelure\n|-resisted|p1b: Chandelure|1\n|-damage|p1b: Chandelure|0 fnt\n|faint|p1b: Chandelure\n|\n|win|AMD_T75\n|raw|buttblow's rating: 1076 &rarr; <strong>1059</strong><br />(-17 for losing)\n|raw|AMD_T75's rating: 1142 &rarr; <strong>1162</strong><br />(+20 for winning)\n",
  "uploadtime": 1776606523,
  "views": 12,
  "formatid": "gen9championsvgc2026regma",
  "rating": 1059,
  "private": 0,
  "password": null
}