{
  "id": "gen9championsvgc2026regma-2585257327",
  "format": "[Gen 9 Champions] VGC 2026 Reg M-A",
  "players": [
    "NoxxinVGC",
    "ControlWardXD"
  ],
  "log": "|j|\u2606NoxxinVGC\n|j|\u2606ControlWardXD\n|t:|1776330762\n|gametype|doubles\n|player|p1|NoxxinVGC|giovanni|1176\n|player|p2|ControlWardXD|hilbert-wonderlauncher|1126\n|gen|9\n|tier|[Gen 9 Champions] VGC 2026 Reg M-A\n|rated|\n|rule|Species Clause: Limit one of each Pok\u00e9mon\n|rule|Item Clause: Limit 1 of each item\n|clearpoke\n|poke|p1|Delphox, L50, M|\n|poke|p1|Basculegion, L50, M|\n|poke|p1|Clefable, L50, M|\n|poke|p1|Kingambit, L50, F|\n|poke|p1|Dragonite, L50, M|\n|poke|p1|Sneasler, L50, F|\n|poke|p2|Crabominable, L50, F|\n|poke|p2|Slowking, L50, F|\n|poke|p2|Farigiraf, L50, F|\n|poke|p2|Dragonite, L50, M|\n|poke|p2|Incineroar, L50, M|\n|poke|p2|Hatterene, L50, F|\n|teampreview|4\n|inactive|Battle timer is ON: inactive players will automatically lose when time's up. (requested by ControlWardXD)\n|inactive|NoxxinVGC also wants the timer to be on.\n|inactive|NoxxinVGC has 60 seconds left.\n|\n|t:|1776330800\n|teamsize|p1|4\n|teamsize|p2|4\n|start\n|switch|p1a: Kingambit|Kingambit, L50, F|100/100\n|switch|p1b: Clefable|Clefable, L50, M|100/100\n|switch|p2a: Crabominable|Crabominable, L50, F|100/100\n|switch|p2b: Slowking|Slowking, L50, F|100/100\n|turn|1\n|\n|t:|1776330819\n|detailschange|p2a: Crabominable|Crabominable-Mega, L50, F\n|-mega|p2a: Crabominable|Crabominable|Crabominite\n|move|p1b: Clefable|Follow Me|p1b: Clefable\n|-singleturn|p1b: Clefable|move: Follow Me\n|move|p1a: Kingambit|Kowtow Cleave|p2b: Slowking\n|-supereffective|p2b: Slowking|1\n|-enditem|p2b: Slowking|Colbur Berry|[eat]\n|-enditem|p2b: Slowking|Colbur Berry|[weaken]\n|-damage|p2b: Slowking|55/100\n|move|p2a: Crabominable|Drain Punch|p1b: Clefable\n|-resisted|p1b: Clefable|1\n|-damage|p1b: Clefable|77/100\n|move|p2b: Slowking|Trick Room|p2b: Slowking\n|-fieldstart|move: Trick Room|[of] p2b: Slowking\n|\n|upkeep\n|turn|2\n|inactive|NoxxinVGC has 30 seconds left.\n|\n|t:|1776330847\n|move|p1a: Kingambit|Sucker Punch||[still]\n|-fail|p1a: Kingambit\n|move|p2a: Crabominable|Ice Hammer|p1b: Clefable|[miss]\n|-miss|p2a: Crabominable|p1b: Clefable\n|move|p2b: Slowking|Snowscape|p2b: Slowking\n|-weather|Snowscape\n|move|p1b: Clefable|Moonblast|p2a: Crabominable\n|-supereffective|p2a: Crabominable|1\n|-damage|p2a: Crabominable|47/100\n|\n|-weather|Snowscape|[upkeep]\n|upkeep\n|turn|3\n|c|\u2606ControlWardXD|its miss!!\n|c|\u2606ControlWardXD|WHATTT\n|c|\u2606ControlWardXD|misss!\n|inactive|ControlWardXD has 30 seconds left.\n|\n|t:|1776330873\n|move|p1b: Clefable|Follow Me|p1b: Clefable\n|-singleturn|p1b: Clefable|move: Follow Me\n|move|p2a: Crabominable|Drain Punch|p1b: Clefable\n|-resisted|p1b: Clefable|1\n|-damage|p1b: Clefable|56/100\n|-heal|p2a: Crabominable|57/100|[from] drain|[of] p1b: Clefable\n|move|p2b: Slowking|Light Screen|p2b: Slowking\n|-sidestart|p2: ControlWardXD|move: Light Screen\n|move|p1a: Kingambit|Kowtow Cleave|p2b: Slowking\n|-supereffective|p2b: Slowking|1\n|-damage|p2b: Slowking|0 fnt\n|faint|p2b: Slowking\n|\n|-weather|Snowscape|[upkeep]\n|upkeep\n|\n|t:|1776330881\n|switch|p2b: Farigiraf|Farigiraf, L50, F|100/100\n|turn|4\n|\n|t:|1776330890\n|move|p2b: Farigiraf|Helping Hand|p2a: Crabominable\n|-singleturn|p2a: Crabominable|Helping Hand|[of] p2b: Farigiraf\n|move|p1b: Clefable|Follow Me|p1b: Clefable\n|-singleturn|p1b: Clefable|move: Follow Me\n|move|p2a: Crabominable|Drain Punch|p1b: Clefable\n|-resisted|p1b: Clefable|1\n|-damage|p1b: Clefable|24/100\n|-heal|p2a: Crabominable|73/100|[from] drain|[of] p1b: Clefable\n|-enditem|p1b: Clefable|Sitrus Berry|[eat]\n|-heal|p1b: Clefable|49/100|[from] item: Sitrus Berry\n|move|p1a: Kingambit|Swords Dance|p1a: Kingambit\n|-boost|p1a: Kingambit|atk|2\n|\n|-weather|Snowscape|[upkeep]\n|upkeep\n|turn|5\n|inactive|NoxxinVGC has 30 seconds left.\n|\n|t:|1776330921\n|move|p2b: Farigiraf|Helping Hand|p2a: Crabominable\n|-singleturn|p2a: Crabominable|Helping Hand|[of] p2b: Farigiraf\n|move|p1b: Clefable|Follow Me|p1b: Clefable\n|-singleturn|p1b: Clefable|move: Follow Me\n|move|p2a: Crabominable|Ice Hammer|p1b: Clefable\n|-damage|p1b: Clefable|0 fnt\n|-unboost|p2a: Crabominable|spe|1\n|faint|p1b: Clefable\n|move|p1a: Kingambit|Kowtow Cleave|p2b: Farigiraf\n|-supereffective|p2b: Farigiraf|1\n|-damage|p2b: Farigiraf|0 fnt\n|faint|p2b: Farigiraf\n|\n|-weather|Snowscape|[upkeep]\n|-fieldend|move: Trick Room\n|upkeep\n|\n|t:|1776330936\n|switch|p1b: Delphox|Delphox, L50, M, shiny|100/100\n|switch|p2b: Dragonite|Dragonite, L50, M|100/100\n|turn|6\n|c|\u2606NoxxinVGC|ggs\n|inactive|NoxxinVGC has 30 seconds left.\n|\n|t:|1776330971\n|detailschange|p1b: Delphox|Delphox-Mega, L50, M, shiny\n|-mega|p1b: Delphox|Delphox|Delphoxite\n|move|p2b: Dragonite|Extreme Speed|p1b: Delphox\n|-crit|p1b: Delphox\n|-damage|p1b: Delphox|16/100\n|move|p1a: Kingambit|Sucker Punch||[still]\n|-fail|p1a: Kingambit\n|move|p1b: Delphox|Heat Wave|p2a: Crabominable|[spread] p2a\n|-miss|p1b: Delphox|p2b: Dragonite\n|-supereffective|p2a: Crabominable|1\n|-damage|p2a: Crabominable|31/100\n|move|p2a: Crabominable|Drain Punch|p1a: Kingambit\n|-supereffective|p1a: Kingambit|2\n|-damage|p1a: Kingambit|0 fnt\n|-heal|p2a: Crabominable|82/100|[from] drain|[of] p1a: Kingambit\n|faint|p1a: Kingambit\n|\n|-weather|none\n|upkeep\n|\n|t:|1776330987\n|switch|p1a: Sneasler|Sneasler, L50, F|100/100\n|turn|7\n|c|\u2606ControlWardXD|maybe not\n|\n|t:|1776331006\n|move|p1b: Delphox|Protect|p1b: Delphox\n|-singleturn|p1b: Delphox|Protect\n|move|p2a: Crabominable|Protect|p2a: Crabominable\n|-singleturn|p2a: Crabominable|Protect\n|move|p2b: Dragonite|Extreme Speed|p1b: Delphox\n|-activate|p1b: Delphox|move: Protect\n|move|p1a: Sneasler|Close Combat|p2a: Crabominable\n|-activate|p2a: Crabominable|move: Protect\n|\n|-sideend|p2: ControlWardXD|move: Light Screen\n|upkeep\n|turn|8\n|inactive|NoxxinVGC has 30 seconds left.\n|c|\u2606ControlWardXD|lets gamble\n|\n|t:|1776331038\n|move|p2a: Crabominable|Protect|p2a: Crabominable\n|-singleturn|p2a: Crabominable|Protect\n|move|p2b: Dragonite|Extreme Speed|p1b: Delphox\n|-damage|p1b: Delphox|0 fnt\n|faint|p1b: Delphox\n|move|p1a: Sneasler|Dire Claw|p2b: Dragonite\n|-damage|p2b: Dragonite|64/100\n|-status|p2b: Dragonite|psn\n|\n|-damage|p2b: Dragonite|52/100 psn|[from] psn\n|upkeep\n|turn|9\n|\n|t:|1776331054\n|move|p2b: Dragonite|Extreme Speed|p1a: Sneasler\n|-damage|p1a: Sneasler|31/100\n|move|p1a: Sneasler|Close Combat|p2a: Crabominable\n|-supereffective|p2a: Crabominable|1\n|-damage|p2a: Crabominable|0 fnt\n|-unboost|p1a: Sneasler|def|1\n|-unboost|p1a: Sneasler|spd|1\n|faint|p2a: Crabominable\n|\n|-damage|p2b: Dragonite|40/100 psn|[from] psn\n|upkeep\n|turn|10\n|c|\u2606ControlWardXD|GG\n|\n|t:|1776331064\n|move|p1a: Sneasler|Protect|p1a: Sneasler\n|-singleturn|p1a: Sneasler|Protect\n|move|p2b: Dragonite|Extreme Speed|p1a: Sneasler\n|-activate|p1a: Sneasler|move: Protect\n|\n|-damage|p2b: Dragonite|28/100 psn|[from] psn\n|upkeep\n|turn|11\n|\n|t:|1776331083\n|move|p2b: Dragonite|Extreme Speed|p1a: Sneasler\n|-damage|p1a: Sneasler|0 fnt\n|faint|p1a: Sneasler\n|\n|win|ControlWardXD\n|raw|NoxxinVGC's rating: 1176 &rarr; <strong>1147</strong><br />(-29 for losing)\n|raw|ControlWardXD's rating: 1126 &rarr; <strong>1155</strong><br />(+29 for winning)\n",
  "uploadtime": 1776331083,
  "views": 22,
  "formatid": "gen9championsvgc2026regma",
  "rating": 1147,
  "private": 0,
  "password": null
}