{
  "id": "gen9championsvgc2026regma-2588342884",
  "format": "[Gen 9 Champions] VGC 2026 Reg M-A",
  "players": [
    "Choof Keef",
    "Sheepsoft"
  ],
  "log": "|j|\u2606Choof Keef\n|j|\u2606Sheepsoft\n|t:|1776625677\n|gametype|doubles\n|player|p1|Choof Keef|169|1268\n|player|p2|Sheepsoft|maid|1295\n|gen|9\n|tier|[Gen 9 Champions] VGC 2026 Reg M-A\n|rated|\n|rule|Species Clause: Limit one of each Pok\u00e9mon\n|rule|Item Clause: Limit 1 of each item\n|clearpoke\n|poke|p1|Golurk, L50|\n|poke|p1|Farigiraf, L50, M|\n|poke|p1|Incineroar, L50, F|\n|poke|p1|Torkoal, L50, F|\n|poke|p1|Sneasler, L50, M|\n|poke|p1|Venusaur, L50, F|\n|poke|p2|Hydreigon, L50, F|\n|poke|p2|Aegislash, L50, F|\n|poke|p2|Floette-Eternal, L50, F|\n|poke|p2|Rotom-Wash, L50|\n|poke|p2|Volcarona, L50, F|\n|poke|p2|Sneasler, L50, M|\n|teampreview|4\n|inactive|Battle timer is ON: inactive players will automatically lose when time's up. (requested by Choof Keef)\n|inactive|Sheepsoft has 60 seconds left.\n|\n|t:|1776625712\n|teamsize|p1|4\n|teamsize|p2|4\n|start\n|switch|p1a: Golurk|Golurk, L50|100/100\n|switch|p1b: Farigiraf|Farigiraf, L50, M|100/100\n|switch|p2a: Hydreigon|Hydreigon, L50, F|100/100\n|switch|p2b: Rotom|Rotom-Wash, L50|100/100\n|turn|1\n|\n|t:|1776625733\n|detailschange|p1a: Golurk|Golurk-Mega, L50\n|-mega|p1a: Golurk|Golurk|Golurkite\n|move|p1a: Golurk|Protect|p1a: Golurk\n|-singleturn|p1a: Golurk|Protect\n|move|p2b: Rotom|Trick|p1b: Farigiraf\n|-activate|p2b: Rotom|move: Trick|[of] p1b: Farigiraf\n|-item|p1b: Farigiraf|Choice Scarf|[from] move: Trick\n|-item|p2b: Rotom|Sitrus Berry|[from] move: Trick\n|move|p2a: Hydreigon|Dark Pulse|p1a: Golurk\n|-activate|p1a: Golurk|move: Protect\n|move|p1b: Farigiraf|Trick Room|p1b: Farigiraf\n|-fieldstart|move: Trick Room|[of] p1b: Farigiraf\n|\n|upkeep\n|turn|2\n|\n|t:|1776625750\n|switch|p1b: Incineroar|Incineroar, L50, F|100/100\n|-ability|p1b: Incineroar|Intimidate|boost\n|-unboost|p2a: Hydreigon|atk|1\n|-unboost|p2b: Rotom|atk|1\n|move|p1a: Golurk|Ice Punch|p2a: Hydreigon\n|-supereffective|p2a: Hydreigon|1\n|-damage|p2a: Hydreigon|39/100\n|move|p2a: Hydreigon|Dark Pulse|p1a: Golurk\n|-supereffective|p1a: Golurk|1\n|-damage|p1a: Golurk|15/100\n|move|p2b: Rotom|Hydro Pump|p1a: Golurk\n|-supereffective|p1a: Golurk|1\n|-crit|p1a: Golurk\n|-damage|p1a: Golurk|0 fnt\n|faint|p1a: Golurk\n|\n|upkeep\n|\n|t:|1776625759\n|switch|p1a: Farigiraf|Farigiraf, L50, M|100/100\n|turn|3\n|\n|t:|1776625771\n|move|p2a: Hydreigon|Protect|p2a: Hydreigon\n|-singleturn|p2a: Hydreigon|Protect\n|move|p1b: Incineroar|Fake Out|p2a: Hydreigon\n|-activate|p2a: Hydreigon|move: Protect\n|move|p1a: Farigiraf|Hyper Voice|p2a: Hydreigon|[spread] p2b\n|-activate|p2a: Hydreigon|move: Protect\n|-damage|p2b: Rotom|68/100\n|move|p2b: Rotom|Hydro Pump|p1b: Incineroar\n|-supereffective|p1b: Incineroar|1\n|-crit|p1b: Incineroar\n|-damage|p1b: Incineroar|0 fnt\n|faint|p1b: Incineroar\n|\n|upkeep\n|\n|t:|1776625775\n|switch|p1b: Sneasler|Sneasler, L50, M|100/100\n|turn|4\n|\n|t:|1776625796\n|switch|p2a: Volcarona|Volcarona, L50, F|100/100\n|move|p1b: Sneasler|Fake Out|p2b: Rotom\n|-damage|p2b: Rotom|49/100\n|-enditem|p2b: Rotom|Sitrus Berry|[eat]\n|-heal|p2b: Rotom|74/100|[from] item: Sitrus Berry\n|move|p1a: Farigiraf|Hyper Voice|p2b: Rotom|[spread] p2a,p2b\n|-damage|p2a: Volcarona|77/100\n|-damage|p2b: Rotom|39/100\n|cant|p2b: Rotom|flinch\n|\n|upkeep\n|turn|5\n|\n|t:|1776625818\n|move|p1a: Farigiraf|Hyper Voice|p2b: Rotom|[spread] p2a,p2b\n|-damage|p2a: Volcarona|54/100\n|-damage|p2b: Rotom|8/100\n|move|p2b: Rotom|Volt Switch|p1b: Sneasler\n|-damage|p1b: Sneasler|58/100\n|\n|t:|1776625825\n|switch|p2b: Sneasler|Sneasler, L50, M|100/100|[from] Volt Switch\n|move|p2a: Volcarona|Quiver Dance|p2a: Volcarona\n|-boost|p2a: Volcarona|spa|1\n|-boost|p2a: Volcarona|spd|1\n|-boost|p2a: Volcarona|spe|1\n|move|p1b: Sneasler|Dire Claw|p2a: Volcarona\n|-damage|p2a: Volcarona|4/100\n|\n|-fieldend|move: Trick Room\n|upkeep\n|turn|6\n|-message|Choof Keef forfeited.\n|\n|win|Sheepsoft\n|raw|Choof Keef's rating: 1268 &rarr; <strong>1245</strong><br />(-23 for losing)\n|raw|Sheepsoft's rating: 1295 &rarr; <strong>1318</strong><br />(+23 for winning)\n|l|\u2606Choof Keef\n|player|p1|\n",
  "uploadtime": 1776625846,
  "views": 13,
  "formatid": "gen9championsvgc2026regma",
  "rating": 1245,
  "private": 0,
  "password": null
}