{
  "id": "gen9championsvgc2026regma-2587417638",
  "format": "[Gen 9 Champions] VGC 2026 Reg M-A",
  "players": [
    "JuanpaVGC",
    "Elite Fource"
  ],
  "log": "|j|\u2606JuanpaVGC\n|j|\u2606Elite Fource\n|t:|1776530095\n|gametype|doubles\n|player|p1|JuanpaVGC|nate|1032\n|player|p2|Elite Fource|infielder|1107\n|gen|9\n|tier|[Gen 9 Champions] VGC 2026 Reg M-A\n|rated|\n|rule|Species Clause: Limit one of each Pok\u00e9mon\n|rule|Item Clause: Limit 1 of each item\n|clearpoke\n|poke|p1|Dragonite, L50, M|\n|poke|p1|Incineroar, L50, M|\n|poke|p1|Sneasler, L50, M|\n|poke|p1|Venusaur, L50, F|\n|poke|p1|Aegislash, L50, F|\n|poke|p1|Basculegion, L50, M|\n|poke|p2|Crabominable, L50, M, shiny|\n|poke|p2|Araquanid, L50, F, shiny|\n|poke|p2|Arcanine, L50, F|\n|poke|p2|Sinistcha, L50|\n|poke|p2|Jolteon, L50, M, shiny|\n|poke|p2|Floette-Eternal, L50, F|\n|teampreview|4\n|inactive|Battle timer is ON: inactive players will automatically lose when time's up. (requested by Elite Fource)\n|inactive|JuanpaVGC also wants the timer to be on.\n|c|\u2606Elite Fource|daring today, aren't we?\n|inactive|Elite Fource has 60 seconds left.\n|\n|t:|1776530129\n|teamsize|p1|4\n|teamsize|p2|4\n|start\n|switch|p1a: Aegislash|Aegislash, L50, F|100/100\n|switch|p1b: Sneasler|Sneasler, L50, M|100/100\n|switch|p2a: Wait for it|Arcanine, L50, F|100/100\n|switch|p2b: Ultraman|Araquanid, L50, F, shiny|100/100\n|-ability|p1b: Sneasler|Pressure\n|-ability|p2a: Wait for it|Intimidate|boost\n|-unboost|p1a: Aegislash|atk|1\n|-unboost|p1b: Sneasler|atk|1\n|turn|1\n|\n|t:|1776530142\n|switch|p1a: Incineroar|Incineroar, L50, M|100/100\n|-ability|p1a: Incineroar|Intimidate|boost\n|-unboost|p2a: Wait for it|atk|1\n|-unboost|p2b: Ultraman|atk|1\n|-enditem|p2a: Wait for it|White Herb\n|-clearnegativeboost|p2a: Wait for it|[silent]\n|move|p1b: Sneasler|Fake Out|p2b: Ultraman\n|-damage|p2b: Ultraman|90/100\n|move|p2a: Wait for it|Will-O-Wisp|p1b: Sneasler\n|-status|p1b: Sneasler|brn\n|cant|p2b: Ultraman|flinch\n|\n|-damage|p1b: Sneasler|95/100 brn|[from] brn\n|upkeep\n|turn|2\n|inactive|Elite Fource has 30 seconds left.\n|\n|t:|1776530174\n|switch|p2a: no matcha???|Sinistcha, L50|100/100\n|move|p1a: Incineroar|Fake Out|p2b: Ultraman\n|-damage|p2b: Ultraman|78/100\n|move|p1b: Sneasler|Rock Tomb|p2a: no matcha???\n|-damage|p2a: no matcha???|95/100\n|-unboost|p2a: no matcha???|spe|1\n|cant|p2b: Ultraman|flinch\n|\n|-heal|p2a: no matcha???|100/100|[from] item: Leftovers\n|-damage|p1b: Sneasler|89/100 brn|[from] brn\n|upkeep\n|turn|3\n|\n|t:|1776530189\n|move|p1b: Sneasler|Rock Tomb|p2b: Ultraman\n|-supereffective|p2b: Ultraman|1\n|-damage|p2b: Ultraman|61/100\n|-unboost|p2b: Ultraman|spe|1\n|move|p1a: Incineroar|Darkest Lariat|p2a: no matcha???\n|-supereffective|p2a: no matcha???|1\n|-damage|p2a: no matcha???|49/100\n|move|p2b: Ultraman|Liquidation|p1a: Incineroar\n|-supereffective|p1a: Incineroar|1\n|-damage|p1a: Incineroar|34/100\n|-enditem|p1a: Incineroar|Sitrus Berry|[eat]\n|-heal|p1a: Incineroar|59/100|[from] item: Sitrus Berry\n|move|p2a: no matcha???|Trick Room|p2a: no matcha???\n|-fieldstart|move: Trick Room|[of] p2a: no matcha???\n|\n|-heal|p2a: no matcha???|55/100|[from] item: Leftovers\n|-damage|p1b: Sneasler|83/100 brn|[from] brn\n|upkeep\n|turn|4\n|\n|t:|1776530206\n|switch|p2a: Wait for it|Arcanine, L50, F|100/100\n|-ability|p2a: Wait for it|Intimidate|boost\n|-unboost|p1a: Incineroar|atk|1\n|-unboost|p1b: Sneasler|atk|1\n|switch|p1b: Aegislash|Aegislash, L50, F|100/100\n|move|p2b: Ultraman|Liquidation|p1a: Incineroar\n|-supereffective|p1a: Incineroar|1\n|-damage|p1a: Incineroar|0 fnt\n|faint|p1a: Incineroar\n|\n|upkeep\n|\n|t:|1776530218\n|switch|p1a: Sneasler|Sneasler, L50, M|83/100 brn\n|-ability|p1a: Sneasler|Pressure\n|turn|5\n|\n|t:|1776530234\n|switch|p2b: Armor Abs Krabs|Crabominable, L50, M, shiny|100/100\n|switch|p2a: no matcha???|Sinistcha, L50|55/100\n|move|p1a: Sneasler|Fake Out|p2b: Armor Abs Krabs\n|-damage|p2b: Armor Abs Krabs|93/100\n|-formechange|p1b: Aegislash|Aegislash-Blade|\n|move|p1b: Aegislash|Shadow Ball|p2a: no matcha???\n|-supereffective|p2a: no matcha???|1\n|-damage|p2a: no matcha???|0 fnt\n|faint|p2a: no matcha???\n|\n|-damage|p1a: Sneasler|78/100 brn|[from] brn\n|upkeep\n|\n|t:|1776530238\n|switch|p2a: Wait for it|Arcanine, L50, F|100/100\n|-ability|p2a: Wait for it|Intimidate|boost\n|-unboost|p1a: Sneasler|atk|1\n|-unboost|p1b: Aegislash|atk|1\n|turn|6\n|\n|t:|1776530258\n|switch|p1a: Dragonite|Dragonite, L50, M|100/100\n|detailschange|p2b: Armor Abs Krabs|Crabominable-Mega, L50, M, shiny\n|-mega|p2b: Armor Abs Krabs|Crabominable|Crabominite\n|move|p2b: Armor Abs Krabs|Ice Hammer|p1a: Dragonite\n|-supereffective|p1a: Dragonite|2\n|-damage|p1a: Dragonite|0 fnt\n|-unboost|p2b: Armor Abs Krabs|spe|1\n|faint|p1a: Dragonite\n|move|p1b: Aegislash|Flash Cannon|p2b: Armor Abs Krabs\n|-supereffective|p2b: Armor Abs Krabs|1\n|-damage|p2b: Armor Abs Krabs|25/100\n|-unboost|p2b: Armor Abs Krabs|spd|1\n|move|p2a: Wait for it|Overheat|p1b: Aegislash\n|-supereffective|p1b: Aegislash|1\n|-damage|p1b: Aegislash|0 fnt\n|-unboost|p2a: Wait for it|spa|2\n|faint|p1b: Aegislash\n|\n|upkeep\n|c|\u2606Elite Fource|gg\n|-message|JuanpaVGC forfeited.\n|\n|win|Elite Fource\n|raw|JuanpaVGC's rating: 1032 &rarr; <strong>1020</strong><br />(-12 for losing)\n|raw|Elite Fource's rating: 1107 &rarr; <strong>1127</strong><br />(+20 for winning)\n|l|\u2606JuanpaVGC\n|player|p1|\n|c|\u2606Elite Fource|yeah maybe next time come up with your own set and not the copy paste meta\n|c|\u2606Elite Fource|\"VGC\" in your name like you're some kind of pro lol.\n",
  "uploadtime": 1776530291,
  "views": 14,
  "formatid": "gen9championsvgc2026regma",
  "rating": 1020,
  "private": 0,
  "password": null
}