{
  "id": "gen9championsvgc2026regma-2585666372",
  "format": "[Gen 9 Champions] VGC 2026 Reg M-A",
  "players": [
    "M0CA",
    "luiz red"
  ],
  "log": "|j|\u2606M0CA\n|j|\u2606luiz red\n|t:|1776362300\n|gametype|doubles\n|player|p1|M0CA|blue-masters|1023\n|player|p2|luiz red|veteran|1103\n|gen|9\n|tier|[Gen 9 Champions] VGC 2026 Reg M-A\n|rated|\n|rule|Species Clause: Limit one of each Pok\u00e9mon\n|rule|Item Clause: Limit 1 of each item\n|clearpoke\n|poke|p1|Lopunny, L50, F|\n|poke|p1|Weavile, L50, F|\n|poke|p1|Vivillon, L50, F|\n|poke|p1|Liepard, L50, F|\n|poke|p1|Meowstic, L50, M|\n|poke|p1|Salazzle, L50, F|\n|poke|p2|Infernape, L50, F|\n|poke|p2|Sinistcha, L50|\n|poke|p2|Empoleon, L50, M|\n|poke|p2|Hippowdon, L50, M|\n|poke|p2|Garchomp, L50, M|\n|poke|p2|Corviknight, L50, F|\n|teampreview|4\n|\n|t:|1776362355\n|teamsize|p1|4\n|teamsize|p2|4\n|start\n|switch|p1a: Bnuuy|Lopunny, L50, F|100/100\n|switch|p1b: Yaoi on fire|Weavile, L50, F|100/100\n|switch|p2a: Infernape|Infernape, L50, F|100/100\n|switch|p2b: Garchomp|Garchomp, L50, M|100/100\n|turn|1\n|\n|t:|1776362372\n|detailschange|p1a: Bnuuy|Lopunny-Mega, L50, F\n|-mega|p1a: Bnuuy|Lopunny|Lopunnite\n|move|p2b: Garchomp|Protect|p2b: Garchomp\n|-singleturn|p2b: Garchomp|Protect\n|move|p1a: Bnuuy|Fake Out|p2a: Infernape\n|-damage|p2a: Infernape|67/100\n|cant|p2a: Infernape|flinch\n|move|p1b: Yaoi on fire|Knock Off|p2a: Infernape\n|-resisted|p2a: Infernape|1\n|-crit|p2a: Infernape\n|-damage|p2a: Infernape|18/100\n|-enditem|p2a: Infernape|Choice Scarf|[from] move: Knock Off|[of] p1b: Yaoi on fire\n|\n|upkeep\n|turn|2\n|\n|t:|1776362394\n|switch|p2b: Corviknight|Corviknight, L50, F, shiny|100/100\n|move|p1a: Bnuuy|Drain Punch|p2a: Infernape\n|-damage|p2a: Infernape|0 fnt\n|faint|p2a: Infernape\n|move|p1b: Yaoi on fire|Triple Axel|p2b: Corviknight\n|-damage|p2b: Corviknight|91/100\n|-damage|p2b: Corviknight|72/100\n|-damage|p2b: Corviknight|43/100\n|-hitcount|p2b: Corviknight|3\n|\n|-heal|p2b: Corviknight|49/100|[from] item: Leftovers\n|upkeep\n|\n|t:|1776362409\n|switch|p2a: Hippowdon|Hippowdon, L50, M|100/100\n|-weather|Sandstorm|[from] ability: Sand Stream|[of] p2a: Hippowdon\n|turn|3\n|\n|t:|1776362425\n|move|p1a: Bnuuy|Thunder Punch|p2b: Corviknight\n|-supereffective|p2b: Corviknight|1\n|-damage|p2b: Corviknight|0 fnt\n|faint|p2b: Corviknight\n|move|p1b: Yaoi on fire|Triple Axel|p2a: Hippowdon\n|-supereffective|p2a: Hippowdon|1\n|-damage|p2a: Hippowdon|83/100\n|-supereffective|p2a: Hippowdon|1\n|-damage|p2a: Hippowdon|54/100\n|-supereffective|p2a: Hippowdon|1\n|-damage|p2a: Hippowdon|10/100\n|-enditem|p2a: Hippowdon|Sitrus Berry|[eat]\n|-heal|p2a: Hippowdon|35/100|[from] item: Sitrus Berry\n|-hitcount|p2a: Hippowdon|3\n|move|p2a: Hippowdon|Earthquake|p1a: Bnuuy|[spread] p1a,p1b\n|-damage|p1a: Bnuuy|66/100\n|-damage|p1b: Yaoi on fire|55/100\n|\n|-weather|Sandstorm|[upkeep]\n|-damage|p1a: Bnuuy|60/100|[from] Sandstorm\n|-damage|p1b: Yaoi on fire|49/100|[from] Sandstorm\n|upkeep\n|\n|t:|1776362444\n|switch|p2b: Garchomp|Garchomp, L50, M|100/100\n|turn|4\n|\n|t:|1776362471\n|move|p1a: Bnuuy|Drain Punch|p2a: Hippowdon\n|-damage|p2a: Hippowdon|9/100\n|-heal|p1a: Bnuuy|80/100|[from] drain|[of] p2a: Hippowdon\n|move|p1b: Yaoi on fire|Triple Axel|p2b: Garchomp\n|-supereffective|p2b: Garchomp|2\n|-damage|p2b: Garchomp|59/100\n|-damage|p1b: Yaoi on fire|37/100|[from] ability: Rough Skin|[of] p2b: Garchomp\n|-supereffective|p2b: Garchomp|2\n|-damage|p2b: Garchomp|0 fnt\n|-damage|p1b: Yaoi on fire|24/100|[from] ability: Rough Skin|[of] p2b: Garchomp\n|faint|p2b: Garchomp\n|-hitcount|p2: Garchomp|2\n|move|p2a: Hippowdon|Yawn|p1b: Yaoi on fire\n|-start|p1b: Yaoi on fire|move: Yawn|[of] p2a: Hippowdon\n|\n|-weather|Sandstorm|[upkeep]\n|-damage|p1a: Bnuuy|74/100|[from] Sandstorm\n|-damage|p1b: Yaoi on fire|18/100|[from] Sandstorm\n|upkeep\n|turn|5\n|-message|luiz red forfeited.\n|\n|win|M0CA\n|raw|M0CA's rating: 1023 &rarr; <strong>1068</strong><br />(+45 for winning)\n|raw|luiz red's rating: 1103 &rarr; <strong>1072</strong><br />(-31 for losing)\n",
  "uploadtime": 1776362500,
  "views": 19,
  "formatid": "gen9championsvgc2026regma",
  "rating": 1068,
  "private": 0,
  "password": null
}