{
  "id": "gen9championsvgc2026regma-2584562884",
  "format": "[Gen 9 Champions] VGC 2026 Reg M-A",
  "players": [
    "bambuverde",
    "Bubbaboi137"
  ],
  "log": "|j|\u2606bambuverde\n|j|\u2606Bubbaboi137\n|t:|1776268960\n|gametype|doubles\n|player|p1|bambuverde|101|1074\n|player|p2|Bubbaboi137|cynthia|1018\n|gen|9\n|tier|[Gen 9 Champions] VGC 2026 Reg M-A\n|rated|\n|rule|Species Clause: Limit one of each Pok\u00e9mon\n|rule|Item Clause: Limit 1 of each item\n|clearpoke\n|poke|p1|Aggron, L50, M|\n|poke|p1|Pelipper, L50, M|\n|poke|p1|Aerodactyl, L50, M|\n|poke|p1|Gyarados, L50, F|\n|poke|p1|Archaludon, L50, F|\n|poke|p1|Corviknight, L50, F|\n|poke|p2|Incineroar, L50, M|\n|poke|p2|Sneasler, L50, F|\n|poke|p2|Palafin, L50, M|\n|poke|p2|Whimsicott, L50, M|\n|poke|p2|Alakazam, L50, M|\n|poke|p2|Sylveon, L50, F|\n|teampreview|4\n|inactive|Battle timer is ON: inactive players will automatically lose when time's up. (requested by Bubbaboi137)\n|inactive|Bubbaboi137 has 60 seconds left.\n|\n|t:|1776268997\n|teamsize|p1|4\n|teamsize|p2|4\n|start\n|switch|p1a: Corviknight|Corviknight, L50, F|100/100\n|switch|p1b: Aerodactyl|Aerodactyl, L50, M|100/100\n|switch|p2a: Sneasler|Sneasler, L50, F, shiny|100/100\n|switch|p2b: Whimsicott|Whimsicott, L50, M, shiny|100/100\n|-ability|p1b: Aerodactyl|Unnerve\n|turn|1\n|\n|t:|1776269018\n|move|p2a: Sneasler|Fake Out|p1b: Aerodactyl\n|-resisted|p1b: Aerodactyl|1\n|-damage|p1b: Aerodactyl|88/100\n|move|p2b: Whimsicott|Tailwind|p2b: Whimsicott\n|-sidestart|p2: Bubbaboi137|move: Tailwind\n|cant|p1b: Aerodactyl|flinch\n|move|p1a: Corviknight|U-turn|p2b: Whimsicott\n|-damage|p2b: Whimsicott|82/100\n|\n|t:|1776269026\n|switch|p1a: Pelipper|Pelipper, L50, M|100/100|[from] U-turn\n|-weather|RainDance|[from] ability: Drizzle|[of] p1a: Pelipper\n|\n|-weather|RainDance|[upkeep]\n|upkeep\n|turn|2\n|\n|t:|1776269042\n|move|p2b: Whimsicott|Leech Seed|p1a: Pelipper\n|-start|p1a: Pelipper|move: Leech Seed\n|move|p2a: Sneasler|Close Combat|p1b: Aerodactyl\n|-damage|p1b: Aerodactyl|0 fnt\n|-unboost|p2a: Sneasler|def|1\n|-unboost|p2a: Sneasler|spd|1\n|faint|p1b: Aerodactyl\n|move|p1a: Pelipper|Hurricane|p2b: Whimsicott\n|-supereffective|p2b: Whimsicott|1\n|-damage|p2b: Whimsicott|0 fnt\n|faint|p2b: Whimsicott\n|\n|-weather|RainDance|[upkeep]\n|upkeep\n|\n|t:|1776269049\n|switch|p1b: Archaludon|Archaludon, L50, F|100/100\n|switch|p2b: Alakazam|Alakazam, L50, M, shiny|100/100\n|turn|3\n|\n|t:|1776269057\n|detailschange|p2b: Alakazam|Alakazam-Mega, L50, M, shiny\n|-mega|p2b: Alakazam|Alakazam|Alakazite\n|-ability|p2b: Alakazam|Sturdy|Trace|[from] ability: Trace|[of] p1b: Archaludon\n|move|p2b: Alakazam|Psychic|p1a: Pelipper\n|-damage|p1a: Pelipper|3/100\n|move|p2a: Sneasler|Close Combat|p1b: Archaludon\n|-supereffective|p1b: Archaludon|1\n|-ability|p1b: Archaludon|Sturdy\n|-damage|p1b: Archaludon|1/100\n|-unboost|p2a: Sneasler|def|1\n|-unboost|p2a: Sneasler|spd|1\n|move|p1a: Pelipper|Hurricane|p2a: Sneasler\n|-supereffective|p2a: Sneasler|1\n|-damage|p2a: Sneasler|0 fnt\n|faint|p2a: Sneasler\n|move|p1b: Archaludon|Electro Shot||[still]\n|-prepare|p1b: Archaludon|Electro Shot\n|-boost|p1b: Archaludon|spa|1\n|-anim|p1b: Archaludon|Electro Shot|p2b: Alakazam\n|-damage|p2b: Alakazam|4/100\n|\n|-weather|RainDance|[upkeep]\n|-damage|p1a: Pelipper|0 fnt|[from] Leech Seed|[of] p2b: Alakazam\n|-heal|p2b: Alakazam|7/100|[silent]\n|faint|p1a: Pelipper\n|upkeep\n|\n|t:|1776269070\n|switch|p2a: Incineroar|Incineroar, L50, M, shiny|100/100\n|switch|p1a: Corviknight|Corviknight, L50, F|100/100\n|-ability|p2a: Incineroar|Intimidate|boost\n|-ability|p1a: Corviknight|Mirror Armor\n|-unboost|p2a: Incineroar|atk|1\n|-unboost|p1b: Archaludon|atk|1\n|turn|4\n|\n|t:|1776269084\n|move|p1b: Archaludon|Protect|p1b: Archaludon\n|-singleturn|p1b: Archaludon|Protect\n|move|p2a: Incineroar|Fake Out|p1a: Corviknight\n|-resisted|p1a: Corviknight|1\n|-damage|p1a: Corviknight|98/100\n|move|p2b: Alakazam|Psychic|p1b: Archaludon\n|-activate|p1b: Archaludon|move: Protect\n|cant|p1a: Corviknight|flinch\n|\n|-weather|RainDance|[upkeep]\n|-sideend|p2: Bubbaboi137|move: Tailwind\n|upkeep\n|turn|5\n|\n|t:|1776269106\n|move|p1b: Archaludon|Protect||[still]\n|-fail|p1b: Archaludon\n|move|p2b: Alakazam|Dazzling Gleam|p1b: Archaludon|[spread] p1a,p1b\n|-resisted|p1a: Corviknight|1\n|-damage|p1a: Corviknight|86/100\n|-damage|p1b: Archaludon|0 fnt\n|faint|p1b: Archaludon\n|move|p2a: Incineroar|Darkest Lariat|p1a: Corviknight\n|-damage|p1a: Corviknight|67/100\n|move|p1a: Corviknight|U-turn|p2b: Alakazam\n|-supereffective|p2b: Alakazam|1\n|-damage|p2b: Alakazam|0 fnt\n|faint|p2b: Alakazam\n|\n|-weather|none\n|upkeep\n|turn|6\n|\n|t:|1776269119\n|move|p2a: Incineroar|Darkest Lariat|p1a: Corviknight\n|-damage|p1a: Corviknight|48/100\n|move|p1a: Corviknight|Roost|p1a: Corviknight\n|-heal|p1a: Corviknight|98/100\n|-singleturn|p1a: Corviknight|move: Roost\n|\n|upkeep\n|turn|7\n|\n|t:|1776269126\n|move|p2a: Incineroar|Darkest Lariat|p1a: Corviknight\n|-damage|p1a: Corviknight|80/100\n|move|p1a: Corviknight|Brave Bird|p2a: Incineroar\n|-damage|p2a: Incineroar|55/100\n|-damage|p1a: Corviknight|67/100|[from] Recoil\n|\n|upkeep\n|turn|8\n|\n|t:|1776269134\n|move|p2a: Incineroar|Darkest Lariat|p1a: Corviknight\n|-damage|p1a: Corviknight|50/100\n|move|p1a: Corviknight|Roost|p1a: Corviknight\n|-heal|p1a: Corviknight|99/100\n|-singleturn|p1a: Corviknight|move: Roost\n|\n|upkeep\n|turn|9\n|\n|t:|1776269143\n|move|p2a: Incineroar|Darkest Lariat|p1a: Corviknight\n|-damage|p1a: Corviknight|82/100\n|move|p1a: Corviknight|Brave Bird|p2a: Incineroar\n|-damage|p2a: Incineroar|2/100\n|-enditem|p2a: Incineroar|Sitrus Berry|[eat]\n|-heal|p2a: Incineroar|26/100|[from] item: Sitrus Berry\n|-damage|p1a: Corviknight|68/100|[from] Recoil\n|\n|upkeep\n|turn|10\n|\n|t:|1776269152\n|move|p2a: Incineroar|Protect|p2a: Incineroar\n|-singleturn|p2a: Incineroar|Protect\n|move|p1a: Corviknight|Brave Bird|p2a: Incineroar\n|-activate|p2a: Incineroar|move: Protect\n|\n|upkeep\n|turn|11\n|\n|t:|1776269175\n|move|p2a: Incineroar|Darkest Lariat|p1a: Corviknight\n|-damage|p1a: Corviknight|51/100\n|move|p1a: Corviknight|Roost|p1a: Corviknight\n|-heal|p1a: Corviknight|100/100\n|-singleturn|p1a: Corviknight|move: Roost\n|\n|upkeep\n|turn|12\n|c|\u2606Bubbaboi137|cuck team\n|c|\u2606Bubbaboi137|make ur own team every once in a while\n|inactive|bambuverde has 30 seconds left.\n|\n|t:|1776269201\n|move|p2a: Incineroar|Protect|p2a: Incineroar\n|-singleturn|p2a: Incineroar|Protect\n|move|p1a: Corviknight|Brave Bird|p2a: Incineroar\n|-activate|p2a: Incineroar|move: Protect\n|\n|upkeep\n|turn|13\n|\n|t:|1776269206\n|move|p2a: Incineroar|Darkest Lariat|p1a: Corviknight\n|-crit|p1a: Corviknight\n|-damage|p1a: Corviknight|62/100\n|move|p1a: Corviknight|Brave Bird|p2a: Incineroar\n|-damage|p2a: Incineroar|0 fnt\n|faint|p2a: Incineroar\n|-damage|p1a: Corviknight|55/100|[from] Recoil\n|\n|win|bambuverde\n|raw|bambuverde's rating: 1074 &rarr; <strong>1098</strong><br />(+24 for winning)\n|raw|Bubbaboi137's rating: 1018 &rarr; <strong>1007</strong><br />(-11 for losing)\n|c|\u2606Bubbaboi137|cuck\n|l|\u2606Bubbaboi137\n|player|p2|\n",
  "uploadtime": 1776269224,
  "views": 26,
  "formatid": "gen9championsvgc2026regma",
  "rating": 1007,
  "private": 0,
  "password": null
}