{
  "id": "gen9championsvgc2026regma-2583865783",
  "format": "[Gen 9 Champions] VGC 2026 Reg M-A",
  "players": [
    "TimLikesTrains",
    "noodles080"
  ],
  "log": "|j|\u2606TimLikesTrains\n|j|\u2606noodles080\n|t:|1776203816\n|gametype|doubles\n|player|p1|TimLikesTrains|2|\n|player|p2|noodles080|266|\n|gen|9\n|tier|[Gen 9 Champions] VGC 2026 Reg M-A\n|rule|Species Clause: Limit one of each Pok\u00e9mon\n|rule|Item Clause: Limit 1 of each item\n|clearpoke\n|poke|p1|Floette-Eternal, L50, F|\n|poke|p1|Tyranitar, L50, F|\n|poke|p1|Excadrill, L50, M|\n|poke|p1|Farigiraf, L50, F|\n|poke|p1|Slowbro-Galar, L50, M|\n|poke|p1|Araquanid, L50, F|\n|poke|p2|Meganium, L50, M|\n|poke|p2|Kingambit, L50, M|\n|poke|p2|Sneasler, L50, F|\n|poke|p2|Rotom-Heat, L50|\n|poke|p2|Garganacl, L50, F|\n|poke|p2|Hydreigon, L50, M|\n|teampreview|4\nTimLikesTrains rejected open team sheets.\n|j| RyanMelon\n|j| DannyMelon\n|\n|t:|1776203919\n|teamsize|p1|4\n|teamsize|p2|4\n|start\n|switch|p1a: Farigiraf|Farigiraf, L50, F|100/100\n|switch|p1b: Araquanid|Araquanid, L50, F|100/100\n|switch|p2a: Garganacl|Garganacl, L50, F|100/100\n|switch|p2b: Meganium|Meganium, L50, M|100/100\n|turn|1\n|\n|t:|1776204015\n|detailschange|p2b: Meganium|Meganium-Mega, L50, M\n|-mega|p2b: Meganium|Meganium|Meganiumite\n|move|p2b: Meganium|Solar Beam||[still]\n|-prepare|p2b: Meganium|Solar Beam\n|-activate|p2b: Meganium|ability: Mega Sol\n|-anim|p2b: Meganium|Solar Beam|p1b: Araquanid\n|-damage|p1b: Araquanid|32/100\n|move|p1b: Araquanid|Poison Jab|p2b: Meganium\n|-supereffective|p2b: Meganium|2\n|-damage|p2b: Meganium|30/100\n|-status|p2b: Meganium|psn\n|move|p2a: Garganacl|Salt Cure|p1b: Araquanid\n|-supereffective|p1b: Araquanid|1\n|-damage|p1b: Araquanid|7/100\n|-start|p1b: Araquanid|Salt Cure\n|move|p1a: Farigiraf|Trick Room|p1a: Farigiraf\n|-fieldstart|move: Trick Room|[of] p1a: Farigiraf\n|\n|-heal|p1b: Araquanid|13/100|[from] item: Leftovers\n|-damage|p2b: Meganium|18/100 psn|[from] psn\n|-damage|p1b: Araquanid|0 fnt|[from] Salt Cure\n|faint|p1b: Araquanid\n|upkeep\n|\n|t:|1776204046\n|switch|p1b: Tyranitar|Tyranitar, L50, F|100/100\n|-weather|Sandstorm|[from] ability: Sand Stream|[of] p1b: Tyranitar\n|turn|2\n|c|\u2606TimLikesTrains|ive learned the other day that I get extremely anxious during pokemon battles now\n|c| DannyMelon|NIGHTMARE NIGHTMARE NIGHTMARE\n|\n|t:|1776204118\n|switch|p2b: Sneasler|Sneasler, L50, F|100/100\n|move|p2a: Garganacl|Salt Cure|p1b: Tyranitar\n|-damage|p1b: Tyranitar|90/100\n|-start|p1b: Tyranitar|Salt Cure\n|move|p1b: Tyranitar|Curse|p1b: Tyranitar\n|-unboost|p1b: Tyranitar|spe|1\n|-boost|p1b: Tyranitar|atk|1\n|-boost|p1b: Tyranitar|def|1\n|move|p1a: Farigiraf|Psyshock|p2b: Sneasler\n|-supereffective|p2b: Sneasler|2\n|-damage|p2b: Sneasler|0 fnt\n|faint|p2b: Sneasler\n|\n|-weather|Sandstorm|[upkeep]\n|-damage|p1a: Farigiraf|94/100|[from] Sandstorm\n|-damage|p1b: Tyranitar|85/100|[from] Salt Cure\n|upkeep\n|j| Solarose\n|c| RyanMelon|ope\n|c|\u2606noodles080|OPE\n|c| Solarose|erm\n|c|\u2606noodles080|erm\n|\n|t:|1776204152\n|switch|p2b: Meganium|Meganium-Mega, L50, M|18/100 psn\n|turn|3\n|c|\u2606TimLikesTrains|what sneasler\n|\n|t:|1776204170\n|move|p1b: Tyranitar|Low Kick|p2a: Garganacl\n|-supereffective|p2a: Garganacl|1\n|-damage|p2a: Garganacl|26/100\n|move|p2a: Garganacl|Salt Cure|p1a: Farigiraf\n|-crit|p1a: Farigiraf\n|-damage|p1a: Farigiraf|80/100\n|-start|p1a: Farigiraf|Salt Cure\n|move|p1a: Farigiraf|Psyshock|p2b: Meganium\n|-damage|p2b: Meganium|0 fnt\n|faint|p2b: Meganium\n|\n|-weather|Sandstorm|[upkeep]\n|-damage|p1a: Farigiraf|74/100|[from] Sandstorm\n|-heal|p2a: Garganacl|32/100|[from] item: Leftovers\n|-damage|p1b: Tyranitar|79/100|[from] Salt Cure\n|-damage|p1a: Farigiraf|67/100|[from] Salt Cure\n|upkeep\n|\n|t:|1776204184\n|switch|p2b: Kingambit|Kingambit, L50, M|100/100\n|-activate|p2b: Kingambit|ability: Supreme Overlord\n|-start|p2b: Kingambit|fallen2|[silent]\n|turn|4\n|c| DannyMelon|i looked away and didnt see the sneasler, was confused what everyone was talkin about....\n|c| DannyMelon|tim goin HO\n|\n|t:|1776204208\n|move|p1b: Tyranitar|Low Kick|p2b: Kingambit\n|-supereffective|p2b: Kingambit|2\n|-enditem|p2b: Kingambit|Focus Sash\n|-damage|p2b: Kingambit|1/100\n|move|p2a: Garganacl|Salt Cure|p1b: Tyranitar\n|-damage|p1b: Tyranitar|71/100\n|move|p2b: Kingambit|Iron Head|p1b: Tyranitar\n|-supereffective|p1b: Tyranitar|1\n|-damage|p1b: Tyranitar|12/100\n|move|p1a: Farigiraf|Low Kick|p2a: Garganacl\n|-supereffective|p2a: Garganacl|1\n|-damage|p2a: Garganacl|3/100\n|\n|-weather|Sandstorm|[upkeep]\n|-damage|p1a: Farigiraf|61/100|[from] Sandstorm\n|-heal|p2a: Garganacl|9/100|[from] item: Leftovers\n|-damage|p1b: Tyranitar|6/100|[from] Salt Cure\n|-damage|p1a: Farigiraf|55/100|[from] Salt Cure\n|upkeep\n|turn|5\n|\n|t:|1776204253\n|move|p2b: Kingambit|Protect|p2b: Kingambit\n|-singleturn|p2b: Kingambit|Protect\n|move|p1b: Tyranitar|Curse|p1b: Tyranitar\n|-unboost|p1b: Tyranitar|spe|1\n|-boost|p1b: Tyranitar|atk|1\n|-boost|p1b: Tyranitar|def|1\n|move|p2a: Garganacl|Recover|p2a: Garganacl\n|-heal|p2a: Garganacl|59/100\n|move|p1a: Farigiraf|Hyper Voice|p2a: Garganacl|[spread] p2a\n|-activate|p2b: Kingambit|move: Protect\n|-resisted|p2a: Garganacl|1\n|-damage|p2a: Garganacl|51/100\n|\n|-weather|Sandstorm|[upkeep]\n|-damage|p1a: Farigiraf|49/100|[from] Sandstorm\n|-enditem|p1a: Farigiraf|Sitrus Berry|[eat]\n|-heal|p1a: Farigiraf|74/100|[from] item: Sitrus Berry\n|-heal|p2a: Garganacl|57/100|[from] item: Leftovers\n|-damage|p1b: Tyranitar|0 fnt|[from] Salt Cure\n|faint|p1b: Tyranitar\n|-damage|p1a: Farigiraf|67/100|[from] Salt Cure\n|-fieldend|move: Trick Room\n|-activate|p1a: Farigiraf|ability: Cud Chew\n|-enditem|p1a: Farigiraf|Sitrus Berry|[eat]\n|-heal|p1a: Farigiraf|92/100|[from] item: Sitrus Berry\n|upkeep\n|\n|t:|1776204261\n|switch|p1b: Floette|Floette-Eternal, L50, F|100/100\n|turn|6\n|c| DannyMelon|elite curse there timmy\n|\n|t:|1776204295\n|detailschange|p1b: Floette|Floette-Mega, L50, F\n|-mega|p1b: Floette|Floette|Floettite\n|-ability|p1b: Floette|Fairy Aura\n|move|p1b: Floette|Moonblast|p2b: Kingambit\n|-damage|p2b: Kingambit|0 fnt\n|faint|p2b: Kingambit\n|-end|p2b: Kingambit|fallen2|[silent]\n|move|p1a: Farigiraf|Low Kick|p2a: Garganacl\n|-supereffective|p2a: Garganacl|1\n|-damage|p2a: Garganacl|30/100\n|move|p2a: Garganacl|Salt Cure|p1b: Floette\n|-damage|p1b: Floette|89/100\n|-start|p1b: Floette|Salt Cure\n|\n|-weather|none\n|-heal|p2a: Garganacl|36/100|[from] item: Leftovers\n|-damage|p1b: Floette|83/100|[from] Salt Cure\n|-damage|p1a: Farigiraf|86/100|[from] Salt Cure\n|upkeep\n|turn|7\n|c|\u2606TimLikesTrains|idk if I attacked he wouldve suckered\n|c|\u2606TimLikesTrains|so i figured ttar was dead\n|c|\u2606TimLikesTrains|regardless\n|c| RyanMelon|Salt vs the world\n|c|\u2606TimLikesTrains|but he didnt sucker so I couldve killed garg a turn earlier I guess\n|c|\u2606TimLikesTrains|should always account for the misplay\n|c| DannyMelon|but then HV kills kingambit\n|\n|t:|1776204348\n|move|p2a: Garganacl|Protect|p2a: Garganacl\n|-singleturn|p2a: Garganacl|Protect\n|move|p1b: Floette|Moonblast|p2a: Garganacl\n|-activate|p2a: Garganacl|move: Protect\n|move|p1a: Farigiraf|Low Kick|p2a: Garganacl\n|-activate|p2a: Garganacl|move: Protect\n|\n|-heal|p2a: Garganacl|42/100|[from] item: Leftovers\n|-damage|p1b: Floette|77/100|[from] Salt Cure\n|-damage|p1a: Farigiraf|80/100|[from] Salt Cure\n|upkeep\n|turn|8\n|c|\u2606noodles080|can never kill garg\n|c| DannyMelon|Garganaci\n|\n|t:|1776204364\n|move|p1b: Floette|Moonblast|p2a: Garganacl\n|-damage|p2a: Garganacl|0 fnt\n|faint|p2a: Garganacl\n|\n|win|TimLikesTrains\n|c|\u2606TimLikesTrains|ggs\n|c|\u2606noodles080|rip\n",
  "uploadtime": 1776204369,
  "views": 46,
  "formatid": "gen9championsvgc2026regma",
  "rating": null,
  "private": 0,
  "password": null
}