{
  "id": "gen9championsvgc2026regma-2582630037",
  "format": "[Gen 9 Champions] VGC 2026 Reg M-A",
  "players": [
    "littenlover81",
    "MrGreenHoodie"
  ],
  "log": "|j|\u2606littenlover81\n|j|\u2606MrGreenHoodie\n|t:|1776103702\n|gametype|doubles\n|player|p1|littenlover81|1|1161\n|player|p2|MrGreenHoodie|red|1143\n|gen|9\n|tier|[Gen 9 Champions] VGC 2026 Reg M-A\n|rated|\n|rule|Species Clause: Limit one of each Pok\u00e9mon\n|rule|Item Clause: Limit 1 of each item\n|clearpoke\n|poke|p1|Gengar, L50, M|\n|poke|p1|Rotom-Frost, L50|\n|poke|p1|Sinistcha, L50|\n|poke|p1|Incineroar, L50, M|\n|poke|p1|Clefable, L50, F|\n|poke|p2|Aggron, L50, F|\n|poke|p2|Kommo-o, L50, M|\n|poke|p2|Farigiraf, L50, F|\n|poke|p2|Gengar, L50, M|\n|poke|p2|Pelipper, L50, M|\n|poke|p2|Basculegion, L50, M|\n|teampreview|4\n|inactive|Battle timer is ON: inactive players will automatically lose when time's up. (requested by littenlover81)\n|c|\u2606MrGreenHoodie|u testing? if so let me know what to run for you\nMrGreenHoodie has agreed to open team sheets.\n|inactive|littenlover81 has 60 seconds left.\n|inactive|MrGreenHoodie has 60 seconds left.\n|c|\u2606littenlover81|yea i am n thx but dw play like normal\n|c|\u2606MrGreenHoodie|aight, glhf\n|c|\u2606littenlover81|glhf\n|inactive|littenlover81 has 30 seconds left.\n|inactive|MrGreenHoodie has 30 seconds left.\n|inactive|littenlover81 has 20 seconds left.\n|\n|t:|1776103776\n|teamsize|p1|4\n|teamsize|p2|4\n|start\n|switch|p1a: Gengar|Gengar, L50, M|100/100\n|switch|p1b: Sinistcha|Sinistcha, L50|100/100\n|switch|p2a: Aggron|Aggron, L50, F|100/100\n|switch|p2b: Farigiraf|Farigiraf, L50, F|100/100\n|turn|1\n|\n|t:|1776103794\n|detailschange|p1a: Gengar|Gengar-Mega, L50, M\n|-mega|p1a: Gengar|Gengar|Gengarite\n|detailschange|p2a: Aggron|Aggron-Mega, L50, F\n|-mega|p2a: Aggron|Aggron|Aggronite\n|move|p1a: Gengar|Perish Song|p1a: Gengar\n|-start|p1a: Gengar|perish3|[silent]\n|-start|p1b: Sinistcha|perish3|[silent]\n|-start|p2a: Aggron|perish3|[silent]\n|-start|p2b: Farigiraf|perish3|[silent]\n|-fieldactivate|move: Perish Song\n|move|p2a: Aggron|Iron Defense|p2a: Aggron\n|-boost|p2a: Aggron|def|2\n|move|p1b: Sinistcha|Trick Room|p1b: Sinistcha\n|-fieldstart|move: Trick Room|[of] p1b: Sinistcha\n|move|p2b: Farigiraf|Trick Room|p2b: Farigiraf\n|-fieldend|move: Trick Room\n|\n|-start|p1a: Gengar|perish3\n|-start|p1b: Sinistcha|perish3\n|-start|p2b: Farigiraf|perish3\n|-start|p2a: Aggron|perish3\n|upkeep\n|turn|2\n|inactive|littenlover81 has 30 seconds left.\n|inactive|littenlover81 has 20 seconds left.\n|\n|t:|1776103833\n|move|p2b: Farigiraf|Helping Hand|p2a: Aggron\n|-singleturn|p2a: Aggron|Helping Hand|[of] p2b: Farigiraf\n|move|p1a: Gengar|Protect|p1a: Gengar\n|-singleturn|p1a: Gengar|Protect\n|move|p1b: Sinistcha|Protect|p1b: Sinistcha\n|-singleturn|p1b: Sinistcha|Protect\n|move|p2a: Aggron|Heavy Slam|p1b: Sinistcha\n|-activate|p1b: Sinistcha|move: Protect\n|\n|-start|p1a: Gengar|perish2\n|-start|p1b: Sinistcha|perish2\n|-start|p2b: Farigiraf|perish2\n|-start|p2a: Aggron|perish2\n|upkeep\n|turn|3\n|inactive|littenlover81 has 30 seconds left.\n|\n|t:|1776103867\n|move|p1a: Gengar|Substitute|p1a: Gengar\n|-start|p1a: Gengar|Substitute\n|-damage|p1a: Gengar|76/100\n|move|p2b: Farigiraf|Psychic|p1a: Gengar\n|-supereffective|p1a: Gengar|1\n|-end|p1a: Gengar|Substitute\n|move|p2a: Aggron|Heavy Slam|p1a: Gengar\n|-damage|p1a: Gengar|2/100\n|move|p1b: Sinistcha|Trick Room|p1b: Sinistcha\n|-fieldstart|move: Trick Room|[of] p1b: Sinistcha\n|\n|-start|p2a: Aggron|perish1\n|-start|p2b: Farigiraf|perish1\n|-start|p1b: Sinistcha|perish1\n|-start|p1a: Gengar|perish1\n|upkeep\n|turn|4\n|inactive|littenlover81 has 30 seconds left.\n|inactive|MrGreenHoodie has 30 seconds left.\n|\n|t:|1776103906\n|switch|p1a: Rotom|Rotom-Frost, L50|100/100\n|move|p2a: Aggron|Body Press|p1a: Rotom\n|-supereffective|p1a: Rotom|1\n|-enditem|p1a: Rotom|Focus Sash\n|-damage|p1a: Rotom|1/100\n|move|p2b: Farigiraf|Psychic|p1b: Sinistcha\n|-damage|p1b: Sinistcha|55/100\n|move|p1b: Sinistcha|Trick Room|p1b: Sinistcha\n|-fieldend|move: Trick Room\n|\n|-start|p1b: Sinistcha|perish0\n|-start|p2b: Farigiraf|perish0\n|-start|p2a: Aggron|perish0\n|upkeep\n|faint|p1b: Sinistcha\n|faint|p2b: Farigiraf\n|faint|p2a: Aggron\n|\n|t:|1776103920\n|switch|p1b: Gengar|Gengar-Mega, L50, M|2/100\n|switch|p2b: Basculegion|Basculegion, L50, M|100/100\n|switch|p2a: Kommo-o|Kommo-o, L50, M|100/100\n|turn|5\n|\n|t:|1776103942\n|switch|p1a: Clefable|Clefable, L50, F|100/100\n|move|p1b: Gengar|Protect|p1b: Gengar\n|-singleturn|p1b: Gengar|Protect\n|move|p2a: Kommo-o|Protect|p2a: Kommo-o\n|-singleturn|p2a: Kommo-o|Protect\n|move|p2b: Basculegion|Aqua Jet|p1b: Gengar\n|-activate|p1b: Gengar|move: Protect\n|\n|upkeep\n|turn|6\n|inactive|MrGreenHoodie has 30 seconds left.\n|\n|t:|1776103972\n|move|p2a: Kommo-o|Protect|p2a: Kommo-o\n|-singleturn|p2a: Kommo-o|Protect\n|move|p1a: Clefable|Follow Me|p1a: Clefable\n|-singleturn|p1a: Clefable|move: Follow Me\n|move|p2b: Basculegion|Aqua Jet|p1a: Clefable\n|-damage|p1a: Clefable|69/100\n|move|p1b: Gengar|Perish Song|p1b: Gengar\n|-start|p1a: Clefable|perish3|[silent]\n|-start|p1b: Gengar|perish3|[silent]\n|-immune|p2a: Kommo-o|[from] ability: Soundproof\n|-start|p2b: Basculegion|perish3|[silent]\n|-fieldactivate|move: Perish Song\n|\n|-start|p1b: Gengar|perish3\n|-start|p2b: Basculegion|perish3\n|-start|p1a: Clefable|perish3\n|upkeep\n|turn|7\n|\n|t:|1776103995\n|move|p1b: Gengar|Shadow Ball|p2a: Kommo-o\n|-damage|p2a: Kommo-o|47/100\n|move|p2a: Kommo-o|Aura Sphere|p1b: Gengar\n|-immune|p1b: Gengar\n|move|p2b: Basculegion|Last Respects|p1a: Clefable\n|-damage|p1a: Clefable|0 fnt\n|faint|p1a: Clefable\n|\n|-heal|p2a: Kommo-o|53/100|[from] item: Leftovers\n|-start|p1b: Gengar|perish2\n|-start|p2b: Basculegion|perish2\n|upkeep\n|\n|t:|1776104008\n|switch|p1a: Rotom|Rotom-Frost, L50|1/100\n|turn|8\n|inactive|littenlover81 has 30 seconds left.\n|inactive|littenlover81 has 20 seconds left.\n|inactive|littenlover81 has 15 seconds left.\n|\n|t:|1776104050\n|move|p2b: Basculegion|Aqua Jet|p1a: Rotom\n|-damage|p1a: Rotom|0 fnt\n|faint|p1a: Rotom\n|move|p1b: Gengar|Shadow Ball|p2a: Kommo-o\n|-damage|p2a: Kommo-o|0 fnt\n|faint|p2a: Kommo-o\n|\n|-start|p1b: Gengar|perish1\n|-start|p2b: Basculegion|perish1\n|upkeep\n|turn|9\n|c|\u2606MrGreenHoodie|dang a tragedy\n|n|!littenlover81|littenlover81\n|\n|t:|1776104074\n|move|p1b: Gengar|Protect|p1b: Gengar\n|-singleturn|p1b: Gengar|Protect\n|move|p2b: Basculegion|Last Respects|p1b: Gengar\n|-activate|p1b: Gengar|move: Protect\n|\n|-start|p1b: Gengar|perish0\n|-start|p2b: Basculegion|perish0\n|faint|p1b: Gengar\n|faint|p2b: Basculegion\n|\n|win|MrGreenHoodie\n",
  "uploadtime": 1776104066,
  "views": 13,
  "formatid": "gen9championsvgc2026regma",
  "rating": null,
  "private": 0,
  "password": null
}