{
  "id": "gen9championsvgc2026regma-2583711904",
  "format": "[Gen 9 Champions] VGC 2026 Reg M-A",
  "players": [
    "luispr",
    "MefShowdown0"
  ],
  "log": "|j|\u2606luispr\n|j|\u2606MefShowdown0\n|t:|1776192589\n|gametype|doubles\n|player|p1|luispr|boarder|1179\n|player|p2|MefShowdown0|selene-masters2|1113\n|gen|9\n|tier|[Gen 9 Champions] VGC 2026 Reg M-A\n|rated|\n|rule|Species Clause: Limit one of each Pok\u00e9mon\n|rule|Item Clause: Limit 1 of each item\n|clearpoke\n|poke|p1|Floette-Eternal, L50, F|\n|poke|p1|Dragapult, L50, F|\n|poke|p1|Whimsicott, L50, F|\n|poke|p1|Incineroar, L50, M|\n|poke|p1|Excadrill, L50, M|\n|poke|p1|Pelipper, L50, F|\n|poke|p2|Floette-Eternal, L50, F|\n|poke|p2|Delphox, L50, F|\n|poke|p2|Aerodactyl, L50, M|\n|poke|p2|Maushold, L50|\n|poke|p2|Garchomp, L50, F|\n|poke|p2|Incineroar, L50, M|\n|teampreview|4\n|inactive|Battle timer is ON: inactive players will automatically lose when time's up. (requested by MefShowdown0)\n|\n|t:|1776192638\n|teamsize|p1|4\n|teamsize|p2|4\n|start\n|switch|p1a: Floette|Floette-Eternal, L50, F|100/100\n|switch|p1b: Whimsicott|Whimsicott, L50, F|100/100\n|switch|p2a: Floette|Floette-Eternal, L50, F|100/100\n|switch|p2b: Maushold|Maushold, L50|100/100\n|turn|1\n|inactive|luispr has 30 seconds left.\n|\n|t:|1776192666\n|detailschange|p2a: Floette|Floette-Mega, L50, F\n|-mega|p2a: Floette|Floette|Floettite\n|-ability|p2a: Floette|Fairy Aura\n|detailschange|p1a: Floette|Floette-Mega, L50, F\n|-mega|p1a: Floette|Floette|Floettite\n|-ability|p1a: Floette|Fairy Aura\n|move|p1b: Whimsicott|Fake Tears|p2a: Floette\n|-unboost|p2a: Floette|spd|2\n|move|p2b: Maushold|Super Fang|p1a: Floette\n|-damage|p1a: Floette|51/100\n|move|p2a: Floette|Calm Mind|p2a: Floette\n|-boost|p2a: Floette|spa|1\n|-boost|p2a: Floette|spd|1\n|move|p1a: Floette|Dazzling Gleam|p2a: Floette|[spread] p2a,p2b\n|-damage|p2a: Floette|56/100\n|-damage|p2b: Maushold|31/100\n|\n|upkeep\n|turn|2\n|inactive|luispr has 30 seconds left.\n|inactive|MefShowdown0 has 30 seconds left.\n|\n|t:|1776192694\n|move|p2b: Maushold|Follow Me|p2b: Maushold\n|-singleturn|p2b: Maushold|move: Follow Me\n|move|p1b: Whimsicott|Tailwind|p1b: Whimsicott\n|-sidestart|p1: luispr|move: Tailwind\n|move|p1a: Floette|Dazzling Gleam|p2a: Floette|[spread] p2a,p2b\n|-damage|p2a: Floette|12/100\n|-damage|p2b: Maushold|0 fnt\n|faint|p2b: Maushold\n|move|p2a: Floette|Dazzling Gleam|p1b: Whimsicott|[spread] p1a,p1b\n|-damage|p1a: Floette|0 fnt\n|-enditem|p1b: Whimsicott|Focus Sash\n|-damage|p1b: Whimsicott|1/100\n|faint|p1a: Floette\n|\n|upkeep\n|\n|t:|1776192706\n|switch|p2b: Aerodactyl|Aerodactyl, L50, M|100/100\n|switch|p1a: Dragapult|Dragapult, L50, F|100/100\n|-ability|p2b: Aerodactyl|Unnerve\n|turn|3\n|\n|t:|1776192728\n|move|p2a: Floette|Protect|p2a: Floette\n|-singleturn|p2a: Floette|Protect\n|move|p1a: Dragapult|U-turn|p2b: Aerodactyl\n|-resisted|p2b: Aerodactyl|1\n|-damage|p2b: Aerodactyl|86/100\n|\n|t:|1776192733\n|switch|p1a: Incineroar|Incineroar, L50, M|100/100|[from] U-turn\n|-ability|p1a: Incineroar|Intimidate|boost\n|-unboost|p2a: Floette|atk|1\n|-unboost|p2b: Aerodactyl|atk|1\n|move|p1b: Whimsicott|Moonblast|p2a: Floette\n|-activate|p2a: Floette|move: Protect\n|move|p2b: Aerodactyl|Tailwind|p2b: Aerodactyl\n|-sidestart|p2: MefShowdown0|move: Tailwind\n|\n|upkeep\n|turn|4\n|\n|t:|1776192757\n|switch|p2a: Garchomp|Garchomp, L50, F|100/100\n|move|p1a: Incineroar|Fake Out|p2a: Garchomp\n|-damage|p2a: Garchomp|89/100\n|-damage|p1a: Incineroar|88/100|[from] ability: Rough Skin|[of] p2a: Garchomp\n|move|p2b: Aerodactyl|Rock Slide|p1a: Incineroar|[spread] p1a,p1b\n|-supereffective|p1a: Incineroar|1\n|-damage|p1a: Incineroar|59/100\n|-damage|p1b: Whimsicott|0 fnt\n|faint|p1b: Whimsicott\n|\n|upkeep\n|\n|t:|1776192761\n|switch|p1b: Dragapult|Dragapult, L50, F|100/100\n|turn|5\n|\n|t:|1776192783\n|move|p2a: Garchomp|Protect|p2a: Garchomp\n|-singleturn|p2a: Garchomp|Protect\n|move|p1b: Dragapult|Draco Meteor|p2a: Garchomp\n|-activate|p2a: Garchomp|move: Protect\n|move|p2b: Aerodactyl|Rock Slide|p1b: Dragapult|[spread] p1a,p1b\n|-supereffective|p1a: Incineroar|1\n|-damage|p1a: Incineroar|32/100\n|-damage|p1b: Dragapult|77/100\n|move|p1a: Incineroar|Darkest Lariat|p2b: Aerodactyl\n|-damage|p2b: Aerodactyl|25/100\n|\n|-sideend|p1: luispr|move: Tailwind\n|upkeep\n|turn|6\n|inactive|luispr has 30 seconds left.\n|inactive|MefShowdown0 has 30 seconds left.\n|\n|t:|1776192815\n|move|p1b: Dragapult|Protect|p1b: Dragapult\n|-singleturn|p1b: Dragapult|Protect\n|move|p2b: Aerodactyl|Rock Slide|p1a: Incineroar|[spread] p1a\n|-activate|p1b: Dragapult|move: Protect\n|-supereffective|p1a: Incineroar|1\n|-damage|p1a: Incineroar|0 fnt\n|faint|p1a: Incineroar\n|move|p2a: Garchomp|Dragon Claw|p1b: Dragapult\n|-activate|p1b: Dragapult|move: Protect\n|\n|-sideend|p2: MefShowdown0|move: Tailwind\n|upkeep\n|turn|7\n|\n|t:|1776192825\n|move|p1b: Dragapult|Shadow Ball|p2b: Aerodactyl\n|-damage|p2b: Aerodactyl|0 fnt\n|faint|p2b: Aerodactyl\n|move|p2a: Garchomp|Dragon Claw|p1b: Dragapult\n|-supereffective|p1b: Dragapult|1\n|-damage|p1b: Dragapult|0 fnt\n|faint|p1b: Dragapult\n|\n|win|MefShowdown0\n|raw|luispr's rating: 1179 &rarr; <strong>1149</strong><br />(-30 for losing)\n|raw|MefShowdown0's rating: 1113 &rarr; <strong>1143</strong><br />(+30 for winning)\n",
  "uploadtime": 1776192825,
  "views": 14,
  "formatid": "gen9championsvgc2026regma",
  "rating": 1143,
  "private": 0,
  "password": null
}