{
  "id": "gen9championsvgc2026regma-2583859950",
  "format": "[Gen 9 Champions] VGC 2026 Reg M-A",
  "players": [
    "Captain Clean 13",
    "Arm4strong"
  ],
  "log": "|j|\u2606Captain Clean 13\n|j|\u2606Arm4strong\n|t:|1776203350\n|gametype|doubles\n|player|p1|Captain Clean 13|steven|1134\n|player|p2|Arm4strong|265|1157\n|gen|9\n|tier|[Gen 9 Champions] VGC 2026 Reg M-A\n|rated|\n|rule|Species Clause: Limit one of each Pok\u00e9mon\n|rule|Item Clause: Limit 1 of each item\n|clearpoke\n|poke|p1|Milotic, L50, F|\n|poke|p1|Tyranitar, L50, F|\n|poke|p1|Lucario, L50, M|\n|poke|p1|Sinistcha, L50|\n|poke|p1|Corviknight, L50, F|\n|poke|p1|Dragapult, L50, M|\n|poke|p2|Sneasler, L50, M|\n|poke|p2|Rotom-Heat, L50|\n|poke|p2|Basculegion, L50, M|\n|poke|p2|Archaludon, L50, M|\n|poke|p2|Politoed, L50, F|\n|poke|p2|Dragonite, L50, M|\n|teampreview|4\n|inactive|Battle timer is ON: inactive players will automatically lose when time's up. (requested by Captain Clean 13)\n|c|\u2606Captain Clean 13|glhf!\n|\n|t:|1776203375\n|teamsize|p1|4\n|teamsize|p2|4\n|start\n|switch|p1a: Permanence|Milotic, L50, F|100/100\n|switch|p1b: Honey IShotTheKids|Dragapult, L50, M|100/100\n|switch|p2a: Archaludon|Archaludon, L50, M|100/100\n|switch|p2b: Politoed|Politoed, L50, F|100/100\n|-weather|RainDance|[from] ability: Drizzle|[of] p2b: Politoed\n|turn|1\n|\n|t:|1776203391\n|move|p1b: Honey IShotTheKids|Draco Meteor|p2a: Archaludon\n|-damage|p2a: Archaludon|12/100\n|-unboost|p1b: Honey IShotTheKids|spa|2\n|-ability|p2a: Archaludon|Stamina|boost\n|-boost|p2a: Archaludon|def|1\n|move|p2a: Archaludon|Flash Cannon|p1a: Permanence\n|-resisted|p1a: Permanence|1\n|-damage|p1a: Permanence|85/100\n|move|p1a: Permanence|Dragon Cheer|p1b: Honey IShotTheKids\n|-start|p1b: Honey IShotTheKids|move: Dragon Cheer\n|move|p2b: Politoed|Rain Dance||[still]\n|-fail|p2b: Politoed\n|\n|-weather|RainDance|[upkeep]\n|-heal|p2a: Archaludon|18/100|[from] item: Leftovers\n|-heal|p1a: Permanence|91/100|[from] item: Leftovers\n|upkeep\n|turn|2\n|c|\u2606Captain Clean 13|um\n|c|\u2606Captain Clean 13|ok\n|inactive|Captain Clean 13 has 30 seconds left.\n|inactive|Arm4strong has 30 seconds left.\n|inactive|Captain Clean 13 has 20 seconds left.\n|\n|t:|1776203429\n|move|p2a: Archaludon|Protect|p2a: Archaludon\n|-singleturn|p2a: Archaludon|Protect\n|move|p1b: Honey IShotTheKids|Shadow Ball|p2a: Archaludon\n|-activate|p2a: Archaludon|move: Protect\n|move|p1a: Permanence|Icy Wind|p2b: Politoed|[spread] p2b\n|-activate|p2a: Archaludon|move: Protect\n|-resisted|p2b: Politoed|1\n|-damage|p2b: Politoed|97/100\n|-unboost|p2b: Politoed|spe|1\n|move|p2b: Politoed|Weather Ball|p1b: Honey IShotTheKids\n|-resisted|p1b: Honey IShotTheKids|1\n|-damage|p1b: Honey IShotTheKids|69/100\n|\n|-weather|RainDance|[upkeep]\n|-heal|p2a: Archaludon|24/100|[from] item: Leftovers\n|-heal|p1a: Permanence|97/100|[from] item: Leftovers\n|upkeep\n|turn|3\n|c|\u2606Arm4strong|can't blame me for thinging youd switch ttar\n|c|\u2606Captain Clean 13|I mean\n|c|\u2606Captain Clean 13|I can a little bit\n|inactive|Arm4strong has 30 seconds left.\n|inactive|Arm4strong has 20 seconds left.\n|inactive|Arm4strong has 15 seconds left.\n|inactive|Arm4strong has 10 seconds left.\n|\n|t:|1776203477\n|switch|p1a: Tyranitar|Tyranitar, L50, F|100/100\n|-weather|Sandstorm|[from] ability: Sand Stream|[of] p1a: Tyranitar\n|move|p1b: Honey IShotTheKids|Draco Meteor|p2a: Archaludon\n|-crit|p2a: Archaludon\n|-damage|p2a: Archaludon|0 fnt\n|-unboost|p1b: Honey IShotTheKids|spa|2\n|faint|p2a: Archaludon\n|move|p2b: Politoed|Weather Ball|p1b: Honey IShotTheKids\n|-damage|p1b: Honey IShotTheKids|43/100\n|\n|-weather|Sandstorm|[upkeep]\n|-damage|p1b: Honey IShotTheKids|37/100|[from] Sandstorm\n|-damage|p2b: Politoed|91/100|[from] Sandstorm\n|upkeep\n|\n|t:|1776203494\n|switch|p2a: Dragonite|Dragonite, L50, M|100/100\n|turn|4\n|\n|t:|1776203509\n|detailschange|p2a: Dragonite|Dragonite-Mega, L50, M\n|-mega|p2a: Dragonite|Dragonite|Dragoninite\n|move|p2a: Dragonite|Protect|p2a: Dragonite\n|-singleturn|p2a: Dragonite|Protect\n|move|p1b: Honey IShotTheKids|Draco Meteor|p2a: Dragonite\n|-activate|p2a: Dragonite|move: Protect\n|move|p1a: Tyranitar|Rock Slide|p2b: Politoed|[spread] p2b\n|-activate|p2a: Dragonite|move: Protect\n|-damage|p2b: Politoed|60/100\n|move|p2b: Politoed|Rain Dance|p2b: Politoed\n|-weather|RainDance\n|\n|-weather|RainDance|[upkeep]\n|upkeep\n|turn|5\n|inactive|Arm4strong has 30 seconds left.\n|c|\u2606Captain Clean 13|I wonder how much this will do\n|inactive|Arm4strong has 20 seconds left.\n|inactive|Arm4strong has 15 seconds left.\n|inactive|Arm4strong has 10 seconds left.\n|c|\u2606Captain Clean 13|60-80% is my bet\n|\n|t:|1776203556\n|detailschange|p1a: Tyranitar|Tyranitar-Mega, L50, F\n|-mega|p1a: Tyranitar|Tyranitar|Tyranitarite\n|-weather|Sandstorm|[from] ability: Sand Stream|[of] p1a: Tyranitar\n|move|p2b: Politoed|Protect|p2b: Politoed\n|-singleturn|p2b: Politoed|Protect\n|move|p1b: Honey IShotTheKids|Draco Meteor|p2a: Dragonite\n|-supereffective|p2a: Dragonite|1\n|-crit|p2a: Dragonite\n|-damage|p2a: Dragonite|33/100\n|-unboost|p1b: Honey IShotTheKids|spa|2\n|move|p2a: Dragonite|Hurricane|p1b: Honey IShotTheKids\n|-damage|p1b: Honey IShotTheKids|0 fnt\n|faint|p1b: Honey IShotTheKids\n|move|p1a: Tyranitar|Rock Slide|p2a: Dragonite|[spread] p2a\n|-activate|p2b: Politoed|move: Protect\n|-supereffective|p2a: Dragonite|1\n|-damage|p2a: Dragonite|0 fnt\n|faint|p2a: Dragonite\n|\n|-weather|Sandstorm|[upkeep]\n|-damage|p2b: Politoed|54/100|[from] Sandstorm\n|upkeep\n|\n|t:|1776203574\n|switch|p1b: Aura|Lucario, L50, M|100/100\n|switch|p2a: Basculegion|Basculegion, L50, M|100/100\n|turn|6\n|\n|t:|1776203585\n|move|p1b: Aura|Close Combat|p2b: Politoed\n|-damage|p2b: Politoed|0 fnt\n|-unboost|p1b: Aura|def|1\n|-unboost|p1b: Aura|spd|1\n|faint|p2b: Politoed\n|move|p2a: Basculegion|Last Respects|p1b: Aura\n|-damage|p1b: Aura|0 fnt\n|faint|p1b: Aura\n|move|p1a: Tyranitar|Knock Off|p2a: Basculegion\n|-supereffective|p2a: Basculegion|1\n|-damage|p2a: Basculegion|0 fnt\n|-enditem|p2a: Basculegion|Mystic Water|[from] move: Knock Off|[of] p1a: Tyranitar\n|faint|p2a: Basculegion\n|\n|win|Captain Clean 13\n|raw|Captain Clean 13's rating: 1134 &rarr; <strong>1161</strong><br />(+27 for winning)\n|raw|Arm4strong's rating: 1157 &rarr; <strong>1130</strong><br />(-27 for losing)\n|c|\u2606Captain Clean 13|GG\n|l|\u2606Arm4strong\n|player|p2|\n",
  "uploadtime": 1776203600,
  "views": 25,
  "formatid": "gen9championsvgc2026regma",
  "rating": 1130,
  "private": 0,
  "password": null
}