{
  "id": "gen9championsvgc2026regma-2580901431",
  "format": "[Gen 9 Champions] VGC 2026 Reg M-A",
  "players": [
    "johnnyboywizard",
    "Find jrx"
  ],
  "log": "|j|\u2606johnnyboywizard\n|j|\u2606Find jrx\n|t:|1775941815\n|gametype|doubles\n|player|p1|johnnyboywizard|101|1074\n|player|p2|Find jrx|101|1026\n|gen|9\n|tier|[Gen 9 Champions] VGC 2026 Reg M-A\n|rated|\n|rule|Species Clause: Limit one of each Pok\u00e9mon\n|rule|Item Clause: Limit 1 of each item\n|clearpoke\n|poke|p1|Delphox, L50, M|\n|poke|p1|Garchomp, L50, F|\n|poke|p1|Whimsicott, L50, F|\n|poke|p1|Meowstic, L50, M|\n|poke|p1|Sneasler, L50, F|\n|poke|p1|Orthworm, L50, F|\n|poke|p2|Gengar, L50, F|\n|poke|p2|Volcarona, L50, F|\n|poke|p2|Starmie, L50|\n|poke|p2|Incineroar, L50, F|\n|poke|p2|Bastiodon, L50, F|\n|poke|p2|Feraligatr, L50, F|\n|teampreview|4\n|\n|t:|1775941847\n|teamsize|p1|4\n|teamsize|p2|4\n|start\n|switch|p1a: Whimsicott|Whimsicott, L50, F|100/100\n|switch|p1b: Sneasler|Sneasler, L50, F|100/100\n|switch|p2a: Gengar|Gengar, L50, F|100/100\n|switch|p2b: Incineroar|Incineroar, L50, F|100/100\n|-ability|p2b: Incineroar|Intimidate|boost\n|-unboost|p1a: Whimsicott|atk|1\n|-unboost|p1b: Sneasler|atk|1\n|turn|1\n|\n|t:|1775941863\n|detailschange|p2a: Gengar|Gengar-Mega, L50, F\n|-mega|p2a: Gengar|Gengar|Gengarite\n|move|p1b: Sneasler|Fake Out|p2b: Incineroar\n|-damage|p2b: Incineroar|90/100\n|cant|p2b: Incineroar|flinch\n|move|p1a: Whimsicott|Tailwind|p1a: Whimsicott\n|-sidestart|p1: johnnyboywizard|move: Tailwind\n|move|p2a: Gengar|Perish Song|p2a: Gengar\n|-start|p1a: Whimsicott|perish3|[silent]\n|-start|p1b: Sneasler|perish3|[silent]\n|-start|p2a: Gengar|perish3|[silent]\n|-start|p2b: Incineroar|perish3|[silent]\n|-fieldactivate|move: Perish Song\n|\n|-start|p1a: Whimsicott|perish3\n|-start|p1b: Sneasler|perish3\n|-start|p2a: Gengar|perish3\n|-start|p2b: Incineroar|perish3\n|upkeep\n|turn|2\n|\n|t:|1775941894\n|move|p2a: Gengar|Protect|p2a: Gengar\n|-singleturn|p2a: Gengar|Protect\n|move|p1a: Whimsicott|Moonblast|p2b: Incineroar\n|-damage|p2b: Incineroar|58/100\n|move|p1b: Sneasler|Dire Claw|p2b: Incineroar\n|-crit|p2b: Incineroar\n|-damage|p2b: Incineroar|0 fnt\n|faint|p2b: Incineroar\n|\n|-start|p1a: Whimsicott|perish2\n|-start|p1b: Sneasler|perish2\n|-start|p2a: Gengar|perish2\n|upkeep\n|\n|t:|1775941908\n|switch|p2b: Starmie|Starmie, L50|100/100\n|turn|3\n|\n|t:|1775941925\n|switch|p2a: Volcarona|Volcarona, L50, F|100/100\n|move|p1a: Whimsicott|Moonblast|p2b: Starmie\n|-damage|p2b: Starmie|49/100\n|move|p1b: Sneasler|Dire Claw|p2b: Starmie\n|-damage|p2b: Starmie|3/100\n|-status|p2b: Starmie|slp\n|cant|p2b: Starmie|slp\n|\n|-start|p1a: Whimsicott|perish1\n|-start|p1b: Sneasler|perish1\n|upkeep\n|turn|4\n|\n|t:|1775941946\n|switch|p1a: Garchomp|Garchomp, L50, F|100/100\n|switch|p1b: Delphox|Delphox, L50, M|100/100\n|switch|p2b: Gengar|Gengar-Mega, L50, F|100/100\n|move|p2a: Volcarona|Quiver Dance|p2a: Volcarona\n|-boost|p2a: Volcarona|spa|1\n|-boost|p2a: Volcarona|spd|1\n|-boost|p2a: Volcarona|spe|1\n|\n|-sideend|p1: johnnyboywizard|move: Tailwind\n|upkeep\n|turn|5\n|-message|Find jrx forfeited.\n|\n|win|johnnyboywizard\n|raw|johnnyboywizard's rating: 1074 &rarr; <strong>1099</strong><br />(+25 for winning)\n|raw|Find jrx's rating: 1026 &rarr; <strong>1014</strong><br />(-12 for losing)\n|l|\u2606Find jrx\n|player|p2|\n",
  "uploadtime": 1775941970,
  "views": 19,
  "formatid": "gen9championsvgc2026regma",
  "rating": 1014,
  "private": 0,
  "password": null
}