{
  "id": "gen9championsvgc2026regma-2582785496",
  "format": "[Gen 9 Champions] VGC 2026 Reg M-A",
  "players": [
    "jackoek11",
    "pipppo"
  ],
  "log": "|j|\u2606jackoek11\n|j|\u2606pipppo\n|t:|1776113977\n|gametype|doubles\n|player|p1|jackoek11|170|1426\n|player|p2|pipppo|leaf-gen3|1542\n|gen|9\n|tier|[Gen 9 Champions] VGC 2026 Reg M-A\n|rated|\n|rule|Species Clause: Limit one of each Pok\u00e9mon\n|rule|Item Clause: Limit 1 of each item\n|clearpoke\n|poke|p1|Floette-Eternal, L50, F|\n|poke|p1|Kingambit, L50, M|\n|poke|p1|Garchomp, L50, M|\n|poke|p1|Incineroar, L50, F|\n|poke|p1|Sinistcha, L50|\n|poke|p1|Corviknight, L50, M|\n|poke|p2|Talonflame, L50, F|\n|poke|p2|Garchomp, L50, M|\n|poke|p2|Blastoise, L50, M|\n|poke|p2|Kingambit, L50, M|\n|poke|p2|Sylveon, L50, F|\n|poke|p2|Sinistcha, L50|\n|teampreview|4\n|j| PapaBigBelly\n|\n|t:|1776114025\n|teamsize|p1|4\n|teamsize|p2|4\n|start\n|switch|p1a: Garchomp|Garchomp, L50, M, shiny|100/100\n|switch|p1b: Corviknight|Corviknight, L50, M, shiny|100/100\n|switch|p2a: Talonflame|Talonflame, L50, F|100/100\n|switch|p2b: Blastoise|Blastoise, L50, M|100/100\n|turn|1\n|inactive|Battle timer is ON: inactive players will automatically lose when time's up. (requested by jackoek11)\n|\n|t:|1776114047\n|detailschange|p2b: Blastoise|Blastoise-Mega, L50, M\n|-mega|p2b: Blastoise|Blastoise|Blastoisinite\n|move|p1a: Garchomp|Protect|p1a: Garchomp\n|-singleturn|p1a: Garchomp|Protect\n|move|p2a: Talonflame|Tailwind|p2a: Talonflame\n|-sidestart|p2: pipppo|move: Tailwind\n|move|p2b: Blastoise|Water Spout|p1b: Corviknight|[spread] p1b\n|-activate|p1a: Garchomp|move: Protect\n|-damage|p1b: Corviknight|53/100\n|move|p1b: Corviknight|Tailwind|p1b: Corviknight\n|-sidestart|p1: jackoek11|move: Tailwind\n|\n|-heal|p1b: Corviknight|59/100|[from] item: Leftovers\n|upkeep\n|turn|2\n|\n|t:|1776114058\n|move|p2a: Talonflame|Rain Dance|p2a: Talonflame\n|-weather|RainDance\n|move|p1a: Garchomp|Rock Slide|p2a: Talonflame|[spread] p2a,p2b\n|-supereffective|p2a: Talonflame|2\n|-damage|p2a: Talonflame|0 fnt\n|-damage|p2b: Blastoise|81/100\n|faint|p2a: Talonflame\n|move|p2b: Blastoise|Water Spout|p1b: Corviknight|[spread] p1a,p1b\n|-damage|p1a: Garchomp|8/100\n|-damage|p1b: Corviknight|0 fnt\n|faint|p1b: Corviknight\n|\n|-weather|RainDance|[upkeep]\n|upkeep\n|\n|t:|1776114066\n|switch|p2a: Sylveon|Sylveon, L50, F|100/100\n|switch|p1b: Floette|Floette-Eternal, L50, F|100/100\n|turn|3\n|\n|t:|1776114075\n|detailschange|p1b: Floette|Floette-Mega, L50, F\n|-mega|p1b: Floette|Floette|Floettite\n|-ability|p1b: Floette|Fairy Aura\n|move|p1b: Floette|Protect|p1b: Floette\n|-singleturn|p1b: Floette|Protect\n|move|p2a: Sylveon|Quick Attack|p1a: Garchomp\n|-supereffective|p1a: Garchomp|1\n|-damage|p1a: Garchomp|0 fnt\n|-damage|p2a: Sylveon|88/100|[from] ability: Rough Skin|[of] p1a: Garchomp\n|faint|p1a: Garchomp\n|move|p2b: Blastoise|Water Spout|p1b: Floette\n|-activate|p1b: Floette|move: Protect\n|\n|-weather|RainDance|[upkeep]\n|upkeep\n|\n|t:|1776114081\n|switch|p1a: Kingambit|Kingambit, L50, M, shiny|100/100\n|turn|4\n|\n|t:|1776114089\n|move|p1a: Kingambit|Sucker Punch|p2b: Blastoise\n|-damage|p2b: Blastoise|37/100\n|move|p1b: Floette|Calm Mind|p1b: Floette\n|-boost|p1b: Floette|spa|1\n|-boost|p1b: Floette|spd|1\n|move|p2b: Blastoise|Aura Sphere|p1a: Kingambit\n|-supereffective|p1a: Kingambit|2\n|-damage|p1a: Kingambit|0 fnt\n|faint|p1a: Kingambit\n|move|p2a: Sylveon|Hyper Voice|p1b: Floette\n|-damage|p1b: Floette|57/100\n|\n|-weather|RainDance|[upkeep]\n|-sideend|p2: pipppo|move: Tailwind\n|-sideend|p1: jackoek11|move: Tailwind\n|upkeep\n|turn|5\n|\n|t:|1776114101\n|move|p1b: Floette|Draining Kiss|p2b: Blastoise\n|-damage|p2b: Blastoise|0 fnt\n|-heal|p1b: Floette|81/100|[from] drain|[of] p2b: Blastoise\n|faint|p2b: Blastoise\n|move|p2a: Sylveon|Hyper Voice|p1b: Floette\n|-damage|p1b: Floette|38/100\n|\n|-weather|RainDance|[upkeep]\n|upkeep\n|\n|t:|1776114107\n|switch|p2b: Kingambit|Kingambit, L50, M|100/100\n|turn|6\n|\n|t:|1776114112\n|move|p1b: Floette|Draining Kiss|p2a: Sylveon\n|-damage|p2a: Sylveon|43/100\n|-heal|p1b: Floette|75/100|[from] drain|[of] p2a: Sylveon\n|move|p2a: Sylveon|Hyper Voice|p1b: Floette\n|-damage|p1b: Floette|32/100\n|move|p2b: Kingambit|Iron Head|p1b: Floette\n|-supereffective|p1b: Floette|1\n|-damage|p1b: Floette|0 fnt\n|faint|p1b: Floette\n|\n|win|pipppo\n|raw|jackoek11's rating: 1426 &rarr; <strong>1412</strong><br />(-14 for losing)\n|raw|pipppo's rating: 1542 &rarr; <strong>1556</strong><br />(+14 for winning)\n|l|\u2606jackoek11\n|player|p1|\n",
  "uploadtime": 1776114119,
  "views": 36,
  "formatid": "gen9championsvgc2026regma",
  "rating": 1412,
  "private": 0,
  "password": null
}