{
  "id": "gen9championsvgc2026regma-2588902785",
  "format": "[Gen 9 Champions] VGC 2026 Reg M-A",
  "players": [
    "niconutella",
    "gundi8"
  ],
  "log": "|j|\u2606niconutella\n|j|\u2606gundi8\n|t:|1776684219\n|gametype|doubles\n|player|p1|niconutella|pokemaniac|1124\n|player|p2|gundi8|ethan|1040\n|gen|9\n|tier|[Gen 9 Champions] VGC 2026 Reg M-A\n|rated|\n|rule|Species Clause: Limit one of each Pok\u00e9mon\n|rule|Item Clause: Limit 1 of each item\n|clearpoke\n|poke|p1|Charizard, L50, M, shiny|\n|poke|p1|Maushold-Four, L50|\n|poke|p1|Sneasler, L50, M, shiny|\n|poke|p1|Garchomp, L50, M|\n|poke|p1|Kingambit, L50, F, shiny|\n|poke|p1|Dragapult, L50, M|\n|poke|p2|Venusaur, L50, M, shiny|\n|poke|p2|Incineroar, L50, M, shiny|\n|poke|p2|Tyranitar, L50, M|\n|poke|p2|Garchomp, L50, M|\n|poke|p2|Rotom-Wash, L50|\n|poke|p2|Gardevoir, L50, F|\n|teampreview|4\n|inactive|Battle timer is ON: inactive players will automatically lose when time's up. (requested by gundi8)\n|inactive|gundi8 has 60 seconds left.\n|\n|t:|1776684270\n|teamsize|p1|4\n|teamsize|p2|4\n|start\n|switch|p1a: Sneasler|Sneasler, L50, M, shiny|100/100\n|switch|p1b: Kingambit|Kingambit, L50, F, shiny|100/100\n|switch|p2a: Venusaur|Venusaur, L50, M, shiny|100/100\n|switch|p2b: Rotom|Rotom-Wash, L50|100/100\n|turn|1\n|inactive|niconutella has 30 seconds left.\n|\n|t:|1776684297\n|detailschange|p2a: Venusaur|Venusaur-Mega, L50, M, shiny\n|-mega|p2a: Venusaur|Venusaur|Venusaurite\n|move|p1a: Sneasler|Fake Out|p2a: Venusaur\n|-damage|p2a: Venusaur|89/100\n|move|p2b: Rotom|Will-O-Wisp|p1b: Kingambit|[miss]\n|-miss|p2b: Rotom|p1b: Kingambit\n|cant|p2a: Venusaur|flinch\n|move|p1b: Kingambit|Assurance|p2b: Rotom\n|-damage|p2b: Rotom|56/100\n|\n|upkeep\n|turn|2\n|inactive|niconutella has 30 seconds left.\n|inactive|gundi8 has 30 seconds left.\n|\n|t:|1776684326\n|switch|p1b: Charizard|Charizard, L50, M, shiny|100/100\n|move|p1a: Sneasler|Dire Claw|p2a: Venusaur\n|-damage|p2a: Venusaur|56/100\n|move|p2b: Rotom|Thunderbolt|p1b: Charizard\n|-supereffective|p1b: Charizard|1\n|-damage|p1b: Charizard|0 fnt\n|faint|p1b: Charizard\n|move|p2a: Venusaur|Earth Power|p1a: Sneasler\n|-supereffective|p1a: Sneasler|1\n|-crit|p1a: Sneasler\n|-enditem|p1a: Sneasler|Focus Sash\n|-damage|p1a: Sneasler|1/100\n|\n|upkeep\n|\n|t:|1776684340\n|switch|p1b: Garchomp|Garchomp, L50, M|100/100\n|turn|3\n|\n|t:|1776684357\n|switch|p2b: Tyranitar|Tyranitar, L50, M|100/100\n|-weather|Sandstorm|[from] ability: Sand Stream|[of] p2b: Tyranitar\n|move|p1a: Sneasler|Dire Claw|p2a: Venusaur\n|-damage|p2a: Venusaur|24/100\n|move|p1b: Garchomp|Bulldoze|p2a: Venusaur|[spread] p1a,p2a,p2b\n|-supereffective|p1a: Sneasler|1\n|-supereffective|p2b: Tyranitar|1\n|-damage|p1a: Sneasler|0 fnt\n|-damage|p2a: Venusaur|3/100\n|-damage|p2b: Tyranitar|65/100\n|-unboost|p2a: Venusaur|spe|1\n|-unboost|p2b: Tyranitar|spe|1\n|faint|p1a: Sneasler\n|move|p2a: Venusaur|Leech Seed|p1b: Garchomp\n|-start|p1b: Garchomp|move: Leech Seed\n|\n|-weather|Sandstorm|[upkeep]\n|-damage|p2a: Venusaur|0 fnt|[from] Sandstorm\n|faint|p2a: Venusaur\n|upkeep\n|\n|t:|1776684374\n|switch|p1a: Kingambit|Kingambit, L50, F, shiny|100/100\n|switch|p2a: Rotom|Rotom-Wash, L50|56/100\n|turn|4\n|inactive|gundi8 has 30 seconds left.\n|\n|t:|1776684409\n|move|p1b: Garchomp|Bulldoze|p2b: Tyranitar|[spread] p1a,p2b\n|-immune|p2a: Rotom|[from] ability: Levitate\n|-supereffective|p1a: Kingambit|1\n|-supereffective|p2b: Tyranitar|1\n|-damage|p1a: Kingambit|66/100\n|-damage|p2b: Tyranitar|26/100\n|-unboost|p1a: Kingambit|spe|1\n|-unboost|p2b: Tyranitar|spe|1\n|move|p2a: Rotom|Will-O-Wisp|p1a: Kingambit\n|-status|p1a: Kingambit|brn\n|move|p1a: Kingambit|Low Kick|p2b: Tyranitar\n|-supereffective|p2b: Tyranitar|2\n|-enditem|p2b: Tyranitar|Chople Berry|[eat]\n|-enditem|p2b: Tyranitar|Chople Berry|[weaken]\n|-damage|p2b: Tyranitar|0 fnt\n|faint|p2b: Tyranitar\n|\n|-weather|Sandstorm|[upkeep]\n|-damage|p2a: Rotom|50/100|[from] Sandstorm\n|-enditem|p2a: Rotom|Sitrus Berry|[eat]\n|-heal|p2a: Rotom|75/100|[from] item: Sitrus Berry\n|-damage|p1b: Garchomp|88/100|[from] Leech Seed|[of] p2a: Rotom\n|-heal|p2a: Rotom|89/100|[silent]\n|-damage|p1a: Kingambit|59/100 brn|[from] brn\n|upkeep\n|\n|t:|1776684414\n|switch|p2b: Gardevoir|Gardevoir, L50, F|100/100\n|turn|5\n|inactive|niconutella has 30 seconds left.\n|inactive|gundi8 has 30 seconds left.\n|inactive|niconutella has 20 seconds left.\n|inactive|gundi8 has 20 seconds left.\n|inactive|niconutella has 15 seconds left.\n|inactive|niconutella has 10 seconds left.\n|inactive|niconutella has 5 seconds left.\n|\n|t:|1776684470\n|move|p1b: Garchomp|Bulldoze|p2b: Gardevoir|[spread] p1a,p2b\n|-immune|p2a: Rotom|[from] ability: Levitate\n|-supereffective|p1a: Kingambit|1\n|-damage|p1a: Kingambit|18/100 brn\n|-damage|p2b: Gardevoir|59/100\n|-unboost|p1a: Kingambit|spe|1\n|-unboost|p2b: Gardevoir|spe|1\n|move|p2b: Gardevoir|Moonblast|p1a: Kingambit\n|-damage|p1a: Kingambit|0 fnt\n|faint|p1a: Kingambit\n|move|p2a: Rotom|Will-O-Wisp|p1b: Garchomp\n|-status|p1b: Garchomp|brn\n|\n|-weather|Sandstorm|[upkeep]\n|-damage|p2b: Gardevoir|53/100|[from] Sandstorm\n|-damage|p2a: Rotom|83/100|[from] Sandstorm\n|-damage|p1b: Garchomp|76/100 brn|[from] Leech Seed|[of] p2a: Rotom\n|-heal|p2a: Rotom|97/100|[silent]\n|-damage|p1b: Garchomp|70/100 brn|[from] brn\n|upkeep\n|turn|6\n|inactive|niconutella has 30 seconds left.\n|inactive|niconutella has 20 seconds left.\n|inactive|niconutella has 15 seconds left.\n|inactive|niconutella has 10 seconds left.\n|inactive|niconutella has 5 seconds left.\n|\n|t:|1776684525\n|move|p1b: Garchomp|Bulldoze|p2a: Rotom|[spread] p2b\n|-immune|p2a: Rotom|[from] ability: Levitate\n|-damage|p2b: Gardevoir|31/100\n|-unboost|p2b: Gardevoir|spe|1\n|move|p2a: Rotom|Hydro Pump|p1b: Garchomp\n|-damage|p1b: Garchomp|16/100 brn\n|move|p2b: Gardevoir|Moonblast|p1b: Garchomp\n|-supereffective|p1b: Garchomp|1\n|-damage|p1b: Garchomp|0 fnt\n|faint|p1b: Garchomp\n|\n|win|gundi8\n|raw|niconutella's rating: 1124 &rarr; <strong>1093</strong><br />(-31 for losing)\n|raw|gundi8's rating: 1040 &rarr; <strong>1082</strong><br />(+42 for winning)\n",
  "uploadtime": 1776684525,
  "views": 9,
  "formatid": "gen9championsvgc2026regma",
  "rating": 1082,
  "private": 0,
  "password": null
}