{
  "id": "gen9championsvgc2026regma-2586123166",
  "format": "[Gen 9 Champions] VGC 2026 Reg M-A",
  "players": [
    "juvykid",
    "ShinyMoonBoi"
  ],
  "log": "|j|\u2606juvykid\n|j|\u203dShinyMoonBoi\n|t:|1776401778\n|gametype|doubles\n|player|p1|juvykid|veteran|1105\n|player|p2|ShinyMoonBoi|170|1113\n|gen|9\n|tier|[Gen 9 Champions] VGC 2026 Reg M-A\n|rated|\n|rule|Species Clause: Limit one of each Pok\u00e9mon\n|rule|Item Clause: Limit 1 of each item\n|clearpoke\n|poke|p1|Froslass, L50, F|\n|poke|p1|Gengar, L50, F|\n|poke|p1|Basculegion, L50, M|\n|poke|p1|Sneasler, L50, M|\n|poke|p1|Kingambit, L50, F|\n|poke|p1|Garchomp, L50, F|\n|poke|p2|Gengar, L50, M|\n|poke|p2|Archaludon, L50, F|\n|poke|p2|Politoed, L50, F|\n|poke|p2|Incineroar, L50, M|\n|poke|p2|Basculegion, L50, M|\n|poke|p2|Sinistcha, L50|\n|teampreview|4\n|inactive|Battle timer is ON: inactive players will automatically lose when time's up. (requested by juvykid)\n|inactive|ShinyMoonBoi has 60 seconds left.\njuvykid has agreed to open team sheets.\n|inactive|ShinyMoonBoi has 30 seconds left.\n|\n|t:|1776401846\n|teamsize|p1|4\n|teamsize|p2|4\n|start\n|switch|p1a: Shumokuzame|Garchomp, L50, F|100/100\n|switch|p1b: Oni|Sneasler, L50, M|100/100\n|switch|p2a: Gengar|Gengar, L50, M|100/100\n|switch|p2b: Archaludon|Archaludon, L50, F|100/100\n|turn|1\n|\n|t:|1776401870\n|switch|p2b: Incineroar|Incineroar, L50, M|100/100\n|-ability|p2b: Incineroar|Intimidate|boost\n|-unboost|p1a: Shumokuzame|atk|1\n|-unboost|p1b: Oni|atk|1\n|detailschange|p2a: Gengar|Gengar-Mega, L50, M\n|-mega|p2a: Gengar|Gengar|Gengarite\n|move|p2a: Gengar|Protect|p2a: Gengar\n|-singleturn|p2a: Gengar|Protect\n|move|p1b: Oni|Fake Out|p2b: Incineroar\n|-damage|p2b: Incineroar|92/100\n|move|p1a: Shumokuzame|Earthquake|p2b: Incineroar|[spread] p1b,p2b\n|-activate|p2a: Gengar|move: Protect\n|-supereffective|p1b: Oni|1\n|-supereffective|p2b: Incineroar|1\n|-enditem|p2b: Incineroar|Shuca Berry|[eat]\n|-enditem|p2b: Incineroar|Shuca Berry|[weaken]\n|-damage|p1b: Oni|15/100\n|-damage|p2b: Incineroar|71/100\n|\n|upkeep\n|turn|2\n|inactive|ShinyMoonBoi has 30 seconds left.\n|\n|t:|1776401898\n|move|p1b: Oni|Protect|p1b: Oni\n|-singleturn|p1b: Oni|Protect\n|move|p2b: Incineroar|Fake Out|p1a: Shumokuzame\n|-damage|p1a: Shumokuzame|92/100\n|-damage|p2b: Incineroar|59/100|[from] ability: Rough Skin|[of] p1a: Shumokuzame\n|move|p2a: Gengar|Perish Song|p2a: Gengar\n|-start|p1a: Shumokuzame|perish3|[silent]\n|-start|p1b: Oni|perish3|[silent]\n|-start|p2a: Gengar|perish3|[silent]\n|-start|p2b: Incineroar|perish3|[silent]\n|-fieldactivate|move: Perish Song\n|cant|p1a: Shumokuzame|flinch\n|\n|-start|p2a: Gengar|perish3\n|-start|p1b: Oni|perish3\n|-start|p1a: Shumokuzame|perish3\n|-start|p2b: Incineroar|perish3\n|upkeep\n|turn|3\n|inactive|juvykid has 30 seconds left.\n|inactive|ShinyMoonBoi has 30 seconds left.\n|\n|t:|1776401925\n|move|p2b: Incineroar|Protect|p2b: Incineroar\n|-singleturn|p2b: Incineroar|Protect\n|move|p2a: Gengar|Disable|p1a: Shumokuzame\n|-start|p1a: Shumokuzame|Disable|Earthquake\n|move|p1b: Oni|Dire Claw|p2a: Gengar\n|-resisted|p2a: Gengar|2\n|-damage|p2a: Gengar|92/100\n|cant|p1a: Shumokuzame|Disable|Earthquake\n|\n|-start|p2a: Gengar|perish2\n|-start|p1b: Oni|perish2\n|-start|p1a: Shumokuzame|perish2\n|-start|p2b: Incineroar|perish2\n|upkeep\n|turn|4\n|inactive|ShinyMoonBoi has 30 seconds left.\n|\n|t:|1776401952\n|switch|p2b: Politoed|Politoed, L50, F|100/100\n|-weather|RainDance|[from] ability: Drizzle|[of] p2b: Politoed\n|move|p2a: Gengar|Protect|p2a: Gengar\n|-singleturn|p2a: Gengar|Protect\n|move|p1b: Oni|Protect|p1b: Oni\n|-singleturn|p1b: Oni|Protect\n|move|p1a: Shumokuzame|Rock Slide|p2b: Politoed|[spread] p2b\n|-activate|p2a: Gengar|move: Protect\n|-damage|p2b: Politoed|87/100\n|\n|-weather|RainDance|[upkeep]\n|-start|p2a: Gengar|perish1\n|-start|p1b: Oni|perish1\n|-start|p1a: Shumokuzame|perish1\n|upkeep\n|turn|5\n|inactive|ShinyMoonBoi has 30 seconds left.\n|\n|t:|1776401978\n|switch|p2a: Archaludon|Archaludon, L50, F|100/100\n|move|p2b: Politoed|Protect|p2b: Politoed\n|-singleturn|p2b: Politoed|Protect\n|move|p1b: Oni|Close Combat|p2b: Politoed\n|-activate|p2b: Politoed|move: Protect\n|move|p1a: Shumokuzame|Dragon Claw|p2b: Politoed\n|-activate|p2b: Politoed|move: Protect\n|\n|-weather|RainDance|[upkeep]\n|-start|p1b: Oni|perish0\n|-start|p1a: Shumokuzame|perish0\n|faint|p1b: Oni\n|faint|p1a: Shumokuzame\n|upkeep\n|\n|t:|1776401984\n|switch|p1b: Ebisu|Basculegion, L50, M|100/100\n|switch|p1a: Melinoe|Froslass, L50, F|100/100\n|turn|6\n|inactive|ShinyMoonBoi has 30 seconds left.\n|\n|t:|1776402013\n|switch|p2a: Incineroar|Incineroar, L50, M|59/100\n|-ability|p2a: Incineroar|Intimidate|boost\n|-unboost|p1a: Melinoe|atk|1\n|-unboost|p1b: Ebisu|atk|1\n|detailschange|p1a: Melinoe|Froslass-Mega, L50, F\n|-mega|p1a: Melinoe|Froslass|Froslassite\n|-weather|Snowscape|[from] ability: Snow Warning|[of] p1a: Melinoe\n|move|p1a: Melinoe|Substitute|p1a: Melinoe\n|-start|p1a: Melinoe|Substitute\n|-damage|p1a: Melinoe|76/100\n|move|p1b: Ebisu|Last Respects|p2a: Incineroar\n|-resisted|p2a: Incineroar|1\n|-damage|p2a: Incineroar|34/100\n|move|p2b: Politoed|Perish Song|p2b: Politoed\n|-start|p1a: Melinoe|perish3|[silent]\n|-start|p1b: Ebisu|perish3|[silent]\n|-start|p2a: Incineroar|perish3|[silent]\n|-start|p2b: Politoed|perish3|[silent]\n|-fieldactivate|move: Perish Song\n|\n|-weather|Snowscape|[upkeep]\n|-start|p1a: Melinoe|perish3\n|-start|p1b: Ebisu|perish3\n|-start|p2b: Politoed|perish3\n|-start|p2a: Incineroar|perish3\n|upkeep\n|turn|7\n|inactive|ShinyMoonBoi has 30 seconds left.\n|\n|t:|1776402044\n|move|p2b: Politoed|Protect|p2b: Politoed\n|-singleturn|p2b: Politoed|Protect\n|move|p2a: Incineroar|Protect|p2a: Incineroar\n|-singleturn|p2a: Incineroar|Protect\n|move|p1b: Ebisu|Aqua Jet|p2a: Incineroar\n|-activate|p2a: Incineroar|move: Protect\n|move|p1a: Melinoe|Blizzard|p2a: Incineroar|[spread] \n|-activate|p2a: Incineroar|move: Protect\n|-activate|p2b: Politoed|move: Protect\n|\n|-weather|Snowscape|[upkeep]\n|-start|p1a: Melinoe|perish2\n|-start|p1b: Ebisu|perish2\n|-start|p2b: Politoed|perish2\n|-start|p2a: Incineroar|perish2\n|upkeep\n|turn|8\n|inactive|ShinyMoonBoi has 30 seconds left.\n|\n|t:|1776402079\n|move|p1b: Ebisu|Aqua Jet|p2a: Incineroar\n|-supereffective|p2a: Incineroar|1\n|-damage|p2a: Incineroar|0 fnt\n|faint|p2a: Incineroar\n|move|p1a: Melinoe|Shadow Ball|p2b: Politoed\n|-damage|p2b: Politoed|54/100\n|move|p2b: Politoed|Encore|p1b: Ebisu\n|-start|p1b: Ebisu|Encore\n|\n|-weather|Snowscape|[upkeep]\n|-start|p1a: Melinoe|perish1\n|-start|p1b: Ebisu|perish1\n|-start|p2b: Politoed|perish1\n|upkeep\n|-message|juvykid forfeited.\n|\n|win|ShinyMoonBoi\n|raw|juvykid's rating: 1105 &rarr; <strong>1081</strong><br />(-24 for losing)\n|raw|ShinyMoonBoi's rating: 1113 &rarr; <strong>1137</strong><br />(+24 for winning)\n|l|\u2606juvykid\n|player|p1|\n",
  "uploadtime": 1776402112,
  "views": 21,
  "formatid": "gen9championsvgc2026regma",
  "rating": 1081,
  "private": 0,
  "password": null
}