{
  "id": "gen9championsvgc2026regma-2582501770",
  "format": "[Gen 9 Champions] VGC 2026 Reg M-A",
  "players": [
    "iEKLYPS",
    "NegaiFreak"
  ],
  "log": "|j|\u2606iEKLYPS\n|j|\u2606NegaiFreak\n|t:|1776095745\n|gametype|doubles\n|player|p1|iEKLYPS|265|1142\n|player|p2|NegaiFreak|170|1150\n|gen|9\n|tier|[Gen 9 Champions] VGC 2026 Reg M-A\n|rated|\n|rule|Species Clause: Limit one of each Pok\u00e9mon\n|rule|Item Clause: Limit 1 of each item\n|clearpoke\n|poke|p1|Floette-Eternal, L50, F|\n|poke|p1|Incineroar, L50, F|\n|poke|p1|Sinistcha, L50|\n|poke|p1|Rotom-Wash, L50|\n|poke|p1|Garchomp, L50, M|\n|poke|p1|Talonflame, L50, M|\n|poke|p2|Archaludon, L50, M|\n|poke|p2|Pelipper, L50, M|\n|poke|p2|Basculegion, L50, M|\n|poke|p2|Meganium, L50, M|\n|poke|p2|Maushold-Four, L50|\n|poke|p2|Farigiraf, L50, F|\n|teampreview|4\n|inactive|Battle timer is ON: inactive players will automatically lose when time's up. (requested by NegaiFreak)\n|c|\u2606NegaiFreak|GLHF\n|inactive|iEKLYPS has 60 seconds left.\n|\n|t:|1776095785\n|teamsize|p1|4\n|teamsize|p2|4\n|start\n|switch|p1a: Talonflame|Talonflame, L50, M|100/100\n|switch|p1b: Garchomp|Garchomp, L50, M|100/100\n|switch|p2a: Archaludon|Archaludon, L50, M|100/100\n|switch|p2b: Pelipper|Pelipper, L50, M|100/100\n|-weather|RainDance|[from] ability: Drizzle|[of] p2b: Pelipper\n|turn|1\n|\n|t:|1776095809\n|move|p1a: Talonflame|Protect|p1a: Talonflame\n|-singleturn|p1a: Talonflame|Protect\n|move|p1b: Garchomp|Stomping Tantrum|p2b: Pelipper\n|-immune|p2b: Pelipper\n|move|p2a: Archaludon|Electro Shot||[still]\n|-prepare|p2a: Archaludon|Electro Shot\n|-boost|p2a: Archaludon|spa|1\n|-anim|p2a: Archaludon|Electro Shot|p1a: Talonflame\n|-activate|p1a: Talonflame|move: Protect\n|move|p2b: Pelipper|Tailwind|p2b: Pelipper\n|-sidestart|p2: NegaiFreak|move: Tailwind\n|\n|-weather|RainDance|[upkeep]\n|upkeep\n|turn|2\n|\n|t:|1776095828\n|move|p1a: Talonflame|Tailwind|p1a: Talonflame\n|-sidestart|p1: iEKLYPS|move: Tailwind\n|move|p1b: Garchomp|Stomping Tantrum|p2a: Archaludon\n|-supereffective|p2a: Archaludon|1\n|-ability|p2a: Archaludon|Sturdy\n|-damage|p2a: Archaludon|1/100\n|move|p2a: Archaludon|Dragon Pulse|p1b: Garchomp\n|-supereffective|p1b: Garchomp|1\n|-damage|p1b: Garchomp|0 fnt\n|faint|p1b: Garchomp\n|move|p2b: Pelipper|Weather Ball|p1a: Talonflame\n|-supereffective|p1a: Talonflame|1\n|-damage|p1a: Talonflame|0 fnt\n|faint|p1a: Talonflame\n|\n|-weather|RainDance|[upkeep]\n|upkeep\n|\n|t:|1776095844\n|switch|p1a: Rotom|Rotom-Wash, L50|100/100\n|switch|p1b: Floette|Floette-Eternal, L50, F|100/100\n|turn|3\n|inactive|iEKLYPS has 30 seconds left.\n|\n|t:|1776095872\n|move|p2a: Archaludon|Protect|p2a: Archaludon\n|-singleturn|p2a: Archaludon|Protect\n|move|p1b: Floette|Protect|p1b: Floette\n|-singleturn|p1b: Floette|Protect\n|move|p2b: Pelipper|Hurricane|p1b: Floette\n|-activate|p1b: Floette|move: Protect\n|move|p1a: Rotom|Thunderbolt|p2a: Archaludon\n|-activate|p2a: Archaludon|move: Protect\n|\n|-weather|RainDance|[upkeep]\n|upkeep\n|turn|4\n|\n|t:|1776095893\n|detailschange|p1b: Floette|Floette-Mega, L50, F\n|-mega|p1b: Floette|Floette|Floettite\n|-ability|p1b: Floette|Fairy Aura\n|move|p2a: Archaludon|Electro Shot||[still]\n|-prepare|p2a: Archaludon|Electro Shot\n|-boost|p2a: Archaludon|spa|1\n|-anim|p2a: Archaludon|Electro Shot|p1a: Rotom\n|-damage|p1a: Rotom|0 fnt\n|faint|p1a: Rotom\n|move|p1b: Floette|Dazzling Gleam|p2b: Pelipper|[spread] p2a,p2b\n|-damage|p2a: Archaludon|0 fnt\n|-damage|p2b: Pelipper|19/100\n|faint|p2a: Archaludon\n|move|p2b: Pelipper|Hurricane|p1b: Floette\n|-damage|p1b: Floette|67/100\n|\n|-weather|RainDance|[upkeep]\n|-sideend|p2: NegaiFreak|move: Tailwind\n|upkeep\n|\n|t:|1776095910\n|switch|p2a: Basculegion|Basculegion, L50, M|100/100\n|turn|5\n|\n|t:|1776095915\n|switch|p2b: Meganium|Meganium, L50, M|100/100\n|move|p2a: Basculegion|Last Respects|p1b: Floette\n|-damage|p1b: Floette|5/100\n|move|p1b: Floette|Moonblast|p2a: Basculegion\n|-damage|p2a: Basculegion|13/100\n|\n|-weather|none\n|-sideend|p1: iEKLYPS|move: Tailwind\n|upkeep\n|turn|6\n|\n|t:|1776095928\n|switch|p2b: Pelipper|Pelipper, L50, M|19/100\n|-weather|RainDance|[from] ability: Drizzle|[of] p2b: Pelipper\n|move|p2a: Basculegion|Last Respects|p1b: Floette\n|-damage|p1b: Floette|0 fnt\n|faint|p1b: Floette\n|\n|win|NegaiFreak\n|raw|iEKLYPS's rating: 1142 &rarr; <strong>1118</strong><br />(-24 for losing)\n|raw|NegaiFreak's rating: 1150 &rarr; <strong>1174</strong><br />(+24 for winning)\n|l|\u2606iEKLYPS\n|player|p1|\n|c|\u2606NegaiFreak|GG, WP\n",
  "uploadtime": 1776095942,
  "views": 11,
  "formatid": "gen9championsvgc2026regma",
  "rating": 1118,
  "private": 0,
  "password": null
}