{
  "id": "gen9championsvgc2026regma-2584750699",
  "format": "[Gen 9 Champions] VGC 2026 Reg M-A",
  "players": [
    "god-inmortal",
    "HokusaiZA"
  ],
  "log": "|j|\u2606god-inmortal\n|j|\u2606HokusaiZA\n|t:|1776281050\n|gametype|doubles\n|player|p1|god-inmortal|brycenman|1057\n|player|p2|HokusaiZA|battlegirl-gen4|1000\n|gen|9\n|tier|[Gen 9 Champions] VGC 2026 Reg M-A\n|rated|\n|rule|Species Clause: Limit one of each Pok\u00e9mon\n|rule|Item Clause: Limit 1 of each item\n|clearpoke\n|poke|p1|Aerodactyl, L50, F|\n|poke|p1|Tyranitar, L50, F|\n|poke|p1|Aggron, L50, M|\n|poke|p1|Excadrill, L50, M|\n|poke|p1|Heliolisk, L50, F|\n|poke|p1|Toxicroak, L50, F|\n|poke|p2|Feraligatr, L50, M|\n|poke|p2|Pelipper, L50, M|\n|poke|p2|Dragonite, L50, M|\n|poke|p2|Sableye, L50, F|\n|poke|p2|Archaludon, L50, M|\n|poke|p2|Sinistcha, L50|\n|teampreview|4\n|inactive|Battle timer is ON: inactive players will automatically lose when time's up. (requested by god-inmortal)\n|inactive|HokusaiZA has 60 seconds left.\n|\n|t:|1776281093\n|teamsize|p1|4\n|teamsize|p2|4\n|start\n|switch|p1a: Heliolisk|Heliolisk, L50, F, shiny|100/100\n|switch|p1b: Aerodactyl|Aerodactyl, L50, F, shiny|100/100\n|switch|p2a: Feraligatr|Feraligatr, L50, M|100/100\n|switch|p2b: Sableye|Sableye, L50, F|100/100\n|turn|1\n|\n|t:|1776281115\n|move|p2b: Sableye|Protect|p2b: Sableye\n|-singleturn|p2b: Sableye|Protect\n|move|p2a: Feraligatr|Protect|p2a: Feraligatr\n|-singleturn|p2a: Feraligatr|Protect\n|move|p1a: Heliolisk|Glare|p2a: Feraligatr\n|-activate|p2a: Feraligatr|move: Protect\n|move|p1b: Aerodactyl|Dragon Dance|p1b: Aerodactyl\n|-boost|p1b: Aerodactyl|atk|1\n|-boost|p1b: Aerodactyl|spe|1\n|\n|upkeep\n|turn|2\n|inactive|god-inmortal has 30 seconds left.\n|inactive|HokusaiZA has 30 seconds left.\n|\n|t:|1776281143\n|detailschange|p1b: Aerodactyl|Aerodactyl-Mega, L50, F, shiny\n|-mega|p1b: Aerodactyl|Aerodactyl|Aerodactylite\n|detailschange|p2a: Feraligatr|Feraligatr-Mega, L50, M\n|-mega|p2a: Feraligatr|Feraligatr|Feraligite\n|move|p2b: Sableye|Encore|p1b: Aerodactyl\n|-start|p1b: Aerodactyl|Encore\n|move|p1b: Aerodactyl|Dragon Dance|p1b: Aerodactyl\n|-boost|p1b: Aerodactyl|atk|1\n|-boost|p1b: Aerodactyl|spe|1\n|move|p1a: Heliolisk|Glare|p2a: Feraligatr\n|-status|p2a: Feraligatr|par\n|move|p2a: Feraligatr|Double-Edge|p1a: Heliolisk\n|-damage|p1a: Heliolisk|0 fnt\n|faint|p1a: Heliolisk\n|-damage|p2a: Feraligatr|74/100 par|[from] Recoil\n|\n|upkeep\n|\n|t:|1776281153\n|switch|p1a: Tyranitar|Tyranitar, L50, F, shiny|100/100\n|-weather|Sandstorm|[from] ability: Sand Stream|[of] p1a: Tyranitar\n|turn|3\n|inactive|HokusaiZA has 30 seconds left.\n|\n|t:|1776281180\n|switch|p1b: Excadrill|Excadrill, L50, M|100/100\n|move|p2b: Sableye|Rain Dance|p2b: Sableye\n|-weather|RainDance\n|move|p1a: Tyranitar|Crunch|p2b: Sableye\n|-damage|p2b: Sableye|48/100\n|move|p2a: Feraligatr|Double-Edge|p1b: Excadrill\n|-resisted|p1b: Excadrill|1\n|-damage|p1b: Excadrill|37/100\n|-damage|p2a: Feraligatr|54/100 par|[from] Recoil\n|\n|-weather|RainDance|[upkeep]\n|upkeep\n|turn|4\n|inactive|god-inmortal has 30 seconds left.\n|\n|t:|1776281208\n|move|p2b: Sableye|Protect|p2b: Sableye\n|-singleturn|p2b: Sableye|Protect\n|move|p1b: Excadrill|Drill Run|p2a: Feraligatr\n|-damage|p2a: Feraligatr|11/100 par\n|move|p1a: Tyranitar|Crunch|p2b: Sableye\n|-activate|p2b: Sableye|move: Protect\n|move|p2a: Feraligatr|Liquidation|p1a: Tyranitar\n|-supereffective|p1a: Tyranitar|1\n|-enditem|p1a: Tyranitar|Focus Sash\n|-damage|p1a: Tyranitar|1/100\n|\n|-weather|RainDance|[upkeep]\n|upkeep\n|turn|5\n|inactive|HokusaiZA has 30 seconds left.\n|\n|t:|1776281239\n|move|p2b: Sableye|Disable|p1b: Excadrill\n|-start|p1b: Excadrill|Disable|Drill Run\n|move|p2a: Feraligatr|Aqua Jet|p1a: Tyranitar\n|-supereffective|p1a: Tyranitar|1\n|-damage|p1a: Tyranitar|0 fnt\n|faint|p1a: Tyranitar\n|cant|p1b: Excadrill|Disable|Drill Run\n|\n|-weather|RainDance|[upkeep]\n|upkeep\n|\n|t:|1776281247\n|switch|p1a: Aerodactyl|Aerodactyl-Mega, L50, F, shiny|100/100\n|turn|6\n|\n|t:|1776281259\n|move|p2b: Sableye|Protect|p2b: Sableye\n|-singleturn|p2b: Sableye|Protect\n|move|p2a: Feraligatr|Protect|p2a: Feraligatr\n|-singleturn|p2a: Feraligatr|Protect\n|move|p1a: Aerodactyl|Crunch|p2b: Sableye\n|-activate|p2b: Sableye|move: Protect\n|move|p1b: Excadrill|Brick Break|p2a: Feraligatr\n|-activate|p2a: Feraligatr|move: Protect\n|\n|-weather|RainDance|[upkeep]\n|upkeep\n|turn|7\n|\n|t:|1776281278\n|move|p2b: Sableye|Disable|p1a: Aerodactyl\n|-start|p1a: Aerodactyl|Disable|Crunch\n|move|p2a: Feraligatr|Aqua Jet|p1b: Excadrill\n|-supereffective|p1b: Excadrill|1\n|-damage|p1b: Excadrill|0 fnt\n|faint|p1b: Excadrill\n|cant|p1a: Aerodactyl|Disable|Crunch\n|\n|-weather|none\n|upkeep\n|turn|8\n|\n|t:|1776281294\n|move|p2b: Sableye|Encore|p1a: Aerodactyl\n|-start|p1a: Aerodactyl|Encore\n|cant|p1a: Aerodactyl|Disable|Crunch\n|move|p2a: Feraligatr|Liquidation|p1a: Aerodactyl\n|-supereffective|p1a: Aerodactyl|1\n|-damage|p1a: Aerodactyl|0 fnt\n|faint|p1a: Aerodactyl\n|\n|win|HokusaiZA\n|raw|god-inmortal's rating: 1057 &rarr; <strong>1035</strong><br />(-22 for losing)\n|raw|HokusaiZA's rating: 1000 &rarr; <strong>1047</strong><br />(+47 for winning)\n",
  "uploadtime": 1776281324,
  "views": 17,
  "formatid": "gen9championsvgc2026regma",
  "rating": 1035,
  "private": 0,
  "password": null
}