{
  "id": "gen9championsvgc2026regma-2588627447",
  "format": "[Gen 9 Champions] VGC 2026 Reg M-A",
  "players": [
    "kigighf",
    "aroswing"
  ],
  "log": "|j|\u2606kigighf\n|j|\u2606aroswing\n|t:|1776651542\n|gametype|doubles\n|player|p1|kigighf|169|1300\n|player|p2|aroswing|marnie|1222\n|gen|9\n|tier|[Gen 9 Champions] VGC 2026 Reg M-A\n|rated|\n|rule|Species Clause: Limit one of each Pok\u00e9mon\n|rule|Item Clause: Limit 1 of each item\n|clearpoke\n|poke|p1|Torkoal, L50, M|\n|poke|p1|Crabominable, L50, M, shiny|\n|poke|p1|Incineroar, L50, M, shiny|\n|poke|p1|Farigiraf, L50, F|\n|poke|p1|Kingambit, L50, M|\n|poke|p1|Kangaskhan, L50, F|\n|poke|p2|Toxicroak, L50, M|\n|poke|p2|Pelipper, L50, M|\n|poke|p2|Blastoise, L50, M|\n|poke|p2|Sinistcha, L50|\n|poke|p2|Archaludon, L50, M|\n|poke|p2|Dragonite, L50, F|\n|teampreview|4\n|inactive|Battle timer is ON: inactive players will automatically lose when time's up. (requested by aroswing)\nkigighf rejected open team sheets.\n|inactive|kigighf has 60 seconds left.\n|\n|t:|1776651576\n|teamsize|p1|4\n|teamsize|p2|4\n|start\n|switch|p1a: Farigiraf|Farigiraf, L50, F|100/100\n|switch|p1b: Kangaskhan|Kangaskhan, L50, F|100/100\n|switch|p2a: Pelipper|Pelipper, L50, M|100/100\n|switch|p2b: Blastoise|Blastoise, L50, M|100/100\n|-weather|RainDance|[from] ability: Drizzle|[of] p2a: Pelipper\n|turn|1\n|\n|t:|1776651599\n|move|p2b: Blastoise|Protect|p2b: Blastoise\n|-singleturn|p2b: Blastoise|Protect\n|move|p1b: Kangaskhan|Fake Out|p2b: Blastoise\n|-activate|p2b: Blastoise|move: Protect\n|move|p2a: Pelipper|Weather Ball|p1b: Kangaskhan\n|-damage|p1b: Kangaskhan|31/100\n|move|p1a: Farigiraf|Trick Room|p1a: Farigiraf\n|-fieldstart|move: Trick Room|[of] p1a: Farigiraf\n|\n|-weather|RainDance|[upkeep]\n|upkeep\n|turn|2\n|inactive|aroswing has 30 seconds left.\n|\n|t:|1776651625\n|switch|p1b: Torkoal|Torkoal, L50, M|100/100\n|-weather|SunnyDay|[from] ability: Drought|[of] p1b: Torkoal\n|detailschange|p2b: Blastoise|Blastoise-Mega, L50, M\n|-mega|p2b: Blastoise|Blastoise|Blastoisinite\n|move|p1a: Farigiraf|Imprison|p1a: Farigiraf\n|-start|p1a: Farigiraf|move: Imprison\n|move|p2b: Blastoise|Dark Pulse|p1a: Farigiraf\n|-supereffective|p1a: Farigiraf|1\n|-damage|p1a: Farigiraf|14/100\n|move|p2a: Pelipper|Weather Ball|p1a: Farigiraf\n|-damage|p1a: Farigiraf|0 fnt\n|faint|p1a: Farigiraf\n|\n|-weather|SunnyDay|[upkeep]\n|upkeep\n|\n|t:|1776651637\n|switch|p1a: Crabominable|Crabominable, L50, M, shiny|100/100\n|turn|3\n|\n|t:|1776651655\n|detailschange|p1a: Crabominable|Crabominable-Mega, L50, M, shiny\n|-mega|p1a: Crabominable|Crabominable|Crabominite\n|move|p2a: Pelipper|Wide Guard|p2a: Pelipper\n|-singleturn|p2a: Pelipper|Wide Guard\n|move|p1b: Torkoal|Eruption|p2a: Pelipper|[spread] \n|-activate|p2a: Pelipper|move: Wide Guard\n|-activate|p2b: Blastoise|move: Wide Guard\n|move|p1a: Crabominable|Ice Hammer|p2a: Pelipper\n|-enditem|p2a: Pelipper|Focus Sash\n|-damage|p2a: Pelipper|1/100\n|-unboost|p1a: Crabominable|spe|1\n|move|p2b: Blastoise|Aura Sphere|p1a: Crabominable\n|-supereffective|p1a: Crabominable|1\n|-damage|p1a: Crabominable|18/100\n|\n|-weather|SunnyDay|[upkeep]\n|upkeep\n|turn|4\n|inactive|aroswing has 30 seconds left.\n|inactive|aroswing has 20 seconds left.\n|\n|t:|1776651693\n|move|p2a: Pelipper|Wide Guard|p2a: Pelipper\n|-singleturn|p2a: Pelipper|Wide Guard\n|move|p1a: Crabominable|Drain Punch|p2b: Blastoise\n|-damage|p2b: Blastoise|52/100\n|-heal|p1a: Crabominable|39/100|[from] drain|[of] p2b: Blastoise\n|move|p1b: Torkoal|Eruption|p2b: Blastoise|[spread] \n|-activate|p2a: Pelipper|move: Wide Guard\n|-activate|p2b: Blastoise|move: Wide Guard\n|move|p2b: Blastoise|Aura Sphere|p1a: Crabominable\n|-supereffective|p1a: Crabominable|1\n|-damage|p1a: Crabominable|0 fnt\n|faint|p1a: Crabominable\n|\n|-weather|SunnyDay|[upkeep]\n|upkeep\n|\n|t:|1776651700\n|switch|p1a: Kangaskhan|Kangaskhan, L50, F|31/100\n|turn|5\n|-message|kigighf forfeited.\n|\n|win|aroswing\n|raw|kigighf's rating: 1300 &rarr; <strong>1269</strong><br />(-31 for losing)\n|raw|aroswing's rating: 1222 &rarr; <strong>1253</strong><br />(+31 for winning)\n|l|\u2606kigighf\n|player|p1|\n",
  "uploadtime": 1776651712,
  "views": 6,
  "formatid": "gen9championsvgc2026regma",
  "rating": 1253,
  "private": 0,
  "password": null
}