{
  "id": "gen9championsvgc2026regma-2588603620",
  "format": "[Gen 9 Champions] VGC 2026 Reg M-A",
  "players": [
    "notkourt",
    "goomay"
  ],
  "log": "|j|\u2606notkourt\n|j|\u2606goomay\n|t:|1776649234\n|gametype|doubles\n|player|p1|notkourt|cynthia|\n|player|p2|goomay|lass-gen4dp|\n|gen|9\n|tier|[Gen 9 Champions] VGC 2026 Reg M-A\n|rule|Species Clause: Limit one of each Pok\u00e9mon\n|rule|Item Clause: Limit 1 of each item\n|clearpoke\n|poke|p1|Sinistcha, L50|\n|poke|p1|Hippowdon, L50, F|\n|poke|p1|Aggron, L50, F|\n|poke|p1|Lucario, L50, F|\n|poke|p1|Infernape, L50, F|\n|poke|p1|Noivern, L50, F|\n|poke|p2|Samurott-Hisui, L50, F|\n|poke|p2|Hatterene, L50, F|\n|poke|p2|Alakazam, L50, M, shiny|\n|poke|p2|Liepard, L50, F|\n|poke|p2|Infernape, L50, M, shiny|\n|poke|p2|Noivern, L50, F|\n|teampreview|4\n|\n|t:|1776649270\n|teamsize|p1|4\n|teamsize|p2|4\n|start\n|switch|p1a: ShaLins Monkeh|Infernape, L50, F|100/100\n|switch|p1b: ShaLins Fake Zard|Noivern, L50, F|100/100\n|switch|p2a: Alakazam|Alakazam, L50, M, shiny|100/100\n|switch|p2b: Liepard|Liepard, L50, F|100/100\n|-item|p2a: Alakazam|Focus Sash|[from] ability: Frisk|[of] p1b: ShaLins Fake Zard\n|-item|p2b: Liepard|Leftovers|[from] ability: Frisk|[of] p1b: ShaLins Fake Zard\n|turn|1\n|\n|t:|1776649315\n|move|p2b: Liepard|Taunt|p1b: ShaLins Fake Zard\n|-start|p1b: ShaLins Fake Zard|move: Taunt\n|cant|p1b: ShaLins Fake Zard|move: Taunt|Taunt\n|move|p1a: ShaLins Monkeh|Encore|p2b: Liepard\n|-start|p2b: Liepard|Encore\n|move|p2a: Alakazam|Psychic|p1a: ShaLins Monkeh\n|-supereffective|p1a: ShaLins Monkeh|1\n|-damage|p1a: ShaLins Monkeh|0 fnt\n|faint|p1a: ShaLins Monkeh\n|\n|upkeep\n|\n|t:|1776649327\n|switch|p1a: ShaLins Can Opener|Aggron, L50, F|100/100\n|turn|2\n|\n|t:|1776649345\n|switch|p2b: Hatterene|Hatterene, L50, F|100/100\n|detailschange|p1a: ShaLins Can Opener|Aggron-Mega, L50, F\n|-mega|p1a: ShaLins Can Opener|Aggron|Aggronite\n|move|p1b: ShaLins Fake Zard|U-turn|p2b: Hatterene\n|-damage|p2b: Hatterene|88/100\n|\n|t:|1776649352\n|switch|p1b: ShaLins Teacup|Sinistcha, L50|100/100|[from] U-turn\n|move|p2a: Alakazam|Focus Blast|p1a: ShaLins Can Opener|[miss]\n|-miss|p2a: Alakazam|p1a: ShaLins Can Opener\n|move|p1a: ShaLins Can Opener|Curse|p1a: ShaLins Can Opener\n|-unboost|p1a: ShaLins Can Opener|spe|1\n|-boost|p1a: ShaLins Can Opener|atk|1\n|-boost|p1a: ShaLins Can Opener|def|1\n|\n|upkeep\n|turn|3\n|\n|t:|1776649372\n|move|p2a: Alakazam|Imprison|p2a: Alakazam\n|-start|p2a: Alakazam|move: Imprison\n|move|p2b: Hatterene|Dazzling Gleam|p1a: ShaLins Can Opener|[spread] p1a,p1b\n|-resisted|p1a: ShaLins Can Opener|1\n|-damage|p1a: ShaLins Can Opener|85/100\n|-damage|p1b: ShaLins Teacup|67/100\n|move|p1a: ShaLins Can Opener|Heavy Slam|p2b: Hatterene\n|-supereffective|p2b: Hatterene|1\n|-enditem|p2b: Hatterene|Babiri Berry|[eat]\n|-enditem|p2b: Hatterene|Babiri Berry|[weaken]\n|-damage|p2b: Hatterene|1/100\n|cant|p1b: ShaLins Teacup|move: Imprison|Trick Room\n|\n|upkeep\n|turn|4\n|\n|t:|1776649393\n|move|p2b: Hatterene|Helping Hand|p2a: Alakazam\n|-singleturn|p2a: Alakazam|Helping Hand|[of] p2b: Hatterene\n|move|p1b: ShaLins Teacup|Protect|p1b: ShaLins Teacup\n|-singleturn|p1b: ShaLins Teacup|Protect\n|move|p2a: Alakazam|Focus Blast|p1a: ShaLins Can Opener\n|-supereffective|p1a: ShaLins Can Opener|1\n|-damage|p1a: ShaLins Can Opener|0 fnt\n|faint|p1a: ShaLins Can Opener\n|\n|upkeep\n|\n|t:|1776649402\n|switch|p1a: ShaLins Fake Zard|Noivern, L50, F|100/100\n|-item|p2a: Alakazam|Focus Sash|[from] ability: Frisk|[of] p1a: ShaLins Fake Zard\n|turn|5\n|\n|t:|1776649432\n|move|p1a: ShaLins Fake Zard|Air Slash|p2a: Alakazam\n|-damage|p2a: Alakazam|66/100\n|move|p1b: ShaLins Teacup|Matcha Gotcha|p2a: Alakazam|[spread] p2a\n|-miss|p1b: ShaLins Teacup|p2b: Hatterene\n|-damage|p2a: Alakazam|38/100\n|-heal|p1b: ShaLins Teacup|77/100|[from] drain|[of] p2a: Alakazam\n|move|p2b: Hatterene|Dazzling Gleam|p1b: ShaLins Teacup|[spread] p1a,p1b\n|-supereffective|p1a: ShaLins Fake Zard|1\n|-damage|p1a: ShaLins Fake Zard|11/100\n|-damage|p1b: ShaLins Teacup|43/100\n|move|p2a: Alakazam|Trick Room|p2a: Alakazam\n|-fieldstart|move: Trick Room|[of] p2a: Alakazam\n|\n|upkeep\n|turn|6\n|c|\u2606notkourt|WGAT\n|\n|t:|1776649458\n|move|p2b: Hatterene|Dazzling Gleam|p1b: ShaLins Teacup|[spread] p1a,p1b\n|-supereffective|p1a: ShaLins Fake Zard|1\n|-crit|p1b: ShaLins Teacup\n|-damage|p1a: ShaLins Fake Zard|0 fnt\n|-damage|p1b: ShaLins Teacup|0 fnt\n|faint|p1a: ShaLins Fake Zard\n|faint|p1b: ShaLins Teacup\n|\n|win|goomay\n|c|\u2606goomay|LOL\n|c|\u2606notkourt|evil miss LOL\n|c|\u2606notkourt|ggs\n|c|\u2606notkourt|again or wanna fight lurrehs team?\n",
  "uploadtime": 1776649472,
  "views": 4,
  "formatid": "gen9championsvgc2026regma",
  "rating": null,
  "private": 0,
  "password": null
}