{
  "id": "gen9championsvgc2026regma-2584673243",
  "format": "[Gen 9 Champions] VGC 2026 Reg M-A",
  "players": [
    "pruebasjukkk",
    "IkeAmp88"
  ],
  "log": "|j|\u2606pruebasjukkk\n|j|\u2606IkeAmp88\n|t:|1776275904\n|gametype|doubles\n|player|p1|pruebasjukkk|acetrainer-gen4dp|1194\n|player|p2|IkeAmp88|101|1155\n|gen|9\n|tier|[Gen 9 Champions] VGC 2026 Reg M-A\n|rated|\n|rule|Species Clause: Limit one of each Pok\u00e9mon\n|rule|Item Clause: Limit 1 of each item\n|clearpoke\n|poke|p1|Incineroar, L50, M|\n|poke|p1|Dragonite, L50, F|\n|poke|p1|Venusaur, L50, F|\n|poke|p1|Basculegion, L50, M|\n|poke|p1|Sneasler, L50, F|\n|poke|p1|Kingambit, L50, F|\n|poke|p2|Zoroark-Hisui, L50, M|\n|poke|p2|Passimian, L50, M|\n|poke|p2|Delphox, L50, F|\n|poke|p2|Tsareena, L50, F|\n|poke|p2|Aerodactyl, L50, F|\n|poke|p2|Rotom-Wash, L50|\n|teampreview|4\n|inactive|Battle timer is ON: inactive players will automatically lose when time's up. (requested by IkeAmp88)\n|inactive|pruebasjukkk has 60 seconds left.\n|\n|t:|1776276045\n|teamsize|p1|4\n|teamsize|p2|4\n|start\n|switch|p1a: Basculegion|Basculegion, L50, M|100/100\n|switch|p1b: Dragonite|Dragonite, L50, F|100/100\n|switch|p2a: Tsareena|Tsareena, L50, F|100/100\n|switch|p2b: Passimian|Passimian, L50, M|100/100\n|turn|1\n|inactiveoff|Battle timer is now OFF.\n|\n|t:|1776276109\n|detailschange|p1b: Dragonite|Dragonite-Mega, L50, F\n|-mega|p1b: Dragonite|Dragonite|Dragoninite\n|move|p1b: Dragonite|Protect|p1b: Dragonite\n|-singleturn|p1b: Dragonite|Protect\n|move|p2b: Passimian|Knock Off|p1a: Basculegion\n|-supereffective|p1a: Basculegion|1\n|-damage|p1a: Basculegion|23/100\n|-enditem|p1a: Basculegion|Choice Scarf|[from] move: Knock Off|[of] p2b: Passimian\n|move|p1a: Basculegion|Flip Turn|p2b: Passimian\n|-damage|p2b: Passimian|62/100\n|\n|t:|1776276121\n|switch|p1a: Sneasler|Sneasler, L50, F|100/100|[from] Flip Turn\n|move|p2a: Tsareena|Trop Kick|p1a: Sneasler\n|-resisted|p1a: Sneasler|1\n|-damage|p1a: Sneasler|58/100\n|-unboost|p1a: Sneasler|atk|1\n|\n|upkeep\n|turn|2\n|\n|t:|1776276169\n|switch|p2b: Rotom|Rotom-Wash, L50|100/100\n|move|p2a: Tsareena|Protect|p2a: Tsareena\n|-singleturn|p2a: Tsareena|Protect\n|move|p1a: Sneasler|Dire Claw|p2b: Rotom\n|-damage|p2b: Rotom|67/100\n|-status|p2b: Rotom|psn\n|move|p1b: Dragonite|Dragon Pulse|p2b: Rotom\n|-damage|p2b: Rotom|0 fnt\n|faint|p2b: Rotom\n|\n|upkeep\n|\n|t:|1776276184\n|switch|p2b: Aerodactyl|Aerodactyl, L50, F|100/100\n|-ability|p2b: Aerodactyl|Unnerve\n|turn|3\n|\n|t:|1776276221\n|switch|p1a: Incineroar|Incineroar, L50, M|100/100\n|-ability|p1a: Incineroar|Intimidate|boost\n|-unboost|p2a: Tsareena|atk|1\n|-unboost|p2b: Aerodactyl|atk|1\n|detailschange|p2b: Aerodactyl|Aerodactyl-Mega, L50, F\n|-mega|p2b: Aerodactyl|Aerodactyl|Aerodactylite\n|move|p2b: Aerodactyl|Dual Wingbeat|p1a: Incineroar|[miss]\n|-miss|p2b: Aerodactyl|p1a: Incineroar\n|move|p1b: Dragonite|Fire Spin|p2a: Tsareena\n|-supereffective|p2a: Tsareena|1\n|-damage|p2a: Tsareena|73/100\n|-activate|p2a: Tsareena|move: Fire Spin|[of] p1b: Dragonite\n|move|p2a: Tsareena|Taunt|p1b: Dragonite\n|-start|p1b: Dragonite|move: Taunt\n|\n|-damage|p2a: Tsareena|60/100|[from] move: Fire Spin|[partiallytrapped]\n|upkeep\n|turn|4\n|\n|t:|1776276275\n|switch|p2b: Passimian|Passimian, L50, M|62/100\n|move|p2a: Tsareena|Protect|p2a: Tsareena\n|-singleturn|p2a: Tsareena|Protect\n|move|p1b: Dragonite|Dragon Pulse|p2b: Passimian\n|-damage|p2b: Passimian|0 fnt\n|faint|p2b: Passimian\n|move|p1a: Incineroar|Darkest Lariat|p2a: Tsareena\n|-activate|p2a: Tsareena|move: Protect\n|\n|-damage|p2a: Tsareena|48/100|[from] move: Fire Spin|[partiallytrapped]\n|upkeep\n|\n|t:|1776276284\n|switch|p2b: Aerodactyl|Aerodactyl-Mega, L50, F|100/100\n|turn|5\n|\n|t:|1776276320\n|switch|p1a: Sneasler|Sneasler, L50, F|58/100\n|move|p2b: Aerodactyl|Rock Slide|p1b: Dragonite|[spread] p1a,p1b\n|-resisted|p1a: Sneasler|1\n|-supereffective|p1b: Dragonite|1\n|-damage|p1a: Sneasler|31/100\n|-damage|p1b: Dragonite|76/100\n|cant|p1b: Dragonite|flinch\n|move|p2a: Tsareena|Trop Kick|p1a: Sneasler\n|-resisted|p1a: Sneasler|1\n|-damage|p1a: Sneasler|4/100\n|-unboost|p1a: Sneasler|atk|1\n|\n|-damage|p2a: Tsareena|36/100|[from] move: Fire Spin|[partiallytrapped]\n|upkeep\n|turn|6\n|\n|t:|1776276356\n|switch|p1a: Incineroar|Incineroar, L50, M|100/100\n|-ability|p1a: Incineroar|Intimidate|boost\n|-unboost|p2a: Tsareena|atk|1\n|-unboost|p2b: Aerodactyl|atk|1\n|move|p2b: Aerodactyl|Rock Slide|p1b: Dragonite|[spread] p1a,p1b\n|-supereffective|p1a: Incineroar|1\n|-supereffective|p1b: Dragonite|1\n|-damage|p1a: Incineroar|70/100\n|-damage|p1b: Dragonite|44/100\n|cant|p1b: Dragonite|flinch\n|move|p2a: Tsareena|Zen Headbutt|p1b: Dragonite|[miss]\n|-miss|p2a: Tsareena|p1b: Dragonite\n|\n|-damage|p2a: Tsareena|23/100|[from] move: Fire Spin|[partiallytrapped]\n|-end|p1b: Dragonite|move: Taunt\n|upkeep\n|turn|7\n|\n|t:|1776276385\n|switch|p1a: Sneasler|Sneasler, L50, F|4/100\n|move|p2b: Aerodactyl|Rock Slide|p1b: Dragonite|[spread] p1a,p1b\n|-resisted|p1a: Sneasler|1\n|-supereffective|p1b: Dragonite|1\n|-crit|p1b: Dragonite\n|-damage|p1a: Sneasler|0 fnt\n|-damage|p1b: Dragonite|0 fnt\n|faint|p1a: Sneasler\n|faint|p1b: Dragonite\n|move|p2a: Tsareena|Trop Kick|p1: Sneasler|[notarget]\n|-fail|p2a: Tsareena\n|\n|-end|p2a: Tsareena|Fire Spin|[partiallytrapped]|[silent]\n|upkeep\n|\n|t:|1776276393\n|switch|p1a: Incineroar|Incineroar, L50, M|70/100\n|switch|p1b: Basculegion|Basculegion, L50, M|23/100\n|-ability|p1a: Incineroar|Intimidate|boost\n|-unboost|p2a: Tsareena|atk|1\n|-unboost|p2b: Aerodactyl|atk|1\n|turn|8\n|c|\u2606IkeAmp88|Damn\n|c|\u2606pruebasjukkk|men\n|\n|t:|1776276435\n|move|p2b: Aerodactyl|Rock Slide|p1b: Basculegion|[spread] p1a,p1b\n|-supereffective|p1a: Incineroar|1\n|-damage|p1a: Incineroar|49/100\n|-damage|p1b: Basculegion|1/100\n|move|p1b: Basculegion|Wave Crash|p2b: Aerodactyl\n|-supereffective|p2b: Aerodactyl|1\n|-damage|p2b: Aerodactyl|0 fnt\n|faint|p2b: Aerodactyl\n|-damage|p1b: Basculegion|0 fnt|[from] Recoil\n|faint|p1b: Basculegion\n|move|p2a: Tsareena|Trop Kick|p1a: Incineroar\n|-resisted|p1a: Incineroar|1\n|-damage|p1a: Incineroar|42/100\n|-unboost|p1a: Incineroar|atk|1\n|cant|p1a: Incineroar|flinch\n|\n|upkeep\n|turn|9\n|\n|t:|1776276447\n|move|p2a: Tsareena|Trop Kick|p1a: Incineroar\n|-resisted|p1a: Incineroar|1\n|-damage|p1a: Incineroar|36/100\n|-unboost|p1a: Incineroar|atk|1\n|move|p1a: Incineroar|Flare Blitz|p2a: Tsareena\n|-supereffective|p2a: Tsareena|1\n|-damage|p2a: Tsareena|0 fnt\n|faint|p2a: Tsareena\n|-damage|p1a: Incineroar|29/100|[from] Recoil\n|\n|win|pruebasjukkk\n|raw|pruebasjukkk's rating: 1194 &rarr; <strong>1216</strong><br />(+22 for winning)\n|raw|IkeAmp88's rating: 1155 &rarr; <strong>1133</strong><br />(-22 for losing)\n",
  "uploadtime": 1776276463,
  "views": 15,
  "formatid": "gen9championsvgc2026regma",
  "rating": 1133,
  "private": 0,
  "password": null
}