{
  "id": "gen9championsvgc2026regma-2583757715",
  "format": "[Gen 9 Champions] VGC 2026 Reg M-A",
  "players": [
    "mofriu4334",
    "filipelima0617"
  ],
  "log": "|j|\u2606mofriu4334\n|j|\u2606filipelima0617\n|t:|1776195668\n|gametype|doubles\n|player|p1|mofriu4334|bianca|\n|player|p2|filipelima0617|skier|\n|gen|9\n|tier|[Gen 9 Champions] VGC 2026 Reg M-A\n|rule|Species Clause: Limit one of each Pok\u00e9mon\n|rule|Item Clause: Limit 1 of each item\n|clearpoke\n|poke|p1|Scizor, L50, F|\n|poke|p1|Rotom-Wash, L50|\n|poke|p1|Sylveon, L50, M|\n|poke|p1|Incineroar, L50, F|\n|poke|p1|Garchomp, L50, F|\n|poke|p1|Dragonite, L50, F|\n|poke|p2|Toxapex, L50, F|\n|poke|p2|Rotom-Wash, L50|\n|poke|p2|Hippowdon, L50, F|\n|poke|p2|Scizor, L50, F|\n|poke|p2|Mamoswine, L50, F|\n|poke|p2|Gengar, L50, M|\n|teampreview|4\n|j| lisarb660\n|j| jeanmixed\n|c| lisarb660|bora ver\n|c| lisarb660|quem vai ganhar essa\n|c| lisarb660|para desempatar\n|c| lisarb660|o final\n|c| lisarb660|para firmar o campe\u00e2o\n|c| lisarb660|(entre os dois)\n|c| jeanmixed|Se Lipe for esperto, ele come\u00e7a com...\n|\n|t:|1776195795\n|teamsize|p1|4\n|teamsize|p2|4\n|start\n|switch|p1a: Dragonite|Dragonite, L50, F, shiny|100/100\n|switch|p1b: Rotom|Rotom-Wash, L50|100/100\n|switch|p2a: Toxapex|Toxapex, L50, F|100/100\n|switch|p2b: Gengar|Gengar, L50, M|100/100\n|turn|1\n|c| jeanmixed|Vish\n|c| lisarb660|blz\n|c| jeanmixed|Insiste no Gengar kk\n|c| lisarb660|\u00e9 kk\n|c| lisarb660|pior que eu acho que esse gengar \u00e9 mega\n|c| jeanmixed|Eu botaria o Mamoswine de prima\n|c| lisarb660|ou ele esqueceu\n|c| lisarb660|um boa\n|c| lisarb660|to sentindo falta de algum pokemon com ataque de grama ou algo do tipo\n|\n|t:|1776195868\n|detailschange|p1a: Dragonite|Dragonite-Mega, L50, F, shiny\n|-mega|p1a: Dragonite|Dragonite|Dragoninite\n|move|p2b: Gengar|Sludge Bomb|p1b: Rotom\n|-damage|p1b: Rotom|48/100\n|-status|p1b: Rotom|psn\n|-enditem|p1b: Rotom|Sitrus Berry|[eat]\n|-heal|p1b: Rotom|73/100 psn|[from] item: Sitrus Berry\n|move|p1a: Dragonite|Dragon Dance|p1a: Dragonite\n|-boost|p1a: Dragonite|atk|1\n|-boost|p1a: Dragonite|spe|1\n|move|p1b: Rotom|Thunderbolt|p2a: Toxapex\n|-supereffective|p2a: Toxapex|1\n|-damage|p2a: Toxapex|51/100\n|move|p2a: Toxapex|Toxic|p1a: Dragonite\n|-status|p1a: Dragonite|tox\n|\n|-heal|p2a: Toxapex|57/100|[from] item: Leftovers\n|-damage|p1a: Dragonite|95/100 tox|[from] psn\n|-damage|p1b: Rotom|61/100 psn|[from] psn\n|upkeep\n|turn|2\n|c| lisarb660|pior que rony tem muita variedade\n|\n|t:|1776195901\n|move|p2b: Gengar|Protect|p2b: Gengar\n|-singleturn|p2b: Gengar|Protect\n|move|p1a: Dragonite|Dragon Claw|p2b: Gengar\n|-activate|p2b: Gengar|move: Protect\n|move|p1b: Rotom|Thunderbolt|p2a: Toxapex\n|-supereffective|p2a: Toxapex|1\n|-damage|p2a: Toxapex|13/100\n|-status|p2a: Toxapex|par\n|move|p2a: Toxapex|Recover|p2a: Toxapex\n|-heal|p2a: Toxapex|64/100 par\n|\n|-heal|p2a: Toxapex|69/100 par|[from] item: Leftovers\n|-damage|p1a: Dragonite|83/100 tox|[from] psn\n|-damage|p1b: Rotom|49/100 psn|[from] psn\n|upkeep\n|turn|3\n|c| jeanmixed|Ele ta de stall com esse Toxapex\n|c| lisarb660|de tipos\n|c| lisarb660|aaa\n|c| lisarb660|agr to vendo\n|c| jeanmixed|Mas ainda n\u00e3o faz sentido o Gengar kk\n|\n|t:|1776195938\n|move|p1a: Dragonite|Dragon Claw|p2b: Gengar\n|-damage|p2b: Gengar|0 fnt\n|-start|p1a: Dragonite|Disable|Dragon Claw|[from] ability: Cursed Body|[of] p2b: Gengar\n|faint|p2b: Gengar\n|move|p1b: Rotom|Thunderbolt|p2a: Toxapex\n|-supereffective|p2a: Toxapex|1\n|-damage|p2a: Toxapex|26/100 par\n|move|p2a: Toxapex|Recover|p2a: Toxapex\n|-heal|p2a: Toxapex|76/100 par\n|\n|-heal|p2a: Toxapex|82/100 par|[from] item: Leftovers\n|-damage|p1a: Dragonite|66/100 tox|[from] psn\n|-damage|p1b: Rotom|37/100 psn|[from] psn\n|upkeep\n|c| lisarb660|gengar foi de base\n|\n|t:|1776195959\n|switch|p2b: Mamoswine|Mamoswine, L50, F|100/100\n|turn|4\n|c| lisarb660|como sempre[\n|c| lisarb660|era para ter come\u00e7ado assim\n|c| lisarb660|como tu disse\n|\n|t:|1776195987\n|switch|p1a: Scizor|Scizor, L50, F|100/100\n|move|p2b: Mamoswine|Icicle Crash|p1a: Scizor\n|-resisted|p1a: Scizor|1\n|-damage|p1a: Scizor|77/100\n|move|p1b: Rotom|Thunderbolt|p2a: Toxapex\n|-supereffective|p2a: Toxapex|1\n|-damage|p2a: Toxapex|35/100 par\n|move|p2a: Toxapex|Recover|p2a: Toxapex\n|-heal|p2a: Toxapex|85/100 par\n|\n|-heal|p2a: Toxapex|91/100 par|[from] item: Leftovers\n|-damage|p1b: Rotom|25/100 psn|[from] psn\n|upkeep\n|turn|5\n|c| lisarb660|provavelmente rony vai usar protect no scizor para impedir de envenenar ele\n|c| lisarb660|pelo toxapex\n|c| lisarb660|mas n\u00e3o sei depende\n|c| jeanmixed|N\u00e3o afeta, pq \u00e9 tipo a\u00e7o\n|\n|t:|1776196059\n|switch|p2a: Scizor|Scizor, L50, F|100/100\n|move|p2b: Mamoswine|Protect|p2b: Mamoswine\n|-singleturn|p2b: Mamoswine|Protect\n|move|p1a: Scizor|Bullet Punch|p2b: Mamoswine\n|-activate|p2b: Mamoswine|move: Protect\n|move|p1b: Rotom|Will-O-Wisp|p2b: Mamoswine\n|-activate|p2b: Mamoswine|move: Protect\n|\n|-damage|p1b: Rotom|13/100 psn|[from] psn\n|upkeep\n|turn|6\n|c| jeanmixed|Nem precisa de protect\n|c| lisarb660|tem isso\n|c| lisarb660|esqueci\n|\n|t:|1776196085\n|switch|p2b: Toxapex|Toxapex, L50, F|100/100 par\n|move|p1b: Rotom|Will-O-Wisp|p2a: Scizor\n|-status|p2a: Scizor|brn\n|move|p1a: Scizor|Close Combat|p2b: Toxapex\n|-resisted|p2b: Toxapex|1\n|-damage|p2b: Toxapex|83/100 par\n|-unboost|p1a: Scizor|def|1\n|-unboost|p1a: Scizor|spd|1\n|move|p2a: Scizor|U-turn|p1b: Rotom\n|-damage|p1b: Rotom|0 fnt\n|faint|p1b: Rotom\n|c| lisarb660|sou meio atrasado em rela\u00e7\u00e3o as fraquesas e immunidades\n|\n|t:|1776196110\n|switch|p2a: Mamoswine|Mamoswine, L50, F|100/100|[from] U-turn\n|\n|-heal|p2b: Toxapex|88/100 par|[from] item: Leftovers\n|upkeep\n|c| lisarb660|entre os tipos\n|c| jeanmixed|Normal, vai se acostumar\n|\n|t:|1776196120\n|switch|p1b: Dragonite|Dragonite-Mega, L50, F, shiny|66/100 tox\n|turn|7\n|c| lisarb660|o maximo que eu sei \u00e9 do tipo fantasma e normal eu acho ou lutador\n|\n|t:|1776196198\n|move|p1b: Dragonite|Dragon Claw|p2b: Toxapex\n|-damage|p2b: Toxapex|54/100 par\n|move|p2a: Mamoswine|Icicle Crash|p1b: Dragonite\n|-supereffective|p1b: Dragonite|2\n|-damage|p1b: Dragonite|0 fnt\n|faint|p1b: Dragonite\n|move|p1a: Scizor|Close Combat|p2a: Mamoswine\n|-supereffective|p2a: Mamoswine|1\n|-enditem|p2a: Mamoswine|Focus Sash\n|-damage|p2a: Mamoswine|1/100\n|-unboost|p1a: Scizor|def|1\n|-unboost|p1a: Scizor|spd|1\n|move|p2b: Toxapex|Chilling Water|p1a: Scizor\n|-damage|p1a: Scizor|53/100\n|-unboost|p1a: Scizor|atk|1\n|\n|-heal|p2b: Toxapex|60/100 par|[from] item: Leftovers\n|upkeep\n|\n|t:|1776196205\n|switch|p1b: Garchomp|Garchomp, L50, F|100/100\n|turn|8\n|c| lisarb660|esse do mamoswine foi focus sash? ou na cagada\n|c| lisarb660|foi focus\n|c| lisarb660|ok\n|\n|t:|1776196264\n|move|p1a: Scizor|Protect|p1a: Scizor\n|-singleturn|p1a: Scizor|Protect\n|move|p1b: Garchomp|Earthquake|p2b: Toxapex|[spread] p2a,p2b\n|-activate|p1a: Scizor|move: Protect\n|-supereffective|p2b: Toxapex|1\n|-damage|p2a: Mamoswine|0 fnt\n|-damage|p2b: Toxapex|6/100 par\n|faint|p2a: Mamoswine\n|move|p2b: Toxapex|Toxic|p1b: Garchomp\n|-status|p1b: Garchomp|tox\n|\n|-heal|p2b: Toxapex|12/100 par|[from] item: Leftovers\n|-damage|p1b: Garchomp|95/100 tox|[from] psn\n|upkeep\n|\n|t:|1776196293\n|switch|p2a: Scizor|Scizor, L50, F|100/100 brn\n|turn|9\n|\n|t:|1776196312\n|move|p1a: Scizor|Bullet Punch|p2b: Toxapex\n|-resisted|p2b: Toxapex|1\n|-damage|p2b: Toxapex|2/100 par\n|move|p1b: Garchomp|Rock Slide|p2b: Toxapex|[spread] p2a,p2b\n|-damage|p2a: Scizor|80/100 brn\n|-damage|p2b: Toxapex|0 fnt\n|faint|p2b: Toxapex\n|cant|p2a: Scizor|flinch\n|\n|-damage|p1b: Garchomp|83/100 tox|[from] psn\n|-damage|p2a: Scizor|73/100 brn|[from] brn\n|upkeep\n|turn|10\n|-message|filipelima0617 forfeited.\n|\n|win|mofriu4334\n|l|\u2606filipelima0617\n|player|p2|\n|c| jeanmixed|Conseguiu um flich\n|c| lisarb660|gg\n",
  "uploadtime": 1776196336,
  "views": 18,
  "formatid": "gen9championsvgc2026regma",
  "rating": null,
  "private": 0,
  "password": null
}