{
  "id": "gen9championsvgc2026regma-2583240986",
  "format": "[Gen 9 Champions] VGC 2026 Reg M-A",
  "players": [
    "tzarii",
    "suki126"
  ],
  "log": "|j|\u2606tzarii\n|j|\u2606suki126\n|t:|1776158504\n|gametype|doubles\n|player|p1|tzarii|lady-gen4|1237\n|player|p2|suki126|1|1236\n|gen|9\n|tier|[Gen 9 Champions] VGC 2026 Reg M-A\n|rated|\n|rule|Species Clause: Limit one of each Pok\u00e9mon\n|rule|Item Clause: Limit 1 of each item\n|clearpoke\n|poke|p1|Blastoise, L50, F|\n|poke|p1|Sinistcha, L50|\n|poke|p1|Sneasler, L50, M|\n|poke|p1|Kingambit, L50, M|\n|poke|p1|Aerodactyl, L50, F|\n|poke|p1|Pelipper, L50, M|\n|poke|p2|Garchomp, L50, M|\n|poke|p2|Kingambit, L50, F|\n|poke|p2|Sneasler, L50, F|\n|poke|p2|Incineroar, L50, F|\n|poke|p2|Rotom-Wash, L50|\n|poke|p2|Tyranitar, L50, M|\n|teampreview|4\n|inactive|Battle timer is ON: inactive players will automatically lose when time's up. (requested by tzarii)\n|\n|t:|1776158533\n|teamsize|p1|4\n|teamsize|p2|4\n|start\n|switch|p1a: Blastoise|Blastoise, L50, F|100/100\n|switch|p1b: Sinistcha|Sinistcha, L50|100/100\n|switch|p2a: Rotom|Rotom-Wash, L50|100/100\n|switch|p2b: Incineroar|Incineroar, L50, F|100/100\n|-ability|p2b: Incineroar|Intimidate|boost\n|-unboost|p1a: Blastoise|atk|1\n|-unboost|p1b: Sinistcha|atk|1\n|turn|1\n|inactive|suki126 has 30 seconds left.\n|\n|t:|1776158559\n|move|p1a: Blastoise|Protect|p1a: Blastoise\n|-singleturn|p1a: Blastoise|Protect\n|move|p2a: Rotom|Protect|p2a: Rotom\n|-singleturn|p2a: Rotom|Protect\n|move|p1b: Sinistcha|Protect|p1b: Sinistcha\n|-singleturn|p1b: Sinistcha|Protect\n|move|p2b: Incineroar|Throat Chop|p1b: Sinistcha\n|-activate|p1b: Sinistcha|move: Protect\n|\n|upkeep\n|turn|2\n|inactive|suki126 has 30 seconds left.\n|inactive|suki126 has 20 seconds left.\n|\n|t:|1776158595\n|detailschange|p1a: Blastoise|Blastoise-Mega, L50, F\n|-mega|p1a: Blastoise|Blastoise|Blastoisinite\n|move|p1b: Sinistcha|Rage Powder|p1b: Sinistcha\n|-singleturn|p1b: Sinistcha|move: Rage Powder\n|move|p1a: Blastoise|Shell Smash|p1a: Blastoise\n|-unboost|p1a: Blastoise|def|1\n|-unboost|p1a: Blastoise|spd|1\n|-boost|p1a: Blastoise|atk|2\n|-boost|p1a: Blastoise|spa|2\n|-boost|p1a: Blastoise|spe|2\n|move|p2a: Rotom|Thunderbolt|p1b: Sinistcha\n|-resisted|p1b: Sinistcha|1\n|-damage|p1b: Sinistcha|85/100\n|move|p2b: Incineroar|Throat Chop|p1b: Sinistcha\n|-supereffective|p1b: Sinistcha|1\n|-damage|p1b: Sinistcha|34/100\n|-start|p1b: Sinistcha|Throat Chop|[silent]\n|-enditem|p1b: Sinistcha|Sitrus Berry|[eat]\n|-heal|p1b: Sinistcha|58/100|[from] item: Sitrus Berry\n|\n|upkeep\n|turn|3\n|inactive|suki126 has 30 seconds left.\n|\n|t:|1776158624\n|move|p1b: Sinistcha|Rage Powder|p1b: Sinistcha\n|-singleturn|p1b: Sinistcha|move: Rage Powder\n|move|p1a: Blastoise|Shell Smash|p1a: Blastoise\n|-unboost|p1a: Blastoise|def|1\n|-unboost|p1a: Blastoise|spd|1\n|-boost|p1a: Blastoise|atk|2\n|-boost|p1a: Blastoise|spa|2\n|-boost|p1a: Blastoise|spe|2\n|move|p2a: Rotom|Thunderbolt|p1b: Sinistcha\n|-resisted|p1b: Sinistcha|1\n|-damage|p1b: Sinistcha|42/100\n|move|p2b: Incineroar|Flare Blitz|p1b: Sinistcha\n|-supereffective|p1b: Sinistcha|1\n|-crit|p1b: Sinistcha\n|-damage|p1b: Sinistcha|0 fnt\n|faint|p1b: Sinistcha\n|-damage|p2b: Incineroar|89/100|[from] Recoil\n|\n|upkeep\n|\n|t:|1776158628\n|switch|p1b: Pelipper|Pelipper, L50, M|100/100\n|-weather|RainDance|[from] ability: Drizzle|[of] p1b: Pelipper\n|turn|4\n|inactive|suki126 has 30 seconds left.\n|\n|t:|1776158654\n|switch|p1b: Sneasler|Sneasler, L50, M|100/100\n|move|p1a: Blastoise|Protect|p1a: Blastoise\n|-singleturn|p1a: Blastoise|Protect\n|move|p2a: Rotom|Thunderbolt|p1a: Blastoise\n|-activate|p1a: Blastoise|move: Protect\n|move|p2b: Incineroar|Parting Shot|p1a: Blastoise\n|-activate|p1a: Blastoise|move: Protect\n|\n|-weather|RainDance|[upkeep]\n|upkeep\n|turn|5\n|\n|t:|1776158663\n|switch|p2b: Garchomp|Garchomp, L50, M|100/100\n|move|p2a: Rotom|Protect|p2a: Rotom\n|-singleturn|p2a: Rotom|Protect\n|move|p1b: Sneasler|Fake Out|p2a: Rotom\n|-activate|p2a: Rotom|move: Protect\n|move|p1a: Blastoise|Water Spout|p2a: Rotom|[spread] p2b\n|-activate|p2a: Rotom|move: Protect\n|-enditem|p2b: Garchomp|Focus Sash\n|-damage|p2b: Garchomp|1/100\n|\n|-weather|RainDance|[upkeep]\n|upkeep\n|turn|6\n|c|\u2606tzarii|watch this\n|\n|t:|1776158677\n|move|p1a: Blastoise|Water Spout|p2a: Rotom|[spread] p2a,p2b\n|-resisted|p2a: Rotom|1\n|-damage|p2a: Rotom|0 fnt\n|-damage|p2b: Garchomp|0 fnt\n|faint|p2a: Rotom\n|faint|p2b: Garchomp\n|move|p1b: Sneasler|Close Combat|p2: Rotom|[notarget]\n|-fail|p1b: Sneasler\n|\n|-weather|RainDance|[upkeep]\n|upkeep\n|\n|t:|1776158681\n|switch|p2b: Incineroar|Incineroar, L50, F|89/100\n|switch|p2a: Tyranitar|Tyranitar, L50, M|100/100\n|-weather|Sandstorm|[from] ability: Sand Stream|[of] p2a: Tyranitar\n|-ability|p2b: Incineroar|Intimidate|boost\n|-unboost|p1a: Blastoise|atk|1\n|-unboost|p1b: Sneasler|atk|1\n|-enditem|p1b: Sneasler|White Herb\n|-clearnegativeboost|p1b: Sneasler|[silent]\n|turn|7\n|l|\u2606suki126\n|inactive|suki126 disconnected and has a minute to reconnect!\n|player|p2|\n|inactive|suki126 has 30 seconds left.\n|inactive|suki126 has 20 seconds left.\n|inactive|suki126 has 15 seconds left.\n|inactive|suki126 has 10 seconds left.\n|inactive|suki126 has 5 seconds left.\n|-message|suki126 lost due to inactivity.\n|\n|win|tzarii\n|raw|tzarii's rating: 1237 &rarr; <strong>1262</strong><br />(+25 for winning)\n|raw|suki126's rating: 1236 &rarr; <strong>1211</strong><br />(-25 for losing)\n",
  "uploadtime": 1776158741,
  "views": 42,
  "formatid": "gen9championsvgc2026regma",
  "rating": 1211,
  "private": 0,
  "password": null
}