{
  "id": "gen9championsvgc2026regma-2586108570",
  "format": "[Gen 9 Champions] VGC 2026 Reg M-A",
  "players": [
    "Hades_72",
    "Andiom123"
  ],
  "log": "|j|\u2606Hades_72\n|j|\u2606Andiom123\n|t:|1776399992\n|gametype|doubles\n|player|p1|Hades_72|ghetsis|1187\n|player|p2|Andiom123|102|1217\n|gen|9\n|tier|[Gen 9 Champions] VGC 2026 Reg M-A\n|rated|\n|rule|Species Clause: Limit one of each Pok\u00e9mon\n|rule|Item Clause: Limit 1 of each item\n|clearpoke\n|poke|p1|Froslass, L50, F|\n|poke|p1|Greninja-*, L50, M|\n|poke|p1|Sneasler, L50, M|\n|poke|p1|Sinistcha-Masterpiece, L50|\n|poke|p1|Tyranitar, L50, M|\n|poke|p1|Kingambit, L50, M|\n|poke|p2|Charizard, L50, F|\n|poke|p2|Typhlosion-Hisui, L50, M|\n|poke|p2|Venusaur, L50, M|\n|poke|p2|Aerodactyl, L50, M|\n|poke|p2|Sneasler, L50, M|\n|poke|p2|Garchomp, L50, M|\n|teampreview|4\n|\n|t:|1776400123\n|teamsize|p1|4\n|teamsize|p2|4\n|start\n|switch|p1a: Froslass|Froslass, L50, F|100/100\n|switch|p1b: Greninja|Greninja, L50, M|100/100\n|switch|p2a: Typhlosion|Typhlosion-Hisui, L50, M|100/100\n|switch|p2b: Sneasler|Sneasler, L50, M|100/100\n|-item|p1a: Froslass|Froslassite|[from] ability: Frisk|[of] p2a: Typhlosion\n|-item|p1b: Greninja|Never-Melt Ice|[from] ability: Frisk|[of] p2a: Typhlosion\n|turn|1\n|\n|t:|1776400185\n|detailschange|p1a: Froslass|Froslass-Mega, L50, F\n|-mega|p1a: Froslass|Froslass|Froslassite\n|-weather|Snowscape|[from] ability: Snow Warning|[of] p1a: Froslass\n|move|p2b: Sneasler|Fake Out|p1b: Greninja\n|-damage|p1b: Greninja|77/100\n|move|p2a: Typhlosion|Eruption|p1b: Greninja|[spread] p1a,p1b\n|-supereffective|p1a: Froslass|1\n|-resisted|p1b: Greninja|1\n|-damage|p1a: Froslass|0 fnt\n|-damage|p1b: Greninja|34/100\n|faint|p1a: Froslass\n|cant|p1b: Greninja|flinch\n|\n|-weather|Snowscape|[upkeep]\n|upkeep\n|\n|t:|1776400199\n|switch|p1a: Sneasler|Sneasler, L50, M|100/100\n|turn|2\n|\n|t:|1776400233\n|move|p1a: Sneasler|Fake Out|p2b: Sneasler\n|-damage|p2b: Sneasler|79/100\n|move|p1b: Greninja|Water Shuriken|p2a: Typhlosion\n|-start|p1b: Greninja|typechange|Water|[from] ability: Protean\n|-supereffective|p2a: Typhlosion|1\n|-damage|p2a: Typhlosion|80/100\n|-supereffective|p2a: Typhlosion|1\n|-damage|p2a: Typhlosion|63/100\n|-hitcount|p2a: Typhlosion|2\n|move|p2a: Typhlosion|Eruption|p1a: Sneasler|[spread] p1a,p1b\n|-resisted|p1b: Greninja|1\n|-damage|p1a: Sneasler|50/100\n|-damage|p1b: Greninja|5/100\n|cant|p2b: Sneasler|flinch\n|\n|-weather|Snowscape|[upkeep]\n|upkeep\n|turn|3\n|\n|t:|1776400280\n|move|p1b: Greninja|Water Shuriken|p2a: Typhlosion\n|-supereffective|p2a: Typhlosion|1\n|-crit|p2a: Typhlosion\n|-damage|p2a: Typhlosion|31/100\n|-supereffective|p2a: Typhlosion|1\n|-damage|p2a: Typhlosion|13/100\n|-supereffective|p2a: Typhlosion|1\n|-damage|p2a: Typhlosion|0 fnt\n|faint|p2a: Typhlosion\n|-hitcount|p2: Typhlosion|3\n|move|p1a: Sneasler|Close Combat|p2b: Sneasler\n|-resisted|p2b: Sneasler|1\n|-damage|p2b: Sneasler|29/100\n|-unboost|p1a: Sneasler|def|1\n|-unboost|p1a: Sneasler|spd|1\n|move|p2b: Sneasler|Dire Claw|p1b: Greninja\n|-damage|p1b: Greninja|0 fnt\n|faint|p1b: Greninja\n|\n|-weather|Snowscape|[upkeep]\n|upkeep\n|\n|t:|1776400300\n|switch|p1b: Tyranitar|Tyranitar, L50, M|100/100\n|switch|p2a: Charizard|Charizard, L50, F|100/100\n|-weather|Sandstorm|[from] ability: Sand Stream|[of] p1b: Tyranitar\n|turn|4\n|\n|t:|1776400346\n|detailschange|p2a: Charizard|Charizard-Mega-Y, L50, F\n|-mega|p2a: Charizard|Charizard|Charizardite Y\n|-weather|SunnyDay|[from] ability: Drought|[of] p2a: Charizard\n|move|p2b: Sneasler|Protect|p2b: Sneasler\n|-singleturn|p2b: Sneasler|Protect\n|move|p1b: Tyranitar|Protect|p1b: Tyranitar\n|-singleturn|p1b: Tyranitar|Protect\n|move|p1a: Sneasler|Close Combat|p2b: Sneasler\n|-activate|p2b: Sneasler|move: Protect\n|move|p2a: Charizard|Heat Wave|p1b: Tyranitar|[spread] p1a\n|-activate|p1b: Tyranitar|move: Protect\n|-damage|p1a: Sneasler|0 fnt\n|faint|p1a: Sneasler\n|\n|-weather|SunnyDay|[upkeep]\n|upkeep\n|turn|5\n|\n|t:|1776400379\n|move|p2b: Sneasler|Close Combat|p1b: Tyranitar\n|-supereffective|p1b: Tyranitar|2\n|-damage|p1b: Tyranitar|0 fnt\n|-unboost|p2b: Sneasler|def|1\n|-unboost|p2b: Sneasler|spd|1\n|faint|p1b: Tyranitar\n|\n|win|Andiom123\n|raw|Hades_72's rating: 1187 &rarr; <strong>1164</strong><br />(-23 for losing)\n|raw|Andiom123's rating: 1217 &rarr; <strong>1240</strong><br />(+23 for winning)\n",
  "uploadtime": 1776400387,
  "views": 21,
  "formatid": "gen9championsvgc2026regma",
  "rating": 1164,
  "private": 0,
  "password": null
}