{
  "id": "gen9championsvgc2026regma-2586427310",
  "format": "[Gen 9 Champions] VGC 2026 Reg M-A",
  "players": [
    "galargiant",
    "schokoscheise"
  ],
  "log": "|j|\u2606galargiant\n|j|\u2606schokoscheise\n|t:|1776433931\n|gametype|doubles\n|player|p1|galargiant|266|1142\n|player|p2|schokoscheise|266|1208\n|gen|9\n|tier|[Gen 9 Champions] VGC 2026 Reg M-A\n|rated|\n|rule|Species Clause: Limit one of each Pok\u00e9mon\n|rule|Item Clause: Limit 1 of each item\n|clearpoke\n|poke|p1|Glimmora, L50, F|\n|poke|p1|Corviknight, L50, F|\n|poke|p1|Incineroar, L50, F|\n|poke|p1|Basculegion, L50, M|\n|poke|p1|Rotom-Mow, L50|\n|poke|p1|Lopunny, L50, F|\n|poke|p2|Crabominable, L50, M|\n|poke|p2|Farigiraf, L50, M|\n|poke|p2|Kingambit, L50, F|\n|poke|p2|Torkoal, L50, F|\n|poke|p2|Venusaur, L50, F|\n|poke|p2|Incineroar, L50, F|\n|teampreview|4\ngalargiant rejected open team sheets.\n|c|\u2606galargiant|Sun mega crab is shiest\n|c|\u2606galargiant|Setup sun so fire types kill it faster \ud83e\udd75\n|\n|t:|1776433998\n|teamsize|p1|4\n|teamsize|p2|4\n|start\n|switch|p1a: Lopunny|Lopunny, L50, F|100/100\n|switch|p1b: Corviknight|Corviknight, L50, F|100/100\n|switch|p2a: Farigiraf|Farigiraf, L50, M|100/100\n|switch|p2b: Kingambit|Kingambit, L50, F|100/100\n|turn|1\n|\n|t:|1776434050\n|detailschange|p1a: Lopunny|Lopunny-Mega, L50, F\n|-mega|p1a: Lopunny|Lopunny|Lopunnite\n|move|p2b: Kingambit|Protect|p2b: Kingambit\n|-singleturn|p2b: Kingambit|Protect\n|move|p1a: Lopunny|Close Combat|p2a: Farigiraf\n|-damage|p2a: Farigiraf|57/100\n|-unboost|p1a: Lopunny|def|1\n|-unboost|p1a: Lopunny|spd|1\n|move|p1b: Corviknight|Iron Defense|p1b: Corviknight\n|-boost|p1b: Corviknight|def|2\n|move|p2a: Farigiraf|Trick Room|p2a: Farigiraf\n|-fieldstart|move: Trick Room|[of] p2a: Farigiraf\n|\n|upkeep\n|turn|2\n|\n|t:|1776434081\n|switch|p2b: Venusaur|Venusaur, L50, F|100/100\n|move|p1a: Lopunny|Protect|p1a: Lopunny\n|-singleturn|p1a: Lopunny|Protect\n|move|p2a: Farigiraf|Psychic|p1a: Lopunny\n|-activate|p1a: Lopunny|move: Protect\n|move|p1b: Corviknight|Body Press|p2a: Farigiraf\n|-damage|p2a: Farigiraf|27/100\n|\n|upkeep\n|turn|3\n|inactive|Battle timer is ON: inactive players will automatically lose when time's up. (requested by galargiant)\n|\n|t:|1776434131\n|switch|p1a: Incineroar|Incineroar, L50, F|100/100\n|-ability|p1a: Incineroar|Intimidate|boost\n|-unboost|p2a: Farigiraf|atk|1\n|-unboost|p2b: Venusaur|atk|1\n|move|p2a: Farigiraf|Psychic|p1a: Incineroar\n|-immune|p1a: Incineroar\n|move|p1b: Corviknight|Body Press|p2a: Farigiraf\n|-damage|p2a: Farigiraf|1/100\n|move|p2b: Venusaur|Sleep Powder|p1b: Corviknight\n|-status|p1b: Corviknight|slp|[from] move: Sleep Powder\n|\n|upkeep\n|turn|4\n|inactive|schokoscheise has 30 seconds left.\n|\n|t:|1776434156\n|move|p2a: Farigiraf|Hyper Voice|p1a: Incineroar|[spread] p1a,p1b\n|-resisted|p1b: Corviknight|1\n|-damage|p1a: Incineroar|82/100\n|-damage|p1b: Corviknight|92/100 slp\n|move|p1a: Incineroar|Flare Blitz|p2b: Venusaur\n|-supereffective|p2b: Venusaur|1\n|-enditem|p2b: Venusaur|Focus Sash\n|-damage|p2b: Venusaur|1/100\n|-damage|p1a: Incineroar|57/100|[from] Recoil\n|cant|p1b: Corviknight|slp\n|move|p2b: Venusaur|Earth Power|p1a: Incineroar\n|-supereffective|p1a: Incineroar|1\n|-damage|p1a: Incineroar|19/100\n|-unboost|p1a: Incineroar|spd|1\n|-enditem|p1a: Incineroar|Sitrus Berry|[eat]\n|-heal|p1a: Incineroar|44/100|[from] item: Sitrus Berry\n|\n|upkeep\n|turn|5\n|inactive|schokoscheise has 30 seconds left.\n|inactive|schokoscheise has 20 seconds left.\n|inactive|galargiant has 30 seconds left.\n|inactive|schokoscheise has 15 seconds left.\n|\n|t:|1776434202\n|move|p2a: Farigiraf|Hyper Voice|p1a: Incineroar|[spread] p1a,p1b\n|-resisted|p1b: Corviknight|1\n|-damage|p1a: Incineroar|16/100\n|-damage|p1b: Corviknight|82/100 slp\n|move|p1a: Incineroar|Parting Shot|p2b: Venusaur\n|-unboost|p2b: Venusaur|atk|1\n|-unboost|p2b: Venusaur|spa|1\n|\n|t:|1776434209\n|switch|p1a: Basculegion|Basculegion, L50, M|100/100|[from] Parting Shot\n|cant|p1b: Corviknight|slp\n|move|p2b: Venusaur|Earth Power|p1a: Basculegion\n|-damage|p1a: Basculegion|81/100\n|\n|-fieldend|move: Trick Room\n|upkeep\n|turn|6\n|\n|t:|1776434234\n|move|p1a: Basculegion|Flip Turn|p2b: Venusaur\n|-resisted|p2b: Venusaur|1\n|-damage|p2b: Venusaur|0 fnt\n|faint|p2b: Venusaur\n|\n|t:|1776434241\n|switch|p1a: Incineroar|Incineroar, L50, F|16/100|[from] Flip Turn\n|-ability|p1a: Incineroar|Intimidate|boost\n|-unboost|p2a: Farigiraf|atk|1\n|-curestatus|p1b: Corviknight|slp|[msg]\n|move|p1b: Corviknight|Body Press|p2a: Farigiraf\n|-damage|p2a: Farigiraf|0 fnt\n|faint|p2a: Farigiraf\n|\n|upkeep\n|\n|t:|1776434251\n|switch|p2b: Kingambit|Kingambit, L50, F|100/100\n|switch|p2a: Crabominable|Crabominable, L50, M|100/100\n|turn|7\n|\n|t:|1776434266\n|detailschange|p2a: Crabominable|Crabominable-Mega, L50, M\n|-mega|p2a: Crabominable|Crabominable|Crabominite\n|move|p2b: Kingambit|Protect|p2b: Kingambit\n|-singleturn|p2b: Kingambit|Protect\n|move|p2a: Crabominable|Protect|p2a: Crabominable\n|-singleturn|p2a: Crabominable|Protect\n|move|p1a: Incineroar|Fake Out|p2a: Crabominable\n|-activate|p2a: Crabominable|move: Protect\n|move|p1b: Corviknight|Body Press|p2b: Kingambit\n|-activate|p2b: Kingambit|move: Protect\n|\n|upkeep\n|turn|8\n|inactive|galargiant has 30 seconds left.\n|\n|t:|1776434291\n|move|p2b: Kingambit|Sucker Punch|p1a: Incineroar\n|-resisted|p1a: Incineroar|1\n|-damage|p1a: Incineroar|0 fnt\n|faint|p1a: Incineroar\n|move|p1b: Corviknight|Body Press|p2b: Kingambit\n|-supereffective|p2b: Kingambit|2\n|-damage|p2b: Kingambit|0 fnt\n|faint|p2b: Kingambit\n|move|p2a: Crabominable|Ice Hammer|p1b: Corviknight\n|-damage|p1b: Corviknight|50/100\n|-unboost|p2a: Crabominable|spe|1\n|\n|upkeep\n|\n|t:|1776434302\n|switch|p1a: Lopunny|Lopunny-Mega, L50, F|100/100\n|turn|9\n|\n|t:|1776434317\n|move|p1a: Lopunny|Fake Out|p2a: Crabominable\n|-damage|p2a: Crabominable|84/100\n|cant|p2a: Crabominable|flinch\n|move|p1b: Corviknight|Roost|p1b: Corviknight\n|-heal|p1b: Corviknight|100/100\n|-singleturn|p1b: Corviknight|move: Roost\n|\n|upkeep\n|turn|10\n|\n|t:|1776434326\n|move|p2a: Crabominable|Mach Punch|p1a: Lopunny\n|-supereffective|p1a: Lopunny|1\n|-damage|p1a: Lopunny|19/100\n|move|p1a: Lopunny|Close Combat|p2a: Crabominable\n|-supereffective|p2a: Crabominable|1\n|-damage|p2a: Crabominable|0 fnt\n|-unboost|p1a: Lopunny|def|1\n|-unboost|p1a: Lopunny|spd|1\n|faint|p2a: Crabominable\n|\n|win|galargiant\n|raw|galargiant's rating: 1142 &rarr; <strong>1172</strong><br />(+30 for winning)\n|raw|schokoscheise's rating: 1208 &rarr; <strong>1178</strong><br />(-30 for losing)\n|l|\u2606schokoscheise\n|player|p2|\n",
  "uploadtime": 1776434338,
  "views": 40,
  "formatid": "gen9championsvgc2026regma",
  "rating": 1172,
  "private": 0,
  "password": null
}