{
  "id": "gen9championsvgc2026regma-2584524683",
  "format": "[Gen 9 Champions] VGC 2026 Reg M-A",
  "players": [
    "OwlsGoHooot",
    "lulvdisc"
  ],
  "log": "|j|\u2606OwlsGoHooot\n|j|\u2606lulvdisc\n|t:|1776266534\n|gametype|doubles\n|player|p1|OwlsGoHooot|2|1180\n|player|p2|lulvdisc|169|1261\n|gen|9\n|tier|[Gen 9 Champions] VGC 2026 Reg M-A\n|rated|\n|rule|Species Clause: Limit one of each Pok\u00e9mon\n|rule|Item Clause: Limit 1 of each item\n|clearpoke\n|poke|p1|Floette-Eternal, L50, F|\n|poke|p1|Aerodactyl, L50, F|\n|poke|p1|Incineroar, L50, M|\n|poke|p1|Garchomp, L50, M|\n|poke|p1|Charizard, L50, M|\n|poke|p1|Venusaur, L50, M|\n|poke|p2|Pelipper, L50, F|\n|poke|p2|Archaludon, L50, M|\n|poke|p2|Dragonite, L50, F|\n|poke|p2|Basculegion, L50, M|\n|poke|p2|Rotom-Mow, L50|\n|poke|p2|Tauros-Paldea-Blaze, L50, M|\n|teampreview|4\n|\n|t:|1776266568\n|teamsize|p1|4\n|teamsize|p2|4\n|start\n|switch|p1a: Aerodactyl|Aerodactyl, L50, F|100/100\n|switch|p1b: Charizard|Charizard, L50, M|100/100\n|switch|p2a: Dragonite|Dragonite, L50, F|100/100\n|switch|p2b: Basculegion|Basculegion, L50, M|100/100\n|-ability|p1a: Aerodactyl|Unnerve\n|turn|1\n|\n|t:|1776266591\n|move|p1a: Aerodactyl|Protect|p1a: Aerodactyl\n|-singleturn|p1a: Aerodactyl|Protect\n|move|p1b: Charizard|Protect|p1b: Charizard\n|-singleturn|p1b: Charizard|Protect\n|move|p2b: Basculegion|Flip Turn|p1a: Aerodactyl\n|-activate|p1a: Aerodactyl|move: Protect\n|move|p2a: Dragonite|Draco Meteor|p1b: Charizard\n|-activate|p1b: Charizard|move: Protect\n|\n|upkeep\n|turn|2\n|\n|t:|1776266615\n|detailschange|p1b: Charizard|Charizard-Mega-Y, L50, M\n|-mega|p1b: Charizard|Charizard|Charizardite Y\n|-weather|SunnyDay|[from] ability: Drought|[of] p1b: Charizard\n|detailschange|p2a: Dragonite|Dragonite-Mega, L50, F\n|-mega|p2a: Dragonite|Dragonite|Dragoninite\n|move|p2b: Basculegion|Flip Turn|p1a: Aerodactyl\n|-supereffective|p1a: Aerodactyl|1\n|-damage|p1a: Aerodactyl|44/100\n|\n|t:|1776266621\n|switch|p2b: Pelipper|Pelipper, L50, F|100/100|[from] Flip Turn\n|-weather|RainDance|[from] ability: Drizzle|[of] p2b: Pelipper\n|move|p1a: Aerodactyl|Tailwind|p1a: Aerodactyl\n|-sidestart|p1: OwlsGoHooot|move: Tailwind\n|move|p1b: Charizard|Heat Wave|p2a: Dragonite|[spread] p2b\n|-miss|p1b: Charizard|p2a: Dragonite\n|-resisted|p2b: Pelipper|1\n|-damage|p2b: Pelipper|80/100\n|move|p2a: Dragonite|Draco Meteor|p1b: Charizard\n|-damage|p1b: Charizard|23/100\n|-unboost|p2a: Dragonite|spa|2\n|\n|-weather|RainDance|[upkeep]\n|upkeep\n|turn|3\n|\n|t:|1776266642\n|move|p2a: Dragonite|Extreme Speed|p1b: Charizard\n|-damage|p1b: Charizard|0 fnt\n|faint|p1b: Charizard\n|move|p1a: Aerodactyl|Rock Slide|p2b: Pelipper|[spread] p2a,p2b\n|-supereffective|p2a: Dragonite|1\n|-supereffective|p2b: Pelipper|1\n|-damage|p2a: Dragonite|81/100\n|-damage|p2b: Pelipper|6/100\n|move|p2b: Pelipper|Tailwind|p2b: Pelipper\n|-sidestart|p2: lulvdisc|move: Tailwind\n|\n|-weather|RainDance|[upkeep]\n|upkeep\n|\n|t:|1776266647\n|switch|p1b: Incineroar|Incineroar, L50, M|100/100\n|-ability|p1b: Incineroar|Intimidate|boost\n|-unboost|p2a: Dragonite|atk|1\n|-unboost|p2b: Pelipper|atk|1\n|turn|4\n|\n|t:|1776266663\n|move|p2a: Dragonite|Protect|p2a: Dragonite\n|-singleturn|p2a: Dragonite|Protect\n|move|p2b: Pelipper|Protect|p2b: Pelipper\n|-singleturn|p2b: Pelipper|Protect\n|move|p1b: Incineroar|Fake Out|p2b: Pelipper\n|-activate|p2b: Pelipper|move: Protect\n|move|p1a: Aerodactyl|Dual Wingbeat|p2a: Dragonite\n|-activate|p2a: Dragonite|move: Protect\n|\n|-weather|RainDance|[upkeep]\n|upkeep\n|turn|5\n|\n|t:|1776266680\n|switch|p1b: Venusaur|Venusaur, L50, M|100/100\n|move|p1a: Aerodactyl|Dual Wingbeat|p2b: Pelipper\n|-damage|p2b: Pelipper|0 fnt\n|faint|p2b: Pelipper\n|-hitcount|p2: Pelipper|1\n|move|p2a: Dragonite|Draco Meteor|p1a: Aerodactyl\n|-damage|p1a: Aerodactyl|0 fnt\n|-unboost|p2a: Dragonite|spa|2\n|faint|p1a: Aerodactyl\n|\n|-weather|RainDance|[upkeep]\n|-sideend|p1: OwlsGoHooot|move: Tailwind\n|upkeep\n|\n|t:|1776266688\n|switch|p1a: Incineroar|Incineroar, L50, M|100/100\n|switch|p2b: Basculegion|Basculegion, L50, M|100/100\n|-ability|p1a: Incineroar|Intimidate|boost\n|-unboost|p2a: Dragonite|atk|1\n|-unboost|p2b: Basculegion|atk|1\n|turn|6\n|\n|t:|1776266706\n|switch|p2a: Rotom|Rotom-Mow, L50|100/100\n|move|p2b: Basculegion|Flip Turn|p1a: Incineroar\n|-supereffective|p1a: Incineroar|1\n|-damage|p1a: Incineroar|29/100\n|-enditem|p1a: Incineroar|Sitrus Berry|[eat]\n|-heal|p1a: Incineroar|54/100|[from] item: Sitrus Berry\n|\n|t:|1776266711\n|switch|p2b: Dragonite|Dragonite-Mega, L50, F|81/100|[from] Flip Turn\n|move|p1b: Venusaur|Sleep Powder|p2a: Rotom\n|-immune|p2a: Rotom\n|move|p1a: Incineroar|Throat Chop|p2b: Dragonite\n|-damage|p2b: Dragonite|50/100\n|-start|p2b: Dragonite|Throat Chop|[silent]\n|\n|-weather|none\n|-sideend|p2: lulvdisc|move: Tailwind\n|upkeep\n|turn|7\n|\n|t:|1776266727\n|move|p1b: Venusaur|Sludge Bomb|p2b: Dragonite\n|-damage|p2b: Dragonite|20/100\n|move|p2b: Dragonite|Hurricane|p1b: Venusaur\n|-supereffective|p1b: Venusaur|1\n|-enditem|p1b: Venusaur|Focus Sash\n|-damage|p1b: Venusaur|1/100\n|move|p2a: Rotom|Thunderbolt|p1a: Incineroar\n|-damage|p1a: Incineroar|15/100\n|move|p1a: Incineroar|Flare Blitz|p2a: Rotom\n|-supereffective|p2a: Rotom|1\n|-damage|p2a: Rotom|0 fnt\n|faint|p2a: Rotom\n|-damage|p1a: Incineroar|0 fnt|[from] Recoil\n|faint|p1a: Incineroar\n|\n|-end|p2b: Dragonite|Throat Chop|[silent]\n|upkeep\n|\n|t:|1776266732\n|switch|p2a: Basculegion|Basculegion, L50, M|100/100\n|turn|8\n|\n|t:|1776266741\n|move|p2b: Dragonite|Extreme Speed|p1b: Venusaur\n|-damage|p1b: Venusaur|0 fnt\n|faint|p1b: Venusaur\n|\n|win|lulvdisc\n|raw|OwlsGoHooot's rating: 1180 &rarr; <strong>1161</strong><br />(-19 for losing)\n|raw|lulvdisc's rating: 1261 &rarr; <strong>1280</strong><br />(+19 for winning)\n",
  "uploadtime": 1776266746,
  "views": 21,
  "formatid": "gen9championsvgc2026regma",
  "rating": 1161,
  "private": 0,
  "password": null
}