{
  "id": "gen9championsvgc2026regma-2589471160",
  "format": "[Gen 9 Champions] VGC 2026 Reg M-A",
  "players": [
    "sevipper",
    "MimikyuBot"
  ],
  "log": "|j|\u2606sevipper\n|j|\u2606MimikyuBot\n|t:|1776725911\n|gametype|doubles\n|player|p1|sevipper|101|1018\n|player|p2|MimikyuBot|266|1000\n|gen|9\n|tier|[Gen 9 Champions] VGC 2026 Reg M-A\n|rated|\n|rule|Species Clause: Limit one of each Pok\u00e9mon\n|rule|Item Clause: Limit 1 of each item\n|clearpoke\n|poke|p1|Gengar, L50, M|\n|poke|p1|Garchomp, L50, M|\n|poke|p1|Tyranitar, L50, F|\n|poke|p1|Sneasler, L50, F|\n|poke|p1|Rotom-Wash, L50|\n|poke|p1|Whimsicott, L50, F|\n|poke|p2|Aegislash, L50, F, shiny|\n|poke|p2|Whimsicott, L50, M, shiny|\n|poke|p2|Gallade, L50, M, shiny|\n|poke|p2|Incineroar, L50, F, shiny|\n|poke|p2|Clefable, L50, F, shiny|\n|poke|p2|Milotic, L50, F, shiny|\n|teampreview|4\nMimikyuBot has agreed to open team sheets.\n|inactive|Battle timer is ON: inactive players will automatically lose when time's up. (requested by sevipper)\n|inactive|MimikyuBot has 60 seconds left.\nsevipper has agreed to open team sheets.\n|showteam|p1|Gengar||Gengarite|CursedBody|Protect,ShadowBall,SludgeWave,FocusBlast|||M|||50|]Garchomp||BrightPowder|SandVeil|Protect,Earthquake,RockSlide,DragonClaw|||M|||50|]Tyranitar||ShucaBerry|SandStream|Protect,RockSlide,IceFang,LowKick|||F|||50|]Sneasler||WhiteHerb|Unburden|Protect,FakeOut,DireClaw,CloseCombat|||F|||50|]Rotom-Wash||Leftovers|Levitate|Protect,WillOWisp,VoltSwitch,HydroPump||||||50|]Whimsicott||MentalHerb|Prankster|Protect,Tailwind,Moonblast,FakeTears|||F|||50|\n|showteam|p2|Aegislash||SpellTag|StanceChange|IronHead,KingsShield,Poltergeist,ShadowSneak|||F|||50|]Whimsicott||FocusSash|Prankster|Tailwind,Moonblast,SunnyDay,Encore|||M|||50|]Gallade||Galladite|Sharpness|PsychoCut,SacredSword,TripleAxel,Protect|||M|||50|]Incineroar||Leftovers|Intimidate|FlareBlitz,PartingShot,Snarl,FakeOut|||F|||50|]Clefable||SitrusBerry|Unaware|FollowMe,Moonblast,Protect,HelpingHand|||F|||50|]Milotic||MysticWater|Competitive|Scald,IcyWind,IceBeam,Protect|||F|||50|\n|\n|t:|1776726093\n|teamsize|p1|4\n|teamsize|p2|4\n|start\n|switch|p1a: YourWorstNightmare|Gengar, L50, M|100/100\n|switch|p1b: Achoo|Sneasler, L50, F|100/100\n|switch|p2a: Whimsicott|Whimsicott, L50, M, shiny|100/100\n|switch|p2b: Gallade|Gallade, L50, M, shiny|100/100\n|turn|1\n|inactive|MimikyuBot also wants the timer to be on.\n|inactive|sevipper has 30 seconds left.\n|\n|t:|1776726118\n|detailschange|p1a: YourWorstNightmare|Gengar-Mega, L50, M\n|-mega|p1a: YourWorstNightmare|Gengar|Gengarite\n|detailschange|p2b: Gallade|Gallade-Mega, L50, M, shiny\n|-mega|p2b: Gallade|Gallade|Galladite\n|move|p1b: Achoo|Fake Out|p2a: Whimsicott\n|-damage|p2a: Whimsicott|80/100\n|cant|p2a: Whimsicott|flinch\n|move|p1a: YourWorstNightmare|Shadow Ball|p2b: Gallade\n|-supereffective|p2b: Gallade|1\n|-damage|p2b: Gallade|0 fnt\n|faint|p2b: Gallade\n|\n|upkeep\n|\n|t:|1776726118\n|switch|p2b: Aegislash|Aegislash, L50, F, shiny|100/100\n|turn|2\n|inactive|sevipper has 30 seconds left.\n|\n|t:|1776726144\n|switch|p1b: Godzillla|Tyranitar, L50, F|100/100\n|-weather|Sandstorm|[from] ability: Sand Stream|[of] p1b: Godzillla\n|move|p2a: Whimsicott|Moonblast|p1b: Godzillla\n|-supereffective|p1b: Godzillla|1\n|-damage|p1b: Godzillla|53/100\n|move|p1a: YourWorstNightmare|Shadow Ball|p2b: Aegislash\n|-supereffective|p2b: Aegislash|1\n|-damage|p2b: Aegislash|13/100\n|-formechange|p2b: Aegislash|Aegislash-Blade|\n|move|p2b: Aegislash|Poltergeist|p1b: Godzillla\n|-activate|p1b: Godzillla|move: Poltergeist|Shuca Berry\n|-resisted|p1b: Godzillla|1\n|-damage|p1b: Godzillla|25/100\n|\n|-weather|Sandstorm|[upkeep]\n|-damage|p2a: Whimsicott|74/100|[from] Sandstorm\n|-damage|p1a: YourWorstNightmare|95/100|[from] Sandstorm\n|upkeep\n|turn|3\n|inactive|sevipper has 30 seconds left.\n|\n|t:|1776726173\n|switch|p1a: Sir Chomps-a-lot|Garchomp, L50, M|100/100\n|move|p2a: Whimsicott|Moonblast|p1b: Godzillla\n|-supereffective|p1b: Godzillla|1\n|-damage|p1b: Godzillla|0 fnt\n|faint|p1b: Godzillla\n|move|p2b: Aegislash|Iron Head|p1a: Sir Chomps-a-lot\n|-damage|p1a: Sir Chomps-a-lot|58/100\n|\n|-weather|Sandstorm|[upkeep]\n|-damage|p2a: Whimsicott|68/100|[from] Sandstorm\n|upkeep\n|\n|t:|1776726185\n|switch|p1b: Achoo|Sneasler, L50, F|100/100\n|turn|4\n|\n|t:|1776726192\n|move|p1b: Achoo|Fake Out|p2a: Whimsicott\n|-damage|p2a: Whimsicott|46/100\n|cant|p2a: Whimsicott|flinch\n|move|p1a: Sir Chomps-a-lot|Rock Slide|p2b: Aegislash|[spread] p2a,p2b\n|-resisted|p2b: Aegislash|1\n|-damage|p2a: Whimsicott|14/100\n|-damage|p2b: Aegislash|0 fnt\n|faint|p2b: Aegislash\n|\n|-weather|Sandstorm|[upkeep]\n|-damage|p1b: Achoo|95/100|[from] Sandstorm\n|-damage|p2a: Whimsicott|9/100|[from] Sandstorm\n|upkeep\n|\n|t:|1776726192\n|switch|p2b: Incineroar|Incineroar, L50, F, shiny|100/100\n|-ability|p2b: Incineroar|Intimidate|boost\n|-unboost|p1a: Sir Chomps-a-lot|atk|1\n|-unboost|p1b: Achoo|atk|1\n|-enditem|p1b: Achoo|White Herb\n|-clearnegativeboost|p1b: Achoo|[silent]\n|turn|5\n|inactive|sevipper has 30 seconds left.\n|\n|t:|1776726222\n|switch|p1a: YourWorstNightmare|Gengar-Mega, L50, M|95/100\n|move|p1b: Achoo|Protect|p1b: Achoo\n|-singleturn|p1b: Achoo|Protect\n|move|p2a: Whimsicott|Moonblast|p1b: Achoo\n|-activate|p1b: Achoo|move: Protect\n|move|p2b: Incineroar|Flare Blitz|p1b: Achoo\n|-activate|p1b: Achoo|move: Protect\n|\n|-weather|Sandstorm|[upkeep]\n|-damage|p1b: Achoo|89/100|[from] Sandstorm\n|-damage|p2a: Whimsicott|3/100|[from] Sandstorm\n|-damage|p1a: YourWorstNightmare|89/100|[from] Sandstorm\n|-damage|p2b: Incineroar|95/100|[from] Sandstorm\n|-heal|p2b: Incineroar|100/100|[from] item: Leftovers\n|upkeep\n|turn|6\n|\n|t:|1776726240\n|move|p1b: Achoo|Close Combat|p2b: Incineroar\n|-supereffective|p2b: Incineroar|1\n|-damage|p2b: Incineroar|0 fnt\n|-unboost|p1b: Achoo|def|1\n|-unboost|p1b: Achoo|spd|1\n|faint|p2b: Incineroar\n|move|p2a: Whimsicott|Moonblast|p1a: YourWorstNightmare\n|-resisted|p1a: YourWorstNightmare|1\n|-damage|p1a: YourWorstNightmare|63/100\n|move|p1a: YourWorstNightmare|Sludge Wave|p2a: Whimsicott|[spread] p1b,p2a\n|-resisted|p1b: Achoo|1\n|-supereffective|p2a: Whimsicott|2\n|-crit|p2a: Whimsicott\n|-damage|p1b: Achoo|39/100\n|-damage|p2a: Whimsicott|0 fnt\n|faint|p2a: Whimsicott\n|\n|win|sevipper\n",
  "uploadtime": 1776726095,
  "views": 7,
  "formatid": "gen9championsvgc2026regma",
  "rating": null,
  "private": 0,
  "password": null
}