{
  "id": "gen9championsvgc2026regma-2587597519",
  "format": "[Gen 9 Champions] VGC 2026 Reg M-A",
  "players": [
    "blu3falcon",
    "ADegel"
  ],
  "log": "|j|\u2606blu3falcon\n|j|\u2606ADegel\n|t:|1776545597\n|gametype|doubles\n|player|p1|blu3falcon|102|1188\n|player|p2|ADegel|benga|1253\n|gen|9\n|tier|[Gen 9 Champions] VGC 2026 Reg M-A\n|rated|\n|rule|Species Clause: Limit one of each Pok\u00e9mon\n|rule|Item Clause: Limit 1 of each item\n|clearpoke\n|poke|p1|Floette-Eternal, L50, F|\n|poke|p1|Aerodactyl, L50, F|\n|poke|p1|Delphox, L50, M|\n|poke|p1|Garchomp, L50, M|\n|poke|p1|Aegislash, L50, M|\n|poke|p1|Maushold-Four, L50|\n|poke|p2|Drampa, L50, M|\n|poke|p2|Sinistcha, L50|\n|poke|p2|Oranguru, L50, M|\n|poke|p2|Hatterene, L50, F|\n|poke|p2|Snorlax, L50, F|\n|poke|p2|Slowbro, L50, M|\n|teampreview|4\n|inactive|Battle timer is ON: inactive players will automatically lose when time's up. (requested by blu3falcon)\n|inactive|blu3falcon has 60 seconds left.\n|inactive|ADegel has 60 seconds left.\n|\n|t:|1776545654\n|teamsize|p1|4\n|teamsize|p2|4\n|start\n|switch|p1a: Floette|Floette-Eternal, L50, F|100/100\n|switch|p1b: Maushold|Maushold-Four, L50|100/100\n|switch|p2a: Oranguru|Oranguru, L50, M|100/100\n|switch|p2b: Snorlax|Snorlax, L50, F|100/100\n|turn|1\n|inactive|blu3falcon has 30 seconds left.\n|inactive|blu3falcon has 20 seconds left.\n|inactive|blu3falcon has 15 seconds left.\n|\n|t:|1776545696\n|move|p1b: Maushold|Population Bomb|p2b: Snorlax\n|-damage|p2b: Snorlax|95/100\n|-damage|p2b: Snorlax|90/100\n|-damage|p2b: Snorlax|85/100\n|-damage|p2b: Snorlax|80/100\n|-damage|p2b: Snorlax|74/100\n|-damage|p2b: Snorlax|68/100\n|-damage|p2b: Snorlax|63/100\n|-damage|p2b: Snorlax|58/100\n|-damage|p2b: Snorlax|53/100\n|-damage|p2b: Snorlax|48/100\n|-enditem|p2b: Snorlax|Sitrus Berry|[eat]\n|-heal|p2b: Snorlax|73/100|[from] item: Sitrus Berry\n|-hitcount|p2b: Snorlax|10\n|move|p1a: Floette|Calm Mind|p1a: Floette\n|-boost|p1a: Floette|spa|1\n|-boost|p1a: Floette|spd|1\n|cant|p2b: Snorlax|flinch\n|move|p2a: Oranguru|Trick Room|p2a: Oranguru\n|-fieldstart|move: Trick Room|[of] p2a: Oranguru\n|\n|upkeep\n|turn|2\n|inactive|blu3falcon has 30 seconds left.\n|inactive|ADegel has 30 seconds left.\n|inactive|blu3falcon has 20 seconds left.\n|\n|t:|1776545734\n|detailschange|p1a: Floette|Floette-Mega, L50, F\n|-mega|p1a: Floette|Floette|Floettite\n|-ability|p1a: Floette|Fairy Aura\n|move|p2b: Snorlax|Iron Head|p1a: Floette\n|-supereffective|p1a: Floette|1\n|-damage|p1a: Floette|65/100\n|move|p2a: Oranguru|Foul Play|p1b: Maushold\n|-damage|p1b: Maushold|78/100\n|move|p1a: Floette|Draining Kiss|p2b: Snorlax\n|-damage|p2b: Snorlax|36/100\n|-heal|p1a: Floette|100/100|[from] drain|[of] p2b: Snorlax\n|move|p1b: Maushold|Population Bomb|p2b: Snorlax\n|-damage|p2b: Snorlax|31/100\n|-damage|p2b: Snorlax|25/100\n|-damage|p2b: Snorlax|20/100\n|-hitcount|p2b: Snorlax|3\n|\n|upkeep\n|turn|3\n|inactive|blu3falcon has 30 seconds left.\n|\n|t:|1776545760\n|move|p1b: Maushold|Follow Me|p1b: Maushold\n|-singleturn|p1b: Maushold|move: Follow Me\n|move|p2b: Snorlax|Body Slam|p1b: Maushold\n|-damage|p1b: Maushold|19/100\n|move|p2a: Oranguru|Instruct|p1b: Maushold\n|-singleturn|p1b: Maushold|move: Instruct|[of] p2a: Oranguru\n|move|p1b: Maushold|Follow Me||[still]\n|-fail|p1b: Maushold\n|move|p1a: Floette|Dazzling Gleam|p2a: Oranguru|[spread] p2a,p2b\n|-damage|p2a: Oranguru|52/100\n|-damage|p2b: Snorlax|0 fnt\n|faint|p2b: Snorlax\n|\n|upkeep\n|\n|t:|1776545767\n|switch|p2b: Hatterene|Hatterene, L50, F|100/100\n|turn|4\n|\n|t:|1776545782\n|move|p1b: Maushold|Follow Me|p1b: Maushold\n|-singleturn|p1b: Maushold|move: Follow Me\n|move|p2b: Hatterene|Dazzling Gleam|p1b: Maushold|[spread] p1a,p1b\n|-damage|p1a: Floette|84/100\n|-damage|p1b: Maushold|0 fnt\n|faint|p1b: Maushold\n|move|p2a: Oranguru|Instruct|p2b: Hatterene\n|-singleturn|p2b: Hatterene|move: Instruct|[of] p2a: Oranguru\n|move|p2b: Hatterene|Dazzling Gleam|p1a: Floette\n|-damage|p1a: Floette|54/100\n|move|p1a: Floette|Calm Mind|p1a: Floette\n|-boost|p1a: Floette|spa|1\n|-boost|p1a: Floette|spd|1\n|\n|upkeep\n|\n|t:|1776545799\n|switch|p1b: Aegislash|Aegislash, L50, M|100/100\n|turn|5\n|\n|t:|1776545810\n|move|p1a: Floette|Protect|p1a: Floette\n|-singleturn|p1a: Floette|Protect\n|move|p2b: Hatterene|Psyshock|p1a: Floette\n|-activate|p1a: Floette|move: Protect\n|move|p2a: Oranguru|Instruct|p2b: Hatterene\n|-singleturn|p2b: Hatterene|move: Instruct|[of] p2a: Oranguru\n|move|p2b: Hatterene|Psyshock|p1a: Floette\n|-activate|p1a: Floette|move: Protect\n|-formechange|p1b: Aegislash|Aegislash-Blade|\n|move|p1b: Aegislash|Poltergeist|p2b: Hatterene\n|-activate|p2b: Hatterene|move: Poltergeist|Focus Sash\n|-supereffective|p2b: Hatterene|1\n|-enditem|p2b: Hatterene|Focus Sash\n|-damage|p2b: Hatterene|1/100\n|\n|-fieldend|move: Trick Room\n|upkeep\n|turn|6\n|\n|t:|1776545834\n|move|p1a: Floette|Draining Kiss|p2a: Oranguru\n|-damage|p2a: Oranguru|0 fnt\n|-heal|p1a: Floette|97/100|[from] drain|[of] p2a: Oranguru\n|faint|p2a: Oranguru\n|move|p1b: Aegislash|Iron Head|p2b: Hatterene\n|-supereffective|p2b: Hatterene|1\n|-damage|p2b: Hatterene|0 fnt\n|faint|p2b: Hatterene\n|\n|upkeep\n|-message|ADegel forfeited.\n|\n|win|blu3falcon\n|raw|blu3falcon's rating: 1188 &rarr; <strong>1218</strong><br />(+30 for winning)\n|raw|ADegel's rating: 1253 &rarr; <strong>1223</strong><br />(-30 for losing)\n|l|\u2606ADegel\n|player|p2|\n",
  "uploadtime": 1776545847,
  "views": 15,
  "formatid": "gen9championsvgc2026regma",
  "rating": 1218,
  "private": 0,
  "password": null
}