{
  "id": "gen9championsvgc2026regma-2582328384",
  "format": "[Gen 9 Champions] VGC 2026 Reg M-A",
  "players": [
    "qianjiu",
    "Bezif"
  ],
  "log": "|j|\u2606qianjiu\n|j|\u2606Bezif\n|t:|1776083753\n|gametype|doubles\n|player|p1|qianjiu|cynthia-masters4|1104\n|player|p2|Bezif|burglar|1125\n|gen|9\n|tier|[Gen 9 Champions] VGC 2026 Reg M-A\n|rated|\n|rule|Species Clause: Limit one of each Pok\u00e9mon\n|rule|Item Clause: Limit 1 of each item\n|clearpoke\n|poke|p1|Froslass, L50, F|\n|poke|p1|Kommo-o, L50, M|\n|poke|p1|Kingambit, L50, F|\n|poke|p1|Armarouge, L50, F|\n|poke|p1|Corviknight, L50, F|\n|poke|p1|Gyarados, L50, F|\n|poke|p2|Delphox, L50, M|\n|poke|p2|Kingambit, L50, F|\n|poke|p2|Clefable, L50, F|\n|poke|p2|Sneasler, L50, F|\n|poke|p2|Basculegion, L50, M|\n|poke|p2|Dragonite, L50, F|\n|teampreview|4\n|\n|t:|1776083779\n|teamsize|p1|4\n|teamsize|p2|4\n|start\n|switch|p1a: Froslass|Froslass, L50, F|100/100\n|switch|p1b: Armarouge|Armarouge, L50, F|100/100\n|switch|p2a: Kingambit|Kingambit, L50, F|100/100\n|switch|p2b: Clefable|Clefable, L50, F|100/100\n|turn|1\n|inactive|Battle timer is ON: inactive players will automatically lose when time's up. (requested by qianjiu)\n|\n|t:|1776083800\n|detailschange|p1a: Froslass|Froslass-Mega, L50, F\n|-mega|p1a: Froslass|Froslass|Froslassite\n|-weather|Snowscape|[from] ability: Snow Warning|[of] p1a: Froslass\n|move|p2b: Clefable|Helping Hand|p2a: Kingambit\n|-singleturn|p2a: Kingambit|Helping Hand|[of] p2b: Clefable\n|move|p2a: Kingambit|Sucker Punch||[still]\n|-fail|p2a: Kingambit\n|move|p1b: Armarouge|Trick|p2a: Kingambit\n|-activate|p1b: Armarouge|move: Trick|[of] p2a: Kingambit\n|-item|p2a: Kingambit|Choice Scarf|[from] move: Trick\n|-item|p1b: Armarouge|Black Glasses|[from] move: Trick\n|move|p1a: Froslass|Aurora Veil|p1a: Froslass\n|-sidestart|p1: qianjiu|move: Aurora Veil\n|\n|-weather|Snowscape|[upkeep]\n|upkeep\n|turn|2\n|inactive|Bezif has 30 seconds left.\n|\n|t:|1776083831\n|move|p2b: Clefable|Follow Me|p2b: Clefable\n|-singleturn|p2b: Clefable|move: Follow Me\n|move|p1a: Froslass|Blizzard|p2a: Kingambit|[spread] p2a,p2b\n|-resisted|p2a: Kingambit|1\n|-damage|p2a: Kingambit|79/100\n|-damage|p2b: Clefable|55/100\n|move|p1b: Armarouge|Aura Sphere|p2b: Clefable\n|-resisted|p2b: Clefable|1\n|-damage|p2b: Clefable|41/100\n|-enditem|p2b: Clefable|Sitrus Berry|[eat]\n|-heal|p2b: Clefable|65/100|[from] item: Sitrus Berry\n|move|p2a: Kingambit|Kowtow Cleave|p1b: Armarouge\n|-supereffective|p1b: Armarouge|1\n|-damage|p1b: Armarouge|24/100\n|\n|-weather|Snowscape|[upkeep]\n|upkeep\n|turn|3\n|\n|t:|1776083854\n|move|p2b: Clefable|Protect|p2b: Clefable\n|-singleturn|p2b: Clefable|Protect\n|move|p1a: Froslass|Blizzard|p2a: Kingambit|[spread] p2a\n|-activate|p2b: Clefable|move: Protect\n|-resisted|p2a: Kingambit|1\n|-damage|p2a: Kingambit|56/100\n|move|p1b: Armarouge|Heat Wave|p2a: Kingambit|[spread] p2a\n|-activate|p2b: Clefable|move: Protect\n|-supereffective|p2a: Kingambit|1\n|-damage|p2a: Kingambit|0 fnt\n|faint|p2a: Kingambit\n|\n|-weather|Snowscape|[upkeep]\n|upkeep\n|\n|t:|1776083864\n|switch|p2a: Basculegion|Basculegion, L50, M|100/100\n|turn|4\n|\n|t:|1776083889\n|switch|p1b: Kingambit|Kingambit, L50, F|100/100\n|move|p2b: Clefable|Follow Me|p2b: Clefable\n|-singleturn|p2b: Clefable|move: Follow Me\n|move|p2a: Basculegion|Last Respects|p1b: Kingambit\n|-resisted|p1b: Kingambit|1\n|-damage|p1b: Kingambit|85/100\n|move|p1a: Froslass|Icy Wind|p2a: Basculegion|[spread] p2a,p2b\n|-resisted|p2a: Basculegion|1\n|-crit|p2b: Clefable\n|-damage|p2a: Basculegion|89/100\n|-damage|p2b: Clefable|35/100\n|-unboost|p2a: Basculegion|spe|1\n|-unboost|p2b: Clefable|spe|1\n|\n|-weather|Snowscape|[upkeep]\n|upkeep\n|turn|5\n|inactive|qianjiu has 30 seconds left.\n|\n|t:|1776083918\n|switch|p2a: Delphox|Delphox, L50, M|100/100\n|move|p1b: Kingambit|Sucker Punch||[still]\n|-fail|p1b: Kingambit\n|move|p1a: Froslass|Blizzard|p2b: Clefable|[spread] p2a,p2b\n|-resisted|p2a: Delphox|1\n|-damage|p2a: Delphox|74/100\n|-damage|p2b: Clefable|0 fnt\n|faint|p2b: Clefable\n|\n|-weather|none\n|-sideend|p1: qianjiu|move: Aurora Veil\n|upkeep\n|\n|t:|1776083924\n|switch|p2b: Basculegion|Basculegion, L50, M|89/100\n|turn|6\n|inactive|qianjiu has 30 seconds left.\n|inactive|qianjiu has 20 seconds left.\n|\n|t:|1776083964\n|switch|p1a: Corviknight|Corviknight, L50, F|100/100\n|switch|p1b: Armarouge|Armarouge, L50, F|24/100\n|detailschange|p2a: Delphox|Delphox-Mega, L50, M\n|-mega|p2a: Delphox|Delphox|Delphoxite\n|move|p2a: Delphox|Substitute|p2a: Delphox\n|-start|p2a: Delphox|Substitute\n|-damage|p2a: Delphox|50/100\n|move|p2b: Basculegion|Last Respects|p1a: Corviknight\n|-damage|p1a: Corviknight|33/100\n|\n|upkeep\n|turn|7\n|\n|t:|1776083982\n|move|p2a: Delphox|Heat Wave|p1a: Corviknight|[spread] p1a\n|-start|p1b: Armarouge|ability: Flash Fire\n|-supereffective|p1a: Corviknight|1\n|-damage|p1a: Corviknight|0 fnt\n|faint|p1a: Corviknight\n|move|p2b: Basculegion|Last Respects|p1b: Armarouge\n|-supereffective|p1b: Armarouge|1\n|-damage|p1b: Armarouge|0 fnt\n|faint|p1b: Armarouge\n|\n|upkeep\n|\n|t:|1776083993\n|switch|p1b: Kingambit|Kingambit, L50, F|85/100\n|switch|p1a: Froslass|Froslass-Mega, L50, F|100/100\n|-weather|Snowscape|[from] ability: Snow Warning|[of] p1a: Froslass\n|turn|8\n|\n|t:|1776084002\n|move|p1b: Kingambit|Sucker Punch|p2b: Basculegion\n|-supereffective|p2b: Basculegion|1\n|-damage|p2b: Basculegion|0 fnt\n|faint|p2b: Basculegion\n|move|p2a: Delphox|Heat Wave|p1a: Froslass|[spread] \n|-miss|p2a: Delphox|p1a: Froslass\n|-miss|p2a: Delphox|p1b: Kingambit\n|move|p1a: Froslass|Aurora Veil|p1a: Froslass\n|-sidestart|p1: qianjiu|move: Aurora Veil\n|\n|-weather|Snowscape|[upkeep]\n|upkeep\n|turn|9\n|c|\u2606Bezif|welp\n|\n|t:|1776084019\n|move|p1b: Kingambit|Sucker Punch|p2a: Delphox\n|-supereffective|p2a: Delphox|1\n|-end|p2a: Delphox|Substitute\n|move|p2a: Delphox|Heat Wave|p1a: Froslass|[spread] p1a,p1b\n|-supereffective|p1a: Froslass|1\n|-supereffective|p1b: Kingambit|1\n|-damage|p1a: Froslass|27/100\n|-damage|p1b: Kingambit|24/100\n|move|p1a: Froslass|Blizzard|p2a: Delphox\n|-resisted|p2a: Delphox|1\n|-damage|p2a: Delphox|20/100\n|\n|-weather|Snowscape|[upkeep]\n|upkeep\n|turn|10\n|\n|t:|1776084033\n|move|p1b: Kingambit|Sucker Punch|p2a: Delphox\n|-supereffective|p2a: Delphox|1\n|-damage|p2a: Delphox|0 fnt\n|faint|p2a: Delphox\n|\n|win|qianjiu\n|raw|qianjiu's rating: 1104 &rarr; <strong>1131</strong><br />(+27 for winning)\n|raw|Bezif's rating: 1125 &rarr; <strong>1098</strong><br />(-27 for losing)\n|l|\u2606Bezif\n|player|p2|\n",
  "uploadtime": 1776084103,
  "views": 13,
  "formatid": "gen9championsvgc2026regma",
  "rating": 1098,
  "private": 0,
  "password": null
}