{
  "id": "gen9championsvgc2026regma-2589448830",
  "format": "[Gen 9 Champions] VGC 2026 Reg M-A",
  "players": [
    "underlinegui",
    "SDLT 2KRL SWM"
  ],
  "log": "|raw|<div class=\"broadcast-blue\"><strong>This battle is required to be public due to a player having a name starting with 'sdlt'.</div>\n|j|\u2606underlinegui\n|j|\u2606SDLT 2KRL SWM\n|t:|1776723887\n|gametype|doubles\n|player|p1|underlinegui|2|1529\n|player|p2|SDLT 2KRL SWM|ryuki|1572\n|gen|9\n|tier|[Gen 9 Champions] VGC 2026 Reg M-A\n|rated|\n|rule|Species Clause: Limit one of each Pok\u00e9mon\n|rule|Item Clause: Limit 1 of each item\n|clearpoke\n|poke|p1|Meganium, L50, F, shiny|\n|poke|p1|Sableye, L50, M, shiny|\n|poke|p1|Archaludon, L50, M|\n|poke|p1|Basculegion, L50, M|\n|poke|p1|Pelipper, L50, M|\n|poke|p1|Sneasler, L50, M|\n|poke|p2|Talonflame, L50, M|\n|poke|p2|Floette-Eternal, L50, F|\n|poke|p2|Basculegion, L50, M|\n|poke|p2|Garchomp, L50, F|\n|poke|p2|Kingambit, L50, M|\n|poke|p2|Maushold-Four, L50|\n|teampreview|4\n|inactive|Battle timer is ON: inactive players will automatically lose when time's up. (requested by underlinegui)\n|inactive|underlinegui has 60 seconds left.\n|\n|t:|1776723938\n|teamsize|p1|4\n|teamsize|p2|4\n|start\n|switch|p1a: Sneasler|Sneasler, L50, M|100/100\n|switch|p1b: Pelipper|Pelipper, L50, M|100/100\n|switch|p2a: Maushold|Maushold-Four, L50|100/100\n|switch|p2b: Floette|Floette-Eternal, L50, F|100/100\n|-weather|RainDance|[from] ability: Drizzle|[of] p1b: Pelipper\n|turn|1\n|inactive|underlinegui has 30 seconds left.\n|\n|t:|1776723964\n|detailschange|p2b: Floette|Floette-Mega, L50, F\n|-mega|p2b: Floette|Floette|Floettite\n|-ability|p2b: Floette|Fairy Aura\n|move|p1a: Sneasler|Close Combat|p2a: Maushold\n|-supereffective|p2a: Maushold|1\n|-enditem|p2a: Maushold|Chople Berry|[eat]\n|-enditem|p2a: Maushold|Chople Berry|[weaken]\n|-damage|p2a: Maushold|19/100\n|-unboost|p1a: Sneasler|def|1\n|-unboost|p1a: Sneasler|spd|1\n|-enditem|p1a: Sneasler|White Herb\n|-clearnegativeboost|p1a: Sneasler|[silent]\n|move|p2a: Maushold|Super Fang|p1b: Pelipper\n|-damage|p1b: Pelipper|51/100\n|move|p2b: Floette|Moonblast|p1a: Sneasler\n|-damage|p1a: Sneasler|0 fnt\n|faint|p1a: Sneasler\n|move|p1b: Pelipper|Tailwind|p1b: Pelipper\n|-sidestart|p1: underlinegui|move: Tailwind\n|\n|-weather|RainDance|[upkeep]\n|upkeep\n|inactive|underlinegui has 30 seconds left.\n|\n|t:|1776723998\n|switch|p1a: Mega^2nium|Meganium, L50, F, shiny|100/100\n|turn|2\n|\n|t:|1776724012\n|detailschange|p1a: Mega^2nium|Meganium-Mega, L50, F, shiny\n|-mega|p1a: Mega^2nium|Meganium|Meganiumite\n|move|p2a: Maushold|Protect|p2a: Maushold\n|-singleturn|p2a: Maushold|Protect\n|move|p2b: Floette|Protect|p2b: Floette\n|-singleturn|p2b: Floette|Protect\n|move|p1b: Pelipper|Weather Ball|p2a: Maushold\n|-activate|p2a: Maushold|move: Protect\n|move|p1a: Mega^2nium|Solar Beam||[still]\n|-prepare|p1a: Mega^2nium|Solar Beam\n|-activate|p1a: Mega^2nium|ability: Mega Sol\n|-anim|p1a: Mega^2nium|Solar Beam|p2b: Floette\n|-activate|p2b: Floette|move: Protect\n|\n|-weather|RainDance|[upkeep]\n|upkeep\n|turn|3\n|inactive|SDLT 2KRL SWM has 30 seconds left.\n|inactive|SDLT 2KRL SWM has 20 seconds left.\n|inactive|SDLT 2KRL SWM has 15 seconds left.\n|inactive|SDLT 2KRL SWM has 10 seconds left.\n|inactive|SDLT 2KRL SWM has 5 seconds left.\n|\n|t:|1776724067\n|move|p2a: Maushold|Helping Hand|p2b: Floette\n|-singleturn|p2b: Floette|Helping Hand|[of] p2a: Maushold\n|move|p1b: Pelipper|Protect|p1b: Pelipper\n|-singleturn|p1b: Pelipper|Protect\n|move|p1a: Mega^2nium|Dazzling Gleam|p2b: Floette|[spread] p2a,p2b\n|-damage|p2a: Maushold|0 fnt\n|-damage|p2b: Floette|72/100\n|faint|p2a: Maushold\n|move|p2b: Floette|Dazzling Gleam|p1a: Mega^2nium|[spread] p1a\n|-activate|p1b: Pelipper|move: Protect\n|-damage|p1a: Mega^2nium|38/100\n|\n|-weather|RainDance|[upkeep]\n|upkeep\n|\n|t:|1776724074\n|switch|p2a: Kingambit|Kingambit, L50, M|100/100\n|turn|4\n|inactive|underlinegui has 30 seconds left.\n|inactive|underlinegui has 20 seconds left.\n|\n|t:|1776724112\n|move|p2a: Kingambit|Sucker Punch|p1b: Pelipper\n|-damage|p1b: Pelipper|0 fnt\n|faint|p1b: Pelipper\n|move|p1a: Mega^2nium|Weather Ball|p2a: Kingambit\n|-supereffective|p2a: Kingambit|1\n|-damage|p2a: Kingambit|0 fnt\n|faint|p2a: Kingambit\n|move|p2b: Floette|Dazzling Gleam|p1a: Mega^2nium\n|-damage|p1a: Mega^2nium|0 fnt\n|faint|p1a: Mega^2nium\n|\n|-weather|RainDance|[upkeep]\n|-sideend|p1: underlinegui|move: Tailwind\n|upkeep\n|\n|t:|1776724130\n|switch|p1b: Basculegion|Basculegion, L50, M|100/100\n|switch|p2a: Basculegion|Basculegion, L50, M|100/100\n|turn|5\n|\n|t:|1776724137\n|move|p2a: Basculegion|Last Respects|p1b: Basculegion\n|-supereffective|p1b: Basculegion|1\n|-damage|p1b: Basculegion|0 fnt\n|faint|p1b: Basculegion\n|\n|win|SDLT 2KRL SWM\n|raw|underlinegui's rating: 1529 &rarr; <strong>1513</strong><br />(-16 for losing)\n|raw|SDLT 2KRL SWM's rating: 1593 &rarr; <strong>1609</strong><br />(+16 for winning)\n|l|\u2606SDLT 2KRL SWM\n|player|p2|\n",
  "uploadtime": 1776724210,
  "views": 7,
  "formatid": "gen9championsvgc2026regma",
  "rating": 1513,
  "private": 0,
  "password": null
}