{
  "id": "gen9championsvgc2026regma-2587851354",
  "format": "[Gen 9 Champions] VGC 2026 Reg M-A",
  "players": [
    "Anicredible",
    "ashe18"
  ],
  "log": "|j|\u2606Anicredible\n|j|\u2606ashe18\n|t:|1776570620\n|gametype|doubles\n|player|p1|Anicredible|schoolkid-gen4|1034\n|player|p2|ashe18|nate|1000\n|gen|9\n|tier|[Gen 9 Champions] VGC 2026 Reg M-A\n|rated|\n|rule|Species Clause: Limit one of each Pok\u00e9mon\n|rule|Item Clause: Limit 1 of each item\n|clearpoke\n|poke|p1|Kangaskhan, L50, F|\n|poke|p1|Sinistcha, L50|\n|poke|p1|Sneasler, L50, F|\n|poke|p1|Whimsicott, L50, F|\n|poke|p1|Corviknight, L50, M|\n|poke|p1|Primarina, L50, M|\n|poke|p2|Espathra, L50, M|\n|poke|p2|Chandelure, L50, F|\n|poke|p2|Weavile, L50, F|\n|poke|p2|Milotic, L50, M|\n|poke|p2|Incineroar, L50, M|\n|poke|p2|Ninetales-Alola, L50, M|\n|teampreview|4\n|inactive|Battle timer is ON: inactive players will automatically lose when time's up. (requested by Anicredible)\n|inactive|ashe18 also wants the timer to be on.\nAnicredible rejected open team sheets.\n|inactive|Anicredible has 60 seconds left.\n|\n|t:|1776570670\n|teamsize|p1|4\n|teamsize|p2|4\n|start\n|switch|p1a: Kangaskhan|Kangaskhan, L50, F|100/100\n|switch|p1b: Sneasler|Sneasler, L50, F|100/100\n|switch|p2a: Espathra|Espathra, L50, M|100/100\n|switch|p2b: Chandelure|Chandelure, L50, F|100/100\n|turn|1\n|\n|t:|1776570689\n|detailschange|p2b: Chandelure|Chandelure-Mega, L50, F\n|-mega|p2b: Chandelure|Chandelure|Chandelurite\n|move|p1a: Kangaskhan|Protect|p1a: Kangaskhan\n|-singleturn|p1a: Kangaskhan|Protect\n|move|p1b: Sneasler|Coaching|p1a: Kangaskhan\n|-boost|p1a: Kangaskhan|atk|1\n|-boost|p1a: Kangaskhan|def|1\n|move|p2a: Espathra|Skill Swap|p2b: Chandelure\n|-activate|p2a: Espathra|Skill Swap|||[of] p2b: Chandelure\n|move|p2b: Chandelure|Heat Wave|p1a: Kangaskhan|[spread] p1b\n|-activate|p1a: Kangaskhan|move: Protect\n|-damage|p1b: Sneasler|34/100\n|\n|-ability|p2b: Chandelure|Speed Boost|boost\n|-boost|p2b: Chandelure|spe|1\n|upkeep\n|turn|2\n|inactive|Anicredible has 30 seconds left.\n|\n|t:|1776570715\n|switch|p2a: Incineroar|Incineroar, L50, M|100/100\n|-ability|p2a: Incineroar|Intimidate|boost\n|-fail|p1a: Kangaskhan|unboost|Attack|[from] ability: Inner Focus|[of] p1a: Kangaskhan\n|-unboost|p1b: Sneasler|atk|1\n|-enditem|p1b: Sneasler|White Herb\n|-clearnegativeboost|p1b: Sneasler|[silent]\n|detailschange|p1a: Kangaskhan|Kangaskhan-Mega, L50, F\n|-mega|p1a: Kangaskhan|Kangaskhan|Kangaskhanite\n|move|p1b: Sneasler|Protect|p1b: Sneasler\n|-singleturn|p1b: Sneasler|Protect\n|move|p2b: Chandelure|Protect|p2b: Chandelure\n|-singleturn|p2b: Chandelure|Protect\n|move|p1a: Kangaskhan|Sucker Punch||[still]\n|-fail|p1a: Kangaskhan\n|\n|-ability|p2b: Chandelure|Speed Boost|boost\n|-boost|p2b: Chandelure|spe|1\n|upkeep\n|turn|3\n|\n|t:|1776570737\n|move|p1b: Sneasler|Protect|p1b: Sneasler\n|-singleturn|p1b: Sneasler|Protect\n|move|p1a: Kangaskhan|Protect|p1a: Kangaskhan\n|-singleturn|p1a: Kangaskhan|Protect\n|move|p2a: Incineroar|Fake Out|p1a: Kangaskhan\n|-activate|p1a: Kangaskhan|move: Protect\n|move|p2b: Chandelure|Heat Wave|p1a: Kangaskhan|[spread] \n|-activate|p1a: Kangaskhan|move: Protect\n|-activate|p1b: Sneasler|move: Protect\n|\n|-ability|p2b: Chandelure|Speed Boost|boost\n|-boost|p2b: Chandelure|spe|1\n|upkeep\n|turn|4\n|\n|t:|1776570750\n|move|p2b: Chandelure|Protect|p2b: Chandelure\n|-singleturn|p2b: Chandelure|Protect\n|move|p1a: Kangaskhan|Sucker Punch||[still]\n|-fail|p1a: Kangaskhan\n|move|p1b: Sneasler|Close Combat|p2a: Incineroar\n|-supereffective|p2a: Incineroar|1\n|-damage|p2a: Incineroar|0 fnt\n|-unboost|p1b: Sneasler|def|1\n|-unboost|p1b: Sneasler|spd|1\n|faint|p2a: Incineroar\n|\n|-ability|p2b: Chandelure|Speed Boost|boost\n|-boost|p2b: Chandelure|spe|1\n|upkeep\n|\n|t:|1776570761\n|switch|p2a: Espathra|Espathra, L50, M|100/100\n|turn|5\n|\n|t:|1776570772\n|move|p1a: Kangaskhan|Sucker Punch|p2b: Chandelure\n|-supereffective|p2b: Chandelure|1\n|-crit|p2b: Chandelure\n|-damage|p2b: Chandelure|0 fnt\n|faint|p2b: Chandelure\n|-hitcount|p2: Chandelure|1\n|move|p1b: Sneasler|Coaching|p1a: Kangaskhan\n|-boost|p1a: Kangaskhan|atk|1\n|-boost|p1a: Kangaskhan|def|1\n|move|p2a: Espathra|Foul Play|p1a: Kangaskhan\n|-damage|p1a: Kangaskhan|75/100\n|\n|-ability|p2a: Espathra|Speed Boost|boost\n|-boost|p2a: Espathra|spe|1\n|upkeep\n|\n|t:|1776570783\n|switch|p2b: Milotic|Milotic, L50, M|100/100\n|turn|6\n|\n|t:|1776570796\n|move|p1b: Sneasler|Dire Claw|p2a: Espathra\n|-damage|p2a: Espathra|30/100\n|-status|p2a: Espathra|slp\n|cant|p2a: Espathra|slp\n|move|p1a: Kangaskhan|Double-Edge|p2b: Milotic\n|-damage|p2b: Milotic|0 fnt\n|faint|p2b: Milotic\n|-hitcount|p2: Milotic|1\n|-damage|p1a: Kangaskhan|49/100|[from] Recoil\n|\n|-ability|p2a: Espathra|Speed Boost|boost\n|-boost|p2a: Espathra|spe|1\n|upkeep\n|turn|7\n|-message|ashe18 forfeited.\n|\n|win|Anicredible\n|raw|Anicredible's rating: 1034 &rarr; <strong>1065</strong><br />(+31 for winning)\n|raw|ashe18's rating: 1000 &rarr; <strong>1000</strong><br />(+0 for losing)\n|l|\u2606ashe18\n|player|p2|\n",
  "uploadtime": 1776570810,
  "views": 9,
  "formatid": "gen9championsvgc2026regma",
  "rating": 1000,
  "private": 0,
  "password": null
}