{
  "id": "gen9championsvgc2026regma-2586075556",
  "format": "[Gen 9 Champions] VGC 2026 Reg M-A",
  "players": [
    "beatcoux",
    "tridungtang"
  ],
  "log": "|j|\u203dbeatcoux\n|j|\u2606tridungtang\n|t:|1776396347\n|gametype|doubles\n|player|p1|beatcoux|265|1062\n|player|p2|tridungtang|n|1085\n|gen|9\n|tier|[Gen 9 Champions] VGC 2026 Reg M-A\n|rated|\n|rule|Species Clause: Limit one of each Pok\u00e9mon\n|rule|Item Clause: Limit 1 of each item\n|clearpoke\n|poke|p1|Heracross, L50, F|\n|poke|p1|Whimsicott, L50, F|\n|poke|p1|Sneasler, L50, F|\n|poke|p1|Maushold, L50|\n|poke|p1|Gengar, L50, M|\n|poke|p1|Hydreigon, L50, F|\n|poke|p2|Farigiraf, L50, F|\n|poke|p2|Sinistcha, L50|\n|poke|p2|Incineroar, L50, M|\n|poke|p2|Scizor, L50, M|\n|poke|p2|Ampharos, L50, M|\n|poke|p2|Gallade, L50, M|\n|teampreview|4\n|inactive|Battle timer is ON: inactive players will automatically lose when time's up. (requested by tridungtang)\n|\n|t:|1776396420\n|teamsize|p1|4\n|teamsize|p2|4\n|start\n|switch|p1a: Heracross|Heracross, L50, F|100/100\n|switch|p1b: Hydreigon|Hydreigon, L50, F|100/100\n|switch|p2a: Farigiraf|Farigiraf, L50, F, shiny|100/100\n|switch|p2b: Ampharos|Ampharos, L50, M|100/100\n|turn|1\n|\n|t:|1776396437\n|detailschange|p1a: Heracross|Heracross-Mega, L50, F\n|-mega|p1a: Heracross|Heracross|Heracronite\n|detailschange|p2b: Ampharos|Ampharos-Mega, L50, M\n|-mega|p2b: Ampharos|Ampharos|Ampharosite\n|-ability|p2b: Ampharos|Mold Breaker\n|move|p2a: Farigiraf|Protect|p2a: Farigiraf\n|-singleturn|p2a: Farigiraf|Protect\n|move|p1b: Hydreigon|Draco Meteor|p2b: Ampharos\n|-supereffective|p2b: Ampharos|1\n|-damage|p2b: Ampharos|0 fnt\n|-unboost|p1b: Hydreigon|spa|2\n|faint|p2b: Ampharos\n|move|p1a: Heracross|Pin Missile|p2a: Farigiraf\n|-activate|p2a: Farigiraf|move: Protect\n|\n|upkeep\n|\n|t:|1776396451\n|switch|p2b: Gallade|Gallade, L50, M|100/100\n|turn|2\n|inactive|beatcoux has 30 seconds left.\n|\n|t:|1776396486\n|switch|p1b: Maushold|Maushold, L50|100/100\n|move|p1a: Heracross|Pin Missile|p2a: Farigiraf\n|-supereffective|p2a: Farigiraf|1\n|-damage|p2a: Farigiraf|74/100\n|-supereffective|p2a: Farigiraf|1\n|-damage|p2a: Farigiraf|44/100\n|-supereffective|p2a: Farigiraf|1\n|-damage|p2a: Farigiraf|18/100\n|-supereffective|p2a: Farigiraf|1\n|-damage|p2a: Farigiraf|0 fnt\n|faint|p2a: Farigiraf\n|-hitcount|p2: Farigiraf|4\n|move|p2b: Gallade|Psycho Cut|p1b: Maushold\n|-damage|p1b: Maushold|24/100\n|\n|upkeep\n|\n|t:|1776396499\n|switch|p2a: Sinistcha|Sinistcha, L50, shiny|100/100\n|turn|3\n|\n|t:|1776396521\n|move|p1b: Maushold|Population Bomb|p2b: Gallade\n|-damage|p2b: Gallade|93/100\n|-damage|p2b: Gallade|83/100\n|-crit|p2b: Gallade\n|-damage|p2b: Gallade|71/100\n|-damage|p2b: Gallade|64/100\n|-damage|p2b: Gallade|55/100\n|-damage|p2b: Gallade|47/100\n|-damage|p2b: Gallade|39/100\n|-damage|p2b: Gallade|31/100\n|-damage|p2b: Gallade|23/100\n|-damage|p2b: Gallade|15/100\n|-hitcount|p2b: Gallade|10\n|move|p1a: Heracross|Pin Missile|p2a: Sinistcha\n|-damage|p2a: Sinistcha|88/100\n|-damage|p2a: Sinistcha|74/100\n|-damage|p2a: Sinistcha|60/100\n|-damage|p2a: Sinistcha|47/100\n|-damage|p2a: Sinistcha|33/100\n|-hitcount|p2a: Sinistcha|5\n|move|p2b: Gallade|Rock Slide|p1b: Maushold|[spread] p1a,p1b\n|-damage|p1a: Heracross|86/100\n|-damage|p1b: Maushold|0 fnt\n|faint|p1b: Maushold\n|move|p2a: Sinistcha|Trick Room|p2a: Sinistcha\n|-fieldstart|move: Trick Room|[of] p2a: Sinistcha\n|\n|upkeep\n|inactive|beatcoux has 30 seconds left.\n|\n|t:|1776396547\n|switch|p1b: Sneasler|Sneasler, L50, F|100/100\n|turn|4\n|\n|t:|1776396563\n|move|p1b: Sneasler|Fake Out|p2b: Gallade\n|-damage|p2b: Gallade|0 fnt\n|faint|p2b: Gallade\n|move|p2a: Sinistcha|Life Dew|p2a: Sinistcha\n|-heal|p2a: Sinistcha|58/100\n|move|p1a: Heracross|Pin Missile|p2a: Sinistcha|[miss]\n|-miss|p1a: Heracross|p2a: Sinistcha\n|\n|upkeep\n|turn|5\n|\n|t:|1776396578\n|move|p2a: Sinistcha|Matcha Gotcha|p1b: Sneasler|[spread] p1a,p1b\n|-resisted|p1a: Heracross|1\n|-resisted|p1b: Sneasler|1\n|-damage|p1a: Heracross|72/100\n|-heal|p2a: Sinistcha|65/100|[from] drain|[of] p1a: Heracross\n|-damage|p1b: Sneasler|85/100\n|-heal|p2a: Sinistcha|71/100|[from] drain|[of] p1b: Sneasler\n|move|p1a: Heracross|Pin Missile|p2a: Sinistcha\n|-damage|p2a: Sinistcha|57/100\n|-damage|p2a: Sinistcha|43/100\n|-damage|p2a: Sinistcha|29/100\n|-damage|p2a: Sinistcha|16/100\n|-damage|p2a: Sinistcha|3/100\n|-hitcount|p2a: Sinistcha|5\n|move|p1b: Sneasler|Dire Claw|p2a: Sinistcha|[miss]\n|-miss|p1b: Sneasler|p2a: Sinistcha\n|\n|upkeep\n|turn|6\n|inactive|beatcoux has 30 seconds left.\n|inactive|beatcoux has 20 seconds left.\n|\n|t:|1776396616\n|move|p2a: Sinistcha|Matcha Gotcha|p1b: Sneasler|[spread] p1a,p1b\n|-resisted|p1a: Heracross|1\n|-resisted|p1b: Sneasler|1\n|-damage|p1a: Heracross|58/100\n|-heal|p2a: Sinistcha|9/100|[from] drain|[of] p1a: Heracross\n|-damage|p1b: Sneasler|69/100\n|-heal|p2a: Sinistcha|17/100|[from] drain|[of] p1b: Sneasler\n|-status|p1a: Heracross|brn\n|move|p1a: Heracross|Pin Missile|p2a: Sinistcha\n|-damage|p2a: Sinistcha|10/100\n|-damage|p2a: Sinistcha|3/100\n|-damage|p2a: Sinistcha|0 fnt\n|faint|p2a: Sinistcha\n|-hitcount|p2: Sinistcha|3\n|\n|win|beatcoux\n|raw|beatcoux's rating: 1062 &rarr; <strong>1095</strong><br />(+33 for winning)\n|raw|tridungtang's rating: 1085 &rarr; <strong>1061</strong><br />(-24 for losing)\n",
  "uploadtime": 1776396650,
  "views": 29,
  "formatid": "gen9championsvgc2026regma",
  "rating": 1061,
  "private": 0,
  "password": null
}