{
  "id": "gen9championsvgc2026regma-2584107521",
  "format": "[Gen 9 Champions] VGC 2026 Reg M-A",
  "players": [
    "Andiom123",
    "catball 1500"
  ],
  "log": "|j|\u2606Andiom123\n|j|\u2606catball 1500\n|t:|1776225922\n|gametype|doubles\n|player|p1|Andiom123|169|1086\n|player|p2|catball 1500|roughneck|1163\n|gen|9\n|tier|[Gen 9 Champions] VGC 2026 Reg M-A\n|rated|\n|rule|Species Clause: Limit one of each Pok\u00e9mon\n|rule|Item Clause: Limit 1 of each item\n|clearpoke\n|poke|p1|Charizard, L50, M|\n|poke|p1|Typhlosion-Hisui, L50, F|\n|poke|p1|Venusaur, L50, F|\n|poke|p1|Aerodactyl, L50, M|\n|poke|p1|Sneasler, L50, M|\n|poke|p1|Garchomp, L50, M|\n|poke|p2|Orthworm, L50, F|\n|poke|p2|Garchomp, L50, F|\n|poke|p2|Farigiraf, L50, F|\n|poke|p2|Sinistcha, L50|\n|poke|p2|Floette-Eternal, L50, F|\n|poke|p2|Rotom-Wash, L50|\n|teampreview|4\n|inactive|Battle timer is ON: inactive players will automatically lose when time's up. (requested by catball 1500)\n|inactive|Andiom123 has 60 seconds left.\n|inactive|catball 1500 has 60 seconds left.\n|inactive|Andiom123 has 30 seconds left.\n|inactive|Andiom123 has 20 seconds left.\n|inactive|Andiom123 has 15 seconds left.\n|inactive|Andiom123 has 10 seconds left.\n|inactive|Andiom123 has 5 seconds left.\n|\n|t:|1776226010\n|teamsize|p1|4\n|teamsize|p2|4\n|start\n|switch|p1a: Aerodactyl|Aerodactyl, L50, M|100/100\n|switch|p1b: Typhlosion|Typhlosion-Hisui, L50, F|100/100\n|switch|p2a: Garchomp|Garchomp, L50, F|100/100\n|switch|p2b: Rotom|Rotom-Wash, L50|100/100\n|-ability|p1a: Aerodactyl|Unnerve\n|-item|p2a: Garchomp|Focus Sash|[from] ability: Frisk|[of] p1b: Typhlosion\n|-item|p2b: Rotom|Leftovers|[from] ability: Frisk|[of] p1b: Typhlosion\n|turn|1\n|inactive|Andiom123 has 30 seconds left.\n|\n|t:|1776226037\n|move|p1a: Aerodactyl|Protect|p1a: Aerodactyl\n|-singleturn|p1a: Aerodactyl|Protect\n|move|p1b: Typhlosion|Shadow Ball|p2a: Garchomp\n|-damage|p2a: Garchomp|56/100\n|-unboost|p2a: Garchomp|spd|1\n|move|p2a: Garchomp|Rock Slide|p1a: Aerodactyl|[spread] p1b\n|-activate|p1a: Aerodactyl|move: Protect\n|-supereffective|p1b: Typhlosion|1\n|-damage|p1b: Typhlosion|37/100\n|move|p2b: Rotom|Electroweb|p1a: Aerodactyl|[spread] p1b\n|-activate|p1a: Aerodactyl|move: Protect\n|-damage|p1b: Typhlosion|9/100\n|-unboost|p1b: Typhlosion|spe|1\n|\n|upkeep\n|turn|2\n|inactive|Andiom123 has 30 seconds left.\n|\n|t:|1776226066\n|move|p1a: Aerodactyl|Tailwind|p1a: Aerodactyl\n|-sidestart|p1: Andiom123|move: Tailwind\n|move|p1b: Typhlosion|Shadow Ball|p2a: Garchomp\n|-damage|p2a: Garchomp|0 fnt\n|faint|p2a: Garchomp\n|move|p2b: Rotom|Electroweb|p1a: Aerodactyl|[spread] p1a,p1b\n|-supereffective|p1a: Aerodactyl|1\n|-damage|p1a: Aerodactyl|39/100\n|-damage|p1b: Typhlosion|0 fnt\n|-unboost|p1a: Aerodactyl|spe|1\n|faint|p1b: Typhlosion\n|\n|upkeep\n|\n|t:|1776226087\n|switch|p1b: Venusaur|Venusaur, L50, F|100/100\n|switch|p2a: Farigiraf|Farigiraf, L50, F|100/100\n|turn|3\n|inactive|Andiom123 has 30 seconds left.\n|\n|t:|1776226119\n|move|p1a: Aerodactyl|Rock Slide|p2b: Rotom|[spread] p2a,p2b\n|-damage|p2a: Farigiraf|78/100\n|-damage|p2b: Rotom|76/100\n|move|p1b: Venusaur|Sleep Powder|p2a: Farigiraf|[miss]\n|-miss|p1b: Venusaur|p2a: Farigiraf\n|move|p2b: Rotom|Volt Switch|p1a: Aerodactyl\n|-supereffective|p1a: Aerodactyl|1\n|-damage|p1a: Aerodactyl|0 fnt\n|faint|p1a: Aerodactyl\n|\n|t:|1776226132\n|switch|p2b: Floette|Floette-Eternal, L50, F|100/100|[from] Volt Switch\n|move|p2a: Farigiraf|Trick Room|p2a: Farigiraf\n|-fieldstart|move: Trick Room|[of] p2a: Farigiraf\n|\n|upkeep\n|\n|t:|1776226137\n|switch|p1a: Charizard|Charizard, L50, M|100/100\n|turn|4\n|\n|t:|1776226155\n|detailschange|p2b: Floette|Floette-Mega, L50, F\n|-mega|p2b: Floette|Floette|Floettite\n|-ability|p2b: Floette|Fairy Aura\n|detailschange|p1a: Charizard|Charizard-Mega-Y, L50, M\n|-mega|p1a: Charizard|Charizard|Charizardite Y\n|-weather|SunnyDay|[from] ability: Drought|[of] p1a: Charizard\n|move|p1b: Venusaur|Protect|p1b: Venusaur\n|-singleturn|p1b: Venusaur|Protect\n|move|p2a: Farigiraf|Psychic|p1b: Venusaur\n|-activate|p1b: Venusaur|move: Protect\n|move|p2b: Floette|Pollen Puff|p1b: Venusaur\n|-activate|p1b: Venusaur|move: Protect\n|move|p1a: Charizard|Heat Wave|p2b: Floette|[spread] p2a,p2b\n|-crit|p2a: Farigiraf\n|-crit|p2b: Floette\n|-damage|p2a: Farigiraf|0 fnt\n|-damage|p2b: Floette|44/100\n|faint|p2a: Farigiraf\n|\n|-weather|SunnyDay|[upkeep]\n|upkeep\n|\n|t:|1776226164\n|switch|p2a: Rotom|Rotom-Wash, L50|76/100\n|turn|5\n|inactive|Andiom123 has 30 seconds left.\n|inactive|Andiom123 has 20 seconds left.\n|inactive|Andiom123 has 15 seconds left.\n|inactive|Andiom123 has 10 seconds left.\n|inactive|Andiom123 has 5 seconds left.\n|\n|t:|1776226219\n|move|p2a: Rotom|Volt Switch|p1a: Charizard\n|-supereffective|p1a: Charizard|1\n|-damage|p1a: Charizard|42/100\n|move|p2b: Floette|Draining Kiss|p1a: Charizard\n|-resisted|p1a: Charizard|1\n|-damage|p1a: Charizard|25/100\n|-heal|p2b: Floette|56/100|[from] drain|[of] p1a: Charizard\n|move|p1a: Charizard|Heat Wave|p2a: Rotom|[spread] p2a,p2b\n|-resisted|p2a: Rotom|1\n|-damage|p2a: Rotom|41/100\n|-damage|p2b: Floette|14/100\n|-status|p2b: Floette|brn\n|move|p1b: Venusaur|Sludge Bomb|p2b: Floette\n|-supereffective|p2b: Floette|1\n|-damage|p2b: Floette|0 fnt\n|faint|p2b: Floette\n|\n|-weather|SunnyDay|[upkeep]\n|-heal|p2a: Rotom|46/100|[from] item: Leftovers\n|-sideend|p1: Andiom123|move: Tailwind\n|upkeep\n|turn|6\n|inactive|Andiom123 has 30 seconds left.\n|inactive|catball 1500 has 30 seconds left.\n|\n|t:|1776226250\n|move|p2a: Rotom|Electroweb|p1b: Venusaur|[spread] p1a,p1b\n|-supereffective|p1a: Charizard|1\n|-resisted|p1b: Venusaur|1\n|-damage|p1a: Charizard|0 fnt\n|-damage|p1b: Venusaur|89/100\n|-unboost|p1b: Venusaur|spe|1\n|faint|p1a: Charizard\n|move|p1b: Venusaur|Leaf Storm|p2a: Rotom\n|-supereffective|p2a: Rotom|1\n|-damage|p2a: Rotom|0 fnt\n|-unboost|p1b: Venusaur|spa|2\n|faint|p2a: Rotom\n|\n|win|Andiom123\n|raw|Andiom123's rating: 1086 &rarr; <strong>1119</strong><br />(+33 for winning)\n|raw|catball 1500's rating: 1163 &rarr; <strong>1133</strong><br />(-30 for losing)\n|l|\u2606catball 1500\n|player|p2|\n",
  "uploadtime": 1776226265,
  "views": 23,
  "formatid": "gen9championsvgc2026regma",
  "rating": 1119,
  "private": 0,
  "password": null
}