{
  "id": "gen9championsvgc2026regma-2585067951",
  "format": "[Gen 9 Champions] VGC 2026 Reg M-A",
  "players": [
    "Springharu01",
    "bigruckus#1"
  ],
  "log": "|j|\u2606Springharu01\n|j|\u2606bigruckus#1\n|t:|1776308469\n|gametype|doubles\n|player|p1|Springharu01|lucas|1109\n|player|p2|bigruckus#1|266|1045\n|gen|9\n|tier|[Gen 9 Champions] VGC 2026 Reg M-A\n|rated|\n|rule|Species Clause: Limit one of each Pok\u00e9mon\n|rule|Item Clause: Limit 1 of each item\n|clearpoke\n|poke|p1|Charizard, L50, M|\n|poke|p1|Venusaur, L50, M|\n|poke|p1|Garchomp, L50, M|\n|poke|p1|Rotom-Wash, L50|\n|poke|p1|Sneasler, L50, F|\n|poke|p1|Incineroar, L50, F|\n|poke|p2|Aggron, L50, F|\n|poke|p2|Incineroar, L50, F|\n|poke|p2|Pelipper, L50, F|\n|poke|p2|Basculegion, L50, M|\n|poke|p2|Sinistcha, L50|\n|poke|p2|Aerodactyl, L50, F|\n|teampreview|4\n|\n|t:|1776308502\n|teamsize|p1|4\n|teamsize|p2|4\n|start\n|switch|p1a: Rotom|Rotom-Wash, L50|100/100\n|switch|p1b: Incineroar|Incineroar, L50, F|100/100\n|switch|p2a: Aerodactyl|Aerodactyl, L50, F, shiny|100/100\n|switch|p2b: Pelipper|Pelipper, L50, F|100/100\n|-weather|RainDance|[from] ability: Drizzle|[of] p2b: Pelipper\n|-ability|p1b: Incineroar|Intimidate|boost\n|-unboost|p2a: Aerodactyl|atk|1\n|-unboost|p2b: Pelipper|atk|1\n|turn|1\n|\n|t:|1776308530\n|detailschange|p2a: Aerodactyl|Aerodactyl-Mega, L50, F, shiny\n|-mega|p2a: Aerodactyl|Aerodactyl|Aerodactylite\n|move|p2a: Aerodactyl|Protect|p2a: Aerodactyl\n|-singleturn|p2a: Aerodactyl|Protect\n|move|p1b: Incineroar|Fake Out|p2a: Aerodactyl\n|-activate|p2a: Aerodactyl|move: Protect\n|move|p2b: Pelipper|Tailwind|p2b: Pelipper\n|-sidestart|p2: bigruckus#1|move: Tailwind\n|move|p1a: Rotom|Thunderbolt|p2b: Pelipper\n|-supereffective|p2b: Pelipper|2\n|-enditem|p2b: Pelipper|Focus Sash\n|-damage|p2b: Pelipper|1/100\n|\n|-weather|RainDance|[upkeep]\n|upkeep\n|turn|2\n|\n|t:|1776308572\n|move|p1a: Rotom|Protect|p1a: Rotom\n|-singleturn|p1a: Rotom|Protect\n|move|p2a: Aerodactyl|Rock Slide|p1a: Rotom|[spread] p1b\n|-activate|p1a: Rotom|move: Protect\n|-supereffective|p1b: Incineroar|1\n|-damage|p1b: Incineroar|62/100\n|move|p2b: Pelipper|Weather Ball|p1b: Incineroar\n|-supereffective|p1b: Incineroar|1\n|-damage|p1b: Incineroar|0 fnt\n|faint|p1b: Incineroar\n|\n|-weather|RainDance|[upkeep]\n|upkeep\n|\n|t:|1776308589\n|switch|p1b: Venusaur|Venusaur, L50, M|100/100\n|turn|3\n|\n|t:|1776308620\n|move|p2a: Aerodactyl|Dual Wingbeat|p1b: Venusaur\n|-supereffective|p1b: Venusaur|1\n|-damage|p1b: Venusaur|54/100\n|-supereffective|p1b: Venusaur|1\n|-damage|p1b: Venusaur|0 fnt\n|faint|p1b: Venusaur\n|-hitcount|p1: Venusaur|2\n|move|p2b: Pelipper|Hurricane|p1a: Rotom\n|-resisted|p1a: Rotom|1\n|-damage|p1a: Rotom|73/100\n|move|p1a: Rotom|Thunderbolt|p2a: Aerodactyl\n|-supereffective|p2a: Aerodactyl|1\n|-damage|p2a: Aerodactyl|19/100\n|\n|-weather|RainDance|[upkeep]\n|-heal|p1a: Rotom|79/100|[from] item: Leftovers\n|upkeep\n|\n|t:|1776308633\n|switch|p1b: Charizard|Charizard, L50, M|100/100\n|turn|4\n|\n|t:|1776308648\n|detailschange|p1b: Charizard|Charizard-Mega-Y, L50, M\n|-mega|p1b: Charizard|Charizard|Charizardite Y\n|-weather|SunnyDay|[from] ability: Drought|[of] p1b: Charizard\n|move|p2a: Aerodactyl|Thunder Fang|p1b: Charizard\n|-supereffective|p1b: Charizard|1\n|-damage|p1b: Charizard|45/100\n|move|p2b: Pelipper|Weather Ball|p1b: Charizard\n|-resisted|p1b: Charizard|1\n|-crit|p1b: Charizard\n|-damage|p1b: Charizard|10/100\n|move|p1b: Charizard|Heat Wave|p2b: Pelipper|[spread] p2a,p2b\n|-resisted|p2a: Aerodactyl|1\n|-resisted|p2b: Pelipper|1\n|-damage|p2a: Aerodactyl|0 fnt\n|-damage|p2b: Pelipper|0 fnt\n|faint|p2a: Aerodactyl\n|faint|p2b: Pelipper\n|move|p1a: Rotom|Thunderbolt|p2: Aerodactyl|[notarget]\n|-fail|p1a: Rotom\n|\n|-weather|SunnyDay|[upkeep]\n|-heal|p1a: Rotom|85/100|[from] item: Leftovers\n|-sideend|p2: bigruckus#1|move: Tailwind\n|upkeep\n|\n|t:|1776308668\n|switch|p2a: Incineroar|Incineroar, L50, F, shiny|100/100\n|switch|p2b: Basculegion|Basculegion, L50, M|100/100\n|-ability|p2a: Incineroar|Intimidate|boost\n|-unboost|p1a: Rotom|atk|1\n|-unboost|p1b: Charizard|atk|1\n|turn|5\n|\n|t:|1776308695\n|move|p2a: Incineroar|Fake Out|p1b: Charizard\n|-damage|p1b: Charizard|0 fnt\n|faint|p1b: Charizard\n|move|p2b: Basculegion|Last Respects|p1a: Rotom\n|-damage|p1a: Rotom|20/100\n|move|p1a: Rotom|Thunderbolt|p2b: Basculegion\n|-supereffective|p2b: Basculegion|1\n|-enditem|p2b: Basculegion|Wacan Berry|[eat]\n|-enditem|p2b: Basculegion|Wacan Berry|[weaken]\n|-damage|p2b: Basculegion|59/100\n|\n|-weather|SunnyDay|[upkeep]\n|-heal|p1a: Rotom|25/100|[from] item: Leftovers\n|upkeep\n|turn|6\n|-message|Springharu01 forfeited.\n|\n|win|bigruckus#1\n|raw|Springharu01's rating: 1109 &rarr; <strong>1079</strong><br />(-30 for losing)\n|raw|bigruckus#1's rating: 1045 &rarr; <strong>1084</strong><br />(+39 for winning)\n|l|\u2606Springharu01\n|player|p1|\n",
  "uploadtime": 1776308712,
  "views": 30,
  "formatid": "gen9championsvgc2026regma",
  "rating": 1079,
  "private": 0,
  "password": null
}