{
  "id": "gen9championsvgc2026regma-2581756126",
  "format": "[Gen 9 Champions] VGC 2026 Reg M-A",
  "players": [
    "sirae",
    "zenithbby"
  ],
  "log": "|j|\u2606sirae\n|j|\u2606zenithbby\n|t:|1776025963\n|gametype|doubles\n|player|p1|sirae|caitlin|1176\n|player|p2|zenithbby|bellelba|1095\n|gen|9\n|tier|[Gen 9 Champions] VGC 2026 Reg M-A\n|rated|\n|rule|Species Clause: Limit one of each Pok\u00e9mon\n|rule|Item Clause: Limit 1 of each item\n|clearpoke\n|poke|p1|Floette-Eternal, L50, F|\n|poke|p1|Sylveon, L50, F|\n|poke|p1|Tyranitar, L50, F|\n|poke|p1|Excadrill, L50, F|\n|poke|p1|Sableye, L50, F|\n|poke|p1|Incineroar, L50, F|\n|poke|p2|Zoroark-Hisui, L50, F|\n|poke|p2|Delphox, L50, F|\n|poke|p2|Slowking-Galar, L50, F|\n|poke|p2|Rotom-Wash, L50|\n|poke|p2|Garchomp, L50, F|\n|teampreview|4\n|inactive|Battle timer is ON: inactive players will automatically lose when time's up. (requested by sirae)\n|inactive|sirae has 60 seconds left.\nzenithbby rejected open team sheets.\n|inactive|sirae has 30 seconds left.\n|inactive|sirae has 20 seconds left.\n|\n|t:|1776026035\n|teamsize|p1|4\n|teamsize|p2|4\n|start\n|switch|p1a: Fastest mon|Excadrill, L50, F|100/100\n|switch|p1b: the exception OU|Tyranitar, L50, F|100/100\n|switch|p2a: Spicy Sprite|Slowking-Galar, L50, F|100/100\n|switch|p2b: Dinosaur Rawr!|Garchomp, L50, F, shiny|100/100\n|-weather|Sandstorm|[from] ability: Sand Stream|[of] p1b: the exception OU\n|turn|1\n|inactive|zenithbby has 30 seconds left.\n|inactive|zenithbby has 20 seconds left.\n|inactive|zenithbby has 15 seconds left.\n|inactive|zenithbby has 10 seconds left.\n|\n|t:|1776026080\n|move|p1b: the exception OU|Protect|p1b: the exception OU\n|-singleturn|p1b: the exception OU|Protect\n|move|p1a: Fastest mon|Earthquake|p2a: Spicy Sprite|[spread] p2a,p2b\n|-activate|p1b: the exception OU|move: Protect\n|-supereffective|p2a: Spicy Sprite|1\n|-damage|p2a: Spicy Sprite|0 fnt\n|-damage|p2b: Dinosaur Rawr!|4/100\n|replace|p2b: eh Purple?|Zoroark-Hisui, L50, F, shiny\n|-end|p2b: eh Purple?|Illusion\n|faint|p2a: Spicy Sprite\n|move|p2b: eh Purple?|Focus Blast|p1b: the exception OU\n|-activate|p1b: the exception OU|move: Protect\n|\n|-weather|Sandstorm|[upkeep]\n|-damage|p2b: eh Purple?|0 fnt|[from] Sandstorm\n|faint|p2b: eh Purple?\n|upkeep\n|c|\u2606zenithbby|Damn\n|\n|t:|1776026096\n|switch|p2b: Dinosaur Rawr!|Garchomp, L50, F, shiny|100/100\n|switch|p2a: Samsung WM|Rotom-Wash, L50, shiny|100/100\n|turn|2\n|inactive|sirae has 30 seconds left.\n|\n|t:|1776026129\n|switch|p1b: 1# Best pokemon|Incineroar, L50, F|100/100\n|-ability|p1b: 1# Best pokemon|Intimidate|boost\n|-unboost|p2a: Samsung WM|atk|1\n|-unboost|p2b: Dinosaur Rawr!|atk|1\n|move|p1a: Fastest mon|Shadow Claw|p2a: Samsung WM\n|-damage|p2a: Samsung WM|63/100\n|move|p2b: Dinosaur Rawr!|Stomping Tantrum|p1b: 1# Best pokemon\n|-supereffective|p1b: 1# Best pokemon|1\n|-damage|p1b: 1# Best pokemon|60/100\n|move|p2a: Samsung WM|Hydro Pump|p1a: Fastest mon\n|-supereffective|p1a: Fastest mon|1\n|-enditem|p1a: Fastest mon|Focus Sash\n|-damage|p1a: Fastest mon|1/100\n|\n|-weather|Sandstorm|[upkeep]\n|-damage|p2a: Samsung WM|57/100|[from] Sandstorm\n|-damage|p1b: 1# Best pokemon|55/100|[from] Sandstorm\n|upkeep\n|turn|3\n|inactive|zenithbby has 30 seconds left.\n|\n|t:|1776026163\n|move|p1b: 1# Best pokemon|Fake Out|p2b: Dinosaur Rawr!\n|-damage|p2b: Dinosaur Rawr!|86/100\n|-damage|p1b: 1# Best pokemon|42/100|[from] ability: Rough Skin|[of] p2b: Dinosaur Rawr!\n|move|p1a: Fastest mon|Shadow Claw|p2a: Samsung WM\n|-damage|p2a: Samsung WM|18/100\n|cant|p2b: Dinosaur Rawr!|flinch\n|move|p2a: Samsung WM|Volt Switch|p1a: Fastest mon\n|-immune|p1a: Fastest mon\n|\n|-weather|Sandstorm|[upkeep]\n|-damage|p2a: Samsung WM|12/100|[from] Sandstorm\n|-damage|p1b: 1# Best pokemon|36/100|[from] Sandstorm\n|upkeep\n|turn|4\n|inactive|sirae has 30 seconds left.\n|\n|t:|1776026194\n|move|p1a: Fastest mon|Shadow Claw|p2a: Samsung WM\n|-crit|p2a: Samsung WM\n|-damage|p2a: Samsung WM|0 fnt\n|faint|p2a: Samsung WM\n|move|p2b: Dinosaur Rawr!|Stomping Tantrum|p1a: Fastest mon\n|-supereffective|p1a: Fastest mon|1\n|-damage|p1a: Fastest mon|0 fnt\n|faint|p1a: Fastest mon\n|move|p1b: 1# Best pokemon|Parting Shot|p2b: Dinosaur Rawr!\n|-unboost|p2b: Dinosaur Rawr!|atk|1\n|-unboost|p2b: Dinosaur Rawr!|spa|1\n|\n|t:|1776026204\n|switch|p1b: Transgender|Sylveon, L50, F|100/100|[from] Parting Shot\n|\n|-weather|Sandstorm|[upkeep]\n|-damage|p1b: Transgender|95/100|[from] Sandstorm\n|upkeep\n|\n|t:|1776026206\n|switch|p1a: 1# Best pokemon|Incineroar, L50, F|36/100\n|-ability|p1a: 1# Best pokemon|Intimidate|boost\n|-unboost|p2b: Dinosaur Rawr!|atk|1\n|turn|5\n|c|\u2606zenithbby|Trans rights u a doll as well\n|inactive|zenithbby has 30 seconds left.\n|\n|t:|1776026239\n|move|p1a: 1# Best pokemon|Fake Out|p2b: Dinosaur Rawr!\n|-damage|p2b: Dinosaur Rawr!|72/100\n|-damage|p1a: 1# Best pokemon|24/100|[from] ability: Rough Skin|[of] p2b: Dinosaur Rawr!\n|cant|p2b: Dinosaur Rawr!|flinch\n|move|p1b: Transgender|Hyper Voice|p2b: Dinosaur Rawr!\n|-supereffective|p2b: Dinosaur Rawr!|1\n|-damage|p2b: Dinosaur Rawr!|0 fnt\n|faint|p2b: Dinosaur Rawr!\n|\n|win|sirae\n|raw|sirae's rating: 1176 &rarr; <strong>1195</strong><br />(+19 for winning)\n|raw|zenithbby's rating: 1095 &rarr; <strong>1076</strong><br />(-19 for losing)\n|c|\u2606zenithbby|Ggs\n",
  "uploadtime": 1776026252,
  "views": 20,
  "formatid": "gen9championsvgc2026regma",
  "rating": 1076,
  "private": 0,
  "password": null
}