{
  "id": "gen9championsvgc2026regma-2585105476",
  "format": "[Gen 9 Champions] VGC 2026 Reg M-A",
  "players": [
    "ForgotToFlush",
    "Tepig_nNz_498"
  ],
  "log": "|j|\u2606ForgotToFlush\n|j|\u2606Tepig_nNz_498\n|t:|1776312366\n|gametype|doubles\n|player|p1|ForgotToFlush|giovanni|1110\n|player|p2|Tepig_nNz_498|1|1138\n|gen|9\n|tier|[Gen 9 Champions] VGC 2026 Reg M-A\n|rated|\n|rule|Species Clause: Limit one of each Pok\u00e9mon\n|rule|Item Clause: Limit 1 of each item\n|clearpoke\n|poke|p1|Orthworm, L50, F|\n|poke|p1|Garchomp, L50, M|\n|poke|p1|Rotom-Heat, L50|\n|poke|p1|Sneasler, L50, M|\n|poke|p1|Blastoise, L50, F|\n|poke|p1|Sinistcha-Masterpiece, L50|\n|poke|p2|Politoed, L50, M|\n|poke|p2|Archaludon, L50, M|\n|poke|p2|Pelipper, L50, M|\n|poke|p2|Dragonite, L50, M|\n|poke|p2|Whimsicott, L50, F|\n|poke|p2|Basculegion, L50, M|\n|teampreview|4\n|inactive|Battle timer is ON: inactive players will automatically lose when time's up. (requested by ForgotToFlush)\nForgotToFlush has agreed to open team sheets.\n|\n|t:|1776312427\n|teamsize|p1|4\n|teamsize|p2|4\n|start\n|switch|p1a: Sinistcha|Sinistcha-Masterpiece, L50|100/100\n|switch|p1b: Orthworm|Orthworm, L50, F|100/100\n|switch|p2a: Pelipper|Pelipper, L50, M|100/100\n|switch|p2b: Dragonite|Dragonite, L50, M|100/100\n|-weather|RainDance|[from] ability: Drizzle|[of] p2a: Pelipper\n|turn|1\n|inactive|ForgotToFlush has 30 seconds left.\n|inactive|ForgotToFlush has 20 seconds left.\n|inactive|ForgotToFlush has 15 seconds left.\n|\n|t:|1776312469\n|detailschange|p2b: Dragonite|Dragonite-Mega, L50, M\n|-mega|p2b: Dragonite|Dragonite|Dragoninite\n|move|p1a: Sinistcha|Rage Powder|p1a: Sinistcha\n|-singleturn|p1a: Sinistcha|move: Rage Powder\n|move|p2b: Dragonite|Thunder|p1a: Sinistcha\n|-resisted|p1a: Sinistcha|1\n|-damage|p1a: Sinistcha|77/100\n|move|p1b: Orthworm|Shed Tail|p1b: Orthworm\n|-start|p1b: Orthworm|Substitute|[from] move: Shed Tail\n|-damage|p1b: Orthworm|50/100\n|-enditem|p1b: Orthworm|Sitrus Berry|[eat]\n|-heal|p1b: Orthworm|75/100|[from] item: Sitrus Berry\n|\n|t:|1776312479\n|switch|p1b: Blastoise|Blastoise, L50, F|100/100|[from] Shed Tail\n|move|p2a: Pelipper|Hurricane|p1a: Sinistcha\n|-supereffective|p1a: Sinistcha|1\n|-damage|p1a: Sinistcha|0 fnt\n|faint|p1a: Sinistcha\n|\n|-weather|RainDance|[upkeep]\n|upkeep\n|\n|t:|1776312486\n|switch|p1a: The Sneazzler|Sneasler, L50, M|100/100\n|turn|2\n|\n|t:|1776312496\n|detailschange|p1b: Blastoise|Blastoise-Mega, L50, F\n|-mega|p1b: Blastoise|Blastoise|Blastoisinite\n|move|p1a: The Sneazzler|Protect|p1a: The Sneazzler\n|-singleturn|p1a: The Sneazzler|Protect\n|move|p2b: Dragonite|Protect|p2b: Dragonite\n|-singleturn|p2b: Dragonite|Protect\n|move|p1b: Blastoise|Shell Smash|p1b: Blastoise\n|-unboost|p1b: Blastoise|def|1\n|-unboost|p1b: Blastoise|spd|1\n|-boost|p1b: Blastoise|atk|2\n|-boost|p1b: Blastoise|spa|2\n|-boost|p1b: Blastoise|spe|2\n|move|p2a: Pelipper|Tailwind|p2a: Pelipper\n|-sidestart|p2: Tepig_nNz_498|move: Tailwind\n|\n|-weather|RainDance|[upkeep]\n|upkeep\n|turn|3\n|inactive|ForgotToFlush has 30 seconds left.\n|\n|t:|1776312523\n|switch|p1a: Orthworm|Orthworm, L50, F|75/100\n|move|p2b: Dragonite|Hurricane|p1a: Orthworm\n|-resisted|p1a: Orthworm|1\n|-damage|p1a: Orthworm|24/100\n|move|p1b: Blastoise|Dark Pulse|p2b: Dragonite\n|-damage|p2b: Dragonite|57/100\n|move|p2a: Pelipper|Hurricane|p1a: Orthworm\n|-resisted|p1a: Orthworm|1\n|-damage|p1a: Orthworm|0 fnt\n|faint|p1a: Orthworm\n|\n|-weather|RainDance|[upkeep]\n|upkeep\n|\n|t:|1776312531\n|switch|p1a: The Sneazzler|Sneasler, L50, M|100/100\n|turn|4\n|\n|t:|1776312539\n|move|p2b: Dragonite|Protect|p2b: Dragonite\n|-singleturn|p2b: Dragonite|Protect\n|move|p1a: The Sneazzler|Fake Out|p2b: Dragonite\n|-activate|p2b: Dragonite|move: Protect\n|move|p1b: Blastoise|Dark Pulse|p2a: Pelipper\n|-damage|p2a: Pelipper|0 fnt\n|faint|p2a: Pelipper\n|\n|-weather|RainDance|[upkeep]\n|upkeep\n|\n|t:|1776312549\n|switch|p2a: Archaludon|Archaludon, L50, M|100/100\n|turn|5\n|\n|t:|1776312559\n|move|p1a: The Sneazzler|Protect|p1a: The Sneazzler\n|-singleturn|p1a: The Sneazzler|Protect\n|move|p2b: Dragonite|Hurricane|p1a: The Sneazzler\n|-activate|p1a: The Sneazzler|move: Protect\n|move|p1b: Blastoise|Dark Pulse|p2b: Dragonite\n|-damage|p2b: Dragonite|0 fnt\n|faint|p2b: Dragonite\n|move|p2a: Archaludon|Electro Shot||[still]\n|-prepare|p2a: Archaludon|Electro Shot\n|-boost|p2a: Archaludon|spa|1\n|-anim|p2a: Archaludon|Electro Shot|p1b: Blastoise\n|-supereffective|p1b: Blastoise|1\n|-crit|p1b: Blastoise\n|-end|p1b: Blastoise|Substitute\n|\n|-weather|none\n|-sideend|p2: Tepig_nNz_498|move: Tailwind\n|upkeep\n|-message|Tepig_nNz_498 forfeited.\n|\n|win|ForgotToFlush\n|raw|ForgotToFlush's rating: 1110 &rarr; <strong>1137</strong><br />(+27 for winning)\n|raw|Tepig_nNz_498's rating: 1138 &rarr; <strong>1111</strong><br />(-27 for losing)\n|l|\u2606Tepig_nNz_498\n|player|p2|\n",
  "uploadtime": 1776312569,
  "views": 32,
  "formatid": "gen9championsvgc2026regma",
  "rating": 1111,
  "private": 0,
  "password": null
}