{
  "id": "gen9championsvgc2026regma-2581309396",
  "format": "[Gen 9 Champions] VGC 2026 Reg M-A",
  "players": [
    "dawg0fwar",
    "syn001"
  ],
  "log": "|j|\u2606dawg0fwar\n|j|\u2606syn001\n|t:|1775984698\n|gametype|doubles\n|player|p1|dawg0fwar|wallace|1055\n|player|p2|syn001|cynthia-gen4|1144\n|gen|9\n|tier|[Gen 9 Champions] VGC 2026 Reg M-A\n|rated|\n|rule|Species Clause: Limit one of each Pok\u00e9mon\n|rule|Item Clause: Limit 1 of each item\n|clearpoke\n|poke|p1|Ninetales-Alola, L50, F|\n|poke|p1|Primarina, L50, F|\n|poke|p1|Froslass, L50, F|\n|poke|p1|Arcanine-Hisui, L50, M|\n|poke|p1|Kingambit, L50, M|\n|poke|p1|Volcarona, L50, F|\n|poke|p2|Charizard, L50, M|\n|poke|p2|Whimsicott, L50, F|\n|poke|p2|Venusaur, L50, M|\n|poke|p2|Aerodactyl, L50, M|\n|poke|p2|Tinkaton, L50, F|\n|poke|p2|Basculegion, L50, M|\n|teampreview|4\n|\n|t:|1775984744\n|teamsize|p1|4\n|teamsize|p2|4\n|start\n|switch|p1a: Arcanine|Arcanine-Hisui, L50, M, shiny|100/100\n|switch|p1b: Kingambit|Kingambit, L50, M, shiny|100/100\n|switch|p2a: Charizard|Charizard, L50, M, shiny|100/100\n|switch|p2b: Tinkaton|Tinkaton, L50, F|100/100\n|-ability|p1a: Arcanine|Intimidate|boost\n|-unboost|p2a: Charizard|atk|1\n|-fail|p2b: Tinkaton|unboost|Attack|[from] ability: Own Tempo|[of] p2b: Tinkaton\n|turn|1\n|\n|t:|1775984776\n|detailschange|p2a: Charizard|Charizard-Mega-Y, L50, M, shiny\n|-mega|p2a: Charizard|Charizard|Charizardite Y\n|-weather|SunnyDay|[from] ability: Drought|[of] p2a: Charizard\n|move|p1b: Kingambit|Protect|p1b: Kingambit\n|-singleturn|p1b: Kingambit|Protect\n|move|p2b: Tinkaton|Fake Out|p1a: Arcanine\n|-resisted|p1a: Arcanine|1\n|-damage|p1a: Arcanine|95/100\n|cant|p1a: Arcanine|flinch\n|move|p2a: Charizard|Heat Wave|p1b: Kingambit|[spread] p1a\n|-activate|p1b: Kingambit|move: Protect\n|-resisted|p1a: Arcanine|2\n|-damage|p1a: Arcanine|76/100\n|\n|-weather|SunnyDay|[upkeep]\n|upkeep\n|turn|2\n|\n|t:|1775984803\n|switch|p1b: Primarina|Primarina, L50, F, shiny|100/100\n|move|p2a: Charizard|Protect|p2a: Charizard\n|-singleturn|p2a: Charizard|Protect\n|move|p1a: Arcanine|Flare Blitz|p2b: Tinkaton\n|-supereffective|p2b: Tinkaton|1\n|-damage|p2b: Tinkaton|0 fnt\n|faint|p2b: Tinkaton\n|-damage|p1a: Arcanine|44/100|[from] Recoil\n|\n|-weather|SunnyDay|[upkeep]\n|upkeep\n|\n|t:|1775984815\n|switch|p2b: Aerodactyl|Aerodactyl, L50, M|100/100\n|-ability|p2b: Aerodactyl|Unnerve\n|turn|3\n|\n|t:|1775984852\n|switch|p1a: Kingambit|Kingambit, L50, M, shiny|100/100\n|move|p2b: Aerodactyl|Rock Slide|p1a: Kingambit|[spread] p1a,p1b\n|-resisted|p1a: Kingambit|1\n|-damage|p1a: Kingambit|91/100\n|-damage|p1b: Primarina|73/100\n|move|p2a: Charizard|Solar Beam||[still]\n|-prepare|p2a: Charizard|Solar Beam\n|-anim|p2a: Charizard|Solar Beam|p1b: Primarina\n|-supereffective|p1b: Primarina|1\n|-damage|p1b: Primarina|0 fnt\n|faint|p1b: Primarina\n|\n|-weather|SunnyDay|[upkeep]\n|-heal|p1a: Kingambit|97/100|[from] item: Leftovers\n|upkeep\n|\n|t:|1775984870\n|switch|p1b: Arcanine|Arcanine-Hisui, L50, M, shiny|44/100\n|-ability|p1b: Arcanine|Intimidate|boost\n|-unboost|p2a: Charizard|atk|1\n|-unboost|p2b: Aerodactyl|atk|1\n|-enditem|p2b: Aerodactyl|White Herb\n|-clearnegativeboost|p2b: Aerodactyl|[silent]\n|turn|4\n|\n|t:|1775984910\n|move|p1a: Kingambit|Protect|p1a: Kingambit\n|-singleturn|p1a: Kingambit|Protect\n|move|p1b: Arcanine|Wild Charge|p2b: Aerodactyl\n|-supereffective|p2b: Aerodactyl|1\n|-damage|p2b: Aerodactyl|14/100\n|-damage|p1b: Arcanine|24/100|[from] Recoil\n|move|p2b: Aerodactyl|Rock Slide|p1b: Arcanine|[spread] p1b\n|-activate|p1a: Kingambit|move: Protect\n|-supereffective|p1b: Arcanine|1\n|-damage|p1b: Arcanine|0 fnt\n|faint|p1b: Arcanine\n|move|p2a: Charizard|Heat Wave|p1a: Kingambit\n|-activate|p1a: Kingambit|move: Protect\n|\n|-weather|SunnyDay|[upkeep]\n|-heal|p1a: Kingambit|100/100|[from] item: Leftovers\n|upkeep\n|\n|t:|1775984927\n|switch|p1b: Volcarona|Volcarona, L50, F, shiny|100/100\n|turn|5\n|\n|t:|1775984956\n|move|p1b: Volcarona|Protect|p1b: Volcarona\n|-singleturn|p1b: Volcarona|Protect\n|move|p2b: Aerodactyl|Tailwind|p2b: Aerodactyl\n|-sidestart|p2: syn001|move: Tailwind\n|move|p2a: Charizard|Heat Wave|p1b: Volcarona|[spread] p1a\n|-activate|p1b: Volcarona|move: Protect\n|-supereffective|p1a: Kingambit|1\n|-damage|p1a: Kingambit|0 fnt\n|faint|p1a: Kingambit\n|\n|-weather|none\n|upkeep\n|turn|6\n|\n|t:|1775984973\n|move|p2b: Aerodactyl|Rock Slide|p1b: Volcarona\n|-supereffective|p1b: Volcarona|2\n|-damage|p1b: Volcarona|0 fnt\n|faint|p1b: Volcarona\n|\n|win|syn001\n|raw|dawg0fwar's rating: 1055 &rarr; <strong>1041</strong><br />(-14 for losing)\n|raw|syn001's rating: 1144 &rarr; <strong>1163</strong><br />(+19 for winning)\n",
  "uploadtime": 1775984976,
  "views": 20,
  "formatid": "gen9championsvgc2026regma",
  "rating": 1041,
  "private": 0,
  "password": null
}