{
  "id": "gen9championsvgc2026regma-2587643323",
  "format": "[Gen 9 Champions] VGC 2026 Reg M-A",
  "players": [
    "Peter Panshrew\u2714\ufe0f",
    "1#MiraidonHater"
  ],
  "log": "|j|\u2606Peter Panshrew\u2714\ufe0f\n|j|\u26061#MiraidonHater\n|t:|1776549767\n|gametype|doubles\n|player|p1|Peter Panshrew\u2714\ufe0f|169|\n|player|p2|1#MiraidonHater|volkner|\n|gen|9\n|tier|[Gen 9 Champions] VGC 2026 Reg M-A\n|rule|Species Clause: Limit one of each Pok\u00e9mon\n|rule|Item Clause: Limit 1 of each item\n|clearpoke\n|poke|p1|Palafin, L50, M|\n|poke|p1|Incineroar, L50, M|\n|poke|p1|Venusaur, L50, M|\n|poke|p1|Pelipper, L50, F|\n|poke|p1|Basculegion, L50, M|\n|poke|p1|Manectric, L50, F|\n|poke|p2|Gardevoir, L50, F|\n|poke|p2|Basculegion, L50, M|\n|poke|p2|Tsareena, L50, F|\n|poke|p2|Incineroar, L50, F|\n|poke|p2|Pelipper, L50, M|\n|poke|p2|Archaludon, L50, M|\n|teampreview|4\n|j| thacrow\n|\n|t:|1776549830\n|teamsize|p1|4\n|teamsize|p2|4\n|start\n|switch|p1a: Incineroar|Incineroar, L50, M|100/100\n|switch|p1b: Pelipper|Pelipper, L50, F|100/100\n|switch|p2a: Bishow|Gardevoir, L50, F|100/100\n|switch|p2b: Teaser|Incineroar, L50, F|100/100\n|-ability|p2a: Bishow|Drizzle|Trace|[from] ability: Trace|[of] p1b: Pelipper\n|-weather|RainDance|[from] ability: Drizzle|[of] p2a: Bishow\n|-ability|p1a: Incineroar|Intimidate|boost\n|-unboost|p2a: Bishow|atk|1\n|-unboost|p2b: Teaser|atk|1\n|-ability|p2b: Teaser|Intimidate|boost\n|-unboost|p1a: Incineroar|atk|1\n|-unboost|p1b: Pelipper|atk|1\n|turn|1\n|c|\u2606Peter Panshrew\u2714\ufe0f|hype\n|\n|t:|1776549866\n|detailschange|p2a: Bishow|Gardevoir-Mega, L50, F\n|-mega|p2a: Bishow|Gardevoir|Gardevoirite\n|move|p1a: Incineroar|Fake Out|p2a: Bishow\n|-damage|p2a: Bishow|90/100\n|move|p2b: Teaser|Fake Out|p1b: Pelipper\n|-damage|p1b: Pelipper|93/100\n|cant|p2a: Bishow|flinch\n|cant|p1b: Pelipper|flinch\n|\n|-weather|RainDance|[upkeep]\n|upkeep\n|turn|2\n|\n|t:|1776549903\n|move|p2a: Bishow|Hyper Voice|p1b: Pelipper|[spread] p1a,p1b\n|-damage|p1a: Incineroar|60/100\n|-damage|p1b: Pelipper|33/100\n|move|p1a: Incineroar|Snarl|p2b: Teaser|[spread] p2a,p2b\n|-resisted|p2b: Teaser|1\n|-damage|p2a: Bishow|83/100\n|-damage|p2b: Teaser|96/100\n|-unboost|p2a: Bishow|spa|1\n|-unboost|p2b: Teaser|spa|1\n|move|p1b: Pelipper|U-turn|p2a: Bishow\n|-damage|p2a: Bishow|74/100\n|c|\u26061#MiraidonHater|oh wow that pelip is slow\n|\n|t:|1776549919\n|switch|p1b: Basculegion|Basculegion, L50, M|100/100|[from] U-turn\n|move|p2b: Teaser|Parting Shot|p1a: Incineroar\n|-unboost|p1a: Incineroar|atk|1\n|-unboost|p1a: Incineroar|spa|1\n|c|\u2606Peter Panshrew\u2714\ufe0f|tru\n|\n|t:|1776549929\n|switch|p2b: Tsareena|Tsareena, L50, F|100/100|[from] Parting Shot\n|\n|-weather|RainDance|[upkeep]\n|upkeep\n|turn|3\n|c|\u2606Peter Panshrew\u2714\ufe0f|to spongec pshot\n|\n|t:|1776549953\n|switch|p2a: Teaser|Incineroar, L50, F|96/100\n|-ability|p2a: Teaser|Intimidate|boost\n|-unboost|p1a: Incineroar|atk|1\n|-unboost|p1b: Basculegion|atk|1\n|-enditem|p1b: Basculegion|White Herb\n|-clearnegativeboost|p1b: Basculegion|[silent]\n|move|p1b: Basculegion|Protect|p1b: Basculegion\n|-singleturn|p1b: Basculegion|Protect\n|move|p2b: Tsareena|Trop Kick|p1b: Basculegion\n|-activate|p1b: Basculegion|move: Protect\n|move|p1a: Incineroar|Parting Shot|p2b: Tsareena\n|-unboost|p2b: Tsareena|atk|1\n|-unboost|p2b: Tsareena|spa|1\n|\n|t:|1776549959\n|switch|p1a: Venusaur|Venusaur, L50, M|100/100|[from] Parting Shot\n|\n|-weather|RainDance|[upkeep]\n|upkeep\n|turn|4\n|c|\u26061#MiraidonHater|what is this tech\n|\n|t:|1776549972\n|switch|p1b: Incineroar|Incineroar, L50, M|60/100\n|-ability|p1b: Incineroar|Intimidate|boost\n|-unboost|p2a: Teaser|atk|1\n|-unboost|p2b: Tsareena|atk|1\n|detailschange|p1a: Venusaur|Venusaur-Mega, L50, M\n|-mega|p1a: Venusaur|Venusaur|Venusaurite\n|move|p2a: Teaser|Fake Out|p1a: Venusaur\n|-damage|p1a: Venusaur|95/100\n|cant|p1a: Venusaur|flinch\n|move|p2b: Tsareena|Trop Kick|p1b: Incineroar\n|-resisted|p1b: Incineroar|1\n|-damage|p1b: Incineroar|51/100\n|-unboost|p1b: Incineroar|atk|1\n|\n|-weather|RainDance|[upkeep]\n|upkeep\n|turn|5\n|c|\u2606Peter Panshrew\u2714\ufe0f|wat tech\n|\n|t:|1776549990\n|switch|p2b: Dop Dururum|Basculegion, L50, M|100/100\n|move|p1a: Venusaur|Sludge Bomb|p2b: Dop Dururum\n|-resisted|p2b: Dop Dururum|1\n|-damage|p2b: Dop Dururum|79/100\n|-status|p2b: Dop Dururum|psn\n|move|p1b: Incineroar|Snarl|p2a: Teaser|[spread] p2a,p2b\n|-resisted|p2a: Teaser|1\n|-supereffective|p2b: Dop Dururum|1\n|-damage|p2a: Teaser|92/100\n|-damage|p2b: Dop Dururum|54/100 psn\n|-unboost|p2a: Teaser|spa|1\n|-unboost|p2b: Dop Dururum|spa|1\n|move|p2a: Teaser|Parting Shot|p1a: Venusaur\n|-unboost|p1a: Venusaur|atk|1\n|-unboost|p1a: Venusaur|spa|1\n|\n|t:|1776550004\n|switch|p2a: Bishow|Gardevoir-Mega, L50, F|74/100|[from] Parting Shot\n|\n|-weather|none\n|-damage|p2b: Dop Dururum|42/100 psn|[from] psn\n|upkeep\n|turn|6\n|c|\u26061#MiraidonHater|u turn bulky pelip\n|\n|t:|1776550022\n|move|p2b: Dop Dururum|Flip Turn|p1b: Incineroar\n|-supereffective|p1b: Incineroar|1\n|-damage|p1b: Incineroar|0 fnt\n|faint|p1b: Incineroar\n|c|\u26061#MiraidonHater|basac\n|c|\u2606Peter Panshrew\u2714\ufe0f|o\n|c|\u2606Peter Panshrew\u2714\ufe0f|yeah\n|\n|t:|1776550033\n|switch|p2b: Teaser|Incineroar, L50, F|92/100|[from] Flip Turn\n|-ability|p2b: Teaser|Intimidate|boost\n|-unboost|p1a: Venusaur|atk|1\n|move|p2a: Bishow|Psychic|p1a: Venusaur\n|-supereffective|p1a: Venusaur|1\n|-damage|p1a: Venusaur|22/100\n|move|p1a: Venusaur|Giga Drain|p2b: Teaser\n|-resisted|p2b: Teaser|1\n|-damage|p2b: Teaser|82/100\n|-heal|p1a: Venusaur|28/100|[from] drain|[of] p2b: Teaser\n|\n|upkeep\n|\n|t:|1776550043\n|switch|p1b: Basculegion|Basculegion, L50, M|100/100\n|turn|7\n|\n|t:|1776550062\n|switch|p1a: Pelipper|Pelipper, L50, F|33/100\n|-weather|RainDance|[from] ability: Drizzle|[of] p1a: Pelipper\n|move|p2a: Bishow|Protect|p2a: Bishow\n|-singleturn|p2a: Bishow|Protect\n|move|p1b: Basculegion|Wave Crash|p2a: Bishow\n|-activate|p2a: Bishow|move: Protect\n|move|p2b: Teaser|Parting Shot|p1b: Basculegion\n|-unboost|p1b: Basculegion|atk|1\n|-unboost|p1b: Basculegion|spa|1\n|\n|t:|1776550068\n|switch|p2b: Dop Dururum|Basculegion, L50, M|42/100 psn|[from] Parting Shot\n|\n|-weather|RainDance|[upkeep]\n|-damage|p2b: Dop Dururum|29/100 psn|[from] psn\n|upkeep\n|turn|8\n|l| thacrow\n|\n|t:|1776550100\n|move|p1b: Basculegion|Wave Crash|p2b: Dop Dururum\n|-resisted|p2b: Dop Dururum|1\n|-crit|p2b: Dop Dururum\n|-damage|p2b: Dop Dururum|0 fnt\n|faint|p2b: Dop Dururum\n|-damage|p1b: Basculegion|91/100|[from] Recoil\n|move|p2a: Bishow|Hyper Voice|p1b: Basculegion|[spread] p1a,p1b\n|-damage|p1a: Pelipper|0 fnt\n|-damage|p1b: Basculegion|32/100\n|faint|p1a: Pelipper\n|\n|-weather|RainDance|[upkeep]\n|upkeep\n|c|\u26061#MiraidonHater|oh its swift swim ofc\n|c|\u2606Peter Panshrew\u2714\ufe0f|lol\n|\n|t:|1776550118\n|switch|p2b: Tsareena|Tsareena, L50, F|100/100\n|switch|p1a: Venusaur|Venusaur-Mega, L50, M|28/100\n|turn|9\n|\n|t:|1776550134\n|switch|p2a: Teaser|Incineroar, L50, F|82/100\n|-ability|p2a: Teaser|Intimidate|boost\n|-unboost|p1a: Venusaur|atk|1\n|-unboost|p1b: Basculegion|atk|1\n|move|p1b: Basculegion|Protect|p1b: Basculegion\n|-singleturn|p1b: Basculegion|Protect\n|move|p1a: Venusaur|Protect|p1a: Venusaur\n|-singleturn|p1a: Venusaur|Protect\n|move|p2b: Tsareena|Triple Axel|p1a: Venusaur\n|-activate|p1a: Venusaur|move: Protect\n|\n|-weather|RainDance|[upkeep]\n|upkeep\n|turn|10\n|\n|t:|1776550150\n|move|p2a: Teaser|Fake Out|p1a: Venusaur\n|-damage|p1a: Venusaur|17/100\n|move|p1b: Basculegion|Last Respects|p2b: Tsareena\n|-damage|p2b: Tsareena|63/100\n|cant|p1a: Venusaur|flinch\n|move|p2b: Tsareena|Trop Kick|p1b: Basculegion\n|-supereffective|p1b: Basculegion|1\n|-damage|p1b: Basculegion|0 fnt\n|faint|p1b: Basculegion\n|\n|-weather|RainDance|[upkeep]\n|upkeep\n|turn|11\n|\n|t:|1776550164\n|move|p1a: Venusaur|Sludge Bomb|p2a: Teaser\n|-damage|p2a: Teaser|49/100\n|move|p2b: Tsareena|Triple Axel|p1a: Venusaur\n|-supereffective|p1a: Venusaur|1\n|-damage|p1a: Venusaur|10/100\n|-supereffective|p1a: Venusaur|1\n|-damage|p1a: Venusaur|0 fnt\n|faint|p1a: Venusaur\n|-hitcount|p1: Venusaur|2\n|\n|win|1#MiraidonHater\n|c|\u26061#MiraidonHater|ggs\n|c|\u2606Peter Panshrew\u2714\ufe0f|gg\n|l|\u2606Peter Panshrew\u2714\ufe0f\n|player|p1|\n",
  "uploadtime": 1776549770,
  "views": 16,
  "formatid": "gen9championsvgc2026regma",
  "rating": null,
  "private": 0,
  "password": null
}