{
  "id": "gen9championsvgc2026regma-2587063182",
  "format": "[Gen 9 Champions] VGC 2026 Reg M-A",
  "players": [
    "mynamegrassgreen",
    "21Kieran"
  ],
  "log": "|j|\u2606mynamegrassgreen\n|j|\u260621Kieran\n|t:|1776488478\n|gametype|doubles\n|player|p1|mynamegrassgreen|n-masters|\n|player|p2|21Kieran|gwynn|\n|gen|9\n|tier|[Gen 9 Champions] VGC 2026 Reg M-A\n|rated|Tournament battle\n|rule|Species Clause: Limit one of each Pok\u00e9mon\n|rule|Item Clause: Limit 1 of each item\n|raw|<div class=\"infobox\"><details class=\"readmore\" open><summary><strong>1 custom rule:</strong></summary> Force Open Team Sheets</details></div>\n|clearpoke\n|poke|p1|Kommo-o, L50, F|\n|poke|p1|Gengar, L50, M|\n|poke|p1|Whimsicott, L50, F|\n|poke|p1|Sinistcha-Masterpiece, L50|\n|poke|p1|Incineroar, L50, F|\n|poke|p1|Tyranitar, L50, F|\n|poke|p2|Incineroar, L50, M|\n|poke|p2|Gengar, L50, F|\n|poke|p2|Sinistcha, L50|\n|poke|p2|Kingambit, L50, F|\n|poke|p2|Tyranitar, L50, M|\n|poke|p2|Kommo-o, L50, M|\n|teampreview|4\n|showteam|p1|Kommo-o||Leftovers|Overcoat|ClangorousSoul,ClangingScales,AuraSphere,Protect|||F|||50|]Gengar||Gengarite|CursedBody|ShadowBall,PerishSong,Substitute,Protect|||M|||50|]Whimsicott||FocusSash|Prankster|Moonblast,Encore,Tailwind,Protect|||F|||50|]Sinistcha-Masterpiece||SitrusBerry|Hospitality|MatchaGotcha,RagePowder,TrickRoom,StrengthSap||||||50|]Incineroar||ShucaBerry|Intimidate|FakeOut,FlareBlitz,Protect,PartingShot|||F|||50|]Tyranitar||ChoiceScarf|SandStream|RockSlide,KnockOff,StoneEdge,LowKick|||F|||50|\n|showteam|p2|Incineroar||ShucaBerry|Intimidate|PartingShot,FakeOut,Protect,ThroatChop|||M|||50|]Gengar||Gengarite|CursedBody|ShadowBall,Protect,Substitute,PerishSong|||F|||50|]Sinistcha||SitrusBerry|Hospitality|MatchaGotcha,RagePowder,Protect,LifeDew||||||50|]Kingambit||ChopleBerry|Defiant|IronHead,Protect,LowKick,SuckerPunch|||F|||50|]Tyranitar||ChoiceScarf|SandStream|StoneEdge,IcePunch,LowKick,RockSlide|||M|||50|]Kommo-o||Leftovers|Soundproof|ClangingScales,ClangorousSoul,AuraSphere,Protect|||M|||50|\n|inactive|Battle timer is ON: inactive players will automatically lose when time's up. (requested by 21Kieran)\n|c|\u2606mynamegrassgreen|hmmmmmm\n|j| wizzpuffer\n|j| Me vs the Gorilla\n|c|\u260621Kieran|hmmm\n|c|\u260621Kieran|nice team bro\n|c|\u2606mynamegrassgreen|welp this sucks\n|c|\u2606mynamegrassgreen|thats james evana iirc\n|c|\u2606mynamegrassgreen|rght?\n|inactive|mynamegrassgreen has 60 seconds left.\n|inactive|21Kieran has 60 seconds left.\n|j| christianfinity\n|c|\u260621Kieran|james evans lmao huh\n|c|\u2606mynamegrassgreen|yeah misclick\n|inactive|mynamegrassgreen has 30 seconds left.\n|inactive|21Kieran has 30 seconds left.\n|inactive|mynamegrassgreen has 20 seconds left.\n|inactive|21Kieran has 20 seconds left.\n|inactive|mynamegrassgreen has 15 seconds left.\n|inactive|mynamegrassgreen has 10 seconds left.\n|\n|t:|1776488562\n|teamsize|p1|4\n|teamsize|p2|4\n|start\n|switch|p1a: The King|Incineroar, L50, F|100/100\n|switch|p1b: thinking of name|Tyranitar, L50, F|100/100\n|switch|p2a: Kommo-o|Kommo-o, L50, M|100/100\n|switch|p2b: Incineroar|Incineroar, L50, M|100/100\n|-weather|Sandstorm|[from] ability: Sand Stream|[of] p1b: thinking of name\n|-ability|p2b: Incineroar|Intimidate|boost\n|-unboost|p1a: The King|atk|1\n|-unboost|p1b: thinking of name|atk|1\n|-ability|p1a: The King|Intimidate|boost\n|-unboost|p2a: Kommo-o|atk|1\n|-unboost|p2b: Incineroar|atk|1\n|turn|1\n|j|+holdingb\n|\n|t:|1776488577\n|switch|p1a: :3|Whimsicott, L50, F|100/100\n|move|p2b: Incineroar|Fake Out|p1b: thinking of name\n|-resisted|p1b: thinking of name|1\n|-damage|p1b: thinking of name|97/100\n|cant|p1b: thinking of name|flinch\n|move|p2a: Kommo-o|Clangorous Soul|p2a: Kommo-o\n|-boost|p2a: Kommo-o|atk|1\n|-boost|p2a: Kommo-o|def|1\n|-boost|p2a: Kommo-o|spa|1\n|-boost|p2a: Kommo-o|spd|1\n|-boost|p2a: Kommo-o|spe|1\n|-damage|p2a: Kommo-o|68/100\n|\n|-weather|Sandstorm|[upkeep]\n|-damage|p2a: Kommo-o|62/100|[from] Sandstorm\n|-damage|p1a: :3|95/100|[from] Sandstorm\n|-damage|p2b: Incineroar|95/100|[from] Sandstorm\n|-heal|p2a: Kommo-o|68/100|[from] item: Leftovers\n|upkeep\n|turn|2\n|j| M0AK\n|inactive|21Kieran has 30 seconds left.\n|\n|t:|1776488603\n|switch|p2b: Tyranitar|Tyranitar, L50, M|100/100\n|move|p1a: :3|Protect|p1a: :3\n|-singleturn|p1a: :3|Protect\n|move|p2a: Kommo-o|Protect|p2a: Kommo-o\n|-singleturn|p2a: Kommo-o|Protect\n|move|p1b: thinking of name|Stone Edge|p2b: Tyranitar\n|-damage|p2b: Tyranitar|68/100\n|\n|-weather|Sandstorm|[upkeep]\n|-damage|p2a: Kommo-o|62/100|[from] Sandstorm\n|-damage|p1a: :3|89/100|[from] Sandstorm\n|-heal|p2a: Kommo-o|68/100|[from] item: Leftovers\n|upkeep\n|turn|3\n|\n|t:|1776488622\n|switch|p1b: The King|Incineroar, L50, F|100/100\n|-ability|p1b: The King|Intimidate|boost\n|-unboost|p2a: Kommo-o|atk|1\n|-unboost|p2b: Tyranitar|atk|1\n|move|p1a: :3|Encore|p2a: Kommo-o\n|-start|p2a: Kommo-o|Encore\n|move|p2a: Kommo-o|Protect||[still]\n|-fail|p2a: Kommo-o\n|move|p2b: Tyranitar|Ice Punch|p1a: :3\n|-supereffective|p1a: :3|1\n|-damage|p1a: :3|47/100\n|\n|-weather|Sandstorm|[upkeep]\n|-damage|p2a: Kommo-o|62/100|[from] Sandstorm\n|-damage|p1a: :3|41/100|[from] Sandstorm\n|-damage|p1b: The King|95/100|[from] Sandstorm\n|-heal|p2a: Kommo-o|68/100|[from] item: Leftovers\n|upkeep\n|turn|4\n|j| Deathninja952\n|\n|t:|1776488645\n|switch|p2b: Sinistcha|Sinistcha, L50|100/100\n|-heal|p2a: Kommo-o|92/100|[from] ability: Hospitality|[of] p2b: Sinistcha\n|move|p2a: Kommo-o|Protect|p2a: Kommo-o\n|-singleturn|p2a: Kommo-o|Protect\n|move|p1b: The King|Fake Out|p2b: Sinistcha\n|-immune|p2b: Sinistcha\n|move|p1a: :3|Moonblast|p2b: Sinistcha\n|-damage|p2b: Sinistcha|77/100\n|\n|-weather|Sandstorm|[upkeep]\n|-damage|p2a: Kommo-o|86/100|[from] Sandstorm\n|-damage|p1a: :3|35/100|[from] Sandstorm\n|-damage|p2b: Sinistcha|71/100|[from] Sandstorm\n|-damage|p1b: The King|89/100|[from] Sandstorm\n|-heal|p2a: Kommo-o|92/100|[from] item: Leftovers\n|upkeep\n|turn|5\n|\n|t:|1776488661\n|switch|p2b: Tyranitar|Tyranitar, L50, M|68/100\n|move|p2a: Kommo-o|Protect||[still]\n|-fail|p2a: Kommo-o\n|move|p1a: :3|Moonblast|p2a: Kommo-o\n|-supereffective|p2a: Kommo-o|2\n|-damage|p2a: Kommo-o|15/100\n|move|p1b: The King|Flare Blitz|p2a: Kommo-o\n|-resisted|p2a: Kommo-o|1\n|-damage|p2a: Kommo-o|0 fnt\n|faint|p2a: Kommo-o\n|-damage|p1b: The King|85/100|[from] Recoil\n|\n|-weather|none\n|upkeep\n|j| H4irashi\n|l| christianfinity\n|\n|t:|1776488678\n|switch|p2a: Sinistcha|Sinistcha, L50|71/100\n|-heal|p2b: Tyranitar|93/100|[from] ability: Hospitality|[of] p2a: Sinistcha\n|turn|6\n|\n|t:|1776488684\n|move|p1a: :3|Tailwind|p1a: :3\n|-sidestart|p1: mynamegrassgreen|move: Tailwind\n|move|p2b: Tyranitar|Rock Slide|p1a: :3|[spread] p1a,p1b\n|-supereffective|p1b: The King|1\n|-damage|p1a: :3|0 fnt\n|-damage|p1b: The King|29/100\n|faint|p1a: :3\n|cant|p1b: The King|flinch\n|move|p2a: Sinistcha|Life Dew|p2a: Sinistcha|[spread] p2a,p2b\n|-heal|p2a: Sinistcha|95/100\n|-heal|p2b: Tyranitar|100/100\n|\n|upkeep\n|l| H4irashi\n|\n|t:|1776488693\n|switch|p1a: thinking of name|Tyranitar, L50, F|97/100\n|-weather|Sandstorm|[from] ability: Sand Stream|[of] p1a: thinking of name\n|turn|7\n|\n|t:|1776488706\n|switch|p1b: STAY WITH ME \ud83c\udfb5|Gengar, L50, M|100/100\n|switch|p2a: Incineroar|Incineroar, L50, M|95/100\n|-ability|p2a: Incineroar|Intimidate|boost\n|-unboost|p1a: thinking of name|atk|1\n|-unboost|p1b: STAY WITH ME \ud83c\udfb5|atk|1\n|move|p1a: thinking of name|Knock Off|p2a: Incineroar\n|-resisted|p2a: Incineroar|1\n|-damage|p2a: Incineroar|79/100\n|-enditem|p2a: Incineroar|Shuca Berry|[from] move: Knock Off|[of] p1a: thinking of name\n|move|p2b: Tyranitar|Rock Slide|p1a: thinking of name|[spread] p1a,p1b\n|-damage|p1a: thinking of name|69/100\n|-damage|p1b: STAY WITH ME \ud83c\udfb5|57/100\n|\n|-weather|Sandstorm|[upkeep]\n|-damage|p1b: STAY WITH ME \ud83c\udfb5|51/100|[from] Sandstorm\n|-damage|p2a: Incineroar|73/100|[from] Sandstorm\n|upkeep\n|turn|8\n|c|\u2606mynamegrassgreen|shit throw\n|inactive|21Kieran has 30 seconds left.\n|\n|t:|1776488740\n|switch|p1a: The King|Incineroar, L50, F|29/100\n|-ability|p1a: The King|Intimidate|boost\n|-unboost|p2a: Incineroar|atk|1\n|-unboost|p2b: Tyranitar|atk|1\n|detailschange|p1b: STAY WITH ME \ud83c\udfb5|Gengar-Mega, L50, M\n|-mega|p1b: STAY WITH ME \ud83c\udfb5|Gengar|Gengarite\n|move|p1b: STAY WITH ME \ud83c\udfb5|Protect|p1b: STAY WITH ME \ud83c\udfb5\n|-singleturn|p1b: STAY WITH ME \ud83c\udfb5|Protect\n|move|p2a: Incineroar|Fake Out|p1a: The King\n|-damage|p1a: The King|22/100\n|move|p2b: Tyranitar|Rock Slide|p1b: STAY WITH ME \ud83c\udfb5|[spread] p1a\n|-activate|p1b: STAY WITH ME \ud83c\udfb5|move: Protect\n|-supereffective|p1a: The King|1\n|-damage|p1a: The King|0 fnt\n|faint|p1a: The King\n|\n|-weather|Sandstorm|[upkeep]\n|-damage|p1b: STAY WITH ME \ud83c\udfb5|45/100|[from] Sandstorm\n|-damage|p2a: Incineroar|67/100|[from] Sandstorm\n|upkeep\n|\n|t:|1776488744\n|switch|p1a: thinking of name|Tyranitar, L50, F|69/100\n|turn|9\n|l| M0AK\n|inactive|21Kieran has 30 seconds left.\n|\n|t:|1776488770\n|move|p1b: STAY WITH ME \ud83c\udfb5|Shadow Ball|p2a: Incineroar\n|-resisted|p2a: Incineroar|1\n|-damage|p2a: Incineroar|49/100\n|move|p1a: thinking of name|Low Kick|p2a: Incineroar\n|-supereffective|p2a: Incineroar|1\n|-damage|p2a: Incineroar|0 fnt\n|faint|p2a: Incineroar\n|move|p2b: Tyranitar|Rock Slide|p1a: thinking of name|[spread] p1a,p1b\n|-damage|p1a: thinking of name|52/100\n|-damage|p1b: STAY WITH ME \ud83c\udfb5|18/100\n|\n|-weather|Sandstorm|[upkeep]\n|-damage|p1b: STAY WITH ME \ud83c\udfb5|12/100|[from] Sandstorm\n|-sideend|p1: mynamegrassgreen|move: Tailwind\n|upkeep\n|\n|t:|1776488781\n|switch|p2a: Sinistcha|Sinistcha, L50|95/100\n|turn|10\n|\n|t:|1776488788\n|move|p2a: Sinistcha|Protect|p2a: Sinistcha\n|-singleturn|p2a: Sinistcha|Protect\n|move|p1b: STAY WITH ME \ud83c\udfb5|Shadow Ball|p2a: Sinistcha\n|-activate|p2a: Sinistcha|move: Protect\n|move|p1a: thinking of name|Low Kick|p2b: Tyranitar\n|-supereffective|p2b: Tyranitar|2\n|-damage|p2b: Tyranitar|0 fnt\n|faint|p2b: Tyranitar\n|\n|-weather|Sandstorm|[upkeep]\n|-damage|p1b: STAY WITH ME \ud83c\udfb5|6/100|[from] Sandstorm\n|-damage|p2a: Sinistcha|89/100|[from] Sandstorm\n|upkeep\n|turn|11\n|c|\u260621Kieran|wait\n|\n|t:|1776488806\n|move|p1b: STAY WITH ME \ud83c\udfb5|Shadow Ball|p2a: Sinistcha\n|-supereffective|p2a: Sinistcha|1\n|-damage|p2a: Sinistcha|13/100\n|-enditem|p2a: Sinistcha|Sitrus Berry|[eat]\n|-heal|p2a: Sinistcha|38/100|[from] item: Sitrus Berry\n|move|p1a: thinking of name|Low Kick|p2a: Sinistcha\n|-immune|p2a: Sinistcha\n|move|p2a: Sinistcha|Matcha Gotcha|p1b: STAY WITH ME \ud83c\udfb5|[spread] p1a,p1b\n|-supereffective|p1a: thinking of name|1\n|-resisted|p1b: STAY WITH ME \ud83c\udfb5|1\n|-damage|p1a: thinking of name|18/100\n|-heal|p2a: Sinistcha|55/100|[from] drain|[of] p1a: thinking of name\n|-damage|p1b: STAY WITH ME \ud83c\udfb5|0 fnt\n|-heal|p2a: Sinistcha|58/100|[from] drain|[of] p1b: STAY WITH ME \ud83c\udfb5\n|faint|p1b: STAY WITH ME \ud83c\udfb5\n|\n|-weather|none\n|upkeep\n|turn|12\n|c|\u260621Kieran|ggs\n|c|\u2606mynamegrassgreen|welp\n|c|\u2606mynamegrassgreen|ggs\n|c|\u2606mynamegrassgreen|should have p songed lowk\n|-message|mynamegrassgreen forfeited.\n|\n|win|21Kieran\n|n|\u2606mynamegrassgreen|mynamegrassgreen\n|n|\u260621Kieran|21kieran\n|n| wizzpuffer|wizzpuffer\n|n| Me vs the Gorilla|mevsthegorilla\n|n| holdingb|holdingb\n|n| Deathninja952|deathninja952\n",
  "uploadtime": 1776488825,
  "views": 12,
  "formatid": "gen9championsvgc2026regma",
  "rating": null,
  "private": 0,
  "password": null
}