{
  "id": "gen9championsvgc2026regma-2584245990",
  "format": "[Gen 9 Champions] VGC 2026 Reg M-A",
  "players": [
    "ohko_muk",
    "Copper05"
  ],
  "log": "|j|\u2606ohko_muk\n|j|\u2606Copper05\n|t:|1776242726\n|gametype|doubles\n|player|p1|ohko_muk|gambler|\n|player|p2|Copper05|wallace|\n|gen|9\n|tier|[Gen 9 Champions] VGC 2026 Reg M-A\n|rated|Tournament battle\n|rule|Species Clause: Limit one of each Pok\u00e9mon\n|rule|Item Clause: Limit 1 of each item\n|raw|<div class=\"infobox\"><details class=\"readmore\" open><summary><strong>1 custom rule:</strong></summary> Force Open Team Sheets</details></div>\n|clearpoke\n|poke|p1|Farigiraf, L50, M|\n|poke|p1|Blastoise, L50, M|\n|poke|p1|Bellibolt, L50, F|\n|poke|p1|Mamoswine, L50, M|\n|poke|p1|Delphox, L50, F|\n|poke|p1|Whimsicott, L50, F|\n|poke|p2|Pelipper, L50, F|\n|poke|p2|Scizor, L50, M|\n|poke|p2|Basculegion, L50, M|\n|poke|p2|Sneasler, L50, M|\n|poke|p2|Archaludon, L50, F|\n|poke|p2|Incineroar, L50, M|\n|teampreview|4\n|showteam|p1|Farigiraf||SilkScarf|ArmorTail|HyperVoice,Psychic,TrickRoom,RainDance|||M|||50|]Blastoise||Blastoisinite|Torrent|FakeOut,WaterSpout,DarkPulse,MuddyWater|||M|||50|]Bellibolt||SitrusBerry|Electromorphosis|Discharge,Thunderbolt,ParabolicCharge,Protect|||F|||50|]Mamoswine||FocusSash|Oblivious|Earthquake,IcicleCrash,IceShard,Protect|||M|||50|]Delphox||Delphoxite|Blaze|HeatWave,Psychic,NastyPlot,Protect|||F|||50|]Whimsicott||CobaBerry|Prankster|Moonblast,Tailwind,Encore,SunnyDay|||F|||50|\n|showteam|p2|Pelipper||FocusSash|Drizzle|Tailwind,Protect,Hurricane,WeatherBall|||F|||50|]Scizor||Scizorite|Technician|BulletPunch,BugBite,Protect,SwordsDance|||M|||50|]Basculegion||ChoiceScarf|Adaptability|LastRespects,FlipTurn,WaveCrash,AquaJet|||M|||50|]Sneasler||WhiteHerb|Unburden|FakeOut,Protect,DireClaw,CloseCombat|||M|||50|]Archaludon||Leftovers|Sturdy|ElectroShot,FlashCannon,Protect,DragonPulse|||F|||50|]Incineroar||ChopleBerry|Intimidate|FakeOut,FlareBlitz,ThroatChop,PartingShot|||M|||50|\n|j| OnToTheOther\n|j| showxshow\n|l| showxshow\n|c|\u2606Copper05|glhf\n|j| GoogleDad\n|c|\u2606ohko_muk|Glhf\n|j|%llefface\n|j| makimo<3\n|c|%llefface|Scizor my goat\n|l| makimo<3\n|j| makimo<3\n|\n|t:|1776242819\n|teamsize|p1|4\n|teamsize|p2|4\n|start\n|switch|p1a: Delphox|Delphox, L50, F|100/100\n|switch|p1b: Whimsicott|Whimsicott, L50, F|100/100\n|switch|p2a: Pelipper|Pelipper, L50, F|100/100\n|switch|p2b: Basculegion|Basculegion, L50, M|100/100\n|-weather|RainDance|[from] ability: Drizzle|[of] p2a: Pelipper\n|turn|1\n|inactive|Battle timer is ON: inactive players will automatically lose when time's up. (requested by ohko_muk)\n|\n|t:|1776242852\n|move|p1a: Delphox|Protect|p1a: Delphox\n|-singleturn|p1a: Delphox|Protect\n|move|p1b: Whimsicott|Sunny Day|p1b: Whimsicott\n|-weather|SunnyDay\n|move|p2b: Basculegion|Flip Turn|p1a: Delphox\n|-activate|p1a: Delphox|move: Protect\n|move|p2a: Pelipper|Tailwind|p2a: Pelipper\n|-sidestart|p2: Copper05|move: Tailwind\n|\n|-weather|SunnyDay|[upkeep]\n|upkeep\n|turn|2\n|inactive|ohko_muk has 30 seconds left.\n|inactive|ohko_muk has 20 seconds left.\n|inactive|ohko_muk has 15 seconds left.\n|\n|t:|1776242897\n|switch|p2a: Incineroar|Incineroar, L50, M|100/100\n|-ability|p2a: Incineroar|Intimidate|boost\n|-unboost|p1a: Delphox|atk|1\n|-unboost|p1b: Whimsicott|atk|1\n|detailschange|p1a: Delphox|Delphox-Mega, L50, F\n|-mega|p1a: Delphox|Delphox|Delphoxite\n|move|p2b: Basculegion|Flip Turn|p1a: Delphox\n|-supereffective|p1a: Delphox|1\n|-damage|p1a: Delphox|40/100\n|j| Slarflar\n|l| Slarflar\n|\n|t:|1776242905\n|switch|p2b: Pelipper|Pelipper, L50, F|100/100|[from] Flip Turn\n|-weather|RainDance|[from] ability: Drizzle|[of] p2b: Pelipper\n|move|p1a: Delphox|Heat Wave|p2b: Pelipper|[spread] p2a,p2b\n|-resisted|p2a: Incineroar|1\n|-resisted|p2b: Pelipper|1\n|-damage|p2a: Incineroar|93/100\n|-damage|p2b: Pelipper|83/100\n|move|p1b: Whimsicott|Moonblast|p2a: Incineroar\n|-damage|p2a: Incineroar|72/100\n|\n|-weather|RainDance|[upkeep]\n|upkeep\n|turn|3\n|j| RookieHj\n|j| khungcanh\n|j| Hy3ll0\n|l| RookieHj\n|inactive|ohko_muk has 30 seconds left.\n|inactive|Copper05 has 30 seconds left.\n|inactive|Copper05 has 20 seconds left.\n|inactive|ohko_muk has 20 seconds left.\n|inactive|Copper05 has 15 seconds left.\n|\n|t:|1776242948\n|switch|p1a: Farigiraf|Farigiraf, L50, M|100/100\n|move|p2a: Incineroar|Fake Out||[still]\n|cant|p1a: Farigiraf|ability: Armor Tail|Fake Out|[of] p2a: Incineroar\n|move|p1b: Whimsicott|Tailwind|p1b: Whimsicott\n|-sidestart|p1: ohko_muk|move: Tailwind\n|move|p2b: Pelipper|Hurricane|p1b: Whimsicott\n|-supereffective|p1b: Whimsicott|1\n|-enditem|p1b: Whimsicott|Coba Berry|[eat]\n|-enditem|p1b: Whimsicott|Coba Berry|[weaken]\n|-damage|p1b: Whimsicott|50/100\n|\n|-weather|RainDance|[upkeep]\n|upkeep\n|turn|4\n|inactive|ohko_muk has 30 seconds left.\n|inactive|Copper05 has 30 seconds left.\n|inactive|ohko_muk has 20 seconds left.\n|inactive|ohko_muk has 15 seconds left.\n|inactive|ohko_muk has 10 seconds left.\n|\n|t:|1776242994\n|switch|p1b: Mamoswine|Mamoswine, L50, M|100/100\n|move|p2b: Pelipper|Weather Ball|p1a: Farigiraf\n|-damage|p1a: Farigiraf|34/100\n|move|p2a: Incineroar|Throat Chop|p1a: Farigiraf\n|-supereffective|p1a: Farigiraf|1\n|-damage|p1a: Farigiraf|0 fnt\n|faint|p1a: Farigiraf\n|\n|-weather|RainDance|[upkeep]\n|-sideend|p2: Copper05|move: Tailwind\n|upkeep\n|\n|t:|1776243004\n|switch|p1a: Delphox|Delphox-Mega, L50, F|40/100\n|turn|5\n|j| voidmaxom vgc\n|\n|t:|1776243018\n|switch|p2a: Basculegion|Basculegion, L50, M|100/100\n|move|p1a: Delphox|Psychic|p2b: Pelipper\n|-damage|p2b: Pelipper|0 fnt\n|faint|p2b: Pelipper\n|move|p1b: Mamoswine|Earthquake|p2a: Basculegion|[spread] p2a\n|-immune|p1a: Delphox|[from] ability: Levitate\n|-damage|p2a: Basculegion|48/100\n|\n|-weather|RainDance|[upkeep]\n|upkeep\n|\n|t:|1776243027\n|switch|p2b: Incineroar|Incineroar, L50, M|72/100\n|-ability|p2b: Incineroar|Intimidate|boost\n|-unboost|p1a: Delphox|atk|1\n|-fail|p1b: Mamoswine|unboost|Attack|[from] ability: Oblivious|[of] p1b: Mamoswine\n|turn|6\n|\n|t:|1776243047\n|switch|p2a: Scizor|Scizor, L50, M|100/100\n|move|p2b: Incineroar|Fake Out|p1a: Delphox\n|-damage|p1a: Delphox|24/100\n|cant|p1a: Delphox|flinch\n|move|p1b: Mamoswine|Earthquake|p2a: Scizor|[spread] p2a,p2b\n|-immune|p1a: Delphox|[from] ability: Levitate\n|-supereffective|p2b: Incineroar|1\n|-damage|p2a: Scizor|55/100\n|-damage|p2b: Incineroar|0 fnt\n|faint|p2b: Incineroar\n|\n|-weather|none\n|-sideend|p1: ohko_muk|move: Tailwind\n|upkeep\n|\n|t:|1776243049\n|switch|p2b: Basculegion|Basculegion, L50, M|48/100\n|turn|7\n|j| showxshow\n|inactive|Copper05 has 30 seconds left.\n|\n|t:|1776243079\n|detailschange|p2a: Scizor|Scizor-Mega, L50, M\n|-mega|p2a: Scizor|Scizor|Scizorite\n|move|p2a: Scizor|Bullet Punch|p1b: Mamoswine\n|-supereffective|p1b: Mamoswine|1\n|-damage|p1b: Mamoswine|6/100\n|move|p2b: Basculegion|Last Respects|p1a: Delphox\n|-supereffective|p1a: Delphox|1\n|-damage|p1a: Delphox|0 fnt\n|faint|p1a: Delphox\n|move|p1b: Mamoswine|Earthquake|p2a: Scizor|[spread] p2a,p2b\n|-crit|p2b: Basculegion\n|-damage|p2a: Scizor|24/100\n|-damage|p2b: Basculegion|0 fnt\n|faint|p2b: Basculegion\n|\n|upkeep\n|\n|t:|1776243087\n|switch|p1a: Whimsicott|Whimsicott, L50, F|50/100\n|turn|8\n|inactive|ohko_muk has 30 seconds left.\n|\n|t:|1776243116\n|move|p1b: Mamoswine|Protect|p1b: Mamoswine\n|-singleturn|p1b: Mamoswine|Protect\n|move|p2a: Scizor|Bullet Punch|p1b: Mamoswine\n|-activate|p1b: Mamoswine|move: Protect\n|move|p1a: Whimsicott|Moonblast|p2a: Scizor\n|-resisted|p2a: Scizor|1\n|-damage|p2a: Scizor|11/100\n|\n|upkeep\n|turn|9\n|c|\u2606Copper05|gg\n|\n|t:|1776243127\n|move|p1b: Mamoswine|Ice Shard|p2a: Scizor\n|-resisted|p2a: Scizor|1\n|-damage|p2a: Scizor|2/100\n|move|p2a: Scizor|Bullet Punch|p1b: Mamoswine\n|-supereffective|p1b: Mamoswine|1\n|-damage|p1b: Mamoswine|0 fnt\n|faint|p1b: Mamoswine\n|move|p1a: Whimsicott|Moonblast|p2a: Scizor\n|-resisted|p2a: Scizor|1\n|-damage|p2a: Scizor|0 fnt\n|faint|p2a: Scizor\n|\n|win|ohko_muk\n|n|\u2606ohko_muk|ohkomuk\n|n|\u2606Copper05|copper05\n|n| OnToTheOther|ontotheother\n|n| GoogleDad|googledad\n|n| llefface|llefface\n|n| makimo<3|makimo3\n|n| khungcanh|khungcanh\n|n| Hy3ll0|hy3ll0\n|n| voidmaxom vgc|voidmaxomvgc\n|n| showxshow|showxshow\n",
  "uploadtime": 1776243127,
  "views": 18,
  "formatid": "gen9championsvgc2026regma",
  "rating": null,
  "private": 0,
  "password": null
}