{
  "id": "gen9championsvgc2026regma-2585243706",
  "format": "[Gen 9 Champions] VGC 2026 Reg M-A",
  "players": [
    "dkapflzksh",
    "Barber1"
  ],
  "log": "|j|\u2606dkapflzksh\n|j|\u2606Barber1\n|t:|1776329211\n|gametype|doubles\n|player|p1|dkapflzksh|scientist-gen4dp|1398\n|player|p2|Barber1|cynthia-gen4|1394\n|gen|9\n|tier|[Gen 9 Champions] VGC 2026 Reg M-A\n|rated|\n|rule|Species Clause: Limit one of each Pok\u00e9mon\n|rule|Item Clause: Limit 1 of each item\n|clearpoke\n|poke|p1|Basculegion, L50, M|\n|poke|p1|Dragonite, L50, M|\n|poke|p1|Archaludon, L50, F|\n|poke|p1|Scizor, L50, M|\n|poke|p1|Incineroar, L50, M|\n|poke|p1|Pelipper, L50, M|\n|poke|p2|Sneasler, L50, F|\n|poke|p2|Basculegion, L50, M|\n|poke|p2|Aegislash, L50, F|\n|poke|p2|Garchomp, L50, M|\n|poke|p2|Floette-Eternal, L50, F|\n|poke|p2|Incineroar, L50, F|\n|teampreview|4\n|inactive|Battle timer is ON: inactive players will automatically lose when time's up. (requested by Barber1)\n|inactive|Barber1 has 60 seconds left.\n|\n|t:|1776329245\n|teamsize|p1|4\n|teamsize|p2|4\n|start\n|switch|p1a: Pelipper|Pelipper, L50, M, shiny|100/100\n|switch|p1b: Basculegion|Basculegion, L50, M, shiny|100/100\n|switch|p2a: Incineroar|Incineroar, L50, F|100/100\n|switch|p2b: Basculegion|Basculegion, L50, M|100/100\n|-weather|RainDance|[from] ability: Drizzle|[of] p1a: Pelipper\n|-ability|p2a: Incineroar|Intimidate|boost\n|-unboost|p1a: Pelipper|atk|1\n|-unboost|p1b: Basculegion|atk|1\n|turn|1\n|inactive|dkapflzksh has 30 seconds left.\n|inactive|Barber1 has 30 seconds left.\n|\n|t:|1776329277\n|switch|p1a: Archaludon|Archaludon, L50, F, shiny|100/100\n|switch|p2a: Garchomp|Garchomp, L50, M|100/100\n|move|p1b: Basculegion|Flip Turn|p2a: Garchomp\n|-damage|p2a: Garchomp|67/100\n|-damage|p1b: Basculegion|88/100|[from] ability: Rough Skin|[of] p2a: Garchomp\n|\n|t:|1776329291\n|switch|p1b: Pelipper|Pelipper, L50, M, shiny|100/100|[from] Flip Turn\n|move|p2b: Basculegion|Flip Turn|p1a: Archaludon\n|-resisted|p1a: Archaludon|1\n|-damage|p1a: Archaludon|80/100\n|-ability|p1a: Archaludon|Stamina|boost\n|-boost|p1a: Archaludon|def|1\n|\n|t:|1776329301\n|switch|p2b: Incineroar|Incineroar, L50, F|100/100|[from] Flip Turn\n|-ability|p2b: Incineroar|Intimidate|boost\n|-unboost|p1a: Archaludon|atk|1\n|-unboost|p1b: Pelipper|atk|1\n|\n|-weather|RainDance|[upkeep]\n|-heal|p1a: Archaludon|86/100|[from] item: Leftovers\n|upkeep\n|turn|2\n|inactive|dkapflzksh has 30 seconds left.\n|\n|t:|1776329327\n|switch|p2a: Floette|Floette-Eternal, L50, F|100/100\n|switch|p1b: Scizor|Scizor, L50, M|100/100\n|move|p2b: Incineroar|Fake Out|p1b: Scizor\n|-resisted|p1b: Scizor|1\n|-damage|p1b: Scizor|95/100\n|move|p1a: Archaludon|Dragon Pulse|p2a: Floette\n|-immune|p2a: Floette\n|\n|-weather|RainDance|[upkeep]\n|-heal|p1a: Archaludon|93/100|[from] item: Leftovers\n|upkeep\n|turn|3\n|\n|t:|1776329351\n|detailschange|p2a: Floette|Floette-Mega, L50, F\n|-mega|p2a: Floette|Floette|Floettite\n|-ability|p2a: Floette|Fairy Aura\n|detailschange|p1b: Scizor|Scizor-Mega, L50, M\n|-mega|p1b: Scizor|Scizor|Scizorite\n|move|p1b: Scizor|Bullet Punch|p2a: Floette\n|-supereffective|p2a: Floette|1\n|-damage|p2a: Floette|20/100\n|move|p2a: Floette|Moonblast|p1a: Archaludon\n|-damage|p1a: Archaludon|21/100\n|-ability|p1a: Archaludon|Stamina|boost\n|-boost|p1a: Archaludon|def|1\n|move|p1a: Archaludon|Electro Shot||[still]\n|-prepare|p1a: Archaludon|Electro Shot\n|-boost|p1a: Archaludon|spa|1\n|-anim|p1a: Archaludon|Electro Shot|p2b: Incineroar\n|-damage|p2b: Incineroar|52/100\n|move|p2b: Incineroar|Flare Blitz|p1b: Scizor\n|-supereffective|p1b: Scizor|2\n|-damage|p1b: Scizor|21/100\n|-damage|p2b: Incineroar|31/100|[from] Recoil\n|\n|-weather|RainDance|[upkeep]\n|-heal|p1a: Archaludon|27/100|[from] item: Leftovers\n|-heal|p2b: Incineroar|37/100|[from] item: Leftovers\n|upkeep\n|turn|4\n|inactive|dkapflzksh has 30 seconds left.\n|inactive|Barber1 has 30 seconds left.\n|\n|t:|1776329386\n|switch|p2b: Garchomp|Garchomp, L50, M|67/100\n|move|p2a: Floette|Protect|p2a: Floette\n|-singleturn|p2a: Floette|Protect\n|move|p1b: Scizor|Protect|p1b: Scizor\n|-singleturn|p1b: Scizor|Protect\n|move|p1a: Archaludon|Electro Shot||[still]\n|-prepare|p1a: Archaludon|Electro Shot\n|-boost|p1a: Archaludon|spa|1\n|-anim|p1a: Archaludon|Electro Shot|p2b: Garchomp\n|-immune|p2b: Garchomp\n|\n|-weather|RainDance|[upkeep]\n|-heal|p1a: Archaludon|33/100|[from] item: Leftovers\n|upkeep\n|turn|5\n|inactive|Barber1 has 30 seconds left.\n|inactive|dkapflzksh has 30 seconds left.\n|\n|t:|1776329417\n|switch|p2a: Incineroar|Incineroar, L50, F|37/100\n|-ability|p2a: Incineroar|Intimidate|boost\n|-unboost|p1a: Archaludon|atk|1\n|-unboost|p1b: Scizor|atk|1\n|move|p1b: Scizor|Bullet Punch|p2a: Incineroar\n|-resisted|p2a: Incineroar|1\n|-damage|p2a: Incineroar|27/100\n|move|p2b: Garchomp|Earthquake|p1b: Scizor|[spread] p2a,p1a,p1b\n|-supereffective|p2a: Incineroar|1\n|-supereffective|p1a: Archaludon|1\n|-damage|p2a: Incineroar|0 fnt\n|-damage|p1a: Archaludon|2/100\n|-damage|p1b: Scizor|0 fnt\n|-ability|p1a: Archaludon|Stamina|boost\n|-boost|p1a: Archaludon|def|1\n|faint|p2a: Incineroar\n|faint|p1b: Scizor\n|move|p1a: Archaludon|Dragon Pulse|p2b: Garchomp\n|-supereffective|p2b: Garchomp|1\n|-crit|p2b: Garchomp\n|-damage|p2b: Garchomp|0 fnt\n|faint|p2b: Garchomp\n|\n|-weather|none\n|-heal|p1a: Archaludon|8/100|[from] item: Leftovers\n|upkeep\n|inactive|dkapflzksh has 30 seconds left.\n|\n|t:|1776329445\n|switch|p2b: Basculegion|Basculegion, L50, M|100/100\n|switch|p1b: Pelipper|Pelipper, L50, M, shiny|100/100\n|switch|p2a: Floette|Floette-Mega, L50, F|20/100\n|-ability|p2a: Floette|Fairy Aura\n|-weather|RainDance|[from] ability: Drizzle|[of] p1b: Pelipper\n|turn|6\n|\n|t:|1776329461\n|move|p1b: Pelipper|Wide Guard|p1b: Pelipper\n|-singleturn|p1b: Pelipper|Wide Guard\n|move|p2b: Basculegion|Last Respects|p1b: Pelipper\n|-enditem|p1b: Pelipper|Focus Sash\n|-damage|p1b: Pelipper|1/100\n|move|p2a: Floette|Dazzling Gleam|p1a: Archaludon|[spread] \n|-activate|p1a: Archaludon|move: Wide Guard\n|-activate|p1b: Pelipper|move: Wide Guard\n|move|p1a: Archaludon|Electro Shot||[still]\n|-prepare|p1a: Archaludon|Electro Shot\n|-boost|p1a: Archaludon|spa|1\n|-anim|p1a: Archaludon|Electro Shot|p2a: Floette\n|-damage|p2a: Floette|0 fnt\n|faint|p2a: Floette\n|\n|-weather|RainDance|[upkeep]\n|-heal|p1a: Archaludon|15/100|[from] item: Leftovers\n|upkeep\n|turn|7\n|\n|t:|1776329478\n|move|p2b: Basculegion|Last Respects|p1a: Archaludon\n|-damage|p1a: Archaludon|0 fnt\n|faint|p1a: Archaludon\n|move|p1b: Pelipper|Tailwind|p1b: Pelipper\n|-sidestart|p1: dkapflzksh|move: Tailwind\n|\n|-weather|RainDance|[upkeep]\n|upkeep\n|\n|t:|1776329484\n|switch|p1a: Basculegion|Basculegion, L50, M, shiny|88/100\n|turn|8\n|\n|t:|1776329489\n|move|p1a: Basculegion|Last Respects|p2b: Basculegion\n|-supereffective|p2b: Basculegion|1\n|-damage|p2b: Basculegion|0 fnt\n|faint|p2b: Basculegion\n|\n|win|dkapflzksh\n|raw|dkapflzksh's rating: 1398 &rarr; <strong>1418</strong><br />(+20 for winning)\n|raw|Barber1's rating: 1394 &rarr; <strong>1374</strong><br />(-20 for losing)\n",
  "uploadtime": 1776329489,
  "views": 30,
  "formatid": "gen9championsvgc2026regma",
  "rating": 1374,
  "private": 0,
  "password": null
}