{
  "id": "gen9championsvgc2026regma-2585162380",
  "format": "[Gen 9 Champions] VGC 2026 Reg M-A",
  "players": [
    "Phillip Blevin",
    "Bonaban"
  ],
  "log": "|j|\u2606Phillip Blevin\n|j|\u2606Bonaban\n|t:|1776319528\n|gametype|doubles\n|player|p1|Phillip Blevin|cynthia-masters4|1165\n|player|p2|Bonaban|170|1182\n|gen|9\n|tier|[Gen 9 Champions] VGC 2026 Reg M-A\n|rated|\n|rule|Species Clause: Limit one of each Pok\u00e9mon\n|rule|Item Clause: Limit 1 of each item\n|clearpoke\n|poke|p1|Ceruledge, L50, M|\n|poke|p1|Corviknight, L50, F|\n|poke|p1|Garchomp, L50, F|\n|poke|p1|Arcanine-Hisui, L50, F|\n|poke|p1|Froslass, L50, F|\n|poke|p1|Rotom-Wash, L50|\n|poke|p2|Clefable, L50, M|\n|poke|p2|Garchomp, L50, F|\n|poke|p2|Incineroar, L50, M|\n|poke|p2|Aegislash, L50, M|\n|poke|p2|Pelipper, L50, M|\n|poke|p2|Rotom-Wash, L50|\n|teampreview|4\n|inactive|Battle timer is ON: inactive players will automatically lose when time's up. (requested by Phillip Blevin)\nPhillip Blevin has agreed to open team sheets.\n|inactive|Phillip Blevin has 60 seconds left.\n|\n|t:|1776319565\n|teamsize|p1|4\n|teamsize|p2|4\n|start\n|switch|p1a: Rotom|Rotom-Wash, L50|100/100\n|switch|p1b: Garchomp|Garchomp, L50, F|100/100\n|switch|p2a: Aegislash|Aegislash, L50, M|100/100\n|switch|p2b: Incineroar|Incineroar, L50, M|100/100\n|-ability|p2b: Incineroar|Intimidate|boost\n|-unboost|p1a: Rotom|atk|1\n|-unboost|p1b: Garchomp|atk|1\n|turn|1\n|inactive|Bonaban has 30 seconds left.\n|\n|t:|1776319592\n|switch|p2a: Garchomp|Garchomp, L50, F|100/100\n|move|p1b: Garchomp|Protect|p1b: Garchomp\n|-singleturn|p1b: Garchomp|Protect\n|move|p2b: Incineroar|Fake Out|p1a: Rotom\n|-damage|p1a: Rotom|88/100\n|cant|p1a: Rotom|flinch\n|\n|upkeep\n|turn|2\n|\n|t:|1776319609\n|move|p1a: Rotom|Will-O-Wisp|p2a: Garchomp|[miss]\n|-miss|p1a: Rotom|p2a: Garchomp\n|move|p2a: Garchomp|Dragon Claw|p1b: Garchomp\n|-supereffective|p1b: Garchomp|1\n|-damage|p1b: Garchomp|14/100\n|-damage|p2a: Garchomp|88/100|[from] ability: Rough Skin|[of] p1b: Garchomp\n|move|p1b: Garchomp|Earthquake|p2b: Incineroar|[spread] p2a,p2b\n|-immune|p1a: Rotom|[from] ability: Levitate\n|-supereffective|p2b: Incineroar|1\n|-damage|p2a: Garchomp|57/100\n|-damage|p2b: Incineroar|47/100\n|-enditem|p2b: Incineroar|Sitrus Berry|[eat]\n|-heal|p2b: Incineroar|72/100|[from] item: Sitrus Berry\n|move|p2b: Incineroar|Throat Chop|p1b: Garchomp\n|-damage|p1b: Garchomp|0 fnt\n|-damage|p2b: Incineroar|59/100|[from] ability: Rough Skin|[of] p1b: Garchomp\n|faint|p1b: Garchomp\n|\n|upkeep\n|\n|t:|1776319628\n|switch|p1b: Froslass|Froslass, L50, F|100/100\n|turn|3\n|\n|t:|1776319647\n|switch|p1a: Arcanine|Arcanine-Hisui, L50, F|100/100\n|-ability|p1a: Arcanine|Intimidate|boost\n|-unboost|p2a: Garchomp|atk|1\n|-unboost|p2b: Incineroar|atk|1\n|move|p1b: Froslass|Protect|p1b: Froslass\n|-singleturn|p1b: Froslass|Protect\n|move|p2a: Garchomp|Protect|p2a: Garchomp\n|-singleturn|p2a: Garchomp|Protect\n|move|p2b: Incineroar|Parting Shot|p1b: Froslass\n|-activate|p1b: Froslass|move: Protect\n|\n|upkeep\n|turn|4\n|\n|t:|1776319664\n|switch|p2a: Aegislash|Aegislash, L50, M|100/100\n|detailschange|p1b: Froslass|Froslass-Mega, L50, F\n|-mega|p1b: Froslass|Froslass|Froslassite\n|-weather|Snowscape|[from] ability: Snow Warning|[of] p1b: Froslass\n|move|p1b: Froslass|Blizzard|p2b: Incineroar|[spread] p2a,p2b\n|-resisted|p2a: Aegislash|1\n|-resisted|p2b: Incineroar|1\n|-crit|p2b: Incineroar\n|-damage|p2a: Aegislash|83/100\n|-damage|p2b: Incineroar|33/100\n|-status|p2a: Aegislash|frz\n|move|p1a: Arcanine|Rock Slide|p2b: Incineroar|[spread] p2a,p2b\n|-resisted|p2a: Aegislash|1\n|-supereffective|p2b: Incineroar|1\n|-damage|p2a: Aegislash|72/100 frz\n|-damage|p2b: Incineroar|0 fnt\n|faint|p2b: Incineroar\n|\n|-weather|Snowscape|[upkeep]\n|-heal|p2a: Aegislash|78/100 frz|[from] item: Leftovers\n|upkeep\n|\n|t:|1776319674\n|switch|p2b: Garchomp|Garchomp, L50, F|57/100\n|turn|5\n|\n|t:|1776319687\n|switch|p1a: Rotom|Rotom-Wash, L50|88/100\n|move|p1b: Froslass|Protect|p1b: Froslass\n|-singleturn|p1b: Froslass|Protect\n|move|p2b: Garchomp|Rock Slide|p1a: Rotom|[spread] p1a\n|-activate|p1b: Froslass|move: Protect\n|-damage|p1a: Rotom|67/100\n|-curestatus|p2a: Aegislash|frz|[msg]\n|-formechange|p2a: Aegislash|Aegislash-Blade|\n|move|p2a: Aegislash|Poltergeist|p1b: Froslass\n|-activate|p1b: Froslass|move: Protect\n|\n|-weather|Snowscape|[upkeep]\n|-heal|p2a: Aegislash|84/100|[from] item: Leftovers\n|upkeep\n|turn|6\n|\n|t:|1776319700\n|move|p2b: Garchomp|Protect|p2b: Garchomp\n|-singleturn|p2b: Garchomp|Protect\n|-formechange|p2a: Aegislash|Aegislash|\n|move|p2a: Aegislash|King's Shield|p2a: Aegislash\n|-singleturn|p2a: Aegislash|Protect\n|move|p1a: Rotom|Will-O-Wisp|p2a: Aegislash\n|-status|p2a: Aegislash|brn\n|move|p1b: Froslass|Blizzard|p2a: Aegislash|[spread] \n|-activate|p2a: Aegislash|move: Protect\n|-activate|p2b: Garchomp|move: Protect\n|\n|-weather|Snowscape|[upkeep]\n|-heal|p2a: Aegislash|90/100 brn|[from] item: Leftovers\n|-damage|p2a: Aegislash|84/100 brn|[from] brn\n|upkeep\n|turn|7\n|\n|t:|1776319719\n|switch|p2a: Clefable|Clefable, L50, M|100/100\n|move|p1b: Froslass|Protect|p1b: Froslass\n|-singleturn|p1b: Froslass|Protect\n|move|p1a: Rotom|Will-O-Wisp|p2b: Garchomp\n|-status|p2b: Garchomp|brn\n|-enditem|p2b: Garchomp|Lum Berry|[eat]\n|-curestatus|p2b: Garchomp|brn|[msg]\n|move|p2b: Garchomp|Rock Slide|p1b: Froslass|[spread] p1a\n|-activate|p1b: Froslass|move: Protect\n|-damage|p1a: Rotom|45/100\n|\n|-weather|Snowscape|[upkeep]\n|upkeep\n|turn|8\n|\n|t:|1776319737\n|switch|p1a: Arcanine|Arcanine-Hisui, L50, F|100/100\n|-ability|p1a: Arcanine|Intimidate|boost\n|-unboost|p2a: Clefable|atk|1\n|-unboost|p2b: Garchomp|atk|1\n|move|p2a: Clefable|Helping Hand|p2b: Garchomp\n|-singleturn|p2b: Garchomp|Helping Hand|[of] p2a: Clefable\n|move|p1b: Froslass|Blizzard|p2a: Clefable|[spread] p2a,p2b\n|-supereffective|p2b: Garchomp|2\n|-damage|p2a: Clefable|61/100\n|-damage|p2b: Garchomp|0 fnt\n|faint|p2b: Garchomp\n|\n|-weather|none\n|upkeep\n|\n|t:|1776319739\n|switch|p2b: Aegislash|Aegislash, L50, M|84/100 brn\n|turn|9\n|\n|t:|1776319753\n|switch|p1b: Rotom|Rotom-Wash, L50|45/100\n|move|p2a: Clefable|Helping Hand|p2b: Aegislash\n|-singleturn|p2b: Aegislash|Helping Hand|[of] p2a: Clefable\n|-formechange|p2b: Aegislash|Aegislash-Blade|\n|move|p2b: Aegislash|Shadow Sneak|p1b: Rotom\n|-damage|p1b: Rotom|26/100\n|move|p1a: Arcanine|Flare Blitz|p2a: Clefable\n|-damage|p2a: Clefable|8/100\n|-damage|p1a: Arcanine|79/100|[from] Recoil\n|\n|-heal|p2b: Aegislash|90/100 brn|[from] item: Leftovers\n|-damage|p2b: Aegislash|84/100 brn|[from] brn\n|upkeep\n|turn|10\n|\n|t:|1776319774\n|detailschange|p2a: Clefable|Clefable-Mega, L50, M\n|-mega|p2a: Clefable|Clefable|Clefablite\n|move|p2a: Clefable|Protect|p2a: Clefable\n|-singleturn|p2a: Clefable|Protect\n|move|p1b: Rotom|Hydro Pump|p2b: Aegislash|[miss]\n|-miss|p1b: Rotom|p2b: Aegislash\n|move|p1a: Arcanine|Rock Slide|p2b: Aegislash|[spread] p2b\n|-activate|p2a: Clefable|move: Protect\n|-resisted|p2b: Aegislash|1\n|-damage|p2b: Aegislash|62/100 brn\n|cant|p2b: Aegislash|flinch\n|\n|-heal|p2b: Aegislash|68/100 brn|[from] item: Leftovers\n|-damage|p2b: Aegislash|62/100 brn|[from] brn\n|upkeep\n|turn|11\n|\n|t:|1776319792\n|move|p2a: Clefable|Helping Hand|p2b: Aegislash\n|-singleturn|p2b: Aegislash|Helping Hand|[of] p2a: Clefable\n|move|p1a: Arcanine|Extreme Speed|p2a: Clefable\n|-damage|p2a: Clefable|0 fnt\n|faint|p2a: Clefable\n|move|p1b: Rotom|Hydro Pump|p2b: Aegislash\n|-damage|p2b: Aegislash|0 fnt\n|faint|p2b: Aegislash\n|\n|win|Phillip Blevin\n|raw|Phillip Blevin's rating: 1165 &rarr; <strong>1191</strong><br />(+26 for winning)\n|raw|Bonaban's rating: 1182 &rarr; <strong>1156</strong><br />(-26 for losing)\n",
  "uploadtime": 1776319793,
  "views": 29,
  "formatid": "gen9championsvgc2026regma",
  "rating": 1156,
  "private": 0,
  "password": null
}