{
  "id": "gen9championsvgc2026regma-2582284013",
  "format": "[Gen 9 Champions] VGC 2026 Reg M-A",
  "players": [
    "TinManFall",
    "ironman3168"
  ],
  "log": "|j|\u2606TinManFall\n|j|\u2606ironman3168\n|t:|1776079672\n|gametype|doubles\n|player|p1|TinManFall|crasherwake|1100\n|player|p2|ironman3168|ash|1105\n|gen|9\n|tier|[Gen 9 Champions] VGC 2026 Reg M-A\n|rated|\n|rule|Species Clause: Limit one of each Pok\u00e9mon\n|rule|Item Clause: Limit 1 of each item\n|clearpoke\n|poke|p1|Talonflame, L50, M|\n|poke|p1|Meganium, L50, M|\n|poke|p1|Farigiraf, L50, F|\n|poke|p1|Incineroar, L50, F|\n|poke|p1|Basculegion, L50, M|\n|poke|p1|Crabominable, L50, M|\n|poke|p2|Drampa, L50, F|\n|poke|p2|Scizor, L50, F|\n|poke|p2|Sinistcha, L50|\n|poke|p2|Farigiraf, L50, F|\n|poke|p2|Torkoal, L50, F|\n|poke|p2|Incineroar, L50, F|\n|teampreview|4\n|\n|t:|1776079717\n|teamsize|p1|4\n|teamsize|p2|4\n|start\n|switch|p1a: Incineroar|Incineroar, L50, F|100/100\n|switch|p1b: Basculegion|Basculegion, L50, M|100/100\n|switch|p2a: Drampa|Drampa, L50, F|100/100\n|switch|p2b: Magnetic|Sinistcha, L50|100/100\n|-ability|p1a: Incineroar|Intimidate|boost\n|-unboost|p2a: Drampa|atk|1\n|-unboost|p2b: Magnetic|atk|1\n|-ability|p2a: Drampa|Cloud Nine\n|turn|1\n|\n|t:|1776079738\n|switch|p2a: Farigiraf|Farigiraf, L50, F|100/100\n|move|p1b: Basculegion|Last Respects|p2b: Magnetic\n|-supereffective|p2b: Magnetic|1\n|-damage|p2b: Magnetic|33/100\n|-enditem|p2b: Magnetic|Sitrus Berry|[eat]\n|-heal|p2b: Magnetic|58/100|[from] item: Sitrus Berry\n|move|p1a: Incineroar|Darkest Lariat|p2b: Magnetic\n|-supereffective|p2b: Magnetic|1\n|-damage|p2b: Magnetic|0 fnt\n|faint|p2b: Magnetic\n|\n|upkeep\n|\n|t:|1776079751\n|switch|p2b: Drampa|Drampa, L50, F|100/100\n|-ability|p2b: Drampa|Cloud Nine\n|turn|2\n|\n|t:|1776079760\n|switch|p1b: Meganium|Meganium, L50, M|100/100\n|detailschange|p2b: Drampa|Drampa-Mega, L50, F\n|-mega|p2b: Drampa|Drampa|Drampanite\n|move|p1a: Incineroar|Darkest Lariat|p2a: Farigiraf\n|-supereffective|p2a: Farigiraf|1\n|-damage|p2a: Farigiraf|48/100\n|move|p2b: Drampa|Calm Mind|p2b: Drampa\n|-boost|p2b: Drampa|spa|1\n|-boost|p2b: Drampa|spd|1\n|move|p2a: Farigiraf|Trick Room|p2a: Farigiraf\n|-fieldstart|move: Trick Room|[of] p2a: Farigiraf\n|\n|upkeep\n|turn|3\n|\n|t:|1776079780\n|switch|p2a: Potential|Torkoal, L50, F|100/100\n|-weather|SunnyDay|[from] ability: Drought|[of] p2a: Potential\n|detailschange|p1b: Meganium|Meganium-Mega, L50, M\n|-mega|p1b: Meganium|Meganium|Meganiumite\n|move|p2b: Drampa|Protect|p2b: Drampa\n|-singleturn|p2b: Drampa|Protect\n|move|p1a: Incineroar|Parting Shot|p2b: Drampa\n|-activate|p2b: Drampa|move: Protect\n|move|p1b: Meganium|Dazzling Gleam|p2a: Potential|[spread] p2a\n|-activate|p2b: Drampa|move: Protect\n|-resisted|p2a: Potential|1\n|-damage|p2a: Potential|76/100\n|\n|-weather|SunnyDay|[upkeep]\n|upkeep\n|turn|4\n|inactive|Battle timer is ON: inactive players will automatically lose when time's up. (requested by ironman3168)\n|inactive|TinManFall has 60 seconds left.\n|\n|t:|1776079852\n|switch|p1b: Basculegion|Basculegion, L50, M|100/100\n|move|p2a: Potential|Eruption|p1b: Basculegion|[spread] p1a,p1b\n|-resisted|p1a: Incineroar|1\n|-resisted|p1b: Basculegion|1\n|-damage|p1a: Incineroar|72/100\n|-damage|p1b: Basculegion|64/100\n|move|p2b: Drampa|Earth Power|p1a: Incineroar\n|-supereffective|p1a: Incineroar|1\n|-damage|p1a: Incineroar|0 fnt\n|faint|p1a: Incineroar\n|\n|-weather|SunnyDay|[upkeep]\n|upkeep\n|\n|t:|1776079863\n|switch|p1a: Meganium|Meganium-Mega, L50, M|100/100\n|turn|5\n|\n|t:|1776079875\n|move|p1b: Basculegion|Aqua Jet|p2a: Potential\n|-supereffective|p2a: Potential|1\n|-crit|p2a: Potential\n|-damage|p2a: Potential|46/100\n|move|p2a: Potential|Eruption|p1a: Meganium|[spread] p1a,p1b\n|-supereffective|p1a: Meganium|1\n|-resisted|p1b: Basculegion|1\n|-damage|p1a: Meganium|38/100\n|-damage|p1b: Basculegion|43/100\n|move|p2b: Drampa|Earth Power|p1b: Basculegion\n|-crit|p1b: Basculegion\n|-damage|p1b: Basculegion|0 fnt\n|faint|p1b: Basculegion\n|move|p1a: Meganium|Synthesis|p1a: Meganium\n|-heal|p1a: Meganium|100/100\n|\n|-weather|SunnyDay|[upkeep]\n|upkeep\n|\n|t:|1776079885\n|switch|p1b: Talonflame|Talonflame, L50, M|100/100\n|turn|6\n|inactive|TinManFall has 30 seconds left.\n|inactive|TinManFall has 20 seconds left.\n|inactive|TinManFall has 15 seconds left.\n|\n|t:|1776079925\n|switch|p2a: Farigiraf|Farigiraf, L50, F|48/100\n|move|p1b: Talonflame|Tailwind|p1b: Talonflame\n|-sidestart|p1: TinManFall|move: Tailwind\n|move|p2b: Drampa|Calm Mind|p2b: Drampa\n|-boost|p2b: Drampa|spa|1\n|-boost|p2b: Drampa|spd|1\n|move|p1a: Meganium|Synthesis|p1a: Meganium\n|-fail|p1a: Meganium|heal\n|\n|-weather|SunnyDay|[upkeep]\n|-fieldend|move: Trick Room\n|upkeep\n|turn|7\n|inactive|TinManFall has 30 seconds left.\n|\n|t:|1776079956\n|move|p1b: Talonflame|Rain Dance|p1b: Talonflame\n|-weather|RainDance\n|move|p1a: Meganium|Dazzling Gleam|p2b: Drampa|[spread] p2a,p2b\n|-supereffective|p2b: Drampa|1\n|-damage|p2a: Farigiraf|14/100\n|-damage|p2b: Drampa|70/100\n|move|p2b: Drampa|Hyper Voice|p1a: Meganium|[spread] p1a,p1b\n|-damage|p1a: Meganium|33/100\n|-enditem|p1b: Talonflame|Focus Sash\n|-damage|p1b: Talonflame|1/100\n|move|p2a: Farigiraf|Trick Room|p2a: Farigiraf\n|-fieldstart|move: Trick Room|[of] p2a: Farigiraf\n|\n|-weather|RainDance|[upkeep]\n|upkeep\n|turn|8\n|\n|t:|1776079971\n|move|p2b: Drampa|Hyper Voice|p1b: Talonflame|[spread] p1a,p1b\n|-damage|p1a: Meganium|0 fnt\n|-damage|p1b: Talonflame|0 fnt\n|faint|p1a: Meganium\n|faint|p1b: Talonflame\n|\n|win|ironman3168\n|raw|TinManFall's rating: 1100 &rarr; <strong>1075</strong><br />(-25 for losing)\n|raw|ironman3168's rating: 1105 &rarr; <strong>1130</strong><br />(+25 for winning)\n|l|\u2606TinManFall\n|player|p1|\n",
  "uploadtime": 1776079981,
  "views": 12,
  "formatid": "gen9championsvgc2026regma",
  "rating": 1075,
  "private": 0,
  "password": null
}