{
  "id": "gen9championsvgc2026regma-2584113953",
  "format": "[Gen 9 Champions] VGC 2026 Reg M-A",
  "players": [
    "dielezz",
    "idkvgc2"
  ],
  "log": "|j|\u2606dielezz\n|j|\u2606idkvgc2\n|t:|1776226641\n|gametype|doubles\n|player|p1|dielezz|266|1123\n|player|p2|idkvgc2|102|1059\n|gen|9\n|tier|[Gen 9 Champions] VGC 2026 Reg M-A\n|rated|\n|rule|Species Clause: Limit one of each Pok\u00e9mon\n|rule|Item Clause: Limit 1 of each item\n|clearpoke\n|poke|p1|Primarina, L50, M|\n|poke|p1|Pelipper, L50, F|\n|poke|p1|Sinistcha, L50|\n|poke|p1|Incineroar, L50, F|\n|poke|p1|Maushold, L50|\n|poke|p1|Archaludon, L50, M|\n|poke|p2|Garchomp, L50, M|\n|poke|p2|Delphox, L50, M|\n|poke|p2|Clefable, L50, M|\n|poke|p2|Rotom-Wash, L50|\n|poke|p2|Meganium, L50, M|\n|poke|p2|Sneasler, L50, F|\n|teampreview|4\n|\n|t:|1776226670\n|teamsize|p1|4\n|teamsize|p2|4\n|start\n|switch|p1a: Primarina|Primarina, L50, M|100/100\n|switch|p1b: Sinistcha|Sinistcha, L50|100/100\n|switch|p2a: Sneasler|Sneasler, L50, F|100/100\n|switch|p2b: Garchomp|Garchomp, L50, M|100/100\n|turn|1\n|\n|t:|1776226681\n|move|p1a: Primarina|Protect|p1a: Primarina\n|-singleturn|p1a: Primarina|Protect\n|move|p2a: Sneasler|Fake Out|p1a: Primarina\n|-activate|p1a: Primarina|move: Protect\n|move|p2b: Garchomp|Swords Dance|p2b: Garchomp\n|-boost|p2b: Garchomp|atk|2\n|move|p1b: Sinistcha|Trick Room|p1b: Sinistcha\n|-fieldstart|move: Trick Room|[of] p1b: Sinistcha\n|\n|upkeep\n|turn|2\n|\n|t:|1776226715\n|move|p2a: Sneasler|Protect|p2a: Sneasler\n|-singleturn|p2a: Sneasler|Protect\n|move|p1a: Primarina|Hyper Voice|p2b: Garchomp|[spread] p2b\n|-activate|p2a: Sneasler|move: Protect\n|-damage|p2b: Garchomp|48/100\n|move|p1b: Sinistcha|Stun Spore|p2a: Sneasler\n|-activate|p2a: Sneasler|move: Protect\n|move|p2b: Garchomp|Rock Slide|p1a: Primarina|[spread] p1b\n|-miss|p2b: Garchomp|p1a: Primarina\n|-damage|p1b: Sinistcha|67/100\n|\n|upkeep\n|turn|3\n|\n|t:|1776226745\n|switch|p2a: Rotom|Rotom-Wash, L50|100/100\n|move|p1a: Primarina|Hyper Voice|p2a: Rotom|[spread] p2a,p2b\n|-resisted|p2a: Rotom|1\n|-crit|p2b: Garchomp\n|-damage|p2a: Rotom|77/100\n|-damage|p2b: Garchomp|0 fnt\n|faint|p2b: Garchomp\n|move|p1b: Sinistcha|Stun Spore|p2a: Rotom\n|-immune|p2a: Rotom\n|\n|upkeep\n|\n|t:|1776226762\n|switch|p2b: Meganium|Meganium, L50, M|100/100\n|turn|4\n|\n|t:|1776226779\n|detailschange|p2b: Meganium|Meganium-Mega, L50, M\n|-mega|p2b: Meganium|Meganium|Meganiumite\n|move|p1a: Primarina|Calm Mind|p1a: Primarina\n|-boost|p1a: Primarina|spa|1\n|-boost|p1a: Primarina|spd|1\n|move|p1b: Sinistcha|Matcha Gotcha|p2a: Rotom|[spread] p2a,p2b\n|-supereffective|p2a: Rotom|1\n|-resisted|p2b: Meganium|1\n|-damage|p2a: Rotom|12/100\n|-heal|p1b: Sinistcha|96/100|[from] drain|[of] p2a: Rotom\n|-damage|p2b: Meganium|87/100\n|-heal|p1b: Sinistcha|100/100|[from] drain|[of] p2b: Meganium\n|move|p2b: Meganium|Weather Ball|p1b: Sinistcha\n|-supereffective|p1b: Sinistcha|1\n|-enditem|p1b: Sinistcha|Focus Sash\n|-damage|p1b: Sinistcha|1/100\n|move|p2a: Rotom|Shadow Ball|p1b: Sinistcha\n|-supereffective|p1b: Sinistcha|1\n|-damage|p1b: Sinistcha|0 fnt\n|faint|p1b: Sinistcha\n|\n|upkeep\n|\n|t:|1776226803\n|switch|p1b: Pelipper|Pelipper, L50, F|100/100\n|-weather|RainDance|[from] ability: Drizzle|[of] p1b: Pelipper\n|turn|5\n|\n|t:|1776226828\n|switch|p2a: Sneasler|Sneasler, L50, F|100/100\n|move|p2b: Meganium|Protect|p2b: Meganium\n|-singleturn|p2b: Meganium|Protect\n|move|p1a: Primarina|Hyper Voice|p2b: Meganium|[spread] p2a\n|-activate|p2b: Meganium|move: Protect\n|-damage|p2a: Sneasler|0 fnt\n|faint|p2a: Sneasler\n|move|p1b: Pelipper|Hurricane|p2b: Meganium\n|-activate|p2b: Meganium|move: Protect\n|\n|-weather|RainDance|[upkeep]\n|-fieldend|move: Trick Room\n|upkeep\n|\n|t:|1776226836\n|switch|p2a: Rotom|Rotom-Wash, L50|12/100\n|turn|6\n|\n|t:|1776226871\n|switch|p1b: Maushold|Maushold, L50|100/100\n|move|p1a: Primarina|Protect|p1a: Primarina\n|-singleturn|p1a: Primarina|Protect\n|move|p2a: Rotom|Volt Switch|p1b: Maushold\n|-damage|p1b: Maushold|72/100\n|move|p2b: Meganium|Solar Beam||[still]\n|-prepare|p2b: Meganium|Solar Beam\n|-activate|p2b: Meganium|ability: Mega Sol\n|-anim|p2b: Meganium|Solar Beam|p1a: Primarina\n|-activate|p1a: Primarina|move: Protect\n|\n|-weather|RainDance|[upkeep]\n|upkeep\n|turn|7\n|\n|t:|1776226903\n|move|p1b: Maushold|Follow Me|p1b: Maushold\n|-singleturn|p1b: Maushold|move: Follow Me\n|move|p2a: Rotom|Volt Switch|p1b: Maushold\n|-damage|p1b: Maushold|44/100\n|move|p2b: Meganium|Solar Beam||[still]\n|-prepare|p2b: Meganium|Solar Beam\n|-activate|p2b: Meganium|ability: Mega Sol\n|-anim|p2b: Meganium|Solar Beam|p1b: Maushold\n|-damage|p1b: Maushold|0 fnt\n|faint|p1b: Maushold\n|move|p1a: Primarina|Hyper Voice|p2a: Rotom|[spread] p2a,p2b\n|-resisted|p2a: Rotom|1\n|-resisted|p2b: Meganium|1\n|-damage|p2a: Rotom|0 fnt\n|-damage|p2b: Meganium|35/100\n|faint|p2a: Rotom\n|\n|-weather|RainDance|[upkeep]\n|upkeep\n|\n|t:|1776226918\n|switch|p1b: Pelipper|Pelipper, L50, F|100/100\n|turn|8\n|\n|t:|1776226931\n|move|p1a: Primarina|Protect|p1a: Primarina\n|-singleturn|p1a: Primarina|Protect\n|move|p2b: Meganium|Solar Beam||[still]\n|-prepare|p2b: Meganium|Solar Beam\n|-activate|p2b: Meganium|ability: Mega Sol\n|-anim|p2b: Meganium|Solar Beam|p1b: Pelipper\n|-damage|p1b: Pelipper|20/100\n|-enditem|p1b: Pelipper|Sitrus Berry|[eat]\n|-heal|p1b: Pelipper|44/100|[from] item: Sitrus Berry\n|move|p1b: Pelipper|Hurricane|p2b: Meganium\n|-supereffective|p2b: Meganium|1\n|-crit|p2b: Meganium\n|-damage|p2b: Meganium|0 fnt\n|faint|p2b: Meganium\n|\n|win|dielezz\n|raw|dielezz's rating: 1123 &rarr; <strong>1143</strong><br />(+20 for winning)\n|raw|idkvgc2's rating: 1059 &rarr; <strong>1044</strong><br />(-15 for losing)\n|l|\u2606dielezz\n|player|p1|\n",
  "uploadtime": 1776226947,
  "views": 26,
  "formatid": "gen9championsvgc2026regma",
  "rating": 1044,
  "private": 0,
  "password": null
}