{
  "id": "gen9championsvgc2026regma-2587319867",
  "format": "[Gen 9 Champions] VGC 2026 Reg M-A",
  "players": [
    "radioiamp2",
    "TheDark69420"
  ],
  "log": "|j|\u2606radioiamp2\n|j|\u2606TheDark69420\n|t:|1776521664\n|gametype|doubles\n|player|p1|radioiamp2|102|1319\n|player|p2|TheDark69420|ghetsis-gen5bw|1354\n|gen|9\n|tier|[Gen 9 Champions] VGC 2026 Reg M-A\n|rated|\n|rule|Species Clause: Limit one of each Pok\u00e9mon\n|rule|Item Clause: Limit 1 of each item\n|clearpoke\n|poke|p1|Golurk, L50|\n|poke|p1|Sneasler, L50, M|\n|poke|p1|Venusaur, L50, M|\n|poke|p1|Torkoal, L50, F|\n|poke|p1|Farigiraf, L50, F|\n|poke|p1|Kleavor, L50, M|\n|poke|p2|Floette-Eternal, L50, F|\n|poke|p2|Maushold, L50|\n|poke|p2|Garchomp, L50, M|\n|poke|p2|Talonflame, L50, M, shiny|\n|poke|p2|Rotom-Wash, L50|\n|poke|p2|Aegislash, L50, F, shiny|\n|teampreview|4\n|inactive|Battle timer is ON: inactive players will automatically lose when time's up. (requested by TheDark69420)\n|j| p3elz\n|inactive|radioiamp2 has 60 seconds left.\n|c| p3elz|omg its the kleavor dude again\n|c| p3elz|PLEASE PLEASE PLEASE use kleavor\n|c| p3elz|i beg\n|c|\u2606TheDark69420|??\n|c| p3elz|no its just\n|c| p3elz|i want to see what kleavor does\n|inactive|radioiamp2 has 30 seconds left.\n|c| p3elz|and theyre not bringing it\n|inactive|radioiamp2 has 20 seconds left.\n|c|\u2606TheDark69420|it stone axes and sets up rocks\n|inactive|radioiamp2 has 15 seconds left.\n|inactive|radioiamp2 has 10 seconds left.\n|c| p3elz|is this valid for doubles\n|inactive|radioiamp2 has 5 seconds left.\n|\n|t:|1776521753\n|teamsize|p1|4\n|teamsize|p2|4\n|start\n|switch|p1a: Sneasler|Sneasler, L50, M|100/100\n|switch|p1b: Farigiraf|Farigiraf, L50, F|100/100\n|switch|p2a: Garchomp|Garchomp, L50, M|100/100\n|switch|p2b: Rotom|Rotom-Wash, L50|100/100\n|turn|1\n|c|\u2606TheDark69420|I wouldnt use it in the current meta\n|c|\u2606TheDark69420|cuz of mega charizard y\n|c| p3elz|exactly\n|c| p3elz|thats why its an interesting choice\n|inactive|radioiamp2 has 30 seconds left.\n|\n|t:|1776521783\n|move|p1a: Sneasler|Protect|p1a: Sneasler\n|-singleturn|p1a: Sneasler|Protect\n|move|p2a: Garchomp|Earthquake|p1a: Sneasler|[spread] p1b\n|-activate|p1a: Sneasler|move: Protect\n|-immune|p2b: Rotom|[from] ability: Levitate\n|-damage|p1b: Farigiraf|62/100\n|move|p2b: Rotom|Hydro Pump|p1b: Farigiraf|[miss]\n|-miss|p2b: Rotom|p1b: Farigiraf\n|move|p1b: Farigiraf|Psychic|p2a: Garchomp\n|-damage|p2a: Garchomp|55/100\n|\n|upkeep\n|turn|2\n|c| p3elz|ouch\n|\n|t:|1776521802\n|switch|p1b: Venusaur|Venusaur, L50, M|100/100\n|move|p1a: Sneasler|Close Combat|p2a: Garchomp\n|-damage|p2a: Garchomp|0 fnt\n|-unboost|p1a: Sneasler|def|1\n|-unboost|p1a: Sneasler|spd|1\n|-damage|p1a: Sneasler|88/100|[from] ability: Rough Skin|[of] p2a: Garchomp\n|faint|p2a: Garchomp\n|move|p2b: Rotom|Hydro Pump|p1b: Venusaur\n|-resisted|p1b: Venusaur|1\n|-damage|p1b: Venusaur|74/100\n|\n|upkeep\n|c|\u2606TheDark69420|no trick room?!\n|c| p3elz|that will cost you millions\n|c| p3elz|this is a different kind of team\n|\n|t:|1776521826\n|switch|p2a: Aegislash|Aegislash, L50, F, shiny|100/100\n|turn|3\n|\n|t:|1776521837\n|switch|p1a: Farigiraf|Farigiraf, L50, F|62/100\n|detailschange|p1b: Venusaur|Venusaur-Mega, L50, M\n|-mega|p1b: Venusaur|Venusaur|Venusaurite\n|move|p2b: Rotom|Helping Hand|p2a: Aegislash\n|-singleturn|p2a: Aegislash|Helping Hand|[of] p2b: Rotom\n|move|p1b: Venusaur|Giga Drain|p2b: Rotom\n|-supereffective|p2b: Rotom|1\n|-damage|p2b: Rotom|19/100\n|-heal|p1b: Venusaur|100/100|[from] drain|[of] p2b: Rotom\n|-enditem|p2b: Rotom|Sitrus Berry|[eat]\n|-heal|p2b: Rotom|44/100|[from] item: Sitrus Berry\n|-formechange|p2a: Aegislash|Aegislash-Blade|\n|move|p2a: Aegislash|Poltergeist|p1b: Venusaur|[miss]\n|-miss|p2a: Aegislash|p1b: Venusaur\n|\n|upkeep\n|turn|4\n|c| p3elz|for you see, this guy is MEGA venusaur\n|c|\u2606TheDark69420|bro this might be\n|c| p3elz|oh\n|c|\u2606TheDark69420|the worst luck ive had\n|inactive|radioiamp2 has 30 seconds left.\n|inactive|TheDark69420 has 30 seconds left.\n|c| p3elz|this is not great\n|\n|t:|1776521865\n|-formechange|p2a: Aegislash|Aegislash|\n|move|p2a: Aegislash|King's Shield|p2a: Aegislash\n|-singleturn|p2a: Aegislash|Protect\n|move|p2b: Rotom|Thunderbolt|p1a: Farigiraf\n|-damage|p1a: Farigiraf|20/100\n|-enditem|p1a: Farigiraf|Sitrus Berry|[eat]\n|-heal|p1a: Farigiraf|45/100|[from] item: Sitrus Berry\n|move|p1b: Venusaur|Earth Power|p2a: Aegislash\n|-activate|p2a: Aegislash|move: Protect\n|move|p1a: Farigiraf|Psychic|p2b: Rotom\n|-damage|p2b: Rotom|0 fnt\n|faint|p2b: Rotom\n|\n|upkeep\n|c| p3elz|dont worry they probably wont hit the\n|\n|t:|1776521874\n|switch|p2b: Floette|Floette-Eternal, L50, F|100/100\n|turn|5\n|c| p3elz|oh thats\n|c| p3elz|interesting\n|inactive|radioiamp2 has 30 seconds left.\n|\n|t:|1776521904\n|detailschange|p2b: Floette|Floette-Mega, L50, F\n|-mega|p2b: Floette|Floette|Floettite\n|-ability|p2b: Floette|Fairy Aura\n|move|p2b: Floette|Dazzling Gleam|p1b: Venusaur|[spread] p1a,p1b\n|-resisted|p1b: Venusaur|1\n|-damage|p1a: Farigiraf|0 fnt\n|-damage|p1b: Venusaur|76/100\n|faint|p1a: Farigiraf\n|move|p1b: Venusaur|Sleep Powder|p2a: Aegislash\n|-status|p2a: Aegislash|slp|[from] move: Sleep Powder\n|cant|p2a: Aegislash|slp\n|\n|upkeep\n|c| p3elz|you ok\n|c| p3elz|please\n|\n|t:|1776521917\n|switch|p1a: Sneasler|Sneasler, L50, M|88/100\n|turn|6\n|c|\u2606TheDark69420|how the HELL\n|c| p3elz|tell me they brought kleavor\n|c|\u2606TheDark69420|does a 75% sleep powder hit\n|c|\u2606TheDark69420|this consistantly\n|inactive|TheDark69420 has 30 seconds left.\n|c| p3elz|dw bro i got hit with three consecutive sleep powders a few moments ago\n|inactive|TheDark69420 has 20 seconds left.\n|\n|t:|1776521955\n|move|p2b: Floette|Protect|p2b: Floette\n|-singleturn|p2b: Floette|Protect\n|move|p1a: Sneasler|Dire Claw|p2b: Floette\n|-activate|p2b: Floette|move: Protect\n|move|p1b: Venusaur|Earth Power|p2a: Aegislash\n|-supereffective|p2a: Aegislash|1\n|-damage|p2a: Aegislash|47/100 slp\n|-curestatus|p2a: Aegislash|slp|[msg]\n|-formechange|p2a: Aegislash|Aegislash-Blade|\n|move|p2a: Aegislash|Poltergeist|p1a: Sneasler\n|-activate|p1a: Sneasler|move: Poltergeist|Focus Sash\n|-damage|p1a: Sneasler|0 fnt\n|faint|p1a: Sneasler\n|\n|upkeep\n|c| p3elz|its not abnormal\n|\n|t:|1776521968\n|switch|p1a: Torkoal|Torkoal, L50, F|100/100\n|-weather|SunnyDay|[from] ability: Drought|[of] p1a: Torkoal\n|turn|7\n|c| p3elz|YES\n|c|\u2606TheDark69420|aegislash I love you\n|c| p3elz|AEGISLASH LOCKED IN...\n|c| p3elz|omg.\n|\n|t:|1776521980\n|move|p2a: Aegislash|Wide Guard|p2a: Aegislash\n|-singleturn|p2a: Aegislash|Wide Guard\n|move|p2b: Floette|Moonblast|p1b: Venusaur\n|-resisted|p1b: Venusaur|1\n|-damage|p1b: Venusaur|43/100\n|move|p1b: Venusaur|Sludge Bomb|p2b: Floette\n|-supereffective|p2b: Floette|1\n|-damage|p2b: Floette|20/100\n|move|p1a: Torkoal|Weather Ball|p2a: Aegislash\n|-supereffective|p2a: Aegislash|1\n|-damage|p2a: Aegislash|0 fnt\n|faint|p2a: Aegislash\n|\n|-weather|SunnyDay|[upkeep]\n|upkeep\n|turn|8\n|c| p3elz|no kleavor\n|c| p3elz|i hate this dude\n|\n|t:|1776522001\n|move|p2b: Floette|Dazzling Gleam|p1a: Torkoal|[spread] p1a,p1b\n|-resisted|p1a: Torkoal|1\n|-resisted|p1b: Venusaur|1\n|-damage|p1a: Torkoal|67/100\n|-damage|p1b: Venusaur|19/100\n|move|p1b: Venusaur|Sludge Bomb|p2b: Floette\n|-supereffective|p2b: Floette|1\n|-damage|p2b: Floette|0 fnt\n|faint|p2b: Floette\n|\n|win|radioiamp2\n|raw|radioiamp2's rating: 1319 &rarr; <strong>1341</strong><br />(+22 for winning)\n|raw|TheDark69420's rating: 1354 &rarr; <strong>1332</strong><br />(-22 for losing)\n|c|\u2606TheDark69420|damn\n|l|\u2606TheDark69420\n|player|p2|\n|c| p3elz|radio\n|c| p3elz|please\n|c| p3elz|send me the pokepaste for this team\n|c| p3elz|i need to know\n",
  "uploadtime": 1776522044,
  "views": 28,
  "formatid": "gen9championsvgc2026regma",
  "rating": 1332,
  "private": 0,
  "password": null
}