{
  "id": "gen9championsvgc2026regma-2588097340",
  "format": "[Gen 9 Champions] VGC 2026 Reg M-A",
  "players": [
    "slothmaster009",
    "MiscoDaSilva"
  ],
  "log": "|j|\u2606slothmaster009\n|j|\u2606MiscoDaSilva\n|t:|1776603944\n|gametype|doubles\n|player|p1|slothmaster009|170|1000\n|player|p2|MiscoDaSilva|101|1000\n|gen|9\n|tier|[Gen 9 Champions] VGC 2026 Reg M-A\n|rated|\n|rule|Species Clause: Limit one of each Pok\u00e9mon\n|rule|Item Clause: Limit 1 of each item\n|clearpoke\n|poke|p1|Tyranitar, L50, F|\n|poke|p1|Reuniclus, L50, F|\n|poke|p1|Hatterene, L50, F|\n|poke|p1|Diggersby, L50, M|\n|poke|p1|Arcanine, L50, M|\n|poke|p1|Dragonite, L50, F|\n|poke|p2|Aggron, L50, M|\n|poke|p2|Sneasler, L50, F|\n|poke|p2|Incineroar, L50, M|\n|poke|p2|Sinistcha-Masterpiece, L50|\n|poke|p2|Dragapult, L50, F|\n|poke|p2|Aerodactyl, L50, M|\n|teampreview|4\n|\n|t:|1776603977\n|teamsize|p1|4\n|teamsize|p2|4\n|start\n|switch|p1a: Tyranitar|Tyranitar, L50, F|100/100\n|switch|p1b: Reuniclus|Reuniclus, L50, F|100/100\n|switch|p2a: Aggron|Aggron, L50, M|100/100\n|switch|p2b: Dragapult|Dragapult, L50, F|100/100\n|-weather|Sandstorm|[from] ability: Sand Stream|[of] p1a: Tyranitar\n|turn|1\n|\n|t:|1776603995\n|detailschange|p2a: Aggron|Aggron-Mega, L50, M\n|-mega|p2a: Aggron|Aggron|Aggronite\n|move|p2b: Dragapult|Will-O-Wisp|p1a: Tyranitar|[miss]\n|-miss|p2b: Dragapult|p1a: Tyranitar\n|move|p1a: Tyranitar|Knock Off|p2b: Dragapult\n|-supereffective|p2b: Dragapult|1\n|-damage|p2b: Dragapult|0 fnt\n|-enditem|p2b: Dragapult|Dragon Fang|[from] move: Knock Off|[of] p1a: Tyranitar\n|faint|p2b: Dragapult\n|move|p2a: Aggron|Iron Defense|p2a: Aggron\n|-boost|p2a: Aggron|def|2\n|move|p1b: Reuniclus|Focus Blast|p2a: Aggron\n|-supereffective|p2a: Aggron|1\n|-damage|p2a: Aggron|50/100\n|\n|-weather|Sandstorm|[upkeep]\n|upkeep\n|\n|t:|1776604021\n|switch|p2b: Incineroar|Incineroar, L50, M|100/100\n|-ability|p2b: Incineroar|Intimidate|boost\n|-unboost|p1a: Tyranitar|atk|1\n|-unboost|p1b: Reuniclus|atk|1\n|turn|2\n|\n|t:|1776604043\n|move|p2b: Incineroar|Fake Out|p1b: Reuniclus\n|-damage|p1b: Reuniclus|91/100\n|move|p1a: Tyranitar|Earthquake|p2a: Aggron|[spread] p1b,p2a,p2b\n|-supereffective|p2a: Aggron|1\n|-crit|p2a: Aggron\n|-supereffective|p2b: Incineroar|1\n|-damage|p1b: Reuniclus|75/100\n|-damage|p2a: Aggron|21/100\n|-damage|p2b: Incineroar|66/100\n|move|p2a: Aggron|Body Press|p1a: Tyranitar\n|-supereffective|p1a: Tyranitar|2\n|-enditem|p1a: Tyranitar|Focus Sash\n|-damage|p1a: Tyranitar|1/100\n|cant|p1b: Reuniclus|flinch\n|\n|-weather|Sandstorm|[upkeep]\n|-damage|p2b: Incineroar|60/100|[from] Sandstorm\n|upkeep\n|turn|3\n|\n|t:|1776604067\n|move|p2a: Aggron|Protect|p2a: Aggron\n|-singleturn|p2a: Aggron|Protect\n|move|p1a: Tyranitar|Rock Slide|p2b: Incineroar|[spread] p2b\n|-activate|p2a: Aggron|move: Protect\n|-supereffective|p2b: Incineroar|1\n|-damage|p2b: Incineroar|21/100\n|move|p2b: Incineroar|Parting Shot|p1b: Reuniclus\n|-unboost|p1b: Reuniclus|atk|1\n|-unboost|p1b: Reuniclus|spa|1\n|\n|t:|1776604076\n|switch|p2b: Sinistcha|Sinistcha-Masterpiece, L50|100/100|[from] Parting Shot\n|-heal|p2a: Aggron|46/100|[from] ability: Hospitality|[of] p2b: Sinistcha\n|move|p1b: Reuniclus|Focus Blast|p2a: Aggron\n|-activate|p2a: Aggron|move: Protect\n|\n|-weather|Sandstorm|[upkeep]\n|-damage|p2b: Sinistcha|94/100|[from] Sandstorm\n|upkeep\n|turn|4\n|inactive|Battle timer is ON: inactive players will automatically lose when time's up. (requested by slothmaster009)\n|\n|t:|1776604116\n|move|p2b: Sinistcha|Rage Powder|p2b: Sinistcha\n|-singleturn|p2b: Sinistcha|move: Rage Powder\n|move|p1a: Tyranitar|Rock Slide|p2b: Sinistcha|[spread] p2a,p2b\n|-resisted|p2a: Aggron|1\n|-damage|p2a: Aggron|43/100\n|-damage|p2b: Sinistcha|76/100\n|cant|p2a: Aggron|flinch\n|move|p1b: Reuniclus|Shadow Ball|p2b: Sinistcha\n|-supereffective|p2b: Sinistcha|1\n|-damage|p2b: Sinistcha|44/100\n|-enditem|p2b: Sinistcha|Sitrus Berry|[eat]\n|-heal|p2b: Sinistcha|69/100|[from] item: Sitrus Berry\n|\n|-weather|Sandstorm|[upkeep]\n|-damage|p2b: Sinistcha|63/100|[from] Sandstorm\n|upkeep\n|turn|5\n|\n|t:|1776604140\n|move|p2b: Sinistcha|Rage Powder|p2b: Sinistcha\n|-singleturn|p2b: Sinistcha|move: Rage Powder\n|move|p1a: Tyranitar|Knock Off|p2b: Sinistcha\n|-supereffective|p2b: Sinistcha|1\n|-damage|p2b: Sinistcha|22/100\n|move|p2a: Aggron|Iron Head|p1a: Tyranitar\n|-supereffective|p1a: Tyranitar|1\n|-crit|p1a: Tyranitar\n|-damage|p1a: Tyranitar|0 fnt\n|faint|p1a: Tyranitar\n|move|p1b: Reuniclus|Focus Blast|p2b: Sinistcha\n|-immune|p2b: Sinistcha\n|\n|-weather|none\n|upkeep\n|inactive|slothmaster009 has 30 seconds left.\n|\n|t:|1776604173\n|switch|p1a: Arcanine|Arcanine, L50, M|100/100\n|-ability|p1a: Arcanine|Intimidate|boost\n|-unboost|p2a: Aggron|atk|1\n|-unboost|p2b: Sinistcha|atk|1\n|turn|6\n|\n|t:|1776604184\n|switch|p2b: Incineroar|Incineroar, L50, M|21/100\n|-ability|p2b: Incineroar|Intimidate|boost\n|-unboost|p1a: Arcanine|atk|1\n|-unboost|p1b: Reuniclus|atk|1\n|move|p2a: Aggron|Protect|p2a: Aggron\n|-singleturn|p2a: Aggron|Protect\n|move|p1a: Arcanine|Flare Blitz|p2a: Aggron\n|-activate|p2a: Aggron|move: Protect\n|move|p1b: Reuniclus|Shadow Ball|p2b: Incineroar\n|-resisted|p2b: Incineroar|1\n|-damage|p2b: Incineroar|15/100\n|\n|upkeep\n|turn|7\n|\n|t:|1776604203\n|move|p2b: Incineroar|Fake Out|p1b: Reuniclus\n|-damage|p1b: Reuniclus|66/100\n|move|p1a: Arcanine|Flare Blitz|p2b: Incineroar\n|-resisted|p2b: Incineroar|1\n|-damage|p2b: Incineroar|0 fnt\n|faint|p2b: Incineroar\n|-damage|p1a: Arcanine|95/100|[from] Recoil\n|move|p2a: Aggron|Body Press|p1a: Arcanine\n|-damage|p1a: Arcanine|2/100\n|cant|p1b: Reuniclus|flinch\n|\n|upkeep\n|\n|t:|1776604214\n|switch|p2b: Sinistcha|Sinistcha-Masterpiece, L50|22/100\n|-heal|p2a: Aggron|68/100|[from] ability: Hospitality|[of] p2b: Sinistcha\n|turn|8\n|\n|t:|1776604236\n|move|p2b: Sinistcha|Rage Powder|p2b: Sinistcha\n|-singleturn|p2b: Sinistcha|move: Rage Powder\n|move|p1a: Arcanine|Flare Blitz|p2b: Sinistcha\n|-supereffective|p2b: Sinistcha|1\n|-damage|p2b: Sinistcha|0 fnt\n|faint|p2b: Sinistcha\n|-damage|p1a: Arcanine|0 fnt|[from] Recoil\n|faint|p1a: Arcanine\n|move|p2a: Aggron|Iron Head|p1b: Reuniclus\n|-damage|p1b: Reuniclus|42/100\n|-enditem|p1b: Reuniclus|Sitrus Berry|[eat]\n|-heal|p1b: Reuniclus|67/100|[from] item: Sitrus Berry\n|cant|p1b: Reuniclus|flinch\n|\n|upkeep\n|\n|t:|1776604251\n|switch|p1a: Dragonite|Dragonite, L50, F|100/100\n|turn|9\n|\n|t:|1776604267\n|detailschange|p1a: Dragonite|Dragonite-Mega, L50, F\n|-mega|p1a: Dragonite|Dragonite|Dragoninite\n|move|p1a: Dragonite|Chilling Water|p2a: Aggron\n|-damage|p2a: Aggron|51/100\n|-unboost|p2a: Aggron|atk|1\n|move|p2a: Aggron|Iron Head|p1b: Reuniclus\n|-damage|p1b: Reuniclus|50/100\n|move|p1b: Reuniclus|Focus Blast|p2a: Aggron\n|-supereffective|p2a: Aggron|1\n|-damage|p2a: Aggron|21/100\n|\n|upkeep\n|turn|10\n|\n|t:|1776604285\n|move|p1a: Dragonite|Chilling Water|p2a: Aggron\n|-damage|p2a: Aggron|6/100\n|-unboost|p2a: Aggron|atk|1\n|move|p2a: Aggron|Body Press|p1a: Dragonite\n|-resisted|p1a: Dragonite|1\n|-damage|p1a: Dragonite|84/100\n|move|p1b: Reuniclus|Focus Blast|p2a: Aggron|[miss]\n|-miss|p1b: Reuniclus|p2a: Aggron\n|\n|upkeep\n|turn|11\n|-message|MiscoDaSilva forfeited.\n|\n|win|slothmaster009\n|raw|slothmaster009's rating: 1000 &rarr; <strong>1040</strong><br />(+40 for winning)\n|raw|MiscoDaSilva's rating: 1000 &rarr; <strong>1000</strong><br />(+0 for losing)\n|l|\u2606MiscoDaSilva\n|player|p2|\n",
  "uploadtime": 1776604303,
  "views": 10,
  "formatid": "gen9championsvgc2026regma",
  "rating": 1000,
  "private": 0,
  "password": null
}