{
  "id": "gen9championsvgc2026regma-2587409197",
  "format": "[Gen 9 Champions] VGC 2026 Reg M-A",
  "players": [
    "Superrodvgc",
    "uocjcobo"
  ],
  "log": "|j|\u2606Superrodvgc\n|j|\u2606uocjcobo\n|t:|1776529406\n|gametype|doubles\n|player|p1|Superrodvgc|169|1336\n|player|p2|uocjcobo|rosa-masters|1326\n|gen|9\n|tier|[Gen 9 Champions] VGC 2026 Reg M-A\n|rated|\n|rule|Species Clause: Limit one of each Pok\u00e9mon\n|rule|Item Clause: Limit 1 of each item\n|clearpoke\n|poke|p1|Aerodactyl, L50, M|\n|poke|p1|Garchomp, L50, M|\n|poke|p1|Incineroar, L50, M|\n|poke|p1|Sinistcha, L50|\n|poke|p1|Floette-Eternal, L50, F|\n|poke|p1|Rotom-Wash, L50|\n|poke|p2|Floette-Eternal, L50, F|\n|poke|p2|Aerodactyl, L50, M|\n|poke|p2|Incineroar, L50, M|\n|poke|p2|Kingambit, L50, F|\n|poke|p2|Sinistcha, L50|\n|poke|p2|Sneasler, L50, F|\n|teampreview|4\n|inactive|Battle timer is ON: inactive players will automatically lose when time's up. (requested by uocjcobo)\n|inactive|Superrodvgc has 60 seconds left.\n|inactive|uocjcobo has 60 seconds left.\n|inactive|Superrodvgc has 30 seconds left.\n|inactive|Superrodvgc has 20 seconds left.\n|\n|t:|1776529480\n|teamsize|p1|4\n|teamsize|p2|4\n|start\n|switch|p1a: Garchomp|Garchomp, L50, M|100/100\n|switch|p1b: Rotom|Rotom-Wash, L50|100/100\n|switch|p2a: Floette|Floette-Eternal, L50, F|100/100\n|switch|p2b: Kingambit|Kingambit, L50, F|100/100\n|turn|1\n|\n|t:|1776529496\n|switch|p2b: Aerodactyl|Aerodactyl, L50, M|100/100\n|-ability|p2b: Aerodactyl|Unnerve\n|move|p2a: Floette|Protect|p2a: Floette\n|-singleturn|p2a: Floette|Protect\n|move|p1b: Rotom|Will-O-Wisp|p2b: Aerodactyl\n|-status|p2b: Aerodactyl|brn\n|move|p1a: Garchomp|Earthquake|p2a: Floette|[spread] \n|-activate|p2a: Floette|move: Protect\n|-immune|p1b: Rotom|[from] ability: Levitate\n|-immune|p2b: Aerodactyl\n|\n|-damage|p2b: Aerodactyl|95/100 brn|[from] brn\n|upkeep\n|turn|2\n|inactive|Superrodvgc has 30 seconds left.\n|inactive|uocjcobo has 30 seconds left.\n|\n|t:|1776529525\n|switch|p1b: Aerodactyl|Aerodactyl, L50, M|100/100\n|-ability|p1b: Aerodactyl|Unnerve\n|detailschange|p2a: Floette|Floette-Mega, L50, F\n|-mega|p2a: Floette|Floette|Floettite\n|-ability|p2a: Floette|Fairy Aura\n|move|p1a: Garchomp|Protect|p1a: Garchomp\n|-singleturn|p1a: Garchomp|Protect\n|move|p2b: Aerodactyl|Tailwind|p2b: Aerodactyl\n|-sidestart|p2: uocjcobo|move: Tailwind\n|move|p2a: Floette|Dazzling Gleam|p1b: Aerodactyl|[spread] p1b\n|-activate|p1a: Garchomp|move: Protect\n|-damage|p1b: Aerodactyl|37/100\n|\n|-damage|p2b: Aerodactyl|89/100 brn|[from] brn\n|upkeep\n|turn|3\n|inactive|Superrodvgc has 30 seconds left.\n|inactive|Superrodvgc has 20 seconds left.\n|inactive|Superrodvgc has 15 seconds left.\n|\n|t:|1776529567\n|move|p2b: Aerodactyl|Rock Slide|p1b: Aerodactyl|[spread] p1a,p1b\n|-resisted|p1a: Garchomp|1\n|-supereffective|p1b: Aerodactyl|1\n|-damage|p1a: Garchomp|95/100\n|-damage|p1b: Aerodactyl|0 fnt\n|faint|p1b: Aerodactyl\n|move|p2a: Floette|Dazzling Gleam|p1a: Garchomp\n|-supereffective|p1a: Garchomp|1\n|-damage|p1a: Garchomp|0 fnt\n|faint|p1a: Garchomp\n|\n|-damage|p2b: Aerodactyl|83/100 brn|[from] brn\n|upkeep\n|\n|t:|1776529580\n|switch|p1b: Rotom|Rotom-Wash, L50|100/100\n|switch|p1a: Floette|Floette-Eternal, L50, F|100/100\n|turn|4\n|\n|t:|1776529587\n|detailschange|p1a: Floette|Floette-Mega, L50, F\n|-mega|p1a: Floette|Floette|Floettite\n|-ability|p1a: Floette|Fairy Aura\n|move|p2b: Aerodactyl|Rock Slide|p1b: Rotom|[spread] p1a,p1b\n|-damage|p1a: Floette|87/100\n|-damage|p1b: Rotom|86/100\n|move|p2a: Floette|Dazzling Gleam|p1b: Rotom|[spread] p1a,p1b\n|-damage|p1a: Floette|54/100\n|-damage|p1b: Rotom|34/100\n|move|p1b: Rotom|Electroweb|p2a: Floette|[spread] p2a,p2b\n|-supereffective|p2b: Aerodactyl|1\n|-damage|p2a: Floette|89/100\n|-damage|p2b: Aerodactyl|37/100 brn\n|-unboost|p2a: Floette|spe|1\n|-unboost|p2b: Aerodactyl|spe|1\n|move|p1a: Floette|Calm Mind|p1a: Floette\n|-boost|p1a: Floette|spa|1\n|-boost|p1a: Floette|spd|1\n|\n|-damage|p2b: Aerodactyl|32/100 brn|[from] brn\n|upkeep\n|turn|5\n|inactive|Superrodvgc has 30 seconds left.\n|\n|t:|1776529615\n|switch|p2b: Kingambit|Kingambit, L50, F|100/100\n|move|p1b: Rotom|Electroweb|p2b: Kingambit|[spread] p2a,p2b\n|-damage|p2a: Floette|77/100\n|-damage|p2b: Kingambit|83/100\n|-unboost|p2a: Floette|spe|1\n|-unboost|p2b: Kingambit|spe|1\n|-ability|p2b: Kingambit|Defiant|boost\n|-boost|p2b: Kingambit|atk|2\n|move|p2a: Floette|Calm Mind|p2a: Floette\n|-boost|p2a: Floette|spa|1\n|-boost|p2a: Floette|spd|1\n|move|p1a: Floette|Moonblast|p2a: Floette\n|-damage|p2a: Floette|23/100\n|\n|-sideend|p2: uocjcobo|move: Tailwind\n|upkeep\n|turn|6\n|\n|t:|1776529640\n|move|p2a: Floette|Protect|p2a: Floette\n|-singleturn|p2a: Floette|Protect\n|move|p2b: Kingambit|Sucker Punch|p1b: Rotom\n|-damage|p1b: Rotom|0 fnt\n|faint|p1b: Rotom\n|move|p1a: Floette|Moonblast|p2b: Kingambit\n|-damage|p2b: Kingambit|0 fnt\n|faint|p2b: Kingambit\n|\n|upkeep\n|\n|t:|1776529644\n|switch|p2b: Aerodactyl|Aerodactyl, L50, M|32/100 brn\n|-ability|p2b: Aerodactyl|Unnerve\n|turn|7\n|\n|t:|1776529656\n|move|p2b: Aerodactyl|Tailwind|p2b: Aerodactyl\n|-sidestart|p2: uocjcobo|move: Tailwind\n|move|p1a: Floette|Dazzling Gleam|p2b: Aerodactyl|[spread] p2a,p2b\n|-damage|p2a: Floette|0 fnt\n|-damage|p2b: Aerodactyl|0 fnt\n|faint|p2a: Floette\n|faint|p2b: Aerodactyl\n|\n|upkeep\n|\n|t:|1776529660\n|switch|p2b: Sinistcha|Sinistcha, L50|100/100\n|turn|8\n|\n|t:|1776529667\n|move|p2b: Sinistcha|Matcha Gotcha|p1a: Floette\n|-damage|p1a: Floette|37/100\n|move|p1a: Floette|Moonblast|p2b: Sinistcha\n|-damage|p2b: Sinistcha|0 fnt\n|faint|p2b: Sinistcha\n|\n|win|Superrodvgc\n|raw|Superrodvgc's rating: 1336 &rarr; <strong>1355</strong><br />(+19 for winning)\n|raw|uocjcobo's rating: 1326 &rarr; <strong>1307</strong><br />(-19 for losing)\n",
  "uploadtime": 1776529668,
  "views": 21,
  "formatid": "gen9championsvgc2026regma",
  "rating": 1307,
  "private": 0,
  "password": null
}