{
  "id": "gen9championsvgc2026regma-2588055951",
  "format": "[Gen 9 Champions] VGC 2026 Reg M-A",
  "players": [
    "Pumpingpriest",
    "bluejayx2"
  ],
  "log": "|j|\u2606Pumpingpriest\n|j|\u203dbluejayx2\n|t:|1776598891\n|gametype|doubles\n|player|p1|Pumpingpriest|101|1249\n|player|p2|bluejayx2|marley|1156\n|gen|9\n|tier|[Gen 9 Champions] VGC 2026 Reg M-A\n|rated|\n|rule|Species Clause: Limit one of each Pok\u00e9mon\n|rule|Item Clause: Limit 1 of each item\n|clearpoke\n|poke|p1|Blastoise, L50, M|\n|poke|p1|Sinistcha, L50|\n|poke|p1|Pelipper, L50, F|\n|poke|p1|Kingambit, L50, F|\n|poke|p1|Incineroar, L50, M, shiny|\n|poke|p1|Sneasler, L50, M|\n|poke|p2|Pinsir, L50, F, shiny|\n|poke|p2|Clefable, L50, F, shiny|\n|poke|p2|Absol, L50, F, shiny|\n|poke|p2|Charizard, L50, F, shiny|\n|poke|p2|Politoed, L50, M|\n|poke|p2|Sableye, L50, F, shiny|\n|teampreview|4\n|inactive|Battle timer is ON: inactive players will automatically lose when time's up. (requested by bluejayx2)\n|j| Flipswap07\n|l| Flipswap07\n|inactive|Pumpingpriest has 60 seconds left.\n|\n|t:|1776598928\n|teamsize|p1|4\n|teamsize|p2|4\n|start\n|switch|p1a: Sneasler|Sneasler, L50, M|100/100\n|switch|p1b: Blastoise|Blastoise, L50, M|100/100\n|switch|p2a: Charizard|Charizard, L50, F, shiny|100/100\n|switch|p2b: Sableye|Sableye, L50, F, shiny|100/100\n|turn|1\n|inactive|bluejayx2 has 30 seconds left.\n|inactive|bluejayx2 has 20 seconds left.\n|\n|t:|1776598966\n|detailschange|p1b: Blastoise|Blastoise-Mega, L50, M\n|-mega|p1b: Blastoise|Blastoise|Blastoisinite\n|move|p1a: Sneasler|Fake Out|p2a: Charizard\n|-damage|p2a: Charizard|80/100\n|-status|p2a: Charizard|psn|[from] ability: Poison Touch|[of] p1a: Sneasler\n|move|p2b: Sableye|Fake Out|p1b: Blastoise\n|-damage|p1b: Blastoise|93/100\n|cant|p2a: Charizard|flinch\n|cant|p1b: Blastoise|flinch\n|\n|-damage|p2a: Charizard|68/100 psn|[from] psn\n|upkeep\n|turn|2\n|inactive|Pumpingpriest has 30 seconds left.\n|inactive|Pumpingpriest has 20 seconds left.\n|inactive|Pumpingpriest has 15 seconds left.\n|inactive|Pumpingpriest has 10 seconds left.\n|\n|t:|1776599015\n|move|p1b: Blastoise|Protect|p1b: Blastoise\n|-singleturn|p1b: Blastoise|Protect\n|move|p2b: Sableye|Sunny Day|p2b: Sableye\n|-weather|SunnyDay\n|move|p2a: Charizard|Solar Beam||[still]\n|-prepare|p2a: Charizard|Solar Beam\n|-anim|p2a: Charizard|Solar Beam|p1b: Blastoise\n|-activate|p1b: Blastoise|move: Protect\n|move|p1a: Sneasler|U-turn|p2a: Charizard\n|-resisted|p2a: Charizard|2\n|-damage|p2a: Charizard|59/100 psn\n|\n|t:|1776599037\n|switch|p1a: Sinistcha|Sinistcha, L50|100/100|[from] U-turn\n|-heal|p1b: Blastoise|100/100|[from] ability: Hospitality|[of] p1a: Sinistcha\n|\n|-weather|SunnyDay|[upkeep]\n|-damage|p2a: Charizard|46/100 psn|[from] ability: Solar Power|[of] p2a: Charizard\n|-damage|p2a: Charizard|34/100 psn|[from] psn\n|upkeep\n|turn|3\n|\n|t:|1776599050\n|switch|p2a: Absol|Absol, L50, F, shiny|100/100\n|move|p1a: Sinistcha|Rage Powder|p1a: Sinistcha\n|-singleturn|p1a: Sinistcha|move: Rage Powder\n|move|p2b: Sableye|Encore|p1a: Sinistcha\n|-start|p1a: Sinistcha|Encore\n|move|p1b: Blastoise|Shell Smash|p1b: Blastoise\n|-unboost|p1b: Blastoise|def|1\n|-unboost|p1b: Blastoise|spd|1\n|-boost|p1b: Blastoise|atk|2\n|-boost|p1b: Blastoise|spa|2\n|-boost|p1b: Blastoise|spe|2\n|\n|-weather|SunnyDay|[upkeep]\n|upkeep\n|turn|4\n|\n|t:|1776599070\n|switch|p1a: Pelipper|Pelipper, L50, F|100/100\n|-weather|RainDance|[from] ability: Drizzle|[of] p1a: Pelipper\n|move|p1b: Blastoise|Protect|p1b: Blastoise\n|-singleturn|p1b: Blastoise|Protect\n|move|p2a: Absol|Night Slash|p1a: Pelipper\n|-crit|p1a: Pelipper\n|-damage|p1a: Pelipper|53/100\n|move|p2b: Sableye|Foul Play|p1b: Blastoise\n|-activate|p1b: Blastoise|move: Protect\n|\n|-weather|RainDance|[upkeep]\n|upkeep\n|turn|5\n|\n|t:|1776599092\n|switch|p1a: Sinistcha|Sinistcha, L50|100/100\n|move|p2b: Sableye|Encore|p1b: Blastoise\n|-start|p1b: Blastoise|Encore\n|move|p1b: Blastoise|Protect||[still]\n|-fail|p1b: Blastoise\n|move|p2a: Absol|Night Slash|p1a: Sinistcha\n|-supereffective|p1a: Sinistcha|1\n|-damage|p1a: Sinistcha|45/100\n|\n|-weather|RainDance|[upkeep]\n|-heal|p1a: Sinistcha|52/100|[from] item: Leftovers\n|upkeep\n|turn|6\n|\n|t:|1776599113\n|switch|p1a: Sneasler|Sneasler, L50, M|100/100\n|move|p1b: Blastoise|Protect|p1b: Blastoise\n|-singleturn|p1b: Blastoise|Protect\n|move|p2b: Sableye|Sunny Day|p2b: Sableye\n|-weather|SunnyDay\n|move|p2a: Absol|Night Slash|p1a: Sneasler\n|-resisted|p1a: Sneasler|1\n|-crit|p1a: Sneasler\n|-damage|p1a: Sneasler|52/100\n|\n|-weather|SunnyDay|[upkeep]\n|upkeep\n|turn|7\n|\n|t:|1776599131\n|switch|p2a: Charizard|Charizard, L50, F, shiny|34/100 psn\n|move|p1b: Blastoise|Protect|p1b: Blastoise\n|-singleturn|p1b: Blastoise|Protect\n|move|p2b: Sableye|Encore||[still]\n|-fail|p2b: Sableye\n|move|p1a: Sneasler|Dire Claw|p2b: Sableye\n|-resisted|p2b: Sableye|1\n|-damage|p2b: Sableye|69/100\n|\n|-weather|SunnyDay|[upkeep]\n|-damage|p2a: Charizard|22/100 psn|[from] ability: Solar Power|[of] p2a: Charizard\n|-damage|p2a: Charizard|10/100 psn|[from] psn\n|-end|p1b: Blastoise|Encore\n|upkeep\n|turn|8\n|\n|t:|1776599152\n|move|p2b: Sableye|Encore|p1b: Blastoise\n|-start|p1b: Blastoise|Encore\n|move|p1b: Blastoise|Protect||[still]\n|-fail|p1b: Blastoise\n|move|p2a: Charizard|Solar Beam||[still]\n|-prepare|p2a: Charizard|Solar Beam\n|-anim|p2a: Charizard|Solar Beam|p1b: Blastoise\n|-supereffective|p1b: Blastoise|1\n|-damage|p1b: Blastoise|0 fnt\n|faint|p1b: Blastoise\n|move|p1a: Sneasler|Dire Claw|p2a: Charizard\n|-damage|p2a: Charizard|0 fnt\n|faint|p2a: Charizard\n|\n|-weather|SunnyDay|[upkeep]\n|upkeep\n|inactive|bluejayx2 has 30 seconds left.\n|inactive|bluejayx2 has 20 seconds left.\n|inactive|bluejayx2 has 15 seconds left.\n|\n|t:|1776599193\n|switch|p2a: Pinsir|Pinsir, L50, F, shiny|100/100\n|switch|p1b: Pelipper|Pelipper, L50, F|53/100\n|-weather|RainDance|[from] ability: Drizzle|[of] p1b: Pelipper\n|turn|9\n|\n|t:|1776599211\n|detailschange|p2a: Pinsir|Pinsir-Mega, L50, F, shiny\n|-mega|p2a: Pinsir|Pinsir|Pinsirite\n|move|p2a: Pinsir|Quick Attack|p1a: Sneasler\n|-supereffective|p1a: Sneasler|1\n|-damage|p1a: Sneasler|0 fnt\n|faint|p1a: Sneasler\n|move|p2b: Sableye|Sunny Day|p2b: Sableye\n|-weather|SunnyDay\n|move|p1b: Pelipper|Hurricane|p2a: Pinsir\n|-supereffective|p2a: Pinsir|1\n|-damage|p2a: Pinsir|8/100\n|\n|-weather|SunnyDay|[upkeep]\n|upkeep\n|\n|t:|1776599223\n|switch|p1a: Sinistcha|Sinistcha, L50|52/100\n|-heal|p1b: Pelipper|78/100|[from] ability: Hospitality|[of] p1a: Sinistcha\n|turn|10\n|inactive|bluejayx2 has 30 seconds left.\n|-activate|p1b: Pelipper|item: Quick Claw\n|\n|t:|1776599249\n|move|p1a: Sinistcha|Protect|p1a: Sinistcha\n|-singleturn|p1a: Sinistcha|Protect\n|move|p2a: Pinsir|Quick Attack|p1a: Sinistcha\n|-activate|p1a: Sinistcha|move: Protect\n|move|p1b: Pelipper|Hurricane|p2a: Pinsir\n|-supereffective|p2a: Pinsir|1\n|-damage|p2a: Pinsir|0 fnt\n|faint|p2a: Pinsir\n|move|p2b: Sableye|Foul Play|p1b: Pelipper\n|-damage|p1b: Pelipper|65/100\n|\n|-weather|SunnyDay|[upkeep]\n|-heal|p1a: Sinistcha|58/100|[from] item: Leftovers\n|upkeep\n|\n|t:|1776599254\n|switch|p2a: Absol|Absol, L50, F, shiny|100/100\n|turn|11\n|inactive|Pumpingpriest has 30 seconds left.\n|\n|t:|1776599280\n|move|p2b: Sableye|Encore|p1a: Sinistcha\n|-start|p1a: Sinistcha|Encore\n|move|p1a: Sinistcha|Protect||[still]\n|-fail|p1a: Sinistcha\n|move|p2a: Absol|Night Slash|p1b: Pelipper\n|-damage|p1b: Pelipper|33/100\n|move|p1b: Pelipper|U-turn|p2a: Absol\n|-supereffective|p2a: Absol|1\n|-damage|p2a: Absol|68/100\n|\n|-weather|SunnyDay|[upkeep]\n|-heal|p1a: Sinistcha|64/100|[from] item: Leftovers\n|upkeep\n|turn|12\n|\n|t:|1776599302\n|move|p1a: Sinistcha|Protect|p1a: Sinistcha\n|-singleturn|p1a: Sinistcha|Protect\n|move|p2b: Sableye|Encore|p1b: Pelipper\n|-start|p1b: Pelipper|Encore\n|move|p2a: Absol|Night Slash|p1b: Pelipper\n|-crit|p1b: Pelipper\n|-damage|p1b: Pelipper|0 fnt\n|faint|p1b: Pelipper\n|\n|-weather|SunnyDay|[upkeep]\n|-heal|p1a: Sinistcha|70/100|[from] item: Leftovers\n|upkeep\n|turn|13\n|\n|t:|1776599316\n|move|p1a: Sinistcha|Protect|p1a: Sinistcha\n|-singleturn|p1a: Sinistcha|Protect\n|move|p2a: Absol|Night Slash|p1a: Sinistcha\n|-activate|p1a: Sinistcha|move: Protect\n|move|p2b: Sableye|Foul Play|p1a: Sinistcha\n|-activate|p1a: Sinistcha|move: Protect\n|\n|-weather|none\n|-heal|p1a: Sinistcha|76/100|[from] item: Leftovers\n|-end|p1a: Sinistcha|Encore\n|upkeep\n|turn|14\n|\n|t:|1776599331\n|move|p2b: Sableye|Encore|p1a: Sinistcha\n|-start|p1a: Sinistcha|Encore\n|move|p1a: Sinistcha|Protect||[still]\n|-fail|p1a: Sinistcha\n|move|p2a: Absol|Night Slash|p1a: Sinistcha\n|-supereffective|p1a: Sinistcha|1\n|-damage|p1a: Sinistcha|25/100\n|\n|-heal|p1a: Sinistcha|31/100|[from] item: Leftovers\n|upkeep\n|turn|15\n|\n|t:|1776599345\n|move|p1a: Sinistcha|Protect|p1a: Sinistcha\n|-singleturn|p1a: Sinistcha|Protect\n|move|p2a: Absol|Night Slash|p1a: Sinistcha\n|-activate|p1a: Sinistcha|move: Protect\n|move|p2b: Sableye|Foul Play|p1a: Sinistcha\n|-activate|p1a: Sinistcha|move: Protect\n|\n|-heal|p1a: Sinistcha|37/100|[from] item: Leftovers\n|upkeep\n|turn|16\n|\n|t:|1776599350\n|move|p1a: Sinistcha|Protect|p1a: Sinistcha\n|-singleturn|p1a: Sinistcha|Protect\n|move|p2a: Absol|Night Slash|p1a: Sinistcha\n|-activate|p1a: Sinistcha|move: Protect\n|move|p2b: Sableye|Foul Play|p1a: Sinistcha\n|-activate|p1a: Sinistcha|move: Protect\n|\n|-heal|p1a: Sinistcha|43/100|[from] item: Leftovers\n|-end|p1a: Sinistcha|Encore\n|upkeep\n|turn|17\n|\n|t:|1776599354\n|move|p1a: Sinistcha|Protect||[still]\n|-fail|p1a: Sinistcha\n|move|p2a: Absol|Night Slash|p1a: Sinistcha\n|-supereffective|p1a: Sinistcha|1\n|-damage|p1a: Sinistcha|0 fnt\n|faint|p1a: Sinistcha\n|\n|win|bluejayx2\n|raw|Pumpingpriest's rating: 1249 &rarr; <strong>1217</strong><br />(-32 for losing)\n|raw|bluejayx2's rating: 1156 &rarr; <strong>1188</strong><br />(+32 for winning)\n",
  "uploadtime": 1776599393,
  "views": 14,
  "formatid": "gen9championsvgc2026regma",
  "rating": 1188,
  "private": 0,
  "password": null
}