{
  "id": "gen9championsvgc2026regma-2588702971",
  "format": "[Gen 9 Champions] VGC 2026 Reg M-A",
  "players": [
    "chelomon",
    "acor1000"
  ],
  "log": "|j|\u2606chelomon\n|j|\u2606acor1000\n|t:|1776659617\n|gametype|doubles\n|player|p1|chelomon|1|1150\n|player|p2|acor1000|lance|1245\n|gen|9\n|tier|[Gen 9 Champions] VGC 2026 Reg M-A\n|rated|\n|rule|Species Clause: Limit one of each Pok\u00e9mon\n|rule|Item Clause: Limit 1 of each item\n|clearpoke\n|poke|p1|Dragonite, L50, F|\n|poke|p1|Pelipper, L50, F|\n|poke|p1|Araquanid, L50, F|\n|poke|p1|Scizor, L50, M|\n|poke|p1|Raichu, L50, M|\n|poke|p1|Sinistcha, L50|\n|poke|p2|Samurott-Hisui, L50, M|\n|poke|p2|Aegislash, L50, M|\n|poke|p2|Rotom-Heat, L50|\n|poke|p2|Whimsicott, L50, F|\n|poke|p2|Lopunny, L50, M|\n|poke|p2|Zoroark-Hisui, L50, M|\n|teampreview|4\n|inactive|Battle timer is ON: inactive players will automatically lose when time's up. (requested by chelomon)\n|inactive|chelomon has 60 seconds left.\n|inactive|acor1000 has 60 seconds left.\n|\n|t:|1776659666\n|teamsize|p1|4\n|teamsize|p2|4\n|start\n|switch|p1a: Dragonite|Dragonite, L50, F|100/100\n|switch|p1b: Pelipper|Pelipper, L50, F|100/100\n|switch|p2a: Whimsicott|Whimsicott, L50, F|100/100\n|switch|p2b: Lopunny|Lopunny, L50, M|100/100\n|-weather|RainDance|[from] ability: Drizzle|[of] p1b: Pelipper\n|turn|1\n|\n|t:|1776659688\n|detailschange|p2b: Lopunny|Lopunny-Mega, L50, M\n|-mega|p2b: Lopunny|Lopunny|Lopunnite\n|move|p2b: Lopunny|Fake Out|p1a: Dragonite\n|-damage|p1a: Dragonite|79/100\n|move|p2a: Whimsicott|Sunny Day|p2a: Whimsicott\n|-weather|SunnyDay\n|move|p1a: Dragonite|Draco Meteor|p2b: Lopunny\n|-damage|p2b: Lopunny|18/100\n|-unboost|p1a: Dragonite|spa|2\n|move|p1b: Pelipper|Hurricane|p2a: Whimsicott|[miss]\n|-miss|p1b: Pelipper|p2a: Whimsicott\n|\n|-weather|SunnyDay|[upkeep]\n|upkeep\n|turn|2\n|inactive|chelomon has 30 seconds left.\n|\n|t:|1776659717\n|switch|p1b: Sinistcha|Sinistcha, L50|100/100\n|-heal|p1a: Dragonite|100/100|[from] ability: Hospitality|[of] p1b: Sinistcha\n|detailschange|p1a: Dragonite|Dragonite-Mega, L50, F\n|-mega|p1a: Dragonite|Dragonite|Dragoninite\n|move|p1a: Dragonite|Extreme Speed|p2b: Lopunny\n|-damage|p2b: Lopunny|0 fnt\n|faint|p2b: Lopunny\n|move|p2a: Whimsicott|Encore||[still]\n|-fail|p2a: Whimsicott\n|\n|-weather|SunnyDay|[upkeep]\n|upkeep\n|\n|t:|1776659728\n|switch|p2b: Rotom|Rotom-Heat, L50|100/100\n|turn|3\n|inactive|chelomon has 30 seconds left.\n|\n|t:|1776659756\n|switch|p1b: Raichu|Raichu, L50, M|100/100\n|move|p2b: Rotom|Icy Wind|p1b: Raichu|[spread] p1a,p1b\n|-supereffective|p1a: Dragonite|2\n|-damage|p1a: Dragonite|78/100\n|-damage|p1b: Raichu|79/100\n|-unboost|p1a: Dragonite|spe|1\n|-unboost|p1b: Raichu|spe|1\n|move|p2a: Whimsicott|Moonblast|p1a: Dragonite\n|-supereffective|p1a: Dragonite|1\n|-damage|p1a: Dragonite|42/100\n|move|p1a: Dragonite|Draco Meteor|p2b: Rotom\n|-damage|p2b: Rotom|19/100\n|-unboost|p1a: Dragonite|spa|2\n|replace|p2b: Zoroark|Zoroark-Hisui, L50, M\n|-end|p2b: Zoroark|Illusion\n|\n|-weather|SunnyDay|[upkeep]\n|upkeep\n|turn|4\n|inactive|chelomon has 30 seconds left.\n|inactive|acor1000 has 30 seconds left.\n|\n|t:|1776659784\n|switch|p2a: Rotom|Rotom-Heat, L50|100/100\n|move|p1b: Raichu|Fake Out|p2a: Rotom\n|-damage|p2a: Rotom|90/100\n|move|p1a: Dragonite|Extreme Speed|p2b: Zoroark\n|-immune|p2b: Zoroark\n|move|p2b: Zoroark|Icy Wind|p1b: Raichu|[spread] p1a,p1b\n|-supereffective|p1a: Dragonite|2\n|-damage|p1a: Dragonite|0 fnt\n|-damage|p1b: Raichu|56/100\n|-unboost|p1b: Raichu|spe|1\n|faint|p1a: Dragonite\n|\n|-weather|SunnyDay|[upkeep]\n|upkeep\n|inactive|chelomon has 30 seconds left.\n|\n|t:|1776659816\n|switch|p1a: Sinistcha|Sinistcha, L50|100/100\n|-heal|p1b: Raichu|81/100|[from] ability: Hospitality|[of] p1a: Sinistcha\n|turn|5\n|inactive|chelomon has 30 seconds left.\n|inactive|chelomon has 20 seconds left.\n|inactive|chelomon has 15 seconds left.\n|inactive|chelomon has 10 seconds left.\n|\n|t:|1776659864\n|switch|p1a: Pelipper|Pelipper, L50, F|100/100\n|-weather|RainDance|[from] ability: Drizzle|[of] p1a: Pelipper\n|move|p2a: Rotom|Volt Switch|p1b: Raichu\n|-activate|p1b: Raichu|ability: Lightning Rod\n|-ability|p1b: Raichu|Lightning Rod|boost\n|-boost|p1b: Raichu|spa|1\n|move|p2b: Zoroark|Bitter Malice|p1b: Raichu\n|-damage|p1b: Raichu|14/100\n|-unboost|p1b: Raichu|atk|1\n|move|p1b: Raichu|Thunder|p2b: Zoroark\n|-damage|p2b: Zoroark|0 fnt\n|faint|p2b: Zoroark\n|\n|-weather|RainDance|[upkeep]\n|upkeep\n|\n|t:|1776659878\n|switch|p2b: Whimsicott|Whimsicott, L50, F|100/100\n|turn|6\n|\n|t:|1776659903\n|move|p2a: Rotom|Volt Switch|p1b: Raichu\n|-activate|p1b: Raichu|ability: Lightning Rod\n|-ability|p1b: Raichu|Lightning Rod|boost\n|-boost|p1b: Raichu|spa|1\n|move|p2b: Whimsicott|Moonblast|p1b: Raichu\n|-damage|p1b: Raichu|0 fnt\n|faint|p1b: Raichu\n|move|p1a: Pelipper|Hurricane|p2b: Whimsicott\n|-supereffective|p2b: Whimsicott|1\n|-damage|p2b: Whimsicott|7/100\n|\n|-weather|RainDance|[upkeep]\n|upkeep\n|\n|t:|1776659920\n|switch|p1b: Sinistcha|Sinistcha, L50|100/100\n|turn|7\n|inactive|chelomon has 30 seconds left.\n|inactive|chelomon has 20 seconds left.\n|\n|t:|1776659957\n|move|p1b: Sinistcha|Rage Powder|p1b: Sinistcha\n|-singleturn|p1b: Sinistcha|move: Rage Powder\n|move|p2b: Whimsicott|Sunny Day|p2b: Whimsicott\n|-weather|SunnyDay\n|move|p2a: Rotom|Volt Switch|p1b: Sinistcha\n|-resisted|p1b: Sinistcha|1\n|-damage|p1b: Sinistcha|87/100\n|move|p1a: Pelipper|Muddy Water|p2b: Whimsicott|[spread] p2a,p2b\n|-supereffective|p2a: Rotom|1\n|-resisted|p2b: Whimsicott|1\n|-damage|p2a: Rotom|62/100\n|-damage|p2b: Whimsicott|0 fnt\n|faint|p2b: Whimsicott\n|\n|-weather|SunnyDay|[upkeep]\n|upkeep\n|turn|8\n|\n|t:|1776659978\n|move|p1b: Sinistcha|Rage Powder|p1b: Sinistcha\n|-singleturn|p1b: Sinistcha|move: Rage Powder\n|move|p2a: Rotom|Volt Switch|p1b: Sinistcha\n|-resisted|p1b: Sinistcha|1\n|-damage|p1b: Sinistcha|72/100\n|move|p1a: Pelipper|Hurricane|p2a: Rotom\n|-resisted|p2a: Rotom|1\n|-damage|p2a: Rotom|40/100\n|\n|-weather|SunnyDay|[upkeep]\n|upkeep\n|turn|9\n|\n|t:|1776659996\n|move|p1b: Sinistcha|Rage Powder|p1b: Sinistcha\n|-singleturn|p1b: Sinistcha|move: Rage Powder\n|move|p2a: Rotom|Volt Switch|p1b: Sinistcha\n|-resisted|p1b: Sinistcha|1\n|-damage|p1b: Sinistcha|58/100\n|move|p1a: Pelipper|Muddy Water|p2a: Rotom\n|-supereffective|p2a: Rotom|1\n|-damage|p2a: Rotom|0 fnt\n|faint|p2a: Rotom\n|\n|win|chelomon\n|raw|chelomon's rating: 1150 &rarr; <strong>1182</strong><br />(+32 for winning)\n|raw|acor1000's rating: 1245 &rarr; <strong>1213</strong><br />(-32 for losing)\n|c|\u2606acor1000|gg\n|l|\u2606acor1000\n|player|p2|\n",
  "uploadtime": 1776660239,
  "views": 4,
  "formatid": "gen9championsvgc2026regma",
  "rating": 1182,
  "private": 0,
  "password": null
}