{
  "id": "gen9championsvgc2026regma-2580664314",
  "format": "[Gen 9 Champions] VGC 2026 Reg M-A",
  "players": [
    "el1azss",
    "makoyouidiot"
  ],
  "log": "|j|\u2606el1azss\n|j|\u2606makoyouidiot\n|t:|1775922457\n|gametype|doubles\n|player|p1|el1azss|proton|1057\n|player|p2|makoyouidiot|acetrainersnow|1111\n|gen|9\n|tier|[Gen 9 Champions] VGC 2026 Reg M-A\n|rated|\n|rule|Species Clause: Limit one of each Pok\u00e9mon\n|rule|Item Clause: Limit 1 of each item\n|clearpoke\n|poke|p1|Manectric, L50, M|\n|poke|p1|Rotom-Heat, L50|\n|poke|p1|Floette-Eternal, L50, F|\n|poke|p1|Pelipper, L50, M|\n|poke|p1|Sneasler, L50, M|\n|poke|p1|Orthworm, L50, F|\n|poke|p2|Charizard, L50, M|\n|poke|p2|Aerodactyl, L50, M|\n|poke|p2|Serperior, L50, M|\n|poke|p2|Tyrantrum, L50, F|\n|poke|p2|Oranguru, L50, F|\n|poke|p2|Torkoal, L50, F|\n|teampreview|4\n|inactive|Battle timer is ON: inactive players will automatically lose when time's up. (requested by el1azss)\n|\n|t:|1775922484\n|teamsize|p1|4\n|teamsize|p2|4\n|start\n|switch|p1a: Manectric|Manectric, L50, M|100/100\n|switch|p1b: Rotom|Rotom-Heat, L50|100/100\n|switch|p2a: Oranguru|Oranguru, L50, F|100/100\n|switch|p2b: Serperior|Serperior, L50, M|100/100\n|turn|1\n|\n|t:|1775922503\n|switch|p2b: Tyrantrum|Tyrantrum, L50, F|100/100\n|move|p1b: Rotom|Discharge|p2b: Tyrantrum|[spread] p2a,p2b\n|-ability|p1a: Manectric|Lightning Rod|boost\n|-boost|p1a: Manectric|spa|1\n|-resisted|p2b: Tyrantrum|1\n|-damage|p2a: Oranguru|79/100\n|-damage|p2b: Tyrantrum|85/100\n|-status|p2b: Tyrantrum|par\n|move|p1a: Manectric|Thunderbolt|p2a: Oranguru\n|-damage|p2a: Oranguru|36/100\n|-enditem|p2a: Oranguru|Sitrus Berry|[eat]\n|-heal|p2a: Oranguru|61/100|[from] item: Sitrus Berry\n|move|p2a: Oranguru|Trick Room|p2a: Oranguru\n|-fieldstart|move: Trick Room|[of] p2a: Oranguru\n|\n|upkeep\n|turn|2\n|\n|t:|1775922528\n|detailschange|p1a: Manectric|Manectric-Mega, L50, M\n|-mega|p1a: Manectric|Manectric|Manectite\n|-ability|p1a: Manectric|Intimidate|boost\n|-fail|p2a: Oranguru|unboost|Attack|[from] ability: Inner Focus|[of] p2a: Oranguru\n|-unboost|p2b: Tyrantrum|atk|1\n|move|p1a: Manectric|Protect|p1a: Manectric\n|-singleturn|p1a: Manectric|Protect\n|move|p2b: Tyrantrum|Head Smash|p1b: Rotom\n|-supereffective|p1b: Rotom|1\n|-damage|p1b: Rotom|0 fnt\n|faint|p1b: Rotom\n|move|p2a: Oranguru|Instruct|p2b: Tyrantrum\n|-singleturn|p2b: Tyrantrum|move: Instruct|[of] p2a: Oranguru\n|cant|p2b: Tyrantrum|par\n|\n|upkeep\n|\n|t:|1775922541\n|switch|p1b: Sneasler|Sneasler, L50, M|100/100\n|turn|3\n|\n|t:|1775922558\n|move|p2b: Tyrantrum|Protect|p2b: Tyrantrum\n|-singleturn|p2b: Tyrantrum|Protect\n|move|p1b: Sneasler|Fake Out|p2b: Tyrantrum\n|-activate|p2b: Tyrantrum|move: Protect\n|move|p2a: Oranguru|Foul Play|p1b: Sneasler\n|-resisted|p1b: Sneasler|1\n|-damage|p1b: Sneasler|72/100\n|move|p1a: Manectric|Thunderbolt|p2a: Oranguru\n|-damage|p2a: Oranguru|8/100\n|\n|upkeep\n|turn|4\n|\n|t:|1775922573\n|move|p1b: Sneasler|Protect|p1b: Sneasler\n|-singleturn|p1b: Sneasler|Protect\n|move|p1a: Manectric|Protect|p1a: Manectric\n|-singleturn|p1a: Manectric|Protect\n|move|p2b: Tyrantrum|Head Smash|p1a: Manectric\n|-activate|p1a: Manectric|move: Protect\n|move|p2a: Oranguru|Instruct|p2b: Tyrantrum\n|-singleturn|p2b: Tyrantrum|move: Instruct|[of] p2a: Oranguru\n|cant|p2b: Tyrantrum|par\n|\n|upkeep\n|turn|5\n|\n|t:|1775922594\n|switch|p1a: Pelipper|Pelipper, L50, M|100/100\n|-weather|RainDance|[from] ability: Drizzle|[of] p1a: Pelipper\n|move|p2b: Tyrantrum|Head Smash|p1a: Pelipper\n|-supereffective|p1a: Pelipper|1\n|-damage|p1a: Pelipper|0 fnt\n|faint|p1a: Pelipper\n|move|p2a: Oranguru|Instruct|p2b: Tyrantrum\n|-singleturn|p2b: Tyrantrum|move: Instruct|[of] p2a: Oranguru\n|move|p2b: Tyrantrum|Head Smash|p1b: Sneasler\n|-resisted|p1b: Sneasler|1\n|-damage|p1b: Sneasler|15/100\n|move|p1b: Sneasler|Close Combat|p2b: Tyrantrum\n|-supereffective|p2b: Tyrantrum|1\n|-damage|p2b: Tyrantrum|0 fnt\n|-unboost|p1b: Sneasler|def|1\n|-unboost|p1b: Sneasler|spd|1\n|faint|p2b: Tyrantrum\n|\n|-weather|RainDance|[upkeep]\n|-fieldend|move: Trick Room\n|upkeep\n|\n|t:|1775922616\n|switch|p2b: Serperior|Serperior, L50, M|100/100\n|switch|p1a: Manectric|Manectric-Mega, L50, M|100/100\n|-ability|p1a: Manectric|Intimidate|boost\n|-fail|p2a: Oranguru|unboost|Attack|[from] ability: Inner Focus|[of] p2a: Oranguru\n|-boost|p2b: Serperior|atk|1\n|turn|6\n|\n|t:|1775922628\n|move|p1a: Manectric|Thunderbolt|p2a: Oranguru\n|-damage|p2a: Oranguru|0 fnt\n|faint|p2a: Oranguru\n|move|p1b: Sneasler|Dire Claw|p2b: Serperior\n|-supereffective|p2b: Serperior|1\n|-damage|p2b: Serperior|0 fnt\n|faint|p2b: Serperior\n|\n|-weather|RainDance|[upkeep]\n|upkeep\n|\n|t:|1775922640\n|switch|p2b: Torkoal|Torkoal, L50, F|100/100\n|-weather|SunnyDay|[from] ability: Drought|[of] p2b: Torkoal\n|turn|7\n|\n|t:|1775922647\n|move|p1a: Manectric|Thunderbolt|p2b: Torkoal\n|-crit|p2b: Torkoal\n|-damage|p2b: Torkoal|12/100\n|move|p1b: Sneasler|Dire Claw|p2b: Torkoal\n|-damage|p2b: Torkoal|0 fnt\n|faint|p2b: Torkoal\n|\n|win|el1azss\n|raw|el1azss's rating: 1057 &rarr; <strong>1093</strong><br />(+36 for winning)\n|raw|makoyouidiot's rating: 1111 &rarr; <strong>1082</strong><br />(-29 for losing)\n|l|\u2606el1azss\n|player|p1|\n",
  "uploadtime": 1775922657,
  "views": 24,
  "formatid": "gen9championsvgc2026regma",
  "rating": 1082,
  "private": 0,
  "password": null
}