{
  "id": "gen9championsvgc2026regma-2588602074",
  "format": "[Gen 9 Champions] VGC 2026 Reg M-A",
  "players": [
    "barrmh",
    "disciple of blahaj"
  ],
  "log": "|j|\u2606barrmh\n|j|\u2606disciple of blahaj\n|t:|1776649087\n|gametype|doubles\n|player|p1|barrmh|infielder|1337\n|player|p2|disciple of blahaj|jacinthe|1317\n|gen|9\n|tier|[Gen 9 Champions] VGC 2026 Reg M-A\n|rated|\n|rule|Species Clause: Limit one of each Pok\u00e9mon\n|rule|Item Clause: Limit 1 of each item\n|clearpoke\n|poke|p1|Aggron, L50, F|\n|poke|p1|Tyranitar, L50, F|\n|poke|p1|Slowking, L50, M|\n|poke|p1|Milotic, L50, F|\n|poke|p1|Talonflame, L50, F|\n|poke|p1|Sinistcha-Masterpiece, L50|\n|poke|p2|Floette-Eternal, L50, F|\n|poke|p2|Aegislash, L50, M|\n|poke|p2|Mimikyu, L50, F|\n|poke|p2|Incineroar, L50, F|\n|poke|p2|Aerodactyl, L50, M|\n|poke|p2|Rotom-Wash, L50|\n|teampreview|4\n|inactive|Battle timer is ON: inactive players will automatically lose when time's up. (requested by barrmh)\n|inactive|barrmh has 60 seconds left.\n|\n|t:|1776649135\n|teamsize|p1|4\n|teamsize|p2|4\n|start\n|switch|p1a: Aggron|Aggron, L50, F|100/100\n|switch|p1b: Milotic|Milotic, L50, F|100/100\n|switch|p2a: Mimikyu|Mimikyu, L50, F|100/100\n|switch|p2b: Rotom|Rotom-Wash, L50|100/100\n|turn|1\n|inactive|disciple of blahaj has 30 seconds left.\n|\n|t:|1776649160\n|detailschange|p1a: Aggron|Aggron-Mega, L50, F\n|-mega|p1a: Aggron|Aggron|Aggronite\n|move|p2b: Rotom|Hydro Pump|p1a: Aggron\n|-damage|p1a: Aggron|51/100\n|move|p2a: Mimikyu|Will-O-Wisp|p1a: Aggron\n|-status|p1a: Aggron|brn\n|move|p1b: Milotic|Scald|p2a: Mimikyu\n|-activate|p2a: Mimikyu|ability: Disguise\n|-damage|p2a: Mimikyu|100/100\n|detailschange|p2a: Mimikyu|Mimikyu-Busted, L50, F\n|-damage|p2a: Mimikyu|88/100|[from] pokemon: Mimikyu-Busted\n|move|p1a: Aggron|Iron Defense|p1a: Aggron\n|-boost|p1a: Aggron|def|2\n|\n|-damage|p1a: Aggron|45/100 brn|[from] brn\n|upkeep\n|turn|2\n|\n|t:|1776649183\n|switch|p2b: Floette|Floette-Eternal, L50, F|100/100\n|switch|p1b: Sinistcha|Sinistcha-Masterpiece, L50|100/100\n|-heal|p1a: Aggron|69/100 brn|[from] ability: Hospitality|[of] p1b: Sinistcha\n|move|p1a: Aggron|Protect|p1a: Aggron\n|-singleturn|p1a: Aggron|Protect\n|move|p2a: Mimikyu|Curse|p1b: Sinistcha\n|-start|p1b: Sinistcha|Curse|[of] p2a: Mimikyu\n|-damage|p2a: Mimikyu|38/100\n|\n|-damage|p1a: Aggron|63/100 brn|[from] brn\n|-damage|p1b: Sinistcha|75/100|[from] Curse\n|upkeep\n|turn|3\n|\n|t:|1776649207\n|detailschange|p2b: Floette|Floette-Mega, L50, F\n|-mega|p2b: Floette|Floette|Floettite\n|-ability|p2b: Floette|Fairy Aura\n|move|p2b: Floette|Calm Mind|p2b: Floette\n|-boost|p2b: Floette|spa|1\n|-boost|p2b: Floette|spd|1\n|move|p2a: Mimikyu|Curse|p1a: Aggron\n|-start|p1a: Aggron|Curse|[of] p2a: Mimikyu\n|-damage|p2a: Mimikyu|0 fnt\n|faint|p2a: Mimikyu\n|move|p1b: Sinistcha|Matcha Gotcha|p2b: Floette\n|-damage|p2b: Floette|81/100\n|-heal|p1b: Sinistcha|87/100|[from] drain|[of] p2b: Floette\n|-status|p2b: Floette|brn\n|move|p1a: Aggron|Body Press|p2b: Floette\n|-resisted|p2b: Floette|1\n|-damage|p2b: Floette|62/100 brn\n|\n|-damage|p2b: Floette|56/100 brn|[from] brn\n|-damage|p1a: Aggron|57/100 brn|[from] brn\n|-damage|p1b: Sinistcha|62/100|[from] Curse\n|-damage|p1a: Aggron|32/100 brn|[from] Curse\n|upkeep\n|\n|t:|1776649228\n|switch|p2a: Incineroar|Incineroar, L50, F|100/100\n|-ability|p2a: Incineroar|Intimidate|boost\n|-unboost|p1a: Aggron|atk|1\n|-unboost|p1b: Sinistcha|atk|1\n|turn|4\n|\n|t:|1776649241\n|switch|p1b: Milotic|Milotic, L50, F|100/100\n|switch|p2a: Rotom|Rotom-Wash, L50|100/100\n|move|p2b: Floette|Calm Mind|p2b: Floette\n|-boost|p2b: Floette|spa|1\n|-boost|p2b: Floette|spd|1\n|move|p1a: Aggron|Body Press|p2a: Rotom\n|-damage|p2a: Rotom|44/100\n|\n|-damage|p2b: Floette|50/100 brn|[from] brn\n|-damage|p1a: Aggron|26/100 brn|[from] brn\n|-damage|p1a: Aggron|1/100 brn|[from] Curse\n|upkeep\n|turn|5\n|\n|t:|1776649263\n|move|p2a: Rotom|Volt Switch|p1b: Milotic\n|-supereffective|p1b: Milotic|1\n|-damage|p1b: Milotic|56/100\n|\n|t:|1776649266\n|switch|p2a: Incineroar|Incineroar, L50, F|100/100|[from] Volt Switch\n|-ability|p2a: Incineroar|Intimidate|boost\n|-unboost|p1a: Aggron|atk|1\n|-unboost|p1b: Milotic|atk|1\n|-ability|p1b: Milotic|Competitive|boost\n|-boost|p1b: Milotic|spa|2\n|move|p2b: Floette|Draining Kiss|p1b: Milotic\n|-crit|p1b: Milotic\n|-damage|p1b: Milotic|0 fnt\n|-heal|p2b: Floette|94/100 brn|[from] drain|[of] p1b: Milotic\n|faint|p1b: Milotic\n|move|p1a: Aggron|Heavy Slam|p2b: Floette\n|-supereffective|p2b: Floette|1\n|-damage|p2b: Floette|79/100 brn\n|\n|-damage|p2b: Floette|73/100 brn|[from] brn\n|-damage|p1a: Aggron|0 fnt|[from] brn\n|faint|p1a: Aggron\n|upkeep\n|\n|t:|1776649274\n|switch|p1b: Sinistcha|Sinistcha-Masterpiece, L50|62/100\n|switch|p1a: Slowking|Slowking, L50, M|100/100\n|turn|6\n|\n|t:|1776649292\n|move|p1b: Sinistcha|Protect|p1b: Sinistcha\n|-singleturn|p1b: Sinistcha|Protect\n|move|p2a: Incineroar|Fake Out|p1a: Slowking\n|-damage|p1a: Slowking|88/100\n|move|p2b: Floette|Dazzling Gleam|p1b: Sinistcha|[spread] p1a\n|-activate|p1b: Sinistcha|move: Protect\n|-damage|p1a: Slowking|34/100\n|cant|p1a: Slowking|flinch\n|\n|-damage|p2b: Floette|67/100 brn|[from] brn\n|upkeep\n|turn|7\n|-message|barrmh forfeited.\n|\n|win|disciple of blahaj\n|raw|barrmh's rating: 1337 &rarr; <strong>1316</strong><br />(-21 for losing)\n|raw|disciple of blahaj's rating: 1317 &rarr; <strong>1338</strong><br />(+21 for winning)\n",
  "uploadtime": 1776649314,
  "views": 8,
  "formatid": "gen9championsvgc2026regma",
  "rating": 1316,
  "private": 0,
  "password": null
}