{
  "id": "gen9championsvgc2026regma-2588902360",
  "format": "[Gen 9 Champions] VGC 2026 Reg M-A",
  "players": [
    "alexus11",
    "annaheavyrocks"
  ],
  "log": "|j|\u2606alexus11\n|j|\u2606annaheavyrocks\n|t:|1776684175\n|gametype|doubles\n|player|p1|alexus11|169|1123\n|player|p2|annaheavyrocks|caitlin|1041\n|gen|9\n|tier|[Gen 9 Champions] VGC 2026 Reg M-A\n|rated|\n|rule|Species Clause: Limit one of each Pok\u00e9mon\n|rule|Item Clause: Limit 1 of each item\n|clearpoke\n|poke|p1|Aerodactyl, L50, F|\n|poke|p1|Charizard, L50, M|\n|poke|p1|Archaludon, L50, F|\n|poke|p1|Sinistcha-Masterpiece, L50|\n|poke|p1|Farigiraf, L50, F|\n|poke|p1|Sneasler, L50, F|\n|poke|p2|Lopunny, L50, M|\n|poke|p2|Aegislash, L50, F|\n|poke|p2|Liepard, L50, F|\n|poke|p2|Volcarona, L50, M|\n|poke|p2|Sinistcha, L50|\n|poke|p2|Primarina, L50, M, shiny|\n|teampreview|4\n|\n|t:|1776684194\n|teamsize|p1|4\n|teamsize|p2|4\n|start\n|switch|p1a: Aerodactyl|Aerodactyl, L50, F|100/100\n|switch|p1b: Charizard|Charizard, L50, M|100/100\n|switch|p2a: Liepard|Liepard, L50, F|100/100\n|switch|p2b: Volcarona|Volcarona, L50, M|100/100\n|-ability|p1a: Aerodactyl|Unnerve\n|turn|1\n|inactive|Battle timer is ON: inactive players will automatically lose when time's up. (requested by annaheavyrocks)\n|\n|t:|1776684236\n|detailschange|p1b: Charizard|Charizard-Mega-Y, L50, M\n|-mega|p1b: Charizard|Charizard|Charizardite Y\n|-weather|SunnyDay|[from] ability: Drought|[of] p1b: Charizard\n|move|p2a: Liepard|Fake Out|p1a: Aerodactyl\n|-resisted|p1a: Aerodactyl|1\n|-damage|p1a: Aerodactyl|92/100\n|cant|p1a: Aerodactyl|flinch\n|move|p1b: Charizard|Heat Wave|p2a: Liepard|[spread] p2a,p2b\n|-enditem|p2a: Liepard|Focus Sash\n|-damage|p2a: Liepard|1/100\n|-damage|p2b: Volcarona|43/100\n|move|p2b: Volcarona|Tailwind|p2b: Volcarona\n|-sidestart|p2: annaheavyrocks|move: Tailwind\n|\n|-weather|SunnyDay|[upkeep]\n|-heal|p2b: Volcarona|49/100|[from] item: Leftovers\n|upkeep\n|turn|2\n|\n|t:|1776684259\n|move|p1a: Aerodactyl|Protect|p1a: Aerodactyl\n|-singleturn|p1a: Aerodactyl|Protect\n|move|p2a: Liepard|Taunt|p1a: Aerodactyl\n|-activate|p1a: Aerodactyl|move: Protect\n|move|p2b: Volcarona|Quiver Dance|p2b: Volcarona\n|-boost|p2b: Volcarona|spa|1\n|-boost|p2b: Volcarona|spd|1\n|-boost|p2b: Volcarona|spe|1\n|move|p1b: Charizard|Heat Wave|p2b: Volcarona|[spread] \n|-miss|p1b: Charizard|p2a: Liepard\n|-miss|p1b: Charizard|p2b: Volcarona\n|\n|-weather|SunnyDay|[upkeep]\n|-heal|p2b: Volcarona|55/100|[from] item: Leftovers\n|upkeep\n|turn|3\n|\n|t:|1776684284\n|move|p2a: Liepard|Taunt|p1a: Aerodactyl\n|-start|p1a: Aerodactyl|move: Taunt\n|move|p2b: Volcarona|Quiver Dance|p2b: Volcarona\n|-boost|p2b: Volcarona|spa|1\n|-boost|p2b: Volcarona|spd|1\n|-boost|p2b: Volcarona|spe|1\n|move|p1a: Aerodactyl|Rock Slide|p2a: Liepard|[spread] p2a\n|-miss|p1a: Aerodactyl|p2b: Volcarona\n|-crit|p2a: Liepard\n|-damage|p2a: Liepard|0 fnt\n|faint|p2a: Liepard\n|move|p1b: Charizard|Heat Wave|p2b: Volcarona|[miss]\n|-miss|p1b: Charizard|p2b: Volcarona\n|\n|-weather|SunnyDay|[upkeep]\n|-heal|p2b: Volcarona|61/100|[from] item: Leftovers\n|upkeep\n|c|\u2606alexus11|:(\n|inactive|annaheavyrocks has 30 seconds left.\n|\n|t:|1776684310\n|switch|p2a: Primarina|Primarina, L50, M, shiny|100/100\n|turn|4\n|\n|t:|1776684322\n|move|p2b: Volcarona|Protect|p2b: Volcarona\n|-singleturn|p2b: Volcarona|Protect\n|move|p1b: Charizard|Protect|p1b: Charizard\n|-singleturn|p1b: Charizard|Protect\n|move|p1a: Aerodactyl|Rock Slide|p2b: Volcarona|[spread] p2a\n|-activate|p2b: Volcarona|move: Protect\n|-damage|p2a: Primarina|78/100\n|move|p2a: Primarina|Hyper Voice|p1a: Aerodactyl|[spread] p1a\n|-activate|p1b: Charizard|move: Protect\n|-supereffective|p1a: Aerodactyl|1\n|-damage|p1a: Aerodactyl|50/100\n|\n|-weather|SunnyDay|[upkeep]\n|-heal|p2b: Volcarona|68/100|[from] item: Leftovers\n|-sideend|p2: annaheavyrocks|move: Tailwind\n|upkeep\n|turn|5\n|inactive|annaheavyrocks has 30 seconds left.\n|\n|t:|1776684350\n|move|p2b: Volcarona|Heat Wave|p1b: Charizard|[spread] p1a,p1b\n|-resisted|p1a: Aerodactyl|1\n|-resisted|p1b: Charizard|1\n|-damage|p1a: Aerodactyl|0 fnt\n|-damage|p1b: Charizard|50/100\n|faint|p1a: Aerodactyl\n|move|p1b: Charizard|Solar Beam||[still]\n|-prepare|p1b: Charizard|Solar Beam\n|-anim|p1b: Charizard|Solar Beam|p2a: Primarina\n|-supereffective|p2a: Primarina|1\n|-damage|p2a: Primarina|0 fnt\n|faint|p2a: Primarina\n|\n|-weather|none\n|-heal|p2b: Volcarona|74/100|[from] item: Leftovers\n|upkeep\n|\n|t:|1776684359\n|switch|p1a: Sneasler|Sneasler, L50, F|100/100\n|switch|p2a: Lopunny|Lopunny, L50, M|100/100\n|turn|6\n|\n|t:|1776684381\n|move|p2b: Volcarona|Protect|p2b: Volcarona\n|-singleturn|p2b: Volcarona|Protect\n|move|p2a: Lopunny|Protect|p2a: Lopunny\n|-singleturn|p2a: Lopunny|Protect\n|move|p1a: Sneasler|Fake Out|p2b: Volcarona\n|-activate|p2b: Volcarona|move: Protect\n|move|p1b: Charizard|Heat Wave|p2a: Lopunny|[spread] \n|-activate|p2a: Lopunny|move: Protect\n|-activate|p2b: Volcarona|move: Protect\n|\n|-heal|p2b: Volcarona|80/100|[from] item: Leftovers\n|upkeep\n|turn|7\n|\n|t:|1776684404\n|detailschange|p2a: Lopunny|Lopunny-Mega, L50, M\n|-mega|p2a: Lopunny|Lopunny|Lopunnite\n|move|p2b: Volcarona|Heat Wave|p1a: Sneasler|[spread] p1a,p1b\n|-resisted|p1b: Charizard|1\n|-damage|p1a: Sneasler|17/100\n|-damage|p1b: Charizard|12/100\n|move|p2a: Lopunny|Thunder Punch|p1b: Charizard\n|-supereffective|p1b: Charizard|1\n|-damage|p1b: Charizard|0 fnt\n|faint|p1b: Charizard\n|move|p1a: Sneasler|Dire Claw|p2b: Volcarona\n|-damage|p2b: Volcarona|36/100\n|\n|-heal|p2b: Volcarona|42/100|[from] item: Leftovers\n|upkeep\n|\n|t:|1776684415\n|switch|p1b: Archaludon|Archaludon, L50, F|100/100\n|turn|8\n|\n|t:|1776684429\n|move|p2b: Volcarona|Heat Wave|p1b: Archaludon|[spread] p1a,p1b\n|-damage|p1a: Sneasler|0 fnt\n|-damage|p1b: Archaludon|44/100\n|-status|p1b: Archaludon|brn\n|-ability|p1b: Archaludon|Stamina|boost\n|-boost|p1b: Archaludon|def|1\n|faint|p1a: Sneasler\n|move|p2a: Lopunny|Close Combat|p1b: Archaludon\n|-supereffective|p1b: Archaludon|1\n|-damage|p1b: Archaludon|0 fnt\n|-unboost|p2a: Lopunny|def|1\n|-unboost|p2a: Lopunny|spd|1\n|faint|p1b: Archaludon\n|\n|win|annaheavyrocks\n|raw|alexus11's rating: 1123 &rarr; <strong>1092</strong><br />(-31 for losing)\n|raw|annaheavyrocks's rating: 1041 &rarr; <strong>1083</strong><br />(+42 for winning)\n",
  "uploadtime": 1776684438,
  "views": 9,
  "formatid": "gen9championsvgc2026regma",
  "rating": 1083,
  "private": 0,
  "password": null
}