{
  "id": "gen9championsvgc2026regma-2582290159",
  "format": "[Gen 9 Champions] VGC 2026 Reg M-A",
  "players": [
    "ericaikok",
    "101doge101"
  ],
  "log": "|j|\u2606ericaikok\n|j|\u2606101doge101\n|t:|1776080264\n|gametype|doubles\n|player|p1|ericaikok|#ptplvidazzlingdiancies|1078\n|player|p2|101doge101|unknown|1131\n|gen|9\n|tier|[Gen 9 Champions] VGC 2026 Reg M-A\n|rated|\n|rule|Species Clause: Limit one of each Pok\u00e9mon\n|rule|Item Clause: Limit 1 of each item\n|clearpoke\n|poke|p1|Crabominable, L50, M|\n|poke|p1|Farigiraf, L50, M|\n|poke|p1|Torkoal, L50, F|\n|poke|p1|Garchomp, L50, M|\n|poke|p1|Primarina, L50, F|\n|poke|p1|Kingambit, L50, M|\n|poke|p2|Hatterene, L50, F|\n|poke|p2|Maushold-Four, L50|\n|poke|p2|Slowbro, L50, F|\n|poke|p2|Tsareena, L50, F|\n|poke|p2|Kingambit, L50, M|\n|poke|p2|Araquanid, L50, M|\n|teampreview|4\n|inactive|Battle timer is ON: inactive players will automatically lose when time's up. (requested by ericaikok)\n|inactive|ericaikok has 60 seconds left.\n|inactive|101doge101 has 60 seconds left.\n|\n|t:|1776080301\n|teamsize|p1|4\n|teamsize|p2|4\n|start\n|switch|p1a: Crabominable|Crabominable, L50, M|100/100\n|switch|p1b: Kingambit|Kingambit, L50, M|100/100\n|switch|p2a: Kingambit|Kingambit, L50, M|100/100\n|switch|p2b: Maushold|Maushold-Four, L50|100/100\n|turn|1\n|inactive|101doge101 has 30 seconds left.\n|inactive|101doge101 has 20 seconds left.\n|inactive|101doge101 has 15 seconds left.\n|\n|t:|1776080343\n|switch|p1b: Farigiraf|Farigiraf, L50, M|100/100\n|detailschange|p1a: Crabominable|Crabominable-Mega, L50, M\n|-mega|p1a: Crabominable|Crabominable|Crabominite\n|move|p2b: Maushold|Helping Hand|p2a: Kingambit\n|-singleturn|p2a: Kingambit|Helping Hand|[of] p2b: Maushold\n|move|p2a: Kingambit|Iron Head|p1a: Crabominable\n|-supereffective|p1a: Crabominable|1\n|-damage|p1a: Crabominable|0 fnt\n|faint|p1a: Crabominable\n|\n|upkeep\n|\n|t:|1776080357\n|switch|p1a: Torkoal|Torkoal, L50, F|100/100\n|-weather|SunnyDay|[from] ability: Drought|[of] p1a: Torkoal\n|turn|2\n|\n|t:|1776080380\n|move|p2b: Maushold|Protect|p2b: Maushold\n|-singleturn|p2b: Maushold|Protect\n|move|p1b: Farigiraf|Protect|p1b: Farigiraf\n|-singleturn|p1b: Farigiraf|Protect\n|move|p2a: Kingambit|Kowtow Cleave|p1b: Farigiraf\n|-activate|p1b: Farigiraf|move: Protect\n|move|p1a: Torkoal|Eruption|p2a: Kingambit|[spread] p2a\n|-activate|p2b: Maushold|move: Protect\n|-supereffective|p2a: Kingambit|1\n|-crit|p2a: Kingambit\n|-damage|p2a: Kingambit|0 fnt\n|faint|p2a: Kingambit\n|\n|-weather|SunnyDay|[upkeep]\n|upkeep\n|\n|t:|1776080392\n|switch|p2a: Slowbro|Slowbro, L50, F|100/100\n|turn|3\n|\n|t:|1776080408\n|switch|p1a: Kingambit|Kingambit, L50, M|100/100\n|detailschange|p2a: Slowbro|Slowbro-Mega, L50, F\n|-mega|p2a: Slowbro|Slowbro|Slowbronite\n|move|p2b: Maushold|Helping Hand|p2a: Slowbro\n|-singleturn|p2a: Slowbro|Helping Hand|[of] p2b: Maushold\n|move|p2a: Slowbro|Surf|p1b: Farigiraf|[spread] p2b,p1a,p1b\n|-damage|p2b: Maushold|67/100\n|-damage|p1a: Kingambit|69/100\n|-damage|p1b: Farigiraf|79/100\n|move|p1b: Farigiraf|Trick Room|p1b: Farigiraf\n|-fieldstart|move: Trick Room|[of] p1b: Farigiraf\n|\n|-weather|SunnyDay|[upkeep]\n|upkeep\n|turn|4\n|inactive|101doge101 has 30 seconds left.\n|\n|t:|1776080438\n|move|p2b: Maushold|Follow Me|p2b: Maushold\n|-singleturn|p2b: Maushold|move: Follow Me\n|move|p2a: Slowbro|Body Press|p1a: Kingambit\n|-supereffective|p1a: Kingambit|2\n|-damage|p1a: Kingambit|0 fnt\n|faint|p1a: Kingambit\n|move|p1b: Farigiraf|Dazzling Gleam|p2b: Maushold|[spread] p2a,p2b\n|-damage|p2a: Slowbro|90/100\n|-damage|p2b: Maushold|50/100\n|\n|-weather|SunnyDay|[upkeep]\n|upkeep\n|\n|t:|1776080463\n|switch|p1a: Torkoal|Torkoal, L50, F|100/100\n|turn|5\n|\n|t:|1776080478\n|move|p2b: Maushold|Protect|p2b: Maushold\n|-singleturn|p2b: Maushold|Protect\n|move|p1a: Torkoal|Eruption|p2b: Maushold|[spread] p2a\n|-activate|p2b: Maushold|move: Protect\n|-resisted|p2a: Slowbro|1\n|-damage|p2a: Slowbro|53/100\n|move|p2a: Slowbro|Surf|p1a: Torkoal|[spread] p1a,p1b\n|-activate|p2b: Maushold|move: Protect\n|-supereffective|p1a: Torkoal|1\n|-damage|p1a: Torkoal|54/100\n|-damage|p1b: Farigiraf|67/100\n|move|p1b: Farigiraf|Dazzling Gleam|p2a: Slowbro|[spread] p2a\n|-activate|p2b: Maushold|move: Protect\n|-damage|p2a: Slowbro|42/100\n|\n|-weather|SunnyDay|[upkeep]\n|upkeep\n|turn|6\n|\n|t:|1776080497\n|move|p2b: Maushold|Helping Hand|p2a: Slowbro\n|-singleturn|p2a: Slowbro|Helping Hand|[of] p2b: Maushold\n|move|p1a: Torkoal|Heat Wave|p2b: Maushold|[spread] p2a,p2b\n|-resisted|p2a: Slowbro|1\n|-damage|p2a: Slowbro|21/100\n|-damage|p2b: Maushold|0 fnt\n|faint|p2b: Maushold\n|move|p2a: Slowbro|Surf|p1a: Torkoal|[spread] p1a,p1b\n|-supereffective|p1a: Torkoal|1\n|-damage|p1a: Torkoal|0 fnt\n|-damage|p1b: Farigiraf|45/100\n|faint|p1a: Torkoal\n|move|p1b: Farigiraf|Dazzling Gleam|p2a: Slowbro\n|-damage|p2a: Slowbro|0 fnt\n|faint|p2a: Slowbro\n|\n|-weather|none\n|upkeep\n|\n|t:|1776080510\n|switch|p2a: Araquanid|Araquanid, L50, M|100/100\n|turn|7\n|\n|t:|1776080516\n|move|p2a: Araquanid|Leech Life|p1b: Farigiraf\n|-supereffective|p1b: Farigiraf|1\n|-damage|p1b: Farigiraf|0 fnt\n|faint|p1b: Farigiraf\n|\n|win|101doge101\n|raw|ericaikok's rating: 1078 &rarr; <strong>1060</strong><br />(-18 for losing)\n|raw|101doge101's rating: 1131 &rarr; <strong>1152</strong><br />(+21 for winning)\n",
  "uploadtime": 1776080519,
  "views": 15,
  "formatid": "gen9championsvgc2026regma",
  "rating": 1060,
  "private": 0,
  "password": null
}