{
  "id": "gen9championsvgc2026regma-2582594831",
  "format": "[Gen 9 Champions] VGC 2026 Reg M-A",
  "players": [
    "Oras_4996",
    "RijdendeRechter"
  ],
  "log": "|j|\u2606Oras_4996\n|j|\u2606RijdendeRechter\n|t:|1776101534\n|gametype|doubles\n|player|p1|Oras_4996|pokemaniac|1330\n|player|p2|RijdendeRechter|roughneck-gen4|1449\n|gen|9\n|tier|[Gen 9 Champions] VGC 2026 Reg M-A\n|rated|\n|rule|Species Clause: Limit one of each Pok\u00e9mon\n|rule|Item Clause: Limit 1 of each item\n|clearpoke\n|poke|p1|Delphox, L50, F|\n|poke|p1|Garchomp, L50, F|\n|poke|p1|Whimsicott, L50, M|\n|poke|p1|Incineroar, L50, M|\n|poke|p1|Sinistcha, L50|\n|poke|p1|Kingambit, L50, M|\n|poke|p2|Chesnaught, L50, F|\n|poke|p2|Slowking-Galar, L50, F|\n|poke|p2|Incineroar, L50, M|\n|poke|p2|Ninetales-Alola, L50, F|\n|poke|p2|Kleavor, L50, M|\n|poke|p2|Aegislash, L50, F|\n|teampreview|4\n|\n|t:|1776101572\n|teamsize|p1|4\n|teamsize|p2|4\n|start\n|switch|p1a: Kingambit|Kingambit, L50, M, shiny|100/100\n|switch|p1b: Delphox|Delphox, L50, F, shiny|100/100\n|switch|p2a: Slowking|Slowking-Galar, L50, F|100/100\n|switch|p2b: Kleavor|Kleavor, L50, M|100/100\n|turn|1\n|\n|t:|1776101598\n|switch|p2a: Chesnaught|Chesnaught, L50, F|100/100\n|move|p1b: Delphox|Protect|p1b: Delphox\n|-singleturn|p1b: Delphox|Protect\n|move|p2b: Kleavor|Stone Axe|p1b: Delphox\n|-activate|p1b: Delphox|move: Protect\n|move|p1a: Kingambit|Kowtow Cleave|p2a: Chesnaught\n|-resisted|p2a: Chesnaught|1\n|-damage|p2a: Chesnaught|82/100\n|\n|upkeep\n|turn|2\n|j| CARtu348rjf90\n|l| CARtu348rjf90\n|\n|t:|1776101611\n|detailschange|p1b: Delphox|Delphox-Mega, L50, F, shiny\n|-mega|p1b: Delphox|Delphox|Delphoxite\n|detailschange|p2a: Chesnaught|Chesnaught-Mega, L50, F\n|-mega|p2a: Chesnaught|Chesnaught|Chesnaughtite\n|move|p2b: Kleavor|Stone Axe|p1b: Delphox\n|-supereffective|p1b: Delphox|1\n|-damage|p1b: Delphox|0 fnt\n|-sidestart|p1: Oras_4996|move: Stealth Rock\n|faint|p1b: Delphox\n|move|p1a: Kingambit|Iron Head|p2b: Kleavor\n|-supereffective|p2b: Kleavor|1\n|-damage|p2b: Kleavor|0 fnt\n|faint|p2b: Kleavor\n|move|p2a: Chesnaught|Body Press|p1a: Kingambit\n|-supereffective|p1a: Kingambit|2\n|-damage|p1a: Kingambit|0 fnt\n|faint|p1a: Kingambit\n|\n|upkeep\n|\n|t:|1776101625\n|switch|p1b: Garchomp|Garchomp, L50, F, shiny|100/100\n|switch|p2b: Slowking|Slowking-Galar, L50, F|100/100\n|switch|p1a: Incineroar|Incineroar, L50, M, shiny|100/100\n|-damage|p1b: Garchomp|94/100|[from] Stealth Rock\n|-damage|p1a: Incineroar|76/100|[from] Stealth Rock\n|-ability|p1a: Incineroar|Intimidate|boost\n|-unboost|p2a: Chesnaught|atk|1\n|-unboost|p2b: Slowking|atk|1\n|turn|3\n|\n|t:|1776101641\n|move|p1b: Garchomp|Earthquake|p2a: Chesnaught|[spread] p1a,p2a,p2b\n|-supereffective|p1a: Incineroar|1\n|-resisted|p2a: Chesnaught|1\n|-supereffective|p2b: Slowking|1\n|-damage|p1a: Incineroar|13/100\n|-damage|p2a: Chesnaught|73/100\n|-damage|p2b: Slowking|25/100\n|-enditem|p1a: Incineroar|Sitrus Berry|[eat]\n|-heal|p1a: Incineroar|38/100|[from] item: Sitrus Berry\n|move|p1a: Incineroar|Flare Blitz|p2a: Chesnaught\n|-supereffective|p2a: Chesnaught|1\n|-damage|p2a: Chesnaught|29/100\n|-damage|p1a: Incineroar|24/100|[from] Recoil\n|move|p2a: Chesnaught|Body Press|p1b: Garchomp\n|-damage|p1b: Garchomp|40/100\n|-damage|p2a: Chesnaught|16/100|[from] ability: Rough Skin|[of] p1b: Garchomp\n|move|p2b: Slowking|Sludge Bomb|p1b: Garchomp\n|-resisted|p1b: Garchomp|1\n|-damage|p1b: Garchomp|20/100\n|\n|upkeep\n|turn|4\n|l|\u2606RijdendeRechter\n|player|p2|\n|j|\u2606RijdendeRechter\n|player|p2|RijdendeRechter|roughneck-gen4|\n|\n|t:|1776101672\n|move|p2a: Chesnaught|Spiky Shield|p2a: Chesnaught\n|-singleturn|p2a: Chesnaught|move: Protect\n|move|p1b: Garchomp|Earthquake|p2a: Chesnaught|[spread] p1a,p2b\n|-activate|p2a: Chesnaught|move: Protect\n|-supereffective|p1a: Incineroar|1\n|-supereffective|p2b: Slowking|1\n|-damage|p1a: Incineroar|0 fnt\n|-damage|p2b: Slowking|0 fnt\n|faint|p1a: Incineroar\n|faint|p2b: Slowking\n|\n|upkeep\n|\n|t:|1776101678\n|switch|p2b: Aegislash|Aegislash, L50, F|100/100\n|turn|5\n|\n|t:|1776101681\n|move|p1b: Garchomp|Earthquake|p2b: Aegislash|[spread] p2a,p2b\n|-resisted|p2a: Chesnaught|1\n|-crit|p2a: Chesnaught\n|-supereffective|p2b: Aegislash|1\n|-damage|p2a: Chesnaught|3/100\n|-damage|p2b: Aegislash|36/100\n|-formechange|p2b: Aegislash|Aegislash-Blade|\n|move|p2b: Aegislash|Shadow Ball|p1b: Garchomp\n|-damage|p1b: Garchomp|0 fnt\n|faint|p1b: Garchomp\n|\n|win|RijdendeRechter\n|raw|Oras_4996's rating: 1330 &rarr; <strong>1317</strong><br />(-13 for losing)\n|raw|RijdendeRechter's rating: 1449 &rarr; <strong>1462</strong><br />(+13 for winning)\n|l|\u2606Oras_4996\n|player|p1|\n|l|\u2606RijdendeRechter\n|player|p2|\n|j|\u2606RijdendeRechter\n|player|p2|RijdendeRechter|roughneck-gen4|\n",
  "uploadtime": 1776101772,
  "views": 26,
  "formatid": "gen9championsvgc2026regma",
  "rating": 1317,
  "private": 0,
  "password": null
}