{
  "id": "gen9championsvgc2026regma-2588654349",
  "format": "[Gen 9 Champions] VGC 2026 Reg M-A",
  "players": [
    "taterstotz",
    "bastiodonfan"
  ],
  "log": "|j|\u203dtaterstotz\n|j|\u2606bastiodonfan\n|t:|1776654234\n|gametype|doubles\n|player|p1|taterstotz|266|1539\n|player|p2|bastiodonfan|colress|1499\n|gen|9\n|tier|[Gen 9 Champions] VGC 2026 Reg M-A\n|rated|\n|rule|Species Clause: Limit one of each Pok\u00e9mon\n|rule|Item Clause: Limit 1 of each item\n|clearpoke\n|poke|p1|Tyranitar, L50, F|\n|poke|p1|Excadrill, L50, F|\n|poke|p1|Rotom-Wash, L50|\n|poke|p1|Sinistcha, L50|\n|poke|p1|Gengar, L50, M|\n|poke|p1|Corviknight, L50, M|\n|poke|p2|Froslass, L50, F|\n|poke|p2|Incineroar, L50, M|\n|poke|p2|Kingambit, L50, M|\n|poke|p2|Sneasler, L50, M|\n|poke|p2|Primarina, L50, F|\n|poke|p2|Rotom-Wash, L50|\n|teampreview|4\n|inactive|Battle timer is ON: inactive players will automatically lose when time's up. (requested by taterstotz)\n|j| Ogirwun\n|inactive|bastiodonfan has 60 seconds left.\n|inactive|taterstotz has 60 seconds left.\n|\n|t:|1776654278\n|teamsize|p1|4\n|teamsize|p2|4\n|start\n|switch|p1a: Excadrill|Excadrill, L50, F|100/100\n|switch|p1b: Corviknight|Corviknight, L50, M|100/100\n|switch|p2a: Kingambit|Kingambit, L50, M|100/100\n|switch|p2b: Rotom|Rotom-Wash, L50|100/100\n|turn|1\n|inactive|bastiodonfan has 30 seconds left.\n|j| Lebronsmask\n|inactive|taterstotz has 30 seconds left.\n|inactive|bastiodonfan has 20 seconds left.\n|inactive|bastiodonfan has 15 seconds left.\n|\n|t:|1776654323\n|switch|p1b: Tyranitar|Tyranitar, L50, F|100/100\n|-weather|Sandstorm|[from] ability: Sand Stream|[of] p1b: Tyranitar\n|move|p2a: Kingambit|Sucker Punch|p1a: Excadrill\n|-damage|p1a: Excadrill|28/100\n|move|p1a: Excadrill|High Horsepower|p2a: Kingambit\n|-supereffective|p2a: Kingambit|1\n|-damage|p2a: Kingambit|6/100\n|move|p2b: Rotom|Hydro Pump|p1a: Excadrill\n|-supereffective|p1a: Excadrill|1\n|-damage|p1a: Excadrill|0 fnt\n|faint|p1a: Excadrill\n|\n|-weather|Sandstorm|[upkeep]\n|-damage|p2b: Rotom|95/100|[from] Sandstorm\n|upkeep\n|\n|t:|1776654333\n|switch|p1a: Rotom|Rotom-Wash, L50|100/100\n|turn|2\n|inactive|bastiodonfan has 30 seconds left.\n|\n|t:|1776654365\n|detailschange|p1b: Tyranitar|Tyranitar-Mega, L50, F\n|-mega|p1b: Tyranitar|Tyranitar|Tyranitarite\n|move|p2a: Kingambit|Sucker Punch||[still]\n|-fail|p2a: Kingambit\n|move|p2b: Rotom|Hydro Pump|p1b: Tyranitar\n|-supereffective|p1b: Tyranitar|1\n|-damage|p1b: Tyranitar|51/100\n|move|p1a: Rotom|Will-O-Wisp|p2a: Kingambit\n|-status|p2a: Kingambit|brn\n|move|p1b: Tyranitar|Knock Off|p2b: Rotom\n|-damage|p2b: Rotom|20/100\n|-enditem|p2b: Rotom|Choice Scarf|[from] move: Knock Off|[of] p1b: Tyranitar\n|\n|-weather|Sandstorm|[upkeep]\n|-damage|p2b: Rotom|14/100|[from] Sandstorm\n|-damage|p1a: Rotom|95/100|[from] Sandstorm\n|-damage|p2a: Kingambit|0 fnt|[from] brn\n|faint|p2a: Kingambit\n|upkeep\n|\n|t:|1776654372\n|switch|p2a: Froslass|Froslass, L50, F|100/100\n|turn|3\n|\n|t:|1776654381\n|switch|p1b: Corviknight|Corviknight, L50, M|100/100\n|detailschange|p2a: Froslass|Froslass-Mega, L50, F\n|-mega|p2a: Froslass|Froslass|Froslassite\n|-weather|Snowscape|[from] ability: Snow Warning|[of] p2a: Froslass\n|move|p2a: Froslass|Blizzard|p1a: Rotom|[spread] p1a,p1b\n|-resisted|p1a: Rotom|1\n|-damage|p1a: Rotom|70/100\n|-damage|p1b: Corviknight|66/100\n|move|p2b: Rotom|Thunderbolt|p1b: Corviknight\n|-supereffective|p1b: Corviknight|1\n|-damage|p1b: Corviknight|0 fnt\n|faint|p1b: Corviknight\n|move|p1a: Rotom|Thunderbolt|p2b: Rotom\n|-damage|p2b: Rotom|0 fnt\n|faint|p2b: Rotom\n|\n|-weather|Snowscape|[upkeep]\n|upkeep\n|\n|t:|1776654395\n|switch|p2b: Sneasler|Sneasler, L50, M|100/100\n|switch|p1b: Tyranitar|Tyranitar-Mega, L50, F|51/100\n|-weather|Sandstorm|[from] ability: Sand Stream|[of] p1b: Tyranitar\n|turn|4\n|\n|t:|1776654408\n|move|p2a: Froslass|Shadow Ball|p1a: Rotom\n|-damage|p1a: Rotom|18/100\n|-enditem|p1a: Rotom|Sitrus Berry|[eat]\n|-heal|p1a: Rotom|43/100|[from] item: Sitrus Berry\n|move|p2b: Sneasler|Close Combat|p1a: Rotom\n|-damage|p1a: Rotom|0 fnt\n|-unboost|p2b: Sneasler|def|1\n|-unboost|p2b: Sneasler|spd|1\n|faint|p1a: Rotom\n|-enditem|p2b: Sneasler|White Herb\n|-clearnegativeboost|p2b: Sneasler|[silent]\n|move|p1b: Tyranitar|Rock Slide|p2a: Froslass|[spread] p2a,p2b\n|-supereffective|p2a: Froslass|1\n|-resisted|p2b: Sneasler|1\n|-damage|p2a: Froslass|0 fnt\n|-damage|p2b: Sneasler|71/100\n|faint|p2a: Froslass\n|\n|-weather|Sandstorm|[upkeep]\n|-damage|p2b: Sneasler|65/100|[from] Sandstorm\n|upkeep\n|turn|5\n|\n|t:|1776654423\n|move|p2b: Sneasler|Close Combat|p1b: Tyranitar\n|-supereffective|p1b: Tyranitar|2\n|-damage|p1b: Tyranitar|0 fnt\n|-unboost|p2b: Sneasler|def|1\n|-unboost|p2b: Sneasler|spd|1\n|faint|p1b: Tyranitar\n|\n|win|bastiodonfan\n|raw|taterstotz's rating: 1539 &rarr; <strong>1517</strong><br />(-22 for losing)\n|raw|bastiodonfan's rating: 1499 &rarr; <strong>1521</strong><br />(+22 for winning)\n|l|\u203dtaterstotz\n|player|p1|\n|l|\u2606bastiodonfan\n|player|p2|\n",
  "uploadtime": 1776654441,
  "views": 11,
  "formatid": "gen9championsvgc2026regma",
  "rating": 1517,
  "private": 0,
  "password": null
}