{
  "id": "gen9championsvgc2026regma-2580321915",
  "format": "[Gen 9 Champions] VGC 2026 Reg M-A",
  "players": [
    "psych1corpsych0tic",
    "tf2026"
  ],
  "log": "|j|\u2606psych1corpsych0tic\n|j|\u2606tf2026\n|t:|1775880246\n|gametype|doubles\n|player|p1|psych1corpsych0tic|169|1083\n|player|p2|tf2026|102|1131\n|gen|9\n|tier|[Gen 9 Champions] VGC 2026 Reg M-A\n|rated|\n|rule|Species Clause: Limit one of each Pok\u00e9mon\n|rule|Item Clause: Limit 1 of each item\n|clearpoke\n|poke|p1|Golurk, L50|\n|poke|p1|Hatterene, L50, F|\n|poke|p1|Torkoal, L50, F|\n|poke|p1|Venusaur, L50, F|\n|poke|p1|Maushold, L50|\n|poke|p1|Hydreigon, L50, F|\n|poke|p2|Froslass, L50, F|\n|poke|p2|Milotic, L50, M|\n|poke|p2|Azumarill, L50, M|\n|poke|p2|Sinistcha-Masterpiece, L50|\n|poke|p2|Sneasler, L50, M|\n|poke|p2|Whimsicott, L50, M|\n|teampreview|4\n|\n|t:|1775880271\n|teamsize|p1|4\n|teamsize|p2|4\n|start\n|switch|p1a: Maushold|Maushold, L50|100/100\n|switch|p1b: Hatterene|Hatterene, L50, F|100/100\n|switch|p2a: Froslass|Froslass, L50, F|100/100\n|switch|p2b: Whimsicott|Whimsicott, L50, M|100/100\n|turn|1\n|\n|t:|1775880308\n|detailschange|p2a: Froslass|Froslass-Mega, L50, F\n|-mega|p2a: Froslass|Froslass|Froslassite\n|-weather|Snowscape|[from] ability: Snow Warning|[of] p2a: Froslass\n|move|p1a: Maushold|Follow Me|p1a: Maushold\n|-singleturn|p1a: Maushold|move: Follow Me\n|move|p2b: Whimsicott|Taunt|p1a: Maushold\n|-start|p1a: Maushold|move: Taunt\n|move|p2a: Froslass|Aurora Veil|p2a: Froslass\n|-sidestart|p2: tf2026|move: Aurora Veil\n|move|p1b: Hatterene|Trick Room|p1b: Hatterene\n|-fieldstart|move: Trick Room|[of] p1b: Hatterene\n|\n|-weather|Snowscape|[upkeep]\n|upkeep\n|turn|2\n|\n|t:|1775880356\n|switch|p1a: Torkoal|Torkoal, L50, F|100/100\n|-weather|SunnyDay|[from] ability: Drought|[of] p1a: Torkoal\n|move|p1b: Hatterene|Protect|p1b: Hatterene\n|-singleturn|p1b: Hatterene|Protect\n|move|p2b: Whimsicott|Moonblast|p1b: Hatterene\n|-activate|p1b: Hatterene|move: Protect\n|move|p2a: Froslass|Blizzard|p1b: Hatterene|[spread] \n|-activate|p1b: Hatterene|move: Protect\n|-miss|p2a: Froslass|p1a: Torkoal\n|\n|-weather|SunnyDay|[upkeep]\n|upkeep\n|turn|3\n|\n|t:|1775880384\n|switch|p2a: Azumarill|Azumarill, L50, M|100/100\n|move|p1a: Torkoal|Eruption|p2a: Azumarill|[spread] p2a,p2b\n|-resisted|p2a: Azumarill|1\n|-supereffective|p2b: Whimsicott|1\n|-damage|p2a: Azumarill|72/100\n|-enditem|p2b: Whimsicott|Focus Sash\n|-damage|p2b: Whimsicott|1/100\n|move|p1b: Hatterene|Dazzling Gleam|p2b: Whimsicott|[spread] p2a,p2b\n|-damage|p2a: Azumarill|43/100\n|-damage|p2b: Whimsicott|0 fnt\n|-enditem|p2a: Azumarill|Sitrus Berry|[eat]\n|-heal|p2a: Azumarill|68/100|[from] item: Sitrus Berry\n|faint|p2b: Whimsicott\n|\n|-weather|SunnyDay|[upkeep]\n|upkeep\n|\n|t:|1775880390\n|switch|p2b: Sinistcha|Sinistcha-Masterpiece, L50|100/100\n|-heal|p2a: Azumarill|93/100|[from] ability: Hospitality|[of] p2b: Sinistcha\n|turn|4\n|\n|t:|1775880425\n|switch|p2b: Froslass|Froslass-Mega, L50, F|100/100\n|-weather|Snowscape|[from] ability: Snow Warning|[of] p2b: Froslass\n|move|p2a: Azumarill|Aqua Jet|p1a: Torkoal\n|-supereffective|p1a: Torkoal|1\n|-damage|p1a: Torkoal|62/100\n|move|p1a: Torkoal|Eruption|p2b: Froslass|[spread] p2a,p2b\n|-resisted|p2a: Azumarill|1\n|-supereffective|p2b: Froslass|1\n|-damage|p2a: Azumarill|82/100\n|-damage|p2b: Froslass|42/100\n|move|p1b: Hatterene|Psychic|p2a: Azumarill\n|-damage|p2a: Azumarill|45/100\n|\n|-weather|Snowscape|[upkeep]\n|upkeep\n|turn|5\n|\n|t:|1775880465\n|switch|p1a: Maushold|Maushold, L50|100/100\n|move|p2b: Froslass|Protect|p2b: Froslass\n|-singleturn|p2b: Froslass|Protect\n|move|p1b: Hatterene|Psychic|p2b: Froslass\n|-activate|p2b: Froslass|move: Protect\n|move|p2a: Azumarill|Knock Off|p1b: Hatterene\n|-damage|p1b: Hatterene|66/100\n|-enditem|p1b: Hatterene|Fairy Feather|[from] move: Knock Off|[of] p2a: Azumarill\n|\n|-weather|Snowscape|[upkeep]\n|-sideend|p2: tf2026|move: Aurora Veil\n|-fieldend|move: Trick Room\n|upkeep\n|turn|6\n|\n|t:|1775880493\n|move|p1a: Maushold|Follow Me|p1a: Maushold\n|-singleturn|p1a: Maushold|move: Follow Me\n|move|p2b: Froslass|Blizzard|p1b: Hatterene|[spread] p1a,p1b\n|-damage|p1a: Maushold|47/100\n|-damage|p1b: Hatterene|27/100\n|move|p2a: Azumarill|Knock Off|p1a: Maushold\n|-damage|p1a: Maushold|0 fnt\n|-enditem|p1a: Maushold|Chople Berry|[from] move: Knock Off|[of] p2a: Azumarill\n|faint|p1a: Maushold\n|move|p1b: Hatterene|Trick Room|p1b: Hatterene\n|-fieldstart|move: Trick Room|[of] p1b: Hatterene\n|\n|-weather|Snowscape|[upkeep]\n|upkeep\n|\n|t:|1775880506\n|switch|p1a: Torkoal|Torkoal, L50, F|62/100\n|-weather|SunnyDay|[from] ability: Drought|[of] p1a: Torkoal\n|turn|7\n|\n|t:|1775880532\n|switch|p2b: Sinistcha|Sinistcha-Masterpiece, L50|100/100\n|-heal|p2a: Azumarill|70/100|[from] ability: Hospitality|[of] p2b: Sinistcha\n|move|p2a: Azumarill|Aqua Jet|p1a: Torkoal\n|-supereffective|p1a: Torkoal|1\n|-damage|p1a: Torkoal|45/100\n|move|p1a: Torkoal|Heat Wave|p2b: Sinistcha|[spread] p2a\n|-miss|p1a: Torkoal|p2b: Sinistcha\n|-resisted|p2a: Azumarill|1\n|-damage|p2a: Azumarill|42/100\n|-status|p2a: Azumarill|brn\n|move|p1b: Hatterene|Psychic|p2a: Azumarill\n|-damage|p2a: Azumarill|0 fnt\n|faint|p2a: Azumarill\n|\n|-weather|SunnyDay|[upkeep]\n|upkeep\n|inactive|Battle timer is ON: inactive players will automatically lose when time's up. (requested by psych1corpsych0tic)\n|\n|t:|1775880544\n|switch|p2a: Froslass|Froslass-Mega, L50, F|42/100\n|-weather|Snowscape|[from] ability: Snow Warning|[of] p2a: Froslass\n|turn|8\n|inactive|psych1corpsych0tic has 30 seconds left.\n|\n|t:|1775880571\n|move|p2a: Froslass|Protect|p2a: Froslass\n|-singleturn|p2a: Froslass|Protect\n|move|p1a: Torkoal|Heat Wave|p2b: Sinistcha|[spread] \n|-activate|p2a: Froslass|move: Protect\n|-miss|p1a: Torkoal|p2b: Sinistcha\n|move|p1b: Hatterene|Psychic|p2b: Sinistcha\n|-damage|p2b: Sinistcha|43/100\n|move|p2b: Sinistcha|Shadow Ball|p1a: Torkoal\n|-damage|p1a: Torkoal|0 fnt\n|faint|p1a: Torkoal\n|\n|-weather|Snowscape|[upkeep]\n|upkeep\n|\n|t:|1775880584\n|switch|p1a: Golurk|Golurk, L50|100/100\n|turn|9\n|\n|t:|1775880601\n|detailschange|p1a: Golurk|Golurk-Mega, L50\n|-mega|p1a: Golurk|Golurk|Golurkite\n|move|p1b: Hatterene|Psychic|p2b: Sinistcha\n|-damage|p2b: Sinistcha|0 fnt\n|faint|p2b: Sinistcha\n|move|p1a: Golurk|Headlong Rush|p2a: Froslass\n|-damage|p2a: Froslass|0 fnt\n|-unboost|p1a: Golurk|def|1\n|-unboost|p1a: Golurk|spd|1\n|faint|p2a: Froslass\n|\n|win|psych1corpsych0tic\n|raw|psych1corpsych0tic's rating: 1083 &rarr; <strong>1116</strong><br />(+33 for winning)\n|raw|tf2026's rating: 1155 &rarr; <strong>1125</strong><br />(-30 for losing)\n|l|\u2606tf2026\n|player|p2|\n",
  "uploadtime": 1775880615,
  "views": 25,
  "formatid": "gen9championsvgc2026regma",
  "rating": 1116,
  "private": 0,
  "password": null
}