{
  "id": "gen9championsvgc2026regma-2586903502",
  "format": "[Gen 9 Champions] VGC 2026 Reg M-A",
  "players": [
    "TURTLE_GR",
    "loklastaji"
  ],
  "log": "|j|\u2606TURTLE_GR\n|j|\u2606loklastaji\n|t:|1776470263\n|gametype|doubles\n|player|p1|TURTLE_GR|fisherman|1092\n|player|p2|loklastaji|2|1125\n|gen|9\n|tier|[Gen 9 Champions] VGC 2026 Reg M-A\n|rated|\n|rule|Species Clause: Limit one of each Pok\u00e9mon\n|rule|Item Clause: Limit 1 of each item\n|clearpoke\n|poke|p1|Charizard, L50, F|\n|poke|p1|Sneasler, L50, F|\n|poke|p1|Basculegion, L50, M|\n|poke|p1|Garchomp, L50, F|\n|poke|p1|Incineroar, L50, F|\n|poke|p1|Venusaur, L50, F|\n|poke|p2|Samurott-Hisui, L50, F|\n|poke|p2|Delphox, L50, F|\n|poke|p2|Tinkaton, L50, F|\n|poke|p2|Decidueye-Hisui, L50, F|\n|poke|p2|Altaria, L50, M|\n|poke|p2|Farigiraf, L50, F|\n|teampreview|4\n|\n|t:|1776470304\n|teamsize|p1|4\n|teamsize|p2|4\n|start\n|switch|p1a: Charizard|Charizard, L50, F, shiny|100/100\n|switch|p1b: Venusaur|Venusaur, L50, F|100/100\n|switch|p2a: Farigiraf|Farigiraf, L50, F|100/100\n|switch|p2b: Delphox|Delphox, L50, F|100/100\n|turn|1\n|\n|t:|1776470325\n|switch|p2a: Altaria|Altaria, L50, M|100/100\n|-ability|p2a: Altaria|Cloud Nine\n|detailschange|p2b: Delphox|Delphox-Mega, L50, F\n|-mega|p2b: Delphox|Delphox|Delphoxite\n|detailschange|p1a: Charizard|Charizard-Mega-Y, L50, F, shiny\n|-mega|p1a: Charizard|Charizard|Charizardite Y\n|-weather|SunnyDay|[from] ability: Drought|[of] p1a: Charizard\n|move|p2b: Delphox|Heat Wave|p1a: Charizard|[spread] p1a,p1b\n|-resisted|p1a: Charizard|1\n|-supereffective|p1b: Venusaur|1\n|-damage|p1a: Charizard|78/100\n|-damage|p1b: Venusaur|8/100\n|move|p1a: Charizard|Heat Wave|p2a: Altaria|[spread] p2b\n|-miss|p1a: Charizard|p2a: Altaria\n|-resisted|p2b: Delphox|1\n|-damage|p2b: Delphox|78/100\n|move|p1b: Venusaur|Sleep Powder|p2a: Altaria\n|-status|p2a: Altaria|slp|[from] move: Sleep Powder\n|\n|-weather|SunnyDay|[upkeep]\n|upkeep\n|turn|2\n|\n|t:|1776470359\n|switch|p1b: Incineroar|Incineroar, L50, F|100/100\n|-ability|p1b: Incineroar|Intimidate|boost\n|-unboost|p2a: Altaria|atk|1\n|-unboost|p2b: Delphox|atk|1\n|move|p2b: Delphox|Heat Wave|p1b: Incineroar|[spread] p1a,p1b\n|-resisted|p1a: Charizard|1\n|-resisted|p1b: Incineroar|1\n|-crit|p1b: Incineroar\n|-damage|p1a: Charizard|56/100\n|-damage|p1b: Incineroar|65/100\n|move|p1a: Charizard|Air Slash|p2b: Delphox\n|-crit|p2b: Delphox\n|-damage|p2b: Delphox|6/100\n|cant|p2a: Altaria|slp\n|\n|-weather|SunnyDay|[upkeep]\n|upkeep\n|turn|3\n|\n|t:|1776470382\n|switch|p2a: Farigiraf|Farigiraf, L50, F|100/100\n|move|p1b: Incineroar|Fake Out||[still]\n|cant|p2a: Farigiraf|ability: Armor Tail|Fake Out|[of] p1b: Incineroar\n|move|p2b: Delphox|Expanding Force|p1a: Charizard\n|-damage|p1a: Charizard|2/100\n|move|p1a: Charizard|Air Slash|p2a: Farigiraf\n|-damage|p2a: Farigiraf|48/100\n|\n|-weather|SunnyDay|[upkeep]\n|upkeep\n|turn|4\n|\n|t:|1776470424\n|move|p2b: Delphox|Protect|p2b: Delphox\n|-singleturn|p2b: Delphox|Protect\n|move|p1a: Charizard|Protect|p1a: Charizard\n|-singleturn|p1a: Charizard|Protect\n|move|p2a: Farigiraf|Protect|p2a: Farigiraf\n|-singleturn|p2a: Farigiraf|Protect\n|move|p1b: Incineroar|Darkest Lariat|p2a: Farigiraf\n|-activate|p2a: Farigiraf|move: Protect\n|\n|-weather|SunnyDay|[upkeep]\n|upkeep\n|turn|5\n|\n|t:|1776470441\n|switch|p1a: Venusaur|Venusaur, L50, F|8/100\n|switch|p2a: Samurott|Samurott-Hisui, L50, F|100/100\n|move|p2b: Delphox|Heat Wave|p1b: Incineroar|[spread] p1a,p1b\n|-supereffective|p1a: Venusaur|1\n|-resisted|p1b: Incineroar|1\n|-damage|p1a: Venusaur|0 fnt\n|-damage|p1b: Incineroar|32/100\n|-enditem|p1b: Incineroar|Sitrus Berry|[eat]\n|-heal|p1b: Incineroar|57/100|[from] item: Sitrus Berry\n|faint|p1a: Venusaur\n|move|p1b: Incineroar|Darkest Lariat|p2a: Samurott\n|-resisted|p2a: Samurott|1\n|-damage|p2a: Samurott|77/100\n|\n|-weather|none\n|upkeep\n|\n|t:|1776470457\n|switch|p1a: Charizard|Charizard-Mega-Y, L50, F, shiny|2/100\n|-weather|SunnyDay|[from] ability: Drought|[of] p1a: Charizard\n|turn|6\n|\n|t:|1776470464\n|move|p1a: Charizard|Protect|p1a: Charizard\n|-singleturn|p1a: Charizard|Protect\n|move|p2b: Delphox|Expanding Force|p1a: Charizard\n|-activate|p1a: Charizard|move: Protect\n|move|p2a: Samurott|Sacred Sword|p1b: Incineroar\n|-supereffective|p1b: Incineroar|1\n|-damage|p1b: Incineroar|0 fnt\n|faint|p1b: Incineroar\n|\n|-weather|SunnyDay|[upkeep]\n|upkeep\n|\n|t:|1776470473\n|switch|p1b: Sneasler|Sneasler, L50, F|100/100\n|turn|7\n|\n|t:|1776470490\n|switch|p2a: Farigiraf|Farigiraf, L50, F|48/100\n|move|p1a: Charizard|Protect||[still]\n|-fail|p1a: Charizard\n|move|p2b: Delphox|Heat Wave|p1b: Sneasler|[spread] p1a,p1b\n|-resisted|p1a: Charizard|1\n|-damage|p1a: Charizard|0 fnt\n|-damage|p1b: Sneasler|9/100\n|faint|p1a: Charizard\n|move|p1b: Sneasler|Rock Slide|p2b: Delphox|[spread] p2a,p2b\n|-supereffective|p2b: Delphox|1\n|-damage|p2a: Farigiraf|28/100\n|-damage|p2b: Delphox|0 fnt\n|faint|p2b: Delphox\n|\n|-weather|SunnyDay|[upkeep]\n|upkeep\n|\n|t:|1776470506\n|switch|p2b: Samurott|Samurott-Hisui, L50, F|77/100\n|turn|8\n|\n|t:|1776470511\n|move|p2b: Samurott|Sucker Punch|p1b: Sneasler\n|-resisted|p1b: Sneasler|1\n|-damage|p1b: Sneasler|0 fnt\n|faint|p1b: Sneasler\n|\n|win|loklastaji\n|raw|TURTLE_GR's rating: 1092 &rarr; <strong>1070</strong><br />(-22 for losing)\n|raw|loklastaji's rating: 1125 &rarr; <strong>1148</strong><br />(+23 for winning)\n|l|\u2606TURTLE_GR\n|player|p1|\n",
  "uploadtime": 1776470517,
  "views": 19,
  "formatid": "gen9championsvgc2026regma",
  "rating": 1070,
  "private": 0,
  "password": null
}