{
  "id": "gen9championsvgc2026regma-2589511282",
  "format": "[Gen 9 Champions] VGC 2026 Reg M-A",
  "players": [
    "guioguoguo",
    "mayterenzi"
  ],
  "log": "|j|\u2606guioguoguo\n|j|\u2606mayterenzi\n|t:|1776729617\n|gametype|doubles\n|player|p1|guioguoguo|266|1105\n|player|p2|mayterenzi|guitarist|1087\n|gen|9\n|tier|[Gen 9 Champions] VGC 2026 Reg M-A\n|rated|\n|rule|Species Clause: Limit one of each Pok\u00e9mon\n|rule|Item Clause: Limit 1 of each item\n|clearpoke\n|poke|p1|Excadrill, L50, M, shiny|\n|poke|p1|Hawlucha, L50, F, shiny|\n|poke|p1|Tyranitar, L50, M, shiny|\n|poke|p1|Espathra, L50, F, shiny|\n|poke|p1|Sinistcha, L50, shiny|\n|poke|p1|Incineroar, L50, M, shiny|\n|poke|p2|Ninetales, L50, F|\n|poke|p2|Politoed, L50, F|\n|poke|p2|Clefable, L50, F|\n|poke|p2|Castform, L50, F|\n|poke|p2|Vanilluxe, L50, F|\n|poke|p2|Tyranitar, L50, F|\n|teampreview|4\n|inactive|Battle timer is ON: inactive players will automatically lose when time's up. (requested by mayterenzi)\n|\n|t:|1776729667\n|teamsize|p1|4\n|teamsize|p2|4\n|start\n|switch|p1a: Excadrill|Excadrill, L50, M, shiny|100/100\n|switch|p1b: Hawlucha|Hawlucha, L50, F, shiny|100/100\n|switch|p2a: Vanilluxe|Vanilluxe, L50, F|100/100\n|switch|p2b: Castform|Castform, L50, F|100/100\n|-ability|p1b: Hawlucha|Mold Breaker\n|-weather|Snowscape|[from] ability: Snow Warning|[of] p2a: Vanilluxe\n|-formechange|p2b: Castform|Castform-Snowy|[msg]|[from] ability: Forecast\n|turn|1\n|inactive|guioguoguo has 30 seconds left.\n|inactive|guioguoguo has 20 seconds left.\n|inactive|guioguoguo has 15 seconds left.\n|\n|t:|1776729708\n|detailschange|p1b: Hawlucha|Hawlucha-Mega, L50, F, shiny\n|-mega|p1b: Hawlucha|Hawlucha|Hawluchanite\n|move|p1b: Hawlucha|Entrainment|p1a: Excadrill\n|-ability|p1a: Excadrill|No Guard|Sand Rush|[from] move: Entrainment|[of] p1b: Hawlucha\n|move|p2b: Castform|Blizzard|p1b: Hawlucha|[spread] p1a,p1b\n|-supereffective|p1b: Hawlucha|1\n|-damage|p1a: Excadrill|69/100\n|-damage|p1b: Hawlucha|27/100\n|move|p2a: Vanilluxe|Blizzard|p1b: Hawlucha|[spread] p1a,p1b\n|-supereffective|p1b: Hawlucha|1\n|-damage|p1a: Excadrill|14/100\n|-damage|p1b: Hawlucha|0 fnt\n|faint|p1b: Hawlucha\n|move|p1a: Excadrill|Horn Drill|p2a: Vanilluxe\n|-damage|p2a: Vanilluxe|0 fnt\n|faint|p2a: Vanilluxe\n|-ohko\n|\n|-weather|Snowscape|[upkeep]\n|upkeep\n|inactive|guioguoguo has 30 seconds left.\n|\n|t:|1776729738\n|switch|p1b: Espathra|Espathra, L50, F, shiny|100/100\n|switch|p2a: Politoed|Politoed, L50, F|100/100\n|-weather|RainDance|[from] ability: Drizzle|[of] p2a: Politoed\n|-formechange|p2b: Castform|Castform-Rainy|[msg]|[from] ability: Forecast\n|turn|2\n|\n|t:|1776729762\n|move|p1b: Espathra|Protect|p1b: Espathra\n|-singleturn|p1b: Espathra|Protect\n|move|p1a: Excadrill|Protect|p1a: Excadrill\n|-singleturn|p1a: Excadrill|Protect\n|move|p2b: Castform|Hurricane|p1b: Espathra\n|-activate|p1b: Espathra|move: Protect\n|move|p2a: Politoed|Chilling Water|p1a: Excadrill\n|-activate|p1a: Excadrill|move: Protect\n|\n|-weather|RainDance|[upkeep]\n|-ability|p1b: Espathra|Speed Boost|boost\n|-boost|p1b: Espathra|spe|1\n|upkeep\n|turn|3\n|inactive|guioguoguo has 30 seconds left.\n|inactive|guioguoguo has 20 seconds left.\n|inactive|guioguoguo has 15 seconds left.\n|\n|t:|1776729805\n|move|p1b: Espathra|Calm Mind|p1b: Espathra\n|-boost|p1b: Espathra|spa|1\n|-boost|p1b: Espathra|spd|1\n|move|p2b: Castform|Hurricane|p1b: Espathra\n|-damage|p1b: Espathra|78/100\n|-start|p1b: Espathra|confusion\n|move|p2a: Politoed|Encore|p1a: Excadrill\n|-start|p1a: Excadrill|Encore\n|move|p1a: Excadrill|Protect||[still]\n|-fail|p1a: Excadrill\n|\n|-weather|RainDance|[upkeep]\n|-ability|p1b: Espathra|Speed Boost|boost\n|-boost|p1b: Espathra|spe|1\n|upkeep\n|turn|4\n|inactive|guioguoguo has 30 seconds left.\n|\n|t:|1776729831\n|-activate|p1b: Espathra|confusion\n|-damage|p1b: Espathra|71/100|[from] confusion\n|move|p1a: Excadrill|Protect|p1a: Excadrill\n|-singleturn|p1a: Excadrill|Protect\n|move|p2b: Castform|Weather Ball|p1b: Espathra\n|-damage|p1b: Espathra|26/100\n|move|p2a: Politoed|Chilling Water|p1a: Excadrill\n|-activate|p1a: Excadrill|move: Protect\n|\n|-weather|RainDance|[upkeep]\n|-ability|p1b: Espathra|Speed Boost|boost\n|-boost|p1b: Espathra|spe|1\n|upkeep\n|turn|5\n|inactive|guioguoguo has 30 seconds left.\n|\n|t:|1776729859\n|move|p1a: Excadrill|Protect|p1a: Excadrill\n|-singleturn|p1a: Excadrill|Protect\n|-activate|p1b: Espathra|confusion\n|move|p1b: Espathra|Stored Power|p2b: Castform\n|-enditem|p2b: Castform|Focus Sash\n|-damage|p2b: Castform|1/100\n|move|p2b: Castform|Hurricane|p1b: Espathra\n|-damage|p1b: Espathra|4/100\n|move|p2a: Politoed|Chilling Water|p1a: Excadrill\n|-activate|p1a: Excadrill|move: Protect\n|\n|-weather|RainDance|[upkeep]\n|-end|p1a: Excadrill|Encore\n|-ability|p1b: Espathra|Speed Boost|boost\n|-boost|p1b: Espathra|spe|1\n|upkeep\n|turn|6\n|inactive|mayterenzi has 30 seconds left.\n|\n|t:|1776729888\n|-end|p1b: Espathra|confusion\n|move|p1b: Espathra|Dazzling Gleam|p2b: Castform|[spread] p2a,p2b\n|-crit|p2a: Politoed\n|-damage|p2a: Politoed|64/100\n|-damage|p2b: Castform|0 fnt\n|faint|p2b: Castform\n|move|p2a: Politoed|Chilling Water|p1a: Excadrill\n|-supereffective|p1a: Excadrill|1\n|-damage|p1a: Excadrill|0 fnt\n|faint|p1a: Excadrill\n|\n|-weather|none\n|-ability|p1b: Espathra|Speed Boost|boost\n|-boost|p1b: Espathra|spe|1\n|upkeep\n|\n|t:|1776729900\n|switch|p2b: Clefable|Clefable, L50, F|100/100\n|switch|p1a: Sinistcha|Sinistcha, L50, shiny|100/100\n|-heal|p1b: Espathra|29/100|[from] ability: Hospitality|[of] p1a: Sinistcha\n|turn|7\n|\n|t:|1776729919\n|detailschange|p2b: Clefable|Clefable-Mega, L50, F\n|-mega|p2b: Clefable|Clefable|Clefablite\n|move|p1b: Espathra|Stored Power|p2b: Clefable\n|-damage|p2b: Clefable|3/100\n|move|p1a: Sinistcha|Matcha Gotcha|p2a: Politoed|[spread] p2a,p2b\n|-supereffective|p2a: Politoed|1\n|-crit|p2a: Politoed\n|-resisted|p2b: Clefable|1\n|-damage|p2a: Politoed|0 fnt\n|-damage|p2b: Clefable|0 fnt\n|faint|p2a: Politoed\n|faint|p2b: Clefable\n|\n|win|guioguoguo\n|raw|guioguoguo's rating: 1105 &rarr; <strong>1129</strong><br />(+24 for winning)\n|raw|mayterenzi's rating: 1087 &rarr; <strong>1065</strong><br />(-22 for losing)\n|l|\u2606mayterenzi\n|player|p2|\n",
  "uploadtime": 1776729964,
  "views": 3,
  "formatid": "gen9championsvgc2026regma",
  "rating": 1065,
  "private": 0,
  "password": null
}