{
  "id": "gen9championsvgc2026regma-2583502866",
  "format": "[Gen 9 Champions] VGC 2026 Reg M-A",
  "players": [
    "smk1111",
    "drake78976"
  ],
  "log": "|j|\u2606smk1111\n|j|\u2606drake78976\n|t:|1776179748\n|gametype|doubles\n|player|p1|smk1111|pokemaniac|1182\n|player|p2|drake78976|li|1138\n|gen|9\n|tier|[Gen 9 Champions] VGC 2026 Reg M-A\n|rated|\n|rule|Species Clause: Limit one of each Pok\u00e9mon\n|rule|Item Clause: Limit 1 of each item\n|clearpoke\n|poke|p1|Chesnaught, L50, M|\n|poke|p1|Pelipper, L50, M|\n|poke|p1|Archaludon, L50, M|\n|poke|p1|Basculegion, L50, M|\n|poke|p1|Kingambit, L50, M|\n|poke|p1|Incineroar, L50, M|\n|poke|p2|Kingambit, L50, M|\n|poke|p2|Froslass, L50, F|\n|poke|p2|Kommo-o, L50, F|\n|poke|p2|Incineroar, L50, M|\n|poke|p2|Glimmora, L50, F|\n|poke|p2|Whimsicott, L50, M|\n|teampreview|4\n|\n|t:|1776179798\n|teamsize|p1|4\n|teamsize|p2|4\n|start\n|switch|p1a: Incineroar|Incineroar, L50, M, shiny|100/100\n|switch|p1b: Pelipper|Pelipper, L50, M, shiny|100/100\n|switch|p2a: Incineroar|Incineroar, L50, M|100/100\n|switch|p2b: Kommo-o|Kommo-o, L50, F|100/100\n|-weather|RainDance|[from] ability: Drizzle|[of] p1b: Pelipper\n|-ability|p1a: Incineroar|Intimidate|boost\n|-unboost|p2a: Incineroar|atk|1\n|-unboost|p2b: Kommo-o|atk|1\n|-ability|p2a: Incineroar|Intimidate|boost\n|-unboost|p1a: Incineroar|atk|1\n|-unboost|p1b: Pelipper|atk|1\n|turn|1\n|inactive|Battle timer is ON: inactive players will automatically lose when time's up. (requested by smk1111)\n|\n|t:|1776179822\n|switch|p2b: Froslass|Froslass, L50, F|100/100\n|move|p1a: Incineroar|Fake Out|p2a: Incineroar\n|-damage|p2a: Incineroar|95/100\n|cant|p2a: Incineroar|flinch\n|move|p1b: Pelipper|Tailwind|p1b: Pelipper\n|-sidestart|p1: smk1111|move: Tailwind\n|\n|-weather|RainDance|[upkeep]\n|upkeep\n|turn|2\n|\n|t:|1776179843\n|detailschange|p2b: Froslass|Froslass-Mega, L50, F\n|-mega|p2b: Froslass|Froslass|Froslassite\n|-weather|Snowscape|[from] ability: Snow Warning|[of] p2b: Froslass\n|move|p1b: Pelipper|Weather Ball|p2a: Incineroar\n|-resisted|p2a: Incineroar|1\n|-damage|p2a: Incineroar|83/100\n|move|p1a: Incineroar|Taunt|p2b: Froslass\n|-start|p2b: Froslass|move: Taunt\n|move|p2b: Froslass|Blizzard|p1b: Pelipper|[spread] p1a,p1b\n|-resisted|p1a: Incineroar|1\n|-damage|p1a: Incineroar|74/100\n|-damage|p1b: Pelipper|23/100\n|move|p2a: Incineroar|Darkest Lariat|p1b: Pelipper\n|-damage|p1b: Pelipper|0 fnt\n|faint|p1b: Pelipper\n|\n|-weather|Snowscape|[upkeep]\n|upkeep\n|\n|t:|1776179859\n|switch|p1b: Chesnaught|Chesnaught, L50, M, shiny|100/100\n|turn|3\n|\n|t:|1776179877\n|detailschange|p1b: Chesnaught|Chesnaught-Mega, L50, M, shiny\n|-mega|p1b: Chesnaught|Chesnaught|Chesnaughtite\n|move|p1b: Chesnaught|Spiky Shield|p1b: Chesnaught\n|-singleturn|p1b: Chesnaught|move: Protect\n|move|p1a: Incineroar|Parting Shot|p2b: Froslass\n|-unboost|p2b: Froslass|atk|1\n|-unboost|p2b: Froslass|spa|1\n|\n|t:|1776179884\n|switch|p1a: Basculegion|Basculegion, L50, M, shiny|100/100|[from] Parting Shot\n|move|p2b: Froslass|Blizzard|p1a: Basculegion|[spread] p1a\n|-activate|p1b: Chesnaught|move: Protect\n|-resisted|p1a: Basculegion|1\n|-damage|p1a: Basculegion|88/100\n|-status|p1a: Basculegion|frz\n|move|p2a: Incineroar|Flare Blitz|p1a: Basculegion\n|-resisted|p1a: Basculegion|1\n|-damage|p1a: Basculegion|68/100 frz\n|-curestatus|p1a: Basculegion|frz|[msg]\n|-damage|p2a: Incineroar|76/100|[from] Recoil\n|\n|-weather|Snowscape|[upkeep]\n|upkeep\n|turn|4\n|inactive|drake78976 has 30 seconds left.\n|\n|t:|1776179912\n|switch|p2a: Kommo-o|Kommo-o, L50, F|100/100\n|move|p1a: Basculegion|Last Respects|p2b: Froslass\n|-supereffective|p2b: Froslass|1\n|-damage|p2b: Froslass|0 fnt\n|faint|p2b: Froslass\n|move|p1b: Chesnaught|Drain Punch|p2a: Kommo-o\n|-damage|p2a: Kommo-o|68/100\n|\n|-weather|Snowscape|[upkeep]\n|-sideend|p1: smk1111|move: Tailwind\n|upkeep\n|\n|t:|1776179926\n|switch|p2b: Incineroar|Incineroar, L50, M|76/100\n|-ability|p2b: Incineroar|Intimidate|boost\n|-unboost|p1a: Basculegion|atk|1\n|-unboost|p1b: Chesnaught|atk|1\n|turn|5\n|\n|t:|1776179941\n|switch|p1a: Incineroar|Incineroar, L50, M, shiny|74/100\n|-ability|p1a: Incineroar|Intimidate|boost\n|-unboost|p2a: Kommo-o|atk|1\n|-unboost|p2b: Incineroar|atk|1\n|switch|p2b: Kingambit|Kingambit, L50, M|100/100\n|move|p1b: Chesnaught|Spiky Shield|p1b: Chesnaught\n|-singleturn|p1b: Chesnaught|move: Protect\n|move|p2a: Kommo-o|Dragon Pulse|p1a: Incineroar\n|-damage|p1a: Incineroar|25/100\n|-enditem|p1a: Incineroar|Sitrus Berry|[eat]\n|-heal|p1a: Incineroar|50/100|[from] item: Sitrus Berry\n|\n|-weather|Snowscape|[upkeep]\n|upkeep\n|turn|6\n|inactive|smk1111 has 30 seconds left.\n|inactive|drake78976 has 30 seconds left.\n|\n|t:|1776179976\n|switch|p2b: Incineroar|Incineroar, L50, M|76/100\n|-ability|p2b: Incineroar|Intimidate|boost\n|-unboost|p1a: Incineroar|atk|1\n|-unboost|p1b: Chesnaught|atk|1\n|move|p1a: Incineroar|Fake Out|p2b: Incineroar\n|-damage|p2b: Incineroar|70/100\n|move|p2a: Kommo-o|Dragon Pulse|p1a: Incineroar\n|-damage|p1a: Incineroar|5/100\n|move|p1b: Chesnaught|Drain Punch|p2a: Kommo-o\n|-damage|p2a: Kommo-o|51/100\n|\n|-weather|none\n|upkeep\n|turn|7\n|inactive|drake78976 has 30 seconds left.\n|\n|t:|1776180006\n|switch|p1b: Basculegion|Basculegion, L50, M, shiny|68/100\n|move|p2a: Kommo-o|Dragon Pulse|p1a: Incineroar\n|-damage|p1a: Incineroar|0 fnt\n|faint|p1a: Incineroar\n|move|p2b: Incineroar|Parting Shot|p1b: Basculegion\n|-unboost|p1b: Basculegion|atk|1\n|-unboost|p1b: Basculegion|spa|1\n|\n|t:|1776180015\n|switch|p2b: Kingambit|Kingambit, L50, M|100/100|[from] Parting Shot\n|\n|upkeep\n|\n|t:|1776180018\n|switch|p1a: Chesnaught|Chesnaught-Mega, L50, M, shiny|100/100\n|turn|8\n|\n|t:|1776180035\n|switch|p2a: Incineroar|Incineroar, L50, M|70/100\n|-ability|p2a: Incineroar|Intimidate|boost\n|-unboost|p1a: Chesnaught|atk|1\n|-unboost|p1b: Basculegion|atk|1\n|move|p2b: Kingambit|Sucker Punch|p1b: Basculegion\n|-supereffective|p1b: Basculegion|1\n|-damage|p1b: Basculegion|0 fnt\n|faint|p1b: Basculegion\n|move|p1a: Chesnaught|Drain Punch|p2b: Kingambit\n|-supereffective|p2b: Kingambit|2\n|-enditem|p2b: Kingambit|Chople Berry|[eat]\n|-enditem|p2b: Kingambit|Chople Berry|[weaken]\n|-damage|p2b: Kingambit|62/100\n|\n|upkeep\n|turn|9\n|\n|t:|1776180054\n|switch|p2b: Kommo-o|Kommo-o, L50, F|51/100\n|move|p1a: Chesnaught|Drain Punch|p2b: Kommo-o\n|-crit|p2b: Kommo-o\n|-damage|p2b: Kommo-o|0 fnt\n|faint|p2b: Kommo-o\n|move|p2a: Incineroar|Parting Shot|p1a: Chesnaught\n|-unboost|p1a: Chesnaught|atk|1\n|-unboost|p1a: Chesnaught|spa|1\n|\n|t:|1776180063\n|switch|p2a: Kingambit|Kingambit, L50, M|62/100|[from] Parting Shot\n|\n|upkeep\n|\n|t:|1776180065\n|switch|p2b: Incineroar|Incineroar, L50, M|70/100\n|-ability|p2b: Incineroar|Intimidate|boost\n|-unboost|p1a: Chesnaught|atk|1\n|turn|10\n|\n|t:|1776180081\n|move|p1a: Chesnaught|Spiky Shield|p1a: Chesnaught\n|-singleturn|p1a: Chesnaught|move: Protect\n|move|p2a: Kingambit|Sucker Punch||[still]\n|-fail|p2a: Kingambit\n|move|p2b: Incineroar|Parting Shot|p1a: Chesnaught\n|-activate|p1a: Chesnaught|move: Protect\n|\n|upkeep\n|turn|11\n|\n|t:|1776180090\n|move|p2a: Kingambit|Sucker Punch|p1a: Chesnaught\n|-resisted|p1a: Chesnaught|1\n|-damage|p1a: Chesnaught|88/100\n|move|p1a: Chesnaught|Drain Punch|p2a: Kingambit\n|-supereffective|p2a: Kingambit|2\n|-damage|p2a: Kingambit|15/100\n|-heal|p1a: Chesnaught|100/100|[from] drain|[of] p2a: Kingambit\n|move|p2b: Incineroar|Flare Blitz|p1a: Chesnaught\n|-supereffective|p1a: Chesnaught|1\n|-damage|p1a: Chesnaught|35/100\n|-damage|p2b: Incineroar|52/100|[from] Recoil\n|\n|upkeep\n|turn|12\n|\n|t:|1776180107\n|move|p1a: Chesnaught|Spiky Shield|p1a: Chesnaught\n|-singleturn|p1a: Chesnaught|move: Protect\n|move|p2a: Kingambit|Sucker Punch||[still]\n|-fail|p2a: Kingambit\n|move|p2b: Incineroar|Parting Shot|p1a: Chesnaught\n|-activate|p1a: Chesnaught|move: Protect\n|\n|upkeep\n|turn|13\n|\n|t:|1776180119\n|move|p2a: Kingambit|Sucker Punch|p1a: Chesnaught\n|-resisted|p1a: Chesnaught|1\n|-damage|p1a: Chesnaught|22/100\n|move|p1a: Chesnaught|Drain Punch|p2b: Incineroar\n|-supereffective|p2b: Incineroar|1\n|-damage|p2b: Incineroar|30/100\n|-heal|p1a: Chesnaught|36/100|[from] drain|[of] p2b: Incineroar\n|-enditem|p2b: Incineroar|Sitrus Berry|[eat]\n|-heal|p2b: Incineroar|55/100|[from] item: Sitrus Berry\n|move|p2b: Incineroar|Flare Blitz|p1a: Chesnaught\n|-supereffective|p1a: Chesnaught|1\n|-damage|p1a: Chesnaught|0 fnt\n|faint|p1a: Chesnaught\n|-damage|p2b: Incineroar|46/100|[from] Recoil\n|\n|win|drake78976\n|raw|smk1111's rating: 1182 &rarr; <strong>1154</strong><br />(-28 for losing)\n|raw|drake78976's rating: 1138 &rarr; <strong>1166</strong><br />(+28 for winning)\n|l|\u2606smk1111\n|player|p1|\n",
  "uploadtime": 1776180135,
  "views": 31,
  "formatid": "gen9championsvgc2026regma",
  "rating": 1154,
  "private": 0,
  "password": null
}