{
  "id": "gen9championsvgc2026regma-2583005873",
  "format": "[Gen 9 Champions] VGC 2026 Reg M-A",
  "players": [
    "Dmy99",
    "02xygen_"
  ],
  "log": "|j|\u2606Dmy99\n|j|\u260602xygen_\n|t:|1776132678\n|gametype|doubles\n|player|p1|Dmy99|101|1153\n|player|p2|02xygen_|265|1220\n|gen|9\n|tier|[Gen 9 Champions] VGC 2026 Reg M-A\n|rated|\n|rule|Species Clause: Limit one of each Pok\u00e9mon\n|rule|Item Clause: Limit 1 of each item\n|clearpoke\n|poke|p1|Drampa, L50, F|\n|poke|p1|Talonflame, L50, F|\n|poke|p1|Rotom-Wash, L50|\n|poke|p1|Sneasler, L50, F|\n|poke|p1|Floette-Eternal, L50, F|\n|poke|p1|Sinistcha, L50|\n|poke|p2|Incineroar, L50, M|\n|poke|p2|Oranguru, L50, F|\n|poke|p2|Crabominable, L50, M|\n|poke|p2|Pelipper, L50, M|\n|poke|p2|Basculegion, L50, M|\n|poke|p2|Dragonite, L50, M|\n|teampreview|4\n|inactive|Battle timer is ON: inactive players will automatically lose when time's up. (requested by 02xygen_)\n02xygen_ has agreed to open team sheets.\n|\n|t:|1776132732\n|teamsize|p1|4\n|teamsize|p2|4\n|start\n|switch|p1a: Sneasler|Sneasler, L50, F|100/100\n|switch|p1b: Drampa|Drampa, L50, F|100/100\n|switch|p2a: Incineroar|Incineroar, L50, M|100/100\n|switch|p2b: Oranguru|Oranguru, L50, F|100/100\n|-ability|p2a: Incineroar|Intimidate|boost\n|-unboost|p1a: Sneasler|atk|1\n|-unboost|p1b: Drampa|atk|1\n|-ability|p1b: Drampa|Cloud Nine\n|-enditem|p1a: Sneasler|White Herb\n|-clearnegativeboost|p1a: Sneasler|[silent]\n|turn|1\n|inactive|02xygen_ has 30 seconds left.\n|\n|t:|1776132762\n|move|p1a: Sneasler|Fake Out|p2b: Oranguru\n|-damage|p2b: Oranguru|85/100\n|move|p2a: Incineroar|Fake Out|p1a: Sneasler\n|-damage|p1a: Sneasler|76/100\n|move|p1b: Drampa|Hyper Voice|p2a: Incineroar|[spread] p2a,p2b\n|-damage|p2a: Incineroar|61/100\n|-damage|p2b: Oranguru|59/100\n|move|p2b: Oranguru|Trick Room|p2b: Oranguru\n|-fieldstart|move: Trick Room|[of] p2b: Oranguru\n|\n|upkeep\n|turn|2\n|inactive|Dmy99 has 30 seconds left.\n|\n|t:|1776132796\n|switch|p1a: Floette|Floette-Eternal, L50, F|100/100\n|move|p1b: Drampa|Earth Power|p2a: Incineroar\n|-supereffective|p2a: Incineroar|1\n|-damage|p2a: Incineroar|0 fnt\n|faint|p2a: Incineroar\n|move|p2b: Oranguru|Psychic|p1a: Floette\n|-crit|p1a: Floette\n|-damage|p1a: Floette|62/100\n|\n|upkeep\n|\n|t:|1776132803\n|switch|p2a: Crabominable|Crabominable, L50, M|100/100\n|turn|3\n|\n|t:|1776132821\n|switch|p1b: Sneasler|Sneasler, L50, F|76/100\n|detailschange|p2a: Crabominable|Crabominable-Mega, L50, M\n|-mega|p2a: Crabominable|Crabominable|Crabominite\n|detailschange|p1a: Floette|Floette-Mega, L50, F\n|-mega|p1a: Floette|Floette|Floettite\n|-ability|p1a: Floette|Fairy Aura\n|move|p1a: Floette|Protect|p1a: Floette\n|-singleturn|p1a: Floette|Protect\n|move|p2a: Crabominable|Ice Hammer|p1a: Floette\n|-activate|p1a: Floette|move: Protect\n|move|p2b: Oranguru|Instruct|p2a: Crabominable\n|-singleturn|p2a: Crabominable|move: Instruct|[of] p2b: Oranguru\n|move|p2a: Crabominable|Ice Hammer|p1a: Floette\n|-activate|p1a: Floette|move: Protect\n|\n|upkeep\n|turn|4\n|\n|t:|1776132845\n|switch|p1a: Drampa|Drampa, L50, F|100/100\n|-ability|p1a: Drampa|Cloud Nine\n|move|p2a: Crabominable|Protect|p2a: Crabominable\n|-singleturn|p2a: Crabominable|Protect\n|move|p1b: Sneasler|Fake Out|p2a: Crabominable\n|-activate|p2a: Crabominable|move: Protect\n|move|p2b: Oranguru|Psychic|p1b: Sneasler\n|-supereffective|p1b: Sneasler|2\n|-damage|p1b: Sneasler|0 fnt\n|faint|p1b: Sneasler\n|\n|upkeep\n|\n|t:|1776132854\n|switch|p1b: Floette|Floette-Mega, L50, F|62/100\n|-ability|p1b: Floette|Fairy Aura\n|turn|5\n|\n|t:|1776132871\n|move|p1a: Drampa|Protect|p1a: Drampa\n|-singleturn|p1a: Drampa|Protect\n|move|p1b: Floette|Protect|p1b: Floette\n|-singleturn|p1b: Floette|Protect\n|move|p2a: Crabominable|Ice Hammer|p1a: Drampa\n|-activate|p1a: Drampa|move: Protect\n|move|p2b: Oranguru|Instruct|p2a: Crabominable\n|-singleturn|p2a: Crabominable|move: Instruct|[of] p2b: Oranguru\n|move|p2a: Crabominable|Ice Hammer|p1a: Drampa\n|-activate|p1a: Drampa|move: Protect\n|\n|-fieldend|move: Trick Room\n|upkeep\n|turn|6\n|inactive|02xygen_ has 30 seconds left.\n|\n|t:|1776132900\n|move|p2a: Crabominable|Protect|p2a: Crabominable\n|-singleturn|p2a: Crabominable|Protect\n|move|p1b: Floette|Dazzling Gleam|p2b: Oranguru|[spread] p2b\n|-activate|p2a: Crabominable|move: Protect\n|-damage|p2b: Oranguru|27/100\n|move|p1a: Drampa|Hyper Voice|p2b: Oranguru|[spread] p2b\n|-activate|p2a: Crabominable|move: Protect\n|-damage|p2b: Oranguru|0 fnt\n|faint|p2b: Oranguru\n|\n|upkeep\n|\n|t:|1776132908\n|switch|p2b: Pelipper|Pelipper, L50, M|100/100\n|-weather|RainDance|[from] ability: Drizzle|[of] p2b: Pelipper\n|turn|7\n|\n|t:|1776132920\n|switch|p1a: Sinistcha|Sinistcha, L50|100/100\n|-heal|p1b: Floette|87/100|[from] ability: Hospitality|[of] p1a: Sinistcha\n|move|p2b: Pelipper|Wide Guard|p2b: Pelipper\n|-singleturn|p2b: Pelipper|Wide Guard\n|move|p1b: Floette|Dazzling Gleam|p2a: Crabominable|[spread] \n|-activate|p2a: Crabominable|move: Wide Guard\n|-activate|p2b: Pelipper|move: Wide Guard\n|move|p2a: Crabominable|Ice Hammer|p1b: Floette\n|-damage|p1b: Floette|6/100\n|-unboost|p2a: Crabominable|spe|1\n|\n|-weather|RainDance|[upkeep]\n|upkeep\n|turn|8\n|\n|t:|1776132938\n|switch|p1a: Drampa|Drampa, L50, F|100/100\n|-ability|p1a: Drampa|Cloud Nine\n|move|p1b: Floette|Protect|p1b: Floette\n|-singleturn|p1b: Floette|Protect\n|move|p2a: Crabominable|Protect|p2a: Crabominable\n|-singleturn|p2a: Crabominable|Protect\n|move|p2b: Pelipper|Tailwind|p2b: Pelipper\n|-sidestart|p2: 02xygen_|move: Tailwind\n|\n|-weather|RainDance|[upkeep]\n|upkeep\n|turn|9\n|\n|t:|1776132959\n|switch|p1a: Sinistcha|Sinistcha, L50|100/100\n|-heal|p1b: Floette|31/100|[from] ability: Hospitality|[of] p1a: Sinistcha\n|move|p2b: Pelipper|Weather Ball|p1b: Floette\n|-damage|p1b: Floette|0 fnt\n|faint|p1b: Floette\n|move|p2a: Crabominable|Drain Punch|p1a: Sinistcha\n|-immune|p1a: Sinistcha\n|\n|-weather|RainDance|[upkeep]\n|upkeep\n|\n|t:|1776132966\n|switch|p1b: Drampa|Drampa, L50, F|100/100\n|-ability|p1b: Drampa|Cloud Nine\n|turn|10\n|\n|t:|1776132986\n|move|p2b: Pelipper|Wide Guard|p2b: Pelipper\n|-singleturn|p2b: Pelipper|Wide Guard\n|move|p2a: Crabominable|Drain Punch|p1b: Drampa\n|-supereffective|p1b: Drampa|1\n|-damage|p1b: Drampa|0 fnt\n|faint|p1b: Drampa\n|move|p1a: Sinistcha|Trick Room|p1a: Sinistcha\n|-fieldstart|move: Trick Room|[of] p1a: Sinistcha\n|\n|-weather|RainDance|[upkeep]\n|upkeep\n|turn|11\n|-message|Dmy99 forfeited.\n|\n|win|02xygen_\n|raw|Dmy99's rating: 1153 &rarr; <strong>1133</strong><br />(-20 for losing)\n|raw|02xygen_'s rating: 1220 &rarr; <strong>1240</strong><br />(+20 for winning)\n|l|\u2606Dmy99\n|player|p1|\n",
  "uploadtime": 1776133001,
  "views": 19,
  "formatid": "gen9championsvgc2026regma",
  "rating": 1133,
  "private": 0,
  "password": null
}