{
  "id": "gen9championsvgc2026regma-2587318331",
  "format": "[Gen 9 Champions] VGC 2026 Reg M-A",
  "players": [
    "Yashinon",
    "hide on whimscott"
  ],
  "log": "|j|\u2606Yashinon\n|j|\u2606hide on whimscott\n|t:|1776521521\n|gametype|doubles\n|player|p1|Yashinon|2|1419\n|player|p2|hide on whimscott|artist-gen4|1418\n|gen|9\n|tier|[Gen 9 Champions] VGC 2026 Reg M-A\n|rated|\n|rule|Species Clause: Limit one of each Pok\u00e9mon\n|rule|Item Clause: Limit 1 of each item\n|clearpoke\n|poke|p1|Floette-Eternal, L50, F|\n|poke|p1|Sneasler, L50, F|\n|poke|p1|Delphox, L50, F|\n|poke|p1|Garchomp, L50, M|\n|poke|p1|Basculegion, L50, M|\n|poke|p1|Kingambit, L50, M|\n|poke|p2|Venusaur, L50, F|\n|poke|p2|Sneasler, L50, M|\n|poke|p2|Kingambit, L50, F|\n|poke|p2|Incineroar, L50, F|\n|poke|p2|Basculegion, L50, M|\n|poke|p2|Dragonite, L50, F|\n|teampreview|4\n|inactive|Battle timer is ON: inactive players will automatically lose when time's up. (requested by hide on whimscott)\n|\n|t:|1776521576\n|teamsize|p1|4\n|teamsize|p2|4\n|start\n|switch|p1a: Kingambit|Kingambit, L50, M|100/100\n|switch|p1b: Floette|Floette-Eternal, L50, F|100/100\n|switch|p2a: Venusaur|Venusaur, L50, F|100/100\n|switch|p2b: Basculegion|Basculegion, L50, M|100/100\n|turn|1\n|\n|t:|1776521597\n|switch|p2b: Kingambit|Kingambit, L50, F|100/100\n|detailschange|p1b: Floette|Floette-Mega, L50, F\n|-mega|p1b: Floette|Floette|Floettite\n|-ability|p1b: Floette|Fairy Aura\n|detailschange|p2a: Venusaur|Venusaur-Mega, L50, F\n|-mega|p2a: Venusaur|Venusaur|Venusaurite\n|move|p1a: Kingambit|Sucker Punch||[still]\n|-fail|p1a: Kingambit\n|move|p1b: Floette|Dazzling Gleam|p2a: Venusaur|[spread] p2a,p2b\n|-resisted|p2a: Venusaur|1\n|-damage|p2a: Venusaur|80/100\n|-damage|p2b: Kingambit|52/100\n|move|p2a: Venusaur|Leech Seed|p1b: Floette\n|-start|p1b: Floette|move: Leech Seed\n|\n|-damage|p1b: Floette|88/100|[from] Leech Seed|[of] p2a: Venusaur\n|-heal|p2a: Venusaur|91/100|[silent]\n|upkeep\n|turn|2\n|inactive|Yashinon has 30 seconds left.\n|\n|t:|1776521625\n|switch|p1b: Garchomp|Garchomp, L50, M|100/100\n|move|p2b: Kingambit|Protect|p2b: Kingambit\n|-singleturn|p2b: Kingambit|Protect\n|move|p2a: Venusaur|Leech Seed|p1a: Kingambit\n|-start|p1a: Kingambit|move: Leech Seed\n|move|p1a: Kingambit|Low Kick|p2b: Kingambit\n|-activate|p2b: Kingambit|move: Protect\n|\n|-damage|p1a: Kingambit|88/100|[from] Leech Seed|[of] p2a: Venusaur\n|-heal|p2a: Venusaur|100/100|[silent]\n|upkeep\n|turn|3\n|inactive|Yashinon has 30 seconds left.\n|\n|t:|1776521653\n|move|p1a: Kingambit|Protect|p1a: Kingambit\n|-singleturn|p1a: Kingambit|Protect\n|move|p2b: Kingambit|Sucker Punch|p1b: Garchomp\n|-crit|p1b: Garchomp\n|-damage|p1b: Garchomp|50/100\n|-damage|p2b: Kingambit|40/100|[from] ability: Rough Skin|[of] p1b: Garchomp\n|move|p1b: Garchomp|Rock Slide|p2a: Venusaur|[spread] p2a,p2b\n|-resisted|p2b: Kingambit|1\n|-damage|p2a: Venusaur|87/100\n|-damage|p2b: Kingambit|33/100\n|move|p2a: Venusaur|Leech Seed|p1b: Garchomp\n|-start|p1b: Garchomp|move: Leech Seed\n|\n|-damage|p1b: Garchomp|38/100|[from] Leech Seed|[of] p2a: Venusaur\n|-heal|p2a: Venusaur|100/100|[silent]\n|-damage|p1a: Kingambit|76/100|[from] Leech Seed|[of] p2a: Venusaur\n|upkeep\n|turn|4\n|\n|t:|1776521678\n|switch|p1b: Floette|Floette-Mega, L50, F|88/100\n|-ability|p1b: Floette|Fairy Aura\n|switch|p1a: Sneasler|Sneasler, L50, F|100/100\n|move|p2b: Kingambit|Sucker Punch||[still]\n|-fail|p2b: Kingambit\n|move|p2a: Venusaur|Earth Power|p1a: Sneasler\n|-supereffective|p1a: Sneasler|1\n|-damage|p1a: Sneasler|26/100\n|\n|upkeep\n|turn|5\n|inactive|hide on whimscott has 30 seconds left.\n|\n|t:|1776521704\n|move|p2a: Venusaur|Protect|p2a: Venusaur\n|-singleturn|p2a: Venusaur|Protect\n|move|p1a: Sneasler|Fake Out|p2a: Venusaur\n|-activate|p2a: Venusaur|move: Protect\n|move|p1b: Floette|Dazzling Gleam|p2a: Venusaur|[spread] p2b\n|-activate|p2a: Venusaur|move: Protect\n|-damage|p2b: Kingambit|0 fnt\n|faint|p2b: Kingambit\n|\n|upkeep\n|\n|t:|1776521711\n|switch|p2b: Sneasler|Sneasler, L50, M|100/100\n|turn|6\n|\n|t:|1776521738\n|switch|p1b: Kingambit|Kingambit, L50, M|76/100\n|move|p2b: Sneasler|Protect|p2b: Sneasler\n|-singleturn|p2b: Sneasler|Protect\n|move|p1a: Sneasler|Protect|p1a: Sneasler\n|-singleturn|p1a: Sneasler|Protect\n|move|p2a: Venusaur|Earth Power|p1a: Sneasler\n|-activate|p1a: Sneasler|move: Protect\n|\n|upkeep\n|turn|7\n|inactive|Yashinon has 30 seconds left.\n|inactive|hide on whimscott has 30 seconds left.\n|inactive|Yashinon has 20 seconds left.\n|inactive|Yashinon has 15 seconds left.\n|inactive|Yashinon has 10 seconds left.\n|inactive|Yashinon has 5 seconds left.\n|\n|t:|1776521792\n|switch|p1a: Garchomp|Garchomp, L50, M|38/100\n|move|p2b: Sneasler|Close Combat|p1b: Kingambit\n|-supereffective|p1b: Kingambit|2\n|-enditem|p1b: Kingambit|Chople Berry|[eat]\n|-enditem|p1b: Kingambit|Chople Berry|[weaken]\n|-damage|p1b: Kingambit|0 fnt\n|-unboost|p2b: Sneasler|def|1\n|-unboost|p2b: Sneasler|spd|1\n|faint|p1b: Kingambit\n|move|p2a: Venusaur|Earth Power|p1a: Garchomp\n|-damage|p1a: Garchomp|16/100\n|-unboost|p1a: Garchomp|spd|1\n|\n|upkeep\n|\n|t:|1776521809\n|switch|p1b: Floette|Floette-Mega, L50, F|88/100\n|-ability|p1b: Floette|Fairy Aura\n|turn|8\n|\n|t:|1776521833\n|move|p1b: Floette|Protect|p1b: Floette\n|-singleturn|p1b: Floette|Protect\n|move|p2b: Sneasler|Dire Claw|p1b: Floette\n|-activate|p1b: Floette|move: Protect\n|move|p1a: Garchomp|Earthquake|p2b: Sneasler|[spread] p2a,p2b\n|-activate|p1b: Floette|move: Protect\n|-supereffective|p2b: Sneasler|1\n|-damage|p2a: Venusaur|74/100\n|-enditem|p2b: Sneasler|Focus Sash\n|-damage|p2b: Sneasler|1/100\n|move|p2a: Venusaur|Earth Power|p1a: Garchomp\n|-damage|p1a: Garchomp|0 fnt\n|faint|p1a: Garchomp\n|\n|upkeep\n|\n|t:|1776521849\n|switch|p1a: Sneasler|Sneasler, L50, F|26/100\n|turn|9\n|inactive|Yashinon has 30 seconds left.\n|inactive|Yashinon has 20 seconds left.\n|inactive|Yashinon has 15 seconds left.\n|inactive|Yashinon has 10 seconds left.\n|\n|t:|1776521898\n|move|p2b: Sneasler|Protect|p2b: Sneasler\n|-singleturn|p2b: Sneasler|Protect\n|move|p2a: Venusaur|Protect|p2a: Venusaur\n|-singleturn|p2a: Venusaur|Protect\n|move|p1a: Sneasler|Fake Out|p2b: Sneasler\n|-activate|p2b: Sneasler|move: Protect\n|move|p1b: Floette|Moonblast|p2b: Sneasler\n|-activate|p2b: Sneasler|move: Protect\n|\n|upkeep\n|turn|10\n|\n|t:|1776521920\n|move|p1b: Floette|Protect|p1b: Floette\n|-singleturn|p1b: Floette|Protect\n|move|p2b: Sneasler|Dire Claw|p1b: Floette\n|-activate|p1b: Floette|move: Protect\n|move|p1a: Sneasler|Dire Claw|p2b: Sneasler\n|-resisted|p2b: Sneasler|1\n|-damage|p2b: Sneasler|0 fnt\n|faint|p2b: Sneasler\n|move|p2a: Venusaur|Earth Power|p1a: Sneasler\n|-supereffective|p1a: Sneasler|1\n|-damage|p1a: Sneasler|0 fnt\n|faint|p1a: Sneasler\n|\n|upkeep\n|\n|t:|1776521927\n|switch|p2b: Basculegion|Basculegion, L50, M|100/100\n|turn|11\n|\n|t:|1776521947\n|move|p2b: Basculegion|Last Respects|p1b: Floette\n|-damage|p1b: Floette|0 fnt\n|faint|p1b: Floette\n|\n|win|hide on whimscott\n|raw|Yashinon's rating: 1419 &rarr; <strong>1399</strong><br />(-20 for losing)\n|raw|hide on whimscott's rating: 1418 &rarr; <strong>1438</strong><br />(+20 for winning)\n",
  "uploadtime": 1776521947,
  "views": 28,
  "formatid": "gen9championsvgc2026regma",
  "rating": 1399,
  "private": 0,
  "password": null
}