{
  "id": "gen9championsvgc2026regma-2582317620",
  "format": "[Gen 9 Champions] VGC 2026 Reg M-A",
  "players": [
    "imfinking",
    "cabrino"
  ],
  "log": "|j|\u2606imfinking\n|j|\u2606cabrino\n|t:|1776082826\n|gametype|doubles\n|player|p1|imfinking|sada|1330\n|player|p2|cabrino|depotagent|1410\n|gen|9\n|tier|[Gen 9 Champions] VGC 2026 Reg M-A\n|rated|\n|rule|Species Clause: Limit one of each Pok\u00e9mon\n|rule|Item Clause: Limit 1 of each item\n|clearpoke\n|poke|p1|Venusaur, L50, F|\n|poke|p1|Farigiraf, L50, M|\n|poke|p1|Golurk, L50|\n|poke|p1|Charizard, L50, M|\n|poke|p1|Torkoal, L50, M|\n|poke|p1|Incineroar, L50, M|\n|poke|p2|Sneasler, L50, M|\n|poke|p2|Charizard, L50, M|\n|poke|p2|Aerodactyl, L50, F|\n|poke|p2|Farigiraf, L50, M|\n|poke|p2|Garchomp, L50, M|\n|poke|p2|Kingambit, L50, M|\n|teampreview|4\n|\n|t:|1776082846\n|teamsize|p1|4\n|teamsize|p2|4\n|start\n|switch|p1a: he stole my drinky|Farigiraf, L50, M|100/100\n|switch|p1b: PING AS|Incineroar, L50, M|100/100\n|switch|p2a: AeroNarfi|Aerodactyl, L50, F, shiny|100/100\n|switch|p2b: Cryo|Farigiraf, L50, M|100/100\n|-ability|p2a: AeroNarfi|Unnerve\n|-ability|p1b: PING AS|Intimidate|boost\n|-unboost|p2a: AeroNarfi|atk|1\n|-unboost|p2b: Cryo|atk|1\n|turn|1\n|\n|t:|1776082864\n|move|p2a: AeroNarfi|Rock Slide|p1b: PING AS|[spread] p1a,p1b\n|-supereffective|p1b: PING AS|1\n|-damage|p1a: he stole my drinky|86/100\n|-damage|p1b: PING AS|65/100\n|move|p1b: PING AS|Parting Shot|p2a: AeroNarfi\n|-unboost|p2a: AeroNarfi|atk|1\n|-unboost|p2a: AeroNarfi|spa|1\n|\n|t:|1776082870\n|switch|p1b: you must die|Golurk, L50|100/100|[from] Parting Shot\n|move|p2b: Cryo|Imprison|p2b: Cryo\n|-start|p2b: Cryo|move: Imprison\n|cant|p1a: he stole my drinky|move: Imprison|Trick Room\n|\n|-heal|p1a: he stole my drinky|92/100|[from] item: Leftovers\n|upkeep\n|turn|2\n|\n|t:|1776082888\n|detailschange|p1b: you must die|Golurk-Mega, L50\n|-mega|p1b: you must die|Golurk|Golurkite\n|move|p1a: he stole my drinky|Helping Hand|p1b: you must die\n|-singleturn|p1b: you must die|Helping Hand|[of] p1a: he stole my drinky\n|move|p2a: AeroNarfi|Rock Slide|p1a: he stole my drinky|[spread] p1a,p1b\n|-resisted|p1b: you must die|1\n|-damage|p1a: he stole my drinky|81/100\n|-damage|p1b: you must die|95/100\n|move|p2b: Cryo|Psychic|p1b: you must die\n|-damage|p1b: you must die|56/100\n|move|p1b: you must die|Headlong Rush|p2b: Cryo\n|-damage|p2b: Cryo|0 fnt\n|-unboost|p1b: you must die|def|1\n|-unboost|p1b: you must die|spd|1\n|faint|p2b: Cryo\n|\n|-heal|p1a: he stole my drinky|87/100|[from] item: Leftovers\n|upkeep\n|\n|t:|1776082905\n|switch|p2b: Cabrizard|Charizard, L50, M, shiny|100/100\n|turn|3\n|\n|t:|1776082913\n|switch|p1b: PING AS|Incineroar, L50, M|65/100\n|-ability|p1b: PING AS|Intimidate|boost\n|-unboost|p2a: AeroNarfi|atk|1\n|-unboost|p2b: Cabrizard|atk|1\n|detailschange|p2b: Cabrizard|Charizard-Mega-Y, L50, M, shiny\n|-mega|p2b: Cabrizard|Charizard|Charizardite Y\n|-weather|SunnyDay|[from] ability: Drought|[of] p2b: Cabrizard\n|move|p2a: AeroNarfi|Rock Slide|p1b: PING AS|[spread] p1a,p1b\n|-supereffective|p1b: PING AS|1\n|-damage|p1a: he stole my drinky|78/100\n|-damage|p1b: PING AS|44/100\n|move|p2b: Cabrizard|Weather Ball|p1a: he stole my drinky\n|-damage|p1a: he stole my drinky|0 fnt\n|faint|p1a: he stole my drinky\n|\n|-weather|SunnyDay|[upkeep]\n|upkeep\n|\n|t:|1776082930\n|switch|p1a: or is it the bagel|Torkoal, L50, M|100/100\n|turn|4\n|\n|t:|1776082934\n|move|p2a: AeroNarfi|Protect|p2a: AeroNarfi\n|-singleturn|p2a: AeroNarfi|Protect\n|move|p2b: Cabrizard|Protect|p2b: Cabrizard\n|-singleturn|p2b: Cabrizard|Protect\n|move|p1b: PING AS|Fake Out|p2b: Cabrizard\n|-activate|p2b: Cabrizard|move: Protect\n|move|p1a: or is it the bagel|Eruption|p2a: AeroNarfi|[spread] \n|-activate|p2a: AeroNarfi|move: Protect\n|-activate|p2b: Cabrizard|move: Protect\n|\n|-weather|SunnyDay|[upkeep]\n|upkeep\n|turn|5\n|\n|t:|1776082944\n|move|p2a: AeroNarfi|Rock Slide|p1b: PING AS|[spread] p1a,p1b\n|-supereffective|p1a: or is it the bagel|1\n|-supereffective|p1b: PING AS|1\n|-damage|p1a: or is it the bagel|87/100\n|-damage|p1b: PING AS|25/100\n|move|p2b: Cabrizard|Weather Ball|p1a: or is it the bagel\n|-resisted|p1a: or is it the bagel|1\n|-damage|p1a: or is it the bagel|14/100\n|cant|p1b: PING AS|flinch\n|move|p1a: or is it the bagel|Eruption|p2b: Cabrizard|[spread] p2a,p2b\n|-resisted|p2a: AeroNarfi|1\n|-resisted|p2b: Cabrizard|1\n|-damage|p2a: AeroNarfi|93/100\n|-damage|p2b: Cabrizard|95/100\n|\n|-weather|SunnyDay|[upkeep]\n|upkeep\n|turn|6\n|\n|t:|1776082967\n|move|p1a: or is it the bagel|Helping Hand|p1b: PING AS\n|-singleturn|p1b: PING AS|Helping Hand|[of] p1a: or is it the bagel\n|move|p2a: AeroNarfi|Rock Slide|p1b: PING AS|[spread] p1a,p1b\n|-supereffective|p1a: or is it the bagel|1\n|-supereffective|p1b: PING AS|1\n|-damage|p1a: or is it the bagel|2/100\n|-damage|p1b: PING AS|4/100\n|move|p2b: Cabrizard|Weather Ball|p1b: PING AS\n|-resisted|p1b: PING AS|1\n|-damage|p1b: PING AS|0 fnt\n|faint|p1b: PING AS\n|\n|-weather|SunnyDay|[upkeep]\n|upkeep\n|\n|t:|1776082975\n|switch|p1b: you must die|Golurk-Mega, L50|56/100\n|turn|7\n|\n|t:|1776082983\n|move|p1a: or is it the bagel|Helping Hand|p1b: you must die\n|-singleturn|p1b: you must die|Helping Hand|[of] p1a: or is it the bagel\n|move|p2a: AeroNarfi|Rock Slide|p1a: or is it the bagel|[spread] p1a,p1b\n|-supereffective|p1a: or is it the bagel|1\n|-resisted|p1b: you must die|1\n|-damage|p1a: or is it the bagel|0 fnt\n|-damage|p1b: you must die|52/100\n|faint|p1a: or is it the bagel\n|move|p2b: Cabrizard|Solar Beam||[still]\n|-prepare|p2b: Cabrizard|Solar Beam\n|-anim|p2b: Cabrizard|Solar Beam|p1b: you must die\n|-supereffective|p1b: you must die|1\n|-damage|p1b: you must die|0 fnt\n|faint|p1b: you must die\n|\n|win|cabrino\n|raw|imfinking's rating: 1330 &rarr; <strong>1315</strong><br />(-15 for losing)\n|raw|cabrino's rating: 1410 &rarr; <strong>1425</strong><br />(+15 for winning)\n|l|\u2606imfinking\n|player|p1|\n",
  "uploadtime": 1776083005,
  "views": 26,
  "formatid": "gen9championsvgc2026regma",
  "rating": 1315,
  "private": 0,
  "password": null
}