{
  "id": "gen9championsvgc2026regma-2582888766",
  "format": "[Gen 9 Champions] VGC 2026 Reg M-A",
  "players": [
    "papsi_jr",
    "roval2"
  ],
  "log": "|j|\u2606papsi_jr\n|j|\u2606roval2\n|t:|1776122294\n|gametype|doubles\n|player|p1|papsi_jr|harlequin|1213\n|player|p2|roval2|hiker-gen4|1122\n|gen|9\n|tier|[Gen 9 Champions] VGC 2026 Reg M-A\n|rated|\n|rule|Species Clause: Limit one of each Pok\u00e9mon\n|rule|Item Clause: Limit 1 of each item\n|clearpoke\n|poke|p1|Araquanid, L50, M|\n|poke|p1|Garchomp, L50, F|\n|poke|p1|Lopunny, L50, F|\n|poke|p1|Orthworm, L50, M|\n|poke|p1|Talonflame, L50, M|\n|poke|p1|Zoroark-Hisui, L50, F|\n|poke|p2|Sinistcha, L50|\n|poke|p2|Glimmora, L50, M|\n|poke|p2|Starmie, L50|\n|poke|p2|Incineroar, L50, F|\n|poke|p2|Politoed, L50, M|\n|poke|p2|Vivillon, L50, M|\n|teampreview|4\n|inactive|Battle timer is ON: inactive players will automatically lose when time's up. (requested by papsi_jr)\n|inactive|papsi_jr has 60 seconds left.\n|inactive|roval2 has 60 seconds left.\n|inactive|roval2 has 30 seconds left.\n|\n|t:|1776122361\n|teamsize|p1|4\n|teamsize|p2|4\n|start\n|switch|p1a: Lopunny|Lopunny, L50, F, shiny|100/100\n|switch|p1b: Orthworm|Orthworm, L50, M|100/100\n|switch|p2a: Starmie|Starmie, L50|100/100\n|switch|p2b: Vivillon|Vivillon, L50, M|100/100\n|turn|1\n|\n|t:|1776122381\n|detailschange|p1a: Lopunny|Lopunny-Mega, L50, F, shiny\n|-mega|p1a: Lopunny|Lopunny|Lopunnite\n|detailschange|p2a: Starmie|Starmie-Mega, L50\n|-mega|p2a: Starmie|Starmie|Starminite\n|move|p1a: Lopunny|Fake Out|p2b: Vivillon\n|-damage|p2b: Vivillon|64/100\n|move|p2a: Starmie|Liquidation|p1a: Lopunny\n|-damage|p1a: Lopunny|0 fnt\n|faint|p1a: Lopunny\n|cant|p2b: Vivillon|flinch\n|move|p1b: Orthworm|Shed Tail|p1b: Orthworm\n|-start|p1b: Orthworm|Substitute|[from] move: Shed Tail\n|-damage|p1b: Orthworm|50/100\n|-enditem|p1b: Orthworm|Sitrus Berry|[eat]\n|-heal|p1b: Orthworm|75/100|[from] item: Sitrus Berry\n|inactive|papsi_jr has 30 seconds left.\n|inactive|papsi_jr has 20 seconds left.\n|\n|t:|1776122417\n|switch|p1b: Garchomp|Garchomp, L50, F|100/100|[from] Shed Tail\n|\n|upkeep\n|\n|t:|1776122435\n|switch|p1a: Orthworm|Orthworm, L50, M|75/100\n|turn|2\n|\n|t:|1776122453\n|move|p1b: Garchomp|Rock Slide|p2a: Starmie|[spread] p2a,p2b\n|-supereffective|p2b: Vivillon|2\n|-damage|p2a: Starmie|72/100\n|-damage|p2b: Vivillon|0 fnt\n|faint|p2b: Vivillon\n|move|p2a: Starmie|Liquidation|p1b: Garchomp\n|-end|p1b: Garchomp|Substitute\n|move|p1a: Orthworm|Iron Defense|p1a: Orthworm\n|-boost|p1a: Orthworm|def|2\n|\n|upkeep\n|\n|t:|1776122465\n|switch|p2b: Politoed|Politoed, L50, M|100/100\n|-weather|RainDance|[from] ability: Drizzle|[of] p2b: Politoed\n|turn|3\n|inactive|papsi_jr has 30 seconds left.\n|inactive|roval2 has 30 seconds left.\n|\n|t:|1776122496\n|move|p1b: Garchomp|Rock Slide|p2a: Starmie|[spread] p2a,p2b\n|-damage|p2a: Starmie|43/100\n|-damage|p2b: Politoed|78/100\n|cant|p2a: Starmie|flinch\n|move|p2b: Politoed|Weather Ball|p1a: Orthworm\n|-damage|p1a: Orthworm|17/100\n|move|p1a: Orthworm|Body Press|p2b: Politoed\n|-damage|p2b: Politoed|26/100\n|\n|-weather|RainDance|[upkeep]\n|-heal|p2b: Politoed|32/100|[from] item: Leftovers\n|upkeep\n|turn|4\n|\n|t:|1776122515\n|move|p1b: Garchomp|Rock Slide|p2b: Politoed|[spread] p2a,p2b\n|-damage|p2a: Starmie|14/100\n|-damage|p2b: Politoed|10/100\n|move|p2a: Starmie|Liquidation|p1b: Garchomp\n|-damage|p1b: Garchomp|0 fnt\n|-damage|p2a: Starmie|2/100|[from] ability: Rough Skin|[of] p1b: Garchomp\n|faint|p1b: Garchomp\n|cant|p2b: Politoed|flinch\n|move|p1a: Orthworm|Body Press|p2b: Politoed\n|-damage|p2b: Politoed|0 fnt\n|faint|p2b: Politoed\n|\n|-weather|RainDance|[upkeep]\n|upkeep\n|\n|t:|1776122531\n|switch|p1b: Zoroark|Zoroark-Hisui, L50, F, shiny|100/100\n|switch|p2b: Sinistcha|Sinistcha, L50|100/100\n|-heal|p2a: Starmie|26/100|[from] ability: Hospitality|[of] p2b: Sinistcha\n|turn|5\n|inactive|papsi_jr has 30 seconds left.\n|\n|t:|1776122564\n|move|p1b: Zoroark|Protect|p1b: Zoroark\n|-singleturn|p1b: Zoroark|Protect\n|move|p2a: Starmie|Protect|p2a: Starmie\n|-singleturn|p2a: Starmie|Protect\n|move|p2b: Sinistcha|Matcha Gotcha|p1b: Zoroark|[spread] p1a\n|-activate|p1b: Zoroark|move: Protect\n|-resisted|p1a: Orthworm|1\n|-damage|p1a: Orthworm|0 fnt\n|faint|p1a: Orthworm\n|\n|-weather|RainDance|[upkeep]\n|upkeep\n|turn|6\n|\n|t:|1776122579\n|move|p2b: Sinistcha|Rage Powder|p2b: Sinistcha\n|-singleturn|p2b: Sinistcha|move: Rage Powder\n|move|p1b: Zoroark|Hyper Voice|p2b: Sinistcha|[spread] p2a\n|-immune|p2b: Sinistcha\n|-damage|p2a: Starmie|0 fnt\n|faint|p2a: Starmie\n|\n|-weather|RainDance|[upkeep]\n|upkeep\n|turn|7\n|\n|t:|1776122591\n|move|p1b: Zoroark|Bitter Malice|p2b: Sinistcha\n|-supereffective|p2b: Sinistcha|1\n|-damage|p2b: Sinistcha|1/100\n|-unboost|p2b: Sinistcha|atk|1\n|move|p2b: Sinistcha|Matcha Gotcha|p1b: Zoroark\n|-damage|p1b: Zoroark|7/100\n|-heal|p2b: Sinistcha|36/100|[from] drain|[of] p1b: Zoroark\n|-status|p1b: Zoroark|brn\n|\n|-weather|none\n|-damage|p1b: Zoroark|0 fnt|[from] brn\n|faint|p1b: Zoroark\n|\n|win|roval2\n|raw|papsi_jr's rating: 1213 &rarr; <strong>1182</strong><br />(-31 for losing)\n|raw|roval2's rating: 1122 &rarr; <strong>1153</strong><br />(+31 for winning)\n|c|\u2606roval2|Gg\n|l|\u2606papsi_jr\n|player|p1|\n|c|\u2606roval2|Loool\n",
  "uploadtime": 1776122618,
  "views": 20,
  "formatid": "gen9championsvgc2026regma",
  "rating": 1153,
  "private": 0,
  "password": null
}