{
  "id": "gen9championsvgc2026regma-2584298438",
  "format": "[Gen 9 Champions] VGC 2026 Reg M-A",
  "players": [
    "CommunismSpecter",
    "PetersonXD"
  ],
  "log": "|j|\u2606CommunismSpecter\n|j|\u2606PetersonXD\n|t:|1776248565\n|gametype|doubles\n|player|p1|CommunismSpecter|worker|1092\n|player|p2|PetersonXD|102|1046\n|gen|9\n|tier|[Gen 9 Champions] VGC 2026 Reg M-A\n|rated|\n|rule|Species Clause: Limit one of each Pok\u00e9mon\n|rule|Item Clause: Limit 1 of each item\n|clearpoke\n|poke|p1|Glimmora, L50, F|\n|poke|p1|Sneasler, L50, M|\n|poke|p1|Pelipper, L50, M|\n|poke|p1|Basculegion, L50, M|\n|poke|p1|Archaludon, L50, M|\n|poke|p1|Dragonite, L50, M|\n|poke|p2|Sneasler, L50, M|\n|poke|p2|Garchomp, L50, F|\n|poke|p2|Kingambit, L50, F|\n|poke|p2|Maushold, L50|\n|poke|p2|Aerodactyl, L50, M|\n|poke|p2|Charizard, L50, F|\n|teampreview|4\n|\n|t:|1776248581\n|teamsize|p1|4\n|teamsize|p2|4\n|start\n|switch|p1a: Glimmora|Glimmora, L50, F|100/100\n|switch|p1b: Pelipper|Pelipper, L50, M|100/100\n|switch|p2a: Sneasler|Sneasler, L50, M|100/100\n|switch|p2b: Kingambit|Kingambit, L50, F|100/100\n|-weather|RainDance|[from] ability: Drizzle|[of] p1b: Pelipper\n|turn|1\n|\n|t:|1776248645\n|switch|p1a: Sneasler|Sneasler, L50, M|100/100\n|move|p2a: Sneasler|Fake Out|p1a: Sneasler\n|-damage|p1a: Sneasler|76/100\n|move|p1b: Pelipper|Hurricane|p2a: Sneasler\n|-supereffective|p2a: Sneasler|1\n|-damage|p2a: Sneasler|2/100\n|-start|p2a: Sneasler|confusion\n|move|p2b: Kingambit|Kowtow Cleave|p1a: Sneasler\n|-resisted|p1a: Sneasler|1\n|-damage|p1a: Sneasler|26/100\n|\n|-weather|RainDance|[upkeep]\n|upkeep\n|turn|2\n|\n|t:|1776248670\n|-activate|p2a: Sneasler|confusion\n|-damage|p2a: Sneasler|0 fnt|[from] confusion\n|faint|p2a: Sneasler\n|move|p2b: Kingambit|Sucker Punch|p1a: Sneasler\n|-resisted|p1a: Sneasler|1\n|-damage|p1a: Sneasler|0 fnt\n|faint|p1a: Sneasler\n|move|p1b: Pelipper|Hurricane|p2b: Kingambit\n|-resisted|p2b: Kingambit|1\n|-damage|p2b: Kingambit|84/100\n|-start|p2b: Kingambit|confusion\n|\n|-weather|RainDance|[upkeep]\n|upkeep\n|\n|t:|1776248687\n|switch|p2a: Garchomp|Garchomp, L50, F|100/100\n|switch|p1a: Archaludon|Archaludon, L50, M|100/100\n|turn|3\n|\n|t:|1776248707\n|-activate|p2b: Kingambit|confusion\n|move|p2b: Kingambit|Protect|p2b: Kingambit\n|-singleturn|p2b: Kingambit|Protect\n|move|p2a: Garchomp|Earthquake|p1a: Archaludon|[spread] p1a\n|-activate|p2b: Kingambit|move: Protect\n|-immune|p1b: Pelipper\n|-supereffective|p1a: Archaludon|1\n|-damage|p1a: Archaludon|48/100\n|-ability|p1a: Archaludon|Stamina|boost\n|-boost|p1a: Archaludon|def|1\n|move|p1b: Pelipper|Hurricane|p2b: Kingambit\n|-activate|p2b: Kingambit|move: Protect\n|move|p1a: Archaludon|Electro Shot||[still]\n|-prepare|p1a: Archaludon|Electro Shot\n|-boost|p1a: Archaludon|spa|1\n|-anim|p1a: Archaludon|Electro Shot|p2b: Kingambit\n|-activate|p2b: Kingambit|move: Protect\n|\n|-weather|RainDance|[upkeep]\n|-heal|p1a: Archaludon|54/100|[from] item: Leftovers\n|upkeep\n|turn|4\n|\n|t:|1776248728\n|-end|p2b: Kingambit|confusion\n|move|p2b: Kingambit|Sucker Punch|p1a: Archaludon\n|-damage|p1a: Archaludon|28/100\n|-ability|p1a: Archaludon|Stamina|boost\n|-boost|p1a: Archaludon|def|1\n|move|p2a: Garchomp|Earthquake|p1b: Pelipper|[spread] p2b,p1a\n|-immune|p1b: Pelipper\n|-supereffective|p2b: Kingambit|1\n|-supereffective|p1a: Archaludon|1\n|-damage|p2b: Kingambit|25/100\n|-damage|p1a: Archaludon|0 fnt\n|faint|p1a: Archaludon\n|move|p1b: Pelipper|Hurricane|p2b: Kingambit\n|-resisted|p2b: Kingambit|1\n|-damage|p2b: Kingambit|7/100\n|-start|p2b: Kingambit|confusion\n|\n|-weather|RainDance|[upkeep]\n|upkeep\n|\n|t:|1776248738\n|switch|p1a: Glimmora|Glimmora, L50, F|100/100\n|turn|5\n|\n|t:|1776248757\n|switch|p2a: Maushold|Maushold, L50|100/100\n|detailschange|p1a: Glimmora|Glimmora-Mega, L50, F\n|-mega|p1a: Glimmora|Glimmora|Glimmoranite\n|-activate|p2b: Kingambit|confusion\n|move|p2b: Kingambit|Sucker Punch|p1a: Glimmora\n|-damage|p1a: Glimmora|49/100\n|move|p1b: Pelipper|Hurricane|p2a: Maushold\n|-damage|p2a: Maushold|55/100\n|-start|p2a: Maushold|confusion\n|move|p1a: Glimmora|Sludge Wave|p2a: Maushold|[spread] p1b,p2a\n|-immune|p2b: Kingambit\n|-damage|p1b: Pelipper|25/100\n|-damage|p2a: Maushold|0 fnt\n|faint|p2a: Maushold\n|\n|-weather|none\n|upkeep\n|\n|t:|1776248772\n|switch|p2a: Garchomp|Garchomp, L50, F|100/100\n|turn|6\n|-message|CommunismSpecter forfeited.\n|\n|win|PetersonXD\n|raw|CommunismSpecter's rating: 1092 &rarr; <strong>1065</strong><br />(-27 for losing)\n|raw|PetersonXD's rating: 1046 &rarr; <strong>1083</strong><br />(+37 for winning)\n|l|\u2606CommunismSpecter\n|player|p1|\n",
  "uploadtime": 1776248800,
  "views": 21,
  "formatid": "gen9championsvgc2026regma",
  "rating": 1065,
  "private": 0,
  "password": null
}