{
  "id": "gen9championsvgc2026regma-2587685455",
  "format": "[Gen 9 Champions] VGC 2026 Reg M-A",
  "players": [
    "sdfgg",
    "bittlebee"
  ],
  "log": "|j|\u2606sdfgg\n|j|\u2606bittlebee\n|t:|1776553760\n|gametype|doubles\n|player|p1|sdfgg|cynthia-gen4|1048\n|player|p2|bittlebee|170|1141\n|gen|9\n|tier|[Gen 9 Champions] VGC 2026 Reg M-A\n|rated|\n|rule|Species Clause: Limit one of each Pok\u00e9mon\n|rule|Item Clause: Limit 1 of each item\n|clearpoke\n|poke|p1|Floette-Eternal, L50, F|\n|poke|p1|Aerodactyl, L50, M|\n|poke|p1|Incineroar, L50, F|\n|poke|p1|Garchomp, L50, F|\n|poke|p1|Delphox, L50, F|\n|poke|p1|Maushold, L50|\n|poke|p2|Bellibolt, L50, M|\n|poke|p2|Raichu, L50, F|\n|poke|p2|Tyranitar, L50, F|\n|poke|p2|Garchomp, L50, F|\n|poke|p2|Quaquaval, L50, F|\n|poke|p2|Corviknight, L50, F|\n|teampreview|4\n|\n|t:|1776553797\n|teamsize|p1|4\n|teamsize|p2|4\n|start\n|switch|p1a: Incineroar|Incineroar, L50, F|100/100\n|switch|p1b: Garchomp|Garchomp, L50, F|100/100\n|switch|p2a: Raichu|Raichu, L50, F|100/100\n|switch|p2b: Bellibolt|Bellibolt, L50, M|100/100\n|-ability|p1a: Incineroar|Intimidate|boost\n|-unboost|p2a: Raichu|atk|1\n|-unboost|p2b: Bellibolt|atk|1\n|turn|1\n|\n|t:|1776553819\n|move|p2a: Raichu|Fake Out|p1a: Incineroar\n|-damage|p1a: Incineroar|96/100\n|cant|p1a: Incineroar|flinch\n|move|p1b: Garchomp|Rock Slide|p2b: Bellibolt|[spread] p2a\n|-miss|p1b: Garchomp|p2b: Bellibolt\n|-damage|p2a: Raichu|67/100\n|move|p2b: Bellibolt|Soak|p1b: Garchomp\n|-start|p1b: Garchomp|typechange|Water\n|\n|upkeep\n|turn|2\n|\n|t:|1776553841\n|move|p1b: Garchomp|Protect|p1b: Garchomp\n|-singleturn|p1b: Garchomp|Protect\n|move|p2a: Raichu|Surf|p1b: Garchomp|[spread] p2b,p1a\n|-activate|p1b: Garchomp|move: Protect\n|-supereffective|p1a: Incineroar|1\n|-damage|p2b: Bellibolt|82/100\n|-damage|p1a: Incineroar|67/100\n|-start|p2b: Bellibolt|Charge|Surf|[from] ability: Electromorphosis\n|move|p1a: Incineroar|Parting Shot|p2b: Bellibolt\n|-unboost|p2b: Bellibolt|atk|1\n|-unboost|p2b: Bellibolt|spa|1\n|\n|t:|1776553854\n|switch|p1a: Maushold|Maushold, L50|100/100|[from] Parting Shot\n|move|p2b: Bellibolt|Discharge|p1a: Maushold|[spread] p1a\n|-activate|p1b: Garchomp|move: Protect\n|-ability|p2a: Raichu|Lightning Rod|boost\n|-boost|p2a: Raichu|spa|1\n|-damage|p1a: Maushold|40/100\n|-end|p2b: Bellibolt|Charge|[silent]\n|\n|upkeep\n|turn|3\n|\n|t:|1776553872\n|move|p1a: Maushold|Follow Me|p1a: Maushold\n|-singleturn|p1a: Maushold|move: Follow Me\n|move|p1b: Garchomp|Earthquake|p2b: Bellibolt|[spread] p1a,p2a,p2b\n|-supereffective|p2a: Raichu|1\n|-supereffective|p2b: Bellibolt|1\n|-damage|p1a: Maushold|11/100\n|-damage|p2a: Raichu|0 fnt\n|-damage|p2b: Bellibolt|37/100\n|-start|p2b: Bellibolt|Charge|Earthquake|[from] ability: Electromorphosis\n|faint|p2a: Raichu\n|move|p2b: Bellibolt|Parabolic Charge|p1b: Garchomp|[spread] p1a,p1b\n|-supereffective|p1b: Garchomp|1\n|-damage|p1a: Maushold|0 fnt\n|-heal|p2b: Bellibolt|42/100|[from] drain|[of] p1a: Maushold\n|-damage|p1b: Garchomp|47/100\n|-heal|p2b: Bellibolt|68/100|[from] drain|[of] p1b: Garchomp\n|faint|p1a: Maushold\n|-end|p2b: Bellibolt|Charge|[silent]\n|\n|upkeep\n|\n|t:|1776553899\n|switch|p1a: Incineroar|Incineroar, L50, F|67/100\n|switch|p2a: Tyranitar|Tyranitar, L50, F|100/100\n|-weather|Sandstorm|[from] ability: Sand Stream|[of] p2a: Tyranitar\n|-ability|p1a: Incineroar|Intimidate|boost\n|-unboost|p2a: Tyranitar|atk|1\n|-unboost|p2b: Bellibolt|atk|1\n|turn|4\n|\n|t:|1776553920\n|switch|p2a: Garchomp|Garchomp, L50, F|100/100\n|switch|p1b: Floette|Floette-Eternal, L50, F|100/100\n|move|p2b: Bellibolt|Protect|p2b: Bellibolt\n|-singleturn|p2b: Bellibolt|Protect\n|move|p1a: Incineroar|Fake Out|p2b: Bellibolt\n|-activate|p2b: Bellibolt|move: Protect\n|\n|-weather|Sandstorm|[upkeep]\n|-damage|p1b: Floette|94/100|[from] Sandstorm\n|-damage|p1a: Incineroar|61/100|[from] Sandstorm\n|-damage|p2b: Bellibolt|62/100|[from] Sandstorm\n|upkeep\n|turn|5\n|\n|t:|1776553957\n|switch|p2b: Tyranitar|Tyranitar, L50, F|100/100\n|detailschange|p1b: Floette|Floette-Mega, L50, F\n|-mega|p1b: Floette|Floette|Floettite\n|-ability|p1b: Floette|Fairy Aura\n|move|p2a: Garchomp|Stomping Tantrum|p1a: Incineroar\n|-supereffective|p1a: Incineroar|1\n|-damage|p1a: Incineroar|0 fnt\n|faint|p1a: Incineroar\n|move|p1b: Floette|Moonblast|p2a: Garchomp\n|-supereffective|p2a: Garchomp|1\n|-damage|p2a: Garchomp|0 fnt\n|faint|p2a: Garchomp\n|\n|-weather|Sandstorm|[upkeep]\n|-damage|p1b: Floette|88/100|[from] Sandstorm\n|upkeep\n|\n|t:|1776553978\n|switch|p2a: Bellibolt|Bellibolt, L50, M|62/100\n|switch|p1a: Garchomp|Garchomp, L50, F|47/100\n|turn|6\n|\n|t:|1776554003\n|move|p1b: Floette|Protect|p1b: Floette\n|-singleturn|p1b: Floette|Protect\n|move|p2b: Tyranitar|Blizzard|p1a: Garchomp|[spread] p1a\n|-activate|p1b: Floette|move: Protect\n|-supereffective|p1a: Garchomp|2\n|-damage|p1a: Garchomp|0 fnt\n|faint|p1a: Garchomp\n|move|p2a: Bellibolt|Parabolic Charge|p1b: Floette|[spread] p2b\n|-activate|p1b: Floette|move: Protect\n|-damage|p2b: Tyranitar|82/100\n|-heal|p2a: Bellibolt|69/100|[from] drain|[of] p2b: Tyranitar\n|\n|-weather|Sandstorm|[upkeep]\n|-damage|p1b: Floette|82/100|[from] Sandstorm\n|-damage|p2a: Bellibolt|63/100|[from] Sandstorm\n|upkeep\n|turn|7\n|\n|t:|1776554024\n|move|p2b: Tyranitar|Blizzard|p1b: Floette\n|-damage|p1b: Floette|62/100\n|move|p1b: Floette|Calm Mind|p1b: Floette\n|-boost|p1b: Floette|spa|1\n|-boost|p1b: Floette|spd|1\n|move|p2a: Bellibolt|Parabolic Charge|p1b: Floette|[spread] p2b,p1b\n|-damage|p2b: Tyranitar|63/100\n|-heal|p2a: Bellibolt|71/100|[from] drain|[of] p2b: Tyranitar\n|-damage|p1b: Floette|48/100\n|-heal|p2a: Bellibolt|77/100|[from] drain|[of] p1b: Floette\n|\n|-weather|Sandstorm|[upkeep]\n|-damage|p1b: Floette|42/100|[from] Sandstorm\n|-damage|p2a: Bellibolt|71/100|[from] Sandstorm\n|upkeep\n|turn|8\n|\n|t:|1776554042\n|move|p2b: Tyranitar|Blizzard|p1b: Floette\n|-damage|p1b: Floette|27/100\n|move|p1b: Floette|Dazzling Gleam|p2b: Tyranitar|[spread] p2a,p2b\n|-supereffective|p2b: Tyranitar|1\n|-damage|p2a: Bellibolt|0 fnt\n|-damage|p2b: Tyranitar|0 fnt\n|faint|p2a: Bellibolt\n|faint|p2b: Tyranitar\n|\n|win|sdfgg\n|raw|sdfgg's rating: 1048 &rarr; <strong>1089</strong><br />(+41 for winning)\n|raw|bittlebee's rating: 1141 &rarr; <strong>1109</strong><br />(-32 for losing)\n|c|\u2606bittlebee|gg\n",
  "uploadtime": 1776554051,
  "views": 12,
  "formatid": "gen9championsvgc2026regma",
  "rating": 1089,
  "private": 0,
  "password": null
}