{
  "id": "gen9championsvgc2026regma-2581699407",
  "format": "[Gen 9 Champions] VGC 2026 Reg M-A",
  "players": [
    "PentaKillMew",
    "powerthepower"
  ],
  "log": "|j|\u2606PentaKillMew\n|j|\u2606powerthepower\n|t:|1776021665\n|gametype|doubles\n|player|p1|PentaKillMew|266|1051\n|player|p2|powerthepower|2|1044\n|gen|9\n|tier|[Gen 9 Champions] VGC 2026 Reg M-A\n|rated|\n|rule|Species Clause: Limit one of each Pok\u00e9mon\n|rule|Item Clause: Limit 1 of each item\n|clearpoke\n|poke|p1|Gengar, L50, F|\n|poke|p1|Incineroar, L50, F|\n|poke|p1|Tyranitar, L50, F|\n|poke|p1|Garchomp, L50, M|\n|poke|p1|Dragonite, L50, F|\n|poke|p1|Excadrill, L50, F|\n|poke|p2|Aegislash, L50, F|\n|poke|p2|Dragapult, L50, M|\n|poke|p2|Gyarados, L50, M|\n|poke|p2|Incineroar, L50, F|\n|poke|p2|Lopunny, L50, M|\n|poke|p2|Talonflame, L50, M|\n|teampreview|4\npowerthepower has agreed to open team sheets.\n|\n|t:|1776021700\n|teamsize|p1|4\n|teamsize|p2|4\n|start\n|switch|p1a: Gengar|Gengar, L50, F|100/100\n|switch|p1b: Incineroar|Incineroar, L50, F|100/100\n|switch|p2a: Incineroar|Incineroar, L50, F, shiny|100/100\n|switch|p2b: Talonflame|Talonflame, L50, M|100/100\n|-ability|p1b: Incineroar|Intimidate|boost\n|-unboost|p2a: Incineroar|atk|1\n|-unboost|p2b: Talonflame|atk|1\n|-ability|p2a: Incineroar|Intimidate|boost\n|-unboost|p1a: Gengar|atk|1\n|-unboost|p1b: Incineroar|atk|1\n|turn|1\n|\n|t:|1776021710\n|detailschange|p1a: Gengar|Gengar-Mega, L50, F\n|-mega|p1a: Gengar|Gengar|Gengarite\n|move|p1b: Incineroar|Fake Out|p2b: Talonflame\n|-damage|p2b: Talonflame|89/100\n|cant|p2b: Talonflame|flinch\n|move|p1a: Gengar|Perish Song|p1a: Gengar\n|-start|p1a: Gengar|perish3|[silent]\n|-start|p1b: Incineroar|perish3|[silent]\n|-start|p2a: Incineroar|perish3|[silent]\n|-start|p2b: Talonflame|perish3|[silent]\n|-fieldactivate|move: Perish Song\n|move|p2a: Incineroar|Parting Shot|p1a: Gengar\n|-unboost|p1a: Gengar|atk|1\n|-unboost|p1a: Gengar|spa|1\n|\n|t:|1776021721\n|switch|p2a: Gyarados|Gyarados, L50, M, shiny|100/100|[from] Parting Shot\n|-ability|p2a: Gyarados|Intimidate|boost\n|-unboost|p1a: Gengar|atk|1\n|-unboost|p1b: Incineroar|atk|1\n|\n|-start|p2b: Talonflame|perish3\n|-start|p1a: Gengar|perish3\n|-start|p1b: Incineroar|perish3\n|upkeep\n|turn|2\n|\n|t:|1776021734\n|detailschange|p2a: Gyarados|Gyarados-Mega, L50, M, shiny\n|-mega|p2a: Gyarados|Gyarados|Gyaradosite\n|-ability|p2a: Gyarados|Mold Breaker\n|move|p1a: Gengar|Protect|p1a: Gengar\n|-singleturn|p1a: Gengar|Protect\n|move|p1b: Incineroar|Protect|p1b: Incineroar\n|-singleturn|p1b: Incineroar|Protect\n|move|p2b: Talonflame|Tailwind|p2b: Talonflame\n|-sidestart|p2: powerthepower|move: Tailwind\n|move|p2a: Gyarados|Dragon Dance|p2a: Gyarados\n|-boost|p2a: Gyarados|atk|1\n|-boost|p2a: Gyarados|spe|1\n|\n|-start|p2b: Talonflame|perish2\n|-start|p1a: Gengar|perish2\n|-start|p1b: Incineroar|perish2\n|upkeep\n|turn|3\n|\n|t:|1776021751\n|switch|p1a: Tyranitar|Tyranitar, L50, F|100/100\n|-weather|Sandstorm|[from] ability: Sand Stream|[of] p1a: Tyranitar\n|move|p2a: Gyarados|Crunch|p1a: Tyranitar\n|-resisted|p1a: Tyranitar|1\n|-damage|p1a: Tyranitar|72/100\n|move|p2b: Talonflame|Taunt|p1b: Incineroar\n|-start|p1b: Incineroar|move: Taunt\n|cant|p1b: Incineroar|move: Taunt|Parting Shot\n|\n|-weather|Sandstorm|[upkeep]\n|-damage|p2a: Gyarados|95/100|[from] Sandstorm\n|-damage|p2b: Talonflame|83/100|[from] Sandstorm\n|-damage|p1b: Incineroar|95/100|[from] Sandstorm\n|-heal|p1a: Tyranitar|78/100|[from] item: Leftovers\n|-start|p2b: Talonflame|perish1\n|-start|p1b: Incineroar|perish1\n|upkeep\n|turn|4\n|\n|t:|1776021771\n|switch|p2b: Incineroar|Incineroar, L50, F, shiny|100/100\n|-ability|p2b: Incineroar|Intimidate|boost\n|-unboost|p1a: Tyranitar|atk|1\n|-unboost|p1b: Incineroar|atk|1\n|switch|p1b: Gengar|Gengar-Mega, L50, F|100/100\n|move|p1a: Tyranitar|Protect|p1a: Tyranitar\n|-singleturn|p1a: Tyranitar|Protect\n|move|p2a: Gyarados|Waterfall|p1a: Tyranitar\n|-activate|p1a: Tyranitar|move: Protect\n|\n|-weather|Sandstorm|[upkeep]\n|-damage|p2a: Gyarados|89/100|[from] Sandstorm\n|-damage|p2b: Incineroar|95/100|[from] Sandstorm\n|-damage|p1b: Gengar|95/100|[from] Sandstorm\n|-heal|p1a: Tyranitar|84/100|[from] item: Leftovers\n|upkeep\n|turn|5\n|\n|t:|1776021798\n|switch|p1b: Excadrill|Excadrill, L50, F|100/100\n|switch|p1a: Incineroar|Incineroar, L50, F|95/100\n|-ability|p1a: Incineroar|Intimidate|boost\n|-unboost|p2a: Gyarados|atk|1\n|-unboost|p2b: Incineroar|atk|1\n|move|p2b: Incineroar|Fake Out|p1a: Incineroar\n|-crit|p1a: Incineroar\n|-damage|p1a: Incineroar|82/100\n|move|p2a: Gyarados|Crunch|p1b: Excadrill\n|-damage|p1b: Excadrill|21/100\n|\n|-weather|Sandstorm|[upkeep]\n|-damage|p2a: Gyarados|83/100|[from] Sandstorm\n|-damage|p2b: Incineroar|89/100|[from] Sandstorm\n|-damage|p1a: Incineroar|76/100|[from] Sandstorm\n|-sideend|p2: powerthepower|move: Tailwind\n|upkeep\n|turn|6\n|\n|t:|1776021821\n|move|p2a: Gyarados|Protect|p2a: Gyarados\n|-singleturn|p2a: Gyarados|Protect\n|move|p1a: Incineroar|Fake Out|p2a: Gyarados\n|-activate|p2a: Gyarados|move: Protect\n|move|p1b: Excadrill|Rock Slide|p2b: Incineroar|[spread] p2b\n|-activate|p2a: Gyarados|move: Protect\n|-supereffective|p2b: Incineroar|1\n|-damage|p2b: Incineroar|49/100\n|-enditem|p2b: Incineroar|Sitrus Berry|[eat]\n|-heal|p2b: Incineroar|73/100|[from] item: Sitrus Berry\n|move|p2b: Incineroar|Parting Shot|p1b: Excadrill\n|-unboost|p1b: Excadrill|atk|1\n|-unboost|p1b: Excadrill|spa|1\n|\n|t:|1776021837\n|switch|p2b: Talonflame|Talonflame, L50, M|83/100|[from] Parting Shot\n|\n|-weather|Sandstorm|[upkeep]\n|-damage|p2a: Gyarados|77/100|[from] Sandstorm\n|-damage|p2b: Talonflame|77/100|[from] Sandstorm\n|-damage|p1a: Incineroar|70/100|[from] Sandstorm\n|upkeep\n|turn|7\n|\n|t:|1776021851\n|switch|p2b: Incineroar|Incineroar, L50, F, shiny|73/100\n|-ability|p2b: Incineroar|Intimidate|boost\n|-unboost|p1a: Incineroar|atk|1\n|-unboost|p1b: Excadrill|atk|1\n|move|p1b: Excadrill|Rock Slide|p2a: Gyarados|[spread] p2a\n|-miss|p1b: Excadrill|p2b: Incineroar\n|-damage|p2a: Gyarados|66/100\n|cant|p2a: Gyarados|flinch\n|move|p1a: Incineroar|Parting Shot|p2a: Gyarados\n|-unboost|p2a: Gyarados|atk|1\n|-unboost|p2a: Gyarados|spa|1\n|\n|t:|1776021866\n|switch|p1a: Gengar|Gengar-Mega, L50, F|95/100|[from] Parting Shot\n|\n|-weather|none\n|upkeep\n|turn|8\n|\n|t:|1776021881\n|switch|p1b: Incineroar|Incineroar, L50, F|70/100\n|-ability|p1b: Incineroar|Intimidate|boost\n|-unboost|p2a: Gyarados|atk|1\n|-unboost|p2b: Incineroar|atk|1\n|move|p1a: Gengar|Protect|p1a: Gengar\n|-singleturn|p1a: Gengar|Protect\n|move|p2b: Incineroar|Fake Out|p1b: Incineroar\n|-damage|p1b: Incineroar|63/100\n|move|p2a: Gyarados|Dragon Dance|p2a: Gyarados\n|-boost|p2a: Gyarados|atk|1\n|-boost|p2a: Gyarados|spe|1\n|\n|upkeep\n|turn|9\n|\n|t:|1776021920\n|move|p1b: Incineroar|Fake Out|p2a: Gyarados\n|-damage|p2a: Gyarados|56/100\n|cant|p2a: Gyarados|flinch\n|move|p1a: Gengar|Perish Song|p1a: Gengar\n|-start|p1a: Gengar|perish3|[silent]\n|-start|p1b: Incineroar|perish3|[silent]\n|-start|p2a: Gyarados|perish3|[silent]\n|-start|p2b: Incineroar|perish3|[silent]\n|-fieldactivate|move: Perish Song\n|move|p2b: Incineroar|Taunt|p1a: Gengar\n|-start|p1a: Gengar|move: Taunt\n|\n|-start|p2a: Gyarados|perish3\n|-start|p1a: Gengar|perish3\n|-start|p1b: Incineroar|perish3\n|-start|p2b: Incineroar|perish3\n|upkeep\n|turn|10\n|\n|t:|1776021943\n|switch|p1a: Tyranitar|Tyranitar, L50, F|84/100\n|-weather|Sandstorm|[from] ability: Sand Stream|[of] p1a: Tyranitar\n|move|p2a: Gyarados|Crunch|p1a: Tyranitar\n|-resisted|p1a: Tyranitar|1\n|-damage|p1a: Tyranitar|71/100\n|move|p1b: Incineroar|Parting Shot|p2a: Gyarados\n|-unboost|p2a: Gyarados|atk|1\n|-unboost|p2a: Gyarados|spa|1\n|\n|t:|1776021953\n|switch|p1b: Gengar|Gengar-Mega, L50, F|95/100|[from] Parting Shot\n|move|p2b: Incineroar|Parting Shot|p1a: Tyranitar\n|-unboost|p1a: Tyranitar|atk|1\n|-unboost|p1a: Tyranitar|spa|1\n|\n|t:|1776021973\n|switch|p2b: Dragapult|Dragapult, L50, M|100/100|[from] Parting Shot\n|\n|-weather|Sandstorm|[upkeep]\n|-damage|p2a: Gyarados|50/100|[from] Sandstorm\n|-damage|p2b: Dragapult|94/100|[from] Sandstorm\n|-damage|p1b: Gengar|89/100|[from] Sandstorm\n|-heal|p1a: Tyranitar|76/100|[from] item: Leftovers\n|-start|p2a: Gyarados|perish2\n|upkeep\n|turn|11\n|\n|t:|1776021991\n|move|p1b: Gengar|Protect|p1b: Gengar\n|-singleturn|p1b: Gengar|Protect\n|move|p1a: Tyranitar|Protect|p1a: Tyranitar\n|-singleturn|p1a: Tyranitar|Protect\n|move|p2a: Gyarados|Waterfall|p1a: Tyranitar\n|-activate|p1a: Tyranitar|move: Protect\n|move|p2b: Dragapult|Light Screen|p2b: Dragapult\n|-sidestart|p2: powerthepower|move: Light Screen\n|\n|-weather|Sandstorm|[upkeep]\n|-damage|p2a: Gyarados|44/100|[from] Sandstorm\n|-damage|p2b: Dragapult|88/100|[from] Sandstorm\n|-damage|p1b: Gengar|83/100|[from] Sandstorm\n|-heal|p1a: Tyranitar|82/100|[from] item: Leftovers\n|-start|p2a: Gyarados|perish1\n|upkeep\n|turn|12\n|\n|t:|1776022024\n|switch|p1b: Incineroar|Incineroar, L50, F|63/100\n|-ability|p1b: Incineroar|Intimidate|boost\n|-unboost|p2a: Gyarados|atk|1\n|-fail|p2b: Dragapult|unboost|[from] ability: Clear Body|[of] p2b: Dragapult\n|move|p2a: Gyarados|Waterfall|p1a: Tyranitar\n|-supereffective|p1a: Tyranitar|1\n|-damage|p1a: Tyranitar|50/100\n|move|p2b: Dragapult|Draco Meteor|p1b: Incineroar\n|-crit|p1b: Incineroar\n|-damage|p1b: Incineroar|0 fnt\n|-unboost|p2b: Dragapult|spa|2\n|faint|p1b: Incineroar\n|cant|p1a: Tyranitar|flinch\n|\n|-weather|Sandstorm|[upkeep]\n|-damage|p2a: Gyarados|38/100|[from] Sandstorm\n|-damage|p2b: Dragapult|82/100|[from] Sandstorm\n|-heal|p1a: Tyranitar|56/100|[from] item: Leftovers\n|-start|p2a: Gyarados|perish0\n|faint|p2a: Gyarados\n|upkeep\n|\n|t:|1776022046\n|switch|p2a: Incineroar|Incineroar, L50, F, shiny|73/100\n|switch|p1b: Excadrill|Excadrill, L50, F|21/100\n|-ability|p2a: Incineroar|Intimidate|boost\n|-unboost|p1a: Tyranitar|atk|1\n|-unboost|p1b: Excadrill|atk|1\n|turn|13\n|\n|t:|1776022058\n|move|p1b: Excadrill|Protect|p1b: Excadrill\n|-singleturn|p1b: Excadrill|Protect\n|move|p1a: Tyranitar|Protect|p1a: Tyranitar\n|-singleturn|p1a: Tyranitar|Protect\n|move|p2a: Incineroar|Fake Out|p1b: Excadrill\n|-activate|p1b: Excadrill|move: Protect\n|move|p2b: Dragapult|Reflect|p2b: Dragapult\n|-sidestart|p2: powerthepower|Reflect\n|\n|-weather|Sandstorm|[upkeep]\n|-damage|p2b: Dragapult|76/100|[from] Sandstorm\n|-damage|p2a: Incineroar|68/100|[from] Sandstorm\n|-heal|p1a: Tyranitar|62/100|[from] item: Leftovers\n|upkeep\n|turn|14\n|\n|t:|1776022089\n|move|p1b: Excadrill|Rock Slide|p2b: Dragapult|[spread] p2a,p2b\n|-supereffective|p2a: Incineroar|1\n|-damage|p2a: Incineroar|49/100\n|-damage|p2b: Dragapult|63/100\n|move|p2b: Dragapult|Draco Meteor|p1b: Excadrill\n|-resisted|p1b: Excadrill|1\n|-damage|p1b: Excadrill|2/100\n|-unboost|p2b: Dragapult|spa|2\n|move|p1a: Tyranitar|Knock Off|p2b: Dragapult\n|-supereffective|p2b: Dragapult|1\n|-damage|p2b: Dragapult|23/100\n|-enditem|p2b: Dragapult|Roseli Berry|[from] move: Knock Off|[of] p1a: Tyranitar\n|move|p2a: Incineroar|Parting Shot|p1b: Excadrill\n|-unboost|p1b: Excadrill|atk|1\n|-unboost|p1b: Excadrill|spa|1\n|\n|t:|1776022102\n|switch|p2a: Talonflame|Talonflame, L50, M|77/100|[from] Parting Shot\n|\n|-weather|none\n|-heal|p1a: Tyranitar|68/100|[from] item: Leftovers\n|upkeep\n|turn|15\n|\n|t:|1776022119\n|switch|p2b: Incineroar|Incineroar, L50, F, shiny|49/100\n|-ability|p2b: Incineroar|Intimidate|boost\n|-unboost|p1a: Tyranitar|atk|1\n|-unboost|p1b: Excadrill|atk|1\n|switch|p1a: Gengar|Gengar-Mega, L50, F|83/100\n|move|p1b: Excadrill|Protect|p1b: Excadrill\n|-singleturn|p1b: Excadrill|Protect\n|move|p2a: Talonflame|Tailwind|p2a: Talonflame\n|-sidestart|p2: powerthepower|move: Tailwind\n|\n|-sideend|p2: powerthepower|move: Light Screen\n|upkeep\n|turn|16\n|\n|t:|1776022157\n|switch|p1b: Tyranitar|Tyranitar, L50, F|68/100\n|-weather|Sandstorm|[from] ability: Sand Stream|[of] p1b: Tyranitar\n|move|p1a: Gengar|Protect|p1a: Gengar\n|-singleturn|p1a: Gengar|Protect\n|move|p2a: Talonflame|Taunt|p1a: Gengar\n|-activate|p1a: Gengar|move: Protect\n|move|p2b: Incineroar|Parting Shot|p1b: Tyranitar\n|-unboost|p1b: Tyranitar|atk|1\n|-unboost|p1b: Tyranitar|spa|1\n|\n|t:|1776022166\n|switch|p2b: Dragapult|Dragapult, L50, M|23/100|[from] Parting Shot\n|\n|-weather|Sandstorm|[upkeep]\n|-damage|p2b: Dragapult|17/100|[from] Sandstorm\n|-damage|p2a: Talonflame|71/100|[from] Sandstorm\n|-damage|p1a: Gengar|77/100|[from] Sandstorm\n|-heal|p1b: Tyranitar|73/100|[from] item: Leftovers\n|upkeep\n|turn|17\n|\n|t:|1776022191\n|switch|p1a: Excadrill|Excadrill, L50, F|2/100\n|move|p1b: Tyranitar|Protect|p1b: Tyranitar\n|-singleturn|p1b: Tyranitar|Protect\n|move|p2b: Dragapult|Draco Meteor|p1b: Tyranitar\n|-activate|p1b: Tyranitar|move: Protect\n|move|p2a: Talonflame|Brave Bird|p1a: Excadrill\n|-resisted|p1a: Excadrill|1\n|-damage|p1a: Excadrill|0 fnt\n|faint|p1a: Excadrill\n|-damage|p2a: Talonflame|70/100|[from] Recoil\n|\n|-weather|Sandstorm|[upkeep]\n|-damage|p2b: Dragapult|11/100|[from] Sandstorm\n|-damage|p2a: Talonflame|65/100|[from] Sandstorm\n|-heal|p1b: Tyranitar|79/100|[from] item: Leftovers\n|-sideend|p2: powerthepower|Reflect\n|upkeep\n|\n|t:|1776022206\n|switch|p1a: Gengar|Gengar-Mega, L50, F|77/100\n|turn|18\n|\n|t:|1776022218\n|move|p1a: Gengar|Protect|p1a: Gengar\n|-singleturn|p1a: Gengar|Protect\n|move|p2b: Dragapult|Draco Meteor|p1b: Tyranitar\n|-crit|p1b: Tyranitar\n|-damage|p1b: Tyranitar|29/100\n|-unboost|p2b: Dragapult|spa|2\n|move|p2a: Talonflame|Brave Bird|p1b: Tyranitar\n|-resisted|p1b: Tyranitar|1\n|-damage|p1b: Tyranitar|4/100\n|-damage|p2a: Talonflame|53/100|[from] Recoil\n|move|p1b: Tyranitar|Foul Play|p2a: Talonflame\n|-damage|p2a: Talonflame|0 fnt\n|faint|p2a: Talonflame\n|\n|-weather|Sandstorm|[upkeep]\n|-damage|p2b: Dragapult|5/100|[from] Sandstorm\n|-damage|p1a: Gengar|71/100|[from] Sandstorm\n|-heal|p1b: Tyranitar|10/100|[from] item: Leftovers\n|-sideend|p2: powerthepower|move: Tailwind\n|upkeep\n|\n|t:|1776022235\n|switch|p2a: Incineroar|Incineroar, L50, F, shiny|49/100\n|-ability|p2a: Incineroar|Intimidate|boost\n|-unboost|p1a: Gengar|atk|1\n|-unboost|p1b: Tyranitar|atk|1\n|turn|19\n|\n|t:|1776022247\n|move|p1b: Tyranitar|Protect|p1b: Tyranitar\n|-singleturn|p1b: Tyranitar|Protect\n|move|p2a: Incineroar|Fake Out|p1b: Tyranitar\n|-activate|p1b: Tyranitar|move: Protect\n|move|p2b: Dragapult|Draco Meteor|p1a: Gengar\n|-damage|p1a: Gengar|38/100\n|-unboost|p2b: Dragapult|spa|2\n|move|p1a: Gengar|Sludge Bomb|p2a: Incineroar\n|-damage|p2a: Incineroar|0 fnt\n|faint|p2a: Incineroar\n|\n|-weather|Sandstorm|[upkeep]\n|-damage|p2b: Dragapult|0 fnt|[from] Sandstorm\n|-damage|p1a: Gengar|32/100|[from] Sandstorm\n|faint|p2b: Dragapult\n|\n|win|PentaKillMew\n|raw|PentaKillMew's rating: 1051 &rarr; <strong>1083</strong><br />(+32 for winning)\n|raw|powerthepower's rating: 1044 &rarr; <strong>1028</strong><br />(-16 for losing)\n",
  "uploadtime": 1776022262,
  "views": 12,
  "formatid": "gen9championsvgc2026regma",
  "rating": 1028,
  "private": 0,
  "password": null
}