{
  "id": "gen9championsvgc2026regma-2588807694",
  "format": "[Gen 9 Champions] VGC 2026 Reg M-A",
  "players": [
    "Isidino",
    "mart280307"
  ],
  "log": "|j|\u203dIsidino\n|j|\u2606mart280307\n|t:|1776673343\n|gametype|doubles\n|player|p1|Isidino|169|1186\n|player|p2|mart280307|102|1128\n|gen|9\n|tier|[Gen 9 Champions] VGC 2026 Reg M-A\n|rated|\n|rule|Species Clause: Limit one of each Pok\u00e9mon\n|rule|Item Clause: Limit 1 of each item\n|clearpoke\n|poke|p1|Torkoal, L50, M|\n|poke|p1|Drampa, L50, F|\n|poke|p1|Sinistcha-Masterpiece, L50|\n|poke|p1|Farigiraf, L50, M|\n|poke|p1|Kingambit, L50, M, shiny|\n|poke|p1|Oranguru, L50, M|\n|poke|p2|Charizard, L50, M|\n|poke|p2|Venusaur, L50, F|\n|poke|p2|Garchomp, L50, F|\n|poke|p2|Rotom-Wash, L50|\n|poke|p2|Sneasler, L50, M|\n|poke|p2|Incineroar, L50, M|\n|teampreview|4\n|inactive|Battle timer is ON: inactive players will automatically lose when time's up. (requested by Isidino)\n|inactive|mart280307 has 60 seconds left.\n|\n|t:|1776673383\n|teamsize|p1|4\n|teamsize|p2|4\n|start\n|switch|p1a: Sinistcha|Sinistcha-Masterpiece, L50|100/100\n|switch|p1b: Oranguru|Oranguru, L50, M|100/100\n|switch|p2a: Incineroar|Incineroar, L50, M|100/100\n|switch|p2b: Rotom|Rotom-Wash, L50|100/100\n|-ability|p2a: Incineroar|Intimidate|boost\n|-unboost|p1a: Sinistcha|atk|1\n|-fail|p1b: Oranguru|unboost|Attack|[from] ability: Inner Focus|[of] p1b: Oranguru\n|turn|1\n|inactive|mart280307 has 30 seconds left.\n|inactive|mart280307 has 20 seconds left.\n|inactive|mart280307 has 15 seconds left.\n|\n|t:|1776673427\n|move|p2a: Incineroar|Fake Out|p1b: Oranguru\n|-damage|p1b: Oranguru|89/100\n|move|p1a: Sinistcha|Rage Powder|p1a: Sinistcha\n|-singleturn|p1a: Sinistcha|move: Rage Powder\n|move|p2b: Rotom|Thunderbolt|p1a: Sinistcha\n|-resisted|p1a: Sinistcha|1\n|-damage|p1a: Sinistcha|76/100\n|move|p1b: Oranguru|Trick Room|p1b: Oranguru\n|-fieldstart|move: Trick Room|[of] p1b: Oranguru\n|\n|upkeep\n|turn|2\n|inactive|mart280307 has 30 seconds left.\n|\n|t:|1776673458\n|move|p2b: Rotom|Protect|p2b: Rotom\n|-singleturn|p2b: Rotom|Protect\n|move|p1a: Sinistcha|Matcha Gotcha|p2b: Rotom|[spread] p2a\n|-activate|p2b: Rotom|move: Protect\n|-resisted|p2a: Incineroar|1\n|-damage|p2a: Incineroar|86/100\n|-heal|p1a: Sinistcha|84/100|[from] drain|[of] p2a: Incineroar\n|move|p2a: Incineroar|Flare Blitz|p1a: Sinistcha\n|-supereffective|p1a: Sinistcha|1\n|-damage|p1a: Sinistcha|0 fnt\n|faint|p1a: Sinistcha\n|-damage|p2a: Incineroar|61/100|[from] Recoil\n|move|p1b: Oranguru|Hyper Voice|p2b: Rotom|[spread] p2a\n|-activate|p2b: Rotom|move: Protect\n|-damage|p2a: Incineroar|42/100\n|-enditem|p2a: Incineroar|Sitrus Berry|[eat]\n|-heal|p2a: Incineroar|66/100|[from] item: Sitrus Berry\n|\n|upkeep\n|\n|t:|1776673469\n|switch|p1a: Drampa|Drampa, L50, F|100/100\n|-ability|p1a: Drampa|Cloud Nine\n|turn|3\n|inactive|mart280307 has 30 seconds left.\n|\n|t:|1776673501\n|detailschange|p1a: Drampa|Drampa-Mega, L50, F\n|-mega|p1a: Drampa|Drampa|Drampanite\n|move|p1a: Drampa|Hyper Voice|p2a: Incineroar|[spread] p2a,p2b\n|-damage|p2a: Incineroar|23/100\n|-damage|p2b: Rotom|55/100\n|move|p1b: Oranguru|Instruct|p1a: Drampa\n|-singleturn|p1a: Drampa|move: Instruct|[of] p1b: Oranguru\n|move|p1a: Drampa|Hyper Voice|p2a: Incineroar|[spread] p2a,p2b\n|-damage|p2a: Incineroar|0 fnt\n|-damage|p2b: Rotom|6/100\n|faint|p2a: Incineroar\n|move|p2b: Rotom|Will-O-Wisp|p1a: Drampa|[miss]\n|-miss|p2b: Rotom|p1a: Drampa\n|\n|-heal|p2b: Rotom|12/100|[from] item: Leftovers\n|upkeep\n|\n|t:|1776673526\n|switch|p2a: Charizard|Charizard, L50, M|100/100\n|turn|4\n|\n|t:|1776673541\n|detailschange|p2a: Charizard|Charizard-Mega-Y, L50, M\n|-mega|p2a: Charizard|Charizard|Charizardite Y\n|-weather|SunnyDay|[from] ability: Drought|[of] p2a: Charizard\n|move|p2b: Rotom|Protect|p2b: Rotom\n|-singleturn|p2b: Rotom|Protect\n|move|p1a: Drampa|Hyper Voice|p2b: Rotom|[spread] p2a\n|-activate|p2b: Rotom|move: Protect\n|-damage|p2a: Charizard|52/100\n|move|p1b: Oranguru|Instruct|p1a: Drampa\n|-singleturn|p1a: Drampa|move: Instruct|[of] p1b: Oranguru\n|move|p1a: Drampa|Hyper Voice|p2b: Rotom|[spread] p2a\n|-activate|p2b: Rotom|move: Protect\n|-damage|p2a: Charizard|3/100\n|move|p2a: Charizard|Heat Wave|p1a: Drampa|[spread] p1a,p1b\n|-resisted|p1a: Drampa|1\n|-damage|p1a: Drampa|72/100\n|-damage|p1b: Oranguru|34/100\n|\n|-weather|SunnyDay|[upkeep]\n|-heal|p2b: Rotom|18/100|[from] item: Leftovers\n|upkeep\n|turn|5\n|inactive|Isidino has 30 seconds left.\n|inactive|mart280307 has 30 seconds left.\n|\n|t:|1776673576\n|switch|p1b: Torkoal|Torkoal, L50, M|100/100\n|move|p2a: Charizard|Protect|p2a: Charizard\n|-singleturn|p2a: Charizard|Protect\n|move|p1a: Drampa|Hyper Voice|p2a: Charizard|[spread] p2b\n|-activate|p2a: Charizard|move: Protect\n|-damage|p2b: Rotom|0 fnt\n|faint|p2b: Rotom\n|\n|-weather|SunnyDay|[upkeep]\n|-fieldend|move: Trick Room\n|upkeep\n|\n|t:|1776673589\n|switch|p2b: Sneasler|Sneasler, L50, M|100/100\n|turn|6\n|\n|t:|1776673603\n|move|p2b: Sneasler|Fake Out|p1a: Drampa\n|-damage|p1a: Drampa|60/100\n|move|p2a: Charizard|Heat Wave|p1a: Drampa|[spread] p1b\n|-miss|p2a: Charizard|p1a: Drampa\n|-resisted|p1b: Torkoal|1\n|-damage|p1b: Torkoal|58/100\n|cant|p1a: Drampa|flinch\n|move|p1b: Torkoal|Eruption|p2a: Charizard|[spread] p2a,p2b\n|-resisted|p2a: Charizard|1\n|-damage|p2a: Charizard|0 fnt\n|-damage|p2b: Sneasler|39/100\n|faint|p2a: Charizard\n|\n|-weather|SunnyDay|[upkeep]\n|upkeep\n|turn|7\n|\n|t:|1776673622\n|move|p2b: Sneasler|Close Combat|p1b: Torkoal\n|-damage|p1b: Torkoal|10/100\n|-unboost|p2b: Sneasler|def|1\n|-unboost|p2b: Sneasler|spd|1\n|-enditem|p2b: Sneasler|White Herb\n|-clearnegativeboost|p2b: Sneasler|[silent]\n|move|p1a: Drampa|Dragon Pulse|p2b: Sneasler\n|-damage|p2b: Sneasler|0 fnt\n|faint|p2b: Sneasler\n|\n|win|Isidino\n|raw|Isidino's rating: 1186 &rarr; <strong>1207</strong><br />(+21 for winning)\n|raw|mart280307's rating: 1128 &rarr; <strong>1107</strong><br />(-21 for losing)\n",
  "uploadtime": 1776673624,
  "views": 14,
  "formatid": "gen9championsvgc2026regma",
  "rating": 1107,
  "private": 0,
  "password": null
}