{
  "id": "gen9championsvgc2026regma-2586994130",
  "format": "[Gen 9 Champions] VGC 2026 Reg M-A",
  "players": [
    "bryangm02",
    "manofcream"
  ],
  "log": "|j|\u2606bryangm02\n|j|\u2606manofcream\n|t:|1776479242\n|gametype|doubles\n|player|p1|bryangm02|101|1318\n|player|p2|manofcream|swimmer|1243\n|gen|9\n|tier|[Gen 9 Champions] VGC 2026 Reg M-A\n|rated|\n|rule|Species Clause: Limit one of each Pok\u00e9mon\n|rule|Item Clause: Limit 1 of each item\n|clearpoke\n|poke|p1|Meganium, L50, M|\n|poke|p1|Aerodactyl, L50, M|\n|poke|p1|Tauros-Paldea-Aqua, L50, M|\n|poke|p1|Kangaskhan, L50, F|\n|poke|p1|Archaludon, L50, F|\n|poke|p1|Gengar, L50, F|\n|poke|p2|Gliscor, L50, F|\n|poke|p2|Manectric, L50, F|\n|poke|p2|Chesnaught, L50, F|\n|poke|p2|Basculegion, L50, M|\n|poke|p2|Floette-Eternal, L50, F|\n|poke|p2|Incineroar, L50, F|\n|teampreview|4\n|inactive|Battle timer is ON: inactive players will automatically lose when time's up. (requested by bryangm02)\n|\n|t:|1776479297\n|teamsize|p1|4\n|teamsize|p2|4\n|start\n|switch|p1a: Tauros|Tauros-Paldea-Aqua, L50, M|100/100\n|switch|p1b: Kangaskhan|Kangaskhan, L50, F|100/100\n|switch|p2a: Manectric|Manectric, L50, F|100/100\n|switch|p2b: Basculegion|Basculegion, L50, M|100/100\n|-ability|p1a: Tauros|Intimidate|boost\n|-unboost|p2a: Manectric|atk|1\n|-unboost|p2b: Basculegion|atk|1\n|turn|1\n|inactive|bryangm02 has 30 seconds left.\n|inactive|bryangm02 has 20 seconds left.\n|inactive|bryangm02 has 15 seconds left.\n|\n|t:|1776479341\n|detailschange|p2a: Manectric|Manectric-Mega, L50, F\n|-mega|p2a: Manectric|Manectric|Manectite\n|-ability|p2a: Manectric|Intimidate|boost\n|-unboost|p1a: Tauros|atk|1\n|-fail|p1b: Kangaskhan|unboost|Attack|[from] ability: Inner Focus|[of] p1b: Kangaskhan\n|-enditem|p1a: Tauros|White Herb\n|-clearnegativeboost|p1a: Tauros|[silent]\n|detailschange|p1b: Kangaskhan|Kangaskhan-Mega, L50, F\n|-mega|p1b: Kangaskhan|Kangaskhan|Kangaskhanite\n|move|p1a: Tauros|Protect|p1a: Tauros\n|-singleturn|p1a: Tauros|Protect\n|move|p1b: Kangaskhan|Sucker Punch||[still]\n|-fail|p1b: Kangaskhan\n|move|p2b: Basculegion|Soak|p1b: Kangaskhan\n|-start|p1b: Kangaskhan|typechange|Water\n|move|p2a: Manectric|Thunderbolt|p1b: Kangaskhan\n|-supereffective|p1b: Kangaskhan|1\n|-damage|p1b: Kangaskhan|14/100\n|-status|p1b: Kangaskhan|par\n|\n|upkeep\n|turn|2\n|inactive|bryangm02 has 30 seconds left.\n|inactive|manofcream has 30 seconds left.\n|inactive|manofcream has 20 seconds left.\n|\n|t:|1776479379\n|switch|p2b: Gliscor|Gliscor, L50, F|100/100\n|move|p1b: Kangaskhan|Sucker Punch||[still]\n|-fail|p1b: Kangaskhan\n|move|p2a: Manectric|Volt Switch|p1b: Kangaskhan\n|-supereffective|p1b: Kangaskhan|1\n|-damage|p1b: Kangaskhan|0 fnt\n|faint|p1b: Kangaskhan\n|\n|t:|1776479395\n|switch|p2a: Basculegion|Basculegion, L50, M|100/100|[from] Volt Switch\n|move|p1a: Tauros|Wave Crash|p2a: Basculegion\n|-resisted|p2a: Basculegion|1\n|-damage|p2a: Basculegion|64/100\n|-damage|p1a: Tauros|85/100|[from] Recoil\n|\n|upkeep\n|\n|t:|1776479405\n|switch|p1b: Gengar|Gengar, L50, F|100/100\n|turn|3\n|\n|t:|1776479419\n|switch|p2a: Chesnaught|Chesnaught, L50, F|100/100\n|move|p1b: Gengar|Shadow Ball|p2a: Chesnaught\n|-immune|p2a: Chesnaught|[from] ability: Bulletproof\n|move|p1a: Tauros|Wave Crash|p2b: Gliscor\n|-supereffective|p2b: Gliscor|1\n|-enditem|p2b: Gliscor|Focus Sash\n|-damage|p2b: Gliscor|1/100\n|-damage|p1a: Tauros|51/100|[from] Recoil\n|move|p2b: Gliscor|High Horsepower|p1b: Gengar\n|-supereffective|p1b: Gengar|1\n|-damage|p1b: Gengar|0 fnt\n|faint|p1b: Gengar\n|\n|upkeep\n|\n|t:|1776479433\n|switch|p1b: Aerodactyl|Aerodactyl, L50, M|100/100\n|-ability|p1b: Aerodactyl|Unnerve\n|turn|4\n|\n|t:|1776479454\n|move|p2a: Chesnaught|Spiky Shield|p2a: Chesnaught\n|-singleturn|p2a: Chesnaught|move: Protect\n|move|p1a: Tauros|Aqua Jet|p2b: Gliscor\n|-supereffective|p2b: Gliscor|1\n|-damage|p2b: Gliscor|0 fnt\n|faint|p2b: Gliscor\n|move|p1b: Aerodactyl|Dual Wingbeat|p2a: Chesnaught\n|-activate|p2a: Chesnaught|move: Protect\n|-damage|p1b: Aerodactyl|88/100|[from] Spiky Shield|[of] p2a: Chesnaught\n|\n|upkeep\n|\n|t:|1776479464\n|switch|p2b: Manectric|Manectric-Mega, L50, F|100/100\n|-ability|p2b: Manectric|Intimidate|boost\n|-unboost|p1a: Tauros|atk|1\n|-unboost|p1b: Aerodactyl|atk|1\n|turn|5\n|\n|t:|1776479481\n|move|p2b: Manectric|Volt Switch|p1b: Aerodactyl\n|-supereffective|p1b: Aerodactyl|1\n|-damage|p1b: Aerodactyl|0 fnt\n|faint|p1b: Aerodactyl\n|\n|t:|1776479484\n|switch|p2b: Basculegion|Basculegion, L50, M|64/100|[from] Volt Switch\n|move|p1a: Tauros|Wave Crash|p2b: Basculegion\n|-resisted|p2b: Basculegion|1\n|-damage|p2b: Basculegion|38/100\n|-damage|p1a: Tauros|40/100|[from] Recoil\n|move|p2a: Chesnaught|Wood Hammer|p1a: Tauros\n|-supereffective|p1a: Tauros|1\n|-damage|p1a: Tauros|0 fnt\n|faint|p1a: Tauros\n|-damage|p2a: Chesnaught|90/100|[from] Recoil\n|\n|win|manofcream\n|raw|bryangm02's rating: 1318 &rarr; <strong>1294</strong><br />(-24 for losing)\n|raw|manofcream's rating: 1243 &rarr; <strong>1273</strong><br />(+30 for winning)\n|c|\u2606manofcream|teehee\n|l|\u2606bryangm02\n|player|p1|\n",
  "uploadtime": 1776479505,
  "views": 26,
  "formatid": "gen9championsvgc2026regma",
  "rating": 1273,
  "private": 0,
  "password": null
}