{
  "id": "gen9championsvgc2026regma-2581099003",
  "format": "[Gen 9 Champions] VGC 2026 Reg M-A",
  "players": [
    "hunterbarber",
    "mrpoopass"
  ],
  "log": "|j|\u2606hunterbarber\n|j|\u2606mrpoopass\n|t:|1775959744\n|gametype|doubles\n|player|p1|hunterbarber|170|1217\n|player|p2|mrpoopass|blaine|1129\n|gen|9\n|tier|[Gen 9 Champions] VGC 2026 Reg M-A\n|rated|\n|rule|Species Clause: Limit one of each Pok\u00e9mon\n|rule|Item Clause: Limit 1 of each item\n|clearpoke\n|poke|p1|Gardevoir, L50, F|\n|poke|p1|Garchomp, L50, F|\n|poke|p1|Rotom-Wash, L50|\n|poke|p1|Zoroark-Hisui, L50, M|\n|poke|p1|Glimmora, L50, F|\n|poke|p1|Orthworm, L50, M|\n|poke|p2|Scizor, L50, F|\n|poke|p2|Lycanroc-Dusk, L50, F|\n|poke|p2|Incineroar, L50, M|\n|poke|p2|Sinistcha-Masterpiece, L50|\n|poke|p2|Sneasler, L50, F|\n|poke|p2|Milotic, L50, M|\n|teampreview|4\n|inactive|Battle timer is ON: inactive players will automatically lose when time's up. (requested by mrpoopass)\n|inactive|hunterbarber has 60 seconds left.\n|\n|t:|1775959794\n|teamsize|p1|4\n|teamsize|p2|4\n|start\n|switch|p1a: Garchomp|Garchomp, L50, F|100/100\n|switch|p1b: Rotom|Rotom-Wash, L50|100/100\n|switch|p2a: Scizor|Scizor, L50, F|100/100\n|switch|p2b: Lycanroc|Lycanroc-Dusk, L50, F, shiny|100/100\n|turn|1\n|inactive|mrpoopass has 30 seconds left.\n|inactive|mrpoopass has 20 seconds left.\n|inactive|mrpoopass has 15 seconds left.\n|\n|t:|1775959836\n|switch|p2b: Incineroar|Incineroar, L50, M|100/100\n|-ability|p2b: Incineroar|Intimidate|boost\n|-unboost|p1a: Garchomp|atk|1\n|-unboost|p1b: Rotom|atk|1\n|switch|p1b: Orthworm|Orthworm, L50, M|100/100\n|detailschange|p2a: Scizor|Scizor-Mega, L50, F\n|-mega|p2a: Scizor|Scizor|Scizorite\n|move|p1a: Garchomp|Earthquake|p2b: Incineroar|[spread] p2a,p2b\n|-immune|p1b: Orthworm|[from] ability: Earth Eater\n|-supereffective|p2b: Incineroar|1\n|-damage|p2a: Scizor|81/100\n|-damage|p2b: Incineroar|55/100\n|move|p2a: Scizor|Swords Dance|p2a: Scizor\n|-boost|p2a: Scizor|atk|2\n|\n|upkeep\n|turn|2\n|\n|t:|1775959856\n|switch|p2b: Sinistcha|Sinistcha-Masterpiece, L50|100/100\n|-heal|p2a: Scizor|100/100|[from] ability: Hospitality|[of] p2b: Sinistcha\n|move|p1a: Garchomp|Protect|p1a: Garchomp\n|-singleturn|p1a: Garchomp|Protect\n|move|p1b: Orthworm|Protect|p1b: Orthworm\n|-singleturn|p1b: Orthworm|Protect\n|move|p2a: Scizor|Swords Dance|p2a: Scizor\n|-boost|p2a: Scizor|atk|2\n|\n|upkeep\n|turn|3\n|inactive|hunterbarber has 30 seconds left.\n|\n|t:|1775959889\n|switch|p2b: Incineroar|Incineroar, L50, M|55/100\n|-ability|p2b: Incineroar|Intimidate|boost\n|-unboost|p1a: Garchomp|atk|1\n|-unboost|p1b: Orthworm|atk|1\n|move|p1a: Garchomp|Earthquake|p2a: Scizor|[spread] p2a,p2b\n|-immune|p1b: Orthworm|[from] ability: Earth Eater\n|-supereffective|p2b: Incineroar|1\n|-damage|p2a: Scizor|86/100\n|-damage|p2b: Incineroar|25/100\n|-enditem|p2b: Incineroar|Sitrus Berry|[eat]\n|-heal|p2b: Incineroar|50/100|[from] item: Sitrus Berry\n|move|p2a: Scizor|Swords Dance|p2a: Scizor\n|-boost|p2a: Scizor|atk|2\n|move|p1b: Orthworm|Body Press|p2a: Scizor\n|-damage|p2a: Scizor|61/100\n|\n|upkeep\n|turn|4\n|inactive|hunterbarber has 30 seconds left.\n|\n|t:|1775959917\n|switch|p1a: Rotom|Rotom-Wash, L50|100/100\n|move|p2b: Incineroar|Fake Out|p1b: Orthworm\n|-resisted|p1b: Orthworm|1\n|-damage|p1b: Orthworm|97/100\n|move|p2a: Scizor|Bug Bite|p1b: Orthworm\n|-resisted|p1b: Orthworm|1\n|-damage|p1b: Orthworm|32/100\n|-enditem|p1b: Orthworm|Sitrus Berry|[from] stealeat|[move] Bug Bite|[of] p2a: Scizor\n|-heal|p2a: Scizor|86/100|[from] item: Sitrus Berry\n|cant|p1b: Orthworm|flinch\n|\n|upkeep\n|turn|5\n|inactive|hunterbarber has 30 seconds left.\n|\n|t:|1775959942\n|move|p1b: Orthworm|Protect|p1b: Orthworm\n|-singleturn|p1b: Orthworm|Protect\n|move|p1a: Rotom|Will-O-Wisp|p2a: Scizor\n|-status|p2a: Scizor|brn\n|move|p2a: Scizor|Bug Bite|p1b: Orthworm\n|-activate|p1b: Orthworm|move: Protect\n|move|p2b: Incineroar|Parting Shot|p1a: Rotom\n|-unboost|p1a: Rotom|atk|1\n|-unboost|p1a: Rotom|spa|1\n|\n|t:|1775959949\n|switch|p2b: Sinistcha|Sinistcha-Masterpiece, L50|100/100|[from] Parting Shot\n|-heal|p2a: Scizor|100/100 brn|[from] ability: Hospitality|[of] p2b: Sinistcha\n|\n|-damage|p2a: Scizor|95/100 brn|[from] brn\n|upkeep\n|turn|6\n|inactive|hunterbarber has 30 seconds left.\n|\n|t:|1775959981\n|move|p1a: Rotom|Thunderbolt|p2a: Scizor\n|-damage|p2a: Scizor|64/100 brn\n|move|p2a: Scizor|Bug Bite|p1b: Orthworm\n|-resisted|p1b: Orthworm|1\n|-damage|p1b: Orthworm|0 fnt\n|faint|p1b: Orthworm\n|move|p2b: Sinistcha|Matcha Gotcha|p1a: Rotom\n|-supereffective|p1a: Rotom|1\n|-damage|p1a: Rotom|28/100\n|\n|-damage|p2a: Scizor|58/100 brn|[from] brn\n|upkeep\n|\n|t:|1775960000\n|switch|p1b: Garchomp|Garchomp, L50, F|100/100\n|turn|7\n|\n|t:|1775960012\n|move|p2a: Scizor|Protect|p2a: Scizor\n|-singleturn|p2a: Scizor|Protect\n|move|p1b: Garchomp|Bitter Malice|p2a: Scizor\n|-activate|p2a: Scizor|move: Protect\n|move|p1a: Rotom|Thunderbolt|p2a: Scizor\n|-activate|p2a: Scizor|move: Protect\n|move|p2b: Sinistcha|Matcha Gotcha|p1b: Garchomp|[spread] p1a,p1b\n|-supereffective|p1a: Rotom|1\n|-crit|p1a: Rotom\n|-damage|p1a: Rotom|0 fnt\n|-damage|p1b: Garchomp|46/100\n|-status|p1b: Garchomp|brn\n|replace|p1b: Zoroark|Zoroark-Hisui, L50, M\n|-end|p1b: Zoroark|Illusion\n|faint|p1a: Rotom\n|\n|-damage|p1b: Zoroark|40/100 brn|[from] brn\n|-damage|p2a: Scizor|53/100 brn|[from] brn\n|upkeep\n|\n|t:|1775960024\n|switch|p1a: Garchomp|Garchomp, L50, F|100/100\n|turn|8\n|\n|t:|1775960041\n|switch|p2b: Incineroar|Incineroar, L50, M|50/100\n|-ability|p2b: Incineroar|Intimidate|boost\n|-unboost|p1a: Garchomp|atk|1\n|-unboost|p1b: Zoroark|atk|1\n|move|p2a: Scizor|Bullet Punch|p1b: Zoroark\n|-damage|p1b: Zoroark|0 fnt\n|faint|p1b: Zoroark\n|move|p1a: Garchomp|Dragon Claw|p2a: Scizor\n|-resisted|p2a: Scizor|1\n|-damage|p2a: Scizor|41/100 brn\n|\n|-damage|p2a: Scizor|35/100 brn|[from] brn\n|upkeep\n|turn|9\n|-message|hunterbarber forfeited.\n|\n|win|mrpoopass\n|raw|hunterbarber's rating: 1217 &rarr; <strong>1186</strong><br />(-31 for losing)\n|raw|mrpoopass's rating: 1129 &rarr; <strong>1160</strong><br />(+31 for winning)\n|l|\u2606hunterbarber\n|player|p1|\n",
  "uploadtime": 1775960055,
  "views": 30,
  "formatid": "gen9championsvgc2026regma",
  "rating": 1160,
  "private": 0,
  "password": null
}