{
  "id": "gen9championsvgc2026regma-2583764748",
  "format": "[Gen 9 Champions] VGC 2026 Reg M-A",
  "players": [
    "N11ru",
    "Beartic01"
  ],
  "log": "|j|\u2606N11ru\n|j|\u2606Beartic01\n|t:|1776196153\n|gametype|doubles\n|player|p1|N11ru|266|1079\n|player|p2|Beartic01|170|1085\n|gen|9\n|tier|[Gen 9 Champions] VGC 2026 Reg M-A\n|rated|\n|rule|Species Clause: Limit one of each Pok\u00e9mon\n|rule|Item Clause: Limit 1 of each item\n|clearpoke\n|poke|p1|Chandelure, L50, M|\n|poke|p1|Floette-Eternal, L50, F|\n|poke|p1|Whimsicott, L50, F|\n|poke|p1|Incineroar, L50, M|\n|poke|p1|Kingambit, L50, F|\n|poke|p1|Raichu, L50, M|\n|poke|p2|Crabominable, L50, M|\n|poke|p2|Incineroar, L50, F|\n|poke|p2|Farigiraf, L50, F|\n|poke|p2|Garchomp, L50, M|\n|poke|p2|Sylveon, L50, M|\n|poke|p2|Starmie, L50|\n|teampreview|4\n|inactive|Battle timer is ON: inactive players will automatically lose when time's up. (requested by N11ru)\n|\n|t:|1776196190\n|teamsize|p1|4\n|teamsize|p2|4\n|start\n|switch|p1a: Neroro|Incineroar, L50, M, shiny|100/100\n|switch|p1b: Kingaga|Kingambit, L50, F|100/100\n|switch|p2a: Crabominable|Crabominable, L50, M|100/100\n|switch|p2b: Farigiraf|Farigiraf, L50, F|100/100\n|-ability|p1a: Neroro|Intimidate|boost\n|-unboost|p2a: Crabominable|atk|1\n|-unboost|p2b: Farigiraf|atk|1\n|turn|1\n|inactive|Beartic01 has 30 seconds left.\n|inactive|Beartic01 has 20 seconds left.\n|inactive|Beartic01 has 15 seconds left.\n|inactive|Beartic01 has 10 seconds left.\n|inactive|Beartic01 has 5 seconds left.\n|\n|t:|1776196241\n|switch|p2a: Garchomp|Garchomp, L50, M|100/100\n|move|p1a: Neroro|Darkest Lariat|p2b: Farigiraf\n|-supereffective|p2b: Farigiraf|1\n|-damage|p2b: Farigiraf|34/100\n|move|p1b: Kingaga|Kowtow Cleave|p2b: Farigiraf\n|-supereffective|p2b: Farigiraf|1\n|-damage|p2b: Farigiraf|0 fnt\n|faint|p2b: Farigiraf\n|\n|upkeep\n|\n|t:|1776196259\n|switch|p2b: Sylveon|Sylveon, L50, M|100/100\n|turn|2\n|\n|t:|1776196269\n|move|p2b: Sylveon|Protect|p2b: Sylveon\n|-singleturn|p2b: Sylveon|Protect\n|move|p2a: Garchomp|Earthquake|p1a: Neroro|[spread] p1a,p1b\n|-activate|p2b: Sylveon|move: Protect\n|-supereffective|p1a: Neroro|1\n|-supereffective|p1b: Kingaga|1\n|-damage|p1a: Neroro|26/100\n|-damage|p1b: Kingaga|36/100\n|-enditem|p1b: Kingaga|Sitrus Berry|[eat]\n|-heal|p1b: Kingaga|60/100|[from] item: Sitrus Berry\n|move|p1a: Neroro|Parting Shot|p2a: Garchomp\n|-unboost|p2a: Garchomp|atk|1\n|-unboost|p2a: Garchomp|spa|1\n|\n|t:|1776196281\n|switch|p1a: Ettette|Floette-Eternal, L50, F|100/100|[from] Parting Shot\n|move|p1b: Kingaga|Iron Head|p2b: Sylveon\n|-activate|p2b: Sylveon|move: Protect\n|\n|upkeep\n|turn|3\n|inactive|Beartic01 has 30 seconds left.\n|inactive|Beartic01 has 20 seconds left.\n|inactive|Beartic01 has 15 seconds left.\n|\n|t:|1776196322\n|detailschange|p1a: Ettette|Floette-Mega, L50, F\n|-mega|p1a: Ettette|Floette|Floettite\n|-ability|p1a: Ettette|Fairy Aura\n|move|p2a: Garchomp|Protect|p2a: Garchomp\n|-singleturn|p2a: Garchomp|Protect\n|move|p1a: Ettette|Calm Mind|p1a: Ettette\n|-boost|p1a: Ettette|spa|1\n|-boost|p1a: Ettette|spd|1\n|move|p2b: Sylveon|Moonblast|p1b: Kingaga\n|-damage|p1b: Kingaga|0 fnt\n|faint|p1b: Kingaga\n|\n|upkeep\n|\n|t:|1776196335\n|switch|p1b: Neroro|Incineroar, L50, M, shiny|26/100\n|-ability|p1b: Neroro|Intimidate|boost\n|-unboost|p2a: Garchomp|atk|1\n|-unboost|p2b: Sylveon|atk|1\n|turn|4\n|\n|t:|1776196356\n|switch|p2a: Crabominable|Crabominable, L50, M|100/100\n|move|p1b: Neroro|Fake Out|p2a: Crabominable\n|-damage|p2a: Crabominable|88/100\n|move|p1a: Ettette|Draining Kiss|p2a: Crabominable\n|-supereffective|p2a: Crabominable|1\n|-damage|p2a: Crabominable|0 fnt\n|faint|p2a: Crabominable\n|move|p2b: Sylveon|Hyper Voice|p1b: Neroro|[spread] p1a,p1b\n|-crit|p1b: Neroro\n|-damage|p1a: Ettette|62/100\n|-damage|p1b: Neroro|0 fnt\n|faint|p1b: Neroro\n|\n|upkeep\n|\n|t:|1776196370\n|switch|p1b: Lulure|Chandelure, L50, M|100/100\n|switch|p2a: Garchomp|Garchomp, L50, M|100/100\n|turn|5\n|\n|t:|1776196382\n|move|p2a: Garchomp|Protect|p2a: Garchomp\n|-singleturn|p2a: Garchomp|Protect\n|move|p1b: Lulure|Shadow Ball|p2b: Sylveon\n|-damage|p2b: Sylveon|66/100\n|move|p1a: Ettette|Draining Kiss|p2a: Garchomp\n|-activate|p2a: Garchomp|move: Protect\n|move|p2b: Sylveon|Shadow Ball|p1b: Lulure\n|-supereffective|p1b: Lulure|1\n|-damage|p1b: Lulure|23/100\n|\n|upkeep\n|turn|6\n|\n|t:|1776196404\n|move|p1b: Lulure|Shadow Ball|p2b: Sylveon\n|-damage|p2b: Sylveon|29/100\n|move|p1a: Ettette|Draining Kiss|p2a: Garchomp\n|-supereffective|p2a: Garchomp|1\n|-damage|p2a: Garchomp|0 fnt\n|-heal|p1a: Ettette|100/100|[from] drain|[of] p2a: Garchomp\n|-damage|p1a: Ettette|88/100|[from] ability: Rough Skin|[of] p2a: Garchomp\n|faint|p2a: Garchomp\n|move|p2b: Sylveon|Hyper Voice|p1a: Ettette|[spread] p1a,p1b\n|-resisted|p1b: Lulure|1\n|-damage|p1a: Ettette|49/100\n|-damage|p1b: Lulure|0 fnt\n|faint|p1b: Lulure\n|\n|upkeep\n|turn|7\n|\n|t:|1776196425\n|move|p1a: Ettette|Psychic|p2b: Sylveon\n|-damage|p2b: Sylveon|0 fnt\n|faint|p2b: Sylveon\n|\n|win|N11ru\n|raw|N11ru's rating: 1079 &rarr; <strong>1108</strong><br />(+29 for winning)\n|raw|Beartic01's rating: 1085 &rarr; <strong>1062</strong><br />(-23 for losing)\n",
  "uploadtime": 1776196428,
  "views": 18,
  "formatid": "gen9championsvgc2026regma",
  "rating": 1062,
  "private": 0,
  "password": null
}