{
  "id": "gen9championsvgc2026regma-2584265304",
  "format": "[Gen 9 Champions] VGC 2026 Reg M-A",
  "players": [
    "XtremeSlayer",
    "smp on whimsicott"
  ],
  "log": "|j|\u2606XtremeSlayer\n|j|\u2606smp on whimsicott\n|t:|1776244925\n|gametype|doubles\n|player|p1|XtremeSlayer|striker|1148\n|player|p2|smp on whimsicott|artist-gen4|1154\n|gen|9\n|tier|[Gen 9 Champions] VGC 2026 Reg M-A\n|rated|\n|rule|Species Clause: Limit one of each Pok\u00e9mon\n|rule|Item Clause: Limit 1 of each item\n|clearpoke\n|poke|p1|Lucario, L50, F|\n|poke|p1|Palafin, L50, F|\n|poke|p1|Sinistcha, L50|\n|poke|p1|Aerodactyl, L50, M|\n|poke|p1|Archaludon, L50, F|\n|poke|p1|Hydreigon, L50, F|\n|poke|p2|Incineroar, L50, F|\n|poke|p2|Politoed, L50, F|\n|poke|p2|Gengar, L50, F|\n|poke|p2|Palafin, L50, M|\n|poke|p2|Volcarona, L50, M|\n|poke|p2|Ninetales-Alola, L50, M|\n|teampreview|4\n|inactive|Battle timer is ON: inactive players will automatically lose when time's up. (requested by XtremeSlayer)\n|inactive|XtremeSlayer has 60 seconds left.\n|inactive|smp on whimsicott has 60 seconds left.\n|inactive|smp on whimsicott has 30 seconds left.\n|inactive|smp on whimsicott has 20 seconds left.\n|inactive|smp on whimsicott has 15 seconds left.\n|inactive|smp on whimsicott has 10 seconds left.\n|\n|t:|1776245008\n|teamsize|p1|4\n|teamsize|p2|4\n|start\n|switch|p1a: Palafin|Palafin, L50, F|100/100\n|switch|p1b: Lucario|Lucario, L50, F|100/100\n|switch|p2a: Gengar|Gengar, L50, F|100/100\n|switch|p2b: Palafin|Palafin, L50, M|100/100\n|turn|1\n|inactive|XtremeSlayer has 30 seconds left.\n|\n|t:|1776245041\n|detailschange|p1a: Palafin|Palafin-Hero, L50, F\n|switch|p1a: Sinistcha|Sinistcha, L50|100/100\n|detailschange|p2a: Gengar|Gengar-Mega, L50, F\n|-mega|p2a: Gengar|Gengar|Gengarite\n|detailschange|p1b: Lucario|Lucario-Mega, L50, F\n|-mega|p1b: Lucario|Lucario|Lucarionite\n|move|p2a: Gengar|Protect|p2a: Gengar\n|-singleturn|p2a: Gengar|Protect\n|move|p2b: Palafin|Flip Turn|p1b: Lucario\n|-crit|p1b: Lucario\n|-damage|p1b: Lucario|54/100\n|\n|t:|1776245051\n|detailschange|p2b: Palafin|Palafin-Hero, L50, M\n|switch|p2b: Incineroar|Incineroar, L50, F|100/100|[from] Flip Turn\n|-ability|p2b: Incineroar|Intimidate|boost\n|-unboost|p1a: Sinistcha|atk|1\n|-unboost|p1b: Lucario|atk|1\n|move|p1b: Lucario|Meteor Mash|p2a: Gengar\n|-activate|p2a: Gengar|move: Protect\n|\n|upkeep\n|turn|2\n|\n|t:|1776245068\n|switch|p1a: Palafin|Palafin-Hero, L50, F|100/100\n|-activate|p1a: Palafin|ability: Zero to Hero\n|move|p1b: Lucario|Protect|p1b: Lucario\n|-singleturn|p1b: Lucario|Protect\n|move|p2b: Incineroar|Fake Out|p1b: Lucario\n|-activate|p1b: Lucario|move: Protect\n|move|p2a: Gengar|Shadow Ball|p1a: Palafin\n|-damage|p1a: Palafin|60/100\n|\n|-heal|p1a: Palafin|66/100|[from] item: Leftovers\n|upkeep\n|turn|3\n|\n|t:|1776245093\n|switch|p2a: Palafin|Palafin-Hero, L50, M|100/100\n|-activate|p2a: Palafin|ability: Zero to Hero\n|move|p2b: Incineroar|Protect|p2b: Incineroar\n|-singleturn|p2b: Incineroar|Protect\n|move|p1b: Lucario|Close Combat|p2b: Incineroar\n|-activate|p2b: Incineroar|move: Protect\n|move|p1a: Palafin|Bulk Up|p1a: Palafin\n|-boost|p1a: Palafin|atk|1\n|-boost|p1a: Palafin|def|1\n|\n|-heal|p1a: Palafin|72/100|[from] item: Leftovers\n|upkeep\n|turn|4\n|\n|t:|1776245109\n|move|p1b: Lucario|Protect|p1b: Lucario\n|-singleturn|p1b: Lucario|Protect\n|move|p2a: Palafin|Wave Crash|p1b: Lucario\n|-activate|p1b: Lucario|move: Protect\n|move|p1a: Palafin|Bulk Up|p1a: Palafin\n|-boost|p1a: Palafin|atk|1\n|-boost|p1a: Palafin|def|1\n|move|p2b: Incineroar|Parting Shot|p1a: Palafin\n|-unboost|p1a: Palafin|atk|1\n|-unboost|p1a: Palafin|spa|1\n|\n|t:|1776245120\n|switch|p2b: Ninetales|Ninetales-Alola, L50, M|100/100|[from] Parting Shot\n|-weather|Snowscape|[from] ability: Snow Warning|[of] p2b: Ninetales\n|\n|-weather|Snowscape|[upkeep]\n|-heal|p1a: Palafin|77/100|[from] item: Leftovers\n|upkeep\n|turn|5\n|\n|t:|1776245127\n|move|p1b: Lucario|Bullet Punch|p2b: Ninetales\n|-supereffective|p2b: Ninetales|2\n|-damage|p2b: Ninetales|9/100\n|move|p2a: Palafin|Wave Crash|p1b: Lucario\n|-damage|p1b: Lucario|0 fnt\n|faint|p1b: Lucario\n|-damage|p2a: Palafin|86/100|[from] Recoil\n|move|p2b: Ninetales|Encore|p1a: Palafin\n|-start|p1a: Palafin|Encore\n|move|p1a: Palafin|Bulk Up|p1a: Palafin\n|-boost|p1a: Palafin|atk|1\n|-boost|p1a: Palafin|def|1\n|\n|-weather|Snowscape|[upkeep]\n|-heal|p1a: Palafin|83/100|[from] item: Leftovers\n|upkeep\n|\n|t:|1776245138\n|switch|p1b: Aerodactyl|Aerodactyl, L50, M|100/100\n|-ability|p1b: Aerodactyl|Unnerve\n|turn|6\n|\n|t:|1776245150\n|switch|p2b: Incineroar|Incineroar, L50, F|100/100\n|-ability|p2b: Incineroar|Intimidate|boost\n|-unboost|p1a: Palafin|atk|1\n|-unboost|p1b: Aerodactyl|atk|1\n|move|p1b: Aerodactyl|Protect|p1b: Aerodactyl\n|-singleturn|p1b: Aerodactyl|Protect\n|move|p2a: Palafin|Wave Crash|p1b: Aerodactyl\n|-activate|p1b: Aerodactyl|move: Protect\n|move|p1a: Palafin|Bulk Up|p1a: Palafin\n|-boost|p1a: Palafin|atk|1\n|-boost|p1a: Palafin|def|1\n|\n|-weather|Snowscape|[upkeep]\n|-heal|p1a: Palafin|89/100|[from] item: Leftovers\n|upkeep\n|turn|7\n|\n|t:|1776245173\n|move|p2b: Incineroar|Protect|p2b: Incineroar\n|-singleturn|p2b: Incineroar|Protect\n|move|p2a: Palafin|Wave Crash|p1b: Aerodactyl\n|-supereffective|p1b: Aerodactyl|1\n|-enditem|p1b: Aerodactyl|Focus Sash\n|-damage|p1b: Aerodactyl|1/100\n|-damage|p2a: Palafin|57/100|[from] Recoil\n|move|p1b: Aerodactyl|Rock Slide|p2b: Incineroar|[spread] p2a\n|-activate|p2b: Incineroar|move: Protect\n|-damage|p2a: Palafin|40/100\n|move|p1a: Palafin|Bulk Up|p1a: Palafin\n|-boost|p1a: Palafin|atk|1\n|-boost|p1a: Palafin|def|1\n|\n|-weather|Snowscape|[upkeep]\n|-heal|p1a: Palafin|95/100|[from] item: Leftovers\n|-end|p1a: Palafin|Encore\n|upkeep\n|turn|8\n|-message|smp on whimsicott forfeited.\n|\n|win|XtremeSlayer\n|raw|XtremeSlayer's rating: 1148 &rarr; <strong>1173</strong><br />(+25 for winning)\n|raw|smp on whimsicott's rating: 1154 &rarr; <strong>1129</strong><br />(-25 for losing)\n",
  "uploadtime": 1776245186,
  "views": 20,
  "formatid": "gen9championsvgc2026regma",
  "rating": 1129,
  "private": 0,
  "password": null
}