{
  "id": "gen9championsvgc2026regma-2584825008",
  "format": "[Gen 9 Champions] VGC 2026 Reg M-A",
  "players": [
    "jack zelong",
    "abdusamurail"
  ],
  "log": "|j|\u2606jack zelong\n|j|\u2606abdusamurail\n|t:|1776286508\n|gametype|doubles\n|player|p1|jack zelong|swimmer|1042\n|player|p2|abdusamurail|hilbert-wonderlauncher|1070\n|gen|9\n|tier|[Gen 9 Champions] VGC 2026 Reg M-A\n|rated|\n|rule|Species Clause: Limit one of each Pok\u00e9mon\n|rule|Item Clause: Limit 1 of each item\n|clearpoke\n|poke|p1|Crabominable, L50, F|\n|poke|p1|Aromatisse, L50, M|\n|poke|p1|Kingambit, L50, F|\n|poke|p1|Conkeldurr, L50, M|\n|poke|p1|Farigiraf, L50, F|\n|poke|p1|Aegislash, L50, F|\n|poke|p2|Charizard, L50, F|\n|poke|p2|Chesnaught, L50, F|\n|poke|p2|Garchomp, L50, M|\n|poke|p2|Whimsicott, L50, M|\n|poke|p2|Samurott-Hisui, L50, F|\n|poke|p2|Incineroar, L50, M|\n|teampreview|4\nabdusamurail has agreed to open team sheets.\njack zelong has agreed to open team sheets.\n|showteam|p1|Crabominable||Crabominite|IronFist|IceHammer,DrainPunch,MachPunch,Protect|||F|||50|]Aromatisse||KebiaBerry|AromaVeil|TrickRoom,HealPulse,Encore,AllySwitch|||M|||50|]Kingambit||ChopleBerry|Defiant|SuckerPunch,KowtowCleave,IronHead,Protect|||F|||50|]Conkeldurr||LumBerry|IronFist|Protect,DrainPunch,KnockOff,IcePunch|||M|||50|]Farigiraf||MentalHerb|ArmorTail|TrickRoom,HyperVoice,HelpingHand,Protect|||F|||50|]Aegislash||FocusSash|StanceChange|KingsShield,ShadowSneak,FlashCannon,ShadowBall|||F|||50|\n|showteam|p2|Charizard||CharizarditeY|SolarPower|Flamethrower,SolarBeam,Sandstorm,Hurricane|||F|||50|]Chesnaught||Leftovers|Bulletproof|Earthquake,SolarBeam,WoodHammer,DragonClaw|||F|||50|]Garchomp||DragonFang|SandVeil|SwordsDance,Earthquake,StealthRock,Outrage|||M|||50|]Whimsicott||FocusSash|Prankster|SunnyDay,SolarBeam,Tailwind,DazzlingGleam|||M|||50|]Samurott-Hisui||ShellBell|Sharpness|CeaselessEdge,SacredSword,NightSlash,RazorShell|||F|||50|]Incineroar||WhiteHerb|Intimidate|FakeOut,DarkestLariat,CloseCombat,Flamethrower|||M|||50|\n|\n|t:|1776286564\n|teamsize|p1|4\n|teamsize|p2|4\n|start\n|switch|p1a: Aromatisse|Aromatisse, L50, M|100/100\n|switch|p1b: Kingambit|Kingambit, L50, F|100/100\n|switch|p2a: Charizard|Charizard, L50, F|100/100\n|switch|p2b: Whimsicott|Whimsicott, L50, M|100/100\n|turn|1\n|\n|t:|1776286578\n|move|p1b: Kingambit|Protect|p1b: Kingambit\n|-singleturn|p1b: Kingambit|Protect\n|move|p2b: Whimsicott|Tailwind|p2b: Whimsicott\n|-sidestart|p2: abdusamurail|move: Tailwind\n|move|p2a: Charizard|Flamethrower|p1b: Kingambit\n|-activate|p1b: Kingambit|move: Protect\n|move|p1a: Aromatisse|Trick Room|p1a: Aromatisse\n|-fieldstart|move: Trick Room|[of] p1a: Aromatisse\n|\n|upkeep\n|turn|2\n|c|\u2606jack zelong|how are you liking this meta?\n|\n|t:|1776286611\n|move|p1a: Aromatisse|Ally Switch|p1a: Aromatisse\n|swap|p1a: Aromatisse|1|[from] move: Ally Switch\n|move|p2b: Whimsicott|Sunny Day|p2b: Whimsicott\n|-weather|SunnyDay\n|move|p1a: Kingambit|Iron Head|p2b: Whimsicott\n|-supereffective|p2b: Whimsicott|1\n|-enditem|p2b: Whimsicott|Focus Sash\n|-damage|p2b: Whimsicott|1/100\n|move|p2a: Charizard|Flamethrower|p1a: Kingambit\n|-supereffective|p1a: Kingambit|1\n|-damage|p1a: Kingambit|0 fnt\n|faint|p1a: Kingambit\n|\n|-weather|SunnyDay|[upkeep]\n|-damage|p2a: Charizard|88/100|[from] ability: Solar Power|[of] p2a: Charizard\n|upkeep\n|\n|t:|1776286634\n|switch|p1a: Conkeldurr|Conkeldurr, L50, M|100/100\n|turn|3\n|\n|t:|1776286659\n|move|p1b: Aromatisse|Ally Switch|p1b: Aromatisse\n|swap|p1b: Aromatisse|0|[from] move: Ally Switch\n|move|p1b: Conkeldurr|Knock Off|p2b: Whimsicott\n|-resisted|p2b: Whimsicott|1\n|-damage|p2b: Whimsicott|0 fnt\n|faint|p2b: Whimsicott\n|move|p2a: Charizard|Hurricane|p1a: Aromatisse|[miss]\n|-miss|p2a: Charizard|p1a: Aromatisse\n|\n|-weather|SunnyDay|[upkeep]\n|-damage|p2a: Charizard|76/100|[from] ability: Solar Power|[of] p2a: Charizard\n|upkeep\n|\n|t:|1776286704\n|switch|p2b: Garchomp|Garchomp, L50, M|100/100\n|turn|4\n|\n|t:|1776286758\n|detailschange|p2a: Charizard|Charizard-Mega-Y, L50, F\n|-mega|p2a: Charizard|Charizard|Charizardite Y\n|move|p1a: Aromatisse|Encore|p2a: Charizard\n|-start|p2a: Charizard|Encore\n|move|p1b: Conkeldurr|Ice Punch|p2b: Garchomp\n|-supereffective|p2b: Garchomp|2\n|-damage|p2b: Garchomp|0 fnt\n|faint|p2b: Garchomp\n|move|p2a: Charizard|Hurricane|p1b: Conkeldurr\n|-supereffective|p1b: Conkeldurr|1\n|-damage|p1b: Conkeldurr|0 fnt\n|faint|p1b: Conkeldurr\n|\n|-weather|SunnyDay|[upkeep]\n|-sideend|p2: abdusamurail|move: Tailwind\n|upkeep\n|\n|t:|1776286770\n|switch|p1b: Aegislash|Aegislash, L50, F|100/100\n|switch|p2b: Samurott|Samurott-Hisui, L50, F|100/100\n|turn|5\n|\n|t:|1776286783\n|move|p1a: Aromatisse|Ally Switch|p1a: Aromatisse\n|swap|p1a: Aromatisse|1|[from] move: Ally Switch\n|-formechange|p1a: Aegislash|Aegislash-Blade|\n|move|p1a: Aegislash|Shadow Ball|p2a: Charizard\n|-damage|p2a: Charizard|25/100\n|move|p2b: Samurott|Ceaseless Edge|p1b: Aromatisse\n|-resisted|p1b: Aromatisse|1\n|-damage|p1b: Aromatisse|81/100\n|-sidestart|p1: jack zelong|Spikes\n|move|p2a: Charizard|Hurricane|p1a: Aegislash|[miss]\n|-miss|p2a: Charizard|p1a: Aegislash\n|\n|-weather|SunnyDay|[upkeep]\n|-fieldend|move: Trick Room\n|upkeep\n|turn|6\n|\n|t:|1776286807\n|-formechange|p1a: Aegislash|Aegislash|\n|move|p1a: Aegislash|King's Shield|p1a: Aegislash\n|-singleturn|p1a: Aegislash|Protect\n|move|p2a: Charizard|Hurricane|p1a: Aegislash\n|-activate|p1a: Aegislash|move: Protect\n|move|p2b: Samurott|Ceaseless Edge|p1b: Aromatisse\n|-resisted|p1b: Aromatisse|1\n|-damage|p1b: Aromatisse|63/100\n|-sidestart|p1: jack zelong|Spikes\n|move|p1b: Aromatisse|Trick Room|p1b: Aromatisse\n|-fieldstart|move: Trick Room|[of] p1b: Aromatisse\n|\n|-weather|none\n|-end|p2a: Charizard|Encore\n|upkeep\n|turn|7\n|\n|t:|1776286828\n|move|p1b: Aromatisse|Ally Switch|p1b: Aromatisse\n|swap|p1b: Aromatisse|0|[from] move: Ally Switch\n|-formechange|p1b: Aegislash|Aegislash-Blade|\n|move|p1b: Aegislash|Shadow Ball|p2a: Charizard\n|-damage|p2a: Charizard|0 fnt\n|faint|p2a: Charizard\n|move|p2b: Samurott|Razor Shell|p1b: Aegislash\n|-damage|p1b: Aegislash|3/100\n|-unboost|p1b: Aegislash|def|1\n|\n|upkeep\n|turn|8\n|\n|t:|1776286844\n|-formechange|p1b: Aegislash|Aegislash|\n|move|p1b: Aegislash|King's Shield|p1b: Aegislash\n|-singleturn|p1b: Aegislash|Protect\n|move|p1a: Aromatisse|Heal Pulse|p1b: Aegislash\n|-heal|p1b: Aegislash|53/100\n|move|p2b: Samurott|Razor Shell|p1b: Aegislash\n|-activate|p1b: Aegislash|move: Protect\n|-unboost|p2b: Samurott|atk|1\n|\n|upkeep\n|turn|9\n|\n|t:|1776286873\n|move|p1a: Aromatisse|Heal Pulse|p1b: Aegislash\n|-heal|p1b: Aegislash|100/100\n|-formechange|p1b: Aegislash|Aegislash-Blade|\n|move|p1b: Aegislash|Shadow Ball|p2b: Samurott\n|-resisted|p2b: Samurott|1\n|-damage|p2b: Samurott|67/100\n|move|p2b: Samurott|Razor Shell|p1b: Aegislash\n|-damage|p1b: Aegislash|1/100\n|-heal|p2b: Samurott|79/100|[from] item: Shell Bell|[of] p1b: Aegislash\n|\n|upkeep\n|turn|10\n|\n|t:|1776286888\n|-formechange|p1b: Aegislash|Aegislash|\n|move|p1b: Aegislash|King's Shield|p1b: Aegislash\n|-singleturn|p1b: Aegislash|Protect\n|move|p1a: Aromatisse|Heal Pulse|p1b: Aegislash\n|-heal|p1b: Aegislash|51/100\n|move|p2b: Samurott|Night Slash|p1b: Aegislash\n|-activate|p1b: Aegislash|move: Protect\n|-unboost|p2b: Samurott|atk|1\n|\n|-fieldend|move: Trick Room\n|upkeep\n|turn|11\n|\n|t:|1776286900\n|move|p1a: Aromatisse|Ally Switch|p1a: Aromatisse\n|swap|p1a: Aromatisse|1|[from] move: Ally Switch\n|move|p2b: Samurott|Ceaseless Edge|p1b: Aromatisse\n|-resisted|p1b: Aromatisse|1\n|-damage|p1b: Aromatisse|55/100\n|-sidestart|p1: jack zelong|Spikes\n|-heal|p2b: Samurott|80/100|[from] item: Shell Bell|[of] p1b: Aromatisse\n|-formechange|p1a: Aegislash|Aegislash-Blade|\n|move|p1a: Aegislash|Shadow Ball|p2b: Samurott\n|-resisted|p2b: Samurott|1\n|-damage|p2b: Samurott|47/100\n|\n|upkeep\n|turn|12\n|\n|t:|1776286912\n|-formechange|p1a: Aegislash|Aegislash|\n|move|p1a: Aegislash|King's Shield|p1a: Aegislash\n|-singleturn|p1a: Aegislash|Protect\n|move|p2b: Samurott|Razor Shell|p1a: Aegislash\n|-activate|p1a: Aegislash|move: Protect\n|-unboost|p2b: Samurott|atk|1\n|move|p1b: Aromatisse|Trick Room|p1b: Aromatisse\n|-fieldstart|move: Trick Room|[of] p1b: Aromatisse\n|\n|upkeep\n|turn|13\n|\n|t:|1776286926\n|move|p1b: Aromatisse|Heal Pulse|p1a: Aegislash\n|-heal|p1a: Aegislash|100/100\n|-formechange|p1a: Aegislash|Aegislash-Blade|\n|move|p1a: Aegislash|Shadow Ball|p2b: Samurott\n|-resisted|p2b: Samurott|1\n|-damage|p2b: Samurott|14/100\n|move|p2b: Samurott|Razor Shell|p1a: Aegislash\n|-crit|p1a: Aegislash\n|-enditem|p1a: Aegislash|Focus Sash\n|-damage|p1a: Aegislash|1/100\n|-unboost|p1a: Aegislash|def|1\n|-heal|p2b: Samurott|26/100|[from] item: Shell Bell|[of] p1a: Aegislash\n|\n|upkeep\n|turn|14\n|\n|t:|1776286944\n|move|p1b: Aromatisse|Ally Switch|p1b: Aromatisse\n|swap|p1b: Aromatisse|0|[from] move: Ally Switch\n|move|p1b: Aegislash|Shadow Ball|p2b: Samurott\n|-resisted|p2b: Samurott|1\n|-damage|p2b: Samurott|0 fnt\n|faint|p2b: Samurott\n|\n|win|jack zelong\n|raw|jack zelong's rating: 1042 &rarr; <strong>1078</strong><br />(+36 for winning)\n|raw|abdusamurail's rating: 1070 &rarr; <strong>1048</strong><br />(-22 for losing)\n|l|\u2606abdusamurail\n|player|p2|\n",
  "uploadtime": 1776286952,
  "views": 27,
  "formatid": "gen9championsvgc2026regma",
  "rating": 1048,
  "private": 0,
  "password": null
}