{
  "id": "gen9championsvgc2026regma-2587847971",
  "format": "[Gen 9 Champions] VGC 2026 Reg M-A",
  "players": [
    "kimbrayen",
    "Matt's Totodile"
  ],
  "log": "|j|\u2606kimbrayen\n|j|\u2606Matt's Totodile\n|t:|1776570247\n|gametype|doubles\n|player|p1|kimbrayen|palmer|1212\n|player|p2|Matt's Totodile|pokekid|1125\n|gen|9\n|tier|[Gen 9 Champions] VGC 2026 Reg M-A\n|rated|\n|rule|Species Clause: Limit one of each Pok\u00e9mon\n|rule|Item Clause: Limit 1 of each item\n|clearpoke\n|poke|p1|Meganium, L50, F|\n|poke|p1|Archaludon, L50, F|\n|poke|p1|Aerodactyl, L50, M|\n|poke|p1|Typhlosion-Hisui, L50, M|\n|poke|p1|Tauros-Paldea-Aqua, L50, M|\n|poke|p1|Kangaskhan, L50, F|\n|poke|p2|Charizard, L50, M|\n|poke|p2|Sneasler, L50, F|\n|poke|p2|Milotic, L50, M|\n|poke|p2|Gardevoir, L50, F|\n|poke|p2|Whimsicott, L50, F|\n|poke|p2|Sinistcha, L50|\n|teampreview|4\n|inactive|Battle timer is ON: inactive players will automatically lose when time's up. (requested by kimbrayen)\n|inactive|Matt's Totodile has 60 seconds left.\n|\n|t:|1776570334\n|teamsize|p1|4\n|teamsize|p2|4\n|start\n|switch|p1a: Archaludon|Archaludon, L50, F|100/100\n|switch|p1b: Aerodactyl|Aerodactyl, L50, M|100/100\n|switch|p2a: Milotic|Milotic, L50, M|100/100\n|switch|p2b: Sneasler|Sneasler, L50, F|100/100\n|-ability|p1b: Aerodactyl|Unnerve\n|turn|1\n|inactive|Matt's Totodile has 30 seconds left.\n|inactive|Matt's Totodile has 20 seconds left.\n|inactive|Matt's Totodile has 15 seconds left.\n|inactive|Matt's Totodile has 10 seconds left.\n|\n|t:|1776570382\n|move|p1b: Aerodactyl|Protect|p1b: Aerodactyl\n|-singleturn|p1b: Aerodactyl|Protect\n|move|p1a: Archaludon|Protect|p1a: Archaludon\n|-singleturn|p1a: Archaludon|Protect\n|move|p2b: Sneasler|Fake Out|p1b: Aerodactyl\n|-activate|p1b: Aerodactyl|move: Protect\n|move|p2a: Milotic|Icy Wind|p1a: Archaludon|[spread] \n|-activate|p1a: Archaludon|move: Protect\n|-activate|p1b: Aerodactyl|move: Protect\n|\n|upkeep\n|turn|2\n|inactive|Matt's Totodile has 30 seconds left.\n|inactive|Matt's Totodile has 20 seconds left.\n|\n|t:|1776570418\n|switch|p2a: Whimsicott|Whimsicott, L50, F|100/100\n|move|p1b: Aerodactyl|Tailwind|p1b: Aerodactyl\n|-sidestart|p1: kimbrayen|move: Tailwind\n|move|p1a: Archaludon|Thunderbolt|p2a: Whimsicott\n|-resisted|p2a: Whimsicott|1\n|-damage|p2a: Whimsicott|73/100\n|move|p2b: Sneasler|Close Combat|p1a: Archaludon\n|-supereffective|p1a: Archaludon|1\n|-damage|p1a: Archaludon|0 fnt\n|-unboost|p2b: Sneasler|def|1\n|-unboost|p2b: Sneasler|spd|1\n|faint|p1a: Archaludon\n|-enditem|p2b: Sneasler|White Herb\n|-clearnegativeboost|p2b: Sneasler|[silent]\n|\n|upkeep\n|\n|t:|1776570436\n|switch|p1a: Kangaskhan|Kangaskhan, L50, F|100/100\n|turn|3\n|\n|t:|1776570462\n|detailschange|p1a: Kangaskhan|Kangaskhan-Mega, L50, F\n|-mega|p1a: Kangaskhan|Kangaskhan|Kangaskhanite\n|move|p1a: Kangaskhan|Fake Out|p2a: Whimsicott\n|-damage|p2a: Whimsicott|39/100\n|-damage|p2a: Whimsicott|32/100\n|-hitcount|p2a: Whimsicott|2\n|cant|p2a: Whimsicott|flinch\n|move|p1b: Aerodactyl|Dual Wingbeat|p2b: Sneasler|[miss]\n|-miss|p1b: Aerodactyl|p2b: Sneasler\n|move|p2b: Sneasler|Close Combat|p1a: Kangaskhan\n|-supereffective|p1a: Kangaskhan|1\n|-damage|p1a: Kangaskhan|0 fnt\n|-unboost|p2b: Sneasler|def|1\n|-unboost|p2b: Sneasler|spd|1\n|faint|p1a: Kangaskhan\n|\n|upkeep\n|\n|t:|1776570479\n|switch|p1a: Tauros|Tauros-Paldea-Aqua, L50, M|100/100\n|-ability|p1a: Tauros|Intimidate|boost\n|-unboost|p2a: Whimsicott|atk|1\n|-unboost|p2b: Sneasler|atk|1\n|turn|4\n|inactive|Matt's Totodile has 30 seconds left.\n|inactive|Matt's Totodile has 20 seconds left.\n|inactive|Matt's Totodile has 15 seconds left.\n|\n|t:|1776570520\n|switch|p2a: Milotic|Milotic, L50, M|100/100\n|move|p2b: Sneasler|Protect|p2b: Sneasler\n|-singleturn|p2b: Sneasler|Protect\n|move|p1b: Aerodactyl|Rock Slide|p2a: Milotic|[spread] p2a\n|-activate|p2b: Sneasler|move: Protect\n|-damage|p2a: Milotic|72/100\n|move|p1a: Tauros|Wave Crash|p2b: Sneasler\n|-activate|p2b: Sneasler|move: Protect\n|\n|upkeep\n|turn|5\n|inactive|Matt's Totodile has 30 seconds left.\n|\n|t:|1776570546\n|switch|p2b: Whimsicott|Whimsicott, L50, F|32/100\n|move|p1b: Aerodactyl|Rock Slide|p2b: Whimsicott|[spread] p2a,p2b\n|-damage|p2a: Milotic|41/100\n|-damage|p2b: Whimsicott|0 fnt\n|faint|p2b: Whimsicott\n|move|p1a: Tauros|Wave Crash|p2a: Milotic\n|-resisted|p2a: Milotic|1\n|-damage|p2a: Milotic|7/100\n|-damage|p1a: Tauros|87/100|[from] Recoil\n|cant|p2a: Milotic|flinch\n|\n|-sideend|p1: kimbrayen|move: Tailwind\n|upkeep\n|\n|t:|1776570562\n|switch|p2b: Sneasler|Sneasler, L50, F|100/100\n|turn|6\n|inactive|Matt's Totodile has 30 seconds left.\n|\n|t:|1776570594\n|move|p1b: Aerodactyl|Protect|p1b: Aerodactyl\n|-singleturn|p1b: Aerodactyl|Protect\n|move|p1a: Tauros|Protect|p1a: Tauros\n|-singleturn|p1a: Tauros|Protect\n|move|p2b: Sneasler|Fake Out|p1b: Aerodactyl\n|-activate|p1b: Aerodactyl|move: Protect\n|move|p2a: Milotic|Ice Beam|p1a: Tauros\n|-activate|p1a: Tauros|move: Protect\n|\n|upkeep\n|turn|7\n|inactive|Matt's Totodile has 30 seconds left.\n|inactive|Matt's Totodile has 20 seconds left.\n|inactive|Matt's Totodile has 15 seconds left.\n|\n|t:|1776570637\n|switch|p2b: Charizard|Charizard, L50, M|100/100\n|move|p1a: Tauros|Aqua Jet|p2a: Milotic\n|-resisted|p2a: Milotic|1\n|-damage|p2a: Milotic|0 fnt\n|faint|p2a: Milotic\n|move|p1b: Aerodactyl|Dual Wingbeat|p2b: Charizard\n|-damage|p2b: Charizard|79/100\n|-damage|p2b: Charizard|59/100\n|-hitcount|p2b: Charizard|2\n|\n|upkeep\n|\n|t:|1776570648\n|switch|p2a: Sneasler|Sneasler, L50, F|100/100\n|turn|8\n|\n|t:|1776570666\n|detailschange|p2b: Charizard|Charizard-Mega-X, L50, M\n|-mega|p2b: Charizard|Charizard|Charizardite X\n|move|p1b: Aerodactyl|Protect|p1b: Aerodactyl\n|-singleturn|p1b: Aerodactyl|Protect\n|move|p1a: Tauros|Protect|p1a: Tauros\n|-singleturn|p1a: Tauros|Protect\n|move|p2a: Sneasler|Fake Out|p1b: Aerodactyl\n|-activate|p1b: Aerodactyl|move: Protect\n|move|p2b: Charizard|Dragon Claw|p1a: Tauros\n|-activate|p1a: Tauros|move: Protect\n|\n|upkeep\n|turn|9\n|inactive|Matt's Totodile has 30 seconds left.\n|inactive|Matt's Totodile has 20 seconds left.\n|inactive|Matt's Totodile has 15 seconds left.\n|\n|t:|1776570707\n|move|p1b: Aerodactyl|Rock Slide|p2a: Sneasler|[spread] p2a,p2b\n|-resisted|p2a: Sneasler|1\n|-supereffective|p2b: Charizard|1\n|-damage|p2a: Sneasler|78/100\n|-damage|p2b: Charizard|10/100\n|cant|p2a: Sneasler|flinch\n|move|p1a: Tauros|Wave Crash|p2b: Charizard\n|-damage|p2b: Charizard|0 fnt\n|faint|p2b: Charizard\n|-damage|p1a: Tauros|83/100|[from] Recoil\n|\n|upkeep\n|turn|10\n|c|\u2606Matt's Totodile|gg\n|\n|t:|1776570724\n|move|p1b: Aerodactyl|Dual Wingbeat|p2a: Sneasler\n|-supereffective|p2a: Sneasler|1\n|-damage|p2a: Sneasler|12/100\n|-supereffective|p2a: Sneasler|1\n|-damage|p2a: Sneasler|0 fnt\n|faint|p2a: Sneasler\n|-hitcount|p2: Sneasler|2\n|\n|win|kimbrayen\n|raw|kimbrayen's rating: 1212 &rarr; <strong>1231</strong><br />(+19 for winning)\n|raw|Matt&apos;s Totodile's rating: 1125 &rarr; <strong>1106</strong><br />(-19 for losing)\n|c|\u2606kimbrayen|TAUROS CLUTCHHHH\n|c|\u2606kimbrayen|gg gg\n|c|\u2606Matt's Totodile|that was so clutch for you\n|c|\u2606kimbrayen|ikrrr\n",
  "uploadtime": 1776570731,
  "views": 12,
  "formatid": "gen9championsvgc2026regma",
  "rating": 1106,
  "private": 0,
  "password": null
}