{
  "id": "gen9championsvgc2026regma-2587885269",
  "format": "[Gen 9 Champions] VGC 2026 Reg M-A",
  "players": [
    "GojiraFanBoy",
    "Danievania"
  ],
  "log": "|j|\u2606GojiraFanBoy\n|j|\u2606Danievania\n|t:|1776574561\n|gametype|doubles\n|player|p1|GojiraFanBoy|265|1422\n|player|p2|Danievania|byron|1498\n|gen|9\n|tier|[Gen 9 Champions] VGC 2026 Reg M-A\n|rated|\n|rule|Species Clause: Limit one of each Pok\u00e9mon\n|rule|Item Clause: Limit 1 of each item\n|clearpoke\n|poke|p1|Meganium, L50, M|\n|poke|p1|Excadrill, L50, F|\n|poke|p1|Tyranitar, L50, M|\n|poke|p1|Rotom-Wash, L50|\n|poke|p1|Sneasler, L50, F|\n|poke|p1|Dragapult, L50, M|\n|poke|p2|Glimmora, L50, M|\n|poke|p2|Rotom-Wash, L50|\n|poke|p2|Sneasler, L50, M|\n|poke|p2|Aegislash, L50, F, shiny|\n|poke|p2|Garchomp, L50, M, shiny|\n|poke|p2|Aerodactyl, L50, F|\n|teampreview|4\n|inactive|Battle timer is ON: inactive players will automatically lose when time's up. (requested by GojiraFanBoy)\n|inactive|Danievania has 60 seconds left.\n|\n|t:|1776574641\n|teamsize|p1|4\n|teamsize|p2|4\n|start\n|switch|p1a: Sneasler|Sneasler, L50, F|100/100\n|switch|p1b: Dragapult|Dragapult, L50, M|100/100\n|switch|p2a: Aerodactyl|Aerodactyl, L50, F|100/100\n|switch|p2b: Garchomp|Garchomp, L50, M, shiny|100/100\n|-ability|p2a: Aerodactyl|Unnerve\n|turn|1\n|\n|t:|1776574660\n|move|p2a: Aerodactyl|Protect|p2a: Aerodactyl\n|-singleturn|p2a: Aerodactyl|Protect\n|move|p2b: Garchomp|Protect|p2b: Garchomp\n|-singleturn|p2b: Garchomp|Protect\n|move|p1a: Sneasler|Fake Out|p2a: Aerodactyl\n|-activate|p2a: Aerodactyl|move: Protect\n|move|p1b: Dragapult|Dragon Darts|p2b: Garchomp\n|-activate|p2a: Aerodactyl|move: Protect\n|\n|upkeep\n|turn|2\n|inactive|Danievania has 30 seconds left.\n|\n|t:|1776574687\n|detailschange|p2a: Aerodactyl|Aerodactyl-Mega, L50, F\n|-mega|p2a: Aerodactyl|Aerodactyl|Aerodactylite\n|move|p1a: Sneasler|Protect|p1a: Sneasler\n|-singleturn|p1a: Sneasler|Protect\n|move|p2a: Aerodactyl|Dual Wingbeat|p1a: Sneasler\n|-activate|p1a: Sneasler|move: Protect\n|move|p1b: Dragapult|Will-O-Wisp|p2b: Garchomp\n|-status|p2b: Garchomp|brn\n|move|p2b: Garchomp|Dragon Claw|p1b: Dragapult\n|-supereffective|p1b: Dragapult|1\n|-damage|p1b: Dragapult|35/100\n|\n|-damage|p2b: Garchomp|95/100 brn|[from] brn\n|upkeep\n|turn|3\n|\n|t:|1776574704\n|switch|p1b: Excadrill|Excadrill, L50, F|100/100\n|switch|p1a: Tyranitar|Tyranitar, L50, M|100/100\n|-weather|Sandstorm|[from] ability: Sand Stream|[of] p1a: Tyranitar\n|move|p2a: Aerodactyl|Tailwind|p2a: Aerodactyl\n|-sidestart|p2: Danievania|move: Tailwind\n|move|p2b: Garchomp|Dragon Claw|p1b: Excadrill\n|-resisted|p1b: Excadrill|1\n|-damage|p1b: Excadrill|84/100\n|\n|-weather|Sandstorm|[upkeep]\n|-damage|p2b: Garchomp|89/100 brn|[from] brn\n|upkeep\n|turn|4\n|\n|t:|1776574720\n|move|p2a: Aerodactyl|Protect|p2a: Aerodactyl\n|-singleturn|p2a: Aerodactyl|Protect\n|move|p2b: Garchomp|Earthquake|p1b: Excadrill|[spread] p1a,p1b\n|-activate|p2a: Aerodactyl|move: Protect\n|-supereffective|p1a: Tyranitar|1\n|-supereffective|p1b: Excadrill|1\n|-damage|p1a: Tyranitar|65/100\n|-damage|p1b: Excadrill|24/100\n|move|p1b: Excadrill|Iron Head|p2a: Aerodactyl\n|-activate|p2a: Aerodactyl|move: Protect\n|move|p1a: Tyranitar|Ice Punch|p2b: Garchomp\n|-supereffective|p2b: Garchomp|2\n|-crit|p2b: Garchomp\n|-damage|p2b: Garchomp|0 fnt\n|-damage|p1a: Tyranitar|52/100|[from] ability: Rough Skin|[of] p2b: Garchomp\n|faint|p2b: Garchomp\n|\n|-weather|Sandstorm|[upkeep]\n|upkeep\n|inactive|Danievania has 30 seconds left.\n|\n|t:|1776574746\n|switch|p2b: Rotom|Rotom-Wash, L50|100/100\n|turn|5\n|inactive|Danievania has 30 seconds left.\n|\n|t:|1776574773\n|switch|p1a: Dragapult|Dragapult, L50, M|35/100\n|move|p2a: Aerodactyl|Dual Wingbeat|p1b: Excadrill\n|-resisted|p1b: Excadrill|1\n|-damage|p1b: Excadrill|5/100\n|-resisted|p1b: Excadrill|1\n|-damage|p1b: Excadrill|0 fnt\n|faint|p1b: Excadrill\n|-hitcount|p1: Excadrill|2\n|move|p2b: Rotom|Hydro Pump|p1a: Dragapult|[miss]\n|-miss|p2b: Rotom|p1a: Dragapult\n|\n|-weather|Sandstorm|[upkeep]\n|-damage|p1a: Dragapult|29/100|[from] Sandstorm\n|-damage|p2b: Rotom|95/100|[from] Sandstorm\n|upkeep\n|\n|t:|1776574786\n|switch|p1b: Sneasler|Sneasler, L50, F|100/100\n|turn|6\n|\n|t:|1776574809\n|move|p2a: Aerodactyl|Protect|p2a: Aerodactyl\n|-singleturn|p2a: Aerodactyl|Protect\n|move|p1b: Sneasler|Protect|p1b: Sneasler\n|-singleturn|p1b: Sneasler|Protect\n|move|p1a: Dragapult|Will-O-Wisp|p2a: Aerodactyl\n|-activate|p2a: Aerodactyl|move: Protect\n|move|p2b: Rotom|Will-O-Wisp|p1b: Sneasler\n|-activate|p1b: Sneasler|move: Protect\n|\n|-weather|Sandstorm|[upkeep]\n|-damage|p1a: Dragapult|23/100|[from] Sandstorm\n|-damage|p2b: Rotom|89/100|[from] Sandstorm\n|-damage|p1b: Sneasler|94/100|[from] Sandstorm\n|-sideend|p2: Danievania|move: Tailwind\n|upkeep\n|turn|7\n|inactive|Danievania has 30 seconds left.\n|\n|t:|1776574837\n|switch|p1b: Tyranitar|Tyranitar, L50, M|52/100\n|move|p2a: Aerodactyl|Rock Slide|p1a: Dragapult|[spread] p1a,p1b\n|-damage|p1a: Dragapult|0 fnt\n|-damage|p1b: Tyranitar|26/100\n|faint|p1a: Dragapult\n|move|p2b: Rotom|Hydro Pump|p1b: Tyranitar\n|-supereffective|p1b: Tyranitar|1\n|-damage|p1b: Tyranitar|0 fnt\n|faint|p1b: Tyranitar\n|\n|-weather|none\n|upkeep\n|-message|GojiraFanBoy forfeited.\n|\n|win|Danievania\n|raw|GojiraFanBoy's rating: 1422 &rarr; <strong>1406</strong><br />(-16 for losing)\n|raw|Danievania's rating: 1498 &rarr; <strong>1514</strong><br />(+16 for winning)\n|l|\u2606GojiraFanBoy\n|player|p1|\n",
  "uploadtime": 1776574847,
  "views": 32,
  "formatid": "gen9championsvgc2026regma",
  "rating": 1406,
  "private": 0,
  "password": null
}