{
  "id": "gen9championsvgc2026regma-2584101878",
  "format": "[Gen 9 Champions] VGC 2026 Reg M-A",
  "players": [
    "Jandrypapu",
    "rileyscott64"
  ],
  "log": "|j|\u2606Jandrypapu\n|j|\u2606rileyscott64\n|t:|1776225303\n|gametype|doubles\n|player|p1|Jandrypapu|2|1067\n|player|p2|rileyscott64|1|1115\n|gen|9\n|tier|[Gen 9 Champions] VGC 2026 Reg M-A\n|rated|\n|rule|Species Clause: Limit one of each Pok\u00e9mon\n|rule|Item Clause: Limit 1 of each item\n|clearpoke\n|poke|p1|Excadrill, L50, F|\n|poke|p1|Corviknight, L50, M|\n|poke|p1|Sinistcha-Masterpiece, L50|\n|poke|p1|Sneasler, L50, F|\n|poke|p1|Gallade, L50, M|\n|poke|p1|Tyranitar, L50, F|\n|poke|p2|Scovillain, L50, M|\n|poke|p2|Sneasler, L50, F|\n|poke|p2|Garchomp, L50, F|\n|poke|p2|Kingambit, L50, F|\n|poke|p2|Primarina, L50, F|\n|poke|p2|Dragapult, L50, F|\n|teampreview|4\n|\n|t:|1776225350\n|teamsize|p1|4\n|teamsize|p2|4\n|start\n|switch|p1a: Corviknight|Corviknight, L50, M|100/100\n|switch|p1b: Gallade|Gallade, L50, M|100/100\n|switch|p2a: Scovillain|Scovillain, L50, M|100/100\n|switch|p2b: Sneasler|Sneasler, L50, F|100/100\n|-ability|p1a: Corviknight|Pressure\n|turn|1\n|\n|t:|1776225370\n|detailschange|p2a: Scovillain|Scovillain-Mega, L50, M\n|-mega|p2a: Scovillain|Scovillain|Scovillainite\n|move|p2b: Sneasler|Fake Out|p1b: Gallade\n|-damage|p1b: Gallade|75/100\n|cant|p1b: Gallade|flinch\n|move|p2a: Scovillain|Flamethrower|p1a: Corviknight\n|-supereffective|p1a: Corviknight|1\n|-damage|p1a: Corviknight|24/100\n|move|p1a: Corviknight|Tailwind|p1a: Corviknight\n|-sidestart|p1: Jandrypapu|move: Tailwind\n|\n|upkeep\n|turn|2\n|\n|t:|1776225387\n|detailschange|p1b: Gallade|Gallade-Mega, L50, M\n|-mega|p1b: Gallade|Gallade|Galladite\n|move|p2a: Scovillain|Rage Powder|p2a: Scovillain\n|-singleturn|p2a: Scovillain|move: Rage Powder\n|move|p1b: Gallade|Zen Headbutt|p2a: Scovillain|[miss]\n|-miss|p1b: Gallade|p2a: Scovillain\n|move|p2b: Sneasler|Close Combat|p1a: Corviknight\n|-damage|p1a: Corviknight|0 fnt\n|-unboost|p2b: Sneasler|def|1\n|-unboost|p2b: Sneasler|spd|1\n|faint|p1a: Corviknight\n|\n|upkeep\n|\n|t:|1776225399\n|switch|p1a: Tyranitar|Tyranitar, L50, F|100/100\n|-weather|Sandstorm|[from] ability: Sand Stream|[of] p1a: Tyranitar\n|turn|3\n|\n|t:|1776225407\n|switch|p2b: Primarina|Primarina, L50, F|100/100\n|move|p2a: Scovillain|Rage Powder|p2a: Scovillain\n|-singleturn|p2a: Scovillain|move: Rage Powder\n|move|p1b: Gallade|Zen Headbutt|p2a: Scovillain\n|-damage|p2a: Scovillain|54/100\n|-status|p1b: Gallade|brn|[from] ability: Spicy Spray|[of] p2a: Scovillain\n|move|p1a: Tyranitar|Rock Slide|p2b: Primarina|[spread] p2a,p2b\n|-supereffective|p2a: Scovillain|1\n|-damage|p2a: Scovillain|0 fnt\n|-damage|p2b: Primarina|60/100\n|-status|p1a: Tyranitar|brn|[from] ability: Spicy Spray|[of] p2a: Scovillain\n|faint|p2a: Scovillain\n|\n|-weather|Sandstorm|[upkeep]\n|-damage|p1b: Gallade|69/100 brn|[from] Sandstorm\n|-damage|p2b: Primarina|55/100|[from] Sandstorm\n|-heal|p2b: Primarina|60/100|[from] item: Leftovers\n|-damage|p1b: Gallade|63/100 brn|[from] brn\n|-damage|p1a: Tyranitar|95/100 brn|[from] brn\n|upkeep\n|\n|t:|1776225430\n|switch|p2a: Dragapult|Dragapult, L50, F|100/100\n|turn|4\n|\n|t:|1776225450\n|move|p2a: Dragapult|Protect|p2a: Dragapult\n|-singleturn|p2a: Dragapult|Protect\n|move|p1b: Gallade|Poison Jab|p2b: Primarina\n|-supereffective|p2b: Primarina|1\n|-damage|p2b: Primarina|23/100\n|move|p1a: Tyranitar|Knock Off|p2a: Dragapult\n|-activate|p2a: Dragapult|move: Protect\n|move|p2b: Primarina|Hyper Voice|p1a: Tyranitar|[spread] p1a,p1b\n|-supereffective|p1a: Tyranitar|1\n|-damage|p1a: Tyranitar|46/100 brn\n|-damage|p1b: Gallade|21/100 brn\n|\n|-weather|Sandstorm|[upkeep]\n|-damage|p1b: Gallade|16/100 brn|[from] Sandstorm\n|-damage|p2a: Dragapult|94/100|[from] Sandstorm\n|-damage|p2b: Primarina|18/100|[from] Sandstorm\n|-heal|p2b: Primarina|23/100|[from] item: Leftovers\n|-damage|p1b: Gallade|10/100 brn|[from] brn\n|-damage|p1a: Tyranitar|40/100 brn|[from] brn\n|-sideend|p1: Jandrypapu|move: Tailwind\n|upkeep\n|turn|5\n|\n|t:|1776225474\n|move|p2b: Primarina|Protect|p2b: Primarina\n|-singleturn|p2b: Primarina|Protect\n|move|p2a: Dragapult|Hex|p1b: Gallade\n|-supereffective|p1b: Gallade|1\n|-damage|p1b: Gallade|0 fnt\n|faint|p1b: Gallade\n|move|p1a: Tyranitar|Knock Off|p2a: Dragapult\n|-supereffective|p2a: Dragapult|1\n|-damage|p2a: Dragapult|21/100\n|-enditem|p2a: Dragapult|Focus Sash|[from] move: Knock Off|[of] p1a: Tyranitar\n|\n|-weather|Sandstorm|[upkeep]\n|-damage|p2a: Dragapult|15/100|[from] Sandstorm\n|-damage|p2b: Primarina|18/100|[from] Sandstorm\n|-heal|p2b: Primarina|23/100|[from] item: Leftovers\n|-damage|p1a: Tyranitar|35/100 brn|[from] brn\n|upkeep\n|\n|t:|1776225488\n|switch|p1b: Excadrill|Excadrill, L50, F|100/100\n|turn|6\n|\n|t:|1776225498\n|move|p2a: Dragapult|Protect|p2a: Dragapult\n|-singleturn|p2a: Dragapult|Protect\n|move|p1a: Tyranitar|Protect|p1a: Tyranitar\n|-singleturn|p1a: Tyranitar|Protect\n|move|p1b: Excadrill|Earthquake|p2a: Dragapult|[spread] p2b\n|-activate|p1a: Tyranitar|move: Protect\n|-activate|p2a: Dragapult|move: Protect\n|-damage|p2b: Primarina|0 fnt\n|faint|p2b: Primarina\n|\n|-weather|Sandstorm|[upkeep]\n|-damage|p2a: Dragapult|9/100|[from] Sandstorm\n|-damage|p1a: Tyranitar|29/100 brn|[from] brn\n|upkeep\n|\n|t:|1776225510\n|switch|p2b: Sneasler|Sneasler, L50, F|100/100\n|turn|7\n|\n|t:|1776225525\n|move|p2b: Sneasler|Fake Out|p1b: Excadrill\n|-resisted|p1b: Excadrill|1\n|-damage|p1b: Excadrill|91/100\n|cant|p1b: Excadrill|flinch\n|move|p2a: Dragapult|Dragon Pulse|p1a: Tyranitar\n|-damage|p1a: Tyranitar|6/100 brn\n|move|p1a: Tyranitar|Rock Slide|p2a: Dragapult|[spread] p2a,p2b\n|-resisted|p2b: Sneasler|1\n|-damage|p2a: Dragapult|0 fnt\n|-damage|p2b: Sneasler|87/100\n|faint|p2a: Dragapult\n|\n|-weather|none\n|-damage|p1a: Tyranitar|0 fnt|[from] brn\n|faint|p1a: Tyranitar\n|upkeep\n|turn|8\n|\n|t:|1776225540\n|move|p2b: Sneasler|Close Combat|p1b: Excadrill\n|-supereffective|p1b: Excadrill|1\n|-damage|p1b: Excadrill|0 fnt\n|-unboost|p2b: Sneasler|def|1\n|-unboost|p2b: Sneasler|spd|1\n|faint|p1b: Excadrill\n|\n|win|rileyscott64\n|raw|Jandrypapu's rating: 1067 &rarr; <strong>1050</strong><br />(-17 for losing)\n|raw|rileyscott64's rating: 1115 &rarr; <strong>1137</strong><br />(+22 for winning)\n",
  "uploadtime": 1776225546,
  "views": 54,
  "formatid": "gen9championsvgc2026regma",
  "rating": 1050,
  "private": 0,
  "password": null
}