{
  "id": "gen9championsvgc2026regma-2582195878",
  "format": "[Gen 9 Champions] VGC 2026 Reg M-A",
  "players": [
    "Bertorium7",
    "SazanJon_635"
  ],
  "log": "|j|\u2606Bertorium7\n|j|\u2606SazanJon_635\n|t:|1776069985\n|gametype|doubles\n|player|p1|Bertorium7|102|1138\n|player|p2|SazanJon_635|ghetsis|1066\n|gen|9\n|tier|[Gen 9 Champions] VGC 2026 Reg M-A\n|rated|\n|rule|Species Clause: Limit one of each Pok\u00e9mon\n|rule|Item Clause: Limit 1 of each item\n|clearpoke\n|poke|p1|Tyranitar, L50, F|\n|poke|p1|Sneasler, L50, M|\n|poke|p1|Aerodactyl, L50, M|\n|poke|p1|Sinistcha, L50|\n|poke|p1|Garchomp, L50, M|\n|poke|p1|Incineroar, L50, F|\n|poke|p2|Dragonite, L50, M|\n|poke|p2|Pelipper, L50, M|\n|poke|p2|Rotom-Heat, L50|\n|poke|p2|Basculegion, L50, M|\n|poke|p2|Sneasler, L50, M|\n|poke|p2|Archaludon, L50, M|\n|teampreview|4\n|\n|t:|1776070018\n|teamsize|p1|4\n|teamsize|p2|4\n|start\n|switch|p1a: Aerodactyl|Aerodactyl, L50, M|100/100\n|switch|p1b: Sneasler|Sneasler, L50, M|100/100\n|switch|p2a: Hokage|Sneasler, L50, M|100/100\n|switch|p2b: Soul Eater|Basculegion, L50, M|100/100\n|-ability|p1a: Aerodactyl|Pressure\n|turn|1\n|inactive|Battle timer is ON: inactive players will automatically lose when time's up. (requested by Bertorium7)\n|\n|t:|1776070035\n|move|p1b: Sneasler|Fake Out|p2a: Hokage\n|-damage|p2a: Hokage|74/100\n|cant|p2a: Hokage|flinch\n|move|p2b: Soul Eater|Aqua Jet|p1a: Aerodactyl\n|-supereffective|p1a: Aerodactyl|1\n|-damage|p1a: Aerodactyl|27/100\n|move|p1a: Aerodactyl|Tailwind|p1a: Aerodactyl\n|-sidestart|p1: Bertorium7|move: Tailwind\n|\n|upkeep\n|turn|2\n|\n|t:|1776070059\n|move|p2a: Hokage|Protect|p2a: Hokage\n|-singleturn|p2a: Hokage|Protect\n|move|p1a: Aerodactyl|Dual Wingbeat|p2a: Hokage\n|-activate|p2a: Hokage|move: Protect\n|move|p1b: Sneasler|U-turn|p2b: Soul Eater\n|-resisted|p2b: Soul Eater|1\n|-damage|p2b: Soul Eater|86/100\n|\n|t:|1776070066\n|switch|p1b: Garchomp|Garchomp, L50, M|100/100|[from] U-turn\n|move|p2b: Soul Eater|Flip Turn|p1a: Aerodactyl\n|-supereffective|p1a: Aerodactyl|1\n|-damage|p1a: Aerodactyl|0 fnt\n|faint|p1a: Aerodactyl\n|\n|t:|1776070075\n|switch|p2b: Dragon Tales|Dragonite, L50, M|100/100|[from] Flip Turn\n|\n|upkeep\n|\n|t:|1776070080\n|switch|p1a: Sneasler|Sneasler, L50, M|100/100\n|turn|3\n|\n|t:|1776070100\n|switch|p2a: Soul Eater|Basculegion, L50, M|86/100\n|detailschange|p2b: Dragon Tales|Dragonite-Mega, L50, M\n|-mega|p2b: Dragon Tales|Dragonite|Dragoninite\n|move|p1a: Sneasler|Close Combat|p2a: Soul Eater\n|-immune|p2a: Soul Eater\n|move|p1b: Garchomp|Swords Dance|p1b: Garchomp\n|-boost|p1b: Garchomp|atk|2\n|move|p2b: Dragon Tales|Dragon Pulse|p1b: Garchomp\n|-supereffective|p1b: Garchomp|1\n|-damage|p1b: Garchomp|3/100\n|\n|upkeep\n|turn|4\n|inactive|Bertorium7 has 30 seconds left.\n|\n|t:|1776070126\n|detailschange|p1b: Garchomp|Garchomp-Mega, L50, M\n|-mega|p1b: Garchomp|Garchomp|Garchompite\n|move|p1a: Sneasler|Dire Claw|p2b: Dragon Tales\n|-damage|p2b: Dragon Tales|81/100\n|move|p1b: Garchomp|Dragon Claw|p2b: Dragon Tales\n|-supereffective|p2b: Dragon Tales|1\n|-damage|p2b: Dragon Tales|0 fnt\n|faint|p2b: Dragon Tales\n|move|p2a: Soul Eater|Flip Turn|p1b: Garchomp\n|-damage|p1b: Garchomp|0 fnt\n|faint|p1b: Garchomp\n|\n|t:|1776070139\n|switch|p2a: Rainy Days|Pelipper, L50, M|100/100|[from] Flip Turn\n|-weather|RainDance|[from] ability: Drizzle|[of] p2a: Rainy Days\n|\n|-weather|RainDance|[upkeep]\n|-sideend|p1: Bertorium7|move: Tailwind\n|upkeep\n|\n|t:|1776070147\n|switch|p1b: Tyranitar|Tyranitar, L50, F|100/100\n|switch|p2b: Soul Eater|Basculegion, L50, M|86/100\n|-weather|Sandstorm|[from] ability: Sand Stream|[of] p1b: Tyranitar\n|turn|5\n|\n|t:|1776070165\n|switch|p2a: Hokage|Sneasler, L50, M|74/100\n|move|p1a: Sneasler|Dire Claw|p2b: Soul Eater\n|-resisted|p2b: Soul Eater|1\n|-damage|p2b: Soul Eater|59/100\n|-status|p2b: Soul Eater|slp\n|cant|p2b: Soul Eater|slp\n|move|p1b: Tyranitar|Rock Slide|p2b: Soul Eater|[spread] p2a,p2b\n|-resisted|p2a: Hokage|1\n|-damage|p2a: Hokage|48/100\n|-damage|p2b: Soul Eater|20/100 slp\n|\n|-weather|Sandstorm|[upkeep]\n|-damage|p2a: Hokage|43/100|[from] Sandstorm\n|-damage|p1a: Sneasler|95/100|[from] Sandstorm\n|-damage|p2b: Soul Eater|14/100 slp|[from] Sandstorm\n|upkeep\n|turn|6\n|\n|t:|1776070188\n|-curestatus|p2b: Soul Eater|slp|[msg]\n|move|p2b: Soul Eater|Aqua Jet|p1a: Sneasler\n|-damage|p1a: Sneasler|50/100\n|move|p2a: Hokage|Close Combat|p1b: Tyranitar\n|-supereffective|p1b: Tyranitar|2\n|-enditem|p1b: Tyranitar|Chople Berry|[eat]\n|-enditem|p1b: Tyranitar|Chople Berry|[weaken]\n|-damage|p1b: Tyranitar|9/100\n|-unboost|p2a: Hokage|def|1\n|-unboost|p2a: Hokage|spd|1\n|-enditem|p2a: Hokage|White Herb\n|-clearnegativeboost|p2a: Hokage|[silent]\n|move|p1a: Sneasler|Close Combat|p2a: Hokage\n|-resisted|p2a: Hokage|1\n|-damage|p2a: Hokage|0 fnt\n|-unboost|p1a: Sneasler|def|1\n|-unboost|p1a: Sneasler|spd|1\n|faint|p2a: Hokage\n|-enditem|p1a: Sneasler|White Herb\n|-clearnegativeboost|p1a: Sneasler|[silent]\n|move|p1b: Tyranitar|Rock Slide|p2b: Soul Eater\n|-damage|p2b: Soul Eater|0 fnt\n|faint|p2b: Soul Eater\n|\n|-weather|Sandstorm|[upkeep]\n|-damage|p1a: Sneasler|44/100|[from] Sandstorm\n|upkeep\n|inactive|SazanJon_635 has 30 seconds left.\n|\n|t:|1776070217\n|switch|p2a: Rainy Days|Pelipper, L50, M|100/100\n|-weather|RainDance|[from] ability: Drizzle|[of] p2a: Rainy Days\n|turn|7\n|\n|t:|1776070225\n|move|p1a: Sneasler|Dire Claw|p2a: Rainy Days\n|-damage|p2a: Rainy Days|47/100\n|move|p2a: Rainy Days|Weather Ball|p1b: Tyranitar\n|-supereffective|p1b: Tyranitar|1\n|-damage|p1b: Tyranitar|0 fnt\n|faint|p1b: Tyranitar\n|\n|-weather|RainDance|[upkeep]\n|upkeep\n|turn|8\n|\n|t:|1776070239\n|move|p1a: Sneasler|Dire Claw|p2a: Rainy Days\n|-crit|p2a: Rainy Days\n|-damage|p2a: Rainy Days|0 fnt\n|faint|p2a: Rainy Days\n|\n|win|Bertorium7\n|raw|Bertorium7's rating: 1138 &rarr; <strong>1158</strong><br />(+20 for winning)\n|raw|SazanJon_635's rating: 1066 &rarr; <strong>1050</strong><br />(-16 for losing)\n|c|\u2606SazanJon_635|gg\n|l|\u2606SazanJon_635\n|player|p2|\n",
  "uploadtime": 1776070264,
  "views": 21,
  "formatid": "gen9championsvgc2026regma",
  "rating": 1050,
  "private": 0,
  "password": null
}