{
  "id": "gen9championsvgc2026regma-2584786104",
  "format": "[Gen 9 Champions] VGC 2026 Reg M-A",
  "players": [
    "workermattog",
    "benjiapollo"
  ],
  "log": "|j|\u2606workermattog\n|j|\u2606benjiapollo\n|t:|1776283549\n|gametype|doubles\n|player|p1|workermattog|1|1193\n|player|p2|benjiapollo|giovanni|1139\n|gen|9\n|tier|[Gen 9 Champions] VGC 2026 Reg M-A\n|rated|\n|rule|Species Clause: Limit one of each Pok\u00e9mon\n|rule|Item Clause: Limit 1 of each item\n|clearpoke\n|poke|p1|Blastoise, L50, M|\n|poke|p1|Sinistcha-Masterpiece, L50|\n|poke|p1|Farigiraf, L50, F|\n|poke|p1|Pelipper, L50, M|\n|poke|p1|Sneasler, L50, M|\n|poke|p1|Maushold-Four, L50|\n|poke|p2|Basculegion, L50, M|\n|poke|p2|Charizard, L50, F|\n|poke|p2|Kingambit, L50, M|\n|poke|p2|Sneasler, L50, F|\n|poke|p2|Venusaur, L50, M|\n|poke|p2|Talonflame, L50, F|\n|teampreview|4\nworkermattog has agreed to open team sheets.\n|\n|t:|1776283577\n|teamsize|p1|4\n|teamsize|p2|4\n|start\n|switch|p1a: Farigiraf|Farigiraf, L50, F|100/100\n|switch|p1b: Sneasler|Sneasler, L50, M|100/100\n|switch|p2a: Talonflame|Talonflame, L50, F|100/100\n|switch|p2b: Kingambit|Kingambit, L50, M|100/100\n|turn|1\n|inactive|Battle timer is ON: inactive players will automatically lose when time's up. (requested by benjiapollo)\n|c|\u2606workermattog|sup ben\n|\n|t:|1776283593\n|move|p2a: Talonflame|Quick Guard|p2a: Talonflame\n|-singleturn|p2a: Talonflame|Quick Guard\n|move|p1b: Sneasler|Fake Out|p2b: Kingambit\n|-activate|p2b: Kingambit|move: Quick Guard\n|move|p2b: Kingambit|Kowtow Cleave|p1a: Farigiraf\n|-supereffective|p1a: Farigiraf|1\n|-damage|p1a: Farigiraf|0 fnt\n|faint|p1a: Farigiraf\n|\n|upkeep\n|\n|t:|1776283600\n|switch|p1a: Pelipper|Pelipper, L50, M|100/100\n|-weather|RainDance|[from] ability: Drizzle|[of] p1a: Pelipper\n|turn|2\n|\n|t:|1776283611\n|move|p2a: Talonflame|Brave Bird|p1b: Sneasler\n|-supereffective|p1b: Sneasler|1\n|-enditem|p1b: Sneasler|Focus Sash\n|-damage|p1b: Sneasler|1/100\n|-damage|p2a: Talonflame|68/100|[from] Recoil\n|move|p1b: Sneasler|Close Combat|p2b: Kingambit\n|-supereffective|p2b: Kingambit|2\n|-damage|p2b: Kingambit|0 fnt\n|-unboost|p1b: Sneasler|def|1\n|-unboost|p1b: Sneasler|spd|1\n|faint|p2b: Kingambit\n|move|p1a: Pelipper|Weather Ball|p2a: Talonflame\n|-supereffective|p2a: Talonflame|1\n|-damage|p2a: Talonflame|0 fnt\n|faint|p2a: Talonflame\n|\n|-weather|RainDance|[upkeep]\n|upkeep\n|\n|t:|1776283626\n|switch|p2a: Sneasler|Sneasler, L50, F|100/100\n|switch|p2b: Charizard|Charizard, L50, F|100/100\n|turn|3\n|\n|t:|1776283634\n|switch|p1a: Blastoise|Blastoise, L50, M|100/100\n|detailschange|p2b: Charizard|Charizard-Mega-X, L50, F\n|-mega|p2b: Charizard|Charizard|Charizardite X\n|move|p2a: Sneasler|Fake Out|p1b: Sneasler\n|-damage|p1b: Sneasler|0 fnt\n|faint|p1b: Sneasler\n|move|p2b: Charizard|Thunder Punch|p1a: Blastoise\n|-supereffective|p1a: Blastoise|1\n|-damage|p1a: Blastoise|33/100\n|\n|-weather|RainDance|[upkeep]\n|-heal|p1a: Blastoise|39/100|[from] ability: Rain Dish\n|upkeep\n|\n|t:|1776283639\n|switch|p1b: Pelipper|Pelipper, L50, M|100/100\n|turn|4\n|inactive|workermattog has 30 seconds left.\n|\n|t:|1776283666\n|detailschange|p1a: Blastoise|Blastoise-Mega, L50, M\n|-mega|p1a: Blastoise|Blastoise|Blastoisinite\n|move|p2a: Sneasler|Close Combat|p1a: Blastoise\n|-crit|p1a: Blastoise\n|-damage|p1a: Blastoise|0 fnt\n|-unboost|p2a: Sneasler|def|1\n|-unboost|p2a: Sneasler|spd|1\n|faint|p1a: Blastoise\n|-enditem|p2a: Sneasler|White Herb\n|-clearnegativeboost|p2a: Sneasler|[silent]\n|move|p2b: Charizard|Thunder Punch|p1b: Pelipper\n|-supereffective|p1b: Pelipper|2\n|-enditem|p1b: Pelipper|Wacan Berry|[eat]\n|-enditem|p1b: Pelipper|Wacan Berry|[weaken]\n|-damage|p1b: Pelipper|34/100\n|move|p1b: Pelipper|Weather Ball|p2b: Charizard\n|-damage|p2b: Charizard|20/100\n|\n|-weather|RainDance|[upkeep]\n|upkeep\n|turn|5\n|c|\u2606workermattog|gg\n|\n|t:|1776283685\n|move|p2a: Sneasler|Dire Claw|p1b: Pelipper\n|-damage|p1b: Pelipper|0 fnt\n|faint|p1b: Pelipper\n|\n|win|benjiapollo\n|raw|workermattog's rating: 1193 &rarr; <strong>1164</strong><br />(-29 for losing)\n|raw|benjiapollo's rating: 1139 &rarr; <strong>1168</strong><br />(+29 for winning)\n|l|\u2606workermattog\n|player|p1|\n",
  "uploadtime": 1776283692,
  "views": 22,
  "formatid": "gen9championsvgc2026regma",
  "rating": 1164,
  "private": 0,
  "password": null
}