{
  "id": "gen9championsvgc2026regma-2585811861",
  "format": "[Gen 9 Champions] VGC 2026 Reg M-A",
  "players": [
    "manicallyhex",
    "joesfshowdown"
  ],
  "log": "|j|\u2606manicallyhex\n|j|\u2606joesfshowdown\n|t:|1776372407\n|gametype|doubles\n|player|p1|manicallyhex|hexmaniac-gen6|1170\n|player|p2|joesfshowdown|juggler|1145\n|gen|9\n|tier|[Gen 9 Champions] VGC 2026 Reg M-A\n|rated|\n|rule|Species Clause: Limit one of each Pok\u00e9mon\n|rule|Item Clause: Limit 1 of each item\n|clearpoke\n|poke|p1|Maushold, L50|\n|poke|p1|Meganium, L50, F|\n|poke|p1|Skarmory, L50, F|\n|poke|p1|Talonflame, L50, M|\n|poke|p1|Excadrill, L50, M|\n|poke|p1|Pelipper, L50, F|\n|poke|p2|Clefable, L50, F|\n|poke|p2|Garchomp, L50, M|\n|poke|p2|Mamoswine, L50, M|\n|poke|p2|Rotom-Frost, L50|\n|poke|p2|Ninetales-Alola, L50, M|\n|poke|p2|Aerodactyl, L50, M|\n|teampreview|4\n|\n|t:|1776372458\n|teamsize|p1|4\n|teamsize|p2|4\n|start\n|switch|p1a: Talonflame|Talonflame, L50, M|100/100\n|switch|p1b: Meganium|Meganium, L50, F|100/100\n|switch|p2a: Ninetales|Ninetales-Alola, L50, M|100/100\n|switch|p2b: Aerodactyl|Aerodactyl, L50, M|100/100\n|-ability|p2b: Aerodactyl|Unnerve\n|-weather|Snowscape|[from] ability: Snow Warning|[of] p2a: Ninetales\n|turn|1\n|\n|t:|1776372478\n|detailschange|p1b: Meganium|Meganium-Mega, L50, F\n|-mega|p1b: Meganium|Meganium|Meganiumite\n|move|p1a: Talonflame|Tailwind|p1a: Talonflame\n|-sidestart|p1: manicallyhex|move: Tailwind\n|move|p1b: Meganium|Weather Ball|p2a: Ninetales\n|-supereffective|p2a: Ninetales|1\n|-enditem|p2a: Ninetales|Focus Sash\n|-damage|p2a: Ninetales|1/100\n|move|p2b: Aerodactyl|Rock Slide|p1a: Talonflame|[spread] p1a,p1b\n|-supereffective|p1a: Talonflame|2\n|-enditem|p1a: Talonflame|Focus Sash\n|-damage|p1a: Talonflame|1/100\n|-damage|p1b: Meganium|75/100\n|move|p2a: Ninetales|Aurora Veil|p2a: Ninetales\n|-sidestart|p2: joesfshowdown|move: Aurora Veil\n|\n|-weather|Snowscape|[upkeep]\n|upkeep\n|turn|2\n|\n|t:|1776372530\n|move|p2a: Ninetales|Protect|p2a: Ninetales\n|-singleturn|p2a: Ninetales|Protect\n|move|p1a: Talonflame|Taunt|p2b: Aerodactyl\n|-start|p2b: Aerodactyl|move: Taunt\n|move|p1b: Meganium|Dazzling Gleam|p2b: Aerodactyl|[spread] p2b\n|-activate|p2a: Ninetales|move: Protect\n|-damage|p2b: Aerodactyl|70/100\n|move|p2b: Aerodactyl|Dual Wingbeat|p1b: Meganium\n|-supereffective|p1b: Meganium|1\n|-damage|p1b: Meganium|36/100\n|-supereffective|p1b: Meganium|1\n|-damage|p1b: Meganium|0 fnt\n|faint|p1b: Meganium\n|-hitcount|p1: Meganium|2\n|\n|-weather|Snowscape|[upkeep]\n|upkeep\n|\n|t:|1776372547\n|switch|p1b: Excadrill|Excadrill, L50, M|100/100\n|-ability|p1b: Excadrill|Mold Breaker\n|turn|3\n|\n|t:|1776372584\n|move|p1b: Excadrill|Iron Head|p2b: Aerodactyl\n|-supereffective|p2b: Aerodactyl|1\n|-damage|p2b: Aerodactyl|0 fnt\n|faint|p2b: Aerodactyl\n|move|p1a: Talonflame|Dual Wingbeat|p2a: Ninetales\n|-damage|p2a: Ninetales|0 fnt\n|faint|p2a: Ninetales\n|-hitcount|p2: Ninetales|1\n|\n|-weather|Snowscape|[upkeep]\n|upkeep\n|\n|t:|1776372603\n|switch|p2b: Mamoswine|Mamoswine, L50, M|100/100\n|switch|p2a: Clefable|Clefable, L50, F|100/100\n|turn|4\n|\n|t:|1776372630\n|detailschange|p2a: Clefable|Clefable-Mega, L50, F\n|-mega|p2a: Clefable|Clefable|Clefablite\n|move|p2b: Mamoswine|Ice Shard|p1a: Talonflame\n|-damage|p1a: Talonflame|0 fnt\n|faint|p1a: Talonflame\n|move|p1b: Excadrill|Iron Head|p2b: Mamoswine\n|-supereffective|p2b: Mamoswine|1\n|-damage|p2b: Mamoswine|65/100\n|move|p2a: Clefable|Blizzard|p1b: Excadrill\n|-damage|p1b: Excadrill|43/100\n|\n|-weather|Snowscape|[upkeep]\n|-heal|p2b: Mamoswine|71/100|[from] item: Leftovers\n|-sideend|p1: manicallyhex|move: Tailwind\n|upkeep\n|\n|t:|1776372638\n|switch|p1a: Pelipper|Pelipper, L50, F|100/100\n|-weather|RainDance|[from] ability: Drizzle|[of] p1a: Pelipper\n|turn|5\n|\n|t:|1776372677\n|move|p1b: Excadrill|Iron Head|p2a: Clefable\n|-supereffective|p2a: Clefable|1\n|-damage|p2a: Clefable|53/100\n|move|p2b: Mamoswine|Curse|p2b: Mamoswine\n|-unboost|p2b: Mamoswine|spe|1\n|-boost|p2b: Mamoswine|atk|1\n|-boost|p2b: Mamoswine|def|1\n|move|p2a: Clefable|Dazzling Gleam|p1b: Excadrill|[spread] p1a,p1b\n|-resisted|p1b: Excadrill|1\n|-damage|p1a: Pelipper|50/100\n|-damage|p1b: Excadrill|18/100\n|move|p1a: Pelipper|Tailwind|p1a: Pelipper\n|-sidestart|p1: manicallyhex|move: Tailwind\n|\n|-weather|RainDance|[upkeep]\n|-heal|p1a: Pelipper|56/100|[from] item: Leftovers\n|-heal|p2b: Mamoswine|77/100|[from] item: Leftovers\n|-sideend|p2: joesfshowdown|move: Aurora Veil\n|upkeep\n|turn|6\n|\n|t:|1776372708\n|move|p2b: Mamoswine|Ice Shard|p1a: Pelipper\n|-damage|p1a: Pelipper|29/100\n|move|p1b: Excadrill|Iron Head|p2a: Clefable\n|-supereffective|p2a: Clefable|1\n|-damage|p2a: Clefable|0 fnt\n|faint|p2a: Clefable\n|move|p1a: Pelipper|Weather Ball|p2b: Mamoswine\n|-supereffective|p2b: Mamoswine|1\n|-damage|p2b: Mamoswine|0 fnt\n|faint|p2b: Mamoswine\n|\n|win|manicallyhex\n|raw|manicallyhex's rating: 1170 &rarr; <strong>1193</strong><br />(+23 for winning)\n|raw|joesfshowdown's rating: 1145 &rarr; <strong>1122</strong><br />(-23 for losing)\n",
  "uploadtime": 1776372722,
  "views": 18,
  "formatid": "gen9championsvgc2026regma",
  "rating": 1122,
  "private": 0,
  "password": null
}