{
  "id": "gen9championsvgc2026regma-2589442797",
  "format": "[Gen 9 Champions] VGC 2026 Reg M-A",
  "players": [
    "ADV169",
    "KNG Lukario"
  ],
  "log": "|j|\u2606ADV169\n|j|\u2606KNG Lukario\n|t:|1776723356\n|gametype|doubles\n|player|p1|ADV169|lass-gen4|1264\n|player|p2|KNG Lukario|veteran-gen4|1212\n|gen|9\n|tier|[Gen 9 Champions] VGC 2026 Reg M-A\n|rated|\n|rule|Species Clause: Limit one of each Pok\u00e9mon\n|rule|Item Clause: Limit 1 of each item\n|clearpoke\n|poke|p1|Gardevoir, L50, M|\n|poke|p1|Farigiraf, L50, F|\n|poke|p1|Incineroar, L50, F|\n|poke|p1|Rotom-Wash, L50|\n|poke|p1|Archaludon, L50, F|\n|poke|p1|Sinistcha, L50|\n|poke|p2|Golurk, L50, shiny|\n|poke|p2|Farigiraf, L50, F, shiny|\n|poke|p2|Sinistcha-Masterpiece, L50, shiny|\n|poke|p2|Primarina, L50, M, shiny|\n|poke|p2|Kingambit, L50, F, shiny|\n|poke|p2|Incineroar, L50, M|\n|teampreview|4\n|\n|t:|1776723388\n|teamsize|p1|4\n|teamsize|p2|4\n|start\n|switch|p1a: Carcosa|Farigiraf, L50, F|100/100\n|switch|p1b: Babylon|Archaludon, L50, F|100/100\n|switch|p2a: Golurk|Golurk, L50, shiny|100/100\n|switch|p2b: Incineroar|Incineroar, L50, M|100/100\n|-ability|p2b: Incineroar|Intimidate|boost\n|-unboost|p1a: Carcosa|atk|1\n|-unboost|p1b: Babylon|atk|1\n|turn|1\n|\n|t:|1776723416\n|detailschange|p2a: Golurk|Golurk-Mega, L50, shiny\n|-mega|p2a: Golurk|Golurk|Golurkite\n|move|p1b: Babylon|Protect|p1b: Babylon\n|-singleturn|p1b: Babylon|Protect\n|move|p1a: Carcosa|Psychic Terrain|p1a: Carcosa\n|-fieldstart|move: Psychic Terrain\n|move|p2b: Incineroar|Darkest Lariat|p1a: Carcosa\n|-supereffective|p1a: Carcosa|1\n|-damage|p1a: Carcosa|40/100\n|-enditem|p1a: Carcosa|Sitrus Berry|[eat]\n|-heal|p1a: Carcosa|65/100|[from] item: Sitrus Berry\n|move|p2a: Golurk|High Horsepower|p1a: Carcosa\n|-damage|p1a: Carcosa|5/100\n|\n|upkeep\n|turn|2\n|\n|t:|1776723441\n|move|p1a: Carcosa|Expanding Force|p2a: Golurk|[spread] p2a\n|-immune|p2b: Incineroar\n|-crit|p2a: Golurk\n|-damage|p2a: Golurk|43/100\n|move|p1b: Babylon|Aura Sphere|p2b: Incineroar\n|-supereffective|p2b: Incineroar|1\n|-damage|p2b: Incineroar|62/100\n|move|p2b: Incineroar|Darkest Lariat|p1a: Carcosa\n|-supereffective|p1a: Carcosa|1\n|-damage|p1a: Carcosa|0 fnt\n|faint|p1a: Carcosa\n|move|p2a: Golurk|High Horsepower|p1b: Babylon\n|-supereffective|p1b: Babylon|1\n|-damage|p1b: Babylon|11/100\n|-ability|p1b: Babylon|Stamina|boost\n|-boost|p1b: Babylon|def|1\n|\n|-heal|p1b: Babylon|17/100|[from] item: Leftovers\n|upkeep\n|\n|t:|1776723455\n|switch|p1a: Monet\u2640\ufe0f|Gardevoir, L50, M|100/100\n|turn|3\n|\n|t:|1776723479\n|detailschange|p1a: Monet\u2640\ufe0f|Gardevoir-Mega, L50, M\n|-mega|p1a: Monet\u2640\ufe0f|Gardevoir|Gardevoirite\n|move|p1a: Monet\u2640\ufe0f|Hyper Voice|p2a: Golurk|[spread] p2a,p2b\n|-damage|p2a: Golurk|1/100\n|-damage|p2b: Incineroar|18/100\n|-enditem|p2b: Incineroar|Sitrus Berry|[eat]\n|-heal|p2b: Incineroar|42/100|[from] item: Sitrus Berry\n|move|p1b: Babylon|Aura Sphere|p2b: Incineroar\n|-supereffective|p2b: Incineroar|1\n|-damage|p2b: Incineroar|3/100\n|move|p2b: Incineroar|Darkest Lariat|p1a: Monet\u2640\ufe0f\n|-damage|p1a: Monet\u2640\ufe0f|31/100\n|move|p2a: Golurk|Poltergeist|p1a: Monet\u2640\ufe0f\n|-activate|p1a: Monet\u2640\ufe0f|move: Poltergeist|Gardevoirite\n|-supereffective|p1a: Monet\u2640\ufe0f|1\n|-damage|p1a: Monet\u2640\ufe0f|0 fnt\n|faint|p1a: Monet\u2640\ufe0f\n|\n|-heal|p1b: Babylon|23/100|[from] item: Leftovers\n|upkeep\n|\n|t:|1776723492\n|switch|p1a: Current|Rotom-Wash, L50|100/100\n|turn|4\n|\n|t:|1776723510\n|move|p1a: Current|Discharge|p2a: Golurk|[spread] p1b,p2b\n|-immune|p2a: Golurk\n|-resisted|p1b: Babylon|1\n|-damage|p1b: Babylon|10/100\n|-damage|p2b: Incineroar|0 fnt\n|-ability|p1b: Babylon|Stamina|boost\n|-boost|p1b: Babylon|def|1\n|faint|p2b: Incineroar\n|move|p1b: Babylon|Flash Cannon|p2a: Golurk\n|-damage|p2a: Golurk|0 fnt\n|faint|p2a: Golurk\n|\n|-heal|p1b: Babylon|16/100|[from] item: Leftovers\n|upkeep\n|\n|t:|1776723521\n|switch|p2b: Farigiraf|Farigiraf, L50, F, shiny|100/100\n|switch|p2a: Kingambit|Kingambit, L50, F, shiny|100/100\n|-activate|p2a: Kingambit|ability: Supreme Overlord\n|-start|p2a: Kingambit|fallen2|[silent]\n|turn|5\n|\n|t:|1776723538\n|move|p1a: Current|Hydro Pump|p2a: Kingambit\n|-damage|p2a: Kingambit|45/100\n|move|p1b: Babylon|Aura Sphere|p2a: Kingambit\n|-supereffective|p2a: Kingambit|2\n|-damage|p2a: Kingambit|0 fnt\n|faint|p2a: Kingambit\n|-end|p2a: Kingambit|fallen2|[silent]\n|move|p2b: Farigiraf|Trick Room|p2b: Farigiraf\n|-fieldstart|move: Trick Room|[of] p2b: Farigiraf\n|\n|-heal|p1b: Babylon|22/100|[from] item: Leftovers\n|-fieldend|move: Psychic Terrain\n|upkeep\n|turn|6\n|\n|t:|1776723559\n|move|p2b: Farigiraf|Psychic|p1b: Babylon\n|-resisted|p1b: Babylon|1\n|-damage|p1b: Babylon|5/100\n|-ability|p1b: Babylon|Stamina|boost\n|-boost|p1b: Babylon|def|1\n|move|p1b: Babylon|Flash Cannon|p2b: Farigiraf\n|-damage|p2b: Farigiraf|68/100\n|-unboost|p2b: Farigiraf|spd|1\n|move|p1a: Current|Hydro Pump|p2b: Farigiraf\n|-damage|p2b: Farigiraf|0 fnt\n|faint|p2b: Farigiraf\n|\n|win|ADV169\n|raw|ADV169's rating: 1264 &rarr; <strong>1285</strong><br />(+21 for winning)\n|raw|KNG Lukario's rating: 1212 &rarr; <strong>1191</strong><br />(-21 for losing)\n|l|\u2606KNG Lukario\n|player|p2|\n|c|\u2606ADV169|Gg\n",
  "uploadtime": 1776723704,
  "views": 6,
  "formatid": "gen9championsvgc2026regma",
  "rating": 1191,
  "private": 0,
  "password": null
}