{
  "id": "gen9championsvgc2026regma-2581972026",
  "format": "[Gen 9 Champions] VGC 2026 Reg M-A",
  "players": [
    "hyrosh x",
    "esekir"
  ],
  "log": "|j|\u2606hyrosh x\n|j|\u2606esekir\n|t:|1776044497\n|gametype|doubles\n|player|p1|hyrosh x|benga|1074\n|player|p2|esekir|265|1113\n|gen|9\n|tier|[Gen 9 Champions] VGC 2026 Reg M-A\n|rated|\n|rule|Species Clause: Limit one of each Pok\u00e9mon\n|rule|Item Clause: Limit 1 of each item\n|clearpoke\n|poke|p1|Ditto, L50|\n|poke|p1|Kangaskhan, L50, F|\n|poke|p1|Typhlosion-Hisui, L50, M|\n|poke|p1|Whimsicott, L50, F|\n|poke|p1|Vivillon-Fancy, L50, M|\n|poke|p1|Incineroar, L50, M|\n|poke|p2|Delphox, L50, M|\n|poke|p2|Meowstic, L50, M|\n|poke|p2|Sneasler, L50, F|\n|poke|p2|Basculegion, L50, M|\n|poke|p2|Garchomp, L50, M|\n|poke|p2|Rotom-Mow, L50|\n|teampreview|4\n|inactive|Battle timer is ON: inactive players will automatically lose when time's up. (requested by hyrosh x)\n|\n|t:|1776044527\n|teamsize|p1|4\n|teamsize|p2|4\n|start\n|switch|p1a: Whimsicott|Whimsicott, L50, F|100/100\n|switch|p1b: Typhlosion|Typhlosion-Hisui, L50, M|100/100\n|switch|p2a: Basculegion|Basculegion, L50, M|100/100\n|switch|p2b: Meowstic|Meowstic, L50, M|100/100\n|turn|1\n|\n|t:|1776044538\n|move|p2b: Meowstic|Psychic Terrain|p2b: Meowstic\n|-fieldstart|move: Psychic Terrain\n|move|p1a: Whimsicott|Tailwind|p1a: Whimsicott\n|-sidestart|p1: hyrosh x|move: Tailwind\n|move|p1b: Typhlosion|Shadow Ball|p2a: Basculegion\n|-supereffective|p2a: Basculegion|1\n|-damage|p2a: Basculegion|16/100\n|move|p2a: Basculegion|Flip Turn|p1b: Typhlosion\n|-supereffective|p1b: Typhlosion|1\n|-enditem|p1b: Typhlosion|Focus Sash\n|-damage|p1b: Typhlosion|1/100\n|\n|t:|1776044545\n|switch|p2a: Delphox|Delphox, L50, M|100/100|[from] Flip Turn\n|\n|upkeep\n|turn|2\n|\n|t:|1776044562\n|detailschange|p2a: Delphox|Delphox-Mega, L50, M\n|-mega|p2a: Delphox|Delphox|Delphoxite\n|move|p1a: Whimsicott|Light Screen|p1a: Whimsicott\n|-sidestart|p1: hyrosh x|move: Light Screen\n|move|p2b: Meowstic|Skill Swap|p2a: Delphox\n|-activate|p2b: Meowstic|Skill Swap|||[of] p2a: Delphox\n|move|p1b: Typhlosion|Overheat|p2b: Meowstic\n|-damage|p2b: Meowstic|0 fnt\n|-unboost|p1b: Typhlosion|spa|2\n|faint|p2b: Meowstic\n|move|p2a: Delphox|Expanding Force|p1b: Typhlosion|[spread] p1a,p1b\n|-damage|p1a: Whimsicott|53/100\n|-damage|p1b: Typhlosion|0 fnt\n|faint|p1b: Typhlosion\n|\n|upkeep\n|\n|t:|1776044579\n|switch|p2b: Sneasler|Sneasler, L50, F|100/100\n|switch|p1b: Ditto|Ditto, L50, shiny|100/100\n|-transform|p1b: Ditto|p2a: Delphox|[from] ability: Imposter\n|turn|3\n|\n|t:|1776044602\n|move|p1b: Ditto|Expanding Force|p2b: Sneasler|[spread] p2a,p2b\n|-resisted|p2a: Delphox|1\n|-supereffective|p2b: Sneasler|2\n|-damage|p2a: Delphox|65/100\n|-enditem|p2b: Sneasler|Focus Sash\n|-damage|p2b: Sneasler|1/100\n|move|p2b: Sneasler|Dire Claw|p1a: Whimsicott\n|-supereffective|p1a: Whimsicott|2\n|-damage|p1a: Whimsicott|0 fnt\n|faint|p1a: Whimsicott\n|move|p2a: Delphox|Expanding Force|p1b: Ditto\n|-resisted|p1b: Ditto|1\n|-crit|p1b: Ditto\n|-damage|p1b: Ditto|33/100\n|\n|upkeep\n|\n|t:|1776044610\n|switch|p1a: Kangaskhan|Kangaskhan, L50, F|100/100\n|turn|4\n|\n|t:|1776044621\n|detailschange|p1a: Kangaskhan|Kangaskhan-Mega, L50, F\n|-mega|p1a: Kangaskhan|Kangaskhan|Kangaskhanite\n|move|p1b: Ditto|Expanding Force|p2b: Sneasler|[spread] p2a,p2b\n|-resisted|p2a: Delphox|1\n|-supereffective|p2b: Sneasler|2\n|-damage|p2a: Delphox|32/100\n|-damage|p2b: Sneasler|0 fnt\n|faint|p2b: Sneasler\n|move|p1a: Kangaskhan|Crunch|p2a: Delphox\n|-supereffective|p2a: Delphox|1\n|-damage|p2a: Delphox|0 fnt\n|faint|p2a: Delphox\n|-hitcount|p2: Delphox|1\n|\n|-sideend|p1: hyrosh x|move: Tailwind\n|upkeep\n|\n|t:|1776044628\n|switch|p2a: Basculegion|Basculegion, L50, M|16/100\n|turn|5\n|\n|t:|1776044638\n|move|p1b: Ditto|Expanding Force|p2a: Basculegion\n|-damage|p2a: Basculegion|0 fnt\n|faint|p2a: Basculegion\n|\n|win|hyrosh x\n|raw|hyrosh x's rating: 1074 &rarr; <strong>1106</strong><br />(+32 for winning)\n|raw|esekir's rating: 1113 &rarr; <strong>1085</strong><br />(-28 for losing)\n|l|\u2606esekir\n|player|p2|\n",
  "uploadtime": 1776044641,
  "views": 18,
  "formatid": "gen9championsvgc2026regma",
  "rating": 1085,
  "private": 0,
  "password": null
}