{
  "id": "gen9championsvgc2026regma-2584391344",
  "format": "[Gen 9 Champions] VGC 2026 Reg M-A",
  "players": [
    "LovelyLizardLad",
    "giiirldinner"
  ],
  "log": "|j|\u203dLovelyLizardLad\n|j|\u2606giiirldinner\n|t:|1776257399\n|gametype|doubles\n|player|p1|LovelyLizardLad|red|1271\n|player|p2|giiirldinner|schoolkidf-gen4|1329\n|gen|9\n|tier|[Gen 9 Champions] VGC 2026 Reg M-A\n|rated|\n|rule|Species Clause: Limit one of each Pok\u00e9mon\n|rule|Item Clause: Limit 1 of each item\n|clearpoke\n|poke|p1|Delphox, L50, F|\n|poke|p1|Basculegion, L50, M|\n|poke|p1|Clefable, L50, M|\n|poke|p1|Kingambit, L50, M|\n|poke|p1|Sneasler, L50, M|\n|poke|p1|Heliolisk, L50, F|\n|poke|p2|Delphox, L50, F|\n|poke|p2|Whimsicott, L50, F|\n|poke|p2|Incineroar, L50, M|\n|poke|p2|Garchomp, L50, F|\n|poke|p2|Sneasler, L50, F|\n|poke|p2|Kingambit, L50, M|\n|teampreview|4\n|\n|t:|1776257431\n|teamsize|p1|4\n|teamsize|p2|4\n|start\n|switch|p1a: Clefable|Clefable, L50, M|100/100\n|switch|p1b: Kingambit|Kingambit, L50, M|100/100\n|switch|p2a: Delphox|Delphox, L50, F|100/100\n|switch|p2b: Sneasler|Sneasler, L50, F|100/100\n|turn|1\n|\n|t:|1776257448\n|detailschange|p2a: Delphox|Delphox-Mega, L50, F\n|-mega|p2a: Delphox|Delphox|Delphoxite\n|move|p1b: Kingambit|Protect|p1b: Kingambit\n|-singleturn|p1b: Kingambit|Protect\n|move|p2b: Sneasler|Fake Out|p1a: Clefable\n|-damage|p1a: Clefable|90/100\n|move|p2a: Delphox|Heat Wave|p1a: Clefable|[spread] p1a\n|-activate|p1b: Kingambit|move: Protect\n|-damage|p1a: Clefable|45/100\n|-enditem|p1a: Clefable|Sitrus Berry|[eat]\n|-heal|p1a: Clefable|70/100|[from] item: Sitrus Berry\n|cant|p1a: Clefable|flinch\n|\n|upkeep\n|turn|2\n|inactive|Battle timer is ON: inactive players will automatically lose when time's up. (requested by giiirldinner)\n|\n|t:|1776257474\n|move|p1a: Clefable|Follow Me|p1a: Clefable\n|-singleturn|p1a: Clefable|move: Follow Me\n|move|p1b: Kingambit|Sucker Punch|p2a: Delphox\n|-supereffective|p2a: Delphox|1\n|-damage|p2a: Delphox|0 fnt\n|faint|p2a: Delphox\n|move|p2b: Sneasler|Dire Claw|p1a: Clefable\n|-supereffective|p1a: Clefable|1\n|-damage|p1a: Clefable|1/100\n|-status|p1a: Clefable|slp\n|\n|upkeep\n|\n|t:|1776257481\n|switch|p2a: Garchomp|Garchomp, L50, F|100/100\n|turn|3\n|\n|t:|1776257487\n|move|p2b: Sneasler|Protect|p2b: Sneasler\n|-singleturn|p2b: Sneasler|Protect\n|move|p1b: Kingambit|Protect|p1b: Kingambit\n|-singleturn|p1b: Kingambit|Protect\n|move|p2a: Garchomp|Earthquake|p1b: Kingambit|[spread] p1a\n|-activate|p2b: Sneasler|move: Protect\n|-activate|p1b: Kingambit|move: Protect\n|-damage|p1a: Clefable|0 fnt\n|faint|p1a: Clefable\n|\n|upkeep\n|\n|t:|1776257498\n|switch|p1a: Sneasler|Sneasler, L50, M|100/100\n|turn|4\n|\n|t:|1776257510\n|move|p1b: Kingambit|Sucker Punch|p2a: Garchomp\n|-crit|p2a: Garchomp\n|-damage|p2a: Garchomp|25/100\n|-damage|p1b: Kingambit|88/100|[from] ability: Rough Skin|[of] p2a: Garchomp\n|move|p1a: Sneasler|Close Combat|p2b: Sneasler\n|-resisted|p2b: Sneasler|1\n|-damage|p2b: Sneasler|49/100\n|-unboost|p1a: Sneasler|def|1\n|-unboost|p1a: Sneasler|spd|1\n|move|p2b: Sneasler|Close Combat|p1b: Kingambit\n|-supereffective|p1b: Kingambit|2\n|-crit|p1b: Kingambit\n|-damage|p1b: Kingambit|0 fnt\n|-unboost|p2b: Sneasler|def|1\n|-unboost|p2b: Sneasler|spd|1\n|faint|p1b: Kingambit\n|-enditem|p2b: Sneasler|White Herb\n|-clearnegativeboost|p2b: Sneasler|[silent]\n|move|p2a: Garchomp|Dragon Claw|p1a: Sneasler\n|-enditem|p1a: Sneasler|Focus Sash\n|-damage|p1a: Sneasler|1/100\n|\n|upkeep\n|\n|t:|1776257531\n|switch|p1b: Delphox|Delphox, L50, F|100/100\n|turn|5\n|\n|t:|1776257543\n|detailschange|p1b: Delphox|Delphox-Mega, L50, F\n|-mega|p1b: Delphox|Delphox|Delphoxite\n|move|p2b: Sneasler|Dire Claw|p1a: Sneasler\n|-resisted|p1a: Sneasler|1\n|-damage|p1a: Sneasler|0 fnt\n|faint|p1a: Sneasler\n|move|p1b: Delphox|Psychic|p2a: Garchomp\n|-damage|p2a: Garchomp|0 fnt\n|faint|p2a: Garchomp\n|\n|upkeep\n|\n|t:|1776257552\n|switch|p2a: Kingambit|Kingambit, L50, M|100/100\n|turn|6\n|\n|t:|1776257558\n|move|p2a: Kingambit|Sucker Punch||[still]\n|-fail|p2a: Kingambit\n|move|p2b: Sneasler|Dire Claw|p1b: Delphox\n|-damage|p1b: Delphox|40/100\n|-status|p1b: Delphox|par\n|move|p1b: Delphox|Substitute|p1b: Delphox\n|-start|p1b: Delphox|Substitute\n|-damage|p1b: Delphox|16/100 par\n|\n|upkeep\n|turn|7\n|\n|t:|1776257577\n|move|p2b: Sneasler|Dire Claw|p1b: Delphox\n|-end|p1b: Delphox|Substitute\n|move|p1b: Delphox|Heat Wave|p2a: Kingambit|[spread] p2a,p2b\n|-supereffective|p2a: Kingambit|1\n|-enditem|p2a: Kingambit|Occa Berry|[eat]\n|-enditem|p2a: Kingambit|Occa Berry|[weaken]\n|-damage|p2a: Kingambit|64/100\n|-damage|p2b: Sneasler|0 fnt\n|faint|p2b: Sneasler\n|move|p2a: Kingambit|Kowtow Cleave|p1b: Delphox\n|-supereffective|p1b: Delphox|1\n|-damage|p1b: Delphox|0 fnt\n|faint|p1b: Delphox\n|\n|win|giiirldinner\n|raw|LovelyLizardLad's rating: 1271 &rarr; <strong>1250</strong><br />(-21 for losing)\n|raw|giiirldinner's rating: 1329 &rarr; <strong>1346</strong><br />(+17 for winning)\n",
  "uploadtime": 1776257584,
  "views": 27,
  "formatid": "gen9championsvgc2026regma",
  "rating": 1250,
  "private": 0,
  "password": null
}