{
  "id": "gen9championsvgc2026regma-2586255960",
  "format": "[Gen 9 Champions] VGC 2026 Reg M-A",
  "players": [
    "zwcrazy",
    "davidivadful"
  ],
  "log": "|j|\u2606zwcrazy\n|j|\u2606davidivadful\n|t:|1776418016\n|gametype|doubles\n|player|p1|zwcrazy|beauty-gen4dp|1112\n|player|p2|davidivadful|2|1139\n|gen|9\n|tier|[Gen 9 Champions] VGC 2026 Reg M-A\n|rated|\n|rule|Species Clause: Limit one of each Pok\u00e9mon\n|rule|Item Clause: Limit 1 of each item\n|clearpoke\n|poke|p1|Kingambit, L50, M|\n|poke|p1|Sneasler, L50, F|\n|poke|p1|Talonflame, L50, F|\n|poke|p1|Garchomp, L50, F|\n|poke|p1|Froslass, L50, F|\n|poke|p1|Milotic, L50, M|\n|poke|p2|Sinistcha, L50|\n|poke|p2|Kingambit, L50, F|\n|poke|p2|Charizard, L50, M|\n|poke|p2|Milotic, L50, M|\n|poke|p2|Garchomp, L50, F|\n|poke|p2|Sneasler, L50, F|\n|teampreview|4\n|inactive|Battle timer is ON: inactive players will automatically lose when time's up. (requested by davidivadful)\ndavidivadful rejected open team sheets.\n|c|\u2606zwcrazy|sup\n|c|\u2606zwcrazy|gl\n|inactive|zwcrazy has 60 seconds left.\n|inactive|davidivadful has 60 seconds left.\n|\n|t:|1776418072\n|teamsize|p1|4\n|teamsize|p2|4\n|start\n|switch|p1a: Milotic|Milotic, L50, M|100/100\n|switch|p1b: Talonflame|Talonflame, L50, F|100/100\n|switch|p2a: Sneasler|Sneasler, L50, F|100/100\n|switch|p2b: Milotic|Milotic, L50, M|100/100\n|turn|1\n|inactive|zwcrazy has 30 seconds left.\n|inactive|davidivadful has 30 seconds left.\n|\n|t:|1776418103\n|move|p1b: Talonflame|Tailwind|p1b: Talonflame\n|-sidestart|p1: zwcrazy|move: Tailwind\n|move|p1a: Milotic|Muddy Water|p2b: Milotic|[spread] p2b\n|-miss|p1a: Milotic|p2a: Sneasler\n|-resisted|p2b: Milotic|1\n|-damage|p2b: Milotic|92/100\n|move|p2a: Sneasler|Dire Claw|p1a: Milotic\n|-damage|p1a: Milotic|57/100\n|move|p2b: Milotic|Scald|p1b: Talonflame\n|-supereffective|p1b: Talonflame|1\n|-damage|p1b: Talonflame|18/100\n|\n|-heal|p1a: Milotic|63/100|[from] item: Leftovers\n|-heal|p2b: Milotic|98/100|[from] item: Leftovers\n|upkeep\n|turn|2\n|inactive|davidivadful has 30 seconds left.\n|\n|t:|1776418133\n|move|p2a: Sneasler|Feint|p1b: Talonflame\n|-damage|p1b: Talonflame|0 fnt\n|faint|p1b: Talonflame\n|move|p1a: Milotic|Icy Wind|p2b: Milotic|[spread] p2a,p2b\n|-resisted|p2b: Milotic|1\n|-damage|p2a: Sneasler|83/100\n|-damage|p2b: Milotic|94/100\n|-unboost|p2a: Sneasler|spe|1\n|-unboost|p2b: Milotic|spe|1\n|-ability|p2b: Milotic|Competitive|boost\n|-boost|p2b: Milotic|spa|2\n|-enditem|p2a: Sneasler|White Herb\n|-clearnegativeboost|p2a: Sneasler|[silent]\n|move|p2b: Milotic|Scald|p1a: Milotic\n|-resisted|p1a: Milotic|1\n|-damage|p1a: Milotic|44/100\n|\n|-heal|p1a: Milotic|50/100|[from] item: Leftovers\n|-heal|p2b: Milotic|99/100|[from] item: Leftovers\n|upkeep\n|\n|t:|1776418138\n|switch|p1b: Sneasler|Sneasler, L50, F|100/100\n|turn|3\n|inactive|davidivadful has 30 seconds left.\n|inactive|davidivadful has 20 seconds left.\n|\n|t:|1776418173\n|switch|p2a: Charizard|Charizard, L50, M|100/100\n|move|p1b: Sneasler|Close Combat|p2b: Milotic\n|-damage|p2b: Milotic|40/100\n|-unboost|p1b: Sneasler|def|1\n|-unboost|p1b: Sneasler|spd|1\n|move|p1a: Milotic|Muddy Water|p2a: Charizard|[spread] p2a,p2b\n|-supereffective|p2a: Charizard|1\n|-resisted|p2b: Milotic|1\n|-damage|p2a: Charizard|28/100\n|-damage|p2b: Milotic|31/100\n|-unboost|p2b: Milotic|accuracy|1\n|-ability|p2b: Milotic|Competitive|boost\n|-boost|p2b: Milotic|spa|2\n|move|p2b: Milotic|Scald|p1b: Sneasler|[miss]\n|-miss|p2b: Milotic|p1b: Sneasler\n|\n|-heal|p1a: Milotic|56/100|[from] item: Leftovers\n|-heal|p2b: Milotic|37/100|[from] item: Leftovers\n|upkeep\n|turn|4\n|\n|t:|1776418198\n|move|p2a: Charizard|Protect|p2a: Charizard\n|-singleturn|p2a: Charizard|Protect\n|move|p2b: Milotic|Protect|p2b: Milotic\n|-singleturn|p2b: Milotic|Protect\n|move|p1b: Sneasler|Close Combat|p2b: Milotic\n|-activate|p2b: Milotic|move: Protect\n|move|p1a: Milotic|Muddy Water|p2b: Milotic|[spread] \n|-activate|p2a: Charizard|move: Protect\n|-activate|p2b: Milotic|move: Protect\n|\n|-heal|p1a: Milotic|62/100|[from] item: Leftovers\n|-heal|p2b: Milotic|43/100|[from] item: Leftovers\n|-sideend|p1: zwcrazy|move: Tailwind\n|upkeep\n|turn|5\n|inactive|davidivadful has 30 seconds left.\n|\n|t:|1776418228\n|move|p1b: Sneasler|Close Combat|p2b: Milotic\n|-damage|p2b: Milotic|0 fnt\n|-unboost|p1b: Sneasler|def|1\n|-unboost|p1b: Sneasler|spd|1\n|faint|p2b: Milotic\n|move|p2a: Charizard|Heat Wave|p1b: Sneasler|[spread] p1a,p1b\n|-resisted|p1a: Milotic|1\n|-damage|p1a: Milotic|43/100\n|-enditem|p1b: Sneasler|Focus Sash\n|-damage|p1b: Sneasler|1/100\n|move|p1a: Milotic|Muddy Water|p2a: Charizard\n|-supereffective|p2a: Charizard|1\n|-damage|p2a: Charizard|0 fnt\n|faint|p2a: Charizard\n|\n|-heal|p1a: Milotic|49/100|[from] item: Leftovers\n|upkeep\n|\n|t:|1776418242\n|switch|p2a: Sneasler|Sneasler, L50, F|83/100\n|switch|p2b: Garchomp|Garchomp, L50, F|100/100\n|turn|6\n|\n|t:|1776418260\n|move|p1b: Sneasler|Protect|p1b: Sneasler\n|-singleturn|p1b: Sneasler|Protect\n|move|p1a: Milotic|Protect|p1a: Milotic\n|-singleturn|p1a: Milotic|Protect\n|move|p2b: Garchomp|Rock Slide|p1b: Sneasler|[spread] \n|-activate|p1a: Milotic|move: Protect\n|-activate|p1b: Sneasler|move: Protect\n|move|p2a: Sneasler|Close Combat|p1a: Milotic\n|-activate|p1a: Milotic|move: Protect\n|\n|-heal|p1a: Milotic|55/100|[from] item: Leftovers\n|upkeep\n|turn|7\n|\n|t:|1776418284\n|move|p2a: Sneasler|Feint|p1b: Sneasler\n|-damage|p1b: Sneasler|0 fnt\n|faint|p1b: Sneasler\n|move|p2b: Garchomp|Rock Slide|p1a: Milotic\n|-damage|p1a: Milotic|28/100\n|move|p1a: Milotic|Icy Wind|p2b: Garchomp|[spread] p2a,p2b\n|-supereffective|p2b: Garchomp|2\n|-damage|p2a: Sneasler|66/100\n|-damage|p2b: Garchomp|43/100\n|-unboost|p2a: Sneasler|spe|1\n|-unboost|p2b: Garchomp|spe|1\n|\n|-heal|p1a: Milotic|34/100|[from] item: Leftovers\n|upkeep\n|\n|t:|1776418292\n|switch|p1b: Kingambit|Kingambit, L50, M|100/100\n|turn|8\n|\n|t:|1776418308\n|move|p1b: Kingambit|Sucker Punch|p2a: Sneasler\n|-resisted|p2a: Sneasler|1\n|-damage|p2a: Sneasler|20/100\n|move|p2b: Garchomp|Rock Slide|p1a: Milotic|[spread] p1a,p1b\n|-resisted|p1b: Kingambit|1\n|-damage|p1a: Milotic|14/100\n|-damage|p1b: Kingambit|93/100\n|move|p2a: Sneasler|Close Combat|p1a: Milotic\n|-damage|p1a: Milotic|0 fnt\n|-unboost|p2a: Sneasler|def|1\n|-unboost|p2a: Sneasler|spd|1\n|faint|p1a: Milotic\n|\n|upkeep\n|turn|9\n|\n|t:|1776418322\n|move|p2a: Sneasler|Feint|p1b: Kingambit\n|-resisted|p1b: Kingambit|1\n|-damage|p1b: Kingambit|87/100\n|move|p1b: Kingambit|Sucker Punch||[still]\n|-fail|p1b: Kingambit\n|move|p2b: Garchomp|Rock Slide|p1b: Kingambit\n|-resisted|p1b: Kingambit|1\n|-damage|p1b: Kingambit|76/100\n|\n|upkeep\n|turn|10\n|\n|t:|1776418335\n|move|p2a: Sneasler|Feint|p1b: Kingambit\n|-resisted|p1b: Kingambit|1\n|-damage|p1b: Kingambit|71/100\n|move|p2b: Garchomp|Rock Slide|p1b: Kingambit\n|-resisted|p1b: Kingambit|1\n|-damage|p1b: Kingambit|61/100\n|move|p1b: Kingambit|Kowtow Cleave|p2b: Garchomp\n|-damage|p2b: Garchomp|0 fnt\n|-damage|p1b: Kingambit|48/100|[from] ability: Rough Skin|[of] p2b: Garchomp\n|faint|p2b: Garchomp\n|\n|upkeep\n|turn|11\n|\n|t:|1776418351\n|move|p2a: Sneasler|Close Combat|p1b: Kingambit\n|-supereffective|p1b: Kingambit|2\n|-damage|p1b: Kingambit|0 fnt\n|-unboost|p2a: Sneasler|def|1\n|-unboost|p2a: Sneasler|spd|1\n|faint|p1b: Kingambit\n|\n|win|davidivadful\n|raw|zwcrazy's rating: 1112 &rarr; <strong>1089</strong><br />(-23 for losing)\n|raw|davidivadful's rating: 1139 &rarr; <strong>1162</strong><br />(+23 for winning)\n|c|\u2606zwcrazy|gg\n",
  "uploadtime": 1776418360,
  "views": 18,
  "formatid": "gen9championsvgc2026regma",
  "rating": 1089,
  "private": 0,
  "password": null
}