{
  "id": "gen9championsvgc2026regma-2582824088",
  "format": "[Gen 9 Champions] VGC 2026 Reg M-A",
  "players": [
    "faric",
    "gk28"
  ],
  "log": "|j|\u2606faric\n|j|\u2606gk28\n|t:|1776116886\n|gametype|doubles\n|player|p1|faric|2|1159\n|player|p2|gk28|170|1134\n|gen|9\n|tier|[Gen 9 Champions] VGC 2026 Reg M-A\n|rated|\n|rule|Species Clause: Limit one of each Pok\u00e9mon\n|rule|Item Clause: Limit 1 of each item\n|clearpoke\n|poke|p1|Charizard, L50, F|\n|poke|p1|Venusaur, L50, M|\n|poke|p1|Garchomp, L50, F|\n|poke|p1|Rotom-Wash, L50|\n|poke|p1|Incineroar, L50, M|\n|poke|p1|Sneasler, L50, F|\n|poke|p2|Dragapult, L50, M|\n|poke|p2|Politoed, L50, M|\n|poke|p2|Gengar, L50, F|\n|poke|p2|Basculegion, L50, M|\n|poke|p2|Archaludon, L50, F|\n|poke|p2|Sinistcha, L50|\n|teampreview|4\n|inactive|Battle timer is ON: inactive players will automatically lose when time's up. (requested by faric)\n|inactive|faric has 60 seconds left.\n|\n|t:|1776116943\n|teamsize|p1|4\n|teamsize|p2|4\n|start\n|switch|p1a: Charizard|Charizard, L50, F|100/100\n|switch|p1b: Incineroar|Incineroar, L50, M|100/100\n|switch|p2a: Dragapult|Dragapult, L50, M|100/100\n|switch|p2b: Archaludon|Archaludon, L50, F|100/100\n|-ability|p1b: Incineroar|Intimidate|boost\n|-unboost|p2a: Dragapult|atk|1\n|-unboost|p2b: Archaludon|atk|1\n|turn|1\n|\n|t:|1776116957\n|move|p1a: Charizard|Protect|p1a: Charizard\n|-singleturn|p1a: Charizard|Protect\n|move|p2b: Archaludon|Protect|p2b: Archaludon\n|-singleturn|p2b: Archaludon|Protect\n|move|p2a: Dragapult|Light Screen|p2a: Dragapult\n|-sidestart|p2: gk28|move: Light Screen\n|move|p1b: Incineroar|Darkest Lariat|p2a: Dragapult\n|-supereffective|p2a: Dragapult|1\n|-damage|p2a: Dragapult|6/100\n|\n|upkeep\n|turn|2\n|\n|t:|1776116981\n|detailschange|p1a: Charizard|Charizard-Mega-Y, L50, F\n|-mega|p1a: Charizard|Charizard|Charizardite Y\n|-weather|SunnyDay|[from] ability: Drought|[of] p1a: Charizard\n|move|p2a: Dragapult|Dragon Cheer|p2b: Archaludon\n|-start|p2b: Archaludon|move: Dragon Cheer\n|move|p1a: Charizard|Heat Wave|p2a: Dragapult|[spread] p2a,p2b\n|-resisted|p2a: Dragapult|1\n|-damage|p2a: Dragapult|0 fnt\n|-damage|p2b: Archaludon|50/100\n|-ability|p2b: Archaludon|Stamina|boost\n|-boost|p2b: Archaludon|def|1\n|faint|p2a: Dragapult\n|move|p2b: Archaludon|Draco Meteor|p1a: Charizard\n|-crit|p1a: Charizard\n|-damage|p1a: Charizard|0 fnt\n|-unboost|p2b: Archaludon|spa|2\n|faint|p1a: Charizard\n|move|p1b: Incineroar|Parting Shot|p2b: Archaludon\n|-unboost|p2b: Archaludon|atk|1\n|-unboost|p2b: Archaludon|spa|1\n|\n|t:|1776117006\n|switch|p1b: Garchomp|Garchomp, L50, F|100/100|[from] Parting Shot\n|\n|-weather|SunnyDay|[upkeep]\n|upkeep\n|\n|t:|1776117014\n|switch|p2a: Politoed|Politoed, L50, M|100/100\n|switch|p1a: Rotom|Rotom-Wash, L50|100/100\n|-weather|RainDance|[from] ability: Drizzle|[of] p2a: Politoed\n|turn|3\n|\n|t:|1776117025\n|switch|p2a: Sinistcha|Sinistcha, L50|100/100\n|-heal|p2b: Archaludon|75/100|[from] ability: Hospitality|[of] p2a: Sinistcha\n|move|p1b: Garchomp|Earthquake|p2b: Archaludon|[spread] p2a,p2b\n|-immune|p1a: Rotom|[from] ability: Levitate\n|-resisted|p2a: Sinistcha|1\n|-supereffective|p2b: Archaludon|1\n|-damage|p2a: Sinistcha|86/100\n|-damage|p2b: Archaludon|34/100\n|-ability|p2b: Archaludon|Stamina|boost\n|-boost|p2b: Archaludon|def|1\n|move|p1a: Rotom|Thunderbolt|p2a: Sinistcha\n|-resisted|p2a: Sinistcha|1\n|-damage|p2a: Sinistcha|70/100\n|move|p2b: Archaludon|Draco Meteor|p1a: Rotom\n|-crit|p1a: Rotom\n|-damage|p1a: Rotom|0 fnt\n|-unboost|p2b: Archaludon|spa|2\n|faint|p1a: Rotom\n|\n|-weather|RainDance|[upkeep]\n|-heal|p2a: Sinistcha|76/100|[from] item: Leftovers\n|upkeep\n|\n|t:|1776117038\n|switch|p1a: Incineroar|Incineroar, L50, M|100/100\n|-ability|p1a: Incineroar|Intimidate|boost\n|-unboost|p2a: Sinistcha|atk|1\n|-unboost|p2b: Archaludon|atk|1\n|turn|4\n|\n|t:|1776117057\n|move|p2b: Archaludon|Protect|p2b: Archaludon\n|-singleturn|p2b: Archaludon|Protect\n|move|p1b: Garchomp|Earthquake|p2b: Archaludon|[spread] p1a,p2a\n|-activate|p2b: Archaludon|move: Protect\n|-supereffective|p1a: Incineroar|1\n|-resisted|p2a: Sinistcha|1\n|-damage|p1a: Incineroar|13/100\n|-damage|p2a: Sinistcha|61/100\n|-enditem|p1a: Incineroar|Sitrus Berry|[eat]\n|-heal|p1a: Incineroar|38/100|[from] item: Sitrus Berry\n|move|p2a: Sinistcha|Strength Sap|p1b: Garchomp\n|-unboost|p1b: Garchomp|atk|1\n|-heal|p2a: Sinistcha|100/100\n|move|p1a: Incineroar|Darkest Lariat|p2a: Sinistcha\n|-supereffective|p2a: Sinistcha|1\n|-damage|p2a: Sinistcha|40/100\n|\n|-weather|RainDance|[upkeep]\n|-heal|p2a: Sinistcha|46/100|[from] item: Leftovers\n|upkeep\n|turn|5\n|-message|faric forfeited.\n|\n|win|gk28\n|raw|faric's rating: 1159 &rarr; <strong>1132</strong><br />(-27 for losing)\n|raw|gk28's rating: 1134 &rarr; <strong>1161</strong><br />(+27 for winning)\n|l|\u2606gk28\n|player|p2|\n",
  "uploadtime": 1776117082,
  "views": 21,
  "formatid": "gen9championsvgc2026regma",
  "rating": 1132,
  "private": 0,
  "password": null
}