{
  "id": "gen9championsvgc2026regma-2587852760",
  "format": "[Gen 9 Champions] VGC 2026 Reg M-A",
  "players": [
    "TheNewMeliolizard",
    "DracoShower94"
  ],
  "log": "|j|\u2606TheNewMeliolizard\n|j|\u2606DracoShower94\n|t:|1776570766\n|gametype|doubles\n|player|p1|TheNewMeliolizard|larry|1515\n|player|p2|DracoShower94|iris-gen5bw2|1574\n|gen|9\n|tier|[Gen 9 Champions] VGC 2026 Reg M-A\n|rated|\n|rule|Species Clause: Limit one of each Pok\u00e9mon\n|rule|Item Clause: Limit 1 of each item\n|clearpoke\n|poke|p1|Aggron, L50, M, shiny|\n|poke|p1|Rotom-Wash, L50, shiny|\n|poke|p1|Sinistcha, L50, shiny|\n|poke|p1|Incineroar, L50, F, shiny|\n|poke|p1|Ninetales-Alola, L50, M, shiny|\n|poke|p1|Tyranitar, L50, F, shiny|\n|poke|p2|Tyranitar, L50, M|\n|poke|p2|Excadrill, L50, F|\n|poke|p2|Gallade, L50, M|\n|poke|p2|Volcarona, L50, F|\n|poke|p2|Milotic, L50, M|\n|poke|p2|Weavile, L50, M|\n|teampreview|4\n|inactive|Battle timer is ON: inactive players will automatically lose when time's up. (requested by DracoShower94)\n|inactive|TheNewMeliolizard has 60 seconds left.\n|\n|t:|1776570814\n|teamsize|p1|4\n|teamsize|p2|4\n|start\n|switch|p1a: Aggron|Aggron, L50, M, shiny|100/100\n|switch|p1b: Rotom|Rotom-Wash, L50, shiny|100/100\n|switch|p2a: Gallade|Gallade, L50, M|100/100\n|switch|p2b: Volcarona|Volcarona, L50, F|100/100\n|turn|1\n|\n|t:|1776570839\n|switch|p1a: Incineroar|Incineroar, L50, F, shiny|100/100\n|-ability|p1a: Incineroar|Intimidate|boost\n|-unboost|p2a: Gallade|atk|1\n|-unboost|p2b: Volcarona|atk|1\n|move|p2a: Gallade|Sacred Sword|p1b: Rotom\n|-damage|p1b: Rotom|56/100\n|move|p2b: Volcarona|Struggle Bug|p1a: Incineroar|[spread] p1a,p1b\n|-damage|p1a: Incineroar|89/100\n|-damage|p1b: Rotom|38/100\n|-unboost|p1a: Incineroar|spa|1\n|-unboost|p1b: Rotom|spa|1\n|move|p1b: Rotom|Hydro Pump|p2b: Volcarona\n|-supereffective|p2b: Volcarona|1\n|-damage|p2b: Volcarona|46/100\n|-enditem|p2b: Volcarona|Sitrus Berry|[eat]\n|-heal|p2b: Volcarona|71/100|[from] item: Sitrus Berry\n|\n|-heal|p1b: Rotom|44/100|[from] item: Leftovers\n|upkeep\n|turn|2\n|inactive|TheNewMeliolizard has 30 seconds left.\n|inactive|TheNewMeliolizard has 20 seconds left.\n|\n|t:|1776570874\n|switch|p2b: Milotic|Milotic, L50, M|100/100\n|move|p2a: Gallade|Sacred Sword|p1b: Rotom\n|-damage|p1b: Rotom|0 fnt\n|faint|p1b: Rotom\n|move|p1a: Incineroar|Flare Blitz|p2b: Milotic\n|-resisted|p2b: Milotic|1\n|-damage|p2b: Milotic|84/100\n|-damage|p1a: Incineroar|83/100|[from] Recoil\n|\n|-heal|p2b: Milotic|90/100|[from] item: Leftovers\n|upkeep\n|\n|t:|1776570879\n|switch|p1b: Aggron|Aggron, L50, M, shiny|100/100\n|turn|3\n|\n|t:|1776570889\n|switch|p2a: Volcarona|Volcarona, L50, F|71/100\n|detailschange|p1b: Aggron|Aggron-Mega, L50, M, shiny\n|-mega|p1b: Aggron|Aggron|Aggronite\n|move|p2b: Milotic|Scald|p1b: Aggron\n|-damage|p1b: Aggron|75/100\n|move|p1a: Incineroar|Parting Shot|p2a: Volcarona\n|-unboost|p2a: Volcarona|atk|1\n|-unboost|p2a: Volcarona|spa|1\n|\n|t:|1776570895\n|switch|p1a: Sinistcha|Sinistcha, L50, shiny|100/100|[from] Parting Shot\n|-heal|p1b: Aggron|99/100|[from] ability: Hospitality|[of] p1a: Sinistcha\n|move|p1b: Aggron|Iron Defense|p1b: Aggron\n|-boost|p1b: Aggron|def|2\n|\n|-heal|p2b: Milotic|96/100|[from] item: Leftovers\n|upkeep\n|turn|4\n|inactive|TheNewMeliolizard has 30 seconds left.\n|\n|t:|1776570922\n|move|p1b: Aggron|Protect|p1b: Aggron\n|-singleturn|p1b: Aggron|Protect\n|move|p2a: Volcarona|Heat Wave|p1a: Sinistcha|[spread] p1a\n|-activate|p1b: Aggron|move: Protect\n|-supereffective|p1a: Sinistcha|1\n|-damage|p1a: Sinistcha|53/100\n|move|p2b: Milotic|Icy Wind|p1a: Sinistcha|[spread] p1a\n|-activate|p1b: Aggron|move: Protect\n|-supereffective|p1a: Sinistcha|1\n|-damage|p1a: Sinistcha|30/100\n|-unboost|p1a: Sinistcha|spe|1\n|-enditem|p1a: Sinistcha|Sitrus Berry|[eat]\n|-heal|p1a: Sinistcha|54/100|[from] item: Sitrus Berry\n|move|p1a: Sinistcha|Trick Room|p1a: Sinistcha\n|-fieldstart|move: Trick Room|[of] p1a: Sinistcha\n|\n|-heal|p2b: Milotic|100/100|[from] item: Leftovers\n|upkeep\n|turn|5\n|\n|t:|1776570941\n|move|p2b: Milotic|Protect|p2b: Milotic\n|-singleturn|p2b: Milotic|Protect\n|move|p1a: Sinistcha|Shadow Ball|p2a: Volcarona\n|-damage|p2a: Volcarona|41/100\n|move|p1b: Aggron|Body Press|p2a: Volcarona\n|-resisted|p2a: Volcarona|1\n|-damage|p2a: Volcarona|0 fnt\n|faint|p2a: Volcarona\n|\n|upkeep\n|\n|t:|1776570952\n|switch|p2a: Excadrill|Excadrill, L50, F|100/100\n|turn|6\n|\n|t:|1776570958\n|move|p1a: Sinistcha|Matcha Gotcha|p2a: Excadrill|[spread] p2a,p2b\n|-supereffective|p2b: Milotic|1\n|-crit|p2b: Milotic\n|-damage|p2a: Excadrill|69/100\n|-heal|p1a: Sinistcha|71/100|[from] drain|[of] p2a: Excadrill\n|-damage|p2b: Milotic|44/100\n|-heal|p1a: Sinistcha|100/100|[from] drain|[of] p2b: Milotic\n|move|p1b: Aggron|Body Press|p2b: Milotic\n|-damage|p2b: Milotic|0 fnt\n|faint|p2b: Milotic\n|move|p2a: Excadrill|Iron Head|p1a: Sinistcha\n|-damage|p1a: Sinistcha|65/100\n|\n|upkeep\n|-message|DracoShower94 forfeited.\n|\n|win|TheNewMeliolizard\n|raw|TheNewMeliolizard's rating: 1515 &rarr; <strong>1538</strong><br />(+23 for winning)\n|raw|DracoShower94's rating: 1574 &rarr; <strong>1551</strong><br />(-23 for losing)\n|l|\u2606DracoShower94\n|player|p2|\n|l|\u2606TheNewMeliolizard\n|player|p1|\n",
  "uploadtime": 1776571059,
  "views": 19,
  "formatid": "gen9championsvgc2026regma",
  "rating": 1538,
  "private": 0,
  "password": null
}