{
  "id": "gen9championsvgc2026regma-2582969145",
  "format": "[Gen 9 Champions] VGC 2026 Reg M-A",
  "players": [
    "vervejl",
    "doodieray"
  ],
  "log": "|j|\u2606vervejl\n|j|\u2606doodieray\n|t:|1776129421\n|gametype|doubles\n|player|p1|vervejl|lucas|1112\n|player|p2|doodieray|170|1181\n|gen|9\n|tier|[Gen 9 Champions] VGC 2026 Reg M-A\n|rated|\n|rule|Species Clause: Limit one of each Pok\u00e9mon\n|rule|Item Clause: Limit 1 of each item\n|clearpoke\n|poke|p1|Garchomp, L50, F|\n|poke|p1|Talonflame, L50, F|\n|poke|p1|Altaria, L50, F|\n|poke|p1|Sinistcha, L50|\n|poke|p1|Rotom-Wash, L50|\n|poke|p1|Scizor, L50, M|\n|poke|p2|Crabominable, L50, F|\n|poke|p2|Farigiraf, L50, F|\n|poke|p2|Incineroar, L50, F|\n|poke|p2|Ninetales-Alola, L50, M|\n|poke|p2|Basculegion, L50, M|\n|poke|p2|Rotom-Frost, L50|\n|teampreview|4\n|inactive|Battle timer is ON: inactive players will automatically lose when time's up. (requested by doodieray)\n|inactive|vervejl has 60 seconds left.\n|inactive|doodieray has 60 seconds left.\n|inactive|vervejl has 30 seconds left.\n|inactive|doodieray has 30 seconds left.\n|\n|t:|1776129491\n|teamsize|p1|4\n|teamsize|p2|4\n|start\n|switch|p1a: Talonflame|Talonflame, L50, F|100/100\n|switch|p1b: Garchomp|Garchomp, L50, F|100/100\n|switch|p2a: Incineroar|Incineroar, L50, F|100/100\n|switch|p2b: Basculegion|Basculegion, L50, M|100/100\n|-ability|p2a: Incineroar|Intimidate|boost\n|-unboost|p1a: Talonflame|atk|1\n|-unboost|p1b: Garchomp|atk|1\n|-enditem|p1b: Garchomp|White Herb\n|-clearnegativeboost|p1b: Garchomp|[silent]\n|turn|1\n|inactive|doodieray has 30 seconds left.\n|\n|t:|1776129522\n|move|p1a: Talonflame|Protect|p1a: Talonflame\n|-singleturn|p1a: Talonflame|Protect\n|move|p1b: Garchomp|Protect|p1b: Garchomp\n|-singleturn|p1b: Garchomp|Protect\n|move|p2a: Incineroar|Fake Out|p1a: Talonflame\n|-activate|p1a: Talonflame|move: Protect\n|move|p2b: Basculegion|Wave Crash|p1b: Garchomp\n|-activate|p1b: Garchomp|move: Protect\n|\n|upkeep\n|turn|2\n|\n|t:|1776129543\n|switch|p2a: Ninetales|Ninetales-Alola, L50, M|100/100\n|-weather|Snowscape|[from] ability: Snow Warning|[of] p2a: Ninetales\n|move|p1a: Talonflame|Acrobatics|p2a: Ninetales\n|-damage|p2a: Ninetales|75/100\n|move|p2b: Basculegion|Wave Crash|p1a: Talonflame\n|-supereffective|p1a: Talonflame|1\n|-damage|p1a: Talonflame|0 fnt\n|faint|p1a: Talonflame\n|-damage|p2b: Basculegion|73/100|[from] Recoil\n|move|p1b: Garchomp|Earthquake|p2b: Basculegion|[spread] p2a,p2b\n|-damage|p2a: Ninetales|43/100\n|-damage|p2b: Basculegion|19/100\n|\n|-weather|Snowscape|[upkeep]\n|upkeep\n|\n|t:|1776129562\n|switch|p1a: Scizor|Scizor, L50, M|100/100\n|turn|3\n|\n|t:|1776129585\n|detailschange|p1a: Scizor|Scizor-Mega, L50, M\n|-mega|p1a: Scizor|Scizor|Scizorite\n|move|p2a: Ninetales|Protect|p2a: Ninetales\n|-singleturn|p2a: Ninetales|Protect\n|move|p1a: Scizor|Protect|p1a: Scizor\n|-singleturn|p1a: Scizor|Protect\n|move|p2b: Basculegion|Wave Crash|p1a: Scizor\n|-activate|p1a: Scizor|move: Protect\n|move|p1b: Garchomp|Earthquake|p2a: Ninetales|[spread] p2b\n|-activate|p1a: Scizor|move: Protect\n|-activate|p2a: Ninetales|move: Protect\n|-damage|p2b: Basculegion|0 fnt\n|faint|p2b: Basculegion\n|\n|-weather|Snowscape|[upkeep]\n|upkeep\n|\n|t:|1776129599\n|switch|p2b: Crabominable|Crabominable, L50, F, shiny|100/100\n|turn|4\n|\n|t:|1776129617\n|switch|p2a: Incineroar|Incineroar, L50, F|100/100\n|-ability|p2a: Incineroar|Intimidate|boost\n|-unboost|p1a: Scizor|atk|1\n|-unboost|p1b: Garchomp|atk|1\n|detailschange|p2b: Crabominable|Crabominable-Mega, L50, F, shiny\n|-mega|p2b: Crabominable|Crabominable|Crabominite\n|move|p1a: Scizor|Bullet Punch|p2b: Crabominable\n|-supereffective|p2b: Crabominable|1\n|-damage|p2b: Crabominable|74/100\n|move|p1b: Garchomp|Earthquake|p2a: Incineroar|[spread] p1a,p2a,p2b\n|-supereffective|p2a: Incineroar|1\n|-damage|p1a: Scizor|80/100\n|-damage|p2a: Incineroar|50/100\n|-damage|p2b: Crabominable|62/100\n|move|p2b: Crabominable|Drain Punch|p1a: Scizor\n|-crit|p1a: Scizor\n|-damage|p1a: Scizor|8/100\n|-heal|p2b: Crabominable|93/100|[from] drain|[of] p1a: Scizor\n|\n|-weather|Snowscape|[upkeep]\n|upkeep\n|turn|5\n|inactive|doodieray has 30 seconds left.\n|inactive|doodieray has 20 seconds left.\n|inactive|doodieray has 15 seconds left.\n|inactive|doodieray has 10 seconds left.\n|\n|t:|1776129663\n|switch|p1b: Sinistcha|Sinistcha, L50|100/100\n|-heal|p1a: Scizor|33/100|[from] ability: Hospitality|[of] p1b: Sinistcha\n|switch|p2a: Ninetales|Ninetales-Alola, L50, M|43/100\n|move|p1a: Scizor|Protect|p1a: Scizor\n|-singleturn|p1a: Scizor|Protect\n|move|p2b: Crabominable|Mach Punch|p1a: Scizor\n|-activate|p1a: Scizor|move: Protect\n|\n|-weather|Snowscape|[upkeep]\n|upkeep\n|turn|6\n|\n|t:|1776129686\n|switch|p1a: Garchomp|Garchomp, L50, F|100/100\n|move|p2a: Ninetales|Protect|p2a: Ninetales\n|-singleturn|p2a: Ninetales|Protect\n|move|p1b: Sinistcha|Protect|p1b: Sinistcha\n|-singleturn|p1b: Sinistcha|Protect\n|move|p2b: Crabominable|Ice Hammer|p1b: Sinistcha\n|-activate|p1b: Sinistcha|move: Protect\n|\n|-weather|none\n|upkeep\n|turn|7\n|inactive|doodieray has 30 seconds left.\n|inactive|doodieray has 20 seconds left.\n|\n|t:|1776129725\n|switch|p2a: Incineroar|Incineroar, L50, F|50/100\n|-ability|p2a: Incineroar|Intimidate|boost\n|-unboost|p1a: Garchomp|atk|1\n|-unboost|p1b: Sinistcha|atk|1\n|move|p1b: Sinistcha|Rage Powder|p1b: Sinistcha\n|-singleturn|p1b: Sinistcha|move: Rage Powder\n|move|p1a: Garchomp|Earthquake|p2b: Crabominable|[spread] p1b,p2a,p2b\n|-resisted|p1b: Sinistcha|1\n|-supereffective|p2a: Incineroar|1\n|-damage|p1b: Sinistcha|88/100\n|-damage|p2a: Incineroar|0 fnt\n|-damage|p2b: Crabominable|75/100\n|faint|p2a: Incineroar\n|move|p2b: Crabominable|Ice Hammer|p1b: Sinistcha\n|-supereffective|p1b: Sinistcha|1\n|-damage|p1b: Sinistcha|0 fnt\n|-unboost|p2b: Crabominable|spe|1\n|faint|p1b: Sinistcha\n|\n|upkeep\n|\n|t:|1776129749\n|switch|p2a: Ninetales|Ninetales-Alola, L50, M|43/100\n|switch|p1b: Scizor|Scizor-Mega, L50, M|33/100\n|-weather|Snowscape|[from] ability: Snow Warning|[of] p2a: Ninetales\n|turn|8\n|inactive|doodieray has 30 seconds left.\n|inactive|doodieray has 20 seconds left.\n|inactive|doodieray has 15 seconds left.\n|inactive|doodieray has 10 seconds left.\n|\n|t:|1776129798\n|move|p1b: Scizor|Bullet Punch|p2b: Crabominable\n|-supereffective|p2b: Crabominable|1\n|-damage|p2b: Crabominable|39/100\n|move|p2b: Crabominable|Mach Punch|p1b: Scizor\n|-damage|p1b: Scizor|8/100\n|move|p2a: Ninetales|Aurora Veil|p2a: Ninetales\n|-sidestart|p2: doodieray|move: Aurora Veil\n|move|p1a: Garchomp|Rock Slide|p2a: Ninetales|[spread] p2a,p2b\n|-supereffective|p2a: Ninetales|1\n|-damage|p2a: Ninetales|28/100\n|-damage|p2b: Crabominable|35/100\n|\n|-weather|Snowscape|[upkeep]\n|upkeep\n|turn|9\n|inactive|doodieray has 30 seconds left.\n|inactive|doodieray has 20 seconds left.\n|inactive|vervejl has 30 seconds left.\n|inactive|doodieray has 15 seconds left.\n|inactive|vervejl has 20 seconds left.\n|\n|t:|1776129851\n|move|p2a: Ninetales|Protect|p2a: Ninetales\n|-singleturn|p2a: Ninetales|Protect\n|move|p1b: Scizor|Bullet Punch|p2b: Crabominable\n|-supereffective|p2b: Crabominable|1\n|-damage|p2b: Crabominable|11/100\n|move|p1a: Garchomp|Earthquake|p2a: Ninetales|[spread] p1b,p2b\n|-activate|p2a: Ninetales|move: Protect\n|-damage|p1b: Scizor|0 fnt\n|-damage|p2b: Crabominable|3/100\n|faint|p1b: Scizor\n|move|p2b: Crabominable|Ice Hammer|p1a: Garchomp\n|-supereffective|p1a: Garchomp|2\n|-damage|p1a: Garchomp|0 fnt\n|-unboost|p2b: Crabominable|spe|1\n|-damage|p2b: Crabominable|0 fnt|[from] ability: Rough Skin|[of] p1a: Garchomp\n|faint|p1a: Garchomp\n|faint|p2b: Crabominable\n|\n|win|doodieray\n|raw|vervejl's rating: 1112 &rarr; <strong>1092</strong><br />(-20 for losing)\n|raw|doodieray's rating: 1181 &rarr; <strong>1201</strong><br />(+20 for winning)\n|c|\u2606vervejl|gg\n|l|\u2606vervejl\n|player|p1|\n|l|\u2606doodieray\n|player|p2|\n|j|\u2606doodieray\n|player|p2|doodieray|170|\n",
  "uploadtime": 1776129864,
  "views": 16,
  "formatid": "gen9championsvgc2026regma",
  "rating": 1092,
  "private": 0,
  "password": null
}