{
  "id": "gen9championsvgc2026regma-2582840562",
  "format": "[Gen 9 Champions] VGC 2026 Reg M-A",
  "players": [
    "froggypunch",
    "Jonyko"
  ],
  "log": "|j|\u2606froggypunch\n|j|\u2606Jonyko\n|t:|1776118209\n|gametype|doubles\n|player|p1|froggypunch|infielder|1029\n|player|p2|Jonyko|lucas-contest|1036\n|gen|9\n|tier|[Gen 9 Champions] VGC 2026 Reg M-A\n|rated|\n|rule|Species Clause: Limit one of each Pok\u00e9mon\n|rule|Item Clause: Limit 1 of each item\n|clearpoke\n|poke|p1|Kingambit, L50, F|\n|poke|p1|Diggersby, L50, M|\n|poke|p1|Banette, L50, F|\n|poke|p1|Rotom-Wash, L50|\n|poke|p1|Meganium, L50, M|\n|poke|p1|Talonflame, L50, M|\n|poke|p2|Charizard, L50, M|\n|poke|p2|Tyranitar, L50, F|\n|poke|p2|Milotic, L50, M|\n|poke|p2|Aegislash, L50, M|\n|poke|p2|Glimmora, L50, F|\n|poke|p2|Hydrapple, L50, M|\n|teampreview|4\n|\n|t:|1776118220\n|teamsize|p1|4\n|teamsize|p2|4\n|start\n|switch|p1a: Banette|Banette, L50, F|100/100\n|switch|p1b: Rotom|Rotom-Wash, L50|100/100\n|switch|p2a: Hydrapple|Hydrapple, L50, M|100/100\n|switch|p2b: Milotic|Milotic, L50, M|100/100\n|turn|1\n|\n|t:|1776118233\n|move|p1a: Banette|Will-O-Wisp|p2a: Hydrapple\n|-status|p2a: Hydrapple|brn\n|move|p2b: Milotic|Scald|p1a: Banette\n|-damage|p1a: Banette|49/100\n|move|p1b: Rotom|Volt Switch|p2b: Milotic\n|-supereffective|p2b: Milotic|1\n|-damage|p2b: Milotic|65/100\n|\n|t:|1776118246\n|switch|p1b: Meganium|Meganium, L50, M|100/100|[from] Volt Switch\n|move|p2a: Hydrapple|Giga Drain|p1b: Meganium\n|-resisted|p1b: Meganium|1\n|-damage|p1b: Meganium|76/100\n|\n|-damage|p2a: Hydrapple|94/100 brn|[from] brn\n|upkeep\n|turn|2\n|\n|t:|1776118258\n|switch|p2a: Charizard|Charizard, L50, M|100/100\n|detailschange|p1b: Meganium|Meganium-Mega, L50, M\n|-mega|p1b: Meganium|Meganium|Meganiumite\n|move|p1a: Banette|Destiny Bond|p1a: Banette\n|-singlemove|p1a: Banette|Destiny Bond\n|move|p2b: Milotic|Icy Wind|p1a: Banette|[spread] p1a,p1b\n|-supereffective|p1b: Meganium|1\n|-damage|p1a: Banette|31/100\n|-damage|p1b: Meganium|59/100\n|-unboost|p1a: Banette|spe|1\n|-unboost|p1b: Meganium|spe|1\n|-start|p2b: Milotic|Disable|Icy Wind|[from] ability: Cursed Body|[of] p1a: Banette\n|move|p1b: Meganium|Solar Beam||[still]\n|-prepare|p1b: Meganium|Solar Beam\n|-activate|p1b: Meganium|ability: Mega Sol\n|-anim|p1b: Meganium|Solar Beam|p2b: Milotic\n|-supereffective|p2b: Milotic|1\n|-damage|p2b: Milotic|0 fnt\n|faint|p2b: Milotic\n|\n|upkeep\n|\n|t:|1776118280\n|switch|p2b: Hydrapple|Hydrapple, L50, M|100/100 brn\n|turn|3\n|\n|t:|1776118290\n|detailschange|p2a: Charizard|Charizard-Mega-X, L50, M\n|-mega|p2a: Charizard|Charizard|Charizardite X\n|move|p1a: Banette|Sucker Punch|p2b: Hydrapple\n|-damage|p2b: Hydrapple|82/100 brn\n|move|p2a: Charizard|Flare Blitz|p1b: Meganium\n|-supereffective|p1b: Meganium|1\n|-damage|p1b: Meganium|0 fnt\n|faint|p1b: Meganium\n|-damage|p2a: Charizard|81/100|[from] Recoil\n|move|p2b: Hydrapple|Earth Power|p1a: Banette\n|-damage|p1a: Banette|0 fnt\n|faint|p1a: Banette\n|\n|-damage|p2b: Hydrapple|75/100 brn|[from] brn\n|upkeep\n|\n|t:|1776118303\n|switch|p1a: Talonflame|Talonflame, L50, M|100/100\n|switch|p1b: Rotom|Rotom-Wash, L50|100/100\n|turn|4\n|\n|t:|1776118325\n|move|p2b: Hydrapple|Protect|p2b: Hydrapple\n|-singleturn|p2b: Hydrapple|Protect\n|move|p1a: Talonflame|Brave Bird|p2b: Hydrapple\n|-activate|p2b: Hydrapple|move: Protect\n|move|p2a: Charizard|Flare Blitz|p1a: Talonflame\n|-resisted|p1a: Talonflame|1\n|-damage|p1a: Talonflame|51/100\n|-damage|p2a: Charizard|67/100|[from] Recoil\n|move|p1b: Rotom|Hydro Pump|p2a: Charizard\n|-damage|p2a: Charizard|20/100\n|\n|-damage|p2b: Hydrapple|69/100 brn|[from] brn\n|upkeep\n|turn|5\n|\n|t:|1776118347\n|switch|p2b: Tyranitar|Tyranitar, L50, F|100/100\n|-weather|Sandstorm|[from] ability: Sand Stream|[of] p2b: Tyranitar\n|move|p1a: Talonflame|Brave Bird|p2b: Tyranitar\n|-resisted|p2b: Tyranitar|1\n|-damage|p2b: Tyranitar|71/100\n|-damage|p1a: Talonflame|40/100|[from] Recoil\n|move|p2a: Charizard|Flare Blitz|p1a: Talonflame\n|-resisted|p1a: Talonflame|1\n|-damage|p1a: Talonflame|0 fnt\n|faint|p1a: Talonflame\n|-damage|p2a: Charizard|9/100|[from] Recoil\n|move|p1b: Rotom|Hydro Pump|p2a: Charizard\n|-damage|p2a: Charizard|0 fnt\n|faint|p2a: Charizard\n|\n|-weather|Sandstorm|[upkeep]\n|-damage|p1b: Rotom|95/100|[from] Sandstorm\n|-heal|p1b: Rotom|100/100|[from] item: Leftovers\n|upkeep\n|\n|t:|1776118349\n|switch|p2a: Hydrapple|Hydrapple, L50, M|100/100 brn\n|turn|6\n|-message|froggypunch forfeited.\n|\n|win|Jonyko\n|raw|froggypunch's rating: 1029 &rarr; <strong>1015</strong><br />(-14 for losing)\n|raw|Jonyko's rating: 1036 &rarr; <strong>1070</strong><br />(+34 for winning)\n|l|\u2606froggypunch\n|player|p1|\n",
  "uploadtime": 1776118372,
  "views": 17,
  "formatid": "gen9championsvgc2026regma",
  "rating": 1015,
  "private": 0,
  "password": null
}