{
  "id": "gen9championsvgc2026regma-2588126791",
  "format": "[Gen 9 Champions] VGC 2026 Reg M-A",
  "players": [
    "NoProblemAgency",
    "primalogrepon786"
  ],
  "log": "|j|\u203dNoProblemAgency\n|j|\u2606primalogrepon786\n|t:|1776607109\n|gametype|doubles\n|player|p1|NoProblemAgency|red|1227\n|player|p2|primalogrepon786|hilda|1178\n|gen|9\n|tier|[Gen 9 Champions] VGC 2026 Reg M-A\n|rated|\n|rule|Species Clause: Limit one of each Pok\u00e9mon\n|rule|Item Clause: Limit 1 of each item\n|clearpoke\n|poke|p1|Gengar, L50, F|\n|poke|p1|Incineroar, L50, F|\n|poke|p1|Kommo-o, L50, F|\n|poke|p1|Basculegion, L50, M|\n|poke|p1|Maushold, L50|\n|poke|p1|Rotom-Wash, L50|\n|poke|p2|Gardevoir, L50, F|\n|poke|p2|Incineroar, L50, M|\n|poke|p2|Rotom-Wash, L50|\n|poke|p2|Farigiraf, L50, F|\n|poke|p2|Altaria, L50, M|\n|poke|p2|Maushold-Four, L50, shiny|\n|teampreview|4\n|inactive|Battle timer is ON: inactive players will automatically lose when time's up. (requested by NoProblemAgency)\n|\n|t:|1776607164\n|teamsize|p1|4\n|teamsize|p2|4\n|start\n|switch|p1a: Basculegion|Basculegion, L50, M|100/100\n|switch|p1b: Gengar|Gengar, L50, F|100/100\n|switch|p2a: Incineroar|Incineroar, L50, M|100/100\n|switch|p2b: Maushold|Maushold-Four, L50, shiny|100/100\n|-ability|p2a: Incineroar|Intimidate|boost\n|-unboost|p1a: Basculegion|atk|1\n|-unboost|p1b: Gengar|atk|1\n|turn|1\n|inactive|primalogrepon786 has 30 seconds left.\n|\n|t:|1776607191\n|switch|p1b: Incineroar|Incineroar, L50, F|100/100\n|-ability|p1b: Incineroar|Intimidate|boost\n|-unboost|p2a: Incineroar|atk|1\n|-unboost|p2b: Maushold|atk|1\n|move|p2b: Maushold|Follow Me|p2b: Maushold\n|-singleturn|p2b: Maushold|move: Follow Me\n|move|p1a: Basculegion|Flip Turn|p2b: Maushold\n|-damage|p2b: Maushold|72/100\n|\n|t:|1776607200\n|switch|p1a: Maushold|Maushold, L50|100/100|[from] Flip Turn\n|move|p2a: Incineroar|Darkest Lariat|p1b: Incineroar\n|-resisted|p1b: Incineroar|1\n|-damage|p1b: Incineroar|91/100\n|\n|-heal|p2b: Maushold|77/100|[from] item: Leftovers\n|upkeep\n|turn|2\n|inactive|primalogrepon786 has 30 seconds left.\n|\n|t:|1776607227\n|switch|p2a: Gardevoir|Gardevoir, L50, F|100/100\n|move|p1a: Maushold|Super Fang|p2b: Maushold|[miss]\n|-miss|p1a: Maushold|p2b: Maushold\n|move|p2b: Maushold|Fake Tears|p1b: Incineroar\n|-unboost|p1b: Incineroar|spd|2\n|move|p1b: Incineroar|Throat Chop|p2b: Maushold\n|-damage|p2b: Maushold|39/100\n|-start|p2b: Maushold|Throat Chop|[silent]\n|\n|-heal|p2b: Maushold|45/100|[from] item: Leftovers\n|upkeep\n|turn|3\n|inactive|NoProblemAgency has 30 seconds left.\n|\n|t:|1776607254\n|switch|p1b: Basculegion|Basculegion, L50, M|100/100\n|detailschange|p2a: Gardevoir|Gardevoir-Mega, L50, F\n|-mega|p2a: Gardevoir|Gardevoir|Gardevoirite\n|move|p1a: Maushold|Super Fang|p2a: Gardevoir\n|-damage|p2a: Gardevoir|50/100\n|move|p2b: Maushold|Fake Tears|p1a: Maushold\n|-unboost|p1a: Maushold|spd|2\n|move|p2a: Gardevoir|Hyper Voice|p1b: Basculegion|[spread] p1a,p1b\n|-enditem|p1a: Maushold|Focus Sash\n|-damage|p1a: Maushold|1/100\n|-damage|p1b: Basculegion|57/100\n|\n|-heal|p2b: Maushold|50/100|[from] item: Leftovers\n|-end|p2b: Maushold|Throat Chop|[silent]\n|upkeep\n|turn|4\n|inactive|primalogrepon786 has 30 seconds left.\n|inactive|primalogrepon786 has 20 seconds left.\n|inactive|primalogrepon786 has 15 seconds left.\n|inactive|primalogrepon786 has 10 seconds left.\n|\n|t:|1776607304\n|move|p2b: Maushold|Follow Me|p2b: Maushold\n|-singleturn|p2b: Maushold|move: Follow Me\n|move|p1b: Basculegion|Flip Turn|p2b: Maushold\n|-damage|p2b: Maushold|6/100\n|\n|t:|1776607317\n|switch|p1b: Gengar|Gengar, L50, F|100/100|[from] Flip Turn\n|move|p1a: Maushold|Super Fang|p2b: Maushold\n|-damage|p2b: Maushold|4/100\n|move|p2a: Gardevoir|Hyper Voice|p1a: Maushold|[spread] p1a,p1b\n|-resisted|p1b: Gengar|1\n|-damage|p1a: Maushold|0 fnt\n|-damage|p1b: Gengar|70/100\n|faint|p1a: Maushold\n|\n|-heal|p2b: Maushold|9/100|[from] item: Leftovers\n|upkeep\n|\n|t:|1776607327\n|switch|p1a: Basculegion|Basculegion, L50, M|57/100\n|turn|5\n|\n|t:|1776607351\n|switch|p2b: Rotom|Rotom-Wash, L50|100/100\n|switch|p2a: Incineroar|Incineroar, L50, M|100/100\n|-ability|p2a: Incineroar|Intimidate|boost\n|-unboost|p1a: Basculegion|atk|1\n|-unboost|p1b: Gengar|atk|1\n|detailschange|p1b: Gengar|Gengar-Mega, L50, F\n|-mega|p1b: Gengar|Gengar|Gengarite\n|move|p1a: Basculegion|Flip Turn|p2b: Rotom\n|-resisted|p2b: Rotom|1\n|-crit|p2b: Rotom\n|-damage|p2b: Rotom|66/100\n|\n|t:|1776607363\n|switch|p1a: Incineroar|Incineroar, L50, F|91/100|[from] Flip Turn\n|-ability|p1a: Incineroar|Intimidate|boost\n|-unboost|p2a: Incineroar|atk|1\n|-unboost|p2b: Rotom|atk|1\n|move|p1b: Gengar|Sludge Bomb|p2a: Incineroar\n|-damage|p2a: Incineroar|53/100\n|\n|upkeep\n|turn|6\n|inactive|primalogrepon786 has 30 seconds left.\n|\n|t:|1776607394\n|move|p2b: Rotom|Protect|p2b: Rotom\n|-singleturn|p2b: Rotom|Protect\n|move|p1a: Incineroar|Fake Out|p2a: Incineroar\n|-damage|p2a: Incineroar|43/100\n|-enditem|p2a: Incineroar|Sitrus Berry|[eat]\n|-heal|p2a: Incineroar|68/100|[from] item: Sitrus Berry\n|move|p1b: Gengar|Sludge Bomb|p2b: Rotom\n|-activate|p2b: Rotom|move: Protect\n|cant|p2a: Incineroar|flinch\n|\n|upkeep\n|turn|7\n|inactive|primalogrepon786 has 30 seconds left.\n|inactive|NoProblemAgency has 30 seconds left.\n|\n|t:|1776607430\n|move|p1b: Gengar|Protect|p1b: Gengar\n|-singleturn|p1b: Gengar|Protect\n|move|p2b: Rotom|Electroweb|p1b: Gengar|[spread] p1a\n|-activate|p1b: Gengar|move: Protect\n|-damage|p1a: Incineroar|71/100\n|-unboost|p1a: Incineroar|spe|1\n|move|p2a: Incineroar|Darkest Lariat|p1b: Gengar\n|-activate|p1b: Gengar|move: Protect\n|move|p1a: Incineroar|Parting Shot|p2a: Incineroar\n|-unboost|p2a: Incineroar|atk|1\n|-unboost|p2a: Incineroar|spa|1\n|\n|t:|1776607444\n|switch|p1a: Basculegion|Basculegion, L50, M|57/100|[from] Parting Shot\n|\n|upkeep\n|turn|8\n|\n|t:|1776607467\n|move|p1a: Basculegion|Wave Crash|p2a: Incineroar\n|-supereffective|p2a: Incineroar|1\n|-damage|p2a: Incineroar|0 fnt\n|faint|p2a: Incineroar\n|-damage|p1a: Basculegion|35/100|[from] Recoil\n|move|p1b: Gengar|Sludge Bomb|p2b: Rotom\n|-damage|p2b: Rotom|0 fnt\n|faint|p2b: Rotom\n|\n|upkeep\n|\n|t:|1776607478\n|switch|p2b: Maushold|Maushold-Four, L50, shiny|9/100\n|switch|p2a: Gardevoir|Gardevoir-Mega, L50, F|50/100\n|turn|9\n|\n|t:|1776607489\n|move|p2b: Maushold|Follow Me|p2b: Maushold\n|-singleturn|p2b: Maushold|move: Follow Me\n|move|p1a: Basculegion|Wave Crash|p2b: Maushold\n|-damage|p2b: Maushold|0 fnt\n|faint|p2b: Maushold\n|-damage|p1a: Basculegion|33/100|[from] Recoil\n|move|p1b: Gengar|Sludge Bomb|p2a: Gardevoir\n|-supereffective|p2a: Gardevoir|1\n|-damage|p2a: Gardevoir|0 fnt\n|faint|p2a: Gardevoir\n|\n|win|NoProblemAgency\n|raw|NoProblemAgency's rating: 1227 &rarr; <strong>1248</strong><br />(+21 for winning)\n|raw|primalogrepon786's rating: 1178 &rarr; <strong>1157</strong><br />(-21 for losing)\n",
  "uploadtime": 1776607496,
  "views": 8,
  "formatid": "gen9championsvgc2026regma",
  "rating": 1157,
  "private": 0,
  "password": null
}