{
  "id": "gen9championsvgc2026regma-2583844771",
  "format": "[Gen 9 Champions] VGC 2026 Reg M-A",
  "players": [
    "salent",
    "DES390"
  ],
  "log": "|j|\u2606salent\n|j|\u2606DES390\n|t:|1776202160\n|gametype|doubles\n|player|p1|salent|roughneck-gen4|1049\n|player|p2|DES390|101|1088\n|gen|9\n|tier|[Gen 9 Champions] VGC 2026 Reg M-A\n|rated|\n|rule|Species Clause: Limit one of each Pok\u00e9mon\n|rule|Item Clause: Limit 1 of each item\n|clearpoke\n|poke|p1|Floette-Eternal, L50, F|\n|poke|p1|Torkoal, L50, F|\n|poke|p1|Venusaur, L50, F|\n|poke|p1|Incineroar, L50, M|\n|poke|p1|Farigiraf, L50, M|\n|poke|p1|Whimsicott, L50, M|\n|poke|p2|Lopunny, L50, F|\n|poke|p2|Dragapult, L50, M|\n|poke|p2|Basculegion, L50, M|\n|poke|p2|Whimsicott, L50, M|\n|poke|p2|Orthworm, L50, F|\n|poke|p2|Tyranitar, L50, M|\n|teampreview|4\nDES390 rejected open team sheets.\n|\n|t:|1776202185\n|teamsize|p1|4\n|teamsize|p2|4\n|start\n|switch|p1a: Torkoal|Torkoal, L50, F|100/100\n|switch|p1b: Whimsicott|Whimsicott, L50, M|100/100\n|switch|p2a: Dragapult|Dragapult, L50, M|100/100\n|switch|p2b: Basculegion|Basculegion, L50, M|100/100\n|-weather|SunnyDay|[from] ability: Drought|[of] p1a: Torkoal\n|turn|1\n|inactive|Battle timer is ON: inactive players will automatically lose when time's up. (requested by salent)\n|\n|t:|1776202202\n|switch|p2b: Tyranitar|Tyranitar, L50, M|100/100\n|-weather|Sandstorm|[from] ability: Sand Stream|[of] p2b: Tyranitar\n|switch|p1a: Venusaur|Venusaur, L50, F|100/100\n|move|p1b: Whimsicott|Tailwind|p1b: Whimsicott\n|-sidestart|p1: salent|move: Tailwind\n|move|p2a: Dragapult|Steel Wing|p1b: Whimsicott\n|-supereffective|p1b: Whimsicott|1\n|-damage|p1b: Whimsicott|32/100\n|\n|-weather|Sandstorm|[upkeep]\n|-damage|p1b: Whimsicott|26/100|[from] Sandstorm\n|-damage|p1a: Venusaur|95/100|[from] Sandstorm\n|-damage|p2a: Dragapult|94/100|[from] Sandstorm\n|-heal|p1a: Venusaur|100/100|[from] item: Leftovers\n|upkeep\n|turn|2\n|inactive|DES390 has 30 seconds left.\n|\n|t:|1776202231\n|move|p1b: Whimsicott|Moonblast|p2a: Dragapult\n|-supereffective|p2a: Dragapult|1\n|-damage|p2a: Dragapult|6/100\n|move|p1a: Venusaur|Giga Drain|p2b: Tyranitar\n|-supereffective|p2b: Tyranitar|1\n|-damage|p2b: Tyranitar|63/100\n|move|p2a: Dragapult|Steel Wing|p1b: Whimsicott\n|-supereffective|p1b: Whimsicott|1\n|-damage|p1b: Whimsicott|0 fnt\n|faint|p1b: Whimsicott\n|move|p2b: Tyranitar|Dragon Tail|p1a: Venusaur\n|-damage|p1a: Venusaur|71/100\n|drag|p1a: Floette|Floette-Eternal, L50, F|100/100\n|\n|-weather|Sandstorm|[upkeep]\n|-damage|p1a: Floette|94/100|[from] Sandstorm\n|-damage|p2a: Dragapult|0 fnt|[from] Sandstorm\n|faint|p2a: Dragapult\n|upkeep\n|\n|t:|1776202252\n|switch|p2a: Lopunny|Lopunny, L50, F, shiny|100/100\n|switch|p1b: Venusaur|Venusaur, L50, F|71/100\n|turn|3\n|\n|t:|1776202269\n|detailschange|p1a: Floette|Floette-Mega, L50, F\n|-mega|p1a: Floette|Floette|Floettite\n|-ability|p1a: Floette|Fairy Aura\n|detailschange|p2a: Lopunny|Lopunny-Mega, L50, F, shiny\n|-mega|p2a: Lopunny|Lopunny|Lopunnite\n|move|p1b: Venusaur|Giga Drain|p2b: Tyranitar\n|-supereffective|p2b: Tyranitar|1\n|-damage|p2b: Tyranitar|24/100\n|-heal|p1b: Venusaur|96/100|[from] drain|[of] p2b: Tyranitar\n|move|p1a: Floette|Substitute|p1a: Floette\n|-start|p1a: Floette|Substitute\n|-damage|p1a: Floette|70/100\n|move|p2a: Lopunny|U-turn|p1b: Venusaur\n|-damage|p1b: Venusaur|63/100\n|\n|t:|1776202281\n|switch|p2a: Basculegion|Basculegion, L50, M|100/100|[from] U-turn\n|move|p2b: Tyranitar|Rock Slide|p1b: Venusaur|[spread] p1a,p1b\n|-end|p1a: Floette|Substitute\n|-damage|p1b: Venusaur|20/100\n|\n|-weather|Sandstorm|[upkeep]\n|-damage|p1b: Venusaur|15/100|[from] Sandstorm\n|-damage|p1a: Floette|63/100|[from] Sandstorm\n|-damage|p2a: Basculegion|94/100|[from] Sandstorm\n|-heal|p1b: Venusaur|20/100|[from] item: Leftovers\n|upkeep\n|turn|4\n|\n|t:|1776202300\n|move|p1b: Venusaur|Protect|p1b: Venusaur\n|-singleturn|p1b: Venusaur|Protect\n|move|p1a: Floette|Substitute|p1a: Floette\n|-start|p1a: Floette|Substitute\n|-damage|p1a: Floette|39/100\n|move|p2a: Basculegion|Last Respects|p1a: Floette\n|-end|p1a: Floette|Substitute\n|move|p2b: Tyranitar|Rock Slide|p1b: Venusaur|[spread] p1a\n|-activate|p1b: Venusaur|move: Protect\n|-damage|p1a: Floette|5/100\n|\n|-weather|Sandstorm|[upkeep]\n|-damage|p1b: Venusaur|15/100|[from] Sandstorm\n|-damage|p1a: Floette|0 fnt|[from] Sandstorm\n|-damage|p2a: Basculegion|88/100|[from] Sandstorm\n|faint|p1a: Floette\n|-heal|p1b: Venusaur|20/100|[from] item: Leftovers\n|-sideend|p1: salent|move: Tailwind\n|upkeep\n|\n|t:|1776202324\n|switch|p1a: Torkoal|Torkoal, L50, F|100/100\n|-weather|SunnyDay|[from] ability: Drought|[of] p1a: Torkoal\n|turn|5\n|\n|t:|1776202343\n|switch|p2b: Lopunny|Lopunny-Mega, L50, F, shiny|100/100\n|move|p1b: Venusaur|Giga Drain|p2a: Basculegion\n|-supereffective|p2a: Basculegion|1\n|-damage|p2a: Basculegion|6/100\n|-heal|p1b: Venusaur|72/100|[from] drain|[of] p2a: Basculegion\n|move|p2a: Basculegion|Last Respects|p1b: Venusaur\n|-damage|p1b: Venusaur|0 fnt\n|faint|p1b: Venusaur\n|move|p1a: Torkoal|Eruption|p2a: Basculegion|[spread] p2a,p2b\n|-resisted|p2a: Basculegion|1\n|-damage|p2a: Basculegion|0 fnt\n|-damage|p2b: Lopunny|0 fnt\n|faint|p2a: Basculegion\n|faint|p2b: Lopunny\n|\n|-weather|SunnyDay|[upkeep]\n|upkeep\n|\n|t:|1776202357\n|switch|p2b: Tyranitar|Tyranitar, L50, M|24/100\n|-weather|Sandstorm|[from] ability: Sand Stream|[of] p2b: Tyranitar\n|turn|6\n|\n|t:|1776202378\n|move|p2b: Tyranitar|Rock Slide|p1a: Torkoal\n|-supereffective|p1a: Torkoal|1\n|-damage|p1a: Torkoal|36/100\n|cant|p1a: Torkoal|flinch\n|\n|-weather|Sandstorm|[upkeep]\n|-damage|p1a: Torkoal|30/100|[from] Sandstorm\n|upkeep\n|turn|7\n|\n|t:|1776202391\n|move|p2b: Tyranitar|Rock Slide|p1a: Torkoal|[miss]\n|-miss|p2b: Tyranitar|p1a: Torkoal\n|move|p1a: Torkoal|Eruption|p2b: Tyranitar\n|-resisted|p2b: Tyranitar|1\n|-damage|p2b: Tyranitar|18/100\n|\n|-weather|Sandstorm|[upkeep]\n|-damage|p1a: Torkoal|24/100|[from] Sandstorm\n|upkeep\n|turn|8\n|\n|t:|1776202402\n|move|p2b: Tyranitar|Low Kick|p1a: Torkoal\n|-damage|p1a: Torkoal|0 fnt\n|faint|p1a: Torkoal\n|\n|win|DES390\n|raw|salent's rating: 1049 &rarr; <strong>1034</strong><br />(-15 for losing)\n|raw|DES390's rating: 1088 &rarr; <strong>1112</strong><br />(+24 for winning)\n",
  "uploadtime": 1776202411,
  "views": 14,
  "formatid": "gen9championsvgc2026regma",
  "rating": 1034,
  "private": 0,
  "password": null
}