{
  "id": "gen9championsvgc2026regma-2583761236",
  "format": "[Gen 9 Champions] VGC 2026 Reg M-A",
  "players": [
    "Kirbo5500",
    "Gentleman_ross"
  ],
  "log": "|j|\u2606Kirbo5500\n|j|\u2606Gentleman_ross\n|t:|1776195915\n|gametype|doubles\n|player|p1|Kirbo5500|2|1097\n|player|p2|Gentleman_ross|gentleman-gen4|1089\n|gen|9\n|tier|[Gen 9 Champions] VGC 2026 Reg M-A\n|rated|\n|rule|Species Clause: Limit one of each Pok\u00e9mon\n|rule|Item Clause: Limit 1 of each item\n|clearpoke\n|poke|p1|Meganium, L50, F|\n|poke|p1|Primarina, L50, F|\n|poke|p1|Incineroar, L50, M|\n|poke|p1|Hawlucha, L50, M|\n|poke|p1|Garchomp, L50, M|\n|poke|p1|Vivillon-Sun, L50, F|\n|poke|p2|Sinistcha-Masterpiece, L50|\n|poke|p2|Floette-Eternal, L50, F|\n|poke|p2|Basculegion, L50, M|\n|poke|p2|Politoed, L50, M|\n|poke|p2|Starmie, L50|\n|poke|p2|Corviknight, L50, F|\n|teampreview|4\n|inactive|Battle timer is ON: inactive players will automatically lose when time's up. (requested by Gentleman_ross)\n|inactive|Gentleman_ross has 60 seconds left.\nGentleman_ross rejected open team sheets.\n|\n|t:|1776195974\n|teamsize|p1|4\n|teamsize|p2|4\n|start\n|switch|p1a: Vivillon|Vivillon-Sun, L50, F|100/100\n|switch|p1b: Meganium|Meganium, L50, F|100/100\n|switch|p2a: Politoed|Politoed, L50, M|100/100\n|switch|p2b: Corviknight|Corviknight, L50, F|100/100\n|-weather|RainDance|[from] ability: Drizzle|[of] p2a: Politoed\n|turn|1\n|inactive|Gentleman_ross has 30 seconds left.\n|\n|t:|1776196005\n|detailschange|p1b: Meganium|Meganium-Mega, L50, F\n|-mega|p1b: Meganium|Meganium|Meganiumite\n|move|p1a: Vivillon|Sleep Powder|p2b: Corviknight\n|-status|p2b: Corviknight|slp|[from] move: Sleep Powder\n|move|p1b: Meganium|Solar Beam||[still]\n|-prepare|p1b: Meganium|Solar Beam\n|-activate|p1b: Meganium|ability: Mega Sol\n|-anim|p1b: Meganium|Solar Beam|p2a: Politoed\n|-supereffective|p2a: Politoed|1\n|-damage|p2a: Politoed|0 fnt\n|faint|p2a: Politoed\n|cant|p2b: Corviknight|slp\n|\n|-weather|RainDance|[upkeep]\n|upkeep\n|\n|t:|1776196018\n|switch|p2a: Floette|Floette-Eternal, L50, F|100/100\n|turn|2\n|inactive|Gentleman_ross has 30 seconds left.\n|\n|t:|1776196043\n|detailschange|p2a: Floette|Floette-Mega, L50, F\n|-mega|p2a: Floette|Floette|Floettite\n|-ability|p2a: Floette|Fairy Aura\n|move|p1a: Vivillon|Sleep Powder|p2a: Floette\n|-status|p2a: Floette|slp|[from] move: Sleep Powder\n|cant|p2a: Floette|slp\n|move|p1b: Meganium|Solar Beam||[still]\n|-prepare|p1b: Meganium|Solar Beam\n|-activate|p1b: Meganium|ability: Mega Sol\n|-anim|p1b: Meganium|Solar Beam|p2a: Floette\n|-damage|p2a: Floette|48/100 slp\n|cant|p2b: Corviknight|slp\n|\n|-weather|RainDance|[upkeep]\n|upkeep\n|turn|3\n|\n|t:|1776196061\n|move|p1a: Vivillon|Tailwind|p1a: Vivillon\n|-sidestart|p1: Kirbo5500|move: Tailwind\n|move|p1b: Meganium|Solar Beam||[still]\n|-prepare|p1b: Meganium|Solar Beam\n|-activate|p1b: Meganium|ability: Mega Sol\n|-anim|p1b: Meganium|Solar Beam|p2a: Floette\n|-damage|p2a: Floette|0 fnt\n|faint|p2a: Floette\n|-curestatus|p2b: Corviknight|slp|[msg]\n|move|p2b: Corviknight|Iron Defense|p2b: Corviknight\n|-boost|p2b: Corviknight|def|2\n|\n|-weather|RainDance|[upkeep]\n|upkeep\n|\n|t:|1776196073\n|switch|p2a: Sinistcha|Sinistcha-Masterpiece, L50|100/100\n|turn|4\n|\n|t:|1776196080\n|move|p2a: Sinistcha|Rage Powder|p2a: Sinistcha\n|-singleturn|p2a: Sinistcha|move: Rage Powder\n|move|p1a: Vivillon|Hurricane|p2a: Sinistcha\n|-supereffective|p2a: Sinistcha|1\n|-damage|p2a: Sinistcha|6/100\n|-start|p2a: Sinistcha|confusion\n|move|p1b: Meganium|Solar Beam||[still]\n|-prepare|p1b: Meganium|Solar Beam\n|-activate|p1b: Meganium|ability: Mega Sol\n|-anim|p1b: Meganium|Solar Beam|p2b: Corviknight\n|-resisted|p2b: Corviknight|2\n|-damage|p2b: Corviknight|84/100\n|move|p2b: Corviknight|Iron Head|p1b: Meganium\n|-supereffective|p1b: Meganium|1\n|-damage|p1b: Meganium|39/100\n|\n|-weather|RainDance|[upkeep]\n|-heal|p2a: Sinistcha|12/100|[from] item: Leftovers\n|upkeep\n|turn|5\n|\n|t:|1776196101\n|move|p1a: Vivillon|Pollen Puff|p2a: Sinistcha\n|-damage|p2a: Sinistcha|0 fnt\n|faint|p2a: Sinistcha\n|move|p1b: Meganium|Synthesis|p1b: Meganium\n|-heal|p1b: Meganium|100/100\n|move|p2b: Corviknight|Iron Head|p1b: Meganium\n|-supereffective|p1b: Meganium|1\n|-damage|p1b: Meganium|38/100\n|\n|-weather|none\n|upkeep\n|turn|6\n|\n|t:|1776196114\n|move|p1a: Vivillon|Pollen Puff|p1b: Meganium\n|-heal|p1b: Meganium|88/100\n|move|p1b: Meganium|Weather Ball|p2b: Corviknight\n|-supereffective|p2b: Corviknight|1\n|-damage|p2b: Corviknight|0 fnt\n|faint|p2b: Corviknight\n|\n|win|Kirbo5500\n|raw|Kirbo5500's rating: 1097 &rarr; <strong>1122</strong><br />(+25 for winning)\n|raw|Gentleman_ross's rating: 1089 &rarr; <strong>1066</strong><br />(-23 for losing)\n|l|\u2606Gentleman_ross\n|player|p2|\n",
  "uploadtime": 1776196124,
  "views": 19,
  "formatid": "gen9championsvgc2026regma",
  "rating": 1066,
  "private": 0,
  "password": null
}