{
  "id": "gen9championsvgc2026regma-2589422508",
  "format": "[Gen 9 Champions] VGC 2026 Reg M-A",
  "players": [
    "SDLT 2KRL SWM",
    "Drevanor"
  ],
  "log": "|raw|<div class=\"broadcast-blue\"><strong>This battle is required to be public due to a player having a name starting with 'sdlt'.</div>\n|j|\u2606SDLT 2KRL SWM\n|j|\u203dDrevanor\n|t:|1776721648\n|gametype|doubles\n|player|p1|SDLT 2KRL SWM|ryuki|1697\n|player|p2|Drevanor|artist-gen4|1603\n|gen|9\n|tier|[Gen 9 Champions] VGC 2026 Reg M-A\n|rated|\n|rule|Species Clause: Limit one of each Pok\u00e9mon\n|rule|Item Clause: Limit 1 of each item\n|clearpoke\n|poke|p1|Talonflame, L50, F|\n|poke|p1|Floette-Eternal, L50, F|\n|poke|p1|Basculegion, L50, M|\n|poke|p1|Garchomp, L50, M|\n|poke|p1|Kingambit, L50, M|\n|poke|p1|Maushold-Four, L50|\n|poke|p2|Gardevoir, L50, M|\n|poke|p2|Aerodactyl, L50, F|\n|poke|p2|Farigiraf, L50, M|\n|poke|p2|Kingambit, L50, F|\n|poke|p2|Torkoal, L50, M|\n|poke|p2|Garchomp, L50, M|\n|teampreview|4\n|\n|t:|1776721693\n|teamsize|p1|4\n|teamsize|p2|4\n|start\n|switch|p1a: Basculegion|Basculegion, L50, M|100/100\n|switch|p1b: Kingambit|Kingambit, L50, M|100/100\n|switch|p2a: Gardevoir|Gardevoir, L50, M|100/100\n|switch|p2b: Farigiraf|Farigiraf, L50, M|100/100\n|-ability|p2a: Gardevoir|Adaptability|Trace|[from] ability: Trace|[of] p1a: Basculegion\n|turn|1\n|\n|t:|1776721709\n|detailschange|p2a: Gardevoir|Gardevoir-Mega, L50, M\n|-mega|p2a: Gardevoir|Gardevoir|Gardevoirite\n|move|p2b: Farigiraf|Helping Hand|p2a: Gardevoir\n|-singleturn|p2a: Gardevoir|Helping Hand|[of] p2b: Farigiraf\n|move|p1a: Basculegion|Flip Turn|p2b: Farigiraf\n|-damage|p2b: Farigiraf|70/100\n|\n|t:|1776721717\n|switch|p1a: Floette|Floette-Eternal, L50, F|100/100|[from] Flip Turn\n|move|p2a: Gardevoir|Hyper Voice|p1b: Kingambit|[spread] p1a,p1b\n|-damage|p1a: Floette|37/100\n|-damage|p1b: Kingambit|16/100\n|move|p1b: Kingambit|Kowtow Cleave|p2a: Gardevoir\n|-damage|p2a: Gardevoir|19/100\n|\n|upkeep\n|turn|2\n|j| sileshar\n|\n|t:|1776721731\n|detailschange|p1a: Floette|Floette-Mega, L50, F\n|-mega|p1a: Floette|Floette|Floettite\n|-ability|p1a: Floette|Fairy Aura\n|move|p2a: Gardevoir|Vacuum Wave|p1b: Kingambit\n|-supereffective|p1b: Kingambit|2\n|-damage|p1b: Kingambit|0 fnt\n|faint|p1b: Kingambit\n|move|p1a: Floette|Dazzling Gleam|p2a: Gardevoir|[spread] p2a,p2b\n|-crit|p2b: Farigiraf\n|-damage|p2a: Gardevoir|0 fnt\n|-damage|p2b: Farigiraf|8/100\n|-enditem|p2b: Farigiraf|Sitrus Berry|[eat]\n|-heal|p2b: Farigiraf|33/100|[from] item: Sitrus Berry\n|faint|p2a: Gardevoir\n|move|p2b: Farigiraf|Trick Room|p2b: Farigiraf\n|-fieldstart|move: Trick Room|[of] p2b: Farigiraf\n|\n|upkeep\n|\n|t:|1776721739\n|switch|p1b: Maushold|Maushold-Four, L50|100/100\n|switch|p2a: Torkoal|Torkoal, L50, M|100/100\n|-weather|SunnyDay|[from] ability: Drought|[of] p2a: Torkoal\n|turn|3\n|\n|t:|1776721743\n|move|p1a: Floette|Protect|p1a: Floette\n|-singleturn|p1a: Floette|Protect\n|move|p1b: Maushold|Protect|p1b: Maushold\n|-singleturn|p1b: Maushold|Protect\n|move|p2a: Torkoal|Eruption|p1b: Maushold|[spread] \n|-activate|p1a: Floette|move: Protect\n|-activate|p1b: Maushold|move: Protect\n|move|p2b: Farigiraf|Psychic|p1b: Maushold\n|-activate|p1b: Maushold|move: Protect\n|\n|-weather|SunnyDay|[upkeep]\n|upkeep\n|turn|4\n|\n|t:|1776721748\n|switch|p1a: Basculegion|Basculegion, L50, M|100/100\n|move|p2a: Torkoal|Eruption|p1b: Maushold|[spread] p1a,p1b\n|-resisted|p1a: Basculegion|1\n|-damage|p1a: Basculegion|64/100\n|-damage|p1b: Maushold|14/100\n|move|p2b: Farigiraf|Psychic|p1b: Maushold\n|-damage|p1b: Maushold|0 fnt\n|faint|p1b: Maushold\n|\n|-weather|SunnyDay|[upkeep]\n|upkeep\n|\n|t:|1776721749\n|switch|p1b: Floette|Floette-Mega, L50, F|37/100\n|-ability|p1b: Floette|Fairy Aura\n|turn|5\n|\n|t:|1776721755\n|move|p1b: Floette|Protect|p1b: Floette\n|-singleturn|p1b: Floette|Protect\n|move|p2a: Torkoal|Eruption|p1b: Floette|[spread] p1a\n|-activate|p1b: Floette|move: Protect\n|-resisted|p1a: Basculegion|1\n|-damage|p1a: Basculegion|16/100\n|move|p2b: Farigiraf|Psychic|p1a: Basculegion\n|-damage|p1a: Basculegion|0 fnt\n|faint|p1a: Basculegion\n|\n|-weather|SunnyDay|[upkeep]\n|upkeep\n|turn|6\n|\n|t:|1776721759\n|switch|p2b: Aerodactyl|Aerodactyl, L50, F|100/100\n|-ability|p2b: Aerodactyl|Unnerve\n|move|p1b: Floette|Protect||[still]\n|-fail|p1b: Floette\n|move|p2a: Torkoal|Eruption|p1b: Floette\n|-damage|p1b: Floette|0 fnt\n|faint|p1b: Floette\n|\n|win|Drevanor\n|raw|SDLT 2KRL SWM's rating: 1672 &rarr; <strong>1648</strong><br />(-24 for losing)\n|raw|Drevanor's rating: 1603 &rarr; <strong>1627</strong><br />(+24 for winning)\n",
  "uploadtime": 1776721759,
  "views": 9,
  "formatid": "gen9championsvgc2026regma",
  "rating": 1627,
  "private": 0,
  "password": null
}