{
  "id": "gen9championsvgc2026regma-2583815174",
  "format": "[Gen 9 Champions] VGC 2026 Reg M-A",
  "players": [
    "lisarb660",
    "jeanmixed"
  ],
  "log": "|j|\u2606lisarb660\n|j|\u2606jeanmixed\n|html|<table width=\"100%\"><tr><td align=\"left\">lisarb660</td><td align=\"right\">jeanmixed</tr><tr><td align=\"left\"><i class=\"fa fa-circle\"></i> <i class=\"fa fa-circle-o\"></i> </td><td align=\"right\"><i class=\"fa fa-circle-o\"></i> <i class=\"fa fa-circle-o\"></i> </tr></table>\n|uhtml|bestof|<h2><strong>Game 2</strong> of <a href=\"/game-bestof3-gen9championsvgc2026regma-2583812101\">a best-of-3</a></h2>\n|t:|1776199834\n|gametype|doubles\n|player|p1|lisarb660|169|\n|player|p2|jeanmixed|169|\n|gen|9\n|tier|[Gen 9 Champions] VGC 2026 Reg M-A\n|rule|Species Clause: Limit one of each Pok\u00e9mon\n|rule|Item Clause: Limit 1 of each item\n|raw|<div class=\"infobox\"><details class=\"readmore\" open><summary><strong>1 custom rule:</strong></summary> Best of = 3</details></div>\n|clearpoke\n|poke|p1|Basculegion, L50, M|\n|poke|p1|Pelipper, L50, M|\n|poke|p1|Dragonite, L50, F|\n|poke|p1|Archaludon, L50, F|\n|poke|p1|Sneasler, L50, F|\n|poke|p1|Rotom-Heat, L50|\n|poke|p2|Tyranitar, L50, F|\n|poke|p2|Excadrill, L50, F|\n|poke|p2|Talonflame, L50, M|\n|poke|p2|Rotom-Wash, L50|\n|poke|p2|Sinistcha, L50|\n|poke|p2|Sneasler, L50, F|\n|teampreview|4\n|\n|t:|1776199863\n|teamsize|p1|4\n|teamsize|p2|4\n|start\n|switch|p1a: sasukemon|Sneasler, L50, F|100/100\n|switch|p1b: 09/11|Archaludon, L50, F|100/100\n|switch|p2a: Tyranitar|Tyranitar, L50, F|100/100\n|switch|p2b: Excadrill|Excadrill, L50, F|100/100\n|-weather|Sandstorm|[from] ability: Sand Stream|[of] p2a: Tyranitar\n|turn|1\n|\n|t:|1776199884\n|detailschange|p2a: Tyranitar|Tyranitar-Mega, L50, F\n|-mega|p2a: Tyranitar|Tyranitar|Tyranitarite\n|move|p1a: sasukemon|Fake Out|p2a: Tyranitar\n|-resisted|p2a: Tyranitar|1\n|-damage|p2a: Tyranitar|96/100\n|move|p2b: Excadrill|Swords Dance|p2b: Excadrill\n|-boost|p2b: Excadrill|atk|2\n|cant|p2a: Tyranitar|flinch\n|move|p1b: 09/11|Flash Cannon|p2a: Tyranitar\n|-supereffective|p2a: Tyranitar|1\n|-damage|p2a: Tyranitar|56/100\n|\n|-weather|Sandstorm|[upkeep]\n|-damage|p1a: sasukemon|95/100|[from] Sandstorm\n|upkeep\n|turn|2\n|\n|t:|1776199906\n|switch|p1a: pelicano|Pelipper, L50, M|100/100\n|-weather|RainDance|[from] ability: Drizzle|[of] p1a: pelicano\n|move|p2b: Excadrill|High Horsepower|p1b: 09/11\n|-supereffective|p1b: 09/11|1\n|-damage|p1b: 09/11|0 fnt\n|faint|p1b: 09/11\n|move|p2a: Tyranitar|Low Kick|p1a: pelicano\n|-resisted|p1a: pelicano|1\n|-damage|p1a: pelicano|82/100\n|\n|-weather|RainDance|[upkeep]\n|upkeep\n|\n|t:|1776199916\n|switch|p1b: sasukemon|Sneasler, L50, F|95/100\n|turn|3\n|\n|t:|1776199922\n|switch|p2a: Rotom|Rotom-Wash, L50|100/100\n|move|p2b: Excadrill|Protect|p2b: Excadrill\n|-singleturn|p2b: Excadrill|Protect\n|move|p1b: sasukemon|Fake Out|p2a: Rotom\n|-damage|p2a: Rotom|84/100\n|move|p1a: pelicano|Tailwind|p1a: pelicano\n|-sidestart|p1: lisarb660|move: Tailwind\n|\n|-weather|RainDance|[upkeep]\n|-heal|p2a: Rotom|90/100|[from] item: Leftovers\n|upkeep\n|turn|4\n|\n|t:|1776199940\n|move|p1b: sasukemon|Dire Claw|p2a: Rotom\n|-damage|p2a: Rotom|35/100\n|move|p1a: pelicano|Weather Ball|p2b: Excadrill\n|-supereffective|p2b: Excadrill|1\n|-enditem|p2b: Excadrill|Focus Sash\n|-damage|p2b: Excadrill|1/100\n|move|p2b: Excadrill|High Horsepower|p1b: sasukemon\n|-supereffective|p1b: sasukemon|1\n|-damage|p1b: sasukemon|0 fnt\n|faint|p1b: sasukemon\n|move|p2a: Rotom|Volt Switch|p1a: pelicano\n|-supereffective|p1a: pelicano|2\n|-damage|p1a: pelicano|0 fnt\n|faint|p1a: pelicano\n|\n|t:|1776199955\n|switch|p2a: Tyranitar|Tyranitar-Mega, L50, F|56/100|[from] Volt Switch\n|-weather|Sandstorm|[from] ability: Sand Stream|[of] p2a: Tyranitar\n|\n|-weather|Sandstorm|[upkeep]\n|upkeep\n|\n|t:|1776199962\n|switch|p1b: tubar\u00e3o|Basculegion, L50, M|100/100\n|turn|5\n|\n|t:|1776199984\n|move|p2b: Excadrill|High Horsepower|p1b: tubar\u00e3o\n|-damage|p1b: tubar\u00e3o|0 fnt\n|faint|p1b: tubar\u00e3o\n|\n|win|jeanmixed\n",
  "uploadtime": 1776199989,
  "views": 20,
  "formatid": "gen9championsvgc2026regma",
  "rating": null,
  "private": 0,
  "password": null
}