{
  "id": "gen9championsvgc2026regma-2586906520",
  "format": "[Gen 9 Champions] VGC 2026 Reg M-A",
  "players": [
    "Tel0sB3ta",
    "AzzUCooked"
  ],
  "log": "|j|\u2606Tel0sB3ta\n|j|\u2606AzzUCooked\n|t:|1776470560\n|gametype|doubles\n|player|p1|Tel0sB3ta|hilbert|1038\n|player|p2|AzzUCooked|266|1073\n|gen|9\n|tier|[Gen 9 Champions] VGC 2026 Reg M-A\n|rated|\n|rule|Species Clause: Limit one of each Pok\u00e9mon\n|rule|Item Clause: Limit 1 of each item\n|clearpoke\n|poke|p1|Rotom-Wash, L50|\n|poke|p1|Garchomp, L50, M|\n|poke|p1|Charizard, L50, F|\n|poke|p1|Pidgeot, L50, F|\n|poke|p1|Maushold, L50|\n|poke|p1|Skeledirge, L50, F|\n|poke|p2|Aggron, L50, F|\n|poke|p2|Sneasler, L50, M|\n|poke|p2|Clefable, L50, F|\n|poke|p2|Sinistcha, L50|\n|poke|p2|Pelipper, L50, M|\n|poke|p2|Feraligatr, L50, F|\n|teampreview|4\n|c|\u2606Tel0sB3ta|Hi. I'm in a tournament of Pok\u00e9mon played in your fist playthrough but i'm seeing for some advices about the moves and spread before making them into the actual game \u00bfAny advice or thoughts about the team?\n|inactive|Battle timer is ON: inactive players will automatically lose when time's up. (requested by AzzUCooked)\n|\n|t:|1776470608\n|teamsize|p1|4\n|teamsize|p2|4\n|start\n|switch|p1a: Garchomp|Garchomp, L50, M|100/100\n|switch|p1b: Skeledirge|Skeledirge, L50, F|100/100\n|switch|p2a: Sneasler|Sneasler, L50, M|100/100\n|switch|p2b: Clefable|Clefable, L50, F|100/100\n|turn|1\n|\n|t:|1776470621\n|move|p1a: Garchomp|Protect|p1a: Garchomp\n|-singleturn|p1a: Garchomp|Protect\n|move|p2a: Sneasler|Fake Out|p1a: Garchomp\n|-activate|p1a: Garchomp|move: Protect\n|move|p1b: Skeledirge|Torch Song|p2b: Clefable\n|-damage|p2b: Clefable|68/100\n|-boost|p1b: Skeledirge|spa|1\n|move|p2b: Clefable|Cosmic Power|p2b: Clefable\n|-boost|p2b: Clefable|def|1\n|-boost|p2b: Clefable|spd|1\n|\n|-heal|p2b: Clefable|74/100|[from] item: Leftovers\n|upkeep\n|turn|2\n|\n|t:|1776470640\n|move|p1b: Skeledirge|Protect|p1b: Skeledirge\n|-singleturn|p1b: Skeledirge|Protect\n|move|p2a: Sneasler|Coaching|p2b: Clefable\n|-boost|p2b: Clefable|atk|1\n|-boost|p2b: Clefable|def|1\n|move|p1a: Garchomp|Earthquake|p2a: Sneasler|[spread] p2a,p2b\n|-activate|p1b: Skeledirge|move: Protect\n|-supereffective|p2a: Sneasler|1\n|-damage|p2a: Sneasler|0 fnt\n|-damage|p2b: Clefable|57/100\n|faint|p2a: Sneasler\n|move|p2b: Clefable|Cosmic Power|p2b: Clefable\n|-boost|p2b: Clefable|def|1\n|-boost|p2b: Clefable|spd|1\n|\n|-heal|p2b: Clefable|63/100|[from] item: Leftovers\n|upkeep\n|\n|t:|1776470655\n|switch|p2a: Pelipper|Pelipper, L50, M|100/100\n|-weather|RainDance|[from] ability: Drizzle|[of] p2a: Pelipper\n|turn|3\n|\n|t:|1776470672\n|switch|p1b: Maushold|Maushold, L50|100/100\n|move|p2a: Pelipper|Weather Ball|p1b: Maushold\n|-damage|p1b: Maushold|5/100\n|move|p1a: Garchomp|Dragon Claw|p2a: Pelipper\n|-crit|p2a: Pelipper\n|-damage|p2a: Pelipper|23/100\n|move|p2b: Clefable|Baton Pass|p2b: Clefable\n|\n|t:|1776470681\n|switch|p2b: THE WALL|Aggron, L50, F|100/100|[from] Baton Pass\n|\n|-weather|RainDance|[upkeep]\n|upkeep\n|turn|4\n|\n|t:|1776470701\n|switch|p2a: Clefable|Clefable, L50, F|63/100\n|detailschange|p2b: THE WALL|Aggron-Mega, L50, F\n|-mega|p2b: THE WALL|Aggron|Aggronite\n|move|p1b: Maushold|Helping Hand|p1a: Garchomp\n|-singleturn|p1a: Garchomp|Helping Hand|[of] p1b: Maushold\n|move|p1a: Garchomp|Earthquake|p2b: THE WALL|[spread] p1b,p2a,p2b\n|-supereffective|p2b: THE WALL|1\n|-damage|p1b: Maushold|0 fnt\n|-damage|p2a: Clefable|14/100\n|-damage|p2b: THE WALL|83/100\n|faint|p1b: Maushold\n|move|p2b: THE WALL|Body Press|p1a: Garchomp\n|-damage|p1a: Garchomp|8/100\n|-damage|p2b: THE WALL|71/100|[from] ability: Rough Skin|[of] p1a: Garchomp\n|\n|-weather|RainDance|[upkeep]\n|-heal|p2a: Clefable|20/100|[from] item: Leftovers\n|upkeep\n|\n|t:|1776470716\n|switch|p1b: Charizard|Charizard, L50, F|100/100\n|turn|5\n|\n|t:|1776470720\n|move|p1b: Charizard|Protect|p1b: Charizard\n|-singleturn|p1b: Charizard|Protect\n|move|p2a: Clefable|Protect|p2a: Clefable\n|-singleturn|p2a: Clefable|Protect\n|move|p2b: THE WALL|Protect|p2b: THE WALL\n|-singleturn|p2b: THE WALL|Protect\n|move|p1a: Garchomp|Earthquake|p2a: Clefable|[spread] \n|-activate|p1b: Charizard|move: Protect\n|-activate|p2a: Clefable|move: Protect\n|-activate|p2b: THE WALL|move: Protect\n|\n|-weather|RainDance|[upkeep]\n|-heal|p2a: Clefable|26/100|[from] item: Leftovers\n|upkeep\n|turn|6\n|\n|t:|1776470744\n|detailschange|p1b: Charizard|Charizard-Mega-Y, L50, F\n|-mega|p1b: Charizard|Charizard|Charizardite Y\n|-weather|SunnyDay|[from] ability: Drought|[of] p1b: Charizard\n|move|p1a: Garchomp|Earthquake|p2a: Clefable|[spread] p2a,p2b\n|-immune|p1b: Charizard\n|-supereffective|p2b: THE WALL|1\n|-damage|p2a: Clefable|0 fnt\n|-damage|p2b: THE WALL|60/100\n|faint|p2a: Clefable\n|move|p1b: Charizard|Heat Wave|p2b: THE WALL\n|-supereffective|p2b: THE WALL|1\n|-damage|p2b: THE WALL|4/100\n|move|p2b: THE WALL|Body Press|p1b: Charizard\n|-resisted|p1b: Charizard|1\n|-damage|p1b: Charizard|28/100\n|\n|-weather|SunnyDay|[upkeep]\n|upkeep\n|\n|t:|1776470757\n|switch|p2a: Pelipper|Pelipper, L50, M|23/100\n|-weather|RainDance|[from] ability: Drizzle|[of] p2a: Pelipper\n|turn|7\n|\n|t:|1776470769\n|switch|p1b: Skeledirge|Skeledirge, L50, F|100/100\n|move|p2b: THE WALL|Protect|p2b: THE WALL\n|-singleturn|p2b: THE WALL|Protect\n|move|p2a: Pelipper|Icy Wind|p1a: Garchomp|[spread] p1a,p1b\n|-supereffective|p1a: Garchomp|2\n|-resisted|p1b: Skeledirge|1\n|-damage|p1a: Garchomp|0 fnt\n|-damage|p1b: Skeledirge|95/100\n|-unboost|p1b: Skeledirge|spe|1\n|faint|p1a: Garchomp\n|\n|-weather|RainDance|[upkeep]\n|-heal|p1b: Skeledirge|100/100|[from] item: Leftovers\n|upkeep\n|\n|t:|1776470775\n|switch|p1a: Charizard|Charizard-Mega-Y, L50, F|28/100\n|-weather|SunnyDay|[from] ability: Drought|[of] p1a: Charizard\n|turn|8\n|c|\u2606Tel0sB3ta|gg\n|\n|t:|1776470792\n|move|p2a: Pelipper|Icy Wind|p1a: Charizard|[spread] p1a,p1b\n|-resisted|p1b: Skeledirge|1\n|-damage|p1a: Charizard|17/100\n|-damage|p1b: Skeledirge|95/100\n|-unboost|p1a: Charizard|spe|1\n|-unboost|p1b: Skeledirge|spe|1\n|move|p1a: Charizard|Heat Wave|p2b: THE WALL|[spread] p2a,p2b\n|-resisted|p2a: Pelipper|1\n|-supereffective|p2b: THE WALL|1\n|-damage|p2a: Pelipper|0 fnt\n|-damage|p2b: THE WALL|0 fnt\n|faint|p2a: Pelipper\n|faint|p2b: THE WALL\n|\n|win|Tel0sB3ta\n|raw|Tel0sB3ta's rating: 1038 &rarr; <strong>1076</strong><br />(+38 for winning)\n|raw|AzzUCooked's rating: 1073 &rarr; <strong>1050</strong><br />(-23 for losing)\n|l|\u2606AzzUCooked\n|player|p2|\n",
  "uploadtime": 1776470799,
  "views": 23,
  "formatid": "gen9championsvgc2026regma",
  "rating": 1050,
  "private": 0,
  "password": null
}