{
  "id": "gen9championsvgc2026regma-2584912200",
  "format": "[Gen 9 Champions] VGC 2026 Reg M-A",
  "players": [
    "TorukVGC",
    "AnDru_02"
  ],
  "log": "|j|\u2606TorukVGC\n|j|\u2606AnDru_02\n|t:|1776293871\n|gametype|doubles\n|player|p1|TorukVGC|supernerd|1267\n|player|p2|AnDru_02|266|1348\n|gen|9\n|tier|[Gen 9 Champions] VGC 2026 Reg M-A\n|rated|\n|rule|Species Clause: Limit one of each Pok\u00e9mon\n|rule|Item Clause: Limit 1 of each item\n|clearpoke\n|poke|p1|Froslass, L50, F|\n|poke|p1|Kingambit, L50, M|\n|poke|p1|Sneasler, L50, M|\n|poke|p1|Palafin, L50, M|\n|poke|p1|Sinistcha-Masterpiece, L50|\n|poke|p1|Incineroar, L50, M|\n|poke|p2|Kangaskhan, L50, F|\n|poke|p2|Pelipper, L50, F|\n|poke|p2|Basculegion, L50, M|\n|poke|p2|Archaludon, L50, F|\n|poke|p2|Gengar, L50, F|\n|poke|p2|Corviknight, L50, M|\n|teampreview|4\n|inactive|Battle timer is ON: inactive players will automatically lose when time's up. (requested by AnDru_02)\n|inactive|TorukVGC has 60 seconds left.\n|inactive|AnDru_02 has 60 seconds left.\n|inactive|TorukVGC has 30 seconds left.\n|\n|t:|1776293939\n|teamsize|p1|4\n|teamsize|p2|4\n|start\n|switch|p1a: Froslass|Froslass, L50, F|100/100\n|switch|p1b: Kingambit|Kingambit, L50, M|100/100\n|switch|p2a: Kangaskhan|Kangaskhan, L50, F, shiny|100/100\n|switch|p2b: Pelipper|Pelipper, L50, F|100/100\n|-weather|RainDance|[from] ability: Drizzle|[of] p2b: Pelipper\n|turn|1\n|inactive|TorukVGC has 30 seconds left.\n|inactive|AnDru_02 has 30 seconds left.\n|inactive|TorukVGC has 20 seconds left.\n|inactive|AnDru_02 has 20 seconds left.\n|inactive|TorukVGC has 15 seconds left.\n|inactive|TorukVGC has 10 seconds left.\n|\n|t:|1776293985\n|detailschange|p1a: Froslass|Froslass-Mega, L50, F\n|-mega|p1a: Froslass|Froslass|Froslassite\n|-weather|Snowscape|[from] ability: Snow Warning|[of] p1a: Froslass\n|move|p2a: Kangaskhan|Fake Out|p1a: Froslass\n|-damage|p1a: Froslass|84/100\n|cant|p1a: Froslass|flinch\n|move|p2b: Pelipper|Tailwind|p2b: Pelipper\n|-sidestart|p2: AnDru_02|move: Tailwind\n|move|p1b: Kingambit|Swords Dance|p1b: Kingambit\n|-boost|p1b: Kingambit|atk|2\n|\n|-weather|Snowscape|[upkeep]\n|upkeep\n|turn|2\n|inactive|TorukVGC has 30 seconds left.\n|inactive|AnDru_02 has 30 seconds left.\n|inactive|AnDru_02 has 20 seconds left.\n|\n|t:|1776294022\n|switch|p2b: Basculegion|Basculegion, L50, M|100/100\n|detailschange|p2a: Kangaskhan|Kangaskhan-Mega, L50, F, shiny\n|-mega|p2a: Kangaskhan|Kangaskhan|Kangaskhanite\n|move|p1b: Kingambit|Protect|p1b: Kingambit\n|-singleturn|p1b: Kingambit|Protect\n|move|p2a: Kangaskhan|Sucker Punch|p1a: Froslass\n|-supereffective|p1a: Froslass|1\n|-damage|p1a: Froslass|36/100\n|-supereffective|p1a: Froslass|1\n|-damage|p1a: Froslass|23/100\n|-hitcount|p1a: Froslass|2\n|move|p1a: Froslass|Blizzard|p2a: Kangaskhan|[spread] p2a,p2b\n|-resisted|p2b: Basculegion|1\n|-damage|p2a: Kangaskhan|61/100\n|-damage|p2b: Basculegion|76/100\n|\n|-weather|Snowscape|[upkeep]\n|upkeep\n|turn|3\n|inactive|AnDru_02 has 30 seconds left.\n|inactive|AnDru_02 has 20 seconds left.\n|inactive|AnDru_02 has 15 seconds left.\n|inactive|AnDru_02 has 10 seconds left.\n|inactive|AnDru_02 has 5 seconds left.\n|\n|t:|1776294073\n|switch|p2b: Pelipper|Pelipper, L50, F|100/100\n|-weather|RainDance|[from] ability: Drizzle|[of] p2b: Pelipper\n|switch|p1a: Sinistcha|Sinistcha-Masterpiece, L50|100/100\n|move|p1b: Kingambit|Sucker Punch|p2a: Kangaskhan\n|-damage|p2a: Kangaskhan|0 fnt\n|faint|p2a: Kangaskhan\n|\n|-weather|RainDance|[upkeep]\n|upkeep\n|\n|t:|1776294089\n|switch|p2a: Basculegion|Basculegion, L50, M|76/100\n|turn|4\n|inactive|TorukVGC has 30 seconds left.\n|inactive|TorukVGC has 20 seconds left.\n|inactive|TorukVGC has 15 seconds left.\n|inactive|TorukVGC has 10 seconds left.\n|inactive|TorukVGC has 5 seconds left.\n|\n|t:|1776294140\n|switch|p1a: Froslass|Froslass-Mega, L50, F|23/100\n|-weather|Snowscape|[from] ability: Snow Warning|[of] p1a: Froslass\n|move|p2a: Basculegion|Aqua Jet|p1b: Kingambit\n|-damage|p1b: Kingambit|87/100\n|move|p2b: Pelipper|Hurricane|p1a: Froslass|[miss]\n|-miss|p2b: Pelipper|p1a: Froslass\n|move|p1b: Kingambit|Kowtow Cleave|p2b: Pelipper\n|-enditem|p2b: Pelipper|Focus Sash\n|-damage|p2b: Pelipper|1/100\n|\n|-weather|Snowscape|[upkeep]\n|-sideend|p2: AnDru_02|move: Tailwind\n|upkeep\n|turn|5\n|inactive|TorukVGC has 30 seconds left.\n|inactive|AnDru_02 has 30 seconds left.\n|\n|t:|1776294170\n|switch|p1a: Sinistcha|Sinistcha-Masterpiece, L50|100/100\n|-heal|p1b: Kingambit|100/100|[from] ability: Hospitality|[of] p1a: Sinistcha\n|switch|p2b: Archaludon|Archaludon, L50, F|100/100\n|move|p2a: Basculegion|Protect|p2a: Basculegion\n|-singleturn|p2a: Basculegion|Protect\n|move|p1b: Kingambit|Kowtow Cleave|p2a: Basculegion\n|-activate|p2a: Basculegion|move: Protect\n|\n|-weather|Snowscape|[upkeep]\n|upkeep\n|turn|6\n|inactive|TorukVGC has 30 seconds left.\n|inactive|AnDru_02 has 30 seconds left.\n|inactive|TorukVGC has 20 seconds left.\n|\n|t:|1776294206\n|move|p1a: Sinistcha|Rage Powder|p1a: Sinistcha\n|-singleturn|p1a: Sinistcha|move: Rage Powder\n|move|p2a: Basculegion|Aqua Jet|p1a: Sinistcha\n|-resisted|p1a: Sinistcha|1\n|-damage|p1a: Sinistcha|92/100\n|move|p2b: Archaludon|Draco Meteor|p1a: Sinistcha\n|-damage|p1a: Sinistcha|33/100\n|-unboost|p2b: Archaludon|spa|2\n|-enditem|p1a: Sinistcha|Sitrus Berry|[eat]\n|-heal|p1a: Sinistcha|58/100|[from] item: Sitrus Berry\n|move|p1b: Kingambit|Kowtow Cleave|p2b: Archaludon\n|-damage|p2b: Archaludon|22/100\n|-ability|p2b: Archaludon|Stamina|boost\n|-boost|p2b: Archaludon|def|1\n|\n|-weather|Snowscape|[upkeep]\n|upkeep\n|turn|7\n|inactive|TorukVGC has 30 seconds left.\n|inactive|AnDru_02 has 30 seconds left.\n|inactive|AnDru_02 has 20 seconds left.\n|inactive|AnDru_02 has 15 seconds left.\n|\n|t:|1776294248\n|switch|p1a: Sneasler|Sneasler, L50, M|100/100\n|move|p2a: Basculegion|Protect|p2a: Basculegion\n|-singleturn|p2a: Basculegion|Protect\n|move|p2b: Archaludon|Draco Meteor|p1a: Sneasler\n|-damage|p1a: Sneasler|56/100\n|-unboost|p2b: Archaludon|spa|2\n|move|p1b: Kingambit|Kowtow Cleave|p2a: Basculegion\n|-activate|p2a: Basculegion|move: Protect\n|\n|-weather|Snowscape|[upkeep]\n|upkeep\n|turn|8\n|inactive|AnDru_02 has 30 seconds left.\n|\n|t:|1776294282\n|switch|p2b: Pelipper|Pelipper, L50, F|1/100\n|-weather|RainDance|[from] ability: Drizzle|[of] p2b: Pelipper\n|move|p1a: Sneasler|Fake Out|p2b: Pelipper\n|-damage|p2b: Pelipper|0 fnt\n|faint|p2b: Pelipper\n|move|p2a: Basculegion|Last Respects|p1a: Sneasler\n|-damage|p1a: Sneasler|0 fnt\n|faint|p1a: Sneasler\n|move|p1b: Kingambit|Kowtow Cleave|p2a: Basculegion\n|-supereffective|p2a: Basculegion|1\n|-damage|p2a: Basculegion|0 fnt\n|faint|p2a: Basculegion\n|\n|-weather|RainDance|[upkeep]\n|upkeep\n|-message|AnDru_02 forfeited.\n|\n|win|TorukVGC\n|raw|TorukVGC's rating: 1267 &rarr; <strong>1298</strong><br />(+31 for winning)\n|raw|AnDru_02's rating: 1348 &rarr; <strong>1323</strong><br />(-25 for losing)\n|c|\u2606TorukVGC|ggs\n|l|\u2606AnDru_02\n|player|p2|\n",
  "uploadtime": 1776294296,
  "views": 30,
  "formatid": "gen9championsvgc2026regma",
  "rating": 1298,
  "private": 0,
  "password": null
}