{
  "id": "gen9championsvgc2026regma-2581807592",
  "format": "[Gen 9 Champions] VGC 2026 Reg M-A",
  "players": [
    "ajb1607",
    "Primus735"
  ],
  "log": "|j|\u2606ajb1607\n|j|\u2606Primus735\n|t:|1776030031\n|gametype|doubles\n|player|p1|ajb1607|266|\n|player|p2|Primus735|hilbert|\n|gen|9\n|tier|[Gen 9 Champions] VGC 2026 Reg M-A\n|rule|Species Clause: Limit one of each Pok\u00e9mon\n|rule|Item Clause: Limit 1 of each item\n|clearpoke\n|poke|p1|Greninja-*, L50, F|\n|poke|p1|Klefki, L50, F|\n|poke|p1|Basculegion, L50, M|\n|poke|p1|Corviknight, L50, M|\n|poke|p1|Kleavor, L50, M|\n|poke|p1|Incineroar, L50, F|\n|poke|p2|Gyarados, L50, M|\n|poke|p2|Noivern, L50, M|\n|poke|p2|Gengar, L50, M|\n|poke|p2|Arcanine, L50, M|\n|poke|p2|Kingambit, L50, M|\n|poke|p2|Tyranitar, L50, M|\n|teampreview|4\n|\n|t:|1776030069\n|teamsize|p1|4\n|teamsize|p2|4\n|start\n|switch|p1a: Greninja|Greninja, L50, F|100/100\n|switch|p1b: Klefki|Klefki, L50, F|100/100\n|switch|p2a: Noivern|Noivern, L50, M|100/100\n|switch|p2b: Gyarados|Gyarados, L50, M, shiny|100/100\n|-ability|p2b: Gyarados|Intimidate|boost\n|-unboost|p1a: Greninja|atk|1\n|-unboost|p1b: Klefki|atk|1\n|turn|1\n|\n|t:|1776030101\n|detailschange|p2b: Gyarados|Gyarados-Mega, L50, M, shiny\n|-mega|p2b: Gyarados|Gyarados|Gyaradosite\n|-ability|p2b: Gyarados|Mold Breaker\n|move|p1a: Greninja|Protect|p1a: Greninja\n|-start|p1a: Greninja|typechange|Normal|[from] ability: Protean\n|-singleturn|p1a: Greninja|Protect\n|move|p1b: Klefki|Reflect|p1b: Klefki\n|-sidestart|p1: ajb1607|Reflect\n|move|p2a: Noivern|Tailwind|p2a: Noivern\n|-sidestart|p2: Primus735|move: Tailwind\n|move|p2b: Gyarados|Dragon Dance|p2b: Gyarados\n|-boost|p2b: Gyarados|atk|1\n|-boost|p2b: Gyarados|spe|1\n|\n|upkeep\n|turn|2\n|\n|t:|1776030131\n|detailschange|p1a: Greninja|Greninja-Mega, L50, F\n|-mega|p1a: Greninja|Greninja|Greninjite\n|move|p1b: Klefki|Thunder Wave|p2b: Gyarados\n|-hint|Since gen 7, Dark is immune to Prankster moves.\n|-immune|p2b: Gyarados\n|move|p2b: Gyarados|Earthquake|p1a: Greninja|[spread] p1a,p1b\n|-immune|p2a: Noivern\n|-supereffective|p1b: Klefki|1\n|-damage|p1a: Greninja|59/100\n|-damage|p1b: Klefki|30/100\n|move|p2a: Noivern|Hurricane|p1a: Greninja\n|-damage|p1a: Greninja|0 fnt\n|faint|p1a: Greninja\n|\n|-heal|p1b: Klefki|36/100|[from] item: Leftovers\n|upkeep\n|\n|t:|1776030139\n|switch|p1a: Incineroar|Incineroar, L50, F|100/100\n|-ability|p1a: Incineroar|Intimidate|boost\n|-unboost|p2a: Noivern|atk|1\n|-unboost|p2b: Gyarados|atk|1\n|turn|3\n|\n|t:|1776030155\n|move|p2b: Gyarados|Dragon Dance|p2b: Gyarados\n|-boost|p2b: Gyarados|atk|1\n|-boost|p2b: Gyarados|spe|1\n|move|p2a: Noivern|Hurricane|p1b: Klefki\n|-resisted|p1b: Klefki|1\n|-damage|p1b: Klefki|9/100\n|-start|p1b: Klefki|confusion\n|-activate|p1b: Klefki|confusion\n|-damage|p1b: Klefki|3/100|[from] confusion\n|move|p1a: Incineroar|Parting Shot|p2b: Gyarados\n|-unboost|p2b: Gyarados|atk|1\n|-unboost|p2b: Gyarados|spa|1\n|\n|t:|1776030160\n|switch|p1a: Basculegion|Basculegion, L50, M|100/100|[from] Parting Shot\n|\n|-heal|p1b: Klefki|9/100|[from] item: Leftovers\n|upkeep\n|turn|4\n|\n|t:|1776030177\n|move|p2b: Gyarados|Crunch|p1a: Basculegion\n|-supereffective|p1a: Basculegion|1\n|-damage|p1a: Basculegion|31/100\n|move|p2a: Noivern|Boomburst|p1b: Klefki|[spread] p2b,p1b\n|-immune|p1a: Basculegion\n|-resisted|p1b: Klefki|1\n|-damage|p2b: Gyarados|75/100\n|-damage|p1b: Klefki|0 fnt\n|faint|p1b: Klefki\n|move|p1a: Basculegion|Last Respects|p2a: Noivern\n|-enditem|p2a: Noivern|Focus Sash\n|-damage|p2a: Noivern|1/100\n|\n|-sideend|p2: Primus735|move: Tailwind\n|upkeep\n|\n|t:|1776030180\n|switch|p1b: Incineroar|Incineroar, L50, F|100/100\n|-ability|p1b: Incineroar|Intimidate|boost\n|-unboost|p2a: Noivern|atk|1\n|-unboost|p2b: Gyarados|atk|1\n|turn|5\n|\n|t:|1776030193\n|switch|p2b: Arcanine|Arcanine, L50, M|100/100\n|-ability|p2b: Arcanine|Intimidate|boost\n|-unboost|p1a: Basculegion|atk|1\n|-unboost|p1b: Incineroar|atk|1\n|move|p2a: Noivern|Dragon Pulse|p1a: Basculegion\n|-damage|p1a: Basculegion|0 fnt\n|faint|p1a: Basculegion\n|move|p1b: Incineroar|Darkest Lariat|p2b: Arcanine\n|-damage|p2b: Arcanine|64/100\n|\n|-sideend|p1: ajb1607|Reflect\n|upkeep\n|turn|6\n|\n|t:|1776030210\n|move|p2a: Noivern|Hurricane|p1b: Incineroar\n|-damage|p1b: Incineroar|57/100\n|move|p2b: Arcanine|Close Combat|p1b: Incineroar\n|-supereffective|p1b: Incineroar|1\n|-damage|p1b: Incineroar|0 fnt\n|-unboost|p2b: Arcanine|def|1\n|-unboost|p2b: Arcanine|spd|1\n|faint|p1b: Incineroar\n|\n|win|Primus735\n|l|\u2606ajb1607\n|player|p1|\n",
  "uploadtime": 1776030217,
  "views": 10,
  "formatid": "gen9championsvgc2026regma",
  "rating": null,
  "private": 0,
  "password": null
}