{
  "id": "gen9championsvgc2026regma-2582912359",
  "format": "[Gen 9 Champions] VGC 2026 Reg M-A",
  "players": [
    "hesan514",
    "NiceChyip"
  ],
  "log": "|j|\u2606hesan514\n|j|\u2606NiceChyip\n|t:|1776124365\n|gametype|doubles\n|player|p1|hesan514|leon-masters|1208\n|player|p2|NiceChyip|lucas|1182\n|gen|9\n|tier|[Gen 9 Champions] VGC 2026 Reg M-A\n|rated|\n|rule|Species Clause: Limit one of each Pok\u00e9mon\n|rule|Item Clause: Limit 1 of each item\n|clearpoke\n|poke|p1|Feraligatr, L50, F|\n|poke|p1|Pelipper, L50, F|\n|poke|p1|Archaludon, L50, M|\n|poke|p1|Basculegion, L50, M|\n|poke|p1|Sneasler, L50, F|\n|poke|p1|Rotom-Heat, L50|\n|poke|p2|Goodra-Hisui, L50, M|\n|poke|p2|Manectric, L50, F|\n|poke|p2|Aerodactyl, L50, F|\n|poke|p2|Aromatisse, L50, F|\n|poke|p2|Sinistcha, L50|\n|poke|p2|Incineroar, L50, M|\n|teampreview|4\n|\n|t:|1776124389\n|teamsize|p1|4\n|teamsize|p2|4\n|start\n|switch|p1a: Rotom|Rotom-Heat, L50|100/100\n|switch|p1b: Archaludon|Archaludon, L50, M|100/100\n|switch|p2a: Goodra|Goodra-Hisui, L50, M|100/100\n|switch|p2b: Manectric|Manectric, L50, F|100/100\n|turn|1\n|inactive|Battle timer is ON: inactive players will automatically lose when time's up. (requested by NiceChyip)\n|\n|t:|1776124417\n|detailschange|p2b: Manectric|Manectric-Mega, L50, F\n|-mega|p2b: Manectric|Manectric|Manectite\n|-ability|p2b: Manectric|Intimidate|boost\n|-unboost|p1a: Rotom|atk|1\n|-unboost|p1b: Archaludon|atk|1\n|move|p1a: Rotom|Overheat|p2b: Manectric\n|-damage|p2b: Manectric|2/100\n|-unboost|p1a: Rotom|spa|2\n|move|p2b: Manectric|Snarl|p1b: Archaludon|[spread] p1a,p1b\n|-damage|p1a: Rotom|82/100\n|-damage|p1b: Archaludon|86/100\n|-unboost|p1a: Rotom|spa|1\n|-unboost|p1b: Archaludon|spa|1\n|-ability|p1b: Archaludon|Stamina|boost\n|-boost|p1b: Archaludon|def|1\n|move|p1b: Archaludon|Dragon Pulse|p2a: Goodra\n|-damage|p2a: Goodra|84/100\n|move|p2a: Goodra|Shelter|p2a: Goodra\n|-boost|p2a: Goodra|def|2\n|\n|-heal|p1b: Archaludon|92/100|[from] item: Leftovers\n|-heal|p2a: Goodra|90/100|[from] item: Leftovers\n|upkeep\n|turn|2\n|\n|t:|1776124441\n|move|p2b: Manectric|Protect|p2b: Manectric\n|-singleturn|p2b: Manectric|Protect\n|move|p1a: Rotom|Overheat|p2b: Manectric\n|-activate|p2b: Manectric|move: Protect\n|move|p1b: Archaludon|Dragon Pulse|p2a: Goodra\n|-damage|p2a: Goodra|71/100\n|move|p2a: Goodra|Body Press|p1b: Archaludon\n|-supereffective|p1b: Archaludon|1\n|-damage|p1b: Archaludon|40/100\n|-ability|p1b: Archaludon|Stamina|boost\n|-boost|p1b: Archaludon|def|1\n|\n|-heal|p1b: Archaludon|46/100|[from] item: Leftovers\n|-heal|p2a: Goodra|77/100|[from] item: Leftovers\n|upkeep\n|turn|3\n|\n|t:|1776124458\n|switch|p2b: Aromatisse|Aromatisse, L50, F|100/100\n|move|p1b: Archaludon|Protect|p1b: Archaludon\n|-singleturn|p1b: Archaludon|Protect\n|move|p1a: Rotom|Overheat|p2b: Aromatisse\n|-damage|p2b: Aromatisse|76/100\n|-unboost|p1a: Rotom|spa|2\n|move|p2a: Goodra|Body Press|p1b: Archaludon\n|-activate|p1b: Archaludon|move: Protect\n|\n|-heal|p1b: Archaludon|52/100|[from] item: Leftovers\n|-heal|p2a: Goodra|83/100|[from] item: Leftovers\n|upkeep\n|turn|4\n|inactive|NiceChyip has 30 seconds left.\n|\n|t:|1776124485\n|switch|p1a: Pelipper|Pelipper, L50, F|100/100\n|-weather|RainDance|[from] ability: Drizzle|[of] p1a: Pelipper\n|move|p2b: Aromatisse|Ally Switch|p2b: Aromatisse\n|swap|p2b: Aromatisse|0|[from] move: Ally Switch\n|move|p1b: Archaludon|Electro Shot||[still]\n|-prepare|p1b: Archaludon|Electro Shot\n|-boost|p1b: Archaludon|spa|1\n|-anim|p1b: Archaludon|Electro Shot|p2b: Goodra\n|-resisted|p2b: Goodra|1\n|-damage|p2b: Goodra|69/100\n|move|p2b: Goodra|Shelter|p2b: Goodra\n|-boost|p2b: Goodra|def|2\n|\n|-weather|RainDance|[upkeep]\n|-heal|p1b: Archaludon|58/100|[from] item: Leftovers\n|-heal|p2b: Goodra|75/100|[from] item: Leftovers\n|upkeep\n|turn|5\n|inactive|hesan514 has 30 seconds left.\n|\n|t:|1776124519\n|move|p1a: Pelipper|Weather Ball|p2a: Aromatisse\n|-damage|p2a: Aromatisse|7/100\n|move|p1b: Archaludon|Electro Shot||[still]\n|-prepare|p1b: Archaludon|Electro Shot\n|-boost|p1b: Archaludon|spa|1\n|-anim|p1b: Archaludon|Electro Shot|p2b: Goodra\n|-resisted|p2b: Goodra|1\n|-damage|p2b: Goodra|55/100\n|move|p2b: Goodra|Body Press|p1b: Archaludon\n|-supereffective|p1b: Archaludon|1\n|-damage|p1b: Archaludon|6/100\n|-ability|p1b: Archaludon|Stamina|boost\n|-boost|p1b: Archaludon|def|1\n|move|p2a: Aromatisse|Aromatic Mist|p2b: Goodra\n|-boost|p2b: Goodra|spd|1\n|\n|-weather|RainDance|[upkeep]\n|-heal|p1b: Archaludon|12/100|[from] item: Leftovers\n|-heal|p2b: Goodra|60/100|[from] item: Leftovers\n|upkeep\n|turn|6\n|inactive|hesan514 has 30 seconds left.\n|inactive|NiceChyip has 30 seconds left.\n|\n|t:|1776124546\n|move|p2a: Aromatisse|Ally Switch|p2a: Aromatisse\n|swap|p2a: Aromatisse|1|[from] move: Ally Switch\n|move|p1a: Pelipper|Weather Ball|p2a: Goodra\n|-resisted|p2a: Goodra|1\n|-damage|p2a: Goodra|44/100\n|move|p1b: Archaludon|Dragon Pulse|p2b: Aromatisse\n|-immune|p2b: Aromatisse\n|move|p2a: Goodra|Body Press|p1b: Archaludon\n|-supereffective|p1b: Archaludon|1\n|-damage|p1b: Archaludon|0 fnt\n|faint|p1b: Archaludon\n|\n|-weather|RainDance|[upkeep]\n|-heal|p2a: Goodra|50/100|[from] item: Leftovers\n|upkeep\n|\n|t:|1776124555\n|switch|p1b: Feraligatr|Feraligatr, L50, F|100/100\n|turn|7\n|\n|t:|1776124569\n|detailschange|p1b: Feraligatr|Feraligatr-Mega, L50, F\n|-mega|p1b: Feraligatr|Feraligatr|Feraligite\n|move|p1b: Feraligatr|Double-Edge|p2a: Goodra\n|-damage|p2a: Goodra|31/100\n|-damage|p1b: Feraligatr|93/100|[from] Recoil\n|move|p1a: Pelipper|Hurricane|p2a: Goodra\n|-resisted|p2a: Goodra|1\n|-damage|p2a: Goodra|20/100\n|-start|p2a: Goodra|confusion\n|-activate|p2a: Goodra|confusion\n|move|p2a: Goodra|Body Press|p1b: Feraligatr\n|-damage|p1b: Feraligatr|26/100\n|move|p2b: Aromatisse|Heal Pulse|p2a: Goodra\n|-heal|p2a: Goodra|70/100\n|\n|-weather|RainDance|[upkeep]\n|-heal|p2a: Goodra|76/100|[from] item: Leftovers\n|upkeep\n|turn|8\n|\n|t:|1776124591\n|move|p2b: Aromatisse|Ally Switch|p2b: Aromatisse\n|swap|p2b: Aromatisse|0|[from] move: Ally Switch\n|move|p1b: Feraligatr|Double-Edge|p2a: Aromatisse\n|-immune|p2a: Aromatisse\n|move|p1a: Pelipper|Hurricane|p2b: Goodra\n|-resisted|p2b: Goodra|1\n|-damage|p2b: Goodra|65/100\n|-activate|p2b: Goodra|confusion\n|move|p2b: Goodra|Body Press|p1b: Feraligatr\n|-damage|p1b: Feraligatr|0 fnt\n|faint|p1b: Feraligatr\n|\n|-weather|none\n|-heal|p2b: Goodra|71/100|[from] item: Leftovers\n|upkeep\n|-message|hesan514 forfeited.\n|\n|win|NiceChyip\n|raw|hesan514's rating: 1208 &rarr; <strong>1181</strong><br />(-27 for losing)\n|raw|NiceChyip's rating: 1182 &rarr; <strong>1209</strong><br />(+27 for winning)\n|l|\u2606hesan514\n|player|p1|\n",
  "uploadtime": 1776124605,
  "views": 17,
  "formatid": "gen9championsvgc2026regma",
  "rating": 1181,
  "private": 0,
  "password": null
}