{
  "id": "gen9championsvgc2026regma-2584138574",
  "format": "[Gen 9 Champions] VGC 2026 Reg M-A",
  "players": [
    "phat shaming vegan",
    "Gosuguy"
  ],
  "log": "|j|\u2606phat shaming vegan\n|j|\u2606Gosuguy\n|t:|1776229548\n|gametype|doubles\n|player|p1|phat shaming vegan|n|1236\n|player|p2|Gosuguy|steven|1164\n|gen|9\n|tier|[Gen 9 Champions] VGC 2026 Reg M-A\n|rated|\n|rule|Species Clause: Limit one of each Pok\u00e9mon\n|rule|Item Clause: Limit 1 of each item\n|clearpoke\n|poke|p1|Aegislash, L50, F|\n|poke|p1|Aerodactyl, L50, F|\n|poke|p1|Scovillain, L50, F|\n|poke|p1|Primarina, L50, F|\n|poke|p1|Sneasler, L50, M|\n|poke|p1|Garchomp, L50, F|\n|poke|p2|Hawlucha, L50, M|\n|poke|p2|Garganacl, L50, F|\n|poke|p2|Kingambit, L50, F|\n|poke|p2|Incineroar, L50, F|\n|poke|p2|Sinistcha, L50|\n|poke|p2|Starmie, L50|\n|teampreview|4\n|inactive|Battle timer is ON: inactive players will automatically lose when time's up. (requested by Gosuguy)\n|inactive|phat shaming vegan has 60 seconds left.\n|inactive|Gosuguy has 60 seconds left.\n|\n|t:|1776229604\n|teamsize|p1|4\n|teamsize|p2|4\n|start\n|switch|p1a: Aerodactyl|Aerodactyl, L50, F|100/100\n|switch|p1b: Sneasler|Sneasler, L50, M|100/100\n|switch|p2a: Hawlucha|Hawlucha, L50, M|100/100\n|switch|p2b: Garganacl|Garganacl, L50, F|100/100\n|-ability|p1a: Aerodactyl|Unnerve\n|-ability|p2a: Hawlucha|Mold Breaker\n|turn|1\n|\n|t:|1776229620\n|detailschange|p2a: Hawlucha|Hawlucha-Mega, L50, M\n|-mega|p2a: Hawlucha|Hawlucha|Hawluchanite\n|move|p1a: Aerodactyl|Dual Wingbeat|p2a: Hawlucha\n|-supereffective|p2a: Hawlucha|1\n|-damage|p2a: Hawlucha|67/100\n|-supereffective|p2a: Hawlucha|1\n|-damage|p2a: Hawlucha|33/100\n|-hitcount|p2a: Hawlucha|2\n|move|p2a: Hawlucha|Entrainment|p2b: Garganacl\n|-ability|p2b: Garganacl|No Guard|Purifying Salt|[from] move: Entrainment|[of] p2a: Hawlucha\n|move|p1b: Sneasler|Close Combat|p2b: Garganacl\n|-supereffective|p2b: Garganacl|1\n|-damage|p2b: Garganacl|25/100\n|-unboost|p1b: Sneasler|def|1\n|-unboost|p1b: Sneasler|spd|1\n|-enditem|p1b: Sneasler|White Herb\n|-clearnegativeboost|p1b: Sneasler|[silent]\n|move|p2b: Garganacl|Stone Edge|p1a: Aerodactyl\n|-supereffective|p1a: Aerodactyl|1\n|-enditem|p1a: Aerodactyl|Focus Sash\n|-damage|p1a: Aerodactyl|1/100\n|\n|-heal|p2b: Garganacl|31/100|[from] item: Leftovers\n|upkeep\n|turn|2\n|inactive|phat shaming vegan has 30 seconds left.\n|inactive|phat shaming vegan has 20 seconds left.\n|\n|t:|1776229655\n|switch|p2a: Incineroar|Incineroar, L50, F, shiny|100/100\n|-ability|p2a: Incineroar|Intimidate|boost\n|-unboost|p1a: Aerodactyl|atk|1\n|-unboost|p1b: Sneasler|atk|1\n|move|p2b: Garganacl|Protect|p2b: Garganacl\n|-singleturn|p2b: Garganacl|Protect\n|move|p1b: Sneasler|Close Combat|p2b: Garganacl\n|-activate|p2b: Garganacl|move: Protect\n|move|p1a: Aerodactyl|Dual Wingbeat|p2a: Incineroar\n|-damage|p2a: Incineroar|89/100\n|-damage|p2a: Incineroar|78/100\n|-hitcount|p2a: Incineroar|2\n|\n|-heal|p2b: Garganacl|36/100|[from] item: Leftovers\n|upkeep\n|turn|3\n|\n|t:|1776229674\n|switch|p2b: Sinistcha|Sinistcha, L50|100/100\n|-heal|p2a: Incineroar|100/100|[from] ability: Hospitality|[of] p2b: Sinistcha\n|move|p1b: Sneasler|Protect|p1b: Sneasler\n|-singleturn|p1b: Sneasler|Protect\n|move|p1a: Aerodactyl|Protect|p1a: Aerodactyl\n|-singleturn|p1a: Aerodactyl|Protect\n|move|p2a: Incineroar|Flare Blitz|p1b: Sneasler\n|-activate|p1b: Sneasler|move: Protect\n|\n|upkeep\n|turn|4\n|inactive|Gosuguy has 30 seconds left.\n|\n|t:|1776229703\n|switch|p1b: Primarina|Primarina, L50, F|100/100\n|switch|p1a: Scovillain|Scovillain, L50, F|100/100\n|switch|p2b: Garganacl|Garganacl, L50, F|36/100\n|move|p2a: Incineroar|Flare Blitz|p1b: Primarina\n|-resisted|p1b: Primarina|1\n|-damage|p1b: Primarina|66/100\n|-status|p1b: Primarina|brn\n|-damage|p2a: Incineroar|90/100|[from] Recoil\n|\n|-heal|p1b: Primarina|72/100 brn|[from] item: Leftovers\n|-heal|p2b: Garganacl|42/100|[from] item: Leftovers\n|-damage|p1b: Primarina|66/100 brn|[from] brn\n|upkeep\n|turn|5\n|inactive|phat shaming vegan has 30 seconds left.\n|\n|t:|1776229738\n|detailschange|p1a: Scovillain|Scovillain-Mega, L50, F\n|-mega|p1a: Scovillain|Scovillain|Scovillainite\n|move|p2b: Garganacl|Wide Guard|p2b: Garganacl\n|-singleturn|p2b: Garganacl|Wide Guard\n|move|p1a: Scovillain|Leaf Storm|p2b: Garganacl\n|-supereffective|p2b: Garganacl|1\n|-damage|p2b: Garganacl|0 fnt\n|-unboost|p1a: Scovillain|spa|2\n|faint|p2b: Garganacl\n|move|p1b: Primarina|Hyper Voice|p2a: Incineroar\n|-activate|p2a: Incineroar|move: Wide Guard\n|move|p2a: Incineroar|Flare Blitz|p1a: Scovillain\n|-damage|p1a: Scovillain|31/100\n|-immune|p2a: Incineroar\n|-damage|p2a: Incineroar|70/100|[from] Recoil\n|\n|-heal|p1b: Primarina|72/100 brn|[from] item: Leftovers\n|-damage|p1b: Primarina|66/100 brn|[from] brn\n|upkeep\n|\n|t:|1776229756\n|switch|p2b: Sinistcha|Sinistcha, L50|100/100\n|-heal|p2a: Incineroar|95/100|[from] ability: Hospitality|[of] p2b: Sinistcha\n|turn|6\n|inactive|phat shaming vegan has 30 seconds left.\n|inactive|phat shaming vegan has 20 seconds left.\n|\n|t:|1776229793\n|move|p1a: Scovillain|Leech Seed|p2a: Incineroar\n|-start|p2a: Incineroar|move: Leech Seed\n|move|p2b: Sinistcha|Matcha Gotcha|p1b: Primarina|[spread] p1a\n|-miss|p2b: Sinistcha|p1b: Primarina\n|-resisted|p1a: Scovillain|2\n|-damage|p1a: Scovillain|24/100\n|-status|p2b: Sinistcha|brn|[from] ability: Spicy Spray|[of] p1a: Scovillain\n|move|p1b: Primarina|Moonblast|p2b: Sinistcha\n|-crit|p2b: Sinistcha\n|-damage|p2b: Sinistcha|26/100 brn\n|move|p2a: Incineroar|Parting Shot|p1a: Scovillain\n|-unboost|p1a: Scovillain|atk|1\n|-unboost|p1a: Scovillain|spa|1\n|\n|t:|1776229807\n|switch|p2a: Hawlucha|Hawlucha-Mega, L50, M|33/100|[from] Parting Shot\n|\n|-heal|p1b: Primarina|72/100 brn|[from] item: Leftovers\n|-damage|p2b: Sinistcha|20/100 brn|[from] brn\n|-damage|p1b: Primarina|66/100 brn|[from] brn\n|upkeep\n|turn|7\n|\n|t:|1776229822\n|move|p1b: Primarina|Protect|p1b: Primarina\n|-singleturn|p1b: Primarina|Protect\n|move|p1a: Scovillain|Rage Powder|p1a: Scovillain\n|-singleturn|p1a: Scovillain|move: Rage Powder\n|move|p2a: Hawlucha|Entrainment|p1a: Scovillain\n|-ability|p1a: Scovillain|No Guard|Spicy Spray|[from] move: Entrainment|[of] p2a: Hawlucha\n|move|p2b: Sinistcha|Matcha Gotcha|p1a: Scovillain|[spread] p1a\n|-activate|p1b: Primarina|move: Protect\n|-resisted|p1a: Scovillain|2\n|-damage|p1a: Scovillain|17/100\n|-heal|p2b: Sinistcha|23/100 brn|[from] drain|[of] p1a: Scovillain\n|\n|-heal|p1b: Primarina|72/100 brn|[from] item: Leftovers\n|-damage|p2b: Sinistcha|17/100 brn|[from] brn\n|-damage|p1b: Primarina|66/100 brn|[from] brn\n|upkeep\n|turn|8\n|inactive|phat shaming vegan has 30 seconds left.\n|\n|t:|1776229849\n|move|p2a: Hawlucha|Brave Bird|p1a: Scovillain\n|-supereffective|p1a: Scovillain|1\n|-damage|p1a: Scovillain|0 fnt\n|faint|p1a: Scovillain\n|-damage|p2a: Hawlucha|29/100|[from] Recoil\n|move|p2b: Sinistcha|Matcha Gotcha|p1b: Primarina\n|-supereffective|p1b: Primarina|1\n|-damage|p1b: Primarina|9/100 brn\n|-heal|p2b: Sinistcha|46/100 brn|[from] drain|[of] p1b: Primarina\n|move|p1b: Primarina|Hyper Voice|p2b: Sinistcha|[spread] p2a,p2b\n|-crit|p2a: Hawlucha\n|-resisted|p2b: Sinistcha|1\n|-damage|p2a: Hawlucha|0 fnt\n|-damage|p2b: Sinistcha|29/100 brn\n|faint|p2a: Hawlucha\n|\n|-heal|p1b: Primarina|15/100 brn|[from] item: Leftovers\n|-damage|p2b: Sinistcha|23/100 brn|[from] brn\n|-damage|p1b: Primarina|9/100 brn|[from] brn\n|upkeep\n|inactive|phat shaming vegan has 30 seconds left.\n|\n|t:|1776229881\n|switch|p2a: Incineroar|Incineroar, L50, F, shiny|95/100\n|switch|p1a: Aerodactyl|Aerodactyl, L50, F|1/100\n|-ability|p1a: Aerodactyl|Unnerve\n|-ability|p2a: Incineroar|Intimidate|boost\n|-unboost|p1a: Aerodactyl|atk|1\n|-unboost|p1b: Primarina|atk|1\n|turn|9\n|\n|t:|1776229897\n|move|p1a: Aerodactyl|Protect|p1a: Aerodactyl\n|-singleturn|p1a: Aerodactyl|Protect\n|move|p2a: Incineroar|Fake Out|p1a: Aerodactyl\n|-activate|p1a: Aerodactyl|move: Protect\n|move|p2b: Sinistcha|Matcha Gotcha|p1a: Aerodactyl|[spread] p1b\n|-activate|p1a: Aerodactyl|move: Protect\n|-supereffective|p1b: Primarina|1\n|-damage|p1b: Primarina|0 fnt\n|-heal|p2b: Sinistcha|28/100 brn|[from] drain|[of] p1b: Primarina\n|faint|p1b: Primarina\n|\n|-damage|p2b: Sinistcha|21/100 brn|[from] brn\n|upkeep\n|\n|t:|1776229907\n|switch|p1b: Sneasler|Sneasler, L50, M|100/100\n|turn|10\n|\n|t:|1776229925\n|move|p2b: Sinistcha|Protect|p2b: Sinistcha\n|-singleturn|p2b: Sinistcha|Protect\n|move|p1a: Aerodactyl|Dual Wingbeat|p2b: Sinistcha\n|-activate|p2b: Sinistcha|move: Protect\n|move|p1b: Sneasler|Close Combat|p2a: Incineroar\n|-supereffective|p2a: Incineroar|1\n|-damage|p2a: Incineroar|0 fnt\n|-unboost|p1b: Sneasler|def|1\n|-unboost|p1b: Sneasler|spd|1\n|faint|p2a: Incineroar\n|\n|-damage|p2b: Sinistcha|15/100 brn|[from] brn\n|upkeep\n|turn|11\n|\n|t:|1776229939\n|move|p1a: Aerodactyl|Dual Wingbeat|p2b: Sinistcha\n|-supereffective|p2b: Sinistcha|1\n|-damage|p2b: Sinistcha|0 fnt\n|faint|p2b: Sinistcha\n|-hitcount|p2: Sinistcha|1\n|\n|win|phat shaming vegan\n|raw|phat shaming vegan's rating: 1236 &rarr; <strong>1256</strong><br />(+20 for winning)\n|raw|Gosuguy's rating: 1164 &rarr; <strong>1144</strong><br />(-20 for losing)\n|l|\u2606phat shaming vegan\n|player|p1|\n",
  "uploadtime": 1776229983,
  "views": 25,
  "formatid": "gen9championsvgc2026regma",
  "rating": 1144,
  "private": 0,
  "password": null
}