{
  "id": "gen9championsvgc2026regma-2583192603",
  "format": "[Gen 9 Champions] VGC 2026 Reg M-A",
  "players": [
    "Bertorium7",
    "Deadly Support"
  ],
  "log": "|j|\u2606Bertorium7\n|j|\u2606Deadly Support\n|t:|1776153119\n|gametype|doubles\n|player|p1|Bertorium7|2|1130\n|player|p2|Deadly Support|266|1051\n|gen|9\n|tier|[Gen 9 Champions] VGC 2026 Reg M-A\n|rated|\n|rule|Species Clause: Limit one of each Pok\u00e9mon\n|rule|Item Clause: Limit 1 of each item\n|clearpoke\n|poke|p1|Gourgeist-*, L50, M|\n|poke|p1|Gengar, L50, F|\n|poke|p1|Aerodactyl, L50, M|\n|poke|p1|Garchomp, L50, M|\n|poke|p1|Tyranitar, L50, M|\n|poke|p1|Milotic, L50, M|\n|poke|p2|Lopunny, L50, M|\n|poke|p2|Whimsicott, L50, M|\n|poke|p2|Basculegion, L50, M|\n|poke|p2|Torkoal, L50, F|\n|poke|p2|Aggron, L50, F|\n|poke|p2|Raichu, L50, F|\n|teampreview|4\n|inactive|Battle timer is ON: inactive players will automatically lose when time's up. (requested by Deadly Support)\n|inactive|Bertorium7 has 60 seconds left.\n|inactive|Deadly Support has 60 seconds left.\nDeadly Support rejected open team sheets.\n|\n|t:|1776153175\n|teamsize|p1|4\n|teamsize|p2|4\n|start\n|switch|p1a: Aerodactyl|Aerodactyl, L50, M|100/100\n|switch|p1b: Gengar|Gengar, L50, F|100/100\n|switch|p2a: Whimsicott|Whimsicott, L50, M|100/100\n|switch|p2b: Lopunny|Lopunny, L50, M|100/100\n|-ability|p1a: Aerodactyl|Unnerve\n|turn|1\n|inactive|Deadly Support has 30 seconds left.\n|\n|t:|1776153209\n|move|p2b: Lopunny|Fake Out|p1a: Aerodactyl\n|-resisted|p1a: Aerodactyl|1\n|-damage|p1a: Aerodactyl|93/100\n|move|p2a: Whimsicott|Tailwind|p2a: Whimsicott\n|-sidestart|p2: Deadly Support|move: Tailwind\n|cant|p1a: Aerodactyl|flinch\n|move|p1b: Gengar|Sludge Bomb|p2a: Whimsicott\n|-supereffective|p2a: Whimsicott|2\n|-damage|p2a: Whimsicott|0 fnt\n|faint|p2a: Whimsicott\n|\n|upkeep\n|\n|t:|1776153219\n|switch|p2a: Torkoal|Torkoal, L50, F|100/100\n|-weather|SunnyDay|[from] ability: Drought|[of] p2a: Torkoal\n|turn|2\n|inactive|Bertorium7 has 30 seconds left.\n|\n|t:|1776153244\n|move|p2b: Lopunny|After You|p2a: Torkoal\n|-activate|p2a: Torkoal|move: After You\n|move|p2a: Torkoal|Eruption|p1a: Aerodactyl|[spread] p1a,p1b\n|-resisted|p1a: Aerodactyl|1\n|-damage|p1a: Aerodactyl|42/100\n|-damage|p1b: Gengar|0 fnt\n|faint|p1b: Gengar\n|move|p1a: Aerodactyl|Rock Slide|p2b: Lopunny|[spread] p2b\n|-miss|p1a: Aerodactyl|p2a: Torkoal\n|-damage|p2b: Lopunny|79/100\n|\n|-weather|SunnyDay|[upkeep]\n|upkeep\n|\n|t:|1776153262\n|switch|p1b: Garchomp|Garchomp, L50, M|100/100\n|turn|3\n|\n|t:|1776153273\n|switch|p1a: Tyranitar|Tyranitar, L50, M|100/100\n|-weather|Sandstorm|[from] ability: Sand Stream|[of] p1a: Tyranitar\n|move|p2b: Lopunny|After You|p2a: Torkoal\n|-activate|p2a: Torkoal|move: After You\n|move|p2a: Torkoal|Solar Beam||[still]\n|-prepare|p2a: Torkoal|Solar Beam\n|move|p1b: Garchomp|Swords Dance|p1b: Garchomp\n|-boost|p1b: Garchomp|atk|2\n|\n|-weather|Sandstorm|[upkeep]\n|-damage|p2b: Lopunny|73/100|[from] Sandstorm\n|-damage|p2a: Torkoal|94/100|[from] Sandstorm\n|upkeep\n|turn|4\n|\n|t:|1776153290\n|move|p1a: Tyranitar|Protect|p1a: Tyranitar\n|-singleturn|p1a: Tyranitar|Protect\n|move|p2b: Lopunny|After You|p2a: Torkoal\n|-activate|p2a: Torkoal|move: After You\n|move|p2a: Torkoal|Solar Beam|p1b: Garchomp|[from] lockedmove\n|-damage|p1b: Garchomp|84/100\n|move|p1b: Garchomp|Earthquake|p2a: Torkoal|[spread] p2a,p2b\n|-activate|p1a: Tyranitar|move: Protect\n|-supereffective|p2a: Torkoal|1\n|-damage|p2a: Torkoal|3/100\n|-damage|p2b: Lopunny|0 fnt\n|faint|p2b: Lopunny\n|\n|-weather|Sandstorm|[upkeep]\n|-damage|p2a: Torkoal|0 fnt|[from] Sandstorm\n|faint|p2a: Torkoal\n|-sideend|p2: Deadly Support|move: Tailwind\n|upkeep\n|\n|t:|1776153308\n|switch|p2b: Basculegion|Basculegion, L50, M|100/100\n|turn|5\n|\n|t:|1776153324\n|detailschange|p1a: Tyranitar|Tyranitar-Mega, L50, M\n|-mega|p1a: Tyranitar|Tyranitar|Tyranitarite\n|move|p2b: Basculegion|Aqua Jet|p1a: Tyranitar\n|-supereffective|p1a: Tyranitar|1\n|-damage|p1a: Tyranitar|64/100\n|move|p1b: Garchomp|Dragon Claw|p2b: Basculegion\n|-damage|p2b: Basculegion|14/100\n|move|p1a: Tyranitar|Knock Off|p2b: Basculegion\n|-supereffective|p2b: Basculegion|1\n|-damage|p2b: Basculegion|0 fnt\n|-enditem|p2b: Basculegion|Mystic Water|[from] move: Knock Off|[of] p1a: Tyranitar\n|faint|p2b: Basculegion\n|\n|win|Bertorium7\n|raw|Bertorium7's rating: 1130 &rarr; <strong>1149</strong><br />(+19 for winning)\n|raw|Deadly Support's rating: 1051 &rarr; <strong>1037</strong><br />(-14 for losing)\n|l|\u2606Deadly Support\n|player|p2|\n",
  "uploadtime": 1776153339,
  "views": 25,
  "formatid": "gen9championsvgc2026regma",
  "rating": 1037,
  "private": 0,
  "password": null
}