{
  "id": "gen9championsvgc2026regma-2584448543",
  "format": "[Gen 9 Champions] VGC 2026 Reg M-A",
  "players": [
    "amendoleaa",
    "emeraldspottie"
  ],
  "log": "|j|\u2606amendoleaa\n|j|\u2606emeraldspottie\n|t:|1776261594\n|gametype|doubles\n|player|p1|amendoleaa|170|1174\n|player|p2|emeraldspottie|volo-ginkgo|1140\n|gen|9\n|tier|[Gen 9 Champions] VGC 2026 Reg M-A\n|rated|\n|rule|Species Clause: Limit one of each Pok\u00e9mon\n|rule|Item Clause: Limit 1 of each item\n|clearpoke\n|poke|p1|Charizard, L50, F|\n|poke|p1|Sneasler, L50, F|\n|poke|p1|Basculegion, L50, M|\n|poke|p1|Garchomp, L50, F|\n|poke|p1|Incineroar, L50, M|\n|poke|p1|Venusaur, L50, M|\n|poke|p2|Politoed, L50, M|\n|poke|p2|Gengar, L50, F|\n|poke|p2|Incineroar, L50, F|\n|poke|p2|Palafin, L50, M|\n|poke|p2|Whimsicott, L50, M|\n|poke|p2|Kommo-o, L50, F|\n|teampreview|4\n|inactive|Battle timer is ON: inactive players will automatically lose when time's up. (requested by amendoleaa)\n|c|\u2606emeraldspottie|glhf\n|c|\u2606amendoleaa|glhf 2\n|inactive|amendoleaa has 60 seconds left.\n|\n|t:|1776261639\n|teamsize|p1|4\n|teamsize|p2|4\n|start\n|switch|p1a: Sneasler|Sneasler, L50, F|100/100\n|switch|p1b: Basculegion|Basculegion, L50, M|100/100\n|switch|p2a: Gengar|Gengar, L50, F|100/100\n|switch|p2b: Incineroar|Incineroar, L50, F|100/100\n|-ability|p2b: Incineroar|Intimidate|boost\n|-unboost|p1a: Sneasler|atk|1\n|-unboost|p1b: Basculegion|atk|1\n|-enditem|p1a: Sneasler|White Herb\n|-clearnegativeboost|p1a: Sneasler|[silent]\n|turn|1\n|inactive|emeraldspottie has 30 seconds left.\n|inactive|amendoleaa has 30 seconds left.\n|\n|t:|1776261676\n|switch|p1a: Charizard|Charizard, L50, F|100/100\n|detailschange|p2a: Gengar|Gengar-Mega, L50, F\n|-mega|p2a: Gengar|Gengar|Gengarite\n|move|p2a: Gengar|Protect|p2a: Gengar\n|-singleturn|p2a: Gengar|Protect\n|move|p1b: Basculegion|Flip Turn|p2b: Incineroar\n|-supereffective|p2b: Incineroar|1\n|-damage|p2b: Incineroar|48/100\n|-enditem|p2b: Incineroar|Sitrus Berry|[eat]\n|-heal|p2b: Incineroar|73/100|[from] item: Sitrus Berry\n|\n|t:|1776261689\n|switch|p1b: Venusaur|Venusaur, L50, M|100/100|[from] Flip Turn\n|move|p2b: Incineroar|Darkest Lariat|p1b: Venusaur\n|-damage|p1b: Venusaur|57/100\n|\n|upkeep\n|turn|2\n|\n|t:|1776261708\n|switch|p2b: Politoed|Politoed, L50, M|100/100\n|-weather|RainDance|[from] ability: Drizzle|[of] p2b: Politoed\n|move|p1a: Charizard|Protect|p1a: Charizard\n|-singleturn|p1a: Charizard|Protect\n|move|p2a: Gengar|Shadow Ball|p1a: Charizard\n|-activate|p1a: Charizard|move: Protect\n|move|p1b: Venusaur|Sleep Powder|p2a: Gengar\n|-status|p2a: Gengar|slp|[from] move: Sleep Powder\n|\n|-weather|RainDance|[upkeep]\n|upkeep\n|turn|3\n|inactive|emeraldspottie has 30 seconds left.\n|inactive|emeraldspottie has 20 seconds left.\n|\n|t:|1776261744\n|detailschange|p1a: Charizard|Charizard-Mega-Y, L50, F\n|-mega|p1a: Charizard|Charizard|Charizardite Y\n|-weather|SunnyDay|[from] ability: Drought|[of] p1a: Charizard\n|move|p1b: Venusaur|Energy Ball|p2b: Politoed\n|-supereffective|p2b: Politoed|1\n|-damage|p2b: Politoed|34/100\n|cant|p2a: Gengar|slp\n|move|p1a: Charizard|Heat Wave|p2a: Gengar|[spread] p2a,p2b\n|-resisted|p2b: Politoed|1\n|-damage|p2a: Gengar|25/100 slp\n|-damage|p2b: Politoed|5/100\n|move|p2b: Politoed|Weather Ball|p1a: Charizard\n|-resisted|p1a: Charizard|1\n|-damage|p1a: Charizard|84/100\n|\n|-weather|SunnyDay|[upkeep]\n|-heal|p2b: Politoed|11/100|[from] item: Leftovers\n|upkeep\n|turn|4\n|inactive|amendoleaa has 30 seconds left.\n|\n|t:|1776261771\n|cant|p2a: Gengar|slp\n|move|p1b: Venusaur|Energy Ball|p2a: Gengar\n|-resisted|p2a: Gengar|1\n|-damage|p2a: Gengar|0 fnt\n|faint|p2a: Gengar\n|move|p1a: Charizard|Weather Ball|p2b: Politoed\n|-resisted|p2b: Politoed|1\n|-damage|p2b: Politoed|0 fnt\n|faint|p2b: Politoed\n|\n|-weather|SunnyDay|[upkeep]\n|upkeep\n|\n|t:|1776261778\n|switch|p2a: Whimsicott|Whimsicott, L50, M|100/100\n|switch|p2b: Incineroar|Incineroar, L50, F|73/100\n|-ability|p2b: Incineroar|Intimidate|boost\n|-unboost|p1a: Charizard|atk|1\n|-unboost|p1b: Venusaur|atk|1\n|turn|5\n|-message|emeraldspottie forfeited.\n|\n|win|amendoleaa\n|raw|amendoleaa's rating: 1174 &rarr; <strong>1197</strong><br />(+23 for winning)\n|raw|emeraldspottie's rating: 1140 &rarr; <strong>1117</strong><br />(-23 for losing)\n|l|\u2606emeraldspottie\n|player|p2|\n|c|\u2606amendoleaa|gg\n",
  "uploadtime": 1776261805,
  "views": 23,
  "formatid": "gen9championsvgc2026regma",
  "rating": 1117,
  "private": 0,
  "password": null
}