{
  "id": "gen9championsvgc2026regma-2583023075",
  "format": "[Gen 9 Champions] VGC 2026 Reg M-A",
  "players": [
    "MurkrowFan1",
    "chris4552Jk"
  ],
  "log": "|j|\u2606MurkrowFan1\n|j|\u2606chris4552Jk\n|t:|1776134224\n|gametype|doubles\n|player|p1|MurkrowFan1|102|1155\n|player|p2|chris4552Jk|102|1145\n|gen|9\n|tier|[Gen 9 Champions] VGC 2026 Reg M-A\n|rated|\n|rule|Species Clause: Limit one of each Pok\u00e9mon\n|rule|Item Clause: Limit 1 of each item\n|clearpoke\n|poke|p1|Scovillain, L50, F|\n|poke|p1|Primarina, L50, F|\n|poke|p1|Sinistcha, L50|\n|poke|p1|Garchomp, L50, M|\n|poke|p1|Aerodactyl, L50, M|\n|poke|p1|Sneasler, L50, M|\n|poke|p2|Tyranitar, L50, M|\n|poke|p2|Garchomp, L50, F|\n|poke|p2|Sinistcha, L50|\n|poke|p2|Corviknight, L50, F|\n|poke|p2|Sneasler, L50, M|\n|poke|p2|Rotom-Wash, L50|\n|teampreview|4\n|inactive|Battle timer is ON: inactive players will automatically lose when time's up. (requested by MurkrowFan1)\n|inactive|MurkrowFan1 has 60 seconds left.\n|inactive|chris4552Jk has 60 seconds left.\n|inactive|MurkrowFan1 has 30 seconds left.\n|inactive|MurkrowFan1 has 20 seconds left.\n|\n|t:|1776134298\n|teamsize|p1|4\n|teamsize|p2|4\n|start\n|switch|p1a: Scovillain|Scovillain, L50, F|100/100\n|switch|p1b: Primarina|Primarina, L50, F|100/100\n|switch|p2a: Silver chariot|Corviknight, L50, F|100/100\n|switch|p2b: soft and wet|Rotom-Wash, L50|100/100\n|turn|1\n|inactive|chris4552Jk has 30 seconds left.\n|inactive|chris4552Jk has 20 seconds left.\n|\n|t:|1776134336\n|detailschange|p1a: Scovillain|Scovillain-Mega, L50, F\n|-mega|p1a: Scovillain|Scovillain|Scovillainite\n|move|p1a: Scovillain|Rage Powder|p1a: Scovillain\n|-singleturn|p1a: Scovillain|move: Rage Powder\n|move|p2b: soft and wet|Volt Switch|p1a: Scovillain\n|-resisted|p1a: Scovillain|1\n|-damage|p1a: Scovillain|85/100\n|-status|p2b: soft and wet|brn|[from] ability: Spicy Spray|[of] p1a: Scovillain\n|\n|t:|1776134349\n|switch|p2b: wamuu|Tyranitar, L50, M|100/100|[from] Volt Switch\n|-weather|Sandstorm|[from] ability: Sand Stream|[of] p2b: wamuu\n|move|p1b: Primarina|Calm Mind|p1b: Primarina\n|-boost|p1b: Primarina|spa|1\n|-boost|p1b: Primarina|spd|1\n|move|p2a: Silver chariot|Tailwind|p2a: Silver chariot\n|-sidestart|p2: chris4552Jk|move: Tailwind\n|\n|-weather|Sandstorm|[upkeep]\n|-damage|p1a: Scovillain|79/100|[from] Sandstorm\n|-damage|p1b: Primarina|94/100|[from] Sandstorm\n|-heal|p1b: Primarina|100/100|[from] item: Leftovers\n|upkeep\n|turn|2\n|inactive|chris4552Jk has 30 seconds left.\n|inactive|MurkrowFan1 has 30 seconds left.\n|inactive|chris4552Jk has 20 seconds left.\n|inactive|chris4552Jk has 15 seconds left.\n|inactive|chris4552Jk has 10 seconds left.\n|\n|t:|1776134398\n|switch|p2b: soft and wet|Rotom-Wash, L50|100/100 brn\n|move|p1a: Scovillain|Rage Powder|p1a: Scovillain\n|-singleturn|p1a: Scovillain|move: Rage Powder\n|move|p2a: Silver chariot|Bulk Up|p2a: Silver chariot\n|-boost|p2a: Silver chariot|atk|1\n|-boost|p2a: Silver chariot|def|1\n|move|p1b: Primarina|Calm Mind|p1b: Primarina\n|-boost|p1b: Primarina|spa|1\n|-boost|p1b: Primarina|spd|1\n|\n|-weather|Sandstorm|[upkeep]\n|-damage|p2b: soft and wet|95/100 brn|[from] Sandstorm\n|-damage|p1a: Scovillain|73/100|[from] Sandstorm\n|-damage|p1b: Primarina|94/100|[from] Sandstorm\n|-heal|p1b: Primarina|100/100|[from] item: Leftovers\n|-damage|p2b: soft and wet|89/100 brn|[from] brn\n|upkeep\n|turn|3\n|\n|t:|1776134415\n|move|p1a: Scovillain|Rage Powder|p1a: Scovillain\n|-singleturn|p1a: Scovillain|move: Rage Powder\n|move|p2b: soft and wet|Electroweb|p1a: Scovillain|[spread] p1a,p1b\n|-resisted|p1a: Scovillain|1\n|-supereffective|p1b: Primarina|1\n|-damage|p1a: Scovillain|63/100\n|-damage|p1b: Primarina|86/100\n|-unboost|p1a: Scovillain|spe|1\n|-unboost|p1b: Primarina|spe|1\n|move|p2a: Silver chariot|Brave Bird|p1a: Scovillain\n|-supereffective|p1a: Scovillain|1\n|-damage|p1a: Scovillain|0 fnt\n|-status|p2a: Silver chariot|brn|[from] ability: Spicy Spray|[of] p1a: Scovillain\n|faint|p1a: Scovillain\n|-damage|p2a: Silver chariot|83/100 brn|[from] Recoil\n|move|p1b: Primarina|Hyper Voice|p2a: Silver chariot|[spread] p2a,p2b\n|-resisted|p2b: soft and wet|1\n|-damage|p2a: Silver chariot|9/100 brn\n|-damage|p2b: soft and wet|42/100 brn\n|\n|-weather|Sandstorm|[upkeep]\n|-damage|p2b: soft and wet|37/100 brn|[from] Sandstorm\n|-damage|p1b: Primarina|79/100|[from] Sandstorm\n|-heal|p2a: Silver chariot|15/100 brn|[from] item: Leftovers\n|-heal|p1b: Primarina|86/100|[from] item: Leftovers\n|-damage|p2b: soft and wet|31/100 brn|[from] brn\n|-damage|p2a: Silver chariot|9/100 brn|[from] brn\n|upkeep\n|\n|t:|1776134439\n|switch|p1a: Aerodactyl|Aerodactyl, L50, M|100/100\n|-ability|p1a: Aerodactyl|Unnerve\n|turn|4\n|\n|t:|1776134451\n|move|p1a: Aerodactyl|Protect|p1a: Aerodactyl\n|-singleturn|p1a: Aerodactyl|Protect\n|move|p1b: Primarina|Protect|p1b: Primarina\n|-singleturn|p1b: Primarina|Protect\n|move|p2b: soft and wet|Electroweb|p1a: Aerodactyl|[spread] \n|-activate|p1a: Aerodactyl|move: Protect\n|-activate|p1b: Primarina|move: Protect\n|move|p2a: Silver chariot|Brave Bird|p1b: Primarina\n|-activate|p1b: Primarina|move: Protect\n|\n|-weather|Sandstorm|[upkeep]\n|-damage|p2b: soft and wet|26/100 brn|[from] Sandstorm\n|-damage|p1b: Primarina|79/100|[from] Sandstorm\n|-heal|p2a: Silver chariot|15/100 brn|[from] item: Leftovers\n|-heal|p1b: Primarina|86/100|[from] item: Leftovers\n|-damage|p2b: soft and wet|20/100 brn|[from] brn\n|-damage|p2a: Silver chariot|9/100 brn|[from] brn\n|-sideend|p2: chris4552Jk|move: Tailwind\n|upkeep\n|turn|5\n|\n|t:|1776134469\n|move|p2b: soft and wet|Electroweb|p1a: Aerodactyl|[spread] p1a,p1b\n|-supereffective|p1a: Aerodactyl|1\n|-supereffective|p1b: Primarina|1\n|-damage|p1a: Aerodactyl|62/100\n|-damage|p1b: Primarina|69/100\n|-unboost|p1a: Aerodactyl|spe|1\n|-unboost|p1b: Primarina|spe|1\n|move|p1a: Aerodactyl|Tailwind|p1a: Aerodactyl\n|-sidestart|p1: MurkrowFan1|move: Tailwind\n|move|p1b: Primarina|Hyper Voice|p2b: soft and wet|[spread] p2a,p2b\n|-resisted|p2b: soft and wet|1\n|-damage|p2a: Silver chariot|0 fnt\n|-damage|p2b: soft and wet|0 fnt\n|faint|p2a: Silver chariot\n|faint|p2b: soft and wet\n|\n|-weather|none\n|-heal|p1b: Primarina|75/100|[from] item: Leftovers\n|upkeep\n|\n|t:|1776134484\n|switch|p2b: kars|Garchomp, L50, F|100/100\n|switch|p2a: wamuu|Tyranitar, L50, M|100/100\n|-weather|Sandstorm|[from] ability: Sand Stream|[of] p2a: wamuu\n|turn|6\n|\n|t:|1776134501\n|detailschange|p2a: wamuu|Tyranitar-Mega, L50, M\n|-mega|p2a: wamuu|Tyranitar|Tyranitarite\n|move|p1a: Aerodactyl|Rock Slide|p2b: kars|[spread] p2a,p2b\n|-resisted|p2b: kars|1\n|-damage|p2a: wamuu|85/100\n|-damage|p2b: kars|88/100\n|cant|p2b: kars|flinch\n|move|p1b: Primarina|Hyper Voice|p2a: wamuu|[spread] p2a\n|-miss|p1b: Primarina|p2b: kars\n|-supereffective|p2a: wamuu|1\n|-damage|p2a: wamuu|8/100\n|move|p2a: wamuu|Rock Slide|p1a: Aerodactyl|[spread] p1a,p1b\n|-supereffective|p1a: Aerodactyl|1\n|-damage|p1a: Aerodactyl|0 fnt\n|-damage|p1b: Primarina|25/100\n|faint|p1a: Aerodactyl\n|\n|-weather|Sandstorm|[upkeep]\n|-damage|p1b: Primarina|19/100|[from] Sandstorm\n|-heal|p1b: Primarina|25/100|[from] item: Leftovers\n|upkeep\n|\n|t:|1776134512\n|switch|p1a: Sneasler|Sneasler, L50, M|100/100\n|turn|7\n|\n|t:|1776134529\n|move|p2b: kars|Protect|p2b: kars\n|-singleturn|p2b: kars|Protect\n|move|p2a: wamuu|Protect|p2a: wamuu\n|-singleturn|p2a: wamuu|Protect\n|move|p1a: Sneasler|Close Combat|p2b: kars\n|-activate|p2b: kars|move: Protect\n|move|p1b: Primarina|Hyper Voice|p2b: kars|[spread] \n|-activate|p2a: wamuu|move: Protect\n|-activate|p2b: kars|move: Protect\n|\n|-weather|Sandstorm|[upkeep]\n|-damage|p1a: Sneasler|95/100|[from] Sandstorm\n|-damage|p1b: Primarina|19/100|[from] Sandstorm\n|-heal|p1b: Primarina|25/100|[from] item: Leftovers\n|upkeep\n|turn|8\n|inactive|chris4552Jk has 30 seconds left.\n|inactive|chris4552Jk has 20 seconds left.\n|inactive|chris4552Jk has 15 seconds left.\n|inactive|chris4552Jk has 10 seconds left.\n|\n|t:|1776134577\n|move|p1a: Sneasler|Close Combat|p2b: kars\n|-damage|p2b: kars|24/100\n|-unboost|p1a: Sneasler|def|1\n|-unboost|p1a: Sneasler|spd|1\n|-enditem|p1a: Sneasler|White Herb\n|-clearnegativeboost|p1a: Sneasler|[silent]\n|move|p2b: kars|Earthquake|p1b: Primarina|[spread] p2a,p1a,p1b\n|-supereffective|p2a: wamuu|1\n|-supereffective|p1a: Sneasler|1\n|-damage|p2a: wamuu|0 fnt\n|-damage|p1a: Sneasler|0 fnt\n|-damage|p1b: Primarina|0 fnt\n|faint|p2a: wamuu\n|faint|p1a: Sneasler\n|faint|p1b: Primarina\n|\n|win|chris4552Jk\n|raw|MurkrowFan1's rating: 1155 &rarr; <strong>1129</strong><br />(-26 for losing)\n|raw|chris4552Jk's rating: 1145 &rarr; <strong>1171</strong><br />(+26 for winning)\n",
  "uploadtime": 1776134590,
  "views": 15,
  "formatid": "gen9championsvgc2026regma",
  "rating": 1129,
  "private": 0,
  "password": null
}