{
  "id": "gen9championsvgc2026regma-2588579368",
  "format": "[Gen 9 Champions] VGC 2026 Reg M-A",
  "players": [
    "twentynine29",
    "Devta"
  ],
  "log": "|j|\u2606twentynine29\n|j|\u2606Devta\n|t:|1776646883\n|gametype|doubles\n|player|p1|twentynine29|1|1271\n|player|p2|Devta|hexmaniac-gen6|1315\n|gen|9\n|tier|[Gen 9 Champions] VGC 2026 Reg M-A\n|rated|\n|rule|Species Clause: Limit one of each Pok\u00e9mon\n|rule|Item Clause: Limit 1 of each item\n|clearpoke\n|poke|p1|Charizard, L50, M|\n|poke|p1|Venusaur, L50, M|\n|poke|p1|Rotom-Wash, L50|\n|poke|p1|Sneasler, L50, F|\n|poke|p1|Garchomp, L50, M|\n|poke|p1|Incineroar, L50, F|\n|poke|p2|Gengar, L50, M, shiny|\n|poke|p2|Sneasler, L50, M|\n|poke|p2|Incineroar, L50, F|\n|poke|p2|Kingambit, L50, M|\n|poke|p2|Pelipper, L50, M|\n|poke|p2|Basculegion, L50, M|\n|teampreview|4\n|inactive|Battle timer is ON: inactive players will automatically lose when time's up. (requested by twentynine29)\n|inactive|Devta has 60 seconds left.\n|inactive|Devta has 30 seconds left.\n|\n|t:|1776646953\n|teamsize|p1|4\n|teamsize|p2|4\n|start\n|switch|p1a: Charizard|Charizard, L50, M|100/100\n|switch|p1b: Venusaur|Venusaur, L50, M|100/100\n|switch|p2a: Gengar|Gengar, L50, M, shiny|100/100\n|switch|p2b: Basculegion|Basculegion, L50, M|100/100\n|turn|1\n|\n|t:|1776646969\n|detailschange|p2a: Gengar|Gengar-Mega, L50, M, shiny\n|-mega|p2a: Gengar|Gengar|Gengarite\n|detailschange|p1a: Charizard|Charizard-Mega-Y, L50, M\n|-mega|p1a: Charizard|Charizard|Charizardite Y\n|-weather|SunnyDay|[from] ability: Drought|[of] p1a: Charizard\n|move|p2a: Gengar|Protect|p2a: Gengar\n|-singleturn|p2a: Gengar|Protect\n|move|p1b: Venusaur|Sleep Powder|p2a: Gengar\n|-activate|p2a: Gengar|move: Protect\n|move|p2b: Basculegion|Flip Turn|p1a: Charizard\n|-supereffective|p1a: Charizard|1\n|-damage|p1a: Charizard|44/100\n|\n|t:|1776646979\n|switch|p2b: Pelipper|Pelipper, L50, M|100/100|[from] Flip Turn\n|-weather|RainDance|[from] ability: Drizzle|[of] p2b: Pelipper\n|move|p1a: Charizard|Heat Wave|p2a: Gengar|[spread] p2b\n|-activate|p2a: Gengar|move: Protect\n|-resisted|p2b: Pelipper|1\n|-damage|p2b: Pelipper|86/100\n|\n|-weather|RainDance|[upkeep]\n|upkeep\n|turn|2\n|\n|t:|1776647001\n|move|p2a: Gengar|Icy Wind|p1a: Charizard|[spread] p1a,p1b\n|-supereffective|p1b: Venusaur|1\n|-damage|p1a: Charizard|28/100\n|-damage|p1b: Venusaur|65/100\n|-unboost|p1a: Charizard|spe|1\n|-unboost|p1b: Venusaur|spe|1\n|move|p1a: Charizard|Weather Ball|p2b: Pelipper\n|-resisted|p2b: Pelipper|1\n|-damage|p2b: Pelipper|44/100\n|-enditem|p2b: Pelipper|Sitrus Berry|[eat]\n|-heal|p2b: Pelipper|69/100|[from] item: Sitrus Berry\n|move|p2b: Pelipper|Hurricane|p1b: Venusaur\n|-supereffective|p1b: Venusaur|1\n|-damage|p1b: Venusaur|0 fnt\n|faint|p1b: Venusaur\n|\n|-weather|RainDance|[upkeep]\n|upkeep\n|\n|t:|1776647007\n|switch|p1b: Rotom|Rotom-Wash, L50|100/100\n|turn|3\n|\n|t:|1776647025\n|move|p2a: Gengar|Icy Wind|p1b: Rotom|[spread] p1a,p1b\n|-crit|p1a: Charizard\n|-resisted|p1b: Rotom|1\n|-damage|p1a: Charizard|2/100\n|-damage|p1b: Rotom|93/100\n|-unboost|p1a: Charizard|spe|1\n|-unboost|p1b: Rotom|spe|1\n|move|p2b: Pelipper|Muddy Water|p1a: Charizard|[spread] p1a,p1b\n|-supereffective|p1a: Charizard|1\n|-resisted|p1b: Rotom|1\n|-damage|p1a: Charizard|0 fnt\n|-damage|p1b: Rotom|74/100\n|faint|p1a: Charizard\n|move|p1b: Rotom|Thunderbolt|p2b: Pelipper\n|-supereffective|p2b: Pelipper|2\n|-damage|p2b: Pelipper|0 fnt\n|faint|p2b: Pelipper\n|\n|-weather|RainDance|[upkeep]\n|-heal|p1b: Rotom|79/100|[from] item: Leftovers\n|upkeep\n|\n|t:|1776647030\n|switch|p1a: Sneasler|Sneasler, L50, F|100/100\n|switch|p2b: Sneasler|Sneasler, L50, M|100/100\n|turn|4\n|\n|t:|1776647044\n|move|p1a: Sneasler|Fake Out|p2b: Sneasler\n|-damage|p2b: Sneasler|73/100\n|-immune|p2b: Sneasler\n|cant|p2b: Sneasler|flinch\n|move|p2a: Gengar|Sludge Bomb|p1a: Sneasler\n|-resisted|p1a: Sneasler|1\n|-damage|p1a: Sneasler|64/100\n|move|p1b: Rotom|Hydro Pump|p2a: Gengar\n|-damage|p2a: Gengar|34/100\n|\n|-weather|RainDance|[upkeep]\n|-heal|p1b: Rotom|85/100|[from] item: Leftovers\n|upkeep\n|turn|5\n|\n|t:|1776647057\n|move|p2a: Gengar|Sludge Bomb|p1b: Rotom\n|-damage|p1b: Rotom|35/100\n|-status|p1b: Rotom|psn\n|move|p1a: Sneasler|Dire Claw|p2b: Sneasler\n|-resisted|p2b: Sneasler|1\n|-damage|p2b: Sneasler|32/100\n|move|p2b: Sneasler|Close Combat|p1b: Rotom\n|-damage|p1b: Rotom|0 fnt\n|-unboost|p2b: Sneasler|def|1\n|-unboost|p2b: Sneasler|spd|1\n|faint|p1b: Rotom\n|-enditem|p2b: Sneasler|White Herb\n|-clearnegativeboost|p2b: Sneasler|[silent]\n|\n|-weather|none\n|upkeep\n|turn|6\n|-message|twentynine29 forfeited.\n|\n|win|Devta\n|raw|twentynine29's rating: 1271 &rarr; <strong>1249</strong><br />(-22 for losing)\n|raw|Devta's rating: 1315 &rarr; <strong>1332</strong><br />(+17 for winning)\n",
  "uploadtime": 1776647064,
  "views": 9,
  "formatid": "gen9championsvgc2026regma",
  "rating": 1249,
  "private": 0,
  "password": null
}