{
  "id": "gen9championsvgc2026regma-2583246595",
  "format": "[Gen 9 Champions] VGC 2026 Reg M-A",
  "players": [
    "CrazyQuilman157",
    "Mega Bocchi"
  ],
  "log": "|j|\u2606CrazyQuilman157\n|j|\u2606Mega Bocchi\n|t:|1776159119\n|gametype|doubles\n|player|p1|CrazyQuilman157|scientist|1000\n|player|p2|Mega Bocchi|pokemaniac|1000\n|gen|9\n|tier|[Gen 9 Champions] VGC 2026 Reg M-A\n|rated|\n|rule|Species Clause: Limit one of each Pok\u00e9mon\n|rule|Item Clause: Limit 1 of each item\n|clearpoke\n|poke|p1|Whimsicott, L50, M|\n|poke|p1|Krookodile, L50, F|\n|poke|p1|Chandelure, L50, F|\n|poke|p1|Maushold-Four, L50|\n|poke|p1|Skarmory, L50, M|\n|poke|p1|Feraligatr, L50, F|\n|poke|p2|Kingambit, L50, F|\n|poke|p2|Floette-Eternal, L50, F|\n|poke|p2|Sneasler, L50, M|\n|poke|p2|Corviknight, L50, F|\n|poke|p2|Incineroar, L50, F|\n|poke|p2|Maushold, L50|\n|teampreview|4\n|inactive|Battle timer is ON: inactive players will automatically lose when time's up. (requested by Mega Bocchi)\n|inactive|Mega Bocchi has 60 seconds left.\n|inactive|Mega Bocchi has 30 seconds left.\n|inactive|Mega Bocchi has 20 seconds left.\n|inactive|Mega Bocchi has 15 seconds left.\n|inactive|Mega Bocchi has 10 seconds left.\n|inactive|Mega Bocchi has 5 seconds left.\n|\n|t:|1776159210\n|teamsize|p1|4\n|teamsize|p2|4\n|start\n|switch|p1a: Flicker|Chandelure, L50, F|100/100\n|switch|p1b: Whimsicott|Whimsicott, L50, M|100/100\n|switch|p2a: \u5927\u519b\u9600|Kingambit, L50, F|100/100\n|switch|p2b: \u53ea\u624b\u906e\u5929|Floette-Eternal, L50, F|100/100\n|turn|1\n|inactive|Mega Bocchi has 30 seconds left.\n|inactive|Mega Bocchi has 20 seconds left.\n|inactive|Mega Bocchi has 15 seconds left.\n|inactive|Mega Bocchi has 10 seconds left.\n|inactive|Mega Bocchi has 5 seconds left.\n|\n|t:|1776159265\n|detailschange|p1a: Flicker|Chandelure-Mega, L50, F\n|-mega|p1a: Flicker|Chandelure|Chandelurite\n|move|p1b: Whimsicott|Tailwind|p1b: Whimsicott\n|-sidestart|p1: CrazyQuilman157|move: Tailwind\n|move|p1a: Flicker|Heat Wave|p2b: \u53ea\u624b\u906e\u5929|[spread] p2a\n|-miss|p1a: Flicker|p2b: \u53ea\u624b\u906e\u5929\n|-supereffective|p2a: \u5927\u519b\u9600|1\n|-damage|p2a: \u5927\u519b\u9600|16/100\n|move|p2b: \u53ea\u624b\u906e\u5929|Light of Ruin|p1b: Whimsicott\n|-damage|p1b: Whimsicott|21/100\n|-damage|p2b: \u53ea\u624b\u906e\u5929|56/100|[from] Recoil\n|move|p2a: \u5927\u519b\u9600|Kowtow Cleave|p1a: Flicker\n|-supereffective|p1a: Flicker|1\n|-damage|p1a: Flicker|17/100\n|\n|-heal|p2a: \u5927\u519b\u9600|22/100|[from] item: Leftovers\n|upkeep\n|turn|2\n|inactive|CrazyQuilman157 has 30 seconds left.\n|inactive|Mega Bocchi has 30 seconds left.\n|\n|t:|1776159299\n|switch|p1b: Daisy|Feraligatr, L50, F, shiny|100/100\n|move|p1a: Flicker|Heat Wave|p2a: \u5927\u519b\u9600|[spread] p2a,p2b\n|-supereffective|p2a: \u5927\u519b\u9600|1\n|-damage|p2a: \u5927\u519b\u9600|0 fnt\n|-damage|p2b: \u53ea\u624b\u906e\u5929|12/100\n|faint|p2a: \u5927\u519b\u9600\n|move|p2b: \u53ea\u624b\u906e\u5929|Draining Kiss|p1b: Daisy\n|-damage|p1b: Daisy|76/100\n|-heal|p2b: \u53ea\u624b\u906e\u5929|35/100|[from] drain|[of] p1b: Daisy\n|\n|upkeep\n|\n|t:|1776159305\n|switch|p2a: \u76d7\u8d3c|Sneasler, L50, M|100/100\n|turn|3\n|\n|t:|1776159324\n|detailschange|p2b: \u53ea\u624b\u906e\u5929|Floette-Mega, L50, F\n|-mega|p2b: \u53ea\u624b\u906e\u5929|Floette|Floettite\n|-ability|p2b: \u53ea\u624b\u906e\u5929|Fairy Aura\n|move|p1a: Flicker|Heat Wave|p2a: \u76d7\u8d3c|[spread] p2a,p2b\n|-damage|p2a: \u76d7\u8d3c|46/100\n|-damage|p2b: \u53ea\u624b\u906e\u5929|1/100\n|move|p1b: Daisy|Dragon Dance|p1b: Daisy\n|-boost|p1b: Daisy|atk|1\n|-boost|p1b: Daisy|spe|1\n|move|p2b: \u53ea\u624b\u906e\u5929|Draining Kiss|p1a: Flicker\n|-resisted|p1a: Flicker|1\n|-damage|p1a: Flicker|0 fnt\n|-heal|p2b: \u53ea\u624b\u906e\u5929|14/100|[from] drain|[of] p1a: Flicker\n|faint|p1a: Flicker\n|move|p2a: \u76d7\u8d3c|Close Combat|p1b: Daisy\n|-damage|p1b: Daisy|4/100\n|-unboost|p2a: \u76d7\u8d3c|def|1\n|-unboost|p2a: \u76d7\u8d3c|spd|1\n|-enditem|p2a: \u76d7\u8d3c|White Herb\n|-clearnegativeboost|p2a: \u76d7\u8d3c|[silent]\n|\n|upkeep\n|\n|t:|1776159349\n|switch|p1a: Nibbles|Krookodile, L50, F|100/100\n|-ability|p1a: Nibbles|Intimidate|boost\n|-unboost|p2a: \u76d7\u8d3c|atk|1\n|-unboost|p2b: \u53ea\u624b\u906e\u5929|atk|1\n|turn|4\n|\n|t:|1776159364\n|move|p1b: Daisy|Liquidation|p2a: \u76d7\u8d3c\n|-damage|p2a: \u76d7\u8d3c|0 fnt\n|faint|p2a: \u76d7\u8d3c\n|move|p1a: Nibbles|Rock Slide|p2b: \u53ea\u624b\u906e\u5929\n|-damage|p2b: \u53ea\u624b\u906e\u5929|0 fnt\n|faint|p2b: \u53ea\u624b\u906e\u5929\n|\n|-sideend|p1: CrazyQuilman157|move: Tailwind\n|upkeep\n|\n|t:|1776159372\n|switch|p2a: \u98df\u7334\u9e70|Corviknight, L50, F|100/100\n|turn|5\n|\n|t:|1776159390\n|move|p1b: Daisy|Liquidation|p2a: \u98df\u7334\u9e70\n|-damage|p2a: \u98df\u7334\u9e70|43/100\n|-enditem|p2a: \u98df\u7334\u9e70|Sitrus Berry|[eat]\n|-heal|p2a: \u98df\u7334\u9e70|68/100|[from] item: Sitrus Berry\n|move|p1a: Nibbles|Knock Off|p2a: \u98df\u7334\u9e70\n|-damage|p2a: \u98df\u7334\u9e70|50/100\n|move|p2a: \u98df\u7334\u9e70|Body Press|p1a: Nibbles\n|-supereffective|p1a: Nibbles|1\n|-damage|p1a: Nibbles|55/100\n|\n|upkeep\n|turn|6\n|\n|t:|1776159409\n|move|p1b: Daisy|Liquidation|p2a: \u98df\u7334\u9e70\n|-damage|p2a: \u98df\u7334\u9e70|0 fnt\n|faint|p2a: \u98df\u7334\u9e70\n|\n|win|CrazyQuilman157\n|raw|CrazyQuilman157's rating: 1000 &rarr; <strong>1040</strong><br />(+40 for winning)\n|raw|Mega Bocchi's rating: 1000 &rarr; <strong>1000</strong><br />(+0 for losing)\n|l|\u2606Mega Bocchi\n|player|p2|\n",
  "uploadtime": 1776159422,
  "views": 33,
  "formatid": "gen9championsvgc2026regma",
  "rating": 1000,
  "private": 0,
  "password": null
}