{
  "id": "gen9championsvgc2026regma-2582091609",
  "format": "[Gen 9 Champions] VGC 2026 Reg M-A",
  "players": [
    "daenose",
    "RijdendeRechter"
  ],
  "log": "|j|\u2606daenose\n|j|\u2606RijdendeRechter\n|t:|1776056783\n|gametype|doubles\n|player|p1|daenose|266|1127\n|player|p2|RijdendeRechter|roughneck-gen4|1229\n|gen|9\n|tier|[Gen 9 Champions] VGC 2026 Reg M-A\n|rated|\n|rule|Species Clause: Limit one of each Pok\u00e9mon\n|rule|Item Clause: Limit 1 of each item\n|clearpoke\n|poke|p1|Incineroar, L50, M|\n|poke|p1|Froslass, L50, F|\n|poke|p1|Garchomp, L50, F|\n|poke|p1|Sneasler, L50, M|\n|poke|p1|Kingambit, L50, F|\n|poke|p1|Aegislash, L50, M|\n|poke|p2|Chesnaught, L50, F|\n|poke|p2|Slowking-Galar, L50, M|\n|poke|p2|Incineroar, L50, M|\n|poke|p2|Ninetales-Alola, L50, M|\n|poke|p2|Garchomp, L50, F|\n|poke|p2|Aegislash, L50, F|\n|teampreview|4\n|l|\u2606RijdendeRechter\n|player|p2|\n|j|\u2606RijdendeRechter\n|player|p2|RijdendeRechter|roughneck-gen4|\n|\n|t:|1776056819\n|teamsize|p1|4\n|teamsize|p2|4\n|start\n|switch|p1a: Aegislash|Aegislash, L50, M|100/100\n|switch|p1b: Sneasler|Sneasler, L50, M|100/100\n|switch|p2a: Slowking|Slowking-Galar, L50, M|100/100\n|switch|p2b: Incineroar|Incineroar, L50, M|100/100\n|-ability|p2b: Incineroar|Intimidate|boost\n|-unboost|p1a: Aegislash|atk|1\n|-unboost|p1b: Sneasler|atk|1\n|turn|1\n|l|\u2606RijdendeRechter\n|player|p2|\n|j|\u2606RijdendeRechter\n|player|p2|RijdendeRechter|roughneck-gen4|\n|\n|t:|1776056864\n|switch|p2b: Aegislash|Aegislash, L50, F|100/100\n|move|p1b: Sneasler|Fake Out|p2b: Aegislash\n|-immune|p2b: Aegislash\n|-formechange|p1a: Aegislash|Aegislash-Blade|\n|move|p1a: Aegislash|Shadow Ball|p2a: Slowking\n|-supereffective|p2a: Slowking|1\n|-damage|p2a: Slowking|37/100\n|-unboost|p2a: Slowking|spd|1\n|move|p2a: Slowking|Eerie Spell|p1b: Sneasler\n|-supereffective|p1b: Sneasler|2\n|-damage|p1b: Sneasler|0 fnt\n|faint|p1b: Sneasler\n|\n|upkeep\n|\n|t:|1776056878\n|switch|p1b: Incineroar|Incineroar, L50, M|100/100\n|-ability|p1b: Incineroar|Intimidate|boost\n|-unboost|p2a: Slowking|atk|1\n|-unboost|p2b: Aegislash|atk|1\n|turn|2\n|\n|t:|1776056890\n|switch|p2a: Incineroar|Incineroar, L50, M|100/100\n|-ability|p2a: Incineroar|Intimidate|boost\n|-unboost|p1a: Aegislash|atk|1\n|-unboost|p1b: Incineroar|atk|1\n|move|p2b: Aegislash|King's Shield|p2b: Aegislash\n|-singleturn|p2b: Aegislash|Protect\n|move|p1a: Aegislash|Shadow Sneak|p2a: Incineroar\n|-resisted|p2a: Incineroar|1\n|-damage|p2a: Incineroar|95/100\n|move|p1b: Incineroar|Darkest Lariat|p2b: Aegislash\n|-activate|p2b: Aegislash|move: Protect\n|-unboost|p1b: Incineroar|atk|1\n|\n|upkeep\n|turn|3\n|l|\u2606RijdendeRechter\n|player|p2|\n|j|\u2606RijdendeRechter\n|player|p2|RijdendeRechter|roughneck-gen4|\n|\n|t:|1776056915\n|switch|p2b: Chesnaught|Chesnaught, L50, F|100/100\n|switch|p1a: Froslass|Froslass, L50, F|100/100\n|move|p1b: Incineroar|Parting Shot|p2a: Incineroar\n|-unboost|p2a: Incineroar|atk|1\n|-unboost|p2a: Incineroar|spa|1\n|\n|t:|1776056922\n|switch|p1b: Aegislash|Aegislash, L50, M|100/100|[from] Parting Shot\n|move|p2a: Incineroar|Parting Shot|p1a: Froslass\n|-unboost|p1a: Froslass|atk|1\n|-unboost|p1a: Froslass|spa|1\n|\n|t:|1776056930\n|switch|p2a: Aegislash|Aegislash, L50, F|100/100|[from] Parting Shot\n|\n|upkeep\n|turn|4\n|\n|t:|1776056946\n|switch|p1a: Incineroar|Incineroar, L50, M|100/100\n|-ability|p1a: Incineroar|Intimidate|boost\n|-unboost|p2a: Aegislash|atk|1\n|-unboost|p2b: Chesnaught|atk|1\n|switch|p2b: Incineroar|Incineroar, L50, M|95/100\n|-ability|p2b: Incineroar|Intimidate|boost\n|-unboost|p1a: Incineroar|atk|1\n|-unboost|p1b: Aegislash|atk|1\n|-formechange|p1b: Aegislash|Aegislash-Blade|\n|move|p1b: Aegislash|Shadow Ball|p2a: Aegislash\n|-supereffective|p2a: Aegislash|1\n|-damage|p2a: Aegislash|35/100\n|-formechange|p2a: Aegislash|Aegislash-Blade|\n|move|p2a: Aegislash|Iron Head|p1a: Incineroar\n|-resisted|p1a: Incineroar|1\n|-damage|p1a: Incineroar|87/100\n|\n|-heal|p1a: Incineroar|93/100|[from] item: Leftovers\n|-heal|p2a: Aegislash|41/100|[from] item: Leftovers\n|upkeep\n|turn|5\n|\n|t:|1776056968\n|switch|p2a: Chesnaught|Chesnaught, L50, F|100/100\n|move|p1a: Incineroar|Fake Out|p2b: Incineroar\n|-damage|p2b: Incineroar|88/100\n|cant|p2b: Incineroar|flinch\n|move|p1b: Aegislash|Shadow Ball|p2a: Chesnaught\n|-immune|p2a: Chesnaught|[from] ability: Bulletproof\n|\n|-heal|p1a: Incineroar|99/100|[from] item: Leftovers\n|upkeep\n|turn|6\n|\n|t:|1776056984\n|detailschange|p2a: Chesnaught|Chesnaught-Mega, L50, F\n|-mega|p2a: Chesnaught|Chesnaught|Chesnaughtite\n|-formechange|p1b: Aegislash|Aegislash|\n|move|p1b: Aegislash|King's Shield|p1b: Aegislash\n|-singleturn|p1b: Aegislash|Protect\n|move|p1a: Incineroar|Parting Shot|p2b: Incineroar\n|-unboost|p2b: Incineroar|atk|1\n|-unboost|p2b: Incineroar|spa|1\n|\n|t:|1776056990\n|switch|p1a: Froslass|Froslass, L50, F|100/100|[from] Parting Shot\n|move|p2b: Incineroar|Parting Shot|p1b: Aegislash\n|-unboost|p1b: Aegislash|atk|1\n|-unboost|p1b: Aegislash|spa|1\n|inactive|Battle timer is ON: inactive players will automatically lose when time's up. (requested by daenose)\n|\n|t:|1776057002\n|switch|p2b: Aegislash|Aegislash, L50, F|41/100|[from] Parting Shot\n|move|p2a: Chesnaught|Leech Seed|p1b: Aegislash\n|-start|p1b: Aegislash|move: Leech Seed\n|\n|-heal|p2b: Aegislash|47/100|[from] item: Leftovers\n|-damage|p1b: Aegislash|89/100|[from] Leech Seed|[of] p2a: Chesnaught\n|upkeep\n|turn|7\n|l|\u2606RijdendeRechter\n|inactive|RijdendeRechter disconnected and has a minute to reconnect!\n|player|p2|\n|inactive|daenose has 30 seconds left.\n|\n|t:|1776057030\n|switch|p1b: Incineroar|Incineroar, L50, M|99/100\n|-ability|p1b: Incineroar|Intimidate|boost\n|-unboost|p2a: Chesnaught|atk|1\n|-unboost|p2b: Aegislash|atk|1\n|switch|p2a: Incineroar|Incineroar, L50, M|88/100\n|-ability|p2a: Incineroar|Intimidate|boost\n|-unboost|p1a: Froslass|atk|1\n|-unboost|p1b: Incineroar|atk|1\n|detailschange|p1a: Froslass|Froslass-Mega, L50, F\n|-mega|p1a: Froslass|Froslass|Froslassite\n|-weather|Snowscape|[from] ability: Snow Warning|[of] p1a: Froslass\n|move|p2b: Aegislash|King's Shield|p2b: Aegislash\n|-singleturn|p2b: Aegislash|Protect\n|move|p1a: Froslass|Blizzard|p2a: Incineroar|[spread] p2a\n|-activate|p2b: Aegislash|move: Protect\n|-resisted|p2a: Incineroar|1\n|-damage|p2a: Incineroar|72/100\n|-status|p2a: Incineroar|frz\n|\n|-weather|Snowscape|[upkeep]\n|-heal|p1b: Incineroar|100/100|[from] item: Leftovers\n|-heal|p2b: Aegislash|53/100|[from] item: Leftovers\n|upkeep\n|turn|8\n|j|\u2606RijdendeRechter\n|inactive|RijdendeRechter reconnected and has 55 seconds left.\n|player|p2|RijdendeRechter|roughneck-gen4|\n|l|\u2606RijdendeRechter\n|inactive|RijdendeRechter disconnected and has a minute to reconnect!\n|player|p2|\n|inactive|daenose has 30 seconds left.\n|inactive|RijdendeRechter has 30 seconds left.\n|j|\u2606RijdendeRechter\n|inactive|RijdendeRechter reconnected and has 30 seconds left.\n|player|p2|RijdendeRechter|roughneck-gen4|\n|inactive|RijdendeRechter has 20 seconds left.\n|\n|t:|1776057068\n|switch|p2b: Slowking|Slowking-Galar, L50, M|70/100\n|move|p1a: Froslass|Aurora Veil|p1a: Froslass\n|-sidestart|p1: daenose|move: Aurora Veil\n|move|p1b: Incineroar|Parting Shot|p2a: Incineroar\n|-unboost|p2a: Incineroar|atk|1\n|-unboost|p2a: Incineroar|spa|1\n|\n|t:|1776057075\n|switch|p1b: Aegislash|Aegislash, L50, M|89/100|[from] Parting Shot\n|-curestatus|p2a: Incineroar|frz|[from] move: Flare Blitz\n|move|p2a: Incineroar|Flare Blitz|p1a: Froslass\n|-supereffective|p1a: Froslass|1\n|-damage|p1a: Froslass|53/100\n|-damage|p2a: Incineroar|61/100|[from] Recoil\n|\n|-weather|Snowscape|[upkeep]\n|upkeep\n|turn|9\n|\n|t:|1776057089\n|switch|p1a: Incineroar|Incineroar, L50, M|100/100\n|-ability|p1a: Incineroar|Intimidate|boost\n|-unboost|p2a: Incineroar|atk|1\n|-unboost|p2b: Slowking|atk|1\n|move|p2a: Incineroar|Parting Shot|p1a: Incineroar\n|-unboost|p1a: Incineroar|atk|1\n|-unboost|p1a: Incineroar|spa|1\n|\n|t:|1776057096\n|switch|p2a: Chesnaught|Chesnaught-Mega, L50, F|100/100|[from] Parting Shot\n|-formechange|p1b: Aegislash|Aegislash-Blade|\n|move|p1b: Aegislash|Shadow Ball|p2a: Chesnaught\n|-immune|p2a: Chesnaught|[from] ability: Bulletproof\n|move|p2b: Slowking|Trick Room|p2b: Slowking\n|-fieldstart|move: Trick Room|[of] p2b: Slowking\n|\n|-weather|Snowscape|[upkeep]\n|upkeep\n|turn|10\n|\n|t:|1776057107\n|move|p1a: Incineroar|Fake Out|p2a: Chesnaught\n|-damage|p2a: Chesnaught|97/100\n|-prepare|p2b: Slowking|Chilly Reception|[premajor]\n|move|p2b: Slowking|Chilly Reception|p2b: Slowking\n|\n|t:|1776057113\n|switch|p2b: Incineroar|Incineroar, L50, M|61/100|[from] Chilly Reception\n|-ability|p2b: Incineroar|Intimidate|boost\n|-unboost|p1a: Incineroar|atk|1\n|-unboost|p1b: Aegislash|atk|1\n|cant|p2a: Chesnaught|flinch\n|move|p1b: Aegislash|Shadow Ball|p2b: Incineroar\n|-resisted|p2b: Incineroar|1\n|-damage|p2b: Incineroar|47/100\n|-enditem|p2b: Incineroar|Sitrus Berry|[eat]\n|-heal|p2b: Incineroar|72/100|[from] item: Sitrus Berry\n|\n|-weather|Snowscape|[upkeep]\n|upkeep\n|turn|11\n|\n|t:|1776057126\n|move|p2a: Chesnaught|Body Press|p1a: Incineroar\n|-supereffective|p1a: Incineroar|1\n|-damage|p1a: Incineroar|37/100\n|move|p1b: Aegislash|Shadow Ball|p2b: Incineroar\n|-resisted|p2b: Incineroar|1\n|-damage|p2b: Incineroar|56/100\n|move|p2b: Incineroar|Flare Blitz|p1a: Incineroar\n|-resisted|p1a: Incineroar|1\n|-damage|p1a: Incineroar|23/100\n|-damage|p2b: Incineroar|52/100|[from] Recoil\n|move|p1a: Incineroar|Flare Blitz|p2a: Chesnaught\n|-supereffective|p2a: Chesnaught|1\n|-damage|p2a: Chesnaught|72/100\n|-damage|p1a: Incineroar|15/100|[from] Recoil\n|\n|-weather|none\n|-heal|p1a: Incineroar|21/100|[from] item: Leftovers\n|upkeep\n|turn|12\n|\n|t:|1776057145\n|-formechange|p1b: Aegislash|Aegislash|\n|move|p1b: Aegislash|King's Shield|p1b: Aegislash\n|-singleturn|p1b: Aegislash|Protect\n|move|p2a: Chesnaught|Leech Seed|p1b: Aegislash\n|-start|p1b: Aegislash|move: Leech Seed\n|move|p2b: Incineroar|Flare Blitz|p1b: Aegislash\n|-activate|p1b: Aegislash|move: Protect\n|-unboost|p2b: Incineroar|atk|1\n|move|p1a: Incineroar|Parting Shot|p2b: Incineroar\n|-unboost|p2b: Incineroar|atk|1\n|-unboost|p2b: Incineroar|spa|1\n|\n|t:|1776057152\n|switch|p1a: Froslass|Froslass-Mega, L50, F|53/100|[from] Parting Shot\n|-weather|Snowscape|[from] ability: Snow Warning|[of] p1a: Froslass\n|\n|-weather|Snowscape|[upkeep]\n|-damage|p1b: Aegislash|77/100|[from] Leech Seed|[of] p2a: Chesnaught\n|-heal|p2a: Chesnaught|83/100|[silent]\n|-sideend|p1: daenose|move: Aurora Veil\n|upkeep\n|turn|13\n|\n|t:|1776057166\n|switch|p1b: Incineroar|Incineroar, L50, M|21/100\n|-ability|p1b: Incineroar|Intimidate|boost\n|-unboost|p2a: Chesnaught|atk|1\n|-unboost|p2b: Incineroar|atk|1\n|move|p2a: Chesnaught|Spiky Shield|p2a: Chesnaught\n|-singleturn|p2a: Chesnaught|move: Protect\n|move|p2b: Incineroar|Parting Shot|p1a: Froslass\n|-unboost|p1a: Froslass|atk|1\n|-unboost|p1a: Froslass|spa|1\n|\n|t:|1776057177\n|switch|p2b: Slowking|Slowking-Galar, L50, M|100/100|[from] Parting Shot\n|move|p1a: Froslass|Aurora Veil|p1a: Froslass\n|-sidestart|p1: daenose|move: Aurora Veil\n|\n|-weather|Snowscape|[upkeep]\n|-heal|p1b: Incineroar|27/100|[from] item: Leftovers\n|-fieldend|move: Trick Room\n|upkeep\n|turn|14\n|\n|t:|1776057187\n|switch|p1a: Aegislash|Aegislash, L50, M|77/100\n|switch|p2a: Incineroar|Incineroar, L50, M|52/100\n|-ability|p2a: Incineroar|Intimidate|boost\n|-unboost|p1a: Aegislash|atk|1\n|-unboost|p1b: Incineroar|atk|1\n|move|p1b: Incineroar|Darkest Lariat|p2b: Slowking\n|-supereffective|p2b: Slowking|1\n|-damage|p2b: Slowking|67/100\n|move|p2b: Slowking|Sludge Bomb|p1b: Incineroar\n|-damage|p1b: Incineroar|4/100\n|\n|-weather|Snowscape|[upkeep]\n|-heal|p1b: Incineroar|10/100|[from] item: Leftovers\n|upkeep\n|turn|15\n|l|\u2606RijdendeRechter\n|inactive|RijdendeRechter disconnected and has a minute to reconnect!\n|player|p2|\n|j|\u2606RijdendeRechter\n|inactive|RijdendeRechter reconnected and has 35 seconds left.\n|player|p2|RijdendeRechter|roughneck-gen4|\n|\n|t:|1776057211\n|move|p1b: Incineroar|Parting Shot|p2a: Incineroar\n|-unboost|p2a: Incineroar|atk|1\n|-unboost|p2a: Incineroar|spa|1\n|\n|t:|1776057214\n|switch|p1b: Froslass|Froslass-Mega, L50, F|53/100|[from] Parting Shot\n|move|p2a: Incineroar|Flare Blitz|p1a: Aegislash\n|-supereffective|p1a: Aegislash|1\n|-damage|p1a: Aegislash|38/100\n|-damage|p2a: Incineroar|42/100|[from] Recoil\n|-formechange|p1a: Aegislash|Aegislash-Blade|\n|move|p1a: Aegislash|Shadow Ball|p2b: Slowking\n|-supereffective|p2b: Slowking|1\n|-damage|p2b: Slowking|6/100\n|move|p2b: Slowking|Sludge Bomb|p1b: Froslass\n|-resisted|p1b: Froslass|1\n|-damage|p1b: Froslass|39/100\n|\n|-weather|Snowscape|[upkeep]\n|upkeep\n|turn|16\n|l|\u2606RijdendeRechter\n|inactive|RijdendeRechter disconnected and has a minute to reconnect!\n|player|p2|\n|j|\u2606RijdendeRechter\n|inactive|RijdendeRechter reconnected and has 35 seconds left.\n|player|p2|RijdendeRechter|roughneck-gen4|\n|inactive|RijdendeRechter has 30 seconds left.\n|inactive|RijdendeRechter has 20 seconds left.\n|inactive|RijdendeRechter has 15 seconds left.\n|\n|t:|1776057255\n|switch|p2b: Aegislash|Aegislash, L50, F|53/100\n|move|p1a: Aegislash|Shadow Sneak|p2b: Aegislash\n|-supereffective|p2b: Aegislash|1\n|-damage|p2b: Aegislash|26/100\n|move|p1b: Froslass|Blizzard|p2a: Incineroar|[spread] p2a,p2b\n|-resisted|p2a: Incineroar|1\n|-resisted|p2b: Aegislash|1\n|-damage|p2a: Incineroar|26/100\n|-damage|p2b: Aegislash|6/100\n|move|p2a: Incineroar|Flare Blitz|p1b: Froslass\n|-supereffective|p1b: Froslass|1\n|-damage|p1b: Froslass|0 fnt\n|faint|p1b: Froslass\n|-damage|p2a: Incineroar|17/100|[from] Recoil\n|\n|-weather|none\n|-heal|p2b: Aegislash|12/100|[from] item: Leftovers\n|upkeep\n|\n|t:|1776057265\n|switch|p1b: Incineroar|Incineroar, L50, M|10/100\n|-ability|p1b: Incineroar|Intimidate|boost\n|-unboost|p2a: Incineroar|atk|1\n|-unboost|p2b: Aegislash|atk|1\n|turn|17\n|\n|t:|1776057280\n|switch|p2a: Chesnaught|Chesnaught-Mega, L50, F|83/100\n|move|p2b: Aegislash|King's Shield|p2b: Aegislash\n|-singleturn|p2b: Aegislash|Protect\n|move|p1b: Incineroar|Fake Out|p2a: Chesnaught\n|-damage|p2a: Chesnaught|77/100\n|move|p1a: Aegislash|Shadow Ball|p2b: Aegislash\n|-activate|p2b: Aegislash|move: Protect\n|\n|-heal|p1b: Incineroar|16/100|[from] item: Leftovers\n|-heal|p2b: Aegislash|18/100|[from] item: Leftovers\n|-sideend|p1: daenose|move: Aurora Veil\n|upkeep\n|turn|18\n|\n|t:|1776057295\n|move|p1a: Aegislash|Shadow Sneak|p2b: Aegislash\n|-supereffective|p2b: Aegislash|1\n|-damage|p2b: Aegislash|0 fnt\n|faint|p2b: Aegislash\n|move|p1b: Incineroar|Parting Shot|p2a: Chesnaught\n|-unboost|p2a: Chesnaught|atk|1\n|-unboost|p2a: Chesnaught|spa|1\n|move|p2a: Chesnaught|Leech Seed|p1a: Aegislash\n|-start|p1a: Aegislash|move: Leech Seed\n|\n|-heal|p1b: Incineroar|22/100|[from] item: Leftovers\n|-damage|p1a: Aegislash|26/100|[from] Leech Seed|[of] p2a: Chesnaught\n|-heal|p2a: Chesnaught|88/100|[silent]\n|upkeep\n|\n|t:|1776057306\n|switch|p2b: Slowking|Slowking-Galar, L50, M|40/100\n|turn|19\n|\n|t:|1776057312\n|switch|p2b: Incineroar|Incineroar, L50, M|17/100\n|-ability|p2b: Incineroar|Intimidate|boost\n|-unboost|p1a: Aegislash|atk|1\n|-unboost|p1b: Incineroar|atk|1\n|move|p1b: Incineroar|Flare Blitz|p2a: Chesnaught\n|-supereffective|p2a: Chesnaught|1\n|-damage|p2a: Chesnaught|60/100\n|-damage|p1b: Incineroar|13/100|[from] Recoil\n|move|p1a: Aegislash|Shadow Ball|p2b: Incineroar\n|-resisted|p2b: Incineroar|1\n|-damage|p2b: Incineroar|1/100\n|move|p2a: Chesnaught|Body Press|p1b: Incineroar\n|-supereffective|p1b: Incineroar|1\n|-damage|p1b: Incineroar|0 fnt\n|faint|p1b: Incineroar\n|\n|-damage|p1a: Aegislash|14/100|[from] Leech Seed|[of] p2a: Chesnaught\n|-heal|p2a: Chesnaught|70/100|[silent]\n|upkeep\n|turn|20\n|-message|daenose forfeited.\n|\n|win|RijdendeRechter\n|raw|daenose's rating: 1127 &rarr; <strong>1109</strong><br />(-18 for losing)\n|raw|RijdendeRechter's rating: 1229 &rarr; <strong>1247</strong><br />(+18 for winning)\n|l|\u2606daenose\n|player|p1|\n|l|\u2606RijdendeRechter\n|player|p2|\n|j|\u2606RijdendeRechter\n|player|p2|RijdendeRechter|roughneck-gen4|\n|l|\u2606RijdendeRechter\n|player|p2|\n|j|\u2606RijdendeRechter\n|player|p2|RijdendeRechter|roughneck-gen4|\n|l|\u2606RijdendeRechter\n|player|p2|\n|j|\u2606RijdendeRechter\n|player|p2|RijdendeRechter|roughneck-gen4|\n",
  "uploadtime": 1776057338,
  "views": 40,
  "formatid": "gen9championsvgc2026regma",
  "rating": 1109,
  "private": 0,
  "password": null
}