{
  "id": "gen9championsvgc2026regma-2582022542",
  "format": "[Gen 9 Champions] VGC 2026 Reg M-A",
  "players": [
    "superboy245",
    "BundleMySon"
  ],
  "log": "|j|\u2606superboy245\n|j|\u2606BundleMySon\n|t:|1776049227\n|gametype|doubles\n|player|p1|superboy245|buck|1234\n|player|p2|BundleMySon|266|1225\n|gen|9\n|tier|[Gen 9 Champions] VGC 2026 Reg M-A\n|rated|\n|rule|Species Clause: Limit one of each Pok\u00e9mon\n|rule|Item Clause: Limit 1 of each item\n|clearpoke\n|poke|p1|Greninja-*, L50, M|\n|poke|p1|Politoed, L50, M|\n|poke|p1|Archaludon, L50, M|\n|poke|p1|Maushold, L50|\n|poke|p1|Dragonite, L50, M|\n|poke|p1|Basculegion, L50, M|\n|poke|p2|Sneasler, L50, F|\n|poke|p2|Milotic, L50, F|\n|poke|p2|Volcarona, L50, F|\n|poke|p2|Basculegion, L50, M|\n|poke|p2|Froslass, L50, F|\n|poke|p2|Manectric, L50, M|\n|teampreview|4\n|inactive|Battle timer is ON: inactive players will automatically lose when time's up. (requested by BundleMySon)\nsuperboy245 rejected open team sheets.\n|inactive|superboy245 has 60 seconds left.\n|inactive|superboy245 has 30 seconds left.\n|inactive|superboy245 has 20 seconds left.\n|inactive|superboy245 has 15 seconds left.\n|inactive|superboy245 has 10 seconds left.\n|inactive|superboy245 has 5 seconds left.\n|\n|t:|1776049313\n|teamsize|p1|4\n|teamsize|p2|4\n|start\n|switch|p1a: Greninja|Greninja, L50, M|100/100\n|switch|p1b: Basculegion|Basculegion, L50, M|100/100\n|switch|p2a: Milotic|Milotic, L50, F|100/100\n|switch|p2b: Basculegion|Basculegion, L50, M|100/100\n|turn|1\n|\n|t:|1776049333\n|detailschange|p1a: Greninja|Greninja-Mega, L50, M\n|-mega|p1a: Greninja|Greninja|Greninjite\n|move|p2b: Basculegion|Flip Turn|p1b: Basculegion\n|-resisted|p1b: Basculegion|1\n|-damage|p1b: Basculegion|81/100\n|\n|t:|1776049339\n|switch|p2b: Manectric|Manectric, L50, M|100/100|[from] Flip Turn\n|move|p1a: Greninja|Dark Pulse|p2b: Manectric\n|-start|p1a: Greninja|typechange|Dark|[from] ability: Protean\n|-damage|p2b: Manectric|24/100\n|move|p1b: Basculegion|Flip Turn|p2a: Milotic\n|-resisted|p2a: Milotic|1\n|-damage|p2a: Milotic|87/100\n|\n|t:|1776049351\n|switch|p1b: Archaludon|Archaludon, L50, M|100/100|[from] Flip Turn\n|move|p2a: Milotic|Icy Wind|p1b: Archaludon|[spread] p1a,p1b\n|-damage|p1a: Greninja|84/100\n|-damage|p1b: Archaludon|86/100\n|-unboost|p1a: Greninja|spe|1\n|-unboost|p1b: Archaludon|spe|1\n|-ability|p1b: Archaludon|Stamina|boost\n|-boost|p1b: Archaludon|def|1\n|\n|-heal|p2a: Milotic|93/100|[from] item: Leftovers\n|-heal|p1b: Archaludon|92/100|[from] item: Leftovers\n|upkeep\n|turn|2\n|\n|t:|1776049366\n|switch|p1b: Politoed|Politoed, L50, M|100/100\n|-weather|RainDance|[from] ability: Drizzle|[of] p1b: Politoed\n|move|p2b: Manectric|Protect|p2b: Manectric\n|-singleturn|p2b: Manectric|Protect\n|move|p1a: Greninja|Water Shuriken|p2b: Manectric\n|-activate|p2b: Manectric|move: Protect\n|move|p2a: Milotic|Icy Wind|p1a: Greninja|[spread] p1a,p1b\n|-resisted|p1b: Politoed|1\n|-damage|p1a: Greninja|68/100\n|-damage|p1b: Politoed|97/100\n|-unboost|p1a: Greninja|spe|1\n|-unboost|p1b: Politoed|spe|1\n|\n|-weather|RainDance|[upkeep]\n|-heal|p2a: Milotic|99/100|[from] item: Leftovers\n|upkeep\n|turn|3\n|\n|t:|1776049382\n|switch|p2b: Basculegion|Basculegion, L50, M|100/100\n|switch|p1a: Archaludon|Archaludon, L50, M|92/100\n|move|p1b: Politoed|Protect|p1b: Politoed\n|-singleturn|p1b: Politoed|Protect\n|move|p2a: Milotic|Scald|p1a: Archaludon\n|-resisted|p1a: Archaludon|1\n|-damage|p1a: Archaludon|63/100\n|-ability|p1a: Archaludon|Stamina|boost\n|-boost|p1a: Archaludon|def|1\n|\n|-weather|RainDance|[upkeep]\n|-heal|p1a: Archaludon|69/100|[from] item: Leftovers\n|-heal|p2a: Milotic|100/100|[from] item: Leftovers\n|upkeep\n|turn|4\n|\n|t:|1776049406\n|move|p2b: Basculegion|Flip Turn|p1b: Politoed\n|-resisted|p1b: Politoed|1\n|-damage|p1b: Politoed|73/100\n|\n|t:|1776049409\n|switch|p2b: Manectric|Manectric, L50, M|24/100|[from] Flip Turn\n|move|p1a: Archaludon|Electro Shot||[still]\n|-activate|p2b: Manectric|ability: Lightning Rod\n|-prepare|p1a: Archaludon|Electro Shot\n|-boost|p1a: Archaludon|spa|1\n|-anim|p1a: Archaludon|Electro Shot|p2b: Manectric\n|-ability|p2b: Manectric|Lightning Rod|boost\n|-boost|p2b: Manectric|spa|1\n|move|p2a: Milotic|Muddy Water|p1a: Archaludon|[spread] p1a,p1b\n|-resisted|p1a: Archaludon|1\n|-resisted|p1b: Politoed|1\n|-damage|p1a: Archaludon|45/100\n|-damage|p1b: Politoed|60/100\n|-ability|p1a: Archaludon|Stamina|boost\n|-boost|p1a: Archaludon|def|1\n|move|p1b: Politoed|Weather Ball|p2b: Manectric\n|-damage|p2b: Manectric|0 fnt\n|faint|p2b: Manectric\n|\n|-weather|RainDance|[upkeep]\n|-heal|p1a: Archaludon|51/100|[from] item: Leftovers\n|upkeep\n|\n|t:|1776049429\n|switch|p2b: Basculegion|Basculegion, L50, M|100/100\n|turn|5\n|\n|t:|1776049443\n|move|p1b: Politoed|Protect|p1b: Politoed\n|-singleturn|p1b: Politoed|Protect\n|move|p2b: Basculegion|Last Respects|p1a: Archaludon\n|-damage|p1a: Archaludon|31/100\n|-ability|p1a: Archaludon|Stamina|boost\n|-boost|p1a: Archaludon|def|1\n|move|p1a: Archaludon|Electro Shot||[still]\n|-prepare|p1a: Archaludon|Electro Shot\n|-boost|p1a: Archaludon|spa|1\n|-anim|p1a: Archaludon|Electro Shot|p2a: Milotic\n|-supereffective|p2a: Milotic|1\n|-damage|p2a: Milotic|0 fnt\n|faint|p2a: Milotic\n|\n|-weather|RainDance|[upkeep]\n|-heal|p1a: Archaludon|37/100|[from] item: Leftovers\n|upkeep\n|\n|t:|1776049447\n|switch|p2a: Froslass|Froslass, L50, F|100/100\n|turn|6\n|j| Neekz0\n|l| Neekz0\n|\n|t:|1776049472\n|switch|p1b: Basculegion|Basculegion, L50, M|81/100\n|move|p2b: Basculegion|Last Respects|p1a: Archaludon\n|-damage|p1a: Archaludon|16/100\n|-ability|p1a: Archaludon|Stamina|boost\n|-boost|p1a: Archaludon|def|1\n|move|p2a: Froslass|Blizzard|p1a: Archaludon|[spread] p1a,p1b\n|-resisted|p1b: Basculegion|1\n|-damage|p1a: Archaludon|0 fnt\n|-damage|p1b: Basculegion|65/100\n|faint|p1a: Archaludon\n|\n|-weather|none\n|upkeep\n|\n|t:|1776049491\n|switch|p1a: Greninja|Greninja-Mega, L50, M|68/100\n|turn|7\n|inactive|superboy245 has 30 seconds left.\n|\n|t:|1776049517\n|move|p2a: Froslass|Protect|p2a: Froslass\n|-singleturn|p2a: Froslass|Protect\n|move|p1b: Basculegion|Aqua Jet|p2a: Froslass\n|-activate|p2a: Froslass|move: Protect\n|move|p2b: Basculegion|Last Respects|p1b: Basculegion\n|-supereffective|p1b: Basculegion|1\n|-damage|p1b: Basculegion|0 fnt\n|faint|p1b: Basculegion\n|move|p1a: Greninja|Dark Pulse|p2b: Basculegion\n|-start|p1a: Greninja|typechange|Dark|[from] ability: Protean\n|-supereffective|p2b: Basculegion|1\n|-damage|p2b: Basculegion|2/100\n|\n|upkeep\n|\n|t:|1776049524\n|switch|p1b: Politoed|Politoed, L50, M|60/100\n|-weather|RainDance|[from] ability: Drizzle|[of] p1b: Politoed\n|turn|8\n|\n|t:|1776049536\n|detailschange|p2a: Froslass|Froslass-Mega, L50, F\n|-mega|p2a: Froslass|Froslass|Froslassite\n|-weather|Snowscape|[from] ability: Snow Warning|[of] p2a: Froslass\n|move|p1a: Greninja|Water Shuriken|p2b: Basculegion\n|-resisted|p2b: Basculegion|1\n|-damage|p2b: Basculegion|0 fnt\n|faint|p2b: Basculegion\n|-hitcount|p2: Basculegion|1\n|move|p2a: Froslass|Blizzard|p1a: Greninja|[spread] p1a,p1b\n|-resisted|p1b: Politoed|1\n|-damage|p1a: Greninja|4/100\n|-damage|p1b: Politoed|48/100\n|-enditem|p1b: Politoed|Sitrus Berry|[eat]\n|-heal|p1b: Politoed|73/100|[from] item: Sitrus Berry\n|move|p1b: Politoed|Weather Ball|p2a: Froslass\n|-resisted|p2a: Froslass|1\n|-damage|p2a: Froslass|89/100\n|\n|-weather|Snowscape|[upkeep]\n|upkeep\n|turn|9\n|c|\u2606superboy245|Ohhhh\n|\n|t:|1776049553\n|move|p1a: Greninja|Dark Pulse|p2a: Froslass\n|-supereffective|p2a: Froslass|1\n|-damage|p2a: Froslass|0 fnt\n|faint|p2a: Froslass\n|\n|win|superboy245\n|raw|superboy245's rating: 1234 &rarr; <strong>1258</strong><br />(+24 for winning)\n|raw|BundleMySon's rating: 1225 &rarr; <strong>1201</strong><br />(-24 for losing)\n|c|\u2606superboy245|Gg\n",
  "uploadtime": 1776049560,
  "views": 16,
  "formatid": "gen9championsvgc2026regma",
  "rating": 1201,
  "private": 0,
  "password": null
}