{
  "id": "gen9championsvgc2026regma-2587072518",
  "format": "[Gen 9 Champions] VGC 2026 Reg M-A",
  "players": [
    "Todo CCT",
    "Wo0oorthy"
  ],
  "log": "|j|\u2606Todo CCT\n|j|\u2606Wo0oorthy\n|t:|1776489656\n|gametype|doubles\n|player|p1|Todo CCT|giovanni|1362\n|player|p2|Wo0oorthy|dawn-gen4pt|1414\n|gen|9\n|tier|[Gen 9 Champions] VGC 2026 Reg M-A\n|rated|\n|rule|Species Clause: Limit one of each Pok\u00e9mon\n|rule|Item Clause: Limit 1 of each item\n|clearpoke\n|poke|p1|Sneasler, L50, F|\n|poke|p1|Kingambit, L50, M|\n|poke|p1|Farigiraf, L50, F|\n|poke|p1|Torkoal, L50, F|\n|poke|p1|Whimsicott, L50, F|\n|poke|p1|Floette-Eternal, L50, F|\n|poke|p2|Aegislash, L50, F|\n|poke|p2|Milotic, L50, F|\n|poke|p2|Venusaur, L50, F|\n|poke|p2|Ceruledge, L50, M|\n|poke|p2|Hydreigon, L50, F|\n|poke|p2|Lycanroc-Dusk, L50, M|\n|teampreview|4\n|\n|t:|1776489686\n|teamsize|p1|4\n|teamsize|p2|4\n|start\n|switch|p1a: Whimsicott|Whimsicott, L50, F|100/100\n|switch|p1b: Floette|Floette-Eternal, L50, F|100/100\n|switch|p2a: Aegislash|Aegislash, L50, F|100/100\n|switch|p2b: Ceruledge|Ceruledge, L50, M|100/100\n|turn|1\n|inactive|Battle timer is ON: inactive players will automatically lose when time's up. (requested by Wo0oorthy)\n|\n|t:|1776489698\n|detailschange|p1b: Floette|Floette-Mega, L50, F\n|-mega|p1b: Floette|Floette|Floettite\n|-ability|p1b: Floette|Fairy Aura\n|move|p1a: Whimsicott|Fake Tears|p2b: Ceruledge\n|-unboost|p2b: Ceruledge|spd|2\n|move|p1b: Floette|Substitute|p1b: Floette\n|-start|p1b: Floette|Substitute\n|-damage|p1b: Floette|76/100\n|move|p2b: Ceruledge|Bitter Blade|p1a: Whimsicott\n|-supereffective|p1a: Whimsicott|1\n|-enditem|p1a: Whimsicott|Focus Sash\n|-damage|p1a: Whimsicott|1/100\n|-formechange|p2a: Aegislash|Aegislash-Blade|\n|move|p2a: Aegislash|Iron Head|p1b: Floette\n|-supereffective|p1b: Floette|1\n|-end|p1b: Floette|Substitute\n|\n|upkeep\n|turn|2\n|\n|t:|1776489715\n|move|p2b: Ceruledge|Protect|p2b: Ceruledge\n|-singleturn|p2b: Ceruledge|Protect\n|-formechange|p2a: Aegislash|Aegislash|\n|move|p2a: Aegislash|King's Shield|p2a: Aegislash\n|-singleturn|p2a: Aegislash|Protect\n|move|p1a: Whimsicott|Moonblast|p2b: Ceruledge\n|-activate|p2b: Ceruledge|move: Protect\n|move|p1b: Floette|Dazzling Gleam|p2b: Ceruledge|[spread] \n|-activate|p2a: Aegislash|move: Protect\n|-activate|p2b: Ceruledge|move: Protect\n|\n|upkeep\n|turn|3\n|\n|t:|1776489729\n|move|p1a: Whimsicott|Encore|p2a: Aegislash\n|-start|p2a: Aegislash|Encore\n|move|p2a: Aegislash|King's Shield||[still]\n|-fail|p2a: Aegislash\n|move|p1b: Floette|Moonblast|p2b: Ceruledge\n|-resisted|p2b: Ceruledge|1\n|-damage|p2b: Ceruledge|31/100\n|-enditem|p2b: Ceruledge|Sitrus Berry|[eat]\n|-heal|p2b: Ceruledge|56/100|[from] item: Sitrus Berry\n|move|p2b: Ceruledge|Bitter Blade|p1a: Whimsicott\n|-supereffective|p1a: Whimsicott|1\n|-damage|p1a: Whimsicott|0 fnt\n|-heal|p2b: Ceruledge|57/100|[from] drain|[of] p1a: Whimsicott\n|faint|p1a: Whimsicott\n|\n|upkeep\n|\n|t:|1776489739\n|switch|p1a: Kingambit|Kingambit, L50, M|100/100\n|turn|4\n|\n|t:|1776489746\n|switch|p2b: Venusaur|Venusaur, L50, F|100/100\n|switch|p2a: Milotic|Milotic, L50, F|100/100\n|move|p1b: Floette|Moonblast|p2b: Venusaur\n|-resisted|p2b: Venusaur|1\n|-damage|p2b: Venusaur|71/100\n|move|p1a: Kingambit|Kowtow Cleave|p2a: Milotic\n|-damage|p2a: Milotic|63/100\n|\n|-heal|p2a: Milotic|69/100|[from] item: Leftovers\n|upkeep\n|turn|5\n|\n|t:|1776489763\n|detailschange|p2b: Venusaur|Venusaur-Mega, L50, F\n|-mega|p2b: Venusaur|Venusaur|Venusaurite\n|move|p1b: Floette|Substitute|p1b: Floette\n|-start|p1b: Floette|Substitute\n|-damage|p1b: Floette|51/100\n|move|p2a: Milotic|Scald|p1a: Kingambit\n|-damage|p1a: Kingambit|70/100\n|move|p2b: Venusaur|Leech Seed||[still]\n|-fail|p2b: Venusaur\n|move|p1a: Kingambit|Kowtow Cleave|p2b: Venusaur\n|-damage|p2b: Venusaur|40/100\n|\n|-heal|p2a: Milotic|75/100|[from] item: Leftovers\n|upkeep\n|turn|6\n|\n|t:|1776489782\n|move|p1b: Floette|Protect|p1b: Floette\n|-singleturn|p1b: Floette|Protect\n|move|p2a: Milotic|Scald|p1b: Floette\n|-activate|p1b: Floette|move: Protect\n|move|p2b: Venusaur|Giga Drain|p1b: Floette\n|-activate|p1b: Floette|move: Protect\n|move|p1a: Kingambit|Kowtow Cleave|p2b: Venusaur\n|-damage|p2b: Venusaur|7/100\n|\n|-heal|p2a: Milotic|81/100|[from] item: Leftovers\n|upkeep\n|turn|7\n|\n|t:|1776489791\n|move|p1b: Floette|Dazzling Gleam|p2b: Venusaur|[spread] p2a,p2b\n|-resisted|p2b: Venusaur|1\n|-damage|p2a: Milotic|50/100\n|-damage|p2b: Venusaur|0 fnt\n|faint|p2b: Venusaur\n|move|p2a: Milotic|Scald|p1b: Floette\n|-end|p1b: Floette|Substitute\n|move|p1a: Kingambit|Kowtow Cleave|p2a: Milotic\n|-damage|p2a: Milotic|15/100\n|\n|-heal|p2a: Milotic|21/100|[from] item: Leftovers\n|upkeep\n|\n|t:|1776489803\n|switch|p2b: Aegislash|Aegislash, L50, F|100/100\n|turn|8\n|\n|t:|1776489810\n|move|p1b: Floette|Dazzling Gleam|p2b: Aegislash|[spread] p2a,p2b\n|-resisted|p2b: Aegislash|1\n|-damage|p2a: Milotic|0 fnt\n|-damage|p2b: Aegislash|81/100\n|faint|p2a: Milotic\n|move|p1a: Kingambit|Kowtow Cleave|p2b: Aegislash\n|-supereffective|p2b: Aegislash|1\n|-crit|p2b: Aegislash\n|-damage|p2b: Aegislash|0 fnt\n|faint|p2b: Aegislash\n|\n|upkeep\n|\n|t:|1776489821\n|switch|p2b: Ceruledge|Ceruledge, L50, M|57/100\n|turn|9\n|\n|t:|1776489830\n|move|p1a: Kingambit|Sucker Punch|p2b: Ceruledge\n|-supereffective|p2b: Ceruledge|1\n|-damage|p2b: Ceruledge|0 fnt\n|faint|p2b: Ceruledge\n|\n|win|Todo CCT\n|raw|Todo CCT's rating: 1362 &rarr; <strong>1385</strong><br />(+23 for winning)\n|raw|Wo0oorthy's rating: 1414 &rarr; <strong>1391</strong><br />(-23 for losing)\n|l|\u2606Wo0oorthy\n|player|p2|\n|l|\u2606Todo CCT\n|player|p1|\n|j|\u2606Todo CCT\n|player|p1|Todo CCT|giovanni|\n",
  "uploadtime": 1776489949,
  "views": 32,
  "formatid": "gen9championsvgc2026regma",
  "rating": 1385,
  "private": 0,
  "password": null
}