{
  "id": "gen9championsvgc2026regma-2585558239",
  "format": "[Gen 9 Champions] VGC 2026 Reg M-A",
  "players": [
    "Yunobo7",
    "cubeandcroc"
  ],
  "log": "|j|\u2606Yunobo7\n|j|\u2606cubeandcroc\n|t:|1776355431\n|gametype|doubles\n|player|p1|Yunobo7|miku-ghost|1313\n|player|p2|cubeandcroc|169|1254\n|gen|9\n|tier|[Gen 9 Champions] VGC 2026 Reg M-A\n|rated|\n|rule|Species Clause: Limit one of each Pok\u00e9mon\n|rule|Item Clause: Limit 1 of each item\n|clearpoke\n|poke|p1|Venusaur, L50, F|\n|poke|p1|Tyranitar, L50, F|\n|poke|p1|Milotic, L50, F|\n|poke|p1|Incineroar, L50, F|\n|poke|p1|Aerodactyl, L50, M|\n|poke|p1|Aegislash, L50, M|\n|poke|p2|Milotic, L50, F|\n|poke|p2|Garchomp, L50, F|\n|poke|p2|Skarmory, L50, F|\n|poke|p2|Tsareena, L50, F|\n|poke|p2|Rotom-Heat, L50|\n|poke|p2|Weavile, L50, M|\n|teampreview|4\n|inactive|Battle timer is ON: inactive players will automatically lose when time's up. (requested by Yunobo7)\n|inactive|Yunobo7 has 60 seconds left.\n|inactive|cubeandcroc has 60 seconds left.\n|inactive|Yunobo7 has 30 seconds left.\n|\n|t:|1776355501\n|teamsize|p1|4\n|teamsize|p2|4\n|start\n|switch|p1a: Venusaur|Venusaur, L50, F|100/100\n|switch|p1b: Milotic|Milotic, L50, F|100/100\n|switch|p2a: Milotic|Milotic, L50, F|100/100\n|switch|p2b: Rotom|Rotom-Heat, L50|100/100\n|turn|1\n|inactive|cubeandcroc has 30 seconds left.\n|\n|t:|1776355531\n|switch|p2a: Skarmory|Skarmory, L50, F|100/100\n|detailschange|p1a: Venusaur|Venusaur-Mega, L50, F\n|-mega|p1a: Venusaur|Venusaur|Venusaurite\n|move|p2b: Rotom|Protect|p2b: Rotom\n|-singleturn|p2b: Rotom|Protect\n|move|p1a: Venusaur|Giga Drain|p2a: Skarmory\n|-resisted|p2a: Skarmory|2\n|-damage|p2a: Skarmory|86/100\n|move|p1b: Milotic|Scald|p2b: Rotom\n|-activate|p2b: Rotom|move: Protect\n|\n|upkeep\n|turn|2\n|\n|t:|1776355549\n|switch|p1a: Incineroar|Incineroar, L50, F|100/100\n|-ability|p1a: Incineroar|Intimidate|boost\n|-unboost|p2a: Skarmory|atk|1\n|-unboost|p2b: Rotom|atk|1\n|switch|p2b: Tsareena|Tsareena, L50, F|100/100\n|detailschange|p2a: Skarmory|Skarmory-Mega, L50, F\n|-mega|p2a: Skarmory|Skarmory|Skarmorite\n|move|p2a: Skarmory|Brave Bird|p1a: Incineroar\n|-damage|p1a: Incineroar|63/100\n|-damage|p2a: Skarmory|69/100|[from] Recoil\n|move|p1b: Milotic|Scald|p2a: Skarmory\n|-damage|p2a: Skarmory|36/100\n|\n|upkeep\n|turn|3\n|inactive|cubeandcroc has 30 seconds left.\n|\n|t:|1776355576\n|switch|p2a: Milotic|Milotic, L50, F|100/100\n|switch|p1b: Aegislash|Aegislash, L50, M|100/100\n|move|p2b: Tsareena|Trop Kick|p1b: Aegislash\n|-resisted|p1b: Aegislash|1\n|-damage|p1b: Aegislash|86/100\n|-unboost|p1b: Aegislash|atk|1\n|move|p1a: Incineroar|Parting Shot|p2a: Milotic\n|-unboost|p2a: Milotic|atk|1\n|-ability|p2a: Milotic|Competitive|boost\n|-boost|p2a: Milotic|spa|2\n|-unboost|p2a: Milotic|spa|1\n|-ability|p2a: Milotic|Competitive|boost\n|-boost|p2a: Milotic|spa|2\n|\n|t:|1776355588\n|switch|p1a: Venusaur|Venusaur-Mega, L50, F|100/100|[from] Parting Shot\n|\n|upkeep\n|turn|4\n|\n|t:|1776355615\n|move|p1a: Venusaur|Sleep Powder|p2a: Milotic\n|-status|p2a: Milotic|slp|[from] move: Sleep Powder\n|cant|p2a: Milotic|slp\n|move|p2b: Tsareena|Taunt|p1b: Aegislash\n|-start|p1b: Aegislash|move: Taunt\n|-formechange|p1b: Aegislash|Aegislash-Blade|\n|move|p1b: Aegislash|Poltergeist|p2a: Milotic\n|-activate|p2a: Milotic|move: Poltergeist|Rindo Berry\n|-damage|p2a: Milotic|49/100 slp\n|\n|upkeep\n|turn|5\n|\n|t:|1776355631\n|switch|p1b: Incineroar|Incineroar, L50, F|63/100\n|-ability|p1b: Incineroar|Intimidate|boost\n|-unboost|p2a: Milotic|atk|1\n|-ability|p2a: Milotic|Competitive|boost\n|-boost|p2a: Milotic|spa|2\n|-unboost|p2b: Tsareena|atk|1\n|move|p1a: Venusaur|Giga Drain|p2a: Milotic\n|-supereffective|p2a: Milotic|1\n|-enditem|p2a: Milotic|Rindo Berry|[eat]\n|-enditem|p2a: Milotic|Rindo Berry|[weaken]\n|-damage|p2a: Milotic|20/100 slp\n|cant|p2a: Milotic|slp\n|move|p2b: Tsareena|Taunt|p1a: Venusaur\n|-start|p1a: Venusaur|move: Taunt\n|\n|upkeep\n|turn|6\n|\n|t:|1776355649\n|switch|p2b: Rotom|Rotom-Heat, L50|100/100\n|move|p1a: Venusaur|Sludge Bomb|p2a: Milotic\n|-damage|p2a: Milotic|0 fnt\n|faint|p2a: Milotic\n|move|p1b: Incineroar|Flare Blitz|p2b: Rotom\n|-resisted|p2b: Rotom|1\n|-damage|p2b: Rotom|72/100\n|-damage|p1b: Incineroar|56/100|[from] Recoil\n|\n|upkeep\n|\n|t:|1776355656\n|switch|p2a: Skarmory|Skarmory-Mega, L50, F|36/100\n|turn|7\n|\n|t:|1776355665\n|switch|p1a: Aegislash|Aegislash, L50, M|86/100\n|switch|p1b: Milotic|Milotic, L50, F|100/100\n|move|p2a: Skarmory|Brave Bird|p1b: Milotic\n|-damage|p1b: Milotic|44/100\n|-damage|p2a: Skarmory|10/100|[from] Recoil\n|move|p2b: Rotom|Thunderbolt|p1b: Milotic\n|-supereffective|p1b: Milotic|1\n|-damage|p1b: Milotic|0 fnt\n|faint|p1b: Milotic\n|\n|upkeep\n|\n|t:|1776355668\n|switch|p1b: Incineroar|Incineroar, L50, F|56/100\n|-ability|p1b: Incineroar|Intimidate|boost\n|-unboost|p2a: Skarmory|atk|1\n|-unboost|p2b: Rotom|atk|1\n|turn|8\n|\n|t:|1776355683\n|move|p2a: Skarmory|Protect|p2a: Skarmory\n|-singleturn|p2a: Skarmory|Protect\n|move|p2b: Rotom|Protect|p2b: Rotom\n|-singleturn|p2b: Rotom|Protect\n|move|p1a: Aegislash|King's Shield|p1a: Aegislash\n|-singleturn|p1a: Aegislash|Protect\n|move|p1b: Incineroar|Parting Shot|p2b: Rotom\n|-activate|p2b: Rotom|move: Protect\n|\n|upkeep\n|turn|9\n|\n|t:|1776355702\n|-formechange|p1a: Aegislash|Aegislash-Blade|\n|move|p1a: Aegislash|Shadow Sneak|p2a: Skarmory\n|-damage|p2a: Skarmory|0 fnt\n|faint|p2a: Skarmory\n|move|p2b: Rotom|Overheat|p1a: Aegislash\n|-supereffective|p1a: Aegislash|1\n|-damage|p1a: Aegislash|0 fnt\n|-unboost|p2b: Rotom|spa|2\n|faint|p1a: Aegislash\n|move|p1b: Incineroar|Parting Shot|p2b: Rotom\n|-unboost|p2b: Rotom|atk|1\n|-unboost|p2b: Rotom|spa|1\n|\n|t:|1776355705\n|switch|p1b: Venusaur|Venusaur-Mega, L50, F|100/100|[from] Parting Shot\n|\n|upkeep\n|\n|t:|1776355709\n|switch|p2a: Tsareena|Tsareena, L50, F|100/100\n|switch|p1a: Incineroar|Incineroar, L50, F|56/100\n|-ability|p1a: Incineroar|Intimidate|boost\n|-unboost|p2a: Tsareena|atk|1\n|-unboost|p2b: Rotom|atk|1\n|turn|10\n|\n|t:|1776355719\n|move|p1b: Venusaur|Sludge Bomb|p2a: Tsareena\n|-supereffective|p2a: Tsareena|1\n|-damage|p2a: Tsareena|0 fnt\n|faint|p2a: Tsareena\n|move|p2b: Rotom|Thunderbolt|p1a: Incineroar\n|-damage|p1a: Incineroar|43/100\n|-enditem|p1a: Incineroar|Sitrus Berry|[eat]\n|-heal|p1a: Incineroar|67/100|[from] item: Sitrus Berry\n|move|p1a: Incineroar|Flare Blitz|p2b: Rotom\n|-resisted|p2b: Rotom|1\n|-damage|p2b: Rotom|43/100\n|-enditem|p2b: Rotom|Sitrus Berry|[eat]\n|-heal|p2b: Rotom|67/100|[from] item: Sitrus Berry\n|-damage|p1a: Incineroar|60/100|[from] Recoil\n|\n|upkeep\n|turn|11\n|\n|t:|1776355741\n|move|p1b: Venusaur|Sludge Bomb|p2b: Rotom\n|-damage|p2b: Rotom|20/100\n|move|p2b: Rotom|Overheat|p1a: Incineroar|[miss]\n|-miss|p2b: Rotom|p1a: Incineroar\n|move|p1a: Incineroar|Darkest Lariat|p2b: Rotom\n|-damage|p2b: Rotom|0 fnt\n|faint|p2b: Rotom\n|\n|win|Yunobo7\n|raw|Yunobo7's rating: 1313 &rarr; <strong>1330</strong><br />(+17 for winning)\n|raw|cubeandcroc's rating: 1254 &rarr; <strong>1233</strong><br />(-21 for losing)\n",
  "uploadtime": 1776355748,
  "views": 28,
  "formatid": "gen9championsvgc2026regma",
  "rating": 1233,
  "private": 0,
  "password": null
}