{
  "id": "gen9championsvgc2026regma-2583439083",
  "format": "[Gen 9 Champions] VGC 2026 Reg M-A",
  "players": [
    "Fabriii181",
    "Astraision"
  ],
  "log": "|j|\u2606Fabriii181\n|j|\u2606Astraision\n|t:|1776175719\n|gametype|doubles\n|player|p1|Fabriii181|unknown|1295\n|player|p2|Astraision|iris-gen5bw2|1229\n|gen|9\n|tier|[Gen 9 Champions] VGC 2026 Reg M-A\n|rated|\n|rule|Species Clause: Limit one of each Pok\u00e9mon\n|rule|Item Clause: Limit 1 of each item\n|clearpoke\n|poke|p1|Archaludon, L50, F|\n|poke|p1|Pelipper, L50, F|\n|poke|p1|Dragonite, L50, F|\n|poke|p1|Incineroar, L50, F|\n|poke|p1|Basculegion, L50, M|\n|poke|p1|Sinistcha, L50|\n|poke|p2|Dragonite, L50, F|\n|poke|p2|Basculegion, L50, M|\n|poke|p2|Archaludon, L50, M|\n|poke|p2|Rotom-Wash, L50|\n|poke|p2|Scizor, L50, F|\n|poke|p2|Pelipper, L50, F|\n|teampreview|4\n|inactive|Battle timer is ON: inactive players will automatically lose when time's up. (requested by Astraision)\n|\n|t:|1776175749\n|teamsize|p1|4\n|teamsize|p2|4\n|start\n|switch|p1a: Incineroar|Incineroar, L50, F, shiny|100/100\n|switch|p1b: Sinistcha|Sinistcha, L50, shiny|100/100\n|switch|p2a: Rotom|Rotom-Wash, L50|100/100\n|switch|p2b: Basculegion|Basculegion, L50, M|100/100\n|-ability|p1a: Incineroar|Intimidate|boost\n|-unboost|p2a: Rotom|atk|1\n|-unboost|p2b: Basculegion|atk|1\n|turn|1\n|\n|t:|1776175764\n|move|p1a: Incineroar|Fake Out|p2a: Rotom\n|-damage|p2a: Rotom|91/100\n|move|p1b: Sinistcha|Rage Powder|p1b: Sinistcha\n|-singleturn|p1b: Sinistcha|move: Rage Powder\n|move|p2b: Basculegion|Flip Turn|p1b: Sinistcha\n|-resisted|p1b: Sinistcha|1\n|-damage|p1b: Sinistcha|89/100\n|\n|t:|1776175775\n|switch|p2b: Dragonite|Dragonite, L50, F|100/100|[from] Flip Turn\n|cant|p2a: Rotom|flinch\n|\n|-heal|p2a: Rotom|97/100|[from] item: Leftovers\n|upkeep\n|turn|2\n|inactive|Fabriii181 has 30 seconds left.\n|inactive|Astraision has 30 seconds left.\n|\n|t:|1776175807\n|move|p1b: Sinistcha|Protect|p1b: Sinistcha\n|-singleturn|p1b: Sinistcha|Protect\n|move|p2a: Rotom|Hydro Pump|p1a: Incineroar\n|-supereffective|p1a: Incineroar|1\n|-damage|p1a: Incineroar|15/100\n|-enditem|p1a: Incineroar|Sitrus Berry|[eat]\n|-heal|p1a: Incineroar|40/100|[from] item: Sitrus Berry\n|move|p2b: Dragonite|Surf|p1a: Incineroar|[spread] p2a,p1a\n|-activate|p1b: Sinistcha|move: Protect\n|-resisted|p2a: Rotom|1\n|-supereffective|p1a: Incineroar|1\n|-damage|p2a: Rotom|86/100\n|-damage|p1a: Incineroar|0 fnt\n|faint|p1a: Incineroar\n|\n|-heal|p2a: Rotom|92/100|[from] item: Leftovers\n|upkeep\n|\n|t:|1776175825\n|switch|p1a: Archaludon|Archaludon, L50, F|100/100\n|turn|3\n|inactive|Astraision has 30 seconds left.\n|\n|t:|1776175853\n|move|p1b: Sinistcha|Rage Powder|p1b: Sinistcha\n|-singleturn|p1b: Sinistcha|move: Rage Powder\n|move|p1a: Archaludon|Draco Meteor|p2b: Dragonite\n|-supereffective|p2b: Dragonite|1\n|-crit|p2b: Dragonite\n|-damage|p2b: Dragonite|0 fnt\n|-unboost|p1a: Archaludon|spa|2\n|faint|p2b: Dragonite\n|move|p2a: Rotom|Will-O-Wisp|p1b: Sinistcha\n|-status|p1b: Sinistcha|brn\n|\n|-heal|p2a: Rotom|97/100|[from] item: Leftovers\n|-damage|p1b: Sinistcha|83/100 brn|[from] brn\n|upkeep\n|\n|t:|1776175862\n|switch|p2b: Basculegion|Basculegion, L50, M|100/100\n|turn|4\n|inactive|Fabriii181 has 30 seconds left.\n|inactive|Astraision has 30 seconds left.\n|inactive|Astraision has 20 seconds left.\n|\n|t:|1776175897\n|switch|p1a: Dragonite|Dragonite, L50, F, shiny|100/100\n|move|p2b: Basculegion|Last Respects|p1b: Sinistcha\n|-supereffective|p1b: Sinistcha|1\n|-damage|p1b: Sinistcha|0 fnt\n|faint|p1b: Sinistcha\n|move|p2a: Rotom|Will-O-Wisp|p1a: Dragonite\n|-status|p1a: Dragonite|brn\n|\n|-heal|p2a: Rotom|100/100|[from] item: Leftovers\n|-damage|p1a: Dragonite|94/100 brn|[from] brn\n|upkeep\n|\n|t:|1776175905\n|switch|p1b: Archaludon|Archaludon, L50, F|100/100\n|turn|5\n|\n|t:|1776175920\n|detailschange|p1a: Dragonite|Dragonite-Mega, L50, F, shiny\n|-mega|p1a: Dragonite|Dragonite|Dragoninite\n|move|p2b: Basculegion|Last Respects|p1a: Dragonite\n|-damage|p1a: Dragonite|39/100 brn\n|move|p1a: Dragonite|Thunder|p2b: Basculegion\n|-supereffective|p2b: Basculegion|1\n|-damage|p2b: Basculegion|4/100\n|move|p1b: Archaludon|Electro Shot||[still]\n|-prepare|p1b: Archaludon|Electro Shot\n|-boost|p1b: Archaludon|spa|1\n|move|p2a: Rotom|Thunderbolt|p1a: Dragonite\n|-damage|p1a: Dragonite|9/100 brn\n|\n|-damage|p1a: Dragonite|3/100 brn|[from] brn\n|upkeep\n|turn|6\n|\n|t:|1776175939\n|move|p2a: Rotom|Protect|p2a: Rotom\n|-singleturn|p2a: Rotom|Protect\n|move|p2b: Basculegion|Last Respects|p1a: Dragonite\n|-damage|p1a: Dragonite|0 fnt\n|faint|p1a: Dragonite\n|move|p1b: Archaludon|Electro Shot|p2a: Rotom|[from] lockedmove\n|-activate|p2a: Rotom|move: Protect\n|\n|upkeep\n|turn|7\n|\n|t:|1776175951\n|move|p2b: Basculegion|Last Respects|p1b: Archaludon\n|-damage|p1b: Archaludon|47/100\n|-ability|p1b: Archaludon|Stamina|boost\n|-boost|p1b: Archaludon|def|1\n|move|p2a: Rotom|Will-O-Wisp|p1b: Archaludon\n|-status|p1b: Archaludon|brn\n|move|p1b: Archaludon|Flash Cannon|p2b: Basculegion\n|-resisted|p2b: Basculegion|1\n|-damage|p2b: Basculegion|0 fnt\n|faint|p2b: Basculegion\n|\n|-heal|p1b: Archaludon|53/100 brn|[from] item: Leftovers\n|-damage|p1b: Archaludon|47/100 brn|[from] brn\n|upkeep\n|\n|t:|1776175961\n|switch|p2b: Scizor|Scizor, L50, F|100/100\n|turn|8\n|c|\u2606Astraision|LMAO\n|c|\u2606Astraision|We both thought we were being so smart.\n|inactive|Astraision has 30 seconds left.\n|c|\u2606Fabriii181|jajajajajja\n|c|\u2606Astraision|\"Surely the other guy brings Peli.\"\n|c|\u2606Fabriii181|no peli no party\n|inactive|Astraision has 20 seconds left.\n|\n|t:|1776176000\n|detailschange|p2b: Scizor|Scizor-Mega, L50, F\n|-mega|p2b: Scizor|Scizor|Scizorite\n|move|p2a: Rotom|Protect|p2a: Rotom\n|-singleturn|p2a: Rotom|Protect\n|move|p1b: Archaludon|Electro Shot||[still]\n|-prepare|p1b: Archaludon|Electro Shot\n|-boost|p1b: Archaludon|spa|1\n|move|p2b: Scizor|Close Combat|p1b: Archaludon\n|-supereffective|p1b: Archaludon|1\n|-damage|p1b: Archaludon|0 fnt\n|-unboost|p2b: Scizor|def|1\n|-unboost|p2b: Scizor|spd|1\n|faint|p1b: Archaludon\n|\n|win|Astraision\n|raw|Fabriii181's rating: 1295 &rarr; <strong>1265</strong><br />(-30 for losing)\n|raw|Astraision's rating: 1229 &rarr; <strong>1259</strong><br />(+30 for winning)\n|c|\u2606Astraision|GG\n|c|\u2606Fabriii181|gg man\n|l|\u2606Fabriii181\n|player|p1|\n",
  "uploadtime": 1776176017,
  "views": 18,
  "formatid": "gen9championsvgc2026regma",
  "rating": 1259,
  "private": 0,
  "password": null
}