{
  "id": "gen9championsvgc2026regma-2585683586",
  "format": "[Gen 9 Champions] VGC 2026 Reg M-A",
  "players": [
    "Ony2319",
    "Matthewdongha"
  ],
  "log": "|j|\u2606Ony2319\n|j|\u2606Matthewdongha\n|t:|1776363531\n|gametype|doubles\n|player|p1|Ony2319|benga|1036\n|player|p2|Matthewdongha|265|1048\n|gen|9\n|tier|[Gen 9 Champions] VGC 2026 Reg M-A\n|rated|\n|rule|Species Clause: Limit one of each Pok\u00e9mon\n|rule|Item Clause: Limit 1 of each item\n|clearpoke\n|poke|p1|Absol, L50, F|\n|poke|p1|Farigiraf, L50, F|\n|poke|p1|Pangoro, L50, F|\n|poke|p1|Hydreigon, L50, F|\n|poke|p1|Torkoal, L50, M|\n|poke|p1|Maushold-Four, L50|\n|poke|p2|Farigiraf, L50, F|\n|poke|p2|Tyranitar, L50, F|\n|poke|p2|Excadrill, L50, M|\n|poke|p2|Crabominable, L50, F|\n|poke|p2|Incineroar, L50, F|\n|poke|p2|Milotic, L50, M|\n|teampreview|4\n|inactive|Battle timer is ON: inactive players will automatically lose when time's up. (requested by Matthewdongha)\n|\n|t:|1776363565\n|teamsize|p1|4\n|teamsize|p2|4\n|start\n|switch|p1a: Hydreigon|Hydreigon, L50, F|100/100\n|switch|p1b: Maushold|Maushold-Four, L50|100/100\n|switch|p2a: Excadrill|Excadrill, L50, M|100/100\n|switch|p2b: Incineroar|Incineroar, L50, F|100/100\n|-ability|p2b: Incineroar|Intimidate|boost\n|-unboost|p1a: Hydreigon|atk|1\n|-unboost|p1b: Maushold|atk|1\n|turn|1\n|inactive|Ony2319 has 30 seconds left.\n|\n|t:|1776363595\n|switch|p2b: Tyranitar|Tyranitar, L50, F|100/100\n|-weather|Sandstorm|[from] ability: Sand Stream|[of] p2b: Tyranitar\n|move|p1a: Hydreigon|Protect|p1a: Hydreigon\n|-singleturn|p1a: Hydreigon|Protect\n|move|p2a: Excadrill|Rock Slide|p1b: Maushold|[spread] p1b\n|-activate|p1a: Hydreigon|move: Protect\n|-damage|p1b: Maushold|71/100\n|move|p1b: Maushold|Population Bomb|p2a: Excadrill\n|-resisted|p2a: Excadrill|1\n|-crit|p2a: Excadrill\n|-damage|p2a: Excadrill|88/100\n|-resisted|p2a: Excadrill|1\n|-damage|p2a: Excadrill|83/100\n|-resisted|p2a: Excadrill|1\n|-damage|p2a: Excadrill|78/100\n|-resisted|p2a: Excadrill|1\n|-damage|p2a: Excadrill|73/100\n|-resisted|p2a: Excadrill|1\n|-damage|p2a: Excadrill|68/100\n|-resisted|p2a: Excadrill|1\n|-damage|p2a: Excadrill|63/100\n|-resisted|p2a: Excadrill|1\n|-damage|p2a: Excadrill|58/100\n|-resisted|p2a: Excadrill|1\n|-damage|p2a: Excadrill|53/100\n|-hitcount|p2a: Excadrill|8\n|\n|-weather|Sandstorm|[upkeep]\n|-damage|p1a: Hydreigon|95/100|[from] Sandstorm\n|-damage|p1b: Maushold|65/100|[from] Sandstorm\n|upkeep\n|turn|2\n|inactive|Ony2319 has 30 seconds left.\n|inactive|Matthewdongha has 30 seconds left.\n|inactive|Ony2319 has 20 seconds left.\n|inactive|Ony2319 has 15 seconds left.\n|inactive|Ony2319 has 10 seconds left.\n|inactive|Ony2319 has 5 seconds left.\n|\n|t:|1776363649\n|switch|p1a: Pangoro|Pangoro, L50, F|100/100\n|move|p2a: Excadrill|Protect|p2a: Excadrill\n|-singleturn|p2a: Excadrill|Protect\n|move|p1b: Maushold|Encore|p2a: Excadrill\n|-activate|p2a: Excadrill|move: Protect\n|move|p2b: Tyranitar|Low Kick|p1a: Pangoro\n|-supereffective|p1a: Pangoro|1\n|-damage|p1a: Pangoro|21/100\n|\n|-weather|Sandstorm|[upkeep]\n|-damage|p1b: Maushold|59/100|[from] Sandstorm\n|-damage|p1a: Pangoro|15/100|[from] Sandstorm\n|upkeep\n|turn|3\n|\n|t:|1776363670\n|move|p2a: Excadrill|Rock Slide|p1a: Pangoro|[spread] p1a,p1b\n|-resisted|p1a: Pangoro|1\n|-damage|p1a: Pangoro|4/100\n|-damage|p1b: Maushold|27/100\n|move|p1b: Maushold|Encore|p2a: Excadrill\n|-start|p2a: Excadrill|Encore\n|move|p1a: Pangoro|Drain Punch|p2b: Tyranitar\n|-supereffective|p2b: Tyranitar|2\n|-enditem|p2b: Tyranitar|Chople Berry|[eat]\n|-enditem|p2b: Tyranitar|Chople Berry|[weaken]\n|-damage|p2b: Tyranitar|19/100\n|-heal|p1a: Pangoro|46/100|[from] drain|[of] p2b: Tyranitar\n|move|p2b: Tyranitar|Low Kick|p1b: Maushold\n|-supereffective|p1b: Maushold|1\n|-damage|p1b: Maushold|1/100\n|\n|-weather|Sandstorm|[upkeep]\n|-damage|p1b: Maushold|0 fnt|[from] Sandstorm\n|-damage|p1a: Pangoro|40/100|[from] Sandstorm\n|faint|p1b: Maushold\n|upkeep\n|\n|t:|1776363689\n|switch|p1b: Hydreigon|Hydreigon, L50, F|95/100\n|turn|4\n|\n|t:|1776363703\n|move|p2a: Excadrill|Rock Slide|p1a: Pangoro|[spread] p1a\n|-miss|p2a: Excadrill|p1b: Hydreigon\n|-resisted|p1a: Pangoro|1\n|-damage|p1a: Pangoro|28/100\n|move|p1b: Hydreigon|Snarl|p2a: Excadrill|[spread] p2b\n|-miss|p1b: Hydreigon|p2a: Excadrill\n|-resisted|p2b: Tyranitar|1\n|-damage|p2b: Tyranitar|14/100\n|-unboost|p2b: Tyranitar|spa|1\n|move|p1a: Pangoro|Drain Punch|p2a: Excadrill\n|-supereffective|p2a: Excadrill|1\n|-damage|p2a: Excadrill|0 fnt\n|-heal|p1a: Pangoro|53/100|[from] drain|[of] p2a: Excadrill\n|faint|p2a: Excadrill\n|move|p2b: Tyranitar|Low Kick|p1a: Pangoro\n|-supereffective|p1a: Pangoro|1\n|-damage|p1a: Pangoro|0 fnt\n|faint|p1a: Pangoro\n|\n|-weather|Sandstorm|[upkeep]\n|-damage|p1b: Hydreigon|89/100|[from] Sandstorm\n|upkeep\n|\n|t:|1776363728\n|switch|p2a: Incineroar|Incineroar, L50, F|100/100\n|switch|p1a: Absol|Absol, L50, F|100/100\n|-ability|p2a: Incineroar|Intimidate|boost\n|-unboost|p1a: Absol|atk|1\n|-unboost|p1b: Hydreigon|atk|1\n|turn|5\n|\n|t:|1776363741\n|detailschange|p1a: Absol|Absol-Mega, L50, F\n|-mega|p1a: Absol|Absol|Absolite\n|move|p2a: Incineroar|Fake Out|p1b: Hydreigon\n|-damage|p1b: Hydreigon|72/100\n|cant|p1b: Hydreigon|flinch\n|move|p1a: Absol|Knock Off|p2a: Incineroar\n|-resisted|p2a: Incineroar|1\n|-crit|p2a: Incineroar\n|-damage|p2a: Incineroar|60/100\n|-enditem|p2a: Incineroar|Lum Berry|[from] move: Knock Off|[of] p1a: Absol\n|move|p2b: Tyranitar|Low Kick|p1a: Absol\n|-supereffective|p1a: Absol|1\n|-crit|p1a: Absol\n|-damage|p1a: Absol|0 fnt\n|faint|p1a: Absol\n|\n|-weather|none\n|upkeep\n|turn|6\n|inactive|Matthewdongha has 30 seconds left.\n|\n|t:|1776363767\n|move|p1b: Hydreigon|Snarl|p2a: Incineroar|[spread] p2a,p2b\n|-resisted|p2a: Incineroar|1\n|-resisted|p2b: Tyranitar|1\n|-damage|p2a: Incineroar|52/100\n|-damage|p2b: Tyranitar|5/100\n|-unboost|p2a: Incineroar|spa|1\n|-unboost|p2b: Tyranitar|spa|1\n|move|p2a: Incineroar|Flare Blitz|p1b: Hydreigon\n|-resisted|p1b: Hydreigon|1\n|-damage|p1b: Hydreigon|38/100\n|-damage|p2a: Incineroar|43/100|[from] Recoil\n|move|p2b: Tyranitar|Low Kick|p1b: Hydreigon\n|-supereffective|p1b: Hydreigon|1\n|-damage|p1b: Hydreigon|0 fnt\n|faint|p1b: Hydreigon\n|\n|win|Matthewdongha\n|raw|Ony2319's rating: 1036 &rarr; <strong>1021</strong><br />(-15 for losing)\n|raw|Matthewdongha's rating: 1048 &rarr; <strong>1080</strong><br />(+32 for winning)\n|l|\u2606Ony2319\n|player|p1|\n",
  "uploadtime": 1776363785,
  "views": 29,
  "formatid": "gen9championsvgc2026regma",
  "rating": 1021,
  "private": 0,
  "password": null
}