{
  "id": "gen9championsvgc2026regma-2583103762",
  "format": "[Gen 9 Champions] VGC 2026 Reg M-A",
  "players": [
    "experto",
    "cumdoy"
  ],
  "log": "|j|\u2606experto\n|j|\u2606cumdoy\n|t:|1776142406\n|gametype|doubles\n|player|p1|experto|265|1078\n|player|p2|cumdoy|265|1152\n|gen|9\n|tier|[Gen 9 Champions] VGC 2026 Reg M-A\n|rated|\n|rule|Species Clause: Limit one of each Pok\u00e9mon\n|rule|Item Clause: Limit 1 of each item\n|clearpoke\n|poke|p1|Gengar, L50, F|\n|poke|p1|Typhlosion-Hisui, L50, M|\n|poke|p1|Garchomp, L50, F|\n|poke|p1|Sinistcha, L50|\n|poke|p1|Klefki, L50, F|\n|poke|p1|Sneasler, L50, F|\n|poke|p2|Chandelure, L50, M|\n|poke|p2|Corviknight, L50, F|\n|poke|p2|Azumarill, L50, F|\n|poke|p2|Kommo-o, L50, M|\n|poke|p2|Kangaskhan, L50, F|\n|poke|p2|Sinistcha, L50|\n|teampreview|4\n|\n|t:|1776142443\n|teamsize|p1|4\n|teamsize|p2|4\n|start\n|switch|p1a: Gengar|Gengar, L50, F, shiny|100/100\n|switch|p1b: Typhlosion|Typhlosion-Hisui, L50, M|100/100\n|switch|p2a: Chandelure|Chandelure, L50, M|100/100\n|switch|p2b: Kangaskhan|Kangaskhan, L50, F|100/100\n|-item|p2a: Chandelure|Focus Sash|[from] ability: Frisk|[of] p1b: Typhlosion\n|-item|p2b: Kangaskhan|Kangaskhanite|[from] ability: Frisk|[of] p1b: Typhlosion\n|turn|1\n|\n|t:|1776142487\n|detailschange|p1a: Gengar|Gengar-Mega, L50, F, shiny\n|-mega|p1a: Gengar|Gengar|Gengarite\n|detailschange|p2b: Kangaskhan|Kangaskhan-Mega, L50, F\n|-mega|p2b: Kangaskhan|Kangaskhan|Kangaskhanite\n|move|p2b: Kangaskhan|Sucker Punch|p1b: Typhlosion\n|-supereffective|p1b: Typhlosion|1\n|-damage|p1b: Typhlosion|23/100\n|-supereffective|p1b: Typhlosion|1\n|-damage|p1b: Typhlosion|6/100\n|-hitcount|p1b: Typhlosion|2\n|move|p1b: Typhlosion|Shadow Ball|p2a: Chandelure\n|-supereffective|p2a: Chandelure|1\n|-damage|p2a: Chandelure|6/100\n|-unboost|p2a: Chandelure|spd|1\n|move|p1a: Gengar|Will-O-Wisp|p2b: Kangaskhan|[miss]\n|-miss|p1a: Gengar|p2b: Kangaskhan\n|move|p2a: Chandelure|Trick Room|p2a: Chandelure\n|-fieldstart|move: Trick Room|[of] p2a: Chandelure\n|\n|upkeep\n|turn|2\n|c|\u2606cumdoy|wow i got lucky there\n|\n|t:|1776142526\n|switch|p1b: Klefki|Klefki, L50, F|100/100\n|move|p1a: Gengar|Protect|p1a: Gengar\n|-singleturn|p1a: Gengar|Protect\n|move|p2a: Chandelure|Heat Wave|p1a: Gengar|[spread] p1b\n|-activate|p1a: Gengar|move: Protect\n|-supereffective|p1b: Klefki|1\n|-crit|p1b: Klefki\n|-damage|p1b: Klefki|0 fnt\n|faint|p1b: Klefki\n|move|p2b: Kangaskhan|Double-Edge|p1a: Gengar\n|-activate|p1a: Gengar|move: Protect\n|\n|upkeep\n|\n|t:|1776142546\n|switch|p1b: Typhlosion|Typhlosion-Hisui, L50, M|6/100\n|-item|p2a: Chandelure|Focus Sash|[from] ability: Frisk|[of] p1b: Typhlosion\n|-item|p2b: Kangaskhan|Kangaskhanite|[from] ability: Frisk|[of] p1b: Typhlosion\n|turn|3\n|\n|t:|1776142570\n|move|p2b: Kangaskhan|Sucker Punch|p1b: Typhlosion\n|-supereffective|p1b: Typhlosion|1\n|-damage|p1b: Typhlosion|0 fnt\n|faint|p1b: Typhlosion\n|-hitcount|p1: Typhlosion|1\n|move|p2a: Chandelure|Shadow Ball|p1a: Gengar\n|-supereffective|p1a: Gengar|1\n|-damage|p1a: Gengar|0 fnt\n|faint|p1a: Gengar\n|\n|upkeep\n|\n|t:|1776142593\n|switch|p1b: Garchomp|Garchomp, L50, F|100/100\n|turn|4\n|\n|t:|1776142604\n|switch|p2a: Azumarill|Azumarill, L50, F|100/100\n|move|p1b: Garchomp|Protect|p1b: Garchomp\n|-singleturn|p1b: Garchomp|Protect\n|move|p2b: Kangaskhan|Double-Edge|p1b: Garchomp\n|-activate|p1b: Garchomp|move: Protect\n|\n|upkeep\n|turn|5\n|-message|experto forfeited.\n|\n|win|cumdoy\n|raw|experto's rating: 1078 &rarr; <strong>1061</strong><br />(-17 for losing)\n|raw|cumdoy's rating: 1152 &rarr; <strong>1172</strong><br />(+20 for winning)\n|l|\u2606experto\n|player|p1|\n",
  "uploadtime": 1776142616,
  "views": 23,
  "formatid": "gen9championsvgc2026regma",
  "rating": 1061,
  "private": 0,
  "password": null
}