{
  "id": "gen9championsvgc2026regma-2580673122",
  "format": "[Gen 9 Champions] VGC 2026 Reg M-A",
  "players": [
    "Tokimeki Heart",
    "McDeJay"
  ],
  "log": "|j|\u2606Tokimeki Heart\n|j|\u2606McDeJay\n|t:|1775923170\n|gametype|doubles\n|player|p1|Tokimeki Heart|102|1040\n|player|p2|McDeJay|hiker|1031\n|gen|9\n|tier|[Gen 9 Champions] VGC 2026 Reg M-A\n|rated|\n|rule|Species Clause: Limit one of each Pok\u00e9mon\n|rule|Item Clause: Limit 1 of each item\n|clearpoke\n|poke|p1|Archaludon, L50, M|\n|poke|p1|Meganium, L50, F|\n|poke|p1|Palafin, L50, M|\n|poke|p1|Pelipper, L50, F|\n|poke|p1|Slowbro, L50, F|\n|poke|p1|Dragonite, L50, M|\n|poke|p2|Meganium, L50, M|\n|poke|p2|Pelipper, L50, M|\n|poke|p2|Archaludon, L50, M|\n|poke|p2|Basculegion, L50, M|\n|poke|p2|Incineroar, L50, F|\n|poke|p2|Maushold, L50|\n|teampreview|4\n|inactive|Battle timer is ON: inactive players will automatically lose when time's up. (requested by McDeJay)\n|inactive|Tokimeki Heart has 60 seconds left.\n|inactive|Tokimeki Heart has 30 seconds left.\n|\n|t:|1775923235\n|teamsize|p1|4\n|teamsize|p2|4\n|start\n|switch|p1a: Palafin|Palafin, L50, M|100/100\n|switch|p1b: Slowbro|Slowbro, L50, F|100/100\n|switch|p2a: Archaludon|Archaludon, L50, M, shiny|100/100\n|switch|p2b: Maushold|Maushold, L50|100/100\n|turn|1\n|inactive|Tokimeki Heart has 30 seconds left.\n|inactive|McDeJay has 30 seconds left.\n|inactive|Tokimeki Heart has 20 seconds left.\n|inactive|McDeJay has 20 seconds left.\n|inactive|Tokimeki Heart has 15 seconds left.\n|\n|t:|1775923276\n|detailschange|p1a: Palafin|Palafin-Hero, L50, M\n|switch|p1a: Meganium|Meganium, L50, F|100/100\n|move|p2b: Maushold|Population Bomb|p2a: Archaludon\n|-resisted|p2a: Archaludon|1\n|-damage|p2a: Archaludon|99/100\n|-ability|p2a: Archaludon|Stamina|boost\n|-boost|p2a: Archaludon|def|1\n|-resisted|p2a: Archaludon|1\n|-damage|p2a: Archaludon|98/100\n|-ability|p2a: Archaludon|Stamina|boost\n|-boost|p2a: Archaludon|def|1\n|-resisted|p2a: Archaludon|1\n|-damage|p2a: Archaludon|97/100\n|-ability|p2a: Archaludon|Stamina|boost\n|-boost|p2a: Archaludon|def|1\n|-resisted|p2a: Archaludon|1\n|-damage|p2a: Archaludon|97/100\n|-ability|p2a: Archaludon|Stamina|boost\n|-boost|p2a: Archaludon|def|1\n|-resisted|p2a: Archaludon|1\n|-damage|p2a: Archaludon|96/100\n|-ability|p2a: Archaludon|Stamina|boost\n|-boost|p2a: Archaludon|def|1\n|-hitcount|p2a: Archaludon|5\n|move|p2a: Archaludon|Dragon Pulse|p1b: Slowbro\n|-damage|p1b: Slowbro|55/100\n|move|p1b: Slowbro|Ice Beam|p2b: Maushold\n|-damage|p2b: Maushold|66/100\n|\n|-heal|p2a: Archaludon|100/100|[from] item: Leftovers\n|upkeep\n|turn|2\n|inactive|Tokimeki Heart has 30 seconds left.\n|inactive|McDeJay has 30 seconds left.\n|inactive|Tokimeki Heart has 20 seconds left.\n|inactive|McDeJay has 20 seconds left.\n|inactive|Tokimeki Heart has 15 seconds left.\n|inactive|McDeJay has 15 seconds left.\n|inactive|McDeJay has 10 seconds left.\n|\n|t:|1775923326\n|detailschange|p1a: Meganium|Meganium-Mega, L50, F\n|-mega|p1a: Meganium|Meganium|Meganiumite\n|move|p2b: Maushold|Protect|p2b: Maushold\n|-singleturn|p2b: Maushold|Protect\n|move|p1a: Meganium|Solar Beam||[still]\n|-prepare|p1a: Meganium|Solar Beam\n|-activate|p1a: Meganium|ability: Mega Sol\n|-anim|p1a: Meganium|Solar Beam|p2b: Maushold\n|-activate|p2b: Maushold|move: Protect\n|move|p2a: Archaludon|Electro Shot||[still]\n|-prepare|p2a: Archaludon|Electro Shot\n|-boost|p2a: Archaludon|spa|1\n|move|p1b: Slowbro|Ice Beam|p2b: Maushold\n|-activate|p2b: Maushold|move: Protect\n|\n|upkeep\n|turn|3\n|inactive|McDeJay has 30 seconds left.\n|\n|t:|1775923358\n|switch|p2b: Incineroar|Incineroar, L50, F|100/100\n|-ability|p2b: Incineroar|Intimidate|boost\n|-unboost|p1a: Meganium|atk|1\n|-fail|p1b: Slowbro|unboost|Attack|[from] ability: Oblivious|[of] p1b: Slowbro\n|move|p1a: Meganium|Solar Beam||[still]\n|-prepare|p1a: Meganium|Solar Beam\n|-activate|p1a: Meganium|ability: Mega Sol\n|-anim|p1a: Meganium|Solar Beam|p2b: Incineroar\n|-resisted|p2b: Incineroar|1\n|-damage|p2b: Incineroar|65/100\n|move|p2a: Archaludon|Electro Shot|p1b: Slowbro|[from] lockedmove\n|-supereffective|p1b: Slowbro|1\n|-damage|p1b: Slowbro|0 fnt\n|faint|p1b: Slowbro\n|\n|upkeep\n|\n|t:|1775923377\n|switch|p1b: Palafin|Palafin-Hero, L50, M|100/100\n|-activate|p1b: Palafin|ability: Zero to Hero\n|turn|4\n|\n|t:|1775923402\n|move|p1b: Palafin|Protect|p1b: Palafin\n|-singleturn|p1b: Palafin|Protect\n|move|p2b: Incineroar|Fake Out|p1b: Palafin\n|-activate|p1b: Palafin|move: Protect\n|move|p1a: Meganium|Solar Beam||[still]\n|-prepare|p1a: Meganium|Solar Beam\n|-activate|p1a: Meganium|ability: Mega Sol\n|-anim|p1a: Meganium|Solar Beam|p2b: Incineroar\n|-resisted|p2b: Incineroar|1\n|-damage|p2b: Incineroar|32/100\n|-enditem|p2b: Incineroar|Sitrus Berry|[eat]\n|-heal|p2b: Incineroar|56/100|[from] item: Sitrus Berry\n|move|p2a: Archaludon|Electro Shot||[still]\n|-prepare|p2a: Archaludon|Electro Shot\n|-boost|p2a: Archaludon|spa|1\n|\n|upkeep\n|turn|5\n|inactive|Tokimeki Heart has 30 seconds left.\n|inactive|McDeJay has 30 seconds left.\n|\n|t:|1775923435\n|move|p1b: Palafin|Jet Punch|p2b: Incineroar\n|-supereffective|p2b: Incineroar|1\n|-damage|p2b: Incineroar|0 fnt\n|faint|p2b: Incineroar\n|move|p1a: Meganium|Solar Beam||[still]\n|-prepare|p1a: Meganium|Solar Beam\n|-activate|p1a: Meganium|ability: Mega Sol\n|-anim|p1a: Meganium|Solar Beam|p2a: Archaludon\n|-resisted|p2a: Archaludon|2\n|-damage|p2a: Archaludon|78/100\n|-ability|p2a: Archaludon|Stamina|boost\n|-boost|p2a: Archaludon|def|1\n|move|p2a: Archaludon|Electro Shot|p1b: Palafin|[from] lockedmove\n|-supereffective|p1b: Palafin|1\n|-damage|p1b: Palafin|0 fnt\n|faint|p1b: Palafin\n|\n|-heal|p2a: Archaludon|84/100|[from] item: Leftovers\n|upkeep\n|\n|t:|1775923455\n|switch|p1b: Archaludon|Archaludon, L50, M|100/100\n|switch|p2b: Maushold|Maushold, L50|66/100\n|turn|6\n|\n|t:|1775923475\n|move|p2b: Maushold|Follow Me|p2b: Maushold\n|-singleturn|p2b: Maushold|move: Follow Me\n|move|p1b: Archaludon|Draco Meteor|p2b: Maushold\n|-damage|p2b: Maushold|0 fnt\n|-unboost|p1b: Archaludon|spa|2\n|faint|p2b: Maushold\n|move|p1a: Meganium|Weather Ball|p2a: Archaludon\n|-damage|p2a: Archaludon|29/100\n|move|p2a: Archaludon|Aura Sphere|p1b: Archaludon\n|-supereffective|p1b: Archaludon|1\n|-damage|p1b: Archaludon|0 fnt\n|faint|p1b: Archaludon\n|\n|-heal|p2a: Archaludon|36/100|[from] item: Leftovers\n|upkeep\n|\n|t:|1775923492\n|switch|p2b: Basculegion|Basculegion, L50, M|100/100\n|turn|7\n|\n|t:|1775923511\n|move|p2a: Archaludon|Protect|p2a: Archaludon\n|-singleturn|p2a: Archaludon|Protect\n|move|p2b: Basculegion|Last Respects|p1a: Meganium\n|-damage|p1a: Meganium|5/100\n|move|p1a: Meganium|Solar Beam||[still]\n|-prepare|p1a: Meganium|Solar Beam\n|-activate|p1a: Meganium|ability: Mega Sol\n|-anim|p1a: Meganium|Solar Beam|p2b: Basculegion\n|-supereffective|p2b: Basculegion|1\n|-damage|p2b: Basculegion|0 fnt\n|faint|p2b: Basculegion\n|\n|-heal|p2a: Archaludon|42/100|[from] item: Leftovers\n|upkeep\n|turn|8\n|\n|t:|1775923534\n|move|p1a: Meganium|Weather Ball|p2a: Archaludon\n|-damage|p2a: Archaludon|0 fnt\n|faint|p2a: Archaludon\n|\n|win|Tokimeki Heart\n|raw|Tokimeki Heart's rating: 1040 &rarr; <strong>1073</strong><br />(+33 for winning)\n|raw|McDeJay's rating: 1031 &rarr; <strong>1017</strong><br />(-14 for losing)\n|c|\u2606McDeJay|Gg\n|l|\u2606Tokimeki Heart\n|player|p1|\n",
  "uploadtime": 1775923565,
  "views": 18,
  "formatid": "gen9championsvgc2026regma",
  "rating": 1017,
  "private": 0,
  "password": null
}