{
  "id": "gen9championsvgc2026regma-2584880488",
  "format": "[Gen 9 Champions] VGC 2026 Reg M-A",
  "players": [
    "makoyouidiot",
    "SpecialEggs"
  ],
  "log": "|j|\u2606makoyouidiot\n|j|\u2606SpecialEggs\n|t:|1776291081\n|gametype|doubles\n|player|p1|makoyouidiot|acetrainersnow|1222\n|player|p2|SpecialEggs|1|1233\n|gen|9\n|tier|[Gen 9 Champions] VGC 2026 Reg M-A\n|rated|\n|rule|Species Clause: Limit one of each Pok\u00e9mon\n|rule|Item Clause: Limit 1 of each item\n|clearpoke\n|poke|p1|Charizard, L50, F|\n|poke|p1|Aerodactyl, L50, F|\n|poke|p1|Basculegion, L50, M|\n|poke|p1|Tyrantrum, L50, F|\n|poke|p1|Oranguru, L50, F|\n|poke|p1|Torkoal, L50, M|\n|poke|p2|Ninetales-Alola, L50, F|\n|poke|p2|Floette-Eternal, L50, F|\n|poke|p2|Incineroar, L50, F|\n|poke|p2|Aerodactyl, L50, F|\n|poke|p2|Sinistcha, L50|\n|poke|p2|Palafin, L50, F|\n|teampreview|4\n|inactive|Battle timer is ON: inactive players will automatically lose when time's up. (requested by makoyouidiot)\n|inactive|SpecialEggs has 60 seconds left.\n|\n|t:|1776291125\n|teamsize|p1|4\n|teamsize|p2|4\n|start\n|switch|p1a: Oranguru|Oranguru, L50, F|100/100\n|switch|p1b: Basculegion|Basculegion, L50, M|100/100\n|switch|p2a: Palafin|Palafin, L50, F|100/100\n|switch|p2b: Aerodactyl|Aerodactyl, L50, F|100/100\n|turn|1\n|\n|t:|1776291148\n|move|p2b: Aerodactyl|Protect|p2b: Aerodactyl\n|-singleturn|p2b: Aerodactyl|Protect\n|move|p2a: Palafin|Protect|p2a: Palafin\n|-singleturn|p2a: Palafin|Protect\n|move|p1b: Basculegion|Flip Turn|p2b: Aerodactyl\n|-activate|p2b: Aerodactyl|move: Protect\n|move|p1a: Oranguru|Trick Room|p1a: Oranguru\n|-fieldstart|move: Trick Room|[of] p1a: Oranguru\n|\n|upkeep\n|turn|2\n|\n|t:|1776291167\n|detailschange|p2a: Palafin|Palafin-Hero, L50, F\n|switch|p2a: Incineroar|Incineroar, L50, F|100/100\n|-ability|p2a: Incineroar|Intimidate|boost\n|-fail|p1a: Oranguru|unboost|Attack|[from] ability: Inner Focus|[of] p1a: Oranguru\n|-unboost|p1b: Basculegion|atk|1\n|detailschange|p2b: Aerodactyl|Aerodactyl-Mega, L50, F\n|-mega|p2b: Aerodactyl|Aerodactyl|Aerodactylite\n|move|p1a: Oranguru|Foul Play|p2b: Aerodactyl\n|-damage|p2b: Aerodactyl|59/100\n|move|p2b: Aerodactyl|Rock Slide|p1b: Basculegion|[spread] p1a,p1b\n|-damage|p1a: Oranguru|74/100\n|-damage|p1b: Basculegion|62/100\n|move|p1b: Basculegion|Flip Turn|p2b: Aerodactyl\n|-supereffective|p2b: Aerodactyl|1\n|-damage|p2b: Aerodactyl|0 fnt\n|faint|p2b: Aerodactyl\n|\n|t:|1776291187\n|switch|p1b: Tyrantrum|Tyrantrum, L50, F|100/100|[from] Flip Turn\n|\n|upkeep\n|\n|t:|1776291193\n|switch|p2b: Palafin|Palafin-Hero, L50, F|100/100\n|-activate|p2b: Palafin|ability: Zero to Hero\n|turn|3\n|\n|t:|1776291208\n|move|p1b: Tyrantrum|Protect|p1b: Tyrantrum\n|-singleturn|p1b: Tyrantrum|Protect\n|move|p1a: Oranguru|Protect|p1a: Oranguru\n|-singleturn|p1a: Oranguru|Protect\n|move|p2a: Incineroar|Fake Out|p1b: Tyrantrum\n|-activate|p1b: Tyrantrum|move: Protect\n|move|p2b: Palafin|Wave Crash|p1b: Tyrantrum\n|-activate|p1b: Tyrantrum|move: Protect\n|\n|upkeep\n|turn|4\n|inactive|SpecialEggs has 30 seconds left.\n|\n|t:|1776291235\n|move|p2b: Palafin|Protect|p2b: Palafin\n|-singleturn|p2b: Palafin|Protect\n|move|p1b: Tyrantrum|Head Smash|p2a: Incineroar\n|-supereffective|p2a: Incineroar|1\n|-damage|p2a: Incineroar|0 fnt\n|faint|p2a: Incineroar\n|move|p1a: Oranguru|Instruct|p1b: Tyrantrum\n|-singleturn|p1b: Tyrantrum|move: Instruct|[of] p1a: Oranguru\n|move|p1b: Tyrantrum|Head Smash|p2b: Palafin\n|-activate|p2b: Palafin|move: Protect\n|\n|upkeep\n|\n|t:|1776291242\n|switch|p2a: Ninetales|Ninetales-Alola, L50, F|100/100\n|-weather|Snowscape|[from] ability: Snow Warning|[of] p2a: Ninetales\n|turn|5\n|\n|t:|1776291263\n|move|p1b: Tyrantrum|Head Smash|p2b: Palafin\n|-damage|p2b: Palafin|14/100\n|move|p1a: Oranguru|Instruct|p1b: Tyrantrum\n|-singleturn|p1b: Tyrantrum|move: Instruct|[of] p1a: Oranguru\n|move|p1b: Tyrantrum|Head Smash|p2b: Palafin\n|-damage|p2b: Palafin|0 fnt\n|faint|p2b: Palafin\n|move|p2a: Ninetales|Aurora Veil|p2a: Ninetales\n|-sidestart|p2: SpecialEggs|move: Aurora Veil\n|\n|-weather|Snowscape|[upkeep]\n|-fieldend|move: Trick Room\n|upkeep\n|turn|6\n|\n|t:|1776291277\n|move|p1b: Tyrantrum|Protect|p1b: Tyrantrum\n|-singleturn|p1b: Tyrantrum|Protect\n|move|p2a: Ninetales|Blizzard|p1b: Tyrantrum|[spread] p1a\n|-activate|p1b: Tyrantrum|move: Protect\n|-damage|p1a: Oranguru|49/100\n|-enditem|p1a: Oranguru|Sitrus Berry|[eat]\n|-heal|p1a: Oranguru|74/100|[from] item: Sitrus Berry\n|move|p1a: Oranguru|Trick Room|p1a: Oranguru\n|-fieldstart|move: Trick Room|[of] p1a: Oranguru\n|\n|-weather|Snowscape|[upkeep]\n|upkeep\n|turn|7\n|-message|SpecialEggs forfeited.\n|\n|win|makoyouidiot\n|raw|makoyouidiot's rating: 1222 &rarr; <strong>1248</strong><br />(+26 for winning)\n|raw|SpecialEggs's rating: 1233 &rarr; <strong>1207</strong><br />(-26 for losing)\n|l|\u2606SpecialEggs\n|player|p2|\n",
  "uploadtime": 1776291300,
  "views": 42,
  "formatid": "gen9championsvgc2026regma",
  "rating": 1207,
  "private": 0,
  "password": null
}