{
  "id": "gen9championsvgc2026regma-2584236974",
  "format": "[Gen 9 Champions] VGC 2026 Reg M-A",
  "players": [
    "Lazoz4064",
    "DrakeDogg"
  ],
  "log": "|j|\u2606Lazoz4064\n|j|\u2606DrakeDogg\n|t:|1776241704\n|gametype|doubles\n|player|p1|Lazoz4064|scientist-gen4|1211\n|player|p2|DrakeDogg|roxie|1128\n|gen|9\n|tier|[Gen 9 Champions] VGC 2026 Reg M-A\n|rated|\n|rule|Species Clause: Limit one of each Pok\u00e9mon\n|rule|Item Clause: Limit 1 of each item\n|clearpoke\n|poke|p1|Talonflame, L50, F|\n|poke|p1|Gardevoir, L50, F|\n|poke|p1|Garchomp, L50, M|\n|poke|p1|Sneasler, L50, M|\n|poke|p1|Ceruledge, L50, M|\n|poke|p1|Milotic, L50, M|\n|poke|p2|Skarmory, L50, M|\n|poke|p2|Incineroar, L50, F|\n|poke|p2|Mamoswine, L50, F|\n|poke|p2|Sinistcha-Masterpiece, L50|\n|poke|p2|Archaludon, L50, M|\n|poke|p2|Pelipper, L50, F|\n|teampreview|4\n|inactive|Battle timer is ON: inactive players will automatically lose when time's up. (requested by DrakeDogg)\n|inactive|Lazoz4064 has 60 seconds left.\n|inactive|Lazoz4064 has 30 seconds left.\n|inactive|Lazoz4064 has 20 seconds left.\n|\n|t:|1776241779\n|teamsize|p1|4\n|teamsize|p2|4\n|start\n|switch|p1a: Gardevoir|Gardevoir, L50, F|100/100\n|switch|p1b: Milotic|Milotic, L50, M|100/100\n|switch|p2a: Incineroar|Incineroar, L50, F|100/100\n|switch|p2b: Mamoswine|Mamoswine, L50, F|100/100\n|-ability|p1a: Gardevoir|Oblivious|Trace|[from] ability: Trace|[of] p2b: Mamoswine\n|-ability|p2a: Incineroar|Intimidate|boost\n|-fail|p1a: Gardevoir|unboost|Attack|[from] ability: Oblivious|[of] p1a: Gardevoir\n|-unboost|p1b: Milotic|atk|1\n|-ability|p1b: Milotic|Competitive|boost\n|-boost|p1b: Milotic|spa|2\n|turn|1\n|inactive|DrakeDogg has 30 seconds left.\n|inactive|DrakeDogg has 20 seconds left.\n|inactive|DrakeDogg has 15 seconds left.\n|inactive|DrakeDogg has 10 seconds left.\n|inactive|DrakeDogg has 5 seconds left.\n|\n|t:|1776241831\n|detailschange|p1a: Gardevoir|Gardevoir-Mega, L50, F\n|-mega|p1a: Gardevoir|Gardevoir|Gardevoirite\n|move|p2a: Incineroar|Fake Out|p1a: Gardevoir\n|-damage|p1a: Gardevoir|82/100\n|move|p2b: Mamoswine|Superpower|p1b: Milotic\n|-damage|p1b: Milotic|57/100\n|-unboost|p2b: Mamoswine|atk|1\n|-unboost|p2b: Mamoswine|def|1\n|cant|p1a: Gardevoir|flinch\n|move|p1b: Milotic|Scald|p2a: Incineroar\n|-supereffective|p2a: Incineroar|1\n|-damage|p2a: Incineroar|14/100\n|-enditem|p2a: Incineroar|Sitrus Berry|[eat]\n|-heal|p2a: Incineroar|39/100|[from] item: Sitrus Berry\n|\n|upkeep\n|turn|2\n|inactive|DrakeDogg has 30 seconds left.\n|\n|t:|1776241860\n|move|p2b: Mamoswine|Superpower|p1b: Milotic\n|-damage|p1b: Milotic|28/100\n|-unboost|p2b: Mamoswine|atk|1\n|-unboost|p2b: Mamoswine|def|1\n|-enditem|p1b: Milotic|Sitrus Berry|[eat]\n|-heal|p1b: Milotic|53/100|[from] item: Sitrus Berry\n|move|p1a: Gardevoir|Hyper Voice|p2a: Incineroar|[spread] p2a,p2b\n|-damage|p2a: Incineroar|2/100\n|-damage|p2b: Mamoswine|17/100\n|move|p1b: Milotic|Scald|p2b: Mamoswine\n|-supereffective|p2b: Mamoswine|1\n|-damage|p2b: Mamoswine|0 fnt\n|faint|p2b: Mamoswine\n|move|p2a: Incineroar|Parting Shot|p1a: Gardevoir\n|-unboost|p1a: Gardevoir|atk|1\n|-unboost|p1a: Gardevoir|spa|1\n|\n|t:|1776241866\n|switch|p2a: Skarmory|Skarmory, L50, M, shiny|100/100|[from] Parting Shot\n|\n|upkeep\n|\n|t:|1776241867\n|switch|p2b: Pelipper|Pelipper, L50, F|100/100\n|-weather|RainDance|[from] ability: Drizzle|[of] p2b: Pelipper\n|turn|3\n|inactive|Lazoz4064 has 30 seconds left.\n|inactive|DrakeDogg has 30 seconds left.\n|\n|t:|1776241900\n|detailschange|p2a: Skarmory|Skarmory-Mega, L50, M, shiny\n|-mega|p2a: Skarmory|Skarmory|Skarmorite\n|move|p2b: Pelipper|Wide Guard|p2b: Pelipper\n|-singleturn|p2b: Pelipper|Wide Guard\n|move|p2a: Skarmory|Brave Bird|p1b: Milotic\n|-damage|p1b: Milotic|0 fnt\n|faint|p1b: Milotic\n|-damage|p2a: Skarmory|78/100|[from] Recoil\n|move|p1a: Gardevoir|Hyper Voice|p2a: Skarmory|[spread] \n|-activate|p2a: Skarmory|move: Wide Guard\n|-activate|p2b: Pelipper|move: Wide Guard\n|\n|-weather|RainDance|[upkeep]\n|upkeep\n|\n|t:|1776241921\n|switch|p1b: Sneasler|Sneasler, L50, M|100/100\n|turn|4\n|inactive|Lazoz4064 has 30 seconds left.\n|\n|t:|1776241952\n|move|p1b: Sneasler|Dire Claw|p2b: Pelipper\n|-damage|p2b: Pelipper|57/100\n|-status|p2b: Pelipper|par\n|move|p2a: Skarmory|Iron Head|p1a: Gardevoir\n|-supereffective|p1a: Gardevoir|1\n|-damage|p1a: Gardevoir|0 fnt\n|faint|p1a: Gardevoir\n|move|p2b: Pelipper|Hurricane|p1b: Sneasler\n|-supereffective|p1b: Sneasler|1\n|-damage|p1b: Sneasler|0 fnt\n|faint|p1b: Sneasler\n|\n|-weather|RainDance|[upkeep]\n|upkeep\n|\n|t:|1776241968\n|switch|p1b: Ceruledge|Ceruledge, L50, M|100/100\n|turn|5\n|\n|t:|1776241980\n|move|p2a: Skarmory|Brave Bird|p1b: Ceruledge\n|-damage|p1b: Ceruledge|16/100\n|-ability|p1b: Ceruledge|Weak Armor|boost\n|-unboost|p1b: Ceruledge|def|1\n|-boost|p1b: Ceruledge|spe|2\n|-damage|p2a: Skarmory|50/100|[from] Recoil\n|move|p1b: Ceruledge|Poltergeist|p2b: Pelipper|[miss]\n|-miss|p1b: Ceruledge|p2b: Pelipper\n|move|p2b: Pelipper|Weather Ball|p1b: Ceruledge\n|-supereffective|p1b: Ceruledge|1\n|-damage|p1b: Ceruledge|0 fnt\n|faint|p1b: Ceruledge\n|\n|win|DrakeDogg\n|raw|Lazoz4064's rating: 1211 &rarr; <strong>1180</strong><br />(-31 for losing)\n|raw|DrakeDogg's rating: 1128 &rarr; <strong>1159</strong><br />(+31 for winning)\n|l|\u2606Lazoz4064\n|player|p1|\n",
  "uploadtime": 1776242395,
  "views": 22,
  "formatid": "gen9championsvgc2026regma",
  "rating": 1159,
  "private": 0,
  "password": null
}