{
  "id": "gen9championsvgc2026regma-2582226314",
  "format": "[Gen 9 Champions] VGC 2026 Reg M-A",
  "players": [
    "henitusec",
    "MAULANATYSON"
  ],
  "log": "|j|\u2606henitusec\n|j|\u2606MAULANATYSON\n|t:|1776073487\n|gametype|doubles\n|player|p1|henitusec|volo|1040\n|player|p2|MAULANATYSON|colress|1037\n|gen|9\n|tier|[Gen 9 Champions] VGC 2026 Reg M-A\n|rated|\n|rule|Species Clause: Limit one of each Pok\u00e9mon\n|rule|Item Clause: Limit 1 of each item\n|clearpoke\n|poke|p1|Gardevoir, L50, F|\n|poke|p1|Aegislash, L50, M|\n|poke|p1|Incineroar, L50, F|\n|poke|p1|Vivillon-Polar, L50, F|\n|poke|p1|Hydreigon, L50, M|\n|poke|p1|Tauros-Paldea-Aqua, L50, M|\n|poke|p2|Sneasler, L50, M|\n|poke|p2|Pelipper, L50, F|\n|poke|p2|Incineroar, L50, M|\n|poke|p2|Rotom-Wash, L50|\n|poke|p2|Garchomp, L50, M|\n|poke|p2|Meganium, L50, F|\n|teampreview|4\n|inactive|Battle timer is ON: inactive players will automatically lose when time's up. (requested by henitusec)\n|\n|t:|1776073502\n|teamsize|p1|4\n|teamsize|p2|4\n|start\n|switch|p1a: Gardevoir|Gardevoir, L50, F, shiny|100/100\n|switch|p1b: Incineroar|Incineroar, L50, F|100/100\n|switch|p2a: Pelipper|Pelipper, L50, F|100/100\n|switch|p2b: Meganium|Meganium, L50, F|100/100\n|-ability|p1a: Gardevoir|Leaf Guard|Trace|[from] ability: Trace|[of] p2b: Meganium\n|-ability|p1b: Incineroar|Intimidate|boost\n|-unboost|p2a: Pelipper|atk|1\n|-unboost|p2b: Meganium|atk|1\n|-weather|RainDance|[from] ability: Drizzle|[of] p2a: Pelipper\n|turn|1\n|inactive|henitusec has 30 seconds left.\n|\n|t:|1776073529\n|detailschange|p1a: Gardevoir|Gardevoir-Mega, L50, F, shiny\n|-mega|p1a: Gardevoir|Gardevoir|Gardevoirite\n|detailschange|p2b: Meganium|Meganium-Mega, L50, F\n|-mega|p2b: Meganium|Meganium|Meganiumite\n|move|p2b: Meganium|Protect|p2b: Meganium\n|-singleturn|p2b: Meganium|Protect\n|move|p1b: Incineroar|Fake Out|p2a: Pelipper\n|-damage|p2a: Pelipper|89/100\n|move|p1a: Gardevoir|Calm Mind|p1a: Gardevoir\n|-boost|p1a: Gardevoir|spa|1\n|-boost|p1a: Gardevoir|spd|1\n|cant|p2a: Pelipper|flinch\n|\n|-weather|RainDance|[upkeep]\n|upkeep\n|turn|2\n|inactive|henitusec has 30 seconds left.\n|\n|t:|1776073558\n|move|p1a: Gardevoir|Calm Mind|p1a: Gardevoir\n|-boost|p1a: Gardevoir|spa|1\n|-boost|p1a: Gardevoir|spd|1\n|move|p2b: Meganium|Weather Ball|p1b: Incineroar\n|-resisted|p1b: Incineroar|1\n|-damage|p1b: Incineroar|72/100\n|move|p1b: Incineroar|Parting Shot|p2b: Meganium\n|-unboost|p2b: Meganium|atk|1\n|-unboost|p2b: Meganium|spa|1\n|\n|t:|1776073567\n|switch|p1b: Vivillon|Vivillon-Polar, L50, F|100/100|[from] Parting Shot\n|move|p2a: Pelipper|Tailwind|p2a: Pelipper\n|-sidestart|p2: MAULANATYSON|move: Tailwind\n|\n|-weather|RainDance|[upkeep]\n|upkeep\n|turn|3\n|\n|t:|1776073588\n|move|p1b: Vivillon|Rage Powder|p1b: Vivillon\n|-singleturn|p1b: Vivillon|move: Rage Powder\n|move|p2b: Meganium|Solar Beam||[still]\n|-prepare|p2b: Meganium|Solar Beam\n|-activate|p2b: Meganium|ability: Mega Sol\n|-anim|p2b: Meganium|Solar Beam|p1a: Gardevoir\n|-damage|p1a: Gardevoir|83/100\n|move|p2a: Pelipper|Hurricane|p1b: Vivillon\n|-supereffective|p1b: Vivillon|1\n|-enditem|p1b: Vivillon|Focus Sash\n|-damage|p1b: Vivillon|1/100\n|-start|p1b: Vivillon|confusion\n|move|p1a: Gardevoir|Psychic|p2a: Pelipper\n|-damage|p2a: Pelipper|0 fnt\n|faint|p2a: Pelipper\n|\n|-weather|RainDance|[upkeep]\n|upkeep\n|\n|t:|1776073607\n|switch|p2a: Sneasler|Sneasler, L50, M|100/100\n|turn|4\n|\n|t:|1776073618\n|-activate|p1b: Vivillon|confusion\n|-damage|p1b: Vivillon|0 fnt|[from] confusion\n|faint|p1b: Vivillon\n|move|p1a: Gardevoir|Protect|p1a: Gardevoir\n|-singleturn|p1a: Gardevoir|Protect\n|move|p2a: Sneasler|Dire Claw|p1a: Gardevoir\n|-activate|p1a: Gardevoir|move: Protect\n|move|p2b: Meganium|Solar Beam||[still]\n|-prepare|p2b: Meganium|Solar Beam\n|-activate|p2b: Meganium|ability: Mega Sol\n|-anim|p2b: Meganium|Solar Beam|p1a: Gardevoir\n|-activate|p1a: Gardevoir|move: Protect\n|\n|-weather|RainDance|[upkeep]\n|upkeep\n|\n|t:|1776073629\n|switch|p1b: Incineroar|Incineroar, L50, F|72/100\n|-ability|p1b: Incineroar|Intimidate|boost\n|-unboost|p2a: Sneasler|atk|1\n|-unboost|p2b: Meganium|atk|1\n|-enditem|p2a: Sneasler|White Herb\n|-clearnegativeboost|p2a: Sneasler|[silent]\n|turn|5\n|\n|t:|1776073638\n|move|p1b: Incineroar|Fake Out|p2a: Sneasler\n|-crit|p2a: Sneasler\n|-damage|p2a: Sneasler|74/100\n|cant|p2a: Sneasler|flinch\n|move|p2b: Meganium|Solar Beam||[still]\n|-prepare|p2b: Meganium|Solar Beam\n|-activate|p2b: Meganium|ability: Mega Sol\n|-anim|p2b: Meganium|Solar Beam|p1a: Gardevoir\n|-damage|p1a: Gardevoir|62/100\n|move|p1a: Gardevoir|Hyper Voice|p2b: Meganium|[spread] p2a,p2b\n|-damage|p2a: Sneasler|0 fnt\n|-damage|p2b: Meganium|31/100\n|faint|p2a: Sneasler\n|\n|-weather|none\n|-sideend|p2: MAULANATYSON|move: Tailwind\n|upkeep\n|\n|t:|1776073652\n|switch|p2a: Garchomp|Garchomp, L50, M|100/100\n|turn|6\n|\n|t:|1776073663\n|move|p1b: Incineroar|Helping Hand|p1a: Gardevoir\n|-singleturn|p1a: Gardevoir|Helping Hand|[of] p1b: Incineroar\n|move|p2a: Garchomp|Rock Slide|p1a: Gardevoir|[spread] p1a\n|-miss|p2a: Garchomp|p1b: Incineroar\n|-damage|p1a: Gardevoir|37/100\n|move|p1a: Gardevoir|Hyper Voice|p2a: Garchomp|[spread] p2a,p2b\n|-supereffective|p2a: Garchomp|1\n|-crit|p2a: Garchomp\n|-damage|p2a: Garchomp|0 fnt\n|-damage|p2b: Meganium|0 fnt\n|faint|p2a: Garchomp\n|faint|p2b: Meganium\n|\n|win|henitusec\n|raw|henitusec's rating: 1040 &rarr; <strong>1074</strong><br />(+34 for winning)\n|raw|MAULANATYSON's rating: 1037 &rarr; <strong>1022</strong><br />(-15 for losing)\n|l|\u2606MAULANATYSON\n|player|p2|\n",
  "uploadtime": 1776073673,
  "views": 9,
  "formatid": "gen9championsvgc2026regma",
  "rating": 1022,
  "private": 0,
  "password": null
}