{
  "id": "gen9championsvgc2026regma-2582745195",
  "format": "[Gen 9 Champions] VGC 2026 Reg M-A",
  "players": [
    "remidas1",
    "workseanz"
  ],
  "log": "|j|\u2606remidas1\n|j|\u2606workseanz\n|t:|1776111164\n|gametype|doubles\n|player|p1|remidas1|harlequin|1193\n|player|p2|workseanz|1|1239\n|gen|9\n|tier|[Gen 9 Champions] VGC 2026 Reg M-A\n|rated|\n|rule|Species Clause: Limit one of each Pok\u00e9mon\n|rule|Item Clause: Limit 1 of each item\n|clearpoke\n|poke|p1|Clefable, L50, F|\n|poke|p1|Farigiraf, L50, M|\n|poke|p1|Incineroar, L50, M|\n|poke|p1|Torkoal, L50, M|\n|poke|p1|Kingambit, L50, M|\n|poke|p1|Hatterene, L50, F|\n|poke|p2|Floette-Eternal, L50, F|\n|poke|p2|Talonflame, L50, M|\n|poke|p2|Garchomp, L50, M|\n|poke|p2|Rotom-Wash, L50|\n|poke|p2|Sneasler, L50, F|\n|poke|p2|Kingambit, L50, M|\n|teampreview|4\n|inactive|Battle timer is ON: inactive players will automatically lose when time's up. (requested by workseanz)\n|inactive|remidas1 has 60 seconds left.\n|inactive|workseanz has 60 seconds left.\n|\n|t:|1776111220\n|teamsize|p1|4\n|teamsize|p2|4\n|start\n|switch|p1a: Clefable|Clefable, L50, F, shiny|100/100\n|switch|p1b: Farigiraf|Farigiraf, L50, M, shiny|100/100\n|switch|p2a: Garchomp|Garchomp, L50, M|100/100\n|switch|p2b: Kingambit|Kingambit, L50, M|100/100\n|turn|1\n|\n|t:|1776111237\n|switch|p2b: Rotom|Rotom-Wash, L50|100/100\n|detailschange|p2a: Garchomp|Garchomp-Mega, L50, M\n|-mega|p2a: Garchomp|Garchomp|Garchompite\n|move|p1a: Clefable|Follow Me|p1a: Clefable\n|-singleturn|p1a: Clefable|move: Follow Me\n|move|p2a: Garchomp|Earthquake|p1a: Clefable|[spread] p1a,p1b\n|-immune|p2b: Rotom|[from] ability: Levitate\n|-damage|p1a: Clefable|54/100\n|-damage|p1b: Farigiraf|47/100\n|move|p1b: Farigiraf|Trick Room|p1b: Farigiraf\n|-fieldstart|move: Trick Room|[of] p1b: Farigiraf\n|\n|upkeep\n|turn|2\n|inactive|remidas1 has 30 seconds left.\n|inactive|workseanz has 30 seconds left.\n|inactive|remidas1 has 20 seconds left.\n|inactive|remidas1 has 15 seconds left.\n|\n|t:|1776111279\n|move|p1a: Clefable|Endeavor|p2a: Garchomp\n|-damage|p2a: Garchomp|55/100\n|move|p1b: Farigiraf|Hyper Voice|p2b: Rotom|[spread] p2a,p2b\n|-crit|p2b: Rotom\n|-damage|p2a: Garchomp|30/100\n|-damage|p2b: Rotom|46/100\n|move|p2a: Garchomp|Earthquake|p1b: Farigiraf|[spread] p1a,p1b\n|-immune|p2b: Rotom|[from] ability: Levitate\n|-crit|p1b: Farigiraf\n|-damage|p1a: Clefable|11/100\n|-damage|p1b: Farigiraf|0 fnt\n|faint|p1b: Farigiraf\n|move|p2b: Rotom|Volt Switch|p1a: Clefable\n|-damage|p1a: Clefable|0 fnt\n|faint|p1a: Clefable\n|\n|t:|1776111289\n|switch|p2b: Kingambit|Kingambit, L50, M|100/100|[from] Volt Switch\n|\n|upkeep\n|\n|t:|1776111298\n|switch|p1a: Incineroar|Incineroar, L50, M, shiny|100/100\n|switch|p1b: Hatterene|Hatterene, L50, F, shiny|100/100\n|-ability|p1a: Incineroar|Intimidate|boost\n|-unboost|p2a: Garchomp|atk|1\n|-unboost|p2b: Kingambit|atk|1\n|-ability|p2b: Kingambit|Defiant|boost\n|-boost|p2b: Kingambit|atk|2\n|turn|3\n|\n|t:|1776111308\n|move|p2b: Kingambit|Protect|p2b: Kingambit\n|-singleturn|p2b: Kingambit|Protect\n|move|p2a: Garchomp|Protect|p2a: Garchomp\n|-singleturn|p2a: Garchomp|Protect\n|move|p1b: Hatterene|Dazzling Gleam|p2b: Kingambit|[spread] \n|-activate|p2a: Garchomp|move: Protect\n|-activate|p2b: Kingambit|move: Protect\n|move|p1a: Incineroar|Close Combat|p2b: Kingambit\n|-activate|p2b: Kingambit|move: Protect\n|\n|upkeep\n|turn|4\n|inactive|remidas1 has 30 seconds left.\n|inactive|workseanz has 30 seconds left.\n|inactive|workseanz has 20 seconds left.\n|\n|t:|1776111346\n|switch|p2a: Talonflame|Talonflame, L50, M|100/100\n|move|p2b: Kingambit|Sucker Punch|p1b: Hatterene\n|-damage|p1b: Hatterene|23/100\n|move|p1b: Hatterene|Dazzling Gleam|p2a: Talonflame|[spread] p2a,p2b\n|-resisted|p2a: Talonflame|1\n|-damage|p2a: Talonflame|68/100\n|-damage|p2b: Kingambit|56/100\n|move|p1a: Incineroar|Flare Blitz|p2b: Kingambit\n|-supereffective|p2b: Kingambit|1\n|-damage|p2b: Kingambit|0 fnt\n|faint|p2b: Kingambit\n|-damage|p1a: Incineroar|82/100|[from] Recoil\n|\n|upkeep\n|\n|t:|1776111354\n|switch|p2b: Garchomp|Garchomp-Mega, L50, M|30/100\n|turn|5\n|inactive|remidas1 has 30 seconds left.\n|inactive|remidas1 has 20 seconds left.\n|inactive|remidas1 has 15 seconds left.\n|\n|t:|1776111394\n|move|p2b: Garchomp|Protect|p2b: Garchomp\n|-singleturn|p2b: Garchomp|Protect\n|move|p2a: Talonflame|Protect|p2a: Talonflame\n|-singleturn|p2a: Talonflame|Protect\n|move|p1b: Hatterene|Psychic|p2a: Talonflame\n|-activate|p2a: Talonflame|move: Protect\n|move|p1a: Incineroar|Darkest Lariat|p2a: Talonflame\n|-activate|p2a: Talonflame|move: Protect\n|\n|-fieldend|move: Trick Room\n|upkeep\n|turn|6\n|-message|remidas1 forfeited.\n|\n|win|workseanz\n|raw|remidas1's rating: 1193 &rarr; <strong>1171</strong><br />(-22 for losing)\n|raw|workseanz's rating: 1239 &rarr; <strong>1261</strong><br />(+22 for winning)\n|l|\u2606remidas1\n|player|p1|\n",
  "uploadtime": 1776111415,
  "views": 32,
  "formatid": "gen9championsvgc2026regma",
  "rating": 1171,
  "private": 0,
  "password": null
}