{
  "id": "gen9championsvgc2026regma-2586430092",
  "format": "[Gen 9 Champions] VGC 2026 Reg M-A",
  "players": [
    "Andrea146",
    "bonslytears"
  ],
  "log": "|j|\u2606Andrea146\n|j|\u2606bonslytears\n|t:|1776434129\n|gametype|doubles\n|player|p1|Andrea146|cyrus|1225\n|player|p2|bonslytears|ballguy|1287\n|gen|9\n|tier|[Gen 9 Champions] VGC 2026 Reg M-A\n|rated|\n|rule|Species Clause: Limit one of each Pok\u00e9mon\n|rule|Item Clause: Limit 1 of each item\n|clearpoke\n|poke|p1|Scizor, L50, M|\n|poke|p1|Basculegion, L50, M|\n|poke|p1|Pelipper, L50, M|\n|poke|p1|Incineroar, L50, F|\n|poke|p1|Archaludon, L50, F|\n|poke|p1|Sinistcha, L50|\n|poke|p2|Archaludon, L50, F|\n|poke|p2|Pelipper, L50, F|\n|poke|p2|Basculegion, L50, M|\n|poke|p2|Sinistcha, L50|\n|poke|p2|Incineroar, L50, M|\n|poke|p2|Dragonite, L50, M|\n|teampreview|4\n|\n|t:|1776434181\n|teamsize|p1|4\n|teamsize|p2|4\n|start\n|switch|p1a: Archaludon|Archaludon, L50, F|100/100\n|switch|p1b: Basculegion|Basculegion, L50, M|100/100\n|switch|p2a: Archaludon|Archaludon, L50, F, shiny|100/100\n|switch|p2b: Basculegion|Basculegion, L50, M|100/100\n|turn|1\n|inactive|Battle timer is ON: inactive players will automatically lose when time's up. (requested by Andrea146)\n|inactive|Andrea146 has 60 seconds left.\n|inactive|bonslytears has 60 seconds left.\n|inactive|bonslytears has 30 seconds left.\n|\n|t:|1776434245\n|move|p2b: Basculegion|Flip Turn|p1b: Basculegion\n|-resisted|p1b: Basculegion|1\n|-damage|p1b: Basculegion|78/100\n|\n|t:|1776434247\n|switch|p2b: Sinistcha|Sinistcha, L50|100/100|[from] Flip Turn\n|move|p1b: Basculegion|Flip Turn|p2a: Archaludon\n|-resisted|p2a: Archaludon|1\n|-damage|p2a: Archaludon|87/100\n|-ability|p2a: Archaludon|Stamina|boost\n|-boost|p2a: Archaludon|def|1\n|\n|t:|1776434258\n|switch|p1b: Pelipper|Pelipper, L50, M|100/100|[from] Flip Turn\n|-weather|RainDance|[from] ability: Drizzle|[of] p1b: Pelipper\n|move|p2a: Archaludon|Aura Sphere|p1a: Archaludon\n|-supereffective|p1a: Archaludon|1\n|-damage|p1a: Archaludon|48/100\n|-ability|p1a: Archaludon|Stamina|boost\n|-boost|p1a: Archaludon|def|1\n|move|p1a: Archaludon|Draco Meteor|p2a: Archaludon\n|-damage|p2a: Archaludon|10/100\n|-unboost|p1a: Archaludon|spa|2\n|-ability|p2a: Archaludon|Stamina|boost\n|-boost|p2a: Archaludon|def|1\n|\n|-weather|RainDance|[upkeep]\n|-heal|p2a: Archaludon|16/100|[from] item: Leftovers\n|-heal|p1a: Archaludon|54/100|[from] item: Leftovers\n|upkeep\n|turn|2\n|\n|t:|1776434280\n|switch|p1a: Sinistcha|Sinistcha, L50|100/100\n|move|p2a: Archaludon|Protect|p2a: Archaludon\n|-singleturn|p2a: Archaludon|Protect\n|move|p1b: Pelipper|Hurricane|p2b: Sinistcha\n|-supereffective|p2b: Sinistcha|1\n|-damage|p2b: Sinistcha|12/100\n|-start|p2b: Sinistcha|confusion\n|-enditem|p2b: Sinistcha|Sitrus Berry|[eat]\n|-heal|p2b: Sinistcha|37/100|[from] item: Sitrus Berry\n|-activate|p2b: Sinistcha|confusion\n|move|p2b: Sinistcha|Life Dew|p2b: Sinistcha|[spread] p2a,p2b\n|-heal|p2a: Archaludon|41/100\n|-heal|p2b: Sinistcha|62/100\n|\n|-weather|RainDance|[upkeep]\n|-heal|p2a: Archaludon|47/100|[from] item: Leftovers\n|upkeep\n|turn|3\n|inactive|bonslytears has 30 seconds left.\n|\n|t:|1776434313\n|switch|p2b: Dragonite|Dragonite, L50, M, shiny|100/100\n|move|p1a: Sinistcha|Rage Powder|p1a: Sinistcha\n|-singleturn|p1a: Sinistcha|move: Rage Powder\n|move|p1b: Pelipper|Hurricane|p2b: Dragonite\n|-damage|p2b: Dragonite|60/100\n|-start|p2b: Dragonite|confusion\n|move|p2a: Archaludon|Electro Shot||[still]\n|-prepare|p2a: Archaludon|Electro Shot\n|-boost|p2a: Archaludon|spa|1\n|-anim|p2a: Archaludon|Electro Shot|p1a: Sinistcha\n|-resisted|p1a: Sinistcha|1\n|-damage|p1a: Sinistcha|70/100\n|\n|-weather|RainDance|[upkeep]\n|-heal|p2a: Archaludon|54/100|[from] item: Leftovers\n|upkeep\n|turn|4\n|inactive|bonslytears has 30 seconds left.\n|inactive|bonslytears has 20 seconds left.\n|inactive|bonslytears has 15 seconds left.\n|\n|t:|1776434358\n|detailschange|p2b: Dragonite|Dragonite-Mega, L50, M, shiny\n|-mega|p2b: Dragonite|Dragonite|Dragoninite\n|move|p1a: Sinistcha|Protect|p1a: Sinistcha\n|-singleturn|p1a: Sinistcha|Protect\n|-activate|p2b: Dragonite|confusion\n|move|p2b: Dragonite|Hurricane|p1a: Sinistcha\n|-activate|p1a: Sinistcha|move: Protect\n|move|p1b: Pelipper|Tailwind|p1b: Pelipper\n|-sidestart|p1: Andrea146|move: Tailwind\n|move|p2a: Archaludon|Electro Shot||[still]\n|-prepare|p2a: Archaludon|Electro Shot\n|-boost|p2a: Archaludon|spa|1\n|-anim|p2a: Archaludon|Electro Shot|p1b: Pelipper\n|-supereffective|p1b: Pelipper|2\n|-enditem|p1b: Pelipper|Focus Sash\n|-damage|p1b: Pelipper|1/100\n|\n|-weather|RainDance|[upkeep]\n|-heal|p2a: Archaludon|60/100|[from] item: Leftovers\n|upkeep\n|turn|5\n|inactive|Andrea146 has 30 seconds left.\n|\n|t:|1776434391\n|move|p1b: Pelipper|Weather Ball|p2a: Archaludon\n|-resisted|p2a: Archaludon|1\n|-damage|p2a: Archaludon|24/100\n|-ability|p2a: Archaludon|Stamina|boost\n|-boost|p2a: Archaludon|def|1\n|move|p1a: Sinistcha|Life Dew|p1a: Sinistcha|[spread] p1a,p1b\n|-heal|p1a: Sinistcha|95/100\n|-heal|p1b: Pelipper|26/100\n|-activate|p2b: Dragonite|confusion\n|-damage|p2b: Dragonite|52/100|[from] confusion\n|move|p2a: Archaludon|Aura Sphere|p1a: Sinistcha\n|-immune|p1a: Sinistcha\n|\n|-weather|none\n|-heal|p2a: Archaludon|30/100|[from] item: Leftovers\n|upkeep\n|turn|6\n|inactive|Andrea146 has 30 seconds left.\n|c|\u2606bonslytears|rng not my friend this game lol\n|inactive|Andrea146 has 20 seconds left.\n|inactive|Andrea146 has 15 seconds left.\n|\n|t:|1776434431\n|switch|p2b: Sinistcha|Sinistcha, L50|62/100\n|-heal|p2a: Archaludon|55/100|[from] ability: Hospitality|[of] p2b: Sinistcha\n|move|p1a: Sinistcha|Protect|p1a: Sinistcha\n|-singleturn|p1a: Sinistcha|Protect\n|move|p2a: Archaludon|Protect|p2a: Archaludon\n|-singleturn|p2a: Archaludon|Protect\n|move|p1b: Pelipper|Hurricane|p2a: Archaludon\n|-activate|p2a: Archaludon|move: Protect\n|\n|-heal|p2a: Archaludon|61/100|[from] item: Leftovers\n|upkeep\n|turn|7\n|\n|t:|1776434455\n|move|p1a: Sinistcha|Rage Powder|p1a: Sinistcha\n|-singleturn|p1a: Sinistcha|move: Rage Powder\n|move|p1b: Pelipper|Hurricane|p2b: Sinistcha\n|-supereffective|p2b: Sinistcha|1\n|-damage|p2b: Sinistcha|0 fnt\n|faint|p2b: Sinistcha\n|move|p2a: Archaludon|Dragon Pulse|p1a: Sinistcha\n|-damage|p1a: Sinistcha|16/100\n|-enditem|p1a: Sinistcha|Sitrus Berry|[eat]\n|-heal|p1a: Sinistcha|40/100|[from] item: Sitrus Berry\n|\n|-heal|p2a: Archaludon|68/100|[from] item: Leftovers\n|-sideend|p1: Andrea146|move: Tailwind\n|upkeep\n|inactive|bonslytears has 30 seconds left.\n|inactive|bonslytears has 20 seconds left.\n|\n|t:|1776434491\n|switch|p2b: Dragonite|Dragonite-Mega, L50, M, shiny|52/100\n|turn|8\n|\n|t:|1776434507\n|move|p1a: Sinistcha|Protect|p1a: Sinistcha\n|-singleturn|p1a: Sinistcha|Protect\n|move|p2b: Dragonite|Hurricane|p1a: Sinistcha\n|-activate|p1a: Sinistcha|move: Protect\n|move|p1b: Pelipper|Tailwind|p1b: Pelipper\n|-sidestart|p1: Andrea146|move: Tailwind\n|move|p2a: Archaludon|Dragon Pulse|p1b: Pelipper\n|-damage|p1b: Pelipper|0 fnt\n|faint|p1b: Pelipper\n|\n|-heal|p2a: Archaludon|74/100|[from] item: Leftovers\n|upkeep\n|\n|t:|1776434529\n|switch|p1b: Archaludon|Archaludon, L50, F|54/100\n|turn|9\n|\n|t:|1776434554\n|move|p1a: Sinistcha|Rage Powder|p1a: Sinistcha\n|-singleturn|p1a: Sinistcha|move: Rage Powder\n|move|p1b: Archaludon|Draco Meteor|p2b: Dragonite\n|-supereffective|p2b: Dragonite|1\n|-damage|p2b: Dragonite|0 fnt\n|-unboost|p1b: Archaludon|spa|2\n|faint|p2b: Dragonite\n|move|p2a: Archaludon|Dragon Pulse|p1a: Sinistcha\n|-damage|p1a: Sinistcha|0 fnt\n|faint|p1a: Sinistcha\n|\n|-heal|p1b: Archaludon|60/100|[from] item: Leftovers\n|-heal|p2a: Archaludon|80/100|[from] item: Leftovers\n|upkeep\n|\n|t:|1776434563\n|switch|p2b: Basculegion|Basculegion, L50, M|100/100\n|switch|p1a: Basculegion|Basculegion, L50, M|78/100\n|turn|10\n|\n|t:|1776434571\n|move|p2b: Basculegion|Aqua Jet|p1a: Basculegion\n|-resisted|p1a: Basculegion|1\n|-damage|p1a: Basculegion|64/100\n|move|p1a: Basculegion|Last Respects|p2b: Basculegion\n|-supereffective|p2b: Basculegion|1\n|-damage|p2b: Basculegion|0 fnt\n|faint|p2b: Basculegion\n|move|p1b: Archaludon|Draco Meteor|p2a: Archaludon\n|-damage|p2a: Archaludon|43/100\n|-unboost|p1b: Archaludon|spa|2\n|-ability|p2a: Archaludon|Stamina|boost\n|-boost|p2a: Archaludon|def|1\n|move|p2a: Archaludon|Dragon Pulse|p1a: Basculegion\n|-damage|p1a: Basculegion|0 fnt\n|faint|p1a: Basculegion\n|\n|-heal|p1b: Archaludon|66/100|[from] item: Leftovers\n|-heal|p2a: Archaludon|49/100|[from] item: Leftovers\n|upkeep\n|turn|11\n|\n|t:|1776434592\n|move|p2a: Archaludon|Protect|p2a: Archaludon\n|-singleturn|p2a: Archaludon|Protect\n|move|p1b: Archaludon|Draco Meteor|p2a: Archaludon\n|-activate|p2a: Archaludon|move: Protect\n|\n|-heal|p1b: Archaludon|72/100|[from] item: Leftovers\n|-heal|p2a: Archaludon|55/100|[from] item: Leftovers\n|-sideend|p1: Andrea146|move: Tailwind\n|upkeep\n|turn|12\n|\n|t:|1776434596\n|move|p2a: Archaludon|Aura Sphere|p1b: Archaludon\n|-supereffective|p1b: Archaludon|1\n|-damage|p1b: Archaludon|0 fnt\n|faint|p1b: Archaludon\n|\n|win|bonslytears\n|raw|Andrea146's rating: 1225 &rarr; <strong>1204</strong><br />(-21 for losing)\n|raw|bonslytears's rating: 1287 &rarr; <strong>1308</strong><br />(+21 for winning)\n|l|\u2606Andrea146\n|player|p1|\n",
  "uploadtime": 1776434609,
  "views": 39,
  "formatid": "gen9championsvgc2026regma",
  "rating": 1204,
  "private": 0,
  "password": null
}