{
  "id": "gen9championsvgc2026regma-2580976475",
  "format": "[Gen 9 Champions] VGC 2026 Reg M-A",
  "players": [
    "roodlethenoodle",
    "space9982"
  ],
  "log": "|j|\u2606roodlethenoodle\n|j|\u2606space9982\n|t:|1775948312\n|gametype|doubles\n|player|p1|roodlethenoodle|cilan|1340\n|player|p2|space9982|266|1337\n|gen|9\n|tier|[Gen 9 Champions] VGC 2026 Reg M-A\n|rated|\n|rule|Species Clause: Limit one of each Pok\u00e9mon\n|rule|Item Clause: Limit 1 of each item\n|clearpoke\n|poke|p1|Incineroar, L50, M|\n|poke|p1|Floette-Eternal, L50, F|\n|poke|p1|Rotom-Wash, L50|\n|poke|p1|Garchomp, L50, F|\n|poke|p1|Sinistcha, L50|\n|poke|p1|Orthworm, L50, F|\n|poke|p2|Charizard, L50, M|\n|poke|p2|Whimsicott, L50, F|\n|poke|p2|Garchomp, L50, M|\n|poke|p2|Sneasler, L50, M|\n|poke|p2|Incineroar, L50, M|\n|poke|p2|Rotom-Wash, L50|\n|teampreview|4\n|inactive|Battle timer is ON: inactive players will automatically lose when time's up. (requested by space9982)\n|inactive|space9982 has 60 seconds left.\n|inactive|space9982 has 30 seconds left.\n|inactive|roodlethenoodle has 60 seconds left.\n|inactive|space9982 has 20 seconds left.\n|\n|t:|1775948384\n|teamsize|p1|4\n|teamsize|p2|4\n|start\n|switch|p1a: Garchomp|Garchomp, L50, F|100/100\n|switch|p1b: Incineroar|Incineroar, L50, M|100/100\n|switch|p2a: Charizard|Charizard, L50, M, shiny|100/100\n|switch|p2b: Whimsicott|Whimsicott, L50, F, shiny|100/100\n|-ability|p1b: Incineroar|Intimidate|boost\n|-unboost|p2a: Charizard|atk|1\n|-unboost|p2b: Whimsicott|atk|1\n|turn|1\n|j| grapplebeam\n|c| grapplebeam|J\n|l| grapplebeam\n|\n|t:|1775948405\n|move|p2a: Charizard|Protect|p2a: Charizard\n|-singleturn|p2a: Charizard|Protect\n|move|p1b: Incineroar|Fake Out|p2b: Whimsicott\n|-damage|p2b: Whimsicott|83/100\n|cant|p2b: Whimsicott|flinch\n|move|p1a: Garchomp|Stone Edge|p2a: Charizard\n|-activate|p2a: Charizard|move: Protect\n|\n|upkeep\n|turn|2\n|\n|t:|1775948426\n|switch|p2a: Garchomp|Garchomp, L50, M, shiny|100/100\n|move|p2b: Whimsicott|Tailwind|p2b: Whimsicott\n|-sidestart|p2: space9982|move: Tailwind\n|move|p1a: Garchomp|Stone Edge|p2a: Garchomp|[miss]\n|-miss|p1a: Garchomp|p2a: Garchomp\n|move|p1b: Incineroar|Flare Blitz|p2b: Whimsicott\n|-supereffective|p2b: Whimsicott|1\n|-damage|p2b: Whimsicott|0 fnt\n|faint|p2b: Whimsicott\n|-damage|p1b: Incineroar|82/100|[from] Recoil\n|\n|upkeep\n|inactive|space9982 has 30 seconds left.\n|inactive|space9982 has 20 seconds left.\n|inactive|space9982 has 15 seconds left.\n|\n|t:|1775948468\n|switch|p2b: Sneasler|Sneasler, L50, M, shiny|100/100\n|turn|3\n|\n|t:|1775948486\n|switch|p1b: Orthworm|Orthworm, L50, F|100/100\n|move|p2b: Sneasler|Fake Out|p1b: Orthworm\n|-resisted|p1b: Orthworm|1\n|-damage|p1b: Orthworm|95/100\n|move|p2a: Garchomp|Dragon Claw|p1a: Garchomp\n|-supereffective|p1a: Garchomp|1\n|-damage|p1a: Garchomp|12/100\n|-damage|p2a: Garchomp|88/100|[from] ability: Rough Skin|[of] p1a: Garchomp\n|move|p1a: Garchomp|Earthquake|p2a: Garchomp|[spread] p2a,p2b\n|-heal|p1b: Orthworm|100/100|[from] ability: Earth Eater|[of] p1a: Garchomp\n|-supereffective|p2b: Sneasler|1\n|-damage|p2a: Garchomp|43/100\n|-damage|p2b: Sneasler|0 fnt\n|faint|p2b: Sneasler\n|\n|upkeep\n|j| UltimatheoryPK\n|\n|t:|1775948489\n|switch|p2b: Charizard|Charizard, L50, M, shiny|100/100\n|turn|4\n|inactive|roodlethenoodle has 30 seconds left.\n|inactive|roodlethenoodle has 20 seconds left.\n|inactive|roodlethenoodle has 15 seconds left.\n|\n|t:|1775948532\n|switch|p1a: Incineroar|Incineroar, L50, M|82/100\n|-ability|p1a: Incineroar|Intimidate|boost\n|-unboost|p2a: Garchomp|atk|1\n|-unboost|p2b: Charizard|atk|1\n|switch|p1b: Sinistcha|Sinistcha, L50|100/100\n|-heal|p1a: Incineroar|100/100|[from] ability: Hospitality|[of] p1b: Sinistcha\n|detailschange|p2b: Charizard|Charizard-Mega-Y, L50, M, shiny\n|-mega|p2b: Charizard|Charizard|Charizardite Y\n|-weather|SunnyDay|[from] ability: Drought|[of] p2b: Charizard\n|move|p2a: Garchomp|Dragon Claw|p1b: Sinistcha\n|-damage|p1b: Sinistcha|74/100\n|move|p2b: Charizard|Heat Wave|p1b: Sinistcha|[spread] p1a,p1b\n|-resisted|p1a: Incineroar|1\n|-supereffective|p1b: Sinistcha|1\n|-enditem|p1b: Sinistcha|Occa Berry|[eat]\n|-enditem|p1b: Sinistcha|Occa Berry|[weaken]\n|-damage|p1a: Incineroar|69/100\n|-damage|p1b: Sinistcha|12/100\n|\n|-weather|SunnyDay|[upkeep]\n|upkeep\n|turn|5\n|inactive|roodlethenoodle has 30 seconds left.\n|inactive|roodlethenoodle has 20 seconds left.\n|\n|t:|1775948568\n|move|p2b: Charizard|Protect|p2b: Charizard\n|-singleturn|p2b: Charizard|Protect\n|move|p1b: Sinistcha|Rage Powder|p1b: Sinistcha\n|-singleturn|p1b: Sinistcha|move: Rage Powder\n|move|p2a: Garchomp|Dragon Claw|p1b: Sinistcha\n|-damage|p1b: Sinistcha|0 fnt\n|faint|p1b: Sinistcha\n|move|p1a: Incineroar|Parting Shot|p2b: Charizard\n|-activate|p2b: Charizard|move: Protect\n|\n|-weather|SunnyDay|[upkeep]\n|-sideend|p2: space9982|move: Tailwind\n|upkeep\n|j| gE1xjZRtuhW2DdT0AK\n|\n|t:|1775948574\n|switch|p1b: Garchomp|Garchomp, L50, F|12/100\n|turn|6\n|j| HazelA7X\n|\n|t:|1775948583\n|move|p2a: Garchomp|Dragon Claw|p1b: Garchomp\n|-supereffective|p1b: Garchomp|1\n|-damage|p1b: Garchomp|0 fnt\n|-damage|p2a: Garchomp|31/100|[from] ability: Rough Skin|[of] p1b: Garchomp\n|faint|p1b: Garchomp\n|move|p2b: Charizard|Ancient Power|p1a: Incineroar\n|-supereffective|p1a: Incineroar|1\n|-damage|p1a: Incineroar|19/100\n|move|p1a: Incineroar|Parting Shot|p2a: Garchomp\n|-unboost|p2a: Garchomp|atk|1\n|-unboost|p2a: Garchomp|spa|1\n|\n|t:|1775948588\n|switch|p1a: Orthworm|Orthworm, L50, F|100/100|[from] Parting Shot\n|\n|-weather|SunnyDay|[upkeep]\n|upkeep\n|\n|t:|1775948589\n|switch|p1b: Incineroar|Incineroar, L50, M|19/100\n|-ability|p1b: Incineroar|Intimidate|boost\n|-unboost|p2a: Garchomp|atk|1\n|-unboost|p2b: Charizard|atk|1\n|turn|7\n|\n|t:|1775948610\n|move|p2b: Charizard|Protect|p2b: Charizard\n|-singleturn|p2b: Charizard|Protect\n|move|p1b: Incineroar|Fake Out|p2b: Charizard\n|-activate|p2b: Charizard|move: Protect\n|move|p2a: Garchomp|Dragon Claw|p1b: Incineroar\n|-damage|p1b: Incineroar|4/100\n|move|p1a: Orthworm|Iron Defense|p1a: Orthworm\n|-boost|p1a: Orthworm|def|2\n|\n|-weather|SunnyDay|[upkeep]\n|upkeep\n|turn|8\n|l| HazelA7X\n|\n|t:|1775948629\n|move|p2a: Garchomp|Dragon Claw|p1a: Orthworm\n|-resisted|p1a: Orthworm|1\n|-damage|p1a: Orthworm|97/100\n|move|p2b: Charizard|Heat Wave|p1a: Orthworm|[spread] p1a,p1b\n|-supereffective|p1a: Orthworm|1\n|-resisted|p1b: Incineroar|1\n|-damage|p1a: Orthworm|0 fnt\n|-damage|p1b: Incineroar|0 fnt\n|faint|p1a: Orthworm\n|faint|p1b: Incineroar\n|\n|win|space9982\n|raw|roodlethenoodle's rating: 1340 &rarr; <strong>1320</strong><br />(-20 for losing)\n|raw|space9982's rating: 1337 &rarr; <strong>1357</strong><br />(+20 for winning)\n|l|\u2606roodlethenoodle\n|player|p1|\n|l|\u2606space9982\n|player|p2|\n",
  "uploadtime": 1775948648,
  "views": 42,
  "formatid": "gen9championsvgc2026regma",
  "rating": 1320,
  "private": 0,
  "password": null
}