{
  "id": "gen9championsvgc2026regma-2584814094",
  "format": "[Gen 9 Champions] VGC 2026 Reg M-A",
  "players": [
    "eevee1ynn",
    "bintro"
  ],
  "log": "|j|\u2606eevee1ynn\n|j|\u2606bintro\n|t:|1776285635\n|gametype|doubles\n|player|p1|eevee1ynn|lass-gen8|1199\n|player|p2|bintro|ninjaboy|1101\n|gen|9\n|tier|[Gen 9 Champions] VGC 2026 Reg M-A\n|rated|\n|rule|Species Clause: Limit one of each Pok\u00e9mon\n|rule|Item Clause: Limit 1 of each item\n|clearpoke\n|poke|p1|Altaria, L50, M|\n|poke|p1|Talonflame, L50, F|\n|poke|p1|Excadrill, L50, M|\n|poke|p1|Milotic, L50, M|\n|poke|p1|Sinistcha, L50|\n|poke|p1|Incineroar, L50, F|\n|poke|p2|Kangaskhan, L50, F|\n|poke|p2|Tinkaton, L50, F|\n|poke|p2|Incineroar, L50, F|\n|poke|p2|Pelipper, L50, M|\n|poke|p2|Archaludon, L50, M|\n|poke|p2|Basculegion, L50, M|\n|teampreview|4\n|inactive|Battle timer is ON: inactive players will automatically lose when time's up. (requested by bintro)\n|inactive|eevee1ynn has 60 seconds left.\n|\n|t:|1776285682\n|teamsize|p1|4\n|teamsize|p2|4\n|start\n|switch|p1a: Milotic|Milotic, L50, M|100/100\n|switch|p1b: Incineroar|Incineroar, L50, F|100/100\n|switch|p2a: Pelipper|Pelipper, L50, M|100/100\n|switch|p2b: Archaludon|Archaludon, L50, M, shiny|100/100\n|-weather|RainDance|[from] ability: Drizzle|[of] p2a: Pelipper\n|-ability|p1b: Incineroar|Intimidate|boost\n|-unboost|p2a: Pelipper|atk|1\n|-unboost|p2b: Archaludon|atk|1\n|-enditem|p2b: Archaludon|White Herb\n|-clearnegativeboost|p2b: Archaludon|[silent]\n|turn|1\n|\n|t:|1776285708\n|move|p1b: Incineroar|Fake Out|p2a: Pelipper\n|-damage|p2a: Pelipper|84/100\n|move|p2b: Archaludon|Electro Shot||[still]\n|-prepare|p2b: Archaludon|Electro Shot\n|-boost|p2b: Archaludon|spa|1\n|-anim|p2b: Archaludon|Electro Shot|p1a: Milotic\n|-supereffective|p1a: Milotic|1\n|-damage|p1a: Milotic|10/100\n|cant|p2a: Pelipper|flinch\n|move|p1a: Milotic|Mirror Coat|p2b: Archaludon\n|-ability|p2b: Archaludon|Sturdy\n|-damage|p2b: Archaludon|1/100\n|\n|-weather|RainDance|[upkeep]\n|-heal|p1a: Milotic|16/100|[from] item: Leftovers\n|upkeep\n|turn|2\n|inactive|bintro has 30 seconds left.\n|\n|t:|1776285740\n|switch|p2b: Kangaskhan|Kangaskhan, L50, F|100/100\n|move|p2a: Pelipper|Tailwind|p2a: Pelipper\n|-sidestart|p2: bintro|move: Tailwind\n|move|p1b: Incineroar|Darkest Lariat|p2a: Pelipper\n|-damage|p2a: Pelipper|31/100\n|move|p1a: Milotic|Ice Beam|p2b: Kangaskhan\n|-damage|p2b: Kangaskhan|70/100\n|\n|-weather|RainDance|[upkeep]\n|-heal|p1a: Milotic|22/100|[from] item: Leftovers\n|upkeep\n|turn|3\n|\n|t:|1776285762\n|switch|p1b: Sinistcha|Sinistcha, L50|100/100\n|-heal|p1a: Milotic|47/100|[from] ability: Hospitality|[of] p1b: Sinistcha\n|detailschange|p2b: Kangaskhan|Kangaskhan-Mega, L50, F\n|-mega|p2b: Kangaskhan|Kangaskhan|Kangaskhanite\n|move|p2b: Kangaskhan|Fake Out|p1a: Milotic\n|-damage|p1a: Milotic|28/100\n|-damage|p1a: Milotic|23/100\n|-hitcount|p1a: Milotic|2\n|move|p2a: Pelipper|Weather Ball|p1b: Sinistcha\n|-resisted|p1b: Sinistcha|1\n|-damage|p1b: Sinistcha|67/100\n|cant|p1a: Milotic|flinch\n|\n|-weather|RainDance|[upkeep]\n|-heal|p1a: Milotic|29/100|[from] item: Leftovers\n|upkeep\n|turn|4\n|\n|t:|1776285786\n|switch|p1b: Incineroar|Incineroar, L50, F|100/100\n|-ability|p1b: Incineroar|Intimidate|boost\n|-unboost|p2a: Pelipper|atk|1\n|-unboost|p2b: Kangaskhan|atk|1\n|move|p1a: Milotic|Protect|p1a: Milotic\n|-singleturn|p1a: Milotic|Protect\n|move|p2b: Kangaskhan|Sucker Punch||[still]\n|-fail|p2b: Kangaskhan\n|move|p2a: Pelipper|Hurricane|p1b: Incineroar\n|-damage|p1b: Incineroar|49/100\n|\n|-weather|RainDance|[upkeep]\n|-heal|p1a: Milotic|35/100|[from] item: Leftovers\n|upkeep\n|turn|5\n|\n|t:|1776285799\n|move|p1b: Incineroar|Fake Out|p2b: Kangaskhan\n|-damage|p2b: Kangaskhan|58/100\n|cant|p2b: Kangaskhan|flinch\n|move|p2a: Pelipper|Hurricane|p1b: Incineroar\n|-damage|p1b: Incineroar|2/100\n|-start|p1b: Incineroar|confusion\n|move|p1a: Milotic|Scald|p2a: Pelipper\n|-resisted|p2a: Pelipper|1\n|-damage|p2a: Pelipper|0 fnt\n|faint|p2a: Pelipper\n|\n|-weather|none\n|-heal|p1a: Milotic|41/100|[from] item: Leftovers\n|-sideend|p2: bintro|move: Tailwind\n|upkeep\n|\n|t:|1776285813\n|switch|p2a: Basculegion|Basculegion, L50, M|100/100\n|turn|6\n|\n|t:|1776285827\n|move|p2b: Kangaskhan|Sucker Punch|p1a: Milotic\n|-damage|p1a: Milotic|28/100\n|-damage|p1a: Milotic|24/100\n|-hitcount|p1a: Milotic|2\n|move|p2a: Basculegion|Aqua Jet|p1b: Incineroar\n|-supereffective|p1b: Incineroar|1\n|-enditem|p1b: Incineroar|Passho Berry|[eat]\n|-enditem|p1b: Incineroar|Passho Berry|[weaken]\n|-damage|p1b: Incineroar|0 fnt\n|faint|p1b: Incineroar\n|move|p1a: Milotic|Scald|p2b: Kangaskhan\n|-damage|p2b: Kangaskhan|25/100\n|-status|p2b: Kangaskhan|brn\n|\n|-heal|p1a: Milotic|30/100|[from] item: Leftovers\n|-damage|p2b: Kangaskhan|19/100 brn|[from] brn\n|upkeep\n|\n|t:|1776285833\n|switch|p1b: Sinistcha|Sinistcha, L50|67/100\n|-heal|p1a: Milotic|55/100|[from] ability: Hospitality|[of] p1b: Sinistcha\n|turn|7\n|\n|t:|1776285847\n|move|p2b: Kangaskhan|Double-Edge|p1a: Milotic\n|-damage|p1a: Milotic|37/100\n|-damage|p1a: Milotic|32/100\n|-hitcount|p1a: Milotic|2\n|-damage|p2b: Kangaskhan|10/100 brn|[from] Recoil\n|move|p2a: Basculegion|Last Respects|p1b: Sinistcha\n|-supereffective|p1b: Sinistcha|1\n|-damage|p1b: Sinistcha|0 fnt\n|faint|p1b: Sinistcha\n|move|p1a: Milotic|Scald|p2b: Kangaskhan\n|-damage|p2b: Kangaskhan|0 fnt\n|faint|p2b: Kangaskhan\n|\n|-heal|p1a: Milotic|38/100|[from] item: Leftovers\n|upkeep\n|\n|t:|1776285860\n|switch|p2b: Archaludon|Archaludon, L50, M, shiny|1/100\n|switch|p1b: Altaria|Altaria, L50, M|100/100\n|-ability|p1b: Altaria|Cloud Nine\n|turn|8\n|\n|t:|1776285871\n|detailschange|p1b: Altaria|Altaria-Mega, L50, M\n|-mega|p1b: Altaria|Altaria|Altarianite\n|move|p2b: Archaludon|Protect|p2b: Archaludon\n|-singleturn|p2b: Archaludon|Protect\n|move|p1a: Milotic|Protect|p1a: Milotic\n|-singleturn|p1a: Milotic|Protect\n|move|p2a: Basculegion|Last Respects|p1b: Altaria\n|-damage|p1b: Altaria|31/100\n|move|p1b: Altaria|Hyper Voice|p2a: Basculegion|[spread] p2a\n|-activate|p2b: Archaludon|move: Protect\n|-damage|p2a: Basculegion|56/100\n|\n|-heal|p1a: Milotic|44/100|[from] item: Leftovers\n|upkeep\n|turn|9\n|\n|t:|1776285889\n|move|p2b: Archaludon|Flash Cannon|p1b: Altaria\n|-supereffective|p1b: Altaria|1\n|-damage|p1b: Altaria|0 fnt\n|faint|p1b: Altaria\n|move|p2a: Basculegion|Last Respects|p1a: Milotic\n|-damage|p1a: Milotic|0 fnt\n|faint|p1a: Milotic\n|\n|win|bintro\n|raw|eevee1ynn's rating: 1199 &rarr; <strong>1167</strong><br />(-32 for losing)\n|raw|bintro's rating: 1101 &rarr; <strong>1133</strong><br />(+32 for winning)\n",
  "uploadtime": 1776285890,
  "views": 19,
  "formatid": "gen9championsvgc2026regma",
  "rating": 1133,
  "private": 0,
  "password": null
}