{
  "id": "gen9championsvgc2026regma-2583468005",
  "format": "[Gen 9 Champions] VGC 2026 Reg M-A",
  "players": [
    "Mochi Shirou",
    "Chrisdoom10"
  ],
  "log": "|j|\u2606Mochi Shirou\n|j|\u2606Chrisdoom10\n|t:|1776177568\n|gametype|doubles\n|player|p1|Mochi Shirou|n|1101\n|player|p2|Chrisdoom10|2|1000\n|gen|9\n|tier|[Gen 9 Champions] VGC 2026 Reg M-A\n|rated|\n|rule|Species Clause: Limit one of each Pok\u00e9mon\n|rule|Item Clause: Limit 1 of each item\n|clearpoke\n|poke|p1|Incineroar, L50, M|\n|poke|p1|Gengar, L50, M|\n|poke|p1|Sinistcha, L50|\n|poke|p1|Kingambit, L50, M|\n|poke|p1|Tyranitar, L50, F|\n|poke|p1|Kommo-o, L50, M|\n|poke|p2|Gallade, L50, M|\n|poke|p2|Archaludon, L50, F|\n|poke|p2|Milotic, L50, M|\n|poke|p2|Incineroar, L50, M|\n|poke|p2|Whimsicott, L50, M|\n|poke|p2|Tyranitar, L50, M|\n|teampreview|4\n|inactive|Battle timer is ON: inactive players will automatically lose when time's up. (requested by Mochi Shirou)\nMochi Shirou rejected open team sheets.\n|inactive|Chrisdoom10 has 60 seconds left.\n|\n|t:|1776177631\n|teamsize|p1|4\n|teamsize|p2|4\n|start\n|switch|p1a: Incineroar|Incineroar, L50, M|100/100\n|switch|p1b: Gengar|Gengar, L50, M|100/100\n|switch|p2a: Gallade|Gallade, L50, M|100/100\n|switch|p2b: Whimsicott|Whimsicott, L50, M|100/100\n|-ability|p1a: Incineroar|Intimidate|boost\n|-unboost|p2a: Gallade|atk|1\n|-unboost|p2b: Whimsicott|atk|1\n|turn|1\n|inactive|Mochi Shirou has 30 seconds left.\n|inactive|Chrisdoom10 has 30 seconds left.\n|\n|t:|1776177664\n|detailschange|p1b: Gengar|Gengar-Mega, L50, M\n|-mega|p1b: Gengar|Gengar|Gengarite\n|move|p1a: Incineroar|Fake Out|p2a: Gallade\n|-damage|p2a: Gallade|86/100\n|move|p2b: Whimsicott|Tailwind|p2b: Whimsicott\n|-sidestart|p2: Chrisdoom10|move: Tailwind\n|cant|p2a: Gallade|flinch\n|-ability|p2a: Gallade|Steadfast|boost\n|-boost|p2a: Gallade|spe|1\n|move|p1b: Gengar|Shadow Ball|p2a: Gallade\n|-supereffective|p2a: Gallade|1\n|-damage|p2a: Gallade|7/100\n|\n|upkeep\n|turn|2\n|\n|t:|1776177683\n|move|p1b: Gengar|Protect|p1b: Gengar\n|-singleturn|p1b: Gengar|Protect\n|move|p2b: Whimsicott|Taunt|p1a: Incineroar\n|-hint|Since gen 7, Dark is immune to Prankster moves.\n|-immune|p1a: Incineroar\n|move|p2a: Gallade|Rain Dance|p2a: Gallade\n|-weather|RainDance\n|move|p1a: Incineroar|Throat Chop|p2a: Gallade\n|-damage|p2a: Gallade|0 fnt\n|faint|p2a: Gallade\n|\n|-weather|RainDance|[upkeep]\n|upkeep\n|\n|t:|1776177693\n|switch|p2a: Milotic|Milotic, L50, M|100/100\n|turn|3\n|inactive|Mochi Shirou has 30 seconds left.\n|inactive|Chrisdoom10 has 30 seconds left.\n|inactive|Chrisdoom10 has 20 seconds left.\n|inactive|Chrisdoom10 has 15 seconds left.\n|inactive|Chrisdoom10 has 10 seconds left.\n|\n|t:|1776177743\n|move|p1a: Incineroar|Protect|p1a: Incineroar\n|-singleturn|p1a: Incineroar|Protect\n|move|p2b: Whimsicott|Moonblast|p1a: Incineroar\n|-activate|p1a: Incineroar|move: Protect\n|move|p2a: Milotic|Scald|p1a: Incineroar\n|-activate|p1a: Incineroar|move: Protect\n|move|p1b: Gengar|Perish Song|p1b: Gengar\n|-start|p1a: Incineroar|perish3|[silent]\n|-start|p1b: Gengar|perish3|[silent]\n|-start|p2a: Milotic|perish3|[silent]\n|-start|p2b: Whimsicott|perish3|[silent]\n|-fieldactivate|move: Perish Song\n|\n|-weather|RainDance|[upkeep]\n|-start|p2b: Whimsicott|perish3\n|-start|p2a: Milotic|perish3\n|-start|p1b: Gengar|perish3\n|-start|p1a: Incineroar|perish3\n|upkeep\n|turn|4\n|inactive|Mochi Shirou has 30 seconds left.\n|inactive|Mochi Shirou has 20 seconds left.\n|inactive|Mochi Shirou has 15 seconds left.\n|\n|t:|1776177788\n|move|p2b: Whimsicott|Moonblast|p1a: Incineroar\n|-damage|p1a: Incineroar|80/100\n|move|p2a: Milotic|Scald|p1a: Incineroar\n|-supereffective|p1a: Incineroar|1\n|-damage|p1a: Incineroar|2/100\n|move|p1b: Gengar|Substitute|p1b: Gengar\n|-start|p1b: Gengar|Substitute\n|-damage|p1b: Gengar|76/100\n|move|p1a: Incineroar|Parting Shot|p2a: Milotic\n|-unboost|p2a: Milotic|atk|1\n|-unboost|p2a: Milotic|spa|1\n|\n|t:|1776177799\n|switch|p1a: Sinistcha|Sinistcha, L50|100/100|[from] Parting Shot\n|-heal|p1b: Gengar|100/100|[from] ability: Hospitality|[of] p1a: Sinistcha\n|\n|-weather|RainDance|[upkeep]\n|-start|p2b: Whimsicott|perish2\n|-start|p2a: Milotic|perish2\n|-start|p1b: Gengar|perish2\n|-sideend|p2: Chrisdoom10|move: Tailwind\n|upkeep\n|turn|5\n|inactive|Chrisdoom10 has 30 seconds left.\n|\n|t:|1776177833\n|move|p1b: Gengar|Protect|p1b: Gengar\n|-singleturn|p1b: Gengar|Protect\n|move|p1a: Sinistcha|Protect|p1a: Sinistcha\n|-singleturn|p1a: Sinistcha|Protect\n|move|p2b: Whimsicott|Taunt|p1a: Sinistcha\n|-activate|p1a: Sinistcha|move: Protect\n|move|p2a: Milotic|Ice Beam|p1a: Sinistcha\n|-activate|p1a: Sinistcha|move: Protect\n|\n|-weather|RainDance|[upkeep]\n|-start|p1b: Gengar|perish1\n|-start|p2b: Whimsicott|perish1\n|-start|p2a: Milotic|perish1\n|upkeep\n|turn|6\n|\n|t:|1776177852\n|switch|p1b: Incineroar|Incineroar, L50, M|2/100\n|-ability|p1b: Incineroar|Intimidate|boost\n|-unboost|p2a: Milotic|atk|1\n|-unboost|p2b: Whimsicott|atk|1\n|move|p2b: Whimsicott|Taunt|p1a: Sinistcha\n|-start|p1a: Sinistcha|move: Taunt\n|move|p2a: Milotic|Ice Beam|p1a: Sinistcha\n|-supereffective|p1a: Sinistcha|1\n|-damage|p1a: Sinistcha|67/100\n|-status|p1a: Sinistcha|frz\n|cant|p1a: Sinistcha|frz\n|\n|-weather|none\n|-start|p2b: Whimsicott|perish0\n|-start|p2a: Milotic|perish0\n|upkeep\n|faint|p2b: Whimsicott\n|faint|p2a: Milotic\n|-message|Chrisdoom10 forfeited.\n|\n|win|Mochi Shirou\n|raw|Mochi Shirou's rating: 1101 &rarr; <strong>1119</strong><br />(+18 for winning)\n|raw|Chrisdoom10's rating: 1000 &rarr; <strong>1000</strong><br />(+0 for losing)\n|l|\u2606Chrisdoom10\n|player|p2|\n",
  "uploadtime": 1776177880,
  "views": 14,
  "formatid": "gen9championsvgc2026regma",
  "rating": 1000,
  "private": 0,
  "password": null
}