{
  "id": "gen9championsvgc2026regma-2585811625",
  "format": "[Gen 9 Champions] VGC 2026 Reg M-A",
  "players": [
    "helmy",
    "SHyperdestroyerVGC"
  ],
  "log": "|j|\u2606helmy\n|j|\u2606SHyperdestroyerVGC\n|t:|1776372390\n|gametype|doubles\n|player|p1|helmy|2|1327\n|player|p2|SHyperdestroyerVGC|lady|1302\n|gen|9\n|tier|[Gen 9 Champions] VGC 2026 Reg M-A\n|rated|\n|rule|Species Clause: Limit one of each Pok\u00e9mon\n|rule|Item Clause: Limit 1 of each item\n|clearpoke\n|poke|p1|Tyranitar, L50, M|\n|poke|p1|Glimmora, L50, F|\n|poke|p1|Scizor, L50, F|\n|poke|p1|Kommo-o, L50, M|\n|poke|p1|Whimsicott, L50, M|\n|poke|p1|Zoroark-Hisui, L50, M|\n|poke|p2|Charizard, L50, F|\n|poke|p2|Venusaur, L50, F|\n|poke|p2|Whimsicott, L50, M|\n|poke|p2|Kingambit, L50, M|\n|poke|p2|Kommo-o, L50, M|\n|poke|p2|Rotom-Wash, L50|\n|teampreview|4\nSHyperdestroyerVGC has agreed to open team sheets.\n|\n|t:|1776372425\n|teamsize|p1|4\n|teamsize|p2|4\n|start\n|switch|p1a: Tyranitar|Tyranitar, L50, M|100/100\n|switch|p1b: Kommo-o|Kommo-o, L50, M|100/100\n|switch|p2a: Kommo-o|Kommo-o, L50, M|100/100\n|switch|p2b: Rotom|Rotom-Wash, L50|100/100\n|-weather|Sandstorm|[from] ability: Sand Stream|[of] p1a: Tyranitar\n|turn|1\n|inactive|Battle timer is ON: inactive players will automatically lose when time's up. (requested by helmy)\n|\n|t:|1776372439\n|switch|p1a: Whimsicott|Whimsicott, L50, M|100/100\n|move|p2b: Rotom|Volt Switch|p1b: Kommo-o\n|-damage|p1b: Kommo-o|30/100\n|replace|p1b: Zoroark|Zoroark-Hisui, L50, M\n|-end|p1b: Zoroark|Illusion\n|\n|t:|1776372448\n|switch|p2b: Kingambit|Kingambit, L50, M|100/100|[from] Volt Switch\n|move|p1b: Zoroark|Psychic|p2a: Kommo-o\n|-supereffective|p2a: Kommo-o|1\n|-damage|p2a: Kommo-o|45/100\n|move|p2a: Kommo-o|Iron Defense|p2a: Kommo-o\n|-boost|p2a: Kommo-o|def|2\n|\n|-weather|Sandstorm|[upkeep]\n|-damage|p1b: Zoroark|24/100|[from] Sandstorm\n|-damage|p1a: Whimsicott|95/100|[from] Sandstorm\n|-damage|p2a: Kommo-o|39/100|[from] Sandstorm\n|upkeep\n|turn|2\n|inactive|helmy has 30 seconds left.\n|inactive|SHyperdestroyerVGC has 30 seconds left.\n|inactive|helmy has 20 seconds left.\n|inactive|helmy has 15 seconds left.\n|inactive|helmy has 10 seconds left.\n|\n|t:|1776372494\n|switch|p2a: Charizard|Charizard, L50, F|100/100\n|move|p1a: Whimsicott|Encore||[still]\n|-fail|p1a: Whimsicott\n|move|p1b: Zoroark|Flamethrower|p2b: Kingambit\n|-supereffective|p2b: Kingambit|1\n|-damage|p2b: Kingambit|48/100\n|move|p2b: Kingambit|Swords Dance|p2b: Kingambit\n|-boost|p2b: Kingambit|atk|2\n|\n|-weather|Sandstorm|[upkeep]\n|-damage|p1b: Zoroark|18/100|[from] Sandstorm\n|-damage|p2a: Charizard|95/100|[from] Sandstorm\n|-damage|p1a: Whimsicott|89/100|[from] Sandstorm\n|upkeep\n|turn|3\n|\n|t:|1776372515\n|detailschange|p2a: Charizard|Charizard-Mega-Y, L50, F\n|-mega|p2a: Charizard|Charizard|Charizardite Y\n|-weather|SunnyDay|[from] ability: Drought|[of] p2a: Charizard\n|move|p1a: Whimsicott|Tailwind|p1a: Whimsicott\n|-sidestart|p1: helmy|move: Tailwind\n|move|p2b: Kingambit|Sucker Punch|p1b: Zoroark\n|-supereffective|p1b: Zoroark|1\n|-damage|p1b: Zoroark|0 fnt\n|faint|p1b: Zoroark\n|move|p2a: Charizard|Air Slash|p1a: Whimsicott\n|-supereffective|p1a: Whimsicott|1\n|-damage|p1a: Whimsicott|0 fnt\n|faint|p1a: Whimsicott\n|\n|-weather|SunnyDay|[upkeep]\n|upkeep\n|\n|t:|1776372526\n|switch|p1b: Tyranitar|Tyranitar, L50, M|100/100\n|switch|p1a: Kommo-o|Kommo-o, L50, M|100/100\n|-weather|Sandstorm|[from] ability: Sand Stream|[of] p1b: Tyranitar\n|turn|4\n|\n|t:|1776372548\n|move|p2a: Charizard|Protect|p2a: Charizard\n|-singleturn|p2a: Charizard|Protect\n|move|p2b: Kingambit|Protect|p2b: Kingambit\n|-singleturn|p2b: Kingambit|Protect\n|move|p1a: Kommo-o|Aura Sphere|p2b: Kingambit\n|-activate|p2b: Kingambit|move: Protect\n|move|p1b: Tyranitar|Dragon Dance|p1b: Tyranitar\n|-boost|p1b: Tyranitar|atk|1\n|-boost|p1b: Tyranitar|spe|1\n|\n|-weather|Sandstorm|[upkeep]\n|-damage|p1a: Kommo-o|94/100|[from] Sandstorm\n|-damage|p2a: Charizard|89/100|[from] Sandstorm\n|-heal|p1a: Kommo-o|100/100|[from] item: Leftovers\n|upkeep\n|turn|5\n|\n|t:|1776372565\n|switch|p2a: Rotom|Rotom-Wash, L50|100/100\n|move|p2b: Kingambit|Sucker Punch|p1b: Tyranitar\n|-resisted|p1b: Tyranitar|1\n|-damage|p1b: Tyranitar|55/100\n|move|p1b: Tyranitar|Rock Slide|p2b: Kingambit|[spread] p2a,p2b\n|-resisted|p2b: Kingambit|1\n|-damage|p2a: Rotom|41/100\n|-damage|p2b: Kingambit|32/100\n|move|p1a: Kommo-o|Aura Sphere|p2b: Kingambit\n|-supereffective|p2b: Kingambit|2\n|-damage|p2b: Kingambit|0 fnt\n|faint|p2b: Kingambit\n|\n|-weather|Sandstorm|[upkeep]\n|-damage|p1a: Kommo-o|94/100|[from] Sandstorm\n|-damage|p2a: Rotom|36/100|[from] Sandstorm\n|-heal|p1a: Kommo-o|100/100|[from] item: Leftovers\n|upkeep\n|\n|t:|1776372579\n|switch|p2b: Charizard|Charizard-Mega-Y, L50, F|89/100\n|-weather|SunnyDay|[from] ability: Drought|[of] p2b: Charizard\n|turn|6\n|inactive|SHyperdestroyerVGC has 30 seconds left.\n|\n|t:|1776372604\n|detailschange|p1b: Tyranitar|Tyranitar-Mega, L50, M\n|-mega|p1b: Tyranitar|Tyranitar|Tyranitarite\n|-weather|Sandstorm|[from] ability: Sand Stream|[of] p1b: Tyranitar\n|move|p2b: Charizard|Protect|p2b: Charizard\n|-singleturn|p2b: Charizard|Protect\n|move|p1b: Tyranitar|Rock Slide|p2b: Charizard|[spread] \n|-activate|p2b: Charizard|move: Protect\n|-miss|p1b: Tyranitar|p2a: Rotom\n|move|p1a: Kommo-o|Clangorous Soul|p1a: Kommo-o\n|-boost|p1a: Kommo-o|atk|1\n|-boost|p1a: Kommo-o|def|1\n|-boost|p1a: Kommo-o|spa|1\n|-boost|p1a: Kommo-o|spd|1\n|-boost|p1a: Kommo-o|spe|1\n|-damage|p1a: Kommo-o|68/100\n|move|p2a: Rotom|Trick||[still]\n|-fail|p2a: Rotom\n|\n|-weather|Sandstorm|[upkeep]\n|-damage|p1a: Kommo-o|62/100|[from] Sandstorm\n|-damage|p2a: Rotom|30/100|[from] Sandstorm\n|-damage|p2b: Charizard|83/100|[from] Sandstorm\n|-heal|p1a: Kommo-o|68/100|[from] item: Leftovers\n|-sideend|p1: helmy|move: Tailwind\n|upkeep\n|turn|7\n|\n|t:|1776372621\n|switch|p2a: Kommo-o|Kommo-o, L50, M|39/100\n|move|p1a: Kommo-o|Clanging Scales|p2a: Kommo-o|[spread] p2b\n|-immune|p2a: Kommo-o|[from] ability: Soundproof\n|-damage|p2b: Charizard|34/100\n|-unboost|p1a: Kommo-o|def|1\n|move|p1b: Tyranitar|Rock Slide|p2b: Charizard|[spread] p2a,p2b\n|-resisted|p2a: Kommo-o|1\n|-supereffective|p2b: Charizard|2\n|-damage|p2a: Kommo-o|19/100\n|-damage|p2b: Charizard|0 fnt\n|faint|p2b: Charizard\n|\n|-weather|Sandstorm|[upkeep]\n|-damage|p1a: Kommo-o|62/100|[from] Sandstorm\n|-damage|p2a: Kommo-o|13/100|[from] Sandstorm\n|-heal|p1a: Kommo-o|68/100|[from] item: Leftovers\n|upkeep\n|c|\u2606SHyperdestroyerVGC|gg\n|c|\u2606helmy|gg\n|-message|SHyperdestroyerVGC forfeited.\n|\n|win|helmy\n|raw|helmy's rating: 1327 &rarr; <strong>1346</strong><br />(+19 for winning)\n|raw|SHyperdestroyerVGC's rating: 1302 &rarr; <strong>1283</strong><br />(-19 for losing)\n|l|\u2606helmy\n|player|p1|\n|c|\u2606SHyperdestroyerVGC|Almost\n",
  "uploadtime": 1776372645,
  "views": 21,
  "formatid": "gen9championsvgc2026regma",
  "rating": 1283,
  "private": 0,
  "password": null
}