{
  "id": "gen9championsvgc2026regma-2585031180",
  "format": "[Gen 9 Champions] VGC 2026 Reg M-A",
  "players": [
    "carlosbenz123",
    "25th_mang"
  ],
  "log": "|j|\u2606carlosbenz123\n|j|\u260625th_mang\n|t:|1776304995\n|gametype|doubles\n|player|p1|carlosbenz123|102|1275\n|player|p2|25th_mang|ballguy|1290\n|gen|9\n|tier|[Gen 9 Champions] VGC 2026 Reg M-A\n|rated|\n|rule|Species Clause: Limit one of each Pok\u00e9mon\n|rule|Item Clause: Limit 1 of each item\n|clearpoke\n|poke|p1|Meganium, L50, F|\n|poke|p1|Aerodactyl, L50, F|\n|poke|p1|Politoed, L50, F|\n|poke|p1|Goodra-Hisui, L50, M|\n|poke|p1|Diggersby, L50, F|\n|poke|p1|Starmie, L50|\n|poke|p2|Crabominable, L50, M|\n|poke|p2|Farigiraf, L50, F|\n|poke|p2|Incineroar, L50, F|\n|poke|p2|Archaludon, L50, F|\n|poke|p2|Pelipper, L50, M|\n|poke|p2|Sinistcha, L50|\n|teampreview|4\n|inactive|Battle timer is ON: inactive players will automatically lose when time's up. (requested by 25th_mang)\n|\n|t:|1776305021\n|teamsize|p1|4\n|teamsize|p2|4\n|start\n|switch|p1a: Starmie|Starmie, L50|100/100\n|switch|p1b: Aerodactyl|Aerodactyl, L50, F|100/100\n|switch|p2a: Flip|Farigiraf, L50, F|100/100\n|switch|p2b: Roar|Incineroar, L50, F|100/100\n|-ability|p1b: Aerodactyl|Pressure\n|-ability|p2b: Roar|Intimidate|boost\n|-unboost|p1a: Starmie|atk|1\n|-unboost|p1b: Aerodactyl|atk|1\n|turn|1\n|\n|t:|1776305042\n|detailschange|p1a: Starmie|Starmie-Mega, L50\n|-mega|p1a: Starmie|Starmie|Starminite\n|move|p2b: Roar|Fake Out|p1a: Starmie\n|-damage|p1a: Starmie|83/100\n|move|p1b: Aerodactyl|Rock Slide|p2a: Flip|[spread] p2a,p2b\n|-supereffective|p2b: Roar|1\n|-damage|p2a: Flip|86/100\n|-damage|p2b: Roar|70/100\n|cant|p1a: Starmie|flinch\n|cant|p2a: Flip|flinch\n|\n|upkeep\n|turn|2\n|\n|t:|1776305060\n|switch|p2b: My Direction|Sinistcha, L50|100/100\n|-heal|p2a: Flip|100/100|[from] ability: Hospitality|[of] p2b: My Direction\n|move|p1b: Aerodactyl|Dual Wingbeat|p2a: Flip\n|-damage|p2a: Flip|91/100\n|-damage|p2a: Flip|81/100\n|-hitcount|p2a: Flip|2\n|move|p1a: Starmie|Liquidation|p2b: My Direction\n|-resisted|p2b: My Direction|1\n|-damage|p2b: My Direction|79/100\n|move|p2a: Flip|Trick Room|p2a: Flip\n|-fieldstart|move: Trick Room|[of] p2a: Flip\n|\n|upkeep\n|turn|3\n|inactive|carlosbenz123 has 30 seconds left.\n|\n|t:|1776305085\n|switch|p1a: Goodra|Goodra-Hisui, L50, M|100/100\n|move|p2a: Flip|Hyper Voice|p1b: Aerodactyl|[spread] p1a,p1b\n|-resisted|p1a: Goodra|1\n|-resisted|p1b: Aerodactyl|1\n|-damage|p1a: Goodra|93/100\n|-damage|p1b: Aerodactyl|84/100\n|move|p2b: My Direction|Matcha Gotcha|p1a: Goodra|[spread] p1a,p1b\n|-resisted|p1a: Goodra|2\n|-damage|p1a: Goodra|89/100\n|-heal|p2b: My Direction|81/100|[from] drain|[of] p1a: Goodra\n|-damage|p1b: Aerodactyl|51/100\n|-heal|p2b: My Direction|96/100|[from] drain|[of] p1b: Aerodactyl\n|-status|p1b: Aerodactyl|brn\n|move|p1b: Aerodactyl|Dual Wingbeat|p2b: My Direction\n|-supereffective|p2b: My Direction|1\n|-damage|p2b: My Direction|86/100\n|-supereffective|p2b: My Direction|1\n|-damage|p2b: My Direction|77/100\n|-hitcount|p2b: My Direction|2\n|\n|-heal|p1a: Goodra|95/100|[from] item: Leftovers\n|-damage|p1b: Aerodactyl|45/100 brn|[from] brn\n|upkeep\n|turn|4\n|inactive|carlosbenz123 has 30 seconds left.\n|inactive|25th_mang has 30 seconds left.\n|inactive|25th_mang has 20 seconds left.\n|inactive|25th_mang has 15 seconds left.\n|\n|t:|1776305127\n|switch|p2a: Roar|Incineroar, L50, F|70/100\n|-ability|p2a: Roar|Intimidate|boost\n|-unboost|p1a: Goodra|atk|1\n|-unboost|p1b: Aerodactyl|atk|1\n|switch|p1b: Diggersby|Diggersby, L50, F|100/100\n|move|p1a: Goodra|Sludge Wave|p2b: My Direction|[spread] p1b,p2a,p2b\n|-resisted|p1b: Diggersby|1\n|-damage|p1b: Diggersby|87/100\n|-damage|p2a: Roar|52/100\n|-damage|p2b: My Direction|57/100\n|move|p2b: My Direction|Matcha Gotcha|p1a: Goodra|[spread] p1a,p1b\n|-resisted|p1a: Goodra|2\n|-supereffective|p1b: Diggersby|1\n|-enditem|p1b: Diggersby|Rindo Berry|[eat]\n|-enditem|p1b: Diggersby|Rindo Berry|[weaken]\n|-damage|p1a: Goodra|92/100\n|-heal|p2b: My Direction|58/100|[from] drain|[of] p1a: Goodra\n|-damage|p1b: Diggersby|55/100\n|-heal|p2b: My Direction|73/100|[from] drain|[of] p1b: Diggersby\n|\n|-heal|p1a: Goodra|98/100|[from] item: Leftovers\n|upkeep\n|turn|5\n|inactive|carlosbenz123 has 30 seconds left.\n|inactive|25th_mang has 30 seconds left.\n|inactive|carlosbenz123 has 20 seconds left.\n|\n|t:|1776305167\n|move|p1a: Goodra|Protect|p1a: Goodra\n|-singleturn|p1a: Goodra|Protect\n|move|p2a: Roar|Fake Out|p1a: Goodra\n|-activate|p1a: Goodra|move: Protect\n|move|p2b: My Direction|Matcha Gotcha|p1b: Diggersby|[spread] p1b\n|-activate|p1a: Goodra|move: Protect\n|-supereffective|p1b: Diggersby|1\n|-damage|p1b: Diggersby|0 fnt\n|-heal|p2b: My Direction|98/100|[from] drain|[of] p1b: Diggersby\n|faint|p1b: Diggersby\n|\n|-heal|p1a: Goodra|100/100|[from] item: Leftovers\n|upkeep\n|\n|t:|1776305180\n|switch|p1b: Aerodactyl|Aerodactyl, L50, F|45/100 brn\n|-ability|p1b: Aerodactyl|Pressure\n|turn|6\n|inactive|25th_mang has 30 seconds left.\n|inactive|25th_mang has 20 seconds left.\n|inactive|25th_mang has 15 seconds left.\n|\n|t:|1776305221\n|switch|p2b: Flip|Farigiraf, L50, F|81/100\n|move|p1a: Goodra|Draco Meteor|p2a: Roar\n|-damage|p2a: Roar|6/100\n|-unboost|p1a: Goodra|spa|2\n|move|p2a: Roar|Flare Blitz|p1a: Goodra\n|-damage|p1a: Goodra|48/100\n|-ability|p1a: Goodra|Gooey\n|-unboost|p2a: Roar|spe|1\n|-damage|p2a: Roar|0 fnt|[from] Recoil\n|faint|p2a: Roar\n|move|p1b: Aerodactyl|Dual Wingbeat|p2b: Flip|[miss]\n|-miss|p1b: Aerodactyl|p2b: Flip\n|\n|-heal|p1a: Goodra|53/100|[from] item: Leftovers\n|-damage|p1b: Aerodactyl|39/100 brn|[from] brn\n|-fieldend|move: Trick Room\n|upkeep\n|\n|t:|1776305226\n|switch|p2a: My Direction|Sinistcha, L50|98/100\n|-heal|p2b: Flip|100/100|[from] ability: Hospitality|[of] p2a: My Direction\n|turn|7\n|inactive|carlosbenz123 has 30 seconds left.\n|inactive|carlosbenz123 has 20 seconds left.\n|inactive|carlosbenz123 has 15 seconds left.\n|inactive|carlosbenz123 has 10 seconds left.\n|inactive|carlosbenz123 has 5 seconds left.\n|\n|t:|1776305279\n|move|p2a: My Direction|Rage Powder|p2a: My Direction\n|-singleturn|p2a: My Direction|move: Rage Powder\n|move|p1b: Aerodactyl|Dual Wingbeat|p2a: My Direction\n|-supereffective|p2a: My Direction|1\n|-damage|p2a: My Direction|85/100\n|-supereffective|p2a: My Direction|1\n|-damage|p2a: My Direction|71/100\n|-hitcount|p2a: My Direction|2\n|move|p1a: Goodra|Draco Meteor|p2a: My Direction\n|-damage|p2a: My Direction|44/100\n|-unboost|p1a: Goodra|spa|2\n|-enditem|p2a: My Direction|Sitrus Berry|[eat]\n|-heal|p2a: My Direction|69/100|[from] item: Sitrus Berry\n|move|p2b: Flip|Trick Room|p2b: Flip\n|-fieldstart|move: Trick Room|[of] p2b: Flip\n|\n|-heal|p1a: Goodra|59/100|[from] item: Leftovers\n|-damage|p1b: Aerodactyl|34/100 brn|[from] brn\n|upkeep\n|turn|8\n|inactive|carlosbenz123 has 30 seconds left.\n|inactive|carlosbenz123 has 20 seconds left.\n|\n|t:|1776305318\n|switch|p1a: Starmie|Starmie-Mega, L50|83/100\n|move|p1b: Aerodactyl|Protect|p1b: Aerodactyl\n|-singleturn|p1b: Aerodactyl|Protect\n|move|p2b: Flip|Hyper Voice|p1a: Starmie|[spread] p1a\n|-activate|p1b: Aerodactyl|move: Protect\n|-damage|p1a: Starmie|49/100\n|move|p2a: My Direction|Matcha Gotcha|p1b: Aerodactyl|[spread] p1a\n|-activate|p1b: Aerodactyl|move: Protect\n|-supereffective|p1a: Starmie|1\n|-damage|p1a: Starmie|0 fnt\n|-heal|p2a: My Direction|88/100|[from] drain|[of] p1a: Starmie\n|faint|p1a: Starmie\n|\n|-damage|p1b: Aerodactyl|28/100 brn|[from] brn\n|upkeep\n|\n|t:|1776305332\n|switch|p1a: Goodra|Goodra-Hisui, L50, M|59/100\n|turn|9\n|\n|t:|1776305343\n|move|p2b: Flip|Hyper Voice|p1a: Goodra|[spread] p1a,p1b\n|-resisted|p1a: Goodra|1\n|-resisted|p1b: Aerodactyl|1\n|-damage|p1a: Goodra|51/100\n|-damage|p1b: Aerodactyl|9/100 brn\n|move|p1a: Goodra|Draco Meteor|p2b: Flip\n|-damage|p2b: Flip|56/100\n|-unboost|p1a: Goodra|spa|2\n|move|p2a: My Direction|Matcha Gotcha|p1a: Goodra|[spread] p1a,p1b\n|-resisted|p1a: Goodra|2\n|-damage|p1a: Goodra|48/100\n|-heal|p2a: My Direction|90/100|[from] drain|[of] p1a: Goodra\n|-damage|p1b: Aerodactyl|0 fnt\n|-heal|p2a: My Direction|94/100|[from] drain|[of] p1b: Aerodactyl\n|faint|p1b: Aerodactyl\n|\n|-heal|p1a: Goodra|53/100|[from] item: Leftovers\n|upkeep\n|turn|10\n|\n|t:|1776305356\n|move|p2b: Flip|Hyper Voice|p1a: Goodra\n|-resisted|p1a: Goodra|1\n|-damage|p1a: Goodra|43/100\n|move|p1a: Goodra|Sludge Wave|p2b: Flip|[spread] p2a,p2b\n|-damage|p2a: My Direction|82/100\n|-damage|p2b: Flip|46/100\n|move|p2a: My Direction|Matcha Gotcha|p1a: Goodra\n|-resisted|p1a: Goodra|2\n|-damage|p1a: Goodra|38/100\n|-heal|p2a: My Direction|85/100|[from] drain|[of] p1a: Goodra\n|\n|-heal|p1a: Goodra|44/100|[from] item: Leftovers\n|upkeep\n|turn|11\n|\n|t:|1776305369\n|move|p1a: Goodra|Protect|p1a: Goodra\n|-singleturn|p1a: Goodra|Protect\n|move|p2b: Flip|Trick Room|p2b: Flip\n|-fieldend|move: Trick Room\n|move|p2a: My Direction|Trick Room|p2a: My Direction\n|-fieldstart|move: Trick Room|[of] p2a: My Direction\n|\n|-heal|p1a: Goodra|50/100|[from] item: Leftovers\n|upkeep\n|turn|12\n|\n|t:|1776305383\n|switch|p2a: Hockey Reference|Crabominable, L50, M|100/100\n|move|p2b: Flip|Hyper Voice|p1a: Goodra\n|-resisted|p1a: Goodra|1\n|-damage|p1a: Goodra|41/100\n|move|p1a: Goodra|Sludge Wave|p2a: Hockey Reference|[spread] p2a,p2b\n|-damage|p2a: Hockey Reference|90/100\n|-damage|p2b: Flip|37/100\n|\n|-heal|p1a: Goodra|46/100|[from] item: Leftovers\n|upkeep\n|turn|13\n|\n|t:|1776305406\n|detailschange|p2a: Hockey Reference|Crabominable-Mega, L50, M\n|-mega|p2a: Hockey Reference|Crabominable|Crabominite\n|move|p2b: Flip|Helping Hand|p2a: Hockey Reference\n|-singleturn|p2a: Hockey Reference|Helping Hand|[of] p2b: Flip\n|move|p2a: Hockey Reference|Drain Punch|p1a: Goodra\n|-supereffective|p1a: Goodra|1\n|-damage|p1a: Goodra|0 fnt\n|-heal|p2a: Hockey Reference|100/100|[from] drain|[of] p1a: Goodra\n|-ability|p1a: Goodra|Gooey\n|-unboost|p2a: Hockey Reference|spe|1\n|faint|p1a: Goodra\n|\n|win|25th_mang\n|raw|carlosbenz123's rating: 1275 &rarr; <strong>1251</strong><br />(-24 for losing)\n|raw|25th_mang's rating: 1290 &rarr; <strong>1314</strong><br />(+24 for winning)\n|l|\u2606carlosbenz123\n|player|p1|\n",
  "uploadtime": 1776305439,
  "views": 32,
  "formatid": "gen9championsvgc2026regma",
  "rating": 1251,
  "private": 0,
  "password": null
}