{
  "id": "gen9championsvgc2026regma-2584711671",
  "format": "[Gen 9 Champions] VGC 2026 Reg M-A",
  "players": [
    "tapedcrusader",
    "Maximo Mawile"
  ],
  "log": "|j|\u2606tapedcrusader\n|j|\u2606Maximo Mawile\n|t:|1776278397\n|gametype|doubles\n|player|p1|tapedcrusader|red|1243\n|player|p2|Maximo Mawile|steven|1324\n|gen|9\n|tier|[Gen 9 Champions] VGC 2026 Reg M-A\n|rated|\n|rule|Species Clause: Limit one of each Pok\u00e9mon\n|rule|Item Clause: Limit 1 of each item\n|clearpoke\n|poke|p1|Floette-Eternal, L50, F|\n|poke|p1|Gengar, L50, F|\n|poke|p1|Incineroar, L50, M|\n|poke|p1|Sneasler, L50, M|\n|poke|p1|Whimsicott, L50, M|\n|poke|p1|Basculegion, L50, M|\n|poke|p2|Tyranitar, L50, F|\n|poke|p2|Arcanine, L50, M|\n|poke|p2|Gengar, L50, M|\n|poke|p2|Whimsicott, L50, M|\n|poke|p2|Milotic, L50, F|\n|poke|p2|Corviknight, L50, M|\n|teampreview|4\n|inactive|Battle timer is ON: inactive players will automatically lose when time's up. (requested by tapedcrusader)\n|inactive|tapedcrusader has 60 seconds left.\n|inactive|Maximo Mawile has 60 seconds left.\n|\n|t:|1776278440\n|teamsize|p1|4\n|teamsize|p2|4\n|start\n|switch|p1a: Floette|Floette-Eternal, L50, F|100/100\n|switch|p1b: Basculegion|Basculegion, L50, M|100/100\n|switch|p2a: Gengar|Gengar, L50, M, shiny|100/100\n|switch|p2b: Whimsicott|Whimsicott, L50, M|100/100\n|turn|1\n|\n|t:|1776278460\n|switch|p1b: Incineroar|Incineroar, L50, M|100/100\n|-ability|p1b: Incineroar|Intimidate|boost\n|-unboost|p2a: Gengar|atk|1\n|-unboost|p2b: Whimsicott|atk|1\n|switch|p1a: Whimsicott|Whimsicott, L50, M|100/100\n|detailschange|p2a: Gengar|Gengar-Mega, L50, M, shiny\n|-mega|p2a: Gengar|Gengar|Gengarite\n|move|p2a: Gengar|Protect|p2a: Gengar\n|-singleturn|p2a: Gengar|Protect\n|move|p2b: Whimsicott|Tailwind|p2b: Whimsicott\n|-sidestart|p2: Maximo Mawile|move: Tailwind\n|\n|upkeep\n|turn|2\n|inactive|Maximo Mawile has 30 seconds left.\n|inactive|Maximo Mawile has 20 seconds left.\n|inactive|Maximo Mawile has 15 seconds left.\n|\n|t:|1776278501\n|switch|p2b: Arcanine|Arcanine, L50, M, shiny|100/100\n|-ability|p2b: Arcanine|Intimidate|boost\n|-unboost|p1a: Whimsicott|atk|1\n|-unboost|p1b: Incineroar|atk|1\n|move|p1b: Incineroar|Fake Out|p2b: Arcanine\n|-damage|p2b: Arcanine|92/100\n|move|p1a: Whimsicott|Encore|p2a: Gengar\n|-start|p2a: Gengar|Encore\n|move|p2a: Gengar|Protect||[still]\n|-fail|p2a: Gengar\n|\n|upkeep\n|turn|3\n|\n|t:|1776278523\n|switch|p2a: Whimsicott|Whimsicott, L50, M|100/100\n|move|p1a: Whimsicott|Protect|p1a: Whimsicott\n|-singleturn|p1a: Whimsicott|Protect\n|move|p2b: Arcanine|Snarl|p1a: Whimsicott|[spread] p1b\n|-activate|p1a: Whimsicott|move: Protect\n|-resisted|p1b: Incineroar|1\n|-damage|p1b: Incineroar|98/100\n|-unboost|p1b: Incineroar|spa|1\n|move|p1b: Incineroar|Parting Shot|p2b: Arcanine\n|-unboost|p2b: Arcanine|atk|1\n|-unboost|p2b: Arcanine|spa|1\n|\n|t:|1776278542\n|switch|p1b: Basculegion|Basculegion, L50, M|100/100|[from] Parting Shot\n|\n|upkeep\n|turn|4\n|\n|t:|1776278554\n|switch|p1a: Incineroar|Incineroar, L50, M|98/100\n|-ability|p1a: Incineroar|Intimidate|boost\n|-unboost|p2a: Whimsicott|atk|1\n|-unboost|p2b: Arcanine|atk|1\n|move|p2a: Whimsicott|Encore|p1a: Incineroar\n|-hint|Since gen 7, Dark is immune to Prankster moves.\n|-immune|p1a: Incineroar\n|move|p2b: Arcanine|Will-O-Wisp|p1b: Basculegion\n|-status|p1b: Basculegion|brn\n|move|p1b: Basculegion|Flip Turn|p2b: Arcanine\n|-supereffective|p2b: Arcanine|1\n|-damage|p2b: Arcanine|55/100\n|\n|t:|1776278570\n|switch|p1b: Whimsicott|Whimsicott, L50, M|100/100|[from] Flip Turn\n|\n|-sideend|p2: Maximo Mawile|move: Tailwind\n|upkeep\n|turn|5\n|inactive|tapedcrusader has 30 seconds left.\n|\n|t:|1776278596\n|move|p2a: Whimsicott|Protect|p2a: Whimsicott\n|-singleturn|p2a: Whimsicott|Protect\n|move|p1b: Whimsicott|Encore|p2b: Arcanine\n|-start|p2b: Arcanine|Encore\n|move|p2b: Arcanine|Will-O-Wisp|p1b: Whimsicott|[miss]\n|-miss|p2b: Arcanine|p1b: Whimsicott\n|move|p1a: Incineroar|Flare Blitz|p2a: Whimsicott\n|-activate|p2a: Whimsicott|move: Protect\n|\n|upkeep\n|turn|6\n|inactive|tapedcrusader has 30 seconds left.\n|\n|t:|1776278623\n|switch|p1b: Basculegion|Basculegion, L50, M|100/100 brn\n|switch|p2a: Tyranitar|Tyranitar, L50, F, shiny|100/100\n|-weather|Sandstorm|[from] ability: Sand Stream|[of] p2a: Tyranitar\n|move|p2b: Arcanine|Will-O-Wisp|p1b: Basculegion\n|-fail|p1b: Basculegion|brn\n|move|p1a: Incineroar|Darkest Lariat|p2a: Tyranitar\n|-resisted|p2a: Tyranitar|1\n|-damage|p2a: Tyranitar|89/100\n|\n|-weather|Sandstorm|[upkeep]\n|-damage|p1b: Basculegion|94/100 brn|[from] Sandstorm\n|-damage|p2b: Arcanine|49/100|[from] Sandstorm\n|-damage|p1a: Incineroar|92/100|[from] Sandstorm\n|-enditem|p2b: Arcanine|Sitrus Berry|[eat]\n|-heal|p2b: Arcanine|74/100|[from] item: Sitrus Berry\n|-damage|p1b: Basculegion|88/100 brn|[from] brn\n|upkeep\n|turn|7\n|inactive|tapedcrusader has 30 seconds left.\n|inactive|Maximo Mawile has 30 seconds left.\n|\n|t:|1776278652\n|switch|p2b: Whimsicott|Whimsicott, L50, M|100/100\n|move|p1b: Basculegion|Flip Turn|p2b: Whimsicott\n|-resisted|p2b: Whimsicott|1\n|-damage|p2b: Whimsicott|89/100\n|\n|t:|1776278664\n|switch|p1b: Whimsicott|Whimsicott, L50, M|100/100|[from] Flip Turn\n|move|p1a: Incineroar|Parting Shot|p2a: Tyranitar\n|-unboost|p2a: Tyranitar|atk|1\n|-unboost|p2a: Tyranitar|spa|1\n|\n|t:|1776278671\n|switch|p1a: Floette|Floette-Eternal, L50, F|100/100|[from] Parting Shot\n|move|p2a: Tyranitar|Rock Slide|p1a: Floette|[spread] p1a,p1b\n|-damage|p1a: Floette|72/100\n|-damage|p1b: Whimsicott|75/100\n|\n|-weather|Sandstorm|[upkeep]\n|-damage|p1b: Whimsicott|69/100|[from] Sandstorm\n|-damage|p2b: Whimsicott|83/100|[from] Sandstorm\n|-damage|p1a: Floette|66/100|[from] Sandstorm\n|upkeep\n|turn|8\n|\n|t:|1776278687\n|switch|p2a: Arcanine|Arcanine, L50, M, shiny|74/100\n|-ability|p2a: Arcanine|Intimidate|boost\n|-unboost|p1a: Floette|atk|1\n|-block|p1b: Whimsicott|ability: Flower Veil|[of] p1a: Floette\n|detailschange|p1a: Floette|Floette-Mega, L50, F\n|-mega|p1a: Floette|Floette|Floettite\n|-ability|p1a: Floette|Fairy Aura\n|move|p1b: Whimsicott|Tailwind|p1b: Whimsicott\n|-sidestart|p1: tapedcrusader|move: Tailwind\n|move|p2b: Whimsicott|Tailwind|p2b: Whimsicott\n|-sidestart|p2: Maximo Mawile|move: Tailwind\n|move|p1a: Floette|Dazzling Gleam|p2b: Whimsicott|[spread] p2a,p2b\n|-resisted|p2a: Arcanine|1\n|-damage|p2a: Arcanine|53/100\n|-damage|p2b: Whimsicott|26/100\n|\n|-weather|Sandstorm|[upkeep]\n|-damage|p1b: Whimsicott|63/100|[from] Sandstorm\n|-damage|p2b: Whimsicott|20/100|[from] Sandstorm\n|-damage|p1a: Floette|60/100|[from] Sandstorm\n|-damage|p2a: Arcanine|47/100|[from] Sandstorm\n|upkeep\n|turn|9\n|inactive|tapedcrusader has 30 seconds left.\n|\n|t:|1776278716\n|switch|p1b: Incineroar|Incineroar, L50, M|92/100\n|-ability|p1b: Incineroar|Intimidate|boost\n|-unboost|p2a: Arcanine|atk|1\n|-unboost|p2b: Whimsicott|atk|1\n|move|p2b: Whimsicott|Protect|p2b: Whimsicott\n|-singleturn|p2b: Whimsicott|Protect\n|move|p1a: Floette|Dazzling Gleam|p2a: Arcanine|[spread] p2a\n|-activate|p2b: Whimsicott|move: Protect\n|-resisted|p2a: Arcanine|1\n|-damage|p2a: Arcanine|26/100\n|move|p2a: Arcanine|Snarl|p1b: Incineroar|[spread] p1a,p1b\n|-resisted|p1a: Floette|1\n|-resisted|p1b: Incineroar|1\n|-crit|p1b: Incineroar\n|-damage|p1a: Floette|58/100\n|-damage|p1b: Incineroar|87/100\n|-unboost|p1a: Floette|spa|1\n|-unboost|p1b: Incineroar|spa|1\n|\n|-weather|Sandstorm|[upkeep]\n|-damage|p2b: Whimsicott|14/100|[from] Sandstorm\n|-damage|p1a: Floette|52/100|[from] Sandstorm\n|-damage|p2a: Arcanine|20/100|[from] Sandstorm\n|-damage|p1b: Incineroar|81/100|[from] Sandstorm\n|upkeep\n|turn|10\n|inactive|tapedcrusader has 30 seconds left.\n|\n|t:|1776278750\n|switch|p2b: Gengar|Gengar-Mega, L50, M, shiny|100/100\n|move|p1a: Floette|Dazzling Gleam|p2b: Gengar|[spread] p2a,p2b\n|-resisted|p2a: Arcanine|1\n|-resisted|p2b: Gengar|1\n|-damage|p2a: Arcanine|6/100\n|-damage|p2b: Gengar|80/100\n|move|p2a: Arcanine|Morning Sun|p2a: Arcanine\n|-heal|p2a: Arcanine|31/100\n|move|p1b: Incineroar|Darkest Lariat|p2a: Arcanine\n|-damage|p2a: Arcanine|0 fnt\n|faint|p2a: Arcanine\n|\n|-weather|none\n|upkeep\n|\n|t:|1776278768\n|switch|p2a: Tyranitar|Tyranitar, L50, F, shiny|89/100\n|-weather|Sandstorm|[from] ability: Sand Stream|[of] p2a: Tyranitar\n|turn|11\n|\n|t:|1776278792\n|move|p2b: Gengar|Sludge Bomb|p1a: Floette\n|-supereffective|p1a: Floette|1\n|-damage|p1a: Floette|0 fnt\n|faint|p1a: Floette\n|move|p1b: Incineroar|Darkest Lariat|p2b: Gengar\n|-supereffective|p2b: Gengar|1\n|-damage|p2b: Gengar|0 fnt\n|faint|p2b: Gengar\n|move|p2a: Tyranitar|Rock Slide|p1b: Incineroar\n|-supereffective|p1b: Incineroar|1\n|-damage|p1b: Incineroar|9/100\n|\n|-weather|Sandstorm|[upkeep]\n|-damage|p1b: Incineroar|3/100|[from] Sandstorm\n|-sideend|p1: tapedcrusader|move: Tailwind\n|-sideend|p2: Maximo Mawile|move: Tailwind\n|upkeep\n|\n|t:|1776278815\n|switch|p2b: Whimsicott|Whimsicott, L50, M|14/100\n|switch|p1a: Basculegion|Basculegion, L50, M|88/100 brn\n|turn|12\n|inactive|Maximo Mawile has 30 seconds left.\n|inactive|Maximo Mawile has 20 seconds left.\n|\n|t:|1776278852\n|move|p2b: Whimsicott|Tailwind|p2b: Whimsicott\n|-sidestart|p2: Maximo Mawile|move: Tailwind\n|move|p1a: Basculegion|Wave Crash|p2a: Tyranitar\n|-supereffective|p2a: Tyranitar|1\n|-damage|p2a: Tyranitar|32/100\n|-damage|p1a: Basculegion|68/100 brn|[from] Recoil\n|move|p2a: Tyranitar|Knock Off|p1a: Basculegion\n|-supereffective|p1a: Basculegion|1\n|-damage|p1a: Basculegion|0 fnt\n|-enditem|p1a: Basculegion|Choice Scarf|[from] move: Knock Off|[of] p2a: Tyranitar\n|faint|p1a: Basculegion\n|move|p1b: Incineroar|Flare Blitz|p2b: Whimsicott\n|-supereffective|p2b: Whimsicott|1\n|-damage|p2b: Whimsicott|0 fnt\n|faint|p2b: Whimsicott\n|-damage|p1b: Incineroar|0 fnt|[from] Recoil\n|faint|p1b: Incineroar\n|\n|-weather|Sandstorm|[upkeep]\n|upkeep\n|l|\u2606tapedcrusader\n|inactive|tapedcrusader disconnected and has a minute to reconnect!\n|player|p1|\n|j|\u2606tapedcrusader\n|inactive|tapedcrusader reconnected and has 40 seconds left.\n|player|p1|tapedcrusader|red|\n|c|\u2606Maximo Mawile|gg\n|inactive|tapedcrusader has 30 seconds left.\n|\n|t:|1776278880\n|switch|p1b: Whimsicott|Whimsicott, L50, M|63/100\n|turn|13\n|\n|t:|1776278891\n|move|p1b: Whimsicott|Moonblast|p2a: Tyranitar\n|-supereffective|p2a: Tyranitar|1\n|-damage|p2a: Tyranitar|0 fnt\n|faint|p2a: Tyranitar\n|\n|win|tapedcrusader\n|raw|tapedcrusader's rating: 1243 &rarr; <strong>1274</strong><br />(+31 for winning)\n|raw|Maximo Mawile's rating: 1324 &rarr; <strong>1299</strong><br />(-25 for losing)\n|c|\u2606tapedcrusader|Gg\n|c|\u2606Maximo Mawile|gg\n|l|\u2606Maximo Mawile\n|player|p2|\n",
  "uploadtime": 1776278912,
  "views": 42,
  "formatid": "gen9championsvgc2026regma",
  "rating": 1274,
  "private": 0,
  "password": null
}