{
  "id": "gen9championsvgc2026regma-2581629944",
  "format": "[Gen 9 Champions] VGC 2026 Reg M-A",
  "players": [
    "vigorock",
    "NEONxTOKYO"
  ],
  "log": "|j|\u2606vigorock\n|j|\u2606NEONxTOKYO\n|t:|1776016431\n|gametype|doubles\n|player|p1|vigorock|1|1204\n|player|p2|NEONxTOKYO|unknown|1155\n|gen|9\n|tier|[Gen 9 Champions] VGC 2026 Reg M-A\n|rated|\n|rule|Species Clause: Limit one of each Pok\u00e9mon\n|rule|Item Clause: Limit 1 of each item\n|clearpoke\n|poke|p1|Incineroar, L50, F|\n|poke|p1|Rotom-Wash, L50|\n|poke|p1|Froslass, L50, F|\n|poke|p1|Sneasler, L50, M|\n|poke|p1|Garchomp, L50, F|\n|poke|p1|Corviknight, L50, M|\n|poke|p2|Garchomp, L50, F|\n|poke|p2|Tyranitar, L50, M|\n|poke|p2|Excadrill, L50, F|\n|poke|p2|Corviknight, L50, F|\n|poke|p2|Rotom-Wash, L50|\n|poke|p2|Archaludon, L50, F|\n|teampreview|4\nvigorock has agreed to open team sheets.\n|inactive|Battle timer is ON: inactive players will automatically lose when time's up. (requested by NEONxTOKYO)\n|\n|t:|1776016494\n|teamsize|p1|4\n|teamsize|p2|4\n|start\n|switch|p1a: Froslass|Froslass, L50, F|100/100\n|switch|p1b: Sneasler|Sneasler, L50, M|100/100\n|switch|p2a: Tyranitar|Tyranitar, L50, M|100/100\n|switch|p2b: Excadrill|Excadrill, L50, F|100/100\n|-weather|Sandstorm|[from] ability: Sand Stream|[of] p2a: Tyranitar\n|turn|1\n|inactive|vigorock has 30 seconds left.\n|inactive|vigorock has 20 seconds left.\n|inactive|vigorock has 15 seconds left.\n|\n|t:|1776016536\n|move|p2b: Excadrill|Protect|p2b: Excadrill\n|-singleturn|p2b: Excadrill|Protect\n|move|p1a: Froslass|Protect|p1a: Froslass\n|-singleturn|p1a: Froslass|Protect\n|move|p2a: Tyranitar|Protect|p2a: Tyranitar\n|-singleturn|p2a: Tyranitar|Protect\n|move|p1b: Sneasler|Fake Out|p2b: Excadrill\n|-activate|p2b: Excadrill|move: Protect\n|\n|-weather|Sandstorm|[upkeep]\n|-damage|p1b: Sneasler|95/100|[from] Sandstorm\n|-damage|p1a: Froslass|94/100|[from] Sandstorm\n|upkeep\n|turn|2\n|inactive|vigorock has 30 seconds left.\n|inactive|vigorock has 20 seconds left.\n|inactive|vigorock has 15 seconds left.\n|inactive|vigorock has 10 seconds left.\n|\n|t:|1776016583\n|switch|p2a: Rotom|Rotom-Wash, L50|100/100\n|detailschange|p1a: Froslass|Froslass-Mega, L50, F\n|-mega|p1a: Froslass|Froslass|Froslassite\n|-weather|Snowscape|[from] ability: Snow Warning|[of] p1a: Froslass\n|move|p1b: Sneasler|Close Combat|p2a: Rotom\n|-damage|p2a: Rotom|31/100\n|-unboost|p1b: Sneasler|def|1\n|-unboost|p1b: Sneasler|spd|1\n|-enditem|p2a: Rotom|Sitrus Berry|[eat]\n|-heal|p2a: Rotom|56/100|[from] item: Sitrus Berry\n|-enditem|p1b: Sneasler|White Herb\n|-clearnegativeboost|p1b: Sneasler|[silent]\n|move|p2b: Excadrill|Iron Head|p1a: Froslass\n|-supereffective|p1a: Froslass|1\n|-damage|p1a: Froslass|20/100\n|move|p1a: Froslass|Blizzard|p2b: Excadrill|[spread] p2a,p2b\n|-resisted|p2a: Rotom|1\n|-crit|p2b: Excadrill\n|-damage|p2a: Rotom|33/100\n|-damage|p2b: Excadrill|20/100\n|\n|-weather|Snowscape|[upkeep]\n|upkeep\n|turn|3\n|inactive|vigorock has 30 seconds left.\n|inactive|vigorock has 20 seconds left.\n|inactive|vigorock has 15 seconds left.\n|inactive|vigorock has 10 seconds left.\n|inactive|vigorock has 5 seconds left.\n|\n|t:|1776016633\n|switch|p1a: Rotom|Rotom-Wash, L50|100/100\n|switch|p2a: Tyranitar|Tyranitar, L50, M|100/100\n|-weather|Sandstorm|[from] ability: Sand Stream|[of] p2a: Tyranitar\n|move|p1b: Sneasler|Close Combat|p2a: Tyranitar\n|-supereffective|p2a: Tyranitar|2\n|-damage|p2a: Tyranitar|0 fnt\n|-unboost|p1b: Sneasler|def|1\n|-unboost|p1b: Sneasler|spd|1\n|faint|p2a: Tyranitar\n|move|p2b: Excadrill|High Horsepower|p1b: Sneasler\n|-supereffective|p1b: Sneasler|1\n|-damage|p1b: Sneasler|0 fnt\n|faint|p1b: Sneasler\n|\n|-weather|Sandstorm|[upkeep]\n|-damage|p1a: Rotom|95/100|[from] Sandstorm\n|-heal|p1a: Rotom|100/100|[from] item: Leftovers\n|upkeep\n|inactive|vigorock has 30 seconds left.\n|\n|t:|1776016661\n|switch|p1b: Froslass|Froslass-Mega, L50, F|20/100\n|switch|p2a: Archaludon|Archaludon, L50, F|100/100\n|-weather|Snowscape|[from] ability: Snow Warning|[of] p1b: Froslass\n|turn|4\n|inactive|vigorock has 30 seconds left.\n|inactive|vigorock has 20 seconds left.\n|inactive|vigorock has 15 seconds left.\n|inactive|vigorock has 10 seconds left.\n|\n|t:|1776016708\n|move|p2b: Excadrill|Protect|p2b: Excadrill\n|-singleturn|p2b: Excadrill|Protect\n|move|p1b: Froslass|Protect|p1b: Froslass\n|-singleturn|p1b: Froslass|Protect\n|move|p1a: Rotom|Hydro Pump|p2b: Excadrill\n|-activate|p2b: Excadrill|move: Protect\n|move|p2a: Archaludon|Flash Cannon|p1b: Froslass\n|-activate|p1b: Froslass|move: Protect\n|\n|-weather|Snowscape|[upkeep]\n|upkeep\n|turn|5\n|\n|t:|1776016726\n|switch|p1b: Garchomp|Garchomp, L50, F|100/100\n|move|p2b: Excadrill|Rock Slide|p1b: Garchomp|[spread] p1a,p1b\n|-resisted|p1b: Garchomp|1\n|-damage|p1a: Rotom|77/100\n|-damage|p1b: Garchomp|91/100\n|cant|p1a: Rotom|flinch\n|move|p2a: Archaludon|Flash Cannon|p1b: Garchomp\n|-damage|p1b: Garchomp|32/100\n|\n|-weather|Snowscape|[upkeep]\n|-heal|p1a: Rotom|83/100|[from] item: Leftovers\n|upkeep\n|turn|6\n|inactive|vigorock has 30 seconds left.\n|\n|t:|1776016758\n|switch|p2a: Rotom|Rotom-Wash, L50|33/100\n|move|p2b: Excadrill|Protect|p2b: Excadrill\n|-singleturn|p2b: Excadrill|Protect\n|move|p1b: Garchomp|Earthquake|p2b: Excadrill|[spread] \n|-activate|p2b: Excadrill|move: Protect\n|-immune|p1a: Rotom|[from] ability: Levitate\n|-immune|p2a: Rotom|[from] ability: Levitate\n|move|p1a: Rotom|Hydro Pump|p2a: Rotom\n|-resisted|p2a: Rotom|1\n|-damage|p2a: Rotom|9/100\n|\n|-weather|Snowscape|[upkeep]\n|-heal|p1a: Rotom|88/100|[from] item: Leftovers\n|upkeep\n|turn|7\n|\n|t:|1776016783\n|move|p1b: Garchomp|Earthquake|p2b: Excadrill|[spread] p2b\n|-immune|p1a: Rotom|[from] ability: Levitate\n|-immune|p2a: Rotom|[from] ability: Levitate\n|-supereffective|p2b: Excadrill|1\n|-damage|p2b: Excadrill|0 fnt\n|faint|p2b: Excadrill\n|move|p1a: Rotom|Thunderbolt|p2a: Rotom\n|-damage|p2a: Rotom|0 fnt\n|faint|p2a: Rotom\n|\n|-weather|Snowscape|[upkeep]\n|-heal|p1a: Rotom|94/100|[from] item: Leftovers\n|upkeep\n|\n|t:|1776016803\n|switch|p2b: Archaludon|Archaludon, L50, F|100/100\n|turn|8\n|\n|t:|1776016815\n|move|p1b: Garchomp|Earthquake|p2b: Archaludon|[spread] p2b\n|-immune|p1a: Rotom|[from] ability: Levitate\n|-supereffective|p2b: Archaludon|1\n|-damage|p2b: Archaludon|46/100\n|-ability|p2b: Archaludon|Stamina|boost\n|-boost|p2b: Archaludon|def|1\n|move|p1a: Rotom|Thunderbolt|p2b: Archaludon\n|-resisted|p2b: Archaludon|1\n|-damage|p2b: Archaludon|24/100\n|-ability|p2b: Archaludon|Stamina|boost\n|-boost|p2b: Archaludon|def|1\n|move|p2b: Archaludon|Thunderbolt|p1a: Rotom\n|-damage|p1a: Rotom|64/100\n|\n|-weather|none\n|-heal|p1a: Rotom|70/100|[from] item: Leftovers\n|upkeep\n|turn|9\n|\n|t:|1776016834\n|move|p1b: Garchomp|Earthquake|p2b: Archaludon|[spread] p2b\n|-immune|p1a: Rotom|[from] ability: Levitate\n|-supereffective|p2b: Archaludon|1\n|-damage|p2b: Archaludon|0 fnt\n|faint|p2b: Archaludon\n|\n|win|vigorock\n|raw|vigorock's rating: 1204 &rarr; <strong>1225</strong><br />(+21 for winning)\n|raw|NEONxTOKYO's rating: 1155 &rarr; <strong>1134</strong><br />(-21 for losing)\n",
  "uploadtime": 1776016834,
  "views": 15,
  "formatid": "gen9championsvgc2026regma",
  "rating": 1134,
  "private": 0,
  "password": null
}