{
  "id": "gen9championsvgc2026regma-2583556047",
  "format": "[Gen 9 Champions] VGC 2026 Reg M-A",
  "players": [
    "noir0083",
    "frutaduconde"
  ],
  "log": "|j|\u2606noir0083\n|j|\u2606frutaduconde\n|t:|1776183079\n|gametype|doubles\n|player|p1|noir0083|misty|1115\n|player|p2|frutaduconde|harlequin|1090\n|gen|9\n|tier|[Gen 9 Champions] VGC 2026 Reg M-A\n|rated|\n|rule|Species Clause: Limit one of each Pok\u00e9mon\n|rule|Item Clause: Limit 1 of each item\n|clearpoke\n|poke|p1|Kingambit, L50, F|\n|poke|p1|Sylveon, L50, M|\n|poke|p1|Incineroar, L50, M|\n|poke|p1|Sneasler, L50, M|\n|poke|p1|Starmie, L50|\n|poke|p1|Sinistcha, L50|\n|poke|p2|Charizard, L50, M|\n|poke|p2|Venusaur, L50, M|\n|poke|p2|Garchomp, L50, M|\n|poke|p2|Incineroar, L50, M|\n|poke|p2|Gardevoir, L50, M|\n|poke|p2|Milotic, L50, M|\n|teampreview|4\n|\n|t:|1776183143\n|teamsize|p1|4\n|teamsize|p2|4\n|start\n|switch|p1a: Sylveon|Sylveon, L50, M|100/100\n|switch|p1b: Starmie|Starmie, L50|100/100\n|switch|p2a: Incineroar|Incineroar, L50, M|100/100\n|switch|p2b: Milotic|Milotic, L50, M|100/100\n|-ability|p2a: Incineroar|Intimidate|boost\n|-unboost|p1a: Sylveon|atk|1\n|-unboost|p1b: Starmie|atk|1\n|turn|1\n|\n|t:|1776183169\n|detailschange|p1b: Starmie|Starmie-Mega, L50\n|-mega|p1b: Starmie|Starmie|Starminite\n|move|p1a: Sylveon|Detect|p1a: Sylveon\n|-singleturn|p1a: Sylveon|Protect\n|move|p2a: Incineroar|Fake Out|p1b: Starmie\n|-damage|p1b: Starmie|88/100\n|cant|p1b: Starmie|flinch\n|move|p2b: Milotic|Ice Beam|p1a: Sylveon\n|-activate|p1a: Sylveon|move: Protect\n|\n|upkeep\n|turn|2\n|\n|t:|1776183200\n|move|p1b: Starmie|Zen Headbutt|p2b: Milotic\n|-damage|p2b: Milotic|60/100\n|move|p2b: Milotic|Scald|p1b: Starmie\n|-resisted|p1b: Starmie|1\n|-damage|p1b: Starmie|70/100\n|move|p1a: Sylveon|Calm Mind|p1a: Sylveon\n|-boost|p1a: Sylveon|spa|1\n|-boost|p1a: Sylveon|spd|1\n|move|p2a: Incineroar|Throat Chop|p1b: Starmie\n|-supereffective|p1b: Starmie|1\n|-damage|p1b: Starmie|0 fnt\n|faint|p1b: Starmie\n|\n|-heal|p2b: Milotic|66/100|[from] item: Leftovers\n|upkeep\n|\n|t:|1776183213\n|switch|p1b: Kingambit|Kingambit, L50, F|100/100\n|turn|3\n|\n|t:|1776183222\n|switch|p2b: Charizard|Charizard, L50, M, shiny|100/100\n|move|p1a: Sylveon|Hyper Voice|p2a: Incineroar|[spread] p2a,p2b\n|-resisted|p2b: Charizard|1\n|-damage|p2a: Incineroar|48/100\n|-damage|p2b: Charizard|60/100\n|-enditem|p2a: Incineroar|Sitrus Berry|[eat]\n|-heal|p2a: Incineroar|73/100|[from] item: Sitrus Berry\n|move|p2a: Incineroar|Flare Blitz|p1b: Kingambit\n|-supereffective|p1b: Kingambit|1\n|-damage|p1b: Kingambit|30/100\n|-damage|p2a: Incineroar|49/100|[from] Recoil\n|move|p1b: Kingambit|Low Kick|p2a: Incineroar\n|-supereffective|p2a: Incineroar|1\n|-damage|p2a: Incineroar|0 fnt\n|faint|p2a: Incineroar\n|\n|upkeep\n|\n|t:|1776183237\n|switch|p2a: Venusaur|Venusaur, L50, M|100/100\n|turn|4\n|\n|t:|1776183248\n|detailschange|p2b: Charizard|Charizard-Mega-Y, L50, M, shiny\n|-mega|p2b: Charizard|Charizard|Charizardite Y\n|-weather|SunnyDay|[from] ability: Drought|[of] p2b: Charizard\n|move|p1b: Kingambit|Sucker Punch|p2b: Charizard\n|-damage|p2b: Charizard|6/100\n|move|p2a: Venusaur|Sludge Bomb|p1a: Sylveon\n|-supereffective|p1a: Sylveon|1\n|-damage|p1a: Sylveon|59/100\n|-status|p1a: Sylveon|psn\n|move|p2b: Charizard|Heat Wave|p1b: Kingambit|[spread] p1a,p1b\n|-supereffective|p1b: Kingambit|1\n|-damage|p1a: Sylveon|29/100 psn\n|-damage|p1b: Kingambit|0 fnt\n|faint|p1b: Kingambit\n|move|p1a: Sylveon|Hyper Voice|p2b: Charizard|[spread] p2a,p2b\n|-resisted|p2a: Venusaur|1\n|-resisted|p2b: Charizard|1\n|-damage|p2a: Venusaur|62/100\n|-damage|p2b: Charizard|0 fnt\n|faint|p2b: Charizard\n|\n|-weather|SunnyDay|[upkeep]\n|-damage|p1a: Sylveon|17/100 psn|[from] psn\n|upkeep\n|\n|t:|1776183266\n|switch|p2b: Milotic|Milotic, L50, M|66/100\n|switch|p1b: Sinistcha|Sinistcha, L50|100/100\n|-heal|p1a: Sylveon|41/100 psn|[from] ability: Hospitality|[of] p1b: Sinistcha\n|turn|5\n|\n|t:|1776183292\n|move|p1a: Sylveon|Detect|p1a: Sylveon\n|-singleturn|p1a: Sylveon|Protect\n|move|p2a: Venusaur|Sludge Bomb|p1a: Sylveon\n|-activate|p1a: Sylveon|move: Protect\n|move|p2b: Milotic|Ice Beam|p1a: Sylveon\n|-activate|p1a: Sylveon|move: Protect\n|move|p1b: Sinistcha|Trick Room|p1b: Sinistcha\n|-fieldstart|move: Trick Room|[of] p1b: Sinistcha\n|\n|-weather|SunnyDay|[upkeep]\n|-heal|p2b: Milotic|72/100|[from] item: Leftovers\n|-damage|p1a: Sylveon|29/100 psn|[from] psn\n|upkeep\n|turn|6\n|\n|t:|1776183318\n|move|p1a: Sylveon|Hyper Voice|p2b: Milotic|[spread] p2a,p2b\n|-resisted|p2a: Venusaur|1\n|-damage|p2a: Venusaur|25/100\n|-damage|p2b: Milotic|24/100\n|move|p1b: Sinistcha|Matcha Gotcha|p2b: Milotic|[spread] p2a,p2b\n|-resisted|p2a: Venusaur|2\n|-supereffective|p2b: Milotic|1\n|-damage|p2a: Venusaur|19/100\n|-damage|p2b: Milotic|0 fnt\n|-status|p2a: Venusaur|brn\n|faint|p2b: Milotic\n|move|p2a: Venusaur|Sludge Bomb|p1a: Sylveon\n|-supereffective|p1a: Sylveon|1\n|-damage|p1a: Sylveon|0 fnt\n|faint|p1a: Sylveon\n|\n|-weather|SunnyDay|[upkeep]\n|-damage|p2a: Venusaur|13/100 brn|[from] brn\n|upkeep\n|turn|7\n|\n|t:|1776183335\n|move|p1b: Sinistcha|Shadow Ball|p2a: Venusaur\n|-damage|p2a: Venusaur|0 fnt\n|faint|p2a: Venusaur\n|\n|win|noir0083\n|raw|noir0083's rating: 1115 &rarr; <strong>1138</strong><br />(+23 for winning)\n|raw|frutaduconde's rating: 1090 &rarr; <strong>1068</strong><br />(-22 for losing)\n|l|\u2606frutaduconde\n|player|p2|\n",
  "uploadtime": 1776183353,
  "views": 18,
  "formatid": "gen9championsvgc2026regma",
  "rating": 1068,
  "private": 0,
  "password": null
}