{
  "id": "gen9championsvgc2026regma-2585207460",
  "format": "[Gen 9 Champions] VGC 2026 Reg M-A",
  "players": [
    "Ivyzinha089",
    "softsheep17"
  ],
  "log": "|j|\u2606Ivyzinha089\n|j|\u2606softsheep17\n|t:|1776325039\n|gametype|doubles\n|player|p1|Ivyzinha089|dawn|1292\n|player|p2|softsheep17|lillie-z|1319\n|gen|9\n|tier|[Gen 9 Champions] VGC 2026 Reg M-A\n|rated|\n|rule|Species Clause: Limit one of each Pok\u00e9mon\n|rule|Item Clause: Limit 1 of each item\n|clearpoke\n|poke|p1|Floette-Eternal, L50, F|\n|poke|p1|Sneasler, L50, F|\n|poke|p1|Rotom-Wash, L50|\n|poke|p1|Aerodactyl, L50, F|\n|poke|p1|Basculegion, L50, M|\n|poke|p1|Garchomp, L50, M|\n|poke|p2|Typhlosion-Hisui, L50, M|\n|poke|p2|Altaria, L50, F|\n|poke|p2|Whimsicott, L50, M|\n|poke|p2|Rotom-Wash, L50|\n|poke|p2|Sableye, L50, M|\n|poke|p2|Sinistcha, L50|\n|teampreview|4\n|inactive|Battle timer is ON: inactive players will automatically lose when time's up. (requested by Ivyzinha089)\n|\n|t:|1776325066\n|teamsize|p1|4\n|teamsize|p2|4\n|start\n|switch|p1a: Aerodactyl|Aerodactyl, L50, F|100/100\n|switch|p1b: Rotom|Rotom-Wash, L50|100/100\n|switch|p2a: Typhlosion|Typhlosion-Hisui, L50, M|100/100\n|switch|p2b: Whimsicott|Whimsicott, L50, M|100/100\n|-ability|p1a: Aerodactyl|Unnerve\n|-item|p1a: Aerodactyl|Focus Sash|[from] ability: Frisk|[of] p2a: Typhlosion\n|-item|p1b: Rotom|Magnet|[from] ability: Frisk|[of] p2a: Typhlosion\n|turn|1\n|\n|t:|1776325077\n|switch|p2a: Rotom|Rotom-Wash, L50|100/100\n|move|p2b: Whimsicott|Tailwind|p2b: Whimsicott\n|-sidestart|p2: softsheep17|move: Tailwind\n|move|p1a: Aerodactyl|Tailwind|p1a: Aerodactyl\n|-sidestart|p1: Ivyzinha089|move: Tailwind\n|move|p1b: Rotom|Hydro Pump|p2a: Rotom\n|-resisted|p2a: Rotom|1\n|-damage|p2a: Rotom|79/100\n|\n|-heal|p2a: Rotom|85/100|[from] item: Leftovers\n|upkeep\n|turn|2\n|\n|t:|1776325094\n|move|p2b: Whimsicott|Protect|p2b: Whimsicott\n|-singleturn|p2b: Whimsicott|Protect\n|move|p1a: Aerodactyl|Protect|p1a: Aerodactyl\n|-singleturn|p1a: Aerodactyl|Protect\n|move|p2a: Rotom|Thunderbolt|p1a: Aerodactyl\n|-activate|p1a: Aerodactyl|move: Protect\n|move|p1b: Rotom|Volt Switch|p2a: Rotom\n|-damage|p2a: Rotom|50/100\n|\n|t:|1776325105\n|switch|p1b: Floette|Floette-Eternal, L50, F|100/100|[from] Volt Switch\n|\n|-heal|p2a: Rotom|56/100|[from] item: Leftovers\n|upkeep\n|turn|3\n|\n|t:|1776325122\n|detailschange|p1b: Floette|Floette-Mega, L50, F\n|-mega|p1b: Floette|Floette|Floettite\n|-ability|p1b: Floette|Fairy Aura\n|move|p1a: Aerodactyl|Dual Wingbeat|p2b: Whimsicott\n|-supereffective|p2b: Whimsicott|1\n|-damage|p2b: Whimsicott|42/100\n|-supereffective|p2b: Whimsicott|1\n|-damage|p2b: Whimsicott|0 fnt\n|faint|p2b: Whimsicott\n|-hitcount|p2: Whimsicott|2\n|move|p1b: Floette|Moonblast|p2a: Rotom\n|-damage|p2a: Rotom|0 fnt\n|faint|p2a: Rotom\n|\n|upkeep\n|\n|t:|1776325129\n|switch|p2b: Altaria|Altaria, L50, F|100/100\n|switch|p2a: Typhlosion|Typhlosion-Hisui, L50, M|100/100\n|-item|p1a: Aerodactyl|Focus Sash|[from] ability: Frisk|[of] p2a: Typhlosion\n|-item|p1b: Floette|Floettite|[from] ability: Frisk|[of] p2a: Typhlosion\n|-ability|p2b: Altaria|Cloud Nine\n|turn|4\n|\n|t:|1776325138\n|detailschange|p2b: Altaria|Altaria-Mega, L50, F\n|-mega|p2b: Altaria|Altaria|Altarianite\n|move|p1b: Floette|Protect|p1b: Floette\n|-singleturn|p1b: Floette|Protect\n|move|p2b: Altaria|Protect|p2b: Altaria\n|-singleturn|p2b: Altaria|Protect\n|move|p2a: Typhlosion|Heat Wave|p1b: Floette|[spread] p1a\n|-activate|p1b: Floette|move: Protect\n|-resisted|p1a: Aerodactyl|1\n|-damage|p1a: Aerodactyl|74/100\n|move|p1a: Aerodactyl|Rock Slide|p2b: Altaria|[spread] p2a\n|-activate|p2b: Altaria|move: Protect\n|-supereffective|p2a: Typhlosion|1\n|-damage|p2a: Typhlosion|32/100\n|\n|-sideend|p2: softsheep17|move: Tailwind\n|-sideend|p1: Ivyzinha089|move: Tailwind\n|upkeep\n|turn|5\n|\n|t:|1776325160\n|move|p2a: Typhlosion|Heat Wave|p1b: Floette|[spread] p1a,p1b\n|-resisted|p1a: Aerodactyl|1\n|-damage|p1a: Aerodactyl|45/100\n|-damage|p1b: Floette|68/100\n|move|p1a: Aerodactyl|Tailwind|p1a: Aerodactyl\n|-sidestart|p1: Ivyzinha089|move: Tailwind\n|move|p1b: Floette|Dazzling Gleam|p2a: Typhlosion|[spread] p2a,p2b\n|-resisted|p2a: Typhlosion|1\n|-supereffective|p2b: Altaria|1\n|-damage|p2a: Typhlosion|0 fnt\n|-damage|p2b: Altaria|15/100\n|faint|p2a: Typhlosion\n|move|p2b: Altaria|Hyper Voice|p1b: Floette|[spread] p1a,p1b\n|-damage|p1a: Aerodactyl|0 fnt\n|-damage|p1b: Floette|27/100\n|faint|p1a: Aerodactyl\n|\n|upkeep\n|-message|softsheep17 forfeited.\n|\n|win|Ivyzinha089\n|raw|Ivyzinha089's rating: 1292 &rarr; <strong>1319</strong><br />(+27 for winning)\n|raw|softsheep17's rating: 1319 &rarr; <strong>1297</strong><br />(-22 for losing)\n|l|\u2606softsheep17\n|player|p2|\n",
  "uploadtime": 1776325173,
  "views": 40,
  "formatid": "gen9championsvgc2026regma",
  "rating": 1297,
  "private": 0,
  "password": null
}