{
  "id": "gen9championsvgc2026regma-2583179191",
  "format": "[Gen 9 Champions] VGC 2026 Reg M-A",
  "players": [
    "RedyVGC",
    "miquellapolis"
  ],
  "log": "|j|\u2606RedyVGC\n|j|\u2606miquellapolis\n|t:|1776151582\n|gametype|doubles\n|player|p1|RedyVGC|gambler|1372\n|player|p2|miquellapolis|clair|1407\n|gen|9\n|tier|[Gen 9 Champions] VGC 2026 Reg M-A\n|rated|\n|rule|Species Clause: Limit one of each Pok\u00e9mon\n|rule|Item Clause: Limit 1 of each item\n|clearpoke\n|poke|p1|Charizard, L50, F|\n|poke|p1|Garchomp, L50, M|\n|poke|p1|Basculegion, L50, M|\n|poke|p1|Incineroar, L50, M|\n|poke|p1|Venusaur, L50, M|\n|poke|p1|Sneasler, L50, M|\n|poke|p2|Floette-Eternal, L50, F|\n|poke|p2|Incineroar, L50, F|\n|poke|p2|Whimsicott, L50, M|\n|poke|p2|Sneasler, L50, M|\n|poke|p2|Garchomp, L50, F|\n|poke|p2|Zoroark-Hisui, L50, F|\n|teampreview|4\n|inactive|Battle timer is ON: inactive players will automatically lose when time's up. (requested by miquellapolis)\n|inactive|RedyVGC also wants the timer to be on.\nRedyVGC has agreed to open team sheets.\n|inactive|RedyVGC has 60 seconds left.\n|\n|t:|1776151641\n|teamsize|p1|4\n|teamsize|p2|4\n|start\n|switch|p1a: Charizard|Charizard, L50, F|100/100\n|switch|p1b: Venusaur|Venusaur, L50, M|100/100\n|switch|p2a: Incineroar|Incineroar, L50, F|100/100\n|switch|p2b: Garchomp|Garchomp, L50, F|100/100\n|-ability|p2a: Incineroar|Intimidate|boost\n|-unboost|p1a: Charizard|atk|1\n|-unboost|p1b: Venusaur|atk|1\n|turn|1\n|\n|t:|1776151661\n|move|p1a: Charizard|Protect|p1a: Charizard\n|-singleturn|p1a: Charizard|Protect\n|move|p2b: Garchomp|Rock Slide|p1a: Charizard|[spread] p1b\n|-activate|p1a: Charizard|move: Protect\n|-damage|p1b: Venusaur|72/100\n|move|p1b: Venusaur|Sleep Powder|p2a: Incineroar|[miss]\n|-miss|p1b: Venusaur|p2a: Incineroar\n|move|p2a: Incineroar|Parting Shot|p1b: Venusaur\n|-unboost|p1b: Venusaur|atk|1\n|-unboost|p1b: Venusaur|spa|1\n|\n|t:|1776151675\n|switch|p2a: Whimsicott|Whimsicott, L50, M|100/100|[from] Parting Shot\n|\n|upkeep\n|turn|2\n|\n|t:|1776151688\n|switch|p1a: Incineroar|Incineroar, L50, M|100/100\n|-ability|p1a: Incineroar|Intimidate|boost\n|-unboost|p2a: Whimsicott|atk|1\n|-unboost|p2b: Garchomp|atk|1\n|move|p2a: Whimsicott|Encore|p1a: Incineroar\n|-hint|Since gen 7, Dark is immune to Prankster moves.\n|-immune|p1a: Incineroar\n|move|p2b: Garchomp|Rock Slide|p1b: Venusaur|[spread] p1b\n|-miss|p2b: Garchomp|p1a: Incineroar\n|-damage|p1b: Venusaur|54/100\n|cant|p1b: Venusaur|flinch\n|\n|upkeep\n|turn|3\n|j| daedae007\n|j| Syachilove0408\n|inactive|RedyVGC has 30 seconds left.\n|inactive|RedyVGC has 20 seconds left.\n|\n|t:|1776151724\n|switch|p2b: Incineroar|Incineroar, L50, F|100/100\n|-ability|p2b: Incineroar|Intimidate|boost\n|-unboost|p1a: Incineroar|atk|1\n|-unboost|p1b: Venusaur|atk|1\n|switch|p1b: Charizard|Charizard, L50, F|100/100\n|move|p2a: Whimsicott|Protect|p2a: Whimsicott\n|-singleturn|p2a: Whimsicott|Protect\n|move|p1a: Incineroar|Fake Out|p2b: Incineroar\n|-damage|p2b: Incineroar|92/100\n|\n|upkeep\n|turn|4\n|inactive|miquellapolis has 30 seconds left.\n|inactive|RedyVGC has 30 seconds left.\n|\n|t:|1776151760\n|detailschange|p1b: Charizard|Charizard-Mega-Y, L50, F\n|-mega|p1b: Charizard|Charizard|Charizardite Y\n|-weather|SunnyDay|[from] ability: Drought|[of] p1b: Charizard\n|move|p2b: Incineroar|Fake Out|p1b: Charizard\n|-damage|p1b: Charizard|89/100\n|move|p2a: Whimsicott|Tailwind|p2a: Whimsicott\n|-sidestart|p2: miquellapolis|move: Tailwind\n|cant|p1b: Charizard|flinch\n|move|p1a: Incineroar|Parting Shot|p2b: Incineroar\n|-unboost|p2b: Incineroar|atk|1\n|-unboost|p2b: Incineroar|spa|1\n|\n|t:|1776151776\n|switch|p1a: Venusaur|Venusaur, L50, M|54/100|[from] Parting Shot\n|\n|-weather|SunnyDay|[upkeep]\n|upkeep\n|turn|5\n|l| Syachilove0408\n|\n|t:|1776151789\n|switch|p2a: Garchomp|Garchomp, L50, F|100/100\n|move|p1a: Venusaur|Sleep Powder|p2b: Incineroar\n|-status|p2b: Incineroar|slp|[from] move: Sleep Powder\n|cant|p2b: Incineroar|slp\n|move|p1b: Charizard|Heat Wave|p2b: Incineroar|[spread] p2a,p2b\n|-resisted|p2a: Garchomp|1\n|-resisted|p2b: Incineroar|1\n|-damage|p2a: Garchomp|64/100\n|-damage|p2b: Incineroar|70/100 slp\n|\n|-weather|SunnyDay|[upkeep]\n|upkeep\n|turn|6\n|inactive|RedyVGC has 30 seconds left.\n|\n|t:|1776151819\n|switch|p1b: Incineroar|Incineroar, L50, M|100/100\n|-ability|p1b: Incineroar|Intimidate|boost\n|-unboost|p2a: Garchomp|atk|1\n|-unboost|p2b: Incineroar|atk|1\n|move|p2a: Garchomp|Rock Slide|p1a: Venusaur|[spread] p1b\n|-miss|p2a: Garchomp|p1a: Venusaur\n|-supereffective|p1b: Incineroar|1\n|-damage|p1b: Incineroar|72/100\n|move|p1a: Venusaur|Sleep Powder|p2a: Garchomp\n|-status|p2a: Garchomp|slp|[from] move: Sleep Powder\n|-curestatus|p2b: Incineroar|slp|[msg]\n|move|p2b: Incineroar|Flare Blitz|p1a: Venusaur\n|-supereffective|p1a: Venusaur|1\n|-damage|p1a: Venusaur|0 fnt\n|faint|p1a: Venusaur\n|-damage|p2b: Incineroar|56/100|[from] Recoil\n|\n|-weather|SunnyDay|[upkeep]\n|upkeep\n|\n|t:|1776151832\n|switch|p1a: Garchomp|Garchomp, L50, M|100/100\n|turn|7\n|\n|t:|1776151842\n|switch|p2b: Whimsicott|Whimsicott, L50, M|100/100\n|switch|p1b: Charizard|Charizard-Mega-Y, L50, F|89/100\n|cant|p2a: Garchomp|slp\n|move|p1a: Garchomp|Earthquake|p2a: Garchomp|[spread] p2a,p2b\n|-immune|p1b: Charizard\n|-resisted|p2b: Whimsicott|1\n|-damage|p2a: Garchomp|23/100 slp\n|-damage|p2b: Whimsicott|70/100\n|\n|-weather|SunnyDay|[upkeep]\n|-sideend|p2: miquellapolis|move: Tailwind\n|upkeep\n|turn|8\n|\n|t:|1776151864\n|switch|p1b: Incineroar|Incineroar, L50, M|72/100\n|-ability|p1b: Incineroar|Intimidate|boost\n|-unboost|p2a: Garchomp|atk|1\n|-unboost|p2b: Whimsicott|atk|1\n|move|p2b: Whimsicott|Tailwind|p2b: Whimsicott\n|-sidestart|p2: miquellapolis|move: Tailwind\n|cant|p2a: Garchomp|slp\n|move|p1a: Garchomp|Dragon Claw|p2a: Garchomp\n|-supereffective|p2a: Garchomp|1\n|-damage|p2a: Garchomp|0 fnt\n|faint|p2a: Garchomp\n|\n|-weather|none\n|upkeep\n|\n|t:|1776151878\n|switch|p2a: Incineroar|Incineroar, L50, F|56/100\n|-ability|p2a: Incineroar|Intimidate|boost\n|-unboost|p1a: Garchomp|atk|1\n|-unboost|p1b: Incineroar|atk|1\n|turn|9\n|\n|t:|1776151900\n|switch|p1a: Charizard|Charizard-Mega-Y, L50, F|89/100\n|-weather|SunnyDay|[from] ability: Drought|[of] p1a: Charizard\n|move|p2a: Incineroar|Fake Out|p1b: Incineroar\n|-crit|p1b: Incineroar\n|-damage|p1b: Incineroar|57/100\n|cant|p1b: Incineroar|flinch\n|move|p2b: Whimsicott|Dazzling Gleam|p1b: Incineroar|[spread] p1a,p1b\n|-resisted|p1a: Charizard|1\n|-damage|p1a: Charizard|78/100\n|-damage|p1b: Incineroar|40/100\n|-enditem|p1b: Incineroar|Sitrus Berry|[eat]\n|-heal|p1b: Incineroar|64/100|[from] item: Sitrus Berry\n|\n|-weather|SunnyDay|[upkeep]\n|upkeep\n|turn|10\n|\n|t:|1776151920\n|move|p2b: Whimsicott|Protect|p2b: Whimsicott\n|-singleturn|p2b: Whimsicott|Protect\n|move|p2a: Incineroar|Parting Shot|p1a: Charizard\n|-unboost|p1a: Charizard|atk|1\n|-unboost|p1a: Charizard|spa|1\n|\n|t:|1776151927\n|switch|p2a: Floette|Floette-Eternal, L50, F|100/100|[from] Parting Shot\n|move|p1a: Charizard|Heat Wave|p2b: Whimsicott|[spread] p2a\n|-activate|p2b: Whimsicott|move: Protect\n|-damage|p2a: Floette|50/100\n|move|p1b: Incineroar|Parting Shot|p2a: Floette\n|-unboost|p2a: Floette|atk|1\n|-unboost|p2a: Floette|spa|1\n|\n|t:|1776151934\n|switch|p1b: Garchomp|Garchomp, L50, M|100/100|[from] Parting Shot\n|\n|-weather|SunnyDay|[upkeep]\n|upkeep\n|turn|11\n|\n|t:|1776151950\n|switch|p1b: Incineroar|Incineroar, L50, M|64/100\n|-ability|p1b: Incineroar|Intimidate|boost\n|-unboost|p2a: Floette|atk|1\n|-block|p2b: Whimsicott|ability: Flower Veil|[of] p2a: Floette\n|detailschange|p2a: Floette|Floette-Mega, L50, F\n|-mega|p2a: Floette|Floette|Floettite\n|-ability|p2a: Floette|Fairy Aura\n|move|p2b: Whimsicott|Dazzling Gleam|p1a: Charizard|[spread] p1a,p1b\n|-resisted|p1a: Charizard|1\n|-damage|p1a: Charizard|63/100\n|-damage|p1b: Incineroar|39/100\n|move|p2a: Floette|Light of Ruin|p1a: Charizard\n|-resisted|p1a: Charizard|1\n|-damage|p1a: Charizard|29/100\n|-damage|p2a: Floette|32/100|[from] Recoil\n|move|p1a: Charizard|Heat Wave|p2a: Floette|[spread] p2a,p2b\n|-supereffective|p2b: Whimsicott|1\n|-damage|p2a: Floette|0 fnt\n|-damage|p2b: Whimsicott|0 fnt\n|faint|p2a: Floette\n|faint|p2b: Whimsicott\n|\n|-weather|SunnyDay|[upkeep]\n|-sideend|p2: miquellapolis|move: Tailwind\n|upkeep\n|-message|miquellapolis forfeited.\n|\n|win|RedyVGC\n|raw|RedyVGC's rating: 1372 &rarr; <strong>1394</strong><br />(+22 for winning)\n|raw|miquellapolis's rating: 1407 &rarr; <strong>1385</strong><br />(-22 for losing)\n|l|\u2606miquellapolis\n|player|p2|\n",
  "uploadtime": 1776151972,
  "views": 28,
  "formatid": "gen9championsvgc2026regma",
  "rating": 1385,
  "private": 0,
  "password": null
}