{
  "id": "gen9championsvgc2026regma-2588477149",
  "format": "[Gen 9 Champions] VGC 2026 Reg M-A",
  "players": [
    "SergioSistemi69",
    "thorton506"
  ],
  "log": "|j|\u2606SergioSistemi69\n|j|\u2606thorton506\n|t:|1776637010\n|gametype|doubles\n|player|p1|SergioSistemi69|169|1208\n|player|p2|thorton506|fantina|1115\n|gen|9\n|tier|[Gen 9 Champions] VGC 2026 Reg M-A\n|rated|\n|rule|Species Clause: Limit one of each Pok\u00e9mon\n|rule|Item Clause: Limit 1 of each item\n|clearpoke\n|poke|p1|Whimsicott, L50, M|\n|poke|p1|Sneasler, L50, F|\n|poke|p1|Farigiraf, L50, M|\n|poke|p1|Garchomp, L50, F|\n|poke|p1|Tyranitar, L50, M|\n|poke|p1|Meganium, L50, M|\n|poke|p2|Froslass, L50, F, shiny|\n|poke|p2|Pelipper, L50, M, shiny|\n|poke|p2|Sinistcha, L50, shiny|\n|poke|p2|Incineroar, L50, M, shiny|\n|poke|p2|Archaludon, L50, M, shiny|\n|poke|p2|Glimmora, L50, M, shiny|\n|teampreview|4\n|inactive|Battle timer is ON: inactive players will automatically lose when time's up. (requested by thorton506)\n|\n|t:|1776637059\n|teamsize|p1|4\n|teamsize|p2|4\n|start\n|switch|p1a: Sneasler|Sneasler, L50, F|100/100\n|switch|p1b: Garchomp|Garchomp, L50, F|100/100\n|switch|p2a: Froslass|Froslass, L50, F, shiny|100/100\n|switch|p2b: Incineroar|Incineroar, L50, M, shiny|100/100\n|-ability|p2b: Incineroar|Intimidate|boost\n|-unboost|p1a: Sneasler|atk|1\n|-unboost|p1b: Garchomp|atk|1\n|-enditem|p1a: Sneasler|White Herb\n|-clearnegativeboost|p1a: Sneasler|[silent]\n|turn|1\n|inactive|SergioSistemi69 has 30 seconds left.\n|inactive|thorton506 has 30 seconds left.\n|inactive|SergioSistemi69 has 20 seconds left.\n|inactive|thorton506 has 20 seconds left.\n|inactive|SergioSistemi69 has 15 seconds left.\n|inactive|thorton506 has 15 seconds left.\n|inactive|SergioSistemi69 has 10 seconds left.\n|inactive|thorton506 has 10 seconds left.\n|\n|t:|1776637107\n|switch|p1b: Farigiraf|Farigiraf, L50, M|100/100\n|detailschange|p2a: Froslass|Froslass-Mega, L50, F, shiny\n|-mega|p2a: Froslass|Froslass|Froslassite\n|-weather|Snowscape|[from] ability: Snow Warning|[of] p2a: Froslass\n|move|p2b: Incineroar|Fake Out||[still]\n|cant|p1b: Farigiraf|ability: Armor Tail|Fake Out|[of] p2b: Incineroar\n|move|p1a: Sneasler|Close Combat|p2b: Incineroar\n|-supereffective|p2b: Incineroar|1\n|-damage|p2b: Incineroar|0 fnt\n|-unboost|p1a: Sneasler|def|1\n|-unboost|p1a: Sneasler|spd|1\n|faint|p2b: Incineroar\n|move|p2a: Froslass|Aurora Veil|p2a: Froslass\n|-sidestart|p2: thorton506|move: Aurora Veil\n|\n|-weather|Snowscape|[upkeep]\n|upkeep\n|\n|t:|1776637124\n|switch|p2b: Sinistcha|Sinistcha, L50, shiny|100/100\n|turn|2\n|inactive|SergioSistemi69 has 30 seconds left.\n|\n|t:|1776637156\n|switch|p2b: Archaludon|Archaludon, L50, M, shiny|100/100\n|move|p1a: Sneasler|Protect|p1a: Sneasler\n|-singleturn|p1a: Sneasler|Protect\n|move|p2a: Froslass|Blizzard|p1b: Farigiraf|[spread] p1b\n|-activate|p1a: Sneasler|move: Protect\n|-damage|p1b: Farigiraf|51/100\n|move|p1b: Farigiraf|Imprison|p1b: Farigiraf\n|-start|p1b: Farigiraf|move: Imprison\n|\n|-weather|Snowscape|[upkeep]\n|-heal|p1b: Farigiraf|57/100|[from] item: Leftovers\n|upkeep\n|turn|3\n|\n|t:|1776637179\n|move|p1b: Farigiraf|Protect|p1b: Farigiraf\n|-singleturn|p1b: Farigiraf|Protect\n|move|p1a: Sneasler|Close Combat|p2b: Archaludon\n|-supereffective|p2b: Archaludon|1\n|-damage|p2b: Archaludon|43/100\n|-unboost|p1a: Sneasler|def|1\n|-unboost|p1a: Sneasler|spd|1\n|-ability|p2b: Archaludon|Stamina|boost\n|-boost|p2b: Archaludon|def|1\n|move|p2a: Froslass|Blizzard|p1a: Sneasler|[spread] p1a\n|-activate|p1b: Farigiraf|move: Protect\n|-damage|p1a: Sneasler|0 fnt\n|faint|p1a: Sneasler\n|move|p2b: Archaludon|Flash Cannon|p1b: Farigiraf\n|-activate|p1b: Farigiraf|move: Protect\n|\n|-weather|Snowscape|[upkeep]\n|-heal|p2b: Archaludon|49/100|[from] item: Leftovers\n|-heal|p1b: Farigiraf|63/100|[from] item: Leftovers\n|upkeep\n|\n|t:|1776637189\n|switch|p1a: Tyranitar|Tyranitar, L50, M|100/100\n|-weather|Sandstorm|[from] ability: Sand Stream|[of] p1a: Tyranitar\n|turn|4\n|inactive|SergioSistemi69 has 30 seconds left.\n|l|\u2606thorton506\n|inactive|thorton506 disconnected and has a minute to reconnect!\n|player|p2|\n|\n|t:|1776637221\n|switch|p2a: Sinistcha|Sinistcha, L50, shiny|100/100\n|-heal|p2b: Archaludon|74/100|[from] ability: Hospitality|[of] p2a: Sinistcha\n|move|p1b: Farigiraf|Protect|p1b: Farigiraf\n|-singleturn|p1b: Farigiraf|Protect\n|move|p2b: Archaludon|Flash Cannon|p1a: Tyranitar\n|-supereffective|p1a: Tyranitar|1\n|-damage|p1a: Tyranitar|56/100\n|move|p1a: Tyranitar|Knock Off|p2a: Sinistcha\n|-supereffective|p2a: Sinistcha|1\n|-enditem|p2a: Sinistcha|Colbur Berry|[eat]\n|-enditem|p2a: Sinistcha|Colbur Berry|[weaken]\n|-damage|p2a: Sinistcha|67/100\n|\n|-weather|Sandstorm|[upkeep]\n|-damage|p2a: Sinistcha|61/100|[from] Sandstorm\n|-damage|p1b: Farigiraf|57/100|[from] Sandstorm\n|-heal|p2b: Archaludon|80/100|[from] item: Leftovers\n|-heal|p1b: Farigiraf|63/100|[from] item: Leftovers\n|upkeep\n|turn|5\n|j|\u2606thorton506\n|inactive|thorton506 reconnected and has 55 seconds left.\n|player|p2|thorton506|fantina|\n|inactive|SergioSistemi69 has 30 seconds left.\n|\n|t:|1776637249\n|move|p1a: Tyranitar|Protect|p1a: Tyranitar\n|-singleturn|p1a: Tyranitar|Protect\n|move|p2b: Archaludon|Flash Cannon|p1a: Tyranitar\n|-activate|p1a: Tyranitar|move: Protect\n|move|p2a: Sinistcha|Matcha Gotcha|p1b: Farigiraf|[spread] p1b\n|-activate|p1a: Tyranitar|move: Protect\n|-damage|p1b: Farigiraf|41/100\n|-heal|p2a: Sinistcha|75/100|[from] drain|[of] p1b: Farigiraf\n|move|p1b: Farigiraf|Dazzling Gleam|p2b: Archaludon|[spread] p2a,p2b\n|-damage|p2a: Sinistcha|66/100\n|-damage|p2b: Archaludon|70/100\n|-ability|p2b: Archaludon|Stamina|boost\n|-boost|p2b: Archaludon|def|1\n|\n|-weather|Sandstorm|[upkeep]\n|-damage|p2a: Sinistcha|60/100|[from] Sandstorm\n|-damage|p1b: Farigiraf|34/100|[from] Sandstorm\n|-heal|p2b: Archaludon|76/100|[from] item: Leftovers\n|-heal|p1b: Farigiraf|41/100|[from] item: Leftovers\n|-sideend|p2: thorton506|move: Aurora Veil\n|upkeep\n|turn|6\n|\n|t:|1776637272\n|move|p1b: Farigiraf|Protect|p1b: Farigiraf\n|-singleturn|p1b: Farigiraf|Protect\n|move|p2b: Archaludon|Flash Cannon|p1a: Tyranitar\n|-supereffective|p1a: Tyranitar|1\n|-damage|p1a: Tyranitar|15/100\n|-unboost|p1a: Tyranitar|spd|1\n|-enditem|p1a: Tyranitar|Sitrus Berry|[eat]\n|-heal|p1a: Tyranitar|40/100|[from] item: Sitrus Berry\n|move|p1a: Tyranitar|Knock Off|p2a: Sinistcha\n|-supereffective|p2a: Sinistcha|1\n|-damage|p2a: Sinistcha|0 fnt\n|faint|p2a: Sinistcha\n|\n|-weather|Sandstorm|[upkeep]\n|-damage|p1b: Farigiraf|34/100|[from] Sandstorm\n|-heal|p2b: Archaludon|82/100|[from] item: Leftovers\n|-heal|p1b: Farigiraf|41/100|[from] item: Leftovers\n|upkeep\n|\n|t:|1776637283\n|switch|p2a: Froslass|Froslass-Mega, L50, F, shiny|100/100\n|-weather|Snowscape|[from] ability: Snow Warning|[of] p2a: Froslass\n|turn|7\n|inactive|SergioSistemi69 has 30 seconds left.\n|\n|t:|1776637315\n|move|p2a: Froslass|Blizzard|p1a: Tyranitar|[spread] p1a,p1b\n|-damage|p1a: Tyranitar|0 fnt\n|-damage|p1b: Farigiraf|0 fnt\n|faint|p1a: Tyranitar\n|faint|p1b: Farigiraf\n|move|p2b: Archaludon|Flash Cannon|p1: Tyranitar|[notarget]\n|-fail|p2b: Archaludon\n|\n|-weather|Snowscape|[upkeep]\n|-heal|p2b: Archaludon|88/100|[from] item: Leftovers\n|upkeep\n|\n|t:|1776637319\n|switch|p1b: Garchomp|Garchomp, L50, F|100/100\n|turn|8\n|\n|t:|1776637330\n|move|p2a: Froslass|Blizzard|p1b: Garchomp\n|-supereffective|p1b: Garchomp|2\n|-enditem|p1b: Garchomp|Yache Berry|[eat]\n|-enditem|p1b: Garchomp|Yache Berry|[weaken]\n|-damage|p1b: Garchomp|0 fnt\n|faint|p1b: Garchomp\n|\n|win|thorton506\n|raw|SergioSistemi69's rating: 1208 &rarr; <strong>1176</strong><br />(-32 for losing)\n|raw|thorton506's rating: 1115 &rarr; <strong>1147</strong><br />(+32 for winning)\n|l|\u2606SergioSistemi69\n|player|p1|\n",
  "uploadtime": 1776637337,
  "views": 15,
  "formatid": "gen9championsvgc2026regma",
  "rating": 1147,
  "private": 0,
  "password": null
}