{
  "id": "gen9championsvgc2026regma-2588957161",
  "format": "[Gen 9 Champions] VGC 2026 Reg M-A",
  "players": [
    "livanddeath",
    "Volcano0"
  ],
  "log": "|j|\u2606livanddeath\n|j|\u2606Volcano0\n|t:|1776689381\n|gametype|doubles\n|player|p1|livanddeath|caitlin|1275\n|player|p2|Volcano0|n|1188\n|gen|9\n|tier|[Gen 9 Champions] VGC 2026 Reg M-A\n|rated|\n|rule|Species Clause: Limit one of each Pok\u00e9mon\n|rule|Item Clause: Limit 1 of each item\n|clearpoke\n|poke|p1|Gardevoir, L50, M|\n|poke|p1|Gyarados, L50, M|\n|poke|p1|Arcanine-Hisui, L50, F|\n|poke|p1|Garchomp, L50, F|\n|poke|p1|Archaludon, L50, F|\n|poke|p1|Rotom-Wash, L50|\n|poke|p2|Floette-Eternal, L50, F|\n|poke|p2|Aerodactyl, L50, M, shiny|\n|poke|p2|Garchomp, L50, F|\n|poke|p2|Basculegion, L50, M, shiny|\n|poke|p2|Aegislash, L50, M, shiny|\n|poke|p2|Incineroar, L50, M, shiny|\n|teampreview|4\n|inactive|Battle timer is ON: inactive players will automatically lose when time's up. (requested by Volcano0)\n|inactive|livanddeath has 60 seconds left.\n|inactive|Volcano0 has 60 seconds left.\n|\n|t:|1776689428\n|teamsize|p1|4\n|teamsize|p2|4\n|start\n|switch|p1a: Gardevoir|Gardevoir, L50, M|100/100\n|switch|p1b: Archaludon|Archaludon, L50, F|100/100\n|switch|p2a: Aerodactyl|Aerodactyl, L50, M, shiny|100/100\n|switch|p2b: Terradon|Garchomp, L50, F|100/100\n|-ability|p2a: Aerodactyl|Unnerve\n|turn|1\n|\n|t:|1776689440\n|move|p1a: Gardevoir|Icy Wind|p2b: Terradon|[spread] p2a,p2b\n|-supereffective|p2a: Aerodactyl|1\n|-supereffective|p2b: Terradon|2\n|-damage|p2a: Aerodactyl|62/100\n|-damage|p2b: Terradon|38/100\n|-unboost|p2a: Aerodactyl|spe|1\n|-unboost|p2b: Terradon|spe|1\n|move|p1b: Archaludon|Flash Cannon|p2a: Aerodactyl\n|-supereffective|p2a: Aerodactyl|1\n|-damage|p2a: Aerodactyl|0 fnt\n|faint|p2a: Aerodactyl\n|move|p2b: Terradon|Earthquake|p1a: Gardevoir|[spread] p1a,p1b\n|-crit|p1a: Gardevoir\n|-supereffective|p1b: Archaludon|1\n|-damage|p1a: Gardevoir|7/100\n|-damage|p1b: Archaludon|45/100\n|-ability|p1b: Archaludon|Stamina|boost\n|-boost|p1b: Archaludon|def|1\n|\n|upkeep\n|\n|t:|1776689455\n|switch|p2a: Wraithfin|Basculegion, L50, M, shiny|100/100\n|turn|2\n|\n|t:|1776689468\n|move|p1a: Gardevoir|Icy Wind|p2a: Wraithfin|[spread] p2a,p2b\n|-resisted|p2a: Wraithfin|1\n|-supereffective|p2b: Terradon|2\n|-damage|p2a: Wraithfin|92/100\n|-damage|p2b: Terradon|0 fnt\n|-unboost|p2a: Wraithfin|spe|1\n|faint|p2b: Terradon\n|move|p1b: Archaludon|Draco Meteor|p2a: Wraithfin\n|-damage|p2a: Wraithfin|17/100\n|-unboost|p1b: Archaludon|spa|2\n|-enditem|p1b: Archaludon|White Herb\n|-clearnegativeboost|p1b: Archaludon|[silent]\n|move|p2a: Wraithfin|Last Respects|p1b: Archaludon\n|-damage|p1b: Archaludon|0 fnt\n|faint|p1b: Archaludon\n|\n|upkeep\n|\n|t:|1776689483\n|switch|p2b: Asphodel|Floette-Eternal, L50, F|100/100\n|switch|p1b: Gyarados|Gyarados, L50, M|100/100\n|-ability|p1b: Gyarados|Intimidate|boost\n|-unboost|p2a: Wraithfin|atk|1\n|-unboost|p2b: Asphodel|atk|1\n|turn|3\n|\n|t:|1776689497\n|detailschange|p2b: Asphodel|Floette-Mega, L50, F\n|-mega|p2b: Asphodel|Floette|Floettite\n|-ability|p2b: Asphodel|Fairy Aura\n|move|p1a: Gardevoir|Icy Wind|p2a: Wraithfin|[spread] p2a\n|-miss|p1a: Gardevoir|p2b: Asphodel\n|-resisted|p2a: Wraithfin|1\n|-damage|p2a: Wraithfin|10/100\n|-unboost|p2a: Wraithfin|spe|1\n|move|p2b: Asphodel|Draining Kiss|p1b: Gyarados\n|-crit|p1b: Gyarados\n|-damage|p1b: Gyarados|42/100\n|move|p1b: Gyarados|Earthquake|p2a: Wraithfin|[spread] p2a,p2b\n|-activate|p1a: Gardevoir|ability: Telepathy\n|-damage|p2a: Wraithfin|0 fnt\n|-damage|p2b: Asphodel|74/100\n|faint|p2a: Wraithfin\n|\n|upkeep\n|turn|4\n|\n|t:|1776689515\n|switch|p1a: Arcanine|Arcanine-Hisui, L50, F|100/100\n|move|p1b: Gyarados|Protect|p1b: Gyarados\n|-singleturn|p1b: Gyarados|Protect\n|move|p2b: Asphodel|Draining Kiss|p1b: Gyarados\n|-activate|p1b: Gyarados|move: Protect\n|\n|upkeep\n|turn|5\n|\n|t:|1776689528\n|move|p1a: Arcanine|Head Smash|p2b: Asphodel\n|-damage|p2b: Asphodel|4/100\n|move|p2b: Asphodel|Draining Kiss|p1b: Gyarados\n|-damage|p1b: Gyarados|2/100\n|-heal|p2b: Asphodel|37/100|[from] drain|[of] p1b: Gyarados\n|move|p1b: Gyarados|Waterfall|p2b: Asphodel\n|-damage|p2b: Asphodel|0 fnt\n|faint|p2b: Asphodel\n|\n|win|livanddeath\n|raw|livanddeath's rating: 1275 &rarr; <strong>1294</strong><br />(+19 for winning)\n|raw|Volcano0's rating: 1188 &rarr; <strong>1169</strong><br />(-19 for losing)\n",
  "uploadtime": 1776689538,
  "views": 7,
  "formatid": "gen9championsvgc2026regma",
  "rating": 1169,
  "private": 0,
  "password": null
}