{
  "id": "gen9championsvgc2026regma-2589390890",
  "format": "[Gen 9 Champions] VGC 2026 Reg M-A",
  "players": [
    "Grade a type b",
    "Jah_08"
  ],
  "log": "|j|\u2606Grade a type b\n|j|\u2606Jah_08\n|t:|1776719166\n|gametype|doubles\n|player|p1|Grade a type b|170|1551\n|player|p2|Jah_08|alder|1621\n|gen|9\n|tier|[Gen 9 Champions] VGC 2026 Reg M-A\n|rated|\n|rule|Species Clause: Limit one of each Pok\u00e9mon\n|rule|Item Clause: Limit 1 of each item\n|clearpoke\n|poke|p1|Garchomp, L50, F|\n|poke|p1|Sneasler, L50, F|\n|poke|p1|Whimsicott, L50, F|\n|poke|p1|Charizard, L50, M|\n|poke|p1|Basculegion, L50, M|\n|poke|p1|Kingambit, L50, M|\n|poke|p2|Excadrill, L50, M|\n|poke|p2|Whimsicott, L50, M, shiny|\n|poke|p2|Chandelure, L50, M|\n|poke|p2|Zoroark-Hisui, L50, M|\n|poke|p2|Basculegion, L50, M|\n|poke|p2|Hydreigon, L50, M|\n|teampreview|4\n|inactive|Battle timer is ON: inactive players will automatically lose when time's up. (requested by Grade a type b)\n|\n|t:|1776719193\n|teamsize|p1|4\n|teamsize|p2|4\n|start\n|switch|p1a: Whimsicott|Whimsicott, L50, F|100/100\n|switch|p1b: Basculegion|Basculegion, L50, M|100/100\n|switch|p2a: Basculegion|Basculegion, L50, M|100/100\n|switch|p2b: Whimsicott|Whimsicott, L50, M, shiny|100/100\n|turn|1\n|inactive|Jah_08 has 30 seconds left.\n|\n|t:|1776719223\n|move|p1a: Whimsicott|Tailwind|p1a: Whimsicott\n|-sidestart|p1: Grade a type b|move: Tailwind\n|move|p1b: Basculegion|Flip Turn|p2a: Basculegion\n|-resisted|p2a: Basculegion|1\n|-damage|p2a: Basculegion|78/100\n|\n|t:|1776719228\n|switch|p1b: Kingambit|Kingambit, L50, M|100/100|[from] Flip Turn\n|move|p2a: Basculegion|Flip Turn|p1b: Kingambit\n|-damage|p1b: Kingambit|73/100\n|\n|t:|1776719243\n|switch|p2a: Chandelure|Chandelure, L50, M|100/100|[from] Flip Turn\n|move|p2b: Whimsicott|Moonblast|p1b: Kingambit\n|-damage|p1b: Kingambit|37/100\n|\n|upkeep\n|turn|2\n|j| Rivelta Origin\n|\n|t:|1776719260\n|detailschange|p2a: Chandelure|Chandelure-Mega, L50, M\n|-mega|p2a: Chandelure|Chandelure|Chandelurite\n|move|p1a: Whimsicott|Encore|p2b: Whimsicott\n|-start|p2b: Whimsicott|Encore\n|move|p2b: Whimsicott|Moonblast|p1a: Whimsicott\n|-damage|p1a: Whimsicott|39/100\n|move|p1b: Kingambit|Iron Head|p2b: Whimsicott\n|-supereffective|p2b: Whimsicott|1\n|-damage|p2b: Whimsicott|0 fnt\n|faint|p2b: Whimsicott\n|move|p2a: Chandelure|Substitute|p2a: Chandelure\n|-start|p2a: Chandelure|Substitute\n|-damage|p2a: Chandelure|76/100\n|\n|upkeep\n|\n|t:|1776719275\n|switch|p2b: Hydreigon|Hydreigon, L50, M|100/100\n|turn|3\n|\n|t:|1776719288\n|move|p1a: Whimsicott|Protect|p1a: Whimsicott\n|-singleturn|p1a: Whimsicott|Protect\n|move|p2b: Hydreigon|Protect|p2b: Hydreigon\n|-singleturn|p2b: Hydreigon|Protect\n|move|p1b: Kingambit|Iron Head|p2b: Hydreigon\n|-activate|p2b: Hydreigon|move: Protect\n|move|p2a: Chandelure|Heat Wave|p1b: Kingambit|[spread] p1b\n|-activate|p1a: Whimsicott|move: Protect\n|-supereffective|p1b: Kingambit|1\n|-damage|p1b: Kingambit|0 fnt\n|faint|p1b: Kingambit\n|\n|upkeep\n|\n|t:|1776719295\n|switch|p1b: Garchomp|Garchomp, L50, F|100/100\n|turn|4\n|j| Adryh\n|inactive|Jah_08 has 30 seconds left.\n|l| Adryh\n|\n|t:|1776719325\n|switch|p2b: Basculegion|Basculegion, L50, M|78/100\n|move|p1a: Whimsicott|Moonblast|p2b: Basculegion\n|-damage|p2b: Basculegion|40/100\n|move|p1b: Garchomp|Dragon Claw|p2a: Chandelure\n|-end|p2a: Chandelure|Substitute\n|move|p2a: Chandelure|Heat Wave|p1a: Whimsicott|[spread] p1a,p1b\n|-supereffective|p1a: Whimsicott|1\n|-resisted|p1b: Garchomp|1\n|-damage|p1a: Whimsicott|0 fnt\n|-damage|p1b: Garchomp|70/100\n|faint|p1a: Whimsicott\n|\n|-sideend|p1: Grade a type b|move: Tailwind\n|upkeep\n|\n|t:|1776719332\n|switch|p1a: Basculegion|Basculegion, L50, M|100/100\n|turn|5\n|\n|t:|1776719348\n|move|p2b: Basculegion|Last Respects|p1a: Basculegion\n|-supereffective|p1a: Basculegion|1\n|-damage|p1a: Basculegion|0 fnt\n|faint|p1a: Basculegion\n|move|p1b: Garchomp|Rock Slide|p2a: Chandelure|[spread] p2a,p2b\n|-supereffective|p2a: Chandelure|1\n|-damage|p2a: Chandelure|34/100\n|-damage|p2b: Basculegion|14/100\n|cant|p2a: Chandelure|flinch\n|\n|upkeep\n|turn|6\n|-message|Grade a type b forfeited.\n|\n|win|Jah_08\n|raw|Grade a type b's rating: 1551 &rarr; <strong>1535</strong><br />(-16 for losing)\n|raw|Jah_08's rating: 1621 &rarr; <strong>1637</strong><br />(+16 for winning)\n|l|\u2606Grade a type b\n|player|p1|\n",
  "uploadtime": 1776719361,
  "views": 13,
  "formatid": "gen9championsvgc2026regma",
  "rating": 1535,
  "private": 0,
  "password": null
}