{
  "id": "gen9championsvgc2026regma-2581454037",
  "format": "[Gen 9 Champions] VGC 2026 Reg M-A",
  "players": [
    "waccedoutpkmn",
    "fj8897"
  ],
  "log": "|j|\u2606waccedoutpkmn\n|j|\u2606fj8897\n|t:|1776001978\n|gametype|doubles\n|player|p1|waccedoutpkmn|102|1000\n|player|p2|fj8897|169|1001\n|gen|9\n|tier|[Gen 9 Champions] VGC 2026 Reg M-A\n|rated|\n|rule|Species Clause: Limit one of each Pok\u00e9mon\n|rule|Item Clause: Limit 1 of each item\n|clearpoke\n|poke|p1|Charizard, L50, F|\n|poke|p1|Venusaur, L50, F|\n|poke|p1|Garchomp, L50, M|\n|poke|p1|Rotom-Wash, L50|\n|poke|p1|Sneasler, L50, F|\n|poke|p1|Incineroar, L50, F|\n|poke|p2|Skarmory, L50, M|\n|poke|p2|Talonflame, L50, F|\n|poke|p2|Clefable, L50, F|\n|poke|p2|Floette-Eternal, L50, F|\n|poke|p2|Incineroar, L50, F|\n|poke|p2|Archaludon, L50, F|\n|teampreview|4\n|\n|t:|1776002040\n|teamsize|p1|4\n|teamsize|p2|4\n|start\n|switch|p1a: Charizard|Charizard, L50, F|100/100\n|switch|p1b: Venusaur|Venusaur, L50, F|100/100\n|switch|p2a: Skarmory|Skarmory, L50, M|100/100\n|switch|p2b: Talonflame|Talonflame, L50, F|100/100\n|turn|1\n|inactive|Battle timer is ON: inactive players will automatically lose when time's up. (requested by fj8897)\n|inactive|fj8897 has 60 seconds left.\n|inactive|fj8897 has 30 seconds left.\n|inactive|fj8897 has 20 seconds left.\n|\n|t:|1776002116\n|switch|p2a: Clefable|Clefable, L50, F|100/100\n|detailschange|p1a: Charizard|Charizard-Mega-Y, L50, F\n|-mega|p1a: Charizard|Charizard|Charizardite Y\n|-weather|SunnyDay|[from] ability: Drought|[of] p1a: Charizard\n|move|p1b: Venusaur|Sleep Powder|p2b: Talonflame\n|-status|p2b: Talonflame|slp|[from] move: Sleep Powder\n|cant|p2b: Talonflame|slp\n|move|p1a: Charizard|Heat Wave|p2b: Talonflame|[spread] p2a,p2b\n|-resisted|p2b: Talonflame|1\n|-damage|p2a: Clefable|56/100\n|-damage|p2b: Talonflame|64/100 slp\n|\n|-weather|SunnyDay|[upkeep]\n|-heal|p2a: Clefable|62/100|[from] item: Leftovers\n|upkeep\n|turn|2\n|inactive|fj8897 has 30 seconds left.\n|\n|t:|1776002143\n|move|p1b: Venusaur|Sludge Bomb|p2a: Clefable\n|-supereffective|p2a: Clefable|1\n|-damage|p2a: Clefable|8/100\n|cant|p2b: Talonflame|slp\n|move|p1a: Charizard|Heat Wave|p2a: Clefable|[spread] p2a,p2b\n|-resisted|p2b: Talonflame|1\n|-damage|p2a: Clefable|0 fnt\n|-damage|p2b: Talonflame|29/100 slp\n|faint|p2a: Clefable\n|\n|-weather|SunnyDay|[upkeep]\n|upkeep\n|\n|t:|1776002150\n|switch|p2a: Incineroar|Incineroar, L50, F|100/100\n|-ability|p2a: Incineroar|Intimidate|boost\n|-unboost|p1a: Charizard|atk|1\n|-unboost|p1b: Venusaur|atk|1\n|turn|3\n|inactive|waccedoutpkmn has 30 seconds left.\n|\n|t:|1776002184\n|switch|p1b: Sneasler|Sneasler, L50, F|100/100\n|switch|p1a: Rotom|Rotom-Wash, L50|100/100\n|move|p2a: Incineroar|Fake Out|p1a: Rotom\n|-damage|p1a: Rotom|89/100\n|-curestatus|p2b: Talonflame|slp|[msg]\n|move|p2b: Talonflame|Flare Blitz|p1b: Sneasler\n|-damage|p1b: Sneasler|8/100\n|-status|p1b: Sneasler|brn\n|-damage|p2b: Talonflame|3/100|[from] Recoil\n|\n|-weather|SunnyDay|[upkeep]\n|-heal|p1a: Rotom|95/100|[from] item: Leftovers\n|-damage|p1b: Sneasler|2/100 brn|[from] brn\n|upkeep\n|turn|4\n|inactive|waccedoutpkmn has 30 seconds left.\n|inactive|fj8897 has 30 seconds left.\n|\n|t:|1776002219\n|move|p2b: Talonflame|Protect|p2b: Talonflame\n|-singleturn|p2b: Talonflame|Protect\n|move|p1b: Sneasler|Fake Out|p2b: Talonflame\n|-activate|p2b: Talonflame|move: Protect\n|move|p1a: Rotom|Hydro Pump|p2a: Incineroar\n|-supereffective|p2a: Incineroar|1\n|-damage|p2a: Incineroar|61/100\n|move|p2a: Incineroar|Throat Chop|p1a: Rotom\n|-crit|p1a: Rotom\n|-damage|p1a: Rotom|44/100\n|-start|p1a: Rotom|Throat Chop|[silent]\n|\n|-weather|SunnyDay|[upkeep]\n|-heal|p1a: Rotom|50/100|[from] item: Leftovers\n|-damage|p1b: Sneasler|0 fnt|[from] brn\n|faint|p1b: Sneasler\n|upkeep\n|\n|t:|1776002232\n|switch|p1b: Charizard|Charizard-Mega-Y, L50, F|100/100\n|turn|5\n|inactive|fj8897 has 30 seconds left.\n|\n|t:|1776002258\n|move|p2b: Talonflame|Flare Blitz|p1a: Rotom\n|-resisted|p1a: Rotom|1\n|-damage|p1a: Rotom|26/100\n|-damage|p2b: Talonflame|0 fnt|[from] Recoil\n|faint|p2b: Talonflame\n|move|p1b: Charizard|Heat Wave|p2a: Incineroar\n|-resisted|p2a: Incineroar|1\n|-damage|p2a: Incineroar|22/100\n|-enditem|p2a: Incineroar|Sitrus Berry|[eat]\n|-heal|p2a: Incineroar|47/100|[from] item: Sitrus Berry\n|move|p1a: Rotom|Hydro Pump|p2a: Incineroar|[miss]\n|-miss|p1a: Rotom|p2a: Incineroar\n|move|p2a: Incineroar|Throat Chop|p1b: Charizard\n|-damage|p1b: Charizard|51/100\n|-start|p1b: Charizard|Throat Chop|[silent]\n|\n|-weather|none\n|-heal|p1a: Rotom|32/100|[from] item: Leftovers\n|-end|p1a: Rotom|Throat Chop|[silent]\n|upkeep\n|\n|t:|1776002275\n|switch|p2b: Skarmory|Skarmory, L50, M|100/100\n|turn|6\n|\n|t:|1776002293\n|detailschange|p2b: Skarmory|Skarmory-Mega, L50, M\n|-mega|p2b: Skarmory|Skarmory|Skarmorite\n|move|p1a: Rotom|Protect|p1a: Rotom\n|-singleturn|p1a: Rotom|Protect\n|move|p1b: Charizard|Heat Wave|p2a: Incineroar|[spread] p2a,p2b\n|-resisted|p2a: Incineroar|1\n|-supereffective|p2b: Skarmory|1\n|-damage|p2a: Incineroar|27/100\n|-damage|p2b: Skarmory|0 fnt\n|faint|p2b: Skarmory\n|move|p2a: Incineroar|Parting Shot|p1a: Rotom\n|-activate|p1a: Rotom|move: Protect\n|\n|-heal|p1a: Rotom|37/100|[from] item: Leftovers\n|-end|p1b: Charizard|Throat Chop|[silent]\n|upkeep\n|turn|7\n|-message|fj8897 forfeited.\n|\n|win|waccedoutpkmn\n|raw|waccedoutpkmn's rating: 1000 &rarr; <strong>1040</strong><br />(+40 for winning)\n|raw|fj8897's rating: 1001 &rarr; <strong>1000</strong><br />(-1 for losing)\n|l|\u2606fj8897\n|player|p2|\n",
  "uploadtime": 1776002329,
  "views": 16,
  "formatid": "gen9championsvgc2026regma",
  "rating": 1000,
  "private": 0,
  "password": null
}