{
  "id": "gen9championsvgc2026regma-2584426836",
  "format": "[Gen 9 Champions] VGC 2026 Reg M-A",
  "players": [
    "N4t4sh4",
    "Jmoneyzzzzz"
  ],
  "log": "|j|\u2606N4t4sh4\n|j|\u2606Jmoneyzzzzz\n|t:|1776260082\n|gametype|doubles\n|player|p1|N4t4sh4|1|1114\n|player|p2|Jmoneyzzzzz|2|1117\n|gen|9\n|tier|[Gen 9 Champions] VGC 2026 Reg M-A\n|rated|\n|rule|Species Clause: Limit one of each Pok\u00e9mon\n|rule|Item Clause: Limit 1 of each item\n|clearpoke\n|poke|p1|Crabominable, L50, M|\n|poke|p1|Basculegion, L50, M|\n|poke|p1|Farigiraf, L50, M|\n|poke|p1|Sinistcha, L50|\n|poke|p1|Pelipper, L50, M|\n|poke|p1|Archaludon, L50, M|\n|poke|p2|Meganium, L50, F|\n|poke|p2|Pelipper, L50, M|\n|poke|p2|Archaludon, L50, M|\n|poke|p2|Basculegion, L50, M|\n|poke|p2|Toxicroak, L50, M|\n|poke|p2|Araquanid, L50, F|\n|teampreview|4\n|inactive|Battle timer is ON: inactive players will automatically lose when time's up. (requested by Jmoneyzzzzz)\n|\n|t:|1776260149\n|teamsize|p1|4\n|teamsize|p2|4\n|start\n|switch|p1a: Sinistcha|Sinistcha, L50|100/100\n|switch|p1b: Basculegion|Basculegion, L50, M|100/100\n|switch|p2a: Pelipper|Pelipper, L50, M|100/100\n|switch|p2b: Basculegion|Basculegion, L50, M|100/100\n|-weather|RainDance|[from] ability: Drizzle|[of] p2a: Pelipper\n|turn|1\n|inactive|N4t4sh4 has 30 seconds left.\n|inactive|Jmoneyzzzzz has 30 seconds left.\n|\n|t:|1776260182\n|switch|p2b: Meganium|Meganium, L50, F|100/100\n|move|p1a: Sinistcha|Rage Powder|p1a: Sinistcha\n|-singleturn|p1a: Sinistcha|move: Rage Powder\n|move|p1b: Basculegion|Flip Turn|p2a: Pelipper\n|-resisted|p2a: Pelipper|1\n|-damage|p2a: Pelipper|70/100\n|\n|t:|1776260197\n|switch|p1b: Archaludon|Archaludon, L50, M|100/100|[from] Flip Turn\n|move|p2a: Pelipper|Tailwind|p2a: Pelipper\n|-sidestart|p2: Jmoneyzzzzz|move: Tailwind\n|\n|-weather|RainDance|[upkeep]\n|upkeep\n|turn|2\n|inactive|Jmoneyzzzzz has 30 seconds left.\n|\n|t:|1776260230\n|detailschange|p2b: Meganium|Meganium-Mega, L50, F\n|-mega|p2b: Meganium|Meganium|Meganiumite\n|move|p1b: Archaludon|Protect|p1b: Archaludon\n|-singleturn|p1b: Archaludon|Protect\n|move|p2b: Meganium|Weather Ball|p1a: Sinistcha\n|-supereffective|p1a: Sinistcha|1\n|-damage|p1a: Sinistcha|0 fnt\n|faint|p1a: Sinistcha\n|move|p2a: Pelipper|Hurricane|p1b: Archaludon\n|-activate|p1b: Archaludon|move: Protect\n|\n|-weather|RainDance|[upkeep]\n|upkeep\n|\n|t:|1776260245\n|switch|p1a: Pelipper|Pelipper, L50, M|100/100\n|turn|3\n|\n|t:|1776260256\n|move|p2b: Meganium|Weather Ball|p1b: Archaludon\n|-damage|p1b: Archaludon|31/100\n|-ability|p1b: Archaludon|Stamina|boost\n|-boost|p1b: Archaludon|def|1\n|move|p2a: Pelipper|Hurricane|p1a: Pelipper\n|-damage|p1a: Pelipper|41/100\n|move|p1a: Pelipper|Hurricane|p2b: Meganium\n|-supereffective|p2b: Meganium|1\n|-damage|p2b: Meganium|0 fnt\n|faint|p2b: Meganium\n|move|p1b: Archaludon|Electro Shot||[still]\n|-prepare|p1b: Archaludon|Electro Shot\n|-boost|p1b: Archaludon|spa|1\n|-anim|p1b: Archaludon|Electro Shot|p2a: Pelipper\n|-supereffective|p2a: Pelipper|2\n|-damage|p2a: Pelipper|0 fnt\n|faint|p2a: Pelipper\n|\n|-weather|RainDance|[upkeep]\n|-heal|p1b: Archaludon|38/100|[from] item: Leftovers\n|upkeep\n|\n|t:|1776260277\n|switch|p2b: Archaludon|Archaludon, L50, M|100/100\n|switch|p2a: Basculegion|Basculegion, L50, M|100/100\n|turn|4\n|\n|t:|1776260291\n|move|p1a: Pelipper|Protect|p1a: Pelipper\n|-singleturn|p1a: Pelipper|Protect\n|move|p1b: Archaludon|Protect|p1b: Archaludon\n|-singleturn|p1b: Archaludon|Protect\n|move|p2a: Basculegion|Last Respects|p1b: Archaludon\n|-activate|p1b: Archaludon|move: Protect\n|move|p2b: Archaludon|Electro Shot||[still]\n|-prepare|p2b: Archaludon|Electro Shot\n|-boost|p2b: Archaludon|spa|1\n|-anim|p2b: Archaludon|Electro Shot|p1a: Pelipper\n|-activate|p1a: Pelipper|move: Protect\n|\n|-weather|RainDance|[upkeep]\n|-heal|p1b: Archaludon|44/100|[from] item: Leftovers\n|-sideend|p2: Jmoneyzzzzz|move: Tailwind\n|upkeep\n|turn|5\n|inactive|N4t4sh4 has 30 seconds left.\n|\n|t:|1776260326\n|switch|p1a: Basculegion|Basculegion, L50, M|100/100\n|move|p2a: Basculegion|Last Respects|p1b: Archaludon\n|-damage|p1b: Archaludon|7/100\n|-ability|p1b: Archaludon|Stamina|boost\n|-boost|p1b: Archaludon|def|1\n|move|p2b: Archaludon|Electro Shot||[still]\n|-prepare|p2b: Archaludon|Electro Shot\n|-boost|p2b: Archaludon|spa|1\n|-anim|p2b: Archaludon|Electro Shot|p1a: Basculegion\n|-supereffective|p1a: Basculegion|1\n|-damage|p1a: Basculegion|0 fnt\n|faint|p1a: Basculegion\n|move|p1b: Archaludon|Electro Shot||[still]\n|-prepare|p1b: Archaludon|Electro Shot\n|-boost|p1b: Archaludon|spa|1\n|-anim|p1b: Archaludon|Electro Shot|p2a: Basculegion\n|-supereffective|p2a: Basculegion|1\n|-damage|p2a: Basculegion|0 fnt\n|faint|p2a: Basculegion\n|\n|-weather|none\n|-heal|p1b: Archaludon|13/100|[from] item: Leftovers\n|upkeep\n|\n|t:|1776260346\n|switch|p1a: Pelipper|Pelipper, L50, M|41/100\n|-weather|RainDance|[from] ability: Drizzle|[of] p1a: Pelipper\n|turn|6\n|\n|t:|1776260362\n|move|p1b: Archaludon|Protect|p1b: Archaludon\n|-singleturn|p1b: Archaludon|Protect\n|move|p1a: Pelipper|Weather Ball|p2b: Archaludon\n|-resisted|p2b: Archaludon|1\n|-damage|p2b: Archaludon|70/100\n|-ability|p2b: Archaludon|Stamina|boost\n|-boost|p2b: Archaludon|def|1\n|move|p2b: Archaludon|Electro Shot||[still]\n|-prepare|p2b: Archaludon|Electro Shot\n|-boost|p2b: Archaludon|spa|1\n|-anim|p2b: Archaludon|Electro Shot|p1b: Archaludon\n|-activate|p1b: Archaludon|move: Protect\n|\n|-weather|RainDance|[upkeep]\n|-heal|p1b: Archaludon|19/100|[from] item: Leftovers\n|upkeep\n|turn|7\n|inactive|N4t4sh4 has 30 seconds left.\n|\n|t:|1776260396\n|move|p1a: Pelipper|Weather Ball|p2b: Archaludon\n|-resisted|p2b: Archaludon|1\n|-crit|p2b: Archaludon\n|-damage|p2b: Archaludon|23/100\n|-ability|p2b: Archaludon|Stamina|boost\n|-boost|p2b: Archaludon|def|1\n|move|p1b: Archaludon|Draco Meteor|p2b: Archaludon\n|-damage|p2b: Archaludon|0 fnt\n|-unboost|p1b: Archaludon|spa|2\n|faint|p2b: Archaludon\n|\n|win|N4t4sh4\n|raw|N4t4sh4's rating: 1114 &rarr; <strong>1139</strong><br />(+25 for winning)\n|raw|Jmoneyzzzzz's rating: 1117 &rarr; <strong>1092</strong><br />(-25 for losing)\n",
  "uploadtime": 1776260583,
  "views": 34,
  "formatid": "gen9championsvgc2026regma",
  "rating": 1092,
  "private": 0,
  "password": null
}