{
  "id": "gen9championsvgc2026regma-2584733138",
  "format": "[Gen 9 Champions] VGC 2026 Reg M-A",
  "players": [
    "pinkylee",
    "orionsayshi"
  ],
  "log": "|j|\u2606pinkylee\n|j|\u2606orionsayshi\n|t:|1776279818\n|gametype|doubles\n|player|p1|pinkylee|lucas|1123\n|player|p2|orionsayshi|elesa|1054\n|gen|9\n|tier|[Gen 9 Champions] VGC 2026 Reg M-A\n|rated|\n|rule|Species Clause: Limit one of each Pok\u00e9mon\n|rule|Item Clause: Limit 1 of each item\n|clearpoke\n|poke|p1|Gallade, L50, M|\n|poke|p1|Charizard, L50, M|\n|poke|p1|Sinistcha, L50|\n|poke|p1|Maushold, L50|\n|poke|p1|Sneasler, L50, M|\n|poke|p1|Milotic, L50, M|\n|poke|p2|Incineroar, L50, F|\n|poke|p2|Gengar, L50, M|\n|poke|p2|Sableye, L50, M|\n|poke|p2|Arcanine-Hisui, L50, M|\n|poke|p2|Bellibolt, L50, F|\n|poke|p2|Sinistcha, L50|\n|teampreview|4\n|\n|t:|1776279863\n|teamsize|p1|4\n|teamsize|p2|4\n|start\n|switch|p1a: Gallade|Gallade, L50, M|100/100\n|switch|p1b: Milotic|Milotic, L50, M|100/100\n|switch|p2a: Gengar|Gengar, L50, M|100/100\n|switch|p2b: Sinistcha|Sinistcha, L50|100/100\n|turn|1\n|\n|t:|1776279879\n|detailschange|p2a: Gengar|Gengar-Mega, L50, M\n|-mega|p2a: Gengar|Gengar|Gengarite\n|move|p2b: Sinistcha|Rage Powder|p2b: Sinistcha\n|-singleturn|p2b: Sinistcha|move: Rage Powder\n|move|p2a: Gengar|Perish Song|p2a: Gengar\n|-start|p1a: Gallade|perish3|[silent]\n|-start|p1b: Milotic|perish3|[silent]\n|-start|p2a: Gengar|perish3|[silent]\n|-start|p2b: Sinistcha|perish3|[silent]\n|-fieldactivate|move: Perish Song\n|move|p1a: Gallade|Psycho Cut|p2b: Sinistcha\n|-crit|p2b: Sinistcha\n|-damage|p2b: Sinistcha|9/100\n|move|p1b: Milotic|Icy Wind|p2b: Sinistcha|[spread] p2a,p2b\n|-supereffective|p2b: Sinistcha|1\n|-damage|p2a: Gengar|90/100\n|-damage|p2b: Sinistcha|0 fnt\n|-unboost|p2a: Gengar|spe|1\n|faint|p2b: Sinistcha\n|\n|-start|p2a: Gengar|perish3\n|-start|p1a: Gallade|perish3\n|-start|p1b: Milotic|perish3\n|upkeep\n|\n|t:|1776279892\n|switch|p2b: Bellibolt|Bellibolt, L50, F|100/100\n|turn|2\n|\n|t:|1776279902\n|move|p2a: Gengar|Protect|p2a: Gengar\n|-singleturn|p2a: Gengar|Protect\n|move|p2b: Bellibolt|Protect|p2b: Bellibolt\n|-singleturn|p2b: Bellibolt|Protect\n|move|p1a: Gallade|Psycho Cut|p2a: Gengar\n|-activate|p2a: Gengar|move: Protect\n|move|p1b: Milotic|Icy Wind|p2a: Gengar|[spread] \n|-activate|p2a: Gengar|move: Protect\n|-activate|p2b: Bellibolt|move: Protect\n|\n|-start|p2a: Gengar|perish2\n|-start|p1a: Gallade|perish2\n|-start|p1b: Milotic|perish2\n|upkeep\n|turn|3\n|\n|t:|1776279919\n|switch|p2a: Arcanine|Arcanine-Hisui, L50, M|100/100\n|-ability|p2a: Arcanine|Intimidate|boost\n|-unboost|p1a: Gallade|atk|1\n|-unboost|p1b: Milotic|atk|1\n|-ability|p1b: Milotic|Competitive|boost\n|-boost|p1b: Milotic|spa|2\n|move|p1a: Gallade|Psycho Cut|p2a: Arcanine\n|-crit|p2a: Arcanine\n|-damage|p2a: Arcanine|0 fnt\n|faint|p2a: Arcanine\n|move|p1b: Milotic|Icy Wind|p2b: Bellibolt\n|-damage|p2b: Bellibolt|76/100\n|-unboost|p2b: Bellibolt|spe|1\n|-start|p2b: Bellibolt|Charge|Icy Wind|[from] ability: Electromorphosis\n|move|p2b: Bellibolt|Volt Switch|p1b: Milotic\n|-supereffective|p1b: Milotic|1\n|-damage|p1b: Milotic|29/100\n|-end|p2b: Bellibolt|Charge|[silent]\n|\n|t:|1776279936\n|switch|p2b: Gengar|Gengar-Mega, L50, M|90/100|[from] Volt Switch\n|\n|-heal|p1b: Milotic|35/100|[from] item: Leftovers\n|-start|p1a: Gallade|perish1\n|-start|p1b: Milotic|perish1\n|upkeep\n|\n|t:|1776279938\n|switch|p2a: Bellibolt|Bellibolt, L50, F|76/100\n|turn|4\n|\n|t:|1776279958\n|move|p2b: Gengar|Protect|p2b: Gengar\n|-singleturn|p2b: Gengar|Protect\n|move|p2a: Bellibolt|Protect|p2a: Bellibolt\n|-singleturn|p2a: Bellibolt|Protect\n|move|p1a: Gallade|Psycho Cut|p2b: Gengar\n|-activate|p2b: Gengar|move: Protect\n|move|p1b: Milotic|Icy Wind|p2a: Bellibolt|[spread] \n|-activate|p2a: Bellibolt|move: Protect\n|-activate|p2b: Gengar|move: Protect\n|\n|-heal|p1b: Milotic|41/100|[from] item: Leftovers\n|-heal|p2a: Bellibolt|82/100|[from] item: Leftovers\n|-start|p1a: Gallade|perish0\n|-start|p1b: Milotic|perish0\n|faint|p1a: Gallade\n|faint|p1b: Milotic\n|upkeep\n|\n|t:|1776279973\n|switch|p1a: Charizard|Charizard, L50, M|100/100\n|switch|p1b: Sinistcha|Sinistcha, L50|100/100\n|turn|5\n|\n|t:|1776279998\n|detailschange|p1a: Charizard|Charizard-Mega-Y, L50, M\n|-mega|p1a: Charizard|Charizard|Charizardite Y\n|-weather|SunnyDay|[from] ability: Drought|[of] p1a: Charizard\n|move|p1b: Sinistcha|Rage Powder|p1b: Sinistcha\n|-singleturn|p1b: Sinistcha|move: Rage Powder\n|move|p2b: Gengar|Shadow Ball|p1b: Sinistcha\n|-supereffective|p1b: Sinistcha|1\n|-damage|p1b: Sinistcha|0 fnt\n|faint|p1b: Sinistcha\n|move|p1a: Charizard|Scorching Sands|p2a: Bellibolt\n|-supereffective|p2a: Bellibolt|1\n|-damage|p2a: Bellibolt|28/100\n|-start|p2a: Bellibolt|Charge|Scorching Sands|[from] ability: Electromorphosis\n|move|p2a: Bellibolt|Parabolic Charge|p1a: Charizard|[spread] p2b,p1a\n|-supereffective|p1a: Charizard|1\n|-damage|p2b: Gengar|40/100\n|-heal|p2a: Bellibolt|47/100|[from] drain|[of] p2b: Gengar\n|-damage|p1a: Charizard|10/100\n|-heal|p2a: Bellibolt|80/100|[from] drain|[of] p1a: Charizard\n|-end|p2a: Bellibolt|Charge|[silent]\n|\n|-weather|SunnyDay|[upkeep]\n|-heal|p2a: Bellibolt|86/100|[from] item: Leftovers\n|upkeep\n|turn|6\n|\n|t:|1776280020\n|move|p2b: Gengar|Shadow Ball|p1a: Charizard\n|-damage|p1a: Charizard|0 fnt\n|faint|p1a: Charizard\n|\n|win|orionsayshi\n|raw|pinkylee's rating: 1123 &rarr; <strong>1093</strong><br />(-30 for losing)\n|raw|orionsayshi's rating: 1054 &rarr; <strong>1092</strong><br />(+38 for winning)\n|l|\u2606pinkylee\n|player|p1|\n",
  "uploadtime": 1776280029,
  "views": 30,
  "formatid": "gen9championsvgc2026regma",
  "rating": 1092,
  "private": 0,
  "password": null
}