{
  "id": "gen9championsvgc2026regma-2588751151",
  "format": "[Gen 9 Champions] VGC 2026 Reg M-A",
  "players": [
    "heejae0206",
    "jadee99"
  ],
  "log": "|j|\u203dheejae0206\n|j|\u2606jadee99\n|t:|1776665984\n|gametype|doubles\n|player|p1|heejae0206|170|1148\n|player|p2|jadee99|102|1191\n|gen|9\n|tier|[Gen 9 Champions] VGC 2026 Reg M-A\n|rated|\n|rule|Species Clause: Limit one of each Pok\u00e9mon\n|rule|Item Clause: Limit 1 of each item\n|clearpoke\n|poke|p1|Crabominable, L50, M|\n|poke|p1|Sinistcha, L50|\n|poke|p1|Incineroar, L50, F|\n|poke|p1|Charizard, L50, F|\n|poke|p1|Farigiraf, L50, F|\n|poke|p1|Garchomp, L50, M|\n|poke|p2|Aerodactyl, L50, M|\n|poke|p2|Incineroar, L50, M|\n|poke|p2|Floette-Eternal, L50, F|\n|poke|p2|Basculegion, L50, M|\n|poke|p2|Garchomp, L50, M|\n|poke|p2|Sneasler, L50, F|\n|teampreview|4\n|inactive|Battle timer is ON: inactive players will automatically lose when time's up. (requested by jadee99)\n|\n|t:|1776666040\n|teamsize|p1|4\n|teamsize|p2|4\n|start\n|switch|p1a: Farigiraf|Farigiraf, L50, F|100/100\n|switch|p1b: Crabominable|Crabominable, L50, M|100/100\n|switch|p2a: Basculegion|Basculegion, L50, M|100/100\n|switch|p2b: Floette|Floette-Eternal, L50, F|100/100\n|turn|1\n|\n|t:|1776666055\n|detailschange|p2b: Floette|Floette-Mega, L50, F\n|-mega|p2b: Floette|Floette|Floettite\n|-ability|p2b: Floette|Fairy Aura\n|move|p1b: Crabominable|Protect|p1b: Crabominable\n|-singleturn|p1b: Crabominable|Protect\n|move|p2a: Basculegion|Wave Crash|p1a: Farigiraf\n|-damage|p1a: Farigiraf|44/100\n|-damage|p2a: Basculegion|79/100|[from] Recoil\n|move|p2b: Floette|Dazzling Gleam|p1b: Crabominable|[spread] p1a\n|-activate|p1b: Crabominable|move: Protect\n|-damage|p1a: Farigiraf|0 fnt\n|faint|p1a: Farigiraf\n|\n|upkeep\n|\n|t:|1776666070\n|switch|p1a: Incineroar|Incineroar, L50, F|100/100\n|-ability|p1a: Incineroar|Intimidate|boost\n|-unboost|p2a: Basculegion|atk|1\n|-unboost|p2b: Floette|atk|1\n|turn|2\n|\n|t:|1776666080\n|switch|p2a: Garchomp|Garchomp, L50, M|100/100\n|detailschange|p1b: Crabominable|Crabominable-Mega, L50, M\n|-mega|p1b: Crabominable|Crabominable|Crabominite\n|move|p1a: Incineroar|Fake Out|p2b: Floette\n|-damage|p2b: Floette|87/100\n|cant|p2b: Floette|flinch\n|move|p1b: Crabominable|Ice Punch|p2b: Floette\n|-damage|p2b: Floette|3/100\n|\n|upkeep\n|turn|3\n|\n|t:|1776666100\n|move|p1b: Crabominable|Protect|p1b: Crabominable\n|-singleturn|p1b: Crabominable|Protect\n|move|p2a: Garchomp|Rock Slide|p1a: Incineroar|[spread] p1a\n|-activate|p1b: Crabominable|move: Protect\n|-supereffective|p1a: Incineroar|1\n|-damage|p1a: Incineroar|72/100\n|move|p2b: Floette|Dazzling Gleam|p1a: Incineroar|[spread] p1a\n|-activate|p1b: Crabominable|move: Protect\n|-damage|p1a: Incineroar|21/100\n|-enditem|p1a: Incineroar|Sitrus Berry|[eat]\n|-heal|p1a: Incineroar|46/100|[from] item: Sitrus Berry\n|move|p1a: Incineroar|Flare Blitz|p2b: Floette\n|-damage|p2b: Floette|0 fnt\n|faint|p2b: Floette\n|-damage|p1a: Incineroar|46/100|[from] Recoil\n|\n|upkeep\n|\n|t:|1776666111\n|switch|p2b: Basculegion|Basculegion, L50, M|79/100\n|turn|4\n|\n|t:|1776666131\n|move|p2b: Basculegion|Wave Crash|p1b: Crabominable\n|-damage|p1b: Crabominable|40/100\n|-damage|p2b: Basculegion|58/100|[from] Recoil\n|move|p2a: Garchomp|Rock Slide|p1a: Incineroar|[spread] p1a,p1b\n|-supereffective|p1a: Incineroar|1\n|-damage|p1a: Incineroar|21/100\n|-damage|p1b: Crabominable|26/100\n|move|p1a: Incineroar|Will-O-Wisp|p2b: Basculegion\n|-status|p2b: Basculegion|brn\n|cant|p1b: Crabominable|flinch\n|\n|-damage|p2b: Basculegion|52/100 brn|[from] brn\n|upkeep\n|turn|5\n|\n|t:|1776666148\n|switch|p1a: Sinistcha|Sinistcha, L50|100/100\n|-heal|p1b: Crabominable|51/100|[from] ability: Hospitality|[of] p1a: Sinistcha\n|move|p1b: Crabominable|Protect|p1b: Crabominable\n|-singleturn|p1b: Crabominable|Protect\n|move|p2b: Basculegion|Wave Crash|p1b: Crabominable\n|-activate|p1b: Crabominable|move: Protect\n|move|p2a: Garchomp|Rock Slide|p1a: Sinistcha|[spread] p1a\n|-activate|p1b: Crabominable|move: Protect\n|-damage|p1a: Sinistcha|85/100\n|\n|-damage|p2b: Basculegion|46/100 brn|[from] brn\n|upkeep\n|turn|6\n|\n|t:|1776666168\n|switch|p1b: Incineroar|Incineroar, L50, F|21/100\n|-ability|p1b: Incineroar|Intimidate|boost\n|-unboost|p2a: Garchomp|atk|1\n|-unboost|p2b: Basculegion|atk|1\n|move|p2b: Basculegion|Wave Crash|p1b: Incineroar\n|-supereffective|p1b: Incineroar|1\n|-damage|p1b: Incineroar|0 fnt\n|faint|p1b: Incineroar\n|-damage|p2b: Basculegion|38/100 brn|[from] Recoil\n|move|p2a: Garchomp|Rock Slide|p1a: Sinistcha\n|-damage|p1a: Sinistcha|72/100\n|cant|p1a: Sinistcha|flinch\n|\n|-damage|p2b: Basculegion|32/100 brn|[from] brn\n|upkeep\n|\n|t:|1776666183\n|switch|p1b: Crabominable|Crabominable-Mega, L50, M|51/100\n|turn|7\n|\n|t:|1776666194\n|move|p1b: Crabominable|Protect|p1b: Crabominable\n|-singleturn|p1b: Crabominable|Protect\n|move|p2b: Basculegion|Wave Crash|p1b: Crabominable\n|-activate|p1b: Crabominable|move: Protect\n|move|p2a: Garchomp|Rock Slide|p1a: Sinistcha|[spread] p1a\n|-activate|p1b: Crabominable|move: Protect\n|-damage|p1a: Sinistcha|62/100\n|cant|p1a: Sinistcha|flinch\n|\n|-damage|p2b: Basculegion|26/100 brn|[from] brn\n|upkeep\n|turn|8\n|\n|t:|1776666206\n|move|p1b: Crabominable|Protect|p1b: Crabominable\n|-singleturn|p1b: Crabominable|Protect\n|move|p2b: Basculegion|Wave Crash|p1b: Crabominable\n|-activate|p1b: Crabominable|move: Protect\n|move|p2a: Garchomp|Rock Slide|p1a: Sinistcha|[spread] p1a\n|-activate|p1b: Crabominable|move: Protect\n|-damage|p1a: Sinistcha|51/100\n|move|p1a: Sinistcha|Trick Room|p1a: Sinistcha\n|-fieldstart|move: Trick Room|[of] p1a: Sinistcha\n|\n|-damage|p2b: Basculegion|20/100 brn|[from] brn\n|upkeep\n|turn|9\n|\n|t:|1776666218\n|move|p2a: Garchomp|Protect|p2a: Garchomp\n|-singleturn|p2a: Garchomp|Protect\n|move|p1b: Crabominable|Ice Punch|p2a: Garchomp\n|-activate|p2a: Garchomp|move: Protect\n|move|p1a: Sinistcha|Matcha Gotcha|p2a: Garchomp|[spread] p2b\n|-activate|p2a: Garchomp|move: Protect\n|-supereffective|p2b: Basculegion|1\n|-damage|p2b: Basculegion|0 fnt\n|-heal|p1a: Sinistcha|62/100|[from] drain|[of] p2b: Basculegion\n|faint|p2b: Basculegion\n|\n|upkeep\n|\n|t:|1776666226\n|switch|p2b: Aerodactyl|Aerodactyl, L50, M|100/100\n|-ability|p2b: Aerodactyl|Unnerve\n|turn|10\n|\n|t:|1776666233\n|move|p2b: Aerodactyl|Protect|p2b: Aerodactyl\n|-singleturn|p2b: Aerodactyl|Protect\n|move|p1b: Crabominable|Ice Punch|p2a: Garchomp\n|-supereffective|p2a: Garchomp|2\n|-damage|p2a: Garchomp|0 fnt\n|-damage|p1b: Crabominable|39/100|[from] ability: Rough Skin|[of] p2a: Garchomp\n|faint|p2a: Garchomp\n|move|p1a: Sinistcha|Matcha Gotcha|p2b: Aerodactyl\n|-activate|p2b: Aerodactyl|move: Protect\n|\n|upkeep\n|turn|11\n|\n|t:|1776666238\n|move|p1b: Crabominable|Crabhammer|p2b: Aerodactyl\n|-supereffective|p2b: Aerodactyl|1\n|-enditem|p2b: Aerodactyl|Focus Sash\n|-damage|p2b: Aerodactyl|1/100\n|move|p1a: Sinistcha|Matcha Gotcha|p2b: Aerodactyl\n|-damage|p2b: Aerodactyl|0 fnt\n|-heal|p1a: Sinistcha|62/100|[from] drain|[of] p2b: Aerodactyl\n|faint|p2b: Aerodactyl\n|\n|win|heejae0206\n|raw|heejae0206's rating: 1148 &rarr; <strong>1176</strong><br />(+28 for winning)\n|raw|jadee99's rating: 1191 &rarr; <strong>1163</strong><br />(-28 for losing)\n",
  "uploadtime": 1776666244,
  "views": 14,
  "formatid": "gen9championsvgc2026regma",
  "rating": 1163,
  "private": 0,
  "password": null
}