{
  "id": "gen9championsvgc2026regma-2581398765",
  "format": "[Gen 9 Champions] VGC 2026 Reg M-A",
  "players": [
    "hideyopig9",
    "JustReilly"
  ],
  "log": "|j|\u2606hideyopig9\n|j|\u2606JustReilly\n|t:|1775996271\n|gametype|doubles\n|player|p1|hideyopig9|lyra-masters|1190\n|player|p2|JustReilly|2|1099\n|gen|9\n|tier|[Gen 9 Champions] VGC 2026 Reg M-A\n|rated|\n|rule|Species Clause: Limit one of each Pok\u00e9mon\n|rule|Item Clause: Limit 1 of each item\n|clearpoke\n|poke|p1|Oranguru, L50, M|\n|poke|p1|Torkoal, L50, F|\n|poke|p1|Camerupt, L50, F|\n|poke|p1|Farigiraf, L50, F|\n|poke|p1|Kingambit, L50, M|\n|poke|p1|Sinistcha, L50|\n|poke|p2|Sableye, L50, F|\n|poke|p2|Gengar, L50, M|\n|poke|p2|Incineroar, L50, M|\n|poke|p2|Kingambit, L50, M|\n|poke|p2|Rotom-Wash, L50|\n|poke|p2|Weavile, L50, F|\n|teampreview|4\n|inactive|Battle timer is ON: inactive players will automatically lose when time's up. (requested by hideyopig9)\n|inactive|hideyopig9 has 60 seconds left.\n|inactive|JustReilly has 60 seconds left.\n|inactive|JustReilly has 30 seconds left.\n|\n|t:|1775996333\n|teamsize|p1|4\n|teamsize|p2|4\n|start\n|switch|p1a: Oranguru|Oranguru, L50, M, shiny|100/100\n|switch|p1b: Torkoal|Torkoal, L50, F|100/100\n|switch|p2a: Weavile|Weavile, L50, F, shiny|100/100\n|switch|p2b: Rotom|Rotom-Wash, L50, shiny|100/100\n|-ability|p2a: Weavile|Pressure\n|-weather|SunnyDay|[from] ability: Drought|[of] p1b: Torkoal\n|turn|1\n|inactive|JustReilly has 30 seconds left.\n|\n|t:|1775996361\n|move|p1b: Torkoal|Protect|p1b: Torkoal\n|-singleturn|p1b: Torkoal|Protect\n|move|p2a: Weavile|Fake Out|p1a: Oranguru\n|-damage|p1a: Oranguru|85/100\n|move|p2b: Rotom|Hydro Pump|p1b: Torkoal\n|-activate|p1b: Torkoal|move: Protect\n|move|p1a: Oranguru|Trick Room|p1a: Oranguru\n|-fieldstart|move: Trick Room|[of] p1a: Oranguru\n|\n|-weather|SunnyDay|[upkeep]\n|upkeep\n|turn|2\n|inactive|JustReilly has 30 seconds left.\n|inactive|JustReilly has 20 seconds left.\n|inactive|JustReilly has 15 seconds left.\n|\n|t:|1775996404\n|move|p1b: Torkoal|Eruption|p2a: Weavile|[spread] p2a,p2b\n|-supereffective|p2a: Weavile|1\n|-resisted|p2b: Rotom|1\n|-enditem|p2a: Weavile|Focus Sash\n|-damage|p2a: Weavile|1/100\n|-damage|p2b: Rotom|57/100\n|move|p1a: Oranguru|Instruct|p1b: Torkoal\n|-singleturn|p1b: Torkoal|move: Instruct|[of] p1a: Oranguru\n|move|p1b: Torkoal|Eruption|p2b: Rotom|[spread] p2a,p2b\n|-supereffective|p2a: Weavile|1\n|-resisted|p2b: Rotom|1\n|-damage|p2a: Weavile|0 fnt\n|-damage|p2b: Rotom|13/100\n|faint|p2a: Weavile\n|move|p2b: Rotom|Hydro Pump|p1b: Torkoal\n|-supereffective|p1b: Torkoal|1\n|-damage|p1b: Torkoal|49/100\n|\n|-weather|SunnyDay|[upkeep]\n|upkeep\n|\n|t:|1775996416\n|switch|p2a: Incineroar|Incineroar, L50, M, shiny|100/100\n|-ability|p2a: Incineroar|Intimidate|boost\n|-fail|p1a: Oranguru|unboost|Attack|[from] ability: Inner Focus|[of] p1a: Oranguru\n|-unboost|p1b: Torkoal|atk|1\n|turn|3\n|\n|t:|1775996437\n|move|p2a: Incineroar|Fake Out|p1b: Torkoal\n|-damage|p1b: Torkoal|40/100\n|cant|p1b: Torkoal|flinch\n|move|p1a: Oranguru|Instruct|p1b: Torkoal\n|-singleturn|p1b: Torkoal|move: Instruct|[of] p1a: Oranguru\n|cant|p1b: Torkoal|flinch\n|move|p2b: Rotom|Hydro Pump|p1b: Torkoal\n|-supereffective|p1b: Torkoal|1\n|-damage|p1b: Torkoal|0 fnt\n|faint|p1b: Torkoal\n|\n|-weather|SunnyDay|[upkeep]\n|upkeep\n|\n|t:|1775996439\n|switch|p1b: Camerupt|Camerupt, L50, F|100/100\n|turn|4\n|\n|t:|1775996460\n|detailschange|p1b: Camerupt|Camerupt-Mega, L50, F\n|-mega|p1b: Camerupt|Camerupt|Cameruptite\n|move|p1b: Camerupt|Protect|p1b: Camerupt\n|-singleturn|p1b: Camerupt|Protect\n|move|p2a: Incineroar|Protect|p2a: Incineroar\n|-singleturn|p2a: Incineroar|Protect\n|move|p1a: Oranguru|Taunt|p2a: Incineroar\n|-activate|p2a: Incineroar|move: Protect\n|move|p2b: Rotom|Hydro Pump|p1b: Camerupt\n|-activate|p1b: Camerupt|move: Protect\n|\n|-weather|SunnyDay|[upkeep]\n|upkeep\n|turn|5\n|\n|t:|1775996475\n|move|p1b: Camerupt|Eruption|p2b: Rotom|[spread] p2a,p2b\n|-resisted|p2a: Incineroar|1\n|-resisted|p2b: Rotom|1\n|-damage|p2a: Incineroar|61/100\n|-damage|p2b: Rotom|0 fnt\n|faint|p2b: Rotom\n|move|p1a: Oranguru|Instruct|p1b: Camerupt\n|-singleturn|p1b: Camerupt|move: Instruct|[of] p1a: Oranguru\n|move|p1b: Camerupt|Eruption|p2a: Incineroar\n|-resisted|p2a: Incineroar|1\n|-damage|p2a: Incineroar|1/100\n|move|p2a: Incineroar|Parting Shot|p1b: Camerupt\n|-unboost|p1b: Camerupt|atk|1\n|-unboost|p1b: Camerupt|spa|1\n|\n|t:|1775996478\n|switch|p2a: Gengar|Gengar, L50, M, shiny|100/100|[from] Parting Shot\n|\n|-weather|none\n|-fieldend|move: Trick Room\n|upkeep\n|\n|t:|1775996480\n|switch|p2b: Incineroar|Incineroar, L50, M, shiny|1/100\n|-ability|p2b: Incineroar|Intimidate|boost\n|-fail|p1a: Oranguru|unboost|Attack|[from] ability: Inner Focus|[of] p1a: Oranguru\n|-unboost|p1b: Camerupt|atk|1\n|turn|6\n|\n|t:|1775996494\n|detailschange|p2a: Gengar|Gengar-Mega, L50, M, shiny\n|-mega|p2a: Gengar|Gengar|Gengarite\n|move|p1b: Camerupt|Protect|p1b: Camerupt\n|-singleturn|p1b: Camerupt|Protect\n|move|p2b: Incineroar|Fake Out|p1b: Camerupt\n|-activate|p1b: Camerupt|move: Protect\n|move|p2a: Gengar|Shadow Ball|p1b: Camerupt\n|-activate|p1b: Camerupt|move: Protect\n|move|p1a: Oranguru|Trick Room|p1a: Oranguru\n|-fieldstart|move: Trick Room|[of] p1a: Oranguru\n|\n|upkeep\n|turn|7\n|-message|JustReilly forfeited.\n|\n|win|hideyopig9\n|raw|hideyopig9's rating: 1190 &rarr; <strong>1209</strong><br />(+19 for winning)\n|raw|JustReilly's rating: 1099 &rarr; <strong>1081</strong><br />(-18 for losing)\n|l|\u2606JustReilly\n|player|p2|\n",
  "uploadtime": 1775996609,
  "views": 16,
  "formatid": "gen9championsvgc2026regma",
  "rating": 1081,
  "private": 0,
  "password": null
}