{
  "id": "gen9championsvgc2026regma-2588593312",
  "format": "[Gen 9 Champions] VGC 2026 Reg M-A",
  "players": [
    "Hydreigon Indulger",
    "regidragon12138"
  ],
  "log": "|j|\u2606Hydreigon Indulger\n|j|\u2606regidragon12138\n|t:|1776648248\n|gametype|doubles\n|player|p1|Hydreigon Indulger|n|1433\n|player|p2|regidragon12138|cynthia-gen4|1485\n|gen|9\n|tier|[Gen 9 Champions] VGC 2026 Reg M-A\n|rated|\n|rule|Species Clause: Limit one of each Pok\u00e9mon\n|rule|Item Clause: Limit 1 of each item\n|clearpoke\n|poke|p1|Delphox, L50, F|\n|poke|p1|Sneasler, L50, F|\n|poke|p1|Kingambit, L50, M|\n|poke|p1|Basculegion, L50, M|\n|poke|p1|Garchomp, L50, M|\n|poke|p1|Whimsicott, L50, M|\n|poke|p2|Kangaskhan, L50, F|\n|poke|p2|Floette-Eternal, L50, F|\n|poke|p2|Garchomp, L50, M|\n|poke|p2|Talonflame, L50, M|\n|poke|p2|Kingambit, L50, M|\n|poke|p2|Sinistcha-Masterpiece, L50|\n|teampreview|4\n|inactive|Battle timer is ON: inactive players will automatically lose when time's up. (requested by regidragon12138)\n|inactive|Hydreigon Indulger has 60 seconds left.\n|\n|t:|1776648288\n|teamsize|p1|4\n|teamsize|p2|4\n|start\n|switch|p1a: Garchomp|Garchomp, L50, M|100/100\n|switch|p1b: Basculegion|Basculegion, L50, M|100/100\n|switch|p2a: Talonflame|Talonflame, L50, M|100/100\n|switch|p2b: Garchomp|Garchomp, L50, M|100/100\n|turn|1\n|\n|t:|1776648311\n|move|p2a: Talonflame|Protect|p2a: Talonflame\n|-singleturn|p2a: Talonflame|Protect\n|move|p2b: Garchomp|Protect|p2b: Garchomp\n|-singleturn|p2b: Garchomp|Protect\n|move|p1b: Basculegion|Wave Crash|p2b: Garchomp\n|-activate|p2b: Garchomp|move: Protect\n|move|p1a: Garchomp|Rock Slide|p2a: Talonflame|[spread] \n|-activate|p2a: Talonflame|move: Protect\n|-activate|p2b: Garchomp|move: Protect\n|\n|upkeep\n|turn|2\n|\n|t:|1776648328\n|move|p2a: Talonflame|Tailwind|p2a: Talonflame\n|-sidestart|p2: regidragon12138|move: Tailwind\n|move|p2b: Garchomp|Earthquake|p1b: Basculegion|[spread] p1a,p1b\n|-immune|p2a: Talonflame\n|-damage|p1a: Garchomp|63/100\n|-damage|p1b: Basculegion|47/100\n|move|p1b: Basculegion|Wave Crash|p2a: Talonflame\n|-supereffective|p2a: Talonflame|1\n|-damage|p2a: Talonflame|0 fnt\n|faint|p2a: Talonflame\n|-damage|p1b: Basculegion|22/100|[from] Recoil\n|move|p1a: Garchomp|Dragon Claw|p2b: Garchomp\n|-supereffective|p2b: Garchomp|1\n|-damage|p2b: Garchomp|9/100\n|-damage|p1a: Garchomp|51/100|[from] ability: Rough Skin|[of] p2b: Garchomp\n|\n|upkeep\n|\n|t:|1776648349\n|switch|p2a: Kangaskhan|Kangaskhan, L50, F|100/100\n|turn|3\n|\n|t:|1776648373\n|detailschange|p2a: Kangaskhan|Kangaskhan-Mega, L50, F\n|-mega|p2a: Kangaskhan|Kangaskhan|Kangaskhanite\n|move|p1a: Garchomp|Protect|p1a: Garchomp\n|-singleturn|p1a: Garchomp|Protect\n|move|p2b: Garchomp|Dragon Claw|p1b: Basculegion\n|-damage|p1b: Basculegion|0 fnt\n|faint|p1b: Basculegion\n|move|p2a: Kangaskhan|Double-Edge|p1a: Garchomp\n|-activate|p1a: Garchomp|move: Protect\n|\n|upkeep\n|\n|t:|1776648383\n|switch|p1b: Sneasler|Sneasler, L50, F|100/100\n|turn|4\n|\n|t:|1776648395\n|move|p1b: Sneasler|Fake Out|p2a: Kangaskhan\n|-damage|p2a: Kangaskhan|88/100\n|move|p2b: Garchomp|Stomping Tantrum|p1b: Sneasler\n|-supereffective|p1b: Sneasler|1\n|-damage|p1b: Sneasler|0 fnt\n|faint|p1b: Sneasler\n|cant|p2a: Kangaskhan|flinch\n|move|p1a: Garchomp|Rock Slide|p2a: Kangaskhan|[spread] p2a,p2b\n|-resisted|p2b: Garchomp|1\n|-damage|p2a: Kangaskhan|72/100\n|-damage|p2b: Garchomp|0 fnt\n|faint|p2b: Garchomp\n|\n|upkeep\n|inactive|Hydreigon Indulger has 30 seconds left.\n|\n|t:|1776648426\n|switch|p1b: Delphox|Delphox, L50, F|100/100\n|switch|p2b: Kingambit|Kingambit, L50, M|100/100\n|turn|5\n|inactive|regidragon12138 has 30 seconds left.\n|inactive|regidragon12138 has 20 seconds left.\n|\n|t:|1776648462\n|detailschange|p1b: Delphox|Delphox-Mega, L50, F\n|-mega|p1b: Delphox|Delphox|Delphoxite\n|move|p1b: Delphox|Protect|p1b: Delphox\n|-singleturn|p1b: Delphox|Protect\n|move|p1a: Garchomp|Protect|p1a: Garchomp\n|-singleturn|p1a: Garchomp|Protect\n|move|p2a: Kangaskhan|Double-Edge|p1b: Delphox\n|-activate|p1b: Delphox|move: Protect\n|move|p2b: Kingambit|Kowtow Cleave|p1a: Garchomp\n|-activate|p1a: Garchomp|move: Protect\n|\n|-sideend|p2: regidragon12138|move: Tailwind\n|upkeep\n|turn|6\n|inactive|Hydreigon Indulger has 30 seconds left.\n|inactive|Hydreigon Indulger has 20 seconds left.\n|\n|t:|1776648497\n|move|p2a: Kangaskhan|Sucker Punch|p1a: Garchomp\n|-damage|p1a: Garchomp|25/100\n|-damage|p2a: Kangaskhan|59/100|[from] ability: Rough Skin|[of] p1a: Garchomp\n|-damage|p1a: Garchomp|19/100\n|-damage|p2a: Kangaskhan|47/100|[from] ability: Rough Skin|[of] p1a: Garchomp\n|-hitcount|p1a: Garchomp|2\n|move|p2b: Kingambit|Sucker Punch|p1a: Garchomp\n|-damage|p1a: Garchomp|0 fnt\n|-damage|p2b: Kingambit|88/100|[from] ability: Rough Skin|[of] p1a: Garchomp\n|faint|p1a: Garchomp\n|move|p1b: Delphox|Encore|p2b: Kingambit\n|-start|p2b: Kingambit|Encore\n|\n|upkeep\n|turn|7\n|\n|t:|1776648514\n|move|p2b: Kingambit|Sucker Punch||[still]\n|-fail|p2b: Kingambit\n|move|p1b: Delphox|Encore|p2a: Kangaskhan\n|-start|p2a: Kangaskhan|Encore\n|move|p2a: Kangaskhan|Sucker Punch||[still]\n|-fail|p2a: Kangaskhan\n|\n|upkeep\n|turn|8\n|\n|t:|1776648524\n|move|p1b: Delphox|Protect|p1b: Delphox\n|-singleturn|p1b: Delphox|Protect\n|move|p2a: Kangaskhan|Sucker Punch||[still]\n|-fail|p2a: Kangaskhan\n|move|p2b: Kingambit|Sucker Punch||[still]\n|-fail|p2b: Kingambit\n|\n|upkeep\n|turn|9\n|\n|t:|1776648536\n|move|p1b: Delphox|Protect|p1b: Delphox\n|-singleturn|p1b: Delphox|Protect\n|move|p2a: Kangaskhan|Sucker Punch||[still]\n|-fail|p2a: Kangaskhan\n|move|p2b: Kingambit|Sucker Punch||[still]\n|-fail|p2b: Kingambit\n|\n|-end|p2a: Kangaskhan|Encore\n|-end|p2b: Kingambit|Encore\n|upkeep\n|turn|10\n|inactive|Hydreigon Indulger has 30 seconds left.\n|inactive|Hydreigon Indulger has 20 seconds left.\n|c|\u2606Hydreigon Indulger|am i stupid or something\n|inactive|Hydreigon Indulger has 15 seconds left.\n|c|\u2606Hydreigon Indulger|why did they end at the same time?\n|\n|t:|1776648580\n|move|p2b: Kingambit|Sucker Punch|p1b: Delphox\n|-supereffective|p1b: Delphox|1\n|-damage|p1b: Delphox|0 fnt\n|faint|p1b: Delphox\n|\n|win|regidragon12138\n|raw|Hydreigon Indulger's rating: 1433 &rarr; <strong>1416</strong><br />(-17 for losing)\n|raw|regidragon12138's rating: 1485 &rarr; <strong>1502</strong><br />(+17 for winning)\n",
  "uploadtime": 1776648584,
  "views": 8,
  "formatid": "gen9championsvgc2026regma",
  "rating": 1416,
  "private": 0,
  "password": null
}