{
  "id": "gen9championsvgc2026regma-2580817494",
  "format": "[Gen 9 Champions] VGC 2026 Reg M-A",
  "players": [
    "Rand0mn4me",
    "Nomad3929"
  ],
  "log": "|j|\u2606Rand0mn4me\n|j|\u2606Nomad3929\n|t:|1775934905\n|gametype|doubles\n|player|p1|Rand0mn4me|265|1123\n|player|p2|Nomad3929|1|1195\n|gen|9\n|tier|[Gen 9 Champions] VGC 2026 Reg M-A\n|rated|\n|rule|Species Clause: Limit one of each Pok\u00e9mon\n|rule|Item Clause: Limit 1 of each item\n|clearpoke\n|poke|p1|Meganium, L50, M|\n|poke|p1|Archaludon, L50, M|\n|poke|p1|Pelipper, L50, F|\n|poke|p1|Incineroar, L50, M|\n|poke|p1|Golurk, L50|\n|poke|p1|Basculegion, L50, M|\n|poke|p2|Charizard, L50, M|\n|poke|p2|Venusaur, L50, F|\n|poke|p2|Garchomp, L50, M|\n|poke|p2|Rotom-Wash, L50|\n|poke|p2|Sneasler, L50, F|\n|poke|p2|Incineroar, L50, F|\n|teampreview|4\n|inactive|Battle timer is ON: inactive players will automatically lose when time's up. (requested by Rand0mn4me)\n|inactive|Nomad3929 also wants the timer to be on.\n|inactive|Rand0mn4me has 60 seconds left.\n|\n|t:|1775934941\n|teamsize|p1|4\n|teamsize|p2|4\n|start\n|switch|p1a: Pelipper|Pelipper, L50, F|100/100\n|switch|p1b: Archaludon|Archaludon, L50, M|100/100\n|switch|p2a: Rotom|Rotom-Wash, L50|100/100\n|switch|p2b: Sneasler|Sneasler, L50, F|100/100\n|-weather|RainDance|[from] ability: Drizzle|[of] p1a: Pelipper\n|turn|1\n|\n|t:|1775934961\n|move|p2b: Sneasler|Fake Out|p1b: Archaludon\n|-resisted|p1b: Archaludon|1\n|-damage|p1b: Archaludon|96/100\n|-ability|p1b: Archaludon|Stamina|boost\n|-boost|p1b: Archaludon|def|1\n|move|p1a: Pelipper|Tailwind|p1a: Pelipper\n|-sidestart|p1: Rand0mn4me|move: Tailwind\n|cant|p1b: Archaludon|flinch\n|move|p2a: Rotom|Hydro Pump|p1a: Pelipper\n|-resisted|p1a: Pelipper|1\n|-damage|p1a: Pelipper|44/100\n|\n|-weather|RainDance|[upkeep]\n|-heal|p1b: Archaludon|100/100|[from] item: Leftovers\n|upkeep\n|turn|2\n|inactive|Nomad3929 has 30 seconds left.\n|\n|t:|1775934988\n|move|p1a: Pelipper|Hurricane|p2b: Sneasler\n|-supereffective|p2b: Sneasler|1\n|-damage|p2b: Sneasler|0 fnt\n|faint|p2b: Sneasler\n|move|p1b: Archaludon|Electro Shot||[still]\n|-prepare|p1b: Archaludon|Electro Shot\n|-boost|p1b: Archaludon|spa|1\n|-anim|p1b: Archaludon|Electro Shot|p2a: Rotom\n|-damage|p2a: Rotom|27/100\n|move|p2a: Rotom|Thunderbolt|p1a: Pelipper\n|-supereffective|p1a: Pelipper|2\n|-damage|p1a: Pelipper|0 fnt\n|faint|p1a: Pelipper\n|\n|-weather|RainDance|[upkeep]\n|-heal|p2a: Rotom|32/100|[from] item: Leftovers\n|upkeep\n|\n|t:|1775935000\n|switch|p2b: Charizard|Charizard, L50, M|100/100\n|switch|p1a: Incineroar|Incineroar, L50, M|100/100\n|-ability|p1a: Incineroar|Intimidate|boost\n|-unboost|p2a: Rotom|atk|1\n|-unboost|p2b: Charizard|atk|1\n|turn|3\n|\n|t:|1775935021\n|detailschange|p2b: Charizard|Charizard-Mega-Y, L50, M\n|-mega|p2b: Charizard|Charizard|Charizardite Y\n|-weather|SunnyDay|[from] ability: Drought|[of] p2b: Charizard\n|move|p2b: Charizard|Protect|p2b: Charizard\n|-singleturn|p2b: Charizard|Protect\n|move|p2a: Rotom|Protect|p2a: Rotom\n|-singleturn|p2a: Rotom|Protect\n|move|p1a: Incineroar|Fake Out|p2a: Rotom\n|-activate|p2a: Rotom|move: Protect\n|move|p1b: Archaludon|Dragon Pulse|p2a: Rotom\n|-activate|p2a: Rotom|move: Protect\n|\n|-weather|SunnyDay|[upkeep]\n|-heal|p2a: Rotom|38/100|[from] item: Leftovers\n|upkeep\n|turn|4\n|inactive|Nomad3929 has 30 seconds left.\n|\n|t:|1775935048\n|switch|p2a: Garchomp|Garchomp, L50, M|100/100\n|move|p1b: Archaludon|Dragon Pulse|p2b: Charizard\n|-damage|p2b: Charizard|28/100\n|move|p2b: Charizard|Heat Wave|p1b: Archaludon|[spread] p1a,p1b\n|-resisted|p1a: Incineroar|1\n|-damage|p1a: Incineroar|77/100\n|-damage|p1b: Archaludon|26/100\n|-ability|p1b: Archaludon|Stamina|boost\n|-boost|p1b: Archaludon|def|1\n|move|p1a: Incineroar|Parting Shot|p2b: Charizard\n|-unboost|p2b: Charizard|atk|1\n|-unboost|p2b: Charizard|spa|1\n|\n|t:|1775935054\n|switch|p1a: Golurk|Golurk, L50|100/100|[from] Parting Shot\n|\n|-weather|SunnyDay|[upkeep]\n|-heal|p1b: Archaludon|32/100|[from] item: Leftovers\n|-sideend|p1: Rand0mn4me|move: Tailwind\n|upkeep\n|turn|5\n|\n|t:|1775935066\n|detailschange|p1a: Golurk|Golurk-Mega, L50\n|-mega|p1a: Golurk|Golurk|Golurkite\n|move|p2a: Garchomp|Earthquake|p1b: Archaludon|[spread] p1a,p1b\n|-immune|p2b: Charizard\n|-supereffective|p1b: Archaludon|1\n|-damage|p1a: Golurk|65/100\n|-damage|p1b: Archaludon|0 fnt\n|faint|p1b: Archaludon\n|move|p2b: Charizard|Heat Wave|p1a: Golurk\n|-damage|p1a: Golurk|17/100\n|-status|p1a: Golurk|brn\n|move|p1a: Golurk|Rock Slide|p2b: Charizard|[spread] p2a\n|-miss|p1a: Golurk|p2b: Charizard\n|-resisted|p2a: Garchomp|1\n|-damage|p2a: Garchomp|94/100\n|\n|-weather|SunnyDay|[upkeep]\n|-damage|p1a: Golurk|11/100 brn|[from] brn\n|upkeep\n|\n|t:|1775935075\n|switch|p1b: Incineroar|Incineroar, L50, M|77/100\n|-ability|p1b: Incineroar|Intimidate|boost\n|-unboost|p2a: Garchomp|atk|1\n|-unboost|p2b: Charizard|atk|1\n|turn|6\n|\n|t:|1775935089\n|switch|p2a: Rotom|Rotom-Wash, L50|38/100\n|move|p1b: Incineroar|Fake Out|p2a: Rotom\n|-damage|p2a: Rotom|27/100\n|move|p2b: Charizard|Heat Wave|p1a: Golurk|[spread] p1a,p1b\n|-resisted|p1b: Incineroar|1\n|-damage|p1a: Golurk|0 fnt\n|-damage|p1b: Incineroar|62/100\n|faint|p1a: Golurk\n|\n|-weather|SunnyDay|[upkeep]\n|-heal|p2a: Rotom|33/100|[from] item: Leftovers\n|upkeep\n|turn|7\n|-message|Rand0mn4me forfeited.\n|\n|win|Nomad3929\n|raw|Rand0mn4me's rating: 1123 &rarr; <strong>1103</strong><br />(-20 for losing)\n|raw|Nomad3929's rating: 1195 &rarr; <strong>1215</strong><br />(+20 for winning)\n|l|\u2606Rand0mn4me\n|player|p1|\n",
  "uploadtime": 1775935111,
  "views": 18,
  "formatid": "gen9championsvgc2026regma",
  "rating": 1103,
  "private": 0,
  "password": null
}