{
  "id": "gen9championsvgc2026regma-2584324186",
  "format": "[Gen 9 Champions] VGC 2026 Reg M-A",
  "players": [
    "Primal Masquerain",
    "ProfessorBomb"
  ],
  "log": "|j|\u2606Primal Masquerain\n|j|\u2606ProfessorBomb\n|t:|1776251305\n|gametype|doubles\n|player|p1|Primal Masquerain|bianca|1108\n|player|p2|ProfessorBomb|scientist-gen4|1134\n|gen|9\n|tier|[Gen 9 Champions] VGC 2026 Reg M-A\n|rated|\n|rule|Species Clause: Limit one of each Pok\u00e9mon\n|rule|Item Clause: Limit 1 of each item\n|clearpoke\n|poke|p1|Delphox, L50, F|\n|poke|p1|Rotom-Wash, L50|\n|poke|p1|Garchomp, L50, F|\n|poke|p1|Kingambit, L50, F|\n|poke|p1|Klefki, L50, F|\n|poke|p1|Kommo-o, L50, M|\n|poke|p2|Blastoise, L50, F|\n|poke|p2|Pelipper, L50, F|\n|poke|p2|Meowstic, L50, M|\n|poke|p2|Alakazam, L50, F|\n|poke|p2|Maushold-Four, L50|\n|poke|p2|Mudsdale, L50, M|\n|teampreview|4\n|inactive|Battle timer is ON: inactive players will automatically lose when time's up. (requested by ProfessorBomb)\nPrimal Masquerain has agreed to open team sheets.\n|inactive|Primal Masquerain has 60 seconds left.\n|\n|t:|1776251342\n|teamsize|p1|4\n|teamsize|p2|4\n|start\n|switch|p1a: Rotom|Rotom-Wash, L50|100/100\n|switch|p1b: Kingambit|Kingambit, L50, F|100/100\n|switch|p2a: Meowstic|Meowstic, L50, M|100/100\n|switch|p2b: Alakazam|Alakazam, L50, F|100/100\n|turn|1\n|inactive|ProfessorBomb has 30 seconds left.\n|\n|t:|1776251373\n|detailschange|p2b: Alakazam|Alakazam-Mega, L50, F\n|-mega|p2b: Alakazam|Alakazam|Alakazite\n|-ability|p2b: Alakazam|Levitate|Trace|[from] ability: Trace|[of] p1a: Rotom\n|move|p1b: Kingambit|Protect|p1b: Kingambit\n|-singleturn|p1b: Kingambit|Protect\n|move|p2a: Meowstic|Psychic Terrain|p2a: Meowstic\n|-fieldstart|move: Psychic Terrain\n|move|p2b: Alakazam|Focus Blast|p1b: Kingambit\n|-activate|p1b: Kingambit|move: Protect\n|move|p1a: Rotom|Volt Switch|p2b: Alakazam\n|-damage|p2b: Alakazam|67/100\n|\n|t:|1776251386\n|switch|p1a: Delphox|Delphox, L50, F|100/100|[from] Volt Switch\n|\n|upkeep\n|turn|2\n|c|\u2606ProfessorBomb|thats js amazing\n|c|\u2606ProfessorBomb|now im js a delphox without the fire type\n|\n|t:|1776251407\n|switch|p1b: Rotom|Rotom-Wash, L50|100/100\n|detailschange|p1a: Delphox|Delphox-Mega, L50, F\n|-mega|p1a: Delphox|Delphox|Delphoxite\n|move|p2a: Meowstic|Reflect|p2a: Meowstic\n|-sidestart|p2: ProfessorBomb|Reflect\n|move|p2b: Alakazam|Focus Blast|p1b: Rotom\n|-crit|p1b: Rotom\n|-damage|p1b: Rotom|43/100\n|-enditem|p1b: Rotom|Sitrus Berry|[eat]\n|-heal|p1b: Rotom|67/100|[from] item: Sitrus Berry\n|move|p1a: Delphox|Heat Wave|p2b: Alakazam|[spread] p2a\n|-miss|p1a: Delphox|p2b: Alakazam\n|-damage|p2a: Meowstic|59/100\n|\n|upkeep\n|turn|3\n|inactive|Primal Masquerain has 30 seconds left.\n|inactive|Primal Masquerain has 20 seconds left.\n|\n|t:|1776251445\n|switch|p2b: Mudsdale|Mudsdale, L50, M|100/100\n|move|p1a: Delphox|Protect|p1a: Delphox\n|-singleturn|p1a: Delphox|Protect\n|move|p2a: Meowstic|Light Screen|p2a: Meowstic\n|-sidestart|p2: ProfessorBomb|move: Light Screen\n|move|p1b: Rotom|Hydro Pump|p2b: Mudsdale\n|-supereffective|p2b: Mudsdale|1\n|-damage|p2b: Mudsdale|52/100\n|-ability|p2b: Mudsdale|Stamina|boost\n|-boost|p2b: Mudsdale|def|1\n|\n|-heal|p2b: Mudsdale|58/100|[from] item: Leftovers\n|upkeep\n|turn|4\n|\n|t:|1776251468\n|move|p1a: Delphox|Heat Wave|p2a: Meowstic|[spread] p2a,p2b\n|-damage|p2a: Meowstic|31/100\n|-damage|p2b: Mudsdale|31/100\n|-ability|p2b: Mudsdale|Stamina|boost\n|-boost|p2b: Mudsdale|def|1\n|-enditem|p2a: Meowstic|Sitrus Berry|[eat]\n|-heal|p2a: Meowstic|55/100|[from] item: Sitrus Berry\n|move|p2a: Meowstic|Expanding Force|p1b: Rotom|[spread] p1a,p1b\n|-resisted|p1a: Delphox|1\n|-damage|p1a: Delphox|83/100\n|-damage|p1b: Rotom|41/100\n|move|p1b: Rotom|Hydro Pump|p2b: Mudsdale|[miss]\n|-miss|p1b: Rotom|p2b: Mudsdale\n|move|p2b: Mudsdale|Smack Down|p1a: Delphox\n|-supereffective|p1a: Delphox|1\n|-damage|p1a: Delphox|21/100\n|-start|p1a: Delphox|Smack Down\n|\n|-heal|p2b: Mudsdale|36/100|[from] item: Leftovers\n|upkeep\n|turn|5\n|inactive|ProfessorBomb has 30 seconds left.\n|\n|t:|1776251501\n|switch|p2a: Maushold|Maushold-Four, L50|100/100\n|move|p1a: Delphox|Protect|p1a: Delphox\n|-singleturn|p1a: Delphox|Protect\n|move|p1b: Rotom|Hydro Pump|p2a: Maushold\n|-damage|p2a: Maushold|65/100\n|move|p2b: Mudsdale|Smack Down|p1a: Delphox\n|-activate|p1a: Delphox|move: Protect\n|\n|-heal|p2b: Mudsdale|42/100|[from] item: Leftovers\n|-fieldend|move: Psychic Terrain\n|upkeep\n|turn|6\n|\n|t:|1776251527\n|move|p1a: Delphox|Psychic|p2b: Mudsdale\n|-damage|p2b: Mudsdale|19/100\n|-ability|p2b: Mudsdale|Stamina|boost\n|-boost|p2b: Mudsdale|def|1\n|move|p2a: Maushold|U-turn|p1a: Delphox\n|-damage|p1a: Delphox|1/100\n|\n|t:|1776251535\n|switch|p2a: Meowstic|Meowstic, L50, M|55/100|[from] U-turn\n|move|p1b: Rotom|Hydro Pump|p2b: Mudsdale\n|-supereffective|p2b: Mudsdale|1\n|-damage|p2b: Mudsdale|0 fnt\n|faint|p2b: Mudsdale\n|\n|-sideend|p2: ProfessorBomb|Reflect\n|upkeep\n|\n|t:|1776251544\n|switch|p2b: Alakazam|Alakazam-Mega, L50, F|67/100\n|-ability|p2b: Alakazam|Levitate|Trace|[from] ability: Trace|[of] p1b: Rotom\n|turn|7\n|\n|t:|1776251557\n|switch|p1a: Klefki|Klefki, L50, F|100/100\n|move|p2a: Meowstic|Psychic Terrain|p2a: Meowstic\n|-fieldstart|move: Psychic Terrain\n|move|p2b: Alakazam|Shadow Ball|p1a: Klefki\n|-damage|p1a: Klefki|69/100\n|move|p1b: Rotom|Hydro Pump|p2a: Meowstic\n|-damage|p2a: Meowstic|30/100\n|\n|-sideend|p2: ProfessorBomb|move: Light Screen\n|upkeep\n|turn|8\n|\n|t:|1776251581\n|switch|p2b: Maushold|Maushold-Four, L50|65/100\n|move|p2a: Meowstic|Light Screen|p2a: Meowstic\n|-sidestart|p2: ProfessorBomb|move: Light Screen\n|move|p1b: Rotom|Volt Switch|p2b: Maushold\n|-damage|p2b: Maushold|44/100\n|\n|t:|1776251590\n|switch|p1b: Delphox|Delphox-Mega, L50, F|1/100|[from] Volt Switch\n|move|p1a: Klefki|Foul Play|p2b: Maushold\n|-damage|p2b: Maushold|20/100\n|\n|upkeep\n|turn|9\n|\n|t:|1776251608\n|move|p1a: Klefki|Sunny Day|p1a: Klefki\n|-weather|SunnyDay\n|move|p1b: Delphox|Heat Wave|p2b: Maushold|[spread] p2a,p2b\n|-damage|p2a: Meowstic|0 fnt\n|-damage|p2b: Maushold|0 fnt\n|faint|p2a: Meowstic\n|faint|p2b: Maushold\n|\n|-weather|SunnyDay|[upkeep]\n|upkeep\n|\n|t:|1776251615\n|switch|p2b: Alakazam|Alakazam-Mega, L50, F|67/100\n|-ability|p2b: Alakazam|Levitate|Trace|[from] ability: Trace|[of] p1b: Delphox\n|turn|10\n|\n|t:|1776251623\n|move|p1b: Delphox|Protect|p1b: Delphox\n|-singleturn|p1b: Delphox|Protect\n|move|p2b: Alakazam|Dazzling Gleam|p1b: Delphox|[spread] p1a\n|-activate|p1b: Delphox|move: Protect\n|-resisted|p1a: Klefki|1\n|-damage|p1a: Klefki|58/100\n|move|p1a: Klefki|Foul Play|p2b: Alakazam\n|-supereffective|p2b: Alakazam|1\n|-damage|p2b: Alakazam|26/100\n|\n|-weather|SunnyDay|[upkeep]\n|upkeep\n|turn|11\n|-message|ProfessorBomb forfeited.\n|\n|win|Primal Masquerain\n|raw|Primal Masquerain's rating: 1108 &rarr; <strong>1135</strong><br />(+27 for winning)\n|raw|ProfessorBomb's rating: 1134 &rarr; <strong>1107</strong><br />(-27 for losing)\n|l|\u2606ProfessorBomb\n|player|p2|\n|c|\u2606Primal Masquerain|gg\n",
  "uploadtime": 1776251639,
  "views": 24,
  "formatid": "gen9championsvgc2026regma",
  "rating": 1107,
  "private": 0,
  "password": null
}