{
  "id": "gen9championsvgc2026regma-2582139005",
  "format": "[Gen 9 Champions] VGC 2026 Reg M-A",
  "players": [
    "loklastaji",
    "DracovishGlazer"
  ],
  "log": "|j|\u2606loklastaji\n|j|\u2606DracovishGlazer\n|t:|1776063014\n|gametype|doubles\n|player|p1|loklastaji|265|1341\n|player|p2|DracovishGlazer|skier|1429\n|gen|9\n|tier|[Gen 9 Champions] VGC 2026 Reg M-A\n|rated|\n|rule|Species Clause: Limit one of each Pok\u00e9mon\n|rule|Item Clause: Limit 1 of each item\n|clearpoke\n|poke|p1|Samurott-Hisui, L50, F|\n|poke|p1|Mamoswine, L50, M|\n|poke|p1|Delphox, L50, M|\n|poke|p1|Tsareena, L50, F|\n|poke|p1|Corviknight, L50, M|\n|poke|p1|Altaria, L50, F|\n|poke|p2|Froslass, L50, F|\n|poke|p2|Glimmora, L50, M|\n|poke|p2|Basculegion, L50, M|\n|poke|p2|Incineroar, L50, M|\n|poke|p2|Corviknight, L50, M|\n|poke|p2|Sinistcha, L50|\n|teampreview|4\n|inactive|Battle timer is ON: inactive players will automatically lose when time's up. (requested by DracovishGlazer)\n|\n|t:|1776063039\n|teamsize|p1|4\n|teamsize|p2|4\n|start\n|switch|p1a: Delphox|Delphox, L50, M|100/100\n|switch|p1b: Mamoswine|Mamoswine, L50, M|100/100\n|switch|p2a: Incineroar|Incineroar, L50, M|100/100\n|switch|p2b: Glimmora|Glimmora, L50, M|100/100\n|-ability|p2a: Incineroar|Intimidate|boost\n|-unboost|p1a: Delphox|atk|1\n|-fail|p1b: Mamoswine|unboost|Attack|[from] ability: Oblivious|[of] p1b: Mamoswine\n|turn|1\n|\n|t:|1776063062\n|switch|p1a: Tsareena|Tsareena, L50, F|100/100\n|move|p2a: Incineroar|Fake Out||[still]\n|cant|p1a: Tsareena|ability: Queenly Majesty|Fake Out|[of] p2a: Incineroar\n|move|p1b: Mamoswine|Earthquake|p2b: Glimmora|[spread] p1a,p2a,p2b\n|-resisted|p1a: Tsareena|1\n|-supereffective|p2a: Incineroar|1\n|-supereffective|p2b: Glimmora|2\n|-damage|p1a: Tsareena|75/100\n|-damage|p2a: Incineroar|44/100\n|-enditem|p2b: Glimmora|Focus Sash\n|-damage|p2b: Glimmora|1/100\n|-activate|p2b: Glimmora|ability: Toxic Debris\n|-sidestart|p1: loklastaji|move: Toxic Spikes\n|-enditem|p2a: Incineroar|Sitrus Berry|[eat]\n|-heal|p2a: Incineroar|69/100|[from] item: Sitrus Berry\n|move|p2b: Glimmora|Power Gem|p1a: Tsareena\n|-damage|p1a: Tsareena|22/100\n|\n|upkeep\n|turn|2\n|inactive|loklastaji has 30 seconds left.\n|\n|t:|1776063089\n|switch|p2a: Corviknight|Corviknight, L50, M|100/100\n|move|p2b: Glimmora|Spiky Shield|p2b: Glimmora\n|-singleturn|p2b: Glimmora|move: Protect\n|move|p1a: Tsareena|Protect|p1a: Tsareena\n|-singleturn|p1a: Tsareena|Protect\n|move|p1b: Mamoswine|Earthquake|p2a: Corviknight|[spread] \n|-activate|p1a: Tsareena|move: Protect\n|-activate|p2b: Glimmora|move: Protect\n|-immune|p2a: Corviknight\n|\n|upkeep\n|turn|3\n|inactive|loklastaji has 30 seconds left.\n|\n|t:|1776063119\n|switch|p1b: Samurott|Samurott-Hisui, L50, F|100/100\n|-status|p1b: Samurott|psn\n|move|p2b: Glimmora|Spiky Shield|p2b: Glimmora\n|-singleturn|p2b: Glimmora|move: Protect\n|move|p1a: Tsareena|Taunt|p2a: Corviknight\n|-start|p2a: Corviknight|move: Taunt\n|move|p2a: Corviknight|Body Press|p1b: Samurott\n|-supereffective|p1b: Samurott|1\n|-damage|p1b: Samurott|35/100 psn\n|\n|-damage|p1b: Samurott|23/100 psn|[from] psn\n|upkeep\n|turn|4\n|inactive|loklastaji has 30 seconds left.\n|inactive|loklastaji has 20 seconds left.\n|j| CrazyyBoi\n|inactive|loklastaji has 15 seconds left.\n|inactive|loklastaji has 10 seconds left.\n|\n|t:|1776063164\n|switch|p1b: Mamoswine|Mamoswine, L50, M|100/100\n|-status|p1b: Mamoswine|psn\n|move|p2b: Glimmora|Sludge Bomb|p1b: Mamoswine\n|-resisted|p1b: Mamoswine|1\n|-damage|p1b: Mamoswine|69/100 psn\n|move|p1a: Tsareena|Power Whip|p2b: Glimmora|[miss]\n|-miss|p1a: Tsareena|p2b: Glimmora\n|move|p2a: Corviknight|Brave Bird|p1a: Tsareena\n|-supereffective|p1a: Tsareena|1\n|-damage|p1a: Tsareena|0 fnt\n|faint|p1a: Tsareena\n|-damage|p2a: Corviknight|96/100|[from] Recoil\n|\n|-heal|p2a: Corviknight|100/100|[from] item: Leftovers\n|-damage|p1b: Mamoswine|57/100 psn|[from] psn\n|upkeep\n|\n|t:|1776063183\n|switch|p1a: Delphox|Delphox, L50, M|100/100\n|-status|p1a: Delphox|psn\n|turn|5\n|inactive|loklastaji has 30 seconds left.\n|\n|t:|1776063215\n|detailschange|p1a: Delphox|Delphox-Mega, L50, M\n|-mega|p1a: Delphox|Delphox|Delphoxite\n|move|p2b: Glimmora|Spiky Shield|p2b: Glimmora\n|-singleturn|p2b: Glimmora|move: Protect\n|move|p1b: Mamoswine|Rock Slide|p2b: Glimmora|[spread] p2a\n|-activate|p2b: Glimmora|move: Protect\n|-damage|p2a: Corviknight|88/100\n|move|p1a: Delphox|Heat Wave|p2b: Glimmora|[spread] p2a\n|-activate|p2b: Glimmora|move: Protect\n|-supereffective|p2a: Corviknight|1\n|-damage|p2a: Corviknight|0 fnt\n|faint|p2a: Corviknight\n|\n|-damage|p1b: Mamoswine|44/100 psn|[from] psn\n|-damage|p1a: Delphox|88/100 psn|[from] psn\n|upkeep\n|\n|t:|1776063226\n|switch|p2a: Incineroar|Incineroar, L50, M|69/100\n|-ability|p2a: Incineroar|Intimidate|boost\n|-unboost|p1a: Delphox|atk|1\n|-fail|p1b: Mamoswine|unboost|Attack|[from] ability: Oblivious|[of] p1b: Mamoswine\n|turn|6\n|\n|t:|1776063244\n|move|p2a: Incineroar|Fake Out|p1b: Mamoswine\n|-damage|p1b: Mamoswine|32/100 psn\n|cant|p1b: Mamoswine|flinch\n|move|p1a: Delphox|Psychic|p2b: Glimmora\n|-supereffective|p2b: Glimmora|1\n|-damage|p2b: Glimmora|0 fnt\n|faint|p2b: Glimmora\n|\n|-damage|p1b: Mamoswine|19/100 psn|[from] psn\n|-damage|p1a: Delphox|76/100 psn|[from] psn\n|upkeep\n|\n|t:|1776063253\n|switch|p2b: Froslass|Froslass, L50, F|100/100\n|turn|7\n|\n|t:|1776063268\n|detailschange|p2b: Froslass|Froslass-Mega, L50, F\n|-mega|p2b: Froslass|Froslass|Froslassite\n|-weather|Snowscape|[from] ability: Snow Warning|[of] p2b: Froslass\n|move|p2b: Froslass|Protect|p2b: Froslass\n|-singleturn|p2b: Froslass|Protect\n|move|p1b: Mamoswine|Rock Slide|p2b: Froslass|[spread] p2a\n|-activate|p2b: Froslass|move: Protect\n|-supereffective|p2a: Incineroar|1\n|-damage|p2a: Incineroar|39/100\n|move|p1a: Delphox|Heat Wave|p2a: Incineroar|[spread] p2a\n|-activate|p2b: Froslass|move: Protect\n|-resisted|p2a: Incineroar|1\n|-damage|p2a: Incineroar|20/100\n|move|p2a: Incineroar|Throat Chop|p1a: Delphox\n|-supereffective|p1a: Delphox|1\n|-damage|p1a: Delphox|0 fnt\n|faint|p1a: Delphox\n|\n|-weather|Snowscape|[upkeep]\n|-damage|p1b: Mamoswine|7/100 psn|[from] psn\n|upkeep\n|\n|t:|1776063289\n|switch|p1a: Samurott|Samurott-Hisui, L50, F|23/100 psn\n|turn|8\n|\n|t:|1776063295\n|move|p1a: Samurott|Sucker Punch|p2b: Froslass\n|-supereffective|p2b: Froslass|1\n|-damage|p2b: Froslass|26/100\n|move|p1b: Mamoswine|Rock Slide|p2a: Incineroar|[spread] p2a,p2b\n|-supereffective|p2a: Incineroar|1\n|-supereffective|p2b: Froslass|1\n|-damage|p2a: Incineroar|0 fnt\n|-damage|p2b: Froslass|0 fnt\n|faint|p2a: Incineroar\n|faint|p2b: Froslass\n|\n|win|loklastaji\n|raw|loklastaji's rating: 1341 &rarr; <strong>1366</strong><br />(+25 for winning)\n|raw|DracovishGlazer's rating: 1429 &rarr; <strong>1404</strong><br />(-25 for losing)\n",
  "uploadtime": 1776063305,
  "views": 28,
  "formatid": "gen9championsvgc2026regma",
  "rating": 1366,
  "private": 0,
  "password": null
}