{
  "id": "gen9championsvgc2026regma-2586047840",
  "format": "[Gen 9 Champions] VGC 2026 Reg M-A",
  "players": [
    "Phillip Blevin",
    "Sores"
  ],
  "log": "|j|\u2606Phillip Blevin\n|j|\u2606Sores\n|t:|1776393590\n|gametype|doubles\n|player|p1|Phillip Blevin|cynthia-masters4|1372\n|player|p2|Sores|veteran|1365\n|gen|9\n|tier|[Gen 9 Champions] VGC 2026 Reg M-A\n|rated|\n|rule|Species Clause: Limit one of each Pok\u00e9mon\n|rule|Item Clause: Limit 1 of each item\n|clearpoke\n|poke|p1|Froslass, L50, F|\n|poke|p1|Corviknight, L50, F|\n|poke|p1|Sneasler, L50, F|\n|poke|p1|Rotom-Mow, L50|\n|poke|p1|Incineroar, L50, F|\n|poke|p1|Garchomp, L50, F|\n|poke|p2|Meganium, L50, M|\n|poke|p2|Pelipper, L50, M|\n|poke|p2|Basculegion, L50, M|\n|poke|p2|Scizor, L50, M|\n|poke|p2|Farigiraf, L50, M|\n|poke|p2|Drampa, L50, M|\n|teampreview|4\n|inactive|Battle timer is ON: inactive players will automatically lose when time's up. (requested by Phillip Blevin)\nPhillip Blevin has agreed to open team sheets.\n|inactive|Sores has 60 seconds left.\n|\n|t:|1776393647\n|teamsize|p1|4\n|teamsize|p2|4\n|start\n|switch|p1a: Rotom|Rotom-Mow, L50|100/100\n|switch|p1b: Incineroar|Incineroar, L50, F|100/100\n|switch|p2a: Basculegion|Basculegion, L50, M|100/100\n|switch|p2b: Farigiraf|Farigiraf, L50, M|100/100\n|-ability|p1b: Incineroar|Intimidate|boost\n|-unboost|p2a: Basculegion|atk|1\n|-unboost|p2b: Farigiraf|atk|1\n|turn|1\n|\n|t:|1776393663\n|move|p1a: Rotom|Leaf Storm|p2b: Farigiraf\n|-damage|p2b: Farigiraf|61/100\n|-unboost|p1a: Rotom|spa|2\n|move|p2a: Basculegion|Flip Turn|p1b: Incineroar\n|-supereffective|p1b: Incineroar|1\n|-enditem|p1b: Incineroar|Passho Berry|[eat]\n|-enditem|p1b: Incineroar|Passho Berry|[weaken]\n|-damage|p1b: Incineroar|83/100\n|\n|t:|1776393671\n|switch|p2a: Drampa|Drampa, L50, M|100/100|[from] Flip Turn\n|move|p1b: Incineroar|Darkest Lariat|p2b: Farigiraf\n|-supereffective|p2b: Farigiraf|1\n|-damage|p2b: Farigiraf|0 fnt\n|faint|p2b: Farigiraf\n|\n|upkeep\n|\n|t:|1776393682\n|switch|p2b: Basculegion|Basculegion, L50, M|100/100\n|turn|2\n|\n|t:|1776393700\n|detailschange|p2a: Drampa|Drampa-Mega, L50, M\n|-mega|p2a: Drampa|Drampa|Drampanite\n|move|p1a: Rotom|Leaf Storm|p2b: Basculegion\n|-supereffective|p2b: Basculegion|1\n|-damage|p2b: Basculegion|39/100\n|-unboost|p1a: Rotom|spa|2\n|move|p2b: Basculegion|Flip Turn|p1b: Incineroar\n|-supereffective|p1b: Incineroar|1\n|-damage|p1b: Incineroar|27/100\n|\n|t:|1776393708\n|switch|p2b: Scizor|Scizor, L50, M|100/100|[from] Flip Turn\n|move|p1b: Incineroar|Parting Shot|p2a: Drampa\n|-unboost|p2a: Drampa|atk|1\n|-unboost|p2a: Drampa|spa|1\n|\n|t:|1776393713\n|switch|p1b: Froslass|Froslass, L50, F|100/100|[from] Parting Shot\n|move|p2a: Drampa|Hyper Voice|p1a: Rotom|[spread] p1a\n|-immune|p1b: Froslass\n|-damage|p1a: Rotom|60/100\n|\n|upkeep\n|turn|3\n|\n|t:|1776393729\n|switch|p1a: Incineroar|Incineroar, L50, F|27/100\n|-ability|p1a: Incineroar|Intimidate|boost\n|-unboost|p2a: Drampa|atk|1\n|-unboost|p2b: Scizor|atk|1\n|detailschange|p1b: Froslass|Froslass-Mega, L50, F\n|-mega|p1b: Froslass|Froslass|Froslassite\n|-weather|Snowscape|[from] ability: Snow Warning|[of] p1b: Froslass\n|move|p2a: Drampa|Protect|p2a: Drampa\n|-singleturn|p2a: Drampa|Protect\n|move|p2b: Scizor|Bullet Punch|p1b: Froslass\n|-supereffective|p1b: Froslass|1\n|-damage|p1b: Froslass|52/100\n|move|p1b: Froslass|Aurora Veil|p1b: Froslass\n|-sidestart|p1: Phillip Blevin|move: Aurora Veil\n|\n|-weather|Snowscape|[upkeep]\n|upkeep\n|turn|4\n|\n|t:|1776393751\n|move|p2b: Scizor|Protect|p2b: Scizor\n|-singleturn|p2b: Scizor|Protect\n|move|p1b: Froslass|Blizzard|p2b: Scizor|[spread] p2a\n|-activate|p2b: Scizor|move: Protect\n|-supereffective|p2a: Drampa|1\n|-damage|p2a: Drampa|25/100\n|-ability|p2a: Drampa|Berserk|boost\n|-boost|p2a: Drampa|spa|1\n|move|p1a: Incineroar|Flare Blitz|p2b: Scizor\n|-activate|p2b: Scizor|move: Protect\n|move|p2a: Drampa|Earth Power|p1a: Incineroar\n|-supereffective|p1a: Incineroar|1\n|-damage|p1a: Incineroar|0 fnt\n|faint|p1a: Incineroar\n|\n|-weather|Snowscape|[upkeep]\n|upkeep\n|\n|t:|1776393756\n|switch|p1a: Sneasler|Sneasler, L50, F|100/100\n|-ability|p1a: Sneasler|Pressure\n|turn|5\n|\n|t:|1776393770\n|switch|p2b: Basculegion|Basculegion, L50, M|39/100\n|move|p1b: Froslass|Blizzard|p2b: Basculegion|[spread] p2a,p2b\n|-supereffective|p2a: Drampa|1\n|-resisted|p2b: Basculegion|1\n|-damage|p2a: Drampa|0 fnt\n|-damage|p2b: Basculegion|12/100\n|faint|p2a: Drampa\n|move|p1a: Sneasler|Close Combat|p2b: Basculegion\n|-immune|p2b: Basculegion\n|\n|-weather|Snowscape|[upkeep]\n|upkeep\n|\n|t:|1776393779\n|switch|p2a: Scizor|Scizor, L50, M|100/100\n|turn|6\n|\n|t:|1776393791\n|move|p1b: Froslass|Protect|p1b: Froslass\n|-singleturn|p1b: Froslass|Protect\n|move|p2a: Scizor|Bullet Punch|p1a: Sneasler\n|-damage|p1a: Sneasler|62/100\n|move|p2b: Basculegion|Last Respects|p1a: Sneasler\n|-damage|p1a: Sneasler|0 fnt\n|faint|p1a: Sneasler\n|\n|-weather|Snowscape|[upkeep]\n|upkeep\n|\n|t:|1776393798\n|switch|p1a: Rotom|Rotom-Mow, L50|60/100\n|turn|7\n|\n|t:|1776393811\n|move|p1a: Rotom|Electroweb|p2b: Basculegion|[spread] p2a,p2b\n|-supereffective|p2b: Basculegion|1\n|-damage|p2a: Scizor|78/100\n|-damage|p2b: Basculegion|0 fnt\n|-unboost|p2a: Scizor|spe|1\n|faint|p2b: Basculegion\n|move|p1b: Froslass|Shadow Ball|p2a: Scizor\n|-damage|p2a: Scizor|25/100\n|move|p2a: Scizor|U-turn|p1a: Rotom\n|-supereffective|p1a: Rotom|1\n|-damage|p1a: Rotom|0 fnt\n|faint|p1a: Rotom\n|\n|-weather|none\n|-heal|p2a: Scizor|31/100|[from] item: Leftovers\n|-sideend|p1: Phillip Blevin|move: Aurora Veil\n|upkeep\n|turn|8\n|\n|t:|1776393825\n|move|p2a: Scizor|Protect|p2a: Scizor\n|-singleturn|p2a: Scizor|Protect\n|move|p1b: Froslass|Shadow Ball|p2a: Scizor\n|-activate|p2a: Scizor|move: Protect\n|\n|-heal|p2a: Scizor|37/100|[from] item: Leftovers\n|upkeep\n|turn|9\n|\n|t:|1776393833\n|move|p2a: Scizor|Bullet Punch|p1b: Froslass\n|-supereffective|p1b: Froslass|1\n|-damage|p1b: Froslass|0 fnt\n|faint|p1b: Froslass\n|\n|win|Sores\n|raw|Phillip Blevin's rating: 1372 &rarr; <strong>1352</strong><br />(-20 for losing)\n|raw|Sores's rating: 1365 &rarr; <strong>1385</strong><br />(+20 for winning)\n",
  "uploadtime": 1776393833,
  "views": 31,
  "formatid": "gen9championsvgc2026regma",
  "rating": 1352,
  "private": 0,
  "password": null
}