{
  "id": "gen9championsvgc2026regma-2581818373",
  "format": "[Gen 9 Champions] VGC 2026 Reg M-A",
  "players": [
    "MalteseDolphin",
    "DavidTIS"
  ],
  "log": "|j|\u2606MalteseDolphin\n|j|\u2606DavidTIS\n|t:|1776030899\n|gametype|doubles\n|player|p1|MalteseDolphin|169|1179\n|player|p2|DavidTIS|265|1179\n|gen|9\n|tier|[Gen 9 Champions] VGC 2026 Reg M-A\n|rated|\n|rule|Species Clause: Limit one of each Pok\u00e9mon\n|rule|Item Clause: Limit 1 of each item\n|clearpoke\n|poke|p1|Glaceon, L50, F|\n|poke|p1|Incineroar, L50, M|\n|poke|p1|Garchomp, L50, F|\n|poke|p1|Aerodactyl, L50, F|\n|poke|p1|Ninetales-Alola, L50, F|\n|poke|p1|Tyranitar, L50, F|\n|poke|p2|Garganacl, L50, F|\n|poke|p2|Mimikyu, L50, M|\n|poke|p2|Chimecho, L50, M|\n|poke|p2|Slowbro, L50, M|\n|poke|p2|Lucario, L50, F|\n|poke|p2|Drampa, L50, M|\n|teampreview|4\n|inactive|Battle timer is ON: inactive players will automatically lose when time's up. (requested by DavidTIS)\n|inactive|MalteseDolphin has 60 seconds left.\n|inactive|DavidTIS has 60 seconds left.\n|\n|t:|1776030947\n|teamsize|p1|4\n|teamsize|p2|4\n|start\n|switch|p1a: Aerodactyl|Aerodactyl, L50, F|100/100\n|switch|p1b: Incineroar|Incineroar, L50, M|100/100\n|switch|p2a: Garganacl|Garganacl, L50, F|100/100\n|switch|p2b: Mimikyu|Mimikyu, L50, M|100/100\n|-ability|p1a: Aerodactyl|Unnerve\n|-ability|p1b: Incineroar|Intimidate|boost\n|-fail|p2a: Garganacl|unboost|[from] ability: Clear Body|[of] p2a: Garganacl\n|-unboost|p2b: Mimikyu|atk|1\n|turn|1\n|\n|t:|1776030962\n|move|p2a: Garganacl|Protect|p2a: Garganacl\n|-singleturn|p2a: Garganacl|Protect\n|move|p1b: Incineroar|Fake Out|p2a: Garganacl\n|-activate|p2a: Garganacl|move: Protect\n|move|p1a: Aerodactyl|Taunt|p2b: Mimikyu\n|-start|p2b: Mimikyu|move: Taunt\n|cant|p2b: Mimikyu|move: Taunt|Trick Room\n|\n|upkeep\n|turn|2\n|\n|t:|1776030986\n|switch|p1b: Ninetales|Ninetales-Alola, L50, F|100/100\n|-weather|Snowscape|[from] ability: Snow Warning|[of] p1b: Ninetales\n|move|p1a: Aerodactyl|Rock Slide|p2a: Garganacl|[spread] p2a,p2b\n|-damage|p2a: Garganacl|81/100\n|-activate|p2b: Mimikyu|ability: Disguise\n|-damage|p2b: Mimikyu|100/100\n|detailschange|p2b: Mimikyu|Mimikyu-Busted, L50, M\n|-damage|p2b: Mimikyu|88/100|[from] pokemon: Mimikyu-Busted\n|cant|p2b: Mimikyu|flinch\n|move|p2a: Garganacl|Rock Slide|p1a: Aerodactyl|[spread] p1a\n|-miss|p2a: Garganacl|p1b: Ninetales\n|-supereffective|p1a: Aerodactyl|1\n|-damage|p1a: Aerodactyl|18/100\n|\n|-weather|Snowscape|[upkeep]\n|upkeep\n|turn|3\n|inactive|MalteseDolphin has 30 seconds left.\n|inactive|DavidTIS has 30 seconds left.\n|-activate|p2a: Garganacl|item: Quick Claw\n|\n|t:|1776031016\n|switch|p1a: Incineroar|Incineroar, L50, M|100/100\n|-ability|p1a: Incineroar|Intimidate|boost\n|-fail|p2a: Garganacl|unboost|[from] ability: Clear Body|[of] p2a: Garganacl\n|-unboost|p2b: Mimikyu|atk|1\n|move|p2a: Garganacl|Rock Slide|p1a: Incineroar|[spread] p1a,p1b\n|-supereffective|p1a: Incineroar|1\n|-supereffective|p1b: Ninetales|1\n|-damage|p1a: Incineroar|62/100\n|-damage|p1b: Ninetales|57/100\n|cant|p1b: Ninetales|flinch\n|move|p2b: Mimikyu|Shadow Claw|p1b: Ninetales\n|-damage|p1b: Ninetales|43/100\n|\n|-weather|Snowscape|[upkeep]\n|-end|p2b: Mimikyu|move: Taunt\n|upkeep\n|turn|4\n|inactive|MalteseDolphin has 30 seconds left.\n|\n|t:|1776031043\n|move|p1a: Incineroar|Fake Out|p2a: Garganacl\n|-resisted|p2a: Garganacl|1\n|-crit|p2a: Garganacl\n|-damage|p2a: Garganacl|75/100\n|move|p1b: Ninetales|Encore|p2b: Mimikyu\n|-start|p2b: Mimikyu|Encore\n|move|p2b: Mimikyu|Shadow Claw|p1b: Ninetales\n|-damage|p1b: Ninetales|30/100\n|cant|p2a: Garganacl|flinch\n|\n|-weather|Snowscape|[upkeep]\n|upkeep\n|turn|5\n|\n|t:|1776031067\n|switch|p2b: Drampa|Drampa, L50, M|100/100\n|-ability|p2b: Drampa|Cloud Nine\n|move|p1b: Ninetales|Protect|p1b: Ninetales\n|-singleturn|p1b: Ninetales|Protect\n|move|p1a: Incineroar|Throat Chop|p2b: Drampa\n|-damage|p2b: Drampa|64/100\n|-start|p2b: Drampa|Throat Chop|[silent]\n|move|p2a: Garganacl|Rock Slide|p1b: Ninetales|[spread] p1a\n|-activate|p1b: Ninetales|move: Protect\n|-supereffective|p1a: Incineroar|1\n|-damage|p1a: Incineroar|25/100\n|-enditem|p1a: Incineroar|Sitrus Berry|[eat]\n|-heal|p1a: Incineroar|50/100|[from] item: Sitrus Berry\n|\n|-weather|Snowscape|[upkeep]\n|upkeep\n|turn|6\n|inactive|MalteseDolphin has 30 seconds left.\n|inactive|DavidTIS has 30 seconds left.\n|\n|t:|1776031099\n|move|p1b: Ninetales|Blizzard|p2a: Garganacl|[spread] p2a,p2b\n|-supereffective|p2b: Drampa|1\n|-damage|p2a: Garganacl|50/100\n|-damage|p2b: Drampa|11/100\n|move|p1a: Incineroar|Throat Chop|p2b: Drampa\n|-damage|p2b: Drampa|0 fnt\n|faint|p2b: Drampa\n|move|p2a: Garganacl|Rock Slide|p1b: Ninetales|[spread] p1a,p1b\n|-supereffective|p1a: Incineroar|1\n|-supereffective|p1b: Ninetales|1\n|-damage|p1a: Incineroar|13/100\n|-damage|p1b: Ninetales|0 fnt\n|faint|p1b: Ninetales\n|\n|-weather|none\n|upkeep\n|\n|t:|1776031114\n|switch|p1b: Garchomp|Garchomp, L50, F|100/100\n|switch|p2b: Mimikyu|Mimikyu-Busted, L50, M|88/100\n|turn|7\n|\n|t:|1776031137\n|move|p2a: Garganacl|Protect|p2a: Garganacl\n|-singleturn|p2a: Garganacl|Protect\n|move|p1b: Garchomp|Earthquake|p2a: Garganacl|[spread] p1a,p2b\n|-activate|p2a: Garganacl|move: Protect\n|-supereffective|p1a: Incineroar|1\n|-damage|p1a: Incineroar|0 fnt\n|-damage|p2b: Mimikyu|1/100\n|-enditem|p2b: Mimikyu|Sitrus Berry|[eat]\n|-heal|p2b: Mimikyu|26/100|[from] item: Sitrus Berry\n|faint|p1a: Incineroar\n|move|p2b: Mimikyu|Trick Room|p2b: Mimikyu\n|-fieldstart|move: Trick Room|[of] p2b: Mimikyu\n|\n|upkeep\n|\n|t:|1776031148\n|switch|p1a: Aerodactyl|Aerodactyl, L50, F|18/100\n|-ability|p1a: Aerodactyl|Unnerve\n|turn|8\n|-activate|p2a: Garganacl|item: Quick Claw\n|\n|t:|1776031157\n|move|p1b: Garchomp|Protect|p1b: Garchomp\n|-singleturn|p1b: Garchomp|Protect\n|move|p1a: Aerodactyl|Protect|p1a: Aerodactyl\n|-singleturn|p1a: Aerodactyl|Protect\n|move|p2a: Garganacl|Rock Slide|p1a: Aerodactyl|[spread] \n|-activate|p1a: Aerodactyl|move: Protect\n|-activate|p1b: Garchomp|move: Protect\n|move|p2b: Mimikyu|Play Rough|p1b: Garchomp\n|-activate|p1b: Garchomp|move: Protect\n|\n|upkeep\n|turn|9\n|-activate|p2a: Garganacl|item: Quick Claw\n|\n|t:|1776031172\n|move|p2a: Garganacl|Rock Slide|p1a: Aerodactyl|[spread] p1a,p1b\n|-supereffective|p1a: Aerodactyl|1\n|-resisted|p1b: Garchomp|1\n|-damage|p1a: Aerodactyl|0 fnt\n|-damage|p1b: Garchomp|89/100\n|faint|p1a: Aerodactyl\n|move|p2b: Mimikyu|Play Rough|p1b: Garchomp\n|-supereffective|p1b: Garchomp|1\n|-damage|p1b: Garchomp|14/100\n|-damage|p2b: Mimikyu|14/100|[from] ability: Rough Skin|[of] p1b: Garchomp\n|cant|p1b: Garchomp|flinch\n|\n|upkeep\n|turn|10\n|-message|MalteseDolphin forfeited.\n|\n|win|DavidTIS\n|raw|MalteseDolphin's rating: 1179 &rarr; <strong>1154</strong><br />(-25 for losing)\n|raw|DavidTIS's rating: 1179 &rarr; <strong>1204</strong><br />(+25 for winning)\n|l|\u2606MalteseDolphin\n|player|p1|\n",
  "uploadtime": 1776031187,
  "views": 17,
  "formatid": "gen9championsvgc2026regma",
  "rating": 1154,
  "private": 0,
  "password": null
}