{
  "id": "gen9championsvgc2026regma-2581473797",
  "format": "[Gen 9 Champions] VGC 2026 Reg M-A",
  "players": [
    "Taranto",
    "rajyesh1"
  ],
  "log": "|j|\u2606Taranto\n|j|\u2606rajyesh1\n|t:|1776003821\n|gametype|doubles\n|player|p1|Taranto|102|1037\n|player|p2|rajyesh1|lucas|1102\n|gen|9\n|tier|[Gen 9 Champions] VGC 2026 Reg M-A\n|rated|\n|rule|Species Clause: Limit one of each Pok\u00e9mon\n|rule|Item Clause: Limit 1 of each item\n|clearpoke\n|poke|p1|Aggron, L50, F|\n|poke|p1|Pelipper, L50, F|\n|poke|p1|Farigiraf, L50, F|\n|poke|p1|Torkoal, L50, M|\n|poke|p1|Incineroar, L50, M|\n|poke|p1|Sinistcha, L50|\n|poke|p2|Charizard, L50, F|\n|poke|p2|Venusaur, L50, F|\n|poke|p2|Garchomp, L50, F|\n|poke|p2|Rotom-Wash, L50|\n|poke|p2|Sneasler, L50, M|\n|poke|p2|Incineroar, L50, F|\n|teampreview|4\n|inactive|Battle timer is ON: inactive players will automatically lose when time's up. (requested by rajyesh1)\n|inactive|rajyesh1 has 60 seconds left.\n|\n|t:|1776003851\n|teamsize|p1|4\n|teamsize|p2|4\n|start\n|switch|p1a: Aggron|Aggron, L50, F|100/100\n|switch|p1b: Farigiraf|Farigiraf, L50, F|100/100\n|switch|p2a: Rotom|Rotom-Wash, L50|100/100\n|switch|p2b: Incineroar|Incineroar, L50, F|100/100\n|-ability|p2b: Incineroar|Intimidate|boost\n|-unboost|p1a: Aggron|atk|1\n|-unboost|p1b: Farigiraf|atk|1\n|turn|1\n|\n|t:|1776003875\n|detailschange|p1a: Aggron|Aggron-Mega, L50, F\n|-mega|p1a: Aggron|Aggron|Aggronite\n|move|p2a: Rotom|Hydro Pump|p1a: Aggron\n|-damage|p1a: Aggron|49/100\n|move|p2b: Incineroar|Darkest Lariat|p1b: Farigiraf\n|-supereffective|p1b: Farigiraf|1\n|-damage|p1b: Farigiraf|10/100\n|-enditem|p1b: Farigiraf|Sitrus Berry|[eat]\n|-heal|p1b: Farigiraf|34/100|[from] item: Sitrus Berry\n|move|p1a: Aggron|Iron Defense|p1a: Aggron\n|-boost|p1a: Aggron|def|2\n|move|p1b: Farigiraf|Trick Room|p1b: Farigiraf\n|-fieldstart|move: Trick Room|[of] p1b: Farigiraf\n|\n|upkeep\n|turn|2\n|inactive|Taranto has 30 seconds left.\n|inactive|rajyesh1 has 30 seconds left.\n|inactive|rajyesh1 has 20 seconds left.\n|inactive|Taranto has 20 seconds left.\n|\n|t:|1776003916\n|switch|p2b: Charizard|Charizard, L50, F|100/100\n|move|p1a: Aggron|Body Press|p2b: Charizard\n|-resisted|p2b: Charizard|1\n|-damage|p2b: Charizard|32/100\n|move|p1b: Farigiraf|Hyper Voice|p2a: Rotom|[spread] p2a,p2b\n|-damage|p2a: Rotom|64/100\n|-damage|p2b: Charizard|0 fnt\n|faint|p2b: Charizard\n|move|p2a: Rotom|Hydro Pump|p1a: Aggron\n|-damage|p1a: Aggron|0 fnt\n|faint|p1a: Aggron\n|\n|-heal|p2a: Rotom|70/100|[from] item: Leftovers\n|upkeep\n|\n|t:|1776003933\n|switch|p1a: Sinistcha|Sinistcha, L50|100/100\n|switch|p2b: Venusaur|Venusaur, L50, F|100/100\n|-heal|p1b: Farigiraf|59/100|[from] ability: Hospitality|[of] p1a: Sinistcha\n|turn|3\n|\n|t:|1776003955\n|move|p1b: Farigiraf|Helping Hand|p1a: Sinistcha\n|-singleturn|p1a: Sinistcha|Helping Hand|[of] p1b: Farigiraf\n|move|p1a: Sinistcha|Matcha Gotcha|p2b: Venusaur|[spread] p2b\n|-miss|p1a: Sinistcha|p2a: Rotom\n|-resisted|p2b: Venusaur|2\n|-damage|p2b: Venusaur|90/100\n|move|p2a: Rotom|Hydro Pump|p1b: Farigiraf\n|-damage|p1b: Farigiraf|12/100\n|move|p2b: Venusaur|Sleep Powder|p1b: Farigiraf|[miss]\n|-miss|p2b: Venusaur|p1b: Farigiraf\n|\n|-heal|p2a: Rotom|76/100|[from] item: Leftovers\n|upkeep\n|turn|4\n|inactive|rajyesh1 has 30 seconds left.\n|\n|t:|1776003981\n|move|p1b: Farigiraf|Helping Hand|p1a: Sinistcha\n|-singleturn|p1a: Sinistcha|Helping Hand|[of] p1b: Farigiraf\n|move|p2a: Rotom|Protect|p2a: Rotom\n|-singleturn|p2a: Rotom|Protect\n|move|p1a: Sinistcha|Matcha Gotcha|p2b: Venusaur|[spread] \n|-activate|p2a: Rotom|move: Protect\n|-miss|p1a: Sinistcha|p2b: Venusaur\n|move|p2b: Venusaur|Sludge Bomb|p1a: Sinistcha\n|-damage|p1a: Sinistcha|52/100\n|\n|-heal|p1a: Sinistcha|58/100|[from] item: Leftovers\n|-heal|p2a: Rotom|81/100|[from] item: Leftovers\n|upkeep\n|turn|5\n|inactive|rajyesh1 has 30 seconds left.\n|\n|t:|1776004006\n|switch|p2a: Incineroar|Incineroar, L50, F|100/100\n|-ability|p2a: Incineroar|Intimidate|boost\n|-unboost|p1a: Sinistcha|atk|1\n|-unboost|p1b: Farigiraf|atk|1\n|move|p1b: Farigiraf|Psychic|p2b: Venusaur\n|-supereffective|p2b: Venusaur|1\n|-damage|p2b: Venusaur|0 fnt\n|faint|p2b: Venusaur\n|move|p1a: Sinistcha|Matcha Gotcha|p2a: Incineroar|[miss]\n|-miss|p1a: Sinistcha|p2a: Incineroar\n|\n|-heal|p1a: Sinistcha|64/100|[from] item: Leftovers\n|-fieldend|move: Trick Room\n|upkeep\n|\n|t:|1776004017\n|switch|p2b: Rotom|Rotom-Wash, L50|81/100\n|turn|6\n|\n|t:|1776004032\n|move|p2b: Rotom|Thunderbolt|p1b: Farigiraf\n|-damage|p1b: Farigiraf|0 fnt\n|faint|p1b: Farigiraf\n|move|p2a: Incineroar|Flare Blitz|p1a: Sinistcha\n|-supereffective|p1a: Sinistcha|1\n|-damage|p1a: Sinistcha|0 fnt\n|faint|p1a: Sinistcha\n|-damage|p2a: Incineroar|85/100|[from] Recoil\n|\n|-heal|p2b: Rotom|87/100|[from] item: Leftovers\n|upkeep\n|\n|t:|1776004045\n|switch|p1a: Torkoal|Torkoal, L50, M|100/100\n|-weather|SunnyDay|[from] ability: Drought|[of] p1a: Torkoal\n|turn|7\n|\n|t:|1776004060\n|move|p1a: Torkoal|Protect|p1a: Torkoal\n|-singleturn|p1a: Torkoal|Protect\n|move|p2b: Rotom|Hydro Pump|p1a: Torkoal\n|-activate|p1a: Torkoal|move: Protect\n|move|p2a: Incineroar|Parting Shot|p1a: Torkoal\n|-activate|p1a: Torkoal|move: Protect\n|\n|-weather|SunnyDay|[upkeep]\n|-heal|p2b: Rotom|93/100|[from] item: Leftovers\n|upkeep\n|turn|8\n|\n|t:|1776004072\n|move|p2b: Rotom|Hydro Pump|p1a: Torkoal\n|-supereffective|p1a: Torkoal|1\n|-damage|p1a: Torkoal|34/100\n|move|p2a: Incineroar|Parting Shot|p1a: Torkoal\n|-unboost|p1a: Torkoal|atk|1\n|-unboost|p1a: Torkoal|spa|1\n|move|p1a: Torkoal|Yawn|p2b: Rotom\n|-start|p2b: Rotom|move: Yawn|[of] p1a: Torkoal\n|\n|-weather|SunnyDay|[upkeep]\n|-heal|p2b: Rotom|99/100|[from] item: Leftovers\n|upkeep\n|turn|9\n|\n|t:|1776004084\n|move|p1a: Torkoal|Protect|p1a: Torkoal\n|-singleturn|p1a: Torkoal|Protect\n|move|p2b: Rotom|Hydro Pump|p1a: Torkoal\n|-activate|p1a: Torkoal|move: Protect\n|move|p2a: Incineroar|Darkest Lariat|p1a: Torkoal\n|-activate|p1a: Torkoal|move: Protect\n|\n|-weather|SunnyDay|[upkeep]\n|-heal|p2b: Rotom|100/100|[from] item: Leftovers\n|-end|p2b: Rotom|move: Yawn|[silent]\n|-status|p2b: Rotom|slp\n|upkeep\n|turn|10\n|\n|t:|1776004101\n|cant|p2b: Rotom|slp\n|move|p2a: Incineroar|Flare Blitz|p1a: Torkoal\n|-resisted|p1a: Torkoal|1\n|-damage|p1a: Torkoal|0 fnt\n|faint|p1a: Torkoal\n|-damage|p2a: Incineroar|77/100|[from] Recoil\n|\n|win|rajyesh1\n|raw|Taranto's rating: 1037 &rarr; <strong>1024</strong><br />(-13 for losing)\n|raw|rajyesh1's rating: 1102 &rarr; <strong>1122</strong><br />(+20 for winning)\n|l|\u2606Taranto\n|player|p1|\n",
  "uploadtime": 1776004110,
  "views": 16,
  "formatid": "gen9championsvgc2026regma",
  "rating": 1024,
  "private": 0,
  "password": null
}