{
  "id": "gen9championsvgc2026regma-2583255961",
  "format": "[Gen 9 Champions] VGC 2026 Reg M-A",
  "players": [
    "pokemonyoyoplayer",
    "Mast0don"
  ],
  "log": "|j|\u2606pokemonyoyoplayer\n|j|\u2606Mast0don\n|t:|1776160104\n|gametype|doubles\n|player|p1|pokemonyoyoplayer|170|1280\n|player|p2|Mast0don|drayden|1297\n|gen|9\n|tier|[Gen 9 Champions] VGC 2026 Reg M-A\n|rated|\n|rule|Species Clause: Limit one of each Pok\u00e9mon\n|rule|Item Clause: Limit 1 of each item\n|clearpoke\n|poke|p1|Sneasler, L50, M|\n|poke|p1|Kingambit, L50, F|\n|poke|p1|Aerodactyl, L50, M|\n|poke|p1|Gardevoir, L50, M|\n|poke|p1|Incineroar, L50, F|\n|poke|p1|Sinistcha, L50|\n|poke|p2|Delphox, L50, M|\n|poke|p2|Kingambit, L50, M|\n|poke|p2|Clefable, L50, M|\n|poke|p2|Sneasler, L50, F|\n|poke|p2|Basculegion, L50, M|\n|poke|p2|Dragonite, L50, F|\n|teampreview|4\n|inactive|Battle timer is ON: inactive players will automatically lose when time's up. (requested by Mast0don)\n|\n|t:|1776160134\n|teamsize|p1|4\n|teamsize|p2|4\n|start\n|switch|p1a: Sneasler|Sneasler, L50, M|100/100\n|switch|p1b: Aerodactyl|Aerodactyl, L50, M|100/100\n|switch|p2a: Basculegion|Basculegion, L50, M|100/100\n|switch|p2b: Delphox|Delphox, L50, M|100/100\n|-ability|p1b: Aerodactyl|Unnerve\n|turn|1\n|inactive|pokemonyoyoplayer has 30 seconds left.\n|\n|t:|1776160161\n|detailschange|p2b: Delphox|Delphox-Mega, L50, M\n|-mega|p2b: Delphox|Delphox|Delphoxite\n|move|p2b: Delphox|Protect|p2b: Delphox\n|-singleturn|p2b: Delphox|Protect\n|move|p1a: Sneasler|Fake Out|p2b: Delphox\n|-activate|p2b: Delphox|move: Protect\n|move|p1b: Aerodactyl|Tailwind|p1b: Aerodactyl\n|-sidestart|p1: pokemonyoyoplayer|move: Tailwind\n|move|p2a: Basculegion|Flip Turn|p1b: Aerodactyl\n|-supereffective|p1b: Aerodactyl|1\n|-enditem|p1b: Aerodactyl|Focus Sash\n|-damage|p1b: Aerodactyl|1/100\n|\n|t:|1776160177\n|switch|p2a: Clefable|Clefable, L50, M|100/100|[from] Flip Turn\n|\n|upkeep\n|turn|2\n|\n|t:|1776160190\n|move|p2a: Clefable|Follow Me|p2a: Clefable\n|-singleturn|p2a: Clefable|move: Follow Me\n|move|p1b: Aerodactyl|Rock Slide|p2a: Clefable|[spread] p2a,p2b\n|-supereffective|p2b: Delphox|1\n|-damage|p2a: Clefable|84/100\n|-damage|p2b: Delphox|36/100\n|move|p1a: Sneasler|Dire Claw|p2a: Clefable\n|-supereffective|p2a: Clefable|1\n|-damage|p2a: Clefable|19/100\n|move|p2b: Delphox|Heat Wave|p1b: Aerodactyl|[spread] p1a,p1b\n|-resisted|p1b: Aerodactyl|1\n|-damage|p1a: Sneasler|37/100\n|-damage|p1b: Aerodactyl|0 fnt\n|-enditem|p2a: Clefable|Sitrus Berry|[eat]\n|-heal|p2a: Clefable|44/100|[from] item: Sitrus Berry\n|faint|p1b: Aerodactyl\n|\n|upkeep\n|\n|t:|1776160214\n|switch|p1b: Gardevoir|Gardevoir, L50, M|100/100\n|-ability|p1b: Gardevoir|Unaware|Trace|[from] ability: Trace|[of] p2a: Clefable\n|turn|3\n|inactive|Mast0don has 30 seconds left.\n|\n|t:|1776160243\n|detailschange|p1b: Gardevoir|Gardevoir-Mega, L50, M\n|-mega|p1b: Gardevoir|Gardevoir|Gardevoirite\n|move|p2a: Clefable|Follow Me|p2a: Clefable\n|-singleturn|p2a: Clefable|move: Follow Me\n|move|p1a: Sneasler|Dire Claw|p2a: Clefable\n|-supereffective|p2a: Clefable|1\n|-damage|p2a: Clefable|0 fnt\n|faint|p2a: Clefable\n|move|p1b: Gardevoir|Hyper Voice|p2b: Delphox\n|-resisted|p2b: Delphox|1\n|-damage|p2b: Delphox|0 fnt\n|faint|p2b: Delphox\n|\n|upkeep\n|\n|t:|1776160261\n|switch|p2b: Sneasler|Sneasler, L50, F|100/100\n|switch|p2a: Basculegion|Basculegion, L50, M|100/100\n|turn|4\n|inactive|pokemonyoyoplayer has 30 seconds left.\n|inactive|Mast0don has 30 seconds left.\n|inactive|pokemonyoyoplayer has 20 seconds left.\n|\n|t:|1776160301\n|switch|p1b: Kingambit|Kingambit, L50, F|100/100\n|move|p2b: Sneasler|Fake Out|p1b: Kingambit\n|-resisted|p1b: Kingambit|1\n|-crit|p1b: Kingambit\n|-damage|p1b: Kingambit|92/100\n|move|p1a: Sneasler|Close Combat|p2b: Sneasler\n|-resisted|p2b: Sneasler|1\n|-damage|p2b: Sneasler|51/100\n|-unboost|p1a: Sneasler|def|1\n|-unboost|p1a: Sneasler|spd|1\n|-enditem|p1a: Sneasler|White Herb\n|-clearnegativeboost|p1a: Sneasler|[silent]\n|move|p2a: Basculegion|Last Respects|p1a: Sneasler\n|-damage|p1a: Sneasler|0 fnt\n|faint|p1a: Sneasler\n|\n|-sideend|p1: pokemonyoyoplayer|move: Tailwind\n|upkeep\n|\n|t:|1776160317\n|switch|p1a: Gardevoir|Gardevoir-Mega, L50, M|100/100\n|turn|5\n|inactive|pokemonyoyoplayer has 30 seconds left.\n|\n|t:|1776160343\n|move|p1b: Kingambit|Sucker Punch|p2b: Sneasler\n|-resisted|p2b: Sneasler|1\n|-damage|p2b: Sneasler|9/100\n|move|p2a: Basculegion|Last Respects|p1a: Gardevoir\n|-supereffective|p1a: Gardevoir|1\n|-damage|p1a: Gardevoir|0 fnt\n|faint|p1a: Gardevoir\n|move|p2b: Sneasler|Close Combat|p1b: Kingambit\n|-supereffective|p1b: Kingambit|2\n|-damage|p1b: Kingambit|0 fnt\n|-unboost|p2b: Sneasler|def|1\n|-unboost|p2b: Sneasler|spd|1\n|faint|p1b: Kingambit\n|\n|win|Mast0don\n|raw|pokemonyoyoplayer's rating: 1280 &rarr; <strong>1256</strong><br />(-24 for losing)\n|raw|Mast0don's rating: 1297 &rarr; <strong>1321</strong><br />(+24 for winning)\n",
  "uploadtime": 1776160356,
  "views": 19,
  "formatid": "gen9championsvgc2026regma",
  "rating": 1256,
  "private": 0,
  "password": null
}