{
  "id": "gen9championsvgc2026regma-2587037571",
  "format": "[Gen 9 Champions] VGC 2026 Reg M-A",
  "players": [
    "kiennehehe",
    "Dra. Healer"
  ],
  "log": "|j|\u2606kiennehehe\n|j|\u2606Dra. Healer\n|t:|1776483882\n|gametype|doubles\n|player|p1|kiennehehe|roxie|1201\n|player|p2|Dra. Healer|brycen|1194\n|gen|9\n|tier|[Gen 9 Champions] VGC 2026 Reg M-A\n|rated|\n|rule|Species Clause: Limit one of each Pok\u00e9mon\n|rule|Item Clause: Limit 1 of each item\n|clearpoke\n|poke|p1|Garchomp, L50, F|\n|poke|p1|Incineroar, L50, F|\n|poke|p1|Venusaur, L50, M|\n|poke|p1|Whimsicott, L50, F|\n|poke|p1|Sneasler, L50, F|\n|poke|p1|Charizard, L50, F|\n|poke|p2|Banette, L50, F|\n|poke|p2|Gallade, L50, M|\n|poke|p2|Maushold, L50|\n|poke|p2|Vanilluxe, L50, F|\n|poke|p2|Alcremie, L50, F|\n|poke|p2|Tsareena, L50, F|\n|teampreview|4\n|\n|t:|1776483913\n|teamsize|p1|4\n|teamsize|p2|4\n|start\n|switch|p1a: Charizard|Charizard, L50, F|100/100\n|switch|p1b: Venusaur|Venusaur, L50, M|100/100\n|switch|p2a: Gallade|Gallade, L50, M|100/100\n|switch|p2b: Tsareena|Tsareena, L50, F|100/100\n|turn|1\n|\n|t:|1776483966\n|move|p1a: Charizard|Protect|p1a: Charizard\n|-singleturn|p1a: Charizard|Protect\n|move|p2a: Gallade|Wide Guard|p2a: Gallade\n|-singleturn|p2a: Gallade|Wide Guard\n|move|p1b: Venusaur|Sludge Bomb|p2b: Tsareena\n|-supereffective|p2b: Tsareena|1\n|-damage|p2b: Tsareena|26/100\n|move|p2b: Tsareena|Triple Axel|p1b: Venusaur\n|-supereffective|p1b: Venusaur|1\n|-damage|p1b: Venusaur|81/100\n|-supereffective|p1b: Venusaur|1\n|-damage|p1b: Venusaur|44/100\n|-supereffective|p1b: Venusaur|1\n|-crit|p1b: Venusaur\n|-damage|p1b: Venusaur|0 fnt\n|faint|p1b: Venusaur\n|-hitcount|p1: Venusaur|3\n|\n|upkeep\n|\n|t:|1776483984\n|switch|p1b: Incineroar|Incineroar, L50, F|100/100\n|-ability|p1b: Incineroar|Intimidate|boost\n|-unboost|p2a: Gallade|atk|1\n|-unboost|p2b: Tsareena|atk|1\n|turn|2\n|\n|t:|1776483998\n|detailschange|p1a: Charizard|Charizard-Mega-Y, L50, F\n|-mega|p1a: Charizard|Charizard|Charizardite Y\n|-weather|SunnyDay|[from] ability: Drought|[of] p1a: Charizard\n|move|p1b: Incineroar|Fake Out||[still]\n|cant|p2b: Tsareena|ability: Queenly Majesty|Fake Out|[of] p1b: Incineroar\n|move|p1a: Charizard|Heat Wave|p2b: Tsareena|[spread] p2a,p2b\n|-supereffective|p2b: Tsareena|1\n|-enditem|p2b: Tsareena|Occa Berry|[eat]\n|-enditem|p2b: Tsareena|Occa Berry|[weaken]\n|-damage|p2a: Gallade|50/100\n|-damage|p2b: Tsareena|0 fnt\n|faint|p2b: Tsareena\n|move|p2a: Gallade|Trick Room|p2a: Gallade\n|-fieldstart|move: Trick Room|[of] p2a: Gallade\n|\n|-weather|SunnyDay|[upkeep]\n|upkeep\n|\n|t:|1776484023\n|switch|p2b: Alcremie|Alcremie, L50, F|100/100\n|turn|3\n|\n|t:|1776484045\n|move|p2b: Alcremie|Decorate|p2a: Gallade\n|-boost|p2a: Gallade|atk|2\n|-boost|p2a: Gallade|spa|2\n|move|p1b: Incineroar|Flare Blitz|p2b: Alcremie\n|-damage|p2b: Alcremie|15/100\n|-damage|p1b: Incineroar|75/100|[from] Recoil\n|move|p2a: Gallade|Sacred Sword|p1b: Incineroar\n|-supereffective|p1b: Incineroar|1\n|-damage|p1b: Incineroar|0 fnt\n|faint|p1b: Incineroar\n|move|p1a: Charizard|Solar Beam||[still]\n|-prepare|p1a: Charizard|Solar Beam\n|-anim|p1a: Charizard|Solar Beam|p2a: Gallade\n|-damage|p2a: Gallade|6/100\n|\n|-weather|SunnyDay|[upkeep]\n|upkeep\n|\n|t:|1776484057\n|switch|p1b: Sneasler|Sneasler, L50, F|100/100\n|turn|4\n|\n|t:|1776484073\n|move|p1b: Sneasler|Fake Out|p2a: Gallade\n|-damage|p2a: Gallade|0 fnt\n|faint|p2a: Gallade\n|move|p2b: Alcremie|Psychic|p1b: Sneasler\n|-supereffective|p1b: Sneasler|2\n|-damage|p1b: Sneasler|0 fnt\n|faint|p1b: Sneasler\n|move|p1a: Charizard|Heat Wave|p2b: Alcremie\n|-damage|p2b: Alcremie|0 fnt\n|faint|p2b: Alcremie\n|\n|-weather|SunnyDay|[upkeep]\n|upkeep\n|\n|t:|1776484082\n|switch|p2b: Banette|Banette, L50, F|100/100\n|-item|p1a: Charizard|Charizardite Y|[from] ability: Frisk|[of] p2b: Banette\n|turn|5\n|\n|t:|1776484094\n|detailschange|p2b: Banette|Banette-Mega, L50, F\n|-mega|p2b: Banette|Banette|Banettite\n|move|p2b: Banette|Poltergeist|p1a: Charizard|[miss]\n|-miss|p2b: Banette|p1a: Charizard\n|move|p1a: Charizard|Solar Beam||[still]\n|-prepare|p1a: Charizard|Solar Beam\n|-anim|p1a: Charizard|Solar Beam|p2b: Banette\n|-damage|p2b: Banette|50/100\n|\n|-weather|SunnyDay|[upkeep]\n|upkeep\n|turn|6\n|\n|t:|1776484110\n|move|p1a: Charizard|Protect|p1a: Charizard\n|-singleturn|p1a: Charizard|Protect\n|move|p2b: Banette|Poltergeist|p1a: Charizard\n|-activate|p1a: Charizard|move: Protect\n|\n|-weather|none\n|-fieldend|move: Trick Room\n|upkeep\n|turn|7\n|\n|t:|1776484126\n|move|p2b: Banette|Encore|p1a: Charizard\n|-start|p1a: Charizard|Encore\n|move|p1a: Charizard|Protect||[still]\n|-fail|p1a: Charizard\n|\n|upkeep\n|turn|8\n|\n|t:|1776484146\n|move|p1a: Charizard|Protect|p1a: Charizard\n|-singleturn|p1a: Charizard|Protect\n|move|p2b: Banette|Poltergeist|p1a: Charizard\n|-activate|p1a: Charizard|move: Protect\n|\n|upkeep\n|turn|9\n|\n|t:|1776484150\n|move|p1a: Charizard|Protect||[still]\n|-fail|p1a: Charizard\n|move|p2b: Banette|Poltergeist|p1a: Charizard\n|-activate|p1a: Charizard|move: Poltergeist|Charizardite Y\n|-damage|p1a: Charizard|0 fnt\n|faint|p1a: Charizard\n|\n|win|Dra. Healer\n|raw|kiennehehe's rating: 1201 &rarr; <strong>1175</strong><br />(-26 for losing)\n|raw|Dra. Healer's rating: 1194 &rarr; <strong>1220</strong><br />(+26 for winning)\n|l|\u2606kiennehehe\n|player|p1|\n",
  "uploadtime": 1776484163,
  "views": 18,
  "formatid": "gen9championsvgc2026regma",
  "rating": 1175,
  "private": 0,
  "password": null
}