{
  "id": "gen9championsvgc2026regma-2582219148",
  "format": "[Gen 9 Champions] VGC 2026 Reg M-A",
  "players": [
    "DisturbanS",
    "amo minha mulher"
  ],
  "log": "|j|\u2606DisturbanS\n|j|\u2606amo minha mulher\n|t:|1776072698\n|gametype|doubles\n|player|p1|DisturbanS|2|1040\n|player|p2|amo minha mulher|skyla|1042\n|gen|9\n|tier|[Gen 9 Champions] VGC 2026 Reg M-A\n|rated|\n|rule|Species Clause: Limit one of each Pok\u00e9mon\n|rule|Item Clause: Limit 1 of each item\n|clearpoke\n|poke|p1|Basculegion, L50, M|\n|poke|p1|Incineroar, L50, F|\n|poke|p1|Pelipper, L50, F|\n|poke|p1|Archaludon, L50, M|\n|poke|p1|Meganium, L50, M|\n|poke|p1|Maushold-Four, L50|\n|poke|p2|Golurk, L50|\n|poke|p2|Incineroar, L50, F|\n|poke|p2|Weavile, L50, F|\n|poke|p2|Slowbro, L50, F|\n|poke|p2|Mimikyu, L50, M|\n|poke|p2|Aegislash, L50, F|\n|teampreview|4\n|inactive|Battle timer is ON: inactive players will automatically lose when time's up. (requested by DisturbanS)\n|\n|t:|1776072764\n|teamsize|p1|4\n|teamsize|p2|4\n|start\n|switch|p1a: Basculegion|Basculegion, L50, M, shiny|100/100\n|switch|p1b: Pelipper|Pelipper, L50, F|100/100\n|switch|p2a: Slowbro|Slowbro, L50, F|100/100\n|switch|p2b: Incineroar|Incineroar, L50, F|100/100\n|-weather|RainDance|[from] ability: Drizzle|[of] p1b: Pelipper\n|-ability|p2b: Incineroar|Intimidate|boost\n|-unboost|p1a: Basculegion|atk|1\n|-unboost|p1b: Pelipper|atk|1\n|turn|1\n|inactive|DisturbanS has 30 seconds left.\n|inactive|amo minha mulher has 30 seconds left.\n|inactive|amo minha mulher has 20 seconds left.\n|\n|t:|1776072800\n|move|p1a: Basculegion|Flip Turn|p2b: Incineroar\n|-supereffective|p2b: Incineroar|1\n|-damage|p2b: Incineroar|30/100\n|\n|t:|1776072807\n|switch|p1a: Incineroar|Incineroar, L50, F|100/100|[from] Flip Turn\n|-ability|p1a: Incineroar|Intimidate|boost\n|-fail|p2a: Slowbro|unboost|Attack|[from] ability: Oblivious|[of] p2a: Slowbro\n|-unboost|p2b: Incineroar|atk|1\n|move|p1b: Pelipper|Tailwind|p1b: Pelipper\n|-sidestart|p1: DisturbanS|move: Tailwind\n|move|p2b: Incineroar|Darkest Lariat|p1a: Incineroar\n|-resisted|p1a: Incineroar|1\n|-crit|p1a: Incineroar\n|-damage|p1a: Incineroar|62/100\n|move|p2a: Slowbro|Trick Room|p2a: Slowbro\n|-fieldstart|move: Trick Room|[of] p2a: Slowbro\n|\n|-weather|RainDance|[upkeep]\n|upkeep\n|turn|2\n|inactive|amo minha mulher has 30 seconds left.\n|inactive|DisturbanS has 30 seconds left.\n|\n|t:|1776072840\n|switch|p2b: Aegislash|Aegislash, L50, F|100/100\n|move|p2a: Slowbro|Hydro Pump|p1a: Incineroar\n|-supereffective|p1a: Incineroar|1\n|-damage|p1a: Incineroar|0 fnt\n|faint|p1a: Incineroar\n|move|p1b: Pelipper|Weather Ball|p2b: Aegislash\n|-damage|p2b: Aegislash|41/100\n|\n|-weather|RainDance|[upkeep]\n|-heal|p2b: Aegislash|47/100|[from] item: Leftovers\n|upkeep\n|\n|t:|1776072858\n|switch|p1a: Meganium|Meganium, L50, M, shiny|100/100\n|turn|3\n|\n|t:|1776072877\n|switch|p1a: Basculegion|Basculegion, L50, M, shiny|100/100\n|move|p2a: Slowbro|Ice Beam|p1a: Basculegion\n|-resisted|p1a: Basculegion|1\n|-damage|p1a: Basculegion|83/100\n|-formechange|p2b: Aegislash|Aegislash-Blade|\n|move|p2b: Aegislash|Shadow Ball|p1a: Basculegion\n|-supereffective|p1a: Basculegion|1\n|-damage|p1a: Basculegion|0 fnt\n|faint|p1a: Basculegion\n|move|p1b: Pelipper|Weather Ball|p2b: Aegislash\n|-damage|p2b: Aegislash|0 fnt\n|faint|p2b: Aegislash\n|\n|-weather|RainDance|[upkeep]\n|upkeep\n|inactive|DisturbanS has 30 seconds left.\n|\n|t:|1776072909\n|switch|p2b: Golurk|Golurk, L50|100/100\n|switch|p1a: Meganium|Meganium, L50, M, shiny|100/100\n|turn|4\n|inactive|DisturbanS has 30 seconds left.\n|\n|t:|1776072938\n|detailschange|p2b: Golurk|Golurk-Mega, L50\n|-mega|p2b: Golurk|Golurk|Golurkite\n|detailschange|p1a: Meganium|Meganium-Mega, L50, M, shiny\n|-mega|p1a: Meganium|Meganium|Meganiumite\n|move|p2a: Slowbro|Ice Beam|p1a: Meganium\n|-supereffective|p1a: Meganium|1\n|-damage|p1a: Meganium|55/100\n|move|p2b: Golurk|Ice Punch|p1a: Meganium\n|-supereffective|p1a: Meganium|1\n|-damage|p1a: Meganium|0 fnt\n|faint|p1a: Meganium\n|move|p1b: Pelipper|Hurricane|p2a: Slowbro\n|-damage|p2a: Slowbro|44/100\n|-enditem|p2a: Slowbro|Sitrus Berry|[eat]\n|-heal|p2a: Slowbro|69/100|[from] item: Sitrus Berry\n|\n|-weather|RainDance|[upkeep]\n|-sideend|p1: DisturbanS|move: Tailwind\n|upkeep\n|turn|5\n|-message|DisturbanS forfeited.\n|\n|win|amo minha mulher\n|raw|DisturbanS's rating: 1040 &rarr; <strong>1024</strong><br />(-16 for losing)\n|raw|amo minha mulher's rating: 1042 &rarr; <strong>1076</strong><br />(+34 for winning)\n",
  "uploadtime": 1776072965,
  "views": 27,
  "formatid": "gen9championsvgc2026regma",
  "rating": 1024,
  "private": 0,
  "password": null
}