{
  "id": "gen9championsvgc2026regma-2581548591",
  "format": "[Gen 9 Champions] VGC 2026 Reg M-A",
  "players": [
    "Joh Prime",
    "disciple of blahaj"
  ],
  "log": "|j|\u2606Joh Prime\n|j|\u2606disciple of blahaj\n|t:|1776010070\n|gametype|doubles\n|player|p1|Joh Prime|marley|1061\n|player|p2|disciple of blahaj|jacinthe|1097\n|gen|9\n|tier|[Gen 9 Champions] VGC 2026 Reg M-A\n|rated|\n|rule|Species Clause: Limit one of each Pok\u00e9mon\n|rule|Item Clause: Limit 1 of each item\n|clearpoke\n|poke|p1|Charizard, L50, F|\n|poke|p1|Klefki, L50, M|\n|poke|p1|Espathra, L50, F|\n|poke|p1|Milotic, L50, F|\n|poke|p1|Sinistcha, L50|\n|poke|p1|Crabominable, L50, M|\n|poke|p2|Floette-Eternal, L50, F|\n|poke|p2|Aegislash, L50, F|\n|poke|p2|Mimikyu, L50, F|\n|poke|p2|Incineroar, L50, F|\n|poke|p2|Maushold-Four, L50|\n|poke|p2|Rotom-Wash, L50|\n|teampreview|4\n|inactive|Battle timer is ON: inactive players will automatically lose when time's up. (requested by disciple of blahaj)\n|\n|t:|1776010098\n|teamsize|p1|4\n|teamsize|p2|4\n|start\n|switch|p1a: Klefki|Klefki, L50, M|100/100\n|switch|p1b: Milotic|Milotic, L50, F|100/100\n|switch|p2a: Mimikyu|Mimikyu, L50, F|100/100\n|switch|p2b: Rotom|Rotom-Wash, L50|100/100\n|turn|1\n|inactive|Joh Prime has 30 seconds left.\n|\n|t:|1776010127\n|switch|p1b: Sinistcha|Sinistcha, L50|100/100\n|move|p1a: Klefki|Light Screen|p1a: Klefki\n|-sidestart|p1: Joh Prime|move: Light Screen\n|move|p2a: Mimikyu|Curse|p1b: Sinistcha\n|-start|p1b: Sinistcha|Curse|[of] p2a: Mimikyu\n|-damage|p2a: Mimikyu|50/100\n|move|p2b: Rotom|Thunderbolt|p1b: Sinistcha\n|-resisted|p1b: Sinistcha|1\n|-damage|p1b: Sinistcha|84/100\n|\n|-damage|p1b: Sinistcha|59/100|[from] Curse\n|upkeep\n|turn|2\n|inactive|disciple of blahaj has 30 seconds left.\n|\n|t:|1776010159\n|switch|p2a: Floette|Floette-Eternal, L50, F|100/100\n|move|p1a: Klefki|Reflect|p1a: Klefki\n|-sidestart|p1: Joh Prime|Reflect\n|move|p2b: Rotom|Thunderbolt|p1a: Klefki\n|-damage|p1a: Klefki|69/100\n|move|p1b: Sinistcha|Matcha Gotcha|p2a: Floette|[spread] p2a,p2b\n|-supereffective|p2b: Rotom|1\n|-damage|p2a: Floette|69/100\n|-heal|p1b: Sinistcha|75/100|[from] drain|[of] p2a: Floette\n|-damage|p2b: Rotom|24/100\n|-heal|p1b: Sinistcha|100/100|[from] drain|[of] p2b: Rotom\n|-status|p2b: Rotom|brn\n|-enditem|p2b: Rotom|Sitrus Berry|[eat]\n|-heal|p2b: Rotom|49/100 brn|[from] item: Sitrus Berry\n|\n|-heal|p1a: Klefki|75/100|[from] item: Leftovers\n|-damage|p2b: Rotom|43/100 brn|[from] brn\n|-damage|p1b: Sinistcha|76/100|[from] Curse\n|upkeep\n|turn|3\n|\n|t:|1776010184\n|switch|p2b: Incineroar|Incineroar, L50, F|100/100\n|-ability|p2b: Incineroar|Intimidate|boost\n|-unboost|p1a: Klefki|atk|1\n|-unboost|p1b: Sinistcha|atk|1\n|detailschange|p2a: Floette|Floette-Mega, L50, F\n|-mega|p2a: Floette|Floette|Floettite\n|-ability|p2a: Floette|Fairy Aura\n|move|p2a: Floette|Calm Mind|p2a: Floette\n|-boost|p2a: Floette|spa|1\n|-boost|p2a: Floette|spd|1\n|move|p1a: Klefki|Draining Kiss|p2a: Floette\n|-damage|p2a: Floette|59/100\n|-heal|p1a: Klefki|85/100|[from] drain|[of] p2a: Floette\n|move|p1b: Sinistcha|Matcha Gotcha|p2b: Incineroar|[spread] p2a,p2b\n|-resisted|p2b: Incineroar|1\n|-damage|p2a: Floette|39/100\n|-heal|p1b: Sinistcha|86/100|[from] drain|[of] p2a: Floette\n|-damage|p2b: Incineroar|86/100\n|-heal|p1b: Sinistcha|94/100|[from] drain|[of] p2b: Incineroar\n|\n|-heal|p1a: Klefki|91/100|[from] item: Leftovers\n|-damage|p1b: Sinistcha|70/100|[from] Curse\n|upkeep\n|turn|4\n|inactive|Joh Prime has 30 seconds left.\n|inactive|disciple of blahaj has 30 seconds left.\n|inactive|Joh Prime has 20 seconds left.\n|inactive|Joh Prime has 15 seconds left.\n|inactive|Joh Prime has 10 seconds left.\n|\n|t:|1776010230\n|switch|p1b: Milotic|Milotic, L50, F|100/100\n|move|p2b: Incineroar|Fake Out|p1a: Klefki\n|-resisted|p1a: Klefki|1\n|-damage|p1a: Klefki|87/100\n|move|p2a: Floette|Calm Mind|p2a: Floette\n|-boost|p2a: Floette|spa|1\n|-boost|p2a: Floette|spd|1\n|cant|p1a: Klefki|flinch\n|\n|-heal|p1a: Klefki|93/100|[from] item: Leftovers\n|upkeep\n|turn|5\n|\n|t:|1776010251\n|move|p1b: Milotic|Dragon Dance|p1b: Milotic\n|-boost|p1b: Milotic|atk|1\n|-boost|p1b: Milotic|spe|1\n|move|p2a: Floette|Draining Kiss|p1b: Milotic\n|-damage|p1b: Milotic|60/100\n|-heal|p2a: Floette|67/100|[from] drain|[of] p1b: Milotic\n|move|p1a: Klefki|Draining Kiss|p2a: Floette\n|-damage|p2a: Floette|59/100\n|-heal|p1a: Klefki|100/100|[from] drain|[of] p2a: Floette\n|move|p2b: Incineroar|Flare Blitz|p1a: Klefki\n|-supereffective|p1a: Klefki|1\n|-damage|p1a: Klefki|31/100\n|-damage|p2b: Incineroar|71/100|[from] Recoil\n|\n|-heal|p1a: Klefki|37/100|[from] item: Leftovers\n|-sideend|p1: Joh Prime|move: Light Screen\n|upkeep\n|turn|6\n|inactive|disciple of blahaj has 30 seconds left.\n|\n|t:|1776010277\n|move|p1a: Klefki|Light Screen|p1a: Klefki\n|-sidestart|p1: Joh Prime|move: Light Screen\n|move|p1b: Milotic|Scald|p2b: Incineroar\n|-supereffective|p2b: Incineroar|1\n|-damage|p2b: Incineroar|13/100\n|move|p2a: Floette|Draining Kiss|p1b: Milotic\n|-damage|p1b: Milotic|19/100\n|-heal|p2a: Floette|89/100|[from] drain|[of] p1b: Milotic\n|-enditem|p1b: Milotic|Sitrus Berry|[eat]\n|-heal|p1b: Milotic|44/100|[from] item: Sitrus Berry\n|move|p2b: Incineroar|Throat Chop|p1b: Milotic\n|-damage|p1b: Milotic|16/100\n|-start|p1b: Milotic|Throat Chop|[silent]\n|\n|-heal|p1a: Klefki|43/100|[from] item: Leftovers\n|-sideend|p1: Joh Prime|Reflect\n|upkeep\n|turn|7\n|\n|t:|1776010302\n|switch|p2b: Rotom|Rotom-Wash, L50|43/100 brn\n|move|p1a: Klefki|Reflect|p1a: Klefki\n|-sidestart|p1: Joh Prime|Reflect\n|move|p1b: Milotic|Draining Kiss|p2b: Rotom\n|-damage|p2b: Rotom|23/100 brn\n|-heal|p1b: Milotic|30/100|[from] drain|[of] p2b: Rotom\n|move|p2a: Floette|Draining Kiss|p1b: Milotic\n|-damage|p1b: Milotic|0 fnt\n|-heal|p2a: Floette|100/100|[from] drain|[of] p1b: Milotic\n|faint|p1b: Milotic\n|\n|-heal|p1a: Klefki|49/100|[from] item: Leftovers\n|-damage|p2b: Rotom|17/100 brn|[from] brn\n|upkeep\n|\n|t:|1776010325\n|switch|p1b: Charizard|Charizard, L50, F, shiny|100/100\n|turn|8\n|\n|t:|1776010342\n|detailschange|p1b: Charizard|Charizard-Mega-X, L50, F, shiny\n|-mega|p1b: Charizard|Charizard|Charizardite X\n|move|p1b: Charizard|Flare Blitz|p2a: Floette\n|-damage|p2a: Floette|33/100\n|-damage|p1b: Charizard|74/100|[from] Recoil\n|move|p2a: Floette|Dazzling Gleam|p1a: Klefki|[spread] p1a,p1b\n|-resisted|p1a: Klefki|1\n|-damage|p1a: Klefki|13/100\n|-damage|p1b: Charizard|0 fnt\n|faint|p1b: Charizard\n|move|p2b: Rotom|Volt Switch|p1a: Klefki\n|-damage|p1a: Klefki|0 fnt\n|faint|p1a: Klefki\n|\n|t:|1776010357\n|switch|p2b: Incineroar|Incineroar, L50, F|13/100|[from] Volt Switch\n|\n|upkeep\n|\n|t:|1776010363\n|switch|p1b: Sinistcha|Sinistcha, L50|70/100\n|turn|9\n|\n|t:|1776010381\n|move|p2a: Floette|Draining Kiss|p1b: Sinistcha\n|-damage|p1b: Sinistcha|13/100\n|-heal|p2a: Floette|74/100|[from] drain|[of] p1b: Sinistcha\n|move|p1b: Sinistcha|Matcha Gotcha|p2b: Incineroar|[spread] p2a,p2b\n|-resisted|p2b: Incineroar|1\n|-damage|p2a: Floette|59/100\n|-heal|p1b: Sinistcha|21/100|[from] drain|[of] p2a: Floette\n|-damage|p2b: Incineroar|0 fnt\n|-heal|p1b: Sinistcha|29/100|[from] drain|[of] p2b: Incineroar\n|faint|p2b: Incineroar\n|\n|upkeep\n|\n|t:|1776010393\n|switch|p2b: Mimikyu|Mimikyu, L50, F|50/100\n|turn|10\n|\n|t:|1776010405\n|move|p2a: Floette|Calm Mind|p2a: Floette\n|-boost|p2a: Floette|spa|1\n|-boost|p2a: Floette|spd|1\n|move|p2b: Mimikyu|Curse|p1b: Sinistcha\n|-start|p1b: Sinistcha|Curse|[of] p2b: Mimikyu\n|-damage|p2b: Mimikyu|0 fnt\n|faint|p2b: Mimikyu\n|move|p1b: Sinistcha|Matcha Gotcha|p2a: Floette\n|-damage|p2a: Floette|42/100\n|-heal|p1b: Sinistcha|37/100|[from] drain|[of] p2a: Floette\n|\n|-damage|p1b: Sinistcha|12/100|[from] Curse\n|-sideend|p1: Joh Prime|move: Light Screen\n|upkeep\n|-message|Joh Prime forfeited.\n|\n|win|disciple of blahaj\n|raw|Joh Prime's rating: 1061 &rarr; <strong>1044</strong><br />(-17 for losing)\n|raw|disciple of blahaj's rating: 1097 &rarr; <strong>1120</strong><br />(+23 for winning)\n|l|\u2606Joh Prime\n|player|p1|\n",
  "uploadtime": 1776010439,
  "views": 16,
  "formatid": "gen9championsvgc2026regma",
  "rating": 1044,
  "private": 0,
  "password": null
}