{
  "id": "gen9championsvgc2026regma-2580915974",
  "format": "[Gen 9 Champions] VGC 2026 Reg M-A",
  "players": [
    "thekingrtc",
    "gonegeb"
  ],
  "log": "|j|\u2606thekingrtc\n|j|\u2606gonegeb\n|t:|1775943052\n|gametype|doubles\n|player|p1|thekingrtc|170|1000\n|player|p2|gonegeb|alain|1040\n|gen|9\n|tier|[Gen 9 Champions] VGC 2026 Reg M-A\n|rated|\n|rule|Species Clause: Limit one of each Pok\u00e9mon\n|rule|Item Clause: Limit 1 of each item\n|clearpoke\n|poke|p1|Incineroar, L50, M|\n|poke|p1|Sneasler, L50, M|\n|poke|p1|Aerodactyl, L50, M|\n|poke|p1|Basculegion, L50, M|\n|poke|p1|Sinistcha-Masterpiece, L50|\n|poke|p1|Dedenne, L50, M|\n|poke|p2|Lucario, L50, M|\n|poke|p2|Umbreon, L50, M|\n|poke|p2|Arcanine, L50, F|\n|poke|p2|Ceruledge, L50, M|\n|poke|p2|Corviknight, L50, M|\n|poke|p2|Whimsicott, L50, F|\n|teampreview|4\n|inactive|Battle timer is ON: inactive players will automatically lose when time's up. (requested by thekingrtc)\n|\n|t:|1775943067\n|teamsize|p1|4\n|teamsize|p2|4\n|start\n|switch|p1a: Dedenne|Dedenne, L50, M|100/100\n|switch|p1b: Incineroar|Incineroar, L50, M|100/100\n|switch|p2a: Umbreon|Umbreon, L50, M, shiny|100/100\n|switch|p2b: Luna|Whimsicott, L50, F, shiny|100/100\n|-ability|p1b: Incineroar|Intimidate|boost\n|-fail|p2a: Umbreon|unboost|Attack|[from] ability: Inner Focus|[of] p2a: Umbreon\n|-unboost|p2b: Luna|atk|1\n|turn|1\n|\n|t:|1775943085\n|move|p2b: Luna|Taunt|p1a: Dedenne\n|-start|p1a: Dedenne|move: Taunt\n|move|p1a: Dedenne|Dazzling Gleam|p2b: Luna|[spread] p2a,p2b\n|-supereffective|p2a: Umbreon|1\n|-damage|p2a: Umbreon|71/100\n|-damage|p2b: Luna|72/100\n|move|p1b: Incineroar|Flamethrower|p2b: Luna\n|-supereffective|p2b: Luna|1\n|-damage|p2b: Luna|2/100\n|move|p2a: Umbreon|Snarl|p1b: Incineroar|[spread] p1a,p1b\n|-resisted|p1a: Dedenne|1\n|-resisted|p1b: Incineroar|1\n|-damage|p1a: Dedenne|92/100\n|-damage|p1b: Incineroar|96/100\n|-unboost|p1a: Dedenne|spa|1\n|-unboost|p1b: Incineroar|spa|1\n|\n|-heal|p2a: Umbreon|77/100|[from] item: Leftovers\n|upkeep\n|turn|2\n|\n|t:|1775943107\n|move|p2b: Luna|Tailwind|p2b: Luna\n|-sidestart|p2: gonegeb|move: Tailwind\n|move|p2a: Umbreon|Snarl|p1a: Dedenne|[spread] p1a,p1b\n|-resisted|p1a: Dedenne|1\n|-resisted|p1b: Incineroar|1\n|-damage|p1a: Dedenne|84/100\n|-damage|p1b: Incineroar|92/100\n|-unboost|p1a: Dedenne|spa|1\n|-unboost|p1b: Incineroar|spa|1\n|move|p1a: Dedenne|Dazzling Gleam|p2a: Umbreon|[spread] p2a,p2b\n|-supereffective|p2a: Umbreon|1\n|-damage|p2a: Umbreon|62/100\n|-damage|p2b: Luna|0 fnt\n|faint|p2b: Luna\n|move|p1b: Incineroar|Bulk Up|p1b: Incineroar\n|-boost|p1b: Incineroar|atk|1\n|-boost|p1b: Incineroar|def|1\n|\n|-heal|p2a: Umbreon|68/100|[from] item: Leftovers\n|upkeep\n|\n|t:|1775943121\n|switch|p2b: Lucario|Lucario, L50, M|100/100\n|turn|3\n|\n|t:|1775943132\n|detailschange|p2b: Lucario|Lucario-Mega, L50, M\n|-mega|p2b: Lucario|Lucario|Lucarionite\n|move|p2b: Lucario|Close Combat|p1b: Incineroar\n|-supereffective|p1b: Incineroar|1\n|-enditem|p1b: Incineroar|Chople Berry|[eat]\n|-enditem|p1b: Incineroar|Chople Berry|[weaken]\n|-damage|p1b: Incineroar|33/100\n|-unboost|p2b: Lucario|def|1\n|-unboost|p2b: Lucario|spd|1\n|move|p2a: Umbreon|Snarl|p1a: Dedenne|[spread] p1a,p1b\n|-resisted|p1a: Dedenne|1\n|-resisted|p1b: Incineroar|1\n|-damage|p1a: Dedenne|75/100\n|-damage|p1b: Incineroar|29/100\n|-unboost|p1a: Dedenne|spa|1\n|-unboost|p1b: Incineroar|spa|1\n|move|p1a: Dedenne|Dazzling Gleam|p2b: Lucario|[spread] p2a,p2b\n|-supereffective|p2a: Umbreon|1\n|-damage|p2a: Umbreon|55/100\n|-damage|p2b: Lucario|78/100\n|move|p1b: Incineroar|Flamethrower|p2b: Lucario\n|-supereffective|p2b: Lucario|1\n|-damage|p2b: Lucario|31/100\n|\n|-heal|p2a: Umbreon|61/100|[from] item: Leftovers\n|-end|p1a: Dedenne|move: Taunt\n|upkeep\n|turn|4\n|inactive|thekingrtc has 30 seconds left.\n|inactive|gonegeb has 30 seconds left.\n|\n|t:|1775943162\n|move|p2b: Lucario|Protect|p2b: Lucario\n|-singleturn|p2b: Lucario|Protect\n|move|p2a: Umbreon|Snarl|p1b: Incineroar|[spread] p1a,p1b\n|-resisted|p1a: Dedenne|1\n|-resisted|p1b: Incineroar|1\n|-damage|p1a: Dedenne|67/100\n|-damage|p1b: Incineroar|25/100\n|-unboost|p1a: Dedenne|spa|1\n|-unboost|p1b: Incineroar|spa|1\n|move|p1a: Dedenne|Dazzling Gleam|p2a: Umbreon|[spread] p2a\n|-activate|p2b: Lucario|move: Protect\n|-supereffective|p2a: Umbreon|1\n|-damage|p2a: Umbreon|52/100\n|move|p1b: Incineroar|Flamethrower|p2b: Lucario\n|-activate|p2b: Lucario|move: Protect\n|\n|-heal|p2a: Umbreon|58/100|[from] item: Leftovers\n|upkeep\n|turn|5\n|inactive|gonegeb has 30 seconds left.\n|inactive|gonegeb has 20 seconds left.\n|inactive|gonegeb has 15 seconds left.\n|inactive|gonegeb has 10 seconds left.\n|inactive|gonegeb has 5 seconds left.\n|\n|t:|1775943212\n|switch|p1a: Sinistcha|Sinistcha-Masterpiece, L50|100/100\n|-heal|p1b: Incineroar|49/100|[from] ability: Hospitality|[of] p1a: Sinistcha\n|move|p2b: Lucario|Close Combat|p1b: Incineroar\n|-supereffective|p1b: Incineroar|1\n|-damage|p1b: Incineroar|0 fnt\n|-unboost|p2b: Lucario|def|1\n|-unboost|p2b: Lucario|spd|1\n|faint|p1b: Incineroar\n|move|p2a: Umbreon|Snarl|p1a: Sinistcha\n|-supereffective|p1a: Sinistcha|1\n|-damage|p1a: Sinistcha|69/100\n|-unboost|p1a: Sinistcha|spa|1\n|\n|-heal|p2a: Umbreon|64/100|[from] item: Leftovers\n|-heal|p1a: Sinistcha|75/100|[from] item: Leftovers\n|-sideend|p2: gonegeb|move: Tailwind\n|upkeep\n|\n|t:|1775943225\n|switch|p1b: Aerodactyl|Aerodactyl, L50, M|100/100\n|turn|6\n|\n|t:|1775943245\n|detailschange|p1b: Aerodactyl|Aerodactyl-Mega, L50, M\n|-mega|p1b: Aerodactyl|Aerodactyl|Aerodactylite\n|move|p1a: Sinistcha|Protect|p1a: Sinistcha\n|-singleturn|p1a: Sinistcha|Protect\n|move|p1b: Aerodactyl|Dragon Claw|p2a: Umbreon\n|-damage|p2a: Umbreon|36/100\n|move|p2b: Lucario|Meteor Mash|p1b: Aerodactyl\n|-supereffective|p1b: Aerodactyl|1\n|-damage|p1b: Aerodactyl|0 fnt\n|faint|p1b: Aerodactyl\n|move|p2a: Umbreon|Yawn|p1a: Sinistcha\n|-activate|p1a: Sinistcha|move: Protect\n|\n|-heal|p1a: Sinistcha|81/100|[from] item: Leftovers\n|-heal|p2a: Umbreon|42/100|[from] item: Leftovers\n|upkeep\n|\n|t:|1775943254\n|switch|p1b: Dedenne|Dedenne, L50, M|67/100\n|turn|7\n|inactive|gonegeb has 30 seconds left.\n|\n|t:|1775943281\n|move|p2b: Lucario|Meteor Mash|p1b: Dedenne\n|-damage|p1b: Dedenne|0 fnt\n|-boost|p2b: Lucario|atk|1\n|faint|p1b: Dedenne\n|move|p1a: Sinistcha|Shadow Ball|p2b: Lucario\n|-damage|p2b: Lucario|0 fnt\n|faint|p2b: Lucario\n|move|p2a: Umbreon|Yawn|p1a: Sinistcha\n|-start|p1a: Sinistcha|move: Yawn|[of] p2a: Umbreon\n|\n|-heal|p1a: Sinistcha|88/100|[from] item: Leftovers\n|-heal|p2a: Umbreon|48/100|[from] item: Leftovers\n|upkeep\n|\n|t:|1775943297\n|switch|p2b: Corviknight|Corviknight, L50, M|100/100\n|-ability|p2b: Corviknight|Pressure\n|turn|8\n|\n|t:|1775943305\n|move|p1a: Sinistcha|Giga Drain|p2a: Umbreon\n|-damage|p2a: Umbreon|35/100\n|-heal|p1a: Sinistcha|95/100|[from] drain|[of] p2a: Umbreon\n|move|p2b: Corviknight|Bulk Up|p2b: Corviknight\n|-boost|p2b: Corviknight|atk|1\n|-boost|p2b: Corviknight|def|1\n|move|p2a: Umbreon|Snarl|p1a: Sinistcha\n|-supereffective|p1a: Sinistcha|1\n|-damage|p1a: Sinistcha|64/100\n|-unboost|p1a: Sinistcha|spa|1\n|\n|-heal|p1a: Sinistcha|70/100|[from] item: Leftovers\n|-heal|p2a: Umbreon|41/100|[from] item: Leftovers\n|-end|p1a: Sinistcha|move: Yawn|[silent]\n|-status|p1a: Sinistcha|slp\n|upkeep\n|turn|9\n|-message|thekingrtc forfeited.\n|\n|win|gonegeb\n|raw|thekingrtc's rating: 1000 &rarr; <strong>1000</strong><br />(+0 for losing)\n|raw|gonegeb's rating: 1040 &rarr; <strong>1070</strong><br />(+30 for winning)\n|l|\u2606thekingrtc\n|player|p1|\n",
  "uploadtime": 1775943315,
  "views": 10,
  "formatid": "gen9championsvgc2026regma",
  "rating": 1000,
  "private": 0,
  "password": null
}