{
  "id": "gen9championsvgc2026regma-2582813377",
  "format": "[Gen 9 Champions] VGC 2026 Reg M-A",
  "players": [
    "penledzuu",
    "lucena11"
  ],
  "log": "|j|\u2606penledzuu\n|j|\u2606lucena11\n|t:|1776116062\n|gametype|doubles\n|player|p1|penledzuu|ninjaboy|1120\n|player|p2|lucena11|101|1115\n|gen|9\n|tier|[Gen 9 Champions] VGC 2026 Reg M-A\n|rated|\n|rule|Species Clause: Limit one of each Pok\u00e9mon\n|rule|Item Clause: Limit 1 of each item\n|clearpoke\n|poke|p1|Gengar, L50, M|\n|poke|p1|Gardevoir, L50, F|\n|poke|p1|Arcanine-Hisui, L50, F|\n|poke|p1|Charizard, L50, F|\n|poke|p1|Machamp, L50, M|\n|poke|p1|Sneasler, L50, M|\n|poke|p2|Basculegion, L50, M|\n|poke|p2|Incineroar, L50, M|\n|poke|p2|Froslass, L50, F|\n|poke|p2|Orthworm, L50, M|\n|poke|p2|Garchomp, L50, F|\n|poke|p2|Rotom-Frost, L50|\n|teampreview|4\n|inactive|Battle timer is ON: inactive players will automatically lose when time's up. (requested by penledzuu)\n|inactive|lucena11 has 60 seconds left.\n|\n|t:|1776116098\n|teamsize|p1|4\n|teamsize|p2|4\n|start\n|switch|p1a: Gengar|Gengar, L50, M, shiny|100/100\n|switch|p1b: Gardevoir|Gardevoir, L50, F|100/100\n|switch|p2a: Orthworm|Orthworm, L50, M|100/100\n|switch|p2b: Garchomp|Garchomp, L50, F|100/100\n|-ability|p1b: Gardevoir|Rough Skin|Trace|[from] ability: Trace|[of] p2b: Garchomp\n|turn|1\n|inactive|lucena11 has 30 seconds left.\n|\n|t:|1776116123\n|move|p2b: Garchomp|Protect|p2b: Garchomp\n|-singleturn|p2b: Garchomp|Protect\n|move|p1a: Gengar|Icy Wind|p2b: Garchomp|[spread] p2a\n|-activate|p2b: Garchomp|move: Protect\n|-resisted|p2a: Orthworm|1\n|-damage|p2a: Orthworm|89/100\n|-unboost|p2a: Orthworm|spe|1\n|move|p1b: Gardevoir|Moonblast|p2b: Garchomp\n|-activate|p2b: Garchomp|move: Protect\n|move|p2a: Orthworm|Shed Tail|p2a: Orthworm\n|-start|p2a: Orthworm|Substitute|[from] move: Shed Tail\n|-damage|p2a: Orthworm|39/100\n|-enditem|p2a: Orthworm|Sitrus Berry|[eat]\n|-heal|p2a: Orthworm|64/100|[from] item: Sitrus Berry\n|\n|t:|1776116137\n|switch|p2a: Froslass|Froslass, L50, F, shiny|100/100|[from] Shed Tail\n|\n|upkeep\n|turn|2\n|inactive|penledzuu has 30 seconds left.\n|inactive|lucena11 has 30 seconds left.\n|\n|t:|1776116164\n|switch|p2b: Orthworm|Orthworm, L50, M|64/100\n|detailschange|p2a: Froslass|Froslass-Mega, L50, F, shiny\n|-mega|p2a: Froslass|Froslass|Froslassite\n|-weather|Snowscape|[from] ability: Snow Warning|[of] p2a: Froslass\n|move|p2a: Froslass|Shadow Ball|p1a: Gengar\n|-supereffective|p1a: Gengar|1\n|-enditem|p1a: Gengar|Focus Sash\n|-damage|p1a: Gengar|1/100\n|-unboost|p1a: Gengar|spd|1\n|-start|p2a: Froslass|Disable|Shadow Ball|[from] ability: Cursed Body|[of] p1a: Gengar\n|move|p1a: Gengar|Shadow Ball|p2a: Froslass\n|-supereffective|p2a: Froslass|1\n|-end|p2a: Froslass|Substitute\n|move|p1b: Gardevoir|Mystical Fire|p2a: Froslass\n|-supereffective|p2a: Froslass|1\n|-damage|p2a: Froslass|31/100\n|-unboost|p2a: Froslass|spa|1\n|\n|-weather|Snowscape|[upkeep]\n|upkeep\n|turn|3\n|inactive|penledzuu has 30 seconds left.\n|inactive|lucena11 has 30 seconds left.\n|\n|t:|1776116196\n|move|p2a: Froslass|Protect|p2a: Froslass\n|-singleturn|p2a: Froslass|Protect\n|move|p1a: Gengar|Destiny Bond|p1a: Gengar\n|-singlemove|p1a: Gengar|Destiny Bond\n|move|p1b: Gardevoir|Mystical Fire|p2b: Orthworm\n|-supereffective|p2b: Orthworm|1\n|-damage|p2b: Orthworm|0 fnt\n|faint|p2b: Orthworm\n|\n|-weather|Snowscape|[upkeep]\n|upkeep\n|\n|t:|1776116207\n|switch|p2b: Rotom|Rotom-Frost, L50, shiny|100/100\n|turn|4\n|\n|t:|1776116217\n|switch|p2a: Garchomp|Garchomp, L50, F|100/100\n|move|p1a: Gengar|Shadow Ball|p2a: Garchomp\n|-damage|p2a: Garchomp|53/100\n|move|p2b: Rotom|Blizzard|p1a: Gengar|[spread] p1a,p1b\n|-damage|p1a: Gengar|0 fnt\n|-damage|p1b: Gardevoir|48/100\n|-start|p2b: Rotom|Disable|Blizzard|[from] ability: Cursed Body|[of] p1a: Gengar\n|-enditem|p1b: Gardevoir|Sitrus Berry|[eat]\n|-heal|p1b: Gardevoir|73/100|[from] item: Sitrus Berry\n|faint|p1a: Gengar\n|move|p1b: Gardevoir|Mystical Fire|p2b: Rotom\n|-supereffective|p2b: Rotom|1\n|-damage|p2b: Rotom|25/100\n|-unboost|p2b: Rotom|spa|1\n|\n|-weather|Snowscape|[upkeep]\n|upkeep\n|\n|t:|1776116235\n|switch|p1a: Arcanine|Arcanine-Hisui, L50, F|100/100\n|-ability|p1a: Arcanine|Intimidate|boost\n|-unboost|p2a: Garchomp|atk|1\n|-unboost|p2b: Rotom|atk|1\n|turn|5\n|\n|t:|1776116248\n|move|p2b: Rotom|Protect|p2b: Rotom\n|-singleturn|p2b: Rotom|Protect\n|move|p2a: Garchomp|Earthquake|p1a: Arcanine|[spread] p1a,p1b\n|-activate|p2b: Rotom|move: Protect\n|-supereffective|p1a: Arcanine|2\n|-damage|p1a: Arcanine|0 fnt\n|-damage|p1b: Gardevoir|27/100\n|faint|p1a: Arcanine\n|move|p1b: Gardevoir|Moonblast|p2a: Garchomp\n|-supereffective|p2a: Garchomp|1\n|-damage|p2a: Garchomp|0 fnt\n|faint|p2a: Garchomp\n|\n|-weather|Snowscape|[upkeep]\n|upkeep\n|\n|t:|1776116259\n|switch|p2a: Froslass|Froslass-Mega, L50, F, shiny|31/100\n|switch|p1a: Charizard|Charizard, L50, F, shiny|100/100\n|turn|6\n|\n|t:|1776116277\n|detailschange|p1a: Charizard|Charizard-Mega-Y, L50, F, shiny\n|-mega|p1a: Charizard|Charizard|Charizardite Y\n|-weather|SunnyDay|[from] ability: Drought|[of] p1a: Charizard\n|move|p2a: Froslass|Blizzard|p1a: Charizard|[spread] p1a,p1b\n|-damage|p1a: Charizard|63/100\n|-damage|p1b: Gardevoir|0 fnt\n|faint|p1b: Gardevoir\n|move|p2b: Rotom|Thunderbolt|p1a: Charizard\n|-supereffective|p1a: Charizard|1\n|-damage|p1a: Charizard|17/100\n|move|p1a: Charizard|Heat Wave|p2b: Rotom|[spread] p2a,p2b\n|-supereffective|p2a: Froslass|1\n|-supereffective|p2b: Rotom|1\n|-damage|p2a: Froslass|0 fnt\n|-damage|p2b: Rotom|0 fnt\n|faint|p2a: Froslass\n|faint|p2b: Rotom\n|\n|win|penledzuu\n|raw|penledzuu's rating: 1120 &rarr; <strong>1145</strong><br />(+25 for winning)\n|raw|lucena11's rating: 1115 &rarr; <strong>1090</strong><br />(-25 for losing)\n",
  "uploadtime": 1776116289,
  "views": 16,
  "formatid": "gen9championsvgc2026regma",
  "rating": 1090,
  "private": 0,
  "password": null
}