{
  "id": "gen9championsvgc2026regma-2582922210",
  "format": "[Gen 9 Champions] VGC 2026 Reg M-A",
  "players": [
    "sinuendo",
    "loklastaji"
  ],
  "log": "|j|\u2606sinuendo\n|j|\u2606loklastaji\n|t:|1776125245\n|gametype|doubles\n|player|p1|sinuendo|roxie|1146\n|player|p2|loklastaji|102|1240\n|gen|9\n|tier|[Gen 9 Champions] VGC 2026 Reg M-A\n|rated|\n|rule|Species Clause: Limit one of each Pok\u00e9mon\n|rule|Item Clause: Limit 1 of each item\n|clearpoke\n|poke|p1|Sneasler, L50, F|\n|poke|p1|Umbreon, L50, F|\n|poke|p1|Zoroark-Hisui, L50, M|\n|poke|p1|Whimsicott, L50, M|\n|poke|p1|Rotom-Wash, L50|\n|poke|p1|Garchomp, L50, F|\n|poke|p2|Samurott-Hisui, L50, F|\n|poke|p2|Mamoswine, L50, F|\n|poke|p2|Delphox, L50, M|\n|poke|p2|Tsareena, L50, F|\n|poke|p2|Corviknight, L50, M|\n|poke|p2|Altaria, L50, M|\n|teampreview|4\n|inactive|Battle timer is ON: inactive players will automatically lose when time's up. (requested by sinuendo)\n|inactive|loklastaji has 60 seconds left.\n|\n|t:|1776125282\n|teamsize|p1|4\n|teamsize|p2|4\n|start\n|switch|p1a: Umbreon|Umbreon, L50, F|100/100\n|switch|p1b: Rotom|Rotom-Wash, L50|100/100\n|switch|p2a: Mamoswine|Mamoswine, L50, F|100/100\n|switch|p2b: Tsareena|Tsareena, L50, F|100/100\n|turn|1\n|inactive|loklastaji has 30 seconds left.\n|inactive|loklastaji has 20 seconds left.\n|inactive|loklastaji has 15 seconds left.\n|\n|t:|1776125323\n|switch|p2a: Samurott|Samurott-Hisui, L50, F|100/100\n|move|p1b: Rotom|Hydro Pump|p2a: Samurott\n|-resisted|p2a: Samurott|1\n|-damage|p2a: Samurott|65/100\n|move|p1a: Umbreon|Nasty Plot|p1a: Umbreon\n|-boost|p1a: Umbreon|spa|2\n|move|p2b: Tsareena|Power Whip|p1b: Rotom\n|-supereffective|p1b: Rotom|1\n|-damage|p1b: Rotom|0 fnt\n|faint|p1b: Rotom\n|\n|upkeep\n|\n|t:|1776125337\n|switch|p1b: Garchomp|Garchomp, L50, F|100/100\n|turn|2\n|\n|t:|1776125354\n|detailschange|p1b: Garchomp|Garchomp-Mega, L50, F\n|-mega|p1b: Garchomp|Garchomp|Garchompite\n|move|p1b: Garchomp|Protect|p1b: Garchomp\n|-singleturn|p1b: Garchomp|Protect\n|move|p1a: Umbreon|Hyper Voice|p2b: Tsareena|[spread] p2a,p2b\n|-damage|p2a: Samurott|0 fnt\n|-damage|p2b: Tsareena|10/100\n|faint|p2a: Samurott\n|move|p2b: Tsareena|High Jump Kick|p1a: Umbreon\n|-immune|p1a: Umbreon\n|-damage|p2b: Tsareena|0 fnt|[from] highjumpkick\n|faint|p2b: Tsareena\n|\n|upkeep\n|\n|t:|1776125370\n|switch|p2a: Mamoswine|Mamoswine, L50, F|100/100\n|switch|p2b: Altaria|Altaria, L50, M|100/100\n|-ability|p2b: Altaria|Cloud Nine\n|turn|3\n|\n|t:|1776125390\n|detailschange|p2b: Altaria|Altaria-Mega, L50, M\n|-mega|p2b: Altaria|Altaria|Altarianite\n|move|p1a: Umbreon|Detect|p1a: Umbreon\n|-singleturn|p1a: Umbreon|Protect\n|move|p2a: Mamoswine|Earthquake|p1b: Garchomp|[spread] p2b,p1b\n|-activate|p1a: Umbreon|move: Protect\n|-damage|p2b: Altaria|56/100\n|-damage|p1b: Garchomp|69/100\n|move|p1b: Garchomp|Dragon Claw|p2b: Altaria\n|-immune|p2b: Altaria\n|move|p2b: Altaria|Hyper Voice|p1a: Umbreon|[spread] p1b\n|-activate|p1a: Umbreon|move: Protect\n|-supereffective|p1b: Garchomp|1\n|-damage|p1b: Garchomp|0 fnt\n|faint|p1b: Garchomp\n|\n|upkeep\n|\n|t:|1776125404\n|switch|p1b: Umbreon|Umbreon, L50, F|100/100\n|turn|4\n|\n|t:|1776125415\n|move|p1b: Umbreon|Helping Hand|p1a: Umbreon\n|-singleturn|p1a: Umbreon|Helping Hand|[of] p1b: Umbreon\n|move|p2b: Altaria|Protect|p2b: Altaria\n|-singleturn|p2b: Altaria|Protect\n|move|p2a: Mamoswine|Earthquake|p1a: Umbreon|[spread] p1a,p1b\n|-activate|p2b: Altaria|move: Protect\n|-damage|p1a: Umbreon|27/100\n|-damage|p1b: Umbreon|75/100\n|replace|p1a: Zoroark|Zoroark-Hisui, L50, M\n|-end|p1a: Zoroark|Illusion\n|-enditem|p1a: Zoroark|Sitrus Berry|[eat]\n|-heal|p1a: Zoroark|51/100|[from] item: Sitrus Berry\n|move|p1a: Zoroark|Hyper Voice|p2a: Mamoswine|[spread] p2a\n|-activate|p2b: Altaria|move: Protect\n|-damage|p2a: Mamoswine|0 fnt\n|faint|p2a: Mamoswine\n|\n|-heal|p1b: Umbreon|81/100|[from] item: Leftovers\n|upkeep\n|turn|5\n|inactive|sinuendo has 30 seconds left.\n|\n|t:|1776125441\n|move|p1a: Zoroark|Detect|p1a: Zoroark\n|-singleturn|p1a: Zoroark|Protect\n|move|p2b: Altaria|Hyper Voice|p1b: Umbreon|[spread] p1b\n|-activate|p1a: Zoroark|move: Protect\n|-supereffective|p1b: Umbreon|1\n|-damage|p1b: Umbreon|32/100\n|move|p1b: Umbreon|Snarl|p2b: Altaria\n|-resisted|p2b: Altaria|1\n|-damage|p2b: Altaria|48/100\n|-unboost|p2b: Altaria|spa|1\n|\n|-heal|p1b: Umbreon|38/100|[from] item: Leftovers\n|upkeep\n|turn|6\n|\n|t:|1776125458\n|move|p1a: Zoroark|Hyper Voice|p2b: Altaria\n|-damage|p2b: Altaria|0 fnt\n|faint|p2b: Altaria\n|\n|win|sinuendo\n|raw|sinuendo's rating: 1146 &rarr; <strong>1178</strong><br />(+32 for winning)\n|raw|loklastaji's rating: 1240 &rarr; <strong>1208</strong><br />(-32 for losing)\n",
  "uploadtime": 1776125464,
  "views": 14,
  "formatid": "gen9championsvgc2026regma",
  "rating": 1178,
  "private": 0,
  "password": null
}