{
  "id": "gen9championsvgc2026regma-2582654092",
  "format": "[Gen 9 Champions] VGC 2026 Reg M-A",
  "players": [
    "testhan92",
    "Suprenovah"
  ],
  "log": "|j|\u2606testhan92\n|j|\u2606Suprenovah\n|t:|1776105194\n|gametype|doubles\n|player|p1|testhan92|1|1191\n|player|p2|Suprenovah|169|1140\n|gen|9\n|tier|[Gen 9 Champions] VGC 2026 Reg M-A\n|rated|\n|rule|Species Clause: Limit one of each Pok\u00e9mon\n|rule|Item Clause: Limit 1 of each item\n|clearpoke\n|poke|p1|Charizard, L50, M|\n|poke|p1|Tyranitar, L50, M|\n|poke|p1|Aegislash, L50, F|\n|poke|p1|Floette-Eternal, L50, F|\n|poke|p1|Sinistcha, L50|\n|poke|p1|Gyarados, L50, M|\n|poke|p2|Incineroar, L50, F|\n|poke|p2|Pelipper, L50, F|\n|poke|p2|Basculegion, L50, M|\n|poke|p2|Whimsicott, L50, F|\n|poke|p2|Dragonite, L50, M|\n|poke|p2|Maushold-Four, L50|\n|teampreview|4\n|\n|t:|1776105234\n|teamsize|p1|4\n|teamsize|p2|4\n|start\n|switch|p1a: Charizard|Charizard, L50, M|100/100\n|switch|p1b: Sinistcha|Sinistcha, L50|100/100\n|switch|p2a: Whimsicott|Whimsicott, L50, F|100/100\n|switch|p2b: Incineroar|Incineroar, L50, F|100/100\n|-ability|p2b: Incineroar|Intimidate|boost\n|-unboost|p1a: Charizard|atk|1\n|-unboost|p1b: Sinistcha|atk|1\n|turn|1\n|\n|t:|1776105254\n|detailschange|p1a: Charizard|Charizard-Mega-X, L50, M\n|-mega|p1a: Charizard|Charizard|Charizardite X\n|move|p1b: Sinistcha|Protect|p1b: Sinistcha\n|-singleturn|p1b: Sinistcha|Protect\n|move|p2b: Incineroar|Fake Out|p1a: Charizard\n|-damage|p1a: Charizard|87/100\n|move|p2a: Whimsicott|Tailwind|p2a: Whimsicott\n|-sidestart|p2: Suprenovah|move: Tailwind\n|cant|p1a: Charizard|flinch\n|\n|upkeep\n|turn|2\n|\n|t:|1776105274\n|switch|p1b: Gyarados|Gyarados, L50, M|100/100\n|-ability|p1b: Gyarados|Intimidate|boost\n|-unboost|p2a: Whimsicott|atk|1\n|-unboost|p2b: Incineroar|atk|1\n|move|p2a: Whimsicott|Protect|p2a: Whimsicott\n|-singleturn|p2a: Whimsicott|Protect\n|move|p2b: Incineroar|Flare Blitz|p1b: Gyarados\n|-resisted|p1b: Gyarados|1\n|-damage|p1b: Gyarados|78/100\n|-damage|p2b: Incineroar|93/100|[from] Recoil\n|move|p1a: Charizard|Flare Blitz|p2a: Whimsicott\n|-activate|p2a: Whimsicott|move: Protect\n|\n|upkeep\n|turn|3\n|\n|t:|1776105316\n|switch|p2a: Pelipper|Pelipper, L50, F|100/100\n|-weather|RainDance|[from] ability: Drizzle|[of] p2a: Pelipper\n|move|p2b: Incineroar|Parting Shot|p1b: Gyarados\n|-unboost|p1b: Gyarados|atk|1\n|-unboost|p1b: Gyarados|spa|1\n|\n|t:|1776105324\n|switch|p2b: Basculegion|Basculegion, L50, M|100/100|[from] Parting Shot\n|move|p1a: Charizard|Flare Blitz|p2a: Pelipper\n|-resisted|p2a: Pelipper|1\n|-damage|p2a: Pelipper|83/100\n|-damage|p1a: Charizard|83/100|[from] Recoil\n|move|p1b: Gyarados|Taunt|p2b: Basculegion\n|-start|p2b: Basculegion|move: Taunt\n|\n|-weather|RainDance|[upkeep]\n|-heal|p2a: Pelipper|89/100|[from] item: Leftovers\n|upkeep\n|turn|4\n|\n|t:|1776105344\n|move|p1a: Charizard|Protect|p1a: Charizard\n|-singleturn|p1a: Charizard|Protect\n|move|p1b: Gyarados|Protect|p1b: Gyarados\n|-singleturn|p1b: Gyarados|Protect\n|move|p2b: Basculegion|Wave Crash|p1a: Charizard\n|-activate|p1a: Charizard|move: Protect\n|move|p2a: Pelipper|Hurricane|p1a: Charizard\n|-activate|p1a: Charizard|move: Protect\n|\n|-weather|RainDance|[upkeep]\n|-heal|p2a: Pelipper|95/100|[from] item: Leftovers\n|-sideend|p2: Suprenovah|move: Tailwind\n|upkeep\n|turn|5\n|\n|t:|1776105362\n|switch|p1b: Tyranitar|Tyranitar, L50, M|100/100\n|-weather|Sandstorm|[from] ability: Sand Stream|[of] p1b: Tyranitar\n|move|p1a: Charizard|Will-O-Wisp|p2b: Basculegion\n|-status|p2b: Basculegion|brn\n|move|p2b: Basculegion|Last Respects|p1a: Charizard\n|-damage|p1a: Charizard|71/100\n|move|p2a: Pelipper|Hurricane|p1a: Charizard\n|-damage|p1a: Charizard|26/100\n|\n|-weather|Sandstorm|[upkeep]\n|-damage|p1a: Charizard|20/100|[from] Sandstorm\n|-damage|p2b: Basculegion|94/100 brn|[from] Sandstorm\n|-damage|p2a: Pelipper|89/100|[from] Sandstorm\n|-heal|p2a: Pelipper|95/100|[from] item: Leftovers\n|-damage|p2b: Basculegion|88/100 brn|[from] brn\n|-end|p2b: Basculegion|move: Taunt\n|upkeep\n|turn|6\n|\n|t:|1776105392\n|move|p2a: Pelipper|Protect|p2a: Pelipper\n|-singleturn|p2a: Pelipper|Protect\n|move|p1b: Tyranitar|Rock Slide|p2b: Basculegion|[spread] p2b\n|-activate|p2a: Pelipper|move: Protect\n|-damage|p2b: Basculegion|48/100 brn\n|move|p1a: Charizard|Breaking Swipe|p2b: Basculegion|[spread] p2b\n|-activate|p2a: Pelipper|move: Protect\n|-damage|p2b: Basculegion|25/100 brn\n|-unboost|p2b: Basculegion|atk|1\n|move|p2b: Basculegion|Last Respects|p1a: Charizard\n|-damage|p1a: Charizard|12/100\n|\n|-weather|Sandstorm|[upkeep]\n|-damage|p1a: Charizard|6/100|[from] Sandstorm\n|-damage|p2b: Basculegion|19/100 brn|[from] Sandstorm\n|-damage|p2a: Pelipper|89/100|[from] Sandstorm\n|-heal|p2a: Pelipper|95/100|[from] item: Leftovers\n|-damage|p2b: Basculegion|13/100 brn|[from] brn\n|upkeep\n|turn|7\n|\n|t:|1776105429\n|switch|p1b: Sinistcha|Sinistcha, L50|100/100\n|-heal|p1a: Charizard|31/100|[from] ability: Hospitality|[of] p1b: Sinistcha\n|move|p2b: Basculegion|Aqua Jet|p1a: Charizard\n|-damage|p1a: Charizard|24/100\n|move|p1a: Charizard|Breaking Swipe|p2b: Basculegion|[spread] p2a,p2b\n|-damage|p2a: Pelipper|68/100\n|-damage|p2b: Basculegion|0 fnt\n|-unboost|p2a: Pelipper|atk|1\n|faint|p2b: Basculegion\n|move|p2a: Pelipper|U-turn|p1b: Sinistcha\n|-damage|p1b: Sinistcha|95/100\n|\n|t:|1776105446\n|switch|p2a: Whimsicott|Whimsicott, L50, F|100/100|[from] U-turn\n|\n|-weather|Sandstorm|[upkeep]\n|-damage|p2a: Whimsicott|95/100|[from] Sandstorm\n|-damage|p1a: Charizard|18/100|[from] Sandstorm\n|-damage|p1b: Sinistcha|89/100|[from] Sandstorm\n|upkeep\n|\n|t:|1776105451\n|switch|p2b: Incineroar|Incineroar, L50, F|93/100\n|-ability|p2b: Incineroar|Intimidate|boost\n|-unboost|p1a: Charizard|atk|1\n|-unboost|p1b: Sinistcha|atk|1\n|turn|8\n|\n|t:|1776105466\n|move|p1a: Charizard|Protect|p1a: Charizard\n|-singleturn|p1a: Charizard|Protect\n|move|p2a: Whimsicott|Tailwind|p2a: Whimsicott\n|-sidestart|p2: Suprenovah|move: Tailwind\n|move|p2b: Incineroar|Flare Blitz|p1b: Sinistcha\n|-supereffective|p1b: Sinistcha|1\n|-enditem|p1b: Sinistcha|Occa Berry|[eat]\n|-enditem|p1b: Sinistcha|Occa Berry|[weaken]\n|-damage|p1b: Sinistcha|32/100\n|-status|p1b: Sinistcha|brn\n|-damage|p2b: Incineroar|76/100|[from] Recoil\n|move|p1b: Sinistcha|Life Dew|p1b: Sinistcha|[spread] p1a,p1b\n|-heal|p1a: Charizard|43/100\n|-heal|p1b: Sinistcha|57/100 brn\n|\n|-weather|Sandstorm|[upkeep]\n|-damage|p2a: Whimsicott|89/100|[from] Sandstorm\n|-damage|p2b: Incineroar|70/100|[from] Sandstorm\n|-damage|p1a: Charizard|37/100|[from] Sandstorm\n|-damage|p1b: Sinistcha|51/100 brn|[from] Sandstorm\n|-damage|p1b: Sinistcha|45/100 brn|[from] brn\n|upkeep\n|turn|9\n|\n|t:|1776105497\n|switch|p1a: Gyarados|Gyarados, L50, M|78/100\n|-ability|p1a: Gyarados|Intimidate|boost\n|-unboost|p2a: Whimsicott|atk|1\n|-unboost|p2b: Incineroar|atk|1\n|move|p1b: Sinistcha|Protect|p1b: Sinistcha\n|-singleturn|p1b: Sinistcha|Protect\n|move|p2a: Whimsicott|Moonblast|p1a: Gyarados\n|-damage|p1a: Gyarados|49/100\n|move|p2b: Incineroar|Flare Blitz|p1b: Sinistcha\n|-activate|p1b: Sinistcha|move: Protect\n|\n|-weather|none\n|-damage|p1b: Sinistcha|39/100 brn|[from] brn\n|upkeep\n|turn|10\n|\n|t:|1776105526\n|switch|p1b: Charizard|Charizard-Mega-X, L50, M|37/100\n|move|p2a: Whimsicott|Moonblast|p1a: Gyarados\n|-damage|p1a: Gyarados|20/100\n|move|p2b: Incineroar|Flare Blitz|p1b: Charizard\n|-resisted|p1b: Charizard|2\n|-damage|p1b: Charizard|27/100\n|-damage|p2b: Incineroar|67/100|[from] Recoil\n|move|p1a: Gyarados|Waterfall|p2b: Incineroar\n|-supereffective|p2b: Incineroar|1\n|-damage|p2b: Incineroar|0 fnt\n|faint|p2b: Incineroar\n|\n|upkeep\n|\n|t:|1776105540\n|switch|p2b: Pelipper|Pelipper, L50, F|68/100\n|-weather|RainDance|[from] ability: Drizzle|[of] p2b: Pelipper\n|turn|11\n|\n|t:|1776105566\n|move|p1b: Charizard|Protect|p1b: Charizard\n|-singleturn|p1b: Charizard|Protect\n|move|p2a: Whimsicott|Moonblast|p1b: Charizard\n|-activate|p1b: Charizard|move: Protect\n|move|p2b: Pelipper|Weather Ball|p1b: Charizard\n|-activate|p1b: Charizard|move: Protect\n|move|p1a: Gyarados|Waterfall|p2b: Pelipper\n|-resisted|p2b: Pelipper|1\n|-damage|p2b: Pelipper|30/100\n|\n|-weather|RainDance|[upkeep]\n|-heal|p2b: Pelipper|36/100|[from] item: Leftovers\n|-sideend|p2: Suprenovah|move: Tailwind\n|upkeep\n|turn|12\n|\n|t:|1776105586\n|switch|p1b: Sinistcha|Sinistcha, L50|39/100 brn\n|-heal|p1a: Gyarados|45/100|[from] ability: Hospitality|[of] p1b: Sinistcha\n|move|p2a: Whimsicott|Moonblast|p1b: Sinistcha\n|-damage|p1b: Sinistcha|9/100 brn\n|move|p1a: Gyarados|Waterfall|p2b: Pelipper\n|-resisted|p2b: Pelipper|1\n|-damage|p2b: Pelipper|0 fnt\n|faint|p2b: Pelipper\n|\n|-weather|RainDance|[upkeep]\n|-damage|p1b: Sinistcha|3/100 brn|[from] brn\n|upkeep\n|turn|13\n|\n|t:|1776105605\n|switch|p1b: Tyranitar|Tyranitar, L50, M|100/100\n|-weather|Sandstorm|[from] ability: Sand Stream|[of] p1b: Tyranitar\n|move|p2a: Whimsicott|Protect|p2a: Whimsicott\n|-singleturn|p2a: Whimsicott|Protect\n|move|p1a: Gyarados|Thunder Wave|p2a: Whimsicott\n|-activate|p2a: Whimsicott|move: Protect\n|\n|-weather|Sandstorm|[upkeep]\n|-damage|p2a: Whimsicott|83/100|[from] Sandstorm\n|-damage|p1a: Gyarados|39/100|[from] Sandstorm\n|upkeep\n|turn|14\n|\n|t:|1776105619\n|move|p1b: Tyranitar|Ice Punch|p2a: Whimsicott\n|-supereffective|p2a: Whimsicott|1\n|-damage|p2a: Whimsicott|7/100\n|move|p2a: Whimsicott|Moonblast|p1b: Tyranitar\n|-supereffective|p1b: Tyranitar|1\n|-damage|p1b: Tyranitar|53/100\n|move|p1a: Gyarados|Waterfall|p2a: Whimsicott\n|-resisted|p2a: Whimsicott|1\n|-damage|p2a: Whimsicott|0 fnt\n|faint|p2a: Whimsicott\n|\n|win|testhan92\n|raw|testhan92's rating: 1191 &rarr; <strong>1212</strong><br />(+21 for winning)\n|raw|Suprenovah's rating: 1140 &rarr; <strong>1119</strong><br />(-21 for losing)\n|l|\u2606Suprenovah\n|player|p2|\n",
  "uploadtime": 1776105620,
  "views": 15,
  "formatid": "gen9championsvgc2026regma",
  "rating": 1119,
  "private": 0,
  "password": null
}