{
  "id": "gen9championsvgc2026regma-2584811322",
  "format": "[Gen 9 Champions] VGC 2026 Reg M-A",
  "players": [
    "bryangm02",
    "Nebulash.dedede"
  ],
  "log": "|j|\u2606bryangm02\n|j|\u2606Nebulash.dedede\n|t:|1776285427\n|gametype|doubles\n|player|p1|bryangm02|1|1186\n|player|p2|Nebulash.dedede|2|1183\n|gen|9\n|tier|[Gen 9 Champions] VGC 2026 Reg M-A\n|rated|\n|rule|Species Clause: Limit one of each Pok\u00e9mon\n|rule|Item Clause: Limit 1 of each item\n|clearpoke\n|poke|p1|Meganium, L50, M|\n|poke|p1|Aerodactyl, L50, F|\n|poke|p1|Tauros-Paldea-Aqua, L50, M|\n|poke|p1|Kangaskhan, L50, F|\n|poke|p1|Archaludon, L50, M|\n|poke|p1|Typhlosion-Hisui, L50, F|\n|poke|p2|Aggron, L50, F|\n|poke|p2|Tyranitar, L50, F|\n|poke|p2|Floette-Eternal, L50, F|\n|poke|p2|Sinistcha, L50|\n|poke|p2|Rotom-Wash, L50|\n|poke|p2|Incineroar, L50, M|\n|teampreview|4\n|inactive|Battle timer is ON: inactive players will automatically lose when time's up. (requested by bryangm02)\n|\n|t:|1776285467\n|teamsize|p1|4\n|teamsize|p2|4\n|start\n|switch|p1a: Aerodactyl|Aerodactyl, L50, F|100/100\n|switch|p1b: Tauros|Tauros-Paldea-Aqua, L50, M|100/100\n|switch|p2a: Floette|Floette-Eternal, L50, F|100/100\n|switch|p2b: Rotom|Rotom-Wash, L50|100/100\n|-ability|p1a: Aerodactyl|Unnerve\n|-ability|p1b: Tauros|Intimidate|boost\n|-unboost|p2a: Floette|atk|1\n|-unboost|p2b: Rotom|atk|1\n|turn|1\n|\n|t:|1776285489\n|detailschange|p2a: Floette|Floette-Mega, L50, F\n|-mega|p2a: Floette|Floette|Floettite\n|-ability|p2a: Floette|Fairy Aura\n|move|p1b: Tauros|Protect|p1b: Tauros\n|-singleturn|p1b: Tauros|Protect\n|move|p1a: Aerodactyl|Tailwind|p1a: Aerodactyl\n|-sidestart|p1: bryangm02|move: Tailwind\n|move|p2b: Rotom|Electroweb|p1a: Aerodactyl|[spread] p1a\n|-activate|p1b: Tauros|move: Protect\n|-supereffective|p1a: Aerodactyl|1\n|-damage|p1a: Aerodactyl|53/100\n|-unboost|p1a: Aerodactyl|spe|1\n|move|p2a: Floette|Dazzling Gleam|p1a: Aerodactyl|[spread] p1a\n|-activate|p1b: Tauros|move: Protect\n|-damage|p1a: Aerodactyl|0 fnt\n|faint|p1a: Aerodactyl\n|\n|upkeep\n|\n|t:|1776285506\n|switch|p1a: Archaludon|Archaludon, L50, M|100/100\n|turn|2\n|\n|t:|1776285518\n|switch|p2a: Incineroar|Incineroar, L50, M|100/100\n|-ability|p2a: Incineroar|Intimidate|boost\n|-unboost|p1a: Archaludon|atk|1\n|-unboost|p1b: Tauros|atk|1\n|-enditem|p1b: Tauros|White Herb\n|-clearnegativeboost|p1b: Tauros|[silent]\n|move|p1b: Tauros|Wave Crash|p2a: Incineroar\n|-supereffective|p2a: Incineroar|1\n|-damage|p2a: Incineroar|0 fnt\n|faint|p2a: Incineroar\n|-damage|p1b: Tauros|56/100|[from] Recoil\n|move|p1a: Archaludon|Flash Cannon|p2b: Rotom\n|-resisted|p2b: Rotom|2\n|-damage|p2b: Rotom|89/100\n|-unboost|p2b: Rotom|spd|1\n|move|p2b: Rotom|Volt Switch|p1b: Tauros\n|-supereffective|p1b: Tauros|1\n|-damage|p1b: Tauros|0 fnt\n|faint|p1b: Tauros\n|\n|t:|1776285537\n|switch|p2b: Floette|Floette-Mega, L50, F|100/100|[from] Volt Switch\n|-ability|p2b: Floette|Fairy Aura\n|\n|upkeep\n|\n|t:|1776285550\n|switch|p1b: Meganium|Meganium, L50, M|100/100\n|switch|p2a: Rotom|Rotom-Wash, L50|89/100\n|turn|3\n|\n|t:|1776285570\n|detailschange|p1b: Meganium|Meganium-Mega, L50, M\n|-mega|p1b: Meganium|Meganium|Meganiumite\n|move|p1a: Archaludon|Flash Cannon|p2b: Floette\n|-supereffective|p2b: Floette|1\n|-damage|p2b: Floette|35/100\n|move|p1b: Meganium|Solar Beam||[still]\n|-prepare|p1b: Meganium|Solar Beam\n|-activate|p1b: Meganium|ability: Mega Sol\n|-anim|p1b: Meganium|Solar Beam|p2a: Rotom\n|-supereffective|p2a: Rotom|1\n|-damage|p2a: Rotom|0 fnt\n|faint|p2a: Rotom\n|move|p2b: Floette|Calm Mind|p2b: Floette\n|-boost|p2b: Floette|spa|1\n|-boost|p2b: Floette|spd|1\n|\n|upkeep\n|\n|t:|1776285581\n|switch|p2a: Tyranitar|Tyranitar, L50, F|100/100\n|-weather|Sandstorm|[from] ability: Sand Stream|[of] p2a: Tyranitar\n|turn|4\n|\n|t:|1776285600\n|move|p2b: Floette|Protect|p2b: Floette\n|-singleturn|p2b: Floette|Protect\n|move|p1a: Archaludon|Flash Cannon|p2b: Floette\n|-activate|p2b: Floette|move: Protect\n|move|p1b: Meganium|Dazzling Gleam|p2a: Tyranitar|[spread] p2a\n|-activate|p2b: Floette|move: Protect\n|-supereffective|p2a: Tyranitar|1\n|-damage|p2a: Tyranitar|15/100\n|move|p2a: Tyranitar|Low Kick|p1a: Archaludon\n|-supereffective|p1a: Archaludon|1\n|-damage|p1a: Archaludon|51/100\n|\n|-weather|Sandstorm|[upkeep]\n|-damage|p1b: Meganium|95/100|[from] Sandstorm\n|-damage|p2b: Floette|30/100|[from] Sandstorm\n|-heal|p1a: Archaludon|57/100|[from] item: Leftovers\n|-sideend|p1: bryangm02|move: Tailwind\n|upkeep\n|turn|5\n|inactive|bryangm02 has 30 seconds left.\n|\n|t:|1776285628\n|move|p1a: Archaludon|Protect|p1a: Archaludon\n|-singleturn|p1a: Archaludon|Protect\n|move|p2a: Tyranitar|Low Kick|p1a: Archaludon\n|-activate|p1a: Archaludon|move: Protect\n|move|p1b: Meganium|Dazzling Gleam|p2b: Floette|[spread] p2a,p2b\n|-supereffective|p2a: Tyranitar|1\n|-damage|p2a: Tyranitar|0 fnt\n|-damage|p2b: Floette|7/100\n|faint|p2a: Tyranitar\n|move|p2b: Floette|Moonblast|p1b: Meganium\n|-damage|p1b: Meganium|0 fnt\n|faint|p1b: Meganium\n|\n|-weather|Sandstorm|[upkeep]\n|-damage|p2b: Floette|2/100|[from] Sandstorm\n|-heal|p1a: Archaludon|63/100|[from] item: Leftovers\n|upkeep\n|turn|6\n|\n|t:|1776285644\n|move|p1a: Archaludon|Protect||[still]\n|-fail|p1a: Archaludon\n|move|p2b: Floette|Moonblast|p1a: Archaludon\n|-damage|p1a: Archaludon|0 fnt\n|faint|p1a: Archaludon\n|\n|win|Nebulash.dedede\n|raw|bryangm02's rating: 1186 &rarr; <strong>1161</strong><br />(-25 for losing)\n|raw|Nebulash.dedede's rating: 1183 &rarr; <strong>1208</strong><br />(+25 for winning)\n",
  "uploadtime": 1776285651,
  "views": 19,
  "formatid": "gen9championsvgc2026regma",
  "rating": 1161,
  "private": 0,
  "password": null
}