{
  "id": "gen9championsvgc2026regma-2586246328",
  "format": "[Gen 9 Champions] VGC 2026 Reg M-A",
  "players": [
    "g.pedrii",
    "FGDHTYRFGTYK"
  ],
  "log": "|j|\u2606g.pedrii\n|j|\u2606FGDHTYRFGTYK\n|t:|1776416907\n|gametype|doubles\n|player|p1|g.pedrii|266|1050\n|player|p2|FGDHTYRFGTYK|169|1000\n|gen|9\n|tier|[Gen 9 Champions] VGC 2026 Reg M-A\n|rated|\n|rule|Species Clause: Limit one of each Pok\u00e9mon\n|rule|Item Clause: Limit 1 of each item\n|clearpoke\n|poke|p1|Charizard, L50, F|\n|poke|p1|Garbodor, L50, M|\n|poke|p1|Sneasler, L50, F|\n|poke|p1|Sableye, L50, F|\n|poke|p1|Farigiraf, L50, F|\n|poke|p1|Greninja-*, L50, M|\n|poke|p2|Dragonite, L50, F|\n|poke|p2|Whimsicott, L50, M|\n|poke|p2|Incineroar, L50, F|\n|poke|p2|Kingambit, L50, M|\n|poke|p2|Archaludon, L50, F|\n|poke|p2|Palafin, L50, M|\n|teampreview|4\n|inactive|Battle timer is ON: inactive players will automatically lose when time's up. (requested by g.pedrii)\n|inactive|FGDHTYRFGTYK has 60 seconds left.\n|inactive|FGDHTYRFGTYK has 30 seconds left.\n|\n|t:|1776416992\n|teamsize|p1|4\n|teamsize|p2|4\n|start\n|switch|p1a: Sableye|Sableye, L50, F|100/100\n|switch|p1b: Charizard|Charizard, L50, F|100/100\n|switch|p2a: Palafin|Palafin, L50, M|100/100\n|switch|p2b: Whimsicott|Whimsicott, L50, M|100/100\n|turn|1\n|\n|t:|1776417013\n|detailschange|p2a: Palafin|Palafin-Hero, L50, M\n|switch|p2a: Incineroar|Incineroar, L50, F|100/100\n|-ability|p2a: Incineroar|Intimidate|boost\n|-unboost|p1a: Sableye|atk|1\n|-unboost|p1b: Charizard|atk|1\n|move|p1b: Charizard|Protect|p1b: Charizard\n|-singleturn|p1b: Charizard|Protect\n|move|p2b: Whimsicott|Tailwind|p2b: Whimsicott\n|-sidestart|p2: FGDHTYRFGTYK|move: Tailwind\n|move|p1a: Sableye|Thunder Wave|p2a: Incineroar\n|-hint|Since gen 7, Dark is immune to Prankster moves.\n|-immune|p2a: Incineroar\n|\n|upkeep\n|turn|2\n|inactive|g.pedrii has 30 seconds left.\n|\n|t:|1776417041\n|switch|p1b: Garbodor|Garbodor, L50, M|100/100\n|move|p2a: Incineroar|Fake Out|p1b: Garbodor\n|-damage|p1b: Garbodor|90/100\n|move|p2b: Whimsicott|Moonblast|p1a: Sableye\n|-supereffective|p1a: Sableye|1\n|-damage|p1a: Sableye|30/100\n|move|p1a: Sableye|X-Scissor|p2b: Whimsicott\n|-damage|p2b: Whimsicott|89/100\n|\n|upkeep\n|turn|3\n|inactive|g.pedrii has 30 seconds left.\n|inactive|FGDHTYRFGTYK has 30 seconds left.\n|\n|t:|1776417068\n|move|p1a: Sableye|Thunder Wave|p2a: Incineroar\n|-hint|Since gen 7, Dark is immune to Prankster moves.\n|-immune|p2a: Incineroar\n|move|p2b: Whimsicott|Moonblast|p1a: Sableye\n|-supereffective|p1a: Sableye|1\n|-damage|p1a: Sableye|0 fnt\n|faint|p1a: Sableye\n|move|p2a: Incineroar|Flare Blitz|p1b: Garbodor\n|-damage|p1b: Garbodor|46/100\n|-damage|p2a: Incineroar|87/100|[from] Recoil\n|move|p1b: Garbodor|Stockpile|p1b: Garbodor\n|-start|p1b: Garbodor|stockpile1\n|-boost|p1b: Garbodor|def|1\n|-boost|p1b: Garbodor|spd|1\n|\n|upkeep\n|\n|t:|1776417091\n|switch|p1a: Sneasler|Sneasler, L50, F|100/100\n|turn|4\n|\n|t:|1776417112\n|move|p2b: Whimsicott|Moonblast|p1a: Sneasler\n|-damage|p1a: Sneasler|62/100\n|move|p1a: Sneasler|Dire Claw|p2b: Whimsicott\n|-supereffective|p2b: Whimsicott|2\n|-damage|p2b: Whimsicott|0 fnt\n|faint|p2b: Whimsicott\n|move|p2a: Incineroar|Flare Blitz|p1b: Garbodor\n|-damage|p1b: Garbodor|19/100\n|-damage|p2a: Incineroar|79/100|[from] Recoil\n|move|p1b: Garbodor|Stockpile|p1b: Garbodor\n|-start|p1b: Garbodor|stockpile2\n|-boost|p1b: Garbodor|def|1\n|-boost|p1b: Garbodor|spd|1\n|\n|-sideend|p2: FGDHTYRFGTYK|move: Tailwind\n|upkeep\n|\n|t:|1776417121\n|switch|p2b: Palafin|Palafin-Hero, L50, M|100/100\n|-activate|p2b: Palafin|ability: Zero to Hero\n|turn|5\n|\n|t:|1776417137\n|move|p1a: Sneasler|Quick Guard|p1a: Sneasler\n|-singleturn|p1a: Sneasler|Quick Guard\n|move|p2b: Palafin|Jet Punch|p1b: Garbodor\n|-activate|p1b: Garbodor|move: Quick Guard\n|move|p1b: Garbodor|Body Press|p2a: Incineroar\n|-supereffective|p2a: Incineroar|1\n|-damage|p2a: Incineroar|18/100\n|-enditem|p2a: Incineroar|Sitrus Berry|[eat]\n|-heal|p2a: Incineroar|43/100|[from] item: Sitrus Berry\n|move|p2a: Incineroar|Parting Shot|p1a: Sneasler\n|-unboost|p1a: Sneasler|atk|1\n|-unboost|p1a: Sneasler|spa|1\n|\n|t:|1776417148\n|switch|p2a: Dragonite|Dragonite, L50, F|100/100|[from] Parting Shot\n|-enditem|p1a: Sneasler|White Herb\n|-clearnegativeboost|p1a: Sneasler|[silent]\n|\n|upkeep\n|turn|6\n|\n|t:|1776417164\n|detailschange|p2a: Dragonite|Dragonite-Mega, L50, F\n|-mega|p2a: Dragonite|Dragonite|Dragoninite\n|move|p2a: Dragonite|Extreme Speed|p1b: Garbodor\n|-damage|p1b: Garbodor|4/100\n|move|p1a: Sneasler|Dire Claw|p2b: Palafin\n|-damage|p2b: Palafin|66/100\n|-status|p2b: Palafin|par\n|move|p1b: Garbodor|Body Press|p2b: Palafin\n|-damage|p2b: Palafin|33/100 par\n|move|p2b: Palafin|Wave Crash|p1a: Sneasler\n|-damage|p1a: Sneasler|0 fnt\n|faint|p1a: Sneasler\n|-damage|p2b: Palafin|17/100 par|[from] Recoil\n|\n|upkeep\n|inactive|g.pedrii has 30 seconds left.\n|\n|t:|1776417193\n|switch|p1a: Charizard|Charizard, L50, F|100/100\n|turn|7\n|\n|t:|1776417212\n|switch|p2a: Incineroar|Incineroar, L50, F|43/100\n|-ability|p2a: Incineroar|Intimidate|boost\n|-unboost|p1a: Charizard|atk|1\n|-unboost|p1b: Garbodor|atk|1\n|detailschange|p1a: Charizard|Charizard-Mega-Y, L50, F\n|-mega|p1a: Charizard|Charizard|Charizardite Y\n|-weather|SunnyDay|[from] ability: Drought|[of] p1a: Charizard\n|move|p2b: Palafin|Jet Punch|p1b: Garbodor\n|-damage|p1b: Garbodor|0 fnt\n|faint|p1b: Garbodor\n|move|p1a: Charizard|Heat Wave|p2a: Incineroar|[spread] p2a,p2b\n|-resisted|p2a: Incineroar|1\n|-resisted|p2b: Palafin|1\n|-damage|p2a: Incineroar|18/100\n|-damage|p2b: Palafin|0 fnt\n|faint|p2b: Palafin\n|\n|-weather|SunnyDay|[upkeep]\n|upkeep\n|\n|t:|1776417225\n|switch|p2b: Dragonite|Dragonite-Mega, L50, F|100/100\n|turn|8\n|\n|t:|1776417235\n|move|p2a: Incineroar|Fake Out|p1a: Charizard\n|-damage|p1a: Charizard|85/100\n|move|p2b: Dragonite|Dragon Dance|p2b: Dragonite\n|-boost|p2b: Dragonite|atk|1\n|-boost|p2b: Dragonite|spe|1\n|cant|p1a: Charizard|flinch\n|\n|-weather|SunnyDay|[upkeep]\n|upkeep\n|turn|9\n|\n|t:|1776417246\n|move|p2b: Dragonite|Dragon Claw|p1a: Charizard\n|-damage|p1a: Charizard|0 fnt\n|faint|p1a: Charizard\n|\n|win|FGDHTYRFGTYK\n|raw|g.pedrii's rating: 1050 &rarr; <strong>1030</strong><br />(-20 for losing)\n|raw|FGDHTYRFGTYK's rating: 1000 &rarr; <strong>1046</strong><br />(+46 for winning)\n",
  "uploadtime": 1776417255,
  "views": 21,
  "formatid": "gen9championsvgc2026regma",
  "rating": 1030,
  "private": 0,
  "password": null
}