{
  "id": "gen9championsvgc2026regma-2583292355",
  "format": "[Gen 9 Champions] VGC 2026 Reg M-A",
  "players": [
    "ojm050904",
    "aggsapphire"
  ],
  "log": "|j|\u2606ojm050904\n|j|\u2606aggsapphire\n|t:|1776163878\n|gametype|doubles\n|player|p1|ojm050904|rosa|1197\n|player|p2|aggsapphire|101|1272\n|gen|9\n|tier|[Gen 9 Champions] VGC 2026 Reg M-A\n|rated|\n|rule|Species Clause: Limit one of each Pok\u00e9mon\n|rule|Item Clause: Limit 1 of each item\n|clearpoke\n|poke|p1|Pelipper, L50, M|\n|poke|p1|Basculegion, L50, M|\n|poke|p1|Meganium, L50, F|\n|poke|p1|Archaludon, L50, F|\n|poke|p1|Greninja-*, L50, M|\n|poke|p1|Sneasler, L50, M|\n|poke|p2|Incineroar, L50, M|\n|poke|p2|Sinistcha, L50|\n|poke|p2|Kingambit, L50, F|\n|poke|p2|Floette-Eternal, L50, F|\n|poke|p2|Dragapult, L50, M|\n|poke|p2|Sneasler, L50, F|\n|teampreview|4\n|inactive|Battle timer is ON: inactive players will automatically lose when time's up. (requested by ojm050904)\n|l|\u2606ojm050904\n|inactive|ojm050904 disconnected and has a minute to reconnect!\n|player|p1|\n|inactive|aggsapphire has 60 seconds left.\n|\n|t:|1776163946\n|teamsize|p1|4\n|teamsize|p2|4\n|start\n|switch|p1a: Pelipper|Pelipper, L50, M|100/100\n|switch|p1b: Greninja|Greninja, L50, M|100/100\n|switch|p2a: Dragapult|Dragapult, L50, M|100/100\n|switch|p2b: Sneasler|Sneasler, L50, F|100/100\n|-weather|RainDance|[from] ability: Drizzle|[of] p1a: Pelipper\n|turn|1\n|j|\u2606ojm050904\n|inactive|ojm050904 reconnected and has 55 seconds left.\n|player|p1|ojm050904|rosa|\n|inactive|aggsapphire has 30 seconds left.\n|\n|t:|1776163974\n|switch|p1b: Basculegion|Basculegion, L50, M|100/100\n|move|p2b: Sneasler|Protect|p2b: Sneasler\n|-singleturn|p2b: Sneasler|Protect\n|move|p2a: Dragapult|Dragon Darts|p1a: Pelipper\n|-damage|p1a: Pelipper|66/100\n|-anim|p2a: Dragapult|Dragon Darts|p1b: Basculegion\n|-damage|p1b: Basculegion|70/100\n|move|p1a: Pelipper|Hurricane|p2b: Sneasler\n|-activate|p2b: Sneasler|move: Protect\n|\n|-weather|RainDance|[upkeep]\n|upkeep\n|turn|2\n|inactive|ojm050904 has 30 seconds left.\n|\n|t:|1776164007\n|move|p1b: Basculegion|Wave Crash|p2b: Sneasler\n|-damage|p2b: Sneasler|0 fnt\n|faint|p2b: Sneasler\n|-damage|p1b: Basculegion|44/100|[from] Recoil\n|move|p2a: Dragapult|Will-O-Wisp|p1b: Basculegion\n|-status|p1b: Basculegion|brn\n|move|p1a: Pelipper|Hurricane|p2a: Dragapult\n|-damage|p2a: Dragapult|40/100\n|\n|-weather|RainDance|[upkeep]\n|-damage|p1b: Basculegion|37/100 brn|[from] brn\n|upkeep\n|\n|t:|1776164024\n|switch|p2b: Floette|Floette-Eternal, L50, F|100/100\n|turn|3\n|\n|t:|1776164037\n|detailschange|p2b: Floette|Floette-Mega, L50, F\n|-mega|p2b: Floette|Floette|Floettite\n|-ability|p2b: Floette|Fairy Aura\n|move|p1b: Basculegion|Flip Turn|p2a: Dragapult\n|-resisted|p2a: Dragapult|1\n|-damage|p2a: Dragapult|21/100\n|\n|t:|1776164050\n|switch|p1b: Archaludon|Archaludon, L50, F|100/100|[from] Flip Turn\n|move|p2a: Dragapult|Dragon Darts|p1b: Archaludon\n|-damage|p1b: Archaludon|84/100\n|-ability|p1b: Archaludon|Stamina|boost\n|-boost|p1b: Archaludon|def|1\n|-anim|p2a: Dragapult|Dragon Darts|p1a: Pelipper\n|-damage|p1a: Pelipper|31/100\n|move|p1a: Pelipper|Hurricane|p2b: Floette\n|-damage|p2b: Floette|66/100\n|move|p2b: Floette|Calm Mind|p2b: Floette\n|-boost|p2b: Floette|spa|1\n|-boost|p2b: Floette|spd|1\n|\n|-weather|RainDance|[upkeep]\n|-heal|p1b: Archaludon|90/100|[from] item: Leftovers\n|upkeep\n|turn|4\n|inactive|aggsapphire has 30 seconds left.\n|\n|t:|1776164080\n|move|p2a: Dragapult|Dragon Darts|p1a: Pelipper\n|-damage|p1a: Pelipper|0 fnt\n|-anim|p2a: Dragapult|Dragon Darts|p1b: Archaludon\n|-damage|p1b: Archaludon|77/100\n|-ability|p1b: Archaludon|Stamina|boost\n|-boost|p1b: Archaludon|def|1\n|faint|p1a: Pelipper\n|move|p2b: Floette|Calm Mind|p2b: Floette\n|-boost|p2b: Floette|spa|1\n|-boost|p2b: Floette|spd|1\n|move|p1b: Archaludon|Flash Cannon|p2b: Floette\n|-supereffective|p2b: Floette|1\n|-damage|p2b: Floette|32/100\n|\n|-weather|RainDance|[upkeep]\n|-heal|p1b: Archaludon|84/100|[from] item: Leftovers\n|upkeep\n|\n|t:|1776164084\n|switch|p1a: Greninja|Greninja, L50, M|100/100\n|turn|5\n|inactive|aggsapphire has 30 seconds left.\n|inactive|aggsapphire has 20 seconds left.\n|inactive|aggsapphire has 15 seconds left.\n|\n|t:|1776164127\n|switch|p2a: Sinistcha|Sinistcha, L50|100/100\n|-heal|p2b: Floette|56/100|[from] ability: Hospitality|[of] p2a: Sinistcha\n|detailschange|p1a: Greninja|Greninja-Mega, L50, M\n|-mega|p1a: Greninja|Greninja|Greninjite\n|move|p2b: Floette|Protect|p2b: Floette\n|-singleturn|p2b: Floette|Protect\n|move|p1a: Greninja|Sludge Wave|p2b: Floette|[spread] p2a\n|-start|p1a: Greninja|typechange|Poison|[from] ability: Protean\n|-activate|p2b: Floette|move: Protect\n|-immune|p1b: Archaludon\n|-damage|p2a: Sinistcha|68/100\n|move|p1b: Archaludon|Electro Shot||[still]\n|-prepare|p1b: Archaludon|Electro Shot\n|-boost|p1b: Archaludon|spa|1\n|-anim|p1b: Archaludon|Electro Shot|p2b: Floette\n|-activate|p2b: Floette|move: Protect\n|\n|-weather|none\n|-heal|p1b: Archaludon|90/100|[from] item: Leftovers\n|upkeep\n|turn|6\n|inactive|aggsapphire has 30 seconds left.\n|\n|t:|1776164161\n|move|p1a: Greninja|Sludge Wave|p2a: Sinistcha|[spread] p2a,p2b\n|-immune|p1b: Archaludon\n|-supereffective|p2b: Floette|1\n|-damage|p2a: Sinistcha|33/100\n|-damage|p2b: Floette|31/100\n|-enditem|p2a: Sinistcha|Sitrus Berry|[eat]\n|-heal|p2a: Sinistcha|57/100|[from] item: Sitrus Berry\n|move|p2b: Floette|Draining Kiss|p1b: Archaludon\n|-damage|p1b: Archaludon|0 fnt\n|-heal|p2b: Floette|94/100|[from] drain|[of] p1b: Archaludon\n|faint|p1b: Archaludon\n|move|p2a: Sinistcha|Life Dew|p2a: Sinistcha|[spread] p2a,p2b\n|-heal|p2a: Sinistcha|83/100\n|-heal|p2b: Floette|100/100\n|\n|upkeep\n|\n|t:|1776164166\n|switch|p1b: Basculegion|Basculegion, L50, M|37/100 brn\n|turn|7\n|\n|t:|1776164178\n|move|p2b: Floette|Protect|p2b: Floette\n|-singleturn|p2b: Floette|Protect\n|move|p1a: Greninja|Ice Beam|p2a: Sinistcha\n|-supereffective|p2a: Sinistcha|1\n|-damage|p2a: Sinistcha|17/100\n|move|p1b: Basculegion|Wave Crash|p2b: Floette\n|-activate|p2b: Floette|move: Protect\n|move|p2a: Sinistcha|Matcha Gotcha|p1b: Basculegion|[spread] p1a,p1b\n|-resisted|p1a: Greninja|1\n|-supereffective|p1b: Basculegion|1\n|-damage|p1a: Greninja|83/100\n|-heal|p2a: Sinistcha|25/100|[from] drain|[of] p1a: Greninja\n|-damage|p1b: Basculegion|0 fnt\n|-heal|p2a: Sinistcha|45/100|[from] drain|[of] p1b: Basculegion\n|faint|p1b: Basculegion\n|\n|upkeep\n|turn|8\n|inactive|aggsapphire has 30 seconds left.\n|\n|t:|1776164205\n|move|p1a: Greninja|Ice Beam|p2a: Sinistcha\n|-supereffective|p2a: Sinistcha|1\n|-damage|p2a: Sinistcha|0 fnt\n|faint|p2a: Sinistcha\n|move|p2b: Floette|Draining Kiss|p1a: Greninja\n|-resisted|p1a: Greninja|1\n|-damage|p1a: Greninja|30/100\n|\n|upkeep\n|\n|t:|1776164213\n|switch|p2a: Dragapult|Dragapult, L50, M|21/100\n|turn|9\n|\n|t:|1776164226\n|move|p2a: Dragapult|Dragon Darts|p1a: Greninja\n|-damage|p1a: Greninja|0 fnt\n|faint|p1a: Greninja\n|\n|win|aggsapphire\n|raw|ojm050904's rating: 1197 &rarr; <strong>1177</strong><br />(-20 for losing)\n|raw|aggsapphire's rating: 1272 &rarr; <strong>1292</strong><br />(+20 for winning)\n|l|\u2606ojm050904\n|player|p1|\n",
  "uploadtime": 1776164236,
  "views": 19,
  "formatid": "gen9championsvgc2026regma",
  "rating": 1177,
  "private": 0,
  "password": null
}