{
  "id": "gen9championsvgc2026regma-2586655182",
  "format": "[Gen 9 Champions] VGC 2026 Reg M-A",
  "players": [
    "gerdy",
    "BomboJames"
  ],
  "log": "|j|\u2606gerdy\n|j|\u2606BomboJames\n|t:|1776449766\n|gametype|doubles\n|player|p1|gerdy|1|1233\n|player|p2|BomboJames|1|1333\n|gen|9\n|tier|[Gen 9 Champions] VGC 2026 Reg M-A\n|rated|\n|rule|Species Clause: Limit one of each Pok\u00e9mon\n|rule|Item Clause: Limit 1 of each item\n|clearpoke\n|poke|p1|Delphox, L50, M|\n|poke|p1|Floette-Eternal, L50, F|\n|poke|p1|Garchomp, L50, M|\n|poke|p1|Aerodactyl, L50, M|\n|poke|p1|Maushold-Four, L50|\n|poke|p1|Sneasler, L50, F|\n|poke|p2|Golurk, L50|\n|poke|p2|Farigiraf, L50, F|\n|poke|p2|Incineroar, L50, M|\n|poke|p2|Torkoal, L50, F|\n|poke|p2|Sneasler, L50, M|\n|poke|p2|Venusaur, L50, F|\n|teampreview|4\n|inactive|Battle timer is ON: inactive players will automatically lose when time's up. (requested by BomboJames)\nBomboJames rejected open team sheets.\n|\n|t:|1776449819\n|teamsize|p1|4\n|teamsize|p2|4\n|start\n|switch|p1a: Floette|Floette-Eternal, L50, F|100/100\n|switch|p1b: Aerodactyl|Aerodactyl, L50, M|100/100\n|switch|p2a: Farigiraf|Farigiraf, L50, F|100/100\n|switch|p2b: Incineroar|Incineroar, L50, M|100/100\n|-ability|p1b: Aerodactyl|Unnerve\n|-ability|p2b: Incineroar|Intimidate|boost\n|-unboost|p1a: Floette|atk|1\n|-unboost|p1b: Aerodactyl|atk|1\n|turn|1\n|inactive|BomboJames has 30 seconds left.\n|\n|t:|1776449852\n|detailschange|p1a: Floette|Floette-Mega, L50, F\n|-mega|p1a: Floette|Floette|Floettite\n|-ability|p1a: Floette|Fairy Aura\n|move|p1b: Aerodactyl|Rock Slide|p2b: Incineroar|[spread] p2a,p2b\n|-supereffective|p2b: Incineroar|1\n|-damage|p2a: Farigiraf|87/100\n|-damage|p2b: Incineroar|73/100\n|move|p1a: Floette|Calm Mind|p1a: Floette\n|-boost|p1a: Floette|spa|1\n|-boost|p1a: Floette|spd|1\n|move|p2b: Incineroar|Parting Shot|p1a: Floette\n|-unboost|p1a: Floette|atk|1\n|-unboost|p1a: Floette|spa|1\n|\n|t:|1776449865\n|switch|p2b: Torkoal|Torkoal, L50, F|100/100|[from] Parting Shot\n|-weather|SunnyDay|[from] ability: Drought|[of] p2b: Torkoal\n|move|p2a: Farigiraf|Trick Room|p2a: Farigiraf\n|-fieldstart|move: Trick Room|[of] p2a: Farigiraf\n|\n|-weather|SunnyDay|[upkeep]\n|upkeep\n|turn|2\n|\n|t:|1776449886\n|move|p2a: Farigiraf|Helping Hand|p2b: Torkoal\n|-singleturn|p2b: Torkoal|Helping Hand|[of] p2a: Farigiraf\n|move|p1a: Floette|Protect|p1a: Floette\n|-singleturn|p1a: Floette|Protect\n|move|p2b: Torkoal|Eruption|p1b: Aerodactyl|[spread] p1b\n|-activate|p1a: Floette|move: Protect\n|-resisted|p1b: Aerodactyl|1\n|-damage|p1b: Aerodactyl|2/100\n|move|p1b: Aerodactyl|Rock Slide|p2a: Farigiraf|[spread] p2a\n|-miss|p1b: Aerodactyl|p2b: Torkoal\n|-damage|p2a: Farigiraf|72/100\n|\n|-weather|SunnyDay|[upkeep]\n|upkeep\n|turn|3\n|inactive|gerdy has 30 seconds left.\n|\n|t:|1776449918\n|switch|p1b: Maushold|Maushold-Four, L50|100/100\n|move|p2a: Farigiraf|Helping Hand|p2b: Torkoal\n|-singleturn|p2b: Torkoal|Helping Hand|[of] p2a: Farigiraf\n|move|p2b: Torkoal|Eruption|p1a: Floette|[spread] p1a,p1b\n|-damage|p1a: Floette|54/100\n|-damage|p1b: Maushold|0 fnt\n|faint|p1b: Maushold\n|move|p1a: Floette|Moonblast|p2b: Torkoal\n|-resisted|p2b: Torkoal|1\n|-damage|p2b: Torkoal|50/100\n|\n|-weather|SunnyDay|[upkeep]\n|upkeep\n|\n|t:|1776449935\n|switch|p1b: Aerodactyl|Aerodactyl, L50, M|2/100\n|-ability|p1b: Aerodactyl|Unnerve\n|turn|4\n|\n|t:|1776449957\n|switch|p2a: Golurk|Golurk, L50|100/100\n|move|p2b: Torkoal|Heat Wave|p1b: Aerodactyl|[spread] p1a,p1b\n|-resisted|p1b: Aerodactyl|1\n|-damage|p1a: Floette|27/100\n|-damage|p1b: Aerodactyl|0 fnt\n|faint|p1b: Aerodactyl\n|move|p1a: Floette|Calm Mind|p1a: Floette\n|-boost|p1a: Floette|spa|1\n|-boost|p1a: Floette|spd|1\n|\n|-weather|SunnyDay|[upkeep]\n|upkeep\n|\n|t:|1776449969\n|switch|p1b: Garchomp|Garchomp, L50, M|100/100\n|turn|5\n|\n|t:|1776449985\n|detailschange|p2a: Golurk|Golurk-Mega, L50\n|-mega|p2a: Golurk|Golurk|Golurkite\n|move|p1a: Floette|Protect|p1a: Floette\n|-singleturn|p1a: Floette|Protect\n|move|p1b: Garchomp|Protect|p1b: Garchomp\n|-singleturn|p1b: Garchomp|Protect\n|move|p2b: Torkoal|Heat Wave|p1b: Garchomp|[spread] \n|-activate|p1a: Floette|move: Protect\n|-activate|p1b: Garchomp|move: Protect\n|move|p2a: Golurk|Ice Punch|p1b: Garchomp\n|-supereffective|p1b: Garchomp|2\n|-ability|p2a: Golurk|Unseen Fist\n|-zbroken|p1b: Garchomp\n|-damage|p1b: Garchomp|70/100\n|-damage|p2a: Golurk|88/100|[from] ability: Rough Skin|[of] p1b: Garchomp\n|\n|-weather|none\n|-fieldend|move: Trick Room\n|upkeep\n|turn|6\n|inactive|gerdy has 30 seconds left.\n|inactive|BomboJames has 30 seconds left.\n|inactive|BomboJames has 20 seconds left.\n|\n|t:|1776450023\n|switch|p2a: Incineroar|Incineroar, L50, M|73/100\n|-ability|p2a: Incineroar|Intimidate|boost\n|-unboost|p1a: Floette|atk|1\n|-unboost|p1b: Garchomp|atk|1\n|move|p2b: Torkoal|Protect|p2b: Torkoal\n|-singleturn|p2b: Torkoal|Protect\n|move|p1b: Garchomp|Dragon Claw|p2a: Incineroar\n|-damage|p2a: Incineroar|48/100\n|move|p1a: Floette|Dazzling Gleam|p2a: Incineroar|[spread] p2a\n|-activate|p2b: Torkoal|move: Protect\n|-damage|p2a: Incineroar|0 fnt\n|faint|p2a: Incineroar\n|\n|upkeep\n|\n|t:|1776450036\n|switch|p2a: Farigiraf|Farigiraf, L50, F|72/100\n|turn|7\n|\n|t:|1776450062\n|move|p1b: Garchomp|Rock Slide|p2a: Farigiraf|[spread] p2a,p2b\n|-supereffective|p2b: Torkoal|1\n|-damage|p2a: Farigiraf|61/100\n|-damage|p2b: Torkoal|25/100\n|move|p1a: Floette|Dazzling Gleam|p2a: Farigiraf|[spread] p2a,p2b\n|-resisted|p2b: Torkoal|1\n|-damage|p2a: Farigiraf|0 fnt\n|-damage|p2b: Torkoal|0 fnt\n|faint|p2a: Farigiraf\n|faint|p2b: Torkoal\n|\n|upkeep\n|\n|t:|1776450069\n|switch|p2a: Golurk|Golurk-Mega, L50|88/100\n|turn|8\n|\n|t:|1776450081\n|move|p1b: Garchomp|Dragon Claw|p2a: Golurk\n|-damage|p2a: Golurk|63/100\n|move|p1a: Floette|Moonblast|p2a: Golurk\n|-damage|p2a: Golurk|0 fnt\n|faint|p2a: Golurk\n|\n|win|gerdy\n|raw|gerdy's rating: 1233 &rarr; <strong>1265</strong><br />(+32 for winning)\n|raw|BomboJames's rating: 1333 &rarr; <strong>1307</strong><br />(-26 for losing)\n|l|\u2606BomboJames\n|player|p2|\n|l|\u2606gerdy\n|player|p1|\n|j|\u2606gerdy\n|player|p1|gerdy|1|\n",
  "uploadtime": 1776450558,
  "views": 49,
  "formatid": "gen9championsvgc2026regma",
  "rating": 1265,
  "private": 0,
  "password": null
}