{
  "id": "gen9championsvgc2026regma-2585554943",
  "format": "[Gen 9 Champions] VGC 2026 Reg M-A",
  "players": [
    "Ladrillo4",
    "TytaniumV"
  ],
  "log": "|j|\u2606Ladrillo4\n|j|\u2606TytaniumV\n|t:|1776355210\n|gametype|doubles\n|player|p1|Ladrillo4|169|1363\n|player|p2|TytaniumV|cyclist-gen4|1398\n|gen|9\n|tier|[Gen 9 Champions] VGC 2026 Reg M-A\n|rated|\n|rule|Species Clause: Limit one of each Pok\u00e9mon\n|rule|Item Clause: Limit 1 of each item\n|clearpoke\n|poke|p1|Farigiraf, L50, M|\n|poke|p1|Incineroar, L50, F|\n|poke|p1|Torkoal, L50, M|\n|poke|p1|Kingambit, L50, M|\n|poke|p1|Gardevoir, L50, F|\n|poke|p1|Aerodactyl, L50, F|\n|poke|p2|Garchomp, L50, F|\n|poke|p2|Rotom-Wash, L50|\n|poke|p2|Delphox, L50, F|\n|poke|p2|Orthworm, L50, F|\n|poke|p2|Tyranitar, L50, M|\n|poke|p2|Aerodactyl, L50, M|\n|teampreview|4\n|inactive|Battle timer is ON: inactive players will automatically lose when time's up. (requested by Ladrillo4)\n|j| Kimoto Warfire\n|l|\u2606Ladrillo4\n|inactive|Ladrillo4 disconnected and has a minute to reconnect!\n|player|p1|\n|inactive|TytaniumV has 60 seconds left.\n|inactive|Ladrillo4 has 30 seconds to reconnect!\n|inactive|Ladrillo4 has 20 seconds to reconnect!\n|inactive|Ladrillo4 has 15 seconds to reconnect!\n|j|\u2606Ladrillo4\n|inactive|Ladrillo4 reconnected and has 30 seconds left.\n|player|p1|Ladrillo4|169|\n|inactive|Ladrillo4 has 20 seconds left.\n|\n|t:|1776355290\n|teamsize|p1|4\n|teamsize|p2|4\n|start\n|switch|p1a: Farigiraf|Farigiraf, L50, M|100/100\n|switch|p1b: Incineroar|Incineroar, L50, F|100/100\n|switch|p2a: Orthworm|Orthworm, L50, F|100/100\n|switch|p2b: Rotom|Rotom-Wash, L50|100/100\n|-ability|p1b: Incineroar|Intimidate|boost\n|-unboost|p2a: Orthworm|atk|1\n|-unboost|p2b: Rotom|atk|1\n|turn|1\n|\n|t:|1776355309\n|move|p1b: Incineroar|Fake Out|p2b: Rotom\n|-damage|p2b: Rotom|89/100\n|cant|p2b: Rotom|flinch\n|move|p2a: Orthworm|Iron Defense|p2a: Orthworm\n|-boost|p2a: Orthworm|def|2\n|move|p1a: Farigiraf|Trick Room|p1a: Farigiraf\n|-fieldstart|move: Trick Room|[of] p1a: Farigiraf\n|\n|-heal|p2b: Rotom|95/100|[from] item: Leftovers\n|upkeep\n|turn|2\n|\n|t:|1776355328\n|move|p1a: Farigiraf|Hyper Voice|p2a: Orthworm|[spread] p2a,p2b\n|-resisted|p2a: Orthworm|1\n|-crit|p2b: Rotom\n|-damage|p2a: Orthworm|78/100\n|-damage|p2b: Rotom|60/100\n|move|p1b: Incineroar|Flare Blitz|p2a: Orthworm\n|-supereffective|p2a: Orthworm|1\n|-damage|p2a: Orthworm|51/100\n|-damage|p1b: Incineroar|93/100|[from] Recoil\n|move|p2a: Orthworm|Body Press|p1b: Incineroar\n|-supereffective|p1b: Incineroar|1\n|-damage|p1b: Incineroar|0 fnt\n|faint|p1b: Incineroar\n|move|p2b: Rotom|Volt Switch|p1a: Farigiraf\n|-damage|p1a: Farigiraf|80/100\n|\n|t:|1776355335\n|switch|p2b: Garchomp|Garchomp, L50, F|100/100|[from] Volt Switch\n|\n|upkeep\n|\n|t:|1776355344\n|switch|p1b: Kingambit|Kingambit, L50, M|100/100\n|turn|3\n|\n|t:|1776355360\n|move|p1b: Kingambit|Sucker Punch|p2b: Garchomp\n|-damage|p2b: Garchomp|56/100\n|move|p1a: Farigiraf|Hyper Voice|p2b: Garchomp|[spread] p2a,p2b\n|-resisted|p2a: Orthworm|1\n|-damage|p2a: Orthworm|31/100\n|-damage|p2b: Garchomp|28/100\n|-enditem|p2a: Orthworm|Sitrus Berry|[eat]\n|-heal|p2a: Orthworm|56/100|[from] item: Sitrus Berry\n|move|p2a: Orthworm|Body Press|p1a: Farigiraf\n|-damage|p1a: Farigiraf|23/100\n|move|p2b: Garchomp|Earthquake|p1b: Kingambit|[spread] p1a,p1b\n|-heal|p2a: Orthworm|81/100|[from] ability: Earth Eater|[of] p2b: Garchomp\n|-supereffective|p1b: Kingambit|1\n|-damage|p1a: Farigiraf|0 fnt\n|-damage|p1b: Kingambit|39/100\n|faint|p1a: Farigiraf\n|\n|upkeep\n|\n|t:|1776355377\n|switch|p1a: Gardevoir|Gardevoir, L50, F|100/100\n|-ability|p1a: Gardevoir|Earth Eater|Trace|[from] ability: Trace|[of] p2a: Orthworm\n|turn|4\n|\n|t:|1776355393\n|detailschange|p1a: Gardevoir|Gardevoir-Mega, L50, F\n|-mega|p1a: Gardevoir|Gardevoir|Gardevoirite\n|move|p1b: Kingambit|Kowtow Cleave|p2a: Orthworm\n|-damage|p2a: Orthworm|65/100\n|move|p2a: Orthworm|Body Press|p1b: Kingambit\n|-supereffective|p1b: Kingambit|2\n|-enditem|p1b: Kingambit|Chople Berry|[eat]\n|-enditem|p1b: Kingambit|Chople Berry|[weaken]\n|-damage|p1b: Kingambit|0 fnt\n|faint|p1b: Kingambit\n|move|p1a: Gardevoir|Hyper Voice|p2a: Orthworm|[spread] p2a,p2b\n|-resisted|p2a: Orthworm|1\n|-supereffective|p2b: Garchomp|1\n|-damage|p2a: Orthworm|24/100\n|-damage|p2b: Garchomp|0 fnt\n|faint|p2b: Garchomp\n|\n|upkeep\n|\n|t:|1776355405\n|switch|p2b: Tyranitar|Tyranitar, L50, M|100/100\n|-weather|Sandstorm|[from] ability: Sand Stream|[of] p2b: Tyranitar\n|turn|5\n|\n|t:|1776355417\n|detailschange|p2b: Tyranitar|Tyranitar-Mega, L50, M\n|-mega|p2b: Tyranitar|Tyranitar|Tyranitarite\n|move|p2a: Orthworm|Heavy Slam|p1a: Gardevoir\n|-supereffective|p1a: Gardevoir|1\n|-damage|p1a: Gardevoir|44/100\n|move|p2b: Tyranitar|Knock Off|p1a: Gardevoir\n|-damage|p1a: Gardevoir|0 fnt\n|faint|p1a: Gardevoir\n|\n|win|TytaniumV\n|raw|Ladrillo4's rating: 1363 &rarr; <strong>1345</strong><br />(-18 for losing)\n|raw|TytaniumV's rating: 1398 &rarr; <strong>1416</strong><br />(+18 for winning)\n|l|\u2606Ladrillo4\n|player|p1|\n|c|\u2606TytaniumV|Gg\n|l| Kimoto Warfire\n",
  "uploadtime": 1776355431,
  "views": 31,
  "formatid": "gen9championsvgc2026regma",
  "rating": 1345,
  "private": 0,
  "password": null
}