{
  "id": "gen9championsvgc2026regma-2586801149",
  "format": "[Gen 9 Champions] VGC 2026 Reg M-A",
  "players": [
    "33A33",
    "tendypkm"
  ],
  "log": "|j|\u260633A33\n|j|\u2606tendypkm\n|t:|1776460994\n|gametype|doubles\n|player|p1|33A33|dragontamer|1051\n|player|p2|tendypkm|169|1062\n|gen|9\n|tier|[Gen 9 Champions] VGC 2026 Reg M-A\n|rated|\n|rule|Species Clause: Limit one of each Pok\u00e9mon\n|rule|Item Clause: Limit 1 of each item\n|clearpoke\n|poke|p1|Zoroark-Hisui, L50, F|\n|poke|p1|Froslass, L50, F|\n|poke|p1|Whimsicott, L50, M|\n|poke|p1|Kangaskhan, L50, F|\n|poke|p1|Farigiraf, L50, F|\n|poke|p1|Sylveon, L50, F|\n|poke|p2|Charizard, L50, F|\n|poke|p2|Milotic, L50, F|\n|poke|p2|Whimsicott, L50, M|\n|poke|p2|Venusaur, L50, F|\n|poke|p2|Arcanine, L50, F|\n|poke|p2|Aerodactyl, L50, M|\n|teampreview|4\n|\n|t:|1776461018\n|teamsize|p1|4\n|teamsize|p2|4\n|start\n|switch|p1a: Whimsicott|Whimsicott, L50, M|100/100\n|switch|p1b: Froslass|Froslass, L50, F|100/100\n|switch|p2a: Charizard|Charizard, L50, F|100/100\n|switch|p2b: Milotic|Milotic, L50, F|100/100\n|turn|1\n|\n|t:|1776461040\n|move|p1b: Froslass|Protect|p1b: Froslass\n|-singleturn|p1b: Froslass|Protect\n|move|p2a: Charizard|Protect|p2a: Charizard\n|-singleturn|p2a: Charizard|Protect\n|move|p1a: Whimsicott|Taunt|p2b: Milotic\n|-start|p2b: Milotic|move: Taunt\n|move|p2b: Milotic|Scald|p1a: Whimsicott\n|-damage|p1a: Whimsicott|42/100\n|-status|p1a: Whimsicott|brn\n|replace|p1a: Zoroark|Zoroark-Hisui, L50, F\n|-end|p1a: Zoroark|Illusion\n|\n|-damage|p1a: Zoroark|36/100 brn|[from] brn\n|upkeep\n|turn|2\n|\n|t:|1776461070\n|switch|p2a: Whimsicott|Whimsicott, L50, M|100/100\n|switch|p2b: Arcanine|Arcanine, L50, F|100/100\n|-ability|p2b: Arcanine|Intimidate|boost\n|-unboost|p1a: Zoroark|atk|1\n|-unboost|p1b: Froslass|atk|1\n|detailschange|p1b: Froslass|Froslass-Mega, L50, F\n|-mega|p1b: Froslass|Froslass|Froslassite\n|-weather|Snowscape|[from] ability: Snow Warning|[of] p1b: Froslass\n|move|p1b: Froslass|Thunderbolt|p2a: Whimsicott\n|-resisted|p2a: Whimsicott|1\n|-damage|p2a: Whimsicott|80/100\n|-status|p2a: Whimsicott|par\n|move|p1a: Zoroark|Bitter Malice|p2a: Whimsicott\n|-damage|p2a: Whimsicott|36/100 par\n|-unboost|p2a: Whimsicott|atk|1\n|\n|-weather|Snowscape|[upkeep]\n|-damage|p1a: Zoroark|30/100 brn|[from] brn\n|upkeep\n|turn|3\n|\n|t:|1776461105\n|switch|p1b: Kangaskhan|Kangaskhan, L50, F|100/100\n|move|p2a: Whimsicott|Tailwind|p2a: Whimsicott\n|-sidestart|p2: tendypkm|move: Tailwind\n|move|p2b: Arcanine|Flare Blitz|p1b: Kangaskhan\n|-damage|p1b: Kangaskhan|34/100\n|-damage|p2b: Arcanine|72/100|[from] Recoil\n|move|p1a: Zoroark|Bitter Malice|p2b: Arcanine\n|-damage|p2b: Arcanine|23/100\n|-unboost|p2b: Arcanine|atk|1\n|\n|-weather|Snowscape|[upkeep]\n|-damage|p1a: Zoroark|24/100 brn|[from] brn\n|upkeep\n|turn|4\n|\n|t:|1776461130\n|move|p1b: Kangaskhan|Fake Out|p2b: Arcanine\n|-damage|p2b: Arcanine|0 fnt\n|faint|p2b: Arcanine\n|move|p2a: Whimsicott|Sunny Day|p2a: Whimsicott\n|-weather|SunnyDay\n|move|p1a: Zoroark|Bitter Malice|p2a: Whimsicott\n|-damage|p2a: Whimsicott|0 fnt\n|faint|p2a: Whimsicott\n|\n|-weather|SunnyDay|[upkeep]\n|-damage|p1a: Zoroark|17/100 brn|[from] brn\n|upkeep\n|\n|t:|1776461145\n|switch|p2b: Milotic|Milotic, L50, F|100/100\n|switch|p2a: Charizard|Charizard, L50, F|100/100\n|turn|5\n|\n|t:|1776461157\n|move|p2b: Milotic|Protect|p2b: Milotic\n|-singleturn|p2b: Milotic|Protect\n|move|p1a: Zoroark|Protect|p1a: Zoroark\n|-singleturn|p1a: Zoroark|Protect\n|move|p1b: Kangaskhan|Protect|p1b: Kangaskhan\n|-singleturn|p1b: Kangaskhan|Protect\n|move|p2a: Charizard|Heat Wave|p1a: Zoroark|[spread] \n|-activate|p1a: Zoroark|move: Protect\n|-activate|p1b: Kangaskhan|move: Protect\n|\n|-weather|SunnyDay|[upkeep]\n|-damage|p2a: Charizard|88/100|[from] ability: Solar Power|[of] p2a: Charizard\n|-damage|p1a: Zoroark|11/100 brn|[from] brn\n|upkeep\n|turn|6\n|\n|t:|1776461184\n|move|p1b: Kangaskhan|Sucker Punch|p2a: Charizard\n|-damage|p2a: Charizard|59/100\n|move|p2a: Charizard|Heat Wave|p1b: Kangaskhan|[spread] p1a,p1b\n|-damage|p1a: Zoroark|0 fnt\n|-damage|p1b: Kangaskhan|0 fnt\n|faint|p1a: Zoroark\n|faint|p1b: Kangaskhan\n|move|p2b: Milotic|Life Dew||[still]|[spread] p2a,p2b\n|-heal|p2a: Charizard|84/100\n|-fail|p2b: Milotic|heal\n|\n|-weather|SunnyDay|[upkeep]\n|-damage|p2a: Charizard|71/100|[from] ability: Solar Power|[of] p2a: Charizard\n|-sideend|p2: tendypkm|move: Tailwind\n|upkeep\n|\n|t:|1776461200\n|switch|p1a: Froslass|Froslass-Mega, L50, F|100/100\n|switch|p1b: Whimsicott|Whimsicott, L50, M|100/100\n|-weather|Snowscape|[from] ability: Snow Warning|[of] p1a: Froslass\n|turn|7\n|\n|t:|1776461216\n|detailschange|p2a: Charizard|Charizard-Mega-Y, L50, F\n|-mega|p2a: Charizard|Charizard|Charizardite Y\n|-weather|SunnyDay|[from] ability: Drought|[of] p2a: Charizard\n|move|p2b: Milotic|Helping Hand|p2a: Charizard\n|-singleturn|p2a: Charizard|Helping Hand|[of] p2b: Milotic\n|move|p1b: Whimsicott|Fake Tears|p2a: Charizard\n|-unboost|p2a: Charizard|spd|2\n|move|p1a: Froslass|Thunderbolt|p2a: Charizard\n|-supereffective|p2a: Charizard|1\n|-damage|p2a: Charizard|0 fnt\n|faint|p2a: Charizard\n|\n|-weather|SunnyDay|[upkeep]\n|upkeep\n|turn|8\n|-message|tendypkm forfeited.\n|\n|win|33A33\n|raw|33A33's rating: 1051 &rarr; <strong>1084</strong><br />(+33 for winning)\n|raw|tendypkm's rating: 1062 &rarr; <strong>1042</strong><br />(-20 for losing)\n|l|\u2606tendypkm\n|player|p2|\n",
  "uploadtime": 1776461237,
  "views": 21,
  "formatid": "gen9championsvgc2026regma",
  "rating": 1042,
  "private": 0,
  "password": null
}