{
  "id": "gen9championsvgc2026regma-2588115309",
  "format": "[Gen 9 Champions] VGC 2026 Reg M-A",
  "players": [
    "slothgameplay",
    "AlbiBiers"
  ],
  "log": "|j|\u2606slothgameplay\n|j|\u2606AlbiBiers\n|t:|1776605925\n|gametype|doubles\n|player|p1|slothgameplay|169|1096\n|player|p2|AlbiBiers|1|1000\n|gen|9\n|tier|[Gen 9 Champions] VGC 2026 Reg M-A\n|rated|\n|rule|Species Clause: Limit one of each Pok\u00e9mon\n|rule|Item Clause: Limit 1 of each item\n|clearpoke\n|poke|p1|Gengar, L50, M, shiny|\n|poke|p1|Incineroar, L50, F|\n|poke|p1|Sinistcha-Masterpiece, L50|\n|poke|p1|Aegislash, L50, M|\n|poke|p1|Tyranitar, L50, M|\n|poke|p1|Kommo-o, L50, M|\n|poke|p2|Pelipper, L50, M|\n|poke|p2|Archaludon, L50, M|\n|poke|p2|Basculegion, L50, M|\n|poke|p2|Sinistcha-Masterpiece, L50|\n|poke|p2|Floette-Eternal, L50, F|\n|poke|p2|Sneasler, L50, F|\n|teampreview|4\n|\n|t:|1776605951\n|teamsize|p1|4\n|teamsize|p2|4\n|start\n|switch|p1a: Sinistcha|Sinistcha-Masterpiece, L50|100/100\n|switch|p1b: Tyranitar|Tyranitar, L50, M|100/100\n|switch|p2a: Naruto|Sneasler, L50, F|100/100\n|switch|p2b: Floette|Floette-Eternal, L50, F|100/100\n|-weather|Sandstorm|[from] ability: Sand Stream|[of] p1b: Tyranitar\n|turn|1\n|\n|t:|1776605979\n|detailschange|p2b: Floette|Floette-Mega, L50, F\n|-mega|p2b: Floette|Floette|Floettite\n|-ability|p2b: Floette|Fairy Aura\n|move|p1b: Tyranitar|Protect|p1b: Tyranitar\n|-singleturn|p1b: Tyranitar|Protect\n|move|p2a: Naruto|Close Combat|p1b: Tyranitar\n|-activate|p1b: Tyranitar|move: Protect\n|move|p2b: Floette|Dazzling Gleam|p1a: Sinistcha|[spread] p1a\n|-activate|p1b: Tyranitar|move: Protect\n|-damage|p1a: Sinistcha|52/100\n|move|p1a: Sinistcha|Trick Room|p1a: Sinistcha\n|-fieldstart|move: Trick Room|[of] p1a: Sinistcha\n|\n|-weather|Sandstorm|[upkeep]\n|-damage|p1a: Sinistcha|45/100|[from] Sandstorm\n|-damage|p2b: Floette|95/100|[from] Sandstorm\n|-damage|p2a: Naruto|95/100|[from] Sandstorm\n|-enditem|p1a: Sinistcha|Sitrus Berry|[eat]\n|-heal|p1a: Sinistcha|70/100|[from] item: Sitrus Berry\n|upkeep\n|turn|2\n|\n|t:|1776606011\n|switch|p2b: DukeFishron|Basculegion, L50, M|100/100\n|switch|p2a: Drizzler|Pelipper, L50, M|100/100\n|-weather|RainDance|[from] ability: Drizzle|[of] p2a: Drizzler\n|detailschange|p1b: Tyranitar|Tyranitar-Mega, L50, M\n|-mega|p1b: Tyranitar|Tyranitar|Tyranitarite\n|-weather|Sandstorm|[from] ability: Sand Stream|[of] p1b: Tyranitar\n|move|p1a: Sinistcha|Rage Powder|p1a: Sinistcha\n|-singleturn|p1a: Sinistcha|move: Rage Powder\n|move|p1b: Tyranitar|Rock Slide|p2b: DukeFishron|[spread] p2a,p2b\n|-supereffective|p2a: Drizzler|1\n|-enditem|p2a: Drizzler|Focus Sash\n|-damage|p2a: Drizzler|1/100\n|-damage|p2b: DukeFishron|48/100\n|\n|-weather|Sandstorm|[upkeep]\n|-damage|p1a: Sinistcha|64/100|[from] Sandstorm\n|-damage|p2a: Drizzler|0 fnt|[from] Sandstorm\n|-damage|p2b: DukeFishron|42/100|[from] Sandstorm\n|faint|p2a: Drizzler\n|upkeep\n|\n|t:|1776606029\n|switch|p2a: Naruto|Sneasler, L50, F|95/100\n|turn|3\n|\n|t:|1776606041\n|move|p2a: Naruto|Fake Out|p1b: Tyranitar\n|-resisted|p1b: Tyranitar|1\n|-damage|p1b: Tyranitar|96/100\n|move|p1a: Sinistcha|Rage Powder|p1a: Sinistcha\n|-singleturn|p1a: Sinistcha|move: Rage Powder\n|cant|p1b: Tyranitar|flinch\n|move|p2b: DukeFishron|Wave Crash|p1a: Sinistcha\n|-resisted|p1a: Sinistcha|1\n|-damage|p1a: Sinistcha|32/100\n|-damage|p2b: DukeFishron|32/100|[from] Recoil\n|\n|-weather|Sandstorm|[upkeep]\n|-damage|p1a: Sinistcha|26/100|[from] Sandstorm\n|-damage|p2a: Naruto|89/100|[from] Sandstorm\n|-damage|p2b: DukeFishron|26/100|[from] Sandstorm\n|upkeep\n|turn|4\n|\n|t:|1776606062\n|move|p1a: Sinistcha|Life Dew|p1a: Sinistcha|[spread] p1a,p1b\n|-heal|p1a: Sinistcha|51/100\n|-heal|p1b: Tyranitar|100/100\n|move|p1b: Tyranitar|Rock Slide|p2a: Naruto|[spread] p2a,p2b\n|-resisted|p2a: Naruto|1\n|-damage|p2a: Naruto|55/100\n|-damage|p2b: DukeFishron|0 fnt\n|faint|p2b: DukeFishron\n|move|p2a: Naruto|Taunt|p1a: Sinistcha\n|-start|p1a: Sinistcha|move: Taunt\n|\n|-weather|Sandstorm|[upkeep]\n|-damage|p1a: Sinistcha|45/100|[from] Sandstorm\n|-damage|p2a: Naruto|50/100|[from] Sandstorm\n|upkeep\n|\n|t:|1776606075\n|switch|p2b: Floette|Floette-Mega, L50, F|95/100\n|-ability|p2b: Floette|Fairy Aura\n|turn|5\n|\n|t:|1776606096\n|switch|p1a: Incineroar|Incineroar, L50, F|100/100\n|-ability|p1a: Incineroar|Intimidate|boost\n|-unboost|p2a: Naruto|atk|1\n|-unboost|p2b: Floette|atk|1\n|-enditem|p2a: Naruto|White Herb\n|-clearnegativeboost|p2a: Naruto|[silent]\n|move|p1b: Tyranitar|Protect|p1b: Tyranitar\n|-singleturn|p1b: Tyranitar|Protect\n|move|p2b: Floette|Dazzling Gleam|p1a: Incineroar|[spread] p1a\n|-activate|p1b: Tyranitar|move: Protect\n|-damage|p1a: Incineroar|64/100\n|move|p2a: Naruto|Close Combat|p1b: Tyranitar\n|-activate|p1b: Tyranitar|move: Protect\n|\n|-weather|Sandstorm|[upkeep]\n|-damage|p1a: Incineroar|58/100|[from] Sandstorm\n|-damage|p2b: Floette|89/100|[from] Sandstorm\n|-damage|p2a: Naruto|44/100|[from] Sandstorm\n|-fieldend|move: Trick Room\n|upkeep\n|turn|6\n|\n|t:|1776606124\n|switch|p1b: Sinistcha|Sinistcha-Masterpiece, L50|45/100\n|-heal|p1a: Incineroar|83/100|[from] ability: Hospitality|[of] p1b: Sinistcha\n|move|p1a: Incineroar|Fake Out|p2b: Floette\n|-damage|p2b: Floette|75/100\n|move|p2a: Naruto|Close Combat|p1b: Sinistcha\n|-immune|p1b: Sinistcha\n|cant|p2b: Floette|flinch\n|\n|-weather|none\n|upkeep\n|turn|7\n|c|\u2606slothgameplay|like a book\n|\n|t:|1776606150\n|move|p2a: Naruto|Dire Claw|p1b: Sinistcha\n|-damage|p1b: Sinistcha|3/100\n|move|p2b: Floette|Dazzling Gleam|p1b: Sinistcha|[spread] p1a,p1b\n|-damage|p1a: Incineroar|44/100\n|-damage|p1b: Sinistcha|0 fnt\n|faint|p1b: Sinistcha\n|move|p1a: Incineroar|Parting Shot|p2b: Floette\n|-unboost|p2b: Floette|atk|1\n|-unboost|p2b: Floette|spa|1\n|\n|t:|1776606160\n|switch|p1a: Tyranitar|Tyranitar-Mega, L50, M|100/100|[from] Parting Shot\n|-weather|Sandstorm|[from] ability: Sand Stream|[of] p1a: Tyranitar\n|\n|-weather|Sandstorm|[upkeep]\n|-damage|p2a: Naruto|38/100|[from] Sandstorm\n|-damage|p2b: Floette|69/100|[from] Sandstorm\n|upkeep\n|\n|t:|1776606168\n|switch|p1b: Incineroar|Incineroar, L50, F|44/100\n|-ability|p1b: Incineroar|Intimidate|boost\n|-unboost|p2a: Naruto|atk|1\n|-unboost|p2b: Floette|atk|1\n|turn|8\n|\n|t:|1776606181\n|move|p1b: Incineroar|Fake Out|p2a: Naruto\n|-damage|p2a: Naruto|21/100\n|cant|p2a: Naruto|flinch\n|move|p2b: Floette|Dazzling Gleam|p1a: Tyranitar|[spread] p1a,p1b\n|-supereffective|p1a: Tyranitar|1\n|-damage|p1a: Tyranitar|66/100\n|-damage|p1b: Incineroar|20/100\n|move|p1a: Tyranitar|Rock Slide|p2b: Floette|[spread] p2a,p2b\n|-resisted|p2a: Naruto|1\n|-damage|p2a: Naruto|0 fnt\n|-damage|p2b: Floette|14/100\n|faint|p2a: Naruto\n|\n|-weather|Sandstorm|[upkeep]\n|-damage|p2b: Floette|8/100|[from] Sandstorm\n|-damage|p1b: Incineroar|14/100|[from] Sandstorm\n|upkeep\n|turn|9\n|\n|t:|1776606204\n|move|p2b: Floette|Dazzling Gleam|p1a: Tyranitar|[spread] p1a,p1b\n|-supereffective|p1a: Tyranitar|1\n|-damage|p1a: Tyranitar|33/100\n|-damage|p1b: Incineroar|0 fnt\n|faint|p1b: Incineroar\n|move|p1a: Tyranitar|Knock Off|p2b: Floette\n|-resisted|p2b: Floette|1\n|-damage|p2b: Floette|0 fnt\n|faint|p2b: Floette\n|\n|win|slothgameplay\n|raw|slothgameplay's rating: 1096 &rarr; <strong>1115</strong><br />(+19 for winning)\n|raw|AlbiBiers's rating: 1000 &rarr; <strong>1000</strong><br />(+0 for losing)\n",
  "uploadtime": 1776606205,
  "views": 6,
  "formatid": "gen9championsvgc2026regma",
  "rating": 1000,
  "private": 0,
  "password": null
}