{
  "id": "gen9championsvgc2026regma-2584410177",
  "format": "[Gen 9 Champions] VGC 2026 Reg M-A",
  "players": [
    "Fuki123",
    "shake it sugaree"
  ],
  "log": "|j|\u2606Fuki123\n|j|\u2606shake it sugaree\n|t:|1776258866\n|gametype|doubles\n|player|p1|Fuki123|169|1227\n|player|p2|shake it sugaree|mina|1127\n|gen|9\n|tier|[Gen 9 Champions] VGC 2026 Reg M-A\n|rated|\n|rule|Species Clause: Limit one of each Pok\u00e9mon\n|rule|Item Clause: Limit 1 of each item\n|clearpoke\n|poke|p1|Froslass, L50, F|\n|poke|p1|Garchomp, L50, M|\n|poke|p1|Rotom-Frost, L50|\n|poke|p1|Empoleon, L50, F|\n|poke|p1|Incineroar, L50, M|\n|poke|p1|Kingambit, L50, M|\n|poke|p2|Lopunny, L50, M|\n|poke|p2|Basculegion, L50, M|\n|poke|p2|Pelipper, L50, M|\n|poke|p2|Archaludon, L50, F|\n|poke|p2|Sinistcha, L50|\n|poke|p2|Incineroar, L50, F|\n|teampreview|4\n|\n|t:|1776258918\n|teamsize|p1|4\n|teamsize|p2|4\n|start\n|switch|p1a: Garchomp|Garchomp, L50, M|100/100\n|switch|p1b: Rotom|Rotom-Frost, L50|100/100\n|switch|p2a: Pelipper|Pelipper, L50, M|100/100\n|switch|p2b: Lopunny|Lopunny, L50, M|100/100\n|-weather|RainDance|[from] ability: Drizzle|[of] p2a: Pelipper\n|turn|1\n|\n|t:|1776258941\n|detailschange|p2b: Lopunny|Lopunny-Mega, L50, M\n|-mega|p2b: Lopunny|Lopunny|Lopunnite\n|move|p2b: Lopunny|Fake Out|p1a: Garchomp\n|-damage|p1a: Garchomp|77/100\n|-damage|p2b: Lopunny|89/100|[from] ability: Rough Skin|[of] p1a: Garchomp\n|move|p1b: Rotom|Volt Switch|p2a: Pelipper\n|-supereffective|p2a: Pelipper|2\n|-enditem|p2a: Pelipper|Focus Sash\n|-damage|p2a: Pelipper|1/100\n|\n|t:|1776258953\n|switch|p1b: Froslass|Froslass, L50, F|100/100|[from] Volt Switch\n|cant|p1a: Garchomp|flinch\n|move|p2a: Pelipper|Tailwind|p2a: Pelipper\n|-sidestart|p2: shake it sugaree|move: Tailwind\n|\n|-weather|RainDance|[upkeep]\n|upkeep\n|turn|2\n|\n|t:|1776258991\n|switch|p2a: Sinistcha|Sinistcha, L50|100/100\n|-heal|p2b: Lopunny|100/100|[from] ability: Hospitality|[of] p2a: Sinistcha\n|detailschange|p1b: Froslass|Froslass-Mega, L50, F\n|-mega|p1b: Froslass|Froslass|Froslassite\n|-weather|Snowscape|[from] ability: Snow Warning|[of] p1b: Froslass\n|move|p2b: Lopunny|Rain Dance|p2b: Lopunny\n|-weather|RainDance\n|move|p1b: Froslass|Aurora Veil||[still]\n|-fail|p1b: Froslass\n|move|p1a: Garchomp|Dragon Claw|p2b: Lopunny\n|-damage|p2b: Lopunny|41/100\n|\n|-weather|RainDance|[upkeep]\n|upkeep\n|turn|3\n|\n|t:|1776259025\n|switch|p1b: Kingambit|Kingambit, L50, M|100/100\n|move|p2b: Lopunny|Close Combat|p1b: Kingambit\n|-supereffective|p1b: Kingambit|2\n|-enditem|p1b: Kingambit|Focus Sash\n|-damage|p1b: Kingambit|1/100\n|-unboost|p2b: Lopunny|def|1\n|-unboost|p2b: Lopunny|spd|1\n|move|p2a: Sinistcha|Strength Sap|p1a: Garchomp\n|-unboost|p1a: Garchomp|atk|1\n|-enditem|p1a: Garchomp|White Herb\n|-clearnegativeboost|p1a: Garchomp|[silent]\n|move|p1a: Garchomp|Dragon Claw|p2b: Lopunny\n|-crit|p2b: Lopunny\n|-damage|p2b: Lopunny|0 fnt\n|faint|p2b: Lopunny\n|\n|-weather|RainDance|[upkeep]\n|upkeep\n|\n|t:|1776259041\n|switch|p2b: Basculegion|Basculegion, L50, M|100/100\n|turn|4\n|\n|t:|1776259055\n|move|p2a: Sinistcha|Rage Powder|p2a: Sinistcha\n|-singleturn|p2a: Sinistcha|move: Rage Powder\n|move|p1b: Kingambit|Sucker Punch||[still]\n|-fail|p1b: Kingambit\n|move|p2b: Basculegion|Wave Crash|p1a: Garchomp\n|-damage|p1a: Garchomp|0 fnt\n|-damage|p2b: Basculegion|88/100|[from] ability: Rough Skin|[of] p1a: Garchomp\n|faint|p1a: Garchomp\n|-damage|p2b: Basculegion|64/100|[from] Recoil\n|\n|-weather|RainDance|[upkeep]\n|-sideend|p2: shake it sugaree|move: Tailwind\n|upkeep\n|\n|t:|1776259063\n|switch|p1a: Froslass|Froslass-Mega, L50, F|100/100\n|-weather|Snowscape|[from] ability: Snow Warning|[of] p1a: Froslass\n|turn|5\n|\n|t:|1776259080\n|switch|p2a: Pelipper|Pelipper, L50, M|1/100\n|-weather|RainDance|[from] ability: Drizzle|[of] p2a: Pelipper\n|move|p2b: Basculegion|Aqua Jet|p1b: Kingambit\n|-damage|p1b: Kingambit|0 fnt\n|faint|p1b: Kingambit\n|move|p1a: Froslass|Shadow Ball|p2a: Pelipper\n|-damage|p2a: Pelipper|0 fnt\n|faint|p2a: Pelipper\n|\n|-weather|RainDance|[upkeep]\n|upkeep\n|\n|t:|1776259092\n|switch|p2a: Sinistcha|Sinistcha, L50|100/100\n|switch|p1b: Rotom|Rotom-Frost, L50|100/100\n|-heal|p2b: Basculegion|89/100|[from] ability: Hospitality|[of] p2a: Sinistcha\n|turn|6\n|\n|t:|1776259128\n|move|p2a: Sinistcha|Rage Powder|p2a: Sinistcha\n|-singleturn|p2a: Sinistcha|move: Rage Powder\n|move|p2b: Basculegion|Last Respects|p1a: Froslass\n|-supereffective|p1a: Froslass|1\n|-damage|p1a: Froslass|0 fnt\n|faint|p1a: Froslass\n|move|p1b: Rotom|Thunderbolt|p2a: Sinistcha\n|-resisted|p2a: Sinistcha|1\n|-damage|p2a: Sinistcha|80/100\n|\n|-weather|RainDance|[upkeep]\n|upkeep\n|turn|7\n|-message|Fuki123 forfeited.\n|\n|win|shake it sugaree\n|raw|Fuki123's rating: 1227 &rarr; <strong>1195</strong><br />(-32 for losing)\n|raw|shake it sugaree's rating: 1127 &rarr; <strong>1159</strong><br />(+32 for winning)\n|l|\u2606Fuki123\n|player|p1|\n",
  "uploadtime": 1776259144,
  "views": 28,
  "formatid": "gen9championsvgc2026regma",
  "rating": 1159,
  "private": 0,
  "password": null
}