{
  "id": "gen9championsvgc2026regma-2583898793",
  "format": "[Gen 9 Champions] VGC 2026 Reg M-A",
  "players": [
    "askeru",
    "Catapulta_1"
  ],
  "log": "|j|\u2606askeru\n|j|\u2606Catapulta_1\n|t:|1776206544\n|gametype|doubles\n|player|p1|askeru|aromalady|1041\n|player|p2|Catapulta_1|iris-gen5bw2|1000\n|gen|9\n|tier|[Gen 9 Champions] VGC 2026 Reg M-A\n|rated|\n|rule|Species Clause: Limit one of each Pok\u00e9mon\n|rule|Item Clause: Limit 1 of each item\n|clearpoke\n|poke|p1|Umbreon, L50, M|\n|poke|p1|Arcanine, L50, M|\n|poke|p1|Gengar, L50, M|\n|poke|p1|Sneasler, L50, F|\n|poke|p1|Politoed, L50, F|\n|poke|p1|Hydreigon, L50, M|\n|poke|p2|Crabominable, L50, F|\n|poke|p2|Hatterene, L50, F|\n|poke|p2|Zoroark, L50, M|\n|poke|p2|Araquanid, L50, F|\n|poke|p2|Corviknight, L50, M|\n|poke|p2|Garchomp, L50, F|\n|teampreview|4\n|\n|t:|1776206585\n|teamsize|p1|4\n|teamsize|p2|4\n|start\n|switch|p1a: Umbreon|Umbreon, L50, M|100/100\n|switch|p1b: Sneasler|Sneasler, L50, F|100/100\n|switch|p2a: GoldSwellow|Corviknight, L50, M, shiny|100/100\n|switch|p2b: TerremotoParaTodos|Garchomp, L50, F|100/100\n|turn|1\n|inactive|Battle timer is ON: inactive players will automatically lose when time's up. (requested by Catapulta_1)\n|\n|t:|1776206628\n|move|p1b: Sneasler|Fake Out|p2b: TerremotoParaTodos\n|-damage|p2b: TerremotoParaTodos|87/100\n|-damage|p1b: Sneasler|88/100|[from] ability: Rough Skin|[of] p2b: TerremotoParaTodos\n|cant|p2b: TerremotoParaTodos|flinch\n|move|p2a: GoldSwellow|Bulk Up|p2a: GoldSwellow\n|-boost|p2a: GoldSwellow|atk|1\n|-boost|p2a: GoldSwellow|def|1\n|move|p1a: Umbreon|Yawn|p2a: GoldSwellow\n|-start|p2a: GoldSwellow|move: Yawn|[of] p1a: Umbreon\n|\n|upkeep\n|turn|2\n|inactive|askeru has 30 seconds left.\n|inactive|askeru has 20 seconds left.\n|\n|t:|1776206666\n|switch|p1a: Hydreigon|Hydreigon, L50, M|100/100\n|move|p1b: Sneasler|Protect|p1b: Sneasler\n|-singleturn|p1b: Sneasler|Protect\n|move|p2b: TerremotoParaTodos|Earthquake|p1a: Hydreigon|[spread] \n|-activate|p1b: Sneasler|move: Protect\n|-immune|p2a: GoldSwellow\n|-immune|p1a: Hydreigon|[from] ability: Levitate\n|move|p2a: GoldSwellow|Body Press|p1a: Hydreigon\n|-supereffective|p1a: Hydreigon|1\n|-damage|p1a: Hydreigon|38/100\n|\n|-end|p2a: GoldSwellow|move: Yawn|[silent]\n|-status|p2a: GoldSwellow|slp\n|upkeep\n|turn|3\n|inactive|askeru has 30 seconds left.\n|inactive|Catapulta_1 has 30 seconds left.\n|inactive|askeru has 20 seconds left.\n|inactive|Catapulta_1 has 20 seconds left.\n|inactive|Catapulta_1 has 15 seconds left.\n|\n|t:|1776206716\n|move|p2b: TerremotoParaTodos|Protect|p2b: TerremotoParaTodos\n|-singleturn|p2b: TerremotoParaTodos|Protect\n|move|p1b: Sneasler|Close Combat|p2b: TerremotoParaTodos\n|-activate|p2b: TerremotoParaTodos|move: Protect\n|move|p1a: Hydreigon|Dragon Pulse|p2b: TerremotoParaTodos\n|-activate|p2b: TerremotoParaTodos|move: Protect\n|cant|p2a: GoldSwellow|slp\n|\n|upkeep\n|turn|4\n|\n|t:|1776206732\n|switch|p2b: MagicWall|Hatterene, L50, F|100/100\n|move|p1b: Sneasler|Close Combat|p2b: MagicWall\n|-resisted|p2b: MagicWall|2\n|-damage|p2b: MagicWall|86/100\n|-unboost|p1b: Sneasler|def|1\n|-unboost|p1b: Sneasler|spd|1\n|-enditem|p1b: Sneasler|White Herb\n|-clearnegativeboost|p1b: Sneasler|[silent]\n|move|p1a: Hydreigon|Dragon Pulse|p2b: MagicWall\n|-immune|p2b: MagicWall\n|-curestatus|p2a: GoldSwellow|slp|[msg]\n|move|p2a: GoldSwellow|Body Press|p1a: Hydreigon\n|-supereffective|p1a: Hydreigon|1\n|-damage|p1a: Hydreigon|0 fnt\n|faint|p1a: Hydreigon\n|\n|upkeep\n|\n|t:|1776206750\n|switch|p1a: Arcanine|Arcanine, L50, M|100/100\n|-ability|p1a: Arcanine|Intimidate|boost\n|-ability|p2a: GoldSwellow|Mirror Armor\n|-unboost|p1a: Arcanine|atk|1\n|-unboost|p2b: MagicWall|atk|1\n|turn|5\n|\n|t:|1776206774\n|switch|p2b: TerremotoParaTodos|Garchomp, L50, F|87/100\n|move|p1b: Sneasler|Dire Claw|p2b: TerremotoParaTodos\n|-resisted|p2b: TerremotoParaTodos|1\n|-damage|p2b: TerremotoParaTodos|67/100\n|-damage|p1b: Sneasler|76/100|[from] ability: Rough Skin|[of] p2b: TerremotoParaTodos\n|move|p1a: Arcanine|Flare Blitz|p2a: GoldSwellow\n|-supereffective|p2a: GoldSwellow|1\n|-damage|p2a: GoldSwellow|62/100\n|-damage|p1a: Arcanine|89/100|[from] Recoil\n|move|p2a: GoldSwellow|Brave Bird|p1b: Sneasler\n|-supereffective|p1b: Sneasler|1\n|-damage|p1b: Sneasler|0 fnt\n|faint|p1b: Sneasler\n|-damage|p2a: GoldSwellow|40/100|[from] Recoil\n|\n|-heal|p2a: GoldSwellow|46/100|[from] item: Leftovers\n|upkeep\n|\n|t:|1776206792\n|switch|p1b: Umbreon|Umbreon, L50, M|100/100\n|turn|6\n|\n|t:|1776206806\n|move|p1a: Arcanine|Will-O-Wisp|p2b: TerremotoParaTodos\n|-status|p2b: TerremotoParaTodos|brn\n|move|p2b: TerremotoParaTodos|Earthquake|p1b: Umbreon|[spread] p1a,p1b\n|-immune|p2a: GoldSwellow\n|-supereffective|p1a: Arcanine|1\n|-damage|p1a: Arcanine|40/100\n|-damage|p1b: Umbreon|82/100\n|-enditem|p1a: Arcanine|Sitrus Berry|[eat]\n|-heal|p1a: Arcanine|65/100|[from] item: Sitrus Berry\n|move|p2a: GoldSwellow|Body Press|p1b: Umbreon\n|-supereffective|p1b: Umbreon|1\n|-damage|p1b: Umbreon|33/100\n|move|p1b: Umbreon|Snarl|p2b: TerremotoParaTodos|[spread] p2a,p2b\n|-damage|p2a: GoldSwellow|36/100\n|-damage|p2b: TerremotoParaTodos|57/100 brn\n|-ability|p2a: GoldSwellow|Mirror Armor\n|-unboost|p1b: Umbreon|spa|1\n|-unboost|p2b: TerremotoParaTodos|spa|1\n|\n|-heal|p2a: GoldSwellow|42/100|[from] item: Leftovers\n|-heal|p1b: Umbreon|39/100|[from] item: Leftovers\n|-damage|p2b: TerremotoParaTodos|51/100 brn|[from] brn\n|upkeep\n|turn|7\n|inactive|askeru has 30 seconds left.\n|\n|t:|1776206834\n|move|p1a: Arcanine|Flare Blitz|p2b: TerremotoParaTodos\n|-resisted|p2b: TerremotoParaTodos|1\n|-damage|p2b: TerremotoParaTodos|37/100 brn\n|-damage|p1a: Arcanine|53/100|[from] ability: Rough Skin|[of] p2b: TerremotoParaTodos\n|-damage|p1a: Arcanine|48/100|[from] Recoil\n|move|p2b: TerremotoParaTodos|Earthquake|p1a: Arcanine|[spread] p1a,p1b\n|-immune|p2a: GoldSwellow\n|-supereffective|p1a: Arcanine|1\n|-damage|p1a: Arcanine|0 fnt\n|-damage|p1b: Umbreon|20/100\n|faint|p1a: Arcanine\n|move|p2a: GoldSwellow|Body Press|p1b: Umbreon\n|-supereffective|p1b: Umbreon|1\n|-damage|p1b: Umbreon|0 fnt\n|faint|p1b: Umbreon\n|\n|win|Catapulta_1\n|raw|askeru's rating: 1041 &rarr; <strong>1023</strong><br />(-18 for losing)\n|raw|Catapulta_1's rating: 1000 &rarr; <strong>1045</strong><br />(+45 for winning)\n|l|\u2606askeru\n|player|p1|\n",
  "uploadtime": 1776206857,
  "views": 17,
  "formatid": "gen9championsvgc2026regma",
  "rating": 1023,
  "private": 0,
  "password": null
}