{
  "id": "gen9championsvgc2026regma-2585541512",
  "format": "[Gen 9 Champions] VGC 2026 Reg M-A",
  "players": [
    "Huxz",
    "mo3az"
  ],
  "log": "|j|\u2606Huxz\n|j|\u2606mo3az\n|t:|1776354364\n|gametype|doubles\n|player|p1|Huxz|sabrina|1072\n|player|p2|mo3az|hilbert-wonderlauncher|1114\n|gen|9\n|tier|[Gen 9 Champions] VGC 2026 Reg M-A\n|rated|\n|rule|Species Clause: Limit one of each Pok\u00e9mon\n|rule|Item Clause: Limit 1 of each item\n|clearpoke\n|poke|p1|Glimmora, L50, M|\n|poke|p1|Kingambit, L50, F|\n|poke|p1|Talonflame, L50, M|\n|poke|p1|Meowscarada, L50, M|\n|poke|p1|Aegislash, L50, F|\n|poke|p1|Jolteon, L50, F|\n|poke|p2|Chesnaught, L50, M|\n|poke|p2|Primarina, L50, F|\n|poke|p2|Chandelure, L50, F|\n|poke|p2|Tyranitar, L50, M|\n|poke|p2|Garchomp, L50, M|\n|poke|p2|Farigiraf, L50, F|\n|teampreview|4\n|inactive|Battle timer is ON: inactive players will automatically lose when time's up. (requested by mo3az)\n|inactive|mo3az has 60 seconds left.\n|\n|t:|1776354421\n|teamsize|p1|4\n|teamsize|p2|4\n|start\n|switch|p1a: Talonflame|Talonflame, L50, M|100/100\n|switch|p1b: Meowscarada|Meowscarada, L50, M|100/100\n|switch|p2a: Chesnaught|Chesnaught, L50, M|100/100\n|switch|p2b: Chandelure|Chandelure, L50, F|100/100\n|turn|1\n|\n|t:|1776354435\n|detailschange|p2a: Chesnaught|Chesnaught-Mega, L50, M\n|-mega|p2a: Chesnaught|Chesnaught|Chesnaughtite\n|move|p2a: Chesnaught|Spiky Shield|p2a: Chesnaught\n|-singleturn|p2a: Chesnaught|move: Protect\n|move|p1a: Talonflame|Tailwind|p1a: Talonflame\n|-sidestart|p1: Huxz|move: Tailwind\n|move|p1b: Meowscarada|Triple Axel|p2a: Chesnaught\n|-start|p1b: Meowscarada|typechange|Ice|[from] ability: Protean\n|-activate|p2a: Chesnaught|move: Protect\n|-damage|p1b: Meowscarada|88/100|[from] Spiky Shield|[of] p2a: Chesnaught\n|move|p2b: Chandelure|Trick Room|p2b: Chandelure\n|-fieldstart|move: Trick Room|[of] p2b: Chandelure\n|\n|upkeep\n|turn|2\n|\n|t:|1776354452\n|move|p1a: Talonflame|Brave Bird|p2a: Chesnaught\n|-supereffective|p2a: Chesnaught|2\n|-damage|p2a: Chesnaught|5/100\n|-damage|p1a: Talonflame|68/100|[from] Recoil\n|move|p2a: Chesnaught|Rock Slide|p1a: Talonflame|[spread] p1a,p1b\n|-supereffective|p1a: Talonflame|2\n|-supereffective|p1b: Meowscarada|1\n|-damage|p1a: Talonflame|0 fnt\n|-damage|p1b: Meowscarada|23/100\n|faint|p1a: Talonflame\n|move|p2b: Chandelure|Heat Wave|p1b: Meowscarada\n|-supereffective|p1b: Meowscarada|1\n|-damage|p1b: Meowscarada|0 fnt\n|faint|p1b: Meowscarada\n|\n|upkeep\n|\n|t:|1776354454\n|switch|p1b: Glimmora|Glimmora, L50, M|100/100\n|switch|p1a: Aegislash|Aegislash, L50, F|100/100\n|turn|3\n|inactive|mo3az has 30 seconds left.\n|\n|t:|1776354483\n|detailschange|p1b: Glimmora|Glimmora-Mega, L50, M\n|-mega|p1b: Glimmora|Glimmora|Glimmoranite\n|move|p2a: Chesnaught|Spiky Shield|p2a: Chesnaught\n|-singleturn|p2a: Chesnaught|move: Protect\n|move|p1a: Aegislash|Wide Guard|p1a: Aegislash\n|-singleturn|p1a: Aegislash|Wide Guard\n|move|p2b: Chandelure|Shadow Ball|p1a: Aegislash\n|-supereffective|p1a: Aegislash|1\n|-damage|p1a: Aegislash|0 fnt\n|faint|p1a: Aegislash\n|move|p1b: Glimmora|Sludge Wave|p2a: Chesnaught|[spread] p2b\n|-activate|p2a: Chesnaught|move: Protect\n|-resisted|p2b: Chandelure|1\n|-damage|p2b: Chandelure|63/100\n|\n|upkeep\n|turn|4\n|\n|t:|1776354503\n|move|p1b: Glimmora|Protect|p1b: Glimmora\n|-singleturn|p1b: Glimmora|Protect\n|move|p2a: Chesnaught|Body Press|p1b: Glimmora\n|-activate|p1b: Glimmora|move: Protect\n|move|p2b: Chandelure|Shadow Ball|p1b: Glimmora\n|-activate|p1b: Glimmora|move: Protect\n|\n|-sideend|p1: Huxz|move: Tailwind\n|upkeep\n|turn|5\n|\n|t:|1776354516\n|move|p2a: Chesnaught|Body Press|p1b: Glimmora\n|-damage|p1b: Glimmora|35/100\n|move|p2b: Chandelure|Shadow Ball|p1b: Glimmora\n|-damage|p1b: Glimmora|0 fnt\n|faint|p1b: Glimmora\n|\n|win|mo3az\n|raw|Huxz's rating: 1072 &rarr; <strong>1054</strong><br />(-18 for losing)\n|raw|mo3az's rating: 1114 &rarr; <strong>1136</strong><br />(+22 for winning)\n|l|\u2606Huxz\n|player|p1|\n|c|\u2606mo3az|Gg\n",
  "uploadtime": 1776354526,
  "views": 19,
  "formatid": "gen9championsvgc2026regma",
  "rating": 1054,
  "private": 0,
  "password": null
}