{
  "id": "gen9championsvgc2026regma-2582468429",
  "format": "[Gen 9 Champions] VGC 2026 Reg M-A",
  "players": [
    "heroplayer2026",
    "thispichu"
  ],
  "log": "|j|\u2606heroplayer2026\n|j|\u2606thispichu\n|t:|1776093651\n|gametype|doubles\n|player|p1|heroplayer2026|fisherman-gen4|1000\n|player|p2|thispichu|n|1064\n|gen|9\n|tier|[Gen 9 Champions] VGC 2026 Reg M-A\n|rated|\n|rule|Species Clause: Limit one of each Pok\u00e9mon\n|rule|Item Clause: Limit 1 of each item\n|clearpoke\n|poke|p1|Torkoal, L50, F|\n|poke|p1|Incineroar, L50, M|\n|poke|p1|Venusaur, L50, F|\n|poke|p1|Farigiraf, L50, M|\n|poke|p1|Golurk, L50|\n|poke|p1|Sneasler, L50, F|\n|poke|p2|Crabominable, L50, M|\n|poke|p2|Farigiraf, L50, F|\n|poke|p2|Garchomp, L50, F|\n|poke|p2|Whimsicott, L50, M|\n|poke|p2|Torkoal, L50, M|\n|poke|p2|Kingambit, L50, M|\n|teampreview|4\n|\n|t:|1776093716\n|teamsize|p1|4\n|teamsize|p2|4\n|start\n|switch|p1a: Incineroar|Incineroar, L50, M|100/100\n|switch|p1b: Golurk|Golurk, L50|100/100\n|switch|p2a: Crabominable|Crabominable, L50, M|100/100\n|switch|p2b: Farigiraf|Farigiraf, L50, F|100/100\n|-ability|p1a: Incineroar|Intimidate|boost\n|-fail|p2a: Crabominable|unboost|Attack|[from] ability: Hyper Cutter|[of] p2a: Crabominable\n|-unboost|p2b: Farigiraf|atk|1\n|turn|1\n|\n|t:|1776093739\n|detailschange|p1b: Golurk|Golurk-Mega, L50\n|-mega|p1b: Golurk|Golurk|Golurkite\n|detailschange|p2a: Crabominable|Crabominable-Mega, L50, M\n|-mega|p2a: Crabominable|Crabominable|Crabominite\n|move|p2a: Crabominable|Protect|p2a: Crabominable\n|-singleturn|p2a: Crabominable|Protect\n|move|p1a: Incineroar|Flare Blitz|p2b: Farigiraf\n|-damage|p2b: Farigiraf|57/100\n|-damage|p1a: Incineroar|84/100|[from] Recoil\n|move|p1b: Golurk|Close Combat|p2b: Farigiraf\n|-damage|p2b: Farigiraf|7/100\n|-unboost|p1b: Golurk|def|1\n|-unboost|p1b: Golurk|spd|1\n|move|p2b: Farigiraf|Trick Room|p2b: Farigiraf\n|-fieldstart|move: Trick Room|[of] p2b: Farigiraf\n|\n|upkeep\n|turn|2\n|\n|t:|1776093780\n|switch|p1b: Farigiraf|Farigiraf, L50, M|100/100\n|move|p2a: Crabominable|Drain Punch|p1a: Incineroar\n|-supereffective|p1a: Incineroar|1\n|-damage|p1a: Incineroar|0 fnt\n|faint|p1a: Incineroar\n|move|p2b: Farigiraf|Hyper Voice|p1b: Farigiraf\n|-damage|p1b: Farigiraf|71/100\n|\n|upkeep\n|\n|t:|1776093796\n|switch|p1a: Torkoal|Torkoal, L50, F|100/100\n|-weather|SunnyDay|[from] ability: Drought|[of] p1a: Torkoal\n|turn|3\n|\n|t:|1776093817\n|move|p1b: Farigiraf|Helping Hand|p1a: Torkoal\n|-singleturn|p1a: Torkoal|Helping Hand|[of] p1b: Farigiraf\n|move|p2a: Crabominable|Protect|p2a: Crabominable\n|-singleturn|p2a: Crabominable|Protect\n|move|p2b: Farigiraf|Protect|p2b: Farigiraf\n|-singleturn|p2b: Farigiraf|Protect\n|move|p1a: Torkoal|Eruption|p2a: Crabominable|[spread] \n|-activate|p2a: Crabominable|move: Protect\n|-activate|p2b: Farigiraf|move: Protect\n|\n|-weather|SunnyDay|[upkeep]\n|upkeep\n|turn|4\n|\n|t:|1776093848\n|switch|p2a: Torkoal|Torkoal, L50, M, shiny|100/100\n|move|p1b: Farigiraf|Helping Hand|p1a: Torkoal\n|-singleturn|p1a: Torkoal|Helping Hand|[of] p1b: Farigiraf\n|move|p1a: Torkoal|Eruption|p2a: Torkoal|[spread] p2a,p2b\n|-resisted|p2a: Torkoal|1\n|-damage|p2a: Torkoal|10/100\n|-damage|p2b: Farigiraf|0 fnt\n|faint|p2b: Farigiraf\n|\n|-weather|SunnyDay|[upkeep]\n|upkeep\n|\n|t:|1776093861\n|switch|p2b: Kingambit|Kingambit, L50, M|100/100\n|turn|5\n|\n|t:|1776093878\n|move|p1a: Torkoal|Protect|p1a: Torkoal\n|-singleturn|p1a: Torkoal|Protect\n|move|p2a: Torkoal|Protect|p2a: Torkoal\n|-singleturn|p2a: Torkoal|Protect\n|move|p2b: Kingambit|Protect|p2b: Kingambit\n|-singleturn|p2b: Kingambit|Protect\n|move|p1b: Farigiraf|Hyper Voice|p2b: Kingambit|[spread] \n|-activate|p2a: Torkoal|move: Protect\n|-activate|p2b: Kingambit|move: Protect\n|\n|-weather|SunnyDay|[upkeep]\n|-fieldend|move: Trick Room\n|upkeep\n|turn|6\n|inactive|Battle timer is ON: inactive players will automatically lose when time's up. (requested by heroplayer2026)\n|\n|t:|1776093938\n|move|p2b: Kingambit|Sucker Punch|p1a: Torkoal\n|-damage|p1a: Torkoal|67/100\n|move|p1b: Farigiraf|Hyper Voice|p2b: Kingambit|[spread] p2a,p2b\n|-crit|p2a: Torkoal\n|-resisted|p2b: Kingambit|1\n|-damage|p2a: Torkoal|0 fnt\n|-damage|p2b: Kingambit|88/100\n|faint|p2a: Torkoal\n|move|p1a: Torkoal|Flamethrower|p2b: Kingambit\n|-supereffective|p2b: Kingambit|1\n|-damage|p2b: Kingambit|0 fnt\n|faint|p2b: Kingambit\n|\n|-weather|SunnyDay|[upkeep]\n|upkeep\n|\n|t:|1776093960\n|switch|p2a: Crabominable|Crabominable-Mega, L50, M|100/100\n|turn|7\n|\n|t:|1776093977\n|move|p1b: Farigiraf|Hyper Voice|p2a: Crabominable\n|-damage|p2a: Crabominable|74/100\n|move|p2a: Crabominable|Drain Punch|p1a: Torkoal\n|-damage|p1a: Torkoal|26/100\n|-heal|p2a: Crabominable|91/100|[from] drain|[of] p1a: Torkoal\n|move|p1a: Torkoal|Flamethrower|p2a: Crabominable\n|-supereffective|p2a: Crabominable|1\n|-damage|p2a: Crabominable|0 fnt\n|faint|p2a: Crabominable\n|\n|win|heroplayer2026\n|raw|heroplayer2026's rating: 1000 &rarr; <strong>1047</strong><br />(+47 for winning)\n|raw|thispichu's rating: 1064 &rarr; <strong>1041</strong><br />(-23 for losing)\n|l|\u2606thispichu\n|player|p2|\n",
  "uploadtime": 1776093986,
  "views": 14,
  "formatid": "gen9championsvgc2026regma",
  "rating": 1041,
  "private": 0,
  "password": null
}