{
  "id": "gen9championsvgc2026regma-2586141468",
  "format": "[Gen 9 Champions] VGC 2026 Reg M-A",
  "players": [
    "IDon'tWinBattles",
    "shiro_249"
  ],
  "log": "|j|\u2606IDon'tWinBattles\n|j|\u2606shiro_249\n|t:|1776404194\n|gametype|doubles\n|player|p1|IDon'tWinBattles|heroine2-conquest|1031\n|player|p2|shiro_249|ghetsis-gen5bw|1004\n|gen|9\n|tier|[Gen 9 Champions] VGC 2026 Reg M-A\n|rated|\n|rule|Species Clause: Limit one of each Pok\u00e9mon\n|rule|Item Clause: Limit 1 of each item\n|clearpoke\n|poke|p1|Gardevoir, L50, M|\n|poke|p1|Sneasler, L50, M|\n|poke|p1|Farigiraf, L50, M|\n|poke|p1|Kingambit, L50, M|\n|poke|p1|Sinistcha, L50|\n|poke|p1|Meowstic, L50, M|\n|poke|p2|Aerodactyl, L50, F|\n|poke|p2|Sinistcha, L50|\n|poke|p2|Sneasler, L50, F|\n|poke|p2|Scizor, L50, M|\n|poke|p2|Incineroar, L50, M|\n|poke|p2|Floette-Eternal, L50, F|\n|teampreview|4\n|inactive|Battle timer is ON: inactive players will automatically lose when time's up. (requested by shiro_249)\n|\n|t:|1776404234\n|teamsize|p1|4\n|teamsize|p2|4\n|start\n|switch|p1a: Kingambit|Kingambit, L50, M|100/100\n|switch|p1b: Sneasler|Sneasler, L50, M|100/100\n|switch|p2a: Aerodactyl|Aerodactyl, L50, F|100/100\n|switch|p2b: Sneasler|Sneasler, L50, F|100/100\n|-ability|p2a: Aerodactyl|Pressure\n|-ability|p2b: Sneasler|Pressure\n|turn|1\n|inactive|shiro_249 has 30 seconds left.\n|\n|t:|1776404260\n|move|p2a: Aerodactyl|Protect|p2a: Aerodactyl\n|-singleturn|p2a: Aerodactyl|Protect\n|move|p1a: Kingambit|Protect|p1a: Kingambit\n|-singleturn|p1a: Kingambit|Protect\n|move|p1b: Sneasler|Fake Out|p2a: Aerodactyl\n|-activate|p2a: Aerodactyl|move: Protect\n|move|p2b: Sneasler|Close Combat|p1a: Kingambit\n|-activate|p1a: Kingambit|move: Protect\n|\n|upkeep\n|turn|2\n|inactive|IDon'tWinBattles has 30 seconds left.\n|\n|t:|1776404289\n|switch|p1a: Farigiraf|Farigiraf, L50, M|100/100\n|move|p2a: Aerodactyl|Tailwind|p2a: Aerodactyl\n|-sidestart|p2: shiro_249|move: Tailwind\n|move|p2b: Sneasler|Close Combat|p1a: Farigiraf\n|-damage|p1a: Farigiraf|46/100\n|-unboost|p2b: Sneasler|def|1\n|-unboost|p2b: Sneasler|spd|1\n|-enditem|p2b: Sneasler|White Herb\n|-clearnegativeboost|p2b: Sneasler|[silent]\n|move|p1b: Sneasler|Rock Tomb|p2a: Aerodactyl\n|-supereffective|p2a: Aerodactyl|1\n|-damage|p2a: Aerodactyl|41/100\n|-unboost|p2a: Aerodactyl|spe|1\n|\n|-heal|p1a: Farigiraf|52/100|[from] item: Leftovers\n|upkeep\n|turn|3\n|\n|t:|1776404313\n|move|p2b: Sneasler|Dire Claw|p1a: Farigiraf\n|-damage|p1a: Farigiraf|12/100\n|move|p2a: Aerodactyl|Dual Wingbeat|p1b: Sneasler\n|-supereffective|p1b: Sneasler|1\n|-damage|p1b: Sneasler|55/100\n|-supereffective|p1b: Sneasler|1\n|-damage|p1b: Sneasler|5/100\n|-hitcount|p1b: Sneasler|2\n|move|p1b: Sneasler|Rock Tomb|p2a: Aerodactyl\n|-supereffective|p2a: Aerodactyl|1\n|-damage|p2a: Aerodactyl|0 fnt\n|faint|p2a: Aerodactyl\n|move|p1a: Farigiraf|Trick Room|p1a: Farigiraf\n|-fieldstart|move: Trick Room|[of] p1a: Farigiraf\n|\n|-heal|p1a: Farigiraf|18/100|[from] item: Leftovers\n|upkeep\n|\n|t:|1776404325\n|switch|p2a: Scizor|Scizor, L50, M|100/100\n|turn|4\n|\n|t:|1776404343\n|switch|p1b: Kingambit|Kingambit, L50, M|100/100\n|detailschange|p2a: Scizor|Scizor-Mega, L50, M\n|-mega|p2a: Scizor|Scizor|Scizorite\n|move|p1a: Farigiraf|Psychic|p2b: Sneasler\n|-supereffective|p2b: Sneasler|2\n|-damage|p2b: Sneasler|0 fnt\n|faint|p2b: Sneasler\n|move|p2a: Scizor|Dual Wingbeat|p1b: Kingambit\n|-resisted|p1b: Kingambit|1\n|-damage|p1b: Kingambit|91/100\n|-resisted|p1b: Kingambit|1\n|-damage|p1b: Kingambit|82/100\n|-hitcount|p1b: Kingambit|2\n|\n|-heal|p1a: Farigiraf|24/100|[from] item: Leftovers\n|upkeep\n|\n|t:|1776404352\n|switch|p2b: Sinistcha|Sinistcha, L50|100/100\n|turn|5\n|\n|t:|1776404362\n|move|p1a: Farigiraf|Helping Hand|p1b: Kingambit\n|-singleturn|p1b: Kingambit|Helping Hand|[of] p1a: Farigiraf\n|move|p1b: Kingambit|Kowtow Cleave|p2b: Sinistcha\n|-supereffective|p2b: Sinistcha|1\n|-damage|p2b: Sinistcha|0 fnt\n|faint|p2b: Sinistcha\n|move|p2a: Scizor|Close Combat|p1b: Kingambit\n|-supereffective|p1b: Kingambit|2\n|-damage|p1b: Kingambit|0 fnt\n|-unboost|p2a: Scizor|def|1\n|-unboost|p2a: Scizor|spd|1\n|faint|p1b: Kingambit\n|\n|-heal|p1a: Farigiraf|31/100|[from] item: Leftovers\n|-sideend|p2: shiro_249|move: Tailwind\n|upkeep\n|inactive|IDon'tWinBattles has 30 seconds left.\n|\n|t:|1776404396\n|switch|p1b: Gardevoir|Gardevoir, L50, M|100/100\n|turn|6\n|inactive|shiro_249 has 30 seconds left.\n|\n|t:|1776404424\n|move|p1b: Gardevoir|Protect|p1b: Gardevoir\n|-singleturn|p1b: Gardevoir|Protect\n|move|p1a: Farigiraf|Psychic Terrain|p1a: Farigiraf\n|-fieldstart|move: Psychic Terrain\n|move|p2a: Scizor|Iron Head|p1b: Gardevoir\n|-activate|p1b: Gardevoir|move: Protect\n|\n|-heal|p1a: Farigiraf|37/100|[from] item: Leftovers\n|upkeep\n|turn|7\n|inactive|IDon'tWinBattles has 30 seconds left.\n|\n|t:|1776404451\n|switch|p1b: Sneasler|Sneasler, L50, M|5/100\n|move|p1a: Farigiraf|Psychic|p2a: Scizor\n|-resisted|p2a: Scizor|1\n|-damage|p2a: Scizor|63/100\n|move|p2a: Scizor|Iron Head|p1b: Sneasler\n|-damage|p1b: Sneasler|0 fnt\n|faint|p1b: Sneasler\n|\n|-heal|p1a: Farigiraf|43/100|[from] item: Leftovers\n|-fieldend|move: Trick Room\n|upkeep\n|\n|t:|1776404457\n|switch|p1b: Gardevoir|Gardevoir, L50, M|100/100\n|turn|8\n|\n|t:|1776404465\n|detailschange|p1b: Gardevoir|Gardevoir-Mega, L50, M\n|-mega|p1b: Gardevoir|Gardevoir|Gardevoirite\n|move|p1b: Gardevoir|Mystical Fire|p2a: Scizor\n|-supereffective|p2a: Scizor|2\n|-damage|p2a: Scizor|0 fnt\n|faint|p2a: Scizor\n|\n|win|IDon'tWinBattles\n|raw|IDon&apos;tWinBattles's rating: 1031 &rarr; <strong>1064</strong><br />(+33 for winning)\n|raw|shiro_249's rating: 1004 &rarr; <strong>1000</strong><br />(-4 for losing)\n",
  "uploadtime": 1776404470,
  "views": 37,
  "formatid": "gen9championsvgc2026regma",
  "rating": 1000,
  "private": 0,
  "password": null
}