{
  "id": "gen9championsvgc2026regma-2583420740",
  "format": "[Gen 9 Champions] VGC 2026 Reg M-A",
  "players": [
    "Magmhaul",
    "Jeremykhoo"
  ],
  "log": "|j|\u2606Magmhaul\n|j|\u2606Jeremykhoo\n|t:|1776174496\n|gametype|doubles\n|player|p1|Magmhaul|blue|1191\n|player|p2|Jeremykhoo|hilbert-wonderlauncher|1163\n|gen|9\n|tier|[Gen 9 Champions] VGC 2026 Reg M-A\n|rated|\n|rule|Species Clause: Limit one of each Pok\u00e9mon\n|rule|Item Clause: Limit 1 of each item\n|clearpoke\n|poke|p1|Dragonite, L50, M|\n|poke|p1|Venusaur, L50, M|\n|poke|p1|Pelipper, L50, F|\n|poke|p1|Sneasler, L50, M|\n|poke|p1|Basculegion, L50, M|\n|poke|p1|Kingambit, L50, F|\n|poke|p2|Tyranitar, L50, F|\n|poke|p2|Whimsicott, L50, F|\n|poke|p2|Aggron, L50, M|\n|poke|p2|Drampa, L50, F|\n|poke|p2|Sylveon, L50, F|\n|poke|p2|Arcanine, L50, M|\n|teampreview|4\n|inactive|Battle timer is ON: inactive players will automatically lose when time's up. (requested by Magmhaul)\n|inactive|Jeremykhoo has 60 seconds left.\n|\n|t:|1776174571\n|teamsize|p1|4\n|teamsize|p2|4\n|start\n|switch|p1a: Venusaur|Venusaur, L50, M|100/100\n|switch|p1b: Basculegion|Basculegion, L50, M|100/100\n|switch|p2a: Drampa|Drampa, L50, F|100/100\n|switch|p2b: Aggron|Aggron, L50, M|100/100\n|turn|1\n|inactive|Jeremykhoo has 30 seconds left.\n|\n|t:|1776174606\n|detailschange|p1a: Venusaur|Venusaur-Mega, L50, M\n|-mega|p1a: Venusaur|Venusaur|Venusaurite\n|move|p2b: Aggron|Protect|p2b: Aggron\n|-singleturn|p2b: Aggron|Protect\n|move|p1b: Basculegion|Wave Crash|p2b: Aggron\n|-activate|p2b: Aggron|move: Protect\n|move|p1a: Venusaur|Leech Seed|p2a: Drampa|[miss]\n|-miss|p1a: Venusaur|p2a: Drampa\n|move|p2a: Drampa|Glare|p1b: Basculegion\n|-status|p1b: Basculegion|par\n|\n|upkeep\n|turn|2\n|c|\u2606Magmhaul|Xd\n|inactive|Jeremykhoo has 30 seconds left.\n|inactive|Jeremykhoo has 20 seconds left.\n|inactive|Jeremykhoo has 15 seconds left.\n|inactive|Jeremykhoo has 10 seconds left.\n|\n|t:|1776174655\n|detailschange|p2b: Aggron|Aggron-Mega, L50, M\n|-mega|p2b: Aggron|Aggron|Aggronite\n|move|p1a: Venusaur|Leech Seed|p2a: Drampa\n|-start|p2a: Drampa|move: Leech Seed\n|move|p1b: Basculegion|Wave Crash|p2b: Aggron\n|-damage|p2b: Aggron|61/100\n|-damage|p1b: Basculegion|89/100 par|[from] Recoil\n|move|p2b: Aggron|Iron Defense|p2b: Aggron\n|-boost|p2b: Aggron|def|2\n|move|p2a: Drampa|Glare|p1a: Venusaur\n|-status|p1a: Venusaur|par\n|\n|-damage|p2a: Drampa|88/100|[from] Leech Seed|[of] p1a: Venusaur\n|upkeep\n|turn|3\n|c|\u2606Magmhaul|Rng win condition xd\n|inactive|Magmhaul has 30 seconds left.\n|\n|t:|1776174685\n|switch|p1b: Sneasler|Sneasler, L50, M|100/100\n|switch|p2a: Whimsicott|Whimsicott, L50, F|100/100\n|move|p2b: Aggron|Protect|p2b: Aggron\n|-singleturn|p2b: Aggron|Protect\n|move|p1a: Venusaur|Leech Seed|p2b: Aggron\n|-activate|p2b: Aggron|move: Protect\n|\n|upkeep\n|turn|4\n|inactive|Jeremykhoo has 30 seconds left.\n|\n|t:|1776174713\n|move|p2a: Whimsicott|Tailwind|p2a: Whimsicott\n|-sidestart|p2: Jeremykhoo|move: Tailwind\n|move|p1b: Sneasler|Dire Claw|p2a: Whimsicott\n|-supereffective|p2a: Whimsicott|2\n|-damage|p2a: Whimsicott|0 fnt\n|faint|p2a: Whimsicott\n|move|p2b: Aggron|Heavy Slam|p1b: Sneasler\n|-damage|p1b: Sneasler|5/100\n|move|p1a: Venusaur|Leech Seed|p2b: Aggron\n|-start|p2b: Aggron|move: Leech Seed\n|\n|-damage|p2b: Aggron|49/100|[from] Leech Seed|[of] p1a: Venusaur\n|upkeep\n|\n|t:|1776174725\n|switch|p2a: Drampa|Drampa, L50, F|88/100\n|turn|5\n|\n|t:|1776174737\n|switch|p2a: Sylveon|Sylveon, L50, F|100/100\n|move|p2b: Aggron|Protect|p2b: Aggron\n|-singleturn|p2b: Aggron|Protect\n|move|p1b: Sneasler|Close Combat|p2a: Sylveon\n|-resisted|p2a: Sylveon|1\n|-damage|p2a: Sylveon|60/100\n|-unboost|p1b: Sneasler|def|1\n|-unboost|p1b: Sneasler|spd|1\n|-enditem|p1b: Sneasler|White Herb\n|-clearnegativeboost|p1b: Sneasler|[silent]\n|move|p1a: Venusaur|Earth Power|p2b: Aggron\n|-activate|p2b: Aggron|move: Protect\n|\n|-damage|p2b: Aggron|36/100|[from] Leech Seed|[of] p1a: Venusaur\n|upkeep\n|turn|6\n|\n|t:|1776174758\n|switch|p2b: Drampa|Drampa, L50, F|88/100\n|move|p1b: Sneasler|Dire Claw|p2a: Sylveon\n|-supereffective|p2a: Sylveon|1\n|-crit|p2a: Sylveon\n|-damage|p2a: Sylveon|0 fnt\n|faint|p2a: Sylveon\n|move|p1a: Venusaur|Earth Power|p2b: Drampa\n|-damage|p2b: Drampa|68/100\n|\n|upkeep\n|\n|t:|1776174768\n|switch|p2a: Aggron|Aggron-Mega, L50, M|36/100\n|turn|7\n|c|\u2606Magmhaul|Play this shit in homw\n|inactive|Jeremykhoo has 30 seconds left.\n|\n|t:|1776174796\n|move|p2b: Drampa|Protect|p2b: Drampa\n|-singleturn|p2b: Drampa|Protect\n|move|p1b: Sneasler|Close Combat|p2b: Drampa\n|-activate|p2b: Drampa|move: Protect\n|move|p2a: Aggron|Heavy Slam|p1b: Sneasler\n|-damage|p1b: Sneasler|0 fnt\n|faint|p1b: Sneasler\n|move|p1a: Venusaur|Leech Seed|p2a: Aggron\n|-start|p2a: Aggron|move: Leech Seed\n|\n|-damage|p2a: Aggron|24/100|[from] Leech Seed|[of] p1a: Venusaur\n|-sideend|p2: Jeremykhoo|move: Tailwind\n|upkeep\n|\n|t:|1776174809\n|switch|p1b: Pelipper|Pelipper, L50, F|100/100\n|-weather|RainDance|[from] ability: Drizzle|[of] p1b: Pelipper\n|turn|8\n|\n|t:|1776174818\n|move|p1b: Pelipper|Weather Ball|p2a: Aggron\n|-damage|p2a: Aggron|0 fnt\n|faint|p2a: Aggron\n|move|p2b: Drampa|Hyper Voice|p1a: Venusaur|[spread] p1a,p1b\n|-damage|p1a: Venusaur|76/100 par\n|-damage|p1b: Pelipper|45/100\n|move|p1a: Venusaur|Leech Seed|p2b: Drampa\n|-start|p2b: Drampa|move: Leech Seed\n|\n|-weather|RainDance|[upkeep]\n|-damage|p2b: Drampa|56/100|[from] Leech Seed|[of] p1a: Venusaur\n|-heal|p1a: Venusaur|88/100 par|[silent]\n|upkeep\n|turn|9\n|\n|t:|1776174829\n|move|p1b: Pelipper|Wide Guard|p1b: Pelipper\n|-singleturn|p1b: Pelipper|Wide Guard\n|move|p2b: Drampa|Hyper Voice|p1b: Pelipper|[spread] \n|-activate|p1a: Venusaur|move: Wide Guard\n|-activate|p1b: Pelipper|move: Wide Guard\n|move|p1a: Venusaur|Sludge Bomb|p2b: Drampa\n|-damage|p2b: Drampa|20/100\n|-ability|p2b: Drampa|Berserk|boost\n|-boost|p2b: Drampa|spa|1\n|-enditem|p2b: Drampa|Sitrus Berry|[eat]\n|-heal|p2b: Drampa|45/100|[from] item: Sitrus Berry\n|\n|-weather|RainDance|[upkeep]\n|-damage|p2b: Drampa|32/100|[from] Leech Seed|[of] p1a: Venusaur\n|-heal|p1a: Venusaur|100/100 par|[silent]\n|upkeep\n|turn|10\n|\n|t:|1776174843\n|move|p1b: Pelipper|Protect||[still]\n|-fail|p1b: Pelipper\n|move|p1a: Venusaur|Protect|p1a: Venusaur\n|-singleturn|p1a: Venusaur|Protect\n|move|p2b: Drampa|Hyper Voice|p1a: Venusaur|[spread] p1b\n|-activate|p1a: Venusaur|move: Protect\n|-damage|p1b: Pelipper|0 fnt\n|faint|p1b: Pelipper\n|\n|-weather|RainDance|[upkeep]\n|-damage|p2b: Drampa|20/100|[from] Leech Seed|[of] p1a: Venusaur\n|upkeep\n|\n|t:|1776174851\n|switch|p1b: Basculegion|Basculegion, L50, M|89/100 par\n|turn|11\n|\n|t:|1776174858\n|move|p1b: Basculegion|Wave Crash|p2b: Drampa\n|-resisted|p2b: Drampa|1\n|-damage|p2b: Drampa|0 fnt\n|faint|p2b: Drampa\n|-damage|p1b: Basculegion|83/100 par|[from] Recoil\n|\n|win|Magmhaul\n|raw|Magmhaul's rating: 1191 &rarr; <strong>1214</strong><br />(+23 for winning)\n|raw|Jeremykhoo's rating: 1163 &rarr; <strong>1140</strong><br />(-23 for losing)\n|c|\u2606Jeremykhoo|Ggwp\n",
  "uploadtime": 1776174865,
  "views": 15,
  "formatid": "gen9championsvgc2026regma",
  "rating": 1140,
  "private": 0,
  "password": null
}