{
  "id": "gen9championsvgc2026regma-2584180193",
  "format": "[Gen 9 Champions] VGC 2026 Reg M-A",
  "players": [
    "Jssjddyee",
    "Ghuuug"
  ],
  "log": "|j|\u2606Jssjddyee\n|j|\u2606Ghuuug\n|t:|1776234992\n|gametype|doubles\n|player|p1|Jssjddyee|102|1088\n|player|p2|Ghuuug|hiker-gen4|1000\n|gen|9\n|tier|[Gen 9 Champions] VGC 2026 Reg M-A\n|rated|\n|rule|Species Clause: Limit one of each Pok\u00e9mon\n|rule|Item Clause: Limit 1 of each item\n|clearpoke\n|poke|p1|Corviknight, L50, F|\n|poke|p1|Luxray, L50, M|\n|poke|p1|Aggron, L50, M|\n|poke|p1|Tyranitar, L50, M|\n|poke|p1|Incineroar, L50, F|\n|poke|p1|Sinistcha, L50|\n|poke|p2|Lucario, L50, F|\n|poke|p2|Talonflame, L50, F|\n|poke|p2|Clefable, L50, M|\n|poke|p2|Basculegion, L50, M|\n|poke|p2|Mamoswine, L50, F|\n|poke|p2|Liepard, L50, M|\n|teampreview|4\n|inactive|Battle timer is ON: inactive players will automatically lose when time's up. (requested by Jssjddyee)\n|inactive|Ghuuug has 60 seconds left.\n|\n|t:|1776235051\n|teamsize|p1|4\n|teamsize|p2|4\n|start\n|switch|p1a: Aggron|Aggron, L50, M, shiny|100/100\n|switch|p1b: Luxray|Luxray, L50, M, shiny|100/100\n|switch|p2a: Talonflame|Talonflame, L50, F|100/100\n|switch|p2b: Mamoswine|Mamoswine, L50, F|100/100\n|-ability|p1b: Luxray|Intimidate|boost\n|-unboost|p2a: Talonflame|atk|1\n|-fail|p2b: Mamoswine|unboost|Attack|[from] ability: Oblivious|[of] p2b: Mamoswine\n|turn|1\n|\n|t:|1776235073\n|detailschange|p1a: Aggron|Aggron-Mega, L50, M, shiny\n|-mega|p1a: Aggron|Aggron|Aggronite\n|move|p1a: Aggron|Protect|p1a: Aggron\n|-singleturn|p1a: Aggron|Protect\n|move|p2a: Talonflame|Tailwind|p2a: Talonflame\n|-sidestart|p2: Ghuuug|move: Tailwind\n|move|p2b: Mamoswine|Earthquake|p1a: Aggron|[spread] p1b\n|-activate|p1a: Aggron|move: Protect\n|-immune|p2a: Talonflame\n|-supereffective|p1b: Luxray|1\n|-damage|p1b: Luxray|0 fnt\n|faint|p1b: Luxray\n|\n|upkeep\n|\n|t:|1776235085\n|switch|p1b: Incineroar|Incineroar, L50, F|100/100\n|-ability|p1b: Incineroar|Intimidate|boost\n|-unboost|p2a: Talonflame|atk|1\n|-fail|p2b: Mamoswine|unboost|Attack|[from] ability: Oblivious|[of] p2b: Mamoswine\n|turn|2\n|\n|t:|1776235092\n|move|p2a: Talonflame|Protect|p2a: Talonflame\n|-singleturn|p2a: Talonflame|Protect\n|move|p2b: Mamoswine|Protect|p2b: Mamoswine\n|-singleturn|p2b: Mamoswine|Protect\n|move|p1b: Incineroar|Fake Out|p2b: Mamoswine\n|-activate|p2b: Mamoswine|move: Protect\n|move|p1a: Aggron|Iron Defense|p1a: Aggron\n|-boost|p1a: Aggron|def|2\n|\n|upkeep\n|turn|3\n|\n|t:|1776235106\n|switch|p1b: Corviknight|Corviknight, L50, F|100/100\n|move|p1a: Aggron|Protect|p1a: Aggron\n|-singleturn|p1a: Aggron|Protect\n|move|p2a: Talonflame|Acrobatics|p1b: Corviknight\n|-resisted|p1b: Corviknight|1\n|-damage|p1b: Corviknight|94/100\n|move|p2b: Mamoswine|Earthquake|p1a: Aggron|[spread] \n|-activate|p1a: Aggron|move: Protect\n|-immune|p2a: Talonflame\n|-immune|p1b: Corviknight\n|\n|-heal|p1b: Corviknight|99/100|[from] item: Leftovers\n|upkeep\n|turn|4\n|\n|t:|1776235128\n|switch|p1b: Incineroar|Incineroar, L50, F|100/100\n|-ability|p1b: Incineroar|Intimidate|boost\n|-unboost|p2a: Talonflame|atk|1\n|-fail|p2b: Mamoswine|unboost|Attack|[from] ability: Oblivious|[of] p2b: Mamoswine\n|move|p2a: Talonflame|Flare Blitz|p1b: Incineroar\n|-resisted|p1b: Incineroar|1\n|-damage|p1b: Incineroar|92/100\n|-damage|p2a: Talonflame|97/100|[from] Recoil\n|move|p2b: Mamoswine|Icicle Crash|p1b: Incineroar\n|-resisted|p1b: Incineroar|1\n|-damage|p1b: Incineroar|69/100\n|move|p1a: Aggron|Body Press|p2b: Mamoswine\n|-supereffective|p2b: Mamoswine|1\n|-damage|p2b: Mamoswine|0 fnt\n|faint|p2b: Mamoswine\n|\n|-sideend|p2: Ghuuug|move: Tailwind\n|upkeep\n|\n|t:|1776235133\n|switch|p2b: Lucario|Lucario, L50, F|100/100\n|turn|5\n|\n|t:|1776235154\n|detailschange|p2b: Lucario|Lucario-Mega, L50, F\n|-mega|p2b: Lucario|Lucario|Lucarionite\n|move|p2b: Lucario|Detect|p2b: Lucario\n|-singleturn|p2b: Lucario|Protect\n|move|p1b: Incineroar|Fake Out|p2b: Lucario\n|-activate|p2b: Lucario|move: Protect\n|move|p2a: Talonflame|Tailwind|p2a: Talonflame\n|-sidestart|p2: Ghuuug|move: Tailwind\n|move|p1a: Aggron|Body Press|p2b: Lucario\n|-activate|p2b: Lucario|move: Protect\n|\n|upkeep\n|turn|6\n|\n|t:|1776235167\n|move|p1a: Aggron|Protect|p1a: Aggron\n|-singleturn|p1a: Aggron|Protect\n|move|p2a: Talonflame|Flare Blitz|p1a: Aggron\n|-activate|p1a: Aggron|move: Protect\n|move|p2b: Lucario|Aura Sphere|p1a: Aggron\n|-activate|p1a: Aggron|move: Protect\n|move|p1b: Incineroar|Flare Blitz|p2b: Lucario\n|-supereffective|p2b: Lucario|1\n|-damage|p2b: Lucario|0 fnt\n|faint|p2b: Lucario\n|-damage|p1b: Incineroar|45/100|[from] Recoil\n|-enditem|p1b: Incineroar|Sitrus Berry|[eat]\n|-heal|p1b: Incineroar|70/100|[from] item: Sitrus Berry\n|\n|upkeep\n|\n|t:|1776235175\n|switch|p2b: Basculegion|Basculegion, L50, M|100/100\n|turn|7\n|\n|t:|1776235189\n|move|p2b: Basculegion|Wave Crash|p1a: Aggron\n|-damage|p1a: Aggron|82/100\n|-damage|p2b: Basculegion|95/100|[from] Recoil\n|move|p2a: Talonflame|Flare Blitz|p1a: Aggron\n|-supereffective|p1a: Aggron|1\n|-damage|p1a: Aggron|74/100\n|-damage|p2a: Talonflame|93/100|[from] Recoil\n|move|p1b: Incineroar|Will-O-Wisp|p2b: Basculegion\n|-status|p2b: Basculegion|brn\n|move|p1a: Aggron|Heavy Slam|p2b: Basculegion\n|-resisted|p2b: Basculegion|1\n|-damage|p2b: Basculegion|72/100 brn\n|\n|-damage|p2b: Basculegion|66/100 brn|[from] brn\n|upkeep\n|turn|8\n|-message|Ghuuug forfeited.\n|\n|win|Jssjddyee\n|raw|Jssjddyee's rating: 1088 &rarr; <strong>1108</strong><br />(+20 for winning)\n|raw|Ghuuug's rating: 1000 &rarr; <strong>1000</strong><br />(+0 for losing)\n|l|\u2606Ghuuug\n|player|p2|\n",
  "uploadtime": 1776235200,
  "views": 17,
  "formatid": "gen9championsvgc2026regma",
  "rating": 1000,
  "private": 0,
  "password": null
}