{
  "id": "gen9championsvgc2026regma-2585089788",
  "format": "[Gen 9 Champions] VGC 2026 Reg M-A",
  "players": [
    "WizardGibby",
    "TNT13"
  ],
  "log": "|j|\u2606WizardGibby\n|j|\u2606TNT13\n|t:|1776310647\n|gametype|doubles\n|player|p1|WizardGibby|scientistf|1000\n|player|p2|TNT13|102|1053\n|gen|9\n|tier|[Gen 9 Champions] VGC 2026 Reg M-A\n|rated|\n|rule|Species Clause: Limit one of each Pok\u00e9mon\n|rule|Item Clause: Limit 1 of each item\n|clearpoke\n|poke|p1|Hawlucha, L50, F|\n|poke|p1|Mr. Rime, L50, F|\n|poke|p1|Snorlax, L50, F|\n|poke|p1|Ninetales-Alola, L50, M|\n|poke|p1|Oranguru, L50, F|\n|poke|p1|Espathra, L50, M|\n|poke|p2|Snorlax, L50, F|\n|poke|p2|Toxapex, L50, M|\n|poke|p2|Sinistcha, L50|\n|poke|p2|Typhlosion-Hisui, L50, F|\n|poke|p2|Pikachu, L50, F|\n|poke|p2|Weavile, L50, M|\n|teampreview|4\n|inactive|Battle timer is ON: inactive players will automatically lose when time's up. (requested by TNT13)\n|\n|t:|1776310689\n|teamsize|p1|4\n|teamsize|p2|4\n|start\n|switch|p1a: Hawlucha|Hawlucha, L50, F, shiny|100/100\n|switch|p1b: Snorlax|Snorlax, L50, F|100/100\n|switch|p2a: Snorlax|Snorlax, L50, F|100/100\n|switch|p2b: Typhlosion|Typhlosion-Hisui, L50, F|100/100\n|-item|p1a: Hawlucha|Hawluchanite|[from] ability: Frisk|[of] p2b: Typhlosion\n|-item|p1b: Snorlax|Sitrus Berry|[from] ability: Frisk|[of] p2b: Typhlosion\n|-ability|p1a: Hawlucha|Mold Breaker\n|turn|1\n|\n|t:|1776310712\n|detailschange|p1a: Hawlucha|Hawlucha-Mega, L50, F, shiny\n|-mega|p1a: Hawlucha|Hawlucha|Hawluchanite\n|move|p2b: Typhlosion|Eruption|p1a: Hawlucha|[spread] p1a,p1b\n|-damage|p1a: Hawlucha|24/100\n|-damage|p1b: Snorlax|80/100\n|move|p1a: Hawlucha|Entrainment|p1b: Snorlax\n|-ability|p1b: Snorlax|No Guard|Thick Fat|[from] move: Entrainment|[of] p1a: Hawlucha\n|move|p1b: Snorlax|Fissure|p2b: Typhlosion\n|-damage|p2b: Typhlosion|0 fnt\n|faint|p2b: Typhlosion\n|-ohko\n|move|p2a: Snorlax|Rock Slide|p1a: Hawlucha|[spread] p1a,p1b\n|-damage|p1a: Hawlucha|12/100\n|-damage|p1b: Snorlax|71/100\n|\n|upkeep\n|\n|t:|1776310736\n|switch|p2b: Sinistcha|Sinistcha, L50|100/100\n|turn|2\n|\n|t:|1776310744\n|switch|p1a: Oranguru|Oranguru, L50, F|100/100\n|move|p1b: Snorlax|Fissure|p2b: Sinistcha\n|-damage|p2b: Sinistcha|0 fnt\n|faint|p2b: Sinistcha\n|-ohko\n|move|p2a: Snorlax|Belly Drum|p2a: Snorlax\n|-damage|p2a: Snorlax|51/100\n|-setboost|p2a: Snorlax|atk|6|[from] move: Belly Drum\n|\n|upkeep\n|\n|t:|1776310750\n|switch|p2b: Weavile|Weavile, L50, M|100/100\n|turn|3\n|\n|t:|1776310772\n|move|p2b: Weavile|Taunt|p1a: Oranguru\n|-start|p1a: Oranguru|move: Taunt\n|move|p2a: Snorlax|Rock Slide|p1a: Oranguru|[spread] p1b\n|-miss|p2a: Snorlax|p1a: Oranguru\n|-damage|p1b: Snorlax|36/100\n|-enditem|p1b: Snorlax|Sitrus Berry|[eat]\n|-heal|p1b: Snorlax|60/100|[from] item: Sitrus Berry\n|-activate|p1a: Oranguru|ability: Symbiosis|Leftovers|[of] p1b: Snorlax\n|cant|p1b: Snorlax|flinch\n|cant|p1a: Oranguru|move: Taunt|Trick Room\n|\n|-heal|p1b: Snorlax|66/100|[from] item: Leftovers\n|upkeep\n|turn|4\n|\n|t:|1776310793\n|move|p2b: Weavile|Knock Off|p1b: Snorlax\n|-damage|p1b: Snorlax|35/100\n|-enditem|p1b: Snorlax|Leftovers|[from] move: Knock Off|[of] p2b: Weavile\n|move|p1a: Oranguru|Psychic|p2a: Snorlax\n|-damage|p2a: Snorlax|34/100\n|-enditem|p2a: Snorlax|Sitrus Berry|[eat]\n|-heal|p2a: Snorlax|59/100|[from] item: Sitrus Berry\n|move|p1b: Snorlax|Fissure|p2b: Weavile\n|-enditem|p2b: Weavile|Focus Sash\n|-damage|p2b: Weavile|1/100\n|move|p2a: Snorlax|Facade|p1b: Snorlax\n|-damage|p1b: Snorlax|0 fnt\n|faint|p1b: Snorlax\n|\n|upkeep\n|\n|t:|1776310812\n|switch|p1b: Mr. Rime|Mr. Rime, L50, F|100/100\n|turn|5\n|\n|t:|1776310822\n|move|p1b: Mr. Rime|Fake Out|p2a: Snorlax\n|-damage|p2a: Snorlax|54/100\n|move|p2b: Weavile|Knock Off|p1b: Mr. Rime\n|-supereffective|p1b: Mr. Rime|1\n|-enditem|p1b: Mr. Rime|Focus Sash\n|-damage|p1b: Mr. Rime|1/100\n|move|p1a: Oranguru|Psychic|p2b: Weavile\n|-immune|p2b: Weavile\n|cant|p2a: Snorlax|flinch\n|\n|-end|p1a: Oranguru|move: Taunt\n|upkeep\n|turn|6\n|inactive|WizardGibby has 30 seconds left.\n|inactive|WizardGibby has 20 seconds left.\n|inactive|WizardGibby has 15 seconds left.\n|\n|t:|1776310866\n|move|p1b: Mr. Rime|Protect|p1b: Mr. Rime\n|-singleturn|p1b: Mr. Rime|Protect\n|move|p2b: Weavile|Knock Off|p1a: Oranguru\n|-supereffective|p1a: Oranguru|1\n|-damage|p1a: Oranguru|40/100\n|move|p1a: Oranguru|Reflect|p1a: Oranguru\n|-sidestart|p1: WizardGibby|Reflect\n|move|p2a: Snorlax|Rock Slide|p1b: Mr. Rime|[spread] p1a\n|-activate|p1b: Mr. Rime|move: Protect\n|-damage|p1a: Oranguru|6/100\n|\n|upkeep\n|turn|7\n|\n|t:|1776310887\n|move|p2b: Weavile|Knock Off|p1b: Mr. Rime\n|-supereffective|p1b: Mr. Rime|1\n|-damage|p1b: Mr. Rime|0 fnt\n|faint|p1b: Mr. Rime\n|move|p1a: Oranguru|Psychic|p2a: Snorlax\n|-damage|p2a: Snorlax|39/100\n|move|p2a: Snorlax|Rock Slide|p1a: Oranguru\n|-damage|p1a: Oranguru|0 fnt\n|faint|p1a: Oranguru\n|\n|upkeep\n|\n|t:|1776310899\n|switch|p1a: Hawlucha|Hawlucha-Mega, L50, F, shiny|12/100\n|turn|8\n|\n|t:|1776310911\n|move|p2b: Weavile|Ice Shard|p1a: Hawlucha\n|-supereffective|p1a: Hawlucha|1\n|-damage|p1a: Hawlucha|0 fnt\n|faint|p1a: Hawlucha\n|\n|win|TNT13\n|raw|WizardGibby's rating: 1000 &rarr; <strong>1000</strong><br />(+0 for losing)\n|raw|TNT13's rating: 1053 &rarr; <strong>1080</strong><br />(+27 for winning)\n|c|\u2606TNT13|gg\n|l|\u2606WizardGibby\n|player|p1|\n",
  "uploadtime": 1776310919,
  "views": 22,
  "formatid": "gen9championsvgc2026regma",
  "rating": 1000,
  "private": 0,
  "password": null
}