{
  "id": "gen9championsvgc2026regma-2587809650",
  "format": "[Gen 9 Champions] VGC 2026 Reg M-A",
  "players": [
    "VamosRafa22",
    "pinnecks"
  ],
  "log": "|j|\u2606VamosRafa22\n|j|\u2606pinnecks\n|t:|1776566246\n|gametype|doubles\n|player|p1|VamosRafa22|1|1142\n|player|p2|pinnecks|lyra|1148\n|gen|9\n|tier|[Gen 9 Champions] VGC 2026 Reg M-A\n|rated|\n|rule|Species Clause: Limit one of each Pok\u00e9mon\n|rule|Item Clause: Limit 1 of each item\n|clearpoke\n|poke|p1|Absol, L50, F|\n|poke|p1|Whimsicott, L50, F|\n|poke|p1|Tauros-Paldea-Aqua, L50, M|\n|poke|p1|Clawitzer, L50, F|\n|poke|p1|Clefable, L50, F|\n|poke|p1|Chimecho, L50, M|\n|poke|p2|Altaria, L50, F, shiny|\n|poke|p2|Aerodactyl, L50, M|\n|poke|p2|Milotic, L50, F|\n|poke|p2|Houndoom, L50, M, shiny|\n|poke|p2|Raichu-Alola, L50, M|\n|poke|p2|Aegislash, L50, M, shiny|\n|teampreview|4\n|inactive|Battle timer is ON: inactive players will automatically lose when time's up. (requested by pinnecks)\n|inactive|VamosRafa22 has 60 seconds left.\n|\n|t:|1776566295\n|teamsize|p1|4\n|teamsize|p2|4\n|start\n|switch|p1a: Absol|Absol, L50, F|100/100\n|switch|p1b: Whimsicott|Whimsicott, L50, F|100/100\n|switch|p2a: Aerodactyl|Aerodactyl, L50, M|100/100\n|switch|p2b: Aegislash|Aegislash, L50, M, shiny|100/100\n|-ability|p2a: Aerodactyl|Unnerve\n|turn|1\n|inactive|VamosRafa22 has 30 seconds left.\n|\n|t:|1776566321\n|move|p1b: Whimsicott|Tailwind|p1b: Whimsicott\n|-sidestart|p1: VamosRafa22|move: Tailwind\n|move|p1a: Absol|Night Slash|p2b: Aegislash\n|-supereffective|p2b: Aegislash|1\n|-crit|p2b: Aegislash\n|-damage|p2b: Aegislash|0 fnt\n|faint|p2b: Aegislash\n|move|p2a: Aerodactyl|Dual Wingbeat|p1b: Whimsicott\n|-supereffective|p1b: Whimsicott|1\n|-damage|p1b: Whimsicott|48/100\n|-supereffective|p1b: Whimsicott|1\n|-damage|p1b: Whimsicott|0 fnt\n|faint|p1b: Whimsicott\n|-hitcount|p1: Whimsicott|2\n|\n|upkeep\n|\n|t:|1776566335\n|switch|p1b: Tauros|Tauros-Paldea-Aqua, L50, M|100/100\n|switch|p2b: Altaria|Altaria, L50, F, shiny|100/100\n|-ability|p2b: Altaria|Cloud Nine\n|turn|2\n|\n|t:|1776566356\n|move|p1a: Absol|Night Slash|p1b: Tauros\n|-resisted|p1b: Tauros|1\n|-crit|p1b: Tauros\n|-damage|p1b: Tauros|73/100\n|-setboost|p1b: Tauros|atk|6|[from] ability: Anger Point\n|move|p1b: Tauros|Raging Bull|p2a: Aerodactyl\n|-supereffective|p2a: Aerodactyl|1\n|-enditem|p2a: Aerodactyl|Focus Sash\n|-damage|p2a: Aerodactyl|1/100\n|move|p2a: Aerodactyl|Tailwind|p2a: Aerodactyl\n|-sidestart|p2: pinnecks|move: Tailwind\n|move|p2b: Altaria|Draco Meteor|p1b: Tauros|[miss]\n|-miss|p2b: Altaria|p1b: Tauros\n|\n|upkeep\n|turn|3\n|\n|t:|1776566380\n|detailschange|p2b: Altaria|Altaria-Mega, L50, F, shiny\n|-mega|p2b: Altaria|Altaria|Altarianite\n|move|p2a: Aerodactyl|Rock Slide|p1a: Absol|[spread] p1a\n|-miss|p2a: Aerodactyl|p1b: Tauros\n|-damage|p1a: Absol|53/100\n|move|p1a: Absol|Stone Edge|p2b: Altaria\n|-crit|p2b: Altaria\n|-damage|p2b: Altaria|46/100\n|move|p1b: Tauros|Raging Bull|p2a: Aerodactyl\n|-supereffective|p2a: Aerodactyl|1\n|-damage|p2a: Aerodactyl|0 fnt\n|faint|p2a: Aerodactyl\n|move|p2b: Altaria|Hyper Voice|p1b: Tauros|[spread] p1a,p1b\n|-supereffective|p1a: Absol|1\n|-supereffective|p1b: Tauros|1\n|-damage|p1a: Absol|0 fnt\n|-damage|p1b: Tauros|0 fnt\n|faint|p1a: Absol\n|faint|p1b: Tauros\n|\n|upkeep\n|\n|t:|1776566401\n|switch|p2a: Milotic|Milotic, L50, F|100/100\n|switch|p1a: Clefable|Clefable, L50, F|100/100\n|turn|4\n|\n|t:|1776566413\n|detailschange|p1a: Clefable|Clefable-Mega, L50, F\n|-mega|p1a: Clefable|Clefable|Clefablite\n|move|p2b: Altaria|Protect|p2b: Altaria\n|-singleturn|p2b: Altaria|Protect\n|move|p2a: Milotic|Scald|p1a: Clefable\n|-damage|p1a: Clefable|66/100\n|move|p1a: Clefable|Ice Beam|p2b: Altaria\n|-activate|p2b: Altaria|move: Protect\n|\n|-sideend|p1: VamosRafa22|move: Tailwind\n|upkeep\n|turn|5\n|\n|t:|1776566428\n|move|p2b: Altaria|Protect||[still]\n|-fail|p2b: Altaria\n|move|p2a: Milotic|Icy Wind|p1a: Clefable|[miss]\n|-miss|p2a: Milotic|p1a: Clefable\n|move|p1a: Clefable|Ice Beam|p2b: Altaria\n|-supereffective|p2b: Altaria|1\n|-damage|p2b: Altaria|0 fnt\n|faint|p2b: Altaria\n|\n|-sideend|p2: pinnecks|move: Tailwind\n|upkeep\n|turn|6\n|inactive|VamosRafa22 has 30 seconds left.\n|\n|t:|1776566457\n|move|p2a: Milotic|Icy Wind|p1a: Clefable\n|-supereffective|p1a: Clefable|1\n|-damage|p1a: Clefable|34/100\n|-unboost|p1a: Clefable|spe|1\n|move|p1a: Clefable|Moonblast|p2a: Milotic\n|-damage|p2a: Milotic|61/100\n|\n|-heal|p2a: Milotic|67/100|[from] item: Leftovers\n|upkeep\n|turn|7\n|\n|t:|1776566469\n|move|p2a: Milotic|Icy Wind|p1a: Clefable\n|-supereffective|p1a: Clefable|1\n|-damage|p1a: Clefable|6/100\n|-unboost|p1a: Clefable|spe|1\n|move|p1a: Clefable|Moonblast|p2a: Milotic\n|-damage|p2a: Milotic|32/100\n|\n|-heal|p2a: Milotic|38/100|[from] item: Leftovers\n|upkeep\n|turn|8\n|\n|t:|1776566479\n|move|p2a: Milotic|Scald|p1a: Clefable\n|-damage|p1a: Clefable|0 fnt\n|faint|p1a: Clefable\n|\n|win|pinnecks\n|raw|VamosRafa22's rating: 1142 &rarr; <strong>1117</strong><br />(-25 for losing)\n|raw|pinnecks's rating: 1148 &rarr; <strong>1173</strong><br />(+25 for winning)\n|l|\u2606VamosRafa22\n|player|p1|\n",
  "uploadtime": 1776566487,
  "views": 13,
  "formatid": "gen9championsvgc2026regma",
  "rating": 1117,
  "private": 0,
  "password": null
}