{
  "id": "gen9championsvgc2026regma-2584973907",
  "format": "[Gen 9 Champions] VGC 2026 Reg M-A",
  "players": [
    "N4t4sh4",
    "Inconspicuous Lamp"
  ],
  "log": "|j|\u2606N4t4sh4\n|j|\u2606Inconspicuous Lamp\n|t:|1776299628\n|gametype|doubles\n|player|p1|N4t4sh4|170|1114\n|player|p2|Inconspicuous Lamp|depotagent|1167\n|gen|9\n|tier|[Gen 9 Champions] VGC 2026 Reg M-A\n|rated|\n|rule|Species Clause: Limit one of each Pok\u00e9mon\n|rule|Item Clause: Limit 1 of each item\n|clearpoke\n|poke|p1|Crabominable, L50, F|\n|poke|p1|Basculegion, L50, M|\n|poke|p1|Farigiraf, L50, M|\n|poke|p1|Sinistcha, L50|\n|poke|p1|Pelipper, L50, F|\n|poke|p1|Archaludon, L50, F|\n|poke|p2|Farigiraf, L50, M|\n|poke|p2|Kingambit, L50, M|\n|poke|p2|Vivillon-Marine, L50, M|\n|poke|p2|Feraligatr, L50, M|\n|poke|p2|Arcanine-Hisui, L50, M|\n|poke|p2|Meganium, L50, F|\n|teampreview|4\n|inactive|Battle timer is ON: inactive players will automatically lose when time's up. (requested by Inconspicuous Lamp)\n|inactive|N4t4sh4 has 60 seconds left.\n|inactive|Inconspicuous Lamp has 60 seconds left.\n|inactive|Inconspicuous Lamp has 30 seconds left.\n|inactive|Inconspicuous Lamp has 20 seconds left.\n|inactive|Inconspicuous Lamp has 15 seconds left.\n|inactive|Inconspicuous Lamp has 10 seconds left.\n|\n|t:|1776299715\n|teamsize|p1|4\n|teamsize|p2|4\n|start\n|switch|p1a: Farigiraf|Farigiraf, L50, M|100/100\n|switch|p1b: Pelipper|Pelipper, L50, F|100/100\n|switch|p2a: Vivillon|Vivillon-Marine, L50, M, shiny|100/100\n|switch|p2b: Arcanine|Arcanine-Hisui, L50, M|100/100\n|-weather|RainDance|[from] ability: Drizzle|[of] p1b: Pelipper\n|-ability|p2b: Arcanine|Intimidate|boost\n|-unboost|p1a: Farigiraf|atk|1\n|-unboost|p1b: Pelipper|atk|1\n|turn|1\n|inactive|N4t4sh4 has 30 seconds left.\n|\n|t:|1776299743\n|move|p2a: Vivillon|Sleep Powder|p1a: Farigiraf\n|-status|p1a: Farigiraf|slp|[from] move: Sleep Powder\n|move|p1b: Pelipper|Weather Ball|p2b: Arcanine\n|-supereffective|p2b: Arcanine|2\n|-damage|p2b: Arcanine|0 fnt\n|faint|p2b: Arcanine\n|cant|p1a: Farigiraf|slp\n|\n|-weather|RainDance|[upkeep]\n|upkeep\n|\n|t:|1776299755\n|switch|p2b: Kingambit|Kingambit, L50, M, shiny|100/100\n|turn|2\n|inactive|N4t4sh4 has 30 seconds left.\n|inactive|N4t4sh4 has 20 seconds left.\n|\n|t:|1776299791\n|switch|p1a: Archaludon|Archaludon, L50, F|100/100\n|move|p2a: Vivillon|Sleep Powder|p1b: Pelipper\n|-status|p1b: Pelipper|slp|[from] move: Sleep Powder\n|cant|p1b: Pelipper|slp\n|move|p2b: Kingambit|Kowtow Cleave|p1a: Archaludon\n|-damage|p1a: Archaludon|73/100\n|-ability|p1a: Archaludon|Stamina|boost\n|-boost|p1a: Archaludon|def|1\n|\n|-weather|RainDance|[upkeep]\n|-heal|p1a: Archaludon|79/100|[from] item: Leftovers\n|upkeep\n|turn|3\n|\n|t:|1776299815\n|move|p2a: Vivillon|Sleep Powder|p1a: Archaludon\n|-status|p1a: Archaludon|slp|[from] move: Sleep Powder\n|cant|p1b: Pelipper|slp\n|cant|p1a: Archaludon|slp\n|move|p2b: Kingambit|Brick Break|p1a: Archaludon\n|-supereffective|p1a: Archaludon|1\n|-damage|p1a: Archaludon|55/100 slp\n|-ability|p1a: Archaludon|Stamina|boost\n|-boost|p1a: Archaludon|def|1\n|\n|-weather|RainDance|[upkeep]\n|-heal|p1a: Archaludon|61/100 slp|[from] item: Leftovers\n|upkeep\n|turn|4\n|\n|t:|1776299834\n|move|p2a: Vivillon|Hurricane|p1b: Pelipper\n|-damage|p1b: Pelipper|17/100 slp\n|-curestatus|p1b: Pelipper|slp|[msg]\n|move|p1b: Pelipper|Hurricane|p2a: Vivillon\n|-supereffective|p2a: Vivillon|1\n|-enditem|p2a: Vivillon|Focus Sash\n|-damage|p2a: Vivillon|1/100\n|-curestatus|p1a: Archaludon|slp|[msg]\n|move|p1a: Archaludon|Electro Shot||[still]\n|-prepare|p1a: Archaludon|Electro Shot\n|-boost|p1a: Archaludon|spa|1\n|-anim|p1a: Archaludon|Electro Shot|p2a: Vivillon\n|-supereffective|p2a: Vivillon|1\n|-crit|p2a: Vivillon\n|-damage|p2a: Vivillon|0 fnt\n|faint|p2a: Vivillon\n|move|p2b: Kingambit|Kowtow Cleave|p1b: Pelipper\n|-damage|p1b: Pelipper|0 fnt\n|faint|p1b: Pelipper\n|\n|-weather|RainDance|[upkeep]\n|-heal|p1a: Archaludon|68/100|[from] item: Leftovers\n|upkeep\n|\n|t:|1776299858\n|switch|p2a: Meganium|Meganium, L50, F, shiny|100/100\n|switch|p1b: Farigiraf|Farigiraf, L50, M|100/100 slp\n|turn|5\n|\n|t:|1776299877\n|move|p1a: Archaludon|Draco Meteor|p2a: Meganium|[miss]\n|-miss|p1a: Archaludon|p2a: Meganium\n|move|p2a: Meganium|Dazzling Gleam|p1a: Archaludon|[spread] p1a,p1b\n|-damage|p1a: Archaludon|51/100\n|-damage|p1b: Farigiraf|88/100 slp\n|-ability|p1a: Archaludon|Stamina|boost\n|-boost|p1a: Archaludon|def|1\n|move|p2b: Kingambit|Brick Break|p1a: Archaludon\n|-supereffective|p1a: Archaludon|1\n|-damage|p1a: Archaludon|37/100\n|-ability|p1a: Archaludon|Stamina|boost\n|-boost|p1a: Archaludon|def|1\n|cant|p1b: Farigiraf|slp\n|\n|-weather|none\n|-heal|p1a: Archaludon|43/100|[from] item: Leftovers\n|upkeep\n|turn|6\n|inactive|Inconspicuous Lamp has 30 seconds left.\n|\n|t:|1776299903\n|detailschange|p2a: Meganium|Meganium-Mega, L50, F, shiny\n|-mega|p2a: Meganium|Meganium|Meganiumite\n|move|p1a: Archaludon|Protect|p1a: Archaludon\n|-singleturn|p1a: Archaludon|Protect\n|move|p2a: Meganium|Dazzling Gleam|p1a: Archaludon|[spread] p1b\n|-activate|p1a: Archaludon|move: Protect\n|-damage|p1b: Farigiraf|60/100 slp\n|move|p2b: Kingambit|Brick Break|p1a: Archaludon\n|-activate|p1a: Archaludon|move: Protect\n|-curestatus|p1b: Farigiraf|slp|[msg]\n|move|p1b: Farigiraf|Trick Room|p1b: Farigiraf\n|-fieldstart|move: Trick Room|[of] p1b: Farigiraf\n|\n|-heal|p1a: Archaludon|49/100|[from] item: Leftovers\n|upkeep\n|turn|7\n|inactive|N4t4sh4 has 30 seconds left.\n|inactive|Inconspicuous Lamp has 30 seconds left.\n|\n|t:|1776299938\n|move|p1b: Farigiraf|Helping Hand|p1a: Archaludon\n|-singleturn|p1a: Archaludon|Helping Hand|[of] p1b: Farigiraf\n|move|p2b: Kingambit|Kowtow Cleave|p1b: Farigiraf\n|-supereffective|p1b: Farigiraf|1\n|-damage|p1b: Farigiraf|0 fnt\n|faint|p1b: Farigiraf\n|move|p2a: Meganium|Weather Ball|p1a: Archaludon\n|-damage|p1a: Archaludon|0 fnt\n|faint|p1a: Archaludon\n|\n|upkeep\n|\n|t:|1776299960\n|switch|p1b: Crabominable|Crabominable, L50, F|100/100\n|turn|8\n|\n|t:|1776299979\n|detailschange|p1b: Crabominable|Crabominable-Mega, L50, F\n|-mega|p1b: Crabominable|Crabominable|Crabominite\n|move|p2a: Meganium|Protect|p2a: Meganium\n|-singleturn|p2a: Meganium|Protect\n|move|p1b: Crabominable|Drain Punch|p2b: Kingambit\n|-supereffective|p2b: Kingambit|2\n|-damage|p2b: Kingambit|0 fnt\n|faint|p2b: Kingambit\n|\n|upkeep\n|turn|9\n|\n|t:|1776299991\n|move|p1b: Crabominable|Ice Hammer|p2a: Meganium\n|-supereffective|p2a: Meganium|1\n|-damage|p2a: Meganium|0 fnt\n|-unboost|p1b: Crabominable|spe|1\n|faint|p2a: Meganium\n|\n|win|N4t4sh4\n|raw|N4t4sh4's rating: 1114 &rarr; <strong>1143</strong><br />(+29 for winning)\n|raw|Inconspicuous Lamp's rating: 1167 &rarr; <strong>1138</strong><br />(-29 for losing)\n",
  "uploadtime": 1776300001,
  "views": 24,
  "formatid": "gen9championsvgc2026regma",
  "rating": 1138,
  "private": 0,
  "password": null
}