{
  "id": "gen9championsvgc2026regma-2582058890",
  "format": "[Gen 9 Champions] VGC 2026 Reg M-A",
  "players": [
    "adarefixwillfixit",
    "lczsbl"
  ],
  "log": "|j|\u2606adarefixwillfixit\n|j|\u203dlczsbl\n|t:|1776052929\n|gametype|doubles\n|player|p1|adarefixwillfixit|102|1248\n|player|p2|lczsbl|roxanne|1271\n|gen|9\n|tier|[Gen 9 Champions] VGC 2026 Reg M-A\n|rated|\n|rule|Species Clause: Limit one of each Pok\u00e9mon\n|rule|Item Clause: Limit 1 of each item\n|clearpoke\n|poke|p1|Floette-Eternal, L50, F|\n|poke|p1|Sinistcha, L50|\n|poke|p1|Kingambit, L50, M|\n|poke|p1|Milotic, L50, F|\n|poke|p1|Whimsicott, L50, F|\n|poke|p1|Delphox, L50, F|\n|poke|p2|Blastoise, L50, F|\n|poke|p2|Talonflame, L50, M|\n|poke|p2|Sinistcha-Masterpiece, L50|\n|poke|p2|Excadrill, L50, F|\n|poke|p2|Tyranitar, L50, F|\n|poke|p2|Sylveon, L50, M|\n|teampreview|4\n|inactive|Battle timer is ON: inactive players will automatically lose when time's up. (requested by adarefixwillfixit)\n|inactive|adarefixwillfixit has 60 seconds left.\n|inactive|lczsbl has 60 seconds left.\n|\n|t:|1776052987\n|teamsize|p1|4\n|teamsize|p2|4\n|start\n|switch|p1a: Whimsicott|Whimsicott, L50, F|100/100\n|switch|p1b: Floette|Floette-Eternal, L50, F|100/100\n|switch|p2a: Blastoise|Blastoise, L50, F|100/100\n|switch|p2b: Sinistcha|Sinistcha-Masterpiece, L50|100/100\n|turn|1\n|inactive|lczsbl has 30 seconds left.\n|inactive|lczsbl has 20 seconds left.\n|inactive|lczsbl has 15 seconds left.\n|inactive|lczsbl has 10 seconds left.\n|\n|t:|1776053033\n|detailschange|p1b: Floette|Floette-Mega, L50, F\n|-mega|p1b: Floette|Floette|Floettite\n|-ability|p1b: Floette|Fairy Aura\n|detailschange|p2a: Blastoise|Blastoise-Mega, L50, F\n|-mega|p2a: Blastoise|Blastoise|Blastoisinite\n|move|p1a: Whimsicott|Tailwind|p1a: Whimsicott\n|-sidestart|p1: adarefixwillfixit|move: Tailwind\n|move|p1b: Floette|Calm Mind|p1b: Floette\n|-boost|p1b: Floette|spa|1\n|-boost|p1b: Floette|spd|1\n|move|p2a: Blastoise|Ice Beam|p1a: Whimsicott\n|-supereffective|p1a: Whimsicott|1\n|-enditem|p1a: Whimsicott|Focus Sash\n|-damage|p1a: Whimsicott|1/100\n|move|p2b: Sinistcha|Trick Room|p2b: Sinistcha\n|-fieldstart|move: Trick Room|[of] p2b: Sinistcha\n|\n|upkeep\n|turn|2\n|inactive|adarefixwillfixit has 30 seconds left.\n|\n|t:|1776053062\n|move|p1a: Whimsicott|Protect|p1a: Whimsicott\n|-singleturn|p1a: Whimsicott|Protect\n|move|p2b: Sinistcha|Rage Powder|p2b: Sinistcha\n|-singleturn|p2b: Sinistcha|move: Rage Powder\n|move|p2a: Blastoise|Water Spout|p1a: Whimsicott|[spread] p1b\n|-activate|p1a: Whimsicott|move: Protect\n|-damage|p1b: Floette|72/100\n|move|p1b: Floette|Calm Mind|p1b: Floette\n|-boost|p1b: Floette|spa|1\n|-boost|p1b: Floette|spd|1\n|\n|upkeep\n|turn|3\n|inactive|lczsbl has 30 seconds left.\n|\n|t:|1776053090\n|move|p2b: Sinistcha|Shadow Ball|p1b: Floette\n|-damage|p1b: Floette|58/100\n|move|p2a: Blastoise|Water Spout|p1b: Floette|[spread] p1a,p1b\n|-resisted|p1a: Whimsicott|1\n|-damage|p1a: Whimsicott|0 fnt\n|-damage|p1b: Floette|33/100\n|faint|p1a: Whimsicott\n|move|p1b: Floette|Dazzling Gleam|p2b: Sinistcha|[spread] p2a,p2b\n|-damage|p2a: Blastoise|13/100\n|-damage|p2b: Sinistcha|0 fnt\n|faint|p2b: Sinistcha\n|\n|upkeep\n|\n|t:|1776053104\n|switch|p2b: Tyranitar|Tyranitar, L50, F|100/100\n|switch|p1a: Sinistcha|Sinistcha, L50|100/100\n|-weather|Sandstorm|[from] ability: Sand Stream|[of] p2b: Tyranitar\n|-heal|p1b: Floette|58/100|[from] ability: Hospitality|[of] p1a: Sinistcha\n|turn|4\n|\n|t:|1776053116\n|switch|p1a: Kingambit|Kingambit, L50, M|100/100\n|move|p2b: Tyranitar|Protect|p2b: Tyranitar\n|-singleturn|p2b: Tyranitar|Protect\n|move|p1b: Floette|Protect|p1b: Floette\n|-singleturn|p1b: Floette|Protect\n|move|p2a: Blastoise|Ice Beam|p1a: Kingambit\n|-resisted|p1a: Kingambit|1\n|-damage|p1a: Kingambit|85/100\n|\n|-weather|Sandstorm|[upkeep]\n|-damage|p2a: Blastoise|8/100|[from] Sandstorm\n|-damage|p1b: Floette|52/100|[from] Sandstorm\n|-sideend|p1: adarefixwillfixit|move: Tailwind\n|upkeep\n|turn|5\n|\n|t:|1776053127\n|move|p1a: Kingambit|Iron Head|p2b: Tyranitar\n|-supereffective|p2b: Tyranitar|1\n|-damage|p2b: Tyranitar|22/100\n|move|p2b: Tyranitar|Low Kick|p1a: Kingambit\n|-supereffective|p1a: Kingambit|2\n|-damage|p1a: Kingambit|0 fnt\n|faint|p1a: Kingambit\n|move|p2a: Blastoise|Aura Sphere|p1b: Floette\n|-resisted|p1b: Floette|1\n|-damage|p1b: Floette|43/100\n|move|p1b: Floette|Dazzling Gleam|p2b: Tyranitar|[spread] p2a,p2b\n|-supereffective|p2b: Tyranitar|1\n|-damage|p2a: Blastoise|0 fnt\n|-damage|p2b: Tyranitar|0 fnt\n|faint|p2a: Blastoise\n|faint|p2b: Tyranitar\n|\n|-weather|Sandstorm|[upkeep]\n|-damage|p1b: Floette|37/100|[from] Sandstorm\n|-fieldend|move: Trick Room\n|upkeep\n|\n|t:|1776053137\n|switch|p2a: Excadrill|Excadrill, L50, F|100/100\n|switch|p1a: Sinistcha|Sinistcha, L50|100/100\n|-heal|p1b: Floette|62/100|[from] ability: Hospitality|[of] p1a: Sinistcha\n|turn|6\n|\n|t:|1776053143\n|move|p1a: Sinistcha|Rage Powder|p1a: Sinistcha\n|-singleturn|p1a: Sinistcha|move: Rage Powder\n|move|p2a: Excadrill|Iron Head|p1a: Sinistcha\n|-damage|p1a: Sinistcha|58/100\n|move|p1b: Floette|Moonblast|p2a: Excadrill\n|-resisted|p2a: Excadrill|1\n|-damage|p2a: Excadrill|6/100\n|\n|-weather|Sandstorm|[upkeep]\n|-damage|p1b: Floette|56/100|[from] Sandstorm\n|-damage|p1a: Sinistcha|52/100|[from] Sandstorm\n|upkeep\n|turn|7\n|\n|t:|1776053154\n|move|p1a: Sinistcha|Rage Powder|p1a: Sinistcha\n|-singleturn|p1a: Sinistcha|move: Rage Powder\n|move|p2a: Excadrill|Earthquake|p1a: Sinistcha|[spread] p1a,p1b\n|-resisted|p1a: Sinistcha|1\n|-damage|p1a: Sinistcha|32/100\n|-damage|p1b: Floette|9/100\n|-enditem|p1a: Sinistcha|Sitrus Berry|[eat]\n|-heal|p1a: Sinistcha|57/100|[from] item: Sitrus Berry\n|move|p1b: Floette|Moonblast|p2a: Excadrill\n|-resisted|p2a: Excadrill|1\n|-damage|p2a: Excadrill|0 fnt\n|faint|p2a: Excadrill\n|\n|win|adarefixwillfixit\n|raw|adarefixwillfixit's rating: 1248 &rarr; <strong>1275</strong><br />(+27 for winning)\n|raw|lczsbl's rating: 1271 &rarr; <strong>1244</strong><br />(-27 for losing)\n",
  "uploadtime": 1776053164,
  "views": 25,
  "formatid": "gen9championsvgc2026regma",
  "rating": 1244,
  "private": 0,
  "password": null
}