{
  "id": "gen9championsvgc2026regma-2580407041",
  "format": "[Gen 9 Champions] VGC 2026 Reg M-A",
  "players": [
    "imperialdave1",
    "SmithLords"
  ],
  "log": "|j|\u2606imperialdave1\n|j|\u2606SmithLords\n|t:|1775891789\n|gametype|doubles\n|player|p1|imperialdave1|102|1056\n|player|p2|SmithLords|102|1030\n|gen|9\n|tier|[Gen 9 Champions] VGC 2026 Reg M-A\n|rated|\n|rule|Species Clause: Limit one of each Pok\u00e9mon\n|rule|Item Clause: Limit 1 of each item\n|clearpoke\n|poke|p1|Scovillain, L50, F|\n|poke|p1|Zoroark-Hisui, L50, M|\n|poke|p1|Ampharos, L50, M|\n|poke|p1|Sinistcha, L50|\n|poke|p1|Mr. Rime, L50, F|\n|poke|p1|Incineroar, L50, F|\n|poke|p2|Absol, L50, F|\n|poke|p2|Aerodactyl, L50, M|\n|poke|p2|Greninja-*, L50, M|\n|poke|p2|Sneasler, L50, M|\n|poke|p2|Chandelure, L50, F|\n|poke|p2|Alakazam, L50, M|\n|teampreview|4\n|inactive|Battle timer is ON: inactive players will automatically lose when time's up. (requested by SmithLords)\n|\n|t:|1775891826\n|teamsize|p1|4\n|teamsize|p2|4\n|start\n|switch|p1a: Ampharos|Ampharos, L50, M|100/100\n|switch|p1b: Incineroar|Incineroar, L50, F|100/100\n|switch|p2a: Absol|Absol, L50, F|100/100\n|switch|p2b: Aerodactyl|Aerodactyl, L50, M|100/100\n|-ability|p2b: Aerodactyl|Unnerve\n|-ability|p1b: Incineroar|Intimidate|boost\n|-unboost|p2a: Absol|atk|1\n|-unboost|p2b: Aerodactyl|atk|1\n|turn|1\n|\n|t:|1775891841\n|detailschange|p2b: Aerodactyl|Aerodactyl-Mega, L50, M\n|-mega|p2b: Aerodactyl|Aerodactyl|Aerodactylite\n|detailschange|p1a: Ampharos|Ampharos-Mega, L50, M\n|-mega|p1a: Ampharos|Ampharos|Ampharosite\n|-ability|p1a: Ampharos|Mold Breaker\n|move|p1b: Incineroar|Fake Out|p2a: Absol\n|-damage|p2a: Absol|75/100\n|move|p2b: Aerodactyl|Rock Slide|p1b: Incineroar|[spread] p1a,p1b\n|-supereffective|p1b: Incineroar|1\n|-damage|p1a: Ampharos|84/100\n|-damage|p1b: Incineroar|61/100\n|cant|p2a: Absol|flinch\n|move|p1a: Ampharos|Thunderbolt|p2b: Aerodactyl\n|-supereffective|p2b: Aerodactyl|1\n|-damage|p2b: Aerodactyl|0 fnt\n|faint|p2b: Aerodactyl\n|\n|upkeep\n|\n|t:|1775891857\n|switch|p2b: Sneasler|Sneasler, L50, M|100/100\n|turn|2\n|\n|t:|1775891865\n|switch|p1b: Sinistcha|Sinistcha, L50|100/100\n|move|p2a: Absol|Rock Slide|p1b: Sinistcha|[spread] p1a,p1b\n|-crit|p1a: Ampharos\n|-damage|p1a: Ampharos|57/100\n|-damage|p1b: Sinistcha|75/100\n|replace|p1b: Zoroark|Zoroark-Hisui, L50, M\n|-end|p1b: Zoroark|Illusion\n|move|p2b: Sneasler|Rock Slide|p1a: Ampharos|[spread] p1a,p1b\n|-damage|p1a: Ampharos|39/100\n|-damage|p1b: Zoroark|35/100\n|cant|p1a: Ampharos|flinch\n|\n|upkeep\n|turn|3\n|\n|t:|1775891882\n|move|p2a: Absol|Rock Slide|p1a: Ampharos|[spread] p1a,p1b\n|-crit|p1b: Zoroark\n|-damage|p1a: Ampharos|27/100\n|-damage|p1b: Zoroark|0 fnt\n|faint|p1b: Zoroark\n|move|p2b: Sneasler|Rock Slide|p1a: Ampharos\n|-damage|p1a: Ampharos|5/100\n|cant|p1a: Ampharos|flinch\n|\n|upkeep\n|\n|t:|1775891887\n|switch|p1b: Sinistcha|Sinistcha, L50|100/100\n|-heal|p1a: Ampharos|29/100|[from] ability: Hospitality|[of] p1b: Sinistcha\n|turn|4\n|\n|t:|1775891895\n|move|p1a: Ampharos|Protect|p1a: Ampharos\n|-singleturn|p1a: Ampharos|Protect\n|move|p2a: Absol|Rock Slide|p1b: Sinistcha|[spread] p1b\n|-activate|p1a: Ampharos|move: Protect\n|-damage|p1b: Sinistcha|87/100\n|move|p2b: Sneasler|Rock Slide|p1b: Sinistcha|[spread] p1b\n|-activate|p1a: Ampharos|move: Protect\n|-damage|p1b: Sinistcha|69/100\n|cant|p1b: Sinistcha|flinch\n|\n|upkeep\n|turn|5\n|\n|t:|1775891909\n|switch|p1a: Incineroar|Incineroar, L50, F|61/100\n|-ability|p1a: Incineroar|Intimidate|boost\n|-unboost|p2a: Absol|atk|1\n|-unboost|p2b: Sneasler|atk|1\n|move|p2a: Absol|Rock Slide|p1a: Incineroar|[spread] p1b\n|-miss|p2a: Absol|p1a: Incineroar\n|-damage|p1b: Sinistcha|59/100\n|move|p2b: Sneasler|Rock Slide|p1a: Incineroar|[spread] p1b\n|-miss|p2b: Sneasler|p1a: Incineroar\n|-damage|p1b: Sinistcha|46/100\n|-enditem|p1b: Sinistcha|Sitrus Berry|[eat]\n|-heal|p1b: Sinistcha|71/100|[from] item: Sitrus Berry\n|move|p1b: Sinistcha|Trick Room|p1b: Sinistcha\n|-fieldstart|move: Trick Room|[of] p1b: Sinistcha\n|\n|upkeep\n|turn|6\n|inactive|SmithLords has 30 seconds left.\n|\n|t:|1775891935\n|move|p1b: Sinistcha|Matcha Gotcha|p2b: Sneasler|[spread] p2a,p2b\n|-crit|p2a: Absol\n|-resisted|p2b: Sneasler|1\n|-damage|p2a: Absol|3/100\n|-heal|p1b: Sinistcha|99/100|[from] drain|[of] p2a: Absol\n|-damage|p2b: Sneasler|85/100\n|-heal|p1b: Sinistcha|100/100|[from] drain|[of] p2b: Sneasler\n|-status|p2b: Sneasler|brn\n|move|p1a: Incineroar|Flare Blitz|p2b: Sneasler\n|-damage|p2b: Sneasler|0 fnt\n|faint|p2b: Sneasler\n|-damage|p1a: Incineroar|39/100|[from] Recoil\n|move|p2a: Absol|Rock Slide|p1a: Incineroar|[spread] p1a,p1b\n|-supereffective|p1a: Incineroar|1\n|-damage|p1a: Incineroar|19/100\n|-damage|p1b: Sinistcha|91/100\n|\n|upkeep\n|\n|t:|1775891952\n|switch|p2b: Greninja|Greninja, L50, M|100/100\n|turn|7\n|\n|t:|1775891959\n|move|p1b: Sinistcha|Matcha Gotcha|p2b: Greninja|[spread] p2a,p2b\n|-supereffective|p2b: Greninja|1\n|-damage|p2a: Absol|0 fnt\n|-heal|p1b: Sinistcha|92/100|[from] drain|[of] p2a: Absol\n|-damage|p2b: Greninja|19/100\n|-heal|p1b: Sinistcha|100/100|[from] drain|[of] p2b: Greninja\n|-status|p2b: Greninja|brn\n|faint|p2a: Absol\n|move|p1a: Incineroar|Darkest Lariat|p2b: Greninja\n|-resisted|p2b: Greninja|1\n|-damage|p2b: Greninja|0 fnt\n|faint|p2b: Greninja\n|\n|win|imperialdave1\n|raw|imperialdave1's rating: 1056 &rarr; <strong>1085</strong><br />(+29 for winning)\n|raw|SmithLords's rating: 1030 &rarr; <strong>1017</strong><br />(-13 for losing)\n|l|\u2606SmithLords\n|player|p2|\n",
  "uploadtime": 1775891973,
  "views": 16,
  "formatid": "gen9championsvgc2026regma",
  "rating": 1017,
  "private": 0,
  "password": null
}