{
  "id": "gen9championsvgc2026regma-2586586690",
  "format": "[Gen 9 Champions] VGC 2026 Reg M-A",
  "players": [
    "BigFeMan",
    "mrpoopass"
  ],
  "log": "|j|\u2606BigFeMan\n|j|\u2606mrpoopass\n|t:|1776445012\n|gametype|doubles\n|player|p1|BigFeMan|hiker-gen4|1106\n|player|p2|mrpoopass|blaine|1185\n|gen|9\n|tier|[Gen 9 Champions] VGC 2026 Reg M-A\n|rated|\n|rule|Species Clause: Limit one of each Pok\u00e9mon\n|rule|Item Clause: Limit 1 of each item\n|clearpoke\n|poke|p1|Floette-Eternal, L50, F|\n|poke|p1|Delphox, L50, F|\n|poke|p1|Incineroar, L50, M|\n|poke|p1|Aerodactyl, L50, F|\n|poke|p1|Maushold, L50|\n|poke|p1|Garchomp, L50, F|\n|poke|p2|Scovillain, L50, M|\n|poke|p2|Cofagrigus, L50, M|\n|poke|p2|Hatterene, L50, F|\n|poke|p2|Rotom-Wash, L50|\n|poke|p2|Kingambit, L50, F|\n|poke|p2|Skarmory, L50, M|\n|teampreview|4\n|inactive|Battle timer is ON: inactive players will automatically lose when time's up. (requested by mrpoopass)\n|inactive|BigFeMan has 60 seconds left.\n|inactive|mrpoopass has 60 seconds left.\n|inactive|mrpoopass has 30 seconds left.\n|\n|t:|1776445076\n|teamsize|p1|4\n|teamsize|p2|4\n|start\n|switch|p1a: Floette|Floette-Eternal, L50, F|100/100\n|switch|p1b: Maushold|Maushold, L50|100/100\n|switch|p2a: Cofagrigus|Cofagrigus, L50, M, shiny|100/100\n|switch|p2b: Scovillain|Scovillain, L50, M|100/100\n|turn|1\n|\n|t:|1776445093\n|detailschange|p1a: Floette|Floette-Mega, L50, F\n|-mega|p1a: Floette|Floette|Floettite\n|-ability|p1a: Floette|Fairy Aura\n|move|p2b: Scovillain|Protect|p2b: Scovillain\n|-singleturn|p2b: Scovillain|Protect\n|move|p1b: Maushold|Taunt|p2b: Scovillain\n|-activate|p2b: Scovillain|move: Protect\n|move|p1a: Floette|Calm Mind|p1a: Floette\n|-boost|p1a: Floette|spa|1\n|-boost|p1a: Floette|spd|1\n|move|p2a: Cofagrigus|Trick Room|p2a: Cofagrigus\n|-fieldstart|move: Trick Room|[of] p2a: Cofagrigus\n|\n|-ability|p2b: Scovillain|Moody|boost\n|-boost|p2b: Scovillain|atk|2\n|-unboost|p2b: Scovillain|spa|1\n|upkeep\n|turn|2\n|\n|t:|1776445116\n|detailschange|p2b: Scovillain|Scovillain-Mega, L50, M\n|-mega|p2b: Scovillain|Scovillain|Scovillainite\n|move|p1b: Maushold|Follow Me|p1b: Maushold\n|-singleturn|p1b: Maushold|move: Follow Me\n|move|p2a: Cofagrigus|Skill Swap|p1b: Maushold\n|-activate|p2a: Cofagrigus|Skill Swap|Technician|Mummy|[of] p1b: Maushold\n|move|p2b: Scovillain|Leech Seed|p1b: Maushold\n|-start|p1b: Maushold|move: Leech Seed\n|move|p1a: Floette|Dazzling Gleam|p2a: Cofagrigus|[spread] p2a,p2b\n|-resisted|p2b: Scovillain|1\n|-damage|p2a: Cofagrigus|40/100\n|-damage|p2b: Scovillain|63/100\n|-status|p1a: Floette|brn|[from] ability: Spicy Spray|[of] p2b: Scovillain\n|\n|-damage|p1b: Maushold|88/100|[from] Leech Seed|[of] p2b: Scovillain\n|-heal|p2b: Scovillain|74/100|[silent]\n|-damage|p1a: Floette|94/100 brn|[from] brn\n|upkeep\n|turn|3\n|\n|t:|1776445134\n|move|p2a: Cofagrigus|Hex|p1a: Floette\n|-damage|p1a: Floette|66/100 brn\n|move|p2b: Scovillain|Leech Seed|p1a: Floette\n|-start|p1a: Floette|move: Leech Seed\n|move|p1a: Floette|Dazzling Gleam|p2b: Scovillain|[spread] p2a,p2b\n|-resisted|p2b: Scovillain|1\n|-damage|p2a: Cofagrigus|0 fnt\n|-damage|p2b: Scovillain|37/100\n|faint|p2a: Cofagrigus\n|move|p1b: Maushold|Super Fang|p2b: Scovillain\n|-damage|p2b: Scovillain|19/100\n|-status|p1b: Maushold|brn|[from] ability: Spicy Spray|[of] p2b: Scovillain\n|\n|-damage|p1a: Floette|54/100 brn|[from] Leech Seed|[of] p2b: Scovillain\n|-heal|p2b: Scovillain|30/100|[silent]\n|-damage|p1b: Maushold|76/100 brn|[from] Leech Seed|[of] p2b: Scovillain\n|-heal|p2b: Scovillain|41/100|[silent]\n|-damage|p1a: Floette|47/100 brn|[from] brn\n|-damage|p1b: Maushold|70/100 brn|[from] brn\n|upkeep\n|\n|t:|1776445158\n|switch|p2a: Hatterene|Hatterene, L50, F, shiny|100/100\n|turn|4\n|\n|t:|1776445168\n|move|p2a: Hatterene|Protect|p2a: Hatterene\n|-singleturn|p2a: Hatterene|Protect\n|move|p2b: Scovillain|Protect|p2b: Scovillain\n|-singleturn|p2b: Scovillain|Protect\n|move|p1a: Floette|Dazzling Gleam|p2b: Scovillain|[spread] \n|-activate|p2a: Hatterene|move: Protect\n|-activate|p2b: Scovillain|move: Protect\n|move|p1b: Maushold|Super Fang|p2a: Hatterene\n|-activate|p2a: Hatterene|move: Protect\n|\n|-damage|p1a: Floette|35/100 brn|[from] Leech Seed|[of] p2b: Scovillain\n|-heal|p2b: Scovillain|51/100|[silent]\n|-damage|p1b: Maushold|57/100 brn|[from] Leech Seed|[of] p2b: Scovillain\n|-heal|p2b: Scovillain|62/100|[silent]\n|-damage|p1a: Floette|29/100 brn|[from] brn\n|-damage|p1b: Maushold|51/100 brn|[from] brn\n|upkeep\n|turn|5\n|\n|t:|1776445185\n|move|p2b: Scovillain|Rage Powder|p2b: Scovillain\n|-singleturn|p2b: Scovillain|move: Rage Powder\n|move|p2a: Hatterene|Dazzling Gleam|p1b: Maushold|[spread] p1a,p1b\n|-damage|p1a: Floette|0 fnt\n|-damage|p1b: Maushold|0 fnt\n|faint|p1a: Floette\n|faint|p1b: Maushold\n|\n|-fieldend|move: Trick Room\n|upkeep\n|\n|t:|1776445191\n|switch|p1b: Incineroar|Incineroar, L50, M|100/100\n|switch|p1a: Garchomp|Garchomp, L50, F|100/100\n|-ability|p1b: Incineroar|Intimidate|boost\n|-unboost|p2a: Hatterene|atk|1\n|-unboost|p2b: Scovillain|atk|1\n|turn|6\n|\n|t:|1776445203\n|move|p2a: Hatterene|Protect|p2a: Hatterene\n|-singleturn|p2a: Hatterene|Protect\n|move|p1b: Incineroar|Fake Out|p2a: Hatterene\n|-activate|p2a: Hatterene|move: Protect\n|move|p1a: Garchomp|Earthquake|p2a: Hatterene|[spread] p1b,p2b\n|-activate|p2a: Hatterene|move: Protect\n|-supereffective|p1b: Incineroar|1\n|-damage|p1b: Incineroar|32/100\n|-damage|p2b: Scovillain|25/100\n|-status|p1a: Garchomp|brn|[from] ability: Spicy Spray|[of] p2b: Scovillain\n|-enditem|p1b: Incineroar|Sitrus Berry|[eat]\n|-heal|p1b: Incineroar|57/100|[from] item: Sitrus Berry\n|move|p2b: Scovillain|Leech Seed|p1a: Garchomp\n|-start|p1a: Garchomp|move: Leech Seed\n|\n|-damage|p1a: Garchomp|88/100 brn|[from] Leech Seed|[of] p2b: Scovillain\n|-heal|p2b: Scovillain|39/100|[silent]\n|-damage|p1a: Garchomp|82/100 brn|[from] brn\n|upkeep\n|turn|7\n|-message|BigFeMan forfeited.\n|\n|win|mrpoopass\n|raw|BigFeMan's rating: 1106 &rarr; <strong>1087</strong><br />(-19 for losing)\n|raw|mrpoopass's rating: 1185 &rarr; <strong>1204</strong><br />(+19 for winning)\n|l|\u2606BigFeMan\n|player|p1|\n",
  "uploadtime": 1776445223,
  "views": 27,
  "formatid": "gen9championsvgc2026regma",
  "rating": 1087,
  "private": 0,
  "password": null
}