{
  "id": "gen9championsvgc2026regma-2582809411",
  "format": "[Gen 9 Champions] VGC 2026 Reg M-A",
  "players": [
    "4nil0m",
    "gasmerf"
  ],
  "log": "|j|\u26064nil0m\n|j|\u2606gasmerf\n|t:|1776115761\n|gametype|doubles\n|player|p1|4nil0m|101|1100\n|player|p2|gasmerf|170|1103\n|gen|9\n|tier|[Gen 9 Champions] VGC 2026 Reg M-A\n|rated|\n|rule|Species Clause: Limit one of each Pok\u00e9mon\n|rule|Item Clause: Limit 1 of each item\n|clearpoke\n|poke|p1|Greninja-*, L50, M|\n|poke|p1|Pelipper, L50, F|\n|poke|p1|Rotom-Wash, L50|\n|poke|p1|Clefable, L50, F|\n|poke|p1|Archaludon, L50, F|\n|poke|p1|Incineroar, L50, F|\n|poke|p2|Pelipper, L50, M|\n|poke|p2|Scizor, L50, F|\n|poke|p2|Primarina, L50, F|\n|poke|p2|Sneasler, L50, F|\n|poke|p2|Dragapult, L50, M|\n|poke|p2|Incineroar, L50, M|\n|teampreview|4\n4nil0m rejected open team sheets.\n|inactive|Battle timer is ON: inactive players will automatically lose when time's up. (requested by gasmerf)\n|\n|t:|1776115835\n|teamsize|p1|4\n|teamsize|p2|4\n|start\n|switch|p1a: Clefable|Clefable, L50, F|100/100\n|switch|p1b: Rotom|Rotom-Wash, L50|100/100\n|switch|p2a: Sneasler|Sneasler, L50, F|100/100\n|switch|p2b: Incineroar|Incineroar, L50, M|100/100\n|-ability|p2b: Incineroar|Intimidate|boost\n|-unboost|p1a: Clefable|atk|1\n|-unboost|p1b: Rotom|atk|1\n|turn|1\n|inactive|4nil0m has 30 seconds left.\n|inactive|gasmerf has 30 seconds left.\n|inactive|4nil0m has 20 seconds left.\n|\n|t:|1776115872\n|switch|p2b: Scizor|Scizor, L50, F|100/100\n|switch|p1a: Incineroar|Incineroar, L50, F|100/100\n|-ability|p1a: Incineroar|Intimidate|boost\n|-unboost|p2a: Sneasler|atk|1\n|-unboost|p2b: Scizor|atk|1\n|move|p1b: Rotom|Protect|p1b: Rotom\n|-singleturn|p1b: Rotom|Protect\n|move|p2a: Sneasler|Dire Claw|p1a: Incineroar\n|-damage|p1a: Incineroar|77/100\n|\n|upkeep\n|turn|2\n|inactive|4nil0m has 30 seconds left.\n|\n|t:|1776115903\n|switch|p2b: Dragapult|Dragapult, L50, M|100/100\n|move|p1a: Incineroar|Fake Out|p2a: Sneasler\n|-damage|p2a: Sneasler|82/100\n|cant|p2a: Sneasler|flinch\n|move|p1b: Rotom|Volt Switch|p2a: Sneasler\n|-damage|p2a: Sneasler|44/100\n|\n|t:|1776115913\n|switch|p1b: Clefable|Clefable, L50, F|100/100|[from] Volt Switch\n|\n|upkeep\n|turn|3\n|\n|t:|1776115929\n|move|p2b: Dragapult|U-turn|p1a: Incineroar\n|-damage|p1a: Incineroar|61/100\n|\n|t:|1776115932\n|switch|p2b: Incineroar|Incineroar, L50, M|100/100|[from] U-turn\n|-ability|p2b: Incineroar|Intimidate|boost\n|-unboost|p1a: Incineroar|atk|1\n|-unboost|p1b: Clefable|atk|1\n|move|p2a: Sneasler|Dire Claw|p1b: Clefable\n|-supereffective|p1b: Clefable|1\n|-damage|p1b: Clefable|13/100\n|-status|p1b: Clefable|par\n|move|p1a: Incineroar|Parting Shot|p2b: Incineroar\n|-unboost|p2b: Incineroar|atk|1\n|-unboost|p2b: Incineroar|spa|1\n|\n|t:|1776115944\n|switch|p1a: Greninja|Greninja, L50, M|100/100|[from] Parting Shot\n|cant|p1b: Clefable|par\n|\n|-heal|p1b: Clefable|19/100 par|[from] item: Leftovers\n|upkeep\n|turn|4\n|\n|t:|1776115968\n|move|p1a: Greninja|Protect|p1a: Greninja\n|-start|p1a: Greninja|typechange|Normal|[from] ability: Protean\n|-singleturn|p1a: Greninja|Protect\n|move|p2b: Incineroar|Fake Out|p1a: Greninja\n|-activate|p1a: Greninja|move: Protect\n|move|p2a: Sneasler|Dire Claw|p1b: Clefable\n|-supereffective|p1b: Clefable|1\n|-damage|p1b: Clefable|0 fnt\n|faint|p1b: Clefable\n|\n|upkeep\n|\n|t:|1776115982\n|switch|p1b: Incineroar|Incineroar, L50, F|61/100\n|-ability|p1b: Incineroar|Intimidate|boost\n|-unboost|p2a: Sneasler|atk|1\n|-unboost|p2b: Incineroar|atk|1\n|turn|5\n|inactive|4nil0m has 30 seconds left.\n|\n|t:|1776116012\n|detailschange|p1a: Greninja|Greninja-Mega, L50, M\n|-mega|p1a: Greninja|Greninja|Greninjite\n|move|p2a: Sneasler|Protect|p2a: Sneasler\n|-singleturn|p2a: Sneasler|Protect\n|move|p1b: Incineroar|Fake Out|p2a: Sneasler\n|-activate|p2a: Sneasler|move: Protect\n|move|p1a: Greninja|Blizzard|p2b: Incineroar|[spread] p2b\n|-start|p1a: Greninja|typechange|Ice|[from] ability: Protean\n|-activate|p2a: Sneasler|move: Protect\n|-resisted|p2b: Incineroar|1\n|-damage|p2b: Incineroar|80/100\n|move|p2b: Incineroar|Parting Shot|p1a: Greninja\n|-unboost|p1a: Greninja|atk|1\n|-unboost|p1a: Greninja|spa|1\n|\n|t:|1776116029\n|switch|p2b: Scizor|Scizor, L50, F|100/100|[from] Parting Shot\n|\n|upkeep\n|turn|6\n|inactive|4nil0m has 30 seconds left.\n|\n|t:|1776116057\n|switch|p1a: Rotom|Rotom-Wash, L50|100/100\n|detailschange|p2b: Scizor|Scizor-Mega, L50, F\n|-mega|p2b: Scizor|Scizor|Scizorite\n|move|p2b: Scizor|Bullet Punch|p1a: Rotom\n|-resisted|p1a: Rotom|2\n|-damage|p1a: Rotom|87/100\n|move|p2a: Sneasler|Close Combat|p1b: Incineroar\n|-supereffective|p1b: Incineroar|1\n|-enditem|p1b: Incineroar|Chople Berry|[eat]\n|-enditem|p1b: Incineroar|Chople Berry|[weaken]\n|-damage|p1b: Incineroar|35/100\n|-unboost|p2a: Sneasler|def|1\n|-unboost|p2a: Sneasler|spd|1\n|-status|p1b: Incineroar|psn|[from] ability: Poison Touch|[of] p2a: Sneasler\n|move|p1b: Incineroar|Flare Blitz|p2a: Sneasler\n|-damage|p2a: Sneasler|0 fnt\n|faint|p2a: Sneasler\n|-damage|p1b: Incineroar|22/100 psn|[from] Recoil\n|\n|-damage|p1b: Incineroar|10/100 psn|[from] psn\n|upkeep\n|\n|t:|1776116081\n|switch|p2a: Incineroar|Incineroar, L50, M|80/100\n|-ability|p2a: Incineroar|Intimidate|boost\n|-unboost|p1a: Rotom|atk|1\n|-unboost|p1b: Incineroar|atk|1\n|turn|7\n|inactive|gasmerf has 30 seconds left.\n|\n|t:|1776116111\n|move|p1a: Rotom|Protect|p1a: Rotom\n|-singleturn|p1a: Rotom|Protect\n|move|p2a: Incineroar|Fake Out|p1a: Rotom\n|-activate|p1a: Rotom|move: Protect\n|move|p2b: Scizor|Bullet Punch|p1b: Incineroar\n|-resisted|p1b: Incineroar|1\n|-damage|p1b: Incineroar|0 fnt\n|faint|p1b: Incineroar\n|\n|upkeep\n|\n|t:|1776116120\n|switch|p1b: Greninja|Greninja-Mega, L50, M|100/100\n|turn|8\n|\n|t:|1776116143\n|move|p1b: Greninja|Surf|p2b: Scizor|[spread] p1a,p2a,p2b\n|-start|p1b: Greninja|typechange|Water|[from] ability: Protean\n|-resisted|p1a: Rotom|1\n|-supereffective|p2a: Incineroar|1\n|-crit|p2b: Scizor\n|-damage|p1a: Rotom|63/100\n|-damage|p2a: Incineroar|7/100\n|-damage|p2b: Scizor|35/100\n|-enditem|p2a: Incineroar|Sitrus Berry|[eat]\n|-heal|p2a: Incineroar|32/100|[from] item: Sitrus Berry\n|move|p1a: Rotom|Hydro Pump|p2a: Incineroar\n|-supereffective|p2a: Incineroar|1\n|-damage|p2a: Incineroar|0 fnt\n|faint|p2a: Incineroar\n|move|p2b: Scizor|Swords Dance|p2b: Scizor\n|-boost|p2b: Scizor|atk|2\n|\n|upkeep\n|\n|t:|1776116159\n|switch|p2a: Dragapult|Dragapult, L50, M|100/100\n|turn|9\n|inactive|gasmerf has 30 seconds left.\n|\n|t:|1776116186\n|move|p2b: Scizor|Bullet Punch|p1b: Greninja\n|-resisted|p1b: Greninja|1\n|-damage|p1b: Greninja|46/100\n|move|p2a: Dragapult|Shadow Ball|p1a: Rotom\n|-damage|p1a: Rotom|10/100\n|-enditem|p1a: Rotom|Sitrus Berry|[eat]\n|-heal|p1a: Rotom|34/100|[from] item: Sitrus Berry\n|move|p1b: Greninja|Blizzard|p2a: Dragapult|[spread] p2a\n|-miss|p1b: Greninja|p2b: Scizor\n|-supereffective|p2a: Dragapult|1\n|-damage|p2a: Dragapult|28/100\n|move|p1a: Rotom|Hydro Pump|p2b: Scizor\n|-damage|p2b: Scizor|0 fnt\n|faint|p2b: Scizor\n|\n|upkeep\n|turn|10\n|inactive|4nil0m has 30 seconds left.\n|\n|t:|1776116215\n|move|p2a: Dragapult|Shadow Ball|p1a: Rotom\n|-damage|p1a: Rotom|0 fnt\n|faint|p1a: Rotom\n|move|p1b: Greninja|Blizzard|p2a: Dragapult\n|-supereffective|p2a: Dragapult|1\n|-damage|p2a: Dragapult|0 fnt\n|faint|p2a: Dragapult\n|\n|win|4nil0m\n|raw|4nil0m's rating: 1100 &rarr; <strong>1125</strong><br />(+25 for winning)\n|raw|gasmerf's rating: 1103 &rarr; <strong>1078</strong><br />(-25 for losing)\n|c|\u26064nil0m|gg\n|c|\u26064nil0m|dumbahh\n|l|\u2606gasmerf\n|player|p2|\n|c|\u26064nil0m|boy\n",
  "uploadtime": 1776116236,
  "views": 28,
  "formatid": "gen9championsvgc2026regma",
  "rating": 1078,
  "private": 0,
  "password": null
}