{
  "id": "gen9championsvgc2026regma-2581918938",
  "format": "[Gen 9 Champions] VGC 2026 Reg M-A",
  "players": [
    "Holibrand",
    "deinotheworld"
  ],
  "log": "|j|\u2606Holibrand\n|j|\u2606deinotheworld\n|t:|1776039713\n|gametype|doubles\n|player|p1|Holibrand|pokemonbreeder-gen4|1110\n|player|p2|deinotheworld|265|1054\n|gen|9\n|tier|[Gen 9 Champions] VGC 2026 Reg M-A\n|rated|\n|rule|Species Clause: Limit one of each Pok\u00e9mon\n|rule|Item Clause: Limit 1 of each item\n|clearpoke\n|poke|p1|Clefable, L50, M|\n|poke|p1|Tyranitar, L50, F|\n|poke|p1|Incineroar, L50, F|\n|poke|p1|Excadrill, L50, M|\n|poke|p1|Sinistcha, L50|\n|poke|p1|Milotic, L50, M|\n|poke|p2|Pelipper, L50, F|\n|poke|p2|Sableye, L50, F|\n|poke|p2|Archaludon, L50, M|\n|poke|p2|Basculegion, L50, M|\n|poke|p2|Weavile, L50, F|\n|poke|p2|Volcarona, L50, M|\n|teampreview|4\n|inactive|Battle timer is ON: inactive players will automatically lose when time's up. (requested by Holibrand)\n|inactive|deinotheworld has 60 seconds left.\n|\n|t:|1776039753\n|teamsize|p1|4\n|teamsize|p2|4\n|start\n|switch|p1a: Clefable|Clefable, L50, M|100/100\n|switch|p1b: Incineroar|Incineroar, L50, F|100/100\n|switch|p2a: Sableye|Sableye, L50, F|100/100\n|switch|p2b: Weavile|Weavile, L50, F|100/100\n|-ability|p2b: Weavile|Pressure\n|-ability|p1b: Incineroar|Intimidate|boost\n|-unboost|p2a: Sableye|atk|1\n|-unboost|p2b: Weavile|atk|1\n|turn|1\n|\n|t:|1776039769\n|move|p2b: Weavile|Fake Out|p1b: Incineroar\n|-damage|p1b: Incineroar|90/100\n|move|p2a: Sableye|Reflect|p2a: Sableye\n|-sidestart|p2: deinotheworld|Reflect\n|cant|p1b: Incineroar|flinch\n|move|p1a: Clefable|Cosmic Power|p1a: Clefable\n|-boost|p1a: Clefable|def|1\n|-boost|p1a: Clefable|spd|1\n|\n|upkeep\n|turn|2\n|\n|t:|1776039788\n|switch|p2b: Basculegion|Basculegion, L50, M|100/100\n|move|p2a: Sableye|Encore|p1a: Clefable\n|-start|p1a: Clefable|Encore\n|move|p1b: Incineroar|Flare Blitz|p2b: Basculegion\n|-resisted|p2b: Basculegion|1\n|-damage|p2b: Basculegion|76/100\n|-damage|p1b: Incineroar|82/100|[from] Recoil\n|move|p1a: Clefable|Cosmic Power|p1a: Clefable\n|-boost|p1a: Clefable|def|1\n|-boost|p1a: Clefable|spd|1\n|\n|upkeep\n|turn|3\n|\n|t:|1776039806\n|move|p2a: Sableye|Rain Dance|p2a: Sableye\n|-weather|RainDance\n|move|p2b: Basculegion|Wave Crash|p1b: Incineroar\n|-supereffective|p1b: Incineroar|1\n|-damage|p1b: Incineroar|0 fnt\n|faint|p1b: Incineroar\n|-damage|p2b: Basculegion|49/100|[from] Recoil\n|move|p1a: Clefable|Cosmic Power|p1a: Clefable\n|-boost|p1a: Clefable|def|1\n|-boost|p1a: Clefable|spd|1\n|\n|-weather|RainDance|[upkeep]\n|upkeep\n|\n|t:|1776039820\n|switch|p1b: Tyranitar|Tyranitar, L50, F, shiny|100/100\n|-weather|Sandstorm|[from] ability: Sand Stream|[of] p1b: Tyranitar\n|turn|4\n|\n|t:|1776039826\n|move|p1b: Tyranitar|Protect|p1b: Tyranitar\n|-singleturn|p1b: Tyranitar|Protect\n|move|p2a: Sableye|Rain Dance|p2a: Sableye\n|-weather|RainDance\n|move|p2b: Basculegion|Wave Crash|p1b: Tyranitar\n|-activate|p1b: Tyranitar|move: Protect\n|move|p1a: Clefable|Cosmic Power|p1a: Clefable\n|-boost|p1a: Clefable|def|1\n|-boost|p1a: Clefable|spd|1\n|\n|-weather|RainDance|[upkeep]\n|-end|p1a: Clefable|Encore\n|upkeep\n|turn|5\n|\n|t:|1776039846\n|detailschange|p1b: Tyranitar|Tyranitar-Mega, L50, F, shiny\n|-mega|p1b: Tyranitar|Tyranitar|Tyranitarite\n|-weather|Sandstorm|[from] ability: Sand Stream|[of] p1b: Tyranitar\n|move|p1a: Clefable|Follow Me|p1a: Clefable\n|-singleturn|p1a: Clefable|move: Follow Me\n|move|p2a: Sableye|Encore|p1a: Clefable\n|-start|p1a: Clefable|Encore\n|move|p1b: Tyranitar|Rock Slide|p2a: Sableye|[spread] p2a,p2b\n|-damage|p2a: Sableye|69/100\n|-damage|p2b: Basculegion|24/100\n|move|p2b: Basculegion|Wave Crash|p1a: Clefable\n|-damage|p1a: Clefable|81/100\n|-damage|p2b: Basculegion|18/100|[from] Recoil\n|\n|-weather|Sandstorm|[upkeep]\n|-damage|p2b: Basculegion|12/100|[from] Sandstorm\n|-damage|p2a: Sableye|64/100|[from] Sandstorm\n|-heal|p1a: Clefable|88/100|[from] item: Leftovers\n|-sideend|p2: deinotheworld|Reflect\n|upkeep\n|turn|6\n|inactive|deinotheworld has 30 seconds left.\n|inactive|deinotheworld has 20 seconds left.\n|\n|t:|1776039882\n|switch|p2b: Archaludon|Archaludon, L50, M|100/100\n|move|p1a: Clefable|Follow Me|p1a: Clefable\n|-singleturn|p1a: Clefable|move: Follow Me\n|move|p2a: Sableye|Rain Dance|p2a: Sableye\n|-weather|RainDance\n|move|p1b: Tyranitar|Dragon Dance|p1b: Tyranitar\n|-boost|p1b: Tyranitar|atk|1\n|-boost|p1b: Tyranitar|spe|1\n|\n|-weather|RainDance|[upkeep]\n|-heal|p1a: Clefable|94/100|[from] item: Leftovers\n|upkeep\n|turn|7\n|\n|t:|1776039899\n|switch|p2a: Weavile|Weavile, L50, F|100/100\n|-ability|p2a: Weavile|Pressure\n|move|p1a: Clefable|Follow Me|p1a: Clefable\n|-singleturn|p1a: Clefable|move: Follow Me\n|move|p1b: Tyranitar|Dragon Dance|p1b: Tyranitar\n|-boost|p1b: Tyranitar|atk|1\n|-boost|p1b: Tyranitar|spe|1\n|move|p2b: Archaludon|Flash Cannon|p1a: Clefable\n|-supereffective|p1a: Clefable|1\n|-damage|p1a: Clefable|65/100\n|\n|-weather|RainDance|[upkeep]\n|-heal|p1a: Clefable|71/100|[from] item: Leftovers\n|upkeep\n|turn|8\n|\n|t:|1776039920\n|move|p2a: Weavile|Fake Out|p1b: Tyranitar\n|-resisted|p1b: Tyranitar|1\n|-damage|p1b: Tyranitar|96/100\n|move|p1a: Clefable|Follow Me|p1a: Clefable\n|-singleturn|p1a: Clefable|move: Follow Me\n|cant|p1b: Tyranitar|flinch\n|move|p2b: Archaludon|Electro Shot||[still]\n|-prepare|p2b: Archaludon|Electro Shot\n|-boost|p2b: Archaludon|spa|1\n|-anim|p2b: Archaludon|Electro Shot|p1a: Clefable\n|-damage|p1a: Clefable|50/100\n|\n|-weather|RainDance|[upkeep]\n|-heal|p1a: Clefable|56/100|[from] item: Leftovers\n|-end|p1a: Clefable|Encore\n|upkeep\n|turn|9\n|\n|t:|1776039941\n|move|p1b: Tyranitar|Knock Off|p2b: Archaludon\n|-damage|p2b: Archaludon|24/100\n|-ability|p2b: Archaludon|Stamina|boost\n|-boost|p2b: Archaludon|def|1\n|-enditem|p2b: Archaludon|Leftovers|[from] move: Knock Off|[of] p1b: Tyranitar\n|move|p2a: Weavile|Triple Axel|p1a: Clefable\n|-damage|p1a: Clefable|53/100\n|-damage|p1a: Clefable|46/100\n|-crit|p1a: Clefable\n|-damage|p1a: Clefable|11/100\n|-hitcount|p1a: Clefable|3\n|move|p2b: Archaludon|Flash Cannon|p1a: Clefable\n|-supereffective|p1a: Clefable|1\n|-damage|p1a: Clefable|0 fnt\n|faint|p1a: Clefable\n|\n|-weather|RainDance|[upkeep]\n|upkeep\n|\n|t:|1776039955\n|switch|p1a: Excadrill|Excadrill, L50, M|100/100\n|turn|10\n|\n|t:|1776039970\n|switch|p2a: Sableye|Sableye, L50, F|64/100\n|move|p1a: Excadrill|Protect|p1a: Excadrill\n|-singleturn|p1a: Excadrill|Protect\n|move|p2b: Archaludon|Protect|p2b: Archaludon\n|-singleturn|p2b: Archaludon|Protect\n|move|p1b: Tyranitar|Knock Off|p2b: Archaludon\n|-activate|p2b: Archaludon|move: Protect\n|\n|-weather|none\n|upkeep\n|turn|11\n|\n|t:|1776039994\n|move|p2a: Sableye|Reflect|p2a: Sableye\n|-sidestart|p2: deinotheworld|Reflect\n|move|p1b: Tyranitar|Knock Off|p2b: Archaludon\n|-damage|p2b: Archaludon|0 fnt\n|faint|p2b: Archaludon\n|move|p1a: Excadrill|Stomping Tantrum|p2a: Sableye\n|-damage|p2a: Sableye|28/100\n|\n|upkeep\n|\n|t:|1776040003\n|switch|p2b: Weavile|Weavile, L50, F|100/100\n|-ability|p2b: Weavile|Pressure\n|turn|12\n|\n|t:|1776040017\n|move|p2b: Weavile|Fake Out|p1b: Tyranitar\n|-resisted|p1b: Tyranitar|1\n|-damage|p1b: Tyranitar|91/100\n|move|p2a: Sableye|Rain Dance|p2a: Sableye\n|-weather|RainDance\n|cant|p1b: Tyranitar|flinch\n|move|p1a: Excadrill|Iron Head|p2b: Weavile\n|-supereffective|p2b: Weavile|1\n|-enditem|p2b: Weavile|Focus Sash\n|-damage|p2b: Weavile|1/100\n|\n|-weather|RainDance|[upkeep]\n|upkeep\n|turn|13\n|\n|t:|1776040037\n|move|p2a: Sableye|Light Screen|p2a: Sableye\n|-sidestart|p2: deinotheworld|move: Light Screen\n|move|p1b: Tyranitar|Dragon Dance|p1b: Tyranitar\n|-boost|p1b: Tyranitar|atk|1\n|-boost|p1b: Tyranitar|spe|1\n|move|p2b: Weavile|Triple Axel|p1a: Excadrill\n|-damage|p1a: Excadrill|87/100\n|-damage|p1a: Excadrill|58/100\n|-crit|p1a: Excadrill\n|-damage|p1a: Excadrill|0 fnt\n|faint|p1a: Excadrill\n|-hitcount|p1: Excadrill|3\n|\n|-weather|RainDance|[upkeep]\n|upkeep\n|turn|14\n|\n|t:|1776040056\n|move|p2a: Sableye|Encore|p1b: Tyranitar\n|-hint|Since gen 7, Dark is immune to Prankster moves.\n|-immune|p1b: Tyranitar\n|move|p1b: Tyranitar|Rock Slide|p2a: Sableye|[spread] p2a,p2b\n|-supereffective|p2b: Weavile|1\n|-damage|p2a: Sableye|0 fnt\n|-damage|p2b: Weavile|0 fnt\n|faint|p2a: Sableye\n|faint|p2b: Weavile\n|\n|-weather|RainDance|[upkeep]\n|upkeep\n|\n|t:|1776040072\n|switch|p2a: Basculegion|Basculegion, L50, M|12/100\n|turn|15\n|\n|t:|1776040075\n|move|p1b: Tyranitar|Knock Off|p2a: Basculegion\n|-supereffective|p2a: Basculegion|1\n|-crit|p2a: Basculegion\n|-damage|p2a: Basculegion|0 fnt\n|-enditem|p2a: Basculegion|Mystic Water|[from] move: Knock Off|[of] p1b: Tyranitar\n|faint|p2a: Basculegion\n|\n|win|Holibrand\n|raw|Holibrand's rating: 1110 &rarr; <strong>1131</strong><br />(+21 for winning)\n|raw|deinotheworld's rating: 1054 &rarr; <strong>1039</strong><br />(-15 for losing)\n|l|\u2606deinotheworld\n|player|p2|\n|l|\u2606Holibrand\n|player|p1|\n|j|\u2606Holibrand\n|player|p1|Holibrand|pokemonbreeder-gen4|\n",
  "uploadtime": 1776040528,
  "views": 14,
  "formatid": "gen9championsvgc2026regma",
  "rating": 1039,
  "private": 0,
  "password": null
}