{
  "id": "gen9championsvgc2026regma-2587210041",
  "format": "[Gen 9 Champions] VGC 2026 Reg M-A",
  "players": [
    "PotbellyDemon",
    "1stTurnTerra"
  ],
  "log": "|j|\u2606PotbellyDemon\n|j|\u26061stTurnTerra\n|t:|1776509335\n|gametype|doubles\n|player|p1|PotbellyDemon|volkner|1062\n|player|p2|1stTurnTerra|workerice|1013\n|gen|9\n|tier|[Gen 9 Champions] VGC 2026 Reg M-A\n|rated|\n|rule|Species Clause: Limit one of each Pok\u00e9mon\n|rule|Item Clause: Limit 1 of each item\n|clearpoke\n|poke|p1|Gardevoir, L50, F|\n|poke|p1|Basculegion, L50, M|\n|poke|p1|Tsareena, L50, F|\n|poke|p1|Incineroar, L50, M|\n|poke|p1|Pelipper, L50, F|\n|poke|p1|Archaludon, L50, M|\n|poke|p2|Froslass, L50, F|\n|poke|p2|Greninja, L50, M|\n|poke|p2|Ninetales-Alola, L50, M|\n|poke|p2|Aegislash, L50, F|\n|poke|p2|Sneasler, L50, M|\n|poke|p2|Incineroar, L50, M|\n|teampreview|4\n|inactive|Battle timer is ON: inactive players will automatically lose when time's up. (requested by 1stTurnTerra)\n|\n|t:|1776509362\n|teamsize|p1|4\n|teamsize|p2|4\n|start\n|switch|p1a: Bishow|Gardevoir, L50, F|100/100\n|switch|p1b: Shark Crippler|Incineroar, L50, M|100/100\n|switch|p2a: Froslass|Froslass, L50, F|100/100\n|switch|p2b: Ninetales|Ninetales-Alola, L50, M|100/100\n|-weather|Snowscape|[from] ability: Snow Warning|[of] p2b: Ninetales\n|-ability|p1b: Shark Crippler|Intimidate|boost\n|-unboost|p2a: Froslass|atk|1\n|-unboost|p2b: Ninetales|atk|1\n|turn|1\n|j| rockanjon\n|\n|t:|1776509384\n|switch|p2b: Aegislash|Aegislash, L50, F|100/100\n|detailschange|p2a: Froslass|Froslass-Mega, L50, F\n|-mega|p2a: Froslass|Froslass|Froslassite\n|move|p1a: Bishow|Protect|p1a: Bishow\n|-singleturn|p1a: Bishow|Protect\n|move|p2a: Froslass|Blizzard|p1a: Bishow|[spread] p1b\n|-activate|p1a: Bishow|move: Protect\n|-resisted|p1b: Shark Crippler|1\n|-damage|p1b: Shark Crippler|79/100\n|move|p1b: Shark Crippler|Throat Chop|p2a: Froslass\n|-supereffective|p2a: Froslass|1\n|-damage|p2a: Froslass|22/100\n|-start|p2a: Froslass|Throat Chop|[silent]\n|\n|-weather|Snowscape|[upkeep]\n|upkeep\n|turn|2\n|inactive|PotbellyDemon has 30 seconds left.\n|\n|t:|1776509409\n|switch|p1a: Tsareena|Tsareena, L50, F|100/100\n|move|p2a: Froslass|Protect|p2a: Froslass\n|-singleturn|p2a: Froslass|Protect\n|move|p1b: Shark Crippler|Throat Chop|p2a: Froslass\n|-activate|p2a: Froslass|move: Protect\n|-formechange|p2b: Aegislash|Aegislash-Blade|\n|move|p2b: Aegislash|Head Smash|p1b: Shark Crippler\n|-supereffective|p1b: Shark Crippler|1\n|-damage|p1b: Shark Crippler|0 fnt\n|faint|p1b: Shark Crippler\n|-damage|p2b: Aegislash|53/100|[from] Recoil\n|\n|-weather|Snowscape|[upkeep]\n|-end|p2a: Froslass|Throat Chop|[silent]\n|upkeep\n|\n|t:|1776509423\n|switch|p1b: Basculegion|Basculegion, L50, M|100/100\n|turn|3\n|inactive|1stTurnTerra has 30 seconds left.\n|\n|t:|1776509450\n|-formechange|p2b: Aegislash|Aegislash|\n|move|p2b: Aegislash|King's Shield|p2b: Aegislash\n|-singleturn|p2b: Aegislash|Protect\n|move|p1b: Basculegion|Last Respects|p2b: Aegislash\n|-activate|p2b: Aegislash|move: Protect\n|move|p2a: Froslass|Shadow Ball|p1b: Basculegion\n|-supereffective|p1b: Basculegion|1\n|-damage|p1b: Basculegion|1/100\n|-unboost|p1b: Basculegion|spd|1\n|move|p1a: Tsareena|Trop Kick|p2a: Froslass\n|-damage|p2a: Froslass|0 fnt\n|faint|p2a: Froslass\n|\n|-weather|Snowscape|[upkeep]\n|upkeep\n|\n|t:|1776509470\n|switch|p2a: Greninja|Greninja, L50, M|100/100\n|turn|4\n|\n|t:|1776509485\n|move|p1b: Basculegion|Last Respects|p2b: Aegislash\n|-supereffective|p2b: Aegislash|1\n|-damage|p2b: Aegislash|0 fnt\n|faint|p2b: Aegislash\n|move|p2a: Greninja|Blizzard|p1a: Tsareena|[spread] p1a,p1b\n|-start|p2a: Greninja|typechange|Ice|[from] ability: Protean\n|-supereffective|p1a: Tsareena|1\n|-resisted|p1b: Basculegion|1\n|-damage|p1a: Tsareena|23/100\n|-damage|p1b: Basculegion|0 fnt\n|-enditem|p1a: Tsareena|Sitrus Berry|[eat]\n|-heal|p1a: Tsareena|48/100|[from] item: Sitrus Berry\n|faint|p1b: Basculegion\n|move|p1a: Tsareena|Trop Kick|p2a: Greninja\n|-damage|p2a: Greninja|63/100\n|-unboost|p2a: Greninja|atk|1\n|\n|-weather|Snowscape|[upkeep]\n|upkeep\n|\n|t:|1776509502\n|switch|p1b: Bishow|Gardevoir, L50, F|100/100\n|switch|p2b: Ninetales|Ninetales-Alola, L50, M|100/100\n|turn|5\n|\n|t:|1776509511\n|detailschange|p1b: Bishow|Gardevoir-Mega, L50, F\n|-mega|p1b: Bishow|Gardevoir|Gardevoirite\n|move|p2a: Greninja|Protect|p2a: Greninja\n|-singleturn|p2a: Greninja|Protect\n|move|p2b: Ninetales|Aurora Veil|p2b: Ninetales\n|-sidestart|p2: 1stTurnTerra|move: Aurora Veil\n|move|p1b: Bishow|Hyper Voice|p2a: Greninja|[spread] p2b\n|-activate|p2a: Greninja|move: Protect\n|-damage|p2b: Ninetales|59/100\n|move|p1a: Tsareena|Low Kick|p2a: Greninja\n|-activate|p2a: Greninja|move: Protect\n|\n|-weather|none\n|upkeep\n|turn|6\n|inactive|1stTurnTerra has 30 seconds left.\n|\n|t:|1776509542\n|move|p2b: Ninetales|Freeze-Dry|p1a: Tsareena\n|-supereffective|p1a: Tsareena|1\n|-damage|p1a: Tsareena|0 fnt\n|faint|p1a: Tsareena\n|move|p1b: Bishow|Hyper Voice|p2b: Ninetales|[spread] p2a,p2b\n|-damage|p2a: Greninja|20/100\n|-damage|p2b: Ninetales|20/100\n|move|p2a: Greninja|Hydro Cannon|p1b: Bishow\n|-damage|p1b: Bishow|60/100\n|-mustrecharge|p2a: Greninja\n|\n|upkeep\n|turn|7\n|\n|t:|1776509562\n|move|p2b: Ninetales|Moonblast|p1b: Bishow\n|-damage|p1b: Bishow|31/100\n|move|p1b: Bishow|Hyper Voice|p2a: Greninja|[spread] p2a,p2b\n|-damage|p2a: Greninja|0 fnt\n|-damage|p2b: Ninetales|0 fnt\n|faint|p2a: Greninja\n|faint|p2b: Ninetales\n|\n|win|PotbellyDemon\n",
  "uploadtime": 1776509339,
  "views": 14,
  "formatid": "gen9championsvgc2026regma",
  "rating": null,
  "private": 0,
  "password": null
}