{
  "id": "gen9championsvgc2026regma-2582347173",
  "format": "[Gen 9 Champions] VGC 2026 Reg M-A",
  "players": [
    "Grimmteam7",
    "DenziVGC"
  ],
  "log": "|j|\u2606Grimmteam7\n|j|\u2606DenziVGC\n|t:|1776085300\n|gametype|doubles\n|player|p1|Grimmteam7|265|1092\n|player|p2|DenziVGC|102|1040\n|gen|9\n|tier|[Gen 9 Champions] VGC 2026 Reg M-A\n|rated|\n|rule|Species Clause: Limit one of each Pok\u00e9mon\n|rule|Item Clause: Limit 1 of each item\n|clearpoke\n|poke|p1|Starmie, L50|\n|poke|p1|Aegislash, L50, M|\n|poke|p1|Tyranitar, L50, F|\n|poke|p1|Aerodactyl, L50, F|\n|poke|p1|Garchomp, L50, F|\n|poke|p1|Rotom-Heat, L50|\n|poke|p2|Floette-Eternal, L50, F|\n|poke|p2|Maushold, L50|\n|poke|p2|Garchomp, L50, M|\n|poke|p2|Talonflame, L50, F|\n|poke|p2|Rotom-Wash, L50|\n|poke|p2|Aegislash, L50, M|\n|teampreview|4\n|\n|t:|1776085321\n|teamsize|p1|4\n|teamsize|p2|4\n|start\n|switch|p1a: Starmie|Starmie, L50|100/100\n|switch|p1b: Tyranitar|Tyranitar, L50, F|100/100\n|switch|p2a: Floette|Floette-Eternal, L50, F|100/100\n|switch|p2b: Maushold|Maushold, L50|100/100\n|-weather|Sandstorm|[from] ability: Sand Stream|[of] p1b: Tyranitar\n|turn|1\n|\n|t:|1776085342\n|detailschange|p1a: Starmie|Starmie-Mega, L50\n|-mega|p1a: Starmie|Starmie|Starminite\n|detailschange|p2a: Floette|Floette-Mega, L50, F\n|-mega|p2a: Floette|Floette|Floettite\n|-ability|p2a: Floette|Fairy Aura\n|move|p2b: Maushold|Follow Me|p2b: Maushold\n|-singleturn|p2b: Maushold|move: Follow Me\n|move|p1a: Starmie|Skill Swap|p2b: Maushold\n|-activate|p1a: Starmie|Skill Swap|Friend Guard|Huge Power|[of] p2b: Maushold\n|move|p1b: Tyranitar|Superpower|p2b: Maushold\n|-supereffective|p2b: Maushold|1\n|-enditem|p2b: Maushold|Focus Sash\n|-damage|p2b: Maushold|1/100\n|-unboost|p1b: Tyranitar|atk|1\n|-unboost|p1b: Tyranitar|def|1\n|move|p2a: Floette|Calm Mind|p2a: Floette\n|-boost|p2a: Floette|spa|1\n|-boost|p2a: Floette|spd|1\n|\n|-weather|Sandstorm|[upkeep]\n|-damage|p1a: Starmie|95/100|[from] Sandstorm\n|-damage|p2b: Maushold|0 fnt|[from] Sandstorm\n|-damage|p2a: Floette|94/100|[from] Sandstorm\n|faint|p2b: Maushold\n|upkeep\n|\n|t:|1776085364\n|switch|p2b: Talonflame|Talonflame, L50, F, shiny|100/100\n|turn|2\n|\n|t:|1776085415\n|switch|p1b: Rotom|Rotom-Heat, L50|100/100\n|move|p2b: Talonflame|Tailwind|p2b: Talonflame\n|-sidestart|p2: DenziVGC|move: Tailwind\n|move|p2a: Floette|Moonblast|p1a: Starmie\n|-damage|p1a: Starmie|0 fnt\n|faint|p1a: Starmie\n|\n|-weather|Sandstorm|[upkeep]\n|-damage|p2b: Talonflame|95/100|[from] Sandstorm\n|-damage|p2a: Floette|88/100|[from] Sandstorm\n|-damage|p1b: Rotom|95/100|[from] Sandstorm\n|upkeep\n|\n|t:|1776085427\n|switch|p1a: Aegislash|Aegislash, L50, M|100/100\n|turn|3\n|\n|t:|1776085465\n|move|p1a: Aegislash|Wide Guard|p1a: Aegislash\n|-singleturn|p1a: Aegislash|Wide Guard\n|move|p2b: Talonflame|Flare Blitz|p1a: Aegislash\n|-supereffective|p1a: Aegislash|1\n|-damage|p1a: Aegislash|27/100\n|-damage|p2b: Talonflame|69/100|[from] Recoil\n|move|p2a: Floette|Dazzling Gleam|p1a: Aegislash|[spread] \n|-activate|p1a: Aegislash|move: Wide Guard\n|-activate|p1b: Rotom|move: Wide Guard\n|move|p1b: Rotom|Overheat|p2a: Floette\n|-damage|p2a: Floette|60/100\n|-unboost|p1b: Rotom|spa|2\n|\n|-weather|Sandstorm|[upkeep]\n|-damage|p2b: Talonflame|63/100|[from] Sandstorm\n|-damage|p2a: Floette|54/100|[from] Sandstorm\n|-damage|p1b: Rotom|89/100|[from] Sandstorm\n|-heal|p1a: Aegislash|33/100|[from] item: Leftovers\n|upkeep\n|turn|4\n|\n|t:|1776085499\n|move|p1b: Rotom|Protect|p1b: Rotom\n|-singleturn|p1b: Rotom|Protect\n|move|p1a: Aegislash|King's Shield|p1a: Aegislash\n|-singleturn|p1a: Aegislash|Protect\n|move|p2b: Talonflame|Flare Blitz|p1a: Aegislash\n|-activate|p1a: Aegislash|move: Protect\n|-unboost|p2b: Talonflame|atk|1\n|move|p2a: Floette|Moonblast|p1b: Rotom\n|-activate|p1b: Rotom|move: Protect\n|\n|-weather|Sandstorm|[upkeep]\n|-damage|p2b: Talonflame|57/100|[from] Sandstorm\n|-damage|p2a: Floette|47/100|[from] Sandstorm\n|-damage|p1b: Rotom|83/100|[from] Sandstorm\n|-heal|p1a: Aegislash|39/100|[from] item: Leftovers\n|upkeep\n|turn|5\n|\n|t:|1776085537\n|switch|p1a: Tyranitar|Tyranitar, L50, F|100/100\n|move|p2b: Talonflame|Flare Blitz|p1a: Tyranitar\n|-resisted|p1a: Tyranitar|1\n|-damage|p1a: Tyranitar|86/100\n|-damage|p2b: Talonflame|52/100|[from] Recoil\n|move|p2a: Floette|Moonblast|p1b: Rotom\n|-resisted|p1b: Rotom|1\n|-damage|p1b: Rotom|22/100\n|-enditem|p1b: Rotom|Sitrus Berry|[eat]\n|-heal|p1b: Rotom|46/100|[from] item: Sitrus Berry\n|move|p1b: Rotom|Thunderbolt|p2b: Talonflame\n|-supereffective|p2b: Talonflame|1\n|-damage|p2b: Talonflame|0 fnt\n|faint|p2b: Talonflame\n|\n|-weather|none\n|-sideend|p2: DenziVGC|move: Tailwind\n|upkeep\n|\n|t:|1776085552\n|switch|p2b: Rotom|Rotom-Wash, L50, shiny|100/100\n|turn|6\n|\n|t:|1776085586\n|move|p2b: Rotom|Helping Hand|p2a: Floette\n|-singleturn|p2a: Floette|Helping Hand|[of] p2b: Rotom\n|move|p1b: Rotom|Protect|p1b: Rotom\n|-singleturn|p1b: Rotom|Protect\n|move|p1a: Tyranitar|Knock Off|p2a: Floette\n|-resisted|p2a: Floette|1\n|-crit|p2a: Floette\n|-damage|p2a: Floette|19/100\n|move|p2a: Floette|Dazzling Gleam|p1b: Rotom|[spread] p1a\n|-activate|p1b: Rotom|move: Protect\n|-supereffective|p1a: Tyranitar|1\n|-damage|p1a: Tyranitar|0 fnt\n|faint|p1a: Tyranitar\n|\n|upkeep\n|\n|t:|1776085599\n|switch|p1a: Aegislash|Aegislash, L50, M|39/100\n|turn|7\n|\n|t:|1776085634\n|move|p2a: Floette|Protect|p2a: Floette\n|-singleturn|p2a: Floette|Protect\n|move|p1a: Aegislash|King's Shield|p1a: Aegislash\n|-singleturn|p1a: Aegislash|Protect\n|move|p2b: Rotom|Hydro Pump|p1b: Rotom\n|-supereffective|p1b: Rotom|1\n|-crit|p1b: Rotom\n|-damage|p1b: Rotom|0 fnt\n|faint|p1b: Rotom\n|\n|-heal|p1a: Aegislash|45/100|[from] item: Leftovers\n|upkeep\n|turn|8\n|\n|t:|1776085655\n|move|p2a: Floette|Moonblast|p1a: Aegislash\n|-resisted|p1a: Aegislash|1\n|-damage|p1a: Aegislash|0 fnt\n|faint|p1a: Aegislash\n|\n|win|DenziVGC\n|raw|Grimmteam7's rating: 1092 &rarr; <strong>1065</strong><br />(-27 for losing)\n|raw|DenziVGC's rating: 1040 &rarr; <strong>1079</strong><br />(+39 for winning)\n|l|\u2606Grimmteam7\n|player|p1|\n",
  "uploadtime": 1776085662,
  "views": 12,
  "formatid": "gen9championsvgc2026regma",
  "rating": 1065,
  "private": 0,
  "password": null
}