{
  "id": "gen9championsvgc2026regma-2583599709",
  "format": "[Gen 9 Champions] VGC 2026 Reg M-A",
  "players": [
    "Paluzzu",
    "incinupscale!"
  ],
  "log": "|j|\u203dPaluzzu\n|j|\u2606incinupscale!\n|t:|1776185742\n|gametype|doubles\n|player|p1|Paluzzu|lucas|1055\n|player|p2|incinupscale!|pokemaniac|1000\n|gen|9\n|tier|[Gen 9 Champions] VGC 2026 Reg M-A\n|rated|\n|rule|Species Clause: Limit one of each Pok\u00e9mon\n|rule|Item Clause: Limit 1 of each item\n|clearpoke\n|poke|p1|Orthworm, L50, F|\n|poke|p1|Incineroar, L50, F|\n|poke|p1|Froslass, L50, F|\n|poke|p1|Basculegion, L50, M|\n|poke|p1|Milotic, L50, M|\n|poke|p1|Garchomp, L50, F|\n|poke|p2|Kangaskhan, L50, F|\n|poke|p2|Greninja-*, L50, F|\n|poke|p2|Primarina, L50, M|\n|poke|p2|Ceruledge, L50, F|\n|poke|p2|Corviknight, L50, M|\n|poke|p2|Garchomp, L50, M|\n|teampreview|4\n|\n|t:|1776185776\n|teamsize|p1|4\n|teamsize|p2|4\n|start\n|switch|p1a: Orthworm|Orthworm, L50, F|100/100\n|switch|p1b: Basculegion|Basculegion, L50, M|100/100\n|switch|p2a: Corviknight|Corviknight, L50, M|100/100\n|switch|p2b: Ceruledge|Ceruledge, L50, F|100/100\n|turn|1\n|inactive|Battle timer is ON: inactive players will automatically lose when time's up. (requested by Paluzzu)\n|\n|t:|1776185800\n|move|p1b: Basculegion|Wave Crash|p2b: Ceruledge\n|-supereffective|p2b: Ceruledge|1\n|-enditem|p2b: Ceruledge|Focus Sash\n|-damage|p2b: Ceruledge|1/100\n|-ability|p2b: Ceruledge|Weak Armor|boost\n|-unboost|p2b: Ceruledge|def|1\n|-boost|p2b: Ceruledge|spe|2\n|-damage|p1b: Basculegion|76/100|[from] Recoil\n|move|p2b: Ceruledge|Swords Dance|p2b: Ceruledge\n|-boost|p2b: Ceruledge|atk|2\n|move|p2a: Corviknight|Iron Defense|p2a: Corviknight\n|-boost|p2a: Corviknight|def|2\n|move|p1a: Orthworm|Shed Tail|p1a: Orthworm\n|-start|p1a: Orthworm|Substitute|[from] move: Shed Tail\n|-damage|p1a: Orthworm|50/100\n|-enditem|p1a: Orthworm|Sitrus Berry|[eat]\n|-heal|p1a: Orthworm|75/100|[from] item: Sitrus Berry\n|\n|t:|1776185819\n|switch|p1a: Froslass|Froslass, L50, F|100/100|[from] Shed Tail\n|\n|upkeep\n|turn|2\n|\n|t:|1776185839\n|detailschange|p1a: Froslass|Froslass-Mega, L50, F\n|-mega|p1a: Froslass|Froslass|Froslassite\n|-weather|Snowscape|[from] ability: Snow Warning|[of] p1a: Froslass\n|move|p2b: Ceruledge|Shadow Sneak|p1b: Basculegion\n|-supereffective|p1b: Basculegion|1\n|-damage|p1b: Basculegion|0 fnt\n|faint|p1b: Basculegion\n|move|p1a: Froslass|Blizzard|p2a: Corviknight|[spread] p2a,p2b\n|-resisted|p2b: Ceruledge|1\n|-damage|p2a: Corviknight|58/100\n|-damage|p2b: Ceruledge|0 fnt\n|faint|p2b: Ceruledge\n|move|p2a: Corviknight|Iron Defense|p2a: Corviknight\n|-boost|p2a: Corviknight|def|2\n|\n|-weather|Snowscape|[upkeep]\n|-heal|p2a: Corviknight|64/100|[from] item: Leftovers\n|upkeep\n|\n|t:|1776185860\n|switch|p2b: Primarina|Primarina, L50, M|100/100\n|switch|p1b: Garchomp|Garchomp, L50, F|100/100\n|turn|3\n|\n|t:|1776185876\n|move|p1a: Froslass|Shadow Ball|p2b: Primarina\n|-damage|p2b: Primarina|48/100\n|-enditem|p2b: Primarina|Sitrus Berry|[eat]\n|-heal|p2b: Primarina|72/100|[from] item: Sitrus Berry\n|move|p1b: Garchomp|Rock Slide|p2a: Corviknight|[spread] p2b\n|-miss|p1b: Garchomp|p2a: Corviknight\n|-damage|p2b: Primarina|47/100\n|move|p2a: Corviknight|Body Press|p1b: Garchomp\n|-damage|p1b: Garchomp|33/100\n|-damage|p2a: Corviknight|52/100|[from] ability: Rough Skin|[of] p1b: Garchomp\n|move|p2b: Primarina|Sparkling Aria|p1b: Garchomp|[spread] p2a,p1a,p1b\n|-damage|p2a: Corviknight|22/100\n|-damage|p1a: Froslass|54/100\n|-damage|p1b: Garchomp|0 fnt\n|faint|p1b: Garchomp\n|\n|-weather|Snowscape|[upkeep]\n|-heal|p2a: Corviknight|28/100|[from] item: Leftovers\n|upkeep\n|\n|t:|1776185895\n|switch|p1b: Orthworm|Orthworm, L50, F|75/100\n|turn|4\n|\n|t:|1776185906\n|move|p1a: Froslass|Shadow Ball|p2b: Primarina\n|-damage|p2b: Primarina|2/100\n|move|p2a: Corviknight|Body Press|p1b: Orthworm\n|-supereffective|p1b: Orthworm|1\n|-damage|p1b: Orthworm|0 fnt\n|faint|p1b: Orthworm\n|move|p2b: Primarina|Moonblast|p1a: Froslass\n|-end|p1a: Froslass|Substitute\n|\n|-weather|Snowscape|[upkeep]\n|-heal|p2a: Corviknight|34/100|[from] item: Leftovers\n|upkeep\n|turn|5\n|-message|Paluzzu forfeited.\n|\n|win|incinupscale!\n|raw|Paluzzu's rating: 1055 &rarr; <strong>1034</strong><br />(-21 for losing)\n|raw|incinupscale!'s rating: 1000 &rarr; <strong>1046</strong><br />(+46 for winning)\n|l|\u203dPaluzzu\n|player|p1|\n",
  "uploadtime": 1776186618,
  "views": 26,
  "formatid": "gen9championsvgc2026regma",
  "rating": 1034,
  "private": 0,
  "password": null
}