{
  "id": "gen9championsvgc2026regma-2586075922",
  "format": "[Gen 9 Champions] VGC 2026 Reg M-A",
  "players": [
    "4bied",
    "sahil ansari"
  ],
  "log": "|j|\u26064bied\n|j|\u2606sahil ansari\n|t:|1776396380\n|gametype|doubles\n|player|p1|4bied|giovanni|1209\n|player|p2|sahil ansari|steven|1307\n|gen|9\n|tier|[Gen 9 Champions] VGC 2026 Reg M-A\n|rated|\n|rule|Species Clause: Limit one of each Pok\u00e9mon\n|rule|Item Clause: Limit 1 of each item\n|clearpoke\n|poke|p1|Gengar, L50, M|\n|poke|p1|Incineroar, L50, F|\n|poke|p1|Kingambit, L50, M|\n|poke|p1|Sinistcha, L50|\n|poke|p1|Kommo-o, L50, F|\n|poke|p1|Tyranitar, L50, F|\n|poke|p2|Floette-Eternal, L50, F|\n|poke|p2|Maushold-Four, L50|\n|poke|p2|Garchomp, L50, M|\n|poke|p2|Rotom-Wash, L50|\n|poke|p2|Talonflame, L50, F|\n|poke|p2|Aegislash, L50, M|\n|teampreview|4\n|inactive|Battle timer is ON: inactive players will automatically lose when time's up. (requested by sahil ansari)\n|inactive|sahil ansari has 60 seconds left.\n|\n|t:|1776396412\n|teamsize|p1|4\n|teamsize|p2|4\n|start\n|switch|p1a: Gengar|Gengar, L50, M|100/100\n|switch|p1b: Incineroar|Incineroar, L50, F|100/100\n|switch|p2a: Maushold|Maushold-Four, L50|100/100\n|switch|p2b: Floette|Floette-Eternal, L50, F|100/100\n|-ability|p1b: Incineroar|Intimidate|boost\n|-unboost|p2a: Maushold|atk|1\n|-unboost|p2b: Floette|atk|1\n|turn|1\n|inactive|sahil ansari has 30 seconds left.\n|\n|t:|1776396439\n|switch|p2b: Garchomp|Garchomp, L50, M|100/100\n|detailschange|p1a: Gengar|Gengar-Mega, L50, M\n|-mega|p1a: Gengar|Gengar|Gengarite\n|move|p1b: Incineroar|Fake Out|p2b: Garchomp\n|-damage|p2b: Garchomp|92/100\n|-damage|p1b: Incineroar|88/100|[from] ability: Rough Skin|[of] p2b: Garchomp\n|move|p2a: Maushold|Follow Me|p2a: Maushold\n|-singleturn|p2a: Maushold|move: Follow Me\n|move|p1a: Gengar|Perish Song|p1a: Gengar\n|-start|p1a: Gengar|perish3|[silent]\n|-start|p1b: Incineroar|perish3|[silent]\n|-start|p2a: Maushold|perish3|[silent]\n|-start|p2b: Garchomp|perish3|[silent]\n|-fieldactivate|move: Perish Song\n|\n|-start|p1a: Gengar|perish3\n|-start|p2a: Maushold|perish3\n|-start|p2b: Garchomp|perish3\n|-start|p1b: Incineroar|perish3\n|upkeep\n|turn|2\n|inactive|sahil ansari has 30 seconds left.\n|inactive|sahil ansari has 20 seconds left.\n|\n|t:|1776396477\n|switch|p1b: Sinistcha|Sinistcha, L50|100/100\n|move|p1a: Gengar|Protect|p1a: Gengar\n|-singleturn|p1a: Gengar|Protect\n|move|p2a: Maushold|Super Fang|p1b: Sinistcha\n|-immune|p1b: Sinistcha\n|move|p2b: Garchomp|Stomping Tantrum|p1a: Gengar\n|-activate|p1a: Gengar|move: Protect\n|\n|-start|p1a: Gengar|perish2\n|-start|p2a: Maushold|perish2\n|-start|p2b: Garchomp|perish2\n|upkeep\n|turn|3\n|inactive|4bied has 30 seconds left.\n|\n|t:|1776396507\n|move|p1b: Sinistcha|Rage Powder|p1b: Sinistcha\n|-singleturn|p1b: Sinistcha|move: Rage Powder\n|move|p1a: Gengar|Substitute|p1a: Gengar\n|-start|p1a: Gengar|Substitute\n|-damage|p1a: Gengar|76/100\n|move|p2a: Maushold|Taunt|p1b: Sinistcha\n|-start|p1b: Sinistcha|move: Taunt\n|move|p2b: Garchomp|Stone Edge|p1b: Sinistcha|[miss]\n|-miss|p2b: Garchomp|p1b: Sinistcha\n|\n|-start|p1a: Gengar|perish1\n|-start|p2a: Maushold|perish1\n|-start|p2b: Garchomp|perish1\n|upkeep\n|turn|4\n|inactive|sahil ansari has 30 seconds left.\n|\n|t:|1776396537\n|switch|p1a: Incineroar|Incineroar, L50, F|88/100\n|-ability|p1a: Incineroar|Intimidate|boost\n|-unboost|p2a: Maushold|atk|1\n|-unboost|p2b: Garchomp|atk|1\n|move|p2a: Maushold|Super Fang|p1a: Incineroar\n|-damage|p1a: Incineroar|44/100\n|move|p2b: Garchomp|Stomping Tantrum|p1a: Incineroar\n|-supereffective|p1a: Incineroar|1\n|-enditem|p1a: Incineroar|Shuca Berry|[eat]\n|-enditem|p1a: Incineroar|Shuca Berry|[weaken]\n|-damage|p1a: Incineroar|0 fnt\n|faint|p1a: Incineroar\n|move|p1b: Sinistcha|Matcha Gotcha|p2a: Maushold|[spread] p2a,p2b\n|-damage|p2a: Maushold|68/100\n|-damage|p2b: Garchomp|73/100\n|\n|-start|p2a: Maushold|perish0\n|-start|p2b: Garchomp|perish0\n|upkeep\n|faint|p2a: Maushold\n|faint|p2b: Garchomp\n|\n|t:|1776396561\n|switch|p2a: Aegislash|Aegislash, L50, M|100/100\n|switch|p2b: Floette|Floette-Eternal, L50, F|100/100\n|switch|p1a: Gengar|Gengar-Mega, L50, M|76/100\n|turn|5\n|\n|t:|1776396577\n|switch|p1b: Kingambit|Kingambit, L50, M|100/100\n|detailschange|p2b: Floette|Floette-Mega, L50, F\n|-mega|p2b: Floette|Floette|Floettite\n|-ability|p2b: Floette|Fairy Aura\n|move|p1a: Gengar|Protect|p1a: Gengar\n|-singleturn|p1a: Gengar|Protect\n|-formechange|p2a: Aegislash|Aegislash-Blade|\n|move|p2a: Aegislash|Shadow Sneak|p1a: Gengar\n|-activate|p1a: Gengar|move: Protect\n|move|p2b: Floette|Moonblast|p1a: Gengar\n|-activate|p1a: Gengar|move: Protect\n|\n|upkeep\n|turn|6\n|\n|t:|1776396600\n|move|p1b: Kingambit|Protect|p1b: Kingambit\n|-singleturn|p1b: Kingambit|Protect\n|move|p2a: Aegislash|Shadow Sneak|p1a: Gengar\n|-supereffective|p1a: Gengar|1\n|-damage|p1a: Gengar|11/100\n|move|p1a: Gengar|Perish Song|p1a: Gengar\n|-start|p1a: Gengar|perish3|[silent]\n|-start|p1b: Kingambit|perish3|[silent]\n|-start|p2a: Aegislash|perish3|[silent]\n|-start|p2b: Floette|perish3|[silent]\n|-fieldactivate|move: Perish Song\n|move|p2b: Floette|Dazzling Gleam|p1a: Gengar|[spread] p1a\n|-activate|p1b: Kingambit|move: Protect\n|-resisted|p1a: Gengar|1\n|-damage|p1a: Gengar|0 fnt\n|faint|p1a: Gengar\n|\n|-start|p2b: Floette|perish3\n|-start|p2a: Aegislash|perish3\n|-start|p1b: Kingambit|perish3\n|upkeep\n|\n|t:|1776396617\n|switch|p1a: Sinistcha|Sinistcha, L50|100/100\n|turn|7\n|\n|t:|1776396630\n|-formechange|p2a: Aegislash|Aegislash|\n|move|p2a: Aegislash|King's Shield|p2a: Aegislash\n|-singleturn|p2a: Aegislash|Protect\n|move|p1a: Sinistcha|Rage Powder|p1a: Sinistcha\n|-singleturn|p1a: Sinistcha|move: Rage Powder\n|move|p2b: Floette|Moonblast|p1a: Sinistcha\n|-damage|p1a: Sinistcha|31/100\n|-enditem|p1a: Sinistcha|Sitrus Berry|[eat]\n|-heal|p1a: Sinistcha|56/100|[from] item: Sitrus Berry\n|move|p1b: Kingambit|Iron Head|p2b: Floette\n|-supereffective|p2b: Floette|1\n|-damage|p2b: Floette|1/100\n|\n|-start|p2b: Floette|perish2\n|-start|p2a: Aegislash|perish2\n|-start|p1b: Kingambit|perish2\n|upkeep\n|turn|8\n|\n|t:|1776396654\n|move|p1a: Sinistcha|Rage Powder|p1a: Sinistcha\n|-singleturn|p1a: Sinistcha|move: Rage Powder\n|move|p1b: Kingambit|Sucker Punch|p2a: Aegislash\n|-supereffective|p2a: Aegislash|1\n|-damage|p2a: Aegislash|38/100\n|move|p2b: Floette|Dazzling Gleam|p1b: Kingambit|[spread] p1a,p1b\n|-damage|p1a: Sinistcha|10/100\n|-damage|p1b: Kingambit|51/100\n|-formechange|p2a: Aegislash|Aegislash-Blade|\n|move|p2a: Aegislash|Poltergeist||[still]\n|-fail|p2a: Aegislash\n|\n|-start|p2b: Floette|perish1\n|-start|p2a: Aegislash|perish1\n|-start|p1b: Kingambit|perish1\n|upkeep\n|turn|9\n|\n|t:|1776396673\n|move|p1a: Sinistcha|Protect|p1a: Sinistcha\n|-singleturn|p1a: Sinistcha|Protect\n|-formechange|p2a: Aegislash|Aegislash|\n|move|p2a: Aegislash|King's Shield|p2a: Aegislash\n|-singleturn|p2a: Aegislash|Protect\n|move|p1b: Kingambit|Sucker Punch|p2b: Floette\n|-resisted|p2b: Floette|1\n|-damage|p2b: Floette|0 fnt\n|faint|p2b: Floette\n|\n|-start|p2a: Aegislash|perish0\n|-start|p1b: Kingambit|perish0\n|faint|p2a: Aegislash\n|faint|p1b: Kingambit\n|\n|win|4bied\n|raw|4bied's rating: 1209 &rarr; <strong>1241</strong><br />(+32 for winning)\n|raw|sahil ansari's rating: 1307 &rarr; <strong>1282</strong><br />(-25 for losing)\n|l|\u2606sahil ansari\n|player|p2|\n",
  "uploadtime": 1776396688,
  "views": 29,
  "formatid": "gen9championsvgc2026regma",
  "rating": 1241,
  "private": 0,
  "password": null
}