{
  "id": "gen9championsvgc2026regma-2581500648",
  "format": "[Gen 9 Champions] VGC 2026 Reg M-A",
  "players": [
    "disciple of blahaj",
    "UtopianDreamGirl"
  ],
  "log": "|j|\u2606disciple of blahaj\n|j|\u2606UtopianDreamGirl\n|t:|1776006149\n|gametype|doubles\n|player|p1|disciple of blahaj|jacinthe|1116\n|player|p2|UtopianDreamGirl|169|1031\n|gen|9\n|tier|[Gen 9 Champions] VGC 2026 Reg M-A\n|rated|\n|rule|Species Clause: Limit one of each Pok\u00e9mon\n|rule|Item Clause: Limit 1 of each item\n|clearpoke\n|poke|p1|Lopunny, L50, F|\n|poke|p1|Basculegion, L50, M|\n|poke|p1|Whimsicott, L50, F|\n|poke|p1|Pelipper, L50, F|\n|poke|p1|Garchomp, L50, F|\n|poke|p1|Aegislash, L50, F|\n|poke|p2|Slurpuff, L50, M|\n|poke|p2|Liepard, L50, M|\n|poke|p2|Decidueye-Hisui, L50, M|\n|poke|p2|Lucario, L50, M|\n|poke|p2|Torkoal, L50, F|\n|poke|p2|Farigiraf, L50, M|\n|teampreview|4\n|\n|t:|1776006187\n|teamsize|p1|4\n|teamsize|p2|4\n|start\n|switch|p1a: Basculegion|Basculegion, L50, M|100/100\n|switch|p1b: Garchomp|Garchomp, L50, F|100/100\n|switch|p2a: Slurpuff|Slurpuff, L50, M|100/100\n|switch|p2b: Liepard|Liepard, L50, M|100/100\n|turn|1\n|inactive|Battle timer is ON: inactive players will automatically lose when time's up. (requested by disciple of blahaj)\n|\n|t:|1776006214\n|move|p1b: Garchomp|Protect|p1b: Garchomp\n|-singleturn|p1b: Garchomp|Protect\n|move|p2b: Liepard|Swagger|p2a: Slurpuff\n|-boost|p2a: Slurpuff|atk|2\n|-start|p2a: Slurpuff|confusion\n|-enditem|p2a: Slurpuff|Lum Berry|[eat]\n|-end|p2a: Slurpuff|confusion\n|move|p2a: Slurpuff|Play Rough|p1b: Garchomp\n|-activate|p1b: Garchomp|move: Protect\n|move|p1a: Basculegion|Flip Turn|p2b: Liepard\n|-damage|p2b: Liepard|15/100\n|\n|t:|1776006228\n|switch|p1a: Aegislash|Aegislash, L50, F|100/100|[from] Flip Turn\n|\n|upkeep\n|turn|2\n|\n|t:|1776006241\n|move|p1b: Garchomp|Protect||[still]\n|-fail|p1b: Garchomp\n|move|p2b: Liepard|Thunder Wave|p1a: Aegislash\n|-status|p1a: Aegislash|par\n|move|p2a: Slurpuff|Play Rough|p1b: Garchomp\n|-supereffective|p1b: Garchomp|1\n|-damage|p1b: Garchomp|6/100\n|-damage|p2a: Slurpuff|88/100|[from] ability: Rough Skin|[of] p1b: Garchomp\n|-formechange|p1a: Aegislash|Aegislash-Blade|\n|move|p1a: Aegislash|Iron Head|p2a: Slurpuff\n|-supereffective|p2a: Slurpuff|1\n|-damage|p2a: Slurpuff|0 fnt\n|faint|p2a: Slurpuff\n|\n|upkeep\n|\n|t:|1776006260\n|switch|p2a: Decidueye|Decidueye-Hisui, L50, M|100/100\n|turn|3\n|\n|t:|1776006271\n|switch|p1a: Pelipper|Pelipper, L50, F|100/100\n|-weather|RainDance|[from] ability: Drizzle|[of] p1a: Pelipper\n|move|p2b: Liepard|U-turn|p1b: Garchomp\n|-damage|p1b: Garchomp|0 fnt\n|-damage|p2b: Liepard|3/100|[from] ability: Rough Skin|[of] p1b: Garchomp\n|faint|p1b: Garchomp\n|\n|t:|1776006278\n|switch|p2b: Torkoal|Torkoal, L50, F|100/100|[from] U-turn\n|-weather|SunnyDay|[from] ability: Drought|[of] p2b: Torkoal\n|move|p2a: Decidueye|Knock Off|p1a: Pelipper\n|-damage|p1a: Pelipper|57/100\n|-enditem|p1a: Pelipper|Charti Berry|[from] move: Knock Off|[of] p2a: Decidueye\n|\n|-weather|SunnyDay|[upkeep]\n|upkeep\n|\n|t:|1776006286\n|switch|p1b: Basculegion|Basculegion, L50, M|100/100\n|turn|4\n|\n|t:|1776006303\n|switch|p1a: Aegislash|Aegislash, L50, F|100/100 par\n|move|p2b: Torkoal|Protect|p2b: Torkoal\n|-singleturn|p2b: Torkoal|Protect\n|move|p1b: Basculegion|Flip Turn|p2a: Decidueye\n|-resisted|p2a: Decidueye|1\n|-damage|p2a: Decidueye|90/100\n|\n|t:|1776006312\n|switch|p1b: Pelipper|Pelipper, L50, F|57/100|[from] Flip Turn\n|-weather|RainDance|[from] ability: Drizzle|[of] p1b: Pelipper\n|move|p2a: Decidueye|Knock Off|p1b: Pelipper\n|-damage|p1b: Pelipper|25/100\n|\n|-weather|RainDance|[upkeep]\n|upkeep\n|turn|5\n|\n|t:|1776006327\n|switch|p2b: Liepard|Liepard, L50, M|3/100\n|move|p1b: Pelipper|Hurricane|p2a: Decidueye\n|-supereffective|p2a: Decidueye|2\n|-damage|p2a: Decidueye|0 fnt\n|faint|p2a: Decidueye\n|-formechange|p1a: Aegislash|Aegislash-Blade|\n|move|p1a: Aegislash|Shadow Ball|p2b: Liepard\n|-resisted|p2b: Liepard|1\n|-damage|p2b: Liepard|0 fnt\n|faint|p2b: Liepard\n|\n|-weather|RainDance|[upkeep]\n|upkeep\n|\n|t:|1776006350\n|switch|p2b: Torkoal|Torkoal, L50, F|100/100\n|-weather|SunnyDay|[from] ability: Drought|[of] p2b: Torkoal\n|turn|6\n|\n|t:|1776006357\n|switch|p1b: Basculegion|Basculegion, L50, M|100/100\n|move|p2b: Torkoal|Eruption|p1b: Basculegion|[spread] p1a,p1b\n|-supereffective|p1a: Aegislash|1\n|-resisted|p1b: Basculegion|1\n|-damage|p1a: Aegislash|0 fnt\n|-damage|p1b: Basculegion|54/100\n|faint|p1a: Aegislash\n|\n|-weather|SunnyDay|[upkeep]\n|upkeep\n|\n|t:|1776006363\n|switch|p1a: Pelipper|Pelipper, L50, F|25/100\n|-weather|RainDance|[from] ability: Drizzle|[of] p1a: Pelipper\n|turn|7\n|\n|t:|1776006370\n|move|p2b: Torkoal|Helping Hand|p2: Decidueye|[notarget]\n|-fail|p2b: Torkoal\n|move|p1b: Basculegion|Wave Crash|p2b: Torkoal\n|-supereffective|p2b: Torkoal|1\n|-damage|p2b: Torkoal|0 fnt\n|faint|p2b: Torkoal\n|-damage|p1b: Basculegion|25/100|[from] Recoil\n|\n|win|disciple of blahaj\n|raw|disciple of blahaj's rating: 1116 &rarr; <strong>1135</strong><br />(+19 for winning)\n|raw|UtopianDreamGirl's rating: 1031 &rarr; <strong>1020</strong><br />(-11 for losing)\n|l|\u2606UtopianDreamGirl\n|player|p2|\n",
  "uploadtime": 1776006410,
  "views": 13,
  "formatid": "gen9championsvgc2026regma",
  "rating": 1020,
  "private": 0,
  "password": null
}