{
  "id": "gen9championsvgc2026regma-2589433375",
  "format": "[Gen 9 Champions] VGC 2026 Reg M-A",
  "players": [
    "Warehouse User",
    "taxo0"
  ],
  "log": "|j|\u2606Warehouse User\n|j|\u2606taxo0\n|t:|1776722553\n|gametype|doubles\n|player|p1|Warehouse User|265|1053\n|player|p2|taxo0|psychic-gen4|1091\n|gen|9\n|tier|[Gen 9 Champions] VGC 2026 Reg M-A\n|rated|\n|rule|Species Clause: Limit one of each Pok\u00e9mon\n|rule|Item Clause: Limit 1 of each item\n|clearpoke\n|poke|p1|Aegislash, L50, M|\n|poke|p1|Maushold-Four, L50|\n|poke|p1|Azumarill, L50, M|\n|poke|p1|Whimsicott, L50, F|\n|poke|p1|Glimmora, L50, F|\n|poke|p1|Castform, L50, F|\n|poke|p2|Gardevoir, L50, F, shiny|\n|poke|p2|Sinistcha, L50|\n|poke|p2|Talonflame, L50, M, shiny|\n|poke|p2|Milotic, L50, F, shiny|\n|poke|p2|Aegislash, L50, F|\n|poke|p2|Krookodile, L50, M|\n|teampreview|4\n|\n|t:|1776722614\n|teamsize|p1|4\n|teamsize|p2|4\n|start\n|switch|p1a: Azumarill|Azumarill, L50, M|100/100\n|switch|p1b: Maushold|Maushold-Four, L50|100/100\n|switch|p2a: Sinistcha|Sinistcha, L50|100/100\n|switch|p2b: Vanitas|Gardevoir, L50, F, shiny|100/100\n|-ability|p2b: Vanitas|Friend Guard|Trace|[from] ability: Trace|[of] p1b: Maushold\n|turn|1\n|inactive|Battle timer is ON: inactive players will automatically lose when time's up. (requested by Warehouse User)\n|\n|t:|1776722631\n|detailschange|p2b: Vanitas|Gardevoir-Mega, L50, F, shiny\n|-mega|p2b: Vanitas|Gardevoir|Gardevoirite\n|move|p1b: Maushold|Follow Me|p1b: Maushold\n|-singleturn|p1b: Maushold|move: Follow Me\n|move|p2a: Sinistcha|Strength Sap|p1b: Maushold\n|-unboost|p1b: Maushold|atk|1\n|move|p1a: Azumarill|Belly Drum|p1a: Azumarill\n|-damage|p1a: Azumarill|51/100\n|-setboost|p1a: Azumarill|atk|6|[from] move: Belly Drum\n|move|p2b: Vanitas|Trick Room|p2b: Vanitas\n|-fieldstart|move: Trick Room|[of] p2b: Vanitas\n|\n|upkeep\n|turn|2\n|inactive|taxo0 has 30 seconds left.\n|\n|t:|1776722659\n|move|p1b: Maushold|Follow Me|p1b: Maushold\n|-singleturn|p1b: Maushold|move: Follow Me\n|move|p1a: Azumarill|Play Rough|p2a: Sinistcha\n|-crit|p2a: Sinistcha\n|-damage|p2a: Sinistcha|0 fnt\n|faint|p2a: Sinistcha\n|move|p2b: Vanitas|Hyper Voice|p1b: Maushold|[spread] p1a,p1b\n|-damage|p1a: Azumarill|6/100\n|-damage|p1b: Maushold|31/100\n|-enditem|p1a: Azumarill|Sitrus Berry|[eat]\n|-heal|p1a: Azumarill|31/100|[from] item: Sitrus Berry\n|\n|upkeep\n|\n|t:|1776722670\n|switch|p2a: Milotic|Milotic, L50, F, shiny|100/100\n|turn|3\n|\n|t:|1776722686\n|switch|p1b: Whimsicott|Whimsicott, L50, F|100/100\n|move|p2b: Vanitas|Protect|p2b: Vanitas\n|-singleturn|p2b: Vanitas|Protect\n|move|p1a: Azumarill|Aqua Jet|p2b: Vanitas\n|-activate|p2b: Vanitas|move: Protect\n|move|p2a: Milotic|Scald|p1b: Whimsicott\n|-resisted|p1b: Whimsicott|1\n|-damage|p1b: Whimsicott|70/100\n|\n|upkeep\n|turn|4\n|inactive|Warehouse User has 30 seconds left.\n|\n|t:|1776722717\n|switch|p2b: Krookodile|Krookodile, L50, M|100/100\n|-ability|p2b: Krookodile|Intimidate|boost\n|-unboost|p1a: Azumarill|atk|1\n|-unboost|p1b: Whimsicott|atk|1\n|move|p1a: Azumarill|Aqua Jet|p2b: Krookodile\n|-supereffective|p2b: Krookodile|1\n|-damage|p2b: Krookodile|0 fnt\n|faint|p2b: Krookodile\n|move|p1b: Whimsicott|Encore|p2a: Milotic\n|-start|p2a: Milotic|Encore\n|move|p2a: Milotic|Scald|p1a: Azumarill\n|-resisted|p1a: Azumarill|1\n|-damage|p1a: Azumarill|8/100\n|\n|upkeep\n|\n|t:|1776722729\n|switch|p2b: Vanitas|Gardevoir-Mega, L50, F, shiny|100/100\n|turn|5\n|\n|t:|1776722742\n|move|p1a: Azumarill|Protect|p1a: Azumarill\n|-singleturn|p1a: Azumarill|Protect\n|move|p2a: Milotic|Scald|p1a: Azumarill\n|-activate|p1a: Azumarill|move: Protect\n|move|p2b: Vanitas|Hyper Voice|p1a: Azumarill|[spread] p1b\n|-activate|p1a: Azumarill|move: Protect\n|-damage|p1b: Whimsicott|0 fnt\n|faint|p1b: Whimsicott\n|\n|-fieldend|move: Trick Room\n|upkeep\n|\n|t:|1776722757\n|switch|p1b: Maushold|Maushold-Four, L50|31/100\n|turn|6\n|inactive|Warehouse User has 30 seconds left.\n|\n|t:|1776722783\n|move|p1b: Maushold|Follow Me|p1b: Maushold\n|-singleturn|p1b: Maushold|move: Follow Me\n|move|p1a: Azumarill|Aqua Jet|p2b: Vanitas\n|-damage|p2b: Vanitas|0 fnt\n|faint|p2b: Vanitas\n|move|p2a: Milotic|Scald|p1b: Maushold\n|-damage|p1b: Maushold|0 fnt\n|faint|p1b: Maushold\n|\n|-end|p2a: Milotic|Encore\n|upkeep\n|\n|t:|1776722791\n|switch|p1b: Glimmora|Glimmora, L50, F|100/100\n|turn|7\n|\n|t:|1776722803\n|detailschange|p1b: Glimmora|Glimmora-Mega, L50, F\n|-mega|p1b: Glimmora|Glimmora|Glimmoranite\n|move|p1a: Azumarill|Aqua Jet|p2a: Milotic\n|-resisted|p2a: Milotic|1\n|-crit|p2a: Milotic\n|-damage|p2a: Milotic|34/100\n|move|p1b: Glimmora|Sludge Bomb|p2a: Milotic\n|-damage|p2a: Milotic|0 fnt\n|faint|p2a: Milotic\n|\n|win|Warehouse User\n|raw|Warehouse User's rating: 1053 &rarr; <strong>1089</strong><br />(+36 for winning)\n|raw|taxo0's rating: 1091 &rarr; <strong>1065</strong><br />(-26 for losing)\n|l|\u2606taxo0\n|player|p2|\n",
  "uploadtime": 1776722811,
  "views": 3,
  "formatid": "gen9championsvgc2026regma",
  "rating": 1065,
  "private": 0,
  "password": null
}