{
  "id": "gen9championsvgc2026regma-2587982703",
  "format": "[Gen 9 Champions] VGC 2026 Reg M-A",
  "players": [
    "dfadDADAD",
    "Flakenz"
  ],
  "log": "|j|\u2606dfadDADAD\n|j|\u2606Flakenz\n|t:|1776588471\n|gametype|doubles\n|player|p1|dfadDADAD|2|1498\n|player|p2|Flakenz|boarder|1496\n|gen|9\n|tier|[Gen 9 Champions] VGC 2026 Reg M-A\n|rated|\n|rule|Species Clause: Limit one of each Pok\u00e9mon\n|rule|Item Clause: Limit 1 of each item\n|clearpoke\n|poke|p1|Kommo-o, L50, F, shiny|\n|poke|p1|Ninetales-Alola, L50, M|\n|poke|p1|Scizor, L50, F|\n|poke|p1|Sinistcha, L50|\n|poke|p1|Incineroar, L50, M|\n|poke|p1|Palafin, L50, F|\n|poke|p2|Gengar, L50, F|\n|poke|p2|Kingambit, L50, M|\n|poke|p2|Talonflame, L50, F, shiny|\n|poke|p2|Blastoise, L50, M|\n|poke|p2|Sinistcha, L50|\n|poke|p2|Arcanine-Hisui, L50, F|\n|teampreview|4\n|inactive|Battle timer is ON: inactive players will automatically lose when time's up. (requested by dfadDADAD)\n|inactive|Flakenz has 60 seconds left.\n|\n|t:|1776588510\n|teamsize|p1|4\n|teamsize|p2|4\n|start\n|switch|p1a: Kommo-o|Kommo-o, L50, F, shiny|100/100\n|switch|p1b: Incineroar|Incineroar, L50, M|100/100\n|switch|p2a: Talonflame|Talonflame, L50, F, shiny|100/100\n|switch|p2b: Blastoise|Blastoise, L50, M|100/100\n|-ability|p1b: Incineroar|Intimidate|boost\n|-unboost|p2a: Talonflame|atk|1\n|-unboost|p2b: Blastoise|atk|1\n|turn|1\n|\n|t:|1776588531\n|detailschange|p2b: Blastoise|Blastoise-Mega, L50, M\n|-mega|p2b: Blastoise|Blastoise|Blastoisinite\n|move|p1a: Kommo-o|Protect|p1a: Kommo-o\n|-singleturn|p1a: Kommo-o|Protect\n|move|p2a: Talonflame|Tailwind|p2a: Talonflame\n|-sidestart|p2: Flakenz|move: Tailwind\n|move|p2b: Blastoise|Water Spout|p1b: Incineroar|[spread] p1b\n|-activate|p1a: Kommo-o|move: Protect\n|-supereffective|p1b: Incineroar|1\n|-damage|p1b: Incineroar|12/100\n|move|p1b: Incineroar|Parting Shot|p2a: Talonflame\n|-unboost|p2a: Talonflame|atk|1\n|-unboost|p2a: Talonflame|spa|1\n|\n|t:|1776588547\n|switch|p1b: Scizor|Scizor, L50, F|100/100|[from] Parting Shot\n|\n|upkeep\n|turn|2\n|\n|t:|1776588578\n|switch|p2a: Gengar|Gengar, L50, F|100/100\n|detailschange|p1b: Scizor|Scizor-Mega, L50, F\n|-mega|p1b: Scizor|Scizor|Scizorite\n|move|p2b: Blastoise|Water Spout|p1a: Kommo-o|[spread] p1a,p1b\n|-resisted|p1a: Kommo-o|1\n|-damage|p1a: Kommo-o|61/100\n|-damage|p1b: Scizor|29/100\n|move|p1a: Kommo-o|Clanging Scales|p2a: Gengar|[spread] p2a,p2b\n|-damage|p2a: Gengar|32/100\n|-damage|p2b: Blastoise|62/100\n|-start|p1a: Kommo-o|Disable|Clanging Scales|[from] ability: Cursed Body|[of] p2a: Gengar\n|-unboost|p1a: Kommo-o|def|1\n|move|p1b: Scizor|Bug Bite|p2b: Blastoise\n|-damage|p2b: Blastoise|5/100\n|\n|upkeep\n|turn|3\n|inactive|Flakenz has 30 seconds left.\n|inactive|dfadDADAD has 30 seconds left.\n|\n|t:|1776588611\n|switch|p2b: Sinistcha|Sinistcha, L50|100/100\n|-heal|p2a: Gengar|57/100|[from] ability: Hospitality|[of] p2b: Sinistcha\n|move|p1b: Scizor|Bullet Punch|p2a: Gengar\n|-damage|p2a: Gengar|0 fnt\n|faint|p2a: Gengar\n|move|p1a: Kommo-o|Aura Sphere|p2b: Sinistcha\n|-immune|p2b: Sinistcha\n|\n|upkeep\n|\n|t:|1776588621\n|switch|p2a: Talonflame|Talonflame, L50, F, shiny|100/100\n|turn|4\n|\n|t:|1776588642\n|switch|p1a: Incineroar|Incineroar, L50, M|12/100\n|-ability|p1a: Incineroar|Intimidate|boost\n|-unboost|p2a: Talonflame|atk|1\n|-unboost|p2b: Sinistcha|atk|1\n|move|p2a: Talonflame|Acrobatics|p1b: Scizor\n|-damage|p1b: Scizor|8/100\n|move|p2b: Sinistcha|Matcha Gotcha|p1a: Incineroar|[spread] p1a,p1b\n|-resisted|p1a: Incineroar|1\n|-resisted|p1b: Scizor|2\n|-damage|p1a: Incineroar|3/100\n|-damage|p1b: Scizor|3/100\n|move|p1b: Scizor|Bug Bite|p2b: Sinistcha\n|-damage|p2b: Sinistcha|52/100\n|-enditem|p2b: Sinistcha|Sitrus Berry|[from] stealeat|[move] Bug Bite|[of] p1b: Scizor\n|-heal|p1b: Scizor|28/100|[from] item: Sitrus Berry\n|\n|-sideend|p2: Flakenz|move: Tailwind\n|upkeep\n|turn|5\n|inactive|Flakenz has 30 seconds left.\n|\n|t:|1776588669\n|move|p2a: Talonflame|Protect|p2a: Talonflame\n|-singleturn|p2a: Talonflame|Protect\n|move|p1a: Incineroar|Fake Out|p2a: Talonflame\n|-activate|p2a: Talonflame|move: Protect\n|move|p1b: Scizor|Bug Bite|p2b: Sinistcha\n|-damage|p2b: Sinistcha|4/100\n|move|p2b: Sinistcha|Matcha Gotcha|p1a: Incineroar|[spread] p1a,p1b\n|-resisted|p1a: Incineroar|1\n|-resisted|p1b: Scizor|2\n|-damage|p1a: Incineroar|0 fnt\n|-heal|p2b: Sinistcha|6/100|[from] drain|[of] p1a: Incineroar\n|-damage|p1b: Scizor|23/100\n|-heal|p2b: Sinistcha|9/100|[from] drain|[of] p1b: Scizor\n|faint|p1a: Incineroar\n|\n|upkeep\n|\n|t:|1776588679\n|switch|p1a: Ninetales|Ninetales-Alola, L50, M|100/100\n|-weather|Snowscape|[from] ability: Snow Warning|[of] p1a: Ninetales\n|turn|6\n|inactive|Flakenz has 30 seconds left.\n|\n|t:|1776588708\n|move|p1b: Scizor|Protect|p1b: Scizor\n|-singleturn|p1b: Scizor|Protect\n|move|p2a: Talonflame|Flare Blitz|p1a: Ninetales\n|-supereffective|p1a: Ninetales|1\n|-damage|p1a: Ninetales|36/100\n|-damage|p2a: Talonflame|80/100|[from] Recoil\n|move|p1a: Ninetales|Blizzard|p2a: Talonflame|[spread] p2a,p2b\n|-supereffective|p2b: Sinistcha|1\n|-damage|p2a: Talonflame|35/100\n|-damage|p2b: Sinistcha|0 fnt\n|faint|p2b: Sinistcha\n|\n|-weather|Snowscape|[upkeep]\n|upkeep\n|\n|t:|1776588720\n|switch|p2b: Blastoise|Blastoise-Mega, L50, M|5/100\n|turn|7\n|\n|t:|1776588727\n|move|p2b: Blastoise|Protect|p2b: Blastoise\n|-singleturn|p2b: Blastoise|Protect\n|move|p1b: Scizor|Bullet Punch|p2b: Blastoise\n|-activate|p2b: Blastoise|move: Protect\n|move|p2a: Talonflame|Flare Blitz|p1b: Scizor\n|-supereffective|p1b: Scizor|2\n|-damage|p1b: Scizor|0 fnt\n|faint|p1b: Scizor\n|-damage|p2a: Talonflame|26/100|[from] Recoil\n|move|p1a: Ninetales|Blizzard|p2b: Blastoise|[spread] p2a\n|-activate|p2b: Blastoise|move: Protect\n|-damage|p2a: Talonflame|0 fnt\n|faint|p2a: Talonflame\n|\n|-weather|Snowscape|[upkeep]\n|upkeep\n|\n|t:|1776588731\n|switch|p1b: Kommo-o|Kommo-o, L50, F, shiny|61/100\n|turn|8\n|j| paradoxguardiola\n|\n|t:|1776588745\n|move|p1a: Ninetales|Freeze-Dry|p2b: Blastoise\n|-supereffective|p2b: Blastoise|1\n|-damage|p2b: Blastoise|0 fnt\n|faint|p2b: Blastoise\n|\n|win|dfadDADAD\n|raw|dfadDADAD's rating: 1498 &rarr; <strong>1518</strong><br />(+20 for winning)\n|raw|Flakenz's rating: 1496 &rarr; <strong>1476</strong><br />(-20 for losing)\n|l|\u2606dfadDADAD\n|player|p1|\n",
  "uploadtime": 1776588746,
  "views": 28,
  "formatid": "gen9championsvgc2026regma",
  "rating": 1476,
  "private": 0,
  "password": null
}