{
  "id": "gen9championsvgc2026regma-2589560276",
  "format": "[Gen 9 Champions] VGC 2026 Reg M-A",
  "players": [
    "Steelcrest",
    "Whatupdog1"
  ],
  "log": "|j|\u2606Steelcrest\n|j|\u2606Whatupdog1\n|t:|1776734191\n|gametype|doubles\n|player|p1|Steelcrest|acetrainersnowf|1070\n|player|p2|Whatupdog1|2|1159\n|gen|9\n|tier|[Gen 9 Champions] VGC 2026 Reg M-A\n|rated|\n|rule|Species Clause: Limit one of each Pok\u00e9mon\n|rule|Item Clause: Limit 1 of each item\n|clearpoke\n|poke|p1|Charizard, L50, F, shiny|\n|poke|p1|Venusaur, L50, F|\n|poke|p1|Garchomp, L50, F|\n|poke|p1|Rotom-Wash, L50|\n|poke|p1|Sneasler, L50, F|\n|poke|p1|Clefable, L50, F|\n|poke|p2|Palafin, L50, F, shiny|\n|poke|p2|Basculegion, L50, M, shiny|\n|poke|p2|Archaludon, L50, F, shiny|\n|poke|p2|Pelipper, L50, F, shiny|\n|poke|p2|Delphox, L50, F, shiny|\n|poke|p2|Meganium, L50, F, shiny|\n|teampreview|4\nWhatupdog1 rejected open team sheets.\n|inactive|Battle timer is ON: inactive players will automatically lose when time's up. (requested by Whatupdog1)\n|\n|t:|1776734242\n|teamsize|p1|4\n|teamsize|p2|4\n|start\n|switch|p1a: Charizard|Charizard, L50, F, shiny|100/100\n|switch|p1b: Sneasler|Sneasler, L50, F|100/100\n|switch|p2a: Palafin|Palafin, L50, F, shiny|100/100\n|switch|p2b: Archaludon|Archaludon, L50, F, shiny|100/100\n|turn|1\n|\n|t:|1776734265\n|move|p1a: Charizard|Protect|p1a: Charizard\n|-singleturn|p1a: Charizard|Protect\n|move|p1b: Sneasler|Fake Out|p2a: Palafin\n|-damage|p2a: Palafin|83/100\n|cant|p2a: Palafin|flinch\n|move|p2b: Archaludon|Electro Shot||[still]\n|-prepare|p2b: Archaludon|Electro Shot\n|-boost|p2b: Archaludon|spa|1\n|\n|upkeep\n|turn|2\n|\n|t:|1776734280\n|switch|p1a: Venusaur|Venusaur, L50, F|100/100\n|move|p1b: Sneasler|Close Combat|p2b: Archaludon\n|-supereffective|p2b: Archaludon|1\n|-damage|p2b: Archaludon|0 fnt\n|-unboost|p1b: Sneasler|def|1\n|-unboost|p1b: Sneasler|spd|1\n|faint|p2b: Archaludon\n|-enditem|p1b: Sneasler|White Herb\n|-clearnegativeboost|p1b: Sneasler|[silent]\n|move|p2a: Palafin|Flip Turn|p1a: Venusaur\n|-resisted|p1a: Venusaur|1\n|-damage|p1a: Venusaur|83/100\n|\n|t:|1776734286\n|detailschange|p2a: Palafin|Palafin-Hero, L50, F, shiny\n|switch|p2a: Pelipper|Pelipper, L50, F, shiny|100/100|[from] Flip Turn\n|-weather|RainDance|[from] ability: Drizzle|[of] p2a: Pelipper\n|\n|-weather|RainDance|[upkeep]\n|upkeep\n|\n|t:|1776734290\n|switch|p2b: Palafin|Palafin-Hero, L50, F, shiny|83/100\n|-activate|p2b: Palafin|ability: Zero to Hero\n|turn|3\n|\n|t:|1776734311\n|switch|p1a: Rotom|Rotom-Wash, L50|100/100\n|move|p1b: Sneasler|Rock Slide|p2a: Pelipper|[spread] p2a,p2b\n|-supereffective|p2a: Pelipper|1\n|-damage|p2a: Pelipper|50/100\n|-damage|p2b: Palafin|61/100\n|move|p2b: Palafin|Ice Punch|p1a: Rotom\n|-resisted|p1a: Rotom|1\n|-damage|p1a: Rotom|88/100\n|move|p2a: Pelipper|Hurricane|p1b: Sneasler\n|-supereffective|p1b: Sneasler|1\n|-damage|p1b: Sneasler|0 fnt\n|faint|p1b: Sneasler\n|\n|-weather|RainDance|[upkeep]\n|-heal|p1a: Rotom|93/100|[from] item: Leftovers\n|upkeep\n|inactive|Steelcrest has 30 seconds left.\n|inactive|Steelcrest has 20 seconds left.\n|\n|t:|1776734350\n|switch|p1b: Charizard|Charizard, L50, F, shiny|100/100\n|turn|4\n|\n|t:|1776734369\n|detailschange|p1b: Charizard|Charizard-Mega-Y, L50, F, shiny\n|-mega|p1b: Charizard|Charizard|Charizardite Y\n|-weather|SunnyDay|[from] ability: Drought|[of] p1b: Charizard\n|move|p2b: Palafin|Jet Punch|p1b: Charizard\n|-supereffective|p1b: Charizard|1\n|-damage|p1b: Charizard|42/100\n|move|p1b: Charizard|Solar Beam||[still]\n|-prepare|p1b: Charizard|Solar Beam\n|-anim|p1b: Charizard|Solar Beam|p2a: Pelipper\n|-damage|p2a: Pelipper|0 fnt\n|faint|p2a: Pelipper\n|move|p1a: Rotom|Thunderbolt|p2b: Palafin\n|-supereffective|p2b: Palafin|1\n|-damage|p2b: Palafin|0 fnt\n|faint|p2b: Palafin\n|\n|-weather|SunnyDay|[upkeep]\n|-heal|p1a: Rotom|99/100|[from] item: Leftovers\n|upkeep\n|\n|t:|1776734379\n|switch|p2a: Delphox|Delphox, L50, F, shiny|100/100\n|turn|5\n|\n|t:|1776734400\n|detailschange|p2a: Delphox|Delphox-Mega, L50, F, shiny\n|-mega|p2a: Delphox|Delphox|Delphoxite\n|move|p2a: Delphox|Psychic|p1a: Rotom\n|-damage|p1a: Rotom|36/100\n|move|p1b: Charizard|Air Slash|p2a: Delphox\n|-damage|p2a: Delphox|52/100\n|move|p1a: Rotom|Thunderbolt|p2a: Delphox\n|-damage|p2a: Delphox|16/100\n|\n|-weather|SunnyDay|[upkeep]\n|-heal|p1a: Rotom|41/100|[from] item: Leftovers\n|upkeep\n|turn|6\n|\n|t:|1776734415\n|move|p2a: Delphox|Heat Wave|p1a: Rotom|[spread] p1a,p1b\n|-resisted|p1a: Rotom|1\n|-resisted|p1b: Charizard|1\n|-damage|p1a: Rotom|7/100\n|-damage|p1b: Charizard|10/100\n|move|p1b: Charizard|Air Slash|p2a: Delphox\n|-damage|p2a: Delphox|0 fnt\n|faint|p2a: Delphox\n|\n|win|Steelcrest\n|raw|Steelcrest's rating: 1070 &rarr; <strong>1107</strong><br />(+37 for winning)\n|raw|Whatupdog1's rating: 1159 &rarr; <strong>1128</strong><br />(-31 for losing)\n|l|\u2606Whatupdog1\n|player|p2|\n",
  "uploadtime": 1776734423,
  "views": 5,
  "formatid": "gen9championsvgc2026regma",
  "rating": 1107,
  "private": 0,
  "password": null
}