{
  "id": "gen9championsvgc2026regma-2589427788",
  "format": "[Gen 9 Champions] VGC 2026 Reg M-A",
  "players": [
    "Clodsire CULT",
    "FreeBob"
  ],
  "log": "|j|\u2606Clodsire CULT\n|j|\u2606FreeBob\n|t:|1776722083\n|gametype|doubles\n|player|p1|Clodsire CULT|2|\n|player|p2|FreeBob|hiker-gen4|\n|gen|9\n|tier|[Gen 9 Champions] VGC 2026 Reg M-A\n|rule|Species Clause: Limit one of each Pok\u00e9mon\n|rule|Item Clause: Limit 1 of each item\n|clearpoke\n|poke|p1|Primarina, L50, M|\n|poke|p1|Garchomp, L50, M|\n|poke|p1|Tyranitar, L50, F|\n|poke|p1|Aegislash, L50, M|\n|poke|p1|Maushold-Four, L50|\n|poke|p1|Appletun, L50, M|\n|poke|p2|Tyranitar, L50, M|\n|poke|p2|Excadrill, L50, M|\n|poke|p2|Garchomp, L50, M|\n|poke|p2|Primarina, L50, M|\n|poke|p2|Aerodactyl, L50, M|\n|poke|p2|Gengar, L50, M|\n|teampreview|4\n|inactive|Battle timer is ON: inactive players will automatically lose when time's up. (requested by FreeBob)\n|inactive|Clodsire CULT has 60 seconds left.\n|\n|t:|1776722139\n|teamsize|p1|4\n|teamsize|p2|4\n|start\n|switch|p1a: Maushold|Maushold-Four, L50|100/100\n|switch|p1b: Aegislash|Aegislash, L50, M|100/100\n|switch|p2a: Gengar|Gengar, L50, M|100/100\n|switch|p2b: Tyranitar|Tyranitar, L50, M|100/100\n|-weather|Sandstorm|[from] ability: Sand Stream|[of] p2b: Tyranitar\n|turn|1\n|\n|t:|1776722154\n|move|p1b: Aegislash|King's Shield|p1b: Aegislash\n|-singleturn|p1b: Aegislash|Protect\n|move|p1a: Maushold|Tidy Up|p1a: Maushold\n|-boost|p1a: Maushold|atk|1\n|-boost|p1a: Maushold|spe|1\n|move|p2a: Gengar|Shadow Ball|p1b: Aegislash\n|-activate|p1b: Aegislash|move: Protect\n|move|p2b: Tyranitar|Knock Off|p1a: Maushold\n|-damage|p1a: Maushold|23/100\n|-enditem|p1a: Maushold|Focus Sash|[from] move: Knock Off|[of] p2b: Tyranitar\n|\n|-weather|Sandstorm|[upkeep]\n|-damage|p1a: Maushold|17/100|[from] Sandstorm\n|-damage|p2a: Gengar|95/100|[from] Sandstorm\n|upkeep\n|turn|2\n|\n|t:|1776722179\n|switch|p2b: Garchomp|Garchomp, L50, M|100/100\n|move|p1a: Maushold|After You|p2a: Gengar\n|-activate|p2a: Gengar|move: After You\n|move|p2a: Gengar|Shadow Ball|p1b: Aegislash\n|-supereffective|p1b: Aegislash|1\n|-damage|p1b: Aegislash|17/100\n|-enditem|p1b: Aegislash|Sitrus Berry|[eat]\n|-heal|p1b: Aegislash|41/100|[from] item: Sitrus Berry\n|-formechange|p1b: Aegislash|Aegislash-Blade|\n|move|p1b: Aegislash|Shadow Ball|p2a: Gengar\n|-supereffective|p2a: Gengar|1\n|-damage|p2a: Gengar|0 fnt\n|faint|p2a: Gengar\n|\n|-weather|Sandstorm|[upkeep]\n|-damage|p1a: Maushold|10/100|[from] Sandstorm\n|upkeep\n|\n|t:|1776722194\n|switch|p2a: Tyranitar|Tyranitar, L50, M|100/100\n|turn|3\n|\n|t:|1776722210\n|move|p1b: Aegislash|Wide Guard|p1b: Aegislash\n|-singleturn|p1b: Aegislash|Wide Guard\n|move|p1a: Maushold|Baton Pass|p1a: Maushold\n|\n|t:|1776722214\n|switch|p1a: Tyranitar|Tyranitar, L50, F|100/100|[from] Baton Pass\n|move|p2b: Garchomp|Substitute|p2b: Garchomp\n|-start|p2b: Garchomp|Substitute\n|-damage|p2b: Garchomp|76/100\n|move|p2a: Tyranitar|Rock Slide|p1a: Tyranitar|[spread] \n|-activate|p1a: Tyranitar|move: Wide Guard\n|-activate|p1b: Aegislash|move: Wide Guard\n|\n|-weather|Sandstorm|[upkeep]\n|upkeep\n|turn|4\n|inactive|Clodsire CULT has 30 seconds left.\n|inactive|FreeBob has 30 seconds left.\n|\n|t:|1776722247\n|detailschange|p2a: Tyranitar|Tyranitar-Mega, L50, M\n|-mega|p2a: Tyranitar|Tyranitar|Tyranitarite\n|move|p2b: Garchomp|Scale Shot|p1a: Tyranitar\n|-damage|p1a: Tyranitar|92/100\n|-damage|p1a: Tyranitar|83/100\n|-hitcount|p1a: Tyranitar|2\n|-unboost|p2b: Garchomp|def|1\n|-boost|p2b: Garchomp|spe|1\n|move|p1a: Tyranitar|Knock Off|p2b: Garchomp|[miss]\n|-miss|p1a: Tyranitar|p2b: Garchomp\n|move|p2a: Tyranitar|Knock Off|p1a: Tyranitar\n|-resisted|p1a: Tyranitar|1\n|-damage|p1a: Tyranitar|61/100\n|-enditem|p1a: Tyranitar|Chople Berry|[from] move: Knock Off|[of] p2a: Tyranitar\n|move|p1b: Aegislash|Shadow Ball|p2b: Garchomp|[miss]\n|-miss|p1b: Aegislash|p2b: Garchomp\n|\n|-weather|Sandstorm|[upkeep]\n|upkeep\n|turn|5\n|inactive|Clodsire CULT has 30 seconds left.\n|inactive|FreeBob has 30 seconds left.\n|\n|t:|1776722277\n|move|p2a: Tyranitar|Protect|p2a: Tyranitar\n|-singleturn|p2a: Tyranitar|Protect\n|move|p1b: Aegislash|Wide Guard|p1b: Aegislash\n|-singleturn|p1b: Aegislash|Wide Guard\n|move|p2b: Garchomp|Earthquake|p1a: Tyranitar|[spread] \n|-activate|p1a: Tyranitar|move: Wide Guard\n|-activate|p1b: Aegislash|move: Wide Guard\n|-activate|p2a: Tyranitar|move: Protect\n|move|p1a: Tyranitar|Rock Slide|p2a: Tyranitar|[spread] p2b\n|-activate|p2a: Tyranitar|move: Protect\n|-resisted|p2b: Garchomp|1\n|-end|p2b: Garchomp|Substitute\n|\n|-weather|none\n|upkeep\n|turn|6\n|\n|t:|1776722298\n|-formechange|p1b: Aegislash|Aegislash|\n|move|p1b: Aegislash|King's Shield|p1b: Aegislash\n|-singleturn|p1b: Aegislash|Protect\n|move|p2b: Garchomp|Earthquake|p1a: Tyranitar|[spread] p2a,p1a\n|-activate|p1b: Aegislash|move: Protect\n|-supereffective|p2a: Tyranitar|1\n|-supereffective|p1a: Tyranitar|1\n|-damage|p2a: Tyranitar|56/100\n|-damage|p1a: Tyranitar|15/100\n|move|p1a: Tyranitar|Knock Off|p2b: Garchomp\n|-damage|p2b: Garchomp|0 fnt\n|-enditem|p2b: Garchomp|Bright Powder|[from] move: Knock Off|[of] p1a: Tyranitar\n|faint|p2b: Garchomp\n|move|p2a: Tyranitar|Knock Off|p1b: Aegislash\n|-activate|p1b: Aegislash|move: Protect\n|-unboost|p2a: Tyranitar|atk|1\n|\n|upkeep\n|\n|t:|1776722309\n|switch|p2b: Excadrill|Excadrill, L50, M|100/100\n|turn|7\n|inactive|Clodsire CULT has 30 seconds left.\n|inactive|Clodsire CULT has 20 seconds left.\n|inactive|Clodsire CULT has 15 seconds left.\n|inactive|Clodsire CULT has 10 seconds left.\n|\n|t:|1776722354\n|move|p1b: Aegislash|Wide Guard|p1b: Aegislash\n|-singleturn|p1b: Aegislash|Wide Guard\n|move|p2b: Excadrill|Iron Head|p1a: Tyranitar\n|-supereffective|p1a: Tyranitar|1\n|-damage|p1a: Tyranitar|0 fnt\n|faint|p1a: Tyranitar\n|move|p2a: Tyranitar|Knock Off|p1b: Aegislash\n|-supereffective|p1b: Aegislash|1\n|-damage|p1b: Aegislash|4/100\n|\n|upkeep\n|\n|t:|1776722363\n|switch|p1a: Maushold|Maushold-Four, L50|10/100\n|turn|8\n|\n|t:|1776722385\n|move|p1a: Maushold|Population Bomb|p2b: Excadrill\n|-resisted|p2b: Excadrill|1\n|-damage|p2b: Excadrill|94/100\n|-resisted|p2b: Excadrill|1\n|-damage|p2b: Excadrill|88/100\n|-resisted|p2b: Excadrill|1\n|-damage|p2b: Excadrill|82/100\n|-resisted|p2b: Excadrill|1\n|-damage|p2b: Excadrill|75/100\n|-resisted|p2b: Excadrill|1\n|-damage|p2b: Excadrill|69/100\n|-resisted|p2b: Excadrill|1\n|-damage|p2b: Excadrill|63/100\n|-resisted|p2b: Excadrill|1\n|-damage|p2b: Excadrill|56/100\n|-resisted|p2b: Excadrill|1\n|-damage|p2b: Excadrill|50/100\n|-resisted|p2b: Excadrill|1\n|-damage|p2b: Excadrill|44/100\n|-resisted|p2b: Excadrill|1\n|-damage|p2b: Excadrill|38/100\n|-hitcount|p2b: Excadrill|10\n|move|p2b: Excadrill|Iron Head|p1a: Maushold\n|-damage|p1a: Maushold|0 fnt\n|faint|p1a: Maushold\n|move|p2a: Tyranitar|Rock Slide|p1b: Aegislash\n|-resisted|p1b: Aegislash|1\n|-damage|p1b: Aegislash|0 fnt\n|faint|p1b: Aegislash\n|\n|upkeep\n|\n|t:|1776722398\n|switch|p1b: Appletun|Appletun, L50, M|100/100\n|turn|9\n|\n|t:|1776722404\n|move|p2b: Excadrill|Iron Head|p1b: Appletun\n|-damage|p1b: Appletun|56/100\n|move|p2a: Tyranitar|Knock Off|p1b: Appletun\n|-damage|p1b: Appletun|15/100\n|-enditem|p1b: Appletun|Yache Berry|[from] move: Knock Off|[of] p2a: Tyranitar\n|cant|p1b: Appletun|flinch\n|\n|upkeep\n|turn|10\n|\n|t:|1776722412\n|move|p2b: Excadrill|Earthquake|p1b: Appletun|[spread] p2a,p1b\n|-supereffective|p2a: Tyranitar|1\n|-resisted|p1b: Appletun|1\n|-damage|p2a: Tyranitar|3/100\n|-damage|p1b: Appletun|0 fnt\n|faint|p1b: Appletun\n|\n|win|FreeBob\n|l|\u2606Clodsire CULT\n|player|p1|\n",
  "uploadtime": 1776722419,
  "views": 3,
  "formatid": "gen9championsvgc2026regma",
  "rating": null,
  "private": 0,
  "password": null
}