{
  "id": "gen9championsvgc2026regma-2580404716",
  "format": "[Gen 9 Champions] VGC 2026 Reg M-A",
  "players": [
    "Mega Blaziken fan",
    "Isackj07"
  ],
  "log": "|j|\u2606Mega Blaziken fan\n|j|\u2606Isackj07\n|t:|1775891436\n|gametype|doubles\n|player|p1|Mega Blaziken fan|lucas|1060\n|player|p2|Isackj07|clair|1031\n|gen|9\n|tier|[Gen 9 Champions] VGC 2026 Reg M-A\n|rated|\n|rule|Species Clause: Limit one of each Pok\u00e9mon\n|rule|Item Clause: Limit 1 of each item\n|clearpoke\n|poke|p1|Typhlosion-Hisui, L50, M|\n|poke|p1|Charizard, L50, M|\n|poke|p1|Venusaur, L50, F|\n|poke|p1|Garchomp, L50, F|\n|poke|p1|Rotom-Heat, L50|\n|poke|p1|Sneasler, L50, F|\n|poke|p2|Dragonite, L50, F|\n|poke|p2|Basculegion, L50, M|\n|poke|p2|Pelipper, L50, M|\n|poke|p2|Talonflame, L50, M|\n|poke|p2|Sneasler, L50, M|\n|poke|p2|Archaludon, L50, F|\n|teampreview|4\nIsackj07 rejected open team sheets.\n|inactive|Battle timer is ON: inactive players will automatically lose when time's up. (requested by Mega Blaziken fan)\n|\n|t:|1775891507\n|teamsize|p1|4\n|teamsize|p2|4\n|start\n|switch|p1a: Rotom|Rotom-Heat, L50|100/100\n|switch|p1b: Sneasler|Sneasler, L50, F|100/100\n|switch|p2a: Talonflame|Talonflame, L50, M|100/100\n|switch|p2b: Sneasler|Sneasler, L50, M|100/100\n|turn|1\n|inactive|Isackj07 has 30 seconds left.\n|\n|t:|1775891535\n|move|p2b: Sneasler|Fake Out|p1b: Sneasler\n|-damage|p1b: Sneasler|76/100\n|cant|p1b: Sneasler|flinch\n|move|p2a: Talonflame|Tailwind|p2a: Talonflame\n|-sidestart|p2: Isackj07|move: Tailwind\n|move|p1a: Rotom|Volt Switch|p2a: Talonflame\n|-supereffective|p2a: Talonflame|1\n|-damage|p2a: Talonflame|0 fnt\n|faint|p2a: Talonflame\n|\n|t:|1775891553\n|switch|p1a: Charizard|Charizard, L50, M|100/100|[from] Volt Switch\n|\n|upkeep\n|\n|t:|1775891572\n|switch|p2a: Pelipper|Pelipper, L50, M|100/100\n|-weather|RainDance|[from] ability: Drizzle|[of] p2a: Pelipper\n|turn|2\n|\n|t:|1775891583\n|move|p1b: Sneasler|Protect|p1b: Sneasler\n|-singleturn|p1b: Sneasler|Protect\n|move|p1a: Charizard|Protect|p1a: Charizard\n|-singleturn|p1a: Charizard|Protect\n|move|p2b: Sneasler|Dire Claw|p1b: Sneasler\n|-activate|p1b: Sneasler|move: Protect\n|move|p2a: Pelipper|Hydro Pump|p1a: Charizard\n|-activate|p1a: Charizard|move: Protect\n|\n|-weather|RainDance|[upkeep]\n|upkeep\n|turn|3\n|inactive|Isackj07 has 30 seconds left.\n|\n|t:|1775891613\n|detailschange|p1a: Charizard|Charizard-Mega-Y, L50, M\n|-mega|p1a: Charizard|Charizard|Charizardite Y\n|-weather|SunnyDay|[from] ability: Drought|[of] p1a: Charizard\n|move|p2b: Sneasler|Dire Claw|p1b: Sneasler\n|-resisted|p1b: Sneasler|1\n|-damage|p1b: Sneasler|39/100\n|-status|p1b: Sneasler|slp\n|move|p2a: Pelipper|Hydro Pump|p1a: Charizard\n|-supereffective|p1a: Charizard|1\n|-damage|p1a: Charizard|46/100\n|cant|p1b: Sneasler|slp\n|move|p1a: Charizard|Air Slash|p2b: Sneasler\n|-supereffective|p2b: Sneasler|1\n|-damage|p2b: Sneasler|0 fnt\n|faint|p2b: Sneasler\n|\n|-weather|SunnyDay|[upkeep]\n|upkeep\n|c|\u2606Mega Blaziken fan|Bruh\n|inactive|Isackj07 has 30 seconds left.\n|\n|t:|1775891643\n|switch|p2b: Dragonite|Dragonite, L50, F|100/100\n|turn|4\n|inactive|Isackj07 has 30 seconds left.\n|inactive|Isackj07 has 20 seconds left.\n|\n|t:|1775891679\n|detailschange|p2b: Dragonite|Dragonite-Mega, L50, F\n|-mega|p2b: Dragonite|Dragonite|Dragoninite\n|cant|p1b: Sneasler|slp\n|move|p1a: Charizard|Protect|p1a: Charizard\n|-singleturn|p1a: Charizard|Protect\n|move|p2b: Dragonite|Draco Meteor|p1a: Charizard\n|-activate|p1a: Charizard|move: Protect\n|move|p2a: Pelipper|Tailwind||[still]\n|-fail|p2a: Pelipper\n|\n|-weather|SunnyDay|[upkeep]\n|-sideend|p2: Isackj07|move: Tailwind\n|upkeep\n|turn|5\n|\n|t:|1775891701\n|-curestatus|p1b: Sneasler|slp|[msg]\n|move|p1b: Sneasler|Dire Claw|p2b: Dragonite\n|-damage|p2b: Dragonite|79/100\n|-status|p2b: Dragonite|slp\n|move|p1a: Charizard|Heat Wave|p2a: Pelipper|[spread] p2a,p2b\n|-resisted|p2a: Pelipper|1\n|-resisted|p2b: Dragonite|1\n|-damage|p2a: Pelipper|46/100\n|-damage|p2b: Dragonite|50/100 slp\n|cant|p2b: Dragonite|slp\n|move|p2a: Pelipper|Hydro Pump|p1a: Charizard\n|-supereffective|p1a: Charizard|1\n|-crit|p1a: Charizard\n|-damage|p1a: Charizard|0 fnt\n|faint|p1a: Charizard\n|\n|-weather|SunnyDay|[upkeep]\n|upkeep\n|\n|t:|1775891715\n|switch|p1a: Rotom|Rotom-Heat, L50|100/100\n|turn|6\n|inactive|Isackj07 has 30 seconds left.\n|\n|t:|1775891748\n|cant|p2b: Dragonite|slp\n|move|p1b: Sneasler|Dire Claw|p2b: Dragonite\n|-damage|p2b: Dragonite|5/100 slp\n|move|p1a: Rotom|Volt Switch|p2a: Pelipper\n|-supereffective|p2a: Pelipper|2\n|-damage|p2a: Pelipper|0 fnt\n|faint|p2a: Pelipper\n|\n|t:|1775891755\n|switch|p1a: Typhlosion|Typhlosion-Hisui, L50, M|100/100|[from] Volt Switch\n|\n|-weather|SunnyDay|[upkeep]\n|upkeep\n|turn|7\n|-message|Isackj07 forfeited.\n|\n|win|Mega Blaziken fan\n|raw|Mega Blaziken fan's rating: 1060 &rarr; <strong>1088</strong><br />(+28 for winning)\n|raw|Isackj07's rating: 1031 &rarr; <strong>1018</strong><br />(-13 for losing)\n|l|\u2606Isackj07\n|player|p2|\n",
  "uploadtime": 1775891772,
  "views": 23,
  "formatid": "gen9championsvgc2026regma",
  "rating": 1018,
  "private": 0,
  "password": null
}