{
  "id": "gen9championsvgc2026regma-2585371238",
  "format": "[Gen 9 Champions] VGC 2026 Reg M-A",
  "players": [
    "MvillMpersonality",
    "Zenipoopoo"
  ],
  "log": "|j|\u2606MvillMpersonality\n|j|\u2606Zenipoopoo\n|t:|1776342177\n|gametype|doubles\n|player|p1|MvillMpersonality|pokemaniac|1151\n|player|p2|Zenipoopoo|1|1090\n|gen|9\n|tier|[Gen 9 Champions] VGC 2026 Reg M-A\n|rated|\n|rule|Species Clause: Limit one of each Pok\u00e9mon\n|rule|Item Clause: Limit 1 of each item\n|clearpoke\n|poke|p1|Scovillain, L50, M|\n|poke|p1|Sinistcha, L50|\n|poke|p1|Hatterene, L50, F|\n|poke|p1|Kingambit, L50, F|\n|poke|p1|Rhyperior, L50, F|\n|poke|p1|Tyranitar, L50, F|\n|poke|p2|Pelipper, L50, F|\n|poke|p2|Banette, L50, M|\n|poke|p2|Archaludon, L50, M|\n|poke|p2|Heliolisk, L50, M|\n|poke|p2|Heracross, L50, M|\n|poke|p2|Medicham, L50, M|\n|teampreview|4\n|\n|t:|1776342251\n|teamsize|p1|4\n|teamsize|p2|4\n|start\n|switch|p1a: Scovillain|Scovillain, L50, M|100/100\n|switch|p1b: Sinistcha|Sinistcha, L50|100/100\n|switch|p2a: Banette|Banette, L50, M|100/100\n|switch|p2b: Medicham|Medicham, L50, M|100/100\n|-item|p1a: Scovillain|Scovillainite|[from] ability: Frisk|[of] p2a: Banette\n|-item|p1b: Sinistcha|Focus Sash|[from] ability: Frisk|[of] p2a: Banette\n|turn|1\n|\n|t:|1776342300\n|detailschange|p2a: Banette|Banette-Mega, L50, M\n|-mega|p2a: Banette|Banette|Banettite\n|detailschange|p1a: Scovillain|Scovillain-Mega, L50, M\n|-mega|p1a: Scovillain|Scovillain|Scovillainite\n|move|p2b: Medicham|Fake Out|p1a: Scovillain\n|-damage|p1a: Scovillain|82/100\n|-status|p2b: Medicham|brn|[from] ability: Spicy Spray|[of] p1a: Scovillain\n|move|p2a: Banette|Skill Swap|p2b: Medicham\n|-activate|p2a: Banette|Skill Swap|||[of] p2b: Medicham\n|cant|p1a: Scovillain|flinch\n|move|p1b: Sinistcha|Nasty Plot|p1b: Sinistcha\n|-boost|p1b: Sinistcha|spa|2\n|\n|-damage|p2b: Medicham|95/100 brn|[from] brn\n|upkeep\n|turn|2\n|c|\u2606MvillMpersonality|Prankster medicham huh\n|c|\u2606MvillMpersonality|Or huge power banette. either is saucy\n|\n|t:|1776342347\n|move|p1a: Scovillain|Rage Powder|p1a: Scovillain\n|-singleturn|p1a: Scovillain|move: Rage Powder\n|move|p2a: Banette|Sucker Punch||[still]\n|-fail|p2a: Banette\n|move|p2b: Medicham|Zen Headbutt|p1a: Scovillain\n|-damage|p1a: Scovillain|67/100\n|move|p1b: Sinistcha|Trick Room|p1b: Sinistcha\n|-fieldstart|move: Trick Room|[of] p1b: Sinistcha\n|\n|-damage|p2b: Medicham|89/100 brn|[from] brn\n|upkeep\n|turn|3\n|\n|t:|1776342382\n|switch|p2b: Pelipper|Pelipper, L50, F|100/100\n|-weather|RainDance|[from] ability: Drizzle|[of] p2b: Pelipper\n|move|p2a: Banette|Protect|p2a: Banette\n|-singleturn|p2a: Banette|Protect\n|move|p1a: Scovillain|Rage Powder|p1a: Scovillain\n|-singleturn|p1a: Scovillain|move: Rage Powder\n|move|p1b: Sinistcha|Matcha Gotcha|p2a: Banette|[spread] p2b\n|-activate|p2a: Banette|move: Protect\n|-damage|p2b: Pelipper|5/100\n|\n|-weather|RainDance|[upkeep]\n|upkeep\n|turn|4\n|\n|t:|1776342466\n|move|p1a: Scovillain|Rage Powder|p1a: Scovillain\n|-singleturn|p1a: Scovillain|move: Rage Powder\n|move|p1b: Sinistcha|Matcha Gotcha|p2a: Banette|[spread] p2a,p2b\n|-damage|p2a: Banette|18/100\n|-damage|p2b: Pelipper|0 fnt\n|faint|p2b: Pelipper\n|move|p2a: Banette|Poltergeist|p1a: Scovillain\n|-activate|p1a: Scovillain|move: Poltergeist|Scovillainite\n|-damage|p1a: Scovillain|0 fnt\n|-status|p2a: Banette|brn|[from] ability: Spicy Spray|[of] p1a: Scovillain\n|faint|p1a: Scovillain\n|\n|-weather|RainDance|[upkeep]\n|-damage|p2a: Banette|12/100 brn|[from] brn\n|upkeep\n|\n|t:|1776342489\n|switch|p1a: Tyranitar|Tyranitar, L50, F|100/100\n|switch|p2b: Medicham|Medicham, L50, M|89/100 brn\n|-weather|Sandstorm|[from] ability: Sand Stream|[of] p1a: Tyranitar\n|turn|5\n|\n|t:|1776342510\n|move|p2b: Medicham|Fake Out|p1a: Tyranitar\n|-resisted|p1a: Tyranitar|1\n|-damage|p1a: Tyranitar|97/100\n|move|p2a: Banette|Sucker Punch|p1b: Sinistcha\n|-supereffective|p1b: Sinistcha|1\n|-damage|p1b: Sinistcha|42/100\n|cant|p1a: Tyranitar|flinch\n|move|p1b: Sinistcha|Matcha Gotcha|p2a: Banette|[spread] p2a,p2b\n|-damage|p2a: Banette|0 fnt\n|-heal|p1b: Sinistcha|47/100|[from] drain|[of] p2a: Banette\n|-damage|p2b: Medicham|7/100 brn\n|-heal|p1b: Sinistcha|85/100|[from] drain|[of] p2b: Medicham\n|faint|p2a: Banette\n|\n|-weather|Sandstorm|[upkeep]\n|-damage|p1b: Sinistcha|79/100|[from] Sandstorm\n|-damage|p2b: Medicham|1/100 brn|[from] Sandstorm\n|-damage|p2b: Medicham|0 fnt|[from] brn\n|faint|p2b: Medicham\n|upkeep\n|\n|t:|1776342534\n|switch|p2b: Archaludon|Archaludon, L50, M|100/100\n|turn|6\n|\n|t:|1776342549\n|move|p2b: Archaludon|Protect|p2b: Archaludon\n|-singleturn|p2b: Archaludon|Protect\n|move|p1a: Tyranitar|Brick Break|p2b: Archaludon\n|-activate|p2b: Archaludon|move: Protect\n|move|p1b: Sinistcha|Matcha Gotcha|p2b: Archaludon\n|-activate|p2b: Archaludon|move: Protect\n|\n|-weather|Sandstorm|[upkeep]\n|-damage|p1b: Sinistcha|72/100|[from] Sandstorm\n|-fieldend|move: Trick Room\n|upkeep\n|turn|7\n|\n|t:|1776342567\n|switch|p1b: Rhyperior|Rhyperior, L50, F|100/100\n|move|p2b: Archaludon|Flash Cannon|p1a: Tyranitar\n|-supereffective|p1a: Tyranitar|1\n|-damage|p1a: Tyranitar|54/100\n|move|p1a: Tyranitar|Brick Break|p2b: Archaludon\n|-supereffective|p2b: Archaludon|1\n|-damage|p2b: Archaludon|45/100\n|\n|-weather|Sandstorm|[upkeep]\n|upkeep\n|turn|8\n|\n|t:|1776342583\n|switch|p1b: Sinistcha|Sinistcha, L50|72/100\n|-heal|p1a: Tyranitar|78/100|[from] ability: Hospitality|[of] p1b: Sinistcha\n|move|p2b: Archaludon|Draco Meteor|p1a: Tyranitar\n|-crit|p1a: Tyranitar\n|-damage|p1a: Tyranitar|21/100\n|-unboost|p2b: Archaludon|spa|2\n|move|p1a: Tyranitar|Brick Break|p2b: Archaludon\n|-supereffective|p2b: Archaludon|1\n|-damage|p2b: Archaludon|0 fnt\n|faint|p2b: Archaludon\n|\n|win|MvillMpersonality\n|raw|MvillMpersonality's rating: 1151 &rarr; <strong>1172</strong><br />(+21 for winning)\n|raw|Zenipoopoo's rating: 1090 &rarr; <strong>1071</strong><br />(-19 for losing)\n|c|\u2606Zenipoopoo|gg\n|l|\u2606Zenipoopoo\n|player|p2|\n",
  "uploadtime": 1776342665,
  "views": 21,
  "formatid": "gen9championsvgc2026regma",
  "rating": 1071,
  "private": 0,
  "password": null
}