{
  "id": "gen9championsvgc2026regma-2583813290",
  "format": "[Gen 9 Champions] VGC 2026 Reg M-A",
  "players": [
    "RelaxedRoselia",
    "ZeroPops"
  ],
  "log": "|j|\u2606RelaxedRoselia\n|j|\u2606ZeroPops\n|t:|1776199680\n|gametype|doubles\n|player|p1|RelaxedRoselia|steven|1201\n|player|p2|ZeroPops|266|1276\n|gen|9\n|tier|[Gen 9 Champions] VGC 2026 Reg M-A\n|rated|\n|rule|Species Clause: Limit one of each Pok\u00e9mon\n|rule|Item Clause: Limit 1 of each item\n|clearpoke\n|poke|p1|Crabominable, L50, F|\n|poke|p1|Sinistcha, L50|\n|poke|p1|Farigiraf, L50, M|\n|poke|p1|Kingambit, L50, M|\n|poke|p1|Sneasler, L50, M|\n|poke|p1|Drampa, L50, M|\n|poke|p2|Floette-Eternal, L50, F|\n|poke|p2|Aerodactyl, L50, F|\n|poke|p2|Sneasler, L50, M|\n|poke|p2|Incineroar, L50, F|\n|poke|p2|Kingambit, L50, M|\n|poke|p2|Basculegion, L50, M|\n|teampreview|4\n|j| kapouht\n|n|\u2606RelaxedRoselia|relaxedroselia\n|l| kapouht\n|inactive|Battle timer is ON: inactive players will automatically lose when time's up. (requested by RelaxedRoselia)\n|\n|t:|1776199705\n|teamsize|p1|4\n|teamsize|p2|4\n|start\n|switch|p1a: Sneasler|Sneasler, L50, M|100/100\n|switch|p1b: Farigiraf|Farigiraf, L50, M|100/100\n|switch|p2a: Kingambit|Kingambit, L50, M|100/100\n|switch|p2b: Aerodactyl|Aerodactyl, L50, F|100/100\n|-ability|p2b: Aerodactyl|Unnerve\n|turn|1\n|\n|t:|1776199721\n|move|p1a: Sneasler|Fake Out|p2b: Aerodactyl\n|-resisted|p2b: Aerodactyl|1\n|-damage|p2b: Aerodactyl|89/100\n|-status|p2b: Aerodactyl|psn|[from] ability: Poison Touch|[of] p1a: Sneasler\n|cant|p2b: Aerodactyl|flinch\n|move|p2a: Kingambit|Kowtow Cleave|p1b: Farigiraf\n|-supereffective|p1b: Farigiraf|1\n|-damage|p1b: Farigiraf|5/100\n|move|p1b: Farigiraf|Trick Room|p1b: Farigiraf\n|-fieldstart|move: Trick Room|[of] p1b: Farigiraf\n|\n|-damage|p2b: Aerodactyl|77/100 psn|[from] psn\n|upkeep\n|turn|2\n|\n|t:|1776199743\n|move|p2a: Kingambit|Protect|p2a: Kingambit\n|-singleturn|p2a: Kingambit|Protect\n|move|p1b: Farigiraf|Hyper Voice|p2a: Kingambit|[spread] p2b\n|-activate|p2a: Kingambit|move: Protect\n|-resisted|p2b: Aerodactyl|1\n|-damage|p2b: Aerodactyl|59/100 psn\n|move|p1a: Sneasler|Close Combat|p2a: Kingambit\n|-activate|p2a: Kingambit|move: Protect\n|move|p2b: Aerodactyl|Dual Wingbeat|p1a: Sneasler\n|-supereffective|p1a: Sneasler|1\n|-damage|p1a: Sneasler|37/100\n|-supereffective|p1a: Sneasler|1\n|-crit|p1a: Sneasler\n|-damage|p1a: Sneasler|0 fnt\n|faint|p1a: Sneasler\n|-hitcount|p1: Sneasler|2\n|\n|-damage|p2b: Aerodactyl|47/100 psn|[from] psn\n|upkeep\n|\n|t:|1776199763\n|switch|p1a: Crabominable|Crabominable, L50, F|100/100\n|turn|3\n|\n|t:|1776199778\n|switch|p2a: Basculegion|Basculegion, L50, M|100/100\n|detailschange|p1a: Crabominable|Crabominable-Mega, L50, F\n|-mega|p1a: Crabominable|Crabominable|Crabominite\n|move|p1a: Crabominable|Mach Punch|p2a: Basculegion\n|-immune|p2a: Basculegion\n|move|p1b: Farigiraf|Psychic|p2b: Aerodactyl\n|-damage|p2b: Aerodactyl|0 fnt\n|faint|p2b: Aerodactyl\n|\n|upkeep\n|\n|t:|1776199788\n|switch|p2b: Floette|Floette-Eternal, L50, F|100/100\n|turn|4\n|\n|t:|1776199800\n|detailschange|p2b: Floette|Floette-Mega, L50, F\n|-mega|p2b: Floette|Floette|Floettite\n|-ability|p2b: Floette|Fairy Aura\n|move|p1b: Farigiraf|Helping Hand|p1a: Crabominable\n|-singleturn|p1a: Crabominable|Helping Hand|[of] p1b: Farigiraf\n|move|p1a: Crabominable|Ice Hammer|p2b: Floette\n|-damage|p2b: Floette|0 fnt\n|-unboost|p1a: Crabominable|spe|1\n|faint|p2b: Floette\n|move|p2a: Basculegion|Flip Turn|p1b: Farigiraf\n|-damage|p1b: Farigiraf|0 fnt\n|faint|p1b: Farigiraf\n|\n|t:|1776199808\n|switch|p2a: Kingambit|Kingambit, L50, M|100/100|[from] Flip Turn\n|\n|upkeep\n|\n|t:|1776199817\n|switch|p1b: Kingambit|Kingambit, L50, M|100/100\n|switch|p2b: Basculegion|Basculegion, L50, M|100/100\n|turn|5\n|inactive|ZeroPops has 30 seconds left.\n|\n|t:|1776199848\n|move|p2a: Kingambit|Protect|p2a: Kingambit\n|-singleturn|p2a: Kingambit|Protect\n|move|p1b: Kingambit|Sucker Punch|p2b: Basculegion\n|-supereffective|p2b: Basculegion|1\n|-damage|p2b: Basculegion|0 fnt\n|faint|p2b: Basculegion\n|move|p1a: Crabominable|Drain Punch|p2a: Kingambit\n|-activate|p2a: Kingambit|move: Protect\n|\n|-fieldend|move: Trick Room\n|upkeep\n|turn|6\n|\n|t:|1776199861\n|move|p1b: Kingambit|Sucker Punch|p2a: Kingambit\n|-resisted|p2a: Kingambit|1\n|-damage|p2a: Kingambit|81/100\n|move|p1a: Crabominable|Mach Punch|p2a: Kingambit\n|-supereffective|p2a: Kingambit|2\n|-damage|p2a: Kingambit|0 fnt\n|faint|p2a: Kingambit\n|\n|win|RelaxedRoselia\n|raw|RelaxedRoselia's rating: 1201 &rarr; <strong>1231</strong><br />(+30 for winning)\n|raw|ZeroPops's rating: 1276 &rarr; <strong>1246</strong><br />(-30 for losing)\n",
  "uploadtime": 1776199866,
  "views": 52,
  "formatid": "gen9championsvgc2026regma",
  "rating": 1231,
  "private": 0,
  "password": null
}