{
  "id": "gen9championsvgc2026regma-2581199689",
  "format": "[Gen 9 Champions] VGC 2026 Reg M-A",
  "players": [
    "Boline",
    "Laztech"
  ],
  "log": "|j|\u2606Boline\n|j|\u2606Laztech\n|t:|1775969939\n|gametype|doubles\n|player|p1|Boline|veteran|1163\n|player|p2|Laztech|ethan|1099\n|gen|9\n|tier|[Gen 9 Champions] VGC 2026 Reg M-A\n|rated|\n|rule|Species Clause: Limit one of each Pok\u00e9mon\n|rule|Item Clause: Limit 1 of each item\n|clearpoke\n|poke|p1|Incineroar, L50, M|\n|poke|p1|Hatterene, L50, F|\n|poke|p1|Farigiraf, L50, M|\n|poke|p1|Torkoal, L50, M|\n|poke|p1|Kingambit, L50, M|\n|poke|p1|Kangaskhan, L50, F|\n|poke|p2|Incineroar, L50, F|\n|poke|p2|Archaludon, L50, F|\n|poke|p2|Pelipper, L50, M|\n|poke|p2|Garchomp, L50, M|\n|poke|p2|Basculegion, L50, M|\n|poke|p2|Sinistcha, L50|\n|teampreview|4\n|inactive|Battle timer is ON: inactive players will automatically lose when time's up. (requested by Laztech)\n|inactive|Boline also wants the timer to be on.\n|\n|t:|1775969964\n|teamsize|p1|4\n|teamsize|p2|4\n|start\n|switch|p1a: Incineroar|Incineroar, L50, M|100/100\n|switch|p1b: Farigiraf|Farigiraf, L50, M|100/100\n|switch|p2a: Archaludon|Archaludon, L50, F, shiny|100/100\n|switch|p2b: Garchomp|Garchomp, L50, M|100/100\n|-ability|p1a: Incineroar|Intimidate|boost\n|-unboost|p2a: Archaludon|atk|1\n|-unboost|p2b: Garchomp|atk|1\n|turn|1\n|inactive|Laztech has 30 seconds left.\n|\n|t:|1775969992\n|detailschange|p2b: Garchomp|Garchomp-Mega, L50, M\n|-mega|p2b: Garchomp|Garchomp|Garchompite\n|move|p2a: Archaludon|Protect|p2a: Archaludon\n|-singleturn|p2a: Archaludon|Protect\n|move|p1a: Incineroar|Fake Out|p2b: Garchomp\n|-damage|p2b: Garchomp|88/100\n|cant|p2b: Garchomp|flinch\n|move|p1b: Farigiraf|Trick Room|p1b: Farigiraf\n|-fieldstart|move: Trick Room|[of] p1b: Farigiraf\n|\n|upkeep\n|turn|2\n|inactive|Boline has 30 seconds left.\n|\n|t:|1775970027\n|move|p1a: Incineroar|Close Combat|p2a: Archaludon\n|-supereffective|p2a: Archaludon|1\n|-damage|p2a: Archaludon|41/100\n|-unboost|p1a: Incineroar|def|1\n|-unboost|p1a: Incineroar|spd|1\n|-ability|p2a: Archaludon|Stamina|boost\n|-boost|p2a: Archaludon|def|1\n|move|p1b: Farigiraf|Hyper Voice|p2a: Archaludon|[spread] p2a,p2b\n|-resisted|p2a: Archaludon|1\n|-damage|p2a: Archaludon|25/100\n|-damage|p2b: Garchomp|63/100\n|-ability|p2a: Archaludon|Stamina|boost\n|-boost|p2a: Archaludon|def|1\n|move|p2b: Garchomp|Rock Slide|p1b: Farigiraf|[spread] p1a,p1b\n|-supereffective|p1a: Incineroar|1\n|-damage|p1a: Incineroar|50/100\n|-damage|p1b: Farigiraf|85/100\n|move|p2a: Archaludon|Flash Cannon|p1b: Farigiraf\n|-damage|p1b: Farigiraf|52/100\n|\n|-heal|p2a: Archaludon|31/100|[from] item: Leftovers\n|upkeep\n|turn|3\n|inactive|Laztech has 30 seconds left.\n|inactive|Laztech has 20 seconds left.\n|inactive|Laztech has 15 seconds left.\n|\n|t:|1775970067\n|switch|p2a: Sinistcha|Sinistcha, L50|100/100\n|-heal|p2b: Garchomp|88/100|[from] ability: Hospitality|[of] p2a: Sinistcha\n|move|p1a: Incineroar|Close Combat|p2a: Sinistcha\n|-immune|p2a: Sinistcha\n|move|p1b: Farigiraf|Imprison|p1b: Farigiraf\n|-start|p1b: Farigiraf|move: Imprison\n|move|p2b: Garchomp|Rock Slide|p1b: Farigiraf|[spread] p1a,p1b\n|-supereffective|p1a: Incineroar|1\n|-damage|p1a: Incineroar|0 fnt\n|-damage|p1b: Farigiraf|34/100\n|-enditem|p1b: Farigiraf|Sitrus Berry|[eat]\n|-heal|p1b: Farigiraf|59/100|[from] item: Sitrus Berry\n|faint|p1a: Incineroar\n|\n|upkeep\n|\n|t:|1775970079\n|switch|p1a: Hatterene|Hatterene, L50, F|100/100\n|turn|4\n|\n|t:|1775970092\n|move|p1a: Hatterene|Dazzling Gleam|p2b: Garchomp|[spread] p2a,p2b\n|-supereffective|p2b: Garchomp|1\n|-damage|p2a: Sinistcha|59/100\n|-damage|p2b: Garchomp|22/100\n|move|p1b: Farigiraf|Hyper Voice|p2a: Sinistcha|[spread] p2b\n|-immune|p2a: Sinistcha\n|-crit|p2b: Garchomp\n|-damage|p2b: Garchomp|0 fnt\n|faint|p2b: Garchomp\n|move|p2a: Sinistcha|Shadow Ball|p1a: Hatterene\n|-supereffective|p1a: Hatterene|1\n|-damage|p1a: Hatterene|28/100\n|\n|upkeep\n|\n|t:|1775970103\n|switch|p2b: Archaludon|Archaludon, L50, F, shiny|31/100\n|turn|5\n|\n|t:|1775970123\n|move|p1b: Farigiraf|Protect|p1b: Farigiraf\n|-singleturn|p1b: Farigiraf|Protect\n|move|p1a: Hatterene|Dazzling Gleam|p2b: Archaludon|[spread] p2a,p2b\n|-damage|p2a: Sinistcha|20/100\n|-damage|p2b: Archaludon|0 fnt\n|faint|p2b: Archaludon\n|move|p2a: Sinistcha|Life Dew|p2a: Sinistcha\n|-heal|p2a: Sinistcha|45/100\n|\n|-fieldend|move: Trick Room\n|upkeep\n|\n|t:|1775970131\n|switch|p2b: Pelipper|Pelipper, L50, M|100/100\n|-weather|RainDance|[from] ability: Drizzle|[of] p2b: Pelipper\n|turn|6\n|\n|t:|1775970144\n|move|p2b: Pelipper|Hurricane|p1b: Farigiraf\n|-damage|p1b: Farigiraf|25/100\n|move|p2a: Sinistcha|Shadow Ball|p1a: Hatterene\n|-supereffective|p1a: Hatterene|1\n|-damage|p1a: Hatterene|0 fnt\n|faint|p1a: Hatterene\n|move|p1b: Farigiraf|Trick Room|p1b: Farigiraf\n|-fieldstart|move: Trick Room|[of] p1b: Farigiraf\n|\n|-weather|RainDance|[upkeep]\n|upkeep\n|\n|t:|1775970155\n|switch|p1a: Torkoal|Torkoal, L50, M|100/100\n|-weather|SunnyDay|[from] ability: Drought|[of] p1a: Torkoal\n|turn|7\n|\n|t:|1775970168\n|move|p1a: Torkoal|Eruption|p2a: Sinistcha|[spread] p2a,p2b\n|-supereffective|p2a: Sinistcha|1\n|-enditem|p2a: Sinistcha|Occa Berry|[eat]\n|-enditem|p2a: Sinistcha|Occa Berry|[weaken]\n|-resisted|p2b: Pelipper|1\n|-damage|p2a: Sinistcha|0 fnt\n|-damage|p2b: Pelipper|40/100\n|faint|p2a: Sinistcha\n|move|p1b: Farigiraf|Hyper Voice|p2b: Pelipper\n|-damage|p2b: Pelipper|0 fnt\n|faint|p2b: Pelipper\n|\n|win|Boline\n|raw|Boline's rating: 1163 &rarr; <strong>1183</strong><br />(+20 for winning)\n|raw|Laztech's rating: 1099 &rarr; <strong>1079</strong><br />(-20 for losing)\n|l|\u2606Laztech\n|player|p2|\n",
  "uploadtime": 1775970183,
  "views": 15,
  "formatid": "gen9championsvgc2026regma",
  "rating": 1079,
  "private": 0,
  "password": null
}