{
  "id": "gen9championsvgc2026regma-2587251690",
  "format": "[Gen 9 Champions] VGC 2026 Reg M-A",
  "players": [
    "pyukumuku.png.jpg",
    "ertyuiko"
  ],
  "log": "|j|\u2606pyukumuku.png.jpg\n|j|\u2606ertyuiko\n|t:|1776514581\n|gametype|doubles\n|player|p1|pyukumuku.png.jpg|firebreather-gen2|1048\n|player|p2|ertyuiko|2|1032\n|gen|9\n|tier|[Gen 9 Champions] VGC 2026 Reg M-A\n|rated|\n|rule|Species Clause: Limit one of each Pok\u00e9mon\n|rule|Item Clause: Limit 1 of each item\n|clearpoke\n|poke|p1|Tyranitar, L50, F, shiny|\n|poke|p1|Rotom-Wash, L50|\n|poke|p1|Aerodactyl, L50, F|\n|poke|p1|Garchomp, L50, M, shiny|\n|poke|p1|Excadrill, L50, F|\n|poke|p1|Volcarona, L50, F, shiny|\n|poke|p2|Crabominable, L50, F|\n|poke|p2|Slowking, L50, M|\n|poke|p2|Incineroar, L50, M|\n|poke|p2|Camerupt, L50, F|\n|poke|p2|Tsareena, L50, F|\n|poke|p2|Mimikyu, L50, M|\n|teampreview|4\n|\n|t:|1776514618\n|teamsize|p1|4\n|teamsize|p2|4\n|start\n|switch|p1a: Tyranitar|Tyranitar, L50, F, shiny|100/100\n|switch|p1b: Aerodactyl|Aerodactyl, L50, F|100/100\n|switch|p2a: Incineroar|Incineroar, L50, M|100/100\n|switch|p2b: Slowking|Slowking, L50, M|100/100\n|-ability|p1b: Aerodactyl|Unnerve\n|-ability|p2a: Incineroar|Intimidate|boost\n|-unboost|p1a: Tyranitar|atk|1\n|-unboost|p1b: Aerodactyl|atk|1\n|-weather|Sandstorm|[from] ability: Sand Stream|[of] p1a: Tyranitar\n|turn|1\n|inactive|Battle timer is ON: inactive players will automatically lose when time's up. (requested by ertyuiko)\n|\n|t:|1776514633\n|detailschange|p1a: Tyranitar|Tyranitar-Mega, L50, F, shiny\n|-mega|p1a: Tyranitar|Tyranitar|Tyranitarite\n|move|p2a: Incineroar|Fake Out|p1b: Aerodactyl\n|-resisted|p1b: Aerodactyl|1\n|-damage|p1b: Aerodactyl|92/100\n|cant|p1b: Aerodactyl|flinch\n|move|p1a: Tyranitar|Rock Slide|p2a: Incineroar|[spread] p2a,p2b\n|-supereffective|p2a: Incineroar|1\n|-damage|p2a: Incineroar|65/100\n|-damage|p2b: Slowking|80/100\n|move|p2b: Slowking|Trick Room|p2b: Slowking\n|-fieldstart|move: Trick Room|[of] p2b: Slowking\n|\n|-weather|Sandstorm|[upkeep]\n|-damage|p2b: Slowking|74/100|[from] Sandstorm\n|-damage|p2a: Incineroar|59/100|[from] Sandstorm\n|upkeep\n|turn|2\n|\n|t:|1776514652\n|move|p1a: Tyranitar|Protect|p1a: Tyranitar\n|-singleturn|p1a: Tyranitar|Protect\n|move|p1b: Aerodactyl|Protect|p1b: Aerodactyl\n|-singleturn|p1b: Aerodactyl|Protect\n|-prepare|p2b: Slowking|Chilly Reception|[premajor]\n|move|p2b: Slowking|Chilly Reception|p2b: Slowking\n|-weather|Snowscape\n|\n|t:|1776514657\n|switch|p2b: Crabominable|Crabominable, L50, F|100/100|[from] Chilly Reception\n|move|p2a: Incineroar|Parting Shot|p1a: Tyranitar\n|-activate|p1a: Tyranitar|move: Protect\n|\n|-weather|Snowscape|[upkeep]\n|upkeep\n|turn|3\n|\n|t:|1776514675\n|switch|p1a: Volcarona|Volcarona, L50, F, shiny|100/100\n|detailschange|p2b: Crabominable|Crabominable-Mega, L50, F\n|-mega|p2b: Crabominable|Crabominable|Crabominite\n|move|p2b: Crabominable|Ice Hammer|p1b: Aerodactyl\n|-supereffective|p1b: Aerodactyl|1\n|-damage|p1b: Aerodactyl|0 fnt\n|-unboost|p2b: Crabominable|spe|1\n|faint|p1b: Aerodactyl\n|move|p2a: Incineroar|Parting Shot|p1a: Volcarona\n|-unboost|p1a: Volcarona|atk|1\n|-unboost|p1a: Volcarona|spa|1\n|\n|t:|1776514686\n|switch|p2a: Slowking|Slowking, L50, M|100/100|[from] Parting Shot\n|\n|-weather|Snowscape|[upkeep]\n|upkeep\n|\n|t:|1776514689\n|switch|p1b: Tyranitar|Tyranitar-Mega, L50, F, shiny|100/100\n|-weather|Sandstorm|[from] ability: Sand Stream|[of] p1b: Tyranitar\n|turn|4\n|\n|t:|1776514696\n|move|p1b: Tyranitar|Protect|p1b: Tyranitar\n|-singleturn|p1b: Tyranitar|Protect\n|move|p2b: Crabominable|Rock Slide|p1a: Volcarona|[spread] p1a\n|-activate|p1b: Tyranitar|move: Protect\n|-supereffective|p1a: Volcarona|2\n|-enditem|p1a: Volcarona|Charti Berry|[eat]\n|-enditem|p1a: Volcarona|Charti Berry|[weaken]\n|-damage|p1a: Volcarona|25/100\n|-prepare|p2a: Slowking|Chilly Reception|[premajor]\n|move|p2a: Slowking|Chilly Reception|p2a: Slowking\n|-weather|Snowscape\n|\n|t:|1776514707\n|switch|p2a: Incineroar|Incineroar, L50, M|59/100|[from] Chilly Reception\n|-ability|p2a: Incineroar|Intimidate|boost\n|-unboost|p1a: Volcarona|atk|1\n|-unboost|p1b: Tyranitar|atk|1\n|move|p1a: Volcarona|Heat Wave|p2a: Incineroar|[spread] p2b\n|-miss|p1a: Volcarona|p2a: Incineroar\n|-supereffective|p2b: Crabominable|1\n|-damage|p2b: Crabominable|55/100\n|\n|-weather|Snowscape|[upkeep]\n|upkeep\n|turn|5\n|-message|pyukumuku.png.jpg forfeited.\n|\n|win|ertyuiko\n|raw|pyukumuku.png.jpg's rating: 1048 &rarr; <strong>1030</strong><br />(-18 for losing)\n|raw|ertyuiko's rating: 1032 &rarr; <strong>1069</strong><br />(+37 for winning)\n|l|\u2606pyukumuku.png.jpg\n|player|p1|\n",
  "uploadtime": 1776514723,
  "views": 18,
  "formatid": "gen9championsvgc2026regma",
  "rating": 1030,
  "private": 0,
  "password": null
}