{
  "id": "gen9championsvgc2026regma-2585825789",
  "format": "[Gen 9 Champions] VGC 2026 Reg M-A",
  "players": [
    "mrpoopass",
    "heroplayer2026"
  ],
  "log": "|j|\u2606mrpoopass\n|j|\u2606heroplayer2026\n|t:|1776373479\n|gametype|doubles\n|player|p1|mrpoopass|blaine|1224\n|player|p2|heroplayer2026|fisherman-gen4|1173\n|gen|9\n|tier|[Gen 9 Champions] VGC 2026 Reg M-A\n|rated|\n|rule|Species Clause: Limit one of each Pok\u00e9mon\n|rule|Item Clause: Limit 1 of each item\n|clearpoke\n|poke|p1|Scovillain, L50, F|\n|poke|p1|Cofagrigus, L50, F|\n|poke|p1|Hatterene, L50, F|\n|poke|p1|Rotom-Wash, L50|\n|poke|p1|Incineroar, L50, F|\n|poke|p1|Kingambit, L50, M|\n|poke|p2|Torkoal, L50, F|\n|poke|p2|Incineroar, L50, M|\n|poke|p2|Farigiraf, L50, F|\n|poke|p2|Golurk, L50|\n|poke|p2|Conkeldurr, L50, M|\n|poke|p2|Garchomp, L50, F|\n|teampreview|4\n|inactive|Battle timer is ON: inactive players will automatically lose when time's up. (requested by mrpoopass)\n|inactive|heroplayer2026 has 60 seconds left.\n|\n|t:|1776373516\n|teamsize|p1|4\n|teamsize|p2|4\n|start\n|switch|p1a: Cofagrigus|Cofagrigus, L50, F, shiny|100/100\n|switch|p1b: Scovillain|Scovillain, L50, F|100/100\n|switch|p2a: Farigiraf|Farigiraf, L50, F|100/100\n|switch|p2b: Conkeldurr|Conkeldurr, L50, M|100/100\n|turn|1\n|\n|t:|1776373536\n|move|p1b: Scovillain|Leech Seed|p2b: Conkeldurr\n|-start|p2b: Conkeldurr|move: Leech Seed\n|move|p2b: Conkeldurr|Ice Punch|p1b: Scovillain\n|-damage|p1b: Scovillain|58/100\n|-status|p1b: Scovillain|frz\n|move|p1a: Cofagrigus|Skill Swap|p2a: Farigiraf\n|-activate|p1a: Cofagrigus|Skill Swap|Armor Tail|Mummy|[of] p2a: Farigiraf\n|move|p2a: Farigiraf|Trick Room|p2a: Farigiraf\n|-fieldstart|move: Trick Room|[of] p2a: Farigiraf\n|\n|-damage|p2b: Conkeldurr|88/100|[from] Leech Seed|[of] p1b: Scovillain\n|-heal|p1b: Scovillain|73/100 frz|[silent]\n|-ability|p1b: Scovillain|Moody|boost\n|-boost|p1b: Scovillain|def|2\n|-unboost|p1b: Scovillain|spe|1\n|upkeep\n|turn|2\n|inactive|mrpoopass has 30 seconds left.\n|\n|t:|1776373562\n|switch|p2b: Torkoal|Torkoal, L50, F|100/100\n|-weather|SunnyDay|[from] ability: Drought|[of] p2b: Torkoal\n|cant|p1b: Scovillain|frz\n|move|p2a: Farigiraf|Hyper Voice|p1a: Cofagrigus|[spread] p1b\n|-immune|p1a: Cofagrigus\n|-damage|p1b: Scovillain|43/100 frz\n|move|p1a: Cofagrigus|Trick Room|p1a: Cofagrigus\n|-fieldend|move: Trick Room\n|\n|-weather|SunnyDay|[upkeep]\n|-ability|p1b: Scovillain|Moody|boost\n|-boost|p1b: Scovillain|spa|2\n|-unboost|p1b: Scovillain|atk|1\n|upkeep\n|turn|3\n|inactive|mrpoopass has 30 seconds left.\n|\n|t:|1776373596\n|detailschange|p1b: Scovillain|Scovillain-Mega, L50, F\n|-mega|p1b: Scovillain|Scovillain|Scovillainite\n|move|p2b: Torkoal|Protect|p2b: Torkoal\n|-singleturn|p2b: Torkoal|Protect\n|cant|p1b: Scovillain|frz\n|move|p1a: Cofagrigus|Skill Swap|p1b: Scovillain\n|-activate|p1a: Cofagrigus|Skill Swap|||[of] p1b: Scovillain\n|move|p2a: Farigiraf|Trick Room|p2a: Farigiraf\n|-fieldstart|move: Trick Room|[of] p2a: Farigiraf\n|\n|-weather|SunnyDay|[upkeep]\n|upkeep\n|turn|4\n|\n|t:|1776373615\n|move|p2a: Farigiraf|Helping Hand|p2b: Torkoal\n|-singleturn|p2b: Torkoal|Helping Hand|[of] p2a: Farigiraf\n|move|p2b: Torkoal|Eruption|p1a: Cofagrigus|[spread] p1a,p1b\n|-damage|p1a: Cofagrigus|0 fnt\n|-damage|p1b: Scovillain|0 fnt\n|-immune|p2b: Torkoal\n|faint|p1a: Cofagrigus\n|faint|p1b: Scovillain\n|\n|-weather|SunnyDay|[upkeep]\n|upkeep\n|\n|t:|1776373623\n|switch|p1a: Rotom|Rotom-Wash, L50|100/100\n|switch|p1b: Hatterene|Hatterene, L50, F, shiny|100/100\n|turn|5\n|\n|t:|1776373640\n|move|p2a: Farigiraf|Helping Hand|p2b: Torkoal\n|-singleturn|p2b: Torkoal|Helping Hand|[of] p2a: Farigiraf\n|move|p2b: Torkoal|Eruption|p1a: Rotom|[spread] p1a,p1b\n|-resisted|p1a: Rotom|1\n|-damage|p1a: Rotom|32/100\n|-damage|p1b: Hatterene|0 fnt\n|faint|p1b: Hatterene\n|move|p1a: Rotom|Trick|p2a: Farigiraf\n|-activate|p1a: Rotom|move: Trick|[of] p2a: Farigiraf\n|-item|p2a: Farigiraf|Choice Scarf|[from] move: Trick\n|-item|p1a: Rotom|Mental Herb|[from] move: Trick\n|\n|-weather|SunnyDay|[upkeep]\n|upkeep\n|turn|6\n|-message|mrpoopass forfeited.\n|\n|win|heroplayer2026\n|raw|mrpoopass's rating: 1224 &rarr; <strong>1195</strong><br />(-29 for losing)\n|raw|heroplayer2026's rating: 1173 &rarr; <strong>1202</strong><br />(+29 for winning)\n|l|\u2606mrpoopass\n|player|p1|\n",
  "uploadtime": 1776373647,
  "views": 17,
  "formatid": "gen9championsvgc2026regma",
  "rating": 1195,
  "private": 0,
  "password": null
}