{
  "id": "gen9championsvgc2026regma-2586662944",
  "format": "[Gen 9 Champions] VGC 2026 Reg M-A",
  "players": [
    "skywalkingchris",
    "ThinManMono"
  ],
  "log": "|j|\u2606skywalkingchris\n|j|\u2606ThinManMono\n|t:|1776450299\n|gametype|doubles\n|player|p1|skywalkingchris|102|1103\n|player|p2|ThinManMono|ltsurge|1051\n|gen|9\n|tier|[Gen 9 Champions] VGC 2026 Reg M-A\n|rated|\n|rule|Species Clause: Limit one of each Pok\u00e9mon\n|rule|Item Clause: Limit 1 of each item\n|clearpoke\n|poke|p1|Garchomp, L50, M|\n|poke|p1|Chimecho, L50, M|\n|poke|p1|Tyranitar, L50, F|\n|poke|p1|Glimmora, L50, F|\n|poke|p1|Kangaskhan, L50, F|\n|poke|p1|Sinistcha-Masterpiece, L50|\n|poke|p2|Steelix, L50, M|\n|poke|p2|Maushold-Four, L50|\n|poke|p2|Skarmory, L50, M|\n|poke|p2|Tyranitar, L50, M|\n|poke|p2|Excadrill, L50, M|\n|poke|p2|Jolteon, L50, M|\n|teampreview|4\n|inactive|Battle timer is ON: inactive players will automatically lose when time's up. (requested by ThinManMono)\n|inactive|skywalkingchris has 60 seconds left.\n|\n|t:|1776450332\n|teamsize|p1|4\n|teamsize|p2|4\n|start\n|switch|p1a: Chimecho|Chimecho, L50, M|100/100\n|switch|p1b: Garchomp|Garchomp, L50, M|100/100\n|switch|p2a: Invincible|Excadrill, L50, M|100/100\n|switch|p2b: Angstrom|Skarmory, L50, M|100/100\n|turn|1\n|inactive|skywalkingchris has 30 seconds left.\n|inactive|skywalkingchris has 20 seconds left.\n|inactive|skywalkingchris has 15 seconds left.\n|\n|t:|1776450373\n|detailschange|p2b: Angstrom|Skarmory-Mega, L50, M\n|-mega|p2b: Angstrom|Skarmory|Skarmorite\n|detailschange|p1a: Chimecho|Chimecho-Mega, L50, M\n|-mega|p1a: Chimecho|Chimecho|Chimechite\n|move|p1b: Garchomp|Earthquake|p2b: Angstrom|[spread] p2a\n|-immune|p1a: Chimecho|[from] ability: Levitate\n|-immune|p2b: Angstrom\n|-supereffective|p2a: Invincible|1\n|-enditem|p2a: Invincible|Focus Sash\n|-damage|p2a: Invincible|1/100\n|move|p2b: Angstrom|Brave Bird|p1b: Garchomp\n|-damage|p1b: Garchomp|29/100\n|-damage|p2b: Angstrom|89/100|[from] ability: Rough Skin|[of] p1b: Garchomp\n|-damage|p2b: Angstrom|58/100|[from] Recoil\n|move|p2a: Invincible|Rock Slide|p1a: Chimecho|[spread] p1a,p1b\n|-resisted|p1a: Chimecho|1\n|-resisted|p1b: Garchomp|1\n|-damage|p1a: Chimecho|92/100\n|-damage|p1b: Garchomp|20/100\n|move|p1a: Chimecho|Dazzling Gleam|p2a: Invincible|[spread] p2a,p2b\n|-resisted|p2a: Invincible|1\n|-resisted|p2b: Angstrom|1\n|-damage|p2a: Invincible|0 fnt\n|-damage|p2b: Angstrom|43/100\n|faint|p2a: Invincible\n|\n|upkeep\n|\n|t:|1776450389\n|switch|p2a: Duplikate|Maushold-Four, L50|100/100\n|turn|2\n|\n|t:|1776450415\n|move|p2a: Duplikate|Follow Me|p2a: Duplikate\n|-singleturn|p2a: Duplikate|move: Follow Me\n|move|p1b: Garchomp|Earthquake|p2a: Duplikate|[spread] p2a\n|-immune|p1a: Chimecho|[from] ability: Levitate\n|-immune|p2b: Angstrom\n|-damage|p2a: Duplikate|55/100\n|move|p2b: Angstrom|Rock Slide|p1a: Chimecho|[spread] p1a,p1b\n|-resisted|p1a: Chimecho|1\n|-resisted|p1b: Garchomp|1\n|-damage|p1a: Chimecho|83/100\n|-damage|p1b: Garchomp|9/100\n|move|p1a: Chimecho|Dazzling Gleam|p2a: Duplikate|[spread] p2a,p2b\n|-resisted|p2b: Angstrom|1\n|-damage|p2a: Duplikate|31/100\n|-damage|p2b: Angstrom|32/100\n|-enditem|p2a: Duplikate|Sitrus Berry|[eat]\n|-heal|p2a: Duplikate|55/100|[from] item: Sitrus Berry\n|\n|upkeep\n|turn|3\n|inactive|skywalkingchris has 30 seconds left.\n|inactive|ThinManMono has 30 seconds left.\n|inactive|skywalkingchris has 20 seconds left.\n|\n|t:|1776450454\n|switch|p2b: Allen|Tyranitar, L50, M|100/100\n|-weather|Sandstorm|[from] ability: Sand Stream|[of] p2b: Allen\n|move|p2a: Duplikate|Protect|p2a: Duplikate\n|-singleturn|p2a: Duplikate|Protect\n|move|p1b: Garchomp|Earthquake|p2b: Allen|[spread] p2b\n|-activate|p2a: Duplikate|move: Protect\n|-immune|p1a: Chimecho|[from] ability: Levitate\n|-supereffective|p2b: Allen|1\n|-damage|p2b: Allen|49/100\n|move|p1a: Chimecho|Dazzling Gleam|p2a: Duplikate|[spread] p2b\n|-activate|p2a: Duplikate|move: Protect\n|-supereffective|p2b: Allen|1\n|-damage|p2b: Allen|29/100\n|\n|-weather|Sandstorm|[upkeep]\n|-damage|p2a: Duplikate|50/100|[from] Sandstorm\n|-heal|p2b: Allen|35/100|[from] item: Leftovers\n|upkeep\n|turn|4\n|inactive|skywalkingchris has 30 seconds left.\n|\n|t:|1776450481\n|move|p1a: Chimecho|Protect|p1a: Chimecho\n|-singleturn|p1a: Chimecho|Protect\n|move|p1b: Garchomp|Earthquake|p2b: Allen|[spread] p2a,p2b\n|-activate|p1a: Chimecho|move: Protect\n|-supereffective|p2b: Allen|1\n|-damage|p2a: Duplikate|0 fnt\n|-damage|p2b: Allen|0 fnt\n|faint|p2a: Duplikate\n|faint|p2b: Allen\n|\n|-weather|Sandstorm|[upkeep]\n|upkeep\n|\n|t:|1776450485\n|switch|p2b: Angstrom|Skarmory-Mega, L50, M|32/100\n|turn|5\n|\n|t:|1776450497\n|switch|p1b: Sinistcha|Sinistcha-Masterpiece, L50|100/100\n|-heal|p1a: Chimecho|100/100|[from] ability: Hospitality|[of] p1b: Sinistcha\n|move|p2b: Angstrom|Rock Slide|p1a: Chimecho|[spread] p1a,p1b\n|-resisted|p1a: Chimecho|1\n|-damage|p1a: Chimecho|91/100\n|-damage|p1b: Sinistcha|79/100\n|cant|p1a: Chimecho|flinch\n|\n|-weather|Sandstorm|[upkeep]\n|-damage|p1b: Sinistcha|73/100|[from] Sandstorm\n|-heal|p1b: Sinistcha|79/100|[from] item: Leftovers\n|upkeep\n|turn|6\n|\n|t:|1776450513\n|move|p2b: Angstrom|Brave Bird|p1b: Sinistcha\n|-supereffective|p1b: Sinistcha|1\n|-damage|p1b: Sinistcha|0 fnt\n|faint|p1b: Sinistcha\n|-damage|p2b: Angstrom|0 fnt|[from] Recoil\n|faint|p2b: Angstrom\n|\n|win|skywalkingchris\n|raw|skywalkingchris's rating: 1103 &rarr; <strong>1124</strong><br />(+21 for winning)\n|raw|ThinManMono's rating: 1051 &rarr; <strong>1036</strong><br />(-15 for losing)\n|l|\u2606ThinManMono\n|player|p2|\n",
  "uploadtime": 1776450586,
  "views": 36,
  "formatid": "gen9championsvgc2026regma",
  "rating": 1036,
  "private": 0,
  "password": null
}