{
  "id": "gen9championsvgc2026regma-2584547220",
  "format": "[Gen 9 Champions] VGC 2026 Reg M-A",
  "players": [
    "lerdihnuhrong",
    "DivergeSanity"
  ],
  "log": "|j|\u2606lerdihnuhrong\n|j|\u2606DivergeSanity\n|t:|1776267955\n|gametype|doubles\n|player|p1|lerdihnuhrong|2|1000\n|player|p2|DivergeSanity|266|1000\n|gen|9\n|tier|[Gen 9 Champions] VGC 2026 Reg M-A\n|rated|\n|rule|Species Clause: Limit one of each Pok\u00e9mon\n|rule|Item Clause: Limit 1 of each item\n|clearpoke\n|poke|p1|Charizard, L50, F|\n|poke|p1|Scovillain, L50, F|\n|poke|p1|Araquanid, L50, F|\n|poke|p1|Krookodile, L50, M|\n|poke|p1|Rotom-Wash, L50|\n|poke|p1|Dragonite, L50, M|\n|poke|p2|Aerodactyl, L50, M|\n|poke|p2|Alakazam, L50, M|\n|poke|p2|Araquanid, L50, F|\n|poke|p2|Aggron, L50, M|\n|poke|p2|Incineroar, L50, F|\n|poke|p2|Meowscarada, L50, F|\n|teampreview|4\n|inactive|Battle timer is ON: inactive players will automatically lose when time's up. (requested by lerdihnuhrong)\nlerdihnuhrong has agreed to open team sheets.\n|inactive|lerdihnuhrong has 60 seconds left.\n|inactive|DivergeSanity has 60 seconds left.\n|\n|t:|1776267998\n|teamsize|p1|4\n|teamsize|p2|4\n|start\n|switch|p1a: Krookodile|Krookodile, L50, M|100/100\n|switch|p1b: Charizard|Charizard, L50, F|100/100\n|switch|p2a: Aerodactyl|Aerodactyl, L50, M|100/100\n|switch|p2b: Incineroar|Incineroar, L50, F|100/100\n|-ability|p2a: Aerodactyl|Unnerve\n|-ability|p1a: Krookodile|Intimidate|boost\n|-unboost|p2a: Aerodactyl|atk|1\n|-unboost|p2b: Incineroar|atk|1\n|-ability|p2b: Incineroar|Intimidate|boost\n|-unboost|p1a: Krookodile|atk|1\n|-unboost|p1b: Charizard|atk|1\n|turn|1\n|inactive|lerdihnuhrong has 30 seconds left.\n|\n|t:|1776268026\n|switch|p1a: Dragonite|Dragonite, L50, M|100/100\n|move|p1b: Charizard|Protect|p1b: Charizard\n|-singleturn|p1b: Charizard|Protect\n|move|p2b: Incineroar|Fake Out|p1a: Dragonite\n|-damage|p1a: Dragonite|91/100\n|move|p2a: Aerodactyl|Tailwind|p2a: Aerodactyl\n|-sidestart|p2: DivergeSanity|move: Tailwind\n|\n|-heal|p1a: Dragonite|97/100|[from] item: Leftovers\n|upkeep\n|turn|2\n|\n|t:|1776268049\n|switch|p1b: Krookodile|Krookodile, L50, M|100/100\n|-ability|p1b: Krookodile|Intimidate|boost\n|-unboost|p2a: Aerodactyl|atk|1\n|-unboost|p2b: Incineroar|atk|1\n|move|p2a: Aerodactyl|Rock Slide|p1a: Dragonite|[spread] p1a,p1b\n|-supereffective|p1a: Dragonite|1\n|-resisted|p1b: Krookodile|1\n|-damage|p1a: Dragonite|72/100\n|-damage|p1b: Krookodile|93/100\n|move|p2b: Incineroar|Parting Shot|p1a: Dragonite\n|-unboost|p1a: Dragonite|atk|1\n|-unboost|p1a: Dragonite|spa|1\n|\n|t:|1776268063\n|switch|p2b: Meowscarada|Meowscarada, L50, F|100/100|[from] Parting Shot\n|move|p1a: Dragonite|Tailwind|p1a: Dragonite\n|-sidestart|p1: lerdihnuhrong|move: Tailwind\n|\n|-heal|p1a: Dragonite|78/100|[from] item: Leftovers\n|upkeep\n|turn|3\n|\n|t:|1776268080\n|switch|p2a: Aggron|Aggron, L50, M|100/100\n|move|p1a: Dragonite|Helping Hand|p1b: Krookodile\n|-singleturn|p1b: Krookodile|Helping Hand|[of] p1a: Dragonite\n|move|p1b: Krookodile|Close Combat|p2b: Meowscarada\n|-supereffective|p2b: Meowscarada|1\n|-damage|p2b: Meowscarada|0 fnt\n|-unboost|p1b: Krookodile|def|1\n|-unboost|p1b: Krookodile|spd|1\n|faint|p2b: Meowscarada\n|\n|-heal|p1a: Dragonite|84/100|[from] item: Leftovers\n|upkeep\n|\n|t:|1776268091\n|switch|p2b: Aerodactyl|Aerodactyl, L50, M|100/100\n|-ability|p2b: Aerodactyl|Unnerve\n|turn|4\n|\n|t:|1776268102\n|detailschange|p2a: Aggron|Aggron-Mega, L50, M\n|-mega|p2a: Aggron|Aggron|Aggronite\n|move|p1a: Dragonite|Helping Hand|p1b: Krookodile\n|-singleturn|p1b: Krookodile|Helping Hand|[of] p1a: Dragonite\n|move|p1b: Krookodile|Close Combat|p2b: Aerodactyl\n|-damage|p2b: Aerodactyl|9/100\n|-unboost|p1b: Krookodile|def|1\n|-unboost|p1b: Krookodile|spd|1\n|move|p2b: Aerodactyl|Rock Slide|p1b: Krookodile|[spread] p1a,p1b\n|-supereffective|p1a: Dragonite|1\n|-resisted|p1b: Krookodile|1\n|-damage|p1a: Dragonite|41/100\n|-damage|p1b: Krookodile|62/100\n|move|p2a: Aggron|Dragon Claw|p1a: Dragonite\n|-supereffective|p1a: Dragonite|1\n|-damage|p1a: Dragonite|0 fnt\n|faint|p1a: Dragonite\n|\n|-sideend|p2: DivergeSanity|move: Tailwind\n|upkeep\n|\n|t:|1776268120\n|switch|p1a: Charizard|Charizard, L50, F|100/100\n|turn|5\n|\n|t:|1776268139\n|switch|p2a: Incineroar|Incineroar, L50, F|100/100\n|-ability|p2a: Incineroar|Intimidate|boost\n|-unboost|p1a: Charizard|atk|1\n|-unboost|p1b: Krookodile|atk|1\n|detailschange|p1a: Charizard|Charizard-Mega-Y, L50, F\n|-mega|p1a: Charizard|Charizard|Charizardite Y\n|-weather|SunnyDay|[from] ability: Drought|[of] p1a: Charizard\n|move|p2b: Aerodactyl|Protect|p2b: Aerodactyl\n|-singleturn|p2b: Aerodactyl|Protect\n|move|p1b: Krookodile|Close Combat|p2a: Incineroar\n|-supereffective|p2a: Incineroar|1\n|-damage|p2a: Incineroar|51/100\n|-unboost|p1b: Krookodile|def|1\n|-unboost|p1b: Krookodile|spd|1\n|move|p1a: Charizard|Heat Wave|p2b: Aerodactyl|[spread] p2a\n|-activate|p2b: Aerodactyl|move: Protect\n|-resisted|p2a: Incineroar|1\n|-damage|p2a: Incineroar|22/100\n|\n|-weather|SunnyDay|[upkeep]\n|-sideend|p1: lerdihnuhrong|move: Tailwind\n|upkeep\n|turn|6\n|inactive|lerdihnuhrong has 30 seconds left.\n|inactive|DivergeSanity has 30 seconds left.\n|\n|t:|1776268174\n|switch|p1a: Scovillain|Scovillain, L50, F|100/100\n|move|p2a: Incineroar|Fake Out|p1b: Krookodile\n|-damage|p1b: Krookodile|17/100\n|cant|p1b: Krookodile|flinch\n|move|p2b: Aerodactyl|Rock Slide|p1b: Krookodile|[spread] p1a,p1b\n|-supereffective|p1a: Scovillain|1\n|-resisted|p1b: Krookodile|1\n|-crit|p1b: Krookodile\n|-damage|p1a: Scovillain|6/100\n|-damage|p1b: Krookodile|0 fnt\n|faint|p1b: Krookodile\n|\n|-weather|SunnyDay|[upkeep]\n|upkeep\n|\n|t:|1776268186\n|switch|p1b: Charizard|Charizard-Mega-Y, L50, F|100/100\n|turn|7\n|\n|t:|1776268202\n|switch|p2a: Aggron|Aggron-Mega, L50, M|100/100\n|move|p2b: Aerodactyl|Protect|p2b: Aerodactyl\n|-singleturn|p2b: Aerodactyl|Protect\n|move|p1a: Scovillain|Solar Beam||[still]\n|-prepare|p1a: Scovillain|Solar Beam\n|-anim|p1a: Scovillain|Solar Beam|p2a: Aggron\n|-resisted|p2a: Aggron|1\n|-damage|p2a: Aggron|73/100\n|move|p1b: Charizard|Heat Wave|p2b: Aerodactyl|[spread] p2a\n|-activate|p2b: Aerodactyl|move: Protect\n|-supereffective|p2a: Aggron|1\n|-damage|p2a: Aggron|0 fnt\n|faint|p2a: Aggron\n|\n|-weather|SunnyDay|[upkeep]\n|upkeep\n|\n|t:|1776268212\n|switch|p2a: Incineroar|Incineroar, L50, F|22/100\n|-ability|p2a: Incineroar|Intimidate|boost\n|-unboost|p1a: Scovillain|atk|1\n|-unboost|p1b: Charizard|atk|1\n|turn|8\n|\n|t:|1776268220\n|move|p1a: Scovillain|Protect|p1a: Scovillain\n|-singleturn|p1a: Scovillain|Protect\n|move|p1b: Charizard|Protect|p1b: Charizard\n|-singleturn|p1b: Charizard|Protect\n|move|p2a: Incineroar|Fake Out|p1b: Charizard\n|-activate|p1b: Charizard|move: Protect\n|move|p2b: Aerodactyl|Rock Slide|p1b: Charizard|[spread] \n|-activate|p1a: Scovillain|move: Protect\n|-activate|p1b: Charizard|move: Protect\n|\n|-weather|SunnyDay|[upkeep]\n|upkeep\n|turn|9\n|\n|t:|1776268236\n|move|p1a: Scovillain|Solar Beam||[still]\n|-prepare|p1a: Scovillain|Solar Beam\n|-anim|p1a: Scovillain|Solar Beam|p2b: Aerodactyl\n|-crit|p2b: Aerodactyl\n|-damage|p2b: Aerodactyl|0 fnt\n|faint|p2b: Aerodactyl\n|move|p1b: Charizard|Heat Wave|p2a: Incineroar\n|-resisted|p2a: Incineroar|1\n|-damage|p2a: Incineroar|0 fnt\n|faint|p2a: Incineroar\n|\n|win|lerdihnuhrong\n|raw|lerdihnuhrong's rating: 1000 &rarr; <strong>1040</strong><br />(+40 for winning)\n|raw|DivergeSanity's rating: 1000 &rarr; <strong>1000</strong><br />(+0 for losing)\n|l|\u2606DivergeSanity\n|player|p2|\n",
  "uploadtime": 1776268246,
  "views": 17,
  "formatid": "gen9championsvgc2026regma",
  "rating": 1000,
  "private": 0,
  "password": null
}