{
  "id": "gen9championsvgc2026regma-2584807425",
  "format": "[Gen 9 Champions] VGC 2026 Reg M-A",
  "players": [
    "bladusa",
    "miratrice"
  ],
  "log": "|j|\u2606bladusa\n|j|\u2606miratrice\n|t:|1776285129\n|gametype|doubles\n|player|p1|bladusa|101|1162\n|player|p2|miratrice|psychicf-gen4|1147\n|gen|9\n|tier|[Gen 9 Champions] VGC 2026 Reg M-A\n|rated|\n|rule|Species Clause: Limit one of each Pok\u00e9mon\n|rule|Item Clause: Limit 1 of each item\n|clearpoke\n|poke|p1|Chesnaught, L50, F|\n|poke|p1|Farigiraf, L50, F|\n|poke|p1|Lucario, L50, F|\n|poke|p1|Aerodactyl, L50, M|\n|poke|p1|Primarina, L50, M|\n|poke|p1|Volcarona, L50, M|\n|poke|p2|Meganium, L50, M|\n|poke|p2|Pelipper, L50, F|\n|poke|p2|Basculegion, L50, M|\n|poke|p2|Sneasler, L50, M|\n|poke|p2|Scizor, L50, F|\n|poke|p2|Garchomp, L50, F|\n|teampreview|4\nbladusa rejected open team sheets.\n|inactive|Battle timer is ON: inactive players will automatically lose when time's up. (requested by bladusa)\n|\n|t:|1776285166\n|teamsize|p1|4\n|teamsize|p2|4\n|start\n|switch|p1a: Primarina|Primarina, L50, M|100/100\n|switch|p1b: Volcarona|Volcarona, L50, M|100/100\n|switch|p2a: Scizor|Scizor, L50, F|100/100\n|switch|p2b: Sneasler|Sneasler, L50, M|100/100\n|turn|1\n|\n|t:|1776285191\n|move|p1a: Primarina|Protect|p1a: Primarina\n|-singleturn|p1a: Primarina|Protect\n|move|p2b: Sneasler|Fake Out|p1b: Volcarona\n|-damage|p1b: Volcarona|84/100\n|cant|p1b: Volcarona|flinch\n|move|p2a: Scizor|U-turn|p1a: Primarina\n|-activate|p1a: Primarina|move: Protect\n|\n|upkeep\n|turn|2\n|\n|t:|1776285210\n|move|p2a: Scizor|Protect|p2a: Scizor\n|-singleturn|p2a: Scizor|Protect\n|move|p2b: Sneasler|Dire Claw|p1b: Volcarona\n|-damage|p1b: Volcarona|39/100\n|-status|p2b: Sneasler|brn|[from] ability: Flame Body|[of] p1b: Volcarona\n|-enditem|p1b: Volcarona|Sitrus Berry|[eat]\n|-heal|p1b: Volcarona|64/100|[from] item: Sitrus Berry\n|move|p1b: Volcarona|Will-O-Wisp|p2b: Sneasler\n|-fail|p2b: Sneasler|brn\n|move|p1a: Primarina|Hyper Voice|p2b: Sneasler|[spread] p2b\n|-activate|p2a: Scizor|move: Protect\n|-damage|p2b: Sneasler|55/100 brn\n|\n|-damage|p2b: Sneasler|49/100 brn|[from] brn\n|upkeep\n|turn|3\n|\n|t:|1776285232\n|move|p2a: Scizor|Bullet Punch|p1a: Primarina\n|-damage|p1a: Primarina|53/100\n|move|p2b: Sneasler|Dire Claw|p1a: Primarina\n|-supereffective|p1a: Primarina|1\n|-damage|p1a: Primarina|0 fnt\n|faint|p1a: Primarina\n|move|p1b: Volcarona|Will-O-Wisp|p2a: Scizor\n|-status|p2a: Scizor|brn\n|\n|-damage|p2b: Sneasler|43/100 brn|[from] brn\n|-damage|p2a: Scizor|95/100 brn|[from] brn\n|upkeep\n|\n|t:|1776285248\n|switch|p1a: Aerodactyl|Aerodactyl, L50, M|100/100\n|-ability|p1a: Aerodactyl|Unnerve\n|turn|4\n|inactive|miratrice has 30 seconds left.\n|\n|t:|1776285281\n|move|p1a: Aerodactyl|Protect|p1a: Aerodactyl\n|-singleturn|p1a: Aerodactyl|Protect\n|move|p2a: Scizor|Bullet Punch|p1a: Aerodactyl\n|-activate|p1a: Aerodactyl|move: Protect\n|move|p2b: Sneasler|Dire Claw|p1b: Volcarona\n|-damage|p1b: Volcarona|40/100\n|move|p1b: Volcarona|Overheat|p2a: Scizor\n|-supereffective|p2a: Scizor|2\n|-damage|p2a: Scizor|0 fnt\n|-unboost|p1b: Volcarona|spa|2\n|faint|p2a: Scizor\n|\n|-damage|p2b: Sneasler|37/100 brn|[from] brn\n|upkeep\n|\n|t:|1776285292\n|switch|p2a: Pelipper|Pelipper, L50, F|100/100\n|-weather|RainDance|[from] ability: Drizzle|[of] p2a: Pelipper\n|turn|5\n|\n|t:|1776285316\n|move|p1a: Aerodactyl|Tailwind|p1a: Aerodactyl\n|-sidestart|p1: bladusa|move: Tailwind\n|move|p1b: Volcarona|Struggle Bug|p2b: Sneasler|[spread] p2a,p2b\n|-resisted|p2a: Pelipper|1\n|-resisted|p2b: Sneasler|2\n|-damage|p2a: Pelipper|94/100\n|-damage|p2b: Sneasler|35/100 brn\n|-unboost|p2a: Pelipper|spa|1\n|-unboost|p2b: Sneasler|spa|1\n|-enditem|p2b: Sneasler|White Herb\n|-clearnegativeboost|p2b: Sneasler|[silent]\n|move|p2b: Sneasler|Close Combat|p1a: Aerodactyl\n|-damage|p1a: Aerodactyl|42/100\n|-unboost|p2b: Sneasler|def|1\n|-unboost|p2b: Sneasler|spd|1\n|move|p2a: Pelipper|Tailwind|p2a: Pelipper\n|-sidestart|p2: miratrice|move: Tailwind\n|\n|-weather|RainDance|[upkeep]\n|-damage|p2b: Sneasler|29/100 brn|[from] brn\n|upkeep\n|turn|6\n|\n|t:|1776285337\n|move|p1b: Volcarona|Rage Powder|p1b: Volcarona\n|-singleturn|p1b: Volcarona|move: Rage Powder\n|move|p2b: Sneasler|Close Combat|p1b: Volcarona\n|-resisted|p1b: Volcarona|1\n|-damage|p1b: Volcarona|25/100\n|-unboost|p2b: Sneasler|def|1\n|-unboost|p2b: Sneasler|spd|1\n|move|p1a: Aerodactyl|Rock Slide|p2b: Sneasler|[spread] p2a,p2b\n|-supereffective|p2a: Pelipper|1\n|-resisted|p2b: Sneasler|1\n|-damage|p2a: Pelipper|21/100\n|-damage|p2b: Sneasler|0 fnt\n|faint|p2b: Sneasler\n|move|p2a: Pelipper|Weather Ball|p1b: Volcarona\n|-supereffective|p1b: Volcarona|1\n|-damage|p1b: Volcarona|0 fnt\n|faint|p1b: Volcarona\n|\n|-weather|RainDance|[upkeep]\n|upkeep\n|\n|t:|1776285355\n|switch|p2b: Meganium|Meganium, L50, M|100/100\n|switch|p1b: Lucario|Lucario, L50, F|100/100\n|turn|7\n|\n|t:|1776285370\n|move|p2a: Pelipper|Protect|p2a: Pelipper\n|-singleturn|p2a: Pelipper|Protect\n|move|p1b: Lucario|Protect|p1b: Lucario\n|-singleturn|p1b: Lucario|Protect\n|move|p1a: Aerodactyl|Rock Slide|p2b: Meganium|[spread] p2b\n|-activate|p2a: Pelipper|move: Protect\n|-damage|p2b: Meganium|78/100\n|move|p2b: Meganium|Weather Ball|p1a: Aerodactyl\n|-supereffective|p1a: Aerodactyl|1\n|-damage|p1a: Aerodactyl|0 fnt\n|faint|p1a: Aerodactyl\n|\n|-weather|RainDance|[upkeep]\n|upkeep\n|turn|8\n|\n|t:|1776285390\n|detailschange|p1b: Lucario|Lucario-Mega, L50, F\n|-mega|p1b: Lucario|Lucario|Lucarionite\n|move|p2b: Meganium|Protect|p2b: Meganium\n|-singleturn|p2b: Meganium|Protect\n|move|p1b: Lucario|Meteor Mash|p2b: Meganium\n|-activate|p2b: Meganium|move: Protect\n|move|p2a: Pelipper|Hurricane|p1b: Lucario\n|-damage|p1b: Lucario|51/100\n|\n|-weather|RainDance|[upkeep]\n|-sideend|p1: bladusa|move: Tailwind\n|-sideend|p2: miratrice|move: Tailwind\n|upkeep\n|turn|9\n|\n|t:|1776285412\n|move|p1b: Lucario|Meteor Mash|p2b: Meganium\n|-damage|p2b: Meganium|14/100\n|move|p2a: Pelipper|Tailwind|p2a: Pelipper\n|-sidestart|p2: miratrice|move: Tailwind\n|move|p2b: Meganium|Weather Ball|p1b: Lucario\n|-damage|p1b: Lucario|0 fnt\n|faint|p1b: Lucario\n|\n|win|miratrice\n|raw|bladusa's rating: 1162 &rarr; <strong>1136</strong><br />(-26 for losing)\n|raw|miratrice's rating: 1147 &rarr; <strong>1173</strong><br />(+26 for winning)\n|l|\u2606bladusa\n|player|p1|\n",
  "uploadtime": 1776285420,
  "views": 26,
  "formatid": "gen9championsvgc2026regma",
  "rating": 1136,
  "private": 0,
  "password": null
}