{
  "id": "gen9championsvgc2026regma-2583004442",
  "format": "[Gen 9 Champions] VGC 2026 Reg M-A",
  "players": [
    "jingming",
    "PizzaTimeJoshua"
  ],
  "log": "|j|\u2606jingming\n|j|\u2606PizzaTimeJoshua\n|t:|1776132552\n|gametype|doubles\n|player|p1|jingming|nate|1117\n|player|p2|PizzaTimeJoshua|unknown|1030\n|gen|9\n|tier|[Gen 9 Champions] VGC 2026 Reg M-A\n|rated|\n|rule|Species Clause: Limit one of each Pok\u00e9mon\n|rule|Item Clause: Limit 1 of each item\n|clearpoke\n|poke|p1|Starmie, L50|\n|poke|p1|Mimikyu, L50, F|\n|poke|p1|Corviknight, L50, M|\n|poke|p1|Sinistcha, L50|\n|poke|p1|Sneasler, L50, M|\n|poke|p1|Ninetales-Alola, L50, F|\n|poke|p2|Aerodactyl, L50, M|\n|poke|p2|Meowscarada, L50, F|\n|poke|p2|Scizor, L50, F|\n|poke|p2|Starmie, L50|\n|poke|p2|Mamoswine, L50, F|\n|poke|p2|Tyranitar, L50, F|\n|teampreview|4\n|inactive|Battle timer is ON: inactive players will automatically lose when time's up. (requested by PizzaTimeJoshua)\n|inactive|PizzaTimeJoshua has 60 seconds left.\n|\n|t:|1776132595\n|teamsize|p1|4\n|teamsize|p2|4\n|start\n|switch|p1a: Sneasler|Sneasler, L50, M|100/100\n|switch|p1b: Starmie|Starmie, L50|100/100\n|switch|p2a: Mamoswine|Mamoswine, L50, F|100/100\n|switch|p2b: Aerodactyl|Aerodactyl, L50, M|100/100\n|-ability|p2b: Aerodactyl|Unnerve\n|turn|1\n|\n|t:|1776132612\n|detailschange|p1b: Starmie|Starmie-Mega, L50\n|-mega|p1b: Starmie|Starmie|Starminite\n|move|p2b: Aerodactyl|Protect|p2b: Aerodactyl\n|-singleturn|p2b: Aerodactyl|Protect\n|move|p1a: Sneasler|Fake Out|p2a: Mamoswine\n|-damage|p2a: Mamoswine|84/100\n|cant|p2a: Mamoswine|flinch\n|move|p1b: Starmie|Minimize|p1b: Starmie\n|-boost|p1b: Starmie|evasion|2\n|\n|upkeep\n|turn|2\n|\n|t:|1776132636\n|move|p2b: Aerodactyl|Tailwind|p2b: Aerodactyl\n|-sidestart|p2: PizzaTimeJoshua|move: Tailwind\n|move|p2a: Mamoswine|High Horsepower|p1a: Sneasler\n|-supereffective|p1a: Sneasler|1\n|-damage|p1a: Sneasler|0 fnt\n|faint|p1a: Sneasler\n|move|p1b: Starmie|Minimize|p1b: Starmie\n|-boost|p1b: Starmie|evasion|2\n|\n|upkeep\n|\n|t:|1776132648\n|switch|p1a: Corviknight|Corviknight, L50, M|100/100\n|-ability|p1a: Corviknight|Pressure\n|turn|3\n|\n|t:|1776132661\n|switch|p2a: Scizor|Scizor, L50, F|100/100\n|move|p1b: Starmie|Protect|p1b: Starmie\n|-singleturn|p1b: Starmie|Protect\n|move|p2b: Aerodactyl|Rock Slide|p1a: Corviknight|[spread] \n|-activate|p1b: Starmie|move: Protect\n|-miss|p2b: Aerodactyl|p1a: Corviknight\n|move|p1a: Corviknight|Body Press|p2a: Scizor\n|-damage|p2a: Scizor|80/100\n|\n|upkeep\n|turn|4\n|\n|t:|1776132682\n|move|p2b: Aerodactyl|Rock Slide|p1b: Starmie|[spread] p1a\n|-miss|p2b: Aerodactyl|p1b: Starmie\n|-damage|p1a: Corviknight|78/100\n|move|p2a: Scizor|U-turn|p1b: Starmie\n|-supereffective|p1b: Starmie|1\n|-damage|p1b: Starmie|0 fnt\n|faint|p1b: Starmie\n|\n|t:|1776132691\n|switch|p2a: Starmie|Starmie, L50, shiny|100/100|[from] U-turn\n|cant|p1a: Corviknight|flinch\n|\n|-heal|p1a: Corviknight|84/100|[from] item: Leftovers\n|upkeep\n|\n|t:|1776132693\n|switch|p1b: Sinistcha|Sinistcha, L50|100/100\n|turn|5\n|\n|t:|1776132711\n|detailschange|p2a: Starmie|Starmie-Mega, L50, shiny\n|-mega|p2a: Starmie|Starmie|Starminite\n|move|p2b: Aerodactyl|Rock Slide|p1a: Corviknight|[spread] p1a,p1b\n|-damage|p1a: Corviknight|65/100\n|-damage|p1b: Sinistcha|80/100\n|move|p2a: Starmie|Psycho Cut|p1b: Sinistcha\n|-damage|p1b: Sinistcha|34/100\n|move|p1b: Sinistcha|Life Dew|p1b: Sinistcha|[spread] p1a,p1b\n|-heal|p1a: Corviknight|90/100\n|-heal|p1b: Sinistcha|59/100\n|cant|p1a: Corviknight|flinch\n|\n|-heal|p1a: Corviknight|96/100|[from] item: Leftovers\n|-sideend|p2: PizzaTimeJoshua|move: Tailwind\n|upkeep\n|turn|6\n|\n|t:|1776132736\n|move|p2b: Aerodactyl|Dual Wingbeat|p1b: Sinistcha\n|-supereffective|p1b: Sinistcha|1\n|-damage|p1b: Sinistcha|29/100\n|-supereffective|p1b: Sinistcha|1\n|-damage|p1b: Sinistcha|2/100\n|-hitcount|p1b: Sinistcha|2\n|move|p2a: Starmie|Psycho Cut|p1b: Sinistcha\n|-damage|p1b: Sinistcha|0 fnt\n|faint|p1b: Sinistcha\n|move|p1a: Corviknight|Taunt|p2b: Aerodactyl\n|-start|p2b: Aerodactyl|move: Taunt\n|\n|-heal|p1a: Corviknight|100/100|[from] item: Leftovers\n|upkeep\n|turn|7\n|\n|t:|1776132754\n|move|p2b: Aerodactyl|Rock Slide|p1a: Corviknight\n|-damage|p1a: Corviknight|74/100\n|move|p2a: Starmie|Liquidation|p1a: Corviknight\n|-crit|p1a: Corviknight\n|-damage|p1a: Corviknight|0 fnt\n|faint|p1a: Corviknight\n|\n|win|PizzaTimeJoshua\n|raw|jingming's rating: 1117 &rarr; <strong>1086</strong><br />(-31 for losing)\n|raw|PizzaTimeJoshua's rating: 1030 &rarr; <strong>1074</strong><br />(+44 for winning)\n",
  "uploadtime": 1776132763,
  "views": 27,
  "formatid": "gen9championsvgc2026regma",
  "rating": 1074,
  "private": 0,
  "password": null
}