{
  "id": "gen9championsvgc2026regma-2582978303",
  "format": "[Gen 9 Champions] VGC 2026 Reg M-A",
  "players": [
    "eltommeh",
    "ClassClownApple"
  ],
  "log": "|j|\u2606eltommeh\n|j|\u2606ClassClownApple\n|t:|1776130229\n|gametype|doubles\n|player|p1|eltommeh|170|1167\n|player|p2|ClassClownApple|melony|1111\n|gen|9\n|tier|[Gen 9 Champions] VGC 2026 Reg M-A\n|rated|\n|rule|Species Clause: Limit one of each Pok\u00e9mon\n|rule|Item Clause: Limit 1 of each item\n|clearpoke\n|poke|p1|Venusaur, L50, M|\n|poke|p1|Charizard, L50, F|\n|poke|p1|Garchomp, L50, M|\n|poke|p1|Tyranitar, L50, F|\n|poke|p1|Incineroar, L50, M|\n|poke|p1|Dragonite, L50, M|\n|poke|p2|Hatterene, L50, F|\n|poke|p2|Pelipper, L50, M|\n|poke|p2|Kingambit, L50, M|\n|poke|p2|Crabominable, L50, M|\n|poke|p2|Farigiraf, L50, M|\n|poke|p2|Sinistcha, L50|\n|teampreview|4\nClassClownApple has agreed to open team sheets.\n|inactive|Battle timer is ON: inactive players will automatically lose when time's up. (requested by ClassClownApple)\n|\n|t:|1776130263\n|teamsize|p1|4\n|teamsize|p2|4\n|start\n|switch|p1a: Tyranitar|Tyranitar, L50, F|100/100\n|switch|p1b: Garchomp|Garchomp, L50, M|100/100\n|switch|p2a: Crabominable|Crabominable, L50, M|100/100\n|switch|p2b: Farigiraf|Farigiraf, L50, M|100/100\n|-weather|Sandstorm|[from] ability: Sand Stream|[of] p1a: Tyranitar\n|turn|1\n|inactive|eltommeh has 30 seconds left.\n|\n|t:|1776130292\n|detailschange|p2a: Crabominable|Crabominable-Mega, L50, M\n|-mega|p2a: Crabominable|Crabominable|Crabominite\n|move|p2a: Crabominable|Wide Guard|p2a: Crabominable\n|-singleturn|p2a: Crabominable|Wide Guard\n|move|p1b: Garchomp|Earthquake|p2b: Farigiraf|[spread] p1a\n|-activate|p2a: Crabominable|move: Wide Guard\n|-activate|p2b: Farigiraf|move: Wide Guard\n|-supereffective|p1a: Tyranitar|1\n|-damage|p1a: Tyranitar|26/100\n|move|p1a: Tyranitar|Rock Slide|p2b: Farigiraf|[spread] \n|-activate|p2a: Crabominable|move: Wide Guard\n|-activate|p2b: Farigiraf|move: Wide Guard\n|move|p2b: Farigiraf|Trick Room|p2b: Farigiraf\n|-fieldstart|move: Trick Room|[of] p2b: Farigiraf\n|\n|-weather|Sandstorm|[upkeep]\n|-damage|p2a: Crabominable|95/100|[from] Sandstorm\n|-damage|p2b: Farigiraf|94/100|[from] Sandstorm\n|upkeep\n|turn|2\n|\n|t:|1776130314\n|switch|p2b: Pelipper|Pelipper, L50, M|100/100\n|-weather|RainDance|[from] ability: Drizzle|[of] p2b: Pelipper\n|move|p2a: Crabominable|Ice Hammer|p1b: Garchomp|[miss]\n|-miss|p2a: Crabominable|p1b: Garchomp\n|move|p1a: Tyranitar|Superpower|p2b: Pelipper\n|-resisted|p2b: Pelipper|1\n|-crit|p2b: Pelipper\n|-damage|p2b: Pelipper|68/100\n|-unboost|p1a: Tyranitar|atk|1\n|-unboost|p1a: Tyranitar|def|1\n|move|p1b: Garchomp|Iron Head|p2a: Crabominable\n|-supereffective|p2a: Crabominable|1\n|-damage|p2a: Crabominable|40/100\n|\n|-weather|RainDance|[upkeep]\n|upkeep\n|turn|3\n|inactive|eltommeh has 30 seconds left.\n|inactive|ClassClownApple has 30 seconds left.\n|inactive|eltommeh has 20 seconds left.\n|inactive|eltommeh has 15 seconds left.\n|inactive|eltommeh has 10 seconds left.\n|\n|t:|1776130361\n|switch|p1b: Incineroar|Incineroar, L50, M|100/100\n|-ability|p1b: Incineroar|Intimidate|boost\n|-unboost|p2a: Crabominable|atk|1\n|-unboost|p2b: Pelipper|atk|1\n|move|p1a: Tyranitar|Protect|p1a: Tyranitar\n|-singleturn|p1a: Tyranitar|Protect\n|move|p2a: Crabominable|Ice Hammer|p1b: Incineroar\n|-resisted|p1b: Incineroar|1\n|-damage|p1b: Incineroar|80/100\n|-unboost|p2a: Crabominable|spe|1\n|move|p2b: Pelipper|Weather Ball|p1a: Tyranitar\n|-activate|p1a: Tyranitar|move: Protect\n|\n|-weather|RainDance|[upkeep]\n|upkeep\n|turn|4\n|inactive|eltommeh has 30 seconds left.\n|inactive|ClassClownApple has 30 seconds left.\n|\n|t:|1776130396\n|switch|p2a: Farigiraf|Farigiraf, L50, M|94/100\n|switch|p1b: Dragonite|Dragonite, L50, M|100/100\n|move|p2b: Pelipper|Weather Ball|p1a: Tyranitar\n|-supereffective|p1a: Tyranitar|1\n|-damage|p1a: Tyranitar|0 fnt\n|faint|p1a: Tyranitar\n|\n|-weather|RainDance|[upkeep]\n|upkeep\n|\n|t:|1776130410\n|switch|p1a: Garchomp|Garchomp, L50, M|100/100\n|turn|5\n|inactive|ClassClownApple has 30 seconds left.\n|inactive|eltommeh has 30 seconds left.\n|\n|t:|1776130445\n|switch|p2a: Hatterene|Hatterene, L50, F|100/100\n|detailschange|p1b: Dragonite|Dragonite-Mega, L50, M\n|-mega|p1b: Dragonite|Dragonite|Dragoninite\n|move|p2b: Pelipper|Protect|p2b: Pelipper\n|-singleturn|p2b: Pelipper|Protect\n|move|p1b: Dragonite|Thunder Punch|p2b: Pelipper\n|-activate|p2b: Pelipper|move: Protect\n|move|p1a: Garchomp|Earthquake|p2a: Hatterene|[spread] p2a\n|-activate|p2b: Pelipper|move: Protect\n|-immune|p1b: Dragonite\n|-damage|p2a: Hatterene|49/100\n|\n|-weather|RainDance|[upkeep]\n|-heal|p2a: Hatterene|55/100|[from] item: Leftovers\n|-fieldend|move: Trick Room\n|upkeep\n|turn|6\n|inactive|eltommeh has 30 seconds left.\n|\n|t:|1776130472\n|switch|p2b: Farigiraf|Farigiraf, L50, M|94/100\n|move|p1a: Garchomp|Earthquake|p2a: Hatterene|[spread] p2a,p2b\n|-immune|p1b: Dragonite\n|-damage|p2a: Hatterene|4/100\n|-damage|p2b: Farigiraf|51/100\n|move|p1b: Dragonite|Thunder Punch|p2b: Farigiraf\n|-damage|p2b: Farigiraf|21/100\n|-status|p2b: Farigiraf|par\n|-enditem|p2b: Farigiraf|Sitrus Berry|[eat]\n|-heal|p2b: Farigiraf|46/100 par|[from] item: Sitrus Berry\n|move|p2a: Hatterene|Trick Room|p2a: Hatterene\n|-fieldstart|move: Trick Room|[of] p2a: Hatterene\n|\n|-weather|none\n|-heal|p2a: Hatterene|10/100|[from] item: Leftovers\n|upkeep\n|turn|7\n|inactive|eltommeh has 30 seconds left.\n|inactive|eltommeh has 20 seconds left.\n|\n|t:|1776130507\n|move|p2b: Farigiraf|Helping Hand|p2a: Hatterene\n|-singleturn|p2a: Hatterene|Helping Hand|[of] p2b: Farigiraf\n|move|p2a: Hatterene|Dazzling Gleam|p1a: Garchomp|[spread] p1a,p1b\n|-supereffective|p1a: Garchomp|1\n|-supereffective|p1b: Dragonite|1\n|-damage|p1a: Garchomp|0 fnt\n|-damage|p1b: Dragonite|57/100\n|faint|p1a: Garchomp\n|move|p1b: Dragonite|Fire Punch|p2b: Farigiraf\n|-crit|p2b: Farigiraf\n|-damage|p2b: Farigiraf|1/100 par\n|\n|-heal|p2a: Hatterene|16/100|[from] item: Leftovers\n|upkeep\n|\n|t:|1776130520\n|switch|p1a: Incineroar|Incineroar, L50, M|80/100\n|-ability|p1a: Incineroar|Intimidate|boost\n|-unboost|p2a: Hatterene|atk|1\n|-unboost|p2b: Farigiraf|atk|1\n|turn|8\n|\n|t:|1776130534\n|move|p1a: Incineroar|Fake Out||[still]\n|cant|p2b: Farigiraf|ability: Armor Tail|Fake Out|[of] p1a: Incineroar\n|move|p1b: Dragonite|Extreme Speed||[still]\n|cant|p2b: Farigiraf|ability: Armor Tail|Extreme Speed|[of] p1b: Dragonite\n|move|p2b: Farigiraf|Psychic|p1b: Dragonite\n|-damage|p1b: Dragonite|28/100\n|move|p2a: Hatterene|Dazzling Gleam|p1a: Incineroar|[spread] p1a,p1b\n|-supereffective|p1b: Dragonite|1\n|-damage|p1a: Incineroar|53/100\n|-damage|p1b: Dragonite|0 fnt\n|faint|p1b: Dragonite\n|\n|-heal|p2a: Hatterene|22/100|[from] item: Leftovers\n|upkeep\n|turn|9\n|-message|eltommeh forfeited.\n|\n|win|ClassClownApple\n|raw|eltommeh's rating: 1167 &rarr; <strong>1138</strong><br />(-29 for losing)\n|raw|ClassClownApple's rating: 1111 &rarr; <strong>1140</strong><br />(+29 for winning)\n|l|\u2606eltommeh\n|player|p1|\n",
  "uploadtime": 1776130552,
  "views": 27,
  "formatid": "gen9championsvgc2026regma",
  "rating": 1138,
  "private": 0,
  "password": null
}