{
  "id": "gen9championsvgc2026regma-2587799102",
  "format": "[Gen 9 Champions] VGC 2026 Reg M-A",
  "players": [
    "Estraumatized",
    "Draksu_Anime"
  ],
  "log": "|j|\u2606Estraumatized\n|j|\u2606Draksu_Anime\n|t:|1776565165\n|gametype|doubles\n|player|p1|Estraumatized|n|\n|player|p2|Draksu_Anime|riley|\n|gen|9\n|tier|[Gen 9 Champions] VGC 2026 Reg M-A\n|rule|Species Clause: Limit one of each Pok\u00e9mon\n|rule|Item Clause: Limit 1 of each item\n|clearpoke\n|poke|p1|Torkoal, L50, F, shiny|\n|poke|p1|Mimikyu, L50, M, shiny|\n|poke|p1|Sinistcha, L50|\n|poke|p1|Ampharos, L50, F, shiny|\n|poke|p1|Incineroar, L50, M, shiny|\n|poke|p1|Venusaur, L50, F|\n|poke|p2|Charizard, L50, M|\n|poke|p2|Ninetales, L50, F, shiny|\n|poke|p2|Snorlax, L50, M|\n|poke|p2|Banette, L50, F|\n|poke|p2|Tinkaton, L50, F|\n|poke|p2|Gengar, L50, M|\n|teampreview|4\n|\n|t:|1776565201\n|teamsize|p1|4\n|teamsize|p2|4\n|start\n|switch|p1a: Artemis|Incineroar, L50, M, shiny|100/100\n|switch|p1b: Cer\u00e1ik|Mimikyu, L50, M, shiny|100/100\n|switch|p2a: Banette|Banette, L50, F|100/100\n|switch|p2b: Tinkaton|Tinkaton, L50, F|100/100\n|-ability|p1a: Artemis|Intimidate|boost\n|-unboost|p2a: Banette|atk|1\n|-fail|p2b: Tinkaton|unboost|Attack|[from] ability: Own Tempo|[of] p2b: Tinkaton\n|turn|1\n|\n|t:|1776565236\n|move|p1b: Cer\u00e1ik|Protect|p1b: Cer\u00e1ik\n|-singleturn|p1b: Cer\u00e1ik|Protect\n|move|p1a: Artemis|Fake Out|p2b: Tinkaton\n|-resisted|p2b: Tinkaton|1\n|-damage|p2b: Tinkaton|94/100\n|cant|p2b: Tinkaton|flinch\n|move|p2a: Banette|Shadow Ball|p1b: Cer\u00e1ik\n|-activate|p1b: Cer\u00e1ik|move: Protect\n|\n|upkeep\n|turn|2\n|\n|t:|1776565260\n|move|p2b: Tinkaton|Gigaton Hammer|p1b: Cer\u00e1ik\n|-activate|p1b: Cer\u00e1ik|ability: Disguise\n|-damage|p1b: Cer\u00e1ik|100/100\n|detailschange|p1b: Cer\u00e1ik|Mimikyu-Busted, L50, M, shiny\n|-damage|p1b: Cer\u00e1ik|88/100|[from] pokemon: Mimikyu-Busted\n|move|p2a: Banette|Shadow Ball|p1b: Cer\u00e1ik\n|-supereffective|p1b: Cer\u00e1ik|1\n|-crit|p1b: Cer\u00e1ik\n|-damage|p1b: Cer\u00e1ik|0 fnt\n|faint|p1b: Cer\u00e1ik\n|move|p1a: Artemis|Parting Shot|p2b: Tinkaton\n|-unboost|p2b: Tinkaton|atk|1\n|-unboost|p2b: Tinkaton|spa|1\n|\n|t:|1776565275\n|switch|p1a: Ensalada|Venusaur, L50, F|100/100|[from] Parting Shot\n|\n|upkeep\n|\n|t:|1776565286\n|switch|p1b: Artemis|Incineroar, L50, M, shiny|100/100\n|-ability|p1b: Artemis|Intimidate|boost\n|-unboost|p2a: Banette|atk|1\n|-fail|p2b: Tinkaton|unboost|Attack|[from] ability: Own Tempo|[of] p2b: Tinkaton\n|turn|3\n|\n|t:|1776565321\n|detailschange|p1a: Ensalada|Venusaur-Mega, L50, F\n|-mega|p1a: Ensalada|Venusaur|Venusaurite\n|move|p1b: Artemis|Fake Out|p2b: Tinkaton\n|-resisted|p2b: Tinkaton|1\n|-damage|p2b: Tinkaton|87/100\n|cant|p2b: Tinkaton|flinch\n|move|p1a: Ensalada|Giga Drain|p2b: Tinkaton\n|-resisted|p2b: Tinkaton|1\n|-damage|p2b: Tinkaton|74/100\n|move|p2a: Banette|Night Shade|p1a: Ensalada\n|-damage|p1a: Ensalada|74/100\n|\n|upkeep\n|turn|4\n|\n|t:|1776565360\n|move|p2b: Tinkaton|Light Screen|p2b: Tinkaton\n|-sidestart|p2: Draksu_Anime|move: Light Screen\n|move|p1a: Ensalada|Giga Drain|p2a: Banette\n|-crit|p2a: Banette\n|-damage|p2a: Banette|21/100\n|-heal|p1a: Ensalada|100/100|[from] drain|[of] p2a: Banette\n|move|p1b: Artemis|Parting Shot|p2b: Tinkaton\n|-unboost|p2b: Tinkaton|atk|1\n|-unboost|p2b: Tinkaton|spa|1\n|\n|t:|1776565369\n|switch|p1b: Emoliente|Sinistcha, L50|100/100|[from] Parting Shot\n|move|p2a: Banette|Trick Room|p2a: Banette\n|-fieldstart|move: Trick Room|[of] p2a: Banette\n|\n|upkeep\n|turn|5\n|\n|t:|1776565398\n|move|p1b: Emoliente|Shadow Ball|p2a: Banette\n|-supereffective|p2a: Banette|1\n|-damage|p2a: Banette|0 fnt\n|-start|p1b: Emoliente|Disable|Shadow Ball|[from] ability: Cursed Body|[of] p2a: Banette\n|faint|p2a: Banette\n|move|p1a: Ensalada|Giga Drain|p2b: Tinkaton\n|-resisted|p2b: Tinkaton|1\n|-damage|p2b: Tinkaton|66/100\n|move|p2b: Tinkaton|Gigaton Hammer|p1b: Emoliente\n|-damage|p1b: Emoliente|65/100\n|\n|upkeep\n|\n|t:|1776565412\n|switch|p2a: Snorlax|Snorlax, L50, M|100/100\n|turn|6\n|\n|t:|1776565427\n|move|p2a: Snorlax|Blizzard|p1a: Ensalada|[spread] p1a\n|-miss|p2a: Snorlax|p1b: Emoliente\n|-supereffective|p1a: Ensalada|1\n|-damage|p1a: Ensalada|91/100\n|move|p1b: Emoliente|Matcha Gotcha|p2a: Snorlax|[spread] p2a,p2b\n|-resisted|p2b: Tinkaton|1\n|-damage|p2a: Snorlax|86/100\n|-heal|p1b: Emoliente|76/100|[from] drain|[of] p2a: Snorlax\n|-damage|p2b: Tinkaton|57/100\n|-heal|p1b: Emoliente|80/100|[from] drain|[of] p2b: Tinkaton\n|-status|p2a: Snorlax|brn\n|-status|p2b: Tinkaton|brn\n|move|p1a: Ensalada|Leech Seed|p2a: Snorlax\n|-start|p2a: Snorlax|move: Leech Seed\n|move|p2b: Tinkaton|Draining Kiss|p1b: Emoliente\n|-damage|p1b: Emoliente|73/100\n|-heal|p2b: Tinkaton|64/100 brn|[from] drain|[of] p1b: Emoliente\n|\n|-heal|p2a: Snorlax|92/100 brn|[from] item: Leftovers\n|-damage|p2a: Snorlax|80/100 brn|[from] Leech Seed|[of] p1a: Ensalada\n|-heal|p1a: Ensalada|100/100|[silent]\n|-damage|p2a: Snorlax|74/100 brn|[from] brn\n|-damage|p2b: Tinkaton|57/100 brn|[from] brn\n|upkeep\n|turn|7\n|\n|t:|1776565464\n|switch|p2b: Gengar|Gengar, L50, M|100/100\n|move|p1b: Emoliente|Rage Powder|p1b: Emoliente\n|-singleturn|p1b: Emoliente|move: Rage Powder\n|move|p2a: Snorlax|Blizzard|p1a: Ensalada|[spread] p1b\n|-miss|p2a: Snorlax|p1a: Ensalada\n|-supereffective|p1b: Emoliente|1\n|-damage|p1b: Emoliente|42/100\n|-enditem|p1b: Emoliente|Sitrus Berry|[eat]\n|-heal|p1b: Emoliente|66/100|[from] item: Sitrus Berry\n|move|p1a: Ensalada|Sludge Bomb|p2a: Snorlax\n|-damage|p2a: Snorlax|59/100 brn\n|\n|-heal|p2a: Snorlax|65/100 brn|[from] item: Leftovers\n|-damage|p2a: Snorlax|52/100 brn|[from] Leech Seed|[of] p1a: Ensalada\n|-damage|p2a: Snorlax|46/100 brn|[from] brn\n|upkeep\n|turn|8\n|\n|t:|1776565494\n|switch|p1b: Artemis|Incineroar, L50, M, shiny|100/100\n|-ability|p1b: Artemis|Intimidate|boost\n|-unboost|p2a: Snorlax|atk|1\n|-unboost|p2b: Gengar|atk|1\n|detailschange|p2b: Gengar|Gengar-Mega, L50, M\n|-mega|p2b: Gengar|Gengar|Gengarite\n|move|p2a: Snorlax|Rest|p2a: Snorlax\n|-status|p2a: Snorlax|slp|[from] move: Rest\n|-heal|p2a: Snorlax|100/100 slp|[silent]\n|move|p1a: Ensalada|Leech Seed|p2b: Gengar\n|-start|p2b: Gengar|move: Leech Seed\n|move|p2b: Gengar|Phantom Force||[still]\n|-prepare|p2b: Gengar|Phantom Force\n|\n|-damage|p2a: Snorlax|88/100 slp|[from] Leech Seed|[of] p1a: Ensalada\n|-damage|p2b: Gengar|89/100|[from] Leech Seed|[of] p1a: Ensalada\n|-sideend|p2: Draksu_Anime|move: Light Screen\n|-fieldend|move: Trick Room\n|upkeep\n|turn|9\n|\n|t:|1776565531\n|move|p1a: Ensalada|Protect|p1a: Ensalada\n|-singleturn|p1a: Ensalada|Protect\n|move|p1b: Artemis|Protect|p1b: Artemis\n|-singleturn|p1b: Artemis|Protect\n|move|p2b: Gengar|Phantom Force|p1b: Artemis|[from] lockedmove\n|-activate|p1b: Artemis|move: Phantom Force|[broken]\n|-resisted|p1b: Artemis|1\n|-damage|p1b: Artemis|95/100\n|cant|p2a: Snorlax|slp\n|\n|-heal|p2a: Snorlax|94/100 slp|[from] item: Leftovers\n|-damage|p2b: Gengar|77/100|[from] Leech Seed|[of] p1a: Ensalada\n|-damage|p2a: Snorlax|82/100 slp|[from] Leech Seed|[of] p1a: Ensalada\n|upkeep\n|turn|10\n|\n|t:|1776565558\n|move|p2b: Gengar|Phantom Force||[still]\n|-prepare|p2b: Gengar|Phantom Force\n|move|p1a: Ensalada|Sludge Bomb|p2a: Snorlax\n|-damage|p2a: Snorlax|58/100 slp\n|move|p1b: Artemis|Flare Blitz|p2a: Snorlax\n|-damage|p2a: Snorlax|26/100 slp\n|-damage|p1b: Artemis|81/100|[from] Recoil\n|cant|p2a: Snorlax|slp\n|\n|-heal|p2a: Snorlax|32/100 slp|[from] item: Leftovers\n|-damage|p2b: Gengar|65/100|[from] Leech Seed|[of] p1a: Ensalada\n|-damage|p2a: Snorlax|20/100 slp|[from] Leech Seed|[of] p1a: Ensalada\n|upkeep\n|turn|11\n|\n|t:|1776565580\n|move|p1b: Artemis|Protect|p1b: Artemis\n|-singleturn|p1b: Artemis|Protect\n|move|p2b: Gengar|Phantom Force|p1b: Artemis|[from] lockedmove\n|-activate|p1b: Artemis|move: Phantom Force|[broken]\n|-resisted|p1b: Artemis|1\n|-crit|p1b: Artemis\n|-damage|p1b: Artemis|70/100\n|move|p1a: Ensalada|Sludge Bomb|p2a: Snorlax\n|-damage|p2a: Snorlax|0 fnt\n|faint|p2a: Snorlax\n|\n|-damage|p2b: Gengar|53/100|[from] Leech Seed|[of] p1a: Ensalada\n|upkeep\n|\n|t:|1776565594\n|switch|p2a: Tinkaton|Tinkaton, L50, F|57/100 brn\n|turn|12\n|\n|t:|1776565610\n|move|p2b: Gengar|Phantom Force||[still]\n|-prepare|p2b: Gengar|Phantom Force\n|move|p2a: Tinkaton|Gigaton Hammer|p1a: Ensalada\n|-crit|p1a: Ensalada\n|-damage|p1a: Ensalada|62/100\n|move|p1a: Ensalada|Giga Drain|p2a: Tinkaton\n|-resisted|p2a: Tinkaton|1\n|-damage|p2a: Tinkaton|46/100 brn\n|-heal|p1a: Ensalada|67/100|[from] drain|[of] p2a: Tinkaton\n|move|p1b: Artemis|Parting Shot|p2a: Tinkaton\n|-unboost|p2a: Tinkaton|atk|1\n|-unboost|p2a: Tinkaton|spa|1\n|\n|t:|1776565621\n|switch|p1b: Emoliente|Sinistcha, L50|66/100|[from] Parting Shot\n|\n|-damage|p2b: Gengar|41/100|[from] Leech Seed|[of] p1a: Ensalada\n|-heal|p1a: Ensalada|75/100|[silent]\n|-damage|p2a: Tinkaton|40/100 brn|[from] brn\n|upkeep\n|turn|13\n|\n|t:|1776565640\n|switch|p1b: Artemis|Incineroar, L50, M, shiny|70/100\n|-ability|p1b: Artemis|Intimidate|boost\n|-fail|p2a: Tinkaton|unboost|Attack|[from] ability: Own Tempo|[of] p2a: Tinkaton\n|-unboost|p2b: Gengar|atk|1\n|move|p1a: Ensalada|Protect|p1a: Ensalada\n|-singleturn|p1a: Ensalada|Protect\n|move|p2b: Gengar|Phantom Force|p1a: Ensalada|[from] lockedmove\n|-activate|p1a: Ensalada|move: Phantom Force|[broken]\n|-damage|p1a: Ensalada|67/100\n|move|p2a: Tinkaton|Draining Kiss|p1a: Ensalada\n|-resisted|p1a: Ensalada|1\n|-damage|p1a: Ensalada|64/100\n|-heal|p2a: Tinkaton|43/100 brn|[from] drain|[of] p1a: Ensalada\n|\n|-damage|p2b: Gengar|29/100|[from] Leech Seed|[of] p1a: Ensalada\n|-heal|p1a: Ensalada|73/100|[silent]\n|-damage|p2a: Tinkaton|37/100 brn|[from] brn\n|upkeep\n|turn|14\n|\n|t:|1776565668\n|move|p2b: Gengar|Self-Destruct|p1a: Ensalada|[spread] p2a,p1a,p1b\n|-resisted|p2a: Tinkaton|1\n|-damage|p2a: Tinkaton|29/100 brn\n|-damage|p1a: Ensalada|65/100\n|-damage|p1b: Artemis|61/100\n|faint|p2b: Gengar\n|move|p2a: Tinkaton|Gigaton Hammer|p1b: Artemis\n|-resisted|p1b: Artemis|1\n|-damage|p1b: Artemis|52/100\n|move|p1a: Ensalada|Leech Seed|p2a: Tinkaton\n|-start|p2a: Tinkaton|move: Leech Seed\n|move|p1b: Artemis|Flare Blitz|p2a: Tinkaton\n|-supereffective|p2a: Tinkaton|1\n|-damage|p2a: Tinkaton|0 fnt\n|faint|p2a: Tinkaton\n|-damage|p1b: Artemis|45/100|[from] Recoil\n|\n|win|Estraumatized\n|l|\u2606Draksu_Anime\n|player|p2|\n",
  "uploadtime": 1776565720,
  "views": 14,
  "formatid": "gen9championsvgc2026regma",
  "rating": null,
  "private": 0,
  "password": null
}