{
  "id": "gen9championsvgc2026regma-2587923067",
  "format": "[Gen 9 Champions] VGC 2026 Reg M-A",
  "players": [
    "Wilbur23",
    "N3kotine"
  ],
  "log": "|j|\u2606Wilbur23\n|j|\u2606N3kotine\n|t:|1776579593\n|gametype|doubles\n|player|p1|Wilbur23|169|1218\n|player|p2|N3kotine|guzma|1252\n|gen|9\n|tier|[Gen 9 Champions] VGC 2026 Reg M-A\n|rated|\n|rule|Species Clause: Limit one of each Pok\u00e9mon\n|rule|Item Clause: Limit 1 of each item\n|clearpoke\n|poke|p1|Charizard, L50, F|\n|poke|p1|Venusaur, L50, M|\n|poke|p1|Tauros-Paldea-Aqua, L50, M|\n|poke|p1|Floette-Eternal, L50, F|\n|poke|p1|Sneasler, L50, F|\n|poke|p1|Corviknight, L50, M|\n|poke|p2|Feraligatr, L50, F|\n|poke|p2|Archaludon, L50, F|\n|poke|p2|Incineroar, L50, F, shiny|\n|poke|p2|Pelipper, L50, M|\n|poke|p2|Scizor, L50, F|\n|poke|p2|Basculegion, L50, M|\n|teampreview|4\n|\n|t:|1776579630\n|teamsize|p1|4\n|teamsize|p2|4\n|start\n|switch|p1a: Tauros|Tauros-Paldea-Aqua, L50, M|100/100\n|switch|p1b: Corviknight|Corviknight, L50, M|100/100\n|switch|p2a: Scizor|Scizor, L50, F|100/100\n|switch|p2b: Archaludon|Archaludon, L50, F|100/100\n|-ability|p1a: Tauros|Intimidate|boost\n|-unboost|p2a: Scizor|atk|1\n|-unboost|p2b: Archaludon|atk|1\n|-enditem|p2b: Archaludon|White Herb\n|-clearnegativeboost|p2b: Archaludon|[silent]\n|turn|1\n|\n|t:|1776579654\n|detailschange|p2a: Scizor|Scizor-Mega, L50, F\n|-mega|p2a: Scizor|Scizor|Scizorite\n|move|p2b: Archaludon|Protect|p2b: Archaludon\n|-singleturn|p2b: Archaludon|Protect\n|move|p1a: Tauros|Close Combat|p2b: Archaludon\n|-activate|p2b: Archaludon|move: Protect\n|move|p2a: Scizor|Swords Dance|p2a: Scizor\n|-boost|p2a: Scizor|atk|2\n|move|p1b: Corviknight|Tailwind|p1b: Corviknight\n|-sidestart|p1: Wilbur23|move: Tailwind\n|\n|upkeep\n|turn|2\n|\n|t:|1776579704\n|switch|p2b: Basculegion|Basculegion, L50, M|100/100\n|move|p1a: Tauros|Close Combat|p2b: Basculegion\n|-immune|p2b: Basculegion\n|move|p1b: Corviknight|Iron Head|p2a: Scizor\n|-resisted|p2a: Scizor|1\n|-damage|p2a: Scizor|91/100\n|cant|p2a: Scizor|flinch\n|\n|upkeep\n|turn|3\n|\n|t:|1776579728\n|switch|p1a: Venusaur|Venusaur, L50, M|100/100\n|move|p2b: Basculegion|Protect|p2b: Basculegion\n|-singleturn|p2b: Basculegion|Protect\n|move|p1b: Corviknight|Brave Bird|p2b: Basculegion\n|-activate|p2b: Basculegion|move: Protect\n|move|p2a: Scizor|Swords Dance|p2a: Scizor\n|-boost|p2a: Scizor|atk|2\n|\n|upkeep\n|turn|4\n|\n|t:|1776579744\n|switch|p2b: Archaludon|Archaludon, L50, F|100/100\n|move|p2a: Scizor|Bullet Punch|p1a: Venusaur\n|-damage|p1a: Venusaur|0 fnt\n|faint|p1a: Venusaur\n|move|p1b: Corviknight|Brave Bird|p2a: Scizor\n|-damage|p2a: Scizor|64/100\n|-damage|p1b: Corviknight|93/100|[from] Recoil\n|\n|-heal|p1b: Corviknight|99/100|[from] item: Leftovers\n|-sideend|p1: Wilbur23|move: Tailwind\n|upkeep\n|\n|t:|1776579749\n|switch|p1a: Charizard|Charizard, L50, F|100/100\n|turn|5\n|\n|t:|1776579778\n|switch|p2a: Pelipper|Pelipper, L50, M|100/100\n|-weather|RainDance|[from] ability: Drizzle|[of] p2a: Pelipper\n|switch|p1b: Tauros|Tauros-Paldea-Aqua, L50, M|100/100\n|-ability|p1b: Tauros|Intimidate|boost\n|-unboost|p2a: Pelipper|atk|1\n|-unboost|p2b: Archaludon|atk|1\n|detailschange|p1a: Charizard|Charizard-Mega-Y, L50, F\n|-mega|p1a: Charizard|Charizard|Charizardite Y\n|-weather|SunnyDay|[from] ability: Drought|[of] p1a: Charizard\n|move|p1a: Charizard|Heat Wave|p2b: Archaludon|[spread] p2a,p2b\n|-resisted|p2a: Pelipper|1\n|-damage|p2a: Pelipper|43/100\n|-damage|p2b: Archaludon|12/100\n|-ability|p2b: Archaludon|Stamina|boost\n|-boost|p2b: Archaludon|def|1\n|move|p2b: Archaludon|Electro Shot||[still]\n|-prepare|p2b: Archaludon|Electro Shot\n|-boost|p2b: Archaludon|spa|1\n|\n|-weather|SunnyDay|[upkeep]\n|upkeep\n|turn|6\n|\n|t:|1776579818\n|move|p2a: Pelipper|Protect|p2a: Pelipper\n|-singleturn|p2a: Pelipper|Protect\n|move|p1b: Tauros|Wild Charge|p2a: Pelipper\n|-activate|p2a: Pelipper|move: Protect\n|move|p1a: Charizard|Heat Wave|p2b: Archaludon|[spread] \n|-activate|p2a: Pelipper|move: Protect\n|-miss|p1a: Charizard|p2b: Archaludon\n|move|p2b: Archaludon|Electro Shot|p1a: Charizard|[from] lockedmove\n|-supereffective|p1a: Charizard|1\n|-damage|p1a: Charizard|0 fnt\n|faint|p1a: Charizard\n|\n|-weather|SunnyDay|[upkeep]\n|upkeep\n|c|\u2606N3kotine|holy miss\n|c|\u2606Wilbur23|are we fr gang\n|\n|t:|1776579835\n|switch|p1a: Corviknight|Corviknight, L50, M|99/100\n|turn|7\n|c|\u2606N3kotine|bro\n|c|\u2606Wilbur23|single handedly lost me the game\n|c|\u2606N3kotine|nah chill u still got this\n|c|\u2606N3kotine|im lowk sped\n|\n|t:|1776579923\n|switch|p2a: Scizor|Scizor-Mega, L50, F|64/100\n|move|p2b: Archaludon|Protect|p2b: Archaludon\n|-singleturn|p2b: Archaludon|Protect\n|move|p1b: Tauros|Wild Charge|p2a: Scizor\n|-damage|p2a: Scizor|40/100\n|-damage|p1b: Tauros|93/100|[from] Recoil\n|move|p1a: Corviknight|Brave Bird|p2a: Scizor\n|-damage|p2a: Scizor|14/100\n|-damage|p1a: Corviknight|91/100|[from] Recoil\n|\n|-weather|SunnyDay|[upkeep]\n|-heal|p1a: Corviknight|97/100|[from] item: Leftovers\n|upkeep\n|turn|8\n|c|\u2606Wilbur23|Im 60% sure heatwave is 50% accurate\n|\n|t:|1776579962\n|switch|p2a: Pelipper|Pelipper, L50, M|43/100\n|-weather|RainDance|[from] ability: Drizzle|[of] p2a: Pelipper\n|move|p1b: Tauros|Wild Charge|p2a: Pelipper\n|-supereffective|p2a: Pelipper|2\n|-damage|p2a: Pelipper|0 fnt\n|faint|p2a: Pelipper\n|-damage|p1b: Tauros|83/100|[from] Recoil\n|move|p2b: Archaludon|Electro Shot||[still]\n|-prepare|p2b: Archaludon|Electro Shot\n|-boost|p2b: Archaludon|spa|1\n|-anim|p2b: Archaludon|Electro Shot|p1b: Tauros\n|-supereffective|p1b: Tauros|1\n|-damage|p1b: Tauros|0 fnt\n|faint|p1b: Tauros\n|move|p1a: Corviknight|Tailwind|p1a: Corviknight\n|-sidestart|p1: Wilbur23|move: Tailwind\n|\n|-weather|RainDance|[upkeep]\n|-heal|p1a: Corviknight|100/100|[from] item: Leftovers\n|upkeep\n|\n|t:|1776579985\n|switch|p2a: Scizor|Scizor-Mega, L50, F|14/100\n|turn|9\n|\n|t:|1776579999\n|move|p2b: Archaludon|Protect|p2b: Archaludon\n|-singleturn|p2b: Archaludon|Protect\n|move|p1a: Corviknight|Brave Bird|p2b: Archaludon\n|-activate|p2b: Archaludon|move: Protect\n|move|p2a: Scizor|Close Combat|p1a: Corviknight\n|-damage|p1a: Corviknight|65/100\n|-unboost|p2a: Scizor|def|1\n|-unboost|p2a: Scizor|spd|1\n|\n|-weather|RainDance|[upkeep]\n|-heal|p1a: Corviknight|71/100|[from] item: Leftovers\n|upkeep\n|turn|10\n|\n|t:|1776580013\n|move|p1a: Corviknight|Brave Bird|p2b: Archaludon\n|-resisted|p2b: Archaludon|1\n|-damage|p2b: Archaludon|2/100\n|-ability|p2b: Archaludon|Stamina|boost\n|-boost|p2b: Archaludon|def|1\n|-damage|p1a: Corviknight|68/100|[from] Recoil\n|move|p2b: Archaludon|Electro Shot||[still]\n|-prepare|p2b: Archaludon|Electro Shot\n|-boost|p2b: Archaludon|spa|1\n|-anim|p2b: Archaludon|Electro Shot|p1a: Corviknight\n|-supereffective|p1a: Corviknight|1\n|-damage|p1a: Corviknight|0 fnt\n|faint|p1a: Corviknight\n|\n|win|N3kotine\n|raw|Wilbur23's rating: 1218 &rarr; <strong>1195</strong><br />(-23 for losing)\n|raw|N3kotine's rating: 1252 &rarr; <strong>1275</strong><br />(+23 for winning)\n|c|\u2606Wilbur23|gg\n|l|\u2606Wilbur23\n|player|p1|\n|c|\u2606N3kotine|wow\n|c|\u2606N3kotine|gg\n",
  "uploadtime": 1776580034,
  "views": 12,
  "formatid": "gen9championsvgc2026regma",
  "rating": 1195,
  "private": 0,
  "password": null
}