{
  "id": "gen9championsvgc2026regma-2587758316",
  "format": "[Gen 9 Champions] VGC 2026 Reg M-A",
  "players": [
    "parry gonzales",
    "hunterdrago"
  ],
  "log": "|j|\u2606parry gonzales\n|j|\u2606hunterdrago\n|html|<table width=\"100%\"><tr><td align=\"left\">parry gonzales</td><td align=\"right\">hunterdrago</tr><tr><td align=\"left\"><i class=\"fa fa-circle\"></i> <i class=\"fa fa-circle-o\"></i> </td><td align=\"right\"><i class=\"fa fa-circle-o\"></i> <i class=\"fa fa-circle\"></i> </tr></table>\n|uhtml|bestof|<h2><strong>Game 3</strong> of <a href=\"/game-bestof3-gen9championsvgc2026regma-2587752897\">a best-of-3</a></h2>\n|t:|1776561038\n|gametype|doubles\n|player|p1|parry gonzales|lance-masters2|\n|player|p2|hunterdrago|rosa|\n|gen|9\n|tier|[Gen 9 Champions] VGC 2026 Reg M-A\n|rule|Species Clause: Limit one of each Pok\u00e9mon\n|rule|Item Clause: Limit 1 of each item\n|raw|<div class=\"infobox\"><details class=\"readmore\" open><summary><strong>1 custom rule:</strong></summary> Best of = 3</details></div>\n|clearpoke\n|poke|p1|Floette-Eternal, L50, F|\n|poke|p1|Klefki, L50, M|\n|poke|p1|Mudsdale, L50, F|\n|poke|p1|Noivern, L50, M|\n|poke|p1|Maushold, L50|\n|poke|p1|Simisear, L50, M|\n|poke|p2|Lopunny, L50, M|\n|poke|p2|Whimsicott, L50, F|\n|poke|p2|Typhlosion-Hisui, L50, F|\n|poke|p2|Aegislash, L50, M|\n|poke|p2|Tauros-Paldea-Aqua, L50, M|\n|poke|p2|Torkoal, L50, F|\n|teampreview|4\n|c|\u2606parry gonzales|Game 3 hype\nparry gonzales rejected open team sheets.\n|c|\u2606hunterdrago|yessir!\n|\n|t:|1776561071\n|teamsize|p1|4\n|teamsize|p2|4\n|start\n|switch|p1a: mukk|Mudsdale, L50, F|100/100\n|switch|p1b: Simisear|Simisear, L50, M|100/100\n|switch|p2a: Lopunny|Lopunny, L50, M|100/100\n|switch|p2b: Tauros|Tauros-Paldea-Aqua, L50, M|100/100\n|-ability|p2b: Tauros|Intimidate|boost\n|-fail|p1a: mukk|unboost|Attack|[from] ability: Inner Focus|[of] p1a: mukk\n|-unboost|p1b: Simisear|atk|1\n|turn|1\n|\n|t:|1776561083\n|detailschange|p2a: Lopunny|Lopunny-Mega, L50, M\n|-mega|p2a: Lopunny|Lopunny|Lopunnite\n|move|p2a: Lopunny|Fake Out|p1a: mukk\n|-damage|p1a: mukk|81/100\n|move|p1b: Simisear|Fake Out|p2b: Tauros\n|-crit|p2b: Tauros\n|-damage|p2b: Tauros|87/100\n|cant|p2b: Tauros|flinch\n|move|p1a: mukk|High Horsepower|p2b: Tauros\n|-damage|p2b: Tauros|32/100\n|-enditem|p2b: Tauros|Sitrus Berry|[eat]\n|-heal|p2b: Tauros|57/100|[from] item: Sitrus Berry\n|\n|-heal|p1a: mukk|87/100|[from] item: Leftovers\n|upkeep\n|turn|2\n|\n|t:|1776561111\n|move|p1a: mukk|Protect|p1a: mukk\n|-singleturn|p1a: mukk|Protect\n|move|p2b: Tauros|Aqua Jet|p1b: Simisear\n|-supereffective|p1b: Simisear|1\n|-damage|p1b: Simisear|44/100\n|move|p2a: Lopunny|Close Combat|p1b: Simisear\n|-damage|p1b: Simisear|0 fnt\n|-unboost|p2a: Lopunny|def|1\n|-unboost|p2a: Lopunny|spd|1\n|faint|p1b: Simisear\n|\n|-heal|p1a: mukk|93/100|[from] item: Leftovers\n|upkeep\n|\n|t:|1776561120\n|switch|p1b: fuk|Floette-Eternal, L50, F|100/100\n|turn|3\n|\n|t:|1776561128\n|switch|p2a: Whimsicott|Whimsicott, L50, F|100/100\n|switch|p1a: mukhuk|Maushold, L50|100/100\n|detailschange|p1b: fuk|Floette-Mega, L50, F\n|-mega|p1b: fuk|Floette|Floettite\n|-ability|p1b: fuk|Fairy Aura\n|move|p1b: fuk|Dazzling Gleam|p2b: Tauros|[spread] p2a,p2b\n|-supereffective|p2b: Tauros|1\n|-damage|p2a: Whimsicott|31/100\n|-damage|p2b: Tauros|0 fnt\n|faint|p2b: Tauros\n|\n|upkeep\n|\n|t:|1776561138\n|switch|p2b: Typhlosion|Typhlosion-Hisui, L50, F|100/100\n|-item|p1a: mukhuk|Sitrus Berry|[from] ability: Frisk|[of] p2b: Typhlosion\n|-item|p1b: fuk|Floettite|[from] ability: Frisk|[of] p2b: Typhlosion\n|turn|4\n|\n|t:|1776561158\n|move|p1a: mukhuk|Protect|p1a: mukhuk\n|-singleturn|p1a: mukhuk|Protect\n|move|p2b: Typhlosion|Eruption|p1a: mukhuk|[spread] p1b\n|-activate|p1a: mukhuk|move: Protect\n|-damage|p1b: fuk|68/100\n|move|p2a: Whimsicott|Moonblast|p1b: fuk\n|-damage|p1b: fuk|42/100\n|move|p1b: fuk|Calm Mind|p1b: fuk\n|-boost|p1b: fuk|spa|1\n|-boost|p1b: fuk|spd|1\n|\n|upkeep\n|turn|5\n|\n|t:|1776561177\n|move|p1b: fuk|Protect|p1b: fuk\n|-singleturn|p1b: fuk|Protect\n|move|p2a: Whimsicott|Encore|p1b: fuk\n|-activate|p1b: fuk|move: Protect\n|move|p2b: Typhlosion|Eruption|p1b: fuk|[spread] p1a\n|-activate|p1b: fuk|move: Protect\n|-damage|p1a: mukhuk|20/100\n|-enditem|p1a: mukhuk|Sitrus Berry|[eat]\n|-heal|p1a: mukhuk|45/100|[from] item: Sitrus Berry\n|move|p1a: mukhuk|Crunch|p2b: Typhlosion\n|-supereffective|p2b: Typhlosion|1\n|-damage|p2b: Typhlosion|61/100\n|-unboost|p2b: Typhlosion|def|1\n|\n|upkeep\n|turn|6\n|\n|t:|1776561196\n|move|p1a: mukhuk|Follow Me|p1a: mukhuk\n|-singleturn|p1a: mukhuk|move: Follow Me\n|move|p2a: Whimsicott|Encore|p1a: mukhuk\n|-start|p1a: mukhuk|Encore\n|move|p2b: Typhlosion|Eruption|p1b: fuk|[spread] p1a,p1b\n|-damage|p1a: mukhuk|0 fnt\n|-damage|p1b: fuk|29/100\n|faint|p1a: mukhuk\n|move|p1b: fuk|Dazzling Gleam|p2b: Typhlosion|[spread] p2a,p2b\n|-resisted|p2b: Typhlosion|1\n|-damage|p2a: Whimsicott|0 fnt\n|-damage|p2b: Typhlosion|20/100\n|faint|p2a: Whimsicott\n|\n|upkeep\n|\n|t:|1776561207\n|switch|p2a: Lopunny|Lopunny-Mega, L50, M|100/100\n|switch|p1a: mukk|Mudsdale, L50, F|93/100\n|turn|7\n|\n|t:|1776561220\n|move|p1b: fuk|Protect|p1b: fuk\n|-singleturn|p1b: fuk|Protect\n|move|p2b: Typhlosion|Eruption|p1b: fuk|[spread] p1a\n|-activate|p1b: fuk|move: Protect\n|-damage|p1a: mukk|82/100\n|move|p2a: Lopunny|Ice Punch|p1a: mukk\n|-supereffective|p1a: mukk|1\n|-damage|p1a: mukk|32/100\n|move|p1a: mukk|Rock Slide|p2b: Typhlosion|[spread] p2a,p2b\n|-resisted|p2a: Lopunny|1\n|-supereffective|p2b: Typhlosion|1\n|-damage|p2a: Lopunny|88/100\n|-damage|p2b: Typhlosion|0 fnt\n|faint|p2b: Typhlosion\n|\n|-heal|p1a: mukk|38/100|[from] item: Leftovers\n|upkeep\n|turn|8\n|\n|t:|1776561243\n|move|p2a: Lopunny|Ice Punch|p1b: fuk\n|-damage|p1b: fuk|5/100\n|move|p1b: fuk|Dazzling Gleam|p2a: Lopunny\n|-supereffective|p2a: Lopunny|1\n|-damage|p2a: Lopunny|0 fnt\n|faint|p2a: Lopunny\n|\n|win|parry gonzales\n|c|\u2606hunterdrago|ggs\n",
  "uploadtime": 1776561247,
  "views": 31,
  "formatid": "gen9championsvgc2026regma",
  "rating": null,
  "private": 0,
  "password": null
}