{
  "id": "gen9championsvgc2026regma-2585341605",
  "format": "[Gen 9 Champions] VGC 2026 Reg M-A",
  "players": [
    "CookHurlin",
    "godfocker"
  ],
  "log": "|j|\u2606CookHurlin\n|j|\u2606godfocker\n|t:|1776339535\n|gametype|doubles\n|player|p1|CookHurlin|102|1358\n|player|p2|godfocker|266|1407\n|gen|9\n|tier|[Gen 9 Champions] VGC 2026 Reg M-A\n|rated|\n|rule|Species Clause: Limit one of each Pok\u00e9mon\n|rule|Item Clause: Limit 1 of each item\n|clearpoke\n|poke|p1|Floette-Eternal, L50, F|\n|poke|p1|Archaludon, L50, M|\n|poke|p1|Aerodactyl, L50, M|\n|poke|p1|Kangaskhan, L50, F|\n|poke|p1|Gengar, L50, F|\n|poke|p1|Tauros-Paldea-Aqua, L50, M|\n|poke|p2|Volcarona, L50, F|\n|poke|p2|Gengar, L50, F|\n|poke|p2|Incineroar, L50, M|\n|poke|p2|Sinistcha, L50|\n|poke|p2|Garchomp, L50, M|\n|poke|p2|Ninetales-Alola, L50, F|\n|teampreview|4\n|inactive|Battle timer is ON: inactive players will automatically lose when time's up. (requested by godfocker)\n|\n|t:|1776339583\n|teamsize|p1|4\n|teamsize|p2|4\n|start\n|switch|p1a: Gengar|Gengar, L50, F|100/100\n|switch|p1b: Archaludon|Archaludon, L50, M|100/100\n|switch|p2a: Gengar|Gengar, L50, F|100/100\n|switch|p2b: Volcarona|Volcarona, L50, F|100/100\n|turn|1\n|inactive|CookHurlin has 30 seconds left.\n|inactive|CookHurlin has 20 seconds left.\n|\n|t:|1776339621\n|detailschange|p2a: Gengar|Gengar-Mega, L50, F\n|-mega|p2a: Gengar|Gengar|Gengarite\n|move|p1a: Gengar|Shadow Ball|p2a: Gengar\n|-supereffective|p2a: Gengar|1\n|-damage|p2a: Gengar|0 fnt\n|faint|p2a: Gengar\n|move|p1b: Archaludon|Dragon Pulse|p2b: Volcarona\n|-damage|p2b: Volcarona|62/100\n|move|p2b: Volcarona|Quiver Dance|p2b: Volcarona\n|-boost|p2b: Volcarona|spa|1\n|-boost|p2b: Volcarona|spd|1\n|-boost|p2b: Volcarona|spe|1\n|\n|-heal|p2b: Volcarona|69/100|[from] item: Leftovers\n|upkeep\n|\n|t:|1776339630\n|switch|p2a: Garchomp|Garchomp, L50, M|100/100\n|turn|2\n|inactive|CookHurlin has 30 seconds left.\n|\n|t:|1776339658\n|switch|p1a: Aerodactyl|Aerodactyl, L50, M|100/100\n|-ability|p1a: Aerodactyl|Unnerve\n|move|p2a: Garchomp|Protect|p2a: Garchomp\n|-singleturn|p2a: Garchomp|Protect\n|move|p2b: Volcarona|Quiver Dance|p2b: Volcarona\n|-boost|p2b: Volcarona|spa|1\n|-boost|p2b: Volcarona|spd|1\n|-boost|p2b: Volcarona|spe|1\n|move|p1b: Archaludon|Dragon Pulse|p2a: Garchomp\n|-activate|p2a: Garchomp|move: Protect\n|\n|-heal|p2b: Volcarona|75/100|[from] item: Leftovers\n|upkeep\n|turn|3\n|inactive|CookHurlin has 30 seconds left.\n|\n|t:|1776339684\n|move|p2b: Volcarona|Protect|p2b: Volcarona\n|-singleturn|p2b: Volcarona|Protect\n|move|p1a: Aerodactyl|Tailwind|p1a: Aerodactyl\n|-sidestart|p1: CookHurlin|move: Tailwind\n|move|p1b: Archaludon|Dragon Pulse|p2a: Garchomp\n|-supereffective|p2a: Garchomp|1\n|-damage|p2a: Garchomp|3/100\n|move|p2a: Garchomp|Dragon Claw|p1a: Aerodactyl\n|-damage|p1a: Aerodactyl|15/100\n|\n|-heal|p2b: Volcarona|81/100|[from] item: Leftovers\n|upkeep\n|turn|4\n|inactive|CookHurlin has 30 seconds left.\n|\n|t:|1776339714\n|switch|p2a: Sinistcha|Sinistcha, L50|100/100\n|-heal|p2b: Volcarona|100/100|[from] ability: Hospitality|[of] p2a: Sinistcha\n|move|p1a: Aerodactyl|Rock Slide|p2a: Sinistcha|[spread] p2a,p2b\n|-supereffective|p2b: Volcarona|2\n|-damage|p2a: Sinistcha|71/100\n|-damage|p2b: Volcarona|5/100\n|move|p1b: Archaludon|Dragon Pulse|p2a: Sinistcha\n|-damage|p2a: Sinistcha|9/100\n|move|p2b: Volcarona|Heat Wave|p1a: Aerodactyl|[spread] p1a,p1b\n|-resisted|p1a: Aerodactyl|1\n|-damage|p1a: Aerodactyl|0 fnt\n|-ability|p1b: Archaludon|Sturdy\n|-damage|p1b: Archaludon|1/100\n|-enditem|p2a: Sinistcha|Sitrus Berry|[eat]\n|-heal|p2a: Sinistcha|33/100|[from] item: Sitrus Berry\n|faint|p1a: Aerodactyl\n|\n|-heal|p1b: Archaludon|7/100|[from] item: Leftovers\n|-heal|p2b: Volcarona|11/100|[from] item: Leftovers\n|upkeep\n|inactive|CookHurlin has 30 seconds left.\n|\n|t:|1776339741\n|switch|p1a: Gengar|Gengar, L50, F|100/100\n|turn|5\n|\n|t:|1776339750\n|switch|p2a: Garchomp|Garchomp, L50, M|3/100\n|move|p2b: Volcarona|Protect|p2b: Volcarona\n|-singleturn|p2b: Volcarona|Protect\n|move|p1a: Gengar|Shadow Ball|p2b: Volcarona\n|-activate|p2b: Volcarona|move: Protect\n|move|p1b: Archaludon|Dragon Pulse|p2a: Garchomp\n|-supereffective|p2a: Garchomp|1\n|-damage|p2a: Garchomp|0 fnt\n|faint|p2a: Garchomp\n|\n|-heal|p1b: Archaludon|13/100|[from] item: Leftovers\n|-heal|p2b: Volcarona|17/100|[from] item: Leftovers\n|upkeep\n|\n|t:|1776339760\n|switch|p2a: Sinistcha|Sinistcha, L50|33/100\n|-heal|p2b: Volcarona|42/100|[from] ability: Hospitality|[of] p2a: Sinistcha\n|turn|6\n|inactive|CookHurlin has 30 seconds left.\n|inactive|CookHurlin has 20 seconds left.\n|inactive|CookHurlin has 15 seconds left.\n|\n|t:|1776339803\n|move|p2a: Sinistcha|Rage Powder|p2a: Sinistcha\n|-singleturn|p2a: Sinistcha|move: Rage Powder\n|move|p1a: Gengar|Shadow Ball|p2a: Sinistcha\n|-supereffective|p2a: Sinistcha|1\n|-damage|p2a: Sinistcha|0 fnt\n|faint|p2a: Sinistcha\n|move|p1b: Archaludon|Dragon Pulse|p2b: Volcarona\n|-damage|p2b: Volcarona|22/100\n|move|p2b: Volcarona|Heat Wave|p1a: Gengar|[spread] p1a,p1b\n|-damage|p1a: Gengar|0 fnt\n|-damage|p1b: Archaludon|0 fnt\n|faint|p1a: Gengar\n|faint|p1b: Archaludon\n|\n|-heal|p2b: Volcarona|28/100|[from] item: Leftovers\n|-sideend|p1: CookHurlin|move: Tailwind\n|upkeep\n|\n|t:|1776339821\n|switch|p1a: Floette|Floette-Eternal, L50, F|100/100\n|turn|7\n|\n|t:|1776339828\n|detailschange|p1a: Floette|Floette-Mega, L50, F\n|-mega|p1a: Floette|Floette|Floettite\n|-ability|p1a: Floette|Fairy Aura\n|move|p2b: Volcarona|Giga Drain|p1a: Floette\n|-damage|p1a: Floette|66/100\n|-heal|p2b: Volcarona|44/100|[from] drain|[of] p1a: Floette\n|move|p1a: Floette|Moonblast|p2b: Volcarona\n|-resisted|p2b: Volcarona|1\n|-damage|p2b: Volcarona|27/100\n|\n|-heal|p2b: Volcarona|33/100|[from] item: Leftovers\n|upkeep\n|turn|8\n|\n|t:|1776339842\n|move|p2b: Volcarona|Heat Wave|p1a: Floette\n|-damage|p1a: Floette|0 fnt\n|faint|p1a: Floette\n|\n|win|godfocker\n|raw|CookHurlin's rating: 1358 &rarr; <strong>1341</strong><br />(-17 for losing)\n|raw|godfocker's rating: 1407 &rarr; <strong>1424</strong><br />(+17 for winning)\n",
  "uploadtime": 1776339850,
  "views": 28,
  "formatid": "gen9championsvgc2026regma",
  "rating": 1341,
  "private": 0,
  "password": null
}