{
  "id": "gen9championsvgc2026regma-2586129509",
  "format": "[Gen 9 Champions] VGC 2026 Reg M-A",
  "players": [
    "acromnies",
    "Duke Kayn"
  ],
  "log": "|j|\u2606acromnies\n|j|\u2606Duke Kayn\n|t:|1776402609\n|gametype|doubles\n|player|p1|acromnies|n|1009\n|player|p2|Duke Kayn|gambler|1004\n|gen|9\n|tier|[Gen 9 Champions] VGC 2026 Reg M-A\n|rated|\n|rule|Species Clause: Limit one of each Pok\u00e9mon\n|rule|Item Clause: Limit 1 of each item\n|clearpoke\n|poke|p1|Floette-Eternal, L50, F|\n|poke|p1|Excadrill, L50, M|\n|poke|p1|Gardevoir, L50, F|\n|poke|p1|Sableye, L50, M|\n|poke|p1|Sneasler, L50, F|\n|poke|p1|Torkoal, L50, F|\n|poke|p2|Sableye, L50, F|\n|poke|p2|Glalie, L50, F|\n|poke|p2|Azumarill, L50, M|\n|poke|p2|Sinistcha, L50|\n|poke|p2|Lopunny, L50, M|\n|poke|p2|Tinkaton, L50, F|\n|teampreview|4\n|inactive|Battle timer is ON: inactive players will automatically lose when time's up. (requested by Duke Kayn)\n|\n|t:|1776402631\n|teamsize|p1|4\n|teamsize|p2|4\n|start\n|switch|p1a: good fires|Torkoal, L50, F|100/100\n|switch|p1b: maki|Sneasler, L50, F|100/100\n|switch|p2a: Sableye|Sableye, L50, F|100/100\n|switch|p2b: Glalie|Glalie, L50, F|100/100\n|-weather|SunnyDay|[from] ability: Drought|[of] p1a: good fires\n|turn|1\n|\n|t:|1776402647\n|switch|p2b: Sinistcha|Sinistcha, L50|100/100\n|move|p1b: maki|Fake Out|p2a: Sableye\n|-immune|p2a: Sableye\n|move|p2a: Sableye|Encore|p1b: maki\n|-start|p1b: maki|Encore\n|move|p1a: good fires|Stealth Rock|p2a: Sableye\n|-sidestart|p2: Duke Kayn|move: Stealth Rock\n|\n|-weather|SunnyDay|[upkeep]\n|upkeep\n|turn|2\n|-activate|p1a: good fires|item: Quick Claw\n|\n|t:|1776402667\n|switch|p1b: shaylaaa|Gardevoir, L50, F, shiny|100/100\n|move|p2a: Sableye|Encore|p1a: good fires\n|-start|p1a: good fires|Encore\n|move|p2b: Sinistcha|Shadow Ball|p1a: good fires\n|-damage|p1a: good fires|53/100\n|move|p1a: good fires|Stealth Rock||[still]\n|-fail|p1a: good fires\n|\n|-weather|SunnyDay|[upkeep]\n|upkeep\n|turn|3\n|\n|t:|1776402691\n|switch|p1a: heavy|Floette-Eternal, L50, F|100/100\n|move|p1b: shaylaaa|Trick|p2b: Sinistcha\n|-activate|p1b: shaylaaa|move: Trick|[of] p2b: Sinistcha\n|-item|p2b: Sinistcha|Choice Scarf|[from] move: Trick\n|-item|p1b: shaylaaa|Leftovers|[from] move: Trick\n|move|p2b: Sinistcha|Shadow Ball|p1b: shaylaaa\n|-supereffective|p1b: shaylaaa|1\n|-damage|p1b: shaylaaa|21/100\n|move|p2a: Sableye|Knock Off|p1b: shaylaaa\n|-damage|p1b: shaylaaa|0 fnt\n|-enditem|p1b: shaylaaa|Leftovers|[from] move: Knock Off|[of] p2a: Sableye\n|faint|p1b: shaylaaa\n|\n|-weather|SunnyDay|[upkeep]\n|upkeep\n|\n|t:|1776402705\n|switch|p1b: maki|Sneasler, L50, F|100/100\n|turn|4\n|inactive|acromnies has 30 seconds left.\n|\n|t:|1776402730\n|move|p1b: maki|Close Combat|p2b: Sinistcha\n|-immune|p2b: Sinistcha\n|move|p1a: heavy|Light of Ruin|p2a: Sableye\n|-supereffective|p2a: Sableye|1\n|-damage|p2a: Sableye|0 fnt\n|faint|p2a: Sableye\n|-damage|p1a: heavy|47/100|[from] Recoil\n|move|p2b: Sinistcha|Shadow Ball|p1b: maki\n|-damage|p1b: maki|49/100\n|\n|-weather|SunnyDay|[upkeep]\n|upkeep\n|\n|t:|1776402742\n|switch|p2a: Glalie|Glalie, L50, F|100/100\n|-damage|p2a: Glalie|76/100|[from] Stealth Rock\n|turn|5\n|\n|t:|1776402757\n|detailschange|p2a: Glalie|Glalie-Mega, L50, F\n|-mega|p2a: Glalie|Glalie|Glalitite\n|move|p2a: Glalie|Ice Shard|p1a: heavy\n|-damage|p1a: heavy|15/100\n|move|p1b: maki|Dire Claw|p2b: Sinistcha\n|-damage|p2b: Sinistcha|58/100\n|move|p1a: heavy|Light of Ruin|p2a: Glalie\n|-damage|p2a: Glalie|0 fnt\n|faint|p2a: Glalie\n|-damage|p1a: heavy|0 fnt|[from] Recoil\n|faint|p1a: heavy\n|move|p2b: Sinistcha|Shadow Ball|p1b: maki\n|-damage|p1b: maki|0 fnt\n|faint|p1b: maki\n|\n|-weather|none\n|upkeep\n|c|\u2606acromnies|dude did i forget to mega\n|c|\u2606acromnies|wow im too high\n|inactive|acromnies has 30 seconds left.\n|\n|t:|1776402785\n|switch|p1b: good fires|Torkoal, L50, F|53/100\n|switch|p2a: Azumarill|Azumarill, L50, M|100/100\n|-damage|p2a: Azumarill|88/100|[from] Stealth Rock\n|-weather|SunnyDay|[from] ability: Drought|[of] p1b: good fires\n|turn|6\n|c|\u2606Duke Kayn|dude\n|c|\u2606Duke Kayn|i am too its okay\n|\n|t:|1776402800\n|move|p2b: Sinistcha|Shadow Ball|p1b: good fires\n|-damage|p1b: good fires|5/100\n|move|p2a: Azumarill|Belly Drum|p2a: Azumarill\n|-damage|p2a: Azumarill|38/100\n|-setboost|p2a: Azumarill|atk|6|[from] move: Belly Drum\n|-enditem|p2a: Azumarill|Sitrus Berry|[eat]\n|-heal|p2a: Azumarill|63/100|[from] item: Sitrus Berry\n|move|p1b: good fires|Solar Beam||[still]\n|-prepare|p1b: good fires|Solar Beam\n|-anim|p1b: good fires|Solar Beam|p2a: Azumarill\n|-supereffective|p2a: Azumarill|1\n|-damage|p2a: Azumarill|14/100\n|\n|-weather|SunnyDay|[upkeep]\n|upkeep\n|turn|7\n|c|\u2606Duke Kayn|ggs\n|\n|t:|1776402817\n|move|p2a: Azumarill|Aqua Jet|p1b: good fires\n|-supereffective|p1b: good fires|1\n|-damage|p1b: good fires|0 fnt\n|faint|p1b: good fires\n|\n|win|Duke Kayn\n|raw|acromnies's rating: 1009 &rarr; <strong>1000</strong><br />(-9 for losing)\n|raw|Duke Kayn's rating: 1004 &rarr; <strong>1044</strong><br />(+40 for winning)\n|c|\u2606acromnies|ggs LMAO\n|l|\u2606acromnies\n|player|p1|\n",
  "uploadtime": 1776402827,
  "views": 19,
  "formatid": "gen9championsvgc2026regma",
  "rating": 1000,
  "private": 0,
  "password": null
}