{
  "id": "gen9championsvgc2026regma-2586150484",
  "format": "[Gen 9 Champions] VGC 2026 Reg M-A",
  "players": [
    "C3z_Toxic",
    "fimmm"
  ],
  "log": "|j|\u2606C3z_Toxic\n|j|\u2606fimmm\n|t:|1776405390\n|gametype|doubles\n|player|p1|C3z_Toxic|galacticgrunt|1178\n|player|p2|fimmm|whitney|1192\n|gen|9\n|tier|[Gen 9 Champions] VGC 2026 Reg M-A\n|rated|\n|rule|Species Clause: Limit one of each Pok\u00e9mon\n|rule|Item Clause: Limit 1 of each item\n|clearpoke\n|poke|p1|Talonflame, L50, M|\n|poke|p1|Sneasler, L50, M|\n|poke|p1|Araquanid, L50, M|\n|poke|p1|Manectric, L50, F|\n|poke|p1|Hydreigon, L50, M|\n|poke|p1|Feraligatr, L50, M|\n|poke|p2|Clefable, L50, F|\n|poke|p2|Floette-Eternal, L50, F|\n|poke|p2|Whimsicott, L50, M|\n|poke|p2|Tinkaton, L50, F|\n|poke|p2|Klefki, L50, F|\n|poke|p2|Azumarill, L50, M|\n|teampreview|4\n|inactive|Battle timer is ON: inactive players will automatically lose when time's up. (requested by fimmm)\nC3z_Toxic has agreed to open team sheets.\n|\n|t:|1776405420\n|teamsize|p1|4\n|teamsize|p2|4\n|start\n|switch|p1a: Talonflame|Talonflame, L50, M|100/100\n|switch|p1b: Sneasler|Sneasler, L50, M|100/100\n|switch|p2a: Klefki|Klefki, L50, F|100/100\n|switch|p2b: Floette|Floette-Eternal, L50, F|100/100\n|turn|1\n|\n|t:|1776405439\n|detailschange|p2b: Floette|Floette-Mega, L50, F\n|-mega|p2b: Floette|Floette|Floettite\n|-ability|p2b: Floette|Fairy Aura\n|move|p2b: Floette|Protect|p2b: Floette\n|-singleturn|p2b: Floette|Protect\n|move|p1b: Sneasler|Fake Out|p2a: Klefki\n|-resisted|p2a: Klefki|1\n|-damage|p2a: Klefki|94/100\n|move|p1a: Talonflame|Tailwind|p1a: Talonflame\n|-sidestart|p1: C3z_Toxic|move: Tailwind\n|cant|p2a: Klefki|flinch\n|\n|upkeep\n|turn|2\n|inactive|fimmm has 30 seconds left.\n|\n|t:|1776405466\n|move|p1a: Talonflame|Heat Wave|p2a: Klefki|[spread] p2a,p2b\n|-supereffective|p2a: Klefki|1\n|-damage|p2a: Klefki|35/100\n|-damage|p2b: Floette|83/100\n|move|p1b: Sneasler|Dire Claw|p2b: Floette\n|-supereffective|p2b: Floette|1\n|-damage|p2b: Floette|13/100\n|move|p2b: Floette|Calm Mind|p2b: Floette\n|-boost|p2b: Floette|spa|1\n|-boost|p2b: Floette|spd|1\n|move|p2a: Klefki|Trick Room|p2a: Klefki\n|-fieldstart|move: Trick Room|[of] p2a: Klefki\n|\n|upkeep\n|turn|3\n|inactive|C3z_Toxic has 30 seconds left.\n|\n|t:|1776405499\n|move|p2b: Floette|Protect|p2b: Floette\n|-singleturn|p2b: Floette|Protect\n|move|p1b: Sneasler|Protect|p1b: Sneasler\n|-singleturn|p1b: Sneasler|Protect\n|move|p2a: Klefki|Dazzling Gleam|p1a: Talonflame|[spread] p1a\n|-activate|p1b: Sneasler|move: Protect\n|-resisted|p1a: Talonflame|1\n|-damage|p1a: Talonflame|84/100\n|move|p1a: Talonflame|Heat Wave|p2a: Klefki|[spread] p2a\n|-activate|p2b: Floette|move: Protect\n|-supereffective|p2a: Klefki|1\n|-damage|p2a: Klefki|0 fnt\n|faint|p2a: Klefki\n|\n|upkeep\n|\n|t:|1776405521\n|switch|p2a: Clefable|Clefable, L50, F|100/100\n|turn|4\n|\n|t:|1776405542\n|move|p1a: Talonflame|Protect|p1a: Talonflame\n|-singleturn|p1a: Talonflame|Protect\n|move|p2a: Clefable|Skill Swap|p2b: Floette\n|-activate|p2a: Clefable|Skill Swap|||[of] p2b: Floette\n|-ability|p2a: Clefable|Fairy Aura\n|move|p2b: Floette|Draining Kiss|p1b: Sneasler\n|-damage|p1b: Sneasler|34/100\n|-heal|p2b: Floette|59/100|[from] drain|[of] p1b: Sneasler\n|move|p1b: Sneasler|Dire Claw|p2a: Clefable\n|-supereffective|p2a: Clefable|1\n|-damage|p2a: Clefable|28/100\n|-enditem|p2a: Clefable|Sitrus Berry|[eat]\n|-heal|p2a: Clefable|53/100|[from] item: Sitrus Berry\n|\n|-sideend|p1: C3z_Toxic|move: Tailwind\n|upkeep\n|turn|5\n|inactive|fimmm has 30 seconds left.\n|\n|t:|1776405575\n|move|p2a: Clefable|Follow Me|p2a: Clefable\n|-singleturn|p2a: Clefable|move: Follow Me\n|move|p2b: Floette|Light of Ruin|p1a: Talonflame\n|-resisted|p1a: Talonflame|1\n|-damage|p1a: Talonflame|0 fnt\n|faint|p1a: Talonflame\n|move|p1b: Sneasler|Dire Claw|p2a: Clefable\n|-supereffective|p2a: Clefable|1\n|-damage|p2a: Clefable|0 fnt\n|faint|p2a: Clefable\n|\n|upkeep\n|\n|t:|1776405585\n|switch|p2a: Whimsicott|Whimsicott, L50, M|100/100\n|switch|p1a: Feraligatr|Feraligatr, L50, M|100/100\n|turn|6\n|inactive|C3z_Toxic has 30 seconds left.\n|\n|t:|1776405619\n|move|p1b: Sneasler|Protect|p1b: Sneasler\n|-singleturn|p1b: Sneasler|Protect\n|move|p2b: Floette|Light of Ruin|p1a: Feraligatr\n|-damage|p1a: Feraligatr|0 fnt\n|faint|p1a: Feraligatr\n|move|p2a: Whimsicott|Moonblast|p1b: Sneasler\n|-activate|p1b: Sneasler|move: Protect\n|\n|-fieldend|move: Trick Room\n|upkeep\n|\n|t:|1776405628\n|switch|p1a: Manectric|Manectric, L50, F|100/100\n|turn|7\n|\n|t:|1776405636\n|detailschange|p1a: Manectric|Manectric-Mega, L50, F\n|-mega|p1a: Manectric|Manectric|Manectite\n|-ability|p1a: Manectric|Intimidate|boost\n|-unboost|p2a: Whimsicott|atk|1\n|-unboost|p2b: Floette|atk|1\n|move|p2a: Whimsicott|Encore|p1b: Sneasler\n|-start|p1b: Sneasler|Encore\n|move|p1b: Sneasler|Protect||[still]\n|-fail|p1b: Sneasler\n|move|p1a: Manectric|Flamethrower|p2a: Whimsicott\n|-supereffective|p2a: Whimsicott|1\n|-enditem|p2a: Whimsicott|Focus Sash\n|-damage|p2a: Whimsicott|1/100\n|move|p2b: Floette|Draining Kiss|p1a: Manectric\n|-crit|p1a: Manectric\n|-damage|p1a: Manectric|15/100\n|-heal|p2b: Floette|100/100|[from] drain|[of] p1a: Manectric\n|\n|upkeep\n|turn|8\n|\n|t:|1776405653\n|move|p1b: Sneasler|Protect|p1b: Sneasler\n|-singleturn|p1b: Sneasler|Protect\n|move|p2a: Whimsicott|Tailwind|p2a: Whimsicott\n|-sidestart|p2: fimmm|move: Tailwind\n|move|p2b: Floette|Draining Kiss|p1a: Manectric\n|-damage|p1a: Manectric|0 fnt\n|faint|p1a: Manectric\n|\n|upkeep\n|turn|9\n|\n|t:|1776405661\n|move|p1b: Sneasler|Protect|p1b: Sneasler\n|-singleturn|p1b: Sneasler|Protect\n|move|p2a: Whimsicott|Encore|p2b: Floette\n|-start|p2b: Floette|Encore\n|move|p2b: Floette|Draining Kiss|p1b: Sneasler\n|-activate|p1b: Sneasler|move: Protect\n|\n|-end|p1b: Sneasler|Encore\n|upkeep\n|turn|10\n|c|\u2606C3z_Toxic|gg\n|\n|t:|1776405671\n|move|p2a: Whimsicott|Encore|p1b: Sneasler\n|-start|p1b: Sneasler|Encore\n|move|p1b: Sneasler|Protect||[still]\n|-fail|p1b: Sneasler\n|move|p2b: Floette|Draining Kiss|p1b: Sneasler\n|-damage|p1b: Sneasler|0 fnt\n|faint|p1b: Sneasler\n|\n|win|fimmm\n|raw|C3z_Toxic's rating: 1178 &rarr; <strong>1154</strong><br />(-24 for losing)\n|raw|fimmm's rating: 1192 &rarr; <strong>1216</strong><br />(+24 for winning)\n|l|\u2606C3z_Toxic\n|player|p1|\n|c|\u2606fimmm|gg\n",
  "uploadtime": 1776405684,
  "views": 34,
  "formatid": "gen9championsvgc2026regma",
  "rating": 1154,
  "private": 0,
  "password": null
}