{
  "id": "gen9championsvgc2026regma-2585859551",
  "format": "[Gen 9 Champions] VGC 2026 Reg M-A",
  "players": [
    "yuriimon",
    "Ethan230"
  ],
  "log": "|j|\u2606yuriimon\n|j|\u2606Ethan230\n|t:|1776376174\n|gametype|doubles\n|player|p1|yuriimon|waitress-gen4|1173\n|player|p2|Ethan230|169|1234\n|gen|9\n|tier|[Gen 9 Champions] VGC 2026 Reg M-A\n|rated|\n|rule|Species Clause: Limit one of each Pok\u00e9mon\n|rule|Item Clause: Limit 1 of each item\n|clearpoke\n|poke|p1|Mimikyu, L50, F|\n|poke|p1|Crabominable, L50, M|\n|poke|p1|Vivillon, L50, M|\n|poke|p1|Garchomp, L50, F|\n|poke|p1|Abomasnow, L50, M|\n|poke|p1|Kingambit, L50, F|\n|poke|p2|Incineroar, L50, M|\n|poke|p2|Venusaur, L50, F|\n|poke|p2|Charizard, L50, M|\n|poke|p2|Torkoal, L50, F|\n|poke|p2|Sneasler, L50, M|\n|poke|p2|Archaludon, L50, F|\n|teampreview|4\n|inactive|Battle timer is ON: inactive players will automatically lose when time's up. (requested by Ethan230)\n|inactive|yuriimon also wants the timer to be on.\n|inactive|yuriimon has 60 seconds left.\n|inactive|Ethan230 has 60 seconds left.\n|inactive|Ethan230 has 30 seconds left.\n|inactive|Ethan230 has 20 seconds left.\n|\n|t:|1776376245\n|teamsize|p1|4\n|teamsize|p2|4\n|start\n|switch|p1a: Kingambit|Kingambit, L50, F|100/100\n|switch|p1b: Kanaya|Mimikyu, L50, F|100/100\n|switch|p2a: Charizard|Charizard, L50, M, shiny|100/100\n|switch|p2b: Incineroar|Incineroar, L50, M, shiny|100/100\n|-ability|p2b: Incineroar|Intimidate|boost\n|-unboost|p1a: Kingambit|atk|1\n|-ability|p1a: Kingambit|Defiant|boost\n|-boost|p1a: Kingambit|atk|2\n|-unboost|p1b: Kanaya|atk|1\n|turn|1\n|inactive|Ethan230 has 30 seconds left.\n|inactive|Ethan230 has 20 seconds left.\n|inactive|Ethan230 has 15 seconds left.\n|inactive|Ethan230 has 10 seconds left.\n|inactive|Ethan230 has 5 seconds left.\n|\n|t:|1776376296\n|detailschange|p2a: Charizard|Charizard-Mega-Y, L50, M, shiny\n|-mega|p2a: Charizard|Charizard|Charizardite Y\n|-weather|SunnyDay|[from] ability: Drought|[of] p2a: Charizard\n|move|p1a: Kingambit|Protect|p1a: Kingambit\n|-singleturn|p1a: Kingambit|Protect\n|move|p2b: Incineroar|Fake Out|p1a: Kingambit\n|-activate|p1a: Kingambit|move: Protect\n|move|p2a: Charizard|Heat Wave|p1b: Kanaya|[spread] p1b\n|-activate|p1a: Kingambit|move: Protect\n|-activate|p1b: Kanaya|ability: Disguise\n|-damage|p1b: Kanaya|100/100\n|detailschange|p1b: Kanaya|Mimikyu-Busted, L50, F\n|-damage|p1b: Kanaya|88/100|[from] pokemon: Mimikyu-Busted\n|move|p1b: Kanaya|Trick Room|p1b: Kanaya\n|-fieldstart|move: Trick Room|[of] p1b: Kanaya\n|\n|-weather|SunnyDay|[upkeep]\n|upkeep\n|turn|2\n|inactive|yuriimon has 30 seconds left.\n|inactive|yuriimon has 20 seconds left.\n|\n|t:|1776376333\n|move|p2a: Charizard|Protect|p2a: Charizard\n|-singleturn|p2a: Charizard|Protect\n|move|p1b: Kanaya|Shadow Sneak|p2a: Charizard\n|-activate|p2a: Charizard|move: Protect\n|move|p1a: Kingambit|Kowtow Cleave|p2a: Charizard\n|-activate|p2a: Charizard|move: Protect\n|move|p2b: Incineroar|Parting Shot|p1a: Kingambit\n|-unboost|p1a: Kingambit|atk|1\n|-ability|p1a: Kingambit|Defiant|boost\n|-boost|p1a: Kingambit|atk|2\n|-unboost|p1a: Kingambit|spa|1\n|-ability|p1a: Kingambit|Defiant|boost\n|-boost|p1a: Kingambit|atk|2\n|\n|t:|1776376354\n|switch|p2b: Archaludon|Archaludon, L50, F, shiny|100/100|[from] Parting Shot\n|\n|-weather|SunnyDay|[upkeep]\n|upkeep\n|turn|3\n|\n|t:|1776376369\n|move|p1a: Kingambit|Kowtow Cleave|p2a: Charizard\n|-damage|p2a: Charizard|0 fnt\n|faint|p2a: Charizard\n|move|p1b: Kanaya|Will-O-Wisp|p2b: Archaludon|[miss]\n|-miss|p1b: Kanaya|p2b: Archaludon\n|move|p2b: Archaludon|Flash Cannon|p1b: Kanaya\n|-supereffective|p1b: Kanaya|1\n|-damage|p1b: Kanaya|0 fnt\n|faint|p1b: Kanaya\n|\n|-weather|SunnyDay|[upkeep]\n|upkeep\n|\n|t:|1776376378\n|switch|p1b: Crabominable|Crabominable, L50, M|100/100\n|switch|p2a: Incineroar|Incineroar, L50, M, shiny|100/100\n|-ability|p2a: Incineroar|Intimidate|boost\n|-unboost|p1a: Kingambit|atk|1\n|-ability|p1a: Kingambit|Defiant|boost\n|-boost|p1a: Kingambit|atk|2\n|-fail|p1b: Crabominable|unboost|Attack|[from] ability: Hyper Cutter|[of] p1b: Crabominable\n|turn|4\n|\n|t:|1776376391\n|detailschange|p1b: Crabominable|Crabominable-Mega, L50, M\n|-mega|p1b: Crabominable|Crabominable|Crabominite\n|move|p1b: Crabominable|Protect|p1b: Crabominable\n|-singleturn|p1b: Crabominable|Protect\n|move|p1a: Kingambit|Protect|p1a: Kingambit\n|-singleturn|p1a: Kingambit|Protect\n|move|p2a: Incineroar|Fake Out|p1a: Kingambit\n|-activate|p1a: Kingambit|move: Protect\n|move|p2b: Archaludon|Flash Cannon|p1b: Crabominable\n|-activate|p1b: Crabominable|move: Protect\n|\n|-weather|SunnyDay|[upkeep]\n|upkeep\n|turn|5\n|-message|Ethan230 forfeited.\n|\n|win|yuriimon\n|raw|yuriimon's rating: 1173 &rarr; <strong>1202</strong><br />(+29 for winning)\n|raw|Ethan230's rating: 1234 &rarr; <strong>1205</strong><br />(-29 for losing)\n|l|\u2606Ethan230\n|player|p2|\n",
  "uploadtime": 1776376411,
  "views": 23,
  "formatid": "gen9championsvgc2026regma",
  "rating": 1202,
  "private": 0,
  "password": null
}