{
  "id": "gen9championsvgc2026regma-2580756723",
  "format": "[Gen 9 Champions] VGC 2026 Reg M-A",
  "players": [
    "suibiandajiba",
    "sammg"
  ],
  "log": "|j|\u2606suibiandajiba\n|j|\u2606sammg\n|t:|1775929962\n|gametype|doubles\n|player|p1|suibiandajiba|hilbert|1241\n|player|p2|sammg|101|1272\n|gen|9\n|tier|[Gen 9 Champions] VGC 2026 Reg M-A\n|rated|\n|rule|Species Clause: Limit one of each Pok\u00e9mon\n|rule|Item Clause: Limit 1 of each item\n|clearpoke\n|poke|p1|Gardevoir, L50, F|\n|poke|p1|Incineroar, L50, M|\n|poke|p1|Rotom-Wash, L50|\n|poke|p1|Garchomp, L50, F|\n|poke|p1|Corviknight, L50, F|\n|poke|p1|Sinistcha, L50|\n|poke|p2|Maushold-Four, L50|\n|poke|p2|Floette-Eternal, L50, F|\n|poke|p2|Garchomp, L50, M|\n|poke|p2|Talonflame, L50, M|\n|poke|p2|Rotom-Wash, L50|\n|poke|p2|Aegislash, L50, F|\n|teampreview|4\n|inactive|Battle timer is ON: inactive players will automatically lose when time's up. (requested by sammg)\n|inactive|suibiandajiba has 60 seconds left.\n|inactive|sammg has 60 seconds left.\n|inactive|sammg has 30 seconds left.\n|inactive|sammg has 20 seconds left.\n|inactive|sammg has 15 seconds left.\n|inactive|sammg has 10 seconds left.\n|\n|t:|1775930043\n|teamsize|p1|4\n|teamsize|p2|4\n|start\n|switch|p1a: Incineroar|Incineroar, L50, M|100/100\n|switch|p1b: Rotom|Rotom-Wash, L50|100/100\n|switch|p2a: Floette|Floette-Eternal, L50, F|100/100\n|switch|p2b: Maushold|Maushold-Four, L50|100/100\n|-ability|p1a: Incineroar|Intimidate|boost\n|-unboost|p2a: Floette|atk|1\n|-unboost|p2b: Maushold|atk|1\n|turn|1\n|inactive|suibiandajiba has 30 seconds left.\n|j| PlagueWagon\n|inactive|suibiandajiba has 20 seconds left.\n|\n|t:|1775930078\n|move|p2b: Maushold|Protect|p2b: Maushold\n|-singleturn|p2b: Maushold|Protect\n|move|p2a: Floette|Protect|p2a: Floette\n|-singleturn|p2a: Floette|Protect\n|move|p1b: Rotom|Trick|p2b: Maushold\n|-activate|p2b: Maushold|move: Protect\n|move|p1a: Incineroar|Parting Shot|p2a: Floette\n|-activate|p2a: Floette|move: Protect\n|\n|upkeep\n|turn|2\n|\n|t:|1775930095\n|detailschange|p2a: Floette|Floette-Mega, L50, F\n|-mega|p2a: Floette|Floette|Floettite\n|-ability|p2a: Floette|Fairy Aura\n|move|p1b: Rotom|Trick|p2b: Maushold\n|-activate|p1b: Rotom|move: Trick|[of] p2b: Maushold\n|-item|p2b: Maushold|Choice Scarf|[from] move: Trick\n|-item|p1b: Rotom|Focus Sash|[from] move: Trick\n|move|p2b: Maushold|Taunt|p1a: Incineroar\n|-start|p1a: Incineroar|move: Taunt\n|move|p2a: Floette|Calm Mind|p2a: Floette\n|-boost|p2a: Floette|spa|1\n|-boost|p2a: Floette|spd|1\n|cant|p1a: Incineroar|move: Taunt|Parting Shot\n|\n|upkeep\n|turn|3\n|\n|t:|1775930115\n|switch|p1a: Corviknight|Corviknight, L50, F|100/100\n|move|p2b: Maushold|Taunt|p1b: Rotom\n|-start|p1b: Rotom|move: Taunt\n|cant|p1b: Rotom|move: Taunt|Eerie Impulse\n|move|p2a: Floette|Dazzling Gleam|p1b: Rotom|[spread] p1a,p1b\n|-resisted|p1a: Corviknight|1\n|-damage|p1a: Corviknight|76/100\n|-damage|p1b: Rotom|18/100\n|\n|-heal|p1a: Corviknight|81/100|[from] item: Leftovers\n|upkeep\n|turn|4\n|\n|t:|1775930138\n|move|p2a: Floette|Protect|p2a: Floette\n|-singleturn|p2a: Floette|Protect\n|move|p2b: Maushold|Taunt|p1a: Corviknight\n|-start|p1a: Corviknight|move: Taunt\n|move|p1b: Rotom|Hydro Pump|p2a: Floette\n|-activate|p2a: Floette|move: Protect\n|move|p1a: Corviknight|Brave Bird|p2a: Floette\n|-activate|p2a: Floette|move: Protect\n|\n|-heal|p1a: Corviknight|87/100|[from] item: Leftovers\n|upkeep\n|turn|5\n|\n|t:|1775930153\n|move|p2b: Maushold|Taunt||[still]\n|-fail|p2b: Maushold\n|move|p1b: Rotom|Volt Switch|p2a: Floette\n|-damage|p2a: Floette|90/100\n|\n|t:|1775930157\n|switch|p1b: Incineroar|Incineroar, L50, M|100/100|[from] Volt Switch\n|-ability|p1b: Incineroar|Intimidate|boost\n|-unboost|p2a: Floette|atk|1\n|-unboost|p2b: Maushold|atk|1\n|move|p2a: Floette|Dazzling Gleam|p1b: Incineroar|[spread] p1a,p1b\n|-resisted|p1a: Corviknight|1\n|-damage|p1a: Corviknight|60/100\n|-damage|p1b: Incineroar|26/100\n|move|p1a: Corviknight|Brave Bird|p2a: Floette\n|-damage|p2a: Floette|58/100\n|-damage|p1a: Corviknight|50/100|[from] Recoil\n|\n|-heal|p1a: Corviknight|56/100|[from] item: Leftovers\n|upkeep\n|turn|6\n|\n|t:|1775930183\n|switch|p1b: Rotom|Rotom-Wash, L50|18/100\n|switch|p1a: Forever Queen|Gardevoir, L50, F, shiny|100/100\n|-ability|p1a: Forever Queen|Fairy Aura|Trace|[from] ability: Trace|[of] p2a: Floette\n|-ability|p1a: Forever Queen|Fairy Aura\n|move|p2a: Floette|Protect|p2a: Floette\n|-singleturn|p2a: Floette|Protect\n|move|p2b: Maushold|Taunt|p1b: Rotom\n|-start|p1b: Rotom|move: Taunt\n|\n|upkeep\n|turn|7\n|\n|t:|1775930206\n|move|p1a: Forever Queen|Protect|p1a: Forever Queen\n|-singleturn|p1a: Forever Queen|Protect\n|move|p2b: Maushold|Taunt|p1a: Forever Queen\n|-activate|p1a: Forever Queen|move: Protect\n|move|p1b: Rotom|Hydro Pump|p2a: Floette\n|-damage|p2a: Floette|41/100\n|move|p2a: Floette|Moonblast|p1a: Forever Queen\n|-activate|p1a: Forever Queen|move: Protect\n|\n|upkeep\n|turn|8\n|inactive|suibiandajiba has 30 seconds left.\n|inactive|suibiandajiba has 20 seconds left.\n|inactive|suibiandajiba has 15 seconds left.\n|inactive|suibiandajiba has 10 seconds left.\n|inactive|suibiandajiba has 5 seconds left.\n|\n|t:|1775930260\n|detailschange|p1a: Forever Queen|Gardevoir-Mega, L50, F, shiny\n|-mega|p1a: Forever Queen|Gardevoir|Gardevoirite\n|move|p2b: Maushold|Taunt|p1a: Forever Queen\n|-start|p1a: Forever Queen|move: Taunt\n|move|p1b: Rotom|Hydro Pump|p2b: Maushold|[miss]\n|-miss|p1b: Rotom|p2b: Maushold\n|move|p2a: Floette|Moonblast|p1a: Forever Queen\n|-damage|p1a: Forever Queen|8/100\n|move|p1a: Forever Queen|Hyper Voice|p2b: Maushold|[spread] p2a,p2b\n|-damage|p2a: Floette|14/100\n|-damage|p2b: Maushold|2/100\n|\n|-end|p1b: Rotom|move: Taunt\n|upkeep\n|turn|9\n|\n|t:|1775930282\n|switch|p2b: Talonflame|Talonflame, L50, M|100/100\n|move|p1b: Rotom|Hydro Pump|p2a: Floette\n|-damage|p2a: Floette|0 fnt\n|faint|p2a: Floette\n|move|p1a: Forever Queen|Hyper Voice|p2b: Talonflame\n|-resisted|p2b: Talonflame|1\n|-damage|p2b: Talonflame|46/100\n|\n|upkeep\n|\n|t:|1775930290\n|switch|p2a: Maushold|Maushold-Four, L50|2/100\n|turn|10\n|\n|t:|1775930301\n|move|p2a: Maushold|Follow Me|p2a: Maushold\n|-singleturn|p2a: Maushold|move: Follow Me\n|move|p2b: Talonflame|Tailwind|p2b: Talonflame\n|-sidestart|p2: sammg|move: Tailwind\n|move|p1b: Rotom|Volt Switch|p2a: Maushold\n|-damage|p2a: Maushold|0 fnt\n|faint|p2a: Maushold\n|\n|t:|1775930309\n|switch|p1b: Incineroar|Incineroar, L50, M|26/100|[from] Volt Switch\n|-ability|p1b: Incineroar|Intimidate|boost\n|-unboost|p2b: Talonflame|atk|1\n|move|p1a: Forever Queen|Hyper Voice|p2b: Talonflame\n|-resisted|p2b: Talonflame|1\n|-damage|p2b: Talonflame|0 fnt\n|faint|p2b: Talonflame\n|\n|-end|p1a: Forever Queen|move: Taunt\n|upkeep\n|\n|t:|1775930316\n|switch|p2a: Rotom|Rotom-Wash, L50|100/100\n|turn|11\n|\n|t:|1775930328\n|move|p1b: Incineroar|Fake Out|p2a: Rotom\n|-crit|p2a: Rotom\n|-damage|p2a: Rotom|80/100\n|cant|p2a: Rotom|flinch\n|move|p1a: Forever Queen|Trick Room|p1a: Forever Queen\n|-fieldstart|move: Trick Room|[of] p1a: Forever Queen\n|\n|upkeep\n|turn|12\n|j| GIZ25052003\n|l|\u2606sammg\n|inactive|sammg disconnected and has a minute to reconnect!\n|player|p2|\n|j|\u2606sammg\n|inactive|sammg reconnected and has 40 seconds left.\n|player|p2|sammg|101|\n|\n|t:|1775930352\n|move|p1b: Incineroar|Darkest Lariat|p2a: Rotom\n|-damage|p2a: Rotom|39/100\n|-enditem|p2a: Rotom|Sitrus Berry|[eat]\n|-heal|p2a: Rotom|64/100|[from] item: Sitrus Berry\n|move|p1a: Forever Queen|Hyper Voice|p2a: Rotom\n|-damage|p2a: Rotom|0 fnt\n|faint|p2a: Rotom\n|\n|win|suibiandajiba\n|raw|suibiandajiba's rating: 1241 &rarr; <strong>1268</strong><br />(+27 for winning)\n|raw|sammg's rating: 1272 &rarr; <strong>1245</strong><br />(-27 for losing)\n|l| PlagueWagon\n|l|\u2606sammg\n|player|p2|\n",
  "uploadtime": 1775930377,
  "views": 52,
  "formatid": "gen9championsvgc2026regma",
  "rating": 1245,
  "private": 0,
  "password": null
}