{
  "id": "gen9championsvgc2026regma-2585181498",
  "format": "[Gen 9 Champions] VGC 2026 Reg M-A",
  "players": [
    "txpxyy",
    "Bang Jiii"
  ],
  "log": "|j|\u2606txpxyy\n|j|\u2606Bang Jiii\n|t:|1776321928\n|gametype|doubles\n|player|p1|txpxyy|marshal|1000\n|player|p2|Bang Jiii|169|1040\n|gen|9\n|tier|[Gen 9 Champions] VGC 2026 Reg M-A\n|rated|\n|rule|Species Clause: Limit one of each Pok\u00e9mon\n|rule|Item Clause: Limit 1 of each item\n|clearpoke\n|poke|p1|Mimikyu, L50, M|\n|poke|p1|Clawitzer, L50, M|\n|poke|p1|Beedrill, L50, M|\n|poke|p1|Scizor, L50, F|\n|poke|p1|Talonflame, L50, F|\n|poke|p1|Incineroar, L50, F|\n|poke|p2|Ampharos, L50, M|\n|poke|p2|Krookodile, L50, M|\n|poke|p2|Meowstic, L50, M|\n|poke|p2|Mamoswine, L50, M|\n|poke|p2|Slowking, L50, M|\n|poke|p2|Tinkaton, L50, F|\n|teampreview|4\n|inactive|Battle timer is ON: inactive players will automatically lose when time's up. (requested by Bang Jiii)\n|\n|t:|1776321960\n|teamsize|p1|4\n|teamsize|p2|4\n|start\n|switch|p1a: Clawitzer|Clawitzer, L50, M|100/100\n|switch|p1b: Talonflame|Talonflame, L50, F|100/100\n|switch|p2a: Ampharos|Ampharos, L50, M|100/100\n|switch|p2b: Krookodile|Krookodile, L50, M|100/100\n|-ability|p2b: Krookodile|Intimidate|boost\n|-unboost|p1a: Clawitzer|atk|1\n|-unboost|p1b: Talonflame|atk|1\n|turn|1\n|inactive|Bang Jiii has 30 seconds left.\n|\n|t:|1776321993\n|detailschange|p2a: Ampharos|Ampharos-Mega, L50, M\n|-mega|p2a: Ampharos|Ampharos|Ampharosite\n|-ability|p2a: Ampharos|Mold Breaker\n|move|p1b: Talonflame|U-turn|p2b: Krookodile\n|-supereffective|p2b: Krookodile|1\n|-damage|p2b: Krookodile|74/100\n|\n|t:|1776322004\n|switch|p1b: Scizor|Scizor, L50, F|100/100|[from] U-turn\n|move|p1a: Clawitzer|Water Pulse|p2b: Krookodile\n|-supereffective|p2b: Krookodile|1\n|-damage|p2b: Krookodile|0 fnt\n|faint|p2b: Krookodile\n|move|p2a: Ampharos|Cotton Guard|p2a: Ampharos\n|-boost|p2a: Ampharos|def|3\n|\n|upkeep\n|\n|t:|1776322016\n|switch|p2b: Meowstic|Meowstic, L50, M|100/100\n|turn|2\n|\n|t:|1776322026\n|switch|p1a: Incineroar|Incineroar, L50, F|100/100\n|-ability|p1a: Incineroar|Intimidate|boost\n|-unboost|p2a: Ampharos|atk|1\n|-unboost|p2b: Meowstic|atk|1\n|detailschange|p1b: Scizor|Scizor-Mega, L50, F\n|-mega|p1b: Scizor|Scizor|Scizorite\n|move|p2b: Meowstic|Fake Out|p1b: Scizor\n|-resisted|p1b: Scizor|1\n|-crit|p1b: Scizor\n|-damage|p1b: Scizor|97/100\n|cant|p1b: Scizor|flinch\n|move|p2a: Ampharos|Charge|p2a: Ampharos\n|-boost|p2a: Ampharos|spd|1\n|-start|p2a: Ampharos|Charge\n|\n|upkeep\n|turn|3\n|inactive|Bang Jiii has 30 seconds left.\n|\n|t:|1776322056\n|move|p1a: Incineroar|Fake Out|p2a: Ampharos\n|-damage|p2a: Ampharos|96/100\n|move|p2b: Meowstic|Fake Tears|p1b: Scizor\n|-unboost|p1b: Scizor|spd|2\n|move|p1b: Scizor|Bug Buzz|p2b: Meowstic\n|-supereffective|p2b: Meowstic|1\n|-damage|p2b: Meowstic|51/100\n|-unboost|p2b: Meowstic|spd|1\n|cant|p2a: Ampharos|flinch\n|-end|p2a: Ampharos|Charge|[silent]\n|\n|upkeep\n|turn|4\n|\n|t:|1776322081\n|move|p1a: Incineroar|Parting Shot|p2a: Ampharos\n|-unboost|p2a: Ampharos|atk|1\n|-unboost|p2a: Ampharos|spa|1\n|\n|t:|1776322084\n|switch|p1a: Talonflame|Talonflame, L50, F|100/100|[from] Parting Shot\n|move|p1b: Scizor|Bug Buzz|p2b: Meowstic\n|-supereffective|p2b: Meowstic|1\n|-damage|p2b: Meowstic|0 fnt\n|faint|p2b: Meowstic\n|move|p2a: Ampharos|Discharge|p1a: Talonflame|[spread] p1a,p1b\n|-supereffective|p1a: Talonflame|1\n|-damage|p1a: Talonflame|18/100\n|-damage|p1b: Scizor|48/100\n|-status|p1b: Scizor|par\n|\n|upkeep\n|\n|t:|1776322098\n|switch|p2b: Slowking|Slowking, L50, M|100/100\n|turn|5\n|inactive|Bang Jiii has 30 seconds left.\n|inactive|Bang Jiii has 20 seconds left.\n|\n|t:|1776322134\n|move|p1a: Talonflame|Tailwind|p1a: Talonflame\n|-sidestart|p1: txpxyy|move: Tailwind\n|move|p1b: Scizor|Bug Buzz|p2b: Slowking\n|-supereffective|p2b: Slowking|1\n|-damage|p2b: Slowking|55/100\n|move|p2a: Ampharos|Charge|p2a: Ampharos\n|-boost|p2a: Ampharos|spd|1\n|-start|p2a: Ampharos|Charge\n|move|p2b: Slowking|Trick Room|p2b: Slowking\n|-fieldstart|move: Trick Room|[of] p2b: Slowking\n|\n|-heal|p2b: Slowking|61/100|[from] item: Leftovers\n|upkeep\n|turn|6\n|inactive|txpxyy has 30 seconds left.\n|inactive|Bang Jiii has 30 seconds left.\n|\n|t:|1776322167\n|move|p2b: Slowking|Psychic|p1b: Scizor\n|-resisted|p1b: Scizor|1\n|-damage|p1b: Scizor|12/100 par\n|move|p2a: Ampharos|Discharge|p1a: Talonflame|[spread] p2b,p1a,p1b\n|-supereffective|p2b: Slowking|1\n|-supereffective|p1a: Talonflame|1\n|-damage|p2b: Slowking|0 fnt\n|-damage|p1a: Talonflame|0 fnt\n|-damage|p1b: Scizor|0 fnt\n|faint|p2b: Slowking\n|faint|p1a: Talonflame\n|faint|p1b: Scizor\n|-end|p2a: Ampharos|Charge|[silent]\n|\n|upkeep\n|\n|t:|1776322177\n|switch|p1b: Incineroar|Incineroar, L50, F|100/100\n|switch|p1a: Clawitzer|Clawitzer, L50, M|100/100\n|-ability|p1b: Incineroar|Intimidate|boost\n|-unboost|p2a: Ampharos|atk|1\n|turn|7\n|\n|t:|1776322185\n|move|p1b: Incineroar|Fake Out|p2a: Ampharos\n|-damage|p2a: Ampharos|93/100\n|cant|p2a: Ampharos|flinch\n|move|p1a: Clawitzer|Dragon Pulse|p2a: Ampharos\n|-supereffective|p2a: Ampharos|1\n|-damage|p2a: Ampharos|57/100\n|\n|upkeep\n|turn|8\n|\n|t:|1776322197\n|move|p2a: Ampharos|Parabolic Charge|p1b: Incineroar|[spread] p1a,p1b\n|-supereffective|p1a: Clawitzer|1\n|-damage|p1a: Clawitzer|59/100\n|-heal|p2a: Ampharos|73/100|[from] drain|[of] p1a: Clawitzer\n|-damage|p1b: Incineroar|73/100\n|-heal|p2a: Ampharos|85/100|[from] drain|[of] p1b: Incineroar\n|move|p1b: Incineroar|Parting Shot|p2a: Ampharos\n|-unboost|p2a: Ampharos|atk|1\n|-unboost|p2a: Ampharos|spa|1\n|move|p1a: Clawitzer|Dragon Pulse|p2a: Ampharos\n|-supereffective|p2a: Ampharos|1\n|-damage|p2a: Ampharos|48/100\n|\n|-heal|p1b: Incineroar|79/100|[from] item: Leftovers\n|-sideend|p1: txpxyy|move: Tailwind\n|upkeep\n|turn|9\n|\n|t:|1776322213\n|move|p1b: Incineroar|Protect|p1b: Incineroar\n|-singleturn|p1b: Incineroar|Protect\n|move|p2a: Ampharos|Discharge|p1b: Incineroar|[spread] p1a\n|-activate|p1b: Incineroar|move: Protect\n|-supereffective|p1a: Clawitzer|1\n|-damage|p1a: Clawitzer|17/100\n|move|p1a: Clawitzer|Dragon Pulse|p2a: Ampharos\n|-supereffective|p2a: Ampharos|1\n|-damage|p2a: Ampharos|12/100\n|\n|-heal|p1b: Incineroar|85/100|[from] item: Leftovers\n|-fieldend|move: Trick Room\n|upkeep\n|turn|10\n|\n|t:|1776322228\n|move|p1a: Clawitzer|Dragon Pulse|p2a: Ampharos\n|-supereffective|p2a: Ampharos|1\n|-damage|p2a: Ampharos|0 fnt\n|faint|p2a: Ampharos\n|\n|win|txpxyy\n|raw|txpxyy's rating: 1000 &rarr; <strong>1045</strong><br />(+45 for winning)\n|raw|Bang Jiii's rating: 1040 &rarr; <strong>1022</strong><br />(-18 for losing)\n",
  "uploadtime": 1776322232,
  "views": 28,
  "formatid": "gen9championsvgc2026regma",
  "rating": 1022,
  "private": 0,
  "password": null
}