{
  "id": "gen9championsvgc2026regma-2582115737",
  "format": "[Gen 9 Champions] VGC 2026 Reg M-A",
  "players": [
    "Fakedomrilla",
    "miyukivgc2021"
  ],
  "log": "|j|\u2606Fakedomrilla\n|j|\u2606miyukivgc2021\n|t:|1776059905\n|gametype|doubles\n|player|p1|Fakedomrilla|red|1103\n|player|p2|miyukivgc2021|266|1218\n|gen|9\n|tier|[Gen 9 Champions] VGC 2026 Reg M-A\n|rated|\n|rule|Species Clause: Limit one of each Pok\u00e9mon\n|rule|Item Clause: Limit 1 of each item\n|clearpoke\n|poke|p1|Politoed, L50, M|\n|poke|p1|Gengar, L50, F|\n|poke|p1|Basculegion, L50, M|\n|poke|p1|Archaludon, L50, F|\n|poke|p1|Incineroar, L50, F|\n|poke|p1|Blastoise, L50, M|\n|poke|p2|Kangaskhan, L50, F|\n|poke|p2|Pelipper, L50, M|\n|poke|p2|Sneasler, L50, M|\n|poke|p2|Farigiraf, L50, M|\n|poke|p2|Basculegion, L50, M|\n|poke|p2|Manectric, L50, M|\n|teampreview|4\n|inactive|Battle timer is ON: inactive players will automatically lose when time's up. (requested by miyukivgc2021)\n|\n|t:|1776059967\n|teamsize|p1|4\n|teamsize|p2|4\n|start\n|switch|p1a: Gengar|Gengar, L50, F, shiny|100/100\n|switch|p1b: Incineroar|Incineroar, L50, F, shiny|100/100\n|switch|p2a: Kangaskhan|Kangaskhan, L50, F|100/100\n|switch|p2b: Basculegion|Basculegion, L50, M, shiny|100/100\n|-ability|p1b: Incineroar|Intimidate|boost\n|-fail|p2a: Kangaskhan|unboost|Attack|[from] ability: Scrappy|[of] p2a: Kangaskhan\n|-unboost|p2b: Basculegion|atk|1\n|turn|1\n|\n|t:|1776059987\n|move|p1a: Gengar|Protect|p1a: Gengar\n|-singleturn|p1a: Gengar|Protect\n|move|p1b: Incineroar|Protect|p1b: Incineroar\n|-singleturn|p1b: Incineroar|Protect\n|move|p2a: Kangaskhan|Fake Out|p1a: Gengar\n|-activate|p1a: Gengar|move: Protect\n|move|p2b: Basculegion|Flip Turn|p1b: Incineroar\n|-activate|p1b: Incineroar|move: Protect\n|\n|upkeep\n|turn|2\n|\n|t:|1776060003\n|detailschange|p1a: Gengar|Gengar-Mega, L50, F, shiny\n|-mega|p1a: Gengar|Gengar|Gengarite\n|move|p1a: Gengar|Perish Song|p1a: Gengar\n|-start|p1a: Gengar|perish3|[silent]\n|-start|p1b: Incineroar|perish3|[silent]\n|-start|p2a: Kangaskhan|perish3|[silent]\n|-start|p2b: Basculegion|perish3|[silent]\n|-fieldactivate|move: Perish Song\n|move|p2b: Basculegion|Flip Turn|p1a: Gengar\n|-damage|p1a: Gengar|62/100\n|\n|t:|1776060010\n|switch|p2b: Manectric|Manectric, L50, M|100/100|[from] Flip Turn\n|move|p2a: Kangaskhan|Last Resort|p1a: Gengar\n|-damage|p1a: Gengar|0 fnt\n|faint|p1a: Gengar\n|move|p1b: Incineroar|Parting Shot|p2a: Kangaskhan\n|-unboost|p2a: Kangaskhan|atk|1\n|-unboost|p2a: Kangaskhan|spa|1\n|inactive|Fakedomrilla has 30 seconds left.\n|inactive|Fakedomrilla has 20 seconds left.\n|inactive|Fakedomrilla has 15 seconds left.\n|inactive|Fakedomrilla has 10 seconds left.\n|inactive|Fakedomrilla has 5 seconds left.\n|\n|t:|1776060065\n|switch|p1b: Basculegion|Basculegion, L50, M|100/100|[from] Parting Shot\n|\n|-start|p2a: Kangaskhan|perish3\n|upkeep\n|inactive|Fakedomrilla has 30 seconds left.\n|inactive|Fakedomrilla has 20 seconds left.\n|inactive|Fakedomrilla has 15 seconds left.\n|inactive|Fakedomrilla has 10 seconds left.\n|inactive|Fakedomrilla has 5 seconds left.\n|\n|t:|1776060120\n|switch|p1a: Incineroar|Incineroar, L50, F, shiny|100/100\n|-ability|p1a: Incineroar|Intimidate|boost\n|-fail|p2a: Kangaskhan|unboost|Attack|[from] ability: Scrappy|[of] p2a: Kangaskhan\n|-unboost|p2b: Manectric|atk|1\n|turn|3\n|inactive|Fakedomrilla has 30 seconds left.\n|inactive|Fakedomrilla has 20 seconds left.\n|inactive|Fakedomrilla has 15 seconds left.\n|inactive|Fakedomrilla has 10 seconds left.\n|inactive|Fakedomrilla has 5 seconds left.\n|\n|t:|1776060175\n|switch|p2a: Basculegion|Basculegion, L50, M, shiny|100/100\n|detailschange|p2b: Manectric|Manectric-Mega, L50, M\n|-mega|p2b: Manectric|Manectric|Manectite\n|-ability|p2b: Manectric|Intimidate|boost\n|-unboost|p1a: Incineroar|atk|1\n|-unboost|p1b: Basculegion|atk|1\n|move|p2b: Manectric|Protect|p2b: Manectric\n|-singleturn|p2b: Manectric|Protect\n|move|p1a: Incineroar|Fake Out|p2b: Manectric\n|-activate|p2b: Manectric|move: Protect\n|move|p1b: Basculegion|Wave Crash|p2b: Manectric\n|-activate|p2b: Manectric|move: Protect\n|\n|upkeep\n|turn|4\n|inactive|Fakedomrilla has 30 seconds left.\n|inactive|Fakedomrilla has 20 seconds left.\n|inactive|Fakedomrilla has 15 seconds left.\n|inactive|Fakedomrilla has 10 seconds left.\n|inactive|Fakedomrilla has 5 seconds left.\n|\n|t:|1776060230\n|move|p1b: Basculegion|Wave Crash|p2a: Basculegion\n|-resisted|p2a: Basculegion|1\n|-damage|p2a: Basculegion|70/100\n|-damage|p1b: Basculegion|90/100|[from] Recoil\n|move|p2b: Manectric|Thunderbolt|p1b: Basculegion\n|-supereffective|p1b: Basculegion|1\n|-damage|p1b: Basculegion|0 fnt\n|faint|p1b: Basculegion\n|move|p2a: Basculegion|Wave Crash|p1a: Incineroar\n|-supereffective|p1a: Incineroar|1\n|-damage|p1a: Incineroar|0 fnt\n|faint|p1a: Incineroar\n|-damage|p2a: Basculegion|38/100|[from] Recoil\n|\n|upkeep\n|inactive|Fakedomrilla has 30 seconds left.\n|inactive|Fakedomrilla has 20 seconds left.\n|inactive|Fakedomrilla has 15 seconds left.\n|inactive|Fakedomrilla has 10 seconds left.\n|inactive|Fakedomrilla has 5 seconds left.\n|\n|t:|1776060285\n|switch|p1a: Politoed|Politoed, L50, M, shiny|100/100\n|-weather|RainDance|[from] ability: Drizzle|[of] p1a: Politoed\n|turn|5\n|inactive|Fakedomrilla has 30 seconds left.\n|inactive|Fakedomrilla has 20 seconds left.\n|inactive|Fakedomrilla has 15 seconds left.\n|inactive|Fakedomrilla has 10 seconds left.\n|inactive|Fakedomrilla has 5 seconds left.\n|\n|t:|1776060340\n|move|p2b: Manectric|Thunderbolt|p1a: Politoed\n|-supereffective|p1a: Politoed|1\n|-damage|p1a: Politoed|27/100\n|-enditem|p1a: Politoed|Sitrus Berry|[eat]\n|-heal|p1a: Politoed|51/100|[from] item: Sitrus Berry\n|move|p2a: Basculegion|Wave Crash|p1a: Politoed\n|-resisted|p1a: Politoed|1\n|-damage|p1a: Politoed|0 fnt\n|faint|p1a: Politoed\n|-damage|p2a: Basculegion|22/100|[from] Recoil\n|\n|win|miyukivgc2021\n|raw|Fakedomrilla's rating: 1103 &rarr; <strong>1086</strong><br />(-17 for losing)\n|raw|miyukivgc2021's rating: 1218 &rarr; <strong>1235</strong><br />(+17 for winning)\n",
  "uploadtime": 1776060352,
  "views": 9,
  "formatid": "gen9championsvgc2026regma",
  "rating": 1086,
  "private": 0,
  "password": null
}