{
  "id": "gen9championsvgc2026regma-2585452471",
  "format": "[Gen 9 Champions] VGC 2026 Reg M-A",
  "players": [
    "Kao Liang",
    "paradeux_1"
  ],
  "log": "|j|\u2606Kao Liang\n|j|\u2606paradeux_1\n|t:|1776348263\n|gametype|doubles\n|player|p1|Kao Liang|kieran-champion|1365\n|player|p2|paradeux_1|crasherwake|1279\n|gen|9\n|tier|[Gen 9 Champions] VGC 2026 Reg M-A\n|rated|\n|rule|Species Clause: Limit one of each Pok\u00e9mon\n|rule|Item Clause: Limit 1 of each item\n|clearpoke\n|poke|p1|Floette-Eternal, L50, F|\n|poke|p1|Aerodactyl, L50, F|\n|poke|p1|Garchomp, L50, M|\n|poke|p1|Incineroar, L50, M|\n|poke|p1|Basculegion, L50, M|\n|poke|p1|Ninetales-Alola, L50, F|\n|poke|p2|Aerodactyl, L50, M|\n|poke|p2|Aggron, L50, F|\n|poke|p2|Sneasler, L50, M|\n|poke|p2|Tyranitar, L50, M|\n|poke|p2|Sinistcha, L50|\n|poke|p2|Hydreigon, L50, M|\n|teampreview|4\n|inactive|Battle timer is ON: inactive players will automatically lose when time's up. (requested by Kao Liang)\n|inactive|Kao Liang has 60 seconds left.\n|\n|t:|1776348307\n|teamsize|p1|4\n|teamsize|p2|4\n|start\n|switch|p1a: Aerodactyl|Aerodactyl, L50, F|100/100\n|switch|p1b: Garchomp|Garchomp, L50, M|100/100\n|switch|p2a: Sneasler|Sneasler, L50, M, shiny|100/100\n|switch|p2b: Aerodactyl|Aerodactyl, L50, M, shiny|100/100\n|-ability|p2b: Aerodactyl|Unnerve\n|-ability|p1a: Aerodactyl|Unnerve\n|turn|1\n|\n|t:|1776348317\n|detailschange|p2b: Aerodactyl|Aerodactyl-Mega, L50, M, shiny\n|-mega|p2b: Aerodactyl|Aerodactyl|Aerodactylite\n|move|p1a: Aerodactyl|Protect|p1a: Aerodactyl\n|-singleturn|p1a: Aerodactyl|Protect\n|move|p1b: Garchomp|Protect|p1b: Garchomp\n|-singleturn|p1b: Garchomp|Protect\n|move|p2a: Sneasler|Fake Out|p1a: Aerodactyl\n|-activate|p1a: Aerodactyl|move: Protect\n|move|p2b: Aerodactyl|Ice Fang|p1b: Garchomp\n|-activate|p1b: Garchomp|move: Protect\n|\n|upkeep\n|turn|2\n|\n|t:|1776348330\n|switch|p1b: Basculegion|Basculegion, L50, M|100/100\n|move|p2b: Aerodactyl|Ice Fang|p1b: Basculegion\n|-resisted|p1b: Basculegion|1\n|-damage|p1b: Basculegion|81/100\n|move|p1a: Aerodactyl|Tailwind|p1a: Aerodactyl\n|-sidestart|p1: Kao Liang|move: Tailwind\n|move|p2a: Sneasler|Close Combat|p1a: Aerodactyl\n|-enditem|p1a: Aerodactyl|Focus Sash\n|-damage|p1a: Aerodactyl|1/100\n|-unboost|p2a: Sneasler|def|1\n|-unboost|p2a: Sneasler|spd|1\n|-enditem|p2a: Sneasler|White Herb\n|-clearnegativeboost|p2a: Sneasler|[silent]\n|\n|upkeep\n|turn|3\n|inactive|Kao Liang has 30 seconds left.\n|inactive|Kao Liang has 20 seconds left.\n|\n|t:|1776348366\n|switch|p2b: Tyranitar|Tyranitar, L50, M, shiny|100/100\n|-weather|Sandstorm|[from] ability: Sand Stream|[of] p2b: Tyranitar\n|move|p1b: Basculegion|Wave Crash|p2b: Tyranitar\n|-supereffective|p2b: Tyranitar|1\n|-enditem|p2b: Tyranitar|Focus Sash\n|-damage|p2b: Tyranitar|1/100\n|-damage|p1b: Basculegion|48/100|[from] Recoil\n|move|p1a: Aerodactyl|Dual Wingbeat|p2a: Sneasler\n|-supereffective|p2a: Sneasler|1\n|-damage|p2a: Sneasler|36/100\n|-supereffective|p2a: Sneasler|1\n|-damage|p2a: Sneasler|0 fnt\n|faint|p2a: Sneasler\n|-hitcount|p2: Sneasler|2\n|\n|-weather|Sandstorm|[upkeep]\n|-damage|p1b: Basculegion|42/100|[from] Sandstorm\n|upkeep\n|\n|t:|1776348379\n|switch|p2a: Aerodactyl|Aerodactyl-Mega, L50, M, shiny|100/100\n|turn|4\n|\n|t:|1776348387\n|move|p2b: Tyranitar|Protect|p2b: Tyranitar\n|-singleturn|p2b: Tyranitar|Protect\n|move|p1b: Basculegion|Wave Crash|p2a: Aerodactyl\n|-supereffective|p2a: Aerodactyl|1\n|-damage|p2a: Aerodactyl|0 fnt\n|faint|p2a: Aerodactyl\n|-damage|p1b: Basculegion|15/100|[from] Recoil\n|move|p1a: Aerodactyl|Dual Wingbeat|p2b: Tyranitar\n|-activate|p2b: Tyranitar|move: Protect\n|\n|-weather|Sandstorm|[upkeep]\n|-damage|p1b: Basculegion|9/100|[from] Sandstorm\n|upkeep\n|\n|t:|1776348396\n|switch|p2a: Sinistcha|Sinistcha, L50, shiny|100/100\n|-heal|p2b: Tyranitar|26/100|[from] ability: Hospitality|[of] p2a: Sinistcha\n|turn|5\n|\n|t:|1776348406\n|switch|p1b: Garchomp|Garchomp, L50, M|100/100\n|move|p2a: Sinistcha|Rage Powder|p2a: Sinistcha\n|-singleturn|p2a: Sinistcha|move: Rage Powder\n|move|p1a: Aerodactyl|Dual Wingbeat|p2a: Sinistcha\n|-supereffective|p2a: Sinistcha|1\n|-damage|p2a: Sinistcha|75/100\n|-supereffective|p2a: Sinistcha|1\n|-damage|p2a: Sinistcha|48/100\n|-hitcount|p2a: Sinistcha|2\n|move|p2b: Tyranitar|Rock Slide|p1a: Aerodactyl|[spread] p1a,p1b\n|-supereffective|p1a: Aerodactyl|1\n|-resisted|p1b: Garchomp|1\n|-damage|p1a: Aerodactyl|0 fnt\n|-damage|p1b: Garchomp|84/100\n|faint|p1a: Aerodactyl\n|\n|-weather|Sandstorm|[upkeep]\n|-damage|p2a: Sinistcha|42/100|[from] Sandstorm\n|-sideend|p1: Kao Liang|move: Tailwind\n|upkeep\n|\n|t:|1776348421\n|switch|p1a: Basculegion|Basculegion, L50, M|9/100\n|turn|6\n|-message|paradeux_1 forfeited.\n|\n|win|Kao Liang\n|raw|Kao Liang's rating: 1365 &rarr; <strong>1380</strong><br />(+15 for winning)\n|raw|paradeux_1's rating: 1279 &rarr; <strong>1260</strong><br />(-19 for losing)\n|l|\u2606paradeux_1\n|player|p2|\n",
  "uploadtime": 1776348453,
  "views": 45,
  "formatid": "gen9championsvgc2026regma",
  "rating": 1260,
  "private": 0,
  "password": null
}