{
  "id": "gen9championsvgc2026regma-2586364403",
  "format": "[Gen 9 Champions] VGC 2026 Reg M-A",
  "players": [
    "Dono_76",
    "siriuta"
  ],
  "log": "|j|\u2606Dono_76\n|j|\u2606siriuta\n|t:|1776429055\n|gametype|doubles\n|player|p1|Dono_76|richboy-gen4|1136\n|player|p2|siriuta|2|1225\n|gen|9\n|tier|[Gen 9 Champions] VGC 2026 Reg M-A\n|rated|\n|rule|Species Clause: Limit one of each Pok\u00e9mon\n|rule|Item Clause: Limit 1 of each item\n|clearpoke\n|poke|p1|Golurk, L50|\n|poke|p1|Farigiraf, L50, M|\n|poke|p1|Sinistcha-Masterpiece, L50|\n|poke|p1|Incineroar, L50, M|\n|poke|p1|Kingambit, L50, M|\n|poke|p1|Milotic, L50, M|\n|poke|p2|Pelipper, L50, M|\n|poke|p2|Basculegion, L50, M|\n|poke|p2|Sneasler, L50, M|\n|poke|p2|Kingambit, L50, F|\n|poke|p2|Meganium, L50, M|\n|poke|p2|Garchomp, L50, F|\n|teampreview|4\n|inactive|Battle timer is ON: inactive players will automatically lose when time's up. (requested by Dono_76)\n|\n|t:|1776429103\n|teamsize|p1|4\n|teamsize|p2|4\n|start\n|switch|p1a: Farigiraf|Farigiraf, L50, M|100/100\n|switch|p1b: Incineroar|Incineroar, L50, M|100/100\n|switch|p2a: Kingambit|Kingambit, L50, F|100/100\n|switch|p2b: Basculegion|Basculegion, L50, M|100/100\n|-ability|p1b: Incineroar|Intimidate|boost\n|-unboost|p2a: Kingambit|atk|1\n|-ability|p2a: Kingambit|Defiant|boost\n|-boost|p2a: Kingambit|atk|2\n|-unboost|p2b: Basculegion|atk|1\n|turn|1\n|\n|t:|1776429126\n|move|p2b: Basculegion|Wave Crash|p1b: Incineroar\n|-supereffective|p1b: Incineroar|1\n|-damage|p1b: Incineroar|23/100\n|-enditem|p1b: Incineroar|Sitrus Berry|[eat]\n|-heal|p1b: Incineroar|48/100|[from] item: Sitrus Berry\n|-damage|p2b: Basculegion|74/100|[from] Recoil\n|move|p1b: Incineroar|Will-O-Wisp|p2b: Basculegion\n|-status|p2b: Basculegion|brn\n|move|p2a: Kingambit|Kowtow Cleave|p1a: Farigiraf\n|-supereffective|p1a: Farigiraf|1\n|-crit|p1a: Farigiraf\n|-enditem|p1a: Farigiraf|Colbur Berry|[eat]\n|-enditem|p1a: Farigiraf|Colbur Berry|[weaken]\n|-damage|p1a: Farigiraf|12/100\n|move|p1a: Farigiraf|Trick Room|p1a: Farigiraf\n|-fieldstart|move: Trick Room|[of] p1a: Farigiraf\n|\n|-damage|p2b: Basculegion|68/100 brn|[from] brn\n|upkeep\n|turn|2\n|inactive|siriuta has 30 seconds left.\n|\n|t:|1776429153\n|move|p2a: Kingambit|Kowtow Cleave|p1b: Incineroar\n|-resisted|p1b: Incineroar|1\n|-crit|p1b: Incineroar\n|-damage|p1b: Incineroar|4/100\n|move|p1b: Incineroar|Flare Blitz|p2a: Kingambit\n|-supereffective|p2a: Kingambit|1\n|-damage|p2a: Kingambit|33/100\n|-status|p2a: Kingambit|brn\n|-damage|p1b: Incineroar|0 fnt|[from] Recoil\n|faint|p1b: Incineroar\n|move|p1a: Farigiraf|Hyper Voice|p2b: Basculegion|[spread] p2a\n|-immune|p2b: Basculegion\n|-resisted|p2a: Kingambit|1\n|-damage|p2a: Kingambit|21/100 brn\n|move|p2b: Basculegion|Wave Crash|p1a: Farigiraf\n|-damage|p1a: Farigiraf|0 fnt\n|faint|p1a: Farigiraf\n|-damage|p2b: Basculegion|64/100 brn|[from] Recoil\n|\n|-damage|p2a: Kingambit|15/100 brn|[from] brn\n|-damage|p2b: Basculegion|58/100 brn|[from] brn\n|upkeep\n|\n|t:|1776429172\n|switch|p1b: Golurk|Golurk, L50|100/100\n|switch|p1a: Kingambit|Kingambit, L50, M|100/100\n|turn|3\n|\n|t:|1776429194\n|detailschange|p1b: Golurk|Golurk-Mega, L50\n|-mega|p1b: Golurk|Golurk|Golurkite\n|move|p2a: Kingambit|Sucker Punch|p1b: Golurk\n|-supereffective|p1b: Golurk|1\n|-damage|p1b: Golurk|54/100\n|move|p1a: Kingambit|Kowtow Cleave|p2b: Basculegion\n|-supereffective|p2b: Basculegion|1\n|-damage|p2b: Basculegion|0 fnt\n|faint|p2b: Basculegion\n|move|p1b: Golurk|Headlong Rush|p2a: Kingambit\n|-supereffective|p2a: Kingambit|1\n|-damage|p2a: Kingambit|0 fnt\n|-unboost|p1b: Golurk|def|1\n|-unboost|p1b: Golurk|spd|1\n|faint|p2a: Kingambit\n|\n|upkeep\n|\n|t:|1776429207\n|switch|p2a: Pelipper|Pelipper, L50, M|100/100\n|switch|p2b: Meganium|Meganium, L50, M|100/100\n|-weather|RainDance|[from] ability: Drizzle|[of] p2a: Pelipper\n|turn|4\n|inactive|siriuta has 30 seconds left.\n|\n|t:|1776429234\n|move|p1a: Kingambit|Iron Head|p2b: Meganium\n|-damage|p2b: Meganium|50/100\n|move|p1b: Golurk|Poltergeist|p2b: Meganium\n|-activate|p2b: Meganium|move: Poltergeist|Meganiumite\n|-damage|p2b: Meganium|0 fnt\n|faint|p2b: Meganium\n|move|p2a: Pelipper|Hurricane|p1a: Kingambit\n|-resisted|p1a: Kingambit|1\n|-damage|p1a: Kingambit|83/100\n|\n|-weather|RainDance|[upkeep]\n|upkeep\n|turn|5\n|\n|t:|1776429248\n|move|p2a: Pelipper|Protect|p2a: Pelipper\n|-singleturn|p2a: Pelipper|Protect\n|move|p1a: Kingambit|Kowtow Cleave|p2a: Pelipper\n|-activate|p2a: Pelipper|move: Protect\n|move|p1b: Golurk|Poltergeist|p2a: Pelipper\n|-activate|p2a: Pelipper|move: Protect\n|\n|-weather|RainDance|[upkeep]\n|-fieldend|move: Trick Room\n|upkeep\n|turn|6\n|\n|t:|1776429259\n|move|p2a: Pelipper|Weather Ball|p1b: Golurk\n|-supereffective|p1b: Golurk|1\n|-damage|p1b: Golurk|0 fnt\n|faint|p1b: Golurk\n|move|p1a: Kingambit|Kowtow Cleave|p2a: Pelipper\n|-damage|p2a: Pelipper|50/100\n|-enditem|p2a: Pelipper|Sitrus Berry|[eat]\n|-heal|p2a: Pelipper|74/100|[from] item: Sitrus Berry\n|\n|-weather|RainDance|[upkeep]\n|upkeep\n|turn|7\n|\n|t:|1776429271\n|move|p2a: Pelipper|Weather Ball|p1a: Kingambit\n|-damage|p1a: Kingambit|38/100\n|move|p1a: Kingambit|Kowtow Cleave|p2a: Pelipper\n|-damage|p2a: Pelipper|26/100\n|\n|-weather|RainDance|[upkeep]\n|upkeep\n|turn|8\n|\n|t:|1776429281\n|move|p1a: Kingambit|Sucker Punch|p2a: Pelipper\n|-damage|p2a: Pelipper|0 fnt\n|faint|p2a: Pelipper\n|\n|win|Dono_76\n|raw|Dono_76's rating: 1136 &rarr; <strong>1167</strong><br />(+31 for winning)\n|raw|siriuta's rating: 1225 &rarr; <strong>1194</strong><br />(-31 for losing)\n|l|\u2606siriuta\n|player|p2|\n",
  "uploadtime": 1776429286,
  "views": 26,
  "formatid": "gen9championsvgc2026regma",
  "rating": 1167,
  "private": 0,
  "password": null
}