{
  "id": "gen9championsvgc2026regma-2581779325",
  "format": "[Gen 9 Champions] VGC 2026 Reg M-A",
  "players": [
    "NicoDullblade",
    "javivaarela"
  ],
  "log": "|j|\u2606NicoDullblade\n|j|\u203djavivaarela\n|t:|1776027752\n|gametype|doubles\n|player|p1|NicoDullblade|bugcatcher-gen4dp|\n|player|p2|javivaarela|shadowtriad|\n|gen|9\n|tier|[Gen 9 Champions] VGC 2026 Reg M-A\n|rated|Tournament battle\n|rule|Species Clause: Limit one of each Pok\u00e9mon\n|rule|Item Clause: Limit 1 of each item\n|raw|<div class=\"infobox\"><details class=\"readmore\" open><summary><strong>1 custom rule:</strong></summary> Force Open Team Sheets</details></div>\n|clearpoke\n|poke|p1|Manectric, L50, F|\n|poke|p1|Pelipper, L50, F|\n|poke|p1|Basculegion, L50, M|\n|poke|p1|Archaludon, L50, F|\n|poke|p1|Kingambit, L50, M|\n|poke|p1|Tsareena, L50, F|\n|poke|p2|Weavile, L50, F|\n|poke|p2|Archaludon, L50, F|\n|poke|p2|Dragonite, L50, F|\n|poke|p2|Sinistcha, L50|\n|poke|p2|Basculegion, L50, M|\n|poke|p2|Politoed, L50, M|\n|teampreview|4\n|showteam|p1|Manectric||Manectite|LightningRod|VoltSwitch,Thunderbolt,Overheat,Protect|||F|||50|]Pelipper||FocusSash|Drizzle|Hurricane,WeatherBall,Protect,Tailwind|||F|||50|]Basculegion||ChoiceScarf|Adaptability|LastRespects,WaveCrash,AquaJet,FlipTurn|||M|||50|]Archaludon||Leftovers|Stamina|FlashCannon,ElectroShot,DracoMeteor,IronDefense|||F|||50|]Kingambit||SitrusBerry|Defiant|SwordsDance,KowtowCleave,SuckerPunch,IronHead|||M|||50|]Tsareena||MiracleSeed|QueenlyMajesty|TripleAxel,TropKick,Uturn,HighJumpKick|||F|||50|\n|showteam|p2|Weavile||FocusSash|Pickpocket|FakeOut,KnockOff,TripleAxel,BeatUp|||F|||50|]Archaludon||Leftovers|Stamina|ElectroShot,DragonPulse,FlashCannon,Protect|||F|||50|]Dragonite||Dragoninite|InnerFocus|Protect,DracoMeteor,Hurricane,Tailwind|||F|||50|]Sinistcha||SitrusBerry|Hospitality|MatchaGotcha,RagePowder,TrickRoom,LifeDew||||||50|]Basculegion||ChoiceScarf|Adaptability|WaveCrash,FlipTurn,LastRespects,AquaJet|||M|||50|]Politoed||MysticWater|Drizzle|WeatherBall,IceBeam,IcyWind,Protect|||M|||50|\n|inactive|Battle timer is ON: inactive players will automatically lose when time's up. (requested by NicoDullblade)\n|inactive|javivaarela also wants the timer to be on.\njavivaarela has agreed to open team sheets.\n|j| Mind goblin games\n|inactive|NicoDullblade has 60 seconds left.\n|inactive|javivaarela has 60 seconds left.\n|l| Mind goblin games\n|c|\u2606NicoDullblade|glhf\n|\n|t:|1776027812\n|teamsize|p1|4\n|teamsize|p2|4\n|start\n|switch|p1a: Manectric|Manectric, L50, F, shiny|100/100\n|switch|p1b: Tsareena|Tsareena, L50, F|100/100\n|switch|p2a: Archaludon|Archaludon, L50, F|100/100\n|switch|p2b: Basculegion|Basculegion, L50, M|100/100\n|turn|1\n|inactive|NicoDullblade has 30 seconds left.\n|inactive|javivaarela has 30 seconds left.\n|\n|t:|1776027844\n|detailschange|p1a: Manectric|Manectric-Mega, L50, F, shiny\n|-mega|p1a: Manectric|Manectric|Manectite\n|-ability|p1a: Manectric|Intimidate|boost\n|-unboost|p2a: Archaludon|atk|1\n|-unboost|p2b: Basculegion|atk|1\n|move|p1a: Manectric|Thunderbolt|p2b: Basculegion\n|-supereffective|p2b: Basculegion|1\n|-crit|p2b: Basculegion\n|-damage|p2b: Basculegion|0 fnt\n|faint|p2b: Basculegion\n|move|p1b: Tsareena|U-turn|p2a: Archaludon\n|-resisted|p2a: Archaludon|1\n|-damage|p2a: Archaludon|92/100\n|-ability|p2a: Archaludon|Stamina|boost\n|-boost|p2a: Archaludon|def|1\n|\n|t:|1776027856\n|switch|p1b: Kingambit|Kingambit, L50, M|100/100|[from] U-turn\n|move|p2a: Archaludon|Electro Shot||[still]\n|-prepare|p2a: Archaludon|Electro Shot\n|-boost|p2a: Archaludon|spa|1\n|\n|-heal|p2a: Archaludon|98/100|[from] item: Leftovers\n|upkeep\n|\n|t:|1776027869\n|switch|p2b: Dragonite|Dragonite, L50, F, shiny|100/100\n|turn|2\n|\n|t:|1776027883\n|detailschange|p2b: Dragonite|Dragonite-Mega, L50, F, shiny\n|-mega|p2b: Dragonite|Dragonite|Dragoninite\n|move|p1a: Manectric|Thunderbolt|p2b: Dragonite\n|-damage|p2b: Dragonite|80/100\n|move|p2b: Dragonite|Tailwind|p2b: Dragonite\n|-sidestart|p2: javivaarela|move: Tailwind\n|move|p2a: Archaludon|Electro Shot|p1b: Kingambit|[from] lockedmove\n|-damage|p1b: Kingambit|42/100\n|-enditem|p1b: Kingambit|Sitrus Berry|[eat]\n|-heal|p1b: Kingambit|67/100|[from] item: Sitrus Berry\n|move|p1b: Kingambit|Swords Dance|p1b: Kingambit\n|-boost|p1b: Kingambit|atk|2\n|\n|-heal|p2a: Archaludon|100/100|[from] item: Leftovers\n|upkeep\n|turn|3\n|\n|t:|1776027907\n|switch|p2b: Politoed|Politoed, L50, M|100/100\n|-weather|RainDance|[from] ability: Drizzle|[of] p2b: Politoed\n|move|p1b: Kingambit|Sucker Punch||[still]\n|-fail|p1b: Kingambit\n|move|p2a: Archaludon|Electro Shot||[still]\n|-prepare|p2a: Archaludon|Electro Shot\n|-boost|p2a: Archaludon|spa|1\n|-anim|p2a: Archaludon|Electro Shot|p1b: Kingambit\n|-damage|p1b: Kingambit|0 fnt\n|faint|p1b: Kingambit\n|move|p1a: Manectric|Thunderbolt|p2a: Archaludon\n|-resisted|p2a: Archaludon|1\n|-damage|p2a: Archaludon|78/100\n|-ability|p2a: Archaludon|Stamina|boost\n|-boost|p2a: Archaludon|def|1\n|\n|-weather|RainDance|[upkeep]\n|-heal|p2a: Archaludon|84/100|[from] item: Leftovers\n|upkeep\n|\n|t:|1776027919\n|switch|p1b: Tsareena|Tsareena, L50, F|100/100\n|turn|4\n|\n|t:|1776027936\n|move|p2a: Archaludon|Dragon Pulse|p1a: Manectric\n|-damage|p1a: Manectric|0 fnt\n|faint|p1a: Manectric\n|move|p2b: Politoed|Icy Wind|p1b: Tsareena\n|-supereffective|p1b: Tsareena|1\n|-damage|p1b: Tsareena|66/100\n|-unboost|p1b: Tsareena|spe|1\n|move|p1b: Tsareena|High Jump Kick|p2a: Archaludon\n|-supereffective|p2a: Archaludon|1\n|-crit|p2a: Archaludon\n|-damage|p2a: Archaludon|0 fnt\n|faint|p2a: Archaludon\n|\n|-weather|RainDance|[upkeep]\n|upkeep\n|\n|t:|1776027950\n|switch|p1a: Basculegion|Basculegion, L50, M|100/100\n|switch|p2a: Dragonite|Dragonite-Mega, L50, F, shiny|80/100\n|turn|5\n|inactive|javivaarela has 30 seconds left.\n|inactive|javivaarela has 20 seconds left.\n|inactive|javivaarela has 15 seconds left.\n|\n|t:|1776027991\n|move|p2a: Dragonite|Draco Meteor|p1a: Basculegion\n|-damage|p1a: Basculegion|11/100\n|-unboost|p2a: Dragonite|spa|2\n|move|p1a: Basculegion|Last Respects|p2a: Dragonite\n|-damage|p2a: Dragonite|0 fnt\n|faint|p2a: Dragonite\n|move|p2b: Politoed|Weather Ball|p1a: Basculegion\n|-resisted|p1a: Basculegion|1\n|-damage|p1a: Basculegion|0 fnt\n|faint|p1a: Basculegion\n|move|p1b: Tsareena|Triple Axel|p2b: Politoed\n|-resisted|p2b: Politoed|1\n|-damage|p2b: Politoed|97/100\n|-resisted|p2b: Politoed|1\n|-damage|p2b: Politoed|88/100\n|-resisted|p2b: Politoed|1\n|-damage|p2b: Politoed|76/100\n|-hitcount|p2b: Politoed|3\n|\n|-weather|RainDance|[upkeep]\n|-sideend|p2: javivaarela|move: Tailwind\n|upkeep\n|turn|6\n|j| Sttuarrt\n|\n|t:|1776028012\n|move|p2b: Politoed|Ice Beam|p1b: Tsareena\n|-supereffective|p1b: Tsareena|1\n|-damage|p1b: Tsareena|5/100\n|move|p1b: Tsareena|Trop Kick|p2b: Politoed\n|-supereffective|p2b: Politoed|1\n|-damage|p2b: Politoed|0 fnt\n|faint|p2b: Politoed\n|\n|win|NicoDullblade\n|n|\u2606NicoDullblade|nicodullblade\n|n|\u203djavivaarela|javivaarela\n|n| Sttuarrt|sttuarrt\n",
  "uploadtime": 1776028013,
  "views": 11,
  "formatid": "gen9championsvgc2026regma",
  "rating": null,
  "private": 0,
  "password": null
}