{
  "id": "gen9championsvgc2026regma-2588357248",
  "format": "[Gen 9 Champions] VGC 2026 Reg M-A",
  "players": [
    "Millygan15",
    "Obixuelo88"
  ],
  "log": "|j|\u2606Millygan15\n|j|\u2606Obixuelo88\n|t:|1776626830\n|gametype|doubles\n|player|p1|Millygan15|volkner|1094\n|player|p2|Obixuelo88|102|1106\n|gen|9\n|tier|[Gen 9 Champions] VGC 2026 Reg M-A\n|rated|\n|rule|Species Clause: Limit one of each Pok\u00e9mon\n|rule|Item Clause: Limit 1 of each item\n|clearpoke\n|poke|p1|Zoroark-Hisui, L50, M|\n|poke|p1|Ditto, L50|\n|poke|p1|Incineroar, L50, F|\n|poke|p1|Dragonite, L50, F|\n|poke|p1|Sneasler, L50, F|\n|poke|p1|Goodra-Hisui, L50, F|\n|poke|p2|Kingambit, L50, M|\n|poke|p2|Charizard, L50, M|\n|poke|p2|Aerodactyl, L50, M|\n|poke|p2|Floette-Eternal, L50, F|\n|poke|p2|Sneasler, L50, F|\n|poke|p2|Incineroar, L50, M|\n|teampreview|4\nMillygan15 rejected open team sheets.\n|inactive|Battle timer is ON: inactive players will automatically lose when time's up. (requested by Millygan15)\n|\n|t:|1776626863\n|teamsize|p1|4\n|teamsize|p2|4\n|start\n|switch|p1a: Goodra|Goodra-Hisui, L50, F|100/100\n|switch|p1b: Ditto|Ditto, L50|100/100\n|switch|p2a: Incineroar|Incineroar, L50, M|100/100\n|switch|p2b: Sneasler|Sneasler, L50, F|100/100\n|-transform|p1b: Ditto|p2a: Incineroar|[from] ability: Imposter\n|-ability|p1b: Ditto|Intimidate|boost\n|-unboost|p2a: Incineroar|atk|1\n|-unboost|p2b: Sneasler|atk|1\n|-ability|p2a: Incineroar|Intimidate|boost\n|-unboost|p1a: Goodra|atk|1\n|-unboost|p1b: Ditto|atk|1\n|-enditem|p2b: Sneasler|White Herb\n|-clearnegativeboost|p2b: Sneasler|[silent]\n|turn|1\n|inactive|Millygan15 has 30 seconds left.\n|\n|t:|1776626896\n|move|p2b: Sneasler|Fake Out|p1b: Ditto\n|-damage|p1b: Ditto|84/100\n|move|p2a: Incineroar|Fake Out|p1a: Goodra\n|-immune|p1a: Goodra\n|cant|p1b: Ditto|flinch\n|move|p1a: Goodra|Icy Wind|p2a: Incineroar|[spread] p2a,p2b\n|-resisted|p2a: Incineroar|1\n|-damage|p2a: Incineroar|96/100\n|-damage|p2b: Sneasler|85/100\n|-unboost|p2a: Incineroar|spe|1\n|-unboost|p2b: Sneasler|spe|1\n|\n|upkeep\n|turn|2\n|\n|t:|1776626917\n|move|p2b: Sneasler|Close Combat|p1b: Ditto\n|-supereffective|p1b: Ditto|1\n|-damage|p1b: Ditto|0 fnt\n|-unboost|p2b: Sneasler|def|1\n|-unboost|p2b: Sneasler|spd|1\n|faint|p1b: Ditto\n|move|p1a: Goodra|Will-O-Wisp|p2b: Sneasler\n|-status|p2b: Sneasler|brn\n|move|p2a: Incineroar|Throat Chop|p1a: Goodra\n|-supereffective|p1a: Goodra|1\n|-damage|p1a: Goodra|36/100\n|-start|p1a: Goodra|Throat Chop|[silent]\n|replace|p1a: Zoroark|Zoroark-Hisui, L50, M\n|-end|p1a: Zoroark|Illusion\n|\n|-damage|p2b: Sneasler|79/100 brn|[from] brn\n|upkeep\n|\n|t:|1776626930\n|switch|p1b: Goodra|Goodra-Hisui, L50, F|100/100\n|turn|3\n|\n|t:|1776626942\n|move|p2b: Sneasler|Close Combat|p1b: Goodra\n|-supereffective|p1b: Goodra|1\n|-damage|p1b: Goodra|58/100\n|-unboost|p2b: Sneasler|def|1\n|-unboost|p2b: Sneasler|spd|1\n|move|p1a: Zoroark|Icy Wind|p2b: Sneasler|[spread] p2a,p2b\n|-resisted|p2a: Incineroar|1\n|-damage|p2a: Incineroar|92/100\n|-damage|p2b: Sneasler|48/100 brn\n|-unboost|p2a: Incineroar|spe|1\n|-unboost|p2b: Sneasler|spe|1\n|move|p1b: Goodra|Shelter|p1b: Goodra\n|-boost|p1b: Goodra|def|2\n|move|p2a: Incineroar|Throat Chop|p1a: Zoroark\n|-supereffective|p1a: Zoroark|1\n|-damage|p1a: Zoroark|0 fnt\n|faint|p1a: Zoroark\n|\n|-heal|p1b: Goodra|64/100|[from] item: Leftovers\n|-damage|p2b: Sneasler|42/100 brn|[from] brn\n|upkeep\n|\n|t:|1776626946\n|switch|p1a: Sneasler|Sneasler, L50, F|100/100\n|turn|4\n|\n|t:|1776626965\n|move|p2b: Sneasler|Protect|p2b: Sneasler\n|-singleturn|p2b: Sneasler|Protect\n|move|p1a: Sneasler|Fake Out|p2a: Incineroar\n|-damage|p2a: Incineroar|79/100\n|-status|p2a: Incineroar|psn|[from] ability: Poison Touch|[of] p1a: Sneasler\n|move|p1b: Goodra|Shelter|p1b: Goodra\n|-boost|p1b: Goodra|def|2\n|cant|p2a: Incineroar|flinch\n|\n|-heal|p1b: Goodra|70/100|[from] item: Leftovers\n|-damage|p2a: Incineroar|66/100 psn|[from] psn\n|-damage|p2b: Sneasler|37/100 brn|[from] brn\n|upkeep\n|turn|5\n|inactive|Millygan15 has 30 seconds left.\n|inactive|Millygan15 has 20 seconds left.\n|inactive|Millygan15 has 15 seconds left.\n|inactive|Millygan15 has 10 seconds left.\n|\n|t:|1776627013\n|move|p1a: Sneasler|Protect|p1a: Sneasler\n|-singleturn|p1a: Sneasler|Protect\n|move|p2b: Sneasler|Close Combat|p1b: Goodra\n|-supereffective|p1b: Goodra|1\n|-damage|p1b: Goodra|55/100\n|-unboost|p2b: Sneasler|def|1\n|-unboost|p2b: Sneasler|spd|1\n|move|p1b: Goodra|Body Press|p2a: Incineroar\n|-supereffective|p2a: Incineroar|1\n|-damage|p2a: Incineroar|0 fnt\n|faint|p2a: Incineroar\n|\n|-heal|p1b: Goodra|61/100|[from] item: Leftovers\n|-damage|p2b: Sneasler|31/100 brn|[from] brn\n|upkeep\n|\n|t:|1776627029\n|switch|p2a: Kingambit|Kingambit, L50, M|100/100\n|turn|6\n|\n|t:|1776627048\n|move|p1b: Goodra|Protect|p1b: Goodra\n|-singleturn|p1b: Goodra|Protect\n|move|p2a: Kingambit|Sucker Punch||[still]\n|-fail|p2a: Kingambit\n|move|p1a: Sneasler|Close Combat|p2a: Kingambit\n|-supereffective|p2a: Kingambit|2\n|-damage|p2a: Kingambit|0 fnt\n|-unboost|p1a: Sneasler|def|1\n|-unboost|p1a: Sneasler|spd|1\n|faint|p2a: Kingambit\n|move|p2b: Sneasler|Close Combat|p1b: Goodra\n|-activate|p1b: Goodra|move: Protect\n|\n|-heal|p1b: Goodra|67/100|[from] item: Leftovers\n|-damage|p2b: Sneasler|25/100 brn|[from] brn\n|upkeep\n|-message|Obixuelo88 forfeited.\n|\n|win|Millygan15\n|raw|Millygan15's rating: 1094 &rarr; <strong>1121</strong><br />(+27 for winning)\n|raw|Obixuelo88's rating: 1106 &rarr; <strong>1080</strong><br />(-26 for losing)\n|l|\u2606Obixuelo88\n|player|p2|\n",
  "uploadtime": 1776627068,
  "views": 10,
  "formatid": "gen9championsvgc2026regma",
  "rating": 1080,
  "private": 0,
  "password": null
}