{
  "id": "gen9championsvgc2026regma-2587725259",
  "format": "[Gen 9 Champions] VGC 2026 Reg M-A",
  "players": [
    "dayron91",
    "DXDirectorscut"
  ],
  "log": "|j|\u2606dayron91\n|j|\u2606DXDirectorscut\n|t:|1776557718\n|gametype|doubles\n|player|p1|dayron91|266|1147\n|player|p2|DXDirectorscut|will|1218\n|gen|9\n|tier|[Gen 9 Champions] VGC 2026 Reg M-A\n|rated|\n|rule|Species Clause: Limit one of each Pok\u00e9mon\n|rule|Item Clause: Limit 1 of each item\n|clearpoke\n|poke|p1|Kleavor, L50, M|\n|poke|p1|Volcarona, L50, F|\n|poke|p1|Araquanid, L50, F|\n|poke|p1|Scizor, L50, F|\n|poke|p1|Vivillon, L50, M|\n|poke|p1|Heracross, L50, F|\n|poke|p2|Pelipper, L50, M|\n|poke|p2|Archaludon, L50, F|\n|poke|p2|Basculegion, L50, M|\n|poke|p2|Manectric, L50, F|\n|poke|p2|Lucario, L50, F|\n|poke|p2|Sinistcha, L50, shiny|\n|teampreview|4\n|\n|t:|1776557750\n|teamsize|p1|4\n|teamsize|p2|4\n|start\n|switch|p1a: Kleavor|Kleavor, L50, M|100/100\n|switch|p1b: Vivillon|Vivillon, L50, M|100/100\n|switch|p2a: Lucario|Lucario, L50, F|100/100\n|switch|p2b: Pelipper|Pelipper, L50, M|100/100\n|-weather|RainDance|[from] ability: Drizzle|[of] p2b: Pelipper\n|turn|1\n|\n|t:|1776557806\n|switch|p2b: Archaludon|Archaludon, L50, F|100/100\n|detailschange|p2a: Lucario|Lucario-Mega, L50, F\n|-mega|p2a: Lucario|Lucario|Lucarionite\n|move|p2a: Lucario|Extreme Speed|p1b: Vivillon\n|-damage|p1b: Vivillon|33/100\n|move|p1b: Vivillon|Hurricane|p2b: Archaludon\n|-resisted|p2b: Archaludon|1\n|-damage|p2b: Archaludon|71/100\n|-start|p2b: Archaludon|confusion\n|-ability|p2b: Archaludon|Stamina|boost\n|-boost|p2b: Archaludon|def|1\n|move|p1a: Kleavor|Stone Axe|p2b: Archaludon\n|-resisted|p2b: Archaludon|1\n|-damage|p2b: Archaludon|57/100\n|-ability|p2b: Archaludon|Stamina|boost\n|-boost|p2b: Archaludon|def|1\n|-sidestart|p2: DXDirectorscut|move: Stealth Rock\n|\n|-weather|RainDance|[upkeep]\n|-heal|p2b: Archaludon|63/100|[from] item: Leftovers\n|upkeep\n|turn|2\n|\n|t:|1776557849\n|switch|p1b: Volcarona|Volcarona, L50, F|100/100\n|move|p1a: Kleavor|Protect|p1a: Kleavor\n|-singleturn|p1a: Kleavor|Protect\n|move|p2a: Lucario|Extreme Speed|p1b: Volcarona\n|-damage|p1b: Volcarona|63/100\n|-activate|p2b: Archaludon|confusion\n|-damage|p2b: Archaludon|60/100|[from] confusion\n|\n|-weather|RainDance|[upkeep]\n|-heal|p2b: Archaludon|66/100|[from] item: Leftovers\n|upkeep\n|turn|3\n|\n|t:|1776557882\n|switch|p1a: Heracross|Heracross, L50, F|100/100\n|move|p2a: Lucario|Swords Dance|p2a: Lucario\n|-boost|p2a: Lucario|atk|2\n|move|p1b: Volcarona|Tailwind|p1b: Volcarona\n|-sidestart|p1: dayron91|move: Tailwind\n|-activate|p2b: Archaludon|confusion\n|move|p2b: Archaludon|Electro Shot||[still]\n|-prepare|p2b: Archaludon|Electro Shot\n|-boost|p2b: Archaludon|spa|1\n|-anim|p2b: Archaludon|Electro Shot|p1b: Volcarona\n|-damage|p1b: Volcarona|0 fnt\n|faint|p1b: Volcarona\n|\n|-weather|RainDance|[upkeep]\n|-heal|p2b: Archaludon|72/100|[from] item: Leftovers\n|upkeep\n|\n|t:|1776557909\n|switch|p1b: Vivillon|Vivillon, L50, M|33/100\n|turn|4\n|\n|t:|1776557921\n|detailschange|p1a: Heracross|Heracross-Mega, L50, F\n|-mega|p1a: Heracross|Heracross|Heracronite\n|move|p1b: Vivillon|Protect|p1b: Vivillon\n|-singleturn|p1b: Vivillon|Protect\n|move|p2a: Lucario|Extreme Speed|p1b: Vivillon\n|-activate|p1b: Vivillon|move: Protect\n|move|p1a: Heracross|Close Combat|p2a: Lucario\n|-supereffective|p2a: Lucario|1\n|-damage|p2a: Lucario|0 fnt\n|-unboost|p1a: Heracross|def|1\n|-unboost|p1a: Heracross|spd|1\n|faint|p2a: Lucario\n|-activate|p2b: Archaludon|confusion\n|-damage|p2b: Archaludon|69/100|[from] confusion\n|\n|-weather|RainDance|[upkeep]\n|-heal|p2b: Archaludon|75/100|[from] item: Leftovers\n|upkeep\n|\n|t:|1776557936\n|switch|p2a: Basculegion|Basculegion, L50, M|100/100\n|-damage|p2a: Basculegion|88/100|[from] Stealth Rock\n|turn|5\n|\n|t:|1776557949\n|move|p1b: Vivillon|Sleep Powder|p2a: Basculegion\n|-status|p2a: Basculegion|slp|[from] move: Sleep Powder\n|cant|p2a: Basculegion|slp\n|move|p1a: Heracross|Close Combat|p2b: Archaludon\n|-supereffective|p2b: Archaludon|1\n|-damage|p2b: Archaludon|22/100\n|-unboost|p1a: Heracross|def|1\n|-unboost|p1a: Heracross|spd|1\n|-ability|p2b: Archaludon|Stamina|boost\n|-boost|p2b: Archaludon|def|1\n|-activate|p2b: Archaludon|confusion\n|move|p2b: Archaludon|Electro Shot||[still]\n|-prepare|p2b: Archaludon|Electro Shot\n|-boost|p2b: Archaludon|spa|1\n|-anim|p2b: Archaludon|Electro Shot|p1a: Heracross\n|-damage|p1a: Heracross|0 fnt\n|faint|p1a: Heracross\n|\n|-weather|none\n|-heal|p2b: Archaludon|28/100|[from] item: Leftovers\n|upkeep\n|\n|t:|1776557969\n|switch|p1a: Kleavor|Kleavor, L50, M|100/100\n|turn|6\n|\n|t:|1776557978\n|-end|p2b: Archaludon|confusion\n|move|p2b: Archaludon|Protect|p2b: Archaludon\n|-singleturn|p2b: Archaludon|Protect\n|move|p1b: Vivillon|Sleep Powder|p2b: Archaludon\n|-activate|p2b: Archaludon|move: Protect\n|move|p1a: Kleavor|Night Slash|p2a: Basculegion\n|-supereffective|p2a: Basculegion|1\n|-damage|p2a: Basculegion|0 fnt\n|faint|p2a: Basculegion\n|\n|-heal|p2b: Archaludon|34/100|[from] item: Leftovers\n|-sideend|p1: dayron91|move: Tailwind\n|upkeep\n|\n|t:|1776557989\n|switch|p2a: Pelipper|Pelipper, L50, M|100/100\n|-damage|p2a: Pelipper|76/100|[from] Stealth Rock\n|-weather|RainDance|[from] ability: Drizzle|[of] p2a: Pelipper\n|turn|7\n|\n|t:|1776558003\n|move|p1b: Vivillon|Sleep Powder|p2b: Archaludon\n|-status|p2b: Archaludon|slp|[from] move: Sleep Powder\n|move|p1a: Kleavor|Stone Axe|p2a: Pelipper\n|-supereffective|p2a: Pelipper|1\n|-damage|p2a: Pelipper|0 fnt\n|faint|p2a: Pelipper\n|cant|p2b: Archaludon|slp\n|\n|-weather|RainDance|[upkeep]\n|-heal|p2b: Archaludon|40/100 slp|[from] item: Leftovers\n|upkeep\n|turn|8\n|\n|t:|1776558028\n|move|p1b: Vivillon|Hurricane|p2b: Archaludon\n|-resisted|p2b: Archaludon|1\n|-damage|p2b: Archaludon|12/100 slp\n|-ability|p2b: Archaludon|Stamina|boost\n|-boost|p2b: Archaludon|def|1\n|move|p1a: Kleavor|Night Slash|p2b: Archaludon\n|-damage|p2b: Archaludon|3/100 slp\n|-ability|p2b: Archaludon|Stamina|boost\n|-boost|p2b: Archaludon|def|1\n|cant|p2b: Archaludon|slp\n|\n|-weather|RainDance|[upkeep]\n|-heal|p2b: Archaludon|9/100 slp|[from] item: Leftovers\n|upkeep\n|turn|9\n|\n|t:|1776558045\n|move|p1b: Vivillon|Hurricane|p2b: Archaludon\n|-resisted|p2b: Archaludon|1\n|-damage|p2b: Archaludon|0 fnt\n|faint|p2b: Archaludon\n|\n|win|dayron91\n|raw|dayron91's rating: 1147 &rarr; <strong>1177</strong><br />(+30 for winning)\n|raw|DXDirectorscut's rating: 1218 &rarr; <strong>1188</strong><br />(-30 for losing)\n",
  "uploadtime": 1776558055,
  "views": 11,
  "formatid": "gen9championsvgc2026regma",
  "rating": 1177,
  "private": 0,
  "password": null
}