{
  "id": "gen9championsvgc2026regma-2582899030",
  "format": "[Gen 9 Champions] VGC 2026 Reg M-A",
  "players": [
    "BillySupremeVGC",
    "vinicio499"
  ],
  "log": "|j|\u2606BillySupremeVGC\n|j|\u2606vinicio499\n|t:|1776123186\n|gametype|doubles\n|player|p1|BillySupremeVGC|102|1331\n|player|p2|vinicio499|miku-psychic|1379\n|gen|9\n|tier|[Gen 9 Champions] VGC 2026 Reg M-A\n|rated|\n|rule|Species Clause: Limit one of each Pok\u00e9mon\n|rule|Item Clause: Limit 1 of each item\n|clearpoke\n|poke|p1|Delphox, L50, M|\n|poke|p1|Basculegion, L50, M|\n|poke|p1|Clefable, L50, M|\n|poke|p1|Kingambit, L50, M|\n|poke|p1|Dragonite, L50, M|\n|poke|p1|Sneasler, L50, M|\n|poke|p2|Crabominable, L50, M|\n|poke|p2|Incineroar, L50, M|\n|poke|p2|Oranguru, L50, M|\n|poke|p2|Tyranitar, L50, F|\n|poke|p2|Torkoal, L50, F|\n|poke|p2|Camerupt, L50, M|\n|teampreview|4\n|inactive|Battle timer is ON: inactive players will automatically lose when time's up. (requested by vinicio499)\n|inactive|BillySupremeVGC has 60 seconds left.\n|inactive|vinicio499 has 60 seconds left.\n|\n|t:|1776123218\n|teamsize|p1|4\n|teamsize|p2|4\n|start\n|switch|p1a: Kingambit|Kingambit, L50, M|100/100\n|switch|p1b: Sneasler|Sneasler, L50, M|100/100\n|switch|p2a: Incineroar|Incineroar, L50, M|100/100\n|switch|p2b: Oranguru|Oranguru, L50, M|100/100\n|-ability|p2a: Incineroar|Intimidate|boost\n|-unboost|p1a: Kingambit|atk|1\n|-ability|p1a: Kingambit|Defiant|boost\n|-boost|p1a: Kingambit|atk|2\n|-unboost|p1b: Sneasler|atk|1\n|turn|1\n|inactive|vinicio499 has 30 seconds left.\n|\n|t:|1776123245\n|switch|p1b: Dragonite|Dragonite, L50, M|100/100\n|switch|p2b: Pacheco|Crabominable, L50, M, shiny|100/100\n|move|p1a: Kingambit|Protect|p1a: Kingambit\n|-singleturn|p1a: Kingambit|Protect\n|move|p2a: Incineroar|Flare Blitz|p1a: Kingambit\n|-activate|p1a: Kingambit|move: Protect\n|\n|upkeep\n|turn|2\n|\n|t:|1776123268\n|detailschange|p2b: Pacheco|Crabominable-Mega, L50, M, shiny\n|-mega|p2b: Pacheco|Crabominable|Crabominite\n|move|p1b: Dragonite|Scale Shot|p2b: Pacheco\n|-damage|p2b: Pacheco|89/100\n|-damage|p2b: Pacheco|78/100\n|-hitcount|p2b: Pacheco|2\n|-unboost|p1b: Dragonite|def|1\n|-boost|p1b: Dragonite|spe|1\n|move|p2a: Incineroar|Flare Blitz|p1a: Kingambit\n|-supereffective|p1a: Kingambit|1\n|-damage|p1a: Kingambit|10/100\n|-damage|p2a: Incineroar|68/100|[from] Recoil\n|move|p1a: Kingambit|Kowtow Cleave|p2b: Pacheco\n|-resisted|p2b: Pacheco|1\n|-damage|p2b: Pacheco|47/100\n|move|p2b: Pacheco|Ice Hammer|p1b: Dragonite\n|-supereffective|p1b: Dragonite|2\n|-damage|p1b: Dragonite|0 fnt\n|-unboost|p2b: Pacheco|spe|1\n|faint|p1b: Dragonite\n|\n|upkeep\n|\n|t:|1776123292\n|switch|p1b: Sneasler|Sneasler, L50, M|100/100\n|turn|3\n|\n|t:|1776123305\n|move|p1a: Kingambit|Protect|p1a: Kingambit\n|-singleturn|p1a: Kingambit|Protect\n|move|p2b: Pacheco|Mach Punch|p1a: Kingambit\n|-activate|p1a: Kingambit|move: Protect\n|move|p1b: Sneasler|Close Combat|p2b: Pacheco\n|-supereffective|p2b: Pacheco|1\n|-damage|p2b: Pacheco|0 fnt\n|-unboost|p1b: Sneasler|def|1\n|-unboost|p1b: Sneasler|spd|1\n|faint|p2b: Pacheco\n|move|p2a: Incineroar|Flare Blitz|p1a: Kingambit\n|-activate|p1a: Kingambit|move: Protect\n|\n|upkeep\n|\n|t:|1776123310\n|switch|p2b: Oranguru|Oranguru, L50, M|100/100\n|turn|4\n|\n|t:|1776123326\n|move|p1b: Sneasler|Close Combat|p2a: Incineroar\n|-supereffective|p2a: Incineroar|1\n|-enditem|p2a: Incineroar|Chople Berry|[eat]\n|-enditem|p2a: Incineroar|Chople Berry|[weaken]\n|-damage|p2a: Incineroar|5/100\n|-unboost|p1b: Sneasler|def|1\n|-unboost|p1b: Sneasler|spd|1\n|move|p2a: Incineroar|Flare Blitz|p1a: Kingambit\n|-supereffective|p1a: Kingambit|1\n|-damage|p1a: Kingambit|0 fnt\n|faint|p1a: Kingambit\n|-damage|p2a: Incineroar|2/100|[from] Recoil\n|move|p2b: Oranguru|Trick Room|p2b: Oranguru\n|-fieldstart|move: Trick Room|[of] p2b: Oranguru\n|\n|upkeep\n|\n|t:|1776123341\n|switch|p1a: Delphox|Delphox, L50, M|100/100\n|turn|5\n|\n|t:|1776123351\n|detailschange|p1a: Delphox|Delphox-Mega, L50, M\n|-mega|p1a: Delphox|Delphox|Delphoxite\n|move|p1a: Delphox|Protect|p1a: Delphox\n|-singleturn|p1a: Delphox|Protect\n|move|p2a: Incineroar|Darkest Lariat|p1a: Delphox\n|-activate|p1a: Delphox|move: Protect\n|move|p2b: Oranguru|Instruct|p2a: Incineroar\n|-singleturn|p2a: Incineroar|move: Instruct|[of] p2b: Oranguru\n|move|p2a: Incineroar|Darkest Lariat|p1a: Delphox\n|-activate|p1a: Delphox|move: Protect\n|move|p1b: Sneasler|Close Combat|p2a: Incineroar\n|-supereffective|p2a: Incineroar|1\n|-damage|p2a: Incineroar|0 fnt\n|-unboost|p1b: Sneasler|def|1\n|-unboost|p1b: Sneasler|spd|1\n|faint|p2a: Incineroar\n|\n|upkeep\n|\n|t:|1776123355\n|switch|p2a: Tyranitar|Tyranitar, L50, F|100/100\n|-weather|Sandstorm|[from] ability: Sand Stream|[of] p2a: Tyranitar\n|turn|6\n|\n|t:|1776123379\n|move|p2a: Tyranitar|Rock Slide|p1a: Delphox|[spread] p1a,p1b\n|-supereffective|p1a: Delphox|1\n|-resisted|p1b: Sneasler|1\n|-damage|p1a: Delphox|0 fnt\n|-damage|p1b: Sneasler|30/100\n|faint|p1a: Delphox\n|move|p2b: Oranguru|Instruct|p2a: Tyranitar\n|-singleturn|p2a: Tyranitar|move: Instruct|[of] p2b: Oranguru\n|move|p2a: Tyranitar|Rock Slide|p1b: Sneasler|[miss]\n|-miss|p2a: Tyranitar|p1b: Sneasler\n|cant|p1b: Sneasler|flinch\n|\n|-weather|Sandstorm|[upkeep]\n|-damage|p2b: Oranguru|94/100|[from] Sandstorm\n|-damage|p1b: Sneasler|24/100|[from] Sandstorm\n|upkeep\n|turn|7\n|-message|BillySupremeVGC forfeited.\n|\n|win|vinicio499\n|raw|BillySupremeVGC's rating: 1331 &rarr; <strong>1314</strong><br />(-17 for losing)\n|raw|vinicio499's rating: 1379 &rarr; <strong>1396</strong><br />(+17 for winning)\n|l|\u2606BillySupremeVGC\n|player|p1|\n",
  "uploadtime": 1776123395,
  "views": 22,
  "formatid": "gen9championsvgc2026regma",
  "rating": 1314,
  "private": 0,
  "password": null
}