{
  "id": "gen9championsvgc2026regma-2588393902",
  "format": "[Gen 9 Champions] VGC 2026 Reg M-A",
  "players": [
    "Patlyk",
    "babayaga357"
  ],
  "log": "|j|\u2606Patlyk\n|j|\u2606babayaga357\n|t:|1776629806\n|gametype|doubles\n|player|p1|Patlyk|266|1194\n|player|p2|babayaga357|170|1277\n|gen|9\n|tier|[Gen 9 Champions] VGC 2026 Reg M-A\n|rated|\n|rule|Species Clause: Limit one of each Pok\u00e9mon\n|rule|Item Clause: Limit 1 of each item\n|clearpoke\n|poke|p1|Whimsicott, L50, F|\n|poke|p1|Delphox, L50, F|\n|poke|p1|Sneasler, L50, M|\n|poke|p1|Garchomp, L50, M|\n|poke|p1|Gengar, L50, M|\n|poke|p1|Kingambit, L50, F|\n|poke|p2|Delphox, L50, F, shiny|\n|poke|p2|Sinistcha, L50|\n|poke|p2|Manectric, L50, M, shiny|\n|poke|p2|Sneasler, L50, F|\n|poke|p2|Kingambit, L50, F|\n|poke|p2|Milotic, L50, F|\n|teampreview|4\n|inactive|Battle timer is ON: inactive players will automatically lose when time's up. (requested by babayaga357)\n|inactive|babayaga357 has 60 seconds left.\n|inactive|babayaga357 has 30 seconds left.\n|\n|t:|1776629873\n|teamsize|p1|4\n|teamsize|p2|4\n|start\n|switch|p1a: Rice Shower|Sneasler, L50, M|100/100\n|switch|p1b: Smart Falcon|Garchomp, L50, M|100/100\n|switch|p2a: Sinistcha|Sinistcha, L50|100/100\n|switch|p2b: Manectric|Manectric, L50, M, shiny|100/100\n|turn|1\n|\n|t:|1776629898\n|switch|p2b: Milotic|Milotic, L50, F|100/100\n|move|p1a: Rice Shower|Protect|p1a: Rice Shower\n|-singleturn|p1a: Rice Shower|Protect\n|move|p1b: Smart Falcon|Earthquake|p2b: Milotic|[spread] p2a,p2b\n|-activate|p1a: Rice Shower|move: Protect\n|-resisted|p2a: Sinistcha|1\n|-damage|p2a: Sinistcha|84/100\n|-damage|p2b: Milotic|72/100\n|move|p2a: Sinistcha|Trick Room|p2a: Sinistcha\n|-fieldstart|move: Trick Room|[of] p2a: Sinistcha\n|\n|-heal|p2b: Milotic|79/100|[from] item: Leftovers\n|upkeep\n|turn|2\n|\n|t:|1776629920\n|move|p1b: Smart Falcon|Protect|p1b: Smart Falcon\n|-singleturn|p1b: Smart Falcon|Protect\n|move|p2a: Sinistcha|Matcha Gotcha|p1a: Rice Shower|[spread] p1a\n|-activate|p1b: Smart Falcon|move: Protect\n|-resisted|p1a: Rice Shower|1\n|-damage|p1a: Rice Shower|83/100\n|-heal|p2a: Sinistcha|94/100|[from] drain|[of] p1a: Rice Shower\n|move|p2b: Milotic|Muddy Water|p1b: Smart Falcon|[spread] p1a\n|-activate|p1b: Smart Falcon|move: Protect\n|-damage|p1a: Rice Shower|51/100\n|move|p1a: Rice Shower|Dire Claw|p2a: Sinistcha\n|-crit|p2a: Sinistcha\n|-damage|p2a: Sinistcha|35/100\n|\n|-heal|p2b: Milotic|85/100|[from] item: Leftovers\n|upkeep\n|turn|3\n|inactive|Patlyk has 30 seconds left.\n|inactive|babayaga357 has 30 seconds left.\n|\n|t:|1776629953\n|move|p1a: Rice Shower|Protect|p1a: Rice Shower\n|-singleturn|p1a: Rice Shower|Protect\n|move|p2a: Sinistcha|Matcha Gotcha|p1b: Smart Falcon|[spread] \n|-activate|p1a: Rice Shower|move: Protect\n|-miss|p2a: Sinistcha|p1b: Smart Falcon\n|move|p2b: Milotic|Muddy Water|p1a: Rice Shower|[spread] p1b\n|-activate|p1a: Rice Shower|move: Protect\n|-damage|p1b: Smart Falcon|70/100\n|-unboost|p1b: Smart Falcon|accuracy|1\n|move|p1b: Smart Falcon|Dragon Claw|p2a: Sinistcha\n|-damage|p2a: Sinistcha|0 fnt\n|faint|p2a: Sinistcha\n|\n|-heal|p2b: Milotic|91/100|[from] item: Leftovers\n|upkeep\n|\n|t:|1776629970\n|switch|p2a: Kingambit|Kingambit, L50, F|100/100\n|turn|4\n|\n|t:|1776629983\n|switch|p1a: Haru Urara|Whimsicott, L50, F|100/100\n|move|p1b: Smart Falcon|Protect|p1b: Smart Falcon\n|-singleturn|p1b: Smart Falcon|Protect\n|move|p2a: Kingambit|Kowtow Cleave|p1a: Haru Urara\n|-resisted|p1a: Haru Urara|1\n|-damage|p1a: Haru Urara|60/100\n|move|p2b: Milotic|Scald|p1a: Haru Urara\n|-resisted|p1a: Haru Urara|1\n|-damage|p1a: Haru Urara|34/100\n|\n|-heal|p2b: Milotic|97/100|[from] item: Leftovers\n|upkeep\n|turn|5\n|inactive|Patlyk has 30 seconds left.\n|\n|t:|1776630016\n|switch|p1b: Rice Shower|Sneasler, L50, M|51/100\n|move|p1a: Haru Urara|Tailwind|p1a: Haru Urara\n|-sidestart|p1: Patlyk|move: Tailwind\n|move|p2a: Kingambit|Swords Dance|p2a: Kingambit\n|-boost|p2a: Kingambit|atk|2\n|move|p2b: Milotic|Ice Beam|p1b: Rice Shower\n|-damage|p1b: Rice Shower|20/100\n|\n|-heal|p2b: Milotic|100/100|[from] item: Leftovers\n|-fieldend|move: Trick Room\n|upkeep\n|turn|6\n|\n|t:|1776630038\n|move|p1b: Rice Shower|Protect|p1b: Rice Shower\n|-singleturn|p1b: Rice Shower|Protect\n|move|p2a: Kingambit|Protect|p2a: Kingambit\n|-singleturn|p2a: Kingambit|Protect\n|move|p1a: Haru Urara|Moonblast|p2a: Kingambit\n|-activate|p2a: Kingambit|move: Protect\n|move|p2b: Milotic|Muddy Water|p1b: Rice Shower|[spread] p1a\n|-activate|p1b: Rice Shower|move: Protect\n|-resisted|p1a: Haru Urara|1\n|-damage|p1a: Haru Urara|14/100\n|-unboost|p1a: Haru Urara|accuracy|1\n|\n|upkeep\n|turn|7\n|inactive|Patlyk has 30 seconds left.\n|\n|t:|1776630071\n|switch|p1b: Smart Falcon|Garchomp, L50, M|70/100\n|move|p1a: Haru Urara|Fake Tears|p2b: Milotic\n|-unboost|p2b: Milotic|spd|2\n|-ability|p2b: Milotic|Competitive|boost\n|-boost|p2b: Milotic|spa|2\n|move|p2a: Kingambit|Sucker Punch||[still]\n|-fail|p2a: Kingambit\n|move|p2b: Milotic|Muddy Water|p1a: Haru Urara|[spread] p1a,p1b\n|-resisted|p1a: Haru Urara|1\n|-damage|p1a: Haru Urara|0 fnt\n|-damage|p1b: Smart Falcon|11/100\n|-enditem|p1b: Smart Falcon|Sitrus Berry|[eat]\n|-heal|p1b: Smart Falcon|36/100|[from] item: Sitrus Berry\n|faint|p1a: Haru Urara\n|\n|upkeep\n|\n|t:|1776630084\n|switch|p1a: Special Week|Delphox, L50, F|100/100\n|turn|8\n|\n|t:|1776630103\n|detailschange|p1a: Special Week|Delphox-Mega, L50, F\n|-mega|p1a: Special Week|Delphox|Delphoxite\n|move|p1a: Special Week|Protect|p1a: Special Week\n|-singleturn|p1a: Special Week|Protect\n|move|p2a: Kingambit|Sucker Punch|p1b: Smart Falcon\n|-damage|p1b: Smart Falcon|0 fnt\n|-damage|p2a: Kingambit|88/100|[from] ability: Rough Skin|[of] p1b: Smart Falcon\n|faint|p1b: Smart Falcon\n|move|p2b: Milotic|Scald|p1a: Special Week\n|-activate|p1a: Special Week|move: Protect\n|\n|-sideend|p1: Patlyk|move: Tailwind\n|upkeep\n|\n|t:|1776630114\n|switch|p1b: Rice Shower|Sneasler, L50, M|20/100\n|turn|9\n|\n|t:|1776630130\n|move|p1b: Rice Shower|Fake Out|p2b: Milotic\n|-damage|p2b: Milotic|89/100\n|move|p2a: Kingambit|Sucker Punch||[still]\n|-fail|p2a: Kingambit\n|move|p1a: Special Week|Heat Wave|p2a: Kingambit|[spread] p2a,p2b\n|-supereffective|p2a: Kingambit|1\n|-resisted|p2b: Milotic|1\n|-damage|p2a: Kingambit|1/100\n|-damage|p2b: Milotic|52/100\n|-status|p2b: Milotic|brn\n|cant|p2b: Milotic|flinch\n|\n|-heal|p2b: Milotic|58/100 brn|[from] item: Leftovers\n|-damage|p2b: Milotic|52/100 brn|[from] brn\n|upkeep\n|turn|10\n|inactive|Patlyk has 30 seconds left.\n|inactive|Patlyk has 20 seconds left.\n|\n|t:|1776630165\n|move|p1b: Rice Shower|Protect|p1b: Rice Shower\n|-singleturn|p1b: Rice Shower|Protect\n|move|p2a: Kingambit|Sucker Punch|p1a: Special Week\n|-supereffective|p1a: Special Week|1\n|-damage|p1a: Special Week|0 fnt\n|faint|p1a: Special Week\n|move|p2b: Milotic|Scald|p1b: Rice Shower\n|-activate|p1b: Rice Shower|move: Protect\n|\n|-heal|p2b: Milotic|58/100 brn|[from] item: Leftovers\n|-damage|p2b: Milotic|52/100 brn|[from] brn\n|upkeep\n|turn|11\n|-message|Patlyk forfeited.\n|\n|win|babayaga357\n|raw|Patlyk's rating: 1194 &rarr; <strong>1175</strong><br />(-19 for losing)\n|raw|babayaga357's rating: 1277 &rarr; <strong>1296</strong><br />(+19 for winning)\n|l|\u2606Patlyk\n|player|p1|\n",
  "uploadtime": 1776630177,
  "views": 14,
  "formatid": "gen9championsvgc2026regma",
  "rating": 1175,
  "private": 0,
  "password": null
}