{
  "id": "gen9championsvgc2026regma-2587826564",
  "format": "[Gen 9 Champions] VGC 2026 Reg M-A",
  "players": [
    "displaceddipplin",
    "Yellowalsomellow"
  ],
  "log": "|j|\u2606displaceddipplin\n|j|\u2606Yellowalsomellow\n|t:|1776567993\n|gametype|doubles\n|player|p1|displaceddipplin|266|1184\n|player|p2|Yellowalsomellow|nate|1262\n|gen|9\n|tier|[Gen 9 Champions] VGC 2026 Reg M-A\n|rated|\n|rule|Species Clause: Limit one of each Pok\u00e9mon\n|rule|Item Clause: Limit 1 of each item\n|clearpoke\n|poke|p1|Floette-Eternal, L50, F|\n|poke|p1|Delphox, L50, M|\n|poke|p1|Sneasler, L50, F|\n|poke|p1|Ninetales-Alola, L50, F|\n|poke|p1|Sinistcha, L50, shiny|\n|poke|p1|Incineroar, L50, F|\n|poke|p2|Emboar, L50, M, shiny|\n|poke|p2|Sneasler, L50, F|\n|poke|p2|Rotom-Wash, L50|\n|poke|p2|Sinistcha-Masterpiece, L50|\n|poke|p2|Goodra-Hisui, L50, F, shiny|\n|poke|p2|Tyranitar, L50, M|\n|teampreview|4\ndisplaceddipplin rejected open team sheets.\n|inactive|Battle timer is ON: inactive players will automatically lose when time's up. (requested by Yellowalsomellow)\n|\n|t:|1776568026\n|teamsize|p1|4\n|teamsize|p2|4\n|start\n|switch|p1a: Incineroar|Incineroar, L50, F|100/100\n|switch|p1b: Floette|Floette-Eternal, L50, F|100/100\n|switch|p2a: Emboar|Emboar, L50, M, shiny|100/100\n|switch|p2b: Sneasler|Sneasler, L50, F|100/100\n|-ability|p1a: Incineroar|Intimidate|boost\n|-unboost|p2a: Emboar|atk|1\n|-unboost|p2b: Sneasler|atk|1\n|-enditem|p2b: Sneasler|White Herb\n|-clearnegativeboost|p2b: Sneasler|[silent]\n|turn|1\n|\n|t:|1776568041\n|move|p1b: Floette|Protect|p1b: Floette\n|-singleturn|p1b: Floette|Protect\n|move|p2b: Sneasler|Fake Out|p1b: Floette\n|-activate|p1b: Floette|move: Protect\n|move|p1a: Incineroar|Parting Shot|p2a: Emboar\n|-unboost|p2a: Emboar|atk|1\n|-unboost|p2a: Emboar|spa|1\n|\n|t:|1776568050\n|switch|p1a: Ninetales|Ninetales-Alola, L50, F|100/100|[from] Parting Shot\n|-weather|Snowscape|[from] ability: Snow Warning|[of] p1a: Ninetales\n|move|p2a: Emboar|Bulk Up|p2a: Emboar\n|-boost|p2a: Emboar|atk|1\n|-boost|p2a: Emboar|def|1\n|\n|-weather|Snowscape|[upkeep]\n|upkeep\n|turn|2\n|inactive|Yellowalsomellow has 30 seconds left.\n|\n|t:|1776568083\n|switch|p1a: Incineroar|Incineroar, L50, F|100/100\n|-ability|p1a: Incineroar|Intimidate|boost\n|-unboost|p2a: Emboar|atk|1\n|-unboost|p2b: Sneasler|atk|1\n|switch|p2a: Tyranitar|Tyranitar, L50, M|100/100\n|-weather|Sandstorm|[from] ability: Sand Stream|[of] p2a: Tyranitar\n|detailschange|p1b: Floette|Floette-Mega, L50, F\n|-mega|p1b: Floette|Floette|Floettite\n|-ability|p1b: Floette|Fairy Aura\n|move|p2b: Sneasler|Dire Claw|p1b: Floette\n|-supereffective|p1b: Floette|1\n|-damage|p1b: Floette|50/100\n|-status|p1b: Floette|psn\n|move|p1b: Floette|Calm Mind|p1b: Floette\n|-boost|p1b: Floette|spa|1\n|-boost|p1b: Floette|spd|1\n|\n|-weather|Sandstorm|[upkeep]\n|-damage|p2b: Sneasler|95/100|[from] Sandstorm\n|-damage|p1b: Floette|44/100 psn|[from] Sandstorm\n|-damage|p1a: Incineroar|94/100|[from] Sandstorm\n|-damage|p1b: Floette|31/100 psn|[from] psn\n|upkeep\n|turn|3\n|inactive|displaceddipplin has 30 seconds left.\n|inactive|Yellowalsomellow has 30 seconds left.\n|\n|t:|1776568117\n|move|p2a: Tyranitar|Protect|p2a: Tyranitar\n|-singleturn|p2a: Tyranitar|Protect\n|move|p1a: Incineroar|Fake Out|p2b: Sneasler\n|-damage|p2b: Sneasler|77/100\n|cant|p2b: Sneasler|flinch\n|move|p1b: Floette|Dazzling Gleam|p2b: Sneasler|[spread] p2b\n|-activate|p2a: Tyranitar|move: Protect\n|-damage|p2b: Sneasler|0 fnt\n|faint|p2b: Sneasler\n|\n|-weather|Sandstorm|[upkeep]\n|-damage|p1b: Floette|25/100 psn|[from] Sandstorm\n|-damage|p1a: Incineroar|88/100|[from] Sandstorm\n|-damage|p1b: Floette|13/100 psn|[from] psn\n|upkeep\n|\n|t:|1776568133\n|switch|p2b: Emboar|Emboar, L50, M, shiny|100/100\n|turn|4\n|\n|t:|1776568144\n|switch|p1a: Sinistcha|Sinistcha, L50, shiny|100/100\n|-heal|p1b: Floette|38/100 psn|[from] ability: Hospitality|[of] p1a: Sinistcha\n|move|p1b: Floette|Protect|p1b: Floette\n|-singleturn|p1b: Floette|Protect\n|move|p2b: Emboar|Sucker Punch||[still]\n|-fail|p2b: Emboar\n|move|p2a: Tyranitar|Dragon Dance|p2a: Tyranitar\n|-boost|p2a: Tyranitar|atk|1\n|-boost|p2a: Tyranitar|spe|1\n|\n|-weather|Sandstorm|[upkeep]\n|-damage|p1b: Floette|32/100 psn|[from] Sandstorm\n|-damage|p1a: Sinistcha|94/100|[from] Sandstorm\n|-damage|p2b: Emboar|94/100|[from] Sandstorm\n|-damage|p1b: Floette|20/100 psn|[from] psn\n|upkeep\n|turn|5\n|inactive|displaceddipplin has 30 seconds left.\n|\n|t:|1776568173\n|switch|p1a: Incineroar|Incineroar, L50, F|88/100\n|-ability|p1a: Incineroar|Intimidate|boost\n|-unboost|p2a: Tyranitar|atk|1\n|-unboost|p2b: Emboar|atk|1\n|switch|p2b: Goodra|Goodra-Hisui, L50, F, shiny|100/100\n|move|p2a: Tyranitar|Protect|p2a: Tyranitar\n|-singleturn|p2a: Tyranitar|Protect\n|move|p1b: Floette|Dazzling Gleam|p2b: Goodra|[spread] p2b\n|-activate|p2a: Tyranitar|move: Protect\n|-damage|p2b: Goodra|52/100\n|\n|-weather|Sandstorm|[upkeep]\n|-damage|p1b: Floette|14/100 psn|[from] Sandstorm\n|-damage|p1a: Incineroar|82/100|[from] Sandstorm\n|-heal|p2b: Goodra|58/100|[from] item: Leftovers\n|-damage|p1b: Floette|2/100 psn|[from] psn\n|upkeep\n|turn|6\n|\n|t:|1776568198\n|switch|p2a: Emboar|Emboar, L50, M, shiny|94/100\n|move|p1b: Floette|Protect|p1b: Floette\n|-singleturn|p1b: Floette|Protect\n|move|p1a: Incineroar|Parting Shot|p2a: Emboar\n|-unboost|p2a: Emboar|atk|1\n|-unboost|p2a: Emboar|spa|1\n|\n|t:|1776568205\n|switch|p1a: Sinistcha|Sinistcha, L50, shiny|94/100|[from] Parting Shot\n|-heal|p1b: Floette|26/100 psn|[from] ability: Hospitality|[of] p1a: Sinistcha\n|move|p2b: Goodra|Iron Head|p1b: Floette\n|-activate|p1b: Floette|move: Protect\n|\n|-weather|none\n|-heal|p2b: Goodra|64/100|[from] item: Leftovers\n|-damage|p1b: Floette|14/100 psn|[from] psn\n|upkeep\n|turn|7\n|inactive|displaceddipplin has 30 seconds left.\n|\n|t:|1776568238\n|detailschange|p2a: Emboar|Emboar-Mega, L50, M, shiny\n|-mega|p2a: Emboar|Emboar|Emboarite\n|-ability|p2a: Emboar|Mold Breaker\n|move|p1a: Sinistcha|Rage Powder|p1a: Sinistcha\n|-singleturn|p1a: Sinistcha|move: Rage Powder\n|move|p1b: Floette|Moonblast|p2a: Emboar\n|-damage|p2a: Emboar|20/100\n|move|p2a: Emboar|Flare Blitz|p1a: Sinistcha\n|-supereffective|p1a: Sinistcha|1\n|-damage|p1a: Sinistcha|16/100\n|-enditem|p1a: Sinistcha|Sitrus Berry|[eat]\n|-heal|p1a: Sinistcha|40/100|[from] item: Sitrus Berry\n|-damage|p2a: Emboar|0 fnt|[from] Recoil\n|faint|p2a: Emboar\n|move|p2b: Goodra|Life Dew|p2b: Goodra\n|-heal|p2b: Goodra|89/100\n|\n|-heal|p2b: Goodra|95/100|[from] item: Leftovers\n|-damage|p1b: Floette|2/100 psn|[from] psn\n|upkeep\n|\n|t:|1776568255\n|switch|p2a: Tyranitar|Tyranitar, L50, M|100/100\n|-weather|Sandstorm|[from] ability: Sand Stream|[of] p2a: Tyranitar\n|turn|8\n|\n|t:|1776568265\n|switch|p1b: Incineroar|Incineroar, L50, F|82/100\n|-ability|p1b: Incineroar|Intimidate|boost\n|-unboost|p2a: Tyranitar|atk|1\n|-unboost|p2b: Goodra|atk|1\n|move|p2a: Tyranitar|Protect|p2a: Tyranitar\n|-singleturn|p2a: Tyranitar|Protect\n|move|p1a: Sinistcha|Matcha Gotcha|p2b: Goodra|[spread] \n|-activate|p2a: Tyranitar|move: Protect\n|-miss|p1a: Sinistcha|p2b: Goodra\n|move|p2b: Goodra|Life Dew||[still]|[spread] p2a,p2b\n|-fail|p2a: Tyranitar|heal\n|-heal|p2b: Goodra|100/100\n|\n|-weather|Sandstorm|[upkeep]\n|-damage|p1a: Sinistcha|34/100|[from] Sandstorm\n|-damage|p1b: Incineroar|76/100|[from] Sandstorm\n|upkeep\n|turn|9\n|\n|t:|1776568283\n|move|p1b: Incineroar|Fake Out|p2a: Tyranitar\n|-resisted|p2a: Tyranitar|1\n|-damage|p2a: Tyranitar|96/100\n|move|p1a: Sinistcha|Matcha Gotcha|p2a: Tyranitar|[spread] p2a\n|-miss|p1a: Sinistcha|p2b: Goodra\n|-supereffective|p2a: Tyranitar|1\n|-damage|p2a: Tyranitar|69/100\n|-heal|p1a: Sinistcha|49/100|[from] drain|[of] p2a: Tyranitar\n|cant|p2a: Tyranitar|flinch\n|move|p2b: Goodra|Life Dew||[still]|[spread] p2a,p2b\n|-heal|p2a: Tyranitar|94/100\n|-fail|p2b: Goodra|heal\n|\n|-weather|Sandstorm|[upkeep]\n|-damage|p1a: Sinistcha|43/100|[from] Sandstorm\n|-damage|p1b: Incineroar|70/100|[from] Sandstorm\n|upkeep\n|turn|10\n|\n|t:|1776568308\n|move|p1a: Sinistcha|Matcha Gotcha|p2b: Goodra|[spread] p2a,p2b\n|-supereffective|p2a: Tyranitar|1\n|-resisted|p2b: Goodra|2\n|-damage|p2a: Tyranitar|70/100\n|-heal|p1a: Sinistcha|57/100|[from] drain|[of] p2a: Tyranitar\n|-damage|p2b: Goodra|97/100\n|-heal|p1a: Sinistcha|59/100|[from] drain|[of] p2b: Goodra\n|move|p2a: Tyranitar|Dragon Dance|p2a: Tyranitar\n|-boost|p2a: Tyranitar|atk|1\n|-boost|p2a: Tyranitar|spe|1\n|move|p1b: Incineroar|Parting Shot|p2a: Tyranitar\n|-unboost|p2a: Tyranitar|atk|1\n|-unboost|p2a: Tyranitar|spa|1\n|\n|t:|1776568319\n|switch|p1b: Ninetales|Ninetales-Alola, L50, F|100/100|[from] Parting Shot\n|-weather|Snowscape|[from] ability: Snow Warning|[of] p1b: Ninetales\n|move|p2b: Goodra|Life Dew|p2b: Goodra|[spread] p2a,p2b\n|-heal|p2a: Tyranitar|95/100\n|-heal|p2b: Goodra|100/100\n|\n|-weather|Snowscape|[upkeep]\n|upkeep\n|turn|11\n|\n|t:|1776568332\n|switch|p1b: Incineroar|Incineroar, L50, F|70/100\n|-ability|p1b: Incineroar|Intimidate|boost\n|-unboost|p2a: Tyranitar|atk|1\n|-unboost|p2b: Goodra|atk|1\n|move|p2a: Tyranitar|Dragon Dance|p2a: Tyranitar\n|-boost|p2a: Tyranitar|atk|1\n|-boost|p2a: Tyranitar|spe|1\n|move|p1a: Sinistcha|Matcha Gotcha|p2b: Goodra|[spread] p2a\n|-miss|p1a: Sinistcha|p2b: Goodra\n|-supereffective|p2a: Tyranitar|1\n|-damage|p2a: Tyranitar|59/100\n|-heal|p1a: Sinistcha|79/100|[from] drain|[of] p2a: Tyranitar\n|-status|p2a: Tyranitar|brn\n|move|p2b: Goodra|Iron Head|p1b: Incineroar\n|-resisted|p1b: Incineroar|1\n|-damage|p1b: Incineroar|64/100\n|\n|-weather|Snowscape|[upkeep]\n|-damage|p2a: Tyranitar|53/100 brn|[from] brn\n|upkeep\n|turn|12\n|\n|t:|1776568353\n|move|p2a: Tyranitar|Protect|p2a: Tyranitar\n|-singleturn|p2a: Tyranitar|Protect\n|move|p1b: Incineroar|Fake Out|p2a: Tyranitar\n|-activate|p2a: Tyranitar|move: Protect\n|move|p1a: Sinistcha|Matcha Gotcha|p2a: Tyranitar|[spread] p2b\n|-activate|p2a: Tyranitar|move: Protect\n|-resisted|p2b: Goodra|2\n|-damage|p2b: Goodra|97/100\n|-heal|p1a: Sinistcha|81/100|[from] drain|[of] p2b: Goodra\n|move|p2b: Goodra|Life Dew|p2b: Goodra|[spread] p2a,p2b\n|-heal|p2a: Tyranitar|78/100 brn\n|-heal|p2b: Goodra|100/100\n|\n|-weather|Snowscape|[upkeep]\n|-damage|p2a: Tyranitar|72/100 brn|[from] brn\n|upkeep\n|turn|13\n|inactive|Yellowalsomellow has 30 seconds left.\n|\n|t:|1776568383\n|move|p2a: Tyranitar|Rock Slide|p1a: Sinistcha|[spread] p1a,p1b\n|-supereffective|p1b: Incineroar|1\n|-damage|p1a: Sinistcha|74/100\n|-damage|p1b: Incineroar|49/100\n|move|p1a: Sinistcha|Matcha Gotcha|p2b: Goodra|[spread] p2a,p2b\n|-supereffective|p2a: Tyranitar|1\n|-resisted|p2b: Goodra|2\n|-damage|p2a: Tyranitar|35/100 brn\n|-heal|p1a: Sinistcha|94/100|[from] drain|[of] p2a: Tyranitar\n|-damage|p2b: Goodra|97/100\n|-heal|p1a: Sinistcha|97/100|[from] drain|[of] p2b: Goodra\n|move|p1b: Incineroar|Parting Shot|p2a: Tyranitar\n|-unboost|p2a: Tyranitar|atk|1\n|-unboost|p2a: Tyranitar|spa|1\n|\n|t:|1776568397\n|switch|p1b: Ninetales|Ninetales-Alola, L50, F|100/100|[from] Parting Shot\n|move|p2b: Goodra|Body Press|p1b: Ninetales\n|-damage|p1b: Ninetales|72/100\n|\n|-weather|Snowscape|[upkeep]\n|-heal|p2b: Goodra|100/100|[from] item: Leftovers\n|-damage|p2a: Tyranitar|29/100 brn|[from] brn\n|upkeep\n|turn|14\n|\n|t:|1776568409\n|move|p2a: Tyranitar|Protect|p2a: Tyranitar\n|-singleturn|p2a: Tyranitar|Protect\n|move|p1b: Ninetales|Aurora Veil|p1b: Ninetales\n|-sidestart|p1: displaceddipplin|move: Aurora Veil\n|move|p1a: Sinistcha|Matcha Gotcha|p2b: Goodra|[spread] p2b\n|-activate|p2a: Tyranitar|move: Protect\n|-resisted|p2b: Goodra|2\n|-damage|p2b: Goodra|97/100\n|-heal|p1a: Sinistcha|99/100|[from] drain|[of] p2b: Goodra\n|move|p2b: Goodra|Life Dew|p2b: Goodra|[spread] p2a,p2b\n|-heal|p2a: Tyranitar|54/100 brn\n|-heal|p2b: Goodra|100/100\n|\n|-weather|none\n|-damage|p2a: Tyranitar|48/100 brn|[from] brn\n|upkeep\n|turn|15\n|\n|t:|1776568429\n|switch|p1b: Incineroar|Incineroar, L50, F|49/100\n|-ability|p1b: Incineroar|Intimidate|boost\n|-unboost|p2a: Tyranitar|atk|1\n|-unboost|p2b: Goodra|atk|1\n|move|p2a: Tyranitar|Rock Slide|p1a: Sinistcha|[spread] p1b\n|-miss|p2a: Tyranitar|p1a: Sinistcha\n|-supereffective|p1b: Incineroar|1\n|-damage|p1b: Incineroar|42/100\n|move|p1a: Sinistcha|Matcha Gotcha|p2a: Tyranitar|[spread] p2a\n|-miss|p1a: Sinistcha|p2b: Goodra\n|-supereffective|p2a: Tyranitar|1\n|-crit|p2a: Tyranitar\n|-damage|p2a: Tyranitar|0 fnt\n|-heal|p1a: Sinistcha|100/100|[from] drain|[of] p2a: Tyranitar\n|faint|p2a: Tyranitar\n|move|p2b: Goodra|Life Dew||[still]\n|-fail|p2b: Goodra|heal\n|\n|upkeep\n|turn|16\n|\n|t:|1776568450\n|move|p1b: Incineroar|Fake Out|p2b: Goodra\n|-resisted|p2b: Goodra|1\n|-damage|p2b: Goodra|97/100\n|move|p1a: Sinistcha|Matcha Gotcha|p2b: Goodra\n|-resisted|p2b: Goodra|2\n|-damage|p2b: Goodra|91/100\n|cant|p2b: Goodra|flinch\n|\n|-heal|p2b: Goodra|97/100|[from] item: Leftovers\n|upkeep\n|turn|17\n|\n|t:|1776568464\n|move|p1a: Sinistcha|Matcha Gotcha|p2b: Goodra\n|-resisted|p2b: Goodra|2\n|-damage|p2b: Goodra|92/100\n|move|p1b: Incineroar|Flare Blitz|p2b: Goodra\n|-damage|p2b: Goodra|58/100\n|-damage|p1b: Incineroar|31/100|[from] Recoil\n|move|p2b: Goodra|Shelter|p2b: Goodra\n|-boost|p2b: Goodra|def|2\n|\n|-heal|p2b: Goodra|64/100|[from] item: Leftovers\n|upkeep\n|turn|18\n|\n|t:|1776568478\n|move|p1a: Sinistcha|Matcha Gotcha|p2b: Goodra\n|-resisted|p2b: Goodra|2\n|-damage|p2b: Goodra|59/100\n|-status|p2b: Goodra|brn\n|move|p1b: Incineroar|Flare Blitz|p2b: Goodra\n|-damage|p2b: Goodra|41/100 brn\n|-damage|p1b: Incineroar|26/100|[from] Recoil\n|move|p2b: Goodra|Life Dew|p2b: Goodra\n|-heal|p2b: Goodra|66/100 brn\n|\n|-heal|p2b: Goodra|72/100 brn|[from] item: Leftovers\n|-damage|p2b: Goodra|66/100 brn|[from] brn\n|-sideend|p1: displaceddipplin|move: Aurora Veil\n|upkeep\n|turn|19\n|inactive|displaceddipplin has 30 seconds left.\n|\n|t:|1776568505\n|move|p1a: Sinistcha|Rage Powder|p1a: Sinistcha\n|-singleturn|p1a: Sinistcha|move: Rage Powder\n|move|p1b: Incineroar|Throat Chop|p2b: Goodra\n|-damage|p2b: Goodra|56/100 brn\n|-start|p2b: Goodra|Throat Chop|[silent]\n|move|p2b: Goodra|Shelter|p2b: Goodra\n|-boost|p2b: Goodra|def|2\n|\n|-heal|p2b: Goodra|62/100 brn|[from] item: Leftovers\n|-damage|p2b: Goodra|56/100 brn|[from] brn\n|upkeep\n|turn|20\n|\n|t:|1776568514\n|move|p1a: Sinistcha|Rage Powder|p1a: Sinistcha\n|-singleturn|p1a: Sinistcha|move: Rage Powder\n|move|p1b: Incineroar|Throat Chop|p2b: Goodra\n|-damage|p2b: Goodra|48/100 brn\n|move|p2b: Goodra|Life Dew|p2b: Goodra\n|-heal|p2b: Goodra|73/100 brn\n|\n|-heal|p2b: Goodra|79/100 brn|[from] item: Leftovers\n|-damage|p2b: Goodra|73/100 brn|[from] brn\n|-end|p2b: Goodra|Throat Chop|[silent]\n|upkeep\n|turn|21\n|-message|Yellowalsomellow forfeited.\n|\n|win|displaceddipplin\n|raw|displaceddipplin's rating: 1184 &rarr; <strong>1215</strong><br />(+31 for winning)\n|raw|Yellowalsomellow's rating: 1262 &rarr; <strong>1231</strong><br />(-31 for losing)\n|l|\u2606Yellowalsomellow\n|player|p2|\n",
  "uploadtime": 1776568526,
  "views": 18,
  "formatid": "gen9championsvgc2026regma",
  "rating": 1215,
  "private": 0,
  "password": null
}