{
  "id": "gen9championsvgc2026regma-2580748051",
  "format": "[Gen 9 Champions] VGC 2026 Reg M-A",
  "players": [
    "Imapokemanplayer",
    "grok how do i win?"
  ],
  "log": "|j|\u2606Imapokemanplayer\n|j|\u2606grok how do i win?\n|t:|1775929246\n|gametype|doubles\n|player|p1|Imapokemanplayer|falkner|1102\n|player|p2|grok how do i win?|2|1124\n|gen|9\n|tier|[Gen 9 Champions] VGC 2026 Reg M-A\n|rated|\n|rule|Species Clause: Limit one of each Pok\u00e9mon\n|rule|Item Clause: Limit 1 of each item\n|clearpoke\n|poke|p1|Pelipper, L50, M|\n|poke|p1|Gyarados, L50, F|\n|poke|p1|Sneasler, L50, F|\n|poke|p1|Archaludon, L50, M|\n|poke|p1|Sinistcha, L50|\n|poke|p1|Kangaskhan, L50, F|\n|poke|p2|Charizard, L50, F|\n|poke|p2|Venusaur, L50, F|\n|poke|p2|Garchomp, L50, M|\n|poke|p2|Incineroar, L50, F|\n|poke|p2|Whimsicott, L50, M|\n|poke|p2|Raichu, L50, M|\n|teampreview|4\nImapokemanplayer has agreed to open team sheets.\n|c|\u2606Imapokemanplayer|glhf\n|inactive|Battle timer is ON: inactive players will automatically lose when time's up. (requested by Imapokemanplayer)\n|\n|t:|1775929296\n|teamsize|p1|4\n|teamsize|p2|4\n|start\n|switch|p1a: Kangaskhan|Kangaskhan, L50, F|100/100\n|switch|p1b: Gyarados|Gyarados, L50, F|100/100\n|switch|p2a: Garchomp|Garchomp, L50, M|100/100\n|switch|p2b: Incineroar|Incineroar, L50, F, shiny|100/100\n|-ability|p1b: Gyarados|Intimidate|boost\n|-unboost|p2a: Garchomp|atk|1\n|-unboost|p2b: Incineroar|atk|1\n|-ability|p2b: Incineroar|Intimidate|boost\n|-fail|p1a: Kangaskhan|unboost|Attack|[from] ability: Scrappy|[of] p1a: Kangaskhan\n|-unboost|p1b: Gyarados|atk|1\n|turn|1\n|inactive|grok how do i win? has 30 seconds left.\n|inactive|grok how do i win? has 20 seconds left.\n|inactive|grok how do i win? has 15 seconds left.\n|inactive|grok how do i win? has 10 seconds left.\n|inactive|grok how do i win? has 5 seconds left.\n|\n|t:|1775929349\n|detailschange|p1a: Kangaskhan|Kangaskhan-Mega, L50, F\n|-mega|p1a: Kangaskhan|Kangaskhan|Kangaskhanite\n|move|p1a: Kangaskhan|Fake Out|p2b: Incineroar\n|-damage|p2b: Incineroar|81/100\n|-damage|p2b: Incineroar|76/100\n|-hitcount|p2b: Incineroar|2\n|cant|p2b: Incineroar|flinch\n|move|p2a: Garchomp|Rock Slide|p1b: Gyarados|[spread] p1a,p1b\n|-supereffective|p1b: Gyarados|1\n|-damage|p1a: Kangaskhan|90/100\n|-damage|p1b: Gyarados|64/100\n|move|p1b: Gyarados|Ice Fang|p2a: Garchomp|[miss]\n|-miss|p1b: Gyarados|p2a: Garchomp\n|\n|upkeep\n|turn|2\n|\n|t:|1775929367\n|move|p1b: Gyarados|Protect|p1b: Gyarados\n|-singleturn|p1b: Gyarados|Protect\n|move|p2a: Garchomp|Rock Slide|p1a: Kangaskhan|[spread] p1a\n|-activate|p1b: Gyarados|move: Protect\n|-damage|p1a: Kangaskhan|79/100\n|move|p1a: Kangaskhan|Drain Punch|p2b: Incineroar\n|-supereffective|p2b: Incineroar|1\n|-damage|p2b: Incineroar|28/100\n|-heal|p1a: Kangaskhan|100/100|[from] drain|[of] p2b: Incineroar\n|-enditem|p2b: Incineroar|Sitrus Berry|[eat]\n|-heal|p2b: Incineroar|52/100|[from] item: Sitrus Berry\n|-supereffective|p2b: Incineroar|1\n|-damage|p2b: Incineroar|40/100\n|-hitcount|p2b: Incineroar|2\n|move|p2b: Incineroar|Parting Shot|p1a: Kangaskhan\n|-unboost|p1a: Kangaskhan|atk|1\n|-unboost|p1a: Kangaskhan|spa|1\n|\n|t:|1775929383\n|switch|p2b: Raichu|Raichu, L50, M|100/100|[from] Parting Shot\n|\n|upkeep\n|turn|3\n|\n|t:|1775929393\n|switch|p1b: Pelipper|Pelipper, L50, M|100/100\n|-weather|RainDance|[from] ability: Drizzle|[of] p1b: Pelipper\n|move|p2b: Raichu|Encore||[still]\n|-fail|p2b: Raichu\n|move|p2a: Garchomp|Rock Slide|p1b: Pelipper|[spread] p1a,p1b\n|-supereffective|p1b: Pelipper|1\n|-damage|p1a: Kangaskhan|90/100\n|-damage|p1b: Pelipper|79/100\n|move|p1a: Kangaskhan|Double-Edge|p2b: Raichu|[miss]\n|-miss|p1a: Kangaskhan|p2b: Raichu\n|\n|-weather|RainDance|[upkeep]\n|upkeep\n|turn|4\n|inactive|grok how do i win? has 30 seconds left.\n|\n|t:|1775929426\n|move|p1b: Pelipper|Protect|p1b: Pelipper\n|-singleturn|p1b: Pelipper|Protect\n|move|p2b: Raichu|Nuzzle|p1b: Pelipper\n|-activate|p1b: Pelipper|move: Protect\n|move|p2a: Garchomp|Rock Slide|p1b: Pelipper|[spread] p1a\n|-activate|p1b: Pelipper|move: Protect\n|-damage|p1a: Kangaskhan|80/100\n|move|p1a: Kangaskhan|Double-Edge|p2a: Garchomp\n|-damage|p2a: Garchomp|57/100\n|-damage|p1a: Kangaskhan|68/100|[from] ability: Rough Skin|[of] p2a: Garchomp\n|-damage|p2a: Garchomp|45/100\n|-damage|p1a: Kangaskhan|56/100|[from] ability: Rough Skin|[of] p2a: Garchomp\n|-hitcount|p2a: Garchomp|2\n|-damage|p1a: Kangaskhan|40/100|[from] Recoil\n|\n|-weather|RainDance|[upkeep]\n|upkeep\n|turn|5\n|\n|t:|1775929445\n|move|p1b: Pelipper|Wide Guard|p1b: Pelipper\n|-singleturn|p1b: Pelipper|Wide Guard\n|move|p2b: Raichu|Nuzzle|p1b: Pelipper\n|-supereffective|p1b: Pelipper|2\n|-damage|p1b: Pelipper|57/100\n|-status|p1b: Pelipper|par\n|move|p2a: Garchomp|Rock Slide|p1a: Kangaskhan|[spread] \n|-activate|p1a: Kangaskhan|move: Wide Guard\n|-activate|p1b: Pelipper|move: Wide Guard\n|move|p1a: Kangaskhan|Double-Edge|p2b: Raichu\n|-damage|p2b: Raichu|29/100\n|-crit|p2b: Raichu\n|-damage|p2b: Raichu|0 fnt\n|faint|p2b: Raichu\n|-hitcount|p2: Raichu|2\n|-damage|p1a: Kangaskhan|14/100|[from] Recoil\n|\n|-weather|RainDance|[upkeep]\n|upkeep\n|\n|t:|1775929461\n|switch|p2b: Incineroar|Incineroar, L50, F, shiny|40/100\n|-ability|p2b: Incineroar|Intimidate|boost\n|-unboost|p1a: Kangaskhan|atk|1\n|-unboost|p1b: Pelipper|atk|1\n|turn|6\n|\n|t:|1775929467\n|move|p1b: Pelipper|Protect||[still]\n|-fail|p1b: Pelipper\n|move|p2b: Incineroar|Fake Out|p1a: Kangaskhan\n|-damage|p1a: Kangaskhan|3/100\n|move|p2a: Garchomp|Dragon Claw|p1b: Pelipper\n|-damage|p1b: Pelipper|36/100 par\n|cant|p1a: Kangaskhan|flinch\n|\n|-weather|RainDance|[upkeep]\n|upkeep\n|turn|7\n|\n|t:|1775929479\n|move|p2a: Garchomp|Dragon Claw|p1a: Kangaskhan\n|-damage|p1a: Kangaskhan|0 fnt\n|faint|p1a: Kangaskhan\n|move|p2b: Incineroar|Darkest Lariat|p1b: Pelipper\n|-damage|p1b: Pelipper|3/100 par\n|move|p1b: Pelipper|Weather Ball|p2a: Garchomp\n|-damage|p2a: Garchomp|0 fnt\n|faint|p2a: Garchomp\n|\n|-weather|none\n|upkeep\n|\n|t:|1775929489\n|switch|p2a: Charizard|Charizard, L50, F, shiny|100/100\n|switch|p1a: Gyarados|Gyarados, L50, F|64/100\n|-ability|p1a: Gyarados|Intimidate|boost\n|-unboost|p2a: Charizard|atk|1\n|-unboost|p2b: Incineroar|atk|1\n|turn|8\n|\n|t:|1775929498\n|switch|p1b: Archaludon|Archaludon, L50, M|100/100\n|detailschange|p2a: Charizard|Charizard-Mega-Y, L50, F, shiny\n|-mega|p2a: Charizard|Charizard|Charizardite Y\n|-weather|SunnyDay|[from] ability: Drought|[of] p2a: Charizard\n|move|p2a: Charizard|Heat Wave|p1a: Gyarados|[spread] p1a,p1b\n|-resisted|p1a: Gyarados|1\n|-damage|p1a: Gyarados|31/100\n|-damage|p1b: Archaludon|21/100\n|-ability|p1b: Archaludon|Stamina|boost\n|-boost|p1b: Archaludon|def|1\n|move|p1a: Gyarados|Thunder Wave|p2a: Charizard\n|-status|p2a: Charizard|par\n|move|p2b: Incineroar|Darkest Lariat|p1a: Gyarados\n|-damage|p1a: Gyarados|0 fnt\n|faint|p1a: Gyarados\n|\n|-weather|SunnyDay|[upkeep]\n|-heal|p1b: Archaludon|27/100|[from] item: Leftovers\n|upkeep\n|\n|t:|1775929510\n|switch|p1a: Pelipper|Pelipper, L50, M|3/100 par\n|-weather|RainDance|[from] ability: Drizzle|[of] p1a: Pelipper\n|turn|9\n|c|\u2606Imapokemanplayer|gg wp\n|\n|t:|1775929521\n|move|p1b: Archaludon|Electro Shot||[still]\n|-prepare|p1b: Archaludon|Electro Shot\n|-boost|p1b: Archaludon|spa|1\n|-anim|p1b: Archaludon|Electro Shot|p2a: Charizard\n|-supereffective|p2a: Charizard|1\n|-damage|p2a: Charizard|0 fnt\n|faint|p2a: Charizard\n|move|p2b: Incineroar|Darkest Lariat|p1b: Archaludon\n|-damage|p1b: Archaludon|7/100\n|-ability|p1b: Archaludon|Stamina|boost\n|-boost|p1b: Archaludon|def|1\n|move|p1a: Pelipper|Weather Ball|p2b: Incineroar\n|-supereffective|p2b: Incineroar|1\n|-damage|p2b: Incineroar|0 fnt\n|faint|p2b: Incineroar\n|\n|win|Imapokemanplayer\n|raw|Imapokemanplayer's rating: 1102 &rarr; <strong>1129</strong><br />(+27 for winning)\n|raw|grok how do i win?'s rating: 1124 &rarr; <strong>1097</strong><br />(-27 for losing)\n",
  "uploadtime": 1775929534,
  "views": 11,
  "formatid": "gen9championsvgc2026regma",
  "rating": 1097,
  "private": 0,
  "password": null
}