{
  "id": "gen9championsvgc2026regma-2586828115",
  "format": "[Gen 9 Champions] VGC 2026 Reg M-A",
  "players": [
    "NRG_SRI",
    "cabrino"
  ],
  "log": "|j|\u2606NRG_SRI\n|j|\u2606cabrino\n|t:|1776463277\n|gametype|doubles\n|player|p1|NRG_SRI|102|1539\n|player|p2|cabrino|depotagent|1528\n|gen|9\n|tier|[Gen 9 Champions] VGC 2026 Reg M-A\n|rated|\n|rule|Species Clause: Limit one of each Pok\u00e9mon\n|rule|Item Clause: Limit 1 of each item\n|clearpoke\n|poke|p1|Basculegion, L50, M|\n|poke|p1|Gengar, L50, M|\n|poke|p1|Incineroar, L50, M|\n|poke|p1|Politoed, L50, F|\n|poke|p1|Scizor, L50, F|\n|poke|p1|Maushold-Four, L50|\n|poke|p2|Aerodactyl, L50, F|\n|poke|p2|Sneasler, L50, M|\n|poke|p2|Kingambit, L50, M|\n|poke|p2|Garchomp, L50, M|\n|poke|p2|Basculegion, L50, M|\n|poke|p2|Charizard, L50, M|\n|teampreview|4\n|inactive|Battle timer is ON: inactive players will automatically lose when time's up. (requested by NRG_SRI)\n|inactive|NRG_SRI has 60 seconds left.\n|inactive|cabrino has 60 seconds left.\n|j| CrazyyBoi\n|\n|t:|1776463315\n|teamsize|p1|4\n|teamsize|p2|4\n|start\n|switch|p1a: Maushold|Maushold-Four, L50|100/100\n|switch|p1b: Scizor|Scizor, L50, F|100/100\n|switch|p2a: AeroNarfi|Aerodactyl, L50, F, shiny|100/100\n|switch|p2b: Pugsy Hunter|Sneasler, L50, M, shiny|100/100\n|-ability|p2a: AeroNarfi|Unnerve\n|turn|1\n|\n|t:|1776463329\n|detailschange|p1b: Scizor|Scizor-Mega, L50, F\n|-mega|p1b: Scizor|Scizor|Scizorite\n|move|p2a: AeroNarfi|Rock Slide|p1b: Scizor|[spread] p1a,p1b\n|-crit|p1a: Maushold\n|-damage|p1a: Maushold|52/100\n|-damage|p1b: Scizor|86/100\n|move|p1a: Maushold|Encore||[still]\n|-fail|p1a: Maushold\n|move|p2b: Pugsy Hunter|Close Combat|p1a: Maushold\n|-supereffective|p1a: Maushold|1\n|-damage|p1a: Maushold|0 fnt\n|-unboost|p2b: Pugsy Hunter|def|1\n|-unboost|p2b: Pugsy Hunter|spd|1\n|faint|p1a: Maushold\n|-enditem|p2b: Pugsy Hunter|White Herb\n|-clearnegativeboost|p2b: Pugsy Hunter|[silent]\n|move|p1b: Scizor|Swords Dance|p1b: Scizor\n|-boost|p1b: Scizor|atk|2\n|\n|upkeep\n|\n|t:|1776463345\n|switch|p1a: Politoed|Politoed, L50, F|100/100\n|-weather|RainDance|[from] ability: Drizzle|[of] p1a: Politoed\n|turn|2\n|\n|t:|1776463359\n|switch|p1a: Basculegion|Basculegion, L50, M|100/100\n|move|p1b: Scizor|Bullet Punch|p2b: Pugsy Hunter\n|-damage|p2b: Pugsy Hunter|15/100\n|move|p2b: Pugsy Hunter|Close Combat|p1b: Scizor\n|-damage|p1b: Scizor|40/100\n|-unboost|p2b: Pugsy Hunter|def|1\n|-unboost|p2b: Pugsy Hunter|spd|1\n|move|p2a: AeroNarfi|Rock Slide|p1a: Basculegion|[spread] p1b\n|-miss|p2a: AeroNarfi|p1a: Basculegion\n|-damage|p1b: Scizor|19/100\n|\n|-weather|RainDance|[upkeep]\n|upkeep\n|turn|3\n|j| sileshar\n|\n|t:|1776463384\n|move|p1b: Scizor|Bullet Punch|p2b: Pugsy Hunter\n|-damage|p2b: Pugsy Hunter|0 fnt\n|faint|p2b: Pugsy Hunter\n|move|p1a: Basculegion|Wave Crash|p2a: AeroNarfi\n|-supereffective|p2a: AeroNarfi|1\n|-enditem|p2a: AeroNarfi|Focus Sash\n|-damage|p2a: AeroNarfi|1/100\n|-damage|p1a: Basculegion|75/100|[from] Recoil\n|move|p2a: AeroNarfi|Dual Wingbeat|p1b: Scizor|[miss]\n|-miss|p2a: AeroNarfi|p1b: Scizor\n|\n|-weather|RainDance|[upkeep]\n|upkeep\n|\n|t:|1776463406\n|switch|p2b: Cabrizard|Charizard, L50, M, shiny|100/100\n|turn|4\n|inactive|cabrino has 30 seconds left.\n|\n|t:|1776463436\n|detailschange|p2b: Cabrizard|Charizard-Mega-Y, L50, M, shiny\n|-mega|p2b: Cabrizard|Charizard|Charizardite Y\n|-weather|SunnyDay|[from] ability: Drought|[of] p2b: Cabrizard\n|move|p2a: AeroNarfi|Protect|p2a: AeroNarfi\n|-singleturn|p2a: AeroNarfi|Protect\n|move|p1b: Scizor|Bullet Punch|p2a: AeroNarfi\n|-activate|p2a: AeroNarfi|move: Protect\n|move|p1a: Basculegion|Wave Crash|p2b: Cabrizard\n|-supereffective|p2b: Cabrizard|1\n|-damage|p2b: Cabrizard|18/100\n|-damage|p1a: Basculegion|51/100|[from] Recoil\n|move|p2b: Cabrizard|Heat Wave|p1a: Basculegion|[spread] p1b\n|-miss|p2b: Cabrizard|p1a: Basculegion\n|-supereffective|p1b: Scizor|2\n|-damage|p1b: Scizor|0 fnt\n|faint|p1b: Scizor\n|\n|-weather|SunnyDay|[upkeep]\n|upkeep\n|\n|t:|1776463448\n|switch|p1b: Politoed|Politoed, L50, F|100/100\n|-weather|RainDance|[from] ability: Drizzle|[of] p1b: Politoed\n|turn|5\n|\n|t:|1776463461\n|switch|p2b: Bascubrino|Basculegion, L50, M|100/100\n|move|p1a: Basculegion|Wave Crash|p2a: AeroNarfi\n|-supereffective|p2a: AeroNarfi|1\n|-damage|p2a: AeroNarfi|0 fnt\n|faint|p2a: AeroNarfi\n|-damage|p1a: Basculegion|51/100|[from] Recoil\n|move|p1b: Politoed|Weather Ball|p2b: Bascubrino\n|-resisted|p2b: Bascubrino|1\n|-damage|p2b: Bascubrino|72/100\n|\n|-weather|RainDance|[upkeep]\n|upkeep\n|\n|t:|1776463466\n|switch|p2a: Cabrizard|Charizard-Mega-Y, L50, M, shiny|18/100\n|-weather|SunnyDay|[from] ability: Drought|[of] p2a: Cabrizard\n|turn|6\n|\n|t:|1776463486\n|move|p2b: Bascubrino|Last Respects|p1a: Basculegion\n|-supereffective|p1a: Basculegion|1\n|-damage|p1a: Basculegion|0 fnt\n|faint|p1a: Basculegion\n|move|p2a: Cabrizard|Solar Beam||[still]\n|-prepare|p2a: Cabrizard|Solar Beam\n|-anim|p2a: Cabrizard|Solar Beam|p1b: Politoed\n|-supereffective|p1b: Politoed|1\n|-damage|p1b: Politoed|14/100\n|move|p1b: Politoed|Weather Ball|p2b: Bascubrino\n|-resisted|p2b: Bascubrino|1\n|-damage|p2b: Bascubrino|54/100\n|\n|-weather|SunnyDay|[upkeep]\n|-heal|p1b: Politoed|20/100|[from] item: Leftovers\n|upkeep\n|turn|7\n|-message|NRG_SRI forfeited.\n|\n|win|cabrino\n|raw|NRG_SRI's rating: 1539 &rarr; <strong>1518</strong><br />(-21 for losing)\n|raw|cabrino's rating: 1528 &rarr; <strong>1549</strong><br />(+21 for winning)\n|l|\u2606NRG_SRI\n|player|p1|\n",
  "uploadtime": 1776463507,
  "views": 69,
  "formatid": "gen9championsvgc2026regma",
  "rating": 1518,
  "private": 0,
  "password": null
}