{
  "id": "gen9championsvgc2026regma-2584830352",
  "format": "[Gen 9 Champions] VGC 2026 Reg M-A",
  "players": [
    "chrisjhall11",
    "toxmyself"
  ],
  "log": "|j|\u2606chrisjhall11\n|j|\u2606toxmyself\n|t:|1776286945\n|gametype|doubles\n|player|p1|chrisjhall11|dawn|1328\n|player|p2|toxmyself|norman|1269\n|gen|9\n|tier|[Gen 9 Champions] VGC 2026 Reg M-A\n|rated|\n|rule|Species Clause: Limit one of each Pok\u00e9mon\n|rule|Item Clause: Limit 1 of each item\n|clearpoke\n|poke|p1|Froslass, L50, F|\n|poke|p1|Kingambit, L50, M|\n|poke|p1|Garchomp, L50, F|\n|poke|p1|Sinistcha, L50|\n|poke|p1|Rotom-Wash, L50|\n|poke|p1|Incineroar, L50, M|\n|poke|p2|Charizard, L50, F|\n|poke|p2|Venusaur, L50, F|\n|poke|p2|Garchomp, L50, M|\n|poke|p2|Incineroar, L50, M|\n|poke|p2|Gardevoir, L50, F|\n|poke|p2|Milotic, L50, M|\n|teampreview|4\n|inactive|Battle timer is ON: inactive players will automatically lose when time's up. (requested by toxmyself)\n|inactive|toxmyself has 60 seconds left.\n|inactive|chrisjhall11 has 60 seconds left.\n|\n|t:|1776286993\n|teamsize|p1|4\n|teamsize|p2|4\n|start\n|switch|p1a: Garchomp|Garchomp, L50, F|100/100\n|switch|p1b: Rotom|Rotom-Wash, L50|100/100\n|switch|p2a: Milotic|Milotic, L50, M|100/100\n|switch|p2b: Charizard|Charizard, L50, F|100/100\n|turn|1\n|\n|t:|1776287018\n|move|p2b: Charizard|Protect|p2b: Charizard\n|-singleturn|p2b: Charizard|Protect\n|move|p1a: Garchomp|Rock Slide|p2a: Milotic|[spread] p2a\n|-activate|p2b: Charizard|move: Protect\n|-damage|p2a: Milotic|84/100\n|move|p1b: Rotom|Volt Switch|p2a: Milotic\n|-supereffective|p2a: Milotic|1\n|-damage|p2a: Milotic|46/100\n|\n|t:|1776287028\n|switch|p1b: Froslass|Froslass, L50, F|100/100|[from] Volt Switch\n|move|p2a: Milotic|Ice Beam|p1a: Garchomp\n|-supereffective|p1a: Garchomp|2\n|-damage|p1a: Garchomp|5/100\n|\n|-heal|p2a: Milotic|53/100|[from] item: Leftovers\n|upkeep\n|turn|2\n|inactive|toxmyself has 30 seconds left.\n|\n|t:|1776287061\n|switch|p2b: Gardevoir|Gardevoir, L50, F|100/100\n|detailschange|p1b: Froslass|Froslass-Mega, L50, F\n|-mega|p1b: Froslass|Froslass|Froslassite\n|-weather|Snowscape|[from] ability: Snow Warning|[of] p1b: Froslass\n|move|p1b: Froslass|Shadow Ball|p2a: Milotic\n|-damage|p2a: Milotic|19/100\n|-unboost|p2a: Milotic|spd|1\n|-ability|p2a: Milotic|Competitive|boost\n|-boost|p2a: Milotic|spa|2\n|move|p1a: Garchomp|Rock Slide|p2b: Gardevoir|[spread] p2a,p2b\n|-damage|p2a: Milotic|5/100\n|-damage|p2b: Gardevoir|67/100\n|move|p2a: Milotic|Life Dew|p2a: Milotic|[spread] p2a,p2b\n|-heal|p2a: Milotic|30/100\n|-heal|p2b: Gardevoir|92/100\n|\n|-weather|Snowscape|[upkeep]\n|-heal|p2a: Milotic|36/100|[from] item: Leftovers\n|upkeep\n|turn|3\n|inactive|chrisjhall11 has 30 seconds left.\n|\n|t:|1776287086\n|move|p1a: Garchomp|Protect|p1a: Garchomp\n|-singleturn|p1a: Garchomp|Protect\n|move|p2b: Gardevoir|Dazzling Gleam|p1b: Froslass|[spread] p1b\n|-activate|p1a: Garchomp|move: Protect\n|-damage|p1b: Froslass|67/100\n|move|p1b: Froslass|Shadow Ball|p2b: Gardevoir\n|-supereffective|p2b: Gardevoir|1\n|-damage|p2b: Gardevoir|0 fnt\n|faint|p2b: Gardevoir\n|move|p2a: Milotic|Life Dew|p2a: Milotic\n|-heal|p2a: Milotic|61/100\n|\n|-weather|Snowscape|[upkeep]\n|-heal|p2a: Milotic|67/100|[from] item: Leftovers\n|upkeep\n|\n|t:|1776287096\n|switch|p2b: Garchomp|Garchomp, L50, M|100/100\n|turn|4\n|inactive|chrisjhall11 has 30 seconds left.\n|\n|t:|1776287122\n|move|p2b: Garchomp|Protect|p2b: Garchomp\n|-singleturn|p2b: Garchomp|Protect\n|move|p1b: Froslass|Blizzard|p2a: Milotic|[spread] p2a\n|-activate|p2b: Garchomp|move: Protect\n|-resisted|p2a: Milotic|1\n|-damage|p2a: Milotic|44/100\n|move|p1a: Garchomp|Dragon Claw|p2a: Milotic\n|-damage|p2a: Milotic|12/100\n|move|p2a: Milotic|Scald|p1a: Garchomp\n|-damage|p1a: Garchomp|0 fnt\n|faint|p1a: Garchomp\n|\n|-weather|Snowscape|[upkeep]\n|-heal|p2a: Milotic|19/100|[from] item: Leftovers\n|upkeep\n|\n|t:|1776287134\n|switch|p1a: Rotom|Rotom-Wash, L50|100/100\n|turn|5\n|\n|t:|1776287146\n|move|p2b: Garchomp|Protect||[still]\n|-fail|p2b: Garchomp\n|move|p2a: Milotic|Protect|p2a: Milotic\n|-singleturn|p2a: Milotic|Protect\n|move|p1b: Froslass|Blizzard|p2a: Milotic|[spread] p2b\n|-activate|p2a: Milotic|move: Protect\n|-supereffective|p2b: Garchomp|2\n|-enditem|p2b: Garchomp|Yache Berry|[eat]\n|-enditem|p2b: Garchomp|Yache Berry|[weaken]\n|-damage|p2b: Garchomp|8/100\n|move|p1a: Rotom|Volt Switch|p2a: Milotic\n|-activate|p2a: Milotic|move: Protect\n|\n|-weather|Snowscape|[upkeep]\n|-heal|p2a: Milotic|25/100|[from] item: Leftovers\n|upkeep\n|turn|6\n|\n|t:|1776287159\n|move|p2b: Garchomp|Protect|p2b: Garchomp\n|-singleturn|p2b: Garchomp|Protect\n|move|p1b: Froslass|Blizzard|p2b: Garchomp|[spread] p2a\n|-activate|p2b: Garchomp|move: Protect\n|-resisted|p2a: Milotic|1\n|-damage|p2a: Milotic|2/100\n|move|p1a: Rotom|Volt Switch|p2a: Milotic\n|-supereffective|p2a: Milotic|1\n|-crit|p2a: Milotic\n|-damage|p2a: Milotic|0 fnt\n|faint|p2a: Milotic\n|\n|t:|1776287166\n|switch|p1a: Incineroar|Incineroar, L50, M|100/100|[from] Volt Switch\n|-ability|p1a: Incineroar|Intimidate|boost\n|-unboost|p2b: Garchomp|atk|1\n|\n|-weather|none\n|upkeep\n|\n|t:|1776287168\n|switch|p2a: Charizard|Charizard, L50, F|100/100\n|turn|7\n|\n|t:|1776287184\n|switch|p1b: Rotom|Rotom-Wash, L50|100/100\n|move|p2a: Charizard|Protect|p2a: Charizard\n|-singleturn|p2a: Charizard|Protect\n|move|p1a: Incineroar|Fake Out|p2b: Garchomp\n|-damage|p2b: Garchomp|0 fnt\n|-damage|p1a: Incineroar|88/100|[from] ability: Rough Skin|[of] p2b: Garchomp\n|faint|p2b: Garchomp\n|\n|upkeep\n|turn|8\n|\n|t:|1776287208\n|detailschange|p2a: Charizard|Charizard-Mega-Y, L50, F\n|-mega|p2a: Charizard|Charizard|Charizardite Y\n|-weather|SunnyDay|[from] ability: Drought|[of] p2a: Charizard\n|move|p2a: Charizard|Solar Beam||[still]\n|-prepare|p2a: Charizard|Solar Beam\n|-anim|p2a: Charizard|Solar Beam|p1b: Rotom\n|-supereffective|p1b: Rotom|1\n|-damage|p1b: Rotom|18/100\n|move|p1b: Rotom|Volt Switch|p2a: Charizard\n|-supereffective|p2a: Charizard|1\n|-damage|p2a: Charizard|44/100\n|\n|t:|1776287219\n|switch|p1b: Froslass|Froslass-Mega, L50, F|67/100|[from] Volt Switch\n|-weather|Snowscape|[from] ability: Snow Warning|[of] p1b: Froslass\n|move|p1a: Incineroar|Parting Shot|p2a: Charizard\n|-unboost|p2a: Charizard|atk|1\n|-unboost|p2a: Charizard|spa|1\n|-message|toxmyself forfeited.\n|\n|win|chrisjhall11\n|raw|chrisjhall11's rating: 1328 &rarr; <strong>1345</strong><br />(+17 for winning)\n|raw|toxmyself's rating: 1269 &rarr; <strong>1248</strong><br />(-21 for losing)\n",
  "uploadtime": 1776287220,
  "views": 30,
  "formatid": "gen9championsvgc2026regma",
  "rating": 1248,
  "private": 0,
  "password": null
}