{
  "id": "gen9championsvgc2026regma-2588434037",
  "format": "[Gen 9 Champions] VGC 2026 Reg M-A",
  "players": [
    "Jozai",
    "dmarin04"
  ],
  "log": "|j|\u2606Jozai\n|j|\u2606dmarin04\n|t:|1776633181\n|gametype|doubles\n|player|p1|Jozai|101|1175\n|player|p2|dmarin04|unknown|1218\n|gen|9\n|tier|[Gen 9 Champions] VGC 2026 Reg M-A\n|rated|\n|rule|Species Clause: Limit one of each Pok\u00e9mon\n|rule|Item Clause: Limit 1 of each item\n|clearpoke\n|poke|p1|Banette, L50, F|\n|poke|p1|Kingambit, L50, F|\n|poke|p1|Empoleon, L50, F|\n|poke|p1|Incineroar, L50, F|\n|poke|p1|Farigiraf, L50, F|\n|poke|p1|Blastoise, L50, M|\n|poke|p2|Froslass, L50, F|\n|poke|p2|Garchomp, L50, M|\n|poke|p2|Talonflame, L50, F|\n|poke|p2|Sneasler, L50, M|\n|poke|p2|Sinistcha, L50|\n|poke|p2|Kingambit, L50, M|\n|teampreview|4\n|inactive|Battle timer is ON: inactive players will automatically lose when time's up. (requested by Jozai)\n|inactive|Jozai has 60 seconds left.\n|inactive|dmarin04 has 60 seconds left.\n|inactive|dmarin04 has 30 seconds left.\n|inactive|dmarin04 has 20 seconds left.\n|\n|t:|1776633255\n|teamsize|p1|4\n|teamsize|p2|4\n|start\n|switch|p1a: Farigiraf|Farigiraf, L50, F|100/100\n|switch|p1b: Blastoise|Blastoise, L50, M|100/100\n|switch|p2a: Garchomp|Garchomp, L50, M|100/100\n|switch|p2b: Kingambit|Kingambit, L50, M|100/100\n|turn|1\n|\n|t:|1776633275\n|detailschange|p1b: Blastoise|Blastoise-Mega, L50, M\n|-mega|p1b: Blastoise|Blastoise|Blastoisinite\n|move|p2a: Garchomp|Protect|p2a: Garchomp\n|-singleturn|p2a: Garchomp|Protect\n|move|p1b: Blastoise|Fake Out|p2b: Kingambit\n|-resisted|p2b: Kingambit|1\n|-damage|p2b: Kingambit|97/100\n|cant|p2b: Kingambit|flinch\n|move|p1a: Farigiraf|Trick Room|p1a: Farigiraf\n|-fieldstart|move: Trick Room|[of] p1a: Farigiraf\n|\n|upkeep\n|turn|2\n|inactive|Jozai has 30 seconds left.\n|\n|t:|1776633300\n|move|p1a: Farigiraf|Night Shade|p2a: Garchomp\n|-damage|p2a: Garchomp|73/100\n|move|p2b: Kingambit|Kowtow Cleave|p1a: Farigiraf\n|-supereffective|p1a: Farigiraf|1\n|-damage|p1a: Farigiraf|5/100\n|move|p1b: Blastoise|Water Spout|p2b: Kingambit|[spread] p2a,p2b\n|-damage|p2a: Garchomp|0 fnt\n|-damage|p2b: Kingambit|29/100\n|faint|p2a: Garchomp\n|\n|upkeep\n|\n|t:|1776633311\n|switch|p2a: Sinistcha|Sinistcha, L50|100/100\n|-heal|p2b: Kingambit|54/100|[from] ability: Hospitality|[of] p2a: Sinistcha\n|turn|3\n|\n|t:|1776633321\n|move|p1a: Farigiraf|Night Shade|p2a: Sinistcha\n|-damage|p2a: Sinistcha|72/100\n|move|p2b: Kingambit|Kowtow Cleave|p1a: Farigiraf\n|-supereffective|p1a: Farigiraf|1\n|-damage|p1a: Farigiraf|0 fnt\n|faint|p1a: Farigiraf\n|move|p1b: Blastoise|Water Spout|p2b: Kingambit|[spread] p2a,p2b\n|-resisted|p2a: Sinistcha|1\n|-damage|p2a: Sinistcha|39/100\n|-damage|p2b: Kingambit|0 fnt\n|-enditem|p2a: Sinistcha|Sitrus Berry|[eat]\n|-heal|p2a: Sinistcha|63/100|[from] item: Sitrus Berry\n|faint|p2b: Kingambit\n|move|p2a: Sinistcha|Matcha Gotcha|p1b: Blastoise\n|-supereffective|p1b: Blastoise|1\n|-damage|p1b: Blastoise|36/100\n|-heal|p2a: Sinistcha|97/100|[from] drain|[of] p1b: Blastoise\n|\n|upkeep\n|\n|t:|1776633338\n|switch|p1a: Kingambit|Kingambit, L50, F|100/100\n|switch|p2b: Sneasler|Sneasler, L50, M|100/100\n|turn|4\n|\n|t:|1776633352\n|move|p2b: Sneasler|Fake Out|p1b: Blastoise\n|-crit|p1b: Blastoise\n|-damage|p1b: Blastoise|20/100\n|move|p1a: Kingambit|Kowtow Cleave|p2a: Sinistcha\n|-supereffective|p2a: Sinistcha|1\n|-damage|p2a: Sinistcha|8/100\n|cant|p1b: Blastoise|flinch\n|move|p2a: Sinistcha|Matcha Gotcha|p1b: Blastoise|[spread] p1a,p1b\n|-resisted|p1a: Kingambit|1\n|-supereffective|p1b: Blastoise|1\n|-damage|p1a: Kingambit|86/100\n|-heal|p2a: Sinistcha|17/100|[from] drain|[of] p1a: Kingambit\n|-damage|p1b: Blastoise|0 fnt\n|-heal|p2a: Sinistcha|27/100|[from] drain|[of] p1b: Blastoise\n|faint|p1b: Blastoise\n|\n|upkeep\n|\n|t:|1776633364\n|switch|p1b: Empoleon|Empoleon, L50, F|100/100\n|turn|5\n|\n|t:|1776633375\n|move|p2a: Sinistcha|Rage Powder|p2a: Sinistcha\n|-singleturn|p2a: Sinistcha|move: Rage Powder\n|move|p1a: Kingambit|Swords Dance|p1a: Kingambit\n|-boost|p1a: Kingambit|atk|2\n|move|p1b: Empoleon|Ice Beam|p2a: Sinistcha\n|-supereffective|p2a: Sinistcha|1\n|-damage|p2a: Sinistcha|0 fnt\n|faint|p2a: Sinistcha\n|move|p2b: Sneasler|Close Combat|p1b: Empoleon\n|-supereffective|p1b: Empoleon|1\n|-damage|p1b: Empoleon|0 fnt\n|-unboost|p2b: Sneasler|def|1\n|-unboost|p2b: Sneasler|spd|1\n|faint|p1b: Empoleon\n|-enditem|p2b: Sneasler|White Herb\n|-clearnegativeboost|p2b: Sneasler|[silent]\n|\n|-fieldend|move: Trick Room\n|upkeep\n|turn|6\n|\n|t:|1776633391\n|move|p2b: Sneasler|Protect|p2b: Sneasler\n|-singleturn|p2b: Sneasler|Protect\n|move|p1a: Kingambit|Sucker Punch||[still]\n|-fail|p1a: Kingambit\n|\n|upkeep\n|turn|7\n|\n|t:|1776633395\n|move|p1a: Kingambit|Sucker Punch|p2b: Sneasler\n|-resisted|p2b: Sneasler|1\n|-damage|p2b: Sneasler|34/100\n|-heal|p1a: Kingambit|92/100|[from] item: Shell Bell|[of] p2b: Sneasler\n|move|p2b: Sneasler|Close Combat|p1a: Kingambit\n|-supereffective|p1a: Kingambit|2\n|-damage|p1a: Kingambit|0 fnt\n|-unboost|p2b: Sneasler|def|1\n|-unboost|p2b: Sneasler|spd|1\n|faint|p1a: Kingambit\n|\n|win|dmarin04\n|raw|Jozai's rating: 1175 &rarr; <strong>1153</strong><br />(-22 for losing)\n|raw|dmarin04's rating: 1218 &rarr; <strong>1240</strong><br />(+22 for winning)\n|l|\u2606Jozai\n|player|p1|\n",
  "uploadtime": 1776633403,
  "views": 13,
  "formatid": "gen9championsvgc2026regma",
  "rating": 1153,
  "private": 0,
  "password": null
}