{
  "id": "gen9championsvgc2026regma-2589512060",
  "format": "[Gen 9 Champions] VGC 2026 Reg M-A",
  "players": [
    "Barbie120",
    "slionapollo"
  ],
  "log": "|j|\u2606Barbie120\n|j|\u2606slionapollo\n|t:|1776729689\n|gametype|doubles\n|player|p1|Barbie120|1|1453\n|player|p2|slionapollo|266|1471\n|gen|9\n|tier|[Gen 9 Champions] VGC 2026 Reg M-A\n|rated|\n|rule|Species Clause: Limit one of each Pok\u00e9mon\n|rule|Item Clause: Limit 1 of each item\n|clearpoke\n|poke|p1|Zoroark-Hisui, L50, F|\n|poke|p1|Meganium, L50, M|\n|poke|p1|Maushold, L50|\n|poke|p1|Basculegion, L50, M|\n|poke|p1|Pelipper, L50, F|\n|poke|p1|Archaludon, L50, F|\n|poke|p2|Sneasler, L50, M|\n|poke|p2|Aerodactyl, L50, M|\n|poke|p2|Kingambit, L50, F|\n|poke|p2|Garchomp, L50, F|\n|poke|p2|Froslass, L50, F|\n|poke|p2|Basculegion, L50, M|\n|teampreview|4\n|inactive|Battle timer is ON: inactive players will automatically lose when time's up. (requested by Barbie120)\n|inactive|Barbie120 has 60 seconds left.\n|inactive|slionapollo has 60 seconds left.\n|\n|t:|1776729738\n|teamsize|p1|4\n|teamsize|p2|4\n|start\n|switch|p1a: Archaludon|Archaludon, L50, F|100/100\n|switch|p1b: Pelipper|Pelipper, L50, F|100/100\n|switch|p2a: Aerodactyl|Aerodactyl, L50, M|100/100\n|switch|p2b: Garchomp|Garchomp, L50, F|100/100\n|-ability|p2a: Aerodactyl|Unnerve\n|-weather|RainDance|[from] ability: Drizzle|[of] p1b: Pelipper\n|turn|1\n|\n|t:|1776729760\n|detailschange|p2a: Aerodactyl|Aerodactyl-Mega, L50, M\n|-mega|p2a: Aerodactyl|Aerodactyl|Aerodactylite\n|move|p1a: Archaludon|Icy Wind|p2a: Aerodactyl|[spread] p2a,p2b\n|-supereffective|p2a: Aerodactyl|1\n|-supereffective|p2b: Garchomp|2\n|-damage|p2a: Aerodactyl|67/100\n|-damage|p2b: Garchomp|45/100\n|-unboost|p2a: Aerodactyl|spe|1\n|-unboost|p2b: Garchomp|spe|1\n|-enditem|p2b: Garchomp|Sitrus Berry|[eat]\n|-heal|p2b: Garchomp|69/100|[from] item: Sitrus Berry\n|move|p2a: Aerodactyl|Rock Slide|p1b: Pelipper|[spread] p1a,p1b\n|-supereffective|p1b: Pelipper|1\n|-damage|p1a: Archaludon|39/100\n|-damage|p1b: Pelipper|28/100\n|replace|p1a: Zoroark|Zoroark-Hisui, L50, F\n|-end|p1a: Zoroark|Illusion\n|move|p1b: Pelipper|Tailwind|p1b: Pelipper\n|-sidestart|p1: Barbie120|move: Tailwind\n|move|p2b: Garchomp|Rock Slide|p1a: Zoroark|[spread] p1a,p1b\n|-supereffective|p1b: Pelipper|1\n|-damage|p1a: Zoroark|0 fnt\n|-damage|p1b: Pelipper|0 fnt\n|faint|p1a: Zoroark\n|faint|p1b: Pelipper\n|\n|-weather|RainDance|[upkeep]\n|upkeep\n|\n|t:|1776729778\n|switch|p1a: Archaludon|Archaludon, L50, F|100/100\n|switch|p1b: Meganium|Meganium, L50, M|100/100\n|turn|2\n|\n|t:|1776729801\n|detailschange|p1b: Meganium|Meganium-Mega, L50, M\n|-mega|p1b: Meganium|Meganium|Meganiumite\n|move|p2a: Aerodactyl|Protect|p2a: Aerodactyl\n|-singleturn|p2a: Aerodactyl|Protect\n|move|p2b: Garchomp|Protect|p2b: Garchomp\n|-singleturn|p2b: Garchomp|Protect\n|move|p1b: Meganium|Dazzling Gleam|p2b: Garchomp|[spread] \n|-activate|p2a: Aerodactyl|move: Protect\n|-activate|p2b: Garchomp|move: Protect\n|move|p1a: Archaludon|Electro Shot||[still]\n|-prepare|p1a: Archaludon|Electro Shot\n|-boost|p1a: Archaludon|spa|1\n|-anim|p1a: Archaludon|Electro Shot|p2a: Aerodactyl\n|-activate|p2a: Aerodactyl|move: Protect\n|\n|-weather|RainDance|[upkeep]\n|upkeep\n|turn|3\n|\n|t:|1776729825\n|move|p1b: Meganium|Protect|p1b: Meganium\n|-singleturn|p1b: Meganium|Protect\n|move|p1a: Archaludon|Electro Shot||[still]\n|-prepare|p1a: Archaludon|Electro Shot\n|-boost|p1a: Archaludon|spa|1\n|-anim|p1a: Archaludon|Electro Shot|p2a: Aerodactyl\n|-supereffective|p2a: Aerodactyl|1\n|-damage|p2a: Aerodactyl|0 fnt\n|faint|p2a: Aerodactyl\n|move|p2b: Garchomp|Earthquake|p1a: Archaludon|[spread] p1a\n|-activate|p1b: Meganium|move: Protect\n|-supereffective|p1a: Archaludon|1\n|-damage|p1a: Archaludon|39/100\n|-ability|p1a: Archaludon|Stamina|boost\n|-boost|p1a: Archaludon|def|1\n|-enditem|p1a: Archaludon|Sitrus Berry|[eat]\n|-heal|p1a: Archaludon|63/100|[from] item: Sitrus Berry\n|\n|-weather|RainDance|[upkeep]\n|upkeep\n|\n|t:|1776729841\n|switch|p2a: Froslass|Froslass, L50, F|100/100\n|turn|4\n|\n|t:|1776729850\n|move|p2a: Froslass|Protect|p2a: Froslass\n|-singleturn|p2a: Froslass|Protect\n|move|p2b: Garchomp|Protect|p2b: Garchomp\n|-singleturn|p2b: Garchomp|Protect\n|move|p1b: Meganium|Dazzling Gleam|p2b: Garchomp|[spread] \n|-activate|p2a: Froslass|move: Protect\n|-activate|p2b: Garchomp|move: Protect\n|move|p1a: Archaludon|Flash Cannon|p2a: Froslass\n|-activate|p2a: Froslass|move: Protect\n|\n|-weather|RainDance|[upkeep]\n|-sideend|p1: Barbie120|move: Tailwind\n|upkeep\n|turn|5\n|inactive|slionapollo has 30 seconds left.\n|\n|t:|1776729879\n|move|p2a: Froslass|Shadow Ball|p1a: Archaludon\n|-damage|p1a: Archaludon|30/100\n|-ability|p1a: Archaludon|Stamina|boost\n|-boost|p1a: Archaludon|def|1\n|move|p1b: Meganium|Dazzling Gleam|p2b: Garchomp|[spread] p2a,p2b\n|-supereffective|p2b: Garchomp|1\n|-damage|p2a: Froslass|53/100\n|-damage|p2b: Garchomp|10/100\n|move|p1a: Archaludon|Flash Cannon|p2a: Froslass\n|-supereffective|p2a: Froslass|1\n|-damage|p2a: Froslass|0 fnt\n|-start|p1a: Archaludon|Disable|Flash Cannon|[from] ability: Cursed Body|[of] p2a: Froslass\n|faint|p2a: Froslass\n|move|p2b: Garchomp|Earthquake|p1a: Archaludon|[spread] p1a,p1b\n|-supereffective|p1a: Archaludon|1\n|-resisted|p1b: Meganium|1\n|-damage|p1a: Archaludon|3/100\n|-damage|p1b: Meganium|84/100\n|-ability|p1a: Archaludon|Stamina|boost\n|-boost|p1a: Archaludon|def|1\n|\n|-weather|none\n|upkeep\n|\n|t:|1776729894\n|switch|p2a: Basculegion|Basculegion, L50, M|100/100\n|turn|6\n|\n|t:|1776729910\n|move|p1a: Archaludon|Protect|p1a: Archaludon\n|-singleturn|p1a: Archaludon|Protect\n|move|p2a: Basculegion|Last Respects|p1b: Meganium\n|-damage|p1b: Meganium|7/100\n|move|p1b: Meganium|Solar Beam||[still]\n|-prepare|p1b: Meganium|Solar Beam\n|-activate|p1b: Meganium|ability: Mega Sol\n|-anim|p1b: Meganium|Solar Beam|p2a: Basculegion\n|-supereffective|p2a: Basculegion|1\n|-enditem|p2a: Basculegion|Focus Sash\n|-damage|p2a: Basculegion|1/100\n|move|p2b: Garchomp|Earthquake|p1b: Meganium|[spread] p2a,p1b\n|-activate|p1a: Archaludon|move: Protect\n|-resisted|p1b: Meganium|1\n|-damage|p2a: Basculegion|0 fnt\n|-damage|p1b: Meganium|0 fnt\n|faint|p2a: Basculegion\n|faint|p1b: Meganium\n|\n|upkeep\n|turn|7\n|\n|t:|1776729931\n|move|p1a: Archaludon|Aura Sphere|p2b: Garchomp\n|-damage|p2b: Garchomp|0 fnt\n|faint|p2b: Garchomp\n|\n|win|Barbie120\n|raw|Barbie120's rating: 1453 &rarr; <strong>1474</strong><br />(+21 for winning)\n|raw|slionapollo's rating: 1471 &rarr; <strong>1450</strong><br />(-21 for losing)\n|l|\u2606slionapollo\n|player|p2|\n",
  "uploadtime": 1776729943,
  "views": 16,
  "formatid": "gen9championsvgc2026regma",
  "rating": 1450,
  "private": 0,
  "password": null
}