{
  "id": "gen9championsvgc2026regma-2588821533",
  "format": "[Gen 9 Champions] VGC 2026 Reg M-A",
  "players": [
    "roykeenkennedy",
    "dkapflzksh"
  ],
  "log": "|j|\u2606roykeenkennedy\n|j|\u2606dkapflzksh\n|t:|1776675007\n|gametype|doubles\n|player|p1|roykeenkennedy|266|1552\n|player|p2|dkapflzksh|scientist-gen4dp|1647\n|gen|9\n|tier|[Gen 9 Champions] VGC 2026 Reg M-A\n|rated|\n|rule|Species Clause: Limit one of each Pok\u00e9mon\n|rule|Item Clause: Limit 1 of each item\n|clearpoke\n|poke|p1|Sableye, L50, F|\n|poke|p1|Sinistcha, L50|\n|poke|p1|Archaludon, L50, F|\n|poke|p1|Basculegion, L50, M|\n|poke|p1|Aerodactyl, L50, F|\n|poke|p1|Incineroar, L50, F|\n|poke|p2|Basculegion, L50, M, shiny|\n|poke|p2|Dragonite, L50, F, shiny|\n|poke|p2|Archaludon, L50, F, shiny|\n|poke|p2|Pelipper, L50, F, shiny|\n|poke|p2|Floette-Eternal, L50, F|\n|poke|p2|Kingambit, L50, M, shiny|\n|teampreview|4\n|\n|t:|1776675033\n|teamsize|p1|4\n|teamsize|p2|4\n|start\n|switch|p1a: Sableye|Sableye, L50, F|100/100\n|switch|p1b: Archaludon|Archaludon, L50, F|100/100\n|switch|p2a: Kingambit|Kingambit, L50, M, shiny|100/100\n|switch|p2b: Pelipper|Pelipper, L50, F, shiny|100/100\n|-weather|RainDance|[from] ability: Drizzle|[of] p2b: Pelipper\n|turn|1\n|j| Jarzy1\n|\n|t:|1776675066\n|move|p1a: Sableye|Light Screen|p1a: Sableye\n|-sidestart|p1: roykeenkennedy|move: Light Screen\n|move|p2b: Pelipper|Tailwind|p2b: Pelipper\n|-sidestart|p2: dkapflzksh|move: Tailwind\n|move|p2a: Kingambit|Kowtow Cleave|p1a: Sableye\n|-damage|p1a: Sableye|43/100\n|move|p1b: Archaludon|Electro Shot||[still]\n|-prepare|p1b: Archaludon|Electro Shot\n|-boost|p1b: Archaludon|spa|1\n|-anim|p1b: Archaludon|Electro Shot|p2a: Kingambit\n|-damage|p2a: Kingambit|41/100\n|\n|-weather|RainDance|[upkeep]\n|upkeep\n|turn|2\n|\n|t:|1776675089\n|switch|p2b: Archaludon|Archaludon, L50, F, shiny|100/100\n|move|p2a: Kingambit|Protect|p2a: Kingambit\n|-singleturn|p2a: Kingambit|Protect\n|move|p1a: Sableye|Will-O-Wisp|p2b: Archaludon\n|-status|p2b: Archaludon|brn\n|move|p1b: Archaludon|Electro Shot||[still]\n|-prepare|p1b: Archaludon|Electro Shot\n|-boost|p1b: Archaludon|spa|1\n|-anim|p1b: Archaludon|Electro Shot|p2a: Kingambit\n|-activate|p2a: Kingambit|move: Protect\n|\n|-weather|RainDance|[upkeep]\n|-damage|p2b: Archaludon|94/100 brn|[from] brn\n|upkeep\n|turn|3\n|\n|t:|1776675122\n|move|p1a: Sableye|Quash|p2b: Archaludon\n|-activate|p2b: Archaludon|move: Quash\n|move|p2a: Kingambit|Kowtow Cleave|p1a: Sableye\n|-damage|p1a: Sableye|0 fnt\n|faint|p1a: Sableye\n|move|p1b: Archaludon|Dragon Pulse|p2b: Archaludon\n|-damage|p2b: Archaludon|14/100 brn\n|-ability|p2b: Archaludon|Stamina|boost\n|-boost|p2b: Archaludon|def|1\n|move|p2b: Archaludon|Aura Sphere|p1b: Archaludon\n|-supereffective|p1b: Archaludon|1\n|-damage|p1b: Archaludon|64/100\n|-ability|p1b: Archaludon|Stamina|boost\n|-boost|p1b: Archaludon|def|1\n|\n|-weather|RainDance|[upkeep]\n|-heal|p2b: Archaludon|20/100 brn|[from] item: Leftovers\n|-damage|p2b: Archaludon|14/100 brn|[from] brn\n|upkeep\n|\n|t:|1776675140\n|switch|p1a: Sinistcha|Sinistcha, L50|100/100\n|-heal|p1b: Archaludon|89/100|[from] ability: Hospitality|[of] p1a: Sinistcha\n|turn|4\n|\n|t:|1776675154\n|move|p2b: Archaludon|Protect|p2b: Archaludon\n|-singleturn|p2b: Archaludon|Protect\n|move|p2a: Kingambit|Kowtow Cleave|p1a: Sinistcha\n|-supereffective|p1a: Sinistcha|1\n|-damage|p1a: Sinistcha|10/100\n|move|p1b: Archaludon|Electro Shot||[still]\n|-prepare|p1b: Archaludon|Electro Shot\n|-boost|p1b: Archaludon|spa|1\n|-anim|p1b: Archaludon|Electro Shot|p2a: Kingambit\n|-damage|p2a: Kingambit|0 fnt\n|faint|p2a: Kingambit\n|move|p1a: Sinistcha|Trick Room|p1a: Sinistcha\n|-fieldstart|move: Trick Room|[of] p1a: Sinistcha\n|\n|-weather|RainDance|[upkeep]\n|-heal|p1a: Sinistcha|16/100|[from] item: Leftovers\n|-heal|p2b: Archaludon|20/100 brn|[from] item: Leftovers\n|-damage|p2b: Archaludon|14/100 brn|[from] brn\n|-sideend|p2: dkapflzksh|move: Tailwind\n|upkeep\n|\n|t:|1776675169\n|switch|p2a: Pelipper|Pelipper, L50, F, shiny|100/100\n|turn|5\n|\n|t:|1776675182\n|move|p1a: Sinistcha|Matcha Gotcha|p2a: Pelipper|[spread] p2a,p2b\n|-resisted|p2b: Archaludon|2\n|-damage|p2a: Pelipper|55/100\n|-heal|p1a: Sinistcha|36/100|[from] drain|[of] p2a: Pelipper\n|-damage|p2b: Archaludon|8/100 brn\n|-heal|p1a: Sinistcha|39/100|[from] drain|[of] p2b: Archaludon\n|-ability|p2b: Archaludon|Stamina|boost\n|-boost|p2b: Archaludon|def|1\n|move|p2b: Archaludon|Aura Sphere|p1b: Archaludon\n|-supereffective|p1b: Archaludon|1\n|-damage|p1b: Archaludon|52/100\n|-ability|p1b: Archaludon|Stamina|boost\n|-boost|p1b: Archaludon|def|1\n|move|p1b: Archaludon|Electro Shot||[still]\n|-prepare|p1b: Archaludon|Electro Shot\n|-boost|p1b: Archaludon|spa|1\n|-anim|p1b: Archaludon|Electro Shot|p2a: Pelipper\n|-supereffective|p2a: Pelipper|2\n|-damage|p2a: Pelipper|0 fnt\n|faint|p2a: Pelipper\n|\n|-weather|none\n|-heal|p1a: Sinistcha|45/100|[from] item: Leftovers\n|-heal|p2b: Archaludon|14/100 brn|[from] item: Leftovers\n|-damage|p2b: Archaludon|8/100 brn|[from] brn\n|-sideend|p1: roykeenkennedy|move: Light Screen\n|upkeep\n|\n|t:|1776675198\n|switch|p2a: Basculegion|Basculegion, L50, M, shiny|100/100\n|turn|6\n|-message|dkapflzksh forfeited.\n|\n|win|roykeenkennedy\n|raw|roykeenkennedy's rating: 1552 &rarr; <strong>1577</strong><br />(+25 for winning)\n|raw|dkapflzksh's rating: 1647 &rarr; <strong>1622</strong><br />(-25 for losing)\n|l|\u2606dkapflzksh\n|player|p2|\n|l|\u2606roykeenkennedy\n|player|p1|\n",
  "uploadtime": 1776675202,
  "views": 14,
  "formatid": "gen9championsvgc2026regma",
  "rating": 1577,
  "private": 0,
  "password": null
}