{
  "id": "gen9championsvgc2026regma-2585203557",
  "format": "[Gen 9 Champions] VGC 2026 Reg M-A",
  "players": [
    "outplaymaker",
    "yumlll"
  ],
  "log": "|j|\u2606outplaymaker\n|j|\u2606yumlll\n|t:|1776324572\n|gametype|doubles\n|player|p1|outplaymaker|silver|1046\n|player|p2|yumlll|falkner|1021\n|gen|9\n|tier|[Gen 9 Champions] VGC 2026 Reg M-A\n|rated|\n|rule|Species Clause: Limit one of each Pok\u00e9mon\n|rule|Item Clause: Limit 1 of each item\n|clearpoke\n|poke|p1|Delphox, L50, M|\n|poke|p1|Milotic, L50, M|\n|poke|p1|Sinistcha, L50|\n|poke|p1|Skarmory, L50, M|\n|poke|p1|Sableye, L50, F|\n|poke|p1|Incineroar, L50, F|\n|poke|p2|Floette-Eternal, L50, F|\n|poke|p2|Whimsicott, L50, F|\n|poke|p2|Lopunny, L50, F|\n|poke|p2|Clefable, L50, M|\n|poke|p2|Hatterene, L50, F|\n|poke|p2|Dragonite, L50, F|\n|teampreview|4\n|\n|t:|1776324598\n|teamsize|p1|4\n|teamsize|p2|4\n|start\n|switch|p1a: Sableye|Sableye, L50, F|100/100\n|switch|p1b: Skarmory|Skarmory, L50, M|100/100\n|switch|p2a: Lopunny|Lopunny, L50, F|100/100\n|switch|p2b: Whimsicott|Whimsicott, L50, F|100/100\n|turn|1\n|\n|t:|1776324642\n|move|p2a: Lopunny|Fake Out|p1a: Sableye\n|-immune|p1a: Sableye\n|move|p2b: Whimsicott|Light Screen|p2b: Whimsicott\n|-sidestart|p2: yumlll|move: Light Screen\n|move|p1b: Skarmory|Swords Dance|p1b: Skarmory\n|-boost|p1b: Skarmory|atk|2\n|move|p1a: Sableye|Light Screen|p1a: Sableye\n|-sidestart|p1: outplaymaker|move: Light Screen\n|\n|upkeep\n|turn|2\n|\n|t:|1776324658\n|detailschange|p1b: Skarmory|Skarmory-Mega, L50, M\n|-mega|p1b: Skarmory|Skarmory|Skarmorite\n|move|p2b: Whimsicott|Tailwind|p2b: Whimsicott\n|-sidestart|p2: yumlll|move: Tailwind\n|move|p2a: Lopunny|Cotton Guard|p2a: Lopunny\n|-boost|p2a: Lopunny|def|3\n|move|p1b: Skarmory|Drill Peck|p2a: Lopunny\n|-damage|p2a: Lopunny|73/100\n|move|p1a: Sableye|Reflect|p1a: Sableye\n|-sidestart|p1: outplaymaker|Reflect\n|\n|upkeep\n|turn|3\n|\n|t:|1776324680\n|switch|p1a: Sinistcha|Sinistcha, L50|100/100\n|move|p2b: Whimsicott|Fake Tears|p1b: Skarmory\n|-unboost|p1b: Skarmory|spd|2\n|move|p2a: Lopunny|Cotton Guard|p2a: Lopunny\n|-boost|p2a: Lopunny|def|3\n|move|p1b: Skarmory|Iron Head|p2b: Whimsicott\n|-supereffective|p2b: Whimsicott|1\n|-enditem|p2b: Whimsicott|Focus Sash\n|-damage|p2b: Whimsicott|1/100\n|\n|upkeep\n|turn|4\n|\n|t:|1776324704\n|move|p1a: Sinistcha|Rage Powder|p1a: Sinistcha\n|-singleturn|p1a: Sinistcha|move: Rage Powder\n|move|p2b: Whimsicott|Fake Tears|p1b: Skarmory\n|-unboost|p1b: Skarmory|spd|2\n|move|p2a: Lopunny|Baton Pass|p2a: Lopunny\n|\n|t:|1776324724\n|switch|p2a: Floette|Floette-Eternal, L50, F|100/100|[from] Baton Pass\n|move|p1b: Skarmory|Iron Head|p2a: Floette\n|-supereffective|p2a: Floette|1\n|-damage|p2a: Floette|63/100\n|\n|upkeep\n|turn|5\n|\n|t:|1776324746\n|detailschange|p2a: Floette|Floette-Mega, L50, F\n|-mega|p2a: Floette|Floette|Floettite\n|-ability|p2a: Floette|Fairy Aura\n|move|p2b: Whimsicott|Moonblast|p1b: Skarmory\n|-resisted|p1b: Skarmory|1\n|-damage|p1b: Skarmory|75/100\n|move|p2a: Floette|Draining Kiss|p1a: Sinistcha\n|-damage|p1a: Sinistcha|80/100\n|-heal|p2a: Floette|78/100|[from] drain|[of] p1a: Sinistcha\n|move|p1b: Skarmory|Iron Head|p2a: Floette\n|-supereffective|p2a: Floette|1\n|-damage|p2a: Floette|44/100\n|move|p1a: Sinistcha|Life Dew|p1a: Sinistcha|[spread] p1a,p1b\n|-heal|p1a: Sinistcha|100/100\n|-heal|p1b: Skarmory|99/100\n|\n|-sideend|p2: yumlll|move: Light Screen\n|-sideend|p1: outplaymaker|move: Light Screen\n|-sideend|p2: yumlll|move: Tailwind\n|upkeep\n|turn|6\n|\n|t:|1776324769\n|move|p2b: Whimsicott|Light Screen|p2b: Whimsicott\n|-sidestart|p2: yumlll|move: Light Screen\n|move|p1b: Skarmory|Iron Head|p2a: Floette\n|-supereffective|p2a: Floette|1\n|-damage|p2a: Floette|10/100\n|move|p2a: Floette|Draining Kiss|p1b: Skarmory\n|-resisted|p1b: Skarmory|1\n|-damage|p1b: Skarmory|53/100\n|-heal|p2a: Floette|44/100|[from] drain|[of] p1b: Skarmory\n|move|p1a: Sinistcha|Life Dew||[still]|[spread] p1a,p1b\n|-fail|p1a: Sinistcha|heal\n|-heal|p1b: Skarmory|78/100\n|\n|-sideend|p1: outplaymaker|Reflect\n|upkeep\n|turn|7\n|\n|t:|1776324786\n|move|p1b: Skarmory|Protect|p1b: Skarmory\n|-singleturn|p1b: Skarmory|Protect\n|move|p2b: Whimsicott|Tailwind|p2b: Whimsicott\n|-sidestart|p2: yumlll|move: Tailwind\n|move|p2a: Floette|Draining Kiss|p1b: Skarmory\n|-activate|p1b: Skarmory|move: Protect\n|move|p1a: Sinistcha|Matcha Gotcha|p2b: Whimsicott|[spread] p2a,p2b\n|-resisted|p2b: Whimsicott|1\n|-damage|p2a: Floette|33/100\n|-damage|p2b: Whimsicott|0 fnt\n|-status|p2a: Floette|brn\n|faint|p2b: Whimsicott\n|\n|-damage|p2a: Floette|27/100 brn|[from] brn\n|upkeep\n|\n|t:|1776324790\n|switch|p2b: Lopunny|Lopunny, L50, F|73/100\n|turn|8\n|\n|t:|1776324815\n|switch|p1b: Milotic|Milotic, L50, M|100/100\n|move|p2b: Lopunny|Fake Out|p1b: Milotic\n|-damage|p1b: Milotic|90/100\n|move|p2a: Floette|Draining Kiss|p1b: Milotic\n|-damage|p1b: Milotic|67/100\n|-heal|p2a: Floette|46/100 brn|[from] drain|[of] p1b: Milotic\n|move|p1a: Sinistcha|Matcha Gotcha|p2b: Lopunny|[spread] p2a,p2b\n|-damage|p2a: Floette|35/100 brn\n|-damage|p2b: Lopunny|57/100\n|\n|-damage|p2a: Floette|29/100 brn|[from] brn\n|upkeep\n|turn|9\n|\n|t:|1776324838\n|move|p2a: Floette|Protect|p2a: Floette\n|-singleturn|p2a: Floette|Protect\n|move|p1a: Sinistcha|Rage Powder|p1a: Sinistcha\n|-singleturn|p1a: Sinistcha|move: Rage Powder\n|move|p2b: Lopunny|Cotton Guard|p2b: Lopunny\n|-boost|p2b: Lopunny|def|3\n|move|p1b: Milotic|Scald|p2a: Floette\n|-activate|p2a: Floette|move: Protect\n|\n|-damage|p2a: Floette|23/100 brn|[from] brn\n|upkeep\n|turn|10\n|\n|t:|1776324867\n|move|p1a: Sinistcha|Rage Powder|p1a: Sinistcha\n|-singleturn|p1a: Sinistcha|move: Rage Powder\n|move|p2b: Lopunny|Baton Pass|p2b: Lopunny\n|\n|t:|1776324871\n|switch|p2b: Dragonite|Dragonite, L50, F|100/100|[from] Baton Pass\n|move|p2a: Floette|Draining Kiss|p1a: Sinistcha\n|-damage|p1a: Sinistcha|69/100\n|-heal|p2a: Floette|45/100 brn|[from] drain|[of] p1a: Sinistcha\n|move|p1b: Milotic|Scald|p2a: Floette\n|-damage|p2a: Floette|31/100 brn\n|\n|-damage|p2a: Floette|25/100 brn|[from] brn\n|-sideend|p2: yumlll|move: Light Screen\n|-sideend|p2: yumlll|move: Tailwind\n|upkeep\n|turn|11\n|inactive|Battle timer is ON: inactive players will automatically lose when time's up. (requested by outplaymaker)\n|\n|t:|1776324912\n|move|p1a: Sinistcha|Rage Powder|p1a: Sinistcha\n|-singleturn|p1a: Sinistcha|move: Rage Powder\n|move|p2a: Floette|Draining Kiss|p1a: Sinistcha\n|-damage|p1a: Sinistcha|36/100\n|-heal|p2a: Floette|49/100 brn|[from] drain|[of] p1a: Sinistcha\n|move|p1b: Milotic|Ice Beam|p2b: Dragonite\n|-supereffective|p2b: Dragonite|2\n|-enditem|p2b: Dragonite|Yache Berry|[eat]\n|-enditem|p2b: Dragonite|Yache Berry|[weaken]\n|-damage|p2b: Dragonite|84/100\n|move|p2b: Dragonite|Roost|p2b: Dragonite\n|-heal|p2b: Dragonite|100/100\n|-singleturn|p2b: Dragonite|move: Roost\n|\n|-damage|p2a: Floette|42/100 brn|[from] brn\n|upkeep\n|turn|12\n|inactive|outplaymaker has 30 seconds left.\n|inactive|yumlll has 30 seconds left.\n|\n|t:|1776324946\n|move|p2a: Floette|Draining Kiss|p2b: Dragonite\n|-supereffective|p2b: Dragonite|1\n|-damage|p2b: Dragonite|76/100\n|-heal|p2a: Floette|63/100 brn|[from] drain|[of] p2b: Dragonite\n|move|p2b: Dragonite|Outrage|p1b: Milotic\n|-damage|p1b: Milotic|18/100\n|move|p1a: Sinistcha|Life Dew|p1a: Sinistcha|[spread] p1a,p1b\n|-heal|p1a: Sinistcha|61/100\n|-heal|p1b: Milotic|44/100\n|move|p1b: Milotic|Mirror Coat||[still]\n|-fail|p1b: Milotic\n|\n|-damage|p2a: Floette|57/100 brn|[from] brn\n|upkeep\n|turn|13\n|\n|t:|1776324965\n|move|p1a: Sinistcha|Rage Powder|p1a: Sinistcha\n|-singleturn|p1a: Sinistcha|move: Rage Powder\n|move|p2a: Floette|Light of Ruin|p1a: Sinistcha\n|-damage|p1a: Sinistcha|0 fnt\n|faint|p1a: Sinistcha\n|-damage|p2a: Floette|28/100 brn|[from] Recoil\n|move|p1b: Milotic|Ice Beam|p2b: Dragonite\n|-supereffective|p2b: Dragonite|2\n|-damage|p2b: Dragonite|15/100\n|move|p2b: Dragonite|Outrage|p1b: Milotic|[from] lockedmove\n|-damage|p1b: Milotic|0 fnt\n|faint|p1b: Milotic\n|-start|p2b: Dragonite|confusion|[fatigue]\n|\n|-damage|p2a: Floette|22/100 brn|[from] brn\n|upkeep\n|\n|t:|1776324981\n|switch|p1b: Sableye|Sableye, L50, F|100/100\n|switch|p1a: Skarmory|Skarmory-Mega, L50, M|78/100\n|turn|14\n|\n|t:|1776325003\n|move|p2a: Floette|Protect|p2a: Floette\n|-singleturn|p2a: Floette|Protect\n|move|p1a: Skarmory|Iron Head|p2a: Floette\n|-activate|p2a: Floette|move: Protect\n|-activate|p2b: Dragonite|confusion\n|move|p2b: Dragonite|Roost|p2b: Dragonite\n|-heal|p2b: Dragonite|65/100\n|-singleturn|p2b: Dragonite|move: Roost\n|move|p1b: Sableye|Light Screen|p1b: Sableye\n|-sidestart|p1: outplaymaker|move: Light Screen\n|\n|-damage|p2a: Floette|16/100 brn|[from] brn\n|upkeep\n|turn|15\n|inactive|outplaymaker has 30 seconds left.\n|inactive|yumlll has 30 seconds left.\n|inactive|outplaymaker has 20 seconds left.\n|inactive|outplaymaker has 15 seconds left.\n|inactive|outplaymaker has 10 seconds left.\n|\n|t:|1776325048\n|switch|p2a: Lopunny|Lopunny, L50, F|57/100\n|move|p1a: Skarmory|Swords Dance|p1a: Skarmory\n|-boost|p1a: Skarmory|atk|2\n|-activate|p2b: Dragonite|confusion\n|move|p2b: Dragonite|Roost|p2b: Dragonite\n|-heal|p2b: Dragonite|100/100\n|-singleturn|p2b: Dragonite|move: Roost\n|move|p1b: Sableye|Reflect|p1b: Sableye\n|-sidestart|p1: outplaymaker|Reflect\n|\n|upkeep\n|turn|16\n|\n|t:|1776325067\n|move|p2a: Lopunny|Fake Out|p1a: Skarmory\n|-resisted|p1a: Skarmory|1\n|-damage|p1a: Skarmory|74/100\n|cant|p1a: Skarmory|flinch\n|-activate|p2b: Dragonite|confusion\n|move|p2b: Dragonite|Outrage|p1a: Skarmory\n|-resisted|p1a: Skarmory|1\n|-damage|p1a: Skarmory|58/100\n|move|p1b: Sableye|Lash Out|p2b: Dragonite\n|-damage|p2b: Dragonite|95/100\n|\n|upkeep\n|turn|17\n|\n|t:|1776325084\n|move|p1a: Skarmory|Drill Peck|p2b: Dragonite\n|-damage|p2b: Dragonite|67/100\n|move|p2a: Lopunny|Cotton Guard|p2a: Lopunny\n|-boost|p2a: Lopunny|def|3\n|-activate|p2b: Dragonite|confusion\n|move|p2b: Dragonite|Outrage|p1b: Sableye|[from] lockedmove\n|-damage|p1b: Sableye|50/100\n|move|p1b: Sableye|Lash Out|p2b: Dragonite\n|-damage|p2b: Dragonite|57/100\n|\n|upkeep\n|turn|18\n|inactive|outplaymaker has 30 seconds left.\n|\n|t:|1776325114\n|move|p1a: Skarmory|Drill Peck|p2b: Dragonite\n|-damage|p2b: Dragonite|31/100\n|move|p2a: Lopunny|Baton Pass|p2a: Lopunny\n|\n|t:|1776325118\n|switch|p2a: Floette|Floette-Mega, L50, F|16/100 brn|[from] Baton Pass\n|-ability|p2a: Floette|Fairy Aura\n|-end|p2b: Dragonite|confusion\n|move|p2b: Dragonite|Outrage|p1a: Skarmory|[from] lockedmove\n|-resisted|p1a: Skarmory|1\n|-damage|p1a: Skarmory|40/100\n|-start|p2b: Dragonite|confusion|[fatigue]\n|move|p1b: Sableye|Lash Out|p2b: Dragonite\n|-damage|p2b: Dragonite|20/100\n|\n|-damage|p2a: Floette|10/100 brn|[from] brn\n|-sideend|p1: outplaymaker|move: Light Screen\n|upkeep\n|turn|19\n|inactive|outplaymaker has 30 seconds left.\n|inactive|yumlll has 30 seconds left.\n|\n|t:|1776325154\n|switch|p2b: Lopunny|Lopunny, L50, F|57/100\n|move|p1a: Skarmory|Drill Peck|p2b: Lopunny\n|-damage|p2b: Lopunny|0 fnt\n|-start|p1a: Skarmory|Attract|[from] ability: Cute Charm|[of] p2b: Lopunny\n|faint|p2b: Lopunny\n|-end|p1a: Skarmory|Attract|[silent]\n|move|p2a: Floette|Draining Kiss|p1b: Sableye\n|-supereffective|p1b: Sableye|1\n|-damage|p1b: Sableye|0 fnt\n|-heal|p2a: Floette|42/100 brn|[from] drain|[of] p1b: Sableye\n|faint|p1b: Sableye\n|\n|-damage|p2a: Floette|36/100 brn|[from] brn\n|-sideend|p1: outplaymaker|Reflect\n|upkeep\n|\n|t:|1776325173\n|switch|p2b: Dragonite|Dragonite, L50, F|20/100\n|turn|20\n|\n|t:|1776325183\n|move|p1a: Skarmory|Drill Peck|p2b: Dragonite\n|-crit|p2b: Dragonite\n|-damage|p2b: Dragonite|0 fnt\n|faint|p2b: Dragonite\n|move|p2a: Floette|Light of Ruin|p1a: Skarmory\n|-resisted|p1a: Skarmory|1\n|-damage|p1a: Skarmory|2/100\n|-damage|p2a: Floette|18/100 brn|[from] Recoil\n|\n|-damage|p2a: Floette|12/100 brn|[from] brn\n|upkeep\n|turn|21\n|\n|t:|1776325195\n|move|p2a: Floette|Protect|p2a: Floette\n|-singleturn|p2a: Floette|Protect\n|move|p1a: Skarmory|Iron Head|p2a: Floette\n|-activate|p2a: Floette|move: Protect\n|\n|-damage|p2a: Floette|6/100 brn|[from] brn\n|upkeep\n|turn|22\n|\n|t:|1776325204\n|move|p1a: Skarmory|Protect|p1a: Skarmory\n|-singleturn|p1a: Skarmory|Protect\n|move|p2a: Floette|Draining Kiss|p1a: Skarmory\n|-activate|p1a: Skarmory|move: Protect\n|\n|-damage|p2a: Floette|0 fnt|[from] brn\n|faint|p2a: Floette\n|\n|win|outplaymaker\n|raw|outplaymaker's rating: 1031 &rarr; <strong>1065</strong><br />(+34 for winning)\n|raw|yumlll's rating: 1021 &rarr; <strong>1008</strong><br />(-13 for losing)\n|l|\u2606yumlll\n|player|p2|\n",
  "uploadtime": 1776325218,
  "views": 17,
  "formatid": "gen9championsvgc2026regma",
  "rating": 1008,
  "private": 0,
  "password": null
}