{
  "id": "gen9championsvgc2026regma-2583808917",
  "format": "[Gen 9 Champions] VGC 2026 Reg M-A",
  "players": [
    "Pandyc",
    "cheeseable"
  ],
  "log": "|j|\u2606Pandyc\n|j|\u2606cheeseable\n|t:|1776199257\n|gametype|doubles\n|player|p1|Pandyc|caitlin|1047\n|player|p2|cheeseable|skier|1050\n|gen|9\n|tier|[Gen 9 Champions] VGC 2026 Reg M-A\n|rated|\n|rule|Species Clause: Limit one of each Pok\u00e9mon\n|rule|Item Clause: Limit 1 of each item\n|clearpoke\n|poke|p1|Gardevoir, L50, M|\n|poke|p1|Incineroar, L50, M|\n|poke|p1|Sinistcha, L50|\n|poke|p1|Garchomp, L50, M|\n|poke|p1|Rotom-Wash, L50|\n|poke|p1|Aerodactyl, L50, F|\n|poke|p2|Sableye, L50, M|\n|poke|p2|Rotom-Wash, L50|\n|poke|p2|Incineroar, L50, M|\n|poke|p2|Aegislash, L50, M|\n|poke|p2|Basculegion, L50, M|\n|poke|p2|Feraligatr, L50, M|\n|teampreview|4\n|inactive|Battle timer is ON: inactive players will automatically lose when time's up. (requested by cheeseable)\n|inactive|Pandyc has 60 seconds left.\n|inactive|Pandyc has 30 seconds left.\n|inactive|Pandyc has 20 seconds left.\n|inactive|Pandyc has 15 seconds left.\n|\n|t:|1776199396\n|teamsize|p1|4\n|teamsize|p2|4\n|start\n|switch|p1a: Rotom|Rotom-Wash, L50|100/100\n|switch|p1b: Incineroar|Incineroar, L50, M|100/100\n|switch|p2a: Feraligatr|Feraligatr, L50, M|100/100\n|switch|p2b: Sableye|Sableye, L50, M|100/100\n|-ability|p1b: Incineroar|Intimidate|boost\n|-unboost|p2a: Feraligatr|atk|1\n|-unboost|p2b: Sableye|atk|1\n|turn|1\n|inactive|Pandyc has 30 seconds left.\n|inactive|cheeseable has 30 seconds left.\n|inactive|Pandyc has 20 seconds left.\n|inactive|Pandyc has 15 seconds left.\n|inactive|Pandyc has 10 seconds left.\n|inactive|Pandyc has 5 seconds left.\n|\n|t:|1776199464\n|move|p2a: Feraligatr|Protect|p2a: Feraligatr\n|-singleturn|p2a: Feraligatr|Protect\n|move|p1a: Rotom|Thunderbolt|p2a: Feraligatr\n|-activate|p2a: Feraligatr|move: Protect\n|move|p1b: Incineroar|Throat Chop|p2b: Sableye\n|-damage|p2b: Sableye|57/100\n|-start|p2b: Sableye|Throat Chop|[silent]\n|move|p2b: Sableye|Icy Wind|p1b: Incineroar|[spread] p1a,p1b\n|-resisted|p1a: Rotom|1\n|-resisted|p1b: Incineroar|1\n|-damage|p1a: Rotom|97/100\n|-damage|p1b: Incineroar|97/100\n|-unboost|p1a: Rotom|spe|1\n|-unboost|p1b: Incineroar|spe|1\n|\n|upkeep\n|turn|2\n|inactive|Pandyc has 30 seconds left.\n|inactive|cheeseable has 30 seconds left.\n|\n|t:|1776199495\n|detailschange|p2a: Feraligatr|Feraligatr-Mega, L50, M\n|-mega|p2a: Feraligatr|Feraligatr|Feraligite\n|move|p2b: Sableye|Will-O-Wisp|p2a: Feraligatr\n|-status|p2a: Feraligatr|brn\n|move|p2a: Feraligatr|Facade|p1b: Incineroar\n|-damage|p1b: Incineroar|38/100\n|move|p1a: Rotom|Will-O-Wisp|p2a: Feraligatr\n|-fail|p2a: Feraligatr|brn\n|move|p1b: Incineroar|Flare Blitz|p2b: Sableye\n|-damage|p2b: Sableye|0 fnt\n|faint|p2b: Sableye\n|-damage|p1b: Incineroar|23/100|[from] Recoil\n|\n|-damage|p2a: Feraligatr|94/100 brn|[from] brn\n|upkeep\n|\n|t:|1776199509\n|switch|p2b: Aegislash|Aegislash, L50, M|100/100\n|turn|3\n|inactive|Pandyc has 30 seconds left.\n|\n|t:|1776199537\n|switch|p1b: Sinistcha|Sinistcha, L50|100/100\n|-heal|p1a: Rotom|100/100|[from] ability: Hospitality|[of] p1b: Sinistcha\n|move|p2a: Feraligatr|Facade|p1b: Sinistcha\n|-damage|p1b: Sinistcha|39/100\n|move|p1a: Rotom|Thunderbolt|p2a: Feraligatr\n|-damage|p2a: Feraligatr|45/100 brn\n|-formechange|p2b: Aegislash|Aegislash-Blade|\n|move|p2b: Aegislash|Shadow Ball|p1a: Rotom\n|-damage|p1a: Rotom|58/100\n|\n|-damage|p2a: Feraligatr|39/100 brn|[from] brn\n|upkeep\n|turn|4\n|\n|t:|1776199558\n|move|p1b: Sinistcha|Rage Powder|p1b: Sinistcha\n|-singleturn|p1b: Sinistcha|move: Rage Powder\n|move|p2a: Feraligatr|Facade|p1b: Sinistcha\n|-damage|p1b: Sinistcha|0 fnt\n|faint|p1b: Sinistcha\n|move|p1a: Rotom|Thunderbolt|p2a: Feraligatr\n|-damage|p2a: Feraligatr|0 fnt\n|faint|p2a: Feraligatr\n|move|p2b: Aegislash|Shadow Ball|p1a: Rotom\n|-damage|p1a: Rotom|20/100\n|-enditem|p1a: Rotom|Sitrus Berry|[eat]\n|-heal|p1a: Rotom|45/100|[from] item: Sitrus Berry\n|\n|upkeep\n|\n|t:|1776199573\n|switch|p2a: Basculegion|Basculegion, L50, M|100/100\n|switch|p1b: Incineroar|Incineroar, L50, M|23/100\n|-ability|p1b: Incineroar|Intimidate|boost\n|-unboost|p2a: Basculegion|atk|1\n|-unboost|p2b: Aegislash|atk|1\n|turn|5\n|inactive|cheeseable has 30 seconds left.\n|\n|t:|1776199602\n|move|p2a: Basculegion|Last Respects|p1b: Incineroar\n|-resisted|p1b: Incineroar|1\n|-damage|p1b: Incineroar|0 fnt\n|faint|p1b: Incineroar\n|move|p1a: Rotom|Thunderbolt|p2a: Basculegion\n|-supereffective|p2a: Basculegion|1\n|-damage|p2a: Basculegion|14/100\n|move|p2b: Aegislash|Shadow Ball|p1a: Rotom\n|-damage|p1a: Rotom|7/100\n|\n|upkeep\n|\n|t:|1776199613\n|switch|p1b: Gardevoir|Gardevoir, L50, M|100/100\n|turn|6\n|\n|t:|1776199636\n|detailschange|p1b: Gardevoir|Gardevoir-Mega, L50, M\n|-mega|p1b: Gardevoir|Gardevoir|Gardevoirite\n|move|p1a: Rotom|Protect|p1a: Rotom\n|-singleturn|p1a: Rotom|Protect\n|move|p2a: Basculegion|Last Respects|p1b: Gardevoir\n|-supereffective|p1b: Gardevoir|1\n|-crit|p1b: Gardevoir\n|-damage|p1b: Gardevoir|0 fnt\n|faint|p1b: Gardevoir\n|move|p2b: Aegislash|Shadow Ball|p1a: Rotom\n|-activate|p1a: Rotom|move: Protect\n|\n|upkeep\n|turn|7\n|\n|t:|1776199647\n|move|p2a: Basculegion|Last Respects|p1a: Rotom\n|-damage|p1a: Rotom|0 fnt\n|faint|p1a: Rotom\n|\n|win|cheeseable\n|raw|Pandyc's rating: 1047 &rarr; <strong>1030</strong><br />(-17 for losing)\n|raw|cheeseable's rating: 1050 &rarr; <strong>1082</strong><br />(+32 for winning)\n|l|\u2606cheeseable\n|player|p2|\n",
  "uploadtime": 1776199652,
  "views": 15,
  "formatid": "gen9championsvgc2026regma",
  "rating": 1030,
  "private": 0,
  "password": null
}