{
  "id": "gen9championsvgc2026regma-2582585789",
  "format": "[Gen 9 Champions] VGC 2026 Reg M-A",
  "players": [
    "autiorez",
    "mjr7829"
  ],
  "log": "|j|\u2606autiorez\n|j|\u2606mjr7829\n|t:|1776100979\n|gametype|doubles\n|player|p1|autiorez|youngn|1032\n|player|p2|mjr7829|101|1028\n|gen|9\n|tier|[Gen 9 Champions] VGC 2026 Reg M-A\n|rated|\n|rule|Species Clause: Limit one of each Pok\u00e9mon\n|rule|Item Clause: Limit 1 of each item\n|clearpoke\n|poke|p1|Clefable, L50, M|\n|poke|p1|Incineroar, L50, M|\n|poke|p1|Whimsicott, L50, M|\n|poke|p1|Rotom-Wash, L50|\n|poke|p1|Arcanine-Hisui, L50, F|\n|poke|p1|Lucario, L50, M|\n|poke|p2|Incineroar, L50, F|\n|poke|p2|Whimsicott, L50, F|\n|poke|p2|Dragapult, L50, F|\n|poke|p2|Kingambit, L50, F|\n|poke|p2|Snorlax, L50, F|\n|poke|p2|Sneasler, L50, F|\n|teampreview|4\n|inactive|Battle timer is ON: inactive players will automatically lose when time's up. (requested by autiorez)\nmjr7829 rejected open team sheets.\n|inactive|autiorez has 60 seconds left.\n|\n|t:|1776101010\n|teamsize|p1|4\n|teamsize|p2|4\n|start\n|switch|p1a: Lucario|Lucario, L50, M|100/100\n|switch|p1b: Arcanine|Arcanine-Hisui, L50, F|100/100\n|switch|p2a: Dragapult|Dragapult, L50, F|100/100\n|switch|p2b: Snorlax|Snorlax, L50, F|100/100\n|-ability|p1b: Arcanine|Intimidate|boost\n|-unboost|p2a: Dragapult|atk|1\n|-unboost|p2b: Snorlax|atk|1\n|turn|1\n|\n|t:|1776101023\n|detailschange|p1a: Lucario|Lucario-Mega, L50, M\n|-mega|p1a: Lucario|Lucario|Lucarionite\n|move|p2b: Snorlax|Protect|p2b: Snorlax\n|-singleturn|p2b: Snorlax|Protect\n|move|p2a: Dragapult|Dragon Dance|p2a: Dragapult\n|-boost|p2a: Dragapult|atk|1\n|-boost|p2a: Dragapult|spe|1\n|move|p1a: Lucario|Swords Dance|p1a: Lucario\n|-boost|p1a: Lucario|atk|2\n|move|p1b: Arcanine|Rock Slide|p2b: Snorlax|[spread] p2a\n|-activate|p2b: Snorlax|move: Protect\n|-damage|p2a: Dragapult|70/100\n|\n|upkeep\n|turn|2\n|\n|t:|1776101038\n|move|p1a: Lucario|Bullet Punch|p2a: Dragapult\n|-damage|p2a: Dragapult|4/100\n|move|p2a: Dragapult|Shadow Ball|p1a: Lucario\n|-damage|p1a: Lucario|59/100\n|move|p1b: Arcanine|Rock Slide|p2a: Dragapult|[spread] p2b\n|-miss|p1b: Arcanine|p2a: Dragapult\n|-damage|p2b: Snorlax|80/100\n|move|p2b: Snorlax|Self-Destruct|p1a: Lucario|[spread] p1a,p1b\n|-immune|p2a: Dragapult\n|-resisted|p1a: Lucario|1\n|-resisted|p1b: Arcanine|1\n|-damage|p1a: Lucario|20/100\n|-damage|p1b: Arcanine|62/100\n|faint|p2b: Snorlax\n|\n|upkeep\n|\n|t:|1776101052\n|switch|p2b: Sneasler|Sneasler, L50, F, shiny|100/100\n|turn|3\n|\n|t:|1776101065\n|switch|p2b: Kingambit|Kingambit, L50, F|100/100\n|move|p1a: Lucario|Bullet Punch|p2a: Dragapult\n|-damage|p2a: Dragapult|0 fnt\n|faint|p2a: Dragapult\n|move|p1b: Arcanine|Flare Blitz|p2b: Kingambit\n|-supereffective|p2b: Kingambit|1\n|-damage|p2b: Kingambit|3/100\n|-damage|p1b: Arcanine|29/100|[from] Recoil\n|\n|upkeep\n|\n|t:|1776101070\n|switch|p2a: Sneasler|Sneasler, L50, F, shiny|100/100\n|turn|4\n|c|\u2606autiorez|..?\n|c|\u2606autiorez|whatever that was for\n|\n|t:|1776101081\n|move|p2a: Sneasler|Fake Out|p1a: Lucario\n|-resisted|p1a: Lucario|1\n|-damage|p1a: Lucario|9/100\n|cant|p1a: Lucario|flinch\n|move|p2b: Kingambit|Sucker Punch|p1b: Arcanine\n|-damage|p1b: Arcanine|0 fnt\n|faint|p1b: Arcanine\n|\n|upkeep\n|\n|t:|1776101085\n|switch|p1b: Whimsicott|Whimsicott, L50, M|100/100\n|turn|5\n|\n|t:|1776101097\n|move|p1b: Whimsicott|Encore|p2a: Sneasler\n|-start|p2a: Sneasler|Encore\n|move|p2a: Sneasler|Fake Out||[still]\n|-hint|Fake Out only works on your first turn out.\n|-fail|p2a: Sneasler\n|move|p1a: Lucario|Bullet Punch|p2b: Kingambit\n|-resisted|p2b: Kingambit|1\n|-damage|p2b: Kingambit|0 fnt\n|faint|p2b: Kingambit\n|\n|upkeep\n|turn|6\n|c|\u2606autiorez|gg chud\n|-message|mjr7829 forfeited.\n|\n|win|autiorez\n|raw|autiorez's rating: 1032 &rarr; <strong>1067</strong><br />(+35 for winning)\n|raw|mjr7829's rating: 1028 &rarr; <strong>1014</strong><br />(-14 for losing)\n|l|\u2606mjr7829\n|player|p2|\n",
  "uploadtime": 1776101114,
  "views": 17,
  "formatid": "gen9championsvgc2026regma",
  "rating": 1014,
  "private": 0,
  "password": null
}