{
  "id": "gen9championsvgc2026regma-2588001310",
  "format": "[Gen 9 Champions] VGC 2026 Reg M-A",
  "players": [
    "bailey's buttocks",
    "bregogo"
  ],
  "log": "|j|\u2606bailey's buttocks\n|j|\u2606bregogo\n|t:|1776591203\n|gametype|doubles\n|player|p1|bailey's buttocks|veteranf|1286\n|player|p2|bregogo|102|1230\n|gen|9\n|tier|[Gen 9 Champions] VGC 2026 Reg M-A\n|rated|\n|rule|Species Clause: Limit one of each Pok\u00e9mon\n|rule|Item Clause: Limit 1 of each item\n|clearpoke\n|poke|p1|Victreebel, L50, M|\n|poke|p1|Ninetales-Alola, L50, M|\n|poke|p1|Sneasler, L50, M|\n|poke|p1|Garchomp, L50, F|\n|poke|p1|Incineroar, L50, M|\n|poke|p1|Milotic, L50, M|\n|poke|p2|Jolteon, L50, M|\n|poke|p2|Froslass, L50, F|\n|poke|p2|Arcanine-Hisui, L50, M|\n|poke|p2|Hydreigon, L50, F|\n|poke|p2|Sneasler, L50, F|\n|poke|p2|Garchomp, L50, F|\n|teampreview|4\n|inactive|Battle timer is ON: inactive players will automatically lose when time's up. (requested by bregogo)\n|\n|t:|1776591236\n|teamsize|p1|4\n|teamsize|p2|4\n|start\n|switch|p1a: Incineroar|Incineroar, L50, M|100/100\n|switch|p1b: Victreebel|Victreebel, L50, M|100/100\n|switch|p2a: Jolteon|Jolteon, L50, M|100/100\n|switch|p2b: Froslass|Froslass, L50, F|100/100\n|-ability|p1a: Incineroar|Intimidate|boost\n|-unboost|p2a: Jolteon|atk|1\n|-unboost|p2b: Froslass|atk|1\n|turn|1\n|inactive|bailey's buttocks has 30 seconds left.\n|inactive|bregogo has 30 seconds left.\n|inactive|bailey's buttocks has 20 seconds left.\n|inactive|bregogo has 20 seconds left.\n|inactive|bregogo has 15 seconds left.\n|\n|t:|1776591277\n|detailschange|p2b: Froslass|Froslass-Mega, L50, F\n|-mega|p2b: Froslass|Froslass|Froslassite\n|-weather|Snowscape|[from] ability: Snow Warning|[of] p2b: Froslass\n|move|p1b: Victreebel|Protect|p1b: Victreebel\n|-singleturn|p1b: Victreebel|Protect\n|move|p2a: Jolteon|Thunderbolt|p1a: Incineroar\n|-damage|p1a: Incineroar|71/100\n|move|p2b: Froslass|Substitute|p2b: Froslass\n|-start|p2b: Froslass|Substitute\n|-damage|p2b: Froslass|76/100\n|move|p1a: Incineroar|Flare Blitz|p2b: Froslass\n|-supereffective|p2b: Froslass|1\n|-end|p2b: Froslass|Substitute\n|-damage|p1a: Incineroar|65/100|[from] Recoil|[of] p2b: Froslass\n|\n|-weather|Snowscape|[upkeep]\n|upkeep\n|turn|2\n|inactive|bregogo has 30 seconds left.\n|inactive|bregogo has 20 seconds left.\n|inactive|bregogo has 15 seconds left.\n|inactive|bregogo has 10 seconds left.\n|\n|t:|1776591326\n|detailschange|p1b: Victreebel|Victreebel-Mega, L50, M\n|-mega|p1b: Victreebel|Victreebel|Victreebelite\n|move|p2b: Froslass|Protect|p2b: Froslass\n|-singleturn|p2b: Froslass|Protect\n|move|p2a: Jolteon|Thunderbolt|p1a: Incineroar\n|-damage|p1a: Incineroar|38/100\n|-enditem|p1a: Incineroar|Sitrus Berry|[eat]\n|-heal|p1a: Incineroar|62/100|[from] item: Sitrus Berry\n|move|p1b: Victreebel|Acid Spray|p2a: Jolteon\n|-damage|p2a: Jolteon|66/100\n|-unboost|p2a: Jolteon|spd|2\n|move|p1a: Incineroar|Darkest Lariat|p2b: Froslass\n|-activate|p2b: Froslass|move: Protect\n|\n|-weather|Snowscape|[upkeep]\n|upkeep\n|turn|3\n|inactive|bregogo has 30 seconds left.\n|\n|t:|1776591359\n|switch|p2b: Garchomp|Garchomp, L50, F|100/100\n|move|p2a: Jolteon|Fake Tears|p1a: Incineroar\n|-unboost|p1a: Incineroar|spd|2\n|move|p1b: Victreebel|Giga Drain|p2a: Jolteon\n|-damage|p2a: Jolteon|0 fnt\n|faint|p2a: Jolteon\n|move|p1a: Incineroar|Darkest Lariat|p2b: Garchomp\n|-damage|p2b: Garchomp|68/100\n|-damage|p1a: Incineroar|50/100|[from] ability: Rough Skin|[of] p2b: Garchomp\n|\n|-weather|Snowscape|[upkeep]\n|upkeep\n|\n|t:|1776591365\n|switch|p2a: Froslass|Froslass-Mega, L50, F|76/100\n|turn|4\n|\n|t:|1776591383\n|move|p2b: Garchomp|Rock Slide|p1b: Victreebel|[spread] p1a,p1b\n|-supereffective|p1a: Incineroar|1\n|-damage|p1a: Incineroar|9/100\n|-damage|p1b: Victreebel|76/100\n|move|p2a: Froslass|Blizzard|p1a: Incineroar|[spread] p1a,p1b\n|-resisted|p1a: Incineroar|1\n|-supereffective|p1b: Victreebel|1\n|-damage|p1a: Incineroar|0 fnt\n|-damage|p1b: Victreebel|0 fnt\n|-damage|p2a: Froslass|0 fnt|[from] ability: Innards Out|[of] p1b: Victreebel\n|faint|p1a: Incineroar\n|faint|p1b: Victreebel\n|faint|p2a: Froslass\n|\n|-weather|Snowscape|[upkeep]\n|upkeep\n|\n|t:|1776591397\n|switch|p2a: Sneasler|Sneasler, L50, F|100/100\n|switch|p1b: Garchomp|Garchomp, L50, F|100/100\n|switch|p1a: Sneasler|Sneasler, L50, M|100/100\n|turn|5\n|\n|t:|1776591417\n|move|p1a: Sneasler|Fake Out|p2a: Sneasler\n|-damage|p2a: Sneasler|76/100\n|move|p1b: Garchomp|Breaking Swipe|p2a: Sneasler|[spread] p2a,p2b\n|-supereffective|p2b: Garchomp|1\n|-damage|p2a: Sneasler|39/100\n|-damage|p2b: Garchomp|21/100\n|-unboost|p2a: Sneasler|atk|1\n|-unboost|p2b: Garchomp|atk|1\n|-damage|p1b: Garchomp|88/100|[from] ability: Rough Skin|[of] p2b: Garchomp\n|-enditem|p2a: Sneasler|White Herb\n|-clearnegativeboost|p2a: Sneasler|[silent]\n|cant|p2a: Sneasler|flinch\n|move|p2b: Garchomp|Rock Slide|p1a: Sneasler|[spread] p1a,p1b\n|-resisted|p1a: Sneasler|1\n|-resisted|p1b: Garchomp|1\n|-damage|p1a: Sneasler|89/100\n|-damage|p1b: Garchomp|81/100\n|\n|-weather|none\n|upkeep\n|turn|6\n|\n|t:|1776591435\n|move|p2a: Sneasler|Close Combat|p1b: Garchomp\n|-damage|p1b: Garchomp|9/100\n|-unboost|p2a: Sneasler|def|1\n|-unboost|p2a: Sneasler|spd|1\n|-damage|p2a: Sneasler|27/100|[from] ability: Rough Skin|[of] p1b: Garchomp\n|move|p1b: Garchomp|Breaking Swipe|p2a: Sneasler|[spread] p2a,p2b\n|-supereffective|p2b: Garchomp|1\n|-damage|p2a: Sneasler|0 fnt\n|-damage|p2b: Garchomp|0 fnt\n|-damage|p1b: Garchomp|0 fnt|[from] ability: Rough Skin|[of] p2b: Garchomp\n|faint|p2a: Sneasler\n|faint|p2b: Garchomp\n|faint|p1b: Garchomp\n|\n|win|bailey's buttocks\n|raw|bailey&apos;s buttocks's rating: 1286 &rarr; <strong>1307</strong><br />(+21 for winning)\n|raw|bregogo's rating: 1230 &rarr; <strong>1209</strong><br />(-21 for losing)\n|l|\u2606bailey's buttocks\n|player|p1|\n|j|\u2606bailey's buttocks\n|player|p1|bailey's buttocks|veteranf|\n",
  "uploadtime": 1776591481,
  "views": 26,
  "formatid": "gen9championsvgc2026regma",
  "rating": 1209,
  "private": 0,
  "password": null
}