{
  "id": "gen9championsvgc2026regma-2584572223",
  "format": "[Gen 9 Champions] VGC 2026 Reg M-A",
  "players": [
    "boatguinwza",
    "MaddyGoesHyper"
  ],
  "log": "|j|\u2606boatguinwza\n|j|\u2606MaddyGoesHyper\n|t:|1776269557\n|gametype|doubles\n|player|p1|boatguinwza|pokefan-gen4|1098\n|player|p2|MaddyGoesHyper|ghetsis-gen5bw|1154\n|gen|9\n|tier|[Gen 9 Champions] VGC 2026 Reg M-A\n|rated|\n|rule|Species Clause: Limit one of each Pok\u00e9mon\n|rule|Item Clause: Limit 1 of each item\n|clearpoke\n|poke|p1|Houndoom, L50, M|\n|poke|p1|Torkoal, L50, M|\n|poke|p1|Charizard, L50, M|\n|poke|p1|Scovillain, L50, F|\n|poke|p1|Tsareena, L50, F|\n|poke|p1|Mudsdale, L50, M|\n|poke|p2|Floette-Eternal, L50, F|\n|poke|p2|Sinistcha, L50|\n|poke|p2|Incineroar, L50, F|\n|poke|p2|Sneasler, L50, F|\n|poke|p2|Kingambit, L50, F|\n|poke|p2|Aerodactyl, L50, F|\n|teampreview|4\n|\n|t:|1776269599\n|teamsize|p1|4\n|teamsize|p2|4\n|start\n|switch|p1a: Tsareena|Tsareena, L50, F|100/100\n|switch|p1b: Torkoal|Torkoal, L50, M|100/100\n|switch|p2a: Floette|Floette-Eternal, L50, F|100/100\n|switch|p2b: Incineroar|Incineroar, L50, F|100/100\n|-ability|p2b: Incineroar|Intimidate|boost\n|-unboost|p1a: Tsareena|atk|1\n|-unboost|p1b: Torkoal|atk|1\n|-weather|SunnyDay|[from] ability: Drought|[of] p1b: Torkoal\n|turn|1\n|\n|t:|1776269641\n|detailschange|p2a: Floette|Floette-Mega, L50, F\n|-mega|p2a: Floette|Floette|Floettite\n|-ability|p2a: Floette|Fairy Aura\n|move|p2a: Floette|Dazzling Gleam|p1a: Tsareena|[spread] p1a,p1b\n|-resisted|p1b: Torkoal|1\n|-damage|p1a: Tsareena|39/100\n|-damage|p1b: Torkoal|80/100\n|-enditem|p1a: Tsareena|Sitrus Berry|[eat]\n|-heal|p1a: Tsareena|64/100|[from] item: Sitrus Berry\n|move|p1a: Tsareena|High Jump Kick|p2b: Incineroar\n|-supereffective|p2b: Incineroar|1\n|-damage|p2b: Incineroar|60/100\n|move|p2b: Incineroar|Parting Shot|p1b: Torkoal\n|-unboost|p1b: Torkoal|atk|1\n|-unboost|p1b: Torkoal|spa|1\n|\n|t:|1776269661\n|switch|p2b: Aerodactyl|Aerodactyl, L50, F|100/100|[from] Parting Shot\n|-ability|p2b: Aerodactyl|Unnerve\n|move|p1b: Torkoal|Yawn|p2a: Floette\n|-start|p2a: Floette|move: Yawn|[of] p1b: Torkoal\n|\n|-weather|SunnyDay|[upkeep]\n|-heal|p1b: Torkoal|86/100|[from] item: Leftovers\n|upkeep\n|turn|2\n|\n|t:|1776269693\n|switch|p1a: Mudsdale|Mudsdale, L50, M|100/100\n|move|p2b: Aerodactyl|Rock Slide|p1b: Torkoal|[spread] p1a,p1b\n|-resisted|p1a: Mudsdale|1\n|-supereffective|p1b: Torkoal|1\n|-damage|p1a: Mudsdale|89/100\n|-damage|p1b: Torkoal|49/100\n|-ability|p1a: Mudsdale|Stamina|boost\n|-boost|p1a: Mudsdale|def|1\n|move|p2a: Floette|Dazzling Gleam|p1a: Mudsdale|[spread] p1a,p1b\n|-resisted|p1b: Torkoal|1\n|-damage|p1a: Mudsdale|46/100\n|-damage|p1b: Torkoal|26/100\n|-ability|p1a: Mudsdale|Stamina|boost\n|-boost|p1a: Mudsdale|def|1\n|move|p1b: Torkoal|Rock Slide|p2a: Floette|[spread] p2a\n|-miss|p1b: Torkoal|p2b: Aerodactyl\n|-damage|p2a: Floette|93/100\n|\n|-weather|SunnyDay|[upkeep]\n|-heal|p1b: Torkoal|33/100|[from] item: Leftovers\n|-end|p2a: Floette|move: Yawn|[silent]\n|-status|p2a: Floette|slp\n|upkeep\n|turn|3\n|\n|t:|1776269724\n|switch|p1b: Scovillain|Scovillain, L50, F|100/100\n|move|p2b: Aerodactyl|Rock Slide|p1a: Mudsdale|[spread] p1a,p1b\n|-resisted|p1a: Mudsdale|1\n|-supereffective|p1b: Scovillain|1\n|-damage|p1a: Mudsdale|39/100\n|-damage|p1b: Scovillain|19/100\n|-ability|p1a: Mudsdale|Stamina|boost\n|-boost|p1a: Mudsdale|def|1\n|cant|p2a: Floette|slp\n|move|p1a: Mudsdale|Rock Slide|p2a: Floette|[spread] p2a,p2b\n|-supereffective|p2b: Aerodactyl|1\n|-damage|p2a: Floette|66/100 slp\n|-damage|p2b: Aerodactyl|40/100\n|\n|-weather|SunnyDay|[upkeep]\n|upkeep\n|turn|4\n|\n|t:|1776269747\n|move|p1b: Scovillain|Spicy Extract|p1a: Mudsdale\n|-boost|p1a: Mudsdale|atk|2\n|-unboost|p1a: Mudsdale|def|2\n|move|p2b: Aerodactyl|Rock Slide|p1b: Scovillain|[spread] p1b\n|-miss|p2b: Aerodactyl|p1a: Mudsdale\n|-supereffective|p1b: Scovillain|1\n|-damage|p1b: Scovillain|0 fnt\n|faint|p1b: Scovillain\n|cant|p2a: Floette|slp\n|move|p1a: Mudsdale|Rock Slide|p2b: Aerodactyl|[spread] p2b\n|-miss|p1a: Mudsdale|p2a: Floette\n|-supereffective|p2b: Aerodactyl|1\n|-damage|p2b: Aerodactyl|0 fnt\n|faint|p2b: Aerodactyl\n|\n|-weather|SunnyDay|[upkeep]\n|upkeep\n|\n|t:|1776269773\n|switch|p2b: Sneasler|Sneasler, L50, F|100/100\n|switch|p1b: Tsareena|Tsareena, L50, F|64/100\n|turn|5\n|\n|t:|1776269802\n|move|p2b: Sneasler|Dire Claw|p1b: Tsareena\n|-supereffective|p1b: Tsareena|1\n|-damage|p1b: Tsareena|0 fnt\n|faint|p1b: Tsareena\n|-curestatus|p2a: Floette|slp|[msg]\n|move|p2a: Floette|Moonblast|p1a: Mudsdale\n|-damage|p1a: Mudsdale|0 fnt\n|faint|p1a: Mudsdale\n|\n|-weather|none\n|upkeep\n|\n|t:|1776269816\n|switch|p1b: Torkoal|Torkoal, L50, M|33/100\n|-weather|SunnyDay|[from] ability: Drought|[of] p1b: Torkoal\n|turn|6\n|-message|boatguinwza forfeited.\n|\n|win|MaddyGoesHyper\n|raw|boatguinwza's rating: 1098 &rarr; <strong>1077</strong><br />(-21 for losing)\n|raw|MaddyGoesHyper's rating: 1154 &rarr; <strong>1175</strong><br />(+21 for winning)\n|l|\u2606boatguinwza\n|player|p1|\n",
  "uploadtime": 1776269822,
  "views": 29,
  "formatid": "gen9championsvgc2026regma",
  "rating": 1077,
  "private": 0,
  "password": null
}