{
  "id": "gen9championsvgc2026regma-2583771893",
  "format": "[Gen 9 Champions] VGC 2026 Reg M-A",
  "players": [
    "PyroPeepo",
    "kanye2032"
  ],
  "log": "|j|\u2606PyroPeepo\n|j|\u2606kanye2032\n|t:|1776196633\n|gametype|doubles\n|player|p1|PyroPeepo|benga|1066\n|player|p2|kanye2032|winona|1085\n|gen|9\n|tier|[Gen 9 Champions] VGC 2026 Reg M-A\n|rated|\n|rule|Species Clause: Limit one of each Pok\u00e9mon\n|rule|Item Clause: Limit 1 of each item\n|clearpoke\n|poke|p1|Whimsicott, L50, M|\n|poke|p1|Hawlucha, L50, M|\n|poke|p1|Vanilluxe, L50, F|\n|poke|p1|Aegislash, L50, F|\n|poke|p1|Rotom-Heat, L50|\n|poke|p1|Sinistcha, L50|\n|poke|p2|Hawlucha, L50, F|\n|poke|p2|Garganacl, L50, F|\n|poke|p2|Excadrill, L50, M|\n|poke|p2|Ditto, L50|\n|poke|p2|Tyranitar, L50, M|\n|poke|p2|Whimsicott, L50, M|\n|teampreview|4\n|inactive|Battle timer is ON: inactive players will automatically lose when time's up. (requested by kanye2032)\n|inactive|PyroPeepo also wants the timer to be on.\n|\n|t:|1776196671\n|teamsize|p1|4\n|teamsize|p2|4\n|start\n|switch|p1a: The Friend|Whimsicott, L50, M, shiny|100/100\n|switch|p1b: The Cage|Hawlucha, L50, M, shiny|100/100\n|switch|p2a: Hawlucha|Hawlucha, L50, F|100/100\n|switch|p2b: Whimsicott|Whimsicott, L50, M|100/100\n|-ability|p1b: The Cage|Mold Breaker\n|turn|1\n|inactive|PyroPeepo has 30 seconds left.\n|inactive|PyroPeepo has 20 seconds left.\n|inactive|PyroPeepo has 15 seconds left.\n|inactive|PyroPeepo has 10 seconds left.\n|\n|t:|1776196716\n|switch|p2a: Tyranitar|Tyranitar, L50, M|100/100\n|-weather|Sandstorm|[from] ability: Sand Stream|[of] p2a: Tyranitar\n|detailschange|p1b: The Cage|Hawlucha-Mega, L50, M, shiny\n|-mega|p1b: The Cage|Hawlucha|Hawluchanite\n|move|p2b: Whimsicott|Tailwind|p2b: Whimsicott\n|-sidestart|p2: kanye2032|move: Tailwind\n|move|p1a: The Friend|Tailwind|p1a: The Friend\n|-sidestart|p1: PyroPeepo|move: Tailwind\n|move|p1b: The Cage|Brave Bird|p2b: Whimsicott\n|-supereffective|p2b: Whimsicott|1\n|-damage|p2b: Whimsicott|0 fnt\n|faint|p2b: Whimsicott\n|-damage|p1b: The Cage|71/100|[from] Recoil\n|\n|-weather|Sandstorm|[upkeep]\n|-damage|p1b: The Cage|65/100|[from] Sandstorm\n|-damage|p1a: The Friend|95/100|[from] Sandstorm\n|upkeep\n|\n|t:|1776196729\n|switch|p2b: Hawlucha|Hawlucha, L50, F|100/100\n|turn|2\n|inactive|PyroPeepo has 30 seconds left.\n|\n|t:|1776196755\n|switch|p1a: The Ring|Vanilluxe, L50, F, shiny|100/100\n|-weather|Snowscape|[from] ability: Snow Warning|[of] p1a: The Ring\n|switch|p2a: Garganacl|Garganacl, L50, F|100/100\n|detailschange|p2b: Hawlucha|Hawlucha-Mega, L50, F\n|-mega|p2b: Hawlucha|Hawlucha|Hawluchanite\n|move|p2b: Hawlucha|Entrainment|p2a: Garganacl\n|-ability|p2a: Garganacl|No Guard|Purifying Salt|[from] move: Entrainment|[of] p2b: Hawlucha\n|move|p1b: The Cage|Entrainment|p1a: The Ring\n|-ability|p1a: The Ring|No Guard|Snow Warning|[from] move: Entrainment|[of] p1b: The Cage\n|\n|-weather|Snowscape|[upkeep]\n|upkeep\n|turn|3\n|inactive|PyroPeepo has 30 seconds left.\n|\n|t:|1776196790\n|switch|p1b: Rotom|Rotom-Heat, L50|100/100\n|move|p1a: The Ring|Protect|p1a: The Ring\n|-singleturn|p1a: The Ring|Protect\n|move|p2a: Garganacl|Protect|p2a: Garganacl\n|-singleturn|p2a: Garganacl|Protect\n|move|p2b: Hawlucha|High Jump Kick|p1a: The Ring\n|-activate|p1a: The Ring|move: Protect\n|-damage|p2b: Hawlucha|51/100|[from] highjumpkick\n|\n|-weather|Snowscape|[upkeep]\n|upkeep\n|turn|4\n|inactive|kanye2032 has 30 seconds left.\n|\n|t:|1776196819\n|switch|p2a: Tyranitar|Tyranitar, L50, M|100/100\n|-weather|Sandstorm|[from] ability: Sand Stream|[of] p2a: Tyranitar\n|move|p2b: Hawlucha|High Jump Kick|p1a: The Ring\n|-supereffective|p1a: The Ring|1\n|-damage|p1a: The Ring|0 fnt\n|faint|p1a: The Ring\n|move|p1b: Rotom|Thunderbolt|p2b: Hawlucha\n|-supereffective|p2b: Hawlucha|1\n|-damage|p2b: Hawlucha|0 fnt\n|faint|p2b: Hawlucha\n|\n|-weather|Sandstorm|[upkeep]\n|-damage|p1b: Rotom|95/100|[from] Sandstorm\n|-sideend|p2: kanye2032|move: Tailwind\n|-sideend|p1: PyroPeepo|move: Tailwind\n|upkeep\n|\n|t:|1776196839\n|switch|p2b: Garganacl|Garganacl, L50, F|100/100\n|switch|p1a: The Friend|Whimsicott, L50, M, shiny|95/100\n|turn|5\n|\n|t:|1776196862\n|move|p1b: Rotom|Protect|p1b: Rotom\n|-singleturn|p1b: Rotom|Protect\n|move|p1a: The Friend|Tailwind|p1a: The Friend\n|-sidestart|p1: PyroPeepo|move: Tailwind\n|move|p2b: Garganacl|Salt Cure|p1b: Rotom\n|-activate|p1b: Rotom|move: Protect\n|move|p2a: Tyranitar|Heavy Slam|p1a: The Friend\n|-supereffective|p1a: The Friend|1\n|-damage|p1a: The Friend|1/100\n|\n|-weather|Sandstorm|[upkeep]\n|-damage|p1b: Rotom|89/100|[from] Sandstorm\n|-damage|p1a: The Friend|0 fnt|[from] Sandstorm\n|faint|p1a: The Friend\n|upkeep\n|\n|t:|1776196876\n|switch|p1a: The Cage|Hawlucha-Mega, L50, M, shiny|65/100\n|turn|6\n|inactive|PyroPeepo has 30 seconds left.\n|inactive|PyroPeepo has 20 seconds left.\n|inactive|PyroPeepo has 15 seconds left.\n|inactive|PyroPeepo has 10 seconds left.\n|inactive|PyroPeepo has 5 seconds left.\n|\n|t:|1776196928\n|move|p2a: Tyranitar|Protect|p2a: Tyranitar\n|-singleturn|p2a: Tyranitar|Protect\n|move|p1b: Rotom|Thunderbolt|p2a: Tyranitar\n|-activate|p2a: Tyranitar|move: Protect\n|move|p1a: The Cage|Brave Bird|p2b: Garganacl\n|-resisted|p2b: Garganacl|1\n|-damage|p2b: Garganacl|80/100\n|-damage|p1a: The Cage|58/100|[from] Recoil\n|move|p2b: Garganacl|Salt Cure|p1b: Rotom\n|-supereffective|p1b: Rotom|1\n|-damage|p1b: Rotom|55/100\n|-start|p1b: Rotom|Salt Cure\n|\n|-weather|Sandstorm|[upkeep]\n|-damage|p1b: Rotom|49/100|[from] Sandstorm\n|-damage|p1a: The Cage|52/100|[from] Sandstorm\n|-heal|p2b: Garganacl|87/100|[from] item: Leftovers\n|-damage|p1b: Rotom|44/100|[from] Salt Cure\n|upkeep\n|turn|7\n|inactive|PyroPeepo has 30 seconds left.\n|\n|t:|1776196962\n|move|p2b: Garganacl|Protect|p2b: Garganacl\n|-singleturn|p2b: Garganacl|Protect\n|move|p1b: Rotom|Overheat|p2b: Garganacl\n|-activate|p2b: Garganacl|move: Protect\n|move|p1a: The Cage|High Jump Kick|p2a: Tyranitar\n|-supereffective|p2a: Tyranitar|2\n|-enditem|p2a: Tyranitar|Chople Berry|[eat]\n|-enditem|p2a: Tyranitar|Chople Berry|[weaken]\n|-damage|p2a: Tyranitar|0 fnt\n|faint|p2a: Tyranitar\n|\n|-weather|Sandstorm|[upkeep]\n|-damage|p1b: Rotom|38/100|[from] Sandstorm\n|-damage|p1a: The Cage|46/100|[from] Sandstorm\n|-heal|p2b: Garganacl|93/100|[from] item: Leftovers\n|-damage|p1b: Rotom|33/100|[from] Salt Cure\n|upkeep\n|turn|8\n|\n|t:|1776196982\n|move|p1b: Rotom|Thunderbolt|p2b: Garganacl\n|-damage|p2b: Garganacl|64/100\n|move|p1a: The Cage|High Jump Kick|p2b: Garganacl\n|-supereffective|p2b: Garganacl|1\n|-damage|p2b: Garganacl|0 fnt\n|faint|p2b: Garganacl\n|\n|win|PyroPeepo\n|raw|PyroPeepo's rating: 1066 &rarr; <strong>1098</strong><br />(+32 for winning)\n|raw|kanye2032's rating: 1085 &rarr; <strong>1061</strong><br />(-24 for losing)\n|c|\u2606PyroPeepo|Gg\n|c|\u2606kanye2032|gg\\\n|l|\u2606kanye2032\n|player|p2|\n",
  "uploadtime": 1776197016,
  "views": 22,
  "formatid": "gen9championsvgc2026regma",
  "rating": 1061,
  "private": 0,
  "password": null
}