{
  "id": "gen9championsvgc2026regma-2586775109",
  "format": "[Gen 9 Champions] VGC 2026 Reg M-A",
  "players": [
    "satasfactor",
    "yallcheeks"
  ],
  "log": "|j|\u2606satasfactor\n|j|\u2606yallcheeks\n|t:|1776458916\n|gametype|doubles\n|player|p1|satasfactor|oichi-conquest|1264\n|player|p2|yallcheeks|2|1322\n|gen|9\n|tier|[Gen 9 Champions] VGC 2026 Reg M-A\n|rated|\n|rule|Species Clause: Limit one of each Pok\u00e9mon\n|rule|Item Clause: Limit 1 of each item\n|clearpoke\n|poke|p1|Aggron, L50, F|\n|poke|p1|Sinistcha-Masterpiece, L50|\n|poke|p1|Tyranitar, L50, F|\n|poke|p1|Aerodactyl, L50, F|\n|poke|p1|Sneasler, L50, F|\n|poke|p1|Excadrill, L50, F|\n|poke|p2|Starmie, L50|\n|poke|p2|Cofagrigus, L50, M|\n|poke|p2|Farigiraf, L50, M|\n|poke|p2|Machamp, L50, M|\n|poke|p2|Drampa, L50, M|\n|poke|p2|Dragapult, L50, F|\n|teampreview|4\n|inactive|Battle timer is ON: inactive players will automatically lose when time's up. (requested by yallcheeks)\nsatasfactor has agreed to open team sheets.\nyallcheeks rejected open team sheets.\n|\n|t:|1776458944\n|teamsize|p1|4\n|teamsize|p2|4\n|start\n|switch|p1a: Aggron|Aggron, L50, F|100/100\n|switch|p1b: Tyranitar|Tyranitar, L50, F|100/100\n|switch|p2a: Starmie|Starmie, L50|100/100\n|switch|p2b: Cofagrigus|Cofagrigus, L50, M, shiny|100/100\n|-weather|Sandstorm|[from] ability: Sand Stream|[of] p1b: Tyranitar\n|turn|1\n|inactive|satasfactor has 30 seconds left.\n|\n|t:|1776458973\n|detailschange|p2a: Starmie|Starmie-Mega, L50\n|-mega|p2a: Starmie|Starmie|Starminite\n|detailschange|p1a: Aggron|Aggron-Mega, L50, F\n|-mega|p1a: Aggron|Aggron|Aggronite\n|move|p1a: Aggron|Protect|p1a: Aggron\n|-singleturn|p1a: Aggron|Protect\n|move|p2a: Starmie|Waterfall|p1b: Tyranitar\n|-supereffective|p1b: Tyranitar|1\n|-enditem|p1b: Tyranitar|Passho Berry|[eat]\n|-enditem|p1b: Tyranitar|Passho Berry|[weaken]\n|-damage|p1b: Tyranitar|45/100\n|move|p1b: Tyranitar|Knock Off|p2b: Cofagrigus\n|-supereffective|p2b: Cofagrigus|1\n|-damage|p2b: Cofagrigus|24/100\n|-activate|p2b: Cofagrigus|ability: Mummy|p1b: Tyranitar|[ability] Sand Stream\n|-enditem|p2b: Cofagrigus|Leftovers|[from] move: Knock Off|[of] p1b: Tyranitar\n|move|p2b: Cofagrigus|Will-O-Wisp|p1a: Aggron\n|-activate|p1a: Aggron|move: Protect\n|\n|-weather|Sandstorm|[upkeep]\n|-damage|p2a: Starmie|95/100|[from] Sandstorm\n|-damage|p2b: Cofagrigus|18/100|[from] Sandstorm\n|upkeep\n|turn|2\n|inactive|satasfactor has 30 seconds left.\n|\n|t:|1776459004\n|switch|p1a: Sinistcha|Sinistcha-Masterpiece, L50|100/100\n|-heal|p1b: Tyranitar|70/100|[from] ability: Hospitality|[of] p1a: Sinistcha\n|move|p2a: Starmie|Waterfall|p1b: Tyranitar\n|-supereffective|p1b: Tyranitar|1\n|-crit|p1b: Tyranitar\n|-damage|p1b: Tyranitar|0 fnt\n|-activate|p1b: Tyranitar|ability: Mummy|p2a: Starmie|[ability] Huge Power\n|faint|p1b: Tyranitar\n|move|p2b: Cofagrigus|Will-O-Wisp|p1a: Sinistcha\n|-status|p1a: Sinistcha|brn\n|\n|-weather|Sandstorm|[upkeep]\n|-damage|p2a: Starmie|89/100|[from] Sandstorm\n|-damage|p1a: Sinistcha|94/100 brn|[from] Sandstorm\n|-damage|p2b: Cofagrigus|12/100|[from] Sandstorm\n|-damage|p1a: Sinistcha|88/100 brn|[from] brn\n|upkeep\n|\n|t:|1776459018\n|switch|p1b: Excadrill|Excadrill, L50, F|100/100\n|turn|3\n|\n|t:|1776459025\n|move|p1b: Excadrill|Earthquake|p2a: Starmie|[spread] p1a,p2a,p2b\n|-resisted|p1a: Sinistcha|1\n|-damage|p1a: Sinistcha|66/100 brn\n|-damage|p2a: Starmie|31/100\n|-damage|p2b: Cofagrigus|0 fnt\n|faint|p2b: Cofagrigus\n|move|p2a: Starmie|Ice Spinner|p1a: Sinistcha\n|-supereffective|p1a: Sinistcha|1\n|-damage|p1a: Sinistcha|18/100 brn\n|-enditem|p1a: Sinistcha|Sitrus Berry|[eat]\n|-heal|p1a: Sinistcha|43/100 brn|[from] item: Sitrus Berry\n|move|p1a: Sinistcha|Matcha Gotcha|p2a: Starmie\n|-supereffective|p2a: Starmie|1\n|-damage|p2a: Starmie|0 fnt\n|-heal|p1a: Sinistcha|55/100 brn|[from] drain|[of] p2a: Starmie\n|faint|p2a: Starmie\n|\n|-weather|Sandstorm|[upkeep]\n|-damage|p1a: Sinistcha|49/100 brn|[from] Sandstorm\n|-damage|p1a: Sinistcha|43/100 brn|[from] brn\n|upkeep\n|\n|t:|1776459035\n|switch|p2a: Drampa|Drampa, L50, M|100/100\n|switch|p2b: Machamp|Machamp, L50, M, shiny|100/100\n|-ability|p2a: Drampa|Cloud Nine\n|turn|4\n|inactive|satasfactor has 30 seconds left.\n|\n|t:|1776459062\n|move|p1a: Sinistcha|Rage Powder|p1a: Sinistcha\n|-singleturn|p1a: Sinistcha|move: Rage Powder\n|move|p1b: Excadrill|Earthquake|p2a: Drampa|[spread] p1a,p2a,p2b\n|-resisted|p1a: Sinistcha|1\n|-damage|p1a: Sinistcha|21/100 brn\n|-damage|p2a: Drampa|47/100\n|-damage|p2b: Machamp|49/100\n|move|p2b: Machamp|Cross Chop|p1a: Sinistcha\n|-immune|p1a: Sinistcha\n|move|p2a: Drampa|Ice Beam|p1a: Sinistcha\n|-supereffective|p1a: Sinistcha|1\n|-damage|p1a: Sinistcha|0 fnt\n|faint|p1a: Sinistcha\n|\n|-weather|Sandstorm|[upkeep]\n|upkeep\n|\n|t:|1776459072\n|switch|p1a: Aggron|Aggron-Mega, L50, F|100/100\n|turn|5\n|\n|t:|1776459081\n|move|p1a: Aggron|Protect|p1a: Aggron\n|-singleturn|p1a: Aggron|Protect\n|move|p1b: Excadrill|Earthquake|p2b: Machamp|[spread] p2a,p2b\n|-activate|p1a: Aggron|move: Protect\n|-damage|p2a: Drampa|0 fnt\n|-damage|p2b: Machamp|5/100\n|faint|p2a: Drampa\n|move|p2b: Machamp|Cross Chop|p1b: Excadrill\n|-supereffective|p1b: Excadrill|1\n|-enditem|p1b: Excadrill|Focus Sash\n|-damage|p1b: Excadrill|1/100\n|\n|-weather|none\n|upkeep\n|turn|6\n|\n|t:|1776459094\n|move|p1b: Excadrill|Iron Head|p2b: Machamp\n|-damage|p2b: Machamp|0 fnt\n|faint|p2b: Machamp\n|\n|win|satasfactor\n|raw|satasfactor's rating: 1264 &rarr; <strong>1293</strong><br />(+29 for winning)\n|raw|yallcheeks's rating: 1322 &rarr; <strong>1299</strong><br />(-23 for losing)\n|l|\u2606yallcheeks\n|player|p2|\n|l|\u2606satasfactor\n|player|p1|\n|j|\u2606satasfactor\n|player|p1|satasfactor|oichi-conquest|\n|l|\u2606satasfactor\n|player|p1|\n|j|\u2606satasfactor\n|player|p1|satasfactor|oichi-conquest|\n",
  "uploadtime": 1776459290,
  "views": 39,
  "formatid": "gen9championsvgc2026regma",
  "rating": 1293,
  "private": 0,
  "password": null
}