{
  "id": "gen9championsvgc2026regma-2584841893",
  "format": "[Gen 9 Champions] VGC 2026 Reg M-A",
  "players": [
    "penledzuu",
    "parpellopaposo"
  ],
  "log": "|j|\u2606penledzuu\n|j|\u2606parpellopaposo\n|t:|1776287873\n|gametype|doubles\n|player|p1|penledzuu|ninjaboy|1097\n|player|p2|parpellopaposo|101|1051\n|gen|9\n|tier|[Gen 9 Champions] VGC 2026 Reg M-A\n|rated|\n|rule|Species Clause: Limit one of each Pok\u00e9mon\n|rule|Item Clause: Limit 1 of each item\n|clearpoke\n|poke|p1|Gengar, L50, F|\n|poke|p1|Gardevoir, L50, M|\n|poke|p1|Arcanine-Hisui, L50, F|\n|poke|p1|Charizard, L50, M|\n|poke|p1|Machamp, L50, M|\n|poke|p1|Sneasler, L50, M|\n|poke|p2|Sinistcha-Masterpiece, L50|\n|poke|p2|Aggron, L50, F|\n|poke|p2|Reuniclus, L50, M|\n|poke|p2|Farigiraf, L50, F|\n|poke|p2|Snorlax, L50, F|\n|poke|p2|Maushold, L50|\n|teampreview|4\n|inactive|Battle timer is ON: inactive players will automatically lose when time's up. (requested by penledzuu)\nparpellopaposo rejected open team sheets.\n|inactive|parpellopaposo has 60 seconds left.\n|\n|t:|1776287932\n|teamsize|p1|4\n|teamsize|p2|4\n|start\n|switch|p1a: Gengar|Gengar, L50, F, shiny|100/100\n|switch|p1b: Gardevoir|Gardevoir, L50, M|100/100\n|switch|p2a: Farigiraf|Farigiraf, L50, F|100/100\n|switch|p2b: Sinistcha|Sinistcha-Masterpiece, L50|100/100\n|-ability|p1b: Gardevoir|Armor Tail|Trace|[from] ability: Trace|[of] p2a: Farigiraf\n|turn|1\n|inactive|parpellopaposo has 30 seconds left.\n|inactive|parpellopaposo has 20 seconds left.\n|inactive|parpellopaposo has 15 seconds left.\n|inactive|parpellopaposo has 10 seconds left.\n|\n|t:|1776287978\n|switch|p2b: Aggron|Aggron, L50, F|100/100\n|move|p1a: Gengar|Shadow Ball|p2b: Aggron\n|-damage|p2b: Aggron|31/100\n|move|p1b: Gardevoir|Mystical Fire|p2b: Aggron\n|-damage|p2b: Aggron|0 fnt\n|faint|p2b: Aggron\n|move|p2a: Farigiraf|Trick Room|p2a: Farigiraf\n|-fieldstart|move: Trick Room|[of] p2a: Farigiraf\n|\n|upkeep\n|\n|t:|1776287998\n|switch|p2b: Sinistcha|Sinistcha-Masterpiece, L50|100/100\n|turn|2\n|\n|t:|1776288018\n|move|p2a: Farigiraf|Hyper Voice|p1b: Gardevoir|[spread] p1b\n|-immune|p1a: Gengar\n|-damage|p1b: Gardevoir|67/100\n|move|p2b: Sinistcha|Matcha Gotcha|p1a: Gengar|[spread] p1a,p1b\n|-resisted|p1a: Gengar|1\n|-damage|p1a: Gengar|82/100\n|-damage|p1b: Gardevoir|41/100\n|-status|p1b: Gardevoir|brn\n|-start|p2b: Sinistcha|Disable|Matcha Gotcha|[from] ability: Cursed Body|[of] p1a: Gengar\n|-enditem|p2b: Sinistcha|Mental Herb\n|-end|p2b: Sinistcha|Disable\n|-enditem|p1b: Gardevoir|Sitrus Berry|[eat]\n|-heal|p1b: Gardevoir|66/100 brn|[from] item: Sitrus Berry\n|move|p1b: Gardevoir|Mystical Fire|p2a: Farigiraf\n|-damage|p2a: Farigiraf|68/100\n|-unboost|p2a: Farigiraf|spa|1\n|move|p1a: Gengar|Destiny Bond|p1a: Gengar\n|-singlemove|p1a: Gengar|Destiny Bond\n|\n|-heal|p2a: Farigiraf|75/100|[from] item: Leftovers\n|-damage|p1b: Gardevoir|60/100 brn|[from] brn\n|upkeep\n|turn|3\n|inactive|penledzuu has 30 seconds left.\n|inactive|parpellopaposo has 30 seconds left.\n|\n|t:|1776288050\n|move|p2a: Farigiraf|Hyper Voice|p1b: Gardevoir|[spread] p1b\n|-immune|p1a: Gengar\n|-crit|p1b: Gardevoir\n|-damage|p1b: Gardevoir|3/100 brn\n|move|p2b: Sinistcha|Matcha Gotcha|p1a: Gengar|[spread] p1a,p1b\n|-resisted|p1a: Gengar|1\n|-damage|p1a: Gengar|61/100\n|-damage|p1b: Gardevoir|0 fnt\n|-start|p2b: Sinistcha|Disable|Matcha Gotcha|[from] ability: Cursed Body|[of] p1a: Gengar\n|faint|p1b: Gardevoir\n|move|p1a: Gengar|Icy Wind|p2b: Sinistcha|[spread] p2a,p2b\n|-supereffective|p2b: Sinistcha|1\n|-damage|p2a: Farigiraf|56/100\n|-damage|p2b: Sinistcha|62/100\n|-unboost|p2a: Farigiraf|spe|1\n|-unboost|p2b: Sinistcha|spe|1\n|\n|-heal|p2a: Farigiraf|63/100|[from] item: Leftovers\n|upkeep\n|\n|t:|1776288060\n|switch|p1b: Machamp|Machamp, L50, M|100/100\n|turn|4\n|\n|t:|1776288083\n|move|p2a: Farigiraf|Hyper Voice|p1a: Gengar|[spread] p1b\n|-immune|p1a: Gengar\n|-damage|p1b: Machamp|81/100\n|move|p2b: Sinistcha|Strength Sap|p1b: Machamp\n|-unboost|p1b: Machamp|atk|1\n|-heal|p2b: Sinistcha|100/100\n|move|p1b: Machamp|Ice Punch|p2b: Sinistcha\n|-supereffective|p2b: Sinistcha|1\n|-damage|p2b: Sinistcha|75/100\n|move|p1a: Gengar|Shadow Ball|p2b: Sinistcha\n|-supereffective|p2b: Sinistcha|1\n|-damage|p2b: Sinistcha|0 fnt\n|faint|p2b: Sinistcha\n|\n|-heal|p2a: Farigiraf|69/100|[from] item: Leftovers\n|upkeep\n|\n|t:|1776288098\n|switch|p2b: Maushold|Maushold, L50|100/100\n|turn|5\n|\n|t:|1776288111\n|move|p2a: Farigiraf|Hyper Voice|p1a: Gengar|[spread] p1b\n|-immune|p1a: Gengar\n|-damage|p1b: Machamp|61/100\n|move|p1b: Machamp|Dynamic Punch|p2b: Maushold\n|-supereffective|p2b: Maushold|1\n|-enditem|p2b: Maushold|Chople Berry|[eat]\n|-enditem|p2b: Maushold|Chople Berry|[weaken]\n|-damage|p2b: Maushold|60/100\n|-start|p2b: Maushold|confusion\n|move|p1a: Gengar|Sludge Bomb|p2b: Maushold\n|-damage|p2b: Maushold|0 fnt\n|faint|p2b: Maushold\n|\n|-heal|p2a: Farigiraf|75/100|[from] item: Leftovers\n|-fieldend|move: Trick Room\n|upkeep\n|turn|6\n|\n|t:|1776288126\n|move|p1a: Gengar|Sludge Bomb|p2a: Farigiraf\n|-damage|p2a: Farigiraf|16/100\n|-status|p2a: Farigiraf|psn\n|move|p1b: Machamp|Dynamic Punch|p2a: Farigiraf\n|-damage|p2a: Farigiraf|0 fnt\n|faint|p2a: Farigiraf\n|\n|win|penledzuu\n|raw|penledzuu's rating: 1097 &rarr; <strong>1119</strong><br />(+22 for winning)\n|raw|parpellopaposo's rating: 1051 &rarr; <strong>1036</strong><br />(-15 for losing)\n",
  "uploadtime": 1776288133,
  "views": 21,
  "formatid": "gen9championsvgc2026regma",
  "rating": 1036,
  "private": 0,
  "password": null
}