{
  "id": "gen9championsvgc2026regma-2581294096",
  "format": "[Gen 9 Champions] VGC 2026 Reg M-A",
  "players": [
    "leader-starmie",
    "airtest4"
  ],
  "log": "|j|\u2606leader-starmie\n|j|\u2606airtest4\n|t:|1775982568\n|gametype|doubles\n|player|p1|leader-starmie|lida|1283\n|player|p2|airtest4|265|1361\n|gen|9\n|tier|[Gen 9 Champions] VGC 2026 Reg M-A\n|rated|\n|rule|Species Clause: Limit one of each Pok\u00e9mon\n|rule|Item Clause: Limit 1 of each item\n|clearpoke\n|poke|p1|Lucario, L50, F|\n|poke|p1|Milotic, L50, F|\n|poke|p1|Venusaur, L50, M|\n|poke|p1|Rotom-Wash, L50|\n|poke|p1|Arcanine-Hisui, L50, F|\n|poke|p1|Garchomp, L50, F|\n|poke|p2|Pelipper, L50, M|\n|poke|p2|Archaludon, L50, M|\n|poke|p2|Basculegion, L50, M|\n|poke|p2|Manectric, L50, M|\n|poke|p2|Sneasler, L50, F|\n|poke|p2|Incineroar, L50, M|\n|teampreview|4\n|j| gE1xjZRtuhW2DdT0AK\n|\n|t:|1775982617\n|teamsize|p1|4\n|teamsize|p2|4\n|start\n|switch|p1a: Venusaur|Venusaur, L50, M|100/100\n|switch|p1b: Milotic|Milotic, L50, F|100/100\n|switch|p2a: Archaludon|Archaludon, L50, M|100/100\n|switch|p2b: Manectric|Manectric, L50, M|100/100\n|turn|1\n|inactive|Battle timer is ON: inactive players will automatically lose when time's up. (requested by airtest4)\n|inactive|leader-starmie has 60 seconds left.\n|inactive|airtest4 has 60 seconds left.\n|\n|t:|1775982652\n|switch|p2b: Pelipper|Pelipper, L50, M|100/100\n|-weather|RainDance|[from] ability: Drizzle|[of] p2b: Pelipper\n|detailschange|p1a: Venusaur|Venusaur-Mega, L50, M\n|-mega|p1a: Venusaur|Venusaur|Venusaurite\n|move|p1a: Venusaur|Leech Seed|p2a: Archaludon\n|-start|p2a: Archaludon|move: Leech Seed\n|move|p1b: Milotic|Icy Wind|p2b: Pelipper|[spread] p2a\n|-miss|p1b: Milotic|p2b: Pelipper\n|-damage|p2a: Archaludon|88/100\n|-unboost|p2a: Archaludon|spe|1\n|-ability|p2a: Archaludon|Stamina|boost\n|-boost|p2a: Archaludon|def|1\n|move|p2a: Archaludon|Electro Shot||[still]\n|-prepare|p2a: Archaludon|Electro Shot\n|-boost|p2a: Archaludon|spa|1\n|-anim|p2a: Archaludon|Electro Shot|p1b: Milotic\n|-supereffective|p1b: Milotic|1\n|-damage|p1b: Milotic|4/100\n|\n|-weather|RainDance|[upkeep]\n|-heal|p1b: Milotic|10/100|[from] item: Leftovers\n|-heal|p2a: Archaludon|94/100|[from] item: Leftovers\n|-damage|p2a: Archaludon|82/100|[from] Leech Seed|[of] p1a: Venusaur\n|upkeep\n|turn|2\n|j| dororodo\n|inactive|leader-starmie has 30 seconds left.\n|inactive|airtest4 has 30 seconds left.\n|inactive|airtest4 has 20 seconds left.\n|\n|t:|1775982689\n|switch|p1b: Rotom|Rotom-Wash, L50|100/100\n|move|p1a: Venusaur|Protect|p1a: Venusaur\n|-singleturn|p1a: Venusaur|Protect\n|move|p2b: Pelipper|Hurricane|p1a: Venusaur\n|-activate|p1a: Venusaur|move: Protect\n|move|p2a: Archaludon|Electro Shot||[still]\n|-prepare|p2a: Archaludon|Electro Shot\n|-boost|p2a: Archaludon|spa|1\n|-anim|p2a: Archaludon|Electro Shot|p1b: Rotom\n|-damage|p1b: Rotom|8/100\n|-enditem|p1b: Rotom|Sitrus Berry|[eat]\n|-heal|p1b: Rotom|32/100|[from] item: Sitrus Berry\n|\n|-weather|RainDance|[upkeep]\n|-heal|p2a: Archaludon|88/100|[from] item: Leftovers\n|-damage|p2a: Archaludon|76/100|[from] Leech Seed|[of] p1a: Venusaur\n|upkeep\n|turn|3\n|inactive|leader-starmie has 30 seconds left.\n|inactive|leader-starmie has 20 seconds left.\n|inactive|airtest4 has 30 seconds left.\n|\n|t:|1775982726\n|switch|p1a: Milotic|Milotic, L50, F|10/100\n|move|p1b: Rotom|Protect|p1b: Rotom\n|-singleturn|p1b: Rotom|Protect\n|move|p2b: Pelipper|Protect|p2b: Pelipper\n|-singleturn|p2b: Pelipper|Protect\n|move|p2a: Archaludon|Draco Meteor|p1a: Milotic\n|-damage|p1a: Milotic|0 fnt\n|-unboost|p2a: Archaludon|spa|2\n|faint|p1a: Milotic\n|\n|-weather|RainDance|[upkeep]\n|-heal|p2a: Archaludon|82/100|[from] item: Leftovers\n|upkeep\n|\n|t:|1775982741\n|switch|p1a: Garchomp|Garchomp, L50, F|100/100\n|turn|4\n|inactive|airtest4 has 30 seconds left.\n|inactive|airtest4 has 20 seconds left.\n|inactive|airtest4 has 15 seconds left.\n|inactive|airtest4 has 10 seconds left.\n|inactive|airtest4 has 5 seconds left.\n|\n|t:|1775982794\n|switch|p2b: Manectric|Manectric, L50, M|100/100\n|move|p1a: Garchomp|Earthquake|p2b: Manectric|[spread] p2a,p2b\n|-immune|p1b: Rotom|[from] ability: Levitate\n|-supereffective|p2a: Archaludon|1\n|-supereffective|p2b: Manectric|1\n|-damage|p2a: Archaludon|40/100\n|-damage|p2b: Manectric|0 fnt\n|-ability|p2a: Archaludon|Stamina|boost\n|-boost|p2a: Archaludon|def|1\n|faint|p2b: Manectric\n|move|p1b: Rotom|Thunderbolt|p2a: Archaludon\n|-resisted|p2a: Archaludon|1\n|-damage|p2a: Archaludon|18/100\n|-ability|p2a: Archaludon|Stamina|boost\n|-boost|p2a: Archaludon|def|1\n|move|p2a: Archaludon|Draco Meteor|p1a: Garchomp\n|-supereffective|p1a: Garchomp|1\n|-damage|p1a: Garchomp|0 fnt\n|-unboost|p2a: Archaludon|spa|2\n|faint|p1a: Garchomp\n|\n|-weather|RainDance|[upkeep]\n|-heal|p2a: Archaludon|24/100|[from] item: Leftovers\n|upkeep\n|inactive|airtest4 has 30 seconds left.\n|inactive|airtest4 has 20 seconds left.\n|\n|t:|1775982831\n|switch|p2b: Basculegion|Basculegion, L50, M|100/100\n|switch|p1a: Venusaur|Venusaur-Mega, L50, M|100/100\n|turn|5\n|inactive|airtest4 has 30 seconds left.\n|inactive|airtest4 has 20 seconds left.\n|inactive|airtest4 has 15 seconds left.\n|\n|t:|1775982873\n|move|p1b: Rotom|Protect|p1b: Rotom\n|-singleturn|p1b: Rotom|Protect\n|move|p2b: Basculegion|Last Respects|p1a: Venusaur\n|-damage|p1a: Venusaur|49/100\n|move|p1a: Venusaur|Giga Drain|p2b: Basculegion\n|-supereffective|p2b: Basculegion|1\n|-damage|p2b: Basculegion|14/100\n|-heal|p1a: Venusaur|95/100|[from] drain|[of] p2b: Basculegion\n|move|p2a: Archaludon|Electro Shot||[still]\n|-prepare|p2a: Archaludon|Electro Shot\n|-boost|p2a: Archaludon|spa|1\n|-anim|p2a: Archaludon|Electro Shot|p1b: Rotom\n|-activate|p1b: Rotom|move: Protect\n|\n|-weather|none\n|-heal|p2a: Archaludon|30/100|[from] item: Leftovers\n|-damage|p2a: Archaludon|18/100|[from] Leech Seed|[of] p1a: Venusaur\n|-heal|p1a: Venusaur|100/100|[silent]\n|upkeep\n|turn|6\n|inactive|leader-starmie has 30 seconds left.\n|\n|t:|1775982901\n|move|p1b: Rotom|Protect|p1b: Rotom\n|-singleturn|p1b: Rotom|Protect\n|move|p2b: Basculegion|Last Respects|p1b: Rotom\n|-activate|p1b: Rotom|move: Protect\n|move|p1a: Venusaur|Giga Drain|p2b: Basculegion\n|-supereffective|p2b: Basculegion|1\n|-damage|p2b: Basculegion|0 fnt\n|faint|p2b: Basculegion\n|move|p2a: Archaludon|Draco Meteor|p1a: Venusaur\n|-damage|p1a: Venusaur|62/100\n|-unboost|p2a: Archaludon|spa|2\n|\n|-heal|p2a: Archaludon|24/100|[from] item: Leftovers\n|-damage|p2a: Archaludon|11/100|[from] Leech Seed|[of] p1a: Venusaur\n|-heal|p1a: Venusaur|75/100|[silent]\n|upkeep\n|\n|t:|1775982915\n|switch|p2b: Pelipper|Pelipper, L50, M|100/100\n|-weather|RainDance|[from] ability: Drizzle|[of] p2b: Pelipper\n|turn|7\n|\n|t:|1775982932\n|move|p2b: Pelipper|Protect|p2b: Pelipper\n|-singleturn|p2b: Pelipper|Protect\n|move|p1b: Rotom|Thunderbolt|p2b: Pelipper\n|-activate|p2b: Pelipper|move: Protect\n|move|p1a: Venusaur|Sludge Bomb|p2b: Pelipper\n|-activate|p2b: Pelipper|move: Protect\n|move|p2a: Archaludon|Electro Shot||[still]\n|-prepare|p2a: Archaludon|Electro Shot\n|-boost|p2a: Archaludon|spa|1\n|-anim|p2a: Archaludon|Electro Shot|p1b: Rotom\n|-damage|p1b: Rotom|10/100\n|\n|-weather|RainDance|[upkeep]\n|-heal|p2a: Archaludon|18/100|[from] item: Leftovers\n|-damage|p2a: Archaludon|5/100|[from] Leech Seed|[of] p1a: Venusaur\n|-heal|p1a: Venusaur|88/100|[silent]\n|upkeep\n|turn|8\n|\n|t:|1775982955\n|move|p1a: Venusaur|Sludge Bomb|p2b: Pelipper\n|-damage|p2b: Pelipper|55/100\n|-status|p2b: Pelipper|psn\n|move|p1b: Rotom|Thunderbolt|p2b: Pelipper\n|-supereffective|p2b: Pelipper|2\n|-damage|p2b: Pelipper|0 fnt\n|faint|p2b: Pelipper\n|move|p2a: Archaludon|Electro Shot||[still]\n|-prepare|p2a: Archaludon|Electro Shot\n|-boost|p2a: Archaludon|spa|1\n|-anim|p2a: Archaludon|Electro Shot|p1b: Rotom\n|-damage|p1b: Rotom|0 fnt\n|faint|p1b: Rotom\n|\n|-weather|RainDance|[upkeep]\n|-heal|p2a: Archaludon|11/100|[from] item: Leftovers\n|-damage|p2a: Archaludon|0 fnt|[from] Leech Seed|[of] p1a: Venusaur\n|-heal|p1a: Venusaur|99/100|[silent]\n|faint|p2a: Archaludon\n|\n|win|leader-starmie\n|raw|leader-starmie's rating: 1283 &rarr; <strong>1314</strong><br />(+31 for winning)\n|raw|airtest4's rating: 1361 &rarr; <strong>1337</strong><br />(-24 for losing)\n|l|\u2606airtest4\n|player|p2|\n|l| gE1xjZRtuhW2DdT0AK\n",
  "uploadtime": 1775982972,
  "views": 46,
  "formatid": "gen9championsvgc2026regma",
  "rating": 1314,
  "private": 0,
  "password": null
}