{
  "id": "gen9championsvgc2026regma-2582671872",
  "format": "[Gen 9 Champions] VGC 2026 Reg M-A",
  "players": [
    "bruecke",
    "kirbydirby22"
  ],
  "log": "|j|\u2606bruecke\n|j|\u2606kirbydirby22\n|t:|1776106320\n|gametype|doubles\n|player|p1|bruecke|102|1141\n|player|p2|kirbydirby22|iris-gen5bw2|1042\n|gen|9\n|tier|[Gen 9 Champions] VGC 2026 Reg M-A\n|rated|\n|rule|Species Clause: Limit one of each Pok\u00e9mon\n|rule|Item Clause: Limit 1 of each item\n|clearpoke\n|poke|p1|Incineroar, L50, M|\n|poke|p1|Kingambit, L50, M|\n|poke|p1|Charizard, L50, F|\n|poke|p1|Venusaur, L50, M|\n|poke|p1|Rotom-Wash, L50|\n|poke|p1|Dragapult, L50, M|\n|poke|p2|Azumarill, L50, M|\n|poke|p2|Politoed, L50, F|\n|poke|p2|Chimecho, L50, M|\n|poke|p2|Tinkaton, L50, F|\n|poke|p2|Alcremie-Ruby-Cream, L50, F|\n|poke|p2|Starmie, L50|\n|teampreview|4\n|inactive|Battle timer is ON: inactive players will automatically lose when time's up. (requested by kirbydirby22)\n|inactive|bruecke has 60 seconds left.\n|\n|t:|1776106405\n|teamsize|p1|4\n|teamsize|p2|4\n|start\n|switch|p1a: Venusaur|Venusaur, L50, M|100/100\n|switch|p1b: Kingambit|Kingambit, L50, M|100/100\n|switch|p2a: Starmie|Starmie, L50|100/100\n|switch|p2b: Tinkaton|Tinkaton, L50, F|100/100\n|turn|1\n|inactive|bruecke has 30 seconds left.\n|inactive|kirbydirby22 has 30 seconds left.\n|\n|t:|1776106433\n|detailschange|p2a: Starmie|Starmie-Mega, L50\n|-mega|p2a: Starmie|Starmie|Starminite\n|move|p1a: Venusaur|Protect|p1a: Venusaur\n|-singleturn|p1a: Venusaur|Protect\n|move|p2a: Starmie|Skill Swap|p2b: Tinkaton\n|-activate|p2a: Starmie|Skill Swap|||[of] p2b: Tinkaton\n|move|p2b: Tinkaton|Play Rough|p1b: Kingambit\n|-damage|p1b: Kingambit|51/100\n|move|p1b: Kingambit|Kowtow Cleave|p2a: Starmie\n|-supereffective|p2a: Starmie|1\n|-damage|p2a: Starmie|0 fnt\n|faint|p2a: Starmie\n|\n|upkeep\n|\n|t:|1776106446\n|switch|p2a: Alcremie|Alcremie-Ruby-Cream, L50, F|100/100\n|turn|2\n|\n|t:|1776106468\n|detailschange|p1a: Venusaur|Venusaur-Mega, L50, M\n|-mega|p1a: Venusaur|Venusaur|Venusaurite\n|move|p2a: Alcremie|Helping Hand|p2b: Tinkaton\n|-singleturn|p2b: Tinkaton|Helping Hand|[of] p2a: Alcremie\n|move|p2b: Tinkaton|Play Rough|p1b: Kingambit\n|-damage|p1b: Kingambit|0 fnt\n|faint|p1b: Kingambit\n|move|p1a: Venusaur|Leech Seed|p2b: Tinkaton\n|-start|p2b: Tinkaton|move: Leech Seed\n|\n|-damage|p2b: Tinkaton|88/100|[from] Leech Seed|[of] p1a: Venusaur\n|upkeep\n|\n|t:|1776106481\n|switch|p1b: Rotom|Rotom-Wash, L50|100/100\n|turn|3\n|\n|t:|1776106495\n|move|p2b: Tinkaton|Protect|p2b: Tinkaton\n|-singleturn|p2b: Tinkaton|Protect\n|move|p1a: Venusaur|Protect|p1a: Venusaur\n|-singleturn|p1a: Venusaur|Protect\n|move|p1b: Rotom|Will-O-Wisp|p2b: Tinkaton\n|-activate|p2b: Tinkaton|move: Protect\n|move|p2a: Alcremie|Decorate|p2b: Tinkaton\n|-boost|p2b: Tinkaton|atk|2\n|-boost|p2b: Tinkaton|spa|2\n|\n|-heal|p2b: Tinkaton|94/100|[from] item: Leftovers\n|-damage|p2b: Tinkaton|82/100|[from] Leech Seed|[of] p1a: Venusaur\n|upkeep\n|turn|4\n|\n|t:|1776106515\n|move|p2a: Alcremie|Helping Hand|p2b: Tinkaton\n|-singleturn|p2b: Tinkaton|Helping Hand|[of] p2a: Alcremie\n|move|p2b: Tinkaton|Play Rough|p1b: Rotom\n|-damage|p1b: Rotom|0 fnt\n|faint|p1b: Rotom\n|move|p1a: Venusaur|Leech Seed|p2a: Alcremie|[miss]\n|-miss|p1a: Venusaur|p2a: Alcremie\n|\n|-heal|p2b: Tinkaton|88/100|[from] item: Leftovers\n|-damage|p2b: Tinkaton|75/100|[from] Leech Seed|[of] p1a: Venusaur\n|upkeep\n|\n|t:|1776106522\n|switch|p1b: Dragapult|Dragapult, L50, M|100/100\n|turn|5\n|\n|t:|1776106540\n|move|p2a: Alcremie|Helping Hand|p2b: Tinkaton\n|-singleturn|p2b: Tinkaton|Helping Hand|[of] p2a: Alcremie\n|move|p1b: Dragapult|Protect|p1b: Dragapult\n|-singleturn|p1b: Dragapult|Protect\n|move|p2b: Tinkaton|Gigaton Hammer|p1a: Venusaur\n|-damage|p1a: Venusaur|0 fnt\n|faint|p1a: Venusaur\n|\n|-heal|p2b: Tinkaton|82/100|[from] item: Leftovers\n|upkeep\n|turn|6\n|-message|bruecke forfeited.\n|\n|win|kirbydirby22\n|raw|bruecke's rating: 1141 &rarr; <strong>1109</strong><br />(-32 for losing)\n|raw|kirbydirby22's rating: 1042 &rarr; <strong>1085</strong><br />(+43 for winning)\n|l|\u2606bruecke\n|player|p1|\n",
  "uploadtime": 1776106551,
  "views": 11,
  "formatid": "gen9championsvgc2026regma",
  "rating": 1085,
  "private": 0,
  "password": null
}