{
  "id": "gen9championsvgc2026regma-2586342882",
  "format": "[Gen 9 Champions] VGC 2026 Reg M-A",
  "players": [
    "benjagg2039",
    "vikkron"
  ],
  "log": "|j|\u2606benjagg2039\n|j|\u2606vikkron\n|t:|1776427113\n|gametype|doubles\n|player|p1|benjagg2039|n|1102\n|player|p2|vikkron|grimsley|1115\n|gen|9\n|tier|[Gen 9 Champions] VGC 2026 Reg M-A\n|rated|\n|rule|Species Clause: Limit one of each Pok\u00e9mon\n|rule|Item Clause: Limit 1 of each item\n|clearpoke\n|poke|p1|Froslass, L50, F|\n|poke|p1|Sneasler, L50, F|\n|poke|p1|Rotom-Wash, L50|\n|poke|p1|Garchomp, L50, F|\n|poke|p1|Sinistcha, L50|\n|poke|p1|Kingambit, L50, M|\n|poke|p2|Gardevoir, L50, F|\n|poke|p2|Talonflame, L50, M|\n|poke|p2|Maushold, L50|\n|poke|p2|Basculegion, L50, M|\n|poke|p2|Kingambit, L50, M|\n|poke|p2|Garchomp, L50, M|\n|teampreview|4\n|inactive|Battle timer is ON: inactive players will automatically lose when time's up. (requested by benjagg2039)\n|inactive|benjagg2039 has 60 seconds left.\n|inactive|vikkron has 60 seconds left.\n|\n|t:|1776427150\n|teamsize|p1|4\n|teamsize|p2|4\n|start\n|switch|p1a: Froslass|Froslass, L50, F|100/100\n|switch|p1b: Sneasler|Sneasler, L50, F|100/100\n|switch|p2a: Maushold|Maushold, L50|100/100\n|switch|p2b: Gardevoir|Gardevoir, L50, F|100/100\n|turn|1\n|inactive|benjagg2039 has 30 seconds left.\n|\n|t:|1776427179\n|detailschange|p1a: Froslass|Froslass-Mega, L50, F\n|-mega|p1a: Froslass|Froslass|Froslassite\n|-weather|Snowscape|[from] ability: Snow Warning|[of] p1a: Froslass\n|detailschange|p2b: Gardevoir|Gardevoir-Mega, L50, F\n|-mega|p2b: Gardevoir|Gardevoir|Gardevoirite\n|move|p2b: Gardevoir|Protect|p2b: Gardevoir\n|-singleturn|p2b: Gardevoir|Protect\n|move|p1b: Sneasler|Fake Out|p2b: Gardevoir\n|-activate|p2b: Gardevoir|move: Protect\n|move|p2a: Maushold|Encore|p1b: Sneasler\n|-start|p1b: Sneasler|Encore\n|move|p1a: Froslass|Aurora Veil|p1a: Froslass\n|-sidestart|p1: benjagg2039|move: Aurora Veil\n|\n|-weather|Snowscape|[upkeep]\n|upkeep\n|turn|2\n|\n|t:|1776427199\n|switch|p1b: Kingambit|Kingambit, L50, M|100/100\n|move|p1a: Froslass|Protect|p1a: Froslass\n|-singleturn|p1a: Froslass|Protect\n|move|p2a: Maushold|Super Fang|p1b: Kingambit\n|-damage|p1b: Kingambit|51/100\n|move|p2b: Gardevoir|Hyper Voice|p1b: Kingambit|[spread] p1b\n|-activate|p1a: Froslass|move: Protect\n|-damage|p1b: Kingambit|18/100\n|\n|-weather|Snowscape|[upkeep]\n|upkeep\n|turn|3\n|\n|t:|1776427223\n|move|p2a: Maushold|Encore|p1a: Froslass\n|-start|p1a: Froslass|Encore\n|move|p1a: Froslass|Protect|p1a: Froslass\n|-singleturn|p1a: Froslass|Protect\n|move|p1b: Kingambit|Iron Head|p2b: Gardevoir\n|-supereffective|p2b: Gardevoir|1\n|-damage|p2b: Gardevoir|10/100\n|move|p2b: Gardevoir|Trick Room|p2b: Gardevoir\n|-fieldstart|move: Trick Room|[of] p2b: Gardevoir\n|\n|-weather|Snowscape|[upkeep]\n|upkeep\n|turn|4\n|inactive|vikkron has 30 seconds left.\n|inactive|benjagg2039 has 30 seconds left.\n|\n|t:|1776427260\n|switch|p1a: Sinistcha|Sinistcha, L50|100/100\n|-heal|p1b: Kingambit|43/100|[from] ability: Hospitality|[of] p1a: Sinistcha\n|move|p1b: Kingambit|Protect|p1b: Kingambit\n|-singleturn|p1b: Kingambit|Protect\n|move|p2a: Maushold|Follow Me|p2a: Maushold\n|-singleturn|p2a: Maushold|move: Follow Me\n|move|p2b: Gardevoir|Hyper Voice|p1b: Kingambit|[spread] p1a\n|-activate|p1b: Kingambit|move: Protect\n|-damage|p1a: Sinistcha|58/100\n|\n|-weather|Snowscape|[upkeep]\n|upkeep\n|turn|5\n|\n|t:|1776427283\n|move|p1a: Sinistcha|Rage Powder|p1a: Sinistcha\n|-singleturn|p1a: Sinistcha|move: Rage Powder\n|move|p2a: Maushold|Follow Me|p2a: Maushold\n|-singleturn|p2a: Maushold|move: Follow Me\n|move|p1b: Kingambit|Iron Head|p2a: Maushold\n|-damage|p2a: Maushold|41/100\n|move|p2b: Gardevoir|Hyper Voice|p1a: Sinistcha|[spread] p1a,p1b\n|-damage|p1a: Sinistcha|17/100\n|-damage|p1b: Kingambit|6/100\n|-enditem|p1a: Sinistcha|Sitrus Berry|[eat]\n|-heal|p1a: Sinistcha|42/100|[from] item: Sitrus Berry\n|\n|-weather|none\n|-sideend|p1: benjagg2039|move: Aurora Veil\n|upkeep\n|turn|6\n|\n|t:|1776427298\n|move|p1a: Sinistcha|Rage Powder|p1a: Sinistcha\n|-singleturn|p1a: Sinistcha|move: Rage Powder\n|move|p2a: Maushold|Follow Me|p2a: Maushold\n|-singleturn|p2a: Maushold|move: Follow Me\n|move|p1b: Kingambit|Iron Head|p2a: Maushold\n|-damage|p2a: Maushold|0 fnt\n|faint|p2a: Maushold\n|move|p2b: Gardevoir|Hyper Voice|p1a: Sinistcha|[spread] p1a,p1b\n|-damage|p1a: Sinistcha|0 fnt\n|-damage|p1b: Kingambit|0 fnt\n|faint|p1a: Sinistcha\n|faint|p1b: Kingambit\n|\n|upkeep\n|\n|t:|1776427312\n|switch|p1b: Froslass|Froslass-Mega, L50, F|100/100\n|switch|p1a: Sneasler|Sneasler, L50, F|100/100\n|switch|p2a: Kingambit|Kingambit, L50, M|100/100\n|-weather|Snowscape|[from] ability: Snow Warning|[of] p1b: Froslass\n|turn|7\n|\n|t:|1776427330\n|move|p2b: Gardevoir|Protect|p2b: Gardevoir\n|-singleturn|p2b: Gardevoir|Protect\n|move|p1a: Sneasler|Fake Out|p2a: Kingambit\n|-resisted|p2a: Kingambit|1\n|-damage|p2a: Kingambit|95/100\n|cant|p2a: Kingambit|flinch\n|move|p1b: Froslass|Blizzard|p2b: Gardevoir|[spread] p2a\n|-activate|p2b: Gardevoir|move: Protect\n|-resisted|p2a: Kingambit|1\n|-damage|p2a: Kingambit|77/100\n|\n|-weather|Snowscape|[upkeep]\n|-fieldend|move: Trick Room\n|upkeep\n|turn|8\n|inactive|vikkron has 30 seconds left.\n|inactive|vikkron has 20 seconds left.\n|\n|t:|1776427367\n|switch|p2b: Talonflame|Talonflame, L50, M|100/100\n|move|p1b: Froslass|Protect|p1b: Froslass\n|-singleturn|p1b: Froslass|Protect\n|move|p1a: Sneasler|Close Combat|p2a: Kingambit\n|-supereffective|p2a: Kingambit|2\n|-enditem|p2a: Kingambit|Chople Berry|[eat]\n|-enditem|p2a: Kingambit|Chople Berry|[weaken]\n|-damage|p2a: Kingambit|0 fnt\n|-unboost|p1a: Sneasler|def|1\n|-unboost|p1a: Sneasler|spd|1\n|faint|p2a: Kingambit\n|-enditem|p1a: Sneasler|White Herb\n|-clearnegativeboost|p1a: Sneasler|[silent]\n|\n|-weather|Snowscape|[upkeep]\n|upkeep\n|\n|t:|1776427379\n|switch|p2a: Gardevoir|Gardevoir-Mega, L50, F|10/100\n|turn|9\n|c|\u2606vikkron|pf wp\n|inactive|vikkron has 30 seconds left.\n|\n|t:|1776427407\n|move|p1a: Sneasler|Protect|p1a: Sneasler\n|-singleturn|p1a: Sneasler|Protect\n|move|p2a: Gardevoir|Protect|p2a: Gardevoir\n|-singleturn|p2a: Gardevoir|Protect\n|move|p2b: Talonflame|Acrobatics|p1a: Sneasler\n|-activate|p1a: Sneasler|move: Protect\n|move|p1b: Froslass|Blizzard|p2b: Talonflame|[spread] p2b\n|-activate|p2a: Gardevoir|move: Protect\n|-damage|p2b: Talonflame|40/100\n|\n|-weather|Snowscape|[upkeep]\n|upkeep\n|turn|10\n|inactive|vikkron has 30 seconds left.\n|inactive|vikkron has 20 seconds left.\n|inactive|vikkron has 15 seconds left.\n|\n|t:|1776427447\n|move|p2b: Talonflame|Protect|p2b: Talonflame\n|-singleturn|p2b: Talonflame|Protect\n|move|p1b: Froslass|Protect|p1b: Froslass\n|-singleturn|p1b: Froslass|Protect\n|move|p1a: Sneasler|Close Combat|p2a: Gardevoir\n|-resisted|p2a: Gardevoir|2\n|-damage|p2a: Gardevoir|0 fnt\n|-unboost|p1a: Sneasler|def|1\n|-unboost|p1a: Sneasler|spd|1\n|faint|p2a: Gardevoir\n|\n|-weather|Snowscape|[upkeep]\n|upkeep\n|turn|11\n|-message|vikkron forfeited.\n|\n|win|benjagg2039\n|raw|benjagg2039's rating: 1102 &rarr; <strong>1128</strong><br />(+26 for winning)\n|raw|vikkron's rating: 1115 &rarr; <strong>1089</strong><br />(-26 for losing)\n|l|\u2606vikkron\n|player|p2|\n",
  "uploadtime": 1776427467,
  "views": 26,
  "formatid": "gen9championsvgc2026regma",
  "rating": 1089,
  "private": 0,
  "password": null
}