{
  "id": "gen9championsvgc2026regma-2586998354",
  "format": "[Gen 9 Champions] VGC 2026 Reg M-A",
  "players": [
    "borbprime",
    "ThatOtherOneWeirdo"
  ],
  "log": "|j|\u2606borbprime\n|j|\u2606ThatOtherOneWeirdo\n|t:|1776479679\n|gametype|doubles\n|player|p1|borbprime|mars|1014\n|player|p2|ThatOtherOneWeirdo|bellelba|1047\n|gen|9\n|tier|[Gen 9 Champions] VGC 2026 Reg M-A\n|rated|\n|rule|Species Clause: Limit one of each Pok\u00e9mon\n|rule|Item Clause: Limit 1 of each item\n|clearpoke\n|poke|p1|Pelipper, L50, M|\n|poke|p1|Basculegion, L50, M|\n|poke|p1|Dragonite, L50, M|\n|poke|p1|Tsareena, L50, F|\n|poke|p1|Archaludon, L50, F|\n|poke|p1|Sneasler, L50, M|\n|poke|p2|Chandelure, L50, M|\n|poke|p2|Whimsicott, L50, M|\n|poke|p2|Incineroar, L50, F|\n|poke|p2|Farigiraf, L50, F|\n|poke|p2|Crabominable, L50, F|\n|poke|p2|Orthworm, L50, F|\n|teampreview|4\nborbprime has agreed to open team sheets.\n|inactive|Battle timer is ON: inactive players will automatically lose when time's up. (requested by borbprime)\n|\n|t:|1776479765\n|teamsize|p1|4\n|teamsize|p2|4\n|start\n|switch|p1a: Pelipper|Pelipper, L50, M|100/100\n|switch|p1b: Tsareena|Tsareena, L50, F|100/100\n|switch|p2a: Farigiraf|Farigiraf, L50, F, shiny|100/100\n|switch|p2b: Orthworm|Orthworm, L50, F, shiny|100/100\n|-weather|RainDance|[from] ability: Drizzle|[of] p1a: Pelipper\n|turn|1\n|inactive|borbprime has 30 seconds left.\n|\n|t:|1776479794\n|move|p1a: Pelipper|Hurricane|p2a: Farigiraf\n|-crit|p2a: Farigiraf\n|-damage|p2a: Farigiraf|52/100\n|move|p1b: Tsareena|Trop Kick|p2a: Farigiraf\n|-damage|p2a: Farigiraf|14/100\n|-unboost|p2a: Farigiraf|atk|1\n|move|p2b: Orthworm|Shed Tail|p2b: Orthworm\n|-start|p2b: Orthworm|Substitute|[from] move: Shed Tail\n|-damage|p2b: Orthworm|50/100\n|\n|t:|1776479803\n|switch|p2b: Crabominable|Crabominable, L50, F, shiny|100/100|[from] Shed Tail\n|move|p2a: Farigiraf|Trick Room|p2a: Farigiraf\n|-fieldstart|move: Trick Room|[of] p2a: Farigiraf\n|\n|-weather|RainDance|[upkeep]\n|upkeep\n|turn|2\n|inactive|borbprime has 30 seconds left.\n|\n|t:|1776479828\n|detailschange|p2b: Crabominable|Crabominable-Mega, L50, F, shiny\n|-mega|p2b: Crabominable|Crabominable|Crabominite\n|move|p2b: Crabominable|Thunder Punch|p1a: Pelipper\n|-supereffective|p1a: Pelipper|2\n|-enditem|p1a: Pelipper|Wacan Berry|[eat]\n|-enditem|p1a: Pelipper|Wacan Berry|[weaken]\n|-damage|p1a: Pelipper|17/100\n|move|p2a: Farigiraf|Hyper Voice|p1a: Pelipper|[spread] p1a,p1b\n|-damage|p1a: Pelipper|0 fnt\n|-damage|p1b: Tsareena|72/100\n|faint|p1a: Pelipper\n|move|p1b: Tsareena|U-turn|p2a: Farigiraf\n|-supereffective|p2a: Farigiraf|1\n|-damage|p2a: Farigiraf|0 fnt\n|faint|p2a: Farigiraf\n|\n|t:|1776479840\n|switch|p1b: Dragonite|Dragonite, L50, M|100/100|[from] U-turn\n|\n|-weather|RainDance|[upkeep]\n|upkeep\n|\n|t:|1776479854\n|switch|p2a: Orthworm|Orthworm, L50, F, shiny|50/100\n|switch|p1a: Archaludon|Archaludon, L50, F|100/100\n|turn|3\n|inactive|ThatOtherOneWeirdo has 30 seconds left.\n|\n|t:|1776479889\n|detailschange|p1b: Dragonite|Dragonite-Mega, L50, M\n|-mega|p1b: Dragonite|Dragonite|Dragoninite\n|move|p2b: Crabominable|Ice Hammer|p1b: Dragonite\n|-supereffective|p1b: Dragonite|2\n|-damage|p1b: Dragonite|0 fnt\n|-unboost|p2b: Crabominable|spe|1\n|faint|p1b: Dragonite\n|move|p2a: Orthworm|Body Press|p1a: Archaludon\n|-supereffective|p1a: Archaludon|1\n|-damage|p1a: Archaludon|63/100\n|-ability|p1a: Archaludon|Stamina|boost\n|-boost|p1a: Archaludon|def|1\n|move|p1a: Archaludon|Electro Shot||[still]\n|-prepare|p1a: Archaludon|Electro Shot\n|-boost|p1a: Archaludon|spa|1\n|-anim|p1a: Archaludon|Electro Shot|p2b: Crabominable\n|-end|p2b: Crabominable|Substitute\n|\n|-weather|RainDance|[upkeep]\n|-heal|p2a: Orthworm|56/100|[from] item: Leftovers\n|upkeep\n|inactive|borbprime has 30 seconds left.\n|\n|t:|1776479917\n|switch|p1b: Tsareena|Tsareena, L50, F|72/100\n|turn|4\n|\n|t:|1776479936\n|move|p1b: Tsareena|Protect|p1b: Tsareena\n|-singleturn|p1b: Tsareena|Protect\n|move|p2b: Crabominable|Drain Punch|p1a: Archaludon\n|-supereffective|p1a: Archaludon|1\n|-damage|p1a: Archaludon|2/100\n|-ability|p1a: Archaludon|Stamina|boost\n|-boost|p1a: Archaludon|def|1\n|-enditem|p1a: Archaludon|Sitrus Berry|[eat]\n|-heal|p1a: Archaludon|27/100|[from] item: Sitrus Berry\n|move|p2a: Orthworm|Heavy Slam|p1b: Tsareena\n|-activate|p1b: Tsareena|move: Protect\n|move|p1a: Archaludon|Flash Cannon|p2b: Crabominable\n|-supereffective|p2b: Crabominable|1\n|-damage|p2b: Crabominable|0 fnt\n|faint|p2b: Crabominable\n|\n|-weather|RainDance|[upkeep]\n|-heal|p2a: Orthworm|63/100|[from] item: Leftovers\n|-heal|p1b: Tsareena|78/100|[from] item: Leftovers\n|upkeep\n|\n|t:|1776479952\n|switch|p2b: Whimsicott|Whimsicott, L50, M, shiny|100/100\n|turn|5\n|\n|t:|1776479971\n|move|p2b: Whimsicott|Sunny Day|p2b: Whimsicott\n|-weather|SunnyDay\n|move|p2a: Orthworm|Body Press|p1a: Archaludon\n|-supereffective|p1a: Archaludon|1\n|-crit|p1a: Archaludon\n|-damage|p1a: Archaludon|0 fnt\n|faint|p1a: Archaludon\n|move|p1b: Tsareena|Triple Axel|p2b: Whimsicott\n|-supereffective|p2b: Whimsicott|1\n|-crit|p2b: Whimsicott\n|-damage|p2b: Whimsicott|71/100\n|-supereffective|p2b: Whimsicott|1\n|-damage|p2b: Whimsicott|31/100\n|-supereffective|p2b: Whimsicott|1\n|-damage|p2b: Whimsicott|0 fnt\n|faint|p2b: Whimsicott\n|-hitcount|p2: Whimsicott|3\n|\n|-weather|SunnyDay|[upkeep]\n|-heal|p2a: Orthworm|69/100|[from] item: Leftovers\n|-heal|p1b: Tsareena|84/100|[from] item: Leftovers\n|-fieldend|move: Trick Room\n|upkeep\n|turn|6\n|\n|t:|1776479990\n|move|p1b: Tsareena|Protect|p1b: Tsareena\n|-singleturn|p1b: Tsareena|Protect\n|move|p2a: Orthworm|Heavy Slam|p1b: Tsareena\n|-activate|p1b: Tsareena|move: Protect\n|\n|-weather|SunnyDay|[upkeep]\n|-heal|p1b: Tsareena|90/100|[from] item: Leftovers\n|-heal|p2a: Orthworm|75/100|[from] item: Leftovers\n|upkeep\n|turn|7\n|\n|t:|1776479999\n|move|p1b: Tsareena|Trop Kick|p2a: Orthworm\n|-resisted|p2a: Orthworm|1\n|-crit|p2a: Orthworm\n|-damage|p2a: Orthworm|45/100\n|-unboost|p2a: Orthworm|atk|1\n|move|p2a: Orthworm|Heavy Slam|p1b: Tsareena\n|-damage|p1b: Tsareena|58/100\n|\n|-weather|SunnyDay|[upkeep]\n|-heal|p1b: Tsareena|64/100|[from] item: Leftovers\n|-heal|p2a: Orthworm|52/100|[from] item: Leftovers\n|upkeep\n|turn|8\n|\n|t:|1776480018\n|move|p2a: Orthworm|Protect|p2a: Orthworm\n|-singleturn|p2a: Orthworm|Protect\n|move|p1b: Tsareena|Trop Kick|p2a: Orthworm\n|-activate|p2a: Orthworm|move: Protect\n|\n|-weather|SunnyDay|[upkeep]\n|-heal|p1b: Tsareena|70/100|[from] item: Leftovers\n|-heal|p2a: Orthworm|58/100|[from] item: Leftovers\n|upkeep\n|turn|9\n|\n|t:|1776480027\n|move|p1b: Tsareena|Trop Kick|p2a: Orthworm\n|-resisted|p2a: Orthworm|1\n|-damage|p2a: Orthworm|39/100\n|-unboost|p2a: Orthworm|atk|1\n|move|p2a: Orthworm|Body Press|p1b: Tsareena\n|-damage|p1b: Tsareena|43/100\n|\n|-weather|none\n|-heal|p1b: Tsareena|49/100|[from] item: Leftovers\n|-heal|p2a: Orthworm|45/100|[from] item: Leftovers\n|upkeep\n|turn|10\n|\n|t:|1776480039\n|move|p1b: Tsareena|Protect|p1b: Tsareena\n|-singleturn|p1b: Tsareena|Protect\n|move|p2a: Orthworm|Protect||[still]\n|-fail|p2a: Orthworm\n|\n|-heal|p1b: Tsareena|55/100|[from] item: Leftovers\n|-heal|p2a: Orthworm|52/100|[from] item: Leftovers\n|upkeep\n|turn|11\n|\n|t:|1776480046\n|move|p1b: Tsareena|Trop Kick|p2a: Orthworm\n|-resisted|p2a: Orthworm|1\n|-damage|p2a: Orthworm|32/100\n|-unboost|p2a: Orthworm|atk|1\n|move|p2a: Orthworm|Body Press|p1b: Tsareena\n|-damage|p1b: Tsareena|27/100\n|\n|-heal|p1b: Tsareena|33/100|[from] item: Leftovers\n|-heal|p2a: Orthworm|38/100|[from] item: Leftovers\n|upkeep\n|turn|12\n|\n|t:|1776480056\n|move|p1b: Tsareena|Protect|p1b: Tsareena\n|-singleturn|p1b: Tsareena|Protect\n|move|p2a: Orthworm|Protect||[still]\n|-fail|p2a: Orthworm\n|\n|-heal|p1b: Tsareena|39/100|[from] item: Leftovers\n|-heal|p2a: Orthworm|45/100|[from] item: Leftovers\n|upkeep\n|turn|13\n|inactive|borbprime has 30 seconds left.\n|\n|t:|1776480084\n|move|p1b: Tsareena|Triple Axel|p2a: Orthworm\n|-resisted|p2a: Orthworm|1\n|-damage|p2a: Orthworm|41/100\n|-resisted|p2a: Orthworm|1\n|-damage|p2a: Orthworm|35/100\n|-resisted|p2a: Orthworm|1\n|-damage|p2a: Orthworm|27/100\n|-hitcount|p2a: Orthworm|3\n|move|p2a: Orthworm|Body Press|p1b: Tsareena\n|-damage|p1b: Tsareena|12/100\n|\n|-heal|p1b: Tsareena|18/100|[from] item: Leftovers\n|-heal|p2a: Orthworm|33/100|[from] item: Leftovers\n|upkeep\n|turn|14\n|\n|t:|1776480098\n|move|p1b: Tsareena|Protect|p1b: Tsareena\n|-singleturn|p1b: Tsareena|Protect\n|move|p2a: Orthworm|Protect||[still]\n|-fail|p2a: Orthworm\n|\n|-heal|p1b: Tsareena|25/100|[from] item: Leftovers\n|-heal|p2a: Orthworm|39/100|[from] item: Leftovers\n|upkeep\n|turn|15\n|\n|t:|1776480105\n|move|p1b: Tsareena|Trop Kick|p2a: Orthworm\n|-resisted|p2a: Orthworm|1\n|-damage|p2a: Orthworm|20/100\n|-unboost|p2a: Orthworm|atk|1\n|move|p2a: Orthworm|Body Press|p1b: Tsareena\n|-damage|p1b: Tsareena|0 fnt\n|faint|p1b: Tsareena\n|\n|win|ThatOtherOneWeirdo\n|raw|borbprime's rating: 1014 &rarr; <strong>1003</strong><br />(-11 for losing)\n|raw|ThatOtherOneWeirdo's rating: 1047 &rarr; <strong>1077</strong><br />(+30 for winning)\n|c|\u2606ThatOtherOneWeirdo|ggs\n|l|\u2606borbprime\n|player|p1|\n",
  "uploadtime": 1776480185,
  "views": 17,
  "formatid": "gen9championsvgc2026regma",
  "rating": 1003,
  "private": 0,
  "password": null
}