{
  "id": "gen9championsvgc2026regma-2586214335",
  "format": "[Gen 9 Champions] VGC 2026 Reg M-A",
  "players": [
    "Pokeventurer",
    "FarigiBoy"
  ],
  "log": "|j|\u2606Pokeventurer\n|j|\u2606FarigiBoy\n|t:|1776413263\n|gametype|doubles\n|player|p1|Pokeventurer|170|1526\n|player|p2|FarigiBoy|giovanni|1467\n|gen|9\n|tier|[Gen 9 Champions] VGC 2026 Reg M-A\n|rated|\n|rule|Species Clause: Limit one of each Pok\u00e9mon\n|rule|Item Clause: Limit 1 of each item\n|clearpoke\n|poke|p1|Talonflame, L50, M|\n|poke|p1|Kingambit, L50, M|\n|poke|p1|Garchomp, L50, M|\n|poke|p1|Basculegion, L50, M|\n|poke|p1|Floette-Eternal, L50, F|\n|poke|p1|Pelipper, L50, M|\n|poke|p2|Delphox, L50, M|\n|poke|p2|Froslass, L50, F|\n|poke|p2|Primarina, L50, M|\n|poke|p2|Kingambit, L50, F|\n|poke|p2|Sneasler, L50, M|\n|poke|p2|Incineroar, L50, M|\n|teampreview|4\n|inactive|Battle timer is ON: inactive players will automatically lose when time's up. (requested by Pokeventurer)\n|\n|t:|1776413283\n|teamsize|p1|4\n|teamsize|p2|4\n|start\n|switch|p1a: Floette|Floette-Eternal, L50, F|100/100\n|switch|p1b: Talonflame|Talonflame, L50, M|100/100\n|switch|p2a: Froslass|Froslass, L50, F|100/100\n|switch|p2b: Sneasler|Sneasler, L50, M|100/100\n|turn|1\n|\n|t:|1776413297\n|detailschange|p2a: Froslass|Froslass-Mega, L50, F\n|-mega|p2a: Froslass|Froslass|Froslassite\n|-weather|Snowscape|[from] ability: Snow Warning|[of] p2a: Froslass\n|detailschange|p1a: Floette|Floette-Mega, L50, F\n|-mega|p1a: Floette|Floette|Floettite\n|-ability|p1a: Floette|Fairy Aura\n|move|p1b: Talonflame|Upper Hand|p2b: Sneasler\n|-resisted|p2b: Sneasler|1\n|-damage|p2b: Sneasler|86/100\n|cant|p2b: Sneasler|flinch\n|move|p2a: Froslass|Blizzard|p1b: Talonflame|[spread] p1a,p1b\n|-damage|p1a: Floette|68/100\n|-damage|p1b: Talonflame|33/100\n|move|p1a: Floette|Dazzling Gleam|p2b: Sneasler|[spread] p2a,p2b\n|-damage|p2a: Froslass|39/100\n|-damage|p2b: Sneasler|27/100\n|\n|-weather|Snowscape|[upkeep]\n|upkeep\n|turn|2\n|\n|t:|1776413319\n|move|p1b: Talonflame|Tailwind|p1b: Talonflame\n|-sidestart|p1: Pokeventurer|move: Tailwind\n|move|p1a: Floette|Dazzling Gleam|p2a: Froslass|[spread] p2a,p2b\n|-damage|p2a: Froslass|0 fnt\n|-damage|p2b: Sneasler|0 fnt\n|faint|p2a: Froslass\n|faint|p2b: Sneasler\n|\n|-weather|Snowscape|[upkeep]\n|upkeep\n|\n|t:|1776413322\n|switch|p2a: Primarina|Primarina, L50, M|100/100\n|switch|p2b: Kingambit|Kingambit, L50, F|100/100\n|turn|3\n|j| Glaceon0404\n|\n|t:|1776413333\n|move|p2b: Kingambit|Protect|p2b: Kingambit\n|-singleturn|p2b: Kingambit|Protect\n|move|p1b: Talonflame|Upper Hand||[still]\n|-fail|p1b: Talonflame\n|move|p1a: Floette|Dazzling Gleam|p2a: Primarina|[spread] p2a\n|-activate|p2b: Kingambit|move: Protect\n|-damage|p2a: Primarina|55/100\n|move|p2a: Primarina|Hyper Voice|p1a: Floette|[spread] p1a,p1b\n|-supereffective|p1b: Talonflame|1\n|-damage|p1a: Floette|41/100\n|-damage|p1b: Talonflame|0 fnt\n|faint|p1b: Talonflame\n|\n|-weather|Snowscape|[upkeep]\n|-heal|p2a: Primarina|61/100|[from] item: Leftovers\n|upkeep\n|\n|t:|1776413339\n|switch|p1b: Garchomp|Garchomp, L50, M|100/100\n|turn|4\n|l| Glaceon0404\n|\n|t:|1776413350\n|move|p1a: Floette|Protect|p1a: Floette\n|-singleturn|p1a: Floette|Protect\n|move|p1b: Garchomp|Earthquake|p2b: Kingambit|[spread] p2a,p2b\n|-activate|p1a: Floette|move: Protect\n|-supereffective|p2b: Kingambit|1\n|-damage|p2a: Primarina|14/100\n|-damage|p2b: Kingambit|36/100\n|move|p2a: Primarina|Moonblast|p1b: Garchomp\n|-supereffective|p1b: Garchomp|1\n|-damage|p1b: Garchomp|0 fnt\n|faint|p1b: Garchomp\n|move|p2b: Kingambit|Iron Head|p1a: Floette\n|-activate|p1a: Floette|move: Protect\n|\n|-weather|Snowscape|[upkeep]\n|-heal|p2a: Primarina|20/100|[from] item: Leftovers\n|upkeep\n|\n|t:|1776413359\n|switch|p1b: Basculegion|Basculegion, L50, M|100/100\n|turn|5\n|\n|t:|1776413366\n|move|p2a: Primarina|Protect|p2a: Primarina\n|-singleturn|p2a: Primarina|Protect\n|move|p1b: Basculegion|Aqua Jet|p2a: Primarina\n|-activate|p2a: Primarina|move: Protect\n|move|p2b: Kingambit|Sucker Punch||[still]\n|-fail|p2b: Kingambit\n|move|p1a: Floette|Moonblast|p2b: Kingambit\n|-damage|p2b: Kingambit|0 fnt\n|faint|p2b: Kingambit\n|\n|-weather|none\n|-heal|p2a: Primarina|26/100|[from] item: Leftovers\n|-sideend|p1: Pokeventurer|move: Tailwind\n|upkeep\n|turn|6\n|-message|FarigiBoy forfeited.\n|\n|win|Pokeventurer\n|raw|Pokeventurer's rating: 1526 &rarr; <strong>1543</strong><br />(+17 for winning)\n|raw|FarigiBoy's rating: 1467 &rarr; <strong>1450</strong><br />(-17 for losing)\n|l|\u2606FarigiBoy\n|player|p2|\n",
  "uploadtime": 1776413373,
  "views": 48,
  "formatid": "gen9championsvgc2026regma",
  "rating": 1450,
  "private": 0,
  "password": null
}