{
  "id": "gen9championsvgc2026regma-2583731522",
  "format": "[Gen 9 Champions] VGC 2026 Reg M-A",
  "players": [
    "ODK2",
    "Mask4M"
  ],
  "log": "|j|\u203dODK2\n|j|\u2606Mask4M\n|t:|1776193871\n|gametype|doubles\n|player|p1|ODK2|jasmine-gen2|1106\n|player|p2|Mask4M|101|1115\n|gen|9\n|tier|[Gen 9 Champions] VGC 2026 Reg M-A\n|rated|\n|rule|Species Clause: Limit one of each Pok\u00e9mon\n|rule|Item Clause: Limit 1 of each item\n|clearpoke\n|poke|p1|Lopunny, L50, M|\n|poke|p1|Hydrapple, L50, M|\n|poke|p1|Volcarona, L50, M|\n|poke|p1|Gyarados, L50, M|\n|poke|p1|Corviknight, L50, F|\n|poke|p1|Floette-Eternal, L50, F|\n|poke|p2|Glimmora, L50, M|\n|poke|p2|Dragonite, L50, F|\n|poke|p2|Sneasler, L50, M|\n|poke|p2|Incineroar, L50, M|\n|poke|p2|Whimsicott, L50, F|\n|poke|p2|Rotom-Wash, L50|\n|teampreview|4\n|inactive|Battle timer is ON: inactive players will automatically lose when time's up. (requested by Mask4M)\nMask4M has agreed to open team sheets.\n|inactive|ODK2 has 60 seconds left.\n|inactive|Mask4M has 60 seconds left.\n|inactive|ODK2 has 30 seconds left.\n|inactive|Mask4M has 30 seconds left.\n|inactive|ODK2 has 20 seconds left.\n|inactive|Mask4M has 20 seconds left.\n|inactive|ODK2 has 15 seconds left.\n|\n|t:|1776193948\n|teamsize|p1|4\n|teamsize|p2|4\n|start\n|switch|p1a: Gyarados|Gyarados, L50, M|100/100\n|switch|p1b: Volcarona|Volcarona, L50, M|100/100\n|switch|p2a: Glimmora|Glimmora, L50, M|100/100\n|switch|p2b: Incineroar|Incineroar, L50, M|100/100\n|-ability|p1a: Gyarados|Intimidate|boost\n|-unboost|p2a: Glimmora|atk|1\n|-unboost|p2b: Incineroar|atk|1\n|-ability|p2b: Incineroar|Intimidate|boost\n|-unboost|p1a: Gyarados|atk|1\n|-unboost|p1b: Volcarona|atk|1\n|turn|1\n|inactive|ODK2 has 30 seconds left.\n|inactive|Mask4M has 30 seconds left.\n|inactive|Mask4M has 20 seconds left.\n|\n|t:|1776193984\n|move|p2a: Glimmora|Spiky Shield|p2a: Glimmora\n|-singleturn|p2a: Glimmora|move: Protect\n|move|p2b: Incineroar|Fake Out|p1b: Volcarona\n|-damage|p1b: Volcarona|93/100\n|-immune|p2b: Incineroar\n|cant|p1b: Volcarona|flinch\n|move|p1a: Gyarados|Icy Wind|p2a: Glimmora|[spread] p2b\n|-activate|p2a: Glimmora|move: Protect\n|-resisted|p2b: Incineroar|1\n|-damage|p2b: Incineroar|96/100\n|-unboost|p2b: Incineroar|spe|1\n|\n|upkeep\n|turn|2\n|inactive|ODK2 has 30 seconds left.\n|inactive|ODK2 has 20 seconds left.\n|\n|t:|1776194023\n|detailschange|p2a: Glimmora|Glimmora-Mega, L50, M\n|-mega|p2a: Glimmora|Glimmora|Glimmoranite\n|move|p2a: Glimmora|Power Gem|p1b: Volcarona\n|-supereffective|p1b: Volcarona|2\n|-damage|p1b: Volcarona|0 fnt\n|faint|p1b: Volcarona\n|move|p1a: Gyarados|Icy Wind|p2a: Glimmora|[spread] p2a,p2b\n|-resisted|p2b: Incineroar|1\n|-damage|p2a: Glimmora|90/100\n|-damage|p2b: Incineroar|92/100\n|-unboost|p2a: Glimmora|spe|1\n|-unboost|p2b: Incineroar|spe|1\n|move|p2b: Incineroar|Parting Shot|p1a: Gyarados\n|-unboost|p1a: Gyarados|atk|1\n|-unboost|p1a: Gyarados|spa|1\n|\n|t:|1776194035\n|switch|p2b: Sneasler|Sneasler, L50, M|100/100|[from] Parting Shot\n|\n|upkeep\n|\n|t:|1776194045\n|switch|p1b: Hydrapple|Hydrapple, L50, M|100/100\n|-ability|p1b: Hydrapple|Supersweet Syrup\n|-unboost|p2a: Glimmora|evasion|1\n|-unboost|p2b: Sneasler|evasion|1\n|-enditem|p2b: Sneasler|White Herb\n|-clearnegativeboost|p2b: Sneasler|[silent]\n|turn|3\n|\n|t:|1776194069\n|switch|p2a: Incineroar|Incineroar, L50, M|92/100\n|-ability|p2a: Incineroar|Intimidate|boost\n|-unboost|p1a: Gyarados|atk|1\n|-unboost|p1b: Hydrapple|atk|1\n|move|p1b: Hydrapple|Protect|p1b: Hydrapple\n|-singleturn|p1b: Hydrapple|Protect\n|move|p2b: Sneasler|Dire Claw|p1b: Hydrapple\n|-activate|p1b: Hydrapple|move: Protect\n|move|p1a: Gyarados|Hydro Pump|p2a: Incineroar\n|-supereffective|p2a: Incineroar|1\n|-damage|p2a: Incineroar|44/100\n|-enditem|p2a: Incineroar|Sitrus Berry|[eat]\n|-heal|p2a: Incineroar|69/100|[from] item: Sitrus Berry\n|\n|upkeep\n|turn|4\n|inactive|Mask4M has 30 seconds left.\n|\n|t:|1776194097\n|move|p2a: Incineroar|Fake Out|p1a: Gyarados\n|-damage|p1a: Gyarados|89/100\n|move|p2b: Sneasler|Dire Claw|p1b: Hydrapple\n|-supereffective|p1b: Hydrapple|1\n|-damage|p1b: Hydrapple|32/100\n|-enditem|p1b: Hydrapple|Sitrus Berry|[eat]\n|-heal|p1b: Hydrapple|57/100|[from] item: Sitrus Berry\n|cant|p1a: Gyarados|flinch\n|move|p1b: Hydrapple|Fickle Beam|p2b: Sneasler\n|-damage|p2b: Sneasler|56/100\n|\n|upkeep\n|turn|5\n|\n|t:|1776194121\n|switch|p2a: Dragonite|Dragonite, L50, F|100/100\n|move|p1b: Hydrapple|Protect|p1b: Hydrapple\n|-singleturn|p1b: Hydrapple|Protect\n|move|p2b: Sneasler|Dire Claw|p1b: Hydrapple\n|-activate|p1b: Hydrapple|move: Protect\n|move|p1a: Gyarados|Icy Wind|p2b: Sneasler|[spread] p2a,p2b\n|-supereffective|p2a: Dragonite|2\n|-damage|p2a: Dragonite|76/100\n|-damage|p2b: Sneasler|48/100\n|-unboost|p2a: Dragonite|spe|1\n|-unboost|p2b: Sneasler|spe|1\n|\n|upkeep\n|turn|6\n|\n|t:|1776194144\n|switch|p2b: Incineroar|Incineroar, L50, M|69/100\n|-ability|p2b: Incineroar|Intimidate|boost\n|-unboost|p1a: Gyarados|atk|1\n|-unboost|p1b: Hydrapple|atk|1\n|move|p2a: Dragonite|Protect|p2a: Dragonite\n|-singleturn|p2a: Dragonite|Protect\n|move|p1a: Gyarados|Icy Wind|p2b: Incineroar|[spread] \n|-activate|p2a: Dragonite|move: Protect\n|-miss|p1a: Gyarados|p2b: Incineroar\n|move|p1b: Hydrapple|Fickle Beam|p2b: Incineroar\n|-damage|p2b: Incineroar|38/100\n|\n|upkeep\n|turn|7\n|inactive|ODK2 has 30 seconds left.\n|inactive|Mask4M has 30 seconds left.\n|\n|t:|1776194174\n|move|p1a: Gyarados|Protect|p1a: Gyarados\n|-singleturn|p1a: Gyarados|Protect\n|move|p2b: Incineroar|Fake Out|p1b: Hydrapple\n|-damage|p1b: Hydrapple|49/100\n|move|p2a: Dragonite|Ice Spinner|p1a: Gyarados\n|-activate|p1a: Gyarados|move: Protect\n|cant|p1b: Hydrapple|flinch\n|\n|upkeep\n|turn|8\n|\n|t:|1776194195\n|move|p1b: Hydrapple|Protect|p1b: Hydrapple\n|-singleturn|p1b: Hydrapple|Protect\n|move|p1a: Gyarados|Icy Wind|p2a: Dragonite|[spread] p2a,p2b\n|-supereffective|p2a: Dragonite|2\n|-resisted|p2b: Incineroar|1\n|-damage|p2a: Dragonite|54/100\n|-damage|p2b: Incineroar|35/100\n|-unboost|p2a: Dragonite|spe|1\n|-unboost|p2b: Incineroar|spe|1\n|move|p2b: Incineroar|Parting Shot|p1a: Gyarados\n|-unboost|p1a: Gyarados|atk|1\n|-unboost|p1a: Gyarados|spa|1\n|\n|t:|1776194206\n|switch|p2b: Glimmora|Glimmora-Mega, L50, M|90/100|[from] Parting Shot\n|move|p2a: Dragonite|Ice Spinner|p1b: Hydrapple\n|-activate|p1b: Hydrapple|move: Protect\n|\n|upkeep\n|turn|9\n|inactive|Mask4M has 30 seconds left.\n|\n|t:|1776194233\n|switch|p1b: Lopunny|Lopunny, L50, M|100/100\n|switch|p2a: Sneasler|Sneasler, L50, M|48/100\n|move|p2b: Glimmora|Power Gem|p1a: Gyarados\n|-supereffective|p1a: Gyarados|1\n|-enditem|p1a: Gyarados|Charti Berry|[eat]\n|-enditem|p1a: Gyarados|Charti Berry|[weaken]\n|-damage|p1a: Gyarados|38/100\n|move|p1a: Gyarados|Icy Wind|p2b: Glimmora|[spread] p2a,p2b\n|-damage|p2a: Sneasler|42/100\n|-damage|p2b: Glimmora|85/100\n|-unboost|p2a: Sneasler|spe|1\n|-unboost|p2b: Glimmora|spe|1\n|\n|upkeep\n|turn|10\n|inactive|ODK2 has 30 seconds left.\n|inactive|Mask4M has 30 seconds left.\n|inactive|Mask4M has 20 seconds left.\n|\n|t:|1776194271\n|switch|p2b: Incineroar|Incineroar, L50, M|35/100\n|-ability|p2b: Incineroar|Intimidate|boost\n|-unboost|p1a: Gyarados|atk|1\n|-unboost|p1b: Lopunny|atk|1\n|switch|p1a: Hydrapple|Hydrapple, L50, M|49/100\n|detailschange|p1b: Lopunny|Lopunny-Mega, L50, M\n|-mega|p1b: Lopunny|Lopunny|Lopunnite\n|move|p1b: Lopunny|Protect|p1b: Lopunny\n|-singleturn|p1b: Lopunny|Protect\n|move|p2a: Sneasler|Protect||[still]\n|-fail|p2a: Sneasler\n|\n|upkeep\n|turn|11\n|inactive|ODK2 has 30 seconds left.\n|inactive|Mask4M has 30 seconds left.\n|inactive|ODK2 has 20 seconds left.\n|inactive|Mask4M has 20 seconds left.\n|\n|t:|1776194309\n|switch|p1b: Gyarados|Gyarados, L50, M|38/100\n|-ability|p1b: Gyarados|Intimidate|boost\n|-unboost|p2a: Sneasler|atk|1\n|-unboost|p2b: Incineroar|atk|1\n|switch|p2a: Glimmora|Glimmora-Mega, L50, M|85/100\n|move|p2b: Incineroar|Fake Out|p1b: Gyarados\n|-damage|p1b: Gyarados|31/100\n|move|p1a: Hydrapple|Fickle Beam|p2a: Glimmora\n|-damage|p2a: Glimmora|49/100\n|\n|upkeep\n|turn|12\n|inactive|ODK2 has 30 seconds left.\n|\n|t:|1776194339\n|move|p1b: Gyarados|Protect|p1b: Gyarados\n|-singleturn|p1b: Gyarados|Protect\n|move|p2a: Glimmora|Power Gem|p1b: Gyarados\n|-activate|p1b: Gyarados|move: Protect\n|move|p2b: Incineroar|Flare Blitz|p1a: Hydrapple\n|-damage|p1a: Hydrapple|28/100\n|-damage|p2b: Incineroar|27/100|[from] Recoil\n|move|p1a: Hydrapple|Giga Drain|p2a: Glimmora\n|-damage|p2a: Glimmora|15/100\n|-heal|p1a: Hydrapple|40/100|[from] drain|[of] p2a: Glimmora\n|\n|upkeep\n|turn|13\n|inactive|ODK2 has 30 seconds left.\n|\n|t:|1776194366\n|switch|p1b: Lopunny|Lopunny-Mega, L50, M|100/100\n|move|p1a: Hydrapple|Protect|p1a: Hydrapple\n|-singleturn|p1a: Hydrapple|Protect\n|move|p2a: Glimmora|Power Gem|p1b: Lopunny\n|-resisted|p1b: Lopunny|1\n|-damage|p1b: Lopunny|65/100\n|move|p2b: Incineroar|Parting Shot|p1a: Hydrapple\n|-activate|p1a: Hydrapple|move: Protect\n|\n|upkeep\n|turn|14\n|inactive|Mask4M has 30 seconds left.\n|\n|t:|1776194394\n|switch|p2b: Sneasler|Sneasler, L50, M|42/100\n|move|p2a: Glimmora|Spiky Shield|p2a: Glimmora\n|-singleturn|p2a: Glimmora|move: Protect\n|move|p1b: Lopunny|Drain Punch|p2a: Glimmora\n|-activate|p2a: Glimmora|move: Protect\n|-damage|p1b: Lopunny|53/100|[from] Spiky Shield|[of] p2a: Glimmora\n|move|p1a: Hydrapple|Fickle Beam|p2b: Sneasler\n|-damage|p2b: Sneasler|0 fnt\n|faint|p2b: Sneasler\n|\n|upkeep\n|\n|t:|1776194412\n|switch|p2b: Dragonite|Dragonite, L50, F|54/100\n|turn|15\n|\n|t:|1776194430\n|switch|p1a: Gyarados|Gyarados, L50, M|31/100\n|-ability|p1a: Gyarados|Intimidate|boost\n|-unboost|p2a: Glimmora|atk|1\n|-fail|p2b: Dragonite|unboost|Attack|[from] ability: Inner Focus|[of] p2b: Dragonite\n|move|p2b: Dragonite|Extreme Speed|p1b: Lopunny\n|-damage|p1b: Lopunny|16/100\n|move|p1b: Lopunny|Drain Punch|p2a: Glimmora\n|-damage|p2a: Glimmora|0 fnt\n|-heal|p1b: Lopunny|24/100|[from] drain|[of] p2a: Glimmora\n|faint|p2a: Glimmora\n|\n|upkeep\n|inactive|Mask4M has 30 seconds left.\n|\n|t:|1776194443\n|switch|p2a: Incineroar|Incineroar, L50, M|27/100\n|-ability|p2a: Incineroar|Intimidate|boost\n|-unboost|p1a: Gyarados|atk|1\n|-fail|p1b: Lopunny|unboost|Attack|[from] ability: Scrappy|[of] p1b: Lopunny\n|turn|16\n|inactive|Mask4M has 25 seconds left this turn.\n|inactive|Mask4M has 20 seconds left.\n|inactive|Mask4M has 15 seconds left.\n|inactive|Mask4M has 10 seconds left.\n|inactive|Mask4M has 5 seconds left.\n|\n|t:|1776194465\n|switch|p1a: Hydrapple|Hydrapple, L50, M|40/100\n|move|p1b: Lopunny|Protect|p1b: Lopunny\n|-singleturn|p1b: Lopunny|Protect\n|move|p2a: Incineroar|Fake Out|p1a: Hydrapple\n|-damage|p1a: Hydrapple|33/100\n|move|p2b: Dragonite|Extreme Speed|p1b: Lopunny\n|-activate|p1b: Lopunny|move: Protect\n|\n|upkeep\n|turn|17\n|inactive|Mask4M has 5 seconds left this turn.\n|\n|t:|1776194489\n|switch|p1b: Gyarados|Gyarados, L50, M|31/100\n|-ability|p1b: Gyarados|Intimidate|boost\n|-unboost|p2a: Incineroar|atk|1\n|-fail|p2b: Dragonite|unboost|Attack|[from] ability: Inner Focus|[of] p2b: Dragonite\n|move|p2b: Dragonite|Ice Spinner|p1b: Gyarados\n|-damage|p1b: Gyarados|0 fnt\n|faint|p1b: Gyarados\n|move|p2a: Incineroar|Flare Blitz|p1a: Hydrapple\n|-damage|p1a: Hydrapple|12/100\n|-damage|p2a: Incineroar|20/100|[from] Recoil\n|move|p1a: Hydrapple|Fickle Beam|p2b: Dragonite\n|-supereffective|p2b: Dragonite|1\n|-enditem|p2b: Dragonite|Haban Berry|[eat]\n|-enditem|p2b: Dragonite|Haban Berry|[weaken]\n|-damage|p2b: Dragonite|25/100\n|\n|upkeep\n|\n|t:|1776194503\n|switch|p1b: Lopunny|Lopunny-Mega, L50, M|24/100\n|turn|18\n|inactive|Mask4M has 5 seconds left this turn.\n|inactive|ODK2 has 30 seconds left.\n|\n|t:|1776194531\n|move|p1b: Lopunny|Protect|p1b: Lopunny\n|-singleturn|p1b: Lopunny|Protect\n|move|p1a: Hydrapple|Protect|p1a: Hydrapple\n|-singleturn|p1a: Hydrapple|Protect\n|move|p2b: Dragonite|Extreme Speed|p1b: Lopunny\n|-activate|p1b: Lopunny|move: Protect\n|move|p2a: Incineroar|Throat Chop|p1a: Hydrapple\n|-activate|p1a: Hydrapple|move: Protect\n|\n|upkeep\n|turn|19\n|inactive|ODK2 has 25 seconds left this turn.\n|inactive|Mask4M has 5 seconds left this turn.\n|inactive|ODK2 has 20 seconds left.\n|-message|Mask4M lost due to inactivity.\n|\n|win|ODK2\n|raw|ODK2's rating: 1106 &rarr; <strong>1132</strong><br />(+26 for winning)\n|raw|Mask4M's rating: 1115 &rarr; <strong>1089</strong><br />(-26 for losing)\n|c|\u2606Mask4M|that feels bad\n",
  "uploadtime": 1776194541,
  "views": 31,
  "formatid": "gen9championsvgc2026regma",
  "rating": 1089,
  "private": 0,
  "password": null
}