{
  "id": "gen9championsvgc2026regma-2586151062",
  "format": "[Gen 9 Champions] VGC 2026 Reg M-A",
  "players": [
    "V3rziel",
    "123heyhey123"
  ],
  "log": "|j|\u2606V3rziel\n|j|\u2606123heyhey123\n|t:|1776405465\n|gametype|doubles\n|player|p1|V3rziel|mars|1108\n|player|p2|123heyhey123|2|1032\n|gen|9\n|tier|[Gen 9 Champions] VGC 2026 Reg M-A\n|rated|\n|rule|Species Clause: Limit one of each Pok\u00e9mon\n|rule|Item Clause: Limit 1 of each item\n|clearpoke\n|poke|p1|Froslass, L50, F|\n|poke|p1|Sneasler, L50, M|\n|poke|p1|Kingambit, L50, F|\n|poke|p1|Garchomp, L50, M|\n|poke|p1|Rotom-Heat, L50|\n|poke|p1|Clefable, L50, M|\n|poke|p2|Gengar, L50, F|\n|poke|p2|Archaludon, L50, F|\n|poke|p2|Primarina, L50, M|\n|poke|p2|Ceruledge, L50, F|\n|poke|p2|Dragonite, L50, M|\n|poke|p2|Meowscarada, L50, M|\n|teampreview|4\n|\n|t:|1776405538\n|teamsize|p1|4\n|teamsize|p2|4\n|start\n|switch|p1a: Froslass|Froslass, L50, F, shiny|100/100\n|switch|p1b: Garchomp|Garchomp, L50, M|100/100\n|switch|p2a: Gengar|Gengar, L50, F|100/100\n|switch|p2b: Primarina|Primarina, L50, M|100/100\n|turn|1\n|\n|t:|1776405591\n|switch|p1b: Kingambit|Kingambit, L50, F|100/100\n|detailschange|p1a: Froslass|Froslass-Mega, L50, F, shiny\n|-mega|p1a: Froslass|Froslass|Froslassite\n|-weather|Snowscape|[from] ability: Snow Warning|[of] p1a: Froslass\n|detailschange|p2a: Gengar|Gengar-Mega, L50, F\n|-mega|p2a: Gengar|Gengar|Gengarite\n|move|p1a: Froslass|Protect|p1a: Froslass\n|-singleturn|p1a: Froslass|Protect\n|move|p2a: Gengar|Shadow Ball|p1a: Froslass\n|-activate|p1a: Froslass|move: Protect\n|move|p2b: Primarina|Ice Beam|p1b: Kingambit\n|-resisted|p1b: Kingambit|1\n|-damage|p1b: Kingambit|83/100\n|\n|-weather|Snowscape|[upkeep]\n|upkeep\n|turn|2\n|\n|t:|1776405629\n|switch|p1a: Sneasler|Sneasler, L50, M|100/100\n|-ability|p1a: Sneasler|Pressure\n|move|p2a: Gengar|Shadow Ball|p1a: Sneasler\n|-damage|p1a: Sneasler|36/100\n|move|p2b: Primarina|Hyper Voice|p1b: Kingambit|[spread] p1a,p1b\n|-damage|p1a: Sneasler|0 fnt\n|-damage|p1b: Kingambit|45/100\n|faint|p1a: Sneasler\n|move|p1b: Kingambit|Kowtow Cleave|p2a: Gengar\n|-supereffective|p2a: Gengar|1\n|-damage|p2a: Gengar|0 fnt\n|faint|p2a: Gengar\n|\n|-weather|Snowscape|[upkeep]\n|upkeep\n|\n|t:|1776405649\n|switch|p2a: Ceruledge|Ceruledge, L50, F|100/100\n|switch|p1a: Froslass|Froslass-Mega, L50, F, shiny|100/100\n|turn|3\n|\n|t:|1776405673\n|move|p1b: Kingambit|Protect|p1b: Kingambit\n|-singleturn|p1b: Kingambit|Protect\n|move|p2a: Ceruledge|Shadow Sneak|p1a: Froslass\n|-supereffective|p1a: Froslass|1\n|-damage|p1a: Froslass|54/100\n|move|p1a: Froslass|Shadow Ball|p2a: Ceruledge\n|-supereffective|p2a: Ceruledge|1\n|-damage|p2a: Ceruledge|8/100\n|move|p2b: Primarina|Hyper Voice|p1b: Kingambit|[spread] p1a\n|-activate|p1b: Kingambit|move: Protect\n|-damage|p1a: Froslass|6/100\n|\n|-weather|Snowscape|[upkeep]\n|upkeep\n|turn|4\n|\n|t:|1776405704\n|switch|p1a: Garchomp|Garchomp, L50, M|100/100\n|move|p1b: Kingambit|Sucker Punch|p2b: Primarina\n|-resisted|p2b: Primarina|1\n|-damage|p2b: Primarina|80/100\n|move|p2a: Ceruledge|Bitter Blade|p1b: Kingambit\n|-supereffective|p1b: Kingambit|1\n|-damage|p1b: Kingambit|0 fnt\n|-heal|p2a: Ceruledge|39/100|[from] drain|[of] p1b: Kingambit\n|faint|p1b: Kingambit\n|-heal|p2a: Ceruledge|46/100|[from] item: Shell Bell|[of] p1: Kingambit\n|move|p2b: Primarina|Hyper Voice|p1a: Garchomp\n|-damage|p1a: Garchomp|45/100\n|\n|-weather|Snowscape|[upkeep]\n|upkeep\n|\n|t:|1776405719\n|switch|p1b: Froslass|Froslass-Mega, L50, F, shiny|6/100\n|turn|5\n|\n|t:|1776405730\n|move|p1b: Froslass|Protect|p1b: Froslass\n|-singleturn|p1b: Froslass|Protect\n|move|p2a: Ceruledge|Shadow Sneak|p1b: Froslass\n|-activate|p1b: Froslass|move: Protect\n|move|p1a: Garchomp|Earthquake|p2b: Primarina|[spread] p2a,p2b\n|-activate|p1b: Froslass|move: Protect\n|-supereffective|p2a: Ceruledge|1\n|-damage|p2a: Ceruledge|0 fnt\n|-damage|p2b: Primarina|31/100\n|faint|p2a: Ceruledge\n|move|p2b: Primarina|Hyper Voice|p1a: Garchomp|[spread] p1a\n|-activate|p1b: Froslass|move: Protect\n|-damage|p1a: Garchomp|6/100\n|\n|-weather|none\n|upkeep\n|\n|t:|1776405746\n|switch|p2a: Meowscarada|Meowscarada, L50, M|100/100\n|turn|6\n|\n|t:|1776405760\n|move|p1b: Froslass|Blizzard|p2a: Meowscarada|[spread] p2b\n|-miss|p1b: Froslass|p2a: Meowscarada\n|-resisted|p2b: Primarina|1\n|-damage|p2b: Primarina|13/100\n|move|p2a: Meowscarada|Triple Axel|p1a: Garchomp|[miss]\n|-miss|p2a: Meowscarada|p1a: Garchomp\n|move|p1a: Garchomp|Earthquake|p2a: Meowscarada|[spread] p1b,p2a,p2b\n|-resisted|p2a: Meowscarada|1\n|-damage|p1b: Froslass|0 fnt\n|-damage|p2a: Meowscarada|73/100\n|-damage|p2b: Primarina|0 fnt\n|faint|p1b: Froslass\n|faint|p2b: Primarina\n|\n|upkeep\n|turn|7\n|-message|V3rziel forfeited.\n|\n|win|123heyhey123\n|raw|V3rziel's rating: 1108 &rarr; <strong>1078</strong><br />(-30 for losing)\n|raw|123heyhey123's rating: 1032 &rarr; <strong>1075</strong><br />(+43 for winning)\n|l|\u2606V3rziel\n|player|p1|\n|c|\u2606123heyhey123|Gg\n",
  "uploadtime": 1776405817,
  "views": 22,
  "formatid": "gen9championsvgc2026regma",
  "rating": 1075,
  "private": 0,
  "password": null
}