{
  "id": "gen9championsvgc2026regma-2587934364",
  "format": "[Gen 9 Champions] VGC 2026 Reg M-A",
  "players": [
    "flunglikeahorse",
    "roykeenkennedy"
  ],
  "log": "|j|\u2606flunglikeahorse\n|j|\u2606roykeenkennedy\n|t:|1776581235\n|gametype|doubles\n|player|p1|flunglikeahorse|lysandre-masters|1489\n|player|p2|roykeenkennedy|102|1571\n|gen|9\n|tier|[Gen 9 Champions] VGC 2026 Reg M-A\n|rated|\n|rule|Species Clause: Limit one of each Pok\u00e9mon\n|rule|Item Clause: Limit 1 of each item\n|clearpoke\n|poke|p1|Sneasler, L50, F|\n|poke|p1|Basculegion, L50, M|\n|poke|p1|Kingambit, L50, M|\n|poke|p1|Pelipper, L50, F|\n|poke|p1|Blastoise, L50, F|\n|poke|p1|Sinistcha, L50|\n|poke|p2|Sableye, L50, M|\n|poke|p2|Sinistcha, L50|\n|poke|p2|Archaludon, L50, F|\n|poke|p2|Basculegion, L50, M|\n|poke|p2|Aerodactyl, L50, M|\n|poke|p2|Venusaur, L50, F|\n|teampreview|4\n|\n|t:|1776581276\n|teamsize|p1|4\n|teamsize|p2|4\n|start\n|switch|p1a: Blastoise|Blastoise, L50, F|100/100\n|switch|p1b: Sinistcha|Sinistcha, L50|100/100\n|switch|p2a: Sableye|Sableye, L50, M|100/100\n|switch|p2b: Archaludon|Archaludon, L50, F|100/100\n|turn|1\n|\n|t:|1776581288\n|detailschange|p1a: Blastoise|Blastoise-Mega, L50, F\n|-mega|p1a: Blastoise|Blastoise|Blastoisinite\n|move|p1b: Sinistcha|Rage Powder|p1b: Sinistcha\n|-singleturn|p1b: Sinistcha|move: Rage Powder\n|move|p2a: Sableye|Light Screen|p2a: Sableye\n|-sidestart|p2: roykeenkennedy|move: Light Screen\n|move|p1a: Blastoise|Shell Smash|p1a: Blastoise\n|-unboost|p1a: Blastoise|def|1\n|-unboost|p1a: Blastoise|spd|1\n|-boost|p1a: Blastoise|atk|2\n|-boost|p1a: Blastoise|spa|2\n|-boost|p1a: Blastoise|spe|2\n|move|p2b: Archaludon|Snarl|p1a: Blastoise|[spread] p1a,p1b\n|-supereffective|p1b: Sinistcha|1\n|-damage|p1a: Blastoise|79/100\n|-damage|p1b: Sinistcha|76/100\n|-unboost|p1a: Blastoise|spa|1\n|-unboost|p1b: Sinistcha|spa|1\n|\n|upkeep\n|turn|2\n|\n|t:|1776581305\n|switch|p2a: Sinistcha|Sinistcha, L50|100/100\n|move|p1b: Sinistcha|Rage Powder|p1b: Sinistcha\n|-singleturn|p1b: Sinistcha|move: Rage Powder\n|move|p1a: Blastoise|Water Spout|p2b: Archaludon|[spread] p2a,p2b\n|-resisted|p2a: Sinistcha|1\n|-resisted|p2b: Archaludon|1\n|-damage|p2a: Sinistcha|74/100\n|-damage|p2b: Archaludon|75/100\n|-ability|p2b: Archaludon|Stamina|boost\n|-boost|p2b: Archaludon|def|1\n|move|p2b: Archaludon|Snarl|p1b: Sinistcha|[spread] p1a,p1b\n|-supereffective|p1b: Sinistcha|1\n|-damage|p1a: Blastoise|60/100\n|-damage|p1b: Sinistcha|50/100\n|-unboost|p1a: Blastoise|spa|1\n|-unboost|p1b: Sinistcha|spa|1\n|-enditem|p1b: Sinistcha|Sitrus Berry|[eat]\n|-heal|p1b: Sinistcha|75/100|[from] item: Sitrus Berry\n|\n|-heal|p2a: Sinistcha|80/100|[from] item: Leftovers\n|upkeep\n|turn|3\n|\n|t:|1776581325\n|switch|p1b: Sneasler|Sneasler, L50, F|100/100\n|move|p1a: Blastoise|Protect|p1a: Blastoise\n|-singleturn|p1a: Blastoise|Protect\n|move|p2b: Archaludon|Electro Shot||[still]\n|-prepare|p2b: Archaludon|Electro Shot\n|-boost|p2b: Archaludon|spa|1\n|move|p2a: Sinistcha|Matcha Gotcha|p1a: Blastoise|[spread] p1b\n|-activate|p1a: Blastoise|move: Protect\n|-resisted|p1b: Sneasler|1\n|-damage|p1b: Sneasler|83/100\n|-heal|p2a: Sinistcha|88/100|[from] drain|[of] p1b: Sneasler\n|\n|-heal|p2a: Sinistcha|94/100|[from] item: Leftovers\n|upkeep\n|turn|4\n|\n|t:|1776581343\n|switch|p1a: Sinistcha|Sinistcha, L50|75/100\n|-heal|p1b: Sneasler|100/100|[from] ability: Hospitality|[of] p1a: Sinistcha\n|move|p1b: Sneasler|Fake Out|p2b: Archaludon\n|-resisted|p2b: Archaludon|1\n|-damage|p2b: Archaludon|72/100\n|-ability|p2b: Archaludon|Stamina|boost\n|-boost|p2b: Archaludon|def|1\n|cant|p2b: Archaludon|flinch\n|move|p2a: Sinistcha|Matcha Gotcha|p1b: Sneasler|[spread] p1a,p1b\n|-resisted|p1a: Sinistcha|1\n|-crit|p1a: Sinistcha\n|-resisted|p1b: Sneasler|1\n|-damage|p1a: Sinistcha|55/100\n|-heal|p2a: Sinistcha|100/100|[from] drain|[of] p1a: Sinistcha\n|-damage|p1b: Sneasler|83/100\n|-status|p1a: Sinistcha|brn\n|\n|-damage|p1a: Sinistcha|49/100 brn|[from] brn\n|upkeep\n|turn|5\n|\n|t:|1776581368\n|move|p1a: Sinistcha|Rage Powder|p1a: Sinistcha\n|-singleturn|p1a: Sinistcha|move: Rage Powder\n|move|p1b: Sneasler|Close Combat|p2b: Archaludon\n|-supereffective|p2b: Archaludon|1\n|-damage|p2b: Archaludon|25/100\n|-unboost|p1b: Sneasler|def|1\n|-unboost|p1b: Sneasler|spd|1\n|-ability|p2b: Archaludon|Stamina|boost\n|-boost|p2b: Archaludon|def|1\n|-enditem|p2b: Archaludon|Sitrus Berry|[eat]\n|-heal|p2b: Archaludon|50/100|[from] item: Sitrus Berry\n|-enditem|p1b: Sneasler|White Herb\n|-clearnegativeboost|p1b: Sneasler|[silent]\n|move|p2b: Archaludon|Snarl|p1a: Sinistcha|[spread] p1a,p1b\n|-supereffective|p1a: Sinistcha|1\n|-resisted|p1b: Sneasler|1\n|-damage|p1a: Sinistcha|10/100 brn\n|-damage|p1b: Sneasler|70/100\n|-unboost|p1a: Sinistcha|spa|1\n|-unboost|p1b: Sneasler|spa|1\n|move|p2a: Sinistcha|Trick Room|p2a: Sinistcha\n|-fieldstart|move: Trick Room|[of] p2a: Sinistcha\n|\n|-damage|p1a: Sinistcha|5/100 brn|[from] brn\n|-sideend|p2: roykeenkennedy|move: Light Screen\n|upkeep\n|turn|6\n|\n|t:|1776581393\n|move|p1a: Sinistcha|Rage Powder|p1a: Sinistcha\n|-singleturn|p1a: Sinistcha|move: Rage Powder\n|move|p2a: Sinistcha|Matcha Gotcha|p1a: Sinistcha|[spread] p1a,p1b\n|-resisted|p1a: Sinistcha|1\n|-resisted|p1b: Sneasler|1\n|-damage|p1a: Sinistcha|0 fnt\n|-damage|p1b: Sneasler|51/100\n|faint|p1a: Sinistcha\n|move|p2b: Archaludon|Dragon Pulse|p1b: Sneasler\n|-damage|p1b: Sneasler|0 fnt\n|faint|p1b: Sneasler\n|\n|upkeep\n|\n|t:|1776581398\n|switch|p1a: Kingambit|Kingambit, L50, M|100/100\n|switch|p1b: Blastoise|Blastoise-Mega, L50, F|60/100\n|turn|7\n|\n|t:|1776581416\n|switch|p2a: Venusaur|Venusaur, L50, F|100/100\n|move|p1b: Blastoise|Protect|p1b: Blastoise\n|-singleturn|p1b: Blastoise|Protect\n|move|p1a: Kingambit|Kowtow Cleave|p2a: Venusaur\n|-damage|p2a: Venusaur|37/100\n|move|p2b: Archaludon|Dragon Pulse|p1b: Blastoise\n|-activate|p1b: Blastoise|move: Protect\n|\n|upkeep\n|turn|8\n|\n|t:|1776581436\n|switch|p2a: Sinistcha|Sinistcha, L50|100/100\n|-heal|p2b: Archaludon|75/100|[from] ability: Hospitality|[of] p2a: Sinistcha\n|move|p1a: Kingambit|Kowtow Cleave|p2a: Sinistcha\n|-supereffective|p2a: Sinistcha|1\n|-damage|p2a: Sinistcha|0 fnt\n|faint|p2a: Sinistcha\n|move|p2b: Archaludon|Dragon Pulse|p1b: Blastoise\n|-damage|p1b: Blastoise|0 fnt\n|faint|p1b: Blastoise\n|\n|upkeep\n|j| sammap\n|\n|t:|1776581448\n|switch|p2a: Sableye|Sableye, L50, M|100/100\n|turn|9\n|\n|t:|1776581453\n|move|p2a: Sableye|Rain Dance|p2a: Sableye\n|-weather|RainDance\n|move|p1a: Kingambit|Kowtow Cleave|p2a: Sableye\n|-damage|p2a: Sableye|29/100\n|move|p2b: Archaludon|Electro Shot||[still]\n|-prepare|p2b: Archaludon|Electro Shot\n|-boost|p2b: Archaludon|spa|1\n|-anim|p2b: Archaludon|Electro Shot|p1a: Kingambit\n|-damage|p1a: Kingambit|22/100\n|\n|-weather|RainDance|[upkeep]\n|-fieldend|move: Trick Room\n|upkeep\n|turn|10\n|\n|t:|1776581468\n|move|p2a: Sableye|Light Screen|p2a: Sableye\n|-sidestart|p2: roykeenkennedy|move: Light Screen\n|move|p1a: Kingambit|Sucker Punch||[still]\n|-fail|p1a: Kingambit\n|move|p2b: Archaludon|Electro Shot||[still]\n|-prepare|p2b: Archaludon|Electro Shot\n|-boost|p2b: Archaludon|spa|1\n|-anim|p2b: Archaludon|Electro Shot|p1a: Kingambit\n|-damage|p1a: Kingambit|0 fnt\n|faint|p1a: Kingambit\n|\n|win|roykeenkennedy\n|raw|flunglikeahorse's rating: 1489 &rarr; <strong>1474</strong><br />(-15 for losing)\n|raw|roykeenkennedy's rating: 1571 &rarr; <strong>1586</strong><br />(+15 for winning)\n|l|\u2606flunglikeahorse\n|player|p1|\n|l|\u2606roykeenkennedy\n|player|p2|\n",
  "uploadtime": 1776581521,
  "views": 13,
  "formatid": "gen9championsvgc2026regma",
  "rating": 1474,
  "private": 0,
  "password": null
}