{
  "id": "gen9championsvgc2026regma-2585006135",
  "format": "[Gen 9 Champions] VGC 2026 Reg M-A",
  "players": [
    "Chloe",
    "woshin00b"
  ],
  "log": "|j|\u2606Chloe\n|j|\u2606woshin00b\n|html|<table width=\"100%\"><tr><td align=\"left\">Chloe</td><td align=\"right\">woshin00b</tr><tr><td align=\"left\"><i class=\"fa fa-circle\"></i> <i class=\"fa fa-circle-o\"></i> </td><td align=\"right\"><i class=\"fa fa-circle-o\"></i> <i class=\"fa fa-circle-o\"></i> </tr></table>\n|uhtml|bestof|<h2><strong>Game 2</strong> of <a href=\"/game-bestof3-gen9championsvgc2026regma-2585003646\">a best-of-3</a></h2>\n|t:|1776302658\n|gametype|doubles\n|player|p1|Chloe|gwynn|\n|player|p2|woshin00b|youngcouple-gen4dp|\n|gen|9\n|tier|[Gen 9 Champions] VGC 2026 Reg M-A\n|rated|Tournament battle\n|rule|Species Clause: Limit one of each Pok\u00e9mon\n|rule|Item Clause: Limit 1 of each item\n|raw|<div class=\"infobox\"><details class=\"readmore\" open><summary><strong>2 custom rules:</strong></summary> Force Open Team Sheets, Best of = 3</details></div>\n|clearpoke\n|poke|p1|Gardevoir, L50, M|\n|poke|p1|Primarina, L50, F|\n|poke|p1|Whimsicott, L50, M|\n|poke|p1|Sneasler, L50, F|\n|poke|p1|Arcanine-Hisui, L50, M|\n|poke|p1|Kingambit, L50, M|\n|poke|p2|Tyranitar, L50, F|\n|poke|p2|Milotic, L50, M|\n|poke|p2|Sylveon, L50, M|\n|poke|p2|Excadrill, L50, M|\n|poke|p2|Wyrdeer, L50, M|\n|poke|p2|Typhlosion-Hisui, L50, F|\n|teampreview|4\n|showteam|p1|Gardevoir||Gardevoirite|Trace|HyperVoice,Psychic,TrickRoom,Protect|||M|||50|]Primarina||Leftovers|LiquidVoice|HyperVoice,Moonblast,CalmMind,Protect|||F|||50|]Whimsicott||FocusSash|Prankster|Tailwind,Moonblast,Encore,Protect|||M|||50|]Sneasler||WhiteHerb|Unburden|CloseCombat,DireClaw,FakeOut,Protect|||F|||50|]Arcanine-Hisui||SitrusBerry|Intimidate|RockSlide,FlareBlitz,ExtremeSpeed,Protect|||M|||50|]Kingambit||BlackGlasses|Defiant|KowtowCleave,SuckerPunch,IronHead,Protect|||M|||50|\n|showteam|p2|Tyranitar||Tyranitarite|SandStream|RockSlide,Crunch,Protect,Superpower|||F|||50|]Milotic||Leftovers|Competitive|Scald,Protect,IceBeam,Substitute|||M|||50|]Sylveon||FairyFeather|Pixilate|HyperVoice,Protect,Psychic,QuickAttack|||M|||50|]Excadrill||FocusSash|MoldBreaker|RockSlide,IronHead,HighHorsepower,Protect|||M|||50|]Wyrdeer||SitrusBerry|Intimidate|Thunderbolt,EarthPower,Protect,Psychic|||M|||50|]Typhlosion-Hisui||ChoiceScarf|Frisk|Eruption,ShadowBall,Overheat,Extrasensory|||F|||50|\n|inactive|Battle timer is ON: inactive players will automatically lose when time's up. (requested by Chloe)\n|j|+holdingb\n|j|@Radio Free C-Side\n|j| stinkyton\n|\n|t:|1776302676\n|teamsize|p1|4\n|teamsize|p2|4\n|start\n|switch|p1a: Gardevoir|Gardevoir, L50, M|100/100\n|switch|p1b: Sneasler|Sneasler, L50, F|100/100\n|switch|p2a: Milotic|Milotic, L50, M|100/100\n|switch|p2b: Typhlosion|Typhlosion-Hisui, L50, F|100/100\n|-item|p1a: Gardevoir|Gardevoirite|[from] ability: Frisk|[of] p2b: Typhlosion\n|-item|p1b: Sneasler|White Herb|[from] ability: Frisk|[of] p2b: Typhlosion\n|-ability|p1a: Gardevoir|Competitive|Trace|[from] ability: Trace|[of] p2a: Milotic\n|turn|1\n|j| knoxxzeta\n|\n|t:|1776302696\n|move|p1a: Gardevoir|Protect|p1a: Gardevoir\n|-singleturn|p1a: Gardevoir|Protect\n|move|p2b: Typhlosion|Eruption|p1b: Sneasler|[spread] p1b\n|-activate|p1a: Gardevoir|move: Protect\n|-damage|p1b: Sneasler|21/100\n|move|p1b: Sneasler|Dire Claw|p2b: Typhlosion\n|-resisted|p2b: Typhlosion|1\n|-damage|p2b: Typhlosion|69/100\n|move|p2a: Milotic|Substitute|p2a: Milotic\n|-start|p2a: Milotic|Substitute\n|-damage|p2a: Milotic|76/100\n|\n|-heal|p2a: Milotic|82/100|[from] item: Leftovers\n|upkeep\n|turn|2\n|\n|t:|1776302719\n|detailschange|p1a: Gardevoir|Gardevoir-Mega, L50, M\n|-mega|p1a: Gardevoir|Gardevoir|Gardevoirite\n|move|p2b: Typhlosion|Eruption|p1a: Gardevoir|[spread] p1a,p1b\n|-crit|p1b: Sneasler\n|-damage|p1a: Gardevoir|68/100\n|-damage|p1b: Sneasler|0 fnt\n|faint|p1b: Sneasler\n|move|p2a: Milotic|Scald|p1a: Gardevoir\n|-damage|p1a: Gardevoir|45/100\n|move|p1a: Gardevoir|Trick Room|p1a: Gardevoir\n|-fieldstart|move: Trick Room|[of] p1a: Gardevoir\n|\n|-heal|p2a: Milotic|88/100|[from] item: Leftovers\n|upkeep\n|j|+Hasayo\n|\n|t:|1776302730\n|switch|p1b: Primarina|Primarina, L50, F|100/100\n|turn|3\n|l| stinkyton\n|\n|t:|1776302740\n|move|p1b: Primarina|Hyper Voice|p2a: Milotic|[spread] p2a,p2b\n|-resisted|p2a: Milotic|1\n|-supereffective|p2b: Typhlosion|1\n|-damage|p2a: Milotic|76/100\n|-damage|p2b: Typhlosion|0 fnt\n|faint|p2b: Typhlosion\n|move|p2a: Milotic|Scald|p1a: Gardevoir\n|-damage|p1a: Gardevoir|23/100\n|move|p1a: Gardevoir|Hyper Voice|p2a: Milotic\n|-damage|p2a: Milotic|22/100\n|\n|-heal|p2a: Milotic|28/100|[from] item: Leftovers\n|upkeep\n|j| stochastic hero\n|\n|t:|1776302751\n|switch|p2b: Tyranitar|Tyranitar, L50, F|100/100\n|-weather|Sandstorm|[from] ability: Sand Stream|[of] p2b: Tyranitar\n|turn|4\n|\n|t:|1776302761\n|detailschange|p2b: Tyranitar|Tyranitar-Mega, L50, F\n|-mega|p2b: Tyranitar|Tyranitar|Tyranitarite\n|move|p1a: Gardevoir|Protect|p1a: Gardevoir\n|-singleturn|p1a: Gardevoir|Protect\n|move|p1b: Primarina|Calm Mind|p1b: Primarina\n|-boost|p1b: Primarina|spa|1\n|-boost|p1b: Primarina|spd|1\n|move|p2b: Tyranitar|Rock Slide|p1b: Primarina|[spread] p1b\n|-activate|p1a: Gardevoir|move: Protect\n|-damage|p1b: Primarina|59/100\n|move|p2a: Milotic|Scald|p1b: Primarina\n|-resisted|p1b: Primarina|1\n|-damage|p1b: Primarina|50/100\n|-status|p1b: Primarina|brn\n|\n|-weather|Sandstorm|[upkeep]\n|-damage|p1b: Primarina|44/100 brn|[from] Sandstorm\n|-damage|p2a: Milotic|22/100|[from] Sandstorm\n|-damage|p1a: Gardevoir|17/100|[from] Sandstorm\n|-heal|p1b: Primarina|50/100 brn|[from] item: Leftovers\n|-heal|p2a: Milotic|28/100|[from] item: Leftovers\n|-damage|p1b: Primarina|44/100 brn|[from] brn\n|upkeep\n|turn|5\n|\n|t:|1776302778\n|switch|p1a: Kingambit|Kingambit, L50, M|100/100\n|move|p1b: Primarina|Hyper Voice|p2a: Milotic|[spread] p2a,p2b\n|-resisted|p2a: Milotic|1\n|-supereffective|p2b: Tyranitar|1\n|-damage|p2a: Milotic|8/100\n|-damage|p2b: Tyranitar|53/100\n|move|p2b: Tyranitar|Rock Slide|p1a: Kingambit|[spread] p1a,p1b\n|-resisted|p1a: Kingambit|1\n|-damage|p1a: Kingambit|87/100\n|-damage|p1b: Primarina|2/100 brn\n|move|p2a: Milotic|Scald|p1a: Kingambit\n|-damage|p1a: Kingambit|58/100\n|-status|p1a: Kingambit|brn\n|\n|-weather|Sandstorm|[upkeep]\n|-damage|p1b: Primarina|0 fnt|[from] Sandstorm\n|-damage|p2a: Milotic|2/100|[from] Sandstorm\n|faint|p1b: Primarina\n|-heal|p2a: Milotic|8/100|[from] item: Leftovers\n|-damage|p1a: Kingambit|52/100 brn|[from] brn\n|upkeep\n|\n|t:|1776302790\n|switch|p1b: Gardevoir|Gardevoir-Mega, L50, M|17/100\n|turn|6\n|\n|t:|1776302802\n|move|p2b: Tyranitar|Protect|p2b: Tyranitar\n|-singleturn|p2b: Tyranitar|Protect\n|move|p1b: Gardevoir|Protect|p1b: Gardevoir\n|-singleturn|p1b: Gardevoir|Protect\n|move|p1a: Kingambit|Iron Head|p2b: Tyranitar\n|-activate|p2b: Tyranitar|move: Protect\n|move|p2a: Milotic|Scald|p1b: Gardevoir\n|-activate|p1b: Gardevoir|move: Protect\n|\n|-weather|Sandstorm|[upkeep]\n|-damage|p2a: Milotic|2/100|[from] Sandstorm\n|-damage|p1b: Gardevoir|11/100|[from] Sandstorm\n|-heal|p2a: Milotic|8/100|[from] item: Leftovers\n|-damage|p1a: Kingambit|46/100 brn|[from] brn\n|-fieldend|move: Trick Room\n|upkeep\n|turn|7\n|\n|t:|1776302818\n|move|p1b: Gardevoir|Hyper Voice|p2a: Milotic|[spread] p2a,p2b\n|-supereffective|p2b: Tyranitar|1\n|-damage|p2a: Milotic|0 fnt\n|-damage|p2b: Tyranitar|1/100\n|faint|p2a: Milotic\n|move|p2b: Tyranitar|Superpower|p1a: Kingambit\n|-supereffective|p1a: Kingambit|2\n|-damage|p1a: Kingambit|0 fnt\n|-unboost|p2b: Tyranitar|atk|1\n|-unboost|p2b: Tyranitar|def|1\n|faint|p1a: Kingambit\n|\n|-weather|Sandstorm|[upkeep]\n|-damage|p1b: Gardevoir|6/100|[from] Sandstorm\n|upkeep\n|j| Givemetheghoul\n|\n|t:|1776302825\n|switch|p2a: Excadrill|Excadrill, L50, M|100/100\n|-ability|p2a: Excadrill|Mold Breaker\n|turn|8\n|-message|Chloe forfeited.\n|\n|win|woshin00b\n||woshin00b is ready for game 3.\n||Chloe is ready for game 3.\n|uhtml|next|Next: <a href=\"/battle-gen9championsvgc2026regma-2585008011\"><strong>Game 3 of 3</strong></a>\n|l|@Radio Free C-Side\n",
  "uploadtime": 1776302840,
  "views": 17,
  "formatid": "gen9championsvgc2026regma",
  "rating": null,
  "private": 0,
  "password": null
}