{
  "id": "gen9championsvgc2026regma-2587107929",
  "format": "[Gen 9 Champions] VGC 2026 Reg M-A",
  "players": [
    "Lin25",
    "marcopiero"
  ],
  "log": "|j|\u2606Lin25\n|j|\u2606marcopiero\n|t:|1776494472\n|gametype|doubles\n|player|p1|Lin25|ash-kalos|1099\n|player|p2|marcopiero|dancer|1060\n|gen|9\n|tier|[Gen 9 Champions] VGC 2026 Reg M-A\n|rated|\n|rule|Species Clause: Limit one of each Pok\u00e9mon\n|rule|Item Clause: Limit 1 of each item\n|clearpoke\n|poke|p1|Whimsicott, L50, M|\n|poke|p1|Charizard, L50, F|\n|poke|p1|Ninetales-Alola, L50, F|\n|poke|p1|Incineroar, L50, M|\n|poke|p1|Garchomp, L50, F|\n|poke|p1|Sneasler, L50, M|\n|poke|p2|Charizard, L50, F|\n|poke|p2|Venusaur, L50, M|\n|poke|p2|Garchomp, L50, M|\n|poke|p2|Rotom-Wash, L50|\n|poke|p2|Sneasler, L50, M|\n|poke|p2|Incineroar, L50, F|\n|teampreview|4\n|inactive|Battle timer is ON: inactive players will automatically lose when time's up. (requested by marcopiero)\n|inactive|Lin25 has 60 seconds left.\n|inactive|marcopiero has 60 seconds left.\n|inactive|marcopiero has 30 seconds left.\n|inactive|marcopiero has 20 seconds left.\n|inactive|marcopiero has 15 seconds left.\n|inactive|marcopiero has 10 seconds left.\n|inactive|marcopiero has 5 seconds left.\n|\n|t:|1776494562\n|teamsize|p1|4\n|teamsize|p2|4\n|start\n|switch|p1a: Whimsicott|Whimsicott, L50, M|100/100\n|switch|p1b: Sneasler|Sneasler, L50, M|100/100\n|switch|p2a: Incineroar|Incineroar, L50, F|100/100\n|switch|p2b: Sneasler|Sneasler, L50, M|100/100\n|-ability|p2a: Incineroar|Intimidate|boost\n|-unboost|p1a: Whimsicott|atk|1\n|-unboost|p1b: Sneasler|atk|1\n|-enditem|p1b: Sneasler|White Herb\n|-clearnegativeboost|p1b: Sneasler|[silent]\n|turn|1\n|inactive|Lin25 has 30 seconds left.\n|inactive|Lin25 has 20 seconds left.\n|inactive|Lin25 has 15 seconds left.\n|inactive|Lin25 has 10 seconds left.\n|inactive|Lin25 has 5 seconds left.\n|\n|t:|1776494616\n|move|p1b: Sneasler|Fake Out|p2a: Incineroar\n|-damage|p2a: Incineroar|86/100\n|cant|p2a: Incineroar|flinch\n|move|p1a: Whimsicott|Tailwind|p1a: Whimsicott\n|-sidestart|p1: Lin25|move: Tailwind\n|move|p2b: Sneasler|Dire Claw|p1a: Whimsicott\n|-supereffective|p1a: Whimsicott|2\n|-enditem|p1a: Whimsicott|Focus Sash\n|-damage|p1a: Whimsicott|1/100\n|\n|upkeep\n|turn|2\n|inactive|marcopiero has 30 seconds left.\n|inactive|marcopiero has 20 seconds left.\n|\n|t:|1776494653\n|move|p1b: Sneasler|Close Combat|p2a: Incineroar\n|-supereffective|p2a: Incineroar|1\n|-damage|p2a: Incineroar|0 fnt\n|-unboost|p1b: Sneasler|def|1\n|-unboost|p1b: Sneasler|spd|1\n|faint|p2a: Incineroar\n|move|p1a: Whimsicott|Moonblast|p2b: Sneasler\n|-crit|p2b: Sneasler\n|-damage|p2b: Sneasler|34/100\n|move|p2b: Sneasler|Close Combat|p1a: Whimsicott\n|-resisted|p1a: Whimsicott|1\n|-damage|p1a: Whimsicott|0 fnt\n|-unboost|p2b: Sneasler|def|1\n|-unboost|p2b: Sneasler|spd|1\n|faint|p1a: Whimsicott\n|-enditem|p2b: Sneasler|White Herb\n|-clearnegativeboost|p2b: Sneasler|[silent]\n|\n|upkeep\n|inactive|Lin25 has 30 seconds left.\n|inactive|marcopiero has 30 seconds left.\n|\n|t:|1776494680\n|switch|p1a: Charizard|Charizard, L50, F|100/100\n|switch|p2a: Venusaur|Venusaur, L50, M|100/100\n|turn|3\n|inactive|Lin25 has 30 seconds left.\n|\n|t:|1776494708\n|detailschange|p1a: Charizard|Charizard-Mega-Y, L50, F\n|-mega|p1a: Charizard|Charizard|Charizardite Y\n|-weather|SunnyDay|[from] ability: Drought|[of] p1a: Charizard\n|move|p2a: Venusaur|Protect|p2a: Venusaur\n|-singleturn|p2a: Venusaur|Protect\n|move|p1b: Sneasler|Dire Claw|p2a: Venusaur\n|-activate|p2a: Venusaur|move: Protect\n|move|p2b: Sneasler|Rock Tomb|p1a: Charizard\n|-supereffective|p1a: Charizard|2\n|-damage|p1a: Charizard|0 fnt\n|faint|p1a: Charizard\n|\n|-weather|SunnyDay|[upkeep]\n|upkeep\n|\n|t:|1776494727\n|switch|p1a: Ninetales|Ninetales-Alola, L50, F|100/100\n|-weather|Snowscape|[from] ability: Snow Warning|[of] p1a: Ninetales\n|turn|4\n|\n|t:|1776494744\n|move|p1b: Sneasler|Close Combat|p2b: Sneasler\n|-resisted|p2b: Sneasler|1\n|-damage|p2b: Sneasler|0 fnt\n|-unboost|p1b: Sneasler|def|1\n|-unboost|p1b: Sneasler|spd|1\n|faint|p2b: Sneasler\n|move|p1a: Ninetales|Blizzard|p2a: Venusaur\n|-supereffective|p2a: Venusaur|1\n|-enditem|p2a: Venusaur|Focus Sash\n|-damage|p2a: Venusaur|1/100\n|move|p2a: Venusaur|Sleep Powder|p1a: Ninetales\n|-status|p1a: Ninetales|slp|[from] move: Sleep Powder\n|\n|-weather|Snowscape|[upkeep]\n|-sideend|p1: Lin25|move: Tailwind\n|upkeep\n|\n|t:|1776494753\n|switch|p2b: Charizard|Charizard, L50, F|100/100\n|turn|5\n|\n|t:|1776494766\n|detailschange|p2b: Charizard|Charizard-Mega-Y, L50, F\n|-mega|p2b: Charizard|Charizard|Charizardite Y\n|-weather|SunnyDay|[from] ability: Drought|[of] p2b: Charizard\n|move|p2a: Venusaur|Protect|p2a: Venusaur\n|-singleturn|p2a: Venusaur|Protect\n|cant|p1a: Ninetales|slp\n|move|p1b: Sneasler|Rock Slide|p2a: Venusaur|[spread] p2b\n|-activate|p2a: Venusaur|move: Protect\n|-supereffective|p2b: Charizard|2\n|-crit|p2b: Charizard\n|-damage|p2b: Charizard|0 fnt\n|faint|p2b: Charizard\n|\n|-weather|SunnyDay|[upkeep]\n|upkeep\n|turn|6\n|inactive|Lin25 has 30 seconds left.\n|\n|t:|1776494792\n|move|p1b: Sneasler|Dire Claw|p2a: Venusaur\n|-damage|p2a: Venusaur|0 fnt\n|faint|p2a: Venusaur\n|\n|win|Lin25\n|raw|Lin25's rating: 1099 &rarr; <strong>1121</strong><br />(+22 for winning)\n|raw|marcopiero's rating: 1060 &rarr; <strong>1043</strong><br />(-17 for losing)\n|l|\u2606marcopiero\n|player|p2|\n",
  "uploadtime": 1776494799,
  "views": 17,
  "formatid": "gen9championsvgc2026regma",
  "rating": 1043,
  "private": 0,
  "password": null
}