{
  "id": "gen9championsvgc2026regma-2587765844",
  "format": "[Gen 9 Champions] VGC 2026 Reg M-A",
  "players": [
    "Chromation",
    "zaulpokemonpro"
  ],
  "log": "|j|\u2606Chromation\n|j|\u2606zaulpokemonpro\n|t:|1776561798\n|gametype|doubles\n|player|p1|Chromation|169|1228\n|player|p2|zaulpokemonpro|morty|1211\n|gen|9\n|tier|[Gen 9 Champions] VGC 2026 Reg M-A\n|rated|\n|rule|Species Clause: Limit one of each Pok\u00e9mon\n|rule|Item Clause: Limit 1 of each item\n|clearpoke\n|poke|p1|Froslass, L50, F|\n|poke|p1|Rotom-Frost, L50|\n|poke|p1|Garchomp, L50, F|\n|poke|p1|Incineroar, L50, M|\n|poke|p1|Empoleon, L50, M|\n|poke|p1|Kingambit, L50, F|\n|poke|p2|Froslass, L50, F|\n|poke|p2|Garchomp, L50, F|\n|poke|p2|Rotom-Frost, L50|\n|poke|p2|Empoleon, L50, F|\n|poke|p2|Incineroar, L50, F|\n|poke|p2|Kingambit, L50, M|\n|teampreview|4\n|inactive|Battle timer is ON: inactive players will automatically lose when time's up. (requested by Chromation)\n|inactive|Chromation has 60 seconds left.\n|\n|t:|1776561857\n|teamsize|p1|4\n|teamsize|p2|4\n|start\n|switch|p1a: Kingambit|Kingambit, L50, F|100/100\n|switch|p1b: Incineroar|Incineroar, L50, M|100/100\n|switch|p2a: Empoleon|Empoleon, L50, F|100/100\n|switch|p2b: Incineroar|Incineroar, L50, F|100/100\n|-ability|p1b: Incineroar|Intimidate|boost\n|-unboost|p2a: Empoleon|atk|1\n|-ability|p2a: Empoleon|Competitive|boost\n|-boost|p2a: Empoleon|spa|2\n|-unboost|p2b: Incineroar|atk|1\n|-ability|p2b: Incineroar|Intimidate|boost\n|-unboost|p1a: Kingambit|atk|1\n|-ability|p1a: Kingambit|Defiant|boost\n|-boost|p1a: Kingambit|atk|2\n|-unboost|p1b: Incineroar|atk|1\n|turn|1\n|inactive|Chromation has 30 seconds left.\n|inactive|zaulpokemonpro has 30 seconds left.\n|inactive|Chromation has 20 seconds left.\n|inactive|Chromation has 15 seconds left.\n|inactive|Chromation has 10 seconds left.\n|inactive|Chromation has 5 seconds left.\n|\n|t:|1776561907\n|move|p2a: Empoleon|Protect|p2a: Empoleon\n|-singleturn|p2a: Empoleon|Protect\n|move|p2b: Incineroar|Fake Out|p1a: Kingambit\n|-resisted|p1a: Kingambit|1\n|-damage|p1a: Kingambit|96/100\n|move|p1b: Incineroar|Fake Out|p2a: Empoleon\n|-activate|p2a: Empoleon|move: Protect\n|cant|p1a: Kingambit|flinch\n|\n|upkeep\n|turn|2\n|inactive|zaulpokemonpro has 30 seconds left.\n|\n|t:|1776561933\n|move|p1a: Kingambit|Low Kick|p2a: Empoleon\n|-supereffective|p2a: Empoleon|1\n|-damage|p2a: Empoleon|0 fnt\n|faint|p2a: Empoleon\n|move|p2b: Incineroar|Flare Blitz|p1a: Kingambit\n|-supereffective|p1a: Kingambit|1\n|-damage|p1a: Kingambit|20/100\n|-damage|p2b: Incineroar|79/100|[from] Recoil\n|move|p1b: Incineroar|Flare Blitz|p2b: Incineroar\n|-resisted|p2b: Incineroar|1\n|-damage|p2b: Incineroar|58/100\n|-damage|p1b: Incineroar|94/100|[from] Recoil\n|\n|upkeep\n|\n|t:|1776561952\n|switch|p2a: Rotom|Rotom-Frost, L50|100/100\n|turn|3\n|inactive|zaulpokemonpro has 30 seconds left.\n|\n|t:|1776561978\n|move|p1a: Kingambit|Sucker Punch|p2a: Rotom\n|-damage|p2a: Rotom|15/100\n|move|p2a: Rotom|Volt Switch|p1b: Incineroar\n|-damage|p1b: Incineroar|63/100\n|\n|t:|1776561984\n|switch|p2a: Froslass|Froslass, L50, F|100/100|[from] Volt Switch\n|move|p2b: Incineroar|Flare Blitz|p1a: Kingambit\n|-supereffective|p1a: Kingambit|1\n|-damage|p1a: Kingambit|0 fnt\n|faint|p1a: Kingambit\n|-damage|p2b: Incineroar|52/100|[from] Recoil\n|move|p1b: Incineroar|Parting Shot|p2b: Incineroar\n|-unboost|p2b: Incineroar|atk|1\n|-unboost|p2b: Incineroar|spa|1\n|\n|t:|1776562002\n|switch|p1b: Empoleon|Empoleon, L50, M|100/100|[from] Parting Shot\n|\n|upkeep\n|\n|t:|1776562004\n|switch|p1a: Froslass|Froslass, L50, F|100/100\n|turn|4\n|inactive|Chromation has 30 seconds left.\n|inactive|Chromation has 20 seconds left.\n|inactive|Chromation has 15 seconds left.\n|\n|t:|1776562046\n|detailschange|p1a: Froslass|Froslass-Mega, L50, F\n|-mega|p1a: Froslass|Froslass|Froslassite\n|-weather|Snowscape|[from] ability: Snow Warning|[of] p1a: Froslass\n|detailschange|p2a: Froslass|Froslass-Mega, L50, F\n|-mega|p2a: Froslass|Froslass|Froslassite\n|move|p1a: Froslass|Protect|p1a: Froslass\n|-singleturn|p1a: Froslass|Protect\n|move|p2a: Froslass|Shadow Ball|p1a: Froslass\n|-activate|p1a: Froslass|move: Protect\n|move|p1b: Empoleon|Flash Cannon|p2a: Froslass\n|-supereffective|p2a: Froslass|1\n|-damage|p2a: Froslass|11/100\n|move|p2b: Incineroar|Flare Blitz|p1a: Froslass\n|-activate|p1a: Froslass|move: Protect\n|\n|-weather|Snowscape|[upkeep]\n|upkeep\n|turn|5\n|\n|t:|1776562063\n|switch|p1a: Incineroar|Incineroar, L50, M|63/100\n|-ability|p1a: Incineroar|Intimidate|boost\n|-unboost|p2a: Froslass|atk|1\n|-unboost|p2b: Incineroar|atk|1\n|move|p2a: Froslass|Shadow Ball|p1a: Incineroar\n|-resisted|p1a: Incineroar|1\n|-damage|p1a: Incineroar|43/100\n|-enditem|p1a: Incineroar|Sitrus Berry|[eat]\n|-heal|p1a: Incineroar|68/100|[from] item: Sitrus Berry\n|move|p1b: Empoleon|Flash Cannon|p2a: Froslass\n|-supereffective|p2a: Froslass|1\n|-damage|p2a: Froslass|0 fnt\n|faint|p2a: Froslass\n|move|p2b: Incineroar|Flare Blitz|p1a: Incineroar\n|-resisted|p1a: Incineroar|1\n|-damage|p1a: Incineroar|55/100\n|-damage|p2b: Incineroar|49/100|[from] Recoil\n|-enditem|p2b: Incineroar|Sitrus Berry|[eat]\n|-heal|p2b: Incineroar|73/100|[from] item: Sitrus Berry\n|\n|-weather|Snowscape|[upkeep]\n|upkeep\n|\n|t:|1776562081\n|switch|p2a: Rotom|Rotom-Frost, L50|15/100\n|turn|6\n|\n|t:|1776562095\n|move|p1a: Incineroar|Fake Out|p2a: Rotom\n|-damage|p2a: Rotom|3/100\n|cant|p2a: Rotom|flinch\n|move|p1b: Empoleon|Water Pulse|p2b: Incineroar\n|-supereffective|p2b: Incineroar|1\n|-damage|p2b: Incineroar|26/100\n|move|p2b: Incineroar|Darkest Lariat|p1b: Empoleon\n|-damage|p1b: Empoleon|82/100\n|\n|-weather|Snowscape|[upkeep]\n|-heal|p1b: Empoleon|87/100|[from] item: Leftovers\n|upkeep\n|turn|7\n|\n|t:|1776562109\n|move|p2a: Rotom|Thunderbolt|p1b: Empoleon\n|-supereffective|p1b: Empoleon|1\n|-crit|p1b: Empoleon\n|-damage|p1b: Empoleon|0 fnt\n|faint|p1b: Empoleon\n|move|p2b: Incineroar|Darkest Lariat|p1a: Incineroar\n|-resisted|p1a: Incineroar|1\n|-damage|p1a: Incineroar|47/100\n|move|p1a: Incineroar|Darkest Lariat|p2a: Rotom\n|-damage|p2a: Rotom|0 fnt\n|faint|p2a: Rotom\n|\n|-weather|Snowscape|[upkeep]\n|upkeep\n|inactive|Chromation has 30 seconds left.\n|inactive|Chromation has 20 seconds left.\n|\n|t:|1776562148\n|switch|p1b: Froslass|Froslass-Mega, L50, F|100/100\n|turn|8\n|\n|t:|1776562162\n|move|p1b: Froslass|Protect|p1b: Froslass\n|-singleturn|p1b: Froslass|Protect\n|move|p1a: Incineroar|Parting Shot|p2b: Incineroar\n|-unboost|p2b: Incineroar|atk|1\n|-unboost|p2b: Incineroar|spa|1\n|move|p2b: Incineroar|Flare Blitz|p1a: Incineroar\n|-resisted|p1a: Incineroar|1\n|-crit|p1a: Incineroar\n|-damage|p1a: Incineroar|2/100\n|-damage|p2b: Incineroar|11/100|[from] Recoil\n|\n|-weather|none\n|upkeep\n|turn|9\n|\n|t:|1776562179\n|move|p1b: Froslass|Shadow Ball|p2b: Incineroar\n|-resisted|p2b: Incineroar|1\n|-damage|p2b: Incineroar|0 fnt\n|faint|p2b: Incineroar\n|\n|win|Chromation\n|raw|Chromation's rating: 1228 &rarr; <strong>1252</strong><br />(+24 for winning)\n|raw|zaulpokemonpro's rating: 1211 &rarr; <strong>1187</strong><br />(-24 for losing)\n",
  "uploadtime": 1776562186,
  "views": 9,
  "formatid": "gen9championsvgc2026regma",
  "rating": 1187,
  "private": 0,
  "password": null
}