{
  "id": "gen9championsvgc2026regma-2584530033",
  "format": "[Gen 9 Champions] VGC 2026 Reg M-A",
  "players": [
    "kingdododo",
    "mkugmrs_guest"
  ],
  "log": "|j|\u2606kingdododo\n|j|\u2606mkugmrs_guest\n|t:|1776266873\n|gametype|doubles\n|player|p1|kingdododo|2|1142\n|player|p2|mkugmrs_guest|iono-masters2|1143\n|gen|9\n|tier|[Gen 9 Champions] VGC 2026 Reg M-A\n|rated|\n|rule|Species Clause: Limit one of each Pok\u00e9mon\n|rule|Item Clause: Limit 1 of each item\n|clearpoke\n|poke|p1|Meganium, L50, F|\n|poke|p1|Aerodactyl, L50, M|\n|poke|p1|Tauros-Paldea-Aqua, L50, M|\n|poke|p1|Archaludon, L50, F|\n|poke|p1|Kangaskhan, L50, F|\n|poke|p1|Typhlosion-Hisui, L50, F|\n|poke|p2|Alakazam, L50, M|\n|poke|p2|Crabominable, L50, F|\n|poke|p2|Pelipper, L50, M|\n|poke|p2|Basculegion, L50, M|\n|poke|p2|Snorlax, L50, M|\n|poke|p2|Ampharos, L50, F|\n|teampreview|4\n|inactive|Battle timer is ON: inactive players will automatically lose when time's up. (requested by kingdododo)\n|c|\u2606mkugmrs_guest|someone watch a wolfe video i see\nmkugmrs_guest rejected open team sheets.\n|inactive|kingdododo has 60 seconds left.\n|inactive|mkugmrs_guest has 60 seconds left.\n|\n|t:|1776266922\n|teamsize|p1|4\n|teamsize|p2|4\n|start\n|switch|p1a: Aerodactyl|Aerodactyl, L50, M|100/100\n|switch|p1b: Meganium|Meganium, L50, F|100/100\n|switch|p2a: Basculegion|Basculegion, L50, M, shiny|100/100\n|switch|p2b: Snorlax|Snorlax, L50, M|100/100\n|-ability|p1a: Aerodactyl|Unnerve\n|turn|1\n|inactive|kingdododo has 30 seconds left.\n|\n|t:|1776266950\n|detailschange|p1b: Meganium|Meganium-Mega, L50, F\n|-mega|p1b: Meganium|Meganium|Meganiumite\n|move|p1a: Aerodactyl|Tailwind|p1a: Aerodactyl\n|-sidestart|p1: kingdododo|move: Tailwind\n|move|p1b: Meganium|Solar Beam||[still]\n|-prepare|p1b: Meganium|Solar Beam\n|-activate|p1b: Meganium|ability: Mega Sol\n|-anim|p1b: Meganium|Solar Beam|p2a: Basculegion\n|-supereffective|p2a: Basculegion|1\n|-damage|p2a: Basculegion|0 fnt\n|faint|p2a: Basculegion\n|move|p2b: Snorlax|Yawn|p1b: Meganium\n|-start|p1b: Meganium|move: Yawn|[of] p2b: Snorlax\n|\n|upkeep\n|\n|t:|1776266961\n|switch|p2a: Pelipper|Pelipper, L50, M, shiny|100/100\n|-weather|RainDance|[from] ability: Drizzle|[of] p2a: Pelipper\n|turn|2\n|\n|t:|1776266986\n|switch|p1b: Tauros|Tauros-Paldea-Aqua, L50, M|100/100\n|-ability|p1b: Tauros|Intimidate|boost\n|-unboost|p2a: Pelipper|atk|1\n|-unboost|p2b: Snorlax|atk|1\n|move|p1a: Aerodactyl|Rock Slide|p2b: Snorlax|[spread] p2a,p2b\n|-supereffective|p2a: Pelipper|1\n|-damage|p2a: Pelipper|45/100\n|-damage|p2b: Snorlax|83/100\n|move|p2a: Pelipper|Hurricane|p1b: Tauros\n|-supereffective|p1b: Tauros|1\n|-damage|p1b: Tauros|0 fnt\n|faint|p1b: Tauros\n|move|p2b: Snorlax|Rock Slide|p1a: Aerodactyl\n|-supereffective|p1a: Aerodactyl|1\n|-damage|p1a: Aerodactyl|62/100\n|\n|-weather|RainDance|[upkeep]\n|-heal|p2b: Snorlax|89/100|[from] item: Leftovers\n|upkeep\n|\n|t:|1776267003\n|switch|p1b: Meganium|Meganium-Mega, L50, F|100/100\n|turn|3\n|\n|t:|1776267014\n|move|p2a: Pelipper|Wide Guard|p2a: Pelipper\n|-singleturn|p2a: Pelipper|Wide Guard\n|move|p1a: Aerodactyl|Rock Slide|p2a: Pelipper|[spread] \n|-activate|p2a: Pelipper|move: Wide Guard\n|-activate|p2b: Snorlax|move: Wide Guard\n|move|p1b: Meganium|Solar Beam||[still]\n|-prepare|p1b: Meganium|Solar Beam\n|-activate|p1b: Meganium|ability: Mega Sol\n|-anim|p1b: Meganium|Solar Beam|p2b: Snorlax\n|-damage|p2b: Snorlax|45/100\n|move|p2b: Snorlax|Yawn|p1b: Meganium\n|-start|p1b: Meganium|move: Yawn|[of] p2b: Snorlax\n|\n|-weather|RainDance|[upkeep]\n|-heal|p2b: Snorlax|51/100|[from] item: Leftovers\n|upkeep\n|turn|4\n|\n|t:|1776267035\n|move|p1a: Aerodactyl|Dual Wingbeat|p2a: Pelipper\n|-damage|p2a: Pelipper|24/100\n|-damage|p2a: Pelipper|2/100\n|-hitcount|p2a: Pelipper|2\n|move|p1b: Meganium|Solar Beam||[still]\n|-prepare|p1b: Meganium|Solar Beam\n|-activate|p1b: Meganium|ability: Mega Sol\n|-anim|p1b: Meganium|Solar Beam|p2b: Snorlax\n|-damage|p2b: Snorlax|5/100\n|move|p2a: Pelipper|Weather Ball|p1a: Aerodactyl\n|-supereffective|p1a: Aerodactyl|1\n|-damage|p1a: Aerodactyl|0 fnt\n|faint|p1a: Aerodactyl\n|move|p2b: Snorlax|Rock Slide|p1b: Meganium\n|-damage|p1b: Meganium|88/100\n|\n|-weather|RainDance|[upkeep]\n|-heal|p2b: Snorlax|11/100|[from] item: Leftovers\n|-end|p1b: Meganium|move: Yawn|[silent]\n|-status|p1b: Meganium|slp\n|-sideend|p1: kingdododo|move: Tailwind\n|upkeep\n|\n|t:|1776267053\n|switch|p1a: Archaludon|Archaludon, L50, F|100/100\n|turn|5\n|\n|t:|1776267070\n|cant|p1b: Meganium|slp\n|move|p1a: Archaludon|Flash Cannon|p2b: Snorlax\n|-damage|p2b: Snorlax|0 fnt\n|faint|p2b: Snorlax\n|move|p2a: Pelipper|Hurricane|p1b: Meganium\n|-supereffective|p1b: Meganium|1\n|-damage|p1b: Meganium|0 fnt\n|faint|p1b: Meganium\n|\n|-weather|RainDance|[upkeep]\n|upkeep\n|\n|t:|1776267072\n|switch|p2b: Ampharos|Ampharos, L50, F|100/100\n|turn|6\n|\n|t:|1776267092\n|move|p1a: Archaludon|Flash Cannon|p2a: Pelipper\n|-resisted|p2a: Pelipper|1\n|-damage|p2a: Pelipper|0 fnt\n|faint|p2a: Pelipper\n|move|p2b: Ampharos|Focus Blast|p1a: Archaludon\n|-supereffective|p1a: Archaludon|1\n|-damage|p1a: Archaludon|0 fnt\n|faint|p1a: Archaludon\n|\n|win|mkugmrs_guest\n|raw|kingdododo's rating: 1142 &rarr; <strong>1117</strong><br />(-25 for losing)\n|raw|mkugmrs_guest's rating: 1143 &rarr; <strong>1168</strong><br />(+25 for winning)\n",
  "uploadtime": 1776267095,
  "views": 21,
  "formatid": "gen9championsvgc2026regma",
  "rating": 1117,
  "private": 0,
  "password": null
}