{
  "id": "gen9championsvgc2026regma-2584065575",
  "format": "[Gen 9 Champions] VGC 2026 Reg M-A",
  "players": [
    "Zhm/r",
    "billbond"
  ],
  "log": "|j|\u2606Zhm/r\n|j|\u2606billbond\n|t:|1776221664\n|gametype|doubles\n|player|p1|Zhm/r|clown|1208\n|player|p2|billbond|170|1290\n|gen|9\n|tier|[Gen 9 Champions] VGC 2026 Reg M-A\n|rated|\n|rule|Species Clause: Limit one of each Pok\u00e9mon\n|rule|Item Clause: Limit 1 of each item\n|clearpoke\n|poke|p1|Aggron, L50, M|\n|poke|p1|Slowbro, L50, M|\n|poke|p1|Incineroar, L50, M|\n|poke|p1|Sinistcha, L50|\n|poke|p1|Meganium, L50, F|\n|poke|p1|Aerodactyl, L50, F|\n|poke|p2|Maushold, L50|\n|poke|p2|Tyranitar, L50, M|\n|poke|p2|Meganium, L50, F|\n|poke|p2|Sneasler, L50, M|\n|poke|p2|Aerodactyl, L50, F|\n|poke|p2|Basculegion, L50, M|\n|teampreview|4\n|\n|t:|1776221694\n|teamsize|p1|4\n|teamsize|p2|4\n|start\n|switch|p1a: Aggron|Aggron, L50, M|100/100\n|switch|p1b: Slowbro|Slowbro, L50, M|100/100\n|switch|p2a: Maushold|Maushold, L50|100/100\n|switch|p2b: Tyranitar|Tyranitar, L50, M|100/100\n|-weather|Sandstorm|[from] ability: Sand Stream|[of] p2b: Tyranitar\n|turn|1\n|\n|t:|1776221717\n|detailschange|p1a: Aggron|Aggron-Mega, L50, M\n|-mega|p1a: Aggron|Aggron|Aggronite\n|move|p2a: Maushold|Taunt|p1a: Aggron\n|-start|p1a: Aggron|move: Taunt\n|move|p2b: Tyranitar|Knock Off|p1b: Slowbro\n|-supereffective|p1b: Slowbro|1\n|-damage|p1b: Slowbro|13/100\n|-enditem|p1b: Slowbro|Leftovers|[from] move: Knock Off|[of] p2b: Tyranitar\n|move|p1a: Aggron|Body Press|p2b: Tyranitar\n|-supereffective|p2b: Tyranitar|2\n|-damage|p2b: Tyranitar|0 fnt\n|faint|p2b: Tyranitar\n|move|p1b: Slowbro|Trick Room|p1b: Slowbro\n|-fieldstart|move: Trick Room|[of] p1b: Slowbro\n|\n|-weather|Sandstorm|[upkeep]\n|-damage|p1b: Slowbro|7/100|[from] Sandstorm\n|-damage|p2a: Maushold|94/100|[from] Sandstorm\n|upkeep\n|\n|t:|1776221729\n|switch|p2b: Meganium|Meganium, L50, F|100/100\n|turn|2\n|\n|t:|1776221749\n|switch|p1b: Sinistcha|Sinistcha, L50|100/100\n|detailschange|p2b: Meganium|Meganium-Mega, L50, F\n|-mega|p2b: Meganium|Meganium|Meganiumite\n|move|p2a: Maushold|Follow Me|p2a: Maushold\n|-singleturn|p2a: Maushold|move: Follow Me\n|move|p1a: Aggron|Body Press|p2a: Maushold\n|-supereffective|p2a: Maushold|1\n|-enditem|p2a: Maushold|Chople Berry|[eat]\n|-enditem|p2a: Maushold|Chople Berry|[weaken]\n|-damage|p2a: Maushold|41/100\n|move|p2b: Meganium|Earth Power|p1a: Aggron\n|-supereffective|p1a: Aggron|1\n|-damage|p1a: Aggron|58/100\n|\n|-weather|Sandstorm|[upkeep]\n|-damage|p1b: Sinistcha|94/100|[from] Sandstorm\n|-damage|p2b: Meganium|94/100|[from] Sandstorm\n|-damage|p2a: Maushold|35/100|[from] Sandstorm\n|upkeep\n|turn|3\n|\n|t:|1776221780\n|move|p1b: Sinistcha|Rage Powder|p1b: Sinistcha\n|-singleturn|p1b: Sinistcha|move: Rage Powder\n|move|p2a: Maushold|Follow Me|p2a: Maushold\n|-singleturn|p2a: Maushold|move: Follow Me\n|move|p1a: Aggron|Body Press|p2a: Maushold\n|-supereffective|p2a: Maushold|1\n|-damage|p2a: Maushold|0 fnt\n|faint|p2a: Maushold\n|move|p2b: Meganium|Earth Power|p1a: Aggron\n|-supereffective|p1a: Aggron|1\n|-damage|p1a: Aggron|11/100\n|-unboost|p1a: Aggron|spd|1\n|\n|-weather|Sandstorm|[upkeep]\n|-damage|p1b: Sinistcha|88/100|[from] Sandstorm\n|-damage|p2b: Meganium|88/100|[from] Sandstorm\n|-end|p1a: Aggron|move: Taunt\n|upkeep\n|\n|t:|1776221785\n|switch|p2a: Basculegion|Basculegion, L50, M|100/100\n|turn|4\n|\n|t:|1776221808\n|switch|p1a: Slowbro|Slowbro, L50, M|41/100\n|move|p2a: Basculegion|Aqua Jet|p1a: Slowbro\n|-resisted|p1a: Slowbro|1\n|-damage|p1a: Slowbro|28/100\n|move|p1b: Sinistcha|Matcha Gotcha|p2a: Basculegion|[spread] p2a,p2b\n|-supereffective|p2a: Basculegion|1\n|-resisted|p2b: Meganium|1\n|-damage|p2a: Basculegion|40/100\n|-heal|p1b: Sinistcha|100/100|[from] drain|[of] p2a: Basculegion\n|-damage|p2b: Meganium|77/100\n|-status|p2a: Basculegion|brn\n|-status|p2b: Meganium|brn\n|move|p2b: Meganium|Dazzling Gleam|p1b: Sinistcha|[spread] p1a,p1b\n|-damage|p1a: Slowbro|0 fnt\n|-damage|p1b: Sinistcha|70/100\n|faint|p1a: Slowbro\n|\n|-weather|Sandstorm|[upkeep]\n|-damage|p1b: Sinistcha|64/100|[from] Sandstorm\n|-damage|p2b: Meganium|71/100 brn|[from] Sandstorm\n|-damage|p2a: Basculegion|33/100 brn|[from] Sandstorm\n|-damage|p2b: Meganium|64/100 brn|[from] brn\n|-damage|p2a: Basculegion|27/100 brn|[from] brn\n|upkeep\n|\n|t:|1776221828\n|switch|p1a: Incineroar|Incineroar, L50, M|100/100\n|-ability|p1a: Incineroar|Intimidate|boost\n|-unboost|p2a: Basculegion|atk|1\n|-unboost|p2b: Meganium|atk|1\n|turn|5\n|\n|t:|1776221842\n|move|p1a: Incineroar|Fake Out|p2b: Meganium\n|-damage|p2b: Meganium|52/100 brn\n|move|p2a: Basculegion|Aqua Jet|p1a: Incineroar\n|-supereffective|p1a: Incineroar|1\n|-damage|p1a: Incineroar|83/100\n|move|p1b: Sinistcha|Matcha Gotcha|p2a: Basculegion|[spread] p2b\n|-miss|p1b: Sinistcha|p2a: Basculegion\n|-resisted|p2b: Meganium|1\n|-damage|p2b: Meganium|42/100 brn\n|-heal|p1b: Sinistcha|69/100|[from] drain|[of] p2b: Meganium\n|cant|p2b: Meganium|flinch\n|\n|-weather|none\n|-damage|p2b: Meganium|36/100 brn|[from] brn\n|-damage|p2a: Basculegion|21/100 brn|[from] brn\n|-fieldend|move: Trick Room\n|upkeep\n|turn|6\n|-message|billbond forfeited.\n|\n|win|Zhm/r\n|raw|Zhm&#x2f;r's rating: 1208 &rarr; <strong>1239</strong><br />(+31 for winning)\n|raw|billbond's rating: 1290 &rarr; <strong>1259</strong><br />(-31 for losing)\n|l|\u2606billbond\n|player|p2|\n",
  "uploadtime": 1776221877,
  "views": 25,
  "formatid": "gen9championsvgc2026regma",
  "rating": 1239,
  "private": 0,
  "password": null
}