{
  "id": "gen9championsvgc2026regma-2581518730",
  "format": "[Gen 9 Champions] VGC 2026 Reg M-A",
  "players": [
    "imperialdave1",
    "Keshari"
  ],
  "log": "|j|\u2606imperialdave1\n|j|\u2606Keshari\n|t:|1776007657\n|gametype|doubles\n|player|p1|imperialdave1|170|1175\n|player|p2|Keshari|cynthia-gen4|1093\n|gen|9\n|tier|[Gen 9 Champions] VGC 2026 Reg M-A\n|rated|\n|rule|Species Clause: Limit one of each Pok\u00e9mon\n|rule|Item Clause: Limit 1 of each item\n|clearpoke\n|poke|p1|Scovillain, L50, F|\n|poke|p1|Zoroark-Hisui, L50, M|\n|poke|p1|Sinistcha, L50|\n|poke|p1|Incineroar, L50, F|\n|poke|p1|Kleavor, L50, F|\n|poke|p1|Sneasler, L50, F|\n|poke|p2|Froslass, L50, F|\n|poke|p2|Incineroar, L50, M|\n|poke|p2|Whimsicott, L50, F|\n|poke|p2|Farigiraf, L50, F|\n|poke|p2|Garchomp, L50, M|\n|poke|p2|Dragapult, L50, M|\n|teampreview|4\n|inactive|Battle timer is ON: inactive players will automatically lose when time's up. (requested by imperialdave1)\nimperialdave1 rejected open team sheets.\n|\n|t:|1776007701\n|teamsize|p1|4\n|teamsize|p2|4\n|start\n|switch|p1a: Kleavor|Kleavor, L50, F|100/100\n|switch|p1b: Sneasler|Sneasler, L50, F|100/100\n|switch|p2a: Incineroar|Incineroar, L50, M|100/100\n|switch|p2b: Whimsicott|Whimsicott, L50, F|100/100\n|-ability|p2a: Incineroar|Intimidate|boost\n|-unboost|p1a: Kleavor|atk|1\n|-unboost|p1b: Sneasler|atk|1\n|-enditem|p1b: Sneasler|White Herb\n|-clearnegativeboost|p1b: Sneasler|[silent]\n|turn|1\n|inactive|imperialdave1 has 30 seconds left.\n|inactive|Keshari has 30 seconds left.\n|inactive|Keshari has 20 seconds left.\n|inactive|Keshari has 15 seconds left.\n|\n|t:|1776007744\n|move|p1b: Sneasler|Fake Out|p2b: Whimsicott\n|-damage|p2b: Whimsicott|82/100\n|move|p2a: Incineroar|Fake Out|p1b: Sneasler\n|-damage|p1b: Sneasler|80/100\n|cant|p2b: Whimsicott|flinch\n|move|p1a: Kleavor|Stone Axe|p2a: Incineroar\n|-supereffective|p2a: Incineroar|1\n|-damage|p2a: Incineroar|32/100\n|-sidestart|p2: Keshari|move: Stealth Rock\n|\n|upkeep\n|turn|2\n|inactive|Keshari has 30 seconds left.\n|\n|t:|1776007769\n|move|p2b: Whimsicott|Encore|p1b: Sneasler\n|-start|p1b: Sneasler|Encore\n|move|p1b: Sneasler|Fake Out||[still]\n|-hint|Fake Out only works on your first turn out.\n|-fail|p1b: Sneasler\n|move|p1a: Kleavor|Stone Axe|p2a: Incineroar\n|-supereffective|p2a: Incineroar|1\n|-damage|p2a: Incineroar|0 fnt\n|faint|p2a: Incineroar\n|\n|upkeep\n|\n|t:|1776007789\n|switch|p2a: Froslass|Froslass, L50, F|100/100\n|-damage|p2a: Froslass|76/100|[from] Stealth Rock\n|turn|3\n|\n|t:|1776007809\n|switch|p1b: Sneasler|Sneasler, L50, F|100/100\n|detailschange|p2a: Froslass|Froslass-Mega, L50, F\n|-mega|p2a: Froslass|Froslass|Froslassite\n|-weather|Snowscape|[from] ability: Snow Warning|[of] p2a: Froslass\n|move|p1a: Kleavor|Stone Axe|p2a: Froslass\n|-supereffective|p2a: Froslass|1\n|-damage|p2a: Froslass|0 fnt\n|faint|p2a: Froslass\n|move|p2b: Whimsicott|Dazzling Gleam|p1b: Sneasler|[spread] p1a,p1b\n|-damage|p1a: Kleavor|67/100\n|-damage|p1b: Sneasler|59/100\n|replace|p1b: Zoroark|Zoroark-Hisui, L50, M\n|-end|p1b: Zoroark|Illusion\n|\n|-weather|Snowscape|[upkeep]\n|upkeep\n|\n|t:|1776007825\n|switch|p2a: Garchomp|Garchomp, L50, M|100/100\n|-damage|p2a: Garchomp|95/100|[from] Stealth Rock\n|turn|4\n|\n|t:|1776007840\n|move|p2b: Whimsicott|Protect|p2b: Whimsicott\n|-singleturn|p2b: Whimsicott|Protect\n|move|p1b: Zoroark|Protect|p1b: Zoroark\n|-singleturn|p1b: Zoroark|Protect\n|move|p2a: Garchomp|Rock Slide|p1b: Zoroark|[spread] p1a\n|-activate|p1b: Zoroark|move: Protect\n|-supereffective|p1a: Kleavor|1\n|-damage|p1a: Kleavor|16/100\n|move|p1a: Kleavor|Stone Axe|p2b: Whimsicott\n|-activate|p2b: Whimsicott|move: Protect\n|\n|-weather|Snowscape|[upkeep]\n|upkeep\n|turn|5\n|\n|t:|1776007857\n|switch|p1b: Sinistcha|Sinistcha, L50|100/100\n|-heal|p1a: Kleavor|40/100|[from] ability: Hospitality|[of] p1b: Sinistcha\n|move|p2a: Garchomp|Rock Slide|p1b: Sinistcha|[spread] p1a,p1b\n|-supereffective|p1a: Kleavor|1\n|-damage|p1a: Kleavor|0 fnt\n|-damage|p1b: Sinistcha|83/100\n|faint|p1a: Kleavor\n|move|p2b: Whimsicott|Dazzling Gleam|p1b: Sinistcha\n|-damage|p1b: Sinistcha|43/100\n|-enditem|p1b: Sinistcha|Sitrus Berry|[eat]\n|-heal|p1b: Sinistcha|68/100|[from] item: Sitrus Berry\n|\n|-weather|Snowscape|[upkeep]\n|upkeep\n|\n|t:|1776007874\n|switch|p1a: Sneasler|Sneasler, L50, F|59/100\n|turn|6\n|\n|t:|1776007882\n|move|p2b: Whimsicott|Protect|p2b: Whimsicott\n|-singleturn|p2b: Whimsicott|Protect\n|move|p2a: Garchomp|Rock Slide|p1a: Sneasler|[spread] p1a,p1b\n|-damage|p1a: Sneasler|20/100\n|-damage|p1b: Sinistcha|50/100\n|replace|p1a: Zoroark|Zoroark-Hisui, L50, M\n|-end|p1a: Zoroark|Illusion\n|move|p1a: Zoroark|Icy Wind|p2b: Whimsicott|[spread] p2a\n|-activate|p2b: Whimsicott|move: Protect\n|-supereffective|p2a: Garchomp|2\n|-damage|p2a: Garchomp|32/100\n|-unboost|p2a: Garchomp|spe|1\n|cant|p1b: Sinistcha|flinch\n|\n|-weather|Snowscape|[upkeep]\n|upkeep\n|turn|7\n|\n|t:|1776007905\n|move|p1a: Zoroark|Protect|p1a: Zoroark\n|-singleturn|p1a: Zoroark|Protect\n|move|p2b: Whimsicott|Tailwind|p2b: Whimsicott\n|-sidestart|p2: Keshari|move: Tailwind\n|move|p2a: Garchomp|Rock Slide|p1b: Sinistcha|[spread] \n|-activate|p1a: Zoroark|move: Protect\n|-miss|p2a: Garchomp|p1b: Sinistcha\n|move|p1b: Sinistcha|Matcha Gotcha|p2b: Whimsicott|[spread] p2a,p2b\n|-resisted|p2b: Whimsicott|1\n|-crit|p2b: Whimsicott\n|-damage|p2a: Garchomp|0 fnt\n|-heal|p1b: Sinistcha|66/100|[from] drain|[of] p2a: Garchomp\n|-damage|p2b: Whimsicott|42/100\n|-heal|p1b: Sinistcha|81/100|[from] drain|[of] p2b: Whimsicott\n|faint|p2a: Garchomp\n|\n|-weather|none\n|upkeep\n|turn|8\n|-message|Keshari forfeited.\n|\n|win|imperialdave1\n|raw|imperialdave1's rating: 1175 &rarr; <strong>1194</strong><br />(+19 for winning)\n|raw|Keshari's rating: 1093 &rarr; <strong>1075</strong><br />(-18 for losing)\n|l|\u2606Keshari\n|player|p2|\n|c|\u2606imperialdave1|Gg\n|l|\u2606imperialdave1\n|player|p1|\n|j|\u2606imperialdave1\n|player|p1|imperialdave1|170|\n",
  "uploadtime": 1776007982,
  "views": 16,
  "formatid": "gen9championsvgc2026regma",
  "rating": 1075,
  "private": 0,
  "password": null
}