{
  "id": "gen9championsvgc2026regma-2586929897",
  "format": "[Gen 9 Champions] VGC 2026 Reg M-A",
  "players": [
    "phontom",
    "Astyacos"
  ],
  "log": "|j|\u2606phontom\n|j|\u2606Astyacos\n|t:|1776472836\n|gametype|doubles\n|player|p1|phontom|dragontamer|1040\n|player|p2|Astyacos|2|1049\n|gen|9\n|tier|[Gen 9 Champions] VGC 2026 Reg M-A\n|rated|\n|rule|Species Clause: Limit one of each Pok\u00e9mon\n|rule|Item Clause: Limit 1 of each item\n|clearpoke\n|poke|p1|Archaludon, L50, M|\n|poke|p1|Meganium, L50, F|\n|poke|p1|Pelipper, L50, F|\n|poke|p1|Sneasler, L50, M|\n|poke|p1|Politoed, L50, F|\n|poke|p1|Aerodactyl, L50, M|\n|poke|p2|Abomasnow, L50, M|\n|poke|p2|Mr. Rime, L50, M|\n|poke|p2|Crabominable, L50, M|\n|poke|p2|Clefable, L50, F|\n|poke|p2|Greninja-*, L50, M|\n|poke|p2|Avalugg-Hisui, L50, M|\n|teampreview|4\n|\n|t:|1776472879\n|teamsize|p1|4\n|teamsize|p2|4\n|start\n|switch|p1a: Politoed|Politoed, L50, F|100/100\n|switch|p1b: Archaludon|Archaludon, L50, M|100/100\n|switch|p2a: Abomasnow|Abomasnow, L50, M, shiny|100/100\n|switch|p2b: Mr. Rime|Mr. Rime, L50, M, shiny|100/100\n|-weather|RainDance|[from] ability: Drizzle|[of] p1a: Politoed\n|-weather|Snowscape|[from] ability: Snow Warning|[of] p2a: Abomasnow\n|turn|1\n|\n|t:|1776472899\n|detailschange|p2a: Abomasnow|Abomasnow-Mega, L50, M, shiny\n|-mega|p2a: Abomasnow|Abomasnow|Abomasite\n|move|p1a: Politoed|Helping Hand|p1b: Archaludon\n|-singleturn|p1b: Archaludon|Helping Hand|[of] p1a: Politoed\n|move|p1b: Archaludon|Flash Cannon|p2a: Abomasnow\n|-supereffective|p2a: Abomasnow|1\n|-damage|p2a: Abomasnow|0 fnt\n|faint|p2a: Abomasnow\n|move|p2b: Mr. Rime|Trick Room|p2b: Mr. Rime\n|-fieldstart|move: Trick Room|[of] p2b: Mr. Rime\n|\n|-weather|Snowscape|[upkeep]\n|upkeep\n|\n|t:|1776472913\n|switch|p2a: Crabominable|Crabominable, L50, M, shiny|100/100\n|turn|2\n|\n|t:|1776472927\n|switch|p1a: Pelipper|Pelipper, L50, F|100/100\n|-weather|RainDance|[from] ability: Drizzle|[of] p1a: Pelipper\n|move|p1b: Archaludon|Protect|p1b: Archaludon\n|-singleturn|p1b: Archaludon|Protect\n|move|p2a: Crabominable|Substitute|p2a: Crabominable\n|-start|p2a: Crabominable|Substitute\n|-damage|p2a: Crabominable|76/100\n|move|p2b: Mr. Rime|Freeze-Dry|p1a: Pelipper\n|-supereffective|p1a: Pelipper|2\n|-damage|p1a: Pelipper|0 fnt\n|faint|p1a: Pelipper\n|\n|-weather|RainDance|[upkeep]\n|upkeep\n|\n|t:|1776472948\n|switch|p1a: Meganium|Meganium, L50, F|100/100\n|turn|3\n|\n|t:|1776472959\n|detailschange|p1a: Meganium|Meganium-Mega, L50, F\n|-mega|p1a: Meganium|Meganium|Meganiumite\n|-singleturn|p2a: Crabominable|move: Focus Punch\n|move|p2b: Mr. Rime|Freeze-Dry|p1b: Archaludon\n|-damage|p1b: Archaludon|62/100\n|move|p1a: Meganium|Weather Ball|p2b: Mr. Rime\n|-supereffective|p2b: Mr. Rime|1\n|-damage|p2b: Mr. Rime|4/100\n|move|p1b: Archaludon|Electro Shot||[still]\n|-prepare|p1b: Archaludon|Electro Shot\n|-boost|p1b: Archaludon|spa|1\n|-anim|p1b: Archaludon|Electro Shot|p2a: Crabominable\n|-end|p2a: Crabominable|Substitute\n|move|p2a: Crabominable|Focus Punch|p1b: Archaludon\n|-supereffective|p1b: Archaludon|1\n|-damage|p1b: Archaludon|0 fnt\n|faint|p1b: Archaludon\n|\n|-weather|RainDance|[upkeep]\n|upkeep\n|\n|t:|1776472971\n|switch|p1b: Politoed|Politoed, L50, F|100/100\n|turn|4\n|\n|t:|1776472988\n|move|p1b: Politoed|Helping Hand|p1a: Meganium\n|-singleturn|p1a: Meganium|Helping Hand|[of] p1b: Politoed\n|move|p2a: Crabominable|Substitute|p2a: Crabominable\n|-start|p2a: Crabominable|Substitute\n|-damage|p2a: Crabominable|51/100\n|move|p2b: Mr. Rime|Freeze-Dry|p1b: Politoed\n|-supereffective|p1b: Politoed|1\n|-damage|p1b: Politoed|41/100\n|-enditem|p1b: Politoed|Sitrus Berry|[eat]\n|-heal|p1b: Politoed|66/100|[from] item: Sitrus Berry\n|move|p1a: Meganium|Dazzling Gleam|p2a: Crabominable|[spread] p2a,p2b\n|-supereffective|p2a: Crabominable|1\n|-end|p2a: Crabominable|Substitute\n|-damage|p2b: Mr. Rime|0 fnt\n|faint|p2b: Mr. Rime\n|\n|-weather|RainDance|[upkeep]\n|upkeep\n|\n|t:|1776473006\n|switch|p2b: Avalugg|Avalugg-Hisui, L50, M, shiny|100/100\n|turn|5\n|\n|t:|1776473027\n|move|p2a: Crabominable|Drain Punch|p1b: Politoed\n|-damage|p1b: Politoed|0 fnt\n|-heal|p2a: Crabominable|78/100|[from] drain|[of] p1b: Politoed\n|faint|p1b: Politoed\n|move|p2b: Avalugg|Gyro Ball|p1a: Meganium\n|-supereffective|p1a: Meganium|1\n|-damage|p1a: Meganium|67/100\n|move|p1a: Meganium|Weather Ball|p2a: Crabominable\n|-supereffective|p2a: Crabominable|1\n|-damage|p2a: Crabominable|0 fnt\n|faint|p2a: Crabominable\n|\n|-weather|RainDance|[upkeep]\n|-fieldend|move: Trick Room\n|upkeep\n|turn|6\n|-activate|p2b: Avalugg|item: Quick Claw\n|\n|t:|1776473053\n|move|p2b: Avalugg|Gyro Ball|p1a: Meganium\n|-supereffective|p1a: Meganium|1\n|-damage|p1a: Meganium|34/100\n|move|p1a: Meganium|Solar Beam||[still]\n|-prepare|p1a: Meganium|Solar Beam\n|-activate|p1a: Meganium|ability: Mega Sol\n|-anim|p1a: Meganium|Solar Beam|p2b: Avalugg\n|-supereffective|p2b: Avalugg|1\n|-ability|p2b: Avalugg|Sturdy\n|-damage|p2b: Avalugg|1/100\n|\n|-weather|none\n|upkeep\n|turn|7\n|-activate|p2b: Avalugg|item: Quick Claw\n|\n|t:|1776473074\n|move|p2b: Avalugg|Gyro Ball|p1a: Meganium\n|-supereffective|p1a: Meganium|1\n|-damage|p1a: Meganium|2/100\n|move|p1a: Meganium|Solar Beam||[still]\n|-prepare|p1a: Meganium|Solar Beam\n|-activate|p1a: Meganium|ability: Mega Sol\n|-anim|p1a: Meganium|Solar Beam|p2b: Avalugg\n|-supereffective|p2b: Avalugg|1\n|-damage|p2b: Avalugg|0 fnt\n|faint|p2b: Avalugg\n|\n|win|phontom\n|raw|phontom's rating: 1040 &rarr; <strong>1075</strong><br />(+35 for winning)\n|raw|Astyacos's rating: 1049 &rarr; <strong>1031</strong><br />(-18 for losing)\n|c|\u2606Astyacos|GG\n|l|\u2606phontom\n|player|p1|\n",
  "uploadtime": 1776473095,
  "views": 24,
  "formatid": "gen9championsvgc2026regma",
  "rating": 1031,
  "private": 0,
  "password": null
}