{
  "id": "gen9championsvgc2026regma-2582567921",
  "format": "[Gen 9 Champions] VGC 2026 Reg M-A",
  "players": [
    "Zapdos79",
    "fbblue88"
  ],
  "log": "|j|\u2606Zapdos79\n|j|\u203dfbblue88\n|t:|1776099879\n|gametype|doubles\n|player|p1|Zapdos79|flannery|1127\n|player|p2|fbblue88|265|1111\n|gen|9\n|tier|[Gen 9 Champions] VGC 2026 Reg M-A\n|rated|\n|rule|Species Clause: Limit one of each Pok\u00e9mon\n|rule|Item Clause: Limit 1 of each item\n|clearpoke\n|poke|p1|Tyranitar, L50, F|\n|poke|p1|Talonflame, L50, F|\n|poke|p1|Excadrill, L50, M|\n|poke|p1|Meganium, L50, F|\n|poke|p1|Farigiraf, L50, F|\n|poke|p1|Incineroar, L50, F|\n|poke|p2|Starmie, L50|\n|poke|p2|Rhyperior, L50, F|\n|poke|p2|Sinistcha, L50|\n|poke|p2|Dragonite, L50, M|\n|poke|p2|Aerodactyl, L50, M|\n|poke|p2|Pelipper, L50, F|\n|teampreview|4\nfbblue88 rejected open team sheets.\n|inactive|Battle timer is ON: inactive players will automatically lose when time's up. (requested by fbblue88)\n|\n|t:|1776099922\n|teamsize|p1|4\n|teamsize|p2|4\n|start\n|switch|p1a: Incineroar|Incineroar, L50, F|100/100\n|switch|p1b: Meganium|Meganium, L50, F|100/100\n|switch|p2a: Starmie|Starmie, L50|100/100\n|switch|p2b: Dragonite|Dragonite, L50, M|100/100\n|-ability|p1a: Incineroar|Intimidate|boost\n|-unboost|p2a: Starmie|atk|1\n|-fail|p2b: Dragonite|unboost|Attack|[from] ability: Inner Focus|[of] p2b: Dragonite\n|turn|1\n|\n|t:|1776099937\n|detailschange|p1b: Meganium|Meganium-Mega, L50, F\n|-mega|p1b: Meganium|Meganium|Meganiumite\n|move|p2a: Starmie|Protect|p2a: Starmie\n|-singleturn|p2a: Starmie|Protect\n|move|p1a: Incineroar|Fake Out|p2b: Dragonite\n|-damage|p2b: Dragonite|84/100\n|move|p2b: Dragonite|Dragon Dance|p2b: Dragonite\n|-boost|p2b: Dragonite|atk|1\n|-boost|p2b: Dragonite|spe|1\n|move|p1b: Meganium|Dazzling Gleam|p2b: Dragonite|[spread] p2b\n|-activate|p2a: Starmie|move: Protect\n|-supereffective|p2b: Dragonite|1\n|-damage|p2b: Dragonite|1/100\n|\n|upkeep\n|turn|2\n|\n|t:|1776099962\n|detailschange|p2a: Starmie|Starmie-Mega, L50\n|-mega|p2a: Starmie|Starmie|Starminite\n|move|p2b: Dragonite|Rock Slide|p1a: Incineroar|[spread] p1a,p1b\n|-supereffective|p1a: Incineroar|1\n|-damage|p1a: Incineroar|34/100\n|-damage|p1b: Meganium|68/100\n|-enditem|p1a: Incineroar|Sitrus Berry|[eat]\n|-heal|p1a: Incineroar|59/100|[from] item: Sitrus Berry\n|-heal|p2b: Dragonite|15/100|[from] item: Shell Bell|[of] p1b: Meganium\n|move|p2a: Starmie|Skill Swap|p2b: Dragonite\n|-activate|p2a: Starmie|Skill Swap|||[of] p2b: Dragonite\n|move|p1b: Meganium|Dazzling Gleam|p2a: Starmie|[spread] p2a,p2b\n|-supereffective|p2b: Dragonite|1\n|-damage|p2a: Starmie|52/100\n|-damage|p2b: Dragonite|0 fnt\n|faint|p2b: Dragonite\n|move|p1a: Incineroar|Parting Shot|p2a: Starmie\n|-unboost|p2a: Starmie|atk|1\n|-unboost|p2a: Starmie|spa|1\n|inactive|Zapdos79 has 30 seconds left.\n|\n|t:|1776099992\n|switch|p1a: Excadrill|Excadrill, L50, M|100/100|[from] Parting Shot\n|\n|upkeep\n|\n|t:|1776100000\n|switch|p2b: Pelipper|Pelipper, L50, F|100/100\n|-weather|RainDance|[from] ability: Drizzle|[of] p2b: Pelipper\n|turn|3\n|\n|t:|1776100013\n|switch|p1b: Tyranitar|Tyranitar, L50, F|100/100\n|-weather|Sandstorm|[from] ability: Sand Stream|[of] p1b: Tyranitar\n|move|p1a: Excadrill|Protect|p1a: Excadrill\n|-singleturn|p1a: Excadrill|Protect\n|move|p2a: Starmie|Flip Turn|p1a: Excadrill\n|-activate|p1a: Excadrill|move: Protect\n|move|p2b: Pelipper|Muddy Water|p1b: Tyranitar|[spread] p1b\n|-activate|p1a: Excadrill|move: Protect\n|-supereffective|p1b: Tyranitar|1\n|-damage|p1b: Tyranitar|65/100\n|\n|-weather|Sandstorm|[upkeep]\n|-damage|p2a: Starmie|46/100|[from] Sandstorm\n|-damage|p2b: Pelipper|94/100|[from] Sandstorm\n|upkeep\n|turn|4\n|\n|t:|1776100031\n|switch|p2a: Rhyperior|Rhyperior, L50, F|100/100\n|move|p2b: Pelipper|Wide Guard|p2b: Pelipper\n|-singleturn|p2b: Pelipper|Wide Guard\n|move|p1a: Excadrill|Rock Slide|p2b: Pelipper|[spread] \n|-activate|p2a: Rhyperior|move: Wide Guard\n|-activate|p2b: Pelipper|move: Wide Guard\n|move|p1b: Tyranitar|Rock Slide|p2a: Rhyperior|[spread] \n|-activate|p2a: Rhyperior|move: Wide Guard\n|-activate|p2b: Pelipper|move: Wide Guard\n|\n|-weather|Sandstorm|[upkeep]\n|-damage|p2b: Pelipper|88/100|[from] Sandstorm\n|upkeep\n|turn|5\n|\n|t:|1776100050\n|move|p1a: Excadrill|High Horsepower|p2a: Rhyperior\n|-supereffective|p2a: Rhyperior|1\n|-damage|p2a: Rhyperior|48/100\n|move|p1b: Tyranitar|Breaking Swipe|p2a: Rhyperior|[spread] p2a,p2b\n|-damage|p2a: Rhyperior|36/100\n|-damage|p2b: Pelipper|70/100\n|-unboost|p2a: Rhyperior|atk|1\n|-unboost|p2b: Pelipper|atk|1\n|move|p2b: Pelipper|Muddy Water|p1a: Excadrill|[spread] p1a\n|-miss|p2b: Pelipper|p1b: Tyranitar\n|-supereffective|p1a: Excadrill|1\n|-damage|p1a: Excadrill|28/100\n|move|p2a: Rhyperior|Swords Dance|p2a: Rhyperior\n|-boost|p2a: Rhyperior|atk|2\n|\n|-weather|Sandstorm|[upkeep]\n|-damage|p2b: Pelipper|64/100|[from] Sandstorm\n|upkeep\n|turn|6\n|inactive|fbblue88 has 30 seconds left.\n|\n|t:|1776100076\n|move|p2a: Rhyperior|Protect|p2a: Rhyperior\n|-singleturn|p2a: Rhyperior|Protect\n|move|p1a: Excadrill|Iron Head|p2a: Rhyperior\n|-activate|p2a: Rhyperior|move: Protect\n|move|p1b: Tyranitar|Knock Off|p2b: Pelipper\n|-damage|p2b: Pelipper|14/100\n|-enditem|p2b: Pelipper|Bright Powder|[from] move: Knock Off|[of] p1b: Tyranitar\n|move|p2b: Pelipper|Muddy Water|p1b: Tyranitar|[spread] p1a,p1b\n|-supereffective|p1a: Excadrill|1\n|-supereffective|p1b: Tyranitar|1\n|-damage|p1a: Excadrill|0 fnt\n|-damage|p1b: Tyranitar|31/100\n|faint|p1a: Excadrill\n|\n|-weather|Sandstorm|[upkeep]\n|-damage|p2b: Pelipper|8/100|[from] Sandstorm\n|upkeep\n|\n|t:|1776100089\n|switch|p1a: Incineroar|Incineroar, L50, F|59/100\n|-ability|p1a: Incineroar|Intimidate|boost\n|-unboost|p2a: Rhyperior|atk|1\n|-unboost|p2b: Pelipper|atk|1\n|turn|7\n|\n|t:|1776100111\n|switch|p2b: Starmie|Starmie-Mega, L50|46/100\n|move|p1a: Incineroar|Fake Out|p2b: Starmie\n|-damage|p2b: Starmie|26/100\n|move|p1b: Tyranitar|Knock Off|p2a: Rhyperior\n|-damage|p2a: Rhyperior|0 fnt\n|-enditem|p2a: Rhyperior|Focus Sash|[from] move: Knock Off|[of] p1b: Tyranitar\n|faint|p2a: Rhyperior\n|\n|-weather|none\n|upkeep\n|\n|t:|1776100119\n|switch|p2a: Pelipper|Pelipper, L50, F|8/100\n|-weather|RainDance|[from] ability: Drizzle|[of] p2a: Pelipper\n|turn|8\n|\n|t:|1776100136\n|move|p1a: Incineroar|Protect|p1a: Incineroar\n|-singleturn|p1a: Incineroar|Protect\n|move|p2b: Starmie|Flip Turn|p1a: Incineroar\n|-activate|p1a: Incineroar|move: Protect\n|move|p1b: Tyranitar|Rock Slide|p2a: Pelipper|[spread] p2a\n|-miss|p1b: Tyranitar|p2b: Starmie\n|-supereffective|p2a: Pelipper|1\n|-damage|p2a: Pelipper|0 fnt\n|faint|p2a: Pelipper\n|\n|-weather|RainDance|[upkeep]\n|upkeep\n|turn|9\n|-message|fbblue88 forfeited.\n|\n|win|Zapdos79\n|raw|Zapdos79's rating: 1127 &rarr; <strong>1151</strong><br />(+24 for winning)\n|raw|fbblue88's rating: 1111 &rarr; <strong>1087</strong><br />(-24 for losing)\n|l|\u203dfbblue88\n|player|p2|\n",
  "uploadtime": 1776100155,
  "views": 9,
  "formatid": "gen9championsvgc2026regma",
  "rating": 1087,
  "private": 0,
  "password": null
}