{
  "id": "gen9championsvgc2026regma-2581305093",
  "format": "[Gen 9 Champions] VGC 2026 Reg M-A",
  "players": [
    "sudzoof",
    "Vengeance0"
  ],
  "log": "|j|\u2606sudzoof\n|j|\u2606Vengeance0\n|t:|1775984101\n|gametype|doubles\n|player|p1|sudzoof|265|1033\n|player|p2|Vengeance0|rosa|1088\n|gen|9\n|tier|[Gen 9 Champions] VGC 2026 Reg M-A\n|rated|\n|rule|Species Clause: Limit one of each Pok\u00e9mon\n|rule|Item Clause: Limit 1 of each item\n|clearpoke\n|poke|p1|Glimmora, L50, F|\n|poke|p1|Whimsicott, L50, M|\n|poke|p1|Incineroar, L50, M|\n|poke|p1|Hippowdon, L50, F|\n|poke|p1|Primarina, L50, F|\n|poke|p1|Scizor, L50, M|\n|poke|p2|Tsareena, L50, F|\n|poke|p2|Slowking, L50, F|\n|poke|p2|Camerupt, L50, M|\n|poke|p2|Crabominable, L50, F|\n|poke|p2|Incineroar, L50, F|\n|poke|p2|Hatterene, L50, F|\n|teampreview|4\n|\n|t:|1775984129\n|teamsize|p1|4\n|teamsize|p2|4\n|start\n|switch|p1a: Scizor|Scizor, L50, M|100/100\n|switch|p1b: Incineroar|Incineroar, L50, M|100/100\n|switch|p2a: Incineroar|Incineroar, L50, F|100/100\n|switch|p2b: Slowking|Slowking, L50, F|100/100\n|-ability|p1b: Incineroar|Intimidate|boost\n|-unboost|p2a: Incineroar|atk|1\n|-fail|p2b: Slowking|unboost|Attack|[from] ability: Oblivious|[of] p2b: Slowking\n|-ability|p2a: Incineroar|Intimidate|boost\n|-unboost|p1a: Scizor|atk|1\n|-unboost|p1b: Incineroar|atk|1\n|turn|1\n|\n|t:|1775984153\n|move|p1b: Incineroar|Fake Out|p2a: Incineroar\n|-damage|p2a: Incineroar|94/100\n|move|p1a: Scizor|Swords Dance|p1a: Scizor\n|-boost|p1a: Scizor|atk|2\n|cant|p2a: Incineroar|flinch\n|move|p2b: Slowking|Trick Room|p2b: Slowking\n|-fieldstart|move: Trick Room|[of] p2b: Slowking\n|\n|upkeep\n|turn|2\n|\n|t:|1775984177\n|move|p2b: Slowking|Scald|p1b: Incineroar\n|-supereffective|p1b: Incineroar|1\n|-damage|p1b: Incineroar|57/100\n|move|p2a: Incineroar|Flare Blitz|p1a: Scizor\n|-supereffective|p1a: Scizor|2\n|-damage|p1a: Scizor|0 fnt\n|faint|p1a: Scizor\n|-damage|p2a: Incineroar|65/100|[from] Recoil\n|move|p1b: Incineroar|Parting Shot|p2b: Slowking\n|-unboost|p2b: Slowking|atk|1\n|-unboost|p2b: Slowking|spa|1\n|\n|t:|1775984183\n|switch|p1b: Glimmora|Glimmora, L50, F|100/100|[from] Parting Shot\n|\n|upkeep\n|\n|t:|1775984186\n|switch|p1a: Incineroar|Incineroar, L50, M|57/100\n|-ability|p1a: Incineroar|Intimidate|boost\n|-unboost|p2a: Incineroar|atk|1\n|-fail|p2b: Slowking|unboost|Attack|[from] ability: Oblivious|[of] p2b: Slowking\n|turn|3\n|\n|t:|1775984199\n|detailschange|p1b: Glimmora|Glimmora-Mega, L50, F\n|-mega|p1b: Glimmora|Glimmora|Glimmoranite\n|move|p1a: Incineroar|Fake Out|p2b: Slowking\n|-damage|p2b: Slowking|92/100\n|cant|p2b: Slowking|flinch\n|move|p2a: Incineroar|Parting Shot|p1b: Glimmora\n|-unboost|p1b: Glimmora|atk|1\n|-unboost|p1b: Glimmora|spa|1\n|\n|t:|1775984207\n|switch|p2a: Crabominable|Crabominable, L50, F|100/100|[from] Parting Shot\n|move|p1b: Glimmora|Power Gem|p2a: Crabominable\n|-damage|p2a: Crabominable|57/100\n|\n|upkeep\n|turn|4\n|\n|t:|1775984222\n|detailschange|p2a: Crabominable|Crabominable-Mega, L50, F\n|-mega|p2a: Crabominable|Crabominable|Crabominite\n|move|p1b: Glimmora|Spiky Shield|p1b: Glimmora\n|-singleturn|p1b: Glimmora|move: Protect\n|move|p2b: Slowking|Scald|p1b: Glimmora\n|-activate|p1b: Glimmora|move: Protect\n|move|p2a: Crabominable|Drain Punch|p1a: Incineroar\n|-supereffective|p1a: Incineroar|1\n|-damage|p1a: Incineroar|0 fnt\n|-heal|p2a: Crabominable|85/100|[from] drain|[of] p1a: Incineroar\n|faint|p1a: Incineroar\n|\n|upkeep\n|\n|t:|1775984233\n|switch|p1a: Whimsicott|Whimsicott, L50, M|100/100\n|turn|5\n|\n|t:|1775984253\n|move|p2a: Crabominable|Protect|p2a: Crabominable\n|-singleturn|p2a: Crabominable|Protect\n|-prepare|p2b: Slowking|Chilly Reception|[premajor]\n|move|p2b: Slowking|Chilly Reception|p2b: Slowking\n|-weather|Snowscape\n|\n|t:|1775984259\n|switch|p2b: Hatterene|Hatterene, L50, F|100/100|[from] Chilly Reception\n|move|p1b: Glimmora|Sludge Bomb|p2a: Crabominable\n|-activate|p2a: Crabominable|move: Protect\n|move|p1a: Whimsicott|Moonblast|p2a: Crabominable\n|-activate|p2a: Crabominable|move: Protect\n|\n|-weather|Snowscape|[upkeep]\n|-fieldend|move: Trick Room\n|upkeep\n|turn|6\n|\n|t:|1775984288\n|move|p1a: Whimsicott|Taunt|p2b: Hatterene\n|move|p2b: Hatterene|Taunt|p1a: Whimsicott|[from] ability: Magic Bounce\n|-start|p1a: Whimsicott|move: Taunt\n|move|p1b: Glimmora|Sludge Bomb|p2a: Crabominable\n|-damage|p2a: Crabominable|50/100\n|move|p2a: Crabominable|Ice Hammer|p1a: Whimsicott\n|-supereffective|p1a: Whimsicott|1\n|-crit|p1a: Whimsicott\n|-enditem|p1a: Whimsicott|Focus Sash\n|-damage|p1a: Whimsicott|1/100\n|-unboost|p2a: Crabominable|spe|1\n|move|p2b: Hatterene|Trick Room|p2b: Hatterene\n|-fieldstart|move: Trick Room|[of] p2b: Hatterene\n|\n|-weather|Snowscape|[upkeep]\n|upkeep\n|turn|7\n|\n|t:|1775984309\n|switch|p2a: Incineroar|Incineroar, L50, F|65/100\n|-ability|p2a: Incineroar|Intimidate|boost\n|-unboost|p1a: Whimsicott|atk|1\n|-unboost|p1b: Glimmora|atk|1\n|move|p2b: Hatterene|Dazzling Gleam|p1a: Whimsicott|[spread] p1a,p1b\n|-resisted|p1b: Glimmora|1\n|-damage|p1a: Whimsicott|0 fnt\n|-damage|p1b: Glimmora|80/100\n|faint|p1a: Whimsicott\n|move|p1b: Glimmora|Sludge Bomb|p2a: Incineroar\n|-damage|p2a: Incineroar|28/100\n|-status|p2a: Incineroar|psn\n|-enditem|p2a: Incineroar|Sitrus Berry|[eat]\n|-heal|p2a: Incineroar|53/100 psn|[from] item: Sitrus Berry\n|\n|-weather|Snowscape|[upkeep]\n|-damage|p2a: Incineroar|41/100 psn|[from] psn\n|upkeep\n|turn|8\n|\n|t:|1775984326\n|move|p1b: Glimmora|Spiky Shield|p1b: Glimmora\n|-singleturn|p1b: Glimmora|move: Protect\n|move|p2b: Hatterene|Psychic|p1b: Glimmora\n|-activate|p1b: Glimmora|move: Protect\n|move|p2a: Incineroar|Parting Shot|p1b: Glimmora\n|-activate|p1b: Glimmora|move: Protect\n|\n|-weather|Snowscape|[upkeep]\n|-damage|p2a: Incineroar|28/100 psn|[from] psn\n|upkeep\n|turn|9\n|\n|t:|1775984338\n|move|p2b: Hatterene|Psychic|p1b: Glimmora\n|-supereffective|p1b: Glimmora|1\n|-damage|p1b: Glimmora|0 fnt\n|faint|p1b: Glimmora\n|\n|win|Vengeance0\n|raw|sudzoof's rating: 1033 &rarr; <strong>1020</strong><br />(-13 for losing)\n|raw|Vengeance0's rating: 1088 &rarr; <strong>1111</strong><br />(+23 for winning)\n",
  "uploadtime": 1775984343,
  "views": 23,
  "formatid": "gen9championsvgc2026regma",
  "rating": 1020,
  "private": 0,
  "password": null
}