{
  "id": "gen9championsvgc2026regma-2583330805",
  "format": "[Gen 9 Champions] VGC 2026 Reg M-A",
  "players": [
    "NegaiFreak",
    "fantocciodineve"
  ],
  "log": "|j|\u2606NegaiFreak\n|j|\u2606fantocciodineve\n|t:|1776167545\n|gametype|doubles\n|player|p1|NegaiFreak|266|1221\n|player|p2|fantocciodineve|2|1193\n|gen|9\n|tier|[Gen 9 Champions] VGC 2026 Reg M-A\n|rated|\n|rule|Species Clause: Limit one of each Pok\u00e9mon\n|rule|Item Clause: Limit 1 of each item\n|clearpoke\n|poke|p1|Archaludon, L50, M|\n|poke|p1|Pelipper, L50, F|\n|poke|p1|Basculegion, L50, M|\n|poke|p1|Meganium, L50, F|\n|poke|p1|Maushold-Four, L50|\n|poke|p1|Farigiraf, L50, F|\n|poke|p2|Arcanine, L50, M|\n|poke|p2|Rotom-Wash, L50|\n|poke|p2|Garchomp, L50, M|\n|poke|p2|Gardevoir, L50, F|\n|poke|p2|Corviknight, L50, F|\n|poke|p2|Tyranitar, L50, M|\n|teampreview|4\n|inactive|Battle timer is ON: inactive players will automatically lose when time's up. (requested by NegaiFreak)\n|c|\u2606NegaiFreak|GLHF\n|inactive|NegaiFreak has 60 seconds left.\n|inactive|fantocciodineve has 60 seconds left.\n|\n|t:|1776167587\n|teamsize|p1|4\n|teamsize|p2|4\n|start\n|switch|p1a: Basculegion|Basculegion, L50, M|100/100\n|switch|p1b: Archaludon|Archaludon, L50, M|100/100\n|switch|p2a: Tyranitar|Tyranitar, L50, M|100/100\n|switch|p2b: Corviknight|Corviknight, L50, F|100/100\n|-weather|Sandstorm|[from] ability: Sand Stream|[of] p2a: Tyranitar\n|turn|1\n|inactive|NegaiFreak has 30 seconds left.\n|\n|t:|1776167612\n|move|p1b: Archaludon|Protect|p1b: Archaludon\n|-singleturn|p1b: Archaludon|Protect\n|move|p1a: Basculegion|Flip Turn|p2a: Tyranitar\n|-supereffective|p2a: Tyranitar|1\n|-damage|p2a: Tyranitar|50/100\n|\n|t:|1776167619\n|switch|p1a: Meganium|Meganium, L50, F|100/100|[from] Flip Turn\n|move|p2b: Corviknight|Tailwind|p2b: Corviknight\n|-sidestart|p2: fantocciodineve|move: Tailwind\n|move|p2a: Tyranitar|Knock Off|p1a: Meganium\n|-damage|p1a: Meganium|68/100\n|\n|-weather|Sandstorm|[upkeep]\n|-damage|p1a: Meganium|62/100|[from] Sandstorm\n|upkeep\n|turn|2\n|\n|t:|1776167642\n|move|p2a: Tyranitar|Protect|p2a: Tyranitar\n|-singleturn|p2a: Tyranitar|Protect\n|move|p1a: Meganium|Protect|p1a: Meganium\n|-singleturn|p1a: Meganium|Protect\n|move|p2b: Corviknight|Brave Bird|p1a: Meganium\n|-activate|p1a: Meganium|move: Protect\n|move|p1b: Archaludon|Flash Cannon|p2a: Tyranitar\n|-activate|p2a: Tyranitar|move: Protect\n|\n|-weather|Sandstorm|[upkeep]\n|-damage|p1a: Meganium|56/100|[from] Sandstorm\n|upkeep\n|turn|3\n|\n|t:|1776167661\n|switch|p2a: Gardevoir|Gardevoir, L50, F|100/100\n|switch|p1a: Basculegion|Basculegion, L50, M|100/100\n|move|p2b: Corviknight|Brave Bird|p1a: Basculegion\n|-damage|p1a: Basculegion|39/100\n|-damage|p2b: Corviknight|81/100|[from] Recoil\n|move|p1b: Archaludon|Flash Cannon|p2a: Gardevoir\n|-supereffective|p2a: Gardevoir|1\n|-damage|p2a: Gardevoir|11/100\n|\n|-weather|Sandstorm|[upkeep]\n|-damage|p2a: Gardevoir|6/100|[from] Sandstorm\n|-damage|p1a: Basculegion|33/100|[from] Sandstorm\n|-heal|p2b: Corviknight|87/100|[from] item: Leftovers\n|upkeep\n|turn|4\n|inactive|fantocciodineve has 30 seconds left.\n|inactive|fantocciodineve has 20 seconds left.\n|inactive|fantocciodineve has 15 seconds left.\n|\n|t:|1776167706\n|switch|p1a: Pelipper|Pelipper, L50, F|100/100\n|-weather|RainDance|[from] ability: Drizzle|[of] p1a: Pelipper\n|detailschange|p2a: Gardevoir|Gardevoir-Mega, L50, F\n|-mega|p2a: Gardevoir|Gardevoir|Gardevoirite\n|move|p2b: Corviknight|Brave Bird|p1a: Pelipper\n|-damage|p1a: Pelipper|35/100\n|-damage|p2b: Corviknight|72/100|[from] Recoil\n|move|p1b: Archaludon|Electro Shot||[still]\n|-prepare|p1b: Archaludon|Electro Shot\n|-boost|p1b: Archaludon|spa|1\n|-anim|p1b: Archaludon|Electro Shot|p2b: Corviknight\n|-supereffective|p2b: Corviknight|1\n|-damage|p2b: Corviknight|0 fnt\n|faint|p2b: Corviknight\n|move|p2a: Gardevoir|Trick Room|p2a: Gardevoir\n|-fieldstart|move: Trick Room|[of] p2a: Gardevoir\n|\n|-weather|RainDance|[upkeep]\n|-sideend|p2: fantocciodineve|move: Tailwind\n|upkeep\n|\n|t:|1776167722\n|switch|p2b: Tyranitar|Tyranitar, L50, M|50/100\n|-weather|Sandstorm|[from] ability: Sand Stream|[of] p2b: Tyranitar\n|turn|5\n|\n|t:|1776167743\n|move|p1a: Pelipper|Protect|p1a: Pelipper\n|-singleturn|p1a: Pelipper|Protect\n|move|p2b: Tyranitar|Low Kick|p1b: Archaludon\n|-supereffective|p1b: Archaludon|1\n|-damage|p1b: Archaludon|56/100\n|move|p2a: Gardevoir|Hyper Voice|p1b: Archaludon|[spread] p1b\n|-activate|p1a: Pelipper|move: Protect\n|-damage|p1b: Archaludon|0 fnt\n|faint|p1b: Archaludon\n|\n|-weather|Sandstorm|[upkeep]\n|-damage|p1a: Pelipper|29/100|[from] Sandstorm\n|-damage|p2a: Gardevoir|0 fnt|[from] Sandstorm\n|faint|p2a: Gardevoir\n|upkeep\n|\n|t:|1776167760\n|switch|p2a: Rotom|Rotom-Wash, L50|100/100\n|switch|p1b: Meganium|Meganium, L50, F|56/100\n|turn|6\n|inactive|fantocciodineve has 30 seconds left.\n|\n|t:|1776167788\n|switch|p1a: Basculegion|Basculegion, L50, M|33/100\n|detailschange|p1b: Meganium|Meganium-Mega, L50, F\n|-mega|p1b: Meganium|Meganium|Meganiumite\n|move|p2b: Tyranitar|Knock Off|p1a: Basculegion\n|-supereffective|p1a: Basculegion|1\n|-damage|p1a: Basculegion|0 fnt\n|-enditem|p1a: Basculegion|Mystic Water|[from] move: Knock Off|[of] p2b: Tyranitar\n|faint|p1a: Basculegion\n|move|p1b: Meganium|Solar Beam||[still]\n|-prepare|p1b: Meganium|Solar Beam\n|-activate|p1b: Meganium|ability: Mega Sol\n|-anim|p1b: Meganium|Solar Beam|p2b: Tyranitar\n|-supereffective|p2b: Tyranitar|1\n|-damage|p2b: Tyranitar|0 fnt\n|faint|p2b: Tyranitar\n|move|p2a: Rotom|Discharge|p1b: Meganium\n|-resisted|p1b: Meganium|1\n|-damage|p1b: Meganium|38/100\n|\n|-weather|Sandstorm|[upkeep]\n|-damage|p1b: Meganium|33/100|[from] Sandstorm\n|-damage|p2a: Rotom|95/100|[from] Sandstorm\n|upkeep\n|\n|t:|1776167802\n|switch|p1a: Pelipper|Pelipper, L50, F|29/100\n|-weather|RainDance|[from] ability: Drizzle|[of] p1a: Pelipper\n|turn|7\n|\n|t:|1776167824\n|move|p1b: Meganium|Solar Beam||[still]\n|-prepare|p1b: Meganium|Solar Beam\n|-activate|p1b: Meganium|ability: Mega Sol\n|-anim|p1b: Meganium|Solar Beam|p2a: Rotom\n|-supereffective|p2a: Rotom|1\n|-damage|p2a: Rotom|0 fnt\n|faint|p2a: Rotom\n|\n|win|NegaiFreak\n|raw|NegaiFreak's rating: 1221 &rarr; <strong>1244</strong><br />(+23 for winning)\n|raw|fantocciodineve's rating: 1193 &rarr; <strong>1170</strong><br />(-23 for losing)\n|l|\u2606fantocciodineve\n|player|p2|\n|c|\u2606NegaiFreak|GG, WP\n",
  "uploadtime": 1776167851,
  "views": 20,
  "formatid": "gen9championsvgc2026regma",
  "rating": 1170,
  "private": 0,
  "password": null
}