{
  "id": "gen9championsvgc2026regma-2586473802",
  "format": "[Gen 9 Champions] VGC 2026 Reg M-A",
  "players": [
    "Blookh",
    "shakyjed"
  ],
  "log": "|j|\u2606Blookh\n|j|\u2606shakyjed\n|t:|1776437140\n|gametype|doubles\n|player|p1|Blookh|170|1106\n|player|p2|shakyjed|170|1180\n|gen|9\n|tier|[Gen 9 Champions] VGC 2026 Reg M-A\n|rated|\n|rule|Species Clause: Limit one of each Pok\u00e9mon\n|rule|Item Clause: Limit 1 of each item\n|clearpoke\n|poke|p1|Incineroar, L50, F|\n|poke|p1|Sinistcha, L50|\n|poke|p1|Rotom-Wash, L50|\n|poke|p1|Floette-Eternal, L50, F|\n|poke|p1|Garchomp, L50, M|\n|poke|p1|Aerodactyl, L50, M|\n|poke|p2|Volcarona, L50, F|\n|poke|p2|Scizor, L50, F|\n|poke|p2|Incineroar, L50, M|\n|poke|p2|Palafin, L50, M|\n|poke|p2|Froslass, L50, F|\n|poke|p2|Milotic, L50, M|\n|teampreview|4\n|\n|t:|1776437168\n|teamsize|p1|4\n|teamsize|p2|4\n|start\n|switch|p1a: Aerodactyl|Aerodactyl, L50, M|100/100\n|switch|p1b: Floette|Floette-Eternal, L50, F|100/100\n|switch|p2a: Palafin|Palafin, L50, M, shiny|100/100\n|switch|p2b: Incineroar|Incineroar, L50, M, shiny|100/100\n|-ability|p1a: Aerodactyl|Unnerve\n|-ability|p2b: Incineroar|Intimidate|boost\n|-unboost|p1a: Aerodactyl|atk|1\n|-unboost|p1b: Floette|atk|1\n|turn|1\n|\n|t:|1776437185\n|detailschange|p1b: Floette|Floette-Mega, L50, F\n|-mega|p1b: Floette|Floette|Floettite\n|-ability|p1b: Floette|Fairy Aura\n|move|p2b: Incineroar|Fake Out|p1a: Aerodactyl\n|-resisted|p1a: Aerodactyl|1\n|-damage|p1a: Aerodactyl|94/100\n|cant|p1a: Aerodactyl|flinch\n|move|p2a: Palafin|Flip Turn|p1a: Aerodactyl\n|-supereffective|p1a: Aerodactyl|1\n|-damage|p1a: Aerodactyl|17/100\n|\n|t:|1776437199\n|detailschange|p2a: Palafin|Palafin-Hero, L50, M, shiny\n|switch|p2a: Scizor|Scizor, L50, F|100/100|[from] Flip Turn\n|move|p1b: Floette|Dazzling Gleam|p2a: Scizor|[spread] p2a,p2b\n|-resisted|p2a: Scizor|1\n|-damage|p2a: Scizor|71/100\n|-damage|p2b: Incineroar|54/100\n|\n|upkeep\n|turn|2\n|\n|t:|1776437230\n|switch|p1b: Sinistcha|Sinistcha, L50|100/100\n|-heal|p1a: Aerodactyl|41/100|[from] ability: Hospitality|[of] p1b: Sinistcha\n|switch|p2b: Palafin|Palafin-Hero, L50, M, shiny|100/100\n|-activate|p2b: Palafin|ability: Zero to Hero\n|move|p2a: Scizor|Bullet Punch|p1a: Aerodactyl\n|-supereffective|p1a: Aerodactyl|1\n|-damage|p1a: Aerodactyl|0 fnt\n|faint|p1a: Aerodactyl\n|\n|upkeep\n|\n|t:|1776437241\n|switch|p1a: Floette|Floette-Mega, L50, F|100/100\n|-ability|p1a: Floette|Fairy Aura\n|turn|3\n|\n|t:|1776437251\n|move|p1b: Sinistcha|Rage Powder|p1b: Sinistcha\n|-singleturn|p1b: Sinistcha|move: Rage Powder\n|move|p2a: Scizor|Bullet Punch|p1b: Sinistcha\n|-damage|p1b: Sinistcha|72/100\n|move|p2b: Palafin|Flip Turn|p1b: Sinistcha\n|-resisted|p1b: Sinistcha|1\n|-damage|p1b: Sinistcha|51/100\n|\n|t:|1776437261\n|switch|p2b: Incineroar|Incineroar, L50, M, shiny|54/100|[from] Flip Turn\n|-ability|p2b: Incineroar|Intimidate|boost\n|-unboost|p1a: Floette|atk|1\n|-unboost|p1b: Sinistcha|atk|1\n|move|p1a: Floette|Calm Mind|p1a: Floette\n|-boost|p1a: Floette|spa|1\n|-boost|p1a: Floette|spd|1\n|\n|upkeep\n|turn|4\n|\n|t:|1776437279\n|move|p1b: Sinistcha|Rage Powder|p1b: Sinistcha\n|-singleturn|p1b: Sinistcha|move: Rage Powder\n|move|p1a: Floette|Dazzling Gleam|p2b: Incineroar|[spread] p2a,p2b\n|-resisted|p2a: Scizor|1\n|-damage|p2a: Scizor|27/100\n|-damage|p2b: Incineroar|0 fnt\n|faint|p2b: Incineroar\n|move|p2a: Scizor|Tailwind|p2a: Scizor\n|-sidestart|p2: shakyjed|move: Tailwind\n|\n|upkeep\n|\n|t:|1776437288\n|switch|p2b: Palafin|Palafin-Hero, L50, M, shiny|100/100\n|turn|5\n|\n|t:|1776437305\n|move|p2a: Scizor|Protect|p2a: Scizor\n|-singleturn|p2a: Scizor|Protect\n|move|p2b: Palafin|Flip Turn|p1b: Sinistcha\n|-resisted|p1b: Sinistcha|1\n|-damage|p1b: Sinistcha|31/100\n|-enditem|p1b: Sinistcha|Sitrus Berry|[eat]\n|-heal|p1b: Sinistcha|56/100|[from] item: Sitrus Berry\n|\n|t:|1776437313\n|switch|p2b: Milotic|Milotic, L50, M|100/100|[from] Flip Turn\n|move|p1a: Floette|Dazzling Gleam|p2b: Milotic|[spread] p2b\n|-activate|p2a: Scizor|move: Protect\n|-damage|p2b: Milotic|51/100\n|move|p1b: Sinistcha|Trick Room|p1b: Sinistcha\n|-fieldstart|move: Trick Room|[of] p1b: Sinistcha\n|\n|-heal|p2b: Milotic|57/100|[from] item: Leftovers\n|upkeep\n|turn|6\n|\n|t:|1776437332\n|move|p2a: Scizor|Bullet Punch|p1a: Floette\n|-supereffective|p1a: Floette|1\n|-damage|p1a: Floette|33/100\n|move|p1b: Sinistcha|Life Dew|p1b: Sinistcha|[spread] p1a,p1b\n|-heal|p1a: Floette|58/100\n|-heal|p1b: Sinistcha|81/100\n|move|p1a: Floette|Dazzling Gleam|p2b: Milotic|[spread] p2a,p2b\n|-resisted|p2a: Scizor|1\n|-damage|p2a: Scizor|0 fnt\n|-damage|p2b: Milotic|7/100\n|faint|p2a: Scizor\n|move|p2b: Milotic|Icy Wind|p1a: Floette|[spread] p1a,p1b\n|-supereffective|p1b: Sinistcha|1\n|-damage|p1a: Floette|53/100\n|-damage|p1b: Sinistcha|64/100\n|-unboost|p1a: Floette|spe|1\n|-unboost|p1b: Sinistcha|spe|1\n|\n|-heal|p2b: Milotic|13/100|[from] item: Leftovers\n|upkeep\n|\n|t:|1776437351\n|switch|p2a: Palafin|Palafin-Hero, L50, M, shiny|100/100\n|turn|7\n|\n|t:|1776437358\n|move|p2b: Milotic|Protect|p2b: Milotic\n|-singleturn|p2b: Milotic|Protect\n|move|p2a: Palafin|Protect|p2a: Palafin\n|-singleturn|p2a: Palafin|Protect\n|move|p1b: Sinistcha|Life Dew|p1b: Sinistcha|[spread] p1a,p1b\n|-heal|p1a: Floette|78/100\n|-heal|p1b: Sinistcha|89/100\n|move|p1a: Floette|Dazzling Gleam|p2a: Palafin|[spread] \n|-activate|p2a: Palafin|move: Protect\n|-activate|p2b: Milotic|move: Protect\n|\n|-heal|p2b: Milotic|19/100|[from] item: Leftovers\n|-sideend|p2: shakyjed|move: Tailwind\n|upkeep\n|turn|8\n|\n|t:|1776437381\n|move|p1b: Sinistcha|Rage Powder|p1b: Sinistcha\n|-singleturn|p1b: Sinistcha|move: Rage Powder\n|move|p1a: Floette|Dazzling Gleam|p2b: Milotic|[spread] p2a,p2b\n|-damage|p2a: Palafin|17/100\n|-damage|p2b: Milotic|0 fnt\n|faint|p2b: Milotic\n|move|p2a: Palafin|Close Combat|p1b: Sinistcha\n|-immune|p1b: Sinistcha\n|\n|upkeep\n|turn|9\n|-message|shakyjed forfeited.\n|\n|win|Blookh\n|raw|Blookh's rating: 1106 &rarr; <strong>1136</strong><br />(+30 for winning)\n|raw|shakyjed's rating: 1180 &rarr; <strong>1150</strong><br />(-30 for losing)\n|l|\u2606shakyjed\n|player|p2|\n",
  "uploadtime": 1776437399,
  "views": 29,
  "formatid": "gen9championsvgc2026regma",
  "rating": 1136,
  "private": 0,
  "password": null
}