{
  "id": "gen9championsvgc2026regma-2589508363",
  "format": "[Gen 9 Champions] VGC 2026 Reg M-A",
  "players": [
    "aeri77",
    "SDLT 2KRL SWM"
  ],
  "log": "|raw|<div class=\"broadcast-blue\"><strong>This battle is required to be public due to a player having a name starting with 'sdlt'.</div>\n|j|\u2606aeri77\n|j|\u2606SDLT 2KRL SWM\n|t:|1776729348\n|gametype|doubles\n|player|p1|aeri77|lady-gen4|1573\n|player|p2|SDLT 2KRL SWM|ryuki|1702\n|gen|9\n|tier|[Gen 9 Champions] VGC 2026 Reg M-A\n|rated|\n|rule|Species Clause: Limit one of each Pok\u00e9mon\n|rule|Item Clause: Limit 1 of each item\n|clearpoke\n|poke|p1|Floette-Eternal, L50, F|\n|poke|p1|Kingambit, L50, F|\n|poke|p1|Garchomp, L50, M, shiny|\n|poke|p1|Sneasler, L50, M|\n|poke|p1|Rotom-Wash, L50|\n|poke|p1|Delphox, L50, M, shiny|\n|poke|p2|Talonflame, L50, M|\n|poke|p2|Floette-Eternal, L50, F|\n|poke|p2|Basculegion, L50, M|\n|poke|p2|Garchomp, L50, M|\n|poke|p2|Kingambit, L50, M|\n|poke|p2|Maushold-Four, L50|\n|teampreview|4\n|inactive|Battle timer is ON: inactive players will automatically lose when time's up. (requested by aeri77)\n|\n|t:|1776729372\n|teamsize|p1|4\n|teamsize|p2|4\n|start\n|switch|p1a: Delphox|Delphox, L50, M, shiny|100/100\n|switch|p1b: Sneasler|Sneasler, L50, M|100/100\n|switch|p2a: Basculegion|Basculegion, L50, M|100/100\n|switch|p2b: Floette|Floette-Eternal, L50, F|100/100\n|turn|1\n|j| sileshar\n|inactive|aeri77 has 30 seconds left.\n|inactive|SDLT 2KRL SWM has 30 seconds left.\n|\n|t:|1776729403\n|switch|p1a: Kingambit|Kingambit, L50, F|100/100\n|move|p2b: Floette|Protect|p2b: Floette\n|-singleturn|p2b: Floette|Protect\n|move|p2a: Basculegion|Flip Turn|p1a: Kingambit\n|-damage|p1a: Kingambit|74/100\n|\n|t:|1776729406\n|switch|p2a: Maushold|Maushold-Four, L50|100/100|[from] Flip Turn\n|move|p1b: Sneasler|Dire Claw|p2b: Floette\n|-activate|p2b: Floette|move: Protect\n|\n|upkeep\n|turn|2\n|\n|t:|1776729423\n|detailschange|p2b: Floette|Floette-Mega, L50, F\n|-mega|p2b: Floette|Floette|Floettite\n|-ability|p2b: Floette|Fairy Aura\n|move|p1b: Sneasler|Close Combat|p2a: Maushold\n|-supereffective|p2a: Maushold|1\n|-enditem|p2a: Maushold|Chople Berry|[eat]\n|-enditem|p2a: Maushold|Chople Berry|[weaken]\n|-damage|p2a: Maushold|39/100\n|-unboost|p1b: Sneasler|def|1\n|-unboost|p1b: Sneasler|spd|1\n|-enditem|p1b: Sneasler|White Herb\n|-clearnegativeboost|p1b: Sneasler|[silent]\n|move|p2a: Maushold|Super Fang|p1b: Sneasler\n|-damage|p1b: Sneasler|50/100\n|move|p2b: Floette|Moonblast|p1a: Kingambit\n|-damage|p1a: Kingambit|0 fnt\n|faint|p1a: Kingambit\n|\n|upkeep\n|\n|t:|1776729438\n|switch|p1a: Delphox|Delphox, L50, M, shiny|100/100\n|turn|3\n|\n|t:|1776729455\n|detailschange|p1a: Delphox|Delphox-Mega, L50, M, shiny\n|-mega|p1a: Delphox|Delphox|Delphoxite\n|move|p1b: Sneasler|Protect|p1b: Sneasler\n|-singleturn|p1b: Sneasler|Protect\n|move|p2a: Maushold|Protect|p2a: Maushold\n|-singleturn|p2a: Maushold|Protect\n|move|p2b: Floette|Protect|p2b: Floette\n|-singleturn|p2b: Floette|Protect\n|move|p1a: Delphox|Heat Wave|p2a: Maushold|[spread] \n|-activate|p2a: Maushold|move: Protect\n|-activate|p2b: Floette|move: Protect\n|\n|upkeep\n|turn|4\n|\n|t:|1776729470\n|move|p2a: Maushold|Follow Me|p2a: Maushold\n|-singleturn|p2a: Maushold|move: Follow Me\n|move|p1b: Sneasler|Close Combat|p2a: Maushold\n|-supereffective|p2a: Maushold|1\n|-damage|p2a: Maushold|0 fnt\n|-unboost|p1b: Sneasler|def|1\n|-unboost|p1b: Sneasler|spd|1\n|faint|p2a: Maushold\n|move|p1a: Delphox|Substitute|p1a: Delphox\n|-start|p1a: Delphox|Substitute\n|-damage|p1a: Delphox|75/100\n|move|p2b: Floette|Dazzling Gleam|p1b: Sneasler|[spread] p1a,p1b\n|-resisted|p1a: Delphox|1\n|-activate|p1a: Delphox|move: Substitute|[damage]\n|-damage|p1b: Sneasler|0 fnt\n|faint|p1b: Sneasler\n|\n|upkeep\n|\n|t:|1776729480\n|switch|p1b: Garchomp|Garchomp, L50, M, shiny|100/100\n|switch|p2a: Talonflame|Talonflame, L50, M|100/100\n|turn|5\n|inactive|aeri77 has 30 seconds left.\n|\n|t:|1776729509\n|move|p2a: Talonflame|Tailwind|p2a: Talonflame\n|-sidestart|p2: SDLT 2KRL SWM|move: Tailwind\n|move|p2b: Floette|Dazzling Gleam|p1a: Delphox|[spread] p1a,p1b\n|-resisted|p1a: Delphox|1\n|-end|p1a: Delphox|Substitute\n|-supereffective|p1b: Garchomp|1\n|-damage|p1b: Garchomp|9/100\n|-enditem|p1b: Garchomp|Sitrus Berry|[eat]\n|-heal|p1b: Garchomp|34/100|[from] item: Sitrus Berry\n|move|p1a: Delphox|Heat Wave|p2b: Floette|[spread] p2a,p2b\n|-resisted|p2a: Talonflame|1\n|-damage|p2a: Talonflame|74/100\n|-damage|p2b: Floette|74/100\n|move|p1b: Garchomp|Earthquake|p2b: Floette|[spread] p2b\n|-immune|p1a: Delphox|[from] ability: Levitate\n|-immune|p2a: Talonflame\n|-damage|p2b: Floette|31/100\n|\n|upkeep\n|turn|6\n|\n|t:|1776729528\n|move|p2a: Talonflame|Overheat|p1a: Delphox|[miss]\n|-miss|p2a: Talonflame|p1a: Delphox\n|move|p2b: Floette|Dazzling Gleam|p1a: Delphox|[spread] p1a,p1b\n|-resisted|p1a: Delphox|1\n|-supereffective|p1b: Garchomp|1\n|-crit|p1b: Garchomp\n|-damage|p1a: Delphox|56/100\n|-damage|p1b: Garchomp|0 fnt\n|faint|p1b: Garchomp\n|move|p1a: Delphox|Psychic|p2b: Floette\n|-damage|p2b: Floette|0 fnt\n|faint|p2b: Floette\n|\n|upkeep\n|\n|t:|1776729530\n|switch|p2b: Basculegion|Basculegion, L50, M|100/100\n|turn|7\n|\n|t:|1776729537\n|move|p1a: Delphox|Protect|p1a: Delphox\n|-singleturn|p1a: Delphox|Protect\n|move|p2b: Basculegion|Last Respects|p1a: Delphox\n|-activate|p1a: Delphox|move: Protect\n|move|p2a: Talonflame|Overheat|p1a: Delphox\n|-activate|p1a: Delphox|move: Protect\n|\n|upkeep\n|turn|8\n|\n|t:|1776729541\n|move|p1a: Delphox|Protect||[still]\n|-fail|p1a: Delphox\n|move|p2b: Basculegion|Last Respects|p1a: Delphox\n|-supereffective|p1a: Delphox|1\n|-damage|p1a: Delphox|0 fnt\n|faint|p1a: Delphox\n|\n|win|SDLT 2KRL SWM\n|raw|aeri77's rating: 1573 &rarr; <strong>1560</strong><br />(-13 for losing)\n|raw|SDLT 2KRL SWM's rating: 1702 &rarr; <strong>1715</strong><br />(+13 for winning)\n",
  "uploadtime": 1776729542,
  "views": 6,
  "formatid": "gen9championsvgc2026regma",
  "rating": 1560,
  "private": 0,
  "password": null
}