{
  "id": "gen9championsvgc2026regma-2586616734",
  "format": "[Gen 9 Champions] VGC 2026 Reg M-A",
  "players": [
    "TheKingofGlers",
    "kurepto"
  ],
  "log": "|j|\u2606TheKingofGlers\n|j|\u2606kurepto\n|t:|1776447130\n|gametype|doubles\n|player|p1|TheKingofGlers|clair|1127\n|player|p2|kurepto|170|1103\n|gen|9\n|tier|[Gen 9 Champions] VGC 2026 Reg M-A\n|rated|\n|rule|Species Clause: Limit one of each Pok\u00e9mon\n|rule|Item Clause: Limit 1 of each item\n|clearpoke\n|poke|p1|Manectric, L50, F|\n|poke|p1|Rotom-Frost, L50|\n|poke|p1|Ninetales-Alola, L50, M|\n|poke|p1|Froslass, L50, F|\n|poke|p1|Milotic, L50, M|\n|poke|p1|Klefki, L50, M|\n|poke|p2|Kangaskhan, L50, F|\n|poke|p2|Hatterene, L50, F|\n|poke|p2|Incineroar, L50, M|\n|poke|p2|Tinkaton, L50, F|\n|poke|p2|Reuniclus, L50, F|\n|poke|p2|Ceruledge, L50, F|\n|teampreview|4\n|\n|t:|1776447157\n|teamsize|p1|4\n|teamsize|p2|4\n|start\n|switch|p1a: Ninetales|Ninetales-Alola, L50, M|100/100\n|switch|p1b: Rotom|Rotom-Frost, L50|100/100\n|switch|p2a: Hatterene|Hatterene, L50, F, shiny|100/100\n|switch|p2b: Incineroar|Incineroar, L50, M|100/100\n|-weather|Snowscape|[from] ability: Snow Warning|[of] p1a: Ninetales\n|-ability|p2b: Incineroar|Intimidate|boost\n|-unboost|p1a: Ninetales|atk|1\n|-unboost|p1b: Rotom|atk|1\n|turn|1\n|\n|t:|1776447173\n|move|p1a: Ninetales|Protect|p1a: Ninetales\n|-singleturn|p1a: Ninetales|Protect\n|move|p2b: Incineroar|Fake Out|p1a: Ninetales\n|-activate|p1a: Ninetales|move: Protect\n|move|p1b: Rotom|Trick|p2b: Incineroar\n|-activate|p1b: Rotom|move: Trick|[of] p2b: Incineroar\n|-item|p2b: Incineroar|Choice Scarf|[from] move: Trick\n|-item|p1b: Rotom|Charcoal|[from] move: Trick\n|move|p2a: Hatterene|Trick Room|p2a: Hatterene\n|-fieldstart|move: Trick Room|[of] p2a: Hatterene\n|\n|-weather|Snowscape|[upkeep]\n|upkeep\n|turn|2\n|\n|t:|1776447200\n|move|p2a: Hatterene|Dazzling Gleam|p1b: Rotom|[spread] p1a,p1b\n|-damage|p1a: Ninetales|57/100\n|-damage|p1b: Rotom|63/100\n|move|p2b: Incineroar|Parting Shot|p1b: Rotom\n|-unboost|p1b: Rotom|atk|1\n|-unboost|p1b: Rotom|spa|1\n|\n|t:|1776447211\n|switch|p2b: Kangaskhan|Kangaskhan, L50, F, shiny|100/100|[from] Parting Shot\n|move|p1b: Rotom|Trick|p2a: Hatterene\n|-activate|p1b: Rotom|move: Trick|[of] p2a: Hatterene\n|-item|p2a: Hatterene|Charcoal|[from] move: Trick\n|-item|p1b: Rotom|Sitrus Berry|[from] move: Trick\n|move|p1a: Ninetales|Aurora Veil|p1a: Ninetales\n|-sidestart|p1: TheKingofGlers|move: Aurora Veil\n|\n|-weather|Snowscape|[upkeep]\n|upkeep\n|turn|3\n|\n|t:|1776447228\n|switch|p1a: Manectric|Manectric, L50, F|100/100\n|detailschange|p2b: Kangaskhan|Kangaskhan-Mega, L50, F, shiny\n|-mega|p2b: Kangaskhan|Kangaskhan|Kangaskhanite\n|move|p2a: Hatterene|Dazzling Gleam|p1a: Manectric|[spread] p1a,p1b\n|-damage|p1a: Manectric|58/100\n|-damage|p1b: Rotom|38/100\n|-enditem|p1b: Rotom|Sitrus Berry|[eat]\n|-heal|p1b: Rotom|62/100|[from] item: Sitrus Berry\n|move|p2b: Kangaskhan|Double-Edge|p1a: Manectric\n|-damage|p1a: Manectric|0 fnt\n|faint|p1a: Manectric\n|-hitcount|p1: Manectric|1\n|-damage|p2b: Kangaskhan|87/100|[from] Recoil\n|move|p1b: Rotom|Discharge|p2a: Hatterene|[spread] p2a,p2b\n|-damage|p2a: Hatterene|84/100\n|-damage|p2b: Kangaskhan|75/100\n|\n|-weather|Snowscape|[upkeep]\n|upkeep\n|\n|t:|1776447242\n|switch|p1a: Froslass|Froslass, L50, F|100/100\n|turn|4\n|\n|t:|1776447253\n|switch|p1a: Ninetales|Ninetales-Alola, L50, M|57/100\n|move|p2b: Kangaskhan|Sucker Punch||[still]\n|-fail|p2b: Kangaskhan\n|move|p2a: Hatterene|Dazzling Gleam|p1a: Ninetales|[spread] p1a,p1b\n|-damage|p1a: Ninetales|30/100\n|-damage|p1b: Rotom|35/100\n|move|p1b: Rotom|Will-O-Wisp|p2b: Kangaskhan\n|-status|p2b: Kangaskhan|brn\n|\n|-weather|Snowscape|[upkeep]\n|-damage|p2b: Kangaskhan|68/100 brn|[from] brn\n|upkeep\n|turn|5\n|\n|t:|1776447278\n|switch|p1b: Froslass|Froslass, L50, F|100/100\n|move|p1a: Ninetales|Protect|p1a: Ninetales\n|-singleturn|p1a: Ninetales|Protect\n|move|p2a: Hatterene|Dazzling Gleam|p1b: Froslass|[spread] p1b\n|-activate|p1a: Ninetales|move: Protect\n|-damage|p1b: Froslass|65/100\n|move|p2b: Kangaskhan|Double-Edge|p1a: Ninetales\n|-activate|p1a: Ninetales|move: Protect\n|\n|-weather|none\n|-damage|p2b: Kangaskhan|62/100 brn|[from] brn\n|-fieldend|move: Trick Room\n|upkeep\n|turn|6\n|\n|t:|1776447299\n|detailschange|p1b: Froslass|Froslass-Mega, L50, F\n|-mega|p1b: Froslass|Froslass|Froslassite\n|-weather|Snowscape|[from] ability: Snow Warning|[of] p1b: Froslass\n|move|p2a: Hatterene|Protect|p2a: Hatterene\n|-singleturn|p2a: Hatterene|Protect\n|move|p1b: Froslass|Blizzard|p2b: Kangaskhan|[spread] p2b\n|-activate|p2a: Hatterene|move: Protect\n|-damage|p2b: Kangaskhan|25/100 brn\n|move|p1a: Ninetales|Blizzard|p2a: Hatterene|[spread] p2b\n|-activate|p2a: Hatterene|move: Protect\n|-damage|p2b: Kangaskhan|2/100 brn\n|move|p2b: Kangaskhan|Double-Edge|p1a: Ninetales\n|-damage|p1a: Ninetales|12/100\n|-damage|p1a: Ninetales|8/100\n|-hitcount|p1a: Ninetales|2\n|-damage|p2b: Kangaskhan|0 fnt|[from] Recoil\n|faint|p2b: Kangaskhan\n|\n|-weather|Snowscape|[upkeep]\n|-sideend|p1: TheKingofGlers|move: Aurora Veil\n|upkeep\n|\n|t:|1776447322\n|switch|p2b: Incineroar|Incineroar, L50, M|100/100\n|-ability|p2b: Incineroar|Intimidate|boost\n|-unboost|p1a: Ninetales|atk|1\n|-unboost|p1b: Froslass|atk|1\n|turn|7\n|\n|t:|1776447329\n|move|p1a: Ninetales|Protect|p1a: Ninetales\n|-singleturn|p1a: Ninetales|Protect\n|move|p2b: Incineroar|Fake Out|p1b: Froslass\n|-immune|p1b: Froslass\n|move|p1b: Froslass|Shadow Ball|p2a: Hatterene\n|-supereffective|p2a: Hatterene|1\n|-damage|p2a: Hatterene|0 fnt\n|faint|p2a: Hatterene\n|\n|-weather|Snowscape|[upkeep]\n|upkeep\n|\n|t:|1776447340\n|switch|p2a: Tinkaton|Tinkaton, L50, F|100/100\n|-ability|p2a: Tinkaton|Mold Breaker\n|turn|8\n|c|\u2606kurepto|XD\n|\n|t:|1776447367\n|move|p2b: Incineroar|Fake Out||[still]\n|-hint|Fake Out only works on your first turn out.\n|-fail|p2b: Incineroar\n|move|p1b: Froslass|Substitute|p1b: Froslass\n|-start|p1b: Froslass|Substitute\n|-damage|p1b: Froslass|40/100\n|move|p1a: Ninetales|Blizzard|p2b: Incineroar|[spread] p2a,p2b\n|-resisted|p2a: Tinkaton|1\n|-resisted|p2b: Incineroar|1\n|-damage|p2a: Tinkaton|90/100\n|-damage|p2b: Incineroar|90/100\n|move|p2a: Tinkaton|Gigaton Hammer|p1b: Froslass\n|-supereffective|p1b: Froslass|1\n|-end|p1b: Froslass|Substitute\n|\n|-weather|Snowscape|[upkeep]\n|-heal|p2a: Tinkaton|96/100|[from] item: Leftovers\n|upkeep\n|turn|9\n|\n|t:|1776447394\n|switch|p1a: Rotom|Rotom-Frost, L50|35/100\n|move|p1b: Froslass|Nasty Plot|p1b: Froslass\n|-boost|p1b: Froslass|spa|2\n|-activate|p2b: Incineroar|move: Struggle\n|move|p2b: Incineroar|Struggle|p1b: Froslass\n|-crit|p1b: Froslass\n|-damage|p1b: Froslass|18/100\n|-damage|p2b: Incineroar|64/100|[from] recoil\n|move|p2a: Tinkaton|Play Rough|p1b: Froslass\n|-damage|p1b: Froslass|0 fnt\n|faint|p1b: Froslass\n|\n|-weather|Snowscape|[upkeep]\n|-heal|p2a: Tinkaton|100/100|[from] item: Leftovers\n|upkeep\n|\n|t:|1776447403\n|switch|p1b: Ninetales|Ninetales-Alola, L50, M|8/100\n|turn|10\n|\n|t:|1776447415\n|move|p1b: Ninetales|Aurora Veil|p1b: Ninetales\n|-sidestart|p1: TheKingofGlers|move: Aurora Veil\n|move|p1a: Rotom|Will-O-Wisp|p2a: Tinkaton\n|-status|p2a: Tinkaton|brn\n|-activate|p2b: Incineroar|move: Struggle\n|move|p2b: Incineroar|Struggle|p1b: Ninetales\n|-damage|p1b: Ninetales|0 fnt\n|faint|p1b: Ninetales\n|-damage|p2b: Incineroar|39/100|[from] recoil\n|move|p2a: Tinkaton|Gigaton Hammer|p1a: Rotom\n|-damage|p1a: Rotom|23/100\n|\n|-weather|none\n|-damage|p2a: Tinkaton|94/100 brn|[from] brn\n|upkeep\n|turn|11\n|\n|t:|1776447437\n|move|p1a: Rotom|Trick|p2a: Tinkaton\n|-activate|p1a: Rotom|move: Trick|[of] p2a: Tinkaton\n|-enditem|p2a: Tinkaton|Leftovers|[silent]|[from] move: Trick\n|-item|p1a: Rotom|Leftovers|[from] move: Trick\n|-activate|p2b: Incineroar|move: Struggle\n|move|p2b: Incineroar|Struggle|p1a: Rotom\n|-damage|p1a: Rotom|14/100\n|-damage|p2b: Incineroar|14/100|[from] recoil\n|move|p2a: Tinkaton|Play Rough|p1a: Rotom\n|-damage|p1a: Rotom|4/100\n|-unboost|p1a: Rotom|atk|1\n|\n|-heal|p1a: Rotom|10/100|[from] item: Leftovers\n|-damage|p2a: Tinkaton|88/100 brn|[from] brn\n|upkeep\n|turn|12\n|\n|t:|1776447457\n|move|p1a: Rotom|Discharge|p2a: Tinkaton|[spread] p2a,p2b\n|-damage|p2a: Tinkaton|69/100 brn\n|-damage|p2b: Incineroar|0 fnt\n|faint|p2b: Incineroar\n|move|p2a: Tinkaton|Gigaton Hammer|p1a: Rotom\n|-damage|p1a: Rotom|0 fnt\n|faint|p1a: Rotom\n|\n|win|kurepto\n|raw|TheKingofGlers's rating: 1127 &rarr; <strong>1100</strong><br />(-27 for losing)\n|raw|kurepto's rating: 1103 &rarr; <strong>1130</strong><br />(+27 for winning)\n",
  "uploadtime": 1776447480,
  "views": 38,
  "formatid": "gen9championsvgc2026regma",
  "rating": 1100,
  "private": 0,
  "password": null
}