{
  "id": "gen9championsvgc2026regma-2580461679",
  "format": "[Gen 9 Champions] VGC 2026 Reg M-A",
  "players": [
    "Jthepoke",
    "Cool boyo"
  ],
  "log": "|j|\u2606Jthepoke\n|j|\u2606Cool boyo\n|t:|1775900095\n|gametype|doubles\n|player|p1|Jthepoke|cyrus|1132\n|player|p2|Cool boyo|170|1061\n|gen|9\n|tier|[Gen 9 Champions] VGC 2026 Reg M-A\n|rated|\n|rule|Species Clause: Limit one of each Pok\u00e9mon\n|rule|Item Clause: Limit 1 of each item\n|clearpoke\n|poke|p1|Gardevoir, L50, M|\n|poke|p1|Crabominable, L50, F|\n|poke|p1|Sinistcha, L50|\n|poke|p1|Incineroar, L50, F|\n|poke|p1|Rotom-Wash, L50|\n|poke|p1|Farigiraf, L50, M|\n|poke|p2|Incineroar, L50, M|\n|poke|p2|Victreebel, L50, M|\n|poke|p2|Ninetales-Alola, L50, F|\n|poke|p2|Charizard, L50, F|\n|poke|p2|Volcarona, L50, M|\n|poke|p2|Rotom-Wash, L50|\n|teampreview|4\n|\n|t:|1775900126\n|teamsize|p1|4\n|teamsize|p2|4\n|start\n|switch|p1a: Farigiraf|Farigiraf, L50, M|100/100\n|switch|p1b: Rotom|Rotom-Wash, L50|100/100\n|switch|p2a: Rotom|Rotom-Wash, L50|100/100\n|switch|p2b: Ninetales|Ninetales-Alola, L50, F, shiny|100/100\n|-weather|Snowscape|[from] ability: Snow Warning|[of] p2b: Ninetales\n|turn|1\n|\n|t:|1775900144\n|move|p2b: Ninetales|Aurora Veil|p2b: Ninetales\n|-sidestart|p2: Cool boyo|move: Aurora Veil\n|move|p1b: Rotom|Volt Switch|p2b: Ninetales\n|-damage|p2b: Ninetales|80/100\n|\n|t:|1775900150\n|switch|p1b: Gardevoir|Gardevoir, L50, M|100/100|[from] Volt Switch\n|-ability|p1b: Gardevoir|Snow Warning|Trace|[from] ability: Trace|[of] p2b: Ninetales\n|move|p2a: Rotom|Thunder Wave|p1a: Farigiraf\n|-status|p1a: Farigiraf|par\n|move|p1a: Farigiraf|Trick Room|p1a: Farigiraf\n|-fieldstart|move: Trick Room|[of] p1a: Farigiraf\n|\n|-weather|Snowscape|[upkeep]\n|upkeep\n|turn|2\n|\n|t:|1775900176\n|detailschange|p1b: Gardevoir|Gardevoir-Mega, L50, M\n|-mega|p1b: Gardevoir|Gardevoir|Gardevoirite\n|move|p1a: Farigiraf|Helping Hand|p1b: Gardevoir\n|-singleturn|p1b: Gardevoir|Helping Hand|[of] p1a: Farigiraf\n|move|p2a: Rotom|Thunder Wave|p1b: Gardevoir\n|-status|p1b: Gardevoir|par\n|move|p1b: Gardevoir|Psychic|p2b: Ninetales\n|-damage|p2b: Ninetales|3/100\n|move|p2b: Ninetales|Blizzard|p1b: Gardevoir|[spread] p1a,p1b\n|-crit|p1b: Gardevoir\n|-damage|p1a: Farigiraf|73/100 par\n|-damage|p1b: Gardevoir|64/100 par\n|\n|-weather|Snowscape|[upkeep]\n|-heal|p1a: Farigiraf|79/100 par|[from] item: Leftovers\n|upkeep\n|turn|3\n|\n|t:|1775900198\n|move|p1a: Farigiraf|Dazzling Gleam|p2a: Rotom|[spread] p2a,p2b\n|-crit|p2b: Ninetales\n|-damage|p2a: Rotom|88/100\n|-damage|p2b: Ninetales|0 fnt\n|faint|p2b: Ninetales\n|cant|p1b: Gardevoir|par\n|move|p2a: Rotom|Thunderbolt|p1b: Gardevoir\n|-damage|p1b: Gardevoir|37/100 par\n|\n|-weather|Snowscape|[upkeep]\n|-heal|p1a: Farigiraf|85/100 par|[from] item: Leftovers\n|-heal|p2a: Rotom|93/100|[from] item: Leftovers\n|upkeep\n|\n|t:|1775900207\n|switch|p2b: Volcarona|Volcarona, L50, M, shiny|100/100\n|turn|4\n|\n|t:|1775900225\n|cant|p1a: Farigiraf|par\n|cant|p1b: Gardevoir|par\n|move|p2a: Rotom|Thunderbolt|p1b: Gardevoir\n|-damage|p1b: Gardevoir|8/100 par\n|move|p2b: Volcarona|Heat Wave|p1b: Gardevoir|[spread] p1a,p1b\n|-damage|p1a: Farigiraf|56/100 par\n|-damage|p1b: Gardevoir|0 fnt\n|faint|p1b: Gardevoir\n|\n|-weather|Snowscape|[upkeep]\n|-heal|p1a: Farigiraf|62/100 par|[from] item: Leftovers\n|-heal|p2a: Rotom|99/100|[from] item: Leftovers\n|upkeep\n|\n|t:|1775900271\n|switch|p1b: Rotom|Rotom-Wash, L50|100/100\n|turn|5\n|inactive|Battle timer is ON: inactive players will automatically lose when time's up. (requested by Cool boyo)\n|\n|t:|1775900292\n|cant|p1a: Farigiraf|par\n|move|p2a: Rotom|Thunderbolt|p1b: Rotom\n|-damage|p1b: Rotom|62/100\n|move|p1b: Rotom|Hydro Pump|p2b: Volcarona|[miss]\n|-miss|p1b: Rotom|p2b: Volcarona\n|move|p2b: Volcarona|Bug Buzz|p1a: Farigiraf\n|-supereffective|p1a: Farigiraf|1\n|-damage|p1a: Farigiraf|0 fnt\n|faint|p1a: Farigiraf\n|\n|-weather|none\n|-heal|p2a: Rotom|100/100|[from] item: Leftovers\n|-sideend|p2: Cool boyo|move: Aurora Veil\n|-fieldend|move: Trick Room\n|upkeep\n|c|\u2606Jthepoke|Seriously?\n|inactive|Jthepoke has 30 seconds left.\n|c|\u2606Jthepoke|GG mate\n|inactive|Jthepoke has 20 seconds left.\n|-message|Jthepoke forfeited.\n|\n|win|Cool boyo\n|raw|Jthepoke's rating: 1132 &rarr; <strong>1102</strong><br />(-30 for losing)\n|raw|Cool boyo's rating: 1061 &rarr; <strong>1098</strong><br />(+37 for winning)\n|c|\u2606Cool boyo|gg\n|l|\u2606Cool boyo\n|player|p2|\n",
  "uploadtime": 1775900353,
  "views": 25,
  "formatid": "gen9championsvgc2026regma",
  "rating": 1098,
  "private": 0,
  "password": null
}