{
  "id": "gen9championsvgc2026regma-2582643834",
  "format": "[Gen 9 Champions] VGC 2026 Reg M-A",
  "players": [
    "tempocalypse",
    "swampert3000"
  ],
  "log": "|j|\u203dtempocalypse\n|j|\u2606swampert3000\n|t:|1776104555\n|gametype|doubles\n|player|p1|tempocalypse|170|1013\n|player|p2|swampert3000|169|1000\n|gen|9\n|tier|[Gen 9 Champions] VGC 2026 Reg M-A\n|rated|\n|rule|Species Clause: Limit one of each Pok\u00e9mon\n|rule|Item Clause: Limit 1 of each item\n|clearpoke\n|poke|p1|Meganium, L50, F|\n|poke|p1|Pelipper, L50, F|\n|poke|p1|Incineroar, L50, M|\n|poke|p1|Archaludon, L50, F|\n|poke|p1|Maushold-Four, L50|\n|poke|p1|Basculegion, L50, M|\n|poke|p2|Meganium, L50, F|\n|poke|p2|Archaludon, L50, F|\n|poke|p2|Basculegion, L50, M|\n|poke|p2|Maushold, L50|\n|poke|p2|Politoed, L50, M|\n|poke|p2|Talonflame, L50, F|\n|teampreview|4\n|inactive|Battle timer is ON: inactive players will automatically lose when time's up. (requested by tempocalypse)\n|inactive|tempocalypse has 60 seconds left.\n|\n|t:|1776104588\n|teamsize|p1|4\n|teamsize|p2|4\n|start\n|switch|p1a: Incineroar|Incineroar, L50, M|100/100\n|switch|p1b: Basculegion|Basculegion, L50, M|100/100\n|switch|p2a: Politoed|Politoed, L50, M|100/100\n|switch|p2b: Basculegion|Basculegion, L50, M|100/100\n|-ability|p1a: Incineroar|Intimidate|boost\n|-unboost|p2a: Politoed|atk|1\n|-unboost|p2b: Basculegion|atk|1\n|-weather|RainDance|[from] ability: Drizzle|[of] p2a: Politoed\n|turn|1\n|inactive|tempocalypse has 30 seconds left.\n|\n|t:|1776104621\n|switch|p1a: Archaludon|Archaludon, L50, F|100/100\n|switch|p2a: Meganium|Meganium, L50, F|100/100\n|move|p1b: Basculegion|Flip Turn|p2b: Basculegion\n|-resisted|p2b: Basculegion|1\n|-damage|p2b: Basculegion|62/100\n|\n|t:|1776104630\n|switch|p1b: Incineroar|Incineroar, L50, M|100/100|[from] Flip Turn\n|-ability|p1b: Incineroar|Intimidate|boost\n|-unboost|p2a: Meganium|atk|1\n|-unboost|p2b: Basculegion|atk|1\n|move|p2b: Basculegion|Flip Turn|p1a: Archaludon\n|-resisted|p1a: Archaludon|1\n|-damage|p1a: Archaludon|88/100\n|\n|t:|1776104641\n|switch|p2b: Talonflame|Talonflame, L50, F|100/100|[from] Flip Turn\n|\n|-weather|RainDance|[upkeep]\n|upkeep\n|turn|2\n|inactive|tempocalypse has 30 seconds left.\n|\n|t:|1776104668\n|move|p2a: Meganium|Protect|p2a: Meganium\n|-singleturn|p2a: Meganium|Protect\n|move|p1b: Incineroar|Fake Out|p2b: Talonflame\n|-damage|p2b: Talonflame|79/100\n|cant|p2b: Talonflame|flinch\n|move|p1a: Archaludon|Electro Shot||[still]\n|-prepare|p1a: Archaludon|Electro Shot\n|-boost|p1a: Archaludon|spa|1\n|-anim|p1a: Archaludon|Electro Shot|p2b: Talonflame\n|-supereffective|p2b: Talonflame|1\n|-damage|p2b: Talonflame|0 fnt\n|faint|p2b: Talonflame\n|\n|-weather|RainDance|[upkeep]\n|upkeep\n|\n|t:|1776104681\n|switch|p2b: Basculegion|Basculegion, L50, M|62/100\n|turn|3\n|\n|t:|1776104696\n|switch|p1b: Meganium|Meganium, L50, F|100/100\n|detailschange|p2a: Meganium|Meganium-Mega, L50, F\n|-mega|p2a: Meganium|Meganium|Meganiumite\n|move|p1a: Archaludon|Protect|p1a: Archaludon\n|-singleturn|p1a: Archaludon|Protect\n|move|p2b: Basculegion|Wave Crash|p1a: Archaludon\n|-activate|p1a: Archaludon|move: Protect\n|move|p2a: Meganium|Dazzling Gleam|p1b: Meganium|[spread] p1b\n|-activate|p1a: Archaludon|move: Protect\n|-damage|p1b: Meganium|65/100\n|\n|-weather|RainDance|[upkeep]\n|upkeep\n|turn|4\n|inactive|tempocalypse has 30 seconds left.\n|inactive|swampert3000 has 30 seconds left.\n|\n|t:|1776104728\n|detailschange|p1b: Meganium|Meganium-Mega, L50, F\n|-mega|p1b: Meganium|Meganium|Meganiumite\n|move|p2b: Basculegion|Wave Crash|p1b: Meganium\n|-resisted|p1b: Meganium|1\n|-damage|p1b: Meganium|7/100\n|-damage|p2b: Basculegion|45/100|[from] Recoil\n|move|p1a: Archaludon|Flash Cannon|p2a: Meganium\n|-supereffective|p2a: Meganium|1\n|-damage|p2a: Meganium|0 fnt\n|faint|p2a: Meganium\n|move|p1b: Meganium|Solar Beam||[still]\n|-prepare|p1b: Meganium|Solar Beam\n|-activate|p1b: Meganium|ability: Mega Sol\n|-anim|p1b: Meganium|Solar Beam|p2b: Basculegion\n|-supereffective|p2b: Basculegion|1\n|-damage|p2b: Basculegion|0 fnt\n|faint|p2b: Basculegion\n|\n|-weather|RainDance|[upkeep]\n|upkeep\n|\n|t:|1776104747\n|switch|p2b: Politoed|Politoed, L50, M|100/100\n|turn|5\n|\n|t:|1776104759\n|switch|p1b: Incineroar|Incineroar, L50, M|100/100\n|-ability|p1b: Incineroar|Intimidate|boost\n|-unboost|p2b: Politoed|atk|1\n|move|p1a: Archaludon|Protect|p1a: Archaludon\n|-singleturn|p1a: Archaludon|Protect\n|move|p2b: Politoed|Icy Wind|p1b: Incineroar|[spread] p1b\n|-activate|p1a: Archaludon|move: Protect\n|-resisted|p1b: Incineroar|1\n|-damage|p1b: Incineroar|97/100\n|-unboost|p1b: Incineroar|spe|1\n|\n|-weather|none\n|upkeep\n|turn|6\n|\n|t:|1776104782\n|move|p2b: Politoed|Protect|p2b: Politoed\n|-singleturn|p2b: Politoed|Protect\n|move|p1b: Incineroar|Fake Out|p2b: Politoed\n|-activate|p2b: Politoed|move: Protect\n|move|p1a: Archaludon|Draco Meteor|p2b: Politoed\n|-activate|p2b: Politoed|move: Protect\n|\n|upkeep\n|turn|7\n|\n|t:|1776104790\n|move|p1a: Archaludon|Draco Meteor|p2b: Politoed\n|-damage|p2b: Politoed|12/100\n|-unboost|p1a: Archaludon|spa|2\n|-enditem|p2b: Politoed|Sitrus Berry|[eat]\n|-heal|p2b: Politoed|37/100|[from] item: Sitrus Berry\n|move|p2b: Politoed|Icy Wind|p1b: Incineroar|[spread] p1a,p1b\n|-resisted|p1b: Incineroar|1\n|-damage|p1a: Archaludon|76/100\n|-damage|p1b: Incineroar|93/100\n|-unboost|p1a: Archaludon|spe|1\n|-unboost|p1b: Incineroar|spe|1\n|move|p1b: Incineroar|Parting Shot|p2b: Politoed\n|-unboost|p2b: Politoed|atk|1\n|-unboost|p2b: Politoed|spa|1\n|\n|t:|1776104812\n|switch|p1b: Basculegion|Basculegion, L50, M|100/100|[from] Parting Shot\n|\n|upkeep\n|turn|8\n|inactive|tempocalypse has 30 seconds left.\n|\n|t:|1776104845\n|move|p2b: Politoed|Helping Hand|p2: Meganium|[notarget]\n|-fail|p2b: Politoed\n|move|p1b: Basculegion|Last Respects|p2b: Politoed\n|-damage|p2b: Politoed|7/100\n|move|p1a: Archaludon|Draco Meteor|p2b: Politoed\n|-damage|p2b: Politoed|0 fnt\n|-unboost|p1a: Archaludon|spa|2\n|faint|p2b: Politoed\n|\n|win|tempocalypse\n|raw|tempocalypse's rating: 1013 &rarr; <strong>1050</strong><br />(+37 for winning)\n|raw|swampert3000's rating: 1000 &rarr; <strong>1000</strong><br />(+0 for losing)\n",
  "uploadtime": 1776104854,
  "views": 13,
  "formatid": "gen9championsvgc2026regma",
  "rating": 1000,
  "private": 0,
  "password": null
}