{
  "id": "gen9championsvgc2026regma-2586146184",
  "format": "[Gen 9 Champions] VGC 2026 Reg M-A",
  "players": [
    "xSV~NXTx",
    "Greensoul1"
  ],
  "log": "|j|\u2606xSV~NXTx\n|j|\u2606Greensoul1\n|t:|1776404817\n|gametype|doubles\n|player|p1|xSV~NXTx|caitlin|1000\n|player|p2|Greensoul1|102|1016\n|gen|9\n|tier|[Gen 9 Champions] VGC 2026 Reg M-A\n|rated|\n|rule|Species Clause: Limit one of each Pok\u00e9mon\n|rule|Item Clause: Limit 1 of each item\n|clearpoke\n|poke|p1|Sableye, L50, M|\n|poke|p1|Espathra, L50, M|\n|poke|p1|Garchomp, L50, M|\n|poke|p1|Whimsicott, L50, M|\n|poke|p1|Meowstic-F, L50, F|\n|poke|p1|Milotic, L50, M|\n|poke|p2|Tyranitar, L50, F|\n|poke|p2|Medicham, L50, M|\n|poke|p2|Sinistcha, L50|\n|poke|p2|Kommo-o, L50, F|\n|poke|p2|Excadrill, L50, F|\n|poke|p2|Klefki, L50, F|\n|teampreview|4\n|\n|t:|1776404863\n|teamsize|p1|4\n|teamsize|p2|4\n|start\n|switch|p1a: Whimsicott|Whimsicott, L50, M|100/100\n|switch|p1b: Garchomp|Garchomp, L50, M|100/100\n|switch|p2a: Medicham|Medicham, L50, M|100/100\n|switch|p2b: Klefki|Klefki, L50, F, shiny|100/100\n|turn|1\n|inactive|Battle timer is ON: inactive players will automatically lose when time's up. (requested by xSV~NXTx)\n|inactive|Greensoul1 has 60 seconds left.\n|\n|t:|1776404911\n|detailschange|p2a: Medicham|Medicham-Mega, L50, M\n|-mega|p2a: Medicham|Medicham|Medichamite\n|move|p2a: Medicham|Bullet Punch|p1a: Whimsicott\n|-supereffective|p1a: Whimsicott|1\n|-damage|p1a: Whimsicott|28/100\n|move|p2b: Klefki|Reflect|p2b: Klefki\n|-sidestart|p2: Greensoul1|Reflect\n|move|p1b: Garchomp|Dragon Rush|p2a: Medicham|[miss]\n|-miss|p1b: Garchomp|p2a: Medicham\n|move|p1a: Whimsicott|Moonblast|p2a: Medicham\n|-supereffective|p2a: Medicham|1\n|-damage|p2a: Medicham|25/100\n|\n|upkeep\n|turn|2\n|inactive|Greensoul1 has 30 seconds left.\n|inactive|Greensoul1 has 20 seconds left.\n|inactive|Greensoul1 has 15 seconds left.\n|\n|t:|1776404953\n|move|p1a: Whimsicott|Tailwind|p1a: Whimsicott\n|-sidestart|p1: xSV~NXTx|move: Tailwind\n|move|p1b: Garchomp|Dragon Rush|p2a: Medicham\n|-damage|p2a: Medicham|0 fnt\n|faint|p2a: Medicham\n|move|p2b: Klefki|Trick Room|p2b: Klefki\n|-fieldstart|move: Trick Room|[of] p2b: Klefki\n|\n|upkeep\n|inactive|Greensoul1 has 30 seconds left.\n|\n|t:|1776404979\n|switch|p2a: Kommo-o|Kommo-o, L50, F|100/100\n|turn|3\n|inactive|Greensoul1 has 30 seconds left.\n|\n|t:|1776405005\n|switch|p1b: Espathra|Espathra, L50, M|100/100\n|move|p1a: Whimsicott|Encore|p2b: Klefki\n|-start|p2b: Klefki|Encore\n|-enditem|p2b: Klefki|Mental Herb\n|-end|p2b: Klefki|Encore\n|move|p2a: Kommo-o|Clanging Scales|p1a: Whimsicott|[spread] p1b\n|-immune|p1a: Whimsicott\n|-damage|p1b: Espathra|39/100\n|-unboost|p2a: Kommo-o|def|1\n|move|p2b: Klefki|Dazzling Gleam|p1b: Espathra|[spread] p1a,p1b\n|-crit|p1b: Espathra\n|-damage|p1a: Whimsicott|2/100\n|-damage|p1b: Espathra|0 fnt\n|faint|p1b: Espathra\n|\n|upkeep\n|\n|t:|1776405018\n|switch|p1b: Meowstic|Meowstic-F, L50, F|100/100\n|turn|4\n|inactive|Greensoul1 has 30 seconds left.\n|\n|t:|1776405045\n|detailschange|p1b: Meowstic|Meowstic-F-Mega, L50, F\n|-mega|p1b: Meowstic|Meowstic|Meowsticite\n|-ability|p1b: Meowstic|Overcoat|Trace|[from] ability: Trace|[of] p2a: Kommo-o\n|move|p1a: Whimsicott|Protect|p1a: Whimsicott\n|-singleturn|p1a: Whimsicott|Protect\n|move|p2a: Kommo-o|Shadow Claw|p1b: Meowstic\n|-supereffective|p1b: Meowstic|1\n|-crit|p1b: Meowstic\n|-damage|p1b: Meowstic|30/100\n|move|p2b: Klefki|Dazzling Gleam|p1a: Whimsicott|[spread] p1b\n|-activate|p1a: Whimsicott|move: Protect\n|-damage|p1b: Meowstic|11/100\n|move|p1b: Meowstic|Expanding Force|p2a: Kommo-o\n|-supereffective|p2a: Kommo-o|1\n|-damage|p2a: Kommo-o|10/100\n|\n|upkeep\n|turn|5\n|inactive|Greensoul1 has 30 seconds left.\n|\n|t:|1776405079\n|switch|p1b: Garchomp|Garchomp, L50, M|100/100\n|move|p1a: Whimsicott|Encore|p2a: Kommo-o\n|-start|p2a: Kommo-o|Encore\n|move|p2a: Kommo-o|Shadow Claw|p1b: Garchomp\n|-damage|p1b: Garchomp|81/100\n|-damage|p2a: Kommo-o|0 fnt|[from] ability: Rough Skin|[of] p1b: Garchomp\n|faint|p2a: Kommo-o\n|move|p2b: Klefki|Dazzling Gleam|p1b: Garchomp|[spread] p1a,p1b\n|-supereffective|p1b: Garchomp|1\n|-damage|p1a: Whimsicott|0 fnt\n|-damage|p1b: Garchomp|45/100\n|faint|p1a: Whimsicott\n|\n|-sideend|p2: Greensoul1|Reflect\n|-sideend|p1: xSV~NXTx|move: Tailwind\n|upkeep\n|\n|t:|1776405096\n|switch|p2a: Excadrill|Excadrill, L50, F|100/100\n|switch|p1a: Meowstic|Meowstic-F-Mega, L50, F|11/100\n|-ability|p1a: Meowstic|Prankster|Trace|[from] ability: Trace|[of] p2b: Klefki\n|turn|6\n|inactive|Greensoul1 has 30 seconds left.\n|inactive|Greensoul1 has 20 seconds left.\n|inactive|Greensoul1 has 15 seconds left.\n|inactive|Greensoul1 has 10 seconds left.\n|\n|t:|1776405142\n|move|p1a: Meowstic|Protect|p1a: Meowstic\n|-singleturn|p1a: Meowstic|Protect\n|move|p2b: Klefki|Dazzling Gleam|p1b: Garchomp|[spread] p1b\n|-activate|p1a: Meowstic|move: Protect\n|-supereffective|p1b: Garchomp|1\n|-damage|p1b: Garchomp|9/100\n|move|p2a: Excadrill|Iron Head|p1b: Garchomp\n|-damage|p1b: Garchomp|0 fnt\n|-damage|p2a: Excadrill|88/100|[from] ability: Rough Skin|[of] p1b: Garchomp\n|faint|p1b: Garchomp\n|\n|-fieldend|move: Trick Room\n|upkeep\n|turn|7\n|-message|xSV~NXTx forfeited.\n|\n|win|Greensoul1\n|raw|xSV~NXTx's rating: 1000 &rarr; <strong>1000</strong><br />(+0 for losing)\n|raw|Greensoul1's rating: 1016 &rarr; <strong>1052</strong><br />(+36 for winning)\n|l|\u2606xSV~NXTx\n|player|p1|\n",
  "uploadtime": 1776405408,
  "views": 15,
  "formatid": "gen9championsvgc2026regma",
  "rating": 1000,
  "private": 0,
  "password": null
}