{
  "id": "gen9championsvgc2026regma-2583919773",
  "format": "[Gen 9 Champions] VGC 2026 Reg M-A",
  "players": [
    "greenarrowwb",
    "Catyreiji"
  ],
  "log": "|j|\u2606greenarrowwb\n|j|\u2606Catyreiji\n|t:|1776208351\n|gametype|doubles\n|player|p1|greenarrowwb|2|1150\n|player|p2|Catyreiji|ingo|1179\n|gen|9\n|tier|[Gen 9 Champions] VGC 2026 Reg M-A\n|rated|\n|rule|Species Clause: Limit one of each Pok\u00e9mon\n|rule|Item Clause: Limit 1 of each item\n|clearpoke\n|poke|p1|Talonflame, L50, M|\n|poke|p1|Heliolisk, L50, M|\n|poke|p1|Farigiraf, L50, F|\n|poke|p1|Kommo-o, L50, F|\n|poke|p1|Lucario, L50, M|\n|poke|p1|Milotic, L50, F|\n|poke|p2|Absol, L50, M|\n|poke|p2|Beartic, L50, M|\n|poke|p2|Sneasler, L50, F|\n|poke|p2|Aegislash, L50, M|\n|poke|p2|Corviknight, L50, M|\n|poke|p2|Froslass, L50, F|\n|teampreview|4\n|inactive|Battle timer is ON: inactive players will automatically lose when time's up. (requested by greenarrowwb)\n|\n|t:|1776208384\n|teamsize|p1|4\n|teamsize|p2|4\n|start\n|switch|p1a: Talonflame|Talonflame, L50, M, shiny|100/100\n|switch|p1b: Heliolisk|Heliolisk, L50, M, shiny|100/100\n|switch|p2a: Clawdia|Sneasler, L50, F|100/100\n|switch|p2b: Nevermore|Corviknight, L50, M|100/100\n|turn|1\n|\n|t:|1776208396\n|move|p2b: Nevermore|Protect|p2b: Nevermore\n|-singleturn|p2b: Nevermore|Protect\n|move|p1a: Talonflame|Quick Guard|p1a: Talonflame\n|-singleturn|p1a: Talonflame|Quick Guard\n|move|p2a: Clawdia|Fake Out|p1a: Talonflame\n|-activate|p1a: Talonflame|move: Quick Guard\n|move|p1b: Heliolisk|Thunderbolt|p2b: Nevermore\n|-activate|p2b: Nevermore|move: Protect\n|\n|upkeep\n|turn|2\n|inactive|greenarrowwb has 30 seconds left.\n|inactive|greenarrowwb has 20 seconds left.\n|\n|t:|1776208433\n|move|p1a: Talonflame|Brave Bird|p2a: Clawdia\n|-supereffective|p2a: Clawdia|1\n|-enditem|p2a: Clawdia|Focus Sash\n|-damage|p2a: Clawdia|1/100\n|-damage|p1a: Talonflame|67/100|[from] Recoil\n|move|p2a: Clawdia|Close Combat|p1b: Heliolisk\n|-supereffective|p1b: Heliolisk|1\n|-damage|p1b: Heliolisk|0 fnt\n|-unboost|p2a: Clawdia|def|1\n|-unboost|p2a: Clawdia|spd|1\n|faint|p1b: Heliolisk\n|move|p2b: Nevermore|Iron Defense|p2b: Nevermore\n|-boost|p2b: Nevermore|def|2\n|\n|upkeep\n|\n|t:|1776208456\n|switch|p1b: Kommo-o|Kommo-o, L50, F, shiny|100/100\n|turn|3\n|\n|t:|1776208476\n|move|p1b: Kommo-o|Protect|p1b: Kommo-o\n|-singleturn|p1b: Kommo-o|Protect\n|move|p2a: Clawdia|Dire Claw|p1a: Talonflame\n|-damage|p1a: Talonflame|8/100\n|-status|p2a: Clawdia|brn|[from] ability: Flame Body|[of] p1a: Talonflame\n|move|p1a: Talonflame|Tailwind|p1a: Talonflame\n|-sidestart|p1: greenarrowwb|move: Tailwind\n|move|p2b: Nevermore|Iron Defense|p2b: Nevermore\n|-boost|p2b: Nevermore|def|2\n|\n|-damage|p2a: Clawdia|0 fnt|[from] brn\n|faint|p2a: Clawdia\n|upkeep\n|\n|t:|1776208489\n|switch|p2a: Aurora|Froslass, L50, F, shiny|100/100\n|turn|4\n|\n|t:|1776208506\n|detailschange|p2a: Aurora|Froslass-Mega, L50, F, shiny\n|-mega|p2a: Aurora|Froslass|Froslassite\n|-weather|Snowscape|[from] ability: Snow Warning|[of] p2a: Aurora\n|move|p1a: Talonflame|Sunny Day|p1a: Talonflame\n|-weather|SunnyDay\n|move|p1b: Kommo-o|Iron Head|p2a: Aurora\n|-supereffective|p2a: Aurora|1\n|-damage|p2a: Aurora|27/100\n|move|p2a: Aurora|Aurora Veil||[still]\n|-fail|p2a: Aurora\n|move|p2b: Nevermore|Body Press|p1b: Kommo-o\n|-damage|p1b: Kommo-o|34/100\n|\n|-weather|SunnyDay|[upkeep]\n|upkeep\n|turn|5\n|inactive|greenarrowwb has 30 seconds left.\n|\n|t:|1776208532\n|switch|p2a: Ursa Major|Beartic, L50, M|100/100\n|move|p2b: Nevermore|Protect|p2b: Nevermore\n|-singleturn|p2b: Nevermore|Protect\n|move|p1a: Talonflame|Brave Bird|p2a: Ursa Major\n|-damage|p2a: Ursa Major|42/100\n|-damage|p1a: Talonflame|0 fnt|[from] Recoil\n|faint|p1a: Talonflame\n|move|p1b: Kommo-o|Body Press|p2b: Nevermore\n|-activate|p2b: Nevermore|move: Protect\n|\n|-weather|SunnyDay|[upkeep]\n|upkeep\n|\n|t:|1776208543\n|switch|p1a: Lucario|Lucario, L50, M, shiny|100/100\n|turn|6\n|\n|t:|1776208565\n|detailschange|p1a: Lucario|Lucario-Mega, L50, M, shiny\n|-mega|p1a: Lucario|Lucario|Lucarionite\n|move|p1b: Kommo-o|Protect|p1b: Kommo-o\n|-singleturn|p1b: Kommo-o|Protect\n|move|p2a: Ursa Major|Aqua Jet|p1b: Kommo-o\n|-activate|p1b: Kommo-o|move: Protect\n|move|p1a: Lucario|Aura Sphere|p2b: Nevermore\n|-damage|p2b: Nevermore|55/100\n|move|p2b: Nevermore|Body Press|p1a: Lucario\n|-supereffective|p1a: Lucario|1\n|-damage|p1a: Lucario|0 fnt\n|faint|p1a: Lucario\n|\n|-weather|SunnyDay|[upkeep]\n|-heal|p2b: Nevermore|60/100|[from] item: Leftovers\n|-sideend|p1: greenarrowwb|move: Tailwind\n|upkeep\n|turn|7\n|-message|greenarrowwb forfeited.\n|\n|win|Catyreiji\n|raw|greenarrowwb's rating: 1150 &rarr; <strong>1127</strong><br />(-23 for losing)\n|raw|Catyreiji's rating: 1179 &rarr; <strong>1202</strong><br />(+23 for winning)\n|l|\u2606greenarrowwb\n|player|p1|\n",
  "uploadtime": 1776208582,
  "views": 23,
  "formatid": "gen9championsvgc2026regma",
  "rating": 1127,
  "private": 0,
  "password": null
}