{
  "id": "gen9championsvgc2026regma-2581319861",
  "format": "[Gen 9 Champions] VGC 2026 Reg M-A",
  "players": [
    "magicalarcher57",
    "PPYYY"
  ],
  "log": "|j|\u2606magicalarcher57\n|j|\u2606PPYYY\n|t:|1775986148\n|gametype|doubles\n|player|p1|magicalarcher57|cynthia-masters4|\n|player|p2|PPYYY|miku-water|\n|gen|9\n|tier|[Gen 9 Champions] VGC 2026 Reg M-A\n|rated|Tournament battle\n|rule|Species Clause: Limit one of each Pok\u00e9mon\n|rule|Item Clause: Limit 1 of each item\n|clearpoke\n|poke|p1|Kangaskhan, L50, F|\n|poke|p1|Farigiraf, L50, M|\n|poke|p1|Basculegion, L50, M|\n|poke|p1|Talonflame, L50, M|\n|poke|p1|Sneasler, L50, F|\n|poke|p1|Kleavor, L50, F|\n|poke|p2|Excadrill, L50, F|\n|poke|p2|Hydreigon, L50, M|\n|poke|p2|Corviknight, L50, F|\n|poke|p2|Typhlosion-Hisui, L50, F|\n|poke|p2|Milotic, L50, F|\n|poke|p2|Rotom-Heat, L50|\n|teampreview|4\n|j| shoccco\u2764\n|j| MegaGardevoirVgc\n|c|\u2606magicalarcher57|glhf my goat\n|j| Indigo mask\n|j| Solarbloke\n|c|\u2606PPYYY|u2\nmagicalarcher57 has agreed to open team sheets.\nPPYYY rejected open team sheets.\n|j| archoni9\n|c| shoccco\u2764|bitch move i cyannot lie\n|l| archoni9\n|c|\u2606magicalarcher57|lol\n|\n|t:|1775986205\n|teamsize|p1|4\n|teamsize|p2|4\n|start\n|switch|p1a: Farigiraf|Farigiraf, L50, M, shiny|100/100\n|switch|p1b: Kangaskhan|Kangaskhan, L50, F, shiny|100/100\n|switch|p2a: Excadrill|Excadrill, L50, F|100/100\n|switch|p2b: llal|Corviknight, L50, F|100/100\n|turn|1\n|j| VC824\n|j| Reign1997\n|j| kangkang\n|\n|t:|1775986228\n|detailschange|p1b: Kangaskhan|Kangaskhan-Mega, L50, F, shiny\n|-mega|p1b: Kangaskhan|Kangaskhan|Kangaskhanite\n|move|p2a: Excadrill|Protect|p2a: Excadrill\n|-singleturn|p2a: Excadrill|Protect\n|move|p1b: Kangaskhan|Drain Punch|p2b: llal\n|-damage|p2b: llal|79/100\n|-damage|p2b: llal|74/100\n|-hitcount|p2b: llal|2\n|move|p2b: llal|Iron Defense|p2b: llal\n|-boost|p2b: llal|def|2\n|move|p1a: Farigiraf|Trick Room|p1a: Farigiraf\n|-fieldstart|move: Trick Room|[of] p1a: Farigiraf\n|\n|upkeep\n|turn|2\n|\n|t:|1775986240\n|switch|p2a: Rotom|Rotom-Heat, L50|100/100\n|move|p1a: Farigiraf|Hyper Voice|p2b: llal|[spread] p2a,p2b\n|-resisted|p2b: llal|1\n|-damage|p2a: Rotom|66/100\n|-damage|p2b: llal|61/100\n|move|p2b: llal|Body Press|p1b: Kangaskhan\n|-supereffective|p1b: Kangaskhan|1\n|-damage|p1b: Kangaskhan|24/100\n|move|p1b: Kangaskhan|Drain Punch|p2a: Rotom\n|-damage|p2a: Rotom|39/100\n|-heal|p1b: Kangaskhan|34/100|[from] drain|[of] p2a: Rotom\n|-enditem|p2a: Rotom|Sitrus Berry|[eat]\n|-heal|p2a: Rotom|64/100|[from] item: Sitrus Berry\n|-damage|p2a: Rotom|57/100\n|-heal|p1b: Kangaskhan|37/100|[from] drain|[of] p2a: Rotom\n|-hitcount|p2a: Rotom|2\n|\n|upkeep\n|turn|3\n|\n|t:|1775986247\n|move|p2a: Rotom|Protect|p2a: Rotom\n|-singleturn|p2a: Rotom|Protect\n|move|p1a: Farigiraf|Hyper Voice|p2a: Rotom|[spread] p2b\n|-activate|p2a: Rotom|move: Protect\n|-resisted|p2b: llal|1\n|-damage|p2b: llal|47/100\n|move|p2b: llal|Roost|p2b: llal\n|-heal|p2b: llal|98/100\n|-singleturn|p2b: llal|move: Roost\n|move|p1b: Kangaskhan|Double-Edge|p2a: Rotom\n|-activate|p2a: Rotom|move: Protect\n|\n|upkeep\n|turn|4\n|\n|t:|1775986257\n|switch|p2a: Excadrill|Excadrill, L50, F|100/100\n|move|p1a: Farigiraf|Shadow Ball|p2b: llal\n|-damage|p2b: llal|75/100\n|-ability|p2b: llal|Mirror Armor\n|-unboost|p1a: Farigiraf|spd|1\n|move|p2b: llal|Body Press|p1a: Farigiraf\n|-damage|p1a: Farigiraf|54/100\n|move|p1b: Kangaskhan|Double-Edge|p2a: Excadrill\n|-resisted|p2a: Excadrill|1\n|-damage|p2a: Excadrill|55/100\n|-resisted|p2a: Excadrill|1\n|-damage|p2a: Excadrill|43/100\n|-hitcount|p2a: Excadrill|2\n|-damage|p1b: Kangaskhan|20/100|[from] Recoil\n|\n|upkeep\n|turn|5\n|\n|t:|1775986271\n|move|p2a: Excadrill|Protect|p2a: Excadrill\n|-singleturn|p2a: Excadrill|Protect\n|move|p1a: Farigiraf|Hyper Voice|p2b: llal|[spread] p2b\n|-activate|p2a: Excadrill|move: Protect\n|-resisted|p2b: llal|1\n|-damage|p2b: llal|60/100\n|move|p2b: llal|Iron Defense|p2b: llal\n|-boost|p2b: llal|def|2\n|move|p1b: Kangaskhan|Drain Punch|p2b: llal\n|-damage|p2b: llal|53/100\n|-heal|p1b: Kangaskhan|24/100|[from] drain|[of] p2b: llal\n|-damage|p2b: llal|51/100\n|-heal|p1b: Kangaskhan|25/100|[from] drain|[of] p2b: llal\n|-hitcount|p2b: llal|2\n|\n|-fieldend|move: Trick Room\n|upkeep\n|turn|6\n|l| VC824\n|\n|t:|1775986286\n|switch|p1b: Basculegion|Basculegion, L50, M, shiny|100/100\n|detailschange|p2a: Excadrill|Excadrill-Mega, L50, F\n|-mega|p2a: Excadrill|Excadrill|Excadrite\n|move|p2a: Excadrill|Earthquake|p1a: Farigiraf|[spread] p1a,p1b\n|-immune|p2b: llal\n|-damage|p1a: Farigiraf|11/100\n|-damage|p1b: Basculegion|50/100\n|move|p2b: llal|Body Press|p1a: Farigiraf\n|-damage|p1a: Farigiraf|0 fnt\n|faint|p1a: Farigiraf\n|\n|upkeep\n|\n|t:|1775986294\n|switch|p1a: Talonflame|Talonflame, L50, M, shiny|100/100\n|turn|7\n|\n|t:|1775986313\n|switch|p2a: ll|Milotic, L50, F|100/100\n|move|p1b: Basculegion|Aqua Jet|p2a: ll\n|-resisted|p2a: ll|1\n|-damage|p2a: ll|88/100\n|move|p1a: Talonflame|Taunt|p2b: llal\n|-start|p2b: llal|move: Taunt\n|-enditem|p2b: llal|Mental Herb\n|-end|p2b: llal|move: Taunt\n|move|p2b: llal|Roost|p2b: llal\n|-heal|p2b: llal|100/100\n|-singleturn|p2b: llal|move: Roost\n|\n|-heal|p2a: ll|94/100|[from] item: Leftovers\n|upkeep\n|turn|8\n|\n|t:|1775986322\n|move|p1b: Basculegion|Protect|p1b: Basculegion\n|-singleturn|p1b: Basculegion|Protect\n|move|p1a: Talonflame|Tailwind|p1a: Talonflame\n|-sidestart|p1: magicalarcher57|move: Tailwind\n|move|p2a: ll|Muddy Water|p1a: Talonflame|[spread] p1a\n|-activate|p1b: Basculegion|move: Protect\n|-supereffective|p1a: Talonflame|1\n|-damage|p1a: Talonflame|15/100\n|-unboost|p1a: Talonflame|accuracy|1\n|move|p2b: llal|Brave Bird|p1b: Basculegion\n|-activate|p1b: Basculegion|move: Protect\n|\n|-heal|p2a: ll|99/100|[from] item: Leftovers\n|upkeep\n|turn|9\n|j| FBISurveillanceMan\n|\n|t:|1775986346\n|move|p2a: ll|Protect|p2a: ll\n|-singleturn|p2a: ll|Protect\n|move|p1a: Talonflame|Brave Bird|p2a: ll\n|-activate|p2a: ll|move: Protect\n|move|p1b: Basculegion|Last Respects|p2a: ll\n|-activate|p2a: ll|move: Protect\n|move|p2b: llal|Brave Bird|p1b: Basculegion\n|-damage|p1b: Basculegion|6/100\n|-damage|p2b: llal|84/100|[from] Recoil\n|\n|-heal|p2a: ll|100/100|[from] item: Leftovers\n|upkeep\n|turn|10\n|l| Solarbloke\n|\n|t:|1775986363\n|switch|p2a: Excadrill|Excadrill-Mega, L50, F|43/100\n|move|p1a: Talonflame|Flare Blitz|p2b: llal\n|-supereffective|p2b: llal|1\n|-damage|p2b: llal|61/100\n|-damage|p1a: Talonflame|4/100|[from] Recoil\n|move|p1b: Basculegion|Last Respects|p2a: Excadrill\n|-damage|p2a: Excadrill|0 fnt\n|faint|p2a: Excadrill\n|move|p2b: llal|Brave Bird|p1b: Basculegion\n|-damage|p1b: Basculegion|0 fnt\n|faint|p1b: Basculegion\n|-damage|p2b: llal|59/100|[from] Recoil\n|\n|upkeep\n|\n|t:|1775986371\n|switch|p2a: ll|Milotic, L50, F|100/100\n|switch|p1b: Kangaskhan|Kangaskhan-Mega, L50, F, shiny|25/100\n|turn|11\n|\n|t:|1775986377\n|move|p1a: Talonflame|Brave Bird|p2a: ll\n|-damage|p2a: ll|55/100\n|-damage|p1a: Talonflame|0 fnt|[from] Recoil\n|faint|p1a: Talonflame\n|move|p1b: Kangaskhan|Double-Edge|p2a: ll\n|-damage|p2a: ll|0 fnt\n|faint|p2a: ll\n|-hitcount|p2: ll|1\n|-damage|p1b: Kangaskhan|8/100|[from] Recoil\n|move|p2b: llal|Body Press|p1b: Kangaskhan\n|-supereffective|p1b: Kangaskhan|1\n|-damage|p1b: Kangaskhan|0 fnt\n|faint|p1b: Kangaskhan\n|\n|win|PPYYY\n|n|\u2606magicalarcher57|magicalarcher57\n|n|\u2606PPYYY|ppyyy\n|n| shoccco\u2764|shoccco\n|n| MegaGardevoirVgc|megagardevoirvgc\n|n| Indigo mask|indigomask\n|n| Reign1997|reign1997\n|n| kangkang|kangkang\n|n| FBISurveillanceMan|fbisurveillanceman\n|c|\u2606magicalarcher57|gg\n|c|\u2606PPYYY|gg\n",
  "uploadtime": 1775986377,
  "views": 13,
  "formatid": "gen9championsvgc2026regma",
  "rating": null,
  "private": 0,
  "password": null
}