{
  "id": "gen9championsvgc2026regma-2587696196",
  "format": "[Gen 9 Champions] VGC 2026 Reg M-A",
  "players": [
    "samlink91",
    "UnHommeEtSonPeche"
  ],
  "log": "|j|\u2606samlink91\n|j|\u2606UnHommeEtSonPeche\n|t:|1776554828\n|gametype|doubles\n|player|p1|samlink91|hilbert|1137\n|player|p2|UnHommeEtSonPeche|265|1057\n|gen|9\n|tier|[Gen 9 Champions] VGC 2026 Reg M-A\n|rated|\n|rule|Species Clause: Limit one of each Pok\u00e9mon\n|rule|Item Clause: Limit 1 of each item\n|clearpoke\n|poke|p1|Meganium, L50, F|\n|poke|p1|Incineroar, L50, F|\n|poke|p1|Pelipper, L50, F|\n|poke|p1|Archaludon, L50, F|\n|poke|p1|Sneasler, L50, F|\n|poke|p1|Starmie, L50|\n|poke|p2|Arcanine-Hisui, L50, M|\n|poke|p2|Whimsicott, L50, M|\n|poke|p2|Heracross, L50, M|\n|poke|p2|Dragonite, L50, F|\n|poke|p2|Slowking-Galar, L50, F|\n|poke|p2|Rhyperior, L50, F|\n|teampreview|4\n|inactive|Battle timer is ON: inactive players will automatically lose when time's up. (requested by samlink91)\n|inactive|UnHommeEtSonPeche has 60 seconds left.\n|\n|t:|1776554867\n|teamsize|p1|4\n|teamsize|p2|4\n|start\n|switch|p1a: Meganium|Meganium, L50, F|100/100\n|switch|p1b: Incineroar|Incineroar, L50, F|100/100\n|switch|p2a: Arcanine|Arcanine-Hisui, L50, M|100/100\n|switch|p2b: Whimsicott|Whimsicott, L50, M|100/100\n|-ability|p2a: Arcanine|Intimidate|boost\n|-unboost|p1a: Meganium|atk|1\n|-unboost|p1b: Incineroar|atk|1\n|-ability|p1b: Incineroar|Intimidate|boost\n|-unboost|p2a: Arcanine|atk|1\n|-unboost|p2b: Whimsicott|atk|1\n|turn|1\n|\n|t:|1776554889\n|detailschange|p1a: Meganium|Meganium-Mega, L50, F\n|-mega|p1a: Meganium|Meganium|Meganiumite\n|move|p1b: Incineroar|Fake Out|p2b: Whimsicott\n|-damage|p2b: Whimsicott|90/100\n|cant|p2b: Whimsicott|flinch\n|move|p1a: Meganium|Weather Ball|p2b: Whimsicott\n|-supereffective|p2b: Whimsicott|1\n|-damage|p2b: Whimsicott|0 fnt\n|faint|p2b: Whimsicott\n|move|p2a: Arcanine|Flare Blitz|p1b: Incineroar\n|-resisted|p1b: Incineroar|1\n|-damage|p1b: Incineroar|82/100\n|-damage|p2a: Arcanine|94/100|[from] Recoil\n|\n|upkeep\n|\n|t:|1776554904\n|switch|p2b: Dragonite|Dragonite, L50, F|100/100\n|turn|2\n|\n|t:|1776554913\n|move|p1a: Meganium|Dazzling Gleam|p2b: Dragonite|[spread] p2a,p2b\n|-resisted|p2a: Arcanine|1\n|-supereffective|p2b: Dragonite|1\n|-damage|p2a: Arcanine|77/100\n|-damage|p2b: Dragonite|68/100\n|move|p2a: Arcanine|Flare Blitz|p1a: Meganium\n|-supereffective|p1a: Meganium|1\n|-damage|p1a: Meganium|16/100\n|-damage|p2a: Arcanine|55/100|[from] Recoil\n|move|p2b: Dragonite|Scale Shot|p1b: Incineroar\n|-damage|p1b: Incineroar|67/100\n|-damage|p1b: Incineroar|53/100\n|-damage|p1b: Incineroar|38/100\n|-enditem|p1b: Incineroar|Sitrus Berry|[eat]\n|-heal|p1b: Incineroar|63/100|[from] item: Sitrus Berry\n|-hitcount|p1b: Incineroar|3\n|-unboost|p2b: Dragonite|def|1\n|-boost|p2b: Dragonite|spe|1\n|move|p1b: Incineroar|Darkest Lariat|p2a: Arcanine\n|-damage|p2a: Arcanine|23/100\n|-enditem|p2a: Arcanine|Sitrus Berry|[eat]\n|-heal|p2a: Arcanine|48/100|[from] item: Sitrus Berry\n|\n|upkeep\n|turn|3\n|inactive|samlink91 has 30 seconds left.\n|\n|t:|1776554946\n|move|p2b: Dragonite|Extreme Speed|p1a: Meganium\n|-damage|p1a: Meganium|0 fnt\n|faint|p1a: Meganium\n|move|p2a: Arcanine|Extreme Speed|p1b: Incineroar\n|-damage|p1b: Incineroar|44/100\n|move|p1b: Incineroar|Parting Shot|p2b: Dragonite\n|-unboost|p2b: Dragonite|atk|1\n|-unboost|p2b: Dragonite|spa|1\n|\n|t:|1776554956\n|switch|p1b: Pelipper|Pelipper, L50, F|100/100|[from] Parting Shot\n|-weather|RainDance|[from] ability: Drizzle|[of] p1b: Pelipper\n|\n|-weather|RainDance|[upkeep]\n|upkeep\n|\n|t:|1776554961\n|switch|p1a: Incineroar|Incineroar, L50, F|44/100\n|-ability|p1a: Incineroar|Intimidate|boost\n|-unboost|p2a: Arcanine|atk|1\n|-unboost|p2b: Dragonite|atk|1\n|turn|4\n|\n|t:|1776554984\n|switch|p2b: Heracross|Heracross, L50, M|100/100\n|move|p2a: Arcanine|Protect|p2a: Arcanine\n|-singleturn|p2a: Arcanine|Protect\n|move|p1a: Incineroar|Fake Out|p2b: Heracross\n|-damage|p2b: Heracross|82/100\n|move|p1b: Pelipper|Muddy Water|p2b: Heracross|[spread] \n|-activate|p2a: Arcanine|move: Protect\n|-miss|p1b: Pelipper|p2b: Heracross\n|\n|-weather|RainDance|[upkeep]\n|upkeep\n|turn|5\n|\n|t:|1776555003\n|detailschange|p2b: Heracross|Heracross-Mega, L50, M\n|-mega|p2b: Heracross|Heracross|Heracronite\n|move|p1b: Pelipper|Tailwind|p1b: Pelipper\n|-sidestart|p1: samlink91|move: Tailwind\n|move|p1a: Incineroar|Flare Blitz|p2b: Heracross\n|-supereffective|p2b: Heracross|1\n|-damage|p2b: Heracross|21/100\n|-damage|p1a: Incineroar|27/100|[from] Recoil\n|move|p2a: Arcanine|Rock Slide|p1b: Pelipper|[spread] p1a\n|-miss|p2a: Arcanine|p1b: Pelipper\n|-supereffective|p1a: Incineroar|1\n|-damage|p1a: Incineroar|0 fnt\n|faint|p1a: Incineroar\n|move|p2b: Heracross|Rock Blast|p1b: Pelipper\n|-supereffective|p1b: Pelipper|1\n|-damage|p1b: Pelipper|65/100\n|-supereffective|p1b: Pelipper|1\n|-damage|p1b: Pelipper|35/100\n|-supereffective|p1b: Pelipper|1\n|-damage|p1b: Pelipper|3/100\n|-supereffective|p1b: Pelipper|1\n|-damage|p1b: Pelipper|0 fnt\n|faint|p1b: Pelipper\n|-hitcount|p1: Pelipper|4\n|\n|-weather|RainDance|[upkeep]\n|upkeep\n|\n|t:|1776555026\n|switch|p1b: Archaludon|Archaludon, L50, F|100/100\n|turn|6\n|\n|t:|1776555049\n|move|p2b: Heracross|Protect|p2b: Heracross\n|-singleturn|p2b: Heracross|Protect\n|move|p1b: Archaludon|Electro Shot||[still]\n|-prepare|p1b: Archaludon|Electro Shot\n|-boost|p1b: Archaludon|spa|1\n|-anim|p1b: Archaludon|Electro Shot|p2b: Heracross\n|-activate|p2b: Heracross|move: Protect\n|move|p2a: Arcanine|Flare Blitz|p1b: Archaludon\n|-crit|p1b: Archaludon\n|-damage|p1b: Archaludon|60/100\n|-ability|p1b: Archaludon|Stamina|boost\n|-boost|p1b: Archaludon|def|1\n|-damage|p2a: Arcanine|37/100|[from] Recoil\n|\n|-weather|RainDance|[upkeep]\n|upkeep\n|turn|7\n|\n|t:|1776555072\n|move|p1b: Archaludon|Electro Shot||[still]\n|-prepare|p1b: Archaludon|Electro Shot\n|-boost|p1b: Archaludon|spa|1\n|-anim|p1b: Archaludon|Electro Shot|p2b: Heracross\n|-crit|p2b: Heracross\n|-damage|p2b: Heracross|0 fnt\n|faint|p2b: Heracross\n|move|p2a: Arcanine|Flare Blitz|p1b: Archaludon\n|-damage|p1b: Archaludon|52/100\n|-ability|p1b: Archaludon|Stamina|boost\n|-boost|p1b: Archaludon|def|1\n|-damage|p2a: Arcanine|35/100|[from] Recoil\n|\n|-weather|none\n|upkeep\n|\n|t:|1776555086\n|switch|p2b: Dragonite|Dragonite, L50, F|68/100\n|turn|8\n|c|\u2606samlink91|francais?\n|inactive|UnHommeEtSonPeche has 30 seconds left.\n|inactive|UnHommeEtSonPeche has 20 seconds left.\n|inactive|UnHommeEtSonPeche has 15 seconds left.\n|inactive|UnHommeEtSonPeche has 10 seconds left.\n|\n|t:|1776555131\n|move|p2a: Arcanine|Protect|p2a: Arcanine\n|-singleturn|p2a: Arcanine|Protect\n|move|p1b: Archaludon|Draco Meteor|p2b: Dragonite\n|-supereffective|p2b: Dragonite|1\n|-damage|p2b: Dragonite|0 fnt\n|-unboost|p1b: Archaludon|spa|2\n|faint|p2b: Dragonite\n|\n|-sideend|p1: samlink91|move: Tailwind\n|upkeep\n|turn|9\n|c|\u2606UnHommeEtSonPeche|oui je suis cave\n|c|\u2606samlink91|ca arrive\n|c|\u2606UnHommeEtSonPeche|je connais pas assez bien les abilities\n|inactive|UnHommeEtSonPeche has 30 seconds left.\n|c|\u2606UnHommeEtSonPeche|gg\n|\n|t:|1776555159\n|move|p1b: Archaludon|Aura Sphere|p2a: Arcanine\n|-supereffective|p2a: Arcanine|1\n|-damage|p2a: Arcanine|0 fnt\n|faint|p2a: Arcanine\n|\n|win|samlink91\n|raw|samlink91's rating: 1137 &rarr; <strong>1156</strong><br />(+19 for winning)\n|raw|UnHommeEtSonPeche's rating: 1057 &rarr; <strong>1043</strong><br />(-14 for losing)\n|c|\u2606samlink91|gg\n|l|\u2606UnHommeEtSonPeche\n|player|p2|\n",
  "uploadtime": 1776555718,
  "views": 15,
  "formatid": "gen9championsvgc2026regma",
  "rating": 1043,
  "private": 0,
  "password": null
}