{
  "id": "gen9championsvgc2026regma-2583156573",
  "format": "[Gen 9 Champions] VGC 2026 Reg M-A",
  "players": [
    "NoxxinVGC",
    "perfectself"
  ],
  "log": "|j|\u2606NoxxinVGC\n|j|\u2606perfectself\n|t:|1776148903\n|gametype|doubles\n|player|p1|NoxxinVGC|giovanni|1128\n|player|p2|perfectself|baker|1044\n|gen|9\n|tier|[Gen 9 Champions] VGC 2026 Reg M-A\n|rated|\n|rule|Species Clause: Limit one of each Pok\u00e9mon\n|rule|Item Clause: Limit 1 of each item\n|clearpoke\n|poke|p1|Delphox, L50, F|\n|poke|p1|Basculegion, L50, M|\n|poke|p1|Clefable, L50, F|\n|poke|p1|Kingambit, L50, M|\n|poke|p1|Dragonite, L50, M|\n|poke|p1|Sneasler, L50, M|\n|poke|p2|Ceruledge, L50, F|\n|poke|p2|Dragapult, L50, F|\n|poke|p2|Froslass, L50, F|\n|poke|p2|Cofagrigus, L50, F|\n|poke|p2|Aegislash, L50, F|\n|poke|p2|Zoroark-Hisui, L50, F|\n|teampreview|4\n|inactive|Battle timer is ON: inactive players will automatically lose when time's up. (requested by perfectself)\n|inactive|NoxxinVGC also wants the timer to be on.\nNoxxinVGC rejected open team sheets.\n|\n|t:|1776148925\n|teamsize|p1|4\n|teamsize|p2|4\n|start\n|switch|p1a: Basculegion|Basculegion, L50, M|100/100\n|switch|p1b: Kingambit|Kingambit, L50, M|100/100\n|switch|p2a: Froslass|Froslass, L50, F|100/100\n|switch|p2b: Ceruledge|Ceruledge, L50, F, shiny|100/100\n|turn|1\n|inactive|NoxxinVGC has 30 seconds left.\n|inactive|NoxxinVGC has 20 seconds left.\n|inactive|NoxxinVGC has 15 seconds left.\n|inactive|NoxxinVGC has 10 seconds left.\n|\n|t:|1776148972\n|detailschange|p2a: Froslass|Froslass-Mega, L50, F\n|-mega|p2a: Froslass|Froslass|Froslassite\n|-weather|Snowscape|[from] ability: Snow Warning|[of] p2a: Froslass\n|move|p1a: Basculegion|Wave Crash|p2b: Ceruledge\n|-supereffective|p2b: Ceruledge|1\n|-enditem|p2b: Ceruledge|Focus Sash\n|-damage|p2b: Ceruledge|1/100\n|-ability|p2b: Ceruledge|Weak Armor|boost\n|-unboost|p2b: Ceruledge|def|1\n|-boost|p2b: Ceruledge|spe|2\n|-damage|p1a: Basculegion|75/100|[from] Recoil\n|move|p2b: Ceruledge|Swords Dance|p2b: Ceruledge\n|-boost|p2b: Ceruledge|atk|2\n|move|p2a: Froslass|Aurora Veil|p2a: Froslass\n|-sidestart|p2: perfectself|move: Aurora Veil\n|move|p1b: Kingambit|Swords Dance|p1b: Kingambit\n|-boost|p1b: Kingambit|atk|2\n|\n|-weather|Snowscape|[upkeep]\n|upkeep\n|turn|2\n|inactive|perfectself has 30 seconds left.\n|inactive|perfectself has 20 seconds left.\n|\n|t:|1776149009\n|move|p1b: Kingambit|Protect|p1b: Kingambit\n|-singleturn|p1b: Kingambit|Protect\n|move|p2b: Ceruledge|Bitter Blade|p1b: Kingambit\n|-activate|p1b: Kingambit|move: Protect\n|move|p1a: Basculegion|Wave Crash|p2b: Ceruledge\n|-supereffective|p2b: Ceruledge|1\n|-damage|p2b: Ceruledge|0 fnt\n|faint|p2b: Ceruledge\n|-damage|p1a: Basculegion|74/100|[from] Recoil\n|move|p2a: Froslass|Poltergeist|p1a: Basculegion\n|-activate|p1a: Basculegion|move: Poltergeist|Choice Scarf\n|-supereffective|p1a: Basculegion|1\n|-damage|p1a: Basculegion|10/100\n|\n|-weather|Snowscape|[upkeep]\n|upkeep\n|\n|t:|1776149026\n|switch|p2b: Cofagrigus|Cofagrigus, L50, F|100/100\n|turn|3\n|inactive|perfectself has 30 seconds left.\n|\n|t:|1776149056\n|switch|p1a: Clefable|Clefable, L50, F|100/100\n|move|p2a: Froslass|Poltergeist|p1a: Clefable\n|-activate|p1a: Clefable|move: Poltergeist|Sitrus Berry\n|-damage|p1a: Clefable|79/100\n|move|p1b: Kingambit|Kowtow Cleave|p2a: Froslass\n|-supereffective|p2a: Froslass|1\n|-damage|p2a: Froslass|0 fnt\n|faint|p2a: Froslass\n|move|p2b: Cofagrigus|Haze|p2b: Cofagrigus\n|-clearallboost\n|\n|-weather|Snowscape|[upkeep]\n|upkeep\n|\n|t:|1776149069\n|switch|p2a: Aegislash|Aegislash, L50, F|100/100\n|turn|4\n|\n|t:|1776149083\n|move|p1a: Clefable|Protect|p1a: Clefable\n|-singleturn|p1a: Clefable|Protect\n|-formechange|p2a: Aegislash|Aegislash-Blade|\n|move|p2a: Aegislash|Gyro Ball|p1a: Clefable\n|-activate|p1a: Clefable|move: Protect\n|move|p1b: Kingambit|Kowtow Cleave|p2b: Cofagrigus\n|-supereffective|p2b: Cofagrigus|1\n|-damage|p2b: Cofagrigus|39/100\n|-activate|p2b: Cofagrigus|ability: Mummy|p1b: Kingambit|[ability] Defiant\n|-enditem|p2b: Cofagrigus|Sitrus Berry|[eat]\n|-heal|p2b: Cofagrigus|64/100|[from] item: Sitrus Berry\n|move|p2b: Cofagrigus|Will-O-Wisp|p1b: Kingambit\n|-status|p1b: Kingambit|brn\n|\n|-weather|Snowscape|[upkeep]\n|-damage|p1b: Kingambit|95/100 brn|[from] brn\n|upkeep\n|turn|5\n|\n|t:|1776149103\n|switch|p1a: Delphox|Delphox, L50, F, shiny|100/100\n|-formechange|p2a: Aegislash|Aegislash|\n|move|p2a: Aegislash|King's Shield|p2a: Aegislash\n|-singleturn|p2a: Aegislash|Protect\n|move|p1b: Kingambit|Swords Dance|p1b: Kingambit\n|-boost|p1b: Kingambit|atk|2\n|move|p2b: Cofagrigus|Will-O-Wisp|p1a: Delphox\n|-immune|p1a: Delphox\n|\n|-weather|none\n|-damage|p1b: Kingambit|89/100 brn|[from] brn\n|-sideend|p2: perfectself|move: Aurora Veil\n|upkeep\n|turn|6\n|inactive|perfectself has 30 seconds left.\n|\n|t:|1776149129\n|detailschange|p1a: Delphox|Delphox-Mega, L50, F, shiny\n|-mega|p1a: Delphox|Delphox|Delphoxite\n|move|p1a: Delphox|Heat Wave|p2a: Aegislash|[spread] p2a,p2b\n|-supereffective|p2a: Aegislash|1\n|-damage|p2a: Aegislash|42/100\n|-damage|p2b: Cofagrigus|30/100\n|-formechange|p2a: Aegislash|Aegislash-Blade|\n|move|p2a: Aegislash|Shadow Ball|p1a: Delphox\n|-supereffective|p1a: Delphox|1\n|-damage|p1a: Delphox|32/100\n|move|p1b: Kingambit|Kowtow Cleave|p2b: Cofagrigus\n|-supereffective|p2b: Cofagrigus|1\n|-damage|p2b: Cofagrigus|0 fnt\n|faint|p2b: Cofagrigus\n|\n|-heal|p2a: Aegislash|48/100|[from] item: Leftovers\n|-damage|p1b: Kingambit|83/100 brn|[from] brn\n|upkeep\n|turn|7\n|\n|t:|1776149146\n|-formechange|p2a: Aegislash|Aegislash|\n|move|p2a: Aegislash|King's Shield|p2a: Aegislash\n|-singleturn|p2a: Aegislash|Protect\n|move|p1a: Delphox|Heat Wave|p2a: Aegislash\n|-activate|p2a: Aegislash|move: Protect\n|move|p1b: Kingambit|Kowtow Cleave|p2a: Aegislash\n|-activate|p2a: Aegislash|move: Protect\n|-unboost|p1b: Kingambit|atk|1\n|\n|-heal|p2a: Aegislash|54/100|[from] item: Leftovers\n|-damage|p1b: Kingambit|77/100 brn|[from] brn\n|upkeep\n|turn|8\n|\n|t:|1776149161\n|move|p1a: Delphox|Heat Wave|p2a: Aegislash\n|-supereffective|p2a: Aegislash|1\n|-damage|p2a: Aegislash|0 fnt\n|faint|p2a: Aegislash\n|\n|win|NoxxinVGC\n|raw|NoxxinVGC's rating: 1128 &rarr; <strong>1147</strong><br />(+19 for winning)\n|raw|perfectself's rating: 1044 &rarr; <strong>1031</strong><br />(-13 for losing)\n",
  "uploadtime": 1776149161,
  "views": 17,
  "formatid": "gen9championsvgc2026regma",
  "rating": 1031,
  "private": 0,
  "password": null
}