{
  "id": "gen9championsvgc2026regma-2583800962",
  "format": "[Gen 9 Champions] VGC 2026 Reg M-A",
  "players": [
    "Thiagovik",
    "bbsan"
  ],
  "log": "|j|\u2606Thiagovik\n|j|\u2606bbsan\n|t:|1776198671\n|gametype|doubles\n|player|p1|Thiagovik|blackbelt-gen4|1092\n|player|p2|bbsan|265|1000\n|gen|9\n|tier|[Gen 9 Champions] VGC 2026 Reg M-A\n|rated|\n|rule|Species Clause: Limit one of each Pok\u00e9mon\n|rule|Item Clause: Limit 1 of each item\n|clearpoke\n|poke|p1|Sylveon, L50, F|\n|poke|p1|Hatterene, L50, F|\n|poke|p1|Goodra-Hisui, L50, F|\n|poke|p1|Arcanine-Hisui, L50, M|\n|poke|p1|Aerodactyl, L50, F|\n|poke|p1|Archaludon, L50, M|\n|poke|p2|Armarouge, L50, M|\n|poke|p2|Whimsicott, L50, M|\n|poke|p2|Lycanroc-Dusk, L50, M|\n|poke|p2|Meowstic, L50, M|\n|poke|p2|Milotic, L50, F|\n|poke|p2|Aegislash, L50, M|\n|teampreview|4\n|inactive|Battle timer is ON: inactive players will automatically lose when time's up. (requested by Thiagovik)\n|inactive|bbsan has 60 seconds left.\n|\n|t:|1776198714\n|teamsize|p1|4\n|teamsize|p2|4\n|start\n|switch|p1a: Danoninho|Sylveon, L50, F|100/100\n|switch|p1b: Aerodactyl|Aerodactyl, L50, F|100/100\n|switch|p2a: Aegislash|Aegislash, L50, M, shiny|100/100\n|switch|p2b: Lycanroc|Lycanroc-Dusk, L50, M, shiny|100/100\n|turn|1\n|inactive|Thiagovik has 30 seconds left.\n|inactive|bbsan has 30 seconds left.\n|inactive|Thiagovik has 20 seconds left.\n|\n|t:|1776198754\n|switch|p1a: Pareudo|Archaludon, L50, M|100/100\n|detailschange|p1b: Aerodactyl|Aerodactyl-Mega, L50, F\n|-mega|p1b: Aerodactyl|Aerodactyl|Aerodactylite\n|move|p1b: Aerodactyl|Rock Slide|p2b: Lycanroc|[spread] p2a\n|-miss|p1b: Aerodactyl|p2b: Lycanroc\n|-resisted|p2a: Aegislash|1\n|-damage|p2a: Aegislash|88/100\n|move|p2b: Lycanroc|Rock Slide|p1b: Aerodactyl|[spread] p1a,p1b\n|-resisted|p1a: Pareudo|1\n|-supereffective|p1b: Aerodactyl|1\n|-damage|p1a: Pareudo|89/100\n|-damage|p1b: Aerodactyl|28/100\n|-ability|p1a: Pareudo|Stamina|boost\n|-boost|p1a: Pareudo|def|1\n|cant|p2a: Aegislash|flinch\n|\n|-heal|p1a: Pareudo|95/100|[from] item: Leftovers\n|upkeep\n|turn|2\n|inactive|Thiagovik has 30 seconds left.\n|inactive|bbsan has 30 seconds left.\n|\n|t:|1776198786\n|move|p1a: Pareudo|Protect|p1a: Pareudo\n|-singleturn|p1a: Pareudo|Protect\n|-formechange|p2a: Aegislash|Aegislash-Blade|\n|move|p2a: Aegislash|Shadow Sneak|p1b: Aerodactyl\n|-damage|p1b: Aerodactyl|0 fnt\n|faint|p1b: Aerodactyl\n|move|p2b: Lycanroc|Close Combat|p1a: Pareudo\n|-activate|p1a: Pareudo|move: Protect\n|\n|-heal|p1a: Pareudo|100/100|[from] item: Leftovers\n|upkeep\n|\n|t:|1776198808\n|switch|p1b: EFHESTOS|Arcanine-Hisui, L50, M|100/100\n|turn|3\n|\n|t:|1776198822\n|-formechange|p2a: Aegislash|Aegislash|\n|move|p2a: Aegislash|King's Shield|p2a: Aegislash\n|-singleturn|p2a: Aegislash|Protect\n|move|p2b: Lycanroc|Rock Slide|p1b: EFHESTOS|[spread] p1a,p1b\n|-resisted|p1a: Pareudo|1\n|-supereffective|p1b: EFHESTOS|1\n|-damage|p1a: Pareudo|93/100\n|-damage|p1b: EFHESTOS|23/100\n|-ability|p1a: Pareudo|Stamina|boost\n|-boost|p1a: Pareudo|def|1\n|cant|p1b: EFHESTOS|flinch\n|move|p1a: Pareudo|Flash Cannon|p2b: Lycanroc\n|-supereffective|p2b: Lycanroc|1\n|-enditem|p2b: Lycanroc|Focus Sash\n|-damage|p2b: Lycanroc|1/100\n|\n|-heal|p1a: Pareudo|99/100|[from] item: Leftovers\n|upkeep\n|turn|4\n|inactive|Thiagovik has 30 seconds left.\n|inactive|Thiagovik has 20 seconds left.\n|inactive|Thiagovik has 15 seconds left.\n|inactive|Thiagovik has 10 seconds left.\n|inactive|Thiagovik has 5 seconds left.\n|\n|t:|1776198875\n|move|p1b: EFHESTOS|Extreme Speed|p2b: Lycanroc\n|-resisted|p2b: Lycanroc|1\n|-damage|p2b: Lycanroc|0 fnt\n|faint|p2b: Lycanroc\n|-formechange|p2a: Aegislash|Aegislash-Blade|\n|move|p2a: Aegislash|Shadow Sneak|p1b: EFHESTOS\n|-damage|p1b: EFHESTOS|0 fnt\n|faint|p1b: EFHESTOS\n|move|p1a: Pareudo|Thunderbolt|p2a: Aegislash\n|-damage|p2a: Aegislash|27/100\n|\n|-heal|p1a: Pareudo|100/100|[from] item: Leftovers\n|upkeep\n|\n|t:|1776198888\n|switch|p2b: Armarouge|Armarouge, L50, M, shiny|100/100\n|switch|p1b: Danoninho|Sylveon, L50, F|100/100\n|turn|5\n|\n|t:|1776198912\n|move|p1a: Pareudo|Protect|p1a: Pareudo\n|-singleturn|p1a: Pareudo|Protect\n|move|p1b: Danoninho|Mystical Fire|p2a: Aegislash\n|-supereffective|p2a: Aegislash|1\n|-enditem|p2a: Aegislash|Occa Berry|[eat]\n|-enditem|p2a: Aegislash|Occa Berry|[weaken]\n|-damage|p2a: Aegislash|0 fnt\n|faint|p2a: Aegislash\n|move|p2b: Armarouge|Armor Cannon|p1a: Pareudo\n|-activate|p1a: Pareudo|move: Protect\n|\n|upkeep\n|\n|t:|1776198923\n|switch|p2a: Whimsicott|Whimsicott, L50, M, shiny|100/100\n|turn|6\n|inactive|Thiagovik has 30 seconds left.\n|\n|t:|1776198953\n|move|p2a: Whimsicott|Tailwind|p2a: Whimsicott\n|-sidestart|p2: bbsan|move: Tailwind\n|move|p2b: Armarouge|Armor Cannon|p1a: Pareudo\n|-damage|p1a: Pareudo|13/100\n|-unboost|p2b: Armarouge|def|1\n|-unboost|p2b: Armarouge|spd|1\n|-ability|p1a: Pareudo|Stamina|boost\n|-boost|p1a: Pareudo|def|1\n|move|p1b: Danoninho|Hyper Voice|p2b: Armarouge|[spread] p2a,p2b\n|-resisted|p2b: Armarouge|1\n|-damage|p2a: Whimsicott|30/100\n|-damage|p2b: Armarouge|66/100\n|move|p1a: Pareudo|Thunderbolt|p2b: Armarouge\n|-damage|p2b: Armarouge|6/100\n|-enditem|p2b: Armarouge|Sitrus Berry|[eat]\n|-heal|p2b: Armarouge|31/100|[from] item: Sitrus Berry\n|\n|-heal|p1a: Pareudo|19/100|[from] item: Leftovers\n|upkeep\n|turn|7\n|inactive|bbsan has 30 seconds left.\n|inactive|bbsan has 20 seconds left.\n|inactive|bbsan has 15 seconds left.\n|inactive|bbsan has 10 seconds left.\n|\n|t:|1776198999\n|move|p1a: Pareudo|Protect|p1a: Pareudo\n|-singleturn|p1a: Pareudo|Protect\n|move|p2b: Armarouge|Wide Guard|p2b: Armarouge\n|-singleturn|p2b: Armarouge|Wide Guard\n|move|p2a: Whimsicott|Dazzling Gleam|p1b: Danoninho|[spread] p1b\n|-activate|p1a: Pareudo|move: Protect\n|-damage|p1b: Danoninho|80/100\n|move|p1b: Danoninho|Hyper Voice|p2a: Whimsicott|[spread] \n|-activate|p2a: Whimsicott|move: Wide Guard\n|-activate|p2b: Armarouge|move: Wide Guard\n|\n|-heal|p1a: Pareudo|25/100|[from] item: Leftovers\n|upkeep\n|turn|8\n|inactive|Thiagovik has 30 seconds left.\n|inactive|bbsan has 30 seconds left.\n|inactive|bbsan has 20 seconds left.\n|\n|t:|1776199036\n|move|p2b: Armarouge|Protect||[still]\n|-fail|p2b: Armarouge\n|move|p2a: Whimsicott|Dazzling Gleam|p1a: Pareudo|[spread] p1a,p1b\n|-damage|p1a: Pareudo|0 fnt\n|-damage|p1b: Danoninho|60/100\n|faint|p1a: Pareudo\n|move|p1b: Danoninho|Hyper Voice|p2b: Armarouge|[spread] p2a,p2b\n|-crit|p2a: Whimsicott\n|-resisted|p2b: Armarouge|1\n|-damage|p2a: Whimsicott|0 fnt\n|-damage|p2b: Armarouge|0 fnt\n|faint|p2a: Whimsicott\n|faint|p2b: Armarouge\n|\n|win|Thiagovik\n|raw|Thiagovik's rating: 1092 &rarr; <strong>1111</strong><br />(+19 for winning)\n|raw|bbsan's rating: 1000 &rarr; <strong>1000</strong><br />(+0 for losing)\n|l|\u2606bbsan\n|player|p2|\n",
  "uploadtime": 1776199056,
  "views": 20,
  "formatid": "gen9championsvgc2026regma",
  "rating": 1000,
  "private": 0,
  "password": null
}