{
  "id": "gen9championsvgc2026regma-2581914119",
  "format": "[Gen 9 Champions] VGC 2026 Reg M-A",
  "players": [
    "DragonairJordan23",
    "planet_sheena"
  ],
  "log": "|j|\u2606DragonairJordan23\n|j|\u2606planet_sheena\n|t:|1776039277\n|gametype|doubles\n|player|p1|DragonairJordan23|dancer|1079\n|player|p2|planet_sheena|plasmagruntf-gen5bw|1027\n|gen|9\n|tier|[Gen 9 Champions] VGC 2026 Reg M-A\n|rated|\n|rule|Species Clause: Limit one of each Pok\u00e9mon\n|rule|Item Clause: Limit 1 of each item\n|clearpoke\n|poke|p1|Glimmora, L50, M|\n|poke|p1|Gyarados, L50, M|\n|poke|p1|Whimsicott, L50, M|\n|poke|p1|Garchomp, L50, M|\n|poke|p2|Kangaskhan, L50, F|\n|poke|p2|Milotic, L50, M|\n|poke|p2|Sneasler, L50, F|\n|poke|p2|Incineroar, L50, M|\n|poke|p2|Dragapult, L50, F|\n|poke|p2|Garganacl, L50, M|\n|teampreview|4\n|\n|t:|1776039327\n|teamsize|p1|4\n|teamsize|p2|4\n|start\n|switch|p1a: Glimmora|Glimmora, L50, M|100/100\n|switch|p1b: Whimsicott|Whimsicott, L50, M|100/100\n|switch|p2a: Sneasler|Sneasler, L50, F|100/100\n|switch|p2b: Kangaskhan|Kangaskhan, L50, F|100/100\n|turn|1\n|\n|t:|1776039364\n|switch|p1b: Gyarados|Gyarados, L50, M|100/100\n|-ability|p1b: Gyarados|Intimidate|boost\n|-unboost|p2a: Sneasler|atk|1\n|-fail|p2b: Kangaskhan|unboost|Attack|[from] ability: Scrappy|[of] p2b: Kangaskhan\n|detailschange|p2b: Kangaskhan|Kangaskhan-Mega, L50, F\n|-mega|p2b: Kangaskhan|Kangaskhan|Kangaskhanite\n|move|p2b: Kangaskhan|Fake Out|p1b: Gyarados\n|-damage|p1b: Gyarados|78/100\n|-damage|p1b: Gyarados|73/100\n|-hitcount|p1b: Gyarados|2\n|move|p2a: Sneasler|Dire Claw|p1b: Gyarados\n|-damage|p1b: Gyarados|45/100\n|move|p1a: Glimmora|Mortal Spin|p2b: Kangaskhan|[spread] p2a,p2b\n|-resisted|p2a: Sneasler|1\n|-damage|p2a: Sneasler|97/100\n|-damage|p2b: Kangaskhan|96/100\n|-status|p2b: Kangaskhan|psn\n|\n|-damage|p2b: Kangaskhan|84/100 psn|[from] psn\n|upkeep\n|turn|2\n|inactive|Battle timer is ON: inactive players will automatically lose when time's up. (requested by planet_sheena)\n|\n|t:|1776039389\n|move|p1b: Gyarados|Protect|p1b: Gyarados\n|-singleturn|p1b: Gyarados|Protect\n|move|p2a: Sneasler|Coaching|p2b: Kangaskhan\n|-boost|p2b: Kangaskhan|atk|1\n|-boost|p2b: Kangaskhan|def|1\n|move|p2b: Kangaskhan|Crunch|p1b: Gyarados\n|-activate|p1b: Gyarados|move: Protect\n|move|p1a: Glimmora|Earth Power|p2a: Sneasler\n|-supereffective|p2a: Sneasler|1\n|-damage|p2a: Sneasler|27/100\n|-unboost|p2a: Sneasler|spd|1\n|\n|-damage|p2b: Kangaskhan|72/100 psn|[from] psn\n|upkeep\n|turn|3\n|\n|t:|1776039403\n|switch|p1b: Garchomp|Garchomp, L50, M|100/100\n|move|p2a: Sneasler|Coaching|p2b: Kangaskhan\n|-boost|p2b: Kangaskhan|atk|1\n|-boost|p2b: Kangaskhan|def|1\n|move|p2b: Kangaskhan|Drain Punch|p1a: Glimmora\n|-damage|p1a: Glimmora|62/100\n|-heal|p2b: Kangaskhan|89/100 psn|[from] drain|[of] p1a: Glimmora\n|-activate|p1a: Glimmora|ability: Toxic Debris\n|-sidestart|p2: planet_sheena|move: Toxic Spikes\n|-damage|p1a: Glimmora|52/100\n|-heal|p2b: Kangaskhan|94/100 psn|[from] drain|[of] p1a: Glimmora\n|-activate|p1a: Glimmora|ability: Toxic Debris\n|-sidestart|p2: planet_sheena|move: Toxic Spikes\n|-hitcount|p1a: Glimmora|2\n|move|p1a: Glimmora|Earth Power|p2a: Sneasler\n|-supereffective|p2a: Sneasler|1\n|-damage|p2a: Sneasler|0 fnt\n|faint|p2a: Sneasler\n|\n|-damage|p2b: Kangaskhan|82/100 psn|[from] psn\n|upkeep\n|\n|t:|1776039424\n|switch|p2a: Dragapult|Dragapult, L50, F|100/100\n|-status|p2a: Dragapult|tox\n|turn|4\n|\n|t:|1776039447\n|move|p1a: Glimmora|Spiky Shield|p1a: Glimmora\n|-singleturn|p1a: Glimmora|move: Protect\n|move|p1b: Garchomp|Dragon Claw|p2a: Dragapult\n|-supereffective|p2a: Dragapult|1\n|-damage|p2a: Dragapult|5/100 tox\n|move|p2a: Dragapult|Draco Meteor|p1b: Garchomp\n|-supereffective|p1b: Garchomp|1\n|-damage|p1b: Garchomp|0 fnt\n|-unboost|p2a: Dragapult|spa|2\n|faint|p1b: Garchomp\n|-enditem|p2a: Dragapult|White Herb\n|-clearnegativeboost|p2a: Dragapult|[silent]\n|move|p2b: Kangaskhan|Crunch|p1a: Glimmora\n|-activate|p1a: Glimmora|move: Protect\n|-damage|p2b: Kangaskhan|69/100 psn|[from] Spiky Shield|[of] p1a: Glimmora\n|\n|-damage|p2a: Dragapult|0 fnt|[from] psn\n|faint|p2a: Dragapult\n|-damage|p2b: Kangaskhan|57/100 psn|[from] psn\n|upkeep\n|\n|t:|1776039472\n|switch|p2a: Incineroar|Incineroar, L50, M|100/100\n|switch|p1b: Whimsicott|Whimsicott, L50, M|100/100\n|-status|p2a: Incineroar|tox\n|-ability|p2a: Incineroar|Intimidate|boost\n|-unboost|p1a: Glimmora|atk|1\n|-unboost|p1b: Whimsicott|atk|1\n|turn|5\n|\n|t:|1776039479\n|switch|p1a: Gyarados|Gyarados, L50, M|45/100\n|-ability|p1a: Gyarados|Intimidate|boost\n|-unboost|p2a: Incineroar|atk|1\n|-unboost|p2b: Kangaskhan|atk|1\n|move|p1b: Whimsicott|Protect|p1b: Whimsicott\n|-singleturn|p1b: Whimsicott|Protect\n|move|p2a: Incineroar|Fake Out|p1b: Whimsicott\n|-activate|p1b: Whimsicott|move: Protect\n|move|p2b: Kangaskhan|Drain Punch|p1a: Gyarados\n|-resisted|p1a: Gyarados|1\n|-damage|p1a: Gyarados|25/100\n|-heal|p2b: Kangaskhan|67/100 psn|[from] drain|[of] p1a: Gyarados\n|-resisted|p1a: Gyarados|1\n|-damage|p1a: Gyarados|21/100\n|-heal|p2b: Kangaskhan|69/100 psn|[from] drain|[of] p1a: Gyarados\n|-hitcount|p1a: Gyarados|2\n|\n|-damage|p2b: Kangaskhan|57/100 psn|[from] psn\n|-damage|p2a: Incineroar|94/100 tox|[from] psn\n|upkeep\n|turn|6\n|\n|t:|1776039497\n|detailschange|p1a: Gyarados|Gyarados-Mega, L50, M\n|-mega|p1a: Gyarados|Gyarados|Gyaradosite\n|-ability|p1a: Gyarados|Mold Breaker\n|move|p1b: Whimsicott|Encore|p2b: Kangaskhan\n|-start|p2b: Kangaskhan|Encore\n|move|p2b: Kangaskhan|Drain Punch|p1a: Gyarados\n|-supereffective|p1a: Gyarados|1\n|-damage|p1a: Gyarados|0 fnt\n|-heal|p2b: Kangaskhan|67/100 psn|[from] drain|[of] p1a: Gyarados\n|faint|p1a: Gyarados\n|-hitcount|p1: Gyarados|1\n|move|p2a: Incineroar|Flare Blitz|p1b: Whimsicott\n|-supereffective|p1b: Whimsicott|1\n|-damage|p1b: Whimsicott|11/100\n|-damage|p2a: Incineroar|74/100 tox|[from] Recoil\n|\n|-damage|p2b: Kangaskhan|54/100 psn|[from] psn\n|-damage|p2a: Incineroar|62/100 tox|[from] psn\n|upkeep\n|\n|t:|1776039512\n|switch|p1a: Glimmora|Glimmora, L50, M|52/100\n|turn|7\n|\n|t:|1776039518\n|move|p1b: Whimsicott|Protect|p1b: Whimsicott\n|-singleturn|p1b: Whimsicott|Protect\n|move|p1a: Glimmora|Spiky Shield|p1a: Glimmora\n|-singleturn|p1a: Glimmora|move: Protect\n|move|p2b: Kangaskhan|Drain Punch|p1b: Whimsicott\n|-activate|p1b: Whimsicott|move: Protect\n|move|p2a: Incineroar|Snarl|p1b: Whimsicott|[spread] \n|-activate|p1a: Glimmora|move: Protect\n|-activate|p1b: Whimsicott|move: Protect\n|\n|-damage|p2b: Kangaskhan|42/100 psn|[from] psn\n|-damage|p2a: Incineroar|44/100 tox|[from] psn\n|upkeep\n|-enditem|p2a: Incineroar|Sitrus Berry|[eat]\n|-heal|p2a: Incineroar|69/100 tox|[from] item: Sitrus Berry\n|turn|8\n|\n|t:|1776039530\n|move|p1b: Whimsicott|Tailwind|p1b: Whimsicott\n|-sidestart|p1: DragonairJordan23|move: Tailwind\n|move|p1a: Glimmora|Venoshock|p2b: Kangaskhan\n|-crit|p2b: Kangaskhan\n|-damage|p2b: Kangaskhan|0 fnt\n|faint|p2b: Kangaskhan\n|move|p2a: Incineroar|Flare Blitz|p1b: Whimsicott\n|-supereffective|p1b: Whimsicott|1\n|-damage|p1b: Whimsicott|0 fnt\n|faint|p1b: Whimsicott\n|-damage|p2a: Incineroar|67/100 tox|[from] Recoil\n|\n|-damage|p2a: Incineroar|43/100 tox|[from] psn\n|upkeep\n|turn|9\n|-message|planet_sheena forfeited.\n|\n|win|DragonairJordan23\n|raw|DragonairJordan23's rating: 1079 &rarr; <strong>1103</strong><br />(+24 for winning)\n|raw|planet_sheena's rating: 1027 &rarr; <strong>1015</strong><br />(-12 for losing)\n",
  "uploadtime": 1776039538,
  "views": 9,
  "formatid": "gen9championsvgc2026regma",
  "rating": 1015,
  "private": 0,
  "password": null
}