{
  "id": "gen9championsvgc2026regma-2588588365",
  "format": "[Gen 9 Champions] VGC 2026 Reg M-A",
  "players": [
    "Vinati",
    "zantua"
  ],
  "log": "|j|\u2606Vinati\n|j|\u2606zantua\n|t:|1776647764\n|gametype|doubles\n|player|p1|Vinati|bruno|1115\n|player|p2|zantua|265|1063\n|gen|9\n|tier|[Gen 9 Champions] VGC 2026 Reg M-A\n|rated|\n|rule|Species Clause: Limit one of each Pok\u00e9mon\n|rule|Item Clause: Limit 1 of each item\n|clearpoke\n|poke|p1|Dragapult, L50, M|\n|poke|p1|Morpeko, L50, M|\n|poke|p1|Sneasler, L50, M|\n|poke|p1|Archaludon, L50, F|\n|poke|p1|Sinistcha, L50|\n|poke|p1|Banette, L50, F|\n|poke|p2|Floette-Eternal, L50, F|\n|poke|p2|Sinistcha, L50|\n|poke|p2|Sneasler, L50, M|\n|poke|p2|Aerodactyl, L50, M|\n|poke|p2|Kingambit, L50, M|\n|poke|p2|Basculegion, L50, M|\n|teampreview|4\n|inactive|Battle timer is ON: inactive players will automatically lose when time's up. (requested by zantua)\n|inactive|Vinati has 60 seconds left.\n|inactive|zantua has 60 seconds left.\n|\n|t:|1776647823\n|teamsize|p1|4\n|teamsize|p2|4\n|start\n|switch|p1a: Sneasler|Sneasler, L50, M|100/100\n|switch|p1b: Dragapult|Dragapult, L50, M|100/100\n|switch|p2a: Aerodactyl|Aerodactyl, L50, M|100/100\n|switch|p2b: Floette|Floette-Eternal, L50, F|100/100\n|-ability|p2a: Aerodactyl|Unnerve\n|turn|1\n|inactive|Vinati has 30 seconds left.\n|\n|t:|1776647851\n|detailschange|p2b: Floette|Floette-Mega, L50, F\n|-mega|p2b: Floette|Floette|Floettite\n|-ability|p2b: Floette|Fairy Aura\n|move|p2a: Aerodactyl|Protect|p2a: Aerodactyl\n|-singleturn|p2a: Aerodactyl|Protect\n|move|p2b: Floette|Protect|p2b: Floette\n|-singleturn|p2b: Floette|Protect\n|move|p1b: Dragapult|Will-O-Wisp|p2a: Aerodactyl\n|-activate|p2a: Aerodactyl|move: Protect\n|move|p1a: Sneasler|Dire Claw|p2b: Floette\n|-activate|p2b: Floette|move: Protect\n|\n|upkeep\n|turn|2\n|inactive|zantua has 30 seconds left.\n|inactive|zantua has 20 seconds left.\n|\n|t:|1776647888\n|switch|p2b: Basculegion|Basculegion, L50, M|100/100\n|move|p2a: Aerodactyl|Dual Wingbeat|p1a: Sneasler\n|-supereffective|p1a: Sneasler|1\n|-damage|p1a: Sneasler|35/100\n|-supereffective|p1a: Sneasler|1\n|-damage|p1a: Sneasler|0 fnt\n|faint|p1a: Sneasler\n|-hitcount|p1: Sneasler|2\n|move|p1b: Dragapult|Draco Meteor|p2a: Aerodactyl\n|-enditem|p2a: Aerodactyl|Focus Sash\n|-damage|p2a: Aerodactyl|1/100\n|-unboost|p1b: Dragapult|spa|2\n|\n|upkeep\n|inactive|Vinati has 30 seconds left.\n|inactive|Vinati has 20 seconds left.\n|inactive|Vinati has 15 seconds left.\n|inactive|Vinati has 10 seconds left.\n|\n|t:|1776647934\n|switch|p1a: Morpeko|Morpeko, L50, M|100/100\n|turn|3\n|\n|t:|1776647957\n|move|p1a: Morpeko|Fake Out|p2a: Aerodactyl\n|-resisted|p2a: Aerodactyl|1\n|-crit|p2a: Aerodactyl\n|-damage|p2a: Aerodactyl|0 fnt\n|faint|p2a: Aerodactyl\n|move|p2b: Basculegion|Flip Turn|p1b: Dragapult\n|-resisted|p1b: Dragapult|1\n|-damage|p1b: Dragapult|72/100\n|\n|t:|1776647964\n|switch|p2b: Floette|Floette-Mega, L50, F|100/100|[from] Flip Turn\n|-ability|p2b: Floette|Fairy Aura\n|move|p1b: Dragapult|Will-O-Wisp|p2b: Floette|[miss]\n|-miss|p1b: Dragapult|p2b: Floette\n|\n|-formechange|p1a: Morpeko|Morpeko-Hangry|\n|upkeep\n|\n|t:|1776647975\n|switch|p2a: Basculegion|Basculegion, L50, M|100/100\n|turn|4\n|\n|t:|1776647995\n|move|p2a: Basculegion|Last Respects|p1b: Dragapult\n|-supereffective|p1b: Dragapult|1\n|-damage|p1b: Dragapult|0 fnt\n|faint|p1b: Dragapult\n|move|p1a: Morpeko|Aura Wheel|p2a: Basculegion\n|-supereffective|p2a: Basculegion|1\n|-damage|p2a: Basculegion|0 fnt\n|-boost|p1a: Morpeko|spe|1\n|faint|p2a: Basculegion\n|move|p2b: Floette|Light of Ruin|p1a: Morpeko\n|-supereffective|p1a: Morpeko|1\n|-enditem|p1a: Morpeko|Focus Sash\n|-damage|p1a: Morpeko|1/100\n|-damage|p2b: Floette|64/100|[from] Recoil\n|\n|-formechange|p1a: Morpeko|Morpeko|\n|upkeep\n|\n|t:|1776648009\n|switch|p1b: Archaludon|Archaludon, L50, F|100/100\n|switch|p2a: Sneasler|Sneasler, L50, M|100/100\n|turn|5\n|\n|t:|1776648030\n|move|p1a: Morpeko|Protect|p1a: Morpeko\n|-singleturn|p1a: Morpeko|Protect\n|move|p1b: Archaludon|Protect|p1b: Archaludon\n|-singleturn|p1b: Archaludon|Protect\n|move|p2b: Floette|Protect|p2b: Floette\n|-singleturn|p2b: Floette|Protect\n|move|p2a: Sneasler|Close Combat|p1b: Archaludon\n|-activate|p1b: Archaludon|move: Protect\n|\n|-formechange|p1a: Morpeko|Morpeko-Hangry|\n|upkeep\n|turn|6\n|inactive|zantua has 30 seconds left.\n|\n|t:|1776648059\n|move|p1a: Morpeko|Protect|p1a: Morpeko\n|-singleturn|p1a: Morpeko|Protect\n|move|p2b: Floette|Protect||[still]\n|-fail|p2b: Floette\n|move|p2a: Sneasler|Dire Claw|p1a: Morpeko\n|-activate|p1a: Morpeko|move: Protect\n|move|p1b: Archaludon|Flash Cannon|p2b: Floette\n|-supereffective|p2b: Floette|1\n|-damage|p2b: Floette|3/100\n|\n|-formechange|p1a: Morpeko|Morpeko|\n|upkeep\n|turn|7\n|\n|t:|1776648082\n|move|p2b: Floette|Protect|p2b: Floette\n|-singleturn|p2b: Floette|Protect\n|move|p1a: Morpeko|Aura Wheel|p2a: Sneasler\n|-damage|p2a: Sneasler|22/100\n|-boost|p1a: Morpeko|spe|1\n|move|p2a: Sneasler|Dire Claw|p1a: Morpeko\n|-damage|p1a: Morpeko|0 fnt\n|faint|p1a: Morpeko\n|move|p1b: Archaludon|Flash Cannon|p2b: Floette\n|-activate|p2b: Floette|move: Protect\n|\n|upkeep\n|turn|8\n|\n|t:|1776648096\n|move|p2a: Sneasler|Close Combat|p1b: Archaludon\n|-supereffective|p1b: Archaludon|1\n|-ability|p1b: Archaludon|Sturdy\n|-damage|p1b: Archaludon|1/100\n|-unboost|p2a: Sneasler|def|1\n|-unboost|p2a: Sneasler|spd|1\n|-enditem|p2a: Sneasler|White Herb\n|-clearnegativeboost|p2a: Sneasler|[silent]\n|move|p1b: Archaludon|Flash Cannon|p2a: Sneasler\n|-damage|p2a: Sneasler|0 fnt\n|faint|p2a: Sneasler\n|move|p2b: Floette|Light of Ruin|p1b: Archaludon\n|-damage|p1b: Archaludon|0 fnt\n|faint|p1b: Archaludon\n|-damage|p2b: Floette|3/100|[from] Recoil\n|\n|win|zantua\n|raw|Vinati's rating: 1115 &rarr; <strong>1086</strong><br />(-29 for losing)\n|raw|zantua's rating: 1063 &rarr; <strong>1098</strong><br />(+35 for winning)\n|l|\u2606zantua\n|player|p2|\n",
  "uploadtime": 1776648307,
  "views": 8,
  "formatid": "gen9championsvgc2026regma",
  "rating": 1086,
  "private": 0,
  "password": null
}