{
  "id": "gen9championsvgc2026regma-2587236709",
  "format": "[Gen 9 Champions] VGC 2026 Reg M-A",
  "players": [
    "shadovar",
    "marillrag1"
  ],
  "log": "|j|\u2606shadovar\n|j|\u2606marillrag1\n|t:|1776512776\n|gametype|doubles\n|player|p1|shadovar|265|1391\n|player|p2|marillrag1|169|1430\n|gen|9\n|tier|[Gen 9 Champions] VGC 2026 Reg M-A\n|rated|\n|rule|Species Clause: Limit one of each Pok\u00e9mon\n|rule|Item Clause: Limit 1 of each item\n|clearpoke\n|poke|p1|Incineroar, L50, M|\n|poke|p1|Gengar, L50, M|\n|poke|p1|Sinistcha, L50|\n|poke|p1|Kingambit, L50, F|\n|poke|p1|Kommo-o, L50, M|\n|poke|p1|Tyranitar, L50, F|\n|poke|p2|Floette-Eternal, L50, F|\n|poke|p2|Aerodactyl, L50, M|\n|poke|p2|Sneasler, L50, F|\n|poke|p2|Garchomp, L50, M|\n|poke|p2|Basculegion, L50, M|\n|poke|p2|Incineroar, L50, M|\n|teampreview|4\n|\n|t:|1776512816\n|teamsize|p1|4\n|teamsize|p2|4\n|start\n|switch|p1a: Kommo-o|Kommo-o, L50, M|100/100\n|switch|p1b: Incineroar|Incineroar, L50, M|100/100\n|switch|p2a: Sneasler|Sneasler, L50, F|100/100\n|switch|p2b: Basculegion|Basculegion, L50, M|100/100\n|-ability|p1b: Incineroar|Intimidate|boost\n|-unboost|p2a: Sneasler|atk|1\n|-unboost|p2b: Basculegion|atk|1\n|-enditem|p2a: Sneasler|White Herb\n|-clearnegativeboost|p2a: Sneasler|[silent]\n|turn|1\n|\n|t:|1776512852\n|move|p2a: Sneasler|Fake Out|p1a: Kommo-o\n|-damage|p1a: Kommo-o|86/100\n|move|p2b: Basculegion|Flip Turn|p1b: Incineroar\n|-supereffective|p1b: Incineroar|1\n|-damage|p1b: Incineroar|57/100\n|\n|t:|1776512862\n|switch|p2b: Garchomp|Garchomp, L50, M|100/100|[from] Flip Turn\n|cant|p1a: Kommo-o|flinch\n|move|p1b: Incineroar|Parting Shot|p2a: Sneasler\n|-unboost|p2a: Sneasler|atk|1\n|-unboost|p2a: Sneasler|spa|1\n|\n|t:|1776512870\n|switch|p1b: Sinistcha|Sinistcha, L50|100/100|[from] Parting Shot\n|-heal|p1a: Kommo-o|100/100|[from] ability: Hospitality|[of] p1b: Sinistcha\n|\n|upkeep\n|turn|2\n|\n|t:|1776512883\n|switch|p2a: Floette|Floette-Eternal, L50, F|100/100\n|move|p1b: Sinistcha|Rage Powder|p1b: Sinistcha\n|-singleturn|p1b: Sinistcha|move: Rage Powder\n|move|p2b: Garchomp|Dragon Claw|p1b: Sinistcha\n|-damage|p1b: Sinistcha|58/100\n|move|p1a: Kommo-o|Clanging Scales|p2a: Floette|[spread] p2b\n|-immune|p2a: Floette\n|-supereffective|p2b: Garchomp|1\n|-enditem|p2b: Garchomp|Haban Berry|[eat]\n|-enditem|p2b: Garchomp|Haban Berry|[weaken]\n|-damage|p2b: Garchomp|60/100\n|-unboost|p1a: Kommo-o|def|1\n|\n|upkeep\n|turn|3\n|\n|t:|1776512906\n|switch|p1a: Kingambit|Kingambit, L50, F|100/100\n|detailschange|p2a: Floette|Floette-Mega, L50, F\n|-mega|p2a: Floette|Floette|Floettite\n|-ability|p2a: Floette|Fairy Aura\n|move|p2b: Garchomp|Protect|p2b: Garchomp\n|-singleturn|p2b: Garchomp|Protect\n|move|p2a: Floette|Calm Mind|p2a: Floette\n|-boost|p2a: Floette|spa|1\n|-boost|p2a: Floette|spd|1\n|move|p1b: Sinistcha|Life Dew||[still]|[spread] p1a,p1b\n|-fail|p1a: Kingambit|heal\n|-heal|p1b: Sinistcha|83/100\n|\n|upkeep\n|turn|4\n|\n|t:|1776512927\n|move|p2a: Floette|Protect|p2a: Floette\n|-singleturn|p2a: Floette|Protect\n|move|p1b: Sinistcha|Protect|p1b: Sinistcha\n|-singleturn|p1b: Sinistcha|Protect\n|move|p1a: Kingambit|Protect|p1a: Kingambit\n|-singleturn|p1a: Kingambit|Protect\n|move|p2b: Garchomp|Earthquake|p1a: Kingambit|[spread] \n|-activate|p2a: Floette|move: Protect\n|-activate|p1a: Kingambit|move: Protect\n|-activate|p1b: Sinistcha|move: Protect\n|\n|upkeep\n|turn|5\n|\n|t:|1776512949\n|switch|p2a: Sneasler|Sneasler, L50, F|100/100\n|move|p1b: Sinistcha|Rage Powder|p1b: Sinistcha\n|-singleturn|p1b: Sinistcha|move: Rage Powder\n|move|p2b: Garchomp|Dragon Claw|p1b: Sinistcha\n|-damage|p1b: Sinistcha|44/100\n|-enditem|p1b: Sinistcha|Sitrus Berry|[eat]\n|-heal|p1b: Sinistcha|69/100|[from] item: Sitrus Berry\n|move|p1a: Kingambit|Iron Head|p2a: Sneasler\n|-damage|p2a: Sneasler|18/100\n|\n|upkeep\n|turn|6\n|\n|t:|1776512978\n|move|p1a: Kingambit|Protect|p1a: Kingambit\n|-singleturn|p1a: Kingambit|Protect\n|move|p2a: Sneasler|Dire Claw|p1b: Sinistcha\n|-damage|p1b: Sinistcha|31/100\n|move|p2b: Garchomp|Dragon Claw|p1b: Sinistcha\n|-damage|p1b: Sinistcha|0 fnt\n|faint|p1b: Sinistcha\n|\n|upkeep\n|\n|t:|1776512988\n|switch|p1b: Incineroar|Incineroar, L50, M|57/100\n|-ability|p1b: Incineroar|Intimidate|boost\n|-unboost|p2a: Sneasler|atk|1\n|-unboost|p2b: Garchomp|atk|1\n|turn|7\n|\n|t:|1776513011\n|move|p1b: Incineroar|Fake Out|p2a: Sneasler\n|-damage|p2a: Sneasler|0 fnt\n|faint|p2a: Sneasler\n|move|p1a: Kingambit|Sucker Punch|p2b: Garchomp\n|-damage|p2b: Garchomp|22/100\n|-damage|p1a: Kingambit|88/100|[from] ability: Rough Skin|[of] p2b: Garchomp\n|move|p2b: Garchomp|Earthquake|p1a: Kingambit|[spread] p1a,p1b\n|-supereffective|p1a: Kingambit|1\n|-supereffective|p1b: Incineroar|1\n|-enditem|p1b: Incineroar|Shuca Berry|[eat]\n|-enditem|p1b: Incineroar|Shuca Berry|[weaken]\n|-damage|p1a: Kingambit|44/100\n|-damage|p1b: Incineroar|34/100\n|\n|upkeep\n|\n|t:|1776513029\n|switch|p2a: Basculegion|Basculegion, L50, M|100/100\n|turn|8\n|\n|t:|1776513045\n|switch|p1b: Kommo-o|Kommo-o, L50, M|100/100\n|move|p1a: Kingambit|Protect|p1a: Kingambit\n|-singleturn|p1a: Kingambit|Protect\n|move|p2a: Basculegion|Wave Crash|p1a: Kingambit\n|-activate|p1a: Kingambit|move: Protect\n|move|p2b: Garchomp|Dragon Claw|p1b: Kommo-o\n|-supereffective|p1b: Kommo-o|1\n|-damage|p1b: Kommo-o|49/100\n|\n|-heal|p1b: Kommo-o|55/100|[from] item: Leftovers\n|upkeep\n|turn|9\n|\n|t:|1776513066\n|move|p1a: Kingambit|Sucker Punch|p2a: Basculegion\n|-supereffective|p2a: Basculegion|1\n|-damage|p2a: Basculegion|0 fnt\n|faint|p2a: Basculegion\n|move|p2b: Garchomp|Stomping Tantrum|p1a: Kingambit\n|-supereffective|p1a: Kingambit|1\n|-damage|p1a: Kingambit|3/100\n|move|p1b: Kommo-o|Clanging Scales|p2b: Garchomp\n|-supereffective|p2b: Garchomp|1\n|-damage|p2b: Garchomp|0 fnt\n|faint|p2b: Garchomp\n|-unboost|p1b: Kommo-o|def|1\n|\n|-heal|p1b: Kommo-o|60/100|[from] item: Leftovers\n|upkeep\n|\n|t:|1776513073\n|switch|p2b: Floette|Floette-Mega, L50, F|100/100\n|-ability|p2b: Floette|Fairy Aura\n|turn|10\n|\n|t:|1776513111\n|move|p1a: Kingambit|Protect|p1a: Kingambit\n|-singleturn|p1a: Kingambit|Protect\n|move|p2b: Floette|Dazzling Gleam|p1b: Kommo-o|[spread] p1b\n|-activate|p1a: Kingambit|move: Protect\n|-supereffective|p1b: Kommo-o|2\n|-damage|p1b: Kommo-o|0 fnt\n|faint|p1b: Kommo-o\n|\n|upkeep\n|\n|t:|1776513118\n|switch|p1b: Incineroar|Incineroar, L50, M|34/100\n|-ability|p1b: Incineroar|Intimidate|boost\n|-unboost|p2b: Floette|atk|1\n|turn|11\n|\n|t:|1776513131\n|move|p2b: Floette|Protect|p2b: Floette\n|-singleturn|p2b: Floette|Protect\n|move|p1b: Incineroar|Fake Out|p2b: Floette\n|-activate|p2b: Floette|move: Protect\n|move|p1a: Kingambit|Iron Head|p2b: Floette\n|-activate|p2b: Floette|move: Protect\n|\n|upkeep\n|turn|12\n|-message|shadovar forfeited.\n|\n|win|marillrag1\n|raw|shadovar's rating: 1391 &rarr; <strong>1373</strong><br />(-18 for losing)\n|raw|marillrag1's rating: 1430 &rarr; <strong>1448</strong><br />(+18 for winning)\n|l|\u2606shadovar\n|player|p1|\n",
  "uploadtime": 1776513147,
  "views": 53,
  "formatid": "gen9championsvgc2026regma",
  "rating": 1373,
  "private": 0,
  "password": null
}