{
  "id": "gen9championsvgc2026regma-2581895986",
  "format": "[Gen 9 Champions] VGC 2026 Reg M-A",
  "players": [
    "thededooo",
    "5017E4"
  ],
  "log": "|j|\u2606thededooo\n|j|\u26065017E4\n|t:|1776037639\n|gametype|doubles\n|player|p1|thededooo|cynthia-gen4|1078\n|player|p2|5017E4|170|1029\n|gen|9\n|tier|[Gen 9 Champions] VGC 2026 Reg M-A\n|rated|\n|rule|Species Clause: Limit one of each Pok\u00e9mon\n|rule|Item Clause: Limit 1 of each item\n|clearpoke\n|poke|p1|Tyranitar, L50, M|\n|poke|p1|Excadrill, L50, M|\n|poke|p1|Corviknight, L50, M|\n|poke|p1|Primarina, L50, M|\n|poke|p1|Sinistcha, L50|\n|poke|p1|Incineroar, L50, M|\n|poke|p2|Aggron, L50, F|\n|poke|p2|Farigiraf, L50, M|\n|poke|p2|Hatterene, L50, F|\n|poke|p2|Maushold-Four, L50|\n|poke|p2|Torkoal, L50, F|\n|poke|p2|Simipour, L50, M|\n|teampreview|4\n|inactive|Battle timer is ON: inactive players will automatically lose when time's up. (requested by thededooo)\n5017E4 has agreed to open team sheets.\n|inactive|thededooo has 60 seconds left.\n|\n|t:|1776037697\n|teamsize|p1|4\n|teamsize|p2|4\n|start\n|switch|p1a: Incineroar|Incineroar, L50, M|100/100\n|switch|p1b: Excadrill|Excadrill, L50, M|100/100\n|switch|p2a: Farigiraf|Farigiraf, L50, M, shiny|100/100\n|switch|p2b: Aggron|Aggron, L50, F, shiny|100/100\n|-ability|p1a: Incineroar|Intimidate|boost\n|-unboost|p2a: Farigiraf|atk|1\n|-unboost|p2b: Aggron|atk|1\n|turn|1\n|\n|t:|1776037719\n|detailschange|p2b: Aggron|Aggron-Mega, L50, F, shiny\n|-mega|p2b: Aggron|Aggron|Aggronite\n|move|p2b: Aggron|Protect|p2b: Aggron\n|-singleturn|p2b: Aggron|Protect\n|move|p1b: Excadrill|Earthquake|p2b: Aggron|[spread] p1a,p2a\n|-activate|p2b: Aggron|move: Protect\n|-supereffective|p1a: Incineroar|1\n|-enditem|p1a: Incineroar|Shuca Berry|[eat]\n|-enditem|p1a: Incineroar|Shuca Berry|[weaken]\n|-damage|p1a: Incineroar|61/100\n|-damage|p2a: Farigiraf|58/100\n|move|p1a: Incineroar|Throat Chop|p2a: Farigiraf\n|-supereffective|p2a: Farigiraf|1\n|-damage|p2a: Farigiraf|0 fnt\n|faint|p2a: Farigiraf\n|\n|upkeep\n|\n|t:|1776037738\n|switch|p2a: Simipour|Simipour, L50, M, shiny|100/100\n|turn|2\n|\n|t:|1776037753\n|switch|p1a: Primarina|Primarina, L50, M|100/100\n|move|p2a: Simipour|Fake Out|p1a: Primarina\n|-damage|p1a: Primarina|84/100\n|move|p1b: Excadrill|Earthquake|p2a: Simipour|[spread] p1a,p2a,p2b\n|-supereffective|p2b: Aggron|1\n|-damage|p1a: Primarina|30/100\n|-damage|p2a: Simipour|41/100\n|-damage|p2b: Aggron|75/100\n|move|p2b: Aggron|Body Press|p1a: Primarina\n|-resisted|p1a: Primarina|1\n|-damage|p1a: Primarina|0 fnt\n|faint|p1a: Primarina\n|\n|upkeep\n|\n|t:|1776037765\n|switch|p1a: Incineroar|Incineroar, L50, M|61/100\n|-ability|p1a: Incineroar|Intimidate|boost\n|-unboost|p2a: Simipour|atk|1\n|-unboost|p2b: Aggron|atk|1\n|turn|3\n|\n|t:|1776037779\n|move|p2a: Simipour|Protect|p2a: Simipour\n|-singleturn|p2a: Simipour|Protect\n|move|p2b: Aggron|Protect|p2b: Aggron\n|-singleturn|p2b: Aggron|Protect\n|move|p1a: Incineroar|Fake Out|p2b: Aggron\n|-activate|p2b: Aggron|move: Protect\n|move|p1b: Excadrill|High Horsepower|p2a: Simipour\n|-activate|p2a: Simipour|move: Protect\n|\n|upkeep\n|turn|4\n|\n|t:|1776037795\n|switch|p1a: Sinistcha|Sinistcha, L50|100/100\n|move|p1b: Excadrill|High Horsepower|p2a: Simipour\n|-damage|p2a: Simipour|0 fnt\n|faint|p2a: Simipour\n|move|p2b: Aggron|Body Press|p1b: Excadrill\n|-supereffective|p1b: Excadrill|1\n|-enditem|p1b: Excadrill|Focus Sash\n|-damage|p1b: Excadrill|1/100\n|\n|upkeep\n|\n|t:|1776037806\n|switch|p2a: Maushold|Maushold-Four, L50, shiny|100/100\n|turn|5\n|inactive|thededooo has 30 seconds left.\n|\n|t:|1776037834\n|move|p1b: Excadrill|Protect|p1b: Excadrill\n|-singleturn|p1b: Excadrill|Protect\n|move|p2a: Maushold|Population Bomb|p1b: Excadrill\n|-activate|p1b: Excadrill|move: Protect\n|move|p1a: Sinistcha|Strength Sap|p2a: Maushold\n|-unboost|p2a: Maushold|atk|1\n|move|p2b: Aggron|Heavy Slam|p1a: Sinistcha\n|-damage|p1a: Sinistcha|79/100\n|\n|upkeep\n|turn|6\n|\n|t:|1776037856\n|switch|p1b: Incineroar|Incineroar, L50, M|61/100\n|-ability|p1b: Incineroar|Intimidate|boost\n|-unboost|p2a: Maushold|atk|1\n|-unboost|p2b: Aggron|atk|1\n|move|p1a: Sinistcha|Rage Powder|p1a: Sinistcha\n|-singleturn|p1a: Sinistcha|move: Rage Powder\n|move|p2a: Maushold|Population Bomb|p1a: Sinistcha\n|-immune|p1a: Sinistcha\n|move|p2b: Aggron|Heavy Slam|p1a: Sinistcha\n|-damage|p1a: Sinistcha|61/100\n|\n|upkeep\n|turn|7\n|\n|t:|1776037877\n|move|p2a: Maushold|Protect|p2a: Maushold\n|-singleturn|p2a: Maushold|Protect\n|move|p2b: Aggron|Protect|p2b: Aggron\n|-singleturn|p2b: Aggron|Protect\n|move|p1b: Incineroar|Fake Out|p2b: Aggron\n|-activate|p2b: Aggron|move: Protect\n|move|p1a: Sinistcha|Matcha Gotcha|p2a: Maushold|[spread] \n|-activate|p2a: Maushold|move: Protect\n|-activate|p2b: Aggron|move: Protect\n|\n|upkeep\n|turn|8\n|\n|t:|1776037898\n|move|p2a: Maushold|Follow Me|p2a: Maushold\n|-singleturn|p2a: Maushold|move: Follow Me\n|move|p1a: Sinistcha|Rage Powder|p1a: Sinistcha\n|-singleturn|p1a: Sinistcha|move: Rage Powder\n|move|p1b: Incineroar|Flare Blitz|p2a: Maushold\n|-damage|p2a: Maushold|23/100\n|-enditem|p2a: Maushold|Sitrus Berry|[eat]\n|-heal|p2a: Maushold|47/100|[from] item: Sitrus Berry\n|-damage|p1b: Incineroar|37/100|[from] Recoil\n|move|p2b: Aggron|Body Press|p1a: Sinistcha\n|-immune|p1a: Sinistcha\n|\n|upkeep\n|turn|9\n|inactive|thededooo has 30 seconds left.\n|inactive|5017E4 has 30 seconds left.\n|\n|t:|1776037932\n|switch|p1b: Excadrill|Excadrill, L50, M|1/100\n|move|p2a: Maushold|Follow Me|p2a: Maushold\n|-singleturn|p2a: Maushold|move: Follow Me\n|move|p1a: Sinistcha|Matcha Gotcha|p2a: Maushold|[spread] p2a,p2b\n|-resisted|p2b: Aggron|1\n|-damage|p2a: Maushold|14/100\n|-heal|p1a: Sinistcha|78/100|[from] drain|[of] p2a: Maushold\n|-damage|p2b: Aggron|63/100\n|-heal|p1a: Sinistcha|84/100|[from] drain|[of] p2b: Aggron\n|-status|p2b: Aggron|brn\n|move|p2b: Aggron|Body Press|p1b: Excadrill\n|-supereffective|p1b: Excadrill|1\n|-damage|p1b: Excadrill|0 fnt\n|faint|p1b: Excadrill\n|\n|-damage|p2b: Aggron|57/100 brn|[from] brn\n|upkeep\n|\n|t:|1776037947\n|switch|p1b: Incineroar|Incineroar, L50, M|37/100\n|-ability|p1b: Incineroar|Intimidate|boost\n|-unboost|p2a: Maushold|atk|1\n|-unboost|p2b: Aggron|atk|1\n|turn|10\n|inactive|thededooo has 30 seconds left.\n|inactive|thededooo has 20 seconds left.\n|\n|t:|1776037988\n|move|p1b: Incineroar|Fake Out|p2b: Aggron\n|-resisted|p2b: Aggron|1\n|-damage|p2b: Aggron|55/100 brn\n|move|p2a: Maushold|Population Bomb|p1b: Incineroar\n|-damage|p1b: Incineroar|33/100\n|-damage|p1b: Incineroar|30/100\n|-damage|p1b: Incineroar|26/100\n|-damage|p1b: Incineroar|22/100\n|-damage|p1b: Incineroar|19/100\n|-damage|p1b: Incineroar|15/100\n|-damage|p1b: Incineroar|12/100\n|-damage|p1b: Incineroar|8/100\n|-damage|p1b: Incineroar|5/100\n|-damage|p1b: Incineroar|1/100\n|-hitcount|p1b: Incineroar|10\n|cant|p2b: Aggron|flinch\n|move|p1a: Sinistcha|Trick Room|p1a: Sinistcha\n|-fieldstart|move: Trick Room|[of] p1a: Sinistcha\n|\n|-damage|p2b: Aggron|49/100 brn|[from] brn\n|upkeep\n|turn|11\n|inactive|thededooo has 30 seconds left.\n|inactive|5017E4 has 30 seconds left.\n|\n|t:|1776038021\n|move|p1a: Sinistcha|Rage Powder|p1a: Sinistcha\n|-singleturn|p1a: Sinistcha|move: Rage Powder\n|move|p2b: Aggron|Heavy Slam|p1a: Sinistcha\n|-damage|p1a: Sinistcha|77/100\n|move|p1b: Incineroar|Flare Blitz|p2b: Aggron\n|-supereffective|p2b: Aggron|1\n|-damage|p2b: Aggron|24/100 brn\n|-damage|p1b: Incineroar|0 fnt|[from] Recoil\n|faint|p1b: Incineroar\n|move|p2a: Maushold|Population Bomb|p1a: Sinistcha\n|-immune|p1a: Sinistcha\n|\n|-damage|p2b: Aggron|17/100 brn|[from] brn\n|upkeep\n|turn|12\n|\n|t:|1776038043\n|move|p2a: Maushold|Follow Me|p2a: Maushold\n|-singleturn|p2a: Maushold|move: Follow Me\n|move|p2b: Aggron|Heavy Slam|p1a: Sinistcha\n|-damage|p1a: Sinistcha|70/100\n|move|p1a: Sinistcha|Matcha Gotcha|p2a: Maushold|[spread] \n|-miss|p1a: Sinistcha|p2a: Maushold\n|-miss|p1a: Sinistcha|p2b: Aggron\n|\n|-damage|p2b: Aggron|11/100 brn|[from] brn\n|upkeep\n|turn|13\n|\n|t:|1776038064\n|move|p2a: Maushold|Protect|p2a: Maushold\n|-singleturn|p2a: Maushold|Protect\n|move|p2b: Aggron|Heavy Slam|p1a: Sinistcha\n|-damage|p1a: Sinistcha|64/100\n|move|p1a: Sinistcha|Matcha Gotcha|p2a: Maushold|[spread] p2b\n|-activate|p2a: Maushold|move: Protect\n|-resisted|p2b: Aggron|1\n|-damage|p2b: Aggron|0 fnt\n|-heal|p1a: Sinistcha|69/100|[from] drain|[of] p2b: Aggron\n|faint|p2b: Aggron\n|\n|upkeep\n|turn|14\n|-message|5017E4 forfeited.\n|\n|win|thededooo\n|raw|thededooo's rating: 1078 &rarr; <strong>1102</strong><br />(+24 for winning)\n|raw|5017E4's rating: 1029 &rarr; <strong>1017</strong><br />(-12 for losing)\n|l|\u26065017E4\n|player|p2|\n",
  "uploadtime": 1776038083,
  "views": 18,
  "formatid": "gen9championsvgc2026regma",
  "rating": 1017,
  "private": 0,
  "password": null
}