{
  "id": "gen9championsvgc2026regma-2582808036",
  "format": "[Gen 9 Champions] VGC 2026 Reg M-A",
  "players": [
    "redtoteyreal",
    "DavidTIS"
  ],
  "log": "|j|\u2606redtoteyreal\n|j|\u2606DavidTIS\n|t:|1776115657\n|gametype|doubles\n|player|p1|redtoteyreal|ninjaboy|1096\n|player|p2|DavidTIS|265|1110\n|gen|9\n|tier|[Gen 9 Champions] VGC 2026 Reg M-A\n|rated|\n|rule|Species Clause: Limit one of each Pok\u00e9mon\n|rule|Item Clause: Limit 1 of each item\n|clearpoke\n|poke|p1|Floette-Eternal, L50, F|\n|poke|p1|Maushold-Four, L50|\n|poke|p1|Mamoswine, L50, M|\n|poke|p1|Aerodactyl, L50, M|\n|poke|p1|Aegislash, L50, M|\n|poke|p1|Rotom-Wash, L50|\n|poke|p2|Starmie, L50|\n|poke|p2|Lucario, L50, M|\n|poke|p2|Lycanroc-Dusk, L50, F|\n|poke|p2|Hydreigon, L50, F|\n|poke|p2|Slowbro-Galar, L50, M|\n|poke|p2|Charizard, L50, F|\n|teampreview|4\n|inactive|Battle timer is ON: inactive players will automatically lose when time's up. (requested by redtoteyreal)\nredtoteyreal has agreed to open team sheets.\n|inactive|redtoteyreal has 60 seconds left.\n|inactive|DavidTIS has 60 seconds left.\n|\n|t:|1776115704\n|teamsize|p1|4\n|teamsize|p2|4\n|start\n|switch|p1a: Maushold|Maushold-Four, L50|100/100\n|switch|p1b: Floette|Floette-Eternal, L50, F|100/100\n|switch|p2a: Starmie|Starmie, L50|100/100\n|switch|p2b: Lucario|Lucario, L50, M|100/100\n|turn|1\n|\n|t:|1776115725\n|detailschange|p2a: Starmie|Starmie-Mega, L50\n|-mega|p2a: Starmie|Starmie|Starminite\n|detailschange|p1b: Floette|Floette-Mega, L50, F\n|-mega|p1b: Floette|Floette|Floettite\n|-ability|p1b: Floette|Fairy Aura\n|move|p1a: Maushold|Follow Me|p1a: Maushold\n|-singleturn|p1a: Maushold|move: Follow Me\n|move|p2b: Lucario|Aura Sphere|p1a: Maushold\n|-supereffective|p1a: Maushold|1\n|-enditem|p1a: Maushold|Chople Berry|[eat]\n|-enditem|p1a: Maushold|Chople Berry|[weaken]\n|-damage|p1a: Maushold|52/100\n|move|p2a: Starmie|Liquidation|p1a: Maushold\n|-damage|p1a: Maushold|0 fnt\n|faint|p1a: Maushold\n|move|p1b: Floette|Calm Mind|p1b: Floette\n|-boost|p1b: Floette|spa|1\n|-boost|p1b: Floette|spd|1\n|\n|upkeep\n|\n|t:|1776115740\n|switch|p1a: Aerodactyl|Aerodactyl, L50, M, shiny|100/100\n|-ability|p1a: Aerodactyl|Unnerve\n|turn|2\n|inactive|DavidTIS has 30 seconds left.\n|\n|t:|1776115771\n|switch|p2b: Charizard|Charizard, L50, F|100/100\n|move|p1a: Aerodactyl|Tailwind|p1a: Aerodactyl\n|-sidestart|p1: redtoteyreal|move: Tailwind\n|move|p1b: Floette|Dazzling Gleam|p2a: Starmie|[spread] p2a,p2b\n|-resisted|p2b: Charizard|1\n|-damage|p2a: Starmie|31/100\n|-damage|p2b: Charizard|63/100\n|move|p2a: Starmie|Liquidation|p1a: Aerodactyl\n|-supereffective|p1a: Aerodactyl|1\n|-enditem|p1a: Aerodactyl|Focus Sash\n|-damage|p1a: Aerodactyl|1/100\n|\n|upkeep\n|turn|3\n|\n|t:|1776115794\n|move|p2a: Starmie|Protect|p2a: Starmie\n|-singleturn|p2a: Starmie|Protect\n|move|p2b: Charizard|Protect|p2b: Charizard\n|-singleturn|p2b: Charizard|Protect\n|move|p1a: Aerodactyl|Rock Slide|p2a: Starmie|[spread] \n|-activate|p2a: Starmie|move: Protect\n|-activate|p2b: Charizard|move: Protect\n|move|p1b: Floette|Moonblast|p2a: Starmie\n|-activate|p2a: Starmie|move: Protect\n|\n|upkeep\n|turn|4\n|inactive|DavidTIS has 30 seconds left.\n|\n|t:|1776115827\n|move|p1a: Aerodactyl|Rock Slide|p2b: Charizard|[spread] p2a,p2b\n|-supereffective|p2b: Charizard|2\n|-damage|p2a: Starmie|0 fnt\n|-damage|p2b: Charizard|0 fnt\n|faint|p2a: Starmie\n|faint|p2b: Charizard\n|move|p1b: Floette|Dazzling Gleam|p2: Starmie|[notarget]\n|-fail|p1b: Floette\n|\n|upkeep\n|\n|t:|1776115835\n|switch|p2a: Lucario|Lucario, L50, M|100/100\n|switch|p2b: Lycanroc|Lycanroc-Dusk, L50, F|100/100\n|turn|5\n|\n|t:|1776115844\n|move|p2b: Lycanroc|Accelerock|p1a: Aerodactyl\n|-supereffective|p1a: Aerodactyl|1\n|-damage|p1a: Aerodactyl|0 fnt\n|faint|p1a: Aerodactyl\n|move|p1b: Floette|Moonblast|p2a: Lucario\n|-damage|p2a: Lucario|0 fnt\n|faint|p2a: Lucario\n|\n|-sideend|p1: redtoteyreal|move: Tailwind\n|upkeep\n|\n|t:|1776115849\n|switch|p1a: Aegislash|Aegislash, L50, M|100/100\n|turn|6\n|\n|t:|1776115858\n|move|p2b: Lycanroc|Crunch|p1a: Aegislash\n|-supereffective|p1a: Aegislash|1\n|-damage|p1a: Aegislash|38/100\n|move|p1b: Floette|Moonblast|p2b: Lycanroc\n|-enditem|p2b: Lycanroc|Focus Sash\n|-damage|p2b: Lycanroc|1/100\n|-formechange|p1a: Aegislash|Aegislash-Blade|\n|move|p1a: Aegislash|Poltergeist||[still]\n|-fail|p1a: Aegislash\n|\n|upkeep\n|turn|7\n|\n|t:|1776115867\n|move|p1a: Aegislash|Shadow Sneak|p2b: Lycanroc\n|-damage|p2b: Lycanroc|0 fnt\n|faint|p2b: Lycanroc\n|\n|win|redtoteyreal\n|raw|redtoteyreal's rating: 1096 &rarr; <strong>1123</strong><br />(+27 for winning)\n|raw|DavidTIS's rating: 1110 &rarr; <strong>1084</strong><br />(-26 for losing)\n",
  "uploadtime": 1776115870,
  "views": 48,
  "formatid": "gen9championsvgc2026regma",
  "rating": 1084,
  "private": 0,
  "password": null
}