{
  "id": "gen9championsvgc2026regma-2584561629",
  "format": "[Gen 9 Champions] VGC 2026 Reg M-A",
  "players": [
    "maihuyvuan",
    "grunnar"
  ],
  "log": "|j|\u2606maihuyvuan\n|j|\u2606grunnar\n|t:|1776268877\n|gametype|doubles\n|player|p1|maihuyvuan|lucas|1075\n|player|p2|grunnar|crasherwake|1000\n|gen|9\n|tier|[Gen 9 Champions] VGC 2026 Reg M-A\n|rated|\n|rule|Species Clause: Limit one of each Pok\u00e9mon\n|rule|Item Clause: Limit 1 of each item\n|clearpoke\n|poke|p1|Tyranitar, L50, M|\n|poke|p1|Garchomp, L50, F|\n|poke|p1|Charizard, L50, F|\n|poke|p1|Whimsicott, L50, M|\n|poke|p1|Excadrill, L50, M|\n|poke|p1|Sinistcha, L50|\n|poke|p2|Tyranitar, L50, M|\n|poke|p2|Excadrill, L50, M|\n|poke|p2|Incineroar, L50, M|\n|poke|p2|Sinistcha, L50|\n|poke|p2|Rotom-Wash, L50|\n|poke|p2|Floette-Eternal, L50, F|\n|teampreview|4\n|\n|t:|1776268925\n|teamsize|p1|4\n|teamsize|p2|4\n|start\n|switch|p1a: Charizard|Charizard, L50, F|100/100\n|switch|p1b: Garchomp|Garchomp, L50, F|100/100\n|switch|p2a: Floette|Floette-Eternal, L50, F|100/100\n|switch|p2b: Rotom|Rotom-Wash, L50|100/100\n|turn|1\n|\n|t:|1776268951\n|switch|p1b: Excadrill|Excadrill, L50, M|100/100\n|detailschange|p2a: Floette|Floette-Mega, L50, F\n|-mega|p2a: Floette|Floette|Floettite\n|-ability|p2a: Floette|Fairy Aura\n|move|p2a: Floette|Protect|p2a: Floette\n|-singleturn|p2a: Floette|Protect\n|move|p1a: Charizard|Protect|p1a: Charizard\n|-singleturn|p1a: Charizard|Protect\n|move|p2b: Rotom|Will-O-Wisp|p1b: Excadrill\n|-status|p1b: Excadrill|brn\n|\n|-damage|p1b: Excadrill|95/100 brn|[from] brn\n|upkeep\n|turn|2\n|\n|t:|1776268986\n|switch|p1a: Sinistcha|Sinistcha, L50|100/100\n|-heal|p1b: Excadrill|100/100 brn|[from] ability: Hospitality|[of] p1a: Sinistcha\n|move|p2a: Floette|Calm Mind|p2a: Floette\n|-boost|p2a: Floette|spa|1\n|-boost|p2a: Floette|spd|1\n|move|p1b: Excadrill|Iron Head|p2a: Floette\n|-supereffective|p2a: Floette|1\n|-damage|p2a: Floette|45/100\n|move|p2b: Rotom|Thunderbolt|p1a: Sinistcha\n|-resisted|p1a: Sinistcha|1\n|-damage|p1a: Sinistcha|81/100\n|\n|-heal|p1a: Sinistcha|87/100|[from] item: Leftovers\n|-damage|p1b: Excadrill|95/100 brn|[from] brn\n|upkeep\n|turn|3\n|\n|t:|1776269007\n|move|p2a: Floette|Protect|p2a: Floette\n|-singleturn|p2a: Floette|Protect\n|move|p1a: Sinistcha|Rage Powder|p1a: Sinistcha\n|-singleturn|p1a: Sinistcha|move: Rage Powder\n|move|p1b: Excadrill|Iron Head|p2a: Floette\n|-activate|p2a: Floette|move: Protect\n|move|p2b: Rotom|Hydro Pump|p1a: Sinistcha\n|-resisted|p1a: Sinistcha|1\n|-damage|p1a: Sinistcha|65/100\n|\n|-heal|p1a: Sinistcha|71/100|[from] item: Leftovers\n|-damage|p1b: Excadrill|89/100 brn|[from] brn\n|upkeep\n|turn|4\n|\n|t:|1776269025\n|switch|p2a: Incineroar|Incineroar, L50, M|100/100\n|-ability|p2a: Incineroar|Intimidate|boost\n|-unboost|p1a: Sinistcha|atk|1\n|-unboost|p1b: Excadrill|atk|1\n|move|p1a: Sinistcha|Rage Powder|p1a: Sinistcha\n|-singleturn|p1a: Sinistcha|move: Rage Powder\n|move|p1b: Excadrill|Iron Head|p2a: Incineroar\n|-resisted|p2a: Incineroar|1\n|-damage|p2a: Incineroar|94/100\n|move|p2b: Rotom|Hydro Pump|p1a: Sinistcha|[miss]\n|-miss|p2b: Rotom|p1a: Sinistcha\n|\n|-heal|p1a: Sinistcha|77/100|[from] item: Leftovers\n|-damage|p1b: Excadrill|83/100 brn|[from] brn\n|upkeep\n|turn|5\n|\n|t:|1776269065\n|switch|p1b: Garchomp|Garchomp, L50, F|100/100\n|move|p2b: Rotom|Hydro Pump|p1b: Garchomp\n|-damage|p1b: Garchomp|56/100\n|move|p1a: Sinistcha|Matcha Gotcha|p2b: Rotom|[spread] p2a,p2b\n|-resisted|p2a: Incineroar|1\n|-supereffective|p2b: Rotom|1\n|-damage|p2a: Incineroar|82/100\n|-heal|p1a: Sinistcha|85/100|[from] drain|[of] p2a: Incineroar\n|-damage|p2b: Rotom|53/100\n|-heal|p1a: Sinistcha|100/100|[from] drain|[of] p2b: Rotom\n|-status|p2b: Rotom|brn\n|move|p2a: Incineroar|Throat Chop|p1a: Sinistcha\n|-supereffective|p1a: Sinistcha|1\n|-damage|p1a: Sinistcha|31/100\n|-start|p1a: Sinistcha|Throat Chop|[silent]\n|\n|-heal|p1a: Sinistcha|37/100|[from] item: Leftovers\n|-damage|p2b: Rotom|48/100 brn|[from] brn\n|upkeep\n|-enditem|p2b: Rotom|Sitrus Berry|[eat]\n|-heal|p2b: Rotom|72/100 brn|[from] item: Sitrus Berry\n|turn|6\n|\n|t:|1776269098\n|move|p1b: Garchomp|Earthquake|p2a: Incineroar|[spread] p1a,p2a\n|-immune|p2b: Rotom|[from] ability: Levitate\n|-resisted|p1a: Sinistcha|1\n|-supereffective|p2a: Incineroar|1\n|-damage|p1a: Sinistcha|18/100\n|-damage|p2a: Incineroar|5/100\n|move|p2b: Rotom|Will-O-Wisp|p1b: Garchomp|[miss]\n|-miss|p2b: Rotom|p1b: Garchomp\n|move|p1a: Sinistcha|Matcha Gotcha|p2a: Incineroar|[spread] p2b\n|-miss|p1a: Sinistcha|p2a: Incineroar\n|-supereffective|p2b: Rotom|1\n|-damage|p2b: Rotom|30/100 brn\n|-heal|p1a: Sinistcha|41/100|[from] drain|[of] p2b: Rotom\n|move|p2a: Incineroar|Throat Chop|p1a: Sinistcha\n|-supereffective|p1a: Sinistcha|1\n|-damage|p1a: Sinistcha|0 fnt\n|faint|p1a: Sinistcha\n|\n|-damage|p2b: Rotom|25/100 brn|[from] brn\n|upkeep\n|\n|t:|1776269118\n|switch|p1a: Charizard|Charizard, L50, F|100/100\n|turn|7\n|\n|t:|1776269138\n|switch|p2a: Sinistcha|Sinistcha, L50|100/100\n|-heal|p2b: Rotom|50/100 brn|[from] ability: Hospitality|[of] p2a: Sinistcha\n|move|p2b: Rotom|Protect|p2b: Rotom\n|-singleturn|p2b: Rotom|Protect\n|move|p1b: Garchomp|Earthquake|p2a: Sinistcha|[spread] p2a\n|-activate|p2b: Rotom|move: Protect\n|-immune|p1a: Charizard\n|-resisted|p2a: Sinistcha|1\n|-damage|p2a: Sinistcha|81/100\n|move|p1a: Charizard|Ancient Power|p2a: Sinistcha\n|-damage|p2a: Sinistcha|66/100\n|-boost|p1a: Charizard|atk|1\n|-boost|p1a: Charizard|def|1\n|-boost|p1a: Charizard|spa|1\n|-boost|p1a: Charizard|spd|1\n|-boost|p1a: Charizard|spe|1\n|\n|-heal|p2a: Sinistcha|72/100|[from] item: Leftovers\n|-damage|p2b: Rotom|44/100 brn|[from] brn\n|upkeep\n|turn|8\n|\n|t:|1776269178\n|detailschange|p1a: Charizard|Charizard-Mega-Y, L50, F\n|-mega|p1a: Charizard|Charizard|Charizardite Y\n|-weather|SunnyDay|[from] ability: Drought|[of] p1a: Charizard\n|move|p1b: Garchomp|Earthquake|p2a: Sinistcha|[spread] p2a\n|-immune|p1a: Charizard\n|-immune|p2b: Rotom|[from] ability: Levitate\n|-resisted|p2a: Sinistcha|1\n|-damage|p2a: Sinistcha|53/100\n|move|p1a: Charizard|Heat Wave|p2a: Sinistcha|[spread] p2a,p2b\n|-supereffective|p2a: Sinistcha|1\n|-resisted|p2b: Rotom|1\n|-damage|p2a: Sinistcha|0 fnt\n|-damage|p2b: Rotom|2/100 brn\n|faint|p2a: Sinistcha\n|move|p2b: Rotom|Will-O-Wisp|p1b: Garchomp\n|-status|p1b: Garchomp|brn\n|\n|-weather|SunnyDay|[upkeep]\n|-damage|p1b: Garchomp|50/100 brn|[from] brn\n|-damage|p2b: Rotom|0 fnt|[from] brn\n|faint|p2b: Rotom\n|upkeep\n|\n|t:|1776269192\n|switch|p2b: Incineroar|Incineroar, L50, M|5/100\n|switch|p2a: Floette|Floette-Mega, L50, F|45/100\n|-ability|p2a: Floette|Fairy Aura\n|-ability|p2b: Incineroar|Intimidate|boost\n|-unboost|p1a: Charizard|atk|1\n|-unboost|p1b: Garchomp|atk|1\n|turn|9\n|\n|t:|1776269214\n|move|p1a: Charizard|Protect|p1a: Charizard\n|-singleturn|p1a: Charizard|Protect\n|move|p2b: Incineroar|Fake Out|p1a: Charizard\n|-activate|p1a: Charizard|move: Protect\n|move|p1b: Garchomp|Earthquake|p2a: Floette|[spread] p2a,p2b\n|-activate|p1a: Charizard|move: Protect\n|-crit|p2a: Floette\n|-supereffective|p2b: Incineroar|1\n|-damage|p2a: Floette|4/100\n|-damage|p2b: Incineroar|0 fnt\n|faint|p2b: Incineroar\n|move|p2a: Floette|Moonblast|p1b: Garchomp\n|-supereffective|p1b: Garchomp|1\n|-damage|p1b: Garchomp|0 fnt\n|faint|p1b: Garchomp\n|\n|-weather|SunnyDay|[upkeep]\n|upkeep\n|\n|t:|1776269229\n|switch|p1b: Excadrill|Excadrill, L50, M|83/100 brn\n|turn|10\n|-message|grunnar forfeited.\n|\n|win|maihuyvuan\n|raw|maihuyvuan's rating: 1075 &rarr; <strong>1098</strong><br />(+23 for winning)\n|raw|grunnar's rating: 1000 &rarr; <strong>1000</strong><br />(+0 for losing)\n|l|\u2606grunnar\n|player|p2|\n",
  "uploadtime": 1776269244,
  "views": 20,
  "formatid": "gen9championsvgc2026regma",
  "rating": 1000,
  "private": 0,
  "password": null
}