{
  "id": "gen9championsvgc2026regma-2586090744",
  "format": "[Gen 9 Champions] VGC 2026 Reg M-A",
  "players": [
    "nickzwr",
    "henitusec"
  ],
  "log": "|j|\u2606nickzwr\n|j|\u2606henitusec\n|t:|1776397944\n|gametype|doubles\n|player|p1|nickzwr|gambler|1099\n|player|p2|henitusec|volo|1163\n|gen|9\n|tier|[Gen 9 Champions] VGC 2026 Reg M-A\n|rated|\n|rule|Species Clause: Limit one of each Pok\u00e9mon\n|rule|Item Clause: Limit 1 of each item\n|clearpoke\n|poke|p1|Dragonite, L50, F|\n|poke|p1|Milotic, L50, F|\n|poke|p1|Espathra, L50, M|\n|poke|p1|Sneasler, L50, M|\n|poke|p1|Venusaur, L50, F|\n|poke|p1|Incineroar, L50, F|\n|poke|p2|Gardevoir, L50, F|\n|poke|p2|Aegislash, L50, M|\n|poke|p2|Incineroar, L50, F|\n|poke|p2|Vivillon-Polar, L50, M|\n|poke|p2|Whimsicott, L50, M|\n|poke|p2|Tauros-Paldea-Aqua, L50, M|\n|teampreview|4\n|inactive|Battle timer is ON: inactive players will automatically lose when time's up. (requested by henitusec)\nhenitusec rejected open team sheets.\n|\n|t:|1776397984\n|teamsize|p1|4\n|teamsize|p2|4\n|start\n|switch|p1a: Incineroar|Incineroar, L50, F, shiny|100/100\n|switch|p1b: Espathra|Espathra, L50, M|100/100\n|switch|p2a: Whimsicott|Whimsicott, L50, M|100/100\n|switch|p2b: Aegislash|Aegislash, L50, M|100/100\n|-ability|p1a: Incineroar|Intimidate|boost\n|-unboost|p2a: Whimsicott|atk|1\n|-unboost|p2b: Aegislash|atk|1\n|-enditem|p2b: Aegislash|White Herb\n|-clearnegativeboost|p2b: Aegislash|[silent]\n|turn|1\n|inactive|henitusec has 30 seconds left.\n|\n|t:|1776398010\n|move|p1a: Incineroar|Fake Out|p2a: Whimsicott\n|-damage|p2a: Whimsicott|82/100\n|cant|p2a: Whimsicott|flinch\n|move|p1b: Espathra|Calm Mind|p1b: Espathra\n|-boost|p1b: Espathra|spa|1\n|-boost|p1b: Espathra|spd|1\n|-formechange|p2b: Aegislash|Aegislash-Blade|\n|move|p2b: Aegislash|Poltergeist|p1b: Espathra|[miss]\n|-miss|p2b: Aegislash|p1b: Espathra\n|\n|-ability|p1b: Espathra|Speed Boost|boost\n|-boost|p1b: Espathra|spe|1\n|upkeep\n|turn|2\n|inactive|nickzwr has 30 seconds left.\n|\n|t:|1776398040\n|move|p2a: Whimsicott|Encore|p1b: Espathra\n|-start|p1b: Espathra|Encore\n|move|p1b: Espathra|Calm Mind|p1b: Espathra\n|-boost|p1b: Espathra|spa|1\n|-boost|p1b: Espathra|spd|1\n|move|p1a: Incineroar|Flare Blitz|p2a: Whimsicott\n|-supereffective|p2a: Whimsicott|1\n|-damage|p2a: Whimsicott|0 fnt\n|faint|p2a: Whimsicott\n|-damage|p1a: Incineroar|74/100|[from] Recoil\n|move|p2b: Aegislash|Poltergeist|p1b: Espathra\n|-activate|p1b: Espathra|move: Poltergeist|Focus Sash\n|-supereffective|p1b: Espathra|1\n|-enditem|p1b: Espathra|Focus Sash\n|-damage|p1b: Espathra|1/100\n|\n|-ability|p1b: Espathra|Speed Boost|boost\n|-boost|p1b: Espathra|spe|1\n|upkeep\n|\n|t:|1776398056\n|switch|p2a: Gardevoir|Gardevoir, L50, F, shiny|100/100\n|-ability|p2a: Gardevoir|Intimidate|Trace|[from] ability: Trace|[of] p1a: Incineroar\n|-ability|p2a: Gardevoir|Intimidate|boost\n|-unboost|p1a: Incineroar|atk|1\n|-unboost|p1b: Espathra|atk|1\n|turn|3\n|inactive|nickzwr has 30 seconds left.\n|\n|t:|1776398083\n|detailschange|p2a: Gardevoir|Gardevoir-Mega, L50, F, shiny\n|-mega|p2a: Gardevoir|Gardevoir|Gardevoirite\n|move|p1b: Espathra|Calm Mind|p1b: Espathra\n|-boost|p1b: Espathra|spa|1\n|-boost|p1b: Espathra|spd|1\n|move|p2a: Gardevoir|Hyper Voice|p1a: Incineroar|[spread] p1a,p1b\n|-damage|p1a: Incineroar|14/100\n|-damage|p1b: Espathra|0 fnt\n|-enditem|p1a: Incineroar|Sitrus Berry|[eat]\n|-heal|p1a: Incineroar|39/100|[from] item: Sitrus Berry\n|faint|p1b: Espathra\n|move|p1a: Incineroar|Flare Blitz|p2b: Aegislash\n|-supereffective|p2b: Aegislash|1\n|-damage|p2b: Aegislash|0 fnt\n|faint|p2b: Aegislash\n|-damage|p1a: Incineroar|6/100|[from] Recoil\n|\n|upkeep\n|\n|t:|1776398099\n|switch|p1b: Milotic|Milotic, L50, F|100/100\n|switch|p2b: Vivillon|Vivillon-Polar, L50, M|100/100\n|turn|4\n|\n|t:|1776398114\n|move|p2b: Vivillon|Sleep Powder|p1b: Milotic\n|-status|p1b: Milotic|slp|[from] move: Sleep Powder\n|move|p2a: Gardevoir|Hyper Voice|p1a: Incineroar|[spread] p1a,p1b\n|-damage|p1a: Incineroar|0 fnt\n|-damage|p1b: Milotic|56/100 slp\n|faint|p1a: Incineroar\n|cant|p1b: Milotic|slp\n|\n|-heal|p1b: Milotic|62/100 slp|[from] item: Leftovers\n|upkeep\n|\n|t:|1776398123\n|switch|p1a: Dragonite|Dragonite, L50, F, shiny|100/100\n|turn|5\n|\n|t:|1776398129\n|detailschange|p1a: Dragonite|Dragonite-Mega, L50, F, shiny\n|-mega|p1a: Dragonite|Dragonite|Dragoninite\n|move|p2b: Vivillon|Sleep Powder|p1a: Dragonite\n|-status|p1a: Dragonite|slp|[from] move: Sleep Powder\n|cant|p1a: Dragonite|slp\n|move|p2a: Gardevoir|Hyper Voice|p1b: Milotic|[spread] p1a,p1b\n|-supereffective|p1a: Dragonite|1\n|-crit|p1a: Dragonite\n|-damage|p1a: Dragonite|40/100 slp\n|-damage|p1b: Milotic|23/100 slp\n|cant|p1b: Milotic|slp\n|\n|-heal|p1b: Milotic|29/100 slp|[from] item: Leftovers\n|upkeep\n|turn|6\n|\n|t:|1776398143\n|move|p2b: Vivillon|Rage Powder|p2b: Vivillon\n|-singleturn|p2b: Vivillon|move: Rage Powder\n|cant|p1a: Dragonite|slp\n|move|p2a: Gardevoir|Hyper Voice|p1b: Milotic|[spread] p1a,p1b\n|-supereffective|p1a: Dragonite|1\n|-damage|p1a: Dragonite|0 fnt\n|-damage|p1b: Milotic|0 fnt\n|faint|p1a: Dragonite\n|faint|p1b: Milotic\n|\n|win|henitusec\n|raw|nickzwr's rating: 1099 &rarr; <strong>1079</strong><br />(-20 for losing)\n|raw|henitusec's rating: 1163 &rarr; <strong>1183</strong><br />(+20 for winning)\n|l|\u2606nickzwr\n|player|p1|\n",
  "uploadtime": 1776398150,
  "views": 14,
  "formatid": "gen9championsvgc2026regma",
  "rating": 1079,
  "private": 0,
  "password": null
}