{
  "id": "gen9championsvgc2026regma-2588503377",
  "format": "[Gen 9 Champions] VGC 2026 Reg M-A",
  "players": [
    "Descroaiton",
    "nitrium2"
  ],
  "log": "|j|\u2606Descroaiton\n|j|\u2606nitrium2\n|t:|1776639472\n|gametype|doubles\n|player|p1|Descroaiton|1|1154\n|player|p2|nitrium2|1|1138\n|gen|9\n|tier|[Gen 9 Champions] VGC 2026 Reg M-A\n|rated|\n|rule|Species Clause: Limit one of each Pok\u00e9mon\n|rule|Item Clause: Limit 1 of each item\n|clearpoke\n|poke|p1|Aggron, L50, M|\n|poke|p1|Tyranitar, L50, F|\n|poke|p1|Farigiraf, L50, F|\n|poke|p1|Sinistcha, L50|\n|poke|p1|Sneasler, L50, M|\n|poke|p1|Incineroar, L50, F|\n|poke|p2|Charizard, L50, F|\n|poke|p2|Whimsicott, L50, F|\n|poke|p2|Farigiraf, L50, M|\n|poke|p2|Sneasler, L50, F|\n|poke|p2|Garchomp, L50, M|\n|poke|p2|Kingambit, L50, F|\n|teampreview|4\n|c|\u2606nitrium2|glhf\n|\n|t:|1776639509\n|teamsize|p1|4\n|teamsize|p2|4\n|start\n|switch|p1a: Farigiraf|Farigiraf, L50, F|100/100\n|switch|p1b: Sneasler|Sneasler, L50, M|100/100\n|switch|p2a: Farigiraf|Farigiraf, L50, M|100/100\n|switch|p2b: Charizard|Charizard, L50, F|100/100\n|turn|1\n|\n|t:|1776639531\n|switch|p1b: Tyranitar|Tyranitar, L50, F|100/100\n|-weather|Sandstorm|[from] ability: Sand Stream|[of] p1b: Tyranitar\n|move|p2b: Charizard|Heat Wave|p1b: Tyranitar|[spread] p1a,p1b\n|-resisted|p1b: Tyranitar|1\n|-damage|p1a: Farigiraf|70/100\n|-damage|p1b: Tyranitar|92/100\n|move|p2a: Farigiraf|Imprison|p2a: Farigiraf\n|-start|p2a: Farigiraf|move: Imprison\n|cant|p1a: Farigiraf|move: Imprison|Trick Room\n|\n|-weather|Sandstorm|[upkeep]\n|-damage|p2b: Charizard|95/100|[from] Sandstorm\n|-damage|p2a: Farigiraf|94/100|[from] Sandstorm\n|-damage|p1a: Farigiraf|63/100|[from] Sandstorm\n|upkeep\n|turn|2\n|c|\u2606nitrium2|no trickroom\n|\n|t:|1776639555\n|detailschange|p2b: Charizard|Charizard-Mega-Y, L50, F\n|-mega|p2b: Charizard|Charizard|Charizardite Y\n|-weather|SunnyDay|[from] ability: Drought|[of] p2b: Charizard\n|detailschange|p1b: Tyranitar|Tyranitar-Mega, L50, F\n|-mega|p1b: Tyranitar|Tyranitar|Tyranitarite\n|-weather|Sandstorm|[from] ability: Sand Stream|[of] p1b: Tyranitar\n|move|p1a: Farigiraf|Protect|p1a: Farigiraf\n|-singleturn|p1a: Farigiraf|Protect\n|move|p2b: Charizard|Solar Beam||[still]\n|-prepare|p2b: Charizard|Solar Beam\n|move|p2a: Farigiraf|Hyper Voice|p1b: Tyranitar|[spread] p1b\n|-activate|p1a: Farigiraf|move: Protect\n|-resisted|p1b: Tyranitar|1\n|-damage|p1b: Tyranitar|85/100\n|move|p1b: Tyranitar|Rock Slide|p2b: Charizard|[spread] p2a,p2b\n|-supereffective|p2b: Charizard|2\n|-damage|p2a: Farigiraf|60/100\n|-damage|p2b: Charizard|0 fnt\n|faint|p2b: Charizard\n|\n|-weather|Sandstorm|[upkeep]\n|-damage|p2a: Farigiraf|54/100|[from] Sandstorm\n|-damage|p1a: Farigiraf|57/100|[from] Sandstorm\n|upkeep\n|c|\u2606nitrium2|damn your mega saved you\n|c|\u2606nitrium2|well played\n|\n|t:|1776639575\n|switch|p2b: Garchomp|Garchomp, L50, M|100/100\n|turn|3\n|\n|t:|1776639589\n|switch|p1a: Aggron|Aggron, L50, M|100/100\n|move|p2b: Garchomp|Stomping Tantrum|p1b: Tyranitar\n|-supereffective|p1b: Tyranitar|1\n|-damage|p1b: Tyranitar|47/100\n|move|p2a: Farigiraf|Hyper Voice|p1b: Tyranitar|[spread] p1a,p1b\n|-resisted|p1a: Aggron|2\n|-resisted|p1b: Tyranitar|1\n|-damage|p1a: Aggron|94/100\n|-damage|p1b: Tyranitar|40/100\n|move|p1b: Tyranitar|Ice Punch|p2b: Garchomp\n|-supereffective|p2b: Garchomp|2\n|-damage|p2b: Garchomp|0 fnt\n|-damage|p1b: Tyranitar|28/100|[from] ability: Rough Skin|[of] p2b: Garchomp\n|faint|p2b: Garchomp\n|\n|-weather|Sandstorm|[upkeep]\n|-damage|p2a: Farigiraf|48/100|[from] Sandstorm\n|-enditem|p2a: Farigiraf|Sitrus Berry|[eat]\n|-heal|p2a: Farigiraf|72/100|[from] item: Sitrus Berry\n|upkeep\n|\n|t:|1776639599\n|switch|p2b: Kingambit|Kingambit, L50, F|100/100\n|turn|4\n|\n|t:|1776639611\n|move|p2b: Kingambit|Protect|p2b: Kingambit\n|-singleturn|p2b: Kingambit|Protect\n|move|p2a: Farigiraf|Hyper Voice|p1a: Aggron|[spread] p1a,p1b\n|-resisted|p1a: Aggron|2\n|-resisted|p1b: Tyranitar|1\n|-damage|p1a: Aggron|87/100\n|-damage|p1b: Tyranitar|20/100\n|move|p1b: Tyranitar|Knock Off|p2a: Farigiraf\n|-supereffective|p2a: Farigiraf|1\n|-damage|p2a: Farigiraf|1/100\n|move|p1a: Aggron|Body Press|p2b: Kingambit\n|-activate|p2b: Kingambit|move: Protect\n|\n|-weather|Sandstorm|[upkeep]\n|-damage|p2a: Farigiraf|0 fnt|[from] Sandstorm\n|faint|p2a: Farigiraf\n|upkeep\n|turn|5\n|\n|t:|1776639622\n|move|p1b: Tyranitar|Knock Off|p2b: Kingambit\n|-resisted|p2b: Kingambit|1\n|-damage|p2b: Kingambit|80/100\n|-enditem|p2b: Kingambit|Black Glasses|[from] move: Knock Off|[of] p1b: Tyranitar\n|move|p2b: Kingambit|Kowtow Cleave|p1b: Tyranitar\n|-resisted|p1b: Tyranitar|1\n|-damage|p1b: Tyranitar|8/100\n|move|p1a: Aggron|Body Press|p2b: Kingambit\n|-supereffective|p2b: Kingambit|2\n|-damage|p2b: Kingambit|0 fnt\n|faint|p2b: Kingambit\n|\n|win|Descroaiton\n|raw|Descroaiton's rating: 1154 &rarr; <strong>1178</strong><br />(+24 for winning)\n|raw|nitrium2's rating: 1138 &rarr; <strong>1114</strong><br />(-24 for losing)\n|c|\u2606nitrium2|ggs\n|l|\u2606nitrium2\n|player|p2|\n",
  "uploadtime": 1776639637,
  "views": 7,
  "formatid": "gen9championsvgc2026regma",
  "rating": 1114,
  "private": 0,
  "password": null
}