{
  "id": "gen9championsvgc2026regma-2587746405",
  "format": "[Gen 9 Champions] VGC 2026 Reg M-A",
  "players": [
    "alkdfe",
    "blazingvalkrie"
  ],
  "log": "|j|\u2606alkdfe\n|j|\u2606blazingvalkrie\n|t:|1776559852\n|gametype|doubles\n|player|p1|alkdfe|elesa|1169\n|player|p2|blazingvalkrie|steven|1102\n|gen|9\n|tier|[Gen 9 Champions] VGC 2026 Reg M-A\n|rated|\n|rule|Species Clause: Limit one of each Pok\u00e9mon\n|rule|Item Clause: Limit 1 of each item\n|clearpoke\n|poke|p1|Tyranitar, L50, F|\n|poke|p1|Excadrill, L50, F|\n|poke|p1|Corviknight, L50, F|\n|poke|p1|Meganium, L50, M|\n|poke|p1|Sneasler, L50, M|\n|poke|p1|Kingambit, L50, F|\n|poke|p2|Gengar, L50, M, shiny|\n|poke|p2|Aerodactyl, L50, M|\n|poke|p2|Archaludon, L50, M|\n|poke|p2|Basculegion, L50, M|\n|poke|p2|Floette-Eternal, L50, F|\n|poke|p2|Garchomp, L50, F|\n|teampreview|4\n|inactive|Battle timer is ON: inactive players will automatically lose when time's up. (requested by blazingvalkrie)\n|\n|t:|1776559880\n|teamsize|p1|4\n|teamsize|p2|4\n|start\n|switch|p1a: Tyranitar|Tyranitar, L50, F|100/100\n|switch|p1b: Excadrill|Excadrill, L50, F|100/100\n|switch|p2a: Aerodactyl|Aerodactyl, L50, M|100/100\n|switch|p2b: Gengar|Gengar, L50, M, shiny|100/100\n|-ability|p2a: Aerodactyl|Unnerve\n|-weather|Sandstorm|[from] ability: Sand Stream|[of] p1a: Tyranitar\n|turn|1\n|\n|t:|1776559904\n|detailschange|p2b: Gengar|Gengar-Mega, L50, M, shiny\n|-mega|p2b: Gengar|Gengar|Gengarite\n|move|p1b: Excadrill|Iron Head|p2a: Aerodactyl\n|-supereffective|p2a: Aerodactyl|1\n|-enditem|p2a: Aerodactyl|Focus Sash\n|-damage|p2a: Aerodactyl|1/100\n|move|p2b: Gengar|Shadow Ball|p1b: Excadrill\n|-damage|p1b: Excadrill|33/100\n|cant|p2a: Aerodactyl|flinch\n|move|p1a: Tyranitar|Knock Off|p2b: Gengar\n|-supereffective|p2b: Gengar|1\n|-damage|p2b: Gengar|0 fnt\n|faint|p2b: Gengar\n|\n|-weather|Sandstorm|[upkeep]\n|upkeep\n|\n|t:|1776559916\n|switch|p2b: Basculegion|Basculegion, L50, M|100/100\n|turn|2\n|inactive|blazingvalkrie has 30 seconds left.\n|inactive|blazingvalkrie has 20 seconds left.\n|inactive|blazingvalkrie has 15 seconds left.\n|\n|t:|1776559958\n|switch|p1a: Kingambit|Kingambit, L50, F|100/100\n|move|p1b: Excadrill|Protect|p1b: Excadrill\n|-singleturn|p1b: Excadrill|Protect\n|move|p2b: Basculegion|Aqua Jet|p1b: Excadrill\n|-activate|p1b: Excadrill|move: Protect\n|move|p2a: Aerodactyl|Rock Slide|p1b: Excadrill|[spread] p1a\n|-activate|p1b: Excadrill|move: Protect\n|-resisted|p1a: Kingambit|1\n|-damage|p1a: Kingambit|92/100\n|\n|-weather|Sandstorm|[upkeep]\n|-damage|p2b: Basculegion|94/100|[from] Sandstorm\n|upkeep\n|turn|3\n|inactive|blazingvalkrie has 30 seconds left.\n|\n|t:|1776559990\n|switch|p1b: Sneasler|Sneasler, L50, M|100/100\n|move|p2b: Basculegion|Aqua Jet|p1b: Sneasler\n|-damage|p1b: Sneasler|48/100\n|move|p2a: Aerodactyl|Rock Slide|p1b: Sneasler|[spread] p1b\n|-miss|p2a: Aerodactyl|p1a: Kingambit\n|-resisted|p1b: Sneasler|1\n|-damage|p1b: Sneasler|27/100\n|move|p1a: Kingambit|Kowtow Cleave|p2b: Basculegion\n|-supereffective|p2b: Basculegion|1\n|-damage|p2b: Basculegion|0 fnt\n|faint|p2b: Basculegion\n|\n|-weather|Sandstorm|[upkeep]\n|-damage|p1b: Sneasler|21/100|[from] Sandstorm\n|upkeep\n|\n|t:|1776559999\n|switch|p2b: Archaludon|Archaludon, L50, M|100/100\n|turn|4\n|\n|t:|1776560013\n|move|p1a: Kingambit|Sucker Punch|p2a: Aerodactyl\n|-damage|p2a: Aerodactyl|0 fnt\n|faint|p2a: Aerodactyl\n|move|p1b: Sneasler|Close Combat|p2b: Archaludon\n|-supereffective|p2b: Archaludon|1\n|-ability|p2b: Archaludon|Sturdy\n|-damage|p2b: Archaludon|1/100\n|-unboost|p1b: Sneasler|def|1\n|-unboost|p1b: Sneasler|spd|1\n|-enditem|p1b: Sneasler|White Herb\n|-clearnegativeboost|p1b: Sneasler|[silent]\n|move|p2b: Archaludon|Thunderbolt|p1a: Kingambit\n|-damage|p1a: Kingambit|56/100\n|\n|-weather|Sandstorm|[upkeep]\n|-damage|p1b: Sneasler|15/100|[from] Sandstorm\n|-heal|p2b: Archaludon|7/100|[from] item: Leftovers\n|upkeep\n|turn|5\n|l|\u2606blazingvalkrie\n|inactive|blazingvalkrie disconnected and has a minute to reconnect!\n|player|p2|\n|inactive|blazingvalkrie has 30 seconds left.\n|inactive|blazingvalkrie has 20 seconds left.\n|inactive|blazingvalkrie has 15 seconds left.\n|inactive|blazingvalkrie has 10 seconds left.\n|inactive|blazingvalkrie has 5 seconds left.\n|-message|blazingvalkrie lost due to inactivity.\n|\n|win|alkdfe\n|raw|alkdfe's rating: 1169 &rarr; <strong>1189</strong><br />(+20 for winning)\n|raw|blazingvalkrie's rating: 1102 &rarr; <strong>1082</strong><br />(-20 for losing)\n",
  "uploadtime": 1776560071,
  "views": 33,
  "formatid": "gen9championsvgc2026regma",
  "rating": 1082,
  "private": 0,
  "password": null
}