{
  "id": "gen9championsvgc2026regma-2581405891",
  "format": "[Gen 9 Champions] VGC 2026 Reg M-A",
  "players": [
    "gonorrea001",
    "Quaza15"
  ],
  "log": "|j|\u2606gonorrea001\n|j|\u2606Quaza15\n|t:|1775997075\n|gametype|doubles\n|player|p1|gonorrea001|brawly|1088\n|player|p2|Quaza15|ruinmaniac|1114\n|gen|9\n|tier|[Gen 9 Champions] VGC 2026 Reg M-A\n|rated|\n|rule|Species Clause: Limit one of each Pok\u00e9mon\n|rule|Item Clause: Limit 1 of each item\n|clearpoke\n|poke|p1|Tyranitar, L50, F|\n|poke|p1|Sneasler, L50, M|\n|poke|p1|Corviknight, L50, M|\n|poke|p1|Incineroar, L50, M|\n|poke|p1|Rotom-Wash, L50|\n|poke|p1|Excadrill, L50, F|\n|poke|p2|Froslass, L50, F|\n|poke|p2|Meowscarada, L50, M|\n|poke|p2|Incineroar, L50, F|\n|poke|p2|Dragapult, L50, F|\n|poke|p2|Kingambit, L50, F|\n|poke|p2|Rotom-Wash, L50|\n|teampreview|4\n|inactive|Battle timer is ON: inactive players will automatically lose when time's up. (requested by gonorrea001)\n|\n|t:|1775997117\n|teamsize|p1|4\n|teamsize|p2|4\n|start\n|switch|p1a: Tyranitar|Tyranitar, L50, F, shiny|100/100\n|switch|p1b: Excadrill|Excadrill, L50, F, shiny|100/100\n|switch|p2a: Dragapult|Dragapult, L50, F|100/100\n|switch|p2b: Froslass|Froslass, L50, F|100/100\n|-weather|Sandstorm|[from] ability: Sand Stream|[of] p1a: Tyranitar\n|turn|1\n|inactive|gonorrea001 has 30 seconds left.\n|inactive|gonorrea001 has 20 seconds left.\n|\n|t:|1775997154\n|move|p2b: Froslass|Protect|p2b: Froslass\n|-singleturn|p2b: Froslass|Protect\n|move|p2a: Dragapult|U-turn|p1a: Tyranitar\n|-supereffective|p1a: Tyranitar|1\n|-damage|p1a: Tyranitar|60/100\n|\n|t:|1775997159\n|switch|p2a: Rotom|Rotom-Wash, L50|100/100|[from] U-turn\n|move|p1b: Excadrill|Iron Head|p2b: Froslass\n|-activate|p2b: Froslass|move: Protect\n|move|p1a: Tyranitar|Knock Off|p2b: Froslass\n|-activate|p2b: Froslass|move: Protect\n|\n|-weather|Sandstorm|[upkeep]\n|-damage|p2b: Froslass|94/100|[from] Sandstorm\n|-damage|p2a: Rotom|95/100|[from] Sandstorm\n|upkeep\n|turn|2\n|\n|t:|1775997181\n|switch|p2b: Kingambit|Kingambit, L50, F|100/100\n|move|p1a: Tyranitar|Protect|p1a: Tyranitar\n|-singleturn|p1a: Tyranitar|Protect\n|move|p1b: Excadrill|Rock Slide|p2b: Kingambit|[spread] p2a,p2b\n|-crit|p2a: Rotom\n|-resisted|p2b: Kingambit|1\n|-damage|p2a: Rotom|57/100\n|-damage|p2b: Kingambit|93/100\n|move|p2a: Rotom|Hydro Pump|p1b: Excadrill\n|-supereffective|p1b: Excadrill|1\n|-enditem|p1b: Excadrill|Focus Sash\n|-damage|p1b: Excadrill|1/100\n|\n|-weather|Sandstorm|[upkeep]\n|-damage|p2a: Rotom|51/100|[from] Sandstorm\n|upkeep\n|turn|3\n|inactive|gonorrea001 has 30 seconds left.\n|\n|t:|1775997207\n|detailschange|p1a: Tyranitar|Tyranitar-Mega, L50, F, shiny\n|-mega|p1a: Tyranitar|Tyranitar|Tyranitarite\n|move|p1b: Excadrill|Protect|p1b: Excadrill\n|-singleturn|p1b: Excadrill|Protect\n|move|p2b: Kingambit|Sucker Punch||[still]\n|-fail|p2b: Kingambit\n|move|p2a: Rotom|Hydro Pump|p1a: Tyranitar\n|-supereffective|p1a: Tyranitar|1\n|-damage|p1a: Tyranitar|11/100\n|move|p1a: Tyranitar|Rock Slide|p2b: Kingambit|[spread] p2b\n|-miss|p1a: Tyranitar|p2a: Rotom\n|-resisted|p2b: Kingambit|1\n|-damage|p2b: Kingambit|80/100\n|\n|-weather|Sandstorm|[upkeep]\n|-damage|p2a: Rotom|46/100|[from] Sandstorm\n|-enditem|p2a: Rotom|Sitrus Berry|[eat]\n|-heal|p2a: Rotom|71/100|[from] item: Sitrus Berry\n|upkeep\n|turn|4\n|\n|t:|1775997231\n|switch|p1b: Corviknight|Corviknight, L50, M, shiny|100/100\n|switch|p1a: Sneasler|Sneasler, L50, M|100/100\n|move|p2b: Kingambit|Sucker Punch||[still]\n|-fail|p2b: Kingambit\n|move|p2a: Rotom|Thunderbolt|p1a: Sneasler\n|-damage|p1a: Sneasler|50/100\n|\n|-weather|Sandstorm|[upkeep]\n|-damage|p1a: Sneasler|44/100|[from] Sandstorm\n|-damage|p2a: Rotom|65/100|[from] Sandstorm\n|upkeep\n|turn|5\n|\n|t:|1775997249\n|switch|p2b: Dragapult|Dragapult, L50, F|100/100\n|move|p1a: Sneasler|Fake Out|p2a: Rotom\n|-crit|p2a: Rotom\n|-damage|p2a: Rotom|42/100\n|cant|p2a: Rotom|flinch\n|move|p1b: Corviknight|Body Press|p2b: Dragapult\n|-immune|p2b: Dragapult\n|\n|-weather|none\n|upkeep\n|turn|6\n|inactive|gonorrea001 has 30 seconds left.\n|\n|t:|1775997276\n|move|p2a: Rotom|Helping Hand|p2b: Dragapult\n|-singleturn|p2b: Dragapult|Helping Hand|[of] p2a: Rotom\n|move|p1a: Sneasler|Protect|p1a: Sneasler\n|-singleturn|p1a: Sneasler|Protect\n|move|p2b: Dragapult|Dragon Darts|p1b: Corviknight\n|-resisted|p1b: Corviknight|1\n|-damage|p1b: Corviknight|84/100\n|-anim|p2b: Dragapult|Dragon Darts|p1b: Corviknight\n|-resisted|p1b: Corviknight|1\n|-damage|p1b: Corviknight|67/100\n|move|p1b: Corviknight|Body Press|p2a: Rotom\n|-damage|p2a: Rotom|21/100\n|\n|-heal|p1b: Corviknight|73/100|[from] item: Leftovers\n|upkeep\n|turn|7\n|inactive|gonorrea001 has 30 seconds left.\n|\n|t:|1775997303\n|move|p2a: Rotom|Helping Hand|p2b: Dragapult\n|-singleturn|p2b: Dragapult|Helping Hand|[of] p2a: Rotom\n|move|p2b: Dragapult|Dragon Darts|p1b: Corviknight\n|-resisted|p1b: Corviknight|1\n|-damage|p1b: Corviknight|56/100\n|-anim|p2b: Dragapult|Dragon Darts|p1a: Sneasler\n|-damage|p1a: Sneasler|0 fnt\n|faint|p1a: Sneasler\n|move|p1b: Corviknight|Iron Defense|p1b: Corviknight\n|-boost|p1b: Corviknight|def|2\n|\n|-heal|p1b: Corviknight|62/100|[from] item: Leftovers\n|upkeep\n|\n|t:|1775997314\n|switch|p1a: Tyranitar|Tyranitar-Mega, L50, F, shiny|11/100\n|-weather|Sandstorm|[from] ability: Sand Stream|[of] p1a: Tyranitar\n|turn|8\n|\n|t:|1775997334\n|move|p2b: Dragapult|Dragon Darts|p1b: Corviknight\n|-resisted|p1b: Corviknight|1\n|-damage|p1b: Corviknight|56/100\n|-anim|p2b: Dragapult|Dragon Darts|p1a: Tyranitar\n|-damage|p1a: Tyranitar|0 fnt\n|faint|p1a: Tyranitar\n|move|p2a: Rotom|Thunderbolt|p1b: Corviknight\n|-supereffective|p1b: Corviknight|1\n|-damage|p1b: Corviknight|3/100\n|move|p1b: Corviknight|Body Press|p2a: Rotom\n|-damage|p2a: Rotom|0 fnt\n|faint|p2a: Rotom\n|\n|-weather|Sandstorm|[upkeep]\n|-damage|p2b: Dragapult|95/100|[from] Sandstorm\n|-heal|p1b: Corviknight|9/100|[from] item: Leftovers\n|upkeep\n|\n|t:|1775997348\n|switch|p2a: Froslass|Froslass, L50, F|94/100\n|switch|p1a: Excadrill|Excadrill, L50, F, shiny|1/100\n|turn|9\n|\n|t:|1775997362\n|detailschange|p2a: Froslass|Froslass-Mega, L50, F\n|-mega|p2a: Froslass|Froslass|Froslassite\n|-weather|Snowscape|[from] ability: Snow Warning|[of] p2a: Froslass\n|move|p1b: Corviknight|Protect|p1b: Corviknight\n|-singleturn|p1b: Corviknight|Protect\n|move|p2b: Dragapult|Dragon Darts|p1a: Excadrill\n|-resisted|p1a: Excadrill|1\n|-damage|p1a: Excadrill|0 fnt\n|faint|p1a: Excadrill\n|move|p2a: Froslass|Blizzard|p1b: Corviknight\n|-activate|p1b: Corviknight|move: Protect\n|\n|-weather|Snowscape|[upkeep]\n|-heal|p1b: Corviknight|15/100|[from] item: Leftovers\n|upkeep\n|turn|10\n|c|\u2606Quaza15|gg\n|\n|t:|1775997379\n|move|p2b: Dragapult|Dragon Darts|p1b: Corviknight\n|-resisted|p1b: Corviknight|1\n|-damage|p1b: Corviknight|9/100\n|-anim|p2b: Dragapult|Dragon Darts|p1b: Corviknight\n|-resisted|p1b: Corviknight|1\n|-damage|p1b: Corviknight|3/100\n|move|p2a: Froslass|Blizzard|p1b: Corviknight\n|-damage|p1b: Corviknight|0 fnt\n|faint|p1b: Corviknight\n|\n|win|Quaza15\n|raw|gonorrea001's rating: 1088 &rarr; <strong>1067</strong><br />(-21 for losing)\n|raw|Quaza15's rating: 1114 &rarr; <strong>1137</strong><br />(+23 for winning)\n",
  "uploadtime": 1775997379,
  "views": 16,
  "formatid": "gen9championsvgc2026regma",
  "rating": 1067,
  "private": 0,
  "password": null
}