{
  "id": "gen9championsvgc2026regma-2585396330",
  "format": "[Gen 9 Champions] VGC 2026 Reg M-A",
  "players": [
    "Pazou<3",
    "Ixtenio"
  ],
  "log": "|j|\u2606Pazou<3\n|j|\u2606Ixtenio\n|t:|1776344217\n|gametype|doubles\n|player|p1|Pazou<3|ninjaboy|1081\n|player|p2|Ixtenio|1|1170\n|gen|9\n|tier|[Gen 9 Champions] VGC 2026 Reg M-A\n|rated|\n|rule|Species Clause: Limit one of each Pok\u00e9mon\n|rule|Item Clause: Limit 1 of each item\n|clearpoke\n|poke|p1|Hatterene, L50, F|\n|poke|p1|Camerupt, L50, F|\n|poke|p1|Trevenant, L50, F|\n|poke|p1|Crabominable, L50, F|\n|poke|p1|Excadrill, L50, M|\n|poke|p1|Sableye, L50, M|\n|poke|p2|Conkeldurr, L50, F|\n|poke|p2|Oranguru, L50, F|\n|poke|p2|Drampa, L50, M|\n|poke|p2|Tyranitar, L50, M|\n|poke|p2|Abomasnow, L50, F|\n|poke|p2|Incineroar, L50, F|\n|teampreview|4\nIxtenio rejected open team sheets.\n|c|\u2606Pazou<3|hf\n|\n|t:|1776344250\n|teamsize|p1|4\n|teamsize|p2|4\n|start\n|switch|p1a: Sylvain Granier|Trevenant, L50, F|100/100\n|switch|p1b: AAAAAAAAAAAAAAAAAA|Camerupt, L50, F|100/100\n|switch|p2a: Oranguru|Oranguru, L50, F|100/100\n|switch|p2b: Incineroar|Incineroar, L50, F|100/100\n|-ability|p2b: Incineroar|Intimidate|boost\n|-unboost|p1a: Sylvain Granier|atk|1\n|-unboost|p1b: AAAAAAAAAAAAAAAAAA|atk|1\n|turn|1\n|\n|t:|1776344283\n|move|p1b: AAAAAAAAAAAAAAAAAA|Protect|p1b: AAAAAAAAAAAAAAAAAA\n|-singleturn|p1b: AAAAAAAAAAAAAAAAAA|Protect\n|move|p2b: Incineroar|Parting Shot|p1b: AAAAAAAAAAAAAAAAAA\n|-activate|p1b: AAAAAAAAAAAAAAAAAA|move: Protect\n|move|p1a: Sylvain Granier|Forest's Curse|p2a: Oranguru\n|-start|p2a: Oranguru|typeadd|Grass|[from] move: Forest's Curse\n|move|p2a: Oranguru|Trick Room|p2a: Oranguru\n|-fieldstart|move: Trick Room|[of] p2a: Oranguru\n|\n|upkeep\n|turn|2\n|c|\u2606Ixtenio|hey :)\n|inactive|Battle timer is ON: inactive players will automatically lose when time's up. (requested by Ixtenio)\n|\n|t:|1776344332\n|detailschange|p1b: AAAAAAAAAAAAAAAAAA|Camerupt-Mega, L50, F\n|-mega|p1b: AAAAAAAAAAAAAAAAAA|Camerupt|Cameruptite\n|move|p2a: Oranguru|Protect|p2a: Oranguru\n|-singleturn|p2a: Oranguru|Protect\n|move|p1a: Sylvain Granier|Sunny Day|p1a: Sylvain Granier\n|-weather|SunnyDay\n|move|p1b: AAAAAAAAAAAAAAAAAA|Eruption|p2a: Oranguru|[spread] p2b\n|-activate|p2a: Oranguru|move: Protect\n|-resisted|p2b: Incineroar|1\n|-damage|p2b: Incineroar|62/100\n|move|p2b: Incineroar|Parting Shot|p1b: AAAAAAAAAAAAAAAAAA\n|-unboost|p1b: AAAAAAAAAAAAAAAAAA|atk|1\n|-unboost|p1b: AAAAAAAAAAAAAAAAAA|spa|1\n|\n|t:|1776344349\n|switch|p2b: Abomasnow|Abomasnow, L50, F|100/100|[from] Parting Shot\n|-weather|Snowscape|[from] ability: Snow Warning|[of] p2b: Abomasnow\n|\n|-weather|Snowscape|[upkeep]\n|upkeep\n|turn|3\n|\n|t:|1776344365\n|detailschange|p2b: Abomasnow|Abomasnow-Mega, L50, F\n|-mega|p2b: Abomasnow|Abomasnow|Abomasite\n|move|p2b: Abomasnow|Blizzard|p1a: Sylvain Granier|[spread] p1a,p1b\n|-supereffective|p1a: Sylvain Granier|1\n|-damage|p1a: Sylvain Granier|30/100\n|-damage|p1b: AAAAAAAAAAAAAAAAAA|45/100\n|-enditem|p1a: Sylvain Granier|Sitrus Berry|[eat]\n|-heal|p1a: Sylvain Granier|55/100|[from] item: Sitrus Berry\n|move|p1a: Sylvain Granier|Sunny Day|p1a: Sylvain Granier\n|-weather|SunnyDay\n|move|p1b: AAAAAAAAAAAAAAAAAA|Lava Plume|p2a: Oranguru|[spread] p1a,p2a,p2b\n|-supereffective|p1a: Sylvain Granier|1\n|-supereffective|p2a: Oranguru|1\n|-supereffective|p2b: Abomasnow|2\n|-damage|p1a: Sylvain Granier|0 fnt\n|-damage|p2a: Oranguru|39/100\n|-damage|p2b: Abomasnow|0 fnt\n|faint|p1a: Sylvain Granier\n|faint|p2b: Abomasnow\n|move|p2a: Oranguru|Instruct|p2: Abomasnow|[notarget]\n|-fail|p2a: Oranguru\n|\n|-weather|SunnyDay|[upkeep]\n|upkeep\n|\n|t:|1776344382\n|switch|p2b: Conkeldurr|Conkeldurr, L50, F|100/100\n|switch|p1a: GetMogged|Sableye, L50, M|100/100\n|turn|4\n|\n|t:|1776344397\n|move|p1a: GetMogged|Quash|p2b: Conkeldurr\n|-activate|p2b: Conkeldurr|move: Quash\n|move|p1b: AAAAAAAAAAAAAAAAAA|Eruption|p2a: Oranguru|[spread] p2a,p2b\n|-supereffective|p2a: Oranguru|1\n|-damage|p2a: Oranguru|2/100\n|-damage|p2b: Conkeldurr|65/100\n|move|p2a: Oranguru|Instruct||[still]\n|-fail|p2a: Oranguru\n|move|p2b: Conkeldurr|Drain Punch|p1b: AAAAAAAAAAAAAAAAAA\n|-damage|p1b: AAAAAAAAAAAAAAAAAA|0 fnt\n|-heal|p2b: Conkeldurr|81/100|[from] drain|[of] p1b: AAAAAAAAAAAAAAAAAA\n|faint|p1b: AAAAAAAAAAAAAAAAAA\n|\n|-weather|SunnyDay|[upkeep]\n|upkeep\n|\n|t:|1776344402\n|switch|p1b: Jane Trick Room|Hatterene, L50, F|100/100\n|turn|5\n|\n|t:|1776344421\n|switch|p2a: Incineroar|Incineroar, L50, F|62/100\n|-ability|p2a: Incineroar|Intimidate|boost\n|-unboost|p1a: GetMogged|atk|1\n|-unboost|p1b: Jane Trick Room|atk|1\n|move|p1a: GetMogged|Encore|p2b: Conkeldurr\n|-start|p2b: Conkeldurr|Encore\n|move|p1b: Jane Trick Room|Dazzling Gleam|p2b: Conkeldurr|[spread] p2a,p2b\n|-crit|p2a: Incineroar\n|-supereffective|p2b: Conkeldurr|1\n|-damage|p2a: Incineroar|27/100\n|-damage|p2b: Conkeldurr|0 fnt\n|faint|p2b: Conkeldurr\n|\n|-weather|SunnyDay|[upkeep]\n|-heal|p2a: Incineroar|33/100|[from] item: Leftovers\n|-fieldend|move: Trick Room\n|upkeep\n|\n|t:|1776344434\n|switch|p2b: Oranguru|Oranguru, L50, F|2/100\n|turn|6\n|inactive|Ixtenio has 30 seconds left.\n|\n|t:|1776344461\n|move|p2a: Incineroar|Fake Out|p1b: Jane Trick Room\n|-damage|p1b: Jane Trick Room|88/100\n|move|p1a: GetMogged|Taunt|p2b: Oranguru\n|-start|p2b: Oranguru|move: Taunt\n|-enditem|p2b: Oranguru|Mental Herb\n|-end|p2b: Oranguru|move: Taunt\n|move|p2b: Oranguru|Encore|p1a: GetMogged\n|-start|p1a: GetMogged|Encore\n|cant|p1b: Jane Trick Room|flinch\n|\n|-weather|SunnyDay|[upkeep]\n|-heal|p2a: Incineroar|39/100|[from] item: Leftovers\n|upkeep\n|turn|7\n|\n|t:|1776344481\n|move|p1a: GetMogged|Taunt|p2b: Oranguru\n|-start|p2b: Oranguru|move: Taunt\n|cant|p2b: Oranguru|move: Taunt|Instruct\n|move|p2a: Incineroar|Flare Blitz|p1b: Jane Trick Room\n|-damage|p1b: Jane Trick Room|12/100\n|-damage|p2a: Incineroar|19/100|[from] Recoil\n|move|p1b: Jane Trick Room|Dazzling Gleam|p2a: Incineroar|[spread] p2a,p2b\n|-damage|p2a: Incineroar|0 fnt\n|-damage|p2b: Oranguru|0 fnt\n|faint|p2a: Incineroar\n|faint|p2b: Oranguru\n|\n|win|Pazou<3\n|raw|Pazou&lt;3's rating: 1081 &rarr; <strong>1116</strong><br />(+35 for winning)\n|raw|Ixtenio's rating: 1170 &rarr; <strong>1139</strong><br />(-31 for losing)\n",
  "uploadtime": 1776344492,
  "views": 19,
  "formatid": "gen9championsvgc2026regma",
  "rating": 1116,
  "private": 0,
  "password": null
}