{
  "id": "gen9championsvgc2026regma-2582180899",
  "format": "[Gen 9 Champions] VGC 2026 Reg M-A",
  "players": [
    "yfcdgdr",
    "shnowyy"
  ],
  "log": "|j|\u2606yfcdgdr\n|j|\u2606shnowyy\n|t:|1776068213\n|gametype|doubles\n|player|p1|yfcdgdr|101|1130\n|player|p2|shnowyy|clerkf|1167\n|gen|9\n|tier|[Gen 9 Champions] VGC 2026 Reg M-A\n|rated|\n|rule|Species Clause: Limit one of each Pok\u00e9mon\n|rule|Item Clause: Limit 1 of each item\n|clearpoke\n|poke|p1|Incineroar, L50, M|\n|poke|p1|Crabominable, L50, M|\n|poke|p1|Mimikyu, L50, M|\n|poke|p1|Farigiraf, L50, M|\n|poke|p1|Torkoal, L50, F|\n|poke|p1|Kingambit, L50, M|\n|poke|p2|Garchomp, L50, M|\n|poke|p2|Ninetales-Alola, L50, M|\n|poke|p2|Ceruledge, L50, F|\n|poke|p2|Emolga, L50, F|\n|poke|p2|Corviknight, L50, M|\n|poke|p2|Starmie, L50|\n|teampreview|4\n|inactive|Battle timer is ON: inactive players will automatically lose when time's up. (requested by shnowyy)\n|inactive|yfcdgdr also wants the timer to be on.\n|inactive|yfcdgdr has 60 seconds left.\n|\n|t:|1776068272\n|teamsize|p1|4\n|teamsize|p2|4\n|start\n|switch|p1a: Incineroar|Incineroar, L50, M|100/100\n|switch|p1b: Mimikyu|Mimikyu, L50, M|100/100\n|switch|p2a: Corviknight|Corviknight, L50, M|100/100\n|switch|p2b: Emolga|Emolga, L50, F|100/100\n|-ability|p1a: Incineroar|Intimidate|boost\n|-ability|p2a: Corviknight|Mirror Armor\n|-unboost|p1a: Incineroar|atk|1\n|-unboost|p2b: Emolga|atk|1\n|turn|1\n|inactive|yfcdgdr has 30 seconds left.\n|inactive|yfcdgdr has 20 seconds left.\n|\n|t:|1776068307\n|move|p2b: Emolga|Taunt|p1b: Mimikyu\n|-start|p1b: Mimikyu|move: Taunt\n|-enditem|p1b: Mimikyu|Mental Herb\n|-end|p1b: Mimikyu|move: Taunt\n|move|p2a: Corviknight|Brave Bird|p1b: Mimikyu\n|-activate|p1b: Mimikyu|ability: Disguise\n|-damage|p1b: Mimikyu|100/100\n|detailschange|p1b: Mimikyu|Mimikyu-Busted, L50, M\n|-damage|p1b: Mimikyu|88/100|[from] pokemon: Mimikyu-Busted\n|move|p1a: Incineroar|Parting Shot|p2b: Emolga\n|-unboost|p2b: Emolga|atk|1\n|-unboost|p2b: Emolga|spa|1\n|\n|t:|1776068321\n|switch|p1a: Torkoal|Torkoal, L50, F|100/100|[from] Parting Shot\n|-weather|SunnyDay|[from] ability: Drought|[of] p1a: Torkoal\n|move|p1b: Mimikyu|Trick Room|p1b: Mimikyu\n|-fieldstart|move: Trick Room|[of] p1b: Mimikyu\n|\n|-weather|SunnyDay|[upkeep]\n|upkeep\n|turn|2\n|inactive|shnowyy has 30 seconds left.\n|\n|t:|1776068348\n|switch|p2a: Ceruledge|Ceruledge, L50, F|100/100\n|move|p1a: Torkoal|Eruption|p2a: Ceruledge|[spread] p2b\n|-start|p2a: Ceruledge|ability: Flash Fire\n|-enditem|p2b: Emolga|Focus Sash\n|-damage|p2b: Emolga|1/100\n|move|p1b: Mimikyu|Swords Dance|p1b: Mimikyu\n|-boost|p1b: Mimikyu|atk|2\n|move|p2b: Emolga|Nuzzle|p2a: Ceruledge\n|-damage|p2a: Ceruledge|97/100\n|-status|p2a: Ceruledge|par\n|\n|-weather|SunnyDay|[upkeep]\n|upkeep\n|turn|3\n|inactive|yfcdgdr has 30 seconds left.\n|\n|t:|1776068380\n|move|p1a: Torkoal|Earth Power|p2a: Ceruledge\n|-supereffective|p2a: Ceruledge|1\n|-damage|p2a: Ceruledge|44/100 par\n|move|p2a: Ceruledge|Bitter Blade|p1b: Mimikyu\n|-damage|p1b: Mimikyu|0 fnt\n|-heal|p2a: Ceruledge|83/100 par|[from] drain|[of] p1b: Mimikyu\n|faint|p1b: Mimikyu\n|move|p2b: Emolga|Volt Switch|p1a: Torkoal\n|-damage|p1a: Torkoal|75/100\n|\n|t:|1776068392\n|switch|p2b: Garchomp|Garchomp, L50, M|100/100|[from] Volt Switch\n|\n|-weather|SunnyDay|[upkeep]\n|upkeep\n|\n|t:|1776068398\n|switch|p1b: Incineroar|Incineroar, L50, M|100/100\n|-ability|p1b: Incineroar|Intimidate|boost\n|-unboost|p2a: Ceruledge|atk|1\n|-unboost|p2b: Garchomp|atk|1\n|turn|4\n|\n|t:|1776068421\n|switch|p2b: Emolga|Emolga, L50, F|1/100\n|move|p2a: Ceruledge|Protect|p2a: Ceruledge\n|-singleturn|p2a: Ceruledge|Protect\n|move|p1a: Torkoal|Earth Power|p2a: Ceruledge\n|-activate|p2a: Ceruledge|move: Protect\n|move|p1b: Incineroar|Darkest Lariat|p2a: Ceruledge\n|-activate|p2a: Ceruledge|move: Protect\n|\n|-weather|SunnyDay|[upkeep]\n|upkeep\n|turn|5\n|\n|t:|1776068445\n|move|p1a: Torkoal|Eruption|p2b: Emolga|[spread] p2b\n|-immune|p2a: Ceruledge|[from] ability: Flash Fire\n|-damage|p2b: Emolga|0 fnt\n|faint|p2b: Emolga\n|move|p2a: Ceruledge|Bitter Blade|p1a: Torkoal\n|-resisted|p1a: Torkoal|1\n|-damage|p1a: Torkoal|47/100\n|-heal|p2a: Ceruledge|97/100 par|[from] drain|[of] p1a: Torkoal\n|move|p1b: Incineroar|Darkest Lariat|p2a: Ceruledge\n|-supereffective|p2a: Ceruledge|1\n|-damage|p2a: Ceruledge|5/100 par\n|\n|-weather|none\n|-fieldend|move: Trick Room\n|upkeep\n|\n|t:|1776068458\n|switch|p2b: Garchomp|Garchomp, L50, M|100/100\n|turn|6\n|\n|t:|1776068470\n|move|p2b: Garchomp|Swords Dance|p2b: Garchomp\n|-boost|p2b: Garchomp|atk|2\n|move|p1b: Incineroar|Darkest Lariat|p2a: Ceruledge\n|-supereffective|p2a: Ceruledge|1\n|-damage|p2a: Ceruledge|0 fnt\n|faint|p2a: Ceruledge\n|move|p1a: Torkoal|Overheat|p2b: Garchomp\n|-resisted|p2b: Garchomp|1\n|-damage|p2b: Garchomp|63/100\n|-unboost|p1a: Torkoal|spa|2\n|\n|upkeep\n|\n|t:|1776068476\n|switch|p2a: Corviknight|Corviknight, L50, M|100/100\n|turn|7\n|\n|t:|1776068493\n|detailschange|p2b: Garchomp|Garchomp-Mega, L50, M\n|-mega|p2b: Garchomp|Garchomp|Garchompite\n|move|p2b: Garchomp|Earthquake|p1b: Incineroar|[spread] p1a,p1b\n|-immune|p2a: Corviknight\n|-supereffective|p1a: Torkoal|1\n|-supereffective|p1b: Incineroar|1\n|-damage|p1a: Torkoal|0 fnt\n|-damage|p1b: Incineroar|0 fnt\n|faint|p1a: Torkoal\n|faint|p1b: Incineroar\n|move|p2a: Corviknight|Tailwind|p2a: Corviknight\n|-sidestart|p2: shnowyy|move: Tailwind\n|\n|upkeep\n|\n|t:|1776068503\n|switch|p1b: Kingambit|Kingambit, L50, M|100/100\n|turn|8\n|\n|t:|1776068513\n|move|p1b: Kingambit|Sucker Punch|p2b: Garchomp\n|-damage|p2b: Garchomp|21/100\n|move|p2b: Garchomp|Earthquake|p1b: Kingambit|[spread] p1b\n|-immune|p2a: Corviknight\n|-supereffective|p1b: Kingambit|1\n|-damage|p1b: Kingambit|0 fnt\n|faint|p1b: Kingambit\n|\n|win|shnowyy\n|raw|yfcdgdr's rating: 1130 &rarr; <strong>1108</strong><br />(-22 for losing)\n|raw|shnowyy's rating: 1167 &rarr; <strong>1189</strong><br />(+22 for winning)\n|l|\u2606yfcdgdr\n|player|p1|\n",
  "uploadtime": 1776068521,
  "views": 16,
  "formatid": "gen9championsvgc2026regma",
  "rating": 1108,
  "private": 0,
  "password": null
}