{
  "id": "gen9championsvgc2026regma-2586740286",
  "format": "[Gen 9 Champions] VGC 2026 Reg M-A",
  "players": [
    "Sebitaa",
    "koeman77"
  ],
  "log": "|j|\u2606Sebitaa\n|j|\u2606koeman77\n|t:|1776456201\n|gametype|doubles\n|player|p1|Sebitaa|cynthia|1102\n|player|p2|koeman77|lance|1051\n|gen|9\n|tier|[Gen 9 Champions] VGC 2026 Reg M-A\n|rated|\n|rule|Species Clause: Limit one of each Pok\u00e9mon\n|rule|Item Clause: Limit 1 of each item\n|clearpoke\n|poke|p1|Charizard, L50, F|\n|poke|p1|Incineroar, L50, M|\n|poke|p1|Sinistcha, L50|\n|poke|p1|Milotic, L50, F|\n|poke|p1|Tyranitar, L50, M|\n|poke|p1|Sneasler, L50, M|\n|poke|p2|Froslass, L50, F|\n|poke|p2|Rotom-Frost, L50|\n|poke|p2|Garchomp, L50, M|\n|poke|p2|Incineroar, L50, F|\n|poke|p2|Milotic, L50, F|\n|poke|p2|Kingambit, L50, F|\n|teampreview|4\n|\n|t:|1776456255\n|teamsize|p1|4\n|teamsize|p2|4\n|start\n|switch|p1a: Charizard|Charizard, L50, F|100/100\n|switch|p1b: Sneasler|Sneasler, L50, M|100/100\n|switch|p2a: Incineroar|Incineroar, L50, F, shiny|100/100\n|switch|p2b: Rotom|Rotom-Frost, L50|100/100\n|-ability|p2a: Incineroar|Intimidate|boost\n|-unboost|p1a: Charizard|atk|1\n|-unboost|p1b: Sneasler|atk|1\n|turn|1\n|\n|t:|1776456293\n|detailschange|p1a: Charizard|Charizard-Mega-X, L50, F\n|-mega|p1a: Charizard|Charizard|Charizardite X\n|move|p1b: Sneasler|Fake Out|p2a: Incineroar\n|-damage|p2a: Incineroar|91/100\n|cant|p2a: Incineroar|flinch\n|move|p2b: Rotom|Volt Switch|p1a: Charizard\n|-resisted|p1a: Charizard|1\n|-damage|p1a: Charizard|80/100\n|inactive|Battle timer is ON: inactive players will automatically lose when time's up. (requested by Sebitaa)\n|\n|t:|1776456314\n|switch|p2b: Milotic|Milotic, L50, F, shiny|100/100|[from] Volt Switch\n|move|p1a: Charizard|Dragon Dance|p1a: Charizard\n|-boost|p1a: Charizard|atk|1\n|-boost|p1a: Charizard|spe|1\n|\n|upkeep\n|turn|2\n|inactive|koeman77 has 30 seconds left.\n|\n|t:|1776456342\n|move|p1a: Charizard|Dragon Claw|p2b: Milotic\n|-damage|p2b: Milotic|32/100\n|move|p1b: Sneasler|Close Combat|p2b: Milotic\n|-damage|p2b: Milotic|0 fnt\n|-unboost|p1b: Sneasler|def|1\n|-unboost|p1b: Sneasler|spd|1\n|faint|p2b: Milotic\n|move|p2a: Incineroar|Parting Shot|p1a: Charizard\n|-unboost|p1a: Charizard|atk|1\n|-unboost|p1a: Charizard|spa|1\n|\n|t:|1776456363\n|switch|p2a: Rotom|Rotom-Frost, L50|100/100|[from] Parting Shot\n|\n|upkeep\n|\n|t:|1776456371\n|switch|p2b: Garchomp|Garchomp, L50, M, shiny|100/100\n|turn|3\n|\n|t:|1776456385\n|switch|p1b: Sinistcha|Sinistcha, L50|100/100\n|-heal|p1a: Charizard|100/100|[from] ability: Hospitality|[of] p1b: Sinistcha\n|switch|p2b: Incineroar|Incineroar, L50, F, shiny|91/100\n|-ability|p2b: Incineroar|Intimidate|boost\n|-unboost|p1a: Charizard|atk|1\n|-unboost|p1b: Sinistcha|atk|1\n|move|p2a: Rotom|Volt Switch|p1b: Sinistcha\n|-resisted|p1b: Sinistcha|1\n|-damage|p1b: Sinistcha|78/100\n|\n|t:|1776456395\n|switch|p2a: Garchomp|Garchomp, L50, M, shiny|100/100|[from] Volt Switch\n|move|p1a: Charizard|Dragon Claw|p2b: Incineroar\n|-damage|p2b: Incineroar|60/100\n|\n|upkeep\n|turn|4\n|inactive|Sebitaa has 30 seconds left.\n|inactive|Sebitaa has 20 seconds left.\n|\n|t:|1776456433\n|switch|p1a: Sneasler|Sneasler, L50, M|100/100\n|switch|p1b: Tyranitar|Tyranitar, L50, M|100/100\n|-ability|p1b: Tyranitar|Unnerve\n|move|p2a: Garchomp|Dragon Claw|p1a: Sneasler\n|-damage|p1a: Sneasler|24/100\n|move|p2b: Incineroar|Overheat|p1b: Tyranitar\n|-resisted|p1b: Tyranitar|1\n|-damage|p1b: Tyranitar|75/100\n|-unboost|p2b: Incineroar|spa|2\n|\n|upkeep\n|turn|5\n|\n|t:|1776456458\n|switch|p2b: Rotom|Rotom-Frost, L50|100/100\n|move|p1a: Sneasler|Fake Out|p2a: Garchomp\n|-damage|p2a: Garchomp|86/100\n|-damage|p1a: Sneasler|12/100|[from] ability: Rough Skin|[of] p2a: Garchomp\n|cant|p2a: Garchomp|flinch\n|move|p1b: Tyranitar|Rock Slide|p2a: Garchomp|[spread] p2a,p2b\n|-resisted|p2a: Garchomp|1\n|-supereffective|p2b: Rotom|1\n|-damage|p2a: Garchomp|70/100\n|-damage|p2b: Rotom|19/100\n|\n|upkeep\n|turn|6\n|inactive|Sebitaa has 30 seconds left.\n|\n|t:|1776456487\n|switch|p1a: Sinistcha|Sinistcha, L50|78/100\n|-heal|p1b: Tyranitar|99/100|[from] ability: Hospitality|[of] p1a: Sinistcha\n|move|p2b: Rotom|Electroweb|p1a: Sinistcha|[spread] p1a,p1b\n|-resisted|p1a: Sinistcha|1\n|-damage|p1a: Sinistcha|66/100\n|-damage|p1b: Tyranitar|81/100\n|-unboost|p1a: Sinistcha|spe|1\n|-unboost|p1b: Tyranitar|spe|1\n|move|p2a: Garchomp|Earthquake|p1a: Sinistcha|[spread] p1a,p1b\n|-immune|p2b: Rotom|[from] ability: Levitate\n|-resisted|p1a: Sinistcha|1\n|-supereffective|p1b: Tyranitar|1\n|-damage|p1a: Sinistcha|47/100\n|-damage|p1b: Tyranitar|10/100\n|move|p1b: Tyranitar|Rock Slide|p2a: Garchomp|[spread] p2a,p2b\n|-resisted|p2a: Garchomp|1\n|-supereffective|p2b: Rotom|1\n|-damage|p2a: Garchomp|55/100\n|-damage|p2b: Rotom|0 fnt\n|faint|p2b: Rotom\n|\n|upkeep\n|\n|t:|1776456505\n|switch|p2b: Incineroar|Incineroar, L50, F, shiny|60/100\n|-ability|p2b: Incineroar|Intimidate|boost\n|-unboost|p1a: Sinistcha|atk|1\n|-unboost|p1b: Tyranitar|atk|1\n|turn|7\n|\n|t:|1776456524\n|move|p1b: Tyranitar|Protect|p1b: Tyranitar\n|-singleturn|p1b: Tyranitar|Protect\n|move|p2b: Incineroar|Fake Out|p1b: Tyranitar\n|-activate|p1b: Tyranitar|move: Protect\n|move|p2a: Garchomp|Dragon Claw|p1a: Sinistcha\n|-damage|p1a: Sinistcha|6/100\n|move|p1a: Sinistcha|Matcha Gotcha|p2a: Garchomp|[spread] p2b\n|-miss|p1a: Sinistcha|p2a: Garchomp\n|-resisted|p2b: Incineroar|1\n|-damage|p2b: Incineroar|47/100\n|-heal|p1a: Sinistcha|16/100|[from] drain|[of] p2b: Incineroar\n|\n|upkeep\n|turn|8\n|inactive|Sebitaa has 30 seconds left.\n|inactive|Sebitaa has 20 seconds left.\n|\n|t:|1776456563\n|switch|p1b: Charizard|Charizard-Mega-X, L50, F|100/100\n|-enditem|p2b: Incineroar|Sitrus Berry|[eat]\n|-heal|p2b: Incineroar|72/100|[from] item: Sitrus Berry\n|switch|p1a: Sneasler|Sneasler, L50, M|12/100\n|move|p2a: Garchomp|Rock Slide|p1b: Charizard|[spread] p1a,p1b\n|-resisted|p1a: Sneasler|1\n|-supereffective|p1b: Charizard|1\n|-damage|p1a: Sneasler|0 fnt\n|-damage|p1b: Charizard|63/100\n|faint|p1a: Sneasler\n|move|p2b: Incineroar|Snarl|p1b: Charizard\n|-damage|p1b: Charizard|37/100\n|-unboost|p1b: Charizard|spa|1\n|\n|upkeep\n|\n|t:|1776456582\n|switch|p1a: Sinistcha|Sinistcha, L50|16/100\n|-heal|p1b: Charizard|62/100|[from] ability: Hospitality|[of] p1a: Sinistcha\n|turn|9\n|\n|t:|1776456604\n|move|p2a: Garchomp|Protect|p2a: Garchomp\n|-singleturn|p2a: Garchomp|Protect\n|move|p1a: Sinistcha|Rage Powder|p1a: Sinistcha\n|-singleturn|p1a: Sinistcha|move: Rage Powder\n|move|p1b: Charizard|Dragon Claw|p2a: Garchomp\n|-activate|p2a: Garchomp|move: Protect\n|move|p2b: Incineroar|Snarl|p1a: Sinistcha|[spread] p1a,p1b\n|-supereffective|p1a: Sinistcha|1\n|-damage|p1a: Sinistcha|0 fnt\n|-damage|p1b: Charizard|44/100\n|-unboost|p1b: Charizard|spa|1\n|faint|p1a: Sinistcha\n|\n|upkeep\n|\n|t:|1776456618\n|switch|p1a: Tyranitar|Tyranitar, L50, M|10/100\n|-ability|p1a: Tyranitar|Unnerve\n|turn|10\n|\n|t:|1776456634\n|move|p2a: Garchomp|Earthquake|p1b: Charizard|[spread] p2b,p1a,p1b\n|-supereffective|p2b: Incineroar|1\n|-supereffective|p1a: Tyranitar|1\n|-supereffective|p1b: Charizard|1\n|-damage|p2b: Incineroar|2/100\n|-damage|p1a: Tyranitar|0 fnt\n|-damage|p1b: Charizard|0 fnt\n|faint|p1a: Tyranitar\n|faint|p1b: Charizard\n|\n|win|koeman77\n|raw|Sebitaa's rating: 1102 &rarr; <strong>1073</strong><br />(-29 for losing)\n|raw|koeman77's rating: 1051 &rarr; <strong>1088</strong><br />(+37 for winning)\n",
  "uploadtime": 1776456646,
  "views": 34,
  "formatid": "gen9championsvgc2026regma",
  "rating": 1073,
  "private": 0,
  "password": null
}