{
  "id": "gen9championsvgc2026regma-2588274349",
  "format": "[Gen 9 Champions] VGC 2026 Reg M-A",
  "players": [
    "primalogrepon786",
    "Johten"
  ],
  "log": "|j|\u2606primalogrepon786\n|j|\u2606Johten\n|t:|1776620077\n|gametype|doubles\n|player|p1|primalogrepon786|hilda|1159\n|player|p2|Johten|169|1213\n|gen|9\n|tier|[Gen 9 Champions] VGC 2026 Reg M-A\n|rated|\n|rule|Species Clause: Limit one of each Pok\u00e9mon\n|rule|Item Clause: Limit 1 of each item\n|clearpoke\n|poke|p1|Gardevoir, L50, M|\n|poke|p1|Incineroar, L50, F|\n|poke|p1|Rotom-Wash, L50|\n|poke|p1|Farigiraf, L50, M|\n|poke|p1|Altaria, L50, F|\n|poke|p1|Maushold-Four, L50, shiny|\n|poke|p2|Raichu, L50, F|\n|poke|p2|Farigiraf, L50, M|\n|poke|p2|Sinistcha, L50|\n|poke|p2|Aggron, L50, F|\n|poke|p2|Gallade, L50, M|\n|poke|p2|Rotom-Heat, L50|\n|teampreview|4\n|inactive|Battle timer is ON: inactive players will automatically lose when time's up. (requested by Johten)\n|inactive|primalogrepon786 has 60 seconds left.\n|inactive|Johten has 60 seconds left.\n|inactive|primalogrepon786 has 30 seconds left.\n|inactive|primalogrepon786 has 20 seconds left.\n|inactive|primalogrepon786 has 15 seconds left.\n|inactive|primalogrepon786 has 10 seconds left.\n|inactive|primalogrepon786 has 5 seconds left.\n|\n|t:|1776620167\n|teamsize|p1|4\n|teamsize|p2|4\n|start\n|switch|p1a: Incineroar|Incineroar, L50, F|100/100\n|switch|p1b: Rotom|Rotom-Wash, L50|100/100\n|switch|p2a: Rotom|Rotom-Heat, L50|100/100\n|switch|p2b: Aggron|Aggron, L50, F|100/100\n|-ability|p1a: Incineroar|Intimidate|boost\n|-unboost|p2a: Rotom|atk|1\n|-unboost|p2b: Aggron|atk|1\n|turn|1\n|inactive|primalogrepon786 has 30 seconds left.\n|inactive|Johten has 30 seconds left.\n|\n|t:|1776620201\n|switch|p2a: Farigiraf|Farigiraf, L50, M|100/100\n|detailschange|p2b: Aggron|Aggron-Mega, L50, F\n|-mega|p2b: Aggron|Aggron|Aggronite\n|move|p1b: Rotom|Protect|p1b: Rotom\n|-singleturn|p1b: Rotom|Protect\n|move|p1a: Incineroar|Will-O-Wisp|p2b: Aggron\n|-status|p2b: Aggron|brn\n|move|p2b: Aggron|Iron Defense|p2b: Aggron\n|-boost|p2b: Aggron|def|2\n|\n|-damage|p2b: Aggron|94/100 brn|[from] brn\n|upkeep\n|turn|2\n|inactive|primalogrepon786 has 30 seconds left.\n|inactive|primalogrepon786 has 20 seconds left.\n|inactive|primalogrepon786 has 15 seconds left.\n|\n|t:|1776620243\n|move|p2a: Farigiraf|Protect|p2a: Farigiraf\n|-singleturn|p2a: Farigiraf|Protect\n|move|p1b: Rotom|Thunderbolt|p2a: Farigiraf\n|-activate|p2a: Farigiraf|move: Protect\n|move|p1a: Incineroar|Darkest Lariat|p2a: Farigiraf\n|-activate|p2a: Farigiraf|move: Protect\n|move|p2b: Aggron|Iron Defense|p2b: Aggron\n|-boost|p2b: Aggron|def|2\n|\n|-damage|p2b: Aggron|88/100 brn|[from] brn\n|upkeep\n|turn|3\n|\n|t:|1776620260\n|move|p2a: Farigiraf|Helping Hand|p2b: Aggron\n|-singleturn|p2b: Aggron|Helping Hand|[of] p2a: Farigiraf\n|move|p1b: Rotom|Thunderbolt|p2a: Farigiraf\n|-damage|p2a: Farigiraf|58/100\n|-status|p2a: Farigiraf|par\n|move|p1a: Incineroar|Darkest Lariat|p2a: Farigiraf\n|-supereffective|p2a: Farigiraf|1\n|-crit|p2a: Farigiraf\n|-damage|p2a: Farigiraf|0 fnt\n|faint|p2a: Farigiraf\n|move|p2b: Aggron|Body Press|p1a: Incineroar\n|-supereffective|p1a: Incineroar|1\n|-damage|p1a: Incineroar|0 fnt\n|faint|p1a: Incineroar\n|\n|-damage|p2b: Aggron|82/100 brn|[from] brn\n|upkeep\n|\n|t:|1776620281\n|switch|p1a: Gardevoir|Gardevoir, L50, M|100/100\n|switch|p2a: Rotom|Rotom-Heat, L50|100/100\n|turn|4\n|\n|t:|1776620294\n|detailschange|p1a: Gardevoir|Gardevoir-Mega, L50, M\n|-mega|p1a: Gardevoir|Gardevoir|Gardevoirite\n|move|p2b: Aggron|Protect|p2b: Aggron\n|-singleturn|p2b: Aggron|Protect\n|move|p2a: Rotom|Volt Switch|p1b: Rotom\n|-damage|p1b: Rotom|65/100\n|\n|t:|1776620300\n|switch|p2a: Sinistcha|Sinistcha, L50|100/100|[from] Volt Switch\n|-heal|p2b: Aggron|100/100 brn|[from] ability: Hospitality|[of] p2a: Sinistcha\n|move|p1a: Gardevoir|Psychic|p2b: Aggron\n|-activate|p2b: Aggron|move: Protect\n|move|p1b: Rotom|Thunderbolt|p2b: Aggron\n|-activate|p2b: Aggron|move: Protect\n|\n|-damage|p2b: Aggron|94/100 brn|[from] brn\n|upkeep\n|turn|5\n|inactive|primalogrepon786 has 30 seconds left.\n|\n|t:|1776620329\n|move|p1a: Gardevoir|Protect|p1a: Gardevoir\n|-singleturn|p1a: Gardevoir|Protect\n|move|p2a: Sinistcha|Rage Powder|p2a: Sinistcha\n|-singleturn|p2a: Sinistcha|move: Rage Powder\n|move|p1b: Rotom|Thunderbolt|p2a: Sinistcha\n|-resisted|p2a: Sinistcha|1\n|-damage|p2a: Sinistcha|76/100\n|move|p2b: Aggron|Heavy Slam|p1a: Gardevoir\n|-activate|p1a: Gardevoir|move: Protect\n|\n|-heal|p2a: Sinistcha|82/100|[from] item: Leftovers\n|-damage|p2b: Aggron|88/100 brn|[from] brn\n|upkeep\n|turn|6\n|\n|t:|1776620347\n|switch|p1a: Farigiraf|Farigiraf, L50, M|100/100\n|switch|p2a: Rotom|Rotom-Heat, L50|100/100\n|move|p2b: Aggron|Protect|p2b: Aggron\n|-singleturn|p2b: Aggron|Protect\n|move|p1b: Rotom|Electroweb|p2a: Rotom|[spread] p2a\n|-activate|p2b: Aggron|move: Protect\n|-resisted|p2a: Rotom|1\n|-damage|p2a: Rotom|86/100\n|-unboost|p2a: Rotom|spe|1\n|\n|-damage|p2b: Aggron|82/100 brn|[from] brn\n|upkeep\n|turn|7\n|\n|t:|1776620370\n|move|p1a: Farigiraf|Helping Hand|p1b: Rotom\n|-singleturn|p1b: Rotom|Helping Hand|[of] p1a: Farigiraf\n|move|p2a: Rotom|Trick|p1a: Farigiraf\n|-activate|p2a: Rotom|move: Trick|[of] p1a: Farigiraf\n|-item|p1a: Farigiraf|Choice Scarf|[from] move: Trick\n|-item|p2a: Rotom|Twisted Spoon|[from] move: Trick\n|move|p1b: Rotom|Electroweb|p2a: Rotom|[spread] p2a,p2b\n|-resisted|p2a: Rotom|1\n|-crit|p2a: Rotom\n|-damage|p2a: Rotom|50/100\n|-damage|p2b: Aggron|41/100 brn\n|-unboost|p2a: Rotom|spe|1\n|-unboost|p2b: Aggron|spe|1\n|move|p2b: Aggron|Body Press|p1b: Rotom\n|-crit|p1b: Rotom\n|-damage|p1b: Rotom|0 fnt\n|faint|p1b: Rotom\n|\n|-damage|p2b: Aggron|35/100 brn|[from] brn\n|upkeep\n|\n|t:|1776620388\n|switch|p1b: Gardevoir|Gardevoir-Mega, L50, M|100/100\n|turn|8\n|\n|t:|1776620398\n|switch|p2a: Sinistcha|Sinistcha, L50|82/100\n|-heal|p2b: Aggron|60/100 brn|[from] ability: Hospitality|[of] p2a: Sinistcha\n|move|p1a: Farigiraf|Helping Hand|p1b: Gardevoir\n|-singleturn|p1b: Gardevoir|Helping Hand|[of] p1a: Farigiraf\n|move|p2b: Aggron|Protect|p2b: Aggron\n|-singleturn|p2b: Aggron|Protect\n|move|p1b: Gardevoir|Hyper Voice|p2a: Sinistcha|[spread] p2a\n|-activate|p2b: Aggron|move: Protect\n|-damage|p2a: Sinistcha|0 fnt\n|faint|p2a: Sinistcha\n|\n|-damage|p2b: Aggron|54/100 brn|[from] brn\n|upkeep\n|\n|t:|1776620411\n|switch|p2a: Rotom|Rotom-Heat, L50|50/100\n|turn|9\n|inactive|Johten has 30 seconds left.\n|\n|t:|1776620439\n|move|p1a: Farigiraf|Helping Hand|p1b: Gardevoir\n|-singleturn|p1b: Gardevoir|Helping Hand|[of] p1a: Farigiraf\n|move|p2a: Rotom|Overheat|p1b: Gardevoir\n|-damage|p1b: Gardevoir|47/100\n|-unboost|p2a: Rotom|spa|2\n|move|p1b: Gardevoir|Hyper Voice|p2a: Rotom|[spread] p2a,p2b\n|-resisted|p2a: Rotom|1\n|-resisted|p2b: Aggron|1\n|-damage|p2a: Rotom|0 fnt\n|-damage|p2b: Aggron|8/100 brn\n|faint|p2a: Rotom\n|move|p2b: Aggron|Heavy Slam|p1b: Gardevoir\n|-supereffective|p1b: Gardevoir|1\n|-damage|p1b: Gardevoir|0 fnt\n|faint|p1b: Gardevoir\n|\n|-damage|p2b: Aggron|2/100 brn|[from] brn\n|upkeep\n|turn|10\n|\n|t:|1776620461\n|move|p1a: Farigiraf|Helping Hand|p1: Gardevoir|[notarget]\n|-fail|p1a: Farigiraf\n|move|p2b: Aggron|Body Press|p1a: Farigiraf\n|-damage|p1a: Farigiraf|45/100\n|\n|-damage|p2b: Aggron|0 fnt|[from] brn\n|faint|p2b: Aggron\n|\n|win|primalogrepon786\n|raw|primalogrepon786's rating: 1159 &rarr; <strong>1188</strong><br />(+29 for winning)\n|raw|Johten's rating: 1213 &rarr; <strong>1184</strong><br />(-29 for losing)\n|c|\u2606Johten|gg\n|l|\u2606primalogrepon786\n|player|p1|\n",
  "uploadtime": 1776620472,
  "views": 9,
  "formatid": "gen9championsvgc2026regma",
  "rating": 1184,
  "private": 0,
  "password": null
}