{
  "id": "gen9championsvgc2026regma-2580694088",
  "format": "[Gen 9 Champions] VGC 2026 Reg M-A",
  "players": [
    "Catyreiji",
    "0glaceon0"
  ],
  "log": "|j|\u2606Catyreiji\n|j|\u26060glaceon0\n|t:|1775924850\n|gametype|doubles\n|player|p1|Catyreiji|shauntal|1099\n|player|p2|0glaceon0|170|1085\n|gen|9\n|tier|[Gen 9 Champions] VGC 2026 Reg M-A\n|rated|\n|rule|Species Clause: Limit one of each Pok\u00e9mon\n|rule|Item Clause: Limit 1 of each item\n|clearpoke\n|poke|p1|Absol, L50, F|\n|poke|p1|Beartic, L50, M|\n|poke|p1|Sneasler, L50, M|\n|poke|p1|Aegislash, L50, M|\n|poke|p1|Corviknight, L50, F|\n|poke|p1|Froslass, L50, F|\n|poke|p2|Hawlucha, L50, M|\n|poke|p2|Froslass, L50, F|\n|poke|p2|Gallade, L50, M|\n|poke|p2|Excadrill, L50, M|\n|poke|p2|Tyranitar, L50, F|\n|poke|p2|Sinistcha, L50|\n|teampreview|4\nCatyreiji rejected open team sheets.\n|\n|t:|1775924914\n|teamsize|p1|4\n|teamsize|p2|4\n|start\n|switch|p1a: Aurora|Froslass, L50, F, shiny|100/100\n|switch|p1b: Clawdia|Sneasler, L50, M|100/100\n|switch|p2a: Excadrill|Excadrill, L50, M|100/100\n|switch|p2b: Hawlucha|Hawlucha, L50, M|100/100\n|turn|1\n|\n|t:|1775924947\n|detailschange|p1a: Aurora|Froslass-Mega, L50, F, shiny\n|-mega|p1a: Aurora|Froslass|Froslassite\n|-weather|Snowscape|[from] ability: Snow Warning|[of] p1a: Aurora\n|move|p1b: Clawdia|Fake Out|p2a: Excadrill\n|-resisted|p2a: Excadrill|1\n|-damage|p2a: Excadrill|90/100\n|move|p1a: Aurora|Aurora Veil|p1a: Aurora\n|-sidestart|p1: Catyreiji|move: Aurora Veil\n|move|p2b: Hawlucha|Brave Bird|p1b: Clawdia\n|-supereffective|p1b: Clawdia|1\n|-enditem|p1b: Clawdia|Focus Sash\n|-damage|p1b: Clawdia|1/100\n|-damage|p2b: Hawlucha|68/100|[from] Recoil\n|cant|p2a: Excadrill|flinch\n|\n|-weather|Snowscape|[upkeep]\n|upkeep\n|turn|2\n|\n|t:|1775924977\n|switch|p2b: Tyranitar|Tyranitar, L50, F|100/100\n|-weather|Sandstorm|[from] ability: Sand Stream|[of] p2b: Tyranitar\n|move|p2a: Excadrill|Protect|p2a: Excadrill\n|-singleturn|p2a: Excadrill|Protect\n|move|p1b: Clawdia|Close Combat|p2a: Excadrill\n|-activate|p2a: Excadrill|move: Protect\n|move|p1a: Aurora|Blizzard|p2a: Excadrill|[spread] \n|-activate|p2a: Excadrill|move: Protect\n|-miss|p1a: Aurora|p2b: Tyranitar\n|\n|-weather|Sandstorm|[upkeep]\n|-damage|p1b: Clawdia|0 fnt|[from] Sandstorm\n|-damage|p1a: Aurora|94/100|[from] Sandstorm\n|faint|p1b: Clawdia\n|upkeep\n|\n|t:|1775924993\n|switch|p1b: Nevermore|Corviknight, L50, F|100/100\n|turn|3\n|\n|t:|1775925014\n|move|p1a: Aurora|Protect|p1a: Aurora\n|-singleturn|p1a: Aurora|Protect\n|move|p2a: Excadrill|Iron Head|p1a: Aurora\n|-activate|p1a: Aurora|move: Protect\n|move|p1b: Nevermore|Iron Defense|p1b: Nevermore\n|-boost|p1b: Nevermore|def|2\n|move|p2b: Tyranitar|Rock Slide|p1b: Nevermore|[spread] \n|-activate|p1a: Aurora|move: Protect\n|-miss|p2b: Tyranitar|p1b: Nevermore\n|\n|-weather|Sandstorm|[upkeep]\n|-damage|p1a: Aurora|88/100|[from] Sandstorm\n|upkeep\n|turn|4\n|\n|t:|1775925038\n|switch|p1a: Durandal|Aegislash, L50, M|100/100\n|switch|p2b: Hawlucha|Hawlucha, L50, M|68/100\n|move|p2a: Excadrill|Protect|p2a: Excadrill\n|-singleturn|p2a: Excadrill|Protect\n|move|p1b: Nevermore|Body Press|p2b: Hawlucha\n|-resisted|p2b: Hawlucha|1\n|-damage|p2b: Hawlucha|35/100\n|\n|-weather|Sandstorm|[upkeep]\n|-damage|p2b: Hawlucha|29/100|[from] Sandstorm\n|upkeep\n|turn|5\n|\n|t:|1775925054\n|detailschange|p2b: Hawlucha|Hawlucha-Mega, L50, M\n|-mega|p2b: Hawlucha|Hawlucha|Hawluchanite\n|move|p1b: Nevermore|Protect|p1b: Nevermore\n|-singleturn|p1b: Nevermore|Protect\n|move|p2a: Excadrill|Horn Drill|p1b: Nevermore\n|-activate|p1b: Nevermore|move: Protect\n|move|p2b: Hawlucha|Entrainment|p2a: Excadrill\n|-ability|p2a: Excadrill|No Guard|Sand Rush|[from] move: Entrainment|[of] p2b: Hawlucha\n|-formechange|p1a: Durandal|Aegislash-Blade|\n|move|p1a: Durandal|Sacred Sword|p2a: Excadrill\n|-supereffective|p2a: Excadrill|1\n|-damage|p2a: Excadrill|0 fnt\n|faint|p2a: Excadrill\n|\n|-weather|Sandstorm|[upkeep]\n|-damage|p2b: Hawlucha|23/100|[from] Sandstorm\n|-sideend|p1: Catyreiji|move: Aurora Veil\n|upkeep\n|\n|t:|1775925067\n|switch|p2a: Sinistcha|Sinistcha, L50|100/100\n|-heal|p2b: Hawlucha|48/100|[from] ability: Hospitality|[of] p2a: Sinistcha\n|turn|6\n|\n|t:|1775925088\n|-formechange|p1a: Durandal|Aegislash|\n|move|p1a: Durandal|King's Shield|p1a: Durandal\n|-singleturn|p1a: Durandal|Protect\n|move|p2b: Hawlucha|Entrainment||[still]\n|-fail|p2b: Hawlucha\n|move|p2a: Sinistcha|Matcha Gotcha|p1a: Durandal|[spread] p1b\n|-activate|p1a: Durandal|move: Protect\n|-resisted|p1b: Nevermore|2\n|-damage|p1b: Nevermore|95/100\n|move|p1b: Nevermore|Body Press|p2b: Hawlucha\n|-resisted|p2b: Hawlucha|1\n|-damage|p2b: Hawlucha|18/100\n|\n|-weather|none\n|-heal|p1b: Nevermore|100/100|[from] item: Leftovers\n|upkeep\n|turn|7\n|\n|t:|1775925108\n|move|p1b: Nevermore|Protect|p1b: Nevermore\n|-singleturn|p1b: Nevermore|Protect\n|move|p2a: Sinistcha|Rage Powder|p2a: Sinistcha\n|-singleturn|p2a: Sinistcha|move: Rage Powder\n|move|p2b: Hawlucha|Encore|p1a: Durandal\n|-start|p1a: Durandal|Encore\n|move|p1a: Durandal|King's Shield||[still]\n|-fail|p1a: Durandal\n|\n|upkeep\n|turn|8\n|\n|t:|1775925124\n|switch|p1a: Aurora|Froslass-Mega, L50, F, shiny|88/100\n|-weather|Snowscape|[from] ability: Snow Warning|[of] p1a: Aurora\n|move|p2a: Sinistcha|Rage Powder|p2a: Sinistcha\n|-singleturn|p2a: Sinistcha|move: Rage Powder\n|move|p2b: Hawlucha|Cross Chop|p1b: Nevermore\n|-crit|p1b: Nevermore\n|-damage|p1b: Nevermore|40/100\n|move|p1b: Nevermore|Body Press|p2a: Sinistcha\n|-immune|p2a: Sinistcha\n|\n|-weather|Snowscape|[upkeep]\n|-heal|p1b: Nevermore|46/100|[from] item: Leftovers\n|upkeep\n|turn|9\n|\n|t:|1775925146\n|switch|p2b: Tyranitar|Tyranitar, L50, F|100/100\n|-weather|Sandstorm|[from] ability: Sand Stream|[of] p2b: Tyranitar\n|move|p1b: Nevermore|Protect|p1b: Nevermore\n|-singleturn|p1b: Nevermore|Protect\n|move|p1a: Aurora|Shadow Ball|p2a: Sinistcha\n|-supereffective|p2a: Sinistcha|1\n|-damage|p2a: Sinistcha|12/100\n|-enditem|p2a: Sinistcha|Sitrus Berry|[eat]\n|-heal|p2a: Sinistcha|37/100|[from] item: Sitrus Berry\n|move|p2a: Sinistcha|Matcha Gotcha|p1a: Aurora|[spread] p1a\n|-activate|p1b: Nevermore|move: Protect\n|-damage|p1a: Aurora|56/100\n|-heal|p2a: Sinistcha|50/100|[from] drain|[of] p1a: Aurora\n|\n|-weather|Sandstorm|[upkeep]\n|-damage|p1a: Aurora|50/100|[from] Sandstorm\n|-damage|p2a: Sinistcha|44/100|[from] Sandstorm\n|-heal|p1b: Nevermore|51/100|[from] item: Leftovers\n|upkeep\n|turn|10\n|\n|t:|1775925179\n|move|p1a: Aurora|Protect|p1a: Aurora\n|-singleturn|p1a: Aurora|Protect\n|move|p2a: Sinistcha|Rage Powder|p2a: Sinistcha\n|-singleturn|p2a: Sinistcha|move: Rage Powder\n|move|p1b: Nevermore|Roost|p1b: Nevermore\n|-heal|p1b: Nevermore|100/100\n|-singleturn|p1b: Nevermore|move: Roost\n|move|p2b: Tyranitar|Knock Off|p1a: Aurora\n|-activate|p1a: Aurora|move: Protect\n|\n|-weather|Sandstorm|[upkeep]\n|-damage|p1a: Aurora|44/100|[from] Sandstorm\n|-damage|p2a: Sinistcha|38/100|[from] Sandstorm\n|upkeep\n|turn|11\n|\n|t:|1775925198\n|switch|p1a: Durandal|Aegislash, L50, M|100/100\n|move|p2a: Sinistcha|Rage Powder|p2a: Sinistcha\n|-singleturn|p2a: Sinistcha|move: Rage Powder\n|move|p1b: Nevermore|Body Press|p2a: Sinistcha\n|-immune|p2a: Sinistcha\n|move|p2b: Tyranitar|Knock Off|p1a: Durandal\n|-supereffective|p1a: Durandal|1\n|-damage|p1a: Durandal|0 fnt\n|-enditem|p1a: Durandal|Sitrus Berry|[from] move: Knock Off|[of] p2b: Tyranitar\n|faint|p1a: Durandal\n|\n|-weather|Sandstorm|[upkeep]\n|-damage|p2a: Sinistcha|32/100|[from] Sandstorm\n|upkeep\n|\n|t:|1775925210\n|switch|p1a: Aurora|Froslass-Mega, L50, F, shiny|44/100\n|-weather|Snowscape|[from] ability: Snow Warning|[of] p1a: Aurora\n|turn|12\n|\n|t:|1775925231\n|move|p1a: Aurora|Blizzard|p2a: Sinistcha|[spread] p2a,p2b\n|-supereffective|p2a: Sinistcha|1\n|-damage|p2a: Sinistcha|0 fnt\n|-damage|p2b: Tyranitar|63/100\n|faint|p2a: Sinistcha\n|move|p1b: Nevermore|Iron Defense|p1b: Nevermore\n|-boost|p1b: Nevermore|def|2\n|move|p2b: Tyranitar|Rock Slide|p1b: Nevermore|[spread] p1a,p1b\n|-supereffective|p1a: Aurora|1\n|-damage|p1a: Aurora|0 fnt\n|-damage|p1b: Nevermore|94/100\n|faint|p1a: Aurora\n|\n|-weather|Snowscape|[upkeep]\n|-heal|p1b: Nevermore|99/100|[from] item: Leftovers\n|upkeep\n|\n|t:|1775925244\n|switch|p2a: Hawlucha|Hawlucha-Mega, L50, M|18/100\n|turn|13\n|\n|t:|1775925251\n|move|p1b: Nevermore|Protect|p1b: Nevermore\n|-singleturn|p1b: Nevermore|Protect\n|move|p2a: Hawlucha|Encore|p1b: Nevermore\n|-activate|p1b: Nevermore|move: Protect\n|move|p2b: Tyranitar|Icy Wind|p1b: Nevermore\n|-activate|p1b: Nevermore|move: Protect\n|\n|-weather|Snowscape|[upkeep]\n|-heal|p1b: Nevermore|100/100|[from] item: Leftovers\n|upkeep\n|turn|14\n|\n|t:|1775925260\n|move|p2a: Hawlucha|Encore|p1b: Nevermore\n|-start|p1b: Nevermore|Encore\n|move|p1b: Nevermore|Protect|p1b: Nevermore\n|-singleturn|p1b: Nevermore|Protect\n|move|p2b: Tyranitar|Icy Wind|p1b: Nevermore\n|-activate|p1b: Nevermore|move: Protect\n|\n|-weather|Snowscape|[upkeep]\n|upkeep\n|turn|15\n|\n|t:|1775925272\n|move|p1b: Nevermore|Protect|p1b: Nevermore\n|-singleturn|p1b: Nevermore|Protect\n|move|p2a: Hawlucha|Cross Chop|p1b: Nevermore\n|-activate|p1b: Nevermore|move: Protect\n|move|p2b: Tyranitar|Knock Off|p1b: Nevermore\n|-activate|p1b: Nevermore|move: Protect\n|\n|-weather|Snowscape|[upkeep]\n|upkeep\n|turn|16\n|\n|t:|1775925281\n|move|p1b: Nevermore|Protect||[still]\n|-fail|p1b: Nevermore\n|move|p2a: Hawlucha|Cross Chop|p1b: Nevermore\n|-damage|p1b: Nevermore|86/100\n|move|p2b: Tyranitar|Knock Off|p1b: Nevermore\n|-damage|p1b: Nevermore|72/100\n|-enditem|p1b: Nevermore|Leftovers|[from] move: Knock Off|[of] p2b: Tyranitar\n|\n|-weather|none\n|-end|p1b: Nevermore|Encore\n|upkeep\n|turn|17\n|\n|t:|1775925294\n|move|p2a: Hawlucha|Encore|p1b: Nevermore\n|-start|p1b: Nevermore|Encore\n|move|p1b: Nevermore|Protect|p1b: Nevermore\n|-singleturn|p1b: Nevermore|Protect\n|move|p2b: Tyranitar|Knock Off|p1b: Nevermore\n|-activate|p1b: Nevermore|move: Protect\n|\n|-end|p1b: Nevermore|Encore\n|upkeep\n|turn|18\n|\n|t:|1775925305\n|move|p2a: Hawlucha|Encore||[still]\n|-fail|p2a: Hawlucha\n|move|p1b: Nevermore|Body Press|p2b: Tyranitar\n|-supereffective|p2b: Tyranitar|2\n|-damage|p2b: Tyranitar|0 fnt\n|faint|p2b: Tyranitar\n|\n|upkeep\n|turn|19\n|\n|t:|1775925322\n|move|p2a: Hawlucha|Cross Chop|p1b: Nevermore\n|-damage|p1b: Nevermore|58/100\n|move|p1b: Nevermore|Body Press|p2a: Hawlucha\n|-resisted|p2a: Hawlucha|1\n|-damage|p2a: Hawlucha|0 fnt\n|faint|p2a: Hawlucha\n|\n|win|Catyreiji\n|raw|Catyreiji's rating: 1099 &rarr; <strong>1123</strong><br />(+24 for winning)\n|raw|0glaceon0's rating: 1085 &rarr; <strong>1063</strong><br />(-22 for losing)\n",
  "uploadtime": 1775925332,
  "views": 35,
  "formatid": "gen9championsvgc2026regma",
  "rating": 1063,
  "private": 0,
  "password": null
}