{
  "id": "gen9championsvgc2026regma-2585783666",
  "format": "[Gen 9 Champions] VGC 2026 Reg M-A",
  "players": [
    "Phillip Blevin",
    "StallWork"
  ],
  "log": "|j|\u2606Phillip Blevin\n|j|\u2606StallWork\n|t:|1776370353\n|gametype|doubles\n|player|p1|Phillip Blevin|cynthia-masters4|1210\n|player|p2|StallWork|firebreather|1145\n|gen|9\n|tier|[Gen 9 Champions] VGC 2026 Reg M-A\n|rated|\n|rule|Species Clause: Limit one of each Pok\u00e9mon\n|rule|Item Clause: Limit 1 of each item\n|clearpoke\n|poke|p1|Whimsicott, L50, M|\n|poke|p1|Corviknight, L50, F|\n|poke|p1|Garchomp, L50, F|\n|poke|p1|Arcanine-Hisui, L50, M|\n|poke|p1|Froslass, L50, F|\n|poke|p1|Rotom-Wash, L50|\n|poke|p2|Floette-Eternal, L50, F|\n|poke|p2|Aerodactyl, L50, F|\n|poke|p2|Garchomp, L50, M|\n|poke|p2|Incineroar, L50, M|\n|poke|p2|Oranguru, L50, M|\n|poke|p2|Clawitzer, L50, F|\n|teampreview|4\n|inactive|Battle timer is ON: inactive players will automatically lose when time's up. (requested by Phillip Blevin)\nPhillip Blevin has agreed to open team sheets.\n|\n|t:|1776370382\n|teamsize|p1|4\n|teamsize|p2|4\n|start\n|switch|p1a: Garchomp|Garchomp, L50, F|100/100\n|switch|p1b: Rotom|Rotom-Wash, L50|100/100\n|switch|p2a: Oranguru|Oranguru, L50, M|100/100\n|switch|p2b: Incineroar|Incineroar, L50, M|100/100\n|-ability|p2b: Incineroar|Intimidate|boost\n|-unboost|p1a: Garchomp|atk|1\n|-unboost|p1b: Rotom|atk|1\n|turn|1\n|inactive|StallWork has 30 seconds left.\n|\n|t:|1776370409\n|move|p2b: Incineroar|Fake Out|p1b: Rotom\n|-damage|p1b: Rotom|88/100\n|cant|p1b: Rotom|flinch\n|move|p1a: Garchomp|Earthquake|p2a: Oranguru|[spread] p2a,p2b\n|-immune|p1b: Rotom|[from] ability: Levitate\n|-supereffective|p2b: Incineroar|1\n|-damage|p2a: Oranguru|74/100\n|-damage|p2b: Incineroar|53/100\n|move|p2a: Oranguru|Chilling Water|p1a: Garchomp\n|-damage|p1a: Garchomp|87/100\n|-unboost|p1a: Garchomp|atk|1\n|\n|upkeep\n|turn|2\n|\n|t:|1776370419\n|switch|p1a: Corviknight|Corviknight, L50, F|100/100\n|move|p1b: Rotom|Trick|p2a: Oranguru\n|-activate|p1b: Rotom|move: Trick|[of] p2a: Oranguru\n|-item|p2a: Oranguru|Choice Scarf|[from] move: Trick\n|-item|p1b: Rotom|Mental Herb|[from] move: Trick\n|move|p2b: Incineroar|Parting Shot|p1a: Corviknight\n|-ability|p1a: Corviknight|Mirror Armor\n|-unboost|p2b: Incineroar|atk|1\n|-ability|p1a: Corviknight|Mirror Armor\n|-unboost|p2b: Incineroar|spa|1\n|\n|t:|1776370423\n|switch|p2b: Clawitzer|Clawitzer, L50, F|100/100|[from] Parting Shot\n|move|p2a: Oranguru|Trick Room|p2a: Oranguru\n|-fieldstart|move: Trick Room|[of] p2a: Oranguru\n|\n|upkeep\n|turn|3\n|\n|t:|1776370439\n|switch|p2a: Garchomp|Garchomp, L50, M|100/100\n|move|p2b: Clawitzer|Muddy Water|p1a: Corviknight|[spread] p1b\n|-miss|p2b: Clawitzer|p1a: Corviknight\n|-resisted|p1b: Rotom|1\n|-damage|p1b: Rotom|67/100\n|-unboost|p1b: Rotom|accuracy|1\n|move|p1a: Corviknight|Roost||[still]\n|-fail|p1a: Corviknight|heal\n|move|p1b: Rotom|Volt Switch|p2b: Clawitzer|[miss]\n|-miss|p1b: Rotom|p2b: Clawitzer\n|\n|upkeep\n|turn|4\n|\n|t:|1776370455\n|move|p2b: Clawitzer|Muddy Water|p1a: Corviknight|[spread] p1a,p1b\n|-resisted|p1b: Rotom|1\n|-damage|p1a: Corviknight|64/100\n|-damage|p1b: Rotom|46/100\n|-unboost|p1b: Rotom|accuracy|1\n|move|p1a: Corviknight|Bulk Up|p1a: Corviknight\n|-boost|p1a: Corviknight|atk|1\n|-boost|p1a: Corviknight|def|1\n|move|p2a: Garchomp|Rock Slide|p1b: Rotom|[spread] p1a,p1b\n|-damage|p1a: Corviknight|55/100\n|-damage|p1b: Rotom|23/100\n|move|p1b: Rotom|Volt Switch|p2b: Clawitzer\n|-supereffective|p2b: Clawitzer|1\n|-damage|p2b: Clawitzer|43/100\n|\n|t:|1776370465\n|switch|p1b: Garchomp|Garchomp, L50, F|87/100|[from] Volt Switch\n|\n|-heal|p1a: Corviknight|60/100|[from] item: Leftovers\n|upkeep\n|turn|5\n|\n|t:|1776370470\n|move|p2a: Garchomp|Protect|p2a: Garchomp\n|-singleturn|p2a: Garchomp|Protect\n|move|p1b: Garchomp|Protect|p1b: Garchomp\n|-singleturn|p1b: Garchomp|Protect\n|move|p2b: Clawitzer|Muddy Water|p1b: Garchomp|[spread] p1a\n|-activate|p1b: Garchomp|move: Protect\n|-damage|p1a: Corviknight|23/100\n|move|p1a: Corviknight|Roost|p1a: Corviknight\n|-heal|p1a: Corviknight|74/100\n|-singleturn|p1a: Corviknight|move: Roost\n|\n|-heal|p1a: Corviknight|80/100|[from] item: Leftovers\n|upkeep\n|turn|6\n|\n|t:|1776370487\n|switch|p1b: Rotom|Rotom-Wash, L50|23/100\n|move|p2b: Clawitzer|Muddy Water|p1a: Corviknight|[spread] p1a,p1b\n|-resisted|p1b: Rotom|1\n|-damage|p1a: Corviknight|41/100\n|-damage|p1b: Rotom|2/100\n|-ability|p1a: Corviknight|Mirror Armor\n|-unboost|p2b: Clawitzer|accuracy|1\n|move|p1a: Corviknight|Bulk Up|p1a: Corviknight\n|-boost|p1a: Corviknight|atk|1\n|-boost|p1a: Corviknight|def|1\n|move|p2a: Garchomp|Dragon Tail|p1a: Corviknight\n|-resisted|p1a: Corviknight|1\n|-damage|p1a: Corviknight|36/100\n|drag|p1a: Froslass|Froslass, L50, F|100/100\n|\n|-fieldend|move: Trick Room\n|upkeep\n|turn|7\n|inactive|StallWork has 30 seconds left.\n|\n|t:|1776370514\n|detailschange|p1a: Froslass|Froslass-Mega, L50, F\n|-mega|p1a: Froslass|Froslass|Froslassite\n|-weather|Snowscape|[from] ability: Snow Warning|[of] p1a: Froslass\n|move|p2b: Clawitzer|Protect|p2b: Clawitzer\n|-singleturn|p2b: Clawitzer|Protect\n|move|p1a: Froslass|Blizzard|p2a: Garchomp|[spread] p2a\n|-activate|p2b: Clawitzer|move: Protect\n|-supereffective|p2a: Garchomp|2\n|-damage|p2a: Garchomp|0 fnt\n|faint|p2a: Garchomp\n|move|p1b: Rotom|Volt Switch|p2b: Clawitzer\n|-activate|p2b: Clawitzer|move: Protect\n|\n|-weather|Snowscape|[upkeep]\n|upkeep\n|\n|t:|1776370518\n|switch|p2a: Incineroar|Incineroar, L50, M|53/100\n|-ability|p2a: Incineroar|Intimidate|boost\n|-unboost|p1a: Froslass|atk|1\n|-unboost|p1b: Rotom|atk|1\n|turn|8\n|\n|t:|1776370527\n|move|p1a: Froslass|Blizzard|p2a: Incineroar|[spread] p2a,p2b\n|-resisted|p2a: Incineroar|1\n|-resisted|p2b: Clawitzer|1\n|-damage|p2a: Incineroar|35/100\n|-damage|p2b: Clawitzer|17/100\n|move|p1b: Rotom|Electroweb|p2b: Clawitzer|[spread] p2a,p2b\n|-supereffective|p2b: Clawitzer|1\n|-damage|p2a: Incineroar|23/100\n|-damage|p2b: Clawitzer|0 fnt\n|-unboost|p2a: Incineroar|spe|1\n|faint|p2b: Clawitzer\n|move|p2a: Incineroar|Flare Blitz|p1a: Froslass\n|-supereffective|p1a: Froslass|1\n|-damage|p1a: Froslass|0 fnt\n|faint|p1a: Froslass\n|-damage|p2a: Incineroar|0 fnt|[from] Recoil\n|faint|p2a: Incineroar\n|\n|-weather|Snowscape|[upkeep]\n|upkeep\n|-message|StallWork forfeited.\n|\n|win|Phillip Blevin\n|raw|Phillip Blevin's rating: 1210 &rarr; <strong>1230</strong><br />(+20 for winning)\n|raw|StallWork's rating: 1145 &rarr; <strong>1125</strong><br />(-20 for losing)\n",
  "uploadtime": 1776370541,
  "views": 17,
  "formatid": "gen9championsvgc2026regma",
  "rating": 1125,
  "private": 0,
  "password": null
}