{
  "id": "gen9championsvgc2026regma-2582071997",
  "format": "[Gen 9 Champions] VGC 2026 Reg M-A",
  "players": [
    "olho do corvo",
    "ChewieeVGC"
  ],
  "log": "|j|\u2606olho do corvo\n|j|\u2606ChewieeVGC\n|t:|1776054407\n|gametype|doubles\n|player|p1|olho do corvo|n|1009\n|player|p2|ChewieeVGC|101|1000\n|gen|9\n|tier|[Gen 9 Champions] VGC 2026 Reg M-A\n|rated|\n|rule|Species Clause: Limit one of each Pok\u00e9mon\n|rule|Item Clause: Limit 1 of each item\n|clearpoke\n|poke|p1|Greninja-*, L50, F|\n|poke|p1|Pelipper, L50, F|\n|poke|p1|Aggron, L50, F|\n|poke|p1|Sneasler, L50, F|\n|poke|p1|Farigiraf, L50, M|\n|poke|p1|Kingambit, L50, F|\n|poke|p2|Arcanine-Hisui, L50, F|\n|poke|p2|Palafin, L50, F|\n|poke|p2|Glalie, L50, F|\n|poke|p2|Sinistcha-Masterpiece, L50|\n|poke|p2|Volcarona, L50, M|\n|poke|p2|Mimikyu, L50, F|\n|teampreview|4\n|inactive|Battle timer is ON: inactive players will automatically lose when time's up. (requested by olho do corvo)\n|inactive|olho do corvo has 60 seconds left.\n|\n|t:|1776054453\n|teamsize|p1|4\n|teamsize|p2|4\n|start\n|switch|p1a: Farigiraf|Farigiraf, L50, M|100/100\n|switch|p1b: Kingambit|Kingambit, L50, F|100/100\n|switch|p2a: Palafin|Palafin, L50, F|100/100\n|switch|p2b: Glalie|Glalie, L50, F|100/100\n|turn|1\n|\n|t:|1776054475\n|detailschange|p2b: Glalie|Glalie-Mega, L50, F\n|-mega|p2b: Glalie|Glalie|Glalitite\n|move|p2a: Palafin|Flip Turn|p1a: Farigiraf\n|-damage|p1a: Farigiraf|73/100\n|\n|t:|1776054480\n|detailschange|p2a: Palafin|Palafin-Hero, L50, F\n|switch|p2a: Mimikyu|Mimikyu, L50, F|100/100|[from] Flip Turn\n|move|p2b: Glalie|Explosion|p1b: Kingambit|[spread] p2a,p1a,p1b\n|-resisted|p1b: Kingambit|1\n|-activate|p2a: Mimikyu|ability: Disguise\n|-damage|p2a: Mimikyu|100/100\n|-damage|p1a: Farigiraf|0 fnt\n|-damage|p1b: Kingambit|59/100\n|detailschange|p2a: Mimikyu|Mimikyu-Busted, L50, F\n|-damage|p2a: Mimikyu|88/100|[from] pokemon: Mimikyu-Busted\n|faint|p2b: Glalie\n|faint|p1a: Farigiraf\n|move|p1b: Kingambit|Iron Head|p2a: Mimikyu\n|-supereffective|p2a: Mimikyu|1\n|-damage|p2a: Mimikyu|0 fnt\n|faint|p2a: Mimikyu\n|\n|upkeep\n|\n|t:|1776054497\n|switch|p2b: Sinistcha|Sinistcha-Masterpiece, L50|100/100\n|switch|p2a: Palafin|Palafin-Hero, L50, F|100/100\n|switch|p1a: Greninja|Greninja, L50, F|100/100\n|-activate|p2a: Palafin|ability: Zero to Hero\n|turn|2\n|inactive|ChewieeVGC has 30 seconds left.\n|\n|t:|1776054528\n|detailschange|p1a: Greninja|Greninja-Mega, L50, F\n|-mega|p1a: Greninja|Greninja|Greninjite\n|move|p1a: Greninja|Dark Pulse|p2b: Sinistcha\n|-start|p1a: Greninja|typechange|Dark|[from] ability: Protean\n|-supereffective|p2b: Sinistcha|1\n|-damage|p2b: Sinistcha|0 fnt\n|faint|p2b: Sinistcha\n|move|p2a: Palafin|Close Combat|p1b: Kingambit\n|-supereffective|p1b: Kingambit|2\n|-enditem|p1b: Kingambit|Chople Berry|[eat]\n|-enditem|p1b: Kingambit|Chople Berry|[weaken]\n|-damage|p1b: Kingambit|0 fnt\n|-unboost|p2a: Palafin|def|1\n|-unboost|p2a: Palafin|spd|1\n|faint|p1b: Kingambit\n|\n|upkeep\n|\n|t:|1776054542\n|switch|p1b: Pelipper|Pelipper, L50, F|100/100\n|turn|3\n|\n|t:|1776054556\n|move|p1a: Greninja|Dark Pulse|p2a: Palafin\n|-damage|p2a: Palafin|31/100\n|move|p2a: Palafin|Close Combat|p1a: Greninja\n|-supereffective|p1a: Greninja|1\n|-crit|p1a: Greninja\n|-damage|p1a: Greninja|0 fnt\n|-unboost|p2a: Palafin|def|1\n|-unboost|p2a: Palafin|spd|1\n|faint|p1a: Greninja\n|move|p1b: Pelipper|Tailwind|p1b: Pelipper\n|-sidestart|p1: olho do corvo|move: Tailwind\n|\n|upkeep\n|turn|4\n|\n|t:|1776054569\n|move|p1b: Pelipper|Muddy Water|p2a: Palafin|[miss]\n|-miss|p1b: Pelipper|p2a: Palafin\n|move|p2a: Palafin|Wave Crash|p1b: Pelipper\n|-resisted|p1b: Pelipper|1\n|-damage|p1b: Pelipper|42/100\n|-damage|p2a: Palafin|16/100|[from] Recoil\n|\n|upkeep\n|turn|5\n|\n|t:|1776054576\n|move|p1b: Pelipper|Muddy Water|p2a: Palafin|[miss]\n|-miss|p1b: Pelipper|p2a: Palafin\n|move|p2a: Palafin|Wave Crash|p1b: Pelipper\n|-resisted|p1b: Pelipper|1\n|-damage|p1b: Pelipper|0 fnt\n|faint|p1b: Pelipper\n|-damage|p2a: Palafin|6/100|[from] Recoil\n|\n|win|ChewieeVGC\n|raw|olho do corvo's rating: 1009 &rarr; <strong>1000</strong><br />(-9 for losing)\n|raw|ChewieeVGC's rating: 1000 &rarr; <strong>1041</strong><br />(+41 for winning)\n",
  "uploadtime": 1776054583,
  "views": 30,
  "formatid": "gen9championsvgc2026regma",
  "rating": 1000,
  "private": 0,
  "password": null
}