{
  "id": "gen9championsvgc2026regma-2582169178",
  "format": "[Gen 9 Champions] VGC 2026 Reg M-A",
  "players": [
    "viatable",
    "adarefixwillfixit"
  ],
  "log": "|j|\u2606viatable\n|j|\u2606adarefixwillfixit\n|t:|1776066784\n|gametype|doubles\n|player|p1|viatable|266|1266\n|player|p2|adarefixwillfixit|102|1318\n|gen|9\n|tier|[Gen 9 Champions] VGC 2026 Reg M-A\n|rated|\n|rule|Species Clause: Limit one of each Pok\u00e9mon\n|rule|Item Clause: Limit 1 of each item\n|clearpoke\n|poke|p1|Ninetales-Alola, L50, F|\n|poke|p1|Delphox, L50, M|\n|poke|p1|Conkeldurr, L50, F|\n|poke|p1|Samurott-Hisui, L50, M|\n|poke|p1|Farigiraf, L50, M|\n|poke|p1|Meganium, L50, F|\n|poke|p2|Floette-Eternal, L50, F|\n|poke|p2|Sinistcha, L50|\n|poke|p2|Kingambit, L50, M|\n|poke|p2|Milotic, L50, M|\n|poke|p2|Whimsicott, L50, F|\n|poke|p2|Delphox, L50, M|\n|teampreview|4\n|inactive|Battle timer is ON: inactive players will automatically lose when time's up. (requested by adarefixwillfixit)\nviatable rejected open team sheets.\n|inactive|viatable has 60 seconds left.\n|\n|t:|1776066836\n|teamsize|p1|4\n|teamsize|p2|4\n|start\n|switch|p1a: Conkeldurr|Conkeldurr, L50, F|100/100\n|switch|p1b: Ninetales|Ninetales-Alola, L50, F|100/100\n|switch|p2a: Floette|Floette-Eternal, L50, F|100/100\n|switch|p2b: Sinistcha|Sinistcha, L50|100/100\n|-weather|Snowscape|[from] ability: Snow Warning|[of] p1b: Ninetales\n|turn|1\n|inactive|viatable has 30 seconds left.\n|inactive|viatable has 20 seconds left.\n|\n|t:|1776066872\n|move|p1a: Conkeldurr|Protect|p1a: Conkeldurr\n|-singleturn|p1a: Conkeldurr|Protect\n|move|p1b: Ninetales|Aurora Veil|p1b: Ninetales\n|-sidestart|p1: viatable|move: Aurora Veil\n|move|p2a: Floette|Calm Mind|p2a: Floette\n|-boost|p2a: Floette|spa|1\n|-boost|p2a: Floette|spd|1\n|move|p2b: Sinistcha|Matcha Gotcha|p1a: Conkeldurr|[spread] p1b\n|-activate|p1a: Conkeldurr|move: Protect\n|-damage|p1b: Ninetales|85/100\n|\n|-weather|Snowscape|[upkeep]\n|upkeep\n|turn|2\n|\n|t:|1776066897\n|switch|p2b: Milotic|Milotic, L50, M|100/100\n|detailschange|p2a: Floette|Floette-Mega, L50, F\n|-mega|p2a: Floette|Floette|Floettite\n|-ability|p2a: Floette|Fairy Aura\n|move|p1b: Ninetales|Blizzard|p2a: Floette|[spread] p2a,p2b\n|-resisted|p2b: Milotic|1\n|-damage|p2a: Floette|87/100\n|-damage|p2b: Milotic|90/100\n|-status|p2b: Milotic|frz\n|move|p2a: Floette|Dazzling Gleam|p1a: Conkeldurr|[spread] p1a,p1b\n|-supereffective|p1a: Conkeldurr|1\n|-damage|p1a: Conkeldurr|0 fnt\n|-damage|p1b: Ninetales|45/100\n|-enditem|p1b: Ninetales|Sitrus Berry|[eat]\n|-heal|p1b: Ninetales|70/100|[from] item: Sitrus Berry\n|faint|p1a: Conkeldurr\n|\n|-weather|Snowscape|[upkeep]\n|-heal|p2b: Milotic|96/100 frz|[from] item: Leftovers\n|upkeep\n|\n|t:|1776066919\n|switch|p1a: Farigiraf|Farigiraf, L50, M|100/100\n|turn|3\n|\n|t:|1776066928\n|move|p1b: Ninetales|Blizzard|p2a: Floette|[spread] p2a,p2b\n|-resisted|p2b: Milotic|1\n|-damage|p2a: Floette|73/100\n|-damage|p2b: Milotic|87/100 frz\n|move|p2a: Floette|Calm Mind|p2a: Floette\n|-boost|p2a: Floette|spa|1\n|-boost|p2a: Floette|spd|1\n|-curestatus|p2b: Milotic|frz|[from] move: Scald\n|move|p2b: Milotic|Scald|p1b: Ninetales\n|-damage|p1b: Ninetales|52/100\n|move|p1a: Farigiraf|Trick Room|p1a: Farigiraf\n|-fieldstart|move: Trick Room|[of] p1a: Farigiraf\n|\n|-weather|Snowscape|[upkeep]\n|-heal|p2b: Milotic|93/100|[from] item: Leftovers\n|upkeep\n|turn|4\n|inactive|adarefixwillfixit has 30 seconds left.\n|\n|t:|1776066954\n|switch|p1a: Meganium|Meganium, L50, F|100/100\n|move|p2b: Milotic|Scald|p1b: Ninetales\n|-crit|p1b: Ninetales\n|-damage|p1b: Ninetales|12/100\n|-status|p1b: Ninetales|brn\n|move|p2a: Floette|Calm Mind|p2a: Floette\n|-boost|p2a: Floette|spa|1\n|-boost|p2a: Floette|spd|1\n|move|p1b: Ninetales|Blizzard|p2a: Floette|[spread] p2a,p2b\n|-resisted|p2b: Milotic|1\n|-damage|p2a: Floette|64/100\n|-damage|p2b: Milotic|82/100\n|-status|p2a: Floette|frz\n|\n|-weather|Snowscape|[upkeep]\n|-heal|p2b: Milotic|88/100|[from] item: Leftovers\n|-damage|p1b: Ninetales|5/100 brn|[from] brn\n|upkeep\n|turn|5\n|\n|t:|1776066977\n|detailschange|p1a: Meganium|Meganium-Mega, L50, F\n|-mega|p1a: Meganium|Meganium|Meganiumite\n|move|p1b: Ninetales|Helping Hand|p1a: Meganium\n|-singleturn|p1a: Meganium|Helping Hand|[of] p1b: Ninetales\n|move|p1a: Meganium|Solar Beam||[still]\n|-prepare|p1a: Meganium|Solar Beam\n|-activate|p1a: Meganium|ability: Mega Sol\n|-anim|p1a: Meganium|Solar Beam|p2a: Floette\n|-damage|p2a: Floette|35/100 frz\n|move|p2b: Milotic|Icy Wind|p1a: Meganium|[spread] p1a,p1b\n|-supereffective|p1a: Meganium|1\n|-resisted|p1b: Ninetales|1\n|-damage|p1a: Meganium|90/100\n|-damage|p1b: Ninetales|2/100 brn\n|-unboost|p1a: Meganium|spe|1\n|-unboost|p1b: Ninetales|spe|1\n|cant|p2a: Floette|frz\n|\n|-weather|none\n|-heal|p2b: Milotic|94/100|[from] item: Leftovers\n|-damage|p1b: Ninetales|0 fnt|[from] brn\n|faint|p1b: Ninetales\n|-sideend|p1: viatable|move: Aurora Veil\n|upkeep\n|\n|t:|1776066996\n|switch|p1b: Farigiraf|Farigiraf, L50, M|100/100\n|turn|6\n|\n|t:|1776067013\n|switch|p2b: Sinistcha|Sinistcha, L50|100/100\n|-heal|p2a: Floette|60/100 frz|[from] ability: Hospitality|[of] p2b: Sinistcha\n|move|p1a: Meganium|Solar Beam||[still]\n|-prepare|p1a: Meganium|Solar Beam\n|-activate|p1a: Meganium|ability: Mega Sol\n|-anim|p1a: Meganium|Solar Beam|p2a: Floette\n|-damage|p2a: Floette|40/100 frz\n|move|p1b: Farigiraf|Psychic|p2a: Floette\n|-damage|p2a: Floette|30/100 frz\n|-curestatus|p2a: Floette|frz|[msg]\n|move|p2a: Floette|Dazzling Gleam|p1b: Farigiraf|[spread] p1a,p1b\n|-damage|p1a: Meganium|0 fnt\n|-damage|p1b: Farigiraf|0 fnt\n|faint|p1a: Meganium\n|faint|p1b: Farigiraf\n|\n|win|adarefixwillfixit\n|raw|viatable's rating: 1266 &rarr; <strong>1245</strong><br />(-21 for losing)\n|raw|adarefixwillfixit's rating: 1318 &rarr; <strong>1335</strong><br />(+17 for winning)\n|l|\u2606viatable\n|player|p1|\n",
  "uploadtime": 1776067026,
  "views": 30,
  "formatid": "gen9championsvgc2026regma",
  "rating": 1245,
  "private": 0,
  "password": null
}