{
  "id": "gen9championsvgc2026regma-2586238714",
  "format": "[Gen 9 Champions] VGC 2026 Reg M-A",
  "players": [
    "henitusec",
    "gorpstink"
  ],
  "log": "|j|\u2606henitusec\n|j|\u2606gorpstink\n|t:|1776416024\n|gametype|doubles\n|player|p1|henitusec|volo|1248\n|player|p2|gorpstink|rika|1256\n|gen|9\n|tier|[Gen 9 Champions] VGC 2026 Reg M-A\n|rated|\n|rule|Species Clause: Limit one of each Pok\u00e9mon\n|rule|Item Clause: Limit 1 of each item\n|clearpoke\n|poke|p1|Gardevoir, L50, F|\n|poke|p1|Aegislash, L50, F|\n|poke|p1|Incineroar, L50, M|\n|poke|p1|Vivillon-Polar, L50, M|\n|poke|p1|Whimsicott, L50, F|\n|poke|p1|Tauros-Paldea-Aqua, L50, M|\n|poke|p2|Kleavor, L50, F|\n|poke|p2|Abomasnow, L50, M|\n|poke|p2|Farigiraf, L50, F|\n|poke|p2|Basculegion, L50, M|\n|poke|p2|Incineroar, L50, F|\n|poke|p2|Sneasler, L50, F|\n|teampreview|4\n|inactive|Battle timer is ON: inactive players will automatically lose when time's up. (requested by henitusec)\n|inactive|henitusec has 60 seconds left.\n|\n|t:|1776416082\n|teamsize|p1|4\n|teamsize|p2|4\n|start\n|switch|p1a: Incineroar|Incineroar, L50, M|100/100\n|switch|p1b: Vivillon|Vivillon-Polar, L50, M|100/100\n|switch|p2a: Kleavor|Kleavor, L50, F|100/100\n|switch|p2b: Farigiraf|Farigiraf, L50, F|100/100\n|-ability|p1a: Incineroar|Intimidate|boost\n|-unboost|p2a: Kleavor|atk|1\n|-unboost|p2b: Farigiraf|atk|1\n|turn|1\n|inactive|henitusec has 30 seconds left.\n|inactive|henitusec has 20 seconds left.\n|\n|t:|1776416117\n|move|p2a: Kleavor|Stone Axe|p1b: Vivillon|[miss]\n|-miss|p2a: Kleavor|p1b: Vivillon\n|move|p1b: Vivillon|Sleep Powder|p2b: Farigiraf\n|-status|p2b: Farigiraf|slp|[from] move: Sleep Powder\n|move|p1a: Incineroar|Darkest Lariat|p2b: Farigiraf\n|-supereffective|p2b: Farigiraf|1\n|-damage|p2b: Farigiraf|29/100 slp\n|-enditem|p2b: Farigiraf|Sitrus Berry|[eat]\n|-heal|p2b: Farigiraf|54/100 slp|[from] item: Sitrus Berry\n|cant|p2b: Farigiraf|slp\n|\n|upkeep\n|turn|2\n|\n|t:|1776416141\n|switch|p2b: Incineroar|Incineroar, L50, F|100/100\n|-ability|p2b: Incineroar|Intimidate|boost\n|-unboost|p1a: Incineroar|atk|1\n|-unboost|p1b: Vivillon|atk|1\n|move|p2a: Kleavor|Stone Axe|p1a: Incineroar\n|-supereffective|p1a: Incineroar|1\n|-damage|p1a: Incineroar|46/100\n|-sidestart|p1: henitusec|move: Stealth Rock\n|-enditem|p1a: Incineroar|Sitrus Berry|[eat]\n|-heal|p1a: Incineroar|71/100|[from] item: Sitrus Berry\n|move|p1b: Vivillon|Sleep Powder|p2a: Kleavor\n|-status|p2a: Kleavor|slp|[from] move: Sleep Powder\n|move|p1a: Incineroar|Darkest Lariat|p2b: Incineroar\n|-resisted|p2b: Incineroar|1\n|-damage|p2b: Incineroar|91/100\n|\n|upkeep\n|turn|3\n|inactive|henitusec has 30 seconds left.\n|inactive|gorpstink has 30 seconds left.\n|inactive|gorpstink has 20 seconds left.\n|inactive|gorpstink has 15 seconds left.\n|inactive|gorpstink has 10 seconds left.\n|\n|t:|1776416188\n|switch|p2b: Farigiraf|Farigiraf, L50, F|54/100 slp\n|move|p1b: Vivillon|Protect|p1b: Vivillon\n|-singleturn|p1b: Vivillon|Protect\n|cant|p2a: Kleavor|slp\n|move|p1a: Incineroar|Flare Blitz|p2a: Kleavor\n|-damage|p2a: Kleavor|57/100 slp\n|-damage|p1a: Incineroar|60/100|[from] Recoil\n|\n|upkeep\n|turn|4\n|\n|t:|1776416205\n|switch|p2a: Incineroar|Incineroar, L50, F|91/100\n|-ability|p2a: Incineroar|Intimidate|boost\n|-unboost|p1a: Incineroar|atk|1\n|-unboost|p1b: Vivillon|atk|1\n|move|p1b: Vivillon|Hurricane|p2a: Incineroar\n|-damage|p2a: Incineroar|55/100\n|move|p1a: Incineroar|Darkest Lariat|p2b: Farigiraf\n|-supereffective|p2b: Farigiraf|1\n|-damage|p2b: Farigiraf|21/100 slp\n|cant|p2b: Farigiraf|slp\n|\n|upkeep\n|turn|5\n|inactive|gorpstink has 30 seconds left.\n|inactive|gorpstink has 20 seconds left.\n|\n|t:|1776416242\n|switch|p2b: Kleavor|Kleavor, L50, F|57/100 slp\n|move|p1b: Vivillon|Protect|p1b: Vivillon\n|-singleturn|p1b: Vivillon|Protect\n|move|p2a: Incineroar|Fake Out|p1b: Vivillon\n|-activate|p1b: Vivillon|move: Protect\n|move|p1a: Incineroar|Darkest Lariat|p2b: Kleavor\n|-damage|p2b: Kleavor|33/100 slp\n|\n|upkeep\n|turn|6\n|\n|t:|1776416259\n|-curestatus|p2b: Kleavor|slp|[msg]\n|move|p2b: Kleavor|Stone Axe|p1a: Incineroar\n|-supereffective|p1a: Incineroar|1\n|-damage|p1a: Incineroar|0 fnt\n|faint|p1a: Incineroar\n|move|p1b: Vivillon|Sleep Powder|p2a: Incineroar\n|-status|p2a: Incineroar|slp|[from] move: Sleep Powder\n|cant|p2a: Incineroar|slp\n|\n|upkeep\n|\n|t:|1776416274\n|switch|p1a: Tauros|Tauros-Paldea-Aqua, L50, M|100/100\n|-damage|p1a: Tauros|94/100|[from] Stealth Rock\n|-ability|p1a: Tauros|Intimidate|boost\n|-unboost|p2a: Incineroar|atk|1\n|-unboost|p2b: Kleavor|atk|1\n|turn|7\n|\n|t:|1776416293\n|switch|p2b: Farigiraf|Farigiraf, L50, F|21/100 slp\n|move|p1b: Vivillon|Hurricane|p2b: Farigiraf\n|-damage|p2b: Farigiraf|0 fnt\n|faint|p2b: Farigiraf\n|move|p1a: Tauros|Wave Crash|p2a: Incineroar\n|-supereffective|p2a: Incineroar|1\n|-damage|p2a: Incineroar|0 fnt\n|faint|p2a: Incineroar\n|-damage|p1a: Tauros|75/100|[from] Recoil\n|\n|upkeep\n|\n|t:|1776416303\n|switch|p2a: Kleavor|Kleavor, L50, F|33/100\n|switch|p2b: Abomasnow|Abomasnow, L50, M, shiny|100/100\n|-weather|Snowscape|[from] ability: Snow Warning|[of] p2b: Abomasnow\n|turn|8\n|c|\u2606henitusec|Vivillon kinda cooking\n|inactive|gorpstink has 30 seconds left.\n|\n|t:|1776416334\n|detailschange|p2b: Abomasnow|Abomasnow-Mega, L50, M, shiny\n|-mega|p2b: Abomasnow|Abomasnow|Abomasite\n|move|p1a: Tauros|Aqua Jet|p2a: Kleavor\n|-supereffective|p2a: Kleavor|1\n|-crit|p2a: Kleavor\n|-damage|p2a: Kleavor|0 fnt\n|faint|p2a: Kleavor\n|move|p2b: Abomasnow|Ice Shard|p1b: Vivillon\n|-supereffective|p1b: Vivillon|1\n|-damage|p1b: Vivillon|31/100\n|move|p1b: Vivillon|Hurricane|p2b: Abomasnow\n|-supereffective|p2b: Abomasnow|1\n|-damage|p2b: Abomasnow|27/100\n|\n|-weather|Snowscape|[upkeep]\n|upkeep\n|turn|9\n|-message|gorpstink forfeited.\n|\n|win|henitusec\n|raw|henitusec's rating: 1248 &rarr; <strong>1274</strong><br />(+26 for winning)\n|raw|gorpstink's rating: 1256 &rarr; <strong>1230</strong><br />(-26 for losing)\n|l|\u2606gorpstink\n|player|p2|\n",
  "uploadtime": 1776416348,
  "views": 44,
  "formatid": "gen9championsvgc2026regma",
  "rating": 1230,
  "private": 0,
  "password": null
}