{
  "id": "gen9championsvgc2026regma-2586853151",
  "format": "[Gen 9 Champions] VGC 2026 Reg M-A",
  "players": [
    "sirae",
    "demi05"
  ],
  "log": "|j|\u2606sirae\n|j|\u2606demi05\n|t:|1776465483\n|gametype|doubles\n|player|p1|sirae|caitlin|1191\n|player|p2|demi05|cynthia-gen4|1221\n|gen|9\n|tier|[Gen 9 Champions] VGC 2026 Reg M-A\n|rated|\n|rule|Species Clause: Limit one of each Pok\u00e9mon\n|rule|Item Clause: Limit 1 of each item\n|clearpoke\n|poke|p1|Gengar, L50, F|\n|poke|p1|Feraligatr, L50, M|\n|poke|p1|Farigiraf, L50, F|\n|poke|p1|Volcarona, L50, F|\n|poke|p1|Incineroar, L50, F|\n|poke|p1|Sylveon, L50, F|\n|poke|p2|Dragonite, L50, M|\n|poke|p2|Venusaur, L50, M|\n|poke|p2|Incineroar, L50, F|\n|poke|p2|Basculegion, L50, M|\n|poke|p2|Kingambit, L50, F|\n|poke|p2|Sneasler, L50, M|\n|teampreview|4\n|inactive|Battle timer is ON: inactive players will automatically lose when time's up. (requested by sirae)\n|inactive|sirae has 60 seconds left.\n|inactive|demi05 has 60 seconds left.\n|inactive|demi05 has 30 seconds left.\n|inactive|demi05 has 20 seconds left.\n|inactive|demi05 has 15 seconds left.\n|inactive|demi05 has 10 seconds left.\n|inactive|demi05 has 5 seconds left.\n|\n|t:|1776465572\n|teamsize|p1|4\n|teamsize|p2|4\n|start\n|switch|p1a: Feraligatr|Feraligatr, L50, M|100/100\n|switch|p1b: Farigiraf|Farigiraf, L50, F|100/100\n|switch|p2a: Kingambit|Kingambit, L50, F, shiny|100/100\n|switch|p2b: Incineroar|Incineroar, L50, F|100/100\n|-ability|p2b: Incineroar|Intimidate|boost\n|-unboost|p1a: Feraligatr|atk|1\n|-unboost|p1b: Farigiraf|atk|1\n|turn|1\n|inactive|sirae has 30 seconds left.\n|\n|t:|1776465601\n|detailschange|p1a: Feraligatr|Feraligatr-Mega, L50, M\n|-mega|p1a: Feraligatr|Feraligatr|Feraligite\n|move|p1b: Farigiraf|Protect|p1b: Farigiraf\n|-singleturn|p1b: Farigiraf|Protect\n|move|p2b: Incineroar|Fake Out||[still]\n|cant|p1b: Farigiraf|ability: Armor Tail|Fake Out|[of] p2b: Incineroar\n|move|p1a: Feraligatr|Liquidation|p2b: Incineroar\n|-supereffective|p2b: Incineroar|1\n|-damage|p2b: Incineroar|49/100\n|move|p2a: Kingambit|Swords Dance|p2a: Kingambit\n|-boost|p2a: Kingambit|atk|2\n|\n|upkeep\n|turn|2\n|inactive|sirae has 30 seconds left.\n|inactive|sirae has 20 seconds left.\n|inactive|sirae has 15 seconds left.\n|inactive|sirae has 10 seconds left.\n|\n|t:|1776465646\n|move|p1a: Feraligatr|Liquidation|p2b: Incineroar\n|-supereffective|p2b: Incineroar|1\n|-damage|p2b: Incineroar|1/100\n|move|p2b: Incineroar|Parting Shot|p1a: Feraligatr\n|-unboost|p1a: Feraligatr|atk|1\n|-unboost|p1a: Feraligatr|spa|1\n|\n|t:|1776465661\n|switch|p2b: Dragonite|Dragonite, L50, M, shiny|100/100|[from] Parting Shot\n|move|p1b: Farigiraf|Imprison|p1b: Farigiraf\n|-start|p1b: Farigiraf|move: Imprison\n|move|p2a: Kingambit|Kowtow Cleave|p1b: Farigiraf\n|-supereffective|p1b: Farigiraf|1\n|-enditem|p1b: Farigiraf|Colbur Berry|[eat]\n|-enditem|p1b: Farigiraf|Colbur Berry|[weaken]\n|-damage|p1b: Farigiraf|4/100\n|\n|upkeep\n|turn|3\n|inactive|demi05 has 30 seconds left.\n|\n|t:|1776465689\n|switch|p1a: Volcarona|Volcarona, L50, F|100/100\n|detailschange|p2b: Dragonite|Dragonite-Mega, L50, M, shiny\n|-mega|p2b: Dragonite|Dragonite|Dragoninite\n|move|p1b: Farigiraf|Protect|p1b: Farigiraf\n|-singleturn|p1b: Farigiraf|Protect\n|move|p2b: Dragonite|Dragon Pulse|p1a: Volcarona\n|-damage|p1a: Volcarona|48/100\n|move|p2a: Kingambit|Kowtow Cleave|p1a: Volcarona\n|-damage|p1a: Volcarona|0 fnt\n|faint|p1a: Volcarona\n|\n|upkeep\n|\n|t:|1776465700\n|switch|p1a: Sylveon|Sylveon, L50, F|100/100\n|turn|4\n|inactive|demi05 has 30 seconds left.\n|\n|t:|1776465735\n|move|p1a: Sylveon|Hyper Voice|p2b: Dragonite|[spread] p2a,p2b\n|-supereffective|p2b: Dragonite|1\n|-damage|p2a: Kingambit|60/100\n|-damage|p2b: Dragonite|73/100\n|move|p2b: Dragonite|Fire Spin|p1a: Sylveon\n|-damage|p1a: Sylveon|88/100\n|-activate|p1a: Sylveon|move: Fire Spin|[of] p2b: Dragonite\n|move|p1b: Farigiraf|Psychic|p2b: Dragonite\n|-damage|p2b: Dragonite|46/100\n|move|p2a: Kingambit|Kowtow Cleave|p1b: Farigiraf\n|-supereffective|p1b: Farigiraf|1\n|-damage|p1b: Farigiraf|0 fnt\n|faint|p1b: Farigiraf\n|\n|-damage|p1a: Sylveon|76/100|[from] move: Fire Spin|[partiallytrapped]\n|upkeep\n|\n|t:|1776465743\n|switch|p1b: Feraligatr|Feraligatr-Mega, L50, M|100/100\n|turn|5\n|inactive|demi05 has 30 seconds left.\n|\n|t:|1776465776\n|move|p2b: Dragonite|Protect|p2b: Dragonite\n|-singleturn|p2b: Dragonite|Protect\n|move|p1b: Feraligatr|Protect|p1b: Feraligatr\n|-singleturn|p1b: Feraligatr|Protect\n|move|p1a: Sylveon|Hyper Voice|p2a: Kingambit|[spread] p2a\n|-activate|p2b: Dragonite|move: Protect\n|-damage|p2a: Kingambit|25/100\n|move|p2a: Kingambit|Swords Dance|p2a: Kingambit\n|-boost|p2a: Kingambit|atk|2\n|\n|-damage|p1a: Sylveon|64/100|[from] move: Fire Spin|[partiallytrapped]\n|upkeep\n|turn|6\n|\n|t:|1776465797\n|move|p1b: Feraligatr|Aqua Jet|p2a: Kingambit\n|-damage|p2a: Kingambit|7/100\n|move|p2a: Kingambit|Sucker Punch||[still]\n|-fail|p2a: Kingambit\n|move|p1a: Sylveon|Hyper Voice|p2a: Kingambit|[spread] p2a,p2b\n|-supereffective|p2b: Dragonite|1\n|-damage|p2a: Kingambit|0 fnt\n|-damage|p2b: Dragonite|0 fnt\n|faint|p2a: Kingambit\n|faint|p2b: Dragonite\n|\n|-end|p1a: Sylveon|Fire Spin|[partiallytrapped]|[silent]\n|upkeep\n|\n|t:|1776465806\n|switch|p2b: Basculegion|Basculegion, L50, M|100/100\n|switch|p2a: Incineroar|Incineroar, L50, F|1/100\n|-ability|p2a: Incineroar|Intimidate|boost\n|-unboost|p1a: Sylveon|atk|1\n|-unboost|p1b: Feraligatr|atk|1\n|turn|7\n|\n|t:|1776465829\n|move|p2a: Incineroar|Fake Out|p1a: Sylveon\n|-damage|p1a: Sylveon|48/100\n|move|p2b: Basculegion|Last Respects|p1a: Sylveon\n|-damage|p1a: Sylveon|0 fnt\n|faint|p1a: Sylveon\n|move|p1b: Feraligatr|Body Slam|p2b: Basculegion\n|-damage|p2b: Basculegion|47/100\n|\n|upkeep\n|turn|8\n|\n|t:|1776465844\n|move|p2b: Basculegion|Last Respects|p1b: Feraligatr\n|-damage|p1b: Feraligatr|28/100\n|move|p1b: Feraligatr|Body Slam|p2b: Basculegion\n|-damage|p2b: Basculegion|0 fnt\n|faint|p2b: Basculegion\n|move|p2a: Incineroar|Parting Shot|p1b: Feraligatr\n|-unboost|p1b: Feraligatr|atk|1\n|-unboost|p1b: Feraligatr|spa|1\n|\n|upkeep\n|turn|9\n|\n|t:|1776465855\n|move|p1b: Feraligatr|Liquidation|p2a: Incineroar\n|-supereffective|p2a: Incineroar|1\n|-damage|p2a: Incineroar|0 fnt\n|faint|p2a: Incineroar\n|\n|win|sirae\n|raw|sirae's rating: 1191 &rarr; <strong>1218</strong><br />(+27 for winning)\n|raw|demi05's rating: 1221 &rarr; <strong>1194</strong><br />(-27 for losing)\n",
  "uploadtime": 1776465860,
  "views": 29,
  "formatid": "gen9championsvgc2026regma",
  "rating": 1194,
  "private": 0,
  "password": null
}