{
  "id": "gen9championsvgc2026regma-2583174501",
  "format": "[Gen 9 Champions] VGC 2026 Reg M-A",
  "players": [
    "PoProstuHlep",
    "Prohxy"
  ],
  "log": "|j|\u2606PoProstuHlep\n|j|\u2606Prohxy\n|t:|1776151046\n|gametype|doubles\n|player|p1|PoProstuHlep|fantina|1036\n|player|p2|Prohxy|lorelei-lgpe|1086\n|gen|9\n|tier|[Gen 9 Champions] VGC 2026 Reg M-A\n|rated|\n|rule|Species Clause: Limit one of each Pok\u00e9mon\n|rule|Item Clause: Limit 1 of each item\n|clearpoke\n|poke|p1|Whimsicott, L50, M|\n|poke|p1|Floette-Eternal, L50, F|\n|poke|p1|Milotic, L50, F|\n|poke|p1|Sinistcha, L50|\n|poke|p1|Gallade, L50, M|\n|poke|p1|Meowstic, L50, M|\n|poke|p2|Alcremie, L50, F|\n|poke|p2|Sinistcha, L50|\n|poke|p2|Scizor, L50, M|\n|poke|p2|Politoed, L50, M|\n|poke|p2|Basculegion, L50, M|\n|poke|p2|Stunfisk, L50, M|\n|teampreview|4\n|\n|t:|1776151068\n|teamsize|p1|4\n|teamsize|p2|4\n|start\n|switch|p1a: Floette|Floette-Eternal, L50, F|100/100\n|switch|p1b: Sinistcha|Sinistcha, L50|100/100\n|switch|p2a: Politoed|Politoed, L50, M, shiny|100/100\n|switch|p2b: Stunfisk|Stunfisk, L50, M, shiny|100/100\n|-weather|RainDance|[from] ability: Drizzle|[of] p2a: Politoed\n|turn|1\n|inactive|Battle timer is ON: inactive players will automatically lose when time's up. (requested by PoProstuHlep)\n|\n|t:|1776151087\n|detailschange|p1a: Floette|Floette-Mega, L50, F\n|-mega|p1a: Floette|Floette|Floettite\n|-ability|p1a: Floette|Fairy Aura\n|move|p1a: Floette|Calm Mind|p1a: Floette\n|-boost|p1a: Floette|spa|1\n|-boost|p1a: Floette|spd|1\n|move|p2a: Politoed|Icy Wind|p1b: Sinistcha|[spread] p1a,p1b\n|-supereffective|p1b: Sinistcha|1\n|-damage|p1a: Floette|94/100\n|-damage|p1b: Sinistcha|80/100\n|-unboost|p1a: Floette|spe|1\n|-unboost|p1b: Sinistcha|spe|1\n|move|p2b: Stunfisk|Thunder|p1a: Floette\n|-damage|p1a: Floette|68/100\n|-status|p1a: Floette|par\n|move|p1b: Sinistcha|Matcha Gotcha|p2b: Stunfisk|[spread] p2a,p2b\n|-supereffective|p2a: Politoed|1\n|-supereffective|p2b: Stunfisk|1\n|-damage|p2a: Politoed|58/100\n|-heal|p1b: Sinistcha|100/100|[from] drain|[of] p2a: Politoed\n|-damage|p2b: Stunfisk|58/100\n|\n|-weather|RainDance|[upkeep]\n|-heal|p2b: Stunfisk|64/100|[from] item: Leftovers\n|upkeep\n|turn|2\n|inactive|PoProstuHlep has 30 seconds left.\n|inactive|Prohxy has 30 seconds left.\n|inactive|Prohxy has 20 seconds left.\n|\n|t:|1776151123\n|move|p2a: Politoed|Icy Wind|p1a: Floette|[spread] p1b\n|-miss|p2a: Politoed|p1a: Floette\n|-supereffective|p1b: Sinistcha|1\n|-damage|p1b: Sinistcha|81/100\n|-unboost|p1b: Sinistcha|spe|1\n|move|p2b: Stunfisk|Reflect Type|p1b: Sinistcha\n|-start|p2b: Stunfisk|typechange|[from] move: Reflect Type|[of] p1b: Sinistcha\n|cant|p1a: Floette|par\n|move|p1b: Sinistcha|Life Dew|p1b: Sinistcha|[spread] p1a,p1b\n|-heal|p1a: Floette|92/100 par\n|-heal|p1b: Sinistcha|100/100\n|\n|-weather|RainDance|[upkeep]\n|-heal|p2b: Stunfisk|70/100|[from] item: Leftovers\n|upkeep\n|-start|p2b: Stunfisk|typechange|Grass/Ghost|[silent]\n|turn|3\n|inactive|Prohxy has 30 seconds left.\n|inactive|Prohxy has 20 seconds left.\n|\n|t:|1776151158\n|switch|p1b: Milotic|Milotic, L50, F|100/100\n|move|p2a: Politoed|Icy Wind|p1b: Milotic|[spread] p1a,p1b\n|-resisted|p1b: Milotic|1\n|-damage|p1a: Floette|86/100 par\n|-damage|p1b: Milotic|98/100\n|-unboost|p1a: Floette|spe|1\n|-unboost|p1b: Milotic|spe|1\n|-ability|p1b: Milotic|Competitive|boost\n|-boost|p1b: Milotic|spa|2\n|move|p2b: Stunfisk|Reflect Type|p1a: Floette\n|-start|p2b: Stunfisk|typechange|[from] move: Reflect Type|[of] p1a: Floette\n|cant|p1a: Floette|par\n|\n|-weather|RainDance|[upkeep]\n|-heal|p1b: Milotic|100/100|[from] item: Leftovers\n|-heal|p2b: Stunfisk|76/100|[from] item: Leftovers\n|upkeep\n|-start|p2b: Stunfisk|typechange|Fairy|[silent]\n|turn|4\n|inactive|PoProstuHlep has 30 seconds left.\n|\n|t:|1776151186\n|move|p2a: Politoed|Helping Hand|p2b: Stunfisk\n|-singleturn|p2b: Stunfisk|Helping Hand|[of] p2a: Politoed\n|move|p1b: Milotic|Scald|p2b: Stunfisk\n|-damage|p2b: Stunfisk|12/100\n|move|p2b: Stunfisk|Thunder|p1b: Milotic\n|-supereffective|p1b: Milotic|1\n|-damage|p1b: Milotic|44/100\n|move|p1a: Floette|Calm Mind|p1a: Floette\n|-boost|p1a: Floette|spa|1\n|-boost|p1a: Floette|spd|1\n|\n|-weather|RainDance|[upkeep]\n|-heal|p1b: Milotic|50/100|[from] item: Leftovers\n|-heal|p2b: Stunfisk|18/100|[from] item: Leftovers\n|upkeep\n|turn|5\n|\n|t:|1776151208\n|move|p2a: Politoed|Icy Wind|p1b: Milotic|[spread] p1a,p1b\n|-resisted|p1b: Milotic|1\n|-damage|p1a: Floette|82/100 par\n|-damage|p1b: Milotic|47/100\n|-unboost|p1a: Floette|spe|1\n|-unboost|p1b: Milotic|spe|1\n|-ability|p1b: Milotic|Competitive|boost\n|-boost|p1b: Milotic|spa|2\n|move|p2b: Stunfisk|Thunder|p1b: Milotic\n|-supereffective|p1b: Milotic|1\n|-damage|p1b: Milotic|9/100\n|move|p1b: Milotic|Scald|p2a: Politoed\n|-resisted|p2a: Politoed|1\n|-damage|p2a: Politoed|8/100\n|-status|p2a: Politoed|brn\n|move|p1a: Floette|Dazzling Gleam|p2a: Politoed|[spread] p2a,p2b\n|-damage|p2a: Politoed|0 fnt\n|-damage|p2b: Stunfisk|0 fnt\n|faint|p2a: Politoed\n|faint|p2b: Stunfisk\n|\n|-weather|none\n|-heal|p1b: Milotic|15/100|[from] item: Leftovers\n|upkeep\n|\n|t:|1776151228\n|switch|p2a: Basculegion|Basculegion, L50, M|100/100\n|switch|p2b: Scizor|Scizor, L50, M, shiny|100/100\n|turn|6\n|\n|t:|1776151243\n|switch|p1b: Sinistcha|Sinistcha, L50|100/100\n|-heal|p1a: Floette|100/100 par|[from] ability: Hospitality|[of] p1b: Sinistcha\n|detailschange|p2b: Scizor|Scizor-Mega, L50, M, shiny\n|-mega|p2b: Scizor|Scizor|Scizorite\n|cant|p1a: Floette|par\n|move|p2b: Scizor|Bullet Punch|p1a: Floette\n|-supereffective|p1a: Floette|1\n|-damage|p1a: Floette|0 fnt\n|faint|p1a: Floette\n|move|p2a: Basculegion|Last Respects|p1b: Sinistcha\n|-supereffective|p1b: Sinistcha|1\n|-damage|p1b: Sinistcha|0 fnt\n|faint|p1b: Sinistcha\n|\n|upkeep\n|-message|PoProstuHlep forfeited.\n|\n|win|Prohxy\n|raw|PoProstuHlep's rating: 1036 &rarr; <strong>1023</strong><br />(-13 for losing)\n|raw|Prohxy's rating: 1086 &rarr; <strong>1109</strong><br />(+23 for winning)\n|l|\u2606PoProstuHlep\n|player|p1|\n",
  "uploadtime": 1776151259,
  "views": 17,
  "formatid": "gen9championsvgc2026regma",
  "rating": 1023,
  "private": 0,
  "password": null
}