{
  "id": "gen9championsvgc2026regma-2587943276",
  "format": "[Gen 9 Champions] VGC 2026 Reg M-A",
  "players": [
    "MightyTaggart",
    "Marshadow27"
  ],
  "log": "|j|\u2606MightyTaggart\n|j|\u2606Marshadow27\n|t:|1776582552\n|gametype|doubles\n|player|p1|MightyTaggart|artist-gen4|1464\n|player|p2|Marshadow27|blue-gen3champion|1407\n|gen|9\n|tier|[Gen 9 Champions] VGC 2026 Reg M-A\n|rated|\n|rule|Species Clause: Limit one of each Pok\u00e9mon\n|rule|Item Clause: Limit 1 of each item\n|clearpoke\n|poke|p1|Scovillain, L50, F|\n|poke|p1|Sneasler, L50, F|\n|poke|p1|Primarina, L50, M|\n|poke|p1|Sinistcha, L50|\n|poke|p1|Corviknight, L50, M|\n|poke|p1|Kingambit, L50, F|\n|poke|p2|Greninja, L50, F|\n|poke|p2|Rotom-Wash, L50|\n|poke|p2|Sinistcha, L50|\n|poke|p2|Garchomp, L50, F|\n|poke|p2|Incineroar, L50, M|\n|poke|p2|Orthworm, L50, F|\n|teampreview|4\n|\n|t:|1776582580\n|teamsize|p1|4\n|teamsize|p2|4\n|start\n|switch|p1a: Scovillain|Scovillain, L50, F|100/100\n|switch|p1b: Primarina|Primarina, L50, M|100/100\n|switch|p2a: Incineroar|Incineroar, L50, M|100/100\n|switch|p2b: Orthworm|Orthworm, L50, F|100/100\n|-ability|p2a: Incineroar|Intimidate|boost\n|-unboost|p1a: Scovillain|atk|1\n|-unboost|p1b: Primarina|atk|1\n|turn|1\n|\n|t:|1776582604\n|detailschange|p1a: Scovillain|Scovillain-Mega, L50, F\n|-mega|p1a: Scovillain|Scovillain|Scovillainite\n|move|p2a: Incineroar|Fake Out|p1b: Primarina\n|-damage|p1b: Primarina|88/100\n|move|p1a: Scovillain|Overheat|p2b: Orthworm\n|-supereffective|p2b: Orthworm|1\n|-damage|p2b: Orthworm|0 fnt\n|-unboost|p1a: Scovillain|spa|2\n|faint|p2b: Orthworm\n|cant|p1b: Primarina|flinch\n|\n|-heal|p1b: Primarina|94/100|[from] item: Leftovers\n|upkeep\n|\n|t:|1776582612\n|switch|p2b: Garchomp|Garchomp, L50, F|100/100\n|turn|2\n|\n|t:|1776582621\n|move|p1b: Primarina|Protect|p1b: Primarina\n|-singleturn|p1b: Primarina|Protect\n|move|p2b: Garchomp|Swords Dance|p2b: Garchomp\n|-boost|p2b: Garchomp|atk|2\n|move|p1a: Scovillain|Leech Seed|p2b: Garchomp\n|-start|p2b: Garchomp|move: Leech Seed\n|move|p2a: Incineroar|Parting Shot|p1b: Primarina\n|-activate|p1b: Primarina|move: Protect\n|\n|-heal|p1b: Primarina|100/100|[from] item: Leftovers\n|-damage|p2b: Garchomp|88/100|[from] Leech Seed|[of] p1a: Scovillain\n|upkeep\n|turn|3\n|\n|t:|1776582636\n|move|p1a: Scovillain|Rage Powder|p1a: Scovillain\n|-singleturn|p1a: Scovillain|move: Rage Powder\n|move|p2b: Garchomp|Swords Dance|p2b: Garchomp\n|-boost|p2b: Garchomp|atk|2\n|move|p1b: Primarina|Hyper Voice|p2a: Incineroar|[spread] p2a,p2b\n|-supereffective|p2a: Incineroar|1\n|-enditem|p2a: Incineroar|Passho Berry|[eat]\n|-enditem|p2a: Incineroar|Passho Berry|[weaken]\n|-damage|p2a: Incineroar|69/100\n|-damage|p2b: Garchomp|49/100\n|move|p2a: Incineroar|Parting Shot|p1a: Scovillain\n|-unboost|p1a: Scovillain|atk|1\n|-unboost|p1a: Scovillain|spa|1\n|j| TomTom_JerryJerry\n|\n|t:|1776582646\n|switch|p2a: Rotom|Rotom-Wash, L50|100/100|[from] Parting Shot\n|\n|-damage|p2b: Garchomp|37/100|[from] Leech Seed|[of] p1a: Scovillain\n|upkeep\n|turn|4\n|\n|t:|1776582655\n|move|p1a: Scovillain|Rage Powder|p1a: Scovillain\n|-singleturn|p1a: Scovillain|move: Rage Powder\n|move|p2a: Rotom|Electroweb|p1b: Primarina|[spread] p1a,p1b\n|-resisted|p1a: Scovillain|1\n|-supereffective|p1b: Primarina|1\n|-damage|p1a: Scovillain|92/100\n|-damage|p1b: Primarina|65/100\n|-unboost|p1a: Scovillain|spe|1\n|-unboost|p1b: Primarina|spe|1\n|-status|p2a: Rotom|brn|[from] ability: Spicy Spray|[of] p1a: Scovillain\n|move|p2b: Garchomp|Earthquake|p1a: Scovillain|[spread] p1a,p1b\n|-immune|p2a: Rotom|[from] ability: Levitate\n|-crit|p1a: Scovillain\n|-damage|p1a: Scovillain|0 fnt\n|-damage|p1b: Primarina|0 fnt\n|-status|p2b: Garchomp|brn|[from] ability: Spicy Spray|[of] p1a: Scovillain\n|-enditem|p2b: Garchomp|Lum Berry|[eat]\n|-curestatus|p2b: Garchomp|brn|[msg]\n|faint|p1a: Scovillain\n|faint|p1b: Primarina\n|\n|-damage|p2a: Rotom|95/100 brn|[from] brn\n|upkeep\n|\n|t:|1776582674\n|switch|p1b: Corviknight|Corviknight, L50, M|100/100\n|switch|p1a: Sinistcha|Sinistcha, L50|100/100\n|turn|5\n|\n|t:|1776582687\n|switch|p2a: Incineroar|Incineroar, L50, M|69/100\n|-ability|p2a: Incineroar|Intimidate|boost\n|-unboost|p1a: Sinistcha|atk|1\n|-ability|p1b: Corviknight|Mirror Armor\n|-unboost|p2a: Incineroar|atk|1\n|move|p1a: Sinistcha|Rage Powder|p1a: Sinistcha\n|-singleturn|p1a: Sinistcha|move: Rage Powder\n|move|p2b: Garchomp|Dragon Claw|p1a: Sinistcha\n|-damage|p1a: Sinistcha|0 fnt\n|faint|p1a: Sinistcha\n|move|p1b: Corviknight|Bulk Up|p1b: Corviknight\n|-boost|p1b: Corviknight|atk|1\n|-boost|p1b: Corviknight|def|1\n|\n|upkeep\n|turn|6\n|\n|t:|1776582707\n|move|p2a: Incineroar|Fake Out|p1b: Corviknight\n|-resisted|p1b: Corviknight|1\n|-damage|p1b: Corviknight|99/100\n|move|p2b: Garchomp|Dragon Claw|p1b: Corviknight\n|-resisted|p1b: Corviknight|1\n|-damage|p1b: Corviknight|65/100\n|cant|p1b: Corviknight|flinch\n|\n|upkeep\n|turn|7\n|\n|t:|1776582717\n|switch|p2a: Rotom|Rotom-Wash, L50|95/100 brn\n|move|p2b: Garchomp|Dragon Claw|p1b: Corviknight\n|-resisted|p1b: Corviknight|1\n|-damage|p1b: Corviknight|30/100\n|move|p1b: Corviknight|Bulk Up|p1b: Corviknight\n|-boost|p1b: Corviknight|atk|1\n|-boost|p1b: Corviknight|def|1\n|\n|-damage|p2a: Rotom|89/100 brn|[from] brn\n|upkeep\n|turn|8\n|-message|MightyTaggart forfeited.\n|\n|win|Marshadow27\n|raw|MightyTaggart's rating: 1464 &rarr; <strong>1441</strong><br />(-23 for losing)\n|raw|Marshadow27's rating: 1407 &rarr; <strong>1430</strong><br />(+23 for winning)\n|l|\u2606MightyTaggart\n|player|p1|\n|l|\u2606Marshadow27\n|player|p2|\n",
  "uploadtime": 1776582748,
  "views": 15,
  "formatid": "gen9championsvgc2026regma",
  "rating": 1430,
  "private": 0,
  "password": null
}