{
  "id": "gen9championsvgc2026regma-2583967024",
  "format": "[Gen 9 Champions] VGC 2026 Reg M-A",
  "players": [
    "JimmiBunnie",
    "The_AG_Is_Real"
  ],
  "log": "|j|\u2606JimmiBunnie\n|j|\u2606The_AG_Is_Real\n|t:|1776212605\n|gametype|doubles\n|player|p1|JimmiBunnie|pokekid|1122\n|player|p2|The_AG_Is_Real|rika|1215\n|gen|9\n|tier|[Gen 9 Champions] VGC 2026 Reg M-A\n|rated|\n|rule|Species Clause: Limit one of each Pok\u00e9mon\n|rule|Item Clause: Limit 1 of each item\n|clearpoke\n|poke|p1|Lopunny, L50, F|\n|poke|p1|Garchomp, L50, M|\n|poke|p1|Incineroar, L50, M|\n|poke|p1|Rotom-Wash, L50|\n|poke|p1|Whimsicott, L50, F|\n|poke|p1|Milotic, L50, F|\n|poke|p2|Clefable, L50, F|\n|poke|p2|Incineroar, L50, F|\n|poke|p2|Kingambit, L50, M|\n|poke|p2|Sneasler, L50, M|\n|poke|p2|Kommo-o, L50, M|\n|poke|p2|Delphox, L50, M|\n|teampreview|4\n|inactive|Battle timer is ON: inactive players will automatically lose when time's up. (requested by The_AG_Is_Real)\n|inactive|JimmiBunnie has 60 seconds left.\n|inactive|The_AG_Is_Real has 60 seconds left.\n|\n|t:|1776212653\n|teamsize|p1|4\n|teamsize|p2|4\n|start\n|switch|p1a: Milotic|Milotic, L50, F|100/100\n|switch|p1b: Incineroar|Incineroar, L50, M|100/100\n|switch|p2a: Sneasler|Sneasler, L50, M|100/100\n|switch|p2b: Kommo-o|Kommo-o, L50, M|100/100\n|-ability|p1b: Incineroar|Intimidate|boost\n|-unboost|p2a: Sneasler|atk|1\n|-unboost|p2b: Kommo-o|atk|1\n|turn|1\n|inactive|JimmiBunnie has 30 seconds left.\n|\n|t:|1776212679\n|move|p2a: Sneasler|Fake Out|p1b: Incineroar\n|-damage|p1b: Incineroar|92/100\n|-status|p1b: Incineroar|psn|[from] ability: Poison Touch|[of] p2a: Sneasler\n|cant|p1b: Incineroar|flinch\n|move|p2b: Kommo-o|Clangorous Soul|p2b: Kommo-o\n|-boost|p2b: Kommo-o|atk|1\n|-boost|p2b: Kommo-o|def|1\n|-boost|p2b: Kommo-o|spa|1\n|-boost|p2b: Kommo-o|spd|1\n|-boost|p2b: Kommo-o|spe|1\n|-damage|p2b: Kommo-o|68/100\n|move|p1a: Milotic|Icy Wind|p2a: Sneasler|[spread] p2a,p2b\n|-supereffective|p2b: Kommo-o|1\n|-damage|p2a: Sneasler|88/100\n|-damage|p2b: Kommo-o|52/100\n|-unboost|p2a: Sneasler|spe|1\n|-unboost|p2b: Kommo-o|spe|1\n|\n|-heal|p2b: Kommo-o|58/100|[from] item: Leftovers\n|-damage|p1b: Incineroar|79/100 psn|[from] psn\n|upkeep\n|turn|2\n|inactive|JimmiBunnie has 30 seconds left.\n|inactive|The_AG_Is_Real has 30 seconds left.\n|\n|t:|1776212709\n|move|p2b: Kommo-o|Clanging Scales|p1b: Incineroar|[spread] p1a,p1b\n|-damage|p1a: Milotic|64/100\n|-damage|p1b: Incineroar|37/100 psn\n|-enditem|p1b: Incineroar|Sitrus Berry|[eat]\n|-heal|p1b: Incineroar|62/100 psn|[from] item: Sitrus Berry\n|-unboost|p2b: Kommo-o|def|1\n|move|p2a: Sneasler|Close Combat|p1b: Incineroar\n|-supereffective|p1b: Incineroar|1\n|-damage|p1b: Incineroar|0 fnt\n|-unboost|p2a: Sneasler|def|1\n|-unboost|p2a: Sneasler|spd|1\n|faint|p1b: Incineroar\n|move|p1a: Milotic|Icy Wind|p2b: Kommo-o|[spread] p2b\n|-miss|p1a: Milotic|p2a: Sneasler\n|-supereffective|p2b: Kommo-o|1\n|-damage|p2b: Kommo-o|43/100\n|-unboost|p2b: Kommo-o|spe|1\n|\n|-heal|p1a: Milotic|70/100|[from] item: Leftovers\n|-heal|p2b: Kommo-o|49/100|[from] item: Leftovers\n|upkeep\n|inactive|JimmiBunnie has 30 seconds left.\n|\n|t:|1776212734\n|switch|p1b: Lopunny|Lopunny, L50, F|100/100\n|turn|3\n|inactive|JimmiBunnie has 30 seconds left.\n|\n|t:|1776212763\n|detailschange|p1b: Lopunny|Lopunny-Mega, L50, F\n|-mega|p1b: Lopunny|Lopunny|Lopunnite\n|move|p1b: Lopunny|Fake Out|p2a: Sneasler\n|-damage|p2a: Sneasler|33/100\n|cant|p2a: Sneasler|flinch\n|move|p1a: Milotic|Icy Wind|p2b: Kommo-o|[spread] p2a,p2b\n|-supereffective|p2b: Kommo-o|1\n|-damage|p2a: Sneasler|13/100\n|-damage|p2b: Kommo-o|34/100\n|-unboost|p2a: Sneasler|spe|1\n|-unboost|p2b: Kommo-o|spe|1\n|move|p2b: Kommo-o|Aura Sphere|p1b: Lopunny\n|-supereffective|p1b: Lopunny|1\n|-damage|p1b: Lopunny|0 fnt\n|faint|p1b: Lopunny\n|\n|-heal|p1a: Milotic|76/100|[from] item: Leftovers\n|-heal|p2b: Kommo-o|40/100|[from] item: Leftovers\n|upkeep\n|\n|t:|1776212778\n|switch|p1b: Rotom|Rotom-Wash, L50|100/100\n|turn|4\n|\n|t:|1776212788\n|switch|p2a: Kingambit|Kingambit, L50, M|100/100\n|move|p1b: Rotom|Volt Switch|p2b: Kommo-o\n|-resisted|p2b: Kommo-o|1\n|-damage|p2b: Kommo-o|28/100\n|move|p1a: Milotic|Icy Wind|p2b: Kommo-o|[spread] p2a,p2b\n|-resisted|p2a: Kingambit|1\n|-supereffective|p2b: Kommo-o|1\n|-damage|p2a: Kingambit|96/100\n|-damage|p2b: Kommo-o|13/100\n|-unboost|p2a: Kingambit|spe|1\n|-ability|p2a: Kingambit|Defiant|boost\n|-boost|p2a: Kingambit|atk|2\n|-unboost|p2b: Kommo-o|spe|1\n|move|p2b: Kommo-o|Clanging Scales|p1a: Milotic|[spread] p1a,p1b\n|-damage|p1a: Milotic|44/100\n|-damage|p1b: Rotom|32/100\n|-unboost|p2b: Kommo-o|def|1\n|\n|-heal|p1a: Milotic|50/100|[from] item: Leftovers\n|-heal|p2b: Kommo-o|19/100|[from] item: Leftovers\n|upkeep\n|turn|5\n|c|\u2606The_AG_Is_Real|gg\n|inactive|JimmiBunnie has 30 seconds left.\n|\n|t:|1776212814\n|move|p2a: Kingambit|Sucker Punch|p1a: Milotic\n|-damage|p1a: Milotic|0 fnt\n|faint|p1a: Milotic\n|move|p1b: Rotom|Hydro Pump|p2a: Kingambit\n|-damage|p2a: Kingambit|44/100\n|move|p2b: Kommo-o|Clanging Scales|p1b: Rotom\n|-crit|p1b: Rotom\n|-damage|p1b: Rotom|0 fnt\n|faint|p1b: Rotom\n|\n|win|The_AG_Is_Real\n|raw|JimmiBunnie's rating: 1122 &rarr; <strong>1104</strong><br />(-18 for losing)\n|raw|The_AG_Is_Real's rating: 1215 &rarr; <strong>1233</strong><br />(+18 for winning)\n",
  "uploadtime": 1776212814,
  "views": 20,
  "formatid": "gen9championsvgc2026regma",
  "rating": 1104,
  "private": 0,
  "password": null
}