{
  "id": "gen9championsvgc2026regma-2585665764",
  "format": "[Gen 9 Champions] VGC 2026 Reg M-A",
  "players": [
    "jeffxyuki",
    "XxSlayer717xX"
  ],
  "log": "|j|\u2606jeffxyuki\n|j|\u203dXxSlayer717xX\n|t:|1776362260\n|gametype|doubles\n|player|p1|jeffxyuki|hiker-gen4|1079\n|player|p2|XxSlayer717xX|102|1000\n|gen|9\n|tier|[Gen 9 Champions] VGC 2026 Reg M-A\n|rated|\n|rule|Species Clause: Limit one of each Pok\u00e9mon\n|rule|Item Clause: Limit 1 of each item\n|clearpoke\n|poke|p1|Gallade, L50, M|\n|poke|p1|Aerodactyl, L50, M|\n|poke|p1|Jolteon, L50, M|\n|poke|p1|Sneasler, L50, F|\n|poke|p1|Basculegion, L50, M|\n|poke|p1|Pelipper, L50, F|\n|poke|p2|Starmie, L50|\n|poke|p2|Incineroar, L50, M|\n|poke|p2|Tyranitar, L50, F|\n|poke|p2|Farigiraf, L50, F|\n|poke|p2|Cofagrigus, L50, M|\n|poke|p2|Empoleon, L50, M|\n|teampreview|4\n|\n|t:|1776362288\n|teamsize|p1|4\n|teamsize|p2|4\n|start\n|switch|p1a: Aerodactyl|Aerodactyl, L50, M|100/100\n|switch|p1b: Gallade|Gallade, L50, M, shiny|100/100\n|switch|p2a: Starmie|Starmie, L50|100/100\n|switch|p2b: Cofagrigus|Cofagrigus, L50, M|100/100\n|-ability|p1a: Aerodactyl|Unnerve\n|turn|1\n|\n|t:|1776362313\n|switch|p2b: Incineroar|Incineroar, L50, M|100/100\n|-ability|p2b: Incineroar|Intimidate|boost\n|-unboost|p1a: Aerodactyl|atk|1\n|-unboost|p1b: Gallade|atk|1\n|detailschange|p1a: Aerodactyl|Aerodactyl-Mega, L50, M\n|-mega|p1a: Aerodactyl|Aerodactyl|Aerodactylite\n|detailschange|p2a: Starmie|Starmie-Mega, L50\n|-mega|p2a: Starmie|Starmie|Starminite\n|move|p1a: Aerodactyl|Tailwind|p1a: Aerodactyl\n|-sidestart|p1: jeffxyuki|move: Tailwind\n|move|p1b: Gallade|Night Slash|p2a: Starmie\n|-supereffective|p2a: Starmie|1\n|-crit|p2a: Starmie\n|-damage|p2a: Starmie|0 fnt\n|faint|p2a: Starmie\n|\n|upkeep\n|\n|t:|1776362330\n|switch|p2a: Cofagrigus|Cofagrigus, L50, M|100/100\n|turn|2\n|\n|t:|1776362351\n|move|p2b: Incineroar|Fake Out|p1b: Gallade\n|-damage|p1b: Gallade|80/100\n|move|p1a: Aerodactyl|Rock Slide|p2b: Incineroar|[spread] p2b\n|-miss|p1a: Aerodactyl|p2a: Cofagrigus\n|-supereffective|p2b: Incineroar|1\n|-damage|p2b: Incineroar|65/100\n|cant|p1b: Gallade|flinch\n|move|p2a: Cofagrigus|Trick Room|p2a: Cofagrigus\n|-fieldstart|move: Trick Room|[of] p2a: Cofagrigus\n|\n|upkeep\n|turn|3\n|\n|t:|1776362377\n|move|p2a: Cofagrigus|Shadow Ball|p1a: Aerodactyl\n|-damage|p1a: Aerodactyl|64/100\n|move|p2b: Incineroar|Drain Punch|p1a: Aerodactyl\n|-damage|p1a: Aerodactyl|37/100\n|-heal|p2b: Incineroar|78/100|[from] drain|[of] p1a: Aerodactyl\n|move|p1b: Gallade|Night Slash|p2a: Cofagrigus\n|-supereffective|p2a: Cofagrigus|1\n|-damage|p2a: Cofagrigus|64/100\n|-activate|p2a: Cofagrigus|ability: Mummy|p1b: Gallade|[ability] Sharpness\n|move|p1a: Aerodactyl|Rock Slide|p2a: Cofagrigus|[spread] p2b\n|-miss|p1a: Aerodactyl|p2a: Cofagrigus\n|-supereffective|p2b: Incineroar|1\n|-damage|p2b: Incineroar|45/100\n|-enditem|p2b: Incineroar|Sitrus Berry|[eat]\n|-heal|p2b: Incineroar|69/100|[from] item: Sitrus Berry\n|\n|upkeep\n|turn|4\n|\n|t:|1776362408\n|switch|p1a: Pelipper|Pelipper, L50, F|100/100\n|-weather|RainDance|[from] ability: Drizzle|[of] p1a: Pelipper\n|move|p2a: Cofagrigus|Shadow Ball|p1a: Pelipper\n|-damage|p1a: Pelipper|56/100\n|move|p2b: Incineroar|Drain Punch|p1a: Pelipper\n|-resisted|p1a: Pelipper|1\n|-damage|p1a: Pelipper|47/100\n|-heal|p2b: Incineroar|73/100|[from] drain|[of] p1a: Pelipper\n|move|p1b: Gallade|Sacred Sword|p2b: Incineroar\n|-supereffective|p2b: Incineroar|1\n|-crit|p2b: Incineroar\n|-damage|p2b: Incineroar|0 fnt\n|faint|p2b: Incineroar\n|\n|-weather|RainDance|[upkeep]\n|-heal|p1a: Pelipper|53/100|[from] item: Leftovers\n|-sideend|p1: jeffxyuki|move: Tailwind\n|upkeep\n|\n|t:|1776362423\n|switch|p2b: Tyranitar|Tyranitar, L50, F|100/100\n|-weather|Sandstorm|[from] ability: Sand Stream|[of] p2b: Tyranitar\n|turn|5\n|\n|t:|1776362435\n|move|p2a: Cofagrigus|Shadow Ball|p1b: Gallade\n|-supereffective|p1b: Gallade|1\n|-damage|p1b: Gallade|16/100\n|move|p2b: Tyranitar|Rock Slide|p1b: Gallade|[spread] p1a,p1b\n|-supereffective|p1a: Pelipper|1\n|-resisted|p1b: Gallade|1\n|-damage|p1a: Pelipper|0 fnt\n|-damage|p1b: Gallade|0 fnt\n|faint|p1a: Pelipper\n|faint|p1b: Gallade\n|\n|-weather|Sandstorm|[upkeep]\n|-damage|p2a: Cofagrigus|58/100|[from] Sandstorm\n|upkeep\n|\n|t:|1776362448\n|switch|p1a: Aerodactyl|Aerodactyl-Mega, L50, M|37/100\n|switch|p1b: Basculegion|Basculegion, L50, M, shiny|100/100\n|turn|6\n|\n|t:|1776362464\n|move|p2a: Cofagrigus|Shadow Ball|p1b: Basculegion\n|-supereffective|p1b: Basculegion|1\n|-damage|p1b: Basculegion|33/100\n|move|p2b: Tyranitar|Rock Slide|p1b: Basculegion|[spread] p1a,p1b\n|-supereffective|p1a: Aerodactyl|1\n|-damage|p1a: Aerodactyl|0 fnt\n|-damage|p1b: Basculegion|0 fnt\n|faint|p1a: Aerodactyl\n|faint|p1b: Basculegion\n|\n|win|XxSlayer717xX\n|raw|jeffxyuki's rating: 1079 &rarr; <strong>1052</strong><br />(-27 for losing)\n|raw|XxSlayer717xX's rating: 1000 &rarr; <strong>1049</strong><br />(+49 for winning)\n|l|\u2606jeffxyuki\n|player|p1|\n",
  "uploadtime": 1776362474,
  "views": 31,
  "formatid": "gen9championsvgc2026regma",
  "rating": 1049,
  "private": 0,
  "password": null
}