{
  "id": "gen9championsvgc2026regma-2587372076",
  "format": "[Gen 9 Champions] VGC 2026 Reg M-A",
  "players": [
    "elmassagista",
    "Mengao100%Jesus"
  ],
  "log": "|j|\u2606elmassagista\n|j|\u2606Mengao100%Jesus\n|t:|1776526259\n|gametype|doubles\n|player|p1|elmassagista|cress|1147\n|player|p2|Mengao100%Jesus|gardenia|1106\n|gen|9\n|tier|[Gen 9 Champions] VGC 2026 Reg M-A\n|rated|\n|rule|Species Clause: Limit one of each Pok\u00e9mon\n|rule|Item Clause: Limit 1 of each item\n|clearpoke\n|poke|p1|Politoed, L50, M|\n|poke|p1|Simipour, L50, M|\n|poke|p1|Gengar, L50, F|\n|poke|p1|Incineroar, L50, M|\n|poke|p1|Kingambit, L50, F|\n|poke|p1|Maushold, L50|\n|poke|p2|Charizard, L50, M|\n|poke|p2|Garchomp, L50, M|\n|poke|p2|Gardevoir, L50, M|\n|poke|p2|Milotic, L50, F|\n|poke|p2|Incineroar, L50, F|\n|poke|p2|Venusaur, L50, F|\n|teampreview|4\n|c|\u2606elmassagista|HuehueBR\n|\n|t:|1776526299\n|teamsize|p1|4\n|teamsize|p2|4\n|start\n|switch|p1a: Simipour|Simipour, L50, M|100/100\n|switch|p1b: Gengar|Gengar, L50, F|100/100\n|switch|p2a: Charizard|Charizard, L50, M|100/100\n|switch|p2b: Venusaur|Venusaur, L50, F|100/100\n|turn|1\n|\n|t:|1776526317\n|detailschange|p1b: Gengar|Gengar-Mega, L50, F\n|-mega|p1b: Gengar|Gengar|Gengarite\n|detailschange|p2a: Charizard|Charizard-Mega-Y, L50, M\n|-mega|p2a: Charizard|Charizard|Charizardite Y\n|-weather|SunnyDay|[from] ability: Drought|[of] p2a: Charizard\n|move|p1a: Simipour|Fake Out|p2b: Venusaur\n|-damage|p2b: Venusaur|91/100\n|move|p1b: Gengar|Sludge Bomb|p2a: Charizard\n|-damage|p2a: Charizard|40/100\n|cant|p2b: Venusaur|flinch\n|move|p2a: Charizard|Heat Wave|p1a: Simipour|[spread] p1a,p1b\n|-resisted|p1a: Simipour|1\n|-damage|p1a: Simipour|46/100\n|-damage|p1b: Gengar|11/100\n|\n|-weather|SunnyDay|[upkeep]\n|upkeep\n|turn|2\n|\n|t:|1776526341\n|switch|p1a: Politoed|Politoed, L50, M|100/100\n|-weather|RainDance|[from] ability: Drizzle|[of] p1a: Politoed\n|move|p2a: Charizard|Protect|p2a: Charizard\n|-singleturn|p2a: Charizard|Protect\n|move|p1b: Gengar|Sludge Bomb|p2b: Venusaur\n|-damage|p2b: Venusaur|40/100\n|move|p2b: Venusaur|Sleep Powder|p1a: Politoed\n|-status|p1a: Politoed|slp|[from] move: Sleep Powder\n|\n|-weather|RainDance|[upkeep]\n|upkeep\n|turn|3\n|\n|t:|1776526375\n|move|p1b: Gengar|Sludge Bomb|p2b: Venusaur\n|-damage|p2b: Venusaur|0 fnt\n|faint|p2b: Venusaur\n|move|p2a: Charizard|Heat Wave|p1b: Gengar|[spread] p1a,p1b\n|-resisted|p1a: Politoed|1\n|-damage|p1a: Politoed|93/100 slp\n|-damage|p1b: Gengar|0 fnt\n|faint|p1b: Gengar\n|cant|p1a: Politoed|slp\n|\n|-weather|RainDance|[upkeep]\n|-heal|p1a: Politoed|99/100 slp|[from] item: Leftovers\n|upkeep\n|\n|t:|1776526389\n|switch|p1b: Simipour|Simipour, L50, M|46/100\n|switch|p2b: Gardevoir|Gardevoir, L50, M|100/100\n|turn|4\n|\n|t:|1776526406\n|switch|p2a: Incineroar|Incineroar, L50, F|100/100\n|-ability|p2a: Incineroar|Intimidate|boost\n|-unboost|p1a: Politoed|atk|1\n|-unboost|p1b: Simipour|atk|1\n|move|p1b: Simipour|Scald|p2a: Incineroar\n|-supereffective|p2a: Incineroar|1\n|-damage|p2a: Incineroar|0 fnt\n|faint|p2a: Incineroar\n|move|p2b: Gardevoir|Thunderbolt|p1b: Simipour\n|-supereffective|p1b: Simipour|1\n|-damage|p1b: Simipour|0 fnt\n|faint|p1b: Simipour\n|cant|p1a: Politoed|slp\n|\n|-weather|RainDance|[upkeep]\n|-heal|p1a: Politoed|100/100 slp|[from] item: Leftovers\n|upkeep\n|\n|t:|1776526422\n|switch|p1b: Kingambit|Kingambit, L50, F|100/100\n|switch|p2a: Charizard|Charizard-Mega-Y, L50, M|40/100\n|-weather|SunnyDay|[from] ability: Drought|[of] p2a: Charizard\n|turn|5\n|\n|t:|1776526472\n|move|p1b: Kingambit|Protect|p1b: Kingambit\n|-singleturn|p1b: Kingambit|Protect\n|move|p2a: Charizard|Heat Wave|p1b: Kingambit|[spread] p1a\n|-activate|p1b: Kingambit|move: Protect\n|-resisted|p1a: Politoed|1\n|-damage|p1a: Politoed|75/100 slp\n|move|p2b: Gardevoir|Thunderbolt|p1a: Politoed\n|-supereffective|p1a: Politoed|1\n|-damage|p1a: Politoed|25/100 slp\n|-curestatus|p1a: Politoed|slp|[msg]\n|move|p1a: Politoed|Icy Wind|p2b: Gardevoir|[spread] p2a,p2b\n|-crit|p2a: Charizard\n|-damage|p2a: Charizard|26/100\n|-damage|p2b: Gardevoir|92/100\n|-unboost|p2a: Charizard|spe|1\n|-unboost|p2b: Gardevoir|spe|1\n|\n|-weather|SunnyDay|[upkeep]\n|-heal|p1a: Politoed|32/100|[from] item: Leftovers\n|upkeep\n|turn|6\n|\n|t:|1776526494\n|move|p2a: Charizard|Protect|p2a: Charizard\n|-singleturn|p2a: Charizard|Protect\n|move|p1b: Kingambit|Sucker Punch||[still]\n|-fail|p1b: Kingambit\n|move|p1a: Politoed|Muddy Water|p2a: Charizard|[spread] p2b\n|-activate|p2a: Charizard|move: Protect\n|-damage|p2b: Gardevoir|83/100\n|move|p2b: Gardevoir|Trick Room|p2b: Gardevoir\n|-fieldstart|move: Trick Room|[of] p2b: Gardevoir\n|\n|-weather|SunnyDay|[upkeep]\n|-heal|p1a: Politoed|38/100|[from] item: Leftovers\n|upkeep\n|turn|7\n|\n|t:|1776526517\n|move|p2b: Gardevoir|Moonblast|p1b: Kingambit\n|-damage|p1b: Kingambit|53/100\n|move|p1b: Kingambit|Kowtow Cleave|p2a: Charizard\n|-damage|p2a: Charizard|0 fnt\n|faint|p2a: Charizard\n|move|p1a: Politoed|Muddy Water|p2b: Gardevoir\n|-damage|p2b: Gardevoir|71/100\n|-unboost|p2b: Gardevoir|accuracy|1\n|\n|-weather|SunnyDay|[upkeep]\n|-heal|p1a: Politoed|44/100|[from] item: Leftovers\n|upkeep\n|turn|8\n|\n|t:|1776526536\n|move|p2b: Gardevoir|Moonblast|p1b: Kingambit\n|-damage|p1b: Kingambit|9/100\n|move|p1b: Kingambit|Iron Head|p2b: Gardevoir\n|-supereffective|p2b: Gardevoir|1\n|-damage|p2b: Gardevoir|0 fnt\n|faint|p2b: Gardevoir\n|\n|win|elmassagista\n|raw|elmassagista's rating: 1147 &rarr; <strong>1169</strong><br />(+22 for winning)\n|raw|Mengao100%Jesus's rating: 1106 &rarr; <strong>1084</strong><br />(-22 for losing)\n|l|\u2606Mengao100%Jesus\n|player|p2|\n",
  "uploadtime": 1776526560,
  "views": 22,
  "formatid": "gen9championsvgc2026regma",
  "rating": 1084,
  "private": 0,
  "password": null
}