{
  "id": "gen9championsvgc2026regma-2583165930",
  "format": "[Gen 9 Champions] VGC 2026 Reg M-A",
  "players": [
    "cheeseguy43",
    "altstore"
  ],
  "log": "|j|\u2606cheeseguy43\n|j|\u2606altstore\n|t:|1776150038\n|gametype|doubles\n|player|p1|cheeseguy43|lucas|1004\n|player|p2|altstore|plasmagruntf-gen5bw|1000\n|gen|9\n|tier|[Gen 9 Champions] VGC 2026 Reg M-A\n|rated|\n|rule|Species Clause: Limit one of each Pok\u00e9mon\n|rule|Item Clause: Limit 1 of each item\n|clearpoke\n|poke|p1|Whimsicott, L50, M|\n|poke|p1|Greninja-*, L50, F|\n|poke|p1|Dragonite, L50, M|\n|poke|p1|Maushold, L50|\n|poke|p1|Hawlucha, L50, F|\n|poke|p1|Garchomp, L50, M|\n|poke|p2|Aggron, L50, F|\n|poke|p2|Archaludon, L50, F|\n|poke|p2|Meowstic, L50, M|\n|poke|p2|Basculegion, L50, M|\n|poke|p2|Sinistcha, L50|\n|poke|p2|Maushold-Four, L50|\n|teampreview|4\n|inactive|Battle timer is ON: inactive players will automatically lose when time's up. (requested by cheeseguy43)\n|\n|t:|1776150064\n|teamsize|p1|4\n|teamsize|p2|4\n|start\n|switch|p1a: Hawlucha|Hawlucha, L50, F|100/100\n|switch|p1b: Maushold|Maushold, L50|100/100\n|switch|p2a: Meowstic|Meowstic, L50, M|100/100\n|switch|p2b: Maushold|Maushold-Four, L50|100/100\n|-ability|p1a: Hawlucha|Mold Breaker\n|turn|1\n|\n|t:|1776150081\n|detailschange|p1a: Hawlucha|Hawlucha-Mega, L50, F\n|-mega|p1a: Hawlucha|Hawlucha|Hawluchanite\n|move|p1b: Maushold|Follow Me|p1b: Maushold\n|-singleturn|p1b: Maushold|move: Follow Me\n|move|p2a: Meowstic|Rain Dance|p2a: Meowstic\n|-weather|RainDance\n|move|p1a: Hawlucha|Swords Dance|p1a: Hawlucha\n|-boost|p1a: Hawlucha|atk|2\n|move|p2b: Maushold|Taunt|p1b: Maushold\n|-start|p1b: Maushold|move: Taunt\n|\n|-weather|RainDance|[upkeep]\n|upkeep\n|turn|2\n|\n|t:|1776150104\n|switch|p2a: Archaludon|Archaludon, L50, F|100/100\n|move|p1b: Maushold|Super Fang|p2a: Archaludon\n|-damage|p2a: Archaludon|51/100\n|-ability|p2a: Archaludon|Stamina|boost\n|-boost|p2a: Archaludon|def|1\n|move|p1a: Hawlucha|Close Combat|p2b: Maushold\n|-supereffective|p2b: Maushold|1\n|-crit|p2b: Maushold\n|-damage|p2b: Maushold|0 fnt\n|-unboost|p1a: Hawlucha|def|1\n|-unboost|p1a: Hawlucha|spd|1\n|faint|p2b: Maushold\n|\n|-weather|RainDance|[upkeep]\n|upkeep\n|inactive|altstore has 30 seconds left.\n|\n|t:|1776150130\n|switch|p2b: Sinistcha|Sinistcha, L50|100/100\n|turn|3\n|-activate|p2a: Archaludon|item: Quick Claw\n|\n|t:|1776150136\n|move|p2b: Sinistcha|Rage Powder|p2b: Sinistcha\n|-singleturn|p2b: Sinistcha|move: Rage Powder\n|move|p2a: Archaludon|Electro Shot||[still]\n|-prepare|p2a: Archaludon|Electro Shot\n|-boost|p2a: Archaludon|spa|1\n|-anim|p2a: Archaludon|Electro Shot|p1a: Hawlucha\n|-supereffective|p1a: Hawlucha|1\n|-damage|p1a: Hawlucha|0 fnt\n|faint|p1a: Hawlucha\n|move|p1b: Maushold|Super Fang|p2b: Sinistcha\n|-immune|p2b: Sinistcha\n|\n|-weather|RainDance|[upkeep]\n|upkeep\n|\n|t:|1776150147\n|switch|p1a: Garchomp|Garchomp, L50, M|100/100\n|turn|4\n|-activate|p2a: Archaludon|item: Quick Claw\n|\n|t:|1776150161\n|move|p2a: Archaludon|Draco Meteor|p1a: Garchomp|[miss]\n|-miss|p2a: Archaludon|p1a: Garchomp\n|move|p1a: Garchomp|Dragon Claw|p2b: Sinistcha\n|-damage|p2b: Sinistcha|60/100\n|move|p1b: Maushold|Super Fang|p2a: Archaludon\n|-damage|p2a: Archaludon|26/100\n|-ability|p2a: Archaludon|Stamina|boost\n|-boost|p2a: Archaludon|def|1\n|move|p2b: Sinistcha|Strength Sap|p1a: Garchomp\n|-unboost|p1a: Garchomp|atk|1\n|-heal|p2b: Sinistcha|100/100\n|\n|-weather|RainDance|[upkeep]\n|-end|p1b: Maushold|move: Taunt\n|upkeep\n|turn|5\n|\n|t:|1776150181\n|move|p1b: Maushold|Helping Hand|p1a: Garchomp\n|-singleturn|p1a: Garchomp|Helping Hand|[of] p1b: Maushold\n|move|p2a: Archaludon|Protect|p2a: Archaludon\n|-singleturn|p2a: Archaludon|Protect\n|move|p1a: Garchomp|Dragon Claw|p2a: Archaludon\n|-activate|p2a: Archaludon|move: Protect\n|move|p2b: Sinistcha|Matcha Gotcha|p1a: Garchomp|[spread] p1a,p1b\n|-damage|p1a: Garchomp|79/100\n|-damage|p1b: Maushold|72/100\n|-status|p1a: Garchomp|brn\n|\n|-weather|none\n|-damage|p1a: Garchomp|73/100 brn|[from] brn\n|upkeep\n|turn|6\n|inactive|altstore has 30 seconds left.\n|\n|t:|1776150209\n|switch|p2a: Meowstic|Meowstic, L50, M|100/100\n|move|p1a: Garchomp|Dragon Claw|p2a: Meowstic\n|-damage|p2a: Meowstic|86/100\n|move|p1b: Maushold|Super Fang|p2a: Meowstic\n|-damage|p2a: Meowstic|43/100\n|move|p2b: Sinistcha|Strength Sap|p1b: Maushold\n|-unboost|p1b: Maushold|atk|1\n|\n|-damage|p1a: Garchomp|67/100 brn|[from] brn\n|upkeep\n|turn|7\n|inactive|altstore has 30 seconds left.\n|\n|t:|1776150234\n|switch|p1a: Dragonite|Dragonite, L50, M|100/100\n|move|p2a: Meowstic|Rain Dance|p2a: Meowstic\n|-weather|RainDance\n|move|p1b: Maushold|Thunder Wave|p2b: Sinistcha\n|-status|p2b: Sinistcha|par\n|move|p2b: Sinistcha|Shadow Ball|p1a: Dragonite\n|-crit|p1a: Dragonite\n|-damage|p1a: Dragonite|59/100\n|-unboost|p1a: Dragonite|spd|1\n|\n|-weather|RainDance|[upkeep]\n|upkeep\n|turn|8\n|inactive|cheeseguy43 has 30 seconds left.\n|inactive|altstore has 30 seconds left.\n|\n|t:|1776150264\n|move|p1b: Maushold|Follow Me|p1b: Maushold\n|-singleturn|p1b: Maushold|move: Follow Me\n|move|p2a: Meowstic|Light Screen|p2a: Meowstic\n|-sidestart|p2: altstore|move: Light Screen\n|move|p1a: Dragonite|Dragon Dance|p1a: Dragonite\n|-boost|p1a: Dragonite|atk|1\n|-boost|p1a: Dragonite|spe|1\n|cant|p2b: Sinistcha|par\n|\n|-weather|RainDance|[upkeep]\n|upkeep\n|turn|9\n|-activate|p1a: Dragonite|item: Quick Claw\n|\n|t:|1776150283\n|move|p1a: Dragonite|Ice Spinner|p2b: Sinistcha\n|-supereffective|p2b: Sinistcha|1\n|-damage|p2b: Sinistcha|4/100 par\n|move|p1b: Maushold|Thunder Wave|p2a: Meowstic\n|-status|p2a: Meowstic|par\n|move|p2a: Meowstic|Psychic|p1b: Maushold\n|-damage|p1b: Maushold|37/100\n|-enditem|p1b: Maushold|Sitrus Berry|[eat]\n|-heal|p1b: Maushold|62/100|[from] item: Sitrus Berry\n|move|p2b: Sinistcha|Strength Sap|p1a: Dragonite\n|-unboost|p1a: Dragonite|atk|1\n|-heal|p2b: Sinistcha|100/100 par\n|\n|-weather|RainDance|[upkeep]\n|upkeep\n|turn|10\n|inactive|cheeseguy43 has 30 seconds left.\n|\n|t:|1776150310\n|move|p1b: Maushold|Follow Me|p1b: Maushold\n|-singleturn|p1b: Maushold|move: Follow Me\n|move|p1a: Dragonite|Dragon Dance|p1a: Dragonite\n|-boost|p1a: Dragonite|atk|1\n|-boost|p1a: Dragonite|spe|1\n|move|p2a: Meowstic|Psychic|p1b: Maushold\n|-damage|p1b: Maushold|25/100\n|move|p2b: Sinistcha|Strength Sap|p1b: Maushold\n|-unboost|p1b: Maushold|atk|1\n|\n|-weather|RainDance|[upkeep]\n|upkeep\n|turn|11\n|\n|t:|1776150327\n|move|p1b: Maushold|Helping Hand|p1a: Dragonite\n|-singleturn|p1a: Dragonite|Helping Hand|[of] p1b: Maushold\n|move|p2b: Sinistcha|Rage Powder|p2b: Sinistcha\n|-singleturn|p2b: Sinistcha|move: Rage Powder\n|move|p1a: Dragonite|Ice Spinner|p2b: Sinistcha\n|-supereffective|p2b: Sinistcha|1\n|-damage|p2b: Sinistcha|0 fnt\n|faint|p2b: Sinistcha\n|cant|p2a: Meowstic|par\n|\n|-weather|none\n|upkeep\n|\n|t:|1776150335\n|switch|p2b: Archaludon|Archaludon, L50, F|26/100\n|turn|12\n|\n|t:|1776150348\n|move|p2a: Meowstic|Rain Dance|p2a: Meowstic\n|-weather|RainDance\n|move|p1a: Dragonite|Ice Spinner|p2b: Archaludon\n|-damage|p2b: Archaludon|0 fnt\n|faint|p2b: Archaludon\n|move|p1b: Maushold|Super Fang|p2a: Meowstic\n|-damage|p2a: Meowstic|22/100 par\n|\n|-weather|RainDance|[upkeep]\n|-sideend|p2: altstore|move: Light Screen\n|upkeep\n|turn|13\n|-message|altstore forfeited.\n|\n|win|cheeseguy43\n|raw|cheeseguy43's rating: 1004 &rarr; <strong>1043</strong><br />(+39 for winning)\n|raw|altstore's rating: 1000 &rarr; <strong>1000</strong><br />(+0 for losing)\n|l|\u2606altstore\n|player|p2|\n",
  "uploadtime": 1776150360,
  "views": 29,
  "formatid": "gen9championsvgc2026regma",
  "rating": 1000,
  "private": 0,
  "password": null
}