{
  "id": "gen9championsvgc2026regma-2584962978",
  "format": "[Gen 9 Champions] VGC 2026 Reg M-A",
  "players": [
    "Dustin y Steve",
    "Gdyhxdhb"
  ],
  "log": "|j|\u2606Dustin y Steve\n|j|\u2606Gdyhxdhb\n|t:|1776298598\n|gametype|doubles\n|player|p1|Dustin y Steve|170|1082\n|player|p2|Gdyhxdhb|psychic-gen4|1000\n|gen|9\n|tier|[Gen 9 Champions] VGC 2026 Reg M-A\n|rated|\n|rule|Species Clause: Limit one of each Pok\u00e9mon\n|rule|Item Clause: Limit 1 of each item\n|clearpoke\n|poke|p1|Kingambit, L50, M|\n|poke|p1|Basculegion, L50, M|\n|poke|p1|Primarina, L50, M|\n|poke|p1|Sneasler, L50, F|\n|poke|p1|Sinistcha-Masterpiece, L50|\n|poke|p1|Crabominable, L50, F|\n|poke|p2|Aerodactyl, L50, F|\n|poke|p2|Meganium, L50, M|\n|poke|p2|Tauros-Paldea-Aqua, L50, M|\n|poke|p2|Kingambit, L50, M|\n|poke|p2|Garchomp, L50, M|\n|poke|p2|Skeledirge, L50, F|\n|teampreview|4\n|inactive|Battle timer is ON: inactive players will automatically lose when time's up. (requested by Gdyhxdhb)\n|inactive|Gdyhxdhb has 60 seconds left.\n|inactive|Dustin y Steve has 60 seconds left.\n|inactive|Gdyhxdhb has 30 seconds left.\n|l|\u2606Dustin y Steve\n|inactive|Dustin y Steve disconnected and has a minute to reconnect!\n|player|p1|\n|inactive|Gdyhxdhb has 20 seconds left.\n|j|\u2606Dustin y Steve\n|inactive|Dustin y Steve reconnected.\n|player|p1|Dustin y Steve|170|\n|\n|t:|1776298673\n|teamsize|p1|4\n|teamsize|p2|4\n|start\n|switch|p1a: Sinistcha|Sinistcha-Masterpiece, L50|100/100\n|switch|p1b: Sneasler|Sneasler, L50, F|100/100\n|switch|p2a: Skeledirge|Skeledirge, L50, F|100/100\n|switch|p2b: Meganium|Meganium, L50, M|100/100\n|turn|1\n|inactive|Dustin y Steve has 30 seconds left.\n|\n|t:|1776298699\n|detailschange|p2b: Meganium|Meganium-Mega, L50, M\n|-mega|p2b: Meganium|Meganium|Meganiumite\n|move|p2b: Meganium|Protect|p2b: Meganium\n|-singleturn|p2b: Meganium|Protect\n|move|p1b: Sneasler|Fake Out|p2b: Meganium\n|-activate|p2b: Meganium|move: Protect\n|move|p2a: Skeledirge|Torch Song|p1a: Sinistcha\n|-supereffective|p1a: Sinistcha|1\n|-damage|p1a: Sinistcha|16/100\n|-boost|p2a: Skeledirge|spa|1\n|move|p1a: Sinistcha|Trick Room|p1a: Sinistcha\n|-fieldstart|move: Trick Room|[of] p1a: Sinistcha\n|\n|upkeep\n|turn|2\n|inactive|Gdyhxdhb has 30 seconds left.\n|\n|t:|1776298725\n|switch|p2b: Aerodactyl|Aerodactyl, L50, F|100/100\n|-ability|p2b: Aerodactyl|Unnerve\n|move|p1a: Sinistcha|Strength Sap|p2a: Skeledirge\n|-unboost|p2a: Skeledirge|atk|1\n|-heal|p1a: Sinistcha|71/100\n|move|p2a: Skeledirge|Torch Song|p1b: Sneasler\n|-damage|p1b: Sneasler|27/100\n|-boost|p2a: Skeledirge|spa|1\n|move|p1b: Sneasler|Dire Claw|p2b: Aerodactyl\n|-resisted|p2b: Aerodactyl|1\n|-damage|p2b: Aerodactyl|69/100\n|-status|p2b: Aerodactyl|par\n|\n|upkeep\n|turn|3\n|inactive|Dustin y Steve has 30 seconds left.\n|\n|t:|1776298756\n|move|p1a: Sinistcha|Matcha Gotcha|p2b: Aerodactyl|[spread] p2a,p2b\n|-resisted|p2a: Skeledirge|1\n|-crit|p2b: Aerodactyl\n|-damage|p2a: Skeledirge|86/100\n|-heal|p1a: Sinistcha|80/100|[from] drain|[of] p2a: Skeledirge\n|-damage|p2b: Aerodactyl|2/100 par\n|-heal|p1a: Sinistcha|100/100|[from] drain|[of] p2b: Aerodactyl\n|move|p2a: Skeledirge|Torch Song|p1b: Sneasler\n|-damage|p1b: Sneasler|0 fnt\n|-boost|p2a: Skeledirge|spa|1\n|faint|p1b: Sneasler\n|move|p2b: Aerodactyl|Dual Wingbeat|p1a: Sinistcha\n|-supereffective|p1a: Sinistcha|1\n|-damage|p1a: Sinistcha|69/100\n|-supereffective|p1a: Sinistcha|1\n|-damage|p1a: Sinistcha|33/100\n|-hitcount|p1a: Sinistcha|2\n|\n|-heal|p2a: Skeledirge|92/100|[from] item: Leftovers\n|upkeep\n|\n|t:|1776298772\n|switch|p1b: Primarina|Primarina, L50, M|100/100\n|turn|4\n|\n|t:|1776298791\n|move|p1b: Primarina|Hyper Voice|p2b: Aerodactyl|[spread] p2a,p2b\n|-supereffective|p2a: Skeledirge|1\n|-supereffective|p2b: Aerodactyl|1\n|-damage|p2a: Skeledirge|19/100\n|-damage|p2b: Aerodactyl|0 fnt\n|faint|p2b: Aerodactyl\n|move|p1a: Sinistcha|Strength Sap|p2a: Skeledirge\n|-unboost|p2a: Skeledirge|atk|1\n|-heal|p1a: Sinistcha|69/100\n|move|p2a: Skeledirge|Torch Song|p1a: Sinistcha\n|-supereffective|p1a: Sinistcha|1\n|-damage|p1a: Sinistcha|0 fnt\n|-boost|p2a: Skeledirge|spa|1\n|faint|p1a: Sinistcha\n|\n|-heal|p2a: Skeledirge|25/100|[from] item: Leftovers\n|upkeep\n|\n|t:|1776298802\n|switch|p1a: Crabominable|Crabominable, L50, F|100/100\n|switch|p2b: Meganium|Meganium-Mega, L50, M|100/100\n|turn|5\n|\n|t:|1776298810\n|detailschange|p1a: Crabominable|Crabominable-Mega, L50, F\n|-mega|p1a: Crabominable|Crabominable|Crabominite\n|move|p2a: Skeledirge|Protect|p2a: Skeledirge\n|-singleturn|p2a: Skeledirge|Protect\n|move|p2b: Meganium|Protect|p2b: Meganium\n|-singleturn|p2b: Meganium|Protect\n|move|p1a: Crabominable|Ice Hammer|p2b: Meganium\n|-activate|p2b: Meganium|move: Protect\n|move|p1b: Primarina|Hyper Voice|p2a: Skeledirge|[spread] \n|-activate|p2a: Skeledirge|move: Protect\n|-activate|p2b: Meganium|move: Protect\n|\n|-heal|p2a: Skeledirge|31/100|[from] item: Leftovers\n|-fieldend|move: Trick Room\n|upkeep\n|turn|6\n|\n|t:|1776298826\n|move|p1a: Crabominable|Protect|p1a: Crabominable\n|-singleturn|p1a: Crabominable|Protect\n|move|p2b: Meganium|Solar Beam||[still]\n|-prepare|p2b: Meganium|Solar Beam\n|-activate|p2b: Meganium|ability: Mega Sol\n|-anim|p2b: Meganium|Solar Beam|p1b: Primarina\n|-supereffective|p1b: Primarina|1\n|-damage|p1b: Primarina|0 fnt\n|faint|p1b: Primarina\n|move|p2a: Skeledirge|Torch Song|p1a: Crabominable\n|-activate|p1a: Crabominable|move: Protect\n|\n|-heal|p2a: Skeledirge|37/100|[from] item: Leftovers\n|upkeep\n|turn|7\n|-message|Dustin y Steve forfeited.\n|\n|win|Gdyhxdhb\n|raw|Dustin y Steve's rating: 1082 &rarr; <strong>1055</strong><br />(-27 for losing)\n|raw|Gdyhxdhb's rating: 1000 &rarr; <strong>1049</strong><br />(+49 for winning)\n|l|\u2606Dustin y Steve\n|player|p1|\n",
  "uploadtime": 1776298838,
  "views": 16,
  "formatid": "gen9championsvgc2026regma",
  "rating": 1049,
  "private": 0,
  "password": null
}