{
  "id": "gen9championsvgc2026regma-2581494958",
  "format": "[Gen 9 Champions] VGC 2026 Reg M-A",
  "players": [
    "ch33ky20",
    "Millercs"
  ],
  "log": "|j|\u2606ch33ky20\n|j|\u2606Millercs\n|t:|1776005672\n|gametype|doubles\n|player|p1|ch33ky20|266|1199\n|player|p2|Millercs|1|1144\n|gen|9\n|tier|[Gen 9 Champions] VGC 2026 Reg M-A\n|rated|\n|rule|Species Clause: Limit one of each Pok\u00e9mon\n|rule|Item Clause: Limit 1 of each item\n|clearpoke\n|poke|p1|Tyranitar, L50, M|\n|poke|p1|Incineroar, L50, F|\n|poke|p1|Gengar, L50, F|\n|poke|p1|Excadrill, L50, M|\n|poke|p1|Kommo-o, L50, F|\n|poke|p1|Sinistcha, L50|\n|poke|p2|Floette-Eternal, L50, F|\n|poke|p2|Glimmora, L50, F|\n|poke|p2|Talonflame, L50, M|\n|poke|p2|Maushold-Four, L50|\n|poke|p2|Garchomp, L50, F|\n|poke|p2|Corviknight, L50, F|\n|teampreview|4\nch33ky20 rejected open team sheets.\n|inactive|Battle timer is ON: inactive players will automatically lose when time's up. (requested by ch33ky20)\n|\n|t:|1776005706\n|teamsize|p1|4\n|teamsize|p2|4\n|start\n|switch|p1a: Incineroar|Incineroar, L50, F, shiny|100/100\n|switch|p1b: Gengar|Gengar, L50, F, shiny|100/100\n|switch|p2a: Glimmora|Glimmora, L50, F|100/100\n|switch|p2b: Talonflame|Talonflame, L50, M|100/100\n|-ability|p1a: Incineroar|Intimidate|boost\n|-unboost|p2a: Glimmora|atk|1\n|-unboost|p2b: Talonflame|atk|1\n|turn|1\n|\n|t:|1776005723\n|detailschange|p1b: Gengar|Gengar-Mega, L50, F, shiny\n|-mega|p1b: Gengar|Gengar|Gengarite\n|detailschange|p2a: Glimmora|Glimmora-Mega, L50, F\n|-mega|p2a: Glimmora|Glimmora|Glimmoranite\n|move|p2b: Talonflame|Protect|p2b: Talonflame\n|-singleturn|p2b: Talonflame|Protect\n|move|p2a: Glimmora|Spiky Shield|p2a: Glimmora\n|-singleturn|p2a: Glimmora|move: Protect\n|move|p1a: Incineroar|Fake Out|p2b: Talonflame\n|-activate|p2b: Talonflame|move: Protect\n|move|p1b: Gengar|Will-O-Wisp|p2a: Glimmora\n|-activate|p2a: Glimmora|move: Protect\n|\n|upkeep\n|turn|2\n|\n|t:|1776005747\n|move|p1b: Gengar|Protect|p1b: Gengar\n|-singleturn|p1b: Gengar|Protect\n|move|p2b: Talonflame|Brave Bird|p1a: Incineroar\n|-damage|p1a: Incineroar|68/100\n|-damage|p2b: Talonflame|86/100|[from] Recoil\n|move|p2a: Glimmora|Power Gem|p1a: Incineroar\n|-supereffective|p1a: Incineroar|1\n|-damage|p1a: Incineroar|0 fnt\n|faint|p1a: Incineroar\n|\n|upkeep\n|\n|t:|1776005761\n|switch|p1a: Tyranitar|Tyranitar, L50, M, shiny|100/100\n|-weather|Sandstorm|[from] ability: Sand Stream|[of] p1a: Tyranitar\n|turn|3\n|\n|t:|1776005777\n|move|p1b: Gengar|Shadow Ball|p2a: Glimmora\n|-damage|p2a: Glimmora|62/100\n|move|p2b: Talonflame|Flare Blitz|p1a: Tyranitar\n|-resisted|p1a: Tyranitar|1\n|-damage|p1a: Tyranitar|86/100\n|-damage|p2b: Talonflame|80/100|[from] Recoil\n|move|p1a: Tyranitar|Rock Slide|p2a: Glimmora|[spread] p2a,p2b\n|-supereffective|p2b: Talonflame|2\n|-damage|p2a: Glimmora|31/100\n|-damage|p2b: Talonflame|0 fnt\n|faint|p2b: Talonflame\n|move|p2a: Glimmora|Earth Power|p1a: Tyranitar\n|-supereffective|p1a: Tyranitar|1\n|-damage|p1a: Tyranitar|35/100\n|\n|-weather|Sandstorm|[upkeep]\n|-damage|p1b: Gengar|94/100|[from] Sandstorm\n|upkeep\n|\n|t:|1776005795\n|switch|p2b: Garchomp|Garchomp, L50, F|100/100\n|turn|4\n|\n|t:|1776005812\n|move|p2a: Glimmora|Spiky Shield|p2a: Glimmora\n|-singleturn|p2a: Glimmora|move: Protect\n|move|p2b: Garchomp|Earthquake|p1a: Tyranitar|[spread] p1a,p1b\n|-activate|p2a: Glimmora|move: Protect\n|-supereffective|p1a: Tyranitar|1\n|-supereffective|p1b: Gengar|1\n|-damage|p1a: Tyranitar|0 fnt\n|-damage|p1b: Gengar|0 fnt\n|faint|p1a: Tyranitar\n|faint|p1b: Gengar\n|\n|-weather|Sandstorm|[upkeep]\n|upkeep\n|\n|t:|1776005819\n|switch|p1b: Excadrill|Excadrill, L50, M|100/100\n|turn|5\n|\n|t:|1776005827\n|switch|p2a: Corviknight|Corviknight, L50, F|100/100\n|move|p1b: Excadrill|Rock Slide|p2a: Corviknight|[spread] p2a,p2b\n|-resisted|p2b: Garchomp|1\n|-damage|p2a: Corviknight|80/100\n|-damage|p2b: Garchomp|90/100\n|move|p2b: Garchomp|Earthquake|p1b: Excadrill|[spread] p1b\n|-immune|p2a: Corviknight\n|-supereffective|p1b: Excadrill|1\n|-enditem|p1b: Excadrill|Focus Sash\n|-damage|p1b: Excadrill|1/100\n|\n|-weather|Sandstorm|[upkeep]\n|-heal|p2a: Corviknight|86/100|[from] item: Leftovers\n|upkeep\n|turn|6\n|inactive|ch33ky20 has 30 seconds left.\n|inactive|ch33ky20 has 20 seconds left.\n|inactive|ch33ky20 has 15 seconds left.\n|inactive|ch33ky20 has 10 seconds left.\n|inactive|ch33ky20 has 5 seconds left.\n|\n|t:|1776005882\n|move|p1b: Excadrill|High Horsepower|p2a: Corviknight\n|-immune|p2a: Corviknight\n|move|p2b: Garchomp|Earthquake|p1b: Excadrill|[spread] p1b\n|-immune|p2a: Corviknight\n|-supereffective|p1b: Excadrill|1\n|-damage|p1b: Excadrill|0 fnt\n|faint|p1b: Excadrill\n|\n|win|Millercs\n|raw|ch33ky20's rating: 1199 &rarr; <strong>1170</strong><br />(-29 for losing)\n|raw|Millercs's rating: 1144 &rarr; <strong>1173</strong><br />(+29 for winning)\n|l|\u2606ch33ky20\n|player|p1|\n",
  "uploadtime": 1776005892,
  "views": 17,
  "formatid": "gen9championsvgc2026regma",
  "rating": 1170,
  "private": 0,
  "password": null
}