{
  "id": "gen9championsvgc2026regma-2582700517",
  "format": "[Gen 9 Champions] VGC 2026 Reg M-A",
  "players": [
    "thecynikyt",
    "piplup_gwat2"
  ],
  "log": "|j|\u2606thecynikyt\n|j|\u203dpiplup_gwat2\n|t:|1776108179\n|gametype|doubles\n|player|p1|thecynikyt|alder|1000\n|player|p2|piplup_gwat2|dawn|1032\n|gen|9\n|tier|[Gen 9 Champions] VGC 2026 Reg M-A\n|rated|\n|rule|Species Clause: Limit one of each Pok\u00e9mon\n|rule|Item Clause: Limit 1 of each item\n|clearpoke\n|poke|p1|Gallade, L50, M|\n|poke|p1|Whimsicott, L50, M|\n|poke|p1|Zoroark-Hisui, L50, M|\n|poke|p1|Archaludon, L50, F|\n|poke|p1|Meganium, L50, M|\n|poke|p1|Rotom-Wash, L50|\n|poke|p2|Archaludon, L50, F|\n|poke|p2|Incineroar, L50, M|\n|poke|p2|Pelipper, L50, F|\n|poke|p2|Garchomp, L50, F|\n|poke|p2|Sinistcha, L50|\n|poke|p2|Drampa, L50, M|\n|teampreview|4\n|inactive|Battle timer is ON: inactive players will automatically lose when time's up. (requested by thecynikyt)\n|inactive|piplup_gwat2 has 60 seconds left.\n|inactive|piplup_gwat2 has 30 seconds left.\n|\n|t:|1776108248\n|teamsize|p1|4\n|teamsize|p2|4\n|start\n|switch|p1a: Whimsicott|Whimsicott, L50, M|100/100\n|switch|p1b: Gallade|Gallade, L50, M, shiny|100/100\n|switch|p2a: Incineroar|Incineroar, L50, M|100/100\n|switch|p2b: Drampa|Drampa, L50, M|100/100\n|-ability|p2a: Incineroar|Intimidate|boost\n|-unboost|p1a: Whimsicott|atk|1\n|-unboost|p1b: Gallade|atk|1\n|turn|1\n|inactive|thecynikyt has 30 seconds left.\n|inactive|piplup_gwat2 has 30 seconds left.\n|inactive|piplup_gwat2 has 20 seconds left.\n|\n|t:|1776108284\n|switch|p2a: Sinistcha|Sinistcha, L50|100/100\n|move|p2b: Drampa|Protect|p2b: Drampa\n|-singleturn|p2b: Drampa|Protect\n|move|p1a: Whimsicott|Moonblast|p2b: Drampa\n|-activate|p2b: Drampa|move: Protect\n|move|p1b: Gallade|Bitter Malice|p2b: Drampa\n|-activate|p2b: Drampa|move: Protect\n|\n|upkeep\n|turn|2\n|inactive|piplup_gwat2 has 30 seconds left.\n|\n|t:|1776108311\n|switch|p2b: Pelipper|Pelipper, L50, F|100/100\n|-weather|RainDance|[from] ability: Drizzle|[of] p2b: Pelipper\n|move|p1a: Whimsicott|Encore||[still]\n|-fail|p1a: Whimsicott\n|move|p1b: Gallade|Bitter Malice|p2a: Sinistcha\n|-supereffective|p2a: Sinistcha|1\n|-damage|p2a: Sinistcha|35/100\n|-unboost|p2a: Sinistcha|atk|1\n|-enditem|p2a: Sinistcha|Sitrus Berry|[eat]\n|-heal|p2a: Sinistcha|60/100|[from] item: Sitrus Berry\n|move|p2a: Sinistcha|Trick Room|p2a: Sinistcha\n|-fieldstart|move: Trick Room|[of] p2a: Sinistcha\n|\n|-weather|RainDance|[upkeep]\n|upkeep\n|turn|3\n|inactive|piplup_gwat2 has 30 seconds left.\n|inactive|thecynikyt has 30 seconds left.\n|\n|t:|1776108343\n|switch|p2a: Incineroar|Incineroar, L50, M|100/100\n|-ability|p2a: Incineroar|Intimidate|boost\n|-unboost|p1a: Whimsicott|atk|1\n|-unboost|p1b: Gallade|atk|1\n|move|p1a: Whimsicott|Encore|p2a: Incineroar\n|-hint|Since gen 7, Dark is immune to Prankster moves.\n|-immune|p2a: Incineroar\n|move|p2b: Pelipper|Weather Ball|p1b: Gallade\n|-enditem|p1b: Gallade|Focus Sash\n|-damage|p1b: Gallade|1/100\n|replace|p1b: Zoroark|Zoroark-Hisui, L50, M\n|-end|p1b: Zoroark|Illusion\n|move|p1b: Zoroark|Hyper Voice|p2a: Incineroar|[spread] p2a,p2b\n|-damage|p2a: Incineroar|70/100\n|-damage|p2b: Pelipper|48/100\n|\n|-weather|RainDance|[upkeep]\n|upkeep\n|turn|4\n|\n|t:|1776108369\n|move|p1a: Whimsicott|Protect|p1a: Whimsicott\n|-singleturn|p1a: Whimsicott|Protect\n|move|p2a: Incineroar|Fake Out|p1a: Whimsicott\n|-activate|p1a: Whimsicott|move: Protect\n|move|p2b: Pelipper|Weather Ball|p1a: Whimsicott\n|-activate|p1a: Whimsicott|move: Protect\n|move|p1b: Zoroark|Pain Split|p2a: Incineroar\n|-sethp|p2a: Incineroar|36/100|[from] move: Pain Split|[silent]\n|-sethp|p1b: Zoroark|55/100|[from] move: Pain Split\n|\n|-weather|RainDance|[upkeep]\n|upkeep\n|turn|5\n|\n|t:|1776108390\n|switch|p2a: Sinistcha|Sinistcha, L50|60/100\n|-heal|p2b: Pelipper|73/100|[from] ability: Hospitality|[of] p2a: Sinistcha\n|switch|p1a: Archaludon|Archaludon, L50, F|100/100\n|move|p2b: Pelipper|Weather Ball|p1b: Zoroark\n|-damage|p1b: Zoroark|0 fnt\n|faint|p1b: Zoroark\n|\n|-weather|RainDance|[upkeep]\n|upkeep\n|\n|t:|1776108399\n|switch|p1b: Whimsicott|Whimsicott, L50, M|100/100\n|turn|6\n|inactive|piplup_gwat2 has 30 seconds left.\n|inactive|piplup_gwat2 has 20 seconds left.\n|\n|t:|1776108436\n|switch|p2b: Drampa|Drampa, L50, M|100/100\n|move|p1b: Whimsicott|Encore||[still]\n|-fail|p1b: Whimsicott\n|move|p2a: Sinistcha|Matcha Gotcha|p1a: Archaludon|[spread] p1a,p1b\n|-resisted|p1a: Archaludon|2\n|-resisted|p1b: Whimsicott|1\n|-damage|p1a: Archaludon|92/100\n|-heal|p2a: Sinistcha|65/100|[from] drain|[of] p1a: Archaludon\n|-damage|p1b: Whimsicott|81/100\n|-heal|p2a: Sinistcha|72/100|[from] drain|[of] p1b: Whimsicott\n|-ability|p1a: Archaludon|Stamina|boost\n|-boost|p1a: Archaludon|def|1\n|move|p1a: Archaludon|Electro Shot||[still]\n|-prepare|p1a: Archaludon|Electro Shot\n|-boost|p1a: Archaludon|spa|1\n|-anim|p1a: Archaludon|Electro Shot|p2a: Sinistcha\n|-resisted|p2a: Sinistcha|1\n|-damage|p2a: Sinistcha|42/100\n|\n|-weather|none\n|-heal|p1a: Archaludon|98/100|[from] item: Leftovers\n|-fieldend|move: Trick Room\n|upkeep\n|turn|7\n|inactive|piplup_gwat2 has 30 seconds left.\n|\n|t:|1776108464\n|detailschange|p2b: Drampa|Drampa-Mega, L50, M\n|-mega|p2b: Drampa|Drampa|Drampanite\n|move|p1b: Whimsicott|Encore|p2a: Sinistcha\n|-start|p2a: Sinistcha|Encore\n|move|p1a: Archaludon|Dragon Pulse|p2b: Drampa\n|-supereffective|p2b: Drampa|1\n|-damage|p2b: Drampa|0 fnt\n|faint|p2b: Drampa\n|move|p2a: Sinistcha|Matcha Gotcha|p1b: Whimsicott|[spread] p1a,p1b\n|-resisted|p1a: Archaludon|2\n|-resisted|p1b: Whimsicott|1\n|-damage|p1a: Archaludon|89/100\n|-heal|p2a: Sinistcha|46/100|[from] drain|[of] p1a: Archaludon\n|-damage|p1b: Whimsicott|59/100\n|-heal|p2a: Sinistcha|54/100|[from] drain|[of] p1b: Whimsicott\n|-status|p1a: Archaludon|brn\n|-ability|p1a: Archaludon|Stamina|boost\n|-boost|p1a: Archaludon|def|1\n|\n|-heal|p1a: Archaludon|95/100 brn|[from] item: Leftovers\n|-damage|p1a: Archaludon|89/100 brn|[from] brn\n|upkeep\n|\n|t:|1776108489\n|switch|p2b: Incineroar|Incineroar, L50, M|36/100\n|-ability|p2b: Incineroar|Intimidate|boost\n|-unboost|p1a: Archaludon|atk|1\n|-unboost|p1b: Whimsicott|atk|1\n|turn|8\n|inactive|piplup_gwat2 has 30 seconds left.\n|\n|t:|1776108516\n|move|p2b: Incineroar|Fake Out|p1b: Whimsicott\n|-damage|p1b: Whimsicott|39/100\n|cant|p1b: Whimsicott|flinch\n|move|p1a: Archaludon|Dragon Pulse|p2b: Incineroar\n|-damage|p2b: Incineroar|0 fnt\n|faint|p2b: Incineroar\n|move|p2a: Sinistcha|Matcha Gotcha|p1b: Whimsicott|[spread] p1a,p1b\n|-resisted|p1a: Archaludon|2\n|-resisted|p1b: Whimsicott|1\n|-damage|p1a: Archaludon|80/100 brn\n|-heal|p2a: Sinistcha|59/100|[from] drain|[of] p1a: Archaludon\n|-damage|p1b: Whimsicott|21/100\n|-heal|p2a: Sinistcha|66/100|[from] drain|[of] p1b: Whimsicott\n|-status|p1b: Whimsicott|brn\n|-ability|p1a: Archaludon|Stamina|boost\n|-boost|p1a: Archaludon|def|1\n|\n|-heal|p1a: Archaludon|86/100 brn|[from] item: Leftovers\n|-damage|p1b: Whimsicott|15/100 brn|[from] brn\n|-damage|p1a: Archaludon|80/100 brn|[from] brn\n|upkeep\n|\n|t:|1776108536\n|switch|p2b: Pelipper|Pelipper, L50, F|73/100\n|-weather|RainDance|[from] ability: Drizzle|[of] p2b: Pelipper\n|turn|9\n|\n|t:|1776108551\n|move|p1b: Whimsicott|Protect|p1b: Whimsicott\n|-singleturn|p1b: Whimsicott|Protect\n|move|p1a: Archaludon|Electro Shot||[still]\n|-prepare|p1a: Archaludon|Electro Shot\n|-boost|p1a: Archaludon|spa|1\n|-anim|p1a: Archaludon|Electro Shot|p2a: Sinistcha\n|-resisted|p2a: Sinistcha|1\n|-damage|p2a: Sinistcha|24/100\n|move|p2b: Pelipper|Weather Ball|p1a: Archaludon\n|-resisted|p1a: Archaludon|1\n|-damage|p1a: Archaludon|42/100 brn\n|-ability|p1a: Archaludon|Stamina|boost\n|-boost|p1a: Archaludon|def|1\n|move|p2a: Sinistcha|Matcha Gotcha|p1b: Whimsicott|[spread] p1a\n|-activate|p1b: Whimsicott|move: Protect\n|-resisted|p1a: Archaludon|2\n|-crit|p1a: Archaludon\n|-damage|p1a: Archaludon|29/100 brn\n|-heal|p2a: Sinistcha|30/100|[from] drain|[of] p1a: Archaludon\n|-ability|p1a: Archaludon|Stamina|boost\n|-boost|p1a: Archaludon|def|1\n|\n|-weather|RainDance|[upkeep]\n|-heal|p1a: Archaludon|35/100 brn|[from] item: Leftovers\n|-damage|p1b: Whimsicott|9/100 brn|[from] brn\n|-damage|p1a: Archaludon|29/100 brn|[from] brn\n|-end|p2a: Sinistcha|Encore\n|upkeep\n|turn|10\n|inactive|piplup_gwat2 has 30 seconds left.\n|\n|t:|1776108583\n|move|p2a: Sinistcha|Rage Powder|p2a: Sinistcha\n|-singleturn|p2a: Sinistcha|move: Rage Powder\n|move|p1b: Whimsicott|Encore|p2a: Sinistcha\n|-start|p2a: Sinistcha|Encore\n|move|p1a: Archaludon|Electro Shot||[still]\n|-prepare|p1a: Archaludon|Electro Shot\n|-boost|p1a: Archaludon|spa|1\n|-anim|p1a: Archaludon|Electro Shot|p2a: Sinistcha\n|-resisted|p2a: Sinistcha|1\n|-damage|p2a: Sinistcha|0 fnt\n|faint|p2a: Sinistcha\n|move|p2b: Pelipper|Weather Ball|p1a: Archaludon\n|-resisted|p1a: Archaludon|1\n|-damage|p1a: Archaludon|0 fnt\n|faint|p1a: Archaludon\n|\n|-weather|RainDance|[upkeep]\n|-damage|p1b: Whimsicott|3/100 brn|[from] brn\n|upkeep\n|\n|t:|1776108593\n|switch|p1a: Gallade|Gallade, L50, M, shiny|100/100\n|turn|11\n|\n|t:|1776108609\n|detailschange|p1a: Gallade|Gallade-Mega, L50, M, shiny\n|-mega|p1a: Gallade|Gallade|Galladite\n|move|p1b: Whimsicott|Moonblast|p2b: Pelipper\n|-damage|p2b: Pelipper|22/100\n|move|p1a: Gallade|Psycho Cut|p2b: Pelipper\n|-activate|p2b: Pelipper|item: Focus Band\n|-damage|p2b: Pelipper|1/100\n|move|p2b: Pelipper|Weather Ball|p1a: Gallade\n|-damage|p1a: Gallade|49/100\n|\n|-weather|RainDance|[upkeep]\n|-damage|p1b: Whimsicott|0 fnt|[from] brn\n|faint|p1b: Whimsicott\n|upkeep\n|turn|12\n|\n|t:|1776108624\n|move|p1a: Gallade|Leaf Blade|p2b: Pelipper\n|-damage|p2b: Pelipper|0 fnt\n|faint|p2b: Pelipper\n|\n|win|thecynikyt\n|raw|thecynikyt's rating: 1000 &rarr; <strong>1044</strong><br />(+44 for winning)\n|raw|piplup_gwat2's rating: 1032 &rarr; <strong>1016</strong><br />(-16 for losing)\n",
  "uploadtime": 1776108629,
  "views": 26,
  "formatid": "gen9championsvgc2026regma",
  "rating": 1016,
  "private": 0,
  "password": null
}