{
  "id": "gen9championsvgc2026regma-2585270280",
  "format": "[Gen 9 Champions] VGC 2026 Reg M-A",
  "players": [
    "ytfutfu",
    "Zhi2"
  ],
  "log": "|j|\u2606ytfutfu\n|j|\u2606Zhi2\n|t:|1776332190\n|gametype|doubles\n|player|p1|ytfutfu|2|1109\n|player|p2|Zhi2|101|1168\n|gen|9\n|tier|[Gen 9 Champions] VGC 2026 Reg M-A\n|rated|\n|rule|Species Clause: Limit one of each Pok\u00e9mon\n|rule|Item Clause: Limit 1 of each item\n|clearpoke\n|poke|p1|Gengar, L50, M|\n|poke|p1|Scizor, L50, F|\n|poke|p1|Pelipper, L50, F|\n|poke|p1|Incineroar, L50, M|\n|poke|p1|Sneasler, L50, F|\n|poke|p1|Basculegion, L50, M|\n|poke|p2|Pelipper, L50, M|\n|poke|p2|Blastoise, L50, F|\n|poke|p2|Starmie, L50|\n|poke|p2|Sinistcha, L50|\n|poke|p2|Kingambit, L50, M|\n|poke|p2|Garchomp, L50, M|\n|teampreview|4\n|inactive|Battle timer is ON: inactive players will automatically lose when time's up. (requested by ytfutfu)\n|inactive|ytfutfu has 60 seconds left.\n|inactive|Zhi2 has 60 seconds left.\n|inactive|ytfutfu has 30 seconds left.\n|\n|t:|1776332259\n|teamsize|p1|4\n|teamsize|p2|4\n|start\n|switch|p1a: Scizor|Scizor, L50, F|100/100\n|switch|p1b: Pelipper|Pelipper, L50, F|100/100\n|switch|p2a: Garchomp|Garchomp, L50, M|100/100\n|switch|p2b: Kingambit|Kingambit, L50, M|100/100\n|-weather|RainDance|[from] ability: Drizzle|[of] p1b: Pelipper\n|turn|1\n|inactive|Zhi2 has 30 seconds left.\n|\n|t:|1776332284\n|switch|p2a: Sinistcha|Sinistcha, L50|100/100\n|detailschange|p1a: Scizor|Scizor-Mega, L50, F\n|-mega|p1a: Scizor|Scizor|Scizorite\n|move|p1a: Scizor|Swords Dance|p1a: Scizor\n|-boost|p1a: Scizor|atk|2\n|move|p1b: Pelipper|Tailwind|p1b: Pelipper\n|-sidestart|p1: ytfutfu|move: Tailwind\n|move|p2b: Kingambit|Brick Break|p1a: Scizor\n|-damage|p1a: Scizor|78/100\n|\n|-weather|RainDance|[upkeep]\n|upkeep\n|turn|2\n|\n|t:|1776332304\n|switch|p2b: Garchomp|Garchomp, L50, M|100/100\n|move|p1a: Scizor|Bug Bite|p2a: Sinistcha\n|-enditem|p2a: Sinistcha|Focus Sash\n|-damage|p2a: Sinistcha|1/100\n|move|p1b: Pelipper|Hurricane|p2a: Sinistcha\n|-supereffective|p2a: Sinistcha|1\n|-damage|p2a: Sinistcha|0 fnt\n|faint|p2a: Sinistcha\n|\n|-weather|RainDance|[upkeep]\n|upkeep\n|\n|t:|1776332316\n|switch|p2a: Starmie|Starmie, L50|100/100\n|turn|3\n|\n|t:|1776332326\n|detailschange|p2a: Starmie|Starmie-Mega, L50\n|-mega|p2a: Starmie|Starmie|Starminite\n|move|p2b: Garchomp|Breaking Swipe|p1a: Scizor|[spread] p1a,p1b\n|-resisted|p1a: Scizor|1\n|-damage|p1a: Scizor|67/100\n|-damage|p1b: Pelipper|75/100\n|-unboost|p1a: Scizor|atk|1\n|-unboost|p1b: Pelipper|atk|1\n|move|p1a: Scizor|Bug Bite|p2a: Starmie\n|-supereffective|p2a: Starmie|1\n|-damage|p2a: Starmie|0 fnt\n|faint|p2a: Starmie\n|move|p1b: Pelipper|Icy Wind|p2b: Garchomp\n|-supereffective|p2b: Garchomp|2\n|-damage|p2b: Garchomp|42/100\n|-unboost|p2b: Garchomp|spe|1\n|\n|-weather|RainDance|[upkeep]\n|upkeep\n|\n|t:|1776332336\n|switch|p2a: Kingambit|Kingambit, L50, M|100/100\n|turn|4\n|\n|t:|1776332348\n|move|p1a: Scizor|Bullet Punch|p2b: Garchomp\n|-damage|p2b: Garchomp|0 fnt\n|-damage|p1a: Scizor|54/100|[from] ability: Rough Skin|[of] p2b: Garchomp\n|faint|p2b: Garchomp\n|move|p2a: Kingambit|Sucker Punch||[still]\n|-fail|p2a: Kingambit\n|move|p1b: Pelipper|Weather Ball|p2a: Kingambit\n|-damage|p2a: Kingambit|48/100\n|\n|-weather|RainDance|[upkeep]\n|-sideend|p1: ytfutfu|move: Tailwind\n|upkeep\n|turn|5\n|-message|Zhi2 forfeited.\n|\n|win|ytfutfu\n|raw|ytfutfu's rating: 1109 &rarr; <strong>1138</strong><br />(+29 for winning)\n|raw|Zhi2's rating: 1168 &rarr; <strong>1139</strong><br />(-29 for losing)\n|l|\u2606Zhi2\n|player|p2|\n|l|\u2606ytfutfu\n|player|p1|\n|j|\u2606Zhi2\n|player|p2|Zhi2|101|\n",
  "uploadtime": 1776332363,
  "views": 19,
  "formatid": "gen9championsvgc2026regma",
  "rating": 1138,
  "private": 0,
  "password": null
}