{
  "id": "gen9championsvgc2026regma-2581774384",
  "format": "[Gen 9 Champions] VGC 2026 Reg M-A",
  "players": [
    "jacinthespuppy",
    "Furka58yy"
  ],
  "log": "|j|\u2606jacinthespuppy\n|j|\u2606Furka58yy\n|t:|1776027366\n|gametype|doubles\n|player|p1|jacinthespuppy|dawn-gen4pt|1311\n|player|p2|Furka58yy|102|1410\n|gen|9\n|tier|[Gen 9 Champions] VGC 2026 Reg M-A\n|rated|\n|rule|Species Clause: Limit one of each Pok\u00e9mon\n|rule|Item Clause: Limit 1 of each item\n|clearpoke\n|poke|p1|Tyranitar, L50, M|\n|poke|p1|Excadrill, L50, F|\n|poke|p1|Dragapult, L50, F|\n|poke|p1|Rotom-Heat, L50|\n|poke|p1|Gyarados, L50, M|\n|poke|p1|Sinistcha, L50|\n|poke|p2|Kingambit, L50, M|\n|poke|p2|Charizard, L50, M|\n|poke|p2|Venusaur, L50, M|\n|poke|p2|Garchomp, L50, M|\n|poke|p2|Sneasler, L50, M|\n|poke|p2|Aerodactyl, L50, M|\n|teampreview|4\n|inactive|Battle timer is ON: inactive players will automatically lose when time's up. (requested by jacinthespuppy)\n|j| VelmasJinkies\n|j| sc1erotized\n|l| sc1erotized\n|inactive|jacinthespuppy has 60 seconds left.\n|inactive|Furka58yy has 60 seconds left.\n|\n|t:|1776027404\n|teamsize|p1|4\n|teamsize|p2|4\n|start\n|switch|p1a: trick choice scarf|Rotom-Heat, L50|100/100\n|switch|p1b: big boss|Tyranitar, L50, M|100/100\n|switch|p2a: Garchomp|Garchomp, L50, M|100/100\n|switch|p2b: Aerodactyl|Aerodactyl, L50, M|100/100\n|-ability|p2b: Aerodactyl|Unnerve\n|-weather|Sandstorm|[from] ability: Sand Stream|[of] p1b: big boss\n|turn|1\n|inactive|Furka58yy has 30 seconds left.\n|\n|t:|1776027439\n|detailschange|p1b: big boss|Tyranitar-Mega, L50, M\n|-mega|p1b: big boss|Tyranitar|Tyranitarite\n|move|p2b: Aerodactyl|Protect|p2b: Aerodactyl\n|-singleturn|p2b: Aerodactyl|Protect\n|move|p2a: Garchomp|Rock Slide|p1b: big boss|[spread] p1a,p1b\n|-supereffective|p1a: trick choice scarf|1\n|-damage|p1a: trick choice scarf|56/100\n|-damage|p1b: big boss|87/100\n|move|p1a: trick choice scarf|Volt Switch|p2b: Aerodactyl\n|-activate|p2b: Aerodactyl|move: Protect\n|move|p1b: big boss|Rock Slide|p2a: Garchomp|[spread] p2a\n|-activate|p2b: Aerodactyl|move: Protect\n|-resisted|p2a: Garchomp|1\n|-crit|p2a: Garchomp\n|-damage|p2a: Garchomp|73/100\n|\n|-weather|Sandstorm|[upkeep]\n|-damage|p1a: trick choice scarf|50/100|[from] Sandstorm\n|upkeep\n|turn|2\n|inactive|Furka58yy has 30 seconds left.\n|inactive|Furka58yy has 20 seconds left.\n|inactive|Furka58yy has 15 seconds left.\n|inactive|Furka58yy has 10 seconds left.\n|\n|t:|1776027485\n|switch|p1b: vomit|Sinistcha, L50|100/100\n|-heal|p1a: trick choice scarf|75/100|[from] ability: Hospitality|[of] p1b: vomit\n|move|p2b: Aerodactyl|Tailwind|p2b: Aerodactyl\n|-sidestart|p2: Furka58yy|move: Tailwind\n|move|p2a: Garchomp|Rock Slide|p1b: vomit|[spread] p1a,p1b\n|-supereffective|p1a: trick choice scarf|1\n|-damage|p1a: trick choice scarf|33/100\n|-damage|p1b: vomit|85/100\n|move|p1a: trick choice scarf|Volt Switch|p2b: Aerodactyl\n|-supereffective|p2b: Aerodactyl|1\n|-damage|p2b: Aerodactyl|42/100\n|\n|t:|1776027503\n|switch|p1a: resetti|Excadrill, L50, F|100/100|[from] Volt Switch\n|\n|-weather|Sandstorm|[upkeep]\n|-damage|p1b: vomit|80/100|[from] Sandstorm\n|upkeep\n|turn|3\n|\n|t:|1776027513\n|move|p1a: resetti|Protect|p1a: resetti\n|-singleturn|p1a: resetti|Protect\n|move|p2b: Aerodactyl|Dual Wingbeat|p1b: vomit\n|-supereffective|p1b: vomit|1\n|-damage|p1b: vomit|52/100\n|-supereffective|p1b: vomit|1\n|-damage|p1b: vomit|26/100\n|-hitcount|p1b: vomit|2\n|move|p2a: Garchomp|Earthquake|p1b: vomit|[spread] p1b\n|-activate|p1a: resetti|move: Protect\n|-immune|p2b: Aerodactyl\n|-resisted|p1b: vomit|1\n|-damage|p1b: vomit|10/100\n|move|p1b: vomit|Trick Room|p1b: vomit\n|-fieldstart|move: Trick Room|[of] p1b: vomit\n|\n|-weather|Sandstorm|[upkeep]\n|-damage|p1b: vomit|5/100|[from] Sandstorm\n|upkeep\n|turn|4\n|inactive|Furka58yy has 30 seconds left.\n|\n|t:|1776027546\n|switch|p2b: Kingambit|Kingambit, L50, M|100/100\n|-enditem|p1b: vomit|Sitrus Berry|[eat]\n|-heal|p1b: vomit|30/100|[from] item: Sitrus Berry\n|move|p2a: Garchomp|Protect|p2a: Garchomp\n|-singleturn|p2a: Garchomp|Protect\n|move|p1b: vomit|Strength Sap|p2a: Garchomp\n|-activate|p2a: Garchomp|move: Protect\n|move|p1a: resetti|High Horsepower|p2a: Garchomp\n|-activate|p2a: Garchomp|move: Protect\n|\n|-weather|Sandstorm|[upkeep]\n|-damage|p1b: vomit|24/100|[from] Sandstorm\n|upkeep\n|turn|5\n|inactive|Furka58yy has 30 seconds left.\n|inactive|Furka58yy has 20 seconds left.\n|inactive|Furka58yy has 15 seconds left.\n|inactive|Furka58yy has 10 seconds left.\n|\n|t:|1776027593\n|switch|p2a: Aerodactyl|Aerodactyl, L50, M|42/100\n|-ability|p2a: Aerodactyl|Unnerve\n|move|p1a: resetti|Protect|p1a: resetti\n|-singleturn|p1a: resetti|Protect\n|move|p2b: Kingambit|Kowtow Cleave|p1a: resetti\n|-activate|p1a: resetti|move: Protect\n|move|p1b: vomit|Trick Room|p1b: vomit\n|-fieldend|move: Trick Room\n|\n|-weather|none\n|-sideend|p2: Furka58yy|move: Tailwind\n|upkeep\n|turn|6\n|inactive|Furka58yy has 30 seconds left.\n|inactive|Furka58yy has 20 seconds left.\n|inactive|Furka58yy has 15 seconds left.\n|inactive|Furka58yy has 10 seconds left.\n|c|\u2606jacinthespuppy|bro\n|\n|t:|1776027643\n|switch|p1b: big boss|Tyranitar-Mega, L50, M|87/100\n|-weather|Sandstorm|[from] ability: Sand Stream|[of] p1b: big boss\n|move|p1a: resetti|High Horsepower|p2b: Kingambit\n|-supereffective|p2b: Kingambit|1\n|-damage|p2b: Kingambit|24/100\n|move|p2a: Aerodactyl|Dual Wingbeat|p1b: big boss\n|-resisted|p1b: big boss|1\n|-damage|p1b: big boss|82/100\n|-resisted|p1b: big boss|1\n|-damage|p1b: big boss|76/100\n|-hitcount|p1b: big boss|2\n|move|p2b: Kingambit|Kowtow Cleave|p1a: resetti\n|-damage|p1a: resetti|31/100\n|\n|-weather|Sandstorm|[upkeep]\n|upkeep\n|turn|7\n|inactive|Furka58yy has 30 seconds left.\n|inactive|Furka58yy has 20 seconds left.\n|\n|t:|1776027682\n|move|p2b: Kingambit|Protect|p2b: Kingambit\n|-singleturn|p2b: Kingambit|Protect\n|move|p1a: resetti|High Horsepower|p2b: Kingambit\n|-activate|p2b: Kingambit|move: Protect\n|move|p2a: Aerodactyl|Tailwind|p2a: Aerodactyl\n|-sidestart|p2: Furka58yy|move: Tailwind\n|move|p1b: big boss|Rock Slide|p2b: Kingambit|[spread] \n|-activate|p2b: Kingambit|move: Protect\n|-miss|p1b: big boss|p2a: Aerodactyl\n|\n|-weather|Sandstorm|[upkeep]\n|upkeep\n|turn|8\n|\n|t:|1776027705\n|switch|p2a: Sneasler|Sneasler, L50, M|100/100\n|switch|p1a: vomit|Sinistcha, L50|24/100\n|-heal|p1b: big boss|100/100|[from] ability: Hospitality|[of] p1a: vomit\n|move|p2b: Kingambit|Sucker Punch||[still]\n|-fail|p2b: Kingambit\n|move|p1b: big boss|Rock Slide|p2b: Kingambit|[spread] p2a\n|-miss|p1b: big boss|p2b: Kingambit\n|-resisted|p2a: Sneasler|1\n|-damage|p2a: Sneasler|71/100\n|\n|-weather|Sandstorm|[upkeep]\n|-damage|p2a: Sneasler|65/100|[from] Sandstorm\n|-damage|p1a: vomit|18/100|[from] Sandstorm\n|upkeep\n|turn|9\n|l| VelmasJinkies\n|inactive|jacinthespuppy has 30 seconds left.\n|inactive|jacinthespuppy has 20 seconds left.\n|inactive|Furka58yy has 30 seconds left.\n|\n|t:|1776027746\n|move|p2a: Sneasler|Fake Out|p1b: big boss\n|-resisted|p1b: big boss|1\n|-damage|p1b: big boss|96/100\n|move|p1a: vomit|Rage Powder|p1a: vomit\n|-singleturn|p1a: vomit|move: Rage Powder\n|move|p2b: Kingambit|Kowtow Cleave|p1a: vomit\n|-supereffective|p1a: vomit|1\n|-damage|p1a: vomit|0 fnt\n|faint|p1a: vomit\n|cant|p1b: big boss|flinch\n|\n|-weather|Sandstorm|[upkeep]\n|-damage|p2a: Sneasler|59/100|[from] Sandstorm\n|upkeep\n|\n|t:|1776027757\n|switch|p1a: resetti|Excadrill, L50, F|31/100\n|turn|10\n|\n|t:|1776027767\n|move|p1a: resetti|Protect|p1a: resetti\n|-singleturn|p1a: resetti|Protect\n|move|p1b: big boss|Protect|p1b: big boss\n|-singleturn|p1b: big boss|Protect\n|move|p2b: Kingambit|Sucker Punch||[still]\n|-fail|p2b: Kingambit\n|move|p2a: Sneasler|Close Combat|p1b: big boss\n|-activate|p1b: big boss|move: Protect\n|\n|-weather|none\n|-sideend|p2: Furka58yy|move: Tailwind\n|upkeep\n|turn|11\n|\n|t:|1776027779\n|move|p2b: Kingambit|Sucker Punch|p1a: resetti\n|-damage|p1a: resetti|0 fnt\n|faint|p1a: resetti\n|move|p2a: Sneasler|Close Combat|p1b: big boss\n|-supereffective|p1b: big boss|2\n|-damage|p1b: big boss|0 fnt\n|-unboost|p2a: Sneasler|def|1\n|-unboost|p2a: Sneasler|spd|1\n|faint|p1b: big boss\n|-enditem|p2a: Sneasler|White Herb\n|-clearnegativeboost|p2a: Sneasler|[silent]\n|\n|upkeep\n|-message|jacinthespuppy forfeited.\n|\n|win|Furka58yy\n|raw|jacinthespuppy's rating: 1311 &rarr; <strong>1297</strong><br />(-14 for losing)\n|raw|Furka58yy's rating: 1410 &rarr; <strong>1424</strong><br />(+14 for winning)\n|l|\u2606jacinthespuppy\n|player|p1|\n",
  "uploadtime": 1776027816,
  "views": 42,
  "formatid": "gen9championsvgc2026regma",
  "rating": 1297,
  "private": 0,
  "password": null
}