{
  "id": "gen9championsvgc2026regma-2581320171",
  "format": "[Gen 9 Champions] VGC 2026 Reg M-A",
  "players": [
    "33daan",
    "greeencross"
  ],
  "log": "|j|\u260633daan\n|j|\u2606greeencross\n|t:|1775986187\n|gametype|doubles\n|player|p1|33daan|101|1272\n|player|p2|greeencross|170|1252\n|gen|9\n|tier|[Gen 9 Champions] VGC 2026 Reg M-A\n|rated|\n|rule|Species Clause: Limit one of each Pok\u00e9mon\n|rule|Item Clause: Limit 1 of each item\n|clearpoke\n|poke|p1|Incineroar, L50, M|\n|poke|p1|Farigiraf, L50, F|\n|poke|p1|Torkoal, L50, F|\n|poke|p1|Golurk, L50|\n|poke|p1|Gardevoir, L50, M|\n|poke|p1|Sinistcha, L50|\n|poke|p2|Tyranitar, L50, M|\n|poke|p2|Rotom-Wash, L50|\n|poke|p2|Garchomp, L50, F|\n|poke|p2|Aerodactyl, L50, M|\n|poke|p2|Sinistcha, L50|\n|poke|p2|Sneasler, L50, M|\n|teampreview|4\n|inactive|Battle timer is ON: inactive players will automatically lose when time's up. (requested by greeencross)\n|inactive|33daan has 60 seconds left.\n|\n|t:|1775986224\n|teamsize|p1|4\n|teamsize|p2|4\n|start\n|switch|p1a: Sinistcha|Sinistcha, L50|100/100\n|switch|p1b: Farigiraf|Farigiraf, L50, F|100/100\n|switch|p2a: Aerodactyl|Aerodactyl, L50, M|100/100\n|switch|p2b: Garchomp|Garchomp, L50, F|100/100\n|-ability|p2a: Aerodactyl|Unnerve\n|turn|1\n|j| gE1xjZRtuhW2DdT0AK\n|inactive|greeencross has 30 seconds left.\n|\n|t:|1775986258\n|switch|p2b: Tyranitar|Tyranitar, L50, M|100/100\n|-weather|Sandstorm|[from] ability: Sand Stream|[of] p2b: Tyranitar\n|move|p1b: Farigiraf|Protect|p1b: Farigiraf\n|-singleturn|p1b: Farigiraf|Protect\n|move|p2a: Aerodactyl|Rock Slide|p1a: Sinistcha|[spread] p1a\n|-activate|p1b: Farigiraf|move: Protect\n|-damage|p1a: Sinistcha|79/100\n|move|p1a: Sinistcha|Trick Room|p1a: Sinistcha\n|-fieldstart|move: Trick Room|[of] p1a: Sinistcha\n|\n|-weather|Sandstorm|[upkeep]\n|-damage|p1b: Farigiraf|94/100|[from] Sandstorm\n|-damage|p1a: Sinistcha|72/100|[from] Sandstorm\n|upkeep\n|turn|2\n|inactive|greeencross has 30 seconds left.\n|\n|t:|1775986287\n|detailschange|p2b: Tyranitar|Tyranitar-Mega, L50, M\n|-mega|p2b: Tyranitar|Tyranitar|Tyranitarite\n|move|p2a: Aerodactyl|Protect|p2a: Aerodactyl\n|-singleturn|p2a: Aerodactyl|Protect\n|move|p1b: Farigiraf|Psychic|p2a: Aerodactyl\n|-activate|p2a: Aerodactyl|move: Protect\n|move|p1a: Sinistcha|Matcha Gotcha|p2a: Aerodactyl|[spread] p2b\n|-activate|p2a: Aerodactyl|move: Protect\n|-supereffective|p2b: Tyranitar|1\n|-damage|p2b: Tyranitar|69/100\n|-heal|p1a: Sinistcha|91/100|[from] drain|[of] p2b: Tyranitar\n|move|p2b: Tyranitar|Crunch|p1a: Sinistcha\n|-supereffective|p1a: Sinistcha|1\n|-damage|p1a: Sinistcha|0 fnt\n|faint|p1a: Sinistcha\n|\n|-weather|Sandstorm|[upkeep]\n|-damage|p1b: Farigiraf|88/100|[from] Sandstorm\n|upkeep\n|\n|t:|1775986302\n|switch|p1a: Gardevoir|Gardevoir, L50, M|100/100\n|turn|3\n|\n|t:|1775986322\n|detailschange|p1a: Gardevoir|Gardevoir-Mega, L50, M\n|-mega|p1a: Gardevoir|Gardevoir|Gardevoirite\n|move|p1b: Farigiraf|Psychic|p2a: Aerodactyl\n|-damage|p2a: Aerodactyl|58/100\n|move|p2b: Tyranitar|Rock Slide|p1a: Gardevoir|[spread] p1b\n|-miss|p2b: Tyranitar|p1a: Gardevoir\n|-damage|p1b: Farigiraf|53/100\n|move|p1a: Gardevoir|Hyper Voice|p2a: Aerodactyl|[spread] p2a,p2b\n|-supereffective|p2b: Tyranitar|1\n|-damage|p2a: Aerodactyl|7/100\n|-damage|p2b: Tyranitar|14/100\n|move|p2a: Aerodactyl|Dual Wingbeat|p1a: Gardevoir\n|-damage|p1a: Gardevoir|78/100\n|-damage|p1a: Gardevoir|57/100\n|-hitcount|p1a: Gardevoir|2\n|\n|-weather|Sandstorm|[upkeep]\n|-damage|p1b: Farigiraf|47/100|[from] Sandstorm\n|-damage|p1a: Gardevoir|51/100|[from] Sandstorm\n|upkeep\n|turn|4\n|inactive|greeencross has 30 seconds left.\n|inactive|greeencross has 20 seconds left.\n|\n|t:|1775986357\n|move|p1b: Farigiraf|Hyper Voice|p2a: Aerodactyl|[spread] p2a,p2b\n|-resisted|p2a: Aerodactyl|1\n|-resisted|p2b: Tyranitar|1\n|-damage|p2a: Aerodactyl|0 fnt\n|-damage|p2b: Tyranitar|6/100\n|faint|p2a: Aerodactyl\n|move|p2b: Tyranitar|Rock Slide|p1a: Gardevoir|[spread] p1a,p1b\n|-damage|p1a: Gardevoir|5/100\n|-damage|p1b: Farigiraf|7/100\n|cant|p1a: Gardevoir|flinch\n|\n|-weather|Sandstorm|[upkeep]\n|-damage|p1b: Farigiraf|1/100|[from] Sandstorm\n|-damage|p1a: Gardevoir|0 fnt|[from] Sandstorm\n|faint|p1a: Gardevoir\n|upkeep\n|\n|t:|1775986373\n|switch|p1a: Golurk|Golurk, L50|100/100\n|switch|p2a: Garchomp|Garchomp, L50, F|100/100\n|turn|5\n|\n|t:|1775986384\n|switch|p2b: Rotom|Rotom-Wash, L50|100/100\n|move|p2a: Garchomp|Protect|p2a: Garchomp\n|-singleturn|p2a: Garchomp|Protect\n|move|p1b: Farigiraf|Hyper Voice|p2b: Rotom|[spread] p2b\n|-activate|p2a: Garchomp|move: Protect\n|-damage|p2b: Rotom|63/100\n|move|p1a: Golurk|Ice Punch|p2a: Garchomp\n|-activate|p2a: Garchomp|move: Protect\n|\n|-weather|none\n|-fieldend|move: Trick Room\n|upkeep\n|turn|6\n|\n|t:|1775986404\n|move|p2b: Rotom|Hydro Pump|p1a: Golurk|[miss]\n|-miss|p2b: Rotom|p1a: Golurk\n|move|p2a: Garchomp|Earthquake|p1b: Farigiraf|[spread] p1a,p1b\n|-immune|p2b: Rotom|[from] ability: Levitate\n|-damage|p1a: Golurk|62/100\n|-damage|p1b: Farigiraf|0 fnt\n|faint|p1b: Farigiraf\n|move|p1a: Golurk|Ice Punch|p2a: Garchomp\n|-supereffective|p2a: Garchomp|2\n|-damage|p2a: Garchomp|0 fnt\n|faint|p2a: Garchomp\n|\n|upkeep\n|\n|t:|1775986416\n|switch|p2a: Tyranitar|Tyranitar-Mega, L50, M|6/100\n|-weather|Sandstorm|[from] ability: Sand Stream|[of] p2a: Tyranitar\n|turn|7\n|inactive|33daan has 30 seconds left.\n|inactive|33daan has 20 seconds left.\n|inactive|33daan has 15 seconds left.\n|\n|t:|1775986459\n|move|p2b: Rotom|Hydro Pump|p1a: Golurk\n|-supereffective|p1a: Golurk|1\n|-damage|p1a: Golurk|0 fnt\n|faint|p1a: Golurk\n|\n|win|greeencross\n|raw|33daan's rating: 1272 &rarr; <strong>1246</strong><br />(-26 for losing)\n|raw|greeencross's rating: 1252 &rarr; <strong>1278</strong><br />(+26 for winning)\n|l|\u260633daan\n|player|p1|\n",
  "uploadtime": 1775986466,
  "views": 24,
  "formatid": "gen9championsvgc2026regma",
  "rating": 1246,
  "private": 0,
  "password": null
}