{
  "id": "gen9championsvgc2026regma-2581914902",
  "format": "[Gen 9 Champions] VGC 2026 Reg M-A",
  "players": [
    "Danielopi",
    "ParadoxPerry"
  ],
  "log": "|j|\u2606Danielopi\n|j|\u2606ParadoxPerry\n|t:|1776039347\n|gametype|doubles\n|player|p1|Danielopi|pokemaniac|1352\n|player|p2|ParadoxPerry|guitarist|1303\n|gen|9\n|tier|[Gen 9 Champions] VGC 2026 Reg M-A\n|rated|\n|rule|Species Clause: Limit one of each Pok\u00e9mon\n|rule|Item Clause: Limit 1 of each item\n|clearpoke\n|poke|p1|Archaludon, L50, F|\n|poke|p1|Pelipper, L50, F|\n|poke|p1|Greninja-*, L50, F|\n|poke|p1|Dragonite, L50, F|\n|poke|p1|Basculegion, L50, M|\n|poke|p1|Sneasler, L50, M|\n|poke|p2|Aerodactyl, L50, F|\n|poke|p2|Meowscarada, L50, F|\n|poke|p2|Floette-Eternal, L50, F|\n|poke|p2|Maushold, L50|\n|poke|p2|Basculegion, L50, M|\n|poke|p2|Sneasler, L50, F|\n|teampreview|4\n|inactive|Battle timer is ON: inactive players will automatically lose when time's up. (requested by Danielopi)\n|inactive|ParadoxPerry has 60 seconds left.\n|inactive|Danielopi has 60 seconds left.\n|inactive|ParadoxPerry has 30 seconds left.\n|inactive|ParadoxPerry has 20 seconds left.\n|\n|t:|1776039418\n|teamsize|p1|4\n|teamsize|p2|4\n|start\n|switch|p1a: Basculegion|Basculegion, L50, M|100/100\n|switch|p1b: Sneasler|Sneasler, L50, M|100/100\n|switch|p2a: Maushold|Maushold, L50|100/100\n|switch|p2b: Sneasler|Sneasler, L50, F|100/100\n|turn|1\n|inactive|Danielopi has 30 seconds left.\n|\n|t:|1776039444\n|move|p2b: Sneasler|Protect|p2b: Sneasler\n|-singleturn|p2b: Sneasler|Protect\n|move|p2a: Maushold|Protect|p2a: Maushold\n|-singleturn|p2a: Maushold|Protect\n|move|p1b: Sneasler|Fake Out|p2b: Sneasler\n|-activate|p2b: Sneasler|move: Protect\n|move|p1a: Basculegion|Aqua Jet|p2b: Sneasler\n|-activate|p2b: Sneasler|move: Protect\n|\n|upkeep\n|turn|2\n|\n|t:|1776039469\n|switch|p2a: Basculegion|Basculegion, L50, M|100/100\n|move|p1b: Sneasler|Close Combat|p2a: Basculegion\n|-immune|p2a: Basculegion\n|move|p2b: Sneasler|Dire Claw|p1b: Sneasler\n|-resisted|p1b: Sneasler|1\n|-damage|p1b: Sneasler|62/100\n|move|p1a: Basculegion|Liquidation|p2b: Sneasler\n|-damage|p2b: Sneasler|19/100\n|\n|upkeep\n|turn|3\n|inactive|ParadoxPerry has 30 seconds left.\n|\n|t:|1776039498\n|switch|p2b: Maushold|Maushold, L50|100/100\n|move|p1a: Basculegion|Aqua Jet|p2b: Maushold\n|-damage|p2b: Maushold|71/100\n|move|p2a: Basculegion|Flip Turn|p1b: Sneasler\n|-damage|p1b: Sneasler|0 fnt\n|faint|p1b: Sneasler\n|\n|t:|1776039507\n|switch|p2a: Floette|Floette-Eternal, L50, F|100/100|[from] Flip Turn\n|\n|upkeep\n|\n|t:|1776039515\n|switch|p1b: Pelipper|Pelipper, L50, F|100/100\n|-weather|RainDance|[from] ability: Drizzle|[of] p1b: Pelipper\n|turn|4\n|inactive|ParadoxPerry has 30 seconds left.\n|inactive|ParadoxPerry has 20 seconds left.\n|inactive|ParadoxPerry has 15 seconds left.\n|\n|t:|1776039560\n|move|p2a: Floette|Protect|p2a: Floette\n|-singleturn|p2a: Floette|Protect\n|move|p1a: Basculegion|Wave Crash|p2a: Floette\n|-activate|p2a: Floette|move: Protect\n|move|p2b: Maushold|Taunt|p1b: Pelipper\n|-start|p1b: Pelipper|move: Taunt\n|cant|p1b: Pelipper|move: Taunt|Tailwind\n|\n|-weather|RainDance|[upkeep]\n|upkeep\n|turn|5\n|\n|t:|1776039579\n|detailschange|p2a: Floette|Floette-Mega, L50, F\n|-mega|p2a: Floette|Floette|Floettite\n|-ability|p2a: Floette|Fairy Aura\n|move|p2b: Maushold|Follow Me|p2b: Maushold\n|-singleturn|p2b: Maushold|move: Follow Me\n|move|p1a: Basculegion|Wave Crash|p2b: Maushold\n|-damage|p2b: Maushold|0 fnt\n|faint|p2b: Maushold\n|-damage|p1a: Basculegion|79/100|[from] Recoil\n|move|p2a: Floette|Moonblast|p1a: Basculegion\n|-damage|p1a: Basculegion|0 fnt\n|faint|p1a: Basculegion\n|move|p1b: Pelipper|Hurricane|p2a: Floette\n|-damage|p2a: Floette|62/100\n|\n|-weather|RainDance|[upkeep]\n|upkeep\n|\n|t:|1776039594\n|switch|p2b: Sneasler|Sneasler, L50, F|19/100\n|switch|p1a: Greninja|Greninja, L50, F|100/100\n|turn|6\n|\n|t:|1776039616\n|move|p1a: Greninja|Protect|p1a: Greninja\n|-start|p1a: Greninja|typechange|Normal|[from] ability: Protean\n|-singleturn|p1a: Greninja|Protect\n|move|p2b: Sneasler|Fake Out|p1a: Greninja\n|-activate|p1a: Greninja|move: Protect\n|move|p2a: Floette|Dazzling Gleam|p1a: Greninja|[spread] p1b\n|-activate|p1a: Greninja|move: Protect\n|-damage|p1b: Pelipper|26/100\n|move|p1b: Pelipper|Weather Ball|p2a: Floette\n|-damage|p2a: Floette|8/100\n|\n|-weather|RainDance|[upkeep]\n|-end|p1b: Pelipper|move: Taunt\n|upkeep\n|turn|7\n|inactive|Danielopi has 30 seconds left.\n|inactive|ParadoxPerry has 30 seconds left.\n|inactive|Danielopi has 20 seconds left.\n|\n|t:|1776039660\n|detailschange|p1a: Greninja|Greninja-Mega, L50, F\n|-mega|p1a: Greninja|Greninja|Greninjite\n|move|p1a: Greninja|Weather Ball|p2a: Floette\n|-start|p1a: Greninja|typechange|Water|[from] ability: Protean\n|-damage|p2a: Floette|0 fnt\n|faint|p2a: Floette\n|move|p2b: Sneasler|Dire Claw|p1b: Pelipper\n|-damage|p1b: Pelipper|0 fnt\n|faint|p1b: Pelipper\n|\n|-weather|RainDance|[upkeep]\n|upkeep\n|\n|t:|1776039670\n|switch|p2a: Basculegion|Basculegion, L50, M|100/100\n|turn|8\n|\n|t:|1776039688\n|move|p1a: Greninja|Protect|p1a: Greninja\n|-singleturn|p1a: Greninja|Protect\n|move|p2a: Basculegion|Last Respects|p1a: Greninja\n|-activate|p1a: Greninja|move: Protect\n|move|p2b: Sneasler|Dire Claw|p1a: Greninja\n|-activate|p1a: Greninja|move: Protect\n|\n|-weather|none\n|upkeep\n|turn|9\n|\n|t:|1776039698\n|move|p2a: Basculegion|Last Respects|p1a: Greninja\n|-damage|p1a: Greninja|0 fnt\n|faint|p1a: Greninja\n|\n|win|ParadoxPerry\n|raw|Danielopi's rating: 1352 &rarr; <strong>1329</strong><br />(-23 for losing)\n|raw|ParadoxPerry's rating: 1303 &rarr; <strong>1326</strong><br />(+23 for winning)\n|l|\u2606Danielopi\n|player|p1|\n",
  "uploadtime": 1776039705,
  "views": 44,
  "formatid": "gen9championsvgc2026regma",
  "rating": 1326,
  "private": 0,
  "password": null
}