{
  "id": "gen9championsvgc2026regma-2582511661",
  "format": "[Gen 9 Champions] VGC 2026 Reg M-A",
  "players": [
    "chubi25",
    "Tboa1"
  ],
  "log": "|j|\u2606chubi25\n|j|\u2606Tboa1\n|t:|1776096384\n|gametype|doubles\n|player|p1|chubi25|blackbelt-gen4dp|1107\n|player|p2|Tboa1|102|1058\n|gen|9\n|tier|[Gen 9 Champions] VGC 2026 Reg M-A\n|rated|\n|rule|Species Clause: Limit one of each Pok\u00e9mon\n|rule|Item Clause: Limit 1 of each item\n|clearpoke\n|poke|p1|Whimsicott, L50, F|\n|poke|p1|Scizor, L50, M|\n|poke|p1|Zoroark-Hisui, L50, M|\n|poke|p1|Milotic, L50, F|\n|poke|p1|Garchomp, L50, F|\n|poke|p1|Incineroar, L50, M|\n|poke|p2|Gengar, L50, F|\n|poke|p2|Ninetales-Alola, L50, F|\n|poke|p2|Incineroar, L50, F|\n|poke|p2|Dragonite, L50, F|\n|poke|p2|Zoroark-Hisui, L50, F|\n|poke|p2|Orthworm, L50, F|\n|teampreview|4\n|\n|t:|1776096433\n|teamsize|p1|4\n|teamsize|p2|4\n|start\n|switch|p1a: Milonga|Milotic, L50, F|100/100\n|switch|p1b: Cottona|Whimsicott, L50, F, shiny|100/100\n|switch|p2a: Gengar|Gengar, L50, F, shiny|100/100\n|switch|p2b: Orthworm|Orthworm, L50, F|100/100\n|turn|1\n|\n|t:|1776096457\n|move|p1a: Milonga|Protect|p1a: Milonga\n|-singleturn|p1a: Milonga|Protect\n|move|p1b: Cottona|Taunt|p2a: Gengar\n|-start|p2a: Gengar|move: Taunt\n|move|p2b: Orthworm|U-turn|p1a: Milonga\n|-activate|p1a: Milonga|move: Protect\n|move|p2a: Gengar|Sludge Bomb|p1b: Cottona\n|-supereffective|p1b: Cottona|2\n|-enditem|p1b: Cottona|Focus Sash\n|-damage|p1b: Cottona|1/100\n|\n|upkeep\n|turn|2\n|\n|t:|1776096484\n|switch|p2a: Ninetales|Ninetales-Alola, L50, F|100/100\n|-weather|Snowscape|[from] ability: Snow Warning|[of] p2a: Ninetales\n|move|p1b: Cottona|Tailwind|p1b: Cottona\n|-sidestart|p1: chubi25|move: Tailwind\n|move|p1a: Milonga|Scald|p2a: Ninetales\n|-crit|p2a: Ninetales\n|-damage|p2a: Ninetales|38/100\n|-status|p2a: Ninetales|brn\n|-enditem|p2a: Ninetales|Sitrus Berry|[eat]\n|-heal|p2a: Ninetales|63/100 brn|[from] item: Sitrus Berry\n|move|p2b: Orthworm|Knock Off|p1a: Milonga\n|-damage|p1a: Milonga|70/100\n|-enditem|p1a: Milonga|Leftovers|[from] move: Knock Off|[of] p2b: Orthworm\n|\n|-weather|Snowscape|[upkeep]\n|-damage|p2a: Ninetales|57/100 brn|[from] brn\n|upkeep\n|turn|3\n|\n|t:|1776096516\n|switch|p1b: Matador|Scizor, L50, M|100/100\n|move|p2a: Ninetales|Protect|p2a: Ninetales\n|-singleturn|p2a: Ninetales|Protect\n|move|p1a: Milonga|Recover|p1a: Milonga\n|-heal|p1a: Milonga|100/100\n|move|p2b: Orthworm|Shadow Ball|p1a: Milonga\n|-damage|p1a: Milonga|76/100\n|\n|-weather|Snowscape|[upkeep]\n|-damage|p2a: Ninetales|51/100 brn|[from] brn\n|upkeep\n|turn|4\n|\n|t:|1776096544\n|switch|p2a: Gengar|Gengar, L50, F, shiny|100/100\n|detailschange|p1b: Matador|Scizor-Mega, L50, M\n|-mega|p1b: Matador|Scizor|Scizorite\n|move|p1b: Matador|Protect|p1b: Matador\n|-singleturn|p1b: Matador|Protect\n|move|p1a: Milonga|Scald|p2b: Orthworm\n|-damage|p2b: Orthworm|31/100\n|-status|p2b: Orthworm|brn\n|replace|p2b: Zoroark|Zoroark-Hisui, L50, F\n|-end|p2b: Zoroark|Illusion\n|move|p2b: Zoroark|Shadow Ball|p1b: Matador\n|-activate|p1b: Matador|move: Protect\n|\n|-weather|Snowscape|[upkeep]\n|-damage|p2b: Zoroark|25/100 brn|[from] brn\n|upkeep\n|turn|5\n|\n|t:|1776096571\n|detailschange|p2a: Gengar|Gengar-Mega, L50, F, shiny\n|-mega|p2a: Gengar|Gengar|Gengarite\n|move|p1a: Milonga|Protect|p1a: Milonga\n|-singleturn|p1a: Milonga|Protect\n|move|p2a: Gengar|Protect|p2a: Gengar\n|-singleturn|p2a: Gengar|Protect\n|move|p2b: Zoroark|Protect|p2b: Zoroark\n|-singleturn|p2b: Zoroark|Protect\n|move|p1b: Matador|Bullet Punch|p2b: Zoroark\n|-activate|p2b: Zoroark|move: Protect\n|\n|-weather|Snowscape|[upkeep]\n|-damage|p2b: Zoroark|19/100 brn|[from] brn\n|-sideend|p1: chubi25|move: Tailwind\n|upkeep\n|turn|6\n|\n|t:|1776096598\n|switch|p2b: Orthworm|Orthworm, L50, F|100/100\n|move|p2a: Gengar|Shadow Ball|p1b: Matador\n|-damage|p1b: Matador|35/100\n|move|p1a: Milonga|Recover|p1a: Milonga\n|-heal|p1a: Milonga|100/100\n|move|p1b: Matador|Swords Dance|p1b: Matador\n|-boost|p1b: Matador|atk|2\n|\n|-weather|none\n|upkeep\n|turn|7\n|\n|t:|1776096627\n|move|p1b: Matador|Bullet Punch|p2a: Gengar\n|-damage|p2a: Gengar|0 fnt\n|faint|p2a: Gengar\n|move|p1a: Milonga|Icy Wind|p2b: Orthworm\n|-resisted|p2b: Orthworm|1\n|-damage|p2b: Orthworm|87/100\n|-unboost|p2b: Orthworm|spe|1\n|move|p2b: Orthworm|Iron Defense|p2b: Orthworm\n|-boost|p2b: Orthworm|def|2\n|\n|upkeep\n|\n|t:|1776096641\n|switch|p2a: Ninetales|Ninetales-Alola, L50, F|19/100 brn\n|turn|8\n|\n|t:|1776096655\n|move|p2a: Ninetales|Protect|p2a: Ninetales\n|-singleturn|p2a: Ninetales|Protect\n|move|p1b: Matador|Protect|p1b: Matador\n|-singleturn|p1b: Matador|Protect\n|move|p1a: Milonga|Icy Wind|p2b: Orthworm|[spread] p2b\n|-activate|p2a: Ninetales|move: Protect\n|-resisted|p2b: Orthworm|1\n|-damage|p2b: Orthworm|77/100\n|-unboost|p2b: Orthworm|spe|1\n|move|p2b: Orthworm|Body Press|p1b: Matador\n|-activate|p1b: Matador|move: Protect\n|\n|-damage|p2a: Ninetales|13/100 brn|[from] brn\n|upkeep\n|turn|9\n|\n|t:|1776096674\n|move|p1b: Matador|Bullet Punch|p2a: Ninetales\n|-damage|p2a: Ninetales|0 fnt\n|replace|p2a: Zoroark|Zoroark-Hisui, L50, F\n|-end|p2a: Zoroark|Illusion\n|faint|p2a: Zoroark\n|move|p1a: Milonga|Scald|p2b: Orthworm\n|-damage|p2b: Orthworm|25/100\n|-status|p2b: Orthworm|brn\n|move|p2b: Orthworm|Body Press|p1b: Matador\n|-damage|p1b: Matador|9/100\n|\n|-damage|p2b: Orthworm|19/100 brn|[from] brn\n|upkeep\n|-message|Tboa1 forfeited.\n|\n|win|chubi25\n|raw|chubi25's rating: 1107 &rarr; <strong>1128</strong><br />(+21 for winning)\n|raw|Tboa1's rating: 1058 &rarr; <strong>1042</strong><br />(-16 for losing)\n|l|\u2606Tboa1\n|player|p2|\n",
  "uploadtime": 1776096698,
  "views": 27,
  "formatid": "gen9championsvgc2026regma",
  "rating": 1042,
  "private": 0,
  "password": null
}