{
  "id": "gen9championsvgc2026regma-2584678746",
  "format": "[Gen 9 Champions] VGC 2026 Reg M-A",
  "players": [
    "Arcato",
    "LUMK"
  ],
  "log": "|j|\u2606Arcato\n|j|\u2606LUMK\n|t:|1776276265\n|gametype|doubles\n|player|p1|Arcato|1|1162\n|player|p2|LUMK|preschooler|1079\n|gen|9\n|tier|[Gen 9 Champions] VGC 2026 Reg M-A\n|rated|\n|rule|Species Clause: Limit one of each Pok\u00e9mon\n|rule|Item Clause: Limit 1 of each item\n|clearpoke\n|poke|p1|Clawitzer, L50, F|\n|poke|p1|Farigiraf, L50, F|\n|poke|p1|Drampa, L50, F|\n|poke|p1|Incineroar, L50, F|\n|poke|p1|Aegislash, L50, M|\n|poke|p1|Lopunny, L50, F|\n|poke|p2|Audino, L50, M|\n|poke|p2|Hatterene, L50, F|\n|poke|p2|Dragonite, L50, F|\n|poke|p2|Pelipper, L50, F|\n|poke|p2|Kingambit, L50, F|\n|poke|p2|Sneasler, L50, F|\n|teampreview|4\nLUMK rejected open team sheets.\n|inactive|Battle timer is ON: inactive players will automatically lose when time's up. (requested by LUMK)\n|c|\u2606Arcato|GLHF\n|c|\u2606LUMK|glhf\n|inactive|Arcato has 60 seconds left.\n|\n|t:|1776276301\n|teamsize|p1|4\n|teamsize|p2|4\n|start\n|switch|p1a: Farigiraf|Farigiraf, L50, F|100/100\n|switch|p1b: Clawitzer|Clawitzer, L50, F|100/100\n|switch|p2a: Kingambit|Kingambit, L50, F|100/100\n|switch|p2b: Audino|Audino, L50, M|100/100\n|turn|1\n|\n|t:|1776276316\n|detailschange|p2b: Audino|Audino-Mega, L50, M\n|-mega|p2b: Audino|Audino|Audinite\n|move|p1a: Farigiraf|Helping Hand|p1b: Clawitzer\n|-singleturn|p1b: Clawitzer|Helping Hand|[of] p1a: Farigiraf\n|move|p2a: Kingambit|Protect|p2a: Kingambit\n|-singleturn|p2a: Kingambit|Protect\n|move|p1b: Clawitzer|Aura Sphere|p2a: Kingambit\n|-activate|p2a: Kingambit|move: Protect\n|move|p2b: Audino|Trick Room|p2b: Audino\n|-fieldstart|move: Trick Room|[of] p2b: Audino\n|\n|upkeep\n|turn|2\n|inactive|Arcato has 30 seconds left.\n|inactive|LUMK has 30 seconds left.\n|inactive|Arcato has 20 seconds left.\n|\n|t:|1776276355\n|switch|p1a: Aegislash|Aegislash, L50, M|100/100\n|move|p2a: Kingambit|Protect||[still]\n|-fail|p2a: Kingambit\n|move|p2b: Audino|Encore||[still]\n|-fail|p2b: Audino\n|move|p1b: Clawitzer|Aura Sphere|p2a: Kingambit\n|-supereffective|p2a: Kingambit|2\n|-damage|p2a: Kingambit|0 fnt\n|faint|p2a: Kingambit\n|-end|p2a: Kingambit|fallenundefined|[silent]\n|\n|upkeep\n|\n|t:|1776276365\n|switch|p2a: Dragonite|Dragonite, L50, F|100/100\n|turn|3\n|\n|t:|1776276389\n|move|p2b: Audino|Encore|p1b: Clawitzer\n|-start|p1b: Clawitzer|Encore\n|move|p1b: Clawitzer|Aura Sphere|p2a: Dragonite\n|-resisted|p2a: Dragonite|1\n|-damage|p2a: Dragonite|92/100\n|-formechange|p1a: Aegislash|Aegislash-Blade|\n|move|p1a: Aegislash|Iron Head|p2b: Audino\n|-supereffective|p2b: Audino|1\n|-damage|p2b: Audino|49/100\n|move|p2a: Dragonite|Breaking Swipe|p1b: Clawitzer|[spread] p1a,p1b\n|-resisted|p1a: Aegislash|1\n|-damage|p1a: Aegislash|78/100\n|-damage|p1b: Clawitzer|70/100\n|-unboost|p1a: Aegislash|atk|1\n|-unboost|p1b: Clawitzer|atk|1\n|\n|-heal|p1a: Aegislash|84/100|[from] item: Leftovers\n|-heal|p2a: Dragonite|98/100|[from] item: Leftovers\n|upkeep\n|turn|4\n|inactive|LUMK has 30 seconds left.\n|inactive|Arcato has 30 seconds left.\n|inactive|LUMK has 20 seconds left.\n|inactive|Arcato has 20 seconds left.\n|\n|t:|1776276430\n|switch|p2b: Sneasler|Sneasler, L50, F|100/100\n|switch|p1b: Farigiraf|Farigiraf, L50, F|100/100\n|move|p1a: Aegislash|Iron Head|p2a: Dragonite\n|-damage|p2a: Dragonite|65/100\n|move|p2a: Dragonite|Breaking Swipe|p1b: Farigiraf|[spread] p1a,p1b\n|-resisted|p1a: Aegislash|1\n|-damage|p1a: Aegislash|62/100\n|-damage|p1b: Farigiraf|79/100\n|-unboost|p1a: Aegislash|atk|1\n|-unboost|p1b: Farigiraf|atk|1\n|\n|-heal|p1a: Aegislash|68/100|[from] item: Leftovers\n|-heal|p2a: Dragonite|71/100|[from] item: Leftovers\n|upkeep\n|turn|5\n|\n|t:|1776276446\n|switch|p2b: Audino|Audino-Mega, L50, M|49/100\n|-formechange|p1a: Aegislash|Aegislash|\n|move|p1a: Aegislash|King's Shield|p1a: Aegislash\n|-singleturn|p1a: Aegislash|Protect\n|move|p1b: Farigiraf|Hyper Voice|p2b: Audino|[spread] p2a,p2b\n|-damage|p2a: Dragonite|43/100\n|-damage|p2b: Audino|30/100\n|move|p2a: Dragonite|Tailwind|p2a: Dragonite\n|-sidestart|p2: LUMK|move: Tailwind\n|\n|-heal|p1a: Aegislash|74/100|[from] item: Leftovers\n|-heal|p2a: Dragonite|49/100|[from] item: Leftovers\n|-fieldend|move: Trick Room\n|upkeep\n|turn|6\n|\n|t:|1776276463\n|move|p1a: Aegislash|Wide Guard|p1a: Aegislash\n|-singleturn|p1a: Aegislash|Wide Guard\n|move|p2a: Dragonite|Superpower|p1b: Farigiraf\n|-damage|p1b: Farigiraf|37/100\n|-unboost|p2a: Dragonite|atk|1\n|-unboost|p2a: Dragonite|def|1\n|-enditem|p1b: Farigiraf|Sitrus Berry|[eat]\n|-heal|p1b: Farigiraf|61/100|[from] item: Sitrus Berry\n|move|p2b: Audino|Heal Pulse|p2a: Dragonite\n|-heal|p2a: Dragonite|99/100\n|move|p1b: Farigiraf|Trick Room|p1b: Farigiraf\n|-fieldstart|move: Trick Room|[of] p1b: Farigiraf\n|\n|-heal|p1a: Aegislash|80/100|[from] item: Leftovers\n|-heal|p2a: Dragonite|100/100|[from] item: Leftovers\n|upkeep\n|turn|7\n|inactive|LUMK has 30 seconds left.\n|inactive|LUMK has 20 seconds left.\n|\n|t:|1776276499\n|switch|p1a: Drampa|Drampa, L50, F|100/100\n|move|p1b: Farigiraf|Psychic|p2b: Audino\n|-damage|p2b: Audino|4/100\n|move|p2b: Audino|Encore||[still]\n|-fail|p2b: Audino\n|move|p2a: Dragonite|Superpower|p1b: Farigiraf\n|-damage|p1b: Farigiraf|36/100\n|-unboost|p2a: Dragonite|atk|1\n|-unboost|p2a: Dragonite|def|1\n|\n|upkeep\n|turn|8\n|\n|t:|1776276523\n|switch|p2b: Sneasler|Sneasler, L50, F|100/100\n|detailschange|p1a: Drampa|Drampa-Mega, L50, F\n|-mega|p1a: Drampa|Drampa|Drampanite\n|move|p1a: Drampa|Draco Meteor|p2a: Dragonite\n|-supereffective|p2a: Dragonite|1\n|-damage|p2a: Dragonite|25/100\n|-unboost|p1a: Drampa|spa|2\n|move|p1b: Farigiraf|Hyper Voice|p2b: Sneasler|[spread] p2a,p2b\n|-damage|p2a: Dragonite|0 fnt\n|-damage|p2b: Sneasler|57/100\n|faint|p2a: Dragonite\n|\n|-sideend|p2: LUMK|move: Tailwind\n|upkeep\n|\n|t:|1776276525\n|switch|p2a: Audino|Audino-Mega, L50, M|4/100\n|turn|9\n|\n|t:|1776276537\n|switch|p1a: Aegislash|Aegislash, L50, M|80/100\n|move|p2a: Audino|Heal Pulse|p2b: Sneasler\n|-heal|p2b: Sneasler|100/100\n|move|p1b: Farigiraf|Hyper Voice|p2b: Sneasler|[spread] p2a,p2b\n|-damage|p2a: Audino|0 fnt\n|-damage|p2b: Sneasler|56/100\n|faint|p2a: Audino\n|move|p2b: Sneasler|Close Combat|p1a: Aegislash\n|-immune|p1a: Aegislash\n|\n|-heal|p1a: Aegislash|86/100|[from] item: Leftovers\n|upkeep\n|turn|10\n|-message|LUMK forfeited.\n|\n|win|Arcato\n|raw|Arcato's rating: 1162 &rarr; <strong>1181</strong><br />(+19 for winning)\n|raw|LUMK's rating: 1079 &rarr; <strong>1062</strong><br />(-17 for losing)\n|l|\u2606LUMK\n|player|p2|\n",
  "uploadtime": 1776276548,
  "views": 17,
  "formatid": "gen9championsvgc2026regma",
  "rating": 1062,
  "private": 0,
  "password": null
}