{
  "id": "gen9championsvgc2026regma-2581886601",
  "format": "[Gen 9 Champions] VGC 2026 Reg M-A",
  "players": [
    "blindfishptsd",
    "iAmGross"
  ],
  "log": "|j|\u2606blindfishptsd\n|j|\u2606iAmGross\n|html|<table width=\"100%\"><tr><td align=\"left\">blindfishptsd</td><td align=\"right\">iAmGross</tr><tr><td align=\"left\"><i class=\"fa fa-circle-o\"></i> <i class=\"fa fa-circle-o\"></i> </td><td align=\"right\"><i class=\"fa fa-circle-o\"></i> <i class=\"fa fa-circle-o\"></i> </tr></table>\n|uhtml|bestof|<h2><strong>Game 1</strong> of <a href=\"/game-bestof3-gen9championsvgc2026regma-2581886600\">a best-of-3</a></h2>\n|t:|1776036788\n|gametype|doubles\n|player|p1|blindfishptsd|olympia|\n|player|p2|iAmGross|1|\n|gen|9\n|tier|[Gen 9 Champions] VGC 2026 Reg M-A\n|rule|Species Clause: Limit one of each Pok\u00e9mon\n|rule|Item Clause: Limit 1 of each item\n|raw|<div class=\"infobox\"><details class=\"readmore\" open><summary><strong>1 custom rule:</strong></summary> Best of = 3</details></div>\n|clearpoke\n|poke|p1|Sneasler, L50, F|\n|poke|p1|Mamoswine, L50, M|\n|poke|p1|Rotom-Wash, L50|\n|poke|p1|Charizard, L50, M|\n|poke|p1|Meowstic, L50, M|\n|poke|p1|Venusaur, L50, M|\n|poke|p2|Tyranitar, L50, M|\n|poke|p2|Clefable, L50, F|\n|poke|p2|Excadrill, L50, M|\n|poke|p2|Wyrdeer, L50, F|\n|poke|p2|Rotom-Heat, L50|\n|poke|p2|Dragapult, L50, F|\n|teampreview|4\n|inactive|Battle timer is ON: inactive players will automatically lose when time's up. (requested by blindfishptsd)\n|c|\u2606iAmGross|glhf\n|c|\u2606blindfishptsd|Glhf\n|inactive|blindfishptsd has 60 seconds left.\n|inactive|iAmGross has 60 seconds left.\n|inactive|iAmGross has 30 seconds left.\n|\n|t:|1776036861\n|teamsize|p1|4\n|teamsize|p2|4\n|start\n|switch|p1a: Sneasler|Sneasler, L50, F|100/100\n|switch|p1b: Mamoswine|Mamoswine, L50, M|100/100\n|switch|p2a: Clefable|Clefable, L50, F|100/100\n|switch|p2b: Dragapult|Dragapult, L50, F|100/100\n|turn|1\n|\n|t:|1776036877\n|move|p2a: Clefable|Protect|p2a: Clefable\n|-singleturn|p2a: Clefable|Protect\n|move|p2b: Dragapult|Draco Meteor|p1b: Mamoswine\n|-damage|p1b: Mamoswine|39/100\n|-unboost|p2b: Dragapult|spa|2\n|-enditem|p2b: Dragapult|White Herb\n|-clearnegativeboost|p2b: Dragapult|[silent]\n|move|p1a: Sneasler|Coaching|p1b: Mamoswine\n|-boost|p1b: Mamoswine|atk|1\n|-boost|p1b: Mamoswine|def|1\n|move|p1b: Mamoswine|Icicle Crash|p2b: Dragapult\n|-supereffective|p2b: Dragapult|1\n|-damage|p2b: Dragapult|0 fnt\n|faint|p2b: Dragapult\n|\n|upkeep\n|\n|t:|1776036901\n|switch|p2b: Excadrill|Excadrill, L50, M|100/100\n|turn|2\n|\n|t:|1776036913\n|switch|p2a: Tyranitar|Tyranitar, L50, M|100/100\n|-weather|Sandstorm|[from] ability: Sand Stream|[of] p2a: Tyranitar\n|move|p2b: Excadrill|High Horsepower|p1a: Sneasler\n|-supereffective|p1a: Sneasler|1\n|-crit|p1a: Sneasler\n|-enditem|p1a: Sneasler|Shuca Berry|[eat]\n|-enditem|p1a: Sneasler|Shuca Berry|[weaken]\n|-damage|p1a: Sneasler|0 fnt\n|faint|p1a: Sneasler\n|move|p1b: Mamoswine|Icicle Crash|p2a: Tyranitar\n|-damage|p2a: Tyranitar|52/100\n|\n|-weather|Sandstorm|[upkeep]\n|upkeep\n|\n|t:|1776036936\n|switch|p1a: Charizard|Charizard, L50, M|100/100\n|turn|3\n|\n|t:|1776036944\n|move|p1a: Charizard|Protect|p1a: Charizard\n|-singleturn|p1a: Charizard|Protect\n|move|p1b: Mamoswine|Protect|p1b: Mamoswine\n|-singleturn|p1b: Mamoswine|Protect\n|move|p2a: Tyranitar|Protect|p2a: Tyranitar\n|-singleturn|p2a: Tyranitar|Protect\n|move|p2b: Excadrill|Rock Slide|p1b: Mamoswine|[spread] \n|-activate|p1a: Charizard|move: Protect\n|-activate|p1b: Mamoswine|move: Protect\n|\n|-weather|Sandstorm|[upkeep]\n|-damage|p1a: Charizard|95/100|[from] Sandstorm\n|upkeep\n|turn|4\n|\n|t:|1776036959\n|switch|p1a: Rotom|Rotom-Wash, L50|100/100\n|switch|p2a: Clefable|Clefable, L50, F|100/100\n|move|p2b: Excadrill|Protect|p2b: Excadrill\n|-singleturn|p2b: Excadrill|Protect\n|move|p1b: Mamoswine|High Horsepower|p2a: Clefable|[miss]\n|-miss|p1b: Mamoswine|p2a: Clefable\n|\n|-weather|Sandstorm|[upkeep]\n|-damage|p1a: Rotom|95/100|[from] Sandstorm\n|-damage|p2a: Clefable|95/100|[from] Sandstorm\n|upkeep\n|turn|5\n|\n|t:|1776036978\n|move|p2b: Excadrill|Rock Slide|p1b: Mamoswine|[spread] p1a,p1b\n|-damage|p1a: Rotom|66/100\n|-damage|p1b: Mamoswine|24/100\n|cant|p1a: Rotom|flinch\n|move|p1b: Mamoswine|High Horsepower|p2a: Clefable\n|-damage|p2a: Clefable|55/100\n|move|p2a: Clefable|Icy Wind|p1a: Rotom|[spread] p1a,p1b\n|-resisted|p1a: Rotom|1\n|-damage|p1a: Rotom|60/100\n|-damage|p1b: Mamoswine|11/100\n|-unboost|p1a: Rotom|spe|1\n|-unboost|p1b: Mamoswine|spe|1\n|\n|-weather|Sandstorm|[upkeep]\n|-damage|p1a: Rotom|54/100|[from] Sandstorm\n|-damage|p2a: Clefable|50/100|[from] Sandstorm\n|upkeep\n|turn|6\n|inactive|iAmGross has 30 seconds left.\n|inactive|iAmGross has 20 seconds left.\n|\n|t:|1776037014\n|move|p1b: Mamoswine|Protect|p1b: Mamoswine\n|-singleturn|p1b: Mamoswine|Protect\n|move|p2b: Excadrill|Rock Slide|p1b: Mamoswine|[spread] p1a\n|-activate|p1b: Mamoswine|move: Protect\n|-damage|p1a: Rotom|28/100\n|move|p1a: Rotom|Hydro Pump|p2b: Excadrill\n|-supereffective|p2b: Excadrill|1\n|-enditem|p2b: Excadrill|Focus Sash\n|-damage|p2b: Excadrill|1/100\n|move|p2a: Clefable|Air Slash|p1a: Rotom\n|-resisted|p1a: Rotom|1\n|-damage|p1a: Rotom|18/100\n|\n|-weather|none\n|upkeep\n|turn|7\n|inactive|iAmGross has 30 seconds left.\n|inactive|iAmGross has 20 seconds left.\n|\n|t:|1776037050\n|move|p2b: Excadrill|Protect|p2b: Excadrill\n|-singleturn|p2b: Excadrill|Protect\n|move|p1a: Rotom|Hydro Pump|p2b: Excadrill\n|-activate|p2b: Excadrill|move: Protect\n|move|p1b: Mamoswine|High Horsepower|p2a: Clefable\n|-damage|p2a: Clefable|11/100\n|move|p2a: Clefable|Air Slash|p1b: Mamoswine\n|-damage|p1b: Mamoswine|0 fnt\n|faint|p1b: Mamoswine\n|\n|upkeep\n|\n|t:|1776037062\n|switch|p1b: Charizard|Charizard, L50, M|95/100\n|turn|8\n|\n|t:|1776037082\n|switch|p2b: Tyranitar|Tyranitar, L50, M|52/100\n|-weather|Sandstorm|[from] ability: Sand Stream|[of] p2b: Tyranitar\n|detailschange|p2a: Clefable|Clefable-Mega, L50, F\n|-mega|p2a: Clefable|Clefable|Clefablite\n|move|p1b: Charizard|Protect|p1b: Charizard\n|-singleturn|p1b: Charizard|Protect\n|move|p2a: Clefable|Follow Me|p2a: Clefable\n|-singleturn|p2a: Clefable|move: Follow Me\n|move|p1a: Rotom|Hydro Pump|p2a: Clefable|[miss]\n|-miss|p1a: Rotom|p2a: Clefable\n|\n|-weather|Sandstorm|[upkeep]\n|-damage|p1b: Charizard|89/100|[from] Sandstorm\n|-damage|p1a: Rotom|12/100|[from] Sandstorm\n|-damage|p2a: Clefable|5/100|[from] Sandstorm\n|upkeep\n|turn|9\n|inactive|iAmGross has 30 seconds left.\n|inactive|iAmGross has 20 seconds left.\n|inactive|iAmGross has 15 seconds left.\n|inactive|iAmGross has 10 seconds left.\n|\n|t:|1776037130\n|detailschange|p1b: Charizard|Charizard-Mega-Y, L50, M\n|-mega|p1b: Charizard|Charizard|Charizardite Y\n|-weather|SunnyDay|[from] ability: Drought|[of] p1b: Charizard\n|move|p2b: Tyranitar|Protect|p2b: Tyranitar\n|-singleturn|p2b: Tyranitar|Protect\n|move|p2a: Clefable|Follow Me|p2a: Clefable\n|-singleturn|p2a: Clefable|move: Follow Me\n|move|p1b: Charizard|Solar Beam||[still]\n|-prepare|p1b: Charizard|Solar Beam\n|-anim|p1b: Charizard|Solar Beam|p2a: Clefable\n|-resisted|p2a: Clefable|1\n|-damage|p2a: Clefable|0 fnt\n|faint|p2a: Clefable\n|move|p1a: Rotom|Hydro Pump|p2b: Tyranitar\n|-activate|p2b: Tyranitar|move: Protect\n|\n|-weather|SunnyDay|[upkeep]\n|upkeep\n|\n|t:|1776037140\n|switch|p2a: Excadrill|Excadrill, L50, M|1/100\n|turn|10\n|\n|t:|1776037151\n|move|p2a: Excadrill|Protect|p2a: Excadrill\n|-singleturn|p2a: Excadrill|Protect\n|move|p1b: Charizard|Heat Wave|p2b: Tyranitar|[spread] p2b\n|-activate|p2a: Excadrill|move: Protect\n|-resisted|p2b: Tyranitar|1\n|-damage|p2b: Tyranitar|26/100\n|-status|p2b: Tyranitar|brn\n|move|p1a: Rotom|Hydro Pump|p2b: Tyranitar\n|-supereffective|p2b: Tyranitar|1\n|-damage|p2b: Tyranitar|0 fnt\n|faint|p2b: Tyranitar\n|\n|-weather|SunnyDay|[upkeep]\n|upkeep\n|turn|11\n|\n|t:|1776037165\n|move|p1b: Charizard|Solar Beam||[still]\n|-prepare|p1b: Charizard|Solar Beam\n|-anim|p1b: Charizard|Solar Beam|p2a: Excadrill\n|-damage|p2a: Excadrill|0 fnt\n|faint|p2a: Excadrill\n|\n|win|blindfishptsd\n||iAmGross is ready for game 2.\n||blindfishptsd is ready for game 2.\n|uhtml|next|Next: <a href=\"/battle-gen9championsvgc2026regma-2581890818\"><strong>Game 2 of 3</strong></a>\n|l|\u2606blindfishptsd\n|player|p1|\n|l|\u2606iAmGross\n|player|p2|\n|j|\u2606iAmGross\n|player|p2|iAmGross|1|\n",
  "uploadtime": 1776037475,
  "views": 27,
  "formatid": "gen9championsvgc2026regma",
  "rating": null,
  "private": 0,
  "password": null
}