{
  "id": "gen9championsvgc2026regma-2584028670",
  "format": "[Gen 9 Champions] VGC 2026 Reg M-A",
  "players": [
    "Colintick662",
    "disciple of blahaj"
  ],
  "log": "|j|\u2606Colintick662\n|j|\u2606disciple of blahaj\n|t:|1776218184\n|gametype|doubles\n|player|p1|Colintick662|proton|1198\n|player|p2|disciple of blahaj|jacinthe|1220\n|gen|9\n|tier|[Gen 9 Champions] VGC 2026 Reg M-A\n|rated|\n|rule|Species Clause: Limit one of each Pok\u00e9mon\n|rule|Item Clause: Limit 1 of each item\n|clearpoke\n|poke|p1|Floette-Eternal, L50, F|\n|poke|p1|Incineroar, L50, M|\n|poke|p1|Sinistcha, L50|\n|poke|p1|Archaludon, L50, M|\n|poke|p1|Pelipper, L50, M|\n|poke|p1|Basculegion, L50, M|\n|poke|p2|Golurk, L50|\n|poke|p2|Oranguru, L50, M|\n|poke|p2|Hatterene, L50, F|\n|poke|p2|Meowstic, L50, M|\n|poke|p2|Torkoal, L50, M|\n|poke|p2|Aggron, L50, M|\n|teampreview|4\n|inactive|Battle timer is ON: inactive players will automatically lose when time's up. (requested by Colintick662)\nColintick662 rejected open team sheets.\n|inactive|disciple of blahaj has 60 seconds left.\n|\n|t:|1776218238\n|teamsize|p1|4\n|teamsize|p2|4\n|start\n|switch|p1a: Pelipper|Pelipper, L50, M|100/100\n|switch|p1b: Basculegion|Basculegion, L50, M|100/100\n|switch|p2a: Oranguru|Oranguru, L50, M|100/100\n|switch|p2b: Aggron|Aggron, L50, M|100/100\n|-weather|RainDance|[from] ability: Drizzle|[of] p1a: Pelipper\n|turn|1\n|\n|t:|1776218256\n|switch|p2b: Torkoal|Torkoal, L50, M|100/100\n|-weather|SunnyDay|[from] ability: Drought|[of] p2b: Torkoal\n|move|p1b: Basculegion|Wave Crash|p2a: Oranguru\n|-damage|p2a: Oranguru|71/100\n|-damage|p1b: Basculegion|91/100|[from] Recoil\n|move|p1a: Pelipper|Weather Ball|p2a: Oranguru\n|-damage|p2a: Oranguru|35/100\n|move|p2a: Oranguru|Trick Room|p2a: Oranguru\n|-fieldstart|move: Trick Room|[of] p2a: Oranguru\n|\n|-weather|SunnyDay|[upkeep]\n|upkeep\n|turn|2\n|\n|t:|1776218273\n|switch|p2a: Aggron|Aggron, L50, M|100/100\n|move|p1a: Pelipper|Wide Guard|p1a: Pelipper\n|-singleturn|p1a: Pelipper|Wide Guard\n|move|p2b: Torkoal|Eruption|p1b: Basculegion|[spread] \n|-activate|p1a: Pelipper|move: Wide Guard\n|-activate|p1b: Basculegion|move: Wide Guard\n|move|p1b: Basculegion|Wave Crash|p2b: Torkoal\n|-supereffective|p2b: Torkoal|1\n|-damage|p2b: Torkoal|37/100\n|-damage|p1b: Basculegion|72/100|[from] Recoil\n|\n|-weather|SunnyDay|[upkeep]\n|upkeep\n|turn|3\n|\n|t:|1776218294\n|move|p1a: Pelipper|Wide Guard|p1a: Pelipper\n|-singleturn|p1a: Pelipper|Wide Guard\n|move|p2b: Torkoal|Solar Beam||[still]\n|-prepare|p2b: Torkoal|Solar Beam\n|-anim|p2b: Torkoal|Solar Beam|p1b: Basculegion\n|-supereffective|p1b: Basculegion|1\n|-damage|p1b: Basculegion|0 fnt\n|faint|p1b: Basculegion\n|move|p2a: Aggron|Head Smash|p1a: Pelipper\n|-supereffective|p1a: Pelipper|1\n|-enditem|p1a: Pelipper|Focus Sash\n|-damage|p1a: Pelipper|1/100\n|\n|-weather|SunnyDay|[upkeep]\n|upkeep\n|\n|t:|1776218306\n|switch|p1b: Archaludon|Archaludon, L50, M|100/100\n|turn|4\n|\n|t:|1776218323\n|detailschange|p2a: Aggron|Aggron-Mega, L50, M\n|-mega|p2a: Aggron|Aggron|Aggronite\n|move|p1b: Archaludon|Protect|p1b: Archaludon\n|-singleturn|p1b: Archaludon|Protect\n|move|p2b: Torkoal|Eruption|p1b: Archaludon|[spread] p1a\n|-activate|p1b: Archaludon|move: Protect\n|-resisted|p1a: Pelipper|1\n|-damage|p1a: Pelipper|0 fnt\n|faint|p1a: Pelipper\n|move|p2a: Aggron|Body Press|p1b: Archaludon\n|-activate|p1b: Archaludon|move: Protect\n|\n|-weather|SunnyDay|[upkeep]\n|upkeep\n|\n|t:|1776218330\n|switch|p1a: Floette|Floette-Eternal, L50, F|100/100\n|turn|5\n|\n|t:|1776218342\n|detailschange|p1a: Floette|Floette-Mega, L50, F\n|-mega|p1a: Floette|Floette|Floettite\n|-ability|p1a: Floette|Fairy Aura\n|move|p1a: Floette|Protect|p1a: Floette\n|-singleturn|p1a: Floette|Protect\n|move|p2b: Torkoal|Weather Ball|p1b: Archaludon\n|-damage|p1b: Archaludon|7/100\n|-ability|p1b: Archaludon|Stamina|boost\n|-boost|p1b: Archaludon|def|1\n|move|p2a: Aggron|Heavy Slam|p1a: Floette\n|-activate|p1a: Floette|move: Protect\n|move|p1b: Archaludon|Snarl|p2b: Torkoal|[spread] p2a,p2b\n|-damage|p2a: Aggron|88/100\n|-damage|p2b: Torkoal|19/100\n|-unboost|p2a: Aggron|spa|1\n|-unboost|p2b: Torkoal|spa|1\n|\n|-weather|none\n|-heal|p1b: Archaludon|13/100|[from] item: Leftovers\n|-fieldend|move: Trick Room\n|upkeep\n|turn|6\n|\n|t:|1776218362\n|move|p1a: Floette|Light of Ruin|p2a: Aggron\n|-resisted|p2a: Aggron|1\n|-damage|p2a: Aggron|39/100\n|-damage|p1a: Floette|72/100|[from] Recoil\n|move|p1b: Archaludon|Snarl|p2b: Torkoal|[spread] p2a,p2b\n|-damage|p2a: Aggron|26/100\n|-damage|p2b: Torkoal|0 fnt\n|-unboost|p2a: Aggron|spa|1\n|faint|p2b: Torkoal\n|move|p2a: Aggron|Heavy Slam|p1a: Floette\n|-supereffective|p1a: Floette|1\n|-damage|p1a: Floette|0 fnt\n|faint|p1a: Floette\n|\n|-heal|p1b: Archaludon|19/100|[from] item: Leftovers\n|upkeep\n|\n|t:|1776218379\n|switch|p2b: Oranguru|Oranguru, L50, M|35/100\n|turn|7\n|\n|t:|1776218402\n|move|p2a: Aggron|Protect|p2a: Aggron\n|-singleturn|p2a: Aggron|Protect\n|move|p1b: Archaludon|Dragon Pulse|p2a: Aggron\n|-activate|p2a: Aggron|move: Protect\n|move|p2b: Oranguru|Trick Room|p2b: Oranguru\n|-fieldstart|move: Trick Room|[of] p2b: Oranguru\n|\n|-heal|p1b: Archaludon|25/100|[from] item: Leftovers\n|upkeep\n|turn|8\n|\n|t:|1776218413\n|move|p2a: Aggron|Body Press|p1b: Archaludon\n|-supereffective|p1b: Archaludon|1\n|-crit|p1b: Archaludon\n|-damage|p1b: Archaludon|0 fnt\n|faint|p1b: Archaludon\n|\n|win|disciple of blahaj\n|raw|Colintick662's rating: 1198 &rarr; <strong>1175</strong><br />(-23 for losing)\n|raw|disciple of blahaj's rating: 1220 &rarr; <strong>1243</strong><br />(+23 for winning)\n",
  "uploadtime": 1776218425,
  "views": 20,
  "formatid": "gen9championsvgc2026regma",
  "rating": 1175,
  "private": 0,
  "password": null
}