{
  "id": "gen9championsvgc2026regma-2585995271",
  "format": "[Gen 9 Champions] VGC 2026 Reg M-A",
  "players": [
    "DunsparceBlack",
    "uioyhgtz"
  ],
  "log": "|j|\u2606DunsparceBlack\n|j|\u2606uioyhgtz\n|t:|1776388562\n|gametype|doubles\n|player|p1|DunsparceBlack|brycen|1240\n|player|p2|uioyhgtz|hiker-gen4|1224\n|gen|9\n|tier|[Gen 9 Champions] VGC 2026 Reg M-A\n|rated|\n|rule|Species Clause: Limit one of each Pok\u00e9mon\n|rule|Item Clause: Limit 1 of each item\n|clearpoke\n|poke|p1|Drampa, L50, M|\n|poke|p1|Pelipper, L50, F|\n|poke|p1|Hatterene, L50, F|\n|poke|p1|Sinistcha, L50|\n|poke|p1|Dragonite, L50, F|\n|poke|p1|Incineroar, L50, M|\n|poke|p2|Arcanine, L50, M|\n|poke|p2|Rotom-Wash, L50|\n|poke|p2|Meganium, L50, F|\n|poke|p2|Corviknight, L50, F|\n|poke|p2|Garchomp, L50, M|\n|poke|p2|Gengar, L50, F|\n|teampreview|4\n|c|\u2606uioyhgtz|glhf!\n|inactive|Battle timer is ON: inactive players will automatically lose when time's up. (requested by uioyhgtz)\nDunsparceBlack rejected open team sheets.\n|\n|t:|1776388591\n|teamsize|p1|4\n|teamsize|p2|4\n|start\n|switch|p1a: Hatterene|Hatterene, L50, F|100/100\n|switch|p1b: Sinistcha|Sinistcha, L50|100/100\n|switch|p2a: Corviknight|Corviknight, L50, F|100/100\n|switch|p2b: Rotom|Rotom-Wash, L50|100/100\n|turn|1\n|\n|t:|1776388604\n|move|p1b: Sinistcha|Rage Powder|p1b: Sinistcha\n|-singleturn|p1b: Sinistcha|move: Rage Powder\n|move|p2b: Rotom|Nasty Plot|p2b: Rotom\n|-boost|p2b: Rotom|spa|2\n|move|p2a: Corviknight|Brave Bird|p1b: Sinistcha\n|-supereffective|p1b: Sinistcha|1\n|-crit|p1b: Sinistcha\n|-damage|p1b: Sinistcha|6/100\n|-enditem|p1b: Sinistcha|Sitrus Berry|[eat]\n|-heal|p1b: Sinistcha|31/100|[from] item: Sitrus Berry\n|-damage|p2a: Corviknight|74/100|[from] Recoil\n|move|p1a: Hatterene|Trick Room|p1a: Hatterene\n|-fieldstart|move: Trick Room|[of] p1a: Hatterene\n|\n|upkeep\n|turn|2\n|inactive|DunsparceBlack has 30 seconds left.\n|\n|t:|1776388640\n|move|p1a: Hatterene|Dark Pulse|p2a: Corviknight\n|-damage|p2a: Corviknight|44/100\n|move|p1b: Sinistcha|Matcha Gotcha|p2b: Rotom|[spread] p2a,p2b\n|-resisted|p2a: Corviknight|2\n|-supereffective|p2b: Rotom|1\n|-damage|p2a: Corviknight|39/100\n|-heal|p1b: Sinistcha|34/100|[from] drain|[of] p2a: Corviknight\n|-damage|p2b: Rotom|46/100\n|-heal|p1b: Sinistcha|58/100|[from] drain|[of] p2b: Rotom\n|move|p2a: Corviknight|Brave Bird|p1b: Sinistcha\n|-supereffective|p1b: Sinistcha|1\n|-damage|p1b: Sinistcha|0 fnt\n|faint|p1b: Sinistcha\n|-damage|p2a: Corviknight|22/100|[from] Recoil\n|move|p2b: Rotom|Thunderbolt|p1a: Hatterene\n|-damage|p1a: Hatterene|0 fnt\n|faint|p1a: Hatterene\n|\n|upkeep\n|\n|t:|1776388660\n|switch|p1a: Drampa|Drampa, L50, M|100/100\n|switch|p1b: Pelipper|Pelipper, L50, F|100/100\n|-weather|RainDance|[from] ability: Drizzle|[of] p1b: Pelipper\n|turn|3\n|\n|t:|1776388683\n|detailschange|p1a: Drampa|Drampa-Mega, L50, M\n|-mega|p1a: Drampa|Drampa|Drampanite\n|move|p2b: Rotom|Protect|p2b: Rotom\n|-singleturn|p2b: Rotom|Protect\n|move|p1a: Drampa|Dragon Pulse|p2a: Corviknight\n|-resisted|p2a: Corviknight|1\n|-crit|p2a: Corviknight\n|-damage|p2a: Corviknight|0 fnt\n|faint|p2a: Corviknight\n|move|p1b: Pelipper|Weather Ball|p2b: Rotom\n|-activate|p2b: Rotom|move: Protect\n|\n|-weather|RainDance|[upkeep]\n|upkeep\n|\n|t:|1776388702\n|switch|p2a: Gengar|Gengar, L50, F|100/100\n|turn|4\n|\n|t:|1776388718\n|move|p2b: Rotom|Protect|p2b: Rotom\n|-singleturn|p2b: Rotom|Protect\n|move|p2a: Gengar|Protect|p2a: Gengar\n|-singleturn|p2a: Gengar|Protect\n|move|p1a: Drampa|Dragon Pulse|p2b: Rotom\n|-activate|p2b: Rotom|move: Protect\n|move|p1b: Pelipper|Weather Ball|p2b: Rotom\n|-activate|p2b: Rotom|move: Protect\n|\n|-weather|RainDance|[upkeep]\n|upkeep\n|turn|5\n|\n|t:|1776388738\n|move|p1a: Drampa|Dragon Pulse|p2b: Rotom\n|-damage|p2b: Rotom|0 fnt\n|faint|p2b: Rotom\n|move|p1b: Pelipper|Weather Ball|p2a: Gengar\n|-enditem|p2a: Gengar|Focus Sash\n|-damage|p2a: Gengar|1/100\n|move|p2a: Gengar|Sludge Bomb|p1b: Pelipper\n|-damage|p1b: Pelipper|38/100\n|-status|p1b: Pelipper|psn\n|\n|-weather|RainDance|[upkeep]\n|-heal|p1b: Pelipper|44/100 psn|[from] item: Leftovers\n|-damage|p1b: Pelipper|32/100 psn|[from] psn\n|-fieldend|move: Trick Room\n|upkeep\n|\n|t:|1776388741\n|switch|p2b: Meganium|Meganium, L50, F|100/100\n|turn|6\n|\n|t:|1776388755\n|detailschange|p2b: Meganium|Meganium-Mega, L50, F\n|-mega|p2b: Meganium|Meganium|Meganiumite\n|move|p1b: Pelipper|Wide Guard|p1b: Pelipper\n|-singleturn|p1b: Pelipper|Wide Guard\n|move|p2a: Gengar|Sludge Bomb|p1b: Pelipper\n|-damage|p1b: Pelipper|0 fnt\n|faint|p1b: Pelipper\n|move|p2b: Meganium|Dazzling Gleam|p1a: Drampa\n|-activate|p1a: Drampa|move: Wide Guard\n|move|p1a: Drampa|Dragon Pulse|p2a: Gengar\n|-damage|p2a: Gengar|0 fnt\n|-start|p1a: Drampa|Disable|Dragon Pulse|[from] ability: Cursed Body|[of] p2a: Gengar\n|faint|p2a: Gengar\n|\n|-weather|RainDance|[upkeep]\n|upkeep\n|turn|7\n|\n|t:|1776388765\n|move|p2b: Meganium|Dazzling Gleam|p1a: Drampa\n|-supereffective|p1a: Drampa|1\n|-damage|p1a: Drampa|19/100\n|-ability|p1a: Drampa|Berserk|boost\n|-boost|p1a: Drampa|spa|1\n|move|p1a: Drampa|Hyper Voice|p2b: Meganium\n|-damage|p2b: Meganium|38/100\n|\n|-weather|none\n|upkeep\n|turn|8\n|\n|t:|1776388773\n|move|p1a: Drampa|Protect|p1a: Drampa\n|-singleturn|p1a: Drampa|Protect\n|move|p2b: Meganium|Dazzling Gleam|p1a: Drampa\n|-activate|p1a: Drampa|move: Protect\n|\n|upkeep\n|turn|9\n|c|\u2606uioyhgtz|ggs wp\n|\n|t:|1776388777\n|move|p2b: Meganium|Dazzling Gleam|p1a: Drampa\n|-supereffective|p1a: Drampa|1\n|-damage|p1a: Drampa|0 fnt\n|faint|p1a: Drampa\n|\n|win|uioyhgtz\n|raw|DunsparceBlack's rating: 1240 &rarr; <strong>1214</strong><br />(-26 for losing)\n|raw|uioyhgtz's rating: 1224 &rarr; <strong>1250</strong><br />(+26 for winning)\n|l|\u2606DunsparceBlack\n|player|p1|\n",
  "uploadtime": 1776388819,
  "views": 25,
  "formatid": "gen9championsvgc2026regma",
  "rating": 1214,
  "private": 0,
  "password": null
}