{
  "id": "gen9championsvgc2026regma-2584452024",
  "format": "[Gen 9 Champions] VGC 2026 Reg M-A",
  "players": [
    "wol_l0h",
    "Sharkhy_"
  ],
  "log": "|j|\u2606wol_l0h\n|j|\u2606Sharkhy_\n|t:|1776261835\n|gametype|doubles\n|player|p1|wol_l0h|2|1075\n|player|p2|Sharkhy_|2|1079\n|gen|9\n|tier|[Gen 9 Champions] VGC 2026 Reg M-A\n|rated|\n|rule|Species Clause: Limit one of each Pok\u00e9mon\n|rule|Item Clause: Limit 1 of each item\n|clearpoke\n|poke|p1|Meganium, L50, M|\n|poke|p1|Whimsicott, L50, F|\n|poke|p1|Sneasler, L50, M|\n|poke|p1|Incineroar, L50, F|\n|poke|p1|Primarina, L50, F|\n|poke|p1|Garchomp, L50, M|\n|poke|p2|Charizard, L50, F|\n|poke|p2|Maushold-Four, L50|\n|poke|p2|Sneasler, L50, M|\n|poke|p2|Dragapult, L50, F|\n|poke|p2|Kingambit, L50, M|\n|poke|p2|Garchomp, L50, F|\n|teampreview|4\n|inactive|Battle timer is ON: inactive players will automatically lose when time's up. (requested by Sharkhy_)\n|inactive|Sharkhy_ has 60 seconds left.\n|\n|t:|1776261884\n|teamsize|p1|4\n|teamsize|p2|4\n|start\n|switch|p1a: Sneasler|Sneasler, L50, M|100/100\n|switch|p1b: Incineroar|Incineroar, L50, F|100/100\n|switch|p2a: Sneasler|Sneasler, L50, M|100/100\n|switch|p2b: Kingambit|Kingambit, L50, M|100/100\n|-ability|p1b: Incineroar|Intimidate|boost\n|-unboost|p2a: Sneasler|atk|1\n|-unboost|p2b: Kingambit|atk|1\n|-ability|p2b: Kingambit|Defiant|boost\n|-boost|p2b: Kingambit|atk|2\n|turn|1\n|inactive|wol_l0h has 30 seconds left.\n|inactive|Sharkhy_ has 30 seconds left.\n|\n|t:|1776261917\n|move|p2a: Sneasler|Fake Out|p1b: Incineroar\n|-damage|p1b: Incineroar|92/100\n|move|p1a: Sneasler|Close Combat|p2b: Kingambit\n|-supereffective|p2b: Kingambit|2\n|-damage|p2b: Kingambit|0 fnt\n|-unboost|p1a: Sneasler|def|1\n|-unboost|p1a: Sneasler|spd|1\n|faint|p2b: Kingambit\n|-enditem|p1a: Sneasler|White Herb\n|-clearnegativeboost|p1a: Sneasler|[silent]\n|cant|p1b: Incineroar|flinch\n|\n|upkeep\n|\n|t:|1776261934\n|switch|p2b: Maushold|Maushold-Four, L50|100/100\n|turn|2\n|\n|t:|1776261946\n|move|p2b: Maushold|Follow Me|p2b: Maushold\n|-singleturn|p2b: Maushold|move: Follow Me\n|move|p1a: Sneasler|Close Combat|p2b: Maushold\n|-supereffective|p2b: Maushold|1\n|-enditem|p2b: Maushold|Chople Berry|[eat]\n|-enditem|p2b: Maushold|Chople Berry|[weaken]\n|-damage|p2b: Maushold|13/100\n|-unboost|p1a: Sneasler|def|1\n|-unboost|p1a: Sneasler|spd|1\n|move|p2a: Sneasler|Close Combat|p1b: Incineroar\n|-supereffective|p1b: Incineroar|1\n|-damage|p1b: Incineroar|16/100\n|-unboost|p2a: Sneasler|def|1\n|-unboost|p2a: Sneasler|spd|1\n|-enditem|p1b: Incineroar|Sitrus Berry|[eat]\n|-heal|p1b: Incineroar|41/100|[from] item: Sitrus Berry\n|move|p1b: Incineroar|Parting Shot|p2b: Maushold\n|-unboost|p2b: Maushold|atk|1\n|-unboost|p2b: Maushold|spa|1\n|inactive|wol_l0h has 30 seconds left.\n|\n|t:|1776261972\n|switch|p1b: Primarina|Primarina, L50, F|100/100|[from] Parting Shot\n|\n|upkeep\n|turn|3\n|\n|t:|1776261996\n|switch|p1b: Incineroar|Incineroar, L50, F|41/100\n|-ability|p1b: Incineroar|Intimidate|boost\n|-unboost|p2a: Sneasler|atk|1\n|-unboost|p2b: Maushold|atk|1\n|move|p2b: Maushold|Protect|p2b: Maushold\n|-singleturn|p2b: Maushold|Protect\n|move|p1a: Sneasler|Dire Claw|p2b: Maushold\n|-activate|p2b: Maushold|move: Protect\n|move|p2a: Sneasler|Dire Claw|p1b: Incineroar\n|-damage|p1b: Incineroar|23/100\n|\n|upkeep\n|turn|4\n|inactive|wol_l0h has 30 seconds left.\n|inactive|Sharkhy_ has 30 seconds left.\n|inactive|Sharkhy_ has 20 seconds left.\n|\n|t:|1776262033\n|move|p1b: Incineroar|Fake Out|p2a: Sneasler\n|-damage|p2a: Sneasler|79/100\n|move|p1a: Sneasler|Dire Claw|p2b: Maushold\n|-damage|p2b: Maushold|0 fnt\n|faint|p2b: Maushold\n|cant|p2a: Sneasler|flinch\n|\n|upkeep\n|\n|t:|1776262040\n|switch|p2b: Charizard|Charizard, L50, F|100/100\n|turn|5\n|inactive|Sharkhy_ has 30 seconds left.\n|\n|t:|1776262071\n|move|p2b: Charizard|Protect|p2b: Charizard\n|-singleturn|p2b: Charizard|Protect\n|move|p1a: Sneasler|Rock Slide|p2a: Sneasler|[spread] p2a\n|-activate|p2b: Charizard|move: Protect\n|-resisted|p2a: Sneasler|1\n|-damage|p2a: Sneasler|53/100\n|move|p2a: Sneasler|Close Combat|p1b: Incineroar\n|-supereffective|p1b: Incineroar|1\n|-damage|p1b: Incineroar|0 fnt\n|-unboost|p2a: Sneasler|def|1\n|-unboost|p2a: Sneasler|spd|1\n|faint|p1b: Incineroar\n|\n|upkeep\n|\n|t:|1776262091\n|switch|p1b: Primarina|Primarina, L50, F|100/100\n|turn|6\n|\n|t:|1776262107\n|detailschange|p2b: Charizard|Charizard-Mega-Y, L50, F\n|-mega|p2b: Charizard|Charizard|Charizardite Y\n|-weather|SunnyDay|[from] ability: Drought|[of] p2b: Charizard\n|move|p1b: Primarina|Protect|p1b: Primarina\n|-singleturn|p1b: Primarina|Protect\n|move|p2a: Sneasler|Feint|p1b: Primarina\n|-activate|p1b: Primarina|move: Feint\n|-damage|p1b: Primarina|93/100\n|move|p1a: Sneasler|Rock Slide|p2a: Sneasler|[spread] p2a,p2b\n|-resisted|p2a: Sneasler|1\n|-supereffective|p2b: Charizard|2\n|-damage|p2a: Sneasler|16/100\n|-damage|p2b: Charizard|0 fnt\n|faint|p2b: Charizard\n|\n|-weather|SunnyDay|[upkeep]\n|upkeep\n|turn|7\n|\n|t:|1776262130\n|move|p1a: Sneasler|Close Combat|p2a: Sneasler\n|-resisted|p2a: Sneasler|1\n|-damage|p2a: Sneasler|0 fnt\n|-unboost|p1a: Sneasler|def|1\n|-unboost|p1a: Sneasler|spd|1\n|faint|p2a: Sneasler\n|\n|win|wol_l0h\n|raw|wol_l0h's rating: 1075 &rarr; <strong>1104</strong><br />(+29 for winning)\n|raw|Sharkhy_'s rating: 1079 &rarr; <strong>1057</strong><br />(-22 for losing)\n",
  "uploadtime": 1776262138,
  "views": 32,
  "formatid": "gen9championsvgc2026regma",
  "rating": 1057,
  "private": 0,
  "password": null
}