{
  "id": "gen9championsvgc2026regma-2581613168",
  "format": "[Gen 9 Champions] VGC 2026 Reg M-A",
  "players": [
    "soulo333",
    "kraaay"
  ],
  "log": "|j|\u2606soulo333\n|j|\u2606kraaay\n|t:|1776015147\n|gametype|doubles\n|player|p1|soulo333|2|1147\n|player|p2|kraaay|brycenman|1142\n|gen|9\n|tier|[Gen 9 Champions] VGC 2026 Reg M-A\n|rated|\n|rule|Species Clause: Limit one of each Pok\u00e9mon\n|rule|Item Clause: Limit 1 of each item\n|clearpoke\n|poke|p1|Charizard, L50, F|\n|poke|p1|Rotom-Wash, L50|\n|poke|p1|Sneasler, L50, F|\n|poke|p1|Garchomp, L50, F|\n|poke|p1|Sinistcha, L50|\n|poke|p1|Kingambit, L50, F|\n|poke|p2|Floette-Eternal, L50, F|\n|poke|p2|Sinistcha, L50|\n|poke|p2|Incineroar, L50, F|\n|poke|p2|Maushold, L50|\n|poke|p2|Gengar, L50, F|\n|poke|p2|Sneasler, L50, F|\n|teampreview|4\n|inactive|Battle timer is ON: inactive players will automatically lose when time's up. (requested by soulo333)\n|inactive|kraaay has 60 seconds left.\n|inactive|kraaay has 30 seconds left.\n|inactive|kraaay has 20 seconds left.\n|inactive|kraaay has 15 seconds left.\n|inactive|kraaay has 10 seconds left.\n|\n|t:|1776015286\n|teamsize|p1|4\n|teamsize|p2|4\n|start\n|switch|p1a: Sneasler|Sneasler, L50, F|100/100\n|switch|p1b: Garchomp|Garchomp, L50, F|100/100\n|switch|p2a: Gengar|Gengar, L50, F|100/100\n|switch|p2b: Incineroar|Incineroar, L50, F|100/100\n|-ability|p2b: Incineroar|Intimidate|boost\n|-unboost|p1a: Sneasler|atk|1\n|-unboost|p1b: Garchomp|atk|1\n|turn|1\n|inactive|kraaay has 30 seconds left.\n|inactive|kraaay has 20 seconds left.\n|inactive|kraaay has 15 seconds left.\n|\n|t:|1776015330\n|move|p2b: Incineroar|Fake Out|p1a: Sneasler\n|-damage|p1a: Sneasler|82/100\n|cant|p1a: Sneasler|flinch\n|move|p2a: Gengar|Icy Wind|p1a: Sneasler|[spread] p1a\n|-miss|p2a: Gengar|p1b: Garchomp\n|-damage|p1a: Sneasler|61/100\n|-unboost|p1a: Sneasler|spe|1\n|move|p1b: Garchomp|Earthquake|p2b: Incineroar|[spread] p1a,p2a,p2b\n|-supereffective|p1a: Sneasler|1\n|-supereffective|p2a: Gengar|1\n|-supereffective|p2b: Incineroar|1\n|-damage|p1a: Sneasler|0 fnt\n|-damage|p2a: Gengar|3/100\n|-damage|p2b: Incineroar|47/100\n|-enditem|p2b: Incineroar|Sitrus Berry|[eat]\n|-heal|p2b: Incineroar|72/100|[from] item: Sitrus Berry\n|faint|p1a: Sneasler\n|\n|upkeep\n|\n|t:|1776015335\n|switch|p1a: Charizard|Charizard, L50, F|100/100\n|turn|2\n|\n|t:|1776015354\n|move|p2a: Gengar|Icy Wind|p1a: Charizard|[spread] p1a,p1b\n|-supereffective|p1b: Garchomp|2\n|-damage|p1a: Charizard|84/100\n|-damage|p1b: Garchomp|33/100\n|-unboost|p1a: Charizard|spe|1\n|-unboost|p1b: Garchomp|spe|1\n|move|p1b: Garchomp|Earthquake|p2a: Gengar|[spread] p2a,p2b\n|-immune|p1a: Charizard\n|-supereffective|p2a: Gengar|1\n|-supereffective|p2b: Incineroar|1\n|-damage|p2a: Gengar|0 fnt\n|-damage|p2b: Incineroar|21/100\n|-start|p1b: Garchomp|Disable|Earthquake|[from] ability: Cursed Body|[of] p2a: Gengar\n|faint|p2a: Gengar\n|move|p1a: Charizard|Dragon Dance|p1a: Charizard\n|-boost|p1a: Charizard|atk|1\n|-boost|p1a: Charizard|spe|1\n|move|p2b: Incineroar|Parting Shot|p1a: Charizard\n|-unboost|p1a: Charizard|atk|1\n|-unboost|p1a: Charizard|spa|1\n|\n|t:|1776015369\n|switch|p2b: Maushold|Maushold, L50|100/100|[from] Parting Shot\n|\n|upkeep\n|\n|t:|1776015371\n|switch|p2a: Floette|Floette-Eternal, L50, F|100/100\n|turn|3\n|\n|t:|1776015379\n|switch|p2a: Incineroar|Incineroar, L50, F|21/100\n|-ability|p2a: Incineroar|Intimidate|boost\n|-unboost|p1a: Charizard|atk|1\n|-unboost|p1b: Garchomp|atk|1\n|switch|p1b: Kingambit|Kingambit, L50, F|100/100\n|move|p2b: Maushold|Protect|p2b: Maushold\n|-singleturn|p2b: Maushold|Protect\n|move|p1a: Charizard|Dragon Dance|p1a: Charizard\n|-boost|p1a: Charizard|atk|1\n|-boost|p1a: Charizard|spe|1\n|\n|upkeep\n|turn|4\n|\n|t:|1776015402\n|move|p1a: Charizard|Protect|p1a: Charizard\n|-singleturn|p1a: Charizard|Protect\n|move|p2b: Maushold|Follow Me|p2b: Maushold\n|-singleturn|p2b: Maushold|move: Follow Me\n|move|p2a: Incineroar|Flare Blitz|p1b: Kingambit\n|-supereffective|p1b: Kingambit|1\n|-damage|p1b: Kingambit|25/100\n|-damage|p2a: Incineroar|0 fnt|[from] Recoil\n|faint|p2a: Incineroar\n|move|p1b: Kingambit|Kowtow Cleave|p2b: Maushold\n|-damage|p2b: Maushold|37/100\n|\n|upkeep\n|\n|t:|1776015410\n|switch|p2a: Floette|Floette-Eternal, L50, F|100/100\n|turn|5\n|inactive|kraaay has 30 seconds left.\n|\n|t:|1776015435\n|detailschange|p2a: Floette|Floette-Mega, L50, F\n|-mega|p2a: Floette|Floette|Floettite\n|-ability|p2a: Floette|Fairy Aura\n|move|p1b: Kingambit|Protect|p1b: Kingambit\n|-singleturn|p1b: Kingambit|Protect\n|move|p2b: Maushold|Feint|p1b: Kingambit\n|-activate|p1b: Kingambit|move: Feint\n|-resisted|p1b: Kingambit|1\n|-damage|p1b: Kingambit|22/100\n|move|p1a: Charizard|Flare Blitz|p2b: Maushold\n|-damage|p2b: Maushold|0 fnt\n|faint|p2b: Maushold\n|-damage|p1a: Charizard|72/100|[from] Recoil\n|move|p2a: Floette|Dazzling Gleam|p1a: Charizard|[spread] p1a,p1b\n|-resisted|p1a: Charizard|1\n|-damage|p1a: Charizard|52/100\n|-damage|p1b: Kingambit|0 fnt\n|faint|p1b: Kingambit\n|\n|upkeep\n|\n|t:|1776015437\n|switch|p1b: Garchomp|Garchomp, L50, F|33/100\n|turn|6\n|\n|t:|1776015453\n|detailschange|p1a: Charizard|Charizard-Mega-X, L50, F\n|-mega|p1a: Charizard|Charizard|Charizardite X\n|move|p1a: Charizard|Flare Blitz|p2a: Floette\n|-damage|p2a: Floette|11/100\n|-damage|p1a: Charizard|24/100|[from] Recoil\n|move|p1b: Garchomp|Rock Slide|p2a: Floette\n|-damage|p2a: Floette|0 fnt\n|faint|p2a: Floette\n|\n|win|soulo333\n|raw|soulo333's rating: 1147 &rarr; <strong>1172</strong><br />(+25 for winning)\n|raw|kraaay's rating: 1142 &rarr; <strong>1117</strong><br />(-25 for losing)\n",
  "uploadtime": 1776015453,
  "views": 21,
  "formatid": "gen9championsvgc2026regma",
  "rating": 1117,
  "private": 0,
  "password": null
}