{
  "id": "gen9championsvgc2026regma-2584811001",
  "format": "[Gen 9 Champions] VGC 2026 Reg M-A",
  "players": [
    "mavco90",
    "roodlethenoodle"
  ],
  "log": "|j|\u2606mavco90\n|j|\u2606roodlethenoodle\n|t:|1776285405\n|gametype|doubles\n|player|p1|mavco90|veteran|1208\n|player|p2|roodlethenoodle|266|1192\n|gen|9\n|tier|[Gen 9 Champions] VGC 2026 Reg M-A\n|rated|\n|rule|Species Clause: Limit one of each Pok\u00e9mon\n|rule|Item Clause: Limit 1 of each item\n|clearpoke\n|poke|p1|Aggron, L50, M|\n|poke|p1|Farigiraf, L50, F|\n|poke|p1|Pelipper, L50, M|\n|poke|p1|Basculegion, L50, M|\n|poke|p1|Gyarados, L50, F|\n|poke|p1|Sinistcha, L50|\n|poke|p2|Incineroar, L50, M|\n|poke|p2|Floette-Eternal, L50, F|\n|poke|p2|Rotom-Wash, L50|\n|poke|p2|Garchomp, L50, M|\n|poke|p2|Sinistcha, L50|\n|poke|p2|Orthworm, L50, M|\n|teampreview|4\n|inactive|Battle timer is ON: inactive players will automatically lose when time's up. (requested by mavco90)\n|\n|t:|1776285429\n|teamsize|p1|4\n|teamsize|p2|4\n|start\n|switch|p1a: Aggron|Aggron, L50, M|100/100\n|switch|p1b: Farigiraf|Farigiraf, L50, F|100/100\n|switch|p2a: Rotom|Rotom-Wash, L50|100/100\n|switch|p2b: Incineroar|Incineroar, L50, M|100/100\n|-ability|p2b: Incineroar|Intimidate|boost\n|-unboost|p1a: Aggron|atk|1\n|-unboost|p1b: Farigiraf|atk|1\n|turn|1\n|\n|t:|1776285445\n|detailschange|p1a: Aggron|Aggron-Mega, L50, M\n|-mega|p1a: Aggron|Aggron|Aggronite\n|move|p2a: Rotom|Will-O-Wisp|p1a: Aggron\n|-status|p1a: Aggron|brn\n|move|p2b: Incineroar|Taunt|p1b: Farigiraf\n|-start|p1b: Farigiraf|move: Taunt\n|-enditem|p1b: Farigiraf|Mental Herb\n|-end|p1b: Farigiraf|move: Taunt\n|move|p1a: Aggron|Iron Defense|p1a: Aggron\n|-boost|p1a: Aggron|def|2\n|move|p1b: Farigiraf|Trick Room|p1b: Farigiraf\n|-fieldstart|move: Trick Room|[of] p1b: Farigiraf\n|\n|-damage|p1a: Aggron|94/100 brn|[from] brn\n|upkeep\n|turn|2\n|inactive|mavco90 has 30 seconds left.\n|\n|t:|1776285476\n|switch|p2a: Sinistcha|Sinistcha, L50|100/100\n|move|p1a: Aggron|Iron Defense|p1a: Aggron\n|-boost|p1a: Aggron|def|2\n|move|p1b: Farigiraf|Psychic|p2a: Sinistcha\n|-damage|p2a: Sinistcha|70/100\n|move|p2b: Incineroar|Parting Shot|p1a: Aggron\n|-unboost|p1a: Aggron|atk|1\n|-unboost|p1a: Aggron|spa|1\n|\n|t:|1776285486\n|switch|p2b: Floette|Floette-Eternal, L50, F|100/100|[from] Parting Shot\n|\n|-damage|p1a: Aggron|88/100 brn|[from] brn\n|upkeep\n|turn|3\n|\n|t:|1776285496\n|detailschange|p2b: Floette|Floette-Mega, L50, F\n|-mega|p2b: Floette|Floette|Floettite\n|-ability|p2b: Floette|Fairy Aura\n|move|p2a: Sinistcha|Rage Powder|p2a: Sinistcha\n|-singleturn|p2a: Sinistcha|move: Rage Powder\n|move|p1a: Aggron|Iron Defense|p1a: Aggron\n|-boost|p1a: Aggron|def|2\n|move|p1b: Farigiraf|Shadow Ball|p2a: Sinistcha\n|-supereffective|p2a: Sinistcha|1\n|-damage|p2a: Sinistcha|34/100\n|move|p2b: Floette|Calm Mind|p2b: Floette\n|-boost|p2b: Floette|spa|1\n|-boost|p2b: Floette|spd|1\n|\n|-damage|p1a: Aggron|82/100 brn|[from] brn\n|upkeep\n|turn|4\n|inactive|roodlethenoodle has 30 seconds left.\n|\n|t:|1776285528\n|move|p2a: Sinistcha|Rage Powder|p2a: Sinistcha\n|-singleturn|p2a: Sinistcha|move: Rage Powder\n|move|p1a: Aggron|Heavy Slam|p2a: Sinistcha\n|-damage|p2a: Sinistcha|21/100\n|move|p1b: Farigiraf|Shadow Ball|p2a: Sinistcha\n|-supereffective|p2a: Sinistcha|1\n|-damage|p2a: Sinistcha|0 fnt\n|faint|p2a: Sinistcha\n|move|p2b: Floette|Calm Mind|p2b: Floette\n|-boost|p2b: Floette|spa|1\n|-boost|p2b: Floette|spd|1\n|\n|-damage|p1a: Aggron|76/100 brn|[from] brn\n|upkeep\n|\n|t:|1776285545\n|switch|p2a: Rotom|Rotom-Wash, L50|100/100\n|turn|5\n|\n|t:|1776285556\n|move|p2b: Floette|Protect|p2b: Floette\n|-singleturn|p2b: Floette|Protect\n|move|p1a: Aggron|Body Press|p2b: Floette\n|-activate|p2b: Floette|move: Protect\n|move|p1b: Farigiraf|Psychic|p2a: Rotom\n|-damage|p2a: Rotom|58/100\n|move|p2a: Rotom|Hydro Pump|p1a: Aggron\n|-damage|p1a: Aggron|40/100 brn\n|\n|-damage|p1a: Aggron|34/100 brn|[from] brn\n|-fieldend|move: Trick Room\n|upkeep\n|turn|6\n|\n|t:|1776285569\n|move|p1a: Aggron|Protect|p1a: Aggron\n|-singleturn|p1a: Aggron|Protect\n|move|p2a: Rotom|Hydro Pump|p1a: Aggron\n|-activate|p1a: Aggron|move: Protect\n|move|p2b: Floette|Dazzling Gleam|p1b: Farigiraf|[spread] p1b\n|-activate|p1a: Aggron|move: Protect\n|-damage|p1b: Farigiraf|0 fnt\n|faint|p1b: Farigiraf\n|\n|-damage|p1a: Aggron|28/100 brn|[from] brn\n|upkeep\n|\n|t:|1776285580\n|switch|p1b: Sinistcha|Sinistcha, L50|100/100\n|-heal|p1a: Aggron|52/100 brn|[from] ability: Hospitality|[of] p1b: Sinistcha\n|turn|7\n|\n|t:|1776285587\n|move|p1a: Aggron|Protect||[still]\n|-fail|p1a: Aggron\n|move|p2a: Rotom|Hydro Pump|p1a: Aggron\n|-damage|p1a: Aggron|13/100 brn\n|move|p2b: Floette|Dazzling Gleam|p1b: Sinistcha|[spread] p1a,p1b\n|-resisted|p1a: Aggron|1\n|-damage|p1a: Aggron|0 fnt\n|-damage|p1b: Sinistcha|0 fnt\n|faint|p1a: Aggron\n|faint|p1b: Sinistcha\n|\n|upkeep\n|\n|t:|1776285594\n|switch|p1b: Basculegion|Basculegion, L50, M|100/100\n|turn|8\n|\n|t:|1776285601\n|switch|p2a: Incineroar|Incineroar, L50, M|100/100\n|-ability|p2a: Incineroar|Intimidate|boost\n|-unboost|p1b: Basculegion|atk|1\n|move|p2b: Floette|Protect|p2b: Floette\n|-singleturn|p2b: Floette|Protect\n|move|p1b: Basculegion|Last Respects|p2b: Floette\n|-activate|p2b: Floette|move: Protect\n|\n|upkeep\n|turn|9\n|-message|mavco90 forfeited.\n|\n|win|roodlethenoodle\n|raw|mavco90's rating: 1208 &rarr; <strong>1182</strong><br />(-26 for losing)\n|raw|roodlethenoodle's rating: 1192 &rarr; <strong>1218</strong><br />(+26 for winning)\n|l|\u2606mavco90\n|player|p1|\n",
  "uploadtime": 1776285621,
  "views": 21,
  "formatid": "gen9championsvgc2026regma",
  "rating": 1182,
  "private": 0,
  "password": null
}