{
  "id": "gen9championsvgc2026regma-2589478798",
  "format": "[Gen 9 Champions] VGC 2026 Reg M-A",
  "players": [
    "ultimathrash",
    "TRod63"
  ],
  "log": "|j|\u2606ultimathrash\n|j|\u2606TRod63\n|html|<table width=\"100%\"><tr><td align=\"left\">ultimathrash</td><td align=\"right\">TRod63</tr><tr><td align=\"left\"><i class=\"fa fa-circle-o\"></i> <i class=\"fa fa-circle-o\"></i> </td><td align=\"right\"><i class=\"fa fa-circle-o\"></i> <i class=\"fa fa-circle-o\"></i> </tr></table>\n|uhtml|bestof|<h2><strong>Game 1</strong> of <a href=\"/game-bestof3-gen9championsvgc2026regma-2589478797\">a best-of-3</a></h2>\n|t:|1776726625\n|gametype|doubles\n|player|p1|ultimathrash|bede|\n|player|p2|TRod63|169|\n|gen|9\n|tier|[Gen 9 Champions] VGC 2026 Reg M-A\n|rule|Species Clause: Limit one of each Pok\u00e9mon\n|rule|Item Clause: Limit 1 of each item\n|raw|<div class=\"infobox\"><details class=\"readmore\" open><summary><strong>1 custom rule:</strong></summary> Best of = 3</details></div>\n|clearpoke\n|poke|p1|Gengar, L50, F|\n|poke|p1|Sylveon, L50, F|\n|poke|p1|Excadrill, L50, F|\n|poke|p1|Talonflame, L50, F|\n|poke|p1|Samurott-Hisui, L50, M|\n|poke|p1|Weavile, L50, F|\n|poke|p2|Hatterene, L50, F|\n|poke|p2|Snorlax, L50, F|\n|poke|p2|Sinistcha, L50|\n|poke|p2|Dragonite, L50, F|\n|poke|p2|Espathra, L50, M|\n|poke|p2|Rotom-Heat, L50|\n|teampreview|4\nultimathrash rejected open team sheets.\n|c|\u2606ultimathrash|hf\n|c|\u2606TRod63|hf im on my work tablet you got the links  and replay?\n|c|\u2606ultimathrash|yeah i got it\n|\n|t:|1776726717\n|teamsize|p1|4\n|teamsize|p2|4\n|start\n|switch|p1a: Samurott|Samurott-Hisui, L50, M|100/100\n|switch|p1b: Weavile|Weavile, L50, F|100/100\n|switch|p2a: Espathra|Espathra, L50, M|100/100\n|switch|p2b: Dragonite|Dragonite, L50, F|100/100\n|-ability|p1b: Weavile|Pressure\n|turn|1\n|inactive|Battle timer is ON: inactive players will automatically lose when time's up. (requested by ultimathrash)\n|\n|t:|1776726746\n|detailschange|p2b: Dragonite|Dragonite-Mega, L50, F\n|-mega|p2b: Dragonite|Dragonite|Dragoninite\n|move|p2a: Espathra|Protect|p2a: Espathra\n|-singleturn|p2a: Espathra|Protect\n|move|p2b: Dragonite|Protect|p2b: Dragonite\n|-singleturn|p2b: Dragonite|Protect\n|move|p1b: Weavile|Icicle Crash|p2b: Dragonite\n|-activate|p2b: Dragonite|move: Protect\n|move|p1a: Samurott|Ceaseless Edge|p2a: Espathra\n|-activate|p2a: Espathra|move: Protect\n|\n|upkeep\n|turn|2\n|inactive|TRod63 has 30 seconds left.\n|\n|t:|1776726773\n|move|p2a: Espathra|Calm Mind|p2a: Espathra\n|-boost|p2a: Espathra|spa|1\n|-boost|p2a: Espathra|spd|1\n|move|p1b: Weavile|Icicle Crash|p2b: Dragonite\n|-supereffective|p2b: Dragonite|2\n|-crit|p2b: Dragonite\n|-damage|p2b: Dragonite|7/100\n|move|p2b: Dragonite|Thunderbolt|p1a: Samurott\n|-supereffective|p1a: Samurott|1\n|-damage|p1a: Samurott|25/100\n|move|p1a: Samurott|Ceaseless Edge|p2a: Espathra\n|-supereffective|p2a: Espathra|1\n|-enditem|p2a: Espathra|Focus Sash\n|-damage|p2a: Espathra|1/100\n|-sidestart|p2: TRod63|Spikes\n|\n|upkeep\n|turn|3\n|\n|t:|1776726797\n|move|p2b: Dragonite|Protect|p2b: Dragonite\n|-singleturn|p2b: Dragonite|Protect\n|move|p1a: Samurott|Sucker Punch||[still]\n|-fail|p1a: Samurott\n|move|p2a: Espathra|Baton Pass|p2a: Espathra\n|\n|t:|1776726803\n|switch|p2a: Rotom|Rotom-Heat, L50|100/100|[from] Baton Pass\n|move|p1b: Weavile|Knock Off|p2a: Rotom\n|-damage|p2a: Rotom|46/100\n|-enditem|p2a: Rotom|Charcoal|[from] move: Knock Off|[of] p1b: Weavile\n|\n|upkeep\n|turn|4\n|\n|t:|1776726821\n|move|p2a: Rotom|Protect|p2a: Rotom\n|-singleturn|p2a: Rotom|Protect\n|move|p1b: Weavile|Knock Off|p2b: Dragonite\n|-damage|p2b: Dragonite|0 fnt\n|faint|p2b: Dragonite\n|move|p1a: Samurott|Ceaseless Edge|p2a: Rotom\n|-activate|p2a: Rotom|move: Protect\n|\n|upkeep\n|\n|t:|1776726830\n|switch|p2b: Sinistcha|Sinistcha, L50|100/100\n|-damage|p2b: Sinistcha|88/100|[from] Spikes\n|-heal|p2a: Rotom|71/100|[from] ability: Hospitality|[of] p2b: Sinistcha\n|turn|5\n|j| Circular Qy\n|\n|t:|1776726854\n|move|p1a: Samurott|Sucker Punch|p2b: Sinistcha\n|-supereffective|p2b: Sinistcha|1\n|-damage|p2b: Sinistcha|27/100\n|move|p1b: Weavile|Knock Off|p2b: Sinistcha\n|-supereffective|p2b: Sinistcha|1\n|-damage|p2b: Sinistcha|0 fnt\n|-enditem|p2b: Sinistcha|Leftovers|[from] move: Knock Off|[of] p1b: Weavile\n|faint|p2b: Sinistcha\n|move|p2a: Rotom|Thunderbolt|p1a: Samurott\n|-supereffective|p1a: Samurott|1\n|-damage|p1a: Samurott|0 fnt\n|faint|p1a: Samurott\n|\n|upkeep\n|l| Circular Qy\n|\n|t:|1776726865\n|switch|p1a: Excadrill|Excadrill, L50, F|100/100\n|switch|p2b: Espathra|Espathra, L50, M|1/100\n|-damage|p2b: Espathra|0 fnt|[from] Spikes\n|faint|p2b: Espathra\n|-ability|p1a: Excadrill|Mold Breaker\n|turn|6\n|j| Circular Qy\n|\n|t:|1776726880\n|move|p1a: Excadrill|Protect|p1a: Excadrill\n|-singleturn|p1a: Excadrill|Protect\n|move|p1b: Weavile|Knock Off|p2a: Rotom\n|-damage|p2a: Rotom|35/100\n|move|p2a: Rotom|Overheat|p1b: Weavile\n|-supereffective|p1b: Weavile|1\n|-enditem|p1b: Weavile|Focus Sash\n|-damage|p1b: Weavile|1/100\n|-unboost|p2a: Rotom|spa|2\n|\n|upkeep\n|turn|7\n|\n|t:|1776726893\n|switch|p1a: Gengar|Gengar, L50, F|100/100\n|move|p1b: Weavile|Knock Off|p2a: Rotom\n|-damage|p2a: Rotom|0 fnt\n|faint|p2a: Rotom\n|\n|win|ultimathrash\n||TRod63 is ready for game 2.\n||ultimathrash is ready for game 2.\n|uhtml|next|Next: <a href=\"/battle-gen9championsvgc2026regma-2589481781\"><strong>Game 2 of 3</strong></a>\n",
  "uploadtime": 1776726907,
  "views": 6,
  "formatid": "gen9championsvgc2026regma",
  "rating": null,
  "private": 0,
  "password": null
}