{
  "id": "gen9championsvgc2026regma-2587907488",
  "format": "[Gen 9 Champions] VGC 2026 Reg M-A",
  "players": [
    "801344244a",
    "xFelc"
  ],
  "log": "|j|\u2606801344244a\n|j|\u2606xFelc\n|t:|1776577428\n|gametype|doubles\n|player|p1|801344244a|elesa|1206\n|player|p2|xFelc|volkner|1221\n|gen|9\n|tier|[Gen 9 Champions] VGC 2026 Reg M-A\n|rated|\n|rule|Species Clause: Limit one of each Pok\u00e9mon\n|rule|Item Clause: Limit 1 of each item\n|clearpoke\n|poke|p1|Charizard, L50, M|\n|poke|p1|Venusaur, L50, M|\n|poke|p1|Basculegion, L50, M|\n|poke|p1|Incineroar, L50, M|\n|poke|p1|Garchomp, L50, M|\n|poke|p1|Sneasler, L50, M|\n|poke|p2|Meganium, L50, F, shiny|\n|poke|p2|Archaludon, L50, F, shiny|\n|poke|p2|Aerodactyl, L50, M, shiny|\n|poke|p2|Typhlosion-Hisui, L50, M|\n|poke|p2|Tauros-Paldea-Aqua, L50, M, shiny|\n|poke|p2|Kangaskhan, L50, F|\n|teampreview|4\n|inactive|Battle timer is ON: inactive players will automatically lose when time's up. (requested by 801344244a)\n|inactive|801344244a has 60 seconds left.\n|inactive|801344244a has 30 seconds left.\n|inactive|801344244a has 20 seconds left.\n|inactive|801344244a has 15 seconds left.\n|inactive|801344244a has 10 seconds left.\n|\n|t:|1776577510\n|teamsize|p1|4\n|teamsize|p2|4\n|start\n|switch|p1a: Basculegion|Basculegion, L50, M|100/100\n|switch|p1b: Sneasler|Sneasler, L50, M|100/100\n|switch|p2a: Meganium|Meganium, L50, F, shiny|100/100\n|switch|p2b: Aerodactyl|Aerodactyl, L50, M, shiny|100/100\n|-ability|p2b: Aerodactyl|Unnerve\n|turn|1\n|\n|t:|1776577534\n|move|p2b: Aerodactyl|Protect|p2b: Aerodactyl\n|-singleturn|p2b: Aerodactyl|Protect\n|move|p2a: Meganium|Protect|p2a: Meganium\n|-singleturn|p2a: Meganium|Protect\n|move|p1a: Basculegion|Flip Turn|p2b: Aerodactyl\n|-activate|p2b: Aerodactyl|move: Protect\n|move|p1b: Sneasler|Dire Claw|p2a: Meganium\n|-activate|p2a: Meganium|move: Protect\n|\n|upkeep\n|turn|2\n|inactive|xFelc has 30 seconds left.\n|\n|t:|1776577564\n|detailschange|p2a: Meganium|Meganium-Mega, L50, F, shiny\n|-mega|p2a: Meganium|Meganium|Meganiumite\n|move|p1a: Basculegion|Flip Turn|p2b: Aerodactyl\n|-supereffective|p2b: Aerodactyl|1\n|-enditem|p2b: Aerodactyl|Focus Sash\n|-damage|p2b: Aerodactyl|1/100\n|\n|t:|1776577568\n|switch|p1a: Incineroar|Incineroar, L50, M|100/100|[from] Flip Turn\n|-ability|p1a: Incineroar|Intimidate|boost\n|-unboost|p2a: Meganium|atk|1\n|-unboost|p2b: Aerodactyl|atk|1\n|move|p2b: Aerodactyl|Tailwind|p2b: Aerodactyl\n|-sidestart|p2: xFelc|move: Tailwind\n|move|p2a: Meganium|Weather Ball|p1b: Sneasler\n|-damage|p1b: Sneasler|14/100\n|move|p1b: Sneasler|Rock Slide|p2a: Meganium|[spread] p2a,p2b\n|-supereffective|p2b: Aerodactyl|1\n|-damage|p2a: Meganium|83/100\n|-damage|p2b: Aerodactyl|0 fnt\n|faint|p2b: Aerodactyl\n|\n|upkeep\n|\n|t:|1776577583\n|switch|p2b: Tauros|Tauros-Paldea-Aqua, L50, M, shiny|100/100\n|-ability|p2b: Tauros|Intimidate|boost\n|-unboost|p1a: Incineroar|atk|1\n|-unboost|p1b: Sneasler|atk|1\n|-enditem|p1b: Sneasler|White Herb\n|-clearnegativeboost|p1b: Sneasler|[silent]\n|turn|3\n|inactive|xFelc has 30 seconds left.\n|inactive|xFelc has 20 seconds left.\n|\n|t:|1776577619\n|move|p1a: Incineroar|Fake Out|p2a: Meganium\n|-damage|p2a: Meganium|76/100\n|move|p1b: Sneasler|Close Combat|p2b: Tauros\n|-damage|p2b: Tauros|23/100\n|-unboost|p1b: Sneasler|def|1\n|-unboost|p1b: Sneasler|spd|1\n|move|p2b: Tauros|Wave Crash|p1a: Incineroar\n|-supereffective|p1a: Incineroar|1\n|-damage|p1a: Incineroar|2/100\n|-enditem|p1a: Incineroar|Sitrus Berry|[eat]\n|-heal|p1a: Incineroar|27/100|[from] item: Sitrus Berry\n|-damage|p2b: Tauros|0 fnt|[from] Recoil\n|faint|p2b: Tauros\n|cant|p2a: Meganium|flinch\n|\n|upkeep\n|\n|t:|1776577637\n|switch|p2b: Typhlosion|Typhlosion-Hisui, L50, M|100/100\n|turn|4\n|\n|t:|1776577650\n|move|p1b: Sneasler|Protect|p1b: Sneasler\n|-singleturn|p1b: Sneasler|Protect\n|move|p2b: Typhlosion|Shadow Ball|p1a: Incineroar\n|-resisted|p1a: Incineroar|1\n|-damage|p1a: Incineroar|8/100\n|move|p2a: Meganium|Dazzling Gleam|p1a: Incineroar|[spread] p1a\n|-activate|p1b: Sneasler|move: Protect\n|-damage|p1a: Incineroar|0 fnt\n|faint|p1a: Incineroar\n|\n|upkeep\n|\n|t:|1776577665\n|switch|p1a: Charizard|Charizard, L50, M|100/100\n|turn|5\n|inactive|801344244a has 30 seconds left.\n|inactive|801344244a has 20 seconds left.\n|inactive|801344244a has 15 seconds left.\n|\n|t:|1776577722\n|move|p1b: Sneasler|Protect|p1b: Sneasler\n|-singleturn|p1b: Sneasler|Protect\n|move|p2a: Meganium|Protect|p2a: Meganium\n|-singleturn|p2a: Meganium|Protect\n|move|p2b: Typhlosion|Shadow Ball|p1a: Charizard\n|-damage|p1a: Charizard|49/100\n|move|p1a: Charizard|Heat Wave|p2a: Meganium|[spread] p2b\n|-activate|p2a: Meganium|move: Protect\n|-resisted|p2b: Typhlosion|1\n|-damage|p2b: Typhlosion|74/100\n|\n|-sideend|p2: xFelc|move: Tailwind\n|upkeep\n|turn|6\n|\n|t:|1776577741\n|detailschange|p1a: Charizard|Charizard-Mega-Y, L50, M\n|-mega|p1a: Charizard|Charizard|Charizardite Y\n|-weather|SunnyDay|[from] ability: Drought|[of] p1a: Charizard\n|move|p1b: Sneasler|Rock Slide|p2a: Meganium|[spread] p2a,p2b\n|-supereffective|p2b: Typhlosion|1\n|-damage|p2a: Meganium|58/100\n|-damage|p2b: Typhlosion|9/100\n|move|p2b: Typhlosion|Shadow Ball|p1a: Charizard\n|-damage|p1a: Charizard|9/100\n|move|p1a: Charizard|Heat Wave|p2a: Meganium|[spread] p2a,p2b\n|-supereffective|p2a: Meganium|1\n|-crit|p2a: Meganium\n|-resisted|p2b: Typhlosion|1\n|-damage|p2a: Meganium|0 fnt\n|-damage|p2b: Typhlosion|0 fnt\n|faint|p2a: Meganium\n|faint|p2b: Typhlosion\n|\n|win|801344244a\n|raw|801344244a's rating: 1206 &rarr; <strong>1232</strong><br />(+26 for winning)\n|raw|xFelc's rating: 1221 &rarr; <strong>1195</strong><br />(-26 for losing)\n|l|\u2606xFelc\n|player|p2|\n|l|\u2606801344244a\n|player|p1|\n|j|\u2606801344244a\n|player|p1|801344244a|elesa|\n",
  "uploadtime": 1776577777,
  "views": 8,
  "formatid": "gen9championsvgc2026regma",
  "rating": 1195,
  "private": 0,
  "password": null
}