{
  "id": "gen9championsvgc2026regma-2584219893",
  "format": "[Gen 9 Champions] VGC 2026 Reg M-A",
  "players": [
    "xiaoliyunVGC",
    "jaesun0810"
  ],
  "log": "|j|\u2606xiaoliyunVGC\n|j|\u2606jaesun0810\n|t:|1776239723\n|gametype|doubles\n|player|p1|xiaoliyunVGC|liko|1407\n|player|p2|jaesun0810|2|1478\n|gen|9\n|tier|[Gen 9 Champions] VGC 2026 Reg M-A\n|rated|\n|rule|Species Clause: Limit one of each Pok\u00e9mon\n|rule|Item Clause: Limit 1 of each item\n|clearpoke\n|poke|p1|Ninetales-Alola, L50, F|\n|poke|p1|Manectric, L50, M|\n|poke|p1|Sneasler, L50, F|\n|poke|p1|Rotom-Wash, L50|\n|poke|p1|Corviknight, L50, F|\n|poke|p1|Basculegion, L50, M|\n|poke|p2|Basculegion, L50, M|\n|poke|p2|Pelipper, L50, F|\n|poke|p2|Archaludon, L50, F|\n|poke|p2|Sableye, L50, F|\n|poke|p2|Kingambit, L50, M|\n|poke|p2|Meganium, L50, M|\n|teampreview|4\n|inactive|Battle timer is ON: inactive players will automatically lose when time's up. (requested by xiaoliyunVGC)\n|\n|t:|1776239754\n|teamsize|p1|4\n|teamsize|p2|4\n|start\n|switch|p1a: Manectric|Manectric, L50, M, shiny|100/100\n|switch|p1b: Sneasler|Sneasler, L50, F, shiny|100/100\n|switch|p2a: Sableye|Sableye, L50, F|100/100\n|switch|p2b: Basculegion|Basculegion, L50, M, shiny|100/100\n|turn|1\n|j| Mojoe93\n|\n|t:|1776239765\n|detailschange|p1a: Manectric|Manectric-Mega, L50, M, shiny\n|-mega|p1a: Manectric|Manectric|Manectite\n|-ability|p1a: Manectric|Intimidate|boost\n|-unboost|p2a: Sableye|atk|1\n|-unboost|p2b: Basculegion|atk|1\n|move|p1b: Sneasler|Protect|p1b: Sneasler\n|-singleturn|p1b: Sneasler|Protect\n|move|p2a: Sableye|Fake Out|p1a: Manectric\n|-damage|p1a: Manectric|89/100\n|cant|p1a: Manectric|flinch\n|move|p2b: Basculegion|Wave Crash|p1b: Sneasler\n|-activate|p1b: Sneasler|move: Protect\n|\n|upkeep\n|turn|2\n|\n|t:|1776239783\n|switch|p1b: Ninetales|Ninetales-Alola, L50, F, shiny|100/100\n|-weather|Snowscape|[from] ability: Snow Warning|[of] p1b: Ninetales\n|move|p2a: Sableye|Rain Dance|p2a: Sableye\n|-weather|RainDance\n|move|p2b: Basculegion|Flip Turn|p1b: Ninetales\n|-damage|p1b: Ninetales|47/100\n|\n|t:|1776239791\n|switch|p2b: Archaludon|Archaludon, L50, F, shiny|100/100|[from] Flip Turn\n|move|p1a: Manectric|Thunderbolt|p2b: Archaludon\n|-resisted|p2b: Archaludon|1\n|-damage|p2b: Archaludon|79/100\n|-ability|p2b: Archaludon|Stamina|boost\n|-boost|p2b: Archaludon|def|1\n|\n|-weather|RainDance|[upkeep]\n|-heal|p2b: Archaludon|85/100|[from] item: Leftovers\n|upkeep\n|turn|3\n|\n|t:|1776239804\n|switch|p2a: Meganium|Meganium, L50, M|100/100\n|move|p1b: Ninetales|Moonblast|p2a: Meganium\n|-damage|p2a: Meganium|58/100\n|-unboost|p2a: Meganium|spa|1\n|move|p1a: Manectric|Volt Switch|p2a: Meganium\n|-resisted|p2a: Meganium|1\n|-damage|p2a: Meganium|39/100\n|\n|t:|1776239817\n|switch|p1a: Sneasler|Sneasler, L50, F, shiny|100/100|[from] Volt Switch\n|move|p2b: Archaludon|Electro Shot||[still]\n|-prepare|p2b: Archaludon|Electro Shot\n|-boost|p2b: Archaludon|spa|1\n|-anim|p2b: Archaludon|Electro Shot|p1b: Ninetales\n|-damage|p1b: Ninetales|0 fnt\n|faint|p1b: Ninetales\n|\n|-weather|RainDance|[upkeep]\n|-heal|p2b: Archaludon|92/100|[from] item: Leftovers\n|upkeep\n|\n|t:|1776239826\n|switch|p1b: Corviknight|Corviknight, L50, F, shiny|100/100\n|turn|4\n|\n|t:|1776239840\n|switch|p1b: Manectric|Manectric-Mega, L50, M, shiny|89/100\n|-ability|p1b: Manectric|Intimidate|boost\n|-unboost|p2a: Meganium|atk|1\n|-unboost|p2b: Archaludon|atk|1\n|detailschange|p2a: Meganium|Meganium-Mega, L50, M\n|-mega|p2a: Meganium|Meganium|Meganiumite\n|move|p1a: Sneasler|Close Combat|p2b: Archaludon\n|-supereffective|p2b: Archaludon|1\n|-damage|p2b: Archaludon|22/100\n|-unboost|p1a: Sneasler|def|1\n|-unboost|p1a: Sneasler|spd|1\n|-ability|p2b: Archaludon|Stamina|boost\n|-boost|p2b: Archaludon|def|1\n|-enditem|p1a: Sneasler|White Herb\n|-clearnegativeboost|p1a: Sneasler|[silent]\n|move|p2a: Meganium|Weather Ball|p1b: Manectric\n|-crit|p1b: Manectric\n|-damage|p1b: Manectric|0 fnt\n|faint|p1b: Manectric\n|move|p2b: Archaludon|Electro Shot||[still]\n|-prepare|p2b: Archaludon|Electro Shot\n|-boost|p2b: Archaludon|spa|1\n|-anim|p2b: Archaludon|Electro Shot|p1a: Sneasler\n|-damage|p1a: Sneasler|4/100\n|\n|-weather|RainDance|[upkeep]\n|-heal|p2b: Archaludon|28/100|[from] item: Leftovers\n|upkeep\n|\n|t:|1776239856\n|switch|p1b: Corviknight|Corviknight, L50, F, shiny|100/100\n|turn|5\n|\n|t:|1776239869\n|move|p2a: Meganium|Protect|p2a: Meganium\n|-singleturn|p2a: Meganium|Protect\n|move|p1a: Sneasler|Close Combat|p2b: Archaludon\n|-supereffective|p2b: Archaludon|1\n|-damage|p2b: Archaludon|0 fnt\n|-unboost|p1a: Sneasler|def|1\n|-unboost|p1a: Sneasler|spd|1\n|faint|p2b: Archaludon\n|move|p1b: Corviknight|Iron Head|p2a: Meganium\n|-activate|p2a: Meganium|move: Protect\n|\n|-weather|RainDance|[upkeep]\n|upkeep\n|j| Quagmander\n|\n|t:|1776239875\n|switch|p2b: Basculegion|Basculegion, L50, M, shiny|100/100\n|turn|6\n|j| Syachilove0408\n|\n|t:|1776239885\n|move|p1a: Sneasler|Protect|p1a: Sneasler\n|-singleturn|p1a: Sneasler|Protect\n|move|p2b: Basculegion|Aqua Jet|p1a: Sneasler\n|-activate|p1a: Sneasler|move: Protect\n|move|p2a: Meganium|Weather Ball|p1b: Corviknight\n|-supereffective|p1b: Corviknight|1\n|-damage|p1b: Corviknight|34/100\n|move|p1b: Corviknight|Bulk Up|p1b: Corviknight\n|-boost|p1b: Corviknight|atk|1\n|-boost|p1b: Corviknight|def|1\n|\n|-weather|none\n|-heal|p1b: Corviknight|40/100|[from] item: Leftovers\n|upkeep\n|turn|7\n|\n|t:|1776239898\n|move|p2b: Basculegion|Aqua Jet|p1a: Sneasler\n|-damage|p1a: Sneasler|0 fnt\n|faint|p1a: Sneasler\n|move|p2a: Meganium|Weather Ball|p1b: Corviknight\n|-supereffective|p1b: Corviknight|1\n|-damage|p1b: Corviknight|0 fnt\n|faint|p1b: Corviknight\n|\n|win|jaesun0810\n|raw|xiaoliyunVGC's rating: 1407 &rarr; <strong>1391</strong><br />(-16 for losing)\n|raw|jaesun0810's rating: 1478 &rarr; <strong>1494</strong><br />(+16 for winning)\n|l|\u2606xiaoliyunVGC\n|player|p1|\n|l|\u2606jaesun0810\n|player|p2|\n",
  "uploadtime": 1776239904,
  "views": 37,
  "formatid": "gen9championsvgc2026regma",
  "rating": 1391,
  "private": 0,
  "password": null
}