{
  "id": "gen9championsvgc2026regma-2587811918",
  "format": "[Gen 9 Champions] VGC 2026 Reg M-A",
  "players": [
    "TheNewMeliolizard",
    "JacintoElGrande"
  ],
  "log": "|j|\u2606TheNewMeliolizard\n|j|\u2606JacintoElGrande\n|t:|1776566476\n|gametype|doubles\n|player|p1|TheNewMeliolizard|larry|1406\n|player|p2|JacintoElGrande|doctor-gen8|1419\n|gen|9\n|tier|[Gen 9 Champions] VGC 2026 Reg M-A\n|rated|\n|rule|Species Clause: Limit one of each Pok\u00e9mon\n|rule|Item Clause: Limit 1 of each item\n|clearpoke\n|poke|p1|Aggron, L50, F, shiny|\n|poke|p1|Rotom-Wash, L50, shiny|\n|poke|p1|Sinistcha, L50, shiny|\n|poke|p1|Incineroar, L50, M, shiny|\n|poke|p1|Ninetales-Alola, L50, M, shiny|\n|poke|p1|Tyranitar, L50, F, shiny|\n|poke|p2|Aggron, L50, M|\n|poke|p2|Incineroar, L50, M|\n|poke|p2|Sinistcha, L50|\n|poke|p2|Pelipper, L50, M|\n|poke|p2|Sneasler, L50, M|\n|poke|p2|Archaludon, L50, M|\n|teampreview|4\nJacintoElGrande has agreed to open team sheets.\n|c|\u2606JacintoElGrande|hello again\nTheNewMeliolizard has agreed to open team sheets.\n|showteam|p1|Aggron||Aggronite|HeavyMetal|BodyPress,HeavySlam,IronDefense,Protect|||F|||50|]Rotom-Wash||Leftovers|Levitate|HydroPump,VoltSwitch,WillOWisp,Protect||||||50|]Sinistcha||SitrusBerry|Hospitality|MatchaGotcha,ShadowBall,TrickRoom,RagePowder||||||50|]Incineroar||ChopleBerry|Intimidate|DarkestLariat,FlareBlitz,FakeOut,PartingShot|||M|||50|]Ninetales-Alola||ChartiBerry|SnowWarning|Blizzard,Moonblast,AuroraVeil,Encore|||M|||50|]Tyranitar||Tyranitarite|SandStream|LowKick,KnockOff,RockSlide,Protect|||F|||50|\n|showteam|p2|Aggron||Aggronite|Sturdy|Protect,IronDefense,BodyPress,HeavySlam|||M|||50|]Incineroar||SitrusBerry|Intimidate|FakeOut,DarkestLariat,FlareBlitz,PartingShot|||M|||50|]Sinistcha||Leftovers|Hospitality|MatchaGotcha,Protect,ShadowBall,RagePowder||||||50|]Pelipper||FocusSash|Drizzle|Hurricane,Tailwind,Protect,WeatherBall|||M|||50|]Sneasler||WhiteHerb|Unburden|CloseCombat,DireClaw,Protect,FakeOut|||M|||50|]Archaludon||ChoiceScarf|Stalwart|ElectroShot,DracoMeteor,FlashCannon,SteelBeam|||M|||50|\n|c|\u2606TheNewMeliolizard|hello\n|c|\u2606JacintoElGrande|gl hf\n|c|\u2606TheNewMeliolizard|u2\n|\n|t:|1776566534\n|teamsize|p1|4\n|teamsize|p2|4\n|start\n|switch|p1a: Aggron|Aggron, L50, F, shiny|100/100\n|switch|p1b: Rotom|Rotom-Wash, L50, shiny|100/100\n|switch|p2a: Sinistcha|Sinistcha, L50|100/100\n|switch|p2b: Archaludon|Archaludon, L50, M|100/100\n|turn|1\n|inactive|Battle timer is ON: inactive players will automatically lose when time's up. (requested by JacintoElGrande)\n|\n|t:|1776566552\n|detailschange|p1a: Aggron|Aggron-Mega, L50, F, shiny\n|-mega|p1a: Aggron|Aggron|Aggronite\n|move|p2b: Archaludon|Draco Meteor|p1b: Rotom\n|-damage|p1b: Rotom|26/100\n|-unboost|p2b: Archaludon|spa|2\n|move|p1b: Rotom|Volt Switch|p2a: Sinistcha\n|-resisted|p2a: Sinistcha|1\n|-damage|p2a: Sinistcha|89/100\n|\n|t:|1776566564\n|switch|p1b: Ninetales|Ninetales-Alola, L50, M, shiny|100/100|[from] Volt Switch\n|-weather|Snowscape|[from] ability: Snow Warning|[of] p1b: Ninetales\n|move|p2a: Sinistcha|Matcha Gotcha|p1a: Aggron|[spread] p1a,p1b\n|-resisted|p1a: Aggron|1\n|-damage|p1a: Aggron|90/100\n|-heal|p2a: Sinistcha|94/100|[from] drain|[of] p1a: Aggron\n|-damage|p1b: Ninetales|73/100\n|-heal|p2a: Sinistcha|100/100|[from] drain|[of] p1b: Ninetales\n|move|p1a: Aggron|Iron Defense|p1a: Aggron\n|-boost|p1a: Aggron|def|2\n|\n|-weather|Snowscape|[upkeep]\n|upkeep\n|turn|2\n|\n|t:|1776566586\n|switch|p2b: Pelipper|Pelipper, L50, M|100/100\n|-weather|RainDance|[from] ability: Drizzle|[of] p2b: Pelipper\n|move|p2a: Sinistcha|Protect|p2a: Sinistcha\n|-singleturn|p2a: Sinistcha|Protect\n|move|p1b: Ninetales|Moonblast|p2a: Sinistcha\n|-activate|p2a: Sinistcha|move: Protect\n|move|p1a: Aggron|Body Press|p2a: Sinistcha\n|-activate|p2a: Sinistcha|move: Protect\n|\n|-weather|RainDance|[upkeep]\n|upkeep\n|turn|3\n|\n|t:|1776566603\n|switch|p1b: Rotom|Rotom-Wash, L50, shiny|26/100\n|move|p2b: Pelipper|Weather Ball|p1b: Rotom\n|-resisted|p1b: Rotom|1\n|-damage|p1b: Rotom|0 fnt\n|faint|p1b: Rotom\n|move|p2a: Sinistcha|Matcha Gotcha|p1a: Aggron|[miss]\n|-miss|p2a: Sinistcha|p1a: Aggron\n|move|p1a: Aggron|Body Press|p2b: Pelipper\n|-resisted|p2b: Pelipper|1\n|-damage|p2b: Pelipper|47/100\n|\n|-weather|RainDance|[upkeep]\n|upkeep\n|\n|t:|1776566609\n|switch|p1b: Ninetales|Ninetales-Alola, L50, M, shiny|73/100\n|-weather|Snowscape|[from] ability: Snow Warning|[of] p1b: Ninetales\n|turn|4\n|\n|t:|1776566631\n|move|p2a: Sinistcha|Protect|p2a: Sinistcha\n|-singleturn|p2a: Sinistcha|Protect\n|move|p1b: Ninetales|Aurora Veil|p1b: Ninetales\n|-sidestart|p1: TheNewMeliolizard|move: Aurora Veil\n|move|p2b: Pelipper|Weather Ball|p1a: Aggron\n|-resisted|p1a: Aggron|1\n|-damage|p1a: Aggron|82/100\n|move|p1a: Aggron|Body Press|p2b: Pelipper\n|-resisted|p2b: Pelipper|1\n|-damage|p2b: Pelipper|0 fnt\n|faint|p2b: Pelipper\n|\n|-weather|Snowscape|[upkeep]\n|upkeep\n|\n|t:|1776566637\n|switch|p2b: Archaludon|Archaludon, L50, M|100/100\n|turn|5\n|\n|t:|1776566654\n|switch|p2a: Aggron|Aggron, L50, M|100/100\n|move|p2b: Archaludon|Flash Cannon|p1b: Ninetales\n|-supereffective|p1b: Ninetales|2\n|-damage|p1b: Ninetales|0 fnt\n|faint|p1b: Ninetales\n|move|p1a: Aggron|Heavy Slam|p2a: Aggron\n|-damage|p2a: Aggron|89/100\n|\n|-weather|Snowscape|[upkeep]\n|upkeep\n|\n|t:|1776566659\n|switch|p1b: Sinistcha|Sinistcha, L50, shiny|100/100\n|-heal|p1a: Aggron|100/100|[from] ability: Hospitality|[of] p1b: Sinistcha\n|turn|6\n|\n|t:|1776566673\n|detailschange|p2a: Aggron|Aggron-Mega, L50, M\n|-mega|p2a: Aggron|Aggron|Aggronite\n|move|p2b: Archaludon|Flash Cannon|p1b: Sinistcha\n|-damage|p1b: Sinistcha|71/100\n|move|p1b: Sinistcha|Shadow Ball|p2b: Archaludon\n|-damage|p2b: Archaludon|54/100\n|move|p2a: Aggron|Heavy Slam|p1b: Sinistcha\n|-damage|p1b: Sinistcha|36/100\n|-enditem|p1b: Sinistcha|Sitrus Berry|[eat]\n|-heal|p1b: Sinistcha|61/100|[from] item: Sitrus Berry\n|move|p1a: Aggron|Body Press|p2a: Aggron\n|-supereffective|p2a: Aggron|1\n|-damage|p2a: Aggron|34/100\n|\n|-weather|Snowscape|[upkeep]\n|upkeep\n|turn|7\n|inactive|JacintoElGrande has 30 seconds left.\n|\n|t:|1776566702\n|move|p2b: Archaludon|Flash Cannon|p1b: Sinistcha\n|-damage|p1b: Sinistcha|30/100\n|-unboost|p1b: Sinistcha|spd|1\n|move|p1b: Sinistcha|Shadow Ball|p2b: Archaludon\n|-damage|p2b: Archaludon|7/100\n|move|p2a: Aggron|Heavy Slam|p1b: Sinistcha\n|-damage|p1b: Sinistcha|0 fnt\n|faint|p1b: Sinistcha\n|move|p1a: Aggron|Body Press|p2a: Aggron\n|-supereffective|p2a: Aggron|1\n|-damage|p2a: Aggron|0 fnt\n|faint|p2a: Aggron\n|\n|-weather|Snowscape|[upkeep]\n|upkeep\n|\n|t:|1776566705\n|switch|p2a: Sinistcha|Sinistcha, L50|100/100\n|-heal|p2b: Archaludon|32/100|[from] ability: Hospitality|[of] p2a: Sinistcha\n|turn|8\n|\n|t:|1776566714\n|move|p2a: Sinistcha|Rage Powder|p2a: Sinistcha\n|-singleturn|p2a: Sinistcha|move: Rage Powder\n|move|p2b: Archaludon|Flash Cannon|p1a: Aggron\n|-resisted|p1a: Aggron|1\n|-damage|p1a: Aggron|89/100\n|move|p1a: Aggron|Heavy Slam|p2a: Sinistcha\n|-damage|p2a: Sinistcha|49/100\n|\n|-weather|none\n|-heal|p2a: Sinistcha|56/100|[from] item: Leftovers\n|-sideend|p1: TheNewMeliolizard|move: Aurora Veil\n|upkeep\n|turn|9\n|\n|t:|1776566722\n|move|p2b: Archaludon|Flash Cannon|p1a: Aggron\n|-resisted|p1a: Aggron|1\n|-damage|p1a: Aggron|70/100\n|move|p2a: Sinistcha|Shadow Ball|p1a: Aggron\n|-damage|p1a: Aggron|41/100\n|move|p1a: Aggron|Heavy Slam|p2a: Sinistcha\n|-damage|p2a: Sinistcha|0 fnt\n|faint|p2a: Sinistcha\n|\n|upkeep\n|turn|10\n|\n|t:|1776566728\n|move|p2b: Archaludon|Flash Cannon|p1a: Aggron\n|-resisted|p1a: Aggron|1\n|-damage|p1a: Aggron|21/100\n|-unboost|p1a: Aggron|spd|1\n|move|p1a: Aggron|Body Press|p2b: Archaludon\n|-supereffective|p2b: Archaludon|1\n|-damage|p2b: Archaludon|0 fnt\n|faint|p2b: Archaludon\n|\n|win|TheNewMeliolizard\n|raw|TheNewMeliolizard's rating: 1406 &rarr; <strong>1427</strong><br />(+21 for winning)\n|raw|JacintoElGrande's rating: 1419 &rarr; <strong>1398</strong><br />(-21 for losing)\n|c|\u2606TheNewMeliolizard|gg\n|c|\u2606JacintoElGrande|gg mate\n",
  "uploadtime": 1776566738,
  "views": 18,
  "formatid": "gen9championsvgc2026regma",
  "rating": 1398,
  "private": 0,
  "password": null
}