{
  "id": "gen9championsvgc2026regma-2586089190",
  "format": "[Gen 9 Champions] VGC 2026 Reg M-A",
  "players": [
    "catfoodisgood",
    "bambinator88"
  ],
  "log": "|j|\u2606catfoodisgood\n|j|\u2606bambinator88\n|t:|1776397779\n|gametype|doubles\n|player|p1|catfoodisgood|1|1224\n|player|p2|bambinator88|hilbert-wonderlauncher|1135\n|gen|9\n|tier|[Gen 9 Champions] VGC 2026 Reg M-A\n|rated|\n|rule|Species Clause: Limit one of each Pok\u00e9mon\n|rule|Item Clause: Limit 1 of each item\n|clearpoke\n|poke|p1|Conkeldurr, L50, M|\n|poke|p1|Farigiraf, L50, M|\n|poke|p1|Torkoal, L50, F|\n|poke|p1|Maushold-Four, L50|\n|poke|p1|Venusaur, L50, M|\n|poke|p1|Charizard, L50, F|\n|poke|p2|Gardevoir, L50, F|\n|poke|p2|Primarina, L50, F|\n|poke|p2|Whimsicott, L50, F|\n|poke|p2|Sneasler, L50, F|\n|poke|p2|Kingambit, L50, M|\n|poke|p2|Incineroar, L50, M|\n|teampreview|4\n|\n|t:|1776397803\n|teamsize|p1|4\n|teamsize|p2|4\n|start\n|switch|p1a: Venusaur|Venusaur, L50, M|100/100\n|switch|p1b: Charizard|Charizard, L50, F|100/100\n|switch|p2a: Incineroar|Incineroar, L50, M|100/100\n|switch|p2b: Gardevoir|Gardevoir, L50, F|100/100\n|-ability|p2b: Gardevoir|Chlorophyll|Trace|[from] ability: Trace|[of] p1a: Venusaur\n|-ability|p2a: Incineroar|Intimidate|boost\n|-unboost|p1a: Venusaur|atk|1\n|-unboost|p1b: Charizard|atk|1\n|turn|1\n|\n|t:|1776397824\n|switch|p1b: Farigiraf|Farigiraf, L50, M|100/100\n|move|p2a: Incineroar|Fake Out||[still]\n|cant|p1b: Farigiraf|ability: Armor Tail|Fake Out|[of] p2a: Incineroar\n|move|p1a: Venusaur|Sludge Bomb|p2b: Gardevoir\n|-supereffective|p2b: Gardevoir|1\n|-damage|p2b: Gardevoir|15/100\n|move|p2b: Gardevoir|Psychic|p1a: Venusaur\n|-supereffective|p1a: Venusaur|1\n|-crit|p1a: Venusaur\n|-damage|p1a: Venusaur|0 fnt\n|faint|p1a: Venusaur\n|\n|upkeep\n|\n|t:|1776397835\n|switch|p1a: Charizard|Charizard, L50, F|100/100\n|turn|2\n|\n|t:|1776397846\n|detailschange|p1a: Charizard|Charizard-Mega-Y, L50, F\n|-mega|p1a: Charizard|Charizard|Charizardite Y\n|-weather|SunnyDay|[from] ability: Drought|[of] p1a: Charizard\n|move|p1b: Farigiraf|Helping Hand|p1a: Charizard\n|-singleturn|p1a: Charizard|Helping Hand|[of] p1b: Farigiraf\n|move|p2b: Gardevoir|Protect|p2b: Gardevoir\n|-singleturn|p2b: Gardevoir|Protect\n|move|p1a: Charizard|Heat Wave|p2b: Gardevoir|[spread] p2a\n|-activate|p2b: Gardevoir|move: Protect\n|-resisted|p2a: Incineroar|1\n|-damage|p2a: Incineroar|53/100\n|move|p2a: Incineroar|Flare Blitz|p1b: Farigiraf\n|-damage|p1b: Farigiraf|29/100\n|-damage|p2a: Incineroar|27/100|[from] Recoil\n|-enditem|p2a: Incineroar|Sitrus Berry|[eat]\n|-heal|p2a: Incineroar|51/100|[from] item: Sitrus Berry\n|\n|-weather|SunnyDay|[upkeep]\n|upkeep\n|turn|3\n|\n|t:|1776397893\n|move|p2b: Gardevoir|Psychic|p1a: Charizard\n|-damage|p1a: Charizard|46/100\n|move|p1a: Charizard|Heat Wave|p2b: Gardevoir|[spread] p2a,p2b\n|-resisted|p2a: Incineroar|1\n|-damage|p2a: Incineroar|20/100\n|-damage|p2b: Gardevoir|0 fnt\n|faint|p2b: Gardevoir\n|move|p2a: Incineroar|Darkest Lariat|p1b: Farigiraf\n|-supereffective|p1b: Farigiraf|1\n|-damage|p1b: Farigiraf|0 fnt\n|faint|p1b: Farigiraf\n|\n|-weather|SunnyDay|[upkeep]\n|upkeep\n|\n|t:|1776397909\n|switch|p2b: Sneasler|Sneasler, L50, F|100/100\n|switch|p1b: Torkoal|Torkoal, L50, F|100/100\n|turn|4\n|\n|t:|1776397925\n|move|p1a: Charizard|Protect|p1a: Charizard\n|-singleturn|p1a: Charizard|Protect\n|move|p2b: Sneasler|Fake Out|p1b: Torkoal\n|-damage|p1b: Torkoal|90/100\n|move|p2a: Incineroar|Flare Blitz|p1a: Charizard\n|-activate|p1a: Charizard|move: Protect\n|cant|p1b: Torkoal|flinch\n|\n|-weather|SunnyDay|[upkeep]\n|upkeep\n|turn|5\n|\n|t:|1776397941\n|move|p2b: Sneasler|Dire Claw|p1b: Torkoal\n|-damage|p1b: Torkoal|56/100\n|move|p1a: Charizard|Heat Wave|p2b: Sneasler|[spread] p2a,p2b\n|-resisted|p2a: Incineroar|1\n|-crit|p2b: Sneasler\n|-damage|p2a: Incineroar|0 fnt\n|-damage|p2b: Sneasler|0 fnt\n|faint|p2a: Incineroar\n|faint|p2b: Sneasler\n|move|p1b: Torkoal|Heat Wave|p2: Incineroar|[notarget]\n|-fail|p1b: Torkoal\n|\n|-weather|SunnyDay|[upkeep]\n|upkeep\n|\n|t:|1776397967\n|switch|p2b: Primarina|Primarina, L50, F|100/100\n|turn|6\n|\n|t:|1776397972\n|move|p2b: Primarina|Protect|p2b: Primarina\n|-singleturn|p2b: Primarina|Protect\n|move|p1a: Charizard|Solar Beam||[still]\n|-prepare|p1a: Charizard|Solar Beam\n|-anim|p1a: Charizard|Solar Beam|p2b: Primarina\n|-activate|p2b: Primarina|move: Protect\n|move|p1b: Torkoal|Weather Ball|p2b: Primarina\n|-activate|p2b: Primarina|move: Protect\n|\n|-weather|none\n|upkeep\n|turn|7\n|\n|t:|1776397990\n|move|p1a: Charizard|Flamethrower|p2b: Primarina\n|-resisted|p2b: Primarina|1\n|-damage|p2b: Primarina|78/100\n|move|p2b: Primarina|Hyper Voice|p1a: Charizard|[spread] p1a,p1b\n|-supereffective|p1a: Charizard|1\n|-supereffective|p1b: Torkoal|1\n|-damage|p1a: Charizard|0 fnt\n|-damage|p1b: Torkoal|0 fnt\n|faint|p1a: Charizard\n|faint|p1b: Torkoal\n|\n|win|bambinator88\n|raw|catfoodisgood's rating: 1224 &rarr; <strong>1193</strong><br />(-31 for losing)\n|raw|bambinator88's rating: 1135 &rarr; <strong>1166</strong><br />(+31 for winning)\n|l|\u2606catfoodisgood\n|player|p1|\n",
  "uploadtime": 1776398006,
  "views": 26,
  "formatid": "gen9championsvgc2026regma",
  "rating": 1166,
  "private": 0,
  "password": null
}