{
  "id": "gen9championsvgc2026regma-2583668948",
  "format": "[Gen 9 Champions] VGC 2026 Reg M-A",
  "players": [
    "Nexxus3000",
    "TomyMedra11"
  ],
  "log": "|j|\u2606Nexxus3000\n|j|\u2606TomyMedra11\n|t:|1776189928\n|gametype|doubles\n|player|p1|Nexxus3000|101|1124\n|player|p2|TomyMedra11|blue|1113\n|gen|9\n|tier|[Gen 9 Champions] VGC 2026 Reg M-A\n|rated|\n|rule|Species Clause: Limit one of each Pok\u00e9mon\n|rule|Item Clause: Limit 1 of each item\n|clearpoke\n|poke|p1|Altaria, L50, F|\n|poke|p1|Meowstic, L50, M|\n|poke|p1|Maushold-Four, L50|\n|poke|p1|Kingambit, L50, M|\n|poke|p1|Rotom-Wash, L50|\n|poke|p1|Alakazam, L50, F|\n|poke|p2|Dragonite, L50, M|\n|poke|p2|Pelipper, L50, M|\n|poke|p2|Basculegion, L50, M|\n|poke|p2|Archaludon, L50, M|\n|poke|p2|Sneasler, L50, M|\n|poke|p2|Beartic, L50, M|\n|teampreview|4\n|\n|t:|1776189944\n|teamsize|p1|4\n|teamsize|p2|4\n|start\n|switch|p1a: Altaria|Altaria, L50, F|100/100\n|switch|p1b: Rotom|Rotom-Wash, L50|100/100\n|switch|p2a: Cartero|Pelipper, L50, M|100/100\n|switch|p2b: Darwin|Basculegion, L50, M|100/100\n|-ability|p1a: Altaria|Cloud Nine\n|-weather|RainDance|[from] ability: Drizzle|[of] p2a: Cartero\n|turn|1\n|inactive|Battle timer is ON: inactive players will automatically lose when time's up. (requested by TomyMedra11)\n|\n|t:|1776189961\n|move|p2a: Cartero|Protect|p2a: Cartero\n|-singleturn|p2a: Cartero|Protect\n|move|p2b: Darwin|Flip Turn|p1b: Rotom\n|-resisted|p1b: Rotom|1\n|-crit|p1b: Rotom\n|-damage|p1b: Rotom|74/100\n|\n|t:|1776189967\n|switch|p2b: Shinyler|Sneasler, L50, M, shiny|100/100|[from] Flip Turn\n|move|p1b: Rotom|Will-O-Wisp|p2b: Shinyler|[miss]\n|-miss|p1b: Rotom|p2b: Shinyler\n|move|p1a: Altaria|Tailwind|p1a: Altaria\n|-sidestart|p1: Nexxus3000|move: Tailwind\n|\n|-weather|RainDance|[upkeep]\n|-heal|p1b: Rotom|79/100|[from] item: Leftovers\n|upkeep\n|turn|2\n|\n|t:|1776189978\n|move|p1a: Altaria|Protect|p1a: Altaria\n|-singleturn|p1a: Altaria|Protect\n|move|p2b: Shinyler|Protect|p2b: Shinyler\n|-singleturn|p2b: Shinyler|Protect\n|move|p1b: Rotom|Will-O-Wisp|p2b: Shinyler\n|-activate|p2b: Shinyler|move: Protect\n|move|p2a: Cartero|Tailwind|p2a: Cartero\n|-sidestart|p2: TomyMedra11|move: Tailwind\n|\n|-weather|RainDance|[upkeep]\n|-heal|p1b: Rotom|85/100|[from] item: Leftovers\n|upkeep\n|turn|3\n|inactive|TomyMedra11 has 30 seconds left.\n|\n|t:|1776190006\n|switch|p1a: Meowstic|Meowstic, L50, M|100/100\n|move|p2b: Shinyler|Close Combat|p1b: Rotom\n|-damage|p1b: Rotom|22/100\n|-unboost|p2b: Shinyler|def|1\n|-unboost|p2b: Shinyler|spd|1\n|-enditem|p2b: Shinyler|White Herb\n|-clearnegativeboost|p2b: Shinyler|[silent]\n|move|p1b: Rotom|Volt Switch|p2a: Cartero\n|-supereffective|p2a: Cartero|2\n|-enditem|p2a: Cartero|Focus Sash\n|-damage|p2a: Cartero|1/100\n|\n|t:|1776190018\n|switch|p1b: Altaria|Altaria, L50, F|100/100|[from] Volt Switch\n|-ability|p1b: Altaria|Cloud Nine\n|move|p2a: Cartero|Hurricane|p1b: Altaria\n|-crit|p1b: Altaria\n|-damage|p1b: Altaria|53/100\n|\n|-weather|RainDance|[upkeep]\n|upkeep\n|turn|4\n|inactive|TomyMedra11 has 30 seconds left.\n|\n|t:|1776190043\n|move|p1a: Meowstic|Thunder Wave|p2b: Shinyler\n|-status|p2b: Shinyler|par\n|move|p2b: Shinyler|Dire Claw|p1a: Meowstic\n|-damage|p1a: Meowstic|57/100\n|move|p1b: Altaria|Hyper Voice|p2a: Cartero|[spread] p2a,p2b\n|-damage|p2a: Cartero|0 fnt\n|-damage|p2b: Shinyler|76/100 par\n|faint|p2a: Cartero\n|\n|-weather|RainDance|[upkeep]\n|-sideend|p1: Nexxus3000|move: Tailwind\n|upkeep\n|\n|t:|1776190057\n|switch|p2a: Popi|Dragonite, L50, M|100/100\n|turn|5\n|\n|t:|1776190080\n|detailschange|p2a: Popi|Dragonite-Mega, L50, M\n|-mega|p2a: Popi|Dragonite|Dragoninite\n|move|p1b: Altaria|Protect|p1b: Altaria\n|-singleturn|p1b: Altaria|Protect\n|move|p1a: Meowstic|Thunder Wave|p2a: Popi\n|-status|p2a: Popi|par\n|move|p2b: Shinyler|Dire Claw|p1a: Meowstic\n|-damage|p1a: Meowstic|14/100\n|move|p2a: Popi|Draco Meteor|p1b: Altaria\n|-activate|p1b: Altaria|move: Protect\n|\n|-weather|none\n|-sideend|p2: TomyMedra11|move: Tailwind\n|upkeep\n|turn|6\n|\n|t:|1776190100\n|move|p1a: Meowstic|Psychic Terrain|p1a: Meowstic\n|-fieldstart|move: Psychic Terrain\n|move|p2b: Shinyler|Dire Claw|p1b: Altaria\n|-damage|p1b: Altaria|4/100\n|move|p1b: Altaria|Tailwind|p1b: Altaria\n|-sidestart|p1: Nexxus3000|move: Tailwind\n|move|p2a: Popi|Hurricane|p1a: Meowstic\n|-crit|p1a: Meowstic\n|-damage|p1a: Meowstic|0 fnt\n|faint|p1a: Meowstic\n|\n|upkeep\n|\n|t:|1776190107\n|switch|p1a: Alakazam|Alakazam, L50, F|100/100\n|turn|7\n|\n|t:|1776190119\n|detailschange|p1a: Alakazam|Alakazam-Mega, L50, F\n|-mega|p1a: Alakazam|Alakazam|Alakazite\n|-ability|p1a: Alakazam|Unburden|Trace|[from] ability: Trace|[of] p2b: Shinyler\n|move|p2b: Shinyler|Protect|p2b: Shinyler\n|-singleturn|p2b: Shinyler|Protect\n|move|p1a: Alakazam|Expanding Force|p2b: Shinyler|[spread] p2a\n|-activate|p2b: Shinyler|move: Protect\n|-damage|p2a: Popi|67/100 par\n|move|p1b: Altaria|Draco Meteor|p2a: Popi\n|-supereffective|p2a: Popi|1\n|-damage|p2a: Popi|0 fnt\n|-unboost|p1b: Altaria|spa|2\n|faint|p2a: Popi\n|\n|upkeep\n|\n|t:|1776190132\n|switch|p2a: Darwin|Basculegion, L50, M|100/100\n|turn|8\n|\n|t:|1776190143\n|move|p1a: Alakazam|Expanding Force|p2a: Darwin|[spread] p2a,p2b\n|-supereffective|p2b: Shinyler|2\n|-damage|p2a: Darwin|19/100\n|-damage|p2b: Shinyler|0 fnt\n|faint|p2b: Shinyler\n|move|p1b: Altaria|Draco Meteor|p2a: Darwin\n|-damage|p2a: Darwin|0 fnt\n|-unboost|p1b: Altaria|spa|2\n|faint|p2a: Darwin\n|\n|win|Nexxus3000\n|raw|Nexxus3000's rating: 1124 &rarr; <strong>1148</strong><br />(+24 for winning)\n|raw|TomyMedra11's rating: 1113 &rarr; <strong>1089</strong><br />(-24 for losing)\n|l|\u2606TomyMedra11\n|player|p2|\n|l|\u2606Nexxus3000\n|player|p1|\n|j|\u2606Nexxus3000\n|player|p1|Nexxus3000|101|\n",
  "uploadtime": 1776190604,
  "views": 14,
  "formatid": "gen9championsvgc2026regma",
  "rating": 1089,
  "private": 0,
  "password": null
}