{
  "id": "gen9championsvgc2026regma-2585282928",
  "format": "[Gen 9 Champions] VGC 2026 Reg M-A",
  "players": [
    "randomn1ck",
    "Aurasteal"
  ],
  "log": "|j|\u2606randomn1ck\n|j|\u2606Aurasteal\n|t:|1776333560\n|gametype|doubles\n|player|p1|randomn1ck|102|1342\n|player|p2|Aurasteal|2|1439\n|gen|9\n|tier|[Gen 9 Champions] VGC 2026 Reg M-A\n|rated|\n|rule|Species Clause: Limit one of each Pok\u00e9mon\n|rule|Item Clause: Limit 1 of each item\n|clearpoke\n|poke|p1|Froslass, L50, F|\n|poke|p1|Garchomp, L50, F|\n|poke|p1|Rotom-Frost, L50|\n|poke|p1|Empoleon, L50, M|\n|poke|p1|Incineroar, L50, F|\n|poke|p1|Kingambit, L50, F|\n|poke|p2|Blastoise, L50, M|\n|poke|p2|Sinistcha, L50|\n|poke|p2|Talonflame, L50, M|\n|poke|p2|Basculegion, L50, M|\n|poke|p2|Archaludon, L50, M|\n|poke|p2|Pelipper, L50, M|\n|teampreview|4\n|inactive|Battle timer is ON: inactive players will automatically lose when time's up. (requested by randomn1ck)\nrandomn1ck rejected open team sheets.\n|inactive|Aurasteal has 60 seconds left.\n|\n|t:|1776333619\n|teamsize|p1|4\n|teamsize|p2|4\n|start\n|switch|p1a: Rotom|Rotom-Frost, L50|100/100\n|switch|p1b: Garchomp|Garchomp, L50, F|100/100\n|switch|p2a: Blastoise|Blastoise, L50, M, shiny|100/100\n|switch|p2b: Pelipper|Pelipper, L50, M|100/100\n|-weather|RainDance|[from] ability: Drizzle|[of] p2b: Pelipper\n|turn|1\n|\n|t:|1776333643\n|switch|p2b: Sinistcha|Sinistcha, L50|100/100\n|detailschange|p2a: Blastoise|Blastoise-Mega, L50, M, shiny\n|-mega|p2a: Blastoise|Blastoise|Blastoisinite\n|move|p2a: Blastoise|Protect|p2a: Blastoise\n|-singleturn|p2a: Blastoise|Protect\n|move|p1a: Rotom|Electroweb|p2a: Blastoise|[spread] p2b\n|-activate|p2a: Blastoise|move: Protect\n|-resisted|p2b: Sinistcha|1\n|-damage|p2b: Sinistcha|91/100\n|-unboost|p2b: Sinistcha|spe|1\n|move|p1b: Garchomp|Earthquake|p2b: Sinistcha|[spread] p2b\n|-activate|p2a: Blastoise|move: Protect\n|-immune|p1a: Rotom|[from] ability: Levitate\n|-resisted|p2b: Sinistcha|1\n|-damage|p2b: Sinistcha|75/100\n|\n|-weather|RainDance|[upkeep]\n|upkeep\n|turn|2\n|inactive|Aurasteal has 30 seconds left.\n|\n|t:|1776333674\n|move|p1a: Rotom|Electroweb|p2a: Blastoise|[spread] p2a,p2b\n|-supereffective|p2a: Blastoise|1\n|-resisted|p2b: Sinistcha|1\n|-damage|p2a: Blastoise|61/100\n|-damage|p2b: Sinistcha|65/100\n|-unboost|p2a: Blastoise|spe|1\n|-unboost|p2b: Sinistcha|spe|1\n|move|p1b: Garchomp|Earthquake|p2a: Blastoise|[spread] p2a,p2b\n|-immune|p1a: Rotom|[from] ability: Levitate\n|-resisted|p2b: Sinistcha|1\n|-damage|p2a: Blastoise|22/100\n|-damage|p2b: Sinistcha|49/100\n|-enditem|p2b: Sinistcha|Sitrus Berry|[eat]\n|-heal|p2b: Sinistcha|74/100|[from] item: Sitrus Berry\n|move|p2a: Blastoise|Water Spout|p1b: Garchomp|[spread] p1a,p1b\n|-damage|p1a: Rotom|71/100\n|-damage|p1b: Garchomp|75/100\n|move|p2b: Sinistcha|Life Dew|p2b: Sinistcha|[spread] p2a,p2b\n|-heal|p2a: Blastoise|47/100\n|-heal|p2b: Sinistcha|99/100\n|\n|-weather|RainDance|[upkeep]\n|upkeep\n|turn|3\n|\n|t:|1776333690\n|move|p1a: Rotom|Electroweb|p2b: Sinistcha|[spread] p2a,p2b\n|-supereffective|p2a: Blastoise|1\n|-crit|p2a: Blastoise\n|-resisted|p2b: Sinistcha|1\n|-damage|p2a: Blastoise|0 fnt\n|-damage|p2b: Sinistcha|89/100\n|-unboost|p2b: Sinistcha|spe|1\n|faint|p2a: Blastoise\n|move|p1b: Garchomp|Earthquake|p2b: Sinistcha|[spread] p2b\n|-immune|p1a: Rotom|[from] ability: Levitate\n|-resisted|p2b: Sinistcha|1\n|-damage|p2b: Sinistcha|74/100\n|move|p2b: Sinistcha|Matcha Gotcha|p1b: Garchomp|[spread] p1a,p1b\n|-damage|p1a: Rotom|36/100\n|-heal|p2b: Sinistcha|87/100|[from] drain|[of] p1a: Rotom\n|-damage|p1b: Garchomp|48/100\n|-heal|p2b: Sinistcha|100/100|[from] drain|[of] p1b: Garchomp\n|-status|p1b: Garchomp|brn\n|\n|-weather|RainDance|[upkeep]\n|-damage|p1b: Garchomp|42/100 brn|[from] brn\n|upkeep\n|\n|t:|1776333695\n|switch|p2a: Archaludon|Archaludon, L50, M, shiny|100/100\n|turn|4\n|\n|t:|1776333711\n|switch|p1a: Kingambit|Kingambit, L50, F|100/100\n|move|p1b: Garchomp|Protect|p1b: Garchomp\n|-singleturn|p1b: Garchomp|Protect\n|move|p2a: Archaludon|Aura Sphere|p1a: Kingambit\n|-supereffective|p1a: Kingambit|2\n|-enditem|p1a: Kingambit|Focus Sash\n|-damage|p1a: Kingambit|1/100\n|move|p2b: Sinistcha|Matcha Gotcha|p1a: Kingambit|[spread] p1a\n|-activate|p1b: Garchomp|move: Protect\n|-resisted|p1a: Kingambit|1\n|-damage|p1a: Kingambit|0 fnt\n|faint|p1a: Kingambit\n|\n|-weather|RainDance|[upkeep]\n|-damage|p1b: Garchomp|36/100 brn|[from] brn\n|upkeep\n|\n|t:|1776333723\n|switch|p1a: Froslass|Froslass, L50, F|100/100\n|turn|5\n|\n|t:|1776333737\n|switch|p2b: Pelipper|Pelipper, L50, M|100/100\n|move|p1a: Froslass|Protect|p1a: Froslass\n|-singleturn|p1a: Froslass|Protect\n|move|p1b: Garchomp|Earthquake|p2a: Archaludon|[spread] p2a\n|-activate|p1a: Froslass|move: Protect\n|-immune|p2b: Pelipper\n|-supereffective|p2a: Archaludon|1\n|-damage|p2a: Archaludon|68/100\n|move|p2a: Archaludon|Draco Meteor|p1a: Froslass\n|-activate|p1a: Froslass|move: Protect\n|\n|-weather|none\n|-damage|p1b: Garchomp|30/100 brn|[from] brn\n|upkeep\n|turn|6\n|\n|t:|1776333752\n|detailschange|p1a: Froslass|Froslass-Mega, L50, F\n|-mega|p1a: Froslass|Froslass|Froslassite\n|-weather|Snowscape|[from] ability: Snow Warning|[of] p1a: Froslass\n|move|p2a: Archaludon|Protect|p2a: Archaludon\n|-singleturn|p2a: Archaludon|Protect\n|move|p1a: Froslass|Blizzard|p2a: Archaludon|[spread] p2b\n|-activate|p2a: Archaludon|move: Protect\n|-damage|p2b: Pelipper|6/100\n|move|p1b: Garchomp|Rock Slide|p2b: Pelipper|[spread] p2b\n|-activate|p2a: Archaludon|move: Protect\n|-supereffective|p2b: Pelipper|1\n|-damage|p2b: Pelipper|0 fnt\n|faint|p2b: Pelipper\n|\n|-weather|Snowscape|[upkeep]\n|-damage|p1b: Garchomp|24/100 brn|[from] brn\n|upkeep\n|\n|t:|1776333772\n|switch|p2b: Sinistcha|Sinistcha, L50|100/100\n|-heal|p2a: Archaludon|93/100|[from] ability: Hospitality|[of] p2b: Sinistcha\n|turn|7\n|\n|t:|1776333795\n|move|p2a: Archaludon|Protect||[still]\n|-fail|p2a: Archaludon\n|move|p1a: Froslass|Blizzard|p2a: Archaludon|[spread] p2a,p2b\n|-supereffective|p2b: Sinistcha|1\n|-damage|p2a: Archaludon|11/100\n|-damage|p2b: Sinistcha|6/100\n|move|p1b: Garchomp|Rock Slide|p2b: Sinistcha|[spread] p2a,p2b\n|-resisted|p2a: Archaludon|1\n|-damage|p2a: Archaludon|7/100\n|-damage|p2b: Sinistcha|0 fnt\n|faint|p2b: Sinistcha\n|\n|-weather|Snowscape|[upkeep]\n|-damage|p1b: Garchomp|18/100 brn|[from] brn\n|upkeep\n|turn|8\n|-message|Aurasteal forfeited.\n|\n|win|randomn1ck\n|raw|randomn1ck's rating: 1342 &rarr; <strong>1367</strong><br />(+25 for winning)\n|raw|Aurasteal's rating: 1439 &rarr; <strong>1414</strong><br />(-25 for losing)\n|l|\u2606Aurasteal\n|player|p2|\n",
  "uploadtime": 1776333819,
  "views": 36,
  "formatid": "gen9championsvgc2026regma",
  "rating": 1367,
  "private": 0,
  "password": null
}