{
  "id": "gen9championsvgc2026regma-2585822263",
  "format": "[Gen 9 Champions] VGC 2026 Reg M-A",
  "players": [
    "Eesoch",
    "yeket"
  ],
  "log": "|j|\u2606Eesoch\n|j|\u2606yeket\n|t:|1776373209\n|gametype|doubles\n|player|p1|Eesoch|102|1132\n|player|p2|yeket|266|1052\n|gen|9\n|tier|[Gen 9 Champions] VGC 2026 Reg M-A\n|rated|\n|rule|Species Clause: Limit one of each Pok\u00e9mon\n|rule|Item Clause: Limit 1 of each item\n|clearpoke\n|poke|p1|Meganium, L50, F|\n|poke|p1|Aerodactyl, L50, M|\n|poke|p1|Typhlosion-Hisui, L50, M|\n|poke|p1|Froslass, L50, F|\n|poke|p1|Empoleon, L50, M|\n|poke|p1|Sneasler, L50, F|\n|poke|p2|Whimsicott, L50, F|\n|poke|p2|Arcanine-Hisui, L50, F|\n|poke|p2|Rotom-Wash, L50|\n|poke|p2|Froslass, L50, F|\n|poke|p2|Kingambit, L50, M|\n|poke|p2|Sneasler, L50, F|\n|teampreview|4\n|\n|t:|1776373234\n|teamsize|p1|4\n|teamsize|p2|4\n|start\n|switch|p1a: Typhlosion|Typhlosion-Hisui, L50, M, shiny|100/100\n|switch|p1b: Sneasler|Sneasler, L50, F, shiny|100/100\n|switch|p2a: Sneasler|Sneasler, L50, F|100/100\n|switch|p2b: Rotom|Rotom-Wash, L50|100/100\n|turn|1\n|inactive|Battle timer is ON: inactive players will automatically lose when time's up. (requested by Eesoch)\n|\n|t:|1776373252\n|move|p2a: Sneasler|Protect|p2a: Sneasler\n|-singleturn|p2a: Sneasler|Protect\n|move|p1b: Sneasler|Fake Out|p2b: Rotom\n|-damage|p2b: Rotom|82/100\n|move|p1a: Typhlosion|Eruption|p2a: Sneasler|[spread] p2b\n|-activate|p2a: Sneasler|move: Protect\n|-resisted|p2b: Rotom|1\n|-damage|p2b: Rotom|54/100\n|cant|p2b: Rotom|flinch\n|\n|upkeep\n|turn|2\n|inactive|yeket has 30 seconds left.\n|\n|t:|1776373279\n|move|p1a: Typhlosion|Eruption|p2b: Rotom|[spread] p2a,p2b\n|-resisted|p2b: Rotom|1\n|-damage|p2a: Sneasler|33/100\n|-damage|p2b: Rotom|27/100\n|move|p2b: Rotom|Hydro Pump|p1a: Typhlosion\n|-supereffective|p1a: Typhlosion|1\n|-damage|p1a: Typhlosion|0 fnt\n|faint|p1a: Typhlosion\n|move|p1b: Sneasler|Dire Claw|p2b: Rotom\n|-damage|p2b: Rotom|0 fnt\n|faint|p2b: Rotom\n|move|p2a: Sneasler|Dire Claw|p1b: Sneasler\n|-resisted|p1b: Sneasler|1\n|-damage|p1b: Sneasler|58/100\n|\n|upkeep\n|\n|t:|1776373300\n|switch|p1a: Aerodactyl|Aerodactyl, L50, M|100/100\n|switch|p2b: Arcanine|Arcanine-Hisui, L50, F|100/100\n|-ability|p2b: Arcanine|Intimidate|boost\n|-unboost|p1a: Aerodactyl|atk|1\n|-unboost|p1b: Sneasler|atk|1\n|-enditem|p1b: Sneasler|White Herb\n|-clearnegativeboost|p1b: Sneasler|[silent]\n|turn|3\n|\n|t:|1776373313\n|move|p1b: Sneasler|Close Combat|p2b: Arcanine\n|-supereffective|p2b: Arcanine|1\n|-damage|p2b: Arcanine|0 fnt\n|-unboost|p1b: Sneasler|def|1\n|-unboost|p1b: Sneasler|spd|1\n|faint|p2b: Arcanine\n|move|p1a: Aerodactyl|Dual Wingbeat|p2a: Sneasler\n|-supereffective|p2a: Sneasler|1\n|-damage|p2a: Sneasler|0 fnt\n|faint|p2a: Sneasler\n|-hitcount|p2: Sneasler|1\n|\n|upkeep\n|inactive|yeket has 30 seconds left.\n|inactive|yeket has 20 seconds left.\n|inactive|yeket has 15 seconds left.\n|inactive|yeket has 10 seconds left.\n|inactive|yeket has 5 seconds left.\n|\n|t:|1776373368\n|switch|p2a: Froslass|Froslass, L50, F, shiny|100/100\n|turn|4\n|inactive|yeket has 30 seconds left.\n|\n|t:|1776373396\n|detailschange|p2a: Froslass|Froslass-Mega, L50, F, shiny\n|-mega|p2a: Froslass|Froslass|Froslassite\n|-weather|Snowscape|[from] ability: Snow Warning|[of] p2a: Froslass\n|move|p1b: Sneasler|Dire Claw|p2a: Froslass\n|-resisted|p2a: Froslass|1\n|-damage|p2a: Froslass|76/100\n|move|p1a: Aerodactyl|Tailwind|p1a: Aerodactyl\n|-sidestart|p1: Eesoch|move: Tailwind\n|move|p2a: Froslass|Blizzard|p1a: Aerodactyl|[spread] p1a,p1b\n|-supereffective|p1a: Aerodactyl|1\n|-enditem|p1a: Aerodactyl|Focus Sash\n|-damage|p1a: Aerodactyl|1/100\n|-damage|p1b: Sneasler|0 fnt\n|faint|p1b: Sneasler\n|\n|-weather|Snowscape|[upkeep]\n|upkeep\n|\n|t:|1776373407\n|switch|p1b: Meganium|Meganium, L50, F, shiny|100/100\n|turn|5\n|\n|t:|1776373415\n|detailschange|p1b: Meganium|Meganium-Mega, L50, F, shiny\n|-mega|p1b: Meganium|Meganium|Meganiumite\n|move|p2a: Froslass|Protect|p2a: Froslass\n|-singleturn|p2a: Froslass|Protect\n|move|p1a: Aerodactyl|Rock Slide|p2a: Froslass\n|-activate|p2a: Froslass|move: Protect\n|move|p1b: Meganium|Weather Ball|p2a: Froslass\n|-activate|p2a: Froslass|move: Protect\n|\n|-weather|Snowscape|[upkeep]\n|upkeep\n|turn|6\n|\n|t:|1776373425\n|move|p1a: Aerodactyl|Rock Slide|p2a: Froslass|[miss]\n|-miss|p1a: Aerodactyl|p2a: Froslass\n|move|p1b: Meganium|Weather Ball|p2a: Froslass\n|-supereffective|p2a: Froslass|1\n|-damage|p2a: Froslass|0 fnt\n|faint|p2a: Froslass\n|\n|win|Eesoch\n|raw|Eesoch's rating: 1132 &rarr; <strong>1151</strong><br />(+19 for winning)\n|raw|yeket's rating: 1052 &rarr; <strong>1038</strong><br />(-14 for losing)\n",
  "uploadtime": 1776373435,
  "views": 19,
  "formatid": "gen9championsvgc2026regma",
  "rating": 1038,
  "private": 0,
  "password": null
}