{
  "id": "gen9championsvgc2026regma-2588464276",
  "format": "[Gen 9 Champions] VGC 2026 Reg M-A",
  "players": [
    "curryismygoat",
    "gonegeb"
  ],
  "log": "|j|\u2606curryismygoat\n|j|\u2606gonegeb\n|t:|1776635834\n|gametype|doubles\n|player|p1|curryismygoat|169|1180\n|player|p2|gonegeb|corbeau|1143\n|gen|9\n|tier|[Gen 9 Champions] VGC 2026 Reg M-A\n|rated|\n|rule|Species Clause: Limit one of each Pok\u00e9mon\n|rule|Item Clause: Limit 1 of each item\n|clearpoke\n|poke|p1|Incineroar, L50, F|\n|poke|p1|Froslass, L50, F|\n|poke|p1|Aerodactyl, L50, F|\n|poke|p1|Kingambit, L50, M|\n|poke|p1|Sneasler, L50, M|\n|poke|p1|Rotom-Wash, L50|\n|poke|p2|Lucario, L50, M|\n|poke|p2|Umbreon, L50, M, shiny|\n|poke|p2|Arcanine, L50, F, shiny|\n|poke|p2|Ceruledge, L50, M|\n|poke|p2|Corviknight, L50, M|\n|poke|p2|Whimsicott, L50, F, shiny|\n|teampreview|4\n|\n|t:|1776635882\n|teamsize|p1|4\n|teamsize|p2|4\n|start\n|switch|p1a: Aerodactyl|Aerodactyl, L50, F|100/100\n|switch|p1b: Sneasler|Sneasler, L50, M|100/100\n|switch|p2a: Anubis|Lucario, L50, M|100/100\n|switch|p2b: Luna|Whimsicott, L50, F, shiny|100/100\n|-ability|p1a: Aerodactyl|Unnerve\n|turn|1\n|\n|t:|1776635900\n|move|p2a: Anubis|Protect|p2a: Anubis\n|-singleturn|p2a: Anubis|Protect\n|move|p1b: Sneasler|Fake Out|p2b: Luna\n|-damage|p2b: Luna|81/100\n|cant|p2b: Luna|flinch\n|move|p1a: Aerodactyl|Tailwind|p1a: Aerodactyl\n|-sidestart|p1: curryismygoat|move: Tailwind\n|\n|upkeep\n|turn|2\n|\n|t:|1776635923\n|detailschange|p2a: Anubis|Lucario-Mega, L50, M\n|-mega|p2a: Anubis|Lucario|Lucarionite\n|move|p2b: Luna|Encore|p1b: Sneasler\n|-start|p1b: Sneasler|Encore\n|move|p1b: Sneasler|Fake Out||[still]\n|-hint|Fake Out only works on your first turn out.\n|-fail|p1b: Sneasler\n|move|p1a: Aerodactyl|Dual Wingbeat|p2b: Luna\n|-supereffective|p2b: Luna|1\n|-damage|p2b: Luna|47/100\n|-supereffective|p2b: Luna|1\n|-damage|p2b: Luna|10/100\n|-hitcount|p2b: Luna|2\n|move|p2a: Anubis|Meteor Mash|p1b: Sneasler\n|-damage|p1b: Sneasler|0 fnt\n|-boost|p2a: Anubis|atk|1\n|faint|p1b: Sneasler\n|\n|upkeep\n|\n|t:|1776635942\n|switch|p1b: Incineroar|Incineroar, L50, F|100/100\n|-ability|p1b: Incineroar|Intimidate|boost\n|-unboost|p2a: Anubis|atk|1\n|-unboost|p2b: Luna|atk|1\n|turn|3\n|\n|t:|1776635952\n|move|p2a: Anubis|Protect|p2a: Anubis\n|-singleturn|p2a: Anubis|Protect\n|move|p1b: Incineroar|Fake Out|p2a: Anubis\n|-activate|p2a: Anubis|move: Protect\n|move|p2b: Luna|Tailwind|p2b: Luna\n|-sidestart|p2: gonegeb|move: Tailwind\n|move|p1a: Aerodactyl|Rock Slide|p2a: Anubis|[spread] p2b\n|-activate|p2a: Anubis|move: Protect\n|-damage|p2b: Luna|0 fnt\n|faint|p2b: Luna\n|\n|upkeep\n|\n|t:|1776635963\n|switch|p2b: Nuumite|Corviknight, L50, M|100/100\n|-ability|p2b: Nuumite|Pressure\n|turn|4\n|\n|t:|1776635981\n|move|p1a: Aerodactyl|Protect|p1a: Aerodactyl\n|-singleturn|p1a: Aerodactyl|Protect\n|move|p1b: Incineroar|Protect|p1b: Incineroar\n|-singleturn|p1b: Incineroar|Protect\n|move|p2a: Anubis|Close Combat|p1b: Incineroar\n|-activate|p1b: Incineroar|move: Protect\n|move|p2b: Nuumite|Bulk Up|p2b: Nuumite\n|-boost|p2b: Nuumite|atk|1\n|-boost|p2b: Nuumite|def|1\n|\n|-sideend|p1: curryismygoat|move: Tailwind\n|upkeep\n|turn|5\n|\n|t:|1776635999\n|move|p2a: Anubis|Close Combat|p1b: Incineroar\n|-supereffective|p1b: Incineroar|1\n|-damage|p1b: Incineroar|0 fnt\n|-unboost|p2a: Anubis|def|1\n|-unboost|p2a: Anubis|spd|1\n|faint|p1b: Incineroar\n|move|p1a: Aerodactyl|Rock Slide|p2a: Anubis|[spread] p2a,p2b\n|-resisted|p2a: Anubis|2\n|-damage|p2a: Anubis|90/100\n|-damage|p2b: Nuumite|91/100\n|move|p2b: Nuumite|Bulk Up|p2b: Nuumite\n|-boost|p2b: Nuumite|atk|1\n|-boost|p2b: Nuumite|def|1\n|\n|upkeep\n|\n|t:|1776636010\n|switch|p1b: Rotom|Rotom-Wash, L50|100/100\n|turn|6\n|\n|t:|1776636022\n|move|p1a: Aerodactyl|Protect|p1a: Aerodactyl\n|-singleturn|p1a: Aerodactyl|Protect\n|move|p2a: Anubis|Close Combat|p1b: Rotom\n|-damage|p1b: Rotom|0 fnt\n|-unboost|p2a: Anubis|def|1\n|-unboost|p2a: Anubis|spd|1\n|faint|p1b: Rotom\n|move|p2b: Nuumite|Body Press|p1a: Aerodactyl\n|-activate|p1a: Aerodactyl|move: Protect\n|\n|-sideend|p2: gonegeb|move: Tailwind\n|upkeep\n|turn|7\n|c|\u2606gonegeb|gg\n|\n|t:|1776636036\n|move|p1a: Aerodactyl|Rock Slide|p2b: Nuumite|[spread] p2a,p2b\n|-resisted|p2a: Anubis|2\n|-damage|p2a: Anubis|78/100\n|-damage|p2b: Nuumite|85/100\n|cant|p2a: Anubis|flinch\n|move|p2b: Nuumite|Body Press|p1a: Aerodactyl\n|-damage|p1a: Aerodactyl|38/100\n|\n|upkeep\n|turn|8\n|\n|t:|1776636046\n|move|p1a: Aerodactyl|Rock Slide|p2a: Anubis|[spread] p2a,p2b\n|-resisted|p2a: Anubis|2\n|-damage|p2a: Anubis|65/100\n|-damage|p2b: Nuumite|78/100\n|move|p2a: Anubis|Meteor Mash|p1a: Aerodactyl\n|-supereffective|p1a: Aerodactyl|1\n|-damage|p1a: Aerodactyl|0 fnt\n|faint|p1a: Aerodactyl\n|\n|win|gonegeb\n|raw|curryismygoat's rating: 1180 &rarr; <strong>1152</strong><br />(-28 for losing)\n|raw|gonegeb's rating: 1143 &rarr; <strong>1171</strong><br />(+28 for winning)\n",
  "uploadtime": 1776636053,
  "views": 9,
  "formatid": "gen9championsvgc2026regma",
  "rating": 1152,
  "private": 0,
  "password": null
}