{
  "id": "gen9championsvgc2026regma-2588109379",
  "format": "[Gen 9 Champions] VGC 2026 Reg M-A",
  "players": [
    "bluesuprise5",
    "qubofan"
  ],
  "log": "|j|\u2606bluesuprise5\n|j|\u2606qubofan\n|t:|1776605283\n|gametype|doubles\n|player|p1|bluesuprise5|169|1122\n|player|p2|qubofan|1|1048\n|gen|9\n|tier|[Gen 9 Champions] VGC 2026 Reg M-A\n|rated|\n|rule|Species Clause: Limit one of each Pok\u00e9mon\n|rule|Item Clause: Limit 1 of each item\n|clearpoke\n|poke|p1|Tauros-Paldea-Blaze, L50, M|\n|poke|p1|Glalie, L50, F|\n|poke|p1|Altaria, L50, F|\n|poke|p1|Glimmora, L50, M|\n|poke|p1|Maushold-Four, L50|\n|poke|p1|Aerodactyl, L50, F|\n|poke|p2|Drampa, L50, M|\n|poke|p2|Skarmory, L50, F|\n|poke|p2|Aerodactyl, L50, F|\n|poke|p2|Incineroar, L50, M|\n|poke|p2|Rotom-Wash, L50|\n|poke|p2|Tyranitar, L50, M|\n|teampreview|4\n|\n|t:|1776605320\n|teamsize|p1|4\n|teamsize|p2|4\n|start\n|switch|p1a: Tauros|Tauros-Paldea-Blaze, L50, M|100/100\n|switch|p1b: Glalie|Glalie, L50, F|100/100\n|switch|p2a: Incineroar|Incineroar, L50, M|100/100\n|switch|p2b: Tyranitar|Tyranitar, L50, M|100/100\n|-weather|Sandstorm|[from] ability: Sand Stream|[of] p2b: Tyranitar\n|-ability|p2a: Incineroar|Intimidate|boost\n|-unboost|p1a: Tauros|atk|1\n|-fail|p1b: Glalie|unboost|Attack|[from] ability: Inner Focus|[of] p1b: Glalie\n|turn|1\n|inactive|Battle timer is ON: inactive players will automatically lose when time's up. (requested by bluesuprise5)\n|\n|t:|1776605346\n|move|p2a: Incineroar|Fake Out|p1a: Tauros\n|-damage|p1a: Tauros|86/100\n|cant|p1a: Tauros|flinch\n|move|p1b: Glalie|Frost Breath|p1a: Tauros|[miss]\n|-miss|p1b: Glalie|p1a: Tauros\n|move|p2b: Tyranitar|Power Gem|p1b: Glalie\n|-supereffective|p1b: Glalie|1\n|-damage|p1b: Glalie|32/100\n|\n|-weather|Sandstorm|[upkeep]\n|-damage|p1a: Tauros|80/100|[from] Sandstorm\n|-damage|p1b: Glalie|26/100|[from] Sandstorm\n|-damage|p2a: Incineroar|94/100|[from] Sandstorm\n|-heal|p1a: Tauros|86/100|[from] item: Leftovers\n|-heal|p2a: Incineroar|100/100|[from] item: Leftovers\n|upkeep\n|turn|2\n|\n|t:|1776605366\n|move|p1a: Tauros|High Horsepower|p2a: Incineroar\n|-supereffective|p2a: Incineroar|1\n|-damage|p2a: Incineroar|70/100\n|move|p1b: Glalie|Frost Breath|p1a: Tauros\n|-resisted|p1a: Tauros|1\n|-crit|p1a: Tauros\n|-damage|p1a: Tauros|68/100\n|-setboost|p1a: Tauros|atk|6|[from] ability: Anger Point\n|move|p2b: Tyranitar|Hydro Pump|p1a: Tauros\n|-supereffective|p1a: Tauros|1\n|-damage|p1a: Tauros|0 fnt\n|faint|p1a: Tauros\n|move|p2a: Incineroar|Temper Flare|p1b: Glalie|[miss]\n|-miss|p2a: Incineroar|p1b: Glalie\n|\n|-weather|Sandstorm|[upkeep]\n|-damage|p1b: Glalie|20/100|[from] Sandstorm\n|-damage|p2a: Incineroar|64/100|[from] Sandstorm\n|-heal|p2a: Incineroar|70/100|[from] item: Leftovers\n|upkeep\n|\n|t:|1776605383\n|switch|p1a: Glimmora|Glimmora, L50, M|100/100\n|turn|3\n|\n|t:|1776605394\n|detailschange|p1a: Glimmora|Glimmora-Mega, L50, M\n|-mega|p1a: Glimmora|Glimmora|Glimmoranite\n|move|p1b: Glalie|Protect|p1b: Glalie\n|-singleturn|p1b: Glalie|Protect\n|move|p1a: Glimmora|Power Gem|p2a: Incineroar\n|-supereffective|p2a: Incineroar|1\n|-damage|p2a: Incineroar|0 fnt\n|faint|p2a: Incineroar\n|move|p2b: Tyranitar|Hydro Pump|p1a: Glimmora\n|-supereffective|p1a: Glimmora|1\n|-damage|p1a: Glimmora|63/100\n|\n|-weather|Sandstorm|[upkeep]\n|-damage|p1b: Glalie|14/100|[from] Sandstorm\n|upkeep\n|\n|t:|1776605406\n|switch|p2a: Drampa|Drampa, L50, M|100/100\n|turn|4\n|\n|t:|1776605420\n|detailschange|p2a: Drampa|Drampa-Mega, L50, M\n|-mega|p2a: Drampa|Drampa|Drampanite\n|move|p1b: Glalie|Ice Shard|p2a: Drampa\n|-supereffective|p2a: Drampa|1\n|-damage|p2a: Drampa|80/100\n|move|p1a: Glimmora|Energy Ball|p2b: Tyranitar\n|-supereffective|p2b: Tyranitar|1\n|-damage|p2b: Tyranitar|51/100\n|move|p2a: Drampa|Shadow Ball|p1b: Glalie\n|-damage|p1b: Glalie|0 fnt\n|faint|p1b: Glalie\n|move|p2b: Tyranitar|Power Gem|p1a: Glimmora\n|-damage|p1a: Glimmora|40/100\n|\n|-weather|Sandstorm|[upkeep]\n|-damage|p2a: Drampa|74/100|[from] Sandstorm\n|upkeep\n|\n|t:|1776605427\n|switch|p1b: Maushold|Maushold-Four, L50|100/100\n|turn|5\n|\n|t:|1776605444\n|move|p1b: Maushold|Follow Me|p1b: Maushold\n|-singleturn|p1b: Maushold|move: Follow Me\n|move|p1a: Glimmora|Energy Ball|p2b: Tyranitar\n|-supereffective|p2b: Tyranitar|1\n|-damage|p2b: Tyranitar|0 fnt\n|faint|p2b: Tyranitar\n|move|p2a: Drampa|Blizzard|p1a: Glimmora|[spread] p1a\n|-miss|p2a: Drampa|p1b: Maushold\n|-damage|p1a: Glimmora|24/100\n|-status|p1a: Glimmora|frz\n|\n|-weather|none\n|upkeep\n|\n|t:|1776605455\n|switch|p2b: Skarmory|Skarmory, L50, F|100/100\n|turn|6\n|\n|t:|1776605465\n|-curestatus|p1a: Glimmora|frz|[msg]\n|move|p1a: Glimmora|Protect|p1a: Glimmora\n|-singleturn|p1a: Glimmora|Protect\n|move|p1b: Maushold|Super Fang|p2b: Skarmory\n|-damage|p2b: Skarmory|50/100\n|move|p2b: Skarmory|Air Slash|p1b: Maushold\n|-damage|p1b: Maushold|76/100\n|move|p2a: Drampa|Dragon Pulse|p1b: Maushold\n|-crit|p1b: Maushold\n|-damage|p1b: Maushold|0 fnt\n|faint|p1b: Maushold\n|\n|upkeep\n|turn|7\n|\n|t:|1776605482\n|move|p1a: Glimmora|Power Gem|p2b: Skarmory\n|-damage|p2b: Skarmory|0 fnt\n|faint|p2b: Skarmory\n|move|p2a: Drampa|Dragon Claw|p1a: Glimmora\n|-damage|p1a: Glimmora|0 fnt\n|faint|p1a: Glimmora\n|\n|win|qubofan\n|raw|bluesuprise5's rating: 1122 &rarr; <strong>1092</strong><br />(-30 for losing)\n|raw|qubofan's rating: 1048 &rarr; <strong>1088</strong><br />(+40 for winning)\n|l|\u2606bluesuprise5\n|player|p1|\n",
  "uploadtime": 1776605492,
  "views": 15,
  "formatid": "gen9championsvgc2026regma",
  "rating": 1088,
  "private": 0,
  "password": null
}