{
  "id": "gen9championsvgc2026regma-2580720641",
  "format": "[Gen 9 Champions] VGC 2026 Reg M-A",
  "players": [
    "thatsaplusmove",
    "sadmvldd"
  ],
  "log": "|j|\u2606thatsaplusmove\n|j|\u2606sadmvldd\n|t:|1775927014\n|gametype|doubles\n|player|p1|thatsaplusmove|idol|1253\n|player|p2|sadmvldd|266|1269\n|gen|9\n|tier|[Gen 9 Champions] VGC 2026 Reg M-A\n|rated|\n|rule|Species Clause: Limit one of each Pok\u00e9mon\n|rule|Item Clause: Limit 1 of each item\n|clearpoke\n|poke|p1|Ninetales, L50, M|\n|poke|p1|Sneasler, L50, M|\n|poke|p1|Delphox, L50, F|\n|poke|p1|Meowscarada, L50, F|\n|poke|p1|Milotic, L50, F|\n|poke|p1|Sinistcha, L50|\n|poke|p2|Scizor, L50, M|\n|poke|p2|Incineroar, L50, M|\n|poke|p2|Sinistcha-Masterpiece, L50|\n|poke|p2|Kommo-o, L50, F|\n|poke|p2|Politoed, L50, M|\n|poke|p2|Basculegion, L50, M|\n|teampreview|4\n|inactive|Battle timer is ON: inactive players will automatically lose when time's up. (requested by thatsaplusmove)\n|\n|t:|1775927073\n|teamsize|p1|4\n|teamsize|p2|4\n|start\n|switch|p1a: Sneasler|Sneasler, L50, M|100/100\n|switch|p1b: Milotic|Milotic, L50, F|100/100\n|switch|p2a: Incineroar|Incineroar, L50, M|100/100\n|switch|p2b: Basculegion|Basculegion, L50, M|100/100\n|-ability|p2a: Incineroar|Intimidate|boost\n|-unboost|p1a: Sneasler|atk|1\n|-unboost|p1b: Milotic|atk|1\n|-ability|p1b: Milotic|Competitive|boost\n|-boost|p1b: Milotic|spa|2\n|-enditem|p1a: Sneasler|White Herb\n|-clearnegativeboost|p1a: Sneasler|[silent]\n|turn|1\n|inactive|sadmvldd has 30 seconds left.\n|\n|t:|1775927102\n|move|p1a: Sneasler|Protect|p1a: Sneasler\n|-singleturn|p1a: Sneasler|Protect\n|move|p1b: Milotic|Protect|p1b: Milotic\n|-singleturn|p1b: Milotic|Protect\n|move|p2a: Incineroar|Fake Out|p1b: Milotic\n|-activate|p1b: Milotic|move: Protect\n|move|p2b: Basculegion|Flip Turn|p1a: Sneasler\n|-activate|p1a: Sneasler|move: Protect\n|\n|upkeep\n|turn|2\n|inactive|thatsaplusmove has 30 seconds left.\n|\n|t:|1775927129\n|switch|p2a: Politoed|Politoed, L50, M|100/100\n|-weather|RainDance|[from] ability: Drizzle|[of] p2a: Politoed\n|move|p1a: Sneasler|Dire Claw|p2b: Basculegion\n|-resisted|p2b: Basculegion|1\n|-damage|p2b: Basculegion|71/100\n|move|p2b: Basculegion|Flip Turn|p1a: Sneasler\n|-damage|p1a: Sneasler|9/100\n|inactive|sadmvldd has 30 seconds left.\n|\n|t:|1775927161\n|switch|p2b: Scizor|Scizor, L50, M|100/100|[from] Flip Turn\n|move|p1b: Milotic|Scald|p2a: Politoed\n|-resisted|p2a: Politoed|1\n|-damage|p2a: Politoed|60/100\n|\n|-weather|RainDance|[upkeep]\n|-heal|p2a: Politoed|66/100|[from] item: Leftovers\n|upkeep\n|turn|3\n|\n|t:|1775927186\n|detailschange|p2b: Scizor|Scizor-Mega, L50, M\n|-mega|p2b: Scizor|Scizor|Scizorite\n|move|p1a: Sneasler|Protect|p1a: Sneasler\n|-singleturn|p1a: Sneasler|Protect\n|move|p2b: Scizor|Bullet Punch|p1a: Sneasler\n|-activate|p1a: Sneasler|move: Protect\n|move|p1b: Milotic|Scald|p2b: Scizor\n|-damage|p2b: Scizor|0 fnt\n|faint|p2b: Scizor\n|move|p2a: Politoed|Weather Ball|p1b: Milotic\n|-resisted|p1b: Milotic|1\n|-damage|p1b: Milotic|83/100\n|\n|-weather|RainDance|[upkeep]\n|-heal|p1b: Milotic|89/100|[from] item: Leftovers\n|-heal|p2a: Politoed|72/100|[from] item: Leftovers\n|upkeep\n|\n|t:|1775927200\n|switch|p2b: Basculegion|Basculegion, L50, M|71/100\n|turn|4\n|\n|t:|1775927210\n|move|p1a: Sneasler|Close Combat|p2a: Politoed\n|-damage|p2a: Politoed|2/100\n|-unboost|p1a: Sneasler|def|1\n|-unboost|p1a: Sneasler|spd|1\n|move|p2b: Basculegion|Flip Turn|p1a: Sneasler\n|-damage|p1a: Sneasler|0 fnt\n|faint|p1a: Sneasler\n|\n|t:|1775927218\n|switch|p2b: Incineroar|Incineroar, L50, M|100/100|[from] Flip Turn\n|-ability|p2b: Incineroar|Intimidate|boost\n|-unboost|p1b: Milotic|atk|1\n|-ability|p1b: Milotic|Competitive|boost\n|-boost|p1b: Milotic|spa|2\n|move|p1b: Milotic|Scald|p2b: Incineroar\n|-supereffective|p2b: Incineroar|1\n|-damage|p2b: Incineroar|0 fnt\n|faint|p2b: Incineroar\n|move|p2a: Politoed|Weather Ball|p1b: Milotic\n|-resisted|p1b: Milotic|1\n|-damage|p1b: Milotic|72/100\n|\n|-weather|RainDance|[upkeep]\n|-heal|p1b: Milotic|78/100|[from] item: Leftovers\n|-heal|p2a: Politoed|8/100|[from] item: Leftovers\n|upkeep\n|\n|t:|1775927236\n|switch|p1a: Ninetales|Ninetales, L50, M|100/100\n|switch|p2b: Basculegion|Basculegion, L50, M|71/100\n|-weather|SunnyDay|[from] ability: Drought|[of] p1a: Ninetales\n|turn|5\n|\n|t:|1775927257\n|move|p1a: Ninetales|Helping Hand|p1b: Milotic\n|-singleturn|p1b: Milotic|Helping Hand|[of] p1a: Ninetales\n|move|p2a: Politoed|Helping Hand|p2b: Basculegion\n|-singleturn|p2b: Basculegion|Helping Hand|[of] p2a: Politoed\n|move|p2b: Basculegion|Last Respects|p1b: Milotic\n|-damage|p1b: Milotic|0 fnt\n|faint|p1b: Milotic\n|\n|-weather|SunnyDay|[upkeep]\n|-heal|p2a: Politoed|14/100|[from] item: Leftovers\n|upkeep\n|\n|t:|1775927266\n|switch|p1b: Meowscarada|Meowscarada, L50, F|100/100\n|turn|6\n|\n|t:|1775927276\n|move|p2b: Basculegion|Last Respects|p1a: Ninetales\n|-damage|p1a: Ninetales|0 fnt\n|faint|p1a: Ninetales\n|move|p1b: Meowscarada|Flower Trick|p2b: Basculegion\n|-start|p1b: Meowscarada|typechange|Grass|[from] ability: Protean\n|-supereffective|p2b: Basculegion|1\n|-crit|p2b: Basculegion\n|-damage|p2b: Basculegion|0 fnt\n|faint|p2b: Basculegion\n|move|p2a: Politoed|Weather Ball|p1b: Meowscarada\n|-supereffective|p1b: Meowscarada|1\n|-enditem|p1b: Meowscarada|Focus Sash\n|-damage|p1b: Meowscarada|1/100\n|\n|-weather|SunnyDay|[upkeep]\n|-heal|p2a: Politoed|20/100|[from] item: Leftovers\n|upkeep\n|turn|7\n|\n|t:|1775927292\n|move|p2a: Politoed|Protect|p2a: Politoed\n|-singleturn|p2a: Politoed|Protect\n|move|p1b: Meowscarada|Flower Trick|p2a: Politoed\n|-activate|p2a: Politoed|move: Protect\n|\n|-weather|SunnyDay|[upkeep]\n|-heal|p2a: Politoed|26/100|[from] item: Leftovers\n|upkeep\n|turn|8\n|\n|t:|1775927301\n|move|p1b: Meowscarada|Flower Trick|p2a: Politoed\n|-supereffective|p2a: Politoed|1\n|-crit|p2a: Politoed\n|-damage|p2a: Politoed|0 fnt\n|faint|p2a: Politoed\n|\n|win|thatsaplusmove\n|raw|thatsaplusmove's rating: 1253 &rarr; <strong>1279</strong><br />(+26 for winning)\n|raw|sadmvldd's rating: 1269 &rarr; <strong>1243</strong><br />(-26 for losing)\n",
  "uploadtime": 1775927304,
  "views": 42,
  "formatid": "gen9championsvgc2026regma",
  "rating": 1243,
  "private": 0,
  "password": null
}