{
  "id": "gen9championsvgc2026regma-2586621635",
  "format": "[Gen 9 Champions] VGC 2026 Reg M-A",
  "players": [
    "Hellhoundvetica",
    "Poke_Marcos_23"
  ],
  "log": "|j|\u2606Hellhoundvetica\n|j|\u2606Poke_Marcos_23\n|t:|1776447474\n|gametype|doubles\n|player|p1|Hellhoundvetica|bellelba|1367\n|player|p2|Poke_Marcos_23|ethan|1401\n|gen|9\n|tier|[Gen 9 Champions] VGC 2026 Reg M-A\n|rated|\n|rule|Species Clause: Limit one of each Pok\u00e9mon\n|rule|Item Clause: Limit 1 of each item\n|clearpoke\n|poke|p1|Farigiraf, L50, M|\n|poke|p1|Torkoal, L50, M|\n|poke|p1|Decidueye-Hisui, L50, M|\n|poke|p1|Tyranitar, L50, F|\n|poke|p1|Milotic, L50, F|\n|poke|p1|Scizor, L50, F|\n|poke|p2|Floette-Eternal, L50, F|\n|poke|p2|Milotic, L50, M|\n|poke|p2|Incineroar, L50, F|\n|poke|p2|Kingambit, L50, F|\n|poke|p2|Maushold, L50|\n|poke|p2|Garchomp, L50, M|\n|teampreview|4\n|\n|t:|1776447511\n|teamsize|p1|4\n|teamsize|p2|4\n|start\n|switch|p1a: Farigiraf|Farigiraf, L50, M|100/100\n|switch|p1b: Scizor|Scizor, L50, F|100/100\n|switch|p2a: Garchomp|Garchomp, L50, M|100/100\n|switch|p2b: Milotic|Milotic, L50, M|100/100\n|turn|1\n|\n|t:|1776447524\n|detailschange|p1b: Scizor|Scizor-Mega, L50, F\n|-mega|p1b: Scizor|Scizor|Scizorite\n|move|p1a: Farigiraf|Protect|p1a: Farigiraf\n|-singleturn|p1a: Farigiraf|Protect\n|move|p2a: Garchomp|Stomping Tantrum|p1a: Farigiraf\n|-activate|p1a: Farigiraf|move: Protect\n|move|p2b: Milotic|Coil|p2b: Milotic\n|-boost|p2b: Milotic|atk|1\n|-boost|p2b: Milotic|def|1\n|-boost|p2b: Milotic|accuracy|1\n|move|p1b: Scizor|Tailwind|p1b: Scizor\n|-sidestart|p1: Hellhoundvetica|move: Tailwind\n|\n|upkeep\n|turn|2\n|\n|t:|1776447537\n|move|p2a: Garchomp|Stomping Tantrum|p1b: Scizor\n|-damage|p1b: Scizor|68/100\n|move|p1b: Scizor|Bug Bite|p2a: Garchomp\n|-damage|p2a: Garchomp|39/100\n|-damage|p1b: Scizor|56/100|[from] ability: Rough Skin|[of] p2a: Garchomp\n|move|p1a: Farigiraf|Hyper Voice|p2b: Milotic|[spread] p2a,p2b\n|-crit|p2a: Garchomp\n|-damage|p2a: Garchomp|0 fnt\n|-damage|p2b: Milotic|80/100\n|faint|p2a: Garchomp\n|move|p2b: Milotic|Coil|p2b: Milotic\n|-boost|p2b: Milotic|atk|1\n|-boost|p2b: Milotic|def|1\n|-boost|p2b: Milotic|accuracy|1\n|\n|-heal|p2b: Milotic|86/100|[from] item: Leftovers\n|upkeep\n|\n|t:|1776447553\n|switch|p2a: Floette|Floette-Eternal, L50, F|100/100\n|turn|3\n|\n|t:|1776447558\n|move|p1b: Scizor|Protect|p1b: Scizor\n|-singleturn|p1b: Scizor|Protect\n|move|p2a: Floette|Protect|p2a: Floette\n|-singleturn|p2a: Floette|Protect\n|move|p1a: Farigiraf|Hyper Voice|p2b: Milotic|[spread] p2b\n|-activate|p2a: Floette|move: Protect\n|-crit|p2b: Milotic\n|-damage|p2b: Milotic|54/100\n|move|p2b: Milotic|Hypnosis|p1b: Scizor\n|-activate|p1b: Scizor|move: Protect\n|\n|-heal|p2b: Milotic|60/100|[from] item: Leftovers\n|upkeep\n|turn|4\n|\n|t:|1776447573\n|switch|p1a: Decidueye|Decidueye-Hisui, L50, M|100/100\n|switch|p2a: Kingambit|Kingambit, L50, F|100/100\n|move|p1b: Scizor|Bullet Punch|p2a: Kingambit\n|-resisted|p2a: Kingambit|1\n|-damage|p2a: Kingambit|86/100\n|move|p2b: Milotic|Hypnosis|p1b: Scizor\n|-status|p1b: Scizor|slp|[from] move: Hypnosis\n|\n|-heal|p2b: Milotic|66/100|[from] item: Leftovers\n|-sideend|p1: Hellhoundvetica|move: Tailwind\n|upkeep\n|turn|5\n|\n|t:|1776447589\n|switch|p2a: Floette|Floette-Eternal, L50, F|100/100\n|cant|p1b: Scizor|slp\n|move|p2b: Milotic|Hypnosis|p1a: Decidueye\n|-status|p1a: Decidueye|slp|[from] move: Hypnosis\n|cant|p1a: Decidueye|slp\n|\n|-heal|p2b: Milotic|72/100|[from] item: Leftovers\n|upkeep\n|turn|6\n|\n|t:|1776447601\n|detailschange|p2a: Floette|Floette-Mega, L50, F\n|-mega|p2a: Floette|Floette|Floettite\n|-ability|p2a: Floette|Fairy Aura\n|-curestatus|p1b: Scizor|slp|[msg]\n|move|p1b: Scizor|Bullet Punch|p2a: Floette\n|-supereffective|p2a: Floette|1\n|-damage|p2a: Floette|21/100\n|move|p2a: Floette|Dazzling Gleam|p1a: Decidueye|[spread] p1a,p1b\n|-supereffective|p1a: Decidueye|1\n|-resisted|p1b: Scizor|1\n|-damage|p1a: Decidueye|17/100 slp\n|-damage|p1b: Scizor|36/100\n|move|p2b: Milotic|Muddy Water|p1b: Scizor|[spread] p1a,p1b\n|-resisted|p1a: Decidueye|1\n|-crit|p1b: Scizor\n|-damage|p1a: Decidueye|7/100 slp\n|-damage|p1b: Scizor|0 fnt\n|-unboost|p1a: Decidueye|accuracy|1\n|faint|p1b: Scizor\n|cant|p1a: Decidueye|slp\n|\n|-heal|p2b: Milotic|78/100|[from] item: Leftovers\n|upkeep\n|\n|t:|1776447623\n|switch|p1b: Farigiraf|Farigiraf, L50, M|100/100\n|turn|7\n|\n|t:|1776447633\n|-curestatus|p1a: Decidueye|slp|[msg]\n|move|p1a: Decidueye|Protect|p1a: Decidueye\n|-singleturn|p1a: Decidueye|Protect\n|move|p2a: Floette|Dazzling Gleam|p1a: Decidueye|[spread] p1b\n|-activate|p1a: Decidueye|move: Protect\n|-damage|p1b: Farigiraf|61/100\n|move|p2b: Milotic|Hypnosis|p1b: Farigiraf\n|-status|p1b: Farigiraf|slp|[from] move: Hypnosis\n|cant|p1b: Farigiraf|slp\n|\n|-heal|p2b: Milotic|84/100|[from] item: Leftovers\n|upkeep\n|turn|8\n|\n|t:|1776447647\n|switch|p1a: Milotic|Milotic, L50, F|100/100\n|move|p2a: Floette|Dazzling Gleam|p1a: Milotic|[spread] p1a,p1b\n|-damage|p1a: Milotic|70/100\n|-damage|p1b: Farigiraf|21/100 slp\n|move|p2b: Milotic|Life Dew|p2b: Milotic|[spread] p2a,p2b\n|-heal|p2a: Floette|46/100\n|-heal|p2b: Milotic|100/100\n|cant|p1b: Farigiraf|slp\n|\n|upkeep\n|turn|9\n|\n|t:|1776447664\n|-curestatus|p1b: Farigiraf|slp|[msg]\n|move|p1b: Farigiraf|Protect|p1b: Farigiraf\n|-singleturn|p1b: Farigiraf|Protect\n|move|p2a: Floette|Light of Ruin|p1a: Milotic\n|-crit|p1a: Milotic\n|-damage|p1a: Milotic|0 fnt\n|faint|p1a: Milotic\n|-damage|p2a: Floette|7/100|[from] Recoil\n|move|p2b: Milotic|Life Dew||[still]|[spread] p2a,p2b\n|-heal|p2a: Floette|31/100\n|-fail|p2b: Milotic|heal\n|\n|upkeep\n|\n|t:|1776447676\n|switch|p1a: Decidueye|Decidueye-Hisui, L50, M|7/100\n|turn|10\n|\n|t:|1776447679\n|move|p2a: Floette|Dazzling Gleam|p1b: Farigiraf|[spread] p1a,p1b\n|-supereffective|p1a: Decidueye|1\n|-crit|p1b: Farigiraf\n|-damage|p1a: Decidueye|0 fnt\n|-damage|p1b: Farigiraf|0 fnt\n|faint|p1a: Decidueye\n|faint|p1b: Farigiraf\n|\n|win|Poke_Marcos_23\n|raw|Hellhoundvetica's rating: 1367 &rarr; <strong>1349</strong><br />(-18 for losing)\n|raw|Poke_Marcos_23's rating: 1401 &rarr; <strong>1419</strong><br />(+18 for winning)\n|c|\u2606Poke_Marcos_23|gg\n|l|\u2606Hellhoundvetica\n|player|p1|\n",
  "uploadtime": 1776447688,
  "views": 54,
  "formatid": "gen9championsvgc2026regma",
  "rating": 1349,
  "private": 0,
  "password": null
}