{
  "id": "gen9championsvgc2026regma-2581947498",
  "format": "[Gen 9 Champions] VGC 2026 Reg M-A",
  "players": [
    "aarushn",
    "garchomp gaylord"
  ],
  "log": "|j|\u2606aarushn\n|j|\u2606garchomp gaylord\n|t:|1776042288\n|gametype|doubles\n|player|p1|aarushn|101|1138\n|player|p2|garchomp gaylord|169|1167\n|gen|9\n|tier|[Gen 9 Champions] VGC 2026 Reg M-A\n|rated|\n|rule|Species Clause: Limit one of each Pok\u00e9mon\n|rule|Item Clause: Limit 1 of each item\n|clearpoke\n|poke|p1|Dragonite, L50, F|\n|poke|p1|Pelipper, L50, M|\n|poke|p1|Archaludon, L50, M|\n|poke|p1|Basculegion, L50, M|\n|poke|p1|Sneasler, L50, M|\n|poke|p1|Rotom-Heat, L50|\n|poke|p2|Scovillain, L50, M|\n|poke|p2|Dragapult, L50, F|\n|poke|p2|Farigiraf, L50, M|\n|poke|p2|Sneasler, L50, M|\n|poke|p2|Incineroar, L50, M|\n|poke|p2|Kingambit, L50, M|\n|teampreview|4\n|inactive|Battle timer is ON: inactive players will automatically lose when time's up. (requested by garchomp gaylord)\n|inactive|garchomp gaylord has 60 seconds left.\n|\n|t:|1776042320\n|teamsize|p1|4\n|teamsize|p2|4\n|start\n|switch|p1a: Rotom|Rotom-Heat, L50|100/100\n|switch|p1b: Sneasler|Sneasler, L50, M|100/100\n|switch|p2a: Scovillain|Scovillain, L50, M|100/100\n|switch|p2b: Sneasler|Sneasler, L50, M|100/100\n|turn|1\n|inactive|aarushn has 30 seconds left.\n|\n|t:|1776042355\n|detailschange|p2a: Scovillain|Scovillain-Mega, L50, M\n|-mega|p2a: Scovillain|Scovillain|Scovillainite\n|move|p1b: Sneasler|Fake Out|p2b: Sneasler\n|-damage|p2b: Sneasler|76/100\n|cant|p2b: Sneasler|flinch\n|move|p1a: Rotom|Trick|p2b: Sneasler\n|-activate|p1a: Rotom|move: Trick|[of] p2b: Sneasler\n|-item|p2b: Sneasler|Choice Scarf|[from] move: Trick\n|-item|p1a: Rotom|White Herb|[from] move: Trick\n|move|p2a: Scovillain|Spicy Extract|p2b: Sneasler\n|-boost|p2b: Sneasler|atk|2\n|-unboost|p2b: Sneasler|def|2\n|\n|upkeep\n|turn|2\n|inactive|aarushn has 30 seconds left.\n|inactive|garchomp gaylord has 30 seconds left.\n|\n|t:|1776042387\n|move|p2a: Scovillain|Rage Powder|p2a: Scovillain\n|-singleturn|p2a: Scovillain|move: Rage Powder\n|move|p2b: Sneasler|Acrobatics|p1b: Sneasler\n|-supereffective|p1b: Sneasler|1\n|-damage|p1b: Sneasler|0 fnt\n|faint|p1b: Sneasler\n|move|p1a: Rotom|Overheat|p2a: Scovillain\n|-damage|p2a: Scovillain|41/100\n|-unboost|p1a: Rotom|spa|2\n|-immune|p1a: Rotom\n|-enditem|p1a: Rotom|White Herb\n|-clearnegativeboost|p1a: Rotom|[silent]\n|\n|upkeep\n|\n|t:|1776042397\n|switch|p1b: Basculegion|Basculegion, L50, M, shiny|100/100\n|turn|3\n|\n|t:|1776042406\n|move|p2a: Scovillain|Rage Powder|p2a: Scovillain\n|-singleturn|p2a: Scovillain|move: Rage Powder\n|move|p1b: Basculegion|Aqua Jet|p2a: Scovillain\n|-damage|p2a: Scovillain|18/100\n|-status|p1b: Basculegion|brn|[from] ability: Spicy Spray|[of] p2a: Scovillain\n|move|p2b: Sneasler|Acrobatics|p1b: Basculegion\n|-damage|p1b: Basculegion|51/100 brn\n|move|p1a: Rotom|Overheat|p2a: Scovillain\n|-damage|p2a: Scovillain|0 fnt\n|-unboost|p1a: Rotom|spa|2\n|-immune|p1a: Rotom\n|faint|p2a: Scovillain\n|\n|-damage|p1b: Basculegion|45/100 brn|[from] brn\n|upkeep\n|\n|t:|1776042423\n|switch|p2a: Incineroar|Incineroar, L50, M|100/100\n|-ability|p2a: Incineroar|Intimidate|boost\n|-unboost|p1a: Rotom|atk|1\n|-unboost|p1b: Basculegion|atk|1\n|turn|4\n|inactive|aarushn has 30 seconds left.\n|\n|t:|1776042448\n|switch|p1b: Dragonite|Dragonite, L50, F|100/100\n|move|p2a: Incineroar|Fake Out|p1a: Rotom\n|-damage|p1a: Rotom|84/100\n|move|p2b: Sneasler|Acrobatics|p1b: Dragonite\n|-damage|p1b: Dragonite|77/100\n|cant|p1a: Rotom|flinch\n|\n|upkeep\n|turn|5\n|\n|t:|1776042466\n|detailschange|p1b: Dragonite|Dragonite-Mega, L50, F\n|-mega|p1b: Dragonite|Dragonite|Dragoninite\n|move|p2b: Sneasler|Acrobatics|p1b: Dragonite\n|-damage|p1b: Dragonite|35/100\n|move|p1a: Rotom|Trick|p2a: Incineroar\n|-activate|p1a: Rotom|move: Trick|[of] p2a: Incineroar\n|-enditem|p2a: Incineroar|Sitrus Berry|[silent]|[from] move: Trick\n|-item|p1a: Rotom|Sitrus Berry|[from] move: Trick\n|move|p1b: Dragonite|Tailwind|p1b: Dragonite\n|-sidestart|p1: aarushn|move: Tailwind\n|move|p2a: Incineroar|Parting Shot|p1b: Dragonite\n|-unboost|p1b: Dragonite|atk|1\n|-unboost|p1b: Dragonite|spa|1\n|\n|t:|1776042483\n|switch|p2a: Dragapult|Dragapult, L50, F|100/100|[from] Parting Shot\n|\n|upkeep\n|turn|6\n|\n|t:|1776042497\n|move|p2a: Dragapult|Protect|p2a: Dragapult\n|-singleturn|p2a: Dragapult|Protect\n|move|p1a: Rotom|Overheat|p2b: Sneasler\n|-damage|p2b: Sneasler|28/100\n|-unboost|p1a: Rotom|spa|2\n|move|p2b: Sneasler|Acrobatics|p1b: Dragonite\n|-damage|p1b: Dragonite|0 fnt\n|faint|p1b: Dragonite\n|\n|upkeep\n|\n|t:|1776042500\n|switch|p1b: Basculegion|Basculegion, L50, M, shiny|45/100 brn\n|turn|7\n|\n|t:|1776042520\n|switch|p2a: Incineroar|Incineroar, L50, M|100/100\n|-ability|p2a: Incineroar|Intimidate|boost\n|-unboost|p1a: Rotom|atk|1\n|-unboost|p1b: Basculegion|atk|1\n|move|p1b: Basculegion|Aqua Jet|p2b: Sneasler\n|-damage|p2b: Sneasler|0 fnt\n|faint|p2b: Sneasler\n|move|p1a: Rotom|Overheat|p2a: Incineroar\n|-resisted|p2a: Incineroar|1\n|-crit|p2a: Incineroar\n|-damage|p2a: Incineroar|58/100\n|-unboost|p1a: Rotom|spa|2\n|\n|-damage|p1b: Basculegion|38/100 brn|[from] brn\n|upkeep\n|\n|t:|1776042534\n|switch|p2b: Dragapult|Dragapult, L50, F|100/100\n|turn|8\n|\n|t:|1776042559\n|move|p2b: Dragapult|Protect|p2b: Dragapult\n|-singleturn|p2b: Dragapult|Protect\n|move|p2a: Incineroar|Fake Out|p1a: Rotom\n|-damage|p1a: Rotom|70/100\n|cant|p1a: Rotom|flinch\n|move|p1b: Basculegion|Last Respects|p2b: Dragapult\n|-activate|p2b: Dragapult|move: Protect\n|\n|-damage|p1b: Basculegion|32/100 brn|[from] brn\n|-sideend|p1: aarushn|move: Tailwind\n|upkeep\n|turn|9\n|\n|t:|1776042578\n|move|p2a: Incineroar|Protect|p2a: Incineroar\n|-singleturn|p2a: Incineroar|Protect\n|move|p2b: Dragapult|Phantom Force||[still]\n|-prepare|p2b: Dragapult|Phantom Force\n|move|p1a: Rotom|Trick|p2b: Dragapult|[miss]\n|-miss|p1a: Rotom|p2b: Dragapult\n|move|p1b: Basculegion|Last Respects|p2b: Dragapult|[miss]\n|-miss|p1b: Basculegion|p2b: Dragapult\n|\n|-damage|p1b: Basculegion|26/100 brn|[from] brn\n|upkeep\n|turn|10\n|\n|t:|1776042594\n|move|p2b: Dragapult|Phantom Force|p1b: Basculegion|[from] lockedmove\n|-supereffective|p1b: Basculegion|1\n|-damage|p1b: Basculegion|0 fnt\n|faint|p1b: Basculegion\n|move|p1a: Rotom|Trick|p2b: Dragapult\n|-activate|p1a: Rotom|move: Trick|[of] p2b: Dragapult\n|-item|p2b: Dragapult|Sitrus Berry|[from] move: Trick\n|-item|p1a: Rotom|Dragon Fang|[from] move: Trick\n|move|p2a: Incineroar|Flare Blitz|p1a: Rotom\n|-resisted|p1a: Rotom|1\n|-damage|p1a: Rotom|41/100\n|-damage|p2a: Incineroar|52/100|[from] Recoil\n|\n|upkeep\n|turn|11\n|-message|aarushn forfeited.\n|\n|win|garchomp gaylord\n|raw|aarushn's rating: 1138 &rarr; <strong>1115</strong><br />(-23 for losing)\n|raw|garchomp gaylord's rating: 1167 &rarr; <strong>1190</strong><br />(+23 for winning)\n|l|\u2606aarushn\n|player|p1|\n|c|\u2606garchomp gaylord|gg\n",
  "uploadtime": 1776042613,
  "views": 13,
  "formatid": "gen9championsvgc2026regma",
  "rating": 1115,
  "private": 0,
  "password": null
}