{
  "id": "gen9championsvgc2026regma-2584760124",
  "format": "[Gen 9 Champions] VGC 2026 Reg M-A",
  "players": [
    "k0r3y!",
    "Ph4npy"
  ],
  "log": "|j|\u2606k0r3y!\n|j|\u2606Ph4npy\n|t:|1776281713\n|gametype|doubles\n|player|p1|k0r3y!|lady|1131\n|player|p2|Ph4npy|lucas|1159\n|gen|9\n|tier|[Gen 9 Champions] VGC 2026 Reg M-A\n|rated|\n|rule|Species Clause: Limit one of each Pok\u00e9mon\n|rule|Item Clause: Limit 1 of each item\n|clearpoke\n|poke|p1|Meganium, L50, F|\n|poke|p1|Pelipper, L50, F|\n|poke|p1|Raichu, L50, M|\n|poke|p1|Archaludon, L50, F|\n|poke|p1|Basculegion, L50, M|\n|poke|p1|Feraligatr, L50, F|\n|poke|p2|Mamoswine, L50, M|\n|poke|p2|Farigiraf, L50, F|\n|poke|p2|Kleavor, L50, F|\n|poke|p2|Ampharos, L50, M|\n|poke|p2|Altaria, L50, F|\n|poke|p2|Froslass, L50, F|\n|teampreview|4\n|inactive|Battle timer is ON: inactive players will automatically lose when time's up. (requested by Ph4npy)\n|inactive|k0r3y! has 60 seconds left.\n|inactive|Ph4npy has 60 seconds left.\n|inactive|k0r3y! has 30 seconds left.\n|inactive|k0r3y! has 20 seconds left.\n|inactive|k0r3y! has 15 seconds left.\n|c|\u2606Ph4npy|?\n|inactive|k0r3y! has 10 seconds left.\n|inactive|k0r3y! has 5 seconds left.\n|\n|t:|1776281801\n|teamsize|p1|4\n|teamsize|p2|4\n|start\n|switch|p1a: THE RAI|Raichu, L50, M, shiny|100/100\n|switch|p1b: precious\u2728|Meganium, L50, F, shiny|100/100\n|switch|p2a: Ampharos|Ampharos, L50, M|100/100\n|switch|p2b: Altaria|Altaria, L50, F|100/100\n|-ability|p2b: Altaria|Cloud Nine\n|turn|1\n|inactive|k0r3y! has 30 seconds left.\n|\n|t:|1776281835\n|detailschange|p1b: precious\u2728|Meganium-Mega, L50, F, shiny\n|-mega|p1b: precious\u2728|Meganium|Meganiumite\n|move|p2b: Altaria|Protect|p2b: Altaria\n|-singleturn|p2b: Altaria|Protect\n|move|p1a: THE RAI|Fake Out|p2b: Altaria\n|-activate|p2b: Altaria|move: Protect\n|move|p1b: precious\u2728|Solar Beam||[still]\n|-prepare|p1b: precious\u2728|Solar Beam\n|-activate|p1b: precious\u2728|ability: Mega Sol\n|-anim|p1b: precious\u2728|Solar Beam|p2a: Ampharos\n|-damage|p2a: Ampharos|51/100\n|move|p2a: Ampharos|Light Screen|p2a: Ampharos\n|-sidestart|p2: Ph4npy|move: Light Screen\n|\n|-heal|p2a: Ampharos|57/100|[from] item: Leftovers\n|upkeep\n|turn|2\n|inactive|k0r3y! has 30 seconds left.\n|\n|t:|1776281863\n|detailschange|p2b: Altaria|Altaria-Mega, L50, F\n|-mega|p2b: Altaria|Altaria|Altarianite\n|move|p1a: THE RAI|Thunder|p2b: Altaria|[miss]\n|-miss|p1a: THE RAI|p2b: Altaria\n|move|p2b: Altaria|Hurricane|p1b: precious\u2728\n|-supereffective|p1b: precious\u2728|1\n|-damage|p1b: precious\u2728|33/100\n|move|p1b: precious\u2728|Solar Beam||[still]\n|-prepare|p1b: precious\u2728|Solar Beam\n|-activate|p1b: precious\u2728|ability: Mega Sol\n|-anim|p1b: precious\u2728|Solar Beam|p2a: Ampharos\n|-damage|p2a: Ampharos|23/100\n|move|p2a: Ampharos|Dragon Cheer|p2b: Altaria\n|-start|p2b: Altaria|move: Dragon Cheer\n|\n|-heal|p2a: Ampharos|29/100|[from] item: Leftovers\n|upkeep\n|turn|3\n|inactive|k0r3y! has 30 seconds left.\n|inactive|Ph4npy has 30 seconds left.\n|inactive|k0r3y! has 20 seconds left.\n|inactive|k0r3y! has 15 seconds left.\n|inactive|k0r3y! has 10 seconds left.\n|inactive|k0r3y! has 5 seconds left.\n|\n|t:|1776281915\n|switch|p1b: toilet birb|Pelipper, L50, F, shiny|100/100\n|-weather|RainDance|[from] ability: Drizzle|[of] p1b: toilet birb\n|move|p2a: Ampharos|Protect|p2a: Ampharos\n|-singleturn|p2a: Ampharos|Protect\n|move|p1a: THE RAI|Thunder|p2b: Altaria\n|-resisted|p2b: Altaria|1\n|-damage|p2b: Altaria|88/100\n|move|p2b: Altaria|Hyper Voice|p1b: toilet birb|[spread] p1a,p1b\n|-crit|p1b: toilet birb\n|-damage|p1a: THE RAI|51/100\n|-damage|p1b: toilet birb|19/100\n|-enditem|p1b: toilet birb|Sitrus Berry|[eat]\n|-heal|p1b: toilet birb|44/100|[from] item: Sitrus Berry\n|\n|-weather|RainDance|[upkeep]\n|-heal|p2a: Ampharos|35/100|[from] item: Leftovers\n|upkeep\n|turn|4\n|\n|t:|1776281936\n|switch|p1b: bdy prs removed \ud83d\ude2d|Archaludon, L50, F|100/100\n|move|p1a: THE RAI|Thunder|p2b: Altaria\n|-resisted|p2b: Altaria|1\n|-damage|p2b: Altaria|75/100\n|move|p2b: Altaria|Hyper Voice|p1a: THE RAI|[spread] p1a,p1b\n|-crit|p1b: bdy prs removed \ud83d\ude2d\n|-damage|p1a: THE RAI|0 fnt\n|-damage|p1b: bdy prs removed \ud83d\ude2d|31/100\n|-ability|p1b: bdy prs removed \ud83d\ude2d|Stamina|boost\n|-boost|p1b: bdy prs removed \ud83d\ude2d|def|1\n|faint|p1a: THE RAI\n|move|p2a: Ampharos|Dragon Cheer||[still]\n|-fail|p2a: Ampharos\n|\n|-weather|RainDance|[upkeep]\n|-heal|p1b: bdy prs removed \ud83d\ude2d|38/100|[from] item: Leftovers\n|-heal|p2a: Ampharos|41/100|[from] item: Leftovers\n|upkeep\n|\n|t:|1776281953\n|switch|p1a: toilet birb|Pelipper, L50, F, shiny|44/100\n|turn|5\n|\n|t:|1776281959\n|move|p2b: Altaria|Protect|p2b: Altaria\n|-singleturn|p2b: Altaria|Protect\n|move|p1a: toilet birb|Wide Guard|p1a: toilet birb\n|-singleturn|p1a: toilet birb|Wide Guard\n|move|p1b: bdy prs removed \ud83d\ude2d|Draco Meteor|p2b: Altaria\n|-activate|p2b: Altaria|move: Protect\n|move|p2a: Ampharos|Electroweb|p1b: bdy prs removed \ud83d\ude2d|[spread] \n|-activate|p1a: toilet birb|move: Wide Guard\n|-activate|p1b: bdy prs removed \ud83d\ude2d|move: Wide Guard\n|\n|-weather|RainDance|[upkeep]\n|-heal|p1b: bdy prs removed \ud83d\ude2d|44/100|[from] item: Leftovers\n|-heal|p2a: Ampharos|47/100|[from] item: Leftovers\n|-sideend|p2: Ph4npy|move: Light Screen\n|upkeep\n|turn|6\n|\n|t:|1776281978\n|move|p1a: toilet birb|Wide Guard|p1a: toilet birb\n|-singleturn|p1a: toilet birb|Wide Guard\n|move|p2b: Altaria|Draco Meteor|p1b: bdy prs removed \ud83d\ude2d\n|-crit|p1b: bdy prs removed \ud83d\ude2d\n|-damage|p1b: bdy prs removed \ud83d\ude2d|0 fnt\n|-unboost|p2b: Altaria|spa|2\n|faint|p1b: bdy prs removed \ud83d\ude2d\n|move|p2a: Ampharos|Light Screen|p2a: Ampharos\n|-sidestart|p2: Ph4npy|move: Light Screen\n|\n|-weather|RainDance|[upkeep]\n|-heal|p2a: Ampharos|53/100|[from] item: Leftovers\n|upkeep\n|\n|t:|1776281986\n|switch|p1b: precious\u2728|Meganium-Mega, L50, F, shiny|33/100\n|turn|7\n|\n|t:|1776281996\n|move|p2b: Altaria|Hurricane|p1b: precious\u2728\n|-supereffective|p1b: precious\u2728|1\n|-crit|p1b: precious\u2728\n|-damage|p1b: precious\u2728|0 fnt\n|faint|p1b: precious\u2728\n|move|p1a: toilet birb|Tailwind|p1a: toilet birb\n|-sidestart|p1: k0r3y!|move: Tailwind\n|move|p2a: Ampharos|Electroweb|p1a: toilet birb\n|-supereffective|p1a: toilet birb|2\n|-damage|p1a: toilet birb|0 fnt\n|faint|p1a: toilet birb\n|\n|win|Ph4npy\n|raw|k0r3y!'s rating: 1131 &rarr; <strong>1108</strong><br />(-23 for losing)\n|raw|Ph4npy's rating: 1159 &rarr; <strong>1182</strong><br />(+23 for winning)\n",
  "uploadtime": 1776282007,
  "views": 18,
  "formatid": "gen9championsvgc2026regma",
  "rating": 1108,
  "private": 0,
  "password": null
}