{
  "id": "gen9championsvgc2026regma-2587065926",
  "format": "[Gen 9 Champions] VGC 2026 Reg M-A",
  "players": [
    "TheBallistic1",
    "ihategarsevoir"
  ],
  "log": "|j|\u2606TheBallistic1\n|j|\u2606ihategarsevoir\n|t:|1776488823\n|gametype|doubles\n|player|p1|TheBallistic1|colress|1055\n|player|p2|ihategarsevoir|guitarist|1030\n|gen|9\n|tier|[Gen 9 Champions] VGC 2026 Reg M-A\n|rated|\n|rule|Species Clause: Limit one of each Pok\u00e9mon\n|rule|Item Clause: Limit 1 of each item\n|clearpoke\n|poke|p1|Floette-Eternal, L50, F|\n|poke|p1|Sneasler, L50, M|\n|poke|p1|Milotic, L50, M|\n|poke|p1|Incineroar, L50, M|\n|poke|p1|Sinistcha, L50|\n|poke|p1|Garchomp, L50, M|\n|poke|p2|Banette, L50, M|\n|poke|p2|Typhlosion-Hisui, L50, F|\n|poke|p2|Incineroar, L50, F|\n|poke|p2|Venusaur, L50, M|\n|poke|p2|Tauros-Paldea-Aqua, L50, M|\n|poke|p2|Espathra, L50, M|\n|teampreview|4\nTheBallistic1 has agreed to open team sheets.\n|inactive|Battle timer is ON: inactive players will automatically lose when time's up. (requested by TheBallistic1)\n|\n|t:|1776488864\n|teamsize|p1|4\n|teamsize|p2|4\n|start\n|switch|p1a: Garchomp|Garchomp, L50, M|100/100\n|switch|p1b: Incineroar|Incineroar, L50, M|100/100\n|switch|p2a: Banette|Banette, L50, M|100/100\n|switch|p2b: Tauros|Tauros-Paldea-Aqua, L50, M|100/100\n|-ability|p2b: Tauros|Intimidate|boost\n|-unboost|p1a: Garchomp|atk|1\n|-unboost|p1b: Incineroar|atk|1\n|-ability|p1b: Incineroar|Intimidate|boost\n|-unboost|p2a: Banette|atk|1\n|-unboost|p2b: Tauros|atk|1\n|-enditem|p2b: Tauros|White Herb\n|-clearnegativeboost|p2b: Tauros|[silent]\n|turn|1\n|inactive|ihategarsevoir has 30 seconds left.\n|\n|t:|1776488891\n|detailschange|p2a: Banette|Banette-Mega, L50, M\n|-mega|p2a: Banette|Banette|Banettite\n|move|p1b: Incineroar|Fake Out|p2b: Tauros\n|-damage|p2b: Tauros|90/100\n|move|p2a: Banette|Will-O-Wisp|p1a: Garchomp\n|-status|p1a: Garchomp|brn\n|move|p1a: Garchomp|Dragon Claw|p2a: Banette\n|-damage|p2a: Banette|81/100\n|cant|p2b: Tauros|flinch\n|\n|-damage|p1a: Garchomp|94/100 brn|[from] brn\n|upkeep\n|turn|2\n|\n|t:|1776488913\n|move|p2a: Banette|Confuse Ray|p1a: Garchomp\n|-start|p1a: Garchomp|confusion\n|-activate|p1a: Garchomp|confusion\n|move|p1a: Garchomp|Dragon Claw|p2b: Tauros\n|-damage|p2b: Tauros|74/100\n|move|p2b: Tauros|Wave Crash|p1b: Incineroar\n|-supereffective|p1b: Incineroar|1\n|-damage|p1b: Incineroar|2/100\n|-enditem|p1b: Incineroar|Sitrus Berry|[eat]\n|-heal|p1b: Incineroar|27/100|[from] item: Sitrus Berry\n|-damage|p2b: Tauros|35/100|[from] Recoil\n|move|p1b: Incineroar|Darkest Lariat|p2a: Banette\n|-supereffective|p2a: Banette|1\n|-damage|p2a: Banette|6/100\n|\n|-damage|p1a: Garchomp|88/100 brn|[from] brn\n|upkeep\n|turn|3\n|inactive|TheBallistic1 has 30 seconds left.\n|\n|t:|1776488943\n|move|p2b: Tauros|Aqua Jet|p1b: Incineroar\n|-supereffective|p1b: Incineroar|1\n|-damage|p1b: Incineroar|0 fnt\n|faint|p1b: Incineroar\n|move|p2a: Banette|Pain Split|p1a: Garchomp\n|-sethp|p1a: Garchomp|47/100 brn|[from] move: Pain Split|[silent]\n|-sethp|p2a: Banette|50/100|[from] move: Pain Split\n|-end|p1a: Garchomp|confusion\n|move|p1a: Garchomp|Dragon Claw|p2a: Banette\n|-damage|p2a: Banette|29/100\n|\n|-damage|p1a: Garchomp|41/100 brn|[from] brn\n|upkeep\n|\n|t:|1776488948\n|switch|p1b: Sinistcha|Sinistcha, L50|100/100\n|-heal|p1a: Garchomp|66/100 brn|[from] ability: Hospitality|[of] p1b: Sinistcha\n|turn|4\n|\n|t:|1776488971\n|switch|p1a: Milotic|Milotic, L50, M|100/100\n|move|p2a: Banette|Pain Split|p1b: Sinistcha\n|-sethp|p1b: Sinistcha|65/100|[from] move: Pain Split|[silent]\n|-sethp|p2a: Banette|62/100|[from] move: Pain Split\n|move|p2b: Tauros|Wave Crash|p1a: Milotic\n|-resisted|p1a: Milotic|1\n|-damage|p1a: Milotic|65/100\n|-damage|p2b: Tauros|22/100|[from] Recoil\n|move|p1b: Sinistcha|Matcha Gotcha|p2b: Tauros|[spread] p2a,p2b\n|-supereffective|p2b: Tauros|1\n|-damage|p2a: Banette|39/100\n|-heal|p1b: Sinistcha|78/100|[from] drain|[of] p2a: Banette\n|-damage|p2b: Tauros|0 fnt\n|-heal|p1b: Sinistcha|88/100|[from] drain|[of] p2b: Tauros\n|faint|p2b: Tauros\n|\n|-heal|p1a: Milotic|70/100|[from] item: Leftovers\n|upkeep\n|\n|t:|1776488987\n|switch|p2b: Venusaur|Venusaur, L50, M|100/100\n|turn|5\n|\n|t:|1776489001\n|move|p1b: Sinistcha|Rage Powder|p1b: Sinistcha\n|-singleturn|p1b: Sinistcha|move: Rage Powder\n|move|p2a: Banette|Pain Split|p1b: Sinistcha\n|-sethp|p1b: Sinistcha|64/100|[from] move: Pain Split|[silent]\n|-sethp|p2a: Banette|61/100|[from] move: Pain Split\n|move|p1a: Milotic|Ice Beam|p2b: Venusaur\n|-supereffective|p2b: Venusaur|1\n|-damage|p2b: Venusaur|40/100\n|move|p2b: Venusaur|Sleep Powder|p1a: Milotic\n|-status|p1a: Milotic|slp|[from] move: Sleep Powder\n|\n|-heal|p1a: Milotic|76/100 slp|[from] item: Leftovers\n|upkeep\n|turn|6\n|\n|t:|1776489017\n|move|p2a: Banette|Will-O-Wisp|p1b: Sinistcha\n|-status|p1b: Sinistcha|brn\n|cant|p1a: Milotic|slp\n|move|p2b: Venusaur|Giga Drain|p1a: Milotic\n|-supereffective|p1a: Milotic|1\n|-damage|p1a: Milotic|9/100 slp\n|-heal|p2b: Venusaur|70/100|[from] drain|[of] p1a: Milotic\n|move|p1b: Sinistcha|Strength Sap|p2a: Banette\n|-unboost|p2a: Banette|atk|1\n|-heal|p1b: Sinistcha|100/100 brn\n|\n|-heal|p1a: Milotic|15/100 slp|[from] item: Leftovers\n|-damage|p1b: Sinistcha|94/100 brn|[from] brn\n|upkeep\n|turn|7\n|\n|t:|1776489034\n|move|p2a: Banette|Disable|p1b: Sinistcha\n|-start|p1b: Sinistcha|Disable|Strength Sap\n|-enditem|p1b: Sinistcha|Mental Herb\n|-end|p1b: Sinistcha|Disable\n|cant|p1a: Milotic|slp\n|move|p2b: Venusaur|Giga Drain|p1a: Milotic\n|-supereffective|p1a: Milotic|1\n|-damage|p1a: Milotic|0 fnt\n|-heal|p2b: Venusaur|77/100|[from] drain|[of] p1a: Milotic\n|faint|p1a: Milotic\n|move|p1b: Sinistcha|Strength Sap|p1: Milotic|[notarget]\n|-fail|p1b: Sinistcha\n|\n|-damage|p1b: Sinistcha|88/100 brn|[from] brn\n|upkeep\n|\n|t:|1776489044\n|switch|p1a: Garchomp|Garchomp, L50, M|66/100 brn\n|turn|8\n|\n|t:|1776489062\n|move|p1b: Sinistcha|Protect|p1b: Sinistcha\n|-singleturn|p1b: Sinistcha|Protect\n|move|p2a: Banette|Confuse Ray|p1a: Garchomp\n|-start|p1a: Garchomp|confusion\n|-activate|p1a: Garchomp|confusion\n|-damage|p1a: Garchomp|49/100 brn|[from] confusion\n|move|p2b: Venusaur|Sludge Bomb|p1b: Sinistcha\n|-activate|p1b: Sinistcha|move: Protect\n|\n|-damage|p1a: Garchomp|43/100 brn|[from] brn\n|-damage|p1b: Sinistcha|82/100 brn|[from] brn\n|upkeep\n|turn|9\n|\n|t:|1776489081\n|move|p1b: Sinistcha|Rage Powder|p1b: Sinistcha\n|-singleturn|p1b: Sinistcha|move: Rage Powder\n|move|p2a: Banette|Confuse Ray|p1b: Sinistcha\n|-start|p1b: Sinistcha|confusion\n|-activate|p1a: Garchomp|confusion\n|move|p1a: Garchomp|Earthquake|p2a: Banette|[spread] p1b,p2a,p2b\n|-resisted|p1b: Sinistcha|1\n|-damage|p1b: Sinistcha|73/100 brn\n|-damage|p2a: Banette|33/100\n|-damage|p2b: Venusaur|55/100\n|move|p2b: Venusaur|Giga Drain|p1a: Garchomp\n|-damage|p1a: Garchomp|0 fnt\n|-heal|p2b: Venusaur|76/100|[from] drain|[of] p1a: Garchomp\n|faint|p1a: Garchomp\n|\n|-damage|p1b: Sinistcha|67/100 brn|[from] brn\n|upkeep\n|turn|10\n|\n|t:|1776489101\n|move|p2a: Banette|Pain Split|p1b: Sinistcha\n|-sethp|p1b: Sinistcha|51/100 brn|[from] move: Pain Split|[silent]\n|-sethp|p2a: Banette|48/100|[from] move: Pain Split\n|move|p2b: Venusaur|Sludge Bomb|p1b: Sinistcha\n|-damage|p1b: Sinistcha|0 fnt\n|faint|p1b: Sinistcha\n|\n|win|ihategarsevoir\n|raw|TheBallistic1's rating: 1055 &rarr; <strong>1035</strong><br />(-20 for losing)\n|raw|ihategarsevoir's rating: 1030 &rarr; <strong>1068</strong><br />(+38 for winning)\n",
  "uploadtime": 1776489107,
  "views": 22,
  "formatid": "gen9championsvgc2026regma",
  "rating": 1035,
  "private": 0,
  "password": null
}