{
  "id": "gen9championsvgc2026regma-2588368027",
  "format": "[Gen 9 Champions] VGC 2026 Reg M-A",
  "players": [
    "Rusano",
    "Caligo33"
  ],
  "log": "|j|\u2606Rusano\n|j|\u2606Caligo33\n|t:|1776627690\n|gametype|doubles\n|player|p1|Rusano|ghetsis-gen5bw|1200\n|player|p2|Caligo33|170|1165\n|gen|9\n|tier|[Gen 9 Champions] VGC 2026 Reg M-A\n|rated|\n|rule|Species Clause: Limit one of each Pok\u00e9mon\n|rule|Item Clause: Limit 1 of each item\n|clearpoke\n|poke|p1|Tyranitar, L50, F, shiny|\n|poke|p1|Farigiraf, L50, F, shiny|\n|poke|p1|Kingambit, L50, M, shiny|\n|poke|p1|Aegislash, L50, M, shiny|\n|poke|p1|Sinistcha, L50, shiny|\n|poke|p1|Floette-Eternal, L50, F|\n|poke|p2|Gengar, L50, M, shiny|\n|poke|p2|Incineroar, L50, M|\n|poke|p2|Gallade, L50, M|\n|poke|p2|Araquanid, L50, M|\n|poke|p2|Dragonite, L50, F|\n|poke|p2|Corviknight, L50, F|\n|teampreview|4\n|inactive|Battle timer is ON: inactive players will automatically lose when time's up. (requested by Rusano)\nCaligo33 has agreed to open team sheets.\nRusano has agreed to open team sheets.\n|showteam|p1|Tyranitar||Tyranitarite|SandStream|RockSlide,LowKick,KnockOff,Protect|||F|||50|]Farigiraf||MentalHerb|ArmorTail|HelpingHand,PsychicNoise,TrickRoom,DazzlingGleam|||F|||50|]Kingambit||ChopleBerry|Defiant|KowtowCleave,SuckerPunch,IronHead,Protect|||M|||50|]Aegislash||FocusSash|StanceChange|FlashCannon,ShadowBall,WideGuard,KingsShield|||M|||50|]Sinistcha||SitrusBerry|Hospitality|MatchaGotcha,LifeDew,TrickRoom,RagePowder||||||50|]Floette-Eternal||Floettite|FlowerVeil|Psychic,Moonblast,CalmMind,Protect|||F|||50|\n|showteam|p2|Gengar||Gengarite|CursedBody|ShadowBall,SludgeBomb,ThunderWave,Protect|||M|||50|]Incineroar||SitrusBerry|Intimidate|FakeOut,FlareBlitz,DarkestLariat,PartingShot|||M|||50|]Gallade||WhiteHerb|Sharpness|PsychoCut,SacredSword,Encore,Protect|||M|||50|]Araquanid||MysticWater|WaterBubble|Liquidation,IcyWind,WideGuard,Protect|||M|||50|]Dragonite||DragonFang|InnerFocus|DracoMeteor,ExtremeSpeed,DragonTail,ThunderWave|||F|||50|]Corviknight||Leftovers|MirrorArmor|DualWingbeat,BodyPress,IronDefense,Tailwind|||F|||50|\n|inactive|Rusano has 60 seconds left.\n|inactive|Caligo33 has 60 seconds left.\n|\n|t:|1776627735\n|teamsize|p1|4\n|teamsize|p2|4\n|start\n|switch|p1a: hypervoice|Farigiraf, L50, F, shiny|100/100\n|switch|p1b: kaka|Kingambit, L50, M, shiny|100/100\n|switch|p2a: Araquanid|Araquanid, L50, M|100/100\n|switch|p2b: Gallade|Gallade, L50, M|100/100\n|turn|1\n|inactive|Rusano has 30 seconds left.\n|\n|t:|1776627761\n|switch|p1b: performative|Sinistcha, L50, shiny|100/100\n|move|p2b: Gallade|Sacred Sword|p1a: hypervoice\n|-damage|p1a: hypervoice|45/100\n|move|p1a: hypervoice|Psychic Noise|p2b: Gallade\n|-damage|p2b: Gallade|70/100\n|-start|p2b: Gallade|move: Heal Block\n|move|p2a: Araquanid|Liquidation|p1a: hypervoice\n|-damage|p1a: hypervoice|0 fnt\n|faint|p1a: hypervoice\n|\n|upkeep\n|\n|t:|1776627777\n|switch|p1a: godzilla|Tyranitar, L50, F, shiny|100/100\n|-weather|Sandstorm|[from] ability: Sand Stream|[of] p1a: godzilla\n|turn|2\n|\n|t:|1776627793\n|detailschange|p1a: godzilla|Tyranitar-Mega, L50, F, shiny\n|-mega|p1a: godzilla|Tyranitar|Tyranitarite\n|move|p1b: performative|Rage Powder|p1b: performative\n|-singleturn|p1b: performative|move: Rage Powder\n|move|p2b: Gallade|Sacred Sword|p1b: performative\n|-immune|p1b: performative\n|move|p1a: godzilla|Rock Slide|p2b: Gallade|[spread] p2a,p2b\n|-supereffective|p2a: Araquanid|1\n|-resisted|p2b: Gallade|1\n|-damage|p2a: Araquanid|25/100\n|-damage|p2b: Gallade|37/100\n|cant|p2a: Araquanid|flinch\n|\n|-weather|Sandstorm|[upkeep]\n|-damage|p2b: Gallade|31/100|[from] Sandstorm\n|-damage|p1b: performative|94/100|[from] Sandstorm\n|-damage|p2a: Araquanid|19/100|[from] Sandstorm\n|-end|p2b: Gallade|move: Heal Block\n|upkeep\n|turn|3\n|\n|t:|1776627815\n|move|p2a: Araquanid|Wide Guard|p2a: Araquanid\n|-singleturn|p2a: Araquanid|Wide Guard\n|move|p1b: performative|Rage Powder|p1b: performative\n|-singleturn|p1b: performative|move: Rage Powder\n|move|p2b: Gallade|Psycho Cut|p1b: performative\n|-damage|p1b: performative|45/100\n|-enditem|p1b: performative|Sitrus Berry|[eat]\n|-heal|p1b: performative|70/100|[from] item: Sitrus Berry\n|move|p1a: godzilla|Rock Slide|p2b: Gallade|[spread] \n|-activate|p2a: Araquanid|move: Wide Guard\n|-activate|p2b: Gallade|move: Wide Guard\n|\n|-weather|Sandstorm|[upkeep]\n|-damage|p2b: Gallade|25/100|[from] Sandstorm\n|-damage|p1b: performative|64/100|[from] Sandstorm\n|-damage|p2a: Araquanid|14/100|[from] Sandstorm\n|upkeep\n|turn|4\n|\n|t:|1776627831\n|move|p1b: performative|Rage Powder|p1b: performative\n|-singleturn|p1b: performative|move: Rage Powder\n|move|p2b: Gallade|Psycho Cut|p1b: performative\n|-damage|p1b: performative|12/100\n|move|p1a: godzilla|Rock Slide|p2a: Araquanid|[spread] p2a,p2b\n|-supereffective|p2a: Araquanid|1\n|-resisted|p2b: Gallade|1\n|-damage|p2a: Araquanid|0 fnt\n|-damage|p2b: Gallade|0 fnt\n|faint|p2a: Araquanid\n|faint|p2b: Gallade\n|\n|-weather|Sandstorm|[upkeep]\n|-damage|p1b: performative|6/100|[from] Sandstorm\n|upkeep\n|\n|t:|1776627842\n|switch|p2b: Corviknight|Corviknight, L50, F|100/100\n|switch|p2a: Gengar|Gengar, L50, M, shiny|100/100\n|turn|5\n|\n|t:|1776627862\n|detailschange|p2a: Gengar|Gengar-Mega, L50, M, shiny\n|-mega|p2a: Gengar|Gengar|Gengarite\n|move|p2a: Gengar|Shadow Ball|p1b: performative\n|-supereffective|p1b: performative|1\n|-damage|p1b: performative|0 fnt\n|faint|p1b: performative\n|move|p2b: Corviknight|Body Press|p1a: godzilla\n|-supereffective|p1a: godzilla|2\n|-damage|p1a: godzilla|29/100\n|move|p1a: godzilla|Knock Off|p2a: Gengar\n|-supereffective|p2a: Gengar|1\n|-damage|p2a: Gengar|0 fnt\n|faint|p2a: Gengar\n|\n|-weather|Sandstorm|[upkeep]\n|upkeep\n|\n|t:|1776627872\n|switch|p1b: kaka|Kingambit, L50, M, shiny|100/100\n|turn|6\n|\n|t:|1776627893\n|move|p2b: Corviknight|Body Press|p1b: kaka\n|-supereffective|p1b: kaka|2\n|-enditem|p1b: kaka|Chople Berry|[eat]\n|-enditem|p1b: kaka|Chople Berry|[weaken]\n|-damage|p1b: kaka|62/100\n|move|p1a: godzilla|Knock Off|p2b: Corviknight\n|-damage|p2b: Corviknight|57/100\n|-enditem|p2b: Corviknight|Leftovers|[from] move: Knock Off|[of] p1a: godzilla\n|move|p1b: kaka|Kowtow Cleave|p2b: Corviknight\n|-damage|p2b: Corviknight|23/100\n|\n|-weather|none\n|upkeep\n|turn|7\n|\n|t:|1776627910\n|move|p1b: kaka|Sucker Punch|p2b: Corviknight\n|-damage|p2b: Corviknight|0 fnt\n|faint|p2b: Corviknight\n|\n|win|Rusano\n|raw|Rusano's rating: 1200 &rarr; <strong>1222</strong><br />(+22 for winning)\n|raw|Caligo33's rating: 1165 &rarr; <strong>1143</strong><br />(-22 for losing)\n",
  "uploadtime": 1776627914,
  "views": 12,
  "formatid": "gen9championsvgc2026regma",
  "rating": 1143,
  "private": 0,
  "password": null
}