{
  "id": "gen9championsvgc2026regma-2587847824",
  "format": "[Gen 9 Champions] VGC 2026 Reg M-A",
  "players": [
    "snodlop",
    "procouto"
  ],
  "log": "|j|\u2606snodlop\n|j|\u2606procouto\n|t:|1776570231\n|gametype|doubles\n|player|p1|snodlop|lady-gen4|1127\n|player|p2|procouto|veteran|1129\n|gen|9\n|tier|[Gen 9 Champions] VGC 2026 Reg M-A\n|rated|\n|rule|Species Clause: Limit one of each Pok\u00e9mon\n|rule|Item Clause: Limit 1 of each item\n|clearpoke\n|poke|p1|Victreebel, L50, M|\n|poke|p1|Talonflame, L50, M|\n|poke|p1|Incineroar, L50, F|\n|poke|p1|Sneasler, L50, F|\n|poke|p1|Primarina, L50, M|\n|poke|p1|Kingambit, L50, M|\n|poke|p2|Drampa, L50, M, shiny|\n|poke|p2|Sinistcha, L50|\n|poke|p2|Alakazam, L50, F|\n|poke|p2|Pelipper, L50, M|\n|poke|p2|Basculegion, L50, M, shiny|\n|poke|p2|Scizor, L50, M|\n|teampreview|4\n|\n|t:|1776570268\n|teamsize|p1|4\n|teamsize|p2|4\n|start\n|switch|p1a: Primarina|Primarina, L50, M|100/100\n|switch|p1b: Incineroar|Incineroar, L50, F|100/100\n|switch|p2a: Drampa|Drampa, L50, M, shiny|100/100\n|switch|p2b: Alakazam|Alakazam, L50, F|100/100\n|-ability|p1b: Incineroar|Intimidate|boost\n|-unboost|p2a: Drampa|atk|1\n|-fail|p2b: Alakazam|unboost|Attack|[from] ability: Inner Focus|[of] p2b: Alakazam\n|turn|1\n|\n|t:|1776570294\n|detailschange|p2a: Drampa|Drampa-Mega, L50, M, shiny\n|-mega|p2a: Drampa|Drampa|Drampanite\n|move|p2a: Drampa|Protect|p2a: Drampa\n|-singleturn|p2a: Drampa|Protect\n|move|p1b: Incineroar|Fake Out|p2a: Drampa\n|-activate|p2a: Drampa|move: Protect\n|move|p2b: Alakazam|Speed Swap|p2a: Drampa\n|-activate|p2a: Drampa|move: Protect\n|move|p1a: Primarina|Moonblast|p2a: Drampa\n|-activate|p2a: Drampa|move: Protect\n|\n|upkeep\n|turn|2\n|\n|t:|1776570313\n|move|p2b: Alakazam|Reflect|p2b: Alakazam\n|-sidestart|p2: procouto|Reflect\n|move|p1a: Primarina|Moonblast|p2a: Drampa\n|-supereffective|p2a: Drampa|1\n|-damage|p2a: Drampa|15/100\n|-unboost|p2a: Drampa|spa|1\n|-ability|p2a: Drampa|Berserk|boost\n|-boost|p2a: Drampa|spa|1\n|move|p1b: Incineroar|Parting Shot|p2a: Drampa\n|-unboost|p2a: Drampa|atk|1\n|-unboost|p2a: Drampa|spa|1\n|\n|t:|1776570329\n|switch|p1b: Kingambit|Kingambit, L50, M|100/100|[from] Parting Shot\n|move|p2a: Drampa|Hyper Voice|p1b: Kingambit|[spread] p1a,p1b\n|-resisted|p1b: Kingambit|1\n|-damage|p1a: Primarina|76/100\n|-damage|p1b: Kingambit|88/100\n|\n|-heal|p1b: Kingambit|94/100|[from] item: Leftovers\n|upkeep\n|turn|3\n|\n|t:|1776570346\n|switch|p2b: Sinistcha|Sinistcha, L50|100/100\n|-heal|p2a: Drampa|40/100|[from] ability: Hospitality|[of] p2b: Sinistcha\n|move|p2a: Drampa|Protect|p2a: Drampa\n|-singleturn|p2a: Drampa|Protect\n|move|p1a: Primarina|Hyper Voice|p2a: Drampa|[spread] p2b\n|-activate|p2a: Drampa|move: Protect\n|-resisted|p2b: Sinistcha|1\n|-damage|p2b: Sinistcha|70/100\n|move|p1b: Kingambit|Swords Dance|p1b: Kingambit\n|-boost|p1b: Kingambit|atk|2\n|\n|-heal|p1b: Kingambit|100/100|[from] item: Leftovers\n|upkeep\n|turn|4\n|\n|t:|1776570370\n|move|p1b: Kingambit|Sucker Punch||[still]\n|-fail|p1b: Kingambit\n|move|p1a: Primarina|Calm Mind|p1a: Primarina\n|-boost|p1a: Primarina|spa|1\n|-boost|p1a: Primarina|spd|1\n|move|p2b: Sinistcha|Life Dew|p2b: Sinistcha|[spread] p2a,p2b\n|-heal|p2a: Drampa|65/100\n|-heal|p2b: Sinistcha|95/100\n|move|p2a: Drampa|Earth Power|p1b: Kingambit\n|-supereffective|p1b: Kingambit|1\n|-damage|p1b: Kingambit|56/100\n|\n|-heal|p1b: Kingambit|62/100|[from] item: Leftovers\n|upkeep\n|turn|5\n|\n|t:|1776570386\n|move|p2a: Drampa|Protect|p2a: Drampa\n|-singleturn|p2a: Drampa|Protect\n|move|p1b: Kingambit|Sucker Punch|p2b: Sinistcha\n|-supereffective|p2b: Sinistcha|1\n|-damage|p2b: Sinistcha|0 fnt\n|faint|p2b: Sinistcha\n|move|p1a: Primarina|Calm Mind|p1a: Primarina\n|-boost|p1a: Primarina|spa|1\n|-boost|p1a: Primarina|spd|1\n|\n|-heal|p1b: Kingambit|68/100|[from] item: Leftovers\n|upkeep\n|\n|t:|1776570397\n|switch|p2b: Alakazam|Alakazam, L50, F|100/100\n|turn|6\n|\n|t:|1776570411\n|move|p2b: Alakazam|Dazzling Gleam|p1b: Kingambit|[spread] p1a,p1b\n|-damage|p1a: Primarina|67/100\n|-damage|p1b: Kingambit|50/100\n|move|p1a: Primarina|Moonblast|p2a: Drampa\n|-supereffective|p2a: Drampa|1\n|-damage|p2a: Drampa|0 fnt\n|faint|p2a: Drampa\n|move|p1b: Kingambit|Iron Head|p2b: Alakazam\n|-damage|p2b: Alakazam|0 fnt\n|faint|p2b: Alakazam\n|\n|-heal|p1b: Kingambit|57/100|[from] item: Leftovers\n|-sideend|p2: procouto|Reflect\n|upkeep\n|\n|t:|1776570423\n|switch|p2b: Pelipper|Pelipper, L50, M|100/100\n|-weather|RainDance|[from] ability: Drizzle|[of] p2b: Pelipper\n|turn|7\n|\n|t:|1776570436\n|move|p1b: Kingambit|Sucker Punch|p2b: Pelipper\n|-damage|p2b: Pelipper|28/100\n|move|p1a: Primarina|Moonblast|p2b: Pelipper\n|-damage|p2b: Pelipper|0 fnt\n|faint|p2b: Pelipper\n|\n|win|snodlop\n|raw|snodlop's rating: 1127 &rarr; <strong>1152</strong><br />(+25 for winning)\n|raw|procouto's rating: 1129 &rarr; <strong>1104</strong><br />(-25 for losing)\n|l|\u2606procouto\n|player|p2|\n",
  "uploadtime": 1776570443,
  "views": 15,
  "formatid": "gen9championsvgc2026regma",
  "rating": 1104,
  "private": 0,
  "password": null
}