{
  "id": "gen9championsvgc2026regma-2582924202",
  "format": "[Gen 9 Champions] VGC 2026 Reg M-A",
  "players": [
    "lavosg",
    "sergent saumon"
  ],
  "log": "|j|\u203dlavosg\n|j|\u2606sergent saumon\n|t:|1776125422\n|gametype|doubles\n|player|p1|lavosg|emmet|1023\n|player|p2|sergent saumon|elesa|1087\n|gen|9\n|tier|[Gen 9 Champions] VGC 2026 Reg M-A\n|rated|\n|rule|Species Clause: Limit one of each Pok\u00e9mon\n|rule|Item Clause: Limit 1 of each item\n|clearpoke\n|poke|p1|Gengar, L50, M|\n|poke|p1|Incineroar, L50, F|\n|poke|p1|Basculegion, L50, M|\n|poke|p1|Sneasler, L50, F|\n|poke|p1|Aerodactyl, L50, M|\n|poke|p1|Heliolisk, L50, M|\n|poke|p2|Chandelure, L50, F|\n|poke|p2|Zoroark-Hisui, L50, F|\n|poke|p2|Basculegion, L50, M|\n|poke|p2|Ninetales-Alola, L50, F|\n|poke|p2|Whimsicott, L50, M|\n|poke|p2|Kommo-o, L50, M|\n|teampreview|4\n|inactive|Battle timer is ON: inactive players will automatically lose when time's up. (requested by lavosg)\n|inactive|sergent saumon has 60 seconds left.\n|\n|t:|1776125458\n|teamsize|p1|4\n|teamsize|p2|4\n|start\n|switch|p1a: Gengar|Gengar, L50, M|100/100\n|switch|p1b: Heliolisk|Heliolisk, L50, M|100/100\n|switch|p2a: Chandelure|Chandelure, L50, F, shiny|100/100\n|switch|p2b: Whimsicott|Whimsicott, L50, M, shiny|100/100\n|turn|1\n|\n|t:|1776125478\n|detailschange|p1a: Gengar|Gengar-Mega, L50, M\n|-mega|p1a: Gengar|Gengar|Gengarite\n|move|p1b: Heliolisk|Ally Switch|p1b: Heliolisk\n|swap|p1b: Heliolisk|0|[from] move: Ally Switch\n|move|p2b: Whimsicott|Tailwind|p2b: Whimsicott\n|-sidestart|p2: sergent saumon|move: Tailwind\n|move|p2a: Chandelure|Nasty Plot|p2a: Chandelure\n|-boost|p2a: Chandelure|spa|2\n|move|p1b: Gengar|Shadow Ball|p2a: Chandelure\n|-immune|p2a: Chandelure\n|\n|upkeep\n|turn|2\n|inactive|sergent saumon has 30 seconds left.\n|inactive|lavosg has 30 seconds left.\n|inactive|sergent saumon has 20 seconds left.\n|\n|t:|1776125516\n|switch|p1b: Incineroar|Incineroar, L50, F|100/100\n|-ability|p1b: Incineroar|Intimidate|boost\n|-unboost|p2a: Chandelure|atk|1\n|-unboost|p2b: Whimsicott|atk|1\n|move|p2b: Whimsicott|Encore|p1b: Incineroar\n|-hint|Since gen 7, Dark is immune to Prankster moves.\n|-immune|p1b: Incineroar\n|move|p2a: Chandelure|Shadow Ball|p1b: Incineroar\n|-resisted|p1b: Incineroar|1\n|-damage|p1b: Incineroar|69/100\n|-unboost|p1b: Incineroar|spd|1\n|move|p1a: Heliolisk|Shed Tail|p1a: Heliolisk\n|-start|p1a: Heliolisk|Substitute|[from] move: Shed Tail\n|-damage|p1a: Heliolisk|50/100\n|-enditem|p1a: Heliolisk|Sitrus Berry|[eat]\n|-heal|p1a: Heliolisk|75/100|[from] item: Sitrus Berry\n|\n|t:|1776125530\n|switch|p1a: Basculegion|Basculegion, L50, M|100/100|[from] Shed Tail\n|\n|upkeep\n|turn|3\n|inactive|lavosg has 30 seconds left.\n|inactive|sergent saumon has 30 seconds left.\n|\n|t:|1776125560\n|move|p1b: Incineroar|Fake Out|p2b: Whimsicott\n|-damage|p2b: Whimsicott|90/100\n|move|p2a: Chandelure|Shadow Ball|p1a: Basculegion\n|-supereffective|p1a: Basculegion|1\n|-end|p1a: Basculegion|Substitute\n|cant|p2b: Whimsicott|flinch\n|move|p1a: Basculegion|Wave Crash|p2a: Chandelure\n|-enditem|p2a: Chandelure|Focus Sash\n|-damage|p2a: Chandelure|1/100\n|replace|p2a: Zoroark|Zoroark-Hisui, L50, F\n|-end|p2a: Zoroark|Illusion\n|-damage|p1a: Basculegion|78/100|[from] Recoil\n|\n|upkeep\n|turn|4\n|inactive|sergent saumon has 30 seconds left.\n|\n|t:|1776125588\n|switch|p1a: Heliolisk|Heliolisk, L50, M|75/100\n|move|p2a: Zoroark|Shadow Ball|p1b: Incineroar\n|-resisted|p1b: Incineroar|1\n|-damage|p1b: Incineroar|26/100\n|move|p2b: Whimsicott|Moonblast|p1b: Incineroar\n|-damage|p1b: Incineroar|0 fnt\n|faint|p1b: Incineroar\n|\n|-sideend|p2: sergent saumon|move: Tailwind\n|upkeep\n|\n|t:|1776125602\n|switch|p1b: Basculegion|Basculegion, L50, M|78/100\n|turn|5\n|\n|t:|1776125616\n|move|p1b: Basculegion|Flip Turn|p2a: Zoroark\n|-damage|p2a: Zoroark|0 fnt\n|faint|p2a: Zoroark\n|\n|t:|1776125624\n|switch|p1b: Gengar|Gengar-Mega, L50, M|100/100|[from] Flip Turn\n|move|p1a: Heliolisk|Thunderbolt|p2b: Whimsicott\n|-resisted|p2b: Whimsicott|1\n|-damage|p2b: Whimsicott|70/100\n|move|p2b: Whimsicott|Moonblast|p1a: Heliolisk\n|-damage|p1a: Heliolisk|47/100\n|\n|upkeep\n|\n|t:|1776125632\n|switch|p2a: Chandelure|Chandelure, L50, F, shiny|100/100\n|turn|6\n|\n|t:|1776125641\n|detailschange|p2a: Chandelure|Chandelure-Mega, L50, F, shiny\n|-mega|p2a: Chandelure|Chandelure|Chandelurite\n|move|p1a: Heliolisk|Ally Switch|p1a: Heliolisk\n|swap|p1a: Heliolisk|1|[from] move: Ally Switch\n|move|p2b: Whimsicott|Tailwind|p2b: Whimsicott\n|-sidestart|p2: sergent saumon|move: Tailwind\n|move|p2a: Chandelure|Heat Wave|p1a: Gengar|[spread] p1a,p1b\n|-damage|p1a: Gengar|47/100\n|-damage|p1b: Heliolisk|0 fnt\n|-status|p1a: Gengar|brn\n|faint|p1b: Heliolisk\n|move|p1a: Gengar|Shadow Ball|p2a: Chandelure\n|-supereffective|p2a: Chandelure|1\n|-damage|p2a: Chandelure|2/100\n|\n|-damage|p1a: Gengar|41/100 brn|[from] brn\n|upkeep\n|\n|t:|1776125654\n|switch|p1b: Basculegion|Basculegion, L50, M|78/100\n|turn|7\n|\n|t:|1776125665\n|move|p1a: Gengar|Protect|p1a: Gengar\n|-singleturn|p1a: Gengar|Protect\n|move|p2b: Whimsicott|Moonblast|p1b: Basculegion\n|-damage|p1b: Basculegion|49/100\n|move|p2a: Chandelure|Shadow Ball|p1b: Basculegion\n|-supereffective|p1b: Basculegion|1\n|-damage|p1b: Basculegion|0 fnt\n|faint|p1b: Basculegion\n|\n|-damage|p1a: Gengar|35/100 brn|[from] brn\n|upkeep\n|turn|8\n|-message|lavosg forfeited.\n|\n|win|sergent saumon\n|raw|lavosg's rating: 1023 &rarr; <strong>1012</strong><br />(-11 for losing)\n|raw|sergent saumon's rating: 1087 &rarr; <strong>1109</strong><br />(+22 for winning)\n|l|\u203dlavosg\n|player|p1|\n",
  "uploadtime": 1776125777,
  "views": 17,
  "formatid": "gen9championsvgc2026regma",
  "rating": 1012,
  "private": 0,
  "password": null
}