{
  "id": "gen9championsvgc2026regma-2586846002",
  "format": "[Gen 9 Champions] VGC 2026 Reg M-A",
  "players": [
    "TaanWallbanks",
    "Bacowl"
  ],
  "log": "|j|\u2606TaanWallbanks\n|j|\u2606Bacowl\n|t:|1776464841\n|gametype|doubles\n|player|p1|TaanWallbanks|pokemaniac|1071\n|player|p2|Bacowl|bugcatcher-gen4dp|1175\n|gen|9\n|tier|[Gen 9 Champions] VGC 2026 Reg M-A\n|rated|\n|rule|Species Clause: Limit one of each Pok\u00e9mon\n|rule|Item Clause: Limit 1 of each item\n|clearpoke\n|poke|p1|Victreebel, L50, F|\n|poke|p1|Samurott-Hisui, L50, F|\n|poke|p1|Sinistcha, L50|\n|poke|p1|Incineroar, L50, M|\n|poke|p1|Politoed, L50, F|\n|poke|p1|Archaludon, L50, M|\n|poke|p2|Floette-Eternal, L50, F|\n|poke|p2|Crabominable, L50, M|\n|poke|p2|Farigiraf, L50, F|\n|poke|p2|Alakazam, L50, F|\n|poke|p2|Abomasnow, L50, M|\n|poke|p2|Mr. Rime, L50, F|\n|teampreview|4\n|\n|t:|1776464890\n|teamsize|p1|4\n|teamsize|p2|4\n|start\n|switch|p1a: Victreebel|Victreebel, L50, F|100/100\n|switch|p1b: Archaludon|Archaludon, L50, M|100/100\n|switch|p2a: Farigiraf|Farigiraf, L50, F|100/100\n|switch|p2b: Mr. Rime|Mr. Rime, L50, F|100/100\n|turn|1\n|\n|t:|1776464918\n|move|p2b: Mr. Rime|Fake Out|p1a: Victreebel\n|-damage|p1a: Victreebel|93/100\n|move|p1b: Archaludon|Flash Cannon|p2b: Mr. Rime\n|-supereffective|p2b: Mr. Rime|1\n|-damage|p2b: Mr. Rime|36/100\n|cant|p1a: Victreebel|flinch\n|move|p2a: Farigiraf|Trick Room|p2a: Farigiraf\n|-fieldstart|move: Trick Room|[of] p2a: Farigiraf\n|\n|upkeep\n|turn|2\n|\n|t:|1776464936\n|switch|p2a: Crabominable|Crabominable, L50, M|100/100\n|detailschange|p1a: Victreebel|Victreebel-Mega, L50, F\n|-mega|p1a: Victreebel|Victreebel|Victreebelite\n|move|p2b: Mr. Rime|Frost Breath|p2a: Crabominable|[miss]\n|-miss|p2b: Mr. Rime|p2a: Crabominable\n|move|p1a: Victreebel|Toxic|p2a: Crabominable\n|-status|p2a: Crabominable|tox\n|move|p1b: Archaludon|Flash Cannon|p2b: Mr. Rime\n|-supereffective|p2b: Mr. Rime|1\n|-damage|p2b: Mr. Rime|0 fnt\n|faint|p2b: Mr. Rime\n|\n|-damage|p2a: Crabominable|95/100 tox|[from] psn\n|upkeep\n|\n|t:|1776464945\n|switch|p2b: Abomasnow|Abomasnow, L50, M|100/100\n|-weather|Snowscape|[from] ability: Snow Warning|[of] p2b: Abomasnow\n|turn|3\n|\n|t:|1776464982\n|move|p1b: Archaludon|Protect|p1b: Archaludon\n|-singleturn|p1b: Archaludon|Protect\n|move|p2a: Crabominable|Ice Hammer|p1b: Archaludon\n|-activate|p1b: Archaludon|move: Protect\n|move|p2b: Abomasnow|Frost Breath|p2a: Crabominable|[miss]\n|-miss|p2b: Abomasnow|p2a: Crabominable\n|move|p1a: Victreebel|Toxic|p2b: Abomasnow\n|-status|p2b: Abomasnow|tox\n|\n|-weather|Snowscape|[upkeep]\n|-damage|p2a: Crabominable|83/100 tox|[from] psn\n|-damage|p2b: Abomasnow|94/100 tox|[from] psn\n|upkeep\n|turn|4\n|\n|t:|1776465006\n|switch|p1b: Politoed|Politoed, L50, F|100/100\n|-weather|RainDance|[from] ability: Drizzle|[of] p1b: Politoed\n|move|p2a: Crabominable|Ice Hammer|p1b: Politoed\n|-resisted|p1b: Politoed|1\n|-damage|p1b: Politoed|71/100\n|-unboost|p2a: Crabominable|spe|1\n|move|p2b: Abomasnow|Frost Breath|p2a: Crabominable\n|-resisted|p2a: Crabominable|1\n|-crit|p2a: Crabominable\n|-damage|p2a: Crabominable|67/100 tox\n|-setboost|p2a: Crabominable|atk|6|[from] ability: Anger Point\n|move|p1a: Victreebel|Venoshock|p2b: Abomasnow\n|-supereffective|p2b: Abomasnow|1\n|-damage|p2b: Abomasnow|9/100 tox\n|\n|-weather|RainDance|[upkeep]\n|-damage|p2a: Crabominable|49/100 tox|[from] psn\n|-damage|p2b: Abomasnow|0 fnt|[from] psn\n|faint|p2b: Abomasnow\n|upkeep\n|\n|t:|1776465013\n|switch|p2b: Farigiraf|Farigiraf, L50, F|100/100\n|turn|5\n|\n|t:|1776465050\n|move|p2a: Crabominable|Rock Slide|p1a: Victreebel|[spread] p1a,p1b\n|-damage|p1a: Victreebel|33/100\n|-damage|p1b: Politoed|0 fnt\n|faint|p1b: Politoed\n|move|p2b: Farigiraf|Psychic|p1a: Victreebel\n|-supereffective|p1a: Victreebel|1\n|-damage|p1a: Victreebel|0 fnt\n|-damage|p2b: Farigiraf|74/100|[from] ability: Innards Out|[of] p1a: Victreebel\n|faint|p1a: Victreebel\n|\n|-weather|RainDance|[upkeep]\n|-damage|p2a: Crabominable|25/100 tox|[from] psn\n|-fieldend|move: Trick Room\n|upkeep\n|\n|t:|1776465064\n|switch|p1b: Archaludon|Archaludon, L50, M|100/100\n|switch|p1a: Samurott|Samurott-Hisui, L50, F|100/100\n|turn|6\n|\n|t:|1776465078\n|detailschange|p2a: Crabominable|Crabominable-Mega, L50, M\n|-mega|p2a: Crabominable|Crabominable|Crabominite\n|move|p1a: Samurott|Detect|p1a: Samurott\n|-singleturn|p1a: Samurott|Protect\n|move|p1b: Archaludon|Protect|p1b: Archaludon\n|-singleturn|p1b: Archaludon|Protect\n|move|p2b: Farigiraf|Hyper Voice|p1b: Archaludon|[spread] \n|-activate|p1a: Samurott|move: Protect\n|-activate|p1b: Archaludon|move: Protect\n|move|p2a: Crabominable|Earthquake|p1a: Samurott|[spread] p2b\n|-activate|p1a: Samurott|move: Protect\n|-activate|p1b: Archaludon|move: Protect\n|-damage|p2b: Farigiraf|0 fnt\n|faint|p2b: Farigiraf\n|\n|-weather|RainDance|[upkeep]\n|-damage|p2a: Crabominable|0 fnt|[from] psn\n|faint|p2a: Crabominable\n|\n|win|TaanWallbanks\n|raw|TaanWallbanks's rating: 1071 &rarr; <strong>1109</strong><br />(+38 for winning)\n|raw|Bacowl's rating: 1175 &rarr; <strong>1143</strong><br />(-32 for losing)\n|l|\u2606Bacowl\n|player|p2|\n",
  "uploadtime": 1776465115,
  "views": 25,
  "formatid": "gen9championsvgc2026regma",
  "rating": 1109,
  "private": 0,
  "password": null
}