{
  "id": "gen9championsvgc2026regma-2585164621",
  "format": "[Gen 9 Champions] VGC 2026 Reg M-A",
  "players": [
    "Phillip Blevin",
    "oppspotta"
  ],
  "log": "|j|\u2606Phillip Blevin\n|j|\u2606oppspotta\n|t:|1776319814\n|gametype|doubles\n|player|p1|Phillip Blevin|cynthia-masters4|1191\n|player|p2|oppspotta|burglar|1254\n|gen|9\n|tier|[Gen 9 Champions] VGC 2026 Reg M-A\n|rated|\n|rule|Species Clause: Limit one of each Pok\u00e9mon\n|rule|Item Clause: Limit 1 of each item\n|clearpoke\n|poke|p1|Ceruledge, L50, M|\n|poke|p1|Corviknight, L50, M|\n|poke|p1|Garchomp, L50, F|\n|poke|p1|Arcanine-Hisui, L50, F|\n|poke|p1|Froslass, L50, F|\n|poke|p1|Rotom-Wash, L50|\n|poke|p2|Aggron, L50, M|\n|poke|p2|Basculegion, L50, M|\n|poke|p2|Archaludon, L50, F|\n|poke|p2|Aerodactyl, L50, M|\n|poke|p2|Pelipper, L50, M|\n|poke|p2|Chesnaught, L50, F|\n|teampreview|4\n|inactive|Battle timer is ON: inactive players will automatically lose when time's up. (requested by Phillip Blevin)\nPhillip Blevin has agreed to open team sheets.\n|inactive|Phillip Blevin has 60 seconds left.\n|inactive|oppspotta has 60 seconds left.\n|\n|t:|1776319864\n|teamsize|p1|4\n|teamsize|p2|4\n|start\n|switch|p1a: Rotom|Rotom-Wash, L50|100/100\n|switch|p1b: Garchomp|Garchomp, L50, F|100/100\n|switch|p2a: Aggron|Aggron, L50, M|100/100\n|switch|p2b: Basculegion|Basculegion, L50, M|100/100\n|turn|1\n|\n|t:|1776319886\n|detailschange|p2a: Aggron|Aggron-Mega, L50, M\n|-mega|p2a: Aggron|Aggron|Aggronite\n|move|p1b: Garchomp|Protect|p1b: Garchomp\n|-singleturn|p1b: Garchomp|Protect\n|move|p2a: Aggron|Protect|p2a: Aggron\n|-singleturn|p2a: Aggron|Protect\n|move|p1a: Rotom|Electroweb|p2a: Aggron|[spread] p2b\n|-activate|p2a: Aggron|move: Protect\n|-supereffective|p2b: Basculegion|1\n|-damage|p2b: Basculegion|69/100\n|-unboost|p2b: Basculegion|spe|1\n|move|p2b: Basculegion|Flip Turn|p1b: Garchomp\n|-activate|p1b: Garchomp|move: Protect\n|\n|upkeep\n|turn|2\n|inactive|Phillip Blevin has 30 seconds left.\n|inactive|oppspotta has 30 seconds left.\n|l|\u2606Phillip Blevin\n|inactive|Phillip Blevin disconnected and has a minute to reconnect!\n|player|p1|\n|j|\u2606Phillip Blevin\n|inactive|Phillip Blevin reconnected and has 25 seconds left.\n|player|p1|Phillip Blevin|cynthia-masters4|\n|inactive|Phillip Blevin has 20 seconds left.\n|inactive|oppspotta has 20 seconds left.\n|inactive|Phillip Blevin has 15 seconds left.\n|inactive|oppspotta has 15 seconds left.\n|inactive|Phillip Blevin has 10 seconds left.\n|inactive|oppspotta has 10 seconds left.\n|\n|t:|1776319933\n|switch|p2b: Pelipper|Pelipper, L50, M|100/100\n|-weather|RainDance|[from] ability: Drizzle|[of] p2b: Pelipper\n|move|p1a: Rotom|Electroweb|p2b: Pelipper|[spread] p2a,p2b\n|-supereffective|p2b: Pelipper|2\n|-enditem|p2b: Pelipper|Wacan Berry|[eat]\n|-enditem|p2b: Pelipper|Wacan Berry|[weaken]\n|-damage|p2a: Aggron|88/100\n|-damage|p2b: Pelipper|50/100\n|-unboost|p2a: Aggron|spe|1\n|-unboost|p2b: Pelipper|spe|1\n|move|p1b: Garchomp|Earthquake|p2a: Aggron|[spread] p2a\n|-immune|p1a: Rotom|[from] ability: Levitate\n|-immune|p2b: Pelipper\n|-supereffective|p2a: Aggron|1\n|-damage|p2a: Aggron|55/100\n|move|p2a: Aggron|Body Press|p1b: Garchomp\n|-damage|p1b: Garchomp|58/100\n|-damage|p2a: Aggron|43/100|[from] ability: Rough Skin|[of] p1b: Garchomp\n|\n|-weather|RainDance|[upkeep]\n|upkeep\n|turn|3\n|inactive|oppspotta has 30 seconds left.\n|\n|t:|1776319960\n|move|p1a: Rotom|Electroweb|p2a: Aggron|[spread] p2b\n|-miss|p1a: Rotom|p2a: Aggron\n|-supereffective|p2b: Pelipper|2\n|-damage|p2b: Pelipper|0 fnt\n|faint|p2b: Pelipper\n|move|p1b: Garchomp|Earthquake|p2a: Aggron|[spread] p2a\n|-immune|p1a: Rotom|[from] ability: Levitate\n|-supereffective|p2a: Aggron|1\n|-damage|p2a: Aggron|9/100\n|move|p2a: Aggron|Body Press|p1b: Garchomp\n|-damage|p1b: Garchomp|21/100\n|-damage|p2a: Aggron|0 fnt|[from] ability: Rough Skin|[of] p1b: Garchomp\n|faint|p2a: Aggron\n|\n|-weather|RainDance|[upkeep]\n|upkeep\n|\n|t:|1776319964\n|switch|p2b: Basculegion|Basculegion, L50, M|69/100\n|switch|p2a: Archaludon|Archaludon, L50, F|100/100\n|turn|4\n|inactive|Phillip Blevin has 30 seconds left.\n|\n|t:|1776319999\n|move|p1a: Rotom|Electroweb|p2a: Archaludon|[spread] p2a,p2b\n|-resisted|p2a: Archaludon|1\n|-supereffective|p2b: Basculegion|1\n|-damage|p2a: Archaludon|88/100\n|-damage|p2b: Basculegion|32/100\n|-unboost|p2a: Archaludon|spe|1\n|-unboost|p2b: Basculegion|spe|1\n|-ability|p2a: Archaludon|Stamina|boost\n|-boost|p2a: Archaludon|def|1\n|move|p1b: Garchomp|Earthquake|p2a: Archaludon|[spread] p2a,p2b\n|-immune|p1a: Rotom|[from] ability: Levitate\n|-supereffective|p2a: Archaludon|1\n|-damage|p2a: Archaludon|33/100\n|-damage|p2b: Basculegion|0 fnt\n|-ability|p2a: Archaludon|Stamina|boost\n|-boost|p2a: Archaludon|def|1\n|faint|p2b: Basculegion\n|move|p2a: Archaludon|Draco Meteor|p1b: Garchomp\n|-supereffective|p1b: Garchomp|1\n|-damage|p1b: Garchomp|0 fnt\n|-unboost|p2a: Archaludon|spa|2\n|faint|p1b: Garchomp\n|\n|-weather|RainDance|[upkeep]\n|upkeep\n|\n|t:|1776320004\n|switch|p1b: Froslass|Froslass, L50, F|100/100\n|turn|5\n|-message|oppspotta forfeited.\n|\n|win|Phillip Blevin\n|raw|Phillip Blevin's rating: 1191 &rarr; <strong>1220</strong><br />(+29 for winning)\n|raw|oppspotta's rating: 1254 &rarr; <strong>1225</strong><br />(-29 for losing)\n",
  "uploadtime": 1776320010,
  "views": 45,
  "formatid": "gen9championsvgc2026regma",
  "rating": 1220,
  "private": 0,
  "password": null
}