{
  "id": "gen9championsvgc2026regma-2583707383",
  "format": "[Gen 9 Champions] VGC 2026 Reg M-A",
  "players": [
    "SoyGomezLoco",
    "bertoskyT"
  ],
  "log": "|j|\u2606SoyGomezLoco\n|j|\u2606bertoskyT\n|t:|1776192304\n|gametype|doubles\n|player|p1|SoyGomezLoco|hiker-gen4|1081\n|player|p2|bertoskyT|ethan|1122\n|gen|9\n|tier|[Gen 9 Champions] VGC 2026 Reg M-A\n|rated|\n|rule|Species Clause: Limit one of each Pok\u00e9mon\n|rule|Item Clause: Limit 1 of each item\n|clearpoke\n|poke|p1|Alakazam, L50, M|\n|poke|p1|Drampa, L50, M|\n|poke|p1|Sinistcha, L50|\n|poke|p1|Basculegion, L50, M|\n|poke|p1|Pelipper, L50, M|\n|poke|p1|Scizor, L50, M|\n|poke|p2|Pelipper, L50, M|\n|poke|p2|Beartic, L50, M|\n|poke|p2|Archaludon, L50, F|\n|poke|p2|Lucario, L50, F|\n|poke|p2|Basculegion, L50, M|\n|poke|p2|Farigiraf, L50, F|\n|teampreview|4\n|\n|t:|1776192347\n|teamsize|p1|4\n|teamsize|p2|4\n|start\n|switch|p1a: Tio Drampa|Drampa, L50, M|100/100\n|switch|p1b: ELMago|Alakazam, L50, M, shiny|100/100\n|switch|p2a: Archaludon|Archaludon, L50, F|100/100\n|switch|p2b: Farigiraf|Farigiraf, L50, F|100/100\n|turn|1\n|\n|t:|1776192373\n|detailschange|p1a: Tio Drampa|Drampa-Mega, L50, M\n|-mega|p1a: Tio Drampa|Drampa|Drampanite\n|move|p1b: ELMago|Speed Swap|p1a: Tio Drampa\n|-activate|p1b: ELMago|move: Speed Swap|[of] p1a: Tio Drampa\n|move|p1a: Tio Drampa|Calm Mind|p1a: Tio Drampa\n|-boost|p1a: Tio Drampa|spa|1\n|-boost|p1a: Tio Drampa|spd|1\n|move|p2a: Archaludon|Flash Cannon|p1b: ELMago\n|-crit|p1b: ELMago\n|-damage|p1b: ELMago|42/100\n|move|p2b: Farigiraf|Hyper Voice|p1b: ELMago|[spread] p1a,p1b\n|-damage|p1a: Tio Drampa|87/100\n|-damage|p1b: ELMago|14/100\n|\n|upkeep\n|turn|2\n|\n|t:|1776192404\n|move|p1a: Tio Drampa|Earth Power|p2a: Archaludon\n|-supereffective|p2a: Archaludon|1\n|-damage|p2a: Archaludon|0 fnt\n|faint|p2a: Archaludon\n|move|p2b: Farigiraf|Hyper Voice|p1a: Tio Drampa|[spread] p1a,p1b\n|-damage|p1a: Tio Drampa|73/100\n|-damage|p1b: ELMago|0 fnt\n|faint|p1b: ELMago\n|\n|upkeep\n|\n|t:|1776192416\n|switch|p1b: CapituloMuerto|Basculegion, L50, M|100/100\n|switch|p2a: Basculegion|Basculegion, L50, M|100/100\n|turn|3\n|\n|t:|1776192428\n|move|p2a: Basculegion|Ice Fang|p1a: Tio Drampa\n|-supereffective|p1a: Tio Drampa|1\n|-damage|p1a: Tio Drampa|36/100\n|-ability|p1a: Tio Drampa|Berserk|boost\n|-boost|p1a: Tio Drampa|spa|1\n|move|p1a: Tio Drampa|Hyper Voice|p2a: Basculegion|[spread] p2b\n|-immune|p2a: Basculegion\n|-damage|p2b: Farigiraf|26/100\n|move|p1b: CapituloMuerto|Last Respects|p2a: Basculegion\n|-supereffective|p2a: Basculegion|1\n|-damage|p2a: Basculegion|0 fnt\n|faint|p2a: Basculegion\n|move|p2b: Farigiraf|Trick Room|p2b: Farigiraf\n|-fieldstart|move: Trick Room|[of] p2b: Farigiraf\n|\n|upkeep\n|\n|t:|1776192432\n|switch|p2a: Lucario|Lucario, L50, F|100/100\n|turn|4\n|\n|t:|1776192496\n|detailschange|p2a: Lucario|Lucario-Mega, L50, F\n|-mega|p2a: Lucario|Lucario|Lucarionite\n|move|p2a: Lucario|Vacuum Wave|p1a: Tio Drampa\n|-supereffective|p1a: Tio Drampa|1\n|-damage|p1a: Tio Drampa|0 fnt\n|faint|p1a: Tio Drampa\n|move|p2b: Farigiraf|Psychic|p1b: CapituloMuerto\n|-damage|p1b: CapituloMuerto|63/100\n|move|p1b: CapituloMuerto|Wave Crash|p2b: Farigiraf\n|-damage|p2b: Farigiraf|0 fnt\n|faint|p2b: Farigiraf\n|-damage|p1b: CapituloMuerto|53/100|[from] Recoil\n|\n|upkeep\n|\n|t:|1776192510\n|switch|p1a: Escusado|Pelipper, L50, M|100/100\n|-weather|RainDance|[from] ability: Drizzle|[of] p1a: Escusado\n|turn|5\n|\n|t:|1776192522\n|move|p1a: Escusado|Hurricane|p2a: Lucario\n|-damage|p2a: Lucario|34/100\n|-start|p2a: Lucario|confusion\n|-activate|p2a: Lucario|confusion\n|-damage|p2a: Lucario|16/100|[from] confusion\n|move|p1b: CapituloMuerto|Last Respects|p2a: Lucario\n|-damage|p2a: Lucario|0 fnt\n|faint|p2a: Lucario\n|\n|win|SoyGomezLoco\n|raw|SoyGomezLoco's rating: 1081 &rarr; <strong>1112</strong><br />(+31 for winning)\n|raw|bertoskyT's rating: 1122 &rarr; <strong>1094</strong><br />(-28 for losing)\n|l|\u2606bertoskyT\n|player|p2|\n",
  "uploadtime": 1776192782,
  "views": 15,
  "formatid": "gen9championsvgc2026regma",
  "rating": 1094,
  "private": 0,
  "password": null
}