{
  "id": "gen9championsvgc2026regma-2580941413",
  "format": "[Gen 9 Champions] VGC 2026 Reg M-A",
  "players": [
    "Colbur Barry",
    "mr brewster"
  ],
  "log": "|j|\u2606Colbur Barry\n|j|\u2606mr brewster\n|t:|1775945228\n|gametype|doubles\n|player|p1|Colbur Barry|grimsley|1124\n|player|p2|mr brewster|102|1192\n|gen|9\n|tier|[Gen 9 Champions] VGC 2026 Reg M-A\n|rated|\n|rule|Species Clause: Limit one of each Pok\u00e9mon\n|rule|Item Clause: Limit 1 of each item\n|clearpoke\n|poke|p1|Pelipper, L50, M|\n|poke|p1|Meganium, L50, F|\n|poke|p1|Archaludon, L50, M|\n|poke|p1|Gallade, L50, M|\n|poke|p1|Araquanid, L50, F|\n|poke|p1|Bellibolt, L50, F|\n|poke|p2|Incineroar, L50, M|\n|poke|p2|Victreebel, L50, F|\n|poke|p2|Pelipper, L50, F|\n|poke|p2|Archaludon, L50, F|\n|poke|p2|Sneasler, L50, M|\n|poke|p2|Basculegion, L50, M|\n|teampreview|4\n|inactive|Battle timer is ON: inactive players will automatically lose when time's up. (requested by mr brewster)\n|\n|t:|1775945276\n|teamsize|p1|4\n|teamsize|p2|4\n|start\n|switch|p1a: Bellibolt|Bellibolt, L50, F|100/100\n|switch|p1b: Gallade|Gallade, L50, M|100/100\n|switch|p2a: Sneasler|Sneasler, L50, M|100/100\n|switch|p2b: Archaludon|Archaludon, L50, F|100/100\n|turn|1\n|\n|t:|1775945297\n|switch|p2b: Pelipper|Pelipper, L50, F|100/100\n|-weather|RainDance|[from] ability: Drizzle|[of] p2b: Pelipper\n|move|p2a: Sneasler|Fake Out|p1a: Bellibolt\n|-damage|p1a: Bellibolt|89/100\n|-start|p1a: Bellibolt|Charge|Fake Out|[from] ability: Electromorphosis\n|move|p1b: Gallade|Psycho Cut|p2a: Sneasler\n|-supereffective|p2a: Sneasler|2\n|-crit|p2a: Sneasler\n|-damage|p2a: Sneasler|0 fnt\n|faint|p2a: Sneasler\n|cant|p1a: Bellibolt|flinch\n|\n|-weather|RainDance|[upkeep]\n|-heal|p1a: Bellibolt|95/100|[from] item: Leftovers\n|upkeep\n|\n|t:|1775945315\n|switch|p2a: Basculegion|Basculegion, L50, M|100/100\n|turn|2\n|\n|t:|1775945326\n|move|p2b: Pelipper|Protect|p2b: Pelipper\n|-singleturn|p2b: Pelipper|Protect\n|move|p2a: Basculegion|Flip Turn|p1b: Gallade\n|-damage|p1b: Gallade|40/100\n|\n|t:|1775945332\n|switch|p2a: Archaludon|Archaludon, L50, F|100/100|[from] Flip Turn\n|move|p1a: Bellibolt|Reflect|p1a: Bellibolt\n|-sidestart|p1: Colbur Barry|Reflect\n|move|p1b: Gallade|Trick Room|p1b: Gallade\n|-fieldstart|move: Trick Room|[of] p1b: Gallade\n|\n|-weather|RainDance|[upkeep]\n|-heal|p1a: Bellibolt|100/100|[from] item: Leftovers\n|upkeep\n|turn|3\n|\n|t:|1775945348\n|move|p2a: Archaludon|Protect|p2a: Archaludon\n|-singleturn|p2a: Archaludon|Protect\n|move|p1a: Bellibolt|Thunder|p2b: Pelipper\n|-supereffective|p2b: Pelipper|2\n|-enditem|p2b: Pelipper|Focus Sash\n|-damage|p2b: Pelipper|1/100\n|-status|p2b: Pelipper|par\n|-end|p1a: Bellibolt|Charge|[silent]\n|move|p2b: Pelipper|Hurricane|p1b: Gallade\n|-supereffective|p1b: Gallade|1\n|-damage|p1b: Gallade|0 fnt\n|faint|p1b: Gallade\n|\n|-weather|RainDance|[upkeep]\n|upkeep\n|\n|t:|1775945362\n|switch|p1b: Meganium|Meganium, L50, F|100/100\n|turn|4\n|\n|t:|1775945373\n|detailschange|p1b: Meganium|Meganium-Mega, L50, F\n|-mega|p1b: Meganium|Meganium|Meganiumite\n|move|p1a: Bellibolt|Light Screen|p1a: Bellibolt\n|-sidestart|p1: Colbur Barry|move: Light Screen\n|move|p2b: Pelipper|Hurricane|p1b: Meganium\n|-supereffective|p1b: Meganium|1\n|-damage|p1b: Meganium|72/100\n|-start|p1b: Meganium|confusion\n|-activate|p1b: Meganium|confusion\n|move|p1b: Meganium|Dazzling Gleam|p2a: Archaludon|[spread] p2a,p2b\n|-damage|p2a: Archaludon|57/100\n|-damage|p2b: Pelipper|0 fnt\n|-ability|p2a: Archaludon|Stamina|boost\n|-boost|p2a: Archaludon|def|1\n|faint|p2b: Pelipper\n|move|p2a: Archaludon|Electro Shot||[still]\n|-prepare|p2a: Archaludon|Electro Shot\n|-boost|p2a: Archaludon|spa|1\n|-anim|p2a: Archaludon|Electro Shot|p1b: Meganium\n|-resisted|p1b: Meganium|1\n|-damage|p1b: Meganium|58/100\n|\n|-weather|RainDance|[upkeep]\n|upkeep\n|\n|t:|1775945378\n|switch|p2b: Basculegion|Basculegion, L50, M|100/100\n|turn|5\n|\n|t:|1775945399\n|switch|p1b: Archaludon|Archaludon, L50, M|100/100\n|move|p1a: Bellibolt|Thunder|p2b: Basculegion\n|-supereffective|p2b: Basculegion|1\n|-damage|p2b: Basculegion|0 fnt\n|faint|p2b: Basculegion\n|move|p2a: Archaludon|Flash Cannon|p1b: Archaludon\n|-resisted|p1b: Archaludon|1\n|-damage|p1b: Archaludon|72/100\n|-ability|p1b: Archaludon|Stamina|boost\n|-boost|p1b: Archaludon|def|1\n|\n|-weather|none\n|upkeep\n|turn|6\n|-message|mr brewster forfeited.\n|\n|win|Colbur Barry\n|raw|Colbur Barry's rating: 1124 &rarr; <strong>1154</strong><br />(+30 for winning)\n|raw|mr brewster's rating: 1192 &rarr; <strong>1162</strong><br />(-30 for losing)\n|l|\u2606mr brewster\n|player|p2|\n",
  "uploadtime": 1775945431,
  "views": 15,
  "formatid": "gen9championsvgc2026regma",
  "rating": 1154,
  "private": 0,
  "password": null
}