{
  "id": "gen9championsvgc2026regma-2582391256",
  "format": "[Gen 9 Champions] VGC 2026 Reg M-A",
  "players": [
    "wordlebot",
    "G3N13"
  ],
  "log": "|j|\u2606wordlebot\n|j|\u2606G3N13\n|t:|1776088563\n|gametype|doubles\n|player|p1|wordlebot|169|1039\n|player|p2|G3N13|n|1052\n|gen|9\n|tier|[Gen 9 Champions] VGC 2026 Reg M-A\n|rated|\n|rule|Species Clause: Limit one of each Pok\u00e9mon\n|rule|Item Clause: Limit 1 of each item\n|clearpoke\n|poke|p1|Froslass, L50, F|\n|poke|p1|Kingambit, L50, M|\n|poke|p1|Sneasler, L50, M|\n|poke|p1|Palafin, L50, M|\n|poke|p1|Sinistcha, L50|\n|poke|p1|Arcanine-Hisui, L50, M|\n|poke|p2|Incineroar, L50, M|\n|poke|p2|Farigiraf, L50, F|\n|poke|p2|Torkoal, L50, M|\n|poke|p2|Gardevoir, L50, M|\n|poke|p2|Sinistcha, L50|\n|poke|p2|Corviknight, L50, M|\n|teampreview|4\n|inactive|Battle timer is ON: inactive players will automatically lose when time's up. (requested by wordlebot)\n|\n|t:|1776088601\n|teamsize|p1|4\n|teamsize|p2|4\n|start\n|switch|p1a: Kingambit|Kingambit, L50, M|100/100\n|switch|p1b: Sneasler|Sneasler, L50, M|100/100\n|switch|p2a: Incineroar|Incineroar, L50, M, shiny|100/100\n|switch|p2b: Gardevoir|Gardevoir, L50, M, shiny|100/100\n|-ability|p2b: Gardevoir|Defiant|Trace|[from] ability: Trace|[of] p1a: Kingambit\n|-ability|p2a: Incineroar|Intimidate|boost\n|-unboost|p1a: Kingambit|atk|1\n|-ability|p1a: Kingambit|Defiant|boost\n|-boost|p1a: Kingambit|atk|2\n|-unboost|p1b: Sneasler|atk|1\n|-enditem|p1b: Sneasler|White Herb\n|-clearnegativeboost|p1b: Sneasler|[silent]\n|turn|1\n|inactive|wordlebot has 30 seconds left.\n|inactive|wordlebot has 20 seconds left.\n|inactive|G3N13 has 30 seconds left.\n|inactive|G3N13 has 20 seconds left.\n|inactive|G3N13 has 15 seconds left.\n|inactive|G3N13 has 10 seconds left.\n|inactive|G3N13 has 5 seconds left.\n|\n|t:|1776088665\n|switch|p2a: Sinistcha|Sinistcha, L50|100/100\n|detailschange|p2b: Gardevoir|Gardevoir-Mega, L50, M, shiny\n|-mega|p2b: Gardevoir|Gardevoir|Gardevoirite\n|move|p1b: Sneasler|Fake Out|p2a: Sinistcha\n|-immune|p2a: Sinistcha\n|move|p1a: Kingambit|Kowtow Cleave|p2b: Gardevoir\n|-damage|p2b: Gardevoir|10/100\n|move|p2b: Gardevoir|Trick Room|p2b: Gardevoir\n|-fieldstart|move: Trick Room|[of] p2b: Gardevoir\n|\n|upkeep\n|turn|2\n|\n|t:|1776088689\n|move|p2a: Sinistcha|Rage Powder|p2a: Sinistcha\n|-singleturn|p2a: Sinistcha|move: Rage Powder\n|move|p1a: Kingambit|Sucker Punch||[still]\n|-fail|p1a: Kingambit\n|move|p2b: Gardevoir|Psychic|p1b: Sneasler\n|-supereffective|p1b: Sneasler|2\n|-damage|p1b: Sneasler|0 fnt\n|faint|p1b: Sneasler\n|\n|upkeep\n|\n|t:|1776088699\n|switch|p1b: Sinistcha|Sinistcha, L50|100/100\n|turn|3\n|\n|t:|1776088708\n|switch|p2b: Torkoal|Torkoal, L50, M, shiny|100/100\n|-weather|SunnyDay|[from] ability: Drought|[of] p2b: Torkoal\n|move|p1a: Kingambit|Kowtow Cleave|p2b: Torkoal\n|-damage|p2b: Torkoal|39/100\n|move|p2a: Sinistcha|Shadow Ball|p1b: Sinistcha\n|-supereffective|p1b: Sinistcha|1\n|-damage|p1b: Sinistcha|32/100\n|-enditem|p1b: Sinistcha|Sitrus Berry|[eat]\n|-heal|p1b: Sinistcha|56/100|[from] item: Sitrus Berry\n|move|p1b: Sinistcha|Trick Room|p1b: Sinistcha\n|-fieldend|move: Trick Room\n|\n|-weather|SunnyDay|[upkeep]\n|upkeep\n|turn|4\n|inactive|wordlebot has 30 seconds left.\n|\n|t:|1776088738\n|move|p2a: Sinistcha|Shadow Ball|p1b: Sinistcha\n|-supereffective|p1b: Sinistcha|1\n|-damage|p1b: Sinistcha|0 fnt\n|faint|p1b: Sinistcha\n|move|p1a: Kingambit|Kowtow Cleave|p2a: Sinistcha\n|-supereffective|p2a: Sinistcha|1\n|-damage|p2a: Sinistcha|0 fnt\n|faint|p2a: Sinistcha\n|move|p2b: Torkoal|Earth Power|p1a: Kingambit\n|-supereffective|p1a: Kingambit|1\n|-damage|p1a: Kingambit|47/100\n|\n|-weather|SunnyDay|[upkeep]\n|upkeep\n|\n|t:|1776088751\n|switch|p2a: Incineroar|Incineroar, L50, M, shiny|100/100\n|switch|p1b: Froslass|Froslass, L50, F|100/100\n|-ability|p2a: Incineroar|Intimidate|boost\n|-unboost|p1a: Kingambit|atk|1\n|-ability|p1a: Kingambit|Defiant|boost\n|-boost|p1a: Kingambit|atk|2\n|-unboost|p1b: Froslass|atk|1\n|turn|5\n|\n|t:|1776088762\n|move|p1b: Froslass|Protect|p1b: Froslass\n|-singleturn|p1b: Froslass|Protect\n|move|p1a: Kingambit|Protect|p1a: Kingambit\n|-singleturn|p1a: Kingambit|Protect\n|move|p2a: Incineroar|Fake Out|p1a: Kingambit\n|-activate|p1a: Kingambit|move: Protect\n|move|p2b: Torkoal|Earth Power|p1a: Kingambit\n|-activate|p1a: Kingambit|move: Protect\n|\n|-weather|SunnyDay|[upkeep]\n|upkeep\n|turn|6\n|inactive|wordlebot has 30 seconds left.\n|\n|t:|1776088794\n|detailschange|p1b: Froslass|Froslass-Mega, L50, F\n|-mega|p1b: Froslass|Froslass|Froslassite\n|-weather|Snowscape|[from] ability: Snow Warning|[of] p1b: Froslass\n|move|p2b: Torkoal|Protect|p2b: Torkoal\n|-singleturn|p2b: Torkoal|Protect\n|move|p1b: Froslass|Shadow Ball|p2b: Torkoal\n|-activate|p2b: Torkoal|move: Protect\n|move|p2a: Incineroar|Flare Blitz|p1a: Kingambit\n|-supereffective|p1a: Kingambit|1\n|-damage|p1a: Kingambit|0 fnt\n|faint|p1a: Kingambit\n|-damage|p2a: Incineroar|84/100|[from] Recoil\n|\n|-weather|Snowscape|[upkeep]\n|-heal|p2a: Incineroar|89/100|[from] item: Leftovers\n|upkeep\n|turn|7\n|-message|wordlebot forfeited.\n|\n|win|G3N13\n|raw|wordlebot's rating: 1039 &rarr; <strong>1024</strong><br />(-15 for losing)\n|raw|G3N13's rating: 1052 &rarr; <strong>1083</strong><br />(+31 for winning)\n|l|\u2606wordlebot\n|player|p1|\n",
  "uploadtime": 1776088815,
  "views": 11,
  "formatid": "gen9championsvgc2026regma",
  "rating": 1024,
  "private": 0,
  "password": null
}