{
  "id": "gen9championsvgc2026regma-2588010999",
  "format": "[Gen 9 Champions] VGC 2026 Reg M-A",
  "players": [
    "p1xelboi69",
    "Hi jump kicker"
  ],
  "log": "|j|\u2606p1xelboi69\n|j|\u2606Hi jump kicker\n|t:|1776592586\n|gametype|doubles\n|player|p1|p1xelboi69|101|1089\n|player|p2|Hi jump kicker|psychicf-gen4|1106\n|gen|9\n|tier|[Gen 9 Champions] VGC 2026 Reg M-A\n|rated|\n|rule|Species Clause: Limit one of each Pok\u00e9mon\n|rule|Item Clause: Limit 1 of each item\n|clearpoke\n|poke|p1|Froslass, L50, F|\n|poke|p1|Tauros-Paldea-Aqua, L50, M|\n|poke|p1|Kingambit, L50, F|\n|poke|p1|Incineroar, L50, M|\n|poke|p1|Whimsicott, L50, M|\n|poke|p1|Tyranitar, L50, F|\n|poke|p2|Venusaur, L50, M|\n|poke|p2|Charizard, L50, F|\n|poke|p2|Dragapult, L50, M|\n|poke|p2|Archaludon, L50, M|\n|poke|p2|Vanilluxe, L50, F|\n|poke|p2|Sylveon, L50, F|\n|teampreview|4\n|\n|t:|1776592618\n|teamsize|p1|4\n|teamsize|p2|4\n|start\n|switch|p1a: Incineroar|Incineroar, L50, M|100/100\n|switch|p1b: Whimsicott|Whimsicott, L50, M|100/100\n|switch|p2a: Charizard|Charizard, L50, F|100/100\n|switch|p2b: Dragapult|Dragapult, L50, M|100/100\n|-ability|p1a: Incineroar|Intimidate|boost\n|-unboost|p2a: Charizard|atk|1\n|-fail|p2b: Dragapult|unboost|[from] ability: Clear Body|[of] p2b: Dragapult\n|turn|1\n|\n|t:|1776592634\n|detailschange|p2a: Charizard|Charizard-Mega-X, L50, F\n|-mega|p2a: Charizard|Charizard|Charizardite X\n|move|p1a: Incineroar|Fake Out|p2a: Charizard\n|-damage|p2a: Charizard|91/100\n|move|p1b: Whimsicott|Tailwind|p1b: Whimsicott\n|-sidestart|p1: p1xelboi69|move: Tailwind\n|move|p2b: Dragapult|Dragon Cheer|p2a: Charizard\n|-start|p2a: Charizard|move: Dragon Cheer\n|cant|p2a: Charizard|flinch\n|\n|upkeep\n|turn|2\n|\n|t:|1776592716\n|move|p1b: Whimsicott|Moonblast|p2b: Dragapult\n|-supereffective|p2b: Dragapult|1\n|-damage|p2b: Dragapult|28/100\n|move|p1a: Incineroar|Parting Shot|p2b: Dragapult\n|-fail|p2b: Dragapult|unboost|[from] ability: Clear Body|[of] p2b: Dragapult\n|move|p2b: Dragapult|Dragon Darts|p1a: Incineroar\n|-damage|p1a: Incineroar|78/100\n|-anim|p2b: Dragapult|Dragon Darts|p1a: Incineroar\n|-damage|p1a: Incineroar|54/100\n|move|p2a: Charizard|Flame Charge|p1b: Whimsicott\n|-supereffective|p1b: Whimsicott|1\n|-damage|p1b: Whimsicott|39/100\n|-boost|p2a: Charizard|spe|1\n|\n|upkeep\n|turn|3\n|\n|t:|1776592758\n|move|p2b: Dragapult|Protect|p2b: Dragapult\n|-singleturn|p2b: Dragapult|Protect\n|move|p1b: Whimsicott|Moonblast|p2b: Dragapult\n|-activate|p2b: Dragapult|move: Protect\n|move|p1a: Incineroar|Parting Shot|p2a: Charizard\n|-unboost|p2a: Charizard|atk|1\n|-unboost|p2a: Charizard|spa|1\n|\n|t:|1776592766\n|switch|p1a: Tyranitar|Tyranitar, L50, F|100/100|[from] Parting Shot\n|-weather|Sandstorm|[from] ability: Sand Stream|[of] p1a: Tyranitar\n|move|p2a: Charizard|Flame Charge|p1b: Whimsicott\n|-supereffective|p1b: Whimsicott|1\n|-damage|p1b: Whimsicott|0 fnt\n|-boost|p2a: Charizard|spe|1\n|faint|p1b: Whimsicott\n|\n|-weather|Sandstorm|[upkeep]\n|-damage|p2a: Charizard|85/100|[from] Sandstorm\n|-damage|p2b: Dragapult|22/100|[from] Sandstorm\n|upkeep\n|\n|t:|1776592771\n|switch|p1b: Incineroar|Incineroar, L50, M|54/100\n|-ability|p1b: Incineroar|Intimidate|boost\n|-unboost|p2a: Charizard|atk|1\n|-fail|p2b: Dragapult|unboost|[from] ability: Clear Body|[of] p2b: Dragapult\n|turn|4\n|\n|t:|1776592792\n|switch|p2b: Archaludon|Archaludon, L50, M|100/100\n|move|p2a: Charizard|Protect|p2a: Charizard\n|-singleturn|p2a: Charizard|Protect\n|move|p1b: Incineroar|Fake Out|p2a: Charizard\n|-activate|p2a: Charizard|move: Protect\n|move|p1a: Tyranitar|Rock Slide|p2b: Archaludon|[spread] p2b\n|-activate|p2a: Charizard|move: Protect\n|-resisted|p2b: Archaludon|1\n|-damage|p2b: Archaludon|86/100\n|-ability|p2b: Archaludon|Stamina|boost\n|-boost|p2b: Archaludon|def|1\n|\n|-weather|Sandstorm|[upkeep]\n|-damage|p2a: Charizard|79/100|[from] Sandstorm\n|-damage|p1b: Incineroar|49/100|[from] Sandstorm\n|-enditem|p1b: Incineroar|Sitrus Berry|[eat]\n|-heal|p1b: Incineroar|73/100|[from] item: Sitrus Berry\n|-sideend|p1: p1xelboi69|move: Tailwind\n|upkeep\n|turn|5\n|\n|t:|1776592833\n|move|p2a: Charizard|Brick Break|p1a: Tyranitar\n|-supereffective|p1a: Tyranitar|2\n|-damage|p1a: Tyranitar|45/100\n|move|p2b: Archaludon|Flash Cannon|p1a: Tyranitar\n|-supereffective|p1a: Tyranitar|1\n|-damage|p1a: Tyranitar|0 fnt\n|faint|p1a: Tyranitar\n|move|p1b: Incineroar|Parting Shot|p2b: Archaludon\n|-unboost|p2b: Archaludon|atk|1\n|-unboost|p2b: Archaludon|spa|1\n|\n|t:|1776592842\n|switch|p1b: Kingambit|Kingambit, L50, F|100/100|[from] Parting Shot\n|-activate|p1b: Kingambit|ability: Supreme Overlord\n|-start|p1b: Kingambit|fallen2|[silent]\n|\n|-weather|Sandstorm|[upkeep]\n|-damage|p2a: Charizard|73/100|[from] Sandstorm\n|upkeep\n|\n|t:|1776592844\n|switch|p1a: Incineroar|Incineroar, L50, M|73/100\n|-ability|p1a: Incineroar|Intimidate|boost\n|-unboost|p2a: Charizard|atk|1\n|-unboost|p2b: Archaludon|atk|1\n|turn|6\n|\n|t:|1776592881\n|move|p2a: Charizard|Protect|p2a: Charizard\n|-singleturn|p2a: Charizard|Protect\n|move|p1b: Kingambit|Protect|p1b: Kingambit\n|-singleturn|p1b: Kingambit|Protect\n|move|p2b: Archaludon|Electro Shot||[still]\n|-prepare|p2b: Archaludon|Electro Shot\n|-boost|p2b: Archaludon|spa|1\n|move|p1a: Incineroar|Flare Blitz|p2b: Archaludon\n|-damage|p2b: Archaludon|60/100\n|-ability|p2b: Archaludon|Stamina|boost\n|-boost|p2b: Archaludon|def|1\n|-damage|p1a: Incineroar|66/100|[from] Recoil\n|\n|-weather|Sandstorm|[upkeep]\n|-damage|p2a: Charizard|68/100|[from] Sandstorm\n|-damage|p1a: Incineroar|60/100|[from] Sandstorm\n|upkeep\n|turn|7\n|\n|t:|1776592903\n|move|p2a: Charizard|Brick Break|p1b: Kingambit\n|-supereffective|p1b: Kingambit|2\n|-crit|p1b: Kingambit\n|-enditem|p1b: Kingambit|Chople Berry|[eat]\n|-enditem|p1b: Kingambit|Chople Berry|[weaken]\n|-damage|p1b: Kingambit|32/100\n|move|p2b: Archaludon|Electro Shot|p1a: Incineroar|[from] lockedmove\n|-damage|p1a: Incineroar|21/100\n|move|p1a: Incineroar|Parting Shot|p2b: Archaludon\n|-unboost|p2b: Archaludon|atk|1\n|-unboost|p2b: Archaludon|spa|1\n|move|p1b: Kingambit|Kowtow Cleave|p2a: Charizard\n|-damage|p2a: Charizard|15/100\n|\n|-weather|none\n|upkeep\n|turn|8\n|\n|t:|1776592934\n|switch|p2a: Dragapult|Dragapult, L50, M|22/100\n|move|p1b: Kingambit|Sucker Punch||[still]\n|-fail|p1b: Kingambit\n|move|p2b: Archaludon|Electro Shot||[still]\n|-prepare|p2b: Archaludon|Electro Shot\n|-boost|p2b: Archaludon|spa|1\n|move|p1a: Incineroar|Flare Blitz|p2b: Archaludon\n|-damage|p2b: Archaludon|40/100\n|-status|p2b: Archaludon|brn\n|-ability|p2b: Archaludon|Stamina|boost\n|-boost|p2b: Archaludon|def|1\n|-damage|p1a: Incineroar|16/100|[from] Recoil\n|\n|-damage|p2b: Archaludon|34/100 brn|[from] brn\n|upkeep\n|turn|9\n|\n|t:|1776592952\n|move|p1b: Kingambit|Protect|p1b: Kingambit\n|-singleturn|p1b: Kingambit|Protect\n|move|p2a: Dragapult|Dragon Cheer|p2b: Archaludon\n|-start|p2b: Archaludon|move: Dragon Cheer\n|move|p2b: Archaludon|Electro Shot|p1a: Incineroar|[from] lockedmove\n|-crit|p1a: Incineroar\n|-damage|p1a: Incineroar|0 fnt\n|faint|p1a: Incineroar\n|\n|-damage|p2b: Archaludon|28/100 brn|[from] brn\n|upkeep\n|turn|10\n|\n|t:|1776592970\n|move|p2a: Dragapult|Dragon Darts|p1b: Kingambit\n|-resisted|p1b: Kingambit|1\n|-damage|p1b: Kingambit|23/100\n|-anim|p2a: Dragapult|Dragon Darts|p1b: Kingambit\n|-resisted|p1b: Kingambit|1\n|-damage|p1b: Kingambit|15/100\n|move|p2b: Archaludon|Draco Meteor|p1b: Kingambit|[miss]\n|-miss|p2b: Archaludon|p1b: Kingambit\n|move|p1b: Kingambit|Kowtow Cleave|p2b: Archaludon\n|-damage|p2b: Archaludon|6/100 brn\n|-ability|p2b: Archaludon|Stamina|boost\n|-boost|p2b: Archaludon|def|1\n|\n|-damage|p2b: Archaludon|0 fnt|[from] brn\n|faint|p2b: Archaludon\n|upkeep\n|\n|t:|1776592987\n|switch|p2b: Sylveon|Sylveon, L50, F|100/100\n|turn|11\n|-message|p1xelboi69 forfeited.\n|\n|win|Hi jump kicker\n|raw|p1xelboi69's rating: 1089 &rarr; <strong>1067</strong><br />(-22 for losing)\n|raw|Hi jump kicker's rating: 1106 &rarr; <strong>1130</strong><br />(+24 for winning)\n|l|\u2606p1xelboi69\n|player|p1|\n",
  "uploadtime": 1776592998,
  "views": 21,
  "formatid": "gen9championsvgc2026regma",
  "rating": 1067,
  "private": 0,
  "password": null
}