{
  "id": "gen9championsvgc2026regma-2584741941",
  "format": "[Gen 9 Champions] VGC 2026 Reg M-A",
  "players": [
    "12lego2",
    "BGGames"
  ],
  "log": "|j|\u260612lego2\n|j|\u2606BGGames\n|t:|1776280441\n|gametype|doubles\n|player|p1|12lego2|265|1000\n|player|p2|BGGames|bugsy|1085\n|gen|9\n|tier|[Gen 9 Champions] VGC 2026 Reg M-A\n|rated|\n|rule|Species Clause: Limit one of each Pok\u00e9mon\n|rule|Item Clause: Limit 1 of each item\n|clearpoke\n|poke|p1|Houndoom, L50, M|\n|poke|p1|Ninetales, L50, F|\n|poke|p1|Incineroar, L50, M|\n|poke|p1|Tsareena, L50, F|\n|poke|p1|Sableye, L50, F|\n|poke|p1|Corviknight, L50, F|\n|poke|p2|Floette-Eternal, L50, F|\n|poke|p2|Krookodile, L50, M|\n|poke|p2|Arcanine-Hisui, L50, M|\n|poke|p2|Sneasler, L50, F|\n|poke|p2|Oranguru, L50, M|\n|poke|p2|Dragonite, L50, F|\n|teampreview|4\n|\n|t:|1776280470\n|teamsize|p1|4\n|teamsize|p2|4\n|start\n|switch|p1a: Incineroar|Incineroar, L50, M|100/100\n|switch|p1b: Sableye|Sableye, L50, F|100/100\n|switch|p2a: Puff|Dragonite, L50, F, shiny|100/100\n|switch|p2b: Dr. Zaius|Oranguru, L50, M, shiny|100/100\n|-ability|p1a: Incineroar|Intimidate|boost\n|-unboost|p2a: Puff|atk|1\n|-unboost|p2b: Dr. Zaius|atk|1\n|turn|1\n|\n|t:|1776280499\n|detailschange|p2a: Puff|Dragonite-Mega, L50, F, shiny\n|-mega|p2a: Puff|Dragonite|Dragoninite\n|move|p1b: Sableye|Taunt|p2b: Dr. Zaius\n|-start|p2b: Dr. Zaius|move: Taunt\n|cant|p2b: Dr. Zaius|move: Taunt|Instruct\n|move|p2a: Puff|Dragon Dance|p2a: Puff\n|-boost|p2a: Puff|atk|1\n|-boost|p2a: Puff|spe|1\n|move|p1a: Incineroar|Nasty Plot|p1a: Incineroar\n|-boost|p1a: Incineroar|spa|2\n|\n|upkeep\n|turn|2\n|\n|t:|1776280523\n|move|p2a: Puff|Extreme Speed|p1a: Incineroar\n|-damage|p1a: Incineroar|81/100\n|move|p1b: Sableye|Sunny Day|p1b: Sableye\n|-weather|SunnyDay\n|move|p2b: Dr. Zaius|Hyper Voice|p1a: Incineroar|[spread] p1a\n|-immune|p1b: Sableye\n|-damage|p1a: Incineroar|63/100\n|move|p1a: Incineroar|Baton Pass|p1a: Incineroar\n|\n|t:|1776280528\n|switch|p1a: Houndoom|Houndoom, L50, M|100/100|[from] Baton Pass\n|\n|-weather|SunnyDay|[upkeep]\n|upkeep\n|turn|3\n|\n|t:|1776280558\n|switch|p2b: Mogwai|Arcanine-Hisui, L50, M, shiny|100/100\n|detailschange|p1a: Houndoom|Houndoom-Mega, L50, M\n|-mega|p1a: Houndoom|Houndoom|Houndoominite\n|move|p1b: Sableye|Taunt|p2a: Puff\n|-start|p2a: Puff|move: Taunt\n|cant|p2a: Puff|move: Taunt|Dragon Dance\n|move|p1a: Houndoom|Heat Wave|p2b: Mogwai|[spread] p2a,p2b\n|-resisted|p2a: Puff|1\n|-resisted|p2b: Mogwai|2\n|-damage|p2a: Puff|70/100\n|-damage|p2b: Mogwai|53/100\n|\n|-weather|SunnyDay|[upkeep]\n|-damage|p1a: Houndoom|88/100|[from] ability: Solar Power|[of] p1a: Houndoom\n|upkeep\n|turn|4\n|\n|t:|1776280582\n|switch|p1b: Corviknight|Corviknight, L50, F|100/100\n|move|p1a: Houndoom|Protect|p1a: Houndoom\n|-singleturn|p1a: Houndoom|Protect\n|move|p2a: Puff|Extreme Speed|p1a: Houndoom\n|-activate|p1a: Houndoom|move: Protect\n|move|p2b: Mogwai|Head Smash|p1a: Houndoom\n|-activate|p1a: Houndoom|move: Protect\n|\n|-weather|SunnyDay|[upkeep]\n|-damage|p1a: Houndoom|76/100|[from] ability: Solar Power|[of] p1a: Houndoom\n|upkeep\n|turn|5\n|\n|t:|1776280603\n|move|p2a: Puff|Extreme Speed|p1a: Houndoom\n|-damage|p1a: Houndoom|49/100\n|move|p1a: Houndoom|Hyper Voice|p2b: Mogwai|[spread] p2a,p2b\n|-resisted|p2b: Mogwai|1\n|-damage|p2a: Puff|12/100\n|-damage|p2b: Mogwai|14/100\n|move|p2b: Mogwai|Flare Blitz|p1b: Corviknight\n|-supereffective|p1b: Corviknight|1\n|-damage|p1b: Corviknight|0 fnt\n|faint|p1b: Corviknight\n|\n|-weather|SunnyDay|[upkeep]\n|-damage|p1a: Houndoom|37/100|[from] ability: Solar Power|[of] p1a: Houndoom\n|-end|p2a: Puff|move: Taunt\n|upkeep\n|\n|t:|1776280607\n|switch|p1b: Incineroar|Incineroar, L50, M|63/100\n|-ability|p1b: Incineroar|Intimidate|boost\n|-unboost|p2a: Puff|atk|1\n|-unboost|p2b: Mogwai|atk|1\n|turn|6\n|\n|t:|1776280632\n|move|p1b: Incineroar|Fake Out|p2a: Puff\n|-damage|p2a: Puff|3/100\n|cant|p2a: Puff|flinch\n|move|p2b: Mogwai|Extreme Speed|p1a: Houndoom\n|-damage|p1a: Houndoom|12/100\n|move|p1a: Houndoom|Hyper Voice|p2a: Puff|[spread] p2a,p2b\n|-resisted|p2b: Mogwai|1\n|-damage|p2a: Puff|0 fnt\n|-damage|p2b: Mogwai|0 fnt\n|faint|p2a: Puff\n|faint|p2b: Mogwai\n|\n|-weather|none\n|upkeep\n|\n|t:|1776280648\n|switch|p2a: Lord Gator|Krookodile, L50, M, shiny|100/100\n|switch|p2b: Dr. Zaius|Oranguru, L50, M, shiny|100/100\n|-ability|p2a: Lord Gator|Intimidate|boost\n|-unboost|p1a: Houndoom|atk|1\n|-unboost|p1b: Incineroar|atk|1\n|-enditem|p1b: Incineroar|White Herb\n|-clearnegativeboost|p1b: Incineroar|[silent]\n|turn|7\n|\n|t:|1776280665\n|move|p2b: Dr. Zaius|Instruct||[still]\n|-fail|p2b: Dr. Zaius\n|move|p1a: Houndoom|Heat Wave|p2b: Dr. Zaius|[spread] p2a,p2b\n|-damage|p2a: Lord Gator|16/100\n|-damage|p2b: Dr. Zaius|35/100\n|-status|p2a: Lord Gator|brn\n|move|p2a: Lord Gator|Earthquake|p1a: Houndoom|[spread] p1a,p1b\n|-activate|p2b: Dr. Zaius|ability: Telepathy\n|-supereffective|p1a: Houndoom|1\n|-supereffective|p1b: Incineroar|1\n|-damage|p1a: Houndoom|0 fnt\n|-damage|p1b: Incineroar|28/100\n|faint|p1a: Houndoom\n|move|p1b: Incineroar|Flare Blitz|p2a: Lord Gator\n|-damage|p2a: Lord Gator|0 fnt\n|faint|p2a: Lord Gator\n|-damage|p1b: Incineroar|22/100|[from] Recoil\n|\n|upkeep\n|\n|t:|1776280670\n|switch|p1a: Sableye|Sableye, L50, F|100/100\n|turn|8\n|-message|BGGames forfeited.\n|\n|win|12lego2\n|raw|12lego2's rating: 1000 &rarr; <strong>1050</strong><br />(+50 for winning)\n|raw|BGGames's rating: 1085 &rarr; <strong>1057</strong><br />(-28 for losing)\n|l|\u2606BGGames\n|player|p2|\n",
  "uploadtime": 1776280693,
  "views": 24,
  "formatid": "gen9championsvgc2026regma",
  "rating": 1050,
  "private": 0,
  "password": null
}