{
  "id": "gen9championsvgc2026regma-2586879532",
  "format": "[Gen 9 Champions] VGC 2026 Reg M-A",
  "players": [
    "AlekGeller",
    "pianta.png"
  ],
  "log": "|j|\u2606AlekGeller\n|j|\u2606pianta.png\n|t:|1776467922\n|gametype|doubles\n|player|p1|AlekGeller|266|1106\n|player|p2|pianta.png|dawn-gen4pt|1066\n|gen|9\n|tier|[Gen 9 Champions] VGC 2026 Reg M-A\n|rated|\n|rule|Species Clause: Limit one of each Pok\u00e9mon\n|rule|Item Clause: Limit 1 of each item\n|clearpoke\n|poke|p1|Beedrill, L50, M|\n|poke|p1|Talonflame, L50, M|\n|poke|p1|Ninetales-Alola, L50, M|\n|poke|p1|Maushold, L50|\n|poke|p1|Incineroar, L50, M|\n|poke|p1|Milotic, L50, M|\n|poke|p2|Gardevoir, L50, F|\n|poke|p2|Maushold-Four, L50|\n|poke|p2|Talonflame, L50, M|\n|poke|p2|Samurott-Hisui, L50, M|\n|poke|p2|Lucario, L50, F|\n|poke|p2|Serperior, L50, F|\n|teampreview|4\n|inactive|Battle timer is ON: inactive players will automatically lose when time's up. (requested by pianta.png)\npianta.png rejected open team sheets.\n|inactive|AlekGeller has 60 seconds left.\n|\n|t:|1776467953\n|teamsize|p1|4\n|teamsize|p2|4\n|start\n|switch|p1a: Talonflame|Talonflame, L50, M|100/100\n|switch|p1b: Beedrill|Beedrill, L50, M, shiny|100/100\n|switch|p2a: Talonflame|Talonflame, L50, M|100/100\n|switch|p2b: Samurott|Samurott-Hisui, L50, M|100/100\n|turn|1\n|\n|t:|1776467972\n|detailschange|p1b: Beedrill|Beedrill-Mega, L50, M, shiny\n|-mega|p1b: Beedrill|Beedrill|Beedrillite\n|move|p2b: Samurott|Protect|p2b: Samurott\n|-singleturn|p2b: Samurott|Protect\n|move|p2a: Talonflame|Tailwind|p2a: Talonflame\n|-sidestart|p2: pianta.png|move: Tailwind\n|move|p1a: Talonflame|Tailwind|p1a: Talonflame\n|-sidestart|p1: AlekGeller|move: Tailwind\n|move|p1b: Beedrill|Fell Stinger|p2b: Samurott\n|-activate|p2b: Samurott|move: Protect\n|\n|upkeep\n|turn|2\n|inactive|AlekGeller has 30 seconds left.\n|inactive|AlekGeller has 20 seconds left.\n|\n|t:|1776468012\n|switch|p1b: Maushold|Maushold, L50|100/100\n|move|p2a: Talonflame|Dual Wingbeat|p1b: Maushold\n|-damage|p1b: Maushold|79/100\n|-damage|p1b: Maushold|56/100\n|-hitcount|p1b: Maushold|2\n|move|p1a: Talonflame|Brave Bird|p2a: Talonflame\n|-damage|p2a: Talonflame|45/100\n|-damage|p1a: Talonflame|84/100|[from] Recoil\n|move|p2b: Samurott|Aqua Cutter|p1a: Talonflame\n|-supereffective|p1a: Talonflame|1\n|-damage|p1a: Talonflame|0 fnt\n|faint|p1a: Talonflame\n|\n|upkeep\n|\n|t:|1776468028\n|switch|p1a: Beedrill|Beedrill-Mega, L50, M, shiny|100/100\n|turn|3\n|\n|t:|1776468048\n|move|p2b: Samurott|Protect|p2b: Samurott\n|-singleturn|p2b: Samurott|Protect\n|move|p1b: Maushold|Follow Me|p1b: Maushold\n|-singleturn|p1b: Maushold|move: Follow Me\n|move|p1a: Beedrill|Knock Off|p2a: Talonflame\n|-damage|p2a: Talonflame|0 fnt\n|-enditem|p2a: Talonflame|Bright Powder|[from] move: Knock Off|[of] p1a: Beedrill\n|faint|p2a: Talonflame\n|\n|upkeep\n|\n|t:|1776468061\n|switch|p2a: Maushold|Maushold-Four, L50|100/100\n|turn|4\n|\n|t:|1776468079\n|move|p1a: Beedrill|Knock Off|p2b: Samurott\n|-resisted|p2b: Samurott|1\n|-damage|p2b: Samurott|80/100\n|-enditem|p2b: Samurott|Black Glasses|[from] move: Knock Off|[of] p1a: Beedrill\n|move|p1b: Maushold|Encore|p2b: Samurott\n|-start|p2b: Samurott|Encore\n|move|p2b: Samurott|Protect||[still]\n|-fail|p2b: Samurott\n|move|p2a: Maushold|Taunt|p1b: Maushold\n|-start|p1b: Maushold|move: Taunt\n|-enditem|p1b: Maushold|Mental Herb\n|-end|p1b: Maushold|move: Taunt\n|\n|-sideend|p2: pianta.png|move: Tailwind\n|-sideend|p1: AlekGeller|move: Tailwind\n|upkeep\n|turn|5\n|inactive|AlekGeller has 30 seconds left.\n|inactive|pianta.png has 30 seconds left.\n|\n|t:|1776468112\n|move|p2b: Samurott|Protect|p2b: Samurott\n|-singleturn|p2b: Samurott|Protect\n|move|p1a: Beedrill|Poison Jab|p2a: Maushold\n|-damage|p2a: Maushold|32/100\n|-status|p2a: Maushold|psn\n|-enditem|p2a: Maushold|Sitrus Berry|[eat]\n|-heal|p2a: Maushold|57/100 psn|[from] item: Sitrus Berry\n|move|p1b: Maushold|Population Bomb|p2b: Samurott\n|-activate|p2b: Samurott|move: Protect\n|move|p2a: Maushold|Taunt|p1b: Maushold\n|-start|p1b: Maushold|move: Taunt\n|\n|-damage|p2a: Maushold|44/100 psn|[from] psn\n|upkeep\n|turn|6\n|inactive|pianta.png has 30 seconds left.\n|\n|t:|1776468139\n|move|p2b: Samurott|Protect|p2b: Samurott\n|-singleturn|p2b: Samurott|Protect\n|move|p2a: Maushold|Follow Me|p2a: Maushold\n|-singleturn|p2a: Maushold|move: Follow Me\n|move|p1a: Beedrill|Fell Stinger|p2a: Maushold\n|-damage|p2a: Maushold|0 fnt\n|faint|p2a: Maushold\n|-boost|p1a: Beedrill|atk|3\n|move|p1b: Maushold|Population Bomb|p2b: Samurott\n|-activate|p2b: Samurott|move: Protect\n|\n|-end|p2b: Samurott|Encore\n|upkeep\n|\n|t:|1776468151\n|switch|p2a: Gardevoir|Gardevoir, L50, F, shiny|100/100\n|-ability|p2a: Gardevoir|Adaptability|Trace|[from] ability: Trace|[of] p1a: Beedrill\n|turn|7\n|\n|t:|1776468165\n|detailschange|p2a: Gardevoir|Gardevoir-Mega, L50, F, shiny\n|-mega|p2a: Gardevoir|Gardevoir|Gardevoirite\n|move|p1a: Beedrill|Poison Jab|p2a: Gardevoir\n|-supereffective|p2a: Gardevoir|1\n|-damage|p2a: Gardevoir|0 fnt\n|faint|p2a: Gardevoir\n|move|p1b: Maushold|Population Bomb|p2b: Samurott|[miss]\n|-miss|p1b: Maushold|p2b: Samurott\n|move|p2b: Samurott|Aqua Cutter|p1a: Beedrill\n|-damage|p1a: Beedrill|3/100\n|\n|upkeep\n|turn|8\n|c|\u2606pianta.png|potential mon\n|\n|t:|1776468178\n|move|p2b: Samurott|Protect|p2b: Samurott\n|-singleturn|p2b: Samurott|Protect\n|move|p1a: Beedrill|Fell Stinger|p2b: Samurott\n|-activate|p2b: Samurott|move: Protect\n|move|p1b: Maushold|Population Bomb|p2b: Samurott\n|-activate|p2b: Samurott|move: Protect\n|\n|-end|p1b: Maushold|move: Taunt\n|upkeep\n|turn|9\n|\n|t:|1776468193\n|move|p1b: Maushold|Follow Me|p1b: Maushold\n|-singleturn|p1b: Maushold|move: Follow Me\n|move|p1a: Beedrill|Fell Stinger|p2b: Samurott\n|-supereffective|p2b: Samurott|1\n|-damage|p2b: Samurott|0 fnt\n|faint|p2b: Samurott\n|\n|win|AlekGeller\n|raw|AlekGeller's rating: 1106 &rarr; <strong>1128</strong><br />(+22 for winning)\n|raw|pianta.png's rating: 1066 &rarr; <strong>1048</strong><br />(-18 for losing)\n",
  "uploadtime": 1776468201,
  "views": 24,
  "formatid": "gen9championsvgc2026regma",
  "rating": 1048,
  "private": 0,
  "password": null
}