{
  "id": "gen9championsvgc2026regma-2585169513",
  "format": "[Gen 9 Champions] VGC 2026 Reg M-A",
  "players": [
    "rylbld",
    "AnotherDreamer"
  ],
  "log": "|j|\u2606rylbld\n|j|\u2606AnotherDreamer\n|t:|1776320439\n|gametype|doubles\n|player|p1|rylbld|169|1306\n|player|p2|AnotherDreamer|102|1368\n|gen|9\n|tier|[Gen 9 Champions] VGC 2026 Reg M-A\n|rated|\n|rule|Species Clause: Limit one of each Pok\u00e9mon\n|rule|Item Clause: Limit 1 of each item\n|clearpoke\n|poke|p1|Floette-Eternal, L50, F|\n|poke|p1|Incineroar, L50, F|\n|poke|p1|Scizor, L50, M|\n|poke|p1|Aerodactyl, L50, F|\n|poke|p1|Sneasler, L50, F|\n|poke|p1|Sinistcha-Masterpiece, L50|\n|poke|p2|Incineroar, L50, M|\n|poke|p2|Floette-Eternal, L50, F|\n|poke|p2|Aerodactyl, L50, M|\n|poke|p2|Basculegion, L50, M|\n|poke|p2|Garchomp, L50, F|\n|poke|p2|Sneasler, L50, M|\n|teampreview|4\n|inactive|Battle timer is ON: inactive players will automatically lose when time's up. (requested by AnotherDreamer)\n|inactive|AnotherDreamer has 60 seconds left.\n|\n|t:|1776320479\n|teamsize|p1|4\n|teamsize|p2|4\n|start\n|switch|p1a: Aerodactyl|Aerodactyl, L50, F|100/100\n|switch|p1b: Incineroar|Incineroar, L50, F|100/100\n|switch|p2a: Floette|Floette-Eternal, L50, F|100/100\n|switch|p2b: Aerodactyl|Aerodactyl, L50, M|100/100\n|-ability|p2b: Aerodactyl|Unnerve\n|-ability|p1a: Aerodactyl|Unnerve\n|-ability|p1b: Incineroar|Intimidate|boost\n|-unboost|p2a: Floette|atk|1\n|-unboost|p2b: Aerodactyl|atk|1\n|turn|1\n|\n|t:|1776320491\n|detailschange|p2a: Floette|Floette-Mega, L50, F\n|-mega|p2a: Floette|Floette|Floettite\n|-ability|p2a: Floette|Fairy Aura\n|move|p1b: Incineroar|Fake Out|p2b: Aerodactyl\n|-resisted|p2b: Aerodactyl|1\n|-damage|p2b: Aerodactyl|92/100\n|cant|p2b: Aerodactyl|flinch\n|move|p1a: Aerodactyl|Tailwind|p1a: Aerodactyl\n|-sidestart|p1: rylbld|move: Tailwind\n|move|p2a: Floette|Calm Mind|p2a: Floette\n|-boost|p2a: Floette|spa|1\n|-boost|p2a: Floette|spd|1\n|\n|upkeep\n|turn|2\n|\n|t:|1776320507\n|move|p2b: Aerodactyl|Protect|p2b: Aerodactyl\n|-singleturn|p2b: Aerodactyl|Protect\n|move|p1a: Aerodactyl|Rock Slide|p2b: Aerodactyl|[spread] p2a\n|-activate|p2b: Aerodactyl|move: Protect\n|-damage|p2a: Floette|79/100\n|move|p1b: Incineroar|Darkest Lariat|p2b: Aerodactyl\n|-activate|p2b: Aerodactyl|move: Protect\n|move|p2a: Floette|Dazzling Gleam|p1b: Incineroar|[spread] p1a,p1b\n|-crit|p1a: Aerodactyl\n|-enditem|p1a: Aerodactyl|Focus Sash\n|-damage|p1a: Aerodactyl|1/100\n|-damage|p1b: Incineroar|42/100\n|\n|upkeep\n|turn|3\n|\n|t:|1776320526\n|switch|p2b: Garchomp|Garchomp, L50, F|100/100\n|move|p1a: Aerodactyl|Rock Slide|p2b: Garchomp|[spread] p2a,p2b\n|-resisted|p2b: Garchomp|1\n|-damage|p2a: Floette|54/100\n|-damage|p2b: Garchomp|88/100\n|move|p1b: Incineroar|Flare Blitz|p2a: Floette\n|-damage|p2a: Floette|9/100\n|-damage|p1b: Incineroar|29/100|[from] Recoil\n|move|p2a: Floette|Dazzling Gleam|p1b: Incineroar|[spread] p1a,p1b\n|-damage|p1a: Aerodactyl|0 fnt\n|-damage|p1b: Incineroar|0 fnt\n|faint|p1a: Aerodactyl\n|faint|p1b: Incineroar\n|\n|upkeep\n|\n|t:|1776320539\n|switch|p1a: Scizor|Scizor, L50, M|100/100\n|switch|p1b: Sinistcha|Sinistcha-Masterpiece, L50|100/100\n|turn|4\n|\n|t:|1776320556\n|detailschange|p1a: Scizor|Scizor-Mega, L50, M\n|-mega|p1a: Scizor|Scizor|Scizorite\n|move|p1a: Scizor|Swords Dance|p1a: Scizor\n|-boost|p1a: Scizor|atk|2\n|move|p2b: Garchomp|Rock Slide|p1b: Sinistcha|[spread] p1a,p1b\n|-damage|p1a: Scizor|87/100\n|-damage|p1b: Sinistcha|83/100\n|move|p2a: Floette|Dazzling Gleam|p1a: Scizor|[spread] p1a,p1b\n|-resisted|p1a: Scizor|1\n|-damage|p1a: Scizor|57/100\n|-damage|p1b: Sinistcha|21/100\n|-enditem|p1b: Sinistcha|Sitrus Berry|[eat]\n|-heal|p1b: Sinistcha|46/100|[from] item: Sitrus Berry\n|move|p1b: Sinistcha|Trick Room|p1b: Sinistcha\n|-fieldstart|move: Trick Room|[of] p1b: Sinistcha\n|\n|-sideend|p1: rylbld|move: Tailwind\n|upkeep\n|turn|5\n|\n|t:|1776320578\n|move|p1b: Sinistcha|Matcha Gotcha|p2a: Floette|[spread] p2a,p2b\n|-damage|p2a: Floette|0 fnt\n|-heal|p1b: Sinistcha|50/100|[from] drain|[of] p2a: Floette\n|-damage|p2b: Garchomp|60/100\n|-heal|p1b: Sinistcha|65/100|[from] drain|[of] p2b: Garchomp\n|faint|p2a: Floette\n|move|p1a: Scizor|Bug Bite|p2b: Garchomp\n|-damage|p2b: Garchomp|0 fnt\n|-enditem|p2b: Garchomp|Haban Berry|[from] stealeat|[move] Bug Bite|[of] p1a: Scizor\n|-damage|p1a: Scizor|44/100|[from] ability: Rough Skin|[of] p2b: Garchomp\n|faint|p2b: Garchomp\n|\n|upkeep\n|\n|t:|1776320581\n|switch|p2a: Aerodactyl|Aerodactyl, L50, M|92/100\n|switch|p2b: Basculegion|Basculegion, L50, M|100/100\n|-ability|p2a: Aerodactyl|Unnerve\n|turn|6\n|\n|t:|1776320599\n|move|p1b: Sinistcha|Matcha Gotcha|p2b: Basculegion|[spread] p2a,p2b\n|-supereffective|p2b: Basculegion|1\n|-damage|p2a: Aerodactyl|56/100\n|-heal|p1b: Sinistcha|81/100|[from] drain|[of] p2a: Aerodactyl\n|-damage|p2b: Basculegion|49/100\n|-heal|p1b: Sinistcha|100/100|[from] drain|[of] p2b: Basculegion\n|-status|p2b: Basculegion|brn\n|move|p1a: Scizor|Bug Bite|p2b: Basculegion\n|-resisted|p2b: Basculegion|1\n|-damage|p2b: Basculegion|0 fnt\n|faint|p2b: Basculegion\n|move|p2a: Aerodactyl|Dual Wingbeat|p1b: Sinistcha\n|-supereffective|p1b: Sinistcha|1\n|-damage|p1b: Sinistcha|69/100\n|-supereffective|p1b: Sinistcha|1\n|-damage|p1b: Sinistcha|38/100\n|-hitcount|p1b: Sinistcha|2\n|\n|upkeep\n|turn|7\n|-message|AnotherDreamer forfeited.\n|\n|win|rylbld\n|raw|rylbld's rating: 1306 &rarr; <strong>1330</strong><br />(+24 for winning)\n|raw|AnotherDreamer's rating: 1368 &rarr; <strong>1344</strong><br />(-24 for losing)\n|l|\u2606AnotherDreamer\n|player|p2|\n|l|\u2606rylbld\n|player|p1|\n",
  "uploadtime": 1776320618,
  "views": 28,
  "formatid": "gen9championsvgc2026regma",
  "rating": 1330,
  "private": 0,
  "password": null
}