{
  "id": "gen9championsvgc2026regma-2582783291",
  "format": "[Gen 9 Champions] VGC 2026 Reg M-A",
  "players": [
    "haemori_ruri",
    "kishinfaia"
  ],
  "log": "|j|\u2606haemori_ruri\n|j|\u2606kishinfaia\n|t:|1776113814\n|gametype|doubles\n|player|p1|haemori_ruri|swimmerf-gen4|1090\n|player|p2|kishinfaia|102|1046\n|gen|9\n|tier|[Gen 9 Champions] VGC 2026 Reg M-A\n|rated|\n|rule|Species Clause: Limit one of each Pok\u00e9mon\n|rule|Item Clause: Limit 1 of each item\n|clearpoke\n|poke|p1|Froslass, L50, F|\n|poke|p1|Volcarona, L50, F|\n|poke|p1|Clefable, L50, F|\n|poke|p1|Sinistcha, L50|\n|poke|p1|Basculegion, L50, M|\n|poke|p1|Wyrdeer, L50, M|\n|poke|p2|Sinistcha, L50|\n|poke|p2|Excadrill, L50, M|\n|poke|p2|Incineroar, L50, F|\n|poke|p2|Tyranitar, L50, F|\n|poke|p2|Basculegion, L50, M|\n|poke|p2|Sylveon, L50, F|\n|teampreview|4\n|inactive|Battle timer is ON: inactive players will automatically lose when time's up. (requested by kishinfaia)\n|inactive|kishinfaia has 60 seconds left.\n|\n|t:|1776113854\n|teamsize|p1|4\n|teamsize|p2|4\n|start\n|switch|p1a: Froslass|Froslass, L50, F|100/100\n|switch|p1b: Wyrdeer|Wyrdeer, L50, M|100/100\n|switch|p2a: Excadrill|Excadrill, L50, M|100/100\n|switch|p2b: Tyranitar|Tyranitar, L50, F|100/100\n|-weather|Sandstorm|[from] ability: Sand Stream|[of] p2b: Tyranitar\n|-ability|p1b: Wyrdeer|Intimidate|boost\n|-unboost|p2a: Excadrill|atk|1\n|-unboost|p2b: Tyranitar|atk|1\n|turn|1\n|inactive|haemori_ruri has 30 seconds left.\n|\n|t:|1776113887\n|detailschange|p1a: Froslass|Froslass-Mega, L50, F\n|-mega|p1a: Froslass|Froslass|Froslassite\n|-weather|Snowscape|[from] ability: Snow Warning|[of] p1a: Froslass\n|detailschange|p2b: Tyranitar|Tyranitar-Mega, L50, F\n|-mega|p2b: Tyranitar|Tyranitar|Tyranitarite\n|-weather|Sandstorm|[from] ability: Sand Stream|[of] p2b: Tyranitar\n|move|p2a: Excadrill|Iron Head|p1a: Froslass\n|-supereffective|p1a: Froslass|1\n|-damage|p1a: Froslass|18/100\n|move|p1a: Froslass|Thunder Wave|p2b: Tyranitar\n|-status|p2b: Tyranitar|par\n|move|p1b: Wyrdeer|Role Play|p1a: Froslass\n|-ability|p1b: Wyrdeer|Snow Warning|Intimidate|[from] move: Role Play|[of] p1a: Froslass\n|-weather|Snowscape|[from] ability: Snow Warning|[of] p1b: Wyrdeer\n|move|p2b: Tyranitar|Rock Slide|p1a: Froslass|[spread] p1a,p1b\n|-supereffective|p1a: Froslass|1\n|-crit|p1a: Froslass\n|-damage|p1a: Froslass|0 fnt\n|-damage|p1b: Wyrdeer|78/100\n|faint|p1a: Froslass\n|\n|-weather|Snowscape|[upkeep]\n|upkeep\n|\n|t:|1776113905\n|switch|p1a: Volcarona|Volcarona, L50, F|100/100\n|turn|2\n|\n|t:|1776113926\n|switch|p2b: Incineroar|Incineroar, L50, F|100/100\n|-ability|p2b: Incineroar|Intimidate|boost\n|-unboost|p1a: Volcarona|atk|1\n|-unboost|p1b: Wyrdeer|atk|1\n|move|p2a: Excadrill|Protect|p2a: Excadrill\n|-singleturn|p2a: Excadrill|Protect\n|move|p1a: Volcarona|Quiver Dance|p1a: Volcarona\n|-boost|p1a: Volcarona|spa|1\n|-boost|p1a: Volcarona|spd|1\n|-boost|p1a: Volcarona|spe|1\n|move|p1b: Wyrdeer|Psych Up|p1a: Volcarona\n|-copyboost|p1b: Wyrdeer|p1a: Volcarona|[from] move: Psych Up\n|\n|-weather|Snowscape|[upkeep]\n|upkeep\n|turn|3\n|inactive|haemori_ruri has 30 seconds left.\n|inactive|kishinfaia has 30 seconds left.\n|inactive|haemori_ruri has 20 seconds left.\n|inactive|kishinfaia has 20 seconds left.\n|inactive|haemori_ruri has 15 seconds left.\n|inactive|haemori_ruri has 10 seconds left.\n|\n|t:|1776113974\n|move|p1a: Volcarona|Fiery Dance|p2a: Excadrill\n|-supereffective|p2a: Excadrill|1\n|-enditem|p2a: Excadrill|Focus Sash\n|-damage|p2a: Excadrill|1/100\n|-boost|p1a: Volcarona|spa|1\n|move|p2a: Excadrill|High Horsepower|p1a: Volcarona\n|-damage|p1a: Volcarona|37/100\n|-enditem|p1a: Volcarona|Sitrus Berry|[eat]\n|-heal|p1a: Volcarona|62/100|[from] item: Sitrus Berry\n|move|p1b: Wyrdeer|Role Play|p2b: Incineroar\n|-ability|p1b: Wyrdeer|Intimidate|Snow Warning|[from] move: Role Play|[of] p2b: Incineroar\n|-ability|p1b: Wyrdeer|Intimidate|boost\n|-unboost|p2a: Excadrill|atk|1\n|-unboost|p2b: Incineroar|atk|1\n|move|p2b: Incineroar|Darkest Lariat|p1b: Wyrdeer\n|-supereffective|p1b: Wyrdeer|1\n|-damage|p1b: Wyrdeer|30/100\n|\n|-weather|Snowscape|[upkeep]\n|upkeep\n|turn|4\n|inactive|haemori_ruri has 30 seconds left.\n|inactive|kishinfaia has 30 seconds left.\n|inactive|haemori_ruri has 20 seconds left.\n|inactive|haemori_ruri has 15 seconds left.\n|inactive|haemori_ruri has 10 seconds left.\n|inactive|haemori_ruri has 5 seconds left.\n|\n|t:|1776114027\n|switch|p1b: Basculegion|Basculegion, L50, M|100/100\n|switch|p2b: Tyranitar|Tyranitar-Mega, L50, F|100/100 par\n|-weather|Sandstorm|[from] ability: Sand Stream|[of] p2b: Tyranitar\n|move|p2a: Excadrill|Iron Head|p1b: Basculegion\n|-resisted|p1b: Basculegion|1\n|-damage|p1b: Basculegion|87/100\n|move|p1a: Volcarona|Fiery Dance|p2a: Excadrill\n|-supereffective|p2a: Excadrill|1\n|-damage|p2a: Excadrill|0 fnt\n|-boost|p1a: Volcarona|spa|1\n|faint|p2a: Excadrill\n|\n|-weather|Sandstorm|[upkeep]\n|-damage|p1a: Volcarona|56/100|[from] Sandstorm\n|-damage|p1b: Basculegion|80/100|[from] Sandstorm\n|upkeep\n|\n|t:|1776114045\n|switch|p2a: Basculegion|Basculegion, L50, M|100/100\n|turn|5\n|\n|t:|1776114062\n|move|p2a: Basculegion|Aqua Jet|p1a: Volcarona\n|-supereffective|p1a: Volcarona|1\n|-damage|p1a: Volcarona|0 fnt\n|faint|p1a: Volcarona\n|move|p1b: Basculegion|Wave Crash|p2b: Tyranitar\n|-supereffective|p2b: Tyranitar|1\n|-damage|p2b: Tyranitar|0 fnt\n|faint|p2b: Tyranitar\n|-damage|p1b: Basculegion|49/100|[from] Recoil\n|\n|-weather|Sandstorm|[upkeep]\n|-damage|p2a: Basculegion|95/100|[from] Sandstorm\n|-damage|p1b: Basculegion|43/100|[from] Sandstorm\n|upkeep\n|\n|t:|1776114073\n|switch|p1a: Wyrdeer|Wyrdeer, L50, M|30/100\n|switch|p2b: Incineroar|Incineroar, L50, F|100/100\n|-ability|p2b: Incineroar|Intimidate|boost\n|-unboost|p1a: Wyrdeer|atk|1\n|-unboost|p1b: Basculegion|atk|1\n|-ability|p1a: Wyrdeer|Intimidate|boost\n|-unboost|p2a: Basculegion|atk|1\n|-unboost|p2b: Incineroar|atk|1\n|turn|6\n|\n|t:|1776114087\n|move|p2b: Incineroar|Fake Out|p1a: Wyrdeer\n|-damage|p1a: Wyrdeer|23/100\n|move|p2a: Basculegion|Aqua Jet|p1b: Basculegion\n|-resisted|p1b: Basculegion|1\n|-damage|p1b: Basculegion|31/100\n|move|p1b: Basculegion|Last Respects|p2a: Basculegion\n|-supereffective|p2a: Basculegion|1\n|-damage|p2a: Basculegion|0 fnt\n|faint|p2a: Basculegion\n|cant|p1a: Wyrdeer|flinch\n|\n|-weather|Sandstorm|[upkeep]\n|-damage|p1b: Basculegion|25/100|[from] Sandstorm\n|-damage|p2b: Incineroar|94/100|[from] Sandstorm\n|-damage|p1a: Wyrdeer|17/100|[from] Sandstorm\n|upkeep\n|turn|7\n|\n|t:|1776114107\n|move|p1a: Wyrdeer|Helping Hand|p1b: Basculegion\n|-singleturn|p1b: Basculegion|Helping Hand|[of] p1a: Wyrdeer\n|move|p1b: Basculegion|Wave Crash|p2b: Incineroar\n|-supereffective|p2b: Incineroar|1\n|-damage|p2b: Incineroar|0 fnt\n|faint|p2b: Incineroar\n|-damage|p1b: Basculegion|0 fnt|[from] Recoil\n|faint|p1b: Basculegion\n|\n|win|haemori_ruri\n|raw|haemori_ruri's rating: 1090 &rarr; <strong>1113</strong><br />(+23 for winning)\n|raw|kishinfaia's rating: 1046 &rarr; <strong>1031</strong><br />(-15 for losing)\n",
  "uploadtime": 1776114112,
  "views": 16,
  "formatid": "gen9championsvgc2026regma",
  "rating": 1031,
  "private": 0,
  "password": null
}