{
  "id": "gen9championsvgc2026regma-2588005185",
  "format": "[Gen 9 Champions] VGC 2026 Reg M-A",
  "players": [
    "Bufanda69",
    "ballafjong"
  ],
  "log": "|j|\u2606Bufanda69\n|j|\u2606ballafjong\n|t:|1776591763\n|gametype|doubles\n|player|p1|Bufanda69|169|1050\n|player|p2|ballafjong|169|1150\n|gen|9\n|tier|[Gen 9 Champions] VGC 2026 Reg M-A\n|rated|\n|rule|Species Clause: Limit one of each Pok\u00e9mon\n|rule|Item Clause: Limit 1 of each item\n|clearpoke\n|poke|p1|Lopunny, L50, F, shiny|\n|poke|p1|Hydreigon, L50, F|\n|poke|p1|Mimikyu, L50, M|\n|poke|p1|Tauros-Paldea-Aqua, L50, M|\n|poke|p1|Corviknight, L50, F|\n|poke|p1|Glimmora, L50, F|\n|poke|p2|Torkoal, L50, M|\n|poke|p2|Sableye, L50, M|\n|poke|p2|Farigiraf, L50, F|\n|poke|p2|Charizard, L50, F|\n|poke|p2|Volcarona, L50, F|\n|poke|p2|Incineroar, L50, M|\n|teampreview|4\n|\n|t:|1776591808\n|teamsize|p1|4\n|teamsize|p2|4\n|start\n|switch|p1a: Lopunny|Lopunny, L50, F, shiny|100/100\n|switch|p1b: Glimmora|Glimmora, L50, F|100/100\n|switch|p2a: Incineroar|Incineroar, L50, M|100/100\n|switch|p2b: Farigiraf|Farigiraf, L50, F|100/100\n|-ability|p2a: Incineroar|Intimidate|boost\n|-unboost|p1a: Lopunny|atk|1\n|-unboost|p1b: Glimmora|atk|1\n|turn|1\n|inactive|Battle timer is ON: inactive players will automatically lose when time's up. (requested by ballafjong)\n|inactive|Bufanda69 has 60 seconds left.\n|\n|t:|1776591932\n|detailschange|p1a: Lopunny|Lopunny-Mega, L50, F, shiny\n|-mega|p1a: Lopunny|Lopunny|Lopunnite\n|move|p1a: Lopunny|Fake Out||[still]\n|cant|p2b: Farigiraf|ability: Armor Tail|Fake Out|[of] p1a: Lopunny\n|move|p2a: Incineroar|Fake Out|p1b: Glimmora\n|-resisted|p1b: Glimmora|1\n|-damage|p1b: Glimmora|94/100\n|-activate|p1b: Glimmora|ability: Toxic Debris\n|-sidestart|p2: ballafjong|move: Toxic Spikes\n|cant|p1b: Glimmora|flinch\n|move|p2b: Farigiraf|Trick Room|p2b: Farigiraf\n|-fieldstart|move: Trick Room|[of] p2b: Farigiraf\n|\n|upkeep\n|turn|2\n|inactive|Bufanda69 has 30 seconds left.\n|inactive|ballafjong has 30 seconds left.\n|inactive|ballafjong has 20 seconds left.\n|\n|t:|1776591968\n|switch|p1b: Mimikyu|Mimikyu, L50, M|100/100\n|move|p2b: Farigiraf|Psychic|p1b: Mimikyu\n|-activate|p1b: Mimikyu|ability: Disguise\n|-damage|p1b: Mimikyu|100/100\n|detailschange|p1b: Mimikyu|Mimikyu-Busted, L50, M\n|-damage|p1b: Mimikyu|88/100|[from] pokemon: Mimikyu-Busted\n|move|p2a: Incineroar|Flare Blitz|p1a: Lopunny\n|-damage|p1a: Lopunny|32/100\n|-damage|p2a: Incineroar|84/100|[from] Recoil\n|move|p1a: Lopunny|Close Combat|p2a: Incineroar\n|-supereffective|p2a: Incineroar|1\n|-damage|p2a: Incineroar|1/100\n|-unboost|p1a: Lopunny|def|1\n|-unboost|p1a: Lopunny|spd|1\n|-enditem|p2a: Incineroar|Sitrus Berry|[eat]\n|-heal|p2a: Incineroar|26/100|[from] item: Sitrus Berry\n|\n|upkeep\n|turn|3\n|inactive|Bufanda69 has 30 seconds left.\n|inactive|Bufanda69 has 20 seconds left.\n|\n|t:|1776592005\n|move|p1a: Lopunny|Protect|p1a: Lopunny\n|-singleturn|p1a: Lopunny|Protect\n|move|p2b: Farigiraf|Psychic|p1b: Mimikyu\n|-damage|p1b: Mimikyu|36/100\n|-enditem|p1b: Mimikyu|Sitrus Berry|[eat]\n|-heal|p1b: Mimikyu|61/100|[from] item: Sitrus Berry\n|move|p2a: Incineroar|Flare Blitz|p1b: Mimikyu\n|-damage|p1b: Mimikyu|0 fnt\n|faint|p1b: Mimikyu\n|-damage|p2a: Incineroar|12/100|[from] Recoil\n|\n|upkeep\n|\n|t:|1776592018\n|switch|p1b: Tauros|Tauros-Paldea-Aqua, L50, M|100/100\n|-ability|p1b: Tauros|Intimidate|boost\n|-unboost|p2a: Incineroar|atk|1\n|-unboost|p2b: Farigiraf|atk|1\n|turn|4\n|\n|t:|1776592035\n|move|p2b: Farigiraf|Hyper Voice|p1b: Tauros|[spread] p1a,p1b\n|-damage|p1a: Lopunny|0 fnt\n|-damage|p1b: Tauros|53/100\n|faint|p1a: Lopunny\n|move|p2a: Incineroar|Parting Shot|p1b: Tauros\n|-unboost|p1b: Tauros|atk|1\n|-unboost|p1b: Tauros|spa|1\n|\n|t:|1776592050\n|switch|p2a: Torkoal|Torkoal, L50, M|100/100|[from] Parting Shot\n|-status|p2a: Torkoal|psn\n|-weather|SunnyDay|[from] ability: Drought|[of] p2a: Torkoal\n|move|p1b: Tauros|Wave Crash|p2b: Farigiraf\n|-damage|p2b: Farigiraf|79/100\n|-damage|p1b: Tauros|43/100|[from] Recoil\n|\n|-weather|SunnyDay|[upkeep]\n|-damage|p2a: Torkoal|88/100 psn|[from] psn\n|upkeep\n|\n|t:|1776592061\n|switch|p1a: Glimmora|Glimmora, L50, F|94/100\n|turn|5\n|\n|t:|1776592068\n|move|p1a: Glimmora|Protect|p1a: Glimmora\n|-singleturn|p1a: Glimmora|Protect\n|move|p2a: Torkoal|Weather Ball|p1b: Tauros\n|-resisted|p1b: Tauros|1\n|-damage|p1b: Tauros|0 fnt\n|faint|p1b: Tauros\n|move|p2b: Farigiraf|Psychic|p1a: Glimmora\n|-activate|p1a: Glimmora|move: Protect\n|\n|-weather|SunnyDay|[upkeep]\n|-damage|p2a: Torkoal|76/100 psn|[from] psn\n|-fieldend|move: Trick Room\n|upkeep\n|turn|6\n|\n|t:|1776592086\n|move|p1a: Glimmora|Power Gem|p2a: Torkoal\n|-supereffective|p2a: Torkoal|1\n|-damage|p2a: Torkoal|0 fnt\n|faint|p2a: Torkoal\n|move|p2b: Farigiraf|Psychic|p1a: Glimmora\n|-supereffective|p1a: Glimmora|1\n|-damage|p1a: Glimmora|0 fnt\n|faint|p1a: Glimmora\n|\n|win|ballafjong\n|raw|Bufanda69's rating: 1050 &rarr; <strong>1037</strong><br />(-13 for losing)\n|raw|ballafjong's rating: 1150 &rarr; <strong>1168</strong><br />(+18 for winning)\n",
  "uploadtime": 1776592091,
  "views": 8,
  "formatid": "gen9championsvgc2026regma",
  "rating": 1037,
  "private": 0,
  "password": null
}