{
  "id": "gen9championsvgc2026regma-2581862451",
  "format": "[Gen 9 Champions] VGC 2026 Reg M-A",
  "players": [
    "yuriimon",
    "Vgc tester italy"
  ],
  "log": "|j|\u2606yuriimon\n|j|\u2606Vgc tester italy\n|t:|1776034642\n|gametype|doubles\n|player|p1|yuriimon|waitress-gen4|1115\n|player|p2|Vgc tester italy|265|1200\n|gen|9\n|tier|[Gen 9 Champions] VGC 2026 Reg M-A\n|rated|\n|rule|Species Clause: Limit one of each Pok\u00e9mon\n|rule|Item Clause: Limit 1 of each item\n|clearpoke\n|poke|p1|Feraligatr, L50, M|\n|poke|p1|Aerodactyl, L50, F|\n|poke|p1|Sneasler, L50, F|\n|poke|p1|Mimikyu, L50, F|\n|poke|p1|Camerupt, L50, M|\n|poke|p1|Kingambit, L50, M|\n|poke|p2|Meganium, L50, M|\n|poke|p2|Tyranitar, L50, M|\n|poke|p2|Excadrill, L50, M|\n|poke|p2|Primarina, L50, M|\n|poke|p2|Corviknight, L50, M|\n|poke|p2|Wyrdeer, L50, M|\n|teampreview|4\n|inactive|Battle timer is ON: inactive players will automatically lose when time's up. (requested by yuriimon)\n|inactive|yuriimon has 60 seconds left.\n|inactive|Vgc tester italy has 60 seconds left.\n|\n|t:|1776034698\n|teamsize|p1|4\n|teamsize|p2|4\n|start\n|switch|p1a: Aerodactyl|Aerodactyl, L50, F|100/100\n|switch|p1b: Mimikyu|Mimikyu, L50, F|100/100\n|switch|p2a: Primarina|Primarina, L50, M, shiny|100/100\n|switch|p2b: Wyrdeer|Wyrdeer, L50, M, shiny|100/100\n|-ability|p1a: Aerodactyl|Unnerve\n|-ability|p2b: Wyrdeer|Intimidate|boost\n|-unboost|p1a: Aerodactyl|atk|1\n|-unboost|p1b: Mimikyu|atk|1\n|turn|1\n|\n|t:|1776034711\n|move|p1a: Aerodactyl|Rock Slide|p2a: Primarina|[spread] p2a,p2b\n|-damage|p2a: Primarina|77/100\n|-damage|p2b: Wyrdeer|79/100\n|cant|p2a: Primarina|flinch\n|move|p2b: Wyrdeer|Imprison|p2b: Wyrdeer\n|-start|p2b: Wyrdeer|move: Imprison\n|cant|p1b: Mimikyu|move: Imprison|Trick Room\n|\n|upkeep\n|turn|2\n|inactive|yuriimon has 30 seconds left.\n|\n|t:|1776034749\n|switch|p1a: Kingambit|Kingambit, L50, M|100/100\n|move|p2a: Primarina|Icy Wind|p1a: Kingambit|[spread] p1a,p1b\n|-resisted|p1a: Kingambit|1\n|-damage|p1a: Kingambit|93/100\n|-activate|p1b: Mimikyu|ability: Disguise\n|-damage|p1b: Mimikyu|100/100\n|-unboost|p1a: Kingambit|spe|1\n|-ability|p1a: Kingambit|Defiant|boost\n|-boost|p1a: Kingambit|atk|2\n|-unboost|p1b: Mimikyu|spe|1\n|detailschange|p1b: Mimikyu|Mimikyu-Busted, L50, F\n|-damage|p1b: Mimikyu|88/100|[from] pokemon: Mimikyu-Busted\n|move|p2b: Wyrdeer|Psychic|p1b: Mimikyu\n|-damage|p1b: Mimikyu|47/100\n|move|p1b: Mimikyu|Play Rough|p2b: Wyrdeer\n|-damage|p2b: Wyrdeer|48/100\n|\n|upkeep\n|turn|3\n|inactive|yuriimon has 30 seconds left.\n|inactive|Vgc tester italy has 30 seconds left.\n|inactive|yuriimon has 20 seconds left.\n|inactive|Vgc tester italy has 20 seconds left.\n|\n|t:|1776034789\n|switch|p2a: Corviknight|Corviknight, L50, M, shiny|100/100\n|switch|p1b: Aerodactyl|Aerodactyl, L50, F|100/100\n|-ability|p1b: Aerodactyl|Unnerve\n|move|p2b: Wyrdeer|Psychic|p1b: Aerodactyl\n|-damage|p1b: Aerodactyl|40/100\n|move|p1a: Kingambit|Iron Head|p2a: Corviknight\n|-resisted|p2a: Corviknight|1\n|-damage|p2a: Corviknight|71/100\n|\n|-heal|p2a: Corviknight|77/100|[from] item: Leftovers\n|upkeep\n|turn|4\n|\n|t:|1776034813\n|move|p1a: Kingambit|Sucker Punch||[still]\n|-fail|p1a: Kingambit\n|move|p1b: Aerodactyl|Rock Slide|p2a: Corviknight|[spread] p2a,p2b\n|-damage|p2a: Corviknight|61/100\n|-damage|p2b: Wyrdeer|15/100\n|move|p2a: Corviknight|Body Press|p1a: Kingambit\n|-supereffective|p1a: Kingambit|2\n|-enditem|p1a: Kingambit|Chople Berry|[eat]\n|-enditem|p1a: Kingambit|Chople Berry|[weaken]\n|-damage|p1a: Kingambit|51/100\n|move|p2b: Wyrdeer|Trick Room|p2b: Wyrdeer\n|-fieldstart|move: Trick Room|[of] p2b: Wyrdeer\n|\n|-heal|p2a: Corviknight|67/100|[from] item: Leftovers\n|upkeep\n|turn|5\n|inactive|yuriimon has 30 seconds left.\n|\n|t:|1776034843\n|switch|p1b: Camerupt|Camerupt, L50, M|100/100\n|move|p1a: Kingambit|Kowtow Cleave|p2a: Corviknight\n|-damage|p2a: Corviknight|8/100\n|move|p2a: Corviknight|Body Press|p1a: Kingambit\n|-supereffective|p1a: Kingambit|2\n|-damage|p1a: Kingambit|0 fnt\n|faint|p1a: Kingambit\n|move|p2b: Wyrdeer|Psychic|p1b: Camerupt\n|-damage|p1b: Camerupt|45/100\n|\n|-heal|p2a: Corviknight|14/100|[from] item: Leftovers\n|upkeep\n|\n|t:|1776034855\n|switch|p1a: Mimikyu|Mimikyu-Busted, L50, F|47/100\n|turn|6\n|\n|t:|1776034868\n|detailschange|p1b: Camerupt|Camerupt-Mega, L50, M\n|-mega|p1b: Camerupt|Camerupt|Cameruptite\n|move|p1a: Mimikyu|Shadow Sneak|p2a: Corviknight\n|-damage|p2a: Corviknight|3/100\n|move|p1b: Camerupt|Eruption|p2a: Corviknight|[spread] p2a,p2b\n|-supereffective|p2a: Corviknight|1\n|-damage|p2a: Corviknight|0 fnt\n|-damage|p2b: Wyrdeer|0 fnt\n|faint|p2a: Corviknight\n|faint|p2b: Wyrdeer\n|\n|upkeep\n|\n|t:|1776034880\n|switch|p2a: Primarina|Primarina, L50, M, shiny|77/100\n|switch|p2b: Meganium|Meganium, L50, M, shiny|100/100\n|turn|7\n|\n|t:|1776034896\n|detailschange|p2b: Meganium|Meganium-Mega, L50, M, shiny\n|-mega|p2b: Meganium|Meganium|Meganiumite\n|move|p2b: Meganium|Protect|p2b: Meganium\n|-singleturn|p2b: Meganium|Protect\n|move|p1b: Camerupt|Earth Power|p2a: Primarina\n|-damage|p2a: Primarina|10/100\n|move|p1a: Mimikyu|Play Rough|p2a: Primarina\n|-damage|p2a: Primarina|0 fnt\n|faint|p2a: Primarina\n|\n|upkeep\n|turn|8\n|\n|t:|1776034910\n|move|p1a: Mimikyu|Shadow Sneak|p2b: Meganium\n|-damage|p2b: Meganium|85/100\n|move|p1b: Camerupt|Eruption|p2b: Meganium\n|-supereffective|p2b: Meganium|1\n|-damage|p2b: Meganium|23/100\n|move|p2b: Meganium|Solar Beam||[still]\n|-prepare|p2b: Meganium|Solar Beam\n|-activate|p2b: Meganium|ability: Mega Sol\n|-anim|p2b: Meganium|Solar Beam|p1b: Camerupt\n|-damage|p1b: Camerupt|0 fnt\n|faint|p1b: Camerupt\n|\n|-fieldend|move: Trick Room\n|upkeep\n|\n|t:|1776034920\n|switch|p1b: Aerodactyl|Aerodactyl, L50, F|40/100\n|-ability|p1b: Aerodactyl|Unnerve\n|turn|9\n|\n|t:|1776034929\n|move|p1a: Mimikyu|Shadow Sneak|p2b: Meganium\n|-damage|p2b: Meganium|10/100\n|move|p1b: Aerodactyl|Dual Wingbeat|p2b: Meganium\n|-supereffective|p2b: Meganium|1\n|-damage|p2b: Meganium|0 fnt\n|faint|p2b: Meganium\n|-hitcount|p2: Meganium|1\n|\n|win|yuriimon\n|raw|yuriimon's rating: 1115 &rarr; <strong>1146</strong><br />(+31 for winning)\n|raw|Vgc tester italy's rating: 1200 &rarr; <strong>1169</strong><br />(-31 for losing)\n|c|\u2606yuriimon|ggwp\n|l|\u2606Vgc tester italy\n|player|p2|\n",
  "uploadtime": 1776034940,
  "views": 13,
  "formatid": "gen9championsvgc2026regma",
  "rating": 1146,
  "private": 0,
  "password": null
}