{
  "id": "gen9championsvgc2026regma-2585090185",
  "format": "[Gen 9 Champions] VGC 2026 Reg M-A",
  "players": [
    "Liber Dragon",
    "Cubito009"
  ],
  "log": "|j|\u2606Liber Dragon\n|j|\u2606Cubito009\n|t:|1776310688\n|gametype|doubles\n|player|p1|Liber Dragon|veteran|\n|player|p2|Cubito009|waiter-gen4dp|\n|gen|9\n|tier|[Gen 9 Champions] VGC 2026 Reg M-A\n|rule|Species Clause: Limit one of each Pok\u00e9mon\n|rule|Item Clause: Limit 1 of each item\n|clearpoke\n|poke|p1|Charizard, L50, F|\n|poke|p1|Sneasler, L50, M|\n|poke|p1|Garchomp, L50, F|\n|poke|p1|Whimsicott, L50, F|\n|poke|p1|Kangaskhan, L50, F|\n|poke|p1|Farigiraf, L50, F|\n|poke|p2|Maushold-Four, L50|\n|poke|p2|Farigiraf, L50, F|\n|poke|p2|Clawitzer, L50, F|\n|poke|p2|Crabominable, L50, M|\n|poke|p2|Garganacl, L50, F|\n|poke|p2|Espathra, L50, M|\n|teampreview|4\n|inactive|Battle timer is ON: inactive players will automatically lose when time's up. (requested by Liber Dragon)\n|inactiveoff|Battle timer is now OFF.\nLiber Dragon has agreed to open team sheets.\nCubito009 has agreed to open team sheets.\n|showteam|p1|Charizard||CharizarditeY|Blaze|HeatWave,WeatherBall,SolarBeam,Protect|||F|||50|]Sneasler||WhiteHerb|Unburden|FakeOut,CloseCombat,DireClaw,Protect|||M|||50|]Garchomp||HabanBerry|RoughSkin|DragonClaw,Earthquake,Protect,RockSlide|||F|||50|]Whimsicott||FocusSash|Prankster|Tailwind,Moonblast,Encore,FakeTears|||F|||50|]Kangaskhan||Kangaskhanite|Scrappy|FakeOut,DoubleEdge,LowKick,SuckerPunch|||F|||50|]Farigiraf||SitrusBerry|ArmorTail|HyperVoice,Psychic,TrickRoom,Protect|||F|||50|\n|showteam|p2|Maushold-Four||FocusSash|FriendGuard|FollowMe,Encore,SuperFang,TidyUp||||||50|]Farigiraf||SitrusBerry|CudChew|DazzlingGleam,TrickRoom,FutureSight,Protect|||F|||50|]Clawitzer||MentalHerb|MegaLauncher|DarkPulse,DragonPulse,HydroPump,AuraSphere|||F|||50|]Crabominable||Crabominite|IronFist|BulkUp,DrainPunch,IceHammer,Crabhammer|||M|||50|]Garganacl||Leftovers|PurifyingSalt|BodyPress,IronDefense,SaltCure,Earthquake|||F|||50|]Espathra||TwistedSpoon|SpeedBoost|CalmMind,DazzlingGleam,LuminaCrash,Roost|||M|||50|\n|\n|t:|1776310735\n|teamsize|p1|4\n|teamsize|p2|4\n|start\n|switch|p1a: Kangaskhan|Kangaskhan, L50, F|100/100\n|switch|p1b: Sneasler|Sneasler, L50, M|100/100\n|switch|p2a: Familia|Maushold-Four, L50|100/100\n|switch|p2b: Cortu\u00e1|Farigiraf, L50, F|100/100\n|turn|1\n|\n|t:|1776310754\n|detailschange|p1a: Kangaskhan|Kangaskhan-Mega, L50, F\n|-mega|p1a: Kangaskhan|Kangaskhan|Kangaskhanite\n|move|p2b: Cortu\u00e1|Protect|p2b: Cortu\u00e1\n|-singleturn|p2b: Cortu\u00e1|Protect\n|move|p1b: Sneasler|Fake Out|p2a: Familia\n|-damage|p2a: Familia|82/100\n|move|p1a: Kangaskhan|Fake Out|p2b: Cortu\u00e1\n|-activate|p2b: Cortu\u00e1|move: Protect\n|cant|p2a: Familia|flinch\n|\n|upkeep\n|turn|2\n|\n|t:|1776310781\n|move|p1b: Sneasler|Close Combat|p2a: Familia\n|-supereffective|p2a: Familia|1\n|-damage|p2a: Familia|0 fnt\n|-unboost|p1b: Sneasler|def|1\n|-unboost|p1b: Sneasler|spd|1\n|faint|p2a: Familia\n|-enditem|p1b: Sneasler|White Herb\n|-clearnegativeboost|p1b: Sneasler|[silent]\n|move|p1a: Kangaskhan|Low Kick|p2b: Cortu\u00e1\n|-damage|p2b: Cortu\u00e1|65/100\n|-damage|p2b: Cortu\u00e1|56/100\n|-hitcount|p2b: Cortu\u00e1|2\n|move|p2b: Cortu\u00e1|Trick Room|p2b: Cortu\u00e1\n|-fieldstart|move: Trick Room|[of] p2b: Cortu\u00e1\n|\n|upkeep\n|\n|t:|1776310799\n|switch|p2a: Bodriominable|Crabominable, L50, M|100/100\n|turn|3\n|\n|t:|1776310826\n|detailschange|p2a: Bodriominable|Crabominable-Mega, L50, M\n|-mega|p2a: Bodriominable|Crabominable|Crabominite\n|move|p1b: Sneasler|Protect|p1b: Sneasler\n|-singleturn|p1b: Sneasler|Protect\n|move|p2a: Bodriominable|Ice Hammer|p1b: Sneasler\n|-activate|p1b: Sneasler|move: Protect\n|move|p2b: Cortu\u00e1|Future Sight|p1a: Kangaskhan\n|-start|p2b: Cortu\u00e1|move: Future Sight\n|move|p1a: Kangaskhan|Low Kick|p2a: Bodriominable\n|-supereffective|p2a: Bodriominable|1\n|-damage|p2a: Bodriominable|37/100\n|-supereffective|p2a: Bodriominable|1\n|-damage|p2a: Bodriominable|21/100\n|-hitcount|p2a: Bodriominable|2\n|\n|upkeep\n|turn|4\n|\n|t:|1776310849\n|move|p2a: Bodriominable|Drain Punch|p1a: Kangaskhan\n|-supereffective|p1a: Kangaskhan|1\n|-damage|p1a: Kangaskhan|0 fnt\n|-heal|p2a: Bodriominable|65/100|[from] drain|[of] p1a: Kangaskhan\n|faint|p1a: Kangaskhan\n|move|p2b: Cortu\u00e1|Future Sight|p1b: Sneasler\n|-start|p2b: Cortu\u00e1|move: Future Sight\n|move|p1b: Sneasler|Close Combat|p2b: Cortu\u00e1\n|-damage|p2b: Cortu\u00e1|0 fnt\n|-unboost|p1b: Sneasler|def|1\n|-unboost|p1b: Sneasler|spd|1\n|faint|p2b: Cortu\u00e1\n|\n|upkeep\n|\n|t:|1776310863\n|switch|p2b: Sia|Espathra, L50, M|100/100\n|switch|p1a: Whimsicott|Whimsicott, L50, F|100/100\n|turn|5\n|\n|t:|1776310882\n|move|p1a: Whimsicott|Encore|p2a: Bodriominable\n|-start|p2a: Bodriominable|Encore\n|move|p2a: Bodriominable|Drain Punch|p1a: Whimsicott\n|-resisted|p1a: Whimsicott|1\n|-damage|p1a: Whimsicott|69/100\n|-heal|p2a: Bodriominable|78/100|[from] drain|[of] p1a: Whimsicott\n|move|p2b: Sia|Calm Mind|p2b: Sia\n|-boost|p2b: Sia|spa|1\n|-boost|p2b: Sia|spd|1\n|move|p1b: Sneasler|Close Combat|p2a: Bodriominable\n|-supereffective|p2a: Bodriominable|1\n|-damage|p2a: Bodriominable|0 fnt\n|-unboost|p1b: Sneasler|def|1\n|-unboost|p1b: Sneasler|spd|1\n|faint|p2a: Bodriominable\n|\n|-end|p1a: Whimsicott|move: Future Sight\n|-damage|p1a: Whimsicott|0 fnt\n|faint|p1a: Whimsicott\n|-ability|p2b: Sia|Speed Boost|boost\n|-boost|p2b: Sia|spe|1\n|upkeep\n|\n|t:|1776310896\n|switch|p1a: Garchomp|Garchomp, L50, F|100/100\n|turn|6\n|\n|t:|1776310934\n|move|p1a: Garchomp|Dragon Claw|p2b: Sia\n|-crit|p2b: Sia\n|-damage|p2b: Sia|34/100\n|move|p2b: Sia|Dazzling Gleam|p1a: Garchomp|[spread] p1a,p1b\n|-supereffective|p1a: Garchomp|1\n|-damage|p1a: Garchomp|47/100\n|-damage|p1b: Sneasler|44/100\n|move|p1b: Sneasler|Dire Claw|p2b: Sia\n|-damage|p2b: Sia|0 fnt\n|faint|p2b: Sia\n|\n|win|Liber Dragon\n",
  "uploadtime": 1776310954,
  "views": 22,
  "formatid": "gen9championsvgc2026regma",
  "rating": null,
  "private": 0,
  "password": null
}