{
  "id": "gen9championsvgc2026regma-2582806647",
  "format": "[Gen 9 Champions] VGC 2026 Reg M-A",
  "players": [
    "honeybunnyu",
    "BlazeChampionRaven"
  ],
  "log": "|j|\u2606honeybunnyu\n|j|\u2606BlazeChampionRaven\n|t:|1776115554\n|gametype|doubles\n|player|p1|honeybunnyu|dawn-gen4pt|1117\n|player|p2|BlazeChampionRaven|169|1048\n|gen|9\n|tier|[Gen 9 Champions] VGC 2026 Reg M-A\n|rated|\n|rule|Species Clause: Limit one of each Pok\u00e9mon\n|rule|Item Clause: Limit 1 of each item\n|clearpoke\n|poke|p1|Froslass, L50, F|\n|poke|p1|Kingambit, L50, M|\n|poke|p1|Maushold, L50|\n|poke|p1|Milotic, L50, M|\n|poke|p1|Incineroar, L50, F|\n|poke|p1|Sneasler, L50, F|\n|poke|p2|Basculegion, L50, M|\n|poke|p2|Pelipper, L50, M|\n|poke|p2|Ampharos, L50, M|\n|poke|p2|Sneasler, L50, M|\n|poke|p2|Archaludon, L50, M|\n|poke|p2|Azumarill, L50, F|\n|teampreview|4\nBlazeChampionRaven has agreed to open team sheets.\n|\n|t:|1776115580\n|teamsize|p1|4\n|teamsize|p2|4\n|start\n|switch|p1a: Kingambit|Kingambit, L50, M|100/100\n|switch|p1b: Maushold|Maushold, L50|100/100\n|switch|p2a: Basculegion|Basculegion, L50, M|100/100\n|switch|p2b: Pelipper|Pelipper, L50, M|100/100\n|-weather|RainDance|[from] ability: Drizzle|[of] p2b: Pelipper\n|turn|1\n|\n|t:|1776115600\n|move|p1b: Maushold|Follow Me|p1b: Maushold\n|-singleturn|p1b: Maushold|move: Follow Me\n|move|p2a: Basculegion|Wave Crash|p1b: Maushold\n|-enditem|p1b: Maushold|Focus Sash\n|-damage|p1b: Maushold|1/100\n|-damage|p2a: Basculegion|71/100|[from] Recoil\n|move|p2b: Pelipper|Surf|p1b: Maushold|[spread] p2a,p1a,p1b\n|-resisted|p2a: Basculegion|1\n|-crit|p1b: Maushold\n|-damage|p2a: Basculegion|44/100\n|-damage|p1a: Kingambit|62/100\n|-damage|p1b: Maushold|0 fnt\n|faint|p1b: Maushold\n|move|p1a: Kingambit|Kowtow Cleave|p2b: Pelipper\n|-damage|p2b: Pelipper|41/100\n|\n|-weather|RainDance|[upkeep]\n|-heal|p2b: Pelipper|47/100|[from] item: Leftovers\n|upkeep\n|\n|t:|1776115611\n|switch|p1b: Froslass|Froslass, L50, F|100/100\n|turn|2\n|\n|t:|1776115623\n|detailschange|p1b: Froslass|Froslass-Mega, L50, F\n|-mega|p1b: Froslass|Froslass|Froslassite\n|-weather|Snowscape|[from] ability: Snow Warning|[of] p1b: Froslass\n|move|p2b: Pelipper|Protect|p2b: Pelipper\n|-singleturn|p2b: Pelipper|Protect\n|move|p1a: Kingambit|Sucker Punch|p2a: Basculegion\n|-supereffective|p2a: Basculegion|1\n|-damage|p2a: Basculegion|0 fnt\n|faint|p2a: Basculegion\n|move|p1b: Froslass|Shadow Ball|p2b: Pelipper\n|-activate|p2b: Pelipper|move: Protect\n|\n|-weather|Snowscape|[upkeep]\n|-heal|p2b: Pelipper|53/100|[from] item: Leftovers\n|upkeep\n|\n|t:|1776115638\n|switch|p2a: Sneasler|Sneasler, L50, M|100/100\n|turn|3\n|\n|t:|1776115649\n|switch|p2b: Ampharos|Ampharos, L50, M|100/100\n|switch|p1a: Sneasler|Sneasler, L50, F|100/100\n|move|p2a: Sneasler|Fake Out|p1a: Sneasler\n|-damage|p1a: Sneasler|74/100\n|move|p1b: Froslass|Blizzard|p2a: Sneasler|[spread] p2a,p2b\n|-damage|p2a: Sneasler|33/100\n|-damage|p2b: Ampharos|48/100\n|\n|-weather|Snowscape|[upkeep]\n|upkeep\n|turn|4\n|\n|t:|1776115665\n|switch|p2b: Pelipper|Pelipper, L50, M|53/100\n|-weather|RainDance|[from] ability: Drizzle|[of] p2b: Pelipper\n|move|p1a: Sneasler|Fake Out|p2b: Pelipper\n|-damage|p2b: Pelipper|35/100\n|move|p1b: Froslass|Aurora Veil||[still]\n|-fail|p1b: Froslass\n|move|p2a: Sneasler|Dire Claw|p1b: Froslass\n|-resisted|p1b: Froslass|1\n|-damage|p1b: Froslass|60/100\n|-status|p1b: Froslass|slp\n|\n|-weather|RainDance|[upkeep]\n|-heal|p2b: Pelipper|41/100|[from] item: Leftovers\n|upkeep\n|turn|5\n|\n|t:|1776115698\n|cant|p1b: Froslass|slp\n|move|p1a: Sneasler|Dire Claw|p2b: Pelipper\n|-damage|p2b: Pelipper|0 fnt\n|faint|p2b: Pelipper\n|move|p2a: Sneasler|Dire Claw|p1b: Froslass\n|-resisted|p1b: Froslass|1\n|-damage|p1b: Froslass|21/100 slp\n|\n|-weather|RainDance|[upkeep]\n|upkeep\n|\n|t:|1776115707\n|switch|p2b: Ampharos|Ampharos, L50, M|48/100\n|turn|6\n|\n|t:|1776115717\n|switch|p1b: Kingambit|Kingambit, L50, M|62/100\n|detailschange|p2b: Ampharos|Ampharos-Mega, L50, M\n|-mega|p2b: Ampharos|Ampharos|Ampharosite\n|-ability|p2b: Ampharos|Mold Breaker\n|move|p2b: Ampharos|Protect|p2b: Ampharos\n|-singleturn|p2b: Ampharos|Protect\n|move|p2a: Sneasler|Dire Claw|p1b: Kingambit\n|-immune|p1b: Kingambit\n|move|p1a: Sneasler|Close Combat|p2b: Ampharos\n|-activate|p2b: Ampharos|move: Protect\n|\n|-weather|RainDance|[upkeep]\n|upkeep\n|turn|7\n|\n|t:|1776115738\n|move|p1b: Kingambit|Protect|p1b: Kingambit\n|-singleturn|p1b: Kingambit|Protect\n|move|p2a: Sneasler|Close Combat|p1b: Kingambit\n|-activate|p1b: Kingambit|move: Protect\n|move|p1a: Sneasler|Close Combat|p2a: Sneasler\n|-resisted|p2a: Sneasler|1\n|-damage|p2a: Sneasler|0 fnt\n|-unboost|p1a: Sneasler|def|1\n|-unboost|p1a: Sneasler|spd|1\n|faint|p2a: Sneasler\n|-enditem|p1a: Sneasler|White Herb\n|-clearnegativeboost|p1a: Sneasler|[silent]\n|move|p2b: Ampharos|Thunder|p1a: Sneasler\n|-damage|p1a: Sneasler|0 fnt\n|faint|p1a: Sneasler\n|\n|-weather|RainDance|[upkeep]\n|upkeep\n|\n|t:|1776115754\n|switch|p1a: Froslass|Froslass-Mega, L50, F|21/100 slp\n|-weather|Snowscape|[from] ability: Snow Warning|[of] p1a: Froslass\n|turn|8\n|\n|t:|1776115763\n|cant|p1a: Froslass|slp\n|move|p2b: Ampharos|Thunder|p1a: Froslass|[miss]\n|-miss|p2b: Ampharos|p1a: Froslass\n|move|p1b: Kingambit|Kowtow Cleave|p2b: Ampharos\n|-damage|p2b: Ampharos|0 fnt\n|faint|p2b: Ampharos\n|\n|win|honeybunnyu\n|raw|honeybunnyu's rating: 1117 &rarr; <strong>1137</strong><br />(+20 for winning)\n|raw|BlazeChampionRaven's rating: 1048 &rarr; <strong>1034</strong><br />(-14 for losing)\n|l|\u2606BlazeChampionRaven\n|player|p2|\n",
  "uploadtime": 1776115770,
  "views": 18,
  "formatid": "gen9championsvgc2026regma",
  "rating": 1034,
  "private": 0,
  "password": null
}