{
  "id": "gen9championsvgc2026regma-2582097763",
  "format": "[Gen 9 Champions] VGC 2026 Reg M-A",
  "players": [
    "mannchicken",
    "caramelpainn"
  ],
  "log": "|j|\u2606mannchicken\n|j|\u2606caramelpainn\n|t:|1776057565\n|gametype|doubles\n|player|p1|mannchicken|clown|1097\n|player|p2|caramelpainn|cynthia-masters|1134\n|gen|9\n|tier|[Gen 9 Champions] VGC 2026 Reg M-A\n|rated|\n|rule|Species Clause: Limit one of each Pok\u00e9mon\n|rule|Item Clause: Limit 1 of each item\n|clearpoke\n|poke|p1|Golurk, L50|\n|poke|p1|Conkeldurr, L50, M|\n|poke|p1|Cofagrigus, L50, F|\n|poke|p1|Armarouge, L50, F|\n|poke|p1|Kingambit, L50, M|\n|poke|p1|Farigiraf, L50, F|\n|poke|p2|Aerodactyl, L50, M|\n|poke|p2|Incineroar, L50, M|\n|poke|p2|Primarina, L50, M|\n|poke|p2|Volcarona, L50, M|\n|poke|p2|Scovillain, L50, F|\n|poke|p2|Kingambit, L50, M|\n|teampreview|4\n|\n|t:|1776057592\n|teamsize|p1|4\n|teamsize|p2|4\n|start\n|switch|p1a: Kingambit|Kingambit, L50, M|100/100\n|switch|p1b: Cofagrigus|Cofagrigus, L50, F|100/100\n|switch|p2a: Primarina|Primarina, L50, M|100/100\n|switch|p2b: Kingambit|Kingambit, L50, M|100/100\n|turn|1\n|inactive|Battle timer is ON: inactive players will automatically lose when time's up. (requested by caramelpainn)\n|\n|t:|1776057616\n|move|p1b: Cofagrigus|Ally Switch|p1b: Cofagrigus\n|swap|p1b: Cofagrigus|0|[from] move: Ally Switch\n|move|p2a: Primarina|Calm Mind|p2a: Primarina\n|-boost|p2a: Primarina|spa|1\n|-boost|p2a: Primarina|spd|1\n|move|p2b: Kingambit|Kowtow Cleave|p1b: Kingambit\n|-resisted|p1b: Kingambit|1\n|-damage|p1b: Kingambit|80/100\n|move|p1b: Kingambit|Low Kick|p2b: Kingambit\n|-supereffective|p2b: Kingambit|2\n|-damage|p2b: Kingambit|0 fnt\n|faint|p2b: Kingambit\n|\n|upkeep\n|\n|t:|1776057623\n|switch|p2b: Scovillain|Scovillain, L50, F|100/100\n|turn|2\n|\n|t:|1776057637\n|detailschange|p2b: Scovillain|Scovillain-Mega, L50, F\n|-mega|p2b: Scovillain|Scovillain|Scovillainite\n|move|p2b: Scovillain|Rage Powder|p2b: Scovillain\n|-singleturn|p2b: Scovillain|move: Rage Powder\n|move|p2a: Primarina|Calm Mind|p2a: Primarina\n|-boost|p2a: Primarina|spa|1\n|-boost|p2a: Primarina|spd|1\n|move|p1b: Kingambit|Iron Head|p2b: Scovillain\n|-resisted|p2b: Scovillain|1\n|-damage|p2b: Scovillain|76/100\n|-status|p1b: Kingambit|brn|[from] ability: Spicy Spray|[of] p2b: Scovillain\n|move|p1a: Cofagrigus|Shadow Ball|p2b: Scovillain\n|-damage|p2b: Scovillain|55/100\n|-status|p1a: Cofagrigus|brn|[from] ability: Spicy Spray|[of] p2b: Scovillain\n|\n|-damage|p1b: Kingambit|74/100 brn|[from] brn\n|-damage|p1a: Cofagrigus|94/100 brn|[from] brn\n|upkeep\n|turn|3\n|c|\u2606caramelpainn|nasty play\n|\n|t:|1776057660\n|move|p2b: Scovillain|Rage Powder|p2b: Scovillain\n|-singleturn|p2b: Scovillain|move: Rage Powder\n|move|p2a: Primarina|Moonblast|p1b: Kingambit\n|-damage|p1b: Kingambit|0 fnt\n|faint|p1b: Kingambit\n|move|p1a: Cofagrigus|Trick Room|p1a: Cofagrigus\n|-fieldstart|move: Trick Room|[of] p1a: Cofagrigus\n|\n|-damage|p1a: Cofagrigus|88/100 brn|[from] brn\n|upkeep\n|\n|t:|1776057669\n|switch|p1b: Armarouge|Armarouge, L50, F|100/100\n|turn|4\n|\n|t:|1776057678\n|move|p2b: Scovillain|Protect|p2b: Scovillain\n|-singleturn|p2b: Scovillain|Protect\n|move|p1a: Cofagrigus|Shadow Ball|p2b: Scovillain\n|-activate|p2b: Scovillain|move: Protect\n|move|p2a: Primarina|Hyper Voice|p1b: Armarouge|[spread] p1a,p1b\n|-supereffective|p1b: Armarouge|1\n|-damage|p1a: Cofagrigus|30/100 brn\n|-damage|p1b: Armarouge|16/100\n|move|p1b: Armarouge|Heat Wave|p2a: Primarina|[spread] p2a\n|-activate|p2b: Scovillain|move: Protect\n|-resisted|p2a: Primarina|1\n|-damage|p2a: Primarina|95/100\n|\n|-heal|p2a: Primarina|100/100|[from] item: Leftovers\n|-damage|p1a: Cofagrigus|24/100 brn|[from] brn\n|upkeep\n|turn|5\n|\n|t:|1776057701\n|switch|p2b: Incineroar|Incineroar, L50, M|100/100\n|-ability|p2b: Incineroar|Intimidate|boost\n|-unboost|p1a: Cofagrigus|atk|1\n|-unboost|p1b: Armarouge|atk|1\n|move|p1a: Cofagrigus|Protect|p1a: Cofagrigus\n|-singleturn|p1a: Cofagrigus|Protect\n|move|p2a: Primarina|Moonblast|p1b: Armarouge\n|-resisted|p1b: Armarouge|1\n|-damage|p1b: Armarouge|0 fnt\n|faint|p1b: Armarouge\n|\n|-damage|p1a: Cofagrigus|18/100 brn|[from] brn\n|upkeep\n|\n|t:|1776057712\n|switch|p1b: Conkeldurr|Conkeldurr, L50, M|100/100\n|turn|6\n|\n|t:|1776057718\n|move|p2b: Incineroar|Fake Out|p1b: Conkeldurr\n|-damage|p1b: Conkeldurr|89/100\n|move|p1a: Cofagrigus|Shadow Ball|p2a: Primarina\n|-damage|p2a: Primarina|90/100\n|-unboost|p2a: Primarina|spd|1\n|cant|p1b: Conkeldurr|flinch\n|move|p2a: Primarina|Moonblast|p1b: Conkeldurr\n|-supereffective|p1b: Conkeldurr|1\n|-damage|p1b: Conkeldurr|0 fnt\n|faint|p1b: Conkeldurr\n|\n|-heal|p2a: Primarina|96/100|[from] item: Leftovers\n|-damage|p1a: Cofagrigus|12/100 brn|[from] brn\n|upkeep\n|turn|7\n|c|\u2606caramelpainn|gg\n|-message|mannchicken forfeited.\n|\n|win|caramelpainn\n|raw|mannchicken's rating: 1097 &rarr; <strong>1075</strong><br />(-22 for losing)\n|raw|caramelpainn's rating: 1134 &rarr; <strong>1156</strong><br />(+22 for winning)\n|l|\u2606mannchicken\n|player|p1|\n",
  "uploadtime": 1776057738,
  "views": 15,
  "formatid": "gen9championsvgc2026regma",
  "rating": 1075,
  "private": 0,
  "password": null
}