{
  "id": "gen9championsvgc2026regma-2583286541",
  "format": "[Gen 9 Champions] VGC 2026 Reg M-A",
  "players": [
    "thatoneguy1337",
    "pevere1l"
  ],
  "log": "|j|\u2606thatoneguy1337\n|j|\u203dpevere1l\n|t:|1776163303\n|gametype|doubles\n|player|p1|thatoneguy1337|cynthia-masters|1434\n|player|p2|pevere1l|steven|1372\n|gen|9\n|tier|[Gen 9 Champions] VGC 2026 Reg M-A\n|rated|\n|rule|Species Clause: Limit one of each Pok\u00e9mon\n|rule|Item Clause: Limit 1 of each item\n|clearpoke\n|poke|p1|Delphox, L50, M|\n|poke|p1|Basculegion, L50, M|\n|poke|p1|Clefable, L50, M|\n|poke|p1|Kingambit, L50, F|\n|poke|p1|Dragonite, L50, F|\n|poke|p1|Sneasler, L50, F|\n|poke|p2|Sneasler, L50, M|\n|poke|p2|Froslass, L50, F|\n|poke|p2|Incineroar, L50, M|\n|poke|p2|Milotic, L50, F|\n|poke|p2|Corviknight, L50, M|\n|poke|p2|Garchomp, L50, F|\n|teampreview|4\n|inactive|Battle timer is ON: inactive players will automatically lose when time's up. (requested by pevere1l)\n|inactive|pevere1l has 60 seconds left.\n|\n|t:|1776163334\n|teamsize|p1|4\n|teamsize|p2|4\n|start\n|switch|p1a: Clefable|Clefable, L50, M|100/100\n|switch|p1b: Kingambit|Kingambit, L50, F|100/100\n|switch|p2a: Garchomp|Garchomp, L50, F|100/100\n|switch|p2b: Corviknight|Corviknight, L50, M|100/100\n|turn|1\n|\n|t:|1776163345\n|move|p2a: Garchomp|Earthquake|p1a: Clefable|[spread] p1a,p1b\n|-immune|p2b: Corviknight\n|-supereffective|p1b: Kingambit|1\n|-damage|p1a: Clefable|66/100\n|-damage|p1b: Kingambit|42/100\n|move|p2b: Corviknight|Iron Head|p1a: Clefable\n|-supereffective|p1a: Clefable|1\n|-damage|p1a: Clefable|26/100\n|-enditem|p1a: Clefable|Sitrus Berry|[eat]\n|-heal|p1a: Clefable|51/100|[from] item: Sitrus Berry\n|move|p1a: Clefable|Moonblast|p2a: Garchomp\n|-supereffective|p2a: Garchomp|1\n|-damage|p2a: Garchomp|34/100\n|move|p1b: Kingambit|Swords Dance|p1b: Kingambit\n|-boost|p1b: Kingambit|atk|2\n|\n|upkeep\n|turn|2\n|\n|t:|1776163368\n|switch|p2a: Milotic|Milotic, L50, F|100/100\n|move|p1a: Clefable|Follow Me|p1a: Clefable\n|-singleturn|p1a: Clefable|move: Follow Me\n|move|p2b: Corviknight|Body Press|p1a: Clefable\n|-resisted|p1a: Clefable|1\n|-damage|p1a: Clefable|41/100\n|move|p1b: Kingambit|Kowtow Cleave|p2b: Corviknight\n|-damage|p2b: Corviknight|22/100\n|\n|upkeep\n|turn|3\n|\n|t:|1776163386\n|move|p1b: Kingambit|Sucker Punch||[still]\n|-fail|p1b: Kingambit\n|move|p2a: Milotic|Haze|p2a: Milotic\n|-clearallboost\n|move|p2b: Corviknight|Tailwind|p2b: Corviknight\n|-sidestart|p2: pevere1l|move: Tailwind\n|move|p1a: Clefable|Moonblast|p2b: Corviknight\n|-resisted|p2b: Corviknight|1\n|-damage|p2b: Corviknight|8/100\n|\n|upkeep\n|turn|4\n|\n|t:|1776163402\n|move|p1a: Clefable|Protect|p1a: Clefable\n|-singleturn|p1a: Clefable|Protect\n|move|p1b: Kingambit|Protect|p1b: Kingambit\n|-singleturn|p1b: Kingambit|Protect\n|move|p2a: Milotic|Scald|p1b: Kingambit\n|-activate|p1b: Kingambit|move: Protect\n|move|p2b: Corviknight|Body Press|p1b: Kingambit\n|-activate|p1b: Kingambit|move: Protect\n|\n|upkeep\n|turn|5\n|\n|t:|1776163414\n|switch|p2b: Garchomp|Garchomp, L50, F|34/100\n|move|p1a: Clefable|Follow Me|p1a: Clefable\n|-singleturn|p1a: Clefable|move: Follow Me\n|move|p2a: Milotic|Scald|p1a: Clefable\n|-damage|p1a: Clefable|14/100\n|move|p1b: Kingambit|Kowtow Cleave|p2a: Milotic\n|-damage|p2a: Milotic|38/100\n|\n|-heal|p2a: Milotic|44/100|[from] item: Leftovers\n|upkeep\n|turn|6\n|\n|t:|1776163432\n|switch|p2b: Corviknight|Corviknight, L50, M|8/100\n|move|p1b: Kingambit|Sucker Punch||[still]\n|-fail|p1b: Kingambit\n|move|p2a: Milotic|Scald|p1b: Kingambit\n|-damage|p1b: Kingambit|13/100\n|move|p1a: Clefable|Moonblast|p2a: Milotic\n|-damage|p2a: Milotic|28/100\n|\n|-heal|p2a: Milotic|34/100|[from] item: Leftovers\n|-sideend|p2: pevere1l|move: Tailwind\n|upkeep\n|turn|7\n|inactive|thatoneguy1337 has 30 seconds left.\n|\n|t:|1776163457\n|move|p2a: Milotic|Scald|p1b: Kingambit\n|-damage|p1b: Kingambit|0 fnt\n|faint|p1b: Kingambit\n|move|p2b: Corviknight|Tailwind|p2b: Corviknight\n|-sidestart|p2: pevere1l|move: Tailwind\n|move|p1a: Clefable|Moonblast|p2a: Milotic\n|-damage|p2a: Milotic|15/100\n|\n|-heal|p2a: Milotic|21/100|[from] item: Leftovers\n|upkeep\n|\n|t:|1776163461\n|switch|p1b: Sneasler|Sneasler, L50, F|100/100\n|turn|8\n|\n|t:|1776163480\n|move|p2a: Milotic|Protect|p2a: Milotic\n|-singleturn|p2a: Milotic|Protect\n|move|p1b: Sneasler|Fake Out|p2a: Milotic\n|-activate|p2a: Milotic|move: Protect\n|move|p2b: Corviknight|Brave Bird|p1b: Sneasler\n|-supereffective|p1b: Sneasler|1\n|-enditem|p1b: Sneasler|Focus Sash\n|-damage|p1b: Sneasler|1/100\n|-damage|p2b: Corviknight|0 fnt|[from] Recoil\n|faint|p2b: Corviknight\n|move|p1a: Clefable|Moonblast|p2a: Milotic\n|-activate|p2a: Milotic|move: Protect\n|\n|-heal|p2a: Milotic|27/100|[from] item: Leftovers\n|upkeep\n|\n|t:|1776163493\n|switch|p2b: Garchomp|Garchomp, L50, F|34/100\n|turn|9\n|inactive|thatoneguy1337 has 30 seconds left.\n|inactive|thatoneguy1337 has 20 seconds left.\n|\n|t:|1776163529\n|move|p1b: Sneasler|Protect|p1b: Sneasler\n|-singleturn|p1b: Sneasler|Protect\n|move|p1a: Clefable|Protect|p1a: Clefable\n|-singleturn|p1a: Clefable|Protect\n|move|p2b: Garchomp|Rock Slide|p1b: Sneasler|[spread] \n|-activate|p1a: Clefable|move: Protect\n|-activate|p1b: Sneasler|move: Protect\n|move|p2a: Milotic|Icy Wind|p1a: Clefable|[spread] \n|-activate|p1a: Clefable|move: Protect\n|-activate|p1b: Sneasler|move: Protect\n|\n|-heal|p2a: Milotic|33/100|[from] item: Leftovers\n|upkeep\n|turn|10\n|\n|t:|1776163549\n|move|p1b: Sneasler|Protect||[still]\n|-fail|p1b: Sneasler\n|move|p2b: Garchomp|Rock Slide|p1a: Clefable|[spread] p1a,p1b\n|-resisted|p1b: Sneasler|1\n|-damage|p1a: Clefable|0 fnt\n|-damage|p1b: Sneasler|0 fnt\n|faint|p1a: Clefable\n|faint|p1b: Sneasler\n|move|p2a: Milotic|Icy Wind|p1: Clefable|[notarget]\n|-fail|p2a: Milotic\n|\n|-heal|p2a: Milotic|39/100|[from] item: Leftovers\n|-sideend|p2: pevere1l|move: Tailwind\n|upkeep\n|-message|thatoneguy1337 forfeited.\n|\n|win|pevere1l\n|raw|thatoneguy1337's rating: 1434 &rarr; <strong>1410</strong><br />(-24 for losing)\n|raw|pevere1l's rating: 1372 &rarr; <strong>1396</strong><br />(+24 for winning)\n|l|\u2606thatoneguy1337\n|player|p1|\n",
  "uploadtime": 1776163585,
  "views": 37,
  "formatid": "gen9championsvgc2026regma",
  "rating": 1396,
  "private": 0,
  "password": null
}