{
  "id": "gen9championsvgc2026regma-2583993433",
  "format": "[Gen 9 Champions] VGC 2026 Reg M-A",
  "players": [
    "12lego2",
    "yuriimon"
  ],
  "log": "|j|\u260612lego2\n|j|\u2606yuriimon\n|t:|1776214966\n|gametype|doubles\n|player|p1|12lego2|2|1096\n|player|p2|yuriimon|waitress-gen4|1064\n|gen|9\n|tier|[Gen 9 Champions] VGC 2026 Reg M-A\n|rated|\n|rule|Species Clause: Limit one of each Pok\u00e9mon\n|rule|Item Clause: Limit 1 of each item\n|clearpoke\n|poke|p1|Beedrill, L50, M|\n|poke|p1|Corviknight, L50, F|\n|poke|p1|Typhlosion-Hisui, L50, F|\n|poke|p1|Tsareena, L50, F|\n|poke|p1|Milotic, L50, M|\n|poke|p1|Meganium, L50, M|\n|poke|p2|Glimmora, L50, F|\n|poke|p2|Incineroar, L50, M|\n|poke|p2|Archaludon, L50, F|\n|poke|p2|Politoed, L50, M|\n|poke|p2|Basculegion, L50, M|\n|poke|p2|Chesnaught, L50, F|\n|teampreview|4\n|inactive|Battle timer is ON: inactive players will automatically lose when time's up. (requested by yuriimon)\n|\n|t:|1776214992\n|teamsize|p1|4\n|teamsize|p2|4\n|start\n|switch|p1a: Corviknight|Corviknight, L50, F|100/100\n|switch|p1b: Milotic|Milotic, L50, M|100/100\n|switch|p2a: Glimmora|Glimmora, L50, F|100/100\n|switch|p2b: Incineroar|Incineroar, L50, M|100/100\n|-ability|p2b: Incineroar|Intimidate|boost\n|-ability|p1a: Corviknight|Mirror Armor\n|-unboost|p2b: Incineroar|atk|1\n|-unboost|p1b: Milotic|atk|1\n|-ability|p1b: Milotic|Competitive|boost\n|-boost|p1b: Milotic|spa|2\n|turn|1\n|inactive|yuriimon has 30 seconds left.\n|inactive|yuriimon has 20 seconds left.\n|\n|t:|1776215028\n|detailschange|p2a: Glimmora|Glimmora-Mega, L50, F\n|-mega|p2a: Glimmora|Glimmora|Glimmoranite\n|move|p2b: Incineroar|Fake Out|p1b: Milotic\n|-damage|p1b: Milotic|91/100\n|move|p2a: Glimmora|Power Gem|p1b: Milotic\n|-damage|p1b: Milotic|51/100\n|cant|p1b: Milotic|flinch\n|move|p1a: Corviknight|Tailwind|p1a: Corviknight\n|-sidestart|p1: 12lego2|move: Tailwind\n|\n|upkeep\n|turn|2\n|\n|t:|1776215047\n|move|p2a: Glimmora|Protect|p2a: Glimmora\n|-singleturn|p2a: Glimmora|Protect\n|move|p1b: Milotic|Light Screen|p1b: Milotic\n|-sidestart|p1: 12lego2|move: Light Screen\n|move|p1a: Corviknight|Iron Defense|p1a: Corviknight\n|-boost|p1a: Corviknight|def|2\n|move|p2b: Incineroar|Darkest Lariat|p1b: Milotic\n|-damage|p1b: Milotic|24/100\n|\n|upkeep\n|turn|3\n|\n|t:|1776215068\n|switch|p2a: Archaludon|Archaludon, L50, F|100/100\n|move|p1b: Milotic|Recover|p1b: Milotic\n|-heal|p1b: Milotic|74/100\n|move|p1a: Corviknight|Iron Head|p2a: Archaludon\n|-resisted|p2a: Archaludon|1\n|-damage|p2a: Archaludon|93/100\n|-ability|p2a: Archaludon|Stamina|boost\n|-boost|p2a: Archaludon|def|1\n|move|p2b: Incineroar|Darkest Lariat|p1b: Milotic\n|-damage|p1b: Milotic|45/100\n|\n|upkeep\n|turn|4\n|\n|t:|1776215091\n|switch|p2b: Politoed|Politoed, L50, M|100/100\n|-weather|RainDance|[from] ability: Drizzle|[of] p2b: Politoed\n|move|p1b: Milotic|Recover|p1b: Milotic\n|-heal|p1b: Milotic|95/100\n|move|p1a: Corviknight|Body Press|p2b: Politoed\n|-damage|p2b: Politoed|55/100\n|move|p2a: Archaludon|Electro Shot||[still]\n|-prepare|p2a: Archaludon|Electro Shot\n|-boost|p2a: Archaludon|spa|1\n|-anim|p2a: Archaludon|Electro Shot|p1a: Corviknight\n|-supereffective|p1a: Corviknight|1\n|-crit|p1a: Corviknight\n|-damage|p1a: Corviknight|0 fnt\n|faint|p1a: Corviknight\n|\n|-weather|RainDance|[upkeep]\n|-sideend|p1: 12lego2|move: Tailwind\n|upkeep\n|\n|t:|1776215101\n|switch|p1a: Meganium|Meganium, L50, M|100/100\n|turn|5\n|\n|t:|1776215114\n|detailschange|p1a: Meganium|Meganium-Mega, L50, M\n|-mega|p1a: Meganium|Meganium|Meganiumite\n|move|p2b: Politoed|Protect|p2b: Politoed\n|-singleturn|p2b: Politoed|Protect\n|move|p1a: Meganium|Solar Beam||[still]\n|-prepare|p1a: Meganium|Solar Beam\n|-activate|p1a: Meganium|ability: Mega Sol\n|-anim|p1a: Meganium|Solar Beam|p2b: Politoed\n|-activate|p2b: Politoed|move: Protect\n|move|p2a: Archaludon|Electro Shot||[still]\n|-prepare|p2a: Archaludon|Electro Shot\n|-boost|p2a: Archaludon|spa|1\n|-anim|p2a: Archaludon|Electro Shot|p1b: Milotic\n|-supereffective|p1b: Milotic|1\n|-damage|p1b: Milotic|23/100\n|move|p1b: Milotic|Surf|p2a: Archaludon|[spread] p1a,p2a\n|-activate|p2b: Politoed|move: Protect\n|-resisted|p1a: Meganium|1\n|-resisted|p2a: Archaludon|1\n|-damage|p1a: Meganium|68/100\n|-damage|p2a: Archaludon|14/100\n|-ability|p2a: Archaludon|Stamina|boost\n|-boost|p2a: Archaludon|def|1\n|\n|-weather|RainDance|[upkeep]\n|upkeep\n|turn|6\n|inactive|yuriimon has 30 seconds left.\n|\n|t:|1776215145\n|switch|p2b: Incineroar|Incineroar, L50, M|100/100\n|-ability|p2b: Incineroar|Intimidate|boost\n|-unboost|p1a: Meganium|atk|1\n|-unboost|p1b: Milotic|atk|1\n|-ability|p1b: Milotic|Competitive|boost\n|-boost|p1b: Milotic|spa|2\n|move|p1a: Meganium|Solar Beam||[still]\n|-prepare|p1a: Meganium|Solar Beam\n|-activate|p1a: Meganium|ability: Mega Sol\n|-anim|p1a: Meganium|Solar Beam|p2b: Incineroar\n|-resisted|p2b: Incineroar|1\n|-damage|p2b: Incineroar|69/100\n|move|p2a: Archaludon|Electro Shot||[still]\n|-prepare|p2a: Archaludon|Electro Shot\n|-boost|p2a: Archaludon|spa|1\n|-anim|p2a: Archaludon|Electro Shot|p1b: Milotic\n|-supereffective|p1b: Milotic|1\n|-damage|p1b: Milotic|0 fnt\n|faint|p1b: Milotic\n|\n|-weather|RainDance|[upkeep]\n|-sideend|p1: 12lego2|move: Light Screen\n|upkeep\n|\n|t:|1776215153\n|switch|p1b: Tsareena|Tsareena, L50, F|100/100\n|turn|7\n|\n|t:|1776215173\n|move|p1a: Meganium|Weather Ball|p2a: Archaludon\n|-damage|p2a: Archaludon|0 fnt\n|faint|p2a: Archaludon\n|move|p1b: Tsareena|High Jump Kick|p2b: Incineroar\n|-supereffective|p2b: Incineroar|1\n|-damage|p2b: Incineroar|0 fnt\n|faint|p2b: Incineroar\n|\n|-weather|RainDance|[upkeep]\n|upkeep\n|\n|t:|1776215180\n|switch|p2a: Politoed|Politoed, L50, M|55/100\n|switch|p2b: Glimmora|Glimmora-Mega, L50, F|100/100\n|turn|8\n|\n|t:|1776215199\n|move|p2a: Politoed|Helping Hand|p2b: Glimmora\n|-singleturn|p2b: Glimmora|Helping Hand|[of] p2a: Politoed\n|move|p1a: Meganium|Solar Beam||[still]\n|-prepare|p1a: Meganium|Solar Beam\n|-activate|p1a: Meganium|ability: Mega Sol\n|-anim|p1a: Meganium|Solar Beam|p2b: Glimmora\n|-damage|p2b: Glimmora|11/100\n|move|p2b: Glimmora|Sludge Wave|p1a: Meganium|[spread] p2a,p1a,p1b\n|-crit|p2a: Politoed\n|-supereffective|p1a: Meganium|2\n|-crit|p1a: Meganium\n|-supereffective|p1b: Tsareena|1\n|-damage|p2a: Politoed|0 fnt\n|-damage|p1a: Meganium|0 fnt\n|-damage|p1b: Tsareena|0 fnt\n|faint|p2a: Politoed\n|faint|p1a: Meganium\n|faint|p1b: Tsareena\n|\n|win|yuriimon\n|raw|12lego2's rating: 1096 &rarr; <strong>1069</strong><br />(-27 for losing)\n|raw|yuriimon's rating: 1064 &rarr; <strong>1097</strong><br />(+33 for winning)\n|l|\u260612lego2\n|player|p1|\n|c|\u2606yuriimon|gg\n",
  "uploadtime": 1776215216,
  "views": 18,
  "formatid": "gen9championsvgc2026regma",
  "rating": 1069,
  "private": 0,
  "password": null
}