{
  "id": "gen9championsvgc2026regma-2588187830",
  "format": "[Gen 9 Champions] VGC 2026 Reg M-A",
  "players": [
    "Dudthestud",
    "khungcanh"
  ],
  "log": "|j|\u2606Dudthestud\n|j|\u2606khungcanh\n|t:|1776612700\n|gametype|doubles\n|player|p1|Dudthestud|2|1345\n|player|p2|khungcanh|shauntal-masters|1382\n|gen|9\n|tier|[Gen 9 Champions] VGC 2026 Reg M-A\n|rated|\n|rule|Species Clause: Limit one of each Pok\u00e9mon\n|rule|Item Clause: Limit 1 of each item\n|clearpoke\n|poke|p1|Charizard, L50, F|\n|poke|p1|Milotic, L50, M|\n|poke|p1|Aegislash, L50, F|\n|poke|p1|Sneasler, L50, F|\n|poke|p1|Aerodactyl, L50, M|\n|poke|p1|Sylveon, L50, F|\n|poke|p2|Floette-Eternal, L50, F|\n|poke|p2|Garchomp, L50, F|\n|poke|p2|Kingambit, L50, M|\n|poke|p2|Basculegion, L50, M|\n|poke|p2|Sneasler, L50, F|\n|poke|p2|Froslass, L50, F|\n|teampreview|4\nkhungcanh has agreed to open team sheets.\n|inactive|Battle timer is ON: inactive players will automatically lose when time's up. (requested by khungcanh)\n|\n|t:|1776612729\n|teamsize|p1|4\n|teamsize|p2|4\n|start\n|switch|p1a: Aerodactyl|Aerodactyl, L50, M|100/100\n|switch|p1b: Sneasler|Sneasler, L50, F|100/100\n|switch|p2a: Garchomp|Garchomp, L50, F|100/100\n|switch|p2b: Floette|Floette-Eternal, L50, F|100/100\n|-ability|p1a: Aerodactyl|Unnerve\n|turn|1\n|\n|t:|1776612740\n|detailschange|p2b: Floette|Floette-Mega, L50, F\n|-mega|p2b: Floette|Floette|Floettite\n|-ability|p2b: Floette|Fairy Aura\n|move|p1b: Sneasler|Fake Out|p2a: Garchomp\n|-damage|p2a: Garchomp|88/100\n|-damage|p1b: Sneasler|88/100|[from] ability: Rough Skin|[of] p2a: Garchomp\n|move|p1a: Aerodactyl|Tailwind|p1a: Aerodactyl\n|-sidestart|p1: Dudthestud|move: Tailwind\n|move|p2b: Floette|Moonblast|p1a: Aerodactyl\n|-enditem|p1a: Aerodactyl|Focus Sash\n|-damage|p1a: Aerodactyl|1/100\n|cant|p2a: Garchomp|flinch\n|\n|upkeep\n|turn|2\n|\n|t:|1776612758\n|move|p2b: Floette|Protect|p2b: Floette\n|-singleturn|p2b: Floette|Protect\n|move|p1a: Aerodactyl|Rock Slide|p2b: Floette|[spread] p2a\n|-activate|p2b: Floette|move: Protect\n|-resisted|p2a: Garchomp|1\n|-damage|p2a: Garchomp|78/100\n|move|p1b: Sneasler|Close Combat|p2a: Garchomp\n|-damage|p2a: Garchomp|24/100\n|-unboost|p1b: Sneasler|def|1\n|-unboost|p1b: Sneasler|spd|1\n|-damage|p1b: Sneasler|76/100|[from] ability: Rough Skin|[of] p2a: Garchomp\n|-enditem|p1b: Sneasler|White Herb\n|-clearnegativeboost|p1b: Sneasler|[silent]\n|cant|p2a: Garchomp|flinch\n|\n|upkeep\n|turn|3\n|c|\u2606khungcanh|fuck me\n|\n|t:|1776612775\n|move|p1b: Sneasler|Dire Claw|p2b: Floette\n|-supereffective|p2b: Floette|1\n|-damage|p2b: Floette|0 fnt\n|faint|p2b: Floette\n|move|p1a: Aerodactyl|Rock Slide|p2a: Garchomp\n|-resisted|p2a: Garchomp|1\n|-damage|p2a: Garchomp|8/100\n|cant|p2a: Garchomp|flinch\n|\n|upkeep\n|\n|t:|1776612779\n|switch|p2b: Sneasler|Sneasler, L50, F|100/100\n|turn|4\n|\n|t:|1776612792\n|move|p1b: Sneasler|Protect|p1b: Sneasler\n|-singleturn|p1b: Sneasler|Protect\n|move|p1a: Aerodactyl|Protect|p1a: Aerodactyl\n|-singleturn|p1a: Aerodactyl|Protect\n|move|p2b: Sneasler|Fake Out|p1a: Aerodactyl\n|-activate|p1a: Aerodactyl|move: Protect\n|move|p2a: Garchomp|Dragon Claw|p1b: Sneasler\n|-activate|p1b: Sneasler|move: Protect\n|\n|-sideend|p1: Dudthestud|move: Tailwind\n|upkeep\n|turn|5\n|\n|t:|1776612799\n|move|p1b: Sneasler|Dire Claw|p2a: Garchomp\n|-resisted|p2a: Garchomp|1\n|-damage|p2a: Garchomp|0 fnt\n|-damage|p1b: Sneasler|64/100|[from] ability: Rough Skin|[of] p2a: Garchomp\n|faint|p2a: Garchomp\n|move|p1a: Aerodactyl|Dual Wingbeat|p2b: Sneasler\n|-supereffective|p2b: Sneasler|1\n|-damage|p2b: Sneasler|43/100\n|-supereffective|p2b: Sneasler|1\n|-damage|p2b: Sneasler|0 fnt\n|faint|p2b: Sneasler\n|-hitcount|p2: Sneasler|2\n|\n|upkeep\n|\n|t:|1776612803\n|switch|p2b: Basculegion|Basculegion, L50, M|100/100\n|turn|6\n|\n|t:|1776612812\n|move|p1a: Aerodactyl|Protect|p1a: Aerodactyl\n|-singleturn|p1a: Aerodactyl|Protect\n|move|p2b: Basculegion|Aqua Jet|p1a: Aerodactyl\n|-activate|p1a: Aerodactyl|move: Protect\n|move|p1b: Sneasler|Dire Claw|p2b: Basculegion\n|-resisted|p2b: Basculegion|1\n|-damage|p2b: Basculegion|80/100\n|\n|upkeep\n|turn|7\n|\n|t:|1776612820\n|switch|p1a: Aegislash|Aegislash, L50, F|100/100\n|move|p2b: Basculegion|Aqua Jet|p1a: Aegislash\n|-damage|p1a: Aegislash|80/100\n|move|p1b: Sneasler|Dire Claw|p2b: Basculegion\n|-resisted|p2b: Basculegion|1\n|-damage|p2b: Basculegion|57/100\n|\n|upkeep\n|turn|8\n|\n|t:|1776612825\n|-formechange|p1a: Aegislash|Aegislash-Blade|\n|move|p1a: Aegislash|Shadow Sneak|p2b: Basculegion\n|-supereffective|p2b: Basculegion|1\n|-damage|p2b: Basculegion|0 fnt\n|faint|p2b: Basculegion\n|\n|win|Dudthestud\n|raw|Dudthestud's rating: 1345 &rarr; <strong>1367</strong><br />(+22 for winning)\n|raw|khungcanh's rating: 1382 &rarr; <strong>1360</strong><br />(-22 for losing)\n|l|\u2606khungcanh\n|player|p2|\n|l|\u2606Dudthestud\n|player|p1|\n|j|\u2606Dudthestud\n|player|p1|Dudthestud|2|\n",
  "uploadtime": 1776613282,
  "views": 11,
  "formatid": "gen9championsvgc2026regma",
  "rating": 1360,
  "private": 0,
  "password": null
}