{
  "id": "gen9championsvgc2026regma-2588589025",
  "format": "[Gen 9 Champions] VGC 2026 Reg M-A",
  "players": [
    "shay710102",
    "mithology2467"
  ],
  "log": "|j|\u2606shay710102\n|j|\u2606mithology2467\n|t:|1776647830\n|gametype|doubles\n|player|p1|shay710102|265|1116\n|player|p2|mithology2467|caitlin|1182\n|gen|9\n|tier|[Gen 9 Champions] VGC 2026 Reg M-A\n|rated|\n|rule|Species Clause: Limit one of each Pok\u00e9mon\n|rule|Item Clause: Limit 1 of each item\n|clearpoke\n|poke|p1|Starmie, L50|\n|poke|p1|Sinistcha, L50|\n|poke|p1|Dragonite, L50, M|\n|poke|p1|Sneasler, L50, F|\n|poke|p1|Kingambit, L50, M|\n|poke|p1|Pelipper, L50, F|\n|poke|p2|Drampa, L50, M|\n|poke|p2|Zoroark-Hisui, L50, F|\n|poke|p2|Heliolisk, L50, F|\n|poke|p2|Sylveon, L50, F|\n|poke|p2|Hydreigon, L50, F|\n|poke|p2|Noivern, L50, M|\n|teampreview|4\n|inactive|Battle timer is ON: inactive players will automatically lose when time's up. (requested by mithology2467)\n|\n|t:|1776647861\n|teamsize|p1|4\n|teamsize|p2|4\n|start\n|switch|p1a: Starmie|Starmie, L50|100/100\n|switch|p1b: Sneasler|Sneasler, L50, F|100/100\n|switch|p2a: Hydreigon|Hydreigon, L50, F|100/100\n|switch|p2b: Heliolisk|Heliolisk, L50, F|100/100\n|turn|1\n|\n|t:|1776647880\n|detailschange|p1a: Starmie|Starmie-Mega, L50\n|-mega|p1a: Starmie|Starmie|Starminite\n|move|p2b: Heliolisk|Volt Switch|p1a: Starmie\n|-supereffective|p1a: Starmie|1\n|-damage|p1a: Starmie|4/100\n|\n|t:|1776647886\n|switch|p2b: Drampa|Drampa, L50, M|100/100|[from] Volt Switch\n|-ability|p2b: Drampa|Cloud Nine\n|move|p1b: Sneasler|Close Combat|p2a: Hydreigon\n|-immune|p2a: Hydreigon\n|move|p2a: Hydreigon|Bitter Malice|p1a: Starmie\n|-supereffective|p1a: Starmie|1\n|-damage|p1a: Starmie|0 fnt\n|faint|p1a: Starmie\n|\n|upkeep\n|\n|t:|1776647898\n|switch|p1a: Kingambit|Kingambit, L50, M|100/100\n|turn|2\n|\n|t:|1776647912\n|switch|p2a: Heliolisk|Heliolisk, L50, F|100/100\n|detailschange|p2b: Drampa|Drampa-Mega, L50, M\n|-mega|p2b: Drampa|Drampa|Drampanite\n|move|p2b: Drampa|Protect|p2b: Drampa\n|-singleturn|p2b: Drampa|Protect\n|move|p1b: Sneasler|Dire Claw|p2b: Drampa\n|-activate|p2b: Drampa|move: Protect\n|move|p1a: Kingambit|Kowtow Cleave|p2a: Heliolisk\n|-damage|p2a: Heliolisk|0 fnt\n|faint|p2a: Heliolisk\n|\n|upkeep\n|\n|t:|1776647927\n|switch|p2a: Hydreigon|Hydreigon, L50, F|100/100\n|turn|3\n|\n|t:|1776647944\n|switch|p1b: Pelipper|Pelipper, L50, F|100/100\n|-weather|RainDance|[from] ability: Drizzle|[of] p1b: Pelipper\n|move|p2a: Hydreigon|Round|p1b: Pelipper\n|-damage|p1b: Pelipper|80/100\n|move|p2b: Drampa|Round|p1b: Pelipper|[from] move: Round\n|-damage|p1b: Pelipper|0 fnt\n|faint|p1b: Pelipper\n|move|p1a: Kingambit|Kowtow Cleave|p2a: Hydreigon\n|-resisted|p2a: Hydreigon|1\n|-damage|p2a: Hydreigon|73/100\n|\n|-weather|RainDance|[upkeep]\n|upkeep\n|\n|t:|1776647959\n|switch|p1b: Sneasler|Sneasler, L50, F|100/100\n|turn|4\n|\n|t:|1776647969\n|switch|p2a: Hydreigon|Hydreigon, L50, F|100/100\n|move|p1b: Sneasler|Dire Claw|p2a: Hydreigon\n|-resisted|p2a: Hydreigon|1\n|-damage|p2a: Hydreigon|58/100\n|replace|p2a: Zoroark|Zoroark-Hisui, L50, F\n|-end|p2a: Zoroark|Illusion\n|move|p1a: Kingambit|Kowtow Cleave|p2b: Drampa\n|-damage|p2b: Drampa|58/100\n|move|p2b: Drampa|Hurricane|p1b: Sneasler\n|-supereffective|p1b: Sneasler|1\n|-enditem|p1b: Sneasler|Focus Sash\n|-damage|p1b: Sneasler|1/100\n|\n|-weather|RainDance|[upkeep]\n|upkeep\n|turn|5\n|\n|t:|1776647994\n|move|p1b: Sneasler|Close Combat|p2b: Drampa\n|-supereffective|p2b: Drampa|1\n|-damage|p2b: Drampa|0 fnt\n|-unboost|p1b: Sneasler|def|1\n|-unboost|p1b: Sneasler|spd|1\n|faint|p2b: Drampa\n|move|p2a: Zoroark|Round|p1b: Sneasler\n|-damage|p1b: Sneasler|0 fnt\n|faint|p1b: Sneasler\n|move|p1a: Kingambit|Kowtow Cleave|p2a: Zoroark\n|-supereffective|p2a: Zoroark|1\n|-damage|p2a: Zoroark|0 fnt\n|faint|p2a: Zoroark\n|\n|-weather|RainDance|[upkeep]\n|upkeep\n|\n|t:|1776648002\n|switch|p2b: Hydreigon|Hydreigon, L50, F|73/100\n|turn|6\n|\n|t:|1776648013\n|move|p2b: Hydreigon|Focus Energy|p2b: Hydreigon\n|-start|p2b: Hydreigon|move: Focus Energy\n|move|p1a: Kingambit|Iron Head|p2b: Hydreigon\n|-damage|p2b: Hydreigon|18/100\n|\n|-weather|RainDance|[upkeep]\n|upkeep\n|turn|7\n|\n|t:|1776648021\n|move|p1a: Kingambit|Protect|p1a: Kingambit\n|-singleturn|p1a: Kingambit|Protect\n|move|p2b: Hydreigon|Draco Meteor|p1a: Kingambit\n|-activate|p1a: Kingambit|move: Protect\n|\n|-weather|none\n|upkeep\n|turn|8\n|\n|t:|1776648034\n|move|p2b: Hydreigon|Draco Meteor|p1a: Kingambit|[miss]\n|-miss|p2b: Hydreigon|p1a: Kingambit\n|move|p1a: Kingambit|Iron Head|p2b: Hydreigon\n|-damage|p2b: Hydreigon|0 fnt\n|faint|p2b: Hydreigon\n|\n|win|shay710102\n|raw|shay710102's rating: 1116 &rarr; <strong>1146</strong><br />(+30 for winning)\n|raw|mithology2467's rating: 1182 &rarr; <strong>1152</strong><br />(-30 for losing)\n",
  "uploadtime": 1776648042,
  "views": 14,
  "formatid": "gen9championsvgc2026regma",
  "rating": 1146,
  "private": 0,
  "password": null
}