{
  "id": "gen9championsvgc2026regma-2588569036",
  "format": "[Gen 9 Champions] VGC 2026 Reg M-A",
  "players": [
    "wartortcorp",
    "W0kMeDed"
  ],
  "log": "|j|\u2606wartortcorp\n|j|\u2606W0kMeDed\n|t:|1776645876\n|gametype|doubles\n|player|p1|wartortcorp|266|1465\n|player|p2|W0kMeDed|palmer|1496\n|gen|9\n|tier|[Gen 9 Champions] VGC 2026 Reg M-A\n|rated|\n|rule|Species Clause: Limit one of each Pok\u00e9mon\n|rule|Item Clause: Limit 1 of each item\n|clearpoke\n|poke|p1|Sinistcha-Masterpiece, L50, shiny|\n|poke|p1|Garchomp, L50, M|\n|poke|p1|Tyranitar, L50, F|\n|poke|p1|Skarmory, L50, M|\n|poke|p1|Rotom-Heat, L50|\n|poke|p1|Milotic, L50, M, shiny|\n|poke|p2|Tyranitar, L50, M|\n|poke|p2|Excadrill, L50, M|\n|poke|p2|Dragapult, L50, M|\n|poke|p2|Sneasler, L50, M|\n|poke|p2|Rotom-Wash, L50|\n|poke|p2|Scovillain, L50, M|\n|teampreview|4\n|j| Scarret\n|\n|t:|1776645931\n|teamsize|p1|4\n|teamsize|p2|4\n|start\n|switch|p1a: Skarmory|Skarmory, L50, M|100/100\n|switch|p1b: Garchomp|Garchomp, L50, M|100/100\n|switch|p2a: Elgee|Rotom-Wash, L50|100/100\n|switch|p2b: Zweilous-Fuego|Scovillain, L50, M|100/100\n|turn|1\n|\n|t:|1776645960\n|move|p1a: Skarmory|Protect|p1a: Skarmory\n|-singleturn|p1a: Skarmory|Protect\n|move|p2b: Zweilous-Fuego|Protect|p2b: Zweilous-Fuego\n|-singleturn|p2b: Zweilous-Fuego|Protect\n|move|p1b: Garchomp|Dragon Claw|p2a: Elgee\n|-damage|p2a: Elgee|54/100\n|move|p2a: Elgee|Will-O-Wisp|p1a: Skarmory\n|-activate|p1a: Skarmory|move: Protect\n|\n|-ability|p2b: Zweilous-Fuego|Moody|boost\n|-boost|p2b: Zweilous-Fuego|def|2\n|-unboost|p2b: Zweilous-Fuego|spd|1\n|upkeep\n|turn|2\n|\n|t:|1776645998\n|switch|p1a: Tyranitar|Tyranitar, L50, F|100/100\n|-weather|Sandstorm|[from] ability: Sand Stream|[of] p1a: Tyranitar\n|detailschange|p2b: Zweilous-Fuego|Scovillain-Mega, L50, M\n|-mega|p2b: Zweilous-Fuego|Scovillain|Scovillainite\n|move|p2b: Zweilous-Fuego|Rage Powder|p2b: Zweilous-Fuego\n|-singleturn|p2b: Zweilous-Fuego|move: Rage Powder\n|move|p1b: Garchomp|Dragon Claw|p2b: Zweilous-Fuego\n|-damage|p2b: Zweilous-Fuego|77/100\n|-status|p1b: Garchomp|brn|[from] ability: Spicy Spray|[of] p2b: Zweilous-Fuego\n|move|p2a: Elgee|Volt Switch|p1a: Tyranitar\n|-damage|p1a: Tyranitar|83/100\n|\n|t:|1776646011\n|switch|p2a: Wise|Sneasler, L50, M|100/100|[from] Volt Switch\n|\n|-weather|Sandstorm|[upkeep]\n|-damage|p2a: Wise|95/100|[from] Sandstorm\n|-damage|p2b: Zweilous-Fuego|71/100|[from] Sandstorm\n|-damage|p1b: Garchomp|94/100 brn|[from] brn\n|upkeep\n|turn|3\n|\n|t:|1776646020\n|switch|p1a: Sinistcha|Sinistcha-Masterpiece, L50, shiny|100/100\n|-heal|p1b: Garchomp|100/100 brn|[from] ability: Hospitality|[of] p1a: Sinistcha\n|move|p1b: Garchomp|Protect|p1b: Garchomp\n|-singleturn|p1b: Garchomp|Protect\n|move|p2a: Wise|Close Combat|p1a: Sinistcha\n|-immune|p1a: Sinistcha\n|move|p2b: Zweilous-Fuego|Giga Drain|p1b: Garchomp\n|-activate|p1b: Garchomp|move: Protect\n|\n|-weather|Sandstorm|[upkeep]\n|-damage|p2a: Wise|89/100|[from] Sandstorm\n|-damage|p2b: Zweilous-Fuego|65/100|[from] Sandstorm\n|-damage|p1a: Sinistcha|94/100|[from] Sandstorm\n|-damage|p1b: Garchomp|94/100 brn|[from] brn\n|upkeep\n|turn|4\n|\n|t:|1776646048\n|move|p2a: Wise|Close Combat|p1b: Garchomp\n|-crit|p1b: Garchomp\n|-damage|p1b: Garchomp|0 fnt\n|-unboost|p2a: Wise|def|1\n|-unboost|p2a: Wise|spd|1\n|faint|p1b: Garchomp\n|-enditem|p2a: Wise|White Herb\n|-clearnegativeboost|p2a: Wise|[silent]\n|move|p2b: Zweilous-Fuego|Giga Drain|p1a: Sinistcha\n|-resisted|p1a: Sinistcha|1\n|-damage|p1a: Sinistcha|77/100\n|-heal|p2b: Zweilous-Fuego|74/100|[from] drain|[of] p1a: Sinistcha\n|move|p1a: Sinistcha|Matcha Gotcha|p2a: Wise|[spread] p2a,p2b\n|-resisted|p2a: Wise|1\n|-resisted|p2b: Zweilous-Fuego|2\n|-damage|p2a: Wise|68/100\n|-heal|p1a: Sinistcha|87/100|[from] drain|[of] p2a: Wise\n|-damage|p2b: Zweilous-Fuego|65/100\n|-heal|p1a: Sinistcha|92/100|[from] drain|[of] p2b: Zweilous-Fuego\n|-status|p2a: Wise|brn\n|-status|p1a: Sinistcha|brn|[from] ability: Spicy Spray|[of] p2b: Zweilous-Fuego\n|\n|-weather|Sandstorm|[upkeep]\n|-damage|p2a: Wise|62/100 brn|[from] Sandstorm\n|-damage|p2b: Zweilous-Fuego|59/100|[from] Sandstorm\n|-damage|p1a: Sinistcha|85/100 brn|[from] Sandstorm\n|-damage|p2a: Wise|56/100 brn|[from] brn\n|-damage|p1a: Sinistcha|79/100 brn|[from] brn\n|upkeep\n|\n|t:|1776646062\n|switch|p1b: Tyranitar|Tyranitar, L50, F|83/100\n|turn|5\n|l| Scarret\n|\n|t:|1776646084\n|detailschange|p1b: Tyranitar|Tyranitar-Mega, L50, F\n|-mega|p1b: Tyranitar|Tyranitar|Tyranitarite\n|move|p1a: Sinistcha|Rage Powder|p1a: Sinistcha\n|-singleturn|p1a: Sinistcha|move: Rage Powder\n|move|p2a: Wise|Close Combat|p1a: Sinistcha\n|-immune|p1a: Sinistcha\n|move|p1b: Tyranitar|Rock Slide|p2a: Wise|[spread] p2a,p2b\n|-resisted|p2a: Wise|1\n|-supereffective|p2b: Zweilous-Fuego|1\n|-damage|p2a: Wise|26/100 brn\n|-damage|p2b: Zweilous-Fuego|20/100\n|-status|p1b: Tyranitar|brn|[from] ability: Spicy Spray|[of] p2b: Zweilous-Fuego\n|move|p2b: Zweilous-Fuego|Giga Drain|p1b: Tyranitar\n|-supereffective|p1b: Tyranitar|1\n|-damage|p1b: Tyranitar|48/100 brn\n|-heal|p2b: Zweilous-Fuego|40/100|[from] drain|[of] p1b: Tyranitar\n|\n|-weather|Sandstorm|[upkeep]\n|-damage|p2a: Wise|20/100 brn|[from] Sandstorm\n|-damage|p2b: Zweilous-Fuego|34/100|[from] Sandstorm\n|-damage|p1a: Sinistcha|73/100 brn|[from] Sandstorm\n|-damage|p2a: Wise|15/100 brn|[from] brn\n|-damage|p1b: Tyranitar|42/100 brn|[from] brn\n|-damage|p1a: Sinistcha|67/100 brn|[from] brn\n|upkeep\n|turn|6\n|\n|t:|1776646109\n|switch|p1b: Skarmory|Skarmory, L50, M|100/100\n|move|p2b: Zweilous-Fuego|Protect|p2b: Zweilous-Fuego\n|-singleturn|p2b: Zweilous-Fuego|Protect\n|move|p2a: Wise|Close Combat|p1b: Skarmory\n|-damage|p1b: Skarmory|71/100\n|-unboost|p2a: Wise|def|1\n|-unboost|p2a: Wise|spd|1\n|-ability|p1b: Skarmory|Weak Armor|boost\n|-unboost|p1b: Skarmory|def|1\n|-boost|p1b: Skarmory|spe|2\n|move|p1a: Sinistcha|Shadow Ball|p2b: Zweilous-Fuego\n|-activate|p2b: Zweilous-Fuego|move: Protect\n|\n|-weather|none\n|-damage|p2a: Wise|9/100 brn|[from] brn\n|-damage|p1a: Sinistcha|61/100 brn|[from] brn\n|upkeep\n|turn|7\n|\n|t:|1776646144\n|move|p1b: Skarmory|Protect|p1b: Skarmory\n|-singleturn|p1b: Skarmory|Protect\n|move|p2a: Wise|Dire Claw|p1a: Sinistcha\n|-damage|p1a: Sinistcha|43/100 brn\n|move|p2b: Zweilous-Fuego|Flamethrower|p1b: Skarmory\n|-activate|p1b: Skarmory|move: Protect\n|move|p1a: Sinistcha|Matcha Gotcha|p2b: Zweilous-Fuego|[spread] p2b\n|-miss|p1a: Sinistcha|p2a: Wise\n|-resisted|p2b: Zweilous-Fuego|2\n|-damage|p2b: Zweilous-Fuego|25/100\n|-heal|p1a: Sinistcha|47/100 brn|[from] drain|[of] p2b: Zweilous-Fuego\n|\n|-damage|p2a: Wise|3/100 brn|[from] brn\n|-damage|p1a: Sinistcha|41/100 brn|[from] brn\n|upkeep\n|turn|8\n|j| TomTom_JerryJerry\n|\n|t:|1776646174\n|move|p2a: Wise|Dire Claw|p1a: Sinistcha\n|-damage|p1a: Sinistcha|21/100 brn\n|move|p1b: Skarmory|Tailwind|p1b: Skarmory\n|-sidestart|p1: wartortcorp|move: Tailwind\n|move|p1a: Sinistcha|Shadow Ball|p2b: Zweilous-Fuego\n|-damage|p2b: Zweilous-Fuego|0 fnt\n|faint|p2b: Zweilous-Fuego\n|\n|-damage|p2a: Wise|0 fnt|[from] brn\n|faint|p2a: Wise\n|-damage|p1a: Sinistcha|15/100 brn|[from] brn\n|upkeep\n|\n|t:|1776646185\n|switch|p2a: Elgee|Rotom-Wash, L50|54/100\n|switch|p2b: Mishima H.|Dragapult, L50, M|100/100\n|turn|9\n|\n|t:|1776646208\n|move|p1b: Skarmory|Protect|p1b: Skarmory\n|-singleturn|p1b: Skarmory|Protect\n|move|p2b: Mishima H.|Dragon Darts|p1a: Sinistcha\n|-damage|p1a: Sinistcha|0 fnt\n|faint|p1a: Sinistcha\n|move|p2a: Elgee|Volt Switch|p1b: Skarmory\n|-activate|p1b: Skarmory|move: Protect\n|\n|upkeep\n|\n|t:|1776646212\n|switch|p1a: Tyranitar|Tyranitar-Mega, L50, F|42/100 brn\n|-weather|Sandstorm|[from] ability: Sand Stream|[of] p1a: Tyranitar\n|turn|10\n|\n|t:|1776646224\n|move|p2b: Mishima H.|Protect|p2b: Mishima H.\n|-singleturn|p2b: Mishima H.|Protect\n|move|p2a: Elgee|Protect|p2a: Elgee\n|-singleturn|p2a: Elgee|Protect\n|move|p1b: Skarmory|Iron Head|p2b: Mishima H.\n|-activate|p2b: Mishima H.|move: Protect\n|move|p1a: Tyranitar|Rock Slide|p2b: Mishima H.|[spread] \n|-activate|p2a: Elgee|move: Protect\n|-activate|p2b: Mishima H.|move: Protect\n|\n|-weather|Sandstorm|[upkeep]\n|-damage|p2b: Mishima H.|94/100|[from] Sandstorm\n|-damage|p2a: Elgee|48/100|[from] Sandstorm\n|-enditem|p2a: Elgee|Sitrus Berry|[eat]\n|-heal|p2a: Elgee|73/100|[from] item: Sitrus Berry\n|-damage|p1a: Tyranitar|35/100 brn|[from] brn\n|upkeep\n|turn|11\n|\n|t:|1776646250\n|move|p1b: Skarmory|Iron Head|p2b: Mishima H.\n|-damage|p2b: Mishima H.|52/100\n|move|p1a: Tyranitar|Rock Slide|p2a: Elgee|[spread] p2a\n|-miss|p1a: Tyranitar|p2b: Mishima H.\n|-damage|p2a: Elgee|56/100\n|move|p2b: Mishima H.|Dragon Darts|p1a: Tyranitar\n|-damage|p1a: Tyranitar|19/100 brn\n|-anim|p2b: Mishima H.|Dragon Darts|p1b: Skarmory\n|-resisted|p1b: Skarmory|1\n|-damage|p1b: Skarmory|55/100\n|-ability|p1b: Skarmory|Weak Armor|boost\n|-unboost|p1b: Skarmory|def|1\n|-boost|p1b: Skarmory|spe|2\n|move|p2a: Elgee|Volt Switch|p1b: Skarmory\n|-supereffective|p1b: Skarmory|1\n|-damage|p1b: Skarmory|0 fnt\n|faint|p1b: Skarmory\n|\n|-weather|Sandstorm|[upkeep]\n|-damage|p2b: Mishima H.|46/100|[from] Sandstorm\n|-damage|p2a: Elgee|50/100|[from] Sandstorm\n|-damage|p1a: Tyranitar|13/100 brn|[from] brn\n|-sideend|p1: wartortcorp|move: Tailwind\n|upkeep\n|turn|12\n|-message|wartortcorp forfeited.\n|\n|win|W0kMeDed\n|raw|wartortcorp's rating: 1450 &rarr; <strong>1433</strong><br />(-17 for losing)\n|raw|W0kMeDed's rating: 1496 &rarr; <strong>1513</strong><br />(+17 for winning)\n|l| TomTom_JerryJerry\n",
  "uploadtime": 1776646956,
  "views": 9,
  "formatid": "gen9championsvgc2026regma",
  "rating": 1433,
  "private": 0,
  "password": null
}