{
  "id": "gen9championsvgc2026regma-2588029904",
  "format": "[Gen 9 Champions] VGC 2026 Reg M-A",
  "players": [
    "alexdro08",
    "Azreal29"
  ],
  "log": "|j|\u2606alexdro08\n|j|\u2606Azreal29\n|t:|1776595290\n|gametype|doubles\n|player|p1|alexdro08|265|1183\n|player|p2|Azreal29|unknown|1211\n|gen|9\n|tier|[Gen 9 Champions] VGC 2026 Reg M-A\n|rated|\n|rule|Species Clause: Limit one of each Pok\u00e9mon\n|rule|Item Clause: Limit 1 of each item\n|clearpoke\n|poke|p1|Froslass, L50, F|\n|poke|p1|Incineroar, L50, F|\n|poke|p1|Basculegion, L50, M|\n|poke|p1|Rotom-Frost, L50|\n|poke|p1|Garchomp, L50, M|\n|poke|p1|Excadrill, L50, M|\n|poke|p2|Scovillain, L50, M|\n|poke|p2|Sneasler, L50, M, shiny|\n|poke|p2|Primarina, L50, M|\n|poke|p2|Kingambit, L50, M|\n|poke|p2|Aerodactyl, L50, F|\n|poke|p2|Garchomp, L50, M|\n|teampreview|4\n|inactive|Battle timer is ON: inactive players will automatically lose when time's up. (requested by Azreal29)\n|inactive|Azreal29 has 60 seconds left.\n|\n|t:|1776595323\n|teamsize|p1|4\n|teamsize|p2|4\n|start\n|switch|p1a: Froslass|Froslass, L50, F|100/100\n|switch|p1b: Excadrill|Excadrill, L50, M|100/100\n|switch|p2a: Scovillain|Scovillain, L50, M|100/100\n|switch|p2b: Aerodactyl|Aerodactyl, L50, F|100/100\n|-ability|p2b: Aerodactyl|Unnerve\n|-ability|p1b: Excadrill|Mold Breaker\n|turn|1\n|\n|t:|1776595345\n|detailschange|p1a: Froslass|Froslass-Mega, L50, F\n|-mega|p1a: Froslass|Froslass|Froslassite\n|-weather|Snowscape|[from] ability: Snow Warning|[of] p1a: Froslass\n|move|p2a: Scovillain|Protect|p2a: Scovillain\n|-singleturn|p2a: Scovillain|Protect\n|move|p2b: Aerodactyl|Tailwind|p2b: Aerodactyl\n|-sidestart|p2: Azreal29|move: Tailwind\n|move|p1a: Froslass|Blizzard|p2a: Scovillain|[spread] p2b\n|-activate|p2a: Scovillain|move: Protect\n|-supereffective|p2b: Aerodactyl|1\n|-enditem|p2b: Aerodactyl|Focus Sash\n|-damage|p2b: Aerodactyl|1/100\n|move|p1b: Excadrill|Rock Slide|p2b: Aerodactyl|[spread] p2b\n|-activate|p2a: Scovillain|move: Protect\n|-supereffective|p2b: Aerodactyl|1\n|-damage|p2b: Aerodactyl|0 fnt\n|faint|p2b: Aerodactyl\n|\n|-weather|Snowscape|[upkeep]\n|-ability|p2a: Scovillain|Moody|boost\n|-boost|p2a: Scovillain|atk|2\n|-unboost|p2a: Scovillain|spa|1\n|upkeep\n|inactive|Azreal29 has 30 seconds left.\n|\n|t:|1776595370\n|switch|p2b: Kingambit|Kingambit, L50, M|100/100\n|turn|2\n|\n|t:|1776595393\n|detailschange|p2a: Scovillain|Scovillain-Mega, L50, M\n|-mega|p2a: Scovillain|Scovillain|Scovillainite\n|move|p1a: Froslass|Protect|p1a: Froslass\n|-singleturn|p1a: Froslass|Protect\n|move|p2b: Kingambit|Protect|p2b: Kingambit\n|-singleturn|p2b: Kingambit|Protect\n|move|p2a: Scovillain|Leech Seed|p1b: Excadrill\n|-start|p1b: Excadrill|move: Leech Seed\n|move|p1b: Excadrill|High Horsepower|p2b: Kingambit\n|-activate|p2b: Kingambit|move: Protect\n|\n|-weather|Snowscape|[upkeep]\n|-damage|p1b: Excadrill|88/100|[from] Leech Seed|[of] p2a: Scovillain\n|upkeep\n|turn|3\n|inactive|alexdro08 has 30 seconds left.\n|inactive|Azreal29 has 30 seconds left.\n|\n|t:|1776595419\n|switch|p1a: Basculegion|Basculegion, L50, M|100/100\n|move|p2a: Scovillain|Rage Powder|p2a: Scovillain\n|-singleturn|p2a: Scovillain|move: Rage Powder\n|move|p1b: Excadrill|High Horsepower|p2a: Scovillain\n|-damage|p2a: Scovillain|48/100\n|-status|p1b: Excadrill|brn|[from] ability: Spicy Spray|[of] p2a: Scovillain\n|move|p2b: Kingambit|Kowtow Cleave|p1a: Basculegion\n|-supereffective|p1a: Basculegion|1\n|-damage|p1a: Basculegion|0 fnt\n|faint|p1a: Basculegion\n|\n|-weather|Snowscape|[upkeep]\n|-damage|p1b: Excadrill|76/100 brn|[from] Leech Seed|[of] p2a: Scovillain\n|-heal|p2a: Scovillain|61/100|[silent]\n|-damage|p1b: Excadrill|70/100 brn|[from] brn\n|upkeep\n|\n|t:|1776595437\n|switch|p1a: Rotom|Rotom-Frost, L50|100/100\n|turn|4\n|\n|t:|1776595449\n|move|p2b: Kingambit|Protect|p2b: Kingambit\n|-singleturn|p2b: Kingambit|Protect\n|move|p2a: Scovillain|Leech Seed|p1a: Rotom\n|-start|p1a: Rotom|move: Leech Seed\n|move|p1b: Excadrill|High Horsepower|p2b: Kingambit\n|-activate|p2b: Kingambit|move: Protect\n|move|p1a: Rotom|Blizzard|p2a: Scovillain|[spread] p2a\n|-activate|p2b: Kingambit|move: Protect\n|-damage|p2a: Scovillain|17/100\n|-status|p1a: Rotom|brn|[from] ability: Spicy Spray|[of] p2a: Scovillain\n|\n|-weather|Snowscape|[upkeep]\n|-damage|p1b: Excadrill|57/100 brn|[from] Leech Seed|[of] p2a: Scovillain\n|-heal|p2a: Scovillain|30/100|[silent]\n|-damage|p1a: Rotom|89/100 brn|[from] Leech Seed|[of] p2a: Scovillain\n|-heal|p2a: Scovillain|39/100|[silent]\n|-damage|p1b: Excadrill|51/100 brn|[from] brn\n|-damage|p1a: Rotom|83/100 brn|[from] brn\n|-sideend|p2: Azreal29|move: Tailwind\n|upkeep\n|turn|5\n|inactive|Azreal29 has 30 seconds left.\n|\n|t:|1776595483\n|move|p2a: Scovillain|Protect|p2a: Scovillain\n|-singleturn|p2a: Scovillain|Protect\n|move|p2b: Kingambit|Sucker Punch|p1b: Excadrill\n|-damage|p1b: Excadrill|0 fnt\n|faint|p1b: Excadrill\n|move|p1a: Rotom|Blizzard|p2a: Scovillain|[spread] p2b\n|-activate|p2a: Scovillain|move: Protect\n|-resisted|p2b: Kingambit|1\n|-damage|p2b: Kingambit|74/100\n|-status|p2b: Kingambit|frz\n|\n|-weather|none\n|-damage|p1a: Rotom|71/100 brn|[from] Leech Seed|[of] p2a: Scovillain\n|-heal|p2a: Scovillain|48/100|[silent]\n|-damage|p1a: Rotom|66/100 brn|[from] brn\n|upkeep\n|\n|t:|1776595497\n|switch|p1b: Froslass|Froslass-Mega, L50, F|100/100\n|-weather|Snowscape|[from] ability: Snow Warning|[of] p1b: Froslass\n|turn|6\n|\n|t:|1776595506\n|cant|p2b: Kingambit|frz\n|move|p1b: Froslass|Blizzard|p2b: Kingambit|[spread] p2a,p2b\n|-resisted|p2b: Kingambit|1\n|-damage|p2a: Scovillain|0 fnt\n|-damage|p2b: Kingambit|54/100 frz\n|-status|p1b: Froslass|brn|[from] ability: Spicy Spray|[of] p2a: Scovillain\n|faint|p2a: Scovillain\n|move|p1a: Rotom|Thunderbolt|p2b: Kingambit\n|-damage|p2b: Kingambit|7/100 frz\n|\n|-weather|Snowscape|[upkeep]\n|-damage|p1b: Froslass|94/100 brn|[from] brn\n|-damage|p1a: Rotom|60/100 brn|[from] brn\n|upkeep\n|\n|t:|1776595511\n|switch|p2a: Primarina|Primarina, L50, M|100/100\n|turn|7\n|\n|t:|1776595532\n|cant|p2b: Kingambit|frz\n|move|p1b: Froslass|Aurora Veil|p1b: Froslass\n|-sidestart|p1: alexdro08|move: Aurora Veil\n|move|p1a: Rotom|Thunderbolt|p2a: Primarina\n|-supereffective|p2a: Primarina|1\n|-damage|p2a: Primarina|23/100\n|move|p2a: Primarina|Calm Mind|p2a: Primarina\n|-boost|p2a: Primarina|spa|1\n|-boost|p2a: Primarina|spd|1\n|\n|-weather|Snowscape|[upkeep]\n|-heal|p2a: Primarina|29/100|[from] item: Leftovers\n|-damage|p1a: Rotom|49/100 brn|[from] Leech Seed|[of] p2a: Primarina\n|-heal|p2a: Primarina|37/100|[silent]\n|-damage|p1b: Froslass|88/100 brn|[from] brn\n|-damage|p1a: Rotom|43/100 brn|[from] brn\n|upkeep\n|turn|8\n|\n|t:|1776595552\n|move|p2a: Primarina|Protect|p2a: Primarina\n|-singleturn|p2a: Primarina|Protect\n|-curestatus|p2b: Kingambit|frz|[msg]\n|move|p2b: Kingambit|Sucker Punch|p1a: Rotom\n|-damage|p1a: Rotom|15/100 brn\n|move|p1b: Froslass|Blizzard|p2a: Primarina|[spread] p2b\n|-activate|p2a: Primarina|move: Protect\n|-resisted|p2b: Kingambit|1\n|-damage|p2b: Kingambit|0 fnt\n|faint|p2b: Kingambit\n|move|p1a: Rotom|Thunderbolt|p2a: Primarina\n|-activate|p2a: Primarina|move: Protect\n|\n|-weather|Snowscape|[upkeep]\n|-heal|p2a: Primarina|43/100|[from] item: Leftovers\n|-damage|p1a: Rotom|4/100 brn|[from] Leech Seed|[of] p2a: Primarina\n|-heal|p2a: Primarina|51/100|[silent]\n|-damage|p1b: Froslass|82/100 brn|[from] brn\n|-damage|p1a: Rotom|0 fnt|[from] brn\n|faint|p1a: Rotom\n|upkeep\n|turn|9\n|\n|t:|1776595574\n|move|p1b: Froslass|Shadow Ball|p2a: Primarina\n|-damage|p2a: Primarina|26/100\n|move|p2a: Primarina|Moonblast|p1b: Froslass\n|-damage|p1b: Froslass|22/100 brn\n|\n|-weather|Snowscape|[upkeep]\n|-heal|p2a: Primarina|32/100|[from] item: Leftovers\n|-damage|p1b: Froslass|16/100 brn|[from] brn\n|upkeep\n|turn|10\n|\n|t:|1776595584\n|move|p2a: Primarina|Protect|p2a: Primarina\n|-singleturn|p2a: Primarina|Protect\n|move|p1b: Froslass|Shadow Ball|p2a: Primarina\n|-activate|p2a: Primarina|move: Protect\n|\n|-weather|none\n|-heal|p2a: Primarina|37/100|[from] item: Leftovers\n|-damage|p1b: Froslass|9/100 brn|[from] brn\n|upkeep\n|turn|11\n|\n|t:|1776595596\n|move|p1b: Froslass|Shadow Ball|p2a: Primarina\n|-damage|p2a: Primarina|10/100\n|move|p2a: Primarina|Moonblast|p1b: Froslass\n|-damage|p1b: Froslass|0 fnt\n|faint|p1b: Froslass\n|\n|win|Azreal29\n|raw|alexdro08's rating: 1183 &rarr; <strong>1160</strong><br />(-23 for losing)\n|raw|Azreal29's rating: 1211 &rarr; <strong>1234</strong><br />(+23 for winning)\n|l|\u2606alexdro08\n|player|p1|\n",
  "uploadtime": 1776595631,
  "views": 8,
  "formatid": "gen9championsvgc2026regma",
  "rating": 1160,
  "private": 0,
  "password": null
}