{
  "id": "gen9championsvgc2026regma-2584211394",
  "format": "[Gen 9 Champions] VGC 2026 Reg M-A",
  "players": [
    "Keldeo_FEA",
    "RandomGuyInSchool"
  ],
  "log": "|j|\u2606Keldeo_FEA\n|j|\u2606RandomGuyInSchool\n|t:|1776238727\n|gametype|doubles\n|player|p1|Keldeo_FEA|266|1046\n|player|p2|RandomGuyInSchool|schoolkid-gen4|1097\n|gen|9\n|tier|[Gen 9 Champions] VGC 2026 Reg M-A\n|rated|\n|rule|Species Clause: Limit one of each Pok\u00e9mon\n|rule|Item Clause: Limit 1 of each item\n|clearpoke\n|poke|p1|Incineroar, L50, M|\n|poke|p1|Charizard, L50, M|\n|poke|p1|Sinistcha, L50|\n|poke|p1|Whimsicott, L50, F|\n|poke|p1|Gardevoir, L50, M|\n|poke|p1|Basculegion, L50, M|\n|poke|p2|Incineroar, L50, M|\n|poke|p2|Farigiraf, L50, F|\n|poke|p2|Whimsicott, L50, F|\n|poke|p2|Gengar, L50, M|\n|poke|p2|Kingambit, L50, M|\n|poke|p2|Rotom-Wash, L50|\n|teampreview|4\n|inactive|Battle timer is ON: inactive players will automatically lose when time's up. (requested by RandomGuyInSchool)\nRandomGuyInSchool rejected open team sheets.\n|inactive|Keldeo_FEA has 60 seconds left.\n|inactive|RandomGuyInSchool has 60 seconds left.\n|\n|t:|1776238772\n|teamsize|p1|4\n|teamsize|p2|4\n|start\n|switch|p1a: Whimsicott|Whimsicott, L50, F, shiny|100/100\n|switch|p1b: Charizard|Charizard, L50, M|100/100\n|switch|p2a: Rotom|Rotom-Wash, L50|100/100\n|switch|p2b: Incineroar|Incineroar, L50, M|100/100\n|-ability|p2b: Incineroar|Intimidate|boost\n|-unboost|p1a: Whimsicott|atk|1\n|-unboost|p1b: Charizard|atk|1\n|turn|1\n|inactive|Keldeo_FEA has 30 seconds left.\n|\n|t:|1776238799\n|switch|p1a: Sinistcha|Sinistcha, L50|100/100\n|detailschange|p1b: Charizard|Charizard-Mega-X, L50, M\n|-mega|p1b: Charizard|Charizard|Charizardite X\n|move|p2b: Incineroar|Fake Out|p1a: Sinistcha\n|-immune|p1a: Sinistcha\n|move|p2a: Rotom|Thunderbolt|p1b: Charizard\n|-resisted|p1b: Charizard|1\n|-damage|p1b: Charizard|83/100\n|move|p1b: Charizard|Thunder Punch|p2a: Rotom\n|-damage|p2a: Rotom|76/100\n|\n|upkeep\n|turn|2\n|\n|t:|1776238823\n|switch|p2a: Farigiraf|Farigiraf, L50, F|100/100\n|switch|p1a: Basculegion|Basculegion, L50, M|100/100\n|move|p1b: Charizard|Dragon Claw|p2a: Farigiraf\n|-damage|p2a: Farigiraf|74/100\n|move|p2b: Incineroar|Parting Shot|p1b: Charizard\n|-unboost|p1b: Charizard|atk|1\n|-unboost|p1b: Charizard|spa|1\n|\n|t:|1776238835\n|switch|p2b: Rotom|Rotom-Wash, L50|76/100|[from] Parting Shot\n|\n|upkeep\n|turn|3\n|\n|t:|1776238852\n|switch|p1b: Sinistcha|Sinistcha, L50|100/100\n|move|p2a: Farigiraf|Helping Hand|p2b: Rotom\n|-singleturn|p2b: Rotom|Helping Hand|[of] p2a: Farigiraf\n|move|p2b: Rotom|Hydro Pump|p1b: Sinistcha\n|-resisted|p1b: Sinistcha|1\n|-damage|p1b: Sinistcha|73/100\n|move|p1a: Basculegion|Last Respects|p2b: Rotom\n|-damage|p2b: Rotom|35/100\n|\n|-heal|p1b: Sinistcha|79/100|[from] item: Leftovers\n|upkeep\n|turn|4\n|\n|t:|1776238870\n|switch|p2b: Incineroar|Incineroar, L50, M|100/100\n|-ability|p2b: Incineroar|Intimidate|boost\n|-unboost|p1a: Basculegion|atk|1\n|-unboost|p1b: Sinistcha|atk|1\n|move|p1b: Sinistcha|Rage Powder|p1b: Sinistcha\n|-singleturn|p1b: Sinistcha|move: Rage Powder\n|move|p1a: Basculegion|Last Respects|p2b: Incineroar\n|-resisted|p2b: Incineroar|1\n|-damage|p2b: Incineroar|89/100\n|move|p2a: Farigiraf|Psychic|p1b: Sinistcha\n|-damage|p1b: Sinistcha|50/100\n|\n|-heal|p1b: Sinistcha|56/100|[from] item: Leftovers\n|upkeep\n|turn|5\n|\n|t:|1776238888\n|switch|p1b: Charizard|Charizard-Mega-X, L50, M|83/100\n|move|p2a: Farigiraf|Helping Hand|p2b: Incineroar\n|-singleturn|p2b: Incineroar|Helping Hand|[of] p2a: Farigiraf\n|move|p1a: Basculegion|Liquidation|p2b: Incineroar\n|-supereffective|p2b: Incineroar|1\n|-damage|p2b: Incineroar|14/100\n|-enditem|p2b: Incineroar|Sitrus Berry|[eat]\n|-heal|p2b: Incineroar|39/100|[from] item: Sitrus Berry\n|move|p2b: Incineroar|Darkest Lariat|p1b: Charizard\n|-damage|p1b: Charizard|40/100\n|\n|upkeep\n|turn|6\n|inactive|Keldeo_FEA has 30 seconds left.\n|l|\u2606RandomGuyInSchool\n|inactive|RandomGuyInSchool disconnected and has a minute to reconnect!\n|player|p2|\n|inactive|Keldeo_FEA has 20 seconds left.\n|\n|t:|1776238930\n|switch|p2b: Rotom|Rotom-Wash, L50|35/100\n|move|p1b: Charizard|Crunch|p2a: Farigiraf\n|-supereffective|p2a: Farigiraf|1\n|-enditem|p2a: Farigiraf|Colbur Berry|[eat]\n|-enditem|p2a: Farigiraf|Colbur Berry|[weaken]\n|-damage|p2a: Farigiraf|49/100\n|move|p1a: Basculegion|Last Respects|p2b: Rotom\n|-damage|p2b: Rotom|12/100\n|move|p2a: Farigiraf|Psychic|p1b: Charizard\n|-damage|p1b: Charizard|6/100\n|\n|upkeep\n|turn|7\n|inactive|RandomGuyInSchool has 30 seconds left.\n|inactive|RandomGuyInSchool has 20 seconds left.\n|inactive|RandomGuyInSchool has 15 seconds left.\n|inactive|RandomGuyInSchool has 10 seconds left.\n|inactive|RandomGuyInSchool has 5 seconds left.\n|-message|RandomGuyInSchool lost due to inactivity.\n|\n|win|Keldeo_FEA\n|raw|Keldeo_FEA's rating: 1046 &rarr; <strong>1084</strong><br />(+38 for winning)\n|raw|RandomGuyInSchool's rating: 1097 &rarr; <strong>1069</strong><br />(-28 for losing)\n|l|\u2606Keldeo_FEA\n|player|p1|\n|j|\u2606RandomGuyInSchool\n|player|p2|RandomGuyInSchool|schoolkid-gen4|\n",
  "uploadtime": 1776239166,
  "views": 18,
  "formatid": "gen9championsvgc2026regma",
  "rating": 1069,
  "private": 0,
  "password": null
}