{
  "id": "gen9championsvgc2026regma-2587907530",
  "format": "[Gen 9 Champions] VGC 2026 Reg M-A",
  "players": [
    "Piko",
    "TheGamingMammoth"
  ],
  "log": "|j|\u2606Piko\n|j|\u2606TheGamingMammoth\n|t:|1776577433\n|gametype|doubles\n|player|p1|Piko|102|1096\n|player|p2|TheGamingMammoth|1|1189\n|gen|9\n|tier|[Gen 9 Champions] VGC 2026 Reg M-A\n|rated|\n|rule|Species Clause: Limit one of each Pok\u00e9mon\n|rule|Item Clause: Limit 1 of each item\n|clearpoke\n|poke|p1|Maushold, L50|\n|poke|p1|Garchomp, L50, F|\n|poke|p1|Sableye, L50, F|\n|poke|p1|Sinistcha, L50|\n|poke|p1|Delphox, L50, M|\n|poke|p1|Basculegion, L50, M|\n|poke|p2|Politoed, L50, M|\n|poke|p2|Venusaur, L50, M|\n|poke|p2|Charizard, L50, F, shiny|\n|poke|p2|Clefable, L50, F|\n|poke|p2|Scizor, L50, F|\n|poke|p2|Sableye, L50, F|\n|teampreview|4\n|\n|t:|1776577466\n|teamsize|p1|4\n|teamsize|p2|4\n|start\n|switch|p1a: Sinistcha|Sinistcha, L50|100/100\n|switch|p1b: Garchomp|Garchomp, L50, F|100/100\n|switch|p2a: Politoed|Politoed, L50, M|100/100\n|switch|p2b: Venusaur|Venusaur, L50, M|100/100\n|-weather|RainDance|[from] ability: Drizzle|[of] p2a: Politoed\n|turn|1\n|\n|t:|1776577489\n|move|p1b: Garchomp|Protect|p1b: Garchomp\n|-singleturn|p1b: Garchomp|Protect\n|move|p2a: Politoed|Ice Beam|p1b: Garchomp\n|-activate|p1b: Garchomp|move: Protect\n|move|p2b: Venusaur|Sludge Bomb|p1a: Sinistcha\n|-damage|p1a: Sinistcha|56/100\n|-status|p1a: Sinistcha|psn\n|move|p1a: Sinistcha|Trick Room|p1a: Sinistcha\n|-fieldstart|move: Trick Room|[of] p1a: Sinistcha\n|\n|-weather|RainDance|[upkeep]\n|-heal|p1a: Sinistcha|62/100 psn|[from] item: Leftovers\n|-damage|p1a: Sinistcha|50/100 psn|[from] psn\n|upkeep\n|turn|2\n|\n|t:|1776577511\n|detailschange|p1b: Garchomp|Garchomp-Mega, L50, F\n|-mega|p1b: Garchomp|Garchomp|Garchompite\n|move|p1a: Sinistcha|Matcha Gotcha|p2b: Venusaur|[spread] p2a,p2b\n|-supereffective|p2a: Politoed|1\n|-resisted|p2b: Venusaur|2\n|-damage|p2a: Politoed|27/100\n|-heal|p1a: Sinistcha|84/100 psn|[from] drain|[of] p2a: Politoed\n|-damage|p2b: Venusaur|93/100\n|-heal|p1a: Sinistcha|88/100 psn|[from] drain|[of] p2b: Venusaur\n|-status|p2b: Venusaur|brn\n|move|p2b: Venusaur|Sleep Powder|p1b: Garchomp\n|-status|p1b: Garchomp|slp|[from] move: Sleep Powder\n|cant|p1b: Garchomp|slp\n|move|p2a: Politoed|Ice Beam|p1a: Sinistcha\n|-supereffective|p1a: Sinistcha|1\n|-damage|p1a: Sinistcha|26/100 psn\n|\n|-weather|RainDance|[upkeep]\n|-heal|p1a: Sinistcha|33/100 psn|[from] item: Leftovers\n|-damage|p1a: Sinistcha|20/100 psn|[from] psn\n|-damage|p2b: Venusaur|86/100 brn|[from] brn\n|upkeep\n|turn|3\n|\n|t:|1776577541\n|switch|p2a: Charizard|Charizard, L50, F, shiny|100/100\n|-curestatus|p1b: Garchomp|slp|[msg]\n|move|p1b: Garchomp|Protect|p1b: Garchomp\n|-singleturn|p1b: Garchomp|Protect\n|move|p1a: Sinistcha|Matcha Gotcha|p2b: Venusaur|[spread] p2b\n|-miss|p1a: Sinistcha|p2a: Charizard\n|-resisted|p2b: Venusaur|2\n|-damage|p2b: Venusaur|79/100 brn\n|-heal|p1a: Sinistcha|24/100 psn|[from] drain|[of] p2b: Venusaur\n|move|p2b: Venusaur|Giga Drain|p1b: Garchomp\n|-activate|p1b: Garchomp|move: Protect\n|\n|-weather|RainDance|[upkeep]\n|-heal|p1a: Sinistcha|30/100 psn|[from] item: Leftovers\n|-damage|p1a: Sinistcha|18/100 psn|[from] psn\n|-damage|p2b: Venusaur|73/100 brn|[from] brn\n|upkeep\n|turn|4\n|\n|t:|1776577563\n|move|p2a: Charizard|Protect|p2a: Charizard\n|-singleturn|p2a: Charizard|Protect\n|move|p1a: Sinistcha|Matcha Gotcha|p2a: Charizard|[spread] p2b\n|-activate|p2a: Charizard|move: Protect\n|-resisted|p2b: Venusaur|2\n|-damage|p2b: Venusaur|65/100 brn\n|-heal|p1a: Sinistcha|22/100 psn|[from] drain|[of] p2b: Venusaur\n|move|p2b: Venusaur|Sleep Powder|p1b: Garchomp\n|-status|p1b: Garchomp|slp|[from] move: Sleep Powder\n|cant|p1b: Garchomp|slp\n|\n|-weather|RainDance|[upkeep]\n|-heal|p1a: Sinistcha|29/100 psn|[from] item: Leftovers\n|-damage|p1a: Sinistcha|16/100 psn|[from] psn\n|-damage|p2b: Venusaur|58/100 brn|[from] brn\n|upkeep\n|turn|5\n|\n|t:|1776577580\n|detailschange|p2a: Charizard|Charizard-Mega-Y, L50, F, shiny\n|-mega|p2a: Charizard|Charizard|Charizardite Y\n|-weather|SunnyDay|[from] ability: Drought|[of] p2a: Charizard\n|move|p1a: Sinistcha|Shadow Ball|p2a: Charizard\n|-damage|p2a: Charizard|60/100\n|move|p2a: Charizard|Heat Wave|p1a: Sinistcha|[spread] p1a,p1b\n|-supereffective|p1a: Sinistcha|1\n|-resisted|p1b: Garchomp|1\n|-damage|p1a: Sinistcha|0 fnt\n|-damage|p1b: Garchomp|71/100 slp\n|faint|p1a: Sinistcha\n|cant|p1b: Garchomp|slp\n|move|p2b: Venusaur|Giga Drain|p1b: Garchomp\n|-damage|p1b: Garchomp|42/100 slp\n|-heal|p2b: Venusaur|74/100 brn|[from] drain|[of] p1b: Garchomp\n|\n|-weather|SunnyDay|[upkeep]\n|-damage|p2b: Venusaur|67/100 brn|[from] brn\n|-fieldend|move: Trick Room\n|upkeep\n|\n|t:|1776577594\n|switch|p1a: Sableye|Sableye, L50, F|100/100\n|turn|6\n|\n|t:|1776577616\n|move|p1a: Sableye|Fake Out|p2a: Charizard\n|-damage|p2a: Charizard|52/100\n|move|p2b: Venusaur|Sleep Powder|p1a: Sableye\n|-status|p1a: Sableye|slp|[from] move: Sleep Powder\n|-curestatus|p1b: Garchomp|slp|[msg]\n|move|p1b: Garchomp|Rock Slide|p2b: Venusaur|[spread] p2a,p2b\n|-supereffective|p2a: Charizard|2\n|-damage|p2a: Charizard|0 fnt\n|-damage|p2b: Venusaur|45/100 brn\n|faint|p2a: Charizard\n|\n|-weather|SunnyDay|[upkeep]\n|-damage|p2b: Venusaur|39/100 brn|[from] brn\n|upkeep\n|\n|t:|1776577631\n|switch|p2a: Clefable|Clefable, L50, F|100/100\n|turn|7\n|\n|t:|1776577646\n|move|p2a: Clefable|Helping Hand|p2b: Venusaur\n|-singleturn|p2b: Venusaur|Helping Hand|[of] p2a: Clefable\n|cant|p1a: Sableye|slp\n|move|p2b: Venusaur|Giga Drain|p1b: Garchomp\n|-damage|p1b: Garchomp|0 fnt\n|-heal|p2b: Venusaur|61/100 brn|[from] drain|[of] p1b: Garchomp\n|faint|p1b: Garchomp\n|\n|-weather|SunnyDay|[upkeep]\n|-damage|p2b: Venusaur|55/100 brn|[from] brn\n|upkeep\n|\n|t:|1776577653\n|switch|p1b: Maushold|Maushold, L50|100/100\n|turn|8\n|\n|t:|1776577669\n|cant|p1a: Sableye|slp\n|move|p2b: Venusaur|Sleep Powder|p1b: Maushold|[miss]\n|-miss|p2b: Venusaur|p1b: Maushold\n|move|p1b: Maushold|Population Bomb|p2b: Venusaur\n|-damage|p2b: Venusaur|41/100 brn\n|-damage|p2b: Venusaur|29/100 brn\n|-damage|p2b: Venusaur|15/100 brn\n|-damage|p2b: Venusaur|1/100 brn\n|-damage|p2b: Venusaur|0 fnt\n|faint|p2b: Venusaur\n|-hitcount|p2: Venusaur|5\n|move|p2a: Clefable|Moonblast|p1a: Sableye\n|-supereffective|p1a: Sableye|1\n|-damage|p1a: Sableye|19/100 slp\n|-enditem|p1a: Sableye|Sitrus Berry|[eat]\n|-heal|p1a: Sableye|44/100 slp|[from] item: Sitrus Berry\n|\n|-weather|SunnyDay|[upkeep]\n|upkeep\n|\n|t:|1776577688\n|switch|p2b: Politoed|Politoed, L50, M|27/100\n|-weather|RainDance|[from] ability: Drizzle|[of] p2b: Politoed\n|turn|9\n|\n|t:|1776577697\n|move|p2a: Clefable|Follow Me|p2a: Clefable\n|-singleturn|p2a: Clefable|move: Follow Me\n|-curestatus|p1a: Sableye|slp|[msg]\n|move|p1a: Sableye|Gravity|p1a: Sableye\n|-fieldstart|move: Gravity\n|move|p2b: Politoed|Muddy Water|p1a: Sableye|[spread] p1a,p1b\n|-damage|p1a: Sableye|0 fnt\n|-damage|p1b: Maushold|37/100\n|faint|p1a: Sableye\n|move|p1b: Maushold|Population Bomb|p2a: Clefable\n|-damage|p2a: Clefable|85/100\n|-damage|p2a: Clefable|72/100\n|-damage|p2a: Clefable|56/100\n|-damage|p2a: Clefable|40/100\n|-enditem|p2a: Clefable|Sitrus Berry|[eat]\n|-heal|p2a: Clefable|65/100|[from] item: Sitrus Berry\n|-damage|p2a: Clefable|50/100\n|-damage|p2a: Clefable|35/100\n|-damage|p2a: Clefable|20/100\n|-damage|p2a: Clefable|5/100\n|-damage|p2a: Clefable|0 fnt\n|faint|p2a: Clefable\n|-hitcount|p2: Clefable|9\n|\n|-weather|RainDance|[upkeep]\n|upkeep\n|turn|10\n|\n|t:|1776577713\n|move|p2b: Politoed|Muddy Water|p1b: Maushold\n|-damage|p1b: Maushold|0 fnt\n|faint|p1b: Maushold\n|\n|win|TheGamingMammoth\n|raw|Piko's rating: 1096 &rarr; <strong>1078</strong><br />(-18 for losing)\n|raw|TheGamingMammoth's rating: 1189 &rarr; <strong>1207</strong><br />(+18 for winning)\n",
  "uploadtime": 1776577713,
  "views": 8,
  "formatid": "gen9championsvgc2026regma",
  "rating": 1078,
  "private": 0,
  "password": null
}