{
  "id": "gen9championsvgc2026regma-2583858660",
  "format": "[Gen 9 Champions] VGC 2026 Reg M-A",
  "players": [
    "razor216",
    "Negative31x"
  ],
  "log": "|j|\u2606razor216\n|j|\u2606Negative31x\n|t:|1776203250\n|gametype|doubles\n|player|p1|razor216|nate|1082\n|player|p2|Negative31x|lance|1034\n|gen|9\n|tier|[Gen 9 Champions] VGC 2026 Reg M-A\n|rated|\n|rule|Species Clause: Limit one of each Pok\u00e9mon\n|rule|Item Clause: Limit 1 of each item\n|clearpoke\n|poke|p1|Dragonite, L50, F|\n|poke|p1|Gallade, L50, M|\n|poke|p1|Tinkaton, L50, F|\n|poke|p1|Primarina, L50, M|\n|poke|p1|Pelipper, L50, F|\n|poke|p1|Incineroar, L50, M|\n|poke|p2|Dragonite, L50, F|\n|poke|p2|Politoed, L50, M|\n|poke|p2|Archaludon, L50, M|\n|poke|p2|Palafin, L50, M|\n|poke|p2|Incineroar, L50, F|\n|poke|p2|Sinistcha, L50|\n|teampreview|4\n|\n|t:|1776203270\n|teamsize|p1|4\n|teamsize|p2|4\n|start\n|switch|p1a: Tinkaton|Tinkaton, L50, F|100/100\n|switch|p1b: Incineroar|Incineroar, L50, M|100/100\n|switch|p2a: Politoed|Politoed, L50, M, shiny|100/100\n|switch|p2b: Archaludon|Archaludon, L50, M|100/100\n|-ability|p1a: Tinkaton|Mold Breaker\n|-weather|RainDance|[from] ability: Drizzle|[of] p2a: Politoed\n|-ability|p1b: Incineroar|Intimidate|boost\n|-unboost|p2a: Politoed|atk|1\n|-unboost|p2b: Archaludon|atk|1\n|turn|1\n|\n|t:|1776203312\n|switch|p2b: Dragonite|Dragonite, L50, F, shiny|100/100\n|move|p1a: Tinkaton|Fake Out|p2b: Dragonite\n|-damage|p2b: Dragonite|89/100\n|move|p2a: Politoed|Weather Ball|p1b: Incineroar\n|-supereffective|p1b: Incineroar|1\n|-damage|p1b: Incineroar|0 fnt\n|faint|p1b: Incineroar\n|\n|-weather|RainDance|[upkeep]\n|upkeep\n|\n|t:|1776203326\n|switch|p1b: Dragonite|Dragonite, L50, F|100/100\n|turn|2\n|\n|t:|1776203343\n|detailschange|p2b: Dragonite|Dragonite-Mega, L50, F, shiny\n|-mega|p2b: Dragonite|Dragonite|Dragoninite\n|detailschange|p1b: Dragonite|Dragonite-Mega, L50, F\n|-mega|p1b: Dragonite|Dragonite|Dragoninite\n|move|p2b: Dragonite|Protect|p2b: Dragonite\n|-singleturn|p2b: Dragonite|Protect\n|move|p1b: Dragonite|Thunder|p2a: Politoed\n|-supereffective|p2a: Politoed|1\n|-damage|p2a: Politoed|27/100\n|-status|p2a: Politoed|par\n|move|p1a: Tinkaton|Ice Hammer|p2b: Dragonite\n|-activate|p2b: Dragonite|move: Protect\n|move|p2a: Politoed|Ice Beam|p1b: Dragonite\n|-supereffective|p1b: Dragonite|2\n|-damage|p1b: Dragonite|55/100\n|\n|-weather|RainDance|[upkeep]\n|-heal|p2a: Politoed|33/100 par|[from] item: Leftovers\n|upkeep\n|turn|3\n|\n|t:|1776203379\n|switch|p2b: Archaludon|Archaludon, L50, M|100/100\n|cant|p2a: Politoed|par\n|move|p1b: Dragonite|Thunder|p2a: Politoed\n|-supereffective|p2a: Politoed|1\n|-crit|p2a: Politoed\n|-damage|p2a: Politoed|0 fnt\n|faint|p2a: Politoed\n|move|p1a: Tinkaton|Ice Hammer|p2b: Archaludon\n|-damage|p2b: Archaludon|77/100\n|-unboost|p1a: Tinkaton|spe|1\n|-ability|p2b: Archaludon|Stamina|boost\n|-boost|p2b: Archaludon|def|1\n|\n|-weather|RainDance|[upkeep]\n|upkeep\n|\n|t:|1776203407\n|switch|p2a: Dragonite|Dragonite-Mega, L50, F, shiny|89/100\n|turn|4\n|\n|t:|1776203416\n|move|p2a: Dragonite|Protect|p2a: Dragonite\n|-singleturn|p2a: Dragonite|Protect\n|move|p2b: Archaludon|Draco Meteor|p1b: Dragonite\n|-supereffective|p1b: Dragonite|1\n|-damage|p1b: Dragonite|0 fnt\n|-unboost|p2b: Archaludon|spa|2\n|faint|p1b: Dragonite\n|move|p1a: Tinkaton|Ice Hammer|p2a: Dragonite\n|-activate|p2a: Dragonite|move: Protect\n|\n|-weather|RainDance|[upkeep]\n|upkeep\n|\n|t:|1776203427\n|switch|p1b: Pelipper|Pelipper, L50, F|100/100\n|turn|5\n|\n|t:|1776203439\n|switch|p2b: Sinistcha|Sinistcha, L50|100/100\n|-heal|p2a: Dragonite|100/100|[from] ability: Hospitality|[of] p2b: Sinistcha\n|move|p2a: Dragonite|Thunder|p1b: Pelipper\n|-supereffective|p1b: Pelipper|2\n|-damage|p1b: Pelipper|0 fnt\n|faint|p1b: Pelipper\n|move|p1a: Tinkaton|Ice Hammer|p2a: Dragonite\n|-supereffective|p2a: Dragonite|2\n|-damage|p2a: Dragonite|8/100\n|-unboost|p1a: Tinkaton|spe|1\n|\n|-weather|none\n|upkeep\n|turn|6\n|\n|t:|1776203471\n|switch|p2b: Archaludon|Archaludon, L50, M|77/100\n|move|p2a: Dragonite|Hurricane|p1a: Tinkaton|[miss]\n|-miss|p2a: Dragonite|p1a: Tinkaton\n|move|p1a: Tinkaton|Ice Hammer|p2b: Archaludon\n|-damage|p2b: Archaludon|56/100\n|-unboost|p1a: Tinkaton|spe|1\n|-ability|p2b: Archaludon|Stamina|boost\n|-boost|p2b: Archaludon|def|1\n|\n|upkeep\n|turn|7\n|\n|t:|1776203498\n|move|p2b: Archaludon|Flash Cannon|p1a: Tinkaton\n|-damage|p1a: Tinkaton|59/100\n|move|p2a: Dragonite|Thunder|p1a: Tinkaton\n|-damage|p1a: Tinkaton|7/100\n|move|p1a: Tinkaton|Ice Hammer|p2b: Archaludon\n|-damage|p2b: Archaludon|41/100\n|-unboost|p1a: Tinkaton|spe|1\n|-ability|p2b: Archaludon|Stamina|boost\n|-boost|p2b: Archaludon|def|1\n|\n|upkeep\n|turn|8\n|-message|razor216 forfeited.\n|\n|win|Negative31x\n|raw|razor216's rating: 1082 &rarr; <strong>1057</strong><br />(-25 for losing)\n|raw|Negative31x's rating: 1034 &rarr; <strong>1074</strong><br />(+40 for winning)\n|l|\u2606razor216\n|player|p1|\n",
  "uploadtime": 1776203638,
  "views": 29,
  "formatid": "gen9championsvgc2026regma",
  "rating": 1057,
  "private": 0,
  "password": null
}