{
  "id": "gen9championsvgc2026regma-2581158529",
  "format": "[Gen 9 Champions] VGC 2026 Reg M-A",
  "players": [
    "NewVGCNewMe",
    "LesbianMawile"
  ],
  "log": "|j|\u2606NewVGCNewMe\n|j|\u2606LesbianMawile\n|t:|1775965547\n|gametype|doubles\n|player|p1|NewVGCNewMe|ballguy|1058\n|player|p2|LesbianMawile|rika|1040\n|gen|9\n|tier|[Gen 9 Champions] VGC 2026 Reg M-A\n|rated|\n|rule|Species Clause: Limit one of each Pok\u00e9mon\n|rule|Item Clause: Limit 1 of each item\n|clearpoke\n|poke|p1|Gengar, L50, F|\n|poke|p1|Politoed, L50, M|\n|poke|p1|Palafin, L50, F|\n|poke|p1|Incineroar, L50, M|\n|poke|p1|Archaludon, L50, F|\n|poke|p1|Sneasler, L50, F|\n|poke|p2|Incineroar, L50, M|\n|poke|p2|Sinistcha, L50|\n|poke|p2|Farigiraf, L50, M|\n|poke|p2|Aggron, L50, F|\n|poke|p2|Primarina, L50, F|\n|poke|p2|Drampa, L50, M|\n|teampreview|4\n|\n|t:|1775965607\n|teamsize|p1|4\n|teamsize|p2|4\n|start\n|switch|p1a: Politoed|Politoed, L50, M, shiny|100/100\n|switch|p1b: Gengar|Gengar, L50, F|100/100\n|switch|p2a: Incineroar|Incineroar, L50, M, shiny|100/100\n|switch|p2b: Farigiraf|Farigiraf, L50, M, shiny|100/100\n|-weather|RainDance|[from] ability: Drizzle|[of] p1a: Politoed\n|-ability|p2a: Incineroar|Intimidate|boost\n|-unboost|p1a: Politoed|atk|1\n|-unboost|p1b: Gengar|atk|1\n|turn|1\n|inactive|Battle timer is ON: inactive players will automatically lose when time's up. (requested by NewVGCNewMe)\n|inactive|NewVGCNewMe has 60 seconds left.\n|\n|t:|1775965654\n|detailschange|p1b: Gengar|Gengar-Mega, L50, F\n|-mega|p1b: Gengar|Gengar|Gengarite\n|move|p1b: Gengar|Protect|p1b: Gengar\n|-singleturn|p1b: Gengar|Protect\n|move|p1a: Politoed|Perish Song|p1a: Politoed\n|-start|p1a: Politoed|perish3|[silent]\n|-start|p1b: Gengar|perish3|[silent]\n|-start|p2a: Incineroar|perish3|[silent]\n|-start|p2b: Farigiraf|perish3|[silent]\n|-fieldactivate|move: Perish Song\n|move|p2a: Incineroar|Darkest Lariat|p1b: Gengar\n|-activate|p1b: Gengar|move: Protect\n|move|p2b: Farigiraf|Trick Room|p2b: Farigiraf\n|-fieldstart|move: Trick Room|[of] p2b: Farigiraf\n|\n|-weather|RainDance|[upkeep]\n|-start|p2b: Farigiraf|perish3\n|-start|p2a: Incineroar|perish3\n|-start|p1a: Politoed|perish3\n|-start|p1b: Gengar|perish3\n|upkeep\n|turn|2\n|\n|t:|1775965674\n|switch|p1a: Palafin|Palafin, L50, F|100/100\n|switch|p1b: Incineroar|Incineroar, L50, M, shiny|100/100\n|-ability|p1b: Incineroar|Intimidate|boost\n|-unboost|p2a: Incineroar|atk|1\n|-unboost|p2b: Farigiraf|atk|1\n|move|p2b: Farigiraf|Twin Beam|p1b: Incineroar\n|-immune|p1b: Incineroar\n|move|p2a: Incineroar|Parting Shot|p1a: Palafin\n|-unboost|p1a: Palafin|atk|1\n|-unboost|p1a: Palafin|spa|1\n|\n|t:|1775965687\n|switch|p2a: Drampa|Drampa, L50, M|100/100|[from] Parting Shot\n|-ability|p2a: Drampa|Cloud Nine\n|\n|-weather|RainDance|[upkeep]\n|-start|p2b: Farigiraf|perish2\n|upkeep\n|turn|3\n|inactive|LesbianMawile has 30 seconds left.\n|\n|t:|1775965714\n|detailschange|p1a: Palafin|Palafin-Hero, L50, F\n|switch|p1a: Politoed|Politoed, L50, M, shiny|100/100\n|move|p2a: Drampa|Calm Mind|p2a: Drampa\n|-boost|p2a: Drampa|spa|1\n|-boost|p2a: Drampa|spd|1\n|move|p2b: Farigiraf|Hyper Voice|p1a: Politoed|[spread] p1a,p1b\n|-crit|p1a: Politoed\n|-damage|p1a: Politoed|68/100\n|-damage|p1b: Incineroar|76/100\n|move|p1b: Incineroar|Darkest Lariat|p2b: Farigiraf\n|-supereffective|p2b: Farigiraf|1\n|-damage|p2b: Farigiraf|31/100\n|\n|-weather|RainDance|[upkeep]\n|-start|p2b: Farigiraf|perish1\n|upkeep\n|turn|4\n|inactive|NewVGCNewMe has 30 seconds left.\n|inactive|LesbianMawile has 30 seconds left.\n|\n|t:|1775965746\n|switch|p2b: Incineroar|Incineroar, L50, M, shiny|100/100\n|-ability|p2b: Incineroar|Intimidate|boost\n|-unboost|p1a: Politoed|atk|1\n|-unboost|p1b: Incineroar|atk|1\n|switch|p1a: Gengar|Gengar-Mega, L50, F|100/100\n|move|p2a: Drampa|Earth Power|p1b: Incineroar\n|-supereffective|p1b: Incineroar|1\n|-damage|p1b: Incineroar|0 fnt\n|faint|p1b: Incineroar\n|\n|-weather|RainDance|[upkeep]\n|upkeep\n|\n|t:|1775965759\n|switch|p1b: Palafin|Palafin-Hero, L50, F|100/100\n|-activate|p1b: Palafin|ability: Zero to Hero\n|turn|5\n|\n|t:|1775965782\n|switch|p1a: Politoed|Politoed, L50, M, shiny|68/100\n|move|p2a: Drampa|Hyper Voice|p1a: Politoed|[spread] p1a,p1b\n|-damage|p1a: Politoed|15/100\n|-damage|p1b: Palafin|46/100\n|move|p2b: Incineroar|Parting Shot|p1b: Palafin\n|-unboost|p1b: Palafin|atk|1\n|-unboost|p1b: Palafin|spa|1\n|\n|t:|1775965789\n|switch|p2b: Sinistcha|Sinistcha, L50|100/100|[from] Parting Shot\n|move|p1b: Palafin|Close Combat|p2a: Drampa\n|-supereffective|p2a: Drampa|1\n|-damage|p2a: Drampa|16/100\n|-unboost|p1b: Palafin|def|1\n|-unboost|p1b: Palafin|spd|1\n|\n|-weather|none\n|-fieldend|move: Trick Room\n|upkeep\n|turn|6\n|\n|t:|1775965804\n|switch|p1a: Gengar|Gengar-Mega, L50, F|100/100\n|move|p2a: Drampa|Protect|p2a: Drampa\n|-singleturn|p2a: Drampa|Protect\n|move|p1b: Palafin|Jet Punch|p2a: Drampa\n|-activate|p2a: Drampa|move: Protect\n|move|p2b: Sinistcha|Trick Room|p2b: Sinistcha\n|-fieldstart|move: Trick Room|[of] p2b: Sinistcha\n|\n|upkeep\n|turn|7\n|inactive|LesbianMawile has 30 seconds left.\n|\n|t:|1775965832\n|switch|p1b: Politoed|Politoed, L50, M, shiny|15/100\n|-weather|RainDance|[from] ability: Drizzle|[of] p1b: Politoed\n|move|p2b: Sinistcha|Rage Powder|p2b: Sinistcha\n|-singleturn|p2b: Sinistcha|move: Rage Powder\n|move|p2a: Drampa|Earth Power|p1a: Gengar\n|-supereffective|p1a: Gengar|1\n|-damage|p1a: Gengar|0 fnt\n|faint|p1a: Gengar\n|\n|-weather|RainDance|[upkeep]\n|upkeep\n|\n|t:|1775965842\n|switch|p1a: Palafin|Palafin-Hero, L50, F|46/100\n|turn|8\n|-message|NewVGCNewMe forfeited.\n|\n|win|LesbianMawile\n|raw|NewVGCNewMe's rating: 1058 &rarr; <strong>1038</strong><br />(-20 for losing)\n|raw|LesbianMawile's rating: 1040 &rarr; <strong>1076</strong><br />(+36 for winning)\n|l|\u2606NewVGCNewMe\n|player|p1|\n",
  "uploadtime": 1775965863,
  "views": 20,
  "formatid": "gen9championsvgc2026regma",
  "rating": 1038,
  "private": 0,
  "password": null
}