{
  "id": "gen9championsvgc2026regma-2583639331",
  "format": "[Gen 9 Champions] VGC 2026 Reg M-A",
  "players": [
    "owl_with_scarf",
    "joej m"
  ],
  "log": "|j|\u2606owl_with_scarf\n|j|\u2606joej m\n|t:|1776188114\n|gametype|doubles\n|player|p1|owl_with_scarf|#owlwithscarf|1336\n|player|p2|joej m|266|1420\n|gen|9\n|tier|[Gen 9 Champions] VGC 2026 Reg M-A\n|rated|\n|rule|Species Clause: Limit one of each Pok\u00e9mon\n|rule|Item Clause: Limit 1 of each item\n|clearpoke\n|poke|p1|Torkoal, L50, F|\n|poke|p1|Oranguru, L50, M|\n|poke|p1|Farigiraf, L50, M|\n|poke|p1|Golurk, L50|\n|poke|p1|Kingambit, L50, M|\n|poke|p1|Empoleon, L50, F|\n|poke|p2|Floette-Eternal, L50, F|\n|poke|p2|Aerodactyl, L50, M|\n|poke|p2|Garchomp, L50, M|\n|poke|p2|Sneasler, L50, F|\n|poke|p2|Incineroar, L50, M|\n|poke|p2|Rotom-Wash, L50|\n|teampreview|4\n|inactive|Battle timer is ON: inactive players will automatically lose when time's up. (requested by owl_with_scarf)\n|inactive|joej m has 60 seconds left.\n|\n|t:|1776188161\n|teamsize|p1|4\n|teamsize|p2|4\n|start\n|switch|p1a: Empoleon|Empoleon, L50, F|100/100\n|switch|p1b: Farigiraf|Farigiraf, L50, M|100/100\n|switch|p2a: Floette|Floette-Eternal, L50, F|100/100\n|switch|p2b: Sneasler|Sneasler, L50, F|100/100\n|turn|1\n|inactive|joej m has 30 seconds left.\n|\n|t:|1776188187\n|detailschange|p2a: Floette|Floette-Mega, L50, F\n|-mega|p2a: Floette|Floette|Floettite\n|-ability|p2a: Floette|Fairy Aura\n|move|p2b: Sneasler|Close Combat|p1a: Empoleon\n|-supereffective|p1a: Empoleon|1\n|-enditem|p1a: Empoleon|Chople Berry|[eat]\n|-enditem|p1a: Empoleon|Chople Berry|[weaken]\n|-damage|p1a: Empoleon|28/100\n|-unboost|p2b: Sneasler|def|1\n|-unboost|p2b: Sneasler|spd|1\n|-enditem|p2b: Sneasler|White Herb\n|-clearnegativeboost|p2b: Sneasler|[silent]\n|move|p2a: Floette|Calm Mind|p2a: Floette\n|-boost|p2a: Floette|spa|1\n|-boost|p2a: Floette|spd|1\n|move|p1a: Empoleon|Flash Cannon|p2a: Floette\n|-supereffective|p2a: Floette|1\n|-damage|p2a: Floette|63/100\n|move|p1b: Farigiraf|Trick Room|p1b: Farigiraf\n|-fieldstart|move: Trick Room|[of] p1b: Farigiraf\n|\n|upkeep\n|turn|2\n|\n|t:|1776188206\n|move|p1b: Farigiraf|Helping Hand|p1a: Empoleon\n|-singleturn|p1a: Empoleon|Helping Hand|[of] p1b: Farigiraf\n|move|p2b: Sneasler|Protect|p2b: Sneasler\n|-singleturn|p2b: Sneasler|Protect\n|move|p1a: Empoleon|Flash Cannon|p2a: Floette\n|-supereffective|p2a: Floette|1\n|-damage|p2a: Floette|7/100\n|move|p2a: Floette|Dazzling Gleam|p1b: Farigiraf|[spread] p1a,p1b\n|-resisted|p1a: Empoleon|1\n|-damage|p1a: Empoleon|0 fnt\n|-damage|p1b: Farigiraf|41/100\n|faint|p1a: Empoleon\n|\n|upkeep\n|\n|t:|1776188209\n|switch|p1a: Torkoal|Torkoal, L50, F|100/100\n|-weather|SunnyDay|[from] ability: Drought|[of] p1a: Torkoal\n|turn|3\n|\n|t:|1776188221\n|switch|p2b: Incineroar|Incineroar, L50, M|100/100\n|-ability|p2b: Incineroar|Intimidate|boost\n|-unboost|p1a: Torkoal|atk|1\n|-unboost|p1b: Farigiraf|atk|1\n|move|p1b: Farigiraf|Helping Hand|p1a: Torkoal\n|-singleturn|p1a: Torkoal|Helping Hand|[of] p1b: Farigiraf\n|move|p2a: Floette|Protect|p2a: Floette\n|-singleturn|p2a: Floette|Protect\n|move|p1a: Torkoal|Eruption|p2a: Floette|[spread] p2b\n|-activate|p2a: Floette|move: Protect\n|-resisted|p2b: Incineroar|1\n|-damage|p2b: Incineroar|39/100\n|-enditem|p2b: Incineroar|Sitrus Berry|[eat]\n|-heal|p2b: Incineroar|64/100|[from] item: Sitrus Berry\n|\n|-weather|SunnyDay|[upkeep]\n|upkeep\n|turn|4\n|\n|t:|1776188239\n|move|p1b: Farigiraf|Helping Hand|p1a: Torkoal\n|-singleturn|p1a: Torkoal|Helping Hand|[of] p1b: Farigiraf\n|move|p1a: Torkoal|Eruption|p2a: Floette|[spread] p2a,p2b\n|-resisted|p2b: Incineroar|1\n|-damage|p2a: Floette|0 fnt\n|-damage|p2b: Incineroar|7/100\n|faint|p2a: Floette\n|move|p2b: Incineroar|Throat Chop|p1b: Farigiraf\n|-supereffective|p1b: Farigiraf|1\n|-enditem|p1b: Farigiraf|Colbur Berry|[eat]\n|-enditem|p1b: Farigiraf|Colbur Berry|[weaken]\n|-damage|p1b: Farigiraf|13/100\n|-start|p1b: Farigiraf|Throat Chop|[silent]\n|\n|-weather|SunnyDay|[upkeep]\n|upkeep\n|\n|t:|1776188250\n|switch|p2a: Garchomp|Garchomp, L50, M|100/100\n|turn|5\n|inactive|joej m has 30 seconds left.\n|\n|t:|1776188278\n|move|p1b: Farigiraf|Helping Hand|p1a: Torkoal\n|-singleturn|p1a: Torkoal|Helping Hand|[of] p1b: Farigiraf\n|move|p1a: Torkoal|Eruption|p2b: Incineroar|[spread] p2a,p2b\n|-resisted|p2a: Garchomp|1\n|-resisted|p2b: Incineroar|1\n|-damage|p2a: Garchomp|26/100\n|-damage|p2b: Incineroar|0 fnt\n|faint|p2b: Incineroar\n|move|p2a: Garchomp|Rock Slide|p1a: Torkoal|[spread] p1a,p1b\n|-supereffective|p1a: Torkoal|1\n|-damage|p1a: Torkoal|71/100\n|-damage|p1b: Farigiraf|0 fnt\n|faint|p1b: Farigiraf\n|\n|-weather|SunnyDay|[upkeep]\n|-fieldend|move: Trick Room\n|upkeep\n|\n|t:|1776188281\n|switch|p2b: Sneasler|Sneasler, L50, F|100/100\n|switch|p1b: Oranguru|Oranguru, L50, M|100/100\n|turn|6\n|\n|t:|1776188292\n|move|p1a: Torkoal|Protect|p1a: Torkoal\n|-singleturn|p1a: Torkoal|Protect\n|move|p2b: Sneasler|Close Combat|p1b: Oranguru\n|-damage|p1b: Oranguru|44/100\n|-unboost|p2b: Sneasler|def|1\n|-unboost|p2b: Sneasler|spd|1\n|move|p2a: Garchomp|Stomping Tantrum|p1b: Oranguru\n|-damage|p1b: Oranguru|8/100\n|move|p1b: Oranguru|Trick Room|p1b: Oranguru\n|-fieldstart|move: Trick Room|[of] p1b: Oranguru\n|\n|-weather|SunnyDay|[upkeep]\n|upkeep\n|turn|7\n|\n|t:|1776188307\n|move|p2a: Garchomp|Protect|p2a: Garchomp\n|-singleturn|p2a: Garchomp|Protect\n|move|p1a: Torkoal|Eruption|p2b: Sneasler|[spread] p2b\n|-activate|p2a: Garchomp|move: Protect\n|-damage|p2b: Sneasler|0 fnt\n|faint|p2b: Sneasler\n|move|p1b: Oranguru|Instruct|p1a: Torkoal\n|-singleturn|p1a: Torkoal|move: Instruct|[of] p1b: Oranguru\n|move|p1a: Torkoal|Eruption|p2a: Garchomp\n|-activate|p2a: Garchomp|move: Protect\n|\n|-weather|none\n|upkeep\n|turn|8\n|\n|t:|1776188313\n|move|p1a: Torkoal|Eruption|p2a: Garchomp\n|-resisted|p2a: Garchomp|1\n|-damage|p2a: Garchomp|0 fnt\n|faint|p2a: Garchomp\n|\n|win|owl_with_scarf\n|raw|owl_with_scarf's rating: 1336 &rarr; <strong>1361</strong><br />(+25 for winning)\n|raw|joej m's rating: 1420 &rarr; <strong>1395</strong><br />(-25 for losing)\n|l|\u2606joej m\n|player|p2|\n",
  "uploadtime": 1776188319,
  "views": 59,
  "formatid": "gen9championsvgc2026regma",
  "rating": 1361,
  "private": 0,
  "password": null
}