{
  "id": "gen9championsvgc2026regma-2582794749",
  "format": "[Gen 9 Champions] VGC 2026 Reg M-A",
  "players": [
    "NVBlackLotus",
    "Douglas Viana"
  ],
  "log": "|j|\u2606NVBlackLotus\n|j|\u2606Douglas Viana\n|t:|1776114669\n|gametype|doubles\n|player|p1|NVBlackLotus|266|1070\n|player|p2|Douglas Viana|juan|1112\n|gen|9\n|tier|[Gen 9 Champions] VGC 2026 Reg M-A\n|rated|\n|rule|Species Clause: Limit one of each Pok\u00e9mon\n|rule|Item Clause: Limit 1 of each item\n|clearpoke\n|poke|p1|Gengar, L50, M|\n|poke|p1|Whimsicott, L50, M|\n|poke|p1|Kommo-o, L50, M|\n|poke|p1|Incineroar, L50, F|\n|poke|p1|Meganium, L50, F|\n|poke|p1|Basculegion, L50, M|\n|poke|p2|Gengar, L50, M|\n|poke|p2|Tyranitar, L50, M|\n|poke|p2|Garchomp, L50, F|\n|poke|p2|Whimsicott, L50, F|\n|poke|p2|Rotom-Wash, L50|\n|poke|p2|Sneasler, L50, F|\n|teampreview|4\n|\n|t:|1776114688\n|teamsize|p1|4\n|teamsize|p2|4\n|start\n|switch|p1a: Incineroar|Incineroar, L50, F, shiny|100/100\n|switch|p1b: Kommo-o|Kommo-o, L50, M|100/100\n|switch|p2a: Tyranitar|Tyranitar, L50, M, shiny|100/100\n|switch|p2b: Whimsicott|Whimsicott, L50, F, shiny|100/100\n|-weather|Sandstorm|[from] ability: Sand Stream|[of] p2a: Tyranitar\n|-ability|p1a: Incineroar|Intimidate|boost\n|-unboost|p2a: Tyranitar|atk|1\n|-unboost|p2b: Whimsicott|atk|1\n|turn|1\n|inactive|Battle timer is ON: inactive players will automatically lose when time's up. (requested by Douglas Viana)\n|\n|t:|1776114711\n|move|p2a: Tyranitar|Protect|p2a: Tyranitar\n|-singleturn|p2a: Tyranitar|Protect\n|move|p1a: Incineroar|Fake Out|p2b: Whimsicott\n|-damage|p2b: Whimsicott|84/100\n|cant|p2b: Whimsicott|flinch\n|move|p1b: Kommo-o|Body Press|p2a: Tyranitar\n|-activate|p2a: Tyranitar|move: Protect\n|\n|-weather|Sandstorm|[upkeep]\n|-damage|p2b: Whimsicott|78/100|[from] Sandstorm\n|-damage|p1b: Kommo-o|94/100|[from] Sandstorm\n|-damage|p1a: Incineroar|95/100|[from] Sandstorm\n|-heal|p1b: Kommo-o|100/100|[from] item: Leftovers\n|upkeep\n|turn|2\n|\n|t:|1776114730\n|switch|p2a: Gengar|Gengar, L50, M|100/100\n|move|p2b: Whimsicott|Tailwind|p2b: Whimsicott\n|-sidestart|p2: Douglas Viana|move: Tailwind\n|move|p1b: Kommo-o|Body Press|p2a: Gengar\n|-immune|p2a: Gengar\n|move|p1a: Incineroar|Flare Blitz|p2b: Whimsicott\n|-supereffective|p2b: Whimsicott|1\n|-damage|p2b: Whimsicott|0 fnt\n|faint|p2b: Whimsicott\n|-damage|p1a: Incineroar|76/100|[from] Recoil\n|\n|-weather|Sandstorm|[upkeep]\n|-damage|p2a: Gengar|95/100|[from] Sandstorm\n|-damage|p1b: Kommo-o|94/100|[from] Sandstorm\n|-damage|p1a: Incineroar|70/100|[from] Sandstorm\n|-heal|p1b: Kommo-o|100/100|[from] item: Leftovers\n|upkeep\n|\n|t:|1776114748\n|switch|p2b: Sneasler|Sneasler, L50, F|100/100\n|turn|3\n|\n|t:|1776114763\n|detailschange|p2a: Gengar|Gengar-Mega, L50, M\n|-mega|p2a: Gengar|Gengar|Gengarite\n|move|p1b: Kommo-o|Protect|p1b: Kommo-o\n|-singleturn|p1b: Kommo-o|Protect\n|move|p2a: Gengar|Sludge Bomb|p1b: Kommo-o\n|-activate|p1b: Kommo-o|move: Protect\n|move|p2b: Sneasler|Close Combat|p1a: Incineroar\n|-supereffective|p1a: Incineroar|1\n|-damage|p1a: Incineroar|0 fnt\n|-unboost|p2b: Sneasler|def|1\n|-unboost|p2b: Sneasler|spd|1\n|faint|p1a: Incineroar\n|\n|-weather|Sandstorm|[upkeep]\n|-damage|p2a: Gengar|89/100|[from] Sandstorm\n|-damage|p2b: Sneasler|95/100|[from] Sandstorm\n|-damage|p1b: Kommo-o|94/100|[from] Sandstorm\n|-heal|p1b: Kommo-o|100/100|[from] item: Leftovers\n|upkeep\n|\n|t:|1776114783\n|switch|p1a: Whimsicott|Whimsicott, L50, M|100/100\n|turn|4\n|\n|t:|1776114804\n|move|p1a: Whimsicott|Tailwind|p1a: Whimsicott\n|-sidestart|p1: NVBlackLotus|move: Tailwind\n|move|p2a: Gengar|Sludge Bomb|p1b: Kommo-o\n|-immune|p1b: Kommo-o|[from] ability: Bulletproof\n|move|p2b: Sneasler|Dire Claw|p1a: Whimsicott\n|-supereffective|p1a: Whimsicott|2\n|-enditem|p1a: Whimsicott|Focus Sash\n|-damage|p1a: Whimsicott|1/100\n|move|p1b: Kommo-o|Flash Cannon|p2b: Sneasler\n|-damage|p2b: Sneasler|57/100\n|\n|-weather|Sandstorm|[upkeep]\n|-damage|p2a: Gengar|83/100|[from] Sandstorm\n|-damage|p2b: Sneasler|51/100|[from] Sandstorm\n|-damage|p1a: Whimsicott|0 fnt|[from] Sandstorm\n|-damage|p1b: Kommo-o|94/100|[from] Sandstorm\n|faint|p1a: Whimsicott\n|-heal|p1b: Kommo-o|100/100|[from] item: Leftovers\n|upkeep\n|\n|t:|1776114817\n|switch|p1a: Meganium|Meganium, L50, F|100/100\n|turn|5\n|\n|t:|1776114833\n|detailschange|p1a: Meganium|Meganium-Mega, L50, F\n|-mega|p1a: Meganium|Meganium|Meganiumite\n|move|p2a: Gengar|Sludge Bomb|p1a: Meganium\n|-supereffective|p1a: Meganium|2\n|-damage|p1a: Meganium|0 fnt\n|faint|p1a: Meganium\n|move|p2b: Sneasler|Dire Claw|p1b: Kommo-o\n|-damage|p1b: Kommo-o|69/100\n|move|p1b: Kommo-o|Flash Cannon|p2b: Sneasler\n|-damage|p2b: Sneasler|10/100\n|\n|-weather|none\n|-heal|p1b: Kommo-o|75/100|[from] item: Leftovers\n|-sideend|p2: Douglas Viana|move: Tailwind\n|upkeep\n|turn|6\n|\n|t:|1776114849\n|move|p1b: Kommo-o|Iron Defense|p1b: Kommo-o\n|-boost|p1b: Kommo-o|def|2\n|move|p2a: Gengar|Shadow Ball|p1b: Kommo-o\n|-immune|p1b: Kommo-o|[from] ability: Bulletproof\n|move|p2b: Sneasler|Dire Claw|p1b: Kommo-o\n|-damage|p1b: Kommo-o|58/100\n|-status|p1b: Kommo-o|psn\n|\n|-heal|p1b: Kommo-o|64/100 psn|[from] item: Leftovers\n|-damage|p1b: Kommo-o|52/100 psn|[from] psn\n|upkeep\n|turn|7\n|\n|t:|1776114870\n|switch|p2a: Tyranitar|Tyranitar, L50, M, shiny|100/100\n|-weather|Sandstorm|[from] ability: Sand Stream|[of] p2a: Tyranitar\n|move|p1b: Kommo-o|Flash Cannon|p2b: Sneasler\n|-damage|p2b: Sneasler|0 fnt\n|faint|p2b: Sneasler\n|\n|-weather|Sandstorm|[upkeep]\n|-damage|p1b: Kommo-o|46/100 psn|[from] Sandstorm\n|-heal|p1b: Kommo-o|52/100 psn|[from] item: Leftovers\n|-damage|p1b: Kommo-o|40/100 psn|[from] psn\n|-sideend|p1: NVBlackLotus|move: Tailwind\n|upkeep\n|\n|t:|1776114883\n|switch|p2b: Gengar|Gengar-Mega, L50, M|83/100\n|turn|8\n|\n|t:|1776114894\n|move|p2b: Gengar|Focus Blast|p1b: Kommo-o\n|-immune|p1b: Kommo-o|[from] ability: Bulletproof\n|move|p1b: Kommo-o|Body Press|p2a: Tyranitar\n|-supereffective|p2a: Tyranitar|2\n|-damage|p2a: Tyranitar|0 fnt\n|faint|p2a: Tyranitar\n|\n|-weather|Sandstorm|[upkeep]\n|-damage|p2b: Gengar|77/100|[from] Sandstorm\n|-damage|p1b: Kommo-o|33/100 psn|[from] Sandstorm\n|-heal|p1b: Kommo-o|40/100 psn|[from] item: Leftovers\n|-damage|p1b: Kommo-o|27/100 psn|[from] psn\n|upkeep\n|turn|9\n|\n|t:|1776114908\n|move|p2b: Gengar|Protect|p2b: Gengar\n|-singleturn|p2b: Gengar|Protect\n|move|p1b: Kommo-o|Flash Cannon|p2b: Gengar\n|-activate|p2b: Gengar|move: Protect\n|\n|-weather|Sandstorm|[upkeep]\n|-damage|p2b: Gengar|71/100|[from] Sandstorm\n|-damage|p1b: Kommo-o|21/100 psn|[from] Sandstorm\n|-heal|p1b: Kommo-o|27/100 psn|[from] item: Leftovers\n|-damage|p1b: Kommo-o|15/100 psn|[from] psn\n|upkeep\n|turn|10\n|\n|t:|1776114919\n|move|p2b: Gengar|Protect||[still]\n|-fail|p2b: Gengar\n|move|p1b: Kommo-o|Flash Cannon|p2b: Gengar\n|-damage|p2b: Gengar|45/100\n|\n|-weather|Sandstorm|[upkeep]\n|-damage|p2b: Gengar|39/100|[from] Sandstorm\n|-damage|p1b: Kommo-o|9/100 psn|[from] Sandstorm\n|-heal|p1b: Kommo-o|15/100 psn|[from] item: Leftovers\n|-damage|p1b: Kommo-o|3/100 psn|[from] psn\n|upkeep\n|turn|11\n|\n|t:|1776114932\n|move|p2b: Gengar|Protect|p2b: Gengar\n|-singleturn|p2b: Gengar|Protect\n|move|p1b: Kommo-o|Flash Cannon|p2b: Gengar\n|-activate|p2b: Gengar|move: Protect\n|\n|-weather|none\n|-heal|p1b: Kommo-o|9/100 psn|[from] item: Leftovers\n|-damage|p1b: Kommo-o|0 fnt|[from] psn\n|faint|p1b: Kommo-o\n|\n|win|Douglas Viana\n|raw|NVBlackLotus's rating: 1070 &rarr; <strong>1052</strong><br />(-18 for losing)\n|raw|Douglas Viana's rating: 1112 &rarr; <strong>1134</strong><br />(+22 for winning)\n",
  "uploadtime": 1776114932,
  "views": 13,
  "formatid": "gen9championsvgc2026regma",
  "rating": 1052,
  "private": 0,
  "password": null
}