{
  "id": "gen9championsvgc2026regma-2581090917",
  "format": "[Gen 9 Champions] VGC 2026 Reg M-A",
  "players": [
    "Loglord142",
    "miss ranko"
  ],
  "log": "|j|\u2606Loglord142\n|j|\u2606miss ranko\n|t:|1775958965\n|gametype|doubles\n|player|p1|Loglord142|pokemonbreeder-gen4|1099\n|player|p2|miss ranko|2|1195\n|gen|9\n|tier|[Gen 9 Champions] VGC 2026 Reg M-A\n|rated|\n|rule|Species Clause: Limit one of each Pok\u00e9mon\n|rule|Item Clause: Limit 1 of each item\n|clearpoke\n|poke|p1|Incineroar, L50, M|\n|poke|p1|Charizard, L50, F|\n|poke|p1|Venusaur, L50, M|\n|poke|p1|Aerodactyl, L50, M|\n|poke|p1|Garchomp, L50, F|\n|poke|p1|Trevenant, L50, M|\n|poke|p2|Froslass, L50, F|\n|poke|p2|Glaceon, L50, M|\n|poke|p2|Palafin, L50, M|\n|poke|p2|Aerodactyl, L50, F|\n|poke|p2|Sneasler, L50, M|\n|poke|p2|Chandelure, L50, M|\n|teampreview|4\n|\n|t:|1775958993\n|teamsize|p1|4\n|teamsize|p2|4\n|start\n|switch|p1a: Wolfey|Incineroar, L50, M|100/100\n|switch|p1b: Aerodactyl|Aerodactyl, L50, M|100/100\n|switch|p2a: Palafin|Palafin, L50, M|100/100\n|switch|p2b: Chandelure|Chandelure, L50, M|100/100\n|-ability|p1b: Aerodactyl|Unnerve\n|-ability|p1a: Wolfey|Intimidate|boost\n|-unboost|p2a: Palafin|atk|1\n|-unboost|p2b: Chandelure|atk|1\n|turn|1\n|\n|t:|1775959016\n|detailschange|p2a: Palafin|Palafin-Hero, L50, M\n|switch|p2a: Froslass|Froslass, L50, F|100/100\n|move|p1a: Wolfey|Fake Out|p2a: Froslass\n|-immune|p2a: Froslass\n|move|p1b: Aerodactyl|Tailwind|p1b: Aerodactyl\n|-sidestart|p1: Loglord142|move: Tailwind\n|move|p2b: Chandelure|Heat Wave|p1b: Aerodactyl|[spread] p1a,p1b\n|-resisted|p1a: Wolfey|1\n|-resisted|p1b: Aerodactyl|1\n|-damage|p1a: Wolfey|79/100\n|-damage|p1b: Aerodactyl|72/100\n|\n|upkeep\n|turn|2\n|\n|t:|1775959047\n|detailschange|p2a: Froslass|Froslass-Mega, L50, F\n|-mega|p2a: Froslass|Froslass|Froslassite\n|-weather|Snowscape|[from] ability: Snow Warning|[of] p2a: Froslass\n|move|p2a: Froslass|Protect|p2a: Froslass\n|-singleturn|p2a: Froslass|Protect\n|move|p1b: Aerodactyl|Rock Slide|p2a: Froslass|[spread] p2b\n|-activate|p2a: Froslass|move: Protect\n|-supereffective|p2b: Chandelure|1\n|-damage|p2b: Chandelure|32/100\n|move|p1a: Wolfey|Darkest Lariat|p2b: Chandelure\n|-supereffective|p2b: Chandelure|1\n|-damage|p2b: Chandelure|0 fnt\n|faint|p2b: Chandelure\n|\n|-weather|Snowscape|[upkeep]\n|upkeep\n|\n|t:|1775959065\n|switch|p2b: Palafin|Palafin-Hero, L50, M|100/100\n|-activate|p2b: Palafin|ability: Zero to Hero\n|turn|3\n|\n|t:|1775959097\n|switch|p2a: Aerodactyl|Aerodactyl, L50, F|100/100\n|-ability|p2a: Aerodactyl|Unnerve\n|move|p1b: Aerodactyl|Protect|p1b: Aerodactyl\n|-singleturn|p1b: Aerodactyl|Protect\n|move|p2b: Palafin|Jet Punch|p1b: Aerodactyl\n|-activate|p1b: Aerodactyl|move: Protect\n|move|p1a: Wolfey|Parting Shot|p2b: Palafin\n|-unboost|p2b: Palafin|atk|1\n|-unboost|p2b: Palafin|spa|1\n|\n|t:|1775959115\n|switch|p1a: Trevenant|Trevenant, L50, M|100/100|[from] Parting Shot\n|\n|-weather|Snowscape|[upkeep]\n|upkeep\n|turn|4\n|\n|t:|1775959135\n|move|p1b: Aerodactyl|Rock Slide|p2b: Palafin|[spread] p2a,p2b\n|-supereffective|p2a: Aerodactyl|1\n|-damage|p2a: Aerodactyl|15/100\n|-damage|p2b: Palafin|72/100\n|move|p2a: Aerodactyl|Tailwind|p2a: Aerodactyl\n|-sidestart|p2: miss ranko|move: Tailwind\n|cant|p2b: Palafin|flinch\n|move|p1a: Trevenant|Horn Leech|p2b: Palafin\n|-supereffective|p2b: Palafin|1\n|-damage|p2b: Palafin|10/100\n|\n|-weather|Snowscape|[upkeep]\n|-sideend|p1: Loglord142|move: Tailwind\n|upkeep\n|turn|5\n|\n|t:|1775959181\n|move|p1b: Aerodactyl|Protect|p1b: Aerodactyl\n|-singleturn|p1b: Aerodactyl|Protect\n|move|p1a: Trevenant|Protect|p1a: Trevenant\n|-singleturn|p1a: Trevenant|Protect\n|move|p2a: Aerodactyl|Dual Wingbeat|p1a: Trevenant\n|-activate|p1a: Trevenant|move: Protect\n|move|p2b: Palafin|Flip Turn|p1b: Aerodactyl\n|-activate|p1b: Aerodactyl|move: Protect\n|\n|-weather|Snowscape|[upkeep]\n|upkeep\n|turn|6\n|\n|t:|1775959202\n|move|p2a: Aerodactyl|Dual Wingbeat|p1a: Trevenant\n|-supereffective|p1a: Trevenant|1\n|-damage|p1a: Trevenant|58/100\n|-supereffective|p1a: Trevenant|1\n|-damage|p1a: Trevenant|20/100\n|-hitcount|p1a: Trevenant|2\n|move|p2b: Palafin|Flip Turn|p1b: Aerodactyl\n|-supereffective|p1b: Aerodactyl|1\n|-crit|p1b: Aerodactyl\n|-damage|p1b: Aerodactyl|0 fnt\n|faint|p1b: Aerodactyl\n|\n|t:|1775959210\n|switch|p2b: Froslass|Froslass-Mega, L50, F|100/100|[from] Flip Turn\n|move|p1a: Trevenant|Horn Leech|p2b: Froslass\n|-damage|p2b: Froslass|69/100\n|-heal|p1a: Trevenant|35/100|[from] drain|[of] p2b: Froslass\n|\n|-weather|none\n|upkeep\n|\n|t:|1775959223\n|switch|p1b: Wolfey|Incineroar, L50, M|79/100\n|-ability|p1b: Wolfey|Intimidate|boost\n|-unboost|p2a: Aerodactyl|atk|1\n|-unboost|p2b: Froslass|atk|1\n|turn|7\n|\n|t:|1775959239\n|move|p1b: Wolfey|Fake Out|p2a: Aerodactyl\n|-resisted|p2a: Aerodactyl|1\n|-damage|p2a: Aerodactyl|6/100\n|cant|p2a: Aerodactyl|flinch\n|move|p2b: Froslass|Blizzard|p1a: Trevenant|[spread] p1a\n|-miss|p2b: Froslass|p1b: Wolfey\n|-supereffective|p1a: Trevenant|1\n|-damage|p1a: Trevenant|0 fnt\n|faint|p1a: Trevenant\n|\n|-sideend|p2: miss ranko|move: Tailwind\n|upkeep\n|\n|t:|1775959251\n|switch|p1a: Charizard|Charizard, L50, F|100/100\n|turn|8\n|\n|t:|1775959262\n|switch|p2b: Palafin|Palafin-Hero, L50, M|10/100\n|detailschange|p1a: Charizard|Charizard-Mega-Y, L50, F\n|-mega|p1a: Charizard|Charizard|Charizardite Y\n|-weather|SunnyDay|[from] ability: Drought|[of] p1a: Charizard\n|move|p2a: Aerodactyl|Rock Slide|p1a: Charizard|[spread] p1a,p1b\n|-supereffective|p1a: Charizard|2\n|-supereffective|p1b: Wolfey|1\n|-damage|p1a: Charizard|12/100\n|-damage|p1b: Wolfey|41/100\n|move|p1a: Charizard|Heat Wave|p2b: Palafin|[spread] p2a,p2b\n|-resisted|p2a: Aerodactyl|1\n|-resisted|p2b: Palafin|1\n|-damage|p2a: Aerodactyl|0 fnt\n|-damage|p2b: Palafin|0 fnt\n|faint|p2a: Aerodactyl\n|faint|p2b: Palafin\n|cant|p1b: Wolfey|flinch\n|\n|-weather|SunnyDay|[upkeep]\n|upkeep\n|\n|t:|1775959276\n|switch|p2a: Froslass|Froslass-Mega, L50, F|69/100\n|-weather|Snowscape|[from] ability: Snow Warning|[of] p2a: Froslass\n|turn|9\n|\n|t:|1775959291\n|move|p2a: Froslass|Blizzard|p1b: Wolfey|[spread] p1a,p1b\n|-crit|p1a: Charizard\n|-resisted|p1b: Wolfey|1\n|-damage|p1a: Charizard|0 fnt\n|-damage|p1b: Wolfey|14/100\n|faint|p1a: Charizard\n|move|p1b: Wolfey|Flare Blitz|p2a: Froslass\n|-supereffective|p2a: Froslass|1\n|-damage|p2a: Froslass|0 fnt\n|faint|p2a: Froslass\n|-damage|p1b: Wolfey|0 fnt|[from] Recoil\n|faint|p1b: Wolfey\n|\n|win|Loglord142\n|raw|Loglord142's rating: 1099 &rarr; <strong>1131</strong><br />(+32 for winning)\n|raw|miss ranko's rating: 1195 &rarr; <strong>1163</strong><br />(-32 for losing)\n|l|\u2606miss ranko\n|player|p2|\n",
  "uploadtime": 1775959349,
  "views": 22,
  "formatid": "gen9championsvgc2026regma",
  "rating": 1131,
  "private": 0,
  "password": null
}