{
  "id": "gen9championsvgc2026regma-2586161438",
  "format": "[Gen 9 Champions] VGC 2026 Reg M-A",
  "players": [
    "LudwigVonHohenheim",
    "jfreson"
  ],
  "log": "|j|\u2606LudwigVonHohenheim\n|j|\u2606jfreson\n|t:|1776406809\n|gametype|doubles\n|player|p1|LudwigVonHohenheim|grimsley|1108\n|player|p2|jfreson|ghetsis-gen5bw|1028\n|gen|9\n|tier|[Gen 9 Champions] VGC 2026 Reg M-A\n|rated|\n|rule|Species Clause: Limit one of each Pok\u00e9mon\n|rule|Item Clause: Limit 1 of each item\n|clearpoke\n|poke|p1|Tauros-Paldea-Aqua, L50, M|\n|poke|p1|Clefable, L50, M|\n|poke|p1|Volcarona, L50, F|\n|poke|p1|Kangaskhan, L50, F|\n|poke|p1|Dragonite, L50, M|\n|poke|p1|Aegislash, L50, M|\n|poke|p2|Hawlucha, L50, M|\n|poke|p2|Snorlax, L50, M|\n|poke|p2|Incineroar, L50, M|\n|poke|p2|Glimmora, L50, F|\n|poke|p2|Sinistcha, L50|\n|poke|p2|Rotom-Wash, L50|\n|teampreview|4\njfreson rejected open team sheets.\n|inactive|Battle timer is ON: inactive players will automatically lose when time's up. (requested by jfreson)\n|inactive|LudwigVonHohenheim has 60 seconds left.\n|\n|t:|1776406852\n|teamsize|p1|4\n|teamsize|p2|4\n|start\n|switch|p1a: Kangaskhan|Kangaskhan, L50, F|100/100\n|switch|p1b: Tauros|Tauros-Paldea-Aqua, L50, M|100/100\n|switch|p2a: Hawlucha|Hawlucha, L50, M|100/100\n|switch|p2b: Snorlax|Snorlax, L50, M|100/100\n|-ability|p1b: Tauros|Intimidate|boost\n|-unboost|p2a: Hawlucha|atk|1\n|-unboost|p2b: Snorlax|atk|1\n|turn|1\n|\n|t:|1776406872\n|detailschange|p2a: Hawlucha|Hawlucha-Mega, L50, M\n|-mega|p2a: Hawlucha|Hawlucha|Hawluchanite\n|detailschange|p1a: Kangaskhan|Kangaskhan-Mega, L50, F\n|-mega|p1a: Kangaskhan|Kangaskhan|Kangaskhanite\n|move|p1a: Kangaskhan|Fake Out|p2a: Hawlucha\n|-damage|p2a: Hawlucha|79/100\n|-damage|p2a: Hawlucha|74/100\n|-hitcount|p2a: Hawlucha|2\n|cant|p2a: Hawlucha|flinch\n|move|p1b: Tauros|Body Press|p2b: Snorlax\n|-supereffective|p2b: Snorlax|1\n|-damage|p2b: Snorlax|52/100\n|move|p2b: Snorlax|Fissure|p1b: Tauros\n|-enditem|p1b: Tauros|Focus Sash\n|-damage|p1b: Tauros|1/100\n|\n|-heal|p2b: Snorlax|58/100|[from] item: Leftovers\n|upkeep\n|turn|2\n|inactive|LudwigVonHohenheim has 30 seconds left.\n|\n|t:|1776406902\n|move|p2b: Snorlax|Protect|p2b: Snorlax\n|-singleturn|p2b: Snorlax|Protect\n|move|p2a: Hawlucha|Brave Bird|p1b: Tauros\n|-supereffective|p1b: Tauros|1\n|-damage|p1b: Tauros|0 fnt\n|faint|p1b: Tauros\n|-damage|p2a: Hawlucha|73/100|[from] Recoil\n|move|p1a: Kangaskhan|Double-Edge|p2a: Hawlucha\n|-damage|p2a: Hawlucha|8/100\n|-damage|p2a: Hawlucha|0 fnt\n|faint|p2a: Hawlucha\n|-hitcount|p2: Hawlucha|2\n|-damage|p1a: Kangaskhan|80/100|[from] Recoil\n|\n|-heal|p2b: Snorlax|64/100|[from] item: Leftovers\n|upkeep\n|\n|t:|1776406921\n|switch|p2a: Sinistcha|Sinistcha, L50|100/100\n|switch|p1b: Dragonite|Dragonite, L50, M|100/100\n|-heal|p2b: Snorlax|89/100|[from] ability: Hospitality|[of] p2a: Sinistcha\n|turn|3\n|\n|t:|1776406941\n|move|p1a: Kangaskhan|Sucker Punch|p2b: Snorlax\n|-damage|p2b: Snorlax|73/100\n|-damage|p2b: Snorlax|69/100\n|-hitcount|p2b: Snorlax|2\n|move|p1b: Dragonite|Fire Punch|p2a: Sinistcha\n|-supereffective|p2a: Sinistcha|1\n|-damage|p2a: Sinistcha|56/100\n|move|p2b: Snorlax|Smack Down|p1b: Dragonite\n|-supereffective|p1b: Dragonite|1\n|-crit|p1b: Dragonite\n|-damage|p1b: Dragonite|64/100\n|-start|p1b: Dragonite|Smack Down\n|move|p2a: Sinistcha|Trick Room|p2a: Sinistcha\n|-fieldstart|move: Trick Room|[of] p2a: Sinistcha\n|\n|-heal|p2b: Snorlax|75/100|[from] item: Leftovers\n|upkeep\n|turn|4\n|inactive|jfreson has 30 seconds left.\n|\n|t:|1776406970\n|move|p1a: Kangaskhan|Sucker Punch|p2b: Snorlax\n|-damage|p2b: Snorlax|58/100\n|-damage|p2b: Snorlax|55/100\n|-hitcount|p2b: Snorlax|2\n|move|p2b: Snorlax|Body Slam|p1b: Dragonite\n|-damage|p1b: Dragonite|40/100\n|move|p2a: Sinistcha|Strength Sap|p1a: Kangaskhan\n|-unboost|p1a: Kangaskhan|atk|1\n|-heal|p2a: Sinistcha|100/100\n|move|p1b: Dragonite|Fire Punch|p2a: Sinistcha\n|-supereffective|p2a: Sinistcha|1\n|-damage|p2a: Sinistcha|53/100\n|\n|-heal|p2b: Snorlax|61/100|[from] item: Leftovers\n|upkeep\n|turn|5\n|\n|t:|1776406993\n|move|p2b: Snorlax|Body Slam|p1b: Dragonite\n|-crit|p1b: Dragonite\n|-damage|p1b: Dragonite|0 fnt\n|faint|p1b: Dragonite\n|move|p2a: Sinistcha|Strength Sap|p1a: Kangaskhan\n|-unboost|p1a: Kangaskhan|atk|1\n|-heal|p2a: Sinistcha|100/100\n|move|p1a: Kangaskhan|Drain Punch|p2b: Snorlax\n|-supereffective|p2b: Snorlax|1\n|-crit|p2b: Snorlax\n|-damage|p2b: Snorlax|11/100\n|-heal|p1a: Kangaskhan|100/100|[from] drain|[of] p2b: Snorlax\n|-supereffective|p2b: Snorlax|1\n|-damage|p2b: Snorlax|6/100\n|-hitcount|p2b: Snorlax|2\n|\n|-heal|p2b: Snorlax|12/100|[from] item: Leftovers\n|upkeep\n|\n|t:|1776407010\n|switch|p1b: Volcarona|Volcarona, L50, F|100/100\n|turn|6\n|inactive|jfreson has 30 seconds left.\n|\n|t:|1776407040\n|switch|p2a: Incineroar|Incineroar, L50, M|100/100\n|-ability|p2a: Incineroar|Intimidate|boost\n|-unboost|p1a: Kangaskhan|atk|1\n|-unboost|p1b: Volcarona|atk|1\n|move|p2b: Snorlax|Protect|p2b: Snorlax\n|-singleturn|p2b: Snorlax|Protect\n|move|p1a: Kangaskhan|Sucker Punch||[still]\n|-fail|p1a: Kangaskhan\n|move|p1b: Volcarona|Quiver Dance|p1b: Volcarona\n|-boost|p1b: Volcarona|spa|1\n|-boost|p1b: Volcarona|spd|1\n|-boost|p1b: Volcarona|spe|1\n|\n|-heal|p2b: Snorlax|18/100|[from] item: Leftovers\n|upkeep\n|turn|7\n|\n|t:|1776407063\n|move|p2a: Incineroar|Fake Out|p1b: Volcarona\n|-damage|p1b: Volcarona|90/100\n|-immune|p2a: Incineroar\n|move|p2b: Snorlax|Fissure|p1b: Volcarona\n|-damage|p1b: Volcarona|0 fnt\n|faint|p1b: Volcarona\n|-ohko\n|move|p1a: Kangaskhan|Drain Punch|p2a: Incineroar\n|-supereffective|p2a: Incineroar|1\n|-damage|p2a: Incineroar|79/100\n|-supereffective|p2a: Incineroar|1\n|-damage|p2a: Incineroar|75/100\n|-hitcount|p2a: Incineroar|2\n|\n|-heal|p2b: Snorlax|24/100|[from] item: Leftovers\n|-fieldend|move: Trick Room\n|upkeep\n|turn|8\n|inactive|jfreson has 30 seconds left.\n|inactive|jfreson has 20 seconds left.\n|inactive|jfreson has 15 seconds left.\n|\n|t:|1776407104\n|move|p2b: Snorlax|Protect|p2b: Snorlax\n|-singleturn|p2b: Snorlax|Protect\n|move|p1a: Kangaskhan|Drain Punch|p2b: Snorlax\n|-activate|p2b: Snorlax|move: Protect\n|move|p2a: Incineroar|Parting Shot|p1a: Kangaskhan\n|-unboost|p1a: Kangaskhan|atk|1\n|-unboost|p1a: Kangaskhan|spa|1\n|\n|t:|1776407112\n|switch|p2a: Sinistcha|Sinistcha, L50|100/100|[from] Parting Shot\n|-heal|p2b: Snorlax|49/100|[from] ability: Hospitality|[of] p2a: Sinistcha\n|\n|-heal|p2b: Snorlax|55/100|[from] item: Leftovers\n|upkeep\n|turn|9\n|-message|LudwigVonHohenheim forfeited.\n|\n|win|jfreson\n|raw|LudwigVonHohenheim's rating: 1108 &rarr; <strong>1077</strong><br />(-31 for losing)\n|raw|jfreson's rating: 1028 &rarr; <strong>1072</strong><br />(+44 for winning)\n|l|\u2606LudwigVonHohenheim\n|player|p1|\n",
  "uploadtime": 1776407124,
  "views": 28,
  "formatid": "gen9championsvgc2026regma",
  "rating": 1072,
  "private": 0,
  "password": null
}