{
  "id": "gen9championsvgc2026regma-2583362275",
  "format": "[Gen 9 Champions] VGC 2026 Reg M-A",
  "players": [
    "Torofog",
    "FreeSharkFood"
  ],
  "log": "|j|\u2606Torofog\n|j|\u2606FreeSharkFood\n|t:|1776170208\n|gametype|doubles\n|player|p1|Torofog|1|1060\n|player|p2|FreeSharkFood|hilbert|1126\n|gen|9\n|tier|[Gen 9 Champions] VGC 2026 Reg M-A\n|rated|\n|rule|Species Clause: Limit one of each Pok\u00e9mon\n|rule|Item Clause: Limit 1 of each item\n|clearpoke\n|poke|p1|Lopunny, L50, F|\n|poke|p1|Gardevoir, L50, F|\n|poke|p1|Vaporeon, L50, F|\n|poke|p1|Delphox, L50, M|\n|poke|p1|Tsareena, L50, F|\n|poke|p1|Absol, L50, F|\n|poke|p2|Delphox, L50, M|\n|poke|p2|Mamoswine, L50, F|\n|poke|p2|Kingambit, L50, M|\n|poke|p2|Basculegion, L50, M|\n|poke|p2|Clefable, L50, F|\n|poke|p2|Sneasler, L50, M|\n|teampreview|4\n|\n|t:|1776170308\n|teamsize|p1|4\n|teamsize|p2|4\n|start\n|switch|p1a: Lopunny|Lopunny, L50, F, shiny|100/100\n|switch|p1b: Gardevoir|Gardevoir, L50, F|100/100\n|switch|p2a: Delphox|Delphox, L50, M|100/100\n|switch|p2b: Basculegion|Basculegion, L50, M|100/100\n|-ability|p1b: Gardevoir|Adaptability|Trace|[from] ability: Trace|[of] p2b: Basculegion\n|turn|1\n|\n|t:|1776170354\n|switch|p1b: Vaporeon|Vaporeon, L50, F|100/100\n|detailschange|p2a: Delphox|Delphox-Mega, L50, M\n|-mega|p2a: Delphox|Delphox|Delphoxite\n|move|p1a: Lopunny|Protect|p1a: Lopunny\n|-singleturn|p1a: Lopunny|Protect\n|move|p2a: Delphox|Heat Wave|p1b: Vaporeon|[spread] p1b\n|-activate|p1a: Lopunny|move: Protect\n|-resisted|p1b: Vaporeon|1\n|-damage|p1b: Vaporeon|86/100\n|move|p2b: Basculegion|Last Respects|p1b: Vaporeon\n|-damage|p1b: Vaporeon|56/100\n|\n|-heal|p1b: Vaporeon|62/100|[from] item: Leftovers\n|upkeep\n|turn|2\n|\n|t:|1776170380\n|switch|p2b: Clefable|Clefable, L50, F|100/100\n|detailschange|p1a: Lopunny|Lopunny-Mega, L50, F, shiny\n|-mega|p1a: Lopunny|Lopunny|Lopunnite\n|move|p2a: Delphox|Protect|p2a: Delphox\n|-singleturn|p2a: Delphox|Protect\n|move|p1a: Lopunny|Encore|p2a: Delphox\n|-activate|p2a: Delphox|move: Protect\n|move|p1b: Vaporeon|Yawn|p2a: Delphox\n|-activate|p2a: Delphox|move: Protect\n|\n|-heal|p1b: Vaporeon|68/100|[from] item: Leftovers\n|upkeep\n|turn|3\n|\n|t:|1776170404\n|switch|p1a: Gardevoir|Gardevoir, L50, F|100/100\n|-ability|p1a: Gardevoir|Unaware|Trace|[from] ability: Trace|[of] p2b: Clefable\n|move|p2a: Delphox|Psychic|p1b: Vaporeon\n|-damage|p1b: Vaporeon|32/100\n|-unboost|p1b: Vaporeon|spd|1\n|move|p1b: Vaporeon|Muddy Water|p2b: Clefable|[spread] p2a,p2b\n|-supereffective|p2a: Delphox|1\n|-crit|p2a: Delphox\n|-damage|p2a: Delphox|19/100\n|-damage|p2b: Clefable|79/100\n|-unboost|p2b: Clefable|accuracy|1\n|move|p2b: Clefable|Moonblast|p1a: Gardevoir\n|-damage|p1a: Gardevoir|68/100\n|\n|-heal|p1b: Vaporeon|38/100|[from] item: Leftovers\n|upkeep\n|turn|4\n|\n|t:|1776170466\n|move|p2a: Delphox|Protect|p2a: Delphox\n|-singleturn|p2a: Delphox|Protect\n|move|p1a: Gardevoir|Psyshock|p2b: Clefable\n|-damage|p2b: Clefable|42/100\n|-enditem|p2b: Clefable|Sitrus Berry|[eat]\n|-heal|p2b: Clefable|66/100|[from] item: Sitrus Berry\n|move|p1b: Vaporeon|Muddy Water|p2a: Delphox|[spread] p2b\n|-activate|p2a: Delphox|move: Protect\n|-damage|p2b: Clefable|44/100\n|move|p2b: Clefable|Moonblast|p1b: Vaporeon|[miss]\n|-miss|p2b: Clefable|p1b: Vaporeon\n|\n|-heal|p1b: Vaporeon|44/100|[from] item: Leftovers\n|upkeep\n|turn|5\n|\n|t:|1776170518\n|move|p1b: Vaporeon|Protect|p1b: Vaporeon\n|-singleturn|p1b: Vaporeon|Protect\n|move|p2b: Clefable|Follow Me|p2b: Clefable\n|-singleturn|p2b: Clefable|move: Follow Me\n|move|p2a: Delphox|Psychic|p1b: Vaporeon\n|-activate|p1b: Vaporeon|move: Protect\n|move|p1a: Gardevoir|Psyshock|p2b: Clefable\n|-damage|p2b: Clefable|6/100\n|\n|-heal|p1b: Vaporeon|50/100|[from] item: Leftovers\n|upkeep\n|turn|6\n|\n|t:|1776170539\n|switch|p1b: Absol|Absol, L50, F, shiny|100/100\n|move|p2b: Clefable|Follow Me|p2b: Clefable\n|-singleturn|p2b: Clefable|move: Follow Me\n|move|p2a: Delphox|Psychic|p1b: Absol\n|-immune|p1b: Absol\n|move|p1a: Gardevoir|Dazzling Gleam|p2a: Delphox|[spread] p2a,p2b\n|-resisted|p2a: Delphox|1\n|-damage|p2a: Delphox|3/100\n|-damage|p2b: Clefable|0 fnt\n|faint|p2b: Clefable\n|\n|upkeep\n|\n|t:|1776170545\n|switch|p2b: Kingambit|Kingambit, L50, M|100/100\n|turn|7\n|\n|t:|1776170577\n|switch|p1a: Lopunny|Lopunny-Mega, L50, F, shiny|100/100\n|move|p1b: Absol|Protect|p1b: Absol\n|-singleturn|p1b: Absol|Protect\n|move|p2a: Delphox|Heat Wave|p1a: Lopunny|[spread] p1a\n|-activate|p1b: Absol|move: Protect\n|-damage|p1a: Lopunny|48/100\n|move|p2b: Kingambit|Swords Dance|p2b: Kingambit\n|-boost|p2b: Kingambit|atk|2\n|\n|upkeep\n|turn|8\n|\n|t:|1776170596\n|move|p1b: Absol|Sucker Punch|p2a: Delphox\n|-supereffective|p2a: Delphox|1\n|-crit|p2a: Delphox\n|-damage|p2a: Delphox|0 fnt\n|faint|p2a: Delphox\n|move|p1a: Lopunny|Encore|p2b: Kingambit\n|-start|p2b: Kingambit|Encore\n|move|p2b: Kingambit|Swords Dance|p2b: Kingambit\n|-boost|p2b: Kingambit|atk|2\n|\n|upkeep\n|\n|t:|1776170601\n|switch|p2a: Basculegion|Basculegion, L50, M|100/100\n|turn|9\n|\n|t:|1776170611\n|move|p2a: Basculegion|Aqua Jet|p1a: Lopunny\n|-damage|p1a: Lopunny|14/100\n|move|p1b: Absol|Sucker Punch||[still]\n|-fail|p1b: Absol\n|move|p1a: Lopunny|Close Combat|p2b: Kingambit\n|-supereffective|p2b: Kingambit|2\n|-damage|p2b: Kingambit|0 fnt\n|-unboost|p1a: Lopunny|def|1\n|-unboost|p1a: Lopunny|spd|1\n|faint|p2b: Kingambit\n|\n|upkeep\n|turn|10\n|-message|FreeSharkFood forfeited.\n|\n|win|Torofog\n|raw|Torofog's rating: 1060 &rarr; <strong>1097</strong><br />(+37 for winning)\n|raw|FreeSharkFood's rating: 1126 &rarr; <strong>1096</strong><br />(-30 for losing)\n|l|\u2606FreeSharkFood\n|player|p2|\n",
  "uploadtime": 1776170623,
  "views": 16,
  "formatid": "gen9championsvgc2026regma",
  "rating": 1096,
  "private": 0,
  "password": null
}