{
  "id": "gen9championsvgc2026regma-2585368787",
  "format": "[Gen 9 Champions] VGC 2026 Reg M-A",
  "players": [
    "Ibhaansfuckassteam",
    "el choro 37"
  ],
  "log": "|j|\u2606Ibhaansfuckassteam\n|j|\u203del choro 37\n|t:|1776341965\n|gametype|doubles\n|player|p1|Ibhaansfuckassteam|ghetsis-gen5bw|1045\n|player|p2|el choro 37|cyrus|1058\n|gen|9\n|tier|[Gen 9 Champions] VGC 2026 Reg M-A\n|rated|\n|rule|Species Clause: Limit one of each Pok\u00e9mon\n|rule|Item Clause: Limit 1 of each item\n|clearpoke\n|poke|p1|Sylveon, L50, F|\n|poke|p1|Froslass, L50, F|\n|poke|p1|Archaludon, L50, F|\n|poke|p1|Aerodactyl, L50, F|\n|poke|p1|Typhlosion-Hisui, L50, F|\n|poke|p1|Hawlucha, L50, F|\n|poke|p2|Starmie, L50|\n|poke|p2|Aegislash, L50, F|\n|poke|p2|Rotom-Wash, L50|\n|poke|p2|Incineroar, L50, M|\n|poke|p2|Sneasler, L50, M|\n|poke|p2|Whimsicott, L50, M|\n|teampreview|4\n|inactive|Battle timer is ON: inactive players will automatically lose when time's up. (requested by el choro 37)\n|\n|t:|1776342001\n|teamsize|p1|4\n|teamsize|p2|4\n|start\n|switch|p1a: Aerodactyl|Aerodactyl, L50, F|100/100\n|switch|p1b: Hawlucha|Hawlucha, L50, F|100/100\n|switch|p2a: Starmie|Starmie, L50|100/100\n|switch|p2b: Incineroar|Incineroar, L50, M|100/100\n|-ability|p1a: Aerodactyl|Unnerve\n|-ability|p2b: Incineroar|Intimidate|boost\n|-unboost|p1a: Aerodactyl|atk|1\n|-unboost|p1b: Hawlucha|atk|1\n|turn|1\n|\n|t:|1776342024\n|detailschange|p1b: Hawlucha|Hawlucha-Mega, L50, F\n|-mega|p1b: Hawlucha|Hawlucha|Hawluchanite\n|detailschange|p2a: Starmie|Starmie-Mega, L50\n|-mega|p2a: Starmie|Starmie|Starminite\n|move|p2b: Incineroar|Fake Out|p1b: Hawlucha\n|-damage|p1b: Hawlucha|87/100\n|move|p1a: Aerodactyl|Tailwind|p1a: Aerodactyl\n|-sidestart|p1: Ibhaansfuckassteam|move: Tailwind\n|cant|p1b: Hawlucha|flinch\n|move|p2a: Starmie|Flip Turn|p1a: Aerodactyl\n|-supereffective|p1a: Aerodactyl|1\n|-enditem|p1a: Aerodactyl|Focus Sash\n|-damage|p1a: Aerodactyl|1/100\n|\n|t:|1776342043\n|switch|p2a: Aegislash|Aegislash, L50, F|100/100|[from] Flip Turn\n|\n|upkeep\n|turn|2\n|\n|t:|1776342056\n|-formechange|p2a: Aegislash|Aegislash-Blade|\n|move|p2a: Aegislash|Shadow Sneak|p1a: Aerodactyl\n|-damage|p1a: Aerodactyl|0 fnt\n|faint|p1a: Aerodactyl\n|move|p1b: Hawlucha|Swords Dance|p1b: Hawlucha\n|-boost|p1b: Hawlucha|atk|2\n|move|p2b: Incineroar|Parting Shot|p1b: Hawlucha\n|-unboost|p1b: Hawlucha|atk|1\n|-unboost|p1b: Hawlucha|spa|1\n|\n|t:|1776342071\n|switch|p2b: Sneasler|Sneasler, L50, M|100/100|[from] Parting Shot\n|\n|upkeep\n|\n|t:|1776342078\n|switch|p1a: Archaludon|Archaludon, L50, F|100/100\n|turn|3\n|\n|t:|1776342097\n|move|p2b: Sneasler|Fake Out|p1b: Hawlucha\n|-damage|p1b: Hawlucha|67/100\n|move|p2a: Aegislash|Shadow Sneak|p1b: Hawlucha\n|-damage|p1b: Hawlucha|36/100\n|cant|p1b: Hawlucha|flinch\n|move|p1a: Archaludon|Flash Cannon|p2b: Sneasler\n|-damage|p2b: Sneasler|37/100\n|-unboost|p2b: Sneasler|spd|1\n|-enditem|p2b: Sneasler|White Herb\n|-clearnegativeboost|p2b: Sneasler|[silent]\n|\n|upkeep\n|turn|4\n|inactive|Ibhaansfuckassteam has 30 seconds left.\n|\n|t:|1776342126\n|switch|p2b: Incineroar|Incineroar, L50, M|100/100\n|-ability|p2b: Incineroar|Intimidate|boost\n|-unboost|p1a: Archaludon|atk|1\n|-unboost|p1b: Hawlucha|atk|1\n|move|p2a: Aegislash|Shadow Sneak|p1b: Hawlucha\n|-damage|p1b: Hawlucha|9/100\n|move|p1b: Hawlucha|Cross Chop|p2b: Incineroar\n|-supereffective|p2b: Incineroar|1\n|-damage|p2b: Incineroar|29/100\n|move|p1a: Archaludon|Draco Meteor|p2a: Aegislash\n|-resisted|p2a: Aegislash|1\n|-damage|p2a: Aegislash|21/100\n|-unboost|p1a: Archaludon|spa|2\n|\n|-heal|p2a: Aegislash|27/100|[from] item: Leftovers\n|-sideend|p1: Ibhaansfuckassteam|move: Tailwind\n|upkeep\n|turn|5\n|inactive|Ibhaansfuckassteam has 30 seconds left.\n|\n|t:|1776342151\n|move|p1b: Hawlucha|Detect|p1b: Hawlucha\n|-singleturn|p1b: Hawlucha|Protect\n|-formechange|p2a: Aegislash|Aegislash|\n|move|p2a: Aegislash|King's Shield|p2a: Aegislash\n|-singleturn|p2a: Aegislash|Protect\n|move|p2b: Incineroar|Fake Out|p1b: Hawlucha\n|-activate|p1b: Hawlucha|move: Protect\n|move|p1a: Archaludon|Flash Cannon|p2b: Incineroar\n|-resisted|p2b: Incineroar|1\n|-damage|p2b: Incineroar|21/100\n|\n|-heal|p2a: Aegislash|33/100|[from] item: Leftovers\n|upkeep\n|turn|6\n|\n|t:|1776342172\n|-formechange|p2a: Aegislash|Aegislash-Blade|\n|move|p2a: Aegislash|Shadow Sneak|p1b: Hawlucha\n|-damage|p1b: Hawlucha|0 fnt\n|faint|p1b: Hawlucha\n|move|p1a: Archaludon|Draco Meteor|p2a: Aegislash\n|-resisted|p2a: Aegislash|1\n|-damage|p2a: Aegislash|0 fnt\n|-unboost|p1a: Archaludon|spa|2\n|faint|p2a: Aegislash\n|move|p2b: Incineroar|Parting Shot|p1a: Archaludon\n|-unboost|p1a: Archaludon|atk|1\n|-unboost|p1a: Archaludon|spa|1\n|\n|t:|1776342183\n|switch|p2b: Sneasler|Sneasler, L50, M|37/100|[from] Parting Shot\n|\n|upkeep\n|\n|t:|1776342189\n|switch|p1b: Sylveon|Sylveon, L50, F|100/100\n|switch|p2a: Starmie|Starmie-Mega, L50|100/100\n|turn|7\n|inactive|Ibhaansfuckassteam has 30 seconds left.\n|\n|t:|1776342214\n|move|p2a: Starmie|Flip Turn|p1b: Sylveon\n|-damage|p1b: Sylveon|35/100\n|\n|t:|1776342217\n|switch|p2a: Incineroar|Incineroar, L50, M|21/100|[from] Flip Turn\n|-ability|p2a: Incineroar|Intimidate|boost\n|-unboost|p1a: Archaludon|atk|1\n|-unboost|p1b: Sylveon|atk|1\n|move|p2b: Sneasler|Close Combat|p1a: Archaludon\n|-supereffective|p1a: Archaludon|1\n|-damage|p1a: Archaludon|0 fnt\n|-unboost|p2b: Sneasler|def|1\n|-unboost|p2b: Sneasler|spd|1\n|faint|p1a: Archaludon\n|move|p1b: Sylveon|Hyper Voice|p2b: Sneasler|[spread] p2b\n|-miss|p1b: Sylveon|p2a: Incineroar\n|-damage|p2b: Sneasler|0 fnt\n|faint|p2b: Sneasler\n|\n|upkeep\n|\n|t:|1776342231\n|switch|p2b: Starmie|Starmie-Mega, L50|100/100\n|turn|8\n|\n|t:|1776342236\n|move|p2a: Incineroar|Fake Out|p1b: Sylveon\n|-damage|p1b: Sylveon|20/100\n|move|p2b: Starmie|Liquidation|p1b: Sylveon\n|-crit|p1b: Sylveon\n|-damage|p1b: Sylveon|0 fnt\n|faint|p1b: Sylveon\n|\n|win|el choro 37\n|raw|Ibhaansfuckassteam's rating: 1045 &rarr; <strong>1029</strong><br />(-16 for losing)\n|raw|el choro 37's rating: 1058 &rarr; <strong>1088</strong><br />(+30 for winning)\n",
  "uploadtime": 1776342236,
  "views": 17,
  "formatid": "gen9championsvgc2026regma",
  "rating": 1029,
  "private": 0,
  "password": null
}