{
  "id": "gen9championsvgc2026regma-2587848396",
  "format": "[Gen 9 Champions] VGC 2026 Reg M-A",
  "players": [
    "Rubiaa",
    "EnderHerve"
  ],
  "log": "|j|\u2606Rubiaa\n|j|\u2606EnderHerve\n|t:|1776570294\n|gametype|doubles\n|player|p1|Rubiaa|102|\n|player|p2|EnderHerve|allister|\n|gen|9\n|tier|[Gen 9 Champions] VGC 2026 Reg M-A\n|rule|Species Clause: Limit one of each Pok\u00e9mon\n|rule|Item Clause: Limit 1 of each item\n|clearpoke\n|poke|p1|Glimmora, L50, M|\n|poke|p1|Whimsicott, L50, M, shiny|\n|poke|p1|Dragapult, L50, M, shiny|\n|poke|p1|Incineroar, L50, M|\n|poke|p1|Gyarados, L50, M|\n|poke|p1|Sneasler, L50, F, shiny|\n|poke|p2|Aerodactyl, L50, M|\n|poke|p2|Farigiraf, L50, F|\n|poke|p2|Froslass, L50, F|\n|poke|p2|Rotom-Heat, L50|\n|poke|p2|Sneasler, L50, M|\n|poke|p2|Empoleon, L50, F|\n|teampreview|4\nEnderHerve rejected open team sheets.\n|\n|t:|1776570350\n|teamsize|p1|4\n|teamsize|p2|4\n|start\n|switch|p1a: Dragapult|Dragapult, L50, M, shiny|100/100\n|switch|p1b: Glimmora|Glimmora, L50, M|100/100\n|switch|p2a: Aerodactyl|Aerodactyl, L50, M|100/100\n|switch|p2b: Empoleon|Empoleon, L50, F|100/100\n|-ability|p2a: Aerodactyl|Unnerve\n|turn|1\n|\n|t:|1776570390\n|move|p2a: Aerodactyl|Protect|p2a: Aerodactyl\n|-singleturn|p2a: Aerodactyl|Protect\n|move|p1b: Glimmora|Spiky Shield|p1b: Glimmora\n|-singleturn|p1b: Glimmora|move: Protect\n|move|p1a: Dragapult|Hydro Pump|p2a: Aerodactyl\n|-activate|p2a: Aerodactyl|move: Protect\n|move|p2b: Empoleon|Flip Turn|p1a: Dragapult\n|-resisted|p1a: Dragapult|1\n|-damage|p1a: Dragapult|89/100\n|inactive|Battle timer is ON: inactive players will automatically lose when time's up. (requested by Rubiaa)\n|\n|t:|1776570436\n|switch|p2b: Froslass|Froslass, L50, F|100/100|[from] Flip Turn\n|\n|upkeep\n|turn|2\n|inactive|EnderHerve has 30 seconds left.\n|inactive|EnderHerve has 20 seconds left.\n|\n|t:|1776570474\n|detailschange|p2b: Froslass|Froslass-Mega, L50, F\n|-mega|p2b: Froslass|Froslass|Froslassite\n|-weather|Snowscape|[from] ability: Snow Warning|[of] p2b: Froslass\n|detailschange|p1b: Glimmora|Glimmora-Mega, L50, M\n|-mega|p1b: Glimmora|Glimmora|Glimmoranite\n|move|p2b: Froslass|Protect|p2b: Froslass\n|-singleturn|p2b: Froslass|Protect\n|move|p2a: Aerodactyl|Tailwind|p2a: Aerodactyl\n|-sidestart|p2: EnderHerve|move: Tailwind\n|move|p1a: Dragapult|Shadow Ball|p2b: Froslass\n|-activate|p2b: Froslass|move: Protect\n|move|p1b: Glimmora|Power Gem|p2a: Aerodactyl\n|-supereffective|p2a: Aerodactyl|1\n|-damage|p2a: Aerodactyl|0 fnt\n|faint|p2a: Aerodactyl\n|\n|-weather|Snowscape|[upkeep]\n|upkeep\n|\n|t:|1776570486\n|switch|p2a: Sneasler|Sneasler, L50, M|100/100\n|turn|3\n|\n|t:|1776570489\n|move|p1a: Dragapult|Protect|p1a: Dragapult\n|-singleturn|p1a: Dragapult|Protect\n|move|p1b: Glimmora|Spiky Shield|p1b: Glimmora\n|-singleturn|p1b: Glimmora|move: Protect\n|move|p2a: Sneasler|Fake Out|p1b: Glimmora\n|-activate|p1b: Glimmora|move: Protect\n|-damage|p2a: Sneasler|88/100|[from] Spiky Shield|[of] p1b: Glimmora\n|move|p2b: Froslass|Blizzard|p1b: Glimmora|[spread] \n|-activate|p1a: Dragapult|move: Protect\n|-activate|p1b: Glimmora|move: Protect\n|\n|-weather|Snowscape|[upkeep]\n|upkeep\n|turn|4\n|\n|t:|1776570512\n|switch|p1a: Sneasler|Sneasler, L50, F, shiny|100/100\n|move|p2b: Froslass|Blizzard|p1b: Glimmora|[spread] p1a,p1b\n|-damage|p1a: Sneasler|38/100\n|-damage|p1b: Glimmora|49/100\n|move|p2a: Sneasler|Close Combat|p1b: Glimmora\n|-damage|p1b: Glimmora|0 fnt\n|-unboost|p2a: Sneasler|def|1\n|-unboost|p2a: Sneasler|spd|1\n|faint|p1b: Glimmora\n|\n|-weather|Snowscape|[upkeep]\n|upkeep\n|\n|t:|1776570522\n|switch|p1b: Dragapult|Dragapult, L50, M, shiny|89/100\n|turn|5\n|\n|t:|1776570542\n|switch|p2a: Empoleon|Empoleon, L50, F|100/100\n|move|p1b: Dragapult|Protect|p1b: Dragapult\n|-singleturn|p1b: Dragapult|Protect\n|move|p1a: Sneasler|Fake Out|p2a: Empoleon\n|-resisted|p2a: Empoleon|1\n|-damage|p2a: Empoleon|90/100\n|move|p2b: Froslass|Aurora Veil|p2b: Froslass\n|-sidestart|p2: EnderHerve|move: Aurora Veil\n|\n|-weather|Snowscape|[upkeep]\n|-sideend|p2: EnderHerve|move: Tailwind\n|upkeep\n|turn|6\n|\n|t:|1776570562\n|move|p1b: Dragapult|Shadow Ball|p2b: Froslass\n|-supereffective|p2b: Froslass|1\n|-damage|p2b: Froslass|5/100\n|move|p2b: Froslass|Blizzard|p1a: Sneasler|[spread] p1a,p1b\n|-supereffective|p1b: Dragapult|1\n|-damage|p1a: Sneasler|0 fnt\n|-damage|p1b: Dragapult|0 fnt\n|faint|p1a: Sneasler\n|faint|p1b: Dragapult\n|move|p2a: Empoleon|Flash Cannon|p1: Sneasler|[notarget]\n|-fail|p2a: Empoleon\n|\n|-weather|none\n|upkeep\n|\n|t:|1776570568\n|switch|p1a: Gyarados|Gyarados, L50, M|100/100\n|-ability|p1a: Gyarados|Intimidate|boost\n|-unboost|p2a: Empoleon|atk|1\n|-ability|p2a: Empoleon|Competitive|boost\n|-boost|p2a: Empoleon|spa|2\n|-unboost|p2b: Froslass|atk|1\n|turn|7\n|-message|Rubiaa forfeited.\n|\n|win|EnderHerve\n|l|\u2606Rubiaa\n|player|p1|\n",
  "uploadtime": 1776570580,
  "views": 18,
  "formatid": "gen9championsvgc2026regma",
  "rating": null,
  "private": 0,
  "password": null
}