{
  "id": "gen9championsvgc2026regma-2584865855",
  "format": "[Gen 9 Champions] VGC 2026 Reg M-A",
  "players": [
    "tarn7",
    "ivygyrados"
  ],
  "log": "|j|\u2606tarn7\n|j|\u2606ivygyrados\n|t:|1776289841\n|gametype|doubles\n|player|p1|tarn7|byron|1083\n|player|p2|ivygyrados|265|1094\n|gen|9\n|tier|[Gen 9 Champions] VGC 2026 Reg M-A\n|rated|\n|rule|Species Clause: Limit one of each Pok\u00e9mon\n|rule|Item Clause: Limit 1 of each item\n|clearpoke\n|poke|p1|Golurk, L50|\n|poke|p1|Tyranitar, L50, F|\n|poke|p1|Archaludon, L50, M|\n|poke|p1|Sinistcha, L50|\n|poke|p1|Farigiraf, L50, M|\n|poke|p1|Slowbro, L50, M|\n|poke|p2|Floette-Eternal, L50, F|\n|poke|p2|Incineroar, L50, M|\n|poke|p2|Aerodactyl, L50, M|\n|poke|p2|Basculegion, L50, M|\n|poke|p2|Garchomp, L50, F|\n|poke|p2|Sneasler, L50, F|\n|teampreview|4\n|l|\u2606ivygyrados\n|player|p2|\n|j|\u2606ivygyrados\n|player|p2|ivygyrados|265|\n|inactive|Battle timer is ON: inactive players will automatically lose when time's up. (requested by ivygyrados)\n|inactive|ivygyrados has 60 seconds left.\n|\n|t:|1776289890\n|teamsize|p1|4\n|teamsize|p2|4\n|start\n|switch|p1a: Slowbro|Slowbro, L50, M|100/100\n|switch|p1b: Sinistcha|Sinistcha, L50|100/100\n|switch|p2a: Basculegion|Basculegion, L50, M, shiny|100/100\n|switch|p2b: Aerodactyl|Aerodactyl, L50, M|100/100\n|-ability|p2b: Aerodactyl|Unnerve\n|turn|1\n|inactive|tarn7 has 30 seconds left.\n|inactive|tarn7 has 20 seconds left.\n|\n|t:|1776289926\n|move|p1b: Sinistcha|Protect|p1b: Sinistcha\n|-singleturn|p1b: Sinistcha|Protect\n|move|p2a: Basculegion|Last Respects|p1b: Sinistcha\n|-activate|p1b: Sinistcha|move: Protect\n|move|p2b: Aerodactyl|Dual Wingbeat|p1b: Sinistcha\n|-activate|p1b: Sinistcha|move: Protect\n|move|p1a: Slowbro|Trick Room|p1a: Slowbro\n|-fieldstart|move: Trick Room|[of] p1a: Slowbro\n|\n|upkeep\n|turn|2\n|\n|t:|1776289939\n|move|p2b: Aerodactyl|Protect|p2b: Aerodactyl\n|-singleturn|p2b: Aerodactyl|Protect\n|move|p1a: Slowbro|Scald|p2b: Aerodactyl\n|-activate|p2b: Aerodactyl|move: Protect\n|move|p1b: Sinistcha|Shadow Ball|p2a: Basculegion\n|-supereffective|p2a: Basculegion|1\n|-damage|p2a: Basculegion|27/100\n|-unboost|p2a: Basculegion|spd|1\n|move|p2a: Basculegion|Last Respects|p1a: Slowbro\n|-supereffective|p1a: Slowbro|1\n|-damage|p1a: Slowbro|63/100\n|\n|-heal|p1a: Slowbro|69/100|[from] item: Leftovers\n|upkeep\n|turn|3\n|inactive|ivygyrados has 30 seconds left.\n|\n|t:|1776289966\n|switch|p2a: Floette|Floette-Eternal, L50, F|100/100\n|move|p1a: Slowbro|Scald|p2b: Aerodactyl\n|-supereffective|p2b: Aerodactyl|1\n|-damage|p2b: Aerodactyl|11/100\n|move|p1b: Sinistcha|Matcha Gotcha|p2a: Floette|[spread] p2a,p2b\n|-damage|p2a: Floette|79/100\n|-damage|p2b: Aerodactyl|0 fnt\n|-status|p2a: Floette|brn\n|faint|p2b: Aerodactyl\n|\n|-heal|p1a: Slowbro|75/100|[from] item: Leftovers\n|-damage|p2a: Floette|73/100 brn|[from] brn\n|upkeep\n|c|\u2606ivygyrados|Gay ass trick room teams\n|\n|t:|1776289984\n|switch|p2b: Garchomp|Garchomp, L50, F|100/100\n|turn|4\n|\n|t:|1776290001\n|detailschange|p2a: Floette|Floette-Mega, L50, F\n|-mega|p2a: Floette|Floette|Floettite\n|-ability|p2a: Floette|Fairy Aura\n|move|p2a: Floette|Protect|p2a: Floette\n|-singleturn|p2a: Floette|Protect\n|move|p1a: Slowbro|Psychic|p2a: Floette\n|-activate|p2a: Floette|move: Protect\n|move|p1b: Sinistcha|Shadow Ball|p2a: Floette\n|-activate|p2a: Floette|move: Protect\n|move|p2b: Garchomp|Dragon Claw|p1a: Slowbro\n|-damage|p1a: Slowbro|48/100\n|\n|-heal|p1a: Slowbro|54/100|[from] item: Leftovers\n|-damage|p2a: Floette|67/100 brn|[from] brn\n|upkeep\n|turn|5\n|\n|t:|1776290015\n|move|p2a: Floette|Protect|p2a: Floette\n|-singleturn|p2a: Floette|Protect\n|move|p1a: Slowbro|Psychic|p2a: Floette\n|-activate|p2a: Floette|move: Protect\n|move|p1b: Sinistcha|Matcha Gotcha|p2a: Floette|[spread] p2b\n|-activate|p2a: Floette|move: Protect\n|-damage|p2b: Garchomp|73/100\n|-status|p2b: Garchomp|brn\n|move|p2b: Garchomp|Dragon Claw|p1a: Slowbro\n|-crit|p1a: Slowbro\n|-damage|p1a: Slowbro|36/100\n|\n|-heal|p1a: Slowbro|42/100|[from] item: Leftovers\n|-damage|p2a: Floette|61/100 brn|[from] brn\n|-damage|p2b: Garchomp|67/100 brn|[from] brn\n|-fieldend|move: Trick Room\n|upkeep\n|turn|6\n|\n|t:|1776290030\n|switch|p1a: Archaludon|Archaludon, L50, M|100/100\n|move|p2b: Garchomp|Rock Slide|p1b: Sinistcha|[spread] p1a,p1b\n|-resisted|p1a: Archaludon|1\n|-damage|p1a: Archaludon|97/100\n|-damage|p1b: Sinistcha|93/100\n|-ability|p1a: Archaludon|Stamina|boost\n|-boost|p1a: Archaludon|def|1\n|move|p2a: Floette|Dazzling Gleam|p1a: Archaludon|[spread] p1a,p1b\n|-damage|p1a: Archaludon|25/100\n|-damage|p1b: Sinistcha|36/100\n|-ability|p1a: Archaludon|Stamina|boost\n|-boost|p1a: Archaludon|def|1\n|-enditem|p1a: Archaludon|Sitrus Berry|[eat]\n|-heal|p1a: Archaludon|50/100|[from] item: Sitrus Berry\n|move|p1b: Sinistcha|Matcha Gotcha|p2b: Garchomp|[spread] p2a\n|-miss|p1b: Sinistcha|p2b: Garchomp\n|-damage|p2a: Floette|42/100 brn\n|-heal|p1b: Sinistcha|44/100|[from] drain|[of] p2a: Floette\n|\n|-damage|p2b: Garchomp|61/100 brn|[from] brn\n|-damage|p2a: Floette|36/100 brn|[from] brn\n|upkeep\n|turn|7\n|\n|t:|1776290049\n|move|p2b: Garchomp|Rock Slide|p1b: Sinistcha|[spread] p1a,p1b\n|-resisted|p1a: Archaludon|1\n|-damage|p1a: Archaludon|49/100\n|-damage|p1b: Sinistcha|36/100\n|-ability|p1a: Archaludon|Stamina|boost\n|-boost|p1a: Archaludon|def|1\n|move|p2a: Floette|Dazzling Gleam|p1b: Sinistcha|[spread] p1a,p1b\n|-damage|p1a: Archaludon|0 fnt\n|-damage|p1b: Sinistcha|0 fnt\n|faint|p1a: Archaludon\n|faint|p1b: Sinistcha\n|\n|-damage|p2b: Garchomp|55/100 brn|[from] brn\n|-damage|p2a: Floette|30/100 brn|[from] brn\n|upkeep\n|\n|t:|1776290059\n|switch|p1a: Slowbro|Slowbro, L50, M|75/100\n|switch|p1b: Golurk|Golurk, L50|100/100\n|turn|8\n|\n|t:|1776290071\n|detailschange|p1b: Golurk|Golurk-Mega, L50\n|-mega|p1b: Golurk|Golurk|Golurkite\n|move|p2b: Garchomp|Rock Slide|p1b: Golurk|[spread] p1a,p1b\n|-resisted|p1b: Golurk|1\n|-damage|p1a: Slowbro|69/100\n|-damage|p1b: Golurk|96/100\n|move|p2a: Floette|Light of Ruin|p1b: Golurk|[miss]\n|-miss|p2a: Floette|p1b: Golurk\n|move|p1b: Golurk|Poltergeist|p2a: Floette\n|-activate|p2a: Floette|move: Poltergeist|Floettite\n|-damage|p2a: Floette|0 fnt\n|faint|p2a: Floette\n|move|p1a: Slowbro|Trick Room|p1a: Slowbro\n|-fieldstart|move: Trick Room|[of] p1a: Slowbro\n|\n|-heal|p1a: Slowbro|75/100|[from] item: Leftovers\n|-damage|p2b: Garchomp|49/100 brn|[from] brn\n|upkeep\n|\n|t:|1776290081\n|switch|p2a: Basculegion|Basculegion, L50, M, shiny|27/100\n|turn|9\n|n|!ivygyrados|ivygyrados\n|-message|ivygyrados forfeited.\n|\n|win|tarn7\n",
  "uploadtime": 1776290087,
  "views": 20,
  "formatid": "gen9championsvgc2026regma",
  "rating": null,
  "private": 0,
  "password": null
}