{
  "id": "gen9championsvgc2026regma-2580761938",
  "format": "[Gen 9 Champions] VGC 2026 Reg M-A",
  "players": [
    "2rffwd",
    "gonorrea001"
  ],
  "log": "|j|\u26062rffwd\n|j|\u2606gonorrea001\n|t:|1775930392\n|gametype|doubles\n|player|p1|2rffwd|kiawe|1100\n|player|p2|gonorrea001|brawly|1110\n|gen|9\n|tier|[Gen 9 Champions] VGC 2026 Reg M-A\n|rated|\n|rule|Species Clause: Limit one of each Pok\u00e9mon\n|rule|Item Clause: Limit 1 of each item\n|clearpoke\n|poke|p1|Delphox, L50, M|\n|poke|p1|Torkoal, L50, M|\n|poke|p1|Venusaur, L50, F|\n|poke|p1|Sneasler, L50, F|\n|poke|p1|Hatterene, L50, F|\n|poke|p1|Golurk, L50|\n|poke|p2|Floette-Eternal, L50, F|\n|poke|p2|Garchomp, L50, F|\n|poke|p2|Sinistcha-Masterpiece, L50|\n|poke|p2|Incineroar, L50, M|\n|poke|p2|Rotom-Wash, L50|\n|poke|p2|Kingambit, L50, F|\n|teampreview|4\n|inactive|Battle timer is ON: inactive players will automatically lose when time's up. (requested by 2rffwd)\n2rffwd has agreed to open team sheets.\n|inactive|2rffwd has 60 seconds left.\n|\n|t:|1775930434\n|teamsize|p1|4\n|teamsize|p2|4\n|start\n|switch|p1a: Sneasler|Sneasler, L50, F|100/100\n|switch|p1b: Hatterene|Hatterene, L50, F|100/100\n|switch|p2a: Garchomp|Garchomp, L50, F, shiny|100/100\n|switch|p2b: Incineroar|Incineroar, L50, M|100/100\n|-ability|p2b: Incineroar|Intimidate|boost\n|-unboost|p1a: Sneasler|atk|1\n|-unboost|p1b: Hatterene|atk|1\n|-enditem|p1a: Sneasler|White Herb\n|-clearnegativeboost|p1a: Sneasler|[silent]\n|turn|1\n|inactive|gonorrea001 has 30 seconds left.\n|inactive|2rffwd has 30 seconds left.\n|inactive|gonorrea001 has 20 seconds left.\n|inactive|2rffwd has 20 seconds left.\n|\n|t:|1775930477\n|move|p1b: Hatterene|Protect|p1b: Hatterene\n|-singleturn|p1b: Hatterene|Protect\n|move|p1a: Sneasler|Fake Out|p2a: Garchomp\n|-damage|p2a: Garchomp|85/100\n|-damage|p1a: Sneasler|88/100|[from] ability: Rough Skin|[of] p2a: Garchomp\n|move|p2b: Incineroar|Fake Out|p1b: Hatterene\n|-activate|p1b: Hatterene|move: Protect\n|cant|p2a: Garchomp|flinch\n|\n|upkeep\n|turn|2\n|\n|t:|1775930495\n|switch|p2b: Sinistcha|Sinistcha-Masterpiece, L50|100/100\n|-heal|p2a: Garchomp|100/100|[from] ability: Hospitality|[of] p2b: Sinistcha\n|move|p1a: Sneasler|Close Combat|p2b: Sinistcha\n|-immune|p2b: Sinistcha\n|move|p2a: Garchomp|Earthquake|p1b: Hatterene|[spread] p2b,p1a,p1b\n|-resisted|p2b: Sinistcha|1\n|-supereffective|p1a: Sneasler|1\n|-damage|p2b: Sinistcha|82/100\n|-damage|p1a: Sneasler|0 fnt\n|-damage|p1b: Hatterene|58/100\n|faint|p1a: Sneasler\n|move|p1b: Hatterene|Trick Room|p1b: Hatterene\n|-fieldstart|move: Trick Room|[of] p1b: Hatterene\n|\n|upkeep\n|\n|t:|1775930500\n|switch|p1a: Golurk|Golurk, L50|100/100\n|turn|3\n|\n|t:|1775930522\n|detailschange|p1a: Golurk|Golurk-Mega, L50\n|-mega|p1a: Golurk|Golurk|Golurkite\n|move|p2a: Garchomp|Protect|p2a: Garchomp\n|-singleturn|p2a: Garchomp|Protect\n|move|p1b: Hatterene|Draining Kiss|p2a: Garchomp\n|-activate|p2a: Garchomp|move: Protect\n|move|p1a: Golurk|Ice Punch|p2a: Garchomp\n|-supereffective|p2a: Garchomp|2\n|-damage|p2a: Garchomp|68/100\n|-damage|p1a: Golurk|88/100|[from] ability: Rough Skin|[of] p2a: Garchomp\n|move|p2b: Sinistcha|Matcha Gotcha|p1a: Golurk|[spread] p1a,p1b\n|-supereffective|p1a: Golurk|1\n|-damage|p1a: Golurk|48/100\n|-heal|p2b: Sinistcha|100/100|[from] drain|[of] p1a: Golurk\n|-damage|p1b: Hatterene|31/100\n|\n|upkeep\n|turn|4\n|\n|t:|1775930546\n|move|p2b: Sinistcha|Rage Powder|p2b: Sinistcha\n|-singleturn|p2b: Sinistcha|move: Rage Powder\n|move|p1b: Hatterene|Draining Kiss|p2b: Sinistcha\n|-damage|p2b: Sinistcha|64/100\n|-heal|p1b: Hatterene|60/100|[from] drain|[of] p2b: Sinistcha\n|move|p1a: Golurk|Ice Punch|p2b: Sinistcha\n|-supereffective|p2b: Sinistcha|1\n|-damage|p2b: Sinistcha|4/100\n|-enditem|p2b: Sinistcha|Sitrus Berry|[eat]\n|-heal|p2b: Sinistcha|29/100|[from] item: Sitrus Berry\n|move|p2a: Garchomp|Breaking Swipe|p1b: Hatterene|[spread] p1a\n|-immune|p1b: Hatterene\n|-damage|p1a: Golurk|27/100\n|-unboost|p1a: Golurk|atk|1\n|\n|upkeep\n|turn|5\n|\n|t:|1775930569\n|move|p1b: Hatterene|Psychic|p2b: Sinistcha\n|-damage|p2b: Sinistcha|0 fnt\n|faint|p2b: Sinistcha\n|move|p1a: Golurk|Ice Punch|p2a: Garchomp\n|-supereffective|p2a: Garchomp|2\n|-damage|p2a: Garchomp|0 fnt\n|-damage|p1a: Golurk|15/100|[from] ability: Rough Skin|[of] p2a: Garchomp\n|faint|p2a: Garchomp\n|\n|upkeep\n|\n|t:|1775930579\n|switch|p2b: Incineroar|Incineroar, L50, M|100/100\n|switch|p2a: Floette|Floette-Eternal, L50, F|100/100\n|-ability|p2b: Incineroar|Intimidate|boost\n|-unboost|p1a: Golurk|atk|1\n|-unboost|p1b: Hatterene|atk|1\n|turn|6\n|\n|t:|1775930597\n|detailschange|p2a: Floette|Floette-Mega, L50, F\n|-mega|p2a: Floette|Floette|Floettite\n|-ability|p2a: Floette|Fairy Aura\n|move|p2b: Incineroar|Fake Out|p1b: Hatterene\n|-damage|p1b: Hatterene|49/100\n|cant|p1b: Hatterene|flinch\n|move|p1a: Golurk|Headlong Rush|p2b: Incineroar\n|-supereffective|p2b: Incineroar|1\n|-enditem|p2b: Incineroar|Shuca Berry|[eat]\n|-enditem|p2b: Incineroar|Shuca Berry|[weaken]\n|-damage|p2b: Incineroar|64/100\n|-unboost|p1a: Golurk|def|1\n|-unboost|p1a: Golurk|spd|1\n|move|p2a: Floette|Calm Mind|p2a: Floette\n|-boost|p2a: Floette|spa|1\n|-boost|p2a: Floette|spd|1\n|\n|-fieldend|move: Trick Room\n|upkeep\n|turn|7\n|inactive|gonorrea001 has 30 seconds left.\n|\n|t:|1775930624\n|move|p2a: Floette|Dazzling Gleam|p1b: Hatterene|[spread] p1a,p1b\n|-damage|p1a: Golurk|0 fnt\n|-damage|p1b: Hatterene|0 fnt\n|faint|p1a: Golurk\n|faint|p1b: Hatterene\n|move|p2b: Incineroar|Flare Blitz|p1: Golurk|[notarget]\n|-fail|p2b: Incineroar\n|\n|upkeep\n|\n|t:|1775930631\n|switch|p1b: Torkoal|Torkoal, L50, M|100/100\n|-weather|SunnyDay|[from] ability: Drought|[of] p1b: Torkoal\n|turn|8\n|\n|t:|1775930641\n|move|p2a: Floette|Moonblast|p1b: Torkoal\n|-resisted|p1b: Torkoal|1\n|-crit|p1b: Torkoal\n|-damage|p1b: Torkoal|0 fnt\n|faint|p1b: Torkoal\n|\n|win|gonorrea001\n|raw|2rffwd's rating: 1100 &rarr; <strong>1076</strong><br />(-24 for losing)\n|raw|gonorrea001's rating: 1110 &rarr; <strong>1134</strong><br />(+24 for winning)\n|l|\u2606gonorrea001\n|player|p2|\n",
  "uploadtime": 1775930653,
  "views": 15,
  "formatid": "gen9championsvgc2026regma",
  "rating": 1076,
  "private": 0,
  "password": null
}