{
  "id": "gen9championsvgc2026regma-2585948758",
  "format": "[Gen 9 Champions] VGC 2026 Reg M-A",
  "players": [
    "FortuneMC",
    "benjiapollo"
  ],
  "log": "|j|\u2606FortuneMC\n|j|\u2606benjiapollo\n|t:|1776384199\n|gametype|doubles\n|player|p1|FortuneMC|veteran|1240\n|player|p2|benjiapollo|giovanni|1245\n|gen|9\n|tier|[Gen 9 Champions] VGC 2026 Reg M-A\n|rated|\n|rule|Species Clause: Limit one of each Pok\u00e9mon\n|rule|Item Clause: Limit 1 of each item\n|clearpoke\n|poke|p1|Serperior, L50, F|\n|poke|p1|Whimsicott, L50, M|\n|poke|p1|Garchomp, L50, F|\n|poke|p1|Slowbro, L50, M|\n|poke|p1|Charizard, L50, F|\n|poke|p1|Farigiraf, L50, M|\n|poke|p2|Basculegion, L50, M|\n|poke|p2|Charizard, L50, M|\n|poke|p2|Kingambit, L50, F|\n|poke|p2|Sneasler, L50, M|\n|poke|p2|Venusaur, L50, F|\n|poke|p2|Talonflame, L50, F|\n|teampreview|4\n|\n|t:|1776384226\n|teamsize|p1|4\n|teamsize|p2|4\n|start\n|switch|p1a: Farigiraf|Farigiraf, L50, M|100/100\n|switch|p1b: Garchomp|Garchomp, L50, F|100/100\n|switch|p2a: Talonflame|Talonflame, L50, F|100/100\n|switch|p2b: Kingambit|Kingambit, L50, F|100/100\n|turn|1\n|inactive|Battle timer is ON: inactive players will automatically lose when time's up. (requested by benjiapollo)\n|\n|t:|1776384249\n|move|p2a: Talonflame|Brave Bird||[still]\n|cant|p1a: Farigiraf|ability: Armor Tail|Brave Bird|[of] p2a: Talonflame\n|move|p1b: Garchomp|Stomping Tantrum|p2b: Kingambit\n|-supereffective|p2b: Kingambit|1\n|-damage|p2b: Kingambit|42/100\n|move|p2b: Kingambit|Kowtow Cleave|p1a: Farigiraf\n|-supereffective|p1a: Farigiraf|1\n|-damage|p1a: Farigiraf|11/100\n|move|p1a: Farigiraf|Trick Room|p1a: Farigiraf\n|-fieldstart|move: Trick Room|[of] p1a: Farigiraf\n|\n|-heal|p1a: Farigiraf|17/100|[from] item: Leftovers\n|upkeep\n|turn|2\n|\n|t:|1776384269\n|move|p2b: Kingambit|Protect|p2b: Kingambit\n|-singleturn|p2b: Kingambit|Protect\n|move|p1a: Farigiraf|Hyper Voice|p2b: Kingambit|[spread] p2a\n|-activate|p2b: Kingambit|move: Protect\n|-damage|p2a: Talonflame|57/100\n|move|p2a: Talonflame|Flare Blitz|p1a: Farigiraf\n|-damage|p1a: Farigiraf|0 fnt\n|faint|p1a: Farigiraf\n|-damage|p2a: Talonflame|50/100|[from] Recoil\n|move|p1b: Garchomp|Stomping Tantrum|p2b: Kingambit\n|-activate|p2b: Kingambit|move: Protect\n|\n|upkeep\n|\n|t:|1776384278\n|switch|p1a: Slowbro|Slowbro, L50, M|100/100\n|turn|3\n|inactive|benjiapollo has 30 seconds left.\n|\n|t:|1776384304\n|switch|p1b: Whimsicott|Whimsicott, L50, M|100/100\n|detailschange|p1a: Slowbro|Slowbro-Mega, L50, M\n|-mega|p1a: Slowbro|Slowbro|Slowbronite\n|move|p1a: Slowbro|Scald|p2b: Kingambit\n|-damage|p2b: Kingambit|10/100\n|move|p2b: Kingambit|Kowtow Cleave|p1a: Slowbro\n|-supereffective|p1a: Slowbro|1\n|-damage|p1a: Slowbro|50/100\n|move|p2a: Talonflame|Brave Bird|p1a: Slowbro\n|-damage|p1a: Slowbro|29/100\n|-damage|p2a: Talonflame|40/100|[from] Recoil\n|\n|upkeep\n|turn|4\n|\n|t:|1776384329\n|move|p2a: Talonflame|Quick Guard|p2a: Talonflame\n|-singleturn|p2a: Talonflame|Quick Guard\n|move|p2b: Kingambit|Sucker Punch|p1a: Slowbro\n|-supereffective|p1a: Slowbro|1\n|-damage|p1a: Slowbro|0 fnt\n|faint|p1a: Slowbro\n|move|p1b: Whimsicott|Moonblast|p2a: Talonflame\n|-resisted|p2a: Talonflame|1\n|-damage|p2a: Talonflame|19/100\n|-unboost|p2a: Talonflame|spa|1\n|\n|upkeep\n|\n|t:|1776384334\n|switch|p1a: Garchomp|Garchomp, L50, F|100/100\n|turn|5\n|\n|t:|1776384341\n|move|p2b: Kingambit|Protect|p2b: Kingambit\n|-singleturn|p2b: Kingambit|Protect\n|move|p1b: Whimsicott|Moonblast|p2b: Kingambit\n|-activate|p2b: Kingambit|move: Protect\n|move|p2a: Talonflame|Tailwind|p2a: Talonflame\n|-sidestart|p2: benjiapollo|move: Tailwind\n|move|p1a: Garchomp|Rock Slide|p2a: Talonflame|[spread] p2a\n|-activate|p2b: Kingambit|move: Protect\n|-supereffective|p2a: Talonflame|2\n|-damage|p2a: Talonflame|0 fnt\n|faint|p2a: Talonflame\n|\n|-fieldend|move: Trick Room\n|upkeep\n|\n|t:|1776384353\n|switch|p2a: Charizard|Charizard, L50, M|100/100\n|turn|6\n|\n|t:|1776384361\n|detailschange|p2a: Charizard|Charizard-Mega-X, L50, M\n|-mega|p2a: Charizard|Charizard|Charizardite X\n|move|p1b: Whimsicott|Tailwind|p1b: Whimsicott\n|-sidestart|p1: FortuneMC|move: Tailwind\n|move|p1a: Garchomp|Rock Slide|p2b: Kingambit|[spread] p2a,p2b\n|-supereffective|p2a: Charizard|1\n|-resisted|p2b: Kingambit|1\n|-damage|p2a: Charizard|55/100\n|-damage|p2b: Kingambit|2/100\n|move|p2a: Charizard|Dragon Claw|p1a: Garchomp\n|-supereffective|p1a: Garchomp|1\n|-damage|p1a: Garchomp|0 fnt\n|-damage|p2a: Charizard|42/100|[from] ability: Rough Skin|[of] p1a: Garchomp\n|faint|p1a: Garchomp\n|cant|p2b: Kingambit|flinch\n|\n|upkeep\n|turn|7\n|\n|t:|1776384376\n|move|p2a: Charizard|Flare Blitz|p1b: Whimsicott\n|-supereffective|p1b: Whimsicott|1\n|-enditem|p1b: Whimsicott|Focus Sash\n|-damage|p1b: Whimsicott|1/100\n|-damage|p2a: Charizard|6/100|[from] Recoil\n|move|p1b: Whimsicott|Moonblast|p2b: Kingambit\n|-damage|p2b: Kingambit|0 fnt\n|faint|p2b: Kingambit\n|\n|upkeep\n|\n|t:|1776384385\n|switch|p2b: Basculegion|Basculegion, L50, M|100/100\n|turn|8\n|\n|t:|1776384390\n|move|p2b: Basculegion|Aqua Jet|p1b: Whimsicott\n|-resisted|p1b: Whimsicott|1\n|-damage|p1b: Whimsicott|0 fnt\n|faint|p1b: Whimsicott\n|\n|win|benjiapollo\n|raw|FortuneMC's rating: 1240 &rarr; <strong>1215</strong><br />(-25 for losing)\n|raw|benjiapollo's rating: 1245 &rarr; <strong>1270</strong><br />(+25 for winning)\n|l|\u2606FortuneMC\n|player|p1|\n",
  "uploadtime": 1776384395,
  "views": 21,
  "formatid": "gen9championsvgc2026regma",
  "rating": 1215,
  "private": 0,
  "password": null
}