{
  "id": "gen9championsvgc2026regma-2582365204",
  "format": "[Gen 9 Champions] VGC 2026 Reg M-A",
  "players": [
    "harlequinho",
    "Witlix"
  ],
  "log": "|j|\u2606harlequinho\n|j|\u2606Witlix\n|t:|1776086687\n|gametype|doubles\n|player|p1|harlequinho|ghetsis-gen5bw|1153\n|player|p2|Witlix|benga|1071\n|gen|9\n|tier|[Gen 9 Champions] VGC 2026 Reg M-A\n|rated|\n|rule|Species Clause: Limit one of each Pok\u00e9mon\n|rule|Item Clause: Limit 1 of each item\n|clearpoke\n|poke|p1|Delphox, L50, M|\n|poke|p1|Basculegion, L50, M|\n|poke|p1|Clefable, L50, M|\n|poke|p1|Kingambit, L50, M|\n|poke|p1|Dragonite, L50, M|\n|poke|p1|Sneasler, L50, M|\n|poke|p2|Incineroar, L50, M|\n|poke|p2|Basculegion, L50, M|\n|poke|p2|Pelipper, L50, M|\n|poke|p2|Clefable, L50, F|\n|poke|p2|Dragonite, L50, M|\n|poke|p2|Garchomp, L50, F|\n|teampreview|4\n|inactive|Battle timer is ON: inactive players will automatically lose when time's up. (requested by Witlix)\n|inactive|harlequinho has 60 seconds left.\n|inactive|Witlix has 60 seconds left.\n|inactive|Witlix has 30 seconds left.\n|\n|t:|1776086753\n|teamsize|p1|4\n|teamsize|p2|4\n|start\n|switch|p1a: Sneasler|Sneasler, L50, M|100/100\n|switch|p1b: Kingambit|Kingambit, L50, M|100/100\n|switch|p2a: Pelipper|Pelipper, L50, M|100/100\n|switch|p2b: Basculegion|Basculegion, L50, M|100/100\n|-weather|RainDance|[from] ability: Drizzle|[of] p2a: Pelipper\n|turn|1\n|inactive|harlequinho has 30 seconds left.\n|inactive|Witlix has 30 seconds left.\n|\n|t:|1776086786\n|move|p2a: Pelipper|Protect|p2a: Pelipper\n|-singleturn|p2a: Pelipper|Protect\n|move|p1a: Sneasler|Fake Out|p2a: Pelipper\n|-activate|p2a: Pelipper|move: Protect\n|move|p2b: Basculegion|Wave Crash|p1b: Kingambit\n|-damage|p1b: Kingambit|23/100\n|-damage|p2b: Basculegion|73/100|[from] Recoil\n|move|p1b: Kingambit|Swords Dance|p1b: Kingambit\n|-boost|p1b: Kingambit|atk|2\n|\n|-weather|RainDance|[upkeep]\n|upkeep\n|turn|2\n|inactive|harlequinho has 30 seconds left.\n|inactive|harlequinho has 20 seconds left.\n|\n|t:|1776086830\n|switch|p2b: Incineroar|Incineroar, L50, M|100/100\n|-ability|p2b: Incineroar|Intimidate|boost\n|-unboost|p1a: Sneasler|atk|1\n|-unboost|p1b: Kingambit|atk|1\n|-ability|p1b: Kingambit|Defiant|boost\n|-boost|p1b: Kingambit|atk|2\n|move|p1b: Kingambit|Sucker Punch||[still]\n|-fail|p1b: Kingambit\n|move|p1a: Sneasler|Dire Claw|p2b: Incineroar\n|-damage|p2b: Incineroar|77/100\n|-status|p2b: Incineroar|psn\n|move|p2a: Pelipper|Tailwind|p2a: Pelipper\n|-sidestart|p2: Witlix|move: Tailwind\n|\n|-weather|RainDance|[upkeep]\n|-damage|p2b: Incineroar|64/100 psn|[from] psn\n|upkeep\n|turn|3\n|\n|t:|1776086850\n|move|p1b: Kingambit|Protect|p1b: Kingambit\n|-singleturn|p1b: Kingambit|Protect\n|move|p2b: Incineroar|Fake Out|p1b: Kingambit\n|-activate|p1b: Kingambit|move: Protect\n|move|p2a: Pelipper|Weather Ball|p1b: Kingambit\n|-activate|p1b: Kingambit|move: Protect\n|move|p1a: Sneasler|Dire Claw|p2a: Pelipper\n|-damage|p2a: Pelipper|68/100\n|\n|-weather|RainDance|[upkeep]\n|-damage|p2b: Incineroar|52/100 psn|[from] psn\n|upkeep\n|turn|4\n|\n|t:|1776086864\n|move|p1b: Kingambit|Sucker Punch|p2a: Pelipper\n|-damage|p2a: Pelipper|0 fnt\n|faint|p2a: Pelipper\n|move|p1a: Sneasler|Close Combat|p2b: Incineroar\n|-supereffective|p2b: Incineroar|1\n|-damage|p2b: Incineroar|0 fnt\n|-unboost|p1a: Sneasler|def|1\n|-unboost|p1a: Sneasler|spd|1\n|faint|p2b: Incineroar\n|\n|-weather|RainDance|[upkeep]\n|upkeep\n|\n|t:|1776086874\n|switch|p2a: Basculegion|Basculegion, L50, M|73/100\n|switch|p2b: Dragonite|Dragonite, L50, M|100/100\n|turn|5\n|\n|t:|1776086895\n|detailschange|p2b: Dragonite|Dragonite-Mega, L50, M\n|-mega|p2b: Dragonite|Dragonite|Dragoninite\n|move|p2a: Basculegion|Aqua Jet|p1b: Kingambit\n|-damage|p1b: Kingambit|0 fnt\n|faint|p1b: Kingambit\n|move|p2b: Dragonite|Hurricane|p1a: Sneasler\n|-supereffective|p1a: Sneasler|1\n|-enditem|p1a: Sneasler|Focus Sash\n|-damage|p1a: Sneasler|1/100\n|-start|p1a: Sneasler|confusion\n|-activate|p1a: Sneasler|confusion\n|-damage|p1a: Sneasler|0 fnt|[from] confusion\n|faint|p1a: Sneasler\n|\n|-weather|none\n|-sideend|p2: Witlix|move: Tailwind\n|upkeep\n|\n|t:|1776086908\n|switch|p1a: Dragonite|Dragonite, L50, M|100/100\n|switch|p1b: Basculegion|Basculegion, L50, M|100/100\n|turn|6\n|\n|t:|1776086923\n|move|p2a: Basculegion|Aqua Jet|p1a: Dragonite\n|-resisted|p1a: Dragonite|1\n|-damage|p1a: Dragonite|94/100\n|move|p1b: Basculegion|Last Respects|p2a: Basculegion\n|-supereffective|p2a: Basculegion|1\n|-damage|p2a: Basculegion|0 fnt\n|faint|p2a: Basculegion\n|move|p2b: Dragonite|Draco Meteor|p1a: Dragonite\n|-supereffective|p1a: Dragonite|1\n|-damage|p1a: Dragonite|0 fnt\n|-unboost|p2b: Dragonite|spa|2\n|faint|p1a: Dragonite\n|\n|upkeep\n|turn|7\n|\n|t:|1776086935\n|move|p1b: Basculegion|Last Respects|p2b: Dragonite\n|-damage|p2b: Dragonite|35/100\n|move|p2b: Dragonite|Draco Meteor|p1b: Basculegion|[miss]\n|-miss|p2b: Dragonite|p1b: Basculegion\n|\n|upkeep\n|turn|8\n|l|\u2606Witlix\n|inactive|Witlix disconnected and has a minute to reconnect!\n|player|p2|\n|inactive|Witlix has 30 seconds left.\n|inactive|Witlix has 20 seconds left.\n|inactive|Witlix has 15 seconds left.\n|inactive|Witlix has 10 seconds left.\n|j|\u2606Witlix\n|inactive|Witlix reconnected and has 10 seconds left.\n|player|p2|Witlix|benga|\n|inactive|Witlix has 5 seconds left.\n|\n|t:|1776086990\n|move|p1b: Basculegion|Last Respects|p2b: Dragonite\n|-damage|p2b: Dragonite|0 fnt\n|faint|p2b: Dragonite\n|\n|win|harlequinho\n|raw|harlequinho's rating: 1153 &rarr; <strong>1172</strong><br />(+19 for winning)\n|raw|Witlix's rating: 1071 &rarr; <strong>1055</strong><br />(-16 for losing)\n|l|\u2606harlequinho\n|player|p1|\n",
  "uploadtime": 1776087001,
  "views": 34,
  "formatid": "gen9championsvgc2026regma",
  "rating": 1055,
  "private": 0,
  "password": null
}