{
  "id": "gen9championsvgc2026regma-2584948329",
  "format": "[Gen 9 Champions] VGC 2026 Reg M-A",
  "players": [
    "amongdripgoku",
    "opossum fan 3"
  ],
  "log": "|j|\u2606amongdripgoku\n|j|\u2606opossum fan 3\n|t:|1776297215\n|gametype|doubles\n|player|p1|amongdripgoku|170|1144\n|player|p2|opossum fan 3|dawn|1078\n|gen|9\n|tier|[Gen 9 Champions] VGC 2026 Reg M-A\n|rated|\n|rule|Species Clause: Limit one of each Pok\u00e9mon\n|rule|Item Clause: Limit 1 of each item\n|clearpoke\n|poke|p1|Pelipper, L50, M|\n|poke|p1|Gengar, L50, M|\n|poke|p1|Greninja-*, L50, M|\n|poke|p1|Basculegion, L50, M|\n|poke|p1|Archaludon, L50, F|\n|poke|p1|Decidueye-Hisui, L50, M|\n|poke|p2|Meganium, L50, F|\n|poke|p2|Aerodactyl, L50, F|\n|poke|p2|Tauros-Paldea-Aqua, L50, M|\n|poke|p2|Archaludon, L50, M|\n|poke|p2|Typhlosion-Hisui, L50, F|\n|poke|p2|Kangaskhan, L50, F|\n|teampreview|4\n|inactive|Battle timer is ON: inactive players will automatically lose when time's up. (requested by amongdripgoku)\n|\n|t:|1776297280\n|teamsize|p1|4\n|teamsize|p2|4\n|start\n|switch|p1a: Basculegion|Basculegion, L50, M|100/100\n|switch|p1b: Archaludon|Archaludon, L50, F|100/100\n|switch|p2a: Aerodactyl|Aerodactyl, L50, F|100/100\n|switch|p2b: Meganium|Meganium, L50, F|100/100\n|-ability|p2a: Aerodactyl|Unnerve\n|turn|1\n|inactive|opossum fan 3 has 30 seconds left.\n|\n|t:|1776297311\n|switch|p1b: Pelipper|Pelipper, L50, M|100/100\n|-weather|RainDance|[from] ability: Drizzle|[of] p1b: Pelipper\n|move|p2b: Meganium|Protect|p2b: Meganium\n|-singleturn|p2b: Meganium|Protect\n|move|p1a: Basculegion|Flip Turn|p2a: Aerodactyl\n|-supereffective|p2a: Aerodactyl|1\n|-enditem|p2a: Aerodactyl|Focus Sash\n|-damage|p2a: Aerodactyl|1/100\n|\n|t:|1776297324\n|switch|p1a: Gengar|Gengar, L50, M|100/100|[from] Flip Turn\n|move|p2a: Aerodactyl|Tailwind|p2a: Aerodactyl\n|-sidestart|p2: opossum fan 3|move: Tailwind\n|\n|-weather|RainDance|[upkeep]\n|upkeep\n|turn|2\n|inactive|opossum fan 3 has 30 seconds left.\n|\n|t:|1776297354\n|detailschange|p1a: Gengar|Gengar-Mega, L50, M\n|-mega|p1a: Gengar|Gengar|Gengarite\n|move|p2a: Aerodactyl|Rock Slide|p1b: Pelipper|[spread] p1a,p1b\n|-supereffective|p1b: Pelipper|1\n|-damage|p1a: Gengar|58/100\n|-damage|p1b: Pelipper|42/100\n|move|p2b: Meganium|Solar Beam||[still]\n|-prepare|p2b: Meganium|Solar Beam\n|cant|p1a: Gengar|flinch\n|cant|p1b: Pelipper|flinch\n|\n|-weather|RainDance|[upkeep]\n|upkeep\n|turn|3\n|inactive|opossum fan 3 has 30 seconds left.\n|\n|t:|1776297385\n|switch|p1b: Archaludon|Archaludon, L50, F|100/100\n|move|p2a: Aerodactyl|Dual Wingbeat|p1a: Gengar\n|-damage|p1a: Gengar|29/100\n|-crit|p1a: Gengar\n|-damage|p1a: Gengar|0 fnt\n|faint|p1a: Gengar\n|-hitcount|p1: Gengar|2\n|move|p2b: Meganium|Solar Beam|p1b: Archaludon|[from] lockedmove\n|-resisted|p1b: Archaludon|2\n|-damage|p1b: Archaludon|94/100\n|\n|-weather|RainDance|[upkeep]\n|upkeep\n|\n|t:|1776297396\n|switch|p1a: Basculegion|Basculegion, L50, M|100/100\n|turn|4\n|\n|t:|1776297413\n|detailschange|p2b: Meganium|Meganium-Mega, L50, F\n|-mega|p2b: Meganium|Meganium|Meganiumite\n|move|p2a: Aerodactyl|Protect|p2a: Aerodactyl\n|-singleturn|p2a: Aerodactyl|Protect\n|move|p2b: Meganium|Solar Beam||[still]\n|-prepare|p2b: Meganium|Solar Beam\n|-activate|p2b: Meganium|ability: Mega Sol\n|-anim|p2b: Meganium|Solar Beam|p1a: Basculegion\n|-supereffective|p1a: Basculegion|1\n|-damage|p1a: Basculegion|0 fnt\n|faint|p1a: Basculegion\n|move|p1b: Archaludon|Electro Shot||[still]\n|-prepare|p1b: Archaludon|Electro Shot\n|-boost|p1b: Archaludon|spa|1\n|-anim|p1b: Archaludon|Electro Shot|p2b: Meganium\n|-resisted|p2b: Meganium|1\n|-damage|p2b: Meganium|64/100\n|\n|-weather|RainDance|[upkeep]\n|-sideend|p2: opossum fan 3|move: Tailwind\n|upkeep\n|\n|t:|1776297424\n|switch|p1a: Pelipper|Pelipper, L50, M|42/100\n|turn|5\n|c|\u2606amongdripgoku|man you gotta go for that double flinch bro\n|c|\u2606amongdripgoku|gg\n|-message|amongdripgoku forfeited.\n|\n|win|opossum fan 3\n|raw|amongdripgoku's rating: 1144 &rarr; <strong>1114</strong><br />(-30 for losing)\n|raw|opossum fan 3's rating: 1078 &rarr; <strong>1112</strong><br />(+34 for winning)\n",
  "uploadtime": 1776297440,
  "views": 19,
  "formatid": "gen9championsvgc2026regma",
  "rating": 1112,
  "private": 0,
  "password": null
}