{
  "id": "gen9championsvgc2026regma-2585516652",
  "format": "[Gen 9 Champions] VGC 2026 Reg M-A",
  "players": [
    "Viviexists",
    "basically garbage"
  ],
  "log": "|j|\u2606Viviexists\n|j|\u2606basically garbage\n|t:|1776352789\n|gametype|doubles\n|player|p1|Viviexists|mela|1148\n|player|p2|basically garbage|workerice|1080\n|gen|9\n|tier|[Gen 9 Champions] VGC 2026 Reg M-A\n|rated|\n|rule|Species Clause: Limit one of each Pok\u00e9mon\n|rule|Item Clause: Limit 1 of each item\n|clearpoke\n|poke|p1|Whimsicott, L50, F|\n|poke|p1|Palafin, L50, F|\n|poke|p1|Farigiraf, L50, F|\n|poke|p1|Incineroar, L50, M|\n|poke|p1|Delphox, L50, F|\n|poke|p1|Kingambit, L50, F|\n|poke|p2|Chesnaught, L50, M|\n|poke|p2|Aegislash, L50, M|\n|poke|p2|Farigiraf, L50, M|\n|poke|p2|Sinistcha-Masterpiece, L50|\n|poke|p2|Primarina, L50, M|\n|poke|p2|Rotom-Heat, L50|\n|teampreview|4\n|inactive|Battle timer is ON: inactive players will automatically lose when time's up. (requested by basically garbage)\n|inactive|Viviexists has 60 seconds left.\n|\n|t:|1776352820\n|teamsize|p1|4\n|teamsize|p2|4\n|start\n|switch|p1a: Kingambit|Kingambit, L50, F|100/100\n|switch|p1b: Delphox|Delphox, L50, F, shiny|100/100\n|switch|p2a: Aegislash|Aegislash, L50, M, shiny|100/100\n|switch|p2b: Farigiraf|Farigiraf, L50, M|100/100\n|turn|1\n|\n|t:|1776352837\n|detailschange|p1b: Delphox|Delphox-Mega, L50, F, shiny\n|-mega|p1b: Delphox|Delphox|Delphoxite\n|move|p2a: Aegislash|King's Shield|p2a: Aegislash\n|-singleturn|p2a: Aegislash|Protect\n|move|p1b: Delphox|Heat Wave|p2a: Aegislash|[spread] p2b\n|-activate|p2a: Aegislash|move: Protect\n|-damage|p2b: Farigiraf|65/100\n|move|p1a: Kingambit|Kowtow Cleave|p2b: Farigiraf\n|-supereffective|p2b: Farigiraf|1\n|-enditem|p2b: Farigiraf|Colbur Berry|[eat]\n|-enditem|p2b: Farigiraf|Colbur Berry|[weaken]\n|-damage|p2b: Farigiraf|12/100\n|move|p2b: Farigiraf|Trick Room|p2b: Farigiraf\n|-fieldstart|move: Trick Room|[of] p2b: Farigiraf\n|\n|upkeep\n|turn|2\n|\n|t:|1776352860\n|switch|p2b: Primarina|Primarina, L50, M|100/100\n|move|p1b: Delphox|Protect|p1b: Delphox\n|-singleturn|p1b: Delphox|Protect\n|move|p1a: Kingambit|Kowtow Cleave|p2b: Primarina\n|-resisted|p2b: Primarina|1\n|-damage|p2b: Primarina|59/100\n|-formechange|p2a: Aegislash|Aegislash-Blade|\n|move|p2a: Aegislash|Poltergeist|p1b: Delphox\n|-activate|p1b: Delphox|move: Protect\n|\n|upkeep\n|turn|3\n|inactive|basically garbage has 30 seconds left.\n|\n|t:|1776352893\n|switch|p1b: Farigiraf|Farigiraf, L50, F|100/100\n|move|p2b: Primarina|Protect|p2b: Primarina\n|-singleturn|p2b: Primarina|Protect\n|move|p1a: Kingambit|Iron Head|p2b: Primarina\n|-activate|p2b: Primarina|move: Protect\n|move|p2a: Aegislash|Poltergeist|p1b: Farigiraf\n|-immune|p1b: Farigiraf\n|\n|upkeep\n|turn|4\n|\n|t:|1776352912\n|move|p1a: Kingambit|Iron Head|p2b: Primarina\n|-damage|p2b: Primarina|0 fnt\n|faint|p2b: Primarina\n|move|p2a: Aegislash|Close Combat|p1a: Kingambit\n|-supereffective|p1a: Kingambit|2\n|-damage|p1a: Kingambit|0 fnt\n|-unboost|p2a: Aegislash|def|1\n|-unboost|p2a: Aegislash|spd|1\n|faint|p1a: Kingambit\n|-enditem|p2a: Aegislash|White Herb\n|-clearnegativeboost|p2a: Aegislash|[silent]\n|move|p1b: Farigiraf|Thunderbolt|p2a: Aegislash\n|-damage|p2a: Aegislash|62/100\n|-status|p2a: Aegislash|par\n|\n|upkeep\n|\n|t:|1776352920\n|switch|p1a: Delphox|Delphox-Mega, L50, F, shiny|100/100\n|switch|p2b: Farigiraf|Farigiraf, L50, M|12/100\n|turn|5\n|\n|t:|1776352938\n|switch|p1b: Whimsicott|Whimsicott, L50, F|100/100\n|move|p1a: Delphox|Protect|p1a: Delphox\n|-singleturn|p1a: Delphox|Protect\n|move|p2a: Aegislash|Poltergeist|p1a: Delphox\n|-activate|p1a: Delphox|move: Protect\n|move|p2b: Farigiraf|Trick Room|p2b: Farigiraf\n|-fieldend|move: Trick Room\n|\n|upkeep\n|turn|6\n|-message|basically garbage forfeited.\n|\n|win|Viviexists\n|raw|Viviexists's rating: 1148 &rarr; <strong>1168</strong><br />(+20 for winning)\n|raw|basically garbage's rating: 1080 &rarr; <strong>1062</strong><br />(-18 for losing)\n|l|\u2606basically garbage\n|player|p2|\n",
  "uploadtime": 1776352969,
  "views": 30,
  "formatid": "gen9championsvgc2026regma",
  "rating": 1062,
  "private": 0,
  "password": null
}