{
  "id": "gen9championsvgc2026regma-2582969044",
  "format": "[Gen 9 Champions] VGC 2026 Reg M-A",
  "players": [
    "Hatake77VGC",
    "QuiteTasty"
  ],
  "log": "|j|\u203dHatake77VGC\n|j|\u2606QuiteTasty\n|t:|1776129412\n|gametype|doubles\n|player|p1|Hatake77VGC|266|1124\n|player|p2|QuiteTasty|shauntal|1169\n|gen|9\n|tier|[Gen 9 Champions] VGC 2026 Reg M-A\n|rated|\n|rule|Species Clause: Limit one of each Pok\u00e9mon\n|rule|Item Clause: Limit 1 of each item\n|clearpoke\n|poke|p1|Greninja-*, L50, F|\n|poke|p1|Ninetales-Alola, L50, F|\n|poke|p1|Mamoswine, L50, F|\n|poke|p1|Whimsicott, L50, M|\n|poke|p1|Incineroar, L50, F|\n|poke|p1|Dragonite, L50, M|\n|poke|p2|Primarina, L50, F|\n|poke|p2|Scovillain, L50, F|\n|poke|p2|Garchomp, L50, M|\n|poke|p2|Kingambit, L50, M|\n|poke|p2|Dragonite, L50, F|\n|poke|p2|Sneasler, L50, M|\n|teampreview|4\n|inactive|Battle timer is ON: inactive players will automatically lose when time's up. (requested by QuiteTasty)\n|\n|t:|1776129455\n|teamsize|p1|4\n|teamsize|p2|4\n|start\n|switch|p1a: Ninetales|Ninetales-Alola, L50, F|100/100\n|switch|p1b: Greninja|Greninja, L50, F|100/100\n|switch|p2a: Kingambit|Kingambit, L50, M|100/100\n|switch|p2b: Sneasler|Sneasler, L50, M|100/100\n|-weather|Snowscape|[from] ability: Snow Warning|[of] p1a: Ninetales\n|turn|1\n|inactive|Hatake77VGC has 30 seconds left.\n|inactive|Hatake77VGC has 20 seconds left.\n|inactive|Hatake77VGC has 15 seconds left.\n|inactive|Hatake77VGC has 10 seconds left.\n|\n|t:|1776129501\n|move|p1b: Greninja|Protect|p1b: Greninja\n|-start|p1b: Greninja|typechange|Normal|[from] ability: Protean\n|-singleturn|p1b: Greninja|Protect\n|move|p2b: Sneasler|Fake Out|p1a: Ninetales\n|-damage|p1a: Ninetales|86/100\n|cant|p1a: Ninetales|flinch\n|move|p2a: Kingambit|Swords Dance|p2a: Kingambit\n|-boost|p2a: Kingambit|atk|2\n|\n|-weather|Snowscape|[upkeep]\n|upkeep\n|turn|2\n|\n|t:|1776129526\n|detailschange|p1b: Greninja|Greninja-Mega, L50, F\n|-mega|p1b: Greninja|Greninja|Greninjite\n|move|p1b: Greninja|Blizzard|p2b: Sneasler|[spread] p2a,p2b\n|-start|p1b: Greninja|typechange|Ice|[from] ability: Protean\n|-resisted|p2a: Kingambit|1\n|-damage|p2a: Kingambit|79/100\n|-damage|p2b: Sneasler|44/100\n|-status|p2b: Sneasler|frz\n|-curestatus|p2b: Sneasler|frz|[msg]\n|move|p2b: Sneasler|Coaching|p2a: Kingambit\n|-boost|p2a: Kingambit|atk|1\n|-boost|p2a: Kingambit|def|1\n|move|p1a: Ninetales|Aurora Veil|p1a: Ninetales\n|-sidestart|p1: Hatake77VGC|move: Aurora Veil\n|move|p2a: Kingambit|Kowtow Cleave|p1b: Greninja\n|-damage|p1b: Greninja|3/100\n|\n|-weather|Snowscape|[upkeep]\n|upkeep\n|turn|3\n|\n|t:|1776129544\n|move|p2a: Kingambit|Sucker Punch|p1b: Greninja\n|-crit|p1b: Greninja\n|-damage|p1b: Greninja|0 fnt\n|faint|p1b: Greninja\n|move|p2b: Sneasler|Dire Claw|p1a: Ninetales\n|-supereffective|p1a: Ninetales|1\n|-damage|p1a: Ninetales|32/100\n|move|p1a: Ninetales|Blizzard|p2b: Sneasler|[spread] p2a,p2b\n|-resisted|p2a: Kingambit|1\n|-damage|p2a: Kingambit|65/100\n|-damage|p2b: Sneasler|0 fnt\n|-status|p2a: Kingambit|frz\n|faint|p2b: Sneasler\n|\n|-weather|Snowscape|[upkeep]\n|upkeep\n|\n|t:|1776129561\n|switch|p1b: Mamoswine|Mamoswine, L50, F|100/100\n|switch|p2b: Primarina|Primarina, L50, F|100/100\n|turn|4\n|\n|t:|1776129584\n|move|p1a: Ninetales|Protect|p1a: Ninetales\n|-singleturn|p1a: Ninetales|Protect\n|cant|p2a: Kingambit|frz\n|move|p1b: Mamoswine|Earthquake|p2b: Primarina|[spread] p2a,p2b\n|-activate|p1a: Ninetales|move: Protect\n|-supereffective|p2a: Kingambit|1\n|-damage|p2a: Kingambit|26/100 frz\n|-damage|p2b: Primarina|54/100\n|move|p2b: Primarina|Calm Mind|p2b: Primarina\n|-boost|p2b: Primarina|spa|1\n|-boost|p2b: Primarina|spd|1\n|\n|-weather|Snowscape|[upkeep]\n|-heal|p2b: Primarina|60/100|[from] item: Leftovers\n|upkeep\n|turn|5\n|\n|t:|1776129600\n|cant|p2a: Kingambit|frz\n|move|p1b: Mamoswine|Earthquake|p2b: Primarina|[spread] p1a,p2a,p2b\n|-supereffective|p2a: Kingambit|1\n|-damage|p1a: Ninetales|3/100\n|-damage|p2a: Kingambit|0 fnt\n|-damage|p2b: Primarina|9/100\n|faint|p2a: Kingambit\n|move|p1a: Ninetales|Blizzard|p2b: Primarina\n|-resisted|p2b: Primarina|1\n|-damage|p2b: Primarina|0 fnt\n|faint|p2b: Primarina\n|\n|-weather|none\n|upkeep\n|\n|t:|1776129608\n|switch|p2b: Scovillain|Scovillain, L50, F|100/100\n|turn|6\n|\n|t:|1776129615\n|move|p2b: Scovillain|Protect|p2b: Scovillain\n|-singleturn|p2b: Scovillain|Protect\n|move|p1b: Mamoswine|Earthquake|p2b: Scovillain|[spread] p1a\n|-activate|p2b: Scovillain|move: Protect\n|-damage|p1a: Ninetales|0 fnt\n|faint|p1a: Ninetales\n|\n|-sideend|p1: Hatake77VGC|move: Aurora Veil\n|-ability|p2b: Scovillain|Moody|boost\n|-boost|p2b: Scovillain|def|2\n|-unboost|p2b: Scovillain|atk|1\n|upkeep\n|\n|t:|1776129625\n|switch|p1a: Incineroar|Incineroar, L50, F|100/100\n|-ability|p1a: Incineroar|Intimidate|boost\n|-unboost|p2b: Scovillain|atk|1\n|turn|7\n|\n|t:|1776129642\n|detailschange|p2b: Scovillain|Scovillain-Mega, L50, F\n|-mega|p2b: Scovillain|Scovillain|Scovillainite\n|move|p1a: Incineroar|Fake Out|p2b: Scovillain\n|-damage|p2b: Scovillain|93/100\n|-immune|p1a: Incineroar\n|move|p1b: Mamoswine|Earthquake|p2b: Scovillain|[spread] p1a,p2b\n|-supereffective|p1a: Incineroar|1\n|-damage|p1a: Incineroar|20/100\n|-damage|p2b: Scovillain|72/100\n|-status|p1b: Mamoswine|brn|[from] ability: Spicy Spray|[of] p2b: Scovillain\n|-enditem|p1a: Incineroar|Sitrus Berry|[eat]\n|-heal|p1a: Incineroar|45/100|[from] item: Sitrus Berry\n|cant|p2b: Scovillain|flinch\n|\n|-damage|p1b: Mamoswine|95/100 brn|[from] brn\n|upkeep\n|turn|8\n|\n|t:|1776129659\n|move|p1b: Mamoswine|Earthquake|p2b: Scovillain|[spread] p1a,p2b\n|-supereffective|p1a: Incineroar|1\n|-crit|p2b: Scovillain\n|-damage|p1a: Incineroar|5/100\n|-damage|p2b: Scovillain|41/100\n|move|p2b: Scovillain|Giga Drain|p1b: Mamoswine\n|-supereffective|p1b: Mamoswine|1\n|-damage|p1b: Mamoswine|0 fnt\n|-heal|p2b: Scovillain|93/100|[from] drain|[of] p1b: Mamoswine\n|faint|p1b: Mamoswine\n|move|p1a: Incineroar|Flare Blitz|p2b: Scovillain\n|-damage|p2b: Scovillain|63/100\n|-immune|p1a: Incineroar\n|-damage|p1a: Incineroar|0 fnt|[from] Recoil\n|faint|p1a: Incineroar\n|\n|win|QuiteTasty\n|raw|Hatake77VGC's rating: 1124 &rarr; <strong>1102</strong><br />(-22 for losing)\n|raw|QuiteTasty's rating: 1169 &rarr; <strong>1191</strong><br />(+22 for winning)\n|c|\u2606QuiteTasty|ggs\n|l|\u203dHatake77VGC\n|player|p1|\n",
  "uploadtime": 1776129681,
  "views": 20,
  "formatid": "gen9championsvgc2026regma",
  "rating": 1102,
  "private": 0,
  "password": null
}