{
  "id": "gen9championsvgc2026regma-2583547288",
  "format": "[Gen 9 Champions] VGC 2026 Reg M-A",
  "players": [
    "Hadrian Blue",
    "ExynosOS"
  ],
  "log": "|j|\u2606Hadrian Blue\n|j|\u2606ExynosOS\n|t:|1776182533\n|gametype|doubles\n|player|p1|Hadrian Blue|palmer|\n|player|p2|ExynosOS|volkner|\n|gen|9\n|tier|[Gen 9 Champions] VGC 2026 Reg M-A\n|rule|Species Clause: Limit one of each Pok\u00e9mon\n|rule|Item Clause: Limit 1 of each item\n|clearpoke\n|poke|p1|Dragapult, L50, F|\n|poke|p1|Kingambit, L50, M|\n|poke|p1|Froslass, L50, F|\n|poke|p1|Hydreigon, L50, F|\n|poke|p1|Whimsicott, L50, F|\n|poke|p1|Sneasler, L50, M|\n|poke|p2|Tyranitar, L50, M|\n|poke|p2|Garchomp, L50, M|\n|poke|p2|Talonflame, L50, M|\n|poke|p2|Corviknight, L50, M|\n|poke|p2|Aegislash, L50, M|\n|poke|p2|Rotom-Wash, L50|\n|teampreview|4\n|\n|t:|1776182592\n|teamsize|p1|4\n|teamsize|p2|4\n|start\n|switch|p1a: Sneasler|Sneasler, L50, M|100/100\n|switch|p1b: Whimsicott|Whimsicott, L50, F|100/100\n|switch|p2a: Tyranitar|Tyranitar, L50, M, shiny|100/100\n|switch|p2b: Corviknight|Corviknight, L50, M|100/100\n|-weather|Sandstorm|[from] ability: Sand Stream|[of] p2a: Tyranitar\n|turn|1\n|\n|t:|1776182651\n|switch|p2a: Garchomp|Garchomp, L50, M|100/100\n|move|p1b: Whimsicott|Tailwind|p1b: Whimsicott\n|-sidestart|p1: Hadrian Blue|move: Tailwind\n|move|p1a: Sneasler|Close Combat|p2a: Garchomp\n|-damage|p2a: Garchomp|41/100\n|-unboost|p1a: Sneasler|def|1\n|-unboost|p1a: Sneasler|spd|1\n|-damage|p1a: Sneasler|88/100|[from] ability: Rough Skin|[of] p2a: Garchomp\n|-status|p2a: Garchomp|psn|[from] ability: Poison Touch|[of] p1a: Sneasler\n|move|p2b: Corviknight|Iron Head|p1b: Whimsicott\n|-supereffective|p1b: Whimsicott|1\n|-damage|p1b: Whimsicott|36/100\n|\n|-weather|Sandstorm|[upkeep]\n|-damage|p1a: Sneasler|83/100|[from] Sandstorm\n|-damage|p1b: Whimsicott|30/100|[from] Sandstorm\n|-damage|p2a: Garchomp|29/100 psn|[from] psn\n|upkeep\n|turn|2\n|\n|t:|1776182680\n|move|p1a: Sneasler|Close Combat|p2b: Corviknight\n|-damage|p2b: Corviknight|65/100\n|-unboost|p1a: Sneasler|def|1\n|-unboost|p1a: Sneasler|spd|1\n|move|p1b: Whimsicott|Moonblast|p2a: Garchomp\n|-supereffective|p2a: Garchomp|1\n|-damage|p2a: Garchomp|0 fnt\n|faint|p2a: Garchomp\n|move|p2b: Corviknight|Brave Bird|p1a: Sneasler\n|-supereffective|p1a: Sneasler|1\n|-damage|p1a: Sneasler|0 fnt\n|faint|p1a: Sneasler\n|-damage|p2b: Corviknight|44/100|[from] Recoil\n|-enditem|p2b: Corviknight|Sitrus Berry|[eat]\n|-heal|p2b: Corviknight|69/100|[from] item: Sitrus Berry\n|\n|-weather|Sandstorm|[upkeep]\n|-damage|p1b: Whimsicott|24/100|[from] Sandstorm\n|upkeep\n|\n|t:|1776182705\n|switch|p1a: Froslass|Froslass, L50, F|100/100\n|switch|p2a: Rotom|Rotom-Wash, L50, shiny|100/100\n|turn|3\n|\n|t:|1776182734\n|detailschange|p1a: Froslass|Froslass-Mega, L50, F\n|-mega|p1a: Froslass|Froslass|Froslassite\n|-weather|Snowscape|[from] ability: Snow Warning|[of] p1a: Froslass\n|move|p1b: Whimsicott|Moonblast|p2a: Rotom\n|-damage|p2a: Rotom|79/100\n|move|p1a: Froslass|Aurora Veil|p1a: Froslass\n|-sidestart|p1: Hadrian Blue|move: Aurora Veil\n|move|p2a: Rotom|Discharge|p1a: Froslass|[spread] p2b,p1a,p1b\n|-supereffective|p2b: Corviknight|1\n|-resisted|p1b: Whimsicott|1\n|-damage|p2b: Corviknight|18/100\n|-damage|p1a: Froslass|81/100\n|-damage|p1b: Whimsicott|12/100\n|move|p2b: Corviknight|Iron Head|p1a: Froslass\n|-supereffective|p1a: Froslass|1\n|-damage|p1a: Froslass|43/100\n|\n|-weather|Snowscape|[upkeep]\n|upkeep\n|turn|4\n|\n|t:|1776182775\n|move|p1b: Whimsicott|Helping Hand|p1a: Froslass\n|-singleturn|p1a: Froslass|Helping Hand|[of] p1b: Whimsicott\n|move|p1a: Froslass|Blizzard|p2a: Rotom|[spread] p2a,p2b\n|-resisted|p2a: Rotom|1\n|-damage|p2a: Rotom|52/100\n|-damage|p2b: Corviknight|0 fnt\n|faint|p2b: Corviknight\n|move|p2a: Rotom|Dark Pulse|p1a: Froslass\n|-supereffective|p1a: Froslass|1\n|-damage|p1a: Froslass|8/100\n|\n|-weather|Snowscape|[upkeep]\n|-sideend|p1: Hadrian Blue|move: Tailwind\n|upkeep\n|\n|t:|1776182788\n|switch|p2b: Tyranitar|Tyranitar, L50, M, shiny|100/100\n|-weather|Sandstorm|[from] ability: Sand Stream|[of] p2b: Tyranitar\n|turn|5\n|\n|t:|1776182817\n|detailschange|p2b: Tyranitar|Tyranitar-Mega, L50, M, shiny\n|-mega|p2b: Tyranitar|Tyranitar|Tyranitarite\n|move|p1b: Whimsicott|Helping Hand|p1a: Froslass\n|-singleturn|p1a: Froslass|Helping Hand|[of] p1b: Whimsicott\n|move|p1a: Froslass|Blizzard|p2a: Rotom|[spread] p2a,p2b\n|-resisted|p2a: Rotom|1\n|-damage|p2a: Rotom|27/100\n|-damage|p2b: Tyranitar|70/100\n|-status|p2a: Rotom|frz\n|cant|p2a: Rotom|frz\n|move|p2b: Tyranitar|Rock Slide|p1a: Froslass|[spread] p1a,p1b\n|-supereffective|p1a: Froslass|1\n|-damage|p1a: Froslass|0 fnt\n|-damage|p1b: Whimsicott|0 fnt\n|faint|p1a: Froslass\n|faint|p1b: Whimsicott\n|\n|-weather|Sandstorm|[upkeep]\n|-damage|p2a: Rotom|21/100 frz|[from] Sandstorm\n|upkeep\n|\n|t:|1776182835\n|switch|p1b: Nagoriyuki|Kingambit, L50, M|100/100\n|-activate|p1b: Nagoriyuki|ability: Supreme Overlord\n|-start|p1b: Nagoriyuki|fallen3|[silent]\n|turn|6\n|\n|t:|1776182905\n|cant|p2a: Rotom|frz\n|move|p2b: Tyranitar|Stomping Tantrum|p1b: Nagoriyuki\n|-supereffective|p1b: Nagoriyuki|1\n|-damage|p1b: Nagoriyuki|64/100\n|move|p1b: Nagoriyuki|Iron Head|p2b: Tyranitar\n|-supereffective|p2b: Tyranitar|1\n|-damage|p2b: Tyranitar|0 fnt\n|faint|p2b: Tyranitar\n|\n|-weather|Sandstorm|[upkeep]\n|-damage|p2a: Rotom|15/100 frz|[from] Sandstorm\n|upkeep\n|turn|7\n|\n|t:|1776182925\n|-curestatus|p2a: Rotom|frz|[msg]\n|move|p2a: Rotom|Hydro Pump|p1b: Nagoriyuki|[miss]\n|-miss|p2a: Rotom|p1b: Nagoriyuki\n|move|p1b: Nagoriyuki|Kowtow Cleave|p2a: Rotom\n|-damage|p2a: Rotom|0 fnt\n|faint|p2a: Rotom\n|\n|win|Hadrian Blue\n",
  "uploadtime": 1776183015,
  "views": 12,
  "formatid": "gen9championsvgc2026regma",
  "rating": null,
  "private": 0,
  "password": null
}