{
  "id": "gen9championsvgc2026regma-2587226666",
  "format": "[Gen 9 Champions] VGC 2026 Reg M-A",
  "players": [
    "HD RedGvgc",
    "bobimus"
  ],
  "log": "|j|\u2606HD RedGvgc\n|j|\u2606bobimus\n|t:|1776511523\n|gametype|doubles\n|player|p1|HD RedGvgc|byron|1087\n|player|p2|bobimus|265|1095\n|gen|9\n|tier|[Gen 9 Champions] VGC 2026 Reg M-A\n|rated|\n|rule|Species Clause: Limit one of each Pok\u00e9mon\n|rule|Item Clause: Limit 1 of each item\n|clearpoke\n|poke|p1|Farigiraf, L50, F|\n|poke|p1|Golurk, L50, shiny|\n|poke|p1|Drampa, L50, M|\n|poke|p1|Mimikyu, L50, M|\n|poke|p1|Hatterene, L50, F|\n|poke|p1|Kingambit, L50, F|\n|poke|p2|Garchomp, L50, F|\n|poke|p2|Aegislash, L50, M|\n|poke|p2|Floette-Eternal, L50, F|\n|poke|p2|Volcarona, L50, F|\n|poke|p2|Sneasler, L50, M|\n|poke|p2|Whimsicott, L50, F|\n|teampreview|4\n|inactive|Battle timer is ON: inactive players will automatically lose when time's up. (requested by bobimus)\n|inactive|HD RedGvgc also wants the timer to be on.\nHD RedGvgc has agreed to open team sheets.\n|inactive|bobimus has 60 seconds left.\n|\n|t:|1776511562\n|teamsize|p1|4\n|teamsize|p2|4\n|start\n|switch|p1a: TheGOAT|Farigiraf, L50, F|100/100\n|switch|p1b: Pablo|Golurk, L50, shiny|100/100\n|switch|p2a: Sneasler|Sneasler, L50, M|100/100\n|switch|p2b: Volcarona|Volcarona, L50, F|100/100\n|turn|1\n|\n|t:|1776511581\n|detailschange|p1b: Pablo|Golurk-Mega, L50, shiny\n|-mega|p1b: Pablo|Golurk|Golurkite\n|move|p2a: Sneasler|Protect|p2a: Sneasler\n|-singleturn|p2a: Sneasler|Protect\n|move|p1b: Pablo|Protect|p1b: Pablo\n|-singleturn|p1b: Pablo|Protect\n|move|p2b: Volcarona|Quiver Dance|p2b: Volcarona\n|-boost|p2b: Volcarona|spa|1\n|-boost|p2b: Volcarona|spd|1\n|-boost|p2b: Volcarona|spe|1\n|move|p1a: TheGOAT|Psychic Noise|p2a: Sneasler\n|-activate|p2a: Sneasler|move: Protect\n|\n|upkeep\n|turn|2\n|\n|t:|1776511596\n|move|p1b: Pablo|Protect||[still]\n|-fail|p1b: Pablo\n|move|p2a: Sneasler|Close Combat|p1a: TheGOAT\n|-damage|p1a: TheGOAT|52/100\n|-unboost|p2a: Sneasler|def|1\n|-unboost|p2a: Sneasler|spd|1\n|move|p2b: Volcarona|Giga Drain|p1b: Pablo\n|-supereffective|p1b: Pablo|1\n|-damage|p1b: Pablo|28/100\n|move|p1a: TheGOAT|Trick Room|p1a: TheGOAT\n|-fieldstart|move: Trick Room|[of] p1a: TheGOAT\n|\n|upkeep\n|turn|3\n|\n|t:|1776511614\n|move|p1b: Pablo|Protect|p1b: Pablo\n|-singleturn|p1b: Pablo|Protect\n|move|p1a: TheGOAT|Protect|p1a: TheGOAT\n|-singleturn|p1a: TheGOAT|Protect\n|move|p2b: Volcarona|Heat Wave|p1a: TheGOAT|[spread] \n|-activate|p1a: TheGOAT|move: Protect\n|-activate|p1b: Pablo|move: Protect\n|move|p2a: Sneasler|Dire Claw|p1b: Pablo\n|-activate|p1b: Pablo|move: Protect\n|\n|upkeep\n|turn|4\n|\n|t:|1776511634\n|move|p2b: Volcarona|Protect|p2b: Volcarona\n|-singleturn|p2b: Volcarona|Protect\n|move|p2a: Sneasler|Protect|p2a: Sneasler\n|-singleturn|p2a: Sneasler|Protect\n|move|p1b: Pablo|Rock Slide|p2a: Sneasler|[spread] \n|-activate|p2a: Sneasler|move: Protect\n|-activate|p2b: Volcarona|move: Protect\n|move|p1a: TheGOAT|Psychic Noise|p2a: Sneasler\n|-activate|p2a: Sneasler|move: Protect\n|\n|upkeep\n|turn|5\n|\n|t:|1776511654\n|switch|p2a: Garchomp|Garchomp, L50, F|100/100\n|move|p1b: Pablo|Headlong Rush|p2b: Volcarona\n|-damage|p2b: Volcarona|0 fnt\n|-unboost|p1b: Pablo|def|1\n|-unboost|p1b: Pablo|spd|1\n|faint|p2b: Volcarona\n|move|p1a: TheGOAT|Psychic Noise|p2a: Garchomp\n|-damage|p2a: Garchomp|70/100\n|-start|p2a: Garchomp|move: Heal Block\n|\n|upkeep\n|\n|t:|1776511663\n|switch|p2b: Sneasler|Sneasler, L50, M|100/100\n|turn|6\n|\n|t:|1776511673\n|move|p1a: TheGOAT|Helping Hand|p1b: Pablo\n|-singleturn|p1b: Pablo|Helping Hand|[of] p1a: TheGOAT\n|move|p2b: Sneasler|Protect|p2b: Sneasler\n|-singleturn|p2b: Sneasler|Protect\n|move|p1b: Pablo|Headlong Rush|p2b: Sneasler\n|-supereffective|p2b: Sneasler|1\n|-ability|p1b: Pablo|Unseen Fist\n|-zbroken|p2b: Sneasler\n|-enditem|p2b: Sneasler|Focus Sash\n|-damage|p2b: Sneasler|1/100\n|-unboost|p1b: Pablo|def|1\n|-unboost|p1b: Pablo|spd|1\n|move|p2a: Garchomp|Earthquake|p1b: Pablo|[spread] p1a,p1b\n|-activate|p2b: Sneasler|move: Protect\n|-damage|p1a: TheGOAT|22/100\n|-damage|p1b: Pablo|0 fnt\n|-enditem|p1a: TheGOAT|Sitrus Berry|[eat]\n|-heal|p1a: TheGOAT|47/100|[from] item: Sitrus Berry\n|faint|p1b: Pablo\n|\n|-end|p2a: Garchomp|move: Heal Block\n|-fieldend|move: Trick Room\n|upkeep\n|c|\u2606HD RedGvgc|AYOOOOOOOO\n|\n|t:|1776511698\n|switch|p1b: PikaFake|Mimikyu, L50, M|100/100\n|turn|7\n|\n|t:|1776511705\n|move|p1a: TheGOAT|Protect|p1a: TheGOAT\n|-singleturn|p1a: TheGOAT|Protect\n|move|p2a: Garchomp|Earthquake|p1b: PikaFake|[spread] p2b,p1b\n|-activate|p1a: TheGOAT|move: Protect\n|-supereffective|p2b: Sneasler|1\n|-damage|p2b: Sneasler|0 fnt\n|-activate|p1b: PikaFake|ability: Disguise\n|-damage|p1b: PikaFake|100/100\n|detailschange|p1b: PikaFake|Mimikyu-Busted, L50, M\n|-damage|p1b: PikaFake|88/100|[from] pokemon: Mimikyu-Busted\n|faint|p2b: Sneasler\n|move|p1b: PikaFake|Trick Room|p1b: PikaFake\n|-fieldstart|move: Trick Room|[of] p1b: PikaFake\n|\n|upkeep\n|\n|t:|1776511713\n|switch|p2b: Floette|Floette-Eternal, L50, F|100/100\n|turn|8\n|\n|t:|1776511729\n|move|p1a: TheGOAT|Helping Hand|p1b: PikaFake\n|-singleturn|p1b: PikaFake|Helping Hand|[of] p1a: TheGOAT\n|move|p2b: Floette|Protect|p2b: Floette\n|-singleturn|p2b: Floette|Protect\n|move|p1b: PikaFake|Play Rough|p2a: Garchomp\n|-supereffective|p2a: Garchomp|1\n|-damage|p2a: Garchomp|0 fnt\n|-damage|p1b: PikaFake|75/100|[from] ability: Rough Skin|[of] p2a: Garchomp\n|faint|p2a: Garchomp\n|\n|upkeep\n|turn|9\n|\n|t:|1776511746\n|detailschange|p2b: Floette|Floette-Mega, L50, F\n|-mega|p2b: Floette|Floette|Floettite\n|-ability|p2b: Floette|Fairy Aura\n|move|p1b: PikaFake|Shadow Sneak|p2b: Floette\n|-damage|p2b: Floette|84/100\n|move|p1a: TheGOAT|Psychic Noise|p2b: Floette\n|-damage|p2b: Floette|63/100\n|-start|p2b: Floette|move: Heal Block\n|move|p2b: Floette|Calm Mind|p2b: Floette\n|-boost|p2b: Floette|spa|1\n|-boost|p2b: Floette|spd|1\n|\n|upkeep\n|turn|10\n|\n|t:|1776511761\n|move|p2b: Floette|Protect|p2b: Floette\n|-singleturn|p2b: Floette|Protect\n|move|p1b: PikaFake|Shadow Sneak|p2b: Floette\n|-activate|p2b: Floette|move: Protect\n|move|p1a: TheGOAT|Psychic Noise|p2b: Floette\n|-activate|p2b: Floette|move: Protect\n|\n|-end|p2b: Floette|move: Heal Block\n|upkeep\n|turn|11\n|\n|t:|1776511770\n|move|p1b: PikaFake|Shadow Sneak|p2b: Floette\n|-damage|p2b: Floette|48/100\n|move|p1a: TheGOAT|Psychic Noise|p2b: Floette\n|-damage|p2b: Floette|34/100\n|-start|p2b: Floette|move: Heal Block\n|move|p2b: Floette|Dazzling Gleam|p1b: PikaFake|[spread] p1a,p1b\n|-damage|p1a: TheGOAT|0 fnt\n|-damage|p1b: PikaFake|14/100\n|faint|p1a: TheGOAT\n|\n|-fieldend|move: Trick Room\n|upkeep\n|\n|t:|1776511779\n|switch|p1a: Sorci\u00e8reSal\u00e9e|Hatterene, L50, F|100/100\n|turn|12\n|\n|t:|1776511797\n|move|p1b: PikaFake|Shadow Sneak|p2b: Floette\n|-damage|p2b: Floette|18/100\n|move|p2b: Floette|Dazzling Gleam|p1a: Sorci\u00e8reSal\u00e9e|[spread] p1a,p1b\n|-damage|p1a: Sorci\u00e8reSal\u00e9e|12/100\n|-damage|p1b: PikaFake|0 fnt\n|faint|p1b: PikaFake\n|move|p1a: Sorci\u00e8reSal\u00e9e|Dazzling Gleam|p2b: Floette\n|-damage|p2b: Floette|0 fnt\n|faint|p2b: Floette\n|\n|win|HD RedGvgc\n|raw|HD RedGvgc's rating: 1087 &rarr; <strong>1115</strong><br />(+28 for winning)\n|raw|bobimus's rating: 1095 &rarr; <strong>1070</strong><br />(-25 for losing)\n|l|\u2606bobimus\n|player|p2|\n",
  "uploadtime": 1776511810,
  "views": 22,
  "formatid": "gen9championsvgc2026regma",
  "rating": 1070,
  "private": 0,
  "password": null
}