{
  "id": "gen9championsvgc2026regma-2584058582",
  "format": "[Gen 9 Champions] VGC 2026 Reg M-A",
  "players": [
    "Duracell 9-volt",
    "Techwiz_101"
  ],
  "log": "|j|\u2606Duracell 9-volt\n|j|\u2606Techwiz_101\n|t:|1776220995\n|gametype|doubles\n|player|p1|Duracell 9-volt|will|1040\n|player|p2|Techwiz_101|2|1092\n|gen|9\n|tier|[Gen 9 Champions] VGC 2026 Reg M-A\n|rated|\n|rule|Species Clause: Limit one of each Pok\u00e9mon\n|rule|Item Clause: Limit 1 of each item\n|clearpoke\n|poke|p1|Starmie, L50|\n|poke|p1|Kleavor, L50, F|\n|poke|p1|Appletun, L50, M|\n|poke|p1|Alcremie-Ruby-Swirl, L50, F|\n|poke|p1|Arcanine-Hisui, L50, F|\n|poke|p1|Gallade, L50, M|\n|poke|p2|Zoroark-Hisui, L50, F|\n|poke|p2|Gallade, L50, M|\n|poke|p2|Liepard, L50, M|\n|poke|p2|Emboar, L50, F|\n|poke|p2|Aggron, L50, F|\n|poke|p2|Weavile, L50, F|\n|teampreview|4\n|\n|t:|1776221045\n|teamsize|p1|4\n|teamsize|p2|4\n|start\n|switch|p1a: Kleavor|Kleavor, L50, F|100/100\n|switch|p1b: Gallade|Gallade, L50, M|100/100\n|switch|p2a: Aggron|Aggron, L50, F|100/100\n|switch|p2b: Gallade|Gallade, L50, M|100/100\n|turn|1\n|\n|t:|1776221073\n|move|p2b: Gallade|Sacred Sword|p1a: Kleavor\n|-damage|p1a: Kleavor|14/100\n|move|p1b: Gallade|Sacred Sword|p2a: Aggron\n|-immune|p2a: Aggron\n|move|p2a: Aggron|Bitter Malice|p1b: Gallade\n|-supereffective|p1b: Gallade|1\n|-damage|p1b: Gallade|11/100\n|-unboost|p1b: Gallade|atk|1\n|move|p1a: Kleavor|Stone Axe|p2b: Gallade\n|-resisted|p2b: Gallade|1\n|-damage|p2b: Gallade|69/100\n|-sidestart|p2: Techwiz_101|move: Stealth Rock\n|\n|upkeep\n|turn|2\n|\n|t:|1776221101\n|move|p2b: Gallade|Sacred Sword|p1b: Gallade\n|-resisted|p1b: Gallade|1\n|-damage|p1b: Gallade|0 fnt\n|faint|p1b: Gallade\n|move|p2a: Aggron|Icy Wind|p1a: Kleavor\n|-damage|p1a: Kleavor|0 fnt\n|faint|p1a: Kleavor\n|\n|upkeep\n|\n|t:|1776221109\n|switch|p1a: Starmie|Starmie, L50|100/100\n|switch|p1b: Alcremie|Alcremie-Ruby-Swirl, L50, F|100/100\n|turn|3\n|\n|t:|1776221128\n|switch|p2b: Liepard|Liepard, L50, M|100/100\n|-damage|p2b: Liepard|88/100|[from] Stealth Rock\n|detailschange|p1a: Starmie|Starmie-Mega, L50\n|-mega|p1a: Starmie|Starmie|Starminite\n|move|p2a: Aggron|Icy Wind|p1a: Starmie|[spread] p1a,p1b\n|-resisted|p1a: Starmie|1\n|-damage|p1a: Starmie|91/100\n|-damage|p1b: Alcremie|85/100\n|-unboost|p1a: Starmie|spe|1\n|-unboost|p1b: Alcremie|spe|1\n|move|p1a: Starmie|Dazzling Gleam|p2a: Aggron|[spread] p2a,p2b\n|-supereffective|p2b: Liepard|1\n|-damage|p2a: Aggron|54/100\n|-damage|p2b: Liepard|22/100\n|replace|p2a: Zoroark|Zoroark-Hisui, L50, F\n|-end|p2a: Zoroark|Illusion\n|move|p1b: Alcremie|Decorate|p1a: Starmie\n|-boost|p1a: Starmie|atk|2\n|-boost|p1a: Starmie|spa|2\n|\n|upkeep\n|turn|4\n|\n|t:|1776221162\n|move|p2b: Liepard|Taunt|p1b: Alcremie\n|-block|p1b: Alcremie|ability: Aroma Veil|[of] p1b: Alcremie\n|move|p2a: Zoroark|Bitter Malice|p1a: Starmie\n|-supereffective|p1a: Starmie|1\n|-damage|p1a: Starmie|0 fnt\n|faint|p1a: Starmie\n|move|p1b: Alcremie|Decorate|p1: Starmie|[notarget]\n|-fail|p1b: Alcremie\n|\n|upkeep\n|turn|5\n|c|\u2606Duracell 9-volt|gg\n|c|\u2606Techwiz_101|gg\n|\n|t:|1776221182\n|move|p2a: Zoroark|Bitter Malice|p1b: Alcremie\n|-damage|p1b: Alcremie|47/100\n|-unboost|p1b: Alcremie|atk|1\n|move|p2b: Liepard|Knock Off|p1b: Alcremie\n|-resisted|p1b: Alcremie|1\n|-damage|p1b: Alcremie|29/100\n|-enditem|p1b: Alcremie|Focus Sash|[from] move: Knock Off|[of] p2b: Liepard\n|move|p1b: Alcremie|Alluring Voice|p2b: Liepard\n|-supereffective|p2b: Liepard|1\n|-damage|p2b: Liepard|0 fnt\n|faint|p2b: Liepard\n|\n|upkeep\n|\n|t:|1776221193\n|switch|p2b: Aggron|Aggron, L50, F|100/100\n|-damage|p2b: Aggron|94/100|[from] Stealth Rock\n|turn|6\n|\n|t:|1776221206\n|detailschange|p2b: Aggron|Aggron-Mega, L50, F\n|-mega|p2b: Aggron|Aggron|Aggronite\n|move|p2a: Zoroark|Icy Wind|p1b: Alcremie\n|-damage|p1b: Alcremie|8/100\n|-unboost|p1b: Alcremie|spe|1\n|move|p2b: Aggron|Heavy Slam|p1b: Alcremie\n|-supereffective|p1b: Alcremie|1\n|-damage|p1b: Alcremie|0 fnt\n|faint|p1b: Alcremie\n|\n|win|Techwiz_101\n|raw|Duracell 9-volt's rating: 1040 &rarr; <strong>1026</strong><br />(-14 for losing)\n|raw|Techwiz_101's rating: 1092 &rarr; <strong>1114</strong><br />(+22 for winning)\n",
  "uploadtime": 1776221217,
  "views": 45,
  "formatid": "gen9championsvgc2026regma",
  "rating": 1026,
  "private": 0,
  "password": null
}