{
  "id": "gen9championsvgc2026regma-2582335440",
  "format": "[Gen 9 Champions] VGC 2026 Reg M-A",
  "players": [
    "thebossadry",
    "MadeOfMint13"
  ],
  "log": "|j|\u2606thebossadry\n|j|\u2606MadeOfMint13\n|t:|1776084339\n|gametype|doubles\n|player|p1|thebossadry|101|1095\n|player|p2|MadeOfMint13|brycen|1000\n|gen|9\n|tier|[Gen 9 Champions] VGC 2026 Reg M-A\n|rated|\n|rule|Species Clause: Limit one of each Pok\u00e9mon\n|rule|Item Clause: Limit 1 of each item\n|clearpoke\n|poke|p1|Incineroar, L50, F|\n|poke|p1|Gengar, L50, F|\n|poke|p1|Floette-Eternal, L50, F|\n|poke|p1|Politoed, L50, M|\n|poke|p1|Whimsicott, L50, M|\n|poke|p1|Kommo-o, L50, F|\n|poke|p2|Aegislash, L50, M|\n|poke|p2|Gengar, L50, M|\n|poke|p2|Incineroar, L50, M|\n|poke|p2|Absol, L50, F|\n|poke|p2|Rotom-Wash, L50|\n|poke|p2|Sinistcha, L50|\n|teampreview|4\n|inactive|Battle timer is ON: inactive players will automatically lose when time's up. (requested by thebossadry)\n|\n|t:|1776084363\n|teamsize|p1|4\n|teamsize|p2|4\n|start\n|switch|p1a: Floette|Floette-Eternal, L50, F|100/100\n|switch|p1b: Whimsicott|Whimsicott, L50, M|100/100\n|switch|p2a: Gengar|Gengar, L50, M, shiny|100/100\n|switch|p2b: Incineroar|Incineroar, L50, M|100/100\n|-ability|p2b: Incineroar|Intimidate|boost\n|-unboost|p1a: Floette|atk|1\n|-block|p1b: Whimsicott|ability: Flower Veil|[of] p1a: Floette\n|turn|1\n|c|\u2606MadeOfMint13|for wolfeyyyyyy\n|inactive|MadeOfMint13 has 30 seconds left.\n|\n|t:|1776084388\n|detailschange|p2a: Gengar|Gengar-Mega, L50, M, shiny\n|-mega|p2a: Gengar|Gengar|Gengarite\n|move|p1b: Whimsicott|Protect|p1b: Whimsicott\n|-singleturn|p1b: Whimsicott|Protect\n|move|p1a: Floette|Protect|p1a: Floette\n|-singleturn|p1a: Floette|Protect\n|move|p2b: Incineroar|Fake Out|p1a: Floette\n|-activate|p1a: Floette|move: Protect\n|move|p2a: Gengar|Perish Song|p2a: Gengar\n|-start|p1a: Floette|perish3|[silent]\n|-start|p1b: Whimsicott|perish3|[silent]\n|-start|p2a: Gengar|perish3|[silent]\n|-start|p2b: Incineroar|perish3|[silent]\n|-fieldactivate|move: Perish Song\n|\n|-start|p1b: Whimsicott|perish3\n|-start|p2a: Gengar|perish3\n|-start|p1a: Floette|perish3\n|-start|p2b: Incineroar|perish3\n|upkeep\n|turn|2\n|inactive|thebossadry has 30 seconds left.\n|inactive|MadeOfMint13 has 30 seconds left.\n|\n|t:|1776084422\n|detailschange|p1a: Floette|Floette-Mega, L50, F\n|-mega|p1a: Floette|Floette|Floettite\n|-ability|p1a: Floette|Fairy Aura\n|move|p1b: Whimsicott|Tailwind|p1b: Whimsicott\n|-sidestart|p1: thebossadry|move: Tailwind\n|move|p1a: Floette|Dazzling Gleam|p2b: Incineroar|[spread] p2a,p2b\n|-resisted|p2a: Gengar|1\n|-damage|p2a: Gengar|77/100\n|-damage|p2b: Incineroar|63/100\n|move|p2a: Gengar|Shadow Ball|p1a: Floette\n|-damage|p1a: Floette|68/100\n|move|p2b: Incineroar|Flare Blitz|p1b: Whimsicott\n|-supereffective|p1b: Whimsicott|1\n|-enditem|p1b: Whimsicott|Focus Sash\n|-damage|p1b: Whimsicott|1/100\n|-damage|p2b: Incineroar|38/100|[from] Recoil\n|-enditem|p2b: Incineroar|Sitrus Berry|[eat]\n|-heal|p2b: Incineroar|63/100|[from] item: Sitrus Berry\n|\n|-start|p1b: Whimsicott|perish2\n|-start|p1a: Floette|perish2\n|-start|p2a: Gengar|perish2\n|-start|p2b: Incineroar|perish2\n|upkeep\n|turn|3\n|inactive|thebossadry has 30 seconds left.\n|inactive|thebossadry has 20 seconds left.\n|\n|t:|1776084457\n|switch|p2b: Sinistcha|Sinistcha, L50|100/100\n|-heal|p2a: Gengar|100/100|[from] ability: Hospitality|[of] p2b: Sinistcha\n|move|p2a: Gengar|Protect|p2a: Gengar\n|-singleturn|p2a: Gengar|Protect\n|move|p1b: Whimsicott|Moonblast|p2a: Gengar\n|-activate|p2a: Gengar|move: Protect\n|move|p1a: Floette|Moonblast|p2a: Gengar\n|-activate|p2a: Gengar|move: Protect\n|\n|-start|p1b: Whimsicott|perish1\n|-start|p1a: Floette|perish1\n|-start|p2a: Gengar|perish1\n|upkeep\n|turn|4\n|\n|t:|1776084481\n|switch|p2a: Absol|Absol, L50, F, shiny|100/100\n|move|p1b: Whimsicott|Moonblast|p2b: Sinistcha\n|-damage|p2b: Sinistcha|49/100\n|move|p1a: Floette|Dazzling Gleam|p2b: Sinistcha|[spread] p2a,p2b\n|-supereffective|p2a: Absol|1\n|-damage|p2a: Absol|0 fnt\n|-damage|p2b: Sinistcha|6/100\n|faint|p2a: Absol\n|move|p2b: Sinistcha|Matcha Gotcha|p1a: Floette|[spread] p1a,p1b\n|-crit|p1a: Floette\n|-resisted|p1b: Whimsicott|1\n|-damage|p1a: Floette|44/100\n|-heal|p2b: Sinistcha|20/100|[from] drain|[of] p1a: Floette\n|-damage|p1b: Whimsicott|0 fnt\n|-heal|p2b: Sinistcha|21/100|[from] drain|[of] p1b: Whimsicott\n|faint|p1b: Whimsicott\n|\n|-start|p1a: Floette|perish0\n|faint|p1a: Floette\n|upkeep\n|\n|t:|1776084501\n|switch|p1b: Gengar|Gengar, L50, F|100/100\n|switch|p1a: Kommo-o|Kommo-o, L50, F|100/100\n|switch|p2a: Gengar|Gengar-Mega, L50, M, shiny|100/100\n|turn|5\n|-activate|p1a: Kommo-o|item: Quick Claw\n|\n|t:|1776084514\n|move|p2b: Sinistcha|Rage Powder|p2b: Sinistcha\n|-singleturn|p2b: Sinistcha|move: Rage Powder\n|move|p1a: Kommo-o|Clanging Scales|p2a: Gengar|[spread] p2a,p2b\n|-damage|p2a: Gengar|57/100\n|-damage|p2b: Sinistcha|0 fnt\n|faint|p2b: Sinistcha\n|-unboost|p1a: Kommo-o|def|1\n|move|p1b: Gengar|Shadow Ball|p2a: Gengar\n|-supereffective|p2a: Gengar|1\n|-damage|p2a: Gengar|0 fnt\n|faint|p2a: Gengar\n|\n|-sideend|p1: thebossadry|move: Tailwind\n|upkeep\n|-message|MadeOfMint13 forfeited.\n|\n|win|thebossadry\n|raw|thebossadry's rating: 1095 &rarr; <strong>1114</strong><br />(+19 for winning)\n|raw|MadeOfMint13's rating: 1000 &rarr; <strong>1000</strong><br />(+0 for losing)\n|l|\u2606MadeOfMint13\n|player|p2|\n|c|\u2606thebossadry|Upsi\n|c|\u2606thebossadry|Easy\n",
  "uploadtime": 1776084549,
  "views": 11,
  "formatid": "gen9championsvgc2026regma",
  "rating": 1000,
  "private": 0,
  "password": null
}