{
  "id": "gen9championsvgc2026regma-2588522109",
  "format": "[Gen 9 Champions] VGC 2026 Reg M-A",
  "players": [
    "TheKingofGlers",
    "tcmo"
  ],
  "log": "|j|\u2606TheKingofGlers\n|j|\u203dtcmo\n|t:|1776641296\n|gametype|doubles\n|player|p1|TheKingofGlers|clair|1129\n|player|p2|tcmo|hugh|1142\n|gen|9\n|tier|[Gen 9 Champions] VGC 2026 Reg M-A\n|rated|\n|rule|Species Clause: Limit one of each Pok\u00e9mon\n|rule|Item Clause: Limit 1 of each item\n|clearpoke\n|poke|p1|Aggron, L50, F|\n|poke|p1|Gyarados, L50, F|\n|poke|p1|Tinkaton, L50, F|\n|poke|p1|Garchomp, L50, M|\n|poke|p1|Glimmora, L50, M|\n|poke|p1|Sinistcha, L50|\n|poke|p2|Tyranitar, L50, F|\n|poke|p2|Excadrill, L50, M|\n|poke|p2|Incineroar, L50, F|\n|poke|p2|Sinistcha, L50|\n|poke|p2|Rotom-Wash, L50|\n|poke|p2|Kommo-o, L50, F|\n|teampreview|4\n|inactive|Battle timer is ON: inactive players will automatically lose when time's up. (requested by TheKingofGlers)\n|\n|t:|1776641318\n|teamsize|p1|4\n|teamsize|p2|4\n|start\n|switch|p1a: Aggron|Aggron, L50, F|100/100\n|switch|p1b: Tinkaton|Tinkaton, L50, F|100/100\n|switch|p2a: Tyranitar|Tyranitar, L50, F|100/100\n|switch|p2b: Excadrill|Excadrill, L50, M|100/100\n|-ability|p1b: Tinkaton|Mold Breaker\n|-weather|Sandstorm|[from] ability: Sand Stream|[of] p2a: Tyranitar\n|turn|1\n|\n|t:|1776641335\n|detailschange|p1a: Aggron|Aggron-Mega, L50, F\n|-mega|p1a: Aggron|Aggron|Aggronite\n|move|p1b: Tinkaton|Fake Out|p2b: Excadrill\n|-resisted|p2b: Excadrill|1\n|-damage|p2b: Excadrill|95/100\n|cant|p2b: Excadrill|flinch\n|move|p2a: Tyranitar|Rock Slide|p1b: Tinkaton|[spread] p1a,p1b\n|-resisted|p1a: Aggron|1\n|-resisted|p1b: Tinkaton|1\n|-damage|p1a: Aggron|93/100\n|-damage|p1b: Tinkaton|80/100\n|move|p1a: Aggron|Iron Defense|p1a: Aggron\n|-boost|p1a: Aggron|def|2\n|\n|-weather|Sandstorm|[upkeep]\n|upkeep\n|turn|2\n|\n|t:|1776641354\n|move|p2b: Excadrill|High Horsepower|p1a: Aggron\n|-supereffective|p1a: Aggron|1\n|-damage|p1a: Aggron|68/100\n|move|p1b: Tinkaton|Gigaton Hammer|p2a: Tyranitar\n|-supereffective|p2a: Tyranitar|1\n|-damage|p2a: Tyranitar|14/100\n|move|p2a: Tyranitar|Rock Slide|p1b: Tinkaton|[spread] p1a,p1b\n|-resisted|p1a: Aggron|1\n|-resisted|p1b: Tinkaton|1\n|-crit|p1b: Tinkaton\n|-damage|p1a: Aggron|64/100\n|-damage|p1b: Tinkaton|51/100\n|move|p1a: Aggron|Body Press|p2b: Excadrill\n|-supereffective|p2b: Excadrill|1\n|-damage|p2b: Excadrill|0 fnt\n|faint|p2b: Excadrill\n|\n|-weather|Sandstorm|[upkeep]\n|upkeep\n|\n|t:|1776641366\n|switch|p2b: Rotom|Rotom-Wash, L50|100/100\n|turn|3\n|\n|t:|1776641372\n|switch|p2a: Incineroar|Incineroar, L50, F|100/100\n|-ability|p2a: Incineroar|Intimidate|boost\n|-unboost|p1a: Aggron|atk|1\n|-unboost|p1b: Tinkaton|atk|1\n|move|p1a: Aggron|Protect|p1a: Aggron\n|-singleturn|p1a: Aggron|Protect\n|move|p1b: Tinkaton|Play Rough|p2a: Incineroar\n|-damage|p2a: Incineroar|84/100\n|move|p2b: Rotom|Will-O-Wisp|p1a: Aggron\n|-activate|p1a: Aggron|move: Protect\n|\n|-weather|Sandstorm|[upkeep]\n|-damage|p2b: Rotom|95/100|[from] Sandstorm\n|-damage|p2a: Incineroar|78/100|[from] Sandstorm\n|-heal|p2b: Rotom|100/100|[from] item: Leftovers\n|upkeep\n|turn|4\n|inactive|tcmo has 30 seconds left.\n|inactive|tcmo has 20 seconds left.\n|inactive|tcmo has 15 seconds left.\n|\n|t:|1776641414\n|switch|p1a: Gyarados|Gyarados, L50, F|100/100\n|-ability|p1a: Gyarados|Intimidate|boost\n|-unboost|p2a: Incineroar|atk|1\n|-unboost|p2b: Rotom|atk|1\n|move|p1b: Tinkaton|Play Rough|p2a: Incineroar\n|-damage|p2a: Incineroar|61/100\n|move|p2b: Rotom|Will-O-Wisp|p1a: Gyarados\n|-status|p1a: Gyarados|brn\n|move|p2a: Incineroar|Flare Blitz|p1b: Tinkaton\n|-supereffective|p1b: Tinkaton|1\n|-damage|p1b: Tinkaton|0 fnt\n|faint|p1b: Tinkaton\n|-damage|p2a: Incineroar|46/100|[from] Recoil\n|\n|-weather|Sandstorm|[upkeep]\n|-damage|p2b: Rotom|95/100|[from] Sandstorm\n|-damage|p1a: Gyarados|95/100 brn|[from] Sandstorm\n|-damage|p2a: Incineroar|40/100|[from] Sandstorm\n|-heal|p2b: Rotom|100/100|[from] item: Leftovers\n|-heal|p1a: Gyarados|100/100 brn|[from] item: Leftovers\n|-damage|p1a: Gyarados|95/100 brn|[from] brn\n|upkeep\n|\n|t:|1776641423\n|switch|p1b: Garchomp|Garchomp, L50, M|100/100\n|turn|5\n|\n|t:|1776641435\n|move|p1b: Garchomp|Rock Slide|p2b: Rotom|[spread] p2a,p2b\n|-supereffective|p2a: Incineroar|1\n|-damage|p2a: Incineroar|0 fnt\n|-damage|p2b: Rotom|79/100\n|faint|p2a: Incineroar\n|cant|p2b: Rotom|flinch\n|move|p1a: Gyarados|Taunt|p2b: Rotom\n|-start|p2b: Rotom|move: Taunt\n|\n|-weather|none\n|-heal|p2b: Rotom|85/100|[from] item: Leftovers\n|-heal|p1a: Gyarados|100/100 brn|[from] item: Leftovers\n|-damage|p1a: Gyarados|95/100 brn|[from] brn\n|upkeep\n|\n|t:|1776641444\n|switch|p2a: Tyranitar|Tyranitar, L50, F|14/100\n|-weather|Sandstorm|[from] ability: Sand Stream|[of] p2a: Tyranitar\n|turn|6\n|\n|t:|1776641451\n|move|p1b: Garchomp|Rock Slide|p2a: Tyranitar|[spread] p2a,p2b\n|-damage|p2a: Tyranitar|0 fnt\n|-damage|p2b: Rotom|63/100\n|faint|p2a: Tyranitar\n|move|p2b: Rotom|Volt Switch|p1a: Gyarados\n|-supereffective|p1a: Gyarados|2\n|-damage|p1a: Gyarados|0 fnt\n|faint|p1a: Gyarados\n|\n|-weather|Sandstorm|[upkeep]\n|-damage|p2b: Rotom|57/100|[from] Sandstorm\n|-heal|p2b: Rotom|63/100|[from] item: Leftovers\n|upkeep\n|\n|t:|1776641458\n|switch|p1a: Aggron|Aggron-Mega, L50, F|64/100\n|turn|7\n|inactive|tcmo has 30 seconds left.\n|inactive|tcmo has 20 seconds left.\n|inactive|tcmo has 15 seconds left.\n|inactive|tcmo has 10 seconds left.\n|inactive|tcmo has 5 seconds left.\n|\n|t:|1776641513\n|move|p1b: Garchomp|Rock Slide|p2b: Rotom\n|-damage|p2b: Rotom|35/100\n|move|p2b: Rotom|Volt Switch|p1a: Aggron\n|-damage|p1a: Aggron|34/100\n|move|p1a: Aggron|Body Press|p2b: Rotom\n|-damage|p2b: Rotom|0 fnt\n|faint|p2b: Rotom\n|\n|win|TheKingofGlers\n|raw|TheKingofGlers's rating: 1129 &rarr; <strong>1155</strong><br />(+26 for winning)\n|raw|tcmo's rating: 1142 &rarr; <strong>1116</strong><br />(-26 for losing)\n",
  "uploadtime": 1776641552,
  "views": 8,
  "formatid": "gen9championsvgc2026regma",
  "rating": 1116,
  "private": 0,
  "password": null
}