{
  "id": "gen9championsvgc2026regma-2582269529",
  "format": "[Gen 9 Champions] VGC 2026 Reg M-A",
  "players": [
    "jewnko",
    "Arch1bold"
  ],
  "log": "|j|\u2606jewnko\n|j|\u2606Arch1bold\n|t:|1776078198\n|gametype|doubles\n|player|p1|jewnko|shauntal|1035\n|player|p2|Arch1bold|clerk|1000\n|gen|9\n|tier|[Gen 9 Champions] VGC 2026 Reg M-A\n|rated|\n|rule|Species Clause: Limit one of each Pok\u00e9mon\n|rule|Item Clause: Limit 1 of each item\n|clearpoke\n|poke|p1|Meganium, L50, M|\n|poke|p1|Pelipper, L50, M|\n|poke|p1|Toxicroak, L50, F|\n|poke|p1|Slowbro, L50, F|\n|poke|p1|Archaludon, L50, F|\n|poke|p1|Rotom-Wash, L50|\n|poke|p2|Charizard, L50, M|\n|poke|p2|Incineroar, L50, F|\n|poke|p2|Floette-Eternal, L50, F|\n|poke|p2|Whimsicott, L50, M|\n|poke|p2|Sinistcha-Masterpiece, L50|\n|poke|p2|Venusaur, L50, F|\n|teampreview|4\n|\n|t:|1776078236\n|teamsize|p1|4\n|teamsize|p2|4\n|start\n|switch|p1a: Rotom|Rotom-Wash, L50|100/100\n|switch|p1b: Slowbro|Slowbro, L50, F|100/100\n|switch|p2a: WolfyVGC|Incineroar, L50, F|100/100\n|switch|p2b: Sheeple|Whimsicott, L50, M, shiny|100/100\n|-ability|p2a: WolfyVGC|Intimidate|boost\n|-unboost|p1a: Rotom|atk|1\n|-unboost|p1b: Slowbro|atk|1\n|turn|1\n|inactive|Battle timer is ON: inactive players will automatically lose when time's up. (requested by jewnko)\n|inactive|Arch1bold has 60 seconds left.\n|\n|t:|1776078273\n|move|p2a: WolfyVGC|Fake Out|p1a: Rotom\n|-damage|p1a: Rotom|86/100\n|move|p2b: Sheeple|Tailwind|p2b: Sheeple\n|-sidestart|p2: Arch1bold|move: Tailwind\n|cant|p1a: Rotom|flinch\n|move|p1b: Slowbro|Flamethrower|p2b: Sheeple\n|-supereffective|p2b: Sheeple|1\n|-damage|p2b: Sheeple|35/100\n|\n|upkeep\n|turn|2\n|inactive|Arch1bold has 30 seconds left.\n|inactive|Arch1bold has 20 seconds left.\n|\n|t:|1776078309\n|move|p2b: Sheeple|Moonblast|p1b: Slowbro\n|-crit|p1b: Slowbro\n|-damage|p1b: Slowbro|53/100\n|move|p2a: WolfyVGC|Parting Shot|p1b: Slowbro\n|-unboost|p1b: Slowbro|atk|1\n|-unboost|p1b: Slowbro|spa|1\n|\n|t:|1776078323\n|switch|p2a: Ultimate Lifeform|Sinistcha-Masterpiece, L50, shiny|100/100|[from] Parting Shot\n|-heal|p2b: Sheeple|59/100|[from] ability: Hospitality|[of] p2a: Ultimate Lifeform\n|move|p1a: Rotom|Thunder Wave|p2a: Ultimate Lifeform\n|-status|p2a: Ultimate Lifeform|par\n|move|p1b: Slowbro|Flamethrower|p2b: Sheeple\n|-supereffective|p2b: Sheeple|1\n|-damage|p2b: Sheeple|17/100\n|\n|-heal|p1b: Slowbro|59/100|[from] item: Leftovers\n|upkeep\n|turn|3\n|inactive|jewnko has 30 seconds left.\n|inactive|Arch1bold has 30 seconds left.\n|inactive|jewnko has 20 seconds left.\n|inactive|jewnko has 15 seconds left.\n|inactive|jewnko has 10 seconds left.\n|inactive|jewnko has 5 seconds left.\n|\n|t:|1776078375\n|switch|p1b: Meganium|Meganium, L50, M|100/100\n|move|p2b: Sheeple|Moonblast|p1a: Rotom\n|-damage|p1a: Rotom|55/100\n|move|p1a: Rotom|Volt Switch|p2a: Ultimate Lifeform\n|-resisted|p2a: Ultimate Lifeform|1\n|-damage|p2a: Ultimate Lifeform|84/100 par\n|\n|t:|1776078382\n|switch|p1a: Pelipper|Pelipper, L50, M|100/100|[from] Volt Switch\n|-weather|RainDance|[from] ability: Drizzle|[of] p1a: Pelipper\n|move|p2a: Ultimate Lifeform|Matcha Gotcha|p1a: Pelipper|[spread] p1a,p1b\n|-resisted|p1b: Meganium|1\n|-damage|p1a: Pelipper|52/100\n|-heal|p2a: Ultimate Lifeform|100/100 par|[from] drain|[of] p1a: Pelipper\n|-damage|p1b: Meganium|86/100\n|\n|-weather|RainDance|[upkeep]\n|upkeep\n|turn|4\n|inactive|Arch1bold has 30 seconds left.\n|inactive|Arch1bold has 20 seconds left.\n|\n|t:|1776078418\n|detailschange|p1b: Meganium|Meganium-Mega, L50, M\n|-mega|p1b: Meganium|Meganium|Meganiumite\n|move|p1a: Pelipper|Protect|p1a: Pelipper\n|-singleturn|p1a: Pelipper|Protect\n|move|p2b: Sheeple|Moonblast|p1a: Pelipper\n|-activate|p1a: Pelipper|move: Protect\n|move|p1b: Meganium|Weather Ball|p2a: Ultimate Lifeform\n|-supereffective|p2a: Ultimate Lifeform|1\n|-damage|p2a: Ultimate Lifeform|0 fnt\n|faint|p2a: Ultimate Lifeform\n|\n|-weather|RainDance|[upkeep]\n|-sideend|p2: Arch1bold|move: Tailwind\n|upkeep\n|\n|t:|1776078429\n|switch|p2a: Flowey|Floette-Eternal, L50, F|100/100\n|turn|5\n|\n|t:|1776078446\n|detailschange|p2a: Flowey|Floette-Mega, L50, F\n|-mega|p2a: Flowey|Floette|Floettite\n|-ability|p2a: Flowey|Fairy Aura\n|move|p2b: Sheeple|Helping Hand|p2a: Flowey\n|-singleturn|p2a: Flowey|Helping Hand|[of] p2b: Sheeple\n|move|p1b: Meganium|Solar Beam||[still]\n|-prepare|p1b: Meganium|Solar Beam\n|-activate|p1b: Meganium|ability: Mega Sol\n|-anim|p1b: Meganium|Solar Beam|p2a: Flowey\n|-damage|p2a: Flowey|54/100\n|move|p1a: Pelipper|Tailwind|p1a: Pelipper\n|-sidestart|p1: jewnko|move: Tailwind\n|move|p2a: Flowey|Psychic|p1b: Meganium\n|-damage|p1b: Meganium|23/100\n|\n|-weather|RainDance|[upkeep]\n|upkeep\n|turn|6\n|\n|t:|1776078469\n|move|p2b: Sheeple|Encore|p1a: Pelipper\n|-start|p1a: Pelipper|Encore\n|move|p1b: Meganium|Synthesis|p1b: Meganium\n|-heal|p1b: Meganium|90/100\n|move|p1a: Pelipper|Tailwind||[still]\n|-fail|p1a: Pelipper\n|move|p2a: Flowey|Psychic|p1b: Meganium\n|-damage|p1b: Meganium|51/100\n|\n|-weather|RainDance|[upkeep]\n|upkeep\n|turn|7\n|\n|t:|1776078490\n|switch|p1b: Rotom|Rotom-Wash, L50|55/100\n|switch|p1a: Slowbro|Slowbro, L50, F|92/100\n|move|p2b: Sheeple|Moonblast|p1a: Slowbro\n|-crit|p1a: Slowbro\n|-damage|p1a: Slowbro|30/100\n|move|p2a: Flowey|Wish|p2a: Flowey\n|\n|-weather|none\n|-heal|p1a: Slowbro|35/100|[from] item: Leftovers\n|upkeep\n|turn|8\n|inactive|Arch1bold has 30 seconds left.\n|\n|t:|1776078522\n|move|p2b: Sheeple|Helping Hand|p2a: Flowey\n|-singleturn|p2a: Flowey|Helping Hand|[of] p2b: Sheeple\n|move|p1b: Rotom|Volt Switch|p2a: Flowey\n|-damage|p2a: Flowey|30/100\n|\n|t:|1776078537\n|switch|p1b: Pelipper|Pelipper, L50, M|52/100|[from] Volt Switch\n|-weather|RainDance|[from] ability: Drizzle|[of] p1b: Pelipper\n|move|p2a: Flowey|Dazzling Gleam|p1a: Slowbro|[spread] p1a,p1b\n|-damage|p1a: Slowbro|0 fnt\n|-damage|p1b: Pelipper|0 fnt\n|faint|p1a: Slowbro\n|faint|p1b: Pelipper\n|\n|-weather|RainDance|[upkeep]\n|-heal|p2a: Flowey|80/100|[from] move: Wish|[wisher] Flowey\n|-sideend|p1: jewnko|move: Tailwind\n|upkeep\n|\n|t:|1776078548\n|switch|p1b: Meganium|Meganium-Mega, L50, M|51/100\n|switch|p1a: Rotom|Rotom-Wash, L50|55/100\n|turn|9\n|\n|t:|1776078563\n|move|p2b: Sheeple|Helping Hand|p2a: Flowey\n|-singleturn|p2a: Flowey|Helping Hand|[of] p2b: Sheeple\n|move|p1b: Meganium|Dazzling Gleam|p2b: Sheeple|[spread] p2a,p2b\n|-crit|p2b: Sheeple\n|-damage|p2a: Flowey|46/100\n|-damage|p2b: Sheeple|0 fnt\n|faint|p2b: Sheeple\n|move|p2a: Flowey|Dazzling Gleam|p1a: Rotom|[spread] p1a,p1b\n|-damage|p1a: Rotom|0 fnt\n|-damage|p1b: Meganium|0 fnt\n|faint|p1a: Rotom\n|faint|p1b: Meganium\n|\n|win|Arch1bold\n|raw|jewnko's rating: 1035 &rarr; <strong>1018</strong><br />(-17 for losing)\n|raw|Arch1bold's rating: 1000 &rarr; <strong>1044</strong><br />(+44 for winning)\n|l|\u2606jewnko\n|player|p1|\n",
  "uploadtime": 1776078577,
  "views": 11,
  "formatid": "gen9championsvgc2026regma",
  "rating": 1018,
  "private": 0,
  "password": null
}