{
  "id": "gen9championsvgc2026regma-2586765148",
  "format": "[Gen 9 Champions] VGC 2026 Reg M-A",
  "players": [
    "areestoo",
    "gdog6969"
  ],
  "log": "|j|\u2606areestoo\n|j|\u2606gdog6969\n|t:|1776458131\n|gametype|doubles\n|player|p1|areestoo|101|1208\n|player|p2|gdog6969|266|1228\n|gen|9\n|tier|[Gen 9 Champions] VGC 2026 Reg M-A\n|rated|\n|rule|Species Clause: Limit one of each Pok\u00e9mon\n|rule|Item Clause: Limit 1 of each item\n|clearpoke\n|poke|p1|Incineroar, L50, F|\n|poke|p1|Farigiraf, L50, F|\n|poke|p1|Torkoal, L50, M|\n|poke|p1|Scovillain, L50, M|\n|poke|p1|Hatterene, L50, F|\n|poke|p1|Crabominable, L50, M|\n|poke|p2|Starmie, L50|\n|poke|p2|Aerodactyl, L50, M|\n|poke|p2|Orthworm, L50, F|\n|poke|p2|Garchomp, L50, F|\n|poke|p2|Tyranitar, L50, F|\n|poke|p2|Excadrill, L50, M|\n|teampreview|4\n|inactive|Battle timer is ON: inactive players will automatically lose when time's up. (requested by areestoo)\n|inactive|gdog6969 has 60 seconds left.\n|\n|t:|1776458163\n|teamsize|p1|4\n|teamsize|p2|4\n|start\n|switch|p1a: Scovillain|Scovillain, L50, M|100/100\n|switch|p1b: Farigiraf|Farigiraf, L50, F|100/100\n|switch|p2a: Starmie|Starmie, L50|100/100\n|switch|p2b: Orthworm|Orthworm, L50, F|100/100\n|turn|1\n|\n|t:|1776458175\n|detailschange|p2a: Starmie|Starmie-Mega, L50\n|-mega|p2a: Starmie|Starmie|Starminite\n|detailschange|p1a: Scovillain|Scovillain-Mega, L50, M\n|-mega|p1a: Scovillain|Scovillain|Scovillainite\n|move|p1a: Scovillain|Rage Powder|p1a: Scovillain\n|-singleturn|p1a: Scovillain|move: Rage Powder\n|move|p2b: Orthworm|Shed Tail|p2b: Orthworm\n|-start|p2b: Orthworm|Substitute|[from] move: Shed Tail\n|-damage|p2b: Orthworm|50/100\n|-enditem|p2b: Orthworm|Sitrus Berry|[eat]\n|-heal|p2b: Orthworm|75/100|[from] item: Sitrus Berry\n|\n|t:|1776458183\n|switch|p2b: Tyranitar|Tyranitar, L50, F|100/100|[from] Shed Tail\n|-weather|Sandstorm|[from] ability: Sand Stream|[of] p2b: Tyranitar\n|move|p2a: Starmie|Trick Room|p2a: Starmie\n|-fieldstart|move: Trick Room|[of] p2a: Starmie\n|move|p1b: Farigiraf|Trick Room|p1b: Farigiraf\n|-fieldend|move: Trick Room\n|\n|-weather|Sandstorm|[upkeep]\n|-damage|p2a: Starmie|95/100|[from] Sandstorm\n|-damage|p1a: Scovillain|95/100|[from] Sandstorm\n|-damage|p1b: Farigiraf|94/100|[from] Sandstorm\n|upkeep\n|turn|2\n|\n|t:|1776458200\n|move|p1a: Scovillain|Rage Powder|p1a: Scovillain\n|-singleturn|p1a: Scovillain|move: Rage Powder\n|move|p2b: Tyranitar|Dragon Dance|p2b: Tyranitar\n|-boost|p2b: Tyranitar|atk|1\n|-boost|p2b: Tyranitar|spe|1\n|move|p2a: Starmie|Trick Room|p2a: Starmie\n|-fieldstart|move: Trick Room|[of] p2a: Starmie\n|move|p1b: Farigiraf|Trick Room|p1b: Farigiraf\n|-fieldend|move: Trick Room\n|\n|-weather|Sandstorm|[upkeep]\n|-damage|p2a: Starmie|89/100|[from] Sandstorm\n|-damage|p1a: Scovillain|89/100|[from] Sandstorm\n|-damage|p1b: Farigiraf|88/100|[from] Sandstorm\n|upkeep\n|turn|3\n|\n|t:|1776458224\n|move|p1a: Scovillain|Rage Powder|p1a: Scovillain\n|-singleturn|p1a: Scovillain|move: Rage Powder\n|move|p2a: Starmie|Liquidation|p1a: Scovillain\n|-damage|p1a: Scovillain|0 fnt\n|-status|p2a: Starmie|brn|[from] ability: Spicy Spray|[of] p1a: Scovillain\n|faint|p1a: Scovillain\n|move|p2b: Tyranitar|Rock Slide|p1b: Farigiraf\n|-damage|p1b: Farigiraf|30/100\n|move|p1b: Farigiraf|Trick Room|p1b: Farigiraf\n|-fieldstart|move: Trick Room|[of] p1b: Farigiraf\n|\n|-weather|Sandstorm|[upkeep]\n|-damage|p1b: Farigiraf|24/100|[from] Sandstorm\n|-damage|p2a: Starmie|83/100 brn|[from] Sandstorm\n|-damage|p2a: Starmie|77/100 brn|[from] brn\n|upkeep\n|\n|t:|1776458239\n|switch|p1a: Torkoal|Torkoal, L50, M|100/100\n|-weather|SunnyDay|[from] ability: Drought|[of] p1a: Torkoal\n|turn|4\n|\n|t:|1776458247\n|move|p1a: Torkoal|Eruption|p2a: Starmie|[spread] p2a,p2b\n|-resisted|p2b: Tyranitar|1\n|-end|p2b: Tyranitar|Substitute\n|-resisted|p2a: Starmie|1\n|-damage|p2a: Starmie|17/100 brn\n|move|p1b: Farigiraf|Hyper Voice|p2a: Starmie|[spread] p2a,p2b\n|-resisted|p2b: Tyranitar|1\n|-damage|p2a: Starmie|0 fnt\n|-damage|p2b: Tyranitar|85/100\n|faint|p2a: Starmie\n|move|p2b: Tyranitar|Rock Slide|p1a: Torkoal|[spread] p1a,p1b\n|-supereffective|p1a: Torkoal|1\n|-damage|p1a: Torkoal|28/100\n|-damage|p1b: Farigiraf|0 fnt\n|faint|p1b: Farigiraf\n|\n|-weather|SunnyDay|[upkeep]\n|upkeep\n|\n|t:|1776458266\n|switch|p1b: Crabominable|Crabominable, L50, M|100/100\n|switch|p2a: Garchomp|Garchomp, L50, F|100/100\n|turn|5\n|\n|t:|1776458280\n|switch|p2a: Orthworm|Orthworm, L50, F|75/100\n|move|p1a: Torkoal|Weather Ball|p2b: Tyranitar\n|-resisted|p2b: Tyranitar|1\n|-damage|p2b: Tyranitar|42/100\n|move|p1b: Crabominable|Ice Hammer|p2a: Orthworm\n|-resisted|p2a: Orthworm|1\n|-damage|p2a: Orthworm|55/100\n|-unboost|p1b: Crabominable|spe|1\n|move|p2b: Tyranitar|Rock Slide|p1b: Crabominable|[spread] p1a\n|-miss|p2b: Tyranitar|p1b: Crabominable\n|-supereffective|p1a: Torkoal|1\n|-damage|p1a: Torkoal|0 fnt\n|faint|p1a: Torkoal\n|\n|-weather|SunnyDay|[upkeep]\n|upkeep\n|turn|6\n|inactive|gdog6969 has 30 seconds left.\n|\n|t:|1776458307\n|switch|p2b: Garchomp|Garchomp, L50, F|100/100\n|move|p1b: Crabominable|Close Combat|p2a: Orthworm\n|-supereffective|p2a: Orthworm|1\n|-damage|p2a: Orthworm|0 fnt\n|-unboost|p1b: Crabominable|def|1\n|-unboost|p1b: Crabominable|spd|1\n|faint|p2a: Orthworm\n|\n|-weather|SunnyDay|[upkeep]\n|upkeep\n|\n|t:|1776458316\n|switch|p2a: Tyranitar|Tyranitar, L50, F|42/100\n|-weather|Sandstorm|[from] ability: Sand Stream|[of] p2a: Tyranitar\n|turn|7\n|\n|t:|1776458330\n|move|p1b: Crabominable|Ice Hammer|p2b: Garchomp\n|-supereffective|p2b: Garchomp|2\n|-damage|p2b: Garchomp|0 fnt\n|-unboost|p1b: Crabominable|spe|1\n|faint|p2b: Garchomp\n|move|p2a: Tyranitar|Rock Slide|p1b: Crabominable\n|-damage|p1b: Crabominable|39/100\n|\n|-weather|Sandstorm|[upkeep]\n|-damage|p1b: Crabominable|33/100|[from] Sandstorm\n|-fieldend|move: Trick Room\n|upkeep\n|turn|8\n|c|\u2606areestoo|you lose\n|\n|t:|1776458340\n|move|p1b: Crabominable|Mach Punch|p2a: Tyranitar\n|-supereffective|p2a: Tyranitar|2\n|-damage|p2a: Tyranitar|0 fnt\n|faint|p2a: Tyranitar\n|\n|win|areestoo\n|raw|areestoo's rating: 1208 &rarr; <strong>1234</strong><br />(+26 for winning)\n|raw|gdog6969's rating: 1228 &rarr; <strong>1202</strong><br />(-26 for losing)\n",
  "uploadtime": 1776458341,
  "views": 34,
  "formatid": "gen9championsvgc2026regma",
  "rating": 1202,
  "private": 0,
  "password": null
}