{
  "id": "gen9championsvgc2026regma-2584019793",
  "format": "[Gen 9 Champions] VGC 2026 Reg M-A",
  "players": [
    "trnadobruther",
    "MaxiSilv"
  ],
  "log": "|j|\u2606trnadobruther\n|j|\u2606MaxiSilv\n|t:|1776217368\n|gametype|doubles\n|player|p1|trnadobruther|veteran|1047\n|player|p2|MaxiSilv|169|1096\n|gen|9\n|tier|[Gen 9 Champions] VGC 2026 Reg M-A\n|rated|\n|rule|Species Clause: Limit one of each Pok\u00e9mon\n|rule|Item Clause: Limit 1 of each item\n|clearpoke\n|poke|p1|Gengar, L50, F|\n|poke|p1|Incineroar, L50, M|\n|poke|p1|Torkoal, L50, M|\n|poke|p1|Farigiraf, L50, M|\n|poke|p1|Sinistcha, L50|\n|poke|p1|Chesnaught, L50, F|\n|poke|p2|Floette-Eternal, L50, F|\n|poke|p2|Sinistcha, L50|\n|poke|p2|Aerodactyl, L50, M|\n|poke|p2|Garchomp, L50, F|\n|poke|p2|Incineroar, L50, M|\n|poke|p2|Rotom-Wash, L50|\n|teampreview|4\nMaxiSilv has agreed to open team sheets.\n|inactive|Battle timer is ON: inactive players will automatically lose when time's up. (requested by trnadobruther)\n|\n|t:|1776217437\n|teamsize|p1|4\n|teamsize|p2|4\n|start\n|switch|p1a: Incineroar|Incineroar, L50, M|100/100\n|switch|p1b: Gengar|Gengar, L50, F|100/100\n|switch|p2a: Aerodactyl|Aerodactyl, L50, M|100/100\n|switch|p2b: Garchomp|Garchomp, L50, F|100/100\n|-ability|p2a: Aerodactyl|Unnerve\n|-ability|p1a: Incineroar|Intimidate|boost\n|-unboost|p2a: Aerodactyl|atk|1\n|-unboost|p2b: Garchomp|atk|1\n|-enditem|p2b: Garchomp|White Herb\n|-clearnegativeboost|p2b: Garchomp|[silent]\n|turn|1\n|\n|t:|1776217458\n|detailschange|p1b: Gengar|Gengar-Mega, L50, F\n|-mega|p1b: Gengar|Gengar|Gengarite\n|move|p1a: Incineroar|Fake Out|p2b: Garchomp\n|-damage|p2b: Garchomp|90/100\n|-damage|p1a: Incineroar|88/100|[from] ability: Rough Skin|[of] p2b: Garchomp\n|move|p2a: Aerodactyl|Tailwind|p2a: Aerodactyl\n|-sidestart|p2: MaxiSilv|move: Tailwind\n|cant|p2b: Garchomp|flinch\n|move|p1b: Gengar|Substitute|p1b: Gengar\n|-start|p1b: Gengar|Substitute\n|-damage|p1b: Gengar|76/100\n|\n|upkeep\n|turn|2\n|\n|t:|1776217475\n|switch|p1a: Sinistcha|Sinistcha, L50|100/100\n|-heal|p1b: Gengar|100/100|[from] ability: Hospitality|[of] p1a: Sinistcha\n|move|p1b: Gengar|Protect|p1b: Gengar\n|-singleturn|p1b: Gengar|Protect\n|move|p2a: Aerodactyl|Rock Slide|p1b: Gengar|[spread] p1a\n|-activate|p1b: Gengar|move: Protect\n|-damage|p1a: Sinistcha|84/100\n|move|p2b: Garchomp|Earthquake|p1b: Gengar|[spread] p1a\n|-activate|p1b: Gengar|move: Protect\n|-immune|p2a: Aerodactyl\n|-resisted|p1a: Sinistcha|1\n|-damage|p1a: Sinistcha|63/100\n|\n|upkeep\n|turn|3\n|\n|t:|1776217497\n|switch|p1a: Incineroar|Incineroar, L50, M|88/100\n|-ability|p1a: Incineroar|Intimidate|boost\n|-unboost|p2a: Aerodactyl|atk|1\n|-unboost|p2b: Garchomp|atk|1\n|move|p2a: Aerodactyl|Dual Wingbeat|p1a: Incineroar\n|-damage|p1a: Incineroar|80/100\n|-damage|p1a: Incineroar|73/100\n|-hitcount|p1a: Incineroar|2\n|move|p2b: Garchomp|Earthquake|p1b: Gengar|[spread] p1a,p1b\n|-immune|p2a: Aerodactyl\n|-supereffective|p1b: Gengar|1\n|-end|p1b: Gengar|Substitute\n|-supereffective|p1a: Incineroar|1\n|-damage|p1a: Incineroar|34/100\n|move|p1b: Gengar|Perish Song|p1b: Gengar\n|-start|p1a: Incineroar|perish3|[silent]\n|-start|p1b: Gengar|perish3|[silent]\n|-start|p2a: Aerodactyl|perish3|[silent]\n|-start|p2b: Garchomp|perish3|[silent]\n|-fieldactivate|move: Perish Song\n|\n|-start|p2a: Aerodactyl|perish3\n|-start|p2b: Garchomp|perish3\n|-start|p1b: Gengar|perish3\n|-start|p1a: Incineroar|perish3\n|upkeep\n|turn|4\n|inactive|MaxiSilv has 30 seconds left.\n|inactive|MaxiSilv has 20 seconds left.\n|\n|t:|1776217536\n|move|p1a: Incineroar|Fake Out|p2b: Garchomp\n|-damage|p2b: Garchomp|79/100\n|-damage|p1a: Incineroar|21/100|[from] ability: Rough Skin|[of] p2b: Garchomp\n|move|p2a: Aerodactyl|Rock Slide|p1b: Gengar|[spread] p1a,p1b\n|-supereffective|p1a: Incineroar|1\n|-damage|p1a: Incineroar|2/100\n|-damage|p1b: Gengar|84/100\n|cant|p2b: Garchomp|flinch\n|cant|p1b: Gengar|flinch\n|\n|-start|p2a: Aerodactyl|perish2\n|-start|p2b: Garchomp|perish2\n|-start|p1b: Gengar|perish2\n|-start|p1a: Incineroar|perish2\n|-sideend|p2: MaxiSilv|move: Tailwind\n|upkeep\n|turn|5\n|inactive|MaxiSilv has 30 seconds left.\n|inactive|MaxiSilv has 20 seconds left.\n|\n|t:|1776217576\n|move|p1b: Gengar|Protect|p1b: Gengar\n|-singleturn|p1b: Gengar|Protect\n|move|p1a: Incineroar|Protect|p1a: Incineroar\n|-singleturn|p1a: Incineroar|Protect\n|move|p2a: Aerodactyl|Dual Wingbeat|p1a: Incineroar\n|-activate|p1a: Incineroar|move: Protect\n|move|p2b: Garchomp|Earthquake|p1a: Incineroar|[spread] \n|-activate|p1a: Incineroar|move: Protect\n|-activate|p1b: Gengar|move: Protect\n|-immune|p2a: Aerodactyl\n|\n|-start|p2a: Aerodactyl|perish1\n|-start|p1b: Gengar|perish1\n|-start|p2b: Garchomp|perish1\n|-start|p1a: Incineroar|perish1\n|upkeep\n|turn|6\n|\n|t:|1776217591\n|switch|p1b: Sinistcha|Sinistcha, L50|63/100\n|-heal|p1a: Incineroar|27/100|[from] ability: Hospitality|[of] p1b: Sinistcha\n|move|p1a: Incineroar|Protect||[still]\n|-fail|p1a: Incineroar\n|move|p2a: Aerodactyl|Tailwind|p2a: Aerodactyl\n|-sidestart|p2: MaxiSilv|move: Tailwind\n|move|p2b: Garchomp|Stomping Tantrum|p1b: Sinistcha\n|-resisted|p1b: Sinistcha|1\n|-damage|p1b: Sinistcha|37/100\n|\n|-start|p2a: Aerodactyl|perish0\n|-start|p2b: Garchomp|perish0\n|-start|p1a: Incineroar|perish0\n|faint|p2a: Aerodactyl\n|faint|p2b: Garchomp\n|faint|p1a: Incineroar\n|upkeep\n|\n|t:|1776217606\n|switch|p2a: Incineroar|Incineroar, L50, M|100/100\n|switch|p2b: Floette|Floette-Eternal, L50, F|100/100\n|switch|p1a: Gengar|Gengar-Mega, L50, F|84/100\n|-ability|p2a: Incineroar|Intimidate|boost\n|-unboost|p1a: Gengar|atk|1\n|-unboost|p1b: Sinistcha|atk|1\n|turn|7\n|inactive|trnadobruther has 30 seconds left.\n|inactive|MaxiSilv has 30 seconds left.\n|inactive|trnadobruther has 20 seconds left.\n|inactive|MaxiSilv has 20 seconds left.\n|\n|t:|1776217649\n|switch|p1b: Farigiraf|Farigiraf, L50, M|100/100\n|detailschange|p2b: Floette|Floette-Mega, L50, F\n|-mega|p2b: Floette|Floette|Floettite\n|-ability|p2b: Floette|Fairy Aura\n|move|p2b: Floette|Calm Mind|p2b: Floette\n|-boost|p2b: Floette|spa|1\n|-boost|p2b: Floette|spd|1\n|move|p1a: Gengar|Perish Song|p1a: Gengar\n|-start|p1a: Gengar|perish3|[silent]\n|-start|p1b: Farigiraf|perish3|[silent]\n|-start|p2a: Incineroar|perish3|[silent]\n|-start|p2b: Floette|perish3|[silent]\n|-fieldactivate|move: Perish Song\n|move|p2a: Incineroar|Throat Chop|p1a: Gengar\n|-supereffective|p1a: Gengar|1\n|-damage|p1a: Gengar|0 fnt\n|faint|p1a: Gengar\n|\n|-start|p2b: Floette|perish3\n|-start|p2a: Incineroar|perish3\n|-start|p1b: Farigiraf|perish3\n|upkeep\n|\n|t:|1776217661\n|switch|p1a: Sinistcha|Sinistcha, L50|37/100\n|turn|8\n|\n|t:|1776217676\n|move|p1a: Sinistcha|Protect|p1a: Sinistcha\n|-singleturn|p1a: Sinistcha|Protect\n|move|p1b: Farigiraf|Protect|p1b: Farigiraf\n|-singleturn|p1b: Farigiraf|Protect\n|move|p2b: Floette|Moonblast|p1b: Farigiraf\n|-activate|p1b: Farigiraf|move: Protect\n|move|p2a: Incineroar|Flare Blitz|p1a: Sinistcha\n|-activate|p1a: Sinistcha|move: Protect\n|\n|-start|p2b: Floette|perish2\n|-start|p2a: Incineroar|perish2\n|-start|p1b: Farigiraf|perish2\n|upkeep\n|turn|9\n|inactive|trnadobruther has 30 seconds left.\n|\n|t:|1776217704\n|move|p1a: Sinistcha|Rage Powder|p1a: Sinistcha\n|-singleturn|p1a: Sinistcha|move: Rage Powder\n|move|p2b: Floette|Dazzling Gleam|p1b: Farigiraf|[spread] p1a,p1b\n|-damage|p1a: Sinistcha|0 fnt\n|-damage|p1b: Farigiraf|36/100\n|faint|p1a: Sinistcha\n|move|p2a: Incineroar|Throat Chop|p1b: Farigiraf\n|-supereffective|p1b: Farigiraf|1\n|-damage|p1b: Farigiraf|0 fnt\n|faint|p1b: Farigiraf\n|\n|win|MaxiSilv\n|raw|trnadobruther's rating: 1047 &rarr; <strong>1032</strong><br />(-15 for losing)\n|raw|MaxiSilv's rating: 1096 &rarr; <strong>1118</strong><br />(+22 for winning)\n|l|\u2606trnadobruther\n|player|p1|\n|c|\u2606MaxiSilv|gg\n",
  "uploadtime": 1776217704,
  "views": 39,
  "formatid": "gen9championsvgc2026regma",
  "rating": 1032,
  "private": 0,
  "password": null
}