{
  "id": "gen9championsvgc2026regma-2588315870",
  "format": "[Gen 9 Champions] VGC 2026 Reg M-A",
  "players": [
    "Marspiter",
    "Master of Capture"
  ],
  "log": "|j|\u2606Marspiter\n|j|\u2606Master of Capture\n|t:|1776623472\n|gametype|doubles\n|player|p1|Marspiter|steven|1401\n|player|p2|Master of Capture|169|1438\n|gen|9\n|tier|[Gen 9 Champions] VGC 2026 Reg M-A\n|rated|\n|rule|Species Clause: Limit one of each Pok\u00e9mon\n|rule|Item Clause: Limit 1 of each item\n|clearpoke\n|poke|p1|Scizor, L50, F|\n|poke|p1|Basculegion, L50, M|\n|poke|p1|Pelipper, L50, M|\n|poke|p1|Sneasler, L50, M|\n|poke|p1|Archaludon, L50, F|\n|poke|p1|Garchomp, L50, F|\n|poke|p2|Incineroar, L50, M|\n|poke|p2|Sinistcha-Masterpiece, L50|\n|poke|p2|Milotic, L50, F|\n|poke|p2|Floette-Eternal, L50, F|\n|poke|p2|Gengar, L50, M|\n|poke|p2|Kommo-o, L50, F|\n|teampreview|4\n|inactive|Battle timer is ON: inactive players will automatically lose when time's up. (requested by Master of Capture)\n|inactive|Marspiter has 60 seconds left.\n|inactive|Master of Capture has 60 seconds left.\n|\n|t:|1776623514\n|teamsize|p1|4\n|teamsize|p2|4\n|start\n|switch|p1a: Basculegion|Basculegion, L50, M|100/100\n|switch|p1b: Sneasler|Sneasler, L50, M|100/100\n|switch|p2a: Kommo-o|Kommo-o, L50, F|100/100\n|switch|p2b: Gengar|Gengar, L50, M|100/100\n|turn|1\n|inactive|Marspiter has 30 seconds left.\n|\n|t:|1776623543\n|detailschange|p2b: Gengar|Gengar-Mega, L50, M\n|-mega|p2b: Gengar|Gengar|Gengarite\n|move|p2b: Gengar|Protect|p2b: Gengar\n|-singleturn|p2b: Gengar|Protect\n|move|p2a: Kommo-o|Protect|p2a: Kommo-o\n|-singleturn|p2a: Kommo-o|Protect\n|move|p1b: Sneasler|Fake Out|p2a: Kommo-o\n|-activate|p2a: Kommo-o|move: Protect\n|move|p1a: Basculegion|Flip Turn|p2b: Gengar\n|-activate|p2b: Gengar|move: Protect\n|\n|upkeep\n|turn|2\n|inactive|Master of Capture has 30 seconds left.\n|inactive|Master of Capture has 20 seconds left.\n|\n|t:|1776623579\n|move|p1a: Basculegion|Flip Turn|p2b: Gengar\n|-damage|p2b: Gengar|60/100\n|\n|t:|1776623583\n|switch|p1a: Garchomp|Garchomp, L50, F|100/100|[from] Flip Turn\n|move|p1b: Sneasler|Dire Claw|p2a: Kommo-o|[miss]\n|-miss|p1b: Sneasler|p2a: Kommo-o\n|move|p2b: Gengar|Substitute|p2b: Gengar\n|-start|p2b: Gengar|Substitute\n|-damage|p2b: Gengar|35/100\n|move|p2a: Kommo-o|Clangorous Soul|p2a: Kommo-o\n|-boost|p2a: Kommo-o|atk|1\n|-boost|p2a: Kommo-o|def|1\n|-boost|p2a: Kommo-o|spa|1\n|-boost|p2a: Kommo-o|spd|1\n|-boost|p2a: Kommo-o|spe|1\n|-damage|p2a: Kommo-o|68/100\n|\n|upkeep\n|turn|3\n|\n|t:|1776623607\n|move|p2a: Kommo-o|Protect|p2a: Kommo-o\n|-singleturn|p2a: Kommo-o|Protect\n|move|p1a: Garchomp|Protect|p1a: Garchomp\n|-singleturn|p1a: Garchomp|Protect\n|move|p1b: Sneasler|Close Combat|p2a: Kommo-o\n|-activate|p2a: Kommo-o|move: Protect\n|move|p2b: Gengar|Perish Song|p2b: Gengar\n|-start|p1a: Garchomp|perish3|[silent]\n|-start|p1b: Sneasler|perish3|[silent]\n|-start|p2a: Kommo-o|perish3|[silent]\n|-start|p2b: Gengar|perish3|[silent]\n|-fieldactivate|move: Perish Song\n|\n|-start|p2a: Kommo-o|perish3\n|-start|p1b: Sneasler|perish3\n|-start|p2b: Gengar|perish3\n|-start|p1a: Garchomp|perish3\n|upkeep\n|turn|4\n|\n|t:|1776623627\n|move|p2a: Kommo-o|Clanging Scales|p1b: Sneasler|[spread] p1a,p1b\n|-supereffective|p1a: Garchomp|1\n|-enditem|p1a: Garchomp|Haban Berry|[eat]\n|-enditem|p1a: Garchomp|Haban Berry|[weaken]\n|-damage|p1a: Garchomp|52/100\n|-damage|p1b: Sneasler|33/100\n|-unboost|p2a: Kommo-o|def|1\n|move|p1b: Sneasler|Close Combat|p2a: Kommo-o\n|-damage|p2a: Kommo-o|14/100\n|-unboost|p1b: Sneasler|def|1\n|-unboost|p1b: Sneasler|spd|1\n|-enditem|p1b: Sneasler|White Herb\n|-clearnegativeboost|p1b: Sneasler|[silent]\n|move|p2b: Gengar|Shadow Ball|p1b: Sneasler\n|-damage|p1b: Sneasler|0 fnt\n|faint|p1b: Sneasler\n|move|p1a: Garchomp|Stomping Tantrum|p2a: Kommo-o\n|-damage|p2a: Kommo-o|0 fnt\n|faint|p2a: Kommo-o\n|\n|-start|p2b: Gengar|perish2\n|-start|p1a: Garchomp|perish2\n|upkeep\n|\n|t:|1776623649\n|switch|p1b: Basculegion|Basculegion, L50, M|100/100\n|switch|p2a: Incineroar|Incineroar, L50, M|100/100\n|-ability|p2a: Incineroar|Intimidate|boost\n|-unboost|p1a: Garchomp|atk|1\n|-unboost|p1b: Basculegion|atk|1\n|turn|5\n|\n|t:|1776623669\n|move|p2a: Incineroar|Fake Out|p1a: Garchomp\n|-damage|p1a: Garchomp|40/100\n|-damage|p2a: Incineroar|88/100|[from] ability: Rough Skin|[of] p1a: Garchomp\n|move|p1b: Basculegion|Flip Turn|p2a: Incineroar\n|-supereffective|p2a: Incineroar|1\n|-damage|p2a: Incineroar|47/100\n|-enditem|p2a: Incineroar|Sitrus Berry|[eat]\n|-heal|p2a: Incineroar|71/100|[from] item: Sitrus Berry\n|\n|t:|1776623677\n|switch|p1b: Pelipper|Pelipper, L50, M|100/100|[from] Flip Turn\n|-weather|RainDance|[from] ability: Drizzle|[of] p1b: Pelipper\n|move|p2b: Gengar|Shadow Ball|p1b: Pelipper\n|-damage|p1b: Pelipper|38/100\n|-unboost|p1b: Pelipper|spd|1\n|cant|p1a: Garchomp|flinch\n|\n|-weather|RainDance|[upkeep]\n|-start|p2b: Gengar|perish1\n|-start|p1a: Garchomp|perish1\n|upkeep\n|turn|6\n|\n|t:|1776623695\n|switch|p2b: Sinistcha|Sinistcha-Masterpiece, L50|100/100\n|-heal|p2a: Incineroar|96/100|[from] ability: Hospitality|[of] p2b: Sinistcha\n|move|p2a: Incineroar|Protect|p2a: Incineroar\n|-singleturn|p2a: Incineroar|Protect\n|move|p1a: Garchomp|Rock Slide|p2b: Sinistcha|[spread] p2b\n|-activate|p2a: Incineroar|move: Protect\n|-damage|p2b: Sinistcha|87/100\n|move|p1b: Pelipper|Tailwind|p1b: Pelipper\n|-sidestart|p1: Marspiter|move: Tailwind\n|\n|-weather|RainDance|[upkeep]\n|-start|p1a: Garchomp|perish0\n|faint|p1a: Garchomp\n|upkeep\n|\n|t:|1776623707\n|switch|p1a: Basculegion|Basculegion, L50, M|100/100\n|turn|7\n|inactive|Master of Capture has 30 seconds left.\n|\n|t:|1776623741\n|switch|p2b: Gengar|Gengar-Mega, L50, M|35/100\n|move|p1a: Basculegion|Last Respects|p2b: Gengar\n|-supereffective|p2b: Gengar|1\n|-damage|p2b: Gengar|0 fnt\n|faint|p2b: Gengar\n|move|p1b: Pelipper|Weather Ball|p2a: Incineroar\n|-supereffective|p2a: Incineroar|1\n|-damage|p2a: Incineroar|4/100\n|move|p2a: Incineroar|Parting Shot|p1a: Basculegion\n|-unboost|p1a: Basculegion|atk|1\n|-unboost|p1a: Basculegion|spa|1\n|\n|t:|1776623751\n|switch|p2a: Sinistcha|Sinistcha-Masterpiece, L50|87/100|[from] Parting Shot\n|\n|-weather|RainDance|[upkeep]\n|upkeep\n|\n|t:|1776623752\n|switch|p2b: Incineroar|Incineroar, L50, M|4/100\n|-ability|p2b: Incineroar|Intimidate|boost\n|-unboost|p1a: Basculegion|atk|1\n|-unboost|p1b: Pelipper|atk|1\n|turn|8\n|\n|t:|1776623763\n|move|p2a: Sinistcha|Protect|p2a: Sinistcha\n|-singleturn|p2a: Sinistcha|Protect\n|move|p2b: Incineroar|Protect|p2b: Incineroar\n|-singleturn|p2b: Incineroar|Protect\n|move|p1a: Basculegion|Last Respects|p2b: Incineroar\n|-activate|p2b: Incineroar|move: Protect\n|move|p1b: Pelipper|Hurricane|p2a: Sinistcha\n|-activate|p2a: Sinistcha|move: Protect\n|\n|-weather|RainDance|[upkeep]\n|upkeep\n|turn|9\n|\n|t:|1776623779\n|move|p2b: Incineroar|Protect||[still]\n|-fail|p2b: Incineroar\n|move|p1a: Basculegion|Last Respects|p2a: Sinistcha\n|-supereffective|p2a: Sinistcha|1\n|-damage|p2a: Sinistcha|8/100\n|move|p1b: Pelipper|Weather Ball|p2b: Incineroar\n|-supereffective|p2b: Incineroar|1\n|-damage|p2b: Incineroar|0 fnt\n|faint|p2b: Incineroar\n|move|p2a: Sinistcha|Matcha Gotcha|p1b: Pelipper|[spread] p1a,p1b\n|-supereffective|p1a: Basculegion|1\n|-damage|p1a: Basculegion|49/100\n|-heal|p2a: Sinistcha|37/100|[from] drain|[of] p1a: Basculegion\n|-damage|p1b: Pelipper|0 fnt\n|-heal|p2a: Sinistcha|51/100|[from] drain|[of] p1b: Pelipper\n|faint|p1b: Pelipper\n|\n|-weather|none\n|-sideend|p1: Marspiter|move: Tailwind\n|upkeep\n|turn|10\n|\n|t:|1776623798\n|move|p2a: Sinistcha|Protect|p2a: Sinistcha\n|-singleturn|p2a: Sinistcha|Protect\n|move|p1a: Basculegion|Last Respects|p2a: Sinistcha\n|-activate|p2a: Sinistcha|move: Protect\n|\n|upkeep\n|turn|11\n|\n|t:|1776623805\n|move|p1a: Basculegion|Last Respects|p2a: Sinistcha\n|-supereffective|p2a: Sinistcha|1\n|-damage|p2a: Sinistcha|0 fnt\n|faint|p2a: Sinistcha\n|\n|win|Marspiter\n|raw|Marspiter's rating: 1401 &rarr; <strong>1423</strong><br />(+22 for winning)\n|raw|Master of Capture's rating: 1438 &rarr; <strong>1416</strong><br />(-22 for losing)\n",
  "uploadtime": 1776623806,
  "views": 12,
  "formatid": "gen9championsvgc2026regma",
  "rating": 1416,
  "private": 0,
  "password": null
}