{
  "id": "gen9championsvgc2026regma-2586189974",
  "format": "[Gen 9 Champions] VGC 2026 Reg M-A",
  "players": [
    "Riddhwimaan",
    "HazyWazy78"
  ],
  "log": "|j|\u2606Riddhwimaan\n|j|\u2606HazyWazy78\n|t:|1776410356\n|gametype|doubles\n|player|p1|Riddhwimaan|102|1089\n|player|p2|HazyWazy78|265|1156\n|gen|9\n|tier|[Gen 9 Champions] VGC 2026 Reg M-A\n|rated|\n|rule|Species Clause: Limit one of each Pok\u00e9mon\n|rule|Item Clause: Limit 1 of each item\n|clearpoke\n|poke|p1|Dragonite, L50, M|\n|poke|p1|Pelipper, L50, F|\n|poke|p1|Basculegion, L50, M|\n|poke|p1|Sneasler, L50, M|\n|poke|p1|Incineroar, L50, F|\n|poke|p1|Venusaur, L50, M|\n|poke|p2|Meganium, L50, F|\n|poke|p2|Politoed, L50, F|\n|poke|p2|Archaludon, L50, M|\n|poke|p2|Aggron, L50, M|\n|poke|p2|Sylveon, L50, M|\n|poke|p2|Incineroar, L50, F|\n|teampreview|4\n|inactive|Battle timer is ON: inactive players will automatically lose when time's up. (requested by Riddhwimaan)\n|\n|t:|1776410387\n|teamsize|p1|4\n|teamsize|p2|4\n|start\n|switch|p1a: Incineroar|Incineroar, L50, F, shiny|100/100\n|switch|p1b: Basculegion|Basculegion, L50, M, shiny|100/100\n|switch|p2a: Politoed|Politoed, L50, F|100/100\n|switch|p2b: Meganium|Meganium, L50, F|100/100\n|-weather|RainDance|[from] ability: Drizzle|[of] p2a: Politoed\n|-ability|p1a: Incineroar|Intimidate|boost\n|-unboost|p2a: Politoed|atk|1\n|-unboost|p2b: Meganium|atk|1\n|turn|1\n|\n|t:|1776410412\n|detailschange|p2b: Meganium|Meganium-Mega, L50, F\n|-mega|p2b: Meganium|Meganium|Meganiumite\n|move|p1a: Incineroar|Fake Out|p2b: Meganium\n|-damage|p2b: Meganium|90/100\n|move|p1b: Basculegion|Wave Crash|p2a: Politoed\n|-resisted|p2a: Politoed|1\n|-damage|p2a: Politoed|26/100\n|-enditem|p2a: Politoed|Sitrus Berry|[eat]\n|-heal|p2a: Politoed|51/100|[from] item: Sitrus Berry\n|-damage|p1b: Basculegion|76/100|[from] Recoil\n|cant|p2b: Meganium|flinch\n|move|p2a: Politoed|Weather Ball|p1a: Incineroar\n|-supereffective|p1a: Incineroar|1\n|-damage|p1a: Incineroar|14/100\n|\n|-weather|RainDance|[upkeep]\n|-heal|p1a: Incineroar|20/100|[from] item: Leftovers\n|upkeep\n|turn|2\n|\n|t:|1776410433\n|move|p1b: Basculegion|Wave Crash|p2a: Politoed\n|-resisted|p2a: Politoed|1\n|-damage|p2a: Politoed|0 fnt\n|faint|p2a: Politoed\n|-damage|p1b: Basculegion|59/100|[from] Recoil\n|move|p2b: Meganium|Solar Beam||[still]\n|-prepare|p2b: Meganium|Solar Beam\n|-activate|p2b: Meganium|ability: Mega Sol\n|-anim|p2b: Meganium|Solar Beam|p1b: Basculegion\n|-supereffective|p1b: Basculegion|1\n|-damage|p1b: Basculegion|0 fnt\n|faint|p1b: Basculegion\n|move|p1a: Incineroar|Sunny Day|p1a: Incineroar\n|-weather|SunnyDay\n|\n|-weather|SunnyDay|[upkeep]\n|-heal|p1a: Incineroar|26/100|[from] item: Leftovers\n|upkeep\n|\n|t:|1776410449\n|switch|p1b: Venusaur|Venusaur, L50, M, shiny|100/100\n|switch|p2a: Aggron|Aggron, L50, M|100/100\n|turn|3\n|inactive|Riddhwimaan has 30 seconds left.\n|inactive|HazyWazy78 has 30 seconds left.\n|\n|t:|1776410477\n|move|p1b: Venusaur|Weather Ball|p2b: Meganium\n|-supereffective|p2b: Meganium|1\n|-crit|p2b: Meganium\n|-damage|p2b: Meganium|0 fnt\n|faint|p2b: Meganium\n|move|p1a: Incineroar|Parting Shot|p2a: Aggron\n|-unboost|p2a: Aggron|atk|1\n|-unboost|p2a: Aggron|spa|1\n|\n|t:|1776410486\n|switch|p1a: Sneasler|Sneasler, L50, M, shiny|100/100|[from] Parting Shot\n|move|p2a: Aggron|Heavy Slam|p1b: Venusaur\n|-damage|p1b: Venusaur|66/100\n|\n|-weather|SunnyDay|[upkeep]\n|upkeep\n|\n|t:|1776410488\n|switch|p2b: Archaludon|Archaludon, L50, M|100/100\n|turn|4\n|\n|t:|1776410510\n|detailschange|p1b: Venusaur|Venusaur-Mega, L50, M, shiny\n|-mega|p1b: Venusaur|Venusaur|Venusaurite\n|move|p1a: Sneasler|Fake Out|p2a: Aggron\n|-resisted|p2a: Aggron|2\n|-damage|p2a: Aggron|98/100\n|move|p2b: Archaludon|Steel Beam|p1b: Venusaur\n|-damage|p1b: Venusaur|1/100\n|-damage|p2b: Archaludon|50/100|[from] steelbeam\n|move|p1b: Venusaur|Weather Ball|p2b: Archaludon\n|-damage|p2b: Archaludon|0 fnt\n|faint|p2b: Archaludon\n|cant|p2a: Aggron|flinch\n|\n|-weather|SunnyDay|[upkeep]\n|upkeep\n|turn|5\n|\n|t:|1776410526\n|move|p1a: Sneasler|Close Combat|p2a: Aggron\n|-supereffective|p2a: Aggron|2\n|-damage|p2a: Aggron|0 fnt\n|-unboost|p1a: Sneasler|def|1\n|-unboost|p1a: Sneasler|spd|1\n|faint|p2a: Aggron\n|\n|win|Riddhwimaan\n|raw|Riddhwimaan's rating: 1089 &rarr; <strong>1121</strong><br />(+32 for winning)\n|raw|HazyWazy78's rating: 1156 &rarr; <strong>1126</strong><br />(-30 for losing)\n|l|\u2606HazyWazy78\n|player|p2|\n",
  "uploadtime": 1776410531,
  "views": 18,
  "formatid": "gen9championsvgc2026regma",
  "rating": 1121,
  "private": 0,
  "password": null
}