{
  "id": "gen9championsvgc2026regma-2585006679",
  "format": "[Gen 9 Champions] VGC 2026 Reg M-A",
  "players": [
    "Superpurp",
    "AzulCrema"
  ],
  "log": "|j|\u2606Superpurp\n|j|\u2606AzulCrema\n|t:|1776302708\n|gametype|doubles\n|player|p1|Superpurp|102|1000\n|player|p2|AzulCrema|steven|1082\n|gen|9\n|tier|[Gen 9 Champions] VGC 2026 Reg M-A\n|rated|\n|rule|Species Clause: Limit one of each Pok\u00e9mon\n|rule|Item Clause: Limit 1 of each item\n|clearpoke\n|poke|p1|Hawlucha, L50, M|\n|poke|p1|Glalie, L50, F|\n|poke|p1|Rhyperior, L50, M|\n|poke|p1|Whimsicott, L50, F|\n|poke|p1|Arcanine, L50, M|\n|poke|p1|Oranguru, L50, F|\n|poke|p2|Tyranitar, L50, M|\n|poke|p2|Lucario, L50, M|\n|poke|p2|Empoleon, L50, M|\n|poke|p2|Armarouge, L50, M|\n|poke|p2|Torterra, L50, M|\n|poke|p2|Luxray, L50, M|\n|teampreview|4\n|\n|t:|1776302734\n|teamsize|p1|4\n|teamsize|p2|4\n|start\n|switch|p1a: Hawlucha|Hawlucha, L50, M, shiny|100/100\n|switch|p1b: Rhyperior|Rhyperior, L50, M, shiny|100/100\n|switch|p2a: Empoleon|Empoleon, L50, M, shiny|100/100\n|switch|p2b: Armarouge|Armarouge, L50, M, shiny|100/100\n|turn|1\n|inactive|Battle timer is ON: inactive players will automatically lose when time's up. (requested by AzulCrema)\n|-activate|p2b: Armarouge|item: Quick Claw\n|\n|t:|1776302789\n|detailschange|p1a: Hawlucha|Hawlucha-Mega, L50, M, shiny\n|-mega|p1a: Hawlucha|Hawlucha|Hawluchanite\n|move|p2a: Empoleon|Protect|p2a: Empoleon\n|-singleturn|p2a: Empoleon|Protect\n|move|p2b: Armarouge|Reflect|p2b: Armarouge\n|-sidestart|p2: AzulCrema|Reflect\n|move|p1a: Hawlucha|Entrainment|p1b: Rhyperior\n|-ability|p1b: Rhyperior|No Guard|Lightning Rod|[from] move: Entrainment|[of] p1a: Hawlucha\n|move|p1b: Rhyperior|Horn Drill|p2a: Empoleon\n|-activate|p2a: Empoleon|move: Protect\n|\n|upkeep\n|turn|2\n|inactive|Superpurp has 30 seconds left.\n|inactive|AzulCrema has 30 seconds left.\n|inactive|AzulCrema has 20 seconds left.\n|\n|t:|1776302827\n|move|p1a: Hawlucha|Encore|p2a: Empoleon\n|-start|p2a: Empoleon|Encore\n|move|p2a: Empoleon|Protect|p2a: Empoleon\n|-singleturn|p2a: Empoleon|Protect\n|move|p2b: Armarouge|Psychic|p1a: Hawlucha\n|-supereffective|p1a: Hawlucha|1\n|-crit|p1a: Hawlucha\n|-damage|p1a: Hawlucha|0 fnt\n|faint|p1a: Hawlucha\n|move|p1b: Rhyperior|Horn Drill|p2b: Armarouge\n|-damage|p2b: Armarouge|0 fnt\n|faint|p2b: Armarouge\n|-ohko\n|\n|upkeep\n|\n|t:|1776302842\n|switch|p1a: Oranguru|Oranguru, L50, F, shiny|100/100\n|switch|p2b: Torterra|Torterra, L50, M, shiny|100/100\n|turn|3\n|\n|t:|1776302856\n|move|p2a: Empoleon|Protect||[still]\n|-fail|p2a: Empoleon\n|move|p1b: Rhyperior|Protect|p1b: Rhyperior\n|-singleturn|p1b: Rhyperior|Protect\n|move|p2b: Torterra|Wood Hammer|p1b: Rhyperior\n|-activate|p1b: Rhyperior|move: Protect\n|move|p1a: Oranguru|Trick Room|p1a: Oranguru\n|-fieldstart|move: Trick Room|[of] p1a: Oranguru\n|\n|upkeep\n|turn|4\n|inactive|AzulCrema has 30 seconds left.\n|\n|t:|1776302889\n|move|p2a: Empoleon|Protect|p2a: Empoleon\n|-singleturn|p2a: Empoleon|Protect\n|move|p1b: Rhyperior|Horn Drill|p2b: Torterra\n|-damage|p2b: Torterra|0 fnt\n|faint|p2b: Torterra\n|-ohko\n|move|p1a: Oranguru|Instruct|p1b: Rhyperior\n|-singleturn|p1b: Rhyperior|move: Instruct|[of] p1a: Oranguru\n|move|p1b: Rhyperior|Horn Drill|p2a: Empoleon\n|-activate|p2a: Empoleon|move: Protect\n|\n|-end|p2a: Empoleon|Encore\n|upkeep\n|\n|t:|1776302893\n|switch|p2b: Tyranitar|Tyranitar, L50, M, shiny|100/100\n|-weather|Sandstorm|[from] ability: Sand Stream|[of] p2b: Tyranitar\n|turn|5\n|\n|t:|1776302914\n|detailschange|p2b: Tyranitar|Tyranitar-Mega, L50, M, shiny\n|-mega|p2b: Tyranitar|Tyranitar|Tyranitarite\n|move|p1b: Rhyperior|Horn Drill|p2b: Tyranitar\n|-damage|p2b: Tyranitar|0 fnt\n|faint|p2b: Tyranitar\n|-ohko\n|move|p2a: Empoleon|Flash Cannon|p1b: Rhyperior\n|-supereffective|p1b: Rhyperior|1\n|-damage|p1b: Rhyperior|65/100\n|move|p1a: Oranguru|Instruct|p1b: Rhyperior\n|-singleturn|p1b: Rhyperior|move: Instruct|[of] p1a: Oranguru\n|move|p1b: Rhyperior|Horn Drill|p2a: Empoleon\n|-damage|p2a: Empoleon|0 fnt\n|faint|p2a: Empoleon\n|-ohko\n|\n|win|Superpurp\n|raw|Superpurp's rating: 1000 &rarr; <strong>1049</strong><br />(+49 for winning)\n|raw|AzulCrema's rating: 1082 &rarr; <strong>1055</strong><br />(-27 for losing)\n|l|\u2606AzulCrema\n|player|p2|\n",
  "uploadtime": 1776302942,
  "views": 26,
  "formatid": "gen9championsvgc2026regma",
  "rating": 1049,
  "private": 0,
  "password": null
}