{
  "id": "gen9championsvgc2026regma-2589501121",
  "format": "[Gen 9 Champions] VGC 2026 Reg M-A",
  "players": [
    "regitron 21",
    "Daikon-z"
  ],
  "log": "|j|\u2606regitron 21\n|j|\u2606Daikon-z\n|t:|1776728692\n|gametype|doubles\n|player|p1|regitron 21|n|1228\n|player|p2|Daikon-z|pokemonranger-gen4|1152\n|gen|9\n|tier|[Gen 9 Champions] VGC 2026 Reg M-A\n|rated|\n|rule|Species Clause: Limit one of each Pok\u00e9mon\n|rule|Item Clause: Limit 1 of each item\n|clearpoke\n|poke|p1|Aegislash, L50, M|\n|poke|p1|Froslass, L50, F|\n|poke|p1|Incineroar, L50, F|\n|poke|p1|Sneasler, L50, F|\n|poke|p1|Rotom-Wash, L50|\n|poke|p1|Volcarona, L50, M|\n|poke|p2|Armarouge, L50, F|\n|poke|p2|Meowstic, L50, M|\n|poke|p2|Hatterene, L50, F|\n|poke|p2|Crabominable, L50, F|\n|poke|p2|Farigiraf, L50, F|\n|poke|p2|Scovillain, L50, M|\n|teampreview|4\n|c|\u2606regitron 21|hey good luck bud\n|c|\u2606regitron 21|cool team\nregitron 21 has agreed to open team sheets.\n|c|\u2606Daikon-z|thanks\n|c|\u2606Daikon-z|made it from scratch\n|\n|t:|1776728726\n|teamsize|p1|4\n|teamsize|p2|4\n|start\n|switch|p1a: Rotom|Rotom-Wash, L50|100/100\n|switch|p1b: Incineroar|Incineroar, L50, F|100/100\n|switch|p2a: Farigiraf|Farigiraf, L50, F|100/100\n|switch|p2b: Scovillain|Scovillain, L50, M|100/100\n|-ability|p1b: Incineroar|Intimidate|boost\n|-unboost|p2a: Farigiraf|atk|1\n|-unboost|p2b: Scovillain|atk|1\n|turn|1\n|inactive|Battle timer is ON: inactive players will automatically lose when time's up. (requested by Daikon-z)\n|\n|t:|1776728749\n|switch|p2a: Meowstic|Meowstic, L50, M|100/100\n|move|p2b: Scovillain|Protect|p2b: Scovillain\n|-singleturn|p2b: Scovillain|Protect\n|move|p1a: Rotom|Hydro Pump|p2a: Meowstic\n|-damage|p2a: Meowstic|45/100\n|move|p1b: Incineroar|Darkest Lariat|p2a: Meowstic\n|-supereffective|p2a: Meowstic|1\n|-enditem|p2a: Meowstic|Colbur Berry|[eat]\n|-enditem|p2a: Meowstic|Colbur Berry|[weaken]\n|-damage|p2a: Meowstic|7/100\n|\n|-ability|p2b: Scovillain|Moody|boost\n|-boost|p2b: Scovillain|atk|2\n|-unboost|p2b: Scovillain|def|1\n|upkeep\n|turn|2\n|\n|t:|1776728773\n|move|p2a: Meowstic|Psychic Terrain|p2a: Meowstic\n|-fieldstart|move: Psychic Terrain\n|move|p1a: Rotom|Hydro Pump|p2b: Scovillain|[miss]\n|-miss|p1a: Rotom|p2b: Scovillain\n|move|p2b: Scovillain|Giga Drain|p1a: Rotom\n|-supereffective|p1a: Rotom|1\n|-damage|p1a: Rotom|20/100\n|move|p1b: Incineroar|Darkest Lariat|p2a: Meowstic\n|-supereffective|p2a: Meowstic|1\n|-damage|p2a: Meowstic|0 fnt\n|faint|p2a: Meowstic\n|\n|-ability|p2b: Scovillain|Moody|boost\n|-boost|p2b: Scovillain|atk|2\n|-unboost|p2b: Scovillain|def|1\n|upkeep\n|\n|t:|1776728787\n|switch|p2a: Farigiraf|Farigiraf, L50, F|100/100\n|turn|3\n|\n|t:|1776728802\n|detailschange|p2b: Scovillain|Scovillain-Mega, L50, M\n|-mega|p2b: Scovillain|Scovillain|Scovillainite\n|move|p2b: Scovillain|Rage Powder|p2b: Scovillain\n|-singleturn|p2b: Scovillain|move: Rage Powder\n|move|p1a: Rotom|Hydro Pump|p2b: Scovillain\n|-damage|p2b: Scovillain|48/100\n|-status|p1a: Rotom|brn|[from] ability: Spicy Spray|[of] p2b: Scovillain\n|move|p1b: Incineroar|Flare Blitz|p2b: Scovillain\n|-damage|p2b: Scovillain|0 fnt\n|-immune|p1b: Incineroar\n|faint|p2b: Scovillain\n|-damage|p1b: Incineroar|88/100|[from] Recoil\n|move|p2a: Farigiraf|Trick Room|p2a: Farigiraf\n|-fieldstart|move: Trick Room|[of] p2a: Farigiraf\n|\n|-damage|p1a: Rotom|15/100 brn|[from] brn\n|upkeep\n|\n|t:|1776728811\n|switch|p2b: Armarouge|Armarouge, L50, F|100/100\n|turn|4\n|\n|t:|1776728822\n|switch|p1a: Volcarona|Volcarona, L50, M|100/100\n|move|p2a: Farigiraf|Hyper Voice|p1a: Volcarona|[spread] p1a,p1b\n|-damage|p1a: Volcarona|72/100\n|-damage|p1b: Incineroar|62/100\n|move|p1b: Incineroar|Darkest Lariat|p2b: Armarouge\n|-supereffective|p2b: Armarouge|1\n|-damage|p2b: Armarouge|41/100\n|move|p2b: Armarouge|Aura Sphere|p1b: Incineroar\n|-supereffective|p1b: Incineroar|1\n|-damage|p1b: Incineroar|21/100\n|-enditem|p1b: Incineroar|Sitrus Berry|[eat]\n|-heal|p1b: Incineroar|46/100|[from] item: Sitrus Berry\n|\n|-heal|p2b: Armarouge|47/100|[from] item: Leftovers\n|-heal|p1a: Volcarona|78/100|[from] item: Leftovers\n|upkeep\n|turn|5\n|\n|t:|1776728843\n|switch|p1b: Rotom|Rotom-Wash, L50|15/100 brn\n|move|p2a: Farigiraf|Hyper Voice|p1b: Rotom|[spread] p1a,p1b\n|-damage|p1a: Volcarona|49/100\n|-damage|p1b: Rotom|0 fnt\n|faint|p1b: Rotom\n|move|p2b: Armarouge|Expanding Force|p1a: Volcarona\n|-damage|p1a: Volcarona|0 fnt\n|faint|p1a: Volcarona\n|\n|-heal|p2b: Armarouge|54/100|[from] item: Leftovers\n|upkeep\n|\n|t:|1776728854\n|switch|p1a: Incineroar|Incineroar, L50, F|46/100\n|switch|p1b: Froslass|Froslass, L50, F|100/100\n|-ability|p1a: Incineroar|Intimidate|boost\n|-unboost|p2a: Farigiraf|atk|1\n|-unboost|p2b: Armarouge|atk|1\n|turn|6\n|\n|t:|1776728871\n|detailschange|p1b: Froslass|Froslass-Mega, L50, F\n|-mega|p1b: Froslass|Froslass|Froslassite\n|-weather|Snowscape|[from] ability: Snow Warning|[of] p1b: Froslass\n|move|p2a: Farigiraf|Hyper Voice|p1a: Incineroar|[spread] p1a\n|-immune|p1b: Froslass\n|-damage|p1a: Incineroar|18/100\n|move|p1a: Incineroar|Darkest Lariat|p2b: Armarouge\n|-supereffective|p2b: Armarouge|1\n|-damage|p2b: Armarouge|0 fnt\n|faint|p2b: Armarouge\n|move|p1b: Froslass|Blizzard|p2a: Farigiraf\n|-damage|p2a: Farigiraf|45/100\n|-enditem|p2a: Farigiraf|Sitrus Berry|[eat]\n|-heal|p2a: Farigiraf|70/100|[from] item: Sitrus Berry\n|\n|-weather|Snowscape|[upkeep]\n|-fieldend|move: Psychic Terrain\n|upkeep\n|turn|7\n|\n|t:|1776728882\n|move|p2a: Farigiraf|Hyper Voice|p1b: Froslass|[spread] p1a\n|-immune|p1b: Froslass\n|-damage|p1a: Incineroar|0 fnt\n|faint|p1a: Incineroar\n|move|p1b: Froslass|Blizzard|p2a: Farigiraf\n|-crit|p2a: Farigiraf\n|-damage|p2a: Farigiraf|0 fnt\n|faint|p2a: Farigiraf\n|\n|win|regitron 21\n|raw|regitron 21's rating: 1228 &rarr; <strong>1248</strong><br />(+20 for winning)\n|raw|Daikon-z's rating: 1152 &rarr; <strong>1132</strong><br />(-20 for losing)\n|c|\u2606regitron 21|gg\n|c|\u2606Daikon-z|gg\n|c|\u2606regitron 21|nice team bud\n",
  "uploadtime": 1776728892,
  "views": 2,
  "formatid": "gen9championsvgc2026regma",
  "rating": 1132,
  "private": 0,
  "password": null
}