{
  "id": "gen9championsvgc2026regma-2586002632",
  "format": "[Gen 9 Champions] VGC 2026 Reg M-A",
  "players": [
    "luckymoon1220",
    "ShadowS3raph"
  ],
  "log": "|j|\u2606luckymoon1220\n|j|\u2606ShadowS3raph\n|t:|1776389244\n|gametype|doubles\n|player|p1|luckymoon1220|richboy-gen4|1052\n|player|p2|ShadowS3raph|102|1073\n|gen|9\n|tier|[Gen 9 Champions] VGC 2026 Reg M-A\n|rated|\n|rule|Species Clause: Limit one of each Pok\u00e9mon\n|rule|Item Clause: Limit 1 of each item\n|clearpoke\n|poke|p1|Morpeko, L50, F|\n|poke|p1|Alakazam, L50, F|\n|poke|p1|Sneasler, L50, F|\n|poke|p1|Milotic, L50, M|\n|poke|p1|Aggron, L50, F|\n|poke|p1|Sinistcha, L50|\n|poke|p2|Archaludon, L50, M|\n|poke|p2|Pelipper, L50, F|\n|poke|p2|Gyarados, L50, M|\n|poke|p2|Heliolisk, L50, F|\n|poke|p2|Sinistcha, L50|\n|poke|p2|Scizor, L50, F|\n|teampreview|4\n|\n|t:|1776389285\n|teamsize|p1|4\n|teamsize|p2|4\n|start\n|switch|p1a: Morpeko|Morpeko, L50, F|100/100\n|switch|p1b: Sinistcha|Sinistcha, L50|100/100\n|switch|p2a: Pelipper|Pelipper, L50, F|100/100\n|switch|p2b: Heliolisk|Heliolisk, L50, F|100/100\n|-weather|RainDance|[from] ability: Drizzle|[of] p2a: Pelipper\n|turn|1\n|inactive|Battle timer is ON: inactive players will automatically lose when time's up. (requested by ShadowS3raph)\n|\n|t:|1776389303\n|move|p2a: Pelipper|Protect|p2a: Pelipper\n|-singleturn|p2a: Pelipper|Protect\n|move|p1a: Morpeko|Aura Wheel|p2a: Pelipper\n|-activate|p2a: Pelipper|move: Protect\n|move|p2b: Heliolisk|Thunder Wave|p1b: Sinistcha\n|-status|p1b: Sinistcha|par\n|move|p1b: Sinistcha|Trick Room|p1b: Sinistcha\n|-fieldstart|move: Trick Room|[of] p1b: Sinistcha\n|\n|-weather|RainDance|[upkeep]\n|-formechange|p1a: Morpeko|Morpeko-Hangry|\n|upkeep\n|turn|2\n|inactive|luckymoon1220 has 30 seconds left.\n|inactive|ShadowS3raph has 30 seconds left.\n|inactive|luckymoon1220 has 20 seconds left.\n|inactive|ShadowS3raph has 20 seconds left.\n|inactive|luckymoon1220 has 15 seconds left.\n|\n|t:|1776389348\n|switch|p1b: Aggron|Aggron, L50, F|100/100\n|move|p2a: Pelipper|Hurricane|p1b: Aggron\n|-resisted|p1b: Aggron|2\n|-damage|p1b: Aggron|87/100\n|move|p2b: Heliolisk|Dragon Pulse|p1a: Morpeko\n|-damage|p1a: Morpeko|42/100\n|move|p1a: Morpeko|Aura Wheel|p2a: Pelipper\n|-damage|p2a: Pelipper|40/100\n|-boost|p1a: Morpeko|spe|1\n|-enditem|p2a: Pelipper|Sitrus Berry|[eat]\n|-heal|p2a: Pelipper|65/100|[from] item: Sitrus Berry\n|\n|-weather|RainDance|[upkeep]\n|-formechange|p1a: Morpeko|Morpeko|\n|upkeep\n|turn|3\n|inactive|luckymoon1220 has 30 seconds left.\n|\n|t:|1776389380\n|detailschange|p1b: Aggron|Aggron-Mega, L50, F\n|-mega|p1b: Aggron|Aggron|Aggronite\n|move|p1b: Aggron|Iron Defense|p1b: Aggron\n|-boost|p1b: Aggron|def|2\n|move|p2a: Pelipper|Surf|p1a: Morpeko|[spread] p1a,p1b\n|-immune|p2b: Heliolisk|[from] ability: Dry Skin\n|-damage|p1a: Morpeko|0 fnt\n|-damage|p1b: Aggron|45/100\n|faint|p1a: Morpeko\n|move|p2b: Heliolisk|Thunder Wave|p1b: Aggron\n|-status|p1b: Aggron|par\n|\n|-weather|RainDance|[upkeep]\n|upkeep\n|\n|t:|1776389396\n|switch|p1a: Alakazam|Alakazam, L50, F|100/100\n|turn|4\n|\n|t:|1776389406\n|move|p1b: Aggron|Body Press|p2b: Heliolisk\n|-supereffective|p2b: Heliolisk|1\n|-enditem|p2b: Heliolisk|Focus Sash\n|-damage|p2b: Heliolisk|1/100\n|move|p2a: Pelipper|Surf|p1a: Alakazam|[spread] p1a,p1b\n|-heal|p2b: Heliolisk|26/100|[from] ability: Dry Skin|[of] p2a: Pelipper\n|-damage|p1a: Alakazam|53/100\n|-damage|p1b: Aggron|2/100 par\n|move|p2b: Heliolisk|Thunder Wave|p1a: Alakazam\n|-status|p1a: Alakazam|par\n|move|p1a: Alakazam|Light Screen|p1a: Alakazam\n|-sidestart|p1: luckymoon1220|move: Light Screen\n|\n|-weather|RainDance|[upkeep]\n|-heal|p2b: Heliolisk|38/100|[from] ability: Dry Skin\n|upkeep\n|turn|5\n|\n|t:|1776389430\n|move|p2b: Heliolisk|Protect|p2b: Heliolisk\n|-singleturn|p2b: Heliolisk|Protect\n|cant|p1b: Aggron|par\n|move|p2a: Pelipper|Surf|p1b: Aggron|[spread] p1a,p1b\n|-activate|p2b: Heliolisk|move: Protect\n|-damage|p1a: Alakazam|21/100 par\n|-damage|p1b: Aggron|0 fnt\n|faint|p1b: Aggron\n|cant|p1a: Alakazam|par\n|\n|-weather|none\n|-fieldend|move: Trick Room\n|upkeep\n|\n|t:|1776389445\n|switch|p1b: Sinistcha|Sinistcha, L50|100/100 par\n|-heal|p1a: Alakazam|46/100 par|[from] ability: Hospitality|[of] p1b: Sinistcha\n|turn|6\n|inactive|ShadowS3raph has 30 seconds left.\n|inactive|ShadowS3raph has 20 seconds left.\n|l|\u2606luckymoon1220\n|inactive|luckymoon1220 disconnected and has a minute to reconnect!\n|player|p1|\n|inactive|ShadowS3raph has 15 seconds left.\n|inactive|luckymoon1220 has 30 seconds left.\n|inactive|ShadowS3raph has 10 seconds left.\n|inactive|luckymoon1220 has 20 seconds left.\n|inactive|luckymoon1220 has 15 seconds left.\n|inactive|luckymoon1220 has 10 seconds left.\n|inactive|luckymoon1220 has 5 seconds left.\n|j|\u2606luckymoon1220\n|inactive|luckymoon1220 reconnected and has 5 seconds left.\n|player|p1|luckymoon1220|richboy-gen4|\n|\n|t:|1776389520\n|switch|p2a: Archaludon|Archaludon, L50, M|100/100\n|move|p2b: Heliolisk|Dragon Pulse|p1a: Alakazam\n|-damage|p1a: Alakazam|23/100 par\n|move|p1a: Alakazam|Light Screen||[still]\n|-fail|p1a: Alakazam\n|move|p1b: Sinistcha|Trick Room|p1b: Sinistcha\n|-fieldstart|move: Trick Room|[of] p1b: Sinistcha\n|\n|upkeep\n|turn|7\n|l|\u2606luckymoon1220\n|inactive|luckymoon1220 disconnected and has a minute to reconnect!\n|player|p1|\n|inactive|luckymoon1220 has 30 seconds left.\n|inactive|luckymoon1220 has 20 seconds left.\n|inactive|luckymoon1220 has 15 seconds left.\n|j|\u2606luckymoon1220\n|inactive|luckymoon1220 reconnected and has 15 seconds left.\n|player|p1|luckymoon1220|richboy-gen4|\n|inactive|luckymoon1220 has 10 seconds left.\n|inactive|luckymoon1220 has 5 seconds left.\n|\n|t:|1776389575\n|switch|p2b: Pelipper|Pelipper, L50, F|65/100\n|-weather|RainDance|[from] ability: Drizzle|[of] p2b: Pelipper\n|move|p1a: Alakazam|Light Screen||[still]\n|-fail|p1a: Alakazam\n|move|p2a: Archaludon|Electro Shot||[still]\n|-prepare|p2a: Archaludon|Electro Shot\n|-boost|p2a: Archaludon|spa|1\n|-anim|p2a: Archaludon|Electro Shot|p1a: Alakazam\n|-damage|p1a: Alakazam|0 fnt\n|faint|p1a: Alakazam\n|move|p1b: Sinistcha|Trick Room|p1b: Sinistcha\n|-fieldend|move: Trick Room\n|\n|-weather|RainDance|[upkeep]\n|upkeep\n|turn|8\n|l|\u2606luckymoon1220\n|inactive|luckymoon1220 disconnected and has a minute to reconnect!\n|player|p1|\n|c|\u2606ShadowS3raph|Gg\n|inactive|luckymoon1220 has 30 seconds left.\n|inactive|luckymoon1220 has 20 seconds left.\n|inactive|luckymoon1220 has 15 seconds left.\n|inactive|luckymoon1220 has 10 seconds left.\n|inactive|luckymoon1220 has 5 seconds left.\n|-message|luckymoon1220 lost due to inactivity.\n|\n|win|ShadowS3raph\n|raw|luckymoon1220's rating: 1052 &rarr; <strong>1035</strong><br />(-17 for losing)\n|raw|ShadowS3raph's rating: 1073 &rarr; <strong>1100</strong><br />(+27 for winning)\n",
  "uploadtime": 1776389633,
  "views": 23,
  "formatid": "gen9championsvgc2026regma",
  "rating": 1035,
  "private": 0,
  "password": null
}