{
  "id": "gen9championsvgc2026regma-2584660416",
  "format": "[Gen 9 Champions] VGC 2026 Reg M-A",
  "players": [
    "JackTheWalkerBr",
    "Ottimo Massimo"
  ],
  "log": "|j|\u2606JackTheWalkerBr\n|j|\u2606Ottimo Massimo\n|t:|1776275086\n|gametype|doubles\n|player|p1|JackTheWalkerBr|grimsley|1028\n|player|p2|Ottimo Massimo|101|1106\n|gen|9\n|tier|[Gen 9 Champions] VGC 2026 Reg M-A\n|rated|\n|rule|Species Clause: Limit one of each Pok\u00e9mon\n|rule|Item Clause: Limit 1 of each item\n|clearpoke\n|poke|p1|Talonflame, L50, M|\n|poke|p1|Floette-Eternal, L50, F|\n|poke|p1|Farigiraf, L50, M|\n|poke|p1|Milotic, L50, M|\n|poke|p1|Aegislash, L50, F|\n|poke|p1|Garchomp, L50, F|\n|poke|p2|Froslass, L50, F|\n|poke|p2|Beartic, L50, M|\n|poke|p2|Sneasler, L50, M|\n|poke|p2|Aerodactyl, L50, F|\n|poke|p2|Archaludon, L50, M|\n|poke|p2|Meganium, L50, F|\n|teampreview|4\n|\n|t:|1776275147\n|teamsize|p1|4\n|teamsize|p2|4\n|start\n|switch|p1a: Aegislash|Aegislash, L50, F|100/100\n|switch|p1b: Talonflame|Talonflame, L50, M, shiny|100/100\n|switch|p2a: Archaludon|Archaludon, L50, M|100/100\n|switch|p2b: Froslass|Froslass, L50, F, shiny|100/100\n|turn|1\n|\n|t:|1776275181\n|switch|p2a: Sneasler|Sneasler, L50, M|100/100\n|detailschange|p2b: Froslass|Froslass-Mega, L50, F, shiny\n|-mega|p2b: Froslass|Froslass|Froslassite\n|-weather|Snowscape|[from] ability: Snow Warning|[of] p2b: Froslass\n|move|p1b: Talonflame|Acrobatics|p2b: Froslass\n|-damage|p2b: Froslass|51/100\n|move|p2b: Froslass|Aurora Veil|p2b: Froslass\n|-sidestart|p2: Ottimo Massimo|move: Aurora Veil\n|-formechange|p1a: Aegislash|Aegislash-Blade|\n|move|p1a: Aegislash|Iron Head|p2b: Froslass\n|-supereffective|p2b: Froslass|1\n|-damage|p2b: Froslass|0 fnt\n|faint|p2b: Froslass\n|\n|-weather|Snowscape|[upkeep]\n|upkeep\n|\n|t:|1776275198\n|switch|p2b: Aerodactyl|Aerodactyl, L50, F|100/100\n|-ability|p2b: Aerodactyl|Unnerve\n|turn|2\n|\n|t:|1776275213\n|switch|p1b: Farigiraf|Farigiraf, L50, M, shiny|100/100\n|move|p2a: Sneasler|Fake Out||[still]\n|cant|p1b: Farigiraf|ability: Armor Tail|Fake Out|[of] p2a: Sneasler\n|move|p1a: Aegislash|Wide Guard|p1a: Aegislash\n|-singleturn|p1a: Aegislash|Wide Guard\n|move|p2b: Aerodactyl|Tailwind|p2b: Aerodactyl\n|-sidestart|p2: Ottimo Massimo|move: Tailwind\n|\n|-weather|Snowscape|[upkeep]\n|upkeep\n|turn|3\n|\n|t:|1776275227\n|-formechange|p1a: Aegislash|Aegislash|\n|move|p1a: Aegislash|King's Shield|p1a: Aegislash\n|-singleturn|p1a: Aegislash|Protect\n|move|p2b: Aerodactyl|Rock Slide|p1b: Farigiraf|[spread] p1b\n|-activate|p1a: Aegislash|move: Protect\n|-damage|p1b: Farigiraf|72/100\n|move|p2a: Sneasler|Close Combat|p1b: Farigiraf\n|-damage|p1b: Farigiraf|0 fnt\n|-unboost|p2a: Sneasler|def|1\n|-unboost|p2a: Sneasler|spd|1\n|faint|p1b: Farigiraf\n|-enditem|p2a: Sneasler|White Herb\n|-clearnegativeboost|p2a: Sneasler|[silent]\n|\n|-weather|Snowscape|[upkeep]\n|upkeep\n|\n|t:|1776275238\n|switch|p1b: Talonflame|Talonflame, L50, M, shiny|100/100\n|turn|4\n|\n|t:|1776275253\n|move|p2a: Sneasler|Upper Hand|p1b: Talonflame\n|-resisted|p1b: Talonflame|1\n|-damage|p1b: Talonflame|73/100\n|move|p1a: Aegislash|Wide Guard|p1a: Aegislash\n|-singleturn|p1a: Aegislash|Wide Guard\n|move|p2b: Aerodactyl|Taunt|p1a: Aegislash\n|-start|p1a: Aegislash|move: Taunt\n|cant|p1b: Talonflame|flinch\n|\n|-weather|Snowscape|[upkeep]\n|upkeep\n|turn|5\n|-message|JackTheWalkerBr forfeited.\n|\n|win|Ottimo Massimo\n|raw|JackTheWalkerBr's rating: 1028 &rarr; <strong>1017</strong><br />(-11 for losing)\n|raw|Ottimo Massimo's rating: 1106 &rarr; <strong>1125</strong><br />(+19 for winning)\n|l|\u2606JackTheWalkerBr\n|player|p1|\n",
  "uploadtime": 1776275270,
  "views": 18,
  "formatid": "gen9championsvgc2026regma",
  "rating": 1017,
  "private": 0,
  "password": null
}