{
  "id": "gen9championsvgc2026regma-2584585526",
  "format": "[Gen 9 Champions] VGC 2026 Reg M-A",
  "players": [
    "theluckyone26",
    "turn9Protect"
  ],
  "log": "|j|\u2606theluckyone26\n|j|\u2606turn9Protect\n|t:|1776270398\n|gametype|doubles\n|player|p1|theluckyone26|gentleman-gen4|1018\n|player|p2|turn9Protect|iris|1000\n|gen|9\n|tier|[Gen 9 Champions] VGC 2026 Reg M-A\n|rated|\n|rule|Species Clause: Limit one of each Pok\u00e9mon\n|rule|Item Clause: Limit 1 of each item\n|clearpoke\n|poke|p1|Whimsicott, L50, F|\n|poke|p1|Charizard, L50, F|\n|poke|p1|Venusaur, L50, M|\n|poke|p1|Incineroar, L50, F|\n|poke|p1|Garchomp, L50, F|\n|poke|p1|Gardevoir, L50, F|\n|poke|p2|Charizard, L50, M|\n|poke|p2|Scovillain, L50, F|\n|poke|p2|Araquanid, L50, F|\n|poke|p2|Krookodile, L50, M|\n|poke|p2|Rotom-Wash, L50|\n|poke|p2|Sneasler, L50, F|\n|teampreview|4\n|inactive|Battle timer is ON: inactive players will automatically lose when time's up. (requested by theluckyone26)\nturn9Protect has agreed to open team sheets.\n|inactive|turn9Protect also wants the timer to be on.\n|inactive|turn9Protect has 60 seconds left.\n|\n|t:|1776270438\n|teamsize|p1|4\n|teamsize|p2|4\n|start\n|switch|p1a: Charizard|Charizard, L50, F|100/100\n|switch|p1b: Incineroar|Incineroar, L50, F|100/100\n|switch|p2a: Charizard|Charizard, L50, M|100/100\n|switch|p2b: Sneasler|Sneasler, L50, F|100/100\n|-ability|p1b: Incineroar|Intimidate|boost\n|-unboost|p2a: Charizard|atk|1\n|-unboost|p2b: Sneasler|atk|1\n|turn|1\n|\n|t:|1776270461\n|detailschange|p2a: Charizard|Charizard-Mega-Y, L50, M\n|-mega|p2a: Charizard|Charizard|Charizardite Y\n|-weather|SunnyDay|[from] ability: Drought|[of] p2a: Charizard\n|move|p1a: Charizard|Protect|p1a: Charizard\n|-singleturn|p1a: Charizard|Protect\n|move|p2b: Sneasler|Fake Out|p1a: Charizard\n|-activate|p1a: Charizard|move: Protect\n|move|p1b: Incineroar|Fake Out|p2a: Charizard\n|-crit|p2a: Charizard\n|-damage|p2a: Charizard|68/100\n|cant|p2a: Charizard|flinch\n|\n|-weather|SunnyDay|[upkeep]\n|upkeep\n|turn|2\n|inactive|theluckyone26 has 30 seconds left.\n|\n|t:|1776270490\n|detailschange|p1a: Charizard|Charizard-Mega-Y, L50, F\n|-mega|p1a: Charizard|Charizard|Charizardite Y\n|move|p2b: Sneasler|Gunk Shot|p1a: Charizard\n|-damage|p1a: Charizard|35/100\n|move|p1a: Charizard|Heat Wave|p2b: Sneasler|[spread] p2a,p2b\n|-resisted|p2a: Charizard|1\n|-damage|p2a: Charizard|33/100\n|-damage|p2b: Sneasler|11/100\n|-enditem|p2b: Sneasler|Sitrus Berry|[eat]\n|-heal|p2b: Sneasler|35/100|[from] item: Sitrus Berry\n|move|p2a: Charizard|Weather Ball|p1a: Charizard\n|-resisted|p1a: Charizard|1\n|-damage|p1a: Charizard|0 fnt\n|faint|p1a: Charizard\n|move|p1b: Incineroar|Parting Shot|p2a: Charizard\n|-unboost|p2a: Charizard|atk|1\n|-unboost|p2a: Charizard|spa|1\n|\n|t:|1776270513\n|switch|p1b: Venusaur|Venusaur, L50, M|100/100|[from] Parting Shot\n|\n|-weather|SunnyDay|[upkeep]\n|upkeep\n|\n|t:|1776270516\n|switch|p1a: Incineroar|Incineroar, L50, F|100/100\n|-ability|p1a: Incineroar|Intimidate|boost\n|-unboost|p2a: Charizard|atk|1\n|-unboost|p2b: Sneasler|atk|1\n|turn|3\n|inactive|turn9Protect has 30 seconds left.\n|inactive|turn9Protect has 20 seconds left.\n|inactive|turn9Protect has 15 seconds left.\n|\n|t:|1776270557\n|switch|p2a: Araquanid|Araquanid, L50, F|100/100\n|move|p1a: Incineroar|Fake Out|p2b: Sneasler\n|-damage|p2b: Sneasler|9/100\n|cant|p2b: Sneasler|flinch\n|move|p1b: Venusaur|Sleep Powder|p2a: Araquanid\n|-status|p2a: Araquanid|slp|[from] move: Sleep Powder\n|\n|-weather|SunnyDay|[upkeep]\n|upkeep\n|turn|4\n|inactive|theluckyone26 has 30 seconds left.\n|inactive|theluckyone26 has 20 seconds left.\n|\n|t:|1776270593\n|move|p2b: Sneasler|Close Combat|p1a: Incineroar\n|-supereffective|p1a: Incineroar|1\n|-damage|p1a: Incineroar|37/100\n|-unboost|p2b: Sneasler|def|1\n|-unboost|p2b: Sneasler|spd|1\n|-enditem|p1a: Incineroar|Sitrus Berry|[eat]\n|-heal|p1a: Incineroar|62/100|[from] item: Sitrus Berry\n|move|p1b: Venusaur|Sludge Bomb|p2b: Sneasler\n|-resisted|p2b: Sneasler|1\n|-damage|p2b: Sneasler|0 fnt\n|faint|p2b: Sneasler\n|move|p1a: Incineroar|Parting Shot|p2a: Araquanid\n|-unboost|p2a: Araquanid|atk|1\n|-unboost|p2a: Araquanid|spa|1\n|\n|t:|1776270606\n|switch|p1a: Whimsicott|Whimsicott, L50, F|100/100|[from] Parting Shot\n|cant|p2a: Araquanid|slp\n|\n|-weather|SunnyDay|[upkeep]\n|upkeep\n|inactive|turn9Protect has 30 seconds left.\n|\n|t:|1776270632\n|switch|p2b: Scovillain|Scovillain, L50, F|100/100\n|turn|5\n|\n|t:|1776270655\n|move|p2b: Scovillain|Protect|p2b: Scovillain\n|-singleturn|p2b: Scovillain|Protect\n|move|p1a: Whimsicott|Tailwind|p1a: Whimsicott\n|-sidestart|p1: theluckyone26|move: Tailwind\n|move|p1b: Venusaur|Sludge Bomb|p2b: Scovillain\n|-activate|p2b: Scovillain|move: Protect\n|-curestatus|p2a: Araquanid|slp|[msg]\n|move|p2a: Araquanid|Lunge|p1b: Venusaur\n|-damage|p1b: Venusaur|73/100\n|-unboost|p1b: Venusaur|atk|1\n|\n|-weather|none\n|upkeep\n|turn|6\n|inactive|turn9Protect has 30 seconds left.\n|\n|t:|1776270687\n|switch|p2b: Charizard|Charizard-Mega-Y, L50, M|33/100\n|-weather|SunnyDay|[from] ability: Drought|[of] p2b: Charizard\n|move|p1a: Whimsicott|Sunny Day||[still]\n|-fail|p1a: Whimsicott\n|move|p1b: Venusaur|Sludge Bomb|p2b: Charizard\n|-crit|p2b: Charizard\n|-damage|p2b: Charizard|0 fnt\n|faint|p2b: Charizard\n|move|p2a: Araquanid|Lunge|p1b: Venusaur\n|-damage|p1b: Venusaur|46/100\n|-unboost|p1b: Venusaur|atk|1\n|\n|-weather|SunnyDay|[upkeep]\n|upkeep\n|\n|t:|1776270698\n|switch|p2b: Scovillain|Scovillain, L50, F|100/100\n|turn|7\n|\n|t:|1776270722\n|move|p2b: Scovillain|Protect|p2b: Scovillain\n|-singleturn|p2b: Scovillain|Protect\n|move|p1b: Venusaur|Sleep Powder|p2a: Araquanid|[miss]\n|-miss|p1b: Venusaur|p2a: Araquanid\n|move|p1a: Whimsicott|Moonblast|p2a: Araquanid\n|-damage|p2a: Araquanid|83/100\n|move|p2a: Araquanid|Lunge|p1b: Venusaur\n|-damage|p1b: Venusaur|20/100\n|-unboost|p1b: Venusaur|atk|1\n|\n|-weather|SunnyDay|[upkeep]\n|upkeep\n|turn|8\n|\n|t:|1776270735\n|move|p1a: Whimsicott|Encore|p2b: Scovillain\n|-start|p2b: Scovillain|Encore\n|move|p2b: Scovillain|Protect||[still]\n|-fail|p2b: Scovillain\n|move|p1b: Venusaur|Sleep Powder|p2a: Araquanid\n|-status|p2a: Araquanid|slp|[from] move: Sleep Powder\n|cant|p2a: Araquanid|slp\n|\n|-weather|SunnyDay|[upkeep]\n|-sideend|p1: theluckyone26|move: Tailwind\n|upkeep\n|turn|9\n|\n|t:|1776270748\n|move|p2b: Scovillain|Protect|p2b: Scovillain\n|-singleturn|p2b: Scovillain|Protect\n|move|p1a: Whimsicott|Tailwind|p1a: Whimsicott\n|-sidestart|p1: theluckyone26|move: Tailwind\n|move|p1b: Venusaur|Sludge Bomb|p2a: Araquanid\n|-damage|p2a: Araquanid|56/100 slp\n|cant|p2a: Araquanid|slp\n|\n|-weather|SunnyDay|[upkeep]\n|upkeep\n|turn|10\n|-message|turn9Protect forfeited.\n|\n|win|theluckyone26\n|raw|theluckyone26's rating: 1018 &rarr; <strong>1053</strong><br />(+35 for winning)\n|raw|turn9Protect's rating: 1000 &rarr; <strong>1000</strong><br />(+0 for losing)\n|l|\u2606theluckyone26\n|player|p1|\n",
  "uploadtime": 1776270808,
  "views": 17,
  "formatid": "gen9championsvgc2026regma",
  "rating": 1000,
  "private": 0,
  "password": null
}