{
  "id": "gen9championsvgc2026regma-2587858151",
  "format": "[Gen 9 Champions] VGC 2026 Reg M-A",
  "players": [
    "Tubandchubb",
    "Sores"
  ],
  "log": "|j|\u2606Tubandchubb\n|j|\u2606Sores\n|t:|1776571369\n|gametype|doubles\n|player|p1|Tubandchubb|sordward-shielbert|1440\n|player|p2|Sores|veteran|1423\n|gen|9\n|tier|[Gen 9 Champions] VGC 2026 Reg M-A\n|rated|\n|rule|Species Clause: Limit one of each Pok\u00e9mon\n|rule|Item Clause: Limit 1 of each item\n|clearpoke\n|poke|p1|Chesnaught, L50, F|\n|poke|p1|Typhlosion-Hisui, L50, F|\n|poke|p1|Corviknight, L50, M|\n|poke|p1|Goodra-Hisui, L50, M|\n|poke|p1|Gyarados, L50, M|\n|poke|p1|Kangaskhan, L50, F|\n|poke|p2|Delphox, L50, F|\n|poke|p2|Garchomp, L50, M|\n|poke|p2|Milotic, L50, M, shiny|\n|poke|p2|Sinistcha-Masterpiece, L50|\n|poke|p2|Orthworm, L50, M|\n|poke|p2|Liepard, L50, M|\n|teampreview|4\n|\n|t:|1776571410\n|teamsize|p1|4\n|teamsize|p2|4\n|start\n|switch|p1a: Kangaskhan|Kangaskhan, L50, F|100/100\n|switch|p1b: Gyarados|Gyarados, L50, M|100/100\n|switch|p2a: Delphox|Delphox, L50, F|100/100\n|switch|p2b: Liepard|Liepard, L50, M|100/100\n|-ability|p1b: Gyarados|Intimidate|boost\n|-unboost|p2a: Delphox|atk|1\n|-unboost|p2b: Liepard|atk|1\n|turn|1\n|\n|t:|1776571442\n|detailschange|p2a: Delphox|Delphox-Mega, L50, F\n|-mega|p2a: Delphox|Delphox|Delphoxite\n|detailschange|p1b: Gyarados|Gyarados-Mega, L50, M\n|-mega|p1b: Gyarados|Gyarados|Gyaradosite\n|-ability|p1b: Gyarados|Mold Breaker\n|move|p2a: Delphox|Protect|p2a: Delphox\n|-singleturn|p2a: Delphox|Protect\n|move|p2b: Liepard|Fake Out|p1b: Gyarados\n|-damage|p1b: Gyarados|93/100\n|move|p1a: Kangaskhan|Fake Out|p2b: Liepard\n|-damage|p2b: Liepard|53/100\n|cant|p1b: Gyarados|flinch\n|\n|upkeep\n|turn|2\n|\n|t:|1776571475\n|switch|p2a: Milotic|Milotic, L50, M, shiny|100/100\n|move|p2b: Liepard|Encore|p1a: Kangaskhan\n|-start|p1a: Kangaskhan|Encore\n|move|p1a: Kangaskhan|Fake Out||[still]\n|-hint|Fake Out only works on your first turn out.\n|-fail|p1a: Kangaskhan\n|move|p1b: Gyarados|Crunch|p2a: Milotic\n|-damage|p2a: Milotic|56/100\n|-unboost|p2a: Milotic|def|1\n|-ability|p2a: Milotic|Competitive|boost\n|-boost|p2a: Milotic|spa|2\n|\n|-heal|p2a: Milotic|62/100|[from] item: Leftovers\n|upkeep\n|turn|3\n|\n|t:|1776571500\n|switch|p1a: Goodra|Goodra-Hisui, L50, M|100/100\n|move|p2a: Milotic|Protect|p2a: Milotic\n|-singleturn|p2a: Milotic|Protect\n|move|p2b: Liepard|Thunder Wave|p1a: Goodra\n|-status|p1a: Goodra|par\n|move|p1b: Gyarados|Crunch|p2a: Milotic\n|-activate|p2a: Milotic|move: Protect\n|\n|-heal|p2a: Milotic|68/100|[from] item: Leftovers\n|upkeep\n|turn|4\n|\n|t:|1776571518\n|move|p2b: Liepard|Knock Off|p1a: Goodra\n|-damage|p1a: Goodra|72/100 par\n|-enditem|p1a: Goodra|Shuca Berry|[from] move: Knock Off|[of] p2b: Liepard\n|move|p1b: Gyarados|Crunch|p2a: Milotic\n|-damage|p2a: Milotic|0 fnt\n|faint|p2a: Milotic\n|move|p1a: Goodra|Flash Cannon|p2b: Liepard\n|-damage|p2b: Liepard|0 fnt\n|faint|p2b: Liepard\n|\n|upkeep\n|\n|t:|1776571528\n|switch|p2b: Garchomp|Garchomp, L50, M|100/100\n|switch|p2a: Delphox|Delphox-Mega, L50, F|100/100\n|turn|5\n|\n|t:|1776571539\n|move|p1a: Goodra|Protect|p1a: Goodra\n|-singleturn|p1a: Goodra|Protect\n|move|p2a: Delphox|Nasty Plot|p2a: Delphox\n|-boost|p2a: Delphox|spa|2\n|move|p2b: Garchomp|Rock Slide|p1b: Gyarados|[spread] p1b\n|-activate|p1a: Goodra|move: Protect\n|-damage|p1b: Gyarados|78/100\n|move|p1b: Gyarados|Earthquake|p2a: Delphox|[spread] p2a,p2b\n|-activate|p1a: Goodra|move: Protect\n|-supereffective|p2a: Delphox|1\n|-damage|p2a: Delphox|6/100\n|-damage|p2b: Garchomp|70/100\n|\n|upkeep\n|turn|6\n|\n|t:|1776571567\n|move|p2a: Delphox|Heat Wave|p1a: Goodra|[spread] p1a,p1b\n|-resisted|p1b: Gyarados|1\n|-damage|p1a: Goodra|11/100 par\n|-damage|p1b: Gyarados|47/100\n|move|p2b: Garchomp|Earthquake|p1a: Goodra|[spread] p1a,p1b\n|-immune|p2a: Delphox|[from] ability: Levitate\n|-supereffective|p1a: Goodra|1\n|-damage|p1a: Goodra|0 fnt\n|-damage|p1b: Gyarados|13/100\n|faint|p1a: Goodra\n|move|p1b: Gyarados|Waterfall|p2b: Garchomp\n|-damage|p2b: Garchomp|15/100\n|-damage|p1b: Gyarados|1/100|[from] ability: Rough Skin|[of] p2b: Garchomp\n|\n|upkeep\n|\n|t:|1776571580\n|switch|p1a: Chesnaught|Chesnaught, L50, F|100/100\n|turn|7\n|\n|t:|1776571589\n|move|p1a: Chesnaught|Wide Guard|p1a: Chesnaught\n|-singleturn|p1a: Chesnaught|Wide Guard\n|move|p2a: Delphox|Psyshock|p1a: Chesnaught\n|-supereffective|p1a: Chesnaught|1\n|-damage|p1a: Chesnaught|0 fnt\n|faint|p1a: Chesnaught\n|move|p2b: Garchomp|Dragon Claw|p1b: Gyarados\n|-damage|p1b: Gyarados|0 fnt\n|faint|p1b: Gyarados\n|\n|upkeep\n|\n|t:|1776571595\n|switch|p1b: Kangaskhan|Kangaskhan, L50, F|100/100\n|turn|8\n|\n|t:|1776571609\n|move|p2a: Delphox|Protect|p2a: Delphox\n|-singleturn|p2a: Delphox|Protect\n|move|p2b: Garchomp|Protect|p2b: Garchomp\n|-singleturn|p2b: Garchomp|Protect\n|move|p1b: Kangaskhan|Fake Out|p2a: Delphox\n|-activate|p2a: Delphox|move: Protect\n|\n|upkeep\n|turn|9\n|c|\u2606Tubandchubb|how tf did i throw this\n|\n|t:|1776571625\n|move|p2a: Delphox|Nasty Plot|p2a: Delphox\n|-boost|p2a: Delphox|spa|2\n|move|p2b: Garchomp|Dragon Claw|p1b: Kangaskhan\n|-damage|p1b: Kangaskhan|61/100\n|move|p1b: Kangaskhan|Last Resort|p2a: Delphox\n|-damage|p2a: Delphox|0 fnt\n|faint|p2a: Delphox\n|\n|upkeep\n|turn|10\n|\n|t:|1776571636\n|move|p2b: Garchomp|Earthquake|p1b: Kangaskhan\n|-damage|p1b: Kangaskhan|3/100\n|move|p1b: Kangaskhan|Last Resort|p2b: Garchomp\n|-damage|p2b: Garchomp|0 fnt\n|-damage|p1b: Kangaskhan|0 fnt|[from] ability: Rough Skin|[of] p2b: Garchomp\n|faint|p2b: Garchomp\n|faint|p1b: Kangaskhan\n|\n|win|Tubandchubb\n|raw|Tubandchubb's rating: 1440 &rarr; <strong>1459</strong><br />(+19 for winning)\n|raw|Sores's rating: 1423 &rarr; <strong>1404</strong><br />(-19 for losing)\n",
  "uploadtime": 1776571651,
  "views": 13,
  "formatid": "gen9championsvgc2026regma",
  "rating": 1404,
  "private": 0,
  "password": null
}