{
  "id": "gen9championsvgc2026regma-2583828326",
  "format": "[Gen 9 Champions] VGC 2026 Reg M-A",
  "players": [
    "zamg2010",
    "poobleunderscore"
  ],
  "log": "|j|\u2606zamg2010\n|j|\u2606poobleunderscore\n|t:|1776200896\n|gametype|doubles\n|player|p1|zamg2010|ethan|1159\n|player|p2|poobleunderscore|crasherwake|1157\n|gen|9\n|tier|[Gen 9 Champions] VGC 2026 Reg M-A\n|rated|\n|rule|Species Clause: Limit one of each Pok\u00e9mon\n|rule|Item Clause: Limit 1 of each item\n|clearpoke\n|poke|p1|Tyranitar, L50, F|\n|poke|p1|Aerodactyl, L50, M|\n|poke|p1|Incineroar, L50, M|\n|poke|p1|Sneasler, L50, F|\n|poke|p1|Typhlosion-Hisui, L50, F|\n|poke|p1|Meganium, L50, F|\n|poke|p2|Charizard, L50, M|\n|poke|p2|Aerodactyl, L50, M|\n|poke|p2|Rotom-Wash, L50|\n|poke|p2|Ninetales-Alola, L50, M|\n|poke|p2|Scizor, L50, F|\n|poke|p2|Tauros-Paldea-Aqua, L50, M|\n|teampreview|4\n|inactive|Battle timer is ON: inactive players will automatically lose when time's up. (requested by poobleunderscore)\n|\n|t:|1776200958\n|teamsize|p1|4\n|teamsize|p2|4\n|start\n|switch|p1a: Aerodactyl|Aerodactyl, L50, M|100/100\n|switch|p1b: Sneasler|Sneasler, L50, F|100/100\n|switch|p2a: Scizor|Scizor, L50, F|100/100\n|switch|p2b: Aerodactyl|Aerodactyl, L50, M|100/100\n|-ability|p2b: Aerodactyl|Unnerve\n|-ability|p1a: Aerodactyl|Unnerve\n|turn|1\n|\n|t:|1776200982\n|move|p1b: Sneasler|Fake Out|p2b: Aerodactyl\n|-resisted|p2b: Aerodactyl|1\n|-damage|p2b: Aerodactyl|88/100\n|cant|p2b: Aerodactyl|flinch\n|move|p1a: Aerodactyl|Tailwind|p1a: Aerodactyl\n|-sidestart|p1: zamg2010|move: Tailwind\n|move|p2a: Scizor|Swords Dance|p2a: Scizor\n|-boost|p2a: Scizor|atk|2\n|\n|upkeep\n|turn|2\n|\n|t:|1776201001\n|switch|p2b: Tauros|Tauros-Paldea-Aqua, L50, M|100/100\n|-ability|p2b: Tauros|Intimidate|boost\n|-unboost|p1a: Aerodactyl|atk|1\n|-unboost|p1b: Sneasler|atk|1\n|-enditem|p1b: Sneasler|White Herb\n|-clearnegativeboost|p1b: Sneasler|[silent]\n|detailschange|p2a: Scizor|Scizor-Mega, L50, F\n|-mega|p2a: Scizor|Scizor|Scizorite\n|move|p2a: Scizor|Bullet Punch|p1b: Sneasler\n|-damage|p1b: Sneasler|0 fnt\n|faint|p1b: Sneasler\n|move|p1a: Aerodactyl|Rock Slide|p2a: Scizor|[spread] p2a,p2b\n|-resisted|p2b: Tauros|1\n|-damage|p2a: Scizor|88/100\n|-damage|p2b: Tauros|92/100\n|\n|upkeep\n|\n|t:|1776201017\n|switch|p1b: Meganium|Meganium, L50, F|100/100\n|turn|3\n|\n|t:|1776201027\n|detailschange|p1b: Meganium|Meganium-Mega, L50, F\n|-mega|p1b: Meganium|Meganium|Meganiumite\n|move|p1b: Meganium|Protect|p1b: Meganium\n|-singleturn|p1b: Meganium|Protect\n|move|p2b: Tauros|Aqua Jet|p1a: Aerodactyl\n|-supereffective|p1a: Aerodactyl|1\n|-damage|p1a: Aerodactyl|32/100\n|move|p2a: Scizor|Bullet Punch|p1b: Meganium\n|-activate|p1b: Meganium|move: Protect\n|move|p1a: Aerodactyl|Dual Wingbeat|p2b: Tauros\n|-supereffective|p2b: Tauros|1\n|-damage|p2b: Tauros|68/100\n|-supereffective|p2b: Tauros|1\n|-crit|p2b: Tauros\n|-damage|p2b: Tauros|13/100\n|-hitcount|p2b: Tauros|2\n|\n|upkeep\n|turn|4\n|\n|t:|1776201049\n|move|p1a: Aerodactyl|Protect|p1a: Aerodactyl\n|-singleturn|p1a: Aerodactyl|Protect\n|move|p2b: Tauros|Aqua Jet|p1a: Aerodactyl\n|-activate|p1a: Aerodactyl|move: Protect\n|move|p2a: Scizor|Bullet Punch|p1b: Meganium\n|-supereffective|p1b: Meganium|1\n|-damage|p1b: Meganium|0 fnt\n|faint|p1b: Meganium\n|\n|-sideend|p1: zamg2010|move: Tailwind\n|upkeep\n|\n|t:|1776201061\n|switch|p1b: Tyranitar|Tyranitar, L50, F|100/100\n|-weather|Sandstorm|[from] ability: Sand Stream|[of] p1b: Tyranitar\n|turn|5\n|-message|zamg2010 forfeited.\n|\n|win|poobleunderscore\n|raw|zamg2010's rating: 1159 &rarr; <strong>1134</strong><br />(-25 for losing)\n|raw|poobleunderscore's rating: 1157 &rarr; <strong>1182</strong><br />(+25 for winning)\n|l|\u2606zamg2010\n|player|p1|\n",
  "uploadtime": 1776201080,
  "views": 25,
  "formatid": "gen9championsvgc2026regma",
  "rating": 1134,
  "private": 0,
  "password": null
}