{
  "id": "gen9championsvgc2026regma-2585860708",
  "format": "[Gen 9 Champions] VGC 2026 Reg M-A",
  "players": [
    "teyuka_fuyu",
    "Where Is My Router"
  ],
  "log": "|j|\u2606teyuka_fuyu\n|j|\u2606Where Is My Router\n|t:|1776376273\n|gametype|doubles\n|player|p1|teyuka_fuyu|roxie|1000\n|player|p2|Where Is My Router|giovanni|1044\n|gen|9\n|tier|[Gen 9 Champions] VGC 2026 Reg M-A\n|rated|\n|rule|Species Clause: Limit one of each Pok\u00e9mon\n|rule|Item Clause: Limit 1 of each item\n|clearpoke\n|poke|p1|Basculegion, L50, M|\n|poke|p1|Dragonite, L50, F|\n|poke|p1|Sinistcha, L50|\n|poke|p1|Politoed, L50, M|\n|poke|p1|Gengar, L50, F|\n|poke|p1|Incineroar, L50, M|\n|poke|p2|Golurk, L50|\n|poke|p2|Mimikyu, L50, F|\n|poke|p2|Basculegion, L50, M|\n|poke|p2|Spiritomb, L50, F|\n|poke|p2|Sinistcha-Masterpiece, L50|\n|poke|p2|Zoroark-Hisui, L50, M|\n|teampreview|4\n|inactive|Battle timer is ON: inactive players will automatically lose when time's up. (requested by teyuka_fuyu)\n|\n|t:|1776376309\n|teamsize|p1|4\n|teamsize|p2|4\n|start\n|switch|p1a: rain main|Politoed, L50, M|100/100\n|switch|p1b: wolf|Incineroar, L50, M, shiny|100/100\n|switch|p2a: Atlas|Golurk, L50|100/100\n|switch|p2b: Brewdew|Sinistcha-Masterpiece, L50|100/100\n|-weather|RainDance|[from] ability: Drizzle|[of] p1a: rain main\n|-ability|p1b: wolf|Intimidate|boost\n|-unboost|p2a: Atlas|atk|1\n|-unboost|p2b: Brewdew|atk|1\n|turn|1\n|\n|t:|1776376327\n|move|p1b: wolf|Fake Out|p2b: Brewdew\n|-immune|p2b: Brewdew\n|move|p2a: Atlas|Focus Blast|p1b: wolf\n|-supereffective|p1b: wolf|1\n|-damage|p1b: wolf|39/100\n|-enditem|p1b: wolf|Sitrus Berry|[eat]\n|-heal|p1b: wolf|64/100|[from] item: Sitrus Berry\n|move|p1a: rain main|Muddy Water|p2b: Brewdew|[spread] p2a,p2b\n|-resisted|p2b: Brewdew|1\n|-damage|p2a: Atlas|37/100\n|-damage|p2b: Brewdew|81/100\n|replace|p2a: Jasper|Zoroark-Hisui, L50, M\n|-end|p2a: Jasper|Illusion\n|move|p2b: Brewdew|Matcha Gotcha|p1b: wolf|[spread] p1a,p1b\n|-supereffective|p1a: rain main|1\n|-resisted|p1b: wolf|1\n|-damage|p1a: rain main|64/100\n|-heal|p2b: Brewdew|100/100|[from] drain|[of] p1a: rain main\n|-damage|p1b: wolf|52/100\n|-status|p1a: rain main|brn\n|\n|-weather|RainDance|[upkeep]\n|-heal|p1a: rain main|70/100 brn|[from] item: Leftovers\n|-damage|p1a: rain main|64/100 brn|[from] brn\n|upkeep\n|turn|2\n|inactive|Where Is My Router has 30 seconds left.\n|\n|t:|1776376358\n|move|p1a: rain main|Protect|p1a: rain main\n|-singleturn|p1a: rain main|Protect\n|move|p2a: Jasper|Focus Blast|p1b: wolf|[miss]\n|-miss|p2a: Jasper|p1b: wolf\n|move|p1b: wolf|Parting Shot|p2a: Jasper\n|-unboost|p2a: Jasper|atk|1\n|-unboost|p2a: Jasper|spa|1\n|\n|t:|1776376369\n|switch|p1b: cutie patootie|Dragonite, L50, F|100/100|[from] Parting Shot\n|move|p2b: Brewdew|Trick Room|p2b: Brewdew\n|-fieldstart|move: Trick Room|[of] p2b: Brewdew\n|\n|-weather|RainDance|[upkeep]\n|-heal|p1a: rain main|70/100 brn|[from] item: Leftovers\n|-damage|p1a: rain main|64/100 brn|[from] brn\n|upkeep\n|turn|3\n|\n|t:|1776376392\n|move|p2b: Brewdew|Strength Sap|p1b: cutie patootie\n|-unboost|p1b: cutie patootie|atk|1\n|move|p1a: rain main|Muddy Water|p2b: Brewdew|[spread] p2a,p2b\n|-resisted|p2b: Brewdew|1\n|-damage|p2a: Jasper|0 fnt\n|-damage|p2b: Brewdew|82/100\n|-unboost|p2b: Brewdew|accuracy|1\n|faint|p2a: Jasper\n|move|p1b: cutie patootie|Hurricane|p2b: Brewdew\n|-supereffective|p2b: Brewdew|1\n|-damage|p2b: Brewdew|0 fnt\n|faint|p2b: Brewdew\n|\n|-weather|RainDance|[upkeep]\n|-heal|p1a: rain main|70/100 brn|[from] item: Leftovers\n|-damage|p1a: rain main|64/100 brn|[from] brn\n|upkeep\n|\n|t:|1776376409\n|switch|p2b: Karonte|Basculegion, L50, M|100/100\n|switch|p2a: Atlas|Golurk, L50|100/100\n|turn|4\n|\n|t:|1776376425\n|detailschange|p2a: Atlas|Golurk-Mega, L50\n|-mega|p2a: Atlas|Golurk|Golurkite\n|detailschange|p1b: cutie patootie|Dragonite-Mega, L50, F\n|-mega|p1b: cutie patootie|Dragonite|Dragoninite\n|move|p2a: Atlas|Ice Punch|p1b: cutie patootie\n|-supereffective|p1b: cutie patootie|2\n|-damage|p1b: cutie patootie|35/100\n|move|p1a: rain main|Perish Song|p1a: rain main\n|-start|p1a: rain main|perish3|[silent]\n|-start|p1b: cutie patootie|perish3|[silent]\n|-start|p2a: Atlas|perish3|[silent]\n|-start|p2b: Karonte|perish3|[silent]\n|-fieldactivate|move: Perish Song\n|move|p2b: Karonte|Last Respects|p1a: rain main\n|-damage|p1a: rain main|0 fnt\n|faint|p1a: rain main\n|move|p1b: cutie patootie|Hurricane|p2a: Atlas\n|-damage|p2a: Atlas|40/100\n|\n|-weather|RainDance|[upkeep]\n|-start|p2a: Atlas|perish3\n|-start|p2b: Karonte|perish3\n|-start|p1b: cutie patootie|perish3\n|upkeep\n|\n|t:|1776376441\n|switch|p1a: Basculegion|Basculegion, L50, M, shiny|100/100\n|turn|5\n|\n|t:|1776376452\n|move|p1a: Basculegion|Protect|p1a: Basculegion\n|-singleturn|p1a: Basculegion|Protect\n|move|p2a: Atlas|Ice Punch|p1b: cutie patootie\n|-supereffective|p1b: cutie patootie|2\n|-damage|p1b: cutie patootie|0 fnt\n|faint|p1b: cutie patootie\n|move|p2b: Karonte|Last Respects|p1a: Basculegion\n|-activate|p1a: Basculegion|move: Protect\n|\n|-weather|none\n|-start|p2a: Atlas|perish2\n|-start|p2b: Karonte|perish2\n|upkeep\n|\n|t:|1776376460\n|switch|p1b: wolf|Incineroar, L50, M, shiny|52/100\n|-ability|p1b: wolf|Intimidate|boost\n|-unboost|p2a: Atlas|atk|1\n|-unboost|p2b: Karonte|atk|1\n|turn|6\n|\n|t:|1776376471\n|move|p1b: wolf|Protect|p1b: wolf\n|-singleturn|p1b: wolf|Protect\n|move|p2a: Atlas|Close Combat|p1b: wolf\n|-supereffective|p1b: wolf|1\n|-ability|p2a: Atlas|Unseen Fist\n|-zbroken|p1b: wolf\n|-damage|p1b: wolf|37/100\n|-unboost|p2a: Atlas|def|1\n|-unboost|p2a: Atlas|spd|1\n|move|p2b: Karonte|Last Respects|p1a: Basculegion\n|-supereffective|p1a: Basculegion|1\n|-damage|p1a: Basculegion|0 fnt\n|faint|p1a: Basculegion\n|\n|-start|p2a: Atlas|perish1\n|-start|p2b: Karonte|perish1\n|-fieldend|move: Trick Room\n|upkeep\n|turn|7\n|\n|t:|1776376494\n|move|p2b: Karonte|Wave Crash|p1b: wolf\n|-supereffective|p1b: wolf|1\n|-damage|p1b: wolf|0 fnt\n|faint|p1b: wolf\n|-damage|p2b: Karonte|90/100|[from] Recoil\n|\n|win|Where Is My Router\n|raw|teyuka_fuyu's rating: 1000 &rarr; <strong>1000</strong><br />(+0 for losing)\n|raw|Where Is My Router's rating: 1044 &rarr; <strong>1073</strong><br />(+29 for winning)\n|c|\u2606Where Is My Router|Gg\n|l|\u2606teyuka_fuyu\n|player|p1|\n",
  "uploadtime": 1776376502,
  "views": 29,
  "formatid": "gen9championsvgc2026regma",
  "rating": 1000,
  "private": 0,
  "password": null
}