{
  "id": "gen9championsvgc2026regma-2583696871",
  "format": "[Gen 9 Champions] VGC 2026 Reg M-A",
  "players": [
    "Juya",
    "ivoryP"
  ],
  "log": "|j|\u2606Juya\n|j|\u2606ivoryP\n|t:|1776191649\n|gametype|doubles\n|player|p1|Juya|169|1285\n|player|p2|ivoryP|bugcatcher-gen4dp|1238\n|gen|9\n|tier|[Gen 9 Champions] VGC 2026 Reg M-A\n|rated|\n|rule|Species Clause: Limit one of each Pok\u00e9mon\n|rule|Item Clause: Limit 1 of each item\n|clearpoke\n|poke|p1|Floette-Eternal, L50, F|\n|poke|p1|Whimsicott, L50, M|\n|poke|p1|Tyranitar, L50, F|\n|poke|p1|Garchomp, L50, M|\n|poke|p1|Typhlosion-Hisui, L50, M|\n|poke|p1|Tsareena, L50, F|\n|poke|p2|Gengar, L50, M|\n|poke|p2|Basculegion, L50, M|\n|poke|p2|Floette-Eternal, L50, F|\n|poke|p2|Whimsicott, L50, M|\n|poke|p2|Volcarona, L50, M|\n|poke|p2|Tyranitar, L50, M|\n|teampreview|4\n|inactive|Battle timer is ON: inactive players will automatically lose when time's up. (requested by Juya)\n|inactive|Juya has 60 seconds left.\n|inactive|ivoryP has 60 seconds left.\n|\n|t:|1776191710\n|teamsize|p1|4\n|teamsize|p2|4\n|start\n|switch|p1a: Typhlosion|Typhlosion-Hisui, L50, M|100/100\n|switch|p1b: Tsareena|Tsareena, L50, F|100/100\n|switch|p2a: Volcarona|Volcarona, L50, M|100/100\n|switch|p2b: Floette|Floette-Eternal, L50, F|100/100\n|turn|1\n|\n|t:|1776191734\n|move|p1b: Tsareena|Helping Hand|p1a: Typhlosion\n|-singleturn|p1a: Typhlosion|Helping Hand|[of] p1b: Tsareena\n|move|p2b: Floette|Protect|p2b: Floette\n|-singleturn|p2b: Floette|Protect\n|move|p1a: Typhlosion|Eruption|p2a: Volcarona|[spread] p2a\n|-activate|p2b: Floette|move: Protect\n|-damage|p2a: Volcarona|2/100\n|move|p2a: Volcarona|Quiver Dance|p2a: Volcarona\n|-boost|p2a: Volcarona|spa|1\n|-boost|p2a: Volcarona|spd|1\n|-boost|p2a: Volcarona|spe|1\n|\n|-heal|p2a: Volcarona|9/100|[from] item: Leftovers\n|upkeep\n|turn|2\n|j| ErikSHowdown\n|l| ErikSHowdown\n|inactive|ivoryP has 30 seconds left.\n|\n|t:|1776191763\n|detailschange|p2b: Floette|Floette-Mega, L50, F\n|-mega|p2b: Floette|Floette|Floettite\n|-ability|p2b: Floette|Fairy Aura\n|move|p1b: Tsareena|Helping Hand|p1a: Typhlosion\n|-singleturn|p1a: Typhlosion|Helping Hand|[of] p1b: Tsareena\n|move|p1a: Typhlosion|Eruption|p2b: Floette|[spread] p2a,p2b\n|-damage|p2a: Volcarona|0 fnt\n|-damage|p2b: Floette|24/100\n|faint|p2a: Volcarona\n|move|p2b: Floette|Dazzling Gleam|p1a: Typhlosion|[spread] p1a,p1b\n|-resisted|p1a: Typhlosion|1\n|-damage|p1a: Typhlosion|66/100\n|-damage|p1b: Tsareena|55/100\n|\n|upkeep\n|\n|t:|1776191775\n|switch|p2a: Whimsicott|Whimsicott, L50, M|100/100\n|turn|3\n|\n|t:|1776191791\n|switch|p1a: Whimsicott|Whimsicott, L50, M, shiny|100/100\n|move|p2a: Whimsicott|Tailwind|p2a: Whimsicott\n|-sidestart|p2: ivoryP|move: Tailwind\n|move|p2b: Floette|Light of Ruin|p1a: Whimsicott\n|-enditem|p1a: Whimsicott|Focus Sash\n|-damage|p1a: Whimsicott|1/100\n|-damage|p2b: Floette|0 fnt|[from] Recoil\n|faint|p2b: Floette\n|move|p1b: Tsareena|Trop Kick|p2a: Whimsicott\n|-resisted|p2a: Whimsicott|1\n|-damage|p2a: Whimsicott|68/100\n|-unboost|p2a: Whimsicott|atk|1\n|\n|upkeep\n|\n|t:|1776191794\n|switch|p2b: Gengar|Gengar, L50, M, shiny|100/100\n|turn|4\n|\n|t:|1776191813\n|move|p1a: Whimsicott|Tailwind|p1a: Whimsicott\n|-sidestart|p1: Juya|move: Tailwind\n|move|p2a: Whimsicott|Moonblast|p1a: Whimsicott\n|-crit|p1a: Whimsicott\n|-damage|p1a: Whimsicott|0 fnt\n|faint|p1a: Whimsicott\n|move|p2b: Gengar|Sludge Bomb|p1b: Tsareena\n|-supereffective|p1b: Tsareena|1\n|-damage|p1b: Tsareena|0 fnt\n|faint|p1b: Tsareena\n|\n|upkeep\n|\n|t:|1776191822\n|switch|p1a: Typhlosion|Typhlosion-Hisui, L50, M|66/100\n|switch|p1b: Tyranitar|Tyranitar, L50, F|100/100\n|-weather|Sandstorm|[from] ability: Sand Stream|[of] p1b: Tyranitar\n|turn|5\n|\n|t:|1776191843\n|move|p2a: Whimsicott|Fake Tears|p1b: Tyranitar\n|-hint|Since gen 7, Dark is immune to Prankster moves.\n|-immune|p1b: Tyranitar\n|move|p1a: Typhlosion|Shadow Ball|p2b: Gengar\n|-supereffective|p2b: Gengar|1\n|-damage|p2b: Gengar|0 fnt\n|-start|p1a: Typhlosion|Disable|Shadow Ball|[from] ability: Cursed Body|[of] p2b: Gengar\n|faint|p2b: Gengar\n|move|p1b: Tyranitar|Knock Off|p2a: Whimsicott\n|-resisted|p2a: Whimsicott|1\n|-damage|p2a: Whimsicott|31/100\n|-enditem|p2a: Whimsicott|Focus Sash|[from] move: Knock Off|[of] p1b: Tyranitar\n|\n|-weather|Sandstorm|[upkeep]\n|-damage|p1a: Typhlosion|60/100|[from] Sandstorm\n|-damage|p2a: Whimsicott|25/100|[from] Sandstorm\n|upkeep\n|turn|6\n|-message|ivoryP forfeited.\n|\n|win|Juya\n|raw|Juya's rating: 1285 &rarr; <strong>1307</strong><br />(+22 for winning)\n|raw|ivoryP's rating: 1238 &rarr; <strong>1216</strong><br />(-22 for losing)\n|l|\u2606ivoryP\n|player|p2|\n",
  "uploadtime": 1776191868,
  "views": 34,
  "formatid": "gen9championsvgc2026regma",
  "rating": 1216,
  "private": 0,
  "password": null
}