{
  "id": "gen9championsvgc2026regma-2587473395",
  "format": "[Gen 9 Champions] VGC 2026 Reg M-A",
  "players": [
    "PM77Switch",
    "SANJAClNTO"
  ],
  "log": "|j|\u2606PM77Switch\n|j|\u2606SANJAClNTO\n|t:|1776534792\n|gametype|doubles\n|player|p1|PM77Switch|may-masters3|1204\n|player|p2|SANJAClNTO|1|1253\n|gen|9\n|tier|[Gen 9 Champions] VGC 2026 Reg M-A\n|rated|\n|rule|Species Clause: Limit one of each Pok\u00e9mon\n|rule|Item Clause: Limit 1 of each item\n|clearpoke\n|poke|p1|Blastoise, L50, F|\n|poke|p1|Kingambit, L50, M|\n|poke|p1|Sneasler, L50, F|\n|poke|p1|Aerodactyl, L50, F|\n|poke|p1|Sinistcha, L50|\n|poke|p1|Incineroar, L50, M|\n|poke|p2|Charizard, L50, M, shiny|\n|poke|p2|Venusaur, L50, F|\n|poke|p2|Garchomp, L50, F|\n|poke|p2|Gardevoir, L50, F|\n|poke|p2|Sneasler, L50, M|\n|poke|p2|Incineroar, L50, F|\n|teampreview|4\n|\n|t:|1776534835\n|teamsize|p1|4\n|teamsize|p2|4\n|start\n|switch|p1a: Incineroar|Incineroar, L50, M|100/100\n|switch|p1b: Aerodactyl|Aerodactyl, L50, F|100/100\n|switch|p2a: Sneasler|Sneasler, L50, M|100/100\n|switch|p2b: Charizard|Charizard, L50, M, shiny|100/100\n|-ability|p1b: Aerodactyl|Unnerve\n|-ability|p1a: Incineroar|Intimidate|boost\n|-unboost|p2a: Sneasler|atk|1\n|-unboost|p2b: Charizard|atk|1\n|-enditem|p2a: Sneasler|White Herb\n|-clearnegativeboost|p2a: Sneasler|[silent]\n|turn|1\n|\n|t:|1776534846\n|detailschange|p2b: Charizard|Charizard-Mega-Y, L50, M, shiny\n|-mega|p2b: Charizard|Charizard|Charizardite Y\n|-weather|SunnyDay|[from] ability: Drought|[of] p2b: Charizard\n|move|p1b: Aerodactyl|Protect|p1b: Aerodactyl\n|-singleturn|p1b: Aerodactyl|Protect\n|move|p2b: Charizard|Protect|p2b: Charizard\n|-singleturn|p2b: Charizard|Protect\n|move|p2a: Sneasler|Fake Out|p1b: Aerodactyl\n|-activate|p1b: Aerodactyl|move: Protect\n|move|p1a: Incineroar|Fake Out|p2b: Charizard\n|-activate|p2b: Charizard|move: Protect\n|\n|-weather|SunnyDay|[upkeep]\n|upkeep\n|turn|2\n|\n|t:|1776534892\n|move|p2a: Sneasler|Close Combat|p1b: Aerodactyl\n|-damage|p1b: Aerodactyl|5/100\n|-unboost|p2a: Sneasler|def|1\n|-unboost|p2a: Sneasler|spd|1\n|move|p1b: Aerodactyl|Tailwind|p1b: Aerodactyl\n|-sidestart|p1: PM77Switch|move: Tailwind\n|move|p2b: Charizard|Solar Beam||[still]\n|-prepare|p2b: Charizard|Solar Beam\n|-anim|p2b: Charizard|Solar Beam|p1b: Aerodactyl\n|-damage|p1b: Aerodactyl|0 fnt\n|faint|p1b: Aerodactyl\n|move|p1a: Incineroar|Parting Shot|p2b: Charizard\n|-unboost|p2b: Charizard|atk|1\n|-unboost|p2b: Charizard|spa|1\n|\n|t:|1776534898\n|switch|p1a: Blastoise|Blastoise, L50, F|100/100|[from] Parting Shot\n|\n|-weather|SunnyDay|[upkeep]\n|upkeep\n|\n|t:|1776534900\n|switch|p1b: Incineroar|Incineroar, L50, M|100/100\n|-ability|p1b: Incineroar|Intimidate|boost\n|-unboost|p2a: Sneasler|atk|1\n|-unboost|p2b: Charizard|atk|1\n|turn|3\n|\n|t:|1776534930\n|switch|p2a: Venusaur|Venusaur, L50, F|100/100\n|detailschange|p1a: Blastoise|Blastoise-Mega, L50, F\n|-mega|p1a: Blastoise|Blastoise|Blastoisinite\n|move|p2b: Charizard|Protect|p2b: Charizard\n|-singleturn|p2b: Charizard|Protect\n|move|p1b: Incineroar|Fake Out|p2b: Charizard\n|-activate|p2b: Charizard|move: Protect\n|move|p1a: Blastoise|Ice Beam|p2a: Venusaur\n|-supereffective|p2a: Venusaur|1\n|-damage|p2a: Venusaur|23/100\n|\n|-weather|SunnyDay|[upkeep]\n|upkeep\n|turn|4\n|\n|t:|1776534980\n|move|p1a: Blastoise|Protect|p1a: Blastoise\n|-singleturn|p1a: Blastoise|Protect\n|move|p2a: Venusaur|Sleep Powder|p1a: Blastoise\n|-activate|p1a: Blastoise|move: Protect\n|move|p2b: Charizard|Solar Beam||[still]\n|-prepare|p2b: Charizard|Solar Beam\n|-anim|p2b: Charizard|Solar Beam|p1a: Blastoise\n|-activate|p1a: Blastoise|move: Protect\n|move|p1b: Incineroar|Flare Blitz|p2a: Venusaur\n|-supereffective|p2a: Venusaur|1\n|-damage|p2a: Venusaur|0 fnt\n|faint|p2a: Venusaur\n|-damage|p1b: Incineroar|95/100|[from] Recoil\n|\n|-weather|SunnyDay|[upkeep]\n|upkeep\n|\n|t:|1776534995\n|switch|p2a: Sneasler|Sneasler, L50, M|100/100\n|turn|5\n|\n|t:|1776535012\n|move|p2a: Sneasler|Fake Out|p1a: Blastoise\n|-damage|p1a: Blastoise|89/100\n|cant|p1a: Blastoise|flinch\n|move|p2b: Charizard|Solar Beam||[still]\n|-prepare|p2b: Charizard|Solar Beam\n|-anim|p2b: Charizard|Solar Beam|p1a: Blastoise\n|-supereffective|p1a: Blastoise|1\n|-damage|p1a: Blastoise|30/100\n|move|p1b: Incineroar|Flare Blitz|p2a: Sneasler\n|-damage|p2a: Sneasler|0 fnt\n|faint|p2a: Sneasler\n|-damage|p1b: Incineroar|69/100|[from] Recoil\n|\n|-weather|none\n|-sideend|p1: PM77Switch|move: Tailwind\n|upkeep\n|\n|t:|1776535025\n|switch|p2a: Gardevoir|Gardevoir, L50, F|100/100\n|turn|6\n|\n|t:|1776535061\n|move|p2b: Charizard|Dragon Pulse|p1a: Blastoise\n|-damage|p1a: Blastoise|9/100\n|move|p2a: Gardevoir|Hyper Voice|p1a: Blastoise|[spread] p1a,p1b\n|-crit|p1b: Incineroar\n|-damage|p1a: Blastoise|0 fnt\n|-damage|p1b: Incineroar|41/100\n|faint|p1a: Blastoise\n|move|p1b: Incineroar|Darkest Lariat|p2b: Charizard\n|-damage|p2b: Charizard|50/100\n|\n|upkeep\n|\n|t:|1776535070\n|switch|p1a: Kingambit|Kingambit, L50, M|100/100\n|turn|7\n|\n|t:|1776535103\n|move|p1a: Kingambit|Sucker Punch|p2b: Charizard\n|-damage|p2b: Charizard|0 fnt\n|faint|p2b: Charizard\n|move|p2a: Gardevoir|Hyper Voice|p1a: Kingambit|[spread] p1a,p1b\n|-resisted|p1a: Kingambit|1\n|-damage|p1a: Kingambit|90/100\n|-damage|p1b: Incineroar|20/100\n|move|p1b: Incineroar|Darkest Lariat|p2a: Gardevoir\n|-damage|p2a: Gardevoir|38/100\n|\n|upkeep\n|turn|8\n|\n|t:|1776535112\n|move|p1a: Kingambit|Sucker Punch|p2a: Gardevoir\n|-damage|p2a: Gardevoir|0 fnt\n|faint|p2a: Gardevoir\n|\n|win|PM77Switch\n|raw|PM77Switch's rating: 1204 &rarr; <strong>1233</strong><br />(+29 for winning)\n|raw|SANJAClNTO's rating: 1253 &rarr; <strong>1224</strong><br />(-29 for losing)\n|l|\u2606SANJAClNTO\n|player|p2|\n",
  "uploadtime": 1776535116,
  "views": 17,
  "formatid": "gen9championsvgc2026regma",
  "rating": 1224,
  "private": 0,
  "password": null
}