{
  "id": "gen9championsvgc2026regma-2588244318",
  "format": "[Gen 9 Champions] VGC 2026 Reg M-A",
  "players": [
    "lelmaste",
    "sethsety"
  ],
  "log": "|j|\u2606lelmaste\n|j|\u2606sethsety\n|t:|1776617568\n|gametype|doubles\n|player|p1|lelmaste|swimmer-gen4dp|1100\n|player|p2|sethsety|102|1089\n|gen|9\n|tier|[Gen 9 Champions] VGC 2026 Reg M-A\n|rated|\n|rule|Species Clause: Limit one of each Pok\u00e9mon\n|rule|Item Clause: Limit 1 of each item\n|clearpoke\n|poke|p1|Charizard, L50, F|\n|poke|p1|Passimian, L50, M|\n|poke|p1|Hydreigon, L50, F|\n|poke|p1|Aegislash, L50, M|\n|poke|p1|Espathra, L50, F|\n|poke|p1|Floette-Eternal, L50, F|\n|poke|p2|Archaludon, L50, M, shiny|\n|poke|p2|Pelipper, L50, M, shiny|\n|poke|p2|Sinistcha, L50, shiny|\n|poke|p2|Floette-Eternal, L50, F|\n|poke|p2|Hawlucha, L50, M, shiny|\n|poke|p2|Kingambit, L50, M, shiny|\n|teampreview|4\n|inactive|Battle timer is ON: inactive players will automatically lose when time's up. (requested by sethsety)\nsethsety rejected open team sheets.\n|inactive|lelmaste has 60 seconds left.\n|inactive|sethsety has 60 seconds left.\n|\n|t:|1776617604\n|teamsize|p1|4\n|teamsize|p2|4\n|start\n|switch|p1a: Charizard|Charizard, L50, F|100/100\n|switch|p1b: Espathra|Espathra, L50, F|100/100\n|switch|p2a: Hawlucha|Hawlucha, L50, M, shiny|100/100\n|switch|p2b: Kingambit|Kingambit, L50, M, shiny|100/100\n|turn|1\n|inactive|sethsety has 30 seconds left.\n|\n|t:|1776617631\n|detailschange|p1a: Charizard|Charizard-Mega-Y, L50, F\n|-mega|p1a: Charizard|Charizard|Charizardite Y\n|-weather|SunnyDay|[from] ability: Drought|[of] p1a: Charizard\n|move|p2a: Hawlucha|Protect|p2a: Hawlucha\n|-singleturn|p2a: Hawlucha|Protect\n|move|p1b: Espathra|Protect|p1b: Espathra\n|-singleturn|p1b: Espathra|Protect\n|move|p2b: Kingambit|Protect|p2b: Kingambit\n|-singleturn|p2b: Kingambit|Protect\n|move|p1a: Charizard|Heat Wave|p2a: Hawlucha|[spread] \n|-activate|p2a: Hawlucha|move: Protect\n|-activate|p2b: Kingambit|move: Protect\n|\n|-weather|SunnyDay|[upkeep]\n|-ability|p1b: Espathra|Speed Boost|boost\n|-boost|p1b: Espathra|spe|1\n|upkeep\n|turn|2\n|\n|t:|1776617653\n|switch|p2b: Pelipper|Pelipper, L50, M, shiny|100/100\n|-weather|RainDance|[from] ability: Drizzle|[of] p2b: Pelipper\n|detailschange|p2a: Hawlucha|Hawlucha-Mega, L50, M, shiny\n|-mega|p2a: Hawlucha|Hawlucha|Hawluchanite\n|move|p1b: Espathra|Calm Mind|p1b: Espathra\n|-boost|p1b: Espathra|spa|1\n|-boost|p1b: Espathra|spd|1\n|move|p2a: Hawlucha|Rock Slide|p1a: Charizard|[spread] p1a,p1b\n|-supereffective|p1a: Charizard|2\n|-damage|p1a: Charizard|0 fnt\n|-damage|p1b: Espathra|69/100\n|faint|p1a: Charizard\n|\n|-weather|RainDance|[upkeep]\n|-ability|p1b: Espathra|Speed Boost|boost\n|-boost|p1b: Espathra|spe|1\n|upkeep\n|\n|t:|1776617671\n|switch|p1a: Aegislash|Aegislash, L50, M|100/100\n|turn|3\n|\n|t:|1776617684\n|move|p1b: Espathra|Lumina Crash|p2a: Hawlucha\n|-supereffective|p2a: Hawlucha|1\n|-damage|p2a: Hawlucha|0 fnt\n|faint|p2a: Hawlucha\n|move|p2b: Pelipper|Hurricane|p1b: Espathra\n|-damage|p1b: Espathra|22/100\n|-formechange|p1a: Aegislash|Aegislash-Blade|\n|move|p1a: Aegislash|Poltergeist|p2b: Pelipper\n|-activate|p2b: Pelipper|move: Poltergeist|Focus Sash\n|-damage|p2b: Pelipper|34/100\n|\n|-weather|RainDance|[upkeep]\n|-ability|p1b: Espathra|Speed Boost|boost\n|-boost|p1b: Espathra|spe|1\n|upkeep\n|\n|t:|1776617697\n|switch|p2a: Kingambit|Kingambit, L50, M, shiny|100/100\n|turn|4\n|\n|t:|1776617709\n|move|p1a: Aegislash|Shadow Sneak|p2b: Pelipper\n|-damage|p2b: Pelipper|10/100\n|move|p1b: Espathra|Baton Pass|p1b: Espathra\n|\n|t:|1776617712\n|switch|p1b: Passimian|Passimian, L50, M|100/100|[from] Baton Pass\n|move|p2b: Pelipper|Hurricane|p1b: Passimian\n|-supereffective|p1b: Passimian|1\n|-damage|p1b: Passimian|11/100\n|-start|p1b: Passimian|confusion\n|move|p2a: Kingambit|Kowtow Cleave|p1a: Aegislash\n|-supereffective|p1a: Aegislash|1\n|-damage|p1a: Aegislash|0 fnt\n|faint|p1a: Aegislash\n|\n|-weather|RainDance|[upkeep]\n|upkeep\n|\n|t:|1776617721\n|switch|p1a: Espathra|Espathra, L50, F|22/100\n|turn|5\n|inactive|sethsety has 30 seconds left.\n|\n|t:|1776617753\n|-activate|p1b: Passimian|confusion\n|-damage|p1b: Passimian|0 fnt|[from] confusion\n|faint|p1b: Passimian\n|move|p1a: Espathra|Lumina Crash|p2b: Pelipper\n|-damage|p2b: Pelipper|0 fnt\n|faint|p2b: Pelipper\n|move|p2a: Kingambit|Iron Head|p1a: Espathra\n|-damage|p1a: Espathra|0 fnt\n|faint|p1a: Espathra\n|\n|win|sethsety\n|raw|lelmaste's rating: 1100 &rarr; <strong>1074</strong><br />(-26 for losing)\n|raw|sethsety's rating: 1089 &rarr; <strong>1116</strong><br />(+27 for winning)\n|l|\u2606lelmaste\n|player|p1|\n",
  "uploadtime": 1776617763,
  "views": 10,
  "formatid": "gen9championsvgc2026regma",
  "rating": 1074,
  "private": 0,
  "password": null
}