{
  "id": "gen9championsvgc2026regma-2580687879",
  "format": "[Gen 9 Champions] VGC 2026 Reg M-A",
  "players": [
    "n4pier19",
    "shigeshigetokugawa"
  ],
  "log": "|j|\u2606n4pier19\n|j|\u2606shigeshigetokugawa\n|t:|1775924352\n|gametype|doubles\n|player|p1|n4pier19|170|1139\n|player|p2|shigeshigetokugawa|ghetsis-gen5bw|1245\n|gen|9\n|tier|[Gen 9 Champions] VGC 2026 Reg M-A\n|rated|\n|rule|Species Clause: Limit one of each Pok\u00e9mon\n|rule|Item Clause: Limit 1 of each item\n|clearpoke\n|poke|p1|Froslass, L50, F|\n|poke|p1|Rotom-Wash, L50|\n|poke|p1|Sneasler, L50, M|\n|poke|p1|Glaceon, L50, F|\n|poke|p1|Dragapult, L50, F|\n|poke|p1|Tyranitar, L50, F|\n|poke|p2|Floette-Eternal, L50, F|\n|poke|p2|Garchomp, L50, F|\n|poke|p2|Rotom-Wash, L50|\n|poke|p2|Talonflame, L50, M|\n|poke|p2|Aegislash, L50, M|\n|poke|p2|Maushold-Four, L50|\n|teampreview|4\n|inactive|Battle timer is ON: inactive players will automatically lose when time's up. (requested by n4pier19)\n|j| gE1xjZRtuhW2DdT0AK\n|inactive|shigeshigetokugawa has 60 seconds left.\n|\n|t:|1775924405\n|teamsize|p1|4\n|teamsize|p2|4\n|start\n|switch|p1a: Froslass|Froslass, L50, F|100/100\n|switch|p1b: Glaceon|Glaceon, L50, F|100/100\n|switch|p2a: Maushold|Maushold-Four, L50|100/100\n|switch|p2b: Floette|Floette-Eternal, L50, F|100/100\n|turn|1\n|inactive|shigeshigetokugawa has 30 seconds left.\n|inactive|shigeshigetokugawa has 20 seconds left.\n|inactive|shigeshigetokugawa has 15 seconds left.\n|\n|t:|1775924446\n|detailschange|p1a: Froslass|Froslass-Mega, L50, F\n|-mega|p1a: Froslass|Froslass|Froslassite\n|-weather|Snowscape|[from] ability: Snow Warning|[of] p1a: Froslass\n|detailschange|p2b: Floette|Floette-Mega, L50, F\n|-mega|p2b: Floette|Floette|Floettite\n|-ability|p2b: Floette|Fairy Aura\n|move|p1a: Froslass|Blizzard|p2b: Floette|[spread] p2a,p2b\n|-damage|p2a: Maushold|47/100\n|-damage|p2b: Floette|78/100\n|move|p2a: Maushold|Super Fang|p1b: Glaceon|[miss]\n|-miss|p2a: Maushold|p1b: Glaceon\n|move|p2b: Floette|Calm Mind|p2b: Floette\n|-boost|p2b: Floette|spa|1\n|-boost|p2b: Floette|spd|1\n|move|p1b: Glaceon|Blizzard|p2a: Maushold|[spread] p2a,p2b\n|-damage|p2a: Maushold|0 fnt\n|-damage|p2b: Floette|61/100\n|faint|p2a: Maushold\n|\n|-weather|Snowscape|[upkeep]\n|upkeep\n|\n|t:|1775924456\n|switch|p2a: Talonflame|Talonflame, L50, M|100/100\n|turn|2\n|\n|t:|1775924466\n|move|p1a: Froslass|Protect|p1a: Froslass\n|-singleturn|p1a: Froslass|Protect\n|move|p2a: Talonflame|Tailwind|p2a: Talonflame\n|-sidestart|p2: shigeshigetokugawa|move: Tailwind\n|move|p2b: Floette|Dazzling Gleam|p1a: Froslass|[spread] p1b\n|-activate|p1a: Froslass|move: Protect\n|-crit|p1b: Glaceon\n|-damage|p1b: Glaceon|0 fnt\n|faint|p1b: Glaceon\n|\n|-weather|Snowscape|[upkeep]\n|upkeep\n|\n|t:|1775924477\n|switch|p1b: Sneasler|Sneasler, L50, M|100/100\n|turn|3\n|inactive|shigeshigetokugawa has 30 seconds left.\n|inactive|shigeshigetokugawa has 20 seconds left.\n|inactive|shigeshigetokugawa has 15 seconds left.\n|inactive|shigeshigetokugawa has 10 seconds left.\n|\n|t:|1775924524\n|move|p2b: Floette|Protect|p2b: Floette\n|-singleturn|p2b: Floette|Protect\n|move|p1b: Sneasler|Fake Out|p2b: Floette\n|-activate|p2b: Floette|move: Protect\n|move|p2a: Talonflame|Acrobatics|p1b: Sneasler\n|-supereffective|p1b: Sneasler|1\n|-damage|p1b: Sneasler|0 fnt\n|faint|p1b: Sneasler\n|move|p1a: Froslass|Blizzard|p2b: Floette|[spread] p2a\n|-activate|p2b: Floette|move: Protect\n|-damage|p2a: Talonflame|36/100\n|\n|-weather|Snowscape|[upkeep]\n|upkeep\n|\n|t:|1775924536\n|switch|p1b: Dragapult|Dragapult, L50, F|100/100\n|turn|4\n|\n|t:|1775924542\n|move|p1a: Froslass|Protect|p1a: Froslass\n|-singleturn|p1a: Froslass|Protect\n|move|p2a: Talonflame|Flare Blitz|p1a: Froslass\n|-activate|p1a: Froslass|move: Protect\n|move|p2b: Floette|Dazzling Gleam|p1a: Froslass|[spread] p1b\n|-activate|p1a: Froslass|move: Protect\n|-supereffective|p1b: Dragapult|1\n|-enditem|p1b: Dragapult|Focus Sash\n|-damage|p1b: Dragapult|1/100\n|move|p1b: Dragapult|Phantom Force||[still]\n|-prepare|p1b: Dragapult|Phantom Force\n|\n|-weather|Snowscape|[upkeep]\n|upkeep\n|turn|5\n|\n|t:|1775924556\n|move|p2a: Talonflame|Flare Blitz|p1a: Froslass\n|-supereffective|p1a: Froslass|1\n|-damage|p1a: Froslass|0 fnt\n|faint|p1a: Froslass\n|-damage|p2a: Talonflame|5/100|[from] Recoil\n|move|p2b: Floette|Moonblast|p1b: Dragapult|[miss]\n|-miss|p2b: Floette|p1b: Dragapult\n|move|p1b: Dragapult|Phantom Force|p2b: Floette|[from] lockedmove\n|-damage|p2b: Floette|9/100\n|\n|-weather|none\n|-sideend|p2: shigeshigetokugawa|move: Tailwind\n|upkeep\n|turn|6\n|-message|n4pier19 forfeited.\n|\n|win|shigeshigetokugawa\n|raw|n4pier19's rating: 1139 &rarr; <strong>1121</strong><br />(-18 for losing)\n|raw|shigeshigetokugawa's rating: 1245 &rarr; <strong>1263</strong><br />(+18 for winning)\n|l|\u2606n4pier19\n|player|p1|\n",
  "uploadtime": 1775924580,
  "views": 73,
  "formatid": "gen9championsvgc2026regma",
  "rating": 1121,
  "private": 0,
  "password": null
}