{
  "id": "gen9championsvgc2026regma-2588920411",
  "format": "[Gen 9 Champions] VGC 2026 Reg M-A",
  "players": [
    "jcmg245",
    "Piloufis"
  ],
  "log": "|j|\u2606jcmg245\n|j|\u2606Piloufis\n|t:|1776685974\n|gametype|doubles\n|player|p1|jcmg245|101|1145\n|player|p2|Piloufis|silver|1048\n|gen|9\n|tier|[Gen 9 Champions] VGC 2026 Reg M-A\n|rated|\n|rule|Species Clause: Limit one of each Pok\u00e9mon\n|rule|Item Clause: Limit 1 of each item\n|clearpoke\n|poke|p1|Tyranitar, L50, M, shiny|\n|poke|p1|Excadrill, L50, F, shiny|\n|poke|p1|Corviknight, L50, M, shiny|\n|poke|p1|Sinistcha, L50, shiny|\n|poke|p1|Arcanine-Hisui, L50, F, shiny|\n|poke|p1|Garchomp, L50, M, shiny|\n|poke|p2|Froslass, L50, F|\n|poke|p2|Rotom-Wash, L50|\n|poke|p2|Garchomp, L50, M|\n|poke|p2|Sneasler, L50, M|\n|poke|p2|Incineroar, L50, M|\n|poke|p2|Milotic, L50, M|\n|teampreview|4\n|inactive|Battle timer is ON: inactive players will automatically lose when time's up. (requested by Piloufis)\n|\n|t:|1776686020\n|teamsize|p1|4\n|teamsize|p2|4\n|start\n|switch|p1a: Tyranitar|Tyranitar, L50, M, shiny|100/100\n|switch|p1b: Excadrill|Excadrill, L50, F, shiny|100/100\n|switch|p2a: Rotom|Rotom-Wash, L50|100/100\n|switch|p2b: Garchomp|Garchomp, L50, M|100/100\n|-weather|Sandstorm|[from] ability: Sand Stream|[of] p1a: Tyranitar\n|turn|1\n|inactive|Piloufis has 30 seconds left.\n|\n|t:|1776686053\n|move|p1b: Excadrill|Protect|p1b: Excadrill\n|-singleturn|p1b: Excadrill|Protect\n|move|p2a: Rotom|Hydro Pump|p1a: Tyranitar|[miss]\n|-miss|p2a: Rotom|p1a: Tyranitar\n|move|p2b: Garchomp|Earthquake|p1a: Tyranitar|[spread] p1a\n|-activate|p1b: Excadrill|move: Protect\n|-immune|p2a: Rotom|[from] ability: Levitate\n|-supereffective|p1a: Tyranitar|1\n|-damage|p1a: Tyranitar|29/100\n|move|p1a: Tyranitar|Knock Off|p2b: Garchomp\n|-damage|p2b: Garchomp|50/100\n|-damage|p1a: Tyranitar|17/100|[from] ability: Rough Skin|[of] p2b: Garchomp\n|-enditem|p2b: Garchomp|Soft Sand|[from] move: Knock Off|[of] p1a: Tyranitar\n|\n|-weather|Sandstorm|[upkeep]\n|-damage|p2a: Rotom|95/100|[from] Sandstorm\n|upkeep\n|turn|2\n|inactive|jcmg245 has 30 seconds left.\n|inactive|jcmg245 has 20 seconds left.\n|inactive|jcmg245 has 15 seconds left.\n|\n|t:|1776686094\n|move|p1a: Tyranitar|Protect|p1a: Tyranitar\n|-singleturn|p1a: Tyranitar|Protect\n|move|p1b: Excadrill|Iron Head|p2b: Garchomp\n|-damage|p2b: Garchomp|10/100\n|-damage|p1b: Excadrill|88/100|[from] ability: Rough Skin|[of] p2b: Garchomp\n|move|p2a: Rotom|Hydro Pump|p1a: Tyranitar\n|-activate|p1a: Tyranitar|move: Protect\n|move|p2b: Garchomp|Earthquake|p1b: Excadrill|[spread] p1b\n|-activate|p1a: Tyranitar|move: Protect\n|-immune|p2a: Rotom|[from] ability: Levitate\n|-supereffective|p1b: Excadrill|1\n|-damage|p1b: Excadrill|0 fnt\n|faint|p1b: Excadrill\n|\n|-weather|Sandstorm|[upkeep]\n|-damage|p2a: Rotom|89/100|[from] Sandstorm\n|upkeep\n|\n|t:|1776686103\n|switch|p1b: Garchomp|Garchomp, L50, M, shiny|100/100\n|turn|3\n|\n|t:|1776686121\n|switch|p1a: Sinistcha|Sinistcha, L50, shiny|100/100\n|detailschange|p1b: Garchomp|Garchomp-Mega, L50, M, shiny\n|-mega|p1b: Garchomp|Garchomp|Garchompite\n|move|p2a: Rotom|Hydro Pump|p1b: Garchomp\n|-damage|p1b: Garchomp|54/100\n|move|p2b: Garchomp|Earthquake|p1a: Sinistcha|[spread] p1a,p1b\n|-immune|p2a: Rotom|[from] ability: Levitate\n|-resisted|p1a: Sinistcha|1\n|-damage|p1a: Sinistcha|84/100\n|-damage|p1b: Garchomp|20/100\n|move|p1b: Garchomp|Swords Dance|p1b: Garchomp\n|-boost|p1b: Garchomp|atk|2\n|\n|-weather|Sandstorm|[upkeep]\n|-damage|p2a: Rotom|84/100|[from] Sandstorm\n|-damage|p1a: Sinistcha|77/100|[from] Sandstorm\n|upkeep\n|turn|4\n|inactive|jcmg245 has 30 seconds left.\n|\n|t:|1776686150\n|move|p2a: Rotom|Hydro Pump|p1b: Garchomp\n|-damage|p1b: Garchomp|0 fnt\n|faint|p1b: Garchomp\n|move|p2b: Garchomp|Dragon Claw|p1a: Sinistcha\n|-damage|p1a: Sinistcha|44/100\n|-enditem|p1a: Sinistcha|Sitrus Berry|[eat]\n|-heal|p1a: Sinistcha|68/100|[from] item: Sitrus Berry\n|move|p1a: Sinistcha|Life Dew|p1a: Sinistcha\n|-heal|p1a: Sinistcha|94/100\n|\n|-weather|Sandstorm|[upkeep]\n|-damage|p2a: Rotom|78/100|[from] Sandstorm\n|-damage|p1a: Sinistcha|88/100|[from] Sandstorm\n|upkeep\n|\n|t:|1776686154\n|switch|p1b: Tyranitar|Tyranitar, L50, M, shiny|17/100\n|turn|5\n|\n|t:|1776686169\n|switch|p2a: Incineroar|Incineroar, L50, M|100/100\n|-ability|p2a: Incineroar|Intimidate|boost\n|-unboost|p1a: Sinistcha|atk|1\n|-unboost|p1b: Tyranitar|atk|1\n|move|p2b: Garchomp|Protect|p2b: Garchomp\n|-singleturn|p2b: Garchomp|Protect\n|move|p1b: Tyranitar|Protect|p1b: Tyranitar\n|-singleturn|p1b: Tyranitar|Protect\n|move|p1a: Sinistcha|Life Dew|p1a: Sinistcha|[spread] p1a,p1b\n|-heal|p1a: Sinistcha|100/100\n|-heal|p1b: Tyranitar|42/100\n|\n|-weather|none\n|upkeep\n|turn|6\n|\n|t:|1776686187\n|move|p2a: Incineroar|Fake Out|p1b: Tyranitar\n|-resisted|p1b: Tyranitar|1\n|-damage|p1b: Tyranitar|37/100\n|move|p2b: Garchomp|Stomping Tantrum|p1b: Tyranitar\n|-supereffective|p1b: Tyranitar|1\n|-damage|p1b: Tyranitar|0 fnt\n|faint|p1b: Tyranitar\n|move|p1a: Sinistcha|Matcha Gotcha|p2a: Incineroar|[spread] p2a,p2b\n|-resisted|p2a: Incineroar|1\n|-damage|p2a: Incineroar|90/100\n|-damage|p2b: Garchomp|0 fnt\n|faint|p2b: Garchomp\n|\n|upkeep\n|-message|jcmg245 forfeited.\n|\n|win|Piloufis\n|raw|jcmg245's rating: 1145 &rarr; <strong>1113</strong><br />(-32 for losing)\n|raw|Piloufis's rating: 1048 &rarr; <strong>1090</strong><br />(+42 for winning)\n|l|\u2606jcmg245\n|player|p1|\n",
  "uploadtime": 1776686231,
  "views": 13,
  "formatid": "gen9championsvgc2026regma",
  "rating": 1090,
  "private": 0,
  "password": null
}