{
  "id": "gen9championsvgc2026regma-2586621988",
  "format": "[Gen 9 Champions] VGC 2026 Reg M-A",
  "players": [
    "Sali235",
    "campeondelfitness"
  ],
  "log": "|j|\u2606Sali235\n|j|\u2606campeondelfitness\n|t:|1776447496\n|gametype|doubles\n|player|p1|Sali235|2|1130\n|player|p2|campeondelfitness|swimmer|1176\n|gen|9\n|tier|[Gen 9 Champions] VGC 2026 Reg M-A\n|rated|\n|rule|Species Clause: Limit one of each Pok\u00e9mon\n|rule|Item Clause: Limit 1 of each item\n|clearpoke\n|poke|p1|Charizard, L50, F|\n|poke|p1|Aegislash, L50, F|\n|poke|p1|Milotic, L50, F|\n|poke|p1|Whimsicott, L50, F|\n|poke|p1|Garchomp, L50, F|\n|poke|p1|Kingambit, L50, M|\n|poke|p2|Tyranitar, L50, F|\n|poke|p2|Garchomp, L50, F|\n|poke|p2|Heliolisk, L50, F|\n|poke|p2|Rotom-Heat, L50|\n|poke|p2|Orthworm, L50, M|\n|poke|p2|Aerodactyl, L50, M|\n|teampreview|4\n|inactive|Battle timer is ON: inactive players will automatically lose when time's up. (requested by campeondelfitness)\n|inactive|Sali235 has 60 seconds left.\n|inactive|campeondelfitness has 60 seconds left.\n|\n|t:|1776447531\n|teamsize|p1|4\n|teamsize|p2|4\n|start\n|switch|p1a: Milotic|Milotic, L50, F|100/100\n|switch|p1b: Kingambit|Kingambit, L50, M|100/100\n|switch|p2a: Rotom|Rotom-Heat, L50|100/100\n|switch|p2b: Orthworm|Orthworm, L50, M|100/100\n|turn|1\n|inactive|Sali235 has 30 seconds left.\n|inactive|campeondelfitness has 30 seconds left.\n|inactive|campeondelfitness has 20 seconds left.\n|inactive|Sali235 has 20 seconds left.\n|\n|t:|1776447575\n|move|p2a: Rotom|Will-O-Wisp|p1b: Kingambit\n|-status|p1b: Kingambit|brn\n|move|p1a: Milotic|Scald|p2a: Rotom\n|-supereffective|p2a: Rotom|1\n|-damage|p2a: Rotom|19/100\n|move|p2b: Orthworm|Shed Tail|p2b: Orthworm\n|-start|p2b: Orthworm|Substitute|[from] move: Shed Tail\n|-damage|p2b: Orthworm|50/100\n|\n|t:|1776447585\n|switch|p2b: Garchomp|Garchomp, L50, F|100/100|[from] Shed Tail\n|move|p1b: Kingambit|Throat Chop|p2a: Rotom\n|-damage|p2a: Rotom|0 fnt\n|faint|p2a: Rotom\n|\n|-damage|p1b: Kingambit|95/100 brn|[from] brn\n|upkeep\n|\n|t:|1776447594\n|switch|p2a: Tyranitar|Tyranitar, L50, F|100/100\n|-weather|Sandstorm|[from] ability: Sand Stream|[of] p2a: Tyranitar\n|turn|2\n|\n|t:|1776447608\n|switch|p2a: Orthworm|Orthworm, L50, M|50/100\n|detailschange|p2b: Garchomp|Garchomp-Mega, L50, F\n|-mega|p2b: Garchomp|Garchomp|Garchompite\n|move|p2b: Garchomp|Earthquake|p1b: Kingambit|[spread] p1a,p1b\n|-heal|p2a: Orthworm|75/100|[from] ability: Earth Eater|[of] p2b: Garchomp\n|-supereffective|p1b: Kingambit|1\n|-damage|p1a: Milotic|36/100\n|-damage|p1b: Kingambit|0 fnt\n|faint|p1b: Kingambit\n|move|p1a: Milotic|Icy Wind|p2b: Garchomp|[spread] p2a,p2b\n|-supereffective|p2b: Garchomp|2\n|-end|p2b: Garchomp|Substitute\n|-resisted|p2a: Orthworm|1\n|-damage|p2a: Orthworm|65/100\n|-unboost|p2a: Orthworm|spe|1\n|\n|-weather|Sandstorm|[upkeep]\n|-damage|p1a: Milotic|30/100|[from] Sandstorm\n|-heal|p1a: Milotic|36/100|[from] item: Leftovers\n|-heal|p2a: Orthworm|71/100|[from] item: Leftovers\n|upkeep\n|\n|t:|1776447624\n|switch|p1b: Garchomp|Garchomp, L50, F|100/100\n|turn|3\n|\n|t:|1776447649\n|move|p1b: Garchomp|Dragon Claw|p2b: Garchomp\n|-supereffective|p2b: Garchomp|1\n|-damage|p2b: Garchomp|29/100\n|move|p2b: Garchomp|Earthquake|p1b: Garchomp|[spread] p1a,p1b\n|-heal|p2a: Orthworm|96/100|[from] ability: Earth Eater|[of] p2b: Garchomp\n|-damage|p1a: Milotic|0 fnt\n|-damage|p1b: Garchomp|38/100\n|-enditem|p1b: Garchomp|Sitrus Berry|[eat]\n|-heal|p1b: Garchomp|63/100|[from] item: Sitrus Berry\n|faint|p1a: Milotic\n|move|p2a: Orthworm|Shed Tail|p2a: Orthworm\n|-start|p2a: Orthworm|Substitute|[from] move: Shed Tail\n|-damage|p2a: Orthworm|46/100\n|\n|t:|1776447660\n|switch|p2a: Tyranitar|Tyranitar, L50, F|100/100|[from] Shed Tail\n|\n|-weather|Sandstorm|[upkeep]\n|upkeep\n|\n|t:|1776447663\n|switch|p1a: Charizard|Charizard, L50, F|100/100\n|turn|4\n|\n|t:|1776447674\n|detailschange|p1a: Charizard|Charizard-Mega-Y, L50, F\n|-mega|p1a: Charizard|Charizard|Charizardite Y\n|-weather|SunnyDay|[from] ability: Drought|[of] p1a: Charizard\n|move|p2b: Garchomp|Protect|p2b: Garchomp\n|-singleturn|p2b: Garchomp|Protect\n|move|p1b: Garchomp|Earthquake|p2b: Garchomp|[spread] p2a\n|-activate|p2b: Garchomp|move: Protect\n|-immune|p1a: Charizard\n|-supereffective|p2a: Tyranitar|1\n|-end|p2a: Tyranitar|Substitute\n|move|p1a: Charizard|Solar Beam||[still]\n|-prepare|p1a: Charizard|Solar Beam\n|-anim|p1a: Charizard|Solar Beam|p2a: Tyranitar\n|-supereffective|p2a: Tyranitar|1\n|-damage|p2a: Tyranitar|16/100\n|move|p2a: Tyranitar|Icy Wind|p1a: Charizard|[spread] p1a,p1b\n|-supereffective|p1b: Garchomp|2\n|-damage|p1a: Charizard|92/100\n|-damage|p1b: Garchomp|22/100\n|-unboost|p1a: Charizard|spe|1\n|-unboost|p1b: Garchomp|spe|1\n|\n|-weather|SunnyDay|[upkeep]\n|upkeep\n|turn|5\n|inactive|campeondelfitness has 30 seconds left.\n|inactive|campeondelfitness has 20 seconds left.\n|inactive|campeondelfitness has 15 seconds left.\n|inactive|campeondelfitness has 10 seconds left.\n|inactive|campeondelfitness has 5 seconds left.\n|\n|t:|1776447724\n|switch|p2b: Orthworm|Orthworm, L50, M|46/100\n|move|p1b: Garchomp|Earthquake|p2a: Tyranitar|[spread] p2a\n|-heal|p2b: Orthworm|71/100|[from] ability: Earth Eater|[of] p1b: Garchomp\n|-immune|p1a: Charizard\n|-supereffective|p2a: Tyranitar|1\n|-damage|p2a: Tyranitar|0 fnt\n|faint|p2a: Tyranitar\n|move|p1a: Charizard|Heat Wave|p2b: Orthworm\n|-supereffective|p2b: Orthworm|1\n|-damage|p2b: Orthworm|0 fnt\n|faint|p2b: Orthworm\n|\n|-weather|SunnyDay|[upkeep]\n|upkeep\n|inactive|campeondelfitness has 30 seconds left.\n|\n|t:|1776447754\n|switch|p2a: Garchomp|Garchomp-Mega, L50, F|29/100\n|turn|6\n|\n|t:|1776447762\n|move|p2a: Garchomp|Dragon Claw|p1a: Charizard\n|-damage|p1a: Charizard|35/100\n|move|p1b: Garchomp|Dragon Claw|p2a: Garchomp\n|-supereffective|p2a: Garchomp|1\n|-damage|p2a: Garchomp|0 fnt\n|faint|p2a: Garchomp\n|\n|win|Sali235\n|raw|Sali235's rating: 1130 &rarr; <strong>1158</strong><br />(+28 for winning)\n|raw|campeondelfitness's rating: 1176 &rarr; <strong>1148</strong><br />(-28 for losing)\n",
  "uploadtime": 1776447771,
  "views": 40,
  "formatid": "gen9championsvgc2026regma",
  "rating": 1148,
  "private": 0,
  "password": null
}