{
  "id": "gen9championsvgc2026regma-2588627052",
  "format": "[Gen 9 Champions] VGC 2026 Reg M-A",
  "players": [
    "dr. shio",
    "Ratman937402"
  ],
  "log": "|j|\u2606dr. shio\n|j|\u2606Ratman937402\n|html|<table width=\"100%\"><tr><td align=\"left\">dr. shio</td><td align=\"right\">Ratman937402</tr><tr><td align=\"left\"><i class=\"fa fa-circle-o\"></i> <i class=\"fa fa-circle-o\"></i> </td><td align=\"right\"><i class=\"fa fa-circle-o\"></i> <i class=\"fa fa-circle-o\"></i> </tr></table>\n|uhtml|bestof|<h2><strong>Game 1</strong> of <a href=\"/game-bestof3-gen9championsvgc2026regma-2588627051\">a best-of-3</a></h2>\n|t:|1776651500\n|gametype|doubles\n|player|p1|dr. shio|dawn|\n|player|p2|Ratman937402|wallace|\n|gen|9\n|tier|[Gen 9 Champions] VGC 2026 Reg M-A\n|rule|Species Clause: Limit one of each Pok\u00e9mon\n|rule|Item Clause: Limit 1 of each item\n|raw|<div class=\"infobox\"><details class=\"readmore\" open><summary><strong>1 custom rule:</strong></summary> Best of = 3</details></div>\n|clearpoke\n|poke|p1|Torkoal, L50, M, shiny|\n|poke|p1|Clefable, L50, M, shiny|\n|poke|p1|Drampa, L50, F, shiny|\n|poke|p1|Aggron, L50, M, shiny|\n|poke|p1|Sinistcha, L50, shiny|\n|poke|p1|Incineroar, L50, M, shiny|\n|poke|p2|Whimsicott, L50, M|\n|poke|p2|Garchomp, L50, F|\n|poke|p2|Gardevoir, L50, F|\n|poke|p2|Aerodactyl, L50, F|\n|poke|p2|Scizor, L50, M, shiny|\n|poke|p2|Rotom-Wash, L50|\n|teampreview|4\nRatman937402 has agreed to open team sheets.\ndr. shio has agreed to open team sheets.\n|showteam|p1|Torkoal||Charcoal|Drought|Protect,Eruption,EarthPower,WeatherBall|||M|||50|]Clefable||Leftovers|MagicGuard|Protect,Moonblast,Moonlight,FollowMe|||M|||50|]Drampa||Drampanite|Berserk|CalmMind,DragonPulse,Protect,HyperVoice|||F|||50|]Aggron||Aggronite|Sturdy|IronHead,Protect,IronDefense,BodyPress|||M|||50|]Sinistcha||SitrusBerry|Hospitality|Protect,MatchaGotcha,TrickRoom,RagePowder||||||50|]Incineroar||PasshoBerry|Intimidate|FakeOut,Protect,PartingShot,ThroatChop|||M|||50|\n|showteam|p2|Whimsicott||MentalHerb|Prankster|Tailwind,Moonblast,Encore,Protect|||M|||50|]Garchomp||SoftSand|RoughSkin|DragonClaw,Earthquake,StompingTantrum,Protect|||F|||50|]Gardevoir||Gardevoirite|Telepathy|HyperVoice,Moonblast,Psychic,Protect|||F|||50|]Aerodactyl||FocusSash|Unnerve|DualWingbeat,Tailwind,RockSlide,Protect|||F|||50|]Scizor||Scizorite|Technician|BulletPunch,CloseCombat,SwordsDance,Protect|||M|||50|]Rotom-Wash||ChoiceScarf|Levitate|Electroweb,HydroPump,Thunderbolt,DarkPulse||||||50|\n|j| woopalotl\n|\n|t:|1776651568\n|teamsize|p1|4\n|teamsize|p2|4\n|start\n|switch|p1a: Incineroar|Incineroar, L50, M, shiny|100/100\n|switch|p1b: Aggron|Aggron, L50, M, shiny|100/100\n|switch|p2a: Rotom|Rotom-Wash, L50|100/100\n|switch|p2b: Garchomp|Garchomp, L50, F|100/100\n|-ability|p1a: Incineroar|Intimidate|boost\n|-unboost|p2a: Rotom|atk|1\n|-unboost|p2b: Garchomp|atk|1\n|turn|1\n|\n|t:|1776651600\n|switch|p2a: Scizor|Scizor, L50, M, shiny|100/100\n|switch|p2b: Aerodactyl|Aerodactyl, L50, F|100/100\n|-ability|p2b: Aerodactyl|Unnerve\n|move|p1a: Incineroar|Fake Out|p2a: Scizor\n|-resisted|p2a: Scizor|1\n|-crit|p2a: Scizor\n|-damage|p2a: Scizor|91/100\n|move|p1b: Aggron|Iron Defense|p1b: Aggron\n|-boost|p1b: Aggron|def|2\n|\n|upkeep\n|turn|2\n|\n|t:|1776651625\n|switch|p2a: Rotom|Rotom-Wash, L50|100/100\n|move|p1b: Aggron|Protect|p1b: Aggron\n|-singleturn|p1b: Aggron|Protect\n|move|p2b: Aerodactyl|Rock Slide|p1a: Incineroar|[spread] p1a\n|-activate|p1b: Aggron|move: Protect\n|-supereffective|p1a: Incineroar|1\n|-damage|p1a: Incineroar|58/100\n|move|p1a: Incineroar|Throat Chop|p2b: Aerodactyl\n|-damage|p2b: Aerodactyl|41/100\n|-start|p2b: Aerodactyl|Throat Chop|[silent]\n|\n|upkeep\n|turn|3\n|\n|t:|1776651658\n|detailschange|p1b: Aggron|Aggron-Mega, L50, M, shiny\n|-mega|p1b: Aggron|Aggron|Aggronite\n|move|p1a: Incineroar|Protect|p1a: Incineroar\n|-singleturn|p1a: Incineroar|Protect\n|move|p2b: Aerodactyl|Rock Slide|p1b: Aggron|[spread] p1b\n|-activate|p1a: Incineroar|move: Protect\n|-resisted|p1b: Aggron|1\n|-damage|p1b: Aggron|97/100\n|move|p2a: Rotom|Hydro Pump|p1b: Aggron\n|-damage|p1b: Aggron|51/100\n|cant|p1b: Aggron|flinch\n|\n|-end|p2b: Aerodactyl|Throat Chop|[silent]\n|upkeep\n|turn|4\n|\n|t:|1776651679\n|switch|p1a: Sinistcha|Sinistcha, L50, shiny|100/100\n|-heal|p1b: Aggron|76/100|[from] ability: Hospitality|[of] p1a: Sinistcha\n|move|p2b: Aerodactyl|Rock Slide|p1a: Sinistcha|[spread] p1a\n|-miss|p2b: Aerodactyl|p1b: Aggron\n|-damage|p1a: Sinistcha|76/100\n|move|p2a: Rotom|Hydro Pump|p1b: Aggron\n|-damage|p1b: Aggron|29/100\n|move|p1b: Aggron|Body Press|p2a: Rotom\n|-damage|p2a: Rotom|9/100\n|\n|upkeep\n|turn|5\n|\n|t:|1776651696\n|move|p1b: Aggron|Protect|p1b: Aggron\n|-singleturn|p1b: Aggron|Protect\n|move|p2b: Aerodactyl|Dual Wingbeat|p1a: Sinistcha\n|-supereffective|p1a: Sinistcha|1\n|-damage|p1a: Sinistcha|45/100\n|-supereffective|p1a: Sinistcha|1\n|-damage|p1a: Sinistcha|10/100\n|-hitcount|p1a: Sinistcha|2\n|move|p2a: Rotom|Hydro Pump|p1b: Aggron\n|-activate|p1b: Aggron|move: Protect\n|move|p1a: Sinistcha|Matcha Gotcha|p2a: Rotom|[spread] p2a,p2b\n|-supereffective|p2a: Rotom|1\n|-damage|p2a: Rotom|0 fnt\n|-heal|p1a: Sinistcha|13/100|[from] drain|[of] p2a: Rotom\n|-damage|p2b: Aerodactyl|5/100\n|-heal|p1a: Sinistcha|30/100|[from] drain|[of] p2b: Aerodactyl\n|faint|p2a: Rotom\n|\n|upkeep\n|\n|t:|1776651705\n|switch|p2a: Garchomp|Garchomp, L50, F|100/100\n|turn|6\n|\n|t:|1776651763\n|switch|p1b: Incineroar|Incineroar, L50, M, shiny|58/100\n|-ability|p1b: Incineroar|Intimidate|boost\n|-unboost|p2a: Garchomp|atk|1\n|-unboost|p2b: Aerodactyl|atk|1\n|move|p2b: Aerodactyl|Rock Slide|p1a: Sinistcha|[spread] p1b\n|-miss|p2b: Aerodactyl|p1a: Sinistcha\n|-supereffective|p1b: Incineroar|1\n|-crit|p1b: Incineroar\n|-damage|p1b: Incineroar|0 fnt\n|faint|p1b: Incineroar\n|move|p2a: Garchomp|Earthquake|p1a: Sinistcha|[spread] p1a\n|-immune|p2b: Aerodactyl\n|-resisted|p1a: Sinistcha|1\n|-damage|p1a: Sinistcha|16/100\n|move|p1a: Sinistcha|Matcha Gotcha|p2a: Garchomp|[spread] p2a,p2b\n|-damage|p2a: Garchomp|73/100\n|-heal|p1a: Sinistcha|31/100|[from] drain|[of] p2a: Garchomp\n|-damage|p2b: Aerodactyl|0 fnt\n|-heal|p1a: Sinistcha|33/100|[from] drain|[of] p2b: Aerodactyl\n|-enditem|p1a: Sinistcha|Sitrus Berry|[eat]\n|-heal|p1a: Sinistcha|58/100|[from] item: Sitrus Berry\n|faint|p2b: Aerodactyl\n|\n|upkeep\n|\n|t:|1776651786\n|switch|p2b: Scizor|Scizor, L50, M, shiny|91/100\n|switch|p1b: Aggron|Aggron-Mega, L50, M, shiny|29/100\n|turn|7\n|\n|t:|1776651802\n|detailschange|p2b: Scizor|Scizor-Mega, L50, M, shiny\n|-mega|p2b: Scizor|Scizor|Scizorite\n|move|p2a: Garchomp|Stomping Tantrum|p1b: Aggron\n|-supereffective|p1b: Aggron|1\n|-damage|p1b: Aggron|5/100\n|move|p2b: Scizor|Swords Dance|p2b: Scizor\n|-boost|p2b: Scizor|atk|2\n|move|p1b: Aggron|Iron Defense|p1b: Aggron\n|-boost|p1b: Aggron|def|2\n|move|p1a: Sinistcha|Trick Room|p1a: Sinistcha\n|-fieldstart|move: Trick Room|[of] p1a: Sinistcha\n|\n|upkeep\n|turn|8\n|\n|t:|1776651828\n|switch|p1a: Torkoal|Torkoal, L50, M, shiny|100/100\n|-weather|SunnyDay|[from] ability: Drought|[of] p1a: Torkoal\n|move|p1b: Aggron|Protect|p1b: Aggron\n|-singleturn|p1b: Aggron|Protect\n|move|p2b: Scizor|Bullet Punch|p1b: Aggron\n|-activate|p1b: Aggron|move: Protect\n|move|p2a: Garchomp|Dragon Claw|p1a: Torkoal\n|-damage|p1a: Torkoal|76/100\n|\n|-weather|SunnyDay|[upkeep]\n|upkeep\n|turn|9\n|\n|t:|1776651846\n|move|p1a: Torkoal|Protect|p1a: Torkoal\n|-singleturn|p1a: Torkoal|Protect\n|move|p2b: Scizor|Protect|p2b: Scizor\n|-singleturn|p2b: Scizor|Protect\n|move|p1b: Aggron|Body Press|p2a: Garchomp\n|-damage|p2a: Garchomp|0 fnt\n|-damage|p1b: Aggron|0 fnt|[from] ability: Rough Skin|[of] p2a: Garchomp\n|faint|p2a: Garchomp\n|faint|p1b: Aggron\n|\n|-weather|SunnyDay|[upkeep]\n|upkeep\n|\n|t:|1776651856\n|switch|p1b: Sinistcha|Sinistcha, L50, shiny|58/100\n|-heal|p1a: Torkoal|100/100|[from] ability: Hospitality|[of] p1b: Sinistcha\n|turn|10\n|\n|t:|1776651865\n|move|p1b: Sinistcha|Rage Powder|p1b: Sinistcha\n|-singleturn|p1b: Sinistcha|move: Rage Powder\n|move|p1a: Torkoal|Eruption|p2b: Scizor\n|-supereffective|p2b: Scizor|2\n|-damage|p2b: Scizor|0 fnt\n|faint|p2b: Scizor\n|\n|win|dr. shio\n||dr. shio is ready for game 2.\n||Ratman937402 is ready for game 2.\n|uhtml|next|Next: <a href=\"/battle-gen9championsvgc2026regma-2588630887\"><strong>Game 2 of 3</strong></a>\n|l|\u2606Ratman937402\n|player|p2|\n",
  "uploadtime": 1776652345,
  "views": 2,
  "formatid": "gen9championsvgc2026regma",
  "rating": null,
  "private": 0,
  "password": null
}