{
  "id": "gen9championsvgc2026regma-2588941478",
  "format": "[Gen 9 Champions] VGC 2026 Reg M-A",
  "players": [
    "Buftzi",
    "mizutiga"
  ],
  "log": "|j|\u2606Buftzi\n|j|\u2606mizutiga\n|t:|1776687990\n|gametype|doubles\n|player|p1|Buftzi|ghetsis|1121\n|player|p2|mizutiga|266|1072\n|gen|9\n|tier|[Gen 9 Champions] VGC 2026 Reg M-A\n|rated|\n|rule|Species Clause: Limit one of each Pok\u00e9mon\n|rule|Item Clause: Limit 1 of each item\n|clearpoke\n|poke|p1|Sinistcha-Masterpiece, L50, shiny|\n|poke|p1|Drampa, L50, F, shiny|\n|poke|p1|Farigiraf, L50, F, shiny|\n|poke|p1|Skeledirge, L50, M, shiny|\n|poke|p1|Aerodactyl, L50, F, shiny|\n|poke|p1|Primarina, L50, M, shiny|\n|poke|p2|Serperior, L50, F, shiny|\n|poke|p2|Incineroar, L50, M|\n|poke|p2|Tauros-Paldea-Aqua, L50, M|\n|poke|p2|Pelipper, L50, F|\n|poke|p2|Dragonite, L50, F|\n|poke|p2|Milotic, L50, F|\n|teampreview|4\n|inactive|Battle timer is ON: inactive players will automatically lose when time's up. (requested by Buftzi)\nBuftzi rejected open team sheets.\n|inactive|mizutiga has 60 seconds left.\n|\n|t:|1776688024\n|teamsize|p1|4\n|teamsize|p2|4\n|start\n|switch|p1a: Farigiraf|Farigiraf, L50, F, shiny|100/100\n|switch|p1b: Drampa|Drampa, L50, F, shiny|100/100\n|switch|p2a: Incineroar|Incineroar, L50, M|100/100\n|switch|p2b: Pelipper|Pelipper, L50, F|100/100\n|-weather|RainDance|[from] ability: Drizzle|[of] p2b: Pelipper\n|-ability|p2a: Incineroar|Intimidate|boost\n|-unboost|p1a: Farigiraf|atk|1\n|-unboost|p1b: Drampa|atk|1\n|turn|1\n|inactive|Buftzi has 30 seconds left.\n|\n|t:|1776688056\n|detailschange|p1b: Drampa|Drampa-Mega, L50, F, shiny\n|-mega|p1b: Drampa|Drampa|Drampanite\n|move|p2b: Pelipper|U-turn|p1a: Farigiraf\n|-supereffective|p1a: Farigiraf|1\n|-damage|p1a: Farigiraf|80/100\n|\n|t:|1776688062\n|switch|p2b: Milotic|Milotic, L50, F|100/100|[from] U-turn\n|move|p2a: Incineroar|Darkest Lariat|p1a: Farigiraf\n|-supereffective|p1a: Farigiraf|1\n|-damage|p1a: Farigiraf|0 fnt\n|faint|p1a: Farigiraf\n|move|p1b: Drampa|Thunder|p2b: Milotic\n|-supereffective|p2b: Milotic|1\n|-damage|p2b: Milotic|33/100\n|\n|-weather|RainDance|[upkeep]\n|-heal|p2b: Milotic|39/100|[from] item: Leftovers\n|upkeep\n|\n|t:|1776688076\n|switch|p1a: Primarina|Primarina, L50, M, shiny|100/100\n|turn|2\n|\n|t:|1776688099\n|switch|p2a: Serperior|Serperior, L50, F, shiny|100/100\n|move|p2b: Milotic|Alluring Voice|p1b: Drampa\n|-supereffective|p1b: Drampa|1\n|-damage|p1b: Drampa|68/100\n|move|p1a: Primarina|Hyper Voice|p2a: Serperior|[spread] p2a,p2b\n|-resisted|p2a: Serperior|1\n|-resisted|p2b: Milotic|1\n|-damage|p2a: Serperior|56/100\n|-damage|p2b: Milotic|13/100\n|move|p1b: Drampa|Hyper Voice|p2b: Milotic|[spread] p2a,p2b\n|-damage|p2a: Serperior|0 fnt\n|-damage|p2b: Milotic|0 fnt\n|faint|p2a: Serperior\n|faint|p2b: Milotic\n|\n|-weather|RainDance|[upkeep]\n|upkeep\n|\n|t:|1776688109\n|switch|p2a: Incineroar|Incineroar, L50, M|100/100\n|switch|p2b: Pelipper|Pelipper, L50, F|100/100\n|-ability|p2a: Incineroar|Intimidate|boost\n|-unboost|p1a: Primarina|atk|1\n|-unboost|p1b: Drampa|atk|1\n|turn|3\n|\n|t:|1776688121\n|move|p2a: Incineroar|Fake Out|p1b: Drampa\n|-damage|p1b: Drampa|57/100\n|move|p2b: Pelipper|Hurricane|p1b: Drampa\n|-damage|p1b: Drampa|26/100\n|-ability|p1b: Drampa|Berserk|boost\n|-boost|p1b: Drampa|spa|1\n|move|p1a: Primarina|Hyper Voice|p2a: Incineroar|[spread] p2a,p2b\n|-supereffective|p2a: Incineroar|1\n|-resisted|p2b: Pelipper|1\n|-damage|p2a: Incineroar|8/100\n|-damage|p2b: Pelipper|53/100\n|-enditem|p2a: Incineroar|Sitrus Berry|[eat]\n|-heal|p2a: Incineroar|33/100|[from] item: Sitrus Berry\n|cant|p1b: Drampa|flinch\n|\n|-weather|RainDance|[upkeep]\n|upkeep\n|turn|4\n|\n|t:|1776688140\n|move|p2b: Pelipper|Hurricane|p1b: Drampa\n|-damage|p1b: Drampa|0 fnt\n|faint|p1b: Drampa\n|move|p1a: Primarina|Hyper Voice|p2a: Incineroar|[spread] p2a,p2b\n|-supereffective|p2a: Incineroar|1\n|-resisted|p2b: Pelipper|1\n|-damage|p2a: Incineroar|0 fnt\n|-damage|p2b: Pelipper|1/100\n|faint|p2a: Incineroar\n|\n|-weather|RainDance|[upkeep]\n|upkeep\n|\n|t:|1776688149\n|switch|p1b: Skeledirge|Skeledirge, L50, M, shiny|100/100\n|turn|5\n|\n|t:|1776688155\n|move|p2b: Pelipper|Weather Ball|p1b: Skeledirge\n|-supereffective|p1b: Skeledirge|1\n|-damage|p1b: Skeledirge|0 fnt\n|faint|p1b: Skeledirge\n|move|p1a: Primarina|Hyper Voice|p2b: Pelipper\n|-resisted|p2b: Pelipper|1\n|-damage|p2b: Pelipper|0 fnt\n|faint|p2b: Pelipper\n|\n|win|Buftzi\n|raw|Buftzi's rating: 1121 &rarr; <strong>1142</strong><br />(+21 for winning)\n|raw|mizutiga's rating: 1072 &rarr; <strong>1054</strong><br />(-18 for losing)\n|l|\u2606Buftzi\n|player|p1|\n",
  "uploadtime": 1776688159,
  "views": 10,
  "formatid": "gen9championsvgc2026regma",
  "rating": 1054,
  "private": 0,
  "password": null
}