{
  "id": "gen9championsvgc2026regma-2587576963",
  "format": "[Gen 9 Champions] VGC 2026 Reg M-A",
  "players": [
    "ZABUYA1",
    "HawaiiCookieCo"
  ],
  "log": "|j|\u2606ZABUYA1\n|j|\u2606HawaiiCookieCo\n|t:|1776543767\n|gametype|doubles\n|player|p1|ZABUYA1|265|1112\n|player|p2|HawaiiCookieCo|swimmer-gen4dp|1152\n|gen|9\n|tier|[Gen 9 Champions] VGC 2026 Reg M-A\n|rated|\n|rule|Species Clause: Limit one of each Pok\u00e9mon\n|rule|Item Clause: Limit 1 of each item\n|clearpoke\n|poke|p1|Alakazam, L50, F|\n|poke|p1|Meowstic, L50, M|\n|poke|p1|Maushold-Four, L50|\n|poke|p1|Lucario, L50, F|\n|poke|p1|Clefable, L50, M|\n|poke|p1|Noivern, L50, F|\n|poke|p2|Delphox, L50, M|\n|poke|p2|Maushold, L50|\n|poke|p2|Tsareena, L50, F|\n|poke|p2|Basculegion, L50, M|\n|poke|p2|Dragonite, L50, M|\n|poke|p2|Tinkaton, L50, F|\n|teampreview|4\n|inactive|Battle timer is ON: inactive players will automatically lose when time's up. (requested by HawaiiCookieCo)\n|inactive|ZABUYA1 has 60 seconds left.\n|inactive|ZABUYA1 has 30 seconds left.\n|\n|t:|1776543830\n|teamsize|p1|4\n|teamsize|p2|4\n|start\n|switch|p1a: Meowstic|Meowstic, L50, M|100/100\n|switch|p1b: Maushold|Maushold-Four, L50|100/100\n|switch|p2a: Delphox|Delphox, L50, M|100/100\n|switch|p2b: Maushold|Maushold, L50|100/100\n|turn|1\n|inactive|ZABUYA1 has 30 seconds left.\n|inactive|HawaiiCookieCo has 30 seconds left.\n|\n|t:|1776543864\n|move|p2a: Delphox|Protect|p2a: Delphox\n|-singleturn|p2a: Delphox|Protect\n|move|p2b: Maushold|Protect|p2b: Maushold\n|-singleturn|p2b: Maushold|Protect\n|move|p1a: Meowstic|Fake Out|p2a: Delphox\n|-activate|p2a: Delphox|move: Protect\n|move|p1b: Maushold|Population Bomb|p2a: Delphox\n|-activate|p2a: Delphox|move: Protect\n|\n|upkeep\n|turn|2\n|\n|t:|1776543885\n|detailschange|p2a: Delphox|Delphox-Mega, L50, M\n|-mega|p2a: Delphox|Delphox|Delphoxite\n|move|p2b: Maushold|Follow Me|p2b: Maushold\n|-singleturn|p2b: Maushold|move: Follow Me\n|move|p1a: Meowstic|Gravity|p1a: Meowstic\n|-fieldstart|move: Gravity\n|move|p2a: Delphox|Encore|p1a: Meowstic\n|-start|p1a: Meowstic|Encore\n|-enditem|p1a: Meowstic|Mental Herb\n|-end|p1a: Meowstic|Encore\n|move|p1b: Maushold|Population Bomb|p2b: Maushold\n|-damage|p2b: Maushold|87/100\n|-damage|p2b: Maushold|73/100\n|-damage|p2b: Maushold|60/100\n|-damage|p2b: Maushold|46/100\n|-damage|p2b: Maushold|33/100\n|-damage|p2b: Maushold|21/100\n|-damage|p2b: Maushold|8/100\n|-damage|p2b: Maushold|0 fnt\n|faint|p2b: Maushold\n|-hitcount|p2: Maushold|8\n|\n|upkeep\n|\n|t:|1776543895\n|switch|p2b: Basculegion|Basculegion, L50, M|100/100\n|turn|3\n|inactive|ZABUYA1 has 30 seconds left.\n|\n|t:|1776543922\n|move|p2a: Delphox|Protect|p2a: Delphox\n|-singleturn|p2a: Delphox|Protect\n|move|p1a: Meowstic|Psychic Terrain|p1a: Meowstic\n|-fieldstart|move: Psychic Terrain\n|move|p2b: Basculegion|Wave Crash|p1b: Maushold\n|-damage|p1b: Maushold|0 fnt\n|faint|p1b: Maushold\n|-damage|p2b: Basculegion|75/100|[from] Recoil\n|\n|upkeep\n|\n|t:|1776543938\n|switch|p1b: Lucario|Lucario, L50, F|100/100\n|turn|4\n|inactive|ZABUYA1 has 30 seconds left.\n|\n|t:|1776543964\n|move|p1b: Lucario|Bullet Punch|p2a: Delphox\n|-activate|p2a: Delphox|move: Psychic Terrain\n|move|p2b: Basculegion|Wave Crash|p1b: Lucario\n|-damage|p1b: Lucario|0 fnt\n|faint|p1b: Lucario\n|-damage|p2b: Basculegion|49/100|[from] Recoil\n|move|p2a: Delphox|Heat Wave|p1a: Meowstic\n|-damage|p1a: Meowstic|36/100\n|-status|p1a: Meowstic|brn\n|move|p1a: Meowstic|Expanding Force|p2b: Basculegion|[spread] p2a,p2b\n|-resisted|p2a: Delphox|1\n|-damage|p2a: Delphox|83/100\n|-damage|p2b: Basculegion|8/100\n|\n|-damage|p1a: Meowstic|31/100 brn|[from] brn\n|upkeep\n|\n|t:|1776543977\n|switch|p1b: Alakazam|Alakazam, L50, F|100/100\n|turn|5\n|inactive|ZABUYA1 has 30 seconds left.\n|\n|t:|1776544012\n|detailschange|p1b: Alakazam|Alakazam-Mega, L50, F\n|-mega|p1b: Alakazam|Alakazam|Alakazite\n|-ability|p1b: Alakazam|Adaptability|Trace|[from] ability: Trace|[of] p2b: Basculegion\n|move|p2b: Basculegion|Wave Crash|p1b: Alakazam\n|-damage|p1b: Alakazam|0 fnt\n|faint|p1b: Alakazam\n|-damage|p2b: Basculegion|0 fnt|[from] Recoil\n|faint|p2b: Basculegion\n|move|p2a: Delphox|Heat Wave|p1a: Meowstic\n|-damage|p1a: Meowstic|0 fnt\n|faint|p1a: Meowstic\n|\n|win|HawaiiCookieCo\n|raw|ZABUYA1's rating: 1112 &rarr; <strong>1090</strong><br />(-22 for losing)\n|raw|HawaiiCookieCo's rating: 1152 &rarr; <strong>1174</strong><br />(+22 for winning)\n|l|\u2606ZABUYA1\n|player|p1|\n",
  "uploadtime": 1776544024,
  "views": 16,
  "formatid": "gen9championsvgc2026regma",
  "rating": 1090,
  "private": 0,
  "password": null
}