{
  "id": "gen9championsvgc2026regma-2587754752",
  "format": "[Gen 9 Champions] VGC 2026 Reg M-A",
  "players": [
    "ImHastur",
    "Viperino7"
  ],
  "log": "|j|\u2606ImHastur\n|j|\u2606Viperino7\n|t:|1776560687\n|gametype|doubles\n|player|p1|ImHastur|misty|1103\n|player|p2|Viperino7|265|1112\n|gen|9\n|tier|[Gen 9 Champions] VGC 2026 Reg M-A\n|rated|\n|rule|Species Clause: Limit one of each Pok\u00e9mon\n|rule|Item Clause: Limit 1 of each item\n|clearpoke\n|poke|p1|Chandelure, L50, F|\n|poke|p1|Aerodactyl, L50, M|\n|poke|p1|Sinistcha, L50|\n|poke|p1|Excadrill, L50, M|\n|poke|p1|Tyranitar, L50, F|\n|poke|p1|Incineroar, L50, M|\n|poke|p2|Kangaskhan, L50, F|\n|poke|p2|Drampa, L50, F|\n|poke|p2|Zoroark-Hisui, L50, M|\n|poke|p2|Farigiraf, L50, M|\n|poke|p2|Toucannon, L50, F|\n|poke|p2|Maushold-Four, L50|\n|teampreview|4\n|inactive|Battle timer is ON: inactive players will automatically lose when time's up. (requested by ImHastur)\n|\n|t:|1776560720\n|teamsize|p1|4\n|teamsize|p2|4\n|start\n|switch|p1a: Vulture|Aerodactyl, L50, M|100/100\n|switch|p1b: Queenie|Chandelure, L50, F|100/100\n|switch|p2a: Drampa|Drampa, L50, F|100/100\n|switch|p2b: Farigiraf|Farigiraf, L50, M|100/100\n|-ability|p2a: Drampa|Cloud Nine\n|turn|1\n|\n|t:|1776560735\n|move|p1b: Queenie|Protect|p1b: Queenie\n|-singleturn|p1b: Queenie|Protect\n|move|p1a: Vulture|Taunt|p2b: Farigiraf\n|-start|p2b: Farigiraf|move: Taunt\n|move|p2b: Farigiraf|Bitter Malice|p1b: Queenie\n|-activate|p1b: Queenie|move: Protect\n|move|p2a: Drampa|Icy Wind|p1a: Vulture|[spread] p1a\n|-activate|p1b: Queenie|move: Protect\n|-supereffective|p1a: Vulture|1\n|-damage|p1a: Vulture|70/100\n|-unboost|p1a: Vulture|spe|1\n|\n|upkeep\n|turn|2\n|inactive|Viperino7 has 30 seconds left.\n|\n|t:|1776560763\n|switch|p1b: Toph|Tyranitar, L50, F|100/100\n|-weather|Sandstorm|[from] ability: Sand Stream|[of] p1b: Toph\n|move|p2b: Farigiraf|Bitter Malice|p1b: Toph\n|-resisted|p1b: Toph|1\n|-damage|p1b: Toph|88/100\n|-unboost|p1b: Toph|atk|1\n|move|p1a: Vulture|Tailwind|p1a: Vulture\n|-sidestart|p1: ImHastur|move: Tailwind\n|move|p2a: Drampa|Icy Wind|p1a: Vulture|[spread] p1a,p1b\n|-supereffective|p1a: Vulture|1\n|-damage|p1a: Vulture|40/100\n|-damage|p1b: Toph|81/100\n|-unboost|p1a: Vulture|spe|1\n|-unboost|p1b: Toph|spe|1\n|\n|-weather|Sandstorm|[upkeep]\n|upkeep\n|turn|3\n|inactive|Viperino7 has 30 seconds left.\n|\n|t:|1776560790\n|move|p1a: Vulture|Wide Guard|p1a: Vulture\n|-singleturn|p1a: Vulture|Wide Guard\n|move|p2b: Farigiraf|Bitter Malice|p1b: Toph\n|-resisted|p1b: Toph|1\n|-damage|p1b: Toph|69/100\n|-unboost|p1b: Toph|atk|1\n|move|p1b: Toph|Crunch|p2b: Farigiraf\n|-supereffective|p2b: Farigiraf|1\n|-damage|p2b: Farigiraf|23/100\n|replace|p2b: Zoroark|Zoroark-Hisui, L50, M\n|-end|p2b: Zoroark|Illusion\n|move|p2a: Drampa|Icy Wind|p1b: Toph|[spread] \n|-activate|p1a: Vulture|move: Wide Guard\n|-activate|p1b: Toph|move: Wide Guard\n|\n|-weather|Sandstorm|[upkeep]\n|-end|p2b: Zoroark|move: Taunt\n|upkeep\n|turn|4\n|inactive|Viperino7 has 30 seconds left.\n|\n|t:|1776560820\n|switch|p1b: Wolfie|Incineroar, L50, M|100/100\n|-ability|p1b: Wolfie|Intimidate|boost\n|-unboost|p2a: Drampa|atk|1\n|-unboost|p2b: Zoroark|atk|1\n|move|p2b: Zoroark|Protect|p2b: Zoroark\n|-singleturn|p2b: Zoroark|Protect\n|move|p1a: Vulture|Rock Slide|p2b: Zoroark|[spread] p2a\n|-activate|p2b: Zoroark|move: Protect\n|-damage|p2a: Drampa|82/100\n|cant|p2a: Drampa|flinch\n|\n|-weather|Sandstorm|[upkeep]\n|upkeep\n|turn|5\n|inactive|Viperino7 has 30 seconds left.\n|\n|t:|1776560849\n|switch|p2b: Farigiraf|Farigiraf, L50, M|100/100\n|move|p1b: Wolfie|Fake Out||[still]\n|cant|p2b: Farigiraf|ability: Armor Tail|Fake Out|[of] p1b: Wolfie\n|move|p1a: Vulture|Rock Slide|p2b: Farigiraf|[spread] p2a,p2b\n|-damage|p2a: Drampa|64/100\n|-damage|p2b: Farigiraf|84/100\n|cant|p2a: Drampa|flinch\n|\n|-weather|Sandstorm|[upkeep]\n|-sideend|p1: ImHastur|move: Tailwind\n|upkeep\n|turn|6\n|inactive|Viperino7 has 30 seconds left.\n|\n|t:|1776560876\n|move|p1b: Wolfie|Parting Shot|p2b: Farigiraf\n|-unboost|p2b: Farigiraf|atk|1\n|-unboost|p2b: Farigiraf|spa|1\n|\n|t:|1776560881\n|switch|p1b: Queenie|Chandelure, L50, F|100/100|[from] Parting Shot\n|move|p1a: Vulture|Taunt|p2b: Farigiraf\n|-start|p2b: Farigiraf|move: Taunt\n|move|p2a: Drampa|Earth Power|p1b: Queenie\n|-supereffective|p1b: Queenie|1\n|-damage|p1b: Queenie|17/100\n|-unboost|p1b: Queenie|spd|1\n|cant|p2b: Farigiraf|move: Taunt|Trick Room\n|\n|-weather|none\n|upkeep\n|turn|7\n|inactive|Viperino7 has 30 seconds left.\n|\n|t:|1776560906\n|move|p1b: Queenie|Protect|p1b: Queenie\n|-singleturn|p1b: Queenie|Protect\n|move|p1a: Vulture|Rock Slide|p2a: Drampa|[spread] p2a,p2b\n|-damage|p2a: Drampa|44/100\n|-damage|p2b: Farigiraf|67/100\n|move|p2b: Farigiraf|Hyper Voice|p1b: Queenie|[spread] p1a\n|-activate|p1b: Queenie|move: Protect\n|-resisted|p1a: Vulture|1\n|-damage|p1a: Vulture|30/100\n|cant|p2a: Drampa|flinch\n|\n|upkeep\n|turn|8\n|\n|t:|1776560925\n|detailschange|p1b: Queenie|Chandelure-Mega, L50, F\n|-mega|p1b: Queenie|Chandelure|Chandelurite\n|move|p1b: Queenie|Heat Wave|p2a: Drampa|[spread] p2a,p2b\n|-resisted|p2a: Drampa|1\n|-damage|p2a: Drampa|24/100\n|-damage|p2b: Farigiraf|24/100\n|move|p1a: Vulture|Rock Slide|p2b: Farigiraf|[spread] p2a,p2b\n|-crit|p2b: Farigiraf\n|-damage|p2a: Drampa|6/100\n|-damage|p2b: Farigiraf|0 fnt\n|faint|p2b: Farigiraf\n|cant|p2a: Drampa|flinch\n|\n|upkeep\n|c|\u2606ImHastur|Idk man\n|\n|t:|1776560942\n|switch|p2b: Kangaskhan|Kangaskhan, L50, F|100/100\n|turn|9\n|\n|t:|1776560956\n|move|p1b: Queenie|Protect|p1b: Queenie\n|-singleturn|p1b: Queenie|Protect\n|move|p2b: Kangaskhan|Fake Out|p1b: Queenie\n|-activate|p1b: Queenie|move: Protect\n|move|p1a: Vulture|Rock Slide|p2b: Kangaskhan|[spread] p2a,p2b\n|-damage|p2a: Drampa|0 fnt\n|-damage|p2b: Kangaskhan|79/100\n|faint|p2a: Drampa\n|\n|upkeep\n|\n|t:|1776560965\n|switch|p2a: Kangaskhan|Kangaskhan, L50, F|23/100\n|turn|10\n|\n|t:|1776560974\n|detailschange|p2b: Kangaskhan|Kangaskhan-Mega, L50, F\n|-mega|p2b: Kangaskhan|Kangaskhan|Kangaskhanite\n|move|p2b: Kangaskhan|Sucker Punch|p1b: Queenie\n|-supereffective|p1b: Queenie|1\n|-damage|p1b: Queenie|0 fnt\n|faint|p1b: Queenie\n|-hitcount|p1: Queenie|1\n|move|p2a: Kangaskhan|Bitter Malice|p1a: Vulture\n|-damage|p1a: Vulture|0 fnt\n|faint|p1a: Vulture\n|\n|upkeep\n|\n|t:|1776560985\n|switch|p1a: Toph|Tyranitar, L50, F|69/100\n|switch|p1b: Wolfie|Incineroar, L50, M|100/100\n|-ability|p1b: Wolfie|Intimidate|boost\n|-unboost|p2a: Kangaskhan|atk|1\n|-unboost|p2b: Kangaskhan|atk|1\n|-weather|Sandstorm|[from] ability: Sand Stream|[of] p1a: Toph\n|turn|11\n|c|\u2606Viperino7|If only i didn't flinch 5 times\n|\n|t:|1776561006\n|move|p2b: Kangaskhan|Protect|p2b: Kangaskhan\n|-singleturn|p2b: Kangaskhan|Protect\n|move|p1b: Wolfie|Fake Out|p2b: Kangaskhan\n|-activate|p2b: Kangaskhan|move: Protect\n|move|p2a: Kangaskhan|Bitter Malice|p1a: Toph\n|-resisted|p1a: Toph|1\n|-damage|p1a: Toph|61/100\n|-unboost|p1a: Toph|atk|1\n|move|p1a: Toph|Rock Slide|p2b: Kangaskhan|[spread] p2a\n|-activate|p2b: Kangaskhan|move: Protect\n|-damage|p2a: Kangaskhan|0 fnt\n|replace|p2a: Zoroark|Zoroark-Hisui, L50, M\n|-end|p2a: Zoroark|Illusion\n|faint|p2a: Zoroark\n|\n|-weather|Sandstorm|[upkeep]\n|-damage|p1b: Wolfie|95/100|[from] Sandstorm\n|-damage|p2b: Kangaskhan|73/100|[from] Sandstorm\n|upkeep\n|turn|12\n|\n|t:|1776561028\n|move|p1b: Wolfie|Flare Blitz|p2b: Kangaskhan\n|-damage|p2b: Kangaskhan|34/100\n|-damage|p1b: Wolfie|79/100|[from] Recoil\n|move|p2b: Kangaskhan|Double-Edge|p1b: Wolfie\n|-damage|p1b: Wolfie|30/100\n|-enditem|p1b: Wolfie|Sitrus Berry|[eat]\n|-heal|p1b: Wolfie|55/100|[from] item: Sitrus Berry\n|-damage|p1b: Wolfie|45/100\n|-hitcount|p1b: Wolfie|2\n|-damage|p2b: Kangaskhan|18/100|[from] Recoil\n|move|p1a: Toph|Crunch|p2b: Kangaskhan\n|-damage|p2b: Kangaskhan|0 fnt\n|faint|p2b: Kangaskhan\n|\n|win|ImHastur\n|raw|ImHastur's rating: 1103 &rarr; <strong>1129</strong><br />(+26 for winning)\n|raw|Viperino7's rating: 1112 &rarr; <strong>1086</strong><br />(-26 for losing)\n|l|\u2606Viperino7\n|player|p2|\n",
  "uploadtime": 1776561045,
  "views": 27,
  "formatid": "gen9championsvgc2026regma",
  "rating": 1086,
  "private": 0,
  "password": null
}