{
  "id": "gen9championsvgc2026regma-2581320231",
  "format": "[Gen 9 Champions] VGC 2026 Reg M-A",
  "players": [
    "MEgaFlygon1997",
    "Braute"
  ],
  "log": "|j|\u2606MEgaFlygon1997\n|j|\u2606Braute\n|t:|1775986195\n|gametype|doubles\n|player|p1|MEgaFlygon1997|cynthia-gen4|1050\n|player|p2|Braute|miku-fire|1089\n|gen|9\n|tier|[Gen 9 Champions] VGC 2026 Reg M-A\n|rated|\n|rule|Species Clause: Limit one of each Pok\u00e9mon\n|rule|Item Clause: Limit 1 of each item\n|clearpoke\n|poke|p1|Delphox, L50, F|\n|poke|p1|Kingambit, L50, F|\n|poke|p1|Clefable, L50, F|\n|poke|p1|Sneasler, L50, F|\n|poke|p1|Basculegion, L50, M|\n|poke|p1|Dragonite, L50, M|\n|poke|p2|Beedrill, L50, F|\n|poke|p2|Incineroar, L50, F|\n|poke|p2|Talonflame, L50, F|\n|poke|p2|Kingambit, L50, M|\n|poke|p2|Tyranitar, L50, M|\n|poke|p2|Excadrill, L50, M|\n|teampreview|4\n|inactive|Battle timer is ON: inactive players will automatically lose when time's up. (requested by Braute)\n|\n|t:|1775986221\n|teamsize|p1|4\n|teamsize|p2|4\n|start\n|switch|p1a: Basculegion|Basculegion, L50, M|100/100\n|switch|p1b: Sneasler|Sneasler, L50, F|100/100\n|switch|p2a: Talonflame|Talonflame, L50, F|100/100\n|switch|p2b: Beedrill|Beedrill, L50, F, shiny|100/100\n|turn|1\n|\n|t:|1775986237\n|move|p2b: Beedrill|Protect|p2b: Beedrill\n|-singleturn|p2b: Beedrill|Protect\n|move|p1b: Sneasler|Fake Out|p2a: Talonflame\n|-damage|p2a: Talonflame|80/100\n|move|p1a: Basculegion|Flip Turn|p2a: Talonflame\n|-supereffective|p2a: Talonflame|1\n|-damage|p2a: Talonflame|0 fnt\n|faint|p2a: Talonflame\n|\n|t:|1775986254\n|switch|p1a: Clefable|Clefable, L50, F|100/100|[from] Flip Turn\n|\n|upkeep\n|\n|t:|1775986265\n|switch|p2a: Excadrill|Excadrill, L50, M|100/100\n|turn|2\n|inactive|MEgaFlygon1997 has 30 seconds left.\n|\n|t:|1775986299\n|switch|p1a: Basculegion|Basculegion, L50, M|100/100\n|detailschange|p2b: Beedrill|Beedrill-Mega, L50, F, shiny\n|-mega|p2b: Beedrill|Beedrill|Beedrillite\n|move|p2b: Beedrill|Poison Jab|p1a: Basculegion\n|-resisted|p1a: Basculegion|1\n|-damage|p1a: Basculegion|58/100\n|move|p1b: Sneasler|Close Combat|p2b: Beedrill\n|-resisted|p2b: Beedrill|2\n|-damage|p2b: Beedrill|62/100\n|-unboost|p1b: Sneasler|def|1\n|-unboost|p1b: Sneasler|spd|1\n|move|p2a: Excadrill|High Horsepower|p1b: Sneasler\n|-supereffective|p1b: Sneasler|1\n|-enditem|p1b: Sneasler|Focus Sash\n|-damage|p1b: Sneasler|1/100\n|\n|upkeep\n|turn|3\n|inactive|MEgaFlygon1997 has 30 seconds left.\n|inactive|Braute has 30 seconds left.\n|\n|t:|1775986327\n|switch|p2b: Tyranitar|Tyranitar, L50, M|100/100\n|-weather|Sandstorm|[from] ability: Sand Stream|[of] p2b: Tyranitar\n|move|p1b: Sneasler|Close Combat|p2a: Excadrill\n|-supereffective|p2a: Excadrill|1\n|-enditem|p2a: Excadrill|Focus Sash\n|-damage|p2a: Excadrill|1/100\n|-unboost|p1b: Sneasler|def|1\n|-unboost|p1b: Sneasler|spd|1\n|move|p2a: Excadrill|Rock Slide|p1a: Basculegion|[spread] p1a,p1b\n|-resisted|p1b: Sneasler|1\n|-crit|p1b: Sneasler\n|-damage|p1a: Basculegion|31/100\n|-damage|p1b: Sneasler|0 fnt\n|faint|p1b: Sneasler\n|cant|p1a: Basculegion|flinch\n|\n|-weather|Sandstorm|[upkeep]\n|-damage|p1a: Basculegion|25/100|[from] Sandstorm\n|upkeep\n|\n|t:|1775986346\n|switch|p1b: Kingambit|Kingambit, L50, F|100/100\n|turn|4\n|\n|t:|1775986353\n|move|p2a: Excadrill|Protect|p2a: Excadrill\n|-singleturn|p2a: Excadrill|Protect\n|move|p1b: Kingambit|Sucker Punch||[still]\n|-fail|p1b: Kingambit\n|move|p1a: Basculegion|Flip Turn|p2b: Tyranitar\n|-supereffective|p2b: Tyranitar|1\n|-damage|p2b: Tyranitar|36/100\n|\n|t:|1775986356\n|switch|p1a: Clefable|Clefable, L50, F|100/100|[from] Flip Turn\n|move|p2b: Tyranitar|Knock Off|p1a: Clefable\n|-resisted|p1a: Clefable|1\n|-damage|p1a: Clefable|80/100\n|-enditem|p1a: Clefable|Sitrus Berry|[from] move: Knock Off|[of] p2b: Tyranitar\n|\n|-weather|Sandstorm|[upkeep]\n|-damage|p1a: Clefable|74/100|[from] Sandstorm\n|upkeep\n|turn|5\n|\n|t:|1775986373\n|switch|p2a: Beedrill|Beedrill-Mega, L50, F, shiny|62/100\n|move|p2b: Tyranitar|Protect|p2b: Tyranitar\n|-singleturn|p2b: Tyranitar|Protect\n|move|p1b: Kingambit|Protect|p1b: Kingambit\n|-singleturn|p1b: Kingambit|Protect\n|move|p1a: Clefable|Moonblast|p2b: Tyranitar\n|-activate|p2b: Tyranitar|move: Protect\n|\n|-weather|Sandstorm|[upkeep]\n|-damage|p2a: Beedrill|56/100|[from] Sandstorm\n|-damage|p1a: Clefable|68/100|[from] Sandstorm\n|upkeep\n|turn|6\n|inactive|MEgaFlygon1997 has 30 seconds left.\n|\n|t:|1775986398\n|move|p2a: Beedrill|Protect|p2a: Beedrill\n|-singleturn|p2a: Beedrill|Protect\n|move|p1b: Kingambit|Sucker Punch||[still]\n|-fail|p1b: Kingambit\n|move|p2b: Tyranitar|Knock Off|p1b: Kingambit\n|-resisted|p1b: Kingambit|1\n|-damage|p1b: Kingambit|80/100\n|-enditem|p1b: Kingambit|Black Glasses|[from] move: Knock Off|[of] p2b: Tyranitar\n|move|p1a: Clefable|Moonblast|p2b: Tyranitar\n|-supereffective|p2b: Tyranitar|1\n|-damage|p2b: Tyranitar|0 fnt\n|faint|p2b: Tyranitar\n|\n|-weather|Sandstorm|[upkeep]\n|-damage|p2a: Beedrill|50/100|[from] Sandstorm\n|-damage|p1a: Clefable|62/100|[from] Sandstorm\n|upkeep\n|\n|t:|1775986407\n|switch|p2b: Excadrill|Excadrill, L50, M|1/100\n|turn|7\n|\n|t:|1775986415\n|move|p1a: Clefable|Follow Me|p1a: Clefable\n|-singleturn|p1a: Clefable|move: Follow Me\n|move|p1b: Kingambit|Sucker Punch|p2b: Excadrill\n|-crit|p2b: Excadrill\n|-damage|p2b: Excadrill|0 fnt\n|faint|p2b: Excadrill\n|move|p2a: Beedrill|Poison Jab|p1a: Clefable\n|-supereffective|p1a: Clefable|1\n|-damage|p1a: Clefable|0 fnt\n|faint|p1a: Clefable\n|\n|-weather|none\n|upkeep\n|\n|t:|1775986421\n|switch|p1a: Basculegion|Basculegion, L50, M|25/100\n|turn|8\n|\n|t:|1775986427\n|move|p2a: Beedrill|Lunge|p1a: Basculegion\n|-resisted|p1a: Basculegion|1\n|-damage|p1a: Basculegion|0 fnt\n|faint|p1a: Basculegion\n|move|p1b: Kingambit|Kowtow Cleave|p2a: Beedrill\n|-damage|p2a: Beedrill|0 fnt\n|faint|p2a: Beedrill\n|\n|win|MEgaFlygon1997\n|raw|MEgaFlygon1997's rating: 1050 &rarr; <strong>1086</strong><br />(+36 for winning)\n|raw|Braute's rating: 1089 &rarr; <strong>1063</strong><br />(-26 for losing)\n",
  "uploadtime": 1775986427,
  "views": 64,
  "formatid": "gen9championsvgc2026regma",
  "rating": 1063,
  "private": 0,
  "password": null
}