{
  "id": "gen9championsvgc2026regma-2587002092",
  "format": "[Gen 9 Champions] VGC 2026 Reg M-A",
  "players": [
    "Mr.X&Y97",
    "Marshadow27"
  ],
  "log": "|j|\u2606Mr.X&Y97\n|j|\u2606Marshadow27\n|t:|1776480065\n|gametype|doubles\n|player|p1|Mr.X&Y97|ingo|1251\n|player|p2|Marshadow27|blue-gen3champion|1254\n|gen|9\n|tier|[Gen 9 Champions] VGC 2026 Reg M-A\n|rated|\n|rule|Species Clause: Limit one of each Pok\u00e9mon\n|rule|Item Clause: Limit 1 of each item\n|clearpoke\n|poke|p1|Scovillain, L50, F|\n|poke|p1|Aerodactyl, L50, F|\n|poke|p1|Garchomp, L50, M|\n|poke|p1|Gyarados, L50, F|\n|poke|p1|Incineroar, L50, F|\n|poke|p1|Ninetales-Alola, L50, F|\n|poke|p2|Starmie, L50|\n|poke|p2|Weavile, L50, F|\n|poke|p2|Whimsicott, L50, M|\n|poke|p2|Hawlucha, L50, M|\n|poke|p2|Incineroar, L50, F|\n|poke|p2|Kingambit, L50, M|\n|teampreview|4\n|inactive|Battle timer is ON: inactive players will automatically lose when time's up. (requested by Mr.X&Y97)\n|inactive|Mr.X&Y97 has 60 seconds left.\n|inactive|Marshadow27 has 60 seconds left.\nMr.X&Y97 rejected open team sheets.\n|\n|t:|1776480113\n|teamsize|p1|4\n|teamsize|p2|4\n|start\n|switch|p1a: Scovillain|Scovillain, L50, F|100/100\n|switch|p1b: Aerodactyl|Aerodactyl, L50, F|100/100\n|switch|p2a: Starmie|Starmie, L50|100/100\n|switch|p2b: Whimsicott|Whimsicott, L50, M|100/100\n|-ability|p1b: Aerodactyl|Unnerve\n|turn|1\n|\n|t:|1776480121\n|detailschange|p2a: Starmie|Starmie-Mega, L50\n|-mega|p2a: Starmie|Starmie|Starminite\n|detailschange|p1a: Scovillain|Scovillain-Mega, L50, F\n|-mega|p1a: Scovillain|Scovillain|Scovillainite\n|move|p1a: Scovillain|Rage Powder|p1a: Scovillain\n|-singleturn|p1a: Scovillain|move: Rage Powder\n|move|p2b: Whimsicott|Tailwind|p2b: Whimsicott\n|-sidestart|p2: Marshadow27|move: Tailwind\n|move|p2a: Starmie|Liquidation|p1a: Scovillain\n|-damage|p1a: Scovillain|43/100\n|-status|p2a: Starmie|brn|[from] ability: Spicy Spray|[of] p1a: Scovillain\n|move|p1b: Aerodactyl|Tailwind|p1b: Aerodactyl\n|-sidestart|p1: Mr.X&Y97|move: Tailwind\n|\n|-damage|p2a: Starmie|95/100 brn|[from] brn\n|upkeep\n|turn|2\n|\n|t:|1776480134\n|move|p2b: Whimsicott|Encore|p1b: Aerodactyl\n|-start|p1b: Aerodactyl|Encore\n|move|p1b: Aerodactyl|Tailwind||[still]\n|-fail|p1b: Aerodactyl\n|move|p2a: Starmie|Liquidation|p1a: Scovillain\n|-damage|p1a: Scovillain|13/100\n|-unboost|p1a: Scovillain|def|1\n|move|p1a: Scovillain|Leech Seed|p2a: Starmie\n|-start|p2a: Starmie|move: Leech Seed\n|\n|-damage|p2a: Starmie|83/100 brn|[from] Leech Seed|[of] p1a: Scovillain\n|-heal|p1a: Scovillain|22/100|[silent]\n|-damage|p2a: Starmie|77/100 brn|[from] brn\n|upkeep\n|turn|3\n|\n|t:|1776480152\n|switch|p1b: Ninetales|Ninetales-Alola, L50, F|100/100\n|-weather|Snowscape|[from] ability: Snow Warning|[of] p1b: Ninetales\n|switch|p2a: Incineroar|Incineroar, L50, F|100/100\n|-ability|p2a: Incineroar|Intimidate|boost\n|-unboost|p1a: Scovillain|atk|1\n|-unboost|p1b: Ninetales|atk|1\n|move|p1a: Scovillain|Protect|p1a: Scovillain\n|-singleturn|p1a: Scovillain|Protect\n|move|p2b: Whimsicott|Moonblast|p1b: Ninetales\n|-damage|p1b: Ninetales|68/100\n|\n|-weather|Snowscape|[upkeep]\n|upkeep\n|turn|4\n|\n|t:|1776480169\n|switch|p1a: Garchomp|Garchomp, L50, M|100/100\n|move|p2a: Incineroar|Fake Out|p1b: Ninetales\n|-damage|p1b: Ninetales|58/100\n|move|p2b: Whimsicott|Encore||[still]\n|-fail|p2b: Whimsicott\n|cant|p1b: Ninetales|flinch\n|\n|-weather|Snowscape|[upkeep]\n|-sideend|p1: Mr.X&Y97|move: Tailwind\n|-sideend|p2: Marshadow27|move: Tailwind\n|upkeep\n|turn|5\n|\n|t:|1776480186\n|switch|p1b: Aerodactyl|Aerodactyl, L50, F|100/100\n|-ability|p1b: Aerodactyl|Unnerve\n|switch|p2a: Hawlucha|Hawlucha, L50, M|100/100\n|-ability|p2a: Hawlucha|Mold Breaker\n|move|p2b: Whimsicott|Moonblast|p1a: Garchomp\n|-supereffective|p1a: Garchomp|1\n|-crit|p1a: Garchomp\n|-damage|p1a: Garchomp|2/100\n|move|p1a: Garchomp|Rock Slide|p2a: Hawlucha|[spread] p2a,p2b\n|-damage|p2a: Hawlucha|83/100\n|-damage|p2b: Whimsicott|75/100\n|\n|-weather|Snowscape|[upkeep]\n|upkeep\n|turn|6\n|inactive|Marshadow27 has 30 seconds left.\n|\n|t:|1776480219\n|move|p1b: Aerodactyl|Tailwind|p1b: Aerodactyl\n|-sidestart|p1: Mr.X&Y97|move: Tailwind\n|move|p1a: Garchomp|Poison Jab|p2b: Whimsicott\n|-supereffective|p2b: Whimsicott|2\n|-damage|p2b: Whimsicott|0 fnt\n|faint|p2b: Whimsicott\n|move|p2a: Hawlucha|Dual Wingbeat|p1b: Aerodactyl\n|-resisted|p1b: Aerodactyl|1\n|-damage|p1b: Aerodactyl|89/100\n|-resisted|p1b: Aerodactyl|1\n|-damage|p1b: Aerodactyl|79/100\n|-hitcount|p1b: Aerodactyl|2\n|\n|-weather|Snowscape|[upkeep]\n|upkeep\n|\n|t:|1776480226\n|switch|p2b: Incineroar|Incineroar, L50, F|100/100\n|-ability|p2b: Incineroar|Intimidate|boost\n|-unboost|p1a: Garchomp|atk|1\n|-unboost|p1b: Aerodactyl|atk|1\n|-enditem|p1a: Garchomp|White Herb\n|-clearnegativeboost|p1a: Garchomp|[silent]\n|turn|7\n|\n|t:|1776480240\n|switch|p1a: Scovillain|Scovillain-Mega, L50, F|22/100\n|move|p2b: Incineroar|Fake Out|p1a: Scovillain\n|-damage|p1a: Scovillain|14/100\n|-immune|p2b: Incineroar\n|move|p1b: Aerodactyl|Dual Wingbeat|p2a: Hawlucha\n|-supereffective|p2a: Hawlucha|1\n|-damage|p2a: Hawlucha|57/100\n|-supereffective|p2a: Hawlucha|1\n|-damage|p2a: Hawlucha|34/100\n|-hitcount|p2a: Hawlucha|2\n|move|p2a: Hawlucha|Coaching|p2b: Incineroar\n|-boost|p2b: Incineroar|atk|1\n|-boost|p2b: Incineroar|def|1\n|\n|-weather|none\n|upkeep\n|turn|8\n|inactive|Marshadow27 has 30 seconds left.\n|inactive|Mr.X&Y97 has 30 seconds left.\n|\n|t:|1776480279\n|move|p2a: Hawlucha|Protect|p2a: Hawlucha\n|-singleturn|p2a: Hawlucha|Protect\n|move|p1b: Aerodactyl|Rock Slide|p2b: Incineroar|[spread] p2b\n|-activate|p2a: Hawlucha|move: Protect\n|-supereffective|p2b: Incineroar|1\n|-damage|p2b: Incineroar|82/100\n|move|p1a: Scovillain|Flamethrower|p2a: Hawlucha\n|-activate|p2a: Hawlucha|move: Protect\n|move|p2b: Incineroar|Flare Blitz|p1a: Scovillain\n|-damage|p1a: Scovillain|0 fnt\n|-immune|p2b: Incineroar\n|faint|p1a: Scovillain\n|-damage|p2b: Incineroar|78/100|[from] Recoil\n|\n|upkeep\n|\n|t:|1776480282\n|switch|p1a: Garchomp|Garchomp, L50, M|2/100\n|turn|9\n|\n|t:|1776480304\n|move|p1b: Aerodactyl|Dual Wingbeat|p2a: Hawlucha\n|-supereffective|p2a: Hawlucha|1\n|-damage|p2a: Hawlucha|13/100\n|-supereffective|p2a: Hawlucha|1\n|-damage|p2a: Hawlucha|0 fnt\n|faint|p2a: Hawlucha\n|-hitcount|p2: Hawlucha|2\n|move|p1a: Garchomp|Earthquake|p2b: Incineroar|[spread] p2b\n|-immune|p1b: Aerodactyl\n|-supereffective|p2b: Incineroar|1\n|-damage|p2b: Incineroar|32/100\n|move|p2b: Incineroar|Throat Chop|p1b: Aerodactyl\n|-damage|p1b: Aerodactyl|6/100\n|-start|p1b: Aerodactyl|Throat Chop|[silent]\n|\n|-sideend|p1: Mr.X&Y97|move: Tailwind\n|upkeep\n|\n|t:|1776480313\n|switch|p2a: Starmie|Starmie-Mega, L50|77/100 brn\n|turn|10\n|inactive|Marshadow27 has 30 seconds left.\n|\n|t:|1776480345\n|move|p1b: Aerodactyl|Tailwind|p1b: Aerodactyl\n|-sidestart|p1: Mr.X&Y97|move: Tailwind\n|move|p1a: Garchomp|Earthquake|p2b: Incineroar|[spread] p2a,p2b\n|-immune|p1b: Aerodactyl\n|-supereffective|p2b: Incineroar|1\n|-damage|p2a: Starmie|29/100 brn\n|-damage|p2b: Incineroar|0 fnt\n|faint|p2b: Incineroar\n|move|p2a: Starmie|Liquidation|p1a: Garchomp\n|-damage|p1a: Garchomp|0 fnt\n|-damage|p2a: Starmie|18/100 brn|[from] ability: Rough Skin|[of] p1a: Garchomp\n|faint|p1a: Garchomp\n|\n|-damage|p2a: Starmie|12/100 brn|[from] brn\n|-end|p1b: Aerodactyl|Throat Chop|[silent]\n|upkeep\n|\n|t:|1776480352\n|switch|p1a: Ninetales|Ninetales-Alola, L50, F|58/100\n|-weather|Snowscape|[from] ability: Snow Warning|[of] p1a: Ninetales\n|turn|11\n|\n|t:|1776480359\n|move|p1b: Aerodactyl|Rock Slide|p2a: Starmie\n|-damage|p2a: Starmie|0 fnt\n|faint|p2a: Starmie\n|\n|win|Mr.X&Y97\n|raw|Mr.X&amp;Y97's rating: 1251 &rarr; <strong>1276</strong><br />(+25 for winning)\n|raw|Marshadow27's rating: 1254 &rarr; <strong>1229</strong><br />(-25 for losing)\n|l|\u2606Marshadow27\n|player|p2|\n",
  "uploadtime": 1776480364,
  "views": 23,
  "formatid": "gen9championsvgc2026regma",
  "rating": 1229,
  "private": 0,
  "password": null
}