{
  "id": "gen9championsvgc2026regma-2581040068",
  "format": "[Gen 9 Champions] VGC 2026 Reg M-A",
  "players": [
    "BiggerMonkey",
    "Galbitrix"
  ],
  "log": "|j|\u2606BiggerMonkey\n|j|\u2606Galbitrix\n|t:|1775954226\n|gametype|doubles\n|player|p1|BiggerMonkey|clay|\n|player|p2|Galbitrix|1|\n|gen|9\n|tier|[Gen 9 Champions] VGC 2026 Reg M-A\n|rule|Species Clause: Limit one of each Pok\u00e9mon\n|rule|Item Clause: Limit 1 of each item\n|clearpoke\n|poke|p1|Simipour, L50, M|\n|poke|p1|Simisage, L50, M|\n|poke|p1|Simisear, L50, M|\n|poke|p1|Abomasnow, L50, F|\n|poke|p1|Oranguru, L50, M|\n|poke|p1|Passimian, L50, M|\n|poke|p2|Whimsicott, L50, M|\n|poke|p2|Incineroar, L50, F|\n|poke|p2|Charizard, L50, M|\n|poke|p2|Sneasler, L50, F|\n|poke|p2|Garchomp, L50, M|\n|poke|p2|Venusaur, L50, F|\n|teampreview|4\n|\n|t:|1775954246\n|teamsize|p1|4\n|teamsize|p2|4\n|start\n|switch|p1a: Borneo orangutan|Oranguru, L50, M|100/100\n|switch|p1b: Basically a yeti|Abomasnow, L50, F|100/100\n|switch|p2a: Marigold|Charizard, L50, M|100/100\n|switch|p2b: Sunflower|Venusaur, L50, F|100/100\n|turn|1\n|\n|t:|1775954278\n|detailschange|p2a: Marigold|Charizard-Mega-Y, L50, M\n|-mega|p2a: Marigold|Charizard|Charizardite Y\n|-weather|SunnyDay|[from] ability: Drought|[of] p2a: Marigold\n|detailschange|p1b: Basically a yeti|Abomasnow-Mega, L50, F\n|-mega|p1b: Basically a yeti|Abomasnow|Abomasite\n|-weather|Snowscape|[from] ability: Snow Warning|[of] p1b: Basically a yeti\n|move|p1b: Basically a yeti|Ice Shard|p2b: Sunflower\n|-supereffective|p2b: Sunflower|1\n|-damage|p2b: Sunflower|43/100\n|move|p2a: Marigold|Heat Wave|p1b: Basically a yeti|[spread] p1a,p1b\n|-supereffective|p1b: Basically a yeti|2\n|-damage|p1a: Borneo orangutan|67/100\n|-damage|p1b: Basically a yeti|0 fnt\n|faint|p1b: Basically a yeti\n|move|p2b: Sunflower|Sludge Bomb|p1a: Borneo orangutan\n|-damage|p1a: Borneo orangutan|33/100\n|move|p1a: Borneo orangutan|Psychic|p2b: Sunflower\n|-supereffective|p2b: Sunflower|1\n|-damage|p2b: Sunflower|0 fnt\n|faint|p2b: Sunflower\n|\n|-weather|Snowscape|[upkeep]\n|-heal|p1a: Borneo orangutan|39/100|[from] item: Leftovers\n|upkeep\n|\n|t:|1775954299\n|switch|p2b: Belladonna|Sneasler, L50, F|100/100\n|switch|p1b: Spider monkey|Simisage, L50, M|100/100\n|-ability|p2b: Belladonna|Pressure\n|turn|2\n|\n|t:|1775954312\n|move|p2b: Belladonna|Fake Out|p1a: Borneo orangutan\n|-damage|p1a: Borneo orangutan|24/100\n|move|p1b: Spider monkey|Fake Out|p2a: Marigold\n|-damage|p2a: Marigold|83/100\n|cant|p2a: Marigold|flinch\n|cant|p1a: Borneo orangutan|flinch\n|\n|-weather|Snowscape|[upkeep]\n|-heal|p1a: Borneo orangutan|30/100|[from] item: Leftovers\n|upkeep\n|turn|3\n|\n|t:|1775954336\n|move|p2b: Belladonna|Dire Claw|p1b: Spider monkey\n|-supereffective|p1b: Spider monkey|1\n|-damage|p1b: Spider monkey|0 fnt\n|faint|p1b: Spider monkey\n|move|p2a: Marigold|Heat Wave|p1a: Borneo orangutan|[miss]\n|-miss|p2a: Marigold|p1a: Borneo orangutan\n|move|p1a: Borneo orangutan|Psychic|p2b: Belladonna\n|-supereffective|p2b: Belladonna|2\n|-damage|p2b: Belladonna|0 fnt\n|faint|p2b: Belladonna\n|\n|-weather|Snowscape|[upkeep]\n|-heal|p1a: Borneo orangutan|36/100|[from] item: Leftovers\n|upkeep\n|\n|t:|1775954348\n|switch|p2b: Hibiscus|Incineroar, L50, F|100/100\n|switch|p1b: Ring-tailed lemur|Passimian, L50, M|100/100\n|-ability|p2b: Hibiscus|Intimidate|boost\n|-unboost|p1a: Borneo orangutan|atk|1\n|-unboost|p1b: Ring-tailed lemur|atk|1\n|-ability|p1b: Ring-tailed lemur|Defiant|boost\n|-boost|p1b: Ring-tailed lemur|atk|2\n|turn|4\n|\n|t:|1775954390\n|move|p2b: Hibiscus|Fake Out|p1b: Ring-tailed lemur\n|-damage|p1b: Ring-tailed lemur|85/100\n|move|p2a: Marigold|Heat Wave|p1a: Borneo orangutan|[spread] p1a,p1b\n|-damage|p1a: Borneo orangutan|0 fnt\n|-damage|p1b: Ring-tailed lemur|24/100\n|faint|p1a: Borneo orangutan\n|cant|p1b: Ring-tailed lemur|flinch\n|\n|-weather|Snowscape|[upkeep]\n|upkeep\n|turn|5\n|\n|t:|1775954416\n|move|p2a: Marigold|Air Slash|p1b: Ring-tailed lemur\n|-supereffective|p1b: Ring-tailed lemur|1\n|-damage|p1b: Ring-tailed lemur|0 fnt\n|faint|p1b: Ring-tailed lemur\n|\n|win|Galbitrix\n",
  "uploadtime": 1775954421,
  "views": 10,
  "formatid": "gen9championsvgc2026regma",
  "rating": null,
  "private": 0,
  "password": null
}