{
  "id": "gen9championsvgc2026regma-2581468157",
  "format": "[Gen 9 Champions] VGC 2026 Reg M-A",
  "players": [
    "FXXR",
    "disciple of blahaj"
  ],
  "log": "|j|\u2606FXXR\n|j|\u2606disciple of blahaj\n|t:|1776003302\n|gametype|doubles\n|player|p1|FXXR|265|1083\n|player|p2|disciple of blahaj|iris|1160\n|gen|9\n|tier|[Gen 9 Champions] VGC 2026 Reg M-A\n|rated|\n|rule|Species Clause: Limit one of each Pok\u00e9mon\n|rule|Item Clause: Limit 1 of each item\n|clearpoke\n|poke|p1|Charizard, L50, F|\n|poke|p1|Incineroar, L50, F|\n|poke|p1|Garchomp, L50, F|\n|poke|p1|Whimsicott, L50, F|\n|poke|p1|Sneasler, L50, F|\n|poke|p1|Rotom-Wash, L50|\n|poke|p2|Lopunny, L50, M|\n|poke|p2|Basculegion, L50, M|\n|poke|p2|Whimsicott, L50, F|\n|poke|p2|Pelipper, L50, M|\n|poke|p2|Garchomp, L50, F|\n|poke|p2|Aegislash, L50, M|\n|teampreview|4\n|inactive|Battle timer is ON: inactive players will automatically lose when time's up. (requested by FXXR)\n|inactive|disciple of blahaj has 60 seconds left.\n|\n|t:|1776003353\n|teamsize|p1|4\n|teamsize|p2|4\n|start\n|switch|p1a: Incineroar|Incineroar, L50, F, shiny|100/100\n|switch|p1b: Rotom|Rotom-Wash, L50, shiny|100/100\n|switch|p2a: Lopunny|Lopunny, L50, M, shiny|100/100\n|switch|p2b: Basculegion|Basculegion, L50, M|100/100\n|-ability|p1a: Incineroar|Intimidate|boost\n|-unboost|p2a: Lopunny|atk|1\n|-unboost|p2b: Basculegion|atk|1\n|turn|1\n|\n|t:|1776003377\n|detailschange|p2a: Lopunny|Lopunny-Mega, L50, M, shiny\n|-mega|p2a: Lopunny|Lopunny|Lopunnite\n|move|p2a: Lopunny|Fake Out|p1b: Rotom\n|-damage|p1b: Rotom|83/100\n|move|p1a: Incineroar|Fake Out|p2a: Lopunny\n|-damage|p2a: Lopunny|86/100\n|move|p2b: Basculegion|Flip Turn|p1a: Incineroar\n|-supereffective|p1a: Incineroar|1\n|-damage|p1a: Incineroar|60/100\n|\n|t:|1776003393\n|switch|p2b: Aegislash|Aegislash, L50, M|100/100|[from] Flip Turn\n|cant|p1b: Rotom|flinch\n|\n|-heal|p1b: Rotom|88/100|[from] item: Leftovers\n|upkeep\n|turn|2\n|\n|t:|1776003412\n|switch|p1a: Charizard|Charizard, L50, F, shiny|100/100\n|move|p2a: Lopunny|Close Combat|p1a: Charizard\n|-resisted|p1a: Charizard|1\n|-damage|p1a: Charizard|78/100\n|-unboost|p2a: Lopunny|def|1\n|-unboost|p2a: Lopunny|spd|1\n|move|p1b: Rotom|Will-O-Wisp|p2a: Lopunny\n|-status|p2a: Lopunny|brn\n|-formechange|p2b: Aegislash|Aegislash-Blade|\n|move|p2b: Aegislash|Shadow Ball|p1b: Rotom\n|-damage|p1b: Rotom|44/100\n|\n|-heal|p1b: Rotom|50/100|[from] item: Leftovers\n|-damage|p2a: Lopunny|80/100 brn|[from] brn\n|upkeep\n|turn|3\n|inactive|FXXR has 30 seconds left.\n|inactive|disciple of blahaj has 30 seconds left.\n|inactive|disciple of blahaj has 20 seconds left.\n|inactive|disciple of blahaj has 15 seconds left.\n|\n|t:|1776003454\n|switch|p2b: Basculegion|Basculegion, L50, M|100/100\n|move|p1a: Charizard|Protect|p1a: Charizard\n|-singleturn|p1a: Charizard|Protect\n|move|p1b: Rotom|Protect|p1b: Rotom\n|-singleturn|p1b: Rotom|Protect\n|move|p2a: Lopunny|Facade|p1b: Rotom\n|-activate|p1b: Rotom|move: Protect\n|\n|-heal|p1b: Rotom|56/100|[from] item: Leftovers\n|-damage|p2a: Lopunny|75/100 brn|[from] brn\n|upkeep\n|turn|4\n|inactive|FXXR has 30 seconds left.\n|\n|t:|1776003486\n|switch|p1a: Incineroar|Incineroar, L50, F, shiny|60/100\n|-ability|p1a: Incineroar|Intimidate|boost\n|-fail|p2a: Lopunny|unboost|Attack|[from] ability: Scrappy|[of] p2a: Lopunny\n|-unboost|p2b: Basculegion|atk|1\n|move|p2a: Lopunny|Encore|p1b: Rotom\n|-start|p1b: Rotom|Encore\n|move|p1b: Rotom|Protect|p1b: Rotom\n|-singleturn|p1b: Rotom|Protect\n|move|p2b: Basculegion|Flip Turn|p1a: Incineroar\n|-supereffective|p1a: Incineroar|1\n|-damage|p1a: Incineroar|20/100\n|-enditem|p1a: Incineroar|Sitrus Berry|[eat]\n|-heal|p1a: Incineroar|45/100|[from] item: Sitrus Berry\n|\n|t:|1776003508\n|switch|p2b: Aegislash|Aegislash, L50, M|100/100|[from] Flip Turn\n|\n|-heal|p1b: Rotom|62/100|[from] item: Leftovers\n|-damage|p2a: Lopunny|69/100 brn|[from] brn\n|upkeep\n|turn|5\n|inactive|FXXR has 30 seconds left.\n|\n|t:|1776003533\n|switch|p1b: Whimsicott|Whimsicott, L50, F, shiny|100/100\n|switch|p1a: Charizard|Charizard, L50, F, shiny|78/100\n|move|p2a: Lopunny|Close Combat|p1a: Charizard\n|-resisted|p1a: Charizard|1\n|-damage|p1a: Charizard|67/100\n|-unboost|p2a: Lopunny|def|1\n|-unboost|p2a: Lopunny|spd|1\n|-formechange|p2b: Aegislash|Aegislash-Blade|\n|move|p2b: Aegislash|Shadow Ball|p1b: Whimsicott\n|-damage|p1b: Whimsicott|41/100\n|\n|-damage|p2a: Lopunny|63/100 brn|[from] brn\n|upkeep\n|turn|6\n|inactive|disciple of blahaj has 30 seconds left.\n|\n|t:|1776003561\n|switch|p2b: Basculegion|Basculegion, L50, M|100/100\n|detailschange|p1a: Charizard|Charizard-Mega-Y, L50, F, shiny\n|-mega|p1a: Charizard|Charizard|Charizardite Y\n|-weather|SunnyDay|[from] ability: Drought|[of] p1a: Charizard\n|move|p1b: Whimsicott|Tailwind|p1b: Whimsicott\n|-sidestart|p1: FXXR|move: Tailwind\n|move|p1a: Charizard|Heat Wave|p2b: Basculegion|[spread] p2a,p2b\n|-resisted|p2b: Basculegion|1\n|-damage|p2a: Lopunny|0 fnt\n|-damage|p2b: Basculegion|62/100\n|faint|p2a: Lopunny\n|\n|-weather|SunnyDay|[upkeep]\n|upkeep\n|\n|t:|1776003571\n|switch|p2a: Pelipper|Pelipper, L50, M|100/100\n|-weather|RainDance|[from] ability: Drizzle|[of] p2a: Pelipper\n|turn|7\n|inactive|disciple of blahaj has 30 seconds left.\n|\n|t:|1776003597\n|switch|p1a: Rotom|Rotom-Wash, L50, shiny|62/100\n|move|p1b: Whimsicott|Sunny Day|p1b: Whimsicott\n|-weather|SunnyDay\n|move|p2b: Basculegion|Wave Crash|p1a: Rotom\n|-resisted|p1a: Rotom|1\n|-damage|p1a: Rotom|41/100\n|-damage|p2b: Basculegion|56/100|[from] Recoil\n|move|p2a: Pelipper|Hurricane|p1b: Whimsicott|[miss]\n|-miss|p2a: Pelipper|p1b: Whimsicott\n|\n|-weather|SunnyDay|[upkeep]\n|-heal|p1a: Rotom|46/100|[from] item: Leftovers\n|upkeep\n|turn|8\n|inactive|FXXR has 30 seconds left.\n|\n|t:|1776003628\n|switch|p1b: Incineroar|Incineroar, L50, F, shiny|45/100\n|-ability|p1b: Incineroar|Intimidate|boost\n|-unboost|p2a: Pelipper|atk|1\n|-unboost|p2b: Basculegion|atk|1\n|switch|p2a: Aegislash|Aegislash, L50, M|100/100\n|move|p1a: Rotom|Volt Switch|p2a: Aegislash\n|-damage|p2a: Aegislash|75/100\n|\n|t:|1776003642\n|switch|p1a: Charizard|Charizard-Mega-Y, L50, F, shiny|67/100|[from] Volt Switch\n|move|p2b: Basculegion|Wave Crash|p1a: Charizard\n|-supereffective|p1a: Charizard|1\n|-damage|p1a: Charizard|5/100\n|-damage|p2b: Basculegion|38/100|[from] Recoil\n|\n|-weather|SunnyDay|[upkeep]\n|-heal|p2a: Aegislash|81/100|[from] item: Leftovers\n|upkeep\n|turn|9\n|\n|t:|1776003663\n|switch|p1b: Whimsicott|Whimsicott, L50, F, shiny|41/100\n|switch|p2a: Pelipper|Pelipper, L50, M|100/100\n|-weather|RainDance|[from] ability: Drizzle|[of] p2a: Pelipper\n|move|p1a: Charizard|Heat Wave|p2b: Basculegion|[spread] p2a,p2b\n|-resisted|p2a: Pelipper|1\n|-resisted|p2b: Basculegion|1\n|-damage|p2a: Pelipper|83/100\n|-damage|p2b: Basculegion|26/100\n|move|p2b: Basculegion|Wave Crash|p1a: Charizard\n|-supereffective|p1a: Charizard|1\n|-damage|p1a: Charizard|0 fnt\n|faint|p1a: Charizard\n|-damage|p2b: Basculegion|25/100|[from] Recoil\n|\n|-weather|RainDance|[upkeep]\n|-sideend|p1: FXXR|move: Tailwind\n|upkeep\n|\n|t:|1776003685\n|switch|p1a: Rotom|Rotom-Wash, L50, shiny|46/100\n|turn|10\n|\n|t:|1776003695\n|switch|p2a: Aegislash|Aegislash, L50, M|81/100\n|move|p1b: Whimsicott|Sunny Day|p1b: Whimsicott\n|-weather|SunnyDay\n|move|p2b: Basculegion|Wave Crash|p1a: Rotom\n|-resisted|p1a: Rotom|1\n|-damage|p1a: Rotom|32/100\n|-damage|p2b: Basculegion|21/100|[from] Recoil\n|move|p1a: Rotom|Volt Switch|p2a: Aegislash\n|-damage|p2a: Aegislash|53/100\n|\n|t:|1776003706\n|switch|p1a: Incineroar|Incineroar, L50, F, shiny|45/100|[from] Volt Switch\n|-ability|p1a: Incineroar|Intimidate|boost\n|-unboost|p2a: Aegislash|atk|1\n|-unboost|p2b: Basculegion|atk|1\n|\n|-weather|SunnyDay|[upkeep]\n|-heal|p2a: Aegislash|59/100|[from] item: Leftovers\n|upkeep\n|turn|11\n|inactive|FXXR has 30 seconds left.\n|\n|t:|1776003734\n|switch|p2a: Pelipper|Pelipper, L50, M|83/100\n|-weather|RainDance|[from] ability: Drizzle|[of] p2a: Pelipper\n|move|p1b: Whimsicott|Tailwind|p1b: Whimsicott\n|-sidestart|p1: FXXR|move: Tailwind\n|move|p2b: Basculegion|Wave Crash|p1a: Incineroar\n|-supereffective|p1a: Incineroar|1\n|-damage|p1a: Incineroar|0 fnt\n|faint|p1a: Incineroar\n|-damage|p2b: Basculegion|6/100|[from] Recoil\n|\n|-weather|RainDance|[upkeep]\n|upkeep\n|\n|t:|1776003748\n|switch|p1a: Rotom|Rotom-Wash, L50, shiny|32/100\n|turn|12\n|inactive|disciple of blahaj has 30 seconds left.\n|\n|t:|1776003778\n|move|p1a: Rotom|Protect|p1a: Rotom\n|-singleturn|p1a: Rotom|Protect\n|move|p1b: Whimsicott|Moonblast|p2b: Basculegion\n|-damage|p2b: Basculegion|0 fnt\n|faint|p2b: Basculegion\n|move|p2a: Pelipper|Weather Ball|p1a: Rotom\n|-activate|p1a: Rotom|move: Protect\n|\n|-weather|RainDance|[upkeep]\n|-heal|p1a: Rotom|37/100|[from] item: Leftovers\n|upkeep\n|\n|t:|1776003781\n|switch|p2b: Aegislash|Aegislash, L50, M|59/100\n|turn|13\n|inactive|FXXR has 30 seconds left.\n|inactive|disciple of blahaj has 30 seconds left.\n|inactive|FXXR has 20 seconds left.\n|inactive|FXXR has 15 seconds left.\n|inactive|FXXR has 10 seconds left.\n|\n|t:|1776003827\n|move|p1b: Whimsicott|Sunny Day|p1b: Whimsicott\n|-weather|SunnyDay\n|move|p1a: Rotom|Volt Switch|p2a: Pelipper\n|-supereffective|p2a: Pelipper|2\n|-damage|p2a: Pelipper|0 fnt\n|faint|p2a: Pelipper\n|-formechange|p2b: Aegislash|Aegislash-Blade|\n|move|p2b: Aegislash|Shadow Ball|p1a: Rotom\n|-damage|p1a: Rotom|0 fnt\n|faint|p1a: Rotom\n|\n|-weather|SunnyDay|[upkeep]\n|-heal|p2b: Aegislash|65/100|[from] item: Leftovers\n|upkeep\n|turn|14\n|\n|t:|1776003843\n|move|p1b: Whimsicott|Moonblast|p2b: Aegislash\n|-resisted|p2b: Aegislash|1\n|-damage|p2b: Aegislash|33/100\n|-unboost|p2b: Aegislash|spa|1\n|move|p2b: Aegislash|Iron Head|p1b: Whimsicott\n|-supereffective|p1b: Whimsicott|1\n|-damage|p1b: Whimsicott|0 fnt\n|faint|p1b: Whimsicott\n|\n|win|disciple of blahaj\n|raw|FXXR's rating: 1083 &rarr; <strong>1065</strong><br />(-18 for losing)\n|raw|disciple of blahaj's rating: 1160 &rarr; <strong>1180</strong><br />(+20 for winning)\n|l|\u2606FXXR\n|player|p1|\n",
  "uploadtime": 1776003856,
  "views": 15,
  "formatid": "gen9championsvgc2026regma",
  "rating": 1065,
  "private": 0,
  "password": null
}