{
  "id": "gen9championsvgc2026regma-2588908619",
  "format": "[Gen 9 Champions] VGC 2026 Reg M-A",
  "players": [
    "gundi8",
    "Elias Evernhart"
  ],
  "log": "|j|\u2606gundi8\n|j|\u2606Elias Evernhart\n|t:|1776684816\n|gametype|doubles\n|player|p1|gundi8|ethan|1111\n|player|p2|Elias Evernhart|265|1170\n|gen|9\n|tier|[Gen 9 Champions] VGC 2026 Reg M-A\n|rated|\n|rule|Species Clause: Limit one of each Pok\u00e9mon\n|rule|Item Clause: Limit 1 of each item\n|clearpoke\n|poke|p1|Venusaur, L50, M, shiny|\n|poke|p1|Incineroar, L50, M, shiny|\n|poke|p1|Tyranitar, L50, F|\n|poke|p1|Garchomp, L50, M|\n|poke|p1|Rotom-Wash, L50|\n|poke|p1|Gardevoir, L50, F|\n|poke|p2|Venusaur, L50, F|\n|poke|p2|Charizard, L50, M, shiny|\n|poke|p2|Garchomp, L50, M|\n|poke|p2|Sneasler, L50, F|\n|poke|p2|Whimsicott, L50, M, shiny|\n|poke|p2|Milotic, L50, F, shiny|\n|teampreview|4\n|inactive|Battle timer is ON: inactive players will automatically lose when time's up. (requested by gundi8)\n|inactive|gundi8 has 60 seconds left.\n|inactive|Elias Evernhart has 60 seconds left.\n|\n|t:|1776684852\n|teamsize|p1|4\n|teamsize|p2|4\n|start\n|switch|p1a: Venusaur|Venusaur, L50, M, shiny|100/100\n|switch|p1b: Rotom|Rotom-Wash, L50|100/100\n|switch|p2a: Whimsicott|Whimsicott, L50, M, shiny|100/100\n|switch|p2b: Sneasler|Sneasler, L50, F|100/100\n|turn|1\n|\n|t:|1776684875\n|detailschange|p1a: Venusaur|Venusaur-Mega, L50, M, shiny\n|-mega|p1a: Venusaur|Venusaur|Venusaurite\n|move|p2b: Sneasler|Fake Out|p1a: Venusaur\n|-damage|p1a: Venusaur|88/100\n|move|p2a: Whimsicott|Tailwind|p2a: Whimsicott\n|-sidestart|p2: Elias Evernhart|move: Tailwind\n|move|p1b: Rotom|Will-O-Wisp|p2b: Sneasler|[miss]\n|-miss|p1b: Rotom|p2b: Sneasler\n|cant|p1a: Venusaur|flinch\n|\n|upkeep\n|turn|2\n|\n|t:|1776684891\n|move|p2b: Sneasler|Dire Claw|p1a: Venusaur\n|-damage|p1a: Venusaur|53/100\n|move|p2a: Whimsicott|Moonblast|p1b: Rotom\n|-damage|p1b: Rotom|61/100\n|move|p1b: Rotom|Will-O-Wisp|p2b: Sneasler\n|-status|p2b: Sneasler|brn\n|move|p1a: Venusaur|Sludge Bomb|p2a: Whimsicott\n|-supereffective|p2a: Whimsicott|2\n|-damage|p2a: Whimsicott|0 fnt\n|faint|p2a: Whimsicott\n|\n|-damage|p2b: Sneasler|95/100 brn|[from] brn\n|upkeep\n|\n|t:|1776684899\n|switch|p2a: Charizard|Charizard, L50, M, shiny|100/100\n|turn|3\n|\n|t:|1776684911\n|detailschange|p2a: Charizard|Charizard-Mega-Y, L50, M, shiny\n|-mega|p2a: Charizard|Charizard|Charizardite Y\n|-weather|SunnyDay|[from] ability: Drought|[of] p2a: Charizard\n|move|p1a: Venusaur|Protect|p1a: Venusaur\n|-singleturn|p1a: Venusaur|Protect\n|move|p2b: Sneasler|Dire Claw|p1a: Venusaur\n|-activate|p1a: Venusaur|move: Protect\n|move|p2a: Charizard|Heat Wave|p1a: Venusaur|[spread] \n|-activate|p1a: Venusaur|move: Protect\n|-miss|p2a: Charizard|p1b: Rotom\n|move|p1b: Rotom|Thunderbolt|p2a: Charizard\n|-supereffective|p2a: Charizard|1\n|-damage|p2a: Charizard|14/100\n|\n|-weather|SunnyDay|[upkeep]\n|-damage|p2b: Sneasler|89/100 brn|[from] brn\n|upkeep\n|turn|4\n|\n|t:|1776684930\n|switch|p1b: Tyranitar|Tyranitar, L50, F|100/100\n|-weather|Sandstorm|[from] ability: Sand Stream|[of] p1b: Tyranitar\n|move|p2b: Sneasler|Dire Claw|p1b: Tyranitar\n|-resisted|p1b: Tyranitar|1\n|-damage|p1b: Tyranitar|91/100\n|move|p2a: Charizard|Heat Wave|p1a: Venusaur|[spread] p1a,p1b\n|-supereffective|p1a: Venusaur|1\n|-resisted|p1b: Tyranitar|1\n|-damage|p1a: Venusaur|18/100\n|-damage|p1b: Tyranitar|78/100\n|move|p1a: Venusaur|Earth Power|p2b: Sneasler\n|-supereffective|p2b: Sneasler|1\n|-damage|p2b: Sneasler|9/100 brn\n|\n|-weather|Sandstorm|[upkeep]\n|-damage|p2b: Sneasler|3/100 brn|[from] Sandstorm\n|-damage|p2a: Charizard|8/100|[from] Sandstorm\n|-damage|p1a: Venusaur|12/100|[from] Sandstorm\n|-damage|p2b: Sneasler|0 fnt|[from] brn\n|faint|p2b: Sneasler\n|-sideend|p2: Elias Evernhart|move: Tailwind\n|upkeep\n|\n|t:|1776684940\n|switch|p2b: Venusaur|Venusaur, L50, F|100/100\n|turn|5\n|\n|t:|1776684955\n|move|p1a: Venusaur|Protect|p1a: Venusaur\n|-singleturn|p1a: Venusaur|Protect\n|move|p2a: Charizard|Heat Wave|p1b: Tyranitar|[spread] p1b\n|-activate|p1a: Venusaur|move: Protect\n|-resisted|p1b: Tyranitar|1\n|-damage|p1b: Tyranitar|65/100\n|-status|p1b: Tyranitar|brn\n|move|p2b: Venusaur|Giga Drain|p1b: Tyranitar\n|-supereffective|p1b: Tyranitar|1\n|-damage|p1b: Tyranitar|27/100 brn\n|move|p1b: Tyranitar|Knock Off|p2b: Venusaur\n|-damage|p2b: Venusaur|69/100\n|-enditem|p2b: Venusaur|Focus Sash|[from] move: Knock Off|[of] p1b: Tyranitar\n|\n|-weather|Sandstorm|[upkeep]\n|-damage|p2a: Charizard|2/100|[from] Sandstorm\n|-damage|p2b: Venusaur|63/100|[from] Sandstorm\n|-damage|p1a: Venusaur|6/100|[from] Sandstorm\n|-damage|p1b: Tyranitar|21/100 brn|[from] brn\n|upkeep\n|turn|6\n|inactive|gundi8 has 30 seconds left.\n|\n|t:|1776684981\n|move|p2a: Charizard|Heat Wave|p1a: Venusaur|[spread] p1a,p1b\n|-supereffective|p1a: Venusaur|1\n|-resisted|p1b: Tyranitar|1\n|-damage|p1a: Venusaur|0 fnt\n|-damage|p1b: Tyranitar|8/100 brn\n|faint|p1a: Venusaur\n|move|p2b: Venusaur|Giga Drain|p1b: Tyranitar\n|-supereffective|p1b: Tyranitar|1\n|-damage|p1b: Tyranitar|0 fnt\n|-heal|p2b: Venusaur|68/100|[from] drain|[of] p1b: Tyranitar\n|faint|p1b: Tyranitar\n|\n|-weather|Sandstorm|[upkeep]\n|-damage|p2a: Charizard|0 fnt|[from] Sandstorm\n|-damage|p2b: Venusaur|62/100|[from] Sandstorm\n|faint|p2a: Charizard\n|upkeep\n|\n|t:|1776684986\n|switch|p1a: Rotom|Rotom-Wash, L50|61/100\n|switch|p1b: Gardevoir|Gardevoir, L50, F|100/100\n|turn|7\n|\n|t:|1776684999\n|move|p1b: Gardevoir|Psychic|p2b: Venusaur\n|-supereffective|p2b: Venusaur|1\n|-crit|p2b: Venusaur\n|-damage|p2b: Venusaur|0 fnt\n|faint|p2b: Venusaur\n|\n|win|gundi8\n|raw|gundi8's rating: 1111 &rarr; <strong>1140</strong><br />(+29 for winning)\n|raw|Elias Evernhart's rating: 1170 &rarr; <strong>1141</strong><br />(-29 for losing)\n",
  "uploadtime": 1776684999,
  "views": 10,
  "formatid": "gen9championsvgc2026regma",
  "rating": 1140,
  "private": 0,
  "password": null
}