{
  "id": "gen9championsvgc2026regma-2588220442",
  "format": "[Gen 9 Champions] VGC 2026 Reg M-A",
  "players": [
    "Htirex",
    "burntime"
  ],
  "log": "|j|\u2606Htirex\n|j|\u2606burntime\n|t:|1776615561\n|gametype|doubles\n|player|p1|Htirex|pokemaniac|1054\n|player|p2|burntime|265|1109\n|gen|9\n|tier|[Gen 9 Champions] VGC 2026 Reg M-A\n|rated|\n|rule|Species Clause: Limit one of each Pok\u00e9mon\n|rule|Item Clause: Limit 1 of each item\n|clearpoke\n|poke|p1|Starmie, L50|\n|poke|p1|Aerodactyl, L50, M|\n|poke|p1|Garchomp, L50, F|\n|poke|p1|Aegislash, L50, F|\n|poke|p1|Rotom-Heat, L50|\n|poke|p1|Tyranitar, L50, F|\n|poke|p2|Altaria, L50, F|\n|poke|p2|Milotic, L50, F|\n|poke|p2|Infernape, L50, F|\n|poke|p2|Arbok, L50, F|\n|poke|p2|Runerigus, L50, M|\n|poke|p2|Whimsicott, L50, M|\n|teampreview|4\nHtirex has agreed to open team sheets.\n|\n|t:|1776615596\n|teamsize|p1|4\n|teamsize|p2|4\n|start\n|switch|p1a: Starmie|Starmie, L50|100/100\n|switch|p1b: Garchomp|Garchomp, L50, F|100/100\n|switch|p2a: Milotic|Milotic, L50, F|100/100\n|switch|p2b: Whimsicott|Whimsicott, L50, M|100/100\n|turn|1\n|\n|t:|1776615617\n|detailschange|p1a: Starmie|Starmie-Mega, L50\n|-mega|p1a: Starmie|Starmie|Starminite\n|move|p2b: Whimsicott|Tailwind|p2b: Whimsicott\n|-sidestart|p2: burntime|move: Tailwind\n|move|p2a: Milotic|Icy Wind|p1a: Starmie|[spread] p1a,p1b\n|-resisted|p1a: Starmie|1\n|-supereffective|p1b: Garchomp|2\n|-damage|p1a: Starmie|95/100\n|-damage|p1b: Garchomp|55/100\n|-unboost|p1a: Starmie|spe|1\n|-unboost|p1b: Garchomp|spe|1\n|-enditem|p1b: Garchomp|White Herb\n|-clearnegativeboost|p1b: Garchomp|[silent]\n|move|p1b: Garchomp|Poison Jab|p2b: Whimsicott\n|-supereffective|p2b: Whimsicott|2\n|-enditem|p2b: Whimsicott|Kebia Berry|[eat]\n|-enditem|p2b: Whimsicott|Kebia Berry|[weaken]\n|-damage|p2b: Whimsicott|37/100\n|move|p1a: Starmie|Skill Swap|p1b: Garchomp\n|-activate|p1a: Starmie|Skill Swap|||[of] p1b: Garchomp\n|\n|upkeep\n|turn|2\n|\n|t:|1776615649\n|move|p1a: Starmie|Protect|p1a: Starmie\n|-singleturn|p1a: Starmie|Protect\n|move|p2b: Whimsicott|Fake Tears|p1b: Garchomp\n|-unboost|p1b: Garchomp|spd|2\n|move|p2a: Milotic|Icy Wind|p1a: Starmie|[spread] p1b\n|-activate|p1a: Starmie|move: Protect\n|-supereffective|p1b: Garchomp|2\n|-damage|p1b: Garchomp|0 fnt\n|faint|p1b: Garchomp\n|\n|upkeep\n|\n|t:|1776615662\n|switch|p1b: Aegislash|Aegislash, L50, F|100/100\n|turn|3\n|\n|t:|1776615674\n|switch|p2b: Infernape|Infernape, L50, F|100/100\n|move|p1b: Aegislash|Wide Guard|p1b: Aegislash\n|-singleturn|p1b: Aegislash|Wide Guard\n|move|p2a: Milotic|Coil|p2a: Milotic\n|-boost|p2a: Milotic|atk|1\n|-boost|p2a: Milotic|def|1\n|-boost|p2a: Milotic|accuracy|1\n|move|p1a: Starmie|Zen Headbutt|p2a: Milotic\n|-damage|p2a: Milotic|80/100\n|\n|-heal|p2a: Milotic|86/100|[from] item: Leftovers\n|upkeep\n|turn|4\n|\n|t:|1776615693\n|move|p2b: Infernape|Fake Out|p1a: Starmie\n|-damage|p1a: Starmie|84/100\n|move|p1b: Aegislash|Wide Guard|p1b: Aegislash\n|-singleturn|p1b: Aegislash|Wide Guard\n|move|p2a: Milotic|Scald|p1b: Aegislash\n|-damage|p1b: Aegislash|64/100\n|-status|p1b: Aegislash|brn\n|cant|p1a: Starmie|flinch\n|\n|-heal|p2a: Milotic|92/100|[from] item: Leftovers\n|-heal|p1b: Aegislash|70/100 brn|[from] item: Leftovers\n|-damage|p1b: Aegislash|64/100 brn|[from] brn\n|-sideend|p2: burntime|move: Tailwind\n|upkeep\n|turn|5\n|-message|Htirex forfeited.\n|\n|win|burntime\n|raw|Htirex's rating: 1054 &rarr; <strong>1039</strong><br />(-15 for losing)\n|raw|burntime's rating: 1109 &rarr; <strong>1130</strong><br />(+21 for winning)\n|l|\u2606Htirex\n|player|p1|\n",
  "uploadtime": 1776615716,
  "views": 13,
  "formatid": "gen9championsvgc2026regma",
  "rating": 1039,
  "private": 0,
  "password": null
}