{
  "id": "gen9championsvgc2026regma-2580450063",
  "format": "[Gen 9 Champions] VGC 2026 Reg M-A",
  "players": [
    "bakzoo",
    "SleepyBadBoy"
  ],
  "log": "|j|\u2606bakzoo\n|j|\u2606SleepyBadBoy\n|t:|1775898369\n|gametype|doubles\n|player|p1|bakzoo|1|1000\n|player|p2|SleepyBadBoy|265|1085\n|gen|9\n|tier|[Gen 9 Champions] VGC 2026 Reg M-A\n|rated|\n|rule|Species Clause: Limit one of each Pok\u00e9mon\n|rule|Item Clause: Limit 1 of each item\n|clearpoke\n|poke|p1|Gardevoir, L50, F|\n|poke|p1|Talonflame, L50, F|\n|poke|p1|Sinistcha, L50|\n|poke|p1|Tyranitar, L50, M|\n|poke|p1|Incineroar, L50, F|\n|poke|p1|Machamp, L50, F|\n|poke|p2|Gengar, L50, M|\n|poke|p2|Politoed, L50, F|\n|poke|p2|Incineroar, L50, F|\n|poke|p2|Basculegion-F, L50, F|\n|poke|p2|Maushold-Four, L50|\n|poke|p2|Mudsdale, L50, M|\n|teampreview|4\n|inactive|Battle timer is ON: inactive players will automatically lose when time's up. (requested by SleepyBadBoy)\n|\n|t:|1775898394\n|teamsize|p1|4\n|teamsize|p2|4\n|start\n|switch|p1a: Talonflame|Talonflame, L50, F|100/100\n|switch|p1b: Machamp|Machamp, L50, F|100/100\n|switch|p2a: Maushold|Maushold-Four, L50|100/100\n|switch|p2b: Gengar|Gengar, L50, M|100/100\n|turn|1\n|inactive|bakzoo has 30 seconds left.\n|inactive|bakzoo has 20 seconds left.\n|\n|t:|1775898431\n|switch|p2b: Mudsdale|Mudsdale, L50, M|100/100\n|move|p1a: Talonflame|Brave Bird|p2b: Mudsdale\n|-damage|p2b: Mudsdale|78/100\n|-ability|p2b: Mudsdale|Stamina|boost\n|-boost|p2b: Mudsdale|def|1\n|-damage|p1a: Talonflame|91/100|[from] Recoil\n|move|p2a: Maushold|Beat Up|p2b: Mudsdale\n|-damage|p2b: Mudsdale|78/100\n|-ability|p2b: Mudsdale|Stamina|boost\n|-boost|p2b: Mudsdale|def|1\n|-damage|p2b: Mudsdale|77/100\n|-ability|p2b: Mudsdale|Stamina|boost\n|-boost|p2b: Mudsdale|def|1\n|-damage|p2b: Mudsdale|76/100\n|-ability|p2b: Mudsdale|Stamina|boost\n|-boost|p2b: Mudsdale|def|1\n|-crit|p2b: Mudsdale\n|-damage|p2b: Mudsdale|74/100\n|-ability|p2b: Mudsdale|Stamina|boost\n|-boost|p2b: Mudsdale|def|1\n|-hitcount|p2b: Mudsdale|4\n|move|p1b: Machamp|Dynamic Punch|p2a: Maushold\n|-supereffective|p2a: Maushold|1\n|-enditem|p2a: Maushold|Chople Berry|[eat]\n|-enditem|p2a: Maushold|Chople Berry|[weaken]\n|-damage|p2a: Maushold|40/100\n|-start|p2a: Maushold|confusion\n|\n|upkeep\n|turn|2\n|\n|t:|1775898457\n|-activate|p2a: Maushold|confusion\n|move|p2a: Maushold|Protect|p2a: Maushold\n|-singleturn|p2a: Maushold|Protect\n|move|p1a: Talonflame|Brave Bird|p2a: Maushold\n|-activate|p2a: Maushold|move: Protect\n|move|p1b: Machamp|Dynamic Punch|p2b: Mudsdale\n|-damage|p2b: Mudsdale|66/100\n|-start|p2b: Mudsdale|confusion\n|-ability|p2b: Mudsdale|Stamina|boost\n|-boost|p2b: Mudsdale|def|1\n|-activate|p2b: Mudsdale|confusion\n|move|p2b: Mudsdale|Body Press|p1b: Machamp\n|-damage|p1b: Machamp|4/100\n|\n|upkeep\n|turn|3\n|\n|t:|1775898481\n|switch|p2a: Incineroar|Incineroar, L50, F|100/100\n|-ability|p2a: Incineroar|Intimidate|boost\n|-unboost|p1a: Talonflame|atk|1\n|-unboost|p1b: Machamp|atk|1\n|move|p1a: Talonflame|Tailwind|p1a: Talonflame\n|-sidestart|p1: bakzoo|move: Tailwind\n|move|p1b: Machamp|Dynamic Punch|p2a: Incineroar\n|-supereffective|p2a: Incineroar|1\n|-damage|p2a: Incineroar|29/100\n|-start|p2a: Incineroar|confusion\n|-activate|p2b: Mudsdale|confusion\n|move|p2b: Mudsdale|Body Press|p1b: Machamp\n|-damage|p1b: Machamp|0 fnt\n|faint|p1b: Machamp\n|\n|upkeep\n|\n|t:|1775898494\n|switch|p1b: Sinistcha|Sinistcha, L50|100/100\n|turn|4\n|\n|t:|1775898507\n|-end|p2b: Mudsdale|confusion\n|move|p2b: Mudsdale|Protect|p2b: Mudsdale\n|-singleturn|p2b: Mudsdale|Protect\n|move|p1a: Talonflame|Upper Hand||[still]\n|-fail|p1a: Talonflame\n|move|p1b: Sinistcha|Matcha Gotcha|p2a: Incineroar|[spread] p2a\n|-activate|p2b: Mudsdale|move: Protect\n|-resisted|p2a: Incineroar|1\n|-damage|p2a: Incineroar|20/100\n|-activate|p2a: Incineroar|confusion\n|move|p2a: Incineroar|Parting Shot|p1a: Talonflame\n|-unboost|p1a: Talonflame|atk|1\n|-unboost|p1a: Talonflame|spa|1\n|\n|t:|1775898520\n|switch|p2a: Gengar|Gengar, L50, M|100/100|[from] Parting Shot\n|\n|upkeep\n|turn|5\n|\n|t:|1775898539\n|detailschange|p2a: Gengar|Gengar-Mega, L50, M\n|-mega|p2a: Gengar|Gengar|Gengarite\n|move|p1a: Talonflame|Brave Bird|p2a: Gengar\n|-damage|p2a: Gengar|72/100\n|-damage|p1a: Talonflame|80/100|[from] Recoil\n|move|p2a: Gengar|Shadow Ball|p1b: Sinistcha\n|-supereffective|p1b: Sinistcha|1\n|-damage|p1b: Sinistcha|0 fnt\n|faint|p1b: Sinistcha\n|move|p2b: Mudsdale|Heavy Slam|p1a: Talonflame\n|-resisted|p1a: Talonflame|1\n|-damage|p1a: Talonflame|55/100\n|\n|upkeep\n|\n|t:|1775898552\n|switch|p1b: Tyranitar|Tyranitar, L50, M|100/100\n|-weather|Sandstorm|[from] ability: Sand Stream|[of] p1b: Tyranitar\n|turn|6\n|-message|bakzoo forfeited.\n|\n|win|SleepyBadBoy\n|raw|bakzoo's rating: 1000 &rarr; <strong>1000</strong><br />(+0 for losing)\n|raw|SleepyBadBoy's rating: 1085 &rarr; <strong>1106</strong><br />(+21 for winning)\n|l|\u2606bakzoo\n|player|p1|\n",
  "uploadtime": 1775898591,
  "views": 23,
  "formatid": "gen9championsvgc2026regma",
  "rating": 1000,
  "private": 0,
  "password": null
}