{
  "id": "gen9championsvgc2026regma-2588767406",
  "format": "[Gen 9 Champions] VGC 2026 Reg M-A",
  "players": [
    "25th_mang",
    "lhh980210"
  ],
  "log": "|j|\u260625th_mang\n|j|\u2606lhh980210\n|t:|1776668163\n|gametype|doubles\n|player|p1|25th_mang|ballguy|1297\n|player|p2|lhh980210|265|1381\n|gen|9\n|tier|[Gen 9 Champions] VGC 2026 Reg M-A\n|rated|\n|rule|Species Clause: Limit one of each Pok\u00e9mon\n|rule|Item Clause: Limit 1 of each item\n|clearpoke\n|poke|p1|Crabominable, L50, M|\n|poke|p1|Farigiraf, L50, M|\n|poke|p1|Incineroar, L50, M|\n|poke|p1|Archaludon, L50, M|\n|poke|p1|Pelipper, L50, F|\n|poke|p1|Sinistcha, L50|\n|poke|p2|Gallade, L50, M, shiny|\n|poke|p2|Talonflame, L50, M, shiny|\n|poke|p2|Garchomp, L50, M, shiny|\n|poke|p2|Delphox, L50, F, shiny|\n|poke|p2|Sinistcha-Masterpiece, L50|\n|poke|p2|Milotic, L50, F, shiny|\n|teampreview|4\n|inactive|Battle timer is ON: inactive players will automatically lose when time's up. (requested by 25th_mang)\n|inactive|lhh980210 has 60 seconds left.\n|\n|t:|1776668202\n|teamsize|p1|4\n|teamsize|p2|4\n|start\n|switch|p1a: Flip|Farigiraf, L50, M|100/100\n|switch|p1b: Roar|Incineroar, L50, M|100/100\n|switch|p2a: Sinistcha|Sinistcha-Masterpiece, L50|100/100\n|switch|p2b: Delphox|Delphox, L50, F, shiny|100/100\n|-ability|p1b: Roar|Intimidate|boost\n|-unboost|p2a: Sinistcha|atk|1\n|-unboost|p2b: Delphox|atk|1\n|turn|1\n|inactive|25th_mang has 30 seconds left.\n|inactive|25th_mang has 20 seconds left.\n|\n|t:|1776668238\n|detailschange|p2b: Delphox|Delphox-Mega, L50, F, shiny\n|-mega|p2b: Delphox|Delphox|Delphoxite\n|move|p1a: Flip|Helping Hand|p1b: Roar\n|-singleturn|p1b: Roar|Helping Hand|[of] p1a: Flip\n|move|p2b: Delphox|Nasty Plot|p2b: Delphox\n|-boost|p2b: Delphox|spa|2\n|move|p2a: Sinistcha|Imprison|p2a: Sinistcha\n|-start|p2a: Sinistcha|move: Imprison\n|move|p1b: Roar|Snarl|p2b: Delphox|[spread] p2a,p2b\n|-supereffective|p2a: Sinistcha|1\n|-supereffective|p2b: Delphox|1\n|-damage|p2a: Sinistcha|59/100\n|-damage|p2b: Delphox|57/100\n|-unboost|p2a: Sinistcha|spa|1\n|-unboost|p2b: Delphox|spa|1\n|\n|upkeep\n|turn|2\n|\n|t:|1776668259\n|move|p1a: Flip|Helping Hand|p1b: Roar\n|-singleturn|p1b: Roar|Helping Hand|[of] p1a: Flip\n|move|p2a: Sinistcha|Rage Powder|p2a: Sinistcha\n|-singleturn|p2a: Sinistcha|move: Rage Powder\n|move|p2b: Delphox|Heat Wave|p1b: Roar|[spread] p1a,p1b\n|-resisted|p1b: Roar|1\n|-damage|p1a: Flip|42/100\n|-damage|p1b: Roar|68/100\n|move|p1b: Roar|Snarl|p2a: Sinistcha|[spread] p2a,p2b\n|-supereffective|p2a: Sinistcha|1\n|-supereffective|p2b: Delphox|1\n|-crit|p2b: Delphox\n|-damage|p2a: Sinistcha|15/100\n|-damage|p2b: Delphox|0 fnt\n|-unboost|p2a: Sinistcha|spa|1\n|-enditem|p2a: Sinistcha|Sitrus Berry|[eat]\n|-heal|p2a: Sinistcha|40/100|[from] item: Sitrus Berry\n|faint|p2b: Delphox\n|\n|upkeep\n|\n|t:|1776668267\n|switch|p2b: Gallade|Gallade, L50, M, shiny|100/100\n|turn|3\n|\n|t:|1776668283\n|switch|p1b: Stup!b|Pelipper, L50, F|100/100\n|-weather|RainDance|[from] ability: Drizzle|[of] p1b: Stup!b\n|move|p2a: Sinistcha|Rage Powder|p2a: Sinistcha\n|-singleturn|p2a: Sinistcha|move: Rage Powder\n|move|p2b: Gallade|Sacred Sword|p1b: Stup!b\n|-resisted|p1b: Stup!b|1\n|-damage|p1b: Stup!b|63/100\n|move|p1a: Flip|Psychic|p2a: Sinistcha\n|-damage|p2a: Sinistcha|2/100\n|\n|-weather|RainDance|[upkeep]\n|upkeep\n|turn|4\n|\n|t:|1776668306\n|switch|p1a: Roar|Incineroar, L50, M|68/100\n|-ability|p1a: Roar|Intimidate|boost\n|-unboost|p2a: Sinistcha|atk|1\n|-unboost|p2b: Gallade|atk|1\n|move|p2a: Sinistcha|Rage Powder|p2a: Sinistcha\n|-singleturn|p2a: Sinistcha|move: Rage Powder\n|move|p2b: Gallade|Sacred Sword|p1a: Roar\n|-supereffective|p1a: Roar|1\n|-damage|p1a: Roar|0 fnt\n|faint|p1a: Roar\n|move|p1b: Stup!b|Hurricane|p2a: Sinistcha\n|-supereffective|p2a: Sinistcha|1\n|-damage|p2a: Sinistcha|0 fnt\n|faint|p2a: Sinistcha\n|\n|-weather|RainDance|[upkeep]\n|upkeep\n|\n|t:|1776668320\n|switch|p2a: Garchomp|Garchomp, L50, M, shiny|100/100\n|switch|p1a: Flip|Farigiraf, L50, M|42/100\n|turn|5\n|\n|t:|1776668330\n|move|p1a: Flip|Helping Hand|p1b: Stup!b\n|-singleturn|p1b: Stup!b|Helping Hand|[of] p1a: Flip\n|move|p2b: Gallade|Sacred Sword|p1a: Flip\n|-damage|p1a: Flip|1/100\n|move|p2a: Garchomp|Dragon Claw|p1b: Stup!b\n|-damage|p1b: Stup!b|21/100\n|move|p1b: Stup!b|Hurricane|p2b: Gallade\n|-supereffective|p2b: Gallade|1\n|-damage|p2b: Gallade|0 fnt\n|faint|p2b: Gallade\n|\n|-weather|RainDance|[upkeep]\n|upkeep\n|turn|6\n|\n|t:|1776668347\n|move|p2a: Garchomp|Rock Slide|p1a: Flip|[spread] p1a,p1b\n|-supereffective|p1b: Stup!b|1\n|-damage|p1a: Flip|0 fnt\n|-damage|p1b: Stup!b|0 fnt\n|faint|p1a: Flip\n|faint|p1b: Stup!b\n|\n|-weather|RainDance|[upkeep]\n|upkeep\n|c|\u2606lhh980210|Wide guard?\n|\n|t:|1776668351\n|switch|p1b: Hockey Reference|Crabominable, L50, M|100/100\n|turn|7\n|\n|t:|1776668356\n|detailschange|p1b: Hockey Reference|Crabominable-Mega, L50, M\n|-mega|p1b: Hockey Reference|Crabominable|Crabominite\n|move|p2a: Garchomp|Rock Slide|p1b: Hockey Reference\n|-damage|p1b: Hockey Reference|81/100\n|move|p1b: Hockey Reference|Ice Hammer|p2a: Garchomp\n|-supereffective|p2a: Garchomp|2\n|-damage|p2a: Garchomp|0 fnt\n|-unboost|p1b: Hockey Reference|spe|1\n|-damage|p1b: Hockey Reference|68/100|[from] ability: Rough Skin|[of] p2a: Garchomp\n|faint|p2a: Garchomp\n|\n|win|25th_mang\n|raw|25th_mang's rating: 1297 &rarr; <strong>1328</strong><br />(+31 for winning)\n|raw|lhh980210's rating: 1381 &rarr; <strong>1356</strong><br />(-25 for losing)\n|c|\u2606lhh980210|Oh\n|l|\u2606lhh980210\n|player|p2|\n",
  "uploadtime": 1776668405,
  "views": 11,
  "formatid": "gen9championsvgc2026regma",
  "rating": 1328,
  "private": 0,
  "password": null
}