{
  "id": "gen9championsvgc2026regma-2582917184",
  "format": "[Gen 9 Champions] VGC 2026 Reg M-A",
  "players": [
    "lohpezhoh",
    "loklastaji"
  ],
  "log": "|j|\u2606lohpezhoh\n|j|\u2606loklastaji\n|t:|1776124795\n|gametype|doubles\n|player|p1|lohpezhoh|2|1178\n|player|p2|loklastaji|102|1272\n|gen|9\n|tier|[Gen 9 Champions] VGC 2026 Reg M-A\n|rated|\n|rule|Species Clause: Limit one of each Pok\u00e9mon\n|rule|Item Clause: Limit 1 of each item\n|clearpoke\n|poke|p1|Incineroar, L50, F|\n|poke|p1|Gengar, L50, F|\n|poke|p1|Sinistcha, L50|\n|poke|p1|Kingambit, L50, F|\n|poke|p1|Tyranitar, L50, F|\n|poke|p1|Kommo-o, L50, M|\n|poke|p2|Samurott-Hisui, L50, M|\n|poke|p2|Mamoswine, L50, M|\n|poke|p2|Delphox, L50, M|\n|poke|p2|Tsareena, L50, F|\n|poke|p2|Corviknight, L50, F|\n|poke|p2|Altaria, L50, M|\n|teampreview|4\n|inactive|Battle timer is ON: inactive players will automatically lose when time's up. (requested by lohpezhoh)\n|\n|t:|1776124856\n|teamsize|p1|4\n|teamsize|p2|4\n|start\n|switch|p1a: Gengar|Gengar, L50, F, shiny|100/100\n|switch|p1b: Incineroar|Incineroar, L50, F|100/100\n|switch|p2a: Tsareena|Tsareena, L50, F|100/100\n|switch|p2b: Samurott|Samurott-Hisui, L50, M|100/100\n|-ability|p1b: Incineroar|Intimidate|boost\n|-unboost|p2a: Tsareena|atk|1\n|-unboost|p2b: Samurott|atk|1\n|-enditem|p2b: Samurott|White Herb\n|-clearnegativeboost|p2b: Samurott|[silent]\n|turn|1\n|inactive|lohpezhoh has 30 seconds left.\n|inactive|loklastaji has 30 seconds left.\n|inactive|loklastaji has 20 seconds left.\n|\n|t:|1776124892\n|switch|p1b: Sinistcha|Sinistcha, L50|100/100\n|detailschange|p1a: Gengar|Gengar-Mega, L50, F, shiny\n|-mega|p1a: Gengar|Gengar|Gengarite\n|move|p1a: Gengar|Protect|p1a: Gengar\n|-singleturn|p1a: Gengar|Protect\n|move|p2a: Tsareena|Protect|p2a: Tsareena\n|-singleturn|p2a: Tsareena|Protect\n|move|p2b: Samurott|Aqua Cutter|p1b: Sinistcha\n|-resisted|p1b: Sinistcha|1\n|-damage|p1b: Sinistcha|78/100\n|\n|upkeep\n|turn|2\n|inactive|lohpezhoh has 30 seconds left.\n|inactive|loklastaji has 30 seconds left.\n|\n|t:|1776124923\n|switch|p1a: Incineroar|Incineroar, L50, F|100/100\n|-ability|p1a: Incineroar|Intimidate|boost\n|-unboost|p2a: Tsareena|atk|1\n|-unboost|p2b: Samurott|atk|1\n|move|p2b: Samurott|Ceaseless Edge|p1b: Sinistcha\n|-supereffective|p1b: Sinistcha|1\n|-damage|p1b: Sinistcha|23/100\n|-sidestart|p1: lohpezhoh|Spikes\n|-enditem|p1b: Sinistcha|Sitrus Berry|[eat]\n|-heal|p1b: Sinistcha|48/100|[from] item: Sitrus Berry\n|move|p2a: Tsareena|Taunt|p1b: Sinistcha\n|-start|p1b: Sinistcha|move: Taunt\n|move|p1b: Sinistcha|Matcha Gotcha|p2a: Tsareena|[spread] p2a,p2b\n|-resisted|p2a: Tsareena|1\n|-supereffective|p2b: Samurott|1\n|-damage|p2a: Tsareena|85/100\n|-heal|p1b: Sinistcha|55/100|[from] drain|[of] p2a: Tsareena\n|-damage|p2b: Samurott|28/100\n|-heal|p1b: Sinistcha|89/100|[from] drain|[of] p2b: Samurott\n|\n|upkeep\n|turn|3\n|inactive|lohpezhoh has 30 seconds left.\n|inactive|loklastaji has 30 seconds left.\n|inactive|loklastaji has 20 seconds left.\n|inactive|loklastaji has 15 seconds left.\n|inactive|loklastaji has 10 seconds left.\n|\n|t:|1776124969\n|switch|p2a: Altaria|Altaria, L50, M|100/100\n|-ability|p2a: Altaria|Cloud Nine\n|move|p1a: Incineroar|Protect|p1a: Incineroar\n|-singleturn|p1a: Incineroar|Protect\n|move|p2b: Samurott|Sucker Punch|p1b: Sinistcha\n|-supereffective|p1b: Sinistcha|1\n|-damage|p1b: Sinistcha|44/100\n|move|p1b: Sinistcha|Matcha Gotcha|p2b: Samurott|[spread] p2a,p2b\n|-resisted|p2a: Altaria|2\n|-supereffective|p2b: Samurott|1\n|-crit|p2b: Samurott\n|-damage|p2a: Altaria|94/100\n|-heal|p1b: Sinistcha|47/100|[from] drain|[of] p2a: Altaria\n|-damage|p2b: Samurott|0 fnt\n|-heal|p1b: Sinistcha|60/100|[from] drain|[of] p2b: Samurott\n|faint|p2b: Samurott\n|\n|upkeep\n|inactive|loklastaji has 30 seconds left.\n|\n|t:|1776124994\n|switch|p2b: Tsareena|Tsareena, L50, F|85/100\n|turn|4\n|inactive|lohpezhoh has 30 seconds left.\n|\n|t:|1776125023\n|switch|p1b: Gengar|Gengar-Mega, L50, F, shiny|100/100\n|-damage|p1b: Gengar|89/100|[from] Spikes\n|move|p2b: Tsareena|Protect|p2b: Tsareena\n|-singleturn|p2b: Tsareena|Protect\n|move|p2a: Altaria|Hurricane|p1b: Gengar|[miss]\n|-miss|p2a: Altaria|p1b: Gengar\n|move|p1a: Incineroar|Parting Shot|p2b: Tsareena\n|-activate|p2b: Tsareena|move: Protect\n|\n|upkeep\n|turn|5\n|inactive|lohpezhoh has 30 seconds left.\n|inactive|loklastaji has 30 seconds left.\n|inactive|lohpezhoh has 20 seconds left.\n|inactive|lohpezhoh has 15 seconds left.\n|\n|t:|1776125064\n|switch|p1a: Sinistcha|Sinistcha, L50|60/100\n|-damage|p1a: Sinistcha|48/100|[from] Spikes\n|-heal|p1b: Gengar|100/100|[from] ability: Hospitality|[of] p1a: Sinistcha\n|detailschange|p2a: Altaria|Altaria-Mega, L50, M\n|-mega|p2a: Altaria|Altaria|Altarianite\n|move|p1b: Gengar|Perish Song|p1b: Gengar\n|-start|p1a: Sinistcha|perish3|[silent]\n|-start|p1b: Gengar|perish3|[silent]\n|-start|p2a: Altaria|perish3|[silent]\n|-start|p2b: Tsareena|perish3|[silent]\n|-fieldactivate|move: Perish Song\n|move|p2a: Altaria|Hyper Voice|p1b: Gengar|[spread] p1a,p1b\n|-resisted|p1b: Gengar|1\n|-damage|p1a: Sinistcha|12/100\n|-damage|p1b: Gengar|79/100\n|move|p2b: Tsareena|High Jump Kick|p1a: Sinistcha\n|-immune|p1a: Sinistcha\n|-damage|p2b: Tsareena|35/100|[from] highjumpkick\n|\n|-start|p1b: Gengar|perish3\n|-start|p2a: Altaria|perish3\n|-start|p2b: Tsareena|perish3\n|-start|p1a: Sinistcha|perish3\n|upkeep\n|turn|6\n|inactive|lohpezhoh has 30 seconds left.\n|inactive|loklastaji has 30 seconds left.\n|inactive|loklastaji has 20 seconds left.\n|inactive|loklastaji has 15 seconds left.\n|inactive|loklastaji has 10 seconds left.\n|\n|t:|1776125112\n|switch|p1a: Incineroar|Incineroar, L50, F|100/100\n|-damage|p1a: Incineroar|88/100|[from] Spikes\n|-ability|p1a: Incineroar|Intimidate|boost\n|-unboost|p2a: Altaria|atk|1\n|-unboost|p2b: Tsareena|atk|1\n|move|p1b: Gengar|Protect|p1b: Gengar\n|-singleturn|p1b: Gengar|Protect\n|move|p2a: Altaria|Hyper Voice|p1a: Incineroar|[spread] p1a\n|-activate|p1b: Gengar|move: Protect\n|-damage|p1a: Incineroar|58/100\n|move|p2b: Tsareena|High Jump Kick|p1a: Incineroar\n|-supereffective|p1a: Incineroar|1\n|-damage|p1a: Incineroar|0 fnt\n|faint|p1a: Incineroar\n|\n|-start|p1b: Gengar|perish2\n|-start|p2a: Altaria|perish2\n|-start|p2b: Tsareena|perish2\n|upkeep\n|\n|t:|1776125135\n|switch|p1a: Kommo-o|Kommo-o, L50, M|100/100\n|-damage|p1a: Kommo-o|88/100|[from] Spikes\n|turn|7\n|\n|t:|1776125151\n|move|p1a: Kommo-o|Protect|p1a: Kommo-o\n|-singleturn|p1a: Kommo-o|Protect\n|move|p1b: Gengar|Shadow Ball|p2b: Tsareena\n|-damage|p2b: Tsareena|0 fnt\n|faint|p2b: Tsareena\n|move|p2a: Altaria|Hyper Voice|p1b: Gengar|[spread] p1b\n|-activate|p1a: Kommo-o|move: Protect\n|-resisted|p1b: Gengar|1\n|-damage|p1b: Gengar|59/100\n|\n|-heal|p1a: Kommo-o|94/100|[from] item: Leftovers\n|-start|p1b: Gengar|perish1\n|-start|p2a: Altaria|perish1\n|upkeep\n|\n|t:|1776125166\n|switch|p2b: Mamoswine|Mamoswine, L50, M|100/100\n|turn|8\n|inactive|lohpezhoh has 30 seconds left.\n|\n|t:|1776125192\n|switch|p1b: Sinistcha|Sinistcha, L50|12/100\n|-damage|p1b: Sinistcha|0 fnt|[from] Spikes\n|faint|p1b: Sinistcha\n|move|p2b: Mamoswine|Earthquake|p1a: Kommo-o|[spread] p2a,p1a\n|-crit|p2a: Altaria\n|-damage|p2a: Altaria|34/100\n|-damage|p1a: Kommo-o|59/100\n|move|p1a: Kommo-o|Aura Sphere|p2b: Mamoswine\n|-supereffective|p2b: Mamoswine|1\n|-damage|p2b: Mamoswine|5/100\n|move|p2a: Altaria|Hyper Voice|p1a: Kommo-o\n|-immune|p1a: Kommo-o|[from] ability: Soundproof\n|\n|-heal|p1a: Kommo-o|65/100|[from] item: Leftovers\n|-start|p2a: Altaria|perish0\n|upkeep\n|faint|p2a: Altaria\n|\n|t:|1776125207\n|switch|p1b: Gengar|Gengar-Mega, L50, F, shiny|59/100\n|-damage|p1b: Gengar|47/100|[from] Spikes\n|turn|9\n|\n|t:|1776125223\n|move|p1b: Gengar|Protect|p1b: Gengar\n|-singleturn|p1b: Gengar|Protect\n|move|p2b: Mamoswine|Earthquake|p1a: Kommo-o|[spread] p1a\n|-activate|p1b: Gengar|move: Protect\n|-damage|p1a: Kommo-o|28/100\n|move|p1a: Kommo-o|Aura Sphere|p2b: Mamoswine\n|-supereffective|p2b: Mamoswine|1\n|-damage|p2b: Mamoswine|0 fnt\n|faint|p2b: Mamoswine\n|\n|win|lohpezhoh\n|raw|lohpezhoh's rating: 1178 &rarr; <strong>1210</strong><br />(+32 for winning)\n|raw|loklastaji's rating: 1272 &rarr; <strong>1240</strong><br />(-32 for losing)\n",
  "uploadtime": 1776125235,
  "views": 18,
  "formatid": "gen9championsvgc2026regma",
  "rating": 1210,
  "private": 0,
  "password": null
}