{
  "id": "gen9championsvgc2026regma-2589507502",
  "format": "[Gen 9 Champions] VGC 2026 Reg M-A",
  "players": [
    "duvay",
    "SyntaxError24"
  ],
  "log": "|j|\u2606duvay\n|j|\u2606SyntaxError24\n|t:|1776729270\n|gametype|doubles\n|player|p1|duvay|102|1090\n|player|p2|SyntaxError24|1|1000\n|gen|9\n|tier|[Gen 9 Champions] VGC 2026 Reg M-A\n|rated|\n|rule|Species Clause: Limit one of each Pok\u00e9mon\n|rule|Item Clause: Limit 1 of each item\n|clearpoke\n|poke|p1|Tyrantrum, L50, F|\n|poke|p1|Talonflame, L50, F|\n|poke|p1|Sinistcha, L50|\n|poke|p1|Gyarados, L50, M|\n|poke|p1|Gardevoir, L50, F|\n|poke|p1|Sneasler, L50, M|\n|poke|p2|Meganium, L50, M|\n|poke|p2|Hippowdon, L50, M|\n|poke|p2|Goodra-Hisui, L50, F|\n|poke|p2|Spiritomb, L50, F|\n|poke|p2|Kleavor, L50, F|\n|poke|p2|Kommo-o, L50, M|\n|teampreview|4\n|inactive|Battle timer is ON: inactive players will automatically lose when time's up. (requested by duvay)\nduvay rejected open team sheets.\n|\n|t:|1776729299\n|teamsize|p1|4\n|teamsize|p2|4\n|start\n|switch|p1a: Gardevoir|Gardevoir, L50, F|100/100\n|switch|p1b: Sneasler|Sneasler, L50, M|100/100\n|switch|p2a: Hippowdon|Hippowdon, L50, M|100/100\n|switch|p2b: Kleavor|Kleavor, L50, F|100/100\n|-ability|p1a: Gardevoir|Sand Stream|Trace|[from] ability: Trace|[of] p2a: Hippowdon\n|-weather|Sandstorm|[from] ability: Sand Stream|[of] p1a: Gardevoir\n|turn|1\n|inactive|duvay has 30 seconds left.\n|\n|t:|1776729327\n|detailschange|p1a: Gardevoir|Gardevoir-Mega, L50, F\n|-mega|p1a: Gardevoir|Gardevoir|Gardevoirite\n|move|p2b: Kleavor|Protect|p2b: Kleavor\n|-singleturn|p2b: Kleavor|Protect\n|move|p1b: Sneasler|Close Combat|p2b: Kleavor\n|-activate|p2b: Kleavor|move: Protect\n|move|p1a: Gardevoir|Hyper Voice|p2a: Hippowdon|[spread] p2a\n|-activate|p2b: Kleavor|move: Protect\n|-damage|p2a: Hippowdon|55/100\n|move|p2a: Hippowdon|Mud-Slap|p1b: Sneasler\n|-supereffective|p1b: Sneasler|1\n|-crit|p1b: Sneasler\n|-damage|p1b: Sneasler|80/100\n|-unboost|p1b: Sneasler|accuracy|1\n|\n|-weather|Sandstorm|[upkeep]\n|-damage|p1b: Sneasler|74/100|[from] Sandstorm\n|-damage|p1a: Gardevoir|94/100|[from] Sandstorm\n|upkeep\n|turn|2\n|inactive|SyntaxError24 has 30 seconds left.\n|inactive|duvay has 30 seconds left.\n|\n|t:|1776729364\n|move|p1b: Sneasler|Dire Claw|p2b: Kleavor\n|-resisted|p2b: Kleavor|1\n|-damage|p2b: Kleavor|75/100\n|move|p2b: Kleavor|Stone Axe|p1a: Gardevoir\n|-damage|p1a: Gardevoir|27/100\n|-sidestart|p1: duvay|move: Stealth Rock\n|move|p1a: Gardevoir|Psychic|p2b: Kleavor\n|-damage|p2b: Kleavor|11/100\n|move|p2a: Hippowdon|Yawn|p1a: Gardevoir\n|-start|p1a: Gardevoir|move: Yawn|[of] p2a: Hippowdon\n|\n|-weather|Sandstorm|[upkeep]\n|-damage|p1b: Sneasler|69/100|[from] Sandstorm\n|-damage|p1a: Gardevoir|21/100|[from] Sandstorm\n|upkeep\n|turn|3\n|\n|t:|1776729383\n|switch|p1a: Sinistcha|Sinistcha, L50|100/100\n|-damage|p1a: Sinistcha|88/100|[from] Stealth Rock\n|-heal|p1b: Sneasler|93/100|[from] ability: Hospitality|[of] p1a: Sinistcha\n|move|p2b: Kleavor|Protect|p2b: Kleavor\n|-singleturn|p2b: Kleavor|Protect\n|move|p1b: Sneasler|Dire Claw|p2a: Hippowdon\n|-resisted|p2a: Hippowdon|1\n|-damage|p2a: Hippowdon|40/100\n|move|p2a: Hippowdon|High Horsepower|p1b: Sneasler\n|-supereffective|p1b: Sneasler|1\n|-damage|p1b: Sneasler|0 fnt\n|faint|p1b: Sneasler\n|\n|-weather|Sandstorm|[upkeep]\n|-damage|p1a: Sinistcha|82/100|[from] Sandstorm\n|upkeep\n|\n|t:|1776729397\n|switch|p1b: Tyrantrum|Tyrantrum, L50, F|100/100\n|-damage|p1b: Tyrantrum|88/100|[from] Stealth Rock\n|turn|4\n|\n|t:|1776729411\n|move|p2b: Kleavor|Tailwind|p2b: Kleavor\n|-sidestart|p2: SyntaxError24|move: Tailwind\n|move|p2a: Hippowdon|Yawn|p1b: Tyrantrum\n|-start|p1b: Tyrantrum|move: Yawn|[of] p2a: Hippowdon\n|move|p1a: Sinistcha|Matcha Gotcha|p2b: Kleavor|[spread] p2a,p2b\n|-supereffective|p2a: Hippowdon|1\n|-damage|p2a: Hippowdon|0 fnt\n|-heal|p1a: Sinistcha|100/100|[from] drain|[of] p2a: Hippowdon\n|-damage|p2b: Kleavor|0 fnt\n|faint|p2a: Hippowdon\n|faint|p2b: Kleavor\n|move|p1b: Tyrantrum|Scale Shot|p2: Hippowdon|[notarget]\n|-fail|p1b: Tyrantrum\n|\n|-weather|Sandstorm|[upkeep]\n|-damage|p1a: Sinistcha|94/100|[from] Sandstorm\n|upkeep\n|\n|t:|1776729426\n|switch|p2b: Spiritomb|Spiritomb, L50, F|100/100\n|switch|p2a: Goodra|Goodra-Hisui, L50, F|100/100\n|-ability|p2b: Spiritomb|Pressure\n|turn|5\n|\n|t:|1776729440\n|move|p2a: Goodra|Shelter|p2a: Goodra\n|-boost|p2a: Goodra|def|2\n|move|p2b: Spiritomb|Poltergeist|p1a: Sinistcha|[miss]\n|-miss|p2b: Spiritomb|p1a: Sinistcha\n|move|p1a: Sinistcha|Shadow Ball|p2a: Goodra\n|-damage|p2a: Goodra|79/100\n|move|p1b: Tyrantrum|Close Combat|p2a: Goodra\n|-supereffective|p2a: Goodra|1\n|-damage|p2a: Goodra|37/100\n|-unboost|p1b: Tyrantrum|def|1\n|-unboost|p1b: Tyrantrum|spd|1\n|-ability|p2a: Goodra|Gooey\n|-unboost|p1b: Tyrantrum|spe|1\n|\n|-weather|none\n|-heal|p2a: Goodra|43/100|[from] item: Leftovers\n|-end|p1b: Tyrantrum|move: Yawn|[silent]\n|-status|p1b: Tyrantrum|slp\n|upkeep\n|turn|6\n|inactive|duvay has 30 seconds left.\n|\n|t:|1776729466\n|move|p2a: Goodra|Life Dew||[still]|[spread] p2a,p2b\n|-heal|p2a: Goodra|68/100\n|-fail|p2b: Spiritomb|heal\n|move|p2b: Spiritomb|Will-O-Wisp|p1a: Sinistcha\n|-status|p1a: Sinistcha|brn\n|move|p1a: Sinistcha|Shadow Ball|p2a: Goodra\n|-damage|p2a: Goodra|46/100\n|cant|p1b: Tyrantrum|slp\n|\n|-heal|p2a: Goodra|52/100|[from] item: Leftovers\n|-damage|p1a: Sinistcha|88/100 brn|[from] brn\n|upkeep\n|turn|7\n|\n|t:|1776729488\n|-curestatus|p1b: Tyrantrum|slp|[msg]\n|move|p1b: Tyrantrum|Protect|p1b: Tyrantrum\n|-singleturn|p1b: Tyrantrum|Protect\n|move|p2a: Goodra|Body Press|p1b: Tyrantrum\n|-activate|p1b: Tyrantrum|move: Protect\n|move|p2b: Spiritomb|Poltergeist|p1a: Sinistcha\n|-activate|p1a: Sinistcha|move: Poltergeist|Sitrus Berry\n|-supereffective|p1a: Sinistcha|1\n|-damage|p1a: Sinistcha|16/100 brn\n|-enditem|p1a: Sinistcha|Sitrus Berry|[eat]\n|-heal|p1a: Sinistcha|41/100 brn|[from] item: Sitrus Berry\n|move|p1a: Sinistcha|Matcha Gotcha|p2a: Goodra|[spread] p2a,p2b\n|-resisted|p2a: Goodra|2\n|-damage|p2a: Goodra|48/100\n|-heal|p1a: Sinistcha|43/100 brn|[from] drain|[of] p2a: Goodra\n|-damage|p2b: Spiritomb|79/100\n|-heal|p1a: Sinistcha|50/100 brn|[from] drain|[of] p2b: Spiritomb\n|\n|-heal|p2a: Goodra|54/100|[from] item: Leftovers\n|-damage|p1a: Sinistcha|44/100 brn|[from] brn\n|-sideend|p2: SyntaxError24|move: Tailwind\n|upkeep\n|turn|8\n|inactive|duvay has 30 seconds left.\n|inactive|SyntaxError24 has 30 seconds left.\n|inactive|duvay has 20 seconds left.\n|inactive|duvay has 15 seconds left.\n|\n|t:|1776729530\n|move|p1a: Sinistcha|Rage Powder|p1a: Sinistcha\n|-singleturn|p1a: Sinistcha|move: Rage Powder\n|move|p2b: Spiritomb|Sucker Punch||[still]\n|-fail|p2b: Spiritomb\n|move|p2a: Goodra|Life Dew|p2a: Goodra|[spread] p2a,p2b\n|-heal|p2a: Goodra|79/100\n|-heal|p2b: Spiritomb|100/100\n|move|p1b: Tyrantrum|Close Combat|p2a: Goodra\n|-supereffective|p2a: Goodra|1\n|-damage|p2a: Goodra|41/100\n|-unboost|p1b: Tyrantrum|def|1\n|-unboost|p1b: Tyrantrum|spd|1\n|-ability|p2a: Goodra|Gooey\n|-unboost|p1b: Tyrantrum|spe|1\n|\n|-heal|p2a: Goodra|46/100|[from] item: Leftovers\n|-damage|p1a: Sinistcha|38/100 brn|[from] brn\n|upkeep\n|turn|9\n|\n|t:|1776729541\n|move|p1a: Sinistcha|Rage Powder|p1a: Sinistcha\n|-singleturn|p1a: Sinistcha|move: Rage Powder\n|move|p2a: Goodra|Life Dew||[still]|[spread] p2a,p2b\n|-heal|p2a: Goodra|71/100\n|-fail|p2b: Spiritomb|heal\n|move|p2b: Spiritomb|Poltergeist||[still]\n|-fail|p2b: Spiritomb\n|move|p1b: Tyrantrum|Close Combat|p2a: Goodra\n|-supereffective|p2a: Goodra|1\n|-damage|p2a: Goodra|32/100\n|-unboost|p1b: Tyrantrum|def|1\n|-unboost|p1b: Tyrantrum|spd|1\n|-ability|p2a: Goodra|Gooey\n|-unboost|p1b: Tyrantrum|spe|1\n|\n|-heal|p2a: Goodra|37/100|[from] item: Leftovers\n|-damage|p1a: Sinistcha|32/100 brn|[from] brn\n|upkeep\n|turn|10\n|\n|t:|1776729561\n|move|p1a: Sinistcha|Rage Powder|p1a: Sinistcha\n|-singleturn|p1a: Sinistcha|move: Rage Powder\n|move|p2a: Goodra|Life Dew||[still]|[spread] p2a,p2b\n|-heal|p2a: Goodra|62/100\n|-fail|p2b: Spiritomb|heal\n|move|p2b: Spiritomb|Will-O-Wisp|p1a: Sinistcha\n|-fail|p1a: Sinistcha|brn\n|move|p1b: Tyrantrum|Close Combat|p2a: Goodra\n|-supereffective|p2a: Goodra|1\n|-damage|p2a: Goodra|25/100\n|-unboost|p1b: Tyrantrum|def|1\n|-unboost|p1b: Tyrantrum|spd|1\n|-ability|p2a: Goodra|Gooey\n|-unboost|p1b: Tyrantrum|spe|1\n|\n|-heal|p2a: Goodra|31/100|[from] item: Leftovers\n|-damage|p1a: Sinistcha|26/100 brn|[from] brn\n|upkeep\n|turn|11\n|inactive|SyntaxError24 has 30 seconds left.\n|\n|t:|1776729597\n|move|p1b: Tyrantrum|Protect|p1b: Tyrantrum\n|-singleturn|p1b: Tyrantrum|Protect\n|move|p2b: Spiritomb|Sucker Punch||[still]\n|-fail|p2b: Spiritomb\n|move|p2a: Goodra|Life Dew||[still]|[spread] p2a,p2b\n|-heal|p2a: Goodra|56/100\n|-fail|p2b: Spiritomb|heal\n|move|p1a: Sinistcha|Trick Room|p1a: Sinistcha\n|-fieldstart|move: Trick Room|[of] p1a: Sinistcha\n|\n|-heal|p2a: Goodra|62/100|[from] item: Leftovers\n|-damage|p1a: Sinistcha|20/100 brn|[from] brn\n|upkeep\n|turn|12\n|inactive|SyntaxError24 has 30 seconds left.\n|\n|t:|1776729624\n|move|p2b: Spiritomb|Protect|p2b: Spiritomb\n|-singleturn|p2b: Spiritomb|Protect\n|move|p1a: Sinistcha|Rage Powder|p1a: Sinistcha\n|-singleturn|p1a: Sinistcha|move: Rage Powder\n|move|p1b: Tyrantrum|Close Combat|p2a: Goodra\n|-supereffective|p2a: Goodra|1\n|-damage|p2a: Goodra|22/100\n|-unboost|p1b: Tyrantrum|def|1\n|-unboost|p1b: Tyrantrum|spd|1\n|-ability|p2a: Goodra|Gooey\n|-unboost|p1b: Tyrantrum|spe|1\n|move|p2a: Goodra|Heavy Slam|p1a: Sinistcha\n|-damage|p1a: Sinistcha|0 fnt\n|faint|p1a: Sinistcha\n|\n|-heal|p2a: Goodra|28/100|[from] item: Leftovers\n|upkeep\n|\n|t:|1776729637\n|switch|p1a: Gardevoir|Gardevoir-Mega, L50, F|21/100\n|-damage|p1a: Gardevoir|9/100|[from] Stealth Rock\n|turn|13\n|\n|t:|1776729650\n|move|p1b: Tyrantrum|Protect|p1b: Tyrantrum\n|-singleturn|p1b: Tyrantrum|Protect\n|move|p2b: Spiritomb|Sucker Punch|p1a: Gardevoir\n|-damage|p1a: Gardevoir|0 fnt\n|faint|p1a: Gardevoir\n|move|p2a: Goodra|Life Dew||[still]|[spread] p2a,p2b\n|-heal|p2a: Goodra|53/100\n|-fail|p2b: Spiritomb|heal\n|\n|-heal|p2a: Goodra|58/100|[from] item: Leftovers\n|upkeep\n|turn|14\n|\n|t:|1776729664\n|move|p1b: Tyrantrum|Close Combat|p2a: Goodra\n|-supereffective|p2a: Goodra|1\n|-damage|p2a: Goodra|18/100\n|-unboost|p1b: Tyrantrum|def|1\n|-unboost|p1b: Tyrantrum|spd|1\n|-ability|p2a: Goodra|Gooey\n|-unboost|p1b: Tyrantrum|spe|1\n|move|p2b: Spiritomb|Will-O-Wisp|p1b: Tyrantrum\n|-status|p1b: Tyrantrum|brn\n|move|p2a: Goodra|Life Dew||[still]|[spread] p2a,p2b\n|-heal|p2a: Goodra|43/100\n|-fail|p2b: Spiritomb|heal\n|\n|-heal|p2a: Goodra|48/100|[from] item: Leftovers\n|-damage|p1b: Tyrantrum|83/100 brn|[from] brn\n|upkeep\n|turn|15\n|\n|t:|1776729689\n|move|p1b: Tyrantrum|Close Combat|p2a: Goodra\n|-supereffective|p2a: Goodra|1\n|-damage|p2a: Goodra|27/100\n|-ability|p2a: Goodra|Gooey\n|-unboost|p1b: Tyrantrum|spe|0\n|move|p2b: Spiritomb|Poltergeist|p1b: Tyrantrum\n|-activate|p1b: Tyrantrum|move: Poltergeist|Hard Stone\n|-damage|p1b: Tyrantrum|0 fnt\n|faint|p1b: Tyrantrum\n|\n|win|SyntaxError24\n|raw|duvay's rating: 1090 &rarr; <strong>1061</strong><br />(-29 for losing)\n|raw|SyntaxError24's rating: 1000 &rarr; <strong>1050</strong><br />(+50 for winning)\n|l|\u2606SyntaxError24\n|player|p2|\n",
  "uploadtime": 1776729704,
  "views": 6,
  "formatid": "gen9championsvgc2026regma",
  "rating": 1050,
  "private": 0,
  "password": null
}