{
  "id": "gen9championsvgc2026regma-2586691569",
  "format": "[Gen 9 Champions] VGC 2026 Reg M-A",
  "players": [
    "taiils_x",
    "kaibutalsorex"
  ],
  "log": "|j|\u2606taiils_x\n|j|\u2606kaibutalsorex\n|t:|1776452541\n|gametype|doubles\n|player|p1|taiils_x|silver|1133\n|player|p2|kaibutalsorex|hoopster|1046\n|gen|9\n|tier|[Gen 9 Champions] VGC 2026 Reg M-A\n|rated|\n|rule|Species Clause: Limit one of each Pok\u00e9mon\n|rule|Item Clause: Limit 1 of each item\n|clearpoke\n|poke|p1|Tyranitar, L50, F|\n|poke|p1|Excadrill, L50, M|\n|poke|p1|Incineroar, L50, F|\n|poke|p1|Gengar, L50, M|\n|poke|p1|Sinistcha, L50|\n|poke|p1|Sneasler, L50, F|\n|poke|p2|Blastoise, L50, F|\n|poke|p2|Maushold-Four, L50|\n|poke|p2|Sneasler, L50, F|\n|poke|p2|Dragonite, L50, F|\n|poke|p2|Pelipper, L50, M|\n|poke|p2|Krookodile, L50, M|\n|teampreview|4\n|inactive|Battle timer is ON: inactive players will automatically lose when time's up. (requested by kaibutalsorex)\nkaibutalsorex rejected open team sheets.\n|\n|t:|1776452583\n|teamsize|p1|4\n|teamsize|p2|4\n|start\n|switch|p1a: Sinistcha|Sinistcha, L50|100/100\n|switch|p1b: Incineroar|Incineroar, L50, F|100/100\n|switch|p2a: Blastoise|Blastoise, L50, F|100/100\n|switch|p2b: Sneasler|Sneasler, L50, F|100/100\n|-ability|p1b: Incineroar|Intimidate|boost\n|-unboost|p2a: Blastoise|atk|1\n|-unboost|p2b: Sneasler|atk|1\n|-enditem|p2b: Sneasler|White Herb\n|-clearnegativeboost|p2b: Sneasler|[silent]\n|turn|1\n|inactive|taiils_x has 30 seconds left.\n|inactive|kaibutalsorex has 30 seconds left.\n|\n|t:|1776452615\n|move|p2b: Sneasler|Dire Claw|p1a: Sinistcha\n|-crit|p1a: Sinistcha\n|-damage|p1a: Sinistcha|36/100\n|-status|p1a: Sinistcha|slp\n|move|p2a: Blastoise|Shell Smash|p2a: Blastoise\n|-unboost|p2a: Blastoise|def|1\n|-unboost|p2a: Blastoise|spd|1\n|-boost|p2a: Blastoise|atk|2\n|-boost|p2a: Blastoise|spa|2\n|-boost|p2a: Blastoise|spe|2\n|cant|p1a: Sinistcha|slp\n|move|p1b: Incineroar|Parting Shot|p2a: Blastoise\n|-unboost|p2a: Blastoise|atk|1\n|-unboost|p2a: Blastoise|spa|1\n|inactive|taiils_x has 30 seconds left.\n|\n|t:|1776452648\n|switch|p1b: Tyranitar|Tyranitar, L50, F|100/100|[from] Parting Shot\n|-weather|Sandstorm|[from] ability: Sand Stream|[of] p1b: Tyranitar\n|\n|-weather|Sandstorm|[upkeep]\n|-damage|p2b: Sneasler|95/100|[from] Sandstorm\n|-damage|p2a: Blastoise|95/100|[from] Sandstorm\n|-damage|p1a: Sinistcha|30/100 slp|[from] Sandstorm\n|-heal|p1a: Sinistcha|36/100 slp|[from] item: Leftovers\n|upkeep\n|turn|2\n|\n|t:|1776452665\n|switch|p2b: Pelipper|Pelipper, L50, M|100/100\n|-weather|RainDance|[from] ability: Drizzle|[of] p2b: Pelipper\n|switch|p1b: Incineroar|Incineroar, L50, F|100/100\n|-ability|p1b: Incineroar|Intimidate|boost\n|-unboost|p2a: Blastoise|atk|1\n|-unboost|p2b: Pelipper|atk|1\n|detailschange|p2a: Blastoise|Blastoise-Mega, L50, F\n|-mega|p2a: Blastoise|Blastoise|Blastoisinite\n|move|p2a: Blastoise|Water Spout|p1b: Incineroar|[spread] p1a,p1b\n|-resisted|p1a: Sinistcha|1\n|-supereffective|p1b: Incineroar|1\n|-damage|p1a: Sinistcha|0 fnt\n|-damage|p1b: Incineroar|0 fnt\n|faint|p1a: Sinistcha\n|faint|p1b: Incineroar\n|\n|-weather|RainDance|[upkeep]\n|upkeep\n|\n|t:|1776452671\n|switch|p1a: Tyranitar|Tyranitar, L50, F|100/100\n|switch|p1b: Excadrill|Excadrill, L50, M|100/100\n|-weather|Sandstorm|[from] ability: Sand Stream|[of] p1a: Tyranitar\n|turn|3\n|inactive|kaibutalsorex has 30 seconds left.\n|\n|t:|1776452700\n|switch|p2b: Krookodile|Krookodile, L50, M|100/100\n|-ability|p2b: Krookodile|Intimidate|boost\n|-unboost|p1a: Tyranitar|atk|1\n|-unboost|p1b: Excadrill|atk|1\n|move|p1a: Tyranitar|Protect|p1a: Tyranitar\n|-singleturn|p1a: Tyranitar|Protect\n|move|p1b: Excadrill|Rock Slide|p2b: Krookodile|[spread] \n|-miss|p1b: Excadrill|p2a: Blastoise\n|-miss|p1b: Excadrill|p2b: Krookodile\n|move|p2a: Blastoise|Water Spout|p1a: Tyranitar|[spread] p1b\n|-activate|p1a: Tyranitar|move: Protect\n|-supereffective|p1b: Excadrill|1\n|-enditem|p1b: Excadrill|Focus Sash\n|-damage|p1b: Excadrill|1/100\n|\n|-weather|Sandstorm|[upkeep]\n|-damage|p2a: Blastoise|89/100|[from] Sandstorm\n|upkeep\n|turn|4\n|inactive|taiils_x has 30 seconds left.\n|c|\u2606taiils_x|very glad this is on showdown and not on champions lmao\n|c|\u2606kaibutalsorex|ggs\n|c|\u2606taiils_x|brutal game\n|inactive|taiils_x has 20 seconds left.\n|inactive|taiils_x has 15 seconds left.\n|\n|t:|1776452744\n|switch|p2b: Pelipper|Pelipper, L50, M|100/100\n|-weather|RainDance|[from] ability: Drizzle|[of] p2b: Pelipper\n|detailschange|p1a: Tyranitar|Tyranitar-Mega, L50, F\n|-mega|p1a: Tyranitar|Tyranitar|Tyranitarite\n|-weather|Sandstorm|[from] ability: Sand Stream|[of] p1a: Tyranitar\n|move|p1b: Excadrill|Rock Slide|p2b: Pelipper|[spread] \n|-miss|p1b: Excadrill|p2a: Blastoise\n|-miss|p1b: Excadrill|p2b: Pelipper\n|move|p2a: Blastoise|Water Spout|p1b: Excadrill|[spread] p1a,p1b\n|-supereffective|p1a: Tyranitar|1\n|-supereffective|p1b: Excadrill|1\n|-damage|p1a: Tyranitar|6/100\n|-damage|p1b: Excadrill|0 fnt\n|faint|p1b: Excadrill\n|move|p1a: Tyranitar|Ice Punch|p2b: Pelipper\n|-damage|p2b: Pelipper|78/100\n|\n|-weather|Sandstorm|[upkeep]\n|-damage|p2a: Blastoise|83/100|[from] Sandstorm\n|-damage|p2b: Pelipper|72/100|[from] Sandstorm\n|-heal|p2b: Pelipper|78/100|[from] item: Leftovers\n|upkeep\n|turn|5\n|c|\u2606kaibutalsorex|lol I'm practicing blastoise teams\n|c|\u2606kaibutalsorex|geniuenly sickening rock slides\n|inactive|taiils_x has 30 seconds left.\n|inactive|kaibutalsorex has 30 seconds left.\n|c|\u2606taiils_x|dire claw crit and sleep\n|inactive|taiils_x has 20 seconds left.\n|c|\u2606taiils_x|just not good LOL\n|inactive|taiils_x has 15 seconds left.\n|\n|t:|1776452788\n|switch|p2b: Krookodile|Krookodile, L50, M|100/100\n|-ability|p2b: Krookodile|Intimidate|boost\n|-unboost|p1a: Tyranitar|atk|1\n|move|p2a: Blastoise|Water Spout|p1a: Tyranitar\n|-supereffective|p1a: Tyranitar|1\n|-damage|p1a: Tyranitar|0 fnt\n|faint|p1a: Tyranitar\n|\n|win|kaibutalsorex\n|raw|taiils_x's rating: 1133 &rarr; <strong>1102</strong><br />(-31 for losing)\n|raw|kaibutalsorex's rating: 1046 &rarr; <strong>1087</strong><br />(+41 for winning)\n|c|\u2606kaibutalsorex|I promise i have not been this lucky lol\n|l|\u2606kaibutalsorex\n|player|p2|\n",
  "uploadtime": 1776452849,
  "views": 28,
  "formatid": "gen9championsvgc2026regma",
  "rating": 1087,
  "private": 0,
  "password": null
}