{
  "id": "gen9championsvgc2026regma-2583157739",
  "format": "[Gen 9 Champions] VGC 2026 Reg M-A",
  "players": [
    "GeoGreenBeanz",
    "markxp15"
  ],
  "log": "|j|\u2606GeoGreenBeanz\n|j|\u2606markxp15\n|t:|1776149040\n|gametype|doubles\n|player|p1|GeoGreenBeanz|janitor|1054\n|player|p2|markxp15|170|1051\n|gen|9\n|tier|[Gen 9 Champions] VGC 2026 Reg M-A\n|rated|\n|rule|Species Clause: Limit one of each Pok\u00e9mon\n|rule|Item Clause: Limit 1 of each item\n|clearpoke\n|poke|p1|Tyranitar, L50, F|\n|poke|p1|Runerigus, L50, F|\n|poke|p1|Mudsdale, L50, F|\n|poke|p1|Excadrill, L50, M|\n|poke|p1|Sableye, L50, M|\n|poke|p1|Mimikyu, L50, F|\n|poke|p2|Archaludon, L50, M|\n|poke|p2|Pelipper, L50, M|\n|poke|p2|Basculegion, L50, M|\n|poke|p2|Dragonite, L50, M|\n|poke|p2|Meganium, L50, F|\n|poke|p2|Tyranitar, L50, M|\n|teampreview|4\n|\n|t:|1776149064\n|teamsize|p1|4\n|teamsize|p2|4\n|start\n|switch|p1a: Rune|Runerigus, L50, F|100/100\n|switch|p1b: Sableye|Sableye, L50, M|100/100\n|switch|p2a: Archaludon|Archaludon, L50, M|100/100\n|switch|p2b: Pelipper|Pelipper, L50, M|100/100\n|-weather|RainDance|[from] ability: Drizzle|[of] p2b: Pelipper\n|turn|1\n|\n|t:|1776149098\n|switch|p1b: Gobziwwa|Tyranitar, L50, F|100/100\n|-weather|Sandstorm|[from] ability: Sand Stream|[of] p1b: Gobziwwa\n|move|p2a: Archaludon|Protect|p2a: Archaludon\n|-singleturn|p2a: Archaludon|Protect\n|move|p2b: Pelipper|Tailwind|p2b: Pelipper\n|-sidestart|p2: markxp15|move: Tailwind\n|move|p1a: Rune|Iron Defense|p1a: Rune\n|-boost|p1a: Rune|def|2\n|\n|-weather|Sandstorm|[upkeep]\n|-damage|p2b: Pelipper|95/100|[from] Sandstorm\n|upkeep\n|turn|2\n|\n|t:|1776149121\n|switch|p1b: Sableye|Sableye, L50, M|100/100\n|move|p2a: Archaludon|Flash Cannon|p1b: Sableye\n|-damage|p1b: Sableye|34/100\n|move|p2b: Pelipper|Rain Dance|p2b: Pelipper\n|-weather|RainDance\n|move|p1a: Rune|Body Press|p2a: Archaludon\n|-supereffective|p2a: Archaludon|1\n|-damage|p2a: Archaludon|0 fnt\n|faint|p2a: Archaludon\n|\n|-weather|RainDance|[upkeep]\n|-heal|p1b: Sableye|39/100|[from] item: Leftovers\n|upkeep\n|\n|t:|1776149142\n|switch|p2a: Dragonite|Dragonite, L50, M|100/100\n|turn|3\n|\n|t:|1776149167\n|switch|p1b: Gobziwwa|Tyranitar, L50, F|100/100\n|-weather|Sandstorm|[from] ability: Sand Stream|[of] p1b: Gobziwwa\n|detailschange|p2a: Dragonite|Dragonite-Mega, L50, M\n|-mega|p2a: Dragonite|Dragonite|Dragoninite\n|move|p2a: Dragonite|Hurricane|p1a: Rune\n|-damage|p1a: Rune|42/100\n|-start|p1a: Rune|confusion\n|move|p2b: Pelipper|Rain Dance|p2b: Pelipper\n|-weather|RainDance\n|-activate|p1a: Rune|confusion\n|move|p1a: Rune|Body Press|p2b: Pelipper\n|-resisted|p2b: Pelipper|1\n|-damage|p2b: Pelipper|44/100\n|\n|-weather|RainDance|[upkeep]\n|upkeep\n|turn|4\n|\n|t:|1776149191\n|switch|p1a: Sableye|Sableye, L50, M|39/100\n|move|p2a: Dragonite|Protect|p2a: Dragonite\n|-singleturn|p2a: Dragonite|Protect\n|move|p1b: Gobziwwa|Protect|p1b: Gobziwwa\n|-singleturn|p1b: Gobziwwa|Protect\n|move|p2b: Pelipper|Weather Ball|p1b: Gobziwwa\n|-activate|p1b: Gobziwwa|move: Protect\n|\n|-weather|RainDance|[upkeep]\n|-heal|p1a: Sableye|45/100|[from] item: Leftovers\n|-sideend|p2: markxp15|move: Tailwind\n|upkeep\n|turn|5\n|\n|t:|1776149215\n|detailschange|p1b: Gobziwwa|Tyranitar-Mega, L50, F\n|-mega|p1b: Gobziwwa|Tyranitar|Tyranitarite\n|-weather|Sandstorm|[from] ability: Sand Stream|[of] p1b: Gobziwwa\n|move|p1a: Sableye|Disable|p2b: Pelipper\n|-start|p2b: Pelipper|Disable|Weather Ball\n|move|p2a: Dragonite|Thunder|p1b: Gobziwwa\n|-damage|p1b: Gobziwwa|77/100\n|cant|p2b: Pelipper|Disable|Weather Ball\n|move|p1b: Gobziwwa|Rock Slide|p2a: Dragonite|[spread] p2a,p2b\n|-supereffective|p2a: Dragonite|1\n|-supereffective|p2b: Pelipper|1\n|-damage|p2a: Dragonite|63/100\n|-damage|p2b: Pelipper|0 fnt\n|faint|p2b: Pelipper\n|\n|-weather|Sandstorm|[upkeep]\n|-damage|p2a: Dragonite|57/100|[from] Sandstorm\n|-damage|p1a: Sableye|39/100|[from] Sandstorm\n|-heal|p1a: Sableye|45/100|[from] item: Leftovers\n|upkeep\n|\n|t:|1776149234\n|switch|p2b: Basculegion|Basculegion, L50, M|100/100\n|turn|6\n|\n|t:|1776149247\n|move|p1a: Sableye|Quash|p2a: Dragonite\n|-activate|p2a: Dragonite|move: Quash\n|move|p2b: Basculegion|Wave Crash|p1b: Gobziwwa\n|-supereffective|p1b: Gobziwwa|1\n|-damage|p1b: Gobziwwa|5/100\n|-damage|p2b: Basculegion|76/100|[from] Recoil\n|move|p1b: Gobziwwa|Rock Slide|p2a: Dragonite|[spread] p2a,p2b\n|-supereffective|p2a: Dragonite|1\n|-damage|p2a: Dragonite|0 fnt\n|-damage|p2b: Basculegion|29/100\n|faint|p2a: Dragonite\n|\n|-weather|Sandstorm|[upkeep]\n|-damage|p2b: Basculegion|23/100|[from] Sandstorm\n|-damage|p1a: Sableye|39/100|[from] Sandstorm\n|-heal|p2b: Basculegion|29/100|[from] item: Leftovers\n|-heal|p1a: Sableye|45/100|[from] item: Leftovers\n|upkeep\n|turn|7\n|\n|t:|1776149276\n|move|p1b: Gobziwwa|Protect|p1b: Gobziwwa\n|-singleturn|p1b: Gobziwwa|Protect\n|move|p2b: Basculegion|Aqua Jet|p1b: Gobziwwa\n|-activate|p1b: Gobziwwa|move: Protect\n|move|p1a: Sableye|Disable|p2b: Basculegion\n|-start|p2b: Basculegion|Disable|Aqua Jet\n|\n|-weather|Sandstorm|[upkeep]\n|-damage|p2b: Basculegion|23/100|[from] Sandstorm\n|-damage|p1a: Sableye|39/100|[from] Sandstorm\n|-heal|p2b: Basculegion|29/100|[from] item: Leftovers\n|-heal|p1a: Sableye|45/100|[from] item: Leftovers\n|upkeep\n|turn|8\n|\n|t:|1776149292\n|move|p1a: Sableye|Quash|p2b: Basculegion\n|-activate|p2b: Basculegion|move: Quash\n|move|p1b: Gobziwwa|Rock Slide|p2b: Basculegion\n|-damage|p2b: Basculegion|0 fnt\n|faint|p2b: Basculegion\n|\n|win|GeoGreenBeanz\n|raw|GeoGreenBeanz's rating: 1054 &rarr; <strong>1086</strong><br />(+32 for winning)\n|raw|markxp15's rating: 1051 &rarr; <strong>1034</strong><br />(-17 for losing)\n|c|\u2606GeoGreenBeanz|Gg\n",
  "uploadtime": 1776149330,
  "views": 15,
  "formatid": "gen9championsvgc2026regma",
  "rating": 1034,
  "private": 0,
  "password": null
}