{
  "id": "gen9championsvgc2026regma-2588473278",
  "format": "[Gen 9 Champions] VGC 2026 Reg M-A",
  "players": [
    "Kptx",
    "idunnoagoodnam"
  ],
  "log": "|j|\u2606Kptx\n|j|\u2606idunnoagoodnam\n|t:|1776636657\n|gametype|doubles\n|player|p1|Kptx|265|1287\n|player|p2|idunnoagoodnam|1|1215\n|gen|9\n|tier|[Gen 9 Champions] VGC 2026 Reg M-A\n|rated|\n|rule|Species Clause: Limit one of each Pok\u00e9mon\n|rule|Item Clause: Limit 1 of each item\n|clearpoke\n|poke|p1|Incineroar, L50, F|\n|poke|p1|Floette-Eternal, L50, F|\n|poke|p1|Sneasler, L50, F|\n|poke|p1|Archaludon, L50, M|\n|poke|p1|Sableye, L50, F|\n|poke|p1|Scizor, L50, M|\n|poke|p2|Gardevoir, L50, M|\n|poke|p2|Blastoise, L50, M|\n|poke|p2|Farigiraf, L50, F|\n|poke|p2|Pelipper, L50, M|\n|poke|p2|Kingambit, L50, M|\n|poke|p2|Ariados, L50, F|\n|teampreview|4\n|\n|t:|1776636697\n|teamsize|p1|4\n|teamsize|p2|4\n|start\n|switch|p1a: Archaludon|Archaludon, L50, M|100/100\n|switch|p1b: Sableye|Sableye, L50, F|100/100\n|switch|p2a: Gardevoir|Gardevoir, L50, M|100/100\n|switch|p2b: Ariados|Ariados, L50, F|100/100\n|-ability|p2a: Gardevoir|Stamina|Trace|[from] ability: Trace|[of] p1a: Archaludon\n|turn|1\n|\n|t:|1776636728\n|detailschange|p2a: Gardevoir|Gardevoir-Mega, L50, M\n|-mega|p2a: Gardevoir|Gardevoir|Gardevoirite\n|move|p2b: Ariados|Rage Powder|p2b: Ariados\n|-singleturn|p2b: Ariados|move: Rage Powder\n|move|p1b: Sableye|Light Screen|p1b: Sableye\n|-sidestart|p1: Kptx|move: Light Screen\n|move|p2a: Gardevoir|Hyper Voice|p1a: Archaludon|[spread] p1a,p1b\n|-supereffective|p1b: Sableye|1\n|-damage|p1a: Archaludon|74/100\n|-damage|p1b: Sableye|11/100\n|-ability|p1a: Archaludon|Stamina|boost\n|-boost|p1a: Archaludon|def|1\n|move|p1a: Archaludon|Flash Cannon|p2b: Ariados\n|-damage|p2b: Ariados|56/100\n|\n|upkeep\n|turn|2\n|\n|t:|1776636753\n|move|p2b: Ariados|Rage Powder|p2b: Ariados\n|-singleturn|p2b: Ariados|move: Rage Powder\n|move|p1b: Sableye|Rain Dance|p1b: Sableye\n|-weather|RainDance\n|move|p2a: Gardevoir|Calm Mind|p2a: Gardevoir\n|-boost|p2a: Gardevoir|spa|1\n|-boost|p2a: Gardevoir|spd|1\n|move|p1a: Archaludon|Electro Shot||[still]\n|-prepare|p1a: Archaludon|Electro Shot\n|-boost|p1a: Archaludon|spa|1\n|-anim|p1a: Archaludon|Electro Shot|p2b: Ariados\n|-damage|p2b: Ariados|0 fnt\n|faint|p2b: Ariados\n|\n|-weather|RainDance|[upkeep]\n|upkeep\n|\n|t:|1776636770\n|switch|p2b: Blastoise|Blastoise, L50, M|100/100\n|turn|3\n|\n|t:|1776636801\n|move|p2b: Blastoise|Fake Out|p1a: Archaludon\n|-resisted|p1a: Archaludon|1\n|-damage|p1a: Archaludon|72/100\n|-ability|p1a: Archaludon|Stamina|boost\n|-boost|p1a: Archaludon|def|1\n|move|p1b: Sableye|Reflect|p1b: Sableye\n|-sidestart|p1: Kptx|Reflect\n|move|p2a: Gardevoir|Hyper Voice|p1b: Sableye|[spread] p1a,p1b\n|-supereffective|p1b: Sableye|1\n|-damage|p1a: Archaludon|26/100\n|-damage|p1b: Sableye|0 fnt\n|-ability|p1a: Archaludon|Stamina|boost\n|-boost|p1a: Archaludon|def|1\n|faint|p1b: Sableye\n|cant|p1a: Archaludon|flinch\n|\n|-weather|RainDance|[upkeep]\n|upkeep\n|\n|t:|1776636816\n|switch|p1b: Sneasler|Sneasler, L50, F|100/100\n|turn|4\n|\n|t:|1776636843\n|move|p2a: Gardevoir|Protect|p2a: Gardevoir\n|-singleturn|p2a: Gardevoir|Protect\n|move|p1b: Sneasler|Dire Claw|p2a: Gardevoir\n|-activate|p2a: Gardevoir|move: Protect\n|move|p2b: Blastoise|Water Spout|p1b: Sneasler|[spread] p1a,p1b\n|-resisted|p1a: Archaludon|1\n|-damage|p1a: Archaludon|7/100\n|-damage|p1b: Sneasler|46/100\n|-ability|p1a: Archaludon|Stamina|boost\n|-boost|p1a: Archaludon|def|1\n|move|p1a: Archaludon|Electro Shot||[still]\n|-prepare|p1a: Archaludon|Electro Shot\n|-boost|p1a: Archaludon|spa|1\n|-anim|p1a: Archaludon|Electro Shot|p2b: Blastoise\n|-supereffective|p2b: Blastoise|1\n|-damage|p2b: Blastoise|0 fnt\n|faint|p2b: Blastoise\n|\n|-weather|RainDance|[upkeep]\n|upkeep\n|\n|t:|1776636852\n|switch|p2b: Farigiraf|Farigiraf, L50, F|100/100\n|turn|5\n|\n|t:|1776636873\n|move|p2a: Gardevoir|Hyper Voice|p1b: Sneasler|[spread] p1a,p1b\n|-damage|p1a: Archaludon|0 fnt\n|-damage|p1b: Sneasler|0 fnt\n|faint|p1a: Archaludon\n|faint|p1b: Sneasler\n|move|p2b: Farigiraf|Twin Beam|p1: Archaludon|[notarget]\n|-fail|p2b: Farigiraf\n|\n|-weather|RainDance|[upkeep]\n|-sideend|p1: Kptx|move: Light Screen\n|upkeep\n|\n|t:|1776636883\n|switch|p1b: Floette|Floette-Eternal, L50, F|100/100\n|turn|6\n|\n|t:|1776636892\n|detailschange|p1b: Floette|Floette-Mega, L50, F\n|-mega|p1b: Floette|Floette|Floettite\n|-ability|p1b: Floette|Fairy Aura\n|move|p2b: Farigiraf|Helping Hand|p2a: Gardevoir\n|-singleturn|p2a: Gardevoir|Helping Hand|[of] p2b: Farigiraf\n|move|p2a: Gardevoir|Hyper Voice|p1b: Floette\n|-damage|p1b: Floette|0 fnt\n|faint|p1b: Floette\n|\n|win|idunnoagoodnam\n|raw|Kptx's rating: 1287 &rarr; <strong>1257</strong><br />(-30 for losing)\n|raw|idunnoagoodnam's rating: 1215 &rarr; <strong>1245</strong><br />(+30 for winning)\n|l|\u2606Kptx\n|player|p1|\n",
  "uploadtime": 1776636902,
  "views": 13,
  "formatid": "gen9championsvgc2026regma",
  "rating": 1245,
  "private": 0,
  "password": null
}