{
  "id": "gen9championsvgc2026regma-2588576900",
  "format": "[Gen 9 Champions] VGC 2026 Reg M-A",
  "players": [
    "oihionion9",
    "PokemonSOF"
  ],
  "log": "|j|\u2606oihionion9\n|j|\u2606PokemonSOF\n|t:|1776646649\n|gametype|doubles\n|player|p1|oihionion9|unknown|1000\n|player|p2|PokemonSOF|265|1063\n|gen|9\n|tier|[Gen 9 Champions] VGC 2026 Reg M-A\n|rated|\n|rule|Species Clause: Limit one of each Pok\u00e9mon\n|rule|Item Clause: Limit 1 of each item\n|clearpoke\n|poke|p1|Archaludon, L50, F|\n|poke|p1|Pelipper, L50, M|\n|poke|p1|Scizor, L50, F|\n|poke|p1|Gallade, L50, M|\n|poke|p1|Scovillain, L50, F|\n|poke|p1|Aerodactyl, L50, F|\n|poke|p2|Raichu, L50, M, shiny|\n|poke|p2|Politoed, L50, M|\n|poke|p2|Basculegion, L50, M|\n|poke|p2|Archaludon, L50, F|\n|poke|p2|Incineroar, L50, F|\n|poke|p2|Espathra, L50, F|\n|teampreview|4\n|\n|t:|1776646669\n|teamsize|p1|4\n|teamsize|p2|4\n|start\n|switch|p1a: Scovillain|Scovillain, L50, F|100/100\n|switch|p1b: Gallade|Gallade, L50, M|100/100\n|switch|p2a: Politoed|Politoed, L50, M|100/100\n|switch|p2b: Archaludon|Archaludon, L50, F|100/100\n|-weather|RainDance|[from] ability: Drizzle|[of] p2a: Politoed\n|turn|1\n|\n|t:|1776646686\n|move|p1b: Gallade|Protect|p1b: Gallade\n|-singleturn|p1b: Gallade|Protect\n|move|p1a: Scovillain|Protect|p1a: Scovillain\n|-singleturn|p1a: Scovillain|Protect\n|move|p2b: Archaludon|Electro Shot||[still]\n|-prepare|p2b: Archaludon|Electro Shot\n|-boost|p2b: Archaludon|spa|1\n|-anim|p2b: Archaludon|Electro Shot|p1b: Gallade\n|-activate|p1b: Gallade|move: Protect\n|move|p2a: Politoed|Weather Ball|p1a: Scovillain\n|-activate|p1a: Scovillain|move: Protect\n|\n|-weather|RainDance|[upkeep]\n|-ability|p1a: Scovillain|Moody|boost\n|-boost|p1a: Scovillain|atk|2\n|-unboost|p1a: Scovillain|def|1\n|upkeep\n|turn|2\n|\n|t:|1776646711\n|detailschange|p1b: Gallade|Gallade-Mega, L50, M\n|-mega|p1b: Gallade|Gallade|Galladite\n|move|p1b: Gallade|Close Combat|p2b: Archaludon\n|-supereffective|p2b: Archaludon|1\n|-damage|p2b: Archaludon|0 fnt\n|-unboost|p1b: Gallade|def|1\n|-unboost|p1b: Gallade|spd|1\n|faint|p2b: Archaludon\n|move|p1a: Scovillain|Energy Ball|p2a: Politoed\n|-supereffective|p2a: Politoed|1\n|-damage|p2a: Politoed|21/100\n|-enditem|p2a: Politoed|Sitrus Berry|[eat]\n|-heal|p2a: Politoed|46/100|[from] item: Sitrus Berry\n|move|p2a: Politoed|Weather Ball|p1a: Scovillain\n|-damage|p1a: Scovillain|17/100\n|\n|-weather|RainDance|[upkeep]\n|-ability|p1a: Scovillain|Moody|boost\n|-boost|p1a: Scovillain|atk|2\n|-unboost|p1a: Scovillain|spe|1\n|upkeep\n|\n|t:|1776646731\n|switch|p2b: Incineroar|Incineroar, L50, F|100/100\n|-ability|p2b: Incineroar|Intimidate|boost\n|-unboost|p1a: Scovillain|atk|1\n|-fail|p1b: Gallade|unboost|Attack|[from] ability: Inner Focus|[of] p1b: Gallade\n|turn|3\n|\n|t:|1776646743\n|move|p2b: Incineroar|Fake Out|p1a: Scovillain\n|-damage|p1a: Scovillain|0 fnt\n|faint|p1a: Scovillain\n|move|p1b: Gallade|Close Combat|p2b: Incineroar\n|-supereffective|p2b: Incineroar|1\n|-damage|p2b: Incineroar|0 fnt\n|-unboost|p1b: Gallade|def|1\n|-unboost|p1b: Gallade|spd|1\n|faint|p2b: Incineroar\n|move|p2a: Politoed|Weather Ball|p1b: Gallade\n|-damage|p1b: Gallade|0 fnt\n|faint|p1b: Gallade\n|\n|-weather|RainDance|[upkeep]\n|upkeep\n|\n|t:|1776646759\n|switch|p1b: Scizor|Scizor, L50, F|100/100\n|switch|p1a: Archaludon|Archaludon, L50, F|100/100\n|switch|p2b: Basculegion|Basculegion, L50, M|100/100\n|turn|4\n|\n|t:|1776646772\n|move|p2b: Basculegion|Last Respects|p1a: Archaludon\n|-damage|p1a: Archaludon|50/100\n|-ability|p1a: Archaludon|Stamina|boost\n|-boost|p1a: Archaludon|def|1\n|move|p1a: Archaludon|Electro Shot||[still]\n|-prepare|p1a: Archaludon|Electro Shot\n|-boost|p1a: Archaludon|spa|1\n|-anim|p1a: Archaludon|Electro Shot|p2a: Politoed\n|-supereffective|p2a: Politoed|1\n|-damage|p2a: Politoed|0 fnt\n|faint|p2a: Politoed\n|move|p1b: Scizor|Knock Off|p2b: Basculegion\n|-supereffective|p2b: Basculegion|1\n|-damage|p2b: Basculegion|16/100\n|-enditem|p2b: Basculegion|Mystic Water|[from] move: Knock Off|[of] p1b: Scizor\n|\n|-weather|RainDance|[upkeep]\n|-heal|p1a: Archaludon|56/100|[from] item: Leftovers\n|upkeep\n|turn|5\n|\n|t:|1776646789\n|move|p2b: Basculegion|Last Respects|p1a: Archaludon\n|-damage|p1a: Archaludon|10/100\n|-ability|p1a: Archaludon|Stamina|boost\n|-boost|p1a: Archaludon|def|1\n|move|p1a: Archaludon|Electro Shot||[still]\n|-prepare|p1a: Archaludon|Electro Shot\n|-boost|p1a: Archaludon|spa|1\n|-anim|p1a: Archaludon|Electro Shot|p2b: Basculegion\n|-supereffective|p2b: Basculegion|1\n|-damage|p2b: Basculegion|0 fnt\n|faint|p2b: Basculegion\n|\n|win|oihionion9\n|raw|oihionion9's rating: 1000 &rarr; <strong>1047</strong><br />(+47 for winning)\n|raw|PokemonSOF's rating: 1063 &rarr; <strong>1040</strong><br />(-23 for losing)\n",
  "uploadtime": 1776646798,
  "views": 5,
  "formatid": "gen9championsvgc2026regma",
  "rating": 1040,
  "private": 0,
  "password": null
}