{
  "id": "gen9championsvgc2026regma-2581952709",
  "format": "[Gen 9 Champions] VGC 2026 Reg M-A",
  "players": [
    "AdjectivePikachu",
    "Nuncane"
  ],
  "log": "|j|\u2606AdjectivePikachu\n|j|\u2606Nuncane\n|t:|1776042751\n|gametype|doubles\n|player|p1|AdjectivePikachu|hilda-wonderlauncher|1068\n|player|p2|Nuncane|palmer|1000\n|gen|9\n|tier|[Gen 9 Champions] VGC 2026 Reg M-A\n|rated|\n|rule|Species Clause: Limit one of each Pok\u00e9mon\n|rule|Item Clause: Limit 1 of each item\n|clearpoke\n|poke|p1|Charizard, L50, M|\n|poke|p1|Corviknight, L50, F|\n|poke|p1|Gardevoir, L50, M|\n|poke|p1|Garchomp, L50, M|\n|poke|p1|Maushold-Four, L50|\n|poke|p1|Rotom-Wash, L50|\n|poke|p2|Meganium, L50, F|\n|poke|p2|Pelipper, L50, M|\n|poke|p2|Archaludon, L50, M|\n|poke|p2|Sneasler, L50, F|\n|poke|p2|Basculegion, L50, M|\n|poke|p2|Sableye, L50, M|\n|teampreview|4\nAdjectivePikachu has agreed to open team sheets.\n|\n|t:|1776042805\n|teamsize|p1|4\n|teamsize|p2|4\n|start\n|switch|p1a: Blue Clapper|Gardevoir, L50, M, shiny|100/100\n|switch|p1b: Chump Change|Garchomp, L50, M|100/100\n|switch|p2a: Archaludon|Archaludon, L50, M|100/100\n|switch|p2b: Sneasler|Sneasler, L50, F|100/100\n|turn|1\n|\n|t:|1776042828\n|move|p1a: Blue Clapper|Protect|p1a: Blue Clapper\n|-singleturn|p1a: Blue Clapper|Protect\n|move|p2b: Sneasler|Fake Out|p1b: Chump Change\n|-damage|p1b: Chump Change|88/100\n|-damage|p2b: Sneasler|88/100|[from] ability: Rough Skin|[of] p1b: Chump Change\n|cant|p1b: Chump Change|flinch\n|move|p2a: Archaludon|Flash Cannon|p1a: Blue Clapper\n|-activate|p1a: Blue Clapper|move: Protect\n|\n|upkeep\n|turn|2\n|\n|t:|1776042860\n|move|p1a: Blue Clapper|Helping Hand|p1b: Chump Change\n|-singleturn|p1b: Chump Change|Helping Hand|[of] p1a: Blue Clapper\n|move|p1b: Chump Change|Earthquake|p2b: Sneasler|[spread] p2a,p2b\n|-activate|p1a: Blue Clapper|ability: Telepathy\n|-supereffective|p2a: Archaludon|1\n|-supereffective|p2b: Sneasler|1\n|-damage|p2a: Archaludon|7/100\n|-damage|p2b: Sneasler|0 fnt\n|-ability|p2a: Archaludon|Stamina|boost\n|-boost|p2a: Archaludon|def|1\n|faint|p2b: Sneasler\n|move|p2a: Archaludon|Dragon Pulse|p1b: Chump Change\n|-supereffective|p1b: Chump Change|1\n|-damage|p1b: Chump Change|4/100\n|\n|-heal|p2a: Archaludon|13/100|[from] item: Leftovers\n|upkeep\n|\n|t:|1776042877\n|switch|p2b: Pelipper|Pelipper, L50, M|100/100\n|-weather|RainDance|[from] ability: Drizzle|[of] p2b: Pelipper\n|turn|3\n|\n|t:|1776042887\n|move|p2a: Archaludon|Protect|p2a: Archaludon\n|-singleturn|p2a: Archaludon|Protect\n|move|p1b: Chump Change|Earthquake|p2b: Pelipper|[spread] \n|-activate|p2a: Archaludon|move: Protect\n|-activate|p1a: Blue Clapper|ability: Telepathy\n|-immune|p2b: Pelipper\n|move|p1a: Blue Clapper|Life Dew||[still]|[spread] p1a,p1b\n|-fail|p1a: Blue Clapper|heal\n|-heal|p1b: Chump Change|29/100\n|move|p2b: Pelipper|Tailwind|p2b: Pelipper\n|-sidestart|p2: Nuncane|move: Tailwind\n|\n|-weather|RainDance|[upkeep]\n|-heal|p2a: Archaludon|19/100|[from] item: Leftovers\n|upkeep\n|turn|4\n|\n|t:|1776042954\n|move|p2b: Pelipper|Weather Ball|p1b: Chump Change\n|-crit|p1b: Chump Change\n|-damage|p1b: Chump Change|0 fnt\n|faint|p1b: Chump Change\n|move|p2a: Archaludon|Flash Cannon|p1a: Blue Clapper\n|-supereffective|p1a: Blue Clapper|1\n|-damage|p1a: Blue Clapper|25/100\n|move|p1a: Blue Clapper|Moonblast|p2b: Pelipper\n|-damage|p2b: Pelipper|32/100\n|\n|-weather|RainDance|[upkeep]\n|-heal|p2a: Archaludon|25/100|[from] item: Leftovers\n|upkeep\n|\n|t:|1776042966\n|switch|p1b: Charizard|Charizard, L50, M, shiny|100/100\n|turn|5\n|\n|t:|1776042992\n|detailschange|p1b: Charizard|Charizard-Mega-Y, L50, M, shiny\n|-mega|p1b: Charizard|Charizard|Charizardite Y\n|-weather|SunnyDay|[from] ability: Drought|[of] p1b: Charizard\n|move|p2b: Pelipper|Protect|p2b: Pelipper\n|-singleturn|p2b: Pelipper|Protect\n|move|p1a: Blue Clapper|Protect|p1a: Blue Clapper\n|-singleturn|p1a: Blue Clapper|Protect\n|move|p2a: Archaludon|Meteor Beam||[still]\n|-prepare|p2a: Archaludon|Meteor Beam\n|-boost|p2a: Archaludon|spa|1\n|move|p1b: Charizard|Heat Wave|p2a: Archaludon|[spread] p2a\n|-activate|p2b: Pelipper|move: Protect\n|-damage|p2a: Archaludon|0 fnt\n|faint|p2a: Archaludon\n|\n|-weather|SunnyDay|[upkeep]\n|upkeep\n|\n|t:|1776043012\n|switch|p2a: Basculegion|Basculegion, L50, M|100/100\n|turn|6\n|\n|t:|1776043031\n|move|p2a: Basculegion|Last Respects|p1a: Blue Clapper\n|-supereffective|p1a: Blue Clapper|1\n|-damage|p1a: Blue Clapper|0 fnt\n|faint|p1a: Blue Clapper\n|move|p2b: Pelipper|Hurricane|p1b: Charizard\n|-damage|p1b: Charizard|50/100\n|move|p1b: Charizard|Solar Beam||[still]\n|-prepare|p1b: Charizard|Solar Beam\n|-anim|p1b: Charizard|Solar Beam|p2a: Basculegion\n|-supereffective|p2a: Basculegion|1\n|-damage|p2a: Basculegion|0 fnt\n|faint|p2a: Basculegion\n|\n|-weather|SunnyDay|[upkeep]\n|-sideend|p2: Nuncane|move: Tailwind\n|upkeep\n|\n|t:|1776043043\n|switch|p1a: Pump N' Dump|Rotom-Wash, L50, shiny|100/100\n|turn|7\n|-message|Nuncane forfeited.\n|\n|win|AdjectivePikachu\n|raw|AdjectivePikachu's rating: 1068 &rarr; <strong>1092</strong><br />(+24 for winning)\n|raw|Nuncane's rating: 1000 &rarr; <strong>1000</strong><br />(+0 for losing)\n|l|\u2606Nuncane\n|player|p2|\n|c|\u2606AdjectivePikachu|gg\n",
  "uploadtime": 1776043066,
  "views": 16,
  "formatid": "gen9championsvgc2026regma",
  "rating": 1000,
  "private": 0,
  "password": null
}