{
  "id": "gen9championsvgc2026regma-2581429334",
  "format": "[Gen 9 Champions] VGC 2026 Reg M-A",
  "players": [
    "Quaza15",
    "ssppra2"
  ],
  "log": "|j|\u2606Quaza15\n|j|\u2606ssppra2\n|t:|1775999528\n|gametype|doubles\n|player|p1|Quaza15|ruinmaniac|1208\n|player|p2|ssppra2|169|1277\n|gen|9\n|tier|[Gen 9 Champions] VGC 2026 Reg M-A\n|rated|\n|rule|Species Clause: Limit one of each Pok\u00e9mon\n|rule|Item Clause: Limit 1 of each item\n|clearpoke\n|poke|p1|Incineroar, L50, F|\n|poke|p1|Floette-Eternal, L50, F|\n|poke|p1|Sableye, L50, M|\n|poke|p1|Sinistcha-Masterpiece, L50|\n|poke|p1|Sneasler, L50, M|\n|poke|p1|Garchomp, L50, F|\n|poke|p2|Aggron, L50, F|\n|poke|p2|Mimikyu, L50, M|\n|poke|p2|Incineroar, L50, M|\n|poke|p2|Aerodactyl, L50, M|\n|poke|p2|Basculegion, L50, M|\n|poke|p2|Floette-Eternal, L50, F|\n|teampreview|4\n|inactive|Battle timer is ON: inactive players will automatically lose when time's up. (requested by ssppra2)\n|inactive|Quaza15 has 60 seconds left.\n|\n|t:|1775999574\n|teamsize|p1|4\n|teamsize|p2|4\n|start\n|switch|p1a: Sableye|Sableye, L50, M|100/100\n|switch|p1b: Floette|Floette-Eternal, L50, F|100/100\n|switch|p2a: Mimikyu|Mimikyu, L50, M|100/100\n|switch|p2b: Incineroar|Incineroar, L50, M|100/100\n|-ability|p2b: Incineroar|Intimidate|boost\n|-unboost|p1a: Sableye|atk|1\n|-unboost|p1b: Floette|atk|1\n|turn|1\n|\n|t:|1775999589\n|switch|p1b: Incineroar|Incineroar, L50, F|100/100\n|-ability|p1b: Incineroar|Intimidate|boost\n|-unboost|p2a: Mimikyu|atk|1\n|-unboost|p2b: Incineroar|atk|1\n|move|p2b: Incineroar|Fake Out|p1b: Incineroar\n|-damage|p1b: Incineroar|92/100\n|move|p1a: Sableye|Reflect|p1a: Sableye\n|-sidestart|p1: Quaza15|Reflect\n|move|p2a: Mimikyu|Trick Room|p2a: Mimikyu\n|-fieldstart|move: Trick Room|[of] p2a: Mimikyu\n|\n|upkeep\n|turn|2\n|\n|t:|1775999605\n|switch|p2b: Aggron|Aggron, L50, F|100/100\n|move|p1a: Sableye|Encore|p2a: Mimikyu\n|-start|p2a: Mimikyu|Encore\n|-enditem|p2a: Mimikyu|Mental Herb\n|-end|p2a: Mimikyu|Encore\n|move|p1b: Incineroar|Throat Chop|p2a: Mimikyu\n|-activate|p2a: Mimikyu|ability: Disguise\n|-damage|p2a: Mimikyu|100/100\n|-start|p2a: Mimikyu|Throat Chop|[silent]\n|detailschange|p2a: Mimikyu|Mimikyu-Busted, L50, M\n|-damage|p2a: Mimikyu|88/100|[from] pokemon: Mimikyu-Busted\n|move|p2a: Mimikyu|Light Screen|p2a: Mimikyu\n|-sidestart|p2: ssppra2|move: Light Screen\n|\n|upkeep\n|turn|3\n|\n|t:|1775999621\n|switch|p2a: Incineroar|Incineroar, L50, M|100/100\n|-ability|p2a: Incineroar|Intimidate|boost\n|-unboost|p1a: Sableye|atk|1\n|-unboost|p1b: Incineroar|atk|1\n|detailschange|p2b: Aggron|Aggron-Mega, L50, F\n|-mega|p2b: Aggron|Aggron|Aggronite\n|move|p1a: Sableye|Encore|p2a: Incineroar\n|-hint|Since gen 7, Dark is immune to Prankster moves.\n|-immune|p2a: Incineroar\n|move|p2b: Aggron|Iron Defense|p2b: Aggron\n|-boost|p2b: Aggron|def|2\n|move|p1b: Incineroar|Parting Shot|p2b: Aggron\n|-unboost|p2b: Aggron|atk|1\n|-unboost|p2b: Aggron|spa|1\n|\n|t:|1775999627\n|switch|p1b: Sneasler|Sneasler, L50, M|100/100|[from] Parting Shot\n|\n|upkeep\n|turn|4\n|inactive|ssppra2 has 30 seconds left.\n|inactive|ssppra2 has 20 seconds left.\n|inactive|ssppra2 has 15 seconds left.\n|\n|t:|1775999670\n|move|p1a: Sableye|Encore|p2b: Aggron\n|-start|p2b: Aggron|Encore\n|move|p2b: Aggron|Iron Defense|p2b: Aggron\n|-boost|p2b: Aggron|def|2\n|move|p2a: Incineroar|Stomping Tantrum|p1b: Sneasler\n|-supereffective|p1b: Sneasler|1\n|-damage|p1b: Sneasler|50/100\n|move|p1b: Sneasler|Close Combat|p2a: Incineroar\n|-supereffective|p2a: Incineroar|1\n|-damage|p2a: Incineroar|0 fnt\n|-unboost|p1b: Sneasler|def|1\n|-unboost|p1b: Sneasler|spd|1\n|faint|p2a: Incineroar\n|-enditem|p1b: Sneasler|White Herb\n|-clearnegativeboost|p1b: Sneasler|[silent]\n|\n|upkeep\n|\n|t:|1775999683\n|switch|p2a: Mimikyu|Mimikyu-Busted, L50, M|88/100\n|turn|5\n|\n|t:|1775999695\n|move|p2b: Aggron|Iron Defense|p2b: Aggron\n|-boost|p2b: Aggron|def|2\n|move|p1a: Sableye|Night Shade|p2b: Aggron\n|-damage|p2b: Aggron|72/100\n|move|p2a: Mimikyu|Play Rough|p1a: Sableye|[miss]\n|-miss|p2a: Mimikyu|p1a: Sableye\n|move|p1b: Sneasler|Dire Claw|p2a: Mimikyu\n|-damage|p2a: Mimikyu|34/100\n|-status|p2a: Mimikyu|psn\n|\n|-damage|p2a: Mimikyu|21/100 psn|[from] psn\n|-sideend|p1: Quaza15|Reflect\n|-fieldend|move: Trick Room\n|upkeep\n|turn|6\n|\n|t:|1775999713\n|move|p1b: Sneasler|Close Combat|p2b: Aggron\n|-supereffective|p2b: Aggron|1\n|-damage|p2b: Aggron|62/100\n|-unboost|p1b: Sneasler|def|1\n|-unboost|p1b: Sneasler|spd|1\n|move|p2a: Mimikyu|Play Rough|p1a: Sableye\n|-supereffective|p1a: Sableye|1\n|-damage|p1a: Sableye|15/100\n|move|p1a: Sableye|Night Shade|p2b: Aggron\n|-damage|p2b: Aggron|34/100\n|move|p2b: Aggron|Iron Defense|p2b: Aggron\n|-boost|p2b: Aggron|def|0\n|\n|-damage|p2a: Mimikyu|9/100 psn|[from] psn\n|-end|p2b: Aggron|Encore\n|-sideend|p2: ssppra2|move: Light Screen\n|upkeep\n|turn|7\n|\n|t:|1775999730\n|move|p2b: Aggron|Protect|p2b: Aggron\n|-singleturn|p2b: Aggron|Protect\n|move|p1a: Sableye|Encore|p2b: Aggron\n|-activate|p2b: Aggron|move: Protect\n|move|p1b: Sneasler|Dire Claw|p2a: Mimikyu\n|-damage|p2a: Mimikyu|0 fnt\n|faint|p2a: Mimikyu\n|\n|upkeep\n|\n|t:|1775999738\n|switch|p2a: Basculegion|Basculegion, L50, M|100/100\n|turn|8\n|\n|t:|1775999749\n|move|p2a: Basculegion|Aqua Jet|p1a: Sableye\n|-crit|p1a: Sableye\n|-damage|p1a: Sableye|0 fnt\n|faint|p1a: Sableye\n|move|p1b: Sneasler|Throat Chop|p2a: Basculegion\n|-supereffective|p2a: Basculegion|1\n|-damage|p2a: Basculegion|29/100\n|-start|p2a: Basculegion|Throat Chop|[silent]\n|move|p2b: Aggron|Body Press|p1b: Sneasler\n|-resisted|p1b: Sneasler|1\n|-damage|p1b: Sneasler|0 fnt\n|faint|p1b: Sneasler\n|\n|upkeep\n|\n|t:|1775999756\n|switch|p1b: Incineroar|Incineroar, L50, F|92/100\n|switch|p1a: Floette|Floette-Eternal, L50, F|100/100\n|-ability|p1b: Incineroar|Intimidate|boost\n|-unboost|p2a: Basculegion|atk|1\n|-unboost|p2b: Aggron|atk|1\n|turn|9\n|\n|t:|1775999765\n|detailschange|p1a: Floette|Floette-Mega, L50, F\n|-mega|p1a: Floette|Floette|Floettite\n|-ability|p1a: Floette|Fairy Aura\n|move|p2b: Aggron|Protect|p2b: Aggron\n|-singleturn|p2b: Aggron|Protect\n|move|p2a: Basculegion|Aqua Jet|p1b: Incineroar\n|-supereffective|p1b: Incineroar|1\n|-damage|p1b: Incineroar|54/100\n|move|p1a: Floette|Moonblast|p2b: Aggron\n|-activate|p2b: Aggron|move: Protect\n|move|p1b: Incineroar|Throat Chop|p2a: Basculegion\n|-supereffective|p2a: Basculegion|1\n|-damage|p2a: Basculegion|0 fnt\n|faint|p2a: Basculegion\n|\n|upkeep\n|turn|10\n|\n|t:|1775999778\n|move|p1a: Floette|Moonblast|p2b: Aggron\n|-resisted|p2b: Aggron|1\n|-damage|p2b: Aggron|0 fnt\n|faint|p2b: Aggron\n|\n|win|Quaza15\n|raw|Quaza15's rating: 1208 &rarr; <strong>1238</strong><br />(+30 for winning)\n|raw|ssppra2's rating: 1277 &rarr; <strong>1247</strong><br />(-30 for losing)\n",
  "uploadtime": 1775999778,
  "views": 35,
  "formatid": "gen9championsvgc2026regma",
  "rating": 1238,
  "private": 0,
  "password": null
}