{
  "id": "gen9championsvgc2026regma-2586632564",
  "format": "[Gen 9 Champions] VGC 2026 Reg M-A",
  "players": [
    "pimitri",
    "BroDontFuckWithMe"
  ],
  "log": "|j|\u2606pimitri\n|j|\u2606BroDontFuckWithMe\n|t:|1776448218\n|gametype|doubles\n|player|p1|pimitri|169|1302\n|player|p2|BroDontFuckWithMe|170|1219\n|gen|9\n|tier|[Gen 9 Champions] VGC 2026 Reg M-A\n|rated|\n|rule|Species Clause: Limit one of each Pok\u00e9mon\n|rule|Item Clause: Limit 1 of each item\n|clearpoke\n|poke|p1|Tyranitar, L50, M|\n|poke|p1|Excadrill, L50, F|\n|poke|p1|Aerodactyl, L50, F|\n|poke|p1|Oranguru, L50, M|\n|poke|p1|Basculegion, L50, M|\n|poke|p1|Rotom-Mow, L50|\n|poke|p2|Starmie, L50|\n|poke|p2|Rotom-Heat, L50|\n|poke|p2|Excadrill, L50, F|\n|poke|p2|Sinistcha, L50|\n|poke|p2|Tyranitar, L50, F|\n|poke|p2|Gardevoir, L50, F|\n|teampreview|4\n|\n|t:|1776448276\n|teamsize|p1|4\n|teamsize|p2|4\n|start\n|switch|p1a: Aerodactyl|Aerodactyl, L50, F|100/100\n|switch|p1b: Basculegion|Basculegion, L50, M|100/100\n|switch|p2a: Gardevoir|Gardevoir, L50, F|100/100\n|switch|p2b: Excadrill|Excadrill, L50, F|100/100\n|-ability|p1a: Aerodactyl|Unnerve\n|turn|1\n|\n|t:|1776448296\n|move|p1b: Basculegion|Flip Turn|p2b: Excadrill\n|-supereffective|p2b: Excadrill|1\n|-enditem|p2b: Excadrill|Focus Sash\n|-damage|p2b: Excadrill|1/100\n|\n|t:|1776448304\n|switch|p1b: Excadrill|Excadrill, L50, F|100/100|[from] Flip Turn\n|move|p2a: Gardevoir|Icy Wind|p1b: Excadrill|[spread] p1a,p1b\n|-supereffective|p1a: Aerodactyl|1\n|-crit|p1b: Excadrill\n|-damage|p1a: Aerodactyl|59/100\n|-damage|p1b: Excadrill|70/100\n|-unboost|p1a: Aerodactyl|spe|1\n|-unboost|p1b: Excadrill|spe|1\n|move|p2b: Excadrill|Iron Head|p1a: Aerodactyl\n|-supereffective|p1a: Aerodactyl|1\n|-damage|p1a: Aerodactyl|0 fnt\n|faint|p1a: Aerodactyl\n|\n|upkeep\n|\n|t:|1776448316\n|switch|p1a: Basculegion|Basculegion, L50, M|100/100\n|turn|2\n|\n|t:|1776448324\n|switch|p2a: Sinistcha|Sinistcha, L50|100/100\n|-heal|p2b: Excadrill|26/100|[from] ability: Hospitality|[of] p2a: Sinistcha\n|detailschange|p1b: Excadrill|Excadrill-Mega, L50, F\n|-mega|p1b: Excadrill|Excadrill|Excadrite\n|move|p2b: Excadrill|Protect|p2b: Excadrill\n|-singleturn|p2b: Excadrill|Protect\n|move|p1a: Basculegion|Flip Turn|p2b: Excadrill\n|-activate|p2b: Excadrill|move: Protect\n|move|p1b: Excadrill|Iron Head|p2a: Sinistcha\n|-damage|p2a: Sinistcha|48/100\n|\n|-heal|p2a: Sinistcha|54/100|[from] item: Leftovers\n|upkeep\n|turn|3\n|\n|t:|1776448341\n|move|p2a: Sinistcha|Rage Powder|p2a: Sinistcha\n|-singleturn|p2a: Sinistcha|move: Rage Powder\n|move|p1a: Basculegion|Flip Turn|p2a: Sinistcha\n|-resisted|p2a: Sinistcha|1\n|-damage|p2a: Sinistcha|38/100\n|\n|t:|1776448344\n|switch|p1a: Tyranitar|Tyranitar, L50, M|100/100|[from] Flip Turn\n|-weather|Sandstorm|[from] ability: Sand Stream|[of] p1a: Tyranitar\n|move|p2b: Excadrill|High Horsepower|p1b: Excadrill\n|-supereffective|p1b: Excadrill|1\n|-damage|p1b: Excadrill|0 fnt\n|faint|p1b: Excadrill\n|\n|-weather|Sandstorm|[upkeep]\n|-damage|p2a: Sinistcha|32/100|[from] Sandstorm\n|-heal|p2a: Sinistcha|38/100|[from] item: Leftovers\n|upkeep\n|\n|t:|1776448350\n|switch|p1b: Basculegion|Basculegion, L50, M|100/100\n|turn|4\n|inactive|Battle timer is ON: inactive players will automatically lose when time's up. (requested by BroDontFuckWithMe)\n|\n|t:|1776448370\n|move|p2b: Excadrill|Protect|p2b: Excadrill\n|-singleturn|p2b: Excadrill|Protect\n|move|p1b: Basculegion|Last Respects|p2b: Excadrill\n|-activate|p2b: Excadrill|move: Protect\n|move|p2a: Sinistcha|Matcha Gotcha|p1a: Tyranitar|[spread] p1a,p1b\n|-supereffective|p1a: Tyranitar|1\n|-supereffective|p1b: Basculegion|1\n|-damage|p1a: Tyranitar|72/100\n|-heal|p2a: Sinistcha|55/100|[from] drain|[of] p1a: Tyranitar\n|-damage|p1b: Basculegion|47/100\n|-heal|p2a: Sinistcha|84/100|[from] drain|[of] p1b: Basculegion\n|move|p1a: Tyranitar|Crunch|p2a: Sinistcha\n|-supereffective|p2a: Sinistcha|1\n|-damage|p2a: Sinistcha|9/100\n|\n|-weather|Sandstorm|[upkeep]\n|-damage|p1b: Basculegion|41/100|[from] Sandstorm\n|-damage|p2a: Sinistcha|3/100|[from] Sandstorm\n|-heal|p2a: Sinistcha|9/100|[from] item: Leftovers\n|upkeep\n|turn|5\n|\n|t:|1776448388\n|move|p2a: Sinistcha|Rage Powder|p2a: Sinistcha\n|-singleturn|p2a: Sinistcha|move: Rage Powder\n|move|p2b: Excadrill|Earthquake|p1a: Tyranitar|[spread] p2a,p1a,p1b\n|-resisted|p2a: Sinistcha|1\n|-supereffective|p1a: Tyranitar|1\n|-damage|p2a: Sinistcha|0 fnt\n|-damage|p1a: Tyranitar|0 fnt\n|-damage|p1b: Basculegion|0 fnt\n|faint|p2a: Sinistcha\n|faint|p1a: Tyranitar\n|faint|p1b: Basculegion\n|\n|win|BroDontFuckWithMe\n|raw|pimitri's rating: 1302 &rarr; <strong>1277</strong><br />(-25 for losing)\n|raw|BroDontFuckWithMe's rating: 1219 &rarr; <strong>1250</strong><br />(+31 for winning)\n",
  "uploadtime": 1776448388,
  "views": 53,
  "formatid": "gen9championsvgc2026regma",
  "rating": 1250,
  "private": 0,
  "password": null
}