{
  "id": "gen9championsvgc2026regma-2584249345",
  "format": "[Gen 9 Champions] VGC 2026 Reg M-A",
  "players": [
    "cloakedhawkvgc",
    "Azzy08"
  ],
  "log": "|j|\u2606cloakedhawkvgc\n|j|\u2606Azzy08\n|t:|1776243101\n|gametype|doubles\n|player|p1|cloakedhawkvgc|pryce|1000\n|player|p2|Azzy08|102|1096\n|gen|9\n|tier|[Gen 9 Champions] VGC 2026 Reg M-A\n|rated|\n|rule|Species Clause: Limit one of each Pok\u00e9mon\n|rule|Item Clause: Limit 1 of each item\n|clearpoke\n|poke|p1|Oranguru, L50, F|\n|poke|p1|Cofagrigus, L50, F|\n|poke|p1|Clefable, L50, F|\n|poke|p1|Kingambit, L50, M|\n|poke|p1|Torkoal, L50, F|\n|poke|p1|Machamp, L50, F|\n|poke|p2|Glimmora, L50, M|\n|poke|p2|Sinistcha, L50|\n|poke|p2|Garchomp, L50, M|\n|poke|p2|Ninetales-Alola, L50, F|\n|poke|p2|Basculegion, L50, M|\n|poke|p2|Rotom-Heat, L50|\n|teampreview|4\n|inactive|Battle timer is ON: inactive players will automatically lose when time's up. (requested by cloakedhawkvgc)\n|inactive|cloakedhawkvgc has 60 seconds left.\n|inactive|Azzy08 has 60 seconds left.\n|\n|t:|1776243146\n|teamsize|p1|4\n|teamsize|p2|4\n|start\n|switch|p1a: Cofagrigus|Cofagrigus, L50, F|100/100\n|switch|p1b: Torkoal|Torkoal, L50, F|100/100\n|switch|p2a: Glimmora|Glimmora, L50, M, shiny|100/100\n|switch|p2b: Sinistcha|Sinistcha, L50|100/100\n|-weather|SunnyDay|[from] ability: Drought|[of] p1b: Torkoal\n|turn|1\n|inactive|Azzy08 has 30 seconds left.\n|\n|t:|1776243173\n|detailschange|p2a: Glimmora|Glimmora-Mega, L50, M, shiny\n|-mega|p2a: Glimmora|Glimmora|Glimmoranite\n|move|p1b: Torkoal|Protect|p1b: Torkoal\n|-singleturn|p1b: Torkoal|Protect\n|move|p2a: Glimmora|Power Gem|p1b: Torkoal\n|-activate|p1b: Torkoal|move: Protect\n|move|p2b: Sinistcha|Trick Room|p2b: Sinistcha\n|-fieldstart|move: Trick Room|[of] p2b: Sinistcha\n|move|p1a: Cofagrigus|Trick Room|p1a: Cofagrigus\n|-fieldend|move: Trick Room\n|\n|-weather|SunnyDay|[upkeep]\n|upkeep\n|turn|2\n|c|\u2606Azzy08|this is fun\n|\n|t:|1776243193\n|switch|p1b: Kingambit|Kingambit, L50, M|100/100\n|move|p2a: Glimmora|Power Gem|p1a: Cofagrigus\n|-damage|p1a: Cofagrigus|41/100\n|-enditem|p1a: Cofagrigus|Sitrus Berry|[eat]\n|-heal|p1a: Cofagrigus|66/100|[from] item: Sitrus Berry\n|move|p2b: Sinistcha|Matcha Gotcha|p1b: Kingambit|[spread] p1a,p1b\n|-resisted|p1b: Kingambit|1\n|-damage|p1a: Cofagrigus|40/100\n|-damage|p1b: Kingambit|89/100\n|-status|p1a: Cofagrigus|brn\n|move|p1a: Cofagrigus|Trick Room|p1a: Cofagrigus\n|-fieldstart|move: Trick Room|[of] p1a: Cofagrigus\n|\n|-weather|SunnyDay|[upkeep]\n|-damage|p1a: Cofagrigus|34/100 brn|[from] brn\n|upkeep\n|turn|3\n|inactive|Azzy08 has 30 seconds left.\n|\n|t:|1776243221\n|move|p2a: Glimmora|Spiky Shield|p2a: Glimmora\n|-singleturn|p2a: Glimmora|move: Protect\n|move|p1a: Cofagrigus|Body Press|p2a: Glimmora\n|-activate|p2a: Glimmora|move: Protect\n|-damage|p1a: Cofagrigus|22/100 brn|[from] Spiky Shield|[of] p2a: Glimmora\n|move|p1b: Kingambit|Iron Head|p2a: Glimmora\n|-activate|p2a: Glimmora|move: Protect\n|-damage|p1b: Kingambit|77/100|[from] Spiky Shield|[of] p2a: Glimmora\n|move|p2b: Sinistcha|Trick Room|p2b: Sinistcha\n|-fieldend|move: Trick Room\n|\n|-weather|SunnyDay|[upkeep]\n|-damage|p1a: Cofagrigus|16/100 brn|[from] brn\n|upkeep\n|turn|4\n|inactive|cloakedhawkvgc has 30 seconds left.\n|\n|t:|1776243247\n|move|p2a: Glimmora|Earth Power|p1b: Kingambit\n|-supereffective|p1b: Kingambit|1\n|-damage|p1b: Kingambit|7/100\n|move|p2b: Sinistcha|Matcha Gotcha|p1a: Cofagrigus|[spread] p1a,p1b\n|-resisted|p1b: Kingambit|1\n|-damage|p1a: Cofagrigus|0 fnt\n|-damage|p1b: Kingambit|0 fnt\n|faint|p1a: Cofagrigus\n|faint|p1b: Kingambit\n|\n|-weather|SunnyDay|[upkeep]\n|upkeep\n|\n|t:|1776243257\n|switch|p1b: Torkoal|Torkoal, L50, F|100/100\n|switch|p1a: Machamp|Machamp, L50, F|100/100\n|turn|5\n|\n|t:|1776243268\n|move|p2b: Sinistcha|Rage Powder|p2b: Sinistcha\n|-singleturn|p2b: Sinistcha|move: Rage Powder\n|move|p2a: Glimmora|Power Gem|p1b: Torkoal\n|-supereffective|p1b: Torkoal|1\n|-damage|p1b: Torkoal|0 fnt\n|faint|p1b: Torkoal\n|move|p1a: Machamp|Dynamic Punch|p2b: Sinistcha\n|-immune|p2b: Sinistcha\n|\n|-weather|none\n|upkeep\n|turn|6\n|\n|t:|1776243282\n|move|p2a: Glimmora|Sludge Bomb|p1a: Machamp\n|-damage|p1a: Machamp|31/100\n|move|p2b: Sinistcha|Matcha Gotcha|p1a: Machamp\n|-damage|p1a: Machamp|0 fnt\n|faint|p1a: Machamp\n|\n|win|Azzy08\n|raw|cloakedhawkvgc's rating: 1000 &rarr; <strong>1000</strong><br />(+0 for losing)\n|raw|Azzy08's rating: 1096 &rarr; <strong>1115</strong><br />(+19 for winning)\n",
  "uploadtime": 1776243605,
  "views": 30,
  "formatid": "gen9championsvgc2026regma",
  "rating": 1000,
  "private": 0,
  "password": null
}