{
  "id": "gen9championsvgc2026regma-2587666678",
  "format": "[Gen 9 Champions] VGC 2026 Reg M-A",
  "players": [
    "quaglama",
    "pimitri"
  ],
  "log": "|j|\u2606quaglama\n|j|\u2606pimitri\n|t:|1776551923\n|gametype|doubles\n|player|p1|quaglama|101|1115\n|player|p2|pimitri|2|1130\n|gen|9\n|tier|[Gen 9 Champions] VGC 2026 Reg M-A\n|rated|\n|rule|Species Clause: Limit one of each Pok\u00e9mon\n|rule|Item Clause: Limit 1 of each item\n|clearpoke\n|poke|p1|Drampa, L50, M|\n|poke|p1|Sableye, L50, F|\n|poke|p1|Whimsicott, L50, M|\n|poke|p1|Gallade, L50, M|\n|poke|p1|Basculegion, L50, M|\n|poke|p1|Archaludon, L50, F|\n|poke|p2|Kangaskhan, L50, F|\n|poke|p2|Milotic, L50, F, shiny|\n|poke|p2|Whimsicott, L50, F|\n|poke|p2|Sneasler, L50, F|\n|poke|p2|Hydreigon, L50, M|\n|poke|p2|Arcanine, L50, M|\n|teampreview|4\n|\n|t:|1776551954\n|teamsize|p1|4\n|teamsize|p2|4\n|start\n|switch|p1a: Gallade|Gallade, L50, M|100/100\n|switch|p1b: Drampa|Drampa, L50, M|100/100\n|switch|p2a: Milotic|Milotic, L50, F, shiny|100/100\n|switch|p2b: Whimsicott|Whimsicott, L50, F|100/100\n|turn|1\n|\n|t:|1776551974\n|move|p1b: Drampa|Protect|p1b: Drampa\n|-singleturn|p1b: Drampa|Protect\n|move|p2b: Whimsicott|Tailwind|p2b: Whimsicott\n|-sidestart|p2: pimitri|move: Tailwind\n|move|p2a: Milotic|Icy Wind|p1b: Drampa|[spread] p1a\n|-activate|p1b: Drampa|move: Protect\n|-damage|p1a: Gallade|88/100\n|-unboost|p1a: Gallade|spe|1\n|move|p1a: Gallade|Trick Room|p1a: Gallade\n|-fieldstart|move: Trick Room|[of] p1a: Gallade\n|\n|upkeep\n|turn|2\n|\n|t:|1776552010\n|detailschange|p1b: Drampa|Drampa-Mega, L50, M\n|-mega|p1b: Drampa|Drampa|Drampanite\n|move|p2b: Whimsicott|Charm|p2a: Milotic\n|-unboost|p2a: Milotic|atk|2\n|move|p1b: Drampa|Hyper Voice|p2a: Milotic|[spread] p2a,p2b\n|-damage|p2a: Milotic|59/100\n|-damage|p2b: Whimsicott|22/100\n|move|p1a: Gallade|Psycho Cut|p2a: Milotic\n|-crit|p2a: Milotic\n|-damage|p2a: Milotic|0 fnt\n|faint|p2a: Milotic\n|\n|upkeep\n|\n|t:|1776552024\n|switch|p2a: Kangaskhan|Kangaskhan, L50, F|100/100\n|turn|3\n|\n|t:|1776552057\n|detailschange|p2a: Kangaskhan|Kangaskhan-Mega, L50, F\n|-mega|p2a: Kangaskhan|Kangaskhan|Kangaskhanite\n|move|p2a: Kangaskhan|Fake Out|p1a: Gallade\n|-damage|p1a: Gallade|49/100\n|-damage|p1a: Gallade|40/100\n|-hitcount|p1a: Gallade|2\n|move|p1b: Drampa|Hyper Voice|p2a: Kangaskhan|[spread] p2a,p2b\n|-damage|p2a: Kangaskhan|59/100\n|-damage|p2b: Whimsicott|0 fnt\n|faint|p2b: Whimsicott\n|cant|p1a: Gallade|flinch\n|\n|upkeep\n|\n|t:|1776552065\n|switch|p2b: Hydreigon|Hydreigon, L50, M|100/100\n|turn|4\n|\n|t:|1776552089\n|move|p2b: Hydreigon|Protect|p2b: Hydreigon\n|-singleturn|p2b: Hydreigon|Protect\n|move|p1b: Drampa|Draco Meteor|p2b: Hydreigon\n|-activate|p2b: Hydreigon|move: Protect\n|move|p1a: Gallade|Sacred Sword|p2a: Kangaskhan\n|-supereffective|p2a: Kangaskhan|1\n|-damage|p2a: Kangaskhan|0 fnt\n|faint|p2a: Kangaskhan\n|\n|-sideend|p2: pimitri|move: Tailwind\n|upkeep\n|turn|5\n|-message|pimitri forfeited.\n|\n|win|quaglama\n|raw|quaglama's rating: 1115 &rarr; <strong>1141</strong><br />(+26 for winning)\n|raw|pimitri's rating: 1130 &rarr; <strong>1104</strong><br />(-26 for losing)\n|l|\u2606pimitri\n|player|p2|\n",
  "uploadtime": 1776552111,
  "views": 12,
  "formatid": "gen9championsvgc2026regma",
  "rating": 1104,
  "private": 0,
  "password": null
}