{
  "id": "gen9championsvgc2026regma-2586330634",
  "format": "[Gen 9 Champions] VGC 2026 Reg M-A",
  "players": [
    "BlueCatWhiteHat",
    "ImAhaan"
  ],
  "log": "|j|\u2606BlueCatWhiteHat\n|j|\u2606ImAhaan\n|t:|1776425964\n|gametype|doubles\n|player|p1|BlueCatWhiteHat|lucas|1000\n|player|p2|ImAhaan|pokemonranger-gen4|1000\n|gen|9\n|tier|[Gen 9 Champions] VGC 2026 Reg M-A\n|rated|\n|rule|Species Clause: Limit one of each Pok\u00e9mon\n|rule|Item Clause: Limit 1 of each item\n|clearpoke\n|poke|p1|Charizard, L50, M|\n|poke|p1|Venusaur, L50, M|\n|poke|p1|Incineroar, L50, M|\n|poke|p1|Garchomp, L50, M|\n|poke|p1|Rotom-Wash, L50|\n|poke|p1|Whimsicott, L50, M|\n|poke|p2|Dragonite, L50, F|\n|poke|p2|Incineroar, L50, F|\n|poke|p2|Espathra, L50, F|\n|poke|p2|Milotic, L50, F|\n|poke|p2|Sneasler, L50, M|\n|poke|p2|Venusaur, L50, F|\n|teampreview|4\n|inactive|Battle timer is ON: inactive players will automatically lose when time's up. (requested by BlueCatWhiteHat)\n|inactive|ImAhaan has 60 seconds left.\n|\n|t:|1776426000\n|teamsize|p1|4\n|teamsize|p2|4\n|start\n|switch|p1a: Incineroar|Incineroar, L50, M|100/100\n|switch|p1b: Garchomp|Garchomp, L50, M|100/100\n|switch|p2a: Espathra|Espathra, L50, F|100/100\n|switch|p2b: Milotic|Milotic, L50, F, shiny|100/100\n|-ability|p1a: Incineroar|Intimidate|boost\n|-unboost|p2a: Espathra|atk|1\n|-unboost|p2b: Milotic|atk|1\n|-ability|p2b: Milotic|Competitive|boost\n|-boost|p2b: Milotic|spa|2\n|turn|1\n|\n|t:|1776426019\n|move|p1a: Incineroar|Fake Out|p2a: Espathra\n|-damage|p2a: Espathra|80/100\n|move|p1b: Garchomp|Rock Slide|p2a: Espathra|[spread] p2a,p2b\n|-damage|p2a: Espathra|52/100\n|-damage|p2b: Milotic|78/100\n|cant|p2a: Espathra|flinch\n|move|p2b: Milotic|Scald|p1a: Incineroar\n|-supereffective|p1a: Incineroar|1\n|-damage|p1a: Incineroar|0 fnt\n|faint|p1a: Incineroar\n|\n|-heal|p2b: Milotic|83/100|[from] item: Leftovers\n|-ability|p2a: Espathra|Speed Boost|boost\n|-boost|p2a: Espathra|spe|1\n|upkeep\n|\n|t:|1776426030\n|switch|p1a: Charizard|Charizard, L50, M|100/100\n|turn|2\n|\n|t:|1776426043\n|detailschange|p1a: Charizard|Charizard-Mega-Y, L50, M\n|-mega|p1a: Charizard|Charizard|Charizardite Y\n|-weather|SunnyDay|[from] ability: Drought|[of] p1a: Charizard\n|move|p2a: Espathra|Protect|p2a: Espathra\n|-singleturn|p2a: Espathra|Protect\n|move|p2b: Milotic|Protect|p2b: Milotic\n|-singleturn|p2b: Milotic|Protect\n|move|p1b: Garchomp|Earthquake|p2b: Milotic|[spread] \n|-activate|p2a: Espathra|move: Protect\n|-activate|p2b: Milotic|move: Protect\n|-immune|p1a: Charizard\n|move|p1a: Charizard|Heat Wave|p2a: Espathra|[spread] \n|-activate|p2a: Espathra|move: Protect\n|-activate|p2b: Milotic|move: Protect\n|\n|-weather|SunnyDay|[upkeep]\n|-heal|p2b: Milotic|89/100|[from] item: Leftovers\n|-ability|p2a: Espathra|Speed Boost|boost\n|-boost|p2a: Espathra|spe|1\n|upkeep\n|turn|3\n|\n|t:|1776426068\n|move|p2a: Espathra|Calm Mind|p2a: Espathra\n|-boost|p2a: Espathra|spa|1\n|-boost|p2a: Espathra|spd|1\n|move|p1b: Garchomp|Earthquake|p2a: Espathra|[spread] p2a,p2b\n|-immune|p1a: Charizard\n|-damage|p2a: Espathra|0 fnt\n|-damage|p2b: Milotic|38/100\n|faint|p2a: Espathra\n|move|p1a: Charizard|Solar Beam||[still]\n|-prepare|p1a: Charizard|Solar Beam\n|-anim|p1a: Charizard|Solar Beam|p2b: Milotic\n|-supereffective|p2b: Milotic|1\n|-crit|p2b: Milotic\n|-damage|p2b: Milotic|0 fnt\n|faint|p2b: Milotic\n|\n|-weather|SunnyDay|[upkeep]\n|upkeep\n|\n|t:|1776426083\n|switch|p2a: Dragonite|Dragonite, L50, F|100/100\n|switch|p2b: Incineroar|Incineroar, L50, F, shiny|100/100\n|-ability|p2b: Incineroar|Intimidate|boost\n|-unboost|p1a: Charizard|atk|1\n|-unboost|p1b: Garchomp|atk|1\n|turn|4\n|\n|t:|1776426098\n|detailschange|p2a: Dragonite|Dragonite-Mega, L50, F\n|-mega|p2a: Dragonite|Dragonite|Dragoninite\n|move|p2b: Incineroar|Fake Out|p1a: Charizard\n|-damage|p1a: Charizard|85/100\n|move|p1b: Garchomp|Rock Slide|p2b: Incineroar|[spread] p2a\n|-miss|p1b: Garchomp|p2b: Incineroar\n|-supereffective|p2a: Dragonite|1\n|-damage|p2a: Dragonite|89/100\n|cant|p1a: Charizard|flinch\n|move|p2a: Dragonite|Heat Wave|p1b: Garchomp|[spread] p1a,p1b\n|-resisted|p1a: Charizard|1\n|-resisted|p1b: Garchomp|1\n|-damage|p1a: Charizard|66/100\n|-damage|p1b: Garchomp|80/100\n|\n|-weather|SunnyDay|[upkeep]\n|upkeep\n|turn|5\n|inactive|ImAhaan has 30 seconds left.\n|\n|t:|1776426130\n|switch|p1b: Venusaur|Venusaur, L50, M|100/100\n|move|p1a: Charizard|Heat Wave|p2b: Incineroar|[spread] p2b\n|-miss|p1a: Charizard|p2a: Dragonite\n|-resisted|p2b: Incineroar|1\n|-damage|p2b: Incineroar|69/100\n|move|p2a: Dragonite|Dragon Pulse|p1b: Venusaur\n|-damage|p1b: Venusaur|51/100\n|move|p2b: Incineroar|Parting Shot|p1a: Charizard\n|-unboost|p1a: Charizard|atk|1\n|-unboost|p1a: Charizard|spa|1\n|\n|-weather|SunnyDay|[upkeep]\n|upkeep\n|turn|6\n|inactive|ImAhaan has 30 seconds left.\n|inactive|ImAhaan has 20 seconds left.\n|\n|t:|1776426170\n|move|p1b: Venusaur|Sleep Powder|p2a: Dragonite|[miss]\n|-miss|p1b: Venusaur|p2a: Dragonite\n|move|p1a: Charizard|Heat Wave|p2a: Dragonite|[spread] p2a,p2b\n|-resisted|p2a: Dragonite|1\n|-resisted|p2b: Incineroar|1\n|-damage|p2a: Dragonite|75/100\n|-damage|p2b: Incineroar|50/100\n|-status|p2a: Dragonite|brn\n|-enditem|p2b: Incineroar|Sitrus Berry|[eat]\n|-heal|p2b: Incineroar|74/100|[from] item: Sitrus Berry\n|move|p2a: Dragonite|Dragon Pulse|p1b: Venusaur\n|-damage|p1b: Venusaur|0 fnt\n|faint|p1b: Venusaur\n|move|p2b: Incineroar|Flare Blitz|p1a: Charizard\n|-resisted|p1a: Charizard|1\n|-damage|p1a: Charizard|11/100\n|-damage|p2b: Incineroar|59/100|[from] Recoil\n|\n|-weather|none\n|-damage|p2a: Dragonite|68/100 brn|[from] brn\n|upkeep\n|\n|t:|1776426176\n|switch|p1b: Garchomp|Garchomp, L50, M|80/100\n|turn|7\n|\n|t:|1776426193\n|move|p1b: Garchomp|Rock Slide|p2b: Incineroar|[spread] p2a\n|-miss|p1b: Garchomp|p2b: Incineroar\n|-supereffective|p2a: Dragonite|1\n|-damage|p2a: Dragonite|34/100 brn\n|move|p1a: Charizard|Overheat|p2a: Dragonite\n|-resisted|p2a: Dragonite|1\n|-damage|p2a: Dragonite|14/100 brn\n|-unboost|p1a: Charizard|spa|2\n|move|p2a: Dragonite|Roost|p2a: Dragonite\n|-heal|p2a: Dragonite|65/100 brn\n|-singleturn|p2a: Dragonite|move: Roost\n|move|p2b: Incineroar|Parting Shot|p1b: Garchomp\n|-unboost|p1b: Garchomp|atk|1\n|-unboost|p1b: Garchomp|spa|1\n|\n|-damage|p2a: Dragonite|59/100 brn|[from] brn\n|upkeep\n|turn|8\n|c|\u2606BlueCatWhiteHat|Not the missed \ud83d\ude2d\n|c|\u2606BlueCatWhiteHat|Ggwp\n|inactive|BlueCatWhiteHat has 30 seconds left.\n|inactive|ImAhaan has 30 seconds left.\n|\n|t:|1776426223\n|move|p2a: Dragonite|Protect|p2a: Dragonite\n|-singleturn|p2a: Dragonite|Protect\n|move|p1b: Garchomp|Rock Slide|p2a: Dragonite|[spread] p2b\n|-activate|p2a: Dragonite|move: Protect\n|-supereffective|p2b: Incineroar|1\n|-damage|p2b: Incineroar|32/100\n|move|p1a: Charizard|Overheat|p2a: Dragonite\n|-activate|p2a: Dragonite|move: Protect\n|move|p2b: Incineroar|Flare Blitz|p1a: Charizard\n|-resisted|p1a: Charizard|1\n|-damage|p1a: Charizard|0 fnt\n|faint|p1a: Charizard\n|-damage|p2b: Incineroar|29/100|[from] Recoil\n|\n|-damage|p2a: Dragonite|52/100 brn|[from] brn\n|upkeep\n|turn|9\n|\n|t:|1776426244\n|move|p2b: Incineroar|Protect|p2b: Incineroar\n|-singleturn|p2b: Incineroar|Protect\n|move|p1b: Garchomp|Rock Slide|p2b: Incineroar|[spread] p2a\n|-activate|p2b: Incineroar|move: Protect\n|-supereffective|p2a: Dragonite|1\n|-damage|p2a: Dragonite|30/100 brn\n|cant|p2a: Dragonite|flinch\n|\n|-damage|p2a: Dragonite|24/100 brn|[from] brn\n|upkeep\n|turn|10\n|\n|t:|1776426269\n|move|p1b: Garchomp|Rock Slide|p2a: Dragonite|[spread] p2a,p2b\n|-supereffective|p2a: Dragonite|1\n|-supereffective|p2b: Incineroar|1\n|-damage|p2a: Dragonite|2/100 brn\n|-damage|p2b: Incineroar|0 fnt\n|faint|p2b: Incineroar\n|cant|p2a: Dragonite|flinch\n|\n|-damage|p2a: Dragonite|0 fnt|[from] brn\n|faint|p2a: Dragonite\n|\n|win|BlueCatWhiteHat\n|raw|BlueCatWhiteHat's rating: 1000 &rarr; <strong>1040</strong><br />(+40 for winning)\n|raw|ImAhaan's rating: 1000 &rarr; <strong>1000</strong><br />(+0 for losing)\n",
  "uploadtime": 1776426276,
  "views": 24,
  "formatid": "gen9championsvgc2026regma",
  "rating": 1000,
  "private": 0,
  "password": null
}