{
  "id": "gen9championsvgc2026regma-2587843309",
  "format": "[Gen 9 Champions] VGC 2026 Reg M-A",
  "players": [
    "smp on whimsicott",
    "Rabbit_soup_"
  ],
  "log": "|j|\u2606smp on whimsicott\n|j|\u2606Rabbit_soup_\n|t:|1776569749\n|gametype|doubles\n|player|p1|smp on whimsicott|artist-gen4|1425\n|player|p2|Rabbit_soup_|1|1397\n|gen|9\n|tier|[Gen 9 Champions] VGC 2026 Reg M-A\n|rated|\n|rule|Species Clause: Limit one of each Pok\u00e9mon\n|rule|Item Clause: Limit 1 of each item\n|clearpoke\n|poke|p1|Garchomp, L50, M|\n|poke|p1|Aerodactyl, L50, M|\n|poke|p1|Kingambit, L50, M|\n|poke|p1|Sneasler, L50, F|\n|poke|p1|Mimikyu, L50, M|\n|poke|p1|Charizard, L50, F|\n|poke|p2|Pelipper, L50, F|\n|poke|p2|Aerodactyl, L50, F|\n|poke|p2|Dragonite, L50, M|\n|poke|p2|Archaludon, L50, F|\n|poke|p2|Aggron, L50, F|\n|poke|p2|Sableye, L50, F|\n|teampreview|4\n|inactive|Battle timer is ON: inactive players will automatically lose when time's up. (requested by Rabbit_soup_)\n|inactive|smp on whimsicott has 60 seconds left.\n|\n|t:|1776569814\n|teamsize|p1|4\n|teamsize|p2|4\n|start\n|switch|p1a: Garchomp|Garchomp, L50, M|100/100\n|switch|p1b: Mimikyu|Mimikyu, L50, M|100/100\n|switch|p2a: Sableye|Sableye, L50, F|100/100\n|switch|p2b: Dragonite|Dragonite, L50, M|100/100\n|turn|1\n|\n|t:|1776569834\n|move|p2a: Sableye|Will-O-Wisp|p1a: Garchomp\n|-status|p1a: Garchomp|brn\n|move|p1a: Garchomp|Rock Slide|p2b: Dragonite|[spread] p2a,p2b\n|-supereffective|p2b: Dragonite|1\n|-damage|p2a: Sableye|87/100\n|-damage|p2b: Dragonite|90/100\n|move|p2b: Dragonite|Hurricane|p1b: Mimikyu\n|-activate|p1b: Mimikyu|ability: Disguise\n|-damage|p1b: Mimikyu|100/100\n|-start|p1b: Mimikyu|confusion\n|detailschange|p1b: Mimikyu|Mimikyu-Busted, L50, M\n|-damage|p1b: Mimikyu|88/100|[from] pokemon: Mimikyu-Busted\n|-activate|p1b: Mimikyu|confusion\n|move|p1b: Mimikyu|Play Rough|p2b: Dragonite\n|-supereffective|p2b: Dragonite|1\n|-damage|p2b: Dragonite|0 fnt\n|faint|p2b: Dragonite\n|\n|-damage|p1a: Garchomp|94/100 brn|[from] brn\n|upkeep\n|\n|t:|1776569841\n|switch|p2b: Archaludon|Archaludon, L50, F|100/100\n|turn|2\n|inactive|smp on whimsicott has 30 seconds left.\n|inactive|smp on whimsicott has 20 seconds left.\n|\n|t:|1776569878\n|move|p2a: Sableye|Rain Dance|p2a: Sableye\n|-weather|RainDance\n|move|p1a: Garchomp|Rock Slide|p2a: Sableye|[spread] p2a,p2b\n|-resisted|p2b: Archaludon|1\n|-damage|p2a: Sableye|74/100\n|-damage|p2b: Archaludon|96/100\n|-end|p1b: Mimikyu|confusion\n|move|p1b: Mimikyu|Play Rough|p2a: Sableye\n|-supereffective|p2a: Sableye|1\n|-damage|p2a: Sableye|0 fnt\n|faint|p2a: Sableye\n|move|p2b: Archaludon|Electro Shot||[still]\n|-prepare|p2b: Archaludon|Electro Shot\n|-boost|p2b: Archaludon|spa|1\n|-anim|p2b: Archaludon|Electro Shot|p1b: Mimikyu\n|-damage|p1b: Mimikyu|9/100\n|\n|-weather|RainDance|[upkeep]\n|-damage|p1a: Garchomp|88/100 brn|[from] brn\n|upkeep\n|\n|t:|1776569882\n|switch|p2a: Pelipper|Pelipper, L50, F|100/100\n|turn|3\n|\n|t:|1776569890\n|move|p2a: Pelipper|Wide Guard|p2a: Pelipper\n|-singleturn|p2a: Pelipper|Wide Guard\n|move|p1b: Mimikyu|Shadow Sneak|p2a: Pelipper\n|-damage|p2a: Pelipper|76/100\n|move|p1a: Garchomp|Rock Slide|p2a: Pelipper|[spread] \n|-activate|p2a: Pelipper|move: Wide Guard\n|-activate|p2b: Archaludon|move: Wide Guard\n|move|p2b: Archaludon|Electro Shot||[still]\n|-prepare|p2b: Archaludon|Electro Shot\n|-boost|p2b: Archaludon|spa|1\n|-anim|p2b: Archaludon|Electro Shot|p1b: Mimikyu\n|-damage|p1b: Mimikyu|0 fnt\n|faint|p1b: Mimikyu\n|\n|-weather|RainDance|[upkeep]\n|-damage|p1a: Garchomp|82/100 brn|[from] brn\n|upkeep\n|\n|t:|1776569905\n|switch|p1b: Charizard|Charizard, L50, F|100/100\n|turn|4\n|\n|t:|1776569916\n|switch|p1a: Aerodactyl|Aerodactyl, L50, M|100/100\n|-ability|p1a: Aerodactyl|Unnerve\n|detailschange|p1b: Charizard|Charizard-Mega-Y, L50, F\n|-mega|p1b: Charizard|Charizard|Charizardite Y\n|-weather|SunnyDay|[from] ability: Drought|[of] p1b: Charizard\n|move|p2a: Pelipper|Wide Guard|p2a: Pelipper\n|-singleturn|p2a: Pelipper|Wide Guard\n|move|p1b: Charizard|Weather Ball|p2b: Archaludon\n|-damage|p2b: Archaludon|3/100\n|move|p2b: Archaludon|Dragon Pulse|p1b: Charizard\n|-damage|p1b: Charizard|11/100\n|\n|-weather|SunnyDay|[upkeep]\n|upkeep\n|turn|5\n|-message|Rabbit_soup_ forfeited.\n|\n|win|smp on whimsicott\n|raw|smp on whimsicott's rating: 1425 &rarr; <strong>1443</strong><br />(+18 for winning)\n|raw|Rabbit_soup_'s rating: 1397 &rarr; <strong>1379</strong><br />(-18 for losing)\n|l|\u2606Rabbit_soup_\n|player|p2|\n",
  "uploadtime": 1776569931,
  "views": 13,
  "formatid": "gen9championsvgc2026regma",
  "rating": 1379,
  "private": 0,
  "password": null
}