{
  "id": "gen9championsvgc2026regma-2586001491",
  "format": "[Gen 9 Champions] VGC 2026 Reg M-A",
  "players": [
    "Dudthestud",
    "Unbenlievable"
  ],
  "log": "|j|\u2606Dudthestud\n|j|\u2606Unbenlievable\n|t:|1776389140\n|gametype|doubles\n|player|p1|Dudthestud|169|1282\n|player|p2|Unbenlievable|265|1306\n|gen|9\n|tier|[Gen 9 Champions] VGC 2026 Reg M-A\n|rated|\n|rule|Species Clause: Limit one of each Pok\u00e9mon\n|rule|Item Clause: Limit 1 of each item\n|clearpoke\n|poke|p1|Charizard, L50, F|\n|poke|p1|Milotic, L50, M|\n|poke|p1|Aegislash, L50, M|\n|poke|p1|Sneasler, L50, F|\n|poke|p1|Aerodactyl, L50, F|\n|poke|p1|Sylveon, L50, F|\n|poke|p2|Gyarados, L50, F|\n|poke|p2|Farigiraf, L50, M|\n|poke|p2|Drampa, L50, M|\n|poke|p2|Sinistcha, L50|\n|poke|p2|Kingambit, L50, M|\n|poke|p2|Rhyperior, L50, M|\n|teampreview|4\n|inactive|Battle timer is ON: inactive players will automatically lose when time's up. (requested by Dudthestud)\n|inactive|Dudthestud has 60 seconds left.\n|inactive|Unbenlievable has 60 seconds left.\n|\n|t:|1776389196\n|teamsize|p1|4\n|teamsize|p2|4\n|start\n|switch|p1a: Sneasler|Sneasler, L50, F|100/100\n|switch|p1b: Sylveon|Sylveon, L50, F|100/100\n|switch|p2a: Drampa|Drampa, L50, M|100/100\n|switch|p2b: Sinistcha|Sinistcha, L50|100/100\n|-ability|p2a: Drampa|Cloud Nine\n|turn|1\n|\n|t:|1776389213\n|switch|p2a: George Harrison|Gyarados, L50, F|100/100\n|-ability|p2a: George Harrison|Intimidate|boost\n|-unboost|p1a: Sneasler|atk|1\n|-unboost|p1b: Sylveon|atk|1\n|-enditem|p1a: Sneasler|White Herb\n|-clearnegativeboost|p1a: Sneasler|[silent]\n|move|p1a: Sneasler|Dire Claw|p2b: Sinistcha\n|-damage|p2b: Sinistcha|59/100\n|-status|p2b: Sinistcha|par\n|move|p1b: Sylveon|Hyper Beam|p2b: Sinistcha\n|-damage|p2b: Sinistcha|0 fnt\n|-mustrecharge|p1b: Sylveon\n|faint|p2b: Sinistcha\n|\n|upkeep\n|\n|t:|1776389233\n|switch|p2b: Drampa|Drampa, L50, M|100/100\n|-ability|p2b: Drampa|Cloud Nine\n|turn|2\n|\n|t:|1776389252\n|detailschange|p2b: Drampa|Drampa-Mega, L50, M\n|-mega|p2b: Drampa|Drampa|Drampanite\n|move|p1a: Sneasler|Protect|p1a: Sneasler\n|-singleturn|p1a: Sneasler|Protect\n|move|p2a: George Harrison|Iron Head|p1b: Sylveon\n|-supereffective|p1b: Sylveon|1\n|-damage|p1b: Sylveon|31/100\n|cant|p1b: Sylveon|recharge\n|move|p2b: Drampa|Earth Power|p1a: Sneasler\n|-activate|p1a: Sneasler|move: Protect\n|\n|upkeep\n|turn|3\n|\n|t:|1776389273\n|switch|p1b: Milotic|Milotic, L50, M|100/100\n|move|p2b: Drampa|Protect|p2b: Drampa\n|-singleturn|p2b: Drampa|Protect\n|move|p1a: Sneasler|Close Combat|p2b: Drampa\n|-activate|p2b: Drampa|move: Protect\n|move|p2a: George Harrison|Waterfall|p1a: Sneasler\n|-damage|p1a: Sneasler|22/100\n|\n|upkeep\n|turn|4\n|inactive|Unbenlievable has 30 seconds left.\n|\n|t:|1776389299\n|move|p1a: Sneasler|Close Combat|p2b: Drampa\n|-supereffective|p2b: Drampa|1\n|-damage|p2b: Drampa|0 fnt\n|-unboost|p1a: Sneasler|def|1\n|-unboost|p1a: Sneasler|spd|1\n|faint|p2b: Drampa\n|move|p1b: Milotic|Scald|p2a: George Harrison\n|-resisted|p2a: George Harrison|1\n|-damage|p2a: George Harrison|86/100\n|move|p2a: George Harrison|Crunch|p1b: Milotic\n|-damage|p1b: Milotic|76/100\n|\n|-heal|p1b: Milotic|82/100|[from] item: Leftovers\n|upkeep\n|\n|t:|1776389302\n|switch|p2b: Kingambit|Kingambit, L50, M|100/100\n|turn|5\n|\n|t:|1776389318\n|move|p1a: Sneasler|Protect|p1a: Sneasler\n|-singleturn|p1a: Sneasler|Protect\n|move|p2b: Kingambit|Sucker Punch||[still]\n|-fail|p2b: Kingambit\n|move|p1b: Milotic|Scald|p2a: George Harrison\n|-resisted|p2a: George Harrison|1\n|-damage|p2a: George Harrison|73/100\n|-status|p2a: George Harrison|brn\n|move|p2a: George Harrison|Crunch|p1b: Milotic\n|-damage|p1b: Milotic|70/100\n|\n|-heal|p1b: Milotic|76/100|[from] item: Leftovers\n|-damage|p2a: George Harrison|67/100 brn|[from] brn\n|upkeep\n|turn|6\n|\n|t:|1776389332\n|switch|p1a: Aerodactyl|Aerodactyl, L50, F|100/100\n|-ability|p1a: Aerodactyl|Unnerve\n|move|p1b: Milotic|Scald|p2b: Kingambit\n|-damage|p2b: Kingambit|70/100\n|move|p2a: George Harrison|Crunch|p1b: Milotic\n|-damage|p1b: Milotic|63/100\n|move|p2b: Kingambit|Kowtow Cleave|p1b: Milotic\n|-damage|p1b: Milotic|12/100\n|\n|-heal|p1b: Milotic|18/100|[from] item: Leftovers\n|-damage|p2a: George Harrison|61/100 brn|[from] brn\n|upkeep\n|turn|7\n|\n|t:|1776389348\n|move|p1a: Aerodactyl|Tailwind|p1a: Aerodactyl\n|-sidestart|p1: Dudthestud|move: Tailwind\n|move|p1b: Milotic|Recover|p1b: Milotic\n|-heal|p1b: Milotic|68/100\n|move|p2a: George Harrison|Waterfall|p1a: Aerodactyl\n|-supereffective|p1a: Aerodactyl|1\n|-damage|p1a: Aerodactyl|24/100\n|move|p2b: Kingambit|Kowtow Cleave|p1b: Milotic\n|-damage|p1b: Milotic|10/100\n|\n|-heal|p1b: Milotic|16/100|[from] item: Leftovers\n|-damage|p2a: George Harrison|55/100 brn|[from] brn\n|upkeep\n|turn|8\n|\n|t:|1776389358\n|move|p1a: Aerodactyl|Protect|p1a: Aerodactyl\n|-singleturn|p1a: Aerodactyl|Protect\n|move|p2b: Kingambit|Sucker Punch||[still]\n|-fail|p2b: Kingambit\n|move|p1b: Milotic|Recover|p1b: Milotic\n|-heal|p1b: Milotic|66/100\n|move|p2a: George Harrison|Waterfall|p1a: Aerodactyl\n|-activate|p1a: Aerodactyl|move: Protect\n|\n|-heal|p1b: Milotic|72/100|[from] item: Leftovers\n|-damage|p2a: George Harrison|50/100 brn|[from] brn\n|upkeep\n|turn|9\n|\n|t:|1776389375\n|move|p2a: George Harrison|Protect|p2a: George Harrison\n|-singleturn|p2a: George Harrison|Protect\n|move|p1a: Aerodactyl|Rock Slide|p2b: Kingambit|[spread] \n|-activate|p2a: George Harrison|move: Protect\n|-miss|p1a: Aerodactyl|p2b: Kingambit\n|move|p1b: Milotic|Scald|p2b: Kingambit\n|-damage|p2b: Kingambit|38/100\n|-status|p2b: Kingambit|brn\n|move|p2b: Kingambit|Kowtow Cleave|p1b: Milotic\n|-damage|p1b: Milotic|44/100\n|\n|-heal|p1b: Milotic|50/100|[from] item: Leftovers\n|-damage|p2a: George Harrison|44/100 brn|[from] brn\n|-damage|p2b: Kingambit|32/100 brn|[from] brn\n|upkeep\n|turn|10\n|\n|t:|1776389390\n|move|p1a: Aerodactyl|Rock Slide|p2a: George Harrison|[spread] p2a,p2b\n|-supereffective|p2a: George Harrison|1\n|-resisted|p2b: Kingambit|1\n|-damage|p2a: George Harrison|0 fnt\n|-damage|p2b: Kingambit|23/100 brn\n|faint|p2a: George Harrison\n|move|p1b: Milotic|Recover|p1b: Milotic\n|-heal|p1b: Milotic|99/100\n|move|p2b: Kingambit|Kowtow Cleave|p1b: Milotic\n|-damage|p1b: Milotic|75/100\n|\n|-heal|p1b: Milotic|81/100|[from] item: Leftovers\n|-damage|p2b: Kingambit|17/100 brn|[from] brn\n|-sideend|p1: Dudthestud|move: Tailwind\n|upkeep\n|turn|11\n|\n|t:|1776389401\n|move|p2b: Kingambit|Sucker Punch|p1a: Aerodactyl\n|-damage|p1a: Aerodactyl|0 fnt\n|faint|p1a: Aerodactyl\n|move|p1b: Milotic|Scald|p2b: Kingambit\n|-damage|p2b: Kingambit|0 fnt\n|faint|p2b: Kingambit\n|\n|win|Dudthestud\n|raw|Dudthestud's rating: 1282 &rarr; <strong>1309</strong><br />(+27 for winning)\n|raw|Unbenlievable's rating: 1306 &rarr; <strong>1285</strong><br />(-21 for losing)\n|l|\u2606Unbenlievable\n|player|p2|\n",
  "uploadtime": 1776390100,
  "views": 40,
  "formatid": "gen9championsvgc2026regma",
  "rating": 1285,
  "private": 0,
  "password": null
}