{
  "id": "gen9championsvgc2026regma-2587643068",
  "format": "[Gen 9 Champions] VGC 2026 Reg M-A",
  "players": [
    "Deltanaa",
    "Deterrrrrr"
  ],
  "log": "|j|\u2606Deltanaa\n|j|\u2606Deterrrrrr\n|t:|1776549744\n|gametype|doubles\n|player|p1|Deltanaa|dawn-gen4pt|1041\n|player|p2|Deterrrrrr|cynthia-gen4|1000\n|gen|9\n|tier|[Gen 9 Champions] VGC 2026 Reg M-A\n|rated|\n|rule|Species Clause: Limit one of each Pok\u00e9mon\n|rule|Item Clause: Limit 1 of each item\n|clearpoke\n|poke|p1|Aggron, L50, F|\n|poke|p1|Tyranitar, L50, F|\n|poke|p1|Klefki, L50, M|\n|poke|p1|Glimmora, L50, F|\n|poke|p1|Farigiraf, L50, F|\n|poke|p1|Hatterene, L50, F|\n|poke|p2|Greninja, L50, F, shiny|\n|poke|p2|Incineroar, L50, M|\n|poke|p2|Raichu-Alola, L50, F|\n|poke|p2|Corviknight, L50, F|\n|poke|p2|Milotic, L50, F|\n|poke|p2|Scizor, L50, M|\n|teampreview|4\n|inactive|Battle timer is ON: inactive players will automatically lose when time's up. (requested by Deterrrrrr)\n|inactive|Deltanaa has 60 seconds left.\n|\n|t:|1776549796\n|teamsize|p1|4\n|teamsize|p2|4\n|start\n|switch|p1a: Aggron|Aggron, L50, F|100/100\n|switch|p1b: Klefki|Klefki, L50, M|100/100\n|switch|p2a: Corviknight|Corviknight, L50, F|100/100\n|switch|p2b: Incineroar|Incineroar, L50, M|100/100\n|-ability|p2b: Incineroar|Intimidate|boost\n|-unboost|p1a: Aggron|atk|1\n|-unboost|p1b: Klefki|atk|1\n|turn|1\n|\n|t:|1776549816\n|move|p2b: Incineroar|Fake Out|p1a: Aggron\n|-resisted|p1a: Aggron|2\n|-damage|p1a: Aggron|99/100\n|move|p2a: Corviknight|Taunt|p1b: Klefki\n|-start|p1b: Klefki|move: Taunt\n|-enditem|p1b: Klefki|Mental Herb\n|-end|p1b: Klefki|move: Taunt\n|cant|p1a: Aggron|flinch\n|move|p1b: Klefki|Trick Room|p1b: Klefki\n|-fieldstart|move: Trick Room|[of] p1b: Klefki\n|\n|upkeep\n|turn|2\n|\n|t:|1776549834\n|move|p1b: Klefki|Reflect|p1b: Klefki\n|-sidestart|p1: Deltanaa|Reflect\n|move|p1a: Aggron|Iron Defense|p1a: Aggron\n|-boost|p1a: Aggron|def|2\n|move|p2b: Incineroar|Flare Blitz|p1b: Klefki\n|-supereffective|p1b: Klefki|1\n|-damage|p1b: Klefki|24/100\n|-damage|p2b: Incineroar|84/100|[from] Recoil\n|move|p2a: Corviknight|Tailwind|p2a: Corviknight\n|-sidestart|p2: Deterrrrrr|move: Tailwind\n|\n|upkeep\n|turn|3\n|\n|t:|1776549852\n|switch|p1b: Glimmora|Glimmora, L50, F|100/100\n|move|p1a: Aggron|Body Press|p2b: Incineroar\n|-supereffective|p2b: Incineroar|1\n|-damage|p2b: Incineroar|0 fnt\n|faint|p2b: Incineroar\n|move|p2a: Corviknight|Iron Head|p1b: Glimmora\n|-supereffective|p1b: Glimmora|1\n|-damage|p1b: Glimmora|63/100\n|-activate|p1b: Glimmora|ability: Toxic Debris\n|-sidestart|p2: Deterrrrrr|move: Toxic Spikes\n|\n|upkeep\n|\n|t:|1776549864\n|switch|p2b: Raichu|Raichu-Alola, L50, F|100/100\n|-status|p2b: Raichu|psn\n|turn|4\n|\n|t:|1776549884\n|detailschange|p1a: Aggron|Aggron-Mega, L50, F\n|-mega|p1a: Aggron|Aggron|Aggronite\n|move|p1a: Aggron|Protect|p1a: Aggron\n|-singleturn|p1a: Aggron|Protect\n|move|p2b: Raichu|Fake Out|p1a: Aggron\n|-activate|p1a: Aggron|move: Protect\n|move|p1b: Glimmora|Power Gem|p2a: Corviknight\n|-damage|p2a: Corviknight|63/100\n|move|p2a: Corviknight|Iron Head|p1b: Glimmora\n|-supereffective|p1b: Glimmora|1\n|-damage|p1b: Glimmora|25/100\n|-activate|p1b: Glimmora|ability: Toxic Debris\n|-sidestart|p2: Deterrrrrr|move: Toxic Spikes\n|\n|-damage|p2b: Raichu|88/100 psn|[from] psn\n|upkeep\n|turn|5\n|inactive|Deltanaa has 30 seconds left.\n|\n|t:|1776549916\n|move|p2a: Corviknight|Protect|p2a: Corviknight\n|-singleturn|p2a: Corviknight|Protect\n|move|p2b: Raichu|Protect|p2b: Raichu\n|-singleturn|p2b: Raichu|Protect\n|move|p1a: Aggron|Body Press|p2a: Corviknight\n|-activate|p2a: Corviknight|move: Protect\n|move|p1b: Glimmora|Power Gem|p2a: Corviknight\n|-activate|p2a: Corviknight|move: Protect\n|\n|-damage|p2b: Raichu|76/100 psn|[from] psn\n|-sideend|p2: Deterrrrrr|move: Tailwind\n|-fieldend|move: Trick Room\n|upkeep\n|turn|6\n|inactive|Deterrrrrr has 30 seconds left.\n|inactive|Deltanaa has 30 seconds left.\n|\n|t:|1776549946\n|move|p2b: Raichu|Psychic|p1b: Glimmora\n|-supereffective|p1b: Glimmora|1\n|-damage|p1b: Glimmora|0 fnt\n|faint|p1b: Glimmora\n|move|p2a: Corviknight|Tailwind|p2a: Corviknight\n|-sidestart|p2: Deterrrrrr|move: Tailwind\n|move|p1a: Aggron|Body Press|p2a: Corviknight\n|-damage|p2a: Corviknight|6/100\n|\n|-damage|p2b: Raichu|63/100 psn|[from] psn\n|-sideend|p1: Deltanaa|Reflect\n|upkeep\n|\n|t:|1776549954\n|switch|p1b: Klefki|Klefki, L50, M|24/100\n|turn|7\n|inactive|Deltanaa has 30 seconds left.\n|\n|t:|1776549990\n|switch|p2b: Greninja|Greninja, L50, F, shiny|100/100\n|-status|p2b: Greninja|tox\n|switch|p1b: Hatterene|Hatterene, L50, F|100/100\n|move|p2a: Corviknight|Taunt|p1b: Hatterene\n|move|p1b: Hatterene|Taunt|p2a: Corviknight|[from] ability: Magic Bounce\n|-start|p2a: Corviknight|move: Taunt\n|-enditem|p2a: Corviknight|Mental Herb\n|-end|p2a: Corviknight|move: Taunt\n|move|p1a: Aggron|Body Press|p2a: Corviknight\n|-damage|p2a: Corviknight|0 fnt\n|faint|p2a: Corviknight\n|\n|-damage|p2b: Greninja|94/100 tox|[from] psn\n|upkeep\n|\n|t:|1776550001\n|switch|p2a: Raichu|Raichu-Alola, L50, F|63/100 psn\n|turn|8\n|inactive|Deterrrrrr has 30 seconds left.\n|\n|t:|1776550027\n|move|p1a: Aggron|Protect|p1a: Aggron\n|-singleturn|p1a: Aggron|Protect\n|move|p2a: Raichu|Fake Out|p1a: Aggron\n|-activate|p1a: Aggron|move: Protect\n|move|p2b: Greninja|Surf|p1a: Aggron|[spread] p2a,p1b\n|-start|p2b: Greninja|typechange|Water|[from] ability: Protean\n|-activate|p1a: Aggron|move: Protect\n|-damage|p2a: Raichu|32/100 psn\n|-damage|p1b: Hatterene|77/100\n|move|p1b: Hatterene|Dazzling Gleam|p2b: Greninja|[spread] p2a,p2b\n|-damage|p2a: Raichu|0 fnt\n|-damage|p2b: Greninja|43/100 tox\n|faint|p2a: Raichu\n|\n|-heal|p1b: Hatterene|83/100|[from] item: Leftovers\n|-damage|p2b: Greninja|31/100 tox|[from] psn\n|upkeep\n|turn|9\n|\n|t:|1776550048\n|detailschange|p2b: Greninja|Greninja-Mega, L50, F, shiny\n|-mega|p2b: Greninja|Greninja|Greninjite\n|move|p2b: Greninja|Ice Beam|p1b: Hatterene\n|-start|p2b: Greninja|typechange|Ice|[from] ability: Protean\n|-damage|p1b: Hatterene|36/100\n|move|p1a: Aggron|Body Press|p2b: Greninja\n|-supereffective|p2b: Greninja|1\n|-damage|p2b: Greninja|0 fnt\n|faint|p2b: Greninja\n|\n|win|Deltanaa\n|raw|Deltanaa's rating: 1041 &rarr; <strong>1071</strong><br />(+30 for winning)\n|raw|Deterrrrrr's rating: 1000 &rarr; <strong>1000</strong><br />(+0 for losing)\n|l|\u2606Deterrrrrr\n|player|p2|\n",
  "uploadtime": 1776550056,
  "views": 11,
  "formatid": "gen9championsvgc2026regma",
  "rating": 1000,
  "private": 0,
  "password": null
}