{
  "id": "gen9championsvgc2026regma-2588172059",
  "format": "[Gen 9 Champions] VGC 2026 Reg M-A",
  "players": [
    "dfadDADAD",
    "BossgodoraII"
  ],
  "log": "|j|\u2606dfadDADAD\n|j|\u2606BossgodoraII\n|t:|1776611310\n|gametype|doubles\n|player|p1|dfadDADAD|1|1439\n|player|p2|BossgodoraII|gentleman-gen4|1503\n|gen|9\n|tier|[Gen 9 Champions] VGC 2026 Reg M-A\n|rated|\n|rule|Species Clause: Limit one of each Pok\u00e9mon\n|rule|Item Clause: Limit 1 of each item\n|clearpoke\n|poke|p1|Kommo-o, L50, F|\n|poke|p1|Ninetales-Alola, L50, M|\n|poke|p1|Scizor, L50, M|\n|poke|p1|Sinistcha, L50|\n|poke|p1|Incineroar, L50, M|\n|poke|p1|Palafin, L50, F|\n|poke|p2|Delphox, L50, F|\n|poke|p2|Floette-Eternal, L50, F|\n|poke|p2|Sneasler, L50, F|\n|poke|p2|Aerodactyl, L50, F|\n|poke|p2|Garchomp, L50, M|\n|poke|p2|Kingambit, L50, F|\n|teampreview|4\nBossgodoraII rejected open team sheets.\n|inactive|Battle timer is ON: inactive players will automatically lose when time's up. (requested by dfadDADAD)\n|inactive|BossgodoraII has 60 seconds left.\n|\n|t:|1776611362\n|teamsize|p1|4\n|teamsize|p2|4\n|start\n|switch|p1a: Palafin|Palafin, L50, F|100/100\n|switch|p1b: Ninetales|Ninetales-Alola, L50, M|100/100\n|switch|p2a: Delphox|Delphox, L50, F|100/100\n|switch|p2b: Sneasler|Sneasler, L50, F|100/100\n|-weather|Snowscape|[from] ability: Snow Warning|[of] p1b: Ninetales\n|turn|1\n|\n|t:|1776611382\n|detailschange|p2a: Delphox|Delphox-Mega, L50, F\n|-mega|p2a: Delphox|Delphox|Delphoxite\n|move|p1b: Ninetales|Protect|p1b: Ninetales\n|-singleturn|p1b: Ninetales|Protect\n|move|p2b: Sneasler|Fake Out|p1a: Palafin\n|-damage|p1a: Palafin|83/100\n|move|p2a: Delphox|Psychic|p1a: Palafin\n|-damage|p1a: Palafin|17/100\n|cant|p1a: Palafin|flinch\n|\n|-weather|Snowscape|[upkeep]\n|upkeep\n|turn|2\n|\n|t:|1776611400\n|move|p1a: Palafin|Jet Punch|p2a: Delphox\n|-supereffective|p2a: Delphox|1\n|-damage|p2a: Delphox|21/100\n|move|p2a: Delphox|Heat Wave|p1b: Ninetales|[spread] p1b\n|-miss|p2a: Delphox|p1a: Palafin\n|-supereffective|p1b: Ninetales|1\n|-damage|p1b: Ninetales|7/100\n|move|p1b: Ninetales|Blizzard|p2b: Sneasler|[spread] p2a,p2b\n|-resisted|p2a: Delphox|1\n|-damage|p2a: Delphox|6/100\n|-damage|p2b: Sneasler|59/100\n|move|p2b: Sneasler|Dire Claw|p1b: Ninetales\n|-supereffective|p1b: Ninetales|1\n|-damage|p1b: Ninetales|0 fnt\n|faint|p1b: Ninetales\n|\n|-weather|Snowscape|[upkeep]\n|upkeep\n|\n|t:|1776611413\n|switch|p1b: Scizor|Scizor, L50, M|100/100\n|turn|3\n|\n|t:|1776611426\n|detailschange|p1b: Scizor|Scizor-Mega, L50, M\n|-mega|p1b: Scizor|Scizor|Scizorite\n|move|p2a: Delphox|Protect|p2a: Delphox\n|-singleturn|p2a: Delphox|Protect\n|move|p1a: Palafin|Jet Punch|p2a: Delphox\n|-activate|p2a: Delphox|move: Protect\n|move|p1b: Scizor|Bullet Punch|p2b: Sneasler\n|-damage|p2b: Sneasler|3/100\n|move|p2b: Sneasler|Dire Claw|p1a: Palafin\n|-damage|p1a: Palafin|0 fnt\n|faint|p1a: Palafin\n|\n|-weather|Snowscape|[upkeep]\n|upkeep\n|\n|t:|1776611436\n|switch|p1a: Kommo-o|Kommo-o, L50, F|100/100\n|turn|4\n|\n|t:|1776611445\n|move|p1b: Scizor|Bullet Punch|p2a: Delphox\n|-resisted|p2a: Delphox|1\n|-damage|p2a: Delphox|0 fnt\n|faint|p2a: Delphox\n|move|p2b: Sneasler|Close Combat|p1b: Scizor\n|-damage|p1b: Scizor|54/100\n|-unboost|p2b: Sneasler|def|1\n|-unboost|p2b: Sneasler|spd|1\n|-enditem|p2b: Sneasler|White Herb\n|-clearnegativeboost|p2b: Sneasler|[silent]\n|move|p1a: Kommo-o|Clangorous Soul|p1a: Kommo-o\n|-boost|p1a: Kommo-o|atk|1\n|-boost|p1a: Kommo-o|def|1\n|-boost|p1a: Kommo-o|spa|1\n|-boost|p1a: Kommo-o|spd|1\n|-boost|p1a: Kommo-o|spe|1\n|-damage|p1a: Kommo-o|68/100\n|\n|-weather|Snowscape|[upkeep]\n|upkeep\n|\n|t:|1776611454\n|switch|p2a: Kingambit|Kingambit, L50, F|100/100\n|turn|5\n|\n|t:|1776611467\n|move|p2b: Sneasler|Protect|p2b: Sneasler\n|-singleturn|p2b: Sneasler|Protect\n|move|p1b: Scizor|Bullet Punch|p2b: Sneasler\n|-activate|p2b: Sneasler|move: Protect\n|move|p1a: Kommo-o|Aura Sphere|p2a: Kingambit\n|-supereffective|p2a: Kingambit|2\n|-damage|p2a: Kingambit|0 fnt\n|faint|p2a: Kingambit\n|\n|-weather|none\n|upkeep\n|-message|BossgodoraII forfeited.\n|\n|win|dfadDADAD\n|raw|dfadDADAD's rating: 1439 &rarr; <strong>1463</strong><br />(+24 for winning)\n|raw|BossgodoraII's rating: 1503 &rarr; <strong>1479</strong><br />(-24 for losing)\n",
  "uploadtime": 1776611475,
  "views": 29,
  "formatid": "gen9championsvgc2026regma",
  "rating": 1463,
  "private": 0,
  "password": null
}