{
  "id": "gen9championsvgc2026regma-2586975832",
  "format": "[Gen 9 Champions] VGC 2026 Reg M-A",
  "players": [
    "Cygis11",
    "Dra. Healer"
  ],
  "log": "|j|\u2606Cygis11\n|j|\u2606Dra. Healer\n|t:|1776477398\n|gametype|doubles\n|player|p1|Cygis11|lisia|1130\n|player|p2|Dra. Healer|brycen|1103\n|gen|9\n|tier|[Gen 9 Champions] VGC 2026 Reg M-A\n|rated|\n|rule|Species Clause: Limit one of each Pok\u00e9mon\n|rule|Item Clause: Limit 1 of each item\n|clearpoke\n|poke|p1|Glimmora, L50, F|\n|poke|p1|Ninetales-Alola, L50, M|\n|poke|p1|Starmie, L50|\n|poke|p1|Sinistcha, L50|\n|poke|p1|Hydreigon, L50, M|\n|poke|p1|Orthworm, L50, M|\n|poke|p2|Gallade, L50, M|\n|poke|p2|Banette, L50, F|\n|poke|p2|Alcremie, L50, F|\n|poke|p2|Maushold, L50|\n|poke|p2|Vanilluxe, L50, F|\n|poke|p2|Beartic, L50, F|\n|teampreview|4\n|inactive|Battle timer is ON: inactive players will automatically lose when time's up. (requested by Cygis11)\n|\n|t:|1776477434\n|teamsize|p1|4\n|teamsize|p2|4\n|start\n|switch|p1a: Glimmora|Glimmora, L50, F, shiny|100/100\n|switch|p1b: Orthworm|Orthworm, L50, M, shiny|100/100\n|switch|p2a: Banette|Banette, L50, F|100/100\n|switch|p2b: Gallade|Gallade, L50, M|100/100\n|-item|p1a: Glimmora|Glimmoranite|[from] ability: Frisk|[of] p2a: Banette\n|-item|p1b: Orthworm|Sitrus Berry|[from] ability: Frisk|[of] p2a: Banette\n|turn|1\n|inactive|Dra. Healer has 30 seconds left.\n|inactive|Cygis11 has 30 seconds left.\n|\n|t:|1776477469\n|switch|p1b: Sinistcha|Sinistcha, L50|100/100\n|detailschange|p2a: Banette|Banette-Mega, L50, F\n|-mega|p2a: Banette|Banette|Banettite\n|move|p1a: Glimmora|Power Gem|p2a: Banette\n|-damage|p2a: Banette|53/100\n|move|p2b: Gallade|Brick Break|p1b: Sinistcha\n|-immune|p1b: Sinistcha\n|move|p2a: Banette|Poltergeist|p1a: Glimmora\n|-activate|p1a: Glimmora|move: Poltergeist|Glimmoranite\n|-damage|p1a: Glimmora|13/100\n|-activate|p1a: Glimmora|ability: Toxic Debris\n|-sidestart|p2: Dra. Healer|move: Toxic Spikes\n|\n|upkeep\n|turn|2\n|inactive|Cygis11 has 30 seconds left.\n|inactive|Dra. Healer has 30 seconds left.\n|\n|t:|1776477494\n|move|p1a: Glimmora|Spiky Shield|p1a: Glimmora\n|-singleturn|p1a: Glimmora|move: Protect\n|move|p1b: Sinistcha|Matcha Gotcha|p2a: Banette|[spread] p2a,p2b\n|-damage|p2a: Banette|16/100\n|-damage|p2b: Gallade|73/100\n|move|p2b: Gallade|Brick Break|p1a: Glimmora\n|-activate|p1a: Glimmora|move: Protect\n|-damage|p2b: Gallade|61/100|[from] Spiky Shield|[of] p1a: Glimmora\n|move|p2a: Banette|Poltergeist|p1b: Sinistcha\n|-activate|p1b: Sinistcha|move: Poltergeist|Leftovers\n|-supereffective|p1b: Sinistcha|1\n|-damage|p1b: Sinistcha|0 fnt\n|faint|p1b: Sinistcha\n|\n|upkeep\n|\n|t:|1776477513\n|switch|p1b: Hydreigon|Hydreigon, L50, M|100/100\n|turn|3\n|\n|t:|1776477534\n|move|p2a: Banette|Encore|p1a: Glimmora\n|-start|p1a: Glimmora|Encore\n|move|p1a: Glimmora|Spiky Shield||[still]\n|-fail|p1a: Glimmora\n|move|p1b: Hydreigon|Snarl|p2b: Gallade|[spread] p2a,p2b\n|-supereffective|p2a: Banette|1\n|-damage|p2a: Banette|0 fnt\n|-damage|p2b: Gallade|42/100\n|-unboost|p2b: Gallade|spa|1\n|-ability|p2b: Gallade|Justified|boost\n|-boost|p2b: Gallade|atk|1\n|faint|p2a: Banette\n|move|p2b: Gallade|Trick Room|p2b: Gallade\n|-fieldstart|move: Trick Room|[of] p2b: Gallade\n|\n|upkeep\n|\n|t:|1776477558\n|switch|p2a: Alcremie|Alcremie, L50, F|100/100\n|-status|p2a: Alcremie|psn\n|turn|4\n|\n|t:|1776477567\n|switch|p1a: Orthworm|Orthworm, L50, M, shiny|100/100\n|move|p2a: Alcremie|Psychic|p1a: Orthworm\n|-resisted|p1a: Orthworm|1\n|-damage|p1a: Orthworm|74/100\n|move|p2b: Gallade|Brick Break|p1b: Hydreigon\n|-supereffective|p1b: Hydreigon|1\n|-damage|p1b: Hydreigon|0 fnt\n|faint|p1b: Hydreigon\n|\n|-damage|p2a: Alcremie|88/100 psn|[from] psn\n|upkeep\n|\n|t:|1776477574\n|switch|p1b: Glimmora|Glimmora, L50, F, shiny|13/100\n|turn|5\n|\n|t:|1776477591\n|detailschange|p1b: Glimmora|Glimmora-Mega, L50, F, shiny\n|-mega|p1b: Glimmora|Glimmora|Glimmoranite\n|move|p2a: Alcremie|Psychic|p1b: Glimmora\n|-supereffective|p1b: Glimmora|1\n|-damage|p1b: Glimmora|0 fnt\n|faint|p1b: Glimmora\n|move|p1a: Orthworm|Iron Defense|p1a: Orthworm\n|-boost|p1a: Orthworm|def|2\n|move|p2b: Gallade|Brick Break|p1a: Orthworm\n|-supereffective|p1a: Orthworm|1\n|-damage|p1a: Orthworm|39/100\n|-enditem|p1a: Orthworm|Sitrus Berry|[eat]\n|-heal|p1a: Orthworm|64/100|[from] item: Sitrus Berry\n|\n|-damage|p2a: Alcremie|76/100 psn|[from] psn\n|upkeep\n|turn|6\n|\n|t:|1776477607\n|move|p2a: Alcremie|Decorate|p2b: Gallade\n|-boost|p2b: Gallade|atk|2\n|-boost|p2b: Gallade|spa|2\n|move|p1a: Orthworm|Body Press|p2b: Gallade\n|-resisted|p2b: Gallade|1\n|-damage|p2b: Gallade|0 fnt\n|faint|p2b: Gallade\n|\n|-damage|p2a: Alcremie|64/100 psn|[from] psn\n|upkeep\n|\n|t:|1776477616\n|switch|p2b: Vanilluxe|Vanilluxe, L50, F|100/100\n|-status|p2b: Vanilluxe|psn\n|-weather|Snowscape|[from] ability: Snow Warning|[of] p2b: Vanilluxe\n|turn|7\n|\n|t:|1776477634\n|move|p2a: Alcremie|Mystical Fire|p1a: Orthworm\n|-supereffective|p1a: Orthworm|1\n|-damage|p1a: Orthworm|0 fnt\n|faint|p1a: Orthworm\n|\n|win|Dra. Healer\n|raw|Cygis11's rating: 1130 &rarr; <strong>1103</strong><br />(-27 for losing)\n|raw|Dra. Healer's rating: 1103 &rarr; <strong>1130</strong><br />(+27 for winning)\n|l|\u2606Cygis11\n|player|p1|\n",
  "uploadtime": 1776477641,
  "views": 17,
  "formatid": "gen9championsvgc2026regma",
  "rating": 1103,
  "private": 0,
  "password": null
}