{
  "id": "gen9championsvgc2026regma-2584693174",
  "format": "[Gen 9 Champions] VGC 2026 Reg M-A",
  "players": [
    "bsqe",
    "lfdgm"
  ],
  "log": "|j|\u2606bsqe\n|j|\u2606lfdgm\n|t:|1776277195\n|gametype|doubles\n|player|p1|bsqe|drayden|1051\n|player|p2|lfdgm|skyla|1073\n|gen|9\n|tier|[Gen 9 Champions] VGC 2026 Reg M-A\n|rated|\n|rule|Species Clause: Limit one of each Pok\u00e9mon\n|rule|Item Clause: Limit 1 of each item\n|clearpoke\n|poke|p1|Froslass, L50, F|\n|poke|p1|Ninetales-Alola, L50, F|\n|poke|p1|Aerodactyl, L50, M|\n|poke|p1|Incineroar, L50, M|\n|poke|p1|Lucario, L50, F|\n|poke|p1|Rotom-Wash, L50|\n|poke|p2|Drampa, L50, F|\n|poke|p2|Audino, L50, M|\n|poke|p2|Sinistcha, L50|\n|poke|p2|Pelipper, L50, M|\n|poke|p2|Aegislash, L50, M|\n|poke|p2|Basculegion, L50, M|\n|teampreview|4\n|\n|t:|1776277209\n|teamsize|p1|4\n|teamsize|p2|4\n|start\n|switch|p1a: Rotom|Rotom-Wash, L50|100/100\n|switch|p1b: Aerodactyl|Aerodactyl, L50, M|100/100\n|switch|p2a: Pelipper|Pelipper, L50, M|100/100\n|switch|p2b: Aegislash|Aegislash, L50, M|100/100\n|-ability|p1b: Aerodactyl|Unnerve\n|-weather|RainDance|[from] ability: Drizzle|[of] p2a: Pelipper\n|turn|1\n|\n|t:|1776277241\n|move|p1a: Rotom|Volt Switch|p2a: Pelipper\n|-supereffective|p2a: Pelipper|2\n|-damage|p2a: Pelipper|0 fnt\n|faint|p2a: Pelipper\n|\n|t:|1776277246\n|switch|p1a: Froslass|Froslass, L50, F|100/100|[from] Volt Switch\n|move|p1b: Aerodactyl|Tailwind|p1b: Aerodactyl\n|-sidestart|p1: bsqe|move: Tailwind\n|-formechange|p2b: Aegislash|Aegislash-Blade|\n|move|p2b: Aegislash|Iron Head|p1b: Aerodactyl\n|-supereffective|p1b: Aerodactyl|1\n|-enditem|p1b: Aerodactyl|Focus Sash\n|-damage|p1b: Aerodactyl|1/100\n|\n|-weather|RainDance|[upkeep]\n|upkeep\n|\n|t:|1776277256\n|switch|p2a: Audino|Audino, L50, M|100/100\n|turn|2\n|\n|t:|1776277272\n|detailschange|p1a: Froslass|Froslass-Mega, L50, F\n|-mega|p1a: Froslass|Froslass|Froslassite\n|-weather|Snowscape|[from] ability: Snow Warning|[of] p1a: Froslass\n|move|p1a: Froslass|Protect|p1a: Froslass\n|-singleturn|p1a: Froslass|Protect\n|-formechange|p2b: Aegislash|Aegislash|\n|move|p2b: Aegislash|King's Shield|p2b: Aegislash\n|-singleturn|p2b: Aegislash|Protect\n|move|p1b: Aerodactyl|Rock Slide|p2a: Audino|[spread] p2a\n|-activate|p2b: Aegislash|move: Protect\n|-damage|p2a: Audino|81/100\n|cant|p2a: Audino|flinch\n|\n|-weather|Snowscape|[upkeep]\n|upkeep\n|turn|3\n|\n|t:|1776277294\n|move|p1b: Aerodactyl|Protect|p1b: Aerodactyl\n|-singleturn|p1b: Aerodactyl|Protect\n|move|p2a: Audino|Ally Switch|p2a: Audino\n|swap|p2a: Audino|1|[from] move: Ally Switch\n|move|p1a: Froslass|Shadow Ball|p2b: Audino\n|-immune|p2b: Audino\n|-formechange|p2a: Aegislash|Aegislash-Blade|\n|move|p2a: Aegislash|Iron Head|p1a: Froslass\n|-supereffective|p1a: Froslass|1\n|-crit|p1a: Froslass\n|-damage|p1a: Froslass|0 fnt\n|faint|p1a: Froslass\n|\n|-weather|Snowscape|[upkeep]\n|upkeep\n|\n|t:|1776277311\n|switch|p1a: Rotom|Rotom-Wash, L50|100/100\n|turn|4\n|\n|t:|1776277334\n|-formechange|p2a: Aegislash|Aegislash|\n|move|p2a: Aegislash|King's Shield|p2a: Aegislash\n|-singleturn|p2a: Aegislash|Protect\n|move|p1a: Rotom|Dark Pulse|p2a: Aegislash\n|-activate|p2a: Aegislash|move: Protect\n|move|p1b: Aerodactyl|Rock Slide|p2a: Aegislash|[spread] p2b\n|-activate|p2a: Aegislash|move: Protect\n|-damage|p2b: Audino|63/100\n|move|p2b: Audino|Trick Room|p2b: Audino\n|-fieldstart|move: Trick Room|[of] p2b: Audino\n|\n|-weather|Snowscape|[upkeep]\n|-sideend|p1: bsqe|move: Tailwind\n|upkeep\n|turn|5\n|\n|t:|1776277359\n|move|p1b: Aerodactyl|Protect|p1b: Aerodactyl\n|-singleturn|p1b: Aerodactyl|Protect\n|move|p2b: Audino|Wish|p2b: Audino\n|-formechange|p2a: Aegislash|Aegislash-Blade|\n|move|p2a: Aegislash|Psycho Cut|p1a: Rotom\n|-damage|p1a: Rotom|64/100\n|move|p1a: Rotom|Dark Pulse|p2b: Audino\n|-damage|p2b: Audino|43/100\n|\n|-weather|Snowscape|[upkeep]\n|upkeep\n|turn|6\n|\n|t:|1776277380\n|move|p2b: Audino|Encore|p1b: Aerodactyl\n|-start|p1b: Aerodactyl|Encore\n|move|p1b: Aerodactyl|Protect|p1b: Aerodactyl\n|-singleturn|p1b: Aerodactyl|Protect\n|move|p2a: Aegislash|Psycho Cut|p1a: Rotom\n|-damage|p1a: Rotom|27/100\n|move|p1a: Rotom|Dark Pulse|p2b: Audino\n|-damage|p2b: Audino|24/100\n|\n|-weather|none\n|-heal|p2b: Audino|74/100|[from] move: Wish|[wisher] Audino\n|upkeep\n|turn|7\n|\n|t:|1776277395\n|move|p1b: Aerodactyl|Protect|p1b: Aerodactyl\n|-singleturn|p1b: Aerodactyl|Protect\n|move|p2b: Audino|Wish|p2b: Audino\n|move|p2a: Aegislash|Psycho Cut|p1a: Rotom\n|-damage|p1a: Rotom|0 fnt\n|faint|p1a: Rotom\n|\n|upkeep\n|\n|t:|1776277404\n|switch|p1a: Lucario|Lucario, L50, F|100/100\n|turn|8\n|-message|bsqe forfeited.\n|\n|win|lfdgm\n|raw|bsqe's rating: 1051 &rarr; <strong>1034</strong><br />(-17 for losing)\n|raw|lfdgm's rating: 1073 &rarr; <strong>1100</strong><br />(+27 for winning)\n|l|\u2606bsqe\n|player|p1|\n",
  "uploadtime": 1776277413,
  "views": 21,
  "formatid": "gen9championsvgc2026regma",
  "rating": 1034,
  "private": 0,
  "password": null
}