{
  "id": "gen9championsvgc2026regma-2581862834",
  "format": "[Gen 9 Champions] VGC 2026 Reg M-A",
  "players": [
    "chaelk",
    "Dux-El52"
  ],
  "log": "|j|\u2606chaelk\n|j|\u2606Dux-El52\n|t:|1776034676\n|gametype|doubles\n|player|p1|chaelk|2|1226\n|player|p2|Dux-El52|102|1320\n|gen|9\n|tier|[Gen 9 Champions] VGC 2026 Reg M-A\n|rated|\n|rule|Species Clause: Limit one of each Pok\u00e9mon\n|rule|Item Clause: Limit 1 of each item\n|clearpoke\n|poke|p1|Floette-Eternal, L50, F|\n|poke|p1|Aerodactyl, L50, M|\n|poke|p1|Incineroar, L50, M|\n|poke|p1|Garchomp, L50, M|\n|poke|p1|Rotom-Mow, L50|\n|poke|p1|Farigiraf, L50, M|\n|poke|p2|Floette-Eternal, L50, F|\n|poke|p2|Incineroar, L50, F|\n|poke|p2|Farigiraf, L50, F|\n|poke|p2|Garchomp, L50, M|\n|poke|p2|Volcarona, L50, M|\n|poke|p2|Aerodactyl, L50, F|\n|teampreview|4\n|inactive|Battle timer is ON: inactive players will automatically lose when time's up. (requested by chaelk)\n|inactive|chaelk has 60 seconds left.\n|\n|t:|1776034711\n|teamsize|p1|4\n|teamsize|p2|4\n|start\n|switch|p1a: Aerodactyl|Aerodactyl, L50, M|100/100\n|switch|p1b: Rotom|Rotom-Mow, L50|100/100\n|switch|p2a: Volcarona|Volcarona, L50, M, shiny|100/100\n|switch|p2b: Aerodactyl|Aerodactyl, L50, F, shiny|100/100\n|-ability|p2b: Aerodactyl|Unnerve\n|-ability|p1a: Aerodactyl|Unnerve\n|turn|1\n|\n|t:|1776034730\n|move|p1a: Aerodactyl|Rock Slide|p2b: Aerodactyl|[spread] p2a,p2b\n|-supereffective|p2a: Volcarona|2\n|-supereffective|p2b: Aerodactyl|1\n|-damage|p2a: Volcarona|0 fnt\n|-damage|p2b: Aerodactyl|23/100\n|faint|p2a: Volcarona\n|move|p2b: Aerodactyl|Tailwind|p2b: Aerodactyl\n|-sidestart|p2: Dux-El52|move: Tailwind\n|move|p1b: Rotom|Volt Switch|p2b: Aerodactyl\n|-supereffective|p2b: Aerodactyl|1\n|-damage|p2b: Aerodactyl|0 fnt\n|faint|p2b: Aerodactyl\n|\n|t:|1776034754\n|switch|p1b: Floette|Floette-Eternal, L50, F|100/100|[from] Volt Switch\n|\n|upkeep\n|\n|t:|1776034759\n|switch|p2b: Floette|Floette-Eternal, L50, F|100/100\n|switch|p2a: Farigiraf|Farigiraf, L50, F, shiny|100/100\n|turn|2\n|inactive|chaelk has 30 seconds left.\n|inactive|chaelk has 20 seconds left.\n|inactive|chaelk has 15 seconds left.\n|inactive|chaelk has 10 seconds left.\n|inactive|chaelk has 5 seconds left.\n|\n|t:|1776034809\n|detailschange|p2b: Floette|Floette-Mega, L50, F\n|-mega|p2b: Floette|Floette|Floettite\n|-ability|p2b: Floette|Fairy Aura\n|detailschange|p1b: Floette|Floette-Mega, L50, F\n|-mega|p1b: Floette|Floette|Floettite\n|-ability|p1b: Floette|Fairy Aura\n|move|p2a: Farigiraf|Helping Hand|p2b: Floette\n|-singleturn|p2b: Floette|Helping Hand|[of] p2a: Farigiraf\n|move|p1b: Floette|Protect|p1b: Floette\n|-singleturn|p1b: Floette|Protect\n|move|p2b: Floette|Moonblast|p1b: Floette\n|-activate|p1b: Floette|move: Protect\n|move|p1a: Aerodactyl|Tailwind|p1a: Aerodactyl\n|-sidestart|p1: chaelk|move: Tailwind\n|\n|upkeep\n|turn|3\n|inactive|Dux-El52 has 30 seconds left.\n|inactive|Dux-El52 has 20 seconds left.\n|\n|t:|1776034847\n|move|p1a: Aerodactyl|Rock Slide|p2a: Farigiraf|[spread] p2a,p2b\n|-damage|p2a: Farigiraf|74/100\n|-damage|p2b: Floette|65/100\n|move|p2b: Floette|Dazzling Gleam|p1a: Aerodactyl|[spread] p1a,p1b\n|-damage|p1a: Aerodactyl|31/100\n|-damage|p1b: Floette|60/100\n|move|p1b: Floette|Moonblast|p2b: Floette\n|-damage|p2b: Floette|4/100\n|move|p2a: Farigiraf|Hyper Voice|p1b: Floette|[spread] p1a,p1b\n|-resisted|p1a: Aerodactyl|1\n|-damage|p1a: Aerodactyl|6/100\n|-damage|p1b: Floette|29/100\n|\n|upkeep\n|turn|4\n|\n|t:|1776034869\n|move|p2b: Floette|Protect|p2b: Floette\n|-singleturn|p2b: Floette|Protect\n|move|p1a: Aerodactyl|Rock Slide|p2a: Farigiraf|[spread] p2a\n|-activate|p2b: Floette|move: Protect\n|-damage|p2a: Farigiraf|49/100\n|move|p1b: Floette|Moonblast|p2a: Farigiraf\n|-damage|p2a: Farigiraf|0 fnt\n|faint|p2a: Farigiraf\n|\n|-sideend|p2: Dux-El52|move: Tailwind\n|upkeep\n|turn|5\n|-message|Dux-El52 forfeited.\n|\n|win|chaelk\n|raw|chaelk's rating: 1226 &rarr; <strong>1258</strong><br />(+32 for winning)\n|raw|Dux-El52's rating: 1320 &rarr; <strong>1295</strong><br />(-25 for losing)\n|l|\u2606Dux-El52\n|player|p2|\n|l|\u2606chaelk\n|player|p1|\n",
  "uploadtime": 1776035305,
  "views": 20,
  "formatid": "gen9championsvgc2026regma",
  "rating": 1258,
  "private": 0,
  "password": null
}