{
  "id": "gen9championsvgc2026regma-2588219392",
  "format": "[Gen 9 Champions] VGC 2026 Reg M-A",
  "players": [
    "Fake344",
    "SDLT 2KRL March"
  ],
  "log": "|raw|<div class=\"broadcast-blue\"><strong>This battle is required to be public due to a player having a name starting with 'sdlt'.</div>\n|j|\u2606Fake344\n|j|\u2606SDLT 2KRL March\n|t:|1776615468\n|gametype|doubles\n|player|p1|Fake344|clair|1229\n|player|p2|SDLT 2KRL March|valerie|1138\n|gen|9\n|tier|[Gen 9 Champions] VGC 2026 Reg M-A\n|rated|\n|rule|Species Clause: Limit one of each Pok\u00e9mon\n|rule|Item Clause: Limit 1 of each item\n|clearpoke\n|poke|p1|Gardevoir, L50, F, shiny|\n|poke|p1|Incineroar, L50, F, shiny|\n|poke|p1|Basculegion, L50, M|\n|poke|p1|Sneasler, L50, F|\n|poke|p1|Garchomp, L50, M|\n|poke|p1|Talonflame, L50, M, shiny|\n|poke|p2|Kangaskhan, L50, F, shiny|\n|poke|p2|Farigiraf, L50, M, shiny|\n|poke|p2|Talonflame, L50, F, shiny|\n|poke|p2|Floette-Eternal, L50, F|\n|poke|p2|Sneasler, L50, M, shiny|\n|poke|p2|Basculegion, L50, M|\n|teampreview|4\n|inactive|Battle timer is ON: inactive players will automatically lose when time's up. (requested by SDLT 2KRL March)\n|inactive|Fake344 has 60 seconds left.\n|inactive|Fake344 has 30 seconds left.\n|inactive|Fake344 has 20 seconds left.\n|inactive|Fake344 has 15 seconds left.\n|\n|t:|1776615545\n|teamsize|p1|4\n|teamsize|p2|4\n|start\n|switch|p1a: Sneasler|Sneasler, L50, F|100/100\n|switch|p1b: Basculegion|Basculegion, L50, M|100/100\n|switch|p2a: Ryoiki Tenkai|Farigiraf, L50, M, shiny|100/100\n|switch|p2b: Kangaskhan|Kangaskhan, L50, F, shiny|100/100\n|turn|1\n|\n|t:|1776615558\n|move|p2b: Kangaskhan|Fake Out|p1b: Basculegion\n|-damage|p1b: Basculegion|77/100\n|cant|p1b: Basculegion|flinch\n|move|p1a: Sneasler|Close Combat|p2b: Kangaskhan\n|-supereffective|p2b: Kangaskhan|1\n|-damage|p2b: Kangaskhan|0 fnt\n|-unboost|p1a: Sneasler|def|1\n|-unboost|p1a: Sneasler|spd|1\n|faint|p2b: Kangaskhan\n|-enditem|p1a: Sneasler|White Herb\n|-clearnegativeboost|p1a: Sneasler|[silent]\n|move|p2a: Ryoiki Tenkai|Trick Room|p2a: Ryoiki Tenkai\n|-fieldstart|move: Trick Room|[of] p2a: Ryoiki Tenkai\n|\n|upkeep\n|inactive|SDLT 2KRL March has 30 seconds left.\n|inactive|SDLT 2KRL March has 20 seconds left.\n|inactive|SDLT 2KRL March has 15 seconds left.\n|\n|t:|1776615600\n|switch|p2b: Basculegion|Basculegion, L50, M|100/100\n|turn|2\n|\n|t:|1776615617\n|switch|p1b: Incineroar|Incineroar, L50, F, shiny|100/100\n|-ability|p1b: Incineroar|Intimidate|boost\n|-unboost|p2a: Ryoiki Tenkai|atk|1\n|-unboost|p2b: Basculegion|atk|1\n|move|p1a: Sneasler|Protect|p1a: Sneasler\n|-singleturn|p1a: Sneasler|Protect\n|move|p2a: Ryoiki Tenkai|Psychic|p1a: Sneasler\n|-activate|p1a: Sneasler|move: Protect\n|move|p2b: Basculegion|Last Respects|p1b: Incineroar\n|-resisted|p1b: Incineroar|1\n|-damage|p1b: Incineroar|83/100\n|\n|upkeep\n|turn|3\n|inactive|Fake344 has 30 seconds left.\n|\n|t:|1776615645\n|switch|p1b: Basculegion|Basculegion, L50, M|77/100\n|switch|p1a: Garchomp|Garchomp, L50, M|100/100\n|move|p2a: Ryoiki Tenkai|Psychic|p1a: Garchomp\n|-damage|p1a: Garchomp|52/100\n|move|p2b: Basculegion|Wave Crash|p1b: Basculegion\n|-resisted|p1b: Basculegion|1\n|-damage|p1b: Basculegion|33/100\n|-damage|p2b: Basculegion|88/100|[from] Recoil\n|\n|upkeep\n|turn|4\n|\n|t:|1776615668\n|switch|p1b: Incineroar|Incineroar, L50, F, shiny|83/100\n|-ability|p1b: Incineroar|Intimidate|boost\n|-unboost|p2a: Ryoiki Tenkai|atk|1\n|-unboost|p2b: Basculegion|atk|1\n|move|p2a: Ryoiki Tenkai|Shadow Ball|p1b: Incineroar\n|-resisted|p1b: Incineroar|1\n|-damage|p1b: Incineroar|70/100\n|move|p2b: Basculegion|Wave Crash|p1a: Garchomp\n|-damage|p1a: Garchomp|3/100\n|-damage|p2b: Basculegion|75/100|[from] ability: Rough Skin|[of] p1a: Garchomp\n|-damage|p2b: Basculegion|61/100|[from] Recoil\n|move|p1a: Garchomp|Rock Slide|p2a: Ryoiki Tenkai|[spread] p2b\n|-miss|p1a: Garchomp|p2a: Ryoiki Tenkai\n|-damage|p2b: Basculegion|40/100\n|\n|upkeep\n|turn|5\n|\n|t:|1776615685\n|move|p1a: Garchomp|Protect|p1a: Garchomp\n|-singleturn|p1a: Garchomp|Protect\n|move|p2b: Basculegion|Aqua Jet|p1b: Incineroar\n|-supereffective|p1b: Incineroar|1\n|-damage|p1b: Incineroar|38/100\n|move|p2a: Ryoiki Tenkai|Hyper Voice|p1a: Garchomp|[spread] p1b\n|-activate|p1a: Garchomp|move: Protect\n|-damage|p1b: Incineroar|8/100\n|move|p1b: Incineroar|Throat Chop|p2b: Basculegion\n|-supereffective|p2b: Basculegion|1\n|-damage|p2b: Basculegion|0 fnt\n|faint|p2b: Basculegion\n|\n|-fieldend|move: Trick Room\n|upkeep\n|\n|t:|1776615693\n|switch|p2b: Athena|Talonflame, L50, F, shiny|100/100\n|turn|6\n|\n|t:|1776615699\n|move|p2b: Athena|Tailwind|p2b: Athena\n|-sidestart|p2: SDLT 2KRL March|move: Tailwind\n|move|p1a: Garchomp|Rock Slide|p2b: Athena|[spread] p2b\n|-miss|p1a: Garchomp|p2a: Ryoiki Tenkai\n|-supereffective|p2b: Athena|2\n|-damage|p2b: Athena|0 fnt\n|faint|p2b: Athena\n|move|p2a: Ryoiki Tenkai|Hyper Voice|p1a: Garchomp|[spread] p1a,p1b\n|-damage|p1a: Garchomp|0 fnt\n|-damage|p1b: Incineroar|0 fnt\n|faint|p1a: Garchomp\n|faint|p1b: Incineroar\n|\n|upkeep\n|\n|t:|1776615709\n|switch|p1a: Basculegion|Basculegion, L50, M|33/100\n|switch|p1b: Sneasler|Sneasler, L50, F|100/100\n|turn|7\n|\n|t:|1776615718\n|move|p1a: Basculegion|Wave Crash|p2a: Ryoiki Tenkai\n|-damage|p2a: Ryoiki Tenkai|25/100\n|-damage|p1a: Basculegion|6/100|[from] Recoil\n|move|p1b: Sneasler|Close Combat|p2a: Ryoiki Tenkai\n|-damage|p2a: Ryoiki Tenkai|0 fnt\n|-unboost|p1b: Sneasler|def|1\n|-unboost|p1b: Sneasler|spd|1\n|faint|p2a: Ryoiki Tenkai\n|\n|win|Fake344\n|raw|Fake344's rating: 1229 &rarr; <strong>1251</strong><br />(+22 for winning)\n|raw|SDLT 2KRL March's rating: 1183 &rarr; <strong>1161</strong><br />(-22 for losing)\n",
  "uploadtime": 1776615718,
  "views": 8,
  "formatid": "gen9championsvgc2026regma",
  "rating": 1161,
  "private": 0,
  "password": null
}