{
  "id": "gen9championsvgc2026regma-2583824360",
  "format": "[Gen 9 Champions] VGC 2026 Reg M-A",
  "players": [
    "chumimaster",
    "bugawup"
  ],
  "log": "|j|\u2606chumimaster\n|j|\u2606bugawup\n|t:|1776200585\n|gametype|doubles\n|player|p1|chumimaster|acetrainersnowf|1093\n|player|p2|bugawup|colress|1035\n|gen|9\n|tier|[Gen 9 Champions] VGC 2026 Reg M-A\n|rated|\n|rule|Species Clause: Limit one of each Pok\u00e9mon\n|rule|Item Clause: Limit 1 of each item\n|clearpoke\n|poke|p1|Gengar, L50, F|\n|poke|p1|Sinistcha, L50|\n|poke|p1|Kingambit, L50, F|\n|poke|p1|Ninetales-Alola, L50, F|\n|poke|p1|Sneasler, L50, M|\n|poke|p1|Talonflame, L50, F|\n|poke|p2|Meowscarada, L50, F|\n|poke|p2|Lucario, L50, M|\n|poke|p2|Glimmora, L50, M|\n|poke|p2|Avalugg-Hisui, L50, M|\n|poke|p2|Zoroark-Hisui, L50, F|\n|poke|p2|Whimsicott, L50, F|\n|teampreview|4\n|\n|t:|1776200626\n|teamsize|p1|4\n|teamsize|p2|4\n|start\n|switch|p1a: Sneasler|Sneasler, L50, M|100/100\n|switch|p1b: Talonflame|Talonflame, L50, F|100/100\n|switch|p2a: Texas|Lucario, L50, M|100/100\n|switch|p2b: Kyubalt|Whimsicott, L50, F, shiny|100/100\n|turn|1\n|inactive|Battle timer is ON: inactive players will automatically lose when time's up. (requested by bugawup)\n|\n|t:|1776200640\n|move|p2b: Kyubalt|Taunt|p1b: Talonflame\n|-start|p1b: Talonflame|move: Taunt\n|cant|p1b: Talonflame|move: Taunt|Tailwind\n|move|p1a: Sneasler|Close Combat|p2a: Texas\n|-immune|p2a: Texas\n|move|p2a: Texas|Bitter Malice|p1a: Sneasler\n|-damage|p1a: Sneasler|35/100\n|-unboost|p1a: Sneasler|atk|1\n|-enditem|p1a: Sneasler|White Herb\n|-clearnegativeboost|p1a: Sneasler|[silent]\n|\n|upkeep\n|turn|2\n|c|\u2606chumimaster|ooooooohhhh\n|c|\u2606chumimaster|nice\n|inactive|chumimaster has 30 seconds left.\n|\n|t:|1776200674\n|move|p2b: Kyubalt|Tailwind|p2b: Kyubalt\n|-sidestart|p2: bugawup|move: Tailwind\n|move|p1b: Talonflame|Dual Wingbeat|p2a: Texas\n|-damage|p2a: Texas|72/100\n|replace|p2a: Lappland|Zoroark-Hisui, L50, F, shiny\n|-end|p2a: Lappland|Illusion\n|-damage|p2a: Lappland|45/100\n|-hitcount|p2a: Lappland|2\n|move|p1a: Sneasler|Dire Claw|p2b: Kyubalt\n|-supereffective|p2b: Kyubalt|2\n|-enditem|p2b: Kyubalt|Focus Sash\n|-damage|p2b: Kyubalt|1/100\n|move|p2a: Lappland|Hyper Voice|p1a: Sneasler|[spread] p1a,p1b\n|-damage|p1a: Sneasler|0 fnt\n|-damage|p1b: Talonflame|57/100\n|faint|p1a: Sneasler\n|\n|upkeep\n|\n|t:|1776200689\n|switch|p1a: Kingambit|Kingambit, L50, F|100/100\n|turn|3\n|\n|t:|1776200710\n|move|p1a: Kingambit|Sucker Punch||[still]\n|-fail|p1a: Kingambit\n|move|p2b: Kyubalt|Shadow Ball|p1b: Talonflame\n|-damage|p1b: Talonflame|33/100\n|move|p2a: Lappland|Curse|p1a: Kingambit\n|-start|p1a: Kingambit|Curse|[of] p2a: Lappland\n|-damage|p2a: Lappland|0 fnt\n|faint|p2a: Lappland\n|move|p1b: Talonflame|Flare Blitz|p2b: Kyubalt\n|-supereffective|p2b: Kyubalt|1\n|-damage|p2b: Kyubalt|0 fnt\n|faint|p2b: Kyubalt\n|-damage|p1b: Talonflame|33/100|[from] Recoil\n|\n|-damage|p1a: Kingambit|76/100|[from] Curse\n|-end|p1b: Talonflame|move: Taunt\n|upkeep\n|\n|t:|1776200728\n|switch|p2b: Texas|Lucario, L50, M|100/100\n|switch|p2a: Dozer|Avalugg-Hisui, L50, M|100/100\n|turn|4\n|inactive|bugawup has 30 seconds left.\n|inactive|bugawup has 20 seconds left.\n|inactive|bugawup has 15 seconds left.\n|\n|t:|1776200768\n|switch|p1a: Gengar|Gengar, L50, F|100/100\n|detailschange|p2b: Texas|Lucario-Mega, L50, M\n|-mega|p2b: Texas|Lucario|Lucarionite\n|move|p2b: Texas|Protect|p2b: Texas\n|-singleturn|p2b: Texas|Protect\n|move|p1b: Talonflame|Tailwind|p1b: Talonflame\n|-sidestart|p1: chumimaster|move: Tailwind\n|move|p2a: Dozer|Rock Slide|p1a: Gengar|[spread] p1a,p1b\n|-supereffective|p1b: Talonflame|2\n|-crit|p1b: Talonflame\n|-damage|p1a: Gengar|59/100\n|-damage|p1b: Talonflame|0 fnt\n|faint|p1b: Talonflame\n|\n|upkeep\n|\n|t:|1776200780\n|switch|p1b: Kingambit|Kingambit, L50, F|76/100\n|turn|5\n|\n|t:|1776200796\n|detailschange|p1a: Gengar|Gengar-Mega, L50, F\n|-mega|p1a: Gengar|Gengar|Gengarite\n|move|p1b: Kingambit|Protect|p1b: Kingambit\n|-singleturn|p1b: Kingambit|Protect\n|move|p2b: Texas|Dark Pulse|p1a: Gengar\n|-supereffective|p1a: Gengar|1\n|-damage|p1a: Gengar|0 fnt\n|faint|p1a: Gengar\n|move|p2a: Dozer|Body Press|p1b: Kingambit\n|-activate|p1b: Kingambit|move: Protect\n|\n|-sideend|p2: bugawup|move: Tailwind\n|upkeep\n|turn|6\n|-message|chumimaster forfeited.\n|\n|win|bugawup\n|raw|chumimaster's rating: 1093 &rarr; <strong>1065</strong><br />(-28 for losing)\n|raw|bugawup's rating: 1035 &rarr; <strong>1075</strong><br />(+40 for winning)\n|l|\u2606chumimaster\n|player|p1|\n",
  "uploadtime": 1776200818,
  "views": 17,
  "formatid": "gen9championsvgc2026regma",
  "rating": 1065,
  "private": 0,
  "password": null
}