{
  "id": "gen9championsvgc2026regma-2587987719",
  "format": "[Gen 9 Champions] VGC 2026 Reg M-A",
  "players": [
    "brojonski",
    "Max dray"
  ],
  "log": "|j|\u2606brojonski\n|j|\u2606Max dray\n|t:|1776589212\n|gametype|doubles\n|player|p1|brojonski|brock|1338\n|player|p2|Max dray|1|1351\n|gen|9\n|tier|[Gen 9 Champions] VGC 2026 Reg M-A\n|rated|\n|rule|Species Clause: Limit one of each Pok\u00e9mon\n|rule|Item Clause: Limit 1 of each item\n|clearpoke\n|poke|p1|Kommo-o, L50, M|\n|poke|p1|Gengar, L50, F|\n|poke|p1|Tyranitar, L50, M|\n|poke|p1|Incineroar, L50, M|\n|poke|p1|Sinistcha, L50|\n|poke|p1|Excadrill, L50, M|\n|poke|p2|Froslass, L50, F|\n|poke|p2|Dragonite, L50, M, shiny|\n|poke|p2|Basculegion, L50, M|\n|poke|p2|Pelipper, L50, M, shiny|\n|poke|p2|Milotic, L50, F|\n|poke|p2|Rotom-Frost, L50, shiny|\n|teampreview|4\n|inactive|Battle timer is ON: inactive players will automatically lose when time's up. (requested by brojonski)\n|inactive|Max dray also wants the timer to be on.\n|inactive|brojonski has 60 seconds left.\n|\n|t:|1776589264\n|teamsize|p1|4\n|teamsize|p2|4\n|start\n|switch|p1a: Kommo-o|Kommo-o, L50, M|100/100\n|switch|p1b: Gengar|Gengar, L50, F|100/100\n|switch|p2a: Milotic|Milotic, L50, F|100/100\n|switch|p2b: Dragonite|Dragonite, L50, M, shiny|100/100\n|turn|1\n|\n|t:|1776589281\n|detailschange|p1b: Gengar|Gengar-Mega, L50, F\n|-mega|p1b: Gengar|Gengar|Gengarite\n|detailschange|p2b: Dragonite|Dragonite-Mega, L50, M, shiny\n|-mega|p2b: Dragonite|Dragonite|Dragoninite\n|move|p1a: Kommo-o|Protect|p1a: Kommo-o\n|-singleturn|p1a: Kommo-o|Protect\n|move|p1b: Gengar|Will-O-Wisp|p2b: Dragonite\n|-status|p2b: Dragonite|brn\n|move|p2b: Dragonite|Draco Meteor|p1a: Kommo-o\n|-activate|p1a: Kommo-o|move: Protect\n|move|p2a: Milotic|Icy Wind|p1a: Kommo-o|[spread] p1b\n|-activate|p1a: Kommo-o|move: Protect\n|-damage|p1b: Gengar|87/100\n|-unboost|p1b: Gengar|spe|1\n|\n|-damage|p2b: Dragonite|95/100 brn|[from] brn\n|upkeep\n|turn|2\n|inactive|brojonski has 30 seconds left.\n|inactive|brojonski has 20 seconds left.\n|\n|t:|1776589317\n|switch|p1a: Tyranitar|Tyranitar, L50, M|100/100\n|-weather|Sandstorm|[from] ability: Sand Stream|[of] p1a: Tyranitar\n|move|p2b: Dragonite|Draco Meteor|p1a: Tyranitar\n|-damage|p1a: Tyranitar|47/100\n|-unboost|p2b: Dragonite|spa|2\n|move|p1b: Gengar|Sludge Bomb|p2b: Dragonite\n|-damage|p2b: Dragonite|48/100 brn\n|move|p2a: Milotic|Icy Wind|p1a: Tyranitar|[spread] p1a,p1b\n|-damage|p1a: Tyranitar|39/100\n|-damage|p1b: Gengar|72/100\n|-unboost|p1a: Tyranitar|spe|1\n|-unboost|p1b: Gengar|spe|1\n|\n|-weather|Sandstorm|[upkeep]\n|-damage|p2b: Dragonite|42/100 brn|[from] Sandstorm\n|-damage|p2a: Milotic|95/100|[from] Sandstorm\n|-damage|p1b: Gengar|66/100|[from] Sandstorm\n|-heal|p2a: Milotic|100/100|[from] item: Leftovers\n|-damage|p2b: Dragonite|36/100 brn|[from] brn\n|upkeep\n|turn|3\n|inactive|Max dray has 30 seconds left.\n|inactive|brojonski has 30 seconds left.\n|\n|t:|1776589354\n|move|p2b: Dragonite|Hurricane|p1b: Gengar\n|-damage|p1b: Gengar|18/100\n|move|p1a: Tyranitar|Rock Slide|p2a: Milotic|[spread] p2a,p2b\n|-supereffective|p2b: Dragonite|1\n|-damage|p2a: Milotic|64/100\n|-damage|p2b: Dragonite|0 fnt\n|faint|p2b: Dragonite\n|move|p2a: Milotic|Scald|p1b: Gengar\n|-damage|p1b: Gengar|0 fnt\n|faint|p1b: Gengar\n|\n|-weather|Sandstorm|[upkeep]\n|-damage|p2a: Milotic|58/100|[from] Sandstorm\n|-heal|p2a: Milotic|64/100|[from] item: Leftovers\n|upkeep\n|\n|t:|1776589371\n|switch|p1b: Kommo-o|Kommo-o, L50, M|100/100\n|switch|p2b: Pelipper|Pelipper, L50, M, shiny|100/100\n|-weather|RainDance|[from] ability: Drizzle|[of] p2b: Pelipper\n|turn|4\n|\n|t:|1776589391\n|switch|p1a: Sinistcha|Sinistcha, L50|100/100\n|move|p2b: Pelipper|Wide Guard|p2b: Pelipper\n|-singleturn|p2b: Pelipper|Wide Guard\n|move|p1b: Kommo-o|Clangorous Soul|p1b: Kommo-o\n|-boost|p1b: Kommo-o|atk|1\n|-boost|p1b: Kommo-o|def|1\n|-boost|p1b: Kommo-o|spa|1\n|-boost|p1b: Kommo-o|spd|1\n|-boost|p1b: Kommo-o|spe|1\n|-damage|p1b: Kommo-o|68/100\n|move|p2a: Milotic|Icy Wind|p1b: Kommo-o|[spread] p1a,p1b\n|-supereffective|p1a: Sinistcha|1\n|-supereffective|p1b: Kommo-o|1\n|-damage|p1a: Sinistcha|81/100\n|-damage|p1b: Kommo-o|51/100\n|-unboost|p1a: Sinistcha|spe|1\n|-unboost|p1b: Kommo-o|spe|1\n|\n|-weather|RainDance|[upkeep]\n|-heal|p1b: Kommo-o|57/100|[from] item: Leftovers\n|-heal|p2a: Milotic|70/100|[from] item: Leftovers\n|upkeep\n|turn|5\n|\n|t:|1776589412\n|move|p1a: Sinistcha|Rage Powder|p1a: Sinistcha\n|-singleturn|p1a: Sinistcha|move: Rage Powder\n|move|p1b: Kommo-o|Aura Sphere|p2a: Milotic\n|-damage|p2a: Milotic|30/100\n|move|p2b: Pelipper|Hurricane|p1a: Sinistcha\n|-supereffective|p1a: Sinistcha|1\n|-damage|p1a: Sinistcha|6/100\n|-start|p1a: Sinistcha|confusion\n|-enditem|p1a: Sinistcha|Sitrus Berry|[eat]\n|-heal|p1a: Sinistcha|30/100|[from] item: Sitrus Berry\n|move|p2a: Milotic|Icy Wind|p1a: Sinistcha|[spread] p1a,p1b\n|-supereffective|p1a: Sinistcha|1\n|-supereffective|p1b: Kommo-o|1\n|-damage|p1a: Sinistcha|11/100\n|-damage|p1b: Kommo-o|41/100\n|-unboost|p1a: Sinistcha|spe|1\n|-unboost|p1b: Kommo-o|spe|1\n|\n|-weather|RainDance|[upkeep]\n|-heal|p2a: Milotic|36/100|[from] item: Leftovers\n|-heal|p1b: Kommo-o|47/100|[from] item: Leftovers\n|upkeep\n|turn|6\n|inactive|brojonski has 30 seconds left.\n|inactive|brojonski has 20 seconds left.\n|\n|t:|1776589452\n|switch|p1a: Tyranitar|Tyranitar, L50, M|39/100\n|-weather|Sandstorm|[from] ability: Sand Stream|[of] p1a: Tyranitar\n|move|p2b: Pelipper|Hurricane|p1b: Kommo-o\n|-supereffective|p1b: Kommo-o|1\n|-damage|p1b: Kommo-o|0 fnt\n|faint|p1b: Kommo-o\n|move|p2a: Milotic|Icy Wind|p1a: Tyranitar\n|-damage|p1a: Tyranitar|29/100\n|-unboost|p1a: Tyranitar|spe|1\n|\n|-weather|Sandstorm|[upkeep]\n|-damage|p2b: Pelipper|95/100|[from] Sandstorm\n|-damage|p2a: Milotic|30/100|[from] Sandstorm\n|-heal|p2a: Milotic|36/100|[from] item: Leftovers\n|upkeep\n|-message|brojonski forfeited.\n|\n|win|Max dray\n|raw|brojonski's rating: 1338 &rarr; <strong>1319</strong><br />(-19 for losing)\n|raw|Max dray's rating: 1351 &rarr; <strong>1370</strong><br />(+19 for winning)\n",
  "uploadtime": 1776589468,
  "views": 19,
  "formatid": "gen9championsvgc2026regma",
  "rating": 1319,
  "private": 0,
  "password": null
}