{
  "id": "gen9championsvgc2026regma-2586536810",
  "format": "[Gen 9 Champions] VGC 2026 Reg M-A",
  "players": [
    "SalSanty",
    "Yamifist"
  ],
  "log": "|j|\u2606SalSanty\n|j|\u2606Yamifist\n|t:|1776441460\n|gametype|doubles\n|player|p1|SalSanty|170|1142\n|player|p2|Yamifist|ingo|1164\n|gen|9\n|tier|[Gen 9 Champions] VGC 2026 Reg M-A\n|rated|\n|rule|Species Clause: Limit one of each Pok\u00e9mon\n|rule|Item Clause: Limit 1 of each item\n|clearpoke\n|poke|p1|Tyranitar, L50, M|\n|poke|p1|Milotic, L50, M|\n|poke|p1|Excadrill, L50, F|\n|poke|p1|Rotom-Heat, L50|\n|poke|p1|Sinistcha, L50|\n|poke|p1|Gardevoir, L50, M|\n|poke|p2|Dragapult, L50, M|\n|poke|p2|Dragonite, L50, M|\n|poke|p2|Hydreigon, L50, M|\n|poke|p2|Aggron, L50, M|\n|poke|p2|Sneasler, L50, F|\n|poke|p2|Sinistcha, L50|\n|teampreview|4\n|inactive|Battle timer is ON: inactive players will automatically lose when time's up. (requested by Yamifist)\n|inactive|SalSanty has 60 seconds left.\n|inactive|SalSanty has 30 seconds left.\n|inactive|SalSanty has 20 seconds left.\n|\n|t:|1776441533\n|teamsize|p1|4\n|teamsize|p2|4\n|start\n|switch|p1a: Gardevoir|Gardevoir, L50, M|100/100\n|switch|p1b: Tyranitar|Tyranitar, L50, M|100/100\n|switch|p2a: Dragapult|Dragapult, L50, M, shiny|100/100\n|switch|p2b: Sneasler|Sneasler, L50, F|100/100\n|-weather|Sandstorm|[from] ability: Sand Stream|[of] p1b: Tyranitar\n|turn|1\n|\n|t:|1776441548\n|move|p2a: Dragapult|Shadow Ball|p1a: Gardevoir\n|-supereffective|p1a: Gardevoir|1\n|-crit|p1a: Gardevoir\n|-damage|p1a: Gardevoir|0 fnt\n|faint|p1a: Gardevoir\n|move|p2b: Sneasler|Dire Claw|p1b: Tyranitar\n|-resisted|p1b: Tyranitar|1\n|-damage|p1b: Tyranitar|81/100\n|move|p1b: Tyranitar|Dragon Dance|p1b: Tyranitar\n|-boost|p1b: Tyranitar|atk|1\n|-boost|p1b: Tyranitar|spe|1\n|\n|-weather|Sandstorm|[upkeep]\n|-damage|p2a: Dragapult|94/100|[from] Sandstorm\n|-damage|p2b: Sneasler|95/100|[from] Sandstorm\n|upkeep\n|\n|t:|1776441562\n|switch|p1a: Excadrill|Excadrill, L50, F|100/100\n|turn|2\n|\n|t:|1776441589\n|move|p2a: Dragapult|Protect|p2a: Dragapult\n|-singleturn|p2a: Dragapult|Protect\n|move|p1b: Tyranitar|Protect|p1b: Tyranitar\n|-singleturn|p1b: Tyranitar|Protect\n|move|p1a: Excadrill|Earthquake|p2b: Sneasler|[spread] p2b\n|-activate|p1b: Tyranitar|move: Protect\n|-activate|p2a: Dragapult|move: Protect\n|-supereffective|p2b: Sneasler|1\n|-damage|p2b: Sneasler|0 fnt\n|faint|p2b: Sneasler\n|\n|-weather|Sandstorm|[upkeep]\n|-damage|p2a: Dragapult|88/100|[from] Sandstorm\n|upkeep\n|\n|t:|1776441600\n|switch|p2b: Aggron|Aggron, L50, M|100/100\n|turn|3\n|inactive|SalSanty has 30 seconds left.\n|\n|t:|1776441629\n|detailschange|p2b: Aggron|Aggron-Mega, L50, M\n|-mega|p2b: Aggron|Aggron|Aggronite\n|move|p1a: Excadrill|Swords Dance|p1a: Excadrill\n|-boost|p1a: Excadrill|atk|2\n|move|p2a: Dragapult|Draco Meteor|p1a: Excadrill\n|-resisted|p1a: Excadrill|1\n|-damage|p1a: Excadrill|52/100\n|-unboost|p2a: Dragapult|spa|2\n|move|p1b: Tyranitar|Knock Off|p2a: Dragapult\n|-supereffective|p2a: Dragapult|1\n|-damage|p2a: Dragapult|0 fnt\n|-enditem|p2a: Dragapult|Dragon Fang|[from] move: Knock Off|[of] p1b: Tyranitar\n|faint|p2a: Dragapult\n|move|p2b: Aggron|Body Press|p1a: Excadrill\n|-supereffective|p1a: Excadrill|1\n|-damage|p1a: Excadrill|0 fnt\n|faint|p1a: Excadrill\n|\n|-weather|Sandstorm|[upkeep]\n|upkeep\n|\n|t:|1776441646\n|switch|p2a: Sinistcha|Sinistcha, L50|100/100\n|switch|p1a: Milotic|Milotic, L50, M|100/100\n|turn|4\n|\n|t:|1776441665\n|detailschange|p1b: Tyranitar|Tyranitar-Mega, L50, M\n|-mega|p1b: Tyranitar|Tyranitar|Tyranitarite\n|move|p1b: Tyranitar|Protect|p1b: Tyranitar\n|-singleturn|p1b: Tyranitar|Protect\n|move|p1a: Milotic|Scald|p2b: Aggron\n|-damage|p2b: Aggron|72/100\n|move|p2a: Sinistcha|Matcha Gotcha|p1a: Milotic|[spread] p1a\n|-activate|p1b: Tyranitar|move: Protect\n|-supereffective|p1a: Milotic|1\n|-damage|p1a: Milotic|66/100\n|move|p2b: Aggron|Body Press|p1a: Milotic\n|-damage|p1a: Milotic|31/100\n|\n|-weather|Sandstorm|[upkeep]\n|-damage|p1a: Milotic|25/100|[from] Sandstorm\n|-damage|p2a: Sinistcha|95/100|[from] Sandstorm\n|-heal|p1a: Milotic|31/100|[from] item: Leftovers\n|upkeep\n|turn|5\n|\n|t:|1776441686\n|move|p1b: Tyranitar|Rock Slide|p2b: Aggron|[spread] p2a,p2b\n|-crit|p2a: Sinistcha\n|-resisted|p2b: Aggron|1\n|-damage|p2a: Sinistcha|38/100\n|-damage|p2b: Aggron|60/100\n|move|p1a: Milotic|Ice Beam|p2a: Sinistcha\n|-supereffective|p2a: Sinistcha|1\n|-damage|p2a: Sinistcha|0 fnt\n|faint|p2a: Sinistcha\n|cant|p2b: Aggron|flinch\n|\n|-weather|none\n|-heal|p1a: Milotic|38/100|[from] item: Leftovers\n|upkeep\n|turn|6\n|\n|t:|1776441701\n|move|p1b: Tyranitar|Rock Slide|p2b: Aggron\n|-resisted|p2b: Aggron|1\n|-damage|p2b: Aggron|46/100\n|move|p1a: Milotic|Scald|p2b: Aggron\n|-damage|p2b: Aggron|18/100\n|-status|p2b: Aggron|brn\n|move|p2b: Aggron|Body Press|p1a: Milotic\n|-damage|p1a: Milotic|20/100\n|\n|-heal|p1a: Milotic|26/100|[from] item: Leftovers\n|-damage|p2b: Aggron|12/100 brn|[from] brn\n|upkeep\n|turn|7\n|-message|Yamifist forfeited.\n|\n|win|SalSanty\n|raw|SalSanty's rating: 1142 &rarr; <strong>1169</strong><br />(+27 for winning)\n|raw|Yamifist's rating: 1164 &rarr; <strong>1137</strong><br />(-27 for losing)\n|l|\u2606Yamifist\n|player|p2|\n|c|\u2606SalSanty|gg\n",
  "uploadtime": 1776441720,
  "views": 23,
  "formatid": "gen9championsvgc2026regma",
  "rating": 1137,
  "private": 0,
  "password": null
}