{
  "id": "gen9championsvgc2026regma-2583771538",
  "format": "[Gen 9 Champions] VGC 2026 Reg M-A",
  "players": [
    "Mashndrow",
    "pebelll"
  ],
  "log": "|j|\u2606Mashndrow\n|j|\u2606pebelll\n|t:|1776196609\n|gametype|doubles\n|player|p1|Mashndrow|bugcatcher-gen4dp|1001\n|player|p2|pebelll|170|1000\n|gen|9\n|tier|[Gen 9 Champions] VGC 2026 Reg M-A\n|rated|\n|rule|Species Clause: Limit one of each Pok\u00e9mon\n|rule|Item Clause: Limit 1 of each item\n|clearpoke\n|poke|p1|Arcanine-Hisui, L50, M|\n|poke|p1|Serperior, L50, F|\n|poke|p1|Clefable, L50, F|\n|poke|p1|Sneasler, L50, M|\n|poke|p2|Mimikyu, L50, M|\n|poke|p2|Golurk, L50|\n|poke|p2|Farigiraf, L50, M|\n|poke|p2|Aggron, L50, M|\n|poke|p2|Pelipper, L50, M|\n|poke|p2|Aegislash, L50, M|\n|teampreview|4\n|inactive|Battle timer is ON: inactive players will automatically lose when time's up. (requested by Mashndrow)\n|\n|t:|1776196638\n|teamsize|p1|4\n|teamsize|p2|4\n|start\n|switch|p1a: Arcanine|Arcanine-Hisui, L50, M|100/100\n|switch|p1b: Serperior|Serperior, L50, F|100/100\n|switch|p2a: Mimikyu|Mimikyu, L50, M|100/100\n|switch|p2b: Pelipper|Pelipper, L50, M|100/100\n|-weather|RainDance|[from] ability: Drizzle|[of] p2b: Pelipper\n|-ability|p1a: Arcanine|Intimidate|boost\n|-unboost|p2a: Mimikyu|atk|1\n|-unboost|p2b: Pelipper|atk|1\n|turn|1\n|\n|t:|1776196659\n|move|p2b: Pelipper|Weather Ball|p1a: Arcanine\n|-supereffective|p1a: Arcanine|2\n|-enditem|p1a: Arcanine|Focus Sash\n|-damage|p1a: Arcanine|1/100\n|move|p1b: Serperior|Leaf Storm|p2b: Pelipper\n|-damage|p2b: Pelipper|38/100\n|-boost|p1b: Serperior|spa|2\n|move|p1a: Arcanine|Rock Slide|p2b: Pelipper|[spread] p2a,p2b\n|-supereffective|p2b: Pelipper|1\n|-activate|p2a: Mimikyu|ability: Disguise\n|-damage|p2a: Mimikyu|100/100\n|-damage|p2b: Pelipper|0 fnt\n|detailschange|p2a: Mimikyu|Mimikyu-Busted, L50, M\n|-damage|p2a: Mimikyu|88/100|[from] pokemon: Mimikyu-Busted\n|faint|p2b: Pelipper\n|move|p2a: Mimikyu|Trick Room|p2a: Mimikyu\n|-fieldstart|move: Trick Room|[of] p2a: Mimikyu\n|\n|-weather|RainDance|[upkeep]\n|upkeep\n|\n|t:|1776196673\n|switch|p2b: Golurk|Golurk, L50|100/100\n|turn|2\n|inactive|Mashndrow has 30 seconds left.\n|\n|t:|1776196703\n|switch|p1a: Clefable|Clefable, L50, F|100/100\n|detailschange|p2b: Golurk|Golurk-Mega, L50\n|-mega|p2b: Golurk|Golurk|Golurkite\n|move|p1b: Serperior|Protect|p1b: Serperior\n|-singleturn|p1b: Serperior|Protect\n|move|p2b: Golurk|Poltergeist|p1b: Serperior\n|-activate|p1b: Serperior|move: Protect\n|move|p2a: Mimikyu|Play Rough|p1a: Clefable\n|-damage|p1a: Clefable|81/100\n|\n|-weather|RainDance|[upkeep]\n|-heal|p1a: Clefable|87/100|[from] item: Leftovers\n|upkeep\n|turn|3\n|c|\u2606Mashndrow|i thought unseen fist did %25 damage\n|inactive|Mashndrow has 30 seconds left.\n|inactive|pebelll has 30 seconds left.\n|inactive|Mashndrow has 20 seconds left.\n|\n|t:|1776196740\n|move|p1a: Clefable|Follow Me|p1a: Clefable\n|-singleturn|p1a: Clefable|move: Follow Me\n|move|p2b: Golurk|Poltergeist|p1a: Clefable\n|-activate|p1a: Clefable|move: Poltergeist|Leftovers\n|-damage|p1a: Clefable|29/100\n|move|p2a: Mimikyu|Play Rough|p1a: Clefable\n|-damage|p1a: Clefable|8/100\n|move|p1b: Serperior|Leaf Storm|p2b: Golurk\n|-supereffective|p2b: Golurk|1\n|-damage|p2b: Golurk|0 fnt\n|-boost|p1b: Serperior|spa|2\n|faint|p2b: Golurk\n|\n|-weather|RainDance|[upkeep]\n|-heal|p1a: Clefable|14/100|[from] item: Leftovers\n|upkeep\n|\n|t:|1776196752\n|switch|p2b: Aegislash|Aegislash, L50, M|100/100\n|turn|4\n|\n|t:|1776196763\n|move|p1a: Clefable|Protect|p1a: Clefable\n|-singleturn|p1a: Clefable|Protect\n|move|p1b: Serperior|Protect|p1b: Serperior\n|-singleturn|p1b: Serperior|Protect\n|move|p2b: Aegislash|Swords Dance|p2b: Aegislash\n|-boost|p2b: Aegislash|atk|2\n|move|p2a: Mimikyu|Play Rough|p1a: Clefable\n|-activate|p1a: Clefable|move: Protect\n|\n|-weather|RainDance|[upkeep]\n|-heal|p1a: Clefable|20/100|[from] item: Leftovers\n|upkeep\n|turn|5\n|inactive|Mashndrow has 30 seconds left.\n|\n|t:|1776196792\n|move|p1a: Clefable|Follow Me|p1a: Clefable\n|-singleturn|p1a: Clefable|move: Follow Me\n|-formechange|p2b: Aegislash|Aegislash-Blade|\n|move|p2b: Aegislash|Gyro Ball|p1a: Clefable\n|-supereffective|p1a: Clefable|1\n|-damage|p1a: Clefable|0 fnt\n|faint|p1a: Clefable\n|move|p2a: Mimikyu|Play Rough|p1b: Serperior\n|-damage|p1b: Serperior|68/100\n|move|p1b: Serperior|Leaf Storm|p2a: Mimikyu\n|-damage|p2a: Mimikyu|0 fnt\n|-boost|p1b: Serperior|spa|2\n|faint|p2a: Mimikyu\n|\n|-weather|none\n|-fieldend|move: Trick Room\n|upkeep\n|\n|t:|1776196803\n|switch|p1a: Arcanine|Arcanine-Hisui, L50, M|1/100\n|-ability|p1a: Arcanine|Intimidate|boost\n|-unboost|p2b: Aegislash|atk|1\n|turn|6\n|\n|t:|1776196815\n|move|p2b: Aegislash|Shadow Sneak|p1a: Arcanine\n|-damage|p1a: Arcanine|0 fnt\n|faint|p1a: Arcanine\n|move|p1b: Serperior|Glare|p2b: Aegislash\n|-status|p2b: Aegislash|par\n|\n|upkeep\n|\n|t:|1776196817\n|switch|p1a: Sneasler|Sneasler, L50, M|100/100\n|turn|7\n|\n|t:|1776196829\n|-formechange|p2b: Aegislash|Aegislash|\n|move|p2b: Aegislash|King's Shield|p2b: Aegislash\n|-singleturn|p2b: Aegislash|Protect\n|move|p1a: Sneasler|Throat Chop|p2b: Aegislash\n|-activate|p2b: Aegislash|move: Protect\n|-unboost|p1a: Sneasler|atk|1\n|-enditem|p1a: Sneasler|White Herb\n|-clearnegativeboost|p1a: Sneasler|[silent]\n|move|p1b: Serperior|Leaf Storm|p2b: Aegislash\n|-activate|p2b: Aegislash|move: Protect\n|\n|upkeep\n|turn|8\n|inactive|pebelll has 30 seconds left.\n|\n|t:|1776196857\n|move|p1a: Sneasler|Throat Chop|p2b: Aegislash\n|-supereffective|p2b: Aegislash|1\n|-damage|p2b: Aegislash|60/100 par\n|-start|p2b: Aegislash|Throat Chop|[silent]\n|move|p1b: Serperior|Leaf Storm|p2b: Aegislash\n|-resisted|p2b: Aegislash|1\n|-damage|p2b: Aegislash|0 fnt\n|faint|p2b: Aegislash\n|\n|win|Mashndrow\n|raw|Mashndrow's rating: 1001 &rarr; <strong>1041</strong><br />(+40 for winning)\n|raw|pebelll's rating: 1000 &rarr; <strong>1000</strong><br />(+0 for losing)\n|l|\u2606pebelll\n|player|p2|\n|c|\u2606Mashndrow|gg\n",
  "uploadtime": 1776196866,
  "views": 17,
  "formatid": "gen9championsvgc2026regma",
  "rating": 1000,
  "private": 0,
  "password": null
}