{
  "id": "gen9championsvgc2026regma-2588417058",
  "format": "[Gen 9 Champions] VGC 2026 Reg M-A",
  "players": [
    "Sheepsoft",
    "tyfgujhbk"
  ],
  "log": "|j|\u2606Sheepsoft\n|j|\u2606tyfgujhbk\n|t:|1776631735\n|gametype|doubles\n|player|p1|Sheepsoft|maid|1269\n|player|p2|tyfgujhbk|265|1363\n|gen|9\n|tier|[Gen 9 Champions] VGC 2026 Reg M-A\n|rated|\n|rule|Species Clause: Limit one of each Pok\u00e9mon\n|rule|Item Clause: Limit 1 of each item\n|clearpoke\n|poke|p1|Hydreigon, L50, M|\n|poke|p1|Aegislash, L50, M|\n|poke|p1|Floette-Eternal, L50, F|\n|poke|p1|Rotom-Wash, L50|\n|poke|p1|Volcarona, L50, F|\n|poke|p1|Sneasler, L50, F|\n|poke|p2|Floette-Eternal, L50, F|\n|poke|p2|Aerodactyl, L50, F|\n|poke|p2|Aegislash, L50, M|\n|poke|p2|Basculegion, L50, M|\n|poke|p2|Volcarona, L50, F|\n|poke|p2|Incineroar, L50, F|\n|teampreview|4\n|inactive|Battle timer is ON: inactive players will automatically lose when time's up. (requested by tyfgujhbk)\n|inactive|Sheepsoft has 60 seconds left.\n|\n|t:|1776631775\n|teamsize|p1|4\n|teamsize|p2|4\n|start\n|switch|p1a: Rotom|Rotom-Wash, L50|100/100\n|switch|p1b: Sneasler|Sneasler, L50, F|100/100\n|switch|p2a: Floette|Floette-Eternal, L50, F|100/100\n|switch|p2b: Aerodactyl|Aerodactyl, L50, F|100/100\n|-ability|p2b: Aerodactyl|Unnerve\n|turn|1\n|\n|t:|1776631795\n|move|p2b: Aerodactyl|Protect|p2b: Aerodactyl\n|-singleturn|p2b: Aerodactyl|Protect\n|move|p2a: Floette|Protect|p2a: Floette\n|-singleturn|p2a: Floette|Protect\n|move|p1a: Rotom|Electroweb|p2a: Floette|[spread] \n|-activate|p2a: Floette|move: Protect\n|-activate|p2b: Aerodactyl|move: Protect\n|move|p1b: Sneasler|Close Combat|p2b: Aerodactyl\n|-activate|p2b: Aerodactyl|move: Protect\n|\n|upkeep\n|turn|2\n|\n|t:|1776631813\n|switch|p2b: Aegislash|Aegislash, L50, M|100/100\n|detailschange|p2a: Floette|Floette-Mega, L50, F\n|-mega|p2a: Floette|Floette|Floettite\n|-ability|p2a: Floette|Fairy Aura\n|move|p1a: Rotom|Electroweb|p2a: Floette|[spread] p2a,p2b\n|-damage|p2a: Floette|87/100\n|-damage|p2b: Aegislash|84/100\n|-unboost|p2a: Floette|spe|1\n|-unboost|p2b: Aegislash|spe|1\n|move|p1b: Sneasler|Close Combat|p2b: Aegislash\n|-immune|p2b: Aegislash\n|move|p2a: Floette|Light of Ruin|p1a: Rotom\n|-damage|p1a: Rotom|0 fnt\n|faint|p1a: Rotom\n|-damage|p2a: Floette|47/100|[from] Recoil\n|\n|-heal|p2b: Aegislash|90/100|[from] item: Leftovers\n|upkeep\n|\n|t:|1776631833\n|switch|p1a: Aegislash|Aegislash, L50, M|100/100\n|turn|3\n|\n|t:|1776631841\n|switch|p2a: Aerodactyl|Aerodactyl, L50, F|100/100\n|-ability|p2a: Aerodactyl|Unnerve\n|move|p2b: Aegislash|King's Shield|p2b: Aegislash\n|-singleturn|p2b: Aegislash|Protect\n|move|p1b: Sneasler|Coaching|p1a: Aegislash\n|-boost|p1a: Aegislash|atk|1\n|-boost|p1a: Aegislash|def|1\n|-formechange|p1a: Aegislash|Aegislash-Blade|\n|move|p1a: Aegislash|Flash Cannon|p2a: Aerodactyl\n|-supereffective|p2a: Aerodactyl|1\n|-enditem|p2a: Aerodactyl|Focus Sash\n|-damage|p2a: Aerodactyl|1/100\n|-unboost|p2a: Aerodactyl|spd|1\n|\n|-heal|p2b: Aegislash|96/100|[from] item: Leftovers\n|upkeep\n|turn|4\n|inactive|Sheepsoft has 30 seconds left.\n|\n|t:|1776631868\n|-formechange|p1a: Aegislash|Aegislash|\n|move|p1a: Aegislash|King's Shield|p1a: Aegislash\n|-singleturn|p1a: Aegislash|Protect\n|move|p2a: Aerodactyl|Tailwind|p2a: Aerodactyl\n|-sidestart|p2: tyfgujhbk|move: Tailwind\n|move|p1b: Sneasler|Close Combat|p2a: Aerodactyl\n|-damage|p2a: Aerodactyl|0 fnt\n|-unboost|p1b: Sneasler|def|1\n|-unboost|p1b: Sneasler|spd|1\n|faint|p2a: Aerodactyl\n|-enditem|p1b: Sneasler|White Herb\n|-clearnegativeboost|p1b: Sneasler|[silent]\n|-formechange|p2b: Aegislash|Aegislash-Blade|\n|move|p2b: Aegislash|Poltergeist|p1a: Aegislash\n|-activate|p1a: Aegislash|move: Protect\n|\n|-heal|p2b: Aegislash|100/100|[from] item: Leftovers\n|upkeep\n|\n|t:|1776631878\n|switch|p2a: Floette|Floette-Mega, L50, F|47/100\n|-ability|p2a: Floette|Fairy Aura\n|turn|5\n|\n|t:|1776631895\n|move|p1b: Sneasler|Dire Claw|p2a: Floette\n|-supereffective|p2a: Floette|1\n|-damage|p2a: Floette|0 fnt\n|faint|p2a: Floette\n|move|p2b: Aegislash|Poltergeist|p1a: Aegislash\n|-activate|p1a: Aegislash|move: Poltergeist|Leftovers\n|-supereffective|p1a: Aegislash|1\n|-damage|p1a: Aegislash|35/100\n|-formechange|p1a: Aegislash|Aegislash-Blade|\n|move|p1a: Aegislash|Flash Cannon|p2b: Aegislash\n|-resisted|p2b: Aegislash|1\n|-damage|p2b: Aegislash|54/100\n|-unboost|p2b: Aegislash|spd|1\n|\n|-heal|p2b: Aegislash|60/100|[from] item: Leftovers\n|-heal|p1a: Aegislash|41/100|[from] item: Leftovers\n|upkeep\n|\n|t:|1776631906\n|switch|p2a: Basculegion|Basculegion, L50, M|100/100\n|turn|6\n|\n|t:|1776631916\n|-formechange|p1a: Aegislash|Aegislash|\n|move|p1a: Aegislash|King's Shield|p1a: Aegislash\n|-singleturn|p1a: Aegislash|Protect\n|move|p2a: Basculegion|Last Respects|p1b: Sneasler\n|-damage|p1b: Sneasler|0 fnt\n|faint|p1b: Sneasler\n|move|p2b: Aegislash|Poltergeist|p1a: Aegislash\n|-activate|p1a: Aegislash|move: Protect\n|\n|-heal|p2b: Aegislash|66/100|[from] item: Leftovers\n|-heal|p1a: Aegislash|47/100|[from] item: Leftovers\n|upkeep\n|\n|t:|1776631927\n|switch|p1b: Hydreigon|Hydreigon, L50, M|100/100\n|turn|7\n|\n|t:|1776631940\n|move|p2a: Basculegion|Last Respects|p1a: Aegislash\n|-supereffective|p1a: Aegislash|1\n|-damage|p1a: Aegislash|0 fnt\n|faint|p1a: Aegislash\n|move|p1b: Hydreigon|Dark Pulse|p2a: Basculegion\n|-supereffective|p2a: Basculegion|1\n|-damage|p2a: Basculegion|0 fnt\n|faint|p2a: Basculegion\n|move|p2b: Aegislash|Close Combat|p1b: Hydreigon\n|-supereffective|p1b: Hydreigon|1\n|-damage|p1b: Hydreigon|3/100\n|-unboost|p2b: Aegislash|def|1\n|-unboost|p2b: Aegislash|spd|1\n|\n|-heal|p2b: Aegislash|72/100|[from] item: Leftovers\n|-sideend|p2: tyfgujhbk|move: Tailwind\n|upkeep\n|turn|8\n|\n|t:|1776631962\n|-formechange|p2b: Aegislash|Aegislash|\n|move|p2b: Aegislash|King's Shield|p2b: Aegislash\n|-singleturn|p2b: Aegislash|Protect\n|move|p1b: Hydreigon|Dark Pulse|p2b: Aegislash\n|-activate|p2b: Aegislash|move: Protect\n|\n|-heal|p2b: Aegislash|78/100|[from] item: Leftovers\n|upkeep\n|turn|9\n|\n|t:|1776631972\n|move|p1b: Hydreigon|Dark Pulse|p2b: Aegislash\n|-supereffective|p2b: Aegislash|1\n|-damage|p2b: Aegislash|0 fnt\n|faint|p2b: Aegislash\n|\n|win|Sheepsoft\n|raw|Sheepsoft's rating: 1269 &rarr; <strong>1301</strong><br />(+32 for winning)\n|raw|tyfgujhbk's rating: 1363 &rarr; <strong>1338</strong><br />(-25 for losing)\n|l|\u2606tyfgujhbk\n|player|p2|\n",
  "uploadtime": 1776631980,
  "views": 13,
  "formatid": "gen9championsvgc2026regma",
  "rating": 1301,
  "private": 0,
  "password": null
}