{
  "id": "gen9championsvgc2026regma-2586022835",
  "format": "[Gen 9 Champions] VGC 2026 Reg M-A",
  "players": [
    "yang27",
    "manicallyhex"
  ],
  "log": "|j|\u2606yang27\n|j|\u2606manicallyhex\n|t:|1776391179\n|gametype|doubles\n|player|p1|yang27|pokemonranger|1198\n|player|p2|manicallyhex|hexmaniac-gen6|1289\n|gen|9\n|tier|[Gen 9 Champions] VGC 2026 Reg M-A\n|rated|\n|rule|Species Clause: Limit one of each Pok\u00e9mon\n|rule|Item Clause: Limit 1 of each item\n|clearpoke\n|poke|p1|Talonflame, L50, F|\n|poke|p1|Aegislash, L50, F|\n|poke|p1|Milotic, L50, M|\n|poke|p1|Sneasler, L50, M|\n|poke|p1|Garchomp, L50, M|\n|poke|p1|Gardevoir, L50, M|\n|poke|p2|Sableye, L50, F|\n|poke|p2|Gardevoir, L50, F|\n|poke|p2|Talonflame, L50, F|\n|poke|p2|Kingambit, L50, M|\n|poke|p2|Whimsicott, L50, F|\n|poke|p2|Garchomp, L50, F|\n|teampreview|4\n|\n|t:|1776391214\n|teamsize|p1|4\n|teamsize|p2|4\n|start\n|switch|p1a: Talonflame|Talonflame, L50, F, shiny|100/100\n|switch|p1b: Garchomp|Garchomp, L50, M, shiny|100/100\n|switch|p2a: Garchomp|Garchomp, L50, F|100/100\n|switch|p2b: Talonflame|Talonflame, L50, F|100/100\n|turn|1\n|\n|t:|1776391229\n|move|p1a: Talonflame|Protect|p1a: Talonflame\n|-singleturn|p1a: Talonflame|Protect\n|move|p2b: Talonflame|Tailwind|p2b: Talonflame\n|-sidestart|p2: manicallyhex|move: Tailwind\n|move|p2a: Garchomp|Dragon Claw|p1b: Garchomp\n|-supereffective|p1b: Garchomp|1\n|-damage|p1b: Garchomp|9/100\n|-damage|p2a: Garchomp|88/100|[from] ability: Rough Skin|[of] p1b: Garchomp\n|move|p1b: Garchomp|Rock Slide|p2b: Talonflame|[spread] p2a,p2b\n|-resisted|p2a: Garchomp|1\n|-supereffective|p2b: Talonflame|2\n|-damage|p2a: Garchomp|79/100\n|-damage|p2b: Talonflame|0 fnt\n|faint|p2b: Talonflame\n|\n|upkeep\n|\n|t:|1776391240\n|switch|p2b: Gardevoir|Gardevoir, L50, F|100/100\n|turn|2\n|\n|t:|1776391250\n|detailschange|p2b: Gardevoir|Gardevoir-Mega, L50, F\n|-mega|p2b: Gardevoir|Gardevoir|Gardevoirite\n|move|p2b: Gardevoir|Vacuum Wave|p1b: Garchomp\n|-damage|p1b: Garchomp|0 fnt\n|faint|p1b: Garchomp\n|move|p1a: Talonflame|Tailwind|p1a: Talonflame\n|-sidestart|p1: yang27|move: Tailwind\n|move|p2a: Garchomp|Rock Slide|p1a: Talonflame\n|-supereffective|p1a: Talonflame|2\n|-damage|p1a: Talonflame|0 fnt\n|faint|p1a: Talonflame\n|\n|upkeep\n|\n|t:|1776391263\n|switch|p1a: Aegislash|Aegislash, L50, F, shiny|100/100\n|switch|p1b: Gardevoir|Gardevoir, L50, M, shiny|100/100\n|turn|3\n|\n|t:|1776391275\n|detailschange|p1b: Gardevoir|Gardevoir-Mega, L50, M, shiny\n|-mega|p1b: Gardevoir|Gardevoir|Gardevoirite\n|move|p2b: Gardevoir|Protect|p2b: Gardevoir\n|-singleturn|p2b: Gardevoir|Protect\n|move|p1a: Aegislash|Wide Guard|p1a: Aegislash\n|-singleturn|p1a: Aegislash|Wide Guard\n|move|p2a: Garchomp|Earthquake|p1a: Aegislash|[spread] \n|-activate|p1a: Aegislash|move: Wide Guard\n|-activate|p1b: Gardevoir|move: Wide Guard\n|-activate|p2b: Gardevoir|move: Protect\n|move|p1b: Gardevoir|Hyper Voice|p2b: Gardevoir|[spread] p2a\n|-activate|p2b: Gardevoir|move: Protect\n|-supereffective|p2a: Garchomp|1\n|-damage|p2a: Garchomp|0 fnt\n|faint|p2a: Garchomp\n|\n|upkeep\n|\n|t:|1776391281\n|switch|p2a: Whimsicott|Whimsicott, L50, F|100/100\n|turn|4\n|\n|t:|1776391307\n|move|p2a: Whimsicott|Encore|p1a: Aegislash\n|-start|p1a: Aegislash|Encore\n|move|p1a: Aegislash|Wide Guard|p1a: Aegislash\n|-singleturn|p1a: Aegislash|Wide Guard\n|move|p2b: Gardevoir|Moonblast|p1b: Gardevoir\n|-damage|p1b: Gardevoir|52/100\n|move|p1b: Gardevoir|Hyper Voice|p2b: Gardevoir|[spread] p2a,p2b\n|-damage|p2a: Whimsicott|30/100\n|-damage|p2b: Gardevoir|54/100\n|\n|-sideend|p2: manicallyhex|move: Tailwind\n|upkeep\n|turn|5\n|\n|t:|1776391331\n|move|p1a: Aegislash|Wide Guard|p1a: Aegislash\n|-singleturn|p1a: Aegislash|Wide Guard\n|move|p2a: Whimsicott|Encore|p2b: Gardevoir\n|-start|p2b: Gardevoir|Encore\n|move|p1b: Gardevoir|Hyper Voice|p2b: Gardevoir|[spread] p2a,p2b\n|-damage|p2a: Whimsicott|0 fnt\n|-damage|p2b: Gardevoir|7/100\n|faint|p2a: Whimsicott\n|move|p2b: Gardevoir|Moonblast|p1b: Gardevoir\n|-damage|p1b: Gardevoir|0 fnt\n|faint|p1b: Gardevoir\n|\n|-sideend|p1: yang27|move: Tailwind\n|upkeep\n|turn|6\n|c|\u2606manicallyhex|I guess that was removed\n|\n|t:|1776391363\n|move|p1a: Aegislash|Wide Guard|p1a: Aegislash\n|-singleturn|p1a: Aegislash|Wide Guard\n|move|p2b: Gardevoir|Moonblast|p1a: Aegislash\n|-resisted|p1a: Aegislash|1\n|-damage|p1a: Aegislash|74/100\n|\n|-end|p1a: Aegislash|Encore\n|upkeep\n|turn|7\n|\n|t:|1776391370\n|move|p2b: Gardevoir|Moonblast|p1a: Aegislash\n|-resisted|p1a: Aegislash|1\n|-crit|p1a: Aegislash\n|-damage|p1a: Aegislash|33/100\n|-formechange|p1a: Aegislash|Aegislash-Blade|\n|move|p1a: Aegislash|Flash Cannon|p2b: Gardevoir\n|-supereffective|p2b: Gardevoir|1\n|-damage|p2b: Gardevoir|0 fnt\n|faint|p2b: Gardevoir\n|\n|win|yang27\n|raw|yang27's rating: 1198 &rarr; <strong>1229</strong><br />(+31 for winning)\n|raw|manicallyhex's rating: 1289 &rarr; <strong>1258</strong><br />(-31 for losing)\n|l|\u2606yang27\n|player|p1|\n|c|\u2606manicallyhex|Gg\n",
  "uploadtime": 1776391388,
  "views": 22,
  "formatid": "gen9championsvgc2026regma",
  "rating": 1229,
  "private": 0,
  "password": null
}