{
  "id": "gen9championsvgc2026regma-2584821637",
  "format": "[Gen 9 Champions] VGC 2026 Reg M-A",
  "players": [
    "SunTufo",
    "elektriktoad"
  ],
  "log": "|j|\u2606SunTufo\n|j|\u2606elektriktoad\n|t:|1776286230\n|gametype|doubles\n|player|p1|SunTufo|li|1356\n|player|p2|elektriktoad|janine|1356\n|gen|9\n|tier|[Gen 9 Champions] VGC 2026 Reg M-A\n|rated|\n|rule|Species Clause: Limit one of each Pok\u00e9mon\n|rule|Item Clause: Limit 1 of each item\n|clearpoke\n|poke|p1|Aegislash, L50, F|\n|poke|p1|Floette-Eternal, L50, F|\n|poke|p1|Incineroar, L50, M|\n|poke|p1|Sinistcha-Masterpiece, L50|\n|poke|p1|Charizard, L50, M|\n|poke|p1|Milotic, L50, M|\n|poke|p2|Meowstic, L50, M|\n|poke|p2|Alakazam, L50, F|\n|poke|p2|Hatterene, L50, F|\n|poke|p2|Tyranitar, L50, M|\n|poke|p2|Kingambit, L50, M|\n|poke|p2|Torkoal, L50, F|\n|teampreview|4\n|inactive|Battle timer is ON: inactive players will automatically lose when time's up. (requested by SunTufo)\n|\n|t:|1776286258\n|teamsize|p1|4\n|teamsize|p2|4\n|start\n|switch|p1a: Charizard|Charizard, L50, M|100/100\n|switch|p1b: Incineroar|Incineroar, L50, M|100/100\n|switch|p2a: Meowstic|Meowstic, L50, M|100/100\n|switch|p2b: Hatterene|Hatterene, L50, F|100/100\n|-ability|p1b: Incineroar|Intimidate|boost\n|-unboost|p2a: Meowstic|atk|1\n|-unboost|p2b: Hatterene|atk|1\n|turn|1\n|\n|t:|1776286274\n|detailschange|p1a: Charizard|Charizard-Mega-X, L50, M\n|-mega|p1a: Charizard|Charizard|Charizardite X\n|move|p2a: Meowstic|Fake Out|p1b: Incineroar\n|-damage|p1b: Incineroar|98/100\n|move|p1a: Charizard|Dragon Dance|p1a: Charizard\n|-boost|p1a: Charizard|atk|1\n|-boost|p1a: Charizard|spe|1\n|cant|p1b: Incineroar|flinch\n|move|p2b: Hatterene|Trick Room|p2b: Hatterene\n|-fieldstart|move: Trick Room|[of] p2b: Hatterene\n|\n|upkeep\n|turn|2\n|inactive|elektriktoad has 30 seconds left.\n|\n|t:|1776286302\n|switch|p2a: Tyranitar|Tyranitar, L50, M|100/100\n|-weather|Sandstorm|[from] ability: Sand Stream|[of] p2a: Tyranitar\n|move|p1a: Charizard|Protect|p1a: Charizard\n|-singleturn|p1a: Charizard|Protect\n|move|p2b: Hatterene|Dazzling Gleam|p1a: Charizard|[spread] p1b\n|-activate|p1a: Charizard|move: Protect\n|-damage|p1b: Incineroar|64/100\n|move|p1b: Incineroar|Parting Shot|p2b: Hatterene\n|move|p2b: Hatterene|Parting Shot|p1b: Incineroar|[from] ability: Magic Bounce\n|-unboost|p1b: Incineroar|atk|1\n|-unboost|p1b: Incineroar|spa|1\n|\n|t:|1776286312\n|switch|p2b: Kingambit|Kingambit, L50, M|100/100|[from] Parting Shot\n|\n|-weather|Sandstorm|[upkeep]\n|-damage|p1b: Incineroar|58/100|[from] Sandstorm\n|-damage|p1a: Charizard|95/100|[from] Sandstorm\n|upkeep\n|turn|3\n|\n|t:|1776286324\n|switch|p1a: Aegislash|Aegislash, L50, F|100/100\n|move|p2b: Kingambit|Kowtow Cleave|p1a: Aegislash\n|-supereffective|p1a: Aegislash|1\n|-damage|p1a: Aegislash|24/100\n|move|p2a: Tyranitar|Rock Slide|p1a: Aegislash|[spread] p1a,p1b\n|-resisted|p1a: Aegislash|1\n|-supereffective|p1b: Incineroar|1\n|-damage|p1a: Aegislash|12/100\n|-damage|p1b: Incineroar|7/100\n|move|p1b: Incineroar|Parting Shot|p2a: Tyranitar\n|-unboost|p2a: Tyranitar|atk|1\n|-unboost|p2a: Tyranitar|spa|1\n|\n|t:|1776286336\n|switch|p1b: Sinistcha|Sinistcha-Masterpiece, L50|100/100|[from] Parting Shot\n|-heal|p1a: Aegislash|37/100|[from] ability: Hospitality|[of] p1b: Sinistcha\n|\n|-weather|Sandstorm|[upkeep]\n|-damage|p1b: Sinistcha|94/100|[from] Sandstorm\n|upkeep\n|turn|4\n|\n|t:|1776286342\n|move|p2b: Kingambit|Kowtow Cleave|p1b: Sinistcha\n|-supereffective|p1b: Sinistcha|1\n|-enditem|p1b: Sinistcha|Colbur Berry|[eat]\n|-enditem|p1b: Sinistcha|Colbur Berry|[weaken]\n|-damage|p1b: Sinistcha|49/100\n|move|p2a: Tyranitar|Knock Off|p1b: Sinistcha\n|-supereffective|p1b: Sinistcha|1\n|-damage|p1b: Sinistcha|7/100\n|-formechange|p1a: Aegislash|Aegislash-Blade|\n|move|p1a: Aegislash|Close Combat|p2b: Kingambit\n|-supereffective|p2b: Kingambit|2\n|-enditem|p2b: Kingambit|Chople Berry|[eat]\n|-enditem|p2b: Kingambit|Chople Berry|[weaken]\n|-damage|p2b: Kingambit|25/100\n|-unboost|p1a: Aegislash|def|1\n|-unboost|p1a: Aegislash|spd|1\n|move|p1b: Sinistcha|Matcha Gotcha|p2b: Kingambit|[spread] p2a,p2b\n|-supereffective|p2a: Tyranitar|1\n|-resisted|p2b: Kingambit|1\n|-damage|p2a: Tyranitar|69/100\n|-heal|p1b: Sinistcha|26/100|[from] drain|[of] p2a: Tyranitar\n|-damage|p2b: Kingambit|13/100\n|-heal|p1b: Sinistcha|33/100|[from] drain|[of] p2b: Kingambit\n|\n|-weather|Sandstorm|[upkeep]\n|-damage|p1b: Sinistcha|27/100|[from] Sandstorm\n|upkeep\n|turn|5\n|inactive|SunTufo has 30 seconds left.\n|inactive|elektriktoad has 30 seconds left.\n|\n|t:|1776286373\n|switch|p2a: Meowstic|Meowstic, L50, M|100/100\n|switch|p1a: Charizard|Charizard-Mega-X, L50, M|95/100\n|switch|p1b: Incineroar|Incineroar, L50, M|7/100\n|-ability|p1b: Incineroar|Intimidate|boost\n|-unboost|p2a: Meowstic|atk|1\n|-unboost|p2b: Kingambit|atk|1\n|-ability|p2b: Kingambit|Defiant|boost\n|-boost|p2b: Kingambit|atk|2\n|move|p2b: Kingambit|Kowtow Cleave|p1b: Incineroar\n|-resisted|p1b: Incineroar|1\n|-damage|p1b: Incineroar|0 fnt\n|faint|p1b: Incineroar\n|\n|-weather|Sandstorm|[upkeep]\n|-damage|p1a: Charizard|89/100|[from] Sandstorm\n|-damage|p2a: Meowstic|95/100|[from] Sandstorm\n|-fieldend|move: Trick Room\n|upkeep\n|\n|t:|1776286381\n|switch|p1b: Sinistcha|Sinistcha-Masterpiece, L50|27/100\n|-heal|p1a: Charizard|100/100|[from] ability: Hospitality|[of] p1b: Sinistcha\n|turn|6\n|inactive|elektriktoad has 30 seconds left.\n|\n|t:|1776286410\n|move|p2a: Meowstic|Fake Out|p1a: Charizard\n|-damage|p1a: Charizard|97/100\n|move|p2b: Kingambit|Sucker Punch|p1b: Sinistcha\n|-supereffective|p1b: Sinistcha|1\n|-damage|p1b: Sinistcha|0 fnt\n|faint|p1b: Sinistcha\n|cant|p1a: Charizard|flinch\n|\n|-weather|none\n|upkeep\n|\n|t:|1776286413\n|switch|p1b: Aegislash|Aegislash, L50, F|37/100\n|turn|7\n|inactive|elektriktoad has 30 seconds left.\n|inactive|elektriktoad has 20 seconds left.\n|\n|t:|1776286450\n|detailschange|p2a: Meowstic|Meowstic-M-Mega, L50, M\n|-mega|p2a: Meowstic|Meowstic|Meowsticite\n|-ability|p2a: Meowstic|Tough Claws|Trace|[from] ability: Trace|[of] p1a: Charizard\n|move|p1b: Aegislash|King's Shield|p1b: Aegislash\n|-singleturn|p1b: Aegislash|Protect\n|move|p2b: Kingambit|Sucker Punch|p1a: Charizard\n|-damage|p1a: Charizard|34/100\n|move|p2a: Meowstic|Expanding Force|p1a: Charizard\n|-damage|p1a: Charizard|0 fnt\n|faint|p1a: Charizard\n|\n|upkeep\n|turn|8\n|-message|SunTufo forfeited.\n|\n|win|elektriktoad\n|raw|SunTufo's rating: 1356 &rarr; <strong>1337</strong><br />(-19 for losing)\n|raw|elektriktoad's rating: 1379 &rarr; <strong>1398</strong><br />(+19 for winning)\n",
  "uploadtime": 1776286462,
  "views": 31,
  "formatid": "gen9championsvgc2026regma",
  "rating": 1337,
  "private": 0,
  "password": null
}