{
  "id": "gen9championsvgc2026regma-2581768003",
  "format": "[Gen 9 Champions] VGC 2026 Reg M-A",
  "players": [
    "Slapme2",
    "Nightingale14"
  ],
  "log": "|j|\u2606Slapme2\n|j|\u2606Nightingale14\n|html|<table width=\"100%\"><tr><td align=\"left\">Slapme2</td><td align=\"right\">Nightingale14</tr><tr><td align=\"left\"><i class=\"fa fa-circle-o\"></i> <i class=\"fa fa-circle-o\"></i> </td><td align=\"right\"><i class=\"fa fa-circle-o\"></i> <i class=\"fa fa-circle-o\"></i> </tr></table>\n|uhtml|bestof|<h2><strong>Game 1</strong> of <a href=\"/game-bestof3-gen9championsvgc2026regma-2581768002\">a best-of-3</a></h2>\n|t:|1776026872\n|gametype|doubles\n|player|p1|Slapme2|chili|\n|player|p2|Nightingale14|hugh|\n|gen|9\n|tier|[Gen 9 Champions] VGC 2026 Reg M-A\n|rule|Species Clause: Limit one of each Pok\u00e9mon\n|rule|Item Clause: Limit 1 of each item\n|raw|<div class=\"infobox\"><details class=\"readmore\" open><summary><strong>1 custom rule:</strong></summary> Best of = 3</details></div>\n|clearpoke\n|poke|p1|Froslass, L50, F|\n|poke|p1|Rotom-Frost, L50|\n|poke|p1|Incineroar, L50, F|\n|poke|p1|Garchomp, L50, M|\n|poke|p1|Empoleon, L50, F|\n|poke|p1|Kingambit, L50, M|\n|poke|p2|Gengar, L50, F|\n|poke|p2|Sneasler, L50, F|\n|poke|p2|Conkeldurr, L50, F|\n|poke|p2|Kingambit, L50, F|\n|poke|p2|Rotom-Wash, L50|\n|poke|p2|Palafin, L50, F|\n|teampreview|4\n|inactive|Battle timer is ON: inactive players will automatically lose when time's up. (requested by Nightingale14)\nNightingale14 has agreed to open team sheets.\nSlapme2 has agreed to open team sheets.\n|showteam|p1|Froslass||Froslassite|SnowCloak|Blizzard,ShadowBall,Protect,AuroraVeil|||F|||50|]Rotom-Frost||ChoiceScarf|Levitate|Thunderbolt,Blizzard,VoltSwitch,Electroweb||||||50|]Incineroar||SitrusBerry|Intimidate|FlareBlitz,DarkestLariat,FakeOut,PartingShot|||F|||50|]Garchomp||WhiteHerb|RoughSkin|DragonClaw,Earthquake,RockSlide,Protect|||M|||50|]Empoleon||Leftovers|Competitive|WaterPulse,FlashCannon,Roar,Protect|||F|||50|]Kingambit||FocusSash|Defiant|IronHead,LowKick,SuckerPunch,Protect|||M|||50|\n|showteam|p2|Gengar||Gengarite|CursedBody|PerishSong,Protect,SludgeBomb,ShadowBall|||F|||50|]Sneasler||FocusSash|Unburden|FakeOut,DireClaw,CloseCombat,Protect|||F|||50|]Conkeldurr||Leftovers|IronFist|WideGuard,ThunderPunch,FirePunch,DrainPunch|||F|||50|]Kingambit||ShucaBerry|Defiant|KowtowCleave,IronHead,LowKick,Protect|||F|||50|]Rotom-Wash||SitrusBerry|Levitate|WillOWisp,Protect,HydroPump,Thunderbolt||||||50|]Palafin||MysticWater|ZerotoHero|JetPunch,WaveCrash,FlipTurn,Protect|||F|||50|\n|inactive|Slapme2 has 60 seconds left.\n|inactive|Nightingale14 has 60 seconds left.\n|inactive|Slapme2 has 30 seconds left.\n|inactive|Nightingale14 has 30 seconds left.\n|\n|t:|1776026938\n|teamsize|p1|4\n|teamsize|p2|4\n|start\n|switch|p1a: Rotom|Rotom-Frost, L50|100/100\n|switch|p1b: Garchomp|Garchomp, L50, M|100/100\n|switch|p2a: Palafin|Palafin, L50, F|100/100\n|switch|p2b: Sneasler|Sneasler, L50, F|100/100\n|turn|1\n|inactive|Nightingale14 has 30 seconds left.\n|\n|t:|1776026967\n|detailschange|p2a: Palafin|Palafin-Hero, L50, F\n|switch|p2a: Rotom|Rotom-Wash, L50|100/100\n|move|p1a: Rotom|Thunderbolt|p2a: Rotom\n|-damage|p2a: Rotom|53/100\n|move|p2b: Sneasler|Close Combat|p1a: Rotom\n|-supereffective|p1a: Rotom|1\n|-damage|p1a: Rotom|0 fnt\n|-unboost|p2b: Sneasler|def|1\n|-unboost|p2b: Sneasler|spd|1\n|faint|p1a: Rotom\n|move|p1b: Garchomp|Earthquake|p2b: Sneasler|[spread] p2b\n|-immune|p2a: Rotom|[from] ability: Levitate\n|-supereffective|p2b: Sneasler|1\n|-enditem|p2b: Sneasler|Focus Sash\n|-damage|p2b: Sneasler|1/100\n|\n|upkeep\n|\n|t:|1776026976\n|switch|p1a: Incineroar|Incineroar, L50, F|100/100\n|-ability|p1a: Incineroar|Intimidate|boost\n|-unboost|p2a: Rotom|atk|1\n|-unboost|p2b: Sneasler|atk|1\n|turn|2\n|inactive|Nightingale14 has 30 seconds left.\n|inactive|Nightingale14 has 20 seconds left.\n|\n|t:|1776027015\n|switch|p1b: Froslass|Froslass, L50, F|100/100\n|move|p1a: Incineroar|Fake Out|p2b: Sneasler\n|-damage|p2b: Sneasler|0 fnt\n|faint|p2b: Sneasler\n|move|p2a: Rotom|Will-O-Wisp|p1b: Froslass\n|-status|p1b: Froslass|brn\n|\n|-damage|p1b: Froslass|94/100 brn|[from] brn\n|upkeep\n|inactive|Nightingale14 has 30 seconds left.\n|inactive|Nightingale14 has 20 seconds left.\n|\n|t:|1776027054\n|switch|p2b: Palafin|Palafin-Hero, L50, F|100/100\n|-activate|p2b: Palafin|ability: Zero to Hero\n|turn|3\n|inactive|Slapme2 has 30 seconds left.\n|inactive|Nightingale14 has 30 seconds left.\n|inactive|Nightingale14 has 20 seconds left.\n|inactive|Nightingale14 has 15 seconds left.\n|inactive|Nightingale14 has 10 seconds left.\n|inactive|Nightingale14 has 5 seconds left.\n|\n|t:|1776027105\n|detailschange|p1b: Froslass|Froslass-Mega, L50, F\n|-mega|p1b: Froslass|Froslass|Froslassite\n|-weather|Snowscape|[from] ability: Snow Warning|[of] p1b: Froslass\n|move|p1b: Froslass|Aurora Veil|p1b: Froslass\n|-sidestart|p1: Slapme2|move: Aurora Veil\n|move|p2b: Palafin|Wave Crash|p1b: Froslass\n|-damage|p1b: Froslass|24/100 brn\n|-damage|p2b: Palafin|81/100|[from] Recoil\n|move|p2a: Rotom|Hydro Pump|p1a: Incineroar\n|-supereffective|p1a: Incineroar|1\n|-damage|p1a: Incineroar|51/100\n|move|p1a: Incineroar|Parting Shot|p2b: Palafin\n|-unboost|p2b: Palafin|atk|1\n|-unboost|p2b: Palafin|spa|1\n|\n|t:|1776027117\n|switch|p1a: Garchomp|Garchomp, L50, M|100/100|[from] Parting Shot\n|\n|-weather|Snowscape|[upkeep]\n|-damage|p1b: Froslass|18/100 brn|[from] brn\n|upkeep\n|turn|4\n|inactive|Nightingale14 has 30 seconds left.\n|inactive|Nightingale14 has 20 seconds left.\n|\n|t:|1776027155\n|move|p1b: Froslass|Protect|p1b: Froslass\n|-singleturn|p1b: Froslass|Protect\n|move|p2b: Palafin|Protect|p2b: Palafin\n|-singleturn|p2b: Palafin|Protect\n|move|p1a: Garchomp|Rock Slide|p2b: Palafin|[spread] p2a\n|-activate|p2b: Palafin|move: Protect\n|-damage|p2a: Rotom|37/100\n|-enditem|p2a: Rotom|Sitrus Berry|[eat]\n|-heal|p2a: Rotom|62/100|[from] item: Sitrus Berry\n|cant|p2a: Rotom|flinch\n|\n|-weather|Snowscape|[upkeep]\n|-damage|p1b: Froslass|11/100 brn|[from] brn\n|upkeep\n|turn|5\n|inactive|Slapme2 has 30 seconds left.\n|inactive|Nightingale14 has 30 seconds left.\n|inactive|Slapme2 has 20 seconds left.\n|\n|t:|1776027192\n|move|p1b: Froslass|Blizzard|p2b: Palafin|[spread] p2a,p2b\n|-resisted|p2a: Rotom|1\n|-resisted|p2b: Palafin|1\n|-damage|p2a: Rotom|37/100\n|-damage|p2b: Palafin|52/100\n|-status|p2b: Palafin|frz\n|move|p1a: Garchomp|Rock Slide|p2a: Rotom|[spread] p2a,p2b\n|-damage|p2a: Rotom|22/100\n|-damage|p2b: Palafin|32/100 frz\n|cant|p2b: Palafin|frz\n|move|p2a: Rotom|Will-O-Wisp|p1a: Garchomp\n|-status|p1a: Garchomp|brn\n|\n|-weather|Snowscape|[upkeep]\n|-damage|p1b: Froslass|5/100 brn|[from] brn\n|-damage|p1a: Garchomp|95/100 brn|[from] brn\n|upkeep\n|turn|6\n|inactive|Nightingale14 has 30 seconds left.\n|inactive|Slapme2 has 30 seconds left.\n|\n|t:|1776027231\n|switch|p1b: Incineroar|Incineroar, L50, F|51/100\n|-ability|p1b: Incineroar|Intimidate|boost\n|-unboost|p2a: Rotom|atk|1\n|-unboost|p2b: Palafin|atk|1\n|move|p2a: Rotom|Protect|p2a: Rotom\n|-singleturn|p2a: Rotom|Protect\n|cant|p2b: Palafin|frz\n|move|p1a: Garchomp|Dragon Claw|p2b: Palafin\n|-damage|p2b: Palafin|10/100 frz\n|\n|-weather|Snowscape|[upkeep]\n|-damage|p1a: Garchomp|89/100 brn|[from] brn\n|upkeep\n|turn|7\n|inactive|Slapme2 has 30 seconds left.\n|inactive|Nightingale14 has 30 seconds left.\n|\n|t:|1776027260\n|switch|p2a: Gengar|Gengar, L50, F|100/100\n|move|p1b: Incineroar|Fake Out|p2b: Palafin\n|-damage|p2b: Palafin|0 fnt\n|faint|p2b: Palafin\n|move|p1a: Garchomp|Dragon Claw|p2a: Gengar\n|-damage|p2a: Gengar|60/100\n|\n|-weather|none\n|-damage|p1a: Garchomp|83/100 brn|[from] brn\n|-sideend|p1: Slapme2|move: Aurora Veil\n|upkeep\n|\n|t:|1776027268\n|switch|p2b: Rotom|Rotom-Wash, L50|22/100\n|turn|8\n|j| JawzTKrookodile\n|inactive|Slapme2 has 30 seconds left.\n|inactive|Nightingale14 has 30 seconds left.\n|inactive|Nightingale14 has 20 seconds left.\n|\n|t:|1776027303\n|move|p2a: Gengar|Protect|p2a: Gengar\n|-singleturn|p2a: Gengar|Protect\n|move|p1a: Garchomp|Dragon Claw|p2b: Rotom\n|-damage|p2b: Rotom|7/100\n|move|p2b: Rotom|Hydro Pump|p1a: Garchomp\n|-damage|p1a: Garchomp|40/100 brn\n|move|p1b: Incineroar|Darkest Lariat|p2a: Gengar\n|-activate|p2a: Gengar|move: Protect\n|\n|-damage|p1a: Garchomp|34/100 brn|[from] brn\n|upkeep\n|turn|9\n|\n|t:|1776027325\n|detailschange|p2a: Gengar|Gengar-Mega, L50, F\n|-mega|p2a: Gengar|Gengar|Gengarite\n|move|p2a: Gengar|Sludge Bomb|p1b: Incineroar\n|-damage|p1b: Incineroar|0 fnt\n|faint|p1b: Incineroar\n|move|p1a: Garchomp|Rock Slide|p2a: Gengar|[spread] p2a,p2b\n|-crit|p2a: Gengar\n|-damage|p2a: Gengar|39/100\n|-damage|p2b: Rotom|0 fnt\n|faint|p2b: Rotom\n|\n|-damage|p1a: Garchomp|28/100 brn|[from] brn\n|upkeep\n|\n|t:|1776027331\n|switch|p1b: Froslass|Froslass-Mega, L50, F|5/100 brn\n|-weather|Snowscape|[from] ability: Snow Warning|[of] p1b: Froslass\n|turn|10\n|\n|t:|1776027340\n|move|p2a: Gengar|Protect|p2a: Gengar\n|-singleturn|p2a: Gengar|Protect\n|move|p1b: Froslass|Shadow Ball|p2a: Gengar\n|-activate|p2a: Gengar|move: Protect\n|move|p1a: Garchomp|Earthquake|p2a: Gengar|[spread] p1b\n|-activate|p2a: Gengar|move: Protect\n|-damage|p1b: Froslass|0 fnt\n|faint|p1b: Froslass\n|\n|-weather|Snowscape|[upkeep]\n|-damage|p1a: Garchomp|22/100 brn|[from] brn\n|upkeep\n|turn|11\n|\n|t:|1776027358\n|move|p2a: Gengar|Shadow Ball|p1a: Garchomp\n|-damage|p1a: Garchomp|0 fnt\n|faint|p1a: Garchomp\n|\n|win|Nightingale14\n||Nightingale14 is ready for game 2.\n||Slapme2 is ready for game 2.\n|uhtml|next|Next: <a href=\"/battle-gen9championsvgc2026regma-2581774323\"><strong>Game 2 of 3</strong></a>\n|l|\u2606Slapme2\n|player|p1|\n",
  "uploadtime": 1776027841,
  "views": 15,
  "formatid": "gen9championsvgc2026regma",
  "rating": null,
  "private": 0,
  "password": null
}