{
  "id": "gen9championsvgc2026regma-2584723513",
  "format": "[Gen 9 Champions] VGC 2026 Reg M-A",
  "players": [
    "Poliwhirl100",
    "eevee151"
  ],
  "log": "|j|\u2606Poliwhirl100\n|j|\u2606eevee151\n|t:|1776279166\n|gametype|doubles\n|player|p1|Poliwhirl100|preschooler|1263\n|player|p2|eevee151|beauty-gen4dp|1321\n|gen|9\n|tier|[Gen 9 Champions] VGC 2026 Reg M-A\n|rated|\n|rule|Species Clause: Limit one of each Pok\u00e9mon\n|rule|Item Clause: Limit 1 of each item\n|clearpoke\n|poke|p1|Dragapult, L50, M|\n|poke|p1|Sneasler, L50, F|\n|poke|p1|Excadrill, L50, F|\n|poke|p1|Tyranitar, L50, F|\n|poke|p1|Charizard, L50, M|\n|poke|p1|Corviknight, L50, F|\n|poke|p2|Blastoise, L50, F|\n|poke|p2|Sinistcha, L50|\n|poke|p2|Incineroar, L50, M|\n|poke|p2|Pelipper, L50, M|\n|poke|p2|Scizor, L50, M|\n|poke|p2|Sneasler, L50, F|\n|teampreview|4\n|\n|t:|1776279205\n|teamsize|p1|4\n|teamsize|p2|4\n|start\n|switch|p1a: Corviknight|Corviknight, L50, F|100/100\n|switch|p1b: Dragapult|Dragapult, L50, M|100/100\n|switch|p2a: Sinistcha|Sinistcha, L50|100/100\n|switch|p2b: Sneasler|Sneasler, L50, F|100/100\n|turn|1\n|\n|t:|1776279230\n|move|p1a: Corviknight|Protect|p1a: Corviknight\n|-singleturn|p1a: Corviknight|Protect\n|move|p2b: Sneasler|Fake Out|p1a: Corviknight\n|-activate|p1a: Corviknight|move: Protect\n|move|p1b: Dragapult|Flamethrower|p2a: Sinistcha\n|-supereffective|p2a: Sinistcha|1\n|-damage|p2a: Sinistcha|59/100\n|move|p2a: Sinistcha|Trick Room|p2a: Sinistcha\n|-fieldstart|move: Trick Room|[of] p2a: Sinistcha\n|\n|-heal|p2a: Sinistcha|65/100|[from] item: Leftovers\n|upkeep\n|turn|2\n|\n|t:|1776279246\n|switch|p2b: Pelipper|Pelipper, L50, M, shiny|100/100\n|-weather|RainDance|[from] ability: Drizzle|[of] p2b: Pelipper\n|move|p2a: Sinistcha|Matcha Gotcha|p1b: Dragapult|[spread] p1a,p1b\n|-resisted|p1a: Corviknight|2\n|-resisted|p1b: Dragapult|1\n|-damage|p1a: Corviknight|95/100\n|-heal|p2a: Sinistcha|68/100|[from] drain|[of] p1a: Corviknight\n|-damage|p1b: Dragapult|84/100\n|-heal|p2a: Sinistcha|76/100|[from] drain|[of] p1b: Dragapult\n|-status|p1a: Corviknight|brn\n|move|p1a: Corviknight|Dual Wingbeat|p2a: Sinistcha\n|-supereffective|p2a: Sinistcha|1\n|-damage|p2a: Sinistcha|60/100\n|-supereffective|p2a: Sinistcha|1\n|-damage|p2a: Sinistcha|45/100\n|-hitcount|p2a: Sinistcha|2\n|move|p1b: Dragapult|Flamethrower|p2b: Pelipper\n|-resisted|p2b: Pelipper|1\n|-damage|p2b: Pelipper|92/100\n|\n|-weather|RainDance|[upkeep]\n|-heal|p2a: Sinistcha|51/100|[from] item: Leftovers\n|-heal|p1a: Corviknight|100/100 brn|[from] item: Leftovers\n|-damage|p1a: Corviknight|95/100 brn|[from] brn\n|upkeep\n|turn|3\n|c|\u2606Poliwhirl100|IM THE UNCLUCKIEST MOTHER FUCKER IN THE WORLD\n|\n|t:|1776279281\n|switch|p1b: Tyranitar|Tyranitar, L50, F|100/100\n|-weather|Sandstorm|[from] ability: Sand Stream|[of] p1b: Tyranitar\n|move|p2a: Sinistcha|Matcha Gotcha|p1b: Tyranitar|[spread] p1a,p1b\n|-resisted|p1a: Corviknight|2\n|-supereffective|p1b: Tyranitar|1\n|-damage|p1a: Corviknight|89/100 brn\n|-heal|p2a: Sinistcha|54/100|[from] drain|[of] p1a: Corviknight\n|-damage|p1b: Tyranitar|73/100\n|-heal|p2a: Sinistcha|70/100|[from] drain|[of] p1b: Tyranitar\n|move|p1a: Corviknight|Bulk Up|p1a: Corviknight\n|-boost|p1a: Corviknight|atk|1\n|-boost|p1a: Corviknight|def|1\n|move|p2b: Pelipper|Hurricane|p1b: Tyranitar\n|-resisted|p1b: Tyranitar|1\n|-damage|p1b: Tyranitar|63/100\n|-start|p1b: Tyranitar|confusion\n|\n|-weather|Sandstorm|[upkeep]\n|-damage|p2a: Sinistcha|63/100|[from] Sandstorm\n|-damage|p2b: Pelipper|86/100|[from] Sandstorm\n|-heal|p2a: Sinistcha|70/100|[from] item: Leftovers\n|-heal|p1a: Corviknight|95/100 brn|[from] item: Leftovers\n|-damage|p1a: Corviknight|89/100 brn|[from] brn\n|upkeep\n|turn|4\n|\n|t:|1776279313\n|switch|p2b: Sneasler|Sneasler, L50, F|100/100\n|-activate|p1b: Tyranitar|confusion\n|move|p1b: Tyranitar|Knock Off|p2a: Sinistcha\n|-supereffective|p2a: Sinistcha|1\n|-damage|p2a: Sinistcha|0 fnt\n|-enditem|p2a: Sinistcha|Leftovers|[from] move: Knock Off|[of] p1b: Tyranitar\n|faint|p2a: Sinistcha\n|move|p1a: Corviknight|Bulk Up|p1a: Corviknight\n|-boost|p1a: Corviknight|atk|1\n|-boost|p1a: Corviknight|def|1\n|\n|-weather|Sandstorm|[upkeep]\n|-damage|p2b: Sneasler|95/100|[from] Sandstorm\n|-heal|p1a: Corviknight|95/100 brn|[from] item: Leftovers\n|-damage|p1a: Corviknight|89/100 brn|[from] brn\n|upkeep\n|\n|t:|1776279328\n|switch|p2a: Pelipper|Pelipper, L50, M, shiny|86/100\n|-weather|RainDance|[from] ability: Drizzle|[of] p2a: Pelipper\n|turn|5\n|\n|t:|1776279335\n|detailschange|p1b: Tyranitar|Tyranitar-Mega, L50, F\n|-mega|p1b: Tyranitar|Tyranitar|Tyranitarite\n|-weather|Sandstorm|[from] ability: Sand Stream|[of] p1b: Tyranitar\n|move|p2b: Sneasler|Fake Out|p1b: Tyranitar\n|-resisted|p1b: Tyranitar|1\n|-damage|p1b: Tyranitar|59/100\n|cant|p1b: Tyranitar|flinch\n|move|p1a: Corviknight|Dual Wingbeat|p2b: Sneasler\n|-supereffective|p2b: Sneasler|1\n|-damage|p2b: Sneasler|37/100\n|-supereffective|p2b: Sneasler|1\n|-damage|p2b: Sneasler|0 fnt\n|faint|p2b: Sneasler\n|-hitcount|p2: Sneasler|2\n|move|p2a: Pelipper|Weather Ball|p1b: Tyranitar\n|-damage|p1b: Tyranitar|47/100\n|\n|-weather|Sandstorm|[upkeep]\n|-damage|p2a: Pelipper|80/100|[from] Sandstorm\n|-heal|p1a: Corviknight|95/100 brn|[from] item: Leftovers\n|-damage|p1a: Corviknight|89/100 brn|[from] brn\n|-fieldend|move: Trick Room\n|upkeep\n|\n|t:|1776279347\n|switch|p2b: Scizor|Scizor, L50, M|100/100\n|turn|6\n|\n|t:|1776279360\n|detailschange|p2b: Scizor|Scizor-Mega, L50, M\n|-mega|p2b: Scizor|Scizor|Scizorite\n|move|p2b: Scizor|Bullet Punch|p1b: Tyranitar\n|-supereffective|p1b: Tyranitar|1\n|-crit|p1b: Tyranitar\n|-damage|p1b: Tyranitar|0 fnt\n|faint|p1b: Tyranitar\n|move|p2a: Pelipper|Weather Ball|p1a: Corviknight\n|-damage|p1a: Corviknight|67/100 brn\n|move|p1a: Corviknight|Dual Wingbeat|p2a: Pelipper\n|-damage|p2a: Pelipper|64/100\n|-damage|p2a: Pelipper|48/100\n|-hitcount|p2a: Pelipper|2\n|\n|-weather|Sandstorm|[upkeep]\n|-damage|p2a: Pelipper|42/100|[from] Sandstorm\n|-heal|p1a: Corviknight|72/100 brn|[from] item: Leftovers\n|-damage|p1a: Corviknight|67/100 brn|[from] brn\n|upkeep\n|\n|t:|1776279381\n|switch|p1b: Dragapult|Dragapult, L50, M|84/100\n|turn|7\n|\n|t:|1776279393\n|move|p2b: Scizor|Bullet Punch|p1b: Dragapult\n|-damage|p1b: Dragapult|30/100\n|move|p1b: Dragapult|Flamethrower|p2b: Scizor\n|-supereffective|p2b: Scizor|2\n|-damage|p2b: Scizor|0 fnt\n|faint|p2b: Scizor\n|move|p2a: Pelipper|Weather Ball|p1a: Corviknight\n|-damage|p1a: Corviknight|44/100 brn\n|move|p1a: Corviknight|Dual Wingbeat|p2a: Pelipper\n|-damage|p2a: Pelipper|23/100\n|-damage|p2a: Pelipper|6/100\n|-hitcount|p2a: Pelipper|2\n|\n|-weather|Sandstorm|[upkeep]\n|-damage|p1b: Dragapult|24/100|[from] Sandstorm\n|-damage|p2a: Pelipper|0 fnt|[from] Sandstorm\n|faint|p2a: Pelipper\n|\n|win|Poliwhirl100\n",
  "uploadtime": 1776279261,
  "views": 14,
  "formatid": "gen9championsvgc2026regma",
  "rating": null,
  "private": 0,
  "password": null
}