{
  "id": "gen9championsvgc2026regma-2588321051",
  "format": "[Gen 9 Champions] VGC 2026 Reg M-A",
  "players": [
    "Randomkoei",
    "bigpedro"
  ],
  "log": "|j|\u2606Randomkoei\n|j|\u2606bigpedro\n|t:|1776623895\n|gametype|doubles\n|player|p1|Randomkoei|101|1319\n|player|p2|bigpedro|wallace|1293\n|gen|9\n|tier|[Gen 9 Champions] VGC 2026 Reg M-A\n|rated|\n|rule|Species Clause: Limit one of each Pok\u00e9mon\n|rule|Item Clause: Limit 1 of each item\n|clearpoke\n|poke|p1|Blastoise, L50, F|\n|poke|p1|Garchomp, L50, F|\n|poke|p1|Sinistcha, L50|\n|poke|p1|Sylveon, L50, M|\n|poke|p1|Sneasler, L50, F|\n|poke|p1|Aerodactyl, L50, M|\n|poke|p2|Floette-Eternal, L50, F|\n|poke|p2|Delphox, L50, M|\n|poke|p2|Aerodactyl, L50, M|\n|poke|p2|Garchomp, L50, F|\n|poke|p2|Basculegion, L50, M|\n|poke|p2|Sinistcha, L50|\n|teampreview|4\n|inactive|Battle timer is ON: inactive players will automatically lose when time's up. (requested by bigpedro)\n|inactive|bigpedro has 60 seconds left.\n|\n|t:|1776623951\n|teamsize|p1|4\n|teamsize|p2|4\n|start\n|switch|p1a: Blastoise|Blastoise, L50, F|100/100\n|switch|p1b: Sneasler|Sneasler, L50, F|100/100\n|switch|p2a: Aerodactyl|Aerodactyl, L50, M|100/100\n|switch|p2b: Basculegion|Basculegion, L50, M|100/100\n|-ability|p2a: Aerodactyl|Unnerve\n|turn|1\n|inactive|Randomkoei has 30 seconds left.\n|\n|t:|1776623985\n|detailschange|p1a: Blastoise|Blastoise-Mega, L50, F\n|-mega|p1a: Blastoise|Blastoise|Blastoisinite\n|move|p2a: Aerodactyl|Protect|p2a: Aerodactyl\n|-singleturn|p2a: Aerodactyl|Protect\n|move|p1b: Sneasler|Fake Out|p2a: Aerodactyl\n|-activate|p2a: Aerodactyl|move: Protect\n|move|p2b: Basculegion|Flip Turn|p1b: Sneasler\n|-damage|p1b: Sneasler|57/100\n|\n|t:|1776623995\n|switch|p2b: Garchomp|Garchomp, L50, F|100/100|[from] Flip Turn\n|move|p1a: Blastoise|Shell Smash|p1a: Blastoise\n|-unboost|p1a: Blastoise|def|1\n|-unboost|p1a: Blastoise|spd|1\n|-boost|p1a: Blastoise|atk|2\n|-boost|p1a: Blastoise|spa|2\n|-boost|p1a: Blastoise|spe|2\n|\n|upkeep\n|turn|2\n|inactive|Randomkoei has 30 seconds left.\n|inactive|Randomkoei has 20 seconds left.\n|\n|t:|1776624039\n|move|p1b: Sneasler|Protect|p1b: Sneasler\n|-singleturn|p1b: Sneasler|Protect\n|move|p2b: Garchomp|Protect|p2b: Garchomp\n|-singleturn|p2b: Garchomp|Protect\n|move|p1a: Blastoise|Water Spout|p2b: Garchomp|[spread] p2a\n|-activate|p2b: Garchomp|move: Protect\n|-supereffective|p2a: Aerodactyl|1\n|-enditem|p2a: Aerodactyl|Focus Sash\n|-damage|p2a: Aerodactyl|1/100\n|move|p2a: Aerodactyl|Tailwind|p2a: Aerodactyl\n|-sidestart|p2: bigpedro|move: Tailwind\n|\n|upkeep\n|turn|3\n|inactive|Randomkoei has 30 seconds left.\n|inactive|Randomkoei has 20 seconds left.\n|inactive|Randomkoei has 15 seconds left.\n|\n|t:|1776624080\n|switch|p1b: Sylveon|Sylveon, L50, M|100/100\n|move|p2a: Aerodactyl|Dual Wingbeat|p1b: Sylveon\n|-damage|p1b: Sylveon|80/100\n|-damage|p1b: Sylveon|60/100\n|-hitcount|p1b: Sylveon|2\n|move|p2b: Garchomp|Earthquake|p1b: Sylveon|[spread] p1a,p1b\n|-immune|p2a: Aerodactyl\n|-damage|p1a: Blastoise|37/100\n|-damage|p1b: Sylveon|13/100\n|move|p1a: Blastoise|Water Spout|p2b: Garchomp|[spread] p2a,p2b\n|-supereffective|p2a: Aerodactyl|1\n|-damage|p2a: Aerodactyl|0 fnt\n|-damage|p2b: Garchomp|50/100\n|faint|p2a: Aerodactyl\n|\n|upkeep\n|\n|t:|1776624095\n|switch|p2a: Floette|Floette-Eternal, L50, F|100/100\n|turn|4\n|inactive|Randomkoei has 30 seconds left.\n|\n|t:|1776624126\n|detailschange|p2a: Floette|Floette-Mega, L50, F\n|-mega|p2a: Floette|Floette|Floettite\n|-ability|p2a: Floette|Fairy Aura\n|move|p1a: Blastoise|Protect|p1a: Blastoise\n|-singleturn|p1a: Blastoise|Protect\n|move|p1b: Sylveon|Quick Attack|p2b: Garchomp\n|-supereffective|p2b: Garchomp|1\n|-damage|p2b: Garchomp|15/100\n|-damage|p1b: Sylveon|0 fnt|[from] ability: Rough Skin|[of] p2b: Garchomp\n|faint|p1b: Sylveon\n|move|p2a: Floette|Dazzling Gleam|p1a: Blastoise\n|-activate|p1a: Blastoise|move: Protect\n|move|p2b: Garchomp|Stomping Tantrum|p1a: Blastoise\n|-activate|p1a: Blastoise|move: Protect\n|\n|upkeep\n|\n|t:|1776624141\n|switch|p1b: Sneasler|Sneasler, L50, F|57/100\n|turn|5\n|inactive|Randomkoei has 30 seconds left.\n|inactive|Randomkoei has 20 seconds left.\n|inactive|Randomkoei has 15 seconds left.\n|inactive|Randomkoei has 10 seconds left.\n|\n|t:|1776624190\n|move|p1b: Sneasler|Fake Out|p2a: Floette\n|-damage|p2a: Floette|84/100\n|move|p2b: Garchomp|Stomping Tantrum|p1a: Blastoise\n|-damage|p1a: Blastoise|0 fnt\n|faint|p1a: Blastoise\n|cant|p2a: Floette|flinch\n|\n|-sideend|p2: bigpedro|move: Tailwind\n|upkeep\n|\n|t:|1776624198\n|switch|p1a: Sinistcha|Sinistcha, L50|100/100\n|-heal|p1b: Sneasler|82/100|[from] ability: Hospitality|[of] p1a: Sinistcha\n|turn|6\n|\n|t:|1776624210\n|move|p1b: Sneasler|Protect|p1b: Sneasler\n|-singleturn|p1b: Sneasler|Protect\n|move|p2a: Floette|Protect|p2a: Floette\n|-singleturn|p2a: Floette|Protect\n|move|p2b: Garchomp|Earthquake|p1b: Sneasler|[spread] p1a\n|-activate|p2a: Floette|move: Protect\n|-activate|p1b: Sneasler|move: Protect\n|-resisted|p1a: Sinistcha|1\n|-damage|p1a: Sinistcha|80/100\n|move|p1a: Sinistcha|Trick Room|p1a: Sinistcha\n|-fieldstart|move: Trick Room|[of] p1a: Sinistcha\n|\n|upkeep\n|turn|7\n|\n|t:|1776624230\n|move|p1a: Sinistcha|Matcha Gotcha|p2a: Floette|[spread] p2a\n|-miss|p1a: Sinistcha|p2b: Garchomp\n|-damage|p2a: Floette|64/100\n|-heal|p1a: Sinistcha|89/100|[from] drain|[of] p2a: Floette\n|move|p2b: Garchomp|Stomping Tantrum|p1b: Sneasler\n|-supereffective|p1b: Sneasler|1\n|-damage|p1b: Sneasler|0 fnt\n|faint|p1b: Sneasler\n|move|p2a: Floette|Light of Ruin|p1a: Sinistcha\n|-damage|p1a: Sinistcha|0 fnt\n|faint|p1a: Sinistcha\n|-damage|p2a: Floette|14/100|[from] Recoil\n|\n|win|bigpedro\n|raw|Randomkoei's rating: 1319 &rarr; <strong>1298</strong><br />(-21 for losing)\n|raw|bigpedro's rating: 1293 &rarr; <strong>1320</strong><br />(+27 for winning)\n|l|\u2606Randomkoei\n|player|p1|\n|l|\u2606bigpedro\n|player|p2|\n|j|\u2606bigpedro\n|player|p2|bigpedro|wallace|\n",
  "uploadtime": 1776624359,
  "views": 18,
  "formatid": "gen9championsvgc2026regma",
  "rating": 1298,
  "private": 0,
  "password": null
}