{
  "id": "gen9championsvgc2026regma-2588703398",
  "format": "[Gen 9 Champions] VGC 2026 Reg M-A",
  "players": [
    "Jah_08",
    "KeckleonKidVGC"
  ],
  "log": "|j|\u2606Jah_08\n|j|\u2606KeckleonKidVGC\n|t:|1776659670\n|gametype|doubles\n|player|p1|Jah_08|alder|1374\n|player|p2|KeckleonKidVGC|1|1316\n|gen|9\n|tier|[Gen 9 Champions] VGC 2026 Reg M-A\n|rated|\n|rule|Species Clause: Limit one of each Pok\u00e9mon\n|rule|Item Clause: Limit 1 of each item\n|clearpoke\n|poke|p1|Excadrill, L50, M|\n|poke|p1|Whimsicott, L50, M, shiny|\n|poke|p1|Chandelure, L50, F|\n|poke|p1|Zoroark-Hisui, L50, M|\n|poke|p1|Basculegion, L50, M|\n|poke|p1|Hydreigon, L50, M|\n|poke|p2|Pelipper, L50, M|\n|poke|p2|Basculegion, L50, M|\n|poke|p2|Farigiraf, L50, F|\n|poke|p2|Archaludon, L50, M|\n|poke|p2|Drampa, L50, M|\n|poke|p2|Venusaur, L50, M|\n|teampreview|4\n|inactive|Battle timer is ON: inactive players will automatically lose when time's up. (requested by KeckleonKidVGC)\n|inactive|Jah_08 has 60 seconds left.\n|\n|t:|1776659712\n|teamsize|p1|4\n|teamsize|p2|4\n|start\n|switch|p1a: Hydreigon|Hydreigon, L50, M|100/100\n|switch|p1b: Excadrill|Excadrill, L50, M|100/100\n|switch|p2a: Basculegion|Basculegion, L50, M|100/100\n|switch|p2b: Farigiraf|Farigiraf, L50, F|100/100\n|-ability|p1b: Excadrill|Mold Breaker\n|turn|1\n|\n|t:|1776659736\n|move|p1a: Hydreigon|Dark Pulse|p2b: Farigiraf\n|-supereffective|p2b: Farigiraf|1\n|-damage|p2b: Farigiraf|25/100\n|move|p1b: Excadrill|Iron Head|p2b: Farigiraf\n|-damage|p2b: Farigiraf|0 fnt\n|faint|p2b: Farigiraf\n|move|p2a: Basculegion|Flip Turn|p1b: Excadrill\n|-supereffective|p1b: Excadrill|1\n|-enditem|p1b: Excadrill|Focus Sash\n|-damage|p1b: Excadrill|1/100\n|\n|t:|1776659746\n|switch|p2a: Pelipper|Pelipper, L50, M|100/100|[from] Flip Turn\n|-weather|RainDance|[from] ability: Drizzle|[of] p2a: Pelipper\n|\n|-weather|RainDance|[upkeep]\n|upkeep\n|\n|t:|1776659751\n|switch|p2b: Venusaur|Venusaur, L50, M|100/100\n|turn|2\n|\n|t:|1776659764\n|detailschange|p2b: Venusaur|Venusaur-Mega, L50, M\n|-mega|p2b: Venusaur|Venusaur|Venusaurite\n|move|p1a: Hydreigon|Dark Pulse|p2a: Pelipper\n|-damage|p2a: Pelipper|26/100\n|move|p1b: Excadrill|Rock Slide|p2b: Venusaur|[spread] p2b\n|-miss|p1b: Excadrill|p2a: Pelipper\n|-damage|p2b: Venusaur|84/100\n|move|p2a: Pelipper|Tailwind|p2a: Pelipper\n|-sidestart|p2: KeckleonKidVGC|move: Tailwind\n|move|p2b: Venusaur|Energy Ball|p1b: Excadrill\n|-damage|p1b: Excadrill|0 fnt\n|faint|p1b: Excadrill\n|\n|-weather|RainDance|[upkeep]\n|upkeep\n|\n|t:|1776659782\n|switch|p1b: Whimsicott|Whimsicott, L50, M, shiny|100/100\n|turn|3\n|\n|t:|1776659799\n|move|p1b: Whimsicott|Protect|p1b: Whimsicott\n|-singleturn|p1b: Whimsicott|Protect\n|move|p2a: Pelipper|Hurricane|p1a: Hydreigon\n|-damage|p1a: Hydreigon|43/100\n|-start|p1a: Hydreigon|confusion\n|move|p2b: Venusaur|Sludge Bomb|p1b: Whimsicott\n|-activate|p1b: Whimsicott|move: Protect\n|-activate|p1a: Hydreigon|confusion\n|move|p1a: Hydreigon|Dark Pulse|p2a: Pelipper\n|-damage|p2a: Pelipper|0 fnt\n|faint|p2a: Pelipper\n|\n|-weather|RainDance|[upkeep]\n|upkeep\n|\n|t:|1776659812\n|switch|p2a: Basculegion|Basculegion, L50, M|100/100\n|turn|4\n|\n|t:|1776659833\n|-activate|p1a: Hydreigon|confusion\n|move|p1a: Hydreigon|Protect|p1a: Hydreigon\n|-singleturn|p1a: Hydreigon|Protect\n|move|p1b: Whimsicott|Tailwind|p1b: Whimsicott\n|-sidestart|p1: Jah_08|move: Tailwind\n|move|p2a: Basculegion|Last Respects|p1a: Hydreigon\n|-activate|p1a: Hydreigon|move: Protect\n|move|p2b: Venusaur|Sludge Bomb|p1b: Whimsicott\n|-supereffective|p1b: Whimsicott|2\n|-damage|p1b: Whimsicott|0 fnt\n|faint|p1b: Whimsicott\n|\n|-weather|RainDance|[upkeep]\n|upkeep\n|\n|t:|1776659848\n|switch|p1b: Basculegion|Basculegion, L50, M|100/100\n|turn|5\n|\n|t:|1776659856\n|move|p2a: Basculegion|Protect|p2a: Basculegion\n|-singleturn|p2a: Basculegion|Protect\n|move|p1b: Basculegion|Last Respects|p2a: Basculegion\n|-activate|p2a: Basculegion|move: Protect\n|-end|p1a: Hydreigon|confusion\n|move|p1a: Hydreigon|Dark Pulse|p2a: Basculegion\n|-activate|p2a: Basculegion|move: Protect\n|move|p2b: Venusaur|Energy Ball|p1b: Basculegion\n|-supereffective|p1b: Basculegion|1\n|-damage|p1b: Basculegion|0 fnt\n|faint|p1b: Basculegion\n|\n|-weather|none\n|-sideend|p2: KeckleonKidVGC|move: Tailwind\n|upkeep\n|turn|6\n|\n|t:|1776659874\n|move|p1a: Hydreigon|Dark Pulse|p2a: Basculegion\n|-supereffective|p2a: Basculegion|1\n|-damage|p2a: Basculegion|10/100\n|cant|p2a: Basculegion|flinch\n|move|p2b: Venusaur|Sludge Bomb|p1a: Hydreigon\n|-damage|p1a: Hydreigon|0 fnt\n|faint|p1a: Hydreigon\n|\n|win|KeckleonKidVGC\n|raw|Jah_08's rating: 1374 &rarr; <strong>1351</strong><br />(-23 for losing)\n|raw|KeckleonKidVGC's rating: 1316 &rarr; <strong>1339</strong><br />(+23 for winning)\n|l|\u2606KeckleonKidVGC\n|player|p2|\n",
  "uploadtime": 1776659885,
  "views": 6,
  "formatid": "gen9championsvgc2026regma",
  "rating": 1339,
  "private": 0,
  "password": null
}