{
  "id": "gen9championsvgc2026regma-2583570293",
  "format": "[Gen 9 Champions] VGC 2026 Reg M-A",
  "players": [
    "ExynosOS",
    "Hadrian Blue"
  ],
  "log": "|j|\u2606ExynosOS\n|j|\u2606Hadrian Blue\n|t:|1776183959\n|gametype|doubles\n|player|p1|ExynosOS|volkner|\n|player|p2|Hadrian Blue|palmer|\n|gen|9\n|tier|[Gen 9 Champions] VGC 2026 Reg M-A\n|rule|Species Clause: Limit one of each Pok\u00e9mon\n|rule|Item Clause: Limit 1 of each item\n|clearpoke\n|poke|p1|Tyranitar, L50, F|\n|poke|p1|Excadrill, L50, F|\n|poke|p1|Talonflame, L50, M|\n|poke|p1|Corviknight, L50, M|\n|poke|p1|Aegislash, L50, M|\n|poke|p1|Rotom-Wash, L50|\n|poke|p2|Kingambit, L50, F|\n|poke|p2|Froslass, L50, F|\n|poke|p2|Hydreigon, L50, M|\n|poke|p2|Whimsicott, L50, F|\n|poke|p2|Sneasler, L50, F|\n|poke|p2|Ninetales-Alola, L50, F|\n|teampreview|4\n|l|\u2606ExynosOS\n|player|p1|\n|j|\u2606ExynosOS\n|player|p1|ExynosOS|volkner|\n|\n|t:|1776184027\n|teamsize|p1|4\n|teamsize|p2|4\n|start\n|switch|p1a: Excadrill|Excadrill, L50, F|100/100\n|switch|p1b: Rotom|Rotom-Wash, L50, shiny|100/100\n|switch|p2a: Froslass|Froslass, L50, F|100/100\n|switch|p2b: Whimsicott|Whimsicott, L50, F|100/100\n|turn|1\n|\n|t:|1776184053\n|detailschange|p2a: Froslass|Froslass-Mega, L50, F\n|-mega|p2a: Froslass|Froslass|Froslassite\n|-weather|Snowscape|[from] ability: Snow Warning|[of] p2a: Froslass\n|move|p2b: Whimsicott|Tailwind|p2b: Whimsicott\n|-sidestart|p2: Hadrian Blue|move: Tailwind\n|move|p2a: Froslass|Aurora Veil|p2a: Froslass\n|-sidestart|p2: Hadrian Blue|move: Aurora Veil\n|move|p1a: Excadrill|Iron Head|p2a: Froslass\n|-supereffective|p2a: Froslass|1\n|-damage|p2a: Froslass|29/100\n|move|p1b: Rotom|Volt Switch|p2a: Froslass\n|-damage|p2a: Froslass|5/100\n|\n|t:|1776184084\n|switch|p1b: Corviknight|Corviknight, L50, M|100/100|[from] Volt Switch\n|\n|-weather|Snowscape|[upkeep]\n|upkeep\n|turn|2\n|l|\u2606ExynosOS\n|player|p1|\n|\n|t:|1776184114\n|move|p2b: Whimsicott|Helping Hand|p2a: Froslass\n|-singleturn|p2a: Froslass|Helping Hand|[of] p2b: Whimsicott\n|move|p2a: Froslass|Blizzard|p1a: Excadrill|[spread] p1a,p1b\n|-enditem|p1a: Excadrill|Focus Sash\n|-damage|p1a: Excadrill|1/100\n|-damage|p1b: Corviknight|38/100\n|-enditem|p1b: Corviknight|Sitrus Berry|[eat]\n|-heal|p1b: Corviknight|62/100|[from] item: Sitrus Berry\n|move|p1a: Excadrill|Earthquake|p2b: Whimsicott|[spread] p2a,p2b\n|-immune|p1b: Corviknight\n|-resisted|p2b: Whimsicott|1\n|-damage|p2a: Froslass|0 fnt\n|-damage|p2b: Whimsicott|84/100\n|faint|p2a: Froslass\n|move|p1b: Corviknight|Brave Bird|p2b: Whimsicott\n|-supereffective|p2b: Whimsicott|1\n|-damage|p2b: Whimsicott|19/100\n|-damage|p1b: Corviknight|45/100|[from] Recoil\n|\n|-weather|Snowscape|[upkeep]\n|upkeep\n|j|\u2606ExynosOS\n|player|p1|ExynosOS|volkner|\n|\n|t:|1776184134\n|switch|p2a: Hydreigon|Hydreigon, L50, M|100/100\n|turn|3\n|\n|t:|1776184154\n|move|p2b: Whimsicott|Helping Hand|p2a: Hydreigon\n|-singleturn|p2a: Hydreigon|Helping Hand|[of] p2b: Whimsicott\n|move|p1a: Excadrill|Protect|p1a: Excadrill\n|-singleturn|p1a: Excadrill|Protect\n|move|p2a: Hydreigon|Heat Wave|p1b: Corviknight|[spread] p1b\n|-activate|p1a: Excadrill|move: Protect\n|-supereffective|p1b: Corviknight|1\n|-crit|p1b: Corviknight\n|-damage|p1b: Corviknight|0 fnt\n|faint|p1b: Corviknight\n|\n|-weather|Snowscape|[upkeep]\n|upkeep\n|\n|t:|1776184179\n|switch|p1b: Rotom|Rotom-Wash, L50, shiny|100/100\n|turn|4\n|l|\u2606ExynosOS\n|player|p1|\n|\n|t:|1776184212\n|move|p2b: Whimsicott|Moonblast|p1a: Excadrill\n|-resisted|p1a: Excadrill|1\n|-damage|p1a: Excadrill|0 fnt\n|faint|p1a: Excadrill\n|move|p2a: Hydreigon|Draco Meteor|p1b: Rotom\n|-damage|p1b: Rotom|52/100\n|-unboost|p2a: Hydreigon|spa|2\n|-enditem|p2a: Hydreigon|White Herb\n|-clearnegativeboost|p2a: Hydreigon|[silent]\n|move|p1b: Rotom|Discharge|p2a: Hydreigon|[spread] p2a,p2b\n|-resisted|p2a: Hydreigon|1\n|-resisted|p2b: Whimsicott|1\n|-damage|p2a: Hydreigon|91/100\n|-damage|p2b: Whimsicott|8/100\n|-status|p2b: Whimsicott|par\n|\n|-weather|Snowscape|[upkeep]\n|-sideend|p2: Hadrian Blue|move: Tailwind\n|upkeep\n|j|\u2606ExynosOS\n|player|p1|ExynosOS|volkner|\n|\n|t:|1776184221\n|switch|p1a: Tyranitar|Tyranitar, L50, F, shiny|100/100\n|-weather|Sandstorm|[from] ability: Sand Stream|[of] p1a: Tyranitar\n|turn|5\n|\n|t:|1776184246\n|detailschange|p1a: Tyranitar|Tyranitar-Mega, L50, F, shiny\n|-mega|p1a: Tyranitar|Tyranitar|Tyranitarite\n|cant|p2b: Whimsicott|par\n|move|p2a: Hydreigon|Flash Cannon|p1a: Tyranitar\n|-supereffective|p1a: Tyranitar|1\n|-damage|p1a: Tyranitar|72/100\n|move|p1b: Rotom|Discharge|p2a: Hydreigon|[spread] p1a,p2a,p2b\n|-resisted|p2a: Hydreigon|1\n|-resisted|p2b: Whimsicott|1\n|-damage|p1a: Tyranitar|61/100\n|-damage|p2a: Hydreigon|82/100\n|-damage|p2b: Whimsicott|0 fnt\n|faint|p2b: Whimsicott\n|move|p1a: Tyranitar|Low Kick|p2a: Hydreigon\n|-supereffective|p2a: Hydreigon|1\n|-damage|p2a: Hydreigon|8/100\n|\n|-weather|Sandstorm|[upkeep]\n|-damage|p2a: Hydreigon|2/100|[from] Sandstorm\n|-damage|p1b: Rotom|46/100|[from] Sandstorm\n|-sideend|p2: Hadrian Blue|move: Aurora Veil\n|upkeep\n|\n|t:|1776184262\n|switch|p2b: Ninetales|Ninetales-Alola, L50, F|100/100\n|turn|6\n|\n|t:|1776184281\n|move|p2a: Hydreigon|Flash Cannon|p1a: Tyranitar\n|-supereffective|p1a: Tyranitar|1\n|-damage|p1a: Tyranitar|34/100\n|move|p2b: Ninetales|Moonblast|p1a: Tyranitar\n|-supereffective|p1a: Tyranitar|1\n|-crit|p1a: Tyranitar\n|-damage|p1a: Tyranitar|0 fnt\n|faint|p1a: Tyranitar\n|move|p1b: Rotom|Discharge|p2b: Ninetales|[spread] p2a,p2b\n|-resisted|p2a: Hydreigon|1\n|-damage|p2a: Hydreigon|0 fnt\n|-damage|p2b: Ninetales|73/100\n|-status|p2b: Ninetales|par\n|faint|p2a: Hydreigon\n|\n|-weather|Sandstorm|[upkeep]\n|-damage|p1b: Rotom|41/100|[from] Sandstorm\n|-damage|p2b: Ninetales|67/100 par|[from] Sandstorm\n|-heal|p2b: Ninetales|73/100 par|[from] item: Leftovers\n|upkeep\n|turn|7\n|\n|t:|1776184301\n|move|p1b: Rotom|Hydro Pump|p2b: Ninetales\n|-damage|p2b: Ninetales|33/100 par\n|cant|p2b: Ninetales|par\n|\n|-weather|Sandstorm|[upkeep]\n|-damage|p1b: Rotom|35/100|[from] Sandstorm\n|-damage|p2b: Ninetales|27/100 par|[from] Sandstorm\n|-heal|p2b: Ninetales|33/100 par|[from] item: Leftovers\n|upkeep\n|turn|8\n|\n|t:|1776184311\n|move|p1b: Rotom|Hydro Pump|p2b: Ninetales\n|-damage|p2b: Ninetales|0 fnt\n|faint|p2b: Ninetales\n|\n|win|ExynosOS\n|l|\u2606ExynosOS\n|player|p1|\n|j|\u2606ExynosOS\n|player|p1|ExynosOS|volkner|\n",
  "uploadtime": 1776184411,
  "views": 13,
  "formatid": "gen9championsvgc2026regma",
  "rating": null,
  "private": 0,
  "password": null
}