{
  "id": "gen9championsvgc2026regma-2584439179",
  "format": "[Gen 9 Champions] VGC 2026 Reg M-A",
  "players": [
    "Kirbo5500",
    "Heny_Staven"
  ],
  "log": "|j|\u2606Kirbo5500\n|j|\u2606Heny_Staven\n|t:|1776260941\n|gametype|doubles\n|player|p1|Kirbo5500|265|1052\n|player|p2|Heny_Staven|102|1095\n|gen|9\n|tier|[Gen 9 Champions] VGC 2026 Reg M-A\n|rated|\n|rule|Species Clause: Limit one of each Pok\u00e9mon\n|rule|Item Clause: Limit 1 of each item\n|clearpoke\n|poke|p1|Meganium, L50, M|\n|poke|p1|Primarina, L50, F|\n|poke|p1|Incineroar, L50, M|\n|poke|p1|Garchomp, L50, M|\n|poke|p1|Kingambit, L50, M|\n|poke|p1|Vivillon, L50, M|\n|poke|p2|Garchomp, L50, M|\n|poke|p2|Sinistcha, L50|\n|poke|p2|Kingambit, L50, F|\n|poke|p2|Rotom-Wash, L50|\n|poke|p2|Charizard, L50, M|\n|poke|p2|Incineroar, L50, M|\n|teampreview|4\n|inactive|Battle timer is ON: inactive players will automatically lose when time's up. (requested by Heny_Staven)\nHeny_Staven rejected open team sheets.\n|inactive|Kirbo5500 has 60 seconds left.\n|\n|t:|1776260973\n|teamsize|p1|4\n|teamsize|p2|4\n|start\n|switch|p1a: Garchomp|Garchomp, L50, M|100/100\n|switch|p1b: Meganium|Meganium, L50, M|100/100\n|switch|p2a: Charizard|Charizard, L50, M|100/100\n|switch|p2b: Rotom|Rotom-Wash, L50|100/100\n|turn|1\n|inactive|Heny_Staven has 30 seconds left.\n|\n|t:|1776261000\n|detailschange|p2a: Charizard|Charizard-Mega-Y, L50, M\n|-mega|p2a: Charizard|Charizard|Charizardite Y\n|-weather|SunnyDay|[from] ability: Drought|[of] p2a: Charizard\n|move|p1b: Meganium|Protect|p1b: Meganium\n|-singleturn|p1b: Meganium|Protect\n|move|p1a: Garchomp|Stealth Rock|p2a: Charizard\n|-sidestart|p2: Heny_Staven|move: Stealth Rock\n|move|p2a: Charizard|Air Slash|p1b: Meganium\n|-activate|p1b: Meganium|move: Protect\n|move|p2b: Rotom|Volt Switch|p1b: Meganium\n|-activate|p1b: Meganium|move: Protect\n|\n|-weather|SunnyDay|[upkeep]\n|upkeep\n|turn|2\n|inactive|Kirbo5500 has 30 seconds left.\n|\n|t:|1776261025\n|switch|p2b: Incineroar|Incineroar, L50, M|100/100\n|-damage|p2b: Incineroar|75/100|[from] Stealth Rock\n|-ability|p2b: Incineroar|Intimidate|boost\n|-unboost|p1a: Garchomp|atk|1\n|-unboost|p1b: Meganium|atk|1\n|switch|p1b: Incineroar|Incineroar, L50, M|100/100\n|-ability|p1b: Incineroar|Intimidate|boost\n|-unboost|p2a: Charizard|atk|1\n|-unboost|p2b: Incineroar|atk|1\n|move|p1a: Garchomp|Breaking Swipe|p2b: Incineroar|[spread] p2a,p2b\n|-crit|p2b: Incineroar\n|-damage|p2a: Charizard|77/100\n|-damage|p2b: Incineroar|35/100\n|-unboost|p2a: Charizard|atk|1\n|-unboost|p2b: Incineroar|atk|1\n|move|p2a: Charizard|Air Slash|p1b: Incineroar\n|-damage|p1b: Incineroar|50/100\n|-enditem|p1b: Incineroar|Sitrus Berry|[eat]\n|-heal|p1b: Incineroar|75/100|[from] item: Sitrus Berry\n|\n|-weather|SunnyDay|[upkeep]\n|-heal|p2b: Incineroar|41/100|[from] item: Leftovers\n|upkeep\n|turn|3\n|\n|t:|1776261050\n|move|p1b: Incineroar|Fake Out|p2a: Charizard\n|-damage|p2a: Charizard|58/100\n|move|p2b: Incineroar|Fake Out|p1a: Garchomp\n|-damage|p1a: Garchomp|93/100\n|-damage|p2b: Incineroar|29/100|[from] ability: Rough Skin|[of] p1a: Garchomp\n|cant|p1a: Garchomp|flinch\n|cant|p2a: Charizard|flinch\n|\n|-weather|SunnyDay|[upkeep]\n|-heal|p2b: Incineroar|35/100|[from] item: Leftovers\n|upkeep\n|turn|4\n|\n|t:|1776261071\n|switch|p2b: Garchomp|Garchomp, L50, M|100/100\n|-damage|p2b: Garchomp|95/100|[from] Stealth Rock\n|move|p1a: Garchomp|Breaking Swipe|p2a: Charizard|[spread] p2a,p2b\n|-crit|p2a: Charizard\n|-supereffective|p2b: Garchomp|1\n|-damage|p2a: Charizard|11/100\n|-damage|p2b: Garchomp|62/100\n|-unboost|p2a: Charizard|atk|1\n|-unboost|p2b: Garchomp|atk|1\n|move|p2a: Charizard|Air Slash|p1a: Garchomp\n|-damage|p1a: Garchomp|39/100\n|move|p1b: Incineroar|Darkest Lariat|p2a: Charizard\n|-damage|p2a: Charizard|0 fnt\n|faint|p2a: Charizard\n|\n|-weather|SunnyDay|[upkeep]\n|upkeep\n|\n|t:|1776261080\n|switch|p2a: Incineroar|Incineroar, L50, M|35/100\n|-damage|p2a: Incineroar|10/100|[from] Stealth Rock\n|-ability|p2a: Incineroar|Intimidate|boost\n|-unboost|p1a: Garchomp|atk|1\n|-unboost|p1b: Incineroar|atk|1\n|turn|5\n|\n|t:|1776261088\n|move|p2a: Incineroar|Fake Out|p1b: Incineroar\n|-damage|p1b: Incineroar|61/100\n|move|p2b: Garchomp|Dragon Claw|p1a: Garchomp\n|-supereffective|p1a: Garchomp|1\n|-damage|p1a: Garchomp|0 fnt\n|-damage|p2b: Garchomp|50/100|[from] ability: Rough Skin|[of] p1a: Garchomp\n|faint|p1a: Garchomp\n|cant|p1b: Incineroar|flinch\n|\n|-weather|none\n|-heal|p2a: Incineroar|16/100|[from] item: Leftovers\n|upkeep\n|\n|t:|1776261095\n|switch|p1a: Meganium|Meganium, L50, M|100/100\n|turn|6\n|\n|t:|1776261103\n|switch|p2b: Rotom|Rotom-Wash, L50|100/100\n|-damage|p2b: Rotom|88/100|[from] Stealth Rock\n|detailschange|p1a: Meganium|Meganium-Mega, L50, M\n|-mega|p1a: Meganium|Meganium|Meganiumite\n|move|p1a: Meganium|Solar Beam||[still]\n|-prepare|p1a: Meganium|Solar Beam\n|-activate|p1a: Meganium|ability: Mega Sol\n|-anim|p1a: Meganium|Solar Beam|p2b: Rotom\n|-supereffective|p2b: Rotom|1\n|-damage|p2b: Rotom|0 fnt\n|faint|p2b: Rotom\n|move|p1b: Incineroar|Darkest Lariat|p2a: Incineroar\n|-resisted|p2a: Incineroar|1\n|-damage|p2a: Incineroar|0 fnt\n|faint|p2a: Incineroar\n|\n|upkeep\n|-message|Heny_Staven forfeited.\n|\n|win|Kirbo5500\n|raw|Kirbo5500's rating: 1052 &rarr; <strong>1088</strong><br />(+36 for winning)\n|raw|Heny_Staven's rating: 1095 &rarr; <strong>1068</strong><br />(-27 for losing)\n|l|\u2606Heny_Staven\n|player|p2|\n",
  "uploadtime": 1776261118,
  "views": 28,
  "formatid": "gen9championsvgc2026regma",
  "rating": 1068,
  "private": 0,
  "password": null
}