{
  "id": "gen9championsvgc2026regma-2582627111",
  "format": "[Gen 9 Champions] VGC 2026 Reg M-A",
  "players": [
    "LKBZS",
    "cactusdestroyer"
  ],
  "log": "|j|\u2606LKBZS\n|j|\u2606cactusdestroyer\n|t:|1776103525\n|gametype|doubles\n|player|p1|LKBZS|n|1255\n|player|p2|cactusdestroyer|170|1261\n|gen|9\n|tier|[Gen 9 Champions] VGC 2026 Reg M-A\n|rated|\n|rule|Species Clause: Limit one of each Pok\u00e9mon\n|rule|Item Clause: Limit 1 of each item\n|clearpoke\n|poke|p1|Froslass, L50, F|\n|poke|p1|Kingambit, L50, M|\n|poke|p1|Gyarados, L50, F|\n|poke|p1|Primarina, L50, M|\n|poke|p1|Raichu, L50, F|\n|poke|p1|Incineroar, L50, M|\n|poke|p2|Garchomp, L50, F|\n|poke|p2|Pelipper, L50, M|\n|poke|p2|Archaludon, L50, M|\n|poke|p2|Basculegion, L50, M|\n|poke|p2|Liepard, L50, F|\n|poke|p2|Greninja-*, L50, M|\n|teampreview|4\n|\n|t:|1776103574\n|teamsize|p1|4\n|teamsize|p2|4\n|start\n|switch|p1a: Froslass|Froslass, L50, F|100/100\n|switch|p1b: Incineroar|Incineroar, L50, M|100/100\n|switch|p2a: Pelipper|Pelipper, L50, M|100/100\n|switch|p2b: Archaludon|Archaludon, L50, M|100/100\n|-ability|p1b: Incineroar|Intimidate|boost\n|-unboost|p2a: Pelipper|atk|1\n|-unboost|p2b: Archaludon|atk|1\n|-weather|RainDance|[from] ability: Drizzle|[of] p2a: Pelipper\n|turn|1\n|inactive|Battle timer is ON: inactive players will automatically lose when time's up. (requested by cactusdestroyer)\n|\n|t:|1776103591\n|detailschange|p1a: Froslass|Froslass-Mega, L50, F\n|-mega|p1a: Froslass|Froslass|Froslassite\n|-weather|Snowscape|[from] ability: Snow Warning|[of] p1a: Froslass\n|move|p1b: Incineroar|Fake Out|p2b: Archaludon\n|-resisted|p2b: Archaludon|1\n|-damage|p2b: Archaludon|96/100\n|-ability|p2b: Archaludon|Stamina|boost\n|-boost|p2b: Archaludon|def|1\n|move|p1a: Froslass|Aurora Veil|p1a: Froslass\n|-sidestart|p1: LKBZS|move: Aurora Veil\n|cant|p2b: Archaludon|flinch\n|move|p2a: Pelipper|Tailwind|p2a: Pelipper\n|-sidestart|p2: cactusdestroyer|move: Tailwind\n|\n|-weather|Snowscape|[upkeep]\n|upkeep\n|turn|2\n|\n|t:|1776103610\n|switch|p2a: Greninja|Greninja, L50, M|100/100\n|move|p2b: Archaludon|Flash Cannon|p1a: Froslass\n|-supereffective|p1a: Froslass|1\n|-damage|p1a: Froslass|31/100\n|-unboost|p1a: Froslass|spd|1\n|move|p1a: Froslass|Blizzard|p2b: Archaludon|[spread] p2a,p2b\n|-resisted|p2a: Greninja|1\n|-damage|p2a: Greninja|65/100\n|-damage|p2b: Archaludon|49/100\n|-ability|p2b: Archaludon|Stamina|boost\n|-boost|p2b: Archaludon|def|1\n|move|p1b: Incineroar|Parting Shot|p2b: Archaludon\n|-unboost|p2b: Archaludon|atk|1\n|-unboost|p2b: Archaludon|spa|1\n|\n|t:|1776103621\n|switch|p1b: Primarina|Primarina, L50, M|100/100|[from] Parting Shot\n|\n|-weather|Snowscape|[upkeep]\n|upkeep\n|turn|3\n|\n|t:|1776103643\n|switch|p2a: Pelipper|Pelipper, L50, M|100/100\n|-weather|RainDance|[from] ability: Drizzle|[of] p2a: Pelipper\n|switch|p1a: Raichu|Raichu, L50, F|100/100\n|move|p2b: Archaludon|Electro Shot||[still]\n|-activate|p1a: Raichu|ability: Lightning Rod\n|-prepare|p2b: Archaludon|Electro Shot\n|-boost|p2b: Archaludon|spa|1\n|-anim|p2b: Archaludon|Electro Shot|p1a: Raichu\n|-ability|p1a: Raichu|Lightning Rod|boost\n|-boost|p1a: Raichu|spa|1\n|move|p1b: Primarina|Calm Mind|p1b: Primarina\n|-boost|p1b: Primarina|spa|1\n|-boost|p1b: Primarina|spd|1\n|\n|-weather|RainDance|[upkeep]\n|upkeep\n|turn|4\n|\n|t:|1776103662\n|move|p2b: Archaludon|Draco Meteor|p1a: Raichu\n|-damage|p1a: Raichu|27/100\n|-unboost|p2b: Archaludon|spa|2\n|move|p1a: Raichu|Thunderbolt|p2a: Pelipper\n|-supereffective|p2a: Pelipper|2\n|-damage|p2a: Pelipper|0 fnt\n|faint|p2a: Pelipper\n|move|p1b: Primarina|Moonblast|p2b: Archaludon\n|-damage|p2b: Archaludon|0 fnt\n|faint|p2b: Archaludon\n|\n|-weather|RainDance|[upkeep]\n|-sideend|p2: cactusdestroyer|move: Tailwind\n|upkeep\n|\n|t:|1776103669\n|switch|p2b: Greninja|Greninja, L50, M|65/100\n|switch|p2a: Liepard|Liepard, L50, F|100/100\n|turn|5\n|inactive|cactusdestroyer has 30 seconds left.\n|\n|t:|1776103699\n|detailschange|p2b: Greninja|Greninja-Mega, L50, M\n|-mega|p2b: Greninja|Greninja|Greninjite\n|move|p2a: Liepard|Fake Out|p1b: Primarina\n|-damage|p1b: Primarina|93/100\n|move|p2b: Greninja|Ice Beam|p1a: Raichu\n|-start|p2b: Greninja|typechange|Ice|[from] ability: Protean\n|-damage|p1a: Raichu|0 fnt\n|faint|p1a: Raichu\n|cant|p1b: Primarina|flinch\n|\n|-weather|RainDance|[upkeep]\n|-sideend|p1: LKBZS|move: Aurora Veil\n|upkeep\n|\n|t:|1776103708\n|switch|p1a: Incineroar|Incineroar, L50, M|100/100\n|-ability|p1a: Incineroar|Intimidate|boost\n|-unboost|p2a: Liepard|atk|1\n|-unboost|p2b: Greninja|atk|1\n|turn|6\n|\n|t:|1776103728\n|move|p1a: Incineroar|Fake Out|p2b: Greninja\n|-damage|p2b: Greninja|46/100\n|cant|p2b: Greninja|flinch\n|move|p2a: Liepard|Knock Off|p1b: Primarina\n|-resisted|p1b: Primarina|1\n|-damage|p1b: Primarina|81/100\n|-enditem|p1b: Primarina|Mystic Water|[from] move: Knock Off|[of] p2a: Liepard\n|move|p1b: Primarina|Hyper Voice|p2b: Greninja|[spread] p2a,p2b\n|-enditem|p2a: Liepard|Focus Sash\n|-damage|p2a: Liepard|1/100\n|-damage|p2b: Greninja|0 fnt\n|faint|p2b: Greninja\n|\n|-weather|RainDance|[upkeep]\n|upkeep\n|turn|7\n|-message|cactusdestroyer forfeited.\n|\n|win|LKBZS\n|raw|LKBZS's rating: 1255 &rarr; <strong>1280</strong><br />(+25 for winning)\n|raw|cactusdestroyer's rating: 1261 &rarr; <strong>1236</strong><br />(-25 for losing)\n|l|\u2606cactusdestroyer\n|player|p2|\n",
  "uploadtime": 1776103744,
  "views": 35,
  "formatid": "gen9championsvgc2026regma",
  "rating": 1236,
  "private": 0,
  "password": null
}