{
  "id": "gen9championsvgc2026regma-2580422395",
  "format": "[Gen 9 Champions] VGC 2026 Reg M-A",
  "players": [
    "EtherealR",
    "risered28"
  ],
  "log": "|j|\u2606EtherealR\n|j|\u2606risered28\n|t:|1775894127\n|gametype|doubles\n|player|p1|EtherealR|hilda-wonderlauncher|1000\n|player|p2|risered28|265|1049\n|gen|9\n|tier|[Gen 9 Champions] VGC 2026 Reg M-A\n|rated|\n|rule|Species Clause: Limit one of each Pok\u00e9mon\n|rule|Item Clause: Limit 1 of each item\n|clearpoke\n|poke|p1|Chesnaught, L50, F|\n|poke|p1|Farigiraf, L50, M|\n|poke|p1|Froslass, L50, F|\n|poke|p1|Arcanine-Hisui, L50, M|\n|poke|p1|Sneasler, L50, F|\n|poke|p1|Incineroar, L50, M|\n|poke|p2|Scizor, L50, F|\n|poke|p2|Pikachu, L50, M|\n|poke|p2|Sinistcha, L50|\n|poke|p2|Pelipper, L50, M|\n|poke|p2|Sneasler, L50, F|\n|poke|p2|Arcanine, L50, F|\n|teampreview|4\n|inactive|Battle timer is ON: inactive players will automatically lose when time's up. (requested by risered28)\n|inactiveoff|Battle timer is now OFF.\n|inactive|Battle timer is ON: inactive players will automatically lose when time's up. (requested by EtherealR)\n|\n|t:|1775894206\n|teamsize|p1|4\n|teamsize|p2|4\n|start\n|switch|p1a: Incineroar|Incineroar, L50, M|100/100\n|switch|p1b: Arcanine|Arcanine-Hisui, L50, M|100/100\n|switch|p2a: Sneasler|Sneasler, L50, F|100/100\n|switch|p2b: Scizor|Scizor, L50, F|100/100\n|-ability|p1b: Arcanine|Intimidate|boost\n|-unboost|p2a: Sneasler|atk|1\n|-unboost|p2b: Scizor|atk|1\n|-ability|p1a: Incineroar|Intimidate|boost\n|-unboost|p2a: Sneasler|atk|1\n|-unboost|p2b: Scizor|atk|1\n|turn|1\n|\n|t:|1775894219\n|detailschange|p2b: Scizor|Scizor-Mega, L50, F\n|-mega|p2b: Scizor|Scizor|Scizorite\n|move|p2b: Scizor|Protect|p2b: Scizor\n|-singleturn|p2b: Scizor|Protect\n|move|p1a: Incineroar|Fake Out|p2a: Sneasler\n|-crit|p2a: Sneasler\n|-damage|p2a: Sneasler|74/100\n|move|p1b: Arcanine|Flare Blitz|p2b: Scizor\n|-activate|p2b: Scizor|move: Protect\n|cant|p2a: Sneasler|flinch\n|\n|upkeep\n|turn|2\n|inactive|risered28 has 30 seconds left.\n|\n|t:|1775894247\n|switch|p2b: Pelipper|Pelipper, L50, M|100/100\n|-weather|RainDance|[from] ability: Drizzle|[of] p2b: Pelipper\n|move|p1b: Arcanine|Flare Blitz|p2b: Pelipper\n|-resisted|p2b: Pelipper|1\n|-damage|p2b: Pelipper|81/100\n|-damage|p1b: Arcanine|95/100|[from] Recoil\n|move|p2a: Sneasler|Close Combat|p1b: Arcanine\n|-supereffective|p1b: Arcanine|1\n|-damage|p1b: Arcanine|15/100\n|-unboost|p2a: Sneasler|def|1\n|-unboost|p2a: Sneasler|spd|1\n|move|p1a: Incineroar|Parting Shot|p2a: Sneasler\n|-unboost|p2a: Sneasler|atk|1\n|-unboost|p2a: Sneasler|spa|1\n|\n|t:|1775894262\n|switch|p1a: Froslass|Froslass, L50, F|100/100|[from] Parting Shot\n|\n|-weather|RainDance|[upkeep]\n|upkeep\n|turn|3\n|\n|t:|1775894273\n|switch|p1b: Incineroar|Incineroar, L50, M|100/100\n|-ability|p1b: Incineroar|Intimidate|boost\n|-unboost|p2a: Sneasler|atk|1\n|-unboost|p2b: Pelipper|atk|1\n|switch|p2b: Scizor|Scizor-Mega, L50, F|100/100\n|detailschange|p1a: Froslass|Froslass-Mega, L50, F\n|-mega|p1a: Froslass|Froslass|Froslassite\n|-weather|Snowscape|[from] ability: Snow Warning|[of] p1a: Froslass\n|move|p1a: Froslass|Aurora Veil|p1a: Froslass\n|-sidestart|p1: EtherealR|move: Aurora Veil\n|move|p2a: Sneasler|Coaching|p2b: Scizor\n|-boost|p2b: Scizor|atk|1\n|-boost|p2b: Scizor|def|1\n|\n|-weather|Snowscape|[upkeep]\n|upkeep\n|turn|4\n|\n|t:|1775894292\n|switch|p2a: Pelipper|Pelipper, L50, M|81/100\n|-weather|RainDance|[from] ability: Drizzle|[of] p2a: Pelipper\n|move|p2b: Scizor|Protect|p2b: Scizor\n|-singleturn|p2b: Scizor|Protect\n|move|p1b: Incineroar|Fake Out|p2b: Scizor\n|-activate|p2b: Scizor|move: Protect\n|move|p1a: Froslass|Shadow Ball|p2b: Scizor\n|-activate|p2b: Scizor|move: Protect\n|\n|-weather|RainDance|[upkeep]\n|upkeep\n|turn|5\n|inactive|risered28 has 30 seconds left.\n|\n|t:|1775894317\n|move|p2a: Pelipper|Icy Wind|p1b: Incineroar|[spread] p1a,p1b\n|-resisted|p1a: Froslass|1\n|-resisted|p1b: Incineroar|1\n|-damage|p1a: Froslass|96/100\n|-damage|p1b: Incineroar|97/100\n|-unboost|p1a: Froslass|spe|1\n|-unboost|p1b: Incineroar|spe|1\n|move|p1a: Froslass|Shadow Ball|p2b: Scizor\n|-damage|p2b: Scizor|62/100\n|move|p2b: Scizor|Assurance|p1a: Froslass\n|-supereffective|p1a: Froslass|1\n|-damage|p1a: Froslass|0 fnt\n|faint|p1a: Froslass\n|move|p1b: Incineroar|Parting Shot|p2b: Scizor\n|-unboost|p2b: Scizor|atk|1\n|-unboost|p2b: Scizor|spa|1\n|\n|t:|1775894331\n|switch|p1b: Arcanine|Arcanine-Hisui, L50, M|15/100|[from] Parting Shot\n|-ability|p1b: Arcanine|Intimidate|boost\n|-unboost|p2a: Pelipper|atk|1\n|-unboost|p2b: Scizor|atk|1\n|\n|-weather|RainDance|[upkeep]\n|upkeep\n|\n|t:|1775894332\n|switch|p1a: Sneasler|Sneasler, L50, F|100/100\n|turn|6\n|\n|t:|1775894340\n|move|p2b: Scizor|Protect|p2b: Scizor\n|-singleturn|p2b: Scizor|Protect\n|move|p1a: Sneasler|Fake Out|p2b: Scizor\n|-activate|p2b: Scizor|move: Protect\n|move|p1b: Arcanine|Rock Slide|p2b: Scizor|[spread] p2a\n|-activate|p2b: Scizor|move: Protect\n|-supereffective|p2a: Pelipper|1\n|-damage|p2a: Pelipper|10/100\n|move|p2a: Pelipper|Icy Wind|p1b: Arcanine|[spread] p1b\n|-miss|p2a: Pelipper|p1a: Sneasler\n|-resisted|p1b: Arcanine|1\n|-damage|p1b: Arcanine|10/100\n|-unboost|p1b: Arcanine|spe|1\n|\n|-weather|RainDance|[upkeep]\n|upkeep\n|turn|7\n|inactive|risered28 has 30 seconds left.\n|\n|t:|1775894374\n|move|p2b: Scizor|Bullet Punch|p1a: Sneasler\n|-damage|p1a: Sneasler|75/100\n|move|p2a: Pelipper|Icy Wind|p1a: Sneasler|[spread] p1a,p1b\n|-resisted|p1b: Arcanine|1\n|-damage|p1a: Sneasler|65/100\n|-damage|p1b: Arcanine|6/100\n|-unboost|p1a: Sneasler|spe|1\n|-unboost|p1b: Arcanine|spe|1\n|-enditem|p1a: Sneasler|White Herb\n|-clearnegativeboost|p1a: Sneasler|[silent]\n|move|p1a: Sneasler|Close Combat|p2b: Scizor\n|-damage|p2b: Scizor|31/100\n|-unboost|p1a: Sneasler|def|1\n|-unboost|p1a: Sneasler|spd|1\n|move|p1b: Arcanine|Rock Slide|p2a: Pelipper|[spread] p2b\n|-miss|p1b: Arcanine|p2a: Pelipper\n|-damage|p2b: Scizor|19/100\n|\n|-weather|RainDance|[upkeep]\n|-sideend|p1: EtherealR|move: Aurora Veil\n|upkeep\n|turn|8\n|\n|t:|1775894397\n|move|p1a: Sneasler|Dire Claw|p2a: Pelipper\n|-damage|p2a: Pelipper|0 fnt\n|faint|p2a: Pelipper\n|move|p1b: Arcanine|Rock Slide|p2b: Scizor\n|-damage|p2b: Scizor|1/100\n|move|p2b: Scizor|Close Combat|p1a: Sneasler\n|-resisted|p1a: Sneasler|1\n|-damage|p1a: Sneasler|29/100\n|-unboost|p2b: Scizor|def|1\n|-unboost|p2b: Scizor|spd|1\n|\n|-weather|none\n|upkeep\n|\n|t:|1775894408\n|switch|p2a: Sneasler|Sneasler, L50, F|74/100\n|turn|9\n|\n|t:|1775894413\n|switch|p1b: Incineroar|Incineroar, L50, M|97/100\n|-ability|p1b: Incineroar|Intimidate|boost\n|-unboost|p2a: Sneasler|atk|1\n|-unboost|p2b: Scizor|atk|1\n|move|p1a: Sneasler|Protect|p1a: Sneasler\n|-singleturn|p1a: Sneasler|Protect\n|move|p2a: Sneasler|Fake Out|p1b: Incineroar\n|-damage|p1b: Incineroar|90/100\n|move|p2b: Scizor|Bullet Punch|p1a: Sneasler\n|-activate|p1a: Sneasler|move: Protect\n|\n|upkeep\n|turn|10\n|\n|t:|1775894436\n|move|p1b: Incineroar|Fake Out|p2b: Scizor\n|-resisted|p2b: Scizor|1\n|-damage|p2b: Scizor|0 fnt\n|faint|p2b: Scizor\n|move|p1a: Sneasler|Dire Claw|p2a: Sneasler\n|-resisted|p2a: Sneasler|1\n|-damage|p2a: Sneasler|37/100\n|move|p2a: Sneasler|Coaching|p2: Scizor|[notarget]\n|-fail|p2a: Sneasler\n|\n|upkeep\n|\n|t:|1775894441\n|switch|p2b: Pikachu|Pikachu, L50, M|100/100\n|turn|11\n|\n|t:|1775894449\n|move|p2b: Pikachu|Fake Out|p1b: Incineroar\n|-damage|p1b: Incineroar|75/100\n|move|p1a: Sneasler|Dire Claw|p2b: Pikachu\n|-damage|p2b: Pikachu|0 fnt\n|faint|p2b: Pikachu\n|move|p2a: Sneasler|Coaching|p2: Pikachu|[notarget]\n|-fail|p2a: Sneasler\n|cant|p1b: Incineroar|flinch\n|\n|upkeep\n|turn|12\n|\n|t:|1775894460\n|move|p1a: Sneasler|Dire Claw|p2a: Sneasler\n|-resisted|p2a: Sneasler|1\n|-damage|p2a: Sneasler|0 fnt\n|faint|p2a: Sneasler\n|\n|win|EtherealR\n|raw|EtherealR's rating: 1000 &rarr; <strong>1044</strong><br />(+44 for winning)\n|raw|risered28's rating: 1036 &rarr; <strong>1019</strong><br />(-17 for losing)\n|l|\u2606risered28\n|player|p2|\n",
  "uploadtime": 1775894464,
  "views": 14,
  "formatid": "gen9championsvgc2026regma",
  "rating": 1019,
  "private": 0,
  "password": null
}