{
  "id": "gen9championsvgc2026regma-2586046109",
  "format": "[Gen 9 Champions] VGC 2026 Reg M-A",
  "players": [
    "danielhart",
    "Cokiecola"
  ],
  "log": "|j|\u2606danielhart\n|j|\u2606Cokiecola\n|t:|1776393425\n|gametype|doubles\n|player|p1|danielhart|policeman-gen4|1045\n|player|p2|Cokiecola|plasmagrunt-gen5bw|1040\n|gen|9\n|tier|[Gen 9 Champions] VGC 2026 Reg M-A\n|rated|\n|rule|Species Clause: Limit one of each Pok\u00e9mon\n|rule|Item Clause: Limit 1 of each item\n|clearpoke\n|poke|p1|Sylveon, L50, F|\n|poke|p1|Espathra, L50, M|\n|poke|p1|Skarmory, L50, M|\n|poke|p1|Dragapult, L50, F|\n|poke|p1|Milotic, L50, F|\n|poke|p1|Whimsicott, L50, M|\n|poke|p2|Aggron, L50, M|\n|poke|p2|Pelipper, L50, F|\n|poke|p2|Incineroar, L50, M|\n|poke|p2|Diggersby, L50, M|\n|poke|p2|Noivern, L50, M|\n|poke|p2|Clefable, L50, F|\n|teampreview|4\n|\n|t:|1776393446\n|teamsize|p1|4\n|teamsize|p2|4\n|start\n|switch|p1a: Whimsicott|Whimsicott, L50, M|100/100\n|switch|p1b: Dragapult|Dragapult, L50, F|100/100\n|switch|p2a: Noivern|Noivern, L50, M|100/100\n|switch|p2b: Incineroar|Incineroar, L50, M|100/100\n|-item|p1a: Whimsicott|Occa Berry|[from] ability: Frisk|[of] p2a: Noivern\n|-item|p1b: Dragapult|Focus Sash|[from] ability: Frisk|[of] p2a: Noivern\n|-ability|p2b: Incineroar|Intimidate|boost\n|-unboost|p1a: Whimsicott|atk|1\n|-fail|p1b: Dragapult|unboost|[from] ability: Clear Body|[of] p1b: Dragapult\n|turn|1\n|\n|t:|1776393471\n|move|p1b: Dragapult|Protect|p1b: Dragapult\n|-singleturn|p1b: Dragapult|Protect\n|move|p1a: Whimsicott|Tailwind|p1a: Whimsicott\n|-sidestart|p1: danielhart|move: Tailwind\n|move|p2a: Noivern|Tailwind|p2a: Noivern\n|-sidestart|p2: Cokiecola|move: Tailwind\n|move|p2b: Incineroar|Flare Blitz|p1a: Whimsicott\n|-supereffective|p1a: Whimsicott|1\n|-crit|p1a: Whimsicott\n|-enditem|p1a: Whimsicott|Occa Berry|[eat]\n|-enditem|p1a: Whimsicott|Occa Berry|[weaken]\n|-damage|p1a: Whimsicott|3/100\n|-damage|p2b: Incineroar|77/100|[from] Recoil\n|\n|upkeep\n|turn|2\n|\n|t:|1776393493\n|move|p1b: Dragapult|Dragon Darts|p2a: Noivern\n|-supereffective|p2a: Noivern|1\n|-damage|p2a: Noivern|43/100\n|-enditem|p2a: Noivern|Sitrus Berry|[eat]\n|-heal|p2a: Noivern|68/100|[from] item: Sitrus Berry\n|-anim|p1b: Dragapult|Dragon Darts|p2b: Incineroar\n|-crit|p2b: Incineroar\n|-damage|p2b: Incineroar|38/100\n|move|p1a: Whimsicott|Dazzling Gleam|p2a: Noivern|[spread] p2a,p2b\n|-supereffective|p2a: Noivern|1\n|-damage|p2a: Noivern|15/100\n|-damage|p2b: Incineroar|21/100\n|move|p2b: Incineroar|Parting Shot|p1b: Dragapult\n|-fail|p1b: Dragapult|unboost|[from] ability: Clear Body|[of] p1b: Dragapult\n|move|p2a: Noivern|Dragon Tail|p1b: Dragapult|[miss]\n|-miss|p2a: Noivern|p1b: Dragapult\n|\n|upkeep\n|turn|3\n|\n|t:|1776393530\n|move|p2a: Noivern|Protect|p2a: Noivern\n|-singleturn|p2a: Noivern|Protect\n|move|p2b: Incineroar|Protect|p2b: Incineroar\n|-singleturn|p2b: Incineroar|Protect\n|move|p1b: Dragapult|Dragon Darts|p2a: Noivern\n|-activate|p2b: Incineroar|move: Protect\n|move|p1a: Whimsicott|Dazzling Gleam|p2b: Incineroar|[spread] \n|-activate|p2a: Noivern|move: Protect\n|-activate|p2b: Incineroar|move: Protect\n|\n|upkeep\n|turn|4\n|\n|t:|1776393554\n|switch|p2a: Diggersby|Diggersby, L50, M|100/100\n|switch|p2b: Aggron|Aggron, L50, M|100/100\n|move|p1b: Dragapult|Dragon Darts|p2a: Diggersby\n|-damage|p2a: Diggersby|72/100\n|-anim|p1b: Dragapult|Dragon Darts|p2b: Aggron\n|-resisted|p2b: Aggron|1\n|-damage|p2b: Aggron|94/100\n|move|p1a: Whimsicott|Dazzling Gleam|p2b: Aggron|[spread] p2a,p2b\n|-resisted|p2b: Aggron|1\n|-damage|p2a: Diggersby|48/100\n|-damage|p2b: Aggron|77/100\n|\n|-sideend|p1: danielhart|move: Tailwind\n|-sideend|p2: Cokiecola|move: Tailwind\n|upkeep\n|turn|5\n|\n|t:|1776393579\n|detailschange|p2b: Aggron|Aggron-Mega, L50, M\n|-mega|p2b: Aggron|Aggron|Aggronite\n|move|p2b: Aggron|Protect|p2b: Aggron\n|-singleturn|p2b: Aggron|Protect\n|move|p1a: Whimsicott|Tailwind|p1a: Whimsicott\n|-sidestart|p1: danielhart|move: Tailwind\n|move|p1b: Dragapult|Dragon Darts|p2a: Diggersby\n|-crit|p2a: Diggersby\n|-damage|p2a: Diggersby|7/100\n|-anim|p1b: Dragapult|Dragon Darts|p2a: Diggersby\n|-damage|p2a: Diggersby|0 fnt\n|faint|p2a: Diggersby\n|\n|upkeep\n|\n|t:|1776393595\n|switch|p2a: Noivern|Noivern, L50, M|15/100\n|-item|p1b: Dragapult|Focus Sash|[from] ability: Frisk|[of] p2a: Noivern\n|turn|6\n|\n|t:|1776393604\n|move|p1b: Dragapult|Dragon Darts|p2a: Noivern\n|-supereffective|p2a: Noivern|1\n|-damage|p2a: Noivern|0 fnt\n|-anim|p1b: Dragapult|Dragon Darts|p2b: Aggron\n|-resisted|p2b: Aggron|1\n|-damage|p2b: Aggron|72/100\n|faint|p2a: Noivern\n|move|p1a: Whimsicott|Dazzling Gleam|p2b: Aggron\n|-resisted|p2b: Aggron|1\n|-damage|p2b: Aggron|55/100\n|move|p2b: Aggron|Iron Head|p1a: Whimsicott\n|-supereffective|p1a: Whimsicott|1\n|-damage|p1a: Whimsicott|0 fnt\n|faint|p1a: Whimsicott\n|\n|upkeep\n|\n|t:|1776393620\n|switch|p2a: Incineroar|Incineroar, L50, M|21/100\n|switch|p1a: Sylveon|Sylveon, L50, F|100/100\n|-ability|p2a: Incineroar|Intimidate|boost\n|-unboost|p1a: Sylveon|atk|1\n|-fail|p1b: Dragapult|unboost|[from] ability: Clear Body|[of] p1b: Dragapult\n|turn|7\n|\n|t:|1776393640\n|move|p1b: Dragapult|Dragon Darts|p2a: Incineroar\n|-damage|p2a: Incineroar|0 fnt\n|-anim|p1b: Dragapult|Dragon Darts|p2b: Aggron\n|-resisted|p2b: Aggron|1\n|-damage|p2b: Aggron|50/100\n|faint|p2a: Incineroar\n|move|p1a: Sylveon|Hyper Voice|p2b: Aggron\n|-resisted|p2b: Aggron|1\n|-damage|p2b: Aggron|11/100\n|move|p2b: Aggron|Iron Head|p1b: Dragapult\n|-damage|p1b: Dragapult|49/100\n|\n|upkeep\n|turn|8\n|-message|Cokiecola forfeited.\n|\n|win|danielhart\n|raw|danielhart's rating: 1045 &rarr; <strong>1078</strong><br />(+33 for winning)\n|raw|Cokiecola's rating: 1040 &rarr; <strong>1024</strong><br />(-16 for losing)\n|l|\u2606Cokiecola\n|player|p2|\n",
  "uploadtime": 1776393655,
  "views": 20,
  "formatid": "gen9championsvgc2026regma",
  "rating": 1024,
  "private": 0,
  "password": null
}