{
  "id": "gen9championsvgc2026regma-2581745420",
  "format": "[Gen 9 Champions] VGC 2026 Reg M-A",
  "players": [
    "gehbisplayingpkmn",
    "nk.luna"
  ],
  "log": "|j|\u2606gehbisplayingpkmn\n|j|\u2606nk.luna\n|t:|1776025153\n|gametype|doubles\n|player|p1|gehbisplayingpkmn|102|1127\n|player|p2|nk.luna|marley|1137\n|gen|9\n|tier|[Gen 9 Champions] VGC 2026 Reg M-A\n|rated|\n|rule|Species Clause: Limit one of each Pok\u00e9mon\n|rule|Item Clause: Limit 1 of each item\n|clearpoke\n|poke|p1|Feraligatr, L50, M|\n|poke|p1|Whimsicott, L50, M|\n|poke|p1|Sylveon, L50, M|\n|poke|p1|Rotom-Heat, L50|\n|poke|p1|Sneasler, L50, M|\n|poke|p1|Incineroar, L50, M|\n|poke|p2|Aggron, L50, F|\n|poke|p2|Froslass, L50, F|\n|poke|p2|Ninetales-Alola, L50, F|\n|poke|p2|Primarina, L50, F|\n|poke|p2|Incineroar, L50, M|\n|poke|p2|Meowscarada, L50, M|\n|teampreview|4\n|inactive|Battle timer is ON: inactive players will automatically lose when time's up. (requested by nk.luna)\n|\n|t:|1776025175\n|teamsize|p1|4\n|teamsize|p2|4\n|start\n|switch|p1a: Feraligatr|Feraligatr, L50, M|100/100\n|switch|p1b: Incineroar|Incineroar, L50, M|100/100\n|switch|p2a: Incineroar|Incineroar, L50, M|100/100\n|switch|p2b: Froslass|Froslass, L50, F|100/100\n|-ability|p2a: Incineroar|Intimidate|boost\n|-unboost|p1a: Feraligatr|atk|1\n|-unboost|p1b: Incineroar|atk|1\n|-ability|p1b: Incineroar|Intimidate|boost\n|-unboost|p2a: Incineroar|atk|1\n|-unboost|p2b: Froslass|atk|1\n|turn|1\n|inactive|gehbisplayingpkmn has 30 seconds left.\n|\n|t:|1776025204\n|switch|p2b: Meowscarada|Meowscarada, L50, M|100/100\n|switch|p1a: Rotom|Rotom-Heat, L50|100/100\n|move|p2a: Incineroar|Fake Out|p1a: Rotom\n|-damage|p1a: Rotom|91/100\n|move|p1b: Incineroar|Fake Out|p2b: Meowscarada\n|-damage|p2b: Meowscarada|89/100\n|\n|upkeep\n|turn|2\n|inactive|gehbisplayingpkmn has 30 seconds left.\n|\n|t:|1776025230\n|switch|p1b: Feraligatr|Feraligatr, L50, M|100/100\n|move|p1a: Rotom|Overheat|p2b: Meowscarada\n|-supereffective|p2b: Meowscarada|1\n|-damage|p2b: Meowscarada|0 fnt\n|-unboost|p1a: Rotom|spa|2\n|faint|p2b: Meowscarada\n|move|p2a: Incineroar|Darkest Lariat|p1a: Rotom\n|-damage|p1a: Rotom|57/100\n|\n|upkeep\n|\n|t:|1776025235\n|switch|p2b: Primarina|Primarina, L50, F|100/100\n|turn|3\n|\n|t:|1776025251\n|switch|p1a: Sneasler|Sneasler, L50, M|100/100\n|move|p1b: Feraligatr|Protect|p1b: Feraligatr\n|-singleturn|p1b: Feraligatr|Protect\n|move|p2a: Incineroar|Darkest Lariat|p1b: Feraligatr\n|-activate|p1b: Feraligatr|move: Protect\n|move|p2b: Primarina|Hyper Voice|p1b: Feraligatr|[spread] p1a\n|-activate|p1b: Feraligatr|move: Protect\n|-damage|p1a: Sneasler|49/100\n|\n|upkeep\n|turn|4\n|\n|t:|1776025272\n|detailschange|p1b: Feraligatr|Feraligatr-Mega, L50, M\n|-mega|p1b: Feraligatr|Feraligatr|Feraligite\n|move|p1a: Sneasler|Dire Claw|p2b: Primarina\n|-supereffective|p2b: Primarina|1\n|-damage|p2b: Primarina|2/100\n|move|p1b: Feraligatr|Liquidation|p2b: Primarina\n|-resisted|p2b: Primarina|1\n|-damage|p2b: Primarina|0 fnt\n|faint|p2b: Primarina\n|move|p2a: Incineroar|Flare Blitz|p1a: Sneasler\n|-damage|p1a: Sneasler|0 fnt\n|faint|p1a: Sneasler\n|-damage|p2a: Incineroar|88/100|[from] Recoil\n|\n|upkeep\n|\n|t:|1776025286\n|switch|p1a: Incineroar|Incineroar, L50, M|100/100\n|switch|p2b: Froslass|Froslass, L50, F|100/100\n|-ability|p1a: Incineroar|Intimidate|boost\n|-unboost|p2a: Incineroar|atk|1\n|-unboost|p2b: Froslass|atk|1\n|turn|5\n|\n|t:|1776025303\n|detailschange|p2b: Froslass|Froslass-Mega, L50, F\n|-mega|p2b: Froslass|Froslass|Froslassite\n|-weather|Snowscape|[from] ability: Snow Warning|[of] p2b: Froslass\n|move|p2b: Froslass|Blizzard|p1b: Feraligatr|[spread] p1a,p1b\n|-resisted|p1a: Incineroar|1\n|-crit|p1a: Incineroar\n|-damage|p1a: Incineroar|69/100\n|-damage|p1b: Feraligatr|49/100\n|-status|p1b: Feraligatr|frz\n|cant|p1b: Feraligatr|frz\n|move|p2a: Incineroar|Darkest Lariat|p1b: Feraligatr\n|-damage|p1b: Feraligatr|34/100 frz\n|move|p1a: Incineroar|Flare Blitz|p2b: Froslass\n|-supereffective|p2b: Froslass|1\n|-damage|p2b: Froslass|1/100\n|-damage|p1a: Incineroar|46/100|[from] Recoil\n|-enditem|p1a: Incineroar|Sitrus Berry|[eat]\n|-heal|p1a: Incineroar|70/100|[from] item: Sitrus Berry\n|\n|-weather|Snowscape|[upkeep]\n|upkeep\n|turn|6\n|inactive|gehbisplayingpkmn has 30 seconds left.\n|inactive|nk.luna has 30 seconds left.\n|inactive|gehbisplayingpkmn has 20 seconds left.\n|inactive|nk.luna has 20 seconds left.\n|inactive|gehbisplayingpkmn has 15 seconds left.\n|\n|t:|1776025343\n|switch|p1a: Rotom|Rotom-Heat, L50|57/100\n|cant|p1b: Feraligatr|frz\n|move|p2b: Froslass|Blizzard|p1a: Rotom|[spread] p1a,p1b\n|-resisted|p1a: Rotom|1\n|-damage|p1a: Rotom|24/100\n|-damage|p1b: Feraligatr|0 fnt\n|faint|p1b: Feraligatr\n|move|p2a: Incineroar|Darkest Lariat|p1a: Rotom\n|-damage|p1a: Rotom|0 fnt\n|faint|p1a: Rotom\n|\n|-weather|Snowscape|[upkeep]\n|upkeep\n|\n|t:|1776025357\n|switch|p1a: Incineroar|Incineroar, L50, M|70/100\n|-ability|p1a: Incineroar|Intimidate|boost\n|-unboost|p2a: Incineroar|atk|1\n|-unboost|p2b: Froslass|atk|1\n|turn|7\n|\n|t:|1776025365\n|move|p2b: Froslass|Thunderbolt|p1a: Incineroar\n|-damage|p1a: Incineroar|39/100\n|move|p2a: Incineroar|Darkest Lariat|p1a: Incineroar\n|-resisted|p1a: Incineroar|1\n|-damage|p1a: Incineroar|34/100\n|move|p1a: Incineroar|Flare Blitz|p2b: Froslass\n|-supereffective|p2b: Froslass|1\n|-damage|p2b: Froslass|0 fnt\n|faint|p2b: Froslass\n|-damage|p1a: Incineroar|34/100|[from] Recoil\n|\n|-weather|Snowscape|[upkeep]\n|upkeep\n|turn|8\n|\n|t:|1776025381\n|move|p2a: Incineroar|Parting Shot|p1a: Incineroar\n|-unboost|p1a: Incineroar|atk|1\n|-unboost|p1a: Incineroar|spa|1\n|move|p1a: Incineroar|Flare Blitz|p2a: Incineroar\n|-resisted|p2a: Incineroar|1\n|-damage|p2a: Incineroar|74/100\n|-damage|p1a: Incineroar|29/100|[from] Recoil\n|\n|-weather|Snowscape|[upkeep]\n|upkeep\n|turn|9\n|\n|t:|1776025391\n|move|p2a: Incineroar|Parting Shot|p1a: Incineroar\n|-unboost|p1a: Incineroar|atk|1\n|-unboost|p1a: Incineroar|spa|1\n|move|p1a: Incineroar|Thief|p2a: Incineroar\n|-resisted|p2a: Incineroar|1\n|-damage|p2a: Incineroar|70/100\n|-enditem|p2a: Incineroar|Sitrus Berry|[silent]|[from] move: Thief|[of] p1a: Incineroar\n|-item|p1a: Incineroar|Sitrus Berry|[from] move: Thief|[of] p2a: Incineroar\n|-enditem|p1a: Incineroar|Sitrus Berry|[eat]\n|-heal|p1a: Incineroar|54/100|[from] item: Sitrus Berry\n|\n|-weather|none\n|upkeep\n|turn|10\n|\n|t:|1776025405\n|move|p2a: Incineroar|Parting Shot|p1a: Incineroar\n|-unboost|p1a: Incineroar|atk|1\n|-unboost|p1a: Incineroar|spa|1\n|move|p1a: Incineroar|Thief|p2a: Incineroar\n|-resisted|p2a: Incineroar|1\n|-damage|p2a: Incineroar|66/100\n|\n|upkeep\n|turn|11\n|\n|t:|1776025412\n|move|p2a: Incineroar|Parting Shot|p1a: Incineroar\n|-unboost|p1a: Incineroar|atk|1\n|-unboost|p1a: Incineroar|spa|1\n|move|p1a: Incineroar|Thief|p2a: Incineroar\n|-resisted|p2a: Incineroar|1\n|-damage|p2a: Incineroar|62/100\n|\n|upkeep\n|turn|12\n|\n|t:|1776025418\n|move|p2a: Incineroar|Parting Shot|p1a: Incineroar\n|-unboost|p1a: Incineroar|atk|1\n|-unboost|p1a: Incineroar|spa|1\n|move|p1a: Incineroar|Thief|p2a: Incineroar\n|-resisted|p2a: Incineroar|1\n|-damage|p2a: Incineroar|59/100\n|\n|upkeep\n|turn|13\n|\n|t:|1776025435\n|move|p2a: Incineroar|Flare Blitz|p1a: Incineroar\n|-resisted|p1a: Incineroar|1\n|-damage|p1a: Incineroar|48/100\n|-damage|p2a: Incineroar|57/100|[from] Recoil\n|move|p1a: Incineroar|Thief|p2a: Incineroar\n|-resisted|p2a: Incineroar|1\n|-damage|p2a: Incineroar|54/100\n|\n|upkeep\n|turn|14\n|\n|t:|1776025444\n|move|p2a: Incineroar|Flare Blitz|p1a: Incineroar\n|-resisted|p1a: Incineroar|1\n|-damage|p1a: Incineroar|40/100\n|-damage|p2a: Incineroar|51/100|[from] Recoil\n|move|p1a: Incineroar|Thief|p2a: Incineroar\n|-resisted|p2a: Incineroar|1\n|-damage|p2a: Incineroar|48/100\n|\n|upkeep\n|turn|15\n|\n|t:|1776025452\n|move|p2a: Incineroar|Darkest Lariat|p1a: Incineroar\n|-resisted|p1a: Incineroar|1\n|-damage|p1a: Incineroar|35/100\n|move|p1a: Incineroar|Thief|p2a: Incineroar\n|-resisted|p2a: Incineroar|1\n|-damage|p2a: Incineroar|45/100\n|\n|upkeep\n|turn|16\n|\n|t:|1776025459\n|move|p2a: Incineroar|Darkest Lariat|p1a: Incineroar\n|-resisted|p1a: Incineroar|1\n|-damage|p1a: Incineroar|30/100\n|move|p1a: Incineroar|Thief|p2a: Incineroar\n|-resisted|p2a: Incineroar|1\n|-damage|p2a: Incineroar|42/100\n|\n|upkeep\n|turn|17\n|\n|t:|1776025465\n|move|p2a: Incineroar|Darkest Lariat|p1a: Incineroar\n|-resisted|p1a: Incineroar|1\n|-damage|p1a: Incineroar|26/100\n|move|p1a: Incineroar|Thief|p2a: Incineroar\n|-resisted|p2a: Incineroar|1\n|-damage|p2a: Incineroar|39/100\n|\n|upkeep\n|turn|18\n|c|\u2606nk.luna|LMAOO\n|\n|t:|1776025474\n|move|p2a: Incineroar|Darkest Lariat|p1a: Incineroar\n|-resisted|p1a: Incineroar|1\n|-damage|p1a: Incineroar|21/100\n|move|p1a: Incineroar|Thief|p2a: Incineroar\n|-resisted|p2a: Incineroar|1\n|-damage|p2a: Incineroar|36/100\n|\n|upkeep\n|turn|19\n|\n|t:|1776025493\n|move|p2a: Incineroar|Darkest Lariat|p1a: Incineroar\n|-resisted|p1a: Incineroar|1\n|-damage|p1a: Incineroar|16/100\n|move|p1a: Incineroar|Thief|p2a: Incineroar\n|-resisted|p2a: Incineroar|1\n|-damage|p2a: Incineroar|33/100\n|\n|upkeep\n|turn|20\n|-message|gehbisplayingpkmn forfeited.\n|\n|win|nk.luna\n|raw|gehbisplayingpkmn's rating: 1127 &rarr; <strong>1103</strong><br />(-24 for losing)\n|raw|nk.luna's rating: 1137 &rarr; <strong>1161</strong><br />(+24 for winning)\n|l|\u2606gehbisplayingpkmn\n|player|p1|\n",
  "uploadtime": 1776025507,
  "views": 22,
  "formatid": "gen9championsvgc2026regma",
  "rating": 1103,
  "private": 0,
  "password": null
}