{
  "id": "gen9championsvgc2026regma-2582598806",
  "format": "[Gen 9 Champions] VGC 2026 Reg M-A",
  "players": [
    "kekw 67",
    "vikrantwd"
  ],
  "log": "|j|\u2606kekw 67\n|j|\u2606vikrantwd\n|t:|1776101784\n|gametype|doubles\n|player|p1|kekw 67|lucas|1105\n|player|p2|vikrantwd|102|1060\n|gen|9\n|tier|[Gen 9 Champions] VGC 2026 Reg M-A\n|rated|\n|rule|Species Clause: Limit one of each Pok\u00e9mon\n|rule|Item Clause: Limit 1 of each item\n|clearpoke\n|poke|p1|Gardevoir, L50, F|\n|poke|p1|Incineroar, L50, M|\n|poke|p1|Tauros-Paldea-Aqua, L50, M|\n|poke|p1|Sinistcha, L50|\n|poke|p1|Aerodactyl, L50, M|\n|poke|p1|Garchomp, L50, M|\n|poke|p2|Floette-Eternal, L50, F|\n|poke|p2|Maushold-Four, L50|\n|poke|p2|Corviknight, L50, M|\n|poke|p2|Incineroar, L50, M|\n|poke|p2|Garchomp, L50, F|\n|poke|p2|Primarina, L50, M|\n|teampreview|4\n|inactive|Battle timer is ON: inactive players will automatically lose when time's up. (requested by kekw 67)\n|inactive|vikrantwd has 60 seconds left.\n|\n|t:|1776101828\n|teamsize|p1|4\n|teamsize|p2|4\n|start\n|switch|p1a: Gardevoir|Gardevoir, L50, F, shiny|100/100\n|switch|p1b: Aerodactyl|Aerodactyl, L50, M, shiny|100/100\n|switch|p2a: Floette|Floette-Eternal, L50, F|100/100\n|switch|p2b: Maushold|Maushold-Four, L50|100/100\n|-ability|p1b: Aerodactyl|Unnerve\n|turn|1\n|inactive|kekw 67 has 30 seconds left.\n|\n|t:|1776101861\n|detailschange|p1a: Gardevoir|Gardevoir-Mega, L50, F, shiny\n|-mega|p1a: Gardevoir|Gardevoir|Gardevoirite\n|move|p2b: Maushold|Follow Me|p2b: Maushold\n|-singleturn|p2b: Maushold|move: Follow Me\n|move|p1b: Aerodactyl|Rock Slide|p2a: Floette|[spread] p2a,p2b\n|-damage|p2a: Floette|76/100\n|-damage|p2b: Maushold|67/100\n|move|p1a: Gardevoir|Calm Mind|p1a: Gardevoir\n|-boost|p1a: Gardevoir|spa|1\n|-boost|p1a: Gardevoir|spd|1\n|move|p2a: Floette|Calm Mind|p2a: Floette\n|-boost|p2a: Floette|spa|1\n|-boost|p2a: Floette|spd|1\n|\n|upkeep\n|turn|2\n|inactive|kekw 67 has 30 seconds left.\n|inactive|vikrantwd has 30 seconds left.\n|inactive|kekw 67 has 20 seconds left.\n|inactive|kekw 67 has 15 seconds left.\n|\n|t:|1776101903\n|move|p2b: Maushold|Follow Me|p2b: Maushold\n|-singleturn|p2b: Maushold|move: Follow Me\n|move|p1b: Aerodactyl|Rock Slide|p2a: Floette|[spread] p2a,p2b\n|-damage|p2a: Floette|49/100\n|-damage|p2b: Maushold|37/100\n|move|p1a: Gardevoir|Hyper Voice|p2b: Maushold|[spread] p2a,p2b\n|-damage|p2a: Floette|20/100\n|-damage|p2b: Maushold|0 fnt\n|faint|p2b: Maushold\n|move|p2a: Floette|Moonblast|p1a: Gardevoir\n|-damage|p1a: Gardevoir|61/100\n|-unboost|p1a: Gardevoir|spa|1\n|\n|upkeep\n|\n|t:|1776101926\n|switch|p2b: Primarina|Primarina, L50, M|100/100\n|turn|3\n|\n|t:|1776101939\n|move|p2a: Floette|Protect|p2a: Floette\n|-singleturn|p2a: Floette|Protect\n|move|p1b: Aerodactyl|Wide Guard|p1b: Aerodactyl\n|-singleturn|p1b: Aerodactyl|Wide Guard\n|move|p2b: Primarina|Shadow Ball|p1a: Gardevoir\n|-supereffective|p1a: Gardevoir|1\n|-damage|p1a: Gardevoir|34/100\n|move|p1a: Gardevoir|Hyper Voice|p2a: Floette|[spread] p2b\n|-activate|p2a: Floette|move: Protect\n|-damage|p2b: Primarina|53/100\n|\n|upkeep\n|turn|4\n|inactive|kekw 67 has 30 seconds left.\n|inactive|vikrantwd has 30 seconds left.\n|inactive|vikrantwd has 20 seconds left.\n|inactive|vikrantwd has 15 seconds left.\n|inactive|vikrantwd has 10 seconds left.\n|\n|t:|1776101988\n|move|p1a: Gardevoir|Protect|p1a: Gardevoir\n|-singleturn|p1a: Gardevoir|Protect\n|move|p1b: Aerodactyl|Rock Slide|p2a: Floette|[spread] p2a,p2b\n|-damage|p2a: Floette|0 fnt\n|-damage|p2b: Primarina|18/100\n|faint|p2a: Floette\n|move|p2b: Primarina|Shadow Ball|p1a: Gardevoir\n|-activate|p1a: Gardevoir|move: Protect\n|\n|upkeep\n|\n|t:|1776101997\n|switch|p2a: Incineroar|Incineroar, L50, M|100/100\n|-ability|p2a: Incineroar|Intimidate|boost\n|-unboost|p1a: Gardevoir|atk|1\n|-unboost|p1b: Aerodactyl|atk|1\n|turn|5\n|inactive|kekw 67 has 30 seconds left.\n|\n|t:|1776102030\n|switch|p1a: Incineroar|Incineroar, L50, M|100/100\n|-ability|p1a: Incineroar|Intimidate|boost\n|-unboost|p2a: Incineroar|atk|1\n|-unboost|p2b: Primarina|atk|1\n|move|p2a: Incineroar|Fake Out|p1b: Aerodactyl\n|-resisted|p1b: Aerodactyl|1\n|-damage|p1b: Aerodactyl|93/100\n|cant|p1b: Aerodactyl|flinch\n|move|p2b: Primarina|Shadow Ball|p1a: Incineroar\n|-resisted|p1a: Incineroar|1\n|-damage|p1a: Incineroar|91/100\n|-unboost|p1a: Incineroar|spd|1\n|\n|upkeep\n|turn|6\n|-message|vikrantwd forfeited.\n|\n|win|kekw 67\n|raw|kekw 67's rating: 1105 &rarr; <strong>1127</strong><br />(+22 for winning)\n|raw|vikrantwd's rating: 1060 &rarr; <strong>1043</strong><br />(-17 for losing)\n|l|\u2606vikrantwd\n|player|p2|\n",
  "uploadtime": 1776102045,
  "views": 11,
  "formatid": "gen9championsvgc2026regma",
  "rating": 1043,
  "private": 0,
  "password": null
}