{
  "id": "gen9championsvgc2026regma-2580859786",
  "format": "[Gen 9 Champions] VGC 2026 Reg M-A",
  "players": [
    "alamossauro",
    "Ninjabsol"
  ],
  "log": "|j|\u2606alamossauro\n|j|\u2606Ninjabsol\n|t:|1775938390\n|gametype|doubles\n|player|p1|alamossauro|pokemaniac|1045\n|player|p2|Ninjabsol|170|1106\n|gen|9\n|tier|[Gen 9 Champions] VGC 2026 Reg M-A\n|rated|\n|rule|Species Clause: Limit one of each Pok\u00e9mon\n|rule|Item Clause: Limit 1 of each item\n|clearpoke\n|poke|p1|Excadrill, L50, F|\n|poke|p1|Tyranitar, L50, M|\n|poke|p1|Sneasler, L50, F|\n|poke|p1|Incineroar, L50, M|\n|poke|p1|Sinistcha, L50|\n|poke|p1|Gyarados, L50, M|\n|poke|p2|Farigiraf, L50, F|\n|poke|p2|Klefki, L50, M|\n|poke|p2|Machamp, L50, F|\n|poke|p2|Incineroar, L50, M|\n|poke|p2|Golurk, L50|\n|poke|p2|Sylveon, L50, M|\n|teampreview|4\n|\n|t:|1775938413\n|teamsize|p1|4\n|teamsize|p2|4\n|start\n|switch|p1a: Excadrill|Excadrill, L50, F|100/100\n|switch|p1b: Sneasler|Sneasler, L50, F|100/100\n|switch|p2a: Farigiraf|Farigiraf, L50, F|100/100\n|switch|p2b: Sylveon|Sylveon, L50, M|100/100\n|turn|1\n|inactive|Battle timer is ON: inactive players will automatically lose when time's up. (requested by alamossauro)\n|\n|t:|1775938440\n|detailschange|p1a: Excadrill|Excadrill-Mega, L50, F\n|-mega|p1a: Excadrill|Excadrill|Excadrite\n|move|p2b: Sylveon|Protect|p2b: Sylveon\n|-singleturn|p2b: Sylveon|Protect\n|move|p1b: Sneasler|Dire Claw|p2b: Sylveon\n|-activate|p2b: Sylveon|move: Protect\n|move|p1a: Excadrill|Iron Head|p2a: Farigiraf\n|-damage|p2a: Farigiraf|64/100\n|move|p2a: Farigiraf|Trick Room|p2a: Farigiraf\n|-fieldstart|move: Trick Room|[of] p2a: Farigiraf\n|\n|upkeep\n|turn|2\n|inactive|Ninjabsol has 30 seconds left.\n|\n|t:|1775938468\n|switch|p1b: Incineroar|Incineroar, L50, M|100/100\n|-ability|p1b: Incineroar|Intimidate|boost\n|-unboost|p2a: Farigiraf|atk|1\n|-unboost|p2b: Sylveon|atk|1\n|move|p2a: Farigiraf|Ally Switch|p2a: Farigiraf\n|swap|p2a: Farigiraf|1|[from] move: Ally Switch\n|move|p2a: Sylveon|Psyshock|p1b: Incineroar\n|-immune|p1b: Incineroar\n|move|p1a: Excadrill|Iron Head|p2b: Farigiraf\n|-crit|p2b: Farigiraf\n|-damage|p2b: Farigiraf|11/100\n|\n|upkeep\n|turn|3\n|\n|t:|1775938486\n|move|p2a: Sylveon|Mystical Fire|p1a: Excadrill\n|-supereffective|p1a: Excadrill|1\n|-damage|p1a: Excadrill|47/100\n|-unboost|p1a: Excadrill|spa|1\n|move|p2b: Farigiraf|Dazzling Gleam|p1b: Incineroar|[spread] p1a,p1b\n|-resisted|p1a: Excadrill|1\n|-damage|p1a: Excadrill|38/100\n|-damage|p1b: Incineroar|91/100\n|move|p1b: Incineroar|Parting Shot|p2a: Sylveon\n|-unboost|p2a: Sylveon|atk|1\n|-unboost|p2a: Sylveon|spa|1\n|\n|t:|1775938498\n|switch|p1b: Sinistcha|Sinistcha, L50|100/100|[from] Parting Shot\n|-heal|p1a: Excadrill|63/100|[from] ability: Hospitality|[of] p1b: Sinistcha\n|move|p1a: Excadrill|Iron Head|p2b: Farigiraf\n|-damage|p2b: Farigiraf|0 fnt\n|faint|p2b: Farigiraf\n|\n|upkeep\n|\n|t:|1775938503\n|switch|p2b: Golurk|Golurk, L50|100/100\n|turn|4\n|\n|t:|1775938530\n|detailschange|p2b: Golurk|Golurk-Mega, L50\n|-mega|p2b: Golurk|Golurk|Golurkite\n|move|p2a: Sylveon|Mystical Fire|p1b: Sinistcha\n|-supereffective|p1b: Sinistcha|1\n|-damage|p1b: Sinistcha|70/100\n|-unboost|p1b: Sinistcha|spa|1\n|move|p2b: Golurk|Headlong Rush|p1a: Excadrill\n|-supereffective|p1a: Excadrill|1\n|-damage|p1a: Excadrill|0 fnt\n|-unboost|p2b: Golurk|def|1\n|-unboost|p2b: Golurk|spd|1\n|faint|p1a: Excadrill\n|move|p1b: Sinistcha|Matcha Gotcha|p2a: Sylveon|[spread] p2a,p2b\n|-supereffective|p2b: Golurk|1\n|-damage|p2a: Sylveon|89/100\n|-heal|p1b: Sinistcha|77/100|[from] drain|[of] p2a: Sylveon\n|-damage|p2b: Golurk|57/100\n|-heal|p1b: Sinistcha|100/100|[from] drain|[of] p2b: Golurk\n|\n|upkeep\n|inactive|alamossauro has 30 seconds left.\n|\n|t:|1775938555\n|switch|p1a: Incineroar|Incineroar, L50, M|91/100\n|-ability|p1a: Incineroar|Intimidate|boost\n|-unboost|p2a: Sylveon|atk|1\n|-unboost|p2b: Golurk|atk|1\n|turn|5\n|\n|t:|1775938574\n|switch|p2b: Machamp|Machamp, L50, F|100/100\n|move|p2a: Sylveon|Protect|p2a: Sylveon\n|-singleturn|p2a: Sylveon|Protect\n|move|p1b: Sinistcha|Rage Powder|p1b: Sinistcha\n|-singleturn|p1b: Sinistcha|move: Rage Powder\n|move|p1a: Incineroar|Darkest Lariat|p2b: Machamp\n|-resisted|p2b: Machamp|1\n|-damage|p2b: Machamp|83/100\n|\n|-fieldend|move: Trick Room\n|upkeep\n|turn|6\n|inactive|Ninjabsol has 30 seconds left.\n|\n|t:|1775938604\n|switch|p1a: Sneasler|Sneasler, L50, F|100/100\n|move|p1b: Sinistcha|Matcha Gotcha|p2a: Sylveon|[spread] p2b\n|-miss|p1b: Sinistcha|p2a: Sylveon\n|-damage|p2b: Machamp|68/100\n|move|p2b: Machamp|Darkest Lariat|p1b: Sinistcha\n|-supereffective|p1b: Sinistcha|1\n|-damage|p1b: Sinistcha|40/100\n|move|p2a: Sylveon|Hyper Voice|p1a: Sneasler|[spread] p1a,p1b\n|-damage|p1a: Sneasler|60/100\n|-damage|p1b: Sinistcha|12/100\n|\n|-heal|p1b: Sinistcha|18/100|[from] item: Leftovers\n|upkeep\n|turn|7\n|inactive|alamossauro has 30 seconds left.\n|\n|t:|1775938638\n|switch|p1b: Incineroar|Incineroar, L50, M|91/100\n|-ability|p1b: Incineroar|Intimidate|boost\n|-unboost|p2a: Sylveon|atk|1\n|-unboost|p2b: Machamp|atk|1\n|-enditem|p2b: Machamp|White Herb\n|-clearnegativeboost|p2b: Machamp|[silent]\n|move|p2b: Machamp|Bullet Punch|p1b: Incineroar\n|-resisted|p1b: Incineroar|1\n|-damage|p1b: Incineroar|83/100\n|move|p1a: Sneasler|Dire Claw|p2b: Machamp\n|-damage|p2b: Machamp|15/100\n|move|p2a: Sylveon|Psyshock|p1a: Sneasler\n|-supereffective|p1a: Sneasler|2\n|-crit|p1a: Sneasler\n|-damage|p1a: Sneasler|0 fnt\n|faint|p1a: Sneasler\n|\n|upkeep\n|\n|t:|1775938654\n|switch|p1a: Sinistcha|Sinistcha, L50|18/100\n|-heal|p1b: Incineroar|100/100|[from] ability: Hospitality|[of] p1a: Sinistcha\n|turn|8\n|\n|t:|1775938684\n|switch|p2a: Golurk|Golurk-Mega, L50|57/100\n|move|p1b: Incineroar|Fake Out|p2a: Golurk\n|-immune|p2a: Golurk\n|move|p2b: Machamp|Bullet Punch|p1a: Sinistcha\n|-damage|p1a: Sinistcha|3/100\n|move|p1a: Sinistcha|Trick Room|p1a: Sinistcha\n|-fieldstart|move: Trick Room|[of] p1a: Sinistcha\n|\n|-heal|p1a: Sinistcha|9/100|[from] item: Leftovers\n|upkeep\n|turn|9\n|\n|t:|1775938705\n|move|p2b: Machamp|Dynamic Punch|p1b: Incineroar\n|-supereffective|p1b: Incineroar|1\n|-damage|p1b: Incineroar|0 fnt\n|faint|p1b: Incineroar\n|move|p2a: Golurk|Poltergeist|p1a: Sinistcha\n|-activate|p1a: Sinistcha|move: Poltergeist|Leftovers\n|-supereffective|p1a: Sinistcha|1\n|-damage|p1a: Sinistcha|0 fnt\n|faint|p1a: Sinistcha\n|\n|win|Ninjabsol\n|raw|alamossauro's rating: 1045 &rarr; <strong>1031</strong><br />(-14 for losing)\n|raw|Ninjabsol's rating: 1106 &rarr; <strong>1127</strong><br />(+21 for winning)\n|l|\u2606alamossauro\n|player|p1|\n",
  "uploadtime": 1775938723,
  "views": 25,
  "formatid": "gen9championsvgc2026regma",
  "rating": 1031,
  "private": 0,
  "password": null
}