{
  "id": "gen9championsvgc2026regma-2587371937",
  "format": "[Gen 9 Champions] VGC 2026 Reg M-A",
  "players": [
    "pundamental_user22",
    "Djxnitro"
  ],
  "log": "|j|\u2606pundamental_user22\n|j|\u2606Djxnitro\n|t:|1776526246\n|gametype|doubles\n|player|p1|pundamental_user22|pokemaniac|1049\n|player|p2|Djxnitro|crasherwake|1000\n|gen|9\n|tier|[Gen 9 Champions] VGC 2026 Reg M-A\n|rated|\n|rule|Species Clause: Limit one of each Pok\u00e9mon\n|rule|Item Clause: Limit 1 of each item\n|clearpoke\n|poke|p1|Glalie, L50, M|\n|poke|p1|Medicham, L50, M, shiny|\n|poke|p1|Pelipper, L50, M|\n|poke|p1|Zoroark-Hisui, L50, M|\n|poke|p1|Archaludon, L50, F|\n|poke|p1|Maushold-Four, L50|\n|poke|p2|Crabominable, L50, M|\n|poke|p2|Farigiraf, L50, M|\n|poke|p2|Hatterene, L50, F|\n|poke|p2|Garganacl, L50, M|\n|poke|p2|Kingambit, L50, M|\n|poke|p2|Incineroar, L50, M|\n|teampreview|4\n|\n|t:|1776526269\n|teamsize|p1|4\n|teamsize|p2|4\n|start\n|switch|p1a: Medicham|Medicham, L50, M, shiny|100/100\n|switch|p1b: Glalie|Glalie, L50, M|100/100\n|switch|p2a: Garganacl|Garganacl, L50, M|100/100\n|switch|p2b: Hatterene|Hatterene, L50, F|100/100\n|turn|1\n|\n|t:|1776526290\n|detailschange|p1a: Medicham|Medicham-Mega, L50, M, shiny\n|-mega|p1a: Medicham|Medicham|Medichamite\n|move|p1b: Glalie|Protect|p1b: Glalie\n|-singleturn|p1b: Glalie|Protect\n|move|p1a: Medicham|Fake Out|p2a: Garganacl\n|-resisted|p2a: Garganacl|1\n|-damage|p2a: Garganacl|94/100\n|cant|p2a: Garganacl|flinch\n|move|p2b: Hatterene|Trick Room|p2b: Hatterene\n|-fieldstart|move: Trick Room|[of] p2b: Hatterene\n|\n|-heal|p2a: Garganacl|99/100|[from] item: Leftovers\n|-ability|p1b: Glalie|Moody|boost\n|-boost|p1b: Glalie|spa|2\n|-unboost|p1b: Glalie|def|1\n|upkeep\n|turn|2\n|\n|t:|1776526313\n|switch|p1a: Archaludon|Archaludon, L50, F|100/100\n|move|p2b: Hatterene|Dazzling Gleam|p1a: Archaludon|[spread] p1a,p1b\n|-damage|p1a: Archaludon|56/100\n|-damage|p1b: Glalie|59/100\n|-ability|p1a: Archaludon|Stamina|boost\n|-boost|p1a: Archaludon|def|1\n|move|p2a: Garganacl|Body Press|p1b: Glalie\n|-supereffective|p1b: Glalie|1\n|-damage|p1b: Glalie|0 fnt\n|faint|p1b: Glalie\n|\n|-heal|p2a: Garganacl|100/100|[from] item: Leftovers\n|upkeep\n|\n|t:|1776526329\n|switch|p1b: Pelipper|Pelipper, L50, M|100/100\n|-weather|RainDance|[from] ability: Drizzle|[of] p1b: Pelipper\n|turn|3\n|\n|t:|1776526362\n|move|p2b: Hatterene|Dark Pulse|p1a: Archaludon\n|-damage|p1a: Archaludon|25/100\n|-ability|p1a: Archaludon|Stamina|boost\n|-boost|p1a: Archaludon|def|1\n|move|p2a: Garganacl|Body Press|p1a: Archaludon\n|-supereffective|p1a: Archaludon|1\n|-damage|p1a: Archaludon|2/100\n|-ability|p1a: Archaludon|Stamina|boost\n|-boost|p1a: Archaludon|def|1\n|cant|p1a: Archaludon|flinch\n|move|p1b: Pelipper|Weather Ball|p2a: Garganacl\n|-supereffective|p2a: Garganacl|1\n|-damage|p2a: Garganacl|0 fnt\n|faint|p2a: Garganacl\n|\n|-weather|RainDance|[upkeep]\n|upkeep\n|\n|t:|1776526377\n|switch|p2a: Crabominable|Crabominable, L50, M|100/100\n|turn|4\n|\n|t:|1776526389\n|detailschange|p2a: Crabominable|Crabominable-Mega, L50, M\n|-mega|p2a: Crabominable|Crabominable|Crabominite\n|move|p1a: Archaludon|Protect|p1a: Archaludon\n|-singleturn|p1a: Archaludon|Protect\n|move|p2b: Hatterene|Dazzling Gleam|p1a: Archaludon|[spread] p1b\n|-activate|p1a: Archaludon|move: Protect\n|-damage|p1b: Pelipper|34/100\n|move|p2a: Crabominable|Thunder Punch|p1b: Pelipper\n|-supereffective|p1b: Pelipper|2\n|-crit|p1b: Pelipper\n|-damage|p1b: Pelipper|0 fnt\n|faint|p1b: Pelipper\n|\n|-weather|RainDance|[upkeep]\n|upkeep\n|\n|t:|1776526404\n|switch|p1b: Medicham|Medicham-Mega, L50, M, shiny|100/100\n|turn|5\n|\n|t:|1776526427\n|move|p1b: Medicham|Fake Out|p2b: Hatterene\n|-damage|p2b: Hatterene|75/100\n|cant|p2b: Hatterene|flinch\n|move|p2a: Crabominable|Thunder Punch|p1b: Medicham\n|-damage|p1b: Medicham|42/100\n|move|p1a: Archaludon|Electro Shot||[still]\n|-prepare|p1a: Archaludon|Electro Shot\n|-boost|p1a: Archaludon|spa|1\n|-anim|p1a: Archaludon|Electro Shot|p2b: Hatterene\n|-damage|p2b: Hatterene|0 fnt\n|faint|p2b: Hatterene\n|\n|-weather|RainDance|[upkeep]\n|-fieldend|move: Trick Room\n|upkeep\n|\n|t:|1776526441\n|switch|p2b: Kingambit|Kingambit, L50, M|100/100\n|turn|6\n|\n|t:|1776526461\n|move|p2b: Kingambit|Sucker Punch|p1a: Archaludon\n|-damage|p1a: Archaludon|0 fnt\n|faint|p1a: Archaludon\n|move|p1b: Medicham|Zen Headbutt|p2a: Crabominable\n|-supereffective|p2a: Crabominable|1\n|-damage|p2a: Crabominable|2/100\n|move|p2a: Crabominable|Thunder Punch|p1b: Medicham\n|-damage|p1b: Medicham|0 fnt\n|faint|p1b: Medicham\n|\n|win|Djxnitro\n|raw|pundamental_user22's rating: 1049 &rarr; <strong>1029</strong><br />(-20 for losing)\n|raw|Djxnitro's rating: 1000 &rarr; <strong>1046</strong><br />(+46 for winning)\n|c|\u2606Djxnitro|gg\n|l|\u2606pundamental_user22\n|player|p1|\n",
  "uploadtime": 1776526478,
  "views": 17,
  "formatid": "gen9championsvgc2026regma",
  "rating": 1029,
  "private": 0,
  "password": null
}