{
  "id": "gen9championsvgc2026regma-2581874961",
  "format": "[Gen 9 Champions] VGC 2026 Reg M-A",
  "players": [
    "rusiavsucrania",
    "Champ.Braeden"
  ],
  "log": "|j|\u2606rusiavsucrania\n|j|\u2606Champ.Braeden\n|t:|1776035755\n|gametype|doubles\n|player|p1|rusiavsucrania|101|1234\n|player|p2|Champ.Braeden|hoopster|1331\n|gen|9\n|tier|[Gen 9 Champions] VGC 2026 Reg M-A\n|rated|\n|rule|Species Clause: Limit one of each Pok\u00e9mon\n|rule|Item Clause: Limit 1 of each item\n|clearpoke\n|poke|p1|Espathra, L50, M|\n|poke|p1|Sableye, L50, F|\n|poke|p1|Charizard, L50, M|\n|poke|p1|Garchomp, L50, M|\n|poke|p1|Gardevoir, L50, F|\n|poke|p1|Milotic, L50, M|\n|poke|p2|Aerodactyl, L50, F|\n|poke|p2|Incineroar, L50, M|\n|poke|p2|Garchomp, L50, F|\n|poke|p2|Sneasler, L50, F|\n|poke|p2|Rotom-Wash, L50|\n|poke|p2|Sinistcha, L50|\n|teampreview|4\n|inactive|Battle timer is ON: inactive players will automatically lose when time's up. (requested by rusiavsucrania)\n|j| alphacapex\n|\n|t:|1776035789\n|teamsize|p1|4\n|teamsize|p2|4\n|start\n|switch|p1a: Espathra|Espathra, L50, M, shiny|100/100\n|switch|p1b: Sableye|Sableye, L50, F|100/100\n|switch|p2a: Aerodactyl|Aerodactyl, L50, F|100/100\n|switch|p2b: Sneasler|Sneasler, L50, F|100/100\n|turn|1\n|inactive|Champ.Braeden has 30 seconds left.\n|inactive|Champ.Braeden has 20 seconds left.\n|\n|t:|1776035824\n|detailschange|p2a: Aerodactyl|Aerodactyl-Mega, L50, F\n|-mega|p2a: Aerodactyl|Aerodactyl|Aerodactylite\n|move|p1a: Espathra|Protect|p1a: Espathra\n|-singleturn|p1a: Espathra|Protect\n|move|p1b: Sableye|Fake Out|p2a: Aerodactyl\n|-resisted|p2a: Aerodactyl|1\n|-damage|p2a: Aerodactyl|96/100\n|move|p2b: Sneasler|Dire Claw|p1a: Espathra\n|-activate|p1a: Espathra|move: Protect\n|cant|p2a: Aerodactyl|flinch\n|\n|-ability|p1a: Espathra|Speed Boost|boost\n|-boost|p1a: Espathra|spe|1\n|upkeep\n|turn|2\n|\n|t:|1776035844\n|move|p1b: Sableye|Gravity|p1b: Sableye\n|-fieldstart|move: Gravity\n|move|p1a: Espathra|Hypnosis|p2a: Aerodactyl\n|-status|p2a: Aerodactyl|slp|[from] move: Hypnosis\n|cant|p2a: Aerodactyl|slp\n|move|p2b: Sneasler|Coaching|p2a: Aerodactyl\n|-boost|p2a: Aerodactyl|atk|1\n|-boost|p2a: Aerodactyl|def|1\n|\n|-ability|p1a: Espathra|Speed Boost|boost\n|-boost|p1a: Espathra|spe|1\n|upkeep\n|turn|3\n|\n|t:|1776035859\n|move|p1b: Sableye|Feint|p2b: Sneasler\n|-damage|p2b: Sneasler|91/100\n|move|p1a: Espathra|Lumina Crash|p2b: Sneasler\n|-supereffective|p2b: Sneasler|2\n|-damage|p2b: Sneasler|0 fnt\n|faint|p2b: Sneasler\n|-curestatus|p2a: Aerodactyl|slp|[msg]\n|move|p2a: Aerodactyl|Rock Slide|p1a: Espathra|[spread] p1a,p1b\n|-damage|p1a: Espathra|29/100\n|-damage|p1b: Sableye|41/100\n|\n|-ability|p1a: Espathra|Speed Boost|boost\n|-boost|p1a: Espathra|spe|1\n|upkeep\n|\n|t:|1776035875\n|switch|p2b: Rotom|Rotom-Wash, L50|100/100\n|turn|4\n|\n|t:|1776035886\n|move|p1a: Espathra|Hypnosis|p2a: Aerodactyl\n|-status|p2a: Aerodactyl|slp|[from] move: Hypnosis\n|move|p2b: Rotom|Volt Switch|p1a: Espathra\n|-damage|p1a: Espathra|0 fnt\n|faint|p1a: Espathra\n|\n|t:|1776035891\n|switch|p2b: Garchomp|Garchomp, L50, F|100/100|[from] Volt Switch\n|cant|p2a: Aerodactyl|slp\n|move|p1b: Sableye|Foul Play|p2a: Aerodactyl\n|-crit|p2a: Aerodactyl\n|-damage|p2a: Aerodactyl|0 fnt\n|faint|p2a: Aerodactyl\n|\n|upkeep\n|\n|t:|1776035903\n|switch|p2a: Rotom|Rotom-Wash, L50|100/100\n|switch|p1a: Garchomp|Garchomp, L50, M|100/100\n|turn|5\n|\n|t:|1776035927\n|move|p2a: Rotom|Helping Hand|p2b: Garchomp\n|-singleturn|p2b: Garchomp|Helping Hand|[of] p2a: Rotom\n|move|p1b: Sableye|Feint|p2a: Rotom\n|-damage|p2a: Rotom|93/100\n|move|p2b: Garchomp|Dragon Claw|p1a: Garchomp\n|-supereffective|p1a: Garchomp|1\n|-damage|p1a: Garchomp|0 fnt\n|-damage|p2b: Garchomp|88/100|[from] ability: Rough Skin|[of] p1a: Garchomp\n|faint|p1a: Garchomp\n|\n|upkeep\n|\n|t:|1776035933\n|switch|p1a: Charizard|Charizard, L50, M, shiny|100/100\n|turn|6\n|\n|t:|1776035944\n|move|p2a: Rotom|Helping Hand|p2b: Garchomp\n|-singleturn|p2b: Garchomp|Helping Hand|[of] p2a: Rotom\n|move|p1a: Charizard|Protect|p1a: Charizard\n|-singleturn|p1a: Charizard|Protect\n|move|p2b: Garchomp|Rock Slide|p1b: Sableye|[spread] p1b\n|-activate|p1a: Charizard|move: Protect\n|-damage|p1b: Sableye|4/100\n|move|p1b: Sableye|Foul Play|p2b: Garchomp\n|-damage|p2b: Garchomp|40/100\n|-damage|p1b: Sableye|0 fnt|[from] ability: Rough Skin|[of] p2b: Garchomp\n|faint|p1b: Sableye\n|\n|-fieldend|move: Gravity\n|upkeep\n|turn|7\n|\n|t:|1776035963\n|detailschange|p1a: Charizard|Charizard-Mega-Y, L50, M, shiny\n|-mega|p1a: Charizard|Charizard|Charizardite Y\n|-weather|SunnyDay|[from] ability: Drought|[of] p1a: Charizard\n|move|p2a: Rotom|Helping Hand|p2b: Garchomp\n|-singleturn|p2b: Garchomp|Helping Hand|[of] p2a: Rotom\n|move|p2b: Garchomp|Rock Slide|p1a: Charizard\n|-supereffective|p1a: Charizard|2\n|-damage|p1a: Charizard|0 fnt\n|faint|p1a: Charizard\n|\n|win|Champ.Braeden\n|raw|rusiavsucrania's rating: 1234 &rarr; <strong>1216</strong><br />(-18 for losing)\n|raw|Champ.Braeden's rating: 1331 &rarr; <strong>1346</strong><br />(+15 for winning)\n|l|\u2606rusiavsucrania\n|player|p1|\n",
  "uploadtime": 1776035978,
  "views": 26,
  "formatid": "gen9championsvgc2026regma",
  "rating": 1216,
  "private": 0,
  "password": null
}