{
  "id": "gen9championsvgc2026regma-2585461756",
  "format": "[Gen 9 Champions] VGC 2026 Reg M-A",
  "players": [
    "ElesaVGC",
    "banana00og"
  ],
  "log": "|j|\u2606ElesaVGC\n|j|\u2606banana00og\n|t:|1776348873\n|gametype|doubles\n|player|p1|ElesaVGC|caitlin|1091\n|player|p2|banana00og|fisherman|1000\n|gen|9\n|tier|[Gen 9 Champions] VGC 2026 Reg M-A\n|rated|\n|rule|Species Clause: Limit one of each Pok\u00e9mon\n|rule|Item Clause: Limit 1 of each item\n|clearpoke\n|poke|p1|Golurk, L50|\n|poke|p1|Farigiraf, L50, M|\n|poke|p1|Torkoal, L50, M|\n|poke|p1|Venusaur, L50, M|\n|poke|p1|Sneasler, L50, M|\n|poke|p1|Incineroar, L50, M|\n|poke|p2|Delphox, L50, M|\n|poke|p2|Hydrapple, L50, F|\n|poke|p2|Cofagrigus, L50, M|\n|poke|p2|Palafin, L50, F|\n|poke|p2|Maushold, L50|\n|poke|p2|Archaludon, L50, M|\n|teampreview|4\n|inactive|Battle timer is ON: inactive players will automatically lose when time's up. (requested by banana00og)\n|inactive|ElesaVGC has 60 seconds left.\nbanana00og has agreed to open team sheets.\n|inactive|ElesaVGC has 30 seconds left.\n|\n|t:|1776348938\n|teamsize|p1|4\n|teamsize|p2|4\n|start\n|switch|p1a: Sneasler|Sneasler, L50, M|100/100\n|switch|p1b: Incineroar|Incineroar, L50, M, shiny|100/100\n|switch|p2a: Cofagrigus|Cofagrigus, L50, M|100/100\n|switch|p2b: Hydrapple|Hydrapple, L50, F|100/100\n|-ability|p1b: Incineroar|Intimidate|boost\n|-unboost|p2a: Cofagrigus|atk|1\n|-unboost|p2b: Hydrapple|atk|1\n|turn|1\n|\n|t:|1776348960\n|move|p2b: Hydrapple|Protect|p2b: Hydrapple\n|-singleturn|p2b: Hydrapple|Protect\n|move|p2a: Cofagrigus|Protect|p2a: Cofagrigus\n|-singleturn|p2a: Cofagrigus|Protect\n|move|p1b: Incineroar|Fake Out|p2b: Hydrapple\n|-activate|p2b: Hydrapple|move: Protect\n|move|p1a: Sneasler|Dire Claw|p2b: Hydrapple\n|-activate|p2b: Hydrapple|move: Protect\n|\n|upkeep\n|turn|2\n|inactive|banana00og has 30 seconds left.\n|\n|t:|1776348988\n|switch|p1a: Farigiraf|Farigiraf, L50, M|100/100\n|move|p1b: Incineroar|Parting Shot|p2b: Hydrapple\n|-unboost|p2b: Hydrapple|atk|1\n|-unboost|p2b: Hydrapple|spa|1\n|\n|t:|1776348998\n|switch|p1b: Sneasler|Sneasler, L50, M|100/100|[from] Parting Shot\n|move|p2b: Hydrapple|Fickle Beam|p1a: Farigiraf\n|-damage|p1a: Farigiraf|77/100\n|move|p2a: Cofagrigus|Will-O-Wisp|p1a: Farigiraf\n|-status|p1a: Farigiraf|brn\n|\n|-damage|p1a: Farigiraf|71/100 brn|[from] brn\n|upkeep\n|turn|3\n|inactive|ElesaVGC has 30 seconds left.\n|\n|t:|1776349030\n|switch|p1b: Incineroar|Incineroar, L50, M, shiny|100/100\n|-ability|p1b: Incineroar|Intimidate|boost\n|-unboost|p2a: Cofagrigus|atk|1\n|-unboost|p2b: Hydrapple|atk|1\n|move|p2b: Hydrapple|Protect|p2b: Hydrapple\n|-singleturn|p2b: Hydrapple|Protect\n|move|p2a: Cofagrigus|Will-O-Wisp|p1b: Incineroar\n|-immune|p1b: Incineroar\n|move|p1a: Farigiraf|Trick Room|p1a: Farigiraf\n|-fieldstart|move: Trick Room|[of] p1a: Farigiraf\n|\n|-damage|p1a: Farigiraf|64/100 brn|[from] brn\n|upkeep\n|turn|4\n|inactive|ElesaVGC has 30 seconds left.\n|inactive|banana00og has 30 seconds left.\n|\n|t:|1776349064\n|switch|p2a: Palafin|Palafin, L50, F|100/100\n|switch|p1a: Golurk|Golurk, L50, shiny|100/100\n|move|p2b: Hydrapple|Yawn|p1b: Incineroar\n|-start|p1b: Incineroar|move: Yawn|[of] p2b: Hydrapple\n|move|p1b: Incineroar|Darkest Lariat|p2a: Palafin\n|-damage|p2a: Palafin|45/100\n|\n|upkeep\n|turn|5\n|\n|t:|1776349084\n|detailschange|p2a: Palafin|Palafin-Hero, L50, F\n|switch|p2a: Cofagrigus|Cofagrigus, L50, M|100/100\n|detailschange|p1a: Golurk|Golurk-Mega, L50, shiny\n|-mega|p1a: Golurk|Golurk|Golurkite\n|move|p2b: Hydrapple|Protect|p2b: Hydrapple\n|-singleturn|p2b: Hydrapple|Protect\n|move|p1a: Golurk|Ice Punch|p2b: Hydrapple\n|-supereffective|p2b: Hydrapple|2\n|-ability|p1a: Golurk|Unseen Fist\n|-zbroken|p2b: Hydrapple\n|-damage|p2b: Hydrapple|79/100\n|move|p1b: Incineroar|Parting Shot|p2a: Cofagrigus\n|-unboost|p2a: Cofagrigus|atk|1\n|-unboost|p2a: Cofagrigus|spa|1\n|\n|t:|1776349100\n|switch|p1b: Farigiraf|Farigiraf, L50, M|64/100 brn|[from] Parting Shot\n|\n|-heal|p2b: Hydrapple|85/100|[from] item: Leftovers\n|-damage|p1b: Farigiraf|58/100 brn|[from] brn\n|upkeep\n|turn|6\n|inactive|ElesaVGC has 30 seconds left.\n|inactive|ElesaVGC has 20 seconds left.\n|inactive|ElesaVGC has 15 seconds left.\n|\n|t:|1776349141\n|switch|p2b: Palafin|Palafin-Hero, L50, F|45/100\n|-activate|p2b: Palafin|ability: Zero to Hero\n|move|p2a: Cofagrigus|Disable|p1a: Golurk\n|-start|p1a: Golurk|Disable|Ice Punch\n|cant|p1a: Golurk|Disable|Ice Punch\n|move|p1b: Farigiraf|Hyper Voice|p2a: Cofagrigus|[spread] p2b\n|-immune|p2a: Cofagrigus\n|-damage|p2b: Palafin|14/100\n|\n|-damage|p1b: Farigiraf|52/100 brn|[from] brn\n|upkeep\n|turn|7\n|\n|t:|1776349166\n|move|p1a: Golurk|Protect|p1a: Golurk\n|-singleturn|p1a: Golurk|Protect\n|move|p2b: Palafin|Jet Punch||[still]\n|cant|p1b: Farigiraf|ability: Armor Tail|Jet Punch|[of] p2b: Palafin\n|move|p2a: Cofagrigus|Disable|p1b: Farigiraf\n|-start|p1b: Farigiraf|Disable|Hyper Voice\n|cant|p1b: Farigiraf|Disable|Hyper Voice\n|\n|-damage|p1b: Farigiraf|46/100 brn|[from] brn\n|-fieldend|move: Trick Room\n|upkeep\n|-enditem|p1b: Farigiraf|Sitrus Berry|[eat]\n|-heal|p1b: Farigiraf|71/100 brn|[from] item: Sitrus Berry\n|turn|8\n|l|\u2606banana00og\n|inactive|banana00og disconnected and has a minute to reconnect!\n|player|p2|\n|inactive|ElesaVGC has 30 seconds left.\n|inactive|banana00og has 30 seconds left.\n|j|\u2606banana00og\n|inactive|banana00og reconnected and has 30 seconds left.\n|player|p2|banana00og|fisherman|\n|inactive|banana00og has 20 seconds left.\n|\n|t:|1776349204\n|switch|p2b: Hydrapple|Hydrapple, L50, F|100/100\n|switch|p1a: Incineroar|Incineroar, L50, M, shiny|100/100\n|-ability|p1a: Incineroar|Intimidate|boost\n|-unboost|p2a: Cofagrigus|atk|1\n|-unboost|p2b: Hydrapple|atk|1\n|move|p1b: Farigiraf|Twin Beam|p2b: Hydrapple\n|-damage|p2b: Hydrapple|81/100\n|-damage|p2b: Hydrapple|61/100\n|-hitcount|p2b: Hydrapple|2\n|move|p2a: Cofagrigus|Will-O-Wisp|p1b: Farigiraf\n|-fail|p1b: Farigiraf|brn\n|\n|-heal|p2b: Hydrapple|67/100|[from] item: Leftovers\n|-damage|p1b: Farigiraf|64/100 brn|[from] brn\n|upkeep\n|turn|9\n|inactive|ElesaVGC has 30 seconds left.\n|inactive|banana00og has 30 seconds left.\n|\n|t:|1776349231\n|move|p2b: Hydrapple|Protect|p2b: Hydrapple\n|-singleturn|p2b: Hydrapple|Protect\n|move|p1a: Incineroar|Fake Out|p2b: Hydrapple\n|-activate|p2b: Hydrapple|move: Protect\n|move|p1b: Farigiraf|Twin Beam|p2a: Cofagrigus\n|-damage|p2a: Cofagrigus|81/100\n|-damage|p2a: Cofagrigus|61/100\n|-hitcount|p2a: Cofagrigus|2\n|move|p2a: Cofagrigus|Dark Pulse|p1b: Farigiraf\n|-supereffective|p1b: Farigiraf|1\n|-damage|p1b: Farigiraf|38/100 brn\n|\n|-heal|p2b: Hydrapple|73/100|[from] item: Leftovers\n|-damage|p1b: Farigiraf|32/100 brn|[from] brn\n|upkeep\n|turn|10\n|inactive|banana00og has 30 seconds left.\n|inactive|banana00og has 20 seconds left.\n|inactive|banana00og has 15 seconds left.\n|inactive|banana00og has 10 seconds left.\n|\n|t:|1776349278\n|move|p2b: Hydrapple|Protect|p2b: Hydrapple\n|-singleturn|p2b: Hydrapple|Protect\n|move|p1a: Incineroar|Darkest Lariat|p2a: Cofagrigus\n|-supereffective|p2a: Cofagrigus|1\n|-damage|p2a: Cofagrigus|0 fnt\n|-activate|p2a: Cofagrigus|ability: Mummy|p1a: Incineroar|[ability] Intimidate\n|faint|p2a: Cofagrigus\n|move|p1b: Farigiraf|Twin Beam|p2b: Hydrapple\n|-activate|p2b: Hydrapple|move: Protect\n|\n|-heal|p2b: Hydrapple|79/100|[from] item: Leftovers\n|-damage|p1b: Farigiraf|26/100 brn|[from] brn\n|-end|p1b: Farigiraf|Disable\n|upkeep\n|\n|t:|1776349294\n|switch|p2a: Delphox|Delphox, L50, M|100/100\n|turn|11\n|\n|t:|1776349312\n|detailschange|p2a: Delphox|Delphox-Mega, L50, M\n|-mega|p2a: Delphox|Delphox|Delphoxite\n|move|p2a: Delphox|Protect|p2a: Delphox\n|-singleturn|p2a: Delphox|Protect\n|move|p1a: Incineroar|Parting Shot|p2b: Hydrapple\n|-unboost|p2b: Hydrapple|atk|1\n|-unboost|p2b: Hydrapple|spa|1\n|\n|t:|1776349321\n|switch|p1a: Golurk|Golurk-Mega, L50, shiny|100/100|[from] Parting Shot\n|move|p2b: Hydrapple|Fickle Beam|p1a: Golurk\n|-damage|p1a: Golurk|82/100\n|move|p1b: Farigiraf|Trick Room|p1b: Farigiraf\n|-fieldstart|move: Trick Room|[of] p1b: Farigiraf\n|\n|-heal|p2b: Hydrapple|85/100|[from] item: Leftovers\n|-damage|p1b: Farigiraf|19/100 brn|[from] brn\n|upkeep\n|turn|12\n|\n|t:|1776349339\n|switch|p1b: Incineroar|Incineroar, L50, M, shiny|100/100\n|-ability|p1b: Incineroar|Intimidate|boost\n|-unboost|p2a: Delphox|atk|1\n|-unboost|p2b: Hydrapple|atk|1\n|move|p2b: Hydrapple|Pollen Puff|p1b: Incineroar\n|-damage|p1b: Incineroar|85/100\n|move|p1a: Golurk|Poltergeist|p2a: Delphox\n|-activate|p2a: Delphox|move: Poltergeist|Delphoxite\n|-supereffective|p2a: Delphox|1\n|-damage|p2a: Delphox|0 fnt\n|faint|p2a: Delphox\n|\n|-heal|p2b: Hydrapple|92/100|[from] item: Leftovers\n|upkeep\n|\n|t:|1776349355\n|switch|p2a: Palafin|Palafin-Hero, L50, F|14/100\n|turn|13\n|\n|t:|1776349376\n|move|p1a: Golurk|Protect|p1a: Golurk\n|-singleturn|p1a: Golurk|Protect\n|move|p1b: Incineroar|Fake Out|p2a: Palafin\n|-damage|p2a: Palafin|0 fnt\n|faint|p2a: Palafin\n|move|p2b: Hydrapple|Fickle Beam|p1a: Golurk\n|-activate|p1a: Golurk|move: Protect\n|\n|-heal|p2b: Hydrapple|98/100|[from] item: Leftovers\n|upkeep\n|turn|14\n|\n|t:|1776349394\n|move|p2b: Hydrapple|Fickle Beam|p1a: Golurk\n|-damage|p1a: Golurk|63/100\n|move|p1a: Golurk|Ice Punch|p2b: Hydrapple\n|-supereffective|p2b: Hydrapple|2\n|-damage|p2b: Hydrapple|19/100\n|move|p1b: Incineroar|Parting Shot|p2b: Hydrapple\n|-unboost|p2b: Hydrapple|atk|1\n|-unboost|p2b: Hydrapple|spa|1\n|\n|t:|1776349408\n|switch|p1b: Sneasler|Sneasler, L50, M|100/100|[from] Parting Shot\n|\n|-heal|p2b: Hydrapple|25/100|[from] item: Leftovers\n|upkeep\n|turn|15\n|\n|t:|1776349417\n|move|p1b: Sneasler|Fake Out|p2b: Hydrapple\n|-damage|p2b: Hydrapple|16/100\n|cant|p2b: Hydrapple|flinch\n|move|p1a: Golurk|Ice Punch|p2b: Hydrapple\n|-supereffective|p2b: Hydrapple|2\n|-damage|p2b: Hydrapple|0 fnt\n|faint|p2b: Hydrapple\n|\n|win|ElesaVGC\n|raw|ElesaVGC's rating: 1091 &rarr; <strong>1111</strong><br />(+20 for winning)\n|raw|banana00og's rating: 1000 &rarr; <strong>1000</strong><br />(+0 for losing)\n|l|\u2606banana00og\n|player|p2|\n",
  "uploadtime": 1776349444,
  "views": 31,
  "formatid": "gen9championsvgc2026regma",
  "rating": 1000,
  "private": 0,
  "password": null
}