{
  "id": "gen9championsvgc2026regma-2587324408",
  "format": "[Gen 9 Champions] VGC 2026 Reg M-A",
  "players": [
    "inosely",
    "JakeTheHeadache"
  ],
  "log": "|j|\u2606inosely\n|j|\u2606JakeTheHeadache\n|t:|1776522079\n|gametype|doubles\n|player|p1|inosely|266|1166\n|player|p2|JakeTheHeadache|hilbert|1087\n|gen|9\n|tier|[Gen 9 Champions] VGC 2026 Reg M-A\n|rated|\n|rule|Species Clause: Limit one of each Pok\u00e9mon\n|rule|Item Clause: Limit 1 of each item\n|clearpoke\n|poke|p1|Pinsir, L50, F, shiny|\n|poke|p1|Archaludon, L50, M|\n|poke|p1|Pelipper, L50, F|\n|poke|p1|Weavile, L50, M|\n|poke|p1|Basculegion, L50, M|\n|poke|p1|Gengar, L50, F|\n|poke|p2|Tyranitar, L50, M|\n|poke|p2|Hydrapple, L50, F|\n|poke|p2|Incineroar, L50, F|\n|poke|p2|Volcarona, L50, F|\n|poke|p2|Farigiraf, L50, M|\n|poke|p2|Excadrill, L50, M|\n|teampreview|4\n|inactive|Battle timer is ON: inactive players will automatically lose when time's up. (requested by inosely)\ninosely rejected open team sheets.\n|inactive|JakeTheHeadache has 60 seconds left.\n|\n|t:|1776522127\n|teamsize|p1|4\n|teamsize|p2|4\n|start\n|switch|p1a: Pelipper|Pelipper, L50, F|100/100\n|switch|p1b: Basculegion|Basculegion, L50, M|100/100\n|switch|p2a: Incineroar|Incineroar, L50, F|100/100\n|switch|p2b: Farigiraf|Farigiraf, L50, M|100/100\n|-weather|RainDance|[from] ability: Drizzle|[of] p1a: Pelipper\n|-ability|p2a: Incineroar|Intimidate|boost\n|-unboost|p1a: Pelipper|atk|1\n|-unboost|p1b: Basculegion|atk|1\n|turn|1\n|inactive|JakeTheHeadache has 30 seconds left.\n|\n|t:|1776522157\n|switch|p2b: Tyranitar|Tyranitar, L50, M|100/100\n|-weather|Sandstorm|[from] ability: Sand Stream|[of] p2b: Tyranitar\n|move|p1a: Pelipper|Protect|p1a: Pelipper\n|-singleturn|p1a: Pelipper|Protect\n|move|p2a: Incineroar|Fake Out|p1a: Pelipper\n|-activate|p1a: Pelipper|move: Protect\n|move|p1b: Basculegion|Flip Turn|p2b: Tyranitar\n|-supereffective|p2b: Tyranitar|1\n|-damage|p2b: Tyranitar|52/100\n|\n|t:|1776522173\n|switch|p1b: Archaludon|Archaludon, L50, M|100/100|[from] Flip Turn\n|\n|-weather|Sandstorm|[upkeep]\n|-damage|p1a: Pelipper|95/100|[from] Sandstorm\n|-damage|p2a: Incineroar|95/100|[from] Sandstorm\n|-heal|p1a: Pelipper|100/100|[from] item: Leftovers\n|upkeep\n|turn|2\n|\n|t:|1776522191\n|detailschange|p2b: Tyranitar|Tyranitar-Mega, L50, M\n|-mega|p2b: Tyranitar|Tyranitar|Tyranitarite\n|move|p1b: Archaludon|Aura Sphere|p2b: Tyranitar\n|-supereffective|p2b: Tyranitar|2\n|-damage|p2b: Tyranitar|2/100\n|move|p2b: Tyranitar|High Horsepower|p1b: Archaludon\n|-supereffective|p1b: Archaludon|1\n|-damage|p1b: Archaludon|25/100\n|-ability|p1b: Archaludon|Stamina|boost\n|-boost|p1b: Archaludon|def|1\n|-enditem|p1b: Archaludon|Sitrus Berry|[eat]\n|-heal|p1b: Archaludon|50/100|[from] item: Sitrus Berry\n|move|p1a: Pelipper|Tailwind|p1a: Pelipper\n|-sidestart|p1: inosely|move: Tailwind\n|move|p2a: Incineroar|Parting Shot|p1b: Archaludon\n|-unboost|p1b: Archaludon|atk|1\n|-unboost|p1b: Archaludon|spa|1\n|\n|t:|1776522211\n|switch|p2a: Farigiraf|Farigiraf, L50, M|100/100|[from] Parting Shot\n|\n|-weather|Sandstorm|[upkeep]\n|-damage|p1a: Pelipper|95/100|[from] Sandstorm\n|-damage|p2a: Farigiraf|94/100|[from] Sandstorm\n|-heal|p1a: Pelipper|100/100|[from] item: Leftovers\n|upkeep\n|turn|3\n|\n|t:|1776522231\n|switch|p1b: Weavile|Weavile, L50, M|100/100\n|switch|p2b: Hydrapple|Hydrapple, L50, F|100/100\n|-ability|p2b: Hydrapple|Supersweet Syrup\n|-unboost|p1a: Pelipper|evasion|1\n|-unboost|p1b: Weavile|evasion|1\n|move|p1a: Pelipper|Weather Ball|p2b: Hydrapple\n|-damage|p2b: Hydrapple|82/100\n|move|p2a: Farigiraf|Trick Room|p2a: Farigiraf\n|-fieldstart|move: Trick Room|[of] p2a: Farigiraf\n|\n|-weather|Sandstorm|[upkeep]\n|-damage|p2b: Hydrapple|76/100|[from] Sandstorm\n|-damage|p2a: Farigiraf|88/100|[from] Sandstorm\n|-damage|p1a: Pelipper|95/100|[from] Sandstorm\n|-damage|p1b: Weavile|94/100|[from] Sandstorm\n|-heal|p1a: Pelipper|100/100|[from] item: Leftovers\n|upkeep\n|turn|4\n|inactive|inosely has 30 seconds left.\n|inactive|JakeTheHeadache has 30 seconds left.\n|\n|t:|1776522263\n|switch|p2a: Incineroar|Incineroar, L50, F|95/100\n|-ability|p2a: Incineroar|Intimidate|boost\n|-unboost|p1a: Pelipper|atk|1\n|-unboost|p1b: Weavile|atk|1\n|move|p2b: Hydrapple|Protect|p2b: Hydrapple\n|-singleturn|p2b: Hydrapple|Protect\n|move|p1a: Pelipper|Protect|p1a: Pelipper\n|-singleturn|p1a: Pelipper|Protect\n|move|p1b: Weavile|Triple Axel|p2b: Hydrapple\n|-activate|p2b: Hydrapple|move: Protect\n|\n|-weather|Sandstorm|[upkeep]\n|-damage|p2b: Hydrapple|70/100|[from] Sandstorm\n|-damage|p2a: Incineroar|89/100|[from] Sandstorm\n|-damage|p1a: Pelipper|95/100|[from] Sandstorm\n|-damage|p1b: Weavile|88/100|[from] Sandstorm\n|-heal|p1a: Pelipper|100/100|[from] item: Leftovers\n|upkeep\n|turn|5\n|inactive|inosely has 30 seconds left.\n|inactive|JakeTheHeadache has 30 seconds left.\n|inactive|inosely has 20 seconds left.\n|inactive|JakeTheHeadache has 20 seconds left.\n|inactive|JakeTheHeadache has 15 seconds left.\n|inactive|JakeTheHeadache has 10 seconds left.\n|\n|t:|1776522308\n|switch|p2a: Tyranitar|Tyranitar-Mega, L50, M|2/100\n|switch|p1b: Basculegion|Basculegion, L50, M|100/100\n|move|p1a: Pelipper|Protect||[still]\n|-fail|p1a: Pelipper\n|move|p2b: Hydrapple|Pollen Puff|p2a: Tyranitar\n|-heal|p2a: Tyranitar|52/100\n|\n|-weather|none\n|-sideend|p1: inosely|move: Tailwind\n|upkeep\n|turn|6\n|inactive|inosely has 30 seconds left.\n|\n|t:|1776522339\n|move|p1b: Basculegion|Aqua Jet|p2a: Tyranitar\n|-supereffective|p2a: Tyranitar|1\n|-damage|p2a: Tyranitar|19/100\n|move|p2b: Hydrapple|Pollen Puff|p2a: Tyranitar\n|-heal|p2a: Tyranitar|69/100\n|move|p1a: Pelipper|Hurricane|p2b: Hydrapple\n|-supereffective|p2b: Hydrapple|1\n|-damage|p2b: Hydrapple|7/100\n|move|p2a: Tyranitar|Knock Off|p1b: Basculegion\n|-supereffective|p1b: Basculegion|1\n|-damage|p1b: Basculegion|0 fnt\n|-enditem|p1b: Basculegion|Choice Scarf|[from] move: Knock Off|[of] p2a: Tyranitar\n|faint|p1b: Basculegion\n|\n|upkeep\n|\n|t:|1776522353\n|switch|p1b: Weavile|Weavile, L50, M|88/100\n|turn|7\n|\n|t:|1776522363\n|move|p2b: Hydrapple|Protect|p2b: Hydrapple\n|-singleturn|p2b: Hydrapple|Protect\n|move|p1b: Weavile|Fake Out|p2a: Tyranitar\n|-resisted|p2a: Tyranitar|1\n|-damage|p2a: Tyranitar|64/100\n|move|p1a: Pelipper|Tailwind|p1a: Pelipper\n|-sidestart|p1: inosely|move: Tailwind\n|cant|p2a: Tyranitar|flinch\n|\n|-fieldend|move: Trick Room\n|upkeep\n|turn|8\n|inactive|inosely has 30 seconds left.\n|\n|t:|1776522392\n|switch|p1a: Archaludon|Archaludon, L50, M|50/100\n|move|p1b: Weavile|Triple Axel|p2b: Hydrapple\n|-supereffective|p2b: Hydrapple|2\n|-enditem|p2b: Hydrapple|Yache Berry|[eat]\n|-enditem|p2b: Hydrapple|Yache Berry|[weaken]\n|-damage|p2b: Hydrapple|0 fnt\n|faint|p2b: Hydrapple\n|-hitcount|p2: Hydrapple|1\n|move|p2a: Tyranitar|Rock Slide|p1a: Archaludon|[spread] p1a\n|-miss|p2a: Tyranitar|p1b: Weavile\n|-resisted|p1a: Archaludon|1\n|-damage|p1a: Archaludon|33/100\n|-ability|p1a: Archaludon|Stamina|boost\n|-boost|p1a: Archaludon|def|1\n|\n|upkeep\n|\n|t:|1776522408\n|switch|p2b: Incineroar|Incineroar, L50, F|89/100\n|-ability|p2b: Incineroar|Intimidate|boost\n|-unboost|p1a: Archaludon|atk|1\n|-unboost|p1b: Weavile|atk|1\n|turn|9\n|\n|t:|1776522418\n|switch|p2a: Farigiraf|Farigiraf, L50, M|88/100\n|move|p2b: Incineroar|Fake Out|p1b: Weavile\n|-damage|p1b: Weavile|65/100\n|cant|p1b: Weavile|flinch\n|move|p1a: Archaludon|Aura Sphere|p2a: Farigiraf\n|-damage|p2a: Farigiraf|65/100\n|\n|upkeep\n|turn|10\n|\n|t:|1776522438\n|move|p1b: Weavile|Knock Off|p2a: Farigiraf\n|-supereffective|p2a: Farigiraf|1\n|-damage|p2a: Farigiraf|0 fnt\n|-enditem|p2a: Farigiraf|Mental Herb|[from] move: Knock Off|[of] p1b: Weavile\n|faint|p2a: Farigiraf\n|move|p1a: Archaludon|Aura Sphere|p2b: Incineroar\n|-supereffective|p2b: Incineroar|1\n|-damage|p2b: Incineroar|38/100\n|-enditem|p2b: Incineroar|Sitrus Berry|[eat]\n|-heal|p2b: Incineroar|63/100|[from] item: Sitrus Berry\n|move|p2b: Incineroar|Parting Shot|p1a: Archaludon\n|-unboost|p1a: Archaludon|atk|1\n|-unboost|p1a: Archaludon|spa|1\n|\n|t:|1776522450\n|switch|p2b: Tyranitar|Tyranitar-Mega, L50, M|64/100|[from] Parting Shot\n|-weather|Sandstorm|[from] ability: Sand Stream|[of] p2b: Tyranitar\n|\n|-weather|Sandstorm|[upkeep]\n|-damage|p1b: Weavile|59/100|[from] Sandstorm\n|-sideend|p1: inosely|move: Tailwind\n|upkeep\n|\n|t:|1776522458\n|switch|p2a: Incineroar|Incineroar, L50, F|63/100\n|-ability|p2a: Incineroar|Intimidate|boost\n|-unboost|p1a: Archaludon|atk|1\n|-unboost|p1b: Weavile|atk|1\n|turn|11\n|\n|t:|1776522477\n|switch|p1b: Pelipper|Pelipper, L50, F|100/100\n|-weather|RainDance|[from] ability: Drizzle|[of] p1b: Pelipper\n|move|p1a: Archaludon|Protect|p1a: Archaludon\n|-singleturn|p1a: Archaludon|Protect\n|move|p2a: Incineroar|Fake Out|p1a: Archaludon\n|-activate|p1a: Archaludon|move: Protect\n|move|p2b: Tyranitar|High Horsepower|p1a: Archaludon\n|-activate|p1a: Archaludon|move: Protect\n|\n|-weather|RainDance|[upkeep]\n|upkeep\n|turn|12\n|-message|JakeTheHeadache forfeited.\n|\n|win|inosely\n|raw|inosely's rating: 1166 &rarr; <strong>1185</strong><br />(+19 for winning)\n|raw|JakeTheHeadache's rating: 1087 &rarr; <strong>1069</strong><br />(-18 for losing)\n|l|\u2606JakeTheHeadache\n|player|p2|\n",
  "uploadtime": 1776522492,
  "views": 20,
  "formatid": "gen9championsvgc2026regma",
  "rating": 1069,
  "private": 0,
  "password": null
}