{
  "id": "gen9championsvgc2026regma-2586446208",
  "format": "[Gen 9 Champions] VGC 2026 Reg M-A",
  "players": [
    "2.nikow",
    "drake78976"
  ],
  "log": "|j|\u26062.nikow\n|j|\u2606drake78976\n|t:|1776435252\n|gametype|doubles\n|player|p1|2.nikow|harlequin|1288\n|player|p2|drake78976|li|1326\n|gen|9\n|tier|[Gen 9 Champions] VGC 2026 Reg M-A\n|rated|\n|rule|Species Clause: Limit one of each Pok\u00e9mon\n|rule|Item Clause: Limit 1 of each item\n|clearpoke\n|poke|p1|Incineroar, L50, F|\n|poke|p1|Floette-Eternal, L50, F|\n|poke|p1|Garchomp, L50, M|\n|poke|p1|Pelipper, L50, F|\n|poke|p1|Archaludon, L50, M|\n|poke|p1|Kingambit, L50, M|\n|poke|p2|Aggron, L50, F|\n|poke|p2|Primarina, L50, M|\n|poke|p2|Hydreigon, L50, M|\n|poke|p2|Sinistcha, L50|\n|poke|p2|Glimmora, L50, F|\n|poke|p2|Farigiraf, L50, M|\n|teampreview|4\n|inactive|Battle timer is ON: inactive players will automatically lose when time's up. (requested by 2.nikow)\n|\n|t:|1776435295\n|teamsize|p1|4\n|teamsize|p2|4\n|start\n|switch|p1a: Floette|Floette-Eternal, L50, F|100/100\n|switch|p1b: Archaludon|Archaludon, L50, M|100/100\n|switch|p2a: Glimmora|Glimmora, L50, F, shiny|100/100\n|switch|p2b: Farigiraf|Farigiraf, L50, M|100/100\n|turn|1\n|inactive|2.nikow has 30 seconds left.\n|\n|t:|1776435324\n|switch|p1b: Garchomp|Garchomp, L50, M|100/100\n|detailschange|p1a: Floette|Floette-Mega, L50, F\n|-mega|p1a: Floette|Floette|Floettite\n|-ability|p1a: Floette|Fairy Aura\n|move|p1a: Floette|Protect|p1a: Floette\n|-singleturn|p1a: Floette|Protect\n|move|p2a: Glimmora|Sludge Bomb|p1a: Floette\n|-activate|p1a: Floette|move: Protect\n|move|p2b: Farigiraf|Trick Room|p2b: Farigiraf\n|-fieldstart|move: Trick Room|[of] p2b: Farigiraf\n|\n|upkeep\n|turn|2\n|\n|t:|1776435348\n|switch|p1a: Pelipper|Pelipper, L50, F, shiny|100/100\n|-weather|RainDance|[from] ability: Drizzle|[of] p1a: Pelipper\n|move|p2b: Farigiraf|Helping Hand|p2a: Glimmora\n|-singleturn|p2a: Glimmora|Helping Hand|[of] p2b: Farigiraf\n|move|p2a: Glimmora|Sludge Wave|p1b: Garchomp|[spread] p2b,p1a,p1b\n|-resisted|p1b: Garchomp|1\n|-damage|p2b: Farigiraf|54/100\n|-enditem|p1a: Pelipper|Focus Sash\n|-damage|p1a: Pelipper|1/100\n|-damage|p1b: Garchomp|70/100\n|move|p1b: Garchomp|Earthquake|p2b: Farigiraf|[spread] p2a,p2b\n|-immune|p1a: Pelipper\n|-supereffective|p2a: Glimmora|2\n|-enditem|p2a: Glimmora|Focus Sash\n|-damage|p2a: Glimmora|1/100\n|-damage|p2b: Farigiraf|13/100\n|-activate|p2a: Glimmora|ability: Toxic Debris\n|-sidestart|p1: 2.nikow|move: Toxic Spikes\n|-enditem|p2b: Farigiraf|Sitrus Berry|[eat]\n|-heal|p2b: Farigiraf|38/100|[from] item: Sitrus Berry\n|\n|-weather|RainDance|[upkeep]\n|upkeep\n|turn|3\n|inactive|drake78976 has 30 seconds left.\n|\n|t:|1776435382\n|move|p1a: Pelipper|Protect|p1a: Pelipper\n|-singleturn|p1a: Pelipper|Protect\n|move|p2a: Glimmora|Spiky Shield|p2a: Glimmora\n|-singleturn|p2a: Glimmora|move: Protect\n|move|p2b: Farigiraf|Psychic|p1a: Pelipper\n|-activate|p1a: Pelipper|move: Protect\n|move|p1b: Garchomp|Earthquake|p2a: Glimmora|[spread] p2b\n|-activate|p1a: Pelipper|move: Protect\n|-activate|p2a: Glimmora|move: Protect\n|-damage|p2b: Farigiraf|0 fnt\n|faint|p2b: Farigiraf\n|\n|-weather|RainDance|[upkeep]\n|upkeep\n|\n|t:|1776435384\n|switch|p2b: Primarina|Primarina, L50, M|100/100\n|turn|4\n|\n|t:|1776435400\n|move|p2b: Primarina|Hyper Voice|p1b: Garchomp|[spread] p1a,p1b\n|-resisted|p1a: Pelipper|1\n|-damage|p1a: Pelipper|0 fnt\n|-damage|p1b: Garchomp|0 fnt\n|faint|p1a: Pelipper\n|faint|p1b: Garchomp\n|move|p2a: Glimmora|Sludge Bomb|p1: Pelipper|[notarget]\n|-fail|p2a: Glimmora\n|\n|-weather|RainDance|[upkeep]\n|upkeep\n|\n|t:|1776435413\n|switch|p1a: Archaludon|Archaludon, L50, M|100/100\n|switch|p1b: Floette|Floette-Mega, L50, F|100/100\n|-status|p1b: Floette|psn\n|-ability|p1b: Floette|Fairy Aura\n|turn|5\n|\n|t:|1776435429\n|move|p1b: Floette|Protect|p1b: Floette\n|-singleturn|p1b: Floette|Protect\n|move|p2b: Primarina|Moonblast|p1a: Archaludon\n|-damage|p1a: Archaludon|7/100\n|-ability|p1a: Archaludon|Stamina|boost\n|-boost|p1a: Archaludon|def|1\n|move|p1a: Archaludon|Electro Shot||[still]\n|-prepare|p1a: Archaludon|Electro Shot\n|-boost|p1a: Archaludon|spa|1\n|-anim|p1a: Archaludon|Electro Shot|p2b: Primarina\n|-supereffective|p2b: Primarina|1\n|-damage|p2b: Primarina|0 fnt\n|faint|p2b: Primarina\n|move|p2a: Glimmora|Power Gem|p1a: Archaludon\n|-resisted|p1a: Archaludon|1\n|-damage|p1a: Archaludon|0 fnt\n|faint|p1a: Archaludon\n|\n|-weather|RainDance|[upkeep]\n|-damage|p1b: Floette|88/100 psn|[from] psn\n|-fieldend|move: Trick Room\n|upkeep\n|\n|t:|1776435439\n|switch|p2b: Sinistcha|Sinistcha, L50|100/100\n|-heal|p2a: Glimmora|26/100|[from] ability: Hospitality|[of] p2b: Sinistcha\n|turn|6\n|\n|t:|1776435448\n|move|p2a: Glimmora|Spiky Shield|p2a: Glimmora\n|-singleturn|p2a: Glimmora|move: Protect\n|move|p1b: Floette|Moonblast|p2a: Glimmora\n|-activate|p2a: Glimmora|move: Protect\n|move|p2b: Sinistcha|Life Dew||[still]|[spread] p2a,p2b\n|-heal|p2a: Glimmora|51/100\n|-fail|p2b: Sinistcha|heal\n|\n|-weather|none\n|-damage|p1b: Floette|76/100 psn|[from] psn\n|upkeep\n|turn|7\n|inactive|drake78976 has 30 seconds left.\n|\n|t:|1776435477\n|move|p2b: Sinistcha|Rage Powder|p2b: Sinistcha\n|-singleturn|p2b: Sinistcha|move: Rage Powder\n|move|p1b: Floette|Moonblast|p2b: Sinistcha\n|-damage|p2b: Sinistcha|20/100\n|move|p2a: Glimmora|Sludge Bomb|p1b: Floette\n|-supereffective|p1b: Floette|1\n|-damage|p1b: Floette|0 fnt\n|faint|p1b: Floette\n|\n|win|drake78976\n|raw|2.nikow's rating: 1288 &rarr; <strong>1266</strong><br />(-22 for losing)\n|raw|drake78976's rating: 1326 &rarr; <strong>1344</strong><br />(+18 for winning)\n|l|\u26062.nikow\n|player|p1|\n",
  "uploadtime": 1776435493,
  "views": 56,
  "formatid": "gen9championsvgc2026regma",
  "rating": 1266,
  "private": 0,
  "password": null
}