{
  "id": "gen9championsvgc2026regma-2587770506",
  "format": "[Gen 9 Champions] VGC 2026 Reg M-A",
  "players": [
    "Heartway",
    "cheesepriest"
  ],
  "log": "|j|\u2606Heartway\n|j|\u2606cheesepriest\n|t:|1776562270\n|gametype|doubles\n|player|p1|Heartway|169|1000\n|player|p2|cheesepriest|102|1036\n|gen|9\n|tier|[Gen 9 Champions] VGC 2026 Reg M-A\n|rated|\n|rule|Species Clause: Limit one of each Pok\u00e9mon\n|rule|Item Clause: Limit 1 of each item\n|clearpoke\n|poke|p1|Ariados, L50, F|\n|poke|p1|Gengar, L50, M|\n|poke|p1|Sneasler, L50, F|\n|poke|p1|Glimmora, L50, M|\n|poke|p1|Toxapex, L50, F|\n|poke|p1|Venusaur, L50, M|\n|poke|p2|Azumarill, L50, M|\n|poke|p2|Froslass, L50, F|\n|poke|p2|Goodra-Hisui, L50, F|\n|poke|p2|Incineroar, L50, F|\n|poke|p2|Maushold, L50|\n|poke|p2|Sneasler, L50, F|\n|teampreview|4\n|inactive|Battle timer is ON: inactive players will automatically lose when time's up. (requested by cheesepriest)\n|\n|t:|1776562305\n|teamsize|p1|4\n|teamsize|p2|4\n|start\n|switch|p1a: Ariados|Ariados, L50, F|100/100\n|switch|p1b: Sneasler|Sneasler, L50, F|100/100\n|switch|p2a: Azumarill|Azumarill, L50, M|100/100\n|switch|p2b: Froslass|Froslass, L50, F|100/100\n|turn|1\n|\n|t:|1776562315\n|detailschange|p2b: Froslass|Froslass-Mega, L50, F\n|-mega|p2b: Froslass|Froslass|Froslassite\n|-weather|Snowscape|[from] ability: Snow Warning|[of] p2b: Froslass\n|move|p1b: Sneasler|Fake Out|p2a: Azumarill\n|-damage|p2a: Azumarill|84/100\n|move|p2b: Froslass|Aurora Veil|p2b: Froslass\n|-sidestart|p2: cheesepriest|move: Aurora Veil\n|move|p1a: Ariados|String Shot|p2a: Azumarill|[spread] p2a,p2b\n|-unboost|p2a: Azumarill|spe|2\n|-unboost|p2b: Froslass|spe|2\n|cant|p2a: Azumarill|flinch\n|\n|-weather|Snowscape|[upkeep]\n|upkeep\n|turn|2\n|\n|t:|1776562336\n|move|p1b: Sneasler|Dire Claw|p2a: Azumarill\n|-supereffective|p2a: Azumarill|1\n|-damage|p2a: Azumarill|24/100\n|-enditem|p2a: Azumarill|Sitrus Berry|[eat]\n|-heal|p2a: Azumarill|49/100|[from] item: Sitrus Berry\n|move|p2b: Froslass|Blizzard|p1a: Ariados|[spread] p1a,p1b\n|-damage|p1a: Ariados|39/100\n|-damage|p1b: Sneasler|43/100\n|-status|p1b: Sneasler|frz\n|move|p1a: Ariados|Sunny Day|p1a: Ariados\n|-weather|SunnyDay\n|move|p2a: Azumarill|Belly Drum||[still]\n|-fail|p2a: Azumarill\n|\n|-weather|SunnyDay|[upkeep]\n|upkeep\n|turn|3\n|\n|t:|1776562360\n|-curestatus|p1b: Sneasler|frz|[msg]\n|move|p1b: Sneasler|Protect|p1b: Sneasler\n|-singleturn|p1b: Sneasler|Protect\n|move|p2a: Azumarill|Aqua Jet|p1a: Ariados\n|-damage|p1a: Ariados|21/100\n|move|p2b: Froslass|Blizzard|p1b: Sneasler|[spread] \n|-activate|p1b: Sneasler|move: Protect\n|-miss|p2b: Froslass|p1a: Ariados\n|move|p1a: Ariados|Toxic Thread|p2b: Froslass\n|-unboost|p2b: Froslass|spe|2\n|-status|p2b: Froslass|psn\n|\n|-weather|SunnyDay|[upkeep]\n|-damage|p2b: Froslass|88/100 psn|[from] psn\n|upkeep\n|turn|4\n|inactive|Heartway has 30 seconds left.\n|\n|t:|1776562386\n|switch|p2a: Incineroar|Incineroar, L50, F|100/100\n|-ability|p2a: Incineroar|Intimidate|boost\n|-unboost|p1a: Ariados|atk|1\n|-unboost|p1b: Sneasler|atk|1\n|-enditem|p1b: Sneasler|White Herb\n|-clearnegativeboost|p1b: Sneasler|[silent]\n|move|p1b: Sneasler|Dire Claw|p2a: Incineroar\n|-damage|p2a: Incineroar|75/100\n|move|p1a: Ariados|Poison Jab|p2a: Incineroar\n|-damage|p2a: Incineroar|65/100\n|move|p2b: Froslass|Blizzard|p1a: Ariados|[spread] \n|-miss|p2b: Froslass|p1a: Ariados\n|-miss|p2b: Froslass|p1b: Sneasler\n|\n|-weather|SunnyDay|[upkeep]\n|-damage|p2b: Froslass|76/100 psn|[from] psn\n|upkeep\n|turn|5\n|\n|t:|1776562408\n|move|p2a: Incineroar|Fake Out|p1b: Sneasler\n|-damage|p1b: Sneasler|24/100\n|cant|p1b: Sneasler|flinch\n|move|p1a: Ariados|Toxic Thread|p2a: Incineroar\n|-unboost|p2a: Incineroar|spe|2\n|-status|p2a: Incineroar|psn\n|move|p2b: Froslass|Blizzard|p1a: Ariados|[spread] p1a,p1b\n|-damage|p1a: Ariados|0 fnt\n|-damage|p1b: Sneasler|0 fnt\n|faint|p1a: Ariados\n|faint|p1b: Sneasler\n|\n|-weather|SunnyDay|[upkeep]\n|-damage|p2b: Froslass|63/100 psn|[from] psn\n|-damage|p2a: Incineroar|52/100 psn|[from] psn\n|-sideend|p2: cheesepriest|move: Aurora Veil\n|upkeep\n|\n|t:|1776562426\n|switch|p1b: Toxapex|Toxapex, L50, F|100/100\n|switch|p1a: Gengar|Gengar, L50, M|100/100\n|turn|6\n|\n|t:|1776562444\n|move|p1a: Gengar|Shadow Ball|p2b: Froslass\n|-supereffective|p2b: Froslass|1\n|-damage|p2b: Froslass|0 fnt\n|faint|p2b: Froslass\n|move|p2a: Incineroar|Parting Shot|p1a: Gengar\n|-unboost|p1a: Gengar|atk|1\n|-unboost|p1a: Gengar|spa|1\n|\n|t:|1776562451\n|switch|p2a: Sneasler|Sneasler, L50, F|100/100|[from] Parting Shot\n|move|p1b: Toxapex|Liquidation|p2a: Sneasler\n|-damage|p2a: Sneasler|83/100\n|\n|-weather|none\n|upkeep\n|\n|t:|1776562462\n|switch|p2b: Azumarill|Azumarill, L50, M|49/100\n|turn|7\n|\n|t:|1776562486\n|move|p1b: Toxapex|Baneful Bunker|p1b: Toxapex\n|-singleturn|p1b: Toxapex|move: Protect\n|move|p2a: Sneasler|Fake Out|p1b: Toxapex\n|-activate|p1b: Toxapex|move: Protect\n|move|p2b: Azumarill|Aqua Jet|p1a: Gengar\n|-damage|p1a: Gengar|52/100\n|move|p1a: Gengar|Shadow Ball|p2a: Sneasler\n|-damage|p2a: Sneasler|42/100\n|\n|upkeep\n|turn|8\n|\n|t:|1776562509\n|move|p1a: Gengar|Sludge Wave|p2b: Azumarill|[spread] p1b,p2a,p2b\n|-resisted|p1b: Toxapex|1\n|-resisted|p2a: Sneasler|1\n|-supereffective|p2b: Azumarill|1\n|-damage|p1b: Toxapex|88/100\n|-damage|p2a: Sneasler|22/100\n|-damage|p2b: Azumarill|0 fnt\n|faint|p2b: Azumarill\n|move|p2a: Sneasler|Close Combat|p1b: Toxapex\n|-resisted|p1b: Toxapex|1\n|-damage|p1b: Toxapex|59/100\n|-unboost|p2a: Sneasler|def|1\n|-unboost|p2a: Sneasler|spd|1\n|-enditem|p2a: Sneasler|White Herb\n|-clearnegativeboost|p2a: Sneasler|[silent]\n|move|p1b: Toxapex|Toxic|p2a: Sneasler\n|-immune|p2a: Sneasler\n|\n|-heal|p1b: Toxapex|64/100|[from] item: Leftovers\n|upkeep\n|\n|t:|1776562524\n|switch|p2b: Incineroar|Incineroar, L50, F|52/100 psn\n|-ability|p2b: Incineroar|Intimidate|boost\n|-unboost|p1a: Gengar|atk|1\n|-unboost|p1b: Toxapex|atk|1\n|turn|9\n|inactive|cheesepriest has 30 seconds left.\n|inactive|cheesepriest has 20 seconds left.\n|\n|t:|1776562560\n|move|p2a: Sneasler|Gunk Shot|p1a: Gengar\n|-resisted|p1a: Gengar|2\n|-damage|p1a: Gengar|17/100\n|-start|p2a: Sneasler|Disable|Gunk Shot|[from] ability: Cursed Body|[of] p1a: Gengar\n|move|p1a: Gengar|Focus Blast|p2b: Incineroar\n|-supereffective|p2b: Incineroar|1\n|-enditem|p2b: Incineroar|Chople Berry|[eat]\n|-enditem|p2b: Incineroar|Chople Berry|[weaken]\n|-damage|p2b: Incineroar|19/100 psn\n|move|p2b: Incineroar|Flare Blitz|p1a: Gengar\n|-damage|p1a: Gengar|0 fnt\n|faint|p1a: Gengar\n|-damage|p2b: Incineroar|15/100 psn|[from] Recoil\n|move|p1b: Toxapex|Recover|p1b: Toxapex\n|-heal|p1b: Toxapex|100/100\n|\n|-damage|p2b: Incineroar|2/100 psn|[from] psn\n|upkeep\n|turn|10\n|\n|t:|1776562583\n|move|p1b: Toxapex|Baneful Bunker|p1b: Toxapex\n|-singleturn|p1b: Toxapex|move: Protect\n|move|p2b: Incineroar|Fake Out||[still]\n|-hint|Fake Out only works on your first turn out.\n|-fail|p2b: Incineroar\n|move|p2a: Sneasler|Close Combat|p1b: Toxapex\n|-activate|p1b: Toxapex|move: Protect\n|\n|-damage|p2b: Incineroar|0 fnt|[from] psn\n|faint|p2b: Incineroar\n|upkeep\n|turn|11\n|-message|cheesepriest forfeited.\n|\n|win|Heartway\n|raw|Heartway's rating: 1000 &rarr; <strong>1044</strong><br />(+44 for winning)\n|raw|cheesepriest's rating: 1036 &rarr; <strong>1019</strong><br />(-17 for losing)\n|l|\u2606cheesepriest\n|player|p2|\n",
  "uploadtime": 1776562598,
  "views": 32,
  "formatid": "gen9championsvgc2026regma",
  "rating": 1019,
  "private": 0,
  "password": null
}