{
  "id": "gen9championsvgc2026regma-2583799138",
  "format": "[Gen 9 Champions] VGC 2026 Reg M-A",
  "players": [
    "eevee1ynn",
    "Fidiwidi"
  ],
  "log": "|j|\u2606eevee1ynn\n|j|\u2606Fidiwidi\n|t:|1776198536\n|gametype|doubles\n|player|p1|eevee1ynn|irida|1134\n|player|p2|Fidiwidi|2|1201\n|gen|9\n|tier|[Gen 9 Champions] VGC 2026 Reg M-A\n|rated|\n|rule|Species Clause: Limit one of each Pok\u00e9mon\n|rule|Item Clause: Limit 1 of each item\n|clearpoke\n|poke|p1|Altaria, L50, F|\n|poke|p1|Torkoal, L50, M|\n|poke|p1|Incineroar, L50, M|\n|poke|p1|Farigiraf, L50, F|\n|poke|p1|Kingambit, L50, M|\n|poke|p1|Cofagrigus, L50, M|\n|poke|p2|Charizard, L50, F|\n|poke|p2|Venusaur, L50, M|\n|poke|p2|Torkoal, L50, M|\n|poke|p2|Whimsicott, L50, F|\n|poke|p2|Glimmora, L50, M|\n|poke|p2|Kingambit, L50, M|\n|teampreview|4\n|inactive|Battle timer is ON: inactive players will automatically lose when time's up. (requested by eevee1ynn)\n|\n|t:|1776198632\n|teamsize|p1|4\n|teamsize|p2|4\n|start\n|switch|p1a: Incineroar|Incineroar, L50, M|100/100\n|switch|p1b: Farigiraf|Farigiraf, L50, F|100/100\n|switch|p2a: Whimsicott|Whimsicott, L50, F|100/100\n|switch|p2b: Charizard|Charizard, L50, F|100/100\n|-ability|p1a: Incineroar|Intimidate|boost\n|-unboost|p2a: Whimsicott|atk|1\n|-unboost|p2b: Charizard|atk|1\n|turn|1\n|\n|t:|1776198652\n|move|p2b: Charizard|Protect|p2b: Charizard\n|-singleturn|p2b: Charizard|Protect\n|move|p1a: Incineroar|Fake Out|p2b: Charizard\n|-activate|p2b: Charizard|move: Protect\n|move|p2a: Whimsicott|Tailwind|p2a: Whimsicott\n|-sidestart|p2: Fidiwidi|move: Tailwind\n|move|p1b: Farigiraf|Trick Room|p1b: Farigiraf\n|-fieldstart|move: Trick Room|[of] p1b: Farigiraf\n|\n|upkeep\n|turn|2\n|\n|t:|1776198669\n|detailschange|p2b: Charizard|Charizard-Mega-Y, L50, F\n|-mega|p2b: Charizard|Charizard|Charizardite Y\n|-weather|SunnyDay|[from] ability: Drought|[of] p2b: Charizard\n|move|p2a: Whimsicott|Encore||[still]\n|cant|p1b: Farigiraf|ability: Armor Tail|Encore|[of] p2a: Whimsicott\n|move|p1a: Incineroar|Flare Blitz|p2a: Whimsicott\n|-supereffective|p2a: Whimsicott|1\n|-enditem|p2a: Whimsicott|Focus Sash\n|-damage|p2a: Whimsicott|1/100\n|-damage|p1a: Incineroar|78/100|[from] Recoil\n|move|p1b: Farigiraf|Hyper Voice|p2b: Charizard|[spread] p2a,p2b\n|-damage|p2a: Whimsicott|0 fnt\n|-damage|p2b: Charizard|68/100\n|faint|p2a: Whimsicott\n|move|p2b: Charizard|Heat Wave|p1b: Farigiraf|[spread] p1a,p1b\n|-resisted|p1a: Incineroar|1\n|-crit|p1b: Farigiraf\n|-damage|p1a: Incineroar|46/100\n|-damage|p1b: Farigiraf|1/100\n|-enditem|p1b: Farigiraf|Sitrus Berry|[eat]\n|-heal|p1b: Farigiraf|26/100|[from] item: Sitrus Berry\n|\n|-weather|SunnyDay|[upkeep]\n|upkeep\n|\n|t:|1776198690\n|switch|p2a: Kingambit|Kingambit, L50, M|100/100\n|-activate|p2a: Kingambit|ability: Supreme Overlord\n|-start|p2a: Kingambit|fallen1|[silent]\n|turn|3\n|\n|t:|1776198699\n|move|p2a: Kingambit|Sucker Punch||[still]\n|cant|p1b: Farigiraf|ability: Armor Tail|Sucker Punch|[of] p2a: Kingambit\n|move|p1a: Incineroar|Close Combat|p2a: Kingambit\n|-supereffective|p2a: Kingambit|2\n|-damage|p2a: Kingambit|0 fnt\n|-unboost|p1a: Incineroar|def|1\n|-unboost|p1a: Incineroar|spd|1\n|faint|p2a: Kingambit\n|-end|p2a: Kingambit|fallen1|[silent]\n|-enditem|p1a: Incineroar|White Herb\n|-clearnegativeboost|p1a: Incineroar|[silent]\n|move|p1b: Farigiraf|Twin Beam|p2b: Charizard\n|-damage|p2b: Charizard|46/100\n|-damage|p2b: Charizard|25/100\n|-hitcount|p2b: Charizard|2\n|move|p2b: Charizard|Heat Wave|p1b: Farigiraf|[spread] p1a,p1b\n|-resisted|p1a: Incineroar|1\n|-damage|p1a: Incineroar|18/100\n|-damage|p1b: Farigiraf|0 fnt\n|faint|p1b: Farigiraf\n|\n|-weather|SunnyDay|[upkeep]\n|upkeep\n|\n|t:|1776198720\n|switch|p1b: Altaria|Altaria, L50, F|100/100\n|switch|p2a: Glimmora|Glimmora, L50, M|100/100\n|turn|4\n|inactive|Fidiwidi has 30 seconds left.\n|\n|t:|1776198748\n|detailschange|p1b: Altaria|Altaria-Mega, L50, F\n|-mega|p1b: Altaria|Altaria|Altarianite\n|move|p2b: Charizard|Protect|p2b: Charizard\n|-singleturn|p2b: Charizard|Protect\n|move|p1a: Incineroar|Darkest Lariat|p2a: Glimmora\n|-damage|p2a: Glimmora|46/100\n|-activate|p2a: Glimmora|ability: Toxic Debris\n|-sidestart|p1: eevee1ynn|move: Toxic Spikes\n|move|p1b: Altaria|Hyper Voice|p2a: Glimmora|[spread] p2a\n|-activate|p2b: Charizard|move: Protect\n|-resisted|p2a: Glimmora|1\n|-damage|p2a: Glimmora|17/100\n|move|p2a: Glimmora|Sludge Wave|p1b: Altaria|[spread] p1a,p1b\n|-activate|p2b: Charizard|move: Protect\n|-supereffective|p1b: Altaria|1\n|-damage|p1a: Incineroar|0 fnt\n|-damage|p1b: Altaria|26/100\n|faint|p1a: Incineroar\n|\n|-weather|SunnyDay|[upkeep]\n|-sideend|p2: Fidiwidi|move: Tailwind\n|upkeep\n|\n|t:|1776198762\n|switch|p1a: Cofagrigus|Cofagrigus, L50, M|100/100\n|-status|p1a: Cofagrigus|psn\n|turn|5\n|inactive|Fidiwidi has 30 seconds left.\n|\n|t:|1776198793\n|move|p2a: Glimmora|Spiky Shield|p2a: Glimmora\n|-singleturn|p2a: Glimmora|move: Protect\n|move|p2b: Charizard|Protect||[still]\n|-fail|p2b: Charizard\n|move|p1a: Cofagrigus|Shadow Ball|p2b: Charizard\n|-damage|p2b: Charizard|0 fnt\n|faint|p2b: Charizard\n|move|p1b: Altaria|Hyper Voice|p2a: Glimmora\n|-activate|p2a: Glimmora|move: Protect\n|\n|-weather|SunnyDay|[upkeep]\n|-damage|p1a: Cofagrigus|88/100 psn|[from] psn\n|-fieldend|move: Trick Room\n|upkeep\n|turn|6\n|\n|t:|1776198806\n|move|p2a: Glimmora|Sludge Wave|p1b: Altaria|[spread] p1a,p1b\n|-resisted|p1a: Cofagrigus|1\n|-supereffective|p1b: Altaria|1\n|-damage|p1a: Cofagrigus|71/100 psn\n|-damage|p1b: Altaria|0 fnt\n|faint|p1b: Altaria\n|move|p1a: Cofagrigus|Shadow Ball|p2a: Glimmora\n|-damage|p2a: Glimmora|0 fnt\n|faint|p2a: Glimmora\n|\n|win|eevee1ynn\n|raw|eevee1ynn's rating: 1134 &rarr; <strong>1164</strong><br />(+30 for winning)\n|raw|Fidiwidi's rating: 1201 &rarr; <strong>1171</strong><br />(-30 for losing)\n",
  "uploadtime": 1776198806,
  "views": 16,
  "formatid": "gen9championsvgc2026regma",
  "rating": 1164,
  "private": 0,
  "password": null
}