{
  "id": "gen9championsvgc2026regma-2585443802",
  "format": "[Gen 9 Champions] VGC 2026 Reg M-A",
  "players": [
    "reisquaza1",
    "Edward-xyc"
  ],
  "log": "|j|\u2606reisquaza1\n|j|\u2606Edward-xyc\n|t:|1776347681\n|gametype|doubles\n|player|p1|reisquaza1|sabrina-frlg|1386\n|player|p2|Edward-xyc|266|1464\n|gen|9\n|tier|[Gen 9 Champions] VGC 2026 Reg M-A\n|rated|\n|rule|Species Clause: Limit one of each Pok\u00e9mon\n|rule|Item Clause: Limit 1 of each item\n|clearpoke\n|poke|p1|Floette-Eternal, L50, F|\n|poke|p1|Delphox, L50, F|\n|poke|p1|Palafin, L50, F|\n|poke|p1|Incineroar, L50, M|\n|poke|p1|Sinistcha, L50|\n|poke|p1|Aerodactyl, L50, F|\n|poke|p2|Gengar, L50, M|\n|poke|p2|Kommo-o, L50, M|\n|poke|p2|Incineroar, L50, M|\n|poke|p2|Sinistcha, L50|\n|poke|p2|Azumarill, L50, F|\n|poke|p2|Kangaskhan, L50, F|\n|teampreview|4\n|inactive|Battle timer is ON: inactive players will automatically lose when time's up. (requested by Edward-xyc)\n|inactive|reisquaza1 has 60 seconds left.\n|inactive|Edward-xyc has 60 seconds left.\n|\n|t:|1776347730\n|teamsize|p1|4\n|teamsize|p2|4\n|start\n|switch|p1a: Palafin|Palafin, L50, F|100/100\n|switch|p1b: Aerodactyl|Aerodactyl, L50, F|100/100\n|switch|p2a: Gengar|Gengar, L50, M|100/100\n|switch|p2b: Incineroar|Incineroar, L50, M|100/100\n|-ability|p2b: Incineroar|Intimidate|boost\n|-unboost|p1a: Palafin|atk|1\n|-unboost|p1b: Aerodactyl|atk|1\n|turn|1\n|\n|t:|1776347749\n|detailschange|p2a: Gengar|Gengar-Mega, L50, M\n|-mega|p2a: Gengar|Gengar|Gengarite\n|move|p1b: Aerodactyl|Tailwind|p1b: Aerodactyl\n|-sidestart|p1: reisquaza1|move: Tailwind\n|move|p1a: Palafin|Flip Turn|p2b: Incineroar\n|-supereffective|p2b: Incineroar|1\n|-damage|p2b: Incineroar|65/100\n|\n|t:|1776347760\n|detailschange|p1a: Palafin|Palafin-Hero, L50, F\n|switch|p1a: Incineroar|Incineroar, L50, M|100/100|[from] Flip Turn\n|move|p2a: Gengar|Perish Song|p2a: Gengar\n|-start|p1a: Incineroar|perish3|[silent]\n|-start|p1b: Aerodactyl|perish3|[silent]\n|-start|p2a: Gengar|perish3|[silent]\n|-start|p2b: Incineroar|perish3|[silent]\n|-fieldactivate|move: Perish Song\n|move|p2b: Incineroar|Parting Shot|p1a: Incineroar\n|-unboost|p1a: Incineroar|atk|1\n|-unboost|p1a: Incineroar|spa|1\n|\n|t:|1776347769\n|switch|p2b: Kommo-o|Kommo-o, L50, M|100/100|[from] Parting Shot\n|\n|-start|p1b: Aerodactyl|perish3\n|-start|p2a: Gengar|perish3\n|-start|p1a: Incineroar|perish3\n|upkeep\n|turn|2\n|\n|t:|1776347783\n|switch|p2b: Incineroar|Incineroar, L50, M|65/100\n|-ability|p2b: Incineroar|Intimidate|boost\n|-unboost|p1a: Incineroar|atk|1\n|-unboost|p1b: Aerodactyl|atk|1\n|move|p2a: Gengar|Protect|p2a: Gengar\n|-singleturn|p2a: Gengar|Protect\n|move|p1a: Incineroar|Fake Out|p2b: Incineroar\n|-damage|p2b: Incineroar|60/100\n|move|p1b: Aerodactyl|Dual Wingbeat|p2b: Incineroar\n|-damage|p2b: Incineroar|50/100\n|-damage|p2b: Incineroar|42/100\n|-hitcount|p2b: Incineroar|2\n|\n|-start|p1b: Aerodactyl|perish2\n|-start|p2a: Gengar|perish2\n|-start|p1a: Incineroar|perish2\n|upkeep\n|turn|3\n|inactive|Edward-xyc has 30 seconds left.\n|inactive|Edward-xyc has 20 seconds left.\n|\n|t:|1776347822\n|move|p2a: Gengar|Protect|p2a: Gengar\n|-singleturn|p2a: Gengar|Protect\n|move|p2b: Incineroar|Protect|p2b: Incineroar\n|-singleturn|p2b: Incineroar|Protect\n|move|p1b: Aerodactyl|Rock Slide|p2b: Incineroar|[spread] \n|-activate|p2a: Gengar|move: Protect\n|-activate|p2b: Incineroar|move: Protect\n|move|p1a: Incineroar|Parting Shot|p2a: Gengar\n|-activate|p2a: Gengar|move: Protect\n|\n|-start|p1b: Aerodactyl|perish1\n|-start|p2a: Gengar|perish1\n|-start|p1a: Incineroar|perish1\n|upkeep\n|turn|4\n|\n|t:|1776347843\n|switch|p2a: Azumarill|Azumarill, L50, F|100/100\n|move|p1b: Aerodactyl|Dual Wingbeat|p2a: Azumarill\n|-damage|p2a: Azumarill|91/100\n|-damage|p2a: Azumarill|83/100\n|-hitcount|p2a: Azumarill|2\n|move|p1a: Incineroar|Parting Shot|p2b: Incineroar\n|-unboost|p2b: Incineroar|atk|1\n|-unboost|p2b: Incineroar|spa|1\n|\n|t:|1776347853\n|switch|p1a: Palafin|Palafin-Hero, L50, F|100/100|[from] Parting Shot\n|-activate|p1a: Palafin|ability: Zero to Hero\n|move|p2b: Incineroar|Parting Shot|p1a: Palafin\n|-unboost|p1a: Palafin|atk|1\n|-unboost|p1a: Palafin|spa|1\n|\n|t:|1776347862\n|switch|p2b: Kommo-o|Kommo-o, L50, M|100/100|[from] Parting Shot\n|\n|-start|p1b: Aerodactyl|perish0\n|-sideend|p1: reisquaza1|move: Tailwind\n|upkeep\n|faint|p1b: Aerodactyl\n|\n|t:|1776347867\n|switch|p1b: Delphox|Delphox, L50, F|100/100\n|turn|5\n|\n|t:|1776347896\n|detailschange|p1b: Delphox|Delphox-Mega, L50, F\n|-mega|p1b: Delphox|Delphox|Delphoxite\n|move|p1b: Delphox|Substitute|p1b: Delphox\n|-start|p1b: Delphox|Substitute\n|-damage|p1b: Delphox|76/100\n|move|p2b: Kommo-o|Clangorous Soul|p2b: Kommo-o\n|-boost|p2b: Kommo-o|atk|1\n|-boost|p2b: Kommo-o|def|1\n|-boost|p2b: Kommo-o|spa|1\n|-boost|p2b: Kommo-o|spd|1\n|-boost|p2b: Kommo-o|spe|1\n|-damage|p2b: Kommo-o|68/100\n|move|p1a: Palafin|Flip Turn|p2a: Azumarill\n|-resisted|p2a: Azumarill|1\n|-damage|p2a: Azumarill|67/100\n|\n|t:|1776347907\n|switch|p1a: Incineroar|Incineroar, L50, M|100/100|[from] Flip Turn\n|move|p2a: Azumarill|Liquidation|p1a: Incineroar\n|-supereffective|p1a: Incineroar|1\n|-damage|p1a: Incineroar|10/100\n|\n|-heal|p2b: Kommo-o|74/100|[from] item: Leftovers\n|-heal|p1a: Incineroar|16/100|[from] item: Leftovers\n|upkeep\n|turn|6\n|\n|t:|1776347921\n|move|p2b: Kommo-o|Protect|p2b: Kommo-o\n|-singleturn|p2b: Kommo-o|Protect\n|move|p2a: Azumarill|Protect|p2a: Azumarill\n|-singleturn|p2a: Azumarill|Protect\n|move|p1a: Incineroar|Fake Out|p2a: Azumarill\n|-activate|p2a: Azumarill|move: Protect\n|move|p1b: Delphox|Psychic|p2b: Kommo-o\n|-activate|p2b: Kommo-o|move: Protect\n|\n|-heal|p2b: Kommo-o|80/100|[from] item: Leftovers\n|-heal|p1a: Incineroar|22/100|[from] item: Leftovers\n|upkeep\n|turn|7\n|\n|t:|1776347944\n|switch|p2a: Gengar|Gengar-Mega, L50, M|100/100\n|move|p2b: Kommo-o|Clanging Scales|p1b: Delphox|[spread] p1a,p1b\n|-damage|p1a: Incineroar|0 fnt\n|-damage|p1b: Delphox|27/100\n|faint|p1a: Incineroar\n|-unboost|p2b: Kommo-o|def|1\n|move|p1b: Delphox|Psychic|p2b: Kommo-o\n|-supereffective|p2b: Kommo-o|1\n|-damage|p2b: Kommo-o|0 fnt\n|faint|p2b: Kommo-o\n|\n|upkeep\n|\n|t:|1776347959\n|switch|p2b: Azumarill|Azumarill, L50, F|67/100\n|switch|p1a: Palafin|Palafin-Hero, L50, F|100/100\n|turn|8\n|\n|t:|1776347970\n|switch|p2a: Incineroar|Incineroar, L50, M|42/100\n|-ability|p2a: Incineroar|Intimidate|boost\n|-unboost|p1a: Palafin|atk|1\n|-immune|p1b: Delphox\n|move|p1b: Delphox|Protect|p1b: Delphox\n|-singleturn|p1b: Delphox|Protect\n|move|p2b: Azumarill|Aqua Jet|p1b: Delphox\n|-activate|p1b: Delphox|move: Protect\n|move|p1a: Palafin|Wave Crash|p2a: Incineroar\n|-supereffective|p2a: Incineroar|1\n|-damage|p2a: Incineroar|0 fnt\n|faint|p2a: Incineroar\n|-damage|p1a: Palafin|87/100|[from] Recoil\n|\n|upkeep\n|\n|t:|1776347984\n|switch|p2a: Gengar|Gengar-Mega, L50, M|100/100\n|turn|9\n|\n|t:|1776347988\n|move|p2a: Gengar|Protect|p2a: Gengar\n|-singleturn|p2a: Gengar|Protect\n|move|p2b: Azumarill|Aqua Jet|p1b: Delphox\n|-supereffective|p1b: Delphox|1\n|-end|p1b: Delphox|Substitute\n|move|p1b: Delphox|Psychic|p2b: Azumarill\n|-damage|p2b: Azumarill|15/100\n|-unboost|p2b: Azumarill|spd|1\n|move|p1a: Palafin|Wave Crash|p2a: Gengar\n|-activate|p2a: Gengar|move: Protect\n|\n|upkeep\n|turn|10\n|\n|t:|1776348007\n|move|p1b: Delphox|Protect|p1b: Delphox\n|-singleturn|p1b: Delphox|Protect\n|move|p2b: Azumarill|Aqua Jet|p1a: Palafin\n|-resisted|p1a: Palafin|1\n|-damage|p1a: Palafin|74/100\n|move|p2a: Gengar|Sludge Bomb|p1a: Palafin\n|-damage|p1a: Palafin|23/100\n|move|p1a: Palafin|Wave Crash|p2b: Azumarill\n|-resisted|p2b: Azumarill|1\n|-damage|p2b: Azumarill|0 fnt\n|faint|p2b: Azumarill\n|-damage|p1a: Palafin|18/100|[from] Recoil\n|\n|upkeep\n|turn|11\n|-message|Edward-xyc forfeited.\n|\n|win|reisquaza1\n|raw|reisquaza1's rating: 1386 &rarr; <strong>1410</strong><br />(+24 for winning)\n|raw|Edward-xyc's rating: 1464 &rarr; <strong>1440</strong><br />(-24 for losing)\n|l|\u2606Edward-xyc\n|player|p2|\n",
  "uploadtime": 1776348019,
  "views": 48,
  "formatid": "gen9championsvgc2026regma",
  "rating": 1410,
  "private": 0,
  "password": null
}