{
  "id": "gen9championsvgc2026regma-2583361795",
  "format": "[Gen 9 Champions] VGC 2026 Reg M-A",
  "players": [
    "Isidino",
    "randomtrainername"
  ],
  "log": "|j|\u2606Isidino\n|j|\u2606randomtrainername\n|t:|1776170169\n|gametype|doubles\n|player|p1|Isidino|169|1153\n|player|p2|randomtrainername|265|1086\n|gen|9\n|tier|[Gen 9 Champions] VGC 2026 Reg M-A\n|rated|\n|rule|Species Clause: Limit one of each Pok\u00e9mon\n|rule|Item Clause: Limit 1 of each item\n|clearpoke\n|poke|p1|Pelipper, L50, M|\n|poke|p1|Basculegion-F, L50, F|\n|poke|p1|Starmie, L50|\n|poke|p1|Sneasler, L50, M|\n|poke|p1|Sableye, L50, M|\n|poke|p1|Archaludon, L50, F|\n|poke|p2|Charizard, L50, M|\n|poke|p2|Chandelure, L50, F|\n|poke|p2|Garchomp, L50, M|\n|poke|p2|Whimsicott, L50, F|\n|poke|p2|Medicham, L50, F|\n|poke|p2|Delphox, L50, M|\n|teampreview|4\n|inactive|Battle timer is ON: inactive players will automatically lose when time's up. (requested by randomtrainername)\n|inactive|Isidino also wants the timer to be on.\n|inactive|Isidino has 60 seconds left.\n|inactive|randomtrainername has 60 seconds left.\n|inactive|Isidino has 30 seconds left.\n|\n|t:|1776170237\n|teamsize|p1|4\n|teamsize|p2|4\n|start\n|switch|p1a: Sableye|Sableye, L50, M, shiny|100/100\n|switch|p1b: Basculegion|Basculegion-F, L50, F, shiny|100/100\n|switch|p2a: Charizard|Charizard, L50, M|100/100\n|switch|p2b: Whimsicott|Whimsicott, L50, F|100/100\n|turn|1\n|inactive|randomtrainername has 30 seconds left.\n|\n|t:|1776170263\n|move|p2b: Whimsicott|Sunny Day|p2b: Whimsicott\n|-weather|SunnyDay\n|move|p1a: Sableye|Rain Dance|p1a: Sableye\n|-weather|RainDance\n|move|p1b: Basculegion|Muddy Water|p2b: Whimsicott|[spread] p2a,p2b\n|-supereffective|p2a: Charizard|1\n|-resisted|p2b: Whimsicott|1\n|-damage|p2a: Charizard|0 fnt\n|-damage|p2b: Whimsicott|66/100\n|-unboost|p2b: Whimsicott|accuracy|1\n|faint|p2a: Charizard\n|\n|-weather|RainDance|[upkeep]\n|upkeep\n|\n|t:|1776170275\n|switch|p2a: Chandelure|Chandelure, L50, F|100/100\n|turn|2\n|\n|t:|1776170287\n|move|p2b: Whimsicott|Tailwind|p2b: Whimsicott\n|-sidestart|p2: randomtrainername|move: Tailwind\n|move|p1a: Sableye|Rain Dance||[still]\n|-fail|p1a: Sableye\n|move|p2a: Chandelure|Shadow Ball|p1b: Basculegion\n|-supereffective|p1b: Basculegion|1\n|-damage|p1b: Basculegion|2/100\n|-unboost|p1b: Basculegion|spd|1\n|move|p1b: Basculegion|Muddy Water|p2b: Whimsicott|[spread] p2a,p2b\n|-supereffective|p2a: Chandelure|1\n|-resisted|p2b: Whimsicott|1\n|-damage|p2a: Chandelure|0 fnt\n|-damage|p2b: Whimsicott|36/100\n|faint|p2a: Chandelure\n|\n|-weather|RainDance|[upkeep]\n|upkeep\n|c|\u2606randomtrainername|well that sucks\n|\n|t:|1776170301\n|switch|p2a: Delphox|Delphox, L50, M|100/100\n|turn|3\n|\n|t:|1776170318\n|detailschange|p2a: Delphox|Delphox-Mega, L50, M\n|-mega|p2a: Delphox|Delphox|Delphoxite\n|move|p2b: Whimsicott|Sunny Day|p2b: Whimsicott\n|-weather|SunnyDay\n|move|p1a: Sableye|Encore|p2b: Whimsicott\n|-start|p2b: Whimsicott|Encore\n|move|p2a: Delphox|Heat Wave|p1a: Sableye|[spread] p1a,p1b\n|-resisted|p1b: Basculegion|1\n|-damage|p1a: Sableye|16/100\n|-damage|p1b: Basculegion|0 fnt\n|faint|p1b: Basculegion\n|\n|-weather|SunnyDay|[upkeep]\n|-heal|p1a: Sableye|23/100|[from] item: Leftovers\n|upkeep\n|\n|t:|1776170327\n|switch|p1b: Starmie|Starmie, L50, shiny|100/100\n|turn|4\n|\n|t:|1776170338\n|detailschange|p1b: Starmie|Starmie-Mega, L50, shiny\n|-mega|p1b: Starmie|Starmie|Starminite\n|move|p2b: Whimsicott|Sunny Day||[still]\n|-fail|p2b: Whimsicott\n|move|p1b: Starmie|Aqua Jet|p2a: Delphox\n|-supereffective|p2a: Delphox|1\n|-damage|p2a: Delphox|44/100\n|move|p1a: Sableye|Rain Dance|p1a: Sableye\n|-weather|RainDance\n|move|p2a: Delphox|Heat Wave|p1b: Starmie|[spread] p1a,p1b\n|-resisted|p1b: Starmie|1\n|-damage|p1a: Sableye|0 fnt\n|-damage|p1b: Starmie|91/100\n|faint|p1a: Sableye\n|\n|-weather|RainDance|[upkeep]\n|upkeep\n|\n|t:|1776170350\n|switch|p1a: Pelipper|Pelipper, L50, M|100/100\n|turn|5\n|\n|t:|1776170357\n|move|p2b: Whimsicott|Sunny Day|p2b: Whimsicott\n|-weather|SunnyDay\n|move|p1b: Starmie|Aqua Jet|p2a: Delphox\n|-supereffective|p2a: Delphox|1\n|-damage|p2a: Delphox|0 fnt\n|faint|p2a: Delphox\n|move|p1a: Pelipper|Tailwind|p1a: Pelipper\n|-sidestart|p1: Isidino|move: Tailwind\n|\n|-weather|SunnyDay|[upkeep]\n|-sideend|p2: randomtrainername|move: Tailwind\n|upkeep\n|turn|6\n|\n|t:|1776170363\n|move|p1b: Starmie|Protect|p1b: Starmie\n|-singleturn|p1b: Starmie|Protect\n|move|p2b: Whimsicott|Sunny Day||[still]\n|-fail|p2b: Whimsicott\n|move|p1a: Pelipper|Weather Ball|p2b: Whimsicott\n|-supereffective|p2b: Whimsicott|1\n|-damage|p2b: Whimsicott|0 fnt\n|faint|p2b: Whimsicott\n|\n|win|Isidino\n|raw|Isidino's rating: 1153 &rarr; <strong>1173</strong><br />(+20 for winning)\n|raw|randomtrainername's rating: 1086 &rarr; <strong>1067</strong><br />(-19 for losing)\n|c|\u2606randomtrainername|gg\n",
  "uploadtime": 1776170367,
  "views": 21,
  "formatid": "gen9championsvgc2026regma",
  "rating": 1067,
  "private": 0,
  "password": null
}