{
  "id": "gen9championsvgc2026regma-2588211135",
  "format": "[Gen 9 Champions] VGC 2026 Reg M-A",
  "players": [
    "Azuremoon7",
    "Bluezero03"
  ],
  "log": "|j|\u2606Azuremoon7\n|j|\u2606Bluezero03\n|t:|1776614761\n|gametype|doubles\n|player|p1|Azuremoon7|blue|1105\n|player|p2|Bluezero03|265|1100\n|gen|9\n|tier|[Gen 9 Champions] VGC 2026 Reg M-A\n|rated|\n|rule|Species Clause: Limit one of each Pok\u00e9mon\n|rule|Item Clause: Limit 1 of each item\n|clearpoke\n|poke|p1|Crabominable, L50, M, shiny|\n|poke|p1|Aerodactyl, L50, M, shiny|\n|poke|p1|Sinistcha-Masterpiece, L50, shiny|\n|poke|p1|Incineroar, L50, M, shiny|\n|poke|p1|Slowking-Galar, L50, M, shiny|\n|poke|p1|Armarouge, L50, M, shiny|\n|poke|p2|Corviknight, L50, F|\n|poke|p2|Hydreigon, L50, M|\n|poke|p2|Rotom-Wash, L50|\n|poke|p2|Venusaur, L50, M|\n|poke|p2|Banette, L50, M|\n|poke|p2|Torkoal, L50, F|\n|teampreview|4\n|c|\u2606Azuremoon7|My phone might die so if I leave and don\u2019t come back that\u2019s why\n|\n|t:|1776614821\n|teamsize|p1|4\n|teamsize|p2|4\n|start\n|switch|p1a: Mr. Fist|Crabominable, L50, M, shiny|100/100\n|switch|p1b: Basalt|Aerodactyl, L50, M, shiny|100/100\n|switch|p2a: Banette|Banette, L50, M|100/100\n|switch|p2b: Rotom|Rotom-Wash, L50|100/100\n|-ability|p1b: Basalt|Unnerve\n|-item|p1a: Mr. Fist|Crabominite|[from] ability: Frisk|[of] p2a: Banette\n|-item|p1b: Basalt|Focus Sash|[from] ability: Frisk|[of] p2a: Banette\n|turn|1\n|\n|t:|1776614855\n|detailschange|p2a: Banette|Banette-Mega, L50, M\n|-mega|p2a: Banette|Banette|Banettite\n|detailschange|p1a: Mr. Fist|Crabominable-Mega, L50, M, shiny\n|-mega|p1a: Mr. Fist|Crabominable|Crabominite\n|move|p1a: Mr. Fist|Protect|p1a: Mr. Fist\n|-singleturn|p1a: Mr. Fist|Protect\n|move|p2a: Banette|Confuse Ray|p1a: Mr. Fist\n|-activate|p1a: Mr. Fist|move: Protect\n|move|p1b: Basalt|Taunt|p2a: Banette\n|-start|p2a: Banette|move: Taunt\n|move|p2b: Rotom|Volt Switch|p1b: Basalt\n|-supereffective|p1b: Basalt|1\n|-damage|p1b: Basalt|40/100\n|\n|t:|1776614871\n|switch|p2b: Hydreigon|Hydreigon, L50, M|100/100|[from] Volt Switch\n|\n|upkeep\n|turn|2\n|\n|t:|1776614901\n|switch|p2a: Rotom|Rotom-Wash, L50|100/100\n|switch|p1a: Brian|Slowking-Galar, L50, M, shiny|100/100\n|move|p1b: Basalt|Rock Slide|p2b: Hydreigon|[spread] p2a,p2b\n|-damage|p2a: Rotom|76/100\n|-damage|p2b: Hydreigon|73/100\n|move|p2b: Hydreigon|Flamethrower|p1a: Brian\n|-damage|p1a: Brian|78/100\n|\n|-heal|p1a: Brian|84/100|[from] item: Leftovers\n|upkeep\n|turn|3\n|\n|t:|1776614930\n|switch|p1b: Matchapop|Sinistcha-Masterpiece, L50, shiny|100/100\n|move|p2a: Rotom|Electroweb|p1a: Brian|[spread] p1a,p1b\n|-resisted|p1b: Matchapop|1\n|-damage|p1a: Brian|73/100\n|-damage|p1b: Matchapop|93/100\n|-unboost|p1a: Brian|spe|1\n|-unboost|p1b: Matchapop|spe|1\n|move|p2b: Hydreigon|Draco Meteor|p1a: Brian\n|-damage|p1a: Brian|21/100\n|-unboost|p2b: Hydreigon|spa|2\n|move|p1a: Brian|Trick Room|p1a: Brian\n|-fieldstart|move: Trick Room|[of] p1a: Brian\n|\n|-heal|p1a: Brian|27/100|[from] item: Leftovers\n|upkeep\n|turn|4\n|\n|t:|1776614954\n|switch|p2a: Venusaur|Venusaur, L50, M|100/100\n|move|p2b: Hydreigon|Protect|p2b: Hydreigon\n|-singleturn|p2b: Hydreigon|Protect\n|move|p1b: Matchapop|Rage Powder|p1b: Matchapop\n|-singleturn|p1b: Matchapop|move: Rage Powder\n|-prepare|p1a: Brian|Chilly Reception|[premajor]\n|move|p1a: Brian|Chilly Reception|p1a: Brian\n|-weather|Snowscape\n|\n|t:|1776614963\n|switch|p1a: Mr. Fist|Crabominable-Mega, L50, M, shiny|100/100|[from] Chilly Reception\n|\n|-weather|Snowscape|[upkeep]\n|upkeep\n|turn|5\n|\n|t:|1776614990\n|move|p2b: Hydreigon|Protect||[still]\n|-fail|p2b: Hydreigon\n|move|p1b: Matchapop|Rage Powder|p1b: Matchapop\n|-singleturn|p1b: Matchapop|move: Rage Powder\n|move|p1a: Mr. Fist|Drain Punch|p2b: Hydreigon\n|-supereffective|p2b: Hydreigon|1\n|-damage|p2b: Hydreigon|0 fnt\n|faint|p2b: Hydreigon\n|move|p2a: Venusaur|Giga Drain|p1a: Mr. Fist\n|-damage|p1a: Mr. Fist|72/100\n|\n|-weather|Snowscape|[upkeep]\n|upkeep\n|\n|t:|1776615004\n|switch|p2b: Banette|Banette-Mega, L50, M|100/100\n|turn|6\n|\n|t:|1776615017\n|move|p1b: Matchapop|Rage Powder|p1b: Matchapop\n|-singleturn|p1b: Matchapop|move: Rage Powder\n|move|p2b: Banette|Confuse Ray|p1b: Matchapop\n|-start|p1b: Matchapop|confusion\n|move|p1a: Mr. Fist|Ice Hammer|p2a: Venusaur\n|-supereffective|p2a: Venusaur|1\n|-damage|p2a: Venusaur|0 fnt\n|-unboost|p1a: Mr. Fist|spe|1\n|faint|p2a: Venusaur\n|\n|-weather|Snowscape|[upkeep]\n|upkeep\n|\n|t:|1776615029\n|switch|p2a: Rotom|Rotom-Wash, L50|76/100\n|turn|7\n|\n|t:|1776615063\n|-activate|p1b: Matchapop|confusion\n|-damage|p1b: Matchapop|86/100|[from] confusion\n|move|p2b: Banette|Encore|p1b: Matchapop\n|-start|p1b: Matchapop|Encore\n|move|p1a: Mr. Fist|Ice Hammer|p2b: Banette\n|-damage|p2b: Banette|0 fnt\n|-unboost|p1a: Mr. Fist|spe|1\n|faint|p2b: Banette\n|move|p2a: Rotom|Hydro Pump|p1a: Mr. Fist\n|-damage|p1a: Mr. Fist|39/100\n|\n|-weather|Snowscape|[upkeep]\n|-fieldend|move: Trick Room\n|upkeep\n|turn|8\n|\n|t:|1776615094\n|-activate|p1b: Matchapop|confusion\n|move|p1b: Matchapop|Rage Powder|p1b: Matchapop\n|-singleturn|p1b: Matchapop|move: Rage Powder\n|move|p2a: Rotom|Volt Switch|p1b: Matchapop\n|-resisted|p1b: Matchapop|1\n|-damage|p1b: Matchapop|72/100\n|move|p1a: Mr. Fist|Drain Punch|p2a: Rotom\n|-damage|p2a: Rotom|15/100\n|-heal|p1a: Mr. Fist|63/100|[from] drain|[of] p2a: Rotom\n|-enditem|p2a: Rotom|Sitrus Berry|[eat]\n|-heal|p2a: Rotom|39/100|[from] item: Sitrus Berry\n|\n|-weather|none\n|upkeep\n|turn|9\n|\n|t:|1776615121\n|-activate|p1b: Matchapop|confusion\n|move|p1b: Matchapop|Rage Powder|p1b: Matchapop\n|-singleturn|p1b: Matchapop|move: Rage Powder\n|move|p2a: Rotom|Volt Switch|p1b: Matchapop\n|-resisted|p1b: Matchapop|1\n|-damage|p1b: Matchapop|60/100\n|move|p1a: Mr. Fist|Drain Punch|p2a: Rotom\n|-damage|p2a: Rotom|0 fnt\n|-heal|p1a: Mr. Fist|78/100|[from] drain|[of] p2a: Rotom\n|faint|p2a: Rotom\n|\n|win|Azuremoon7\n|raw|Azuremoon7's rating: 1105 &rarr; <strong>1130</strong><br />(+25 for winning)\n|raw|Bluezero03's rating: 1100 &rarr; <strong>1075</strong><br />(-25 for losing)\n|c|\u2606Azuremoon7|ggs\n",
  "uploadtime": 1776615123,
  "views": 8,
  "formatid": "gen9championsvgc2026regma",
  "rating": 1075,
  "private": 0,
  "password": null
}