{
  "id": "gen9championsvgc2026regma-2584816723",
  "format": "[Gen 9 Champions] VGC 2026 Reg M-A",
  "players": [
    "thewxfr",
    "gasertheegyptain"
  ],
  "log": "|j|\u2606thewxfr\n|j|\u2606gasertheegyptain\n|t:|1776285839\n|gametype|doubles\n|player|p1|thewxfr|1|\n|player|p2|gasertheegyptain|unknown|\n|gen|9\n|tier|[Gen 9 Champions] VGC 2026 Reg M-A\n|rule|Species Clause: Limit one of each Pok\u00e9mon\n|rule|Item Clause: Limit 1 of each item\n|clearpoke\n|poke|p1|Alakazam, L50, M|\n|poke|p1|Gardevoir, L50, M|\n|poke|p1|Toucannon, L50, M|\n|poke|p1|Mudsdale, L50, M|\n|poke|p1|Vivillon, L50, M|\n|poke|p1|Scovillain, L50, F|\n|poke|p2|Charizard, L50, M|\n|poke|p2|Alcremie, L50, F|\n|poke|p2|Basculegion, L50, M|\n|poke|p2|Sinistcha-Masterpiece, L50|\n|poke|p2|Gardevoir, L50, M|\n|poke|p2|Sneasler, L50, M|\n|teampreview|4\ngasertheegyptain rejected open team sheets.\n|c|\u2606gasertheegyptain|!dt friend guard\n|c|\u2606gasertheegyptain|/raw <ul class=\"utilichart\"><li class=\"result\"><span class=\"col namecol\"><a href=\"https://dex.pokemonshowdown.com/abilities/friendguard\">Friend Guard</a></span> <span class=\"col abilitydesccol\">This Pokemon's allies receive 3/4 damage from other Pokemon's attacks.</span> </li><li style=\"clear:both\"></li></ul>\n|c|\u2606gasertheegyptain|/raw <font size=\"1\"><font color=\"#686868\">Gen:</font> 5&nbsp;|&ThickSpace;&#10003; Ignored by Mold Breaker</font>\n\n|c|\u2606gasertheegyptain|damn\n|c|\u2606thewxfr|indeed\n|c|\u2606thewxfr|its why i killed Gardevoir before Sneasler\n|c|\u2606thewxfr|i knew i could live one hit\n|c|\u2606thewxfr|then heal with pollen puff\n|c|\u2606thewxfr|fun fact\n|c|\u2606gasertheegyptain|yes?\n|c|\u2606thewxfr|i forgor to put an item on vivillon lmao\n|c|\u2606gasertheegyptain|what was it anyways\n|\n|t:|1776285989\n|teamsize|p1|4\n|teamsize|p2|4\n|start\n|switch|p1a: Vivillon|Vivillon, L50, M|100/100\n|switch|p1b: Scovillain|Scovillain, L50, F|100/100\n|switch|p2a: Sinistcha|Sinistcha-Masterpiece, L50|100/100\n|switch|p2b: Sneasler|Sneasler, L50, M|100/100\n|turn|1\n|c|\u2606thewxfr|sharp beak\n|c|\u2606gasertheegyptain|dang\n|\n|t:|1776286014\n|detailschange|p1b: Scovillain|Scovillain-Mega, L50, F\n|-mega|p1b: Scovillain|Scovillain|Scovillainite\n|move|p2b: Sneasler|Fake Out|p1a: Vivillon\n|-damage|p1a: Vivillon|86/100\n|move|p1b: Scovillain|Rage Powder|p1b: Scovillain\n|-singleturn|p1b: Scovillain|move: Rage Powder\n|cant|p1a: Vivillon|flinch\n|move|p2a: Sinistcha|Life Dew||[still]|[still]|[spread] \n|-fail|p2a: Sinistcha|heal\n|-fail|p2b: Sneasler|heal\n|\n|upkeep\n|turn|2\n|\n|t:|1776286031\n|move|p1b: Scovillain|Rage Powder|p1b: Scovillain\n|-singleturn|p1b: Scovillain|move: Rage Powder\n|move|p2b: Sneasler|Dire Claw|p1b: Scovillain\n|-supereffective|p1b: Scovillain|1\n|-damage|p1b: Scovillain|48/100\n|-status|p1b: Scovillain|par\n|-status|p2b: Sneasler|brn|[from] ability: Spicy Spray|[of] p1b: Scovillain\n|move|p1a: Vivillon|Quiver Dance|p1a: Vivillon\n|-boost|p1a: Vivillon|spa|1\n|-boost|p1a: Vivillon|spd|1\n|-boost|p1a: Vivillon|spe|1\n|move|p2a: Sinistcha|Matcha Gotcha|p1a: Vivillon|[spread] p1a,p1b\n|-resisted|p1a: Vivillon|2\n|-resisted|p1b: Scovillain|2\n|-damage|p1a: Vivillon|80/100\n|-damage|p1b: Scovillain|43/100 par\n|-status|p2a: Sinistcha|brn|[from] ability: Spicy Spray|[of] p1b: Scovillain\n|\n|-damage|p2b: Sneasler|95/100 brn|[from] brn\n|-damage|p2a: Sinistcha|94/100 brn|[from] brn\n|upkeep\n|turn|3\n|\n|t:|1776286048\n|move|p2a: Sinistcha|Rage Powder|p2a: Sinistcha\n|-singleturn|p2a: Sinistcha|move: Rage Powder\n|move|p1b: Scovillain|Rage Powder|p1b: Scovillain\n|-singleturn|p1b: Scovillain|move: Rage Powder\n|move|p2b: Sneasler|Dire Claw|p1b: Scovillain\n|-supereffective|p1b: Scovillain|1\n|-damage|p1b: Scovillain|16/100 par\n|move|p1a: Vivillon|Quiver Dance|p1a: Vivillon\n|-boost|p1a: Vivillon|spa|1\n|-boost|p1a: Vivillon|spd|1\n|-boost|p1a: Vivillon|spe|1\n|\n|-heal|p2a: Sinistcha|100/100 brn|[from] item: Leftovers\n|-damage|p2b: Sneasler|89/100 brn|[from] brn\n|-damage|p2a: Sinistcha|94/100 brn|[from] brn\n|upkeep\n|turn|4\n|c|\u2606thewxfr|i love spicy spray\n|c|\u2606gasertheegyptain|and i hate you\n|\n|t:|1776286065\n|move|p1b: Scovillain|Rage Powder|p1b: Scovillain\n|-singleturn|p1b: Scovillain|move: Rage Powder\n|move|p1a: Vivillon|Air Cutter|p2a: Sinistcha|[spread] p2a,p2b\n|-supereffective|p2a: Sinistcha|1\n|-supereffective|p2b: Sneasler|1\n|-damage|p2a: Sinistcha|47/100 brn\n|-damage|p2b: Sneasler|4/100 brn\n|move|p2b: Sneasler|Dire Claw|p1b: Scovillain\n|-supereffective|p1b: Scovillain|1\n|-damage|p1b: Scovillain|0 fnt\n|faint|p1b: Scovillain\n|move|p2a: Sinistcha|Matcha Gotcha|p1a: Vivillon\n|-resisted|p1a: Vivillon|2\n|-damage|p1a: Vivillon|74/100\n|-heal|p2a: Sinistcha|50/100 brn|[from] drain|[of] p1a: Vivillon\n|\n|-heal|p2a: Sinistcha|56/100 brn|[from] item: Leftovers\n|-damage|p2b: Sneasler|0 fnt|[from] brn\n|faint|p2b: Sneasler\n|-damage|p2a: Sinistcha|50/100 brn|[from] brn\n|upkeep\n|c|\u2606thewxfr|>:)\n|\n|t:|1776286079\n|switch|p2b: Basculegion|Basculegion, L50, M|100/100\n|switch|p1b: Toucannon|Toucannon, L50, M|100/100\n|turn|5\n|c|\u2606thewxfr|my strat is to set up my vivillion\n|c|\u2606gasertheegyptain|AIR CUTTER HITS BOTH FOES?\n|c|\u2606thewxfr|yup\n|c|\u2606thewxfr|its why i use it\n|\n|t:|1776286099\n|-singleturn|p1b: Toucannon|move: Beak Blast\n|move|p1a: Vivillon|Air Cutter|p2a: Sinistcha|[spread] p2a,p2b\n|-supereffective|p2a: Sinistcha|1\n|-damage|p2a: Sinistcha|0 fnt\n|-damage|p2b: Basculegion|70/100\n|faint|p2a: Sinistcha\n|move|p2b: Basculegion|Wave Crash|p1a: Vivillon\n|-damage|p1a: Vivillon|0 fnt\n|faint|p1a: Vivillon\n|-damage|p2b: Basculegion|47/100|[from] Recoil\n|move|p1b: Toucannon|Beak Blast|p2b: Basculegion\n|-damage|p2b: Basculegion|0 fnt\n|faint|p2b: Basculegion\n|\n|upkeep\n|\n|t:|1776286107\n|switch|p2b: Gardevoir|Gardevoir, L50, M|100/100\n|switch|p1a: Mudsdale|Mudsdale, L50, M|100/100\n|-ability|p2b: Gardevoir|Stamina|Trace|[from] ability: Trace|[of] p1a: Mudsdale\n|turn|6\n|c|\u2606gasertheegyptain|lwk unfair\n|c|\u2606thewxfr|lmao\n|c|\u2606thewxfr|also i'm 90% sure spicy should only burn on contact\n|c|\u2606gasertheegyptain|!dt beak blast\n|c|\u2606gasertheegyptain|/raw <ul class=\"utilichart\"><li class=\"result\"><span class=\"col movenamecol\"><a href=\"https://dex.pokemonshowdown.com/moves/beakblast\">Beak Blast</a></span> <span class=\"col typecol\"><img src=\"//play.pokemonshowdown.com/sprites/types/Flying.png\" alt=\"Flying\" width=\"32\" height=\"14\"><img src=\"//play.pokemonshowdown.com/sprites/categories/Physical.png\" alt=\"Physical\" width=\"32\" height=\"14\"></span> <span class=\"col labelcol\"><em>Power</em><br>120</span> <span class=\"col widelabelcol\"><em>Accuracy</em><br>100%</span> <span class=\"col pplabelcol\"><em>PP</em><br>8</span> <span class=\"col movedesccol\">Burns on contact with the user before it moves.</span> </li><li style=\"clear:both\"></li></ul>\n|c|\u2606gasertheegyptain|/raw <font size=\"1\"><font color=\"#686868\">Priority:</font> -3&nbsp;|&ThickSpace;<font color=\"#686868\">Gen:</font> 7&nbsp;|&ThickSpace;&#10003; Bullet&nbsp;|&ThickSpace;<font color=\"#686868\">Z-Power:</font> 190&nbsp;|&ThickSpace;<font color=\"#686868\">Target:</font> One Adjacent Pok\u00e9mon</font>\n\n|c|\u2606thewxfr|not with all moves\n|c|\u2606thewxfr|also Beak Blast got boosted\n|c|\u2606thewxfr|its 120BP now it used to be 100\n|c|\u2606gasertheegyptain|....\n|c|\u2606thewxfr|yeah\n|\n|t:|1776286160\n|detailschange|p2b: Gardevoir|Gardevoir-Mega, L50, M\n|-mega|p2b: Gardevoir|Gardevoir|Gardevoirite\n|-singleturn|p1b: Toucannon|move: Beak Blast\n|move|p2b: Gardevoir|Hyper Voice|p1a: Mudsdale|[spread] p1a,p1b\n|-damage|p1a: Mudsdale|62/100\n|-damage|p1b: Toucannon|31/100\n|-ability|p1a: Mudsdale|Stamina|boost\n|-boost|p1a: Mudsdale|def|1\n|-enditem|p1b: Toucannon|Sitrus Berry|[eat]\n|-heal|p1b: Toucannon|56/100|[from] item: Sitrus Berry\n|move|p1a: Mudsdale|Body Press|p2b: Gardevoir\n|-resisted|p2b: Gardevoir|2\n|-damage|p2b: Gardevoir|91/100\n|move|p1b: Toucannon|Beak Blast|p2b: Gardevoir\n|-damage|p2b: Gardevoir|24/100\n|\n|-heal|p1a: Mudsdale|68/100|[from] item: Leftovers\n|upkeep\n|turn|7\n|c|\u2606thewxfr|its a team that burns\n|\n|t:|1776286176\n|-singleturn|p1b: Toucannon|move: Beak Blast\n|move|p2b: Gardevoir|Protect|p2b: Gardevoir\n|-singleturn|p2b: Gardevoir|Protect\n|move|p1a: Mudsdale|Body Press|p2b: Gardevoir\n|-activate|p2b: Gardevoir|move: Protect\n|move|p1b: Toucannon|Beak Blast|p2b: Gardevoir\n|-activate|p2b: Gardevoir|move: Protect\n|\n|-heal|p1a: Mudsdale|74/100|[from] item: Leftovers\n|upkeep\n|turn|8\n|\n|t:|1776286186\n|-singleturn|p1b: Toucannon|move: Beak Blast\n|move|p2b: Gardevoir|Hyper Voice|p1b: Toucannon|[spread] p1a,p1b\n|-damage|p1a: Mudsdale|39/100\n|-damage|p1b: Toucannon|0 fnt\n|-ability|p1a: Mudsdale|Stamina|boost\n|-boost|p1a: Mudsdale|def|1\n|faint|p1b: Toucannon\n|move|p1a: Mudsdale|Body Press|p2b: Gardevoir\n|-resisted|p2b: Gardevoir|2\n|-crit|p2b: Gardevoir\n|-damage|p2b: Gardevoir|5/100\n|\n|-heal|p1a: Mudsdale|44/100|[from] item: Leftovers\n|upkeep\n|turn|9\n|c|\u2606thewxfr|i wanted to roost you'd have lost lmao\n|c|\u2606thewxfr|you win gg\n|\n|t:|1776286199\n|move|p2b: Gardevoir|Hyper Voice|p1a: Mudsdale\n|-damage|p1a: Mudsdale|0 fnt\n|faint|p1a: Mudsdale\n|\n|win|gasertheegyptain\n|c|\u2606gasertheegyptain|gg\n|c|\u2606gasertheegyptain|crazy battle\n|c|\u2606thewxfr|single target\n|c|\u2606thewxfr|yeah\n|c|\u2606gasertheegyptain|idk how i even won that lwk\n|c|\u2606thewxfr|lol\n|c|\u2606gasertheegyptain|mega gardevoir is crazy bro\n|c|\u2606thewxfr|165 spA + 20% boost in damage\n|c|\u2606thewxfr|its basically floette 2nd\n",
  "uploadtime": 1776286235,
  "views": 17,
  "formatid": "gen9championsvgc2026regma",
  "rating": null,
  "private": 0,
  "password": null
}