{
  "id": "gen9championsvgc2026regma-2585999062",
  "format": "[Gen 9 Champions] VGC 2026 Reg M-A",
  "players": [
    "mendesday13",
    "el choro 37"
  ],
  "log": "|j|\u2606mendesday13\n|j|\u2606el choro 37\n|t:|1776388917\n|gametype|doubles\n|player|p1|mendesday13|lucas|1115\n|player|p2|el choro 37|cyrus|1141\n|gen|9\n|tier|[Gen 9 Champions] VGC 2026 Reg M-A\n|rated|\n|rule|Species Clause: Limit one of each Pok\u00e9mon\n|rule|Item Clause: Limit 1 of each item\n|clearpoke\n|poke|p1|Froslass, L50, F|\n|poke|p1|Milotic, L50, M|\n|poke|p1|Garchomp, L50, F|\n|poke|p1|Sneasler, L50, M|\n|poke|p1|Sinistcha, L50|\n|poke|p1|Kingambit, L50, F|\n|poke|p2|Beedrill, L50, F|\n|poke|p2|Aegislash, L50, F|\n|poke|p2|Rotom-Wash, L50|\n|poke|p2|Incineroar, L50, F|\n|poke|p2|Sneasler, L50, F|\n|poke|p2|Whimsicott, L50, F|\n|teampreview|4\n|\n|t:|1776388946\n|teamsize|p1|4\n|teamsize|p2|4\n|start\n|switch|p1a: Sneasler|Sneasler, L50, M|100/100\n|switch|p1b: Garchomp|Garchomp, L50, F|100/100\n|switch|p2a: El Flaco|Sneasler, L50, F|100/100\n|switch|p2b: Beedrill|Beedrill, L50, F|100/100\n|turn|1\n|\n|t:|1776388976\n|switch|p2b: Centinela|Aegislash, L50, F|100/100\n|move|p1a: Sneasler|Fake Out|p2b: Centinela\n|-immune|p2b: Centinela\n|move|p2a: El Flaco|Fake Out|p1b: Garchomp\n|-damage|p1b: Garchomp|84/100\n|-damage|p2a: El Flaco|88/100|[from] ability: Rough Skin|[of] p1b: Garchomp\n|cant|p1b: Garchomp|flinch\n|\n|upkeep\n|turn|2\n|inactive|Battle timer is ON: inactive players will automatically lose when time's up. (requested by el choro 37)\n|\n|t:|1776389002\n|switch|p1a: Kingambit|Kingambit, L50, F|100/100\n|switch|p2a: Marie Curie|Whimsicott, L50, F|100/100\n|move|p1b: Garchomp|Stomping Tantrum|p2a: Marie Curie\n|-resisted|p2a: Marie Curie|1\n|-damage|p2a: Marie Curie|44/100\n|move|p2b: Centinela|Swords Dance|p2b: Centinela\n|-boost|p2b: Centinela|atk|2\n|\n|upkeep\n|turn|3\n|\n|t:|1776389026\n|move|p2a: Marie Curie|Stun Spore|p1b: Garchomp\n|-status|p1b: Garchomp|par\n|move|p1a: Kingambit|Sucker Punch|p2b: Centinela\n|-supereffective|p2b: Centinela|1\n|-damage|p2b: Centinela|20/100\n|move|p1b: Garchomp|Stomping Tantrum|p2a: Marie Curie\n|-resisted|p2a: Marie Curie|1\n|-damage|p2a: Marie Curie|17/100\n|-formechange|p2b: Centinela|Aegislash-Blade|\n|move|p2b: Centinela|Close Combat|p1a: Kingambit\n|-supereffective|p1a: Kingambit|2\n|-damage|p1a: Kingambit|0 fnt\n|-unboost|p2b: Centinela|def|1\n|-unboost|p2b: Centinela|spd|1\n|faint|p1a: Kingambit\n|\n|-heal|p2b: Centinela|26/100|[from] item: Leftovers\n|upkeep\n|\n|t:|1776389041\n|switch|p1a: Froslass|Froslass, L50, F|100/100\n|turn|4\n|\n|t:|1776389061\n|detailschange|p1a: Froslass|Froslass-Mega, L50, F\n|-mega|p1a: Froslass|Froslass|Froslassite\n|-weather|Snowscape|[from] ability: Snow Warning|[of] p1a: Froslass\n|move|p2a: Marie Curie|Stun Spore|p1a: Froslass|[miss]\n|-miss|p2a: Marie Curie|p1a: Froslass\n|move|p2b: Centinela|Shadow Sneak|p1a: Froslass\n|-supereffective|p1a: Froslass|1\n|-damage|p1a: Froslass|3/100\n|move|p1a: Froslass|Blizzard|p2b: Centinela|[spread] p2a,p2b\n|-supereffective|p2a: Marie Curie|1\n|-resisted|p2b: Centinela|1\n|-damage|p2a: Marie Curie|0 fnt\n|-damage|p2b: Centinela|0 fnt\n|faint|p2a: Marie Curie\n|faint|p2b: Centinela\n|move|p1b: Garchomp|Rock Slide|p2: Marie Curie|[notarget]\n|-fail|p1b: Garchomp\n|\n|-weather|Snowscape|[upkeep]\n|upkeep\n|\n|t:|1776389067\n|switch|p2a: Beedrill|Beedrill, L50, F|100/100\n|switch|p2b: El Flaco|Sneasler, L50, F|88/100\n|turn|5\n|inactive|el choro 37 has 30 seconds left.\n|\n|t:|1776389097\n|detailschange|p2a: Beedrill|Beedrill-Mega, L50, F\n|-mega|p2a: Beedrill|Beedrill|Beedrillite\n|move|p2b: El Flaco|Fake Out|p1b: Garchomp\n|-damage|p1b: Garchomp|68/100 par\n|-damage|p2b: El Flaco|76/100|[from] ability: Rough Skin|[of] p1b: Garchomp\n|move|p2a: Beedrill|Poison Jab|p1a: Froslass\n|-resisted|p1a: Froslass|1\n|-damage|p1a: Froslass|0 fnt\n|faint|p1a: Froslass\n|cant|p1b: Garchomp|flinch\n|\n|-weather|Snowscape|[upkeep]\n|upkeep\n|\n|t:|1776389107\n|switch|p1a: Sneasler|Sneasler, L50, M|100/100\n|turn|6\n|\n|t:|1776389125\n|move|p1a: Sneasler|Fake Out|p2a: Beedrill\n|-damage|p2a: Beedrill|62/100\n|cant|p2a: Beedrill|flinch\n|move|p2b: El Flaco|Close Combat|p1b: Garchomp\n|-damage|p1b: Garchomp|0 fnt\n|-unboost|p2b: El Flaco|def|1\n|-unboost|p2b: El Flaco|spd|1\n|-damage|p2b: El Flaco|64/100|[from] ability: Rough Skin|[of] p1b: Garchomp\n|faint|p1b: Garchomp\n|-enditem|p2b: El Flaco|White Herb\n|-clearnegativeboost|p2b: El Flaco|[silent]\n|\n|-weather|Snowscape|[upkeep]\n|upkeep\n|turn|7\n|-message|mendesday13 forfeited.\n|\n|win|el choro 37\n|raw|mendesday13's rating: 1115 &rarr; <strong>1092</strong><br />(-23 for losing)\n|raw|el choro 37's rating: 1141 &rarr; <strong>1164</strong><br />(+23 for winning)\n|l|\u2606mendesday13\n|player|p1|\n",
  "uploadtime": 1776389150,
  "views": 22,
  "formatid": "gen9championsvgc2026regma",
  "rating": 1092,
  "private": 0,
  "password": null
}