{
  "id": "gen9championsvgc2026regma-2588680398",
  "format": "[Gen 9 Champions] VGC 2026 Reg M-A",
  "players": [
    "lilyflows",
    "zapdos678"
  ],
  "log": "|j|\u2606lilyflows\n|j|\u2606zapdos678\n|t:|1776657020\n|gametype|doubles\n|player|p1|lilyflows|n|1033\n|player|p2|zapdos678|yellow|1000\n|gen|9\n|tier|[Gen 9 Champions] VGC 2026 Reg M-A\n|rated|\n|rule|Species Clause: Limit one of each Pok\u00e9mon\n|rule|Item Clause: Limit 1 of each item\n|clearpoke\n|poke|p1|Glimmora, L50, F|\n|poke|p1|Lopunny, L50, M|\n|poke|p1|Milotic, L50, F|\n|poke|p1|Garchomp, L50, M|\n|poke|p1|Kingambit, L50, F|\n|poke|p1|Sinistcha, L50|\n|poke|p2|Skarmory, L50, M|\n|poke|p2|Politoed, L50, M|\n|poke|p2|Pelipper, L50, F|\n|poke|p2|Archaludon, L50, F|\n|poke|p2|Meganium, L50, M|\n|poke|p2|Garchomp, L50, F|\n|teampreview|4\n|inactive|Battle timer is ON: inactive players will automatically lose when time's up. (requested by lilyflows)\n|inactive|lilyflows has 60 seconds left.\n|inactive|zapdos678 has 60 seconds left.\n|\n|t:|1776657058\n|teamsize|p1|4\n|teamsize|p2|4\n|start\n|switch|p1a: Lopunny|Lopunny, L50, M|100/100\n|switch|p1b: Garchomp|Garchomp, L50, M|100/100\n|switch|p2a: Skarmory|Skarmory, L50, M|100/100\n|switch|p2b: Garchomp|Garchomp, L50, F|100/100\n|turn|1\n|inactive|lilyflows has 30 seconds left.\n|\n|t:|1776657089\n|detailschange|p1a: Lopunny|Lopunny-Mega, L50, M\n|-mega|p1a: Lopunny|Lopunny|Lopunnite\n|detailschange|p2a: Skarmory|Skarmory-Mega, L50, M\n|-mega|p2a: Skarmory|Skarmory|Skarmorite\n|move|p1a: Lopunny|Fake Out|p2a: Skarmory\n|-resisted|p2a: Skarmory|1\n|-damage|p2a: Skarmory|88/100\n|move|p1b: Garchomp|Dragon Claw|p2b: Garchomp\n|-supereffective|p2b: Garchomp|1\n|-damage|p2b: Garchomp|16/100\n|-damage|p1b: Garchomp|88/100|[from] ability: Rough Skin|[of] p2b: Garchomp\n|move|p2b: Garchomp|Dragon Claw|p1b: Garchomp\n|-supereffective|p1b: Garchomp|1\n|-damage|p1b: Garchomp|6/100\n|-damage|p2b: Garchomp|4/100|[from] ability: Rough Skin|[of] p1b: Garchomp\n|cant|p2a: Skarmory|flinch\n|\n|-heal|p2b: Garchomp|10/100|[from] item: Leftovers\n|upkeep\n|turn|2\n|\n|t:|1776657113\n|move|p2b: Garchomp|Protect|p2b: Garchomp\n|-singleturn|p2b: Garchomp|Protect\n|move|p1b: Garchomp|Dragon Claw|p2b: Garchomp\n|-activate|p2b: Garchomp|move: Protect\n|move|p1a: Lopunny|Close Combat|p2a: Skarmory\n|-damage|p2a: Skarmory|17/100\n|-unboost|p1a: Lopunny|def|1\n|-unboost|p1a: Lopunny|spd|1\n|move|p2a: Skarmory|Rock Slide|p1a: Lopunny|[spread] p1a,p1b\n|-resisted|p1a: Lopunny|1\n|-resisted|p1b: Garchomp|1\n|-damage|p1a: Lopunny|79/100\n|-damage|p1b: Garchomp|0 fnt\n|faint|p1b: Garchomp\n|\n|-heal|p2b: Garchomp|16/100|[from] item: Leftovers\n|upkeep\n|\n|t:|1776657128\n|switch|p1b: Sinistcha|Sinistcha, L50|100/100\n|-heal|p1a: Lopunny|100/100|[from] ability: Hospitality|[of] p1b: Sinistcha\n|turn|3\n|\n|t:|1776657148\n|move|p2a: Skarmory|Protect|p2a: Skarmory\n|-singleturn|p2a: Skarmory|Protect\n|move|p1b: Sinistcha|Rage Powder|p1b: Sinistcha\n|-singleturn|p1b: Sinistcha|move: Rage Powder\n|move|p1a: Lopunny|Close Combat|p2a: Skarmory\n|-activate|p2a: Skarmory|move: Protect\n|move|p2b: Garchomp|Dragon Claw|p1b: Sinistcha\n|-damage|p1b: Sinistcha|67/100\n|\n|-heal|p2b: Garchomp|22/100|[from] item: Leftovers\n|upkeep\n|turn|4\n|\n|t:|1776657168\n|switch|p2b: Archaludon|Archaludon, L50, F|100/100\n|switch|p2a: Politoed|Politoed, L50, M|100/100\n|-weather|RainDance|[from] ability: Drizzle|[of] p2a: Politoed\n|move|p1b: Sinistcha|Rage Powder|p1b: Sinistcha\n|-singleturn|p1b: Sinistcha|move: Rage Powder\n|move|p1a: Lopunny|Close Combat|p2a: Politoed\n|-damage|p2a: Politoed|49/100\n|-unboost|p1a: Lopunny|def|1\n|-unboost|p1a: Lopunny|spd|1\n|-enditem|p2a: Politoed|Sitrus Berry|[eat]\n|-heal|p2a: Politoed|74/100|[from] item: Sitrus Berry\n|\n|-weather|RainDance|[upkeep]\n|upkeep\n|turn|5\n|inactive|zapdos678 has 30 seconds left.\n|\n|t:|1776657199\n|switch|p2b: Garchomp|Garchomp, L50, F|22/100\n|move|p1b: Sinistcha|Rage Powder|p1b: Sinistcha\n|-singleturn|p1b: Sinistcha|move: Rage Powder\n|move|p1a: Lopunny|Close Combat|p2b: Garchomp\n|-damage|p2b: Garchomp|0 fnt\n|-unboost|p1a: Lopunny|def|1\n|-unboost|p1a: Lopunny|spd|1\n|-damage|p1a: Lopunny|89/100|[from] ability: Rough Skin|[of] p2b: Garchomp\n|faint|p2b: Garchomp\n|move|p2a: Politoed|Muddy Water|p1a: Lopunny|[spread] p1a,p1b\n|-resisted|p1b: Sinistcha|1\n|-damage|p1a: Lopunny|0 fnt\n|-damage|p1b: Sinistcha|50/100\n|faint|p1a: Lopunny\n|\n|-weather|RainDance|[upkeep]\n|upkeep\n|\n|t:|1776657213\n|switch|p1a: Milotic|Milotic, L50, F|100/100\n|switch|p2b: Archaludon|Archaludon, L50, F|100/100\n|turn|6\n|-message|lilyflows forfeited.\n|\n|win|zapdos678\n|raw|lilyflows's rating: 1033 &rarr; <strong>1017</strong><br />(-16 for losing)\n|raw|zapdos678's rating: 1000 &rarr; <strong>1044</strong><br />(+44 for winning)\n|l|\u2606lilyflows\n|player|p1|\n",
  "uploadtime": 1776657226,
  "views": 11,
  "formatid": "gen9championsvgc2026regma",
  "rating": 1017,
  "private": 0,
  "password": null
}