{
  "id": "gen9championsvgc2026regma-2587119004",
  "format": "[Gen 9 Champions] VGC 2026 Reg M-A",
  "players": [
    "jeffyang",
    "Lyph88"
  ],
  "log": "|j|\u2606jeffyang\n|j|\u2606Lyph88\n|t:|1776496091\n|gametype|doubles\n|player|p1|jeffyang|266|1382\n|player|p2|Lyph88|lucas-gen4pt|1307\n|gen|9\n|tier|[Gen 9 Champions] VGC 2026 Reg M-A\n|rated|\n|rule|Species Clause: Limit one of each Pok\u00e9mon\n|rule|Item Clause: Limit 1 of each item\n|clearpoke\n|poke|p1|Delphox, L50, M|\n|poke|p1|Rotom-Wash, L50|\n|poke|p1|Pelipper, L50, F|\n|poke|p1|Archaludon, L50, F|\n|poke|p1|Corviknight, L50, F|\n|poke|p1|Basculegion, L50, M|\n|poke|p2|Tyranitar, L50, F|\n|poke|p2|Rotom-Wash, L50|\n|poke|p2|Garchomp, L50, F|\n|poke|p2|Sinistcha, L50|\n|poke|p2|Sneasler, L50, M|\n|poke|p2|Corviknight, L50, F|\n|teampreview|4\n|inactive|Battle timer is ON: inactive players will automatically lose when time's up. (requested by jeffyang)\n|inactive|Lyph88 has 60 seconds left.\n|inactive|Lyph88 has 30 seconds left.\n|inactive|Lyph88 has 20 seconds left.\n|inactive|Lyph88 has 15 seconds left.\n|inactive|Lyph88 has 10 seconds left.\n|\n|t:|1776496174\n|teamsize|p1|4\n|teamsize|p2|4\n|start\n|switch|p1a: Archaludon|Archaludon, L50, F|100/100\n|switch|p1b: Rotom|Rotom-Wash, L50|100/100\n|switch|p2a: Rotom|Rotom-Wash, L50|100/100\n|switch|p2b: Garchomp|Garchomp, L50, F|100/100\n|turn|1\n|inactive|jeffyang has 30 seconds left.\n|inactive|Lyph88 has 30 seconds left.\n|inactive|jeffyang has 20 seconds left.\n|inactive|Lyph88 has 20 seconds left.\n|inactive|Lyph88 has 15 seconds left.\n|inactive|Lyph88 has 10 seconds left.\n|inactive|Lyph88 has 5 seconds left.\n|\n|t:|1776496224\n|switch|p2a: Sinistcha|Sinistcha, L50|100/100\n|move|p2b: Garchomp|Protect|p2b: Garchomp\n|-singleturn|p2b: Garchomp|Protect\n|move|p1b: Rotom|Volt Switch|p2a: Sinistcha\n|-resisted|p2a: Sinistcha|1\n|-crit|p2a: Sinistcha\n|-damage|p2a: Sinistcha|77/100\n|\n|t:|1776496234\n|switch|p1b: Corviknight|Corviknight, L50, F|100/100|[from] Volt Switch\n|move|p1a: Archaludon|Draco Meteor|p2b: Garchomp\n|-activate|p2b: Garchomp|move: Protect\n|\n|-heal|p2a: Sinistcha|83/100|[from] item: Leftovers\n|upkeep\n|turn|2\n|\n|t:|1776496252\n|move|p1a: Archaludon|Protect|p1a: Archaludon\n|-singleturn|p1a: Archaludon|Protect\n|move|p2b: Garchomp|Earthquake|p1a: Archaludon|[spread] p2a\n|-activate|p1a: Archaludon|move: Protect\n|-immune|p1b: Corviknight\n|-resisted|p2a: Sinistcha|1\n|-damage|p2a: Sinistcha|65/100\n|move|p2a: Sinistcha|Strength Sap|p1b: Corviknight\n|-ability|p1b: Corviknight|Mirror Armor\n|-unboost|p2a: Sinistcha|atk|1\n|-heal|p2a: Sinistcha|100/100\n|move|p1b: Corviknight|Dual Wingbeat|p2a: Sinistcha\n|-supereffective|p2a: Sinistcha|1\n|-damage|p2a: Sinistcha|76/100\n|-supereffective|p2a: Sinistcha|1\n|-damage|p2a: Sinistcha|51/100\n|-hitcount|p2a: Sinistcha|2\n|\n|-heal|p2a: Sinistcha|57/100|[from] item: Leftovers\n|upkeep\n|turn|3\n|inactive|jeffyang has 30 seconds left.\n|\n|t:|1776496278\n|switch|p1a: Rotom|Rotom-Wash, L50|100/100\n|switch|p2a: Rotom|Rotom-Wash, L50|100/100\n|move|p2b: Garchomp|Earthquake|p1b: Corviknight|[spread] \n|-immune|p2a: Rotom|[from] ability: Levitate\n|-immune|p1a: Rotom|[from] ability: Levitate\n|-immune|p1b: Corviknight\n|move|p1b: Corviknight|Dual Wingbeat|p2a: Rotom\n|-resisted|p2a: Rotom|1\n|-damage|p2a: Rotom|93/100\n|-resisted|p2a: Rotom|1\n|-damage|p2a: Rotom|86/100\n|-hitcount|p2a: Rotom|2\n|\n|upkeep\n|turn|4\n|\n|t:|1776496302\n|switch|p1b: Archaludon|Archaludon, L50, F|100/100\n|move|p2a: Rotom|Discharge|p1b: Archaludon|[spread] p1a,p1b\n|-immune|p2b: Garchomp\n|-resisted|p1b: Archaludon|1\n|-damage|p1a: Rotom|66/100\n|-damage|p1b: Archaludon|85/100\n|-status|p1b: Archaludon|par\n|-ability|p1b: Archaludon|Stamina|boost\n|-boost|p1b: Archaludon|def|1\n|move|p1a: Rotom|Volt Switch|p2a: Rotom\n|-damage|p2a: Rotom|45/100\n|\n|t:|1776496324\n|switch|p1a: Corviknight|Corviknight, L50, F|100/100|[from] Volt Switch\n|move|p2b: Garchomp|Dragon Claw|p1a: Corviknight\n|-resisted|p1a: Corviknight|1\n|-damage|p1a: Corviknight|87/100\n|\n|-heal|p1a: Corviknight|93/100|[from] item: Leftovers\n|upkeep\n|turn|5\n|inactive|Lyph88 has 30 seconds left.\n|\n|t:|1776496356\n|switch|p2a: Tyranitar|Tyranitar, L50, F|100/100\n|-weather|Sandstorm|[from] ability: Sand Stream|[of] p2a: Tyranitar\n|move|p1a: Corviknight|Protect|p1a: Corviknight\n|-singleturn|p1a: Corviknight|Protect\n|move|p2b: Garchomp|Dragon Claw|p1a: Corviknight\n|-activate|p1a: Corviknight|move: Protect\n|move|p1b: Archaludon|Draco Meteor|p2a: Tyranitar\n|-damage|p2a: Tyranitar|48/100\n|-unboost|p1b: Archaludon|spa|2\n|\n|-weather|Sandstorm|[upkeep]\n|-heal|p1a: Corviknight|99/100|[from] item: Leftovers\n|upkeep\n|turn|6\n|\n|t:|1776496374\n|switch|p2b: Sinistcha|Sinistcha, L50|57/100\n|-heal|p2a: Tyranitar|72/100|[from] ability: Hospitality|[of] p2b: Sinistcha\n|detailschange|p2a: Tyranitar|Tyranitar-Mega, L50, F\n|-mega|p2a: Tyranitar|Tyranitar|Tyranitarite\n|move|p2a: Tyranitar|High Horsepower|p1b: Archaludon|[miss]\n|-miss|p2a: Tyranitar|p1b: Archaludon\n|move|p1a: Corviknight|Iron Defense|p1a: Corviknight\n|-boost|p1a: Corviknight|def|2\n|move|p1b: Archaludon|Flash Cannon|p2a: Tyranitar\n|-supereffective|p2a: Tyranitar|1\n|-damage|p2a: Tyranitar|46/100\n|\n|-weather|Sandstorm|[upkeep]\n|-damage|p2b: Sinistcha|51/100|[from] Sandstorm\n|-heal|p2b: Sinistcha|57/100|[from] item: Leftovers\n|-heal|p1a: Corviknight|100/100|[from] item: Leftovers\n|upkeep\n|turn|7\n|\n|t:|1776496391\n|move|p2a: Tyranitar|Protect|p2a: Tyranitar\n|-singleturn|p2a: Tyranitar|Protect\n|move|p1b: Archaludon|Protect|p1b: Archaludon\n|-singleturn|p1b: Archaludon|Protect\n|move|p2b: Sinistcha|Life Dew|p2b: Sinistcha|[spread] p2a,p2b\n|-heal|p2a: Tyranitar|72/100\n|-heal|p2b: Sinistcha|83/100\n|move|p1a: Corviknight|Dual Wingbeat|p2b: Sinistcha\n|-supereffective|p2b: Sinistcha|1\n|-damage|p2b: Sinistcha|61/100\n|-supereffective|p2b: Sinistcha|1\n|-damage|p2b: Sinistcha|36/100\n|-hitcount|p2b: Sinistcha|2\n|\n|-weather|Sandstorm|[upkeep]\n|-damage|p2b: Sinistcha|30/100|[from] Sandstorm\n|-heal|p2b: Sinistcha|36/100|[from] item: Leftovers\n|upkeep\n|turn|8\n|\n|t:|1776496410\n|switch|p1b: Rotom|Rotom-Wash, L50|66/100\n|move|p2b: Sinistcha|Rage Powder|p2b: Sinistcha\n|-singleturn|p2b: Sinistcha|move: Rage Powder\n|move|p2a: Tyranitar|High Horsepower|p1b: Rotom\n|-immune|p1b: Rotom|[from] ability: Levitate\n|move|p1a: Corviknight|Body Press|p2b: Sinistcha\n|-immune|p2b: Sinistcha\n|\n|-weather|Sandstorm|[upkeep]\n|-damage|p1b: Rotom|59/100|[from] Sandstorm\n|-damage|p2b: Sinistcha|30/100|[from] Sandstorm\n|-heal|p2b: Sinistcha|36/100|[from] item: Leftovers\n|upkeep\n|turn|9\n|inactive|Lyph88 has 30 seconds left.\n|\n|t:|1776496443\n|switch|p2a: Rotom|Rotom-Wash, L50|45/100\n|move|p1b: Rotom|Volt Switch|p2b: Sinistcha\n|-resisted|p2b: Sinistcha|1\n|-damage|p2b: Sinistcha|20/100\n|\n|t:|1776496449\n|switch|p1b: Archaludon|Archaludon, L50, F|85/100 par|[from] Volt Switch\n|move|p2b: Sinistcha|Life Dew|p2b: Sinistcha|[spread] p2a,p2b\n|-heal|p2a: Rotom|70/100\n|-heal|p2b: Sinistcha|45/100\n|move|p1a: Corviknight|Dual Wingbeat|p2b: Sinistcha\n|-supereffective|p2b: Sinistcha|1\n|-damage|p2b: Sinistcha|21/100\n|-supereffective|p2b: Sinistcha|1\n|-damage|p2b: Sinistcha|0 fnt\n|faint|p2b: Sinistcha\n|-hitcount|p2: Sinistcha|2\n|\n|-weather|none\n|upkeep\n|\n|t:|1776496462\n|switch|p2b: Garchomp|Garchomp, L50, F|100/100\n|turn|10\n|\n|t:|1776496474\n|switch|p1a: Pelipper|Pelipper, L50, F|100/100\n|-weather|RainDance|[from] ability: Drizzle|[of] p1a: Pelipper\n|switch|p1b: Rotom|Rotom-Wash, L50|59/100\n|move|p2a: Rotom|Discharge|p1a: Pelipper|[spread] p1a,p1b\n|-immune|p2b: Garchomp\n|-supereffective|p1a: Pelipper|2\n|-enditem|p1a: Pelipper|Focus Sash\n|-damage|p1a: Pelipper|1/100\n|-damage|p1b: Rotom|24/100\n|move|p2b: Garchomp|Earthquake|p1b: Rotom|[spread] \n|-immune|p2a: Rotom|[from] ability: Levitate\n|-immune|p1a: Pelipper\n|-immune|p1b: Rotom|[from] ability: Levitate\n|\n|-weather|RainDance|[upkeep]\n|upkeep\n|turn|11\n|\n|t:|1776496494\n|switch|p1a: Archaludon|Archaludon, L50, F|85/100 par\n|move|p2a: Rotom|Discharge|p1a: Archaludon|[spread] p1a,p1b\n|-immune|p2b: Garchomp\n|-resisted|p1a: Archaludon|1\n|-damage|p1a: Archaludon|70/100 par\n|-damage|p1b: Rotom|0 fnt\n|-ability|p1a: Archaludon|Stamina|boost\n|-boost|p1a: Archaludon|def|1\n|faint|p1b: Rotom\n|move|p2b: Garchomp|Earthquake|p1a: Archaludon|[spread] p1a\n|-immune|p2a: Rotom|[from] ability: Levitate\n|-supereffective|p1a: Archaludon|1\n|-damage|p1a: Archaludon|30/100 par\n|-ability|p1a: Archaludon|Stamina|boost\n|-boost|p1a: Archaludon|def|1\n|\n|-weather|RainDance|[upkeep]\n|upkeep\n|\n|t:|1776496504\n|switch|p1b: Pelipper|Pelipper, L50, F|1/100\n|turn|12\n|\n|t:|1776496513\n|move|p1b: Pelipper|Protect|p1b: Pelipper\n|-singleturn|p1b: Pelipper|Protect\n|move|p2a: Rotom|Discharge|p1a: Archaludon|[spread] p1a\n|-activate|p1b: Pelipper|move: Protect\n|-immune|p2b: Garchomp\n|-resisted|p1a: Archaludon|1\n|-damage|p1a: Archaludon|14/100 par\n|-ability|p1a: Archaludon|Stamina|boost\n|-boost|p1a: Archaludon|def|1\n|move|p2b: Garchomp|Earthquake|p1a: Archaludon|[spread] p1a\n|-activate|p1b: Pelipper|move: Protect\n|-immune|p2a: Rotom|[from] ability: Levitate\n|-supereffective|p1a: Archaludon|1\n|-crit|p1a: Archaludon\n|-damage|p1a: Archaludon|0 fnt\n|faint|p1a: Archaludon\n|\n|-weather|RainDance|[upkeep]\n|upkeep\n|-message|jeffyang forfeited.\n|\n|win|Lyph88\n|raw|jeffyang's rating: 1382 &rarr; <strong>1358</strong><br />(-24 for losing)\n|raw|Lyph88's rating: 1307 &rarr; <strong>1331</strong><br />(+24 for winning)\n|l|\u2606jeffyang\n|player|p1|\n|c|\u2606Lyph88|what a game, WP\n",
  "uploadtime": 1776496547,
  "views": 39,
  "formatid": "gen9championsvgc2026regma",
  "rating": 1331,
  "private": 0,
  "password": null
}