{
  "id": "gen9championsvgc2026regma-2588205831",
  "format": "[Gen 9 Champions] VGC 2026 Reg M-A",
  "players": [
    "Loafofgodlybread",
    "lteg"
  ],
  "log": "|j|\u2606Loafofgodlybread\n|j|\u2606lteg\n|t:|1776614303\n|gametype|doubles\n|player|p1|Loafofgodlybread|grimsley|1108\n|player|p2|lteg|leon|1075\n|gen|9\n|tier|[Gen 9 Champions] VGC 2026 Reg M-A\n|rated|\n|rule|Species Clause: Limit one of each Pok\u00e9mon\n|rule|Item Clause: Limit 1 of each item\n|clearpoke\n|poke|p1|Gengar, L50, F|\n|poke|p1|Politoed, L50, M|\n|poke|p1|Archaludon, L50, F|\n|poke|p1|Palafin, L50, F|\n|poke|p1|Incineroar, L50, M|\n|poke|p1|Sinistcha, L50|\n|poke|p2|Kingambit, L50, F|\n|poke|p2|Aerodactyl, L50, M, shiny|\n|poke|p2|Rotom-Wash, L50|\n|poke|p2|Sneasler, L50, M|\n|poke|p2|Floette-Eternal, L50, F|\n|poke|p2|Sinistcha-Masterpiece, L50|\n|teampreview|4\n|inactive|Battle timer is ON: inactive players will automatically lose when time's up. (requested by lteg)\n|inactive|Loafofgodlybread has 60 seconds left.\n|\n|t:|1776614335\n|teamsize|p1|4\n|teamsize|p2|4\n|start\n|switch|p1a: Forklift|Archaludon, L50, F|100/100\n|switch|p1b: Mastermind|Palafin, L50, F|100/100\n|switch|p2a: Rotom|Rotom-Wash, L50|100/100\n|switch|p2b: Sneasler|Sneasler, L50, M|100/100\n|turn|1\n|\n|t:|1776614355\n|detailschange|p1b: Mastermind|Palafin-Hero, L50, F\n|switch|p1b: Sinistcha|Sinistcha, L50|100/100\n|move|p2b: Sneasler|Fake Out|p1a: Forklift\n|-resisted|p1a: Forklift|1\n|-damage|p1a: Forklift|95/100\n|-ability|p1a: Forklift|Stamina|boost\n|-boost|p1a: Forklift|def|1\n|move|p2a: Rotom|Volt Switch|p1b: Sinistcha\n|-resisted|p1b: Sinistcha|1\n|-damage|p1b: Sinistcha|76/100\n|\n|t:|1776614365\n|switch|p2a: Kingambit|Kingambit, L50, F|100/100|[from] Volt Switch\n|cant|p1a: Forklift|flinch\n|\n|upkeep\n|turn|2\n|\n|t:|1776614384\n|move|p2b: Sneasler|Close Combat|p1a: Forklift\n|-supereffective|p1a: Forklift|1\n|-damage|p1a: Forklift|37/100\n|-unboost|p2b: Sneasler|def|1\n|-unboost|p2b: Sneasler|spd|1\n|-ability|p1a: Forklift|Stamina|boost\n|-boost|p1a: Forklift|def|1\n|-enditem|p2b: Sneasler|White Herb\n|-clearnegativeboost|p2b: Sneasler|[silent]\n|move|p1a: Forklift|Dragon Pulse|p2b: Sneasler\n|-damage|p2b: Sneasler|33/100\n|move|p1b: Sinistcha|Matcha Gotcha|p2a: Kingambit|[spread] p2a,p2b\n|-resisted|p2a: Kingambit|1\n|-resisted|p2b: Sneasler|1\n|-damage|p2a: Kingambit|88/100\n|-heal|p1b: Sinistcha|83/100|[from] drain|[of] p2a: Kingambit\n|-damage|p2b: Sneasler|17/100\n|-heal|p1b: Sinistcha|90/100|[from] drain|[of] p2b: Sneasler\n|-status|p2a: Kingambit|brn\n|move|p2a: Kingambit|Kowtow Cleave|p1b: Sinistcha\n|-supereffective|p1b: Sinistcha|1\n|-enditem|p1b: Sinistcha|Colbur Berry|[eat]\n|-enditem|p1b: Sinistcha|Colbur Berry|[weaken]\n|-damage|p1b: Sinistcha|74/100\n|\n|-damage|p2a: Kingambit|82/100 brn|[from] brn\n|upkeep\n|turn|3\n|inactive|Loafofgodlybread has 30 seconds left.\n|inactive|Loafofgodlybread has 20 seconds left.\n|\n|t:|1776614422\n|move|p1a: Forklift|Protect|p1a: Forklift\n|-singleturn|p1a: Forklift|Protect\n|move|p2b: Sneasler|Close Combat|p1a: Forklift\n|-activate|p1a: Forklift|move: Protect\n|move|p1b: Sinistcha|Matcha Gotcha|p2a: Kingambit|[spread] p2a,p2b\n|-resisted|p2a: Kingambit|1\n|-resisted|p2b: Sneasler|1\n|-damage|p2a: Kingambit|70/100 brn\n|-heal|p1b: Sinistcha|80/100|[from] drain|[of] p2a: Kingambit\n|-damage|p2b: Sneasler|1/100\n|-heal|p1b: Sinistcha|87/100|[from] drain|[of] p2b: Sneasler\n|move|p2a: Kingambit|Kowtow Cleave|p1b: Sinistcha\n|-supereffective|p1b: Sinistcha|1\n|-damage|p1b: Sinistcha|53/100\n|\n|-damage|p2a: Kingambit|64/100 brn|[from] brn\n|upkeep\n|turn|4\n|inactive|Loafofgodlybread has 30 seconds left.\n|\n|t:|1776614454\n|move|p2a: Kingambit|Sucker Punch|p1b: Sinistcha\n|-supereffective|p1b: Sinistcha|1\n|-damage|p1b: Sinistcha|23/100\n|move|p2b: Sneasler|Close Combat|p1a: Forklift\n|-supereffective|p1a: Forklift|1\n|-damage|p1a: Forklift|0 fnt\n|-unboost|p2b: Sneasler|def|1\n|-unboost|p2b: Sneasler|spd|1\n|faint|p1a: Forklift\n|move|p1b: Sinistcha|Matcha Gotcha|p2a: Kingambit|[spread] p2a,p2b\n|-resisted|p2a: Kingambit|1\n|-resisted|p2b: Sneasler|1\n|-damage|p2a: Kingambit|52/100 brn\n|-heal|p1b: Sinistcha|30/100|[from] drain|[of] p2a: Kingambit\n|-damage|p2b: Sneasler|0 fnt\n|-heal|p1b: Sinistcha|30/100|[from] drain|[of] p2b: Sneasler\n|faint|p2b: Sneasler\n|\n|-damage|p2a: Kingambit|46/100 brn|[from] brn\n|upkeep\n|\n|t:|1776614477\n|switch|p2b: Floette|Floette-Eternal, L50, F|100/100\n|switch|p1a: Mastermind|Palafin-Hero, L50, F|100/100\n|-activate|p1a: Mastermind|ability: Zero to Hero\n|turn|5\n|\n|t:|1776614501\n|switch|p1b: Heart Stopper|Gengar, L50, F|100/100\n|detailschange|p2b: Floette|Floette-Mega, L50, F\n|-mega|p2b: Floette|Floette|Floettite\n|-ability|p2b: Floette|Fairy Aura\n|move|p2a: Kingambit|Sucker Punch||[still]\n|-fail|p2a: Kingambit\n|move|p2b: Floette|Dazzling Gleam|p1a: Mastermind|[spread] p1a,p1b\n|-resisted|p1b: Heart Stopper|1\n|-damage|p1a: Mastermind|56/100\n|-damage|p1b: Heart Stopper|68/100\n|-start|p2b: Floette|Disable|Dazzling Gleam|[from] ability: Cursed Body|[of] p1b: Heart Stopper\n|move|p1a: Mastermind|Wave Crash|p2a: Kingambit\n|-damage|p2a: Kingambit|0 fnt\n|faint|p2a: Kingambit\n|-damage|p1a: Mastermind|42/100|[from] Recoil\n|\n|upkeep\n|\n|t:|1776614514\n|switch|p2a: Rotom|Rotom-Wash, L50|100/100\n|turn|6\n|inactive|Loafofgodlybread has 30 seconds left.\n|\n|t:|1776614543\n|detailschange|p1b: Heart Stopper|Gengar-Mega, L50, F\n|-mega|p1b: Heart Stopper|Gengar|Gengarite\n|move|p2b: Floette|Protect|p2b: Floette\n|-singleturn|p2b: Floette|Protect\n|move|p1a: Mastermind|Protect|p1a: Mastermind\n|-singleturn|p1a: Mastermind|Protect\n|move|p1b: Heart Stopper|Perish Song|p1b: Heart Stopper\n|-start|p1a: Mastermind|perish3|[silent]\n|-start|p1b: Heart Stopper|perish3|[silent]\n|-start|p2a: Rotom|perish3|[silent]\n|-start|p2b: Floette|perish3|[silent]\n|-fieldactivate|move: Perish Song\n|move|p2a: Rotom|Shadow Ball|p1b: Heart Stopper\n|-supereffective|p1b: Heart Stopper|1\n|-damage|p1b: Heart Stopper|11/100\n|\n|-start|p1b: Heart Stopper|perish3\n|-start|p2b: Floette|perish3\n|-start|p1a: Mastermind|perish3\n|-start|p2a: Rotom|perish3\n|upkeep\n|turn|7\n|\n|t:|1776614565\n|switch|p1a: Sinistcha|Sinistcha, L50|30/100\n|-heal|p1b: Heart Stopper|35/100|[from] ability: Hospitality|[of] p1a: Sinistcha\n|move|p1b: Heart Stopper|Protect|p1b: Heart Stopper\n|-singleturn|p1b: Heart Stopper|Protect\n|move|p2b: Floette|Energy Ball|p1a: Sinistcha\n|-resisted|p1a: Sinistcha|1\n|-damage|p1a: Sinistcha|6/100\n|move|p2a: Rotom|Thunderbolt|p1b: Heart Stopper\n|-activate|p1b: Heart Stopper|move: Protect\n|\n|-start|p1b: Heart Stopper|perish2\n|-start|p2b: Floette|perish2\n|-start|p2a: Rotom|perish2\n|upkeep\n|turn|8\n|\n|t:|1776614589\n|move|p1a: Sinistcha|Protect|p1a: Sinistcha\n|-singleturn|p1a: Sinistcha|Protect\n|move|p1b: Heart Stopper|Disable|p2a: Rotom\n|-start|p2a: Rotom|Disable|Thunderbolt\n|move|p2b: Floette|Energy Ball|p1a: Sinistcha\n|-activate|p1a: Sinistcha|move: Protect\n|move|p2a: Rotom|Shadow Ball|p1b: Heart Stopper\n|-supereffective|p1b: Heart Stopper|1\n|-damage|p1b: Heart Stopper|0 fnt\n|faint|p1b: Heart Stopper\n|\n|-end|p2b: Floette|Disable\n|-start|p2b: Floette|perish1\n|-start|p2a: Rotom|perish1\n|upkeep\n|\n|t:|1776614601\n|switch|p1b: Mastermind|Palafin-Hero, L50, F|42/100\n|turn|9\n|-message|lteg forfeited.\n|\n|win|Loafofgodlybread\n|raw|Loafofgodlybread's rating: 1108 &rarr; <strong>1131</strong><br />(+23 for winning)\n|raw|lteg's rating: 1075 &rarr; <strong>1056</strong><br />(-19 for losing)\n|l|\u2606lteg\n|player|p2|\n",
  "uploadtime": 1776614611,
  "views": 13,
  "formatid": "gen9championsvgc2026regma",
  "rating": 1056,
  "private": 0,
  "password": null
}