{
  "id": "gen9championsvgc2026regma-2587504642",
  "format": "[Gen 9 Champions] VGC 2026 Reg M-A",
  "players": [
    "WonJaeLeeBaby",
    "lolgz"
  ],
  "log": "|j|\u2606WonJaeLeeBaby\n|j|\u2606lolgz\n|t:|1776537476\n|gametype|doubles\n|player|p1|WonJaeLeeBaby|steven|\n|player|p2|lolgz|dawn|\n|gen|9\n|tier|[Gen 9 Champions] VGC 2026 Reg M-A\n|rated|Tournament battle\n|rule|Species Clause: Limit one of each Pok\u00e9mon\n|rule|Item Clause: Limit 1 of each item\n|raw|<div class=\"infobox\"><details class=\"readmore\" open><summary><strong>1 custom rule:</strong></summary> Force Open Team Sheets</details></div>\n|clearpoke\n|poke|p1|Charizard, L50, M|\n|poke|p1|Venusaur, L50, F|\n|poke|p1|Garchomp, L50, M|\n|poke|p1|Reuniclus, L50, F, shiny|\n|poke|p1|Raichu, L50, M|\n|poke|p1|Kingambit, L50, M, shiny|\n|poke|p2|Charizard, L50, F|\n|poke|p2|Basculegion, L50, M|\n|poke|p2|Garchomp, L50, M|\n|poke|p2|Floette-Eternal, L50, F|\n|poke|p2|Aerodactyl, L50, F|\n|poke|p2|Sinistcha, L50|\n|teampreview|4\n|showteam|p1|Charizard||CharizarditeY|SolarPower|WeatherBall,HeatWave,SolarBeam,Protect|||M|||50|]Venusaur||Leftovers|Chlorophyll|SludgeBomb,SleepPowder,LeafStorm,Protect|||F|||50|]Garchomp||ChoiceScarf|RoughSkin|StompingTantrum,Earthquake,DragonClaw,RockSlide|||M|||50|]Reuniclus||MentalHerb|Overcoat|PsychicNoise,FocusBlast,TrickRoom,AllySwitch|||F|||50|]Raichu||FocusSash|LightningRod|Thunderbolt,Encore,Nuzzle,FakeOut|||M|||50|]Kingambit||SitrusBerry|Defiant|KowtowCleave,IronHead,Protect,SuckerPunch|||M|||50|\n|showteam|p2|Charizard||CharizarditeY|SolarPower|AirSlash,HeatWave,SolarBeam,Protect|||F|||50|]Basculegion||ChoiceScarf|Adaptability|WaveCrash,AquaJet,LastRespects,FlipTurn|||M|||50|]Garchomp||WhiteHerb|RoughSkin|Earthquake,DragonClaw,StompingTantrum,Protect|||M|||50|]Floette-Eternal||Floettite|FlowerVeil|DazzlingGleam,LightofRuin,Moonblast,Protect|||F|||50|]Aerodactyl||FocusSash|Unnerve|RockSlide,DualWingbeat,Protect,Tailwind|||F|||50|]Sinistcha||SitrusBerry|Hospitality|ShadowBall,MatchaGotcha,TrickRoom,RagePowder||||||50|\n|\n|t:|1776537494\n|teamsize|p1|4\n|teamsize|p2|4\n|start\n|switch|p1a: Charizard|Charizard, L50, M|100/100\n|switch|p1b: Venusaur|Venusaur, L50, F|100/100\n|switch|p2a: Aerodactyl|Aerodactyl, L50, F|100/100\n|switch|p2b: Garchomp|Garchomp, L50, M|100/100\n|-ability|p2a: Aerodactyl|Unnerve\n|turn|1\n|\n|t:|1776537528\n|detailschange|p1a: Charizard|Charizard-Mega-Y, L50, M\n|-mega|p1a: Charizard|Charizard|Charizardite Y\n|-weather|SunnyDay|[from] ability: Drought|[of] p1a: Charizard\n|move|p1b: Venusaur|Sleep Powder|p2a: Aerodactyl\n|-status|p2a: Aerodactyl|slp|[from] move: Sleep Powder\n|cant|p2a: Aerodactyl|slp\n|move|p2b: Garchomp|Dragon Claw|p1b: Venusaur\n|-damage|p1b: Venusaur|51/100\n|move|p1a: Charizard|Heat Wave|p2b: Garchomp|[spread] p2a,p2b\n|-resisted|p2a: Aerodactyl|1\n|-resisted|p2b: Garchomp|1\n|-damage|p2a: Aerodactyl|55/100 slp\n|-damage|p2b: Garchomp|70/100\n|\n|-weather|SunnyDay|[upkeep]\n|-heal|p1b: Venusaur|57/100|[from] item: Leftovers\n|upkeep\n|turn|2\n|\n|t:|1776537544\n|move|p1b: Venusaur|Leaf Storm|p2a: Aerodactyl|[miss]\n|-miss|p1b: Venusaur|p2a: Aerodactyl\n|cant|p2a: Aerodactyl|slp\n|move|p2b: Garchomp|Dragon Claw|p1b: Venusaur\n|-damage|p1b: Venusaur|11/100\n|move|p1a: Charizard|Solar Beam||[still]\n|-prepare|p1a: Charizard|Solar Beam\n|-anim|p1a: Charizard|Solar Beam|p2b: Garchomp\n|-damage|p2b: Garchomp|22/100\n|\n|-weather|SunnyDay|[upkeep]\n|-heal|p1b: Venusaur|17/100|[from] item: Leftovers\n|upkeep\n|turn|3\n|\n|t:|1776537566\n|-curestatus|p2a: Aerodactyl|slp|[msg]\n|move|p2a: Aerodactyl|Protect|p2a: Aerodactyl\n|-singleturn|p2a: Aerodactyl|Protect\n|move|p1b: Venusaur|Leaf Storm|p2b: Garchomp\n|-damage|p2b: Garchomp|0 fnt\n|-unboost|p1b: Venusaur|spa|2\n|faint|p2b: Garchomp\n|move|p1a: Charizard|Solar Beam||[still]\n|-prepare|p1a: Charizard|Solar Beam\n|-anim|p1a: Charizard|Solar Beam|p2a: Aerodactyl\n|-activate|p2a: Aerodactyl|move: Protect\n|\n|-weather|SunnyDay|[upkeep]\n|-heal|p1b: Venusaur|23/100|[from] item: Leftovers\n|upkeep\n|\n|t:|1776537576\n|switch|p2b: Charizard|Charizard, L50, F|100/100\n|turn|4\n|\n|t:|1776537586\n|switch|p2a: Sinistcha|Sinistcha, L50|100/100\n|detailschange|p2b: Charizard|Charizard-Mega-Y, L50, F\n|-mega|p2b: Charizard|Charizard|Charizardite Y\n|move|p1b: Venusaur|Sleep Powder|p2a: Sinistcha\n|-immune|p2a: Sinistcha\n|move|p1a: Charizard|Heat Wave|p2a: Sinistcha|[spread] p2a,p2b\n|-supereffective|p2a: Sinistcha|1\n|-resisted|p2b: Charizard|1\n|-damage|p2a: Sinistcha|0 fnt\n|-damage|p2b: Charizard|69/100\n|faint|p2a: Sinistcha\n|move|p2b: Charizard|Heat Wave|p1b: Venusaur|[spread] p1a,p1b\n|-resisted|p1a: Charizard|1\n|-supereffective|p1b: Venusaur|1\n|-damage|p1a: Charizard|71/100\n|-damage|p1b: Venusaur|0 fnt\n|faint|p1b: Venusaur\n|\n|-weather|SunnyDay|[upkeep]\n|upkeep\n|\n|t:|1776537594\n|switch|p1b: Garchomp|Garchomp, L50, M|100/100\n|switch|p2a: Aerodactyl|Aerodactyl, L50, F|55/100\n|-ability|p2a: Aerodactyl|Unnerve\n|turn|5\n|\n|t:|1776537606\n|move|p2b: Charizard|Protect|p2b: Charizard\n|-singleturn|p2b: Charizard|Protect\n|move|p1b: Garchomp|Dragon Claw|p2a: Aerodactyl\n|-damage|p2a: Aerodactyl|0 fnt\n|faint|p2a: Aerodactyl\n|move|p1a: Charizard|Heat Wave|p2b: Charizard\n|-activate|p2b: Charizard|move: Protect\n|\n|-weather|none\n|upkeep\n|turn|6\n|-message|lolgz forfeited.\n|\n|win|WonJaeLeeBaby\n|n|\u2606WonJaeLeeBaby|wonjaeleebaby\n|n|\u2606lolgz|lolgz\n",
  "uploadtime": 1776537614,
  "views": 10,
  "formatid": "gen9championsvgc2026regma",
  "rating": null,
  "private": 0,
  "password": null
}