{
  "id": "gen9championsvgc2026regma-2583223428",
  "format": "[Gen 9 Champions] VGC 2026 Reg M-A",
  "players": [
    "k3ksmann",
    "AlmondsVGC"
  ],
  "log": "|j|\u2606k3ksmann\n|j|\u2606AlmondsVGC\n|html|<table width=\"100%\"><tr><td align=\"left\">k3ksmann</td><td align=\"right\">AlmondsVGC</tr><tr><td align=\"left\"><i class=\"fa fa-circle\"></i> <i class=\"fa fa-circle-o\"></i> </td><td align=\"right\"><i class=\"fa fa-circle-o\"></i> <i class=\"fa fa-circle\"></i> </tr></table>\n|uhtml|bestof|<h2><strong>Game 3</strong> of <a href=\"/game-bestof3-gen9championsvgc2026regma-2583217216\">a best-of-3</a></h2>\n|t:|1776156565\n|gametype|doubles\n|player|p1|k3ksmann|whitney|\n|player|p2|AlmondsVGC|1|\n|gen|9\n|tier|[Gen 9 Champions] VGC 2026 Reg M-A\n|rule|Species Clause: Limit one of each Pok\u00e9mon\n|rule|Item Clause: Limit 1 of each item\n|raw|<div class=\"infobox\"><details class=\"readmore\" open><summary><strong>1 custom rule:</strong></summary> Best of = 3</details></div>\n|clearpoke\n|poke|p1|Delphox, L50, F|\n|poke|p1|Tinkaton, L50, F|\n|poke|p1|Araquanid, L50, F|\n|poke|p1|Garchomp, L50, F|\n|poke|p1|Aerodactyl, L50, F|\n|poke|p1|Pangoro, L50, M|\n|poke|p2|Gengar, L50, F|\n|poke|p2|Hydreigon, L50, M|\n|poke|p2|Primarina, L50, F|\n|poke|p2|Incineroar, L50, M|\n|poke|p2|Snorlax, L50, M|\n|poke|p2|Farigiraf, L50, M|\n|teampreview|4\nAlmondsVGC rejected open team sheets.\n|c|\u2606AlmondsVGC|glhf\n|\n|t:|1776156674\n|teamsize|p1|4\n|teamsize|p2|4\n|start\n|switch|p1a: Pangoro|Pangoro, L50, M|100/100\n|switch|p1b: Araquanid|Araquanid, L50, F|100/100\n|switch|p2a: Gengar|Gengar, L50, F|100/100\n|switch|p2b: Primarina|Primarina, L50, F|100/100\n|turn|1\n|\n|t:|1776156702\n|switch|p2b: Incineroar|Incineroar, L50, M|100/100\n|-ability|p2b: Incineroar|Intimidate|boost\n|-fail|p1a: Pangoro|unboost|Attack|[from] ability: Scrappy|[of] p1a: Pangoro\n|-unboost|p1b: Araquanid|atk|1\n|detailschange|p2a: Gengar|Gengar-Mega, L50, F\n|-mega|p2a: Gengar|Gengar|Gengarite\n|move|p2a: Gengar|Protect|p2a: Gengar\n|-singleturn|p2a: Gengar|Protect\n|move|p1a: Pangoro|Gunk Shot|p2b: Incineroar\n|-damage|p2b: Incineroar|69/100\n|-status|p2b: Incineroar|psn\n|move|p1b: Araquanid|Liquidation|p2b: Incineroar\n|-supereffective|p2b: Incineroar|1\n|-damage|p2b: Incineroar|0 fnt\n|faint|p2b: Incineroar\n|\n|upkeep\n|\n|t:|1776156716\n|switch|p2b: Primarina|Primarina, L50, F|100/100\n|turn|2\n|\n|t:|1776156740\n|move|p2b: Primarina|Protect|p2b: Primarina\n|-singleturn|p2b: Primarina|Protect\n|move|p2a: Gengar|Will-O-Wisp|p1a: Pangoro\n|-status|p1a: Pangoro|brn\n|move|p1a: Pangoro|Gunk Shot|p2b: Primarina\n|-activate|p2b: Primarina|move: Protect\n|move|p1b: Araquanid|Liquidation|p2a: Gengar\n|-crit|p2a: Gengar\n|-damage|p2a: Gengar|0 fnt\n|faint|p2a: Gengar\n|\n|-damage|p1a: Pangoro|95/100 brn|[from] brn\n|upkeep\n|\n|t:|1776156746\n|switch|p2a: Hydreigon|Hydreigon, L50, M|100/100\n|turn|3\n|\n|t:|1776156762\n|move|p2a: Hydreigon|Dark Pulse|p1b: Araquanid\n|-damage|p1b: Araquanid|68/100\n|move|p1a: Pangoro|Gunk Shot|p2b: Primarina\n|-supereffective|p2b: Primarina|1\n|-damage|p2b: Primarina|56/100\n|-status|p2b: Primarina|psn\n|move|p2b: Primarina|Moonblast|p1a: Pangoro\n|-supereffective|p1a: Pangoro|2\n|-damage|p1a: Pangoro|0 fnt\n|faint|p1a: Pangoro\n|move|p1b: Araquanid|Lunge|p2a: Hydreigon\n|-supereffective|p2a: Hydreigon|1\n|-damage|p2a: Hydreigon|53/100\n|-unboost|p2a: Hydreigon|atk|1\n|\n|-damage|p2b: Primarina|43/100 psn|[from] psn\n|upkeep\n|\n|t:|1776156775\n|switch|p1a: Tinkaton|Tinkaton, L50, F|100/100\n|-ability|p1a: Tinkaton|Mold Breaker\n|turn|4\n|\n|t:|1776156788\n|move|p2a: Hydreigon|Dark Pulse|p1b: Araquanid\n|-damage|p1b: Araquanid|34/100\n|move|p1a: Tinkaton|Play Rough|p2a: Hydreigon\n|-supereffective|p2a: Hydreigon|2\n|-damage|p2a: Hydreigon|0 fnt\n|faint|p2a: Hydreigon\n|move|p2b: Primarina|Hyper Voice|p1a: Tinkaton|[spread] p1a,p1b\n|-resisted|p1b: Araquanid|1\n|-damage|p1a: Tinkaton|56/100\n|-damage|p1b: Araquanid|17/100\n|cant|p1b: Araquanid|flinch\n|\n|-damage|p2b: Primarina|31/100 psn|[from] psn\n|upkeep\n|turn|5\n|\n|t:|1776156795\n|move|p1a: Tinkaton|Gigaton Hammer|p2b: Primarina\n|-damage|p2b: Primarina|0 fnt\n|faint|p2b: Primarina\n|\n|win|k3ksmann\n|c|\u2606AlmondsVGC|ggs\n|c|\u2606k3ksmann|ggs\n",
  "uploadtime": 1776156806,
  "views": 53,
  "formatid": "gen9championsvgc2026regma",
  "rating": null,
  "private": 0,
  "password": null
}