{
  "id": "gen9championsvgc2026regma-2581868610",
  "format": "[Gen 9 Champions] VGC 2026 Reg M-A",
  "players": [
    "suzuxsuzu",
    "alphagaz"
  ],
  "log": "|j|\u2606suzuxsuzu\n|j|\u2606alphagaz\n|t:|1776035192\n|gametype|doubles\n|player|p1|suzuxsuzu|1|1075\n|player|p2|alphagaz|veteran|1094\n|gen|9\n|tier|[Gen 9 Champions] VGC 2026 Reg M-A\n|rated|\n|rule|Species Clause: Limit one of each Pok\u00e9mon\n|rule|Item Clause: Limit 1 of each item\n|clearpoke\n|poke|p1|Tyranitar, L50, M|\n|poke|p1|Garchomp, L50, M|\n|poke|p1|Aerodactyl, L50, F|\n|poke|p1|Orthworm, L50, F|\n|poke|p1|Alakazam, L50, M|\n|poke|p1|Goodra-Hisui, L50, F|\n|poke|p2|Incineroar, L50, F|\n|poke|p2|Kingambit, L50, M|\n|poke|p2|Golurk, L50|\n|poke|p2|Sneasler, L50, M|\n|poke|p2|Tyranitar, L50, F|\n|poke|p2|Farigiraf, L50, M|\n|teampreview|4\n|inactive|Battle timer is ON: inactive players will automatically lose when time's up. (requested by suzuxsuzu)\n|inactive|alphagaz has 60 seconds left.\n|\n|t:|1776035254\n|teamsize|p1|4\n|teamsize|p2|4\n|start\n|switch|p1a: Tyranitar|Tyranitar, L50, M|100/100\n|switch|p1b: Aerodactyl|Aerodactyl, L50, F|100/100\n|switch|p2a: Farigiraf|Farigiraf, L50, M|100/100\n|switch|p2b: Incineroar|Incineroar, L50, F|100/100\n|-ability|p1b: Aerodactyl|Unnerve\n|-weather|Sandstorm|[from] ability: Sand Stream|[of] p1a: Tyranitar\n|-ability|p2b: Incineroar|Intimidate|boost\n|-unboost|p1a: Tyranitar|atk|1\n|-unboost|p1b: Aerodactyl|atk|1\n|turn|1\n|\n|t:|1776035269\n|move|p1b: Aerodactyl|Protect|p1b: Aerodactyl\n|-singleturn|p1b: Aerodactyl|Protect\n|move|p2b: Incineroar|Fake Out|p1a: Tyranitar\n|-resisted|p1a: Tyranitar|1\n|-damage|p1a: Tyranitar|95/100\n|cant|p1a: Tyranitar|flinch\n|move|p2a: Farigiraf|Trick Room|p2a: Farigiraf\n|-fieldstart|move: Trick Room|[of] p2a: Farigiraf\n|\n|-weather|Sandstorm|[upkeep]\n|-damage|p2b: Incineroar|95/100|[from] Sandstorm\n|-damage|p2a: Farigiraf|94/100|[from] Sandstorm\n|upkeep\n|turn|2\n|\n|t:|1776035296\n|move|p2b: Incineroar|Parting Shot|p1b: Aerodactyl\n|-unboost|p1b: Aerodactyl|atk|1\n|-unboost|p1b: Aerodactyl|spa|1\n|\n|t:|1776035308\n|switch|p2b: Golurk|Golurk, L50, shiny|100/100|[from] Parting Shot\n|move|p2a: Farigiraf|Dazzling Gleam|p1b: Aerodactyl|[spread] p1a,p1b\n|-supereffective|p1a: Tyranitar|1\n|-damage|p1a: Tyranitar|70/100\n|-damage|p1b: Aerodactyl|81/100\n|move|p1a: Tyranitar|Earthquake|p2a: Farigiraf|[spread] p2a,p2b\n|-immune|p1b: Aerodactyl\n|-damage|p2a: Farigiraf|74/100\n|-damage|p2b: Golurk|81/100\n|move|p1b: Aerodactyl|Rock Slide|p2a: Farigiraf|[spread] p2a,p2b\n|-resisted|p2b: Golurk|1\n|-damage|p2a: Farigiraf|61/100\n|-damage|p2b: Golurk|74/100\n|\n|-weather|Sandstorm|[upkeep]\n|-damage|p2a: Farigiraf|55/100|[from] Sandstorm\n|upkeep\n|turn|3\n|inactive|suzuxsuzu has 30 seconds left.\n|\n|t:|1776035340\n|detailschange|p2b: Golurk|Golurk-Mega, L50, shiny\n|-mega|p2b: Golurk|Golurk|Golurkite\n|move|p2b: Golurk|Drain Punch|p1a: Tyranitar\n|-supereffective|p1a: Tyranitar|2\n|-damage|p1a: Tyranitar|0 fnt\n|-heal|p2b: Golurk|100/100|[from] drain|[of] p1a: Tyranitar\n|faint|p1a: Tyranitar\n|move|p2a: Farigiraf|Dazzling Gleam|p1b: Aerodactyl\n|-damage|p1b: Aerodactyl|55/100\n|move|p1b: Aerodactyl|Dual Wingbeat|p2b: Golurk\n|-damage|p2b: Golurk|92/100\n|-damage|p2b: Golurk|83/100\n|-hitcount|p2b: Golurk|2\n|\n|-weather|Sandstorm|[upkeep]\n|-damage|p2a: Farigiraf|49/100|[from] Sandstorm\n|upkeep\n|\n|t:|1776035350\n|switch|p1a: Garchomp|Garchomp, L50, M|100/100\n|turn|4\n|\n|t:|1776035373\n|switch|p2a: Tyranitar|Tyranitar, L50, F, shiny|100/100\n|detailschange|p1a: Garchomp|Garchomp-Mega, L50, M\n|-mega|p1a: Garchomp|Garchomp|Garchompite\n|move|p1b: Aerodactyl|Protect|p1b: Aerodactyl\n|-singleturn|p1b: Aerodactyl|Protect\n|move|p2b: Golurk|Poltergeist|p1a: Garchomp\n|-activate|p1a: Garchomp|move: Poltergeist|Garchompite\n|-damage|p1a: Garchomp|40/100\n|move|p1a: Garchomp|Swords Dance|p1a: Garchomp\n|-boost|p1a: Garchomp|atk|2\n|\n|-weather|Sandstorm|[upkeep]\n|upkeep\n|turn|5\n|\n|t:|1776035390\n|move|p2b: Golurk|Poltergeist|p1a: Garchomp|[miss]\n|-miss|p2b: Golurk|p1a: Garchomp\n|move|p2a: Tyranitar|Ice Punch|p1b: Aerodactyl\n|-supereffective|p1b: Aerodactyl|1\n|-damage|p1b: Aerodactyl|0 fnt\n|faint|p1b: Aerodactyl\n|move|p1a: Garchomp|Earthquake|p2a: Tyranitar|[spread] p2a,p2b\n|-supereffective|p2a: Tyranitar|1\n|-damage|p2a: Tyranitar|0 fnt\n|-damage|p2b: Golurk|0 fnt\n|faint|p2a: Tyranitar\n|faint|p2b: Golurk\n|\n|-weather|none\n|-fieldend|move: Trick Room\n|upkeep\n|\n|t:|1776035403\n|switch|p1b: Goodra|Goodra-Hisui, L50, F|100/100\n|switch|p2a: Incineroar|Incineroar, L50, F|95/100\n|switch|p2b: Farigiraf|Farigiraf, L50, M|49/100\n|-enditem|p2b: Farigiraf|Sitrus Berry|[eat]\n|-heal|p2b: Farigiraf|73/100|[from] item: Sitrus Berry\n|-ability|p2a: Incineroar|Intimidate|boost\n|-unboost|p1a: Garchomp|atk|1\n|-unboost|p1b: Goodra|atk|1\n|turn|6\n|\n|t:|1776035428\n|move|p2a: Incineroar|Fake Out|p1a: Garchomp\n|-damage|p1a: Garchomp|29/100\n|cant|p1a: Garchomp|flinch\n|move|p1b: Goodra|Flash Cannon|p2b: Farigiraf\n|-damage|p2b: Farigiraf|29/100\n|move|p2b: Farigiraf|Trick Room|p2b: Farigiraf\n|-fieldstart|move: Trick Room|[of] p2b: Farigiraf\n|\n|upkeep\n|turn|7\n|\n|t:|1776035449\n|move|p2b: Farigiraf|Dazzling Gleam|p1b: Goodra|[spread] p1a,p1b\n|-supereffective|p1a: Garchomp|1\n|-damage|p1a: Garchomp|0 fnt\n|-damage|p1b: Goodra|86/100\n|faint|p1a: Garchomp\n|move|p1b: Goodra|Draco Meteor|p2a: Incineroar\n|-damage|p2a: Incineroar|22/100\n|-unboost|p1b: Goodra|spa|2\n|move|p2a: Incineroar|Flare Blitz|p1b: Goodra\n|-damage|p1b: Goodra|10/100\n|-damage|p2a: Incineroar|0 fnt|[from] Recoil\n|faint|p2a: Incineroar\n|\n|-heal|p1b: Goodra|16/100|[from] item: Leftovers\n|upkeep\n|turn|8\n|\n|t:|1776035468\n|move|p1b: Goodra|Protect|p1b: Goodra\n|-singleturn|p1b: Goodra|Protect\n|move|p2b: Farigiraf|Dazzling Gleam|p1b: Goodra\n|-activate|p1b: Goodra|move: Protect\n|\n|-heal|p1b: Goodra|22/100|[from] item: Leftovers\n|upkeep\n|turn|9\n|\n|t:|1776035480\n|move|p2b: Farigiraf|Dazzling Gleam|p1b: Goodra\n|-damage|p1b: Goodra|1/100\n|move|p1b: Goodra|Draco Meteor|p2b: Farigiraf\n|-damage|p2b: Farigiraf|0 fnt\n|-unboost|p1b: Goodra|spa|2\n|faint|p2b: Farigiraf\n|\n|win|suzuxsuzu\n|raw|suzuxsuzu's rating: 1075 &rarr; <strong>1105</strong><br />(+30 for winning)\n|raw|alphagaz's rating: 1094 &rarr; <strong>1069</strong><br />(-25 for losing)\n|c|\u2606alphagaz|gg\n|c|\u2606suzuxsuzu|gg\n|l|\u2606alphagaz\n|player|p2|\n",
  "uploadtime": 1776035493,
  "views": 11,
  "formatid": "gen9championsvgc2026regma",
  "rating": 1069,
  "private": 0,
  "password": null
}