{
  "id": "gen9championsvgc2026regma-2584429872",
  "format": "[Gen 9 Champions] VGC 2026 Reg M-A",
  "players": [
    "rhan2687",
    "TurnAGaming"
  ],
  "log": "|j|\u2606rhan2687\n|j|\u2606TurnAGaming\n|t:|1776260295\n|gametype|doubles\n|player|p1|rhan2687|265|1398\n|player|p2|TurnAGaming|lucas|1502\n|gen|9\n|tier|[Gen 9 Champions] VGC 2026 Reg M-A\n|rated|\n|rule|Species Clause: Limit one of each Pok\u00e9mon\n|rule|Item Clause: Limit 1 of each item\n|clearpoke\n|poke|p1|Sinistcha, L50|\n|poke|p1|Aerodactyl, L50, M|\n|poke|p1|Scovillain, L50, M|\n|poke|p1|Sneasler, L50, F|\n|poke|p1|Vanilluxe, L50, M|\n|poke|p1|Primarina, L50, F|\n|poke|p2|Tyranitar, L50, F|\n|poke|p2|Rotom-Wash, L50|\n|poke|p2|Scovillain, L50, F|\n|poke|p2|Sylveon, L50, F|\n|poke|p2|Aegislash, L50, F|\n|poke|p2|Dragonite, L50, F|\n|teampreview|4\n|\n|t:|1776260353\n|teamsize|p1|4\n|teamsize|p2|4\n|start\n|switch|p1a: Primarina|Primarina, L50, F|100/100\n|switch|p1b: Scovillain|Scovillain, L50, M|100/100\n|switch|p2a: Rotom|Rotom-Wash, L50|100/100\n|switch|p2b: Tyranitar|Tyranitar, L50, F|100/100\n|-weather|Sandstorm|[from] ability: Sand Stream|[of] p2b: Tyranitar\n|turn|1\n|\n|t:|1776260373\n|detailschange|p2b: Tyranitar|Tyranitar-Mega, L50, F\n|-mega|p2b: Tyranitar|Tyranitar|Tyranitarite\n|detailschange|p1b: Scovillain|Scovillain-Mega, L50, M\n|-mega|p1b: Scovillain|Scovillain|Scovillainite\n|move|p2a: Rotom|Volt Switch|p1a: Primarina\n|-supereffective|p1a: Primarina|1\n|-damage|p1a: Primarina|42/100\n|\n|t:|1776260381\n|switch|p2a: Scovillain|Scovillain, L50, F|100/100|[from] Volt Switch\n|move|p2b: Tyranitar|Dragon Dance|p2b: Tyranitar\n|-boost|p2b: Tyranitar|atk|1\n|-boost|p2b: Tyranitar|spe|1\n|move|p1b: Scovillain|Leech Seed|p2a: Scovillain\n|-immune|p2a: Scovillain\n|move|p1a: Primarina|Calm Mind|p1a: Primarina\n|-boost|p1a: Primarina|spa|1\n|-boost|p1a: Primarina|spd|1\n|\n|-weather|Sandstorm|[upkeep]\n|-damage|p2a: Scovillain|95/100|[from] Sandstorm\n|-damage|p1b: Scovillain|95/100|[from] Sandstorm\n|-damage|p1a: Primarina|36/100|[from] Sandstorm\n|-heal|p1a: Primarina|42/100|[from] item: Leftovers\n|-ability|p2a: Scovillain|Moody|boost\n|-boost|p2a: Scovillain|spd|2\n|-unboost|p2a: Scovillain|spa|1\n|upkeep\n|turn|2\n|\n|t:|1776260401\n|move|p1a: Primarina|Protect|p1a: Primarina\n|-singleturn|p1a: Primarina|Protect\n|move|p2b: Tyranitar|Rock Slide|p1a: Primarina|[spread] p1b\n|-activate|p1a: Primarina|move: Protect\n|-supereffective|p1b: Scovillain|1\n|-damage|p1b: Scovillain|0 fnt\n|-status|p2b: Tyranitar|brn|[from] ability: Spicy Spray|[of] p1b: Scovillain\n|faint|p1b: Scovillain\n|move|p2a: Scovillain|Giga Drain|p1a: Primarina\n|-activate|p1a: Primarina|move: Protect\n|\n|-weather|Sandstorm|[upkeep]\n|-damage|p2a: Scovillain|89/100|[from] Sandstorm\n|-damage|p1a: Primarina|36/100|[from] Sandstorm\n|-heal|p1a: Primarina|42/100|[from] item: Leftovers\n|-damage|p2b: Tyranitar|95/100 brn|[from] brn\n|-ability|p2a: Scovillain|Moody|boost\n|-boost|p2a: Scovillain|spa|2\n|-unboost|p2a: Scovillain|spd|1\n|upkeep\n|\n|t:|1776260418\n|switch|p1b: Vanilluxe|Vanilluxe, L50, M|100/100\n|-weather|Snowscape|[from] ability: Snow Warning|[of] p1b: Vanilluxe\n|turn|3\n|\n|t:|1776260431\n|move|p2b: Tyranitar|Rock Slide|p1b: Vanilluxe|[spread] p1a,p1b\n|-crit|p1a: Primarina\n|-supereffective|p1b: Vanilluxe|1\n|-damage|p1a: Primarina|7/100\n|-damage|p1b: Vanilluxe|53/100\n|move|p1b: Vanilluxe|Aurora Veil|p1b: Vanilluxe\n|-sidestart|p1: rhan2687|move: Aurora Veil\n|move|p2a: Scovillain|Giga Drain|p1a: Primarina\n|-supereffective|p1a: Primarina|1\n|-damage|p1a: Primarina|0 fnt\n|-heal|p2a: Scovillain|92/100|[from] drain|[of] p1a: Primarina\n|faint|p1a: Primarina\n|\n|-weather|Snowscape|[upkeep]\n|-damage|p2b: Tyranitar|89/100 brn|[from] brn\n|-ability|p2a: Scovillain|Moody|boost\n|-boost|p2a: Scovillain|spa|2\n|-unboost|p2a: Scovillain|spe|1\n|upkeep\n|\n|t:|1776260444\n|switch|p1a: Sneasler|Sneasler, L50, F|100/100\n|turn|4\n|\n|t:|1776260451\n|move|p2b: Tyranitar|Protect|p2b: Tyranitar\n|-singleturn|p2b: Tyranitar|Protect\n|move|p2a: Scovillain|Protect|p2a: Scovillain\n|-singleturn|p2a: Scovillain|Protect\n|move|p1a: Sneasler|Close Combat|p2b: Tyranitar\n|-activate|p2b: Tyranitar|move: Protect\n|move|p1b: Vanilluxe|Blizzard|p2b: Tyranitar|[spread] \n|-activate|p2a: Scovillain|move: Protect\n|-activate|p2b: Tyranitar|move: Protect\n|\n|-weather|Snowscape|[upkeep]\n|-damage|p2b: Tyranitar|83/100 brn|[from] brn\n|-ability|p2a: Scovillain|Moody|boost\n|-boost|p2a: Scovillain|atk|2\n|-unboost|p2a: Scovillain|spa|1\n|upkeep\n|turn|5\n|\n|t:|1776260468\n|move|p1a: Sneasler|Close Combat|p2b: Tyranitar\n|-supereffective|p2b: Tyranitar|2\n|-damage|p2b: Tyranitar|0 fnt\n|-unboost|p1a: Sneasler|def|1\n|-unboost|p1a: Sneasler|spd|1\n|faint|p2b: Tyranitar\n|-enditem|p1a: Sneasler|White Herb\n|-clearnegativeboost|p1a: Sneasler|[silent]\n|move|p1b: Vanilluxe|Blizzard|p2a: Scovillain\n|-damage|p2a: Scovillain|50/100\n|move|p2a: Scovillain|Flamethrower|p1b: Vanilluxe\n|-supereffective|p1b: Vanilluxe|1\n|-damage|p1b: Vanilluxe|0 fnt\n|faint|p1b: Vanilluxe\n|\n|-weather|Snowscape|[upkeep]\n|-ability|p2a: Scovillain|Moody|boost\n|-boost|p2a: Scovillain|spa|2\n|-unboost|p2a: Scovillain|spd|1\n|upkeep\n|\n|t:|1776260471\n|switch|p2b: Aegislash|Aegislash, L50, F|100/100\n|turn|6\n|-message|rhan2687 forfeited.\n|\n|win|TurnAGaming\n|raw|rhan2687's rating: 1398 &rarr; <strong>1384</strong><br />(-14 for losing)\n|raw|TurnAGaming's rating: 1502 &rarr; <strong>1516</strong><br />(+14 for winning)\n|l|\u2606rhan2687\n|player|p1|\n",
  "uploadtime": 1776260494,
  "views": 33,
  "formatid": "gen9championsvgc2026regma",
  "rating": 1384,
  "private": 0,
  "password": null
}