{
  "id": "gen9championsvgc2026regma-2582073105",
  "format": "[Gen 9 Champions] VGC 2026 Reg M-A",
  "players": [
    "TheVGChef",
    "stayinawake"
  ],
  "log": "|j|\u2606TheVGChef\n|j|\u2606stayinawake\n|t:|1776054538\n|gametype|doubles\n|player|p1|TheVGChef|169|1200\n|player|p2|stayinawake|170|1145\n|gen|9\n|tier|[Gen 9 Champions] VGC 2026 Reg M-A\n|rated|\n|rule|Species Clause: Limit one of each Pok\u00e9mon\n|rule|Item Clause: Limit 1 of each item\n|clearpoke\n|poke|p1|Scovillain, L50, M|\n|poke|p1|Palafin, L50, F|\n|poke|p1|Kingambit, L50, F|\n|poke|p1|Clefable, L50, F|\n|poke|p1|Archaludon, L50, F|\n|poke|p1|Pelipper, L50, F|\n|poke|p2|Lycanroc-Dusk, L50, F|\n|poke|p2|Mamoswine, L50, M|\n|poke|p2|Basculegion, L50, M|\n|poke|p2|Talonflame, L50, M|\n|poke|p2|Sneasler, L50, M|\n|poke|p2|Manectric, L50, M|\n|teampreview|4\n|\n|t:|1776054573\n|teamsize|p1|4\n|teamsize|p2|4\n|start\n|switch|p1a: Scovillain|Scovillain, L50, M|100/100\n|switch|p1b: Palafin|Palafin, L50, F|100/100\n|switch|p2a: Talonflame|Talonflame, L50, M|100/100\n|switch|p2b: Manectric|Manectric, L50, M|100/100\n|turn|1\n|\n|t:|1776054613\n|detailschange|p1b: Palafin|Palafin-Hero, L50, F\n|switch|p1b: Clefable|Clefable, L50, F|100/100\n|detailschange|p2b: Manectric|Manectric-Mega, L50, M\n|-mega|p2b: Manectric|Manectric|Manectite\n|-ability|p2b: Manectric|Intimidate|boost\n|-unboost|p1a: Scovillain|atk|1\n|-unboost|p1b: Clefable|atk|1\n|move|p1a: Scovillain|Protect|p1a: Scovillain\n|-singleturn|p1a: Scovillain|Protect\n|move|p2a: Talonflame|Acrobatics|p1a: Scovillain\n|-activate|p1a: Scovillain|move: Protect\n|move|p2b: Manectric|Volt Switch|p1b: Clefable\n|-damage|p1b: Clefable|70/100\n|\n|t:|1776054623\n|switch|p2b: Sneasler|Sneasler, L50, M|100/100|[from] Volt Switch\n|\n|upkeep\n|turn|2\n|\n|t:|1776054644\n|detailschange|p1a: Scovillain|Scovillain-Mega, L50, M\n|-mega|p1a: Scovillain|Scovillain|Scovillainite\n|move|p2b: Sneasler|Protect|p2b: Sneasler\n|-singleturn|p2b: Sneasler|Protect\n|move|p2a: Talonflame|Taunt|p1a: Scovillain\n|-start|p1a: Scovillain|move: Taunt\n|move|p1a: Scovillain|Flamethrower|p2b: Sneasler\n|-activate|p2b: Sneasler|move: Protect\n|move|p1b: Clefable|Life Dew||[still]|[spread] p1a,p1b\n|-fail|p1a: Scovillain|heal\n|-heal|p1b: Clefable|96/100\n|\n|upkeep\n|turn|3\n|\n|t:|1776054688\n|move|p2a: Talonflame|Acrobatics|p1b: Clefable\n|-damage|p1b: Clefable|50/100\n|-enditem|p1b: Clefable|Sitrus Berry|[eat]\n|-heal|p1b: Clefable|74/100|[from] item: Sitrus Berry\n|move|p2b: Sneasler|Dire Claw|p1b: Clefable\n|-supereffective|p1b: Clefable|1\n|-damage|p1b: Clefable|0 fnt\n|faint|p1b: Clefable\n|move|p1a: Scovillain|Flamethrower|p2b: Sneasler\n|-damage|p2b: Sneasler|40/100\n|\n|upkeep\n|\n|t:|1776054699\n|switch|p1b: Palafin|Palafin-Hero, L50, F|100/100\n|-activate|p1b: Palafin|ability: Zero to Hero\n|turn|4\n|\n|t:|1776054717\n|move|p2b: Sneasler|Protect|p2b: Sneasler\n|-singleturn|p2b: Sneasler|Protect\n|move|p2a: Talonflame|Acrobatics|p1a: Scovillain\n|-supereffective|p1a: Scovillain|1\n|-damage|p1a: Scovillain|19/100\n|-immune|p2a: Talonflame\n|move|p1b: Palafin|Jet Punch|p2a: Talonflame\n|-supereffective|p2a: Talonflame|1\n|-damage|p2a: Talonflame|0 fnt\n|faint|p2a: Talonflame\n|move|p1a: Scovillain|Flamethrower|p2b: Sneasler\n|-activate|p2b: Sneasler|move: Protect\n|\n|-end|p1a: Scovillain|move: Taunt\n|upkeep\n|\n|t:|1776054725\n|switch|p2a: Manectric|Manectric-Mega, L50, M|100/100\n|-ability|p2a: Manectric|Intimidate|boost\n|-unboost|p1a: Scovillain|atk|1\n|-unboost|p1b: Palafin|atk|1\n|turn|5\n|\n|t:|1776054740\n|switch|p2b: Lycanroc|Lycanroc-Dusk, L50, F|100/100\n|move|p1a: Scovillain|Rage Powder|p1a: Scovillain\n|-singleturn|p1a: Scovillain|move: Rage Powder\n|move|p1b: Palafin|Jet Punch|p2b: Lycanroc\n|-supereffective|p2b: Lycanroc|1\n|-enditem|p2b: Lycanroc|Focus Sash\n|-damage|p2b: Lycanroc|1/100\n|move|p2a: Manectric|Volt Switch|p1a: Scovillain\n|-resisted|p1a: Scovillain|1\n|-damage|p1a: Scovillain|1/100\n|-status|p2a: Manectric|brn|[from] ability: Spicy Spray|[of] p1a: Scovillain\n|\n|t:|1776054746\n|switch|p2a: Sneasler|Sneasler, L50, M|40/100|[from] Volt Switch\n|\n|upkeep\n|turn|6\n|\n|t:|1776054767\n|move|p1b: Palafin|Protect|p1b: Palafin\n|-singleturn|p1b: Palafin|Protect\n|move|p2a: Sneasler|Fake Out|p1b: Palafin\n|-activate|p1b: Palafin|move: Protect\n|move|p1a: Scovillain|Rage Powder|p1a: Scovillain\n|-singleturn|p1a: Scovillain|move: Rage Powder\n|move|p2b: Lycanroc|Accelerock|p1a: Scovillain\n|-supereffective|p1a: Scovillain|1\n|-damage|p1a: Scovillain|0 fnt\n|-status|p2b: Lycanroc|brn|[from] ability: Spicy Spray|[of] p1a: Scovillain\n|faint|p1a: Scovillain\n|\n|-damage|p2b: Lycanroc|0 fnt|[from] brn\n|faint|p2b: Lycanroc\n|upkeep\n|\n|t:|1776054776\n|switch|p2b: Manectric|Manectric-Mega, L50, M|100/100 brn\n|switch|p1a: Kingambit|Kingambit, L50, F|100/100\n|-ability|p2b: Manectric|Intimidate|boost\n|-unboost|p1a: Kingambit|atk|1\n|-ability|p1a: Kingambit|Defiant|boost\n|-boost|p1a: Kingambit|atk|2\n|-unboost|p1b: Palafin|atk|1\n|turn|7\n|\n|t:|1776054794\n|move|p1b: Palafin|Jet Punch|p2b: Manectric\n|-damage|p2b: Manectric|67/100 brn\n|move|p1a: Kingambit|Sucker Punch|p2b: Manectric\n|-damage|p2b: Manectric|0 fnt\n|faint|p2b: Manectric\n|move|p2a: Sneasler|Close Combat|p1a: Kingambit\n|-supereffective|p1a: Kingambit|2\n|-damage|p1a: Kingambit|0 fnt\n|-unboost|p2a: Sneasler|def|1\n|-unboost|p2a: Sneasler|spd|1\n|faint|p1a: Kingambit\n|-enditem|p2a: Sneasler|White Herb\n|-clearnegativeboost|p2a: Sneasler|[silent]\n|\n|upkeep\n|turn|8\n|\n|t:|1776054803\n|move|p1b: Palafin|Jet Punch|p2a: Sneasler\n|-damage|p2a: Sneasler|4/100\n|move|p2a: Sneasler|Dire Claw|p1b: Palafin\n|-damage|p1b: Palafin|56/100\n|\n|upkeep\n|turn|9\n|-message|stayinawake forfeited.\n|\n|win|TheVGChef\n|raw|TheVGChef's rating: 1200 &rarr; <strong>1221</strong><br />(+21 for winning)\n|raw|stayinawake's rating: 1145 &rarr; <strong>1124</strong><br />(-21 for losing)\n|l|\u2606stayinawake\n|player|p2|\n|l|\u2606TheVGChef\n|player|p1|\n|j|\u2606TheVGChef\n|player|p1|TheVGChef|169|\n",
  "uploadtime": 1776054913,
  "views": 22,
  "formatid": "gen9championsvgc2026regma",
  "rating": 1124,
  "private": 0,
  "password": null
}