{
  "id": "gen9championsvgc2026regma-2582609142",
  "format": "[Gen 9 Champions] VGC 2026 Reg M-A",
  "players": [
    "bessaz",
    "JudogiFiend"
  ],
  "log": "|j|\u2606bessaz\n|j|\u2606JudogiFiend\n|t:|1776102410\n|gametype|doubles\n|player|p1|bessaz|flint|1090\n|player|p2|JudogiFiend|n|1035\n|gen|9\n|tier|[Gen 9 Champions] VGC 2026 Reg M-A\n|rated|\n|rule|Species Clause: Limit one of each Pok\u00e9mon\n|rule|Item Clause: Limit 1 of each item\n|clearpoke\n|poke|p1|Froslass, L50, F|\n|poke|p1|Garchomp, L50, M|\n|poke|p1|Kingambit, L50, M|\n|poke|p1|Sneasler, L50, M|\n|poke|p1|Rotom-Wash, L50|\n|poke|p1|Aerodactyl, L50, M|\n|poke|p2|Ampharos, L50, F|\n|poke|p2|Farigiraf, L50, F|\n|poke|p2|Liepard, L50, F|\n|poke|p2|Goodra-Hisui, L50, F|\n|poke|p2|Delphox, L50, M|\n|poke|p2|Garchomp, L50, F|\n|teampreview|4\n|\n|t:|1776102441\n|teamsize|p1|4\n|teamsize|p2|4\n|start\n|switch|p1a: Froslass|Froslass, L50, F|100/100\n|switch|p1b: Rotom|Rotom-Wash, L50|100/100\n|switch|p2a: Farigiraf|Farigiraf, L50, F|100/100\n|switch|p2b: Liepard|Liepard, L50, F|100/100\n|turn|1\n|\n|t:|1776102473\n|switch|p1a: Kingambit|Kingambit, L50, M|100/100\n|move|p2a: Farigiraf|Protect|p2a: Farigiraf\n|-singleturn|p2a: Farigiraf|Protect\n|move|p1b: Rotom|Hydro Pump|p2a: Farigiraf\n|-activate|p2a: Farigiraf|move: Protect\n|move|p2b: Liepard|Nasty Plot|p2b: Liepard\n|-boost|p2b: Liepard|spa|2\n|\n|upkeep\n|turn|2\n|\n|t:|1776102488\n|move|p1b: Rotom|Hydro Pump|p2b: Liepard\n|-crit|p2b: Liepard\n|-enditem|p2b: Liepard|Focus Sash\n|-damage|p2b: Liepard|1/100\n|move|p2b: Liepard|Baton Pass|p2b: Liepard\n|\n|t:|1776102495\n|switch|p2b: Ampharos|Ampharos, L50, F|100/100|[from] Baton Pass\n|move|p1a: Kingambit|Iron Head|p2b: Ampharos\n|-resisted|p2b: Ampharos|1\n|-damage|p2b: Ampharos|75/100\n|move|p2a: Farigiraf|Trick Room|p2a: Farigiraf\n|-fieldstart|move: Trick Room|[of] p2a: Farigiraf\n|\n|upkeep\n|turn|3\n|\n|t:|1776102511\n|switch|p2a: Goodra|Goodra-Hisui, L50, F|100/100\n|switch|p1b: Garchomp|Garchomp, L50, M|100/100\n|detailschange|p2b: Ampharos|Ampharos-Mega, L50, F\n|-mega|p2b: Ampharos|Ampharos|Ampharosite\n|-ability|p2b: Ampharos|Mold Breaker\n|move|p2b: Ampharos|Discharge|p1a: Kingambit|[spread] p2a,p1a\n|-immune|p1b: Garchomp\n|-resisted|p2a: Goodra|1\n|-damage|p2a: Goodra|76/100\n|-damage|p1a: Kingambit|20/100\n|move|p1a: Kingambit|Kowtow Cleave|p2b: Ampharos\n|-damage|p2b: Ampharos|20/100\n|\n|-heal|p2a: Goodra|82/100|[from] item: Leftovers\n|upkeep\n|turn|4\n|\n|t:|1776102537\n|move|p2b: Ampharos|Protect|p2b: Ampharos\n|-singleturn|p2b: Ampharos|Protect\n|move|p1a: Kingambit|Sucker Punch||[still]\n|-fail|p1a: Kingambit\n|move|p2a: Goodra|Draco Meteor|p1b: Garchomp\n|-supereffective|p1b: Garchomp|1\n|-damage|p1b: Garchomp|0 fnt\n|-unboost|p2a: Goodra|spa|2\n|faint|p1b: Garchomp\n|\n|-heal|p2a: Goodra|88/100|[from] item: Leftovers\n|upkeep\n|\n|t:|1776102550\n|switch|p1b: Froslass|Froslass, L50, F|100/100\n|turn|5\n|\n|t:|1776102584\n|detailschange|p1b: Froslass|Froslass-Mega, L50, F\n|-mega|p1b: Froslass|Froslass|Froslassite\n|-weather|Snowscape|[from] ability: Snow Warning|[of] p1b: Froslass\n|move|p1a: Kingambit|Sucker Punch|p2b: Ampharos\n|-crit|p2b: Ampharos\n|-damage|p2b: Ampharos|0 fnt\n|faint|p2b: Ampharos\n|move|p2a: Goodra|Flash Cannon|p1b: Froslass\n|-supereffective|p1b: Froslass|1\n|-damage|p1b: Froslass|58/100\n|-unboost|p1b: Froslass|spd|1\n|move|p1b: Froslass|Aurora Veil|p1b: Froslass\n|-sidestart|p1: bessaz|move: Aurora Veil\n|\n|-weather|Snowscape|[upkeep]\n|-heal|p2a: Goodra|94/100|[from] item: Leftovers\n|upkeep\n|\n|t:|1776102599\n|switch|p2b: Farigiraf|Farigiraf, L50, F|100/100\n|turn|6\n|c|\u2606JudogiFiend|omg im a dumbass i couldve just switched into fariga to block sucker\n|\n|t:|1776102633\n|move|p1b: Froslass|Protect|p1b: Froslass\n|-singleturn|p1b: Froslass|Protect\n|move|p1a: Kingambit|Kowtow Cleave|p2b: Farigiraf\n|-supereffective|p2b: Farigiraf|1\n|-damage|p2b: Farigiraf|6/100\n|move|p2b: Farigiraf|Psychic Noise|p1b: Froslass\n|-activate|p1b: Froslass|move: Protect\n|move|p2a: Goodra|Draco Meteor|p1a: Kingambit\n|-resisted|p1a: Kingambit|1\n|-damage|p1a: Kingambit|11/100\n|-unboost|p2a: Goodra|spa|2\n|\n|-weather|Snowscape|[upkeep]\n|-heal|p2a: Goodra|99/100|[from] item: Leftovers\n|-fieldend|move: Trick Room\n|upkeep\n|turn|7\n|-message|JudogiFiend forfeited.\n|\n|win|bessaz\n",
  "uploadtime": 1776102618,
  "views": 10,
  "formatid": "gen9championsvgc2026regma",
  "rating": null,
  "private": 0,
  "password": null
}