{
  "id": "gen9championsvgc2026regma-2583642279",
  "format": "[Gen 9 Champions] VGC 2026 Reg M-A",
  "players": [
    "CirclesOfSwellow",
    "Jah_08"
  ],
  "log": "|j|\u2606CirclesOfSwellow\n|j|\u2606Jah_08\n|t:|1776188293\n|gametype|doubles\n|player|p1|CirclesOfSwellow|barry|1199\n|player|p2|Jah_08|alder|1298\n|gen|9\n|tier|[Gen 9 Champions] VGC 2026 Reg M-A\n|rated|\n|rule|Species Clause: Limit one of each Pok\u00e9mon\n|rule|Item Clause: Limit 1 of each item\n|clearpoke\n|poke|p1|Hatterene, L50, F|\n|poke|p1|Farigiraf, L50, F|\n|poke|p1|Kingambit, L50, F|\n|poke|p1|Emboar, L50, M|\n|poke|p1|Drampa, L50, F|\n|poke|p1|Wyrdeer, L50, M|\n|poke|p2|Excadrill, L50, M|\n|poke|p2|Whimsicott, L50, M|\n|poke|p2|Chandelure, L50, M|\n|poke|p2|Zoroark-Hisui, L50, F|\n|poke|p2|Basculegion, L50, M|\n|poke|p2|Conkeldurr, L50, M|\n|teampreview|4\n|inactive|Battle timer is ON: inactive players will automatically lose when time's up. (requested by CirclesOfSwellow)\n|inactive|Jah_08 has 60 seconds left.\n|\n|t:|1776188325\n|teamsize|p1|4\n|teamsize|p2|4\n|start\n|switch|p1a: Emboar|Emboar, L50, M|100/100\n|switch|p1b: Hatterene|Hatterene, L50, F|100/100\n|switch|p2a: Basculegion|Basculegion, L50, M|100/100\n|switch|p2b: Chandelure|Chandelure, L50, M|100/100\n|turn|1\n|\n|t:|1776188351\n|detailschange|p2b: Chandelure|Chandelure-Mega, L50, M\n|-mega|p2b: Chandelure|Chandelure|Chandelurite\n|move|p1a: Emboar|Protect|p1a: Emboar\n|-singleturn|p1a: Emboar|Protect\n|move|p2a: Basculegion|Flip Turn|p1b: Hatterene\n|-damage|p1b: Hatterene|60/100\n|\n|t:|1776188364\n|switch|p2a: Conkeldurr|Conkeldurr, L50, M, shiny|100/100|[from] Flip Turn\n|move|p2b: Chandelure|Shadow Ball|p1b: Hatterene\n|-supereffective|p1b: Hatterene|1\n|-damage|p1b: Hatterene|0 fnt\n|faint|p1b: Hatterene\n|\n|upkeep\n|\n|t:|1776188373\n|switch|p1b: Wyrdeer|Wyrdeer, L50, M|100/100\n|-ability|p1b: Wyrdeer|Intimidate|boost\n|-unboost|p2a: Conkeldurr|atk|1\n|-unboost|p2b: Chandelure|atk|1\n|-enditem|p2a: Conkeldurr|White Herb\n|-clearnegativeboost|p2a: Conkeldurr|[silent]\n|turn|2\n|\n|t:|1776188389\n|move|p2b: Chandelure|Heat Wave|p1a: Emboar|[spread] p1b\n|-miss|p2b: Chandelure|p1a: Emboar\n|-damage|p1b: Wyrdeer|50/100\n|move|p1a: Emboar|Head Smash|p2b: Chandelure\n|-supereffective|p2b: Chandelure|1\n|-damage|p2b: Chandelure|0 fnt\n|faint|p2b: Chandelure\n|-damage|p1a: Emboar|69/100|[from] Recoil\n|move|p1b: Wyrdeer|Psyshield Bash|p2a: Conkeldurr\n|-supereffective|p2a: Conkeldurr|1\n|-damage|p2a: Conkeldurr|0 fnt\n|-boost|p1b: Wyrdeer|def|1\n|faint|p2a: Conkeldurr\n|\n|upkeep\n|\n|t:|1776188406\n|switch|p2b: Basculegion|Basculegion, L50, M|100/100\n|switch|p2a: Excadrill|Excadrill, L50, M|100/100\n|-ability|p2a: Excadrill|Mold Breaker\n|turn|3\n|\n|t:|1776188419\n|move|p2b: Basculegion|Wave Crash|p1b: Wyrdeer\n|-damage|p1b: Wyrdeer|2/100\n|-damage|p2b: Basculegion|84/100|[from] Recoil\n|move|p2a: Excadrill|High Horsepower|p1a: Emboar\n|-supereffective|p1a: Emboar|1\n|-crit|p1a: Emboar\n|-enditem|p1a: Emboar|Shuca Berry|[eat]\n|-enditem|p1a: Emboar|Shuca Berry|[weaken]\n|-damage|p1a: Emboar|0 fnt\n|faint|p1a: Emboar\n|move|p1b: Wyrdeer|Psyshield Bash|p2b: Basculegion|[miss]\n|-miss|p1b: Wyrdeer|p2b: Basculegion\n|\n|upkeep\n|\n|t:|1776188430\n|switch|p1a: Kingambit|Kingambit, L50, F|100/100\n|turn|4\n|\n|t:|1776188443\n|move|p1a: Kingambit|Sucker Punch|p2b: Basculegion\n|-supereffective|p2b: Basculegion|1\n|-damage|p2b: Basculegion|0 fnt\n|faint|p2b: Basculegion\n|move|p2a: Excadrill|High Horsepower|p1a: Kingambit\n|-supereffective|p1a: Kingambit|1\n|-damage|p1a: Kingambit|24/100\n|move|p1b: Wyrdeer|Psyshield Bash|p2a: Excadrill\n|-resisted|p2a: Excadrill|1\n|-damage|p2a: Excadrill|62/100\n|-boost|p1b: Wyrdeer|def|1\n|\n|upkeep\n|turn|5\n|\n|t:|1776188458\n|move|p1a: Kingambit|Sucker Punch|p2a: Excadrill\n|-damage|p2a: Excadrill|3/100\n|move|p2a: Excadrill|Rock Slide|p1a: Kingambit|[spread] p1a,p1b\n|-resisted|p1a: Kingambit|1\n|-damage|p1a: Kingambit|17/100\n|-damage|p1b: Wyrdeer|0 fnt\n|faint|p1b: Wyrdeer\n|\n|upkeep\n|turn|6\n|\n|t:|1776188468\n|move|p2a: Excadrill|Protect|p2a: Excadrill\n|-singleturn|p2a: Excadrill|Protect\n|move|p1a: Kingambit|Sucker Punch||[still]\n|-fail|p1a: Kingambit\n|\n|upkeep\n|turn|7\n|\n|t:|1776188477\n|move|p2a: Excadrill|Protect|p2a: Excadrill\n|-singleturn|p2a: Excadrill|Protect\n|move|p1a: Kingambit|Kowtow Cleave|p2a: Excadrill\n|-activate|p2a: Excadrill|move: Protect\n|\n|upkeep\n|turn|8\n|\n|t:|1776188486\n|move|p2a: Excadrill|Protect|p2a: Excadrill\n|-singleturn|p2a: Excadrill|Protect\n|move|p1a: Kingambit|Sucker Punch||[still]\n|-fail|p1a: Kingambit\n|\n|upkeep\n|turn|9\n|\n|t:|1776188499\n|move|p1a: Kingambit|Sucker Punch|p2a: Excadrill\n|-damage|p2a: Excadrill|0 fnt\n|faint|p2a: Excadrill\n|\n|win|CirclesOfSwellow\n|raw|CirclesOfSwellow's rating: 1199 &rarr; <strong>1231</strong><br />(+32 for winning)\n|raw|Jah_08's rating: 1298 &rarr; <strong>1266</strong><br />(-32 for losing)\n",
  "uploadtime": 1776188505,
  "views": 39,
  "formatid": "gen9championsvgc2026regma",
  "rating": 1231,
  "private": 0,
  "password": null
}