{
  "id": "gen9championsvgc2026regma-2587341787",
  "format": "[Gen 9 Champions] VGC 2026 Reg M-A",
  "players": [
    "Nemeia982",
    "gimo6"
  ],
  "log": "|j|\u2606Nemeia982\n|j|\u2606gimo6\n|t:|1776523648\n|gametype|doubles\n|player|p1|Nemeia982|waitress|1054\n|player|p2|gimo6|ninjaboy-gen3|1082\n|gen|9\n|tier|[Gen 9 Champions] VGC 2026 Reg M-A\n|rated|\n|rule|Species Clause: Limit one of each Pok\u00e9mon\n|rule|Item Clause: Limit 1 of each item\n|clearpoke\n|poke|p1|Scizor, L50, M|\n|poke|p1|Kleavor, L50, M|\n|poke|p1|Araquanid, L50, F, shiny|\n|poke|p1|Vivillon-Fancy, L50, F|\n|poke|p1|Volcarona, L50, M|\n|poke|p1|Zoroark-Hisui, L50, M, shiny|\n|poke|p2|Pelipper, L50, F|\n|poke|p2|Sneasler, L50, F|\n|poke|p2|Scizor, L50, M|\n|poke|p2|Sableye, L50, M|\n|poke|p2|Basculegion, L50, M|\n|poke|p2|Incineroar, L50, M|\n|teampreview|4\n|\n|t:|1776523693\n|teamsize|p1|4\n|teamsize|p2|4\n|start\n|switch|p1a: Genos|Scizor, L50, M|100/100\n|switch|p1b: Maomao|Vivillon-Fancy, L50, F|100/100\n|switch|p2a: Sableye|Sableye, L50, M|100/100\n|switch|p2b: Incineroar|Incineroar, L50, M|100/100\n|-ability|p2b: Incineroar|Intimidate|boost\n|-unboost|p1a: Genos|atk|1\n|-unboost|p1b: Maomao|atk|1\n|turn|1\n|\n|t:|1776523710\n|move|p2b: Incineroar|Fake Out|p1b: Maomao\n|-immune|p1b: Maomao\n|move|p2a: Sableye|Will-O-Wisp|p1a: Genos\n|-status|p1a: Genos|brn\n|move|p1b: Maomao|Nasty Plot|p1b: Maomao\n|-boost|p1b: Maomao|spa|2\n|move|p1a: Genos|Swords Dance|p1a: Genos\n|-boost|p1a: Genos|atk|2\n|\n|-damage|p1a: Genos|94/100 brn|[from] brn\n|upkeep\n|turn|2\n|\n|t:|1776523737\n|detailschange|p1a: Genos|Scizor-Mega, L50, M\n|-mega|p1a: Genos|Scizor|Scizorite\n|move|p1a: Genos|Bullet Punch|p2a: Sableye\n|-damage|p2a: Sableye|63/100\n|move|p2a: Sableye|Light Screen|p2a: Sableye\n|-sidestart|p2: gimo6|move: Light Screen\n|move|p1b: Maomao|Hyper Voice|p2b: Incineroar|[spread] p2b\n|-immune|p2a: Sableye\n|-damage|p2b: Incineroar|57/100\n|move|p2b: Incineroar|Parting Shot|p1b: Maomao\n|-unboost|p1b: Maomao|atk|1\n|-unboost|p1b: Maomao|spa|1\n|\n|t:|1776523766\n|switch|p2b: Sneasler|Sneasler, L50, F|100/100|[from] Parting Shot\n|\n|-damage|p1a: Genos|88/100 brn|[from] brn\n|upkeep\n|turn|3\n|\n|t:|1776523788\n|move|p2b: Sneasler|Fake Out|p1a: Genos\n|-resisted|p1a: Genos|1\n|-damage|p1a: Genos|82/100 brn\n|cant|p1a: Genos|flinch\n|move|p2a: Sableye|Disable|p1b: Maomao\n|-start|p1b: Maomao|Disable|Hyper Voice\n|move|p1b: Maomao|Bitter Malice|p2a: Sableye\n|-damage|p2a: Sableye|19/100\n|-unboost|p2a: Sableye|atk|1\n|\n|-damage|p1a: Genos|76/100 brn|[from] brn\n|upkeep\n|turn|4\n|\n|t:|1776523819\n|switch|p2a: Incineroar|Incineroar, L50, M|57/100\n|-ability|p2a: Incineroar|Intimidate|boost\n|-unboost|p1a: Genos|atk|1\n|-unboost|p1b: Maomao|atk|1\n|move|p1a: Genos|Bullet Punch|p2a: Incineroar\n|-resisted|p2a: Incineroar|1\n|-crit|p2a: Incineroar\n|-damage|p2a: Incineroar|47/100\n|move|p2b: Sneasler|Coaching|p2a: Incineroar\n|-boost|p2a: Incineroar|atk|1\n|-boost|p2a: Incineroar|def|1\n|move|p1b: Maomao|Bitter Malice|p2b: Sneasler\n|-damage|p2b: Sneasler|53/100\n|-unboost|p2b: Sneasler|atk|1\n|-enditem|p2b: Sneasler|White Herb\n|-clearnegativeboost|p2b: Sneasler|[silent]\n|\n|-damage|p1a: Genos|69/100 brn|[from] brn\n|upkeep\n|turn|5\n|\n|t:|1776523855\n|move|p2a: Incineroar|Fake Out|p1a: Genos\n|-resisted|p1a: Genos|1\n|-damage|p1a: Genos|63/100 brn\n|cant|p1a: Genos|flinch\n|move|p2b: Sneasler|Dire Claw|p1b: Maomao\n|-resisted|p1b: Maomao|1\n|-damage|p1b: Maomao|56/100\n|replace|p1b: Not-Thing|Zoroark-Hisui, L50, M, shiny\n|-end|p1b: Not-Thing|Illusion\n|move|p1b: Not-Thing|Nasty Plot|p1b: Not-Thing\n|-boost|p1b: Not-Thing|spa|2\n|\n|-damage|p1a: Genos|57/100 brn|[from] brn\n|upkeep\n|turn|6\n|\n|t:|1776523879\n|move|p1a: Genos|Bullet Punch|p2b: Sneasler\n|-damage|p2b: Sneasler|17/100\n|move|p2b: Sneasler|Close Combat|p1a: Genos\n|-damage|p1a: Genos|5/100 brn\n|-unboost|p2b: Sneasler|def|1\n|-unboost|p2b: Sneasler|spd|1\n|move|p1b: Not-Thing|Bitter Malice|p2b: Sneasler\n|-damage|p2b: Sneasler|0 fnt\n|faint|p2b: Sneasler\n|move|p2a: Incineroar|Darkest Lariat|p1b: Not-Thing\n|-supereffective|p1b: Not-Thing|1\n|-damage|p1b: Not-Thing|0 fnt\n|faint|p1b: Not-Thing\n|\n|-damage|p1a: Genos|0 fnt|[from] brn\n|faint|p1a: Genos\n|-sideend|p2: gimo6|move: Light Screen\n|upkeep\n|\n|t:|1776523904\n|switch|p2b: Sableye|Sableye, L50, M|19/100\n|switch|p1b: Maomao|Vivillon-Fancy, L50, F|100/100\n|switch|p1a: Rem|Araquanid, L50, F, shiny|100/100\n|turn|7\n|\n|t:|1776523948\n|switch|p2a: Scizor|Scizor, L50, M|100/100\n|move|p2b: Sableye|Light Screen|p2b: Sableye\n|-sidestart|p2: gimo6|move: Light Screen\n|move|p1b: Maomao|Sleep Powder|p2a: Scizor\n|-status|p2a: Scizor|slp|[from] move: Sleep Powder\n|move|p1a: Rem|Liquidation|p2a: Scizor\n|-damage|p2a: Scizor|15/100 slp\n|-unboost|p2a: Scizor|def|1\n|\n|upkeep\n|turn|8\n|\n|t:|1776523970\n|detailschange|p2a: Scizor|Scizor-Mega, L50, M\n|-mega|p2a: Scizor|Scizor|Scizorite\n|cant|p2a: Scizor|slp\n|move|p2b: Sableye|Disable|p1a: Rem\n|-start|p1a: Rem|Disable|Liquidation\n|move|p1b: Maomao|Hurricane|p2a: Scizor\n|-damage|p2a: Scizor|0 fnt\n|faint|p2a: Scizor\n|cant|p1a: Rem|Disable|Liquidation\n|\n|upkeep\n|\n|t:|1776523982\n|switch|p2a: Incineroar|Incineroar, L50, M|47/100\n|-ability|p2a: Incineroar|Intimidate|boost\n|-unboost|p1a: Rem|atk|1\n|-unboost|p1b: Maomao|atk|1\n|turn|9\n|\n|t:|1776524004\n|move|p2a: Incineroar|Fake Out|p1a: Rem\n|-damage|p1a: Rem|89/100\n|move|p2b: Sableye|Disable|p1b: Maomao\n|-start|p1b: Maomao|Disable|Hurricane\n|move|p1b: Maomao|Sleep Powder|p2a: Incineroar\n|-status|p2a: Incineroar|slp|[from] move: Sleep Powder\n|cant|p1a: Rem|flinch\n|\n|upkeep\n|turn|10\n|\n|t:|1776524020\n|move|p1b: Maomao|Sleep Powder|p2b: Sableye\n|-status|p2b: Sableye|slp|[from] move: Sleep Powder\n|cant|p2a: Incineroar|slp\n|cant|p2b: Sableye|slp\n|move|p1a: Rem|Waterfall|p2a: Incineroar\n|-supereffective|p2a: Incineroar|1\n|-enditem|p2a: Incineroar|Passho Berry|[eat]\n|-enditem|p2a: Incineroar|Passho Berry|[weaken]\n|-damage|p2a: Incineroar|9/100 slp\n|\n|upkeep\n|turn|11\n|\n|t:|1776524035\n|move|p1b: Maomao|Light Screen|p1b: Maomao\n|-sidestart|p1: Nemeia982|move: Light Screen\n|cant|p2a: Incineroar|slp\n|cant|p2b: Sableye|slp\n|move|p1a: Rem|Waterfall|p2a: Incineroar\n|-supereffective|p2a: Incineroar|1\n|-damage|p2a: Incineroar|0 fnt\n|faint|p2a: Incineroar\n|\n|-end|p1a: Rem|Disable\n|-sideend|p2: gimo6|move: Light Screen\n|upkeep\n|turn|12\n|\n|t:|1776524049\n|move|p1b: Maomao|Tailwind|p1b: Maomao\n|-sidestart|p1: Nemeia982|move: Tailwind\n|move|p1a: Rem|Liquidation|p2b: Sableye\n|-damage|p2b: Sableye|0 fnt\n|faint|p2b: Sableye\n|\n|win|Nemeia982\n|raw|Nemeia982's rating: 1054 &rarr; <strong>1088</strong><br />(+34 for winning)\n|raw|gimo6's rating: 1082 &rarr; <strong>1058</strong><br />(-24 for losing)\n|l|\u2606gimo6\n|player|p2|\n",
  "uploadtime": 1776524056,
  "views": 24,
  "formatid": "gen9championsvgc2026regma",
  "rating": 1058,
  "private": 0,
  "password": null
}