{
  "id": "gen9championsvgc2026regma-2584223124",
  "format": "[Gen 9 Champions] VGC 2026 Reg M-A",
  "players": [
    "xClickyx",
    "verui"
  ],
  "log": "|j|\u2606xClickyx\n|j|\u2606verui\n|t:|1776240108\n|gametype|doubles\n|player|p1|xClickyx|guitarist-gen4|1107\n|player|p2|verui|1|1207\n|gen|9\n|tier|[Gen 9 Champions] VGC 2026 Reg M-A\n|rated|\n|rule|Species Clause: Limit one of each Pok\u00e9mon\n|rule|Item Clause: Limit 1 of each item\n|clearpoke\n|poke|p1|Sneasler, L50, M|\n|poke|p1|Incineroar, L50, M|\n|poke|p1|Sinistcha, L50|\n|poke|p1|Floette-Eternal, L50, F|\n|poke|p1|Basculegion, L50, M|\n|poke|p1|Pelipper, L50, F|\n|poke|p2|Farigiraf, L50, F|\n|poke|p2|Incineroar, L50, M|\n|poke|p2|Crabominable, L50, F|\n|poke|p2|Sinistcha, L50|\n|poke|p2|Rotom-Wash, L50|\n|poke|p2|Scizor, L50, F|\n|teampreview|4\n|\n|t:|1776240136\n|teamsize|p1|4\n|teamsize|p2|4\n|start\n|switch|p1a: IFPS|Incineroar, L50, M|100/100\n|switch|p1b: Eleanor|Floette-Eternal, L50, F|100/100\n|switch|p2a: Incineroar|Incineroar, L50, M|100/100\n|switch|p2b: Rotom|Rotom-Wash, L50|100/100\n|-ability|p1a: IFPS|Intimidate|boost\n|-unboost|p2a: Incineroar|atk|1\n|-unboost|p2b: Rotom|atk|1\n|-ability|p2a: Incineroar|Intimidate|boost\n|-unboost|p1a: IFPS|atk|1\n|-unboost|p1b: Eleanor|atk|1\n|turn|1\n|\n|t:|1776240162\n|switch|p2b: Scizor|Scizor, L50, F|100/100\n|detailschange|p1b: Eleanor|Floette-Mega, L50, F\n|-mega|p1b: Eleanor|Floette|Floettite\n|-ability|p1b: Eleanor|Fairy Aura\n|move|p1a: IFPS|Fake Out|p2a: Incineroar\n|-damage|p2a: Incineroar|92/100\n|cant|p2a: Incineroar|flinch\n|move|p1b: Eleanor|Calm Mind|p1b: Eleanor\n|-boost|p1b: Eleanor|spa|1\n|-boost|p1b: Eleanor|spd|1\n|\n|upkeep\n|turn|2\n|\n|t:|1776240181\n|switch|p1b: Wayne Rooney|Sinistcha, L50|100/100\n|detailschange|p2b: Scizor|Scizor-Mega, L50, F\n|-mega|p2b: Scizor|Scizor|Scizorite\n|move|p2b: Scizor|Bullet Punch|p1b: Wayne Rooney\n|-damage|p1b: Wayne Rooney|67/100\n|move|p1a: IFPS|Flare Blitz|p2b: Scizor\n|-supereffective|p2b: Scizor|2\n|-damage|p2b: Scizor|0 fnt\n|faint|p2b: Scizor\n|-damage|p1a: IFPS|67/100|[from] Recoil\n|move|p2a: Incineroar|Parting Shot|p1a: IFPS\n|-unboost|p1a: IFPS|atk|1\n|-unboost|p1a: IFPS|spa|1\n|\n|t:|1776240186\n|switch|p2a: Rotom|Rotom-Wash, L50|100/100|[from] Parting Shot\n|\n|-heal|p1b: Wayne Rooney|73/100|[from] item: Leftovers\n|upkeep\n|\n|t:|1776240192\n|switch|p2b: Incineroar|Incineroar, L50, M|92/100\n|-ability|p2b: Incineroar|Intimidate|boost\n|-unboost|p1a: IFPS|atk|1\n|-unboost|p1b: Wayne Rooney|atk|1\n|turn|3\n|inactive|Battle timer is ON: inactive players will automatically lose when time's up. (requested by verui)\n|\n|t:|1776240217\n|switch|p1a: Eleanor|Floette-Mega, L50, F|100/100\n|-ability|p1a: Eleanor|Fairy Aura\n|move|p1b: Wayne Rooney|Protect|p1b: Wayne Rooney\n|-singleturn|p1b: Wayne Rooney|Protect\n|move|p2a: Rotom|Hydro Pump|p1a: Eleanor\n|-damage|p1a: Eleanor|66/100\n|move|p2b: Incineroar|Throat Chop|p1b: Wayne Rooney\n|-activate|p1b: Wayne Rooney|move: Protect\n|\n|-heal|p1b: Wayne Rooney|79/100|[from] item: Leftovers\n|upkeep\n|turn|4\n|\n|t:|1776240239\n|switch|p1b: IFPS|Incineroar, L50, M|67/100\n|-ability|p1b: IFPS|Intimidate|boost\n|-unboost|p2a: Rotom|atk|1\n|-unboost|p2b: Incineroar|atk|1\n|move|p1a: Eleanor|Moonblast|p2a: Rotom\n|-damage|p2a: Rotom|31/100\n|move|p2a: Rotom|Volt Switch|p1a: Eleanor\n|-damage|p1a: Eleanor|36/100\n|\n|t:|1776240250\n|switch|p2a: Sinistcha|Sinistcha, L50|100/100|[from] Volt Switch\n|-heal|p2b: Incineroar|100/100|[from] ability: Hospitality|[of] p2a: Sinistcha\n|move|p2b: Incineroar|Throat Chop|p1a: Eleanor\n|-resisted|p1a: Eleanor|1\n|-damage|p1a: Eleanor|22/100\n|-start|p1a: Eleanor|Throat Chop|[silent]\n|\n|upkeep\n|turn|5\n|\n|t:|1776240264\n|switch|p1b: Wayne Rooney|Sinistcha, L50|79/100\n|-heal|p1a: Eleanor|46/100|[from] ability: Hospitality|[of] p1b: Wayne Rooney\n|switch|p2a: Rotom|Rotom-Wash, L50|31/100\n|move|p1a: Eleanor|Moonblast|p2a: Rotom\n|-damage|p2a: Rotom|0 fnt\n|faint|p2a: Rotom\n|move|p2b: Incineroar|Parting Shot|p1b: Wayne Rooney\n|-unboost|p1b: Wayne Rooney|atk|1\n|-unboost|p1b: Wayne Rooney|spa|1\n|-message|verui forfeited.\n|\n|win|xClickyx\n|raw|xClickyx's rating: 1107 &rarr; <strong>1139</strong><br />(+32 for winning)\n|raw|verui's rating: 1207 &rarr; <strong>1175</strong><br />(-32 for losing)\n|l|\u2606verui\n|player|p2|\n",
  "uploadtime": 1776240279,
  "views": 34,
  "formatid": "gen9championsvgc2026regma",
  "rating": 1139,
  "private": 0,
  "password": null
}