{
  "id": "gen9championsvgc2026regma-2587481646",
  "format": "[Gen 9 Champions] VGC 2026 Reg M-A",
  "players": [
    "sabiantun",
    "variskano"
  ],
  "log": "|j|\u2606sabiantun\n|j|\u2606variskano\n|t:|1776535493\n|gametype|doubles\n|player|p1|sabiantun|170|1126\n|player|p2|variskano|169|1141\n|gen|9\n|tier|[Gen 9 Champions] VGC 2026 Reg M-A\n|rated|\n|rule|Species Clause: Limit one of each Pok\u00e9mon\n|rule|Item Clause: Limit 1 of each item\n|clearpoke\n|poke|p1|Chimecho, L50, M|\n|poke|p1|Mudsdale, L50, M|\n|poke|p1|Torkoal, L50, F|\n|poke|p1|Conkeldurr, L50, F|\n|poke|p1|Drampa, L50, M|\n|poke|p1|Tinkaton, L50, F|\n|poke|p2|Sneasler, L50, F|\n|poke|p2|Meowscarada, L50, F|\n|poke|p2|Floette-Eternal, L50, F|\n|poke|p2|Whimsicott, L50, M|\n|poke|p2|Primarina, L50, M|\n|poke|p2|Incineroar, L50, F|\n|teampreview|4\n|inactive|Battle timer is ON: inactive players will automatically lose when time's up. (requested by variskano)\n|inactive|sabiantun has 60 seconds left.\n|inactive|variskano has 60 seconds left.\n|\n|t:|1776535543\n|teamsize|p1|4\n|teamsize|p2|4\n|start\n|switch|p1a: Chimecho|Chimecho, L50, M|100/100\n|switch|p1b: Tinkaton|Tinkaton, L50, F|100/100\n|switch|p2a: Floette|Floette-Eternal, L50, F|100/100\n|switch|p2b: Primarina|Primarina, L50, M|100/100\n|turn|1\n|\n|t:|1776535562\n|detailschange|p2a: Floette|Floette-Mega, L50, F\n|-mega|p2a: Floette|Floette|Floettite\n|-ability|p2a: Floette|Fairy Aura\n|detailschange|p1a: Chimecho|Chimecho-Mega, L50, M\n|-mega|p1a: Chimecho|Chimecho|Chimechite\n|move|p1b: Tinkaton|Fake Out|p2a: Floette\n|-damage|p2a: Floette|87/100\n|cant|p2a: Floette|flinch\n|move|p2b: Primarina|Moonblast|p1a: Chimecho\n|-resisted|p1a: Chimecho|1\n|-damage|p1a: Chimecho|72/100\n|move|p1a: Chimecho|Trick Room|p1a: Chimecho\n|-fieldstart|move: Trick Room|[of] p1a: Chimecho\n|\n|upkeep\n|turn|2\n|inactive|sabiantun has 30 seconds left.\n|\n|t:|1776535590\n|switch|p2a: Incineroar|Incineroar, L50, F|100/100\n|-ability|p2a: Incineroar|Intimidate|boost\n|-unboost|p1a: Chimecho|atk|1\n|-fail|p1b: Tinkaton|unboost|Attack|[from] ability: Own Tempo|[of] p1b: Tinkaton\n|move|p1a: Chimecho|Energy Ball|p2b: Primarina\n|-supereffective|p2b: Primarina|1\n|-damage|p2b: Primarina|36/100\n|move|p2b: Primarina|Hyper Voice|p1a: Chimecho|[spread] p1a,p1b\n|-damage|p1a: Chimecho|36/100\n|-damage|p1b: Tinkaton|52/100\n|move|p1b: Tinkaton|Gigaton Hammer|p2a: Incineroar\n|-resisted|p2a: Incineroar|1\n|-damage|p2a: Incineroar|72/100\n|\n|upkeep\n|turn|3\n|inactive|sabiantun has 30 seconds left.\n|inactive|variskano has 30 seconds left.\n|\n|t:|1776535622\n|switch|p1b: Torkoal|Torkoal, L50, F|100/100\n|-weather|SunnyDay|[from] ability: Drought|[of] p1b: Torkoal\n|move|p2a: Incineroar|Fake Out|p1a: Chimecho\n|-resisted|p1a: Chimecho|1\n|-damage|p1a: Chimecho|31/100\n|cant|p1a: Chimecho|flinch\n|move|p2b: Primarina|Hyper Voice|p1a: Chimecho|[spread] p1a,p1b\n|-supereffective|p1b: Torkoal|1\n|-damage|p1a: Chimecho|13/100\n|-damage|p1b: Torkoal|30/100\n|\n|-weather|SunnyDay|[upkeep]\n|upkeep\n|turn|4\n|\n|t:|1776535645\n|move|p2b: Primarina|Protect|p2b: Primarina\n|-singleturn|p2b: Primarina|Protect\n|move|p1b: Torkoal|Earth Power|p2a: Incineroar\n|-supereffective|p2a: Incineroar|1\n|-crit|p2a: Incineroar\n|-damage|p2a: Incineroar|9/100\n|move|p1a: Chimecho|Energy Ball|p2b: Primarina\n|-activate|p2b: Primarina|move: Protect\n|move|p2a: Incineroar|Flare Blitz|p1a: Chimecho\n|-supereffective|p1a: Chimecho|1\n|-damage|p1a: Chimecho|0 fnt\n|faint|p1a: Chimecho\n|-damage|p2a: Incineroar|5/100|[from] Recoil\n|\n|-weather|SunnyDay|[upkeep]\n|upkeep\n|\n|t:|1776535656\n|switch|p1a: Tinkaton|Tinkaton, L50, F|52/100\n|turn|5\n|\n|t:|1776535667\n|switch|p2a: Sneasler|Sneasler, L50, F|100/100\n|move|p1a: Tinkaton|Fake Out|p2a: Sneasler\n|-damage|p2a: Sneasler|81/100\n|move|p1b: Torkoal|Solar Beam||[still]\n|-prepare|p1b: Torkoal|Solar Beam\n|-anim|p1b: Torkoal|Solar Beam|p2b: Primarina\n|-supereffective|p2b: Primarina|1\n|-damage|p2b: Primarina|0 fnt\n|faint|p2b: Primarina\n|\n|-weather|SunnyDay|[upkeep]\n|-fieldend|move: Trick Room\n|upkeep\n|\n|t:|1776535689\n|switch|p2b: Floette|Floette-Mega, L50, F|87/100\n|-ability|p2b: Floette|Fairy Aura\n|turn|6\n|\n|t:|1776535708\n|move|p2a: Sneasler|Fake Out|p1a: Tinkaton\n|-resisted|p1a: Tinkaton|1\n|-damage|p1a: Tinkaton|40/100\n|-enditem|p1a: Tinkaton|Sitrus Berry|[eat]\n|-heal|p1a: Tinkaton|65/100|[from] item: Sitrus Berry\n|move|p2b: Floette|Moonblast|p1b: Torkoal\n|-resisted|p1b: Torkoal|1\n|-damage|p1b: Torkoal|0 fnt\n|faint|p1b: Torkoal\n|cant|p1a: Tinkaton|flinch\n|\n|-weather|SunnyDay|[upkeep]\n|upkeep\n|\n|t:|1776535715\n|switch|p1b: Conkeldurr|Conkeldurr, L50, F|100/100\n|turn|7\n|inactive|sabiantun has 30 seconds left.\n|\n|t:|1776535747\n|move|p2a: Sneasler|Close Combat|p1a: Tinkaton\n|-damage|p1a: Tinkaton|0 fnt\n|-unboost|p2a: Sneasler|def|1\n|-unboost|p2a: Sneasler|spd|1\n|faint|p1a: Tinkaton\n|-enditem|p2a: Sneasler|White Herb\n|-clearnegativeboost|p2a: Sneasler|[silent]\n|move|p2b: Floette|Moonblast|p1b: Conkeldurr\n|-supereffective|p1b: Conkeldurr|1\n|-damage|p1b: Conkeldurr|0 fnt\n|faint|p1b: Conkeldurr\n|\n|win|variskano\n|raw|sabiantun's rating: 1126 &rarr; <strong>1102</strong><br />(-24 for losing)\n|raw|variskano's rating: 1141 &rarr; <strong>1165</strong><br />(+24 for winning)\n|l|\u2606sabiantun\n|player|p1|\n",
  "uploadtime": 1776535769,
  "views": 21,
  "formatid": "gen9championsvgc2026regma",
  "rating": 1102,
  "private": 0,
  "password": null
}