{
  "id": "gen9championsvgc2026regma-2585754034",
  "format": "[Gen 9 Champions] VGC 2026 Reg M-A",
  "players": [
    "Poketonn",
    "DrizzleSwim"
  ],
  "log": "|j|\u2606Poketonn\n|j|\u2606DrizzleSwim\n|t:|1776368261\n|gametype|doubles\n|player|p1|Poketonn|lucas|1357\n|player|p2|DrizzleSwim|265|1338\n|gen|9\n|tier|[Gen 9 Champions] VGC 2026 Reg M-A\n|rated|\n|rule|Species Clause: Limit one of each Pok\u00e9mon\n|rule|Item Clause: Limit 1 of each item\n|clearpoke\n|poke|p1|Starmie, L50|\n|poke|p1|Kingambit, L50, M|\n|poke|p1|Incineroar, L50, M|\n|poke|p1|Sylveon, L50, F|\n|poke|p1|Sneasler, L50, F|\n|poke|p1|Sinistcha, L50|\n|poke|p2|Farigiraf, L50, F|\n|poke|p2|Sneasler, L50, M|\n|poke|p2|Whimsicott, L50, F|\n|poke|p2|Meganium, L50, M|\n|poke|p2|Milotic, L50, F|\n|poke|p2|Dragonite, L50, F|\n|teampreview|4\n|inactive|Battle timer is ON: inactive players will automatically lose when time's up. (requested by DrizzleSwim)\n|inactive|Poketonn has 60 seconds left.\n|inactive|Poketonn has 30 seconds left.\n|inactive|Poketonn has 20 seconds left.\n|inactive|Poketonn has 15 seconds left.\n|inactive|Poketonn has 10 seconds left.\n|inactive|Poketonn has 5 seconds left.\n|\n|t:|1776368350\n|teamsize|p1|4\n|teamsize|p2|4\n|start\n|switch|p1a: Kingambit|Kingambit, L50, M|100/100\n|switch|p1b: Incineroar|Incineroar, L50, M|100/100\n|switch|p2a: Whimsicott|Whimsicott, L50, F|100/100\n|switch|p2b: Farigiraf|Farigiraf, L50, F|100/100\n|-ability|p1b: Incineroar|Intimidate|boost\n|-unboost|p2a: Whimsicott|atk|1\n|-unboost|p2b: Farigiraf|atk|1\n|turn|1\n|\n|t:|1776368364\n|move|p2a: Whimsicott|Tailwind|p2a: Whimsicott\n|-sidestart|p2: DrizzleSwim|move: Tailwind\n|move|p2b: Farigiraf|Dazzling Gleam|p1b: Incineroar|[spread] p1a,p1b\n|-damage|p1a: Kingambit|81/100\n|-damage|p1b: Incineroar|81/100\n|move|p1b: Incineroar|Darkest Lariat|p2b: Farigiraf\n|-supereffective|p2b: Farigiraf|1\n|-damage|p2b: Farigiraf|0 fnt\n|faint|p2b: Farigiraf\n|move|p1a: Kingambit|Kowtow Cleave|p2a: Whimsicott\n|-resisted|p2a: Whimsicott|1\n|-damage|p2a: Whimsicott|61/100\n|\n|upkeep\n|\n|t:|1776368379\n|switch|p2b: Sneasler|Sneasler, L50, M|100/100\n|turn|2\n|\n|t:|1776368398\n|switch|p2a: Meganium|Meganium, L50, M|100/100\n|move|p1a: Kingambit|Protect|p1a: Kingambit\n|-singleturn|p1a: Kingambit|Protect\n|move|p2b: Sneasler|Close Combat|p1b: Incineroar\n|-supereffective|p1b: Incineroar|1\n|-damage|p1b: Incineroar|0 fnt\n|-unboost|p2b: Sneasler|def|1\n|-unboost|p2b: Sneasler|spd|1\n|faint|p1b: Incineroar\n|-enditem|p2b: Sneasler|White Herb\n|-clearnegativeboost|p2b: Sneasler|[silent]\n|\n|upkeep\n|\n|t:|1776368409\n|switch|p1b: Sneasler|Sneasler, L50, F|100/100\n|turn|3\n|inactive|DrizzleSwim has 30 seconds left.\n|inactive|DrizzleSwim has 20 seconds left.\n|\n|t:|1776368445\n|switch|p2a: Whimsicott|Whimsicott, L50, F|61/100\n|move|p1b: Sneasler|Fake Out|p2b: Sneasler\n|-damage|p2b: Sneasler|77/100\n|cant|p2b: Sneasler|flinch\n|move|p1a: Kingambit|Kowtow Cleave|p2a: Whimsicott\n|-resisted|p2a: Whimsicott|1\n|-damage|p2a: Whimsicott|22/100\n|\n|upkeep\n|turn|4\n|inactive|Poketonn has 30 seconds left.\n|\n|t:|1776368479\n|move|p1a: Kingambit|Protect|p1a: Kingambit\n|-singleturn|p1a: Kingambit|Protect\n|move|p2a: Whimsicott|Encore|p1b: Sneasler\n|-start|p1b: Sneasler|Encore\n|move|p1b: Sneasler|Fake Out||[still]\n|-hint|Fake Out only works on your first turn out.\n|-fail|p1b: Sneasler\n|move|p2b: Sneasler|Close Combat|p1a: Kingambit\n|-activate|p1a: Kingambit|move: Protect\n|\n|-sideend|p2: DrizzleSwim|move: Tailwind\n|upkeep\n|turn|5\n|\n|t:|1776368502\n|switch|p1b: Starmie|Starmie, L50|100/100\n|move|p2a: Whimsicott|Tailwind|p2a: Whimsicott\n|-sidestart|p2: DrizzleSwim|move: Tailwind\n|move|p2b: Sneasler|Close Combat|p1a: Kingambit\n|-supereffective|p1a: Kingambit|2\n|-enditem|p1a: Kingambit|Chople Berry|[eat]\n|-enditem|p1a: Kingambit|Chople Berry|[weaken]\n|-damage|p1a: Kingambit|0 fnt\n|-unboost|p2b: Sneasler|def|1\n|-unboost|p2b: Sneasler|spd|1\n|faint|p1a: Kingambit\n|\n|upkeep\n|\n|t:|1776368511\n|switch|p1a: Sneasler|Sneasler, L50, F|100/100\n|turn|6\n|\n|t:|1776368532\n|detailschange|p1b: Starmie|Starmie-Mega, L50\n|-mega|p1b: Starmie|Starmie|Starminite\n|move|p2b: Sneasler|Dire Claw|p1b: Starmie\n|-damage|p1b: Starmie|50/100\n|move|p2a: Whimsicott|Endeavor|p1a: Sneasler\n|-damage|p1a: Sneasler|19/100\n|move|p1a: Sneasler|Dire Claw|p2a: Whimsicott\n|-supereffective|p2a: Whimsicott|2\n|-damage|p2a: Whimsicott|0 fnt\n|faint|p2a: Whimsicott\n|move|p1b: Starmie|Zen Headbutt|p2b: Sneasler\n|-supereffective|p2b: Sneasler|2\n|-damage|p2b: Sneasler|0 fnt\n|faint|p2b: Sneasler\n|\n|upkeep\n|\n|t:|1776368540\n|switch|p2b: Meganium|Meganium, L50, M|100/100\n|turn|7\n|\n|t:|1776368555\n|detailschange|p2b: Meganium|Meganium-Mega, L50, M\n|-mega|p2b: Meganium|Meganium|Meganiumite\n|move|p2b: Meganium|Dazzling Gleam|p1a: Sneasler|[spread] p1a,p1b\n|-damage|p1a: Sneasler|0 fnt\n|-damage|p1b: Starmie|5/100\n|faint|p1a: Sneasler\n|move|p1b: Starmie|Zen Headbutt|p2b: Meganium\n|-damage|p2b: Meganium|34/100\n|\n|upkeep\n|turn|8\n|\n|t:|1776368578\n|move|p1b: Starmie|Protect|p1b: Starmie\n|-singleturn|p1b: Starmie|Protect\n|move|p2b: Meganium|Synthesis|p2b: Meganium\n|-heal|p2b: Meganium|100/100\n|\n|-sideend|p2: DrizzleSwim|move: Tailwind\n|upkeep\n|turn|9\n|\n|t:|1776368587\n|move|p1b: Starmie|Zen Headbutt|p2b: Meganium\n|-damage|p2b: Meganium|35/100\n|move|p2b: Meganium|Dazzling Gleam|p1b: Starmie\n|-damage|p1b: Starmie|0 fnt\n|faint|p1b: Starmie\n|\n|win|DrizzleSwim\n|raw|Poketonn's rating: 1357 &rarr; <strong>1336</strong><br />(-21 for losing)\n|raw|DrizzleSwim's rating: 1338 &rarr; <strong>1359</strong><br />(+21 for winning)\n",
  "uploadtime": 1776368590,
  "views": 35,
  "formatid": "gen9championsvgc2026regma",
  "rating": 1336,
  "private": 0,
  "password": null
}