{
  "id": "gen9championsvgc2026regma-2584141304",
  "format": "[Gen 9 Champions] VGC 2026 Reg M-A",
  "players": [
    "JaxviVGC",
    "taco consumer"
  ],
  "log": "|j|\u2606JaxviVGC\n|j|\u2606taco consumer\n|t:|1776229886\n|gametype|doubles\n|player|p1|JaxviVGC|ethan|1383\n|player|p2|taco consumer|whitney|1303\n|gen|9\n|tier|[Gen 9 Champions] VGC 2026 Reg M-A\n|rated|\n|rule|Species Clause: Limit one of each Pok\u00e9mon\n|rule|Item Clause: Limit 1 of each item\n|clearpoke\n|poke|p1|Rotom-Wash, L50|\n|poke|p1|Whimsicott, L50, F|\n|poke|p1|Floette-Eternal, L50, F|\n|poke|p1|Tyranitar, L50, M|\n|poke|p1|Excadrill, L50, M|\n|poke|p1|Sinistcha, L50|\n|poke|p2|Incineroar, L50, M|\n|poke|p2|Rotom-Wash, L50|\n|poke|p2|Garchomp, L50, M|\n|poke|p2|Corviknight, L50, M|\n|poke|p2|Glimmora, L50, F|\n|poke|p2|Hydreigon, L50, M|\n|teampreview|4\n|inactive|Battle timer is ON: inactive players will automatically lose when time's up. (requested by JaxviVGC)\n|\n|t:|1776229949\n|teamsize|p1|4\n|teamsize|p2|4\n|start\n|switch|p1a: Rotom|Rotom-Wash, L50|100/100\n|switch|p1b: Whimsicott|Whimsicott, L50, F|100/100\n|switch|p2a: Glimmora|Glimmora, L50, F|100/100\n|switch|p2b: Rotom|Rotom-Wash, L50|100/100\n|turn|1\n|\n|t:|1776229971\n|detailschange|p2a: Glimmora|Glimmora-Mega, L50, F\n|-mega|p2a: Glimmora|Glimmora|Glimmoranite\n|move|p1b: Whimsicott|Protect|p1b: Whimsicott\n|-singleturn|p1b: Whimsicott|Protect\n|move|p2a: Glimmora|Spiky Shield|p2a: Glimmora\n|-singleturn|p2a: Glimmora|move: Protect\n|move|p1a: Rotom|Hydro Pump|p2a: Glimmora\n|-activate|p2a: Glimmora|move: Protect\n|move|p2b: Rotom|Volt Switch|p1b: Whimsicott\n|-activate|p1b: Whimsicott|move: Protect\n|\n|upkeep\n|turn|2\n|\n|t:|1776229994\n|switch|p2a: Garchomp|Garchomp, L50, M|100/100\n|move|p1b: Whimsicott|Encore||[still]\n|-fail|p1b: Whimsicott\n|move|p1a: Rotom|Thunderbolt|p2b: Rotom\n|-damage|p2b: Rotom|64/100\n|move|p2b: Rotom|Volt Switch|p1a: Rotom\n|-damage|p1a: Rotom|69/100\n|\n|t:|1776230007\n|switch|p2b: Glimmora|Glimmora-Mega, L50, F|100/100|[from] Volt Switch\n|\n|upkeep\n|turn|3\n|inactive|taco consumer has 30 seconds left.\n|inactive|taco consumer has 20 seconds left.\n|\n|t:|1776230047\n|switch|p2a: Incineroar|Incineroar, L50, M|100/100\n|-ability|p2a: Incineroar|Intimidate|boost\n|-unboost|p1a: Rotom|atk|1\n|-unboost|p1b: Whimsicott|atk|1\n|move|p2b: Glimmora|Spiky Shield|p2b: Glimmora\n|-singleturn|p2b: Glimmora|move: Protect\n|move|p1b: Whimsicott|Tailwind|p1b: Whimsicott\n|-sidestart|p1: JaxviVGC|move: Tailwind\n|move|p1a: Rotom|Will-O-Wisp|p2a: Incineroar\n|-immune|p2a: Incineroar\n|\n|upkeep\n|turn|4\n|\n|t:|1776230060\n|switch|p2b: Rotom|Rotom-Wash, L50|64/100\n|move|p1b: Whimsicott|Protect|p1b: Whimsicott\n|-singleturn|p1b: Whimsicott|Protect\n|move|p1a: Rotom|Hydro Pump|p2b: Rotom\n|-resisted|p2b: Rotom|1\n|-damage|p2b: Rotom|42/100\n|-enditem|p2b: Rotom|Sitrus Berry|[eat]\n|-heal|p2b: Rotom|67/100|[from] item: Sitrus Berry\n|move|p2a: Incineroar|Flare Blitz|p1b: Whimsicott\n|-activate|p1b: Whimsicott|move: Protect\n|\n|upkeep\n|turn|5\n|\n|t:|1776230076\n|move|p1b: Whimsicott|Moonblast|p2a: Incineroar\n|-damage|p2a: Incineroar|74/100\n|move|p1a: Rotom|Hydro Pump|p2a: Incineroar\n|-supereffective|p2a: Incineroar|1\n|-damage|p2a: Incineroar|10/100\n|move|p2b: Rotom|Volt Switch|p1b: Whimsicott\n|-resisted|p1b: Whimsicott|1\n|-damage|p1b: Whimsicott|72/100\n|\n|t:|1776230100\n|switch|p2b: Glimmora|Glimmora-Mega, L50, F|100/100|[from] Volt Switch\n|move|p2a: Incineroar|Flare Blitz|p1b: Whimsicott\n|-supereffective|p1b: Whimsicott|1\n|-damage|p1b: Whimsicott|0 fnt\n|faint|p1b: Whimsicott\n|-damage|p2a: Incineroar|0 fnt|[from] Recoil\n|faint|p2a: Incineroar\n|\n|upkeep\n|\n|t:|1776230111\n|switch|p1b: Excadrill|Excadrill, L50, M|100/100\n|switch|p2a: Garchomp|Garchomp, L50, M|100/100\n|turn|6\n|\n|t:|1776230124\n|move|p2a: Garchomp|Protect|p2a: Garchomp\n|-singleturn|p2a: Garchomp|Protect\n|move|p2b: Glimmora|Spiky Shield|p2b: Glimmora\n|-singleturn|p2b: Glimmora|move: Protect\n|move|p1b: Excadrill|High Horsepower|p2a: Garchomp\n|-activate|p2a: Garchomp|move: Protect\n|move|p1a: Rotom|Will-O-Wisp|p2a: Garchomp\n|-activate|p2a: Garchomp|move: Protect\n|\n|-sideend|p1: JaxviVGC|move: Tailwind\n|upkeep\n|turn|7\n|\n|t:|1776230143\n|switch|p2b: Rotom|Rotom-Wash, L50|67/100\n|move|p1b: Excadrill|Protect|p1b: Excadrill\n|-singleturn|p1b: Excadrill|Protect\n|move|p2a: Garchomp|Earthquake|p1a: Rotom|[spread] \n|-activate|p1b: Excadrill|move: Protect\n|-immune|p2b: Rotom|[from] ability: Levitate\n|-immune|p1a: Rotom|[from] ability: Levitate\n|move|p1a: Rotom|Will-O-Wisp|p2a: Garchomp\n|-status|p2a: Garchomp|brn\n|-enditem|p2a: Garchomp|Lum Berry|[eat]\n|-curestatus|p2a: Garchomp|brn|[msg]\n|\n|upkeep\n|turn|8\n|inactive|JaxviVGC has 30 seconds left.\n|\n|t:|1776230168\n|move|p1b: Excadrill|Protect|p1b: Excadrill\n|-singleturn|p1b: Excadrill|Protect\n|move|p2a: Garchomp|Earthquake|p1b: Excadrill|[spread] \n|-activate|p1b: Excadrill|move: Protect\n|-immune|p2b: Rotom|[from] ability: Levitate\n|-immune|p1a: Rotom|[from] ability: Levitate\n|move|p2b: Rotom|Will-O-Wisp|p1b: Excadrill\n|-activate|p1b: Excadrill|move: Protect\n|move|p1a: Rotom|Will-O-Wisp|p2a: Garchomp\n|-status|p2a: Garchomp|brn\n|\n|-damage|p2a: Garchomp|95/100 brn|[from] brn\n|upkeep\n|turn|9\n|inactive|JaxviVGC has 30 seconds left.\n|\n|t:|1776230198\n|switch|p1b: Floette|Floette-Eternal, L50, F|100/100\n|move|p2a: Garchomp|Earthquake|p1b: Floette|[spread] p1b\n|-immune|p2b: Rotom|[from] ability: Levitate\n|-immune|p1a: Rotom|[from] ability: Levitate\n|-damage|p1b: Floette|76/100\n|move|p1a: Rotom|Thunderbolt|p2b: Rotom\n|-damage|p2b: Rotom|28/100\n|move|p2b: Rotom|Hydro Pump|p1b: Floette|[miss]\n|-miss|p2b: Rotom|p1b: Floette\n|\n|-damage|p2a: Garchomp|89/100 brn|[from] brn\n|upkeep\n|turn|10\n|\n|t:|1776230217\n|detailschange|p1b: Floette|Floette-Mega, L50, F\n|-mega|p1b: Floette|Floette|Floettite\n|-ability|p1b: Floette|Fairy Aura\n|move|p2a: Garchomp|Rock Slide|p1a: Rotom|[spread] p1a,p1b\n|-damage|p1a: Rotom|58/100\n|-damage|p1b: Floette|66/100\n|move|p1b: Floette|Dazzling Gleam|p2a: Garchomp|[spread] p2a,p2b\n|-supereffective|p2a: Garchomp|1\n|-damage|p2a: Garchomp|0 fnt\n|-damage|p2b: Rotom|0 fnt\n|faint|p2a: Garchomp\n|faint|p2b: Rotom\n|cant|p1a: Rotom|flinch\n|\n|upkeep\n|\n|t:|1776230227\n|switch|p2b: Glimmora|Glimmora-Mega, L50, F|100/100\n|turn|11\n|-message|taco consumer forfeited.\n|\n|win|JaxviVGC\n|raw|JaxviVGC's rating: 1383 &rarr; <strong>1398</strong><br />(+15 for winning)\n|raw|taco consumer's rating: 1303 &rarr; <strong>1288</strong><br />(-15 for losing)\n|l|\u2606taco consumer\n|player|p2|\n",
  "uploadtime": 1776230251,
  "views": 29,
  "formatid": "gen9championsvgc2026regma",
  "rating": 1288,
  "private": 0,
  "password": null
}