{
  "id": "gen9championsvgc2026regma-2586883447",
  "format": "[Gen 9 Champions] VGC 2026 Reg M-A",
  "players": [
    "sirae",
    "C_MarioGG"
  ],
  "log": "|j|\u2606sirae\n|j|\u2606C_MarioGG\n|t:|1776468299\n|gametype|doubles\n|player|p1|sirae|caitlin|1206\n|player|p2|C_MarioGG|gambler|1194\n|gen|9\n|tier|[Gen 9 Champions] VGC 2026 Reg M-A\n|rated|\n|rule|Species Clause: Limit one of each Pok\u00e9mon\n|rule|Item Clause: Limit 1 of each item\n|clearpoke\n|poke|p1|Meganium, L50, F|\n|poke|p1|Farigiraf, L50, F|\n|poke|p1|Incineroar, L50, F|\n|poke|p1|Rotom-Wash, L50|\n|poke|p1|Tyranitar, L50, F|\n|poke|p1|Excadrill, L50, F|\n|poke|p2|Pelipper, L50, M|\n|poke|p2|Basculegion, L50, M|\n|poke|p2|Archaludon, L50, F|\n|poke|p2|Meganium, L50, M|\n|poke|p2|Dragonite, L50, M|\n|poke|p2|Sinistcha, L50|\n|teampreview|4\n|inactive|Battle timer is ON: inactive players will automatically lose when time's up. (requested by sirae)\n|inactive|sirae has 60 seconds left.\n|inactive|C_MarioGG has 60 seconds left.\n|inactive|sirae has 30 seconds left.\n|\n|t:|1776468370\n|teamsize|p1|4\n|teamsize|p2|4\n|start\n|switch|p1a: Tyranitar|Tyranitar, L50, F|100/100\n|switch|p1b: Excadrill|Excadrill, L50, F|100/100\n|switch|p2a: Basculegion|Basculegion, L50, M|100/100\n|switch|p2b: Archaludon|Archaludon, L50, F, shiny|100/100\n|-weather|Sandstorm|[from] ability: Sand Stream|[of] p1a: Tyranitar\n|turn|1\n|inactive|C_MarioGG has 30 seconds left.\n|inactive|C_MarioGG has 20 seconds left.\n|\n|t:|1776468408\n|switch|p2b: Pelipper|Pelipper, L50, M, shiny|100/100\n|-weather|RainDance|[from] ability: Drizzle|[of] p2b: Pelipper\n|switch|p1a: Rotom|Rotom-Wash, L50|100/100\n|move|p2a: Basculegion|Wave Crash|p1a: Rotom\n|-resisted|p1a: Rotom|1\n|-damage|p1a: Rotom|40/100\n|-damage|p2a: Basculegion|85/100|[from] Recoil\n|move|p1b: Excadrill|Earthquake|p2a: Basculegion|[spread] p2a\n|-immune|p1a: Rotom|[from] ability: Levitate\n|-immune|p2b: Pelipper\n|-damage|p2a: Basculegion|28/100\n|\n|-weather|RainDance|[upkeep]\n|upkeep\n|turn|2\n|inactive|C_MarioGG has 30 seconds left.\n|\n|t:|1776468436\n|move|p1b: Excadrill|Protect|p1b: Excadrill\n|-singleturn|p1b: Excadrill|Protect\n|move|p2a: Basculegion|Wave Crash|p1b: Excadrill\n|-activate|p1b: Excadrill|move: Protect\n|move|p1a: Rotom|Volt Switch|p2b: Pelipper\n|-supereffective|p2b: Pelipper|2\n|-enditem|p2b: Pelipper|Focus Sash\n|-damage|p2b: Pelipper|1/100\n|\n|t:|1776468448\n|switch|p1a: Tyranitar|Tyranitar, L50, F|100/100|[from] Volt Switch\n|-weather|Sandstorm|[from] ability: Sand Stream|[of] p1a: Tyranitar\n|move|p2b: Pelipper|Tailwind|p2b: Pelipper\n|-sidestart|p2: C_MarioGG|move: Tailwind\n|\n|-weather|Sandstorm|[upkeep]\n|-damage|p2a: Basculegion|22/100|[from] Sandstorm\n|-damage|p2b: Pelipper|0 fnt|[from] Sandstorm\n|faint|p2b: Pelipper\n|upkeep\n|\n|t:|1776468462\n|switch|p2b: Meganium|Meganium, L50, M|100/100\n|turn|3\n|\n|t:|1776468482\n|detailschange|p2b: Meganium|Meganium-Mega, L50, M\n|-mega|p2b: Meganium|Meganium|Meganiumite\n|move|p1a: Tyranitar|Protect|p1a: Tyranitar\n|-singleturn|p1a: Tyranitar|Protect\n|move|p2a: Basculegion|Aqua Jet|p1b: Excadrill\n|-supereffective|p1b: Excadrill|1\n|-damage|p1b: Excadrill|23/100\n|move|p1b: Excadrill|Iron Head|p2b: Meganium\n|-supereffective|p2b: Meganium|1\n|-damage|p2b: Meganium|19/100\n|cant|p2b: Meganium|flinch\n|\n|-weather|Sandstorm|[upkeep]\n|-damage|p2a: Basculegion|16/100|[from] Sandstorm\n|-damage|p2b: Meganium|13/100|[from] Sandstorm\n|upkeep\n|turn|4\n|inactive|C_MarioGG has 30 seconds left.\n|\n|t:|1776468508\n|move|p1b: Excadrill|Protect|p1b: Excadrill\n|-singleturn|p1b: Excadrill|Protect\n|move|p2a: Basculegion|Aqua Jet|p1b: Excadrill\n|-activate|p1b: Excadrill|move: Protect\n|move|p2b: Meganium|Solar Beam||[still]\n|-prepare|p2b: Meganium|Solar Beam\n|-activate|p2b: Meganium|ability: Mega Sol\n|-anim|p2b: Meganium|Solar Beam|p1a: Tyranitar\n|-supereffective|p1a: Tyranitar|1\n|-damage|p1a: Tyranitar|0 fnt\n|faint|p1a: Tyranitar\n|\n|-weather|Sandstorm|[upkeep]\n|-damage|p2a: Basculegion|10/100|[from] Sandstorm\n|-damage|p2b: Meganium|7/100|[from] Sandstorm\n|upkeep\n|inactive|sirae has 30 seconds left.\n|\n|t:|1776468539\n|switch|p1a: Meganium|Meganium, L50, F|100/100\n|turn|5\n|\n|t:|1776468553\n|switch|p1b: Rotom|Rotom-Wash, L50|40/100\n|detailschange|p1a: Meganium|Meganium-Mega, L50, F\n|-mega|p1a: Meganium|Meganium|Meganiumite\n|move|p2a: Basculegion|Aqua Jet|p1b: Rotom\n|-resisted|p1b: Rotom|1\n|-damage|p1b: Rotom|26/100\n|move|p2b: Meganium|Weather Ball|p1a: Meganium\n|-supereffective|p1a: Meganium|1\n|-damage|p1a: Meganium|10/100\n|move|p1a: Meganium|Dazzling Gleam|p2a: Basculegion|[spread] p2a,p2b\n|-damage|p2a: Basculegion|0 fnt\n|-damage|p2b: Meganium|0 fnt\n|faint|p2a: Basculegion\n|faint|p2b: Meganium\n|\n|-weather|Sandstorm|[upkeep]\n|-damage|p1b: Rotom|20/100|[from] Sandstorm\n|-damage|p1a: Meganium|4/100|[from] Sandstorm\n|-sideend|p2: C_MarioGG|move: Tailwind\n|upkeep\n|\n|t:|1776468566\n|switch|p2b: Archaludon|Archaludon, L50, F, shiny|100/100\n|turn|6\n|\n|t:|1776468585\n|move|p2b: Archaludon|Flash Cannon|p1a: Meganium\n|-supereffective|p1a: Meganium|1\n|-damage|p1a: Meganium|0 fnt\n|faint|p1a: Meganium\n|move|p1b: Rotom|Will-O-Wisp|p2b: Archaludon\n|-status|p2b: Archaludon|brn\n|\n|-weather|none\n|-damage|p2b: Archaludon|95/100 brn|[from] brn\n|upkeep\n|\n|t:|1776468589\n|switch|p1a: Excadrill|Excadrill, L50, F|23/100\n|turn|7\n|\n|t:|1776468606\n|move|p1a: Excadrill|Earthquake|p2b: Archaludon|[spread] p2b\n|-immune|p1b: Rotom|[from] ability: Levitate\n|-supereffective|p2b: Archaludon|1\n|-damage|p2b: Archaludon|22/100 brn\n|-ability|p2b: Archaludon|Stamina|boost\n|-boost|p2b: Archaludon|def|1\n|move|p2b: Archaludon|Draco Meteor|p1a: Excadrill\n|-resisted|p1a: Excadrill|1\n|-damage|p1a: Excadrill|0 fnt\n|-unboost|p2b: Archaludon|spa|2\n|faint|p1a: Excadrill\n|move|p1b: Rotom|Hydro Pump|p2b: Archaludon\n|-resisted|p2b: Archaludon|1\n|-damage|p2b: Archaludon|0 fnt\n|faint|p2b: Archaludon\n|\n|win|sirae\n|raw|sirae's rating: 1206 &rarr; <strong>1230</strong><br />(+24 for winning)\n|raw|C_MarioGG's rating: 1194 &rarr; <strong>1170</strong><br />(-24 for losing)\n|l|\u2606C_MarioGG\n|player|p2|\n",
  "uploadtime": 1776468619,
  "views": 23,
  "formatid": "gen9championsvgc2026regma",
  "rating": 1170,
  "private": 0,
  "password": null
}