{
  "id": "gen9championsvgc2026regma-2580659347",
  "format": "[Gen 9 Champions] VGC 2026 Reg M-A",
  "players": [
    "nakoharuno",
    "yoabyss"
  ],
  "log": "|j|\u2606nakoharuno\n|j|\u2606yoabyss\n|t:|1775922056\n|gametype|doubles\n|player|p1|nakoharuno|dawn|1024\n|player|p2|yoabyss|2|1000\n|gen|9\n|tier|[Gen 9 Champions] VGC 2026 Reg M-A\n|rated|\n|rule|Species Clause: Limit one of each Pok\u00e9mon\n|rule|Item Clause: Limit 1 of each item\n|clearpoke\n|poke|p1|Feraligatr, L50, M|\n|poke|p1|Pelipper, L50, M|\n|poke|p1|Charizard, L50, M|\n|poke|p1|Typhlosion-Hisui, L50, F|\n|poke|p1|Sinistcha, L50|\n|poke|p1|Clefable, L50, F|\n|poke|p2|Gallade, L50, M|\n|poke|p2|Drampa, L50, F|\n|poke|p2|Pelipper, L50, M|\n|poke|p2|Klefki, L50, M|\n|teampreview|4\n|inactive|Battle timer is ON: inactive players will automatically lose when time's up. (requested by yoabyss)\n|\n|t:|1775922065\n|teamsize|p1|4\n|teamsize|p2|4\n|start\n|switch|p1a: Jacar\u00e9 v\u00e1 pra casa|Feraligatr, L50, M|100/100\n|switch|p1b: Pelipper|Pelipper, L50, M|100/100\n|switch|p2a: Pelipper|Pelipper, L50, M|100/100\n|switch|p2b: Klefki|Klefki, L50, M|100/100\n|-weather|RainDance|[from] ability: Drizzle|[of] p1b: Pelipper\n|turn|1\n|\n|t:|1775922090\n|move|p1a: Jacar\u00e9 v\u00e1 pra casa|Dragon Dance|p1a: Jacar\u00e9 v\u00e1 pra casa\n|-boost|p1a: Jacar\u00e9 v\u00e1 pra casa|atk|1\n|-boost|p1a: Jacar\u00e9 v\u00e1 pra casa|spe|1\n|move|p1b: Pelipper|Tailwind|p1b: Pelipper\n|-sidestart|p1: nakoharuno|move: Tailwind\n|move|p2a: Pelipper|Tailwind|p2a: Pelipper\n|-sidestart|p2: yoabyss|move: Tailwind\n|move|p2b: Klefki|Trick Room|p2b: Klefki\n|-fieldstart|move: Trick Room|[of] p2b: Klefki\n|\n|-weather|RainDance|[upkeep]\n|upkeep\n|turn|2\n|\n|t:|1775922113\n|switch|p1b: Sinistcha|Sinistcha, L50|100/100\n|move|p2b: Klefki|Reflect|p2b: Klefki\n|-sidestart|p2: yoabyss|Reflect\n|move|p2a: Pelipper|U-turn|p1a: Jacar\u00e9 v\u00e1 pra casa\n|-damage|p1a: Jacar\u00e9 v\u00e1 pra casa|91/100\n|\n|t:|1775922121\n|switch|p2a: Drampa|Drampa, L50, F|100/100|[from] U-turn\n|move|p1a: Jacar\u00e9 v\u00e1 pra casa|Liquidation|p2b: Klefki\n|-damage|p2b: Klefki|36/100\n|\n|-weather|RainDance|[upkeep]\n|-heal|p2b: Klefki|42/100|[from] item: Leftovers\n|upkeep\n|turn|3\n|\n|t:|1775922140\n|switch|p2b: Pelipper|Pelipper, L50, M|100/100\n|detailschange|p2a: Drampa|Drampa-Mega, L50, F\n|-mega|p2a: Drampa|Drampa|Drampanite\n|move|p1a: Jacar\u00e9 v\u00e1 pra casa|Protect|p1a: Jacar\u00e9 v\u00e1 pra casa\n|-singleturn|p1a: Jacar\u00e9 v\u00e1 pra casa|Protect\n|move|p2a: Drampa|Thunder|p1a: Jacar\u00e9 v\u00e1 pra casa\n|-activate|p1a: Jacar\u00e9 v\u00e1 pra casa|move: Protect\n|move|p1b: Sinistcha|Trick Room|p1b: Sinistcha\n|-fieldend|move: Trick Room\n|\n|-weather|RainDance|[upkeep]\n|upkeep\n|turn|4\n|inactive|nakoharuno has 30 seconds left.\n|\n|t:|1775922168\n|switch|p1a: Clefable|Clefable, L50, F|100/100\n|move|p2b: Pelipper|Protect|p2b: Pelipper\n|-singleturn|p2b: Pelipper|Protect\n|move|p1b: Sinistcha|Matcha Gotcha|p2b: Pelipper|[spread] p2a\n|-activate|p2b: Pelipper|move: Protect\n|-resisted|p2a: Drampa|1\n|-damage|p2a: Drampa|89/100\n|move|p2a: Drampa|Hurricane|p1b: Sinistcha\n|-supereffective|p1b: Sinistcha|1\n|-damage|p1b: Sinistcha|11/100\n|-enditem|p1b: Sinistcha|Sitrus Berry|[eat]\n|-heal|p1b: Sinistcha|36/100|[from] item: Sitrus Berry\n|\n|-weather|RainDance|[upkeep]\n|-sideend|p2: yoabyss|move: Tailwind\n|-sideend|p1: nakoharuno|move: Tailwind\n|upkeep\n|turn|5\n|inactive|nakoharuno has 30 seconds left.\n|inactive|yoabyss has 30 seconds left.\n|\n|t:|1775922197\n|move|p1b: Sinistcha|Matcha Gotcha|p2a: Drampa|[spread] p2a,p2b\n|-resisted|p2a: Drampa|1\n|-damage|p2a: Drampa|80/100\n|-heal|p1b: Sinistcha|41/100|[from] drain|[of] p2a: Drampa\n|-damage|p2b: Pelipper|71/100\n|-heal|p1b: Sinistcha|54/100|[from] drain|[of] p2b: Pelipper\n|-status|p2a: Drampa|brn\n|-status|p2b: Pelipper|brn\n|move|p2b: Pelipper|Tailwind|p2b: Pelipper\n|-sidestart|p2: yoabyss|move: Tailwind\n|move|p2a: Drampa|Hurricane|p1b: Sinistcha\n|-supereffective|p1b: Sinistcha|1\n|-damage|p1b: Sinistcha|0 fnt\n|faint|p1b: Sinistcha\n|move|p1a: Clefable|Calm Mind|p1a: Clefable\n|-boost|p1a: Clefable|spa|1\n|-boost|p1a: Clefable|spd|1\n|\n|-weather|none\n|-damage|p2b: Pelipper|65/100 brn|[from] brn\n|-damage|p2a: Drampa|74/100 brn|[from] brn\n|upkeep\n|inactive|nakoharuno has 30 seconds left.\n|\n|t:|1775922224\n|switch|p1b: Jacar\u00e9 v\u00e1 pra casa|Feraligatr, L50, M|91/100\n|turn|6\n|\n|t:|1775922235\n|move|p1b: Jacar\u00e9 v\u00e1 pra casa|Protect|p1b: Jacar\u00e9 v\u00e1 pra casa\n|-singleturn|p1b: Jacar\u00e9 v\u00e1 pra casa|Protect\n|move|p2b: Pelipper|U-turn|p1a: Clefable\n|-resisted|p1a: Clefable|1\n|-damage|p1a: Clefable|99/100\n|\n|t:|1775922243\n|switch|p2b: Klefki|Klefki, L50, M|42/100|[from] U-turn\n|move|p2a: Drampa|Thunder Wave|p1b: Jacar\u00e9 v\u00e1 pra casa\n|-activate|p1b: Jacar\u00e9 v\u00e1 pra casa|move: Protect\n|move|p1a: Clefable|Moonblast|p2a: Drampa\n|-supereffective|p2a: Drampa|1\n|-damage|p2a: Drampa|0 fnt\n|faint|p2a: Drampa\n|\n|-heal|p2b: Klefki|48/100|[from] item: Leftovers\n|-heal|p1a: Clefable|100/100|[from] item: Leftovers\n|-sideend|p2: yoabyss|Reflect\n|upkeep\n|\n|t:|1775922252\n|switch|p2a: Pelipper|Pelipper, L50, M|65/100 brn\n|-weather|RainDance|[from] ability: Drizzle|[of] p2a: Pelipper\n|turn|7\n|inactive|nakoharuno has 30 seconds left.\n|\n|t:|1775922281\n|detailschange|p1b: Jacar\u00e9 v\u00e1 pra casa|Feraligatr-Mega, L50, M\n|-mega|p1b: Jacar\u00e9 v\u00e1 pra casa|Feraligatr|Feraligite\n|move|p1a: Clefable|Follow Me|p1a: Clefable\n|-singleturn|p1a: Clefable|move: Follow Me\n|move|p2b: Klefki|Reflect|p2b: Klefki\n|-sidestart|p2: yoabyss|Reflect\n|move|p2a: Pelipper|U-turn|p1a: Clefable\n|-resisted|p1a: Clefable|1\n|-damage|p1a: Clefable|99/100\n|\n|t:|1775922288\n|switch|p2a: Gallade|Gallade, L50, M|100/100|[from] U-turn\n|move|p1b: Jacar\u00e9 v\u00e1 pra casa|Liquidation|p2b: Klefki\n|-damage|p2b: Klefki|0 fnt\n|faint|p2b: Klefki\n|\n|-weather|RainDance|[upkeep]\n|-heal|p1a: Clefable|100/100|[from] item: Leftovers\n|upkeep\n|\n|t:|1775922294\n|switch|p2b: Pelipper|Pelipper, L50, M|65/100 brn\n|turn|8\n|\n|t:|1775922318\n|move|p2a: Gallade|Leaf Blade|p1b: Jacar\u00e9 v\u00e1 pra casa\n|-damage|p1b: Jacar\u00e9 v\u00e1 pra casa|49/100\n|move|p2b: Pelipper|Hydro Pump|p1a: Clefable|[miss]\n|-miss|p2b: Pelipper|p1a: Clefable\n|move|p1b: Jacar\u00e9 v\u00e1 pra casa|Double-Edge|p2a: Gallade\n|-damage|p2a: Gallade|0 fnt\n|faint|p2a: Gallade\n|-damage|p1b: Jacar\u00e9 v\u00e1 pra casa|20/100|[from] Recoil\n|move|p1a: Clefable|Moonblast|p2b: Pelipper\n|-damage|p2b: Pelipper|4/100 brn\n|\n|-weather|RainDance|[upkeep]\n|-damage|p2b: Pelipper|0 fnt|[from] brn\n|faint|p2b: Pelipper\n|\n|win|nakoharuno\n|raw|nakoharuno's rating: 1024 &rarr; <strong>1058</strong><br />(+34 for winning)\n|raw|yoabyss's rating: 1000 &rarr; <strong>1000</strong><br />(+0 for losing)\n|l|\u2606yoabyss\n|player|p2|\n|c|\u2606nakoharuno|GG\n",
  "uploadtime": 1775922344,
  "views": 15,
  "formatid": "gen9championsvgc2026regma",
  "rating": 1000,
  "private": 0,
  "password": null
}