{
  "id": "gen9championsvgc2026regma-2582880195",
  "format": "[Gen 9 Champions] VGC 2026 Reg M-A",
  "players": [
    "CoffeeMoffee",
    "warcrimesgaming"
  ],
  "log": "|j|\u2606CoffeeMoffee\n|j|\u2606warcrimesgaming\n|t:|1776121549\n|gametype|doubles\n|player|p1|CoffeeMoffee|scientist|1030\n|player|p2|warcrimesgaming|harlequin|1125\n|gen|9\n|tier|[Gen 9 Champions] VGC 2026 Reg M-A\n|rated|\n|rule|Species Clause: Limit one of each Pok\u00e9mon\n|rule|Item Clause: Limit 1 of each item\n|clearpoke\n|poke|p1|Floette-Eternal, L50, F|\n|poke|p1|Kingambit, L50, F|\n|poke|p1|Garchomp, L50, F|\n|poke|p1|Incineroar, L50, M|\n|poke|p1|Rotom-Wash, L50|\n|poke|p1|Sinistcha, L50|\n|poke|p2|Beedrill, L50, M|\n|poke|p2|Incineroar, L50, F|\n|poke|p2|Whimsicott, L50, F|\n|poke|p2|Milotic, L50, F|\n|poke|p2|Farigiraf, L50, M|\n|poke|p2|Garchomp, L50, F|\n|teampreview|4\n|inactive|Battle timer is ON: inactive players will automatically lose when time's up. (requested by warcrimesgaming)\n|inactive|CoffeeMoffee also wants the timer to be on.\n|inactive|CoffeeMoffee has 60 seconds left.\n|inactive|warcrimesgaming has 60 seconds left.\n|\n|t:|1776121608\n|teamsize|p1|4\n|teamsize|p2|4\n|start\n|switch|p1a: Kingambit|Kingambit, L50, F, shiny|100/100\n|switch|p1b: Floette|Floette-Eternal, L50, F|100/100\n|switch|p2a: Mega-Ballin'|Beedrill, L50, M|100/100\n|switch|p2b: Horse 3 VIII|Milotic, L50, F|100/100\n|turn|1\n|inactive|CoffeeMoffee has 30 seconds left.\n|\n|t:|1776121636\n|move|p1b: Floette|Protect|p1b: Floette\n|-singleturn|p1b: Floette|Protect\n|move|p2a: Mega-Ballin'|Protect|p2a: Mega-Ballin'\n|-singleturn|p2a: Mega-Ballin'|Protect\n|move|p1a: Kingambit|Sucker Punch||[still]\n|-fail|p1a: Kingambit\n|move|p2b: Horse 3 VIII|Scald|p1a: Kingambit\n|-damage|p1a: Kingambit|59/100\n|\n|upkeep\n|turn|2\n|inactive|CoffeeMoffee has 30 seconds left.\n|inactive|CoffeeMoffee has 20 seconds left.\n|\n|t:|1776121674\n|switch|p1b: Rotom|Rotom-Wash, L50, shiny|100/100\n|switch|p2b: casio fx 991 sp cw|Farigiraf, L50, M|100/100\n|detailschange|p2a: Mega-Ballin'|Beedrill-Mega, L50, M\n|-mega|p2a: Mega-Ballin'|Beedrill|Beedrillite\n|move|p1a: Kingambit|Sucker Punch||[still]\n|cant|p2b: casio fx 991 sp cw|ability: Armor Tail|Sucker Punch|[of] p1a: Kingambit\n|move|p2a: Mega-Ballin'|Poison Jab|p1b: Rotom\n|-damage|p1b: Rotom|8/100\n|\n|upkeep\n|turn|3\n|inactive|CoffeeMoffee has 30 seconds left.\n|inactive|warcrimesgaming has 30 seconds left.\n|\n|t:|1776121704\n|move|p1a: Kingambit|Protect|p1a: Kingambit\n|-singleturn|p1a: Kingambit|Protect\n|move|p1b: Rotom|Will-O-Wisp|p2a: Mega-Ballin'\n|-status|p2a: Mega-Ballin'|brn\n|move|p2a: Mega-Ballin'|U-turn|p1a: Kingambit\n|-activate|p1a: Kingambit|move: Protect\n|move|p2b: casio fx 991 sp cw|Psychic|p1b: Rotom\n|-damage|p1b: Rotom|0 fnt\n|faint|p1b: Rotom\n|\n|-damage|p2a: Mega-Ballin'|95/100 brn|[from] brn\n|upkeep\n|\n|t:|1776121716\n|switch|p1b: Sinistcha|Sinistcha, L50, shiny|100/100\n|-heal|p1a: Kingambit|84/100|[from] ability: Hospitality|[of] p1b: Sinistcha\n|turn|4\n|\n|t:|1776121733\n|move|p2b: casio fx 991 sp cw|Protect|p2b: casio fx 991 sp cw\n|-singleturn|p2b: casio fx 991 sp cw|Protect\n|move|p1b: Sinistcha|Rage Powder|p1b: Sinistcha\n|-singleturn|p1b: Sinistcha|move: Rage Powder\n|move|p2a: Mega-Ballin'|Knock Off|p1b: Sinistcha\n|-supereffective|p1b: Sinistcha|1\n|-damage|p1b: Sinistcha|63/100\n|-enditem|p1b: Sinistcha|Sitrus Berry|[from] move: Knock Off|[of] p2a: Mega-Ballin'\n|move|p1a: Kingambit|Kowtow Cleave|p2a: Mega-Ballin'\n|-damage|p2a: Mega-Ballin'|0 fnt\n|faint|p2a: Mega-Ballin'\n|\n|upkeep\n|\n|t:|1776121743\n|switch|p2a: 2012ToyotaCorolla|Garchomp, L50, F|100/100\n|turn|5\n|\n|t:|1776121763\n|move|p1a: Kingambit|Protect|p1a: Kingambit\n|-singleturn|p1a: Kingambit|Protect\n|move|p2a: 2012ToyotaCorolla|Swords Dance|p2a: 2012ToyotaCorolla\n|-boost|p2a: 2012ToyotaCorolla|atk|2\n|move|p2b: casio fx 991 sp cw|Psychic|p1b: Sinistcha\n|-damage|p1b: Sinistcha|26/100\n|move|p1b: Sinistcha|Trick Room|p1b: Sinistcha\n|-fieldstart|move: Trick Room|[of] p1b: Sinistcha\n|\n|upkeep\n|turn|6\n|inactive|warcrimesgaming has 30 seconds left.\n|\n|t:|1776121790\n|move|p1a: Kingambit|Kowtow Cleave|p2a: 2012ToyotaCorolla\n|-damage|p2a: 2012ToyotaCorolla|34/100\n|-damage|p1a: Kingambit|72/100|[from] ability: Rough Skin|[of] p2a: 2012ToyotaCorolla\n|move|p1b: Sinistcha|Life Dew|p1b: Sinistcha|[spread] p1a,p1b\n|-heal|p1a: Kingambit|97/100\n|-heal|p1b: Sinistcha|51/100\n|move|p2a: 2012ToyotaCorolla|Rock Slide|p1a: Kingambit|[spread] p1b\n|-miss|p2a: 2012ToyotaCorolla|p1a: Kingambit\n|-damage|p1b: Sinistcha|14/100\n|move|p2b: casio fx 991 sp cw|Trick Room|p2b: casio fx 991 sp cw\n|-fieldend|move: Trick Room\n|\n|upkeep\n|turn|7\n|inactive|CoffeeMoffee has 30 seconds left.\n|\n|t:|1776121825\n|move|p1b: Sinistcha|Rage Powder|p1b: Sinistcha\n|-singleturn|p1b: Sinistcha|move: Rage Powder\n|move|p2a: 2012ToyotaCorolla|Stomping Tantrum|p1b: Sinistcha\n|-resisted|p1b: Sinistcha|1\n|-damage|p1b: Sinistcha|0 fnt\n|faint|p1b: Sinistcha\n|move|p2b: casio fx 991 sp cw|Psychic|p1a: Kingambit\n|-immune|p1a: Kingambit\n|move|p1a: Kingambit|Kowtow Cleave|p2a: 2012ToyotaCorolla\n|-damage|p2a: 2012ToyotaCorolla|0 fnt\n|-damage|p1a: Kingambit|85/100|[from] ability: Rough Skin|[of] p2a: 2012ToyotaCorolla\n|faint|p2a: 2012ToyotaCorolla\n|\n|upkeep\n|\n|t:|1776121840\n|switch|p2a: Horse 3 VIII|Milotic, L50, F|100/100\n|switch|p1b: Floette|Floette-Eternal, L50, F|100/100\n|turn|8\n|inactive|CoffeeMoffee has 30 seconds left.\n|\n|t:|1776121868\n|detailschange|p1b: Floette|Floette-Mega, L50, F\n|-mega|p1b: Floette|Floette|Floettite\n|-ability|p1b: Floette|Fairy Aura\n|move|p2b: casio fx 991 sp cw|Helping Hand|p2a: Horse 3 VIII\n|-singleturn|p2a: Horse 3 VIII|Helping Hand|[of] p2b: casio fx 991 sp cw\n|move|p1b: Floette|Moonblast|p2b: casio fx 991 sp cw\n|-damage|p2b: casio fx 991 sp cw|36/100\n|move|p2a: Horse 3 VIII|Scald|p1a: Kingambit\n|-damage|p1a: Kingambit|31/100\n|move|p1a: Kingambit|Kowtow Cleave|p2b: casio fx 991 sp cw\n|-supereffective|p2b: casio fx 991 sp cw|1\n|-damage|p2b: casio fx 991 sp cw|0 fnt\n|faint|p2b: casio fx 991 sp cw\n|\n|upkeep\n|turn|9\n|\n|t:|1776121888\n|move|p1a: Kingambit|Sucker Punch|p2a: Horse 3 VIII\n|-damage|p2a: Horse 3 VIII|59/100\n|move|p1b: Floette|Light of Ruin|p2a: Horse 3 VIII\n|-damage|p2a: Horse 3 VIII|0 fnt\n|faint|p2a: Horse 3 VIII\n|-damage|p1b: Floette|61/100|[from] Recoil\n|\n|win|CoffeeMoffee\n|raw|CoffeeMoffee's rating: 1030 &rarr; <strong>1075</strong><br />(+45 for winning)\n|raw|warcrimesgaming's rating: 1125 &rarr; <strong>1093</strong><br />(-32 for losing)\n|l|\u2606warcrimesgaming\n|player|p2|\n",
  "uploadtime": 1776121903,
  "views": 10,
  "formatid": "gen9championsvgc2026regma",
  "rating": 1075,
  "private": 0,
  "password": null
}