{
  "id": "gen9championsvgc2026regma-2585112637",
  "format": "[Gen 9 Champions] VGC 2026 Reg M-A",
  "players": [
    "Jselfie",
    "kabraHGA"
  ],
  "log": "|j|\u2606Jselfie\n|j|\u2606kabraHGA\n|t:|1776313191\n|gametype|doubles\n|player|p1|Jselfie|hilda-wonderlauncher|1096\n|player|p2|kabraHGA|265|1039\n|gen|9\n|tier|[Gen 9 Champions] VGC 2026 Reg M-A\n|rated|\n|rule|Species Clause: Limit one of each Pok\u00e9mon\n|rule|Item Clause: Limit 1 of each item\n|clearpoke\n|poke|p1|Scovillain, L50, M|\n|poke|p1|Torkoal, L50, M|\n|poke|p1|Whimsicott, L50, M|\n|poke|p1|Venusaur, L50, F|\n|poke|p1|Slowbro, L50, F|\n|poke|p1|Camerupt, L50, M|\n|poke|p2|Incineroar, L50, M|\n|poke|p2|Raichu, L50, F|\n|poke|p2|Feraligatr, L50, F|\n|poke|p2|Archaludon, L50, F|\n|poke|p2|Sinistcha, L50|\n|poke|p2|Pelipper, L50, F|\n|teampreview|4\n|inactive|Battle timer is ON: inactive players will automatically lose when time's up. (requested by Jselfie)\n|\n|t:|1776313216\n|teamsize|p1|4\n|teamsize|p2|4\n|start\n|switch|p1a: Whimsicott|Whimsicott, L50, M|100/100\n|switch|p1b: Slowbro|Slowbro, L50, F|100/100\n|switch|p2a: Pelipper|Pelipper, L50, F|100/100\n|switch|p2b: Incineroar|Incineroar, L50, M|100/100\n|-weather|RainDance|[from] ability: Drizzle|[of] p2a: Pelipper\n|-ability|p2b: Incineroar|Intimidate|boost\n|-unboost|p1a: Whimsicott|atk|1\n|-unboost|p1b: Slowbro|atk|1\n|turn|1\n|\n|t:|1776313233\n|move|p1b: Slowbro|Protect|p1b: Slowbro\n|-singleturn|p1b: Slowbro|Protect\n|move|p2b: Incineroar|Fake Out|p1a: Whimsicott\n|-damage|p1a: Whimsicott|79/100\n|cant|p1a: Whimsicott|flinch\n|move|p2a: Pelipper|Tailwind|p2a: Pelipper\n|-sidestart|p2: kabraHGA|move: Tailwind\n|\n|-weather|RainDance|[upkeep]\n|upkeep\n|turn|2\n|\n|t:|1776313251\n|move|p1a: Whimsicott|Sunny Day|p1a: Whimsicott\n|-weather|SunnyDay\n|move|p2a: Pelipper|Hurricane|p1a: Whimsicott\n|-supereffective|p1a: Whimsicott|1\n|-damage|p1a: Whimsicott|0 fnt\n|faint|p1a: Whimsicott\n|move|p2b: Incineroar|Throat Chop|p1b: Slowbro\n|-supereffective|p1b: Slowbro|1\n|-damage|p1b: Slowbro|36/100\n|-start|p1b: Slowbro|Throat Chop|[silent]\n|-enditem|p1b: Slowbro|Sitrus Berry|[eat]\n|-heal|p1b: Slowbro|60/100|[from] item: Sitrus Berry\n|move|p1b: Slowbro|Trick Room|p1b: Slowbro\n|-fieldstart|move: Trick Room|[of] p1b: Slowbro\n|\n|-weather|SunnyDay|[upkeep]\n|upkeep\n|\n|t:|1776313265\n|switch|p1a: Camerupt|Camerupt, L50, M|100/100\n|turn|3\n|inactive|kabraHGA has 30 seconds left.\n|\n|t:|1776313299\n|switch|p2a: Feraligatr|Feraligatr, L50, F|100/100\n|detailschange|p1a: Camerupt|Camerupt-Mega, L50, M\n|-mega|p1a: Camerupt|Camerupt|Cameruptite\n|move|p1a: Camerupt|Earth Power|p2b: Incineroar\n|-supereffective|p2b: Incineroar|1\n|-damage|p2b: Incineroar|0 fnt\n|faint|p2b: Incineroar\n|move|p1b: Slowbro|Psychic|p2a: Feraligatr\n|-damage|p2a: Feraligatr|49/100\n|\n|-weather|SunnyDay|[upkeep]\n|-end|p1b: Slowbro|Throat Chop|[silent]\n|upkeep\n|\n|t:|1776313311\n|switch|p2b: Pelipper|Pelipper, L50, F|100/100\n|-weather|RainDance|[from] ability: Drizzle|[of] p2b: Pelipper\n|turn|4\n|\n|t:|1776313324\n|switch|p1a: Torkoal|Torkoal, L50, M|100/100\n|-weather|SunnyDay|[from] ability: Drought|[of] p1a: Torkoal\n|detailschange|p2a: Feraligatr|Feraligatr-Mega, L50, F\n|-mega|p2a: Feraligatr|Feraligatr|Feraligite\n|move|p2b: Pelipper|Protect|p2b: Pelipper\n|-singleturn|p2b: Pelipper|Protect\n|move|p2a: Feraligatr|Protect|p2a: Feraligatr\n|-singleturn|p2a: Feraligatr|Protect\n|move|p1b: Slowbro|Psychic|p2a: Feraligatr\n|-activate|p2a: Feraligatr|move: Protect\n|\n|-weather|SunnyDay|[upkeep]\n|-sideend|p2: kabraHGA|move: Tailwind\n|upkeep\n|turn|5\n|inactive|kabraHGA has 30 seconds left.\n|inactive|kabraHGA has 20 seconds left.\n|\n|t:|1776313361\n|move|p1a: Torkoal|Protect|p1a: Torkoal\n|-singleturn|p1a: Torkoal|Protect\n|move|p1b: Slowbro|Psychic|p2a: Feraligatr\n|-damage|p2a: Feraligatr|4/100\n|move|p2b: Pelipper|Hurricane|p1a: Torkoal\n|-activate|p1a: Torkoal|move: Protect\n|move|p2a: Feraligatr|Double-Edge|p1b: Slowbro\n|-damage|p1b: Slowbro|0 fnt\n|faint|p1b: Slowbro\n|-damage|p2a: Feraligatr|0 fnt|[from] Recoil\n|faint|p2a: Feraligatr\n|\n|-weather|SunnyDay|[upkeep]\n|upkeep\n|\n|t:|1776313377\n|switch|p1b: Camerupt|Camerupt-Mega, L50, M|100/100\n|switch|p2a: Archaludon|Archaludon, L50, F|100/100\n|turn|6\n|\n|t:|1776313390\n|move|p2b: Pelipper|Protect|p2b: Pelipper\n|-singleturn|p2b: Pelipper|Protect\n|move|p2a: Archaludon|Protect|p2a: Archaludon\n|-singleturn|p2a: Archaludon|Protect\n|move|p1a: Torkoal|Eruption|p2a: Archaludon|[spread] \n|-activate|p2a: Archaludon|move: Protect\n|-activate|p2b: Pelipper|move: Protect\n|move|p1b: Camerupt|Eruption|p2b: Pelipper|[spread] \n|-activate|p2a: Archaludon|move: Protect\n|-activate|p2b: Pelipper|move: Protect\n|\n|-weather|SunnyDay|[upkeep]\n|-fieldend|move: Trick Room\n|upkeep\n|turn|7\n|inactive|kabraHGA has 30 seconds left.\n|\n|t:|1776313419\n|move|p2a: Archaludon|Draco Meteor|p1b: Camerupt\n|-damage|p1b: Camerupt|30/100\n|-unboost|p2a: Archaludon|spa|2\n|move|p2b: Pelipper|Hurricane|p1b: Camerupt|[miss]\n|-miss|p2b: Pelipper|p1b: Camerupt\n|move|p1b: Camerupt|Eruption|p2a: Archaludon|[spread] p2a,p2b\n|-resisted|p2b: Pelipper|1\n|-damage|p2a: Archaludon|75/100\n|-damage|p2b: Pelipper|84/100\n|move|p1a: Torkoal|Eruption|p2b: Pelipper|[spread] p2a,p2b\n|-resisted|p2b: Pelipper|1\n|-damage|p2a: Archaludon|0 fnt\n|-damage|p2b: Pelipper|41/100\n|faint|p2a: Archaludon\n|\n|-weather|SunnyDay|[upkeep]\n|upkeep\n|turn|8\n|\n|t:|1776313441\n|move|p2b: Pelipper|Hurricane|p1b: Camerupt\n|-damage|p1b: Camerupt|0 fnt\n|faint|p1b: Camerupt\n|move|p1a: Torkoal|Flamethrower|p2b: Pelipper\n|-resisted|p2b: Pelipper|1\n|-damage|p2b: Pelipper|6/100\n|\n|-weather|none\n|upkeep\n|turn|9\n|\n|t:|1776313455\n|move|p2b: Pelipper|Hurricane|p1a: Torkoal\n|-damage|p1a: Torkoal|60/100\n|move|p1a: Torkoal|Weather Ball|p2b: Pelipper\n|-damage|p2b: Pelipper|0 fnt\n|faint|p2b: Pelipper\n|\n|win|Jselfie\n|raw|Jselfie's rating: 1096 &rarr; <strong>1117</strong><br />(+21 for winning)\n|raw|kabraHGA's rating: 1039 &rarr; <strong>1026</strong><br />(-13 for losing)\n|l|\u2606kabraHGA\n|player|p2|\n",
  "uploadtime": 1776313463,
  "views": 33,
  "formatid": "gen9championsvgc2026regma",
  "rating": 1026,
  "private": 0,
  "password": null
}