{
  "id": "gen9championsvgc2026regma-2585902240",
  "format": "[Gen 9 Champions] VGC 2026 Reg M-A",
  "players": [
    "jijiojioj",
    "mateobosques"
  ],
  "log": "|j|\u2606jijiojioj\n|j|\u2606mateobosques\n|t:|1776379885\n|gametype|doubles\n|player|p1|jijiojioj|will|1087\n|player|p2|mateobosques|iris-gen5bw2|1000\n|gen|9\n|tier|[Gen 9 Champions] VGC 2026 Reg M-A\n|rated|\n|rule|Species Clause: Limit one of each Pok\u00e9mon\n|rule|Item Clause: Limit 1 of each item\n|clearpoke\n|poke|p1|Froslass, L50, F|\n|poke|p1|Milotic, L50, M|\n|poke|p1|Garchomp, L50, M|\n|poke|p1|Sneasler, L50, M|\n|poke|p1|Sinistcha, L50|\n|poke|p1|Kingambit, L50, M|\n|poke|p2|Golurk, L50|\n|poke|p2|Aegislash, L50, M|\n|poke|p2|Vanilluxe, L50, F|\n|poke|p2|Clefable, L50, F|\n|poke|p2|Avalugg, L50, M|\n|poke|p2|Milotic, L50, F|\n|teampreview|4\n|inactive|Battle timer is ON: inactive players will automatically lose when time's up. (requested by mateobosques)\n|\n|t:|1776379965\n|teamsize|p1|4\n|teamsize|p2|4\n|start\n|switch|p1a: Garchomp|Garchomp, L50, M|100/100\n|switch|p1b: Kingambit|Kingambit, L50, M|100/100\n|switch|p2a: Aegislash|Aegislash, L50, M|100/100\n|switch|p2b: Golurk|Golurk, L50|100/100\n|turn|1\n|inactive|jijiojioj has 30 seconds left.\n|inactive|jijiojioj has 20 seconds left.\n|inactive|jijiojioj has 15 seconds left.\n|inactive|jijiojioj has 10 seconds left.\n|inactive|jijiojioj has 5 seconds left.\n|\n|t:|1776380029\n|switch|p2a: Clefable|Clefable, L50, F|100/100\n|move|p1a: Garchomp|Protect|p1a: Garchomp\n|-singleturn|p1a: Garchomp|Protect\n|move|p1b: Kingambit|Protect|p1b: Kingambit\n|-singleturn|p1b: Kingambit|Protect\n|move|p2b: Golurk|High Horsepower|p1b: Kingambit\n|-activate|p1b: Kingambit|move: Protect\n|\n|upkeep\n|turn|2\n|inactive|jijiojioj has 30 seconds left.\n|\n|t:|1776380063\n|move|p2a: Clefable|Follow Me|p2a: Clefable\n|-singleturn|p2a: Clefable|move: Follow Me\n|move|p1a: Garchomp|Dragon Claw|p2a: Clefable\n|-immune|p2a: Clefable\n|move|p2b: Golurk|High Horsepower|p1b: Kingambit\n|-supereffective|p1b: Kingambit|1\n|-damage|p1b: Kingambit|22/100\n|move|p1b: Kingambit|Kowtow Cleave|p2a: Clefable\n|-resisted|p2a: Clefable|1\n|-damage|p2a: Clefable|71/100\n|\n|upkeep\n|turn|3\n|\n|t:|1776380082\n|switch|p1a: Sinistcha|Sinistcha, L50|100/100\n|-heal|p1b: Kingambit|47/100|[from] ability: Hospitality|[of] p1a: Sinistcha\n|move|p1b: Kingambit|Protect|p1b: Kingambit\n|-singleturn|p1b: Kingambit|Protect\n|move|p2a: Clefable|Follow Me|p2a: Clefable\n|-singleturn|p2a: Clefable|move: Follow Me\n|move|p2b: Golurk|High Horsepower|p1b: Kingambit\n|-activate|p1b: Kingambit|move: Protect\n|\n|upkeep\n|turn|4\n|\n|t:|1776380098\n|move|p2b: Golurk|High Horsepower|p1b: Kingambit\n|-supereffective|p1b: Kingambit|1\n|-damage|p1b: Kingambit|0 fnt\n|faint|p1b: Kingambit\n|move|p1a: Sinistcha|Life Dew||[still]\n|-fail|p1a: Sinistcha|heal\n|move|p2a: Clefable|Thunder Wave|p1a: Sinistcha\n|-status|p1a: Sinistcha|par\n|\n|upkeep\n|\n|t:|1776380108\n|switch|p1b: Sneasler|Sneasler, L50, M|100/100\n|turn|5\n|\n|t:|1776380116\n|move|p2a: Clefable|Follow Me|p2a: Clefable\n|-singleturn|p2a: Clefable|move: Follow Me\n|move|p1b: Sneasler|Dire Claw|p2a: Clefable\n|-supereffective|p2a: Clefable|1\n|-damage|p2a: Clefable|0 fnt\n|faint|p2a: Clefable\n|move|p2b: Golurk|High Horsepower|p1b: Sneasler\n|-supereffective|p1b: Sneasler|1\n|-damage|p1b: Sneasler|0 fnt\n|faint|p1b: Sneasler\n|move|p1a: Sinistcha|Matcha Gotcha|p2b: Golurk\n|-supereffective|p2b: Golurk|1\n|-crit|p2b: Golurk\n|-damage|p2b: Golurk|0 fnt\n|faint|p2b: Golurk\n|\n|upkeep\n|\n|t:|1776380130\n|switch|p1b: Garchomp|Garchomp, L50, M|100/100\n|switch|p2b: Avalugg|Avalugg, L50, M|100/100\n|switch|p2a: Aegislash|Aegislash, L50, M|100/100\n|turn|6\n|\n|t:|1776380145\n|move|p1b: Garchomp|Stomping Tantrum|p2a: Aegislash\n|-supereffective|p2a: Aegislash|1\n|-damage|p2a: Aegislash|28/100\n|-formechange|p2a: Aegislash|Aegislash-Blade|\n|move|p2a: Aegislash|Psycho Cut|p1b: Garchomp\n|-damage|p1b: Garchomp|67/100\n|move|p1a: Sinistcha|Life Dew||[still]|[spread] p1a,p1b\n|-fail|p1a: Sinistcha|heal\n|-heal|p1b: Garchomp|92/100\n|move|p2b: Avalugg|Icicle Spear|p1b: Garchomp\n|-supereffective|p1b: Garchomp|2\n|-damage|p1b: Garchomp|46/100\n|-supereffective|p1b: Garchomp|2\n|-damage|p1b: Garchomp|8/100\n|-hitcount|p1b: Garchomp|2\n|\n|upkeep\n|turn|7\n|\n|t:|1776380165\n|-formechange|p2a: Aegislash|Aegislash|\n|move|p2a: Aegislash|King's Shield|p2a: Aegislash\n|-singleturn|p2a: Aegislash|Protect\n|move|p1b: Garchomp|Rock Slide|p2b: Avalugg|[spread] \n|-activate|p2a: Aegislash|move: Protect\n|-miss|p1b: Garchomp|p2b: Avalugg\n|move|p1a: Sinistcha|Matcha Gotcha|p2a: Aegislash|[spread] p2b\n|-activate|p2a: Aegislash|move: Protect\n|-damage|p2b: Avalugg|75/100\n|move|p2b: Avalugg|Icicle Spear|p1a: Sinistcha\n|-supereffective|p1a: Sinistcha|1\n|-damage|p1a: Sinistcha|84/100 par\n|-supereffective|p1a: Sinistcha|1\n|-damage|p1a: Sinistcha|66/100 par\n|-hitcount|p1a: Sinistcha|2\n|\n|-heal|p2b: Avalugg|81/100|[from] item: Leftovers\n|upkeep\n|turn|8\n|\n|t:|1776380187\n|move|p1b: Garchomp|Rock Slide|p2a: Aegislash|[spread] p2a,p2b\n|-resisted|p2a: Aegislash|1\n|-supereffective|p2b: Avalugg|1\n|-damage|p2a: Aegislash|18/100\n|-damage|p2b: Avalugg|61/100\n|-formechange|p2a: Aegislash|Aegislash-Blade|\n|move|p2a: Aegislash|Iron Head|p1a: Sinistcha\n|-damage|p1a: Sinistcha|26/100 par\n|-enditem|p1a: Sinistcha|Sitrus Berry|[eat]\n|-heal|p1a: Sinistcha|51/100 par|[from] item: Sitrus Berry\n|move|p1a: Sinistcha|Life Dew|p1a: Sinistcha|[spread] p1a,p1b\n|-heal|p1a: Sinistcha|76/100 par\n|-heal|p1b: Garchomp|32/100\n|move|p2b: Avalugg|Icicle Spear|p1b: Garchomp\n|-supereffective|p1b: Garchomp|2\n|-damage|p1b: Garchomp|0 fnt\n|faint|p1b: Garchomp\n|-hitcount|p1: Garchomp|1\n|\n|-heal|p2b: Avalugg|67/100|[from] item: Leftovers\n|upkeep\n|turn|9\n|\n|t:|1776380205\n|move|p2a: Aegislash|Iron Head|p1a: Sinistcha\n|-damage|p1a: Sinistcha|37/100 par\n|cant|p1a: Sinistcha|par\n|move|p2b: Avalugg|Icicle Spear|p1a: Sinistcha\n|-supereffective|p1a: Sinistcha|1\n|-damage|p1a: Sinistcha|19/100 par\n|-supereffective|p1a: Sinistcha|1\n|-damage|p1a: Sinistcha|2/100 par\n|-supereffective|p1a: Sinistcha|1\n|-damage|p1a: Sinistcha|0 fnt\n|faint|p1a: Sinistcha\n|-hitcount|p1: Sinistcha|3\n|\n|win|mateobosques\n|raw|jijiojioj's rating: 1087 &rarr; <strong>1058</strong><br />(-29 for losing)\n|raw|mateobosques's rating: 1000 &rarr; <strong>1050</strong><br />(+50 for winning)\n|l|\u2606jijiojioj\n|player|p1|\n",
  "uploadtime": 1776380215,
  "views": 18,
  "formatid": "gen9championsvgc2026regma",
  "rating": 1050,
  "private": 0,
  "password": null
}