{
  "id": "gen9championsvgc2026regma-2588671299",
  "format": "[Gen 9 Champions] VGC 2026 Reg M-A",
  "players": [
    "DonPicamoles",
    "SDLT 2KRL Kiki"
  ],
  "log": "|raw|<div class=\"broadcast-blue\"><strong>This battle is required to be public due to a player having a name starting with 'sdlt'.</div>\n|j|\u2606DonPicamoles\n|j|\u2606SDLT 2KRL Kiki\n|t:|1776656014\n|gametype|doubles\n|player|p1|DonPicamoles|acetrainer-gen4|1101\n|player|p2|SDLT 2KRL Kiki|taunie|1040\n|gen|9\n|tier|[Gen 9 Champions] VGC 2026 Reg M-A\n|rated|\n|rule|Species Clause: Limit one of each Pok\u00e9mon\n|rule|Item Clause: Limit 1 of each item\n|clearpoke\n|poke|p1|Ceruledge, L50, F|\n|poke|p1|Whimsicott, L50, F|\n|poke|p1|Hydreigon, L50, M|\n|poke|p1|Venusaur, L50, F|\n|poke|p1|Tyranitar, L50, F|\n|poke|p1|Sneasler, L50, F|\n|poke|p2|Scovillain, L50, F|\n|poke|p2|Espathra, L50, M|\n|poke|p2|Milotic, L50, F|\n|poke|p2|Floette-Eternal, L50, F|\n|poke|p2|Sneasler, L50, F|\n|poke|p2|Incineroar, L50, M|\n|teampreview|4\n|inactive|Battle timer is ON: inactive players will automatically lose when time's up. (requested by SDLT 2KRL Kiki)\n|inactive|DonPicamoles has 60 seconds left.\n|inactive|SDLT 2KRL Kiki has 60 seconds left.\n|\n|t:|1776656062\n|teamsize|p1|4\n|teamsize|p2|4\n|start\n|switch|p1a: Sneasler|Sneasler, L50, F|100/100\n|switch|p1b: Hydreigon|Hydreigon, L50, M|100/100\n|switch|p2a: Espathra|Espathra, L50, M|100/100\n|switch|p2b: Incineroar|Incineroar, L50, M|100/100\n|-ability|p2b: Incineroar|Intimidate|boost\n|-unboost|p1a: Sneasler|atk|1\n|-unboost|p1b: Hydreigon|atk|1\n|-enditem|p1a: Sneasler|White Herb\n|-clearnegativeboost|p1a: Sneasler|[silent]\n|turn|1\n|inactive|DonPicamoles has 30 seconds left.\n|\n|t:|1776656088\n|switch|p2b: Sneasler|Sneasler, L50, F|100/100\n|move|p2a: Espathra|Protect|p2a: Espathra\n|-singleturn|p2a: Espathra|Protect\n|move|p1a: Sneasler|Close Combat|p2b: Sneasler\n|-resisted|p2b: Sneasler|1\n|-damage|p2b: Sneasler|62/100\n|-unboost|p1a: Sneasler|def|1\n|-unboost|p1a: Sneasler|spd|1\n|move|p1b: Hydreigon|Dark Pulse|p2a: Espathra\n|-activate|p2a: Espathra|move: Protect\n|\n|-ability|p2a: Espathra|Speed Boost|boost\n|-boost|p2a: Espathra|spe|1\n|upkeep\n|turn|2\n|inactive|DonPicamoles has 30 seconds left.\n|\n|t:|1776656114\n|move|p1a: Sneasler|Protect|p1a: Sneasler\n|-singleturn|p1a: Sneasler|Protect\n|move|p1b: Hydreigon|Protect|p1b: Hydreigon\n|-singleturn|p1b: Hydreigon|Protect\n|move|p2b: Sneasler|Fake Out|p1b: Hydreigon\n|-activate|p1b: Hydreigon|move: Protect\n|move|p2a: Espathra|Calm Mind|p2a: Espathra\n|-boost|p2a: Espathra|spa|1\n|-boost|p2a: Espathra|spd|1\n|\n|-ability|p2a: Espathra|Speed Boost|boost\n|-boost|p2a: Espathra|spe|1\n|upkeep\n|turn|3\n|-activate|p1b: Hydreigon|item: Quick Claw\n|\n|t:|1776656139\n|switch|p2b: Incineroar|Incineroar, L50, M|100/100\n|-ability|p2b: Incineroar|Intimidate|boost\n|-unboost|p1a: Sneasler|atk|1\n|-unboost|p1b: Hydreigon|atk|1\n|move|p2a: Espathra|Protect|p2a: Espathra\n|-singleturn|p2a: Espathra|Protect\n|move|p1b: Hydreigon|Dark Pulse|p2a: Espathra\n|-activate|p2a: Espathra|move: Protect\n|move|p1a: Sneasler|Dire Claw|p2a: Espathra\n|-activate|p2a: Espathra|move: Protect\n|\n|-ability|p2a: Espathra|Speed Boost|boost\n|-boost|p2a: Espathra|spe|1\n|upkeep\n|turn|4\n|\n|t:|1776656160\n|switch|p1a: Ceruledge|Ceruledge, L50, F|100/100\n|switch|p1b: Tyranitar|Tyranitar, L50, F|100/100\n|-weather|Sandstorm|[from] ability: Sand Stream|[of] p1b: Tyranitar\n|move|p2b: Incineroar|Fake Out|p1b: Tyranitar\n|-resisted|p1b: Tyranitar|1\n|-damage|p1b: Tyranitar|96/100\n|move|p2a: Espathra|Calm Mind|p2a: Espathra\n|-boost|p2a: Espathra|spa|1\n|-boost|p2a: Espathra|spd|1\n|\n|-weather|Sandstorm|[upkeep]\n|-damage|p2a: Espathra|95/100|[from] Sandstorm\n|-damage|p1a: Ceruledge|94/100|[from] Sandstorm\n|-damage|p2b: Incineroar|95/100|[from] Sandstorm\n|-ability|p2a: Espathra|Speed Boost|boost\n|-boost|p2a: Espathra|spe|1\n|upkeep\n|turn|5\n|inactive|DonPicamoles has 30 seconds left.\n|\n|t:|1776656187\n|move|p2a: Espathra|Protect|p2a: Espathra\n|-singleturn|p2a: Espathra|Protect\n|move|p1a: Ceruledge|Shadow Sneak|p2a: Espathra\n|-activate|p2a: Espathra|move: Protect\n|move|p1b: Tyranitar|Rock Slide|p2b: Incineroar|[spread] p2b\n|-activate|p2a: Espathra|move: Protect\n|-supereffective|p2b: Incineroar|1\n|-damage|p2b: Incineroar|49/100\n|-enditem|p2b: Incineroar|Sitrus Berry|[eat]\n|-heal|p2b: Incineroar|74/100|[from] item: Sitrus Berry\n|cant|p2b: Incineroar|flinch\n|\n|-weather|Sandstorm|[upkeep]\n|-damage|p2a: Espathra|89/100|[from] Sandstorm\n|-damage|p1a: Ceruledge|88/100|[from] Sandstorm\n|-damage|p2b: Incineroar|68/100|[from] Sandstorm\n|-ability|p2a: Espathra|Speed Boost|boost\n|-boost|p2a: Espathra|spe|1\n|upkeep\n|turn|6\n|inactive|DonPicamoles has 30 seconds left.\n|\n|t:|1776656216\n|detailschange|p1b: Tyranitar|Tyranitar-Mega, L50, F\n|-mega|p1b: Tyranitar|Tyranitar|Tyranitarite\n|move|p1a: Ceruledge|Shadow Sneak|p2a: Espathra\n|-supereffective|p2a: Espathra|1\n|-damage|p2a: Espathra|21/100\n|move|p2a: Espathra|Baton Pass|p2a: Espathra\n|\n|t:|1776656226\n|switch|p2a: Floette|Floette-Eternal, L50, F|100/100|[from] Baton Pass\n|move|p1b: Tyranitar|Knock Off|p2a: Floette\n|-resisted|p2a: Floette|1\n|-damage|p2a: Floette|80/100\n|move|p2b: Incineroar|Parting Shot|p1b: Tyranitar\n|-unboost|p1b: Tyranitar|atk|1\n|-unboost|p1b: Tyranitar|spa|1\n|\n|t:|1776656232\n|switch|p2b: Sneasler|Sneasler, L50, F|62/100|[from] Parting Shot\n|\n|-weather|Sandstorm|[upkeep]\n|-damage|p2a: Floette|74/100|[from] Sandstorm\n|-damage|p2b: Sneasler|56/100|[from] Sandstorm\n|-damage|p1a: Ceruledge|82/100|[from] Sandstorm\n|upkeep\n|turn|7\n|inactive|DonPicamoles has 30 seconds left.\n|inactive|DonPicamoles has 20 seconds left.\n|inactive|DonPicamoles has 15 seconds left.\n|\n|t:|1776656274\n|detailschange|p2a: Floette|Floette-Mega, L50, F\n|-mega|p2a: Floette|Floette|Floettite\n|-ability|p2a: Floette|Fairy Aura\n|move|p1a: Ceruledge|Protect|p1a: Ceruledge\n|-singleturn|p1a: Ceruledge|Protect\n|move|p2a: Floette|Dazzling Gleam|p1a: Ceruledge|[spread] p1b\n|-activate|p1a: Ceruledge|move: Protect\n|-supereffective|p1b: Tyranitar|1\n|-damage|p1b: Tyranitar|0 fnt\n|faint|p1b: Tyranitar\n|move|p2b: Sneasler|Gunk Shot|p1a: Ceruledge\n|-activate|p1a: Ceruledge|move: Protect\n|\n|-weather|Sandstorm|[upkeep]\n|-damage|p2a: Floette|68/100|[from] Sandstorm\n|-damage|p2b: Sneasler|50/100|[from] Sandstorm\n|-damage|p1a: Ceruledge|76/100|[from] Sandstorm\n|upkeep\n|\n|t:|1776656290\n|switch|p1b: Sneasler|Sneasler, L50, F|100/100\n|turn|8\n|\n|t:|1776656305\n|switch|p2b: Incineroar|Incineroar, L50, M|68/100\n|-ability|p2b: Incineroar|Intimidate|boost\n|-unboost|p1a: Ceruledge|atk|1\n|-unboost|p1b: Sneasler|atk|1\n|move|p2a: Floette|Protect|p2a: Floette\n|-singleturn|p2a: Floette|Protect\n|move|p1b: Sneasler|Fake Out|p2b: Incineroar\n|-damage|p2b: Incineroar|59/100\n|move|p1a: Ceruledge|Shadow Sneak|p2b: Incineroar\n|-resisted|p2b: Incineroar|1\n|-damage|p2b: Incineroar|53/100\n|\n|-weather|none\n|upkeep\n|turn|9\n|inactive|DonPicamoles has 30 seconds left.\n|inactive|SDLT 2KRL Kiki has 30 seconds left.\n|\n|t:|1776656335\n|move|p1a: Ceruledge|Protect|p1a: Ceruledge\n|-singleturn|p1a: Ceruledge|Protect\n|move|p2b: Incineroar|Fake Out|p1b: Sneasler\n|-damage|p1b: Sneasler|80/100\n|move|p2a: Floette|Synthesis|p2a: Floette\n|-heal|p2a: Floette|100/100\n|cant|p1b: Sneasler|flinch\n|\n|upkeep\n|turn|10\n|\n|t:|1776656357\n|move|p2a: Floette|Moonblast|p1b: Sneasler\n|-damage|p1b: Sneasler|0 fnt\n|faint|p1b: Sneasler\n|move|p1a: Ceruledge|Bitter Blade|p2a: Floette\n|-damage|p2a: Floette|72/100\n|-heal|p1a: Ceruledge|94/100|[from] drain|[of] p2a: Floette\n|move|p2b: Incineroar|Darkest Lariat|p1a: Ceruledge\n|-supereffective|p1a: Ceruledge|1\n|-damage|p1a: Ceruledge|0 fnt\n|faint|p1a: Ceruledge\n|\n|upkeep\n|\n|t:|1776656370\n|switch|p1a: Hydreigon|Hydreigon, L50, M|100/100\n|turn|11\n|\n|t:|1776656379\n|move|p2a: Floette|Moonblast|p1a: Hydreigon\n|-supereffective|p1a: Hydreigon|2\n|-damage|p1a: Hydreigon|0 fnt\n|faint|p1a: Hydreigon\n|\n|win|SDLT 2KRL Kiki\n|raw|DonPicamoles's rating: 1101 &rarr; <strong>1072</strong><br />(-29 for losing)\n|raw|SDLT 2KRL Kiki's rating: 1040 &rarr; <strong>1080</strong><br />(+40 for winning)\n",
  "uploadtime": 1776656379,
  "views": 4,
  "formatid": "gen9championsvgc2026regma",
  "rating": 1072,
  "private": 0,
  "password": null
}