{
  "id": "gen9championsvgc2026regma-2588508437",
  "format": "[Gen 9 Champions] VGC 2026 Reg M-A",
  "players": [
    "hrell",
    "gomb#360"
  ],
  "log": "|j|\u2606hrell\n|j|\u2606gomb#360\n|t:|1776639964\n|gametype|doubles\n|player|p1|hrell|hilbert-wonderlauncher|1053\n|player|p2|gomb#360|102|1124\n|gen|9\n|tier|[Gen 9 Champions] VGC 2026 Reg M-A\n|rated|\n|rule|Species Clause: Limit one of each Pok\u00e9mon\n|rule|Item Clause: Limit 1 of each item\n|clearpoke\n|poke|p1|Tyranitar, L50, F|\n|poke|p1|Excadrill, L50, M|\n|poke|p1|Talonflame, L50, M|\n|poke|p1|Tauros-Paldea-Aqua, L50, M|\n|poke|p1|Meowscarada, L50, M|\n|poke|p1|Kangaskhan, L50, F|\n|poke|p2|Froslass, L50, F, shiny|\n|poke|p2|Rotom-Frost, L50, shiny|\n|poke|p2|Orthworm, L50, F, shiny|\n|poke|p2|Garchomp, L50, F, shiny|\n|poke|p2|Incineroar, L50, M, shiny|\n|poke|p2|Whimsicott, L50, M, shiny|\n|teampreview|4\n|\n|t:|1776640001\n|teamsize|p1|4\n|teamsize|p2|4\n|start\n|switch|p1a: Tyranitar|Tyranitar, L50, F|100/100\n|switch|p1b: Excadrill|Excadrill, L50, M|100/100\n|switch|p2a: Garchomp|Garchomp, L50, F, shiny|100/100\n|switch|p2b: Whimsicott|Whimsicott, L50, M, shiny|100/100\n|-weather|Sandstorm|[from] ability: Sand Stream|[of] p1a: Tyranitar\n|turn|1\n|inactive|Battle timer is ON: inactive players will automatically lose when time's up. (requested by gomb#360)\n|inactive|hrell has 60 seconds left.\n|\n|t:|1776640039\n|detailschange|p1b: Excadrill|Excadrill-Mega, L50, M\n|-mega|p1b: Excadrill|Excadrill|Excadrite\n|move|p2b: Whimsicott|Tailwind|p2b: Whimsicott\n|-sidestart|p2: gomb#360|move: Tailwind\n|move|p2a: Garchomp|Earthquake|p1b: Excadrill|[spread] p2b,p1a,p1b\n|-resisted|p2b: Whimsicott|1\n|-supereffective|p1a: Tyranitar|1\n|-supereffective|p1b: Excadrill|1\n|-damage|p2b: Whimsicott|75/100\n|-damage|p1a: Tyranitar|25/100\n|-damage|p1b: Excadrill|23/100\n|move|p1b: Excadrill|Iron Head|p2b: Whimsicott\n|-supereffective|p2b: Whimsicott|1\n|-damage|p2b: Whimsicott|0 fnt\n|faint|p2b: Whimsicott\n|move|p1a: Tyranitar|Foul Play|p2a: Garchomp\n|-damage|p2a: Garchomp|53/100\n|-damage|p1a: Tyranitar|12/100|[from] ability: Rough Skin|[of] p2a: Garchomp\n|\n|-weather|Sandstorm|[upkeep]\n|upkeep\n|\n|t:|1776640062\n|switch|p2b: Froslass|Froslass, L50, F, shiny|100/100\n|turn|2\n|\n|t:|1776640074\n|detailschange|p2b: Froslass|Froslass-Mega, L50, F, shiny\n|-mega|p2b: Froslass|Froslass|Froslassite\n|-weather|Snowscape|[from] ability: Snow Warning|[of] p2b: Froslass\n|move|p1b: Excadrill|Protect|p1b: Excadrill\n|-singleturn|p1b: Excadrill|Protect\n|move|p2b: Froslass|Blizzard|p1a: Tyranitar|[spread] p1a\n|-activate|p1b: Excadrill|move: Protect\n|-damage|p1a: Tyranitar|0 fnt\n|faint|p1a: Tyranitar\n|move|p2a: Garchomp|Scale Shot|p1b: Excadrill\n|-activate|p1b: Excadrill|move: Protect\n|\n|-weather|Snowscape|[upkeep]\n|upkeep\n|\n|t:|1776640087\n|switch|p1a: Tauros|Tauros-Paldea-Aqua, L50, M|100/100\n|-ability|p1a: Tauros|Intimidate|boost\n|-unboost|p2a: Garchomp|atk|1\n|-unboost|p2b: Froslass|atk|1\n|turn|3\n|inactive|hrell has 30 seconds left.\n|inactive|gomb#360 has 30 seconds left.\n|\n|t:|1776640121\n|move|p2b: Froslass|Blizzard|p1b: Excadrill|[spread] p1a,p1b\n|-resisted|p1a: Tauros|1\n|-damage|p1a: Tauros|62/100\n|-damage|p1b: Excadrill|0 fnt\n|faint|p1b: Excadrill\n|move|p2a: Garchomp|Scale Shot|p1a: Tauros\n|-damage|p1a: Tauros|50/100\n|-damage|p1a: Tauros|41/100\n|-damage|p1a: Tauros|29/100\n|-damage|p1a: Tauros|19/100\n|-hitcount|p1a: Tauros|4\n|-unboost|p2a: Garchomp|def|1\n|-boost|p2a: Garchomp|spe|1\n|cant|p1a: Tauros|flinch\n|\n|-weather|Snowscape|[upkeep]\n|upkeep\n|\n|t:|1776640129\n|switch|p1b: Kangaskhan|Kangaskhan, L50, F|100/100\n|turn|4\n|\n|t:|1776640148\n|move|p2a: Garchomp|Rock Slide|p1b: Kangaskhan|[spread] p1a,p1b\n|-resisted|p1a: Tauros|1\n|-damage|p1a: Tauros|12/100\n|-damage|p1b: Kangaskhan|87/100\n|move|p2b: Froslass|Aurora Veil|p2b: Froslass\n|-sidestart|p2: gomb#360|move: Aurora Veil\n|cant|p1a: Tauros|flinch\n|move|p1b: Kangaskhan|Thunderbolt|p2b: Froslass\n|-damage|p2b: Froslass|93/100\n|\n|-weather|Snowscape|[upkeep]\n|-sideend|p2: gomb#360|move: Tailwind\n|upkeep\n|turn|5\n|-message|hrell forfeited.\n|\n|win|gomb#360\n|raw|hrell's rating: 1053 &rarr; <strong>1039</strong><br />(-14 for losing)\n|raw|gomb#360's rating: 1124 &rarr; <strong>1144</strong><br />(+20 for winning)\n|l|\u2606hrell\n|player|p1|\n",
  "uploadtime": 1776640166,
  "views": 15,
  "formatid": "gen9championsvgc2026regma",
  "rating": 1039,
  "private": 0,
  "password": null
}