{
  "id": "gen9championsvgc2026regma-2581692001",
  "format": "[Gen 9 Champions] VGC 2026 Reg M-A",
  "players": [
    "kaoz910",
    "brady gaga 3.7"
  ],
  "log": "|j|\u2606kaoz910\n|j|\u2606brady gaga 3.7\n|t:|1776021100\n|gametype|doubles\n|player|p1|kaoz910|101|1208\n|player|p2|brady gaga 3.7|1|1197\n|gen|9\n|tier|[Gen 9 Champions] VGC 2026 Reg M-A\n|rated|\n|rule|Species Clause: Limit one of each Pok\u00e9mon\n|rule|Item Clause: Limit 1 of each item\n|clearpoke\n|poke|p1|Abomasnow, L50, M|\n|poke|p1|Oranguru, L50, M|\n|poke|p1|Cofagrigus, L50, F|\n|poke|p1|Incineroar, L50, M|\n|poke|p1|Rhyperior, L50, F|\n|poke|p1|Hatterene, L50, F|\n|poke|p2|Bastiodon, L50, F|\n|poke|p2|Farigiraf, L50, M|\n|poke|p2|Tyranitar, L50, F|\n|poke|p2|Excadrill, L50, F|\n|poke|p2|Sinistcha, L50|\n|poke|p2|Golurk, L50|\n|teampreview|4\n|inactive|Battle timer is ON: inactive players will automatically lose when time's up. (requested by kaoz910)\n|inactive|brady gaga 3.7 has 60 seconds left.\n|\n|t:|1776021149\n|teamsize|p1|4\n|teamsize|p2|4\n|start\n|switch|p1a: Cofagrigus|Cofagrigus, L50, F|100/100\n|switch|p1b: Incineroar|Incineroar, L50, M|100/100\n|switch|p2a: Bastiodon|Bastiodon, L50, F|100/100\n|switch|p2b: Farigiraf|Farigiraf, L50, M|100/100\n|-ability|p1b: Incineroar|Intimidate|boost\n|-unboost|p2a: Bastiodon|atk|1\n|-unboost|p2b: Farigiraf|atk|1\n|turn|1\n|\n|t:|1776021168\n|move|p2b: Farigiraf|Psychic|p1a: Cofagrigus\n|-damage|p1a: Cofagrigus|62/100\n|move|p1b: Incineroar|Darkest Lariat|p2b: Farigiraf\n|-supereffective|p2b: Farigiraf|1\n|-damage|p2b: Farigiraf|23/100\n|move|p2a: Bastiodon|Iron Defense|p2a: Bastiodon\n|-boost|p2a: Bastiodon|def|2\n|move|p1a: Cofagrigus|Trick Room|p1a: Cofagrigus\n|-fieldstart|move: Trick Room|[of] p1a: Cofagrigus\n|\n|-heal|p2b: Farigiraf|29/100|[from] item: Leftovers\n|upkeep\n|turn|2\n|\n|t:|1776021188\n|move|p1a: Cofagrigus|Ally Switch|p1a: Cofagrigus\n|swap|p1a: Cofagrigus|1|[from] move: Ally Switch\n|move|p2a: Bastiodon|Body Press|p1b: Cofagrigus\n|-immune|p1b: Cofagrigus\n|move|p1a: Incineroar|Darkest Lariat|p2b: Farigiraf\n|-supereffective|p2b: Farigiraf|1\n|-damage|p2b: Farigiraf|0 fnt\n|faint|p2b: Farigiraf\n|\n|upkeep\n|\n|t:|1776021195\n|switch|p2b: Tyranitar|Tyranitar, L50, F|100/100\n|-weather|Sandstorm|[from] ability: Sand Stream|[of] p2b: Tyranitar\n|turn|3\n|\n|t:|1776021205\n|detailschange|p2b: Tyranitar|Tyranitar-Mega, L50, F\n|-mega|p2b: Tyranitar|Tyranitar|Tyranitarite\n|move|p1b: Cofagrigus|Memento|p2b: Tyranitar\n|-unboost|p2b: Tyranitar|atk|2\n|-unboost|p2b: Tyranitar|spa|2\n|faint|p1b: Cofagrigus\n|move|p2a: Bastiodon|Body Press|p1a: Incineroar\n|-supereffective|p1a: Incineroar|1\n|-damage|p1a: Incineroar|0 fnt\n|faint|p1a: Incineroar\n|move|p2b: Tyranitar|Knock Off|p1: Incineroar|[notarget]\n|-fail|p2b: Tyranitar\n|\n|-weather|Sandstorm|[upkeep]\n|upkeep\n|\n|t:|1776021209\n|switch|p1b: Rhyperior|Rhyperior, L50, F|100/100\n|switch|p1a: Oranguru|Oranguru, L50, M|100/100\n|turn|4\n|\n|t:|1776021228\n|switch|p2b: Sinistcha|Sinistcha, L50|100/100\n|move|p2a: Bastiodon|Protect|p2a: Bastiodon\n|-singleturn|p2a: Bastiodon|Protect\n|move|p1b: Rhyperior|Earthquake|p2a: Bastiodon|[spread] p2b\n|-activate|p2a: Bastiodon|move: Protect\n|-activate|p1a: Oranguru|ability: Telepathy\n|-resisted|p2b: Sinistcha|1\n|-damage|p2b: Sinistcha|84/100\n|move|p1a: Oranguru|Instruct|p1b: Rhyperior\n|-singleturn|p1b: Rhyperior|move: Instruct|[of] p1a: Oranguru\n|move|p1b: Rhyperior|Earthquake|p2b: Sinistcha|[spread] p2b\n|-activate|p2a: Bastiodon|move: Protect\n|-activate|p1a: Oranguru|ability: Telepathy\n|-resisted|p2b: Sinistcha|1\n|-damage|p2b: Sinistcha|68/100\n|\n|-weather|Sandstorm|[upkeep]\n|-damage|p1a: Oranguru|94/100|[from] Sandstorm\n|-damage|p2b: Sinistcha|62/100|[from] Sandstorm\n|-heal|p1a: Oranguru|100/100|[from] item: Leftovers\n|upkeep\n|turn|5\n|\n|t:|1776021247\n|move|p2a: Bastiodon|Body Press|p1b: Rhyperior\n|-supereffective|p1b: Rhyperior|1\n|-damage|p1b: Rhyperior|29/100\n|move|p1b: Rhyperior|Earthquake|p2a: Bastiodon|[spread] p2a,p2b\n|-activate|p1a: Oranguru|ability: Telepathy\n|-supereffective|p2a: Bastiodon|2\n|-enditem|p2a: Bastiodon|Shuca Berry|[eat]\n|-enditem|p2a: Bastiodon|Shuca Berry|[weaken]\n|-resisted|p2b: Sinistcha|1\n|-damage|p2a: Bastiodon|75/100\n|-damage|p2b: Sinistcha|46/100\n|-enditem|p2b: Sinistcha|Sitrus Berry|[eat]\n|-heal|p2b: Sinistcha|71/100|[from] item: Sitrus Berry\n|-heal|p1b: Rhyperior|32/100|[from] item: Shell Bell|[of] p2b: Sinistcha\n|move|p1a: Oranguru|Instruct|p1b: Rhyperior\n|-singleturn|p1b: Rhyperior|move: Instruct|[of] p1a: Oranguru\n|move|p1b: Rhyperior|Earthquake|p2b: Sinistcha|[spread] p2a,p2b\n|-activate|p1a: Oranguru|ability: Telepathy\n|-supereffective|p2a: Bastiodon|2\n|-resisted|p2b: Sinistcha|1\n|-damage|p2a: Bastiodon|23/100\n|-damage|p2b: Sinistcha|56/100\n|-heal|p1b: Rhyperior|39/100|[from] item: Shell Bell|[of] p2b: Sinistcha\n|move|p2b: Sinistcha|Matcha Gotcha|p1a: Oranguru|[spread] p1a,p1b\n|-supereffective|p1b: Rhyperior|2\n|-damage|p1a: Oranguru|85/100\n|-heal|p2b: Sinistcha|65/100|[from] drain|[of] p1a: Oranguru\n|-damage|p1b: Rhyperior|0 fnt\n|-heal|p2b: Sinistcha|89/100|[from] drain|[of] p1b: Rhyperior\n|-status|p1a: Oranguru|brn\n|faint|p1b: Rhyperior\n|\n|-weather|Sandstorm|[upkeep]\n|-damage|p1a: Oranguru|79/100 brn|[from] Sandstorm\n|-damage|p2b: Sinistcha|83/100|[from] Sandstorm\n|-heal|p1a: Oranguru|85/100 brn|[from] item: Leftovers\n|-damage|p1a: Oranguru|79/100 brn|[from] brn\n|-fieldend|move: Trick Room\n|upkeep\n|turn|6\n|-message|kaoz910 forfeited.\n|\n|win|brady gaga 3.7\n|raw|kaoz910's rating: 1208 &rarr; <strong>1182</strong><br />(-26 for losing)\n|raw|brady gaga 3.7's rating: 1197 &rarr; <strong>1223</strong><br />(+26 for winning)\n|l|\u2606kaoz910\n|player|p1|\n",
  "uploadtime": 1776021311,
  "views": 16,
  "formatid": "gen9championsvgc2026regma",
  "rating": 1182,
  "private": 0,
  "password": null
}