{
  "id": "gen9championsvgc2026regma-2586414578",
  "format": "[Gen 9 Champions] VGC 2026 Reg M-A",
  "players": [
    "kittehnomz",
    "Baryan lllddd"
  ],
  "log": "|j|\u2606kittehnomz\n|j|\u2606Baryan lllddd\n|t:|1776433023\n|gametype|doubles\n|player|p1|kittehnomz|whitney|1065\n|player|p2|Baryan lllddd|unknown|1000\n|gen|9\n|tier|[Gen 9 Champions] VGC 2026 Reg M-A\n|rated|\n|rule|Species Clause: Limit one of each Pok\u00e9mon\n|rule|Item Clause: Limit 1 of each item\n|clearpoke\n|poke|p1|Meganium, L50, M|\n|poke|p1|Sneasler, L50, M|\n|poke|p1|Tyranitar, L50, M|\n|poke|p1|Excadrill, L50, M|\n|poke|p1|Dragapult, L50, F|\n|poke|p1|Rotom-Wash, L50|\n|poke|p2|Tyranitar, L50, F|\n|poke|p2|Excadrill, L50, M|\n|poke|p2|Sneasler, L50, F|\n|poke|p2|Sinistcha-Masterpiece, L50|\n|poke|p2|Whimsicott, L50, F|\n|poke|p2|Gyarados, L50, M|\n|teampreview|4\n|inactive|Battle timer is ON: inactive players will automatically lose when time's up. (requested by Baryan lllddd)\n|\n|t:|1776433096\n|teamsize|p1|4\n|teamsize|p2|4\n|start\n|switch|p1a: Excadrill|Excadrill, L50, M, shiny|100/100\n|switch|p1b: Tyranitar|Tyranitar, L50, M, shiny|100/100\n|switch|p2a: Tyranitar|Tyranitar, L50, F|100/100\n|switch|p2b: Sneasler|Sneasler, L50, F|100/100\n|-weather|Sandstorm|[from] ability: Sand Stream|[of] p2a: Tyranitar\n|turn|1\n|inactive|kittehnomz has 30 seconds left.\n|inactive|kittehnomz has 20 seconds left.\n|\n|t:|1776433135\n|switch|p1a: Rotom|Rotom-Wash, L50, shiny|100/100\n|detailschange|p2a: Tyranitar|Tyranitar-Mega, L50, F\n|-mega|p2a: Tyranitar|Tyranitar|Tyranitarite\n|move|p2b: Sneasler|Fake Out|p1a: Rotom\n|-damage|p1a: Rotom|87/100\n|move|p2a: Tyranitar|Dragon Dance|p2a: Tyranitar\n|-boost|p2a: Tyranitar|atk|1\n|-boost|p2a: Tyranitar|spe|1\n|move|p1b: Tyranitar|Knock Off|p2b: Sneasler\n|-resisted|p2b: Sneasler|1\n|-damage|p2b: Sneasler|56/100\n|-enditem|p2b: Sneasler|Mental Herb|[from] move: Knock Off|[of] p1b: Tyranitar\n|\n|-weather|Sandstorm|[upkeep]\n|-damage|p2b: Sneasler|50/100|[from] Sandstorm\n|-damage|p1a: Rotom|81/100|[from] Sandstorm\n|upkeep\n|turn|2\n|inactive|kittehnomz has 30 seconds left.\n|\n|t:|1776433161\n|move|p2b: Sneasler|Coaching|p2a: Tyranitar\n|-boost|p2a: Tyranitar|atk|1\n|-boost|p2a: Tyranitar|def|1\n|move|p2a: Tyranitar|Rock Slide|p1a: Rotom|[spread] p1a,p1b\n|-damage|p1a: Rotom|16/100\n|-damage|p1b: Tyranitar|38/100\n|-enditem|p1a: Rotom|Sitrus Berry|[eat]\n|-heal|p1a: Rotom|41/100|[from] item: Sitrus Berry\n|cant|p1a: Rotom|flinch\n|move|p1b: Tyranitar|Ice Punch|p2a: Tyranitar\n|-damage|p2a: Tyranitar|87/100\n|\n|-weather|Sandstorm|[upkeep]\n|-damage|p2b: Sneasler|44/100|[from] Sandstorm\n|-damage|p1a: Rotom|35/100|[from] Sandstorm\n|upkeep\n|turn|3\n|\n|t:|1776433183\n|move|p2b: Sneasler|Close Combat|p1a: Rotom\n|-damage|p1a: Rotom|0 fnt\n|-unboost|p2b: Sneasler|def|1\n|-unboost|p2b: Sneasler|spd|1\n|faint|p1a: Rotom\n|move|p2a: Tyranitar|Rock Slide|p1b: Tyranitar\n|-damage|p1b: Tyranitar|0 fnt\n|faint|p1b: Tyranitar\n|\n|-weather|Sandstorm|[upkeep]\n|-damage|p2b: Sneasler|39/100|[from] Sandstorm\n|upkeep\n|\n|t:|1776433195\n|switch|p1a: Excadrill|Excadrill, L50, M, shiny|100/100\n|switch|p1b: Meganium|Meganium, L50, M, shiny|100/100\n|turn|4\n|\n|t:|1776433207\n|detailschange|p1b: Meganium|Meganium-Mega, L50, M, shiny\n|-mega|p1b: Meganium|Meganium|Meganiumite\n|move|p2b: Sneasler|Dire Claw|p1b: Meganium\n|-supereffective|p1b: Meganium|2\n|-damage|p1b: Meganium|0 fnt\n|faint|p1b: Meganium\n|move|p1a: Excadrill|Earthquake|p2b: Sneasler|[spread] p2a,p2b\n|-supereffective|p2a: Tyranitar|1\n|-supereffective|p2b: Sneasler|1\n|-damage|p2a: Tyranitar|48/100\n|-damage|p2b: Sneasler|0 fnt\n|faint|p2b: Sneasler\n|move|p2a: Tyranitar|Knock Off|p1a: Excadrill\n|-enditem|p1a: Excadrill|Focus Sash\n|-damage|p1a: Excadrill|1/100\n|\n|-weather|Sandstorm|[upkeep]\n|upkeep\n|\n|t:|1776433222\n|switch|p2b: Whimsicott|Whimsicott, L50, F|100/100\n|turn|5\n|\n|t:|1776433229\n|move|p2b: Whimsicott|Tailwind|p2b: Whimsicott\n|-sidestart|p2: Baryan lllddd|move: Tailwind\n|move|p2a: Tyranitar|Knock Off|p1a: Excadrill\n|-damage|p1a: Excadrill|0 fnt\n|faint|p1a: Excadrill\n|\n|win|Baryan lllddd\n|raw|kittehnomz's rating: 1065 &rarr; <strong>1042</strong><br />(-23 for losing)\n|raw|Baryan lllddd's rating: 1000 &rarr; <strong>1047</strong><br />(+47 for winning)\n|l|\u2606kittehnomz\n|player|p1|\n|l|\u2606Baryan lllddd\n|player|p2|\n|j|\u2606Baryan lllddd\n|player|p2|Baryan lllddd|unknown|\n",
  "uploadtime": 1776433236,
  "views": 38,
  "formatid": "gen9championsvgc2026regma",
  "rating": 1042,
  "private": 0,
  "password": null
}