{
  "id": "gen9championsvgc2026regma-2582379486",
  "format": "[Gen 9 Champions] VGC 2026 Reg M-A",
  "players": [
    "yryrf",
    "unfurroml"
  ],
  "log": "|j|\u2606yryrf\n|j|\u2606unfurroml\n|t:|1776087738\n|gametype|doubles\n|player|p1|yryrf|medium|1118\n|player|p2|unfurroml|spark|1190\n|gen|9\n|tier|[Gen 9 Champions] VGC 2026 Reg M-A\n|rated|\n|rule|Species Clause: Limit one of each Pok\u00e9mon\n|rule|Item Clause: Limit 1 of each item\n|clearpoke\n|poke|p1|Politoed, L50, F|\n|poke|p1|Archaludon, L50, F|\n|poke|p1|Feraligatr, L50, F|\n|poke|p1|Meganium, L50, F|\n|poke|p1|Whimsicott, L50, F|\n|poke|p1|Dragonite, L50, F|\n|poke|p2|Pidgeot, L50, F|\n|poke|p2|Raichu, L50, M|\n|poke|p2|Garchomp, L50, F|\n|poke|p2|Incineroar, L50, F|\n|poke|p2|Sneasler, L50, F|\n|poke|p2|Farigiraf, L50, M|\n|teampreview|4\n|\n|t:|1776087782\n|teamsize|p1|4\n|teamsize|p2|4\n|start\n|switch|p1a: Politoed|Politoed, L50, F|100/100\n|switch|p1b: Archaludon|Archaludon, L50, F|100/100\n|switch|p2a: Pidgeot|Pidgeot, L50, F, shiny|100/100\n|switch|p2b: Sneasler|Sneasler, L50, F|100/100\n|-weather|RainDance|[from] ability: Drizzle|[of] p1a: Politoed\n|turn|1\n|\n|t:|1776087804\n|detailschange|p2a: Pidgeot|Pidgeot-Mega, L50, F, shiny\n|-mega|p2a: Pidgeot|Pidgeot|Pidgeotite\n|move|p1b: Archaludon|Protect|p1b: Archaludon\n|-singleturn|p1b: Archaludon|Protect\n|move|p1a: Politoed|Protect|p1a: Politoed\n|-singleturn|p1a: Politoed|Protect\n|move|p2a: Pidgeot|Hurricane|p1a: Politoed\n|-activate|p1a: Politoed|move: Protect\n|move|p2b: Sneasler|Close Combat|p1b: Archaludon\n|-activate|p1b: Archaludon|move: Protect\n|\n|-weather|RainDance|[upkeep]\n|upkeep\n|turn|2\n|\n|t:|1776087843\n|move|p2a: Pidgeot|Hurricane|p1a: Politoed\n|-damage|p1a: Politoed|44/100\n|move|p2b: Sneasler|Close Combat|p1b: Archaludon\n|-supereffective|p1b: Archaludon|1\n|-damage|p1b: Archaludon|0 fnt\n|-unboost|p2b: Sneasler|def|1\n|-unboost|p2b: Sneasler|spd|1\n|faint|p1b: Archaludon\n|move|p1a: Politoed|Weather Ball|p2a: Pidgeot\n|-damage|p2a: Pidgeot|39/100\n|\n|-weather|RainDance|[upkeep]\n|upkeep\n|\n|t:|1776087859\n|switch|p1b: Dragonite|Dragonite, L50, F, shiny|100/100\n|turn|3\n|\n|t:|1776087885\n|detailschange|p1b: Dragonite|Dragonite-Mega, L50, F, shiny\n|-mega|p1b: Dragonite|Dragonite|Dragoninite\n|move|p2a: Pidgeot|Protect|p2a: Pidgeot\n|-singleturn|p2a: Pidgeot|Protect\n|move|p2b: Sneasler|Dire Claw|p1b: Dragonite\n|-damage|p1b: Dragonite|81/100\n|-status|p1b: Dragonite|slp\n|cant|p1b: Dragonite|slp\n|move|p1a: Politoed|Weather Ball|p2a: Pidgeot\n|-activate|p2a: Pidgeot|move: Protect\n|\n|-weather|RainDance|[upkeep]\n|upkeep\n|turn|4\n|\n|t:|1776087925\n|move|p2a: Pidgeot|Hurricane|p1a: Politoed\n|-crit|p1a: Politoed\n|-damage|p1a: Politoed|0 fnt\n|faint|p1a: Politoed\n|move|p2b: Sneasler|Dire Claw|p1b: Dragonite\n|-damage|p1b: Dragonite|39/100 slp\n|cant|p1b: Dragonite|slp\n|\n|-weather|RainDance|[upkeep]\n|upkeep\n|\n|t:|1776087937\n|switch|p1a: Whimsicott|Whimsicott, L50, F|100/100\n|turn|5\n|\n|t:|1776087978\n|move|p1a: Whimsicott|Tailwind|p1a: Whimsicott\n|-sidestart|p1: yryrf|move: Tailwind\n|-curestatus|p1b: Dragonite|slp|[msg]\n|move|p1b: Dragonite|Hurricane|p2b: Sneasler\n|-supereffective|p2b: Sneasler|1\n|-enditem|p2b: Sneasler|Focus Sash\n|-damage|p2b: Sneasler|1/100\n|move|p2b: Sneasler|Dire Claw|p1a: Whimsicott\n|-supereffective|p1a: Whimsicott|2\n|-enditem|p1a: Whimsicott|Focus Sash\n|-damage|p1a: Whimsicott|1/100\n|move|p2a: Pidgeot|Tailwind|p2a: Pidgeot\n|-sidestart|p2: unfurroml|move: Tailwind\n|\n|-weather|none\n|upkeep\n|turn|6\n|\n|t:|1776087999\n|move|p1a: Whimsicott|Encore|p2a: Pidgeot\n|-start|p2a: Pidgeot|Encore\n|move|p2b: Sneasler|Dire Claw|p1a: Whimsicott\n|-supereffective|p1a: Whimsicott|2\n|-crit|p1a: Whimsicott\n|-damage|p1a: Whimsicott|0 fnt\n|faint|p1a: Whimsicott\n|move|p2a: Pidgeot|Tailwind||[still]\n|-fail|p2a: Pidgeot\n|move|p1b: Dragonite|Hurricane|p2b: Sneasler|[miss]\n|-miss|p1b: Dragonite|p2b: Sneasler\n|\n|upkeep\n|turn|7\n|\n|t:|1776088014\n|switch|p2a: Garchomp|Garchomp, L50, F|100/100\n|move|p2b: Sneasler|Dire Claw|p1b: Dragonite\n|-damage|p1b: Dragonite|0 fnt\n|faint|p1b: Dragonite\n|\n|win|unfurroml\n|raw|yryrf's rating: 1118 &rarr; <strong>1098</strong><br />(-20 for losing)\n|raw|unfurroml's rating: 1190 &rarr; <strong>1210</strong><br />(+20 for winning)\n|l|\u2606yryrf\n|player|p1|\n",
  "uploadtime": 1776088021,
  "views": 8,
  "formatid": "gen9championsvgc2026regma",
  "rating": 1098,
  "private": 0,
  "password": null
}