{
  "id": "gen9championsvgc2026regma-2585556816",
  "format": "[Gen 9 Champions] VGC 2026 Reg M-A",
  "players": [
    "yikei02",
    "gsgsdsvsgs"
  ],
  "log": "|j|\u2606yikei02\n|j|\u2606gsgsdsvsgs\n|t:|1776355338\n|gametype|doubles\n|player|p1|yikei02|nate|1053\n|player|p2|gsgsdsvsgs|policeman-gen4|1067\n|gen|9\n|tier|[Gen 9 Champions] VGC 2026 Reg M-A\n|rated|\n|rule|Species Clause: Limit one of each Pok\u00e9mon\n|rule|Item Clause: Limit 1 of each item\n|clearpoke\n|poke|p1|Tyranitar, L50, M|\n|poke|p1|Excadrill, L50, M|\n|poke|p1|Whimsicott, L50, F|\n|poke|p1|Quaquaval, L50, F|\n|poke|p1|Incineroar, L50, F|\n|poke|p1|Corviknight, L50, M|\n|poke|p2|Venusaur, L50, M|\n|poke|p2|Milotic, L50, M|\n|poke|p2|Incineroar, L50, M|\n|poke|p2|Kleavor, L50, M|\n|poke|p2|Corviknight, L50, M|\n|poke|p2|Kommo-o, L50, M|\n|teampreview|4\n|\n|t:|1776355369\n|teamsize|p1|4\n|teamsize|p2|4\n|start\n|switch|p1a: Tyranitar|Tyranitar, L50, M|100/100\n|switch|p1b: Excadrill|Excadrill, L50, M|100/100\n|switch|p2a: Milotic|Milotic, L50, M, shiny|100/100\n|switch|p2b: Corviknight|Corviknight, L50, M, shiny|100/100\n|-weather|Sandstorm|[from] ability: Sand Stream|[of] p1a: Tyranitar\n|turn|1\n|inactive|Battle timer is ON: inactive players will automatically lose when time's up. (requested by gsgsdsvsgs)\n|\n|t:|1776355393\n|detailschange|p1a: Tyranitar|Tyranitar-Mega, L50, M\n|-mega|p1a: Tyranitar|Tyranitar|Tyranitarite\n|move|p1b: Excadrill|Rock Slide|p2b: Corviknight|[spread] p2a,p2b\n|-damage|p2a: Milotic|80/100\n|-damage|p2b: Corviknight|81/100\n|move|p2b: Corviknight|Tailwind|p2b: Corviknight\n|-sidestart|p2: gsgsdsvsgs|move: Tailwind\n|cant|p2a: Milotic|flinch\n|move|p1a: Tyranitar|Rock Slide|p2b: Corviknight|[spread] p2a,p2b\n|-damage|p2a: Milotic|42/100\n|-damage|p2b: Corviknight|47/100\n|\n|-weather|Sandstorm|[upkeep]\n|-damage|p2a: Milotic|36/100|[from] Sandstorm\n|-heal|p2b: Corviknight|53/100|[from] item: Leftovers\n|upkeep\n|turn|2\n|\n|t:|1776355416\n|switch|p2b: Kommo-o|Kommo-o, L50, M|100/100\n|move|p1b: Excadrill|Rock Slide|p2a: Milotic|[spread] p2a,p2b\n|-resisted|p2b: Kommo-o|1\n|-damage|p2a: Milotic|17/100\n|-damage|p2b: Kommo-o|90/100\n|cant|p2a: Milotic|flinch\n|move|p1a: Tyranitar|Rock Slide|p2a: Milotic|[spread] p2a,p2b\n|-resisted|p2b: Kommo-o|1\n|-damage|p2a: Milotic|0 fnt\n|-damage|p2b: Kommo-o|71/100\n|faint|p2a: Milotic\n|\n|-weather|Sandstorm|[upkeep]\n|-damage|p2b: Kommo-o|65/100|[from] Sandstorm\n|upkeep\n|\n|t:|1776355428\n|switch|p2a: Venusaur|Venusaur, L50, M|100/100\n|turn|3\n|\n|t:|1776355449\n|switch|p1a: Whimsicott|Whimsicott, L50, F|100/100\n|detailschange|p2a: Venusaur|Venusaur-Mega, L50, M\n|-mega|p2a: Venusaur|Venusaur|Venusaurite\n|move|p1b: Excadrill|Iron Head|p2a: Venusaur\n|-damage|p2a: Venusaur|63/100\n|move|p2b: Kommo-o|Clangorous Soul|p2b: Kommo-o\n|-boost|p2b: Kommo-o|atk|1\n|-boost|p2b: Kommo-o|def|1\n|-boost|p2b: Kommo-o|spa|1\n|-boost|p2b: Kommo-o|spd|1\n|-boost|p2b: Kommo-o|spe|1\n|-damage|p2b: Kommo-o|32/100\n|cant|p2a: Venusaur|flinch\n|\n|-weather|Sandstorm|[upkeep]\n|-damage|p2b: Kommo-o|26/100|[from] Sandstorm\n|-damage|p2a: Venusaur|57/100|[from] Sandstorm\n|-damage|p1a: Whimsicott|95/100|[from] Sandstorm\n|upkeep\n|turn|4\n|\n|t:|1776355471\n|move|p2b: Kommo-o|Aura Sphere|p1b: Excadrill\n|-supereffective|p1b: Excadrill|1\n|-damage|p1b: Excadrill|0 fnt\n|faint|p1b: Excadrill\n|move|p2a: Venusaur|Sludge Bomb|p1a: Whimsicott\n|-supereffective|p1a: Whimsicott|2\n|-damage|p1a: Whimsicott|0 fnt\n|faint|p1a: Whimsicott\n|\n|-weather|Sandstorm|[upkeep]\n|-damage|p2b: Kommo-o|20/100|[from] Sandstorm\n|-damage|p2a: Venusaur|51/100|[from] Sandstorm\n|-sideend|p2: gsgsdsvsgs|move: Tailwind\n|upkeep\n|\n|t:|1776355484\n|switch|p1a: Tyranitar|Tyranitar-Mega, L50, M|100/100\n|switch|p1b: Quaquaval|Quaquaval, L50, F|100/100\n|turn|5\n|\n|t:|1776355499\n|move|p2b: Kommo-o|Aura Sphere|p1a: Tyranitar\n|-supereffective|p1a: Tyranitar|2\n|-damage|p1a: Tyranitar|0 fnt\n|faint|p1a: Tyranitar\n|move|p1b: Quaquaval|Ice Spinner|p2b: Kommo-o\n|-supereffective|p2b: Kommo-o|1\n|-damage|p2b: Kommo-o|0 fnt\n|faint|p2b: Kommo-o\n|-ability|p1b: Quaquaval|Moxie|boost\n|-boost|p1b: Quaquaval|atk|1\n|move|p2a: Venusaur|Leaf Storm|p1b: Quaquaval\n|-supereffective|p1b: Quaquaval|1\n|-damage|p1b: Quaquaval|0 fnt\n|-unboost|p2a: Venusaur|spa|2\n|faint|p1b: Quaquaval\n|\n|win|gsgsdsvsgs\n|raw|yikei02's rating: 1053 &rarr; <strong>1036</strong><br />(-17 for losing)\n|raw|gsgsdsvsgs's rating: 1067 &rarr; <strong>1096</strong><br />(+29 for winning)\n",
  "uploadtime": 1776355512,
  "views": 29,
  "formatid": "gen9championsvgc2026regma",
  "rating": 1036,
  "private": 0,
  "password": null
}