{
  "id": "gen9championsvgc2026regma-2585284586",
  "format": "[Gen 9 Champions] VGC 2026 Reg M-A",
  "players": [
    "Sharkhy_",
    "Splatgetti"
  ],
  "log": "|j|\u2606Sharkhy_\n|j|\u2606Splatgetti\n|t:|1776333744\n|gametype|doubles\n|player|p1|Sharkhy_|170|1186\n|player|p2|Splatgetti|102|1287\n|gen|9\n|tier|[Gen 9 Champions] VGC 2026 Reg M-A\n|rated|\n|rule|Species Clause: Limit one of each Pok\u00e9mon\n|rule|Item Clause: Limit 1 of each item\n|clearpoke\n|poke|p1|Charizard, L50, F|\n|poke|p1|Maushold-Four, L50|\n|poke|p1|Sneasler, L50, M|\n|poke|p1|Dragapult, L50, F|\n|poke|p1|Kingambit, L50, M|\n|poke|p1|Garchomp, L50, F|\n|poke|p2|Floette-Eternal, L50, F|\n|poke|p2|Aerodactyl, L50, M|\n|poke|p2|Garchomp, L50, F|\n|poke|p2|Sneasler, L50, F|\n|poke|p2|Kingambit, L50, F|\n|poke|p2|Rotom-Wash, L50|\n|teampreview|4\n|\n|t:|1776333791\n|teamsize|p1|4\n|teamsize|p2|4\n|start\n|switch|p1a: Sneasler|Sneasler, L50, M|100/100\n|switch|p1b: Garchomp|Garchomp, L50, F|100/100\n|switch|p2a: Aerodactyl|Aerodactyl, L50, M|100/100\n|switch|p2b: Garchomp|Garchomp, L50, F|100/100\n|-ability|p2a: Aerodactyl|Unnerve\n|turn|1\n|\n|t:|1776333819\n|move|p2a: Aerodactyl|Protect|p2a: Aerodactyl\n|-singleturn|p2a: Aerodactyl|Protect\n|move|p2b: Garchomp|Protect|p2b: Garchomp\n|-singleturn|p2b: Garchomp|Protect\n|move|p1a: Sneasler|Fake Out|p2a: Aerodactyl\n|-activate|p2a: Aerodactyl|move: Protect\n|move|p1b: Garchomp|Stone Edge|p2a: Aerodactyl\n|-activate|p2a: Aerodactyl|move: Protect\n|\n|upkeep\n|turn|2\n|\n|t:|1776333846\n|move|p1a: Sneasler|Feint|p2a: Aerodactyl\n|-resisted|p2a: Aerodactyl|1\n|-damage|p2a: Aerodactyl|93/100\n|move|p1b: Garchomp|Stone Edge|p2a: Aerodactyl\n|-supereffective|p2a: Aerodactyl|1\n|-damage|p2a: Aerodactyl|0 fnt\n|faint|p2a: Aerodactyl\n|move|p2b: Garchomp|Earthquake|p1a: Sneasler|[spread] p1a,p1b\n|-supereffective|p1a: Sneasler|1\n|-enditem|p1a: Sneasler|Focus Sash\n|-damage|p1a: Sneasler|1/100\n|-damage|p1b: Garchomp|52/100\n|\n|upkeep\n|\n|t:|1776333855\n|switch|p2a: Rotom|Rotom-Wash, L50|100/100\n|turn|3\n|\n|t:|1776333867\n|move|p1a: Sneasler|Dire Claw|p2a: Rotom\n|-crit|p2a: Rotom\n|-damage|p2a: Rotom|30/100\n|move|p1b: Garchomp|Stone Edge|p2a: Rotom\n|-crit|p2a: Rotom\n|-damage|p2a: Rotom|0 fnt\n|faint|p2a: Rotom\n|move|p2b: Garchomp|Earthquake|p1a: Sneasler|[spread] p1a,p1b\n|-supereffective|p1a: Sneasler|1\n|-damage|p1a: Sneasler|0 fnt\n|-damage|p1b: Garchomp|7/100\n|faint|p1a: Sneasler\n|\n|upkeep\n|\n|t:|1776333880\n|switch|p1a: Maushold|Maushold-Four, L50|100/100\n|switch|p2a: Rika|Floette-Eternal, L50, F|100/100\n|turn|4\n|\n|t:|1776333892\n|switch|p1b: Charizard|Charizard, L50, F|100/100\n|move|p1a: Maushold|Protect|p1a: Maushold\n|-singleturn|p1a: Maushold|Protect\n|move|p2a: Rika|Protect|p2a: Rika\n|-singleturn|p2a: Rika|Protect\n|move|p2b: Garchomp|Earthquake|p1b: Charizard|[spread] \n|-activate|p2a: Rika|move: Protect\n|-activate|p1a: Maushold|move: Protect\n|-immune|p1b: Charizard\n|\n|upkeep\n|turn|5\n|\n|t:|1776333918\n|detailschange|p1b: Charizard|Charizard-Mega-Y, L50, F\n|-mega|p1b: Charizard|Charizard|Charizardite Y\n|-weather|SunnyDay|[from] ability: Drought|[of] p1b: Charizard\n|detailschange|p2a: Rika|Floette-Mega, L50, F\n|-mega|p2a: Rika|Floette|Floettite\n|-ability|p2a: Rika|Fairy Aura\n|move|p1a: Maushold|Super Fang|p2b: Garchomp\n|-damage|p2b: Garchomp|51/100\n|-damage|p1a: Maushold|88/100|[from] ability: Rough Skin|[of] p2b: Garchomp\n|move|p2b: Garchomp|Rock Slide|p1b: Charizard|[spread] p1b\n|-miss|p2b: Garchomp|p1a: Maushold\n|-supereffective|p1b: Charizard|2\n|-damage|p1b: Charizard|33/100\n|move|p1b: Charizard|Heat Wave|p2a: Rika|[spread] p2a,p2b\n|-resisted|p2b: Garchomp|1\n|-damage|p2a: Rika|46/100\n|-damage|p2b: Garchomp|16/100\n|move|p2a: Rika|Dazzling Gleam|p1a: Maushold|[spread] p1a,p1b\n|-resisted|p1b: Charizard|1\n|-damage|p1a: Maushold|21/100\n|-damage|p1b: Charizard|16/100\n|\n|-weather|SunnyDay|[upkeep]\n|upkeep\n|turn|6\n|\n|t:|1776333962\n|move|p1a: Maushold|Follow Me|p1a: Maushold\n|-singleturn|p1a: Maushold|move: Follow Me\n|move|p2b: Garchomp|Rock Slide|p1b: Charizard|[spread] p1b\n|-miss|p2b: Garchomp|p1a: Maushold\n|-supereffective|p1b: Charizard|2\n|-crit|p1b: Charizard\n|-damage|p1b: Charizard|0 fnt\n|faint|p1b: Charizard\n|move|p2a: Rika|Dazzling Gleam|p1a: Maushold\n|-damage|p1a: Maushold|0 fnt\n|faint|p1a: Maushold\n|\n|-weather|SunnyDay|[upkeep]\n|upkeep\n|\n|t:|1776333975\n|switch|p1b: Garchomp|Garchomp, L50, F|7/100\n|turn|7\n|\n|t:|1776333984\n|move|p1b: Garchomp|Rock Slide|p2a: Rika|[spread] p2b\n|-miss|p1b: Garchomp|p2a: Rika\n|-resisted|p2b: Garchomp|1\n|-damage|p2b: Garchomp|6/100\n|move|p2b: Garchomp|Stomping Tantrum|p1b: Garchomp\n|-damage|p1b: Garchomp|0 fnt\n|-damage|p2b: Garchomp|0 fnt|[from] ability: Rough Skin|[of] p1b: Garchomp\n|faint|p1b: Garchomp\n|faint|p2b: Garchomp\n|\n|win|Splatgetti\n|raw|Sharkhy_'s rating: 1186 &rarr; <strong>1168</strong><br />(-18 for losing)\n|raw|Splatgetti's rating: 1287 &rarr; <strong>1305</strong><br />(+18 for winning)\n|c|\u2606Splatgetti|ez\n",
  "uploadtime": 1776333997,
  "views": 27,
  "formatid": "gen9championsvgc2026regma",
  "rating": 1168,
  "private": 0,
  "password": null
}