{
  "id": "gen9championsvgc2026regma-2586638739",
  "format": "[Gen 9 Champions] VGC 2026 Reg M-A",
  "players": [
    "Lessa_ped",
    "jfjyfyl.yfyjf"
  ],
  "log": "|j|\u2606Lessa_ped\n|j|\u2606jfjyfyl.yfyjf\n|t:|1776448640\n|gametype|doubles\n|player|p1|Lessa_ped|n|1045\n|player|p2|jfjyfyl.yfyjf|2|1064\n|gen|9\n|tier|[Gen 9 Champions] VGC 2026 Reg M-A\n|rated|\n|rule|Species Clause: Limit one of each Pok\u00e9mon\n|rule|Item Clause: Limit 1 of each item\n|clearpoke\n|poke|p1|Archaludon, L50, M|\n|poke|p1|Pelipper, L50, M|\n|poke|p1|Sneasler, L50, F|\n|poke|p1|Incineroar, L50, F|\n|poke|p1|Basculegion, L50, M|\n|poke|p1|Meganium, L50, F|\n|poke|p2|Volcarona, L50, M|\n|poke|p2|Pelipper, L50, M|\n|poke|p2|Sinistcha, L50|\n|poke|p2|Dragonite, L50, M|\n|poke|p2|Vivillon-Icy Snow, L50, F|\n|poke|p2|Scizor, L50, F|\n|teampreview|4\n|inactive|Battle timer is ON: inactive players will automatically lose when time's up. (requested by Lessa_ped)\n|\n|t:|1776448761\n|teamsize|p1|4\n|teamsize|p2|4\n|start\n|switch|p1a: Archaludon|Archaludon, L50, M|100/100\n|switch|p1b: Pelipper|Pelipper, L50, M|100/100\n|switch|p2a: Pelipper|Pelipper, L50, M, shiny|100/100\n|switch|p2b: Dragonite|Dragonite, L50, M, shiny|100/100\n|-weather|RainDance|[from] ability: Drizzle|[of] p2a: Pelipper\n|turn|1\n|\n|t:|1776448778\n|detailschange|p2b: Dragonite|Dragonite-Mega, L50, M, shiny\n|-mega|p2b: Dragonite|Dragonite|Dragoninite\n|move|p1a: Archaludon|Protect|p1a: Archaludon\n|-singleturn|p1a: Archaludon|Protect\n|move|p2a: Pelipper|Soak|p1a: Archaludon\n|-activate|p1a: Archaludon|move: Protect\n|move|p1b: Pelipper|Tailwind|p1b: Pelipper\n|-sidestart|p1: Lessa_ped|move: Tailwind\n|move|p2b: Dragonite|Thunder|p1a: Archaludon\n|-activate|p1a: Archaludon|move: Protect\n|\n|-weather|RainDance|[upkeep]\n|upkeep\n|turn|2\n|inactive|Lessa_ped has 30 seconds left.\n|\n|t:|1776448805\n|move|p1b: Pelipper|Protect|p1b: Pelipper\n|-singleturn|p1b: Pelipper|Protect\n|move|p2b: Dragonite|Protect|p2b: Dragonite\n|-singleturn|p2b: Dragonite|Protect\n|move|p1a: Archaludon|Draco Meteor|p2b: Dragonite\n|-activate|p2b: Dragonite|move: Protect\n|move|p2a: Pelipper|Soak|p1a: Archaludon\n|-start|p1a: Archaludon|typechange|Water\n|\n|-weather|RainDance|[upkeep]\n|upkeep\n|turn|3\n|inactive|jfjyfyl.yfyjf has 30 seconds left.\n|\n|t:|1776448838\n|switch|p1b: Incineroar|Incineroar, L50, F|100/100\n|-ability|p1b: Incineroar|Intimidate|boost\n|-unboost|p2a: Pelipper|atk|1\n|-unboost|p2b: Dragonite|atk|1\n|switch|p2a: Scizor|Scizor, L50, F, shiny|100/100\n|move|p1a: Archaludon|Draco Meteor|p2b: Dragonite\n|-supereffective|p2b: Dragonite|1\n|-damage|p2b: Dragonite|68/100\n|-unboost|p1a: Archaludon|spa|2\n|move|p2b: Dragonite|Thunder|p1a: Archaludon\n|-supereffective|p1a: Archaludon|1\n|-damage|p1a: Archaludon|15/100\n|-ability|p1a: Archaludon|Stamina|boost\n|-boost|p1a: Archaludon|def|1\n|\n|-weather|RainDance|[upkeep]\n|-heal|p1a: Archaludon|21/100|[from] item: Leftovers\n|upkeep\n|turn|4\n|inactive|Lessa_ped has 30 seconds left.\n|inactive|jfjyfyl.yfyjf has 30 seconds left.\n|inactive|Lessa_ped has 20 seconds left.\n|\n|t:|1776448875\n|switch|p2a: Sinistcha|Sinistcha, L50, shiny|100/100\n|-heal|p2b: Dragonite|92/100|[from] ability: Hospitality|[of] p2a: Sinistcha\n|move|p1a: Archaludon|Protect|p1a: Archaludon\n|-singleturn|p1a: Archaludon|Protect\n|move|p2b: Dragonite|Protect|p2b: Dragonite\n|-singleturn|p2b: Dragonite|Protect\n|move|p1b: Incineroar|Parting Shot|p2b: Dragonite\n|-activate|p2b: Dragonite|move: Protect\n|\n|-weather|RainDance|[upkeep]\n|-heal|p1a: Archaludon|27/100|[from] item: Leftovers\n|-sideend|p1: Lessa_ped|move: Tailwind\n|upkeep\n|turn|5\n|inactive|jfjyfyl.yfyjf has 30 seconds left.\n|inactive|jfjyfyl.yfyjf has 20 seconds left.\n|\n|t:|1776448912\n|switch|p1a: Basculegion|Basculegion, L50, M|100/100\n|move|p2b: Dragonite|Weather Ball|p1b: Incineroar\n|-supereffective|p1b: Incineroar|1\n|-damage|p1b: Incineroar|0 fnt\n|faint|p1b: Incineroar\n|move|p2a: Sinistcha|Matcha Gotcha|p1a: Basculegion\n|-supereffective|p1a: Basculegion|1\n|-crit|p1a: Basculegion\n|-damage|p1a: Basculegion|0 fnt\n|faint|p1a: Basculegion\n|\n|-weather|none\n|upkeep\n|\n|t:|1776448923\n|switch|p1a: Pelipper|Pelipper, L50, M|100/100\n|switch|p1b: Archaludon|Archaludon, L50, M|27/100\n|-weather|RainDance|[from] ability: Drizzle|[of] p1a: Pelipper\n|turn|6\n|inactive|jfjyfyl.yfyjf has 30 seconds left.\n|\n|t:|1776448948\n|switch|p2a: Pelipper|Pelipper, L50, M, shiny|100/100\n|move|p2b: Dragonite|Protect|p2b: Dragonite\n|-singleturn|p2b: Dragonite|Protect\n|move|p1b: Archaludon|Protect|p1b: Archaludon\n|-singleturn|p1b: Archaludon|Protect\n|move|p1a: Pelipper|Hurricane|p2a: Pelipper\n|-damage|p2a: Pelipper|16/100\n|\n|-weather|RainDance|[upkeep]\n|-heal|p1b: Archaludon|33/100|[from] item: Leftovers\n|upkeep\n|turn|7\n|\n|t:|1776448969\n|switch|p2a: Sinistcha|Sinistcha, L50, shiny|100/100\n|-heal|p2b: Dragonite|100/100|[from] ability: Hospitality|[of] p2a: Sinistcha\n|move|p1a: Pelipper|Tailwind|p1a: Pelipper\n|-sidestart|p1: Lessa_ped|move: Tailwind\n|move|p1b: Archaludon|Draco Meteor|p2b: Dragonite\n|-supereffective|p2b: Dragonite|1\n|-damage|p2b: Dragonite|53/100\n|-unboost|p1b: Archaludon|spa|2\n|move|p2b: Dragonite|Thunder|p1a: Pelipper\n|-supereffective|p1a: Pelipper|2\n|-enditem|p1a: Pelipper|Focus Sash\n|-damage|p1a: Pelipper|1/100\n|\n|-weather|RainDance|[upkeep]\n|-heal|p1b: Archaludon|40/100|[from] item: Leftovers\n|upkeep\n|turn|8\n|\n|t:|1776448988\n|move|p2b: Dragonite|Protect|p2b: Dragonite\n|-singleturn|p2b: Dragonite|Protect\n|move|p1a: Pelipper|Hurricane|p2a: Sinistcha\n|-supereffective|p2a: Sinistcha|1\n|-damage|p2a: Sinistcha|3/100\n|move|p1b: Archaludon|Draco Meteor|p2b: Dragonite\n|-activate|p2b: Dragonite|move: Protect\n|move|p2a: Sinistcha|Matcha Gotcha|p1b: Archaludon|[spread] p1a,p1b\n|-resisted|p1b: Archaludon|2\n|-damage|p1a: Pelipper|0 fnt\n|-heal|p2a: Sinistcha|3/100|[from] drain|[of] p1a: Pelipper\n|-damage|p1b: Archaludon|33/100\n|-heal|p2a: Sinistcha|7/100|[from] drain|[of] p1b: Archaludon\n|-ability|p1b: Archaludon|Stamina|boost\n|-boost|p1b: Archaludon|def|1\n|faint|p1a: Pelipper\n|-heal|p2a: Sinistcha|7/100|[from] item: Shell Bell|[of] p1b: Archaludon\n|\n|-weather|RainDance|[upkeep]\n|-heal|p1b: Archaludon|40/100|[from] item: Leftovers\n|upkeep\n|turn|9\n|inactive|jfjyfyl.yfyjf has 30 seconds left.\n|\n|t:|1776449017\n|move|p2a: Sinistcha|Rage Powder|p2a: Sinistcha\n|-singleturn|p2a: Sinistcha|move: Rage Powder\n|move|p1b: Archaludon|Draco Meteor|p2a: Sinistcha\n|-damage|p2a: Sinistcha|0 fnt\n|-unboost|p1b: Archaludon|spa|2\n|faint|p2a: Sinistcha\n|move|p2b: Dragonite|Weather Ball|p1b: Archaludon\n|-resisted|p1b: Archaludon|1\n|-damage|p1b: Archaludon|10/100\n|-ability|p1b: Archaludon|Stamina|boost\n|-boost|p1b: Archaludon|def|1\n|\n|-weather|RainDance|[upkeep]\n|-heal|p1b: Archaludon|16/100|[from] item: Leftovers\n|upkeep\n|-message|jfjyfyl.yfyjf forfeited.\n|\n|win|Lessa_ped\n|raw|Lessa_ped's rating: 1045 &rarr; <strong>1080</strong><br />(+35 for winning)\n|raw|jfjyfyl.yfyjf's rating: 1064 &rarr; <strong>1043</strong><br />(-21 for losing)\n|l|\u2606jfjyfyl.yfyjf\n|player|p2|\n",
  "uploadtime": 1776449030,
  "views": 22,
  "formatid": "gen9championsvgc2026regma",
  "rating": 1043,
  "private": 0,
  "password": null
}