{
  "id": "gen9championsvgc2026regma-2588481453",
  "format": "[Gen 9 Champions] VGC 2026 Reg M-A",
  "players": [
    "pootis34",
    "agent pod"
  ],
  "log": "|j|\u2606pootis34\n|j|\u2606agent pod\n|t:|1776637408\n|gametype|doubles\n|player|p1|pootis34|cilan|1429\n|player|p2|agent pod|rancher|1428\n|gen|9\n|tier|[Gen 9 Champions] VGC 2026 Reg M-A\n|rated|\n|rule|Species Clause: Limit one of each Pok\u00e9mon\n|rule|Item Clause: Limit 1 of each item\n|clearpoke\n|poke|p1|Aggron, L50, F|\n|poke|p1|Sinistcha-Masterpiece, L50|\n|poke|p1|Sneasler, L50, F|\n|poke|p1|Incineroar, L50, F|\n|poke|p1|Primarina, L50, F|\n|poke|p1|Basculegion, L50, M|\n|poke|p2|Slowbro, L50, F|\n|poke|p2|Avalugg-Hisui, L50, M|\n|poke|p2|Pelipper, L50, M|\n|poke|p2|Araquanid, L50, M|\n|poke|p2|Pangoro, L50, M|\n|poke|p2|Oranguru, L50, M|\n|teampreview|4\n|inactive|Battle timer is ON: inactive players will automatically lose when time's up. (requested by pootis34)\n|inactive|agent pod has 60 seconds left.\n|\n|t:|1776637450\n|teamsize|p1|4\n|teamsize|p2|4\n|start\n|switch|p1a: Aggron|Aggron, L50, F|100/100\n|switch|p1b: Sneasler|Sneasler, L50, F|100/100\n|switch|p2a: Oranguru|Oranguru, L50, M|100/100\n|switch|p2b: Pelipper|Pelipper, L50, M|100/100\n|-weather|RainDance|[from] ability: Drizzle|[of] p2b: Pelipper\n|turn|1\n|\n|t:|1776637465\n|detailschange|p1a: Aggron|Aggron-Mega, L50, F\n|-mega|p1a: Aggron|Aggron|Aggronite\n|move|p1b: Sneasler|Fake Out|p2b: Pelipper\n|-damage|p2b: Pelipper|84/100\n|cant|p2b: Pelipper|flinch\n|move|p1a: Aggron|Iron Defense|p1a: Aggron\n|-boost|p1a: Aggron|def|2\n|move|p2a: Oranguru|Trick Room|p2a: Oranguru\n|-fieldstart|move: Trick Room|[of] p2a: Oranguru\n|\n|-weather|RainDance|[upkeep]\n|upkeep\n|turn|2\n|\n|t:|1776637481\n|move|p1a: Aggron|Body Press|p2a: Oranguru\n|-damage|p2a: Oranguru|30/100\n|move|p2a: Oranguru|Instruct||[still]\n|-fail|p2a: Oranguru\n|move|p2b: Pelipper|Muddy Water|p1a: Aggron|[spread] p1a,p1b\n|-damage|p1a: Aggron|63/100\n|-damage|p1b: Sneasler|48/100\n|move|p1b: Sneasler|Coaching|p1a: Aggron\n|-boost|p1a: Aggron|atk|1\n|-boost|p1a: Aggron|def|1\n|\n|-weather|RainDance|[upkeep]\n|upkeep\n|turn|3\n|inactive|agent pod has 30 seconds left.\n|inactive|agent pod has 20 seconds left.\n|inactive|agent pod has 15 seconds left.\n|\n|t:|1776637526\n|switch|p2a: Slowbro|Slowbro, L50, F|100/100\n|switch|p1b: Sinistcha|Sinistcha-Masterpiece, L50|100/100\n|-heal|p1a: Aggron|88/100|[from] ability: Hospitality|[of] p1b: Sinistcha\n|move|p1a: Aggron|Body Press|p2b: Pelipper\n|-resisted|p2b: Pelipper|1\n|-damage|p2b: Pelipper|36/100\n|move|p2b: Pelipper|Muddy Water|p1a: Aggron|[spread] p1a,p1b\n|-resisted|p1b: Sinistcha|1\n|-damage|p1a: Aggron|50/100\n|-damage|p1b: Sinistcha|79/100\n|\n|-weather|RainDance|[upkeep]\n|-heal|p1b: Sinistcha|85/100|[from] item: Leftovers\n|upkeep\n|turn|4\n|\n|t:|1776637546\n|detailschange|p2a: Slowbro|Slowbro-Mega, L50, F\n|-mega|p2a: Slowbro|Slowbro|Slowbronite\n|move|p1a: Aggron|Protect|p1a: Aggron\n|-singleturn|p1a: Aggron|Protect\n|move|p2a: Slowbro|Muddy Water|p1b: Sinistcha|[spread] p1b\n|-activate|p1a: Aggron|move: Protect\n|-resisted|p1b: Sinistcha|1\n|-damage|p1b: Sinistcha|61/100\n|move|p2b: Pelipper|Hurricane|p1b: Sinistcha\n|-supereffective|p1b: Sinistcha|1\n|-damage|p1b: Sinistcha|0 fnt\n|faint|p1b: Sinistcha\n|\n|-weather|RainDance|[upkeep]\n|upkeep\n|\n|t:|1776637558\n|switch|p1b: Sneasler|Sneasler, L50, F|48/100\n|turn|5\n|inactive|agent pod has 30 seconds left.\n|inactive|agent pod has 20 seconds left.\n|inactive|agent pod has 15 seconds left.\n|inactive|agent pod has 10 seconds left.\n|\n|t:|1776637608\n|switch|p2b: Oranguru|Oranguru, L50, M|30/100\n|move|p1b: Sneasler|Fake Out|p2a: Slowbro\n|-damage|p2a: Slowbro|92/100\n|cant|p2a: Slowbro|flinch\n|move|p1a: Aggron|Body Press|p2b: Oranguru\n|-damage|p2b: Oranguru|0 fnt\n|faint|p2b: Oranguru\n|\n|-weather|none\n|-fieldend|move: Trick Room\n|upkeep\n|\n|t:|1776637617\n|switch|p2b: Pelipper|Pelipper, L50, M|36/100\n|-weather|RainDance|[from] ability: Drizzle|[of] p2b: Pelipper\n|turn|6\n|\n|t:|1776637629\n|move|p2b: Pelipper|Protect|p2b: Pelipper\n|-singleturn|p2b: Pelipper|Protect\n|move|p1b: Sneasler|Dire Claw|p2b: Pelipper\n|-activate|p2b: Pelipper|move: Protect\n|move|p1a: Aggron|Body Press|p2a: Slowbro\n|-resisted|p2a: Slowbro|1\n|-damage|p2a: Slowbro|66/100\n|move|p2a: Slowbro|Trick Room|p2a: Slowbro\n|-fieldstart|move: Trick Room|[of] p2a: Slowbro\n|\n|-weather|RainDance|[upkeep]\n|upkeep\n|turn|7\n|\n|t:|1776637645\n|move|p2a: Slowbro|Muddy Water|p1b: Sneasler|[spread] p1a\n|-miss|p2a: Slowbro|p1b: Sneasler\n|-damage|p1a: Aggron|4/100\n|-unboost|p1a: Aggron|accuracy|1\n|move|p1a: Aggron|Body Press|p2b: Pelipper\n|-resisted|p2b: Pelipper|1\n|-damage|p2b: Pelipper|0 fnt\n|faint|p2b: Pelipper\n|move|p1b: Sneasler|Dire Claw|p2a: Slowbro\n|-damage|p2a: Slowbro|44/100\n|\n|-weather|RainDance|[upkeep]\n|upkeep\n|\n|t:|1776637652\n|switch|p2b: Avalugg|Avalugg-Hisui, L50, M|100/100\n|turn|8\n|\n|t:|1776637663\n|move|p2a: Slowbro|Psychic|p1b: Sneasler\n|-supereffective|p1b: Sneasler|2\n|-damage|p1b: Sneasler|0 fnt\n|faint|p1b: Sneasler\n|move|p2b: Avalugg|Body Press|p1a: Aggron\n|-supereffective|p1a: Aggron|1\n|-damage|p1a: Aggron|0 fnt\n|faint|p1a: Aggron\n|\n|-weather|RainDance|[upkeep]\n|upkeep\n|\n|t:|1776637669\n|switch|p1b: Primarina|Primarina, L50, F|100/100\n|turn|9\n|\n|t:|1776637679\n|move|p2a: Slowbro|Psychic|p1b: Primarina\n|-damage|p1b: Primarina|56/100\n|-unboost|p1b: Primarina|spd|1\n|move|p2b: Avalugg|Mountain Gale|p1b: Primarina\n|-resisted|p1b: Primarina|1\n|-damage|p1b: Primarina|21/100\n|move|p1b: Primarina|Hyper Voice|p2b: Avalugg|[spread] p2a,p2b\n|-resisted|p2a: Slowbro|1\n|-supereffective|p2b: Avalugg|1\n|-damage|p2a: Slowbro|14/100\n|-ability|p2b: Avalugg|Sturdy\n|-damage|p2b: Avalugg|1/100\n|\n|-weather|RainDance|[upkeep]\n|upkeep\n|turn|10\n|\n|t:|1776637695\n|move|p1b: Primarina|Protect|p1b: Primarina\n|-singleturn|p1b: Primarina|Protect\n|move|p2a: Slowbro|Psychic|p1b: Primarina\n|-activate|p1b: Primarina|move: Protect\n|move|p2b: Avalugg|Mountain Gale|p1b: Primarina\n|-activate|p1b: Primarina|move: Protect\n|\n|-weather|none\n|-fieldend|move: Trick Room\n|upkeep\n|turn|11\n|\n|t:|1776637701\n|move|p2b: Avalugg|Wide Guard|p2b: Avalugg\n|-singleturn|p2b: Avalugg|Wide Guard\n|move|p1b: Primarina|Hyper Voice|p2b: Avalugg|[spread] \n|-activate|p2a: Slowbro|move: Wide Guard\n|-activate|p2b: Avalugg|move: Wide Guard\n|move|p2a: Slowbro|Psychic|p1b: Primarina\n|-crit|p1b: Primarina\n|-damage|p1b: Primarina|0 fnt\n|faint|p1b: Primarina\n|\n|win|agent pod\n|raw|pootis34's rating: 1429 &rarr; <strong>1409</strong><br />(-20 for losing)\n|raw|agent pod's rating: 1428 &rarr; <strong>1448</strong><br />(+20 for winning)\n|l|\u2606pootis34\n|player|p1|\n|l|\u2606agent pod\n|player|p2|\n",
  "uploadtime": 1776638537,
  "views": 13,
  "formatid": "gen9championsvgc2026regma",
  "rating": 1409,
  "private": 0,
  "password": null
}