{
  "id": "gen9championsvgc2026regma-2581035974",
  "format": "[Gen 9 Champions] VGC 2026 Reg M-A",
  "players": [
    "goamek",
    "ippsy_436"
  ],
  "log": "|j|\u2606goamek\n|j|\u2606ippsy_436\n|t:|1775953839\n|gametype|doubles\n|player|p1|goamek|266|1122\n|player|p2|ippsy_436|bugcatcher-gen4dp|1184\n|gen|9\n|tier|[Gen 9 Champions] VGC 2026 Reg M-A\n|rated|\n|rule|Species Clause: Limit one of each Pok\u00e9mon\n|rule|Item Clause: Limit 1 of each item\n|clearpoke\n|poke|p1|Aerodactyl, L50, F|\n|poke|p1|Rotom-Wash, L50|\n|poke|p1|Garchomp, L50, F|\n|poke|p1|Delphox, L50, M|\n|poke|p1|Whimsicott, L50, M|\n|poke|p1|Clefable, L50, M|\n|poke|p2|Froslass, L50, F|\n|poke|p2|Orthworm, L50, F|\n|poke|p2|Garchomp, L50, F|\n|poke|p2|Sinistcha, L50|\n|poke|p2|Incineroar, L50, F|\n|poke|p2|Glaceon, L50, M|\n|teampreview|4\n|inactive|Battle timer is ON: inactive players will automatically lose when time's up. (requested by ippsy_436)\n|inactive|goamek has 60 seconds left.\n|inactive|ippsy_436 has 60 seconds left.\n|inactive|goamek has 30 seconds left.\n|inactive|goamek has 20 seconds left.\n|inactive|goamek has 15 seconds left.\n|inactive|goamek has 10 seconds left.\n|\n|t:|1775953922\n|teamsize|p1|4\n|teamsize|p2|4\n|start\n|switch|p1a: Aerodactyl|Aerodactyl, L50, F|100/100\n|switch|p1b: Rotom|Rotom-Wash, L50|100/100\n|switch|p2a: Orthworm|Orthworm, L50, F, shiny|100/100\n|switch|p2b: Incineroar|Incineroar, L50, F|100/100\n|-ability|p1a: Aerodactyl|Unnerve\n|-ability|p2b: Incineroar|Intimidate|boost\n|-unboost|p1a: Aerodactyl|atk|1\n|-unboost|p1b: Rotom|atk|1\n|turn|1\n|\n|t:|1775953949\n|move|p1a: Aerodactyl|Protect|p1a: Aerodactyl\n|-singleturn|p1a: Aerodactyl|Protect\n|move|p2b: Incineroar|Fake Out|p1b: Rotom\n|-damage|p1b: Rotom|82/100\n|cant|p1b: Rotom|flinch\n|move|p2a: Orthworm|Shed Tail|p2a: Orthworm\n|-start|p2a: Orthworm|Substitute|[from] move: Shed Tail\n|-damage|p2a: Orthworm|50/100\n|\n|t:|1775953957\n|switch|p2a: Froslass|Froslass, L50, F|100/100|[from] Shed Tail\n|\n|upkeep\n|turn|2\n|\n|t:|1775953977\n|detailschange|p2a: Froslass|Froslass-Mega, L50, F\n|-mega|p2a: Froslass|Froslass|Froslassite\n|-weather|Snowscape|[from] ability: Snow Warning|[of] p2a: Froslass\n|move|p1b: Rotom|Hydro Pump|p2b: Incineroar\n|-supereffective|p2b: Incineroar|1\n|-damage|p2b: Incineroar|19/100\n|move|p1a: Aerodactyl|Rock Slide|p2b: Incineroar|[spread] p2a,p2b\n|-supereffective|p2a: Froslass|1\n|-end|p2a: Froslass|Substitute\n|-supereffective|p2b: Incineroar|1\n|-damage|p2b: Incineroar|0 fnt\n|faint|p2b: Incineroar\n|move|p2a: Froslass|Blizzard|p1b: Rotom|[spread] p1a,p1b\n|-supereffective|p1a: Aerodactyl|1\n|-resisted|p1b: Rotom|1\n|-enditem|p1a: Aerodactyl|Focus Sash\n|-damage|p1a: Aerodactyl|1/100\n|-damage|p1b: Rotom|52/100\n|\n|-weather|Snowscape|[upkeep]\n|upkeep\n|\n|t:|1775953993\n|switch|p2b: Glaceon|Glaceon, L50, M|100/100\n|turn|3\n|inactive|ippsy_436 has 30 seconds left.\n|\n|t:|1775954020\n|switch|p1b: Delphox|Delphox, L50, M|100/100\n|move|p1a: Aerodactyl|Protect|p1a: Aerodactyl\n|-singleturn|p1a: Aerodactyl|Protect\n|move|p2a: Froslass|Shadow Ball|p1b: Delphox\n|-supereffective|p1b: Delphox|1\n|-crit|p1b: Delphox\n|-damage|p1b: Delphox|0 fnt\n|faint|p1b: Delphox\n|move|p2b: Glaceon|Blizzard|p1a: Aerodactyl\n|-activate|p1a: Aerodactyl|move: Protect\n|\n|-weather|Snowscape|[upkeep]\n|upkeep\n|\n|t:|1775954037\n|switch|p1b: Rotom|Rotom-Wash, L50|52/100\n|turn|4\n|\n|t:|1775954059\n|move|p1b: Rotom|Thunderbolt|p2b: Glaceon\n|-damage|p2b: Glaceon|55/100\n|-status|p2b: Glaceon|par\n|move|p1a: Aerodactyl|Rock Slide|p2a: Froslass|[spread] p2a,p2b\n|-supereffective|p2a: Froslass|1\n|-supereffective|p2b: Glaceon|1\n|-damage|p2a: Froslass|64/100\n|-damage|p2b: Glaceon|33/100 par\n|cant|p2a: Froslass|flinch\n|cant|p2b: Glaceon|flinch\n|\n|-weather|Snowscape|[upkeep]\n|upkeep\n|turn|5\n|inactive|goamek has 30 seconds left.\n|\n|t:|1775954089\n|move|p1b: Rotom|Thunderbolt|p2a: Froslass\n|-damage|p2a: Froslass|15/100\n|-status|p2a: Froslass|par\n|move|p1a: Aerodactyl|Rock Slide|p2a: Froslass|[spread] p2a\n|-miss|p1a: Aerodactyl|p2b: Glaceon\n|-supereffective|p2a: Froslass|1\n|-damage|p2a: Froslass|0 fnt\n|faint|p2a: Froslass\n|cant|p2b: Glaceon|par\n|\n|-weather|Snowscape|[upkeep]\n|upkeep\n|c|\u2606goamek|lmao\n|\n|t:|1775954105\n|switch|p2a: Orthworm|Orthworm, L50, F, shiny|50/100\n|turn|6\n|c|\u2606ippsy_436|thats wild\n|c|\u2606ippsy_436|thats the luckiest sequence\n|c|\u2606ippsy_436|ive ever seen\n|c|\u2606ippsy_436|wp\n|inactive|ippsy_436 has 30 seconds left.\n|c|\u2606goamek|pure skill\n|inactive|ippsy_436 has 20 seconds left.\n|inactive|ippsy_436 has 15 seconds left.\n|\n|t:|1775954149\n|move|p1b: Rotom|Thunderbolt|p2a: Orthworm\n|-damage|p2a: Orthworm|0 fnt\n|faint|p2a: Orthworm\n|move|p1a: Aerodactyl|Rock Slide|p2b: Glaceon\n|-supereffective|p2b: Glaceon|1\n|-damage|p2b: Glaceon|2/100 par\n|cant|p2b: Glaceon|flinch\n|\n|-weather|none\n|upkeep\n|turn|7\n|c|\u2606goamek|no way\n|c|\u2606goamek|lmao\n|c|\u2606ippsy_436|it got worse bro T-T\n|\n|t:|1775954172\n|move|p1b: Rotom|Thunderbolt|p2b: Glaceon|[miss]\n|-miss|p1b: Rotom|p2b: Glaceon\n|move|p1a: Aerodactyl|Rock Slide|p2b: Glaceon\n|-supereffective|p2b: Glaceon|1\n|-damage|p2b: Glaceon|0 fnt\n|faint|p2b: Glaceon\n|\n|win|goamek\n|raw|goamek's rating: 1122 &rarr; <strong>1151</strong><br />(+29 for winning)\n|raw|ippsy_436's rating: 1184 &rarr; <strong>1155</strong><br />(-29 for losing)\n|c|\u2606goamek|gg\n",
  "uploadtime": 1775954562,
  "views": 15,
  "formatid": "gen9championsvgc2026regma",
  "rating": 1151,
  "private": 0,
  "password": null
}