{
  "id": "gen9championsvgc2026regma-2585824256",
  "format": "[Gen 9 Champions] VGC 2026 Reg M-A",
  "players": [
    "pedolemefc",
    "Yunobo7"
  ],
  "log": "|j|\u2606pedolemefc\n|j|\u2606Yunobo7\n|t:|1776373362\n|gametype|doubles\n|player|p1|pedolemefc|170|1353\n|player|p2|Yunobo7|miku-ghost|1416\n|gen|9\n|tier|[Gen 9 Champions] VGC 2026 Reg M-A\n|rated|\n|rule|Species Clause: Limit one of each Pok\u00e9mon\n|rule|Item Clause: Limit 1 of each item\n|clearpoke\n|poke|p1|Tyranitar, L50, M|\n|poke|p1|Lycanroc, L50, M|\n|poke|p1|Gyarados, L50, F|\n|poke|p1|Talonflame, L50, M|\n|poke|p1|Floette-Eternal, L50, F|\n|poke|p1|Garchomp, L50, F|\n|poke|p2|Venusaur, L50, F|\n|poke|p2|Milotic, L50, M|\n|poke|p2|Incineroar, L50, M|\n|poke|p2|Aegislash, L50, F|\n|poke|p2|Delphox, L50, F|\n|poke|p2|Sneasler, L50, F|\n|teampreview|4\n|inactive|Battle timer is ON: inactive players will automatically lose when time's up. (requested by Yunobo7)\n|inactive|pedolemefc has 60 seconds left.\n|\n|t:|1776373403\n|teamsize|p1|4\n|teamsize|p2|4\n|start\n|switch|p1a: Tyranitar|Tyranitar, L50, M|100/100\n|switch|p1b: Lycanroc|Lycanroc, L50, M|100/100\n|switch|p2a: Milotic|Milotic, L50, M|100/100\n|switch|p2b: Venusaur|Venusaur, L50, F|100/100\n|-weather|Sandstorm|[from] ability: Sand Stream|[of] p1a: Tyranitar\n|turn|1\n|\n|t:|1776373424\n|switch|p2a: Incineroar|Incineroar, L50, M|100/100\n|-ability|p2a: Incineroar|Intimidate|boost\n|-unboost|p1a: Tyranitar|atk|1\n|-unboost|p1b: Lycanroc|atk|1\n|detailschange|p2b: Venusaur|Venusaur-Mega, L50, F\n|-mega|p2b: Venusaur|Venusaur|Venusaurite\n|detailschange|p1a: Tyranitar|Tyranitar-Mega, L50, M\n|-mega|p1a: Tyranitar|Tyranitar|Tyranitarite\n|move|p1b: Lycanroc|Close Combat|p2a: Incineroar\n|-supereffective|p2a: Incineroar|1\n|-damage|p2a: Incineroar|57/100\n|-unboost|p1b: Lycanroc|def|1\n|-unboost|p1b: Lycanroc|spd|1\n|move|p2b: Venusaur|Giga Drain|p1b: Lycanroc\n|-supereffective|p1b: Lycanroc|1\n|-enditem|p1b: Lycanroc|Focus Sash\n|-damage|p1b: Lycanroc|1/100\n|move|p1a: Tyranitar|Knock Off|p2a: Incineroar\n|-resisted|p2a: Incineroar|1\n|-damage|p2a: Incineroar|37/100\n|-enditem|p2a: Incineroar|Sitrus Berry|[from] move: Knock Off|[of] p1a: Tyranitar\n|\n|-weather|Sandstorm|[upkeep]\n|-damage|p2b: Venusaur|95/100|[from] Sandstorm\n|-damage|p2a: Incineroar|31/100|[from] Sandstorm\n|upkeep\n|turn|2\n|\n|t:|1776373446\n|switch|p2a: Milotic|Milotic, L50, M|100/100\n|move|p1b: Lycanroc|Protect|p1b: Lycanroc\n|-singleturn|p1b: Lycanroc|Protect\n|move|p2b: Venusaur|Giga Drain|p1a: Tyranitar\n|-supereffective|p1a: Tyranitar|1\n|-damage|p1a: Tyranitar|62/100\n|-heal|p2b: Venusaur|100/100|[from] drain|[of] p1a: Tyranitar\n|move|p1a: Tyranitar|Rock Slide|p2b: Venusaur|[spread] p2a,p2b\n|-damage|p2a: Milotic|81/100\n|-damage|p2b: Venusaur|81/100\n|\n|-weather|Sandstorm|[upkeep]\n|-damage|p2b: Venusaur|75/100|[from] Sandstorm\n|-damage|p2a: Milotic|75/100|[from] Sandstorm\n|-heal|p2a: Milotic|81/100|[from] item: Leftovers\n|upkeep\n|turn|3\n|\n|t:|1776373461\n|move|p1b: Lycanroc|Psychic Fangs|p2b: Venusaur\n|-supereffective|p2b: Venusaur|1\n|-damage|p2b: Venusaur|42/100\n|move|p2b: Venusaur|Giga Drain|p1a: Tyranitar\n|-supereffective|p1a: Tyranitar|1\n|-damage|p1a: Tyranitar|26/100\n|-heal|p2b: Venusaur|62/100|[from] drain|[of] p1a: Tyranitar\n|move|p2a: Milotic|Icy Wind|p1a: Tyranitar|[spread] p1a,p1b\n|-damage|p1a: Tyranitar|22/100\n|-damage|p1b: Lycanroc|0 fnt\n|-unboost|p1a: Tyranitar|spe|1\n|faint|p1b: Lycanroc\n|move|p1a: Tyranitar|Rock Slide|p2a: Milotic|[spread] p2a,p2b\n|-damage|p2a: Milotic|60/100\n|-damage|p2b: Venusaur|43/100\n|\n|-weather|Sandstorm|[upkeep]\n|-damage|p2b: Venusaur|37/100|[from] Sandstorm\n|-damage|p2a: Milotic|54/100|[from] Sandstorm\n|-heal|p2a: Milotic|60/100|[from] item: Leftovers\n|upkeep\n|\n|t:|1776373475\n|switch|p1b: Garchomp|Garchomp, L50, F|100/100\n|turn|4\n|inactive|pedolemefc has 30 seconds left.\n|inactive|pedolemefc has 20 seconds left.\n|inactive|pedolemefc has 15 seconds left.\n|\n|t:|1776373515\n|switch|p2b: Incineroar|Incineroar, L50, M|31/100\n|-ability|p2b: Incineroar|Intimidate|boost\n|-unboost|p1a: Tyranitar|atk|1\n|-unboost|p1b: Garchomp|atk|1\n|move|p1b: Garchomp|Stomping Tantrum|p2b: Incineroar\n|-supereffective|p2b: Incineroar|1\n|-damage|p2b: Incineroar|0 fnt\n|faint|p2b: Incineroar\n|move|p2a: Milotic|Icy Wind|p1a: Tyranitar|[spread] p1a,p1b\n|-supereffective|p1b: Garchomp|2\n|-damage|p1a: Tyranitar|17/100\n|-damage|p1b: Garchomp|57/100\n|-unboost|p1a: Tyranitar|spe|1\n|-unboost|p1b: Garchomp|spe|1\n|move|p1a: Tyranitar|Knock Off|p2a: Milotic\n|-damage|p2a: Milotic|32/100\n|-enditem|p2a: Milotic|Leftovers|[from] move: Knock Off|[of] p1a: Tyranitar\n|\n|-weather|Sandstorm|[upkeep]\n|-damage|p2a: Milotic|26/100|[from] Sandstorm\n|upkeep\n|\n|t:|1776373531\n|switch|p2b: Venusaur|Venusaur-Mega, L50, F|37/100\n|turn|5\n|\n|t:|1776373548\n|switch|p1b: Gyarados|Gyarados, L50, F|100/100\n|-ability|p1b: Gyarados|Intimidate|boost\n|-unboost|p2a: Milotic|atk|1\n|-ability|p2a: Milotic|Competitive|boost\n|-boost|p2a: Milotic|spa|2\n|-unboost|p2b: Venusaur|atk|1\n|move|p1a: Tyranitar|Protect|p1a: Tyranitar\n|-singleturn|p1a: Tyranitar|Protect\n|move|p2b: Venusaur|Giga Drain|p1a: Tyranitar\n|-activate|p1a: Tyranitar|move: Protect\n|move|p2a: Milotic|Icy Wind|p1b: Gyarados|[spread] p1b\n|-activate|p1a: Tyranitar|move: Protect\n|-damage|p1b: Gyarados|83/100\n|-unboost|p1b: Gyarados|spe|1\n|\n|-weather|none\n|upkeep\n|turn|6\n|\n|t:|1776373573\n|move|p2b: Venusaur|Giga Drain|p1a: Tyranitar\n|-supereffective|p1a: Tyranitar|1\n|-damage|p1a: Tyranitar|0 fnt\n|-heal|p2b: Venusaur|46/100|[from] drain|[of] p1a: Tyranitar\n|faint|p1a: Tyranitar\n|move|p2a: Milotic|Recover|p2a: Milotic\n|-heal|p2a: Milotic|76/100\n|move|p1b: Gyarados|Iron Head|p2b: Venusaur\n|-damage|p2b: Venusaur|27/100\n|\n|upkeep\n|\n|t:|1776373582\n|switch|p1a: Garchomp|Garchomp, L50, F|57/100\n|turn|7\n|\n|t:|1776373593\n|move|p1a: Garchomp|Earthquake|p2a: Milotic|[spread] p2a,p2b\n|-immune|p1b: Gyarados\n|-damage|p2a: Milotic|38/100\n|-damage|p2b: Venusaur|0 fnt\n|faint|p2b: Venusaur\n|move|p2a: Milotic|Icy Wind|p1b: Gyarados|[spread] p1a,p1b\n|-supereffective|p1a: Garchomp|2\n|-damage|p1a: Garchomp|0 fnt\n|-damage|p1b: Gyarados|66/100\n|-unboost|p1b: Gyarados|spe|1\n|faint|p1a: Garchomp\n|move|p1b: Gyarados|Iron Head|p2a: Milotic\n|-resisted|p2a: Milotic|1\n|-damage|p2a: Milotic|27/100\n|\n|upkeep\n|\n|t:|1776373597\n|switch|p2b: Aegislash|Aegislash, L50, F|100/100\n|turn|8\n|c|\u2606pedolemefc|gg\n|\n|t:|1776373617\n|move|p2a: Milotic|Recover|p2a: Milotic\n|-heal|p2a: Milotic|77/100\n|-formechange|p2b: Aegislash|Aegislash-Blade|\n|move|p2b: Aegislash|Poltergeist|p1b: Gyarados|[miss]\n|-miss|p2b: Aegislash|p1b: Gyarados\n|move|p1b: Gyarados|Waterfall|p2a: Milotic\n|-resisted|p2a: Milotic|1\n|-damage|p2a: Milotic|61/100\n|\n|upkeep\n|turn|9\n|c|\u2606Yunobo7|Gg\n|\n|t:|1776373630\n|move|p2a: Milotic|Scald|p1b: Gyarados\n|-resisted|p1b: Gyarados|1\n|-damage|p1b: Gyarados|43/100\n|-enditem|p1b: Gyarados|Sitrus Berry|[eat]\n|-heal|p1b: Gyarados|67/100|[from] item: Sitrus Berry\n|move|p2b: Aegislash|Poltergeist||[still]\n|-fail|p2b: Aegislash\n|move|p1b: Gyarados|Waterfall|p2a: Milotic\n|-resisted|p2a: Milotic|1\n|-damage|p2a: Milotic|45/100\n|\n|upkeep\n|turn|10\n|\n|t:|1776373644\n|move|p2b: Aegislash|Shadow Sneak|p1b: Gyarados\n|-damage|p1b: Gyarados|39/100\n|move|p2a: Milotic|Recover|p2a: Milotic\n|-heal|p2a: Milotic|95/100\n|move|p1b: Gyarados|Thunder Wave|p2a: Milotic\n|-status|p2a: Milotic|par\n|\n|upkeep\n|turn|11\n|\n|t:|1776373648\n|move|p2b: Aegislash|Shadow Sneak|p1b: Gyarados\n|-damage|p1b: Gyarados|13/100\n|cant|p2a: Milotic|par\n|move|p1b: Gyarados|Thunder Wave|p2b: Aegislash\n|-status|p2b: Aegislash|par\n|\n|upkeep\n|turn|12\n|\n|t:|1776373662\n|move|p2b: Aegislash|Shadow Sneak|p1b: Gyarados\n|-damage|p1b: Gyarados|0 fnt\n|faint|p1b: Gyarados\n|\n|win|Yunobo7\n|raw|pedolemefc's rating: 1353 &rarr; <strong>1337</strong><br />(-16 for losing)\n|raw|Yunobo7's rating: 1416 &rarr; <strong>1432</strong><br />(+16 for winning)\n|l|\u2606pedolemefc\n|player|p1|\n",
  "uploadtime": 1776373670,
  "views": 29,
  "formatid": "gen9championsvgc2026regma",
  "rating": 1337,
  "private": 0,
  "password": null
}