{
  "id": "gen9championsvgc2026regma-2584880445",
  "format": "[Gen 9 Champions] VGC 2026 Reg M-A",
  "players": [
    "kiwideterre",
    "thealex610"
  ],
  "log": "|j|\u2606kiwideterre\n|j|\u2606thealex610\n|t:|1776291077\n|gametype|doubles\n|player|p1|kiwideterre|1|1140\n|player|p2|thealex610|101|1138\n|gen|9\n|tier|[Gen 9 Champions] VGC 2026 Reg M-A\n|rated|\n|rule|Species Clause: Limit one of each Pok\u00e9mon\n|rule|Item Clause: Limit 1 of each item\n|clearpoke\n|poke|p1|Raichu-Alola, L50, M|\n|poke|p1|Camerupt, L50, F|\n|poke|p1|Sinistcha-Masterpiece, L50|\n|poke|p1|Tauros-Paldea-Aqua, L50, M|\n|poke|p1|Corviknight, L50, F|\n|poke|p1|Glimmora, L50, M|\n|poke|p2|Sneasler, L50, M|\n|poke|p2|Talonflame, L50, F|\n|poke|p2|Milotic, L50, F|\n|poke|p2|Aegislash, L50, F|\n|poke|p2|Scizor, L50, F|\n|poke|p2|Tyranitar, L50, F|\n|teampreview|4\n|inactive|Battle timer is ON: inactive players will automatically lose when time's up. (requested by thealex610)\n|inactive|kiwideterre has 60 seconds left.\n|inactive|thealex610 has 60 seconds left.\n|inactive|kiwideterre has 30 seconds left.\n|\n|t:|1776291146\n|teamsize|p1|4\n|teamsize|p2|4\n|start\n|switch|p1a: Camerupt|Camerupt, L50, F|100/100\n|switch|p1b: Sinistcha|Sinistcha-Masterpiece, L50|100/100\n|switch|p2a: Sneasler|Sneasler, L50, M|100/100\n|switch|p2b: Milotic|Milotic, L50, F|100/100\n|turn|1\n|\n|t:|1776291171\n|move|p1a: Camerupt|Protect|p1a: Camerupt\n|-singleturn|p1a: Camerupt|Protect\n|move|p2a: Sneasler|Dire Claw|p1b: Sinistcha\n|-damage|p1b: Sinistcha|53/100\n|move|p2b: Milotic|Icy Wind|p1a: Camerupt|[spread] p1b\n|-activate|p1a: Camerupt|move: Protect\n|-supereffective|p1b: Sinistcha|1\n|-damage|p1b: Sinistcha|30/100\n|-unboost|p1b: Sinistcha|spe|1\n|-enditem|p1b: Sinistcha|Sitrus Berry|[eat]\n|-heal|p1b: Sinistcha|54/100|[from] item: Sitrus Berry\n|move|p1b: Sinistcha|Trick Room|p1b: Sinistcha\n|-fieldstart|move: Trick Room|[of] p1b: Sinistcha\n|\n|upkeep\n|turn|2\n|inactive|thealex610 has 30 seconds left.\n|\n|t:|1776291205\n|detailschange|p1a: Camerupt|Camerupt-Mega, L50, F\n|-mega|p1a: Camerupt|Camerupt|Cameruptite\n|move|p1b: Sinistcha|Rage Powder|p1b: Sinistcha\n|-singleturn|p1b: Sinistcha|move: Rage Powder\n|move|p1a: Camerupt|Eruption|p2a: Sneasler|[spread] p2a,p2b\n|-resisted|p2b: Milotic|1\n|-damage|p2a: Sneasler|5/100\n|-damage|p2b: Milotic|68/100\n|move|p2b: Milotic|Icy Wind|p1b: Sinistcha|[spread] p1a,p1b\n|-supereffective|p1b: Sinistcha|1\n|-damage|p1a: Camerupt|88/100\n|-damage|p1b: Sinistcha|32/100\n|-unboost|p1a: Camerupt|spe|1\n|-unboost|p1b: Sinistcha|spe|1\n|move|p2a: Sneasler|Dire Claw|p1b: Sinistcha\n|-damage|p1b: Sinistcha|0 fnt\n|faint|p1b: Sinistcha\n|\n|upkeep\n|inactive|kiwideterre has 30 seconds left.\n|\n|t:|1776291234\n|switch|p1b: Tauros|Tauros-Paldea-Aqua, L50, M|100/100\n|-ability|p1b: Tauros|Intimidate|boost\n|-unboost|p2a: Sneasler|atk|1\n|-unboost|p2b: Milotic|atk|1\n|-ability|p2b: Milotic|Competitive|boost\n|-boost|p2b: Milotic|spa|2\n|-enditem|p2a: Sneasler|White Herb\n|-clearnegativeboost|p2a: Sneasler|[silent]\n|turn|3\n|\n|t:|1776291254\n|move|p2b: Milotic|Protect|p2b: Milotic\n|-singleturn|p2b: Milotic|Protect\n|move|p1a: Camerupt|Earth Power|p2b: Milotic\n|-activate|p2b: Milotic|move: Protect\n|move|p1b: Tauros|Close Combat|p2b: Milotic\n|-activate|p2b: Milotic|move: Protect\n|move|p2a: Sneasler|Close Combat|p1a: Camerupt\n|-damage|p1a: Camerupt|13/100\n|-unboost|p2a: Sneasler|def|1\n|-unboost|p2a: Sneasler|spd|1\n|\n|upkeep\n|turn|4\n|inactive|thealex610 has 30 seconds left.\n|inactive|thealex610 has 20 seconds left.\n|inactive|thealex610 has 15 seconds left.\n|\n|t:|1776291295\n|switch|p2b: Tyranitar|Tyranitar, L50, F|100/100\n|-weather|Sandstorm|[from] ability: Sand Stream|[of] p2b: Tyranitar\n|move|p1a: Camerupt|Eruption|p2b: Tyranitar|[spread] p2a,p2b\n|-crit|p2a: Sneasler\n|-resisted|p2b: Tyranitar|1\n|-damage|p2a: Sneasler|0 fnt\n|-damage|p2b: Tyranitar|97/100\n|faint|p2a: Sneasler\n|move|p1b: Tauros|Close Combat|p2b: Tyranitar\n|-supereffective|p2b: Tyranitar|2\n|-damage|p2b: Tyranitar|0 fnt\n|-unboost|p1b: Tauros|def|1\n|-unboost|p1b: Tauros|spd|1\n|faint|p2b: Tyranitar\n|-enditem|p1b: Tauros|White Herb\n|-clearnegativeboost|p1b: Tauros|[silent]\n|\n|-weather|Sandstorm|[upkeep]\n|-damage|p1b: Tauros|94/100|[from] Sandstorm\n|upkeep\n|\n|t:|1776291314\n|switch|p2b: Milotic|Milotic, L50, F|68/100\n|switch|p2a: Aegislash|Aegislash, L50, F|100/100\n|turn|5\n|inactive|kiwideterre has 30 seconds left.\n|inactive|kiwideterre has 20 seconds left.\n|\n|t:|1776291350\n|switch|p1a: Glimmora|Glimmora, L50, M|100/100\n|move|p2b: Milotic|Protect|p2b: Milotic\n|-singleturn|p2b: Milotic|Protect\n|-formechange|p2a: Aegislash|Aegislash-Blade|\n|move|p2a: Aegislash|Shadow Sneak|p1a: Glimmora\n|-damage|p1a: Glimmora|77/100\n|-activate|p1a: Glimmora|ability: Toxic Debris\n|-sidestart|p2: thealex610|move: Toxic Spikes\n|move|p1b: Tauros|Close Combat|p2b: Milotic\n|-activate|p2b: Milotic|move: Protect\n|\n|-weather|Sandstorm|[upkeep]\n|-damage|p1b: Tauros|88/100|[from] Sandstorm\n|-damage|p2b: Milotic|62/100|[from] Sandstorm\n|-fieldend|move: Trick Room\n|upkeep\n|turn|6\n|\n|t:|1776291374\n|-formechange|p2a: Aegislash|Aegislash|\n|move|p2a: Aegislash|King's Shield|p2a: Aegislash\n|-singleturn|p2a: Aegislash|Protect\n|move|p2b: Milotic|Scald|p1a: Glimmora\n|-supereffective|p1a: Glimmora|1\n|-damage|p1a: Glimmora|17/100\n|move|p1a: Glimmora|Sludge Bomb|p2b: Milotic\n|-damage|p2b: Milotic|19/100\n|-enditem|p2b: Milotic|Sitrus Berry|[eat]\n|-heal|p2b: Milotic|44/100|[from] item: Sitrus Berry\n|move|p1b: Tauros|Wave Crash|p2b: Milotic\n|-resisted|p2b: Milotic|1\n|-damage|p2b: Milotic|2/100\n|-damage|p1b: Tauros|74/100|[from] Recoil\n|\n|-weather|Sandstorm|[upkeep]\n|-damage|p2b: Milotic|0 fnt|[from] Sandstorm\n|-damage|p1b: Tauros|68/100|[from] Sandstorm\n|faint|p2b: Milotic\n|upkeep\n|turn|7\n|\n|t:|1776291398\n|move|p1a: Glimmora|Spiky Shield|p1a: Glimmora\n|-singleturn|p1a: Glimmora|move: Protect\n|move|p1b: Tauros|Wave Crash|p2a: Aegislash\n|-damage|p2a: Aegislash|45/100\n|-damage|p1b: Tauros|53/100|[from] Recoil\n|-formechange|p2a: Aegislash|Aegislash-Blade|\n|move|p2a: Aegislash|Sacred Sword|p1a: Glimmora\n|-activate|p1a: Glimmora|move: Protect\n|-damage|p2a: Aegislash|33/100|[from] Spiky Shield|[of] p1a: Glimmora\n|\n|-weather|Sandstorm|[upkeep]\n|-damage|p1b: Tauros|47/100|[from] Sandstorm\n|-heal|p2a: Aegislash|39/100|[from] item: Leftovers\n|upkeep\n|turn|8\n|\n|t:|1776291415\n|switch|p1a: Camerupt|Camerupt-Mega, L50, F|13/100\n|move|p1b: Tauros|Protect|p1b: Tauros\n|-singleturn|p1b: Tauros|Protect\n|-formechange|p2a: Aegislash|Aegislash|\n|move|p2a: Aegislash|King's Shield||[still]\n|-fail|p2a: Aegislash\n|\n|-weather|none\n|-heal|p2a: Aegislash|45/100|[from] item: Leftovers\n|upkeep\n|turn|9\n|\n|t:|1776291425\n|move|p2a: Aegislash|Wide Guard|p2a: Aegislash\n|-singleturn|p2a: Aegislash|Wide Guard\n|move|p1b: Tauros|Wave Crash|p2a: Aegislash\n|-damage|p2a: Aegislash|0 fnt\n|faint|p2a: Aegislash\n|-damage|p1b: Tauros|35/100|[from] Recoil\n|\n|win|kiwideterre\n|raw|kiwideterre's rating: 1140 &rarr; <strong>1166</strong><br />(+26 for winning)\n|raw|thealex610's rating: 1155 &rarr; <strong>1129</strong><br />(-26 for losing)\n|c|\u2606kiwideterre|braindamage\n",
  "uploadtime": 1776291432,
  "views": 27,
  "formatid": "gen9championsvgc2026regma",
  "rating": 1129,
  "private": 0,
  "password": null
}