{
  "id": "gen9championsvgc2026regma-2581392515",
  "format": "[Gen 9 Champions] VGC 2026 Reg M-A",
  "players": [
    "NathanaelW19",
    "juansimon383"
  ],
  "log": "|j|\u2606NathanaelW19\n|j|\u2606juansimon383\n|t:|1775995551\n|gametype|doubles\n|player|p1|NathanaelW19|dragontamer|1253\n|player|p2|juansimon383|hilda-wonderlauncher|1354\n|gen|9\n|tier|[Gen 9 Champions] VGC 2026 Reg M-A\n|rated|\n|rule|Species Clause: Limit one of each Pok\u00e9mon\n|rule|Item Clause: Limit 1 of each item\n|clearpoke\n|poke|p1|Floette-Eternal, L50, F|\n|poke|p1|Meowscarada, L50, F|\n|poke|p1|Archaludon, L50, M|\n|poke|p1|Farigiraf, L50, F|\n|poke|p1|Basculegion, L50, M|\n|poke|p1|Pelipper, L50, F|\n|poke|p2|Milotic, L50, F|\n|poke|p2|Gengar, L50, M|\n|poke|p2|Incineroar, L50, M|\n|poke|p2|Garchomp, L50, M|\n|poke|p2|Rotom-Mow, L50|\n|poke|p2|Aerodactyl, L50, M|\n|teampreview|4\n|inactive|Battle timer is ON: inactive players will automatically lose when time's up. (requested by NathanaelW19)\n|inactive|juansimon383 has 60 seconds left.\n|\n|t:|1775995597\n|teamsize|p1|4\n|teamsize|p2|4\n|start\n|switch|p1a: Floette|Floette-Eternal, L50, F, shiny|100/100\n|switch|p1b: Meowscarada|Meowscarada, L50, F, shiny|100/100\n|switch|p2a: Incineroar|Incineroar, L50, M|100/100\n|switch|p2b: Rotom|Rotom-Mow, L50, shiny|100/100\n|-ability|p2a: Incineroar|Intimidate|boost\n|-unboost|p1a: Floette|atk|1\n|-block|p1b: Meowscarada|ability: Flower Veil|[of] p1a: Floette\n|turn|1\n|\n|t:|1775995608\n|move|p2a: Incineroar|Fake Out|p1a: Floette\n|-damage|p1a: Floette|81/100\n|cant|p1a: Floette|flinch\n|move|p1b: Meowscarada|Knock Off|p2b: Rotom\n|-crit|p2b: Rotom\n|-damage|p2b: Rotom|39/100\n|-enditem|p2b: Rotom|Miracle Seed|[from] move: Knock Off|[of] p1b: Meowscarada\n|move|p2b: Rotom|Will-O-Wisp|p1b: Meowscarada\n|-block|p1b: Meowscarada|ability: Flower Veil|[of] p1a: Floette\n|\n|upkeep\n|turn|2\n|\n|t:|1775995632\n|move|p2b: Rotom|Protect|p2b: Rotom\n|-singleturn|p2b: Rotom|Protect\n|move|p1a: Floette|Light of Ruin|p2a: Incineroar\n|-damage|p2a: Incineroar|38/100\n|-enditem|p2a: Incineroar|Sitrus Berry|[eat]\n|-heal|p2a: Incineroar|62/100|[from] item: Sitrus Berry\n|-damage|p1a: Floette|40/100|[from] Recoil\n|move|p1b: Meowscarada|Knock Off|p2b: Rotom\n|-activate|p2b: Rotom|move: Protect\n|move|p2a: Incineroar|Flare Blitz|p1a: Floette\n|-crit|p1a: Floette\n|-damage|p1a: Floette|0 fnt\n|faint|p1a: Floette\n|-damage|p2a: Incineroar|52/100|[from] Recoil\n|\n|upkeep\n|\n|t:|1775995637\n|switch|p1a: Pelipper|Pelipper, L50, F, shiny|100/100\n|-weather|RainDance|[from] ability: Drizzle|[of] p1a: Pelipper\n|turn|3\n|inactive|juansimon383 has 30 seconds left.\n|\n|t:|1775995664\n|switch|p2b: Garchomp|Garchomp, L50, M|100/100\n|move|p1b: Meowscarada|Sucker Punch||[still]\n|-fail|p1b: Meowscarada\n|move|p1a: Pelipper|Weather Ball|p2a: Incineroar\n|-supereffective|p2a: Incineroar|1\n|-damage|p2a: Incineroar|0 fnt\n|faint|p2a: Incineroar\n|\n|-weather|RainDance|[upkeep]\n|upkeep\n|\n|t:|1775995676\n|switch|p2a: Gengar|Gengar, L50, M, shiny|100/100\n|turn|4\n|\n|t:|1775995685\n|detailschange|p2a: Gengar|Gengar-Mega, L50, M, shiny\n|-mega|p2a: Gengar|Gengar|Gengarite\n|move|p2a: Gengar|Protect|p2a: Gengar\n|-singleturn|p2a: Gengar|Protect\n|move|p1b: Meowscarada|Sucker Punch||[still]\n|-fail|p1b: Meowscarada\n|move|p2b: Garchomp|Dragon Claw|p1b: Meowscarada\n|-damage|p1b: Meowscarada|34/100\n|move|p1a: Pelipper|Tailwind|p1a: Pelipper\n|-sidestart|p1: NathanaelW19|move: Tailwind\n|\n|-weather|RainDance|[upkeep]\n|upkeep\n|turn|5\n|\n|t:|1775995703\n|switch|p2a: Rotom|Rotom-Mow, L50, shiny|39/100\n|move|p1b: Meowscarada|Protect|p1b: Meowscarada\n|-singleturn|p1b: Meowscarada|Protect\n|move|p1a: Pelipper|Hurricane|p2a: Rotom\n|-damage|p2a: Rotom|6/100\n|move|p2b: Garchomp|Dragon Claw|p1b: Meowscarada\n|-activate|p1b: Meowscarada|move: Protect\n|\n|-weather|RainDance|[upkeep]\n|upkeep\n|turn|6\n|\n|t:|1775995712\n|move|p2a: Rotom|Protect|p2a: Rotom\n|-singleturn|p2a: Rotom|Protect\n|move|p1b: Meowscarada|Knock Off|p2b: Garchomp\n|-damage|p2b: Garchomp|59/100\n|-damage|p1b: Meowscarada|21/100|[from] ability: Rough Skin|[of] p2b: Garchomp\n|-enditem|p2b: Garchomp|Choice Scarf|[from] move: Knock Off|[of] p1b: Meowscarada\n|move|p1a: Pelipper|Hurricane|p2b: Garchomp\n|-damage|p2b: Garchomp|23/100\n|move|p2b: Garchomp|Dragon Claw|p1b: Meowscarada\n|-damage|p1b: Meowscarada|0 fnt\n|faint|p1b: Meowscarada\n|\n|-weather|RainDance|[upkeep]\n|upkeep\n|\n|t:|1775995716\n|switch|p1b: Archaludon|Archaludon, L50, M, shiny|100/100\n|turn|7\n|\n|t:|1775995734\n|switch|p2a: Gengar|Gengar-Mega, L50, M, shiny|100/100\n|move|p1a: Pelipper|Hurricane|p2b: Garchomp\n|-damage|p2b: Garchomp|0 fnt\n|faint|p2b: Garchomp\n|move|p1b: Archaludon|Electro Shot||[still]\n|-prepare|p1b: Archaludon|Electro Shot\n|-boost|p1b: Archaludon|spa|1\n|-anim|p1b: Archaludon|Electro Shot|p2a: Gengar\n|-damage|p2a: Gengar|6/100\n|\n|-weather|none\n|-sideend|p1: NathanaelW19|move: Tailwind\n|upkeep\n|\n|t:|1775995739\n|switch|p2b: Rotom|Rotom-Mow, L50, shiny|6/100\n|turn|8\n|\n|t:|1775995746\n|move|p2a: Gengar|Shadow Ball|p1b: Archaludon\n|-damage|p1b: Archaludon|37/100\n|-ability|p1b: Archaludon|Stamina|boost\n|-boost|p1b: Archaludon|def|1\n|move|p1a: Pelipper|Tailwind|p1a: Pelipper\n|-sidestart|p1: NathanaelW19|move: Tailwind\n|move|p1b: Archaludon|Dragon Pulse|p2b: Rotom\n|-damage|p2b: Rotom|0 fnt\n|faint|p2b: Rotom\n|\n|upkeep\n|turn|9\n|-message|juansimon383 forfeited.\n|\n|win|NathanaelW19\n|raw|NathanaelW19's rating: 1253 &rarr; <strong>1285</strong><br />(+32 for winning)\n|raw|juansimon383's rating: 1354 &rarr; <strong>1328</strong><br />(-26 for losing)\n|l|\u2606juansimon383\n|player|p2|\n",
  "uploadtime": 1775995758,
  "views": 42,
  "formatid": "gen9championsvgc2026regma",
  "rating": 1285,
  "private": 0,
  "password": null
}