{
  "id": "gen9championsvgc2026regma-2583225429",
  "format": "[Gen 9 Champions] VGC 2026 Reg M-A",
  "players": [
    "IamPrettyFurret",
    "person729"
  ],
  "log": "|j|\u2606IamPrettyFurret\n|j|\u2606person729\n|t:|1776156779\n|gametype|doubles\n|player|p1|IamPrettyFurret|pokemonranger-gen4|1163\n|player|p2|person729|cynthia|1095\n|gen|9\n|tier|[Gen 9 Champions] VGC 2026 Reg M-A\n|rated|\n|rule|Species Clause: Limit one of each Pok\u00e9mon\n|rule|Item Clause: Limit 1 of each item\n|clearpoke\n|poke|p1|Chandelure, L50, M|\n|poke|p1|Milotic, L50, F|\n|poke|p1|Tsareena, L50, F|\n|poke|p1|Raichu, L50, M|\n|poke|p1|Ninetales-Alola, L50, F|\n|poke|p1|Scizor, L50, F|\n|poke|p2|Pelipper, L50, M|\n|poke|p2|Archaludon, L50, M|\n|poke|p2|Meganium, L50, F|\n|poke|p2|Incineroar, L50, F|\n|poke|p2|Sinistcha-Masterpiece, L50|\n|poke|p2|Blastoise, L50, F|\n|teampreview|4\nIamPrettyFurret has agreed to open team sheets.\n|inactive|Battle timer is ON: inactive players will automatically lose when time's up. (requested by IamPrettyFurret)\n|\n|t:|1776156808\n|teamsize|p1|4\n|teamsize|p2|4\n|start\n|switch|p1a: Raichu|Raichu, L50, M|100/100\n|switch|p1b: Milotic|Milotic, L50, F|100/100\n|switch|p2a: Archaludon|Archaludon, L50, M|100/100\n|switch|p2b: Incineroar|Incineroar, L50, F|100/100\n|-ability|p2b: Incineroar|Intimidate|boost\n|-unboost|p1a: Raichu|atk|1\n|-unboost|p1b: Milotic|atk|1\n|-ability|p1b: Milotic|Competitive|boost\n|-boost|p1b: Milotic|spa|2\n|turn|1\n|inactive|IamPrettyFurret has 30 seconds left.\n|\n|t:|1776156845\n|move|p2b: Incineroar|Fake Out|p1a: Raichu\n|-damage|p1a: Raichu|75/100\n|cant|p1a: Raichu|flinch\n|move|p2a: Archaludon|Dragon Pulse|p1a: Raichu\n|-damage|p1a: Raichu|0 fnt\n|faint|p1a: Raichu\n|move|p1b: Milotic|Scald|p2b: Incineroar\n|-supereffective|p2b: Incineroar|1\n|-damage|p2b: Incineroar|13/100\n|-enditem|p2b: Incineroar|Sitrus Berry|[eat]\n|-heal|p2b: Incineroar|38/100|[from] item: Sitrus Berry\n|\n|upkeep\n|\n|t:|1776156855\n|switch|p1a: Chandelure|Chandelure, L50, M|100/100\n|turn|2\n|\n|t:|1776156864\n|switch|p2b: Pelipper|Pelipper, L50, M|100/100\n|-weather|RainDance|[from] ability: Drizzle|[of] p2b: Pelipper\n|detailschange|p1a: Chandelure|Chandelure-Mega, L50, M\n|-mega|p1a: Chandelure|Chandelure|Chandelurite\n|move|p1a: Chandelure|Heat Wave|p2b: Pelipper|[spread] p2a,p2b\n|-resisted|p2b: Pelipper|1\n|-damage|p2a: Archaludon|73/100\n|-damage|p2b: Pelipper|83/100\n|-ability|p2a: Archaludon|Stamina|boost\n|-boost|p2a: Archaludon|def|1\n|move|p2a: Archaludon|Electro Shot||[still]\n|-prepare|p2a: Archaludon|Electro Shot\n|-boost|p2a: Archaludon|spa|1\n|-anim|p2a: Archaludon|Electro Shot|p1b: Milotic\n|-supereffective|p1b: Milotic|1\n|-damage|p1b: Milotic|10/100\n|move|p1b: Milotic|Scald|p2b: Pelipper\n|-resisted|p2b: Pelipper|1\n|-damage|p2b: Pelipper|20/100\n|\n|-weather|RainDance|[upkeep]\n|-heal|p1b: Milotic|16/100|[from] item: Leftovers\n|-heal|p2b: Pelipper|26/100|[from] item: Leftovers\n|upkeep\n|turn|3\n|\n|t:|1776156885\n|switch|p1a: Ninetales|Ninetales-Alola, L50, F|100/100\n|-weather|Snowscape|[from] ability: Snow Warning|[of] p1a: Ninetales\n|move|p1b: Milotic|Protect|p1b: Milotic\n|-singleturn|p1b: Milotic|Protect\n|move|p2a: Archaludon|Electro Shot||[still]\n|-prepare|p2a: Archaludon|Electro Shot\n|-boost|p2a: Archaludon|spa|1\n|move|p2b: Pelipper|Muddy Water|p1a: Ninetales|[spread] \n|-activate|p1b: Milotic|move: Protect\n|-miss|p2b: Pelipper|p1a: Ninetales\n|\n|-weather|Snowscape|[upkeep]\n|-heal|p1b: Milotic|22/100|[from] item: Leftovers\n|-heal|p2b: Pelipper|32/100|[from] item: Leftovers\n|upkeep\n|turn|4\n|\n|t:|1776156899\n|switch|p1b: Chandelure|Chandelure-Mega, L50, M|100/100\n|move|p2b: Pelipper|Wide Guard|p2b: Pelipper\n|-singleturn|p2b: Pelipper|Wide Guard\n|move|p1a: Ninetales|Aurora Veil|p1a: Ninetales\n|-sidestart|p1: IamPrettyFurret|move: Aurora Veil\n|move|p2a: Archaludon|Electro Shot|p1b: Chandelure|[from] lockedmove\n|-damage|p1b: Chandelure|32/100\n|\n|-weather|Snowscape|[upkeep]\n|-heal|p2b: Pelipper|38/100|[from] item: Leftovers\n|upkeep\n|turn|5\n|\n|t:|1776156917\n|switch|p2b: Incineroar|Incineroar, L50, F|38/100\n|-ability|p2b: Incineroar|Intimidate|boost\n|-unboost|p1a: Ninetales|atk|1\n|-unboost|p1b: Chandelure|atk|1\n|move|p2a: Archaludon|Protect|p2a: Archaludon\n|-singleturn|p2a: Archaludon|Protect\n|move|p1a: Ninetales|Icy Wind|p2a: Archaludon|[spread] p2b\n|-activate|p2a: Archaludon|move: Protect\n|-resisted|p2b: Incineroar|1\n|-damage|p2b: Incineroar|33/100\n|-unboost|p2b: Incineroar|spe|1\n|move|p1b: Chandelure|Shadow Ball|p2a: Archaludon\n|-activate|p2a: Archaludon|move: Protect\n|\n|-weather|Snowscape|[upkeep]\n|upkeep\n|turn|6\n|\n|t:|1776156929\n|move|p1b: Chandelure|Protect|p1b: Chandelure\n|-singleturn|p1b: Chandelure|Protect\n|move|p1a: Ninetales|Moonblast|p2b: Incineroar\n|-damage|p2b: Incineroar|6/100\n|move|p2a: Archaludon|Flash Cannon|p1a: Ninetales\n|-supereffective|p1a: Ninetales|2\n|-damage|p1a: Ninetales|0 fnt\n|faint|p1a: Ninetales\n|move|p2b: Incineroar|Throat Chop|p1b: Chandelure\n|-activate|p1b: Chandelure|move: Protect\n|\n|-weather|Snowscape|[upkeep]\n|upkeep\n|\n|t:|1776156935\n|switch|p1a: Milotic|Milotic, L50, F|22/100\n|turn|7\n|\n|t:|1776156945\n|switch|p2b: Pelipper|Pelipper, L50, M|38/100\n|-weather|RainDance|[from] ability: Drizzle|[of] p2b: Pelipper\n|move|p1b: Chandelure|Heat Wave|p2a: Archaludon|[spread] p2a,p2b\n|-resisted|p2b: Pelipper|1\n|-crit|p2b: Pelipper\n|-damage|p2a: Archaludon|45/100\n|-damage|p2b: Pelipper|11/100\n|-ability|p2a: Archaludon|Stamina|boost\n|-boost|p2a: Archaludon|def|1\n|move|p2a: Archaludon|Electro Shot||[still]\n|-prepare|p2a: Archaludon|Electro Shot\n|-boost|p2a: Archaludon|spa|1\n|-anim|p2a: Archaludon|Electro Shot|p1a: Milotic\n|-supereffective|p1a: Milotic|1\n|-damage|p1a: Milotic|0 fnt\n|faint|p1a: Milotic\n|\n|-weather|RainDance|[upkeep]\n|-heal|p2b: Pelipper|17/100|[from] item: Leftovers\n|upkeep\n|turn|8\n|-message|IamPrettyFurret forfeited.\n|\n|win|person729\n|raw|IamPrettyFurret's rating: 1163 &rarr; <strong>1133</strong><br />(-30 for losing)\n|raw|person729's rating: 1095 &rarr; <strong>1126</strong><br />(+31 for winning)\n|l|\u2606IamPrettyFurret\n|player|p1|\n",
  "uploadtime": 1776156973,
  "views": 31,
  "formatid": "gen9championsvgc2026regma",
  "rating": 1126,
  "private": 0,
  "password": null
}