{
  "id": "gen9championsvgc2026regma-2582687987",
  "format": "[Gen 9 Champions] VGC 2026 Reg M-A",
  "players": [
    "lukelby",
    "Eon_Edge"
  ],
  "log": "|j|\u2606lukelby\n|j|\u2606Eon_Edge\n|t:|1776107356\n|gametype|doubles\n|player|p1|lukelby|hiker-gen4|1181\n|player|p2|Eon_Edge|coin|1216\n|gen|9\n|tier|[Gen 9 Champions] VGC 2026 Reg M-A\n|rated|\n|rule|Species Clause: Limit one of each Pok\u00e9mon\n|rule|Item Clause: Limit 1 of each item\n|clearpoke\n|poke|p1|Ninetales-Alola, L50, F|\n|poke|p1|Sinistcha, L50|\n|poke|p1|Crabominable, L50, F|\n|poke|p1|Incineroar, L50, F|\n|poke|p1|Farigiraf, L50, F|\n|poke|p1|Hydreigon, L50, F|\n|poke|p2|Banette, L50, F|\n|poke|p2|Aerodactyl, L50, M|\n|poke|p2|Empoleon, L50, M|\n|poke|p2|Garchomp, L50, F|\n|poke|p2|Charizard, L50, M|\n|poke|p2|Maushold, L50|\n|teampreview|4\nlukelby has agreed to open team sheets.\nEon_Edge rejected open team sheets.\n|inactive|Battle timer is ON: inactive players will automatically lose when time's up. (requested by Eon_Edge)\n|\n|t:|1776107417\n|teamsize|p1|4\n|teamsize|p2|4\n|start\n|switch|p1a: mimmer|Incineroar, L50, F|100/100\n|switch|p1b: miinnie|Ninetales-Alola, L50, F|100/100\n|switch|p2a: Empoleon|Empoleon, L50, M|100/100\n|switch|p2b: Maushold|Maushold, L50|100/100\n|-weather|Snowscape|[from] ability: Snow Warning|[of] p1b: miinnie\n|-ability|p1a: mimmer|Intimidate|boost\n|-unboost|p2a: Empoleon|atk|1\n|-ability|p2a: Empoleon|Competitive|boost\n|-boost|p2a: Empoleon|spa|2\n|-unboost|p2b: Maushold|atk|1\n|turn|1\n|\n|t:|1776107438\n|move|p2b: Maushold|Super Fang|p1b: miinnie\n|-damage|p1b: miinnie|50/100\n|move|p1b: miinnie|Aurora Veil|p1b: miinnie\n|-sidestart|p1: lukelby|move: Aurora Veil\n|move|p2a: Empoleon|Flash Cannon|p1b: miinnie\n|-supereffective|p1b: miinnie|2\n|-enditem|p1b: miinnie|Babiri Berry|[eat]\n|-enditem|p1b: miinnie|Babiri Berry|[weaken]\n|-damage|p1b: miinnie|0 fnt\n|faint|p1b: miinnie\n|move|p1a: mimmer|Parting Shot|p2a: Empoleon\n|-unboost|p2a: Empoleon|atk|1\n|-ability|p2a: Empoleon|Competitive|boost\n|-boost|p2a: Empoleon|spa|2\n|-unboost|p2a: Empoleon|spa|1\n|-ability|p2a: Empoleon|Competitive|boost\n|-boost|p2a: Empoleon|spa|2\n|c|\u2606Eon_Edge|thanks :)\n|\n|t:|1776107448\n|switch|p1a: Broly|Crabominable, L50, F|100/100|[from] Parting Shot\n|\n|-weather|Snowscape|[upkeep]\n|upkeep\n|\n|t:|1776107466\n|switch|p1b: Hydreigon|Hydreigon, L50, F|100/100\n|turn|2\n|\n|t:|1776107477\n|detailschange|p1a: Broly|Crabominable-Mega, L50, F\n|-mega|p1a: Broly|Crabominable|Crabominite\n|move|p2b: Maushold|Follow Me|p2b: Maushold\n|-singleturn|p2b: Maushold|move: Follow Me\n|move|p1a: Broly|Mach Punch|p2b: Maushold\n|-supereffective|p2b: Maushold|1\n|-damage|p2b: Maushold|14/100\n|move|p1b: Hydreigon|Throat Chop|p2b: Maushold\n|-damage|p2b: Maushold|0 fnt\n|faint|p2b: Maushold\n|move|p2a: Empoleon|Flash Cannon|p1a: Broly\n|-supereffective|p1a: Broly|1\n|-damage|p1a: Broly|0 fnt\n|faint|p1a: Broly\n|\n|-weather|Snowscape|[upkeep]\n|upkeep\n|\n|t:|1776107490\n|switch|p2b: Aerodactyl|Aerodactyl, L50, M|100/100\n|switch|p1a: mimmer|Incineroar, L50, F|100/100\n|-ability|p2b: Aerodactyl|Unnerve\n|-ability|p1a: mimmer|Intimidate|boost\n|-unboost|p2a: Empoleon|atk|1\n|-ability|p2a: Empoleon|Competitive|boost\n|-boost|p2a: Empoleon|spa|1\n|-unboost|p2b: Aerodactyl|atk|1\n|turn|3\n|\n|t:|1776107503\n|move|p1a: mimmer|Fake Out|p2a: Empoleon\n|-resisted|p2a: Empoleon|1\n|-damage|p2a: Empoleon|96/100\n|move|p1b: Hydreigon|Throat Chop|p2a: Empoleon\n|-damage|p2a: Empoleon|61/100\n|-start|p2a: Empoleon|Throat Chop|[silent]\n|move|p2b: Aerodactyl|Tailwind|p2b: Aerodactyl\n|-sidestart|p2: Eon_Edge|move: Tailwind\n|cant|p2a: Empoleon|flinch\n|\n|-weather|Snowscape|[upkeep]\n|-heal|p2a: Empoleon|67/100|[from] item: Leftovers\n|upkeep\n|turn|4\n|\n|t:|1776107526\n|move|p2b: Aerodactyl|Rock Slide|p1b: Hydreigon|[spread] p1a,p1b\n|-supereffective|p1a: mimmer|1\n|-damage|p1a: mimmer|79/100\n|-damage|p1b: Hydreigon|86/100\n|cant|p1b: Hydreigon|flinch\n|move|p2a: Empoleon|Flash Cannon|p1b: Hydreigon\n|-damage|p1b: Hydreigon|0 fnt\n|faint|p1b: Hydreigon\n|move|p1a: mimmer|Darkest Lariat|p2b: Aerodactyl\n|-damage|p2b: Aerodactyl|46/100\n|\n|-weather|Snowscape|[upkeep]\n|-heal|p2a: Empoleon|73/100|[from] item: Leftovers\n|-end|p2a: Empoleon|Throat Chop|[silent]\n|upkeep\n|turn|5\n|c|\u2606lukelby|not my brightest game\n|-message|lukelby forfeited.\n|\n|win|Eon_Edge\n|raw|lukelby's rating: 1181 &rarr; <strong>1159</strong><br />(-22 for losing)\n|raw|Eon_Edge's rating: 1216 &rarr; <strong>1238</strong><br />(+22 for winning)\n|l|\u2606lukelby\n|player|p1|\n|c|\u2606Eon_Edge|ive been there man\n",
  "uploadtime": 1776107545,
  "views": 16,
  "formatid": "gen9championsvgc2026regma",
  "rating": 1159,
  "private": 0,
  "password": null
}