{
  "id": "gen9championsvgc2026regma-2587939027",
  "format": "[Gen 9 Champions] VGC 2026 Reg M-A",
  "players": [
    "yumimoto",
    "roykeenkennedy"
  ],
  "log": "|j|\u203dyumimoto\n|j|\u2606roykeenkennedy\n|t:|1776581933\n|gametype|doubles\n|player|p1|yumimoto|lucas|1498\n|player|p2|roykeenkennedy|102|1579\n|gen|9\n|tier|[Gen 9 Champions] VGC 2026 Reg M-A\n|rated|\n|rule|Species Clause: Limit one of each Pok\u00e9mon\n|rule|Item Clause: Limit 1 of each item\n|clearpoke\n|poke|p1|Charizard, L50, M|\n|poke|p1|Aegislash, L50, M|\n|poke|p1|Kingambit, L50, M|\n|poke|p1|Basculegion-F, L50, F|\n|poke|p1|Sylveon, L50, M|\n|poke|p1|Whimsicott, L50, F|\n|poke|p2|Sableye, L50, M|\n|poke|p2|Sinistcha, L50|\n|poke|p2|Archaludon, L50, F|\n|poke|p2|Basculegion, L50, M|\n|poke|p2|Aerodactyl, L50, F|\n|poke|p2|Venusaur, L50, F|\n|teampreview|4\n|inactive|Battle timer is ON: inactive players will automatically lose when time's up. (requested by roykeenkennedy)\n|inactive|yumimoto has 60 seconds left.\n|\n|t:|1776582002\n|teamsize|p1|4\n|teamsize|p2|4\n|start\n|switch|p1a: Charizard|Charizard, L50, M|100/100\n|switch|p1b: Aegislash|Aegislash, L50, M|100/100\n|switch|p2a: Sableye|Sableye, L50, M|100/100\n|switch|p2b: Basculegion|Basculegion, L50, M|100/100\n|turn|1\n|inactive|yumimoto has 30 seconds left.\n|inactive|yumimoto has 20 seconds left.\n|\n|t:|1776582040\n|detailschange|p1a: Charizard|Charizard-Mega-Y, L50, M\n|-mega|p1a: Charizard|Charizard|Charizardite Y\n|-weather|SunnyDay|[from] ability: Drought|[of] p1a: Charizard\n|move|p1a: Charizard|Protect|p1a: Charizard\n|-singleturn|p1a: Charizard|Protect\n|move|p2a: Sableye|Will-O-Wisp|p1b: Aegislash\n|-status|p1b: Aegislash|brn\n|move|p2b: Basculegion|Flip Turn|p1a: Charizard\n|-activate|p1a: Charizard|move: Protect\n|-formechange|p1b: Aegislash|Aegislash-Blade|\n|move|p1b: Aegislash|Poltergeist|p2a: Sableye\n|-activate|p2a: Sableye|move: Poltergeist|Focus Sash\n|-damage|p2a: Sableye|53/100\n|\n|-weather|SunnyDay|[upkeep]\n|-damage|p1b: Aegislash|94/100 brn|[from] brn\n|upkeep\n|turn|2\n|inactive|yumimoto has 30 seconds left.\n|inactive|yumimoto has 20 seconds left.\n|\n|t:|1776582078\n|switch|p1a: Kingambit|Kingambit, L50, M|100/100\n|move|p2a: Sableye|Rain Dance|p2a: Sableye\n|-weather|RainDance\n|move|p2b: Basculegion|Flip Turn|p1a: Kingambit\n|-damage|p1a: Kingambit|61/100\n|\n|t:|1776582086\n|switch|p2b: Archaludon|Archaludon, L50, F|100/100|[from] Flip Turn\n|move|p1b: Aegislash|Poltergeist|p2a: Sableye\n|-activate|p2a: Sableye|move: Poltergeist|Focus Sash\n|-damage|p2a: Sableye|2/100\n|\n|-weather|RainDance|[upkeep]\n|-damage|p1b: Aegislash|88/100 brn|[from] brn\n|upkeep\n|turn|3\n|\n|t:|1776582102\n|switch|p1a: Charizard|Charizard-Mega-Y, L50, M|100/100\n|-weather|SunnyDay|[from] ability: Drought|[of] p1a: Charizard\n|move|p2a: Sableye|Rain Dance|p2a: Sableye\n|-weather|RainDance\n|move|p2b: Archaludon|Electro Shot||[still]\n|-prepare|p2b: Archaludon|Electro Shot\n|-boost|p2b: Archaludon|spa|1\n|-anim|p2b: Archaludon|Electro Shot|p1b: Aegislash\n|-damage|p1b: Aegislash|0 fnt\n|faint|p1b: Aegislash\n|\n|-weather|RainDance|[upkeep]\n|upkeep\n|\n|t:|1776582114\n|switch|p1b: Sylveon|Sylveon, L50, M|100/100\n|turn|4\n|\n|t:|1776582128\n|switch|p1a: Kingambit|Kingambit, L50, M|61/100\n|move|p2a: Sableye|Light Screen|p2a: Sableye\n|-sidestart|p2: roykeenkennedy|move: Light Screen\n|move|p2b: Archaludon|Electro Shot||[still]\n|-prepare|p2b: Archaludon|Electro Shot\n|-boost|p2b: Archaludon|spa|1\n|-anim|p2b: Archaludon|Electro Shot|p1b: Sylveon\n|-damage|p1b: Sylveon|39/100\n|move|p1b: Sylveon|Hyper Voice|p2a: Sableye|[spread] p2a,p2b\n|-supereffective|p2a: Sableye|1\n|-damage|p2a: Sableye|0 fnt\n|-damage|p2b: Archaludon|66/100\n|-ability|p2b: Archaludon|Stamina|boost\n|-boost|p2b: Archaludon|def|1\n|faint|p2a: Sableye\n|\n|-weather|RainDance|[upkeep]\n|upkeep\n|inactive|roykeenkennedy has 30 seconds left.\n|\n|t:|1776582158\n|switch|p2a: Sinistcha|Sinistcha, L50|100/100\n|-heal|p2b: Archaludon|91/100|[from] ability: Hospitality|[of] p2a: Sinistcha\n|turn|5\n|j| VegitoSKBEST\n|\n|t:|1776582166\n|move|p2b: Archaludon|Dragon Pulse|p1a: Kingambit\n|-resisted|p1a: Kingambit|1\n|-damage|p1a: Kingambit|21/100\n|move|p1b: Sylveon|Hyper Voice|p2b: Archaludon|[spread] p2a,p2b\n|-crit|p2a: Sinistcha\n|-damage|p2a: Sinistcha|25/100\n|-damage|p2b: Archaludon|58/100\n|-ability|p2b: Archaludon|Stamina|boost\n|-boost|p2b: Archaludon|def|1\n|move|p1a: Kingambit|Kowtow Cleave|p2a: Sinistcha\n|-supereffective|p2a: Sinistcha|1\n|-damage|p2a: Sinistcha|0 fnt\n|faint|p2a: Sinistcha\n|\n|-weather|RainDance|[upkeep]\n|upkeep\n|\n|t:|1776582180\n|switch|p2a: Basculegion|Basculegion, L50, M|100/100\n|turn|6\n|\n|t:|1776582189\n|move|p2a: Basculegion|Aqua Jet|p1a: Kingambit\n|-damage|p1a: Kingambit|0 fnt\n|faint|p1a: Kingambit\n|move|p1b: Sylveon|Quick Attack|p2a: Basculegion\n|-damage|p2a: Basculegion|85/100\n|move|p2b: Archaludon|Flash Cannon|p1b: Sylveon\n|-supereffective|p1b: Sylveon|1\n|-damage|p1b: Sylveon|0 fnt\n|faint|p1b: Sylveon\n|\n|-weather|RainDance|[upkeep]\n|upkeep\n|\n|t:|1776582201\n|switch|p1b: Charizard|Charizard-Mega-Y, L50, M|100/100\n|-weather|SunnyDay|[from] ability: Drought|[of] p1b: Charizard\n|turn|7\n|\n|t:|1776582214\n|move|p2a: Basculegion|Aqua Jet|p1b: Charizard\n|-supereffective|p1b: Charizard|1\n|-damage|p1b: Charizard|72/100\n|move|p1b: Charizard|Heat Wave|p2a: Basculegion|[spread] p2a,p2b\n|-resisted|p2a: Basculegion|1\n|-damage|p2a: Basculegion|63/100\n|-damage|p2b: Archaludon|15/100\n|-ability|p2b: Archaludon|Stamina|boost\n|-boost|p2b: Archaludon|def|1\n|-enditem|p2b: Archaludon|Sitrus Berry|[eat]\n|-heal|p2b: Archaludon|40/100|[from] item: Sitrus Berry\n|move|p2b: Archaludon|Dragon Pulse|p1b: Charizard\n|-damage|p1b: Charizard|0 fnt\n|faint|p1b: Charizard\n|\n|win|roykeenkennedy\n|raw|yumimoto's rating: 1498 &rarr; <strong>1483</strong><br />(-15 for losing)\n|raw|roykeenkennedy's rating: 1579 &rarr; <strong>1594</strong><br />(+15 for winning)\n|l| VegitoSKBEST\n|l|\u203dyumimoto\n|player|p1|\n|j| VegitoSKBEST\n|l| VegitoSKBEST\n",
  "uploadtime": 1776582245,
  "views": 14,
  "formatid": "gen9championsvgc2026regma",
  "rating": 1483,
  "private": 0,
  "password": null
}