{
  "id": "gen9championsvgc2026regma-2588918890",
  "format": "[Gen 9 Champions] VGC 2026 Reg M-A",
  "players": [
    "minhsuperfat",
    "t1stingt1sting"
  ],
  "log": "|j|\u2606minhsuperfat\n|j|\u2606t1stingt1sting\n|t:|1776685830\n|gametype|doubles\n|player|p1|minhsuperfat|169|1192\n|player|p2|t1stingt1sting|2|1116\n|gen|9\n|tier|[Gen 9 Champions] VGC 2026 Reg M-A\n|rated|\n|rule|Species Clause: Limit one of each Pok\u00e9mon\n|rule|Item Clause: Limit 1 of each item\n|clearpoke\n|poke|p1|Garchomp, L50, F, shiny|\n|poke|p1|Sneasler, L50, M, shiny|\n|poke|p1|Gardevoir, L50, M, shiny|\n|poke|p1|Talonflame, L50, M, shiny|\n|poke|p1|Aegislash, L50, M, shiny|\n|poke|p1|Snorlax, L50, F, shiny|\n|poke|p2|Gallade, L50, M|\n|poke|p2|Ampharos, L50, M, shiny|\n|poke|p2|Sylveon, L50, F, shiny|\n|poke|p2|Sableye, L50, F|\n|poke|p2|Farigiraf, L50, F|\n|poke|p2|Incineroar, L50, F|\n|teampreview|4\n|\n|t:|1776685905\n|teamsize|p1|4\n|teamsize|p2|4\n|start\n|switch|p1a: Sneasler|Sneasler, L50, M, shiny|100/100\n|switch|p1b: Gardevoir|Gardevoir, L50, M, shiny|100/100\n|switch|p2a: Sableye|Sableye, L50, F|100/100\n|switch|p2b: Gallade|Gallade, L50, M|100/100\n|turn|1\n|\n|t:|1776685930\n|switch|p1b: Aegislash|Aegislash, L50, M, shiny|100/100\n|move|p1a: Sneasler|Fake Out|p2b: Gallade\n|-damage|p2b: Gallade|76/100\n|move|p2a: Sableye|Will-O-Wisp|p1a: Sneasler\n|-status|p1a: Sneasler|brn\n|cant|p2b: Gallade|flinch\n|\n|-damage|p1a: Sneasler|95/100 brn|[from] brn\n|upkeep\n|turn|2\n|\n|t:|1776685948\n|switch|p2b: Incineroar|Incineroar, L50, F|100/100\n|-ability|p2b: Incineroar|Intimidate|boost\n|-unboost|p1a: Sneasler|atk|1\n|-unboost|p1b: Aegislash|atk|1\n|-enditem|p1a: Sneasler|White Herb\n|-clearnegativeboost|p1a: Sneasler|[silent]\n|move|p2a: Sableye|Will-O-Wisp|p1b: Aegislash|[miss]\n|-miss|p2a: Sableye|p1b: Aegislash\n|move|p1a: Sneasler|Coaching|p1b: Aegislash\n|-boost|p1b: Aegislash|atk|1\n|-boost|p1b: Aegislash|def|1\n|-formechange|p1b: Aegislash|Aegislash-Blade|\n|move|p1b: Aegislash|Shadow Ball|p2b: Incineroar\n|-resisted|p2b: Incineroar|1\n|-crit|p2b: Incineroar\n|-damage|p2b: Incineroar|73/100\n|\n|-damage|p1a: Sneasler|89/100 brn|[from] brn\n|upkeep\n|turn|3\n|\n|t:|1776685973\n|-formechange|p1b: Aegislash|Aegislash|\n|move|p1b: Aegislash|King's Shield|p1b: Aegislash\n|-singleturn|p1b: Aegislash|Protect\n|move|p2b: Incineroar|Fake Out|p1a: Sneasler\n|-damage|p1a: Sneasler|71/100 brn\n|move|p2a: Sableye|Will-O-Wisp|p1b: Aegislash\n|-status|p1b: Aegislash|brn\n|cant|p1a: Sneasler|flinch\n|\n|-damage|p1a: Sneasler|65/100 brn|[from] brn\n|-damage|p1b: Aegislash|95/100 brn|[from] brn\n|upkeep\n|turn|4\n|\n|t:|1776685991\n|move|p2a: Sableye|Quash|p1a: Sneasler\n|-activate|p1a: Sneasler|move: Quash\n|-formechange|p1b: Aegislash|Aegislash-Blade|\n|move|p1b: Aegislash|Shadow Ball|p2a: Sableye\n|-damage|p2a: Sableye|26/100\n|-unboost|p2a: Sableye|spd|1\n|move|p2b: Incineroar|Flare Blitz|p1b: Aegislash\n|-supereffective|p1b: Aegislash|1\n|-damage|p1b: Aegislash|0 fnt\n|faint|p1b: Aegislash\n|-damage|p2b: Incineroar|52/100|[from] Recoil\n|move|p1a: Sneasler|Close Combat|p2b: Incineroar\n|-supereffective|p2b: Incineroar|1\n|-damage|p2b: Incineroar|0 fnt\n|-unboost|p1a: Sneasler|def|1\n|-unboost|p1a: Sneasler|spd|1\n|faint|p2b: Incineroar\n|\n|-damage|p1a: Sneasler|59/100 brn|[from] brn\n|upkeep\n|\n|t:|1776686009\n|switch|p1b: Gardevoir|Gardevoir, L50, M, shiny|100/100\n|switch|p2b: Gallade|Gallade, L50, M|76/100\n|turn|5\n|\n|t:|1776686022\n|switch|p1b: Garchomp|Garchomp, L50, F, shiny|100/100\n|move|p2a: Sableye|Gravity|p2a: Sableye\n|-fieldstart|move: Gravity\n|move|p1a: Sneasler|Coaching|p1b: Garchomp\n|-boost|p1b: Garchomp|atk|1\n|-boost|p1b: Garchomp|def|1\n|move|p2b: Gallade|Shadow Claw|p1b: Garchomp\n|-damage|p1b: Garchomp|75/100\n|-damage|p2b: Gallade|63/100|[from] ability: Rough Skin|[of] p1b: Garchomp\n|\n|-damage|p1a: Sneasler|53/100 brn|[from] brn\n|upkeep\n|turn|6\n|\n|t:|1776686048\n|move|p2a: Sableye|Will-O-Wisp|p1b: Garchomp\n|-status|p1b: Garchomp|brn\n|move|p1a: Sneasler|Coaching|p1b: Garchomp\n|-boost|p1b: Garchomp|atk|1\n|-boost|p1b: Garchomp|def|1\n|move|p2b: Gallade|Shadow Claw|p1a: Sneasler\n|-damage|p1a: Sneasler|0 fnt\n|faint|p1a: Sneasler\n|move|p1b: Garchomp|Dragon Claw|p1: Sneasler|[notarget]\n|-fail|p1b: Garchomp\n|\n|-damage|p1b: Garchomp|69/100 brn|[from] brn\n|upkeep\n|\n|t:|1776686054\n|switch|p1a: Gardevoir|Gardevoir, L50, M, shiny|100/100\n|turn|7\n|\n|t:|1776686084\n|detailschange|p1a: Gardevoir|Gardevoir-Mega, L50, M, shiny\n|-mega|p1a: Gardevoir|Gardevoir|Gardevoirite\n|move|p1a: Gardevoir|Protect|p1a: Gardevoir\n|-singleturn|p1a: Gardevoir|Protect\n|move|p2a: Sableye|Quash|p1a: Gardevoir\n|-activate|p1a: Gardevoir|move: Protect\n|move|p2b: Gallade|Shadow Claw|p1a: Gardevoir\n|-activate|p1a: Gardevoir|move: Protect\n|move|p1b: Garchomp|Dragon Claw|p2b: Gallade\n|-damage|p2b: Gallade|0 fnt\n|faint|p2b: Gallade\n|\n|-damage|p1b: Garchomp|63/100 brn|[from] brn\n|upkeep\n|\n|t:|1776686097\n|switch|p2b: Ampharos|Ampharos, L50, M, shiny|100/100\n|turn|8\n|\n|t:|1776686107\n|detailschange|p2b: Ampharos|Ampharos-Mega, L50, M, shiny\n|-mega|p2b: Ampharos|Ampharos|Ampharosite\n|-ability|p2b: Ampharos|Mold Breaker\n|move|p2a: Sableye|Quash|p1a: Gardevoir\n|-activate|p1a: Gardevoir|move: Quash\n|move|p1b: Garchomp|Rock Slide|p2b: Ampharos|[spread] p2a,p2b\n|-damage|p2a: Sableye|6/100\n|-damage|p2b: Ampharos|84/100\n|move|p2b: Ampharos|Zap Cannon|p1a: Gardevoir\n|-damage|p1a: Gardevoir|38/100\n|-status|p1a: Gardevoir|par\n|move|p1a: Gardevoir|Hyper Voice|p2b: Ampharos|[spread] p2a,p2b\n|-supereffective|p2a: Sableye|1\n|-enditem|p2a: Sableye|Roseli Berry|[eat]\n|-enditem|p2a: Sableye|Roseli Berry|[weaken]\n|-supereffective|p2b: Ampharos|1\n|-damage|p2a: Sableye|0 fnt\n|-damage|p2b: Ampharos|0 fnt\n|faint|p2a: Sableye\n|faint|p2b: Ampharos\n|\n|win|minhsuperfat\n|raw|minhsuperfat's rating: 1192 &rarr; <strong>1212</strong><br />(+20 for winning)\n|raw|t1stingt1sting's rating: 1116 &rarr; <strong>1096</strong><br />(-20 for losing)\n|l|\u2606t1stingt1sting\n|player|p2|\n",
  "uploadtime": 1776686126,
  "views": 12,
  "formatid": "gen9championsvgc2026regma",
  "rating": 1096,
  "private": 0,
  "password": null
}