{
  "id": "gen9championsvgc2026regma-2589583984",
  "format": "[Gen 9 Champions] VGC 2026 Reg M-A",
  "players": [
    "SBranch_31",
    "undead_redhead"
  ],
  "log": "|j|\u2606SBranch_31\n|j|\u2606undead_redhead\n|t:|1776736382\n|gametype|doubles\n|player|p1|SBranch_31|ingo|1102\n|player|p2|undead_redhead|sonia|1126\n|gen|9\n|tier|[Gen 9 Champions] VGC 2026 Reg M-A\n|rated|\n|rule|Species Clause: Limit one of each Pok\u00e9mon\n|rule|Item Clause: Limit 1 of each item\n|clearpoke\n|poke|p1|Chandelure, L50, M|\n|poke|p1|Incineroar, L50, F|\n|poke|p1|Kingambit, L50, F|\n|poke|p1|Sneasler, L50, M|\n|poke|p1|Farigiraf, L50, M|\n|poke|p1|Sinistcha, L50|\n|poke|p2|Milotic, L50, F, shiny|\n|poke|p2|Charizard, L50, M, shiny|\n|poke|p2|Aerodactyl, L50, F|\n|poke|p2|Sneasler, L50, M|\n|poke|p2|Hydreigon, L50, F, shiny|\n|poke|p2|Incineroar, L50, F, shiny|\n|teampreview|4\n|inactive|Battle timer is ON: inactive players will automatically lose when time's up. (requested by SBranch_31)\n|\n|t:|1776736405\n|teamsize|p1|4\n|teamsize|p2|4\n|start\n|switch|p1a: Farigiraf|Farigiraf, L50, M|100/100\n|switch|p1b: Chandelure|Chandelure, L50, M|100/100\n|switch|p2a: Milotic|Milotic, L50, F, shiny|100/100\n|switch|p2b: Charizard|Charizard, L50, M, shiny|100/100\n|turn|1\n|\n|t:|1776736418\n|move|p2b: Charizard|Dragon Dance|p2b: Charizard\n|-boost|p2b: Charizard|atk|1\n|-boost|p2b: Charizard|spe|1\n|move|p2a: Milotic|Light Screen|p2a: Milotic\n|-sidestart|p2: undead_redhead|move: Light Screen\n|move|p1b: Chandelure|Substitute|p1b: Chandelure\n|-start|p1b: Chandelure|Substitute\n|-damage|p1b: Chandelure|76/100\n|move|p1a: Farigiraf|Trick Room|p1a: Farigiraf\n|-fieldstart|move: Trick Room|[of] p1a: Farigiraf\n|\n|upkeep\n|turn|2\n|inactive|SBranch_31 has 30 seconds left.\n|\n|t:|1776736447\n|switch|p1a: Kingambit|Kingambit, L50, F|100/100\n|detailschange|p1b: Chandelure|Chandelure-Mega, L50, M\n|-mega|p1b: Chandelure|Chandelure|Chandelurite\n|detailschange|p2b: Charizard|Charizard-Mega-X, L50, M, shiny\n|-mega|p2b: Charizard|Charizard|Charizardite X\n|move|p1b: Chandelure|Shadow Ball|p2b: Charizard\n|-damage|p2b: Charizard|35/100\n|move|p2a: Milotic|Dragon Cheer|p2b: Charizard\n|-start|p2b: Charizard|move: Dragon Cheer\n|move|p2b: Charizard|Dragon Claw|p1b: Chandelure\n|-crit|p1b: Chandelure\n|-end|p1b: Chandelure|Substitute\n|\n|upkeep\n|turn|3\n|inactive|SBranch_31 has 30 seconds left.\n|\n|t:|1776736477\n|move|p2b: Charizard|Protect|p2b: Charizard\n|-singleturn|p2b: Charizard|Protect\n|move|p1a: Kingambit|Sucker Punch||[still]\n|-fail|p1a: Kingambit\n|move|p1b: Chandelure|Shadow Ball|p2b: Charizard\n|-activate|p2b: Charizard|move: Protect\n|move|p2a: Milotic|Scald|p1a: Kingambit\n|-damage|p1a: Kingambit|70/100\n|-status|p1a: Kingambit|brn\n|\n|-damage|p1a: Kingambit|64/100 brn|[from] brn\n|upkeep\n|turn|4\n|inactive|undead_redhead has 30 seconds left.\n|\n|t:|1776736512\n|switch|p1a: Sinistcha|Sinistcha, L50|100/100\n|-heal|p1b: Chandelure|100/100|[from] ability: Hospitality|[of] p1a: Sinistcha\n|move|p1b: Chandelure|Substitute|p1b: Chandelure\n|-start|p1b: Chandelure|Substitute\n|-damage|p1b: Chandelure|76/100\n|move|p2a: Milotic|Scald|p1b: Chandelure\n|-supereffective|p1b: Chandelure|1\n|-end|p1b: Chandelure|Substitute\n|move|p2b: Charizard|Fire Punch|p1a: Sinistcha\n|-supereffective|p1a: Sinistcha|1\n|-crit|p1a: Sinistcha\n|-damage|p1a: Sinistcha|0 fnt\n|faint|p1a: Sinistcha\n|\n|upkeep\n|\n|t:|1776736526\n|switch|p1a: Kingambit|Kingambit, L50, F|64/100 brn\n|turn|5\n|\n|t:|1776736541\n|move|p2b: Charizard|Protect|p2b: Charizard\n|-singleturn|p2b: Charizard|Protect\n|move|p1a: Kingambit|Kowtow Cleave|p2b: Charizard\n|-activate|p2b: Charizard|move: Protect\n|move|p1b: Chandelure|Shadow Ball|p2a: Milotic\n|-damage|p2a: Milotic|69/100\n|move|p2a: Milotic|Scald|p1b: Chandelure\n|-supereffective|p1b: Chandelure|1\n|-damage|p1b: Chandelure|21/100\n|\n|-damage|p1a: Kingambit|57/100 brn|[from] brn\n|-sideend|p2: undead_redhead|move: Light Screen\n|-fieldend|move: Trick Room\n|upkeep\n|turn|6\n|\n|t:|1776736559\n|switch|p1b: Farigiraf|Farigiraf, L50, M|100/100\n|move|p1a: Kingambit|Sucker Punch|p2b: Charizard\n|-crit|p2b: Charizard\n|-damage|p2b: Charizard|8/100\n|move|p2b: Charizard|Fire Punch|p1a: Kingambit\n|-supereffective|p1a: Kingambit|1\n|-damage|p1a: Kingambit|0 fnt\n|faint|p1a: Kingambit\n|move|p2a: Milotic|Scald|p1b: Farigiraf\n|-damage|p1b: Farigiraf|78/100\n|\n|upkeep\n|\n|t:|1776736566\n|switch|p1a: Chandelure|Chandelure-Mega, L50, M|21/100\n|turn|7\n|\n|t:|1776736589\n|move|p2b: Charizard|Protect|p2b: Charizard\n|-singleturn|p2b: Charizard|Protect\n|move|p2a: Milotic|Scald|p1a: Chandelure\n|-supereffective|p1a: Chandelure|1\n|-damage|p1a: Chandelure|0 fnt\n|faint|p1a: Chandelure\n|move|p1b: Farigiraf|Hyper Voice|p2a: Milotic|[spread] p2a\n|-activate|p2b: Charizard|move: Protect\n|-damage|p2a: Milotic|53/100\n|\n|upkeep\n|turn|8\n|-message|SBranch_31 forfeited.\n|\n|win|undead_redhead\n|raw|SBranch_31's rating: 1102 &rarr; <strong>1079</strong><br />(-23 for losing)\n|raw|undead_redhead's rating: 1126 &rarr; <strong>1149</strong><br />(+23 for winning)\n|c|\u2606SBranch_31|ggs\n",
  "uploadtime": 1776736602,
  "views": 5,
  "formatid": "gen9championsvgc2026regma",
  "rating": 1079,
  "private": 0,
  "password": null
}