{
  "id": "gen9championsvgc2026regma-2589466930",
  "format": "[Gen 9 Champions] VGC 2026 Reg M-A",
  "players": [
    "Bandido King",
    "PBAmuffin88"
  ],
  "log": "|j|\u2606Bandido King\n|j|\u2606PBAmuffin88\n|t:|1776725523\n|gametype|doubles\n|player|p1|Bandido King|plasmagruntf-gen5bw|1073\n|player|p2|PBAmuffin88|102|1089\n|gen|9\n|tier|[Gen 9 Champions] VGC 2026 Reg M-A\n|rated|\n|rule|Species Clause: Limit one of each Pok\u00e9mon\n|rule|Item Clause: Limit 1 of each item\n|clearpoke\n|poke|p1|Delphox, L50, M|\n|poke|p1|Incineroar, L50, M|\n|poke|p1|Sneasler, L50, M|\n|poke|p1|Aerodactyl, L50, F|\n|poke|p1|Tsareena, L50, F|\n|poke|p1|Garchomp, L50, M|\n|poke|p2|Kleavor, L50, M|\n|poke|p2|Samurott-Hisui, L50, F|\n|poke|p2|Aggron, L50, F|\n|poke|p2|Glimmora, L50, F|\n|poke|p2|Garchomp, L50, F|\n|poke|p2|Sinistcha, L50|\n|teampreview|4\n|\n|t:|1776725556\n|teamsize|p1|4\n|teamsize|p2|4\n|start\n|switch|p1a: Aerodactyl|Aerodactyl, L50, F|100/100\n|switch|p1b: Sneasler|Sneasler, L50, M|100/100\n|switch|p2a: Kleavor|Kleavor, L50, M|100/100\n|switch|p2b: Samurott|Samurott-Hisui, L50, F|100/100\n|-ability|p1a: Aerodactyl|Unnerve\n|turn|1\n|\n|t:|1776725580\n|move|p1a: Aerodactyl|Tailwind|p1a: Aerodactyl\n|-sidestart|p1: Bandido King|move: Tailwind\n|move|p1b: Sneasler|Close Combat|p2b: Samurott\n|-supereffective|p2b: Samurott|1\n|-damage|p2b: Samurott|0 fnt\n|-unboost|p1b: Sneasler|def|1\n|-unboost|p1b: Sneasler|spd|1\n|faint|p2b: Samurott\n|-enditem|p1b: Sneasler|White Herb\n|-clearnegativeboost|p1b: Sneasler|[silent]\n|move|p2a: Kleavor|Stone Axe|p1a: Aerodactyl\n|-supereffective|p1a: Aerodactyl|1\n|-enditem|p1a: Aerodactyl|Focus Sash\n|-damage|p1a: Aerodactyl|1/100\n|-sidestart|p1: Bandido King|move: Stealth Rock\n|\n|upkeep\n|\n|t:|1776725593\n|switch|p2b: Aggron|Aggron, L50, F|100/100\n|turn|2\n|\n|t:|1776725602\n|detailschange|p2b: Aggron|Aggron-Mega, L50, F\n|-mega|p2b: Aggron|Aggron|Aggronite\n|move|p1b: Sneasler|Close Combat|p2b: Aggron\n|-supereffective|p2b: Aggron|1\n|-damage|p2b: Aggron|52/100\n|-unboost|p1b: Sneasler|def|1\n|-unboost|p1b: Sneasler|spd|1\n|move|p1a: Aerodactyl|Rock Slide|p2b: Aggron|[spread] p2a,p2b\n|-supereffective|p2a: Kleavor|1\n|-resisted|p2b: Aggron|1\n|-damage|p2a: Kleavor|45/100\n|-damage|p2b: Aggron|46/100\n|move|p2a: Kleavor|U-turn|p1a: Aerodactyl\n|-resisted|p1a: Aerodactyl|1\n|-damage|p1a: Aerodactyl|0 fnt\n|faint|p1a: Aerodactyl\n|\n|t:|1776725615\n|switch|p2a: Sinistcha|Sinistcha, L50|100/100|[from] U-turn\n|-heal|p2b: Aggron|71/100|[from] ability: Hospitality|[of] p2a: Sinistcha\n|move|p2b: Aggron|Curse|p2b: Aggron\n|-unboost|p2b: Aggron|spe|1\n|-boost|p2b: Aggron|atk|1\n|-boost|p2b: Aggron|def|1\n|\n|upkeep\n|\n|t:|1776725623\n|switch|p1a: Delphox|Delphox, L50, M|100/100\n|-damage|p1a: Delphox|76/100|[from] Stealth Rock\n|turn|3\n|\n|t:|1776725647\n|move|p1b: Sneasler|Protect|p1b: Sneasler\n|-singleturn|p1b: Sneasler|Protect\n|move|p2a: Sinistcha|Rage Powder|p2a: Sinistcha\n|-singleturn|p2a: Sinistcha|move: Rage Powder\n|move|p1a: Delphox|Heat Wave|p2a: Sinistcha|[spread] p2a\n|-miss|p1a: Delphox|p2b: Aggron\n|-supereffective|p2a: Sinistcha|1\n|-damage|p2a: Sinistcha|32/100\n|-enditem|p2a: Sinistcha|Sitrus Berry|[eat]\n|-heal|p2a: Sinistcha|57/100|[from] item: Sitrus Berry\n|move|p2b: Aggron|Heavy Slam|p1b: Sneasler\n|-activate|p1b: Sneasler|move: Protect\n|\n|upkeep\n|turn|4\n|\n|t:|1776725666\n|detailschange|p1a: Delphox|Delphox-Mega, L50, M\n|-mega|p1a: Delphox|Delphox|Delphoxite\n|move|p1b: Sneasler|Close Combat|p2b: Aggron\n|-supereffective|p2b: Aggron|1\n|-damage|p2b: Aggron|36/100\n|-unboost|p1b: Sneasler|def|1\n|-unboost|p1b: Sneasler|spd|1\n|move|p1a: Delphox|Heat Wave|p2b: Aggron|[spread] p2a,p2b\n|-supereffective|p2a: Sinistcha|1\n|-supereffective|p2b: Aggron|1\n|-damage|p2a: Sinistcha|0 fnt\n|-damage|p2b: Aggron|0 fnt\n|faint|p2a: Sinistcha\n|faint|p2b: Aggron\n|\n|-sideend|p1: Bandido King|move: Tailwind\n|upkeep\n|\n|t:|1776725675\n|switch|p2b: Kleavor|Kleavor, L50, M|45/100\n|turn|5\n|-message|PBAmuffin88 forfeited.\n|\n|win|Bandido King\n|raw|Bandido King's rating: 1073 &rarr; <strong>1103</strong><br />(+30 for winning)\n|raw|PBAmuffin88's rating: 1089 &rarr; <strong>1065</strong><br />(-24 for losing)\n|l|\u2606PBAmuffin88\n|player|p2|\n",
  "uploadtime": 1776725740,
  "views": 11,
  "formatid": "gen9championsvgc2026regma",
  "rating": 1065,
  "private": 0,
  "password": null
}