{
  "id": "gen9championsvgc2026regma-2586730684",
  "format": "[Gen 9 Champions] VGC 2026 Reg M-A",
  "players": [
    "Plameeyt1",
    "zarili"
  ],
  "log": "|j|\u2606Plameeyt1\n|j|\u2606zarili\n|t:|1776455470\n|gametype|doubles\n|player|p1|Plameeyt1|1|1076\n|player|p2|zarili|265|1108\n|gen|9\n|tier|[Gen 9 Champions] VGC 2026 Reg M-A\n|rated|\n|rule|Species Clause: Limit one of each Pok\u00e9mon\n|rule|Item Clause: Limit 1 of each item\n|clearpoke\n|poke|p1|Typhlosion-Hisui, L50, F|\n|poke|p1|Simipour, L50, M|\n|poke|p1|Pinsir, L50, M|\n|poke|p1|Luxray, L50, F|\n|poke|p1|Chesnaught, L50, M|\n|poke|p1|Garbodor, L50, F|\n|poke|p2|Clefable, L50, M|\n|poke|p2|Starmie, L50|\n|poke|p2|Meowstic, L50, M|\n|poke|p2|Sneasler, L50, M|\n|poke|p2|Talonflame, L50, M|\n|poke|p2|Garchomp, L50, F|\n|teampreview|4\n|inactive|Battle timer is ON: inactive players will automatically lose when time's up. (requested by Plameeyt1)\nPlameeyt1 rejected open team sheets.\n|\n|t:|1776455489\n|teamsize|p1|4\n|teamsize|p2|4\n|start\n|switch|p1a: Typhlosion|Typhlosion-Hisui, L50, F, shiny|100/100\n|switch|p1b: Pinsir|Pinsir, L50, M, shiny|100/100\n|switch|p2a: Talonflame|Talonflame, L50, M|100/100\n|switch|p2b: Clefable|Clefable, L50, M|100/100\n|-item|p2a: Talonflame|Sharp Beak|[from] ability: Frisk|[of] p1a: Typhlosion\n|-item|p2b: Clefable|Clefablite|[from] ability: Frisk|[of] p1a: Typhlosion\n|turn|1\n|inactive|Plameeyt1 has 30 seconds left.\n|inactive|zarili has 30 seconds left.\n|\n|t:|1776455522\n|detailschange|p1b: Pinsir|Pinsir-Mega, L50, M, shiny\n|-mega|p1b: Pinsir|Pinsir|Pinsirite\n|detailschange|p2b: Clefable|Clefable-Mega, L50, M\n|-mega|p2b: Clefable|Clefable|Clefablite\n|move|p2a: Talonflame|Tailwind|p2a: Talonflame\n|-sidestart|p2: zarili|move: Tailwind\n|move|p1a: Typhlosion|Howl|p1a: Typhlosion|[spread] p1a,p1b\n|-boost|p1a: Typhlosion|atk|1\n|-boost|p1b: Pinsir|atk|1\n|move|p2b: Clefable|Moonblast|p1b: Pinsir\n|-damage|p1b: Pinsir|45/100\n|move|p1b: Pinsir|Rock Slide|p2b: Clefable|[spread] p2a,p2b\n|-supereffective|p2a: Talonflame|2\n|-supereffective|p2b: Clefable|1\n|-damage|p2a: Talonflame|0 fnt\n|-damage|p2b: Clefable|39/100\n|faint|p2a: Talonflame\n|\n|upkeep\n|\n|t:|1776455537\n|switch|p2a: Starmie|Starmie, L50|100/100\n|turn|2\n|\n|t:|1776455552\n|switch|p1a: Chesnaught|Chesnaught, L50, M, shiny|100/100\n|move|p1b: Pinsir|Protect|p1b: Pinsir\n|-singleturn|p1b: Pinsir|Protect\n|move|p2a: Starmie|Minimize|p2a: Starmie\n|-boost|p2a: Starmie|evasion|2\n|move|p2b: Clefable|Moonblast|p1b: Pinsir\n|-activate|p1b: Pinsir|move: Protect\n|\n|upkeep\n|turn|3\n|inactive|Plameeyt1 has 30 seconds left.\n|inactive|zarili has 30 seconds left.\n|\n|t:|1776455585\n|switch|p1b: Typhlosion|Typhlosion-Hisui, L50, F, shiny|100/100\n|-item|p2a: Starmie|Leftovers|[from] ability: Frisk|[of] p1b: Typhlosion\n|-item|p2b: Clefable|Clefablite|[from] ability: Frisk|[of] p1b: Typhlosion\n|move|p2a: Starmie|Minimize|p2a: Starmie\n|-boost|p2a: Starmie|evasion|2\n|move|p2b: Clefable|Moonlight|p2b: Clefable\n|-heal|p2b: Clefable|89/100\n|move|p1a: Chesnaught|Rock Slide|p2a: Starmie|[spread] p2a,p2b\n|-supereffective|p2b: Clefable|1\n|-damage|p2a: Starmie|84/100\n|-damage|p2b: Clefable|62/100\n|\n|-heal|p2a: Starmie|90/100|[from] item: Leftovers\n|upkeep\n|turn|4\n|\n|t:|1776455606\n|switch|p1a: Simipour|Simipour, L50, M, shiny|100/100\n|move|p2a: Starmie|Cosmic Power|p2a: Starmie\n|-boost|p2a: Starmie|def|1\n|-boost|p2a: Starmie|spd|1\n|move|p1b: Typhlosion|Infernal Parade|p2a: Starmie\n|-supereffective|p2a: Starmie|1\n|-damage|p2a: Starmie|44/100\n|-status|p2a: Starmie|brn\n|move|p2b: Clefable|Psych Up|p1b: Typhlosion\n|-copyboost|p2b: Clefable|p1b: Typhlosion|[from] move: Psych Up\n|\n|-heal|p2a: Starmie|50/100 brn|[from] item: Leftovers\n|-damage|p2a: Starmie|44/100 brn|[from] brn\n|-sideend|p2: zarili|move: Tailwind\n|upkeep\n|turn|5\n|\n|t:|1776455631\n|move|p1a: Simipour|Fake Out|p2b: Clefable\n|-damage|p2b: Clefable|54/100\n|move|p1b: Typhlosion|Infernal Parade|p2a: Starmie|[miss]\n|-miss|p1b: Typhlosion|p2a: Starmie\n|move|p2a: Starmie|Recover|p2a: Starmie\n|-heal|p2a: Starmie|94/100 brn\n|cant|p2b: Clefable|flinch\n|\n|-heal|p2a: Starmie|99/100 brn|[from] item: Leftovers\n|-damage|p2a: Starmie|94/100 brn|[from] brn\n|upkeep\n|turn|6\n|\n|t:|1776455656\n|move|p1b: Typhlosion|Infernal Parade|p2b: Clefable\n|-damage|p2b: Clefable|31/100\n|move|p1a: Simipour|Scald|p2b: Clefable\n|-damage|p2b: Clefable|7/100\n|-status|p2b: Clefable|brn\n|move|p2a: Starmie|Cosmic Power|p2a: Starmie\n|-boost|p2a: Starmie|def|1\n|-boost|p2a: Starmie|spd|1\n|move|p2b: Clefable|Psych Up|p2a: Starmie\n|-copyboost|p2b: Clefable|p2a: Starmie|[from] move: Psych Up\n|\n|-heal|p2a: Starmie|99/100 brn|[from] item: Leftovers\n|-damage|p2a: Starmie|94/100 brn|[from] brn\n|-damage|p2b: Clefable|1/100 brn|[from] brn\n|upkeep\n|turn|7\n|\n|t:|1776455676\n|move|p1b: Typhlosion|Infernal Parade|p2b: Clefable|[miss]\n|-miss|p1b: Typhlosion|p2b: Clefable\n|move|p1a: Simipour|Flip Turn|p2b: Clefable|[miss]\n|-miss|p1a: Simipour|p2b: Clefable\n|move|p2a: Starmie|Scald|p1b: Typhlosion\n|-supereffective|p1b: Typhlosion|1\n|-damage|p1b: Typhlosion|27/100\n|move|p2b: Clefable|Moonlight|p2b: Clefable\n|-heal|p2b: Clefable|51/100 brn\n|\n|-heal|p2a: Starmie|99/100 brn|[from] item: Leftovers\n|-damage|p2a: Starmie|94/100 brn|[from] brn\n|-damage|p2b: Clefable|45/100 brn|[from] brn\n|upkeep\n|turn|8\n|\n|t:|1776455695\n|move|p1b: Typhlosion|Infernal Parade|p2b: Clefable\n|-damage|p2b: Clefable|23/100 brn\n|move|p1a: Simipour|Flip Turn|p2b: Clefable|[miss]\n|-miss|p1a: Simipour|p2b: Clefable\n|move|p2a: Starmie|Scald|p1b: Typhlosion\n|-supereffective|p1b: Typhlosion|1\n|-damage|p1b: Typhlosion|0 fnt\n|faint|p1b: Typhlosion\n|move|p2b: Clefable|Moonlight|p2b: Clefable\n|-heal|p2b: Clefable|73/100 brn\n|\n|-heal|p2a: Starmie|99/100 brn|[from] item: Leftovers\n|-damage|p2a: Starmie|94/100 brn|[from] brn\n|-damage|p2b: Clefable|67/100 brn|[from] brn\n|upkeep\n|\n|t:|1776455706\n|switch|p1b: Pinsir|Pinsir-Mega, L50, M, shiny|45/100\n|turn|9\n|\n|t:|1776455724\n|switch|p1a: Chesnaught|Chesnaught, L50, M, shiny|100/100\n|move|p1b: Pinsir|Feint|p2b: Clefable\n|-damage|p2b: Clefable|57/100 brn\n|move|p2a: Starmie|Minimize|p2a: Starmie\n|-boost|p2a: Starmie|evasion|2\n|move|p2b: Clefable|Stored Power|p1a: Chesnaught\n|-supereffective|p1a: Chesnaught|1\n|-damage|p1a: Chesnaught|0 fnt\n|faint|p1a: Chesnaught\n|\n|-heal|p2a: Starmie|99/100 brn|[from] item: Leftovers\n|-damage|p2a: Starmie|94/100 brn|[from] brn\n|-damage|p2b: Clefable|51/100 brn|[from] brn\n|upkeep\n|\n|t:|1776455731\n|switch|p1a: Simipour|Simipour, L50, M, shiny|100/100\n|turn|10\n|\n|t:|1776455747\n|move|p1a: Simipour|Fake Out|p2a: Starmie\n|-damage|p2a: Starmie|89/100 brn\n|move|p1b: Pinsir|Feint|p2a: Starmie|[miss]\n|-miss|p1b: Pinsir|p2a: Starmie\n|cant|p2a: Starmie|flinch\n|move|p2b: Clefable|Stored Power|p1a: Simipour\n|-damage|p1a: Simipour|4/100\n|\n|-heal|p2a: Starmie|95/100 brn|[from] item: Leftovers\n|-damage|p2a: Starmie|89/100 brn|[from] brn\n|-damage|p2b: Clefable|45/100 brn|[from] brn\n|upkeep\n|turn|11\n|\n|t:|1776455761\n|move|p1b: Pinsir|Feint|p2b: Clefable|[miss]\n|-miss|p1b: Pinsir|p2b: Clefable\n|move|p1a: Simipour|Scald|p2b: Clefable|[miss]\n|-miss|p1a: Simipour|p2b: Clefable\n|move|p2a: Starmie|Scald|p1b: Pinsir\n|-damage|p1b: Pinsir|9/100\n|move|p2b: Clefable|Moonlight|p2b: Clefable\n|-heal|p2b: Clefable|95/100 brn\n|\n|-heal|p2a: Starmie|95/100 brn|[from] item: Leftovers\n|-damage|p2a: Starmie|89/100 brn|[from] brn\n|-damage|p2b: Clefable|89/100 brn|[from] brn\n|upkeep\n|turn|12\n|\n|t:|1776455779\n|move|p1b: Pinsir|Feint|p2a: Starmie|[miss]\n|-miss|p1b: Pinsir|p2a: Starmie\n|move|p1a: Simipour|Scald|p2a: Starmie|[miss]\n|-miss|p1a: Simipour|p2a: Starmie\n|move|p2a: Starmie|Scald|p1b: Pinsir\n|-damage|p1b: Pinsir|0 fnt\n|faint|p1b: Pinsir\n|move|p2b: Clefable|Stored Power|p1a: Simipour\n|-damage|p1a: Simipour|0 fnt\n|faint|p1a: Simipour\n|\n|win|zarili\n|raw|Plameeyt1's rating: 1076 &rarr; <strong>1057</strong><br />(-19 for losing)\n|raw|zarili's rating: 1108 &rarr; <strong>1131</strong><br />(+23 for winning)\n|c|\u2606zarili|gg\n|l|\u2606Plameeyt1\n|player|p1|\n",
  "uploadtime": 1776455796,
  "views": 29,
  "formatid": "gen9championsvgc2026regma",
  "rating": 1057,
  "private": 0,
  "password": null
}