{
  "id": "gen9championsvgc2026regma-2587741027",
  "format": "[Gen 9 Champions] VGC 2026 Reg M-A",
  "players": [
    "squigglybuff",
    "Raichu95lucario"
  ],
  "log": "|j|\u203dsquigglybuff\n|j|\u2606Raichu95lucario\n|inactive|Battle timer is ON: inactive players will automatically lose when time's up.\n|html|<table width=\"100%\"><tr><td align=\"left\">squigglybuff</td><td align=\"right\">Raichu95lucario</tr><tr><td align=\"left\"><i class=\"fa fa-circle\"></i> <i class=\"fa fa-circle-o\"></i> </td><td align=\"right\"><i class=\"fa fa-circle-o\"></i> <i class=\"fa fa-circle-o\"></i> </tr></table>\n|uhtml|bestof|<h2><strong>Game 2</strong> of <a href=\"/game-bestof3-gen9championsvgc2026regma-2587738627\">a best-of-3</a></h2>\n|t:|1776559307\n|gametype|doubles\n|player|p1|squigglybuff|2|\n|player|p2|Raichu95lucario|riley|\n|gen|9\n|tier|[Gen 9 Champions] VGC 2026 Reg M-A\n|rated|Tournament battle\n|rule|Species Clause: Limit one of each Pok\u00e9mon\n|rule|Item Clause: Limit 1 of each item\n|rule|Evasion Abilities Clause: Evasion abilities are banned\n|rule|Evasion Items Clause: Evasion items are banned\n|rule|Evasion Moves Clause: Evasion moves are banned\n|rule|OHKO Clause: OHKO moves are banned\n|raw|<div class=\"infobox\"><details class=\"readmore\" open><summary><strong>5 custom rules:</strong></summary> bestof = 3, Evasion Abilities Clause, Evasion Items Clause, Evasion Moves Clause, OHKO Clause</details></div>\n|clearpoke\n|poke|p1|Gengar, L50, F|\n|poke|p1|Garchomp, L50, F|\n|poke|p1|Skarmory, L50, F|\n|poke|p1|Rotom-Heat, L50|\n|poke|p1|Primarina, L50, F|\n|poke|p1|Aerodactyl, L50, M|\n|poke|p2|Floette-Eternal, L50, F|\n|poke|p2|Dragapult, L50, F|\n|poke|p2|Kingambit, L50, F|\n|poke|p2|Gyarados, L50, F|\n|poke|p2|Decidueye, L50, F|\n|poke|p2|Krookodile, L50, M|\n|teampreview|4\n|inactive|Raichu95lucario also wants the timer to be on.\nsquigglybuff rejected open team sheets.\n|\n|t:|1776559323\n|teamsize|p1|4\n|teamsize|p2|4\n|start\n|switch|p1a: Aerodactyl|Aerodactyl, L50, M|100/100\n|switch|p1b: Garchomp|Garchomp, L50, F|100/100\n|switch|p2a: Gyarados|Gyarados, L50, F|100/100\n|switch|p2b: Dragapult|Dragapult, L50, F|100/100\n|-ability|p1a: Aerodactyl|Unnerve\n|-ability|p2a: Gyarados|Intimidate|boost\n|-unboost|p1a: Aerodactyl|atk|1\n|-unboost|p1b: Garchomp|atk|1\n|turn|1\n|\n|t:|1776559333\n|switch|p1b: Skarmory|Skarmory, L50, F|100/100\n|move|p2b: Dragapult|Draco Meteor|p1b: Skarmory\n|-resisted|p1b: Skarmory|1\n|-damage|p1b: Skarmory|77/100\n|-unboost|p2b: Dragapult|spa|2\n|move|p1a: Aerodactyl|Tailwind|p1a: Aerodactyl\n|-sidestart|p1: squigglybuff|move: Tailwind\n|move|p2a: Gyarados|Waterfall|p1a: Aerodactyl\n|-supereffective|p1a: Aerodactyl|1\n|-enditem|p1a: Aerodactyl|Focus Sash\n|-damage|p1a: Aerodactyl|1/100\n|\n|-heal|p1b: Skarmory|82/100|[from] item: Leftovers\n|upkeep\n|turn|2\n|\n|t:|1776559348\n|switch|p2b: Floette|Floette-Eternal, L50, F|100/100\n|move|p1a: Aerodactyl|Rock Slide|p2b: Floette|[spread] p2a,p2b\n|-supereffective|p2a: Gyarados|1\n|-damage|p2a: Gyarados|63/100\n|-damage|p2b: Floette|71/100\n|move|p1b: Skarmory|Iron Defense|p1b: Skarmory\n|-boost|p1b: Skarmory|def|2\n|move|p2a: Gyarados|Waterfall|p1a: Aerodactyl\n|-supereffective|p1a: Aerodactyl|1\n|-damage|p1a: Aerodactyl|0 fnt\n|faint|p1a: Aerodactyl\n|\n|-heal|p1b: Skarmory|88/100|[from] item: Leftovers\n|upkeep\n|\n|t:|1776559353\n|switch|p1a: Gengar|Gengar, L50, F|100/100\n|turn|3\n|\n|t:|1776559360\n|detailschange|p1a: Gengar|Gengar-Mega, L50, F\n|-mega|p1a: Gengar|Gengar|Gengarite\n|detailschange|p2b: Floette|Floette-Mega, L50, F\n|-mega|p2b: Floette|Floette|Floettite\n|-ability|p2b: Floette|Fairy Aura\n|move|p2b: Floette|Protect|p2b: Floette\n|-singleturn|p2b: Floette|Protect\n|move|p2a: Gyarados|Protect|p2a: Gyarados\n|-singleturn|p2a: Gyarados|Protect\n|move|p1a: Gengar|Sludge Bomb|p2b: Floette\n|-activate|p2b: Floette|move: Protect\n|move|p1b: Skarmory|Iron Defense|p1b: Skarmory\n|-boost|p1b: Skarmory|def|2\n|\n|-heal|p1b: Skarmory|94/100|[from] item: Leftovers\n|upkeep\n|turn|4\n|\n|t:|1776559383\n|move|p1a: Gengar|Sludge Bomb|p2b: Floette\n|-supereffective|p2b: Floette|1\n|-damage|p2b: Floette|0 fnt\n|faint|p2b: Floette\n|move|p1b: Skarmory|Iron Defense|p1b: Skarmory\n|-boost|p1b: Skarmory|def|2\n|move|p2a: Gyarados|Waterfall|p1b: Skarmory\n|-damage|p1b: Skarmory|85/100\n|\n|-heal|p1b: Skarmory|91/100|[from] item: Leftovers\n|-sideend|p1: squigglybuff|move: Tailwind\n|upkeep\n|\n|t:|1776559386\n|switch|p2b: Decidueye|Decidueye, L50, F|100/100\n|turn|5\n|\n|t:|1776559393\n|move|p2a: Gyarados|Protect|p2a: Gyarados\n|-singleturn|p2a: Gyarados|Protect\n|move|p1a: Gengar|Shadow Ball|p2b: Decidueye\n|-supereffective|p2b: Decidueye|1\n|-enditem|p2b: Decidueye|Focus Sash\n|-damage|p2b: Decidueye|1/100\n|move|p2b: Decidueye|Tailwind|p2b: Decidueye\n|-sidestart|p2: Raichu95lucario|move: Tailwind\n|move|p1b: Skarmory|Body Press|p2a: Gyarados\n|-activate|p2a: Gyarados|move: Protect\n|\n|-heal|p1b: Skarmory|96/100|[from] item: Leftovers\n|upkeep\n|turn|6\n|\n|t:|1776559405\n|move|p1a: Gengar|Protect|p1a: Gengar\n|-singleturn|p1a: Gengar|Protect\n|move|p2a: Gyarados|Waterfall|p1a: Gengar\n|-activate|p1a: Gengar|move: Protect\n|move|p2b: Decidueye|Brave Bird|p1a: Gengar\n|-activate|p1a: Gengar|move: Protect\n|move|p1b: Skarmory|Iron Head|p2b: Decidueye\n|-damage|p2b: Decidueye|0 fnt\n|faint|p2b: Decidueye\n|\n|-heal|p1b: Skarmory|100/100|[from] item: Leftovers\n|upkeep\n|\n|t:|1776559409\n|switch|p2b: Dragapult|Dragapult, L50, F|100/100\n|turn|7\n|\n|t:|1776559415\n|switch|p1a: Garchomp|Garchomp, L50, F|100/100\n|move|p2b: Dragapult|Shadow Ball|p1b: Skarmory\n|-damage|p1b: Skarmory|71/100\n|move|p2a: Gyarados|Waterfall|p1a: Garchomp\n|-damage|p1a: Garchomp|59/100\n|-damage|p2a: Gyarados|51/100|[from] ability: Rough Skin|[of] p1a: Garchomp\n|move|p1b: Skarmory|Body Press|p2a: Gyarados\n|-resisted|p2a: Gyarados|1\n|-damage|p2a: Gyarados|0 fnt\n|faint|p2a: Gyarados\n|\n|-heal|p1b: Skarmory|77/100|[from] item: Leftovers\n|upkeep\n|turn|8\n|\n|t:|1776559421\n|move|p2b: Dragapult|Shadow Ball|p1b: Skarmory\n|-damage|p1b: Skarmory|49/100\n|move|p1a: Garchomp|Scale Shot|p2b: Dragapult\n|-supereffective|p2b: Dragapult|1\n|-enditem|p2b: Dragapult|Haban Berry|[eat]\n|-enditem|p2b: Dragapult|Haban Berry|[weaken]\n|-damage|p2b: Dragapult|83/100\n|-supereffective|p2b: Dragapult|1\n|-damage|p2b: Dragapult|48/100\n|-hitcount|p2b: Dragapult|2\n|-unboost|p1a: Garchomp|def|1\n|-boost|p1a: Garchomp|spe|1\n|move|p1b: Skarmory|Iron Head|p2b: Dragapult\n|-crit|p2b: Dragapult\n|-damage|p2b: Dragapult|0 fnt\n|faint|p2b: Dragapult\n|\n|win|squigglybuff\n|l|\u2606Raichu95lucario\n|player|p2|\n",
  "uploadtime": 1776559433,
  "views": 11,
  "formatid": "gen9championsvgc2026regma",
  "rating": null,
  "private": 0,
  "password": null
}