{
  "id": "gen9championsvgc2026regma-2587918323",
  "format": "[Gen 9 Champions] VGC 2026 Reg M-A",
  "players": [
    "kdjfalkcsd",
    "arroyofran2"
  ],
  "log": "|j|\u2606kdjfalkcsd\n|j|\u2606arroyofran2\n|t:|1776578921\n|gametype|doubles\n|player|p1|kdjfalkcsd|102|1239\n|player|p2|arroyofran2|fisherman|1325\n|gen|9\n|tier|[Gen 9 Champions] VGC 2026 Reg M-A\n|rated|\n|rule|Species Clause: Limit one of each Pok\u00e9mon\n|rule|Item Clause: Limit 1 of each item\n|clearpoke\n|poke|p1|Empoleon, L50, F|\n|poke|p1|Floette-Eternal, L50, F|\n|poke|p1|Sinistcha-Masterpiece, L50|\n|poke|p1|Sneasler, L50, F|\n|poke|p1|Talonflame, L50, M|\n|poke|p1|Arcanine-Hisui, L50, M|\n|poke|p2|Dragapult, L50, M|\n|poke|p2|Floette-Eternal, L50, F|\n|poke|p2|Sneasler, L50, F|\n|poke|p2|Aggron, L50, F|\n|poke|p2|Tyranitar, L50, M|\n|poke|p2|Sinistcha-Masterpiece, L50|\n|teampreview|4\n|inactive|Battle timer is ON: inactive players will automatically lose when time's up. (requested by arroyofran2)\n|\n|t:|1776578980\n|teamsize|p1|4\n|teamsize|p2|4\n|start\n|switch|p1a: Sinistcha|Sinistcha-Masterpiece, L50|100/100\n|switch|p1b: Sneasler|Sneasler, L50, F|100/100\n|switch|p2a: Dragapult|Dragapult, L50, M|100/100\n|switch|p2b: Sinistcha|Sinistcha-Masterpiece, L50|100/100\n|turn|1\n|\n|t:|1776579001\n|move|p2a: Dragapult|Psychic Fangs|p1b: Sneasler\n|-supereffective|p1b: Sneasler|2\n|-damage|p1b: Sneasler|0 fnt\n|faint|p1b: Sneasler\n|move|p2b: Sinistcha|Matcha Gotcha|p1a: Sinistcha\n|-resisted|p1a: Sinistcha|1\n|-damage|p1a: Sinistcha|87/100\n|move|p1a: Sinistcha|Trick Room|p1a: Sinistcha\n|-fieldstart|move: Trick Room|[of] p1a: Sinistcha\n|\n|upkeep\n|\n|t:|1776579010\n|switch|p1b: Floette|Floette-Eternal, L50, F|100/100\n|turn|2\n|\n|t:|1776579033\n|detailschange|p1b: Floette|Floette-Mega, L50, F\n|-mega|p1b: Floette|Floette|Floettite\n|-ability|p1b: Floette|Fairy Aura\n|move|p1a: Sinistcha|Rage Powder|p1a: Sinistcha\n|-singleturn|p1a: Sinistcha|move: Rage Powder\n|move|p1b: Floette|Calm Mind|p1b: Floette\n|-boost|p1b: Floette|spa|1\n|-boost|p1b: Floette|spd|1\n|move|p2a: Dragapult|Light Screen|p2a: Dragapult\n|-sidestart|p2: arroyofran2|move: Light Screen\n|move|p2b: Sinistcha|Trick Room|p2b: Sinistcha\n|-fieldend|move: Trick Room\n|\n|upkeep\n|turn|3\n|\n|t:|1776579051\n|switch|p2b: Aggron|Aggron, L50, F|100/100\n|move|p1a: Sinistcha|Rage Powder|p1a: Sinistcha\n|-singleturn|p1a: Sinistcha|move: Rage Powder\n|move|p2a: Dragapult|Psychic Fangs|p1a: Sinistcha\n|-damage|p1a: Sinistcha|64/100\n|move|p1b: Floette|Dazzling Gleam|p2a: Dragapult|[spread] p2a,p2b\n|-supereffective|p2a: Dragapult|1\n|-resisted|p2b: Aggron|1\n|-enditem|p2a: Dragapult|Focus Sash\n|-damage|p2a: Dragapult|1/100\n|-damage|p2b: Aggron|75/100\n|\n|upkeep\n|turn|4\n|\n|t:|1776579076\n|detailschange|p2b: Aggron|Aggron-Mega, L50, F\n|-mega|p2b: Aggron|Aggron|Aggronite\n|move|p1b: Floette|Protect|p1b: Floette\n|-singleturn|p1b: Floette|Protect\n|move|p2a: Dragapult|Psychic Fangs|p1b: Floette\n|-activate|p1b: Floette|move: Protect\n|move|p1a: Sinistcha|Matcha Gotcha|p2b: Aggron|[spread] p2a,p2b\n|-resisted|p2a: Dragapult|1\n|-resisted|p2b: Aggron|1\n|-damage|p2a: Dragapult|0 fnt\n|-heal|p1a: Sinistcha|65/100|[from] drain|[of] p2a: Dragapult\n|-damage|p2b: Aggron|67/100\n|-heal|p1a: Sinistcha|68/100|[from] drain|[of] p2b: Aggron\n|faint|p2a: Dragapult\n|move|p2b: Aggron|Iron Head|p1b: Floette\n|-activate|p1b: Floette|move: Protect\n|\n|upkeep\n|\n|t:|1776579080\n|switch|p2a: Sinistcha|Sinistcha-Masterpiece, L50|100/100\n|-heal|p2b: Aggron|92/100|[from] ability: Hospitality|[of] p2a: Sinistcha\n|turn|5\n|inactive|kdjfalkcsd has 30 seconds left.\n|inactive|kdjfalkcsd has 20 seconds left.\n|inactive|kdjfalkcsd has 15 seconds left.\n|\n|t:|1776579124\n|move|p1a: Sinistcha|Rage Powder|p1a: Sinistcha\n|-singleturn|p1a: Sinistcha|move: Rage Powder\n|move|p1b: Floette|Calm Mind|p1b: Floette\n|-boost|p1b: Floette|spa|1\n|-boost|p1b: Floette|spd|1\n|move|p2a: Sinistcha|Matcha Gotcha|p1a: Sinistcha|[spread] p1a\n|-miss|p2a: Sinistcha|p1b: Floette\n|-resisted|p1a: Sinistcha|1\n|-damage|p1a: Sinistcha|57/100\n|move|p2b: Aggron|Iron Head|p1a: Sinistcha\n|-damage|p1a: Sinistcha|23/100\n|-enditem|p1a: Sinistcha|Sitrus Berry|[eat]\n|-heal|p1a: Sinistcha|48/100|[from] item: Sitrus Berry\n|\n|upkeep\n|turn|6\n|\n|t:|1776579149\n|move|p1a: Sinistcha|Rage Powder|p1a: Sinistcha\n|-singleturn|p1a: Sinistcha|move: Rage Powder\n|move|p1b: Floette|Calm Mind|p1b: Floette\n|-boost|p1b: Floette|spa|1\n|-boost|p1b: Floette|spd|1\n|move|p2b: Aggron|Iron Head|p1a: Sinistcha\n|-damage|p1a: Sinistcha|14/100\n|move|p2a: Sinistcha|Trick Room|p2a: Sinistcha\n|-fieldstart|move: Trick Room|[of] p2a: Sinistcha\n|\n|-sideend|p2: arroyofran2|move: Light Screen\n|upkeep\n|turn|7\n|\n|t:|1776579162\n|move|p1a: Sinistcha|Rage Powder|p1a: Sinistcha\n|-singleturn|p1a: Sinistcha|move: Rage Powder\n|move|p2a: Sinistcha|Rage Powder|p2a: Sinistcha\n|-singleturn|p2a: Sinistcha|move: Rage Powder\n|move|p2b: Aggron|Iron Head|p1a: Sinistcha\n|-damage|p1a: Sinistcha|0 fnt\n|faint|p1a: Sinistcha\n|move|p1b: Floette|Light of Ruin|p2a: Sinistcha\n|-crit|p2a: Sinistcha\n|-damage|p2a: Sinistcha|0 fnt\n|faint|p2a: Sinistcha\n|-damage|p1b: Floette|51/100|[from] Recoil\n|\n|upkeep\n|\n|t:|1776579170\n|switch|p1a: Empoleon|Empoleon, L50, F|100/100\n|switch|p2a: Tyranitar|Tyranitar, L50, M|100/100\n|-weather|Sandstorm|[from] ability: Sand Stream|[of] p2a: Tyranitar\n|turn|8\n|inactive|kdjfalkcsd has 30 seconds left.\n|\n|t:|1776579197\n|move|p1b: Floette|Protect|p1b: Floette\n|-singleturn|p1b: Floette|Protect\n|move|p2b: Aggron|Iron Head|p1b: Floette\n|-activate|p1b: Floette|move: Protect\n|move|p1a: Empoleon|Hydro Pump|p2b: Aggron\n|-damage|p2b: Aggron|46/100\n|move|p2a: Tyranitar|Superpower|p1a: Empoleon\n|-supereffective|p1a: Empoleon|1\n|-enditem|p1a: Empoleon|Chople Berry|[eat]\n|-enditem|p1a: Empoleon|Chople Berry|[weaken]\n|-damage|p1a: Empoleon|58/100\n|-unboost|p2a: Tyranitar|atk|1\n|-unboost|p2a: Tyranitar|def|1\n|\n|-weather|Sandstorm|[upkeep]\n|-damage|p1b: Floette|45/100|[from] Sandstorm\n|upkeep\n|turn|9\n|\n|t:|1776579213\n|move|p1b: Floette|Protect|p1b: Floette\n|-singleturn|p1b: Floette|Protect\n|move|p2b: Aggron|Body Press|p1a: Empoleon\n|-supereffective|p1a: Empoleon|1\n|-damage|p1a: Empoleon|0 fnt\n|faint|p1a: Empoleon\n|move|p2a: Tyranitar|Rock Slide|p1b: Floette\n|-activate|p1b: Floette|move: Protect\n|\n|-weather|Sandstorm|[upkeep]\n|-damage|p1b: Floette|39/100|[from] Sandstorm\n|upkeep\n|turn|10\n|\n|t:|1776579224\n|move|p1b: Floette|Protect|p1b: Floette\n|-singleturn|p1b: Floette|Protect\n|move|p2b: Aggron|Iron Head|p1b: Floette\n|-activate|p1b: Floette|move: Protect\n|move|p2a: Tyranitar|Rock Slide|p1b: Floette\n|-activate|p1b: Floette|move: Protect\n|\n|-weather|Sandstorm|[upkeep]\n|-damage|p1b: Floette|33/100|[from] Sandstorm\n|-fieldend|move: Trick Room\n|upkeep\n|turn|11\n|\n|t:|1776579234\n|move|p1b: Floette|Dazzling Gleam|p2b: Aggron|[spread] p2a,p2b\n|-supereffective|p2a: Tyranitar|1\n|-resisted|p2b: Aggron|1\n|-damage|p2a: Tyranitar|0 fnt\n|-damage|p2b: Aggron|0 fnt\n|faint|p2a: Tyranitar\n|faint|p2b: Aggron\n|\n|win|kdjfalkcsd\n|raw|kdjfalkcsd's rating: 1239 &rarr; <strong>1270</strong><br />(+31 for winning)\n|raw|arroyofran2's rating: 1325 &rarr; <strong>1300</strong><br />(-25 for losing)\n|l|\u2606arroyofran2\n|player|p2|\n|c|\u2606kdjfalkcsd|ggs i got so lucky\n",
  "uploadtime": 1776579246,
  "views": 17,
  "formatid": "gen9championsvgc2026regma",
  "rating": 1270,
  "private": 0,
  "password": null
}