{
  "id": "gen9championsvgc2026regma-2584662624",
  "format": "[Gen 9 Champions] VGC 2026 Reg M-A",
  "players": [
    "Gelatina79",
    "CrispyNugget630"
  ],
  "log": "|j|\u2606Gelatina79\n|j|\u2606CrispyNugget630\n|t:|1776275226\n|gametype|doubles\n|player|p1|Gelatina79|artist-gen4|1089\n|player|p2|CrispyNugget630|veteran|1059\n|gen|9\n|tier|[Gen 9 Champions] VGC 2026 Reg M-A\n|rated|\n|rule|Species Clause: Limit one of each Pok\u00e9mon\n|rule|Item Clause: Limit 1 of each item\n|clearpoke\n|poke|p1|Tyranitar, L50, M|\n|poke|p1|Incineroar, L50, F|\n|poke|p1|Gengar, L50, M|\n|poke|p1|Excadrill, L50, F|\n|poke|p1|Kommo-o, L50, F|\n|poke|p1|Sinistcha, L50|\n|poke|p2|Gengar, L50, M|\n|poke|p2|Politoed, L50, M|\n|poke|p2|Archaludon, L50, M|\n|poke|p2|Basculegion, L50, M|\n|poke|p2|Sinistcha, L50|\n|poke|p2|Incineroar, L50, F|\n|teampreview|4\n|inactive|Battle timer is ON: inactive players will automatically lose when time's up. (requested by CrispyNugget630)\n|inactive|Gelatina79 also wants the timer to be on.\n|inactive|Gelatina79 has 60 seconds left.\n|inactive|CrispyNugget630 has 60 seconds left.\n|\n|t:|1776275280\n|teamsize|p1|4\n|teamsize|p2|4\n|start\n|switch|p1a: Gengar|Gengar, L50, M|100/100\n|switch|p1b: Kommo-o|Kommo-o, L50, F|100/100\n|switch|p2a: Politoed|Politoed, L50, M, shiny|100/100\n|switch|p2b: Archaludon|Archaludon, L50, M, shiny|100/100\n|-weather|RainDance|[from] ability: Drizzle|[of] p2a: Politoed\n|turn|1\n|inactive|CrispyNugget630 has 30 seconds left.\n|\n|t:|1776275311\n|detailschange|p1a: Gengar|Gengar-Mega, L50, M\n|-mega|p1a: Gengar|Gengar|Gengarite\n|move|p1a: Gengar|Protect|p1a: Gengar\n|-singleturn|p1a: Gengar|Protect\n|move|p2b: Archaludon|Electro Shot||[still]\n|-prepare|p2b: Archaludon|Electro Shot\n|-boost|p2b: Archaludon|spa|1\n|-anim|p2b: Archaludon|Electro Shot|p1a: Gengar\n|-activate|p1a: Gengar|move: Protect\n|move|p1b: Kommo-o|Clangorous Soul|p1b: Kommo-o\n|-boost|p1b: Kommo-o|atk|1\n|-boost|p1b: Kommo-o|def|1\n|-boost|p1b: Kommo-o|spa|1\n|-boost|p1b: Kommo-o|spd|1\n|-boost|p1b: Kommo-o|spe|1\n|-damage|p1b: Kommo-o|68/100\n|move|p2a: Politoed|Encore|p1b: Kommo-o\n|-start|p1b: Kommo-o|Encore\n|\n|-weather|RainDance|[upkeep]\n|-heal|p1b: Kommo-o|73/100|[from] item: Leftovers\n|upkeep\n|turn|2\n|inactive|CrispyNugget630 has 30 seconds left.\n|inactive|Gelatina79 has 30 seconds left.\n|\n|t:|1776275342\n|switch|p1a: Excadrill|Excadrill, L50, F|100/100\n|move|p1b: Kommo-o|Clangorous Soul|p1b: Kommo-o\n|-boost|p1b: Kommo-o|atk|1\n|-boost|p1b: Kommo-o|def|1\n|-boost|p1b: Kommo-o|spa|1\n|-boost|p1b: Kommo-o|spd|1\n|-boost|p1b: Kommo-o|spe|1\n|-damage|p1b: Kommo-o|40/100\n|move|p2b: Archaludon|Electro Shot||[still]\n|-prepare|p2b: Archaludon|Electro Shot\n|-boost|p2b: Archaludon|spa|1\n|-anim|p2b: Archaludon|Electro Shot|p1a: Excadrill\n|-immune|p1a: Excadrill\n|move|p2a: Politoed|Weather Ball|p1a: Excadrill\n|-supereffective|p1a: Excadrill|1\n|-enditem|p1a: Excadrill|Focus Sash\n|-damage|p1a: Excadrill|1/100\n|\n|-weather|RainDance|[upkeep]\n|-heal|p1b: Kommo-o|46/100|[from] item: Leftovers\n|upkeep\n|turn|3\n|inactive|CrispyNugget630 has 30 seconds left.\n|\n|t:|1776275374\n|move|p1b: Kommo-o|Clangorous Soul|p1b: Kommo-o\n|-boost|p1b: Kommo-o|atk|1\n|-boost|p1b: Kommo-o|def|1\n|-boost|p1b: Kommo-o|spa|1\n|-boost|p1b: Kommo-o|spd|1\n|-boost|p1b: Kommo-o|spe|1\n|-damage|p1b: Kommo-o|13/100\n|move|p2b: Archaludon|Dragon Pulse|p1b: Kommo-o\n|-supereffective|p1b: Kommo-o|1\n|-damage|p1b: Kommo-o|0 fnt\n|faint|p1b: Kommo-o\n|move|p1a: Excadrill|High Horsepower|p2b: Archaludon\n|-supereffective|p2b: Archaludon|1\n|-ability|p2b: Archaludon|Sturdy\n|-damage|p2b: Archaludon|1/100\n|move|p2a: Politoed|Weather Ball|p1a: Excadrill\n|-supereffective|p1a: Excadrill|1\n|-damage|p1a: Excadrill|0 fnt\n|faint|p1a: Excadrill\n|\n|-weather|RainDance|[upkeep]\n|upkeep\n|\n|t:|1776275389\n|switch|p1a: Incineroar|Incineroar, L50, F|100/100\n|switch|p1b: Gengar|Gengar-Mega, L50, M|100/100\n|-ability|p1a: Incineroar|Intimidate|boost\n|-unboost|p2a: Politoed|atk|1\n|-unboost|p2b: Archaludon|atk|1\n|turn|4\n|\n|t:|1776275408\n|move|p2b: Archaludon|Protect|p2b: Archaludon\n|-singleturn|p2b: Archaludon|Protect\n|move|p1a: Incineroar|Fake Out|p2a: Politoed\n|-damage|p2a: Politoed|88/100\n|move|p1b: Gengar|Shadow Ball|p2b: Archaludon\n|-activate|p2b: Archaludon|move: Protect\n|cant|p2a: Politoed|flinch\n|\n|-weather|RainDance|[upkeep]\n|-heal|p2a: Politoed|94/100|[from] item: Leftovers\n|upkeep\n|turn|5\n|\n|t:|1776275423\n|move|p1b: Gengar|Shadow Ball|p2b: Archaludon\n|-damage|p2b: Archaludon|0 fnt\n|faint|p2b: Archaludon\n|move|p1a: Incineroar|Throat Chop|p2a: Politoed\n|-damage|p2a: Politoed|58/100\n|-start|p2a: Politoed|Throat Chop|[silent]\n|cant|p2a: Politoed|move: Throat Chop\n|\n|-weather|none\n|-heal|p2a: Politoed|64/100|[from] item: Leftovers\n|upkeep\n|inactive|CrispyNugget630 has 30 seconds left.\n|l|\u2606CrispyNugget630\n|inactive|CrispyNugget630 disconnected and has a minute to reconnect!\n|player|p2|\n|inactive|CrispyNugget630 has 20 seconds left.\n|inactive|CrispyNugget630 has 15 seconds left.\n|inactive|CrispyNugget630 has 10 seconds left.\n|inactive|CrispyNugget630 has 5 seconds left.\n|-message|CrispyNugget630 lost due to inactivity.\n|\n|win|Gelatina79\n|raw|Gelatina79's rating: 1089 &rarr; <strong>1113</strong><br />(+24 for winning)\n|raw|CrispyNugget630's rating: 1059 &rarr; <strong>1042</strong><br />(-17 for losing)\n",
  "uploadtime": 1776275482,
  "views": 16,
  "formatid": "gen9championsvgc2026regma",
  "rating": 1042,
  "private": 0,
  "password": null
}