{
  "id": "gen9championsvgc2026regma-2588891999",
  "format": "[Gen 9 Champions] VGC 2026 Reg M-A",
  "players": [
    "littlepotato13",
    "Yamh"
  ],
  "log": "|j|\u2606littlepotato13\n|j|\u2606Yamh\n|t:|1776683084\n|gametype|doubles\n|player|p1|littlepotato13|102|1361\n|player|p2|Yamh|darach-caitlin|1438\n|gen|9\n|tier|[Gen 9 Champions] VGC 2026 Reg M-A\n|rated|\n|rule|Species Clause: Limit one of each Pok\u00e9mon\n|rule|Item Clause: Limit 1 of each item\n|clearpoke\n|poke|p1|Archaludon, L50, F|\n|poke|p1|Floette-Eternal, L50, F|\n|poke|p1|Sinistcha, L50|\n|poke|p1|Pelipper, L50, F|\n|poke|p1|Sneasler, L50, M|\n|poke|p1|Basculegion, L50, M|\n|poke|p2|Sneasler, L50, F|\n|poke|p2|Kingambit, L50, F|\n|poke|p2|Milotic, L50, F|\n|poke|p2|Basculegion, L50, M|\n|poke|p2|Aerodactyl, L50, F|\n|poke|p2|Floette-Eternal, L50, F|\n|teampreview|4\n|inactive|Battle timer is ON: inactive players will automatically lose when time's up. (requested by littlepotato13)\n|inactive|Yamh has 60 seconds left.\n|\n|t:|1776683124\n|teamsize|p1|4\n|teamsize|p2|4\n|start\n|switch|p1a: Sinistcha|Sinistcha, L50|100/100\n|switch|p1b: Basculegion|Basculegion, L50, M|100/100\n|switch|p2a: Reptilia|Aerodactyl, L50, F|100/100\n|switch|p2b: Snivel|Sneasler, L50, F|100/100\n|-ability|p2a: Reptilia|Unnerve\n|turn|1\n|inactive|littlepotato13 has 30 seconds left.\n|\n|t:|1776683152\n|switch|p1a: Pelipper|Pelipper, L50, F|100/100\n|-weather|RainDance|[from] ability: Drizzle|[of] p1a: Pelipper\n|move|p2a: Reptilia|Protect|p2a: Reptilia\n|-singleturn|p2a: Reptilia|Protect\n|move|p1b: Basculegion|Flip Turn|p2b: Snivel\n|-damage|p2b: Snivel|2/100\n|\n|t:|1776683161\n|switch|p1b: Sinistcha|Sinistcha, L50|100/100|[from] Flip Turn\n|move|p2b: Snivel|Dire Claw|p1a: Pelipper\n|-damage|p1a: Pelipper|35/100\n|-status|p1a: Pelipper|par\n|\n|-weather|RainDance|[upkeep]\n|upkeep\n|turn|2\n|\n|t:|1776683174\n|move|p2a: Reptilia|Rock Slide|p1b: Sinistcha|[spread] p1b\n|-miss|p2a: Reptilia|p1a: Pelipper\n|-damage|p1b: Sinistcha|75/100\n|move|p2b: Snivel|Dire Claw|p1b: Sinistcha\n|-damage|p1b: Sinistcha|31/100\n|move|p1b: Sinistcha|Matcha Gotcha|p2b: Snivel|[spread] p2a,p2b\n|-resisted|p2b: Snivel|1\n|-damage|p2a: Reptilia|65/100\n|-heal|p1b: Sinistcha|47/100|[from] drain|[of] p2a: Reptilia\n|-damage|p2b: Snivel|0 fnt\n|-heal|p1b: Sinistcha|48/100|[from] drain|[of] p2b: Snivel\n|faint|p2b: Snivel\n|move|p1a: Pelipper|Tailwind|p1a: Pelipper\n|-sidestart|p1: littlepotato13|move: Tailwind\n|\n|-weather|RainDance|[upkeep]\n|upkeep\n|\n|t:|1776683190\n|switch|p2b: \u660e\u661f\u30d2\u30de\u30ea|Floette-Eternal, L50, F|100/100\n|turn|3\n|inactive|littlepotato13 has 30 seconds left.\n|\n|t:|1776683219\n|switch|p1b: Floette|Floette-Eternal, L50, F|100/100\n|detailschange|p2b: \u660e\u661f\u30d2\u30de\u30ea|Floette-Mega, L50, F\n|-mega|p2b: \u660e\u661f\u30d2\u30de\u30ea|Floette|Floettite\n|-ability|p2b: \u660e\u661f\u30d2\u30de\u30ea|Fairy Aura\n|move|p2a: Reptilia|Protect|p2a: Reptilia\n|-singleturn|p2a: Reptilia|Protect\n|move|p2b: \u660e\u661f\u30d2\u30de\u30ea|Dazzling Gleam|p1a: Pelipper|[spread] p1a,p1b\n|-damage|p1a: Pelipper|0 fnt\n|-damage|p1b: Floette|66/100\n|faint|p1a: Pelipper\n|\n|-weather|RainDance|[upkeep]\n|upkeep\n|\n|t:|1776683228\n|switch|p1a: Basculegion|Basculegion, L50, M|100/100\n|turn|4\n|\n|t:|1776683246\n|detailschange|p1b: Floette|Floette-Mega, L50, F\n|-mega|p1b: Floette|Floette|Floettite\n|-ability|p1b: Floette|Fairy Aura\n|move|p2b: \u660e\u661f\u30d2\u30de\u30ea|Protect|p2b: \u660e\u661f\u30d2\u30de\u30ea\n|-singleturn|p2b: \u660e\u661f\u30d2\u30de\u30ea|Protect\n|move|p1a: Basculegion|Flip Turn|p2a: Reptilia\n|-supereffective|p2a: Reptilia|1\n|-damage|p2a: Reptilia|0 fnt\n|faint|p2a: Reptilia\n|\n|t:|1776683250\n|switch|p1a: Sinistcha|Sinistcha, L50|48/100|[from] Flip Turn\n|-enditem|p1a: Sinistcha|Sitrus Berry|[eat]\n|-heal|p1a: Sinistcha|72/100|[from] item: Sitrus Berry\n|-heal|p1b: Floette|91/100|[from] ability: Hospitality|[of] p1a: Sinistcha\n|move|p1b: Floette|Moonblast|p2b: \u660e\u661f\u30d2\u30de\u30ea\n|-activate|p2b: \u660e\u661f\u30d2\u30de\u30ea|move: Protect\n|\n|-weather|RainDance|[upkeep]\n|upkeep\n|\n|t:|1776683260\n|switch|p2a: Anytng|Kingambit, L50, F|100/100\n|turn|5\n|\n|t:|1776683279\n|move|p2a: Anytng|Protect|p2a: Anytng\n|-singleturn|p2a: Anytng|Protect\n|move|p1a: Sinistcha|Rage Powder|p1a: Sinistcha\n|-singleturn|p1a: Sinistcha|move: Rage Powder\n|move|p1b: Floette|Moonblast|p2a: Anytng\n|-activate|p2a: Anytng|move: Protect\n|move|p2b: \u660e\u661f\u30d2\u30de\u30ea|Moonblast|p1a: Sinistcha\n|-damage|p1a: Sinistcha|12/100\n|-unboost|p1a: Sinistcha|spa|1\n|\n|-weather|none\n|-sideend|p1: littlepotato13|move: Tailwind\n|upkeep\n|turn|6\n|inactive|littlepotato13 has 30 seconds left.\n|\n|t:|1776683307\n|switch|p1b: Basculegion|Basculegion, L50, M|100/100\n|move|p2b: \u660e\u661f\u30d2\u30de\u30ea|Dazzling Gleam|p1a: Sinistcha|[spread] p1a,p1b\n|-damage|p1a: Sinistcha|0 fnt\n|-damage|p1b: Basculegion|45/100\n|faint|p1a: Sinistcha\n|move|p2a: Anytng|Kowtow Cleave|p1b: Basculegion\n|-supereffective|p1b: Basculegion|1\n|-damage|p1b: Basculegion|0 fnt\n|faint|p1b: Basculegion\n|\n|upkeep\n|-message|littlepotato13 forfeited.\n|\n|win|Yamh\n|raw|littlepotato13's rating: 1361 &rarr; <strong>1345</strong><br />(-16 for losing)\n|raw|Yamh's rating: 1438 &rarr; <strong>1454</strong><br />(+16 for winning)\n|l|\u2606littlepotato13\n|player|p1|\n",
  "uploadtime": 1776683320,
  "views": 9,
  "formatid": "gen9championsvgc2026regma",
  "rating": 1345,
  "private": 0,
  "password": null
}