{
  "id": "gen9championsvgc2026regma-2584165902",
  "format": "[Gen 9 Champions] VGC 2026 Reg M-A",
  "players": [
    "Missed Ledgedash",
    "caioll9"
  ],
  "log": "|j|\u2606Missed Ledgedash\n|j|\u2606caioll9\n|t:|1776233158\n|gametype|doubles\n|player|p1|Missed Ledgedash|juan-gen3|1202\n|player|p2|caioll9|266|1116\n|gen|9\n|tier|[Gen 9 Champions] VGC 2026 Reg M-A\n|rated|\n|rule|Species Clause: Limit one of each Pok\u00e9mon\n|rule|Item Clause: Limit 1 of each item\n|clearpoke\n|poke|p1|Incineroar, L50, F|\n|poke|p1|Gengar, L50, F|\n|poke|p1|Sneasler, L50, M|\n|poke|p1|Tyranitar, L50, F|\n|poke|p1|Sinistcha, L50|\n|poke|p1|Rotom-Wash, L50|\n|poke|p2|Charizard, L50, F|\n|poke|p2|Venusaur, L50, M|\n|poke|p2|Sneasler, L50, F|\n|poke|p2|Kingambit, L50, F|\n|poke|p2|Farigiraf, L50, F|\n|poke|p2|Garchomp, L50, M|\n|teampreview|4\n|inactive|Battle timer is ON: inactive players will automatically lose when time's up. (requested by caioll9)\n|\n|t:|1776233186\n|teamsize|p1|4\n|teamsize|p2|4\n|start\n|switch|p1a: Tyranitar|Tyranitar, L50, F|100/100\n|switch|p1b: Sneasler|Sneasler, L50, M|100/100\n|switch|p2a: Garchomp|Garchomp, L50, M|100/100\n|switch|p2b: Sneasler|Sneasler, L50, F|100/100\n|-weather|Sandstorm|[from] ability: Sand Stream|[of] p1a: Tyranitar\n|turn|1\n|\n|t:|1776233210\n|switch|p1a: Incineroar|Incineroar, L50, F|100/100\n|-ability|p1a: Incineroar|Intimidate|boost\n|-unboost|p2a: Garchomp|atk|1\n|-unboost|p2b: Sneasler|atk|1\n|-enditem|p2b: Sneasler|White Herb\n|-clearnegativeboost|p2b: Sneasler|[silent]\n|move|p2b: Sneasler|Protect|p2b: Sneasler\n|-singleturn|p2b: Sneasler|Protect\n|move|p1b: Sneasler|Fake Out|p2a: Garchomp\n|-damage|p2a: Garchomp|84/100\n|-damage|p1b: Sneasler|88/100|[from] ability: Rough Skin|[of] p2a: Garchomp\n|cant|p2a: Garchomp|flinch\n|\n|-weather|Sandstorm|[upkeep]\n|-damage|p2b: Sneasler|95/100|[from] Sandstorm\n|-damage|p1b: Sneasler|83/100|[from] Sandstorm\n|-damage|p1a: Incineroar|95/100|[from] Sandstorm\n|upkeep\n|turn|2\n|\n|t:|1776233229\n|switch|p2b: Charizard|Charizard, L50, F|100/100\n|move|p1a: Incineroar|Fake Out|p2b: Charizard\n|-damage|p2b: Charizard|86/100\n|move|p2a: Garchomp|Earthquake|p1a: Incineroar|[spread] p1a,p1b\n|-immune|p2b: Charizard\n|-supereffective|p1a: Incineroar|1\n|-enditem|p1a: Incineroar|Shuca Berry|[eat]\n|-enditem|p1a: Incineroar|Shuca Berry|[weaken]\n|-supereffective|p1b: Sneasler|1\n|-damage|p1a: Incineroar|75/100\n|-damage|p1b: Sneasler|0 fnt\n|faint|p1b: Sneasler\n|\n|-weather|Sandstorm|[upkeep]\n|-damage|p2b: Charizard|80/100|[from] Sandstorm\n|-damage|p1a: Incineroar|69/100|[from] Sandstorm\n|upkeep\n|\n|t:|1776233239\n|switch|p1b: Tyranitar|Tyranitar, L50, F|100/100\n|turn|3\n|\n|t:|1776233247\n|detailschange|p1b: Tyranitar|Tyranitar-Mega, L50, F\n|-mega|p1b: Tyranitar|Tyranitar|Tyranitarite\n|move|p2b: Charizard|Protect|p2b: Charizard\n|-singleturn|p2b: Charizard|Protect\n|move|p2a: Garchomp|Earthquake|p1a: Incineroar|[spread] p1a,p1b\n|-activate|p2b: Charizard|move: Protect\n|-supereffective|p1a: Incineroar|1\n|-supereffective|p1b: Tyranitar|1\n|-damage|p1a: Incineroar|27/100\n|-damage|p1b: Tyranitar|69/100\n|move|p1b: Tyranitar|Rock Slide|p2b: Charizard|[spread] p2a\n|-activate|p2b: Charizard|move: Protect\n|-resisted|p2a: Garchomp|1\n|-damage|p2a: Garchomp|64/100\n|move|p1a: Incineroar|Parting Shot|p2a: Garchomp\n|-unboost|p2a: Garchomp|atk|1\n|-unboost|p2a: Garchomp|spa|1\n|\n|t:|1776233261\n|switch|p1a: Rotom|Rotom-Wash, L50|100/100|[from] Parting Shot\n|\n|-weather|Sandstorm|[upkeep]\n|-damage|p2b: Charizard|75/100|[from] Sandstorm\n|-damage|p1a: Rotom|95/100|[from] Sandstorm\n|upkeep\n|turn|4\n|\n|t:|1776233279\n|switch|p2b: Farigiraf|Farigiraf, L50, F|100/100\n|move|p2a: Garchomp|Earthquake|p1a: Rotom|[spread] p2b,p1b\n|-immune|p1a: Rotom|[from] ability: Levitate\n|-supereffective|p1b: Tyranitar|1\n|-damage|p2b: Farigiraf|86/100\n|-damage|p1b: Tyranitar|45/100\n|move|p1a: Rotom|Thunderbolt|p2b: Farigiraf\n|-damage|p2b: Farigiraf|45/100\n|-enditem|p2b: Farigiraf|Sitrus Berry|[eat]\n|-heal|p2b: Farigiraf|70/100|[from] item: Sitrus Berry\n|move|p1b: Tyranitar|Rock Slide|p2b: Farigiraf|[spread] p2a,p2b\n|-resisted|p2a: Garchomp|1\n|-damage|p2a: Garchomp|44/100\n|-damage|p2b: Farigiraf|41/100\n|\n|-weather|Sandstorm|[upkeep]\n|-damage|p1a: Rotom|89/100|[from] Sandstorm\n|-damage|p2b: Farigiraf|35/100|[from] Sandstorm\n|upkeep\n|turn|5\n|inactive|caioll9 has 30 seconds left.\n|\n|t:|1776233311\n|switch|p2a: Sneasler|Sneasler, L50, F|95/100\n|switch|p1b: Incineroar|Incineroar, L50, F|27/100\n|-ability|p1b: Incineroar|Intimidate|boost\n|-unboost|p2a: Sneasler|atk|1\n|-unboost|p2b: Farigiraf|atk|1\n|move|p1a: Rotom|Hydro Pump|p2a: Sneasler\n|-damage|p2a: Sneasler|19/100\n|move|p2b: Farigiraf|Hyper Voice|p1b: Incineroar|[spread] p1a,p1b\n|-damage|p1a: Rotom|64/100\n|-damage|p1b: Incineroar|6/100\n|\n|-weather|none\n|upkeep\n|turn|6\n|inactive|caioll9 has 30 seconds left.\n|\n|t:|1776233346\n|move|p2a: Sneasler|Fake Out|p1a: Rotom\n|-damage|p1a: Rotom|53/100\n|cant|p1a: Rotom|flinch\n|move|p2b: Farigiraf|Hyper Voice|p1b: Incineroar|[spread] p1a,p1b\n|-damage|p1a: Rotom|27/100\n|-damage|p1b: Incineroar|0 fnt\n|-enditem|p1a: Rotom|Sitrus Berry|[eat]\n|-heal|p1a: Rotom|52/100|[from] item: Sitrus Berry\n|faint|p1b: Incineroar\n|\n|upkeep\n|\n|t:|1776233357\n|switch|p1b: Tyranitar|Tyranitar-Mega, L50, F|45/100\n|-weather|Sandstorm|[from] ability: Sand Stream|[of] p1b: Tyranitar\n|turn|7\n|\n|t:|1776233375\n|move|p1a: Rotom|Protect|p1a: Rotom\n|-singleturn|p1a: Rotom|Protect\n|move|p2a: Sneasler|Close Combat|p1b: Tyranitar\n|-supereffective|p1b: Tyranitar|2\n|-damage|p1b: Tyranitar|0 fnt\n|-unboost|p2a: Sneasler|def|1\n|-unboost|p2a: Sneasler|spd|1\n|faint|p1b: Tyranitar\n|move|p2b: Farigiraf|Hyper Voice|p1a: Rotom\n|-activate|p1a: Rotom|move: Protect\n|\n|-weather|Sandstorm|[upkeep]\n|-damage|p2a: Sneasler|13/100|[from] Sandstorm\n|-damage|p1a: Rotom|46/100|[from] Sandstorm\n|-damage|p2b: Farigiraf|28/100|[from] Sandstorm\n|upkeep\n|turn|8\n|\n|t:|1776233390\n|move|p2a: Sneasler|Close Combat|p1a: Rotom\n|-damage|p1a: Rotom|0 fnt\n|-unboost|p2a: Sneasler|def|1\n|-unboost|p2a: Sneasler|spd|1\n|faint|p1a: Rotom\n|\n|win|caioll9\n|raw|Missed Ledgedash's rating: 1202 &rarr; <strong>1171</strong><br />(-31 for losing)\n|raw|caioll9's rating: 1116 &rarr; <strong>1147</strong><br />(+31 for winning)\n",
  "uploadtime": 1776233391,
  "views": 16,
  "formatid": "gen9championsvgc2026regma",
  "rating": 1147,
  "private": 0,
  "password": null
}