{
  "id": "gen9championsvgc2026regma-2587130972",
  "format": "[Gen 9 Champions] VGC 2026 Reg M-A",
  "players": [
    "Pointee",
    "magicalarcher57"
  ],
  "log": "|j|\u2606Pointee\n|j|\u2606magicalarcher57\n|html|<table width=\"100%\"><tr><td align=\"left\">Pointee</td><td align=\"right\">magicalarcher57</tr><tr><td align=\"left\"><i class=\"fa fa-circle-o\"></i> <i class=\"fa fa-circle-o\"></i> </td><td align=\"right\"><i class=\"fa fa-circle-o\"></i> <i class=\"fa fa-circle-o\"></i> </tr></table>\n|uhtml|bestof|<h2><strong>Game 1</strong> of <a href=\"/game-bestof3-gen9championsvgc2026regma-2587130971\">a best-of-3</a></h2>\n|t:|1776497848\n|gametype|doubles\n|player|p1|Pointee|collector-masters|\n|player|p2|magicalarcher57|valerie|\n|gen|9\n|tier|[Gen 9 Champions] VGC 2026 Reg M-A\n|rated|Tournament battle\n|rule|Species Clause: Limit one of each Pok\u00e9mon\n|rule|Item Clause: Limit 1 of each item\n|raw|<div class=\"infobox\"><details class=\"readmore\" open><summary><strong>2 custom rules:</strong></summary> Force Open Team Sheets, Best of = 3</details></div>\n|clearpoke\n|poke|p1|Floette-Eternal, L50, F|\n|poke|p1|Incineroar, L50, M, shiny|\n|poke|p1|Sinistcha-Masterpiece, L50|\n|poke|p1|Tyranitar, L50, F, shiny|\n|poke|p1|Corviknight, L50, F, shiny|\n|poke|p1|Sneasler, L50, F, shiny|\n|poke|p2|Kangaskhan, L50, F, shiny|\n|poke|p2|Farigiraf, L50, M, shiny|\n|poke|p2|Basculegion, L50, M, shiny|\n|poke|p2|Talonflame, L50, F, shiny|\n|poke|p2|Floette-Eternal, L50, F|\n|poke|p2|Sneasler, L50, M, shiny|\n|teampreview|4\n|showteam|p1|Floette-Eternal||Floettite|FlowerVeil|DazzlingGleam,Moonblast,Protect,CalmMind|||F|||50|]Incineroar||ChopleBerry|Intimidate|FakeOut,FlareBlitz,ThroatChop,PartingShot|||M|||50|]Sinistcha-Masterpiece||Leftovers|Hospitality|TrickRoom,RagePowder,Protect,MatchaGotcha||||||50|]Tyranitar||Tyranitarite|SandStream|DragonDance,RockSlide,Crunch,Protect|||F|||50|]Corviknight||SitrusBerry|MirrorArmor|BraveBird,BulkUp,Tailwind,BodyPress|||F|||50|]Sneasler||WhiteHerb|Unburden|FakeOut,DireClaw,CloseCombat,RockTomb|||F|||50|\n|showteam|p2|Kangaskhan||Kangaskhanite|Scrappy|FakeOut,HammerArm,DoubleEdge,Crunch|||F|||50|]Farigiraf||ColburBerry|ArmorTail|ShadowBall,HyperVoice,TrickRoom,Psychic|||M|||50|]Basculegion||MysticWater|Adaptability|WaveCrash,LastRespects,AquaJet,Protect|||M|||50|]Talonflame||SharpBeak|GaleWings|Tailwind,Taunt,Overheat,BraveBird|||F|||50|]Floette-Eternal||Floettite|FlowerVeil|Moonblast,LightofRuin,DazzlingGleam,Protect|||F|||50|]Sneasler||FocusSash|Unburden|FakeOut,CloseCombat,DireClaw,Protect|||M|||50|\nPointee has agreed to open team sheets.\nmagicalarcher57 has agreed to open team sheets.\n|showteam|p1|Floette-Eternal||Floettite|FlowerVeil|DazzlingGleam,Moonblast,Protect,CalmMind|||F|||50|]Incineroar||ChopleBerry|Intimidate|FakeOut,FlareBlitz,ThroatChop,PartingShot|||M|||50|]Sinistcha-Masterpiece||Leftovers|Hospitality|TrickRoom,RagePowder,Protect,MatchaGotcha||||||50|]Tyranitar||Tyranitarite|SandStream|DragonDance,RockSlide,Crunch,Protect|||F|||50|]Corviknight||SitrusBerry|MirrorArmor|BraveBird,BulkUp,Tailwind,BodyPress|||F|||50|]Sneasler||WhiteHerb|Unburden|FakeOut,DireClaw,CloseCombat,RockTomb|||F|||50|\n|showteam|p2|Kangaskhan||Kangaskhanite|Scrappy|FakeOut,HammerArm,DoubleEdge,Crunch|||F|||50|]Farigiraf||ColburBerry|ArmorTail|ShadowBall,HyperVoice,TrickRoom,Psychic|||M|||50|]Basculegion||MysticWater|Adaptability|WaveCrash,LastRespects,AquaJet,Protect|||M|||50|]Talonflame||SharpBeak|GaleWings|Tailwind,Taunt,Overheat,BraveBird|||F|||50|]Floette-Eternal||Floettite|FlowerVeil|Moonblast,LightofRuin,DazzlingGleam,Protect|||F|||50|]Sneasler||FocusSash|Unburden|FakeOut,CloseCombat,DireClaw,Protect|||M|||50|\n|c|\u2606Pointee|i been in and out of vgc throughout past 2 years and i always see u man\n|c|\u2606magicalarcher57|lol\n|c|\u2606Pointee|im suprised u aint got voice yet i cannot lie\n|c|\u2606magicalarcher57|well\n|c|\u2606magicalarcher57|im not surpised\n|c|\u2606magicalarcher57|but chat is lol\n|c|\u2606magicalarcher57|u arent alone\n|j| Felipesol2\n|\n|t:|1776497949\n|teamsize|p1|4\n|teamsize|p2|4\n|start\n|switch|p1a: Tyranitar|Tyranitar, L50, F, shiny|100/100\n|switch|p1b: Sinistcha|Sinistcha-Masterpiece, L50|100/100\n|switch|p2a: Ryoiki Tenkai|Farigiraf, L50, M, shiny|100/100\n|switch|p2b: Kangaskhan|Kangaskhan, L50, F, shiny|100/100\n|-weather|Sandstorm|[from] ability: Sand Stream|[of] p1a: Tyranitar\n|turn|1\n|l| Felipesol2\n|\n|t:|1776497988\n|detailschange|p2b: Kangaskhan|Kangaskhan-Mega, L50, F, shiny\n|-mega|p2b: Kangaskhan|Kangaskhan|Kangaskhanite\n|move|p1a: Tyranitar|Dragon Dance|p1a: Tyranitar\n|-boost|p1a: Tyranitar|atk|1\n|-boost|p1a: Tyranitar|spe|1\n|move|p2b: Kangaskhan|Crunch|p1b: Sinistcha\n|-supereffective|p1b: Sinistcha|1\n|-damage|p1b: Sinistcha|45/100\n|-unboost|p1b: Sinistcha|def|1\n|-supereffective|p1b: Sinistcha|1\n|-damage|p1b: Sinistcha|25/100\n|-hitcount|p1b: Sinistcha|2\n|move|p1b: Sinistcha|Trick Room|p1b: Sinistcha\n|-fieldstart|move: Trick Room|[of] p1b: Sinistcha\n|move|p2a: Ryoiki Tenkai|Trick Room|p2a: Ryoiki Tenkai\n|-fieldend|move: Trick Room\n|\n|-weather|Sandstorm|[upkeep]\n|-damage|p2b: Kangaskhan|94/100|[from] Sandstorm\n|-damage|p1b: Sinistcha|19/100|[from] Sandstorm\n|-damage|p2a: Ryoiki Tenkai|95/100|[from] Sandstorm\n|-heal|p1b: Sinistcha|25/100|[from] item: Leftovers\n|upkeep\n|turn|2\n|c|\u2606magicalarcher57|glhf\n|c|\u2606Pointee|glhf\n|j|@llefface\n|\n|t:|1776498044\n|switch|p2a: Sneasler|Sneasler, L50, M, shiny|100/100\n|detailschange|p1a: Tyranitar|Tyranitar-Mega, L50, F, shiny\n|-mega|p1a: Tyranitar|Tyranitar|Tyranitarite\n|move|p1b: Sinistcha|Rage Powder|p1b: Sinistcha\n|-singleturn|p1b: Sinistcha|move: Rage Powder\n|move|p1a: Tyranitar|Rock Slide|p2b: Kangaskhan|[spread] p2a,p2b\n|-resisted|p2a: Sneasler|1\n|-damage|p2a: Sneasler|57/100\n|-damage|p2b: Kangaskhan|53/100\n|move|p2b: Kangaskhan|Hammer Arm|p1b: Sinistcha\n|-immune|p1b: Sinistcha\n|\n|-weather|Sandstorm|[upkeep]\n|-damage|p2a: Sneasler|51/100|[from] Sandstorm\n|-damage|p2b: Kangaskhan|47/100|[from] Sandstorm\n|-damage|p1b: Sinistcha|19/100|[from] Sandstorm\n|-heal|p1b: Sinistcha|25/100|[from] item: Leftovers\n|upkeep\n|turn|3\n|j| LBLFUSION\n|\n|t:|1776498085\n|switch|p1b: Corviknight|Corviknight, L50, F, shiny|100/100\n|move|p1a: Tyranitar|Protect|p1a: Tyranitar\n|-singleturn|p1a: Tyranitar|Protect\n|move|p2a: Sneasler|Dire Claw|p1b: Corviknight\n|-immune|p1b: Corviknight\n|move|p2b: Kangaskhan|Hammer Arm|p1a: Tyranitar\n|-activate|p1a: Tyranitar|move: Protect\n|\n|-weather|Sandstorm|[upkeep]\n|-damage|p2a: Sneasler|46/100|[from] Sandstorm\n|-damage|p2b: Kangaskhan|41/100|[from] Sandstorm\n|upkeep\n|turn|4\n|\n|t:|1776498097\n|switch|p2b: Ryoiki Tenkai|Farigiraf, L50, M, shiny|95/100\n|move|p1a: Tyranitar|Rock Slide|p2a: Sneasler|[spread] p2a,p2b\n|-resisted|p2a: Sneasler|1\n|-damage|p2a: Sneasler|3/100\n|-damage|p2b: Ryoiki Tenkai|41/100\n|move|p2a: Sneasler|Close Combat|p1a: Tyranitar\n|-supereffective|p1a: Tyranitar|2\n|-damage|p1a: Tyranitar|0 fnt\n|-unboost|p2a: Sneasler|def|1\n|-unboost|p2a: Sneasler|spd|1\n|faint|p1a: Tyranitar\n|move|p1b: Corviknight|Tailwind|p1b: Corviknight\n|-sidestart|p1: Pointee|move: Tailwind\n|\n|-weather|Sandstorm|[upkeep]\n|-damage|p2a: Sneasler|0 fnt|[from] Sandstorm\n|-damage|p2b: Ryoiki Tenkai|35/100|[from] Sandstorm\n|faint|p2a: Sneasler\n|upkeep\n|\n|t:|1776498141\n|switch|p2a: Kangaskhan|Kangaskhan-Mega, L50, F, shiny|41/100\n|switch|p1a: Sneasler|Sneasler, L50, F, shiny|100/100\n|turn|5\n|j| KnighLt\n|\n|t:|1776498164\n|switch|p1a: Sinistcha|Sinistcha-Masterpiece, L50|25/100\n|move|p2a: Kangaskhan|Fake Out|p1a: Sinistcha\n|-immune|p1a: Sinistcha\n|move|p1b: Corviknight|Bulk Up|p1b: Corviknight\n|-boost|p1b: Corviknight|atk|1\n|-boost|p1b: Corviknight|def|1\n|move|p2b: Ryoiki Tenkai|Trick Room|p2b: Ryoiki Tenkai\n|-fieldstart|move: Trick Room|[of] p2b: Ryoiki Tenkai\n|\n|-weather|none\n|-heal|p1a: Sinistcha|31/100|[from] item: Leftovers\n|upkeep\n|turn|6\n|l| KnighLt\n|\n|t:|1776498201\n|move|p1a: Sinistcha|Protect|p1a: Sinistcha\n|-singleturn|p1a: Sinistcha|Protect\n|move|p2b: Ryoiki Tenkai|Psychic|p1a: Sinistcha\n|-activate|p1a: Sinistcha|move: Protect\n|move|p2a: Kangaskhan|Hammer Arm|p1b: Corviknight\n|-damage|p1b: Corviknight|83/100\n|-unboost|p2a: Kangaskhan|spe|1\n|-damage|p1b: Corviknight|79/100\n|-unboost|p2a: Kangaskhan|spe|1\n|-hitcount|p1b: Corviknight|2\n|move|p1b: Corviknight|Bulk Up|p1b: Corviknight\n|-boost|p1b: Corviknight|atk|1\n|-boost|p1b: Corviknight|def|1\n|\n|-heal|p1a: Sinistcha|38/100|[from] item: Leftovers\n|upkeep\n|turn|7\n|\n|t:|1776498236\n|move|p1a: Sinistcha|Rage Powder|p1a: Sinistcha\n|-singleturn|p1a: Sinistcha|move: Rage Powder\n|move|p2a: Kangaskhan|Crunch|p1a: Sinistcha\n|-supereffective|p1a: Sinistcha|1\n|-damage|p1a: Sinistcha|0 fnt\n|faint|p1a: Sinistcha\n|-hitcount|p1: Sinistcha|1\n|move|p2b: Ryoiki Tenkai|Psychic|p1b: Corviknight\n|-resisted|p1b: Corviknight|1\n|-damage|p1b: Corviknight|57/100\n|move|p1b: Corviknight|Body Press|p2b: Ryoiki Tenkai\n|-damage|p2b: Ryoiki Tenkai|0 fnt\n|faint|p2b: Ryoiki Tenkai\n|\n|-sideend|p1: Pointee|move: Tailwind\n|upkeep\n|\n|t:|1776498267\n|switch|p2b: Basculegion|Basculegion, L50, M, shiny|100/100\n|switch|p1a: Sneasler|Sneasler, L50, F, shiny|100/100\n|turn|8\n|\n|t:|1776498279\n|move|p1a: Sneasler|Fake Out|p2a: Kangaskhan\n|-damage|p2a: Kangaskhan|29/100\n|cant|p2a: Kangaskhan|flinch\n|move|p1b: Corviknight|Brave Bird|p2b: Basculegion\n|-crit|p2b: Basculegion\n|-damage|p2b: Basculegion|0 fnt\n|faint|p2b: Basculegion\n|-damage|p1b: Corviknight|20/100|[from] Recoil\n|-enditem|p1b: Corviknight|Sitrus Berry|[eat]\n|-heal|p1b: Corviknight|45/100|[from] item: Sitrus Berry\n|\n|upkeep\n|turn|9\n|l|@llefface\n|\n|t:|1776498316\n|move|p2a: Kangaskhan|Double-Edge|p1a: Sneasler\n|-damage|p1a: Sneasler|0 fnt\n|faint|p1a: Sneasler\n|-hitcount|p1: Sneasler|1\n|-damage|p2a: Kangaskhan|5/100|[from] Recoil\n|move|p1b: Corviknight|Brave Bird|p2a: Kangaskhan\n|-damage|p2a: Kangaskhan|0 fnt\n|faint|p2a: Kangaskhan\n|-damage|p1b: Corviknight|43/100|[from] Recoil\n|\n|win|Pointee\n",
  "uploadtime": 1776498317,
  "views": 11,
  "formatid": "gen9championsvgc2026regma",
  "rating": null,
  "private": 0,
  "password": null
}