{
  "id": "gen9championsvgc2026regma-2589456108",
  "format": "[Gen 9 Champions] VGC 2026 Reg M-A",
  "players": [
    "steezup",
    "Warehouse User"
  ],
  "log": "|j|\u2606steezup\n|j|\u2606Warehouse User\n|t:|1776724545\n|gametype|doubles\n|player|p1|steezup|101|1054\n|player|p2|Warehouse User|265|1066\n|gen|9\n|tier|[Gen 9 Champions] VGC 2026 Reg M-A\n|rated|\n|rule|Species Clause: Limit one of each Pok\u00e9mon\n|rule|Item Clause: Limit 1 of each item\n|clearpoke\n|poke|p1|Starmie, L50|\n|poke|p1|Dragonite, L50, M|\n|poke|p1|Incineroar, L50, M|\n|poke|p1|Hatterene, L50, F|\n|poke|p1|Tyranitar, L50, F|\n|poke|p1|Corviknight, L50, M|\n|poke|p2|Aegislash, L50, F|\n|poke|p2|Maushold-Four, L50|\n|poke|p2|Azumarill, L50, F|\n|poke|p2|Whimsicott, L50, F|\n|poke|p2|Glimmora, L50, M|\n|poke|p2|Infernape, L50, F|\n|teampreview|4\nsteezup rejected open team sheets.\n|inactive|Battle timer is ON: inactive players will automatically lose when time's up. (requested by steezup)\n|\n|t:|1776724574\n|teamsize|p1|4\n|teamsize|p2|4\n|start\n|switch|p1a: Starmie|Starmie, L50|100/100\n|switch|p1b: Hatterene|Hatterene, L50, F|100/100\n|switch|p2a: Glimmora|Glimmora, L50, M|100/100\n|switch|p2b: Maushold|Maushold-Four, L50|100/100\n|turn|1\n|\n|t:|1776724597\n|switch|p2a: Aegislash|Aegislash, L50, F|100/100\n|detailschange|p1a: Starmie|Starmie-Mega, L50\n|-mega|p1a: Starmie|Starmie|Starminite\n|move|p2b: Maushold|Super Fang|p1a: Starmie|[miss]\n|-miss|p2b: Maushold|p1a: Starmie\n|move|p1a: Starmie|Expanding Force|p2a: Aegislash\n|-resisted|p2a: Aegislash|1\n|-damage|p2a: Aegislash|87/100\n|move|p1b: Hatterene|Expanding Force|p2b: Maushold\n|-damage|p2b: Maushold|31/100\n|\n|upkeep\n|turn|2\n|\n|t:|1776724614\n|move|p2b: Maushold|Protect|p2b: Maushold\n|-singleturn|p2b: Maushold|Protect\n|move|p1a: Starmie|Expanding Force|p2b: Maushold\n|-activate|p2b: Maushold|move: Protect\n|move|p2a: Aegislash|Swords Dance|p2a: Aegislash\n|-boost|p2a: Aegislash|atk|2\n|move|p1b: Hatterene|Dazzling Gleam|p2b: Maushold|[spread] p2a\n|-activate|p2b: Maushold|move: Protect\n|-resisted|p2a: Aegislash|1\n|-damage|p2a: Aegislash|78/100\n|\n|upkeep\n|turn|3\n|\n|t:|1776724635\n|switch|p2b: Azumarill|Azumarill, L50, F|100/100\n|switch|p1b: Dragonite|Dragonite, L50, M|100/100\n|move|p1a: Starmie|Expanding Force|p2b: Azumarill\n|-damage|p2b: Azumarill|52/100\n|move|p2a: Aegislash|Swords Dance|p2a: Aegislash\n|-boost|p2a: Aegislash|atk|2\n|\n|upkeep\n|turn|4\n|inactive|steezup has 30 seconds left.\n|inactive|Warehouse User has 30 seconds left.\n|inactive|steezup has 20 seconds left.\n|inactive|steezup has 15 seconds left.\n|\n|t:|1776724676\n|-formechange|p2a: Aegislash|Aegislash-Blade|\n|move|p2a: Aegislash|Shadow Sneak|p1b: Dragonite\n|-damage|p1b: Dragonite|15/100\n|move|p2b: Azumarill|Aqua Jet|p1b: Dragonite\n|-resisted|p1b: Dragonite|1\n|-damage|p1b: Dragonite|3/100\n|move|p1a: Starmie|Hydro Pump|p2a: Aegislash\n|-damage|p2a: Aegislash|0 fnt\n|faint|p2a: Aegislash\n|move|p1b: Dragonite|Dragon Claw|p2b: Azumarill\n|-immune|p2b: Azumarill\n|\n|upkeep\n|\n|t:|1776724684\n|switch|p2a: Maushold|Maushold-Four, L50|31/100\n|turn|5\n|\n|t:|1776724701\n|move|p2a: Maushold|Protect|p2a: Maushold\n|-singleturn|p2a: Maushold|Protect\n|move|p1b: Dragonite|Extreme Speed|p2a: Maushold\n|-activate|p2a: Maushold|move: Protect\n|move|p2b: Azumarill|Aqua Jet|p1b: Dragonite\n|-resisted|p1b: Dragonite|1\n|-damage|p1b: Dragonite|0 fnt\n|faint|p1b: Dragonite\n|move|p1a: Starmie|Substitute|p1a: Starmie\n|-start|p1a: Starmie|Substitute\n|-damage|p1a: Starmie|76/100\n|\n|upkeep\n|\n|t:|1776724714\n|switch|p1b: Incineroar|Incineroar, L50, M|100/100\n|turn|6\n|\n|t:|1776724725\n|move|p1b: Incineroar|Fake Out|p2a: Maushold\n|-damage|p2a: Maushold|13/100\n|cant|p2a: Maushold|flinch\n|move|p1a: Starmie|Expanding Force|p2b: Azumarill\n|-damage|p2b: Azumarill|13/100\n|-enditem|p2b: Azumarill|Sitrus Berry|[eat]\n|-heal|p2b: Azumarill|38/100|[from] item: Sitrus Berry\n|move|p2b: Azumarill|Belly Drum||[still]\n|-fail|p2b: Azumarill\n|\n|upkeep\n|turn|7\n|inactive|steezup has 30 seconds left.\n|\n|t:|1776724759\n|switch|p2a: Glimmora|Glimmora, L50, M|100/100\n|move|p2b: Azumarill|Aqua Jet|p1b: Incineroar\n|-supereffective|p1b: Incineroar|1\n|-damage|p1b: Incineroar|50/100\n|move|p1a: Starmie|Expanding Force|p2b: Azumarill\n|-damage|p2b: Azumarill|0 fnt\n|faint|p2b: Azumarill\n|move|p1b: Incineroar|Close Combat|p2a: Glimmora\n|-damage|p2a: Glimmora|55/100\n|-unboost|p1b: Incineroar|def|1\n|-unboost|p1b: Incineroar|spd|1\n|\n|upkeep\n|\n|t:|1776724769\n|switch|p2b: Maushold|Maushold-Four, L50|13/100\n|turn|8\n|\n|t:|1776724790\n|detailschange|p2a: Glimmora|Glimmora-Mega, L50, M\n|-mega|p2a: Glimmora|Glimmora|Glimmoranite\n|move|p2b: Maushold|Super Fang|p1a: Starmie\n|-end|p1a: Starmie|Substitute\n|move|p2a: Glimmora|Power Gem|p1b: Incineroar\n|-supereffective|p1b: Incineroar|1\n|-damage|p1b: Incineroar|0 fnt\n|faint|p1b: Incineroar\n|move|p1a: Starmie|Hydro Pump|p2a: Glimmora\n|-supereffective|p2a: Glimmora|1\n|-damage|p2a: Glimmora|0 fnt\n|faint|p2a: Glimmora\n|\n|upkeep\n|\n|t:|1776724800\n|switch|p1b: Hatterene|Hatterene, L50, F|100/100\n|turn|9\n|\n|t:|1776724807\n|move|p2b: Maushold|Follow Me|p2b: Maushold\n|-singleturn|p2b: Maushold|move: Follow Me\n|move|p1a: Starmie|Hydro Pump|p2b: Maushold\n|-damage|p2b: Maushold|0 fnt\n|faint|p2b: Maushold\n|\n|win|steezup\n|raw|steezup's rating: 1054 &rarr; <strong>1087</strong><br />(+33 for winning)\n|raw|Warehouse User's rating: 1066 &rarr; <strong>1045</strong><br />(-21 for losing)\n",
  "uploadtime": 1776724810,
  "views": 3,
  "formatid": "gen9championsvgc2026regma",
  "rating": 1045,
  "private": 0,
  "password": null
}