{
  "id": "gen9championsvgc2026regma-2584858757",
  "format": "[Gen 9 Champions] VGC 2026 Reg M-A",
  "players": [
    "Noobilio",
    "NearuRJ"
  ],
  "log": "|j|\u2606Noobilio\n|j|\u2606NearuRJ\n|t:|1776289256\n|gametype|doubles\n|player|p1|Noobilio|nurse|1324\n|player|p2|NearuRJ|lorelei-lgpe|1229\n|gen|9\n|tier|[Gen 9 Champions] VGC 2026 Reg M-A\n|rated|\n|rule|Species Clause: Limit one of each Pok\u00e9mon\n|rule|Item Clause: Limit 1 of each item\n|clearpoke\n|poke|p1|Hawlucha, L50, F|\n|poke|p1|Floette-Eternal, L50, F|\n|poke|p1|Incineroar, L50, F|\n|poke|p1|Sinistcha, L50|\n|poke|p1|Snorlax, L50, F|\n|poke|p1|Rotom-Wash, L50|\n|poke|p2|Sneasler, L50, M|\n|poke|p2|Kingambit, L50, F|\n|poke|p2|Clefable, L50, M|\n|poke|p2|Delphox, L50, M|\n|poke|p2|Dragonite, L50, M|\n|poke|p2|Basculegion, L50, M|\n|teampreview|4\nNearuRJ has agreed to open team sheets.\n|\n|t:|1776289312\n|teamsize|p1|4\n|teamsize|p2|4\n|start\n|switch|p1a: Incineroar|Incineroar, L50, F|100/100\n|switch|p1b: Floette|Floette-Eternal, L50, F, shiny|100/100\n|switch|p2a: Sneasler|Sneasler, L50, M|100/100\n|switch|p2b: Clefable|Clefable, L50, M, shiny|100/100\n|-ability|p1a: Incineroar|Intimidate|boost\n|-unboost|p2a: Sneasler|atk|1\n|-unboost|p2b: Clefable|atk|1\n|turn|1\n|\n|t:|1776289343\n|detailschange|p1b: Floette|Floette-Mega, L50, F, shiny\n|-mega|p1b: Floette|Floette|Floettite\n|-ability|p1b: Floette|Fairy Aura\n|move|p2a: Sneasler|Protect|p2a: Sneasler\n|-singleturn|p2a: Sneasler|Protect\n|move|p2b: Clefable|Protect|p2b: Clefable\n|-singleturn|p2b: Clefable|Protect\n|move|p1a: Incineroar|Fake Out|p2a: Sneasler\n|-activate|p2a: Sneasler|move: Protect\n|move|p1b: Floette|Dazzling Gleam|p2a: Sneasler|[spread] \n|-activate|p2a: Sneasler|move: Protect\n|-activate|p2b: Clefable|move: Protect\n|\n|upkeep\n|turn|2\n|\n|t:|1776289376\n|move|p2b: Clefable|Helping Hand|p2a: Sneasler\n|-singleturn|p2a: Sneasler|Helping Hand|[of] p2b: Clefable\n|move|p2a: Sneasler|Dire Claw|p1b: Floette\n|-supereffective|p1b: Floette|1\n|-damage|p1b: Floette|0 fnt\n|faint|p1b: Floette\n|move|p1a: Incineroar|Parting Shot|p2a: Sneasler\n|-unboost|p2a: Sneasler|atk|1\n|-unboost|p2a: Sneasler|spa|1\n|\n|t:|1776289388\n|switch|p1a: Rotom|Rotom-Wash, L50, shiny|100/100|[from] Parting Shot\n|\n|upkeep\n|\n|t:|1776289389\n|switch|p1b: Sinistcha|Sinistcha, L50|100/100\n|turn|3\n|\n|t:|1776289403\n|switch|p2a: Kingambit|Kingambit, L50, F|100/100\n|move|p1a: Rotom|Thunderbolt|p2a: Kingambit\n|-damage|p2a: Kingambit|47/100\n|move|p1b: Sinistcha|Matcha Gotcha|p2a: Kingambit|[spread] p2a,p2b\n|-resisted|p2a: Kingambit|1\n|-damage|p2a: Kingambit|33/100\n|-damage|p2b: Clefable|83/100\n|-status|p2a: Kingambit|brn\n|-status|p2b: Clefable|brn\n|move|p2b: Clefable|Moonblast|p1a: Rotom\n|-damage|p1a: Rotom|59/100\n|\n|-damage|p2a: Kingambit|27/100 brn|[from] brn\n|-damage|p2b: Clefable|77/100 brn|[from] brn\n|upkeep\n|turn|4\n|\n|t:|1776289427\n|move|p2b: Clefable|Helping Hand|p2a: Kingambit\n|-singleturn|p2a: Kingambit|Helping Hand|[of] p2b: Clefable\n|move|p2a: Kingambit|Sucker Punch|p1b: Sinistcha\n|-supereffective|p1b: Sinistcha|1\n|-damage|p1b: Sinistcha|39/100\n|-enditem|p1b: Sinistcha|Sitrus Berry|[eat]\n|-heal|p1b: Sinistcha|64/100|[from] item: Sitrus Berry\n|move|p1a: Rotom|Thunderbolt|p2b: Clefable\n|-damage|p2b: Clefable|44/100 brn\n|-enditem|p2b: Clefable|Sitrus Berry|[eat]\n|-heal|p2b: Clefable|69/100 brn|[from] item: Sitrus Berry\n|move|p1b: Sinistcha|Matcha Gotcha|p2a: Kingambit|[spread] p2a,p2b\n|-resisted|p2a: Kingambit|1\n|-damage|p2a: Kingambit|12/100 brn\n|-heal|p1b: Sinistcha|72/100|[from] drain|[of] p2a: Kingambit\n|-damage|p2b: Clefable|52/100 brn\n|-heal|p1b: Sinistcha|81/100|[from] drain|[of] p2b: Clefable\n|\n|-damage|p2a: Kingambit|6/100 brn|[from] brn\n|-damage|p2b: Clefable|47/100 brn|[from] brn\n|upkeep\n|turn|5\n|\n|t:|1776289452\n|move|p2b: Clefable|Helping Hand|p2a: Kingambit\n|-singleturn|p2a: Kingambit|Helping Hand|[of] p2b: Clefable\n|move|p1b: Sinistcha|Rage Powder|p1b: Sinistcha\n|-singleturn|p1b: Sinistcha|move: Rage Powder\n|move|p2a: Kingambit|Sucker Punch||[still]\n|-fail|p2a: Kingambit\n|move|p1a: Rotom|Thunderbolt|p2b: Clefable\n|-damage|p2b: Clefable|13/100 brn\n|\n|-damage|p2a: Kingambit|0 fnt|[from] brn\n|faint|p2a: Kingambit\n|-damage|p2b: Clefable|7/100 brn|[from] brn\n|upkeep\n|\n|t:|1776289488\n|switch|p2a: Sneasler|Sneasler, L50, M|100/100\n|turn|6\n|\n|t:|1776289498\n|move|p2a: Sneasler|Fake Out|p1a: Rotom\n|-damage|p1a: Rotom|37/100\n|move|p1b: Sinistcha|Rage Powder|p1b: Sinistcha\n|-singleturn|p1b: Sinistcha|move: Rage Powder\n|cant|p1a: Rotom|flinch\n|move|p2b: Clefable|Moonblast|p1b: Sinistcha\n|-damage|p1b: Sinistcha|53/100\n|-unboost|p1b: Sinistcha|spa|1\n|\n|-damage|p2b: Clefable|1/100 brn|[from] brn\n|upkeep\n|turn|7\n|\n|t:|1776289509\n|move|p1b: Sinistcha|Rage Powder|p1b: Sinistcha\n|-singleturn|p1b: Sinistcha|move: Rage Powder\n|move|p1a: Rotom|Thunderbolt|p2a: Sneasler\n|-damage|p2a: Sneasler|39/100\n|move|p2a: Sneasler|Close Combat|p1b: Sinistcha\n|-immune|p1b: Sinistcha\n|move|p2b: Clefable|Moonblast|p1b: Sinistcha\n|-damage|p1b: Sinistcha|24/100\n|-unboost|p1b: Sinistcha|spa|1\n|\n|-damage|p2b: Clefable|0 fnt|[from] brn\n|faint|p2b: Clefable\n|upkeep\n|\n|t:|1776289513\n|switch|p2b: Basculegion|Basculegion, L50, M, shiny|100/100\n|turn|8\n|\n|t:|1776289525\n|move|p1b: Sinistcha|Rage Powder|p1b: Sinistcha\n|-singleturn|p1b: Sinistcha|move: Rage Powder\n|move|p2b: Basculegion|Last Respects|p1b: Sinistcha\n|-supereffective|p1b: Sinistcha|1\n|-damage|p1b: Sinistcha|0 fnt\n|faint|p1b: Sinistcha\n|move|p1a: Rotom|Thunderbolt|p2b: Basculegion\n|-supereffective|p2b: Basculegion|1\n|-crit|p2b: Basculegion\n|-damage|p2b: Basculegion|0 fnt\n|faint|p2b: Basculegion\n|move|p2a: Sneasler|Dire Claw|p1a: Rotom\n|-damage|p1a: Rotom|0 fnt\n|faint|p1a: Rotom\n|\n|upkeep\n|\n|t:|1776289534\n|switch|p1a: Incineroar|Incineroar, L50, F|100/100\n|-ability|p1a: Incineroar|Intimidate|boost\n|-unboost|p2a: Sneasler|atk|1\n|turn|9\n|\n|t:|1776289543\n|move|p2a: Sneasler|Close Combat|p1a: Incineroar\n|-supereffective|p1a: Incineroar|1\n|-damage|p1a: Incineroar|22/100\n|-unboost|p2a: Sneasler|def|1\n|-unboost|p2a: Sneasler|spd|1\n|move|p1a: Incineroar|Flare Blitz|p2a: Sneasler\n|-damage|p2a: Sneasler|0 fnt\n|faint|p2a: Sneasler\n|-damage|p1a: Incineroar|12/100|[from] Recoil\n|\n|win|Noobilio\n|raw|Noobilio's rating: 1324 &rarr; <strong>1339</strong><br />(+15 for winning)\n|raw|NearuRJ's rating: 1229 &rarr; <strong>1211</strong><br />(-18 for losing)\n",
  "uploadtime": 1776289548,
  "views": 40,
  "formatid": "gen9championsvgc2026regma",
  "rating": 1211,
  "private": 0,
  "password": null
}