{
  "id": "gen9championsvgc2026regma-2583069650",
  "format": "[Gen 9 Champions] VGC 2026 Reg M-A",
  "players": [
    "69ingIncineroar",
    "desupolca"
  ],
  "log": "|j|\u260669ingIncineroar\n|j|\u2606desupolca\n|t:|1776138642\n|gametype|doubles\n|player|p1|69ingIncineroar|266|1122\n|player|p2|desupolca|scientistf|1115\n|gen|9\n|tier|[Gen 9 Champions] VGC 2026 Reg M-A\n|rated|\n|rule|Species Clause: Limit one of each Pok\u00e9mon\n|rule|Item Clause: Limit 1 of each item\n|clearpoke\n|poke|p1|Sneasler, L50, F|\n|poke|p1|Kingambit, L50, M|\n|poke|p1|Garchomp, L50, F|\n|poke|p1|Basculegion, L50, M|\n|poke|p1|Delphox, L50, M|\n|poke|p1|Aerodactyl, L50, F|\n|poke|p2|Sylveon, L50, M|\n|poke|p2|Aerodactyl, L50, F|\n|poke|p2|Garchomp, L50, F|\n|poke|p2|Basculegion, L50, M|\n|poke|p2|Incineroar, L50, M|\n|poke|p2|Floette-Eternal, L50, F|\n|teampreview|4\n|inactive|Battle timer is ON: inactive players will automatically lose when time's up. (requested by 69ingIncineroar)\n|inactive|desupolca also wants the timer to be on.\n|inactive|69ingIncineroar has 60 seconds left.\n|\n|t:|1776138696\n|teamsize|p1|4\n|teamsize|p2|4\n|start\n|switch|p1a: Garchomp|Garchomp, L50, F|100/100\n|switch|p1b: Delphox|Delphox, L50, M, shiny|100/100\n|switch|p2a: Aerodactyl|Aerodactyl, L50, F|100/100\n|switch|p2b: Floette|Floette-Eternal, L50, F|100/100\n|-ability|p2a: Aerodactyl|Unnerve\n|turn|1\n|\n|t:|1776138717\n|switch|p1a: Kingambit|Kingambit, L50, M|100/100\n|detailschange|p1b: Delphox|Delphox-Mega, L50, M, shiny\n|-mega|p1b: Delphox|Delphox|Delphoxite\n|detailschange|p2b: Floette|Floette-Mega, L50, F\n|-mega|p2b: Floette|Floette|Floettite\n|-ability|p2b: Floette|Fairy Aura\n|move|p2b: Floette|Protect|p2b: Floette\n|-singleturn|p2b: Floette|Protect\n|move|p1b: Delphox|Heat Wave|p2b: Floette|[spread] p2a\n|-activate|p2b: Floette|move: Protect\n|-resisted|p2a: Aerodactyl|1\n|-damage|p2a: Aerodactyl|68/100\n|move|p2a: Aerodactyl|Tailwind|p2a: Aerodactyl\n|-sidestart|p2: desupolca|move: Tailwind\n|\n|upkeep\n|turn|2\n|inactive|69ingIncineroar has 30 seconds left.\n|inactive|desupolca has 30 seconds left.\n|\n|t:|1776138748\n|move|p1b: Delphox|Protect|p1b: Delphox\n|-singleturn|p1b: Delphox|Protect\n|move|p1a: Kingambit|Sucker Punch|p2a: Aerodactyl\n|-crit|p2a: Aerodactyl\n|-damage|p2a: Aerodactyl|0 fnt\n|faint|p2a: Aerodactyl\n|move|p2b: Floette|Moonblast|p1a: Kingambit\n|-damage|p1a: Kingambit|7/100\n|\n|upkeep\n|\n|t:|1776138758\n|switch|p2a: Sylveon|Sylveon, L50, M|100/100\n|turn|3\n|inactive|69ingIncineroar has 30 seconds left.\n|\n|t:|1776138792\n|move|p1a: Kingambit|Protect|p1a: Kingambit\n|-singleturn|p1a: Kingambit|Protect\n|move|p2b: Floette|Light of Ruin|p1b: Delphox\n|-resisted|p1b: Delphox|1\n|-damage|p1b: Delphox|40/100\n|-damage|p2b: Floette|70/100|[from] Recoil\n|move|p1b: Delphox|Psyshock|p2b: Floette\n|-damage|p2b: Floette|8/100\n|move|p2a: Sylveon|Hyper Voice|p1a: Kingambit|[spread] p1b\n|-activate|p1a: Kingambit|move: Protect\n|-resisted|p1b: Delphox|1\n|-damage|p1b: Delphox|8/100\n|\n|upkeep\n|turn|4\n|\n|t:|1776138811\n|switch|p2b: Basculegion|Basculegion, L50, M|100/100\n|move|p1b: Delphox|Protect|p1b: Delphox\n|-singleturn|p1b: Delphox|Protect\n|move|p1a: Kingambit|Sucker Punch||[still]\n|-fail|p1a: Kingambit\n|move|p2a: Sylveon|Hyper Voice|p1b: Delphox|[spread] p1a\n|-activate|p1b: Delphox|move: Protect\n|-damage|p1a: Kingambit|0 fnt\n|faint|p1a: Kingambit\n|\n|-sideend|p2: desupolca|move: Tailwind\n|upkeep\n|\n|t:|1776138823\n|switch|p1a: Basculegion|Basculegion, L50, M|100/100\n|turn|5\n|\n|t:|1776138838\n|move|p2b: Basculegion|Aqua Jet|p1b: Delphox\n|-supereffective|p1b: Delphox|1\n|-damage|p1b: Delphox|0 fnt\n|faint|p1b: Delphox\n|move|p1a: Basculegion|Last Respects|p2b: Basculegion\n|-supereffective|p2b: Basculegion|1\n|-damage|p2b: Basculegion|0 fnt\n|faint|p2b: Basculegion\n|move|p2a: Sylveon|Hyper Beam|p1a: Basculegion\n|-damage|p1a: Basculegion|0 fnt\n|-mustrecharge|p2a: Sylveon\n|faint|p1a: Basculegion\n|\n|upkeep\n|c|\u260669ingIncineroar|wpgg\n|\n|t:|1776138856\n|switch|p1b: Garchomp|Garchomp, L50, F|100/100\n|switch|p2b: Floette|Floette-Mega, L50, F|8/100\n|-ability|p2b: Floette|Fairy Aura\n|turn|6\n|\n|t:|1776138879\n|move|p2b: Floette|Protect|p2b: Floette\n|-singleturn|p2b: Floette|Protect\n|move|p1b: Garchomp|Earthquake|p2b: Floette|[spread] p2a\n|-activate|p2b: Floette|move: Protect\n|-crit|p2a: Sylveon\n|-damage|p2a: Sylveon|10/100\n|cant|p2a: Sylveon|recharge\n|\n|upkeep\n|turn|7\n|\n|t:|1776138898\n|move|p2b: Floette|Moonblast|p1b: Garchomp\n|-supereffective|p1b: Garchomp|1\n|-damage|p1b: Garchomp|0 fnt\n|faint|p1b: Garchomp\n|\n|win|desupolca\n|raw|69ingIncineroar's rating: 1122 &rarr; <strong>1096</strong><br />(-26 for losing)\n|raw|desupolca's rating: 1115 &rarr; <strong>1141</strong><br />(+26 for winning)\n",
  "uploadtime": 1776138912,
  "views": 15,
  "formatid": "gen9championsvgc2026regma",
  "rating": 1096,
  "private": 0,
  "password": null
}