{
  "id": "gen9championsvgc2026regma-2583754825",
  "format": "[Gen 9 Champions] VGC 2026 Reg M-A",
  "players": [
    "LumiBarks",
    "rocci"
  ],
  "log": "|j|\u2606LumiBarks\n|j|\u2606rocci\n|t:|1776195470\n|gametype|doubles\n|player|p1|LumiBarks|170|1028\n|player|p2|rocci|beauty-gen4dp|1118\n|gen|9\n|tier|[Gen 9 Champions] VGC 2026 Reg M-A\n|rated|\n|rule|Species Clause: Limit one of each Pok\u00e9mon\n|rule|Item Clause: Limit 1 of each item\n|clearpoke\n|poke|p1|Charizard, L50, F|\n|poke|p1|Floette-Eternal, L50, F|\n|poke|p1|Garchomp, L50, F|\n|poke|p1|Sneasler, L50, F|\n|poke|p1|Incineroar, L50, F|\n|poke|p1|Whimsicott, L50, F|\n|poke|p2|Sylveon, L50, F|\n|poke|p2|Slowbro, L50, F|\n|poke|p2|Tyranitar, L50, M|\n|poke|p2|Farigiraf, L50, F|\n|poke|p2|Clefable, L50, F|\n|poke|p2|Conkeldurr, L50, M|\n|teampreview|4\n|\n|t:|1776195514\n|teamsize|p1|4\n|teamsize|p2|4\n|start\n|switch|p1a: Floette|Floette-Eternal, L50, F|100/100\n|switch|p1b: Whimsicott|Whimsicott, L50, F|100/100\n|switch|p2a: Farigiraf|Farigiraf, L50, F|100/100\n|switch|p2b: Clefable|Clefable, L50, F|100/100\n|turn|1\n|\n|t:|1776195559\n|detailschange|p1a: Floette|Floette-Mega, L50, F\n|-mega|p1a: Floette|Floette|Floettite\n|-ability|p1a: Floette|Fairy Aura\n|move|p2b: Clefable|Follow Me|p2b: Clefable\n|-singleturn|p2b: Clefable|move: Follow Me\n|move|p1b: Whimsicott|Tailwind|p1b: Whimsicott\n|-sidestart|p1: LumiBarks|move: Tailwind\n|move|p1a: Floette|Dazzling Gleam|p2a: Farigiraf|[spread] p2a,p2b\n|-damage|p2a: Farigiraf|52/100\n|-damage|p2b: Clefable|52/100\n|move|p2a: Farigiraf|Trick Room|p2a: Farigiraf\n|-fieldstart|move: Trick Room|[of] p2a: Farigiraf\n|\n|upkeep\n|turn|2\n|\n|t:|1776195578\n|move|p2a: Farigiraf|Helping Hand|p2b: Clefable\n|-singleturn|p2b: Clefable|Helping Hand|[of] p2a: Farigiraf\n|move|p1b: Whimsicott|Encore||[still]\n|cant|p2a: Farigiraf|ability: Armor Tail|Encore|[of] p1b: Whimsicott\n|move|p2b: Clefable|Dazzling Gleam|p1a: Floette|[spread] p1a,p1b\n|-crit|p1b: Whimsicott\n|-damage|p1a: Floette|66/100\n|-damage|p1b: Whimsicott|28/100\n|move|p1a: Floette|Dazzling Gleam|p2b: Clefable|[spread] p2a,p2b\n|-damage|p2a: Farigiraf|8/100\n|-damage|p2b: Clefable|4/100\n|-enditem|p2a: Farigiraf|Sitrus Berry|[eat]\n|-heal|p2a: Farigiraf|33/100|[from] item: Sitrus Berry\n|\n|upkeep\n|turn|3\n|\n|t:|1776195606\n|move|p2a: Farigiraf|Helping Hand|p2b: Clefable\n|-singleturn|p2b: Clefable|Helping Hand|[of] p2a: Farigiraf\n|move|p2b: Clefable|Dazzling Gleam|p1a: Floette|[spread] p1a,p1b\n|-damage|p1a: Floette|33/100\n|-damage|p1b: Whimsicott|0 fnt\n|faint|p1b: Whimsicott\n|move|p1a: Floette|Draining Kiss|p2a: Farigiraf\n|-damage|p2a: Farigiraf|0 fnt\n|-heal|p1a: Floette|69/100|[from] drain|[of] p2a: Farigiraf\n|faint|p2a: Farigiraf\n|\n|upkeep\n|\n|t:|1776195618\n|switch|p2a: Sylveon|Sylveon, L50, F|100/100\n|switch|p1b: Sneasler|Sneasler, L50, F|100/100\n|turn|4\n|\n|t:|1776195638\n|move|p1b: Sneasler|Fake Out|p2b: Clefable\n|-damage|p2b: Clefable|0 fnt\n|faint|p2b: Clefable\n|move|p2a: Sylveon|Hyper Voice|p1b: Sneasler|[spread] p1a,p1b\n|-damage|p1a: Floette|9/100\n|-damage|p1b: Sneasler|13/100\n|move|p1a: Floette|Draining Kiss|p2a: Sylveon\n|-damage|p2a: Sylveon|69/100\n|-heal|p1a: Floette|40/100|[from] drain|[of] p2a: Sylveon\n|\n|-sideend|p1: LumiBarks|move: Tailwind\n|upkeep\n|\n|t:|1776195642\n|switch|p2b: Conkeldurr|Conkeldurr, L50, M|100/100\n|turn|5\n|\n|t:|1776195656\n|move|p1a: Floette|Protect|p1a: Floette\n|-singleturn|p1a: Floette|Protect\n|move|p1b: Sneasler|Protect|p1b: Sneasler\n|-singleturn|p1b: Sneasler|Protect\n|move|p2b: Conkeldurr|Poison Jab|p1a: Floette\n|-activate|p1a: Floette|move: Protect\n|move|p2a: Sylveon|Hyper Voice|p1b: Sneasler|[spread] \n|-activate|p1a: Floette|move: Protect\n|-activate|p1b: Sneasler|move: Protect\n|\n|-fieldend|move: Trick Room\n|upkeep\n|turn|6\n|\n|t:|1776195702\n|move|p2b: Conkeldurr|Wide Guard|p2b: Conkeldurr\n|-singleturn|p2b: Conkeldurr|Wide Guard\n|move|p1b: Sneasler|Dire Claw|p2a: Sylveon\n|-supereffective|p2a: Sylveon|1\n|-damage|p2a: Sylveon|0 fnt\n|faint|p2a: Sylveon\n|move|p1a: Floette|Draining Kiss|p2b: Conkeldurr\n|-supereffective|p2b: Conkeldurr|1\n|-damage|p2b: Conkeldurr|12/100\n|-heal|p1a: Floette|100/100|[from] drain|[of] p2b: Conkeldurr\n|\n|upkeep\n|turn|7\n|c|\u2606rocci|ggwp\n|-message|rocci forfeited.\n|\n|win|LumiBarks\n|raw|LumiBarks's rating: 1028 &rarr; <strong>1073</strong><br />(+45 for winning)\n|raw|rocci's rating: 1118 &rarr; <strong>1087</strong><br />(-31 for losing)\n",
  "uploadtime": 1776195714,
  "views": 29,
  "formatid": "gen9championsvgc2026regma",
  "rating": 1073,
  "private": 0,
  "password": null
}