{
  "id": "gen9championsvgc2026regma-2584306414",
  "format": "[Gen 9 Champions] VGC 2026 Reg M-A",
  "players": [
    "XtinguisheD",
    "Bachuchee"
  ],
  "log": "|j|\u2606XtinguisheD\n|j|\u2606Bachuchee\n|t:|1776249443\n|gametype|doubles\n|player|p1|XtinguisheD|cheren|1108\n|player|p2|Bachuchee|101|1122\n|gen|9\n|tier|[Gen 9 Champions] VGC 2026 Reg M-A\n|rated|\n|rule|Species Clause: Limit one of each Pok\u00e9mon\n|rule|Item Clause: Limit 1 of each item\n|clearpoke\n|poke|p1|Weavile, L50, F|\n|poke|p1|Vaporeon, L50, M|\n|poke|p1|Charizard, L50, F|\n|poke|p1|Meowscarada, L50, M|\n|poke|p1|Alakazam, L50, M|\n|poke|p1|Sableye, L50, M|\n|poke|p2|Pelipper, L50, F|\n|poke|p2|Dragonite, L50, M|\n|poke|p2|Archaludon, L50, M|\n|poke|p2|Sinistcha-Masterpiece, L50|\n|poke|p2|Sneasler, L50, M|\n|poke|p2|Basculegion, L50, M|\n|teampreview|4\n|\n|t:|1776249471\n|teamsize|p1|4\n|teamsize|p2|4\n|start\n|switch|p1a: Weavile|Weavile, L50, F, shiny|100/100\n|switch|p1b: Alakazam|Alakazam, L50, M|100/100\n|switch|p2a: Dragonite|Dragonite, L50, M|100/100\n|switch|p2b: Archaludon|Archaludon, L50, M|100/100\n|turn|1\n|\n|t:|1776249489\n|detailschange|p2a: Dragonite|Dragonite-Mega, L50, M\n|-mega|p2a: Dragonite|Dragonite|Dragoninite\n|move|p1a: Weavile|Fake Out|p2a: Dragonite\n|-damage|p2a: Dragonite|95/100\n|move|p1b: Alakazam|Focus Blast|p2b: Archaludon\n|-supereffective|p2b: Archaludon|1\n|-damage|p2b: Archaludon|0 fnt\n|faint|p2b: Archaludon\n|cant|p2a: Dragonite|flinch\n|\n|upkeep\n|\n|t:|1776249497\n|switch|p2b: Pelipper|Pelipper, L50, F|100/100\n|-weather|RainDance|[from] ability: Drizzle|[of] p2b: Pelipper\n|turn|2\n|\n|t:|1776249515\n|move|p1a: Weavile|Fling|p2a: Dragonite\n|-damage|p2a: Dragonite|82/100\n|-enditem|p1a: Weavile|King's Rock|[from] move: Fling\n|move|p1b: Alakazam|Dazzling Gleam|p2b: Pelipper|[spread] p2a,p2b\n|-supereffective|p2a: Dragonite|1\n|-damage|p2a: Dragonite|40/100\n|-damage|p2b: Pelipper|60/100\n|cant|p2a: Dragonite|flinch\n|move|p2b: Pelipper|Tailwind|p2b: Pelipper\n|-sidestart|p2: Bachuchee|move: Tailwind\n|\n|-weather|RainDance|[upkeep]\n|upkeep\n|turn|3\n|\n|t:|1776249530\n|move|p1a: Weavile|Helping Hand|p1b: Alakazam\n|-singleturn|p1b: Alakazam|Helping Hand|[of] p1a: Weavile\n|move|p2a: Dragonite|Draco Meteor|p1a: Weavile\n|-damage|p1a: Weavile|17/100\n|-unboost|p2a: Dragonite|spa|2\n|move|p2b: Pelipper|Hurricane|p1b: Alakazam\n|-damage|p1b: Alakazam|48/100\n|-start|p1b: Alakazam|confusion\n|-activate|p1b: Alakazam|confusion\n|move|p1b: Alakazam|Dazzling Gleam|p2b: Pelipper|[spread] p2a,p2b\n|-supereffective|p2a: Dragonite|1\n|-damage|p2a: Dragonite|0 fnt\n|-damage|p2b: Pelipper|0 fnt\n|faint|p2a: Dragonite\n|faint|p2b: Pelipper\n|\n|-weather|RainDance|[upkeep]\n|upkeep\n|\n|t:|1776249537\n|switch|p2b: Sneasler|Sneasler, L50, M|100/100\n|turn|4\n|\n|t:|1776249568\n|switch|p1b: Charizard|Charizard, L50, F|100/100\n|move|p1a: Weavile|Protect|p1a: Weavile\n|-singleturn|p1a: Weavile|Protect\n|move|p2b: Sneasler|Throat Chop|p1b: Charizard\n|-damage|p1b: Charizard|59/100\n|-start|p1b: Charizard|Throat Chop|[silent]\n|\n|-weather|RainDance|[upkeep]\n|upkeep\n|turn|5\n|\n|t:|1776249584\n|detailschange|p1b: Charizard|Charizard-Mega-Y, L50, F\n|-mega|p1b: Charizard|Charizard|Charizardite Y\n|-weather|SunnyDay|[from] ability: Drought|[of] p1b: Charizard\n|move|p1a: Weavile|Helping Hand|p1b: Charizard\n|-singleturn|p1b: Charizard|Helping Hand|[of] p1a: Weavile\n|move|p2b: Sneasler|Fake Out||[still]\n|-hint|Fake Out only works on your first turn out.\n|-fail|p2b: Sneasler\n|move|p1b: Charizard|Scorching Sands|p2b: Sneasler\n|-supereffective|p2b: Sneasler|1\n|-damage|p2b: Sneasler|0 fnt\n|faint|p2b: Sneasler\n|\n|win|XtinguisheD\n|raw|XtinguisheD's rating: 1108 &rarr; <strong>1134</strong><br />(+26 for winning)\n|raw|Bachuchee's rating: 1122 &rarr; <strong>1096</strong><br />(-26 for losing)\n|l|\u2606Bachuchee\n|player|p2|\n",
  "uploadtime": 1776249604,
  "views": 25,
  "formatid": "gen9championsvgc2026regma",
  "rating": 1096,
  "private": 0,
  "password": null
}