{
  "id": "gen9championsvgc2026regma-2584750048",
  "format": "[Gen 9 Champions] VGC 2026 Reg M-A",
  "players": [
    "Duckity",
    "karaikou"
  ],
  "log": "|j|\u2606Duckity\n|j|\u2606karaikou\n|t:|1776281003\n|gametype|doubles\n|player|p1|Duckity|265|1129\n|player|p2|karaikou|1|1130\n|gen|9\n|tier|[Gen 9 Champions] VGC 2026 Reg M-A\n|rated|\n|rule|Species Clause: Limit one of each Pok\u00e9mon\n|rule|Item Clause: Limit 1 of each item\n|clearpoke\n|poke|p1|Ceruledge, L50, F|\n|poke|p1|Sinistcha, L50|\n|poke|p1|Rotom-Wash, L50|\n|poke|p1|Garchomp, L50, F|\n|poke|p1|Aerodactyl, L50, F|\n|poke|p1|Clefable, L50, F|\n|poke|p2|Charizard, L50, M|\n|poke|p2|Aegislash, L50, F|\n|poke|p2|Maushold, L50|\n|poke|p2|Whimsicott, L50, M|\n|poke|p2|Farigiraf, L50, F|\n|poke|p2|Rotom-Wash, L50|\n|teampreview|4\n|\n|t:|1776281042\n|teamsize|p1|4\n|teamsize|p2|4\n|start\n|switch|p1a: Garchomp|Garchomp, L50, F|100/100\n|switch|p1b: Rotom|Rotom-Wash, L50|100/100\n|switch|p2a: Araion|Charizard, L50, M|100/100\n|switch|p2b: Oathbreaker|Aegislash, L50, F|100/100\n|turn|1\n|inactive|Battle timer is ON: inactive players will automatically lose when time's up. (requested by karaikou)\n|inactive|Duckity has 60 seconds left.\n|\n|t:|1776281086\n|detailschange|p2a: Araion|Charizard-Mega-X, L50, M\n|-mega|p2a: Araion|Charizard|Charizardite X\n|move|p2b: Oathbreaker|Wide Guard|p2b: Oathbreaker\n|-singleturn|p2b: Oathbreaker|Wide Guard\n|move|p1a: Garchomp|Rock Slide|p2a: Araion|[spread] \n|-activate|p2a: Araion|move: Wide Guard\n|-activate|p2b: Oathbreaker|move: Wide Guard\n|move|p2a: Araion|Breaking Swipe|p1b: Rotom|[spread] p1a,p1b\n|-supereffective|p1a: Garchomp|1\n|-damage|p1a: Garchomp|52/100\n|-damage|p1b: Rotom|60/100\n|-unboost|p1a: Garchomp|atk|1\n|-unboost|p1b: Rotom|atk|1\n|-damage|p2a: Araion|88/100|[from] ability: Rough Skin|[of] p1a: Garchomp\n|move|p1b: Rotom|Hydro Pump|p2a: Araion\n|-damage|p2a: Araion|26/100\n|\n|upkeep\n|turn|2\n|inactive|Duckity has 30 seconds left.\n|\n|t:|1776281112\n|switch|p2a: Whimsicott|Whimsicott, L50, M|100/100\n|move|p1a: Garchomp|Rock Slide|p2a: Whimsicott|[spread] p2a,p2b\n|-resisted|p2b: Oathbreaker|1\n|-damage|p2a: Whimsicott|81/100\n|-damage|p2b: Oathbreaker|95/100\n|move|p1b: Rotom|Electroweb|p2a: Whimsicott|[spread] p2b\n|-miss|p1b: Rotom|p2a: Whimsicott\n|-damage|p2b: Oathbreaker|82/100\n|-unboost|p2b: Oathbreaker|spe|1\n|-formechange|p2b: Oathbreaker|Aegislash-Blade|\n|move|p2b: Oathbreaker|Shadow Ball|p1a: Garchomp\n|-damage|p1a: Garchomp|9/100\n|\n|-heal|p2b: Oathbreaker|88/100|[from] item: Leftovers\n|upkeep\n|turn|3\n|inactive|Duckity has 30 seconds left.\n|inactive|Duckity has 20 seconds left.\n|\n|t:|1776281153\n|switch|p1a: Clefable|Clefable, L50, F|100/100\n|-formechange|p2b: Oathbreaker|Aegislash|\n|move|p2b: Oathbreaker|King's Shield|p2b: Oathbreaker\n|-singleturn|p2b: Oathbreaker|Protect\n|move|p2a: Whimsicott|Tailwind|p2a: Whimsicott\n|-sidestart|p2: karaikou|move: Tailwind\n|move|p1b: Rotom|Volt Switch|p2a: Whimsicott\n|-resisted|p2a: Whimsicott|1\n|-damage|p2a: Whimsicott|55/100\n|\n|t:|1776281167\n|switch|p1b: Ceruledge|Ceruledge, L50, F|100/100|[from] Volt Switch\n|\n|-heal|p2b: Oathbreaker|94/100|[from] item: Leftovers\n|upkeep\n|turn|4\n|inactive|Duckity has 30 seconds left.\n|\n|t:|1776281198\n|move|p2a: Whimsicott|Dazzling Gleam|p1b: Ceruledge|[spread] p1a,p1b\n|-resisted|p1b: Ceruledge|1\n|-damage|p1a: Clefable|83/100\n|-damage|p1b: Ceruledge|92/100\n|-formechange|p2b: Oathbreaker|Aegislash-Blade|\n|move|p2b: Oathbreaker|Flash Cannon|p1a: Clefable\n|-supereffective|p1a: Clefable|1\n|-damage|p1a: Clefable|10/100\n|move|p1b: Ceruledge|Bitter Blade|p2b: Oathbreaker\n|-supereffective|p2b: Oathbreaker|1\n|-damage|p2b: Oathbreaker|0 fnt\n|-heal|p1b: Ceruledge|100/100|[from] drain|[of] p2b: Oathbreaker\n|faint|p2b: Oathbreaker\n|move|p1a: Clefable|Moonblast|p2a: Whimsicott\n|-damage|p2a: Whimsicott|4/100\n|\n|upkeep\n|\n|t:|1776281211\n|switch|p2b: Maushold|Maushold, L50|100/100\n|turn|5\n|\n|t:|1776281226\n|move|p2a: Whimsicott|Dazzling Gleam|p1a: Clefable|[spread] p1a,p1b\n|-resisted|p1b: Ceruledge|1\n|-damage|p1a: Clefable|0 fnt\n|-damage|p1b: Ceruledge|91/100\n|faint|p1a: Clefable\n|move|p2b: Maushold|Thunder Wave|p1b: Ceruledge\n|-status|p1b: Ceruledge|par\n|move|p1b: Ceruledge|Bitter Blade|p2b: Maushold\n|-damage|p2b: Maushold|45/100\n|-heal|p1b: Ceruledge|100/100 par|[from] drain|[of] p2b: Maushold\n|\n|upkeep\n|\n|t:|1776281242\n|switch|p1a: Rotom|Rotom-Wash, L50|60/100\n|turn|6\n|\n|t:|1776281250\n|move|p2a: Whimsicott|Dazzling Gleam|p1b: Ceruledge|[spread] p1a,p1b\n|-resisted|p1b: Ceruledge|1\n|-damage|p1a: Rotom|30/100\n|-damage|p1b: Ceruledge|91/100 par\n|move|p2b: Maushold|Population Bomb|p1a: Rotom\n|-damage|p1a: Rotom|22/100\n|-damage|p1a: Rotom|14/100\n|-damage|p1a: Rotom|7/100\n|-damage|p1a: Rotom|0 fnt\n|faint|p1a: Rotom\n|-hitcount|p1: Rotom|4\n|move|p1b: Ceruledge|Bitter Blade|p2b: Maushold\n|-damage|p2b: Maushold|0 fnt\n|-heal|p1b: Ceruledge|100/100 par|[from] drain|[of] p2b: Maushold\n|faint|p2b: Maushold\n|\n|-sideend|p2: karaikou|move: Tailwind\n|upkeep\n|\n|t:|1776281269\n|switch|p2b: Araion|Charizard-Mega-X, L50, M|26/100\n|switch|p1a: Garchomp|Garchomp, L50, F|9/100\n|turn|7\n|\n|t:|1776281278\n|move|p2a: Whimsicott|Tailwind|p2a: Whimsicott\n|-sidestart|p2: karaikou|move: Tailwind\n|move|p2b: Araion|Breaking Swipe|p1b: Ceruledge|[spread] p1a,p1b\n|-supereffective|p1a: Garchomp|1\n|-damage|p1a: Garchomp|0 fnt\n|-damage|p1b: Ceruledge|68/100 par\n|-unboost|p1b: Ceruledge|atk|1\n|-damage|p2b: Araion|13/100|[from] ability: Rough Skin|[of] p1a: Garchomp\n|faint|p1a: Garchomp\n|move|p1b: Ceruledge|Bitter Blade|p2b: Araion\n|-resisted|p2b: Araion|2\n|-damage|p2b: Araion|5/100\n|-heal|p1b: Ceruledge|71/100 par|[from] drain|[of] p2b: Araion\n|\n|-heal|p1b: Ceruledge|77/100 par|[from] item: Leftovers\n|upkeep\n|turn|8\n|\n|t:|1776281298\n|move|p2b: Araion|Protect|p2b: Araion\n|-singleturn|p2b: Araion|Protect\n|move|p1b: Ceruledge|Protect|p1b: Ceruledge\n|-singleturn|p1b: Ceruledge|Protect\n|move|p2a: Whimsicott|Dazzling Gleam|p1b: Ceruledge\n|-activate|p1b: Ceruledge|move: Protect\n|\n|-heal|p1b: Ceruledge|83/100 par|[from] item: Leftovers\n|upkeep\n|turn|9\n|\n|t:|1776281311\n|move|p2a: Whimsicott|Encore|p1b: Ceruledge\n|-start|p1b: Ceruledge|Encore\n|move|p1b: Ceruledge|Protect||[still]\n|-fail|p1b: Ceruledge\n|move|p2b: Araion|Breaking Swipe|p1b: Ceruledge\n|-damage|p1b: Ceruledge|39/100 par\n|-unboost|p1b: Ceruledge|atk|1\n|\n|-heal|p1b: Ceruledge|45/100 par|[from] item: Leftovers\n|upkeep\n|turn|10\n|\n|t:|1776281324\n|move|p1b: Ceruledge|Protect|p1b: Ceruledge\n|-singleturn|p1b: Ceruledge|Protect\n|move|p2a: Whimsicott|Dazzling Gleam|p1b: Ceruledge\n|-activate|p1b: Ceruledge|move: Protect\n|move|p2b: Araion|Breaking Swipe|p1b: Ceruledge\n|-activate|p1b: Ceruledge|move: Protect\n|\n|-heal|p1b: Ceruledge|51/100 par|[from] item: Leftovers\n|-sideend|p2: karaikou|move: Tailwind\n|upkeep\n|turn|11\n|\n|t:|1776281336\n|move|p1b: Ceruledge|Protect||[still]\n|-fail|p1b: Ceruledge\n|move|p2a: Whimsicott|Tailwind|p2a: Whimsicott\n|-sidestart|p2: karaikou|move: Tailwind\n|move|p2b: Araion|Breaking Swipe|p1b: Ceruledge\n|-damage|p1b: Ceruledge|8/100 par\n|-unboost|p1b: Ceruledge|atk|1\n|\n|-heal|p1b: Ceruledge|14/100 par|[from] item: Leftovers\n|-end|p1b: Ceruledge|Encore\n|upkeep\n|turn|12\n|\n|t:|1776281349\n|move|p2a: Whimsicott|Encore|p1b: Ceruledge\n|-start|p1b: Ceruledge|Encore\n|move|p1b: Ceruledge|Protect|p1b: Ceruledge\n|-singleturn|p1b: Ceruledge|Protect\n|move|p2b: Araion|Breaking Swipe|p1b: Ceruledge\n|-activate|p1b: Ceruledge|move: Protect\n|\n|-heal|p1b: Ceruledge|20/100 par|[from] item: Leftovers\n|upkeep\n|turn|13\n|\n|t:|1776281363\n|cant|p1b: Ceruledge|par\n|move|p2a: Whimsicott|Dazzling Gleam|p1b: Ceruledge\n|-resisted|p1b: Ceruledge|1\n|-damage|p1b: Ceruledge|6/100 par\n|move|p2b: Araion|Breaking Swipe|p1b: Ceruledge\n|-damage|p1b: Ceruledge|0 fnt\n|faint|p1b: Ceruledge\n|\n|win|karaikou\n|raw|Duckity's rating: 1129 &rarr; <strong>1104</strong><br />(-25 for losing)\n|raw|karaikou's rating: 1130 &rarr; <strong>1155</strong><br />(+25 for winning)\n",
  "uploadtime": 1776281374,
  "views": 27,
  "formatid": "gen9championsvgc2026regma",
  "rating": 1104,
  "private": 0,
  "password": null
}