{
  "id": "gen9championsvgc2026regma-2583905340",
  "format": "[Gen 9 Champions] VGC 2026 Reg M-A",
  "players": [
    "Scaramouche_UwU6",
    "TheFrostyKnight"
  ],
  "log": "|j|\u2606Scaramouche_UwU6\n|j|\u2606TheFrostyKnight\n|t:|1776207088\n|gametype|doubles\n|player|p1|Scaramouche_UwU6|zinzolin|1107\n|player|p2|TheFrostyKnight|265|1110\n|gen|9\n|tier|[Gen 9 Champions] VGC 2026 Reg M-A\n|rated|\n|rule|Species Clause: Limit one of each Pok\u00e9mon\n|rule|Item Clause: Limit 1 of each item\n|clearpoke\n|poke|p1|Gyarados, L50, M|\n|poke|p1|Gengar, L50, M|\n|poke|p1|Incineroar, L50, M|\n|poke|p1|Ninetales-Alola, L50, F|\n|poke|p1|Corviknight, L50, M|\n|poke|p1|Garchomp, L50, M|\n|poke|p2|Gallade, L50, M|\n|poke|p2|Arcanine-Hisui, L50, M|\n|poke|p2|Alcremie, L50, F|\n|poke|p2|Slowking-Galar, L50, F|\n|poke|p2|Empoleon, L50, F|\n|poke|p2|Whimsicott, L50, F|\n|teampreview|4\n|\n|t:|1776207118\n|teamsize|p1|4\n|teamsize|p2|4\n|start\n|switch|p1a: Reins|Corviknight, L50, M, shiny|100/100\n|switch|p1b: Garchomp|Garchomp, L50, M|100/100\n|switch|p2a: Arcanine|Arcanine-Hisui, L50, M|100/100\n|switch|p2b: Empoleon|Empoleon, L50, F|100/100\n|-ability|p2a: Arcanine|Intimidate|boost\n|-ability|p1a: Reins|Mirror Armor\n|-unboost|p2a: Arcanine|atk|1\n|-unboost|p1b: Garchomp|atk|1\n|turn|1\n|inactive|Battle timer is ON: inactive players will automatically lose when time's up. (requested by Scaramouche_UwU6)\n|inactive|TheFrostyKnight has 60 seconds left.\n|\n|t:|1776207150\n|move|p1b: Garchomp|Earthquake|p2a: Arcanine|[spread] p2a,p2b\n|-immune|p1a: Reins\n|-supereffective|p2a: Arcanine|2\n|-supereffective|p2b: Empoleon|1\n|-enditem|p2a: Arcanine|Focus Sash\n|-damage|p2a: Arcanine|1/100\n|-damage|p2b: Empoleon|28/100\n|move|p2b: Empoleon|Blizzard|p1a: Reins|[spread] \n|-miss|p2b: Empoleon|p1a: Reins\n|-miss|p2b: Empoleon|p1b: Garchomp\n|move|p2a: Arcanine|Will-O-Wisp|p1b: Garchomp\n|-status|p1b: Garchomp|brn\n|move|p1a: Reins|Tailwind|p1a: Reins\n|-sidestart|p1: Scaramouche_UwU6|move: Tailwind\n|\n|-damage|p1b: Garchomp|95/100 brn|[from] brn\n|upkeep\n|turn|2\n|inactive|TheFrostyKnight has 30 seconds left.\n|\n|t:|1776207182\n|move|p1b: Garchomp|Earthquake|p2b: Empoleon|[spread] p2a,p2b\n|-immune|p1a: Reins\n|-supereffective|p2a: Arcanine|2\n|-supereffective|p2b: Empoleon|1\n|-damage|p2a: Arcanine|0 fnt\n|-damage|p2b: Empoleon|0 fnt\n|faint|p2a: Arcanine\n|faint|p2b: Empoleon\n|move|p1a: Reins|Body Press|p2: Arcanine|[notarget]\n|-fail|p1a: Reins\n|\n|-damage|p1b: Garchomp|89/100 brn|[from] brn\n|upkeep\n|\n|t:|1776207187\n|switch|p2b: Alcremie|Alcremie, L50, F|100/100\n|switch|p2a: Gallade|Gallade, L50, M, shiny|100/100\n|turn|3\n|\n|t:|1776207203\n|detailschange|p2a: Gallade|Gallade-Mega, L50, M, shiny\n|-mega|p2a: Gallade|Gallade|Galladite\n|move|p1b: Garchomp|Earthquake|p2b: Alcremie|[spread] p2a,p2b\n|-immune|p1a: Reins\n|-damage|p2a: Gallade|83/100\n|-damage|p2b: Alcremie|81/100\n|move|p1a: Reins|Brave Bird|p2b: Alcremie\n|-damage|p2b: Alcremie|32/100\n|-enditem|p2b: Alcremie|Sitrus Berry|[eat]\n|-heal|p2b: Alcremie|57/100|[from] item: Sitrus Berry\n|-damage|p1a: Reins|86/100|[from] Recoil\n|move|p2a: Gallade|Drain Punch|p1a: Reins\n|-damage|p1a: Reins|51/100\n|-heal|p2a: Gallade|100/100|[from] drain|[of] p1a: Reins\n|move|p2b: Alcremie|Draining Kiss|p1b: Garchomp\n|-supereffective|p1b: Garchomp|1\n|-damage|p1b: Garchomp|30/100 brn\n|-heal|p2b: Alcremie|100/100|[from] drain|[of] p1b: Garchomp\n|-damage|p2b: Alcremie|88/100|[from] ability: Rough Skin|[of] p1b: Garchomp\n|\n|-heal|p1a: Reins|57/100|[from] item: Leftovers\n|-damage|p1b: Garchomp|24/100 brn|[from] brn\n|upkeep\n|turn|4\n|inactive|TheFrostyKnight has 30 seconds left.\n|\n|t:|1776207229\n|move|p1b: Garchomp|Earthquake|p2a: Gallade|[spread] p2a,p2b\n|-immune|p1a: Reins\n|-damage|p2a: Gallade|80/100\n|-damage|p2b: Alcremie|70/100\n|move|p1a: Reins|Brave Bird|p2a: Gallade\n|-supereffective|p2a: Gallade|1\n|-damage|p2a: Gallade|0 fnt\n|faint|p2a: Gallade\n|-damage|p1a: Reins|38/100|[from] Recoil\n|move|p2b: Alcremie|Decorate|p2: Gallade|[notarget]\n|-fail|p2b: Alcremie\n|\n|-heal|p1a: Reins|44/100|[from] item: Leftovers\n|-damage|p1b: Garchomp|18/100 brn|[from] brn\n|-sideend|p1: Scaramouche_UwU6|move: Tailwind\n|upkeep\n|turn|5\n|\n|t:|1776207252\n|move|p1b: Garchomp|Earthquake|p2b: Alcremie|[spread] p2b\n|-immune|p1a: Reins\n|-damage|p2b: Alcremie|52/100\n|move|p1a: Reins|Brave Bird|p2b: Alcremie\n|-damage|p2b: Alcremie|0 fnt\n|faint|p2b: Alcremie\n|-damage|p1a: Reins|30/100|[from] Recoil\n|\n|win|Scaramouche_UwU6\n|raw|Scaramouche_UwU6's rating: 1107 &rarr; <strong>1132</strong><br />(+25 for winning)\n|raw|TheFrostyKnight's rating: 1110 &rarr; <strong>1085</strong><br />(-25 for losing)\n|l|\u2606TheFrostyKnight\n|player|p2|\n|c|\u2606Scaramouche_UwU6|holy hell Reins\n|c|\u2606Scaramouche_UwU6|good shit\n",
  "uploadtime": 1776207277,
  "views": 26,
  "formatid": "gen9championsvgc2026regma",
  "rating": 1085,
  "private": 0,
  "password": null
}