{
  "id": "gen9championsvgc2026regma-2581234517",
  "format": "[Gen 9 Champions] VGC 2026 Reg M-A",
  "players": [
    "maykeyjazz",
    "Nadoof"
  ],
  "log": "|j|\u2606maykeyjazz\n|j|\u2606Nadoof\n|t:|1775974195\n|gametype|doubles\n|player|p1|maykeyjazz|1|1045\n|player|p2|Nadoof|102|1022\n|gen|9\n|tier|[Gen 9 Champions] VGC 2026 Reg M-A\n|rated|\n|rule|Species Clause: Limit one of each Pok\u00e9mon\n|rule|Item Clause: Limit 1 of each item\n|clearpoke\n|poke|p1|Hydreigon, L50, M|\n|poke|p1|Incineroar, L50, M|\n|poke|p1|Gengar, L50, M|\n|poke|p1|Gyarados, L50, F|\n|poke|p1|Sinistcha, L50|\n|poke|p1|Clefable, L50, M|\n|poke|p2|Froslass, L50, F|\n|poke|p2|Whimsicott, L50, M|\n|poke|p2|Rotom-Frost, L50|\n|poke|p2|Incineroar, L50, F|\n|poke|p2|Gardevoir, L50, F|\n|poke|p2|Farigiraf, L50, F|\n|teampreview|4\n|inactive|Battle timer is ON: inactive players will automatically lose when time's up. (requested by Nadoof)\n|\n|t:|1775974232\n|teamsize|p1|4\n|teamsize|p2|4\n|start\n|switch|p1a: Gengar|Gengar, L50, M|100/100\n|switch|p1b: Gyarados|Gyarados, L50, F|100/100\n|switch|p2a: Froslass|Froslass, L50, F|100/100\n|switch|p2b: Whimsicott|Whimsicott, L50, M|100/100\n|-ability|p1b: Gyarados|Intimidate|boost\n|-unboost|p2a: Froslass|atk|1\n|-unboost|p2b: Whimsicott|atk|1\n|turn|1\n|\n|t:|1775974256\n|detailschange|p1a: Gengar|Gengar-Mega, L50, M\n|-mega|p1a: Gengar|Gengar|Gengarite\n|move|p2a: Froslass|Protect|p2a: Froslass\n|-singleturn|p2a: Froslass|Protect\n|move|p2b: Whimsicott|Tailwind|p2b: Whimsicott\n|-sidestart|p2: Nadoof|move: Tailwind\n|move|p1a: Gengar|Shadow Ball|p2a: Froslass\n|-activate|p2a: Froslass|move: Protect\n|move|p1b: Gyarados|Taunt|p2b: Whimsicott\n|-start|p2b: Whimsicott|move: Taunt\n|\n|upkeep\n|turn|2\n|inactive|maykeyjazz has 30 seconds left.\n|\n|t:|1775974290\n|switch|p2a: Incineroar|Incineroar, L50, F|100/100\n|-ability|p2a: Incineroar|Intimidate|boost\n|-unboost|p1a: Gengar|atk|1\n|-unboost|p1b: Gyarados|atk|1\n|move|p1a: Gengar|Protect|p1a: Gengar\n|-singleturn|p1a: Gengar|Protect\n|move|p2b: Whimsicott|Moonblast|p1a: Gengar\n|-activate|p1a: Gengar|move: Protect\n|move|p1b: Gyarados|Thunder Wave|p2a: Incineroar\n|-status|p2a: Incineroar|par\n|\n|upkeep\n|turn|3\n|inactive|maykeyjazz has 30 seconds left.\n|inactive|maykeyjazz has 20 seconds left.\n|\n|t:|1775974328\n|switch|p1a: Incineroar|Incineroar, L50, M|100/100\n|-ability|p1a: Incineroar|Intimidate|boost\n|-unboost|p2a: Incineroar|atk|1\n|-unboost|p2b: Whimsicott|atk|1\n|move|p2b: Whimsicott|Moonblast|p1a: Incineroar\n|-damage|p1a: Incineroar|66/100\n|-unboost|p1a: Incineroar|spa|1\n|move|p1b: Gyarados|Waterfall|p2a: Incineroar\n|-supereffective|p2a: Incineroar|1\n|-damage|p2a: Incineroar|58/100 par\n|move|p2a: Incineroar|Parting Shot|p1a: Incineroar\n|-unboost|p1a: Incineroar|atk|1\n|-unboost|p1a: Incineroar|spa|1\n|\n|t:|1775974342\n|switch|p2a: Rotom|Rotom-Frost, L50|100/100|[from] Parting Shot\n|\n|upkeep\n|turn|4\n|\n|t:|1775974365\n|switch|p2b: Incineroar|Incineroar, L50, F|58/100 par\n|-ability|p2b: Incineroar|Intimidate|boost\n|-unboost|p1a: Incineroar|atk|1\n|-unboost|p1b: Gyarados|atk|1\n|move|p1a: Incineroar|Fake Out|p2a: Rotom\n|-damage|p2a: Rotom|93/100\n|cant|p2a: Rotom|flinch\n|move|p1b: Gyarados|Thunder Wave|p2b: Incineroar\n|-fail|p2b: Incineroar|par\n|\n|-sideend|p2: Nadoof|move: Tailwind\n|upkeep\n|turn|5\n|inactive|maykeyjazz has 30 seconds left.\n|inactive|maykeyjazz has 20 seconds left.\n|inactive|maykeyjazz has 15 seconds left.\n|\n|t:|1775974407\n|switch|p1b: Hydreigon|Hydreigon, L50, M|100/100\n|move|p1a: Incineroar|Protect|p1a: Incineroar\n|-singleturn|p1a: Incineroar|Protect\n|move|p2a: Rotom|Volt Switch|p1b: Hydreigon\n|-resisted|p1b: Hydreigon|1\n|-damage|p1b: Hydreigon|83/100\n|\n|t:|1775974412\n|switch|p2a: Froslass|Froslass, L50, F|100/100|[from] Volt Switch\n|move|p2b: Incineroar|Parting Shot|p1a: Incineroar\n|-activate|p1a: Incineroar|move: Protect\n|\n|upkeep\n|turn|6\n|\n|t:|1775974436\n|detailschange|p2a: Froslass|Froslass-Mega, L50, F\n|-mega|p2a: Froslass|Froslass|Froslassite\n|-weather|Snowscape|[from] ability: Snow Warning|[of] p2a: Froslass\n|move|p1b: Hydreigon|Dark Pulse|p2a: Froslass\n|-supereffective|p2a: Froslass|1\n|-damage|p2a: Froslass|0 fnt\n|faint|p2a: Froslass\n|move|p1a: Incineroar|Parting Shot|p2b: Incineroar\n|-unboost|p2b: Incineroar|atk|1\n|-unboost|p2b: Incineroar|spa|1\n|\n|t:|1775974448\n|switch|p1a: Gyarados|Gyarados, L50, F|100/100|[from] Parting Shot\n|-ability|p1a: Gyarados|Intimidate|boost\n|-unboost|p2b: Incineroar|atk|1\n|move|p2b: Incineroar|Parting Shot|p1a: Gyarados\n|-unboost|p1a: Gyarados|atk|1\n|-unboost|p1a: Gyarados|spa|1\n|\n|t:|1775974454\n|switch|p2b: Rotom|Rotom-Frost, L50|93/100|[from] Parting Shot\n|\n|-weather|Snowscape|[upkeep]\n|upkeep\n|\n|t:|1775974456\n|switch|p2a: Whimsicott|Whimsicott, L50, M|100/100\n|turn|7\n|inactive|maykeyjazz has 30 seconds left.\n|inactive|maykeyjazz has 20 seconds left.\n|inactive|maykeyjazz has 15 seconds left.\n|inactive|maykeyjazz has 10 seconds left.\n|inactive|maykeyjazz has 5 seconds left.\n|\n|t:|1775974508\n|switch|p1b: Gengar|Gengar-Mega, L50, M|100/100\n|switch|p1a: Incineroar|Incineroar, L50, M|66/100\n|-ability|p1a: Incineroar|Intimidate|boost\n|-unboost|p2a: Whimsicott|atk|1\n|-unboost|p2b: Rotom|atk|1\n|move|p2a: Whimsicott|Tailwind|p2a: Whimsicott\n|-sidestart|p2: Nadoof|move: Tailwind\n|move|p2b: Rotom|Blizzard|p1b: Gengar|[spread] p1a,p1b\n|-resisted|p1a: Incineroar|1\n|-crit|p1b: Gengar\n|-damage|p1a: Incineroar|49/100\n|-damage|p1b: Gengar|38/100\n|-enditem|p1a: Incineroar|Sitrus Berry|[eat]\n|-heal|p1a: Incineroar|74/100|[from] item: Sitrus Berry\n|\n|-weather|Snowscape|[upkeep]\n|upkeep\n|turn|8\n|inactive|maykeyjazz has 30 seconds left.\n|\n|t:|1775974534\n|move|p2a: Whimsicott|Protect|p2a: Whimsicott\n|-singleturn|p2a: Whimsicott|Protect\n|move|p1a: Incineroar|Fake Out|p2b: Rotom\n|-damage|p2b: Rotom|83/100\n|cant|p2b: Rotom|flinch\n|move|p1b: Gengar|Perish Song|p1b: Gengar\n|-start|p1a: Incineroar|perish3|[silent]\n|-start|p1b: Gengar|perish3|[silent]\n|-start|p2a: Whimsicott|perish3|[silent]\n|-start|p2b: Rotom|perish3|[silent]\n|-fieldactivate|move: Perish Song\n|\n|-weather|Snowscape|[upkeep]\n|-start|p2b: Rotom|perish3\n|-start|p2a: Whimsicott|perish3\n|-start|p1b: Gengar|perish3\n|-start|p1a: Incineroar|perish3\n|upkeep\n|turn|9\n|inactive|maykeyjazz has 30 seconds left.\n|inactive|maykeyjazz has 20 seconds left.\n|inactive|maykeyjazz has 15 seconds left.\n|inactive|maykeyjazz has 10 seconds left.\n|inactive|maykeyjazz has 5 seconds left.\n|\n|t:|1775974586\n|switch|p1b: Gyarados|Gyarados, L50, F|100/100\n|-ability|p1b: Gyarados|Intimidate|boost\n|-unboost|p2a: Whimsicott|atk|1\n|-unboost|p2b: Rotom|atk|1\n|move|p2b: Rotom|Blizzard|p1b: Gyarados|[spread] p1a,p1b\n|-resisted|p1a: Incineroar|1\n|-damage|p1a: Incineroar|56/100\n|-damage|p1b: Gyarados|71/100\n|move|p2a: Whimsicott|Moonblast|p1a: Incineroar\n|-damage|p1a: Incineroar|24/100\n|move|p1a: Incineroar|Parting Shot|p2b: Rotom\n|-unboost|p2b: Rotom|atk|1\n|-unboost|p2b: Rotom|spa|1\n|\n|t:|1775974599\n|switch|p1a: Gengar|Gengar-Mega, L50, M|38/100|[from] Parting Shot\n|\n|-weather|Snowscape|[upkeep]\n|-heal|p1b: Gyarados|77/100|[from] item: Leftovers\n|-start|p2b: Rotom|perish2\n|-start|p2a: Whimsicott|perish2\n|upkeep\n|turn|10\n|inactive|maykeyjazz has 30 seconds left.\n|inactive|maykeyjazz has 20 seconds left.\n|inactive|maykeyjazz has 15 seconds left.\n|inactive|maykeyjazz has 10 seconds left.\n|inactive|maykeyjazz has 5 seconds left.\n|\n|t:|1775974654\n|move|p2a: Whimsicott|Protect|p2a: Whimsicott\n|-singleturn|p2a: Whimsicott|Protect\n|move|p1a: Gengar|Protect|p1a: Gengar\n|-singleturn|p1a: Gengar|Protect\n|move|p2b: Rotom|Blizzard|p1b: Gyarados|[spread] p1b\n|-activate|p1a: Gengar|move: Protect\n|-damage|p1b: Gyarados|54/100\n|move|p1b: Gyarados|Thunder Wave|p2a: Whimsicott\n|-activate|p2a: Whimsicott|move: Protect\n|\n|-weather|none\n|-heal|p1b: Gyarados|60/100|[from] item: Leftovers\n|-start|p2b: Rotom|perish1\n|-start|p2a: Whimsicott|perish1\n|-sideend|p2: Nadoof|move: Tailwind\n|upkeep\n|turn|11\n|inactive|maykeyjazz has 30 seconds left.\n|inactive|maykeyjazz has 20 seconds left.\n|inactive|maykeyjazz has 15 seconds left.\n|inactive|maykeyjazz has 10 seconds left.\n|inactive|maykeyjazz has 5 seconds left.\n|\n|t:|1775974707\n|switch|p1b: Incineroar|Incineroar, L50, M|24/100\n|-ability|p1b: Incineroar|Intimidate|boost\n|-unboost|p2a: Whimsicott|atk|1\n|-unboost|p2b: Rotom|atk|1\n|move|p2b: Rotom|Blizzard|p1a: Gengar|[spread] p1a,p1b\n|-resisted|p1b: Incineroar|1\n|-damage|p1a: Gengar|10/100\n|-damage|p1b: Incineroar|13/100\n|-status|p1b: Incineroar|frz\n|move|p1a: Gengar|Substitute|p1a: Gengar\n|-fail|p1a: Gengar|move: Substitute|[weak]\n|move|p2a: Whimsicott|Moonblast|p1b: Incineroar\n|-crit|p1b: Incineroar\n|-damage|p1b: Incineroar|0 fnt\n|faint|p1b: Incineroar\n|\n|-start|p2b: Rotom|perish0\n|-start|p2a: Whimsicott|perish0\n|upkeep\n|faint|p2b: Rotom\n|faint|p2a: Whimsicott\n|inactive|maykeyjazz has 10 seconds left this turn.\n|inactive|maykeyjazz has 5 seconds left.\n|-message|maykeyjazz lost due to inactivity.\n|\n|win|Nadoof\n|raw|maykeyjazz's rating: 1045 &rarr; <strong>1027</strong><br />(-18 for losing)\n|raw|Nadoof's rating: 1022 &rarr; <strong>1061</strong><br />(+39 for winning)\n|l|\u2606Nadoof\n|player|p2|\n",
  "uploadtime": 1775974891,
  "views": 30,
  "formatid": "gen9championsvgc2026regma",
  "rating": 1027,
  "private": 0,
  "password": null
}