{
  "id": "gen9championsvgc2026regma-2587326007",
  "format": "[Gen 9 Champions] VGC 2026 Reg M-A",
  "players": [
    "uywbfuybybfybysbf",
    "t7fu8"
  ],
  "log": "|j|\u2606uywbfuybybfybysbf\n|j|\u2606t7fu8\n|t:|1776522228\n|gametype|doubles\n|player|p1|uywbfuybybfybysbf|101|1070\n|player|p2|t7fu8|ethan|1093\n|gen|9\n|tier|[Gen 9 Champions] VGC 2026 Reg M-A\n|rated|\n|rule|Species Clause: Limit one of each Pok\u00e9mon\n|rule|Item Clause: Limit 1 of each item\n|clearpoke\n|poke|p1|Gardevoir, L50, F|\n|poke|p1|Pelipper, L50, M|\n|poke|p1|Kingambit, L50, F|\n|poke|p1|Dragapult, L50, F|\n|poke|p1|Raichu, L50, F|\n|poke|p1|Tinkaton, L50, F|\n|poke|p2|Dragapult, L50, F|\n|poke|p2|Maushold-Four, L50|\n|poke|p2|Pelipper, L50, M|\n|poke|p2|Archaludon, L50, M|\n|poke|p2|Sylveon, L50, M|\n|poke|p2|Froslass, L50, F|\n|teampreview|4\nuywbfuybybfybysbf rejected open team sheets.\n|\n|t:|1776522279\n|teamsize|p1|4\n|teamsize|p2|4\n|start\n|switch|p1a: Gardevoir|Gardevoir, L50, F|100/100\n|switch|p1b: Tinkaton|Tinkaton, L50, F|100/100\n|switch|p2a: Pelipper|Pelipper, L50, M|100/100\n|switch|p2b: Archaludon|Archaludon, L50, M|100/100\n|-weather|RainDance|[from] ability: Drizzle|[of] p2a: Pelipper\n|turn|1\n|\n|t:|1776522298\n|detailschange|p1a: Gardevoir|Gardevoir-Mega, L50, F\n|-mega|p1a: Gardevoir|Gardevoir|Gardevoirite\n|move|p1b: Tinkaton|Fake Out|p2a: Pelipper\n|-damage|p2a: Pelipper|87/100\n|move|p1a: Gardevoir|Aura Sphere|p2b: Archaludon\n|-supereffective|p2b: Archaludon|1\n|-damage|p2b: Archaludon|18/100\n|-ability|p2b: Archaludon|Stamina|boost\n|-boost|p2b: Archaludon|def|1\n|move|p2b: Archaludon|Flash Cannon|p1a: Gardevoir\n|-supereffective|p1a: Gardevoir|1\n|-damage|p1a: Gardevoir|9/100\n|-unboost|p1a: Gardevoir|spd|1\n|cant|p2a: Pelipper|flinch\n|\n|-weather|RainDance|[upkeep]\n|upkeep\n|turn|2\n|-activate|p2a: Pelipper|item: Quick Claw\n|\n|t:|1776522322\n|move|p1a: Gardevoir|Protect|p1a: Gardevoir\n|-singleturn|p1a: Gardevoir|Protect\n|move|p2a: Pelipper|Weather Ball|p1b: Tinkaton\n|-damage|p1b: Tinkaton|32/100\n|move|p1b: Tinkaton|Gigaton Hammer|p2b: Archaludon\n|-resisted|p2b: Archaludon|1\n|-damage|p2b: Archaludon|4/100\n|-ability|p2b: Archaludon|Stamina|boost\n|-boost|p2b: Archaludon|def|1\n|-heal|p1b: Tinkaton|33/100|[from] item: Shell Bell|[of] p2b: Archaludon\n|move|p2b: Archaludon|Flash Cannon|p1a: Gardevoir\n|-activate|p1a: Gardevoir|move: Protect\n|\n|-weather|RainDance|[upkeep]\n|upkeep\n|turn|3\n|\n|t:|1776522348\n|move|p1a: Gardevoir|Hyper Voice|p2b: Archaludon|[spread] p2a,p2b\n|-damage|p2a: Pelipper|0 fnt\n|-damage|p2b: Archaludon|0 fnt\n|faint|p2a: Pelipper\n|faint|p2b: Archaludon\n|move|p1b: Tinkaton|Wood Hammer|p2: Pelipper|[notarget]\n|-fail|p1b: Tinkaton\n|\n|-weather|RainDance|[upkeep]\n|upkeep\n|\n|t:|1776522356\n|switch|p2a: Froslass|Froslass, L50, F|100/100\n|switch|p2b: Sylveon|Sylveon, L50, M|100/100\n|turn|4\n|\n|t:|1776522379\n|detailschange|p2a: Froslass|Froslass-Mega, L50, F\n|-mega|p2a: Froslass|Froslass|Froslassite\n|-weather|Snowscape|[from] ability: Snow Warning|[of] p2a: Froslass\n|move|p1a: Gardevoir|Protect|p1a: Gardevoir\n|-singleturn|p1a: Gardevoir|Protect\n|move|p2b: Sylveon|Protect|p2b: Sylveon\n|-singleturn|p2b: Sylveon|Protect\n|move|p2a: Froslass|Blizzard|p1a: Gardevoir|[spread] p1b\n|-activate|p1a: Gardevoir|move: Protect\n|-resisted|p1b: Tinkaton|1\n|-damage|p1b: Tinkaton|13/100\n|-status|p1b: Tinkaton|frz\n|cant|p1b: Tinkaton|frz\n|\n|-weather|Snowscape|[upkeep]\n|upkeep\n|turn|5\n|\n|t:|1776522403\n|switch|p1a: Kingambit|Kingambit, L50, F|100/100\n|move|p2b: Sylveon|Quick Attack|p1a: Kingambit\n|-damage|p1a: Kingambit|91/100\n|move|p2a: Froslass|Blizzard|p1b: Tinkaton|[spread] p1a,p1b\n|-resisted|p1a: Kingambit|1\n|-resisted|p1b: Tinkaton|1\n|-damage|p1a: Kingambit|72/100\n|-damage|p1b: Tinkaton|0 fnt\n|faint|p1b: Tinkaton\n|\n|-weather|Snowscape|[upkeep]\n|upkeep\n|\n|t:|1776522422\n|switch|p1b: Gardevoir|Gardevoir-Mega, L50, F|9/100\n|turn|6\n|\n|t:|1776522432\n|move|p1b: Gardevoir|Protect|p1b: Gardevoir\n|-singleturn|p1b: Gardevoir|Protect\n|move|p2b: Sylveon|Quick Attack|p1b: Gardevoir\n|-activate|p1b: Gardevoir|move: Protect\n|move|p2a: Froslass|Aurora Veil|p2a: Froslass\n|-sidestart|p2: t7fu8|move: Aurora Veil\n|move|p1a: Kingambit|Kowtow Cleave|p2a: Froslass\n|-supereffective|p2a: Froslass|1\n|-damage|p2a: Froslass|43/100\n|\n|-weather|Snowscape|[upkeep]\n|upkeep\n|turn|7\n|\n|t:|1776522454\n|move|p1a: Kingambit|Sucker Punch||[still]\n|-fail|p1a: Kingambit\n|move|p2a: Froslass|Will-O-Wisp|p1a: Kingambit\n|-status|p1a: Kingambit|brn\n|move|p1b: Gardevoir|Moonblast|p2b: Sylveon\n|-damage|p2b: Sylveon|73/100\n|move|p2b: Sylveon|Hyper Voice|p1b: Gardevoir|[spread] p1a,p1b\n|-damage|p1a: Kingambit|33/100 brn\n|-damage|p1b: Gardevoir|0 fnt\n|faint|p1b: Gardevoir\n|\n|-weather|Snowscape|[upkeep]\n|-damage|p1a: Kingambit|28/100 brn|[from] brn\n|upkeep\n|\n|t:|1776522464\n|switch|p1b: Raichu|Raichu, L50, F|100/100\n|turn|8\n|\n|t:|1776522490\n|move|p2a: Froslass|Protect|p2a: Froslass\n|-singleturn|p2a: Froslass|Protect\n|move|p1b: Raichu|Protect|p1b: Raichu\n|-singleturn|p1b: Raichu|Protect\n|move|p1a: Kingambit|Sucker Punch||[still]\n|-fail|p1a: Kingambit\n|move|p2b: Sylveon|Hyper Voice|p1b: Raichu|[spread] p1a\n|-activate|p1b: Raichu|move: Protect\n|-damage|p1a: Kingambit|0 fnt\n|faint|p1a: Kingambit\n|\n|-weather|none\n|upkeep\n|turn|9\n|\n|t:|1776522511\n|move|p2a: Froslass|Blizzard|p1b: Raichu|[miss]\n|-miss|p2a: Froslass|p1b: Raichu\n|move|p1b: Raichu|Thunderbolt|p2a: Froslass\n|-damage|p2a: Froslass|17/100\n|move|p2b: Sylveon|Hyper Voice|p1b: Raichu\n|-damage|p1b: Raichu|21/100\n|\n|upkeep\n|turn|10\n|\n|t:|1776522528\n|move|p2a: Froslass|Blizzard|p1b: Raichu\n|-damage|p1b: Raichu|0 fnt\n|faint|p1b: Raichu\n|\n|win|t7fu8\n|raw|uywbfuybybfybysbf's rating: 1070 &rarr; <strong>1051</strong><br />(-19 for losing)\n|raw|t7fu8's rating: 1093 &rarr; <strong>1117</strong><br />(+24 for winning)\n|c|\u2606t7fu8|T\n|c|\u2606t7fu8|Gg\n|l|\u2606uywbfuybybfybysbf\n|player|p1|\n",
  "uploadtime": 1776522669,
  "views": 15,
  "formatid": "gen9championsvgc2026regma",
  "rating": 1051,
  "private": 0,
  "password": null
}