{
  "id": "gen9championsvgc2026regma-2586759098",
  "format": "[Gen 9 Champions] VGC 2026 Reg M-A",
  "players": [
    "TTT x",
    "yngtgr"
  ],
  "log": "|j|\u2606TTT x\n|j|\u2606yngtgr\n|t:|1776457654\n|gametype|doubles\n|player|p1|TTT x|#smogonxnpa2025draftee|\n|player|p2|yngtgr|266|\n|gen|9\n|tier|[Gen 9 Champions] VGC 2026 Reg M-A\n|rated|Tournament battle\n|rule|Species Clause: Limit one of each Pok\u00e9mon\n|rule|Item Clause: Limit 1 of each item\n|raw|<div class=\"infobox\"><details class=\"readmore\" open><summary><strong>1 custom rule:</strong></summary> Force Open Team Sheets</details></div>\n|clearpoke\n|poke|p1|Manectric, L50, F|\n|poke|p1|Archaludon, L50, F|\n|poke|p1|Sinistcha, L50|\n|poke|p1|Politoed, L50, F|\n|poke|p1|Scizor, L50, F|\n|poke|p1|Incineroar, L50, F|\n|poke|p2|Gengar, L50, F|\n|poke|p2|Incineroar, L50, M|\n|poke|p2|Kommo-o, L50, F|\n|poke|p2|Sinistcha, L50|\n|poke|p2|Tyranitar, L50, M|\n|poke|p2|Basculegion, L50, M|\n|teampreview|4\n|showteam|p1|Manectric||Manectite|LightningRod|VoltSwitch,Snarl,LightScreen,Protect|||F|||50|]Archaludon||Leftovers|Stamina|ElectroShot,DragonPulse,FlashCannon,Protect|||F|||50|]Sinistcha||KasibBerry|Hospitality|ShadowBall,LifeDew,RagePowder,Protect||||||50|]Politoed||SitrusBerry|Drizzle|WeatherBall,RainDance,Encore,Protect|||F|||50|]Scizor||Scizorite|Technician|BulletPunch,BugBite,SwordsDance,Protect|||F|||50|]Incineroar||ChopleBerry|Intimidate|FakeOut,FlareBlitz,WillOWisp,PartingShot|||F|||50|\n|showteam|p2|Gengar||Gengarite|CursedBody|ShadowBall,PerishSong,Taunt,Protect|||F|||50|]Incineroar||SitrusBerry|Intimidate|FakeOut,PartingShot,ThroatChop,Protect|||M|||50|]Kommo-o||Leftovers|Soundproof|ClangorousSoul,ClangingScales,AuraSphere,Protect|||F|||50|]Sinistcha||KasibBerry|Hospitality|MatchaGotcha,RagePowder,LifeDew,Protect||||||50|]Tyranitar||FocusSash|SandStream|RockSlide,KnockOff,LowKick,Protect|||M|||50|]Basculegion||ChoiceScarf|Adaptability|WaveCrash,LastRespects,FlipTurn,AquaJet|||M|||50|\n|j| someone#58\n|j| sille rovert\n|j|@Therazer456\n|j| 25Arcanines\n|l| sille rovert\n|j| La voz favorita\n|l| 25Arcanines\n|l| La voz favorita\n|j| Ducktile\n|j| 17 character name\n|j| qmurda\n|j| WishMkrLucy\n|j| Pickly_pancake\n|l| Pickly_pancake\n|j| vroummm\n|\n|t:|1776457834\n|teamsize|p1|4\n|teamsize|p2|4\n|start\n|switch|p1a: Politoed|Politoed, L50, F|100/100\n|switch|p1b: Sinistcha|Sinistcha, L50|100/100\n|switch|p2a: Gengar|Gengar, L50, F|100/100\n|switch|p2b: Kommo-o|Kommo-o, L50, F|100/100\n|-weather|RainDance|[from] ability: Drizzle|[of] p1a: Politoed\n|turn|1\n|l| vroummm\n|\n|t:|1776457853\n|detailschange|p2a: Gengar|Gengar-Mega, L50, F\n|-mega|p2a: Gengar|Gengar|Gengarite\n|move|p2a: Gengar|Taunt|p1a: Politoed\n|-start|p1a: Politoed|move: Taunt\n|move|p2b: Kommo-o|Clangorous Soul|p2b: Kommo-o\n|-boost|p2b: Kommo-o|atk|1\n|-boost|p2b: Kommo-o|def|1\n|-boost|p2b: Kommo-o|spa|1\n|-boost|p2b: Kommo-o|spd|1\n|-boost|p2b: Kommo-o|spe|1\n|-damage|p2b: Kommo-o|68/100\n|move|p1b: Sinistcha|Shadow Ball|p2a: Gengar\n|-supereffective|p2a: Gengar|1\n|-damage|p2a: Gengar|29/100\n|cant|p1a: Politoed|move: Taunt|Encore\n|\n|-weather|RainDance|[upkeep]\n|-heal|p2b: Kommo-o|74/100|[from] item: Leftovers\n|upkeep\n|turn|2\n|\n|t:|1776457881\n|move|p2a: Gengar|Protect|p2a: Gengar\n|-singleturn|p2a: Gengar|Protect\n|move|p1b: Sinistcha|Protect|p1b: Sinistcha\n|-singleturn|p1b: Sinistcha|Protect\n|move|p2b: Kommo-o|Clangorous Soul|p2b: Kommo-o\n|-boost|p2b: Kommo-o|atk|1\n|-boost|p2b: Kommo-o|def|1\n|-boost|p2b: Kommo-o|spa|1\n|-boost|p2b: Kommo-o|spd|1\n|-boost|p2b: Kommo-o|spe|1\n|-damage|p2b: Kommo-o|41/100\n|move|p1a: Politoed|Weather Ball|p2a: Gengar\n|-activate|p2a: Gengar|move: Protect\n|\n|-weather|RainDance|[upkeep]\n|-heal|p2b: Kommo-o|47/100|[from] item: Leftovers\n|upkeep\n|turn|3\n|\n|t:|1776457907\n|switch|p2a: Sinistcha|Sinistcha, L50, shiny|100/100\n|-heal|p2b: Kommo-o|71/100|[from] ability: Hospitality|[of] p2a: Sinistcha\n|move|p2b: Kommo-o|Clanging Scales|p1a: Politoed|[spread] p1a,p1b\n|-crit|p1a: Politoed\n|-damage|p1a: Politoed|30/100\n|-damage|p1b: Sinistcha|42/100\n|-enditem|p1a: Politoed|Sitrus Berry|[eat]\n|-heal|p1a: Politoed|55/100|[from] item: Sitrus Berry\n|-unboost|p2b: Kommo-o|def|1\n|move|p1b: Sinistcha|Shadow Ball|p2a: Sinistcha\n|-supereffective|p2a: Sinistcha|1\n|-enditem|p2a: Sinistcha|Kasib Berry|[eat]\n|-enditem|p2a: Sinistcha|Kasib Berry|[weaken]\n|-damage|p2a: Sinistcha|73/100\n|move|p1a: Politoed|Weather Ball|p2a: Sinistcha\n|-resisted|p2a: Sinistcha|1\n|-damage|p2a: Sinistcha|49/100\n|\n|-weather|RainDance|[upkeep]\n|-heal|p2b: Kommo-o|77/100|[from] item: Leftovers\n|-end|p1a: Politoed|move: Taunt\n|upkeep\n|turn|4\n|j| sille rovert\n|\n|t:|1776457926\n|switch|p1a: Scizor|Scizor, L50, F|100/100\n|move|p1b: Sinistcha|Protect|p1b: Sinistcha\n|-singleturn|p1b: Sinistcha|Protect\n|move|p2b: Kommo-o|Clanging Scales|p1a: Scizor|[spread] p1a\n|-activate|p1b: Sinistcha|move: Protect\n|-resisted|p1a: Scizor|1\n|-damage|p1a: Scizor|72/100\n|-unboost|p2b: Kommo-o|def|1\n|move|p2a: Sinistcha|Life Dew|p2a: Sinistcha|[spread] p2a,p2b\n|-heal|p2a: Sinistcha|75/100\n|-heal|p2b: Kommo-o|100/100\n|\n|-weather|RainDance|[upkeep]\n|upkeep\n|turn|5\n|\n|t:|1776457945\n|switch|p1b: Politoed|Politoed, L50, F|55/100\n|switch|p2a: Incineroar|Incineroar, L50, M|100/100\n|-ability|p2a: Incineroar|Intimidate|boost\n|-unboost|p1a: Scizor|atk|1\n|-unboost|p1b: Politoed|atk|1\n|detailschange|p1a: Scizor|Scizor-Mega, L50, F\n|-mega|p1a: Scizor|Scizor|Scizorite\n|move|p2b: Kommo-o|Clangorous Soul|p2b: Kommo-o\n|-boost|p2b: Kommo-o|atk|1\n|-boost|p2b: Kommo-o|def|1\n|-boost|p2b: Kommo-o|spa|1\n|-boost|p2b: Kommo-o|spd|1\n|-boost|p2b: Kommo-o|spe|1\n|-damage|p2b: Kommo-o|68/100\n|move|p1a: Scizor|Swords Dance|p1a: Scizor\n|-boost|p1a: Scizor|atk|2\n|\n|-weather|none\n|-heal|p2b: Kommo-o|74/100|[from] item: Leftovers\n|upkeep\n|turn|6\n|\n|t:|1776457958\n|switch|p1b: Archaludon|Archaludon, L50, F|100/100\n|move|p2b: Kommo-o|Protect|p2b: Kommo-o\n|-singleturn|p2b: Kommo-o|Protect\n|move|p1a: Scizor|Protect|p1a: Scizor\n|-singleturn|p1a: Scizor|Protect\n|move|p2a: Incineroar|Parting Shot|p1a: Scizor\n|-activate|p1a: Scizor|move: Protect\n|\n|-heal|p2b: Kommo-o|80/100|[from] item: Leftovers\n|upkeep\n|turn|7\n|\n|t:|1776457994\n|move|p2b: Kommo-o|Aura Sphere|p1a: Scizor\n|-damage|p1a: Scizor|16/100\n|move|p1b: Archaludon|Dragon Pulse|p2a: Incineroar\n|-damage|p2a: Incineroar|75/100\n|move|p1a: Scizor|Bug Bite|p2a: Incineroar\n|-damage|p2a: Incineroar|4/100\n|-enditem|p2a: Incineroar|Sitrus Berry|[from] stealeat|[move] Bug Bite|[of] p1a: Scizor\n|-heal|p1a: Scizor|41/100|[from] item: Sitrus Berry\n|move|p2a: Incineroar|Parting Shot|p1a: Scizor\n|-unboost|p1a: Scizor|atk|1\n|-unboost|p1a: Scizor|spa|1\n|j| OnToTheOther\n|\n|t:|1776458002\n|switch|p2a: Sinistcha|Sinistcha, L50, shiny|75/100|[from] Parting Shot\n|-heal|p2b: Kommo-o|100/100|[from] ability: Hospitality|[of] p2a: Sinistcha\n|\n|upkeep\n|turn|8\n|c|\u2606TTT x|Gg\n|l| sille rovert\n|-message|TTT x forfeited.\n|\n|win|yngtgr\n|n|\u2606TTT x|tttx\n|n|\u2606yngtgr|yngtgr\n|n| someone#58|someone58\n|n| Therazer456|therazer456\n|n| Ducktile|ducktile\n|n| 17 character name|17charactername\n|n| qmurda|qmurda\n|n| WishMkrLucy|wishmkrlucy\n|n| OnToTheOther|ontotheother\n|l|\u2606TTT x\n|player|p1|\n|j| 801344244a\n|l| Ducktile\n|j| shadow193\n|l| 801344244a\n|l| shadow193\n|l| someone#58\n",
  "uploadtime": 1776458014,
  "views": 112,
  "formatid": "gen9championsvgc2026regma",
  "rating": null,
  "private": 0,
  "password": null
}