{
  "id": "gen9championsvgc2026regma-2582637965",
  "format": "[Gen 9 Champions] VGC 2026 Reg M-A",
  "players": [
    "Avatar Kony",
    "RapidlyRN3"
  ],
  "log": "|j|\u2606Avatar Kony\n|j|\u2606RapidlyRN3\n|t:|1776104193\n|gametype|doubles\n|player|p1|Avatar Kony|sabrina-frlg|1040\n|player|p2|RapidlyRN3|benga|1113\n|gen|9\n|tier|[Gen 9 Champions] VGC 2026 Reg M-A\n|rated|\n|rule|Species Clause: Limit one of each Pok\u00e9mon\n|rule|Item Clause: Limit 1 of each item\n|clearpoke\n|poke|p1|Aerodactyl, L50, F|\n|poke|p1|Floette-Eternal, L50, F|\n|poke|p1|Incineroar, L50, F|\n|poke|p1|Sneasler, L50, M|\n|poke|p1|Basculegion, L50, M|\n|poke|p1|Garchomp, L50, M|\n|poke|p2|Maushold-Four, L50|\n|poke|p2|Garchomp, L50, M|\n|poke|p2|Rotom-Wash, L50|\n|poke|p2|Floette-Eternal, L50, F|\n|poke|p2|Talonflame, L50, M|\n|poke|p2|Aegislash, L50, M|\n|teampreview|4\n|j| creamyspot\n|n| gothsaga|creamyspot\nRapidlyRN3 rejected open team sheets.\n|inactive|Battle timer is ON: inactive players will automatically lose when time's up. (requested by RapidlyRN3)\n|inactive|Avatar Kony has 60 seconds left.\n|\n|t:|1776104246\n|teamsize|p1|4\n|teamsize|p2|4\n|start\n|switch|p1a: Aerodactyl|Aerodactyl, L50, F|100/100\n|switch|p1b: Floette|Floette-Eternal, L50, F|100/100\n|switch|p2a: Talonflame|Talonflame, L50, M|100/100\n|switch|p2b: Garchomp|Garchomp, L50, M|100/100\n|-ability|p1a: Aerodactyl|Unnerve\n|turn|1\n|inactive|Avatar Kony has 30 seconds left.\n|inactive|RapidlyRN3 has 30 seconds left.\n|\n|t:|1776104272\n|detailschange|p1b: Floette|Floette-Mega, L50, F\n|-mega|p1b: Floette|Floette|Floettite\n|-ability|p1b: Floette|Fairy Aura\n|move|p2a: Talonflame|Protect|p2a: Talonflame\n|-singleturn|p2a: Talonflame|Protect\n|move|p1a: Aerodactyl|Rock Slide|p2a: Talonflame|[spread] p2b\n|-activate|p2a: Talonflame|move: Protect\n|-resisted|p2b: Garchomp|1\n|-damage|p2b: Garchomp|88/100\n|move|p2b: Garchomp|Stone Edge|p1a: Aerodactyl\n|-supereffective|p1a: Aerodactyl|1\n|-enditem|p1a: Aerodactyl|Focus Sash\n|-damage|p1a: Aerodactyl|1/100\n|move|p1b: Floette|Moonblast|p2b: Garchomp\n|-supereffective|p2b: Garchomp|1\n|-damage|p2b: Garchomp|0 fnt\n|faint|p2b: Garchomp\n|\n|upkeep\n|\n|t:|1776104290\n|switch|p2b: Floette|Floette-Eternal, L50, F|100/100\n|turn|2\n|\n|t:|1776104303\n|move|p2b: Floette|Protect|p2b: Floette\n|-singleturn|p2b: Floette|Protect\n|move|p2a: Talonflame|Acrobatics|p1b: Floette\n|-damage|p1b: Floette|41/100\n|move|p1a: Aerodactyl|Rock Slide|p2a: Talonflame|[spread] p2a\n|-activate|p2b: Floette|move: Protect\n|-supereffective|p2a: Talonflame|2\n|-damage|p2a: Talonflame|0 fnt\n|faint|p2a: Talonflame\n|move|p1b: Floette|Light of Ruin|p2b: Floette\n|-activate|p2b: Floette|move: Protect\n|\n|upkeep\n|\n|t:|1776104310\n|switch|p2a: Maushold|Maushold-Four, L50|100/100\n|turn|3\n|j| Earl xx Sweatshirt\n|\n|t:|1776104334\n|detailschange|p2b: Floette|Floette-Mega, L50, F\n|-mega|p2b: Floette|Floette|Floettite\n|-ability|p2b: Floette|Fairy Aura\n|move|p2a: Maushold|Follow Me|p2a: Maushold\n|-singleturn|p2a: Maushold|move: Follow Me\n|move|p1a: Aerodactyl|Dual Wingbeat|p2a: Maushold\n|-damage|p2a: Maushold|78/100\n|-damage|p2a: Maushold|55/100\n|-hitcount|p2a: Maushold|2\n|move|p1b: Floette|Light of Ruin|p2a: Maushold\n|-damage|p2a: Maushold|0 fnt\n|faint|p2a: Maushold\n|-damage|p1b: Floette|9/100|[from] Recoil\n|move|p2b: Floette|Dazzling Gleam|p1a: Aerodactyl|[spread] p1a,p1b\n|-damage|p1a: Aerodactyl|0 fnt\n|-damage|p1b: Floette|0 fnt\n|faint|p1a: Aerodactyl\n|faint|p1b: Floette\n|\n|upkeep\n|\n|t:|1776104350\n|switch|p1a: Basculegion|Basculegion, L50, M|100/100\n|switch|p1b: Garchomp|Garchomp, L50, M|100/100\n|turn|4\n|\n|t:|1776104358\n|move|p1b: Garchomp|Protect|p1b: Garchomp\n|-singleturn|p1b: Garchomp|Protect\n|move|p1a: Basculegion|Wave Crash|p2b: Floette\n|-damage|p2b: Floette|11/100\n|-damage|p1a: Basculegion|73/100|[from] Recoil\n|move|p2b: Floette|Dazzling Gleam|p1a: Basculegion|[spread] p1a\n|-activate|p1b: Garchomp|move: Protect\n|-damage|p1a: Basculegion|10/100\n|\n|upkeep\n|turn|5\n|\n|t:|1776104369\n|move|p1a: Basculegion|Wave Crash|p2b: Floette\n|-damage|p2b: Floette|0 fnt\n|faint|p2b: Floette\n|-damage|p1a: Basculegion|7/100|[from] Recoil\n|\n|win|Avatar Kony\n|raw|Avatar Kony's rating: 1040 &rarr; <strong>1081</strong><br />(+41 for winning)\n|raw|RapidlyRN3's rating: 1113 &rarr; <strong>1083</strong><br />(-30 for losing)\n|c|\u2606Avatar Kony|gg\n",
  "uploadtime": 1776104376,
  "views": 26,
  "formatid": "gen9championsvgc2026regma",
  "rating": 1081,
  "private": 0,
  "password": null
}