{
  "id": "gen9championsvgc2026regma-2582914497",
  "format": "[Gen 9 Champions] VGC 2026 Reg M-A",
  "players": [
    "4nil0m",
    "tr8ubl3"
  ],
  "log": "|j|\u26064nil0m\n|j|\u2606tr8ubl3\n|t:|1776124559\n|gametype|doubles\n|player|p1|4nil0m|101|1038\n|player|p2|tr8ubl3|flannery|1021\n|gen|9\n|tier|[Gen 9 Champions] VGC 2026 Reg M-A\n|rated|\n|rule|Species Clause: Limit one of each Pok\u00e9mon\n|rule|Item Clause: Limit 1 of each item\n|clearpoke\n|poke|p1|Meowstic, L50, M|\n|poke|p1|Sinistcha, L50|\n|poke|p1|Delphox, L50, F|\n|poke|p1|Orthworm, L50, F|\n|poke|p1|Basculegion, L50, M|\n|poke|p1|Garchomp, L50, M|\n|poke|p2|Gengar, L50, M|\n|poke|p2|Incineroar, L50, M|\n|poke|p2|Sinistcha, L50|\n|poke|p2|Sneasler, L50, F|\n|poke|p2|Basculegion, L50, M|\n|poke|p2|Pelipper, L50, F|\n|teampreview|4\n|\n|t:|1776124587\n|teamsize|p1|4\n|teamsize|p2|4\n|start\n|switch|p1a: Meowstic|Meowstic, L50, M|100/100\n|switch|p1b: Basculegion|Basculegion, L50, M|100/100\n|switch|p2a: Basculegion|Basculegion, L50, M|100/100\n|switch|p2b: Pelipper|Pelipper, L50, F|100/100\n|-weather|RainDance|[from] ability: Drizzle|[of] p2b: Pelipper\n|turn|1\n|\n|t:|1776124632\n|move|p1a: Meowstic|Psychic Terrain|p1a: Meowstic\n|-fieldstart|move: Psychic Terrain\n|move|p1b: Basculegion|Chilling Water|p2a: Basculegion\n|-resisted|p2a: Basculegion|1\n|-damage|p2a: Basculegion|83/100\n|-unboost|p2a: Basculegion|atk|1\n|move|p2a: Basculegion|Wave Crash|p1a: Meowstic\n|-enditem|p1a: Meowstic|Focus Sash\n|-damage|p1a: Meowstic|1/100\n|-damage|p2a: Basculegion|53/100|[from] Recoil\n|move|p2b: Pelipper|Hurricane|p1b: Basculegion\n|-damage|p1b: Basculegion|55/100\n|\n|-weather|RainDance|[upkeep]\n|upkeep\n|turn|2\n|\n|t:|1776124653\n|move|p1a: Meowstic|Gravity|p1a: Meowstic\n|-fieldstart|move: Gravity\n|move|p1b: Basculegion|Chilling Water|p2a: Basculegion\n|-resisted|p2a: Basculegion|1\n|-damage|p2a: Basculegion|37/100\n|-unboost|p2a: Basculegion|atk|1\n|move|p2a: Basculegion|Wave Crash|p1a: Meowstic\n|-damage|p1a: Meowstic|0 fnt\n|faint|p1a: Meowstic\n|-damage|p2a: Basculegion|36/100|[from] Recoil\n|move|p2b: Pelipper|Tailwind|p2b: Pelipper\n|-sidestart|p2: tr8ubl3|move: Tailwind\n|\n|-weather|RainDance|[upkeep]\n|upkeep\n|\n|t:|1776124669\n|switch|p1a: Sinistcha|Sinistcha, L50|100/100\n|-heal|p1b: Basculegion|80/100|[from] ability: Hospitality|[of] p1a: Sinistcha\n|turn|3\n|\n|t:|1776124687\n|switch|p2a: Sinistcha|Sinistcha, L50|100/100\n|switch|p1b: Delphox|Delphox, L50, F|100/100\n|move|p2b: Pelipper|Hurricane|p1a: Sinistcha\n|-supereffective|p1a: Sinistcha|1\n|-damage|p1a: Sinistcha|16/100\n|-enditem|p1a: Sinistcha|Sitrus Berry|[eat]\n|-heal|p1a: Sinistcha|41/100|[from] item: Sitrus Berry\n|move|p1a: Sinistcha|Shadow Ball|p2a: Sinistcha\n|-supereffective|p2a: Sinistcha|1\n|-damage|p2a: Sinistcha|35/100\n|-unboost|p2a: Sinistcha|spd|1\n|\n|-weather|RainDance|[upkeep]\n|upkeep\n|turn|4\n|c|\u26064nil0m|ryoiki tenkai\n|\n|t:|1776124716\n|detailschange|p1b: Delphox|Delphox-Mega, L50, F\n|-mega|p1b: Delphox|Delphox|Delphoxite\n|move|p1a: Sinistcha|Rage Powder|p1a: Sinistcha\n|-singleturn|p1a: Sinistcha|move: Rage Powder\n|move|p1b: Delphox|Expanding Force|p2b: Pelipper|[spread] p2a,p2b\n|-damage|p2a: Sinistcha|0 fnt\n|-damage|p2b: Pelipper|6/100\n|faint|p2a: Sinistcha\n|move|p2b: Pelipper|Weather Ball|p1a: Sinistcha\n|-resisted|p1a: Sinistcha|1\n|-damage|p1a: Sinistcha|15/100\n|\n|-weather|RainDance|[upkeep]\n|-heal|p2b: Pelipper|12/100|[from] item: Leftovers\n|upkeep\n|\n|t:|1776124727\n|switch|p2a: Incineroar|Incineroar, L50, M|100/100\n|-ability|p2a: Incineroar|Intimidate|boost\n|-unboost|p1a: Sinistcha|atk|1\n|-unboost|p1b: Delphox|atk|1\n|turn|5\n|\n|t:|1776124757\n|move|p1b: Delphox|Protect|p1b: Delphox\n|-singleturn|p1b: Delphox|Protect\n|move|p2b: Pelipper|Weather Ball|p1b: Delphox\n|-activate|p1b: Delphox|move: Protect\n|move|p2a: Incineroar|Darkest Lariat|p1b: Delphox\n|-activate|p1b: Delphox|move: Protect\n|move|p1a: Sinistcha|Matcha Gotcha|p2b: Pelipper|[spread] p2a,p2b\n|-resisted|p2a: Incineroar|1\n|-damage|p2a: Incineroar|89/100\n|-heal|p1a: Sinistcha|21/100|[from] drain|[of] p2a: Incineroar\n|-damage|p2b: Pelipper|0 fnt\n|-heal|p1a: Sinistcha|27/100|[from] drain|[of] p2b: Pelipper\n|faint|p2b: Pelipper\n|\n|-weather|none\n|-sideend|p2: tr8ubl3|move: Tailwind\n|-fieldend|move: Psychic Terrain\n|upkeep\n|\n|t:|1776124763\n|switch|p2b: Basculegion|Basculegion, L50, M|36/100\n|turn|6\n|\n|t:|1776124790\n|move|p1a: Sinistcha|Rage Powder|p1a: Sinistcha\n|-singleturn|p1a: Sinistcha|move: Rage Powder\n|move|p1b: Delphox|Dazzling Gleam|p2a: Incineroar|[spread] p2a,p2b\n|-damage|p2a: Incineroar|67/100\n|-damage|p2b: Basculegion|6/100\n|move|p2b: Basculegion|Wave Crash|p1a: Sinistcha\n|-resisted|p1a: Sinistcha|1\n|-damage|p1a: Sinistcha|0 fnt\n|faint|p1a: Sinistcha\n|-damage|p2b: Basculegion|0 fnt|[from] Recoil\n|faint|p2b: Basculegion\n|move|p2a: Incineroar|Darkest Lariat|p1b: Delphox\n|-supereffective|p1b: Delphox|1\n|-damage|p1b: Delphox|0 fnt\n|faint|p1b: Delphox\n|\n|-fieldend|move: Gravity\n|upkeep\n|\n|t:|1776124806\n|switch|p1b: Basculegion|Basculegion, L50, M|80/100\n|turn|7\n|\n|t:|1776124829\n|move|p1b: Basculegion|Wave Crash|p2a: Incineroar\n|-supereffective|p2a: Incineroar|1\n|-damage|p2a: Incineroar|0 fnt\n|faint|p2a: Incineroar\n|-damage|p1b: Basculegion|57/100|[from] Recoil\n|\n|win|4nil0m\n|raw|4nil0m's rating: 1038 &rarr; <strong>1071</strong><br />(+33 for winning)\n|raw|tr8ubl3's rating: 1021 &rarr; <strong>1008</strong><br />(-13 for losing)\n|l|\u2606tr8ubl3\n|player|p2|\n",
  "uploadtime": 1776124836,
  "views": 28,
  "formatid": "gen9championsvgc2026regma",
  "rating": 1008,
  "private": 0,
  "password": null
}