{
  "id": "gen9championsvgc2026regma-2586048338",
  "format": "[Gen 9 Champions] VGC 2026 Reg M-A",
  "players": [
    "loklastaji",
    "jinxed_lll"
  ],
  "log": "|j|\u2606loklastaji\n|j|\u2606jinxed_lll\n|t:|1776393637\n|gametype|doubles\n|player|p1|loklastaji|170|1110\n|player|p2|jinxed_lll|lady-gen4|1155\n|gen|9\n|tier|[Gen 9 Champions] VGC 2026 Reg M-A\n|rated|\n|rule|Species Clause: Limit one of each Pok\u00e9mon\n|rule|Item Clause: Limit 1 of each item\n|clearpoke\n|poke|p1|Samurott-Hisui, L50, M|\n|poke|p1|Delphox, L50, F|\n|poke|p1|Tinkaton, L50, F|\n|poke|p1|Decidueye-Hisui, L50, M|\n|poke|p1|Dragonite, L50, F|\n|poke|p1|Farigiraf, L50, F|\n|poke|p2|Excadrill, L50, M|\n|poke|p2|Tyranitar, L50, F|\n|poke|p2|Sinistcha-Masterpiece, L50|\n|poke|p2|Primarina, L50, M|\n|poke|p2|Incineroar, L50, M|\n|poke|p2|Corviknight, L50, F|\n|teampreview|4\n|\n|t:|1776393700\n|teamsize|p1|4\n|teamsize|p2|4\n|start\n|switch|p1a: Dragonite|Dragonite, L50, F|100/100\n|switch|p1b: Tinkaton|Tinkaton, L50, F|100/100\n|switch|p2a: Kamina|Tyranitar, L50, F, shiny|100/100\n|switch|p2b: Simon|Excadrill, L50, M|100/100\n|-weather|Sandstorm|[from] ability: Sand Stream|[of] p2a: Kamina\n|turn|1\n|\n|t:|1776393743\n|switch|p1a: Decidueye|Decidueye-Hisui, L50, M|100/100\n|detailschange|p2a: Kamina|Tyranitar-Mega, L50, F, shiny\n|-mega|p2a: Kamina|Tyranitar|Tyranitarite\n|move|p1b: Tinkaton|Fake Out|p2b: Simon\n|-resisted|p2b: Simon|1\n|-damage|p2b: Simon|93/100\n|cant|p2b: Simon|flinch\n|move|p2a: Kamina|Rock Slide|p1a: Decidueye|[spread] p1a,p1b\n|-resisted|p1a: Decidueye|1\n|-resisted|p1b: Tinkaton|1\n|-damage|p1a: Decidueye|78/100\n|-damage|p1b: Tinkaton|75/100\n|\n|-weather|Sandstorm|[upkeep]\n|-damage|p1a: Decidueye|72/100|[from] Sandstorm\n|upkeep\n|turn|2\n|\n|t:|1776393766\n|move|p2a: Kamina|Protect|p2a: Kamina\n|-singleturn|p2a: Kamina|Protect\n|move|p2b: Simon|Earthquake|p1b: Tinkaton|[spread] p1a,p1b\n|-activate|p2a: Kamina|move: Protect\n|-resisted|p1a: Decidueye|1\n|-supereffective|p1b: Tinkaton|1\n|-damage|p1a: Decidueye|45/100\n|-damage|p1b: Tinkaton|0 fnt\n|faint|p1b: Tinkaton\n|move|p1a: Decidueye|Close Combat|p2b: Simon\n|-supereffective|p2b: Simon|1\n|-damage|p2b: Simon|0 fnt\n|-unboost|p1a: Decidueye|def|1\n|-unboost|p1a: Decidueye|spd|1\n|faint|p2b: Simon\n|\n|-weather|Sandstorm|[upkeep]\n|-damage|p1a: Decidueye|39/100|[from] Sandstorm\n|upkeep\n|\n|t:|1776393784\n|switch|p1b: Samurott|Samurott-Hisui, L50, M|100/100\n|switch|p2b: Beastman no.43|Incineroar, L50, M, shiny|100/100\n|-ability|p2b: Beastman no.43|Intimidate|boost\n|-fail|p1a: Decidueye|unboost|Attack|[from] ability: Scrappy|[of] p1a: Decidueye\n|-unboost|p1b: Samurott|atk|1\n|-enditem|p1b: Samurott|White Herb\n|-clearnegativeboost|p1b: Samurott|[silent]\n|turn|3\n|\n|t:|1776393810\n|move|p2b: Beastman no.43|Fake Out|p1a: Decidueye\n|-damage|p1a: Decidueye|13/100\n|cant|p1a: Decidueye|flinch\n|move|p1b: Samurott|Sacred Sword|p2a: Kamina\n|-supereffective|p2a: Kamina|2\n|-damage|p2a: Kamina|0 fnt\n|faint|p2a: Kamina\n|\n|-weather|Sandstorm|[upkeep]\n|-damage|p1a: Decidueye|7/100|[from] Sandstorm\n|-damage|p1b: Samurott|95/100|[from] Sandstorm\n|-damage|p2b: Beastman no.43|95/100|[from] Sandstorm\n|upkeep\n|\n|t:|1776393818\n|switch|p2a: Matcha|Sinistcha-Masterpiece, L50|100/100\n|-heal|p2b: Beastman no.43|100/100|[from] ability: Hospitality|[of] p2a: Matcha\n|turn|4\n|\n|t:|1776393829\n|move|p2b: Beastman no.43|Protect|p2b: Beastman no.43\n|-singleturn|p2b: Beastman no.43|Protect\n|move|p1a: Decidueye|Close Combat|p2b: Beastman no.43\n|-activate|p2b: Beastman no.43|move: Protect\n|move|p1b: Samurott|Ceaseless Edge|p2a: Matcha\n|-supereffective|p2a: Matcha|1\n|-damage|p2a: Matcha|22/100\n|-sidestart|p2: jinxed_lll|Spikes\n|-enditem|p2a: Matcha|Sitrus Berry|[eat]\n|-heal|p2a: Matcha|47/100|[from] item: Sitrus Berry\n|move|p2a: Matcha|Matcha Gotcha|p1b: Samurott|[spread] p1a,p1b\n|-resisted|p1a: Decidueye|1\n|-supereffective|p1b: Samurott|1\n|-damage|p1a: Decidueye|0 fnt\n|-heal|p2a: Matcha|50/100|[from] drain|[of] p1a: Decidueye\n|-damage|p1b: Samurott|19/100\n|-heal|p2a: Matcha|86/100|[from] drain|[of] p1b: Samurott\n|faint|p1a: Decidueye\n|\n|-weather|Sandstorm|[upkeep]\n|-damage|p1b: Samurott|13/100|[from] Sandstorm\n|-damage|p2b: Beastman no.43|95/100|[from] Sandstorm\n|-damage|p2a: Matcha|80/100|[from] Sandstorm\n|upkeep\n|\n|t:|1776393852\n|switch|p1a: Dragonite|Dragonite, L50, F|100/100\n|turn|5\n|\n|t:|1776393863\n|detailschange|p1a: Dragonite|Dragonite-Mega, L50, F\n|-mega|p1a: Dragonite|Dragonite|Dragoninite\n|move|p1a: Dragonite|Air Slash|p2a: Matcha\n|-supereffective|p2a: Matcha|1\n|-damage|p2a: Matcha|0 fnt\n|faint|p2a: Matcha\n|move|p1b: Samurott|Aqua Cutter|p2b: Beastman no.43\n|-supereffective|p2b: Beastman no.43|1\n|-damage|p2b: Beastman no.43|0 fnt\n|faint|p2b: Beastman no.43\n|\n|win|loklastaji\n|raw|loklastaji's rating: 1110 &rarr; <strong>1138</strong><br />(+28 for winning)\n|raw|jinxed_lll's rating: 1155 &rarr; <strong>1127</strong><br />(-28 for losing)\n|l|\u2606jinxed_lll\n|player|p2|\n",
  "uploadtime": 1776393874,
  "views": 17,
  "formatid": "gen9championsvgc2026regma",
  "rating": 1127,
  "private": 0,
  "password": null
}