{
  "id": "gen9championsvgc2026regma-2583780585",
  "format": "[Gen 9 Champions] VGC 2026 Reg M-A",
  "players": [
    "MefShowdown0",
    "Pyro.D.Mario"
  ],
  "log": "|j|\u2606MefShowdown0\n|j|\u2606Pyro.D.Mario\n|t:|1776197211\n|gametype|doubles\n|player|p1|MefShowdown0|selene-masters2|1219\n|player|p2|Pyro.D.Mario|265|1139\n|gen|9\n|tier|[Gen 9 Champions] VGC 2026 Reg M-A\n|rated|\n|rule|Species Clause: Limit one of each Pok\u00e9mon\n|rule|Item Clause: Limit 1 of each item\n|clearpoke\n|poke|p1|Floette-Eternal, L50, F|\n|poke|p1|Aerodactyl, L50, F|\n|poke|p1|Sneasler, L50, F|\n|poke|p1|Garchomp, L50, M|\n|poke|p1|Incineroar, L50, F|\n|poke|p1|Sinistcha, L50|\n|poke|p2|Sableye, L50, M|\n|poke|p2|Garchomp, L50, M|\n|poke|p2|Espathra, L50, M|\n|poke|p2|Lucario, L50, M|\n|poke|p2|Gardevoir, L50, M|\n|poke|p2|Chandelure, L50, M|\n|teampreview|4\n|c|\u2606MefShowdown0|no mega lucario z yet :(\n|inactive|Battle timer is ON: inactive players will automatically lose when time's up. (requested by Pyro.D.Mario)\n|c|\u2606Pyro.D.Mario|Yeah :(\n|\n|t:|1776197276\n|teamsize|p1|4\n|teamsize|p2|4\n|start\n|switch|p1a: Floette|Floette-Eternal, L50, F|100/100\n|switch|p1b: Incineroar|Incineroar, L50, F|100/100\n|switch|p2a: Lucario|Lucario, L50, M, shiny|100/100\n|switch|p2b: Gardevoir|Gardevoir, L50, M, shiny|100/100\n|-ability|p1b: Incineroar|Intimidate|boost\n|-fail|p2a: Lucario|unboost|Attack|[from] ability: Inner Focus|[of] p2a: Lucario\n|-unboost|p2b: Gardevoir|atk|1\n|turn|1\n|inactive|MefShowdown0 has 30 seconds left.\n|inactive|Pyro.D.Mario has 30 seconds left.\n|\n|t:|1776197315\n|move|p2a: Lucario|Detect|p2a: Lucario\n|-singleturn|p2a: Lucario|Protect\n|move|p1a: Floette|Protect|p1a: Floette\n|-singleturn|p1a: Floette|Protect\n|move|p2b: Gardevoir|Moonblast|p1b: Incineroar\n|-damage|p1b: Incineroar|61/100\n|move|p1b: Incineroar|Flare Blitz|p2a: Lucario\n|-activate|p2a: Lucario|move: Protect\n|\n|upkeep\n|turn|2\n|c|\u2606MefShowdown0|!dt inner focus\n|c|\u2606MefShowdown0|/raw <ul class=\"utilichart\"><li class=\"result\"><span class=\"col namecol\"><a href=\"https://dex.pokemonshowdown.com/abilities/innerfocus\">Inner Focus</a></span> <span class=\"col abilitydesccol\">This Pokemon cannot be made to flinch. Immune to Intimidate.</span> </li><li style=\"clear:both\"></li></ul>\n|c|\u2606MefShowdown0|/raw <font size=\"1\"><font color=\"#686868\">Gen:</font> 3&nbsp;|&ThickSpace;&#10003; Ignored by Mold Breaker</font>\n\n|inactive|MefShowdown0 has 30 seconds left.\n|\n|t:|1776197349\n|switch|p1a: Garchomp|Garchomp, L50, M|100/100\n|detailschange|p2a: Lucario|Lucario-Mega, L50, M, shiny\n|-mega|p2a: Lucario|Lucario|Lucarionite\n|move|p2b: Gardevoir|Moonblast|p1b: Incineroar\n|-damage|p1b: Incineroar|20/100\n|-enditem|p1b: Incineroar|Sitrus Berry|[eat]\n|-heal|p1b: Incineroar|45/100|[from] item: Sitrus Berry\n|move|p2a: Lucario|Meteor Mash|p1a: Garchomp\n|-damage|p1a: Garchomp|37/100\n|-damage|p2a: Lucario|88/100|[from] ability: Rough Skin|[of] p1a: Garchomp\n|move|p1b: Incineroar|Parting Shot|p2b: Gardevoir\n|-unboost|p2b: Gardevoir|atk|1\n|-unboost|p2b: Gardevoir|spa|1\n|c|\u2606Pyro.D.Mario|Ya didn't know eyyy\n|\n|t:|1776197369\n|switch|p1b: Aerodactyl|Aerodactyl, L50, F|100/100|[from] Parting Shot\n|-ability|p1b: Aerodactyl|Unnerve\n|\n|upkeep\n|turn|3\n|c|\u2606MefShowdown0|know what?\n|\n|t:|1776197389\n|move|p1a: Garchomp|Earthquake|p2b: Gardevoir|[spread] p2a,p2b\n|-immune|p1b: Aerodactyl\n|-supereffective|p2a: Lucario|1\n|-damage|p2a: Lucario|0 fnt\n|-damage|p2b: Gardevoir|29/100\n|faint|p2a: Lucario\n|move|p2b: Gardevoir|Moonblast|p1a: Garchomp\n|-supereffective|p1a: Garchomp|1\n|-damage|p1a: Garchomp|0 fnt\n|faint|p1a: Garchomp\n|move|p1b: Aerodactyl|Dual Wingbeat|p2b: Gardevoir\n|-damage|p2b: Gardevoir|0 fnt\n|faint|p2b: Gardevoir\n|-hitcount|p2: Gardevoir|1\n|\n|upkeep\n|c|\u2606Pyro.D.Mario|Inner focus immune to intimidate\n|c|\u2606MefShowdown0|yes I did know\n|c|\u2606MefShowdown0|I didn't remember if it was immune to flinch too\n|c|\u2606Pyro.D.Mario|OHHH\n|\n|t:|1776197413\n|switch|p2a: Chandelure|Chandelure, L50, M, shiny|100/100\n|switch|p1a: Floette|Floette-Eternal, L50, F|100/100\n|switch|p2b: Espathra|Espathra, L50, M|100/100\n|turn|4\n|c|\u2606Pyro.D.Mario|Mb mb\n|c|\u2606MefShowdown0|also that's a fast garde holy moly\n|c|\u2606MefShowdown0|timid I guess?\n|inactive|MefShowdown0 has 30 seconds left.\n|inactive|Pyro.D.Mario has 30 seconds left.\n|\n|t:|1776197443\n|detailschange|p1a: Floette|Floette-Mega, L50, F\n|-mega|p1a: Floette|Floette|Floettite\n|-ability|p1a: Floette|Fairy Aura\n|move|p1b: Aerodactyl|Rock Slide|p2b: Espathra|[spread] p2b\n|-miss|p1b: Aerodactyl|p2a: Chandelure\n|-damage|p2b: Espathra|60/100\n|move|p2b: Espathra|Lumina Crash|p1b: Aerodactyl\n|-damage|p1b: Aerodactyl|51/100\n|-unboost|p1b: Aerodactyl|spd|2\n|move|p2a: Chandelure|Shadow Ball|p1b: Aerodactyl\n|-damage|p1b: Aerodactyl|0 fnt\n|faint|p1b: Aerodactyl\n|move|p1a: Floette|Calm Mind|p1a: Floette\n|-boost|p1a: Floette|spa|1\n|-boost|p1a: Floette|spd|1\n|\n|-ability|p2b: Espathra|Speed Boost|boost\n|-boost|p2b: Espathra|spe|1\n|upkeep\n|c|\u2606Pyro.D.Mario|Well...\n|\n|t:|1776197458\n|switch|p1b: Incineroar|Incineroar, L50, F|45/100\n|-ability|p1b: Incineroar|Intimidate|boost\n|-unboost|p2a: Chandelure|atk|1\n|-unboost|p2b: Espathra|atk|1\n|turn|5\n|c|\u2606Pyro.D.Mario|She is pretty with the scarf isn't she\n|c|\u2606MefShowdown0|simp\n|inactive|Pyro.D.Mario has 30 seconds left.\n|c|\u2606MefShowdown0|gooner\n|c|\u2606Pyro.D.Mario|HAHAHAHAHA\n|inactive|Pyro.D.Mario has 20 seconds left.\n|c|\u2606Pyro.D.Mario|Noooo\n|inactive|Pyro.D.Mario has 15 seconds left.\n|inactive|Pyro.D.Mario has 10 seconds left.\n|inactive|Pyro.D.Mario has 5 seconds left.\n|\n|t:|1776197508\n|move|p2b: Espathra|Lumina Crash|p1a: Floette\n|-damage|p1a: Floette|83/100\n|-unboost|p1a: Floette|spd|2\n|move|p2a: Chandelure|Calm Mind|p2a: Chandelure\n|-boost|p2a: Chandelure|spa|1\n|-boost|p2a: Chandelure|spd|1\n|move|p1a: Floette|Dazzling Gleam|p2a: Chandelure|[spread] p2a,p2b\n|-resisted|p2a: Chandelure|1\n|-damage|p2a: Chandelure|62/100\n|-damage|p2b: Espathra|0 fnt\n|faint|p2b: Espathra\n|move|p1b: Incineroar|Throat Chop|p2a: Chandelure\n|-supereffective|p2a: Chandelure|1\n|-damage|p2a: Chandelure|0 fnt\n|faint|p2a: Chandelure\n|\n|win|MefShowdown0\n|raw|MefShowdown0's rating: 1219 &rarr; <strong>1238</strong><br />(+19 for winning)\n|raw|Pyro.D.Mario's rating: 1139 &rarr; <strong>1120</strong><br />(-19 for losing)\n",
  "uploadtime": 1776197509,
  "views": 14,
  "formatid": "gen9championsvgc2026regma",
  "rating": 1120,
  "private": 0,
  "password": null
}