{
  "id": "gen9championsvgc2026regma-2581985626",
  "format": "[Gen 9 Champions] VGC 2026 Reg M-A",
  "players": [
    "elgra",
    "TheSmartFella"
  ],
  "log": "|j|\u2606elgra\n|j|\u2606TheSmartFella\n|t:|1776045727\n|gametype|doubles\n|player|p1|elgra|proton|1069\n|player|p2|TheSmartFella|169|1000\n|gen|9\n|tier|[Gen 9 Champions] VGC 2026 Reg M-A\n|rated|\n|rule|Species Clause: Limit one of each Pok\u00e9mon\n|rule|Item Clause: Limit 1 of each item\n|clearpoke\n|poke|p1|Klefki, L50, M|\n|poke|p1|Pelipper, L50, M|\n|poke|p1|Gengar, L50, M|\n|poke|p1|Archaludon, L50, M|\n|poke|p1|Garchomp, L50, M|\n|poke|p1|Rotom-Heat, L50|\n|poke|p2|Meganium, L50, M|\n|poke|p2|Pelipper, L50, M|\n|poke|p2|Archaludon, L50, F|\n|poke|p2|Incineroar, L50, F|\n|poke|p2|Azumarill, L50, F|\n|poke|p2|Gallade, L50, M|\n|teampreview|4\nelgra has agreed to open team sheets.\n|inactive|Battle timer is ON: inactive players will automatically lose when time's up. (requested by elgra)\n|\n|t:|1776045820\n|teamsize|p1|4\n|teamsize|p2|4\n|start\n|switch|p1a: Klefki|Klefki, L50, M|100/100\n|switch|p1b: Archaludon|Archaludon, L50, M|100/100\n|switch|p2a: Meganium|Meganium, L50, M|100/100\n|switch|p2b: Pelipper|Pelipper, L50, M|100/100\n|-weather|RainDance|[from] ability: Drizzle|[of] p2b: Pelipper\n|turn|1\n|inactive|TheSmartFella has 30 seconds left.\n|inactive|TheSmartFella has 20 seconds left.\n|\n|t:|1776045858\n|detailschange|p2a: Meganium|Meganium-Mega, L50, M\n|-mega|p2a: Meganium|Meganium|Meganiumite\n|move|p1a: Klefki|Thunder Wave|p2b: Pelipper\n|-status|p2b: Pelipper|par\n|move|p1b: Archaludon|Electro Shot||[still]\n|-prepare|p1b: Archaludon|Electro Shot\n|-boost|p1b: Archaludon|spa|1\n|-anim|p1b: Archaludon|Electro Shot|p2b: Pelipper\n|-supereffective|p2b: Pelipper|2\n|-enditem|p2b: Pelipper|Focus Sash\n|-damage|p2b: Pelipper|1/100 par\n|move|p2a: Meganium|Weather Ball|p1a: Klefki\n|-supereffective|p1a: Klefki|1\n|-damage|p1a: Klefki|0 fnt\n|faint|p1a: Klefki\n|cant|p2b: Pelipper|par\n|\n|-weather|RainDance|[upkeep]\n|upkeep\n|\n|t:|1776045877\n|switch|p1a: Gengar|Gengar, L50, M|100/100\n|turn|2\n|\n|t:|1776045896\n|detailschange|p1a: Gengar|Gengar-Mega, L50, M\n|-mega|p1a: Gengar|Gengar|Gengarite\n|move|p2a: Meganium|Protect|p2a: Meganium\n|-singleturn|p2a: Meganium|Protect\n|move|p1a: Gengar|Sludge Wave|p2b: Pelipper|[spread] p2b\n|-activate|p2a: Meganium|move: Protect\n|-immune|p1b: Archaludon\n|-damage|p2b: Pelipper|0 fnt\n|faint|p2b: Pelipper\n|move|p1b: Archaludon|Electro Shot||[still]\n|-prepare|p1b: Archaludon|Electro Shot\n|-boost|p1b: Archaludon|spa|1\n|-anim|p1b: Archaludon|Electro Shot|p2a: Meganium\n|-activate|p2a: Meganium|move: Protect\n|\n|-weather|RainDance|[upkeep]\n|upkeep\n|inactive|TheSmartFella has 30 seconds left.\n|\n|t:|1776045930\n|switch|p2b: Incineroar|Incineroar, L50, F|100/100\n|-ability|p2b: Incineroar|Intimidate|boost\n|-unboost|p1a: Gengar|atk|1\n|-unboost|p1b: Archaludon|atk|1\n|turn|3\n|inactive|TheSmartFella has 30 seconds left.\n|inactive|TheSmartFella has 20 seconds left.\n|\n|t:|1776045969\n|move|p2a: Meganium|Protect|p2a: Meganium\n|-singleturn|p2a: Meganium|Protect\n|move|p1a: Gengar|Sludge Wave|p2a: Meganium|[spread] p2b\n|-activate|p2a: Meganium|move: Protect\n|-immune|p1b: Archaludon\n|-damage|p2b: Incineroar|69/100\n|move|p1b: Archaludon|Electro Shot||[still]\n|-prepare|p1b: Archaludon|Electro Shot\n|-boost|p1b: Archaludon|spa|1\n|-anim|p1b: Archaludon|Electro Shot|p2b: Incineroar\n|-damage|p2b: Incineroar|0 fnt\n|faint|p2b: Incineroar\n|\n|-weather|RainDance|[upkeep]\n|upkeep\n|\n|t:|1776045983\n|switch|p2b: Archaludon|Archaludon, L50, F|100/100\n|turn|4\n|inactive|TheSmartFella has 30 seconds left.\n|inactive|TheSmartFella has 20 seconds left.\n|inactive|TheSmartFella has 15 seconds left.\n|\n|t:|1776046028\n|move|p2b: Archaludon|Protect|p2b: Archaludon\n|-singleturn|p2b: Archaludon|Protect\n|move|p1a: Gengar|Sludge Wave|p2a: Meganium|[spread] p2a\n|-activate|p2b: Archaludon|move: Protect\n|-immune|p1b: Archaludon\n|-supereffective|p2a: Meganium|2\n|-damage|p2a: Meganium|0 fnt\n|faint|p2a: Meganium\n|move|p1b: Archaludon|Draco Meteor|p2b: Archaludon\n|-activate|p2b: Archaludon|move: Protect\n|\n|-weather|RainDance|[upkeep]\n|upkeep\n|turn|5\n|inactive|TheSmartFella has 30 seconds left.\n|\n|t:|1776046057\n|move|p1a: Gengar|Shadow Ball|p2b: Archaludon\n|-damage|p2b: Archaludon|35/100\n|move|p1b: Archaludon|Draco Meteor|p2b: Archaludon\n|-damage|p2b: Archaludon|0 fnt\n|-unboost|p1b: Archaludon|spa|2\n|faint|p2b: Archaludon\n|\n|win|elgra\n|raw|elgra's rating: 1069 &rarr; <strong>1093</strong><br />(+24 for winning)\n|raw|TheSmartFella's rating: 1000 &rarr; <strong>1000</strong><br />(+0 for losing)\n",
  "uploadtime": 1776046066,
  "views": 9,
  "formatid": "gen9championsvgc2026regma",
  "rating": 1000,
  "private": 0,
  "password": null
}