{
  "id": "gen9championsvgc2026regma-2585506747",
  "format": "[Gen 9 Champions] VGC 2026 Reg M-A",
  "players": [
    "PokeSnipesYT",
    "maimon32"
  ],
  "log": "|j|\u2606PokeSnipesYT\n|j|\u2606maimon32\n|t:|1776352149\n|gametype|doubles\n|player|p1|PokeSnipesYT|170|1108\n|player|p2|maimon32|266|1186\n|gen|9\n|tier|[Gen 9 Champions] VGC 2026 Reg M-A\n|rated|\n|rule|Species Clause: Limit one of each Pok\u00e9mon\n|rule|Item Clause: Limit 1 of each item\n|clearpoke\n|poke|p1|Charizard, L50, M|\n|poke|p1|Kingambit, L50, M|\n|poke|p1|Rotom-Wash, L50|\n|poke|p1|Sinistcha, L50|\n|poke|p1|Sneasler, L50, F|\n|poke|p1|Ninetales-Alola, L50, M|\n|poke|p2|Aerodactyl, L50, M|\n|poke|p2|Basculegion, L50, M|\n|poke|p2|Sneasler, L50, M|\n|poke|p2|Floette-Eternal, L50, F|\n|poke|p2|Maushold, L50|\n|poke|p2|Kingambit, L50, F|\n|teampreview|4\n|\n|t:|1776352183\n|teamsize|p1|4\n|teamsize|p2|4\n|start\n|switch|p1a: Sneasler|Sneasler, L50, F|100/100\n|switch|p1b: Ninetales|Ninetales-Alola, L50, M|100/100\n|switch|p2a: Floette|Floette-Eternal, L50, F, shiny|100/100\n|switch|p2b: Maushold|Maushold, L50, shiny|100/100\n|-weather|Snowscape|[from] ability: Snow Warning|[of] p1b: Ninetales\n|turn|1\n|inactive|Battle timer is ON: inactive players will automatically lose when time's up. (requested by maimon32)\n|\n|t:|1776352197\n|detailschange|p2a: Floette|Floette-Mega, L50, F, shiny\n|-mega|p2a: Floette|Floette|Floettite\n|-ability|p2a: Floette|Fairy Aura\n|move|p2b: Maushold|Protect|p2b: Maushold\n|-singleturn|p2b: Maushold|Protect\n|move|p2a: Floette|Protect|p2a: Floette\n|-singleturn|p2a: Floette|Protect\n|move|p1a: Sneasler|Fake Out|p2a: Floette\n|-activate|p2a: Floette|move: Protect\n|move|p1b: Ninetales|Aurora Veil|p1b: Ninetales\n|-sidestart|p1: PokeSnipesYT|move: Aurora Veil\n|\n|-weather|Snowscape|[upkeep]\n|upkeep\n|turn|2\n|inactive|maimon32 has 30 seconds left.\n|\n|t:|1776352227\n|move|p2b: Maushold|Helping Hand|p2a: Floette\n|-singleturn|p2a: Floette|Helping Hand|[of] p2b: Maushold\n|move|p1b: Ninetales|Blizzard|p2b: Maushold|[spread] p2a,p2b\n|-damage|p2a: Floette|80/100\n|-damage|p2b: Maushold|62/100\n|-status|p2a: Floette|frz\n|move|p1a: Sneasler|Close Combat|p2b: Maushold\n|-supereffective|p2b: Maushold|1\n|-enditem|p2b: Maushold|Chople Berry|[eat]\n|-enditem|p2b: Maushold|Chople Berry|[weaken]\n|-damage|p2b: Maushold|0 fnt\n|-unboost|p1a: Sneasler|def|1\n|-unboost|p1a: Sneasler|spd|1\n|faint|p2b: Maushold\n|-enditem|p1a: Sneasler|White Herb\n|-clearnegativeboost|p1a: Sneasler|[silent]\n|cant|p2a: Floette|frz\n|\n|-weather|Snowscape|[upkeep]\n|upkeep\n|\n|t:|1776352231\n|switch|p2b: Sneasler|Sneasler, L50, M, shiny|100/100\n|turn|3\n|c|\u2606PokeSnipesYT|fah\n|inactive|PokeSnipesYT has 30 seconds left.\n|\n|t:|1776352260\n|move|p1a: Sneasler|Dire Claw|p2a: Floette\n|-supereffective|p2a: Floette|1\n|-damage|p2a: Floette|0 fnt\n|faint|p2a: Floette\n|move|p1b: Ninetales|Blizzard|p2b: Sneasler\n|-damage|p2b: Sneasler|40/100\n|-status|p2b: Sneasler|frz\n|cant|p2b: Sneasler|frz\n|\n|-weather|Snowscape|[upkeep]\n|upkeep\n|c|\u2606PokeSnipesYT|i am so sorry\n|c|\u2606PokeSnipesYT|lmao\n|inactive|maimon32 has 30 seconds left.\n|inactive|maimon32 has 20 seconds left.\n|inactive|maimon32 has 15 seconds left.\n|\n|t:|1776352303\n|switch|p2a: Basculegion|Basculegion, L50, M, shiny|100/100\n|turn|4\n|\n|t:|1776352314\n|move|p1a: Sneasler|Dire Claw|p2a: Basculegion\n|-resisted|p2a: Basculegion|1\n|-damage|p2a: Basculegion|73/100\n|-status|p2a: Basculegion|slp\n|cant|p2a: Basculegion|slp\n|move|p1b: Ninetales|Freeze-Dry|p2a: Basculegion\n|-supereffective|p2a: Basculegion|1\n|-damage|p2a: Basculegion|15/100 slp\n|cant|p2b: Sneasler|frz\n|\n|-weather|Snowscape|[upkeep]\n|upkeep\n|turn|5\n|c|\u2606PokeSnipesYT|oh my god\n|\n|t:|1776352325\n|move|p1a: Sneasler|Close Combat|p2b: Sneasler\n|-resisted|p2b: Sneasler|1\n|-damage|p2b: Sneasler|0 fnt\n|-unboost|p1a: Sneasler|def|1\n|-unboost|p1a: Sneasler|spd|1\n|faint|p2b: Sneasler\n|cant|p2a: Basculegion|slp\n|move|p1b: Ninetales|Blizzard|p2a: Basculegion\n|-resisted|p2a: Basculegion|1\n|-damage|p2a: Basculegion|0 fnt\n|faint|p2a: Basculegion\n|\n|win|PokeSnipesYT\n|raw|PokeSnipesYT's rating: 1108 &rarr; <strong>1139</strong><br />(+31 for winning)\n|raw|maimon32's rating: 1186 &rarr; <strong>1155</strong><br />(-31 for losing)\n|l|\u2606maimon32\n|player|p2|\n|j| 1#MiraidonHater\n",
  "uploadtime": 1776352328,
  "views": 26,
  "formatid": "gen9championsvgc2026regma",
  "rating": 1139,
  "private": 0,
  "password": null
}