{
  "id": "gen9championsvgc2026regma-2582958768",
  "format": "[Gen 9 Champions] VGC 2026 Reg M-A",
  "players": [
    "desrichards",
    "Riverlow"
  ],
  "log": "|j|\u2606desrichards\n|j|\u2606Riverlow\n|t:|1776128499\n|gametype|doubles\n|player|p1|desrichards|hilbert|1122\n|player|p2|Riverlow|102|1178\n|gen|9\n|tier|[Gen 9 Champions] VGC 2026 Reg M-A\n|rated|\n|rule|Species Clause: Limit one of each Pok\u00e9mon\n|rule|Item Clause: Limit 1 of each item\n|clearpoke\n|poke|p1|Dragapult, L50, F|\n|poke|p1|Blastoise, L50, F|\n|poke|p1|Armarouge, L50, F|\n|poke|p1|Pelipper, L50, F|\n|poke|p1|Meowstic, L50, M|\n|poke|p1|Kingambit, L50, M|\n|poke|p2|Froslass, L50, F|\n|poke|p2|Rotom-Frost, L50|\n|poke|p2|Incineroar, L50, M|\n|poke|p2|Empoleon, L50, M|\n|poke|p2|Sneasler, L50, M|\n|poke|p2|Clefable, L50, M|\n|teampreview|4\n|inactive|Battle timer is ON: inactive players will automatically lose when time's up. (requested by Riverlow)\n|inactive|desrichards has 60 seconds left.\n|\n|t:|1776128563\n|teamsize|p1|4\n|teamsize|p2|4\n|start\n|switch|p1a: Meowstic|Meowstic, L50, M|100/100\n|switch|p1b: Armarouge|Armarouge, L50, F|100/100\n|switch|p2a: Froslass|Froslass, L50, F|100/100\n|switch|p2b: Rotom|Rotom-Frost, L50|100/100\n|turn|1\n|\n|t:|1776128584\n|detailschange|p2a: Froslass|Froslass-Mega, L50, F\n|-mega|p2a: Froslass|Froslass|Froslassite\n|-weather|Snowscape|[from] ability: Snow Warning|[of] p2a: Froslass\n|move|p1a: Meowstic|Rain Dance|p1a: Meowstic\n|-weather|RainDance\n|move|p2b: Rotom|Blizzard|p1a: Meowstic|[spread] p1a\n|-miss|p2b: Rotom|p1b: Armarouge\n|-damage|p1a: Meowstic|58/100\n|move|p2a: Froslass|Shadow Ball|p1b: Armarouge\n|-supereffective|p1b: Armarouge|1\n|-damage|p1b: Armarouge|0 fnt\n|faint|p1b: Armarouge\n|\n|-weather|RainDance|[upkeep]\n|upkeep\n|\n|t:|1776128599\n|switch|p1b: Blastoise|Blastoise, L50, F|100/100\n|turn|2\n|\n|t:|1776128617\n|switch|p2b: Sneasler|Sneasler, L50, M|100/100\n|switch|p2a: Empoleon|Empoleon, L50, M|100/100\n|detailschange|p1b: Blastoise|Blastoise-Mega, L50, F\n|-mega|p1b: Blastoise|Blastoise|Blastoisinite\n|move|p1a: Meowstic|Psychic Terrain|p1a: Meowstic\n|-fieldstart|move: Psychic Terrain\n|move|p1b: Blastoise|Shell Smash|p1b: Blastoise\n|-unboost|p1b: Blastoise|def|1\n|-unboost|p1b: Blastoise|spd|1\n|-boost|p1b: Blastoise|atk|2\n|-boost|p1b: Blastoise|spa|2\n|-boost|p1b: Blastoise|spe|2\n|\n|-weather|RainDance|[upkeep]\n|upkeep\n|turn|3\n|inactive|Riverlow has 30 seconds left.\n|inactive|Riverlow has 20 seconds left.\n|\n|t:|1776128652\n|move|p1b: Blastoise|Aura Sphere|p2a: Empoleon\n|-supereffective|p2a: Empoleon|1\n|-damage|p2a: Empoleon|0 fnt\n|faint|p2a: Empoleon\n|move|p2b: Sneasler|Taunt|p1a: Meowstic\n|-start|p1a: Meowstic|move: Taunt\n|-enditem|p1a: Meowstic|Mental Herb\n|-end|p1a: Meowstic|move: Taunt\n|move|p1a: Meowstic|Expanding Force|p2b: Sneasler\n|-supereffective|p2b: Sneasler|2\n|-enditem|p2b: Sneasler|Payapa Berry|[eat]\n|-enditem|p2b: Sneasler|Payapa Berry|[weaken]\n|-damage|p2b: Sneasler|0 fnt\n|faint|p2b: Sneasler\n|\n|-weather|RainDance|[upkeep]\n|upkeep\n|\n|t:|1776128668\n|switch|p2b: Rotom|Rotom-Frost, L50|100/100\n|switch|p2a: Froslass|Froslass-Mega, L50, F|100/100\n|-weather|Snowscape|[from] ability: Snow Warning|[of] p2a: Froslass\n|turn|4\n|inactive|desrichards has 30 seconds left.\n|\n|t:|1776128700\n|move|p2b: Rotom|Volt Switch|p1b: Blastoise\n|-supereffective|p1b: Blastoise|1\n|-damage|p1b: Blastoise|10/100\n|move|p1b: Blastoise|Water Pulse|p2a: Froslass\n|-damage|p2a: Froslass|0 fnt\n|faint|p2a: Froslass\n|move|p1a: Meowstic|Expanding Force|p2b: Rotom\n|-damage|p2b: Rotom|26/100\n|\n|-weather|Snowscape|[upkeep]\n|upkeep\n|turn|5\n|-message|Riverlow forfeited.\n|\n|win|desrichards\n|raw|desrichards's rating: 1122 &rarr; <strong>1151</strong><br />(+29 for winning)\n|raw|Riverlow's rating: 1178 &rarr; <strong>1149</strong><br />(-29 for losing)\n|l|\u2606Riverlow\n|player|p2|\n",
  "uploadtime": 1776128719,
  "views": 26,
  "formatid": "gen9championsvgc2026regma",
  "rating": 1149,
  "private": 0,
  "password": null
}