{
  "id": "gen9championsvgc2026regma-2583456753",
  "format": "[Gen 9 Champions] VGC 2026 Reg M-A",
  "players": [
    "myfriendmalamarVGC",
    "SangoTheGoat"
  ],
  "log": "|j|\u203dmyfriendmalamarVGC\n|j|\u2606SangoTheGoat\n|t:|1776176855\n|gametype|doubles\n|player|p1|myfriendmalamarVGC|sada|1000\n|player|p2|SangoTheGoat|drayden|1022\n|gen|9\n|tier|[Gen 9 Champions] VGC 2026 Reg M-A\n|rated|\n|rule|Species Clause: Limit one of each Pok\u00e9mon\n|rule|Item Clause: Limit 1 of each item\n|clearpoke\n|poke|p1|Azumarill, L50, F|\n|poke|p1|Maushold, L50|\n|poke|p1|Incineroar, L50, F|\n|poke|p1|Aerodactyl, L50, M|\n|poke|p1|Froslass, L50, F|\n|poke|p1|Sinistcha, L50|\n|poke|p2|Tyranitar, L50, F|\n|poke|p2|Garchomp, L50, F|\n|poke|p2|Sinistcha, L50|\n|poke|p2|Incineroar, L50, M|\n|poke|p2|Meganium, L50, M|\n|poke|p2|Orthworm, L50, F|\n|teampreview|4\n|inactive|Battle timer is ON: inactive players will automatically lose when time's up. (requested by SangoTheGoat)\n|\n|t:|1776176883\n|teamsize|p1|4\n|teamsize|p2|4\n|start\n|switch|p1a: Azumarill|Azumarill, L50, F|100/100\n|switch|p1b: Incineroar|Incineroar, L50, F|100/100\n|switch|p2a: Orthworm|Orthworm, L50, F|100/100\n|switch|p2b: Tyranitar|Tyranitar, L50, F|100/100\n|-weather|Sandstorm|[from] ability: Sand Stream|[of] p2b: Tyranitar\n|-ability|p1b: Incineroar|Intimidate|boost\n|-unboost|p2a: Orthworm|atk|1\n|-unboost|p2b: Tyranitar|atk|1\n|turn|1\n|\n|t:|1776176896\n|switch|p2b: Sinistcha|Sinistcha, L50|100/100\n|move|p1b: Incineroar|Fake Out|p2a: Orthworm\n|-resisted|p2a: Orthworm|1\n|-damage|p2a: Orthworm|97/100\n|cant|p2a: Orthworm|flinch\n|move|p1a: Azumarill|Belly Drum|p1a: Azumarill\n|-damage|p1a: Azumarill|51/100\n|-setboost|p1a: Azumarill|atk|6|[from] move: Belly Drum\n|\n|-weather|Sandstorm|[upkeep]\n|-damage|p2b: Sinistcha|94/100|[from] Sandstorm\n|-damage|p1b: Incineroar|95/100|[from] Sandstorm\n|-damage|p1a: Azumarill|45/100|[from] Sandstorm\n|-enditem|p1a: Azumarill|Sitrus Berry|[eat]\n|-heal|p1a: Azumarill|70/100|[from] item: Sitrus Berry\n|-heal|p2a: Orthworm|100/100|[from] item: Leftovers\n|upkeep\n|turn|2\n|inactive|myfriendmalamarVGC has 30 seconds left.\n|inactive|SangoTheGoat has 30 seconds left.\n|inactive|myfriendmalamarVGC has 20 seconds left.\n|inactive|myfriendmalamarVGC has 15 seconds left.\n|\n|t:|1776176938\n|move|p2b: Sinistcha|Matcha Gotcha|p1a: Azumarill|[spread] p1a,p1b\n|-supereffective|p1a: Azumarill|1\n|-resisted|p1b: Incineroar|1\n|-damage|p1a: Azumarill|26/100\n|-heal|p2b: Sinistcha|100/100|[from] drain|[of] p1a: Azumarill\n|-damage|p1b: Incineroar|86/100\n|move|p2a: Orthworm|Iron Defense|p2a: Orthworm\n|-boost|p2a: Orthworm|def|2\n|move|p1b: Incineroar|Parting Shot|p2a: Orthworm\n|-unboost|p2a: Orthworm|atk|1\n|-unboost|p2a: Orthworm|spa|1\n|\n|t:|1776176949\n|switch|p1b: Sinistcha|Sinistcha, L50|100/100|[from] Parting Shot\n|-heal|p1a: Azumarill|51/100|[from] ability: Hospitality|[of] p1b: Sinistcha\n|move|p1a: Azumarill|Play Rough|p2b: Sinistcha\n|-damage|p2b: Sinistcha|0 fnt\n|faint|p2b: Sinistcha\n|\n|-weather|Sandstorm|[upkeep]\n|-damage|p1b: Sinistcha|94/100|[from] Sandstorm\n|-damage|p1a: Azumarill|45/100|[from] Sandstorm\n|-heal|p1b: Sinistcha|100/100|[from] item: Leftovers\n|upkeep\n|\n|t:|1776176962\n|switch|p2b: Garchomp|Garchomp, L50, F|100/100\n|turn|3\n|\n|t:|1776176970\n|move|p2b: Garchomp|Protect|p2b: Garchomp\n|-singleturn|p2b: Garchomp|Protect\n|move|p1a: Azumarill|Protect|p1a: Azumarill\n|-singleturn|p1a: Azumarill|Protect\n|move|p1b: Sinistcha|Life Dew||[still]|[spread] p1a,p1b\n|-heal|p1a: Azumarill|70/100\n|-fail|p1b: Sinistcha|heal\n|move|p2a: Orthworm|Heavy Slam|p1a: Azumarill\n|-activate|p1a: Azumarill|move: Protect\n|\n|-weather|Sandstorm|[upkeep]\n|-damage|p1b: Sinistcha|94/100|[from] Sandstorm\n|-damage|p1a: Azumarill|64/100|[from] Sandstorm\n|-heal|p1b: Sinistcha|100/100|[from] item: Leftovers\n|upkeep\n|turn|4\n|\n|t:|1776176981\n|switch|p2b: Tyranitar|Tyranitar, L50, F|100/100\n|move|p1b: Sinistcha|Rage Powder|p1b: Sinistcha\n|-singleturn|p1b: Sinistcha|move: Rage Powder\n|move|p1a: Azumarill|Aqua Jet|p2b: Tyranitar\n|-supereffective|p2b: Tyranitar|1\n|-enditem|p2b: Tyranitar|Focus Sash\n|-damage|p2b: Tyranitar|1/100\n|move|p2a: Orthworm|Heavy Slam|p1b: Sinistcha\n|-damage|p1b: Sinistcha|85/100\n|\n|-weather|Sandstorm|[upkeep]\n|-damage|p1b: Sinistcha|79/100|[from] Sandstorm\n|-damage|p1a: Azumarill|58/100|[from] Sandstorm\n|-heal|p1b: Sinistcha|85/100|[from] item: Leftovers\n|upkeep\n|turn|5\n|\n|t:|1776176998\n|move|p1b: Sinistcha|Rage Powder|p1b: Sinistcha\n|-singleturn|p1b: Sinistcha|move: Rage Powder\n|move|p2b: Tyranitar|Earthquake|p1a: Azumarill|[spread] p1a,p1b\n|-immune|p2a: Orthworm|[from] ability: Earth Eater\n|-resisted|p1b: Sinistcha|1\n|-damage|p1a: Azumarill|31/100\n|-damage|p1b: Sinistcha|71/100\n|move|p2a: Orthworm|Iron Defense|p2a: Orthworm\n|-boost|p2a: Orthworm|def|2\n|move|p1a: Azumarill|Play Rough|p2a: Orthworm\n|-resisted|p2a: Orthworm|1\n|-damage|p2a: Orthworm|80/100\n|\n|-weather|none\n|-heal|p1b: Sinistcha|77/100|[from] item: Leftovers\n|-heal|p2a: Orthworm|86/100|[from] item: Leftovers\n|upkeep\n|turn|6\n|\n|t:|1776177015\n|move|p1a: Azumarill|Protect|p1a: Azumarill\n|-singleturn|p1a: Azumarill|Protect\n|move|p2b: Tyranitar|Knock Off|p1b: Sinistcha\n|-supereffective|p1b: Sinistcha|1\n|-damage|p1b: Sinistcha|0 fnt\n|-enditem|p1b: Sinistcha|Leftovers|[from] move: Knock Off|[of] p2b: Tyranitar\n|faint|p1b: Sinistcha\n|move|p2a: Orthworm|Iron Defense|p2a: Orthworm\n|-boost|p2a: Orthworm|def|2\n|\n|-heal|p2a: Orthworm|93/100|[from] item: Leftovers\n|upkeep\n|\n|t:|1776177024\n|switch|p1b: Incineroar|Incineroar, L50, F|86/100\n|-ability|p1b: Incineroar|Intimidate|boost\n|-unboost|p2a: Orthworm|atk|1\n|-unboost|p2b: Tyranitar|atk|1\n|turn|7\n|\n|t:|1776177036\n|switch|p2b: Garchomp|Garchomp, L50, F|100/100\n|move|p1b: Incineroar|Fake Out|p2a: Orthworm\n|-resisted|p2a: Orthworm|1\n|-damage|p2a: Orthworm|91/100\n|cant|p2a: Orthworm|flinch\n|move|p1a: Azumarill|Play Rough|p2a: Orthworm\n|-resisted|p2a: Orthworm|1\n|-damage|p2a: Orthworm|75/100\n|\n|-heal|p2a: Orthworm|81/100|[from] item: Leftovers\n|upkeep\n|turn|8\n|\n|t:|1776177047\n|switch|p2b: Tyranitar|Tyranitar, L50, F|1/100\n|-weather|Sandstorm|[from] ability: Sand Stream|[of] p2b: Tyranitar\n|move|p1a: Azumarill|Protect|p1a: Azumarill\n|-singleturn|p1a: Azumarill|Protect\n|move|p2a: Orthworm|Body Press|p1b: Incineroar\n|-supereffective|p1b: Incineroar|1\n|-enditem|p1b: Incineroar|Chople Berry|[eat]\n|-enditem|p1b: Incineroar|Chople Berry|[weaken]\n|-damage|p1b: Incineroar|0 fnt\n|faint|p1b: Incineroar\n|\n|-weather|Sandstorm|[upkeep]\n|-damage|p1a: Azumarill|25/100|[from] Sandstorm\n|-heal|p2a: Orthworm|87/100|[from] item: Leftovers\n|upkeep\n|\n|t:|1776177056\n|switch|p1b: Froslass|Froslass, L50, F|100/100\n|turn|9\n|\n|t:|1776177068\n|detailschange|p1b: Froslass|Froslass-Mega, L50, F\n|-mega|p1b: Froslass|Froslass|Froslassite\n|-weather|Snowscape|[from] ability: Snow Warning|[of] p1b: Froslass\n|move|p1a: Azumarill|Aqua Jet|p2b: Tyranitar\n|-supereffective|p2b: Tyranitar|1\n|-damage|p2b: Tyranitar|0 fnt\n|faint|p2b: Tyranitar\n|move|p1b: Froslass|Aurora Veil|p1b: Froslass\n|-sidestart|p1: myfriendmalamarVGC|move: Aurora Veil\n|move|p2a: Orthworm|Heavy Slam|p1b: Froslass\n|-supereffective|p1b: Froslass|1\n|-damage|p1b: Froslass|78/100\n|\n|-weather|Snowscape|[upkeep]\n|-heal|p2a: Orthworm|93/100|[from] item: Leftovers\n|upkeep\n|\n|t:|1776177078\n|switch|p2b: Garchomp|Garchomp, L50, F|100/100\n|turn|10\n|\n|t:|1776177095\n|move|p1b: Froslass|Protect|p1b: Froslass\n|-singleturn|p1b: Froslass|Protect\n|move|p1a: Azumarill|Protect|p1a: Azumarill\n|-singleturn|p1a: Azumarill|Protect\n|move|p2b: Garchomp|Rock Slide|p1a: Azumarill|[spread] \n|-activate|p1a: Azumarill|move: Protect\n|-activate|p1b: Froslass|move: Protect\n|move|p2a: Orthworm|Heavy Slam|p1b: Froslass\n|-activate|p1b: Froslass|move: Protect\n|\n|-weather|Snowscape|[upkeep]\n|-heal|p2a: Orthworm|99/100|[from] item: Leftovers\n|upkeep\n|turn|11\n|\n|t:|1776177112\n|move|p1b: Froslass|Blizzard|p2a: Orthworm|[spread] p2a,p2b\n|-resisted|p2a: Orthworm|1\n|-supereffective|p2b: Garchomp|2\n|-damage|p2a: Orthworm|76/100\n|-damage|p2b: Garchomp|0 fnt\n|faint|p2b: Garchomp\n|move|p2a: Orthworm|Heavy Slam|p1b: Froslass\n|-supereffective|p1b: Froslass|1\n|-damage|p1b: Froslass|56/100\n|move|p1a: Azumarill|Play Rough|p2a: Orthworm\n|-resisted|p2a: Orthworm|1\n|-damage|p2a: Orthworm|59/100\n|\n|-weather|Snowscape|[upkeep]\n|-heal|p2a: Orthworm|65/100|[from] item: Leftovers\n|upkeep\n|turn|12\n|\n|t:|1776177125\n|move|p1a: Azumarill|Aqua Jet|p2a: Orthworm\n|-damage|p2a: Orthworm|51/100\n|move|p1b: Froslass|Shadow Ball|p2a: Orthworm\n|-damage|p2a: Orthworm|6/100\n|move|p2a: Orthworm|Heavy Slam|p1a: Azumarill\n|-damage|p1a: Azumarill|15/100\n|\n|-weather|Snowscape|[upkeep]\n|-heal|p2a: Orthworm|12/100|[from] item: Leftovers\n|upkeep\n|turn|13\n|\n|t:|1776177136\n|move|p1a: Azumarill|Aqua Jet|p2a: Orthworm\n|-damage|p2a: Orthworm|0 fnt\n|faint|p2a: Orthworm\n|\n|win|myfriendmalamarVGC\n|raw|myfriendmalamarVGC's rating: 1000 &rarr; <strong>1043</strong><br />(+43 for winning)\n|raw|SangoTheGoat's rating: 1022 &rarr; <strong>1008</strong><br />(-14 for losing)\n|l|\u2606SangoTheGoat\n|player|p2|\n",
  "uploadtime": 1776177143,
  "views": 14,
  "formatid": "gen9championsvgc2026regma",
  "rating": 1008,
  "private": 0,
  "password": null
}