{
  "id": "gen9championsvgc2026regma-2583708765",
  "format": "[Gen 9 Champions] VGC 2026 Reg M-A",
  "players": [
    "MersusNoctus",
    "Cwisbt"
  ],
  "log": "|j|\u2606MersusNoctus\n|j|\u2606Cwisbt\n|t:|1776192392\n|gametype|doubles\n|player|p1|MersusNoctus|silver|1228\n|player|p2|Cwisbt|266|1314\n|gen|9\n|tier|[Gen 9 Champions] VGC 2026 Reg M-A\n|rated|\n|rule|Species Clause: Limit one of each Pok\u00e9mon\n|rule|Item Clause: Limit 1 of each item\n|clearpoke\n|poke|p1|Pelipper, L50, M|\n|poke|p1|Skarmory, L50, F|\n|poke|p1|Archaludon, L50, F|\n|poke|p1|Delphox, L50, F|\n|poke|p1|Heliolisk, L50, M|\n|poke|p1|Gourgeist-*, L50, F|\n|poke|p2|Aerodactyl, L50, F|\n|poke|p2|Garchomp, L50, F|\n|poke|p2|Delphox, L50, M|\n|poke|p2|Kingambit, L50, M|\n|poke|p2|Sneasler, L50, F|\n|poke|p2|Maushold-Four, L50|\n|teampreview|4\n|inactive|Battle timer is ON: inactive players will automatically lose when time's up. (requested by Cwisbt)\n|inactive|MersusNoctus has 60 seconds left.\n|inactive|Cwisbt has 60 seconds left.\n|\n|t:|1776192446\n|teamsize|p1|4\n|teamsize|p2|4\n|start\n|switch|p1a: Pelipper|Pelipper, L50, M|100/100\n|switch|p1b: Gourgeist|Gourgeist-Super, L50, F, shiny|100/100\n|switch|p2a: Aerodactyl|Aerodactyl, L50, F|100/100\n|switch|p2b: Garchomp|Garchomp, L50, F|100/100\n|-ability|p2a: Aerodactyl|Unnerve\n|-weather|RainDance|[from] ability: Drizzle|[of] p1a: Pelipper\n|turn|1\n|\n|t:|1776192469\n|detailschange|p2b: Garchomp|Garchomp-Mega, L50, F\n|-mega|p2b: Garchomp|Garchomp|Garchompite\n|move|p2a: Aerodactyl|Rock Slide|p1b: Gourgeist|[spread] p1a,p1b\n|-supereffective|p1a: Pelipper|1\n|-damage|p1a: Pelipper|54/100\n|-damage|p1b: Gourgeist|82/100\n|move|p2b: Garchomp|Rock Slide|p1a: Pelipper|[spread] p1b\n|-miss|p2b: Garchomp|p1a: Pelipper\n|-damage|p1b: Gourgeist|61/100\n|cant|p1a: Pelipper|flinch\n|cant|p1b: Gourgeist|flinch\n|\n|-weather|RainDance|[upkeep]\n|upkeep\n|turn|2\n|\n|t:|1776192488\n|move|p2a: Aerodactyl|Rock Slide|p1a: Pelipper|[spread] p1a\n|-miss|p2a: Aerodactyl|p1b: Gourgeist\n|-supereffective|p1a: Pelipper|1\n|-damage|p1a: Pelipper|7/100\n|move|p2b: Garchomp|Rock Slide|p1a: Pelipper|[spread] p1a,p1b\n|-supereffective|p1a: Pelipper|1\n|-damage|p1a: Pelipper|0 fnt\n|-damage|p1b: Gourgeist|43/100\n|faint|p1a: Pelipper\n|move|p1b: Gourgeist|Trick Room|p1b: Gourgeist\n|-fieldstart|move: Trick Room|[of] p1b: Gourgeist\n|\n|-weather|RainDance|[upkeep]\n|upkeep\n|\n|t:|1776192501\n|switch|p1a: Archaludon|Archaludon, L50, F|100/100\n|turn|3\n|\n|t:|1776192510\n|move|p1b: Gourgeist|Ally Switch|p1b: Gourgeist\n|swap|p1b: Gourgeist|0|[from] move: Ally Switch\n|move|p1b: Archaludon|Electro Shot||[still]\n|-prepare|p1b: Archaludon|Electro Shot\n|-boost|p1b: Archaludon|spa|1\n|-anim|p1b: Archaludon|Electro Shot|p2a: Aerodactyl\n|-supereffective|p2a: Aerodactyl|1\n|-enditem|p2a: Aerodactyl|Focus Sash\n|-damage|p2a: Aerodactyl|1/100\n|move|p2b: Garchomp|Earthquake|p1a: Gourgeist|[spread] p1a,p1b\n|-immune|p2a: Aerodactyl\n|-resisted|p1a: Gourgeist|1\n|-supereffective|p1b: Archaludon|1\n|-damage|p1a: Gourgeist|22/100\n|-damage|p1b: Archaludon|27/100\n|-ability|p1b: Archaludon|Stamina|boost\n|-boost|p1b: Archaludon|def|1\n|move|p2a: Aerodactyl|Dual Wingbeat|p1b: Archaludon\n|-resisted|p1b: Archaludon|1\n|-damage|p1b: Archaludon|23/100\n|-ability|p1b: Archaludon|Stamina|boost\n|-boost|p1b: Archaludon|def|1\n|-resisted|p1b: Archaludon|1\n|-damage|p1b: Archaludon|20/100\n|-ability|p1b: Archaludon|Stamina|boost\n|-boost|p1b: Archaludon|def|1\n|-hitcount|p1b: Archaludon|2\n|\n|-weather|RainDance|[upkeep]\n|-heal|p1b: Archaludon|26/100|[from] item: Leftovers\n|upkeep\n|turn|4\n|\n|t:|1776192533\n|move|p2b: Garchomp|Protect|p2b: Garchomp\n|-singleturn|p2b: Garchomp|Protect\n|move|p2a: Aerodactyl|Protect|p2a: Aerodactyl\n|-singleturn|p2a: Aerodactyl|Protect\n|move|p1a: Gourgeist|Power Whip|p2a: Aerodactyl\n|-activate|p2a: Aerodactyl|move: Protect\n|move|p1b: Archaludon|Draco Meteor|p2b: Garchomp\n|-activate|p2b: Garchomp|move: Protect\n|\n|-weather|RainDance|[upkeep]\n|-heal|p1b: Archaludon|32/100|[from] item: Leftovers\n|upkeep\n|turn|5\n|\n|t:|1776192554\n|switch|p2b: Kingambit|Kingambit, L50, M|100/100\n|move|p1a: Gourgeist|Power Whip|p2a: Aerodactyl\n|-damage|p2a: Aerodactyl|0 fnt\n|faint|p2a: Aerodactyl\n|move|p1b: Archaludon|Draco Meteor|p2b: Kingambit\n|-resisted|p2b: Kingambit|1\n|-damage|p2b: Kingambit|58/100\n|-unboost|p1b: Archaludon|spa|2\n|\n|-weather|none\n|-heal|p1b: Archaludon|38/100|[from] item: Leftovers\n|upkeep\n|\n|t:|1776192564\n|switch|p2a: Garchomp|Garchomp-Mega, L50, F|100/100\n|turn|6\n|\n|t:|1776192578\n|move|p2a: Garchomp|Protect|p2a: Garchomp\n|-singleturn|p2a: Garchomp|Protect\n|move|p1a: Gourgeist|Ally Switch|p1a: Gourgeist\n|swap|p1a: Gourgeist|1|[from] move: Ally Switch\n|move|p2b: Kingambit|Sucker Punch|p1a: Archaludon\n|-damage|p1a: Archaludon|23/100\n|-ability|p1a: Archaludon|Stamina|boost\n|-boost|p1a: Archaludon|def|1\n|move|p1a: Archaludon|Aura Sphere|p2b: Kingambit\n|-supereffective|p2b: Kingambit|2\n|-damage|p2b: Kingambit|0 fnt\n|faint|p2b: Kingambit\n|\n|-heal|p1a: Archaludon|29/100|[from] item: Leftovers\n|-fieldend|move: Trick Room\n|upkeep\n|\n|t:|1776192586\n|switch|p2b: Sneasler|Sneasler, L50, F|100/100\n|turn|7\n|\n|t:|1776192605\n|switch|p1b: Skarmory|Skarmory, L50, F|100/100\n|move|p2b: Sneasler|Protect|p2b: Sneasler\n|-singleturn|p2b: Sneasler|Protect\n|move|p2a: Garchomp|Earthquake|p1a: Archaludon|[spread] p1a\n|-activate|p2b: Sneasler|move: Protect\n|-immune|p1b: Skarmory\n|-supereffective|p1a: Archaludon|1\n|-damage|p1a: Archaludon|5/100\n|-ability|p1a: Archaludon|Stamina|boost\n|-boost|p1a: Archaludon|def|1\n|move|p1a: Archaludon|Draco Meteor|p2a: Garchomp\n|-supereffective|p2a: Garchomp|1\n|-damage|p2a: Garchomp|31/100\n|-unboost|p1a: Archaludon|spa|2\n|\n|-heal|p1a: Archaludon|11/100|[from] item: Leftovers\n|upkeep\n|turn|8\n|inactive|MersusNoctus has 30 seconds left.\n|\n|t:|1776192631\n|move|p2b: Sneasler|Close Combat|p1a: Archaludon\n|-supereffective|p1a: Archaludon|1\n|-damage|p1a: Archaludon|0 fnt\n|-unboost|p2b: Sneasler|def|1\n|-unboost|p2b: Sneasler|spd|1\n|faint|p1a: Archaludon\n|-enditem|p2b: Sneasler|White Herb\n|-clearnegativeboost|p2b: Sneasler|[silent]\n|move|p2a: Garchomp|Rock Slide|p1b: Skarmory\n|-damage|p1b: Skarmory|69/100\n|-ability|p1b: Skarmory|Weak Armor|boost\n|-unboost|p1b: Skarmory|def|1\n|-boost|p1b: Skarmory|spe|2\n|cant|p1b: Skarmory|flinch\n|\n|upkeep\n|\n|t:|1776192645\n|switch|p1a: Gourgeist|Gourgeist-Super, L50, F, shiny|22/100\n|turn|9\n|\n|t:|1776192666\n|detailschange|p1b: Skarmory|Skarmory-Mega, L50, F\n|-mega|p1b: Skarmory|Skarmory|Skarmorite\n|move|p1a: Gourgeist|Ally Switch|p1a: Gourgeist\n|swap|p1a: Gourgeist|1|[from] move: Ally Switch\n|move|p2b: Sneasler|Dire Claw|p1a: Skarmory\n|-immune|p1a: Skarmory\n|move|p1a: Skarmory|Dual Wingbeat|p2a: Garchomp\n|-damage|p2a: Garchomp|16/100\n|-damage|p2a: Garchomp|0 fnt\n|faint|p2a: Garchomp\n|-hitcount|p2: Garchomp|2\n|\n|upkeep\n|turn|10\n|-message|Cwisbt forfeited.\n|\n|win|MersusNoctus\n|raw|MersusNoctus's rating: 1228 &rarr; <strong>1259</strong><br />(+31 for winning)\n|raw|Cwisbt's rating: 1314 &rarr; <strong>1289</strong><br />(-25 for losing)\n|l|\u2606Cwisbt\n|player|p2|\n",
  "uploadtime": 1776192682,
  "views": 25,
  "formatid": "gen9championsvgc2026regma",
  "rating": 1259,
  "private": 0,
  "password": null
}