{
  "id": "gen9championsvgc2026regma-2581903860",
  "format": "[Gen 9 Champions] VGC 2026 Reg M-A",
  "players": [
    "nahu_18",
    "JeanPierre693"
  ],
  "log": "|j|\u2606nahu_18\n|j|\u2606JeanPierre693\n|t:|1776038349\n|gametype|doubles\n|player|p1|nahu_18|guitarist|1099\n|player|p2|JeanPierre693|266|1043\n|gen|9\n|tier|[Gen 9 Champions] VGC 2026 Reg M-A\n|rated|\n|rule|Species Clause: Limit one of each Pok\u00e9mon\n|rule|Item Clause: Limit 1 of each item\n|clearpoke\n|poke|p1|Dragonite, L50, M|\n|poke|p1|Garchomp, L50, F|\n|poke|p1|Aegislash, L50, M|\n|poke|p1|Aerodactyl, L50, M|\n|poke|p1|Hydreigon, L50, F|\n|poke|p1|Corviknight, L50, M|\n|poke|p2|Glaceon, L50, F|\n|poke|p2|Starmie, L50|\n|poke|p2|Araquanid, L50, M|\n|poke|p2|Goodra, L50, M|\n|poke|p2|Abomasnow, L50, F|\n|poke|p2|Politoed, L50, F|\n|teampreview|4\n|inactive|Battle timer is ON: inactive players will automatically lose when time's up. (requested by nahu_18)\n|c|\u2606nahu_18|Is that starmen?\n|inactive|nahu_18 has 60 seconds left.\n|inactive|JeanPierre693 has 60 seconds left.\n|inactive|nahu_18 has 30 seconds left.\n|inactive|JeanPierre693 has 30 seconds left.\n|inactive|nahu_18 has 20 seconds left.\n|c|\u2606JeanPierre693|?\n|inactive|nahu_18 has 15 seconds left.\n|c|\u2606JeanPierre693|No inglish\n|inactive|nahu_18 has 10 seconds left.\n|inactive|nahu_18 has 5 seconds left.\n|\n|t:|1776038440\n|teamsize|p1|4\n|teamsize|p2|4\n|start\n|switch|p1a: EDGELORD|Corviknight, L50, M|100/100\n|switch|p1b: NIGHTFEEDER|Aerodactyl, L50, M, shiny|100/100\n|switch|p2a: Politoed|Politoed, L50, F|100/100\n|switch|p2b: Araquanid|Araquanid, L50, M|100/100\n|-weather|RainDance|[from] ability: Drizzle|[of] p2a: Politoed\n|turn|1\n|inactive|nahu_18 has 30 seconds left.\n|\n|t:|1776038468\n|detailschange|p1b: NIGHTFEEDER|Aerodactyl-Mega, L50, M, shiny\n|-mega|p1b: NIGHTFEEDER|Aerodactyl|Aerodactylite\n|move|p2b: Araquanid|Protect|p2b: Araquanid\n|-singleturn|p2b: Araquanid|Protect\n|move|p1b: NIGHTFEEDER|Rock Slide|p2a: Politoed|[spread] p2a\n|-activate|p2b: Araquanid|move: Protect\n|-damage|p2a: Politoed|76/100\n|move|p1a: EDGELORD|Brave Bird|p2a: Politoed\n|-damage|p2a: Politoed|44/100\n|-damage|p1a: EDGELORD|90/100|[from] Recoil\n|cant|p2a: Politoed|flinch\n|\n|-weather|RainDance|[upkeep]\n|-heal|p1a: EDGELORD|96/100|[from] item: Leftovers\n|upkeep\n|turn|2\n|inactive|nahu_18 has 30 seconds left.\n|c|\u2606nahu_18|No ingles\n|inactive|nahu_18 has 20 seconds left.\n|inactive|JeanPierre693 has 30 seconds left.\n|\n|t:|1776038508\n|move|p1b: NIGHTFEEDER|Rock Slide|p2b: Araquanid|[spread] p2a,p2b\n|-supereffective|p2b: Araquanid|1\n|-damage|p2a: Politoed|18/100\n|-damage|p2b: Araquanid|39/100\n|move|p1a: EDGELORD|Brave Bird|p2a: Politoed\n|-damage|p2a: Politoed|0 fnt\n|faint|p2a: Politoed\n|-damage|p1a: EDGELORD|90/100|[from] Recoil\n|cant|p2b: Araquanid|flinch\n|\n|-weather|RainDance|[upkeep]\n|-heal|p1a: EDGELORD|96/100|[from] item: Leftovers\n|upkeep\n|\n|t:|1776038523\n|switch|p2a: Starmie|Starmie, L50|100/100\n|turn|3\n|c|\u2606nahu_18|Lucky me\n|inactive|nahu_18 has 30 seconds left.\n|inactive|nahu_18 has 20 seconds left.\n|inactive|nahu_18 has 15 seconds left.\n|inactive|nahu_18 has 10 seconds left.\n|\n|t:|1776038570\n|switch|p1b: GHIDORA|Hydreigon, L50, F|100/100\n|detailschange|p2a: Starmie|Starmie-Mega, L50\n|-mega|p2a: Starmie|Starmie|Starminite\n|move|p2a: Starmie|Hydro Pump|p1b: GHIDORA\n|-resisted|p1b: GHIDORA|1\n|-damage|p1b: GHIDORA|48/100\n|move|p1a: EDGELORD|Brave Bird|p2b: Araquanid\n|-supereffective|p2b: Araquanid|1\n|-damage|p2b: Araquanid|0 fnt\n|faint|p2b: Araquanid\n|-damage|p1a: EDGELORD|85/100|[from] Recoil\n|\n|-weather|RainDance|[upkeep]\n|-heal|p1a: EDGELORD|91/100|[from] item: Leftovers\n|upkeep\n|\n|t:|1776038581\n|switch|p2b: Glaceon|Glaceon, L50, F|100/100\n|turn|4\n|inactive|nahu_18 has 30 seconds left.\n|\n|t:|1776038609\n|move|p2a: Starmie|Blizzard|p1a: EDGELORD|[spread] p1a,p1b\n|-supereffective|p1b: GHIDORA|1\n|-damage|p1a: EDGELORD|64/100\n|-damage|p1b: GHIDORA|0 fnt\n|faint|p1b: GHIDORA\n|move|p1a: EDGELORD|Body Press|p2b: Glaceon\n|-supereffective|p2b: Glaceon|1\n|-damage|p2b: Glaceon|62/100\n|move|p2b: Glaceon|Weather Ball|p1a: EDGELORD\n|-damage|p1a: EDGELORD|10/100\n|\n|-weather|RainDance|[upkeep]\n|-heal|p1a: EDGELORD|16/100|[from] item: Leftovers\n|-heal|p2b: Glaceon|68/100|[from] item: Leftovers\n|upkeep\n|\n|t:|1776038629\n|switch|p1b: NIGHTFEEDER|Aerodactyl-Mega, L50, M, shiny|100/100\n|turn|5\n|\n|t:|1776038641\n|move|p2b: Glaceon|Protect|p2b: Glaceon\n|-singleturn|p2b: Glaceon|Protect\n|move|p1b: NIGHTFEEDER|Rock Slide|p2a: Starmie|[spread] \n|-activate|p2b: Glaceon|move: Protect\n|-miss|p1b: NIGHTFEEDER|p2a: Starmie\n|move|p2a: Starmie|Hydro Pump|p1b: NIGHTFEEDER\n|-supereffective|p1b: NIGHTFEEDER|1\n|-damage|p1b: NIGHTFEEDER|0 fnt\n|faint|p1b: NIGHTFEEDER\n|move|p1a: EDGELORD|Body Press|p2b: Glaceon\n|-activate|p2b: Glaceon|move: Protect\n|\n|-weather|none\n|-heal|p1a: EDGELORD|22/100|[from] item: Leftovers\n|-heal|p2b: Glaceon|74/100|[from] item: Leftovers\n|upkeep\n|\n|t:|1776038652\n|switch|p1b: GARCHON|Garchomp, L50, F|100/100\n|turn|6\n|\n|t:|1776038669\n|move|p1b: GARCHON|Earthquake|p2b: Glaceon|[spread] p2a,p2b\n|-immune|p1a: EDGELORD\n|-damage|p2a: Starmie|52/100\n|-damage|p2b: Glaceon|32/100\n|move|p2a: Starmie|Blizzard|p1b: GARCHON|[spread] p1a,p1b\n|-supereffective|p1b: GARCHON|2\n|-damage|p1a: EDGELORD|0 fnt\n|-damage|p1b: GARCHON|0 fnt\n|faint|p1a: EDGELORD\n|faint|p1b: GARCHON\n|\n|win|JeanPierre693\n|raw|nahu_18's rating: 1099 &rarr; <strong>1070</strong><br />(-29 for losing)\n|raw|JeanPierre693's rating: 1043 &rarr; <strong>1082</strong><br />(+39 for winning)\n|l|\u2606nahu_18\n|player|p1|\n",
  "uploadtime": 1776038904,
  "views": 9,
  "formatid": "gen9championsvgc2026regma",
  "rating": 1070,
  "private": 0,
  "password": null
}