{
  "id": "gen9championsvgc2026regma-2584147235",
  "format": "[Gen 9 Champions] VGC 2026 Reg M-A",
  "players": [
    "catpotatt",
    "v6262526"
  ],
  "log": "|j|\u2606catpotatt\n|j|\u2606v6262526\n|t:|1776230668\n|gametype|doubles\n|player|p1|catpotatt|roxie|1222\n|player|p2|v6262526|2|1186\n|gen|9\n|tier|[Gen 9 Champions] VGC 2026 Reg M-A\n|rated|\n|rule|Species Clause: Limit one of each Pok\u00e9mon\n|rule|Item Clause: Limit 1 of each item\n|clearpoke\n|poke|p1|Basculegion, L50, M|\n|poke|p1|Floette-Eternal, L50, F|\n|poke|p1|Talonflame, L50, F|\n|poke|p1|Garchomp, L50, M|\n|poke|p1|Gardevoir, L50, M|\n|poke|p1|Rotom-Heat, L50|\n|poke|p2|Starmie, L50|\n|poke|p2|Tyranitar, L50, F|\n|poke|p2|Garchomp, L50, M|\n|poke|p2|Aerodactyl, L50, M|\n|poke|p2|Aegislash, L50, F|\n|poke|p2|Rotom-Heat, L50|\n|teampreview|4\n|\n|t:|1776230703\n|teamsize|p1|4\n|teamsize|p2|4\n|start\n|switch|p1a: Garchomp|Garchomp, L50, M|100/100\n|switch|p1b: Gardevoir|Gardevoir, L50, M|100/100\n|switch|p2a: Aerodactyl|Aerodactyl, L50, M|100/100\n|switch|p2b: Rotom|Rotom-Heat, L50|100/100\n|-ability|p2a: Aerodactyl|Unnerve\n|turn|1\n|\n|t:|1776230726\n|move|p2a: Aerodactyl|Tailwind|p2a: Aerodactyl\n|-sidestart|p2: v6262526|move: Tailwind\n|move|p2b: Rotom|Thunderbolt|p1b: Gardevoir\n|-damage|p1b: Gardevoir|60/100\n|move|p1a: Garchomp|Stone Edge|p2b: Rotom\n|-supereffective|p2b: Rotom|1\n|-damage|p2b: Rotom|1/100\n|-enditem|p2b: Rotom|Sitrus Berry|[eat]\n|-heal|p2b: Rotom|26/100|[from] item: Sitrus Berry\n|move|p1b: Gardevoir|Moonblast|p2a: Aerodactyl\n|-damage|p2a: Aerodactyl|36/100\n|-unboost|p2a: Aerodactyl|spa|1\n|\n|upkeep\n|turn|2\n|\n|t:|1776230749\n|move|p2b: Rotom|Helping Hand|p2a: Aerodactyl\n|-singleturn|p2a: Aerodactyl|Helping Hand|[of] p2b: Rotom\n|move|p1b: Gardevoir|Protect|p1b: Gardevoir\n|-singleturn|p1b: Gardevoir|Protect\n|move|p2a: Aerodactyl|Rock Slide|p1b: Gardevoir|[spread] p1a\n|-activate|p1b: Gardevoir|move: Protect\n|-resisted|p1a: Garchomp|1\n|-damage|p1a: Garchomp|81/100\n|move|p1a: Garchomp|Dragon Claw|p2a: Aerodactyl\n|-damage|p2a: Aerodactyl|0 fnt\n|faint|p2a: Aerodactyl\n|\n|upkeep\n|\n|t:|1776230769\n|switch|p2a: Aegislash|Aegislash, L50, F, shiny|100/100\n|turn|3\n|\n|t:|1776230783\n|move|p2b: Rotom|Protect|p2b: Rotom\n|-singleturn|p2b: Rotom|Protect\n|-formechange|p2a: Aegislash|Aegislash-Blade|\n|move|p2a: Aegislash|Shadow Ball|p1b: Gardevoir\n|-supereffective|p1b: Gardevoir|1\n|-damage|p1b: Gardevoir|0 fnt\n|faint|p1b: Gardevoir\n|move|p1a: Garchomp|Earthquake|p2b: Rotom|[spread] p2a\n|-activate|p2b: Rotom|move: Protect\n|-supereffective|p2a: Aegislash|1\n|-damage|p2a: Aegislash|0 fnt\n|faint|p2a: Aegislash\n|\n|upkeep\n|\n|t:|1776230796\n|switch|p1b: Floette|Floette-Eternal, L50, F|100/100\n|switch|p2a: Tyranitar|Tyranitar, L50, F|100/100\n|-weather|Sandstorm|[from] ability: Sand Stream|[of] p2a: Tyranitar\n|turn|4\n|\n|t:|1776230818\n|detailschange|p1b: Floette|Floette-Mega, L50, F\n|-mega|p1b: Floette|Floette|Floettite\n|-ability|p1b: Floette|Fairy Aura\n|move|p1b: Floette|Protect|p1b: Floette\n|-singleturn|p1b: Floette|Protect\n|move|p1a: Garchomp|Protect|p1a: Garchomp\n|-singleturn|p1a: Garchomp|Protect\n|move|p2a: Tyranitar|Ice Punch|p1a: Garchomp\n|-activate|p1a: Garchomp|move: Protect\n|move|p2b: Rotom|Thunderbolt|p1b: Floette\n|-activate|p1b: Floette|move: Protect\n|\n|-weather|Sandstorm|[upkeep]\n|-damage|p2b: Rotom|20/100|[from] Sandstorm\n|-damage|p1b: Floette|95/100|[from] Sandstorm\n|-sideend|p2: v6262526|move: Tailwind\n|upkeep\n|turn|5\n|\n|t:|1776230845\n|move|p1b: Floette|Moonblast|p2a: Tyranitar\n|-supereffective|p2a: Tyranitar|1\n|-damage|p2a: Tyranitar|0 fnt\n|faint|p2a: Tyranitar\n|move|p1a: Garchomp|Dragon Claw|p2b: Rotom\n|-damage|p2b: Rotom|0 fnt\n|faint|p2b: Rotom\n|\n|win|catpotatt\n|raw|catpotatt's rating: 1222 &rarr; <strong>1244</strong><br />(+22 for winning)\n|raw|v6262526's rating: 1186 &rarr; <strong>1164</strong><br />(-22 for losing)\n|c|\u2606catpotatt|gg\n",
  "uploadtime": 1776230854,
  "views": 18,
  "formatid": "gen9championsvgc2026regma",
  "rating": 1164,
  "private": 0,
  "password": null
}