{
  "id": "gen9championsvgc2026regma-2586936351",
  "format": "[Gen 9 Champions] VGC 2026 Reg M-A",
  "players": [
    "carpentry",
    "noRNGplz"
  ],
  "log": "|j|\u2606carpentry\n|j|\u2606noRNGplz\n|t:|1776473466\n|gametype|doubles\n|player|p1|carpentry|alder|1423\n|player|p2|noRNGplz|2|1459\n|gen|9\n|tier|[Gen 9 Champions] VGC 2026 Reg M-A\n|rated|\n|rule|Species Clause: Limit one of each Pok\u00e9mon\n|rule|Item Clause: Limit 1 of each item\n|clearpoke\n|poke|p1|Delphox, L50, M|\n|poke|p1|Torkoal, L50, M|\n|poke|p1|Sneasler, L50, M|\n|poke|p1|Whimsicott, L50, F|\n|poke|p1|Kingambit, L50, F|\n|poke|p1|Dragapult, L50, M|\n|poke|p2|Pidgeot, L50, M|\n|poke|p2|Goodra-Hisui, L50, F|\n|poke|p2|Sneasler, L50, F|\n|poke|p2|Basculegion, L50, M|\n|poke|p2|Sinistcha-Masterpiece, L50|\n|poke|p2|Rotom-Heat, L50|\n|teampreview|4\n|j| jellow69\n|\n|t:|1776473518\n|teamsize|p1|4\n|teamsize|p2|4\n|start\n|switch|p1a: Dragapult|Dragapult, L50, M|100/100\n|switch|p1b: Whimsicott|Whimsicott, L50, F|100/100\n|switch|p2a: Pidgeot|Pidgeot, L50, M|100/100\n|switch|p2b: Rotom|Rotom-Heat, L50|100/100\n|turn|1\n|\n|t:|1776473551\n|detailschange|p2a: Pidgeot|Pidgeot-Mega, L50, M\n|-mega|p2a: Pidgeot|Pidgeot|Pidgeotite\n|move|p1b: Whimsicott|Tailwind|p1b: Whimsicott\n|-sidestart|p1: carpentry|move: Tailwind\n|move|p1a: Dragapult|Dragon Darts|p2a: Pidgeot\n|-damage|p2a: Pidgeot|65/100\n|-anim|p1a: Dragapult|Dragon Darts|p2b: Rotom\n|-damage|p2b: Rotom|76/100\n|move|p2a: Pidgeot|Tailwind|p2a: Pidgeot\n|-sidestart|p2: noRNGplz|move: Tailwind\n|move|p2b: Rotom|Thunderbolt|p1b: Whimsicott\n|-resisted|p1b: Whimsicott|1\n|-damage|p1b: Whimsicott|79/100\n|\n|upkeep\n|turn|2\n|\n|t:|1776473574\n|move|p2a: Pidgeot|Protect|p2a: Pidgeot\n|-singleturn|p2a: Pidgeot|Protect\n|move|p1b: Whimsicott|Encore|p2a: Pidgeot\n|-activate|p2a: Pidgeot|move: Protect\n|move|p1a: Dragapult|Dragon Darts|p2b: Rotom\n|-damage|p2b: Rotom|52/100\n|-anim|p1a: Dragapult|Dragon Darts|p2b: Rotom\n|-crit|p2b: Rotom\n|-damage|p2b: Rotom|13/100\n|move|p2b: Rotom|Overheat|p1b: Whimsicott\n|-supereffective|p1b: Whimsicott|1\n|-damage|p1b: Whimsicott|0 fnt\n|-unboost|p2b: Rotom|spa|2\n|faint|p1b: Whimsicott\n|\n|upkeep\n|j| Aeiou123456\n|l| Aeiou123456\n|\n|t:|1776473604\n|switch|p1b: Sneasler|Sneasler, L50, M|100/100\n|turn|3\n|\n|t:|1776473618\n|switch|p2a: Sneasler|Sneasler, L50, F|100/100\n|move|p1b: Sneasler|Fake Out|p2a: Sneasler\n|-damage|p2a: Sneasler|76/100\n|move|p1a: Dragapult|Dragon Darts|p2a: Sneasler\n|-damage|p2a: Sneasler|34/100\n|-anim|p1a: Dragapult|Dragon Darts|p2b: Rotom\n|-damage|p2b: Rotom|0 fnt\n|faint|p2b: Rotom\n|\n|upkeep\n|\n|t:|1776473625\n|switch|p2b: Pidgeot|Pidgeot-Mega, L50, M|65/100\n|turn|4\n|\n|t:|1776473646\n|move|p1b: Sneasler|Protect|p1b: Sneasler\n|-singleturn|p1b: Sneasler|Protect\n|move|p1a: Dragapult|Dragon Darts|p2b: Pidgeot\n|-damage|p2b: Pidgeot|33/100\n|-anim|p1a: Dragapult|Dragon Darts|p2a: Sneasler\n|-damage|p2a: Sneasler|0 fnt\n|faint|p2a: Sneasler\n|move|p2b: Pidgeot|Hurricane|p1b: Sneasler\n|-activate|p1b: Sneasler|move: Protect\n|\n|-sideend|p2: noRNGplz|move: Tailwind\n|-sideend|p1: carpentry|move: Tailwind\n|upkeep\n|\n|t:|1776473650\n|switch|p2a: Basculegion|Basculegion, L50, M|100/100\n|turn|5\n|\n|t:|1776473682\n|move|p2a: Basculegion|Last Respects|p1a: Dragapult\n|-supereffective|p1a: Dragapult|1\n|-damage|p1a: Dragapult|0 fnt\n|faint|p1a: Dragapult\n|move|p2b: Pidgeot|Hurricane|p1b: Sneasler\n|-supereffective|p1b: Sneasler|1\n|-enditem|p1b: Sneasler|Focus Sash\n|-damage|p1b: Sneasler|1/100\n|-start|p1b: Sneasler|confusion\n|-activate|p1b: Sneasler|confusion\n|move|p1b: Sneasler|Dire Claw|p2a: Basculegion\n|-resisted|p2a: Basculegion|1\n|-damage|p2a: Basculegion|71/100\n|-status|p2a: Basculegion|psn|[from] ability: Poison Touch|[of] p1b: Sneasler\n|\n|-damage|p2a: Basculegion|59/100 psn|[from] psn\n|upkeep\n|inactive|Battle timer is ON: inactive players will automatically lose when time's up. (requested by noRNGplz)\n|\n|t:|1776473696\n|switch|p1a: Soopaman Luva|Delphox, L50, M|100/100\n|turn|6\n|inactive|carpentry has 30 seconds left.\n|inactive|carpentry has 20 seconds left.\n|\n|t:|1776473733\n|detailschange|p1a: Soopaman Luva|Delphox-Mega, L50, M\n|-mega|p1a: Soopaman Luva|Delphox|Delphoxite\n|move|p1a: Soopaman Luva|Protect|p1a: Soopaman Luva\n|-singleturn|p1a: Soopaman Luva|Protect\n|move|p2a: Basculegion|Last Respects|p1a: Soopaman Luva\n|-activate|p1a: Soopaman Luva|move: Protect\n|move|p2b: Pidgeot|Hurricane|p1b: Sneasler\n|-supereffective|p1b: Sneasler|1\n|-damage|p1b: Sneasler|0 fnt\n|faint|p1b: Sneasler\n|\n|-damage|p2a: Basculegion|47/100 psn|[from] psn\n|upkeep\n|turn|7\n|\n|t:|1776473751\n|move|p2a: Basculegion|Last Respects|p1a: Soopaman Luva\n|-supereffective|p1a: Soopaman Luva|1\n|-damage|p1a: Soopaman Luva|0 fnt\n|faint|p1a: Soopaman Luva\n|\n|win|noRNGplz\n|raw|carpentry's rating: 1423 &rarr; <strong>1405</strong><br />(-18 for losing)\n|raw|noRNGplz's rating: 1459 &rarr; <strong>1477</strong><br />(+18 for winning)\n",
  "uploadtime": 1776473762,
  "views": 46,
  "formatid": "gen9championsvgc2026regma",
  "rating": 1405,
  "private": 0,
  "password": null
}