{
  "id": "gen9championsvgc2026regma-2587286148",
  "format": "[Gen 9 Champions] VGC 2026 Reg M-A",
  "players": [
    "dune's kitchen",
    "jinjudoksa"
  ],
  "log": "|j|\u2606dune's kitchen\n|j|\u2606jinjudoksa\n|t:|1776518392\n|gametype|doubles\n|player|p1|dune's kitchen|baker|1175\n|player|p2|jinjudoksa|2|1129\n|gen|9\n|tier|[Gen 9 Champions] VGC 2026 Reg M-A\n|rated|\n|rule|Species Clause: Limit one of each Pok\u00e9mon\n|rule|Item Clause: Limit 1 of each item\n|clearpoke\n|poke|p1|Meowstic-F, L50, F|\n|poke|p1|Wyrdeer, L50, M|\n|poke|p1|Sinistcha, L50|\n|poke|p1|Tyranitar, L50, F|\n|poke|p1|Excadrill, L50, F|\n|poke|p1|Kommo-o, L50, F|\n|poke|p2|Tyranitar, L50, M|\n|poke|p2|Incineroar, L50, F|\n|poke|p2|Glimmora, L50, M|\n|poke|p2|Sinistcha, L50|\n|poke|p2|Farigiraf, L50, F|\n|poke|p2|Gengar, L50, M|\n|teampreview|4\n|inactive|Battle timer is ON: inactive players will automatically lose when time's up. (requested by jinjudoksa)\n|inactive|jinjudoksa has 60 seconds left.\n|\n|t:|1776518447\n|teamsize|p1|4\n|teamsize|p2|4\n|start\n|switch|p1a: Meowstic|Meowstic-F, L50, F|100/100\n|switch|p1b: Wyrdeer|Wyrdeer, L50, M|100/100\n|switch|p2a: Sinistcha|Sinistcha, L50|100/100\n|switch|p2b: Glimmora|Glimmora, L50, M|100/100\n|-ability|p1b: Wyrdeer|Intimidate|boost\n|-unboost|p2a: Sinistcha|atk|1\n|-unboost|p2b: Glimmora|atk|1\n|turn|1\n|inactive|jinjudoksa has 30 seconds left.\n|\n|t:|1776518478\n|move|p1a: Meowstic|Fake Out|p2b: Glimmora\n|-resisted|p2b: Glimmora|1\n|-damage|p2b: Glimmora|98/100\n|-activate|p2b: Glimmora|ability: Toxic Debris\n|-sidestart|p1: dune's kitchen|move: Toxic Spikes\n|move|p2a: Sinistcha|Rage Powder|p2a: Sinistcha\n|-singleturn|p2a: Sinistcha|move: Rage Powder\n|cant|p2b: Glimmora|flinch\n|move|p1b: Wyrdeer|Skill Swap|p2a: Sinistcha\n|-activate|p1b: Wyrdeer|Skill Swap|Hospitality|Intimidate|[of] p2a: Sinistcha\n|-ability|p2a: Sinistcha|Intimidate|boost\n|-unboost|p1a: Meowstic|atk|1\n|-ability|p1a: Meowstic|Competitive|boost\n|-boost|p1a: Meowstic|spa|2\n|-unboost|p1b: Wyrdeer|atk|1\n|\n|upkeep\n|turn|2\n|inactive|dune's kitchen has 30 seconds left.\n|inactive|jinjudoksa has 30 seconds left.\n|\n|t:|1776518509\n|switch|p2a: Gengar|Gengar, L50, M|100/100\n|detailschange|p1a: Meowstic|Meowstic-F-Mega, L50, F\n|-mega|p1a: Meowstic|Meowstic|Meowsticite\n|-ability|p1a: Meowstic|Cursed Body|Trace|[from] ability: Trace|[of] p2a: Gengar\n|move|p1a: Meowstic|Psychic Noise|p2b: Glimmora\n|-supereffective|p2b: Glimmora|1\n|-damage|p2b: Glimmora|0 fnt\n|faint|p2b: Glimmora\n|move|p1b: Wyrdeer|Psychic|p2a: Gengar\n|-supereffective|p2a: Gengar|1\n|-damage|p2a: Gengar|13/100\n|\n|upkeep\n|\n|t:|1776518524\n|switch|p2b: Sinistcha|Sinistcha, L50|100/100\n|-heal|p2a: Gengar|38/100|[from] ability: Hospitality|[of] p2b: Sinistcha\n|turn|3\n|\n|t:|1776518544\n|move|p1a: Meowstic|Protect|p1a: Meowstic\n|-singleturn|p1a: Meowstic|Protect\n|move|p2b: Sinistcha|Rage Powder|p2b: Sinistcha\n|-singleturn|p2b: Sinistcha|move: Rage Powder\n|move|p2a: Gengar|Shadow Ball|p1a: Meowstic\n|-activate|p1a: Meowstic|move: Protect\n|move|p1b: Wyrdeer|Trick Room|p1b: Wyrdeer\n|-fieldstart|move: Trick Room|[of] p1b: Wyrdeer\n|\n|upkeep\n|turn|4\n|\n|t:|1776518567\n|switch|p2a: Farigiraf|Farigiraf, L50, F|100/100\n|switch|p1a: Tyranitar|Tyranitar, L50, F|100/100\n|-status|p1a: Tyranitar|psn\n|-weather|Sandstorm|[from] ability: Sand Stream|[of] p1a: Tyranitar\n|move|p1b: Wyrdeer|Psychic|p2a: Farigiraf\n|-resisted|p2a: Farigiraf|1\n|-damage|p2a: Farigiraf|82/100\n|move|p2b: Sinistcha|Matcha Gotcha|p1a: Tyranitar|[spread] p1a,p1b\n|-supereffective|p1a: Tyranitar|1\n|-damage|p1a: Tyranitar|65/100 psn\n|-damage|p1b: Wyrdeer|82/100\n|\n|-weather|Sandstorm|[upkeep]\n|-damage|p1b: Wyrdeer|76/100|[from] Sandstorm\n|-damage|p2a: Farigiraf|76/100|[from] Sandstorm\n|-damage|p2b: Sinistcha|94/100|[from] Sandstorm\n|-damage|p1a: Tyranitar|53/100 psn|[from] psn\n|upkeep\n|turn|5\n|inactive|dune's kitchen has 30 seconds left.\n|inactive|jinjudoksa has 30 seconds left.\n|inactive|dune's kitchen has 20 seconds left.\n|\n|t:|1776518604\n|move|p2a: Farigiraf|Helping Hand|p2b: Sinistcha\n|-singleturn|p2b: Sinistcha|Helping Hand|[of] p2a: Farigiraf\n|move|p1b: Wyrdeer|Skill Swap|p1a: Tyranitar\n|-activate|p1b: Wyrdeer|Skill Swap|||[of] p1a: Tyranitar\n|-heal|p1b: Wyrdeer|100/100|[from] ability: Hospitality|[of] p1a: Tyranitar\n|move|p1a: Tyranitar|Knock Off|p2b: Sinistcha\n|-supereffective|p2b: Sinistcha|1\n|-damage|p2b: Sinistcha|0 fnt\n|-enditem|p2b: Sinistcha|Mental Herb|[from] move: Knock Off|[of] p1a: Tyranitar\n|faint|p2b: Sinistcha\n|\n|-weather|Sandstorm|[upkeep]\n|-damage|p1b: Wyrdeer|94/100|[from] Sandstorm\n|-damage|p2a: Farigiraf|70/100|[from] Sandstorm\n|-damage|p1a: Tyranitar|41/100 psn|[from] psn\n|upkeep\n|\n|t:|1776518619\n|switch|p2b: Gengar|Gengar, L50, M|38/100\n|turn|6\n|\n|t:|1776518631\n|move|p1b: Wyrdeer|Skill Swap|p1a: Tyranitar\n|-activate|p1b: Wyrdeer|Skill Swap|||[of] p1a: Tyranitar\n|-heal|p1a: Tyranitar|65/100 psn|[from] ability: Hospitality|[of] p1b: Wyrdeer\n|move|p2a: Farigiraf|Hyper Voice|p1b: Wyrdeer|[spread] p1a,p1b\n|-resisted|p1a: Tyranitar|1\n|-damage|p1a: Tyranitar|55/100 psn\n|-damage|p1b: Wyrdeer|70/100\n|move|p1a: Tyranitar|Rock Slide|p2b: Gengar|[spread] \n|-miss|p1a: Tyranitar|p2a: Farigiraf\n|-miss|p1a: Tyranitar|p2b: Gengar\n|move|p2b: Gengar|Venoshock|p1a: Tyranitar\n|-resisted|p1a: Tyranitar|1\n|-damage|p1a: Tyranitar|39/100 psn\n|\n|-weather|Sandstorm|[upkeep]\n|-damage|p1b: Wyrdeer|64/100|[from] Sandstorm\n|-damage|p2a: Farigiraf|63/100|[from] Sandstorm\n|-damage|p2b: Gengar|32/100|[from] Sandstorm\n|-damage|p1a: Tyranitar|27/100 psn|[from] psn\n|upkeep\n|turn|7\n|-message|jinjudoksa forfeited.\n|\n|win|dune's kitchen\n|raw|dune&apos;s kitchen's rating: 1175 &rarr; <strong>1197</strong><br />(+22 for winning)\n|raw|jinjudoksa's rating: 1129 &rarr; <strong>1107</strong><br />(-22 for losing)\n|l|\u2606jinjudoksa\n|player|p2|\n",
  "uploadtime": 1776518652,
  "views": 21,
  "formatid": "gen9championsvgc2026regma",
  "rating": 1107,
  "private": 0,
  "password": null
}