{
  "id": "gen9championsvgc2026regma-2584598556",
  "format": "[Gen 9 Champions] VGC 2026 Reg M-A",
  "players": [
    "thronix",
    "Tonywongtong"
  ],
  "log": "|j|\u2606thronix\n|j|\u203dTonywongtong\n|t:|1776271221\n|gametype|doubles\n|player|p1|thronix|cynthia|1024\n|player|p2|Tonywongtong|cynthia|1032\n|gen|9\n|tier|[Gen 9 Champions] VGC 2026 Reg M-A\n|rated|\n|rule|Species Clause: Limit one of each Pok\u00e9mon\n|rule|Item Clause: Limit 1 of each item\n|clearpoke\n|poke|p1|Delphox, L50, F|\n|poke|p1|Tyranitar, L50, F|\n|poke|p1|Excadrill, L50, M|\n|poke|p1|Rotom-Wash, L50|\n|poke|p1|Garchomp, L50, M|\n|poke|p1|Whimsicott, L50, M|\n|poke|p2|Hawlucha, L50, F|\n|poke|p2|Krookodile, L50, F|\n|poke|p2|Incineroar, L50, F|\n|poke|p2|Whimsicott, L50, F|\n|poke|p2|Sinistcha, L50|\n|poke|p2|Maushold-Four, L50|\n|teampreview|4\n|\n|t:|1776271254\n|teamsize|p1|4\n|teamsize|p2|4\n|start\n|switch|p1a: Tyranitar|Tyranitar, L50, F|100/100\n|switch|p1b: Whimsicott|Whimsicott, L50, M|100/100\n|switch|p2a: Hawlucha|Hawlucha, L50, F|100/100\n|switch|p2b: Krookodile|Krookodile, L50, F|100/100\n|-ability|p2a: Hawlucha|Mold Breaker\n|-ability|p2b: Krookodile|Intimidate|boost\n|-unboost|p1a: Tyranitar|atk|1\n|-unboost|p1b: Whimsicott|atk|1\n|-weather|Sandstorm|[from] ability: Sand Stream|[of] p1a: Tyranitar\n|turn|1\n|\n|t:|1776271298\n|detailschange|p1a: Tyranitar|Tyranitar-Mega, L50, F\n|-mega|p1a: Tyranitar|Tyranitar|Tyranitarite\n|move|p2b: Krookodile|Protect|p2b: Krookodile\n|-singleturn|p2b: Krookodile|Protect\n|move|p1b: Whimsicott|Encore|p2b: Krookodile\n|-activate|p2b: Krookodile|move: Protect\n|move|p2a: Hawlucha|Close Combat|p1a: Tyranitar\n|-supereffective|p1a: Tyranitar|2\n|-damage|p1a: Tyranitar|0 fnt\n|-unboost|p2a: Hawlucha|def|1\n|-unboost|p2a: Hawlucha|spd|1\n|faint|p1a: Tyranitar\n|\n|-weather|Sandstorm|[upkeep]\n|-damage|p2a: Hawlucha|95/100|[from] Sandstorm\n|-damage|p1b: Whimsicott|95/100|[from] Sandstorm\n|upkeep\n|\n|t:|1776271321\n|switch|p1a: Rotom|Rotom-Wash, L50|100/100\n|turn|2\n|\n|t:|1776271346\n|switch|p2b: Maushold|Maushold-Four, L50|100/100\n|move|p2a: Hawlucha|Detect|p2a: Hawlucha\n|-singleturn|p2a: Hawlucha|Protect\n|move|p1b: Whimsicott|Moonblast|p2a: Hawlucha\n|-activate|p2a: Hawlucha|move: Protect\n|move|p1a: Rotom|Hydro Pump|p2b: Maushold\n|-damage|p2b: Maushold|39/100\n|\n|-weather|Sandstorm|[upkeep]\n|-damage|p2a: Hawlucha|89/100|[from] Sandstorm\n|-damage|p2b: Maushold|33/100|[from] Sandstorm\n|-damage|p1b: Whimsicott|89/100|[from] Sandstorm\n|-damage|p1a: Rotom|95/100|[from] Sandstorm\n|upkeep\n|turn|3\n|\n|t:|1776271373\n|move|p2b: Maushold|Follow Me|p2b: Maushold\n|-singleturn|p2b: Maushold|move: Follow Me\n|move|p2a: Hawlucha|Brave Bird|p1b: Whimsicott\n|-supereffective|p1b: Whimsicott|1\n|-damage|p1b: Whimsicott|0 fnt\n|faint|p1b: Whimsicott\n|-damage|p2a: Hawlucha|57/100|[from] Recoil\n|move|p1a: Rotom|Thunderbolt|p2b: Maushold\n|-damage|p2b: Maushold|0 fnt\n|faint|p2b: Maushold\n|\n|-weather|Sandstorm|[upkeep]\n|-damage|p2a: Hawlucha|51/100|[from] Sandstorm\n|-damage|p1a: Rotom|89/100|[from] Sandstorm\n|upkeep\n|\n|t:|1776271388\n|switch|p2b: Krookodile|Krookodile, L50, F|100/100\n|switch|p1b: Excadrill|Excadrill, L50, M|100/100\n|-ability|p2b: Krookodile|Intimidate|boost\n|-unboost|p1a: Rotom|atk|1\n|-unboost|p1b: Excadrill|atk|1\n|-enditem|p1b: Excadrill|White Herb\n|-clearnegativeboost|p1b: Excadrill|[silent]\n|turn|4\n|\n|t:|1776271434\n|move|p2a: Hawlucha|Entrainment|p2b: Krookodile\n|-ability|p2b: Krookodile|Mold Breaker|Intimidate|[from] move: Entrainment|[of] p2a: Hawlucha\n|-ability|p2b: Krookodile|Mold Breaker\n|move|p2b: Krookodile|Fissure|p1b: Excadrill\n|-damage|p1b: Excadrill|0 fnt\n|faint|p1b: Excadrill\n|-ohko\n|move|p1a: Rotom|Hydro Pump|p2b: Krookodile\n|-supereffective|p2b: Krookodile|1\n|-damage|p2b: Krookodile|0 fnt\n|faint|p2b: Krookodile\n|\n|-weather|Sandstorm|[upkeep]\n|-damage|p2a: Hawlucha|45/100|[from] Sandstorm\n|-damage|p1a: Rotom|84/100|[from] Sandstorm\n|upkeep\n|\n|t:|1776271452\n|switch|p2b: Incineroar|Incineroar, L50, F|100/100\n|-ability|p2b: Incineroar|Intimidate|boost\n|-unboost|p1a: Rotom|atk|1\n|turn|5\n|\n|t:|1776271468\n|move|p2b: Incineroar|Fake Out|p1a: Rotom\n|-damage|p1a: Rotom|63/100\n|move|p2a: Hawlucha|Close Combat|p1a: Rotom\n|-damage|p1a: Rotom|0 fnt\n|-unboost|p2a: Hawlucha|def|1\n|-unboost|p2a: Hawlucha|spd|1\n|faint|p1a: Rotom\n|\n|win|Tonywongtong\n|raw|thronix's rating: 1024 &rarr; <strong>1011</strong><br />(-13 for losing)\n|raw|Tonywongtong's rating: 1032 &rarr; <strong>1066</strong><br />(+34 for winning)\n|l|\u2606thronix\n|player|p1|\n",
  "uploadtime": 1776271480,
  "views": 40,
  "formatid": "gen9championsvgc2026regma",
  "rating": 1011,
  "private": 0,
  "password": null
}