{
  "id": "gen9championsvgc2026regma-2582003181",
  "format": "[Gen 9 Champions] VGC 2026 Reg M-A",
  "players": [
    "Gosuguy",
    "hayniu"
  ],
  "log": "|j|\u2606Gosuguy\n|j|\u2606hayniu\n|t:|1776047383\n|gametype|doubles\n|player|p1|Gosuguy|1|1211\n|player|p2|hayniu|170|1147\n|gen|9\n|tier|[Gen 9 Champions] VGC 2026 Reg M-A\n|rated|\n|rule|Species Clause: Limit one of each Pok\u00e9mon\n|rule|Item Clause: Limit 1 of each item\n|clearpoke\n|poke|p1|Hawlucha, L50, F|\n|poke|p1|Garganacl, L50, M|\n|poke|p1|Kingambit, L50, M|\n|poke|p1|Incineroar, L50, M|\n|poke|p1|Sinistcha, L50|\n|poke|p1|Starmie, L50|\n|poke|p2|Camerupt, L50, F|\n|poke|p2|Chesnaught, L50, F|\n|poke|p2|Crabominable, L50, M|\n|poke|p2|Aurorus, L50, M|\n|poke|p2|Mimikyu, L50, F|\n|poke|p2|Floette-Eternal, L50, F|\n|teampreview|4\n|inactive|Battle timer is ON: inactive players will automatically lose when time's up. (requested by Gosuguy)\n|inactive|Gosuguy has 60 seconds left.\n|inactive|Gosuguy has 30 seconds left.\n|inactive|Gosuguy has 20 seconds left.\n|\n|t:|1776047457\n|teamsize|p1|4\n|teamsize|p2|4\n|start\n|switch|p1a: Starmie|Starmie, L50|100/100\n|switch|p1b: Kingambit|Kingambit, L50, M|100/100\n|switch|p2a: Mimikyu|Mimikyu, L50, F|100/100\n|switch|p2b: Camerupt|Camerupt, L50, F|100/100\n|turn|1\n|\n|t:|1776047472\n|switch|p2b: Chesnaught|Chesnaught, L50, F|100/100\n|detailschange|p1a: Starmie|Starmie-Mega, L50\n|-mega|p1a: Starmie|Starmie|Starminite\n|move|p1a: Starmie|Liquidation|p2a: Mimikyu\n|-activate|p2a: Mimikyu|ability: Disguise\n|-damage|p2a: Mimikyu|100/100\n|detailschange|p2a: Mimikyu|Mimikyu-Busted, L50, F\n|-damage|p2a: Mimikyu|88/100|[from] pokemon: Mimikyu-Busted\n|move|p1b: Kingambit|Kowtow Cleave|p2a: Mimikyu\n|-damage|p2a: Mimikyu|25/100\n|move|p2a: Mimikyu|Trick Room|p2a: Mimikyu\n|-fieldstart|move: Trick Room|[of] p2a: Mimikyu\n|\n|upkeep\n|turn|2\n|\n|t:|1776047494\n|move|p1a: Starmie|Protect|p1a: Starmie\n|-singleturn|p1a: Starmie|Protect\n|move|p1b: Kingambit|Sucker Punch||[still]\n|-fail|p1b: Kingambit\n|move|p2b: Chesnaught|Body Press|p1b: Kingambit\n|-supereffective|p1b: Kingambit|2\n|-enditem|p1b: Kingambit|Chople Berry|[eat]\n|-enditem|p1b: Kingambit|Chople Berry|[weaken]\n|-damage|p1b: Kingambit|35/100\n|move|p2a: Mimikyu|Destiny Bond|p2a: Mimikyu\n|-singlemove|p2a: Mimikyu|Destiny Bond\n|\n|upkeep\n|turn|3\n|\n|t:|1776047511\n|switch|p1b: Incineroar|Incineroar, L50, M, shiny|100/100\n|-ability|p1b: Incineroar|Intimidate|boost\n|-unboost|p2a: Mimikyu|atk|1\n|-unboost|p2b: Chesnaught|atk|1\n|move|p2b: Chesnaught|Coaching|p2a: Mimikyu\n|-boost|p2a: Mimikyu|atk|1\n|-boost|p2a: Mimikyu|def|1\n|move|p2a: Mimikyu|Play Rough|p1a: Starmie\n|-damage|p1a: Starmie|45/100\n|move|p1a: Starmie|Zen Headbutt|p2b: Chesnaught\n|-supereffective|p2b: Chesnaught|1\n|-damage|p2b: Chesnaught|0 fnt\n|faint|p2b: Chesnaught\n|\n|upkeep\n|\n|t:|1776047516\n|switch|p2b: Camerupt|Camerupt, L50, F|100/100\n|turn|4\n|\n|t:|1776047531\n|detailschange|p2b: Camerupt|Camerupt-Mega, L50, F\n|-mega|p2b: Camerupt|Camerupt|Cameruptite\n|move|p1a: Starmie|Protect|p1a: Starmie\n|-singleturn|p1a: Starmie|Protect\n|move|p1b: Incineroar|Fake Out|p2b: Camerupt\n|-damage|p2b: Camerupt|87/100\n|move|p2a: Mimikyu|Shadow Sneak|p1a: Starmie\n|-activate|p1a: Starmie|move: Protect\n|cant|p2b: Camerupt|flinch\n|\n|upkeep\n|turn|5\n|\n|t:|1776047545\n|switch|p1a: Kingambit|Kingambit, L50, M|35/100\n|move|p2b: Camerupt|Earth Power|p1b: Incineroar\n|-supereffective|p1b: Incineroar|1\n|-damage|p1b: Incineroar|0 fnt\n|faint|p1b: Incineroar\n|move|p2a: Mimikyu|Play Rough|p1a: Kingambit\n|-damage|p1a: Kingambit|4/100\n|\n|-fieldend|move: Trick Room\n|upkeep\n|\n|t:|1776047554\n|switch|p1b: Starmie|Starmie-Mega, L50|45/100\n|turn|6\n|\n|t:|1776047569\n|move|p2a: Mimikyu|Shadow Sneak|p1b: Starmie\n|-supereffective|p1b: Starmie|1\n|-damage|p1b: Starmie|0 fnt\n|faint|p1b: Starmie\n|move|p1a: Kingambit|Kowtow Cleave|p2a: Mimikyu\n|-damage|p2a: Mimikyu|0 fnt\n|faint|p2a: Mimikyu\n|move|p2b: Camerupt|Heat Wave|p1a: Kingambit\n|-supereffective|p1a: Kingambit|1\n|-damage|p1a: Kingambit|0 fnt\n|faint|p1a: Kingambit\n|\n|upkeep\n|\n|t:|1776047584\n|switch|p1b: Sinistcha|Sinistcha, L50|100/100\n|switch|p2a: Crabominable|Crabominable, L50, M|100/100\n|turn|7\n|-message|Gosuguy forfeited.\n|\n|win|hayniu\n|raw|Gosuguy's rating: 1211 &rarr; <strong>1181</strong><br />(-30 for losing)\n|raw|hayniu's rating: 1147 &rarr; <strong>1177</strong><br />(+30 for winning)\n|l|\u2606Gosuguy\n|player|p1|\n",
  "uploadtime": 1776047604,
  "views": 12,
  "formatid": "gen9championsvgc2026regma",
  "rating": 1177,
  "private": 0,
  "password": null
}