{
  "id": "gen9championsvgc2026regma-2586603665",
  "format": "[Gen 9 Champions] VGC 2026 Reg M-A",
  "players": [
    "AiOPedrito",
    "BigFeMan"
  ],
  "log": "|j|\u2606AiOPedrito\n|j|\u2606BigFeMan\n|t:|1776446161\n|gametype|doubles\n|player|p1|AiOPedrito|jacq|1045\n|player|p2|BigFeMan|hiker-gen4|1061\n|gen|9\n|tier|[Gen 9 Champions] VGC 2026 Reg M-A\n|rated|\n|rule|Species Clause: Limit one of each Pok\u00e9mon\n|rule|Item Clause: Limit 1 of each item\n|clearpoke\n|poke|p1|Gengar, L50, M|\n|poke|p1|Incineroar, L50, F|\n|poke|p1|Politoed, L50, F|\n|poke|p1|Ninetales-Alola, L50, F|\n|poke|p1|Palafin, L50, F|\n|poke|p1|Volcarona, L50, M|\n|poke|p2|Kingambit, L50, M|\n|poke|p2|Charizard, L50, F|\n|poke|p2|Venusaur, L50, M|\n|poke|p2|Whimsicott, L50, M|\n|poke|p2|Garchomp, L50, M|\n|poke|p2|Incineroar, L50, F|\n|teampreview|4\n|inactive|Battle timer is ON: inactive players will automatically lose when time's up. (requested by BigFeMan)\n|inactive|AiOPedrito has 60 seconds left.\n|inactive|BigFeMan has 60 seconds left.\n|inactive|AiOPedrito has 30 seconds left.\n|inactive|BigFeMan has 30 seconds left.\n|inactive|BigFeMan has 20 seconds left.\n|inactive|BigFeMan has 15 seconds left.\n|inactive|BigFeMan has 10 seconds left.\n|\n|t:|1776446253\n|teamsize|p1|4\n|teamsize|p2|4\n|start\n|switch|p1a: Politoed|Politoed, L50, F|100/100\n|switch|p1b: Gengar|Gengar, L50, M|100/100\n|switch|p2a: Whimsicott|Whimsicott, L50, M|100/100\n|switch|p2b: Kingambit|Kingambit, L50, M|100/100\n|-weather|RainDance|[from] ability: Drizzle|[of] p1a: Politoed\n|turn|1\n|inactive|AiOPedrito has 30 seconds left.\n|l|\u2606BigFeMan\n|inactive|BigFeMan disconnected and has a minute to reconnect!\n|player|p2|\n|\n|t:|1776446284\n|detailschange|p1b: Gengar|Gengar-Mega, L50, M\n|-mega|p1b: Gengar|Gengar|Gengarite\n|move|p1b: Gengar|Protect|p1b: Gengar\n|-singleturn|p1b: Gengar|Protect\n|move|p2a: Whimsicott|Tailwind|p2a: Whimsicott\n|-sidestart|p2: BigFeMan|move: Tailwind\n|move|p2b: Kingambit|Kowtow Cleave|p1b: Gengar\n|-activate|p1b: Gengar|move: Protect\n|move|p1a: Politoed|Perish Song|p1a: Politoed\n|-start|p1a: Politoed|perish3|[silent]\n|-start|p1b: Gengar|perish3|[silent]\n|-start|p2a: Whimsicott|perish3|[silent]\n|-start|p2b: Kingambit|perish3|[silent]\n|-fieldactivate|move: Perish Song\n|\n|-weather|RainDance|[upkeep]\n|-start|p2a: Whimsicott|perish3\n|-start|p1b: Gengar|perish3\n|-start|p2b: Kingambit|perish3\n|-start|p1a: Politoed|perish3\n|upkeep\n|turn|2\n|inactive|BigFeMan has 30 seconds left.\n|j|\u2606BigFeMan\n|inactive|BigFeMan reconnected and has 30 seconds left.\n|player|p2|BigFeMan|hiker-gen4|\n|inactive|BigFeMan has 20 seconds left.\n|\n|t:|1776446324\n|switch|p1b: Incineroar|Incineroar, L50, F|100/100\n|-ability|p1b: Incineroar|Intimidate|boost\n|-unboost|p2a: Whimsicott|atk|1\n|-unboost|p2b: Kingambit|atk|1\n|-ability|p2b: Kingambit|Defiant|boost\n|-boost|p2b: Kingambit|atk|2\n|move|p2a: Whimsicott|Encore|p1b: Incineroar\n|-hint|Since gen 7, Dark is immune to Prankster moves.\n|-immune|p1b: Incineroar\n|move|p2b: Kingambit|Kowtow Cleave|p1b: Incineroar\n|-resisted|p1b: Incineroar|1\n|-damage|p1b: Incineroar|76/100\n|move|p1a: Politoed|Weather Ball|p2b: Kingambit\n|-damage|p2b: Kingambit|54/100\n|\n|-weather|RainDance|[upkeep]\n|-start|p2a: Whimsicott|perish2\n|-start|p2b: Kingambit|perish2\n|-start|p1a: Politoed|perish2\n|upkeep\n|turn|3\n|inactive|AiOPedrito has 30 seconds left.\n|inactive|BigFeMan has 30 seconds left.\n|inactive|AiOPedrito has 20 seconds left.\n|inactive|BigFeMan has 20 seconds left.\n|inactive|AiOPedrito has 15 seconds left.\n|\n|t:|1776446365\n|switch|p2b: Venusaur|Venusaur, L50, M|100/100\n|move|p1b: Incineroar|Fake Out|p2b: Venusaur\n|-damage|p2b: Venusaur|87/100\n|move|p2a: Whimsicott|Sunny Day|p2a: Whimsicott\n|-weather|SunnyDay\n|move|p1a: Politoed|Weather Ball|p2b: Venusaur\n|-supereffective|p2b: Venusaur|1\n|-damage|p2b: Venusaur|16/100\n|\n|-weather|SunnyDay|[upkeep]\n|-start|p2a: Whimsicott|perish1\n|-start|p1a: Politoed|perish1\n|upkeep\n|turn|4\n|inactive|AiOPedrito has 30 seconds left.\n|inactive|BigFeMan has 30 seconds left.\n|\n|t:|1776446399\n|switch|p2a: Charizard|Charizard, L50, F|100/100\n|switch|p1a: Gengar|Gengar-Mega, L50, M|100/100\n|move|p2b: Venusaur|Sleep Powder|p1b: Incineroar|[miss]\n|-miss|p2b: Venusaur|p1b: Incineroar\n|move|p1b: Incineroar|Parting Shot|p2b: Venusaur\n|-unboost|p2b: Venusaur|atk|1\n|-unboost|p2b: Venusaur|spa|1\n|\n|t:|1776446408\n|switch|p1b: Politoed|Politoed, L50, F|100/100|[from] Parting Shot\n|-weather|RainDance|[from] ability: Drizzle|[of] p1b: Politoed\n|\n|-weather|RainDance|[upkeep]\n|-sideend|p2: BigFeMan|move: Tailwind\n|upkeep\n|turn|5\n|\n|t:|1776446431\n|detailschange|p2a: Charizard|Charizard-Mega-Y, L50, F\n|-mega|p2a: Charizard|Charizard|Charizardite Y\n|-weather|SunnyDay|[from] ability: Drought|[of] p2a: Charizard\n|move|p2b: Venusaur|Leaf Storm|p1b: Politoed\n|-supereffective|p1b: Politoed|1\n|-damage|p1b: Politoed|40/100\n|-unboost|p2b: Venusaur|spa|2\n|move|p1a: Gengar|Shadow Ball|p2b: Venusaur\n|-damage|p2b: Venusaur|0 fnt\n|faint|p2b: Venusaur\n|move|p2a: Charizard|Heat Wave|p1b: Politoed|[spread] p1a,p1b\n|-resisted|p1b: Politoed|1\n|-damage|p1a: Gengar|11/100\n|-damage|p1b: Politoed|19/100\n|move|p1b: Politoed|Weather Ball|p2a: Charizard\n|-resisted|p2a: Charizard|1\n|-damage|p2a: Charizard|86/100\n|\n|-weather|SunnyDay|[upkeep]\n|-heal|p1b: Politoed|25/100|[from] item: Leftovers\n|upkeep\n|\n|t:|1776446446\n|switch|p2b: Whimsicott|Whimsicott, L50, M|100/100\n|turn|6\n|\n|t:|1776446455\n|switch|p1b: Palafin|Palafin, L50, F|100/100\n|move|p1a: Gengar|Protect|p1a: Gengar\n|-singleturn|p1a: Gengar|Protect\n|move|p2b: Whimsicott|Tailwind|p2b: Whimsicott\n|-sidestart|p2: BigFeMan|move: Tailwind\n|move|p2a: Charizard|Heat Wave|p1a: Gengar|[spread] p1b\n|-activate|p1a: Gengar|move: Protect\n|-resisted|p1b: Palafin|1\n|-damage|p1b: Palafin|54/100\n|\n|-weather|SunnyDay|[upkeep]\n|upkeep\n|turn|7\n|\n|t:|1776446470\n|switch|p1a: Politoed|Politoed, L50, F|25/100\n|-weather|RainDance|[from] ability: Drizzle|[of] p1a: Politoed\n|move|p1b: Palafin|Jet Punch|p2a: Charizard\n|-supereffective|p2a: Charizard|1\n|-damage|p2a: Charizard|4/100\n|move|p2b: Whimsicott|Moonblast|p1a: Politoed\n|-damage|p1a: Politoed|6/100\n|move|p2a: Charizard|Solar Beam||[still]\n|-prepare|p2a: Charizard|Solar Beam\n|\n|-weather|RainDance|[upkeep]\n|-heal|p1a: Politoed|12/100|[from] item: Leftovers\n|upkeep\n|turn|8\n|inactive|AiOPedrito has 30 seconds left.\n|\n|t:|1776446501\n|move|p2b: Whimsicott|Sunny Day|p2b: Whimsicott\n|-weather|SunnyDay\n|move|p1b: Palafin|Jet Punch|p2a: Charizard\n|-supereffective|p2a: Charizard|1\n|-damage|p2a: Charizard|0 fnt\n|faint|p2a: Charizard\n|move|p1a: Politoed|Perish Song|p1a: Politoed\n|-start|p1a: Politoed|perish3|[silent]\n|-start|p1b: Palafin|perish3|[silent]\n|-start|p2b: Whimsicott|perish3|[silent]\n|-fieldactivate|move: Perish Song\n|\n|-weather|SunnyDay|[upkeep]\n|-heal|p1a: Politoed|18/100|[from] item: Leftovers\n|-start|p2b: Whimsicott|perish3\n|-start|p1b: Palafin|perish3\n|-start|p1a: Politoed|perish3\n|upkeep\n|\n|t:|1776446509\n|switch|p2a: Kingambit|Kingambit, L50, M|54/100\n|turn|9\n|\n|t:|1776446519\n|detailschange|p1b: Palafin|Palafin-Hero, L50, F\n|switch|p1b: Gengar|Gengar-Mega, L50, M|11/100\n|move|p2a: Kingambit|Sucker Punch||[still]\n|-fail|p2a: Kingambit\n|move|p2b: Whimsicott|Moonblast|p1a: Politoed\n|-damage|p1a: Politoed|0 fnt\n|faint|p1a: Politoed\n|\n|-weather|SunnyDay|[upkeep]\n|-start|p2b: Whimsicott|perish2\n|-sideend|p2: BigFeMan|move: Tailwind\n|upkeep\n|\n|t:|1776446530\n|switch|p1a: Palafin|Palafin-Hero, L50, F|54/100\n|-activate|p1a: Palafin|ability: Zero to Hero\n|turn|10\n|\n|t:|1776446546\n|move|p1b: Gengar|Protect|p1b: Gengar\n|-singleturn|p1b: Gengar|Protect\n|move|p2b: Whimsicott|Tailwind|p2b: Whimsicott\n|-sidestart|p2: BigFeMan|move: Tailwind\n|move|p1a: Palafin|Wave Crash|p2a: Kingambit\n|-damage|p2a: Kingambit|28/100\n|-damage|p1a: Palafin|44/100|[from] Recoil\n|move|p2a: Kingambit|Kowtow Cleave|p1a: Palafin\n|-damage|p1a: Palafin|0 fnt\n|faint|p1a: Palafin\n|\n|-weather|SunnyDay|[upkeep]\n|-start|p2b: Whimsicott|perish1\n|upkeep\n|l|\u2606BigFeMan\n|inactive|BigFeMan disconnected and has a minute to reconnect!\n|player|p2|\n|\n|t:|1776446556\n|switch|p1a: Incineroar|Incineroar, L50, F|76/100\n|-ability|p1a: Incineroar|Intimidate|boost\n|-unboost|p2a: Kingambit|atk|1\n|-ability|p2a: Kingambit|Defiant|boost\n|-boost|p2a: Kingambit|atk|2\n|-unboost|p2b: Whimsicott|atk|1\n|turn|11\n|j|\u2606BigFeMan\n|inactive|BigFeMan reconnected and has 35 seconds left.\n|player|p2|BigFeMan|hiker-gen4|\n|inactive|BigFeMan has 30 seconds left.\n|inactive|BigFeMan has 20 seconds left.\n|\n|t:|1776446598\n|move|p1a: Incineroar|Fake Out|p2a: Kingambit\n|-resisted|p2a: Kingambit|1\n|-damage|p2a: Kingambit|25/100\n|move|p2b: Whimsicott|Moonblast|p1b: Gengar\n|-resisted|p1b: Gengar|1\n|-damage|p1b: Gengar|0 fnt\n|faint|p1b: Gengar\n|cant|p2a: Kingambit|flinch\n|\n|-weather|SunnyDay|[upkeep]\n|-start|p2b: Whimsicott|perish0\n|faint|p2b: Whimsicott\n|upkeep\n|turn|12\n|\n|t:|1776446619\n|move|p2a: Kingambit|Kowtow Cleave|p1a: Incineroar\n|-resisted|p1a: Incineroar|1\n|-damage|p1a: Incineroar|52/100\n|move|p1a: Incineroar|Darkest Lariat|p2a: Kingambit\n|-resisted|p2a: Kingambit|1\n|-damage|p2a: Kingambit|15/100\n|\n|-weather|none\n|upkeep\n|turn|13\n|\n|t:|1776446630\n|move|p2a: Kingambit|Sucker Punch|p1a: Incineroar\n|-resisted|p1a: Incineroar|1\n|-crit|p1a: Incineroar\n|-damage|p1a: Incineroar|18/100\n|-enditem|p1a: Incineroar|Sitrus Berry|[eat]\n|-heal|p1a: Incineroar|43/100|[from] item: Sitrus Berry\n|move|p1a: Incineroar|Darkest Lariat|p2a: Kingambit\n|-resisted|p2a: Kingambit|1\n|-damage|p2a: Kingambit|4/100\n|\n|-sideend|p2: BigFeMan|move: Tailwind\n|upkeep\n|turn|14\n|\n|t:|1776446641\n|move|p2a: Kingambit|Sucker Punch|p1a: Incineroar\n|-resisted|p1a: Incineroar|1\n|-damage|p1a: Incineroar|22/100\n|move|p1a: Incineroar|Darkest Lariat|p2a: Kingambit\n|-resisted|p2a: Kingambit|1\n|-damage|p2a: Kingambit|0 fnt\n|faint|p2a: Kingambit\n|\n|win|AiOPedrito\n|raw|AiOPedrito's rating: 1045 &rarr; <strong>1080</strong><br />(+35 for winning)\n|raw|BigFeMan's rating: 1061 &rarr; <strong>1041</strong><br />(-20 for losing)\n|l|\u2606BigFeMan\n|player|p2|\n",
  "uploadtime": 1776446649,
  "views": 16,
  "formatid": "gen9championsvgc2026regma",
  "rating": 1041,
  "private": 0,
  "password": null
}