{
  "id": "gen9championsvgc2026regma-2586927600",
  "format": "[Gen 9 Champions] VGC 2026 Reg M-A",
  "players": [
    "Dust N Rust",
    "tubbatub"
  ],
  "log": "|j|\u2606Dust N Rust\n|j|\u2606tubbatub\n|t:|1776472619\n|gametype|doubles\n|player|p1|Dust N Rust|workerice|1100\n|player|p2|tubbatub|fantina|1020\n|gen|9\n|tier|[Gen 9 Champions] VGC 2026 Reg M-A\n|rated|\n|rule|Species Clause: Limit one of each Pok\u00e9mon\n|rule|Item Clause: Limit 1 of each item\n|clearpoke\n|poke|p1|Dragapult, L50, F|\n|poke|p1|Sylveon, L50, M|\n|poke|p1|Dragonite, L50, M|\n|poke|p1|Forretress, L50, M|\n|poke|p1|Aegislash, L50, M|\n|poke|p1|Espeon, L50, F|\n|poke|p2|Rotom-Wash, L50|\n|poke|p2|Farigiraf, L50, M|\n|poke|p2|Crabominable, L50, M|\n|poke|p2|Incineroar, L50, F|\n|poke|p2|Garchomp, L50, M|\n|poke|p2|Tyranitar, L50, M|\n|teampreview|4\n|inactive|Battle timer is ON: inactive players will automatically lose when time's up. (requested by tubbatub)\n|inactive|Dust N Rust has 60 seconds left.\n|inactive|tubbatub has 60 seconds left.\n|\n|t:|1776472673\n|teamsize|p1|4\n|teamsize|p2|4\n|start\n|switch|p1a: Weadcat|Espeon, L50, F, shiny|100/100\n|switch|p1b: Rocks Hank|Forretress, L50, M, shiny|100/100\n|switch|p2a: Tyranitar|Tyranitar, L50, M|100/100\n|switch|p2b: Garchomp|Garchomp, L50, M|100/100\n|-weather|Sandstorm|[from] ability: Sand Stream|[of] p2a: Tyranitar\n|turn|1\n|inactive|Dust N Rust has 30 seconds left.\n|\n|t:|1776472699\n|move|p2b: Garchomp|Breaking Swipe|p1b: Rocks Hank|[spread] p1a,p1b\n|-resisted|p1b: Rocks Hank|1\n|-damage|p1a: Weadcat|76/100\n|-damage|p1b: Rocks Hank|94/100\n|-unboost|p1a: Weadcat|atk|1\n|-unboost|p1b: Rocks Hank|atk|1\n|move|p1a: Weadcat|Sunny Day|p1a: Weadcat\n|-weather|SunnyDay\n|move|p2a: Tyranitar|Knock Off|p1a: Weadcat\n|-supereffective|p1a: Weadcat|1\n|-damage|p1a: Weadcat|0 fnt\n|-enditem|p1a: Weadcat|Leftovers|[from] move: Knock Off|[of] p2a: Tyranitar\n|faint|p1a: Weadcat\n|move|p1b: Rocks Hank|Stealth Rock|p2a: Tyranitar\n|-sidestart|p2: tubbatub|move: Stealth Rock\n|\n|-weather|SunnyDay|[upkeep]\n|upkeep\n|\n|t:|1776472722\n|switch|p1a: Looksmaxxing|Dragonite, L50, M, shiny|100/100\n|turn|2\n|\n|t:|1776472739\n|switch|p2b: Incineroar|Incineroar, L50, F|100/100\n|-damage|p2b: Incineroar|76/100|[from] Stealth Rock\n|-ability|p2b: Incineroar|Intimidate|boost\n|-unboost|p1a: Looksmaxxing|atk|1\n|-unboost|p1b: Rocks Hank|atk|1\n|detailschange|p1a: Looksmaxxing|Dragonite-Mega, L50, M, shiny\n|-mega|p1a: Looksmaxxing|Dragonite|Dragoninite\n|move|p1a: Looksmaxxing|Draco Meteor|p2b: Incineroar\n|-damage|p2b: Incineroar|6/100\n|-unboost|p1a: Looksmaxxing|spa|2\n|-enditem|p2b: Incineroar|Sitrus Berry|[eat]\n|-heal|p2b: Incineroar|30/100|[from] item: Sitrus Berry\n|move|p2a: Tyranitar|Ice Punch|p1a: Looksmaxxing\n|-supereffective|p1a: Looksmaxxing|2\n|-damage|p1a: Looksmaxxing|54/100\n|move|p1b: Rocks Hank|Body Press|p2a: Tyranitar\n|-supereffective|p2a: Tyranitar|2\n|-damage|p2a: Tyranitar|0 fnt\n|faint|p2a: Tyranitar\n|\n|-weather|SunnyDay|[upkeep]\n|upkeep\n|\n|t:|1776472761\n|switch|p2a: Garchomp|Garchomp, L50, M|100/100\n|-damage|p2a: Garchomp|95/100|[from] Stealth Rock\n|turn|3\n|\n|t:|1776472777\n|move|p2a: Garchomp|Dragon Claw|p1a: Looksmaxxing\n|-supereffective|p1a: Looksmaxxing|1\n|-damage|p1a: Looksmaxxing|0 fnt\n|faint|p1a: Looksmaxxing\n|move|p2b: Incineroar|Parting Shot|p1b: Rocks Hank\n|-unboost|p1b: Rocks Hank|atk|1\n|-unboost|p1b: Rocks Hank|spa|1\n|\n|t:|1776472784\n|switch|p2b: Rotom|Rotom-Wash, L50|100/100|[from] Parting Shot\n|-damage|p2b: Rotom|89/100|[from] Stealth Rock\n|move|p1b: Rocks Hank|Body Press|p2b: Rotom\n|-damage|p2b: Rotom|59/100\n|\n|-weather|SunnyDay|[upkeep]\n|-heal|p2b: Rotom|65/100|[from] item: Leftovers\n|upkeep\n|\n|t:|1776472793\n|switch|p1a: Jet2 Holiday|Dragapult, L50, F, shiny|100/100\n|turn|4\n|inactive|Dust N Rust has 30 seconds left.\n|inactive|Dust N Rust has 20 seconds left.\n|\n|t:|1776472837\n|switch|p2a: Incineroar|Incineroar, L50, F|30/100\n|-damage|p2a: Incineroar|6/100|[from] Stealth Rock\n|-ability|p2a: Incineroar|Intimidate|boost\n|-unboost|p1a: Jet2 Holiday|atk|1\n|-unboost|p1b: Rocks Hank|atk|1\n|move|p1a: Jet2 Holiday|Draco Meteor|p2a: Incineroar|[miss]\n|-miss|p1a: Jet2 Holiday|p2a: Incineroar\n|move|p2b: Rotom|Pain Split|p1a: Jet2 Holiday\n|-sethp|p1a: Jet2 Holiday|80/100|[from] move: Pain Split|[silent]\n|-sethp|p2b: Rotom|87/100|[from] move: Pain Split\n|move|p1b: Rocks Hank|Body Press|p2b: Rotom\n|-damage|p2b: Rotom|61/100\n|\n|-weather|SunnyDay|[upkeep]\n|-heal|p2b: Rotom|67/100|[from] item: Leftovers\n|upkeep\n|turn|5\n|-message|Dust N Rust forfeited.\n|\n|win|tubbatub\n|raw|Dust N Rust's rating: 1100 &rarr; <strong>1069</strong><br />(-31 for losing)\n|raw|tubbatub's rating: 1020 &rarr; <strong>1065</strong><br />(+45 for winning)\n|l|\u2606Dust N Rust\n|player|p1|\n",
  "uploadtime": 1776472855,
  "views": 20,
  "formatid": "gen9championsvgc2026regma",
  "rating": 1065,
  "private": 0,
  "password": null
}