{
  "id": "gen9championsvgc2026regma-2582502789",
  "format": "[Gen 9 Champions] VGC 2026 Reg M-A",
  "players": [
    "xytrel72",
    "itsjustsomni"
  ],
  "log": "|j|\u2606xytrel72\n|j|\u2606itsjustsomni\n|t:|1776095811\n|gametype|doubles\n|player|p1|xytrel72|170|1000\n|player|p2|itsjustsomni|cyrus|1059\n|gen|9\n|tier|[Gen 9 Champions] VGC 2026 Reg M-A\n|rated|\n|rule|Species Clause: Limit one of each Pok\u00e9mon\n|rule|Item Clause: Limit 1 of each item\n|clearpoke\n|poke|p1|Lopunny, L50, M|\n|poke|p1|Whimsicott, L50, M|\n|poke|p1|Scizor, L50, F|\n|poke|p1|Incineroar, L50, F|\n|poke|p1|Garchomp, L50, M|\n|poke|p1|Sylveon, L50, F|\n|poke|p2|Charizard, L50, M|\n|poke|p2|Venusaur, L50, F|\n|poke|p2|Whimsicott, L50, M|\n|poke|p2|Incineroar, L50, M|\n|poke|p2|Gardevoir, L50, M|\n|poke|p2|Garchomp, L50, F|\n|teampreview|4\n|inactive|Battle timer is ON: inactive players will automatically lose when time's up. (requested by itsjustsomni)\n|inactive|xytrel72 also wants the timer to be on.\n|\n|t:|1776095838\n|teamsize|p1|4\n|teamsize|p2|4\n|start\n|switch|p1a: Lopunny|Lopunny, L50, M, shiny|100/100\n|switch|p1b: Whimsicott|Whimsicott, L50, M|100/100\n|switch|p2a: Charizard|Charizard, L50, M, shiny|100/100\n|switch|p2b: Venusaur|Venusaur, L50, F|100/100\n|turn|1\n|\n|t:|1776095853\n|detailschange|p1a: Lopunny|Lopunny-Mega, L50, M, shiny\n|-mega|p1a: Lopunny|Lopunny|Lopunnite\n|detailschange|p2a: Charizard|Charizard-Mega-Y, L50, M, shiny\n|-mega|p2a: Charizard|Charizard|Charizardite Y\n|-weather|SunnyDay|[from] ability: Drought|[of] p2a: Charizard\n|move|p1a: Lopunny|Fake Out|p2b: Venusaur\n|-damage|p2b: Venusaur|74/100\n|move|p1b: Whimsicott|Tailwind|p1b: Whimsicott\n|-sidestart|p1: xytrel72|move: Tailwind\n|cant|p2b: Venusaur|flinch\n|move|p2a: Charizard|Heat Wave|p1b: Whimsicott|[spread] p1a,p1b\n|-supereffective|p1b: Whimsicott|1\n|-crit|p1b: Whimsicott\n|-damage|p1a: Lopunny|13/100\n|-enditem|p1b: Whimsicott|Focus Sash\n|-damage|p1b: Whimsicott|1/100\n|\n|-weather|SunnyDay|[upkeep]\n|upkeep\n|turn|2\n|inactive|itsjustsomni has 30 seconds left.\n|\n|t:|1776095887\n|move|p2a: Charizard|Protect|p2a: Charizard\n|-singleturn|p2a: Charizard|Protect\n|move|p1a: Lopunny|Triple Axel|p2b: Venusaur\n|-supereffective|p2b: Venusaur|1\n|-damage|p2b: Venusaur|56/100\n|-supereffective|p2b: Venusaur|1\n|-damage|p2b: Venusaur|23/100\n|-supereffective|p2b: Venusaur|1\n|-damage|p2b: Venusaur|0 fnt\n|faint|p2b: Venusaur\n|-hitcount|p2: Venusaur|3\n|move|p1b: Whimsicott|Moonblast|p2a: Charizard\n|-activate|p2a: Charizard|move: Protect\n|\n|-weather|SunnyDay|[upkeep]\n|upkeep\n|\n|t:|1776095907\n|switch|p2b: Incineroar|Incineroar, L50, M|100/100\n|-ability|p2b: Incineroar|Intimidate|boost\n|-fail|p1a: Lopunny|unboost|Attack|[from] ability: Scrappy|[of] p1a: Lopunny\n|-unboost|p1b: Whimsicott|atk|1\n|turn|3\n|\n|t:|1776095917\n|move|p2b: Incineroar|Fake Out|p1a: Lopunny\n|-damage|p1a: Lopunny|0 fnt\n|faint|p1a: Lopunny\n|move|p1b: Whimsicott|Encore|p2a: Charizard\n|-start|p2a: Charizard|Encore\n|move|p2a: Charizard|Protect||[still]\n|-fail|p2a: Charizard\n|\n|-weather|SunnyDay|[upkeep]\n|upkeep\n|\n|t:|1776095928\n|switch|p1a: Garchomp|Garchomp, L50, M|100/100\n|turn|4\n|\n|t:|1776095945\n|switch|p2a: Whimsicott|Whimsicott, L50, M|100/100\n|move|p1a: Garchomp|Rock Slide|p2a: Whimsicott|[spread] p2a,p2b\n|-supereffective|p2b: Incineroar|1\n|-damage|p2a: Whimsicott|73/100\n|-damage|p2b: Incineroar|64/100\n|move|p1b: Whimsicott|Moonblast|p2b: Incineroar\n|-damage|p2b: Incineroar|33/100\n|-enditem|p2b: Incineroar|Sitrus Berry|[eat]\n|-heal|p2b: Incineroar|58/100|[from] item: Sitrus Berry\n|cant|p2b: Incineroar|flinch\n|\n|-weather|SunnyDay|[upkeep]\n|-sideend|p1: xytrel72|move: Tailwind\n|upkeep\n|turn|5\n|inactive|itsjustsomni has 30 seconds left.\n|\n|t:|1776095976\n|move|p1b: Whimsicott|Protect|p1b: Whimsicott\n|-singleturn|p1b: Whimsicott|Protect\n|move|p2a: Whimsicott|Tailwind|p2a: Whimsicott\n|-sidestart|p2: itsjustsomni|move: Tailwind\n|move|p1a: Garchomp|Rock Slide|p2a: Whimsicott|[spread] p2a,p2b\n|-supereffective|p2b: Incineroar|1\n|-damage|p2a: Whimsicott|46/100\n|-damage|p2b: Incineroar|22/100\n|move|p2b: Incineroar|Flare Blitz|p1b: Whimsicott\n|-activate|p1b: Whimsicott|move: Protect\n|\n|-weather|none\n|upkeep\n|turn|6\n|\n|t:|1776095996\n|move|p1b: Whimsicott|Tailwind|p1b: Whimsicott\n|-sidestart|p1: xytrel72|move: Tailwind\n|move|p2a: Whimsicott|Moonblast|p1a: Garchomp\n|-supereffective|p1a: Garchomp|1\n|-damage|p1a: Garchomp|35/100\n|move|p1a: Garchomp|Rock Slide|p2a: Whimsicott|[spread] p2a,p2b\n|-supereffective|p2b: Incineroar|1\n|-damage|p2a: Whimsicott|20/100\n|-damage|p2b: Incineroar|0 fnt\n|faint|p2b: Incineroar\n|\n|upkeep\n|\n|t:|1776096007\n|switch|p2b: Charizard|Charizard-Mega-Y, L50, M, shiny|100/100\n|-weather|SunnyDay|[from] ability: Drought|[of] p2b: Charizard\n|turn|7\n|inactive|xytrel72 has 30 seconds left.\n|inactive|itsjustsomni has 30 seconds left.\n|\n|t:|1776096051\n|move|p2a: Whimsicott|Encore|p1b: Whimsicott\n|-start|p1b: Whimsicott|Encore\n|move|p1b: Whimsicott|Tailwind||[still]\n|-fail|p1b: Whimsicott\n|move|p1a: Garchomp|Rock Slide|p2b: Charizard|[spread] p2a,p2b\n|-supereffective|p2b: Charizard|2\n|-damage|p2a: Whimsicott|0 fnt\n|-damage|p2b: Charizard|0 fnt\n|faint|p2a: Whimsicott\n|faint|p2b: Charizard\n|\n|win|xytrel72\n|raw|xytrel72's rating: 1000 &rarr; <strong>1047</strong><br />(+47 for winning)\n|raw|itsjustsomni's rating: 1059 &rarr; <strong>1037</strong><br />(-22 for losing)\n",
  "uploadtime": 1776096059,
  "views": 17,
  "formatid": "gen9championsvgc2026regma",
  "rating": 1037,
  "private": 0,
  "password": null
}