{
  "id": "gen9championsvgc2026regma-2586137856",
  "format": "[Gen 9 Champions] VGC 2026 Reg M-A",
  "players": [
    "Cutmyselfvgc",
    "LampCollection"
  ],
  "log": "|j|\u2606Cutmyselfvgc\n|j|\u2606LampCollection\n|t:|1776403713\n|gametype|doubles\n|player|p1|Cutmyselfvgc|102|1130\n|player|p2|LampCollection|169|1129\n|gen|9\n|tier|[Gen 9 Champions] VGC 2026 Reg M-A\n|rated|\n|rule|Species Clause: Limit one of each Pok\u00e9mon\n|rule|Item Clause: Limit 1 of each item\n|clearpoke\n|poke|p1|Scizor, L50, M|\n|poke|p1|Sinistcha-Masterpiece, L50|\n|poke|p1|Incineroar, L50, M|\n|poke|p1|Froslass, L50, F|\n|poke|p1|Rotom-Frost, L50|\n|poke|p1|Aerodactyl, L50, M|\n|poke|p2|Toxicroak, L50, M|\n|poke|p2|Ampharos, L50, F|\n|poke|p2|Pelipper, L50, M|\n|poke|p2|Sinistcha, L50|\n|poke|p2|Incineroar, L50, F|\n|poke|p2|Basculegion-F, L50, F|\n|teampreview|4\nLampCollection rejected open team sheets.\n|inactive|Battle timer is ON: inactive players will automatically lose when time's up. (requested by LampCollection)\n|\n|t:|1776403775\n|teamsize|p1|4\n|teamsize|p2|4\n|start\n|switch|p1a: Rotom|Rotom-Frost, L50|100/100\n|switch|p1b: Froslass|Froslass, L50, F|100/100\n|switch|p2a: Basculegion|Basculegion-F, L50, F, shiny|100/100\n|switch|p2b: Pelipper|Pelipper, L50, M|100/100\n|-weather|RainDance|[from] ability: Drizzle|[of] p2b: Pelipper\n|turn|1\n|inactive|LampCollection has 30 seconds left.\n|inactive|LampCollection has 20 seconds left.\n|\n|t:|1776403813\n|detailschange|p1b: Froslass|Froslass-Mega, L50, F\n|-mega|p1b: Froslass|Froslass|Froslassite\n|-weather|Snowscape|[from] ability: Snow Warning|[of] p1b: Froslass\n|move|p1a: Rotom|Volt Switch|p2b: Pelipper\n|-supereffective|p2b: Pelipper|2\n|-enditem|p2b: Pelipper|Focus Sash\n|-damage|p2b: Pelipper|1/100\n|\n|t:|1776403825\n|switch|p1a: Scizor|Scizor, L50, M|100/100|[from] Volt Switch\n|move|p2a: Basculegion|Shadow Ball|p1b: Froslass\n|-supereffective|p1b: Froslass|1\n|-damage|p1b: Froslass|0 fnt\n|faint|p1b: Froslass\n|move|p2b: Pelipper|Tailwind|p2b: Pelipper\n|-sidestart|p2: LampCollection|move: Tailwind\n|\n|-weather|Snowscape|[upkeep]\n|upkeep\n|\n|t:|1776403832\n|switch|p1b: Rotom|Rotom-Frost, L50|100/100\n|turn|2\n|\n|t:|1776403855\n|switch|p2a: Ampharos|Ampharos, L50, F|100/100\n|switch|p2b: Toxicroak|Toxicroak, L50, M, shiny|100/100\n|move|p1a: Scizor|Feint|p2b: Toxicroak\n|-damage|p2b: Toxicroak|82/100\n|move|p1b: Rotom|Volt Switch|p2a: Ampharos\n|-resisted|p2a: Ampharos|1\n|-damage|p2a: Ampharos|86/100\n|\n|t:|1776403867\n|switch|p1b: Incineroar|Incineroar, L50, M|100/100|[from] Volt Switch\n|-ability|p1b: Incineroar|Intimidate|boost\n|-unboost|p2a: Ampharos|atk|1\n|-unboost|p2b: Toxicroak|atk|1\n|\n|-weather|Snowscape|[upkeep]\n|-heal|p2b: Toxicroak|87/100|[from] item: Leftovers\n|upkeep\n|turn|3\n|\n|t:|1776403880\n|switch|p2a: Pelipper|Pelipper, L50, M|1/100\n|-weather|RainDance|[from] ability: Drizzle|[of] p2a: Pelipper\n|move|p1b: Incineroar|Fake Out|p2a: Pelipper\n|-damage|p2a: Pelipper|0 fnt\n|faint|p2a: Pelipper\n|move|p2b: Toxicroak|Swords Dance|p2b: Toxicroak\n|-boost|p2b: Toxicroak|atk|2\n|move|p1a: Scizor|Bug Bite|p2b: Toxicroak\n|-resisted|p2b: Toxicroak|2\n|-damage|p2b: Toxicroak|73/100\n|\n|-weather|RainDance|[upkeep]\n|-heal|p2b: Toxicroak|85/100|[from] ability: Dry Skin\n|-heal|p2b: Toxicroak|91/100|[from] item: Leftovers\n|upkeep\n|\n|t:|1776403895\n|switch|p2a: Basculegion|Basculegion-F, L50, F, shiny|100/100\n|turn|4\n|\n|t:|1776403914\n|switch|p1b: Rotom|Rotom-Frost, L50|100/100\n|move|p1a: Scizor|Bullet Punch|p2b: Toxicroak\n|-damage|p2b: Toxicroak|47/100\n|move|p2a: Basculegion|Surf|p1a: Scizor|[spread] p1a,p1b\n|-heal|p2b: Toxicroak|72/100|[from] ability: Dry Skin|[of] p2a: Basculegion\n|-crit|p1a: Scizor\n|-enditem|p1a: Scizor|Focus Sash\n|-damage|p1a: Scizor|1/100\n|-damage|p1b: Rotom|15/100\n|move|p2b: Toxicroak|Drain Punch|p1b: Rotom\n|-supereffective|p1b: Rotom|1\n|-damage|p1b: Rotom|0 fnt\n|-heal|p2b: Toxicroak|77/100|[from] drain|[of] p1b: Rotom\n|faint|p1b: Rotom\n|\n|-weather|RainDance|[upkeep]\n|-heal|p2b: Toxicroak|89/100|[from] ability: Dry Skin\n|-heal|p2b: Toxicroak|95/100|[from] item: Leftovers\n|-sideend|p2: LampCollection|move: Tailwind\n|upkeep\n|\n|t:|1776403923\n|switch|p1b: Incineroar|Incineroar, L50, M|100/100\n|-ability|p1b: Incineroar|Intimidate|boost\n|-unboost|p2a: Basculegion|atk|1\n|-unboost|p2b: Toxicroak|atk|1\n|turn|5\n|\n|t:|1776403943\n|move|p1b: Incineroar|Fake Out|p2b: Toxicroak\n|-damage|p2b: Toxicroak|77/100\n|move|p2a: Basculegion|Surf|p1b: Incineroar|[spread] p1a,p1b\n|-heal|p2b: Toxicroak|100/100|[from] ability: Dry Skin|[of] p2a: Basculegion\n|-crit|p1a: Scizor\n|-supereffective|p1b: Incineroar|1\n|-damage|p1a: Scizor|0 fnt\n|-damage|p1b: Incineroar|0 fnt\n|faint|p1a: Scizor\n|faint|p1b: Incineroar\n|\n|win|LampCollection\n|raw|Cutmyselfvgc's rating: 1130 &rarr; <strong>1105</strong><br />(-25 for losing)\n|raw|LampCollection's rating: 1129 &rarr; <strong>1154</strong><br />(+25 for winning)\n|l|\u2606Cutmyselfvgc\n|player|p1|\n",
  "uploadtime": 1776404037,
  "views": 36,
  "formatid": "gen9championsvgc2026regma",
  "rating": 1105,
  "private": 0,
  "password": null
}