{
  "id": "gen9championsvgc2026regma-2582533825",
  "format": "[Gen 9 Champions] VGC 2026 Reg M-A",
  "players": [
    "AlexGis",
    "Rocket Gib"
  ],
  "log": "|j|\u2606AlexGis\n|j|\u2606Rocket Gib\n|t:|1776097775\n|gametype|doubles\n|player|p1|AlexGis|266|1084\n|player|p2|Rocket Gib|265|1074\n|gen|9\n|tier|[Gen 9 Champions] VGC 2026 Reg M-A\n|rated|\n|rule|Species Clause: Limit one of each Pok\u00e9mon\n|rule|Item Clause: Limit 1 of each item\n|clearpoke\n|poke|p1|Kingambit, L50, F|\n|poke|p1|Dragonite, L50, M|\n|poke|p1|Sneasler, L50, M|\n|poke|p1|Venusaur, L50, M|\n|poke|p1|Incineroar, L50, F|\n|poke|p1|Basculegion, L50, M|\n|poke|p2|Crabominable, L50, F|\n|poke|p2|Incineroar, L50, M|\n|poke|p2|Pelipper, L50, F|\n|poke|p2|Sneasler, L50, M|\n|poke|p2|Basculegion-F, L50, F|\n|poke|p2|Farigiraf, L50, F|\n|teampreview|4\n|\n|t:|1776097810\n|teamsize|p1|4\n|teamsize|p2|4\n|start\n|switch|p1a: Kingambit|Kingambit, L50, F|100/100\n|switch|p1b: Sneasler|Sneasler, L50, M|100/100\n|switch|p2a: Crabominable|Crabominable, L50, F|100/100\n|switch|p2b: Pelipper|Pelipper, L50, F|100/100\n|-weather|RainDance|[from] ability: Drizzle|[of] p2b: Pelipper\n|turn|1\n|\n|t:|1776097846\n|switch|p1a: Incineroar|Incineroar, L50, F|100/100\n|-ability|p1a: Incineroar|Intimidate|boost\n|-fail|p2a: Crabominable|unboost|Attack|[from] ability: Hyper Cutter|[of] p2a: Crabominable\n|-unboost|p2b: Pelipper|atk|1\n|detailschange|p2a: Crabominable|Crabominable-Mega, L50, F\n|-mega|p2a: Crabominable|Crabominable|Crabominite\n|move|p2a: Crabominable|Protect|p2a: Crabominable\n|-singleturn|p2a: Crabominable|Protect\n|move|p1b: Sneasler|Fake Out|p2b: Pelipper\n|-damage|p2b: Pelipper|80/100\n|cant|p2b: Pelipper|flinch\n|\n|-weather|RainDance|[upkeep]\n|upkeep\n|turn|2\n|\n|t:|1776097875\n|move|p1a: Incineroar|Fake Out|p2a: Crabominable\n|-damage|p2a: Crabominable|92/100\n|move|p1b: Sneasler|Close Combat|p2a: Crabominable\n|-supereffective|p2a: Crabominable|1\n|-damage|p2a: Crabominable|6/100\n|-unboost|p1b: Sneasler|def|1\n|-unboost|p1b: Sneasler|spd|1\n|-enditem|p1b: Sneasler|White Herb\n|-clearnegativeboost|p1b: Sneasler|[silent]\n|move|p2b: Pelipper|U-turn|p1b: Sneasler\n|-resisted|p1b: Sneasler|2\n|-damage|p1b: Sneasler|98/100\n|\n|t:|1776097887\n|switch|p2b: Basculegion|Basculegion-F, L50, F|100/100|[from] U-turn\n|cant|p2a: Crabominable|flinch\n|\n|-weather|RainDance|[upkeep]\n|upkeep\n|turn|3\n|\n|t:|1776097910\n|switch|p1b: Kingambit|Kingambit, L50, F|100/100\n|switch|p1a: Dragonite|Dragonite, L50, M|100/100\n|move|p2b: Basculegion|Shadow Ball|p1b: Kingambit\n|-resisted|p1b: Kingambit|1\n|-damage|p1b: Kingambit|83/100\n|move|p2a: Crabominable|Drain Punch|p1a: Dragonite\n|-resisted|p1a: Dragonite|1\n|-damage|p1a: Dragonite|87/100\n|-heal|p2a: Crabominable|13/100|[from] drain|[of] p1a: Dragonite\n|\n|-weather|RainDance|[upkeep]\n|upkeep\n|turn|4\n|\n|t:|1776097948\n|detailschange|p1a: Dragonite|Dragonite-Mega, L50, M\n|-mega|p1a: Dragonite|Dragonite|Dragoninite\n|move|p1b: Kingambit|Sucker Punch|p2b: Basculegion\n|-supereffective|p2b: Basculegion|1\n|-damage|p2b: Basculegion|5/100\n|move|p2b: Basculegion|Ice Beam|p1a: Dragonite\n|-supereffective|p1a: Dragonite|2\n|-damage|p1a: Dragonite|7/100\n|move|p1a: Dragonite|Dragon Pulse|p2b: Basculegion\n|-damage|p2b: Basculegion|0 fnt\n|faint|p2b: Basculegion\n|move|p2a: Crabominable|Drain Punch|p1b: Kingambit\n|-supereffective|p1b: Kingambit|2\n|-enditem|p1b: Kingambit|Chople Berry|[eat]\n|-enditem|p1b: Kingambit|Chople Berry|[weaken]\n|-damage|p1b: Kingambit|0 fnt\n|-heal|p2a: Crabominable|54/100|[from] drain|[of] p1b: Kingambit\n|faint|p1b: Kingambit\n|\n|-weather|RainDance|[upkeep]\n|upkeep\n|\n|t:|1776097972\n|switch|p2b: Sneasler|Sneasler, L50, M|100/100\n|switch|p1b: Incineroar|Incineroar, L50, F|100/100\n|-ability|p1b: Incineroar|Intimidate|boost\n|-unboost|p2a: Crabominable|atk|1\n|-unboost|p2b: Sneasler|atk|1\n|-enditem|p2b: Sneasler|White Herb\n|-clearnegativeboost|p2b: Sneasler|[silent]\n|turn|5\n|\n|t:|1776097986\n|move|p1a: Dragonite|Protect|p1a: Dragonite\n|-singleturn|p1a: Dragonite|Protect\n|move|p2a: Crabominable|Protect|p2a: Crabominable\n|-singleturn|p2a: Crabominable|Protect\n|move|p2b: Sneasler|Dire Claw|p1a: Dragonite\n|-activate|p1a: Dragonite|move: Protect\n|move|p1b: Incineroar|Flare Blitz|p2a: Crabominable\n|-activate|p2a: Crabominable|move: Protect\n|\n|-weather|none\n|upkeep\n|turn|6\n|\n|t:|1776098020\n|switch|p1a: Sneasler|Sneasler, L50, M|98/100\n|switch|p2a: Pelipper|Pelipper, L50, F|80/100\n|-weather|RainDance|[from] ability: Drizzle|[of] p2a: Pelipper\n|move|p2b: Sneasler|Dire Claw|p1a: Sneasler\n|-resisted|p1a: Sneasler|1\n|-damage|p1a: Sneasler|61/100\n|move|p1b: Incineroar|Flare Blitz|p2a: Pelipper\n|-resisted|p2a: Pelipper|1\n|-damage|p2a: Pelipper|67/100\n|-damage|p1b: Incineroar|98/100|[from] Recoil\n|\n|-weather|RainDance|[upkeep]\n|upkeep\n|turn|7\n|\n|t:|1776098057\n|move|p1a: Sneasler|Fake Out|p2b: Sneasler\n|-damage|p2b: Sneasler|75/100\n|cant|p2b: Sneasler|flinch\n|move|p1b: Incineroar|Parting Shot|p2a: Pelipper\n|-unboost|p2a: Pelipper|atk|1\n|-unboost|p2a: Pelipper|spa|1\n|\n|t:|1776098064\n|switch|p1b: Dragonite|Dragonite-Mega, L50, M|7/100|[from] Parting Shot\n|move|p2a: Pelipper|Hurricane|p1a: Sneasler\n|-supereffective|p1a: Sneasler|1\n|-damage|p1a: Sneasler|0 fnt\n|faint|p1a: Sneasler\n|\n|-weather|RainDance|[upkeep]\n|upkeep\n|\n|t:|1776098071\n|switch|p1a: Incineroar|Incineroar, L50, F|98/100\n|-ability|p1a: Incineroar|Intimidate|boost\n|-unboost|p2a: Pelipper|atk|1\n|-unboost|p2b: Sneasler|atk|1\n|turn|8\n|\n|t:|1776098092\n|move|p1a: Incineroar|Fake Out|p2b: Sneasler\n|-damage|p2b: Sneasler|59/100\n|cant|p2b: Sneasler|flinch\n|move|p1b: Dragonite|Dragon Pulse|p2a: Pelipper\n|-damage|p2a: Pelipper|7/100\n|move|p2a: Pelipper|Weather Ball|p1a: Incineroar\n|-supereffective|p1a: Incineroar|1\n|-damage|p1a: Incineroar|17/100\n|\n|-weather|RainDance|[upkeep]\n|upkeep\n|turn|9\n|\n|t:|1776098120\n|move|p1b: Dragonite|Protect|p1b: Dragonite\n|-singleturn|p1b: Dragonite|Protect\n|move|p2b: Sneasler|Dire Claw|p1a: Incineroar\n|-damage|p1a: Incineroar|0 fnt\n|faint|p1a: Incineroar\n|move|p2a: Pelipper|Hurricane|p1b: Dragonite\n|-activate|p1b: Dragonite|move: Protect\n|\n|-weather|RainDance|[upkeep]\n|upkeep\n|turn|10\n|-message|AlexGis forfeited.\n|\n|win|Rocket Gib\n|raw|AlexGis's rating: 1084 &rarr; <strong>1061</strong><br />(-23 for losing)\n|raw|Rocket Gib's rating: 1074 &rarr; <strong>1104</strong><br />(+30 for winning)\n|l|\u2606AlexGis\n|player|p1|\n",
  "uploadtime": 1776098137,
  "views": 15,
  "formatid": "gen9championsvgc2026regma",
  "rating": 1061,
  "private": 0,
  "password": null
}