{
  "id": "gen9championsvgc2026regma-2582731552",
  "format": "[Gen 9 Champions] VGC 2026 Reg M-A",
  "players": [
    "I like Linoone )",
    "zane121"
  ],
  "log": "|j|\u2606I like Linoone )\n|j|\u2606zane121\n|t:|1776110231\n|gametype|doubles\n|player|p1|I like Linoone )|aaron|1102\n|player|p2|zane121|swimmerf-gen4dp|1164\n|gen|9\n|tier|[Gen 9 Champions] VGC 2026 Reg M-A\n|rated|\n|rule|Species Clause: Limit one of each Pok\u00e9mon\n|rule|Item Clause: Limit 1 of each item\n|clearpoke\n|poke|p1|Hatterene, L50, F|\n|poke|p1|Drampa, L50, M|\n|poke|p1|Runerigus, L50, M|\n|poke|p1|Conkeldurr, L50, F|\n|poke|p1|Camerupt, L50, F|\n|poke|p1|Slowking-Galar, L50, F|\n|poke|p2|Kleavor, L50, F|\n|poke|p2|Scizor, L50, F|\n|poke|p2|Pinsir, L50, F|\n|poke|p2|Meganium, L50, M|\n|poke|p2|Pelipper, L50, M|\n|poke|p2|Basculegion, L50, M|\n|teampreview|4\n|\n|t:|1776110271\n|teamsize|p1|4\n|teamsize|p2|4\n|start\n|switch|p1a: Runerigus|Runerigus, L50, M|100/100\n|switch|p1b: Slowking|Slowking-Galar, L50, F|100/100\n|switch|p2a: Basculegion|Basculegion, L50, M|100/100\n|switch|p2b: Meganium|Meganium, L50, M|100/100\n|turn|1\n|\n|t:|1776110296\n|detailschange|p2b: Meganium|Meganium-Mega, L50, M\n|-mega|p2b: Meganium|Meganium|Meganiumite\n|move|p2a: Basculegion|Wave Crash|p1a: Runerigus\n|-supereffective|p1a: Runerigus|1\n|-damage|p1a: Runerigus|0 fnt\n|-activate|p2a: Basculegion|Skill Swap|Wandering Spirit|Swift Swim|[of] p1a: Runerigus\n|faint|p1a: Runerigus\n|-damage|p2a: Basculegion|73/100|[from] Recoil\n|move|p2b: Meganium|Solar Beam||[still]\n|-prepare|p2b: Meganium|Solar Beam\n|-activate|p2b: Meganium|ability: Mega Sol\n|-anim|p2b: Meganium|Solar Beam|p1b: Slowking\n|-resisted|p1b: Slowking|1\n|-damage|p1b: Slowking|78/100\n|move|p1b: Slowking|Trick Room|p1b: Slowking\n|-fieldstart|move: Trick Room|[of] p1b: Slowking\n|\n|upkeep\n|\n|t:|1776110312\n|switch|p1a: Conkeldurr|Conkeldurr, L50, F|100/100\n|turn|2\n|\n|t:|1776110334\n|move|p2b: Meganium|Protect|p2b: Meganium\n|-singleturn|p2b: Meganium|Protect\n|move|p1b: Slowking|Sludge Bomb|p2b: Meganium\n|-activate|p2b: Meganium|move: Protect\n|move|p1a: Conkeldurr|Thunder Punch|p2a: Basculegion\n|-supereffective|p2a: Basculegion|1\n|-damage|p2a: Basculegion|0 fnt\n|-activate|p1a: Conkeldurr|Skill Swap|Wandering Spirit|Sheer Force|[of] p2a: Basculegion\n|faint|p2a: Basculegion\n|\n|upkeep\n|\n|t:|1776110348\n|switch|p2a: Pelipper|Pelipper, L50, M|100/100\n|-weather|RainDance|[from] ability: Drizzle|[of] p2a: Pelipper\n|turn|3\n|\n|t:|1776110368\n|switch|p2b: Kleavor|Kleavor, L50, F|100/100\n|move|p2a: Pelipper|Protect|p2a: Pelipper\n|-singleturn|p2a: Pelipper|Protect\n|move|p1b: Slowking|Sludge Bomb|p2b: Kleavor\n|-resisted|p2b: Kleavor|1\n|-damage|p2b: Kleavor|74/100\n|-status|p2b: Kleavor|psn\n|move|p1a: Conkeldurr|Rock Slide|p2b: Kleavor|[spread] \n|-activate|p2a: Pelipper|move: Protect\n|-miss|p1a: Conkeldurr|p2b: Kleavor\n|\n|-weather|RainDance|[upkeep]\n|-damage|p2b: Kleavor|62/100 psn|[from] psn\n|upkeep\n|turn|4\n|\n|t:|1776110397\n|move|p2a: Pelipper|Wide Guard|p2a: Pelipper\n|-singleturn|p2a: Pelipper|Wide Guard\n|move|p1b: Slowking|Sludge Bomb|p2b: Kleavor\n|-resisted|p2b: Kleavor|1\n|-damage|p2b: Kleavor|37/100 psn\n|move|p1a: Conkeldurr|Thunder Punch|p2a: Pelipper\n|-supereffective|p2a: Pelipper|2\n|-crit|p2a: Pelipper\n|-enditem|p2a: Pelipper|Focus Sash\n|-damage|p2a: Pelipper|1/100\n|-status|p2a: Pelipper|par\n|move|p2b: Kleavor|Night Slash|p1b: Slowking\n|-supereffective|p1b: Slowking|1\n|-damage|p1b: Slowking|2/100\n|\n|-weather|RainDance|[upkeep]\n|-damage|p2b: Kleavor|25/100 psn|[from] psn\n|upkeep\n|turn|5\n|\n|t:|1776110443\n|move|p1b: Slowking|Sludge Bomb|p2b: Kleavor\n|-resisted|p2b: Kleavor|1\n|-damage|p2b: Kleavor|0 fnt\n|faint|p2b: Kleavor\n|move|p1a: Conkeldurr|Thunder Punch|p2a: Pelipper\n|-supereffective|p2a: Pelipper|2\n|-damage|p2a: Pelipper|0 fnt\n|faint|p2a: Pelipper\n|\n|-weather|RainDance|[upkeep]\n|-fieldend|move: Trick Room\n|upkeep\n|\n|t:|1776110450\n|switch|p2b: Meganium|Meganium-Mega, L50, M|100/100\n|turn|6\n|inactive|Battle timer is ON: inactive players will automatically lose when time's up. (requested by zane121)\n|\n|t:|1776110506\n|move|p2b: Meganium|Dazzling Gleam|p1a: Conkeldurr|[spread] p1a,p1b\n|-supereffective|p1a: Conkeldurr|1\n|-resisted|p1b: Slowking|1\n|-damage|p1a: Conkeldurr|16/100\n|-damage|p1b: Slowking|0 fnt\n|faint|p1b: Slowking\n|move|p1a: Conkeldurr|Close Combat|p2b: Meganium\n|-resisted|p2b: Meganium|1\n|-damage|p2b: Meganium|72/100\n|-unboost|p1a: Conkeldurr|def|1\n|-unboost|p1a: Conkeldurr|spd|1\n|-enditem|p1a: Conkeldurr|White Herb\n|-clearnegativeboost|p1a: Conkeldurr|[silent]\n|\n|-weather|RainDance|[upkeep]\n|upkeep\n|inactive|I like Linoone ) has 30 seconds left.\n|inactive|I like Linoone ) has 20 seconds left.\n|inactive|I like Linoone ) has 15 seconds left.\n|inactive|I like Linoone ) has 10 seconds left.\n|inactive|I like Linoone ) has 5 seconds left.\n|\n|t:|1776110560\n|switch|p1b: Camerupt|Camerupt, L50, F|100/100\n|turn|7\n|\n|t:|1776110572\n|detailschange|p1b: Camerupt|Camerupt-Mega, L50, F\n|-mega|p1b: Camerupt|Camerupt|Cameruptite\n|move|p2b: Meganium|Weather Ball|p1b: Camerupt\n|-resisted|p1b: Camerupt|1\n|-damage|p1b: Camerupt|73/100\n|move|p1a: Conkeldurr|Close Combat|p2b: Meganium\n|-resisted|p2b: Meganium|1\n|-damage|p2b: Meganium|43/100\n|-unboost|p1a: Conkeldurr|def|1\n|-unboost|p1a: Conkeldurr|spd|1\n|move|p1b: Camerupt|Eruption|p2b: Meganium\n|-supereffective|p2b: Meganium|1\n|-damage|p2b: Meganium|0 fnt\n|faint|p2b: Meganium\n|\n|win|I like Linoone )\n|raw|I like Linoone )'s rating: 1102 &rarr; <strong>1131</strong><br />(+29 for winning)\n|raw|zane121's rating: 1164 &rarr; <strong>1135</strong><br />(-29 for losing)\n|l|\u2606I like Linoone )\n|player|p1|\n",
  "uploadtime": 1776110893,
  "views": 22,
  "formatid": "gen9championsvgc2026regma",
  "rating": 1131,
  "private": 0,
  "password": null
}