{
  "id": "gen9championsvgc2026regma-2588585380",
  "format": "[Gen 9 Champions] VGC 2026 Reg M-A",
  "players": [
    "MrMythicorn",
    "asfgfdf"
  ],
  "log": "|j|\u2606MrMythicorn\n|j|\u2606asfgfdf\n|t:|1776647472\n|gametype|doubles\n|player|p1|MrMythicorn|shauna-masters|1089\n|player|p2|asfgfdf|roughneck|1140\n|gen|9\n|tier|[Gen 9 Champions] VGC 2026 Reg M-A\n|rated|\n|rule|Species Clause: Limit one of each Pok\u00e9mon\n|rule|Item Clause: Limit 1 of each item\n|clearpoke\n|poke|p1|Emboar, L50, F|\n|poke|p1|Aerodactyl, L50, F, shiny|\n|poke|p1|Azumarill, L50, F, shiny|\n|poke|p1|Reuniclus, L50, M, shiny|\n|poke|p1|Mimikyu, L50, M, shiny|\n|poke|p1|Scovillain, L50, F|\n|poke|p2|Garchomp, L50, M|\n|poke|p2|Tyranitar, L50, M, shiny|\n|poke|p2|Sinistcha-Masterpiece, L50|\n|poke|p2|Sneasler, L50, F|\n|poke|p2|Aerodactyl, L50, M|\n|poke|p2|Farigiraf, L50, M|\n|teampreview|4\n|inactive|Battle timer is ON: inactive players will automatically lose when time's up. (requested by MrMythicorn)\n|inactive|MrMythicorn has 60 seconds left.\n|inactive|asfgfdf has 60 seconds left.\n|\n|t:|1776647527\n|teamsize|p1|4\n|teamsize|p2|4\n|start\n|switch|p1a: Chicken|Aerodactyl, L50, F, shiny|100/100\n|switch|p1b: Ham|Emboar, L50, F|100/100\n|switch|p2a: Garchomp|Garchomp, L50, M|100/100\n|switch|p2b: Tyranitar|Tyranitar, L50, M, shiny|100/100\n|-ability|p1a: Chicken|Unnerve\n|-weather|Sandstorm|[from] ability: Sand Stream|[of] p2b: Tyranitar\n|turn|1\n|inactive|MrMythicorn has 30 seconds left.\n|inactive|MrMythicorn has 20 seconds left.\n|\n|t:|1776647563\n|detailschange|p1b: Ham|Emboar-Mega, L50, F\n|-mega|p1b: Ham|Emboar|Emboarite\n|-ability|p1b: Ham|Mold Breaker\n|move|p2b: Tyranitar|Protect|p2b: Tyranitar\n|-singleturn|p2b: Tyranitar|Protect\n|move|p1a: Chicken|Tailwind|p1a: Chicken\n|-sidestart|p1: MrMythicorn|move: Tailwind\n|move|p1b: Ham|Close Combat|p2a: Garchomp\n|-damage|p2a: Garchomp|17/100\n|-unboost|p1b: Ham|def|1\n|-unboost|p1b: Ham|spd|1\n|move|p2a: Garchomp|Earthquake|p1a: Chicken|[spread] p1b\n|-activate|p2b: Tyranitar|move: Protect\n|-immune|p1a: Chicken\n|-supereffective|p1b: Ham|1\n|-damage|p1b: Ham|0 fnt\n|faint|p1b: Ham\n|\n|-weather|Sandstorm|[upkeep]\n|upkeep\n|inactive|MrMythicorn has 30 seconds left.\n|\n|t:|1776647588\n|switch|p1b: Egg|Azumarill, L50, F, shiny|100/100\n|turn|2\n|\n|t:|1776647601\n|switch|p2b: Farigiraf|Farigiraf, L50, M|100/100\n|move|p1a: Chicken|Dual Wingbeat|p2a: Garchomp|[miss]\n|-miss|p1a: Chicken|p2a: Garchomp\n|move|p2a: Garchomp|Rock Slide|p1a: Chicken|[spread] p1a,p1b\n|-supereffective|p1a: Chicken|1\n|-damage|p1a: Chicken|36/100\n|-damage|p1b: Egg|81/100\n|move|p1b: Egg|Belly Drum|p1b: Egg\n|-damage|p1b: Egg|31/100\n|-setboost|p1b: Egg|atk|6|[from] move: Belly Drum\n|-enditem|p1b: Egg|Sitrus Berry|[eat]\n|-heal|p1b: Egg|56/100|[from] item: Sitrus Berry\n|\n|-weather|Sandstorm|[upkeep]\n|-damage|p1b: Egg|50/100|[from] Sandstorm\n|-damage|p2b: Farigiraf|94/100|[from] Sandstorm\n|upkeep\n|turn|3\n|\n|t:|1776647623\n|move|p1a: Chicken|Dual Wingbeat|p2a: Garchomp\n|-damage|p2a: Garchomp|0 fnt\n|faint|p2a: Garchomp\n|-hitcount|p2: Garchomp|1\n|move|p1b: Egg|Play Rough|p2b: Farigiraf\n|-damage|p2b: Farigiraf|0 fnt\n|faint|p2b: Farigiraf\n|\n|-weather|Sandstorm|[upkeep]\n|-damage|p1b: Egg|44/100|[from] Sandstorm\n|upkeep\n|\n|t:|1776647630\n|switch|p2a: Tyranitar|Tyranitar, L50, M, shiny|100/100\n|switch|p2b: Sneasler|Sneasler, L50, F|100/100\n|turn|4\n|inactive|MrMythicorn has 30 seconds left.\n|inactive|MrMythicorn has 20 seconds left.\n|inactive|MrMythicorn has 15 seconds left.\n|inactive|MrMythicorn has 10 seconds left.\n|\n|t:|1776647677\n|detailschange|p2a: Tyranitar|Tyranitar-Mega, L50, M, shiny\n|-mega|p2a: Tyranitar|Tyranitar|Tyranitarite\n|move|p2b: Sneasler|Fake Out|p1b: Egg\n|-damage|p1b: Egg|29/100\n|cant|p1b: Egg|flinch\n|move|p1a: Chicken|Dual Wingbeat|p2b: Sneasler\n|-supereffective|p2b: Sneasler|1\n|-damage|p2b: Sneasler|32/100\n|-supereffective|p2b: Sneasler|1\n|-damage|p2b: Sneasler|0 fnt\n|faint|p2b: Sneasler\n|-hitcount|p2: Sneasler|2\n|move|p2a: Tyranitar|Rock Slide|p1a: Chicken|[spread] p1b\n|-miss|p2a: Tyranitar|p1a: Chicken\n|-damage|p1b: Egg|0 fnt\n|faint|p1b: Egg\n|\n|-weather|Sandstorm|[upkeep]\n|-sideend|p1: MrMythicorn|move: Tailwind\n|upkeep\n|\n|t:|1776647681\n|switch|p1b: Cheese|Mimikyu, L50, M, shiny|100/100\n|turn|5\n|\n|t:|1776647693\n|move|p1a: Chicken|Tailwind|p1a: Chicken\n|-sidestart|p1: MrMythicorn|move: Tailwind\n|move|p1b: Cheese|Swords Dance|p1b: Cheese\n|-boost|p1b: Cheese|atk|2\n|move|p2a: Tyranitar|Rock Slide|p1b: Cheese|[spread] p1a,p1b\n|-supereffective|p1a: Chicken|1\n|-damage|p1a: Chicken|0 fnt\n|-activate|p1b: Cheese|ability: Disguise\n|-damage|p1b: Cheese|100/100\n|detailschange|p1b: Cheese|Mimikyu-Busted, L50, M, shiny\n|-damage|p1b: Cheese|88/100|[from] pokemon: Mimikyu-Busted\n|faint|p1a: Chicken\n|\n|-weather|none\n|upkeep\n|turn|6\n|\n|t:|1776647707\n|move|p1b: Cheese|Play Rough|p2a: Tyranitar\n|-supereffective|p2a: Tyranitar|1\n|-damage|p2a: Tyranitar|11/100\n|move|p2a: Tyranitar|Knock Off|p1b: Cheese\n|-damage|p1b: Cheese|24/100\n|\n|upkeep\n|turn|7\n|\n|t:|1776647729\n|move|p1b: Cheese|Play Rough|p2a: Tyranitar\n|-supereffective|p2a: Tyranitar|1\n|-damage|p2a: Tyranitar|0 fnt\n|faint|p2a: Tyranitar\n|\n|win|MrMythicorn\n|raw|MrMythicorn's rating: 1089 &rarr; <strong>1120</strong><br />(+31 for winning)\n|raw|asfgfdf's rating: 1140 &rarr; <strong>1111</strong><br />(-29 for losing)\n|l|\u2606asfgfdf\n|player|p2|\n",
  "uploadtime": 1776647735,
  "views": 8,
  "formatid": "gen9championsvgc2026regma",
  "rating": 1111,
  "private": 0,
  "password": null
}