{
  "id": "gen9championsvgc2026regma-2585246703",
  "format": "[Gen 9 Champions] VGC 2026 Reg M-A",
  "players": [
    "jerimin",
    "terwecacew"
  ],
  "log": "|j|\u2606jerimin\n|j|\u2606terwecacew\n|t:|1776329552\n|gametype|doubles\n|player|p1|jerimin|roxie|1090\n|player|p2|terwecacew|battlegirl-gen4|1000\n|gen|9\n|tier|[Gen 9 Champions] VGC 2026 Reg M-A\n|rated|\n|rule|Species Clause: Limit one of each Pok\u00e9mon\n|rule|Item Clause: Limit 1 of each item\n|clearpoke\n|poke|p1|Charizard, L50, F|\n|poke|p1|Kingambit, L50, F|\n|poke|p1|Incineroar, L50, M|\n|poke|p1|Floette-Eternal, L50, F|\n|poke|p1|Aerodactyl, L50, M|\n|poke|p1|Sneasler, L50, M|\n|poke|p2|Meganium, L50, F|\n|poke|p2|Kangaskhan, L50, F|\n|poke|p2|Archaludon, L50, F|\n|poke|p2|Aerodactyl, L50, M|\n|poke|p2|Typhlosion-Hisui, L50, F|\n|poke|p2|Tauros-Paldea-Aqua, L50, M|\n|teampreview|4\n|inactive|Battle timer is ON: inactive players will automatically lose when time's up. (requested by jerimin)\n|j| majayong03\n|l| majayong03\n|inactive|jerimin has 60 seconds left.\n|inactive|terwecacew has 60 seconds left.\n|\n|t:|1776329608\n|teamsize|p1|4\n|teamsize|p2|4\n|start\n|switch|p1a: Charizard|Charizard, L50, F|100/100\n|switch|p1b: Incineroar|Incineroar, L50, M|100/100\n|switch|p2a: Aerodactyl|Aerodactyl, L50, M|100/100\n|switch|p2b: Archaludon|Archaludon, L50, F|100/100\n|-ability|p2a: Aerodactyl|Unnerve\n|-ability|p1b: Incineroar|Intimidate|boost\n|-unboost|p2a: Aerodactyl|atk|1\n|-unboost|p2b: Archaludon|atk|1\n|turn|1\n|inactive|jerimin has 30 seconds left.\n|inactive|jerimin has 20 seconds left.\n|inactive|jerimin has 15 seconds left.\n|\n|t:|1776329649\n|switch|p2b: Tauros|Tauros-Paldea-Aqua, L50, M|100/100\n|-ability|p2b: Tauros|Intimidate|boost\n|-unboost|p1a: Charizard|atk|1\n|-unboost|p1b: Incineroar|atk|1\n|detailschange|p1a: Charizard|Charizard-Mega-Y, L50, F\n|-mega|p1a: Charizard|Charizard|Charizardite Y\n|-weather|SunnyDay|[from] ability: Drought|[of] p1a: Charizard\n|move|p2a: Aerodactyl|Protect|p2a: Aerodactyl\n|-singleturn|p2a: Aerodactyl|Protect\n|move|p1a: Charizard|Weather Ball|p2b: Tauros\n|-resisted|p2b: Tauros|1\n|-damage|p2b: Tauros|28/100\n|move|p1b: Incineroar|Parting Shot|p2a: Aerodactyl\n|-activate|p2a: Aerodactyl|move: Protect\n|\n|-weather|SunnyDay|[upkeep]\n|upkeep\n|turn|2\n|inactive|jerimin has 30 seconds left.\n|inactive|terwecacew has 30 seconds left.\n|inactive|jerimin has 20 seconds left.\n|\n|t:|1776329686\n|switch|p1b: Sneasler|Sneasler, L50, M|100/100\n|move|p2b: Tauros|Protect|p2b: Tauros\n|-singleturn|p2b: Tauros|Protect\n|move|p2a: Aerodactyl|Tailwind|p2a: Aerodactyl\n|-sidestart|p2: terwecacew|move: Tailwind\n|move|p1a: Charizard|Solar Beam||[still]\n|-prepare|p1a: Charizard|Solar Beam\n|-anim|p1a: Charizard|Solar Beam|p2b: Tauros\n|-activate|p2b: Tauros|move: Protect\n|\n|-weather|SunnyDay|[upkeep]\n|upkeep\n|turn|3\n|inactive|jerimin has 30 seconds left.\n|\n|t:|1776329713\n|move|p2a: Aerodactyl|Protect|p2a: Aerodactyl\n|-singleturn|p2a: Aerodactyl|Protect\n|move|p1b: Sneasler|Fake Out|p2a: Aerodactyl\n|-activate|p2a: Aerodactyl|move: Protect\n|move|p2b: Tauros|Wave Crash|p1a: Charizard\n|-supereffective|p1a: Charizard|1\n|-damage|p1a: Charizard|14/100\n|-damage|p2b: Tauros|0 fnt|[from] Recoil\n|faint|p2b: Tauros\n|move|p1a: Charizard|Solar Beam||[still]\n|-prepare|p1a: Charizard|Solar Beam\n|-anim|p1a: Charizard|Solar Beam|p2a: Aerodactyl\n|-activate|p2a: Aerodactyl|move: Protect\n|\n|-weather|SunnyDay|[upkeep]\n|upkeep\n|\n|t:|1776329730\n|switch|p2b: Kangaskhan|Kangaskhan, L50, F|100/100\n|turn|4\n|\n|t:|1776329755\n|detailschange|p2b: Kangaskhan|Kangaskhan-Mega, L50, F\n|-mega|p2b: Kangaskhan|Kangaskhan|Kangaskhanite\n|move|p1a: Charizard|Protect|p1a: Charizard\n|-singleturn|p1a: Charizard|Protect\n|move|p2b: Kangaskhan|Fake Out|p1b: Sneasler\n|-damage|p1b: Sneasler|67/100\n|-damage|p1b: Sneasler|59/100\n|-hitcount|p1b: Sneasler|2\n|move|p2a: Aerodactyl|Rock Slide|p1b: Sneasler|[spread] p1b\n|-activate|p1a: Charizard|move: Protect\n|-resisted|p1b: Sneasler|1\n|-damage|p1b: Sneasler|44/100\n|cant|p1b: Sneasler|flinch\n|\n|-weather|SunnyDay|[upkeep]\n|upkeep\n|turn|5\n|inactive|jerimin has 30 seconds left.\n|inactive|terwecacew has 30 seconds left.\n|inactive|jerimin has 20 seconds left.\n|inactive|terwecacew has 20 seconds left.\n|inactive|terwecacew has 15 seconds left.\n|inactive|terwecacew has 10 seconds left.\n|\n|t:|1776329803\n|switch|p1b: Kingambit|Kingambit, L50, F|100/100\n|switch|p1a: Incineroar|Incineroar, L50, M|100/100\n|-ability|p1a: Incineroar|Intimidate|boost\n|-unboost|p2a: Aerodactyl|atk|1\n|-unboost|p2b: Kangaskhan|atk|1\n|move|p2a: Aerodactyl|Rock Slide|p1a: Incineroar|[spread] p1a,p1b\n|-supereffective|p1a: Incineroar|1\n|-resisted|p1b: Kingambit|1\n|-damage|p1a: Incineroar|78/100\n|-damage|p1b: Kingambit|95/100\n|move|p2b: Kangaskhan|Double-Edge|p1b: Kingambit\n|-resisted|p1b: Kingambit|1\n|-damage|p1b: Kingambit|76/100\n|-resisted|p1b: Kingambit|1\n|-damage|p1b: Kingambit|72/100\n|-hitcount|p1b: Kingambit|2\n|-damage|p2b: Kangaskhan|93/100|[from] Recoil\n|\n|-weather|none\n|-sideend|p2: terwecacew|move: Tailwind\n|upkeep\n|turn|6\n|inactive|jerimin has 30 seconds left.\n|inactive|jerimin has 20 seconds left.\n|inactive|jerimin has 15 seconds left.\n|\n|t:|1776329844\n|switch|p2a: Archaludon|Archaludon, L50, F|100/100\n|move|p2b: Kangaskhan|Low Kick|p1b: Kingambit\n|-supereffective|p1b: Kingambit|2\n|-damage|p1b: Kingambit|0 fnt\n|faint|p1b: Kingambit\n|-hitcount|p1: Kingambit|1\n|move|p1a: Incineroar|Parting Shot|p2b: Kangaskhan\n|-unboost|p2b: Kangaskhan|atk|1\n|-unboost|p2b: Kangaskhan|spa|1\n|\n|t:|1776329855\n|switch|p1a: Sneasler|Sneasler, L50, M|44/100|[from] Parting Shot\n|\n|upkeep\n|\n|t:|1776329857\n|switch|p1b: Charizard|Charizard-Mega-Y, L50, F|14/100\n|-weather|SunnyDay|[from] ability: Drought|[of] p1b: Charizard\n|turn|7\n|\n|t:|1776329876\n|switch|p1b: Incineroar|Incineroar, L50, M|78/100\n|-ability|p1b: Incineroar|Intimidate|boost\n|-unboost|p2a: Archaludon|atk|1\n|-unboost|p2b: Kangaskhan|atk|1\n|move|p1a: Sneasler|Fake Out|p2b: Kangaskhan\n|-damage|p2b: Kangaskhan|77/100\n|cant|p2b: Kangaskhan|flinch\n|move|p2a: Archaludon|Draco Meteor|p1a: Sneasler\n|-damage|p1a: Sneasler|0 fnt\n|-unboost|p2a: Archaludon|spa|2\n|faint|p1a: Sneasler\n|\n|-weather|SunnyDay|[upkeep]\n|upkeep\n|\n|t:|1776329892\n|switch|p1a: Charizard|Charizard-Mega-Y, L50, F|14/100\n|turn|8\n|\n|t:|1776329914\n|move|p1b: Incineroar|Fake Out|p2b: Kangaskhan\n|-damage|p2b: Kangaskhan|64/100\n|cant|p2b: Kangaskhan|flinch\n|move|p1a: Charizard|Weather Ball|p2a: Archaludon\n|-damage|p2a: Archaludon|0 fnt\n|faint|p2a: Archaludon\n|\n|-weather|SunnyDay|[upkeep]\n|upkeep\n|\n|t:|1776329922\n|switch|p2a: Aerodactyl|Aerodactyl, L50, M|100/100\n|-ability|p2a: Aerodactyl|Unnerve\n|turn|9\n|\n|t:|1776329940\n|move|p2a: Aerodactyl|Rock Slide|p1a: Charizard|[spread] p1a,p1b\n|-supereffective|p1a: Charizard|2\n|-supereffective|p1b: Incineroar|1\n|-damage|p1a: Charizard|0 fnt\n|-damage|p1b: Incineroar|36/100\n|faint|p1a: Charizard\n|move|p2b: Kangaskhan|Low Kick|p1b: Incineroar\n|-supereffective|p1b: Incineroar|1\n|-damage|p1b: Incineroar|17/100\n|-supereffective|p1b: Incineroar|1\n|-damage|p1b: Incineroar|12/100\n|-hitcount|p1b: Incineroar|2\n|cant|p1b: Incineroar|flinch\n|\n|-weather|SunnyDay|[upkeep]\n|upkeep\n|turn|10\n|\n|t:|1776329957\n|move|p2a: Aerodactyl|Dual Wingbeat|p1b: Incineroar\n|-damage|p1b: Incineroar|0 fnt\n|faint|p1b: Incineroar\n|-hitcount|p1: Incineroar|1\n|\n|win|terwecacew\n|raw|jerimin's rating: 1090 &rarr; <strong>1061</strong><br />(-29 for losing)\n|raw|terwecacew's rating: 1000 &rarr; <strong>1050</strong><br />(+50 for winning)\n|l|\u2606jerimin\n|player|p1|\n",
  "uploadtime": 1776329963,
  "views": 36,
  "formatid": "gen9championsvgc2026regma",
  "rating": 1050,
  "private": 0,
  "password": null
}