{
  "id": "gen9championsvgc2026regma-2583910180",
  "format": "[Gen 9 Champions] VGC 2026 Reg M-A",
  "players": [
    "tabemash0",
    "dmem enjoyer"
  ],
  "log": "|j|\u2606tabemash0\n|j|\u2606dmem enjoyer\n|t:|1776207497\n|gametype|doubles\n|player|p1|tabemash0|swimmer|1030\n|player|p2|dmem enjoyer|2|1082\n|gen|9\n|tier|[Gen 9 Champions] VGC 2026 Reg M-A\n|rated|\n|rule|Species Clause: Limit one of each Pok\u00e9mon\n|rule|Item Clause: Limit 1 of each item\n|clearpoke\n|poke|p1|Meowstic, L50, M|\n|poke|p1|Starmie, L50|\n|poke|p1|Liepard, L50, F|\n|poke|p1|Excadrill, L50, M|\n|poke|p1|Dragapult, L50, F|\n|poke|p1|Infernape, L50, F|\n|poke|p2|Sinistcha, L50|\n|poke|p2|Charizard, L50, M|\n|poke|p2|Torkoal, L50, F|\n|poke|p2|Venusaur, L50, M|\n|poke|p2|Aegislash, L50, F|\n|poke|p2|Maushold-Four, L50|\n|teampreview|4\n|\n|t:|1776207560\n|teamsize|p1|4\n|teamsize|p2|4\n|start\n|switch|p1a: Meowstic|Meowstic, L50, M|100/100\n|switch|p1b: Starmie|Starmie, L50|100/100\n|switch|p2a: Torkoal|Torkoal, L50, F|100/100\n|switch|p2b: Venusaur|Venusaur, L50, M|100/100\n|-weather|SunnyDay|[from] ability: Drought|[of] p2a: Torkoal\n|turn|1\n|\n|t:|1776207593\n|detailschange|p1b: Starmie|Starmie-Mega, L50\n|-mega|p1b: Starmie|Starmie|Starminite\n|move|p1b: Starmie|Protect|p1b: Starmie\n|-singleturn|p1b: Starmie|Protect\n|move|p1a: Meowstic|Rain Dance|p1a: Meowstic\n|-weather|RainDance\n|move|p2b: Venusaur|Leaf Storm|p1b: Starmie\n|-activate|p1b: Starmie|move: Protect\n|move|p2a: Torkoal|Heat Wave|p1b: Starmie|[spread] p1a\n|-activate|p1b: Starmie|move: Protect\n|-damage|p1a: Meowstic|82/100\n|\n|-weather|RainDance|[upkeep]\n|upkeep\n|turn|2\n|\n|t:|1776207612\n|switch|p2b: Sinistcha|Sinistcha, L50|100/100\n|switch|p1a: Excadrill|Excadrill, L50, M|100/100\n|move|p2a: Torkoal|Protect|p2a: Torkoal\n|-singleturn|p2a: Torkoal|Protect\n|move|p1b: Starmie|Skill Swap|p1a: Excadrill\n|-activate|p1b: Starmie|Skill Swap|||[of] p1a: Excadrill\n|\n|-weather|RainDance|[upkeep]\n|upkeep\n|turn|3\n|\n|t:|1776207638\n|switch|p1b: Meowstic|Meowstic, L50, M|82/100\n|switch|p2a: Aegislash|Aegislash, L50, F|100/100\n|move|p1a: Excadrill|Rock Slide|p2b: Sinistcha|[spread] p2b\n|-miss|p1a: Excadrill|p2a: Aegislash\n|-damage|p2b: Sinistcha|65/100\n|cant|p2b: Sinistcha|flinch\n|\n|-weather|RainDance|[upkeep]\n|upkeep\n|turn|4\n|\n|t:|1776207669\n|move|p2a: Aegislash|Wide Guard|p2a: Aegislash\n|-singleturn|p2a: Aegislash|Wide Guard\n|move|p1b: Meowstic|Psychic Terrain|p1b: Meowstic\n|-fieldstart|move: Psychic Terrain\n|move|p1a: Excadrill|High Horsepower|p2a: Aegislash\n|-supereffective|p2a: Aegislash|1\n|-damage|p2a: Aegislash|0 fnt\n|faint|p2a: Aegislash\n|move|p2b: Sinistcha|Trick Room|p2b: Sinistcha\n|-fieldstart|move: Trick Room|[of] p2b: Sinistcha\n|\n|-weather|RainDance|[upkeep]\n|upkeep\n|\n|t:|1776207685\n|switch|p2a: Venusaur|Venusaur, L50, M|100/100\n|turn|5\n|\n|t:|1776207737\n|switch|p1b: Starmie|Starmie-Mega, L50|100/100\n|move|p2b: Sinistcha|Rage Powder|p2b: Sinistcha\n|-singleturn|p2b: Sinistcha|move: Rage Powder\n|move|p2a: Venusaur|Weather Ball|p1a: Excadrill\n|-supereffective|p1a: Excadrill|1\n|-crit|p1a: Excadrill\n|-enditem|p1a: Excadrill|Focus Sash\n|-damage|p1a: Excadrill|1/100\n|move|p1a: Excadrill|Rock Slide|p2b: Sinistcha|[spread] p2a,p2b\n|-damage|p2a: Venusaur|50/100\n|-damage|p2b: Sinistcha|30/100\n|\n|-weather|none\n|upkeep\n|turn|6\n|\n|t:|1776207763\n|move|p2b: Sinistcha|Matcha Gotcha|p1b: Starmie|[spread] p1a,p1b\n|-supereffective|p1b: Starmie|1\n|-damage|p1a: Excadrill|0 fnt\n|-heal|p2b: Sinistcha|31/100|[from] drain|[of] p1a: Excadrill\n|-damage|p1b: Starmie|48/100\n|-heal|p2b: Sinistcha|53/100|[from] drain|[of] p1b: Starmie\n|faint|p1a: Excadrill\n|move|p2a: Venusaur|Leaf Storm|p1b: Starmie\n|-supereffective|p1b: Starmie|1\n|-damage|p1b: Starmie|0 fnt\n|-unboost|p2a: Venusaur|spa|2\n|faint|p1b: Starmie\n|\n|upkeep\n|\n|t:|1776207777\n|switch|p1a: Meowstic|Meowstic, L50, M|82/100\n|switch|p1b: Dragapult|Dragapult, L50, F|100/100\n|turn|7\n|\n|t:|1776207810\n|switch|p2a: Torkoal|Torkoal, L50, F|100/100\n|-weather|SunnyDay|[from] ability: Drought|[of] p2a: Torkoal\n|move|p1b: Dragapult|Protect|p1b: Dragapult\n|-singleturn|p1b: Dragapult|Protect\n|move|p2b: Sinistcha|Matcha Gotcha|p1a: Meowstic|[spread] p1a\n|-activate|p1b: Dragapult|move: Protect\n|-damage|p1a: Meowstic|55/100\n|-heal|p2b: Sinistcha|67/100|[from] drain|[of] p1a: Meowstic\n|move|p1a: Meowstic|Expanding Force|p2b: Sinistcha|[spread] p2a,p2b\n|-damage|p2a: Torkoal|39/100\n|-damage|p2b: Sinistcha|29/100\n|\n|-weather|SunnyDay|[upkeep]\n|upkeep\n|turn|8\n|\n|t:|1776207852\n|move|p1a: Meowstic|Rain Dance|p1a: Meowstic\n|-weather|RainDance\n|move|p2a: Torkoal|Heat Wave|p1b: Dragapult|[spread] p1a,p1b\n|-resisted|p1b: Dragapult|1\n|-damage|p1a: Meowstic|36/100\n|-damage|p1b: Dragapult|90/100\n|move|p2b: Sinistcha|Matcha Gotcha|p1b: Dragapult|[spread] p1a,p1b\n|-resisted|p1b: Dragapult|1\n|-damage|p1a: Meowstic|12/100\n|-heal|p2b: Sinistcha|42/100|[from] drain|[of] p1a: Meowstic\n|-damage|p1b: Dragapult|73/100\n|-heal|p2b: Sinistcha|50/100|[from] drain|[of] p1b: Dragapult\n|-status|p1a: Meowstic|brn\n|move|p1b: Dragapult|Dragon Darts|p2b: Sinistcha\n|-damage|p2b: Sinistcha|31/100\n|-anim|p1b: Dragapult|Dragon Darts|p2a: Torkoal\n|-damage|p2a: Torkoal|19/100\n|\n|-weather|RainDance|[upkeep]\n|-damage|p1a: Meowstic|5/100 brn|[from] brn\n|-fieldend|move: Trick Room\n|-fieldend|move: Psychic Terrain\n|upkeep\n|turn|9\n|\n|t:|1776207889\n|move|p1b: Dragapult|Steel Wing|p2b: Sinistcha|[miss]\n|-miss|p1b: Dragapult|p2b: Sinistcha\n|move|p1a: Meowstic|Expanding Force|p2a: Torkoal\n|-damage|p2a: Torkoal|0 fnt\n|faint|p2a: Torkoal\n|move|p2b: Sinistcha|Trick Room|p2b: Sinistcha\n|-fieldstart|move: Trick Room|[of] p2b: Sinistcha\n|\n|-weather|RainDance|[upkeep]\n|-damage|p1a: Meowstic|0 fnt|[from] brn\n|faint|p1a: Meowstic\n|upkeep\n|\n|t:|1776207898\n|switch|p2a: Venusaur|Venusaur, L50, M|50/100\n|turn|10\n|\n|t:|1776207915\n|move|p2b: Sinistcha|Strength Sap|p1b: Dragapult\n|-unboost|p1b: Dragapult|atk|1\n|-heal|p2b: Sinistcha|100/100\n|move|p2a: Venusaur|Sleep Powder|p1b: Dragapult\n|-status|p1b: Dragapult|slp|[from] move: Sleep Powder\n|-enditem|p1b: Dragapult|Lum Berry|[eat]\n|-curestatus|p1b: Dragapult|slp|[msg]\n|move|p1b: Dragapult|Dragon Darts|p2a: Venusaur\n|-damage|p2a: Venusaur|28/100\n|-anim|p1b: Dragapult|Dragon Darts|p2b: Sinistcha\n|-damage|p2b: Sinistcha|87/100\n|\n|-weather|RainDance|[upkeep]\n|upkeep\n|turn|11\n|\n|t:|1776207943\n|move|p2b: Sinistcha|Matcha Gotcha|p1b: Dragapult\n|-resisted|p1b: Dragapult|1\n|-damage|p1b: Dragapult|51/100\n|-heal|p2b: Sinistcha|97/100|[from] drain|[of] p1b: Dragapult\n|move|p2a: Venusaur|Sludge Bomb|p1b: Dragapult\n|-resisted|p1b: Dragapult|1\n|-damage|p1b: Dragapult|23/100\n|move|p1b: Dragapult|Phantom Force||[still]\n|-prepare|p1b: Dragapult|Phantom Force\n|\n|-weather|RainDance|[upkeep]\n|upkeep\n|turn|12\n|\n|t:|1776207970\n|move|p2b: Sinistcha|Matcha Gotcha|p1b: Dragapult|[miss]\n|-miss|p2b: Sinistcha|p1b: Dragapult\n|move|p2a: Venusaur|Weather Ball|p1b: Dragapult|[miss]\n|-miss|p2a: Venusaur|p1b: Dragapult\n|move|p1b: Dragapult|Phantom Force|p2a: Venusaur|[from] lockedmove\n|-damage|p2a: Venusaur|0 fnt\n|faint|p2a: Venusaur\n|\n|-weather|none\n|upkeep\n|turn|13\n|\n|t:|1776207994\n|move|p1b: Dragapult|Protect|p1b: Dragapult\n|-singleturn|p1b: Dragapult|Protect\n|move|p2b: Sinistcha|Matcha Gotcha|p1b: Dragapult\n|-activate|p1b: Dragapult|move: Protect\n|\n|-fieldend|move: Trick Room\n|upkeep\n|turn|14\n|\n|t:|1776208014\n|move|p1b: Dragapult|Phantom Force||[still]\n|-prepare|p1b: Dragapult|Phantom Force\n|move|p2b: Sinistcha|Trick Room|p2b: Sinistcha\n|-fieldstart|move: Trick Room|[of] p2b: Sinistcha\n|\n|upkeep\n|turn|15\n|\n|t:|1776208019\n|move|p2b: Sinistcha|Matcha Gotcha|p1b: Dragapult|[miss]\n|-miss|p2b: Sinistcha|p1b: Dragapult\n|move|p1b: Dragapult|Phantom Force|p2b: Sinistcha|[from] lockedmove\n|-supereffective|p2b: Sinistcha|1\n|-damage|p2b: Sinistcha|49/100\n|\n|upkeep\n|turn|16\n|\n|t:|1776208031\n|move|p1b: Dragapult|Protect|p1b: Dragapult\n|-singleturn|p1b: Dragapult|Protect\n|move|p2b: Sinistcha|Strength Sap|p1b: Dragapult\n|-activate|p1b: Dragapult|move: Protect\n|\n|upkeep\n|turn|17\n|\n|t:|1776208039\n|move|p2b: Sinistcha|Strength Sap|p1b: Dragapult\n|-unboost|p1b: Dragapult|atk|1\n|-heal|p2b: Sinistcha|100/100\n|move|p1b: Dragapult|Phantom Force||[still]\n|-prepare|p1b: Dragapult|Phantom Force\n|\n|upkeep\n|turn|18\n|\n|t:|1776208047\n|move|p2b: Sinistcha|Matcha Gotcha|p1b: Dragapult|[miss]\n|-miss|p2b: Sinistcha|p1b: Dragapult\n|move|p1b: Dragapult|Phantom Force|p2b: Sinistcha|[from] lockedmove\n|-supereffective|p2b: Sinistcha|1\n|-damage|p2b: Sinistcha|63/100\n|\n|-fieldend|move: Trick Room\n|upkeep\n|turn|19\n|\n|t:|1776208057\n|move|p1b: Dragapult|Phantom Force||[still]\n|-prepare|p1b: Dragapult|Phantom Force\n|move|p2b: Sinistcha|Trick Room|p2b: Sinistcha\n|-fieldstart|move: Trick Room|[of] p2b: Sinistcha\n|\n|upkeep\n|turn|20\n|\n|t:|1776208062\n|move|p2b: Sinistcha|Matcha Gotcha|p1b: Dragapult|[miss]\n|-miss|p2b: Sinistcha|p1b: Dragapult\n|move|p1b: Dragapult|Phantom Force|p2b: Sinistcha|[from] lockedmove\n|-supereffective|p2b: Sinistcha|1\n|-crit|p2b: Sinistcha\n|-damage|p2b: Sinistcha|0 fnt\n|faint|p2b: Sinistcha\n|\n|win|tabemash0\n|raw|tabemash0's rating: 1030 &rarr; <strong>1071</strong><br />(+41 for winning)\n|raw|dmem enjoyer's rating: 1082 &rarr; <strong>1056</strong><br />(-26 for losing)\n|l|\u2606dmem enjoyer\n|player|p2|\n",
  "uploadtime": 1776208339,
  "views": 28,
  "formatid": "gen9championsvgc2026regma",
  "rating": 1056,
  "private": 0,
  "password": null
}