{
  "id": "gen9championsvgc2026regma-2587034992",
  "format": "[Gen 9 Champions] VGC 2026 Reg M-A",
  "players": [
    "DrakyPana",
    "wshjkcebuh"
  ],
  "log": "|j|\u2606DrakyPana\n|j|\u2606wshjkcebuh\n|t:|1776483590\n|gametype|doubles\n|player|p1|DrakyPana|n|1110\n|player|p2|wshjkcebuh|101|1026\n|gen|9\n|tier|[Gen 9 Champions] VGC 2026 Reg M-A\n|rated|\n|rule|Species Clause: Limit one of each Pok\u00e9mon\n|rule|Item Clause: Limit 1 of each item\n|clearpoke\n|poke|p1|Tyranitar, L50, F|\n|poke|p1|Garchomp, L50, F|\n|poke|p1|Corviknight, L50, M|\n|poke|p1|Sneasler, L50, F|\n|poke|p1|Rotom-Wash, L50|\n|poke|p1|Sinistcha, L50|\n|poke|p2|Starmie, L50|\n|poke|p2|Sableye, L50, M|\n|poke|p2|Maushold, L50|\n|poke|p2|Incineroar, L50, F|\n|poke|p2|Sneasler, L50, F|\n|poke|p2|Charizard, L50, F|\n|teampreview|4\n|inactive|Battle timer is ON: inactive players will automatically lose when time's up. (requested by wshjkcebuh)\nDrakyPana has agreed to open team sheets.\n|inactive|DrakyPana has 60 seconds left.\nwshjkcebuh rejected open team sheets.\n|\n|t:|1776483642\n|teamsize|p1|4\n|teamsize|p2|4\n|start\n|switch|p1a: Rotom|Rotom-Wash, L50|100/100\n|switch|p1b: Corviknight|Corviknight, L50, M|100/100\n|switch|p2a: Starmie|Starmie, L50, shiny|100/100\n|switch|p2b: Incineroar|Incineroar, L50, F|100/100\n|-ability|p2b: Incineroar|Intimidate|boost\n|-unboost|p1a: Rotom|atk|1\n|-ability|p1b: Corviknight|Mirror Armor\n|-unboost|p2b: Incineroar|atk|1\n|turn|1\n|\n|t:|1776483659\n|move|p2b: Incineroar|Fake Out|p1a: Rotom\n|-damage|p1a: Rotom|93/100\n|move|p2a: Starmie|Minimize|p2a: Starmie\n|-boost|p2a: Starmie|evasion|2\n|cant|p1a: Rotom|flinch\n|move|p1b: Corviknight|Tailwind|p1b: Corviknight\n|-sidestart|p1: DrakyPana|move: Tailwind\n|\n|-heal|p1a: Rotom|99/100|[from] item: Leftovers\n|upkeep\n|turn|2\n|\n|t:|1776483681\n|switch|p2b: Sneasler|Sneasler, L50, F|100/100\n|move|p2a: Starmie|Protect|p2a: Starmie\n|-singleturn|p2a: Starmie|Protect\n|move|p1a: Rotom|Electroweb|p2a: Starmie|[spread] p2b\n|-activate|p2a: Starmie|move: Protect\n|-damage|p2b: Sneasler|73/100\n|-unboost|p2b: Sneasler|spe|1\n|-enditem|p2b: Sneasler|White Herb\n|-clearnegativeboost|p2b: Sneasler|[silent]\n|move|p1b: Corviknight|Brave Bird|p2b: Sneasler\n|-supereffective|p2b: Sneasler|1\n|-damage|p2b: Sneasler|0 fnt\n|faint|p2b: Sneasler\n|-damage|p1b: Corviknight|81/100|[from] Recoil\n|\n|-heal|p1a: Rotom|100/100|[from] item: Leftovers\n|upkeep\n|\n|t:|1776483697\n|switch|p2b: Incineroar|Incineroar, L50, F|100/100\n|-ability|p2b: Incineroar|Intimidate|boost\n|-unboost|p1a: Rotom|atk|1\n|-ability|p1b: Corviknight|Mirror Armor\n|-unboost|p2b: Incineroar|atk|1\n|turn|3\n|\n|t:|1776483715\n|switch|p1b: Garchomp|Garchomp, L50, F|100/100\n|detailschange|p2a: Starmie|Starmie-Mega, L50, shiny\n|-mega|p2a: Starmie|Starmie|Starminite\n|move|p2b: Incineroar|Fake Out|p1a: Rotom\n|-damage|p1a: Rotom|92/100\n|cant|p1a: Rotom|flinch\n|move|p2a: Starmie|Minimize|p2a: Starmie\n|-boost|p2a: Starmie|evasion|2\n|\n|-heal|p1a: Rotom|98/100|[from] item: Leftovers\n|upkeep\n|turn|4\n|\n|t:|1776483733\n|move|p1b: Garchomp|Earthquake|p2b: Incineroar|[spread] p2b\n|-immune|p1a: Rotom|[from] ability: Levitate\n|-miss|p1b: Garchomp|p2a: Starmie\n|-supereffective|p2b: Incineroar|1\n|-damage|p2b: Incineroar|37/100\n|-enditem|p2b: Incineroar|Sitrus Berry|[eat]\n|-heal|p2b: Incineroar|62/100|[from] item: Sitrus Berry\n|move|p1a: Rotom|Electroweb|p2b: Incineroar|[spread] p2a,p2b\n|-supereffective|p2a: Starmie|1\n|-damage|p2a: Starmie|61/100\n|-damage|p2b: Incineroar|44/100\n|-unboost|p2a: Starmie|spe|1\n|-unboost|p2b: Incineroar|spe|1\n|move|p2a: Starmie|Minimize|p2a: Starmie\n|-boost|p2a: Starmie|evasion|2\n|move|p2b: Incineroar|Parting Shot|p1b: Garchomp\n|-unboost|p1b: Garchomp|atk|1\n|-unboost|p1b: Garchomp|spa|1\n|\n|t:|1776483749\n|switch|p2b: Sableye|Sableye, L50, M, shiny|100/100|[from] Parting Shot\n|\n|-heal|p1a: Rotom|100/100|[from] item: Leftovers\n|-sideend|p1: DrakyPana|move: Tailwind\n|upkeep\n|turn|5\n|\n|t:|1776483763\n|switch|p1b: Corviknight|Corviknight, L50, M|81/100\n|move|p2b: Sableye|Psych Up|p2a: Starmie\n|-copyboost|p2b: Sableye|p2a: Starmie|[from] move: Psych Up\n|move|p2a: Starmie|Recover|p2a: Starmie\n|-heal|p2a: Starmie|100/100\n|move|p1a: Rotom|Electroweb|p2a: Starmie|[spread] \n|-miss|p1a: Rotom|p2a: Starmie\n|-miss|p1a: Rotom|p2b: Sableye\n|\n|upkeep\n|turn|6\n|\n|t:|1776483779\n|move|p2b: Sableye|Will-O-Wisp|p1b: Corviknight\n|-status|p1b: Corviknight|brn\n|move|p2a: Starmie|Liquidation|p1b: Corviknight\n|-damage|p1b: Corviknight|32/100 brn\n|move|p1a: Rotom|Electroweb|p2b: Sableye|[spread] p2b\n|-miss|p1a: Rotom|p2a: Starmie\n|-crit|p2b: Sableye\n|-damage|p2b: Sableye|64/100\n|-unboost|p2b: Sableye|spe|1\n|move|p1b: Corviknight|Tailwind|p1b: Corviknight\n|-sidestart|p1: DrakyPana|move: Tailwind\n|\n|-heal|p2b: Sableye|70/100|[from] item: Leftovers\n|-damage|p1b: Corviknight|26/100 brn|[from] brn\n|upkeep\n|turn|7\n|\n|t:|1776483800\n|move|p1a: Rotom|Electroweb|p2a: Starmie|[spread] p2a\n|-miss|p1a: Rotom|p2b: Sableye\n|-supereffective|p2a: Starmie|1\n|-damage|p2a: Starmie|56/100\n|-unboost|p2a: Starmie|spe|1\n|move|p1b: Corviknight|Roost|p1b: Corviknight\n|-heal|p1b: Corviknight|76/100 brn\n|-singleturn|p1b: Corviknight|move: Roost\n|move|p2a: Starmie|Liquidation|p1b: Corviknight\n|-damage|p1b: Corviknight|22/100 brn\n|-ability|p1b: Corviknight|Mirror Armor\n|-unboost|p2a: Starmie|def|1\n|move|p2b: Sableye|Foul Play|p1a: Rotom\n|-damage|p1a: Rotom|90/100\n|\n|-heal|p1a: Rotom|96/100|[from] item: Leftovers\n|-heal|p2b: Sableye|76/100|[from] item: Leftovers\n|-damage|p1b: Corviknight|16/100 brn|[from] brn\n|upkeep\n|turn|8\n|\n|t:|1776483823\n|move|p1a: Rotom|Electroweb|p2a: Starmie|[spread] \n|-miss|p1a: Rotom|p2a: Starmie\n|-miss|p1a: Rotom|p2b: Sableye\n|move|p1b: Corviknight|Brave Bird|p2a: Starmie\n|-damage|p2a: Starmie|17/100\n|-damage|p1b: Corviknight|5/100 brn|[from] Recoil\n|move|p2a: Starmie|Liquidation|p1b: Corviknight\n|-damage|p1b: Corviknight|0 fnt\n|faint|p1b: Corviknight\n|move|p2b: Sableye|Foul Play|p1a: Rotom\n|-damage|p1a: Rotom|85/100\n|\n|-heal|p1a: Rotom|90/100|[from] item: Leftovers\n|-heal|p2b: Sableye|81/100|[from] item: Leftovers\n|upkeep\n|\n|t:|1776483842\n|switch|p1b: Tyranitar|Tyranitar, L50, F|100/100\n|-weather|Sandstorm|[from] ability: Sand Stream|[of] p1b: Tyranitar\n|turn|9\n|\n|t:|1776483850\n|detailschange|p1b: Tyranitar|Tyranitar-Mega, L50, F\n|-mega|p1b: Tyranitar|Tyranitar|Tyranitarite\n|move|p2b: Sableye|Will-O-Wisp|p1b: Tyranitar\n|-hint|Since gen 7, Dark is immune to Prankster moves.\n|-immune|p1b: Tyranitar\n|move|p1b: Tyranitar|Dragon Dance|p1b: Tyranitar\n|-boost|p1b: Tyranitar|atk|1\n|-boost|p1b: Tyranitar|spe|1\n|move|p1a: Rotom|Electroweb|p2b: Sableye|[spread] p2a\n|-miss|p1a: Rotom|p2b: Sableye\n|-supereffective|p2a: Starmie|1\n|-damage|p2a: Starmie|0 fnt\n|faint|p2a: Starmie\n|\n|-weather|Sandstorm|[upkeep]\n|-damage|p1a: Rotom|85/100|[from] Sandstorm\n|-damage|p2b: Sableye|76/100|[from] Sandstorm\n|-heal|p1a: Rotom|90/100|[from] item: Leftovers\n|-heal|p2b: Sableye|81/100|[from] item: Leftovers\n|-sideend|p1: DrakyPana|move: Tailwind\n|upkeep\n|\n|t:|1776483865\n|switch|p2a: Incineroar|Incineroar, L50, F|44/100\n|-ability|p2a: Incineroar|Intimidate|boost\n|-unboost|p1a: Rotom|atk|1\n|-unboost|p1b: Tyranitar|atk|1\n|turn|10\n|\n|t:|1776483886\n|move|p2a: Incineroar|Fake Out|p1b: Tyranitar\n|-resisted|p1b: Tyranitar|1\n|-damage|p1b: Tyranitar|97/100\n|move|p2b: Sableye|Will-O-Wisp|p1a: Rotom\n|-status|p1a: Rotom|brn\n|cant|p1b: Tyranitar|flinch\n|move|p1a: Rotom|Hydro Pump|p2a: Incineroar\n|-supereffective|p2a: Incineroar|1\n|-damage|p2a: Incineroar|0 fnt\n|faint|p2a: Incineroar\n|\n|-weather|Sandstorm|[upkeep]\n|-damage|p1a: Rotom|85/100 brn|[from] Sandstorm\n|-damage|p2b: Sableye|76/100|[from] Sandstorm\n|-heal|p1a: Rotom|90/100 brn|[from] item: Leftovers\n|-heal|p2b: Sableye|81/100|[from] item: Leftovers\n|-damage|p1a: Rotom|85/100 brn|[from] brn\n|upkeep\n|turn|11\n|\n|t:|1776483904\n|move|p1b: Tyranitar|Knock Off|p2b: Sableye|[miss]\n|-miss|p1b: Tyranitar|p2b: Sableye\n|move|p1a: Rotom|Volt Switch|p2b: Sableye|[miss]\n|-miss|p1a: Rotom|p2b: Sableye\n|move|p2b: Sableye|Foul Play|p1a: Rotom\n|-damage|p1a: Rotom|76/100 brn\n|\n|-weather|Sandstorm|[upkeep]\n|-damage|p1a: Rotom|71/100 brn|[from] Sandstorm\n|-damage|p2b: Sableye|76/100|[from] Sandstorm\n|-heal|p1a: Rotom|76/100 brn|[from] item: Leftovers\n|-heal|p2b: Sableye|81/100|[from] item: Leftovers\n|-damage|p1a: Rotom|71/100 brn|[from] brn\n|upkeep\n|turn|12\n|\n|t:|1776483919\n|move|p2b: Sableye|Recover|p2b: Sableye\n|-heal|p2b: Sableye|100/100\n|move|p1b: Tyranitar|Knock Off|p2b: Sableye\n|-damage|p2b: Sableye|37/100\n|-enditem|p2b: Sableye|Leftovers|[from] move: Knock Off|[of] p1b: Tyranitar\n|move|p1a: Rotom|Volt Switch|p2b: Sableye|[miss]\n|-miss|p1a: Rotom|p2b: Sableye\n|\n|-weather|Sandstorm|[upkeep]\n|-damage|p1a: Rotom|65/100 brn|[from] Sandstorm\n|-damage|p2b: Sableye|31/100|[from] Sandstorm\n|-heal|p1a: Rotom|71/100 brn|[from] item: Leftovers\n|-damage|p1a: Rotom|65/100 brn|[from] brn\n|upkeep\n|turn|13\n|\n|t:|1776483932\n|move|p2b: Sableye|Recover|p2b: Sableye\n|-heal|p2b: Sableye|81/100\n|move|p1b: Tyranitar|Knock Off|p2b: Sableye\n|-damage|p2b: Sableye|35/100\n|move|p1a: Rotom|Volt Switch|p2b: Sableye\n|-damage|p2b: Sableye|0 fnt\n|faint|p2b: Sableye\n|\n|win|DrakyPana\n|raw|DrakyPana's rating: 1110 &rarr; <strong>1129</strong><br />(+19 for winning)\n|raw|wshjkcebuh's rating: 1026 &rarr; <strong>1015</strong><br />(-11 for losing)\n",
  "uploadtime": 1776483932,
  "views": 19,
  "formatid": "gen9championsvgc2026regma",
  "rating": 1015,
  "private": 0,
  "password": null
}