{
  "id": "gen9championsvgc2026regma-2581166157",
  "format": "[Gen 9 Champions] VGC 2026 Reg M-A",
  "players": [
    "Shadow mega tyl",
    "squishbeak"
  ],
  "log": "|j|\u2606Shadow mega tyl\n|j|\u2606squishbeak\n|t:|1775966324\n|gametype|doubles\n|player|p1|Shadow mega tyl|red|1097\n|player|p2|squishbeak|265|1177\n|gen|9\n|tier|[Gen 9 Champions] VGC 2026 Reg M-A\n|rated|\n|rule|Species Clause: Limit one of each Pok\u00e9mon\n|rule|Item Clause: Limit 1 of each item\n|clearpoke\n|poke|p1|Gengar, L50, F|\n|poke|p1|Archaludon, L50, M|\n|poke|p1|Basculegion, L50, M|\n|poke|p1|Incineroar, L50, F|\n|poke|p1|Maushold-Four, L50|\n|poke|p1|Pelipper, L50, M|\n|poke|p2|Chimecho, L50, M|\n|poke|p2|Sinistcha, L50|\n|poke|p2|Incineroar, L50, F|\n|poke|p2|Empoleon, L50, M|\n|poke|p2|Kangaskhan, L50, F|\n|poke|p2|Sneasler, L50, F|\n|teampreview|4\n|\n|t:|1775966359\n|teamsize|p1|4\n|teamsize|p2|4\n|start\n|switch|p1a: Gengar|Gengar, L50, F, shiny|100/100\n|switch|p1b: Incineroar|Incineroar, L50, F, shiny|100/100\n|switch|p2a: Chimecho|Chimecho, L50, M|100/100\n|switch|p2b: Incineroar|Incineroar, L50, F|100/100\n|-ability|p1b: Incineroar|Intimidate|boost\n|-unboost|p2a: Chimecho|atk|1\n|-unboost|p2b: Incineroar|atk|1\n|-ability|p2b: Incineroar|Intimidate|boost\n|-unboost|p1a: Gengar|atk|1\n|-unboost|p1b: Incineroar|atk|1\n|turn|1\n|\n|t:|1775966381\n|detailschange|p1a: Gengar|Gengar-Mega, L50, F, shiny\n|-mega|p1a: Gengar|Gengar|Gengarite\n|move|p2a: Chimecho|Protect|p2a: Chimecho\n|-singleturn|p2a: Chimecho|Protect\n|move|p1b: Incineroar|Fake Out|p2b: Incineroar\n|-damage|p2b: Incineroar|93/100\n|move|p1a: Gengar|Shadow Ball|p2a: Chimecho\n|-activate|p2a: Chimecho|move: Protect\n|cant|p2b: Incineroar|flinch\n|\n|upkeep\n|turn|2\n|\n|t:|1775966436\n|detailschange|p2a: Chimecho|Chimecho-Mega, L50, M\n|-mega|p2a: Chimecho|Chimecho|Chimechite\n|move|p1a: Gengar|Protect|p1a: Gengar\n|-singleturn|p1a: Gengar|Protect\n|move|p1b: Incineroar|Parting Shot|p2b: Incineroar\n|-unboost|p2b: Incineroar|atk|1\n|-unboost|p2b: Incineroar|spa|1\n|\n|t:|1775966446\n|switch|p1b: Pelipper|Pelipper, L50, M|100/100|[from] Parting Shot\n|-weather|RainDance|[from] ability: Drizzle|[of] p1b: Pelipper\n|move|p2b: Incineroar|Darkest Lariat|p1a: Gengar\n|-activate|p1a: Gengar|move: Protect\n|move|p2a: Chimecho|Trick Room|p2a: Chimecho\n|-fieldstart|move: Trick Room|[of] p2a: Chimecho\n|\n|-weather|RainDance|[upkeep]\n|upkeep\n|turn|3\n|\n|t:|1775966476\n|switch|p1a: Maushold|Maushold-Four, L50|100/100\n|move|p2b: Incineroar|Darkest Lariat|p1b: Pelipper\n|-damage|p1b: Pelipper|82/100\n|move|p2a: Chimecho|Psychic|p1b: Pelipper\n|-damage|p1b: Pelipper|17/100\n|move|p1b: Pelipper|U-turn|p2b: Incineroar\n|-damage|p2b: Incineroar|84/100\n|\n|t:|1775966491\n|switch|p1b: Incineroar|Incineroar, L50, F, shiny|100/100|[from] U-turn\n|-ability|p1b: Incineroar|Intimidate|boost\n|-unboost|p2a: Chimecho|atk|1\n|-unboost|p2b: Incineroar|atk|1\n|\n|-weather|RainDance|[upkeep]\n|upkeep\n|turn|4\n|\n|t:|1775966518\n|switch|p2b: Empoleon|Empoleon, L50, M|100/100\n|move|p1b: Incineroar|Fake Out|p2a: Chimecho\n|-resisted|p2a: Chimecho|1\n|-damage|p2a: Chimecho|96/100\n|cant|p2a: Chimecho|flinch\n|move|p1a: Maushold|Super Fang|p2b: Empoleon\n|-damage|p2b: Empoleon|51/100\n|\n|-weather|RainDance|[upkeep]\n|upkeep\n|turn|5\n|\n|t:|1775966536\n|move|p1a: Maushold|Protect|p1a: Maushold\n|-singleturn|p1a: Maushold|Protect\n|move|p2b: Empoleon|Hydro Pump|p1b: Incineroar\n|-supereffective|p1b: Incineroar|1\n|-damage|p1b: Incineroar|0 fnt\n|faint|p1b: Incineroar\n|move|p2a: Chimecho|Psychic|p1a: Maushold\n|-activate|p1a: Maushold|move: Protect\n|\n|-weather|RainDance|[upkeep]\n|upkeep\n|\n|t:|1775966547\n|switch|p1b: Gengar|Gengar-Mega, L50, F, shiny|100/100\n|turn|6\n|\n|t:|1775966585\n|move|p1a: Maushold|Follow Me|p1a: Maushold\n|-singleturn|p1a: Maushold|move: Follow Me\n|move|p2b: Empoleon|Hydro Pump|p1a: Maushold\n|-damage|p1a: Maushold|0 fnt\n|faint|p1a: Maushold\n|move|p2a: Chimecho|Psychic|p1b: Gengar\n|-supereffective|p1b: Gengar|1\n|-damage|p1b: Gengar|0 fnt\n|faint|p1b: Gengar\n|\n|-weather|none\n|-fieldend|move: Trick Room\n|upkeep\n|-message|Shadow mega tyl forfeited.\n|\n|win|squishbeak\n|raw|Shadow mega tyl's rating: 1097 &rarr; <strong>1078</strong><br />(-19 for losing)\n|raw|squishbeak's rating: 1177 &rarr; <strong>1196</strong><br />(+19 for winning)\n|l|\u2606Shadow mega tyl\n|player|p1|\n",
  "uploadtime": 1775966599,
  "views": 12,
  "formatid": "gen9championsvgc2026regma",
  "rating": 1078,
  "private": 0,
  "password": null
}