{
  "id": "gen9championsvgc2026regma-2581573875",
  "format": "[Gen 9 Champions] VGC 2026 Reg M-A",
  "players": [
    "alone0007",
    "cicepece"
  ],
  "log": "|j|\u2606alone0007\n|j|\u2606cicepece\n|inactive|Battle timer is ON: inactive players will automatically lose when time's up.\n|t:|1776012077\n|gametype|doubles\n|player|p1|alone0007|ghetsis|\n|player|p2|cicepece|drayden|\n|gen|9\n|tier|[Gen 9 Champions] VGC 2026 Reg M-A\n|rated|Tournament battle\n|rule|Species Clause: Limit one of each Pok\u00e9mon\n|rule|Item Clause: Limit 1 of each item\n|clearpoke\n|poke|p1|Charizard, L50, M|\n|poke|p1|Incineroar, L50, F|\n|poke|p1|Garchomp, L50, F|\n|poke|p1|Sneasler, L50, M|\n|poke|p1|Rotom-Wash, L50|\n|poke|p1|Dragonite, L50, M|\n|poke|p2|Crabominable, L50, M|\n|poke|p2|Hatterene, L50, F|\n|poke|p2|Cofagrigus, L50, M|\n|poke|p2|Torkoal, L50, F|\n|poke|p2|Scovillain, L50, M|\n|poke|p2|Talonflame, L50, F|\n|teampreview|4\n|j|*Lady Monita \n|inactive|cicepece also wants the timer to be on.\n|inactive|alone0007 also wants the timer to be on.\ncicepece rejected open team sheets.\n|inactive|alone0007 has 60 seconds left.\n|inactive|cicepece has 60 seconds left.\n|\n|t:|1776012108\n|teamsize|p1|4\n|teamsize|p2|4\n|start\n|switch|p1a: Charizard|Charizard, L50, M|100/100\n|switch|p1b: Incineroar|Incineroar, L50, F|100/100\n|switch|p2a: Cofagrigus|Cofagrigus, L50, M|100/100\n|switch|p2b: Crabominable|Crabominable, L50, M|100/100\n|-ability|p1b: Incineroar|Intimidate|boost\n|-unboost|p2a: Cofagrigus|atk|1\n|-unboost|p2b: Crabominable|atk|1\n|turn|1\n|inactive|alone0007 has 30 seconds left.\n|inactive|alone0007 has 20 seconds left.\n|\n|t:|1776012144\n|switch|p2b: Torkoal|Torkoal, L50, F|100/100\n|-weather|SunnyDay|[from] ability: Drought|[of] p2b: Torkoal\n|detailschange|p1a: Charizard|Charizard-Mega-Y, L50, M\n|-mega|p1a: Charizard|Charizard|Charizardite Y\n|move|p1a: Charizard|Heat Wave|p2a: Cofagrigus|[spread] \n|-miss|p1a: Charizard|p2a: Cofagrigus\n|-miss|p1a: Charizard|p2b: Torkoal\n|move|p1b: Incineroar|Snarl|p2b: Torkoal|[spread] p2a,p2b\n|-supereffective|p2a: Cofagrigus|1\n|-damage|p2a: Cofagrigus|79/100\n|-damage|p2b: Torkoal|85/100\n|-unboost|p2a: Cofagrigus|spa|1\n|-unboost|p2b: Torkoal|spa|1\n|move|p2a: Cofagrigus|Trick Room|p2a: Cofagrigus\n|-fieldstart|move: Trick Room|[of] p2a: Cofagrigus\n|\n|-weather|SunnyDay|[upkeep]\n|upkeep\n|turn|2\n|inactive|alone0007 has 30 seconds left.\n|inactive|alone0007 has 20 seconds left.\n|inactive|alone0007 has 15 seconds left.\n|\n|t:|1776012185\n|switch|p1a: Dragonite|Dragonite, L50, M|100/100\n|move|p2b: Torkoal|Eruption|p1a: Dragonite|[spread] p1a,p1b\n|-resisted|p1a: Dragonite|1\n|-resisted|p1b: Incineroar|1\n|-damage|p1a: Dragonite|87/100\n|-damage|p1b: Incineroar|85/100\n|move|p2a: Cofagrigus|Shadow Ball|p1a: Dragonite\n|-damage|p1a: Dragonite|61/100\n|move|p1b: Incineroar|Snarl|p2b: Torkoal|[spread] p2b\n|-miss|p1b: Incineroar|p2a: Cofagrigus\n|-crit|p2b: Torkoal\n|-damage|p2b: Torkoal|65/100\n|-unboost|p2b: Torkoal|spa|1\n|\n|-weather|SunnyDay|[upkeep]\n|upkeep\n|turn|3\n|inactive|alone0007 has 30 seconds left.\n|inactive|cicepece has 30 seconds left.\n|\n|t:|1776012218\n|switch|p2b: Crabominable|Crabominable, L50, M|100/100\n|move|p2a: Cofagrigus|Shadow Ball|p1a: Dragonite\n|-damage|p1a: Dragonite|39/100\n|move|p1b: Incineroar|Snarl|p2a: Cofagrigus|[spread] p2a,p2b\n|-supereffective|p2a: Cofagrigus|1\n|-resisted|p2b: Crabominable|1\n|-damage|p2a: Cofagrigus|59/100\n|-damage|p2b: Crabominable|95/100\n|-unboost|p2a: Cofagrigus|spa|1\n|-unboost|p2b: Crabominable|spa|1\n|move|p1a: Dragonite|Dragon Dance|p1a: Dragonite\n|-boost|p1a: Dragonite|atk|1\n|-boost|p1a: Dragonite|spe|1\n|\n|-weather|SunnyDay|[upkeep]\n|upkeep\n|turn|4\n|inactive|alone0007 has 30 seconds left.\n|\n|t:|1776012246\n|detailschange|p2b: Crabominable|Crabominable-Mega, L50, M\n|-mega|p2b: Crabominable|Crabominable|Crabominite\n|move|p1a: Dragonite|Protect|p1a: Dragonite\n|-singleturn|p1a: Dragonite|Protect\n|move|p2a: Cofagrigus|Shadow Ball|p1b: Incineroar\n|-resisted|p1b: Incineroar|1\n|-damage|p1b: Incineroar|79/100\n|move|p2b: Crabominable|Rock Slide|p1b: Incineroar|[spread] p1b\n|-activate|p1a: Dragonite|move: Protect\n|-supereffective|p1b: Incineroar|1\n|-damage|p1b: Incineroar|34/100\n|-enditem|p1b: Incineroar|Sitrus Berry|[eat]\n|-heal|p1b: Incineroar|59/100|[from] item: Sitrus Berry\n|cant|p1b: Incineroar|flinch\n|\n|-weather|SunnyDay|[upkeep]\n|upkeep\n|turn|5\n|inactive|alone0007 has 30 seconds left.\n|\n|t:|1776012280\n|move|p1a: Dragonite|Extreme Speed|p2b: Crabominable\n|-damage|p2b: Crabominable|59/100\n|move|p2a: Cofagrigus|Shadow Ball|p1b: Incineroar\n|-resisted|p1b: Incineroar|1\n|-damage|p1b: Incineroar|53/100\n|move|p2b: Crabominable|Rock Slide|p1a: Dragonite|[spread] p1a,p1b\n|-supereffective|p1a: Dragonite|1\n|-supereffective|p1b: Incineroar|1\n|-damage|p1a: Dragonite|0 fnt\n|-damage|p1b: Incineroar|2/100\n|faint|p1a: Dragonite\n|move|p1b: Incineroar|Flare Blitz|p2a: Cofagrigus\n|-damage|p2a: Cofagrigus|4/100\n|-activate|p2a: Cofagrigus|ability: Mummy|p1b: Incineroar|[ability] Intimidate\n|-damage|p1b: Incineroar|0 fnt|[from] Recoil\n|faint|p1b: Incineroar\n|\n|-weather|none\n|-fieldend|move: Trick Room\n|upkeep\n|j| aurora ltd\n|\n|t:|1776012293\n|switch|p1a: Rotom|Rotom-Wash, L50|100/100\n|switch|p1b: Charizard|Charizard-Mega-Y, L50, M|100/100\n|-weather|SunnyDay|[from] ability: Drought|[of] p1b: Charizard\n|turn|6\n|\n|t:|1776012309\n|move|p1a: Rotom|Protect|p1a: Rotom\n|-singleturn|p1a: Rotom|Protect\n|move|p1b: Charizard|Heat Wave|p2a: Cofagrigus|[spread] p2a,p2b\n|-supereffective|p2b: Crabominable|1\n|-damage|p2a: Cofagrigus|0 fnt\n|-damage|p2b: Crabominable|0 fnt\n|faint|p2a: Cofagrigus\n|faint|p2b: Crabominable\n|\n|-weather|SunnyDay|[upkeep]\n|upkeep\n|\n|t:|1776012314\n|switch|p2b: Torkoal|Torkoal, L50, F|65/100\n|switch|p2a: Scovillain|Scovillain, L50, M|100/100\n|turn|7\n|\n|t:|1776012328\n|move|p2b: Torkoal|Protect|p2b: Torkoal\n|-singleturn|p2b: Torkoal|Protect\n|move|p2a: Scovillain|Solar Beam||[still]\n|-prepare|p2a: Scovillain|Solar Beam\n|-anim|p2a: Scovillain|Solar Beam|p1a: Rotom\n|-supereffective|p1a: Rotom|1\n|-damage|p1a: Rotom|13/100\n|move|p1b: Charizard|Heat Wave|p2b: Torkoal|[spread] p2a\n|-activate|p2b: Torkoal|move: Protect\n|-damage|p2a: Scovillain|0 fnt\n|faint|p2a: Scovillain\n|move|p1a: Rotom|Hydro Pump|p2b: Torkoal\n|-activate|p2b: Torkoal|move: Protect\n|\n|-weather|SunnyDay|[upkeep]\n|-heal|p1a: Rotom|18/100|[from] item: Leftovers\n|upkeep\n|turn|8\n|-message|cicepece forfeited.\n|\n|win|alone0007\n|n|\u2606alone0007|alone0007\n|n|\u2606cicepece|cicepece\n|n|*Lady Monita |ladymonita\n|n| aurora ltd|auroraltd\n|l|*Lady Monita \n|l|\u2606cicepece\n|player|p2|\n",
  "uploadtime": 1776012447,
  "views": 14,
  "formatid": "gen9championsvgc2026regma",
  "rating": null,
  "private": 0,
  "password": null
}