{
  "id": "gen9championsvgc2026regma-2586737269",
  "format": "[Gen 9 Champions] VGC 2026 Reg M-A",
  "players": [
    "Juya",
    "xgemmz"
  ],
  "log": "|j|\u2606Juya\n|j|\u2606xgemmz\n|t:|1776455967\n|gametype|doubles\n|player|p1|Juya|2|1383\n|player|p2|xgemmz|266|1362\n|gen|9\n|tier|[Gen 9 Champions] VGC 2026 Reg M-A\n|rated|\n|rule|Species Clause: Limit one of each Pok\u00e9mon\n|rule|Item Clause: Limit 1 of each item\n|clearpoke\n|poke|p1|Glimmora, L50, F|\n|poke|p1|Gyarados, L50, M|\n|poke|p1|Corviknight, L50, F|\n|poke|p1|Garchomp, L50, F|\n|poke|p1|Volcarona, L50, M|\n|poke|p1|Ninetales-Alola, L50, F|\n|poke|p2|Aerodactyl, L50, M|\n|poke|p2|Charizard, L50, M|\n|poke|p2|Venusaur, L50, M|\n|poke|p2|Incineroar, L50, M|\n|poke|p2|Garchomp, L50, F|\n|poke|p2|Rotom-Wash, L50|\n|teampreview|4\n|inactive|Battle timer is ON: inactive players will automatically lose when time's up. (requested by Juya)\n|inactive|Juya has 60 seconds left.\n|inactive|xgemmz has 60 seconds left.\n|\n|t:|1776456010\n|teamsize|p1|4\n|teamsize|p2|4\n|start\n|switch|p1a: Glimmora|Glimmora, L50, F|100/100\n|switch|p1b: Volcarona|Volcarona, L50, M|100/100\n|switch|p2a: Aerodactyl|Aerodactyl, L50, M|100/100\n|switch|p2b: Charizard|Charizard, L50, M|100/100\n|-ability|p2a: Aerodactyl|Unnerve\n|turn|1\n|inactive|Juya has 30 seconds left.\n|inactive|xgemmz has 30 seconds left.\n|\n|t:|1776456039\n|switch|p1b: Gyarados|Gyarados, L50, M|100/100\n|-ability|p1b: Gyarados|Intimidate|boost\n|-unboost|p2a: Aerodactyl|atk|1\n|-unboost|p2b: Charizard|atk|1\n|detailschange|p2b: Charizard|Charizard-Mega-Y, L50, M\n|-mega|p2b: Charizard|Charizard|Charizardite Y\n|-weather|SunnyDay|[from] ability: Drought|[of] p2b: Charizard\n|detailschange|p1a: Glimmora|Glimmora-Mega, L50, F\n|-mega|p1a: Glimmora|Glimmora|Glimmoranite\n|move|p2b: Charizard|Protect|p2b: Charizard\n|-singleturn|p2b: Charizard|Protect\n|move|p2a: Aerodactyl|Rock Slide|p1a: Glimmora|[spread] p1a,p1b\n|-supereffective|p1b: Gyarados|1\n|-damage|p1a: Glimmora|82/100\n|-damage|p1b: Gyarados|64/100\n|move|p1a: Glimmora|Power Gem|p2a: Aerodactyl\n|-supereffective|p2a: Aerodactyl|1\n|-enditem|p2a: Aerodactyl|Focus Sash\n|-damage|p2a: Aerodactyl|1/100\n|\n|-weather|SunnyDay|[upkeep]\n|upkeep\n|turn|2\n|inactive|xgemmz has 30 seconds left.\n|\n|t:|1776456070\n|switch|p2b: Rotom|Rotom-Wash, L50|100/100\n|switch|p1b: Ninetales|Ninetales-Alola, L50, F|100/100\n|-weather|Snowscape|[from] ability: Snow Warning|[of] p1b: Ninetales\n|move|p2a: Aerodactyl|Tailwind|p2a: Aerodactyl\n|-sidestart|p2: xgemmz|move: Tailwind\n|move|p1a: Glimmora|Power Gem|p2b: Rotom\n|-damage|p2b: Rotom|34/100\n|\n|-weather|Snowscape|[upkeep]\n|upkeep\n|turn|3\n|inactive|Juya has 30 seconds left.\n|inactive|xgemmz has 30 seconds left.\n|inactive|Juya has 20 seconds left.\n|\n|t:|1776456108\n|move|p1a: Glimmora|Spiky Shield|p1a: Glimmora\n|-singleturn|p1a: Glimmora|move: Protect\n|move|p2a: Aerodactyl|Rock Slide|p1b: Ninetales|[spread] p1b\n|-activate|p1a: Glimmora|move: Protect\n|-supereffective|p1b: Ninetales|1\n|-damage|p1b: Ninetales|69/100\n|move|p2b: Rotom|Thunderbolt|p1b: Ninetales\n|-damage|p1b: Ninetales|32/100\n|-status|p1b: Ninetales|par\n|move|p1b: Ninetales|Blizzard|p2a: Aerodactyl|[spread] p2a,p2b\n|-supereffective|p2a: Aerodactyl|1\n|-resisted|p2b: Rotom|1\n|-damage|p2a: Aerodactyl|0 fnt\n|-damage|p2b: Rotom|18/100\n|faint|p2a: Aerodactyl\n|\n|-weather|Snowscape|[upkeep]\n|upkeep\n|\n|t:|1776456125\n|switch|p2a: Charizard|Charizard-Mega-Y, L50, M|100/100\n|-weather|SunnyDay|[from] ability: Drought|[of] p2a: Charizard\n|turn|4\n|inactive|Juya has 30 seconds left.\n|inactive|xgemmz has 30 seconds left.\n|inactive|Juya has 20 seconds left.\n|inactive|Juya has 15 seconds left.\n|inactive|Juya has 10 seconds left.\n|\n|t:|1776456171\n|switch|p1b: Gyarados|Gyarados, L50, M|64/100\n|-ability|p1b: Gyarados|Intimidate|boost\n|-unboost|p2a: Charizard|atk|1\n|-unboost|p2b: Rotom|atk|1\n|move|p2a: Charizard|Weather Ball|p1a: Glimmora\n|-resisted|p1a: Glimmora|1\n|-damage|p1a: Glimmora|23/100\n|move|p2b: Rotom|Thunderbolt|p1a: Glimmora\n|-damage|p1a: Glimmora|0 fnt\n|faint|p1a: Glimmora\n|\n|-weather|SunnyDay|[upkeep]\n|upkeep\n|\n|t:|1776456181\n|switch|p1a: Ninetales|Ninetales-Alola, L50, F|32/100 par\n|-weather|Snowscape|[from] ability: Snow Warning|[of] p1a: Ninetales\n|turn|5\n|inactive|xgemmz has 30 seconds left.\n|\n|t:|1776456215\n|switch|p2a: Venusaur|Venusaur, L50, M|100/100\n|move|p2b: Rotom|Thunderbolt|p1a: Ninetales\n|-damage|p1a: Ninetales|0 fnt\n|faint|p1a: Ninetales\n|move|p1b: Gyarados|Dragon Dance|p1b: Gyarados\n|-boost|p1b: Gyarados|atk|1\n|-boost|p1b: Gyarados|spe|1\n|\n|-weather|Snowscape|[upkeep]\n|-sideend|p2: xgemmz|move: Tailwind\n|upkeep\n|\n|t:|1776456221\n|switch|p1a: Volcarona|Volcarona, L50, M|100/100\n|turn|6\n|inactive|xgemmz has 30 seconds left.\n|inactive|Juya has 30 seconds left.\n|\n|t:|1776456262\n|switch|p2b: Charizard|Charizard-Mega-Y, L50, M|100/100\n|-weather|SunnyDay|[from] ability: Drought|[of] p2b: Charizard\n|move|p2a: Venusaur|Sleep Powder|p1b: Gyarados\n|-status|p1b: Gyarados|slp|[from] move: Sleep Powder\n|cant|p1b: Gyarados|slp\n|move|p1a: Volcarona|Quiver Dance|p1a: Volcarona\n|-boost|p1a: Volcarona|spa|1\n|-boost|p1a: Volcarona|spd|1\n|-boost|p1a: Volcarona|spe|1\n|\n|-weather|SunnyDay|[upkeep]\n|upkeep\n|turn|7\n|\n|t:|1776456277\n|cant|p1b: Gyarados|slp\n|move|p2a: Venusaur|Sleep Powder|p1a: Volcarona\n|-status|p1a: Volcarona|slp|[from] move: Sleep Powder\n|cant|p1a: Volcarona|slp\n|move|p2b: Charizard|Solar Beam||[still]\n|-prepare|p2b: Charizard|Solar Beam\n|-anim|p2b: Charizard|Solar Beam|p1b: Gyarados\n|-damage|p1b: Gyarados|21/100 slp\n|\n|-weather|SunnyDay|[upkeep]\n|upkeep\n|turn|8\n|\n|t:|1776456293\n|-curestatus|p1b: Gyarados|slp|[msg]\n|move|p1b: Gyarados|Protect|p1b: Gyarados\n|-singleturn|p1b: Gyarados|Protect\n|move|p2a: Venusaur|Sludge Bomb|p1b: Gyarados\n|-activate|p1b: Gyarados|move: Protect\n|-curestatus|p1a: Volcarona|slp|[msg]\n|move|p1a: Volcarona|Heat Wave|p2b: Charizard|[spread] p2a,p2b\n|-supereffective|p2a: Venusaur|1\n|-resisted|p2b: Charizard|1\n|-damage|p2a: Venusaur|0 fnt\n|-damage|p2b: Charizard|62/100\n|faint|p2a: Venusaur\n|move|p2b: Charizard|Weather Ball|p1a: Volcarona\n|-damage|p1a: Volcarona|50/100\n|\n|-weather|SunnyDay|[upkeep]\n|-heal|p1a: Volcarona|56/100|[from] item: Leftovers\n|upkeep\n|\n|t:|1776456300\n|switch|p2a: Rotom|Rotom-Wash, L50|18/100\n|turn|9\n|\n|t:|1776456318\n|move|p2b: Charizard|Protect|p2b: Charizard\n|-singleturn|p2b: Charizard|Protect\n|move|p1a: Volcarona|Giga Drain|p2a: Rotom\n|-supereffective|p2a: Rotom|1\n|-enditem|p2a: Rotom|Rindo Berry|[eat]\n|-enditem|p2a: Rotom|Rindo Berry|[weaken]\n|-damage|p2a: Rotom|0 fnt\n|-heal|p1a: Volcarona|63/100|[from] drain|[of] p2a: Rotom\n|faint|p2a: Rotom\n|move|p1b: Gyarados|Dragon Dance|p1b: Gyarados\n|-boost|p1b: Gyarados|atk|1\n|-boost|p1b: Gyarados|spe|1\n|\n|-weather|SunnyDay|[upkeep]\n|-heal|p1a: Volcarona|69/100|[from] item: Leftovers\n|upkeep\n|turn|10\n|-message|xgemmz forfeited.\n|\n|win|Juya\n|raw|Juya's rating: 1383 &rarr; <strong>1402</strong><br />(+19 for winning)\n|raw|xgemmz's rating: 1362 &rarr; <strong>1343</strong><br />(-19 for losing)\n|l|\u2606xgemmz\n|player|p2|\n",
  "uploadtime": 1776456342,
  "views": 43,
  "formatid": "gen9championsvgc2026regma",
  "rating": 1343,
  "private": 0,
  "password": null
}