{
  "id": "gen9championsvgc2026regma-2585433954",
  "format": "[Gen 9 Champions] VGC 2026 Reg M-A",
  "players": [
    "ZuriHan",
    "pedrohla"
  ],
  "log": "|j|\u2606ZuriHan\n|j|\u2606pedrohla\n|t:|1776347011\n|gametype|doubles\n|player|p1|ZuriHan|ingo|1247\n|player|p2|pedrohla|169|1178\n|gen|9\n|tier|[Gen 9 Champions] VGC 2026 Reg M-A\n|rated|\n|rule|Species Clause: Limit one of each Pok\u00e9mon\n|rule|Item Clause: Limit 1 of each item\n|clearpoke\n|poke|p1|Farigiraf, L50, M|\n|poke|p1|Torkoal, L50, F|\n|poke|p1|Kingambit, L50, F|\n|poke|p1|Slowbro, L50, F|\n|poke|p1|Drampa, L50, M|\n|poke|p1|Golurk, L50|\n|poke|p2|Gengar, L50, F|\n|poke|p2|Charizard, L50, M|\n|poke|p2|Vaporeon, L50, M|\n|poke|p2|Umbreon, L50, F|\n|poke|p2|Dragonite, L50, M|\n|poke|p2|Froslass, L50, F|\n|teampreview|4\n|\n|t:|1776347030\n|teamsize|p1|4\n|teamsize|p2|4\n|start\n|switch|p1a: Farigiraf|Farigiraf, L50, M|100/100\n|switch|p1b: Torkoal|Torkoal, L50, F|100/100\n|switch|p2a: Gengar|Gengar, L50, F|100/100\n|switch|p2b: Umbreon|Umbreon, L50, F|100/100\n|-weather|SunnyDay|[from] ability: Drought|[of] p1b: Torkoal\n|turn|1\n|\n|t:|1776347045\n|move|p1b: Torkoal|Protect|p1b: Torkoal\n|-singleturn|p1b: Torkoal|Protect\n|move|p2a: Gengar|Destiny Bond|p2a: Gengar\n|-singlemove|p2a: Gengar|Destiny Bond\n|move|p2b: Umbreon|Toxic|p1a: Farigiraf\n|-status|p1a: Farigiraf|tox\n|move|p1a: Farigiraf|Trick Room|p1a: Farigiraf\n|-fieldstart|move: Trick Room|[of] p1a: Farigiraf\n|\n|-weather|SunnyDay|[upkeep]\n|-damage|p1a: Farigiraf|94/100 tox|[from] psn\n|upkeep\n|turn|2\n|\n|t:|1776347064\n|move|p1a: Farigiraf|Helping Hand|p1b: Torkoal\n|-singleturn|p1b: Torkoal|Helping Hand|[of] p1a: Farigiraf\n|move|p1b: Torkoal|Weather Ball|p2b: Umbreon\n|-damage|p2b: Umbreon|41/100\n|move|p2b: Umbreon|Wish|p2b: Umbreon\n|move|p2a: Gengar|Toxic|p1b: Torkoal\n|-status|p1b: Torkoal|tox\n|-enditem|p1b: Torkoal|Lum Berry|[eat]\n|-curestatus|p1b: Torkoal|tox|[msg]\n|\n|-weather|SunnyDay|[upkeep]\n|-heal|p2b: Umbreon|47/100|[from] item: Leftovers\n|-damage|p1a: Farigiraf|82/100 tox|[from] psn\n|upkeep\n|turn|3\n|\n|t:|1776347082\n|move|p1a: Farigiraf|Helping Hand|p1b: Torkoal\n|-singleturn|p1b: Torkoal|Helping Hand|[of] p1a: Farigiraf\n|move|p2b: Umbreon|Protect|p2b: Umbreon\n|-singleturn|p2b: Umbreon|Protect\n|move|p1b: Torkoal|Eruption|p2b: Umbreon|[spread] p2a\n|-activate|p2b: Umbreon|move: Protect\n|-enditem|p2a: Gengar|Focus Sash\n|-damage|p2a: Gengar|1/100\n|-start|p1b: Torkoal|Disable|Eruption|[from] ability: Cursed Body|[of] p2a: Gengar\n|move|p2a: Gengar|Toxic|p1b: Torkoal\n|-status|p1b: Torkoal|tox\n|\n|-weather|SunnyDay|[upkeep]\n|-heal|p2b: Umbreon|97/100|[from] move: Wish|[wisher] Umbreon\n|-heal|p2b: Umbreon|100/100|[from] item: Leftovers\n|-damage|p1b: Torkoal|94/100 tox|[from] psn\n|-damage|p1a: Farigiraf|63/100 tox|[from] psn\n|upkeep\n|turn|4\n|\n|t:|1776347137\n|switch|p1a: Kingambit|Kingambit, L50, F|100/100\n|move|p1b: Torkoal|Weather Ball|p2b: Umbreon\n|-damage|p2b: Umbreon|63/100\n|move|p2b: Umbreon|Wish|p2b: Umbreon\n|move|p2a: Gengar|Destiny Bond|p2a: Gengar\n|-singlemove|p2a: Gengar|Destiny Bond\n|\n|-weather|SunnyDay|[upkeep]\n|-heal|p2b: Umbreon|69/100|[from] item: Leftovers\n|-damage|p1b: Torkoal|82/100 tox|[from] psn\n|upkeep\n|turn|5\n|\n|t:|1776347169\n|switch|p1b: Farigiraf|Farigiraf, L50, M|63/100 tox\n|move|p2b: Umbreon|Protect|p2b: Umbreon\n|-singleturn|p2b: Umbreon|Protect\n|move|p1a: Kingambit|Iron Head|p2b: Umbreon\n|-activate|p2b: Umbreon|move: Protect\n|move|p2a: Gengar|Will-O-Wisp|p1a: Kingambit|[miss]\n|-miss|p2a: Gengar|p1a: Kingambit\n|\n|-weather|none\n|-heal|p2b: Umbreon|100/100|[from] move: Wish|[wisher] Umbreon\n|-damage|p1b: Farigiraf|57/100 tox|[from] psn\n|-fieldend|move: Trick Room\n|upkeep\n|turn|6\n|\n|t:|1776347191\n|move|p1a: Kingambit|Protect|p1a: Kingambit\n|-singleturn|p1a: Kingambit|Protect\n|move|p2a: Gengar|Will-O-Wisp|p1a: Kingambit\n|-activate|p1a: Kingambit|move: Protect\n|move|p2b: Umbreon|Wish|p2b: Umbreon\n|move|p1b: Farigiraf|Trick Room|p1b: Farigiraf\n|-fieldstart|move: Trick Room|[of] p1b: Farigiraf\n|\n|-damage|p1b: Farigiraf|45/100 tox|[from] psn\n|upkeep\n|-enditem|p1b: Farigiraf|Sitrus Berry|[eat]\n|-heal|p1b: Farigiraf|70/100 tox|[from] item: Sitrus Berry\n|turn|7\n|\n|t:|1776347205\n|switch|p2a: Vaporeon|Vaporeon, L50, M|100/100\n|move|p1a: Kingambit|Kowtow Cleave|p2a: Vaporeon\n|-damage|p2a: Vaporeon|58/100\n|move|p1b: Farigiraf|Hyper Voice|p2b: Umbreon|[spread] p2a,p2b\n|-crit|p2a: Vaporeon\n|-damage|p2a: Vaporeon|31/100\n|-damage|p2b: Umbreon|85/100\n|-enditem|p2a: Vaporeon|Sitrus Berry|[eat]\n|-heal|p2a: Vaporeon|56/100|[from] item: Sitrus Berry\n|move|p2b: Umbreon|Foul Play|p1a: Kingambit\n|-resisted|p1a: Kingambit|1\n|-damage|p1a: Kingambit|82/100\n|\n|-heal|p2b: Umbreon|100/100|[from] move: Wish|[wisher] Umbreon\n|-damage|p1b: Farigiraf|51/100 tox|[from] psn\n|upkeep\n|turn|8\n|\n|t:|1776347231\n|switch|p1b: Drampa|Drampa, L50, M|100/100\n|move|p2a: Vaporeon|Protect|p2a: Vaporeon\n|-singleturn|p2a: Vaporeon|Protect\n|move|p1a: Kingambit|Kowtow Cleave|p2a: Vaporeon\n|-activate|p2a: Vaporeon|move: Protect\n|move|p2b: Umbreon|Wish|p2b: Umbreon\n|\n|upkeep\n|turn|9\n|\n|t:|1776347247\n|switch|p2a: Gengar|Gengar, L50, F|1/100\n|detailschange|p1b: Drampa|Drampa-Mega, L50, M\n|-mega|p1b: Drampa|Drampa|Drampanite\n|move|p1b: Drampa|Hyper Voice|p2b: Umbreon|[spread] p2b\n|-immune|p2a: Gengar\n|-damage|p2b: Umbreon|75/100\n|move|p1a: Kingambit|Kowtow Cleave|p2a: Gengar\n|-supereffective|p2a: Gengar|1\n|-damage|p2a: Gengar|0 fnt\n|faint|p2a: Gengar\n|move|p2b: Umbreon|Toxic|p1b: Drampa\n|-status|p1b: Drampa|tox\n|\n|-heal|p2b: Umbreon|100/100|[from] move: Wish|[wisher] Umbreon\n|-damage|p1b: Drampa|95/100 tox|[from] psn\n|upkeep\n|\n|t:|1776347266\n|switch|p2a: Froslass|Froslass, L50, F|100/100\n|turn|10\n|\n|t:|1776347278\n|move|p2a: Froslass|Protect|p2a: Froslass\n|-singleturn|p2a: Froslass|Protect\n|move|p1b: Drampa|Dragon Pulse|p2b: Umbreon\n|-damage|p2b: Umbreon|67/100\n|move|p1a: Kingambit|Iron Head|p2b: Umbreon\n|-damage|p2b: Umbreon|35/100\n|move|p2b: Umbreon|Foul Play|p1a: Kingambit\n|-resisted|p1a: Kingambit|1\n|-damage|p1a: Kingambit|62/100\n|\n|-heal|p2b: Umbreon|41/100|[from] item: Leftovers\n|-damage|p1b: Drampa|83/100 tox|[from] psn\n|-fieldend|move: Trick Room\n|upkeep\n|turn|11\n|\n|t:|1776347312\n|move|p1b: Drampa|Protect|p1b: Drampa\n|-singleturn|p1b: Drampa|Protect\n|move|p2a: Froslass|Will-O-Wisp|p1a: Kingambit\n|-status|p1a: Kingambit|brn\n|move|p2b: Umbreon|Wish|p2b: Umbreon\n|move|p1a: Kingambit|Kowtow Cleave|p2a: Froslass\n|-supereffective|p2a: Froslass|1\n|-damage|p2a: Froslass|14/100\n|\n|-heal|p2b: Umbreon|47/100|[from] item: Leftovers\n|-damage|p1b: Drampa|66/100 tox|[from] psn\n|-damage|p1a: Kingambit|57/100 brn|[from] brn\n|upkeep\n|turn|12\n|\n|t:|1776347328\n|switch|p1b: Farigiraf|Farigiraf, L50, M|51/100 tox\n|detailschange|p2a: Froslass|Froslass-Mega, L50, F\n|-mega|p2a: Froslass|Froslass|Froslassite\n|-weather|Snowscape|[from] ability: Snow Warning|[of] p2a: Froslass\n|move|p2b: Umbreon|Protect|p2b: Umbreon\n|-singleturn|p2b: Umbreon|Protect\n|move|p1a: Kingambit|Sucker Punch||[still]\n|-fail|p1a: Kingambit\n|move|p2a: Froslass|Aurora Veil|p2a: Froslass\n|-sidestart|p2: pedrohla|move: Aurora Veil\n|\n|-weather|Snowscape|[upkeep]\n|-heal|p2b: Umbreon|97/100|[from] move: Wish|[wisher] Umbreon\n|-heal|p2b: Umbreon|100/100|[from] item: Leftovers\n|-damage|p1b: Farigiraf|45/100 tox|[from] psn\n|-damage|p1a: Kingambit|51/100 brn|[from] brn\n|upkeep\n|turn|13\n|\n|t:|1776347358\n|switch|p2a: Vaporeon|Vaporeon, L50, M|56/100\n|move|p1a: Kingambit|Sucker Punch||[still]\n|-fail|p1a: Kingambit\n|move|p2b: Umbreon|Foul Play|p1a: Kingambit\n|-resisted|p1a: Kingambit|1\n|-damage|p1a: Kingambit|32/100 brn\n|move|p1b: Farigiraf|Trick Room|p1b: Farigiraf\n|-fieldstart|move: Trick Room|[of] p1b: Farigiraf\n|\n|-weather|Snowscape|[upkeep]\n|-damage|p1b: Farigiraf|33/100 tox|[from] psn\n|-damage|p1a: Kingambit|26/100 brn|[from] brn\n|upkeep\n|turn|14\n|\n|t:|1776347374\n|move|p1a: Kingambit|Kowtow Cleave|p2a: Vaporeon\n|-damage|p2a: Vaporeon|41/100\n|move|p1b: Farigiraf|Hyper Voice|p2b: Umbreon|[spread] p2a,p2b\n|-damage|p2a: Vaporeon|28/100\n|-damage|p2b: Umbreon|91/100\n|move|p2a: Vaporeon|Wish|p2a: Vaporeon\n|move|p2b: Umbreon|Wish|p2b: Umbreon\n|\n|-weather|Snowscape|[upkeep]\n|-heal|p2b: Umbreon|97/100|[from] item: Leftovers\n|-damage|p1b: Farigiraf|14/100 tox|[from] psn\n|-damage|p1a: Kingambit|20/100 brn|[from] brn\n|upkeep\n|turn|15\n|\n|t:|1776347393\n|switch|p1a: Torkoal|Torkoal, L50, F|82/100 tox\n|-weather|SunnyDay|[from] ability: Drought|[of] p1a: Torkoal\n|switch|p1b: Drampa|Drampa-Mega, L50, M|66/100 tox\n|move|p2a: Vaporeon|Protect|p2a: Vaporeon\n|-singleturn|p2a: Vaporeon|Protect\n|move|p2b: Umbreon|Foul Play|p1a: Torkoal\n|-damage|p1a: Torkoal|58/100 tox\n|\n|-weather|SunnyDay|[upkeep]\n|-heal|p2a: Vaporeon|77/100|[from] move: Wish|[wisher] Vaporeon\n|-heal|p2b: Umbreon|100/100|[from] move: Wish|[wisher] Umbreon\n|-damage|p1a: Torkoal|52/100 tox|[from] psn\n|-damage|p1b: Drampa|60/100 tox|[from] psn\n|upkeep\n|turn|16\n|\n|t:|1776347420\n|move|p1a: Torkoal|Solar Beam||[still]\n|-prepare|p1a: Torkoal|Solar Beam\n|-anim|p1a: Torkoal|Solar Beam|p2a: Vaporeon\n|-supereffective|p2a: Vaporeon|1\n|-damage|p2a: Vaporeon|44/100\n|move|p1b: Drampa|Solar Beam||[still]\n|-prepare|p1b: Drampa|Solar Beam\n|-anim|p1b: Drampa|Solar Beam|p2a: Vaporeon\n|-supereffective|p2a: Vaporeon|1\n|-damage|p2a: Vaporeon|0 fnt\n|faint|p2a: Vaporeon\n|move|p2b: Umbreon|Wish|p2b: Umbreon\n|\n|-weather|SunnyDay|[upkeep]\n|-damage|p1a: Torkoal|39/100 tox|[from] psn\n|-damage|p1b: Drampa|48/100 tox|[from] psn\n|-sideend|p2: pedrohla|move: Aurora Veil\n|upkeep\n|\n|t:|1776347434\n|switch|p2a: Froslass|Froslass-Mega, L50, F|14/100\n|-weather|Snowscape|[from] ability: Snow Warning|[of] p2a: Froslass\n|turn|17\n|\n|t:|1776347451\n|switch|p1a: Kingambit|Kingambit, L50, F|20/100 brn\n|switch|p1b: Farigiraf|Farigiraf, L50, M|14/100 tox\n|move|p2a: Froslass|Protect|p2a: Froslass\n|-singleturn|p2a: Froslass|Protect\n|move|p2b: Umbreon|Foul Play|p1b: Farigiraf\n|-supereffective|p1b: Farigiraf|1\n|-damage|p1b: Farigiraf|0 fnt\n|faint|p1b: Farigiraf\n|\n|-weather|Snowscape|[upkeep]\n|-damage|p1a: Kingambit|15/100 brn|[from] brn\n|-fieldend|move: Trick Room\n|upkeep\n|\n|t:|1776347464\n|switch|p1b: Torkoal|Torkoal, L50, F|39/100 tox\n|-weather|SunnyDay|[from] ability: Drought|[of] p1b: Torkoal\n|turn|18\n|\n|t:|1776347477\n|move|p2a: Froslass|Aurora Veil||[still]\n|-fail|p2a: Froslass\n|move|p2b: Umbreon|Wish|p2b: Umbreon\n|move|p1a: Kingambit|Kowtow Cleave|p2a: Froslass\n|-supereffective|p2a: Froslass|1\n|-damage|p2a: Froslass|0 fnt\n|faint|p2a: Froslass\n|move|p1b: Torkoal|Weather Ball|p2b: Umbreon\n|-damage|p2b: Umbreon|57/100\n|\n|-weather|SunnyDay|[upkeep]\n|-heal|p2b: Umbreon|63/100|[from] item: Leftovers\n|-damage|p1b: Torkoal|33/100 tox|[from] psn\n|-damage|p1a: Kingambit|9/100 brn|[from] brn\n|upkeep\n|turn|19\n|\n|t:|1776347497\n|switch|p1b: Drampa|Drampa-Mega, L50, M|48/100 tox\n|move|p2b: Umbreon|Protect|p2b: Umbreon\n|-singleturn|p2b: Umbreon|Protect\n|move|p1a: Kingambit|Iron Head|p2b: Umbreon\n|-activate|p2b: Umbreon|move: Protect\n|\n|-weather|SunnyDay|[upkeep]\n|-heal|p2b: Umbreon|100/100|[from] move: Wish|[wisher] Umbreon\n|-damage|p1b: Drampa|42/100 tox|[from] psn\n|-damage|p1a: Kingambit|3/100 brn|[from] brn\n|upkeep\n|turn|20\n|\n|t:|1776347512\n|move|p2b: Umbreon|Wish|p2b: Umbreon\n|move|p1a: Kingambit|Iron Head|p2b: Umbreon\n|-damage|p2b: Umbreon|86/100\n|move|p1b: Drampa|Hyper Voice|p2b: Umbreon\n|-damage|p2b: Umbreon|51/100\n|\n|-weather|SunnyDay|[upkeep]\n|-heal|p2b: Umbreon|57/100|[from] item: Leftovers\n|-damage|p1b: Drampa|31/100 tox|[from] psn\n|-damage|p1a: Kingambit|0 fnt|[from] brn\n|faint|p1a: Kingambit\n|upkeep\n|\n|t:|1776347523\n|switch|p1a: Torkoal|Torkoal, L50, F|33/100 tox\n|turn|21\n|\n|t:|1776347528\n|move|p2b: Umbreon|Protect|p2b: Umbreon\n|-singleturn|p2b: Umbreon|Protect\n|move|p1b: Drampa|Hyper Voice|p2b: Umbreon\n|-activate|p2b: Umbreon|move: Protect\n|move|p1a: Torkoal|Weather Ball|p2b: Umbreon\n|-activate|p2b: Umbreon|move: Protect\n|\n|-weather|SunnyDay|[upkeep]\n|-heal|p2b: Umbreon|100/100|[from] move: Wish|[wisher] Umbreon\n|-damage|p1b: Drampa|13/100 tox|[from] psn\n|-damage|p1a: Torkoal|27/100 tox|[from] psn\n|upkeep\n|turn|22\n|\n|t:|1776347546\n|move|p2b: Umbreon|Wish|p2b: Umbreon\n|move|p1b: Drampa|Hyper Voice|p2b: Umbreon\n|-damage|p2b: Umbreon|64/100\n|move|p1a: Torkoal|Weather Ball|p2b: Umbreon\n|-crit|p2b: Umbreon\n|-damage|p2b: Umbreon|3/100\n|\n|-weather|none\n|-heal|p2b: Umbreon|9/100|[from] item: Leftovers\n|-damage|p1b: Drampa|0 fnt|[from] psn\n|faint|p1b: Drampa\n|-damage|p1a: Torkoal|15/100 tox|[from] psn\n|upkeep\n|turn|23\n|\n|t:|1776347562\n|move|p2b: Umbreon|Protect|p2b: Umbreon\n|-singleturn|p2b: Umbreon|Protect\n|move|p1a: Torkoal|Weather Ball|p2b: Umbreon\n|-activate|p2b: Umbreon|move: Protect\n|\n|-heal|p2b: Umbreon|59/100|[from] move: Wish|[wisher] Umbreon\n|-heal|p2b: Umbreon|65/100|[from] item: Leftovers\n|-damage|p1a: Torkoal|0 fnt|[from] psn\n|faint|p1a: Torkoal\n|\n|win|pedrohla\n|raw|ZuriHan's rating: 1247 &rarr; <strong>1217</strong><br />(-30 for losing)\n|raw|pedrohla's rating: 1178 &rarr; <strong>1208</strong><br />(+30 for winning)\n",
  "uploadtime": 1776347584,
  "views": 41,
  "formatid": "gen9championsvgc2026regma",
  "rating": 1208,
  "private": 0,
  "password": null
}