{
  "id": "gen9championsvgc2026regma-2588006274",
  "format": "[Gen 9 Champions] VGC 2026 Reg M-A",
  "players": [
    "golden sun boy",
    "MefShowdown0"
  ],
  "log": "|j|\u2606golden sun boy\n|j|\u2606MefShowdown0\n|t:|1776591912\n|gametype|doubles\n|player|p1|golden sun boy|unknown|1251\n|player|p2|MefShowdown0|selene-masters2|1341\n|gen|9\n|tier|[Gen 9 Champions] VGC 2026 Reg M-A\n|rated|\n|rule|Species Clause: Limit one of each Pok\u00e9mon\n|rule|Item Clause: Limit 1 of each item\n|clearpoke\n|poke|p1|Charizard, L50, M|\n|poke|p1|Milotic, L50, F|\n|poke|p1|Venusaur, L50, M|\n|poke|p1|Garchomp, L50, M|\n|poke|p1|Aegislash, L50, F|\n|poke|p1|Basculegion, L50, M|\n|poke|p2|Floette-Eternal, L50, F|\n|poke|p2|Aerodactyl, L50, M|\n|poke|p2|Sneasler, L50, F|\n|poke|p2|Incineroar, L50, F|\n|poke|p2|Sinistcha, L50|\n|poke|p2|Milotic, L50, F|\n|teampreview|4\ngolden sun boy rejected open team sheets.\n|inactive|Battle timer is ON: inactive players will automatically lose when time's up. (requested by golden sun boy)\n|inactive|golden sun boy has 60 seconds left.\n|inactive|MefShowdown0 has 60 seconds left.\n|inactive|golden sun boy has 30 seconds left.\n|inactive|golden sun boy has 20 seconds left.\n|\n|t:|1776591993\n|teamsize|p1|4\n|teamsize|p2|4\n|start\n|switch|p1a: Milotic|Milotic, L50, F|100/100\n|switch|p1b: Venusaur|Venusaur, L50, M|100/100\n|switch|p2a: Floette|Floette-Eternal, L50, F|100/100\n|switch|p2b: Aerodactyl|Aerodactyl, L50, M|100/100\n|-ability|p2b: Aerodactyl|Unnerve\n|turn|1\n|inactive|golden sun boy has 30 seconds left.\n|inactive|MefShowdown0 has 30 seconds left.\n|\n|t:|1776592023\n|switch|p2b: Sinistcha|Sinistcha, L50|100/100\n|detailschange|p1b: Venusaur|Venusaur-Mega, L50, M\n|-mega|p1b: Venusaur|Venusaur|Venusaurite\n|detailschange|p2a: Floette|Floette-Mega, L50, F\n|-mega|p2a: Floette|Floette|Floettite\n|-ability|p2a: Floette|Fairy Aura\n|move|p2a: Floette|Calm Mind|p2a: Floette\n|-boost|p2a: Floette|spa|1\n|-boost|p2a: Floette|spd|1\n|move|p1b: Venusaur|Sludge Bomb|p2a: Floette\n|-supereffective|p2a: Floette|1\n|-damage|p2a: Floette|64/100\n|move|p1a: Milotic|Icy Wind|p2b: Sinistcha|[spread] p2a,p2b\n|-supereffective|p2b: Sinistcha|1\n|-damage|p2a: Floette|59/100\n|-damage|p2b: Sinistcha|81/100\n|-unboost|p2a: Floette|spe|1\n|-unboost|p2b: Sinistcha|spe|1\n|\n|upkeep\n|turn|2\n|inactive|golden sun boy has 30 seconds left.\n|inactive|MefShowdown0 has 30 seconds left.\n|inactive|golden sun boy has 20 seconds left.\n|inactive|MefShowdown0 has 20 seconds left.\n|inactive|MefShowdown0 has 15 seconds left.\n|inactive|MefShowdown0 has 10 seconds left.\n|\n|t:|1776592070\n|move|p1b: Venusaur|Sludge Bomb|p2a: Floette\n|-supereffective|p2a: Floette|1\n|-damage|p2a: Floette|18/100\n|move|p1a: Milotic|Icy Wind|p2b: Sinistcha|[spread] p2a,p2b\n|-supereffective|p2b: Sinistcha|1\n|-damage|p2a: Floette|14/100\n|-damage|p2b: Sinistcha|63/100\n|-unboost|p2a: Floette|spe|1\n|-unboost|p2b: Sinistcha|spe|1\n|move|p2a: Floette|Calm Mind|p2a: Floette\n|-boost|p2a: Floette|spa|1\n|-boost|p2a: Floette|spd|1\n|move|p2b: Sinistcha|Life Dew|p2b: Sinistcha|[spread] p2a,p2b\n|-heal|p2a: Floette|39/100\n|-heal|p2b: Sinistcha|89/100\n|\n|upkeep\n|turn|3\n|\n|t:|1776592095\n|move|p2a: Floette|Protect|p2a: Floette\n|-singleturn|p2a: Floette|Protect\n|move|p1b: Venusaur|Sludge Bomb|p2a: Floette\n|-activate|p2a: Floette|move: Protect\n|move|p1a: Milotic|Icy Wind|p2b: Sinistcha|[spread] \n|-activate|p2a: Floette|move: Protect\n|-miss|p1a: Milotic|p2b: Sinistcha\n|move|p2b: Sinistcha|Life Dew|p2b: Sinistcha|[spread] p2a,p2b\n|-heal|p2a: Floette|63/100\n|-heal|p2b: Sinistcha|100/100\n|\n|upkeep\n|turn|4\n|inactive|golden sun boy has 30 seconds left.\n|inactive|golden sun boy has 20 seconds left.\n|inactive|golden sun boy has 15 seconds left.\n|inactive|golden sun boy has 10 seconds left.\n|\n|t:|1776592143\n|move|p1b: Venusaur|Sludge Bomb|p2a: Floette\n|-supereffective|p2a: Floette|1\n|-damage|p2a: Floette|33/100\n|move|p1a: Milotic|Scald|p2a: Floette\n|-damage|p2a: Floette|22/100\n|move|p2a: Floette|Draining Kiss|p1a: Milotic\n|-damage|p1a: Milotic|44/100\n|-heal|p2a: Floette|70/100|[from] drain|[of] p1a: Milotic\n|move|p2b: Sinistcha|Life Dew||[still]|[spread] p2a,p2b\n|-heal|p2a: Floette|94/100\n|-fail|p2b: Sinistcha|heal\n|\n|-heal|p1a: Milotic|50/100|[from] item: Leftovers\n|upkeep\n|turn|5\n|inactive|MefShowdown0 has 30 seconds left.\n|\n|t:|1776592178\n|move|p1b: Venusaur|Leech Seed|p2a: Floette\n|-start|p2a: Floette|move: Leech Seed\n|move|p1a: Milotic|Recover|p1a: Milotic\n|-heal|p1a: Milotic|99/100\n|move|p2a: Floette|Dazzling Gleam|p1b: Venusaur|[spread] p1a,p1b\n|-resisted|p1b: Venusaur|1\n|-crit|p1b: Venusaur\n|-damage|p1a: Milotic|34/100\n|-damage|p1b: Venusaur|48/100\n|move|p2b: Sinistcha|Life Dew||[still]|[spread] p2a,p2b\n|-heal|p2a: Floette|100/100\n|-fail|p2b: Sinistcha|heal\n|\n|-heal|p1a: Milotic|40/100|[from] item: Leftovers\n|-damage|p2a: Floette|88/100|[from] Leech Seed|[of] p1b: Venusaur\n|-heal|p1b: Venusaur|60/100|[silent]\n|upkeep\n|turn|6\n|\n|t:|1776592199\n|move|p1b: Venusaur|Sludge Bomb|p2a: Floette\n|-supereffective|p2a: Floette|1\n|-damage|p2a: Floette|61/100\n|move|p1a: Milotic|Recover|p1a: Milotic\n|-heal|p1a: Milotic|90/100\n|move|p2a: Floette|Dazzling Gleam|p1a: Milotic|[spread] p1a,p1b\n|-resisted|p1b: Venusaur|1\n|-damage|p1a: Milotic|21/100\n|-damage|p1b: Venusaur|26/100\n|move|p2b: Sinistcha|Matcha Gotcha|p1a: Milotic|[spread] p1a,p1b\n|-supereffective|p1a: Milotic|1\n|-resisted|p1b: Venusaur|2\n|-damage|p1a: Milotic|0 fnt\n|-damage|p1b: Venusaur|21/100\n|faint|p1a: Milotic\n|\n|-damage|p2a: Floette|49/100|[from] Leech Seed|[of] p1b: Venusaur\n|-heal|p1b: Venusaur|33/100|[silent]\n|upkeep\n|\n|t:|1776592222\n|switch|p1a: Aegislash|Aegislash, L50, F|100/100\n|turn|7\n|inactive|golden sun boy has 30 seconds left.\n|inactive|MefShowdown0 has 30 seconds left.\n|inactive|golden sun boy has 20 seconds left.\n|inactive|golden sun boy has 15 seconds left.\n|\n|t:|1776592271\n|move|p1b: Venusaur|Protect|p1b: Venusaur\n|-singleturn|p1b: Venusaur|Protect\n|move|p2b: Sinistcha|Rage Powder|p2b: Sinistcha\n|-singleturn|p2b: Sinistcha|move: Rage Powder\n|-formechange|p1a: Aegislash|Aegislash-Blade|\n|move|p1a: Aegislash|Poltergeist|p2b: Sinistcha\n|-activate|p2b: Sinistcha|move: Poltergeist|Occa Berry\n|-supereffective|p2b: Sinistcha|1\n|-damage|p2b: Sinistcha|0 fnt\n|faint|p2b: Sinistcha\n|move|p2a: Floette|Dazzling Gleam|p1a: Aegislash|[spread] p1a\n|-activate|p1b: Venusaur|move: Protect\n|-resisted|p1a: Aegislash|1\n|-enditem|p1a: Aegislash|Focus Sash\n|-damage|p1a: Aegislash|1/100\n|\n|-damage|p2a: Floette|36/100|[from] Leech Seed|[of] p1b: Venusaur\n|-heal|p1b: Venusaur|45/100|[silent]\n|upkeep\n|\n|t:|1776592291\n|switch|p2b: Milotic|Milotic, L50, F|100/100\n|turn|8\n|\n|t:|1776592312\n|move|p2a: Floette|Protect|p2a: Floette\n|-singleturn|p2a: Floette|Protect\n|move|p1b: Venusaur|Leech Seed|p2b: Milotic\n|-start|p2b: Milotic|move: Leech Seed\n|move|p1a: Aegislash|Iron Head|p2a: Floette\n|-activate|p2a: Floette|move: Protect\n|move|p2b: Milotic|Icy Wind|p1a: Aegislash|[spread] p1a,p1b\n|-resisted|p1a: Aegislash|1\n|-crit|p1a: Aegislash\n|-supereffective|p1b: Venusaur|1\n|-damage|p1a: Aegislash|0 fnt\n|-damage|p1b: Venusaur|37/100\n|-unboost|p1b: Venusaur|spe|1\n|faint|p1a: Aegislash\n|\n|-damage|p2b: Milotic|88/100|[from] Leech Seed|[of] p1b: Venusaur\n|-heal|p1b: Venusaur|50/100|[silent]\n|-damage|p2a: Floette|24/100|[from] Leech Seed|[of] p1b: Venusaur\n|-heal|p1b: Venusaur|62/100|[silent]\n|upkeep\n|\n|t:|1776592328\n|switch|p1a: Charizard|Charizard, L50, M|100/100\n|turn|9\n|inactive|MefShowdown0 has 30 seconds left.\n|\n|t:|1776592360\n|move|p1a: Charizard|Flare Blitz|p2a: Floette\n|-damage|p2a: Floette|0 fnt\n|faint|p2a: Floette\n|-damage|p1a: Charizard|92/100|[from] Recoil\n|move|p2b: Milotic|Icy Wind|p1b: Venusaur|[spread] p1a,p1b\n|-crit|p1a: Charizard\n|-supereffective|p1b: Venusaur|1\n|-damage|p1a: Charizard|76/100\n|-damage|p1b: Venusaur|55/100\n|-unboost|p1a: Charizard|spe|1\n|-unboost|p1b: Venusaur|spe|1\n|move|p1b: Venusaur|Sludge Bomb|p2b: Milotic\n|-damage|p2b: Milotic|66/100\n|\n|-heal|p2b: Milotic|72/100|[from] item: Leftovers\n|-damage|p2b: Milotic|59/100|[from] Leech Seed|[of] p1b: Venusaur\n|-heal|p1b: Venusaur|68/100|[silent]\n|upkeep\n|\n|t:|1776592368\n|switch|p2a: Aerodactyl|Aerodactyl, L50, M|100/100\n|-ability|p2a: Aerodactyl|Unnerve\n|turn|10\n|\n|t:|1776592387\n|move|p1a: Charizard|Protect|p1a: Charizard\n|-singleturn|p1a: Charizard|Protect\n|move|p2a: Aerodactyl|Dual Wingbeat|p1b: Venusaur|[miss]\n|-miss|p2a: Aerodactyl|p1b: Venusaur\n|move|p2b: Milotic|Icy Wind|p1b: Venusaur|[spread] p1b\n|-activate|p1a: Charizard|move: Protect\n|-supereffective|p1b: Venusaur|1\n|-damage|p1b: Venusaur|61/100\n|-unboost|p1b: Venusaur|spe|1\n|move|p1b: Venusaur|Leech Seed|p2a: Aerodactyl\n|-start|p2a: Aerodactyl|move: Leech Seed\n|\n|-heal|p2b: Milotic|65/100|[from] item: Leftovers\n|-damage|p2a: Aerodactyl|88/100|[from] Leech Seed|[of] p1b: Venusaur\n|-heal|p1b: Venusaur|71/100|[silent]\n|-damage|p2b: Milotic|53/100|[from] Leech Seed|[of] p1b: Venusaur\n|-heal|p1b: Venusaur|84/100|[silent]\n|upkeep\n|turn|11\n|inactive|golden sun boy has 30 seconds left.\n|inactive|golden sun boy has 20 seconds left.\n|\n|t:|1776592426\n|move|p2a: Aerodactyl|Rock Slide|p1a: Charizard|[spread] p1a,p1b\n|-supereffective|p1a: Charizard|2\n|-damage|p1a: Charizard|0 fnt\n|-damage|p1b: Venusaur|64/100\n|faint|p1a: Charizard\n|move|p2b: Milotic|Life Dew|p2b: Milotic|[spread] p2a,p2b\n|-heal|p2a: Aerodactyl|100/100\n|-heal|p2b: Milotic|78/100\n|move|p1b: Venusaur|Sludge Bomb|p2a: Aerodactyl\n|-resisted|p2a: Aerodactyl|1\n|-damage|p2a: Aerodactyl|71/100\n|-status|p2a: Aerodactyl|psn\n|\n|-heal|p2b: Milotic|84/100|[from] item: Leftovers\n|-damage|p2a: Aerodactyl|59/100 psn|[from] Leech Seed|[of] p1b: Venusaur\n|-heal|p1b: Venusaur|75/100|[silent]\n|-damage|p2b: Milotic|72/100|[from] Leech Seed|[of] p1b: Venusaur\n|-heal|p1b: Venusaur|88/100|[silent]\n|-damage|p2a: Aerodactyl|47/100 psn|[from] psn\n|upkeep\n|turn|12\n|\n|t:|1776592450\n|move|p2a: Aerodactyl|Dual Wingbeat|p1b: Venusaur\n|-supereffective|p1b: Venusaur|1\n|-damage|p1b: Venusaur|61/100\n|-supereffective|p1b: Venusaur|1\n|-damage|p1b: Venusaur|29/100\n|-hitcount|p1b: Venusaur|2\n|move|p2b: Milotic|Life Dew|p2b: Milotic|[spread] p2a,p2b\n|-heal|p2a: Aerodactyl|72/100 psn\n|-heal|p2b: Milotic|97/100\n|move|p1b: Venusaur|Sludge Bomb|p2a: Aerodactyl\n|-resisted|p2a: Aerodactyl|1\n|-damage|p2a: Aerodactyl|44/100 psn\n|\n|-heal|p2b: Milotic|100/100|[from] item: Leftovers\n|-damage|p2a: Aerodactyl|32/100 psn|[from] Leech Seed|[of] p1b: Venusaur\n|-heal|p1b: Venusaur|39/100|[silent]\n|-damage|p2b: Milotic|88/100|[from] Leech Seed|[of] p1b: Venusaur\n|-heal|p1b: Venusaur|53/100|[silent]\n|-damage|p2a: Aerodactyl|20/100 psn|[from] psn\n|upkeep\n|turn|13\n|\n|t:|1776592468\n|move|p1b: Venusaur|Protect|p1b: Venusaur\n|-singleturn|p1b: Venusaur|Protect\n|move|p2a: Aerodactyl|Dual Wingbeat|p1b: Venusaur\n|-activate|p1b: Venusaur|move: Protect\n|move|p2b: Milotic|Life Dew|p2b: Milotic|[spread] p2a,p2b\n|-heal|p2a: Aerodactyl|44/100 psn\n|-heal|p2b: Milotic|100/100\n|\n|-damage|p2a: Aerodactyl|32/100 psn|[from] Leech Seed|[of] p1b: Venusaur\n|-heal|p1b: Venusaur|63/100|[silent]\n|-damage|p2b: Milotic|88/100|[from] Leech Seed|[of] p1b: Venusaur\n|-heal|p1b: Venusaur|76/100|[silent]\n|-damage|p2a: Aerodactyl|20/100 psn|[from] psn\n|upkeep\n|turn|14\n|\n|t:|1776592482\n|move|p2b: Milotic|Helping Hand|p2a: Aerodactyl\n|-singleturn|p2a: Aerodactyl|Helping Hand|[of] p2b: Milotic\n|move|p2a: Aerodactyl|Dual Wingbeat|p1b: Venusaur\n|-supereffective|p1b: Venusaur|1\n|-damage|p1b: Venusaur|34/100\n|-supereffective|p1b: Venusaur|1\n|-damage|p1b: Venusaur|0 fnt\n|faint|p1b: Venusaur\n|-hitcount|p1: Venusaur|2\n|\n|win|MefShowdown0\n|raw|golden sun boy's rating: 1251 &rarr; <strong>1232</strong><br />(-19 for losing)\n|raw|MefShowdown0's rating: 1341 &rarr; <strong>1356</strong><br />(+15 for winning)\n",
  "uploadtime": 1776592482,
  "views": 16,
  "formatid": "gen9championsvgc2026regma",
  "rating": 1232,
  "private": 0,
  "password": null
}