{
  "id": "gen9championsvgc2026regma-2582273501",
  "format": "[Gen 9 Champions] VGC 2026 Reg M-A",
  "players": [
    "XxEclipsefrrxX",
    "Nonsense57"
  ],
  "log": "|j|\u2606XxEclipsefrrxX\n|j|\u2606Nonsense57\n|html|<table width=\"100%\"><tr><td align=\"left\">XxEclipsefrrxX</td><td align=\"right\">Nonsense57</tr><tr><td align=\"left\"><i class=\"fa fa-circle\"></i> <i class=\"fa fa-circle-o\"></i> </td><td align=\"right\"><i class=\"fa fa-circle-o\"></i> <i class=\"fa fa-circle-o\"></i> </tr></table>\n|uhtml|bestof|<h2><strong>Game 2</strong> of <a href=\"/game-bestof3-gen9championsvgc2026regma-2582271019\">a best-of-3</a></h2>\n|t:|1776078611\n|gametype|doubles\n|player|p1|XxEclipsefrrxX|n|\n|player|p2|Nonsense57|hilbert|\n|gen|9\n|tier|[Gen 9 Champions] VGC 2026 Reg M-A\n|rule|Species Clause: Limit one of each Pok\u00e9mon\n|rule|Item Clause: Limit 1 of each item\n|raw|<div class=\"infobox\"><details class=\"readmore\" open><summary><strong>1 custom rule:</strong></summary> Best of = 3</details></div>\n|clearpoke\n|poke|p1|Gengar, L50, M|\n|poke|p1|Vivillon, L50, F|\n|poke|p1|Incineroar, L50, M|\n|poke|p1|Palafin, L50, M|\n|poke|p1|Kingambit, L50, M|\n|poke|p1|Primarina, L50, F|\n|poke|p2|Froslass, L50, F|\n|poke|p2|Weavile, L50, M|\n|poke|p2|Sinistcha, L50|\n|poke|p2|Incineroar, L50, F|\n|poke|p2|Armarouge, L50, M|\n|poke|p2|Rotom-Frost, L50|\n|teampreview|4\nNonsense57 has agreed to open team sheets.\n|c|\u2606Nonsense57|Bro FUCK\n|\n|t:|1776078654\n|teamsize|p1|4\n|teamsize|p2|4\n|start\n|switch|p1a: Gengar|Gengar, L50, M, shiny|100/100\n|switch|p1b: Vivillon|Vivillon, L50, F, shiny|100/100\n|switch|p2a: Froslass|Froslass, L50, F|100/100\n|switch|p2b: Rotom|Rotom-Frost, L50|100/100\n|turn|1\n|\n|t:|1776078697\n|switch|p2a: Armarouge|Armarouge, L50, M, shiny|100/100\n|move|p1a: Gengar|Shadow Ball|p2a: Armarouge\n|-supereffective|p2a: Armarouge|1\n|-damage|p2a: Armarouge|0 fnt\n|faint|p2a: Armarouge\n|move|p1b: Vivillon|Sleep Powder|p2b: Rotom\n|-status|p2b: Rotom|slp|[from] move: Sleep Powder\n|cant|p2b: Rotom|slp\n|\n|upkeep\n|c|\u2606Nonsense57|I forgot i put twisted spoon instead of focus sash\n|\n|t:|1776078731\n|switch|p2a: Incineroar|Incineroar, L50, F|100/100\n|-ability|p2a: Incineroar|Intimidate|boost\n|-unboost|p1a: Gengar|atk|1\n|-unboost|p1b: Vivillon|atk|1\n|turn|2\n|\n|t:|1776078754\n|detailschange|p1a: Gengar|Gengar-Mega, L50, M, shiny\n|-mega|p1a: Gengar|Gengar|Gengarite\n|move|p1a: Gengar|Perish Song|p1a: Gengar\n|-start|p1a: Gengar|perish3|[silent]\n|-start|p1b: Vivillon|perish3|[silent]\n|-start|p2a: Incineroar|perish3|[silent]\n|-start|p2b: Rotom|perish3|[silent]\n|-fieldactivate|move: Perish Song\n|move|p1b: Vivillon|Sleep Powder|p2a: Incineroar\n|-status|p2a: Incineroar|slp|[from] move: Sleep Powder\n|cant|p2b: Rotom|slp\n|cant|p2a: Incineroar|slp\n|\n|-start|p1a: Gengar|perish3\n|-start|p1b: Vivillon|perish3\n|-start|p2b: Rotom|perish3\n|-start|p2a: Incineroar|perish3\n|upkeep\n|turn|3\n|\n|t:|1776078779\n|move|p1a: Gengar|Shadow Ball|p2b: Rotom\n|-damage|p2b: Rotom|32/100 slp\n|move|p1b: Vivillon|Air Slash|p2a: Incineroar\n|-damage|p2a: Incineroar|74/100 slp\n|-curestatus|p2b: Rotom|slp|[msg]\n|move|p2b: Rotom|Discharge|p1b: Vivillon|[spread] p2a,p1a,p1b\n|-supereffective|p1b: Vivillon|1\n|-damage|p2a: Incineroar|51/100 slp\n|-damage|p1a: Gengar|63/100\n|-enditem|p1b: Vivillon|Focus Sash\n|-damage|p1b: Vivillon|1/100\n|cant|p2a: Incineroar|slp\n|\n|-start|p1a: Gengar|perish2\n|-start|p1b: Vivillon|perish2\n|-start|p2b: Rotom|perish2\n|-start|p2a: Incineroar|perish2\n|upkeep\n|turn|4\n|c|\u2606Nonsense57|Ts so gay\n|\n|t:|1776078806\n|move|p1b: Vivillon|Protect|p1b: Vivillon\n|-singleturn|p1b: Vivillon|Protect\n|move|p1a: Gengar|Shadow Ball|p2b: Rotom\n|-damage|p2b: Rotom|0 fnt\n|faint|p2b: Rotom\n|-curestatus|p2a: Incineroar|slp|[msg]\n|move|p2a: Incineroar|Throat Chop|p1a: Gengar\n|-supereffective|p1a: Gengar|1\n|-damage|p1a: Gengar|0 fnt\n|faint|p1a: Gengar\n|\n|-start|p1b: Vivillon|perish1\n|-start|p2a: Incineroar|perish1\n|upkeep\n|\n|t:|1776078824\n|switch|p1a: Incineroar|Incineroar, L50, M|100/100\n|switch|p2b: Froslass|Froslass, L50, F|100/100\n|-ability|p1a: Incineroar|Intimidate|boost\n|-unboost|p2a: Incineroar|atk|1\n|-unboost|p2b: Froslass|atk|1\n|turn|5\n|\n|t:|1776078846\n|detailschange|p2b: Froslass|Froslass-Mega, L50, F\n|-mega|p2b: Froslass|Froslass|Froslassite\n|-weather|Snowscape|[from] ability: Snow Warning|[of] p2b: Froslass\n|move|p1a: Incineroar|Fake Out|p2a: Incineroar\n|-damage|p2a: Incineroar|41/100\n|move|p2b: Froslass|Draining Kiss|p1a: Incineroar\n|-damage|p1a: Incineroar|83/100\n|move|p1b: Vivillon|Sleep Powder|p2b: Froslass\n|-status|p2b: Froslass|slp|[from] move: Sleep Powder\n|cant|p2a: Incineroar|flinch\n|\n|-weather|Snowscape|[upkeep]\n|-start|p1b: Vivillon|perish0\n|-start|p2a: Incineroar|perish0\n|upkeep\n|faint|p1b: Vivillon\n|faint|p2a: Incineroar\n|\n|t:|1776078862\n|switch|p1b: Kingambit|Kingambit, L50, M, shiny|100/100\n|turn|6\n|\n|t:|1776078885\n|cant|p2b: Froslass|slp\n|move|p1a: Incineroar|Flare Blitz|p2b: Froslass\n|-supereffective|p2b: Froslass|1\n|-crit|p2b: Froslass\n|-damage|p2b: Froslass|0 fnt\n|faint|p2b: Froslass\n|-damage|p1a: Incineroar|54/100|[from] Recoil\n|\n|win|XxEclipsefrrxX\n|l|\u2606Nonsense57\n|player|p2|\n",
  "uploadtime": 1776078896,
  "views": 22,
  "formatid": "gen9championsvgc2026regma",
  "rating": null,
  "private": 0,
  "password": null
}