{
  "id": "gen9championsvgc2026regma-2587855045",
  "format": "[Gen 9 Champions] VGC 2026 Reg M-A",
  "players": [
    "Banette09",
    "Andrwii"
  ],
  "log": "|j|\u2606Banette09\n|j|\u2606Andrwii\n|t:|1776571025\n|gametype|doubles\n|player|p1|Banette09|266|1114\n|player|p2|Andrwii|flannery|1014\n|gen|9\n|tier|[Gen 9 Champions] VGC 2026 Reg M-A\n|rated|\n|rule|Species Clause: Limit one of each Pok\u00e9mon\n|rule|Item Clause: Limit 1 of each item\n|clearpoke\n|poke|p1|Manectric, L50, F|\n|poke|p1|Meowscarada, L50, M|\n|poke|p1|Farigiraf, L50, M|\n|poke|p1|Incineroar, L50, M|\n|poke|p1|Kingambit, L50, F|\n|poke|p1|Conkeldurr, L50, F|\n|poke|p2|Tyranitar, L50, F|\n|poke|p2|Sneasler, L50, M|\n|poke|p2|Aggron, L50, M|\n|poke|p2|Sinistcha, L50|\n|poke|p2|Basculegion, L50, M|\n|poke|p2|Farigiraf, L50, F|\n|teampreview|4\n|\n|t:|1776571052\n|teamsize|p1|4\n|teamsize|p2|4\n|start\n|switch|p1a: Manectric|Manectric, L50, F|100/100\n|switch|p1b: Incineroar|Incineroar, L50, M|100/100\n|switch|p2a: Aggron|Aggron, L50, M|100/100\n|switch|p2b: Basculegion|Basculegion, L50, M|100/100\n|-ability|p1b: Incineroar|Intimidate|boost\n|-unboost|p2a: Aggron|atk|1\n|-unboost|p2b: Basculegion|atk|1\n|turn|1\n|\n|t:|1776571079\n|detailschange|p1a: Manectric|Manectric-Mega, L50, F\n|-mega|p1a: Manectric|Manectric|Manectite\n|-ability|p1a: Manectric|Intimidate|boost\n|-unboost|p2a: Aggron|atk|1\n|-unboost|p2b: Basculegion|atk|1\n|move|p2a: Aggron|Protect|p2a: Aggron\n|-singleturn|p2a: Aggron|Protect\n|move|p1a: Manectric|Thunderbolt|p2b: Basculegion\n|-supereffective|p2b: Basculegion|1\n|-damage|p2b: Basculegion|1/100\n|move|p2b: Basculegion|Flip Turn|p1b: Incineroar\n|-supereffective|p1b: Incineroar|1\n|-damage|p1b: Incineroar|59/100\n|\n|t:|1776571094\n|switch|p2b: Sinistcha|Sinistcha, L50|100/100|[from] Flip Turn\n|move|p1b: Incineroar|Parting Shot|p2a: Aggron\n|-activate|p2a: Aggron|move: Protect\n|\n|upkeep\n|turn|2\n|\n|t:|1776571106\n|move|p1a: Manectric|Snarl|p2b: Sinistcha|[spread] p2a,p2b\n|-supereffective|p2b: Sinistcha|1\n|-damage|p2a: Aggron|87/100\n|-damage|p2b: Sinistcha|76/100\n|-unboost|p2a: Aggron|spa|1\n|-unboost|p2b: Sinistcha|spa|1\n|move|p1b: Incineroar|Parting Shot|p2a: Aggron\n|-unboost|p2a: Aggron|atk|1\n|-unboost|p2a: Aggron|spa|1\n|\n|t:|1776571114\n|switch|p1b: Conkeldurr|Conkeldurr, L50, F|100/100|[from] Parting Shot\n|move|p2a: Aggron|Iron Defense|p2a: Aggron\n|-boost|p2a: Aggron|def|2\n|move|p2b: Sinistcha|Trick Room|p2b: Sinistcha\n|-fieldstart|move: Trick Room|[of] p2b: Sinistcha\n|\n|upkeep\n|turn|3\n|\n|t:|1776571129\n|switch|p2b: Tyranitar|Tyranitar, L50, F|100/100\n|-weather|Sandstorm|[from] ability: Sand Stream|[of] p2b: Tyranitar\n|move|p1b: Conkeldurr|Drain Punch|p2a: Aggron\n|-supereffective|p2a: Aggron|2\n|-damage|p2a: Aggron|26/100\n|move|p2a: Aggron|Iron Defense|p2a: Aggron\n|-boost|p2a: Aggron|def|2\n|move|p1a: Manectric|Snarl|p2b: Tyranitar|[spread] p2a,p2b\n|-resisted|p2b: Tyranitar|1\n|-crit|p2b: Tyranitar\n|-damage|p2a: Aggron|16/100\n|-damage|p2b: Tyranitar|95/100\n|-unboost|p2a: Aggron|spa|1\n|-unboost|p2b: Tyranitar|spa|1\n|\n|-weather|Sandstorm|[upkeep]\n|-damage|p1b: Conkeldurr|94/100|[from] Sandstorm\n|-damage|p1a: Manectric|95/100|[from] Sandstorm\n|upkeep\n|turn|4\n|\n|t:|1776571177\n|switch|p2b: Sinistcha|Sinistcha, L50|76/100\n|-heal|p2a: Aggron|41/100|[from] ability: Hospitality|[of] p2b: Sinistcha\n|switch|p1a: Incineroar|Incineroar, L50, M|59/100\n|-ability|p1a: Incineroar|Intimidate|boost\n|-unboost|p2a: Aggron|atk|1\n|-unboost|p2b: Sinistcha|atk|1\n|detailschange|p2a: Aggron|Aggron-Mega, L50, M\n|-mega|p2a: Aggron|Aggron|Aggronite\n|move|p1b: Conkeldurr|Drain Punch|p2b: Sinistcha\n|-immune|p2b: Sinistcha\n|move|p2a: Aggron|Body Press|p1a: Incineroar\n|-supereffective|p1a: Incineroar|1\n|-damage|p1a: Incineroar|0 fnt\n|faint|p1a: Incineroar\n|\n|-weather|Sandstorm|[upkeep]\n|-damage|p1b: Conkeldurr|88/100|[from] Sandstorm\n|-damage|p2b: Sinistcha|70/100|[from] Sandstorm\n|upkeep\n|\n|t:|1776571183\n|switch|p1a: Manectric|Manectric-Mega, L50, F|95/100\n|-ability|p1a: Manectric|Intimidate|boost\n|-unboost|p2a: Aggron|atk|1\n|-unboost|p2b: Sinistcha|atk|1\n|turn|5\n|\n|t:|1776571206\n|move|p1a: Manectric|Protect|p1a: Manectric\n|-singleturn|p1a: Manectric|Protect\n|move|p1b: Conkeldurr|Drain Punch|p2a: Aggron\n|-supereffective|p2a: Aggron|1\n|-damage|p2a: Aggron|27/100\n|-heal|p1b: Conkeldurr|94/100|[from] drain|[of] p2a: Aggron\n|move|p2a: Aggron|Body Press|p1a: Manectric\n|-activate|p1a: Manectric|move: Protect\n|move|p2b: Sinistcha|Life Dew|p2b: Sinistcha|[spread] p2a,p2b\n|-heal|p2a: Aggron|52/100\n|-heal|p2b: Sinistcha|95/100\n|\n|-weather|Sandstorm|[upkeep]\n|-damage|p1b: Conkeldurr|88/100|[from] Sandstorm\n|-damage|p2b: Sinistcha|89/100|[from] Sandstorm\n|-damage|p1a: Manectric|89/100|[from] Sandstorm\n|upkeep\n|turn|6\n|\n|t:|1776571233\n|switch|p2b: Tyranitar|Tyranitar, L50, F|95/100\n|switch|p1a: Meowscarada|Meowscarada, L50, M|100/100\n|move|p1b: Conkeldurr|Drain Punch|p2a: Aggron\n|-supereffective|p2a: Aggron|1\n|-damage|p2a: Aggron|39/100\n|-heal|p1b: Conkeldurr|93/100|[from] drain|[of] p2a: Aggron\n|move|p2a: Aggron|Body Press|p1a: Meowscarada\n|-supereffective|p1a: Meowscarada|1\n|-damage|p1a: Meowscarada|0 fnt\n|faint|p1a: Meowscarada\n|\n|-weather|Sandstorm|[upkeep]\n|-damage|p1b: Conkeldurr|87/100|[from] Sandstorm\n|-fieldend|move: Trick Room\n|upkeep\n|\n|t:|1776571241\n|switch|p1a: Manectric|Manectric-Mega, L50, F|89/100\n|-ability|p1a: Manectric|Intimidate|boost\n|-unboost|p2a: Aggron|atk|1\n|-unboost|p2b: Tyranitar|atk|1\n|turn|7\n|\n|t:|1776571272\n|move|p2b: Tyranitar|Protect|p2b: Tyranitar\n|-singleturn|p2b: Tyranitar|Protect\n|move|p2a: Aggron|Protect|p2a: Aggron\n|-singleturn|p2a: Aggron|Protect\n|move|p1a: Manectric|Thunderbolt|p2a: Aggron\n|-activate|p2a: Aggron|move: Protect\n|move|p1b: Conkeldurr|Ice Punch|p2b: Tyranitar\n|-activate|p2b: Tyranitar|move: Protect\n|\n|-weather|none\n|upkeep\n|turn|8\n|\n|t:|1776571290\n|switch|p2b: Sinistcha|Sinistcha, L50|89/100\n|-heal|p2a: Aggron|64/100|[from] ability: Hospitality|[of] p2b: Sinistcha\n|move|p1a: Manectric|Thunderbolt|p2a: Aggron\n|-damage|p2a: Aggron|26/100\n|move|p2a: Aggron|Body Press|p1b: Conkeldurr\n|-damage|p1b: Conkeldurr|0 fnt\n|faint|p1b: Conkeldurr\n|\n|upkeep\n|turn|9\n|\n|t:|1776571308\n|move|p2a: Aggron|Protect|p2a: Aggron\n|-singleturn|p2a: Aggron|Protect\n|move|p1a: Manectric|Thunderbolt|p2b: Sinistcha\n|-resisted|p2b: Sinistcha|1\n|-damage|p2b: Sinistcha|68/100\n|move|p2b: Sinistcha|Trick Room|p2b: Sinistcha\n|-fieldstart|move: Trick Room|[of] p2b: Sinistcha\n|\n|upkeep\n|turn|10\n|-message|Banette09 forfeited.\n|\n|win|Andrwii\n|raw|Banette09's rating: 1114 &rarr; <strong>1082</strong><br />(-32 for losing)\n|raw|Andrwii's rating: 1014 &rarr; <strong>1063</strong><br />(+49 for winning)\n|l|\u2606Banette09\n|player|p1|\n|c|\u2606Andrwii|gg\n",
  "uploadtime": 1776571333,
  "views": 10,
  "formatid": "gen9championsvgc2026regma",
  "rating": 1063,
  "private": 0,
  "password": null
}