{
  "id": "gen9championsvgc2026regma-2586078967",
  "format": "[Gen 9 Champions] VGC 2026 Reg M-A",
  "players": [
    "jjkko",
    "GenoPaldea"
  ],
  "log": "|j|\u2606jjkko\n|j|\u2606GenoPaldea\n|t:|1776396698\n|gametype|doubles\n|player|p1|jjkko|170|1376\n|player|p2|GenoPaldea|bugcatcher-gen4dp|1311\n|gen|9\n|tier|[Gen 9 Champions] VGC 2026 Reg M-A\n|rated|\n|rule|Species Clause: Limit one of each Pok\u00e9mon\n|rule|Item Clause: Limit 1 of each item\n|clearpoke\n|poke|p1|Sylveon, L50, M|\n|poke|p1|Scovillain, L50, F|\n|poke|p1|Kingambit, L50, M|\n|poke|p1|Basculegion-F, L50, F|\n|poke|p1|Incineroar, L50, F|\n|poke|p1|Sneasler, L50, F|\n|poke|p2|Aerodactyl, L50, F|\n|poke|p2|Farigiraf, L50, F|\n|poke|p2|Typhlosion-Hisui, L50, F|\n|poke|p2|Sneasler, L50, F|\n|poke|p2|Scizor, L50, M|\n|poke|p2|Milotic, L50, M|\n|teampreview|4\n|inactive|Battle timer is ON: inactive players will automatically lose when time's up. (requested by jjkko)\n|\n|t:|1776396765\n|teamsize|p1|4\n|teamsize|p2|4\n|start\n|switch|p1a: Scovillain|Scovillain, L50, F|100/100\n|switch|p1b: Basculegion|Basculegion-F, L50, F|100/100\n|switch|p2a: Typhlosion|Typhlosion-Hisui, L50, F|100/100\n|switch|p2b: Farigiraf|Farigiraf, L50, F|100/100\n|-item|p1a: Scovillain|Scovillainite|[from] ability: Frisk|[of] p2a: Typhlosion\n|-item|p1b: Basculegion|Choice Scarf|[from] ability: Frisk|[of] p2a: Typhlosion\n|turn|1\n|inactive|GenoPaldea has 30 seconds left.\n|inactive|GenoPaldea has 20 seconds left.\n|inactive|GenoPaldea has 15 seconds left.\n|\n|t:|1776396805\n|switch|p1a: Incineroar|Incineroar, L50, F|100/100\n|-ability|p1a: Incineroar|Intimidate|boost\n|-unboost|p2a: Typhlosion|atk|1\n|-unboost|p2b: Farigiraf|atk|1\n|move|p2a: Typhlosion|Eruption|p1a: Incineroar|[spread] p1a,p1b\n|-resisted|p1a: Incineroar|1\n|-resisted|p1b: Basculegion|1\n|-damage|p1a: Incineroar|75/100\n|-damage|p1b: Basculegion|67/100\n|move|p1b: Basculegion|Flip Turn|p2b: Farigiraf\n|-damage|p2b: Farigiraf|77/100\n|\n|t:|1776396813\n|switch|p1b: Kingambit|Kingambit, L50, M|100/100|[from] Flip Turn\n|move|p2b: Farigiraf|Psychic|p1b: Kingambit\n|-immune|p1b: Kingambit\n|\n|upkeep\n|turn|2\n|\n|t:|1776396824\n|move|p2b: Farigiraf|Protect|p2b: Farigiraf\n|-singleturn|p2b: Farigiraf|Protect\n|move|p1b: Kingambit|Protect|p1b: Kingambit\n|-singleturn|p1b: Kingambit|Protect\n|move|p2a: Typhlosion|Eruption|p1b: Kingambit|[spread] p1a\n|-activate|p1b: Kingambit|move: Protect\n|-resisted|p1a: Incineroar|1\n|-damage|p1a: Incineroar|48/100\n|-enditem|p1a: Incineroar|Sitrus Berry|[eat]\n|-heal|p1a: Incineroar|72/100|[from] item: Sitrus Berry\n|move|p1a: Incineroar|Darkest Lariat|p2a: Typhlosion\n|-supereffective|p2a: Typhlosion|1\n|-damage|p2a: Typhlosion|0 fnt\n|faint|p2a: Typhlosion\n|\n|upkeep\n|\n|t:|1776396847\n|switch|p2a: Sneasler|Sneasler, L50, F|100/100\n|turn|3\n|\n|t:|1776396859\n|switch|p1b: Basculegion|Basculegion-F, L50, F|67/100\n|move|p2a: Sneasler|Close Combat|p1a: Incineroar\n|-supereffective|p1a: Incineroar|1\n|-damage|p1a: Incineroar|0 fnt\n|-unboost|p2a: Sneasler|def|1\n|-unboost|p2a: Sneasler|spd|1\n|faint|p1a: Incineroar\n|move|p2b: Farigiraf|Psychic|p1b: Basculegion\n|-damage|p1b: Basculegion|16/100\n|\n|upkeep\n|\n|t:|1776396866\n|switch|p1a: Scovillain|Scovillain, L50, F|100/100\n|turn|4\n|\n|t:|1776396888\n|switch|p2b: Scizor|Scizor, L50, M|100/100\n|detailschange|p1a: Scovillain|Scovillain-Mega, L50, F\n|-mega|p1a: Scovillain|Scovillain|Scovillainite\n|move|p1a: Scovillain|Rage Powder|p1a: Scovillain\n|-singleturn|p1a: Scovillain|move: Rage Powder\n|move|p1b: Basculegion|Muddy Water|p2a: Sneasler|[spread] p2a,p2b\n|-crit|p2a: Sneasler\n|-enditem|p2a: Sneasler|Focus Sash\n|-damage|p2a: Sneasler|1/100\n|-damage|p2b: Scizor|47/100\n|-unboost|p2b: Scizor|accuracy|1\n|move|p2a: Sneasler|Dire Claw|p1a: Scovillain\n|-supereffective|p1a: Scovillain|1\n|-damage|p1a: Scovillain|9/100\n|-status|p1a: Scovillain|slp\n|-status|p2a: Sneasler|brn|[from] ability: Spicy Spray|[of] p1a: Scovillain\n|\n|-damage|p2a: Sneasler|0 fnt|[from] brn\n|faint|p2a: Sneasler\n|upkeep\n|\n|t:|1776396906\n|switch|p2a: Farigiraf|Farigiraf, L50, F|77/100\n|turn|5\n|inactive|GenoPaldea has 30 seconds left.\n|\n|t:|1776396938\n|switch|p1b: Kingambit|Kingambit, L50, M|100/100\n|detailschange|p2b: Scizor|Scizor-Mega, L50, M\n|-mega|p2b: Scizor|Scizor|Scizorite\n|move|p2b: Scizor|Protect|p2b: Scizor\n|-singleturn|p2b: Scizor|Protect\n|move|p2a: Farigiraf|Psychic|p1a: Scovillain\n|-damage|p1a: Scovillain|0 fnt\n|-status|p2a: Farigiraf|brn|[from] ability: Spicy Spray|[of] p1a: Scovillain\n|faint|p1a: Scovillain\n|\n|-damage|p2a: Farigiraf|71/100 brn|[from] brn\n|upkeep\n|\n|t:|1776396941\n|switch|p1a: Basculegion|Basculegion-F, L50, F|16/100\n|turn|6\n|\n|t:|1776396954\n|move|p1a: Basculegion|Muddy Water|p2b: Scizor|[spread] p2b\n|-miss|p1a: Basculegion|p2a: Farigiraf\n|-damage|p2b: Scizor|7/100\n|move|p2b: Scizor|Bug Bite|p1b: Kingambit\n|-damage|p1b: Kingambit|55/100\n|move|p2a: Farigiraf|Psychic|p1a: Basculegion\n|-damage|p1a: Basculegion|0 fnt\n|faint|p1a: Basculegion\n|move|p1b: Kingambit|Kowtow Cleave|p2b: Scizor\n|-damage|p2b: Scizor|0 fnt\n|faint|p2b: Scizor\n|\n|-damage|p2a: Farigiraf|65/100 brn|[from] brn\n|upkeep\n|turn|7\n|-message|GenoPaldea forfeited.\n|\n|win|jjkko\n|raw|jjkko's rating: 1376 &rarr; <strong>1392</strong><br />(+16 for winning)\n|raw|GenoPaldea's rating: 1311 &rarr; <strong>1295</strong><br />(-16 for losing)\n|l|\u2606GenoPaldea\n|player|p2|\n",
  "uploadtime": 1776396970,
  "views": 28,
  "formatid": "gen9championsvgc2026regma",
  "rating": 1295,
  "private": 0,
  "password": null
}