{
  "id": "gen9championsvgc2026regma-2587078340",
  "format": "[Gen 9 Champions] VGC 2026 Reg M-A",
  "players": [
    "Fuki123",
    "henitusec"
  ],
  "log": "|j|\u2606Fuki123\n|j|\u2606henitusec\n|t:|1776490409\n|gametype|doubles\n|player|p1|Fuki123|2|1142\n|player|p2|henitusec|steven-masters|1130\n|gen|9\n|tier|[Gen 9 Champions] VGC 2026 Reg M-A\n|rated|\n|rule|Species Clause: Limit one of each Pok\u00e9mon\n|rule|Item Clause: Limit 1 of each item\n|clearpoke\n|poke|p1|Gengar, L50, M|\n|poke|p1|Incineroar, L50, F|\n|poke|p1|Kingambit, L50, F|\n|poke|p1|Palafin, L50, F|\n|poke|p1|Politoed, L50, F|\n|poke|p1|Sableye, L50, F|\n|poke|p2|Gardevoir, L50, F, shiny|\n|poke|p2|Aegislash, L50, F|\n|poke|p2|Incineroar, L50, F|\n|poke|p2|Vivillon-Polar, L50, M|\n|poke|p2|Whimsicott, L50, F|\n|poke|p2|Tauros-Paldea-Aqua, L50, M|\n|teampreview|4\n|inactive|Battle timer is ON: inactive players will automatically lose when time's up. (requested by henitusec)\n|inactive|Fuki123 has 60 seconds left.\n|\n|t:|1776490450\n|teamsize|p1|4\n|teamsize|p2|4\n|start\n|switch|p1a: Kingambit|Kingambit, L50, F|100/100\n|switch|p1b: Gengar|Gengar, L50, M|100/100\n|switch|p2a: Whimsicott|Whimsicott, L50, F|100/100\n|switch|p2b: Aegislash|Aegislash, L50, F|100/100\n|turn|1\n|\n|t:|1776490473\n|detailschange|p1b: Gengar|Gengar-Mega, L50, M\n|-mega|p1b: Gengar|Gengar|Gengarite\n|move|p1b: Gengar|Protect|p1b: Gengar\n|-singleturn|p1b: Gengar|Protect\n|move|p2a: Whimsicott|Taunt|p1b: Gengar\n|-activate|p1b: Gengar|move: Protect\n|-formechange|p2b: Aegislash|Aegislash-Blade|\n|move|p2b: Aegislash|Sacred Sword|p1a: Kingambit\n|-supereffective|p1a: Kingambit|2\n|-damage|p1a: Kingambit|0 fnt\n|faint|p1a: Kingambit\n|\n|upkeep\n|\n|t:|1776490487\n|switch|p1a: Sableye|Sableye, L50, F|100/100\n|turn|2\n|\n|t:|1776490498\n|move|p2a: Whimsicott|Encore|p1b: Gengar\n|-start|p1b: Gengar|Encore\n|move|p1b: Gengar|Protect||[still]\n|-fail|p1b: Gengar\n|move|p1a: Sableye|Encore|p2b: Aegislash\n|-start|p2b: Aegislash|Encore\n|move|p2b: Aegislash|Sacred Sword|p1a: Sableye\n|-immune|p1a: Sableye\n|\n|upkeep\n|turn|3\n|inactive|Fuki123 has 30 seconds left.\n|inactive|henitusec has 30 seconds left.\n|inactive|Fuki123 has 20 seconds left.\n|inactive|Fuki123 has 15 seconds left.\n|inactive|Fuki123 has 10 seconds left.\n|\n|t:|1776490547\n|switch|p2b: Tauros|Tauros-Paldea-Aqua, L50, M|100/100\n|-ability|p2b: Tauros|Intimidate|boost\n|-unboost|p1a: Sableye|atk|1\n|-unboost|p1b: Gengar|atk|1\n|switch|p1a: Politoed|Politoed, L50, F|100/100\n|-weather|RainDance|[from] ability: Drizzle|[of] p1a: Politoed\n|move|p1b: Gengar|Protect|p1b: Gengar\n|-singleturn|p1b: Gengar|Protect\n|move|p2a: Whimsicott|Tailwind|p2a: Whimsicott\n|-sidestart|p2: henitusec|move: Tailwind\n|\n|-weather|RainDance|[upkeep]\n|upkeep\n|turn|4\n|\n|t:|1776490567\n|switch|p1b: Sableye|Sableye, L50, F|100/100\n|move|p2a: Whimsicott|Taunt|p1a: Politoed\n|-start|p1a: Politoed|move: Taunt\n|move|p2b: Tauros|Wave Crash|p1b: Sableye\n|-damage|p1b: Sableye|0 fnt\n|faint|p1b: Sableye\n|-damage|p2b: Tauros|72/100|[from] Recoil\n|move|p1a: Politoed|Weather Ball|p2b: Tauros\n|-resisted|p2b: Tauros|1\n|-damage|p2b: Tauros|41/100\n|\n|-weather|RainDance|[upkeep]\n|upkeep\n|\n|t:|1776490581\n|switch|p1b: Gengar|Gengar-Mega, L50, M|100/100\n|turn|5\n|-message|Fuki123 forfeited.\n|\n|win|henitusec\n|raw|Fuki123's rating: 1142 &rarr; <strong>1116</strong><br />(-26 for losing)\n|raw|henitusec's rating: 1130 &rarr; <strong>1156</strong><br />(+26 for winning)\n|l|\u2606Fuki123\n|player|p1|\n",
  "uploadtime": 1776490590,
  "views": 16,
  "formatid": "gen9championsvgc2026regma",
  "rating": 1116,
  "private": 0,
  "password": null
}