{
  "id": "gen9championsvgc2026regma-2584577417",
  "format": "[Gen 9 Champions] VGC 2026 Reg M-A",
  "players": [
    "BundE817",
    "slopy snil"
  ],
  "log": "|j|\u2606BundE817\n|j|\u2606slopy snil\n|t:|1776269889\n|gametype|doubles\n|player|p1|BundE817|101|1036\n|player|p2|slopy snil|ingo|1000\n|gen|9\n|tier|[Gen 9 Champions] VGC 2026 Reg M-A\n|rated|\n|rule|Species Clause: Limit one of each Pok\u00e9mon\n|rule|Item Clause: Limit 1 of each item\n|clearpoke\n|poke|p1|Oranguru, L50, F|\n|poke|p1|Orthworm, L50, F|\n|poke|p1|Crabominable, L50, F|\n|poke|p1|Sylveon, L50, F|\n|poke|p1|Maushold, L50|\n|poke|p1|Torkoal, L50, M|\n|poke|p2|Pelipper, L50, F|\n|poke|p2|Feraligatr, L50, F|\n|poke|p2|Gallade, L50, M|\n|poke|p2|Raichu, L50, F|\n|poke|p2|Beartic, L50, M|\n|poke|p2|Farigiraf, L50, M|\n|teampreview|4\n|inactive|Battle timer is ON: inactive players will automatically lose when time's up. (requested by BundE817)\n|\n|t:|1776269906\n|teamsize|p1|4\n|teamsize|p2|4\n|start\n|switch|p1a: Oranguru|Oranguru, L50, F|100/100\n|switch|p1b: Orthworm|Orthworm, L50, F, shiny|100/100\n|switch|p2a: Pelipper|Pelipper, L50, F|100/100\n|switch|p2b: Feraligatr|Feraligatr, L50, F|100/100\n|-weather|RainDance|[from] ability: Drizzle|[of] p2a: Pelipper\n|turn|1\n|\n|t:|1776269922\n|detailschange|p2b: Feraligatr|Feraligatr-Mega, L50, F\n|-mega|p2b: Feraligatr|Feraligatr|Feraligite\n|move|p2b: Feraligatr|Dragon Dance|p2b: Feraligatr\n|-boost|p2b: Feraligatr|atk|1\n|-boost|p2b: Feraligatr|spe|1\n|move|p2a: Pelipper|Hurricane|p1a: Oranguru\n|-damage|p1a: Oranguru|70/100\n|move|p1b: Orthworm|Shed Tail|p1b: Orthworm\n|-start|p1b: Orthworm|Substitute|[from] move: Shed Tail\n|-damage|p1b: Orthworm|50/100\n|-enditem|p1b: Orthworm|Sitrus Berry|[eat]\n|-heal|p1b: Orthworm|75/100|[from] item: Sitrus Berry\n|\n|t:|1776269933\n|switch|p1b: Torkoal|Torkoal, L50, M|100/100|[from] Shed Tail\n|-weather|SunnyDay|[from] ability: Drought|[of] p1b: Torkoal\n|move|p1a: Oranguru|Trick Room|p1a: Oranguru\n|-fieldstart|move: Trick Room|[of] p1a: Oranguru\n|\n|-weather|SunnyDay|[upkeep]\n|upkeep\n|turn|2\n|inactive|BundE817 has 30 seconds left.\n|\n|t:|1776269960\n|move|p1b: Torkoal|Eruption|p2b: Feraligatr|[spread] p2a,p2b\n|-resisted|p2a: Pelipper|1\n|-resisted|p2b: Feraligatr|2\n|-damage|p2a: Pelipper|44/100\n|-damage|p2b: Feraligatr|77/100\n|move|p1a: Oranguru|Instruct|p1b: Torkoal\n|-singleturn|p1b: Torkoal|move: Instruct|[of] p1a: Oranguru\n|move|p1b: Torkoal|Eruption|p2b: Feraligatr|[spread] p2a,p2b\n|-resisted|p2a: Pelipper|1\n|-resisted|p2b: Feraligatr|2\n|-damage|p2a: Pelipper|0 fnt\n|-damage|p2b: Feraligatr|51/100\n|faint|p2a: Pelipper\n|move|p2b: Feraligatr|Double-Edge|p1a: Oranguru\n|-damage|p1a: Oranguru|0 fnt\n|faint|p1a: Oranguru\n|-damage|p2b: Feraligatr|23/100|[from] Recoil\n|\n|-weather|SunnyDay|[upkeep]\n|upkeep\n|\n|t:|1776269978\n|switch|p1a: Crabominable|Crabominable, L50, F|100/100\n|switch|p2a: Raichu|Raichu, L50, F|100/100\n|turn|3\n|\n|t:|1776269994\n|detailschange|p1a: Crabominable|Crabominable-Mega, L50, F\n|-mega|p1a: Crabominable|Crabominable|Crabominite\n|move|p2b: Feraligatr|Protect|p2b: Feraligatr\n|-singleturn|p2b: Feraligatr|Protect\n|move|p1b: Torkoal|Weather Ball|p2a: Raichu\n|-enditem|p2a: Raichu|Focus Sash\n|-damage|p2a: Raichu|1/100\n|move|p1a: Crabominable|Ice Punch|p2b: Feraligatr\n|-activate|p2b: Feraligatr|move: Protect\n|move|p2a: Raichu|Nuzzle|p1a: Crabominable\n|-damage|p1a: Crabominable|96/100\n|-status|p1a: Crabominable|par\n|\n|-weather|SunnyDay|[upkeep]\n|upkeep\n|turn|4\n|inactive|BundE817 has 30 seconds left.\n|\n|t:|1776270021\n|move|p1a: Crabominable|Bulk Up|p1a: Crabominable\n|-boost|p1a: Crabominable|atk|1\n|-boost|p1a: Crabominable|def|1\n|move|p1b: Torkoal|Eruption|p2b: Feraligatr|[spread] p2a,p2b\n|-resisted|p2b: Feraligatr|2\n|-damage|p2a: Raichu|0 fnt\n|-damage|p2b: Feraligatr|0 fnt\n|faint|p2a: Raichu\n|faint|p2b: Feraligatr\n|\n|-weather|SunnyDay|[upkeep]\n|upkeep\n|\n|t:|1776270028\n|switch|p2b: Beartic|Beartic, L50, M|100/100\n|turn|5\n|-message|slopy snil forfeited.\n|\n|win|BundE817\n|raw|BundE817's rating: 1036 &rarr; <strong>1067</strong><br />(+31 for winning)\n|raw|slopy snil's rating: 1000 &rarr; <strong>1000</strong><br />(+0 for losing)\n|l|\u2606slopy snil\n|player|p2|\n",
  "uploadtime": 1776270034,
  "views": 35,
  "formatid": "gen9championsvgc2026regma",
  "rating": 1000,
  "private": 0,
  "password": null
}