{
  "id": "gen9championsvgc2026regma-2585776001",
  "format": "[Gen 9 Champions] VGC 2026 Reg M-A",
  "players": [
    "hyrosh x",
    "IVhead"
  ],
  "log": "|j|\u2606hyrosh x\n|j|\u2606IVhead\n|t:|1776369806\n|gametype|doubles\n|player|p1|hyrosh x|benga|1253\n|player|p2|IVhead|102|1214\n|gen|9\n|tier|[Gen 9 Champions] VGC 2026 Reg M-A\n|rated|\n|rule|Species Clause: Limit one of each Pok\u00e9mon\n|rule|Item Clause: Limit 1 of each item\n|clearpoke\n|poke|p1|Kangaskhan, L50, F|\n|poke|p1|Espathra, L50, F|\n|poke|p1|Vivillon-Fancy, L50, F|\n|poke|p1|Archaludon, L50, F|\n|poke|p1|Milotic, L50, F|\n|poke|p1|Floette-Eternal, L50, F|\n|poke|p2|Mamoswine, L50, M|\n|poke|p2|Rotom-Wash, L50|\n|poke|p2|Sinistcha, L50|\n|poke|p2|Incineroar, L50, M|\n|poke|p2|Gengar, L50, F|\n|poke|p2|Kommo-o, L50, F|\n|teampreview|4\n|inactive|Battle timer is ON: inactive players will automatically lose when time's up. (requested by hyrosh x)\n|inactive|IVhead has 60 seconds left.\n|inactive|hyrosh x has 60 seconds left.\n|inactive|IVhead has 30 seconds left.\n|inactive|IVhead has 20 seconds left.\n|inactive|IVhead has 15 seconds left.\n|inactive|IVhead has 10 seconds left.\n|\n|t:|1776369898\n|teamsize|p1|4\n|teamsize|p2|4\n|start\n|switch|p1a: Espathra|Espathra, L50, F|100/100\n|switch|p1b: Vivillon|Vivillon-Fancy, L50, F, shiny|100/100\n|switch|p2a: Gengar|Gengar, L50, F|100/100\n|switch|p2b: Kommo-o|Kommo-o, L50, F|100/100\n|turn|1\n|\n|t:|1776369914\n|detailschange|p2a: Gengar|Gengar-Mega, L50, F\n|-mega|p2a: Gengar|Gengar|Gengarite\n|move|p1b: Vivillon|Rage Powder|p1b: Vivillon\n|-singleturn|p1b: Vivillon|move: Rage Powder\n|move|p2a: Gengar|Shadow Ball|p1b: Vivillon\n|-damage|p1b: Vivillon|27/100\n|move|p2b: Kommo-o|Clangorous Soul|p2b: Kommo-o\n|-boost|p2b: Kommo-o|atk|1\n|-boost|p2b: Kommo-o|def|1\n|-boost|p2b: Kommo-o|spa|1\n|-boost|p2b: Kommo-o|spd|1\n|-boost|p2b: Kommo-o|spe|1\n|-damage|p2b: Kommo-o|68/100\n|move|p1a: Espathra|Calm Mind|p1a: Espathra\n|-boost|p1a: Espathra|spa|1\n|-boost|p1a: Espathra|spd|1\n|\n|-ability|p1a: Espathra|Speed Boost|boost\n|-boost|p1a: Espathra|spe|1\n|upkeep\n|turn|2\n|\n|t:|1776369939\n|move|p1a: Espathra|Protect|p1a: Espathra\n|-singleturn|p1a: Espathra|Protect\n|move|p2b: Kommo-o|Clanging Scales|p1b: Vivillon|[spread] \n|-activate|p1a: Espathra|move: Protect\n|-miss|p2b: Kommo-o|p1b: Vivillon\n|move|p2a: Gengar|Shadow Ball|p1a: Espathra\n|-activate|p1a: Espathra|move: Protect\n|move|p1b: Vivillon|Sleep Powder|p2b: Kommo-o\n|-status|p2b: Kommo-o|slp|[from] move: Sleep Powder\n|\n|-ability|p1a: Espathra|Speed Boost|boost\n|-boost|p1a: Espathra|spe|1\n|upkeep\n|turn|3\n|\n|t:|1776369963\n|move|p1a: Espathra|Baton Pass|p1a: Espathra\n|\n|t:|1776369965\n|switch|p1a: Floette|Floette-Eternal, L50, F|100/100|[from] Baton Pass\n|cant|p2b: Kommo-o|slp\n|move|p2a: Gengar|Shadow Ball|p1a: Floette\n|-damage|p1a: Floette|76/100\n|move|p1b: Vivillon|Tailwind|p1b: Vivillon\n|-sidestart|p1: hyrosh x|move: Tailwind\n|\n|upkeep\n|turn|4\n|\n|t:|1776369983\n|detailschange|p1a: Floette|Floette-Mega, L50, F\n|-mega|p1a: Floette|Floette|Floettite\n|-ability|p1a: Floette|Fairy Aura\n|cant|p2b: Kommo-o|slp\n|move|p1a: Floette|Dazzling Gleam|p2b: Kommo-o|[spread] p2a,p2b\n|-resisted|p2a: Gengar|1\n|-supereffective|p2b: Kommo-o|2\n|-damage|p2a: Gengar|56/100\n|-damage|p2b: Kommo-o|0 fnt\n|faint|p2b: Kommo-o\n|move|p1b: Vivillon|Sleep Powder|p2a: Gengar\n|-status|p2a: Gengar|slp|[from] move: Sleep Powder\n|cant|p2a: Gengar|slp\n|\n|upkeep\n|\n|t:|1776369999\n|switch|p2b: Incineroar|Incineroar, L50, M|100/100\n|-ability|p2b: Incineroar|Intimidate|boost\n|-unboost|p1a: Floette|atk|1\n|-unboost|p1b: Vivillon|atk|1\n|turn|5\n|\n|t:|1776370010\n|move|p1a: Floette|Protect|p1a: Floette\n|-singleturn|p1a: Floette|Protect\n|move|p2b: Incineroar|Fake Out|p1a: Floette\n|-activate|p1a: Floette|move: Protect\n|move|p1b: Vivillon|Sleep Powder|p2b: Incineroar\n|-status|p2b: Incineroar|slp|[from] move: Sleep Powder\n|cant|p2a: Gengar|slp\n|\n|upkeep\n|turn|6\n|\n|t:|1776370024\n|move|p1a: Floette|Light of Ruin|p2a: Gengar\n|-resisted|p2a: Gengar|1\n|-damage|p2a: Gengar|0 fnt\n|faint|p2a: Gengar\n|-damage|p1a: Floette|52/100|[from] Recoil\n|move|p1b: Vivillon|Pollen Puff|p1a: Floette\n|-heal|p1a: Floette|100/100\n|cant|p2b: Incineroar|slp\n|\n|-sideend|p1: hyrosh x|move: Tailwind\n|upkeep\n|\n|t:|1776370037\n|switch|p2a: Rotom|Rotom-Wash, L50|100/100\n|turn|7\n|\n|t:|1776370049\n|move|p1a: Floette|Light of Ruin|p2b: Incineroar\n|-damage|p2b: Incineroar|0 fnt\n|faint|p2b: Incineroar\n|-damage|p1a: Floette|45/100|[from] Recoil\n|move|p1b: Vivillon|Sleep Powder|p2a: Rotom\n|-status|p2a: Rotom|slp|[from] move: Sleep Powder\n|cant|p2a: Rotom|slp\n|\n|upkeep\n|turn|8\n|-message|IVhead forfeited.\n|\n|win|hyrosh x\n|raw|hyrosh x's rating: 1253 &rarr; <strong>1275</strong><br />(+22 for winning)\n|raw|IVhead's rating: 1214 &rarr; <strong>1192</strong><br />(-22 for losing)\n|l|\u2606IVhead\n|player|p2|\n",
  "uploadtime": 1776370064,
  "views": 30,
  "formatid": "gen9championsvgc2026regma",
  "rating": 1192,
  "private": 0,
  "password": null
}