{
  "id": "gen9championsvgc2026regma-2581785346",
  "format": "[Gen 9 Champions] VGC 2026 Reg M-A",
  "players": [
    "lordofthebagels89",
    "Alvvv"
  ],
  "log": "|j|\u2606lordofthebagels89\n|j|\u2606Alvvv\n|t:|1776028227\n|gametype|doubles\n|player|p1|lordofthebagels89|lucian|1113\n|player|p2|Alvvv|169|1052\n|gen|9\n|tier|[Gen 9 Champions] VGC 2026 Reg M-A\n|rated|\n|rule|Species Clause: Limit one of each Pok\u00e9mon\n|rule|Item Clause: Limit 1 of each item\n|clearpoke\n|poke|p1|Glimmora, L50, F|\n|poke|p1|Sinistcha, L50|\n|poke|p1|Incineroar, L50, F|\n|poke|p1|Ninetales-Alola, L50, F|\n|poke|p1|Garchomp, L50, M|\n|poke|p1|Audino, L50, M|\n|poke|p2|Garchomp, L50, M|\n|poke|p2|Archaludon, L50, M|\n|poke|p2|Pelipper, L50, F|\n|poke|p2|Sneasler, L50, F|\n|poke|p2|Incineroar, L50, M|\n|poke|p2|Sinistcha, L50|\n|teampreview|4\n|\n|t:|1776028258\n|teamsize|p1|4\n|teamsize|p2|4\n|start\n|switch|p1a: Mcstuffins|Audino, L50, M|100/100\n|switch|p1b: Wolfey|Incineroar, L50, F|100/100\n|switch|p2a: Sneasler|Sneasler, L50, F|100/100\n|switch|p2b: Sinistcha|Sinistcha, L50|100/100\n|-ability|p1b: Wolfey|Intimidate|boost\n|-unboost|p2a: Sneasler|atk|1\n|-unboost|p2b: Sinistcha|atk|1\n|-enditem|p2a: Sneasler|White Herb\n|-clearnegativeboost|p2a: Sneasler|[silent]\n|turn|1\n|\n|t:|1776028285\n|detailschange|p1a: Mcstuffins|Audino-Mega, L50, M\n|-mega|p1a: Mcstuffins|Audino|Audinite\n|move|p2a: Sneasler|Fake Out|p1b: Wolfey\n|-damage|p1b: Wolfey|91/100\n|move|p2b: Sinistcha|Matcha Gotcha|p1a: Mcstuffins|[spread] p1a\n|-miss|p2b: Sinistcha|p1b: Wolfey\n|-damage|p1a: Mcstuffins|84/100\n|-status|p1a: Mcstuffins|brn\n|cant|p1b: Wolfey|flinch\n|move|p1a: Mcstuffins|Yawn|p2b: Sinistcha\n|-start|p2b: Sinistcha|move: Yawn|[of] p1a: Mcstuffins\n|\n|-damage|p1a: Mcstuffins|78/100 brn|[from] brn\n|upkeep\n|turn|2\n|\n|t:|1776028307\n|switch|p2b: Pelipper|Pelipper, L50, F|100/100\n|-weather|RainDance|[from] ability: Drizzle|[of] p2b: Pelipper\n|switch|p1b: Temmie|Ninetales-Alola, L50, F|100/100\n|-weather|Snowscape|[from] ability: Snow Warning|[of] p1b: Temmie\n|move|p2a: Sneasler|Close Combat|p1b: Temmie\n|-damage|p1b: Temmie|40/100\n|-unboost|p2a: Sneasler|def|1\n|-unboost|p2a: Sneasler|spd|1\n|move|p1a: Mcstuffins|Dazzling Gleam|p2b: Pelipper|[spread] p2a,p2b\n|-damage|p2a: Sneasler|56/100\n|-damage|p2b: Pelipper|61/100\n|\n|-weather|Snowscape|[upkeep]\n|-damage|p1a: Mcstuffins|72/100 brn|[from] brn\n|upkeep\n|turn|3\n|\n|t:|1776028332\n|switch|p2a: Sinistcha|Sinistcha, L50|100/100\n|-heal|p2b: Pelipper|86/100|[from] ability: Hospitality|[of] p2a: Sinistcha\n|move|p1b: Temmie|Protect|p1b: Temmie\n|-singleturn|p1b: Temmie|Protect\n|move|p2b: Pelipper|Tailwind|p2b: Pelipper\n|-sidestart|p2: Alvvv|move: Tailwind\n|move|p1a: Mcstuffins|Dazzling Gleam|p2a: Sinistcha|[spread] p2a,p2b\n|-damage|p2a: Sinistcha|76/100\n|-damage|p2b: Pelipper|48/100\n|\n|-weather|Snowscape|[upkeep]\n|-damage|p1a: Mcstuffins|66/100 brn|[from] brn\n|upkeep\n|turn|4\n|inactive|Battle timer is ON: inactive players will automatically lose when time's up. (requested by lordofthebagels89)\n|\n|t:|1776028366\n|switch|p2b: Archaludon|Archaludon, L50, M|100/100\n|move|p2a: Sinistcha|Protect|p2a: Sinistcha\n|-singleturn|p2a: Sinistcha|Protect\n|move|p1b: Temmie|Blizzard|p2a: Sinistcha|[spread] p2b\n|-activate|p2a: Sinistcha|move: Protect\n|-damage|p2b: Archaludon|55/100\n|-ability|p2b: Archaludon|Stamina|boost\n|-boost|p2b: Archaludon|def|1\n|move|p1a: Mcstuffins|Dazzling Gleam|p2b: Archaludon|[spread] p2b\n|-activate|p2a: Sinistcha|move: Protect\n|-damage|p2b: Archaludon|21/100\n|-ability|p2b: Archaludon|Stamina|boost\n|-boost|p2b: Archaludon|def|1\n|\n|-weather|Snowscape|[upkeep]\n|-damage|p1a: Mcstuffins|60/100 brn|[from] brn\n|upkeep\n|turn|5\n|inactive|Alvvv has 30 seconds left.\n|inactive|Alvvv has 20 seconds left.\n|inactive|Alvvv has 15 seconds left.\n|\n|t:|1776028406\n|switch|p2a: Pelipper|Pelipper, L50, F|48/100\n|-weather|RainDance|[from] ability: Drizzle|[of] p2a: Pelipper\n|switch|p1b: Wolfey|Incineroar, L50, F|91/100\n|-ability|p1b: Wolfey|Intimidate|boost\n|-unboost|p2a: Pelipper|atk|1\n|-unboost|p2b: Archaludon|atk|1\n|move|p2b: Archaludon|Flash Cannon|p1a: Mcstuffins\n|-supereffective|p1a: Mcstuffins|1\n|-damage|p1a: Mcstuffins|5/100 brn\n|move|p1a: Mcstuffins|Dazzling Gleam|p2b: Archaludon|[spread] p2a,p2b\n|-damage|p2a: Pelipper|13/100\n|-damage|p2b: Archaludon|0 fnt\n|faint|p2b: Archaludon\n|\n|-weather|RainDance|[upkeep]\n|-damage|p1a: Mcstuffins|0 fnt|[from] brn\n|faint|p1a: Mcstuffins\n|upkeep\n|\n|t:|1776028426\n|switch|p2b: Sneasler|Sneasler, L50, F|56/100\n|switch|p1a: Temmie|Ninetales-Alola, L50, F|40/100\n|-weather|Snowscape|[from] ability: Snow Warning|[of] p1a: Temmie\n|turn|6\n|inactive|lordofthebagels89 has 30 seconds left.\n|inactive|lordofthebagels89 has 20 seconds left.\n|inactive|lordofthebagels89 has 15 seconds left.\n|\n|t:|1776028469\n|switch|p2a: Sinistcha|Sinistcha, L50|76/100\n|-heal|p2b: Sneasler|81/100|[from] ability: Hospitality|[of] p2a: Sinistcha\n|move|p1b: Wolfey|Fake Out|p2a: Sinistcha\n|-immune|p2a: Sinistcha\n|move|p2b: Sneasler|Close Combat|p1b: Wolfey\n|-supereffective|p1b: Wolfey|1\n|-damage|p1b: Wolfey|0 fnt\n|-unboost|p2b: Sneasler|def|1\n|-unboost|p2b: Sneasler|spd|1\n|faint|p1b: Wolfey\n|move|p1a: Temmie|Blizzard|p2b: Sneasler|[spread] p2a,p2b\n|-supereffective|p2a: Sinistcha|1\n|-damage|p2a: Sinistcha|9/100\n|-damage|p2b: Sneasler|14/100\n|-enditem|p2a: Sinistcha|Sitrus Berry|[eat]\n|-heal|p2a: Sinistcha|34/100|[from] item: Sitrus Berry\n|\n|-weather|Snowscape|[upkeep]\n|-sideend|p2: Alvvv|move: Tailwind\n|upkeep\n|\n|t:|1776028479\n|switch|p1b: Dino|Garchomp, L50, M|100/100\n|turn|7\n|\n|t:|1776028503\n|move|p1a: Temmie|Protect|p1a: Temmie\n|-singleturn|p1a: Temmie|Protect\n|move|p1b: Dino|Rock Slide|p2a: Sinistcha|[spread] p2a,p2b\n|-resisted|p2b: Sneasler|1\n|-damage|p2a: Sinistcha|17/100\n|-damage|p2b: Sneasler|0 fnt\n|faint|p2b: Sneasler\n|cant|p2a: Sinistcha|flinch\n|\n|-weather|Snowscape|[upkeep]\n|upkeep\n|-message|Alvvv forfeited.\n|\n|win|lordofthebagels89\n|raw|lordofthebagels89's rating: 1113 &rarr; <strong>1134</strong><br />(+21 for winning)\n|raw|Alvvv's rating: 1052 &rarr; <strong>1037</strong><br />(-15 for losing)\n|l|\u2606Alvvv\n|player|p2|\n",
  "uploadtime": 1776028517,
  "views": 27,
  "formatid": "gen9championsvgc2026regma",
  "rating": 1037,
  "private": 0,
  "password": null
}