{
  "id": "gen9championsvgc2026regma-2584911186",
  "format": "[Gen 9 Champions] VGC 2026 Reg M-A",
  "players": [
    "ub student",
    "redx50"
  ],
  "log": "|j|\u2606ub student\n|j|\u2606redx50\n|t:|1776293777\n|gametype|doubles\n|player|p1|ub student|169|1361\n|player|p2|redx50|red|1323\n|gen|9\n|tier|[Gen 9 Champions] VGC 2026 Reg M-A\n|rated|\n|rule|Species Clause: Limit one of each Pok\u00e9mon\n|rule|Item Clause: Limit 1 of each item\n|clearpoke\n|poke|p1|Basculegion, L50, M|\n|poke|p1|Kingambit, L50, F|\n|poke|p1|Gardevoir, L50, F|\n|poke|p1|Talonflame, L50, M|\n|poke|p1|Sneasler, L50, F|\n|poke|p1|Garchomp, L50, M|\n|poke|p2|Tyranitar, L50, F|\n|poke|p2|Tinkaton, L50, F|\n|poke|p2|Excadrill, L50, F|\n|poke|p2|Tsareena, L50, F|\n|poke|p2|Rotom-Heat, L50|\n|poke|p2|Greninja-*, L50, F|\n|teampreview|4\n|inactive|Battle timer is ON: inactive players will automatically lose when time's up. (requested by redx50)\n|inactive|ub student has 60 seconds left.\n|inactive|redx50 has 60 seconds left.\n|\n|t:|1776293815\n|teamsize|p1|4\n|teamsize|p2|4\n|start\n|switch|p1a: Basculegion|Basculegion, L50, M|100/100\n|switch|p1b: Talonflame|Talonflame, L50, M|100/100\n|switch|p2a: Greninja|Greninja, L50, F|100/100\n|switch|p2b: Rotom|Rotom-Heat, L50|100/100\n|turn|1\n|\n|t:|1776293838\n|switch|p2b: Tsareena|Tsareena, L50, F|100/100\n|move|p1b: Talonflame|Feint||[still]\n|cant|p2b: Tsareena|ability: Queenly Majesty|Feint|[of] p1b: Talonflame\n|move|p1a: Basculegion|Flip Turn|p2b: Tsareena\n|-resisted|p2b: Tsareena|1\n|-damage|p2b: Tsareena|83/100\n|\n|t:|1776293850\n|switch|p1a: Sneasler|Sneasler, L50, F|100/100|[from] Flip Turn\n|move|p2a: Greninja|Extrasensory|p1a: Sneasler\n|-start|p2a: Greninja|typechange|Psychic|[from] ability: Protean\n|-supereffective|p1a: Sneasler|2\n|-damage|p1a: Sneasler|0 fnt\n|faint|p1a: Sneasler\n|\n|upkeep\n|\n|t:|1776293860\n|switch|p1a: Garchomp|Garchomp, L50, M|100/100\n|turn|2\n|\n|t:|1776293874\n|switch|p2b: Rotom|Rotom-Heat, L50|100/100\n|detailschange|p2a: Greninja|Greninja-Mega, L50, F\n|-mega|p2a: Greninja|Greninja|Greninjite\n|move|p1b: Talonflame|Tailwind|p1b: Talonflame\n|-sidestart|p1: ub student|move: Tailwind\n|move|p1a: Garchomp|Dragon Claw|p2a: Greninja\n|-damage|p2a: Greninja|39/100\n|move|p2a: Greninja|Ice Beam|p1a: Garchomp\n|-start|p2a: Greninja|typechange|Ice|[from] ability: Protean\n|-supereffective|p1a: Garchomp|2\n|-damage|p1a: Garchomp|0 fnt\n|faint|p1a: Garchomp\n|\n|upkeep\n|\n|t:|1776293885\n|switch|p1a: Basculegion|Basculegion, L50, M|100/100\n|turn|3\n|\n|t:|1776293896\n|switch|p2b: Bacon|Tinkaton, L50, F, shiny|100/100\n|-ability|p2b: Bacon|Mold Breaker\n|move|p2a: Greninja|Protect|p2a: Greninja\n|-singleturn|p2a: Greninja|Protect\n|move|p1b: Talonflame|Feint|p2b: Bacon\n|-resisted|p2b: Bacon|1\n|-damage|p2b: Bacon|97/100\n|move|p1a: Basculegion|Last Respects|p2b: Bacon\n|-damage|p2b: Bacon|0 fnt\n|faint|p2b: Bacon\n|\n|upkeep\n|\n|t:|1776293909\n|switch|p2b: Tsareena|Tsareena, L50, F|83/100\n|turn|4\n|\n|t:|1776293919\n|move|p1b: Talonflame|Protect|p1b: Talonflame\n|-singleturn|p1b: Talonflame|Protect\n|move|p1a: Basculegion|Last Respects|p2b: Tsareena\n|-damage|p2b: Tsareena|8/100\n|-enditem|p2b: Tsareena|Sitrus Berry|[eat]\n|-heal|p2b: Tsareena|33/100|[from] item: Sitrus Berry\n|move|p2a: Greninja|Hydro Pump|p1b: Talonflame\n|-activate|p1b: Talonflame|move: Protect\n|move|p2b: Tsareena|Trop Kick|p1a: Basculegion\n|-supereffective|p1a: Basculegion|1\n|-damage|p1a: Basculegion|0 fnt\n|faint|p1a: Basculegion\n|\n|upkeep\n|turn|5\n|-message|ub student forfeited.\n|\n|win|redx50\n|raw|ub student's rating: 1361 &rarr; <strong>1339</strong><br />(-22 for losing)\n|raw|redx50's rating: 1323 &rarr; <strong>1345</strong><br />(+22 for winning)\n|l|\u2606ub student\n|player|p1|\n",
  "uploadtime": 1776293939,
  "views": 68,
  "formatid": "gen9championsvgc2026regma",
  "rating": 1339,
  "private": 0,
  "password": null
}