{
  "id": "gen9championsvgc2026regma-2580296868",
  "format": "[Gen 9 Champions] VGC 2026 Reg M-A",
  "players": [
    "Pyip",
    "mr bunnelby"
  ],
  "log": "|j|\u2606Pyip\n|j|\u2606mr bunnelby\n|t:|1775877260\n|gametype|doubles\n|player|p1|Pyip|pokekid|\n|player|p2|mr bunnelby|169|\n|gen|9\n|tier|[Gen 9 Champions] VGC 2026 Reg M-A\n|rated|Tournament battle\n|rule|Species Clause: Limit one of each Pok\u00e9mon\n|rule|Item Clause: Limit 1 of each item\n|clearpoke\n|poke|p1|Froslass, L50, F|\n|poke|p1|Palafin, L50, F|\n|poke|p1|Sneasler, L50, F|\n|poke|p1|Arcanine-Hisui, L50, M|\n|poke|p1|Kingambit, L50, M|\n|poke|p1|Clefable, L50, F|\n|poke|p2|Floette-Eternal, L50, F|\n|poke|p2|Kingambit, L50, M|\n|poke|p2|Rotom-Wash, L50|\n|poke|p2|Whimsicott, L50, M|\n|poke|p2|Incineroar, L50, F|\n|poke|p2|Dragapult, L50, F|\n|teampreview|4\n|c|\u2606mr bunnelby|gl hf\n|j|@Bright Size\n|inactive|Battle timer is ON: inactive players will automatically lose when time's up. (requested by Pyip)\n|j| orangejuice111\nPyip rejected open team sheets.\n|j| sroms\n|j|+crystalninetales\n|c|\u2606Pyip|hf\n|j| Gggarbage\n|j| hershynt\n|j|@chuppa\n|j| DratiniKing10\n|j| magicalarcher57\n|inactive|Pyip has 60 seconds left.\n|inactive|mr bunnelby has 60 seconds left.\n|j| Specter Funk\n|j| wowee20\n|l| Specter Funk\n|j|@verbatim\n|j|@Radio Free C-Side\n|l|@Radio Free C-Side\n|\n|t:|1775877324\n|teamsize|p1|4\n|teamsize|p2|4\n|start\n|switch|p1a: Froslass|Froslass, L50, F, shiny|100/100\n|switch|p1b: Sneasler|Sneasler, L50, F|100/100\n|switch|p2a: Kingambit|Kingambit, L50, M|100/100\n|switch|p2b: Rotom|Rotom-Wash, L50|100/100\n|turn|1\n|j| pits fiend\n|j| systemsolo\n|inactive|Pyip has 30 seconds left.\n|inactive|mr bunnelby has 30 seconds left.\n|\n|t:|1775877351\n|detailschange|p1a: Froslass|Froslass-Mega, L50, F, shiny\n|-mega|p1a: Froslass|Froslass|Froslassite\n|-weather|Snowscape|[from] ability: Snow Warning|[of] p1a: Froslass\n|move|p2a: Kingambit|Protect|p2a: Kingambit\n|-singleturn|p2a: Kingambit|Protect\n|move|p1a: Froslass|Aurora Veil|p1a: Froslass\n|-sidestart|p1: Pyip|move: Aurora Veil\n|move|p1b: Sneasler|Dire Claw|p2b: Rotom\n|-damage|p2b: Rotom|64/100\n|move|p2b: Rotom|Volt Switch|p1b: Sneasler\n|-damage|p1b: Sneasler|76/100\n|j|@Radio Free C-Side\n|l|@Radio Free C-Side\n|\n|t:|1775877362\n|switch|p2b: Whimsicott|Whimsicott, L50, M|100/100|[from] Volt Switch\n|\n|-weather|Snowscape|[upkeep]\n|upkeep\n|turn|2\n|inactive|mr bunnelby has 30 seconds left.\n|inactive|mr bunnelby has 20 seconds left.\n|j|#DaWoblefet\n|inactive|mr bunnelby has 15 seconds left.\n|inactive|mr bunnelby has 10 seconds left.\n|inactive|mr bunnelby has 5 seconds left.\n|j| lockjawjones\n|\n|t:|1775877415\n|switch|p1a: Clefable|Clefable, L50, F, shiny|100/100\n|move|p2b: Whimsicott|Tailwind|p2b: Whimsicott\n|-sidestart|p2: mr bunnelby|move: Tailwind\n|move|p1b: Sneasler|Dire Claw|p2b: Whimsicott\n|-supereffective|p2b: Whimsicott|2\n|-enditem|p2b: Whimsicott|Focus Sash\n|-damage|p2b: Whimsicott|1/100\n|move|p2a: Kingambit|Iron Head|p1b: Sneasler\n|-damage|p1b: Sneasler|24/100\n|\n|-weather|Snowscape|[upkeep]\n|upkeep\n|turn|3\n|j|@Radio Free C-Side\n|inactive|Pyip has 30 seconds left.\n|inactive|mr bunnelby has 30 seconds left.\n|\n|t:|1775877443\n|move|p1b: Sneasler|Protect|p1b: Sneasler\n|-singleturn|p1b: Sneasler|Protect\n|move|p2a: Kingambit|Protect|p2a: Kingambit\n|-singleturn|p2a: Kingambit|Protect\n|move|p2b: Whimsicott|Moonblast|p1b: Sneasler\n|-activate|p1b: Sneasler|move: Protect\n|move|p1a: Clefable|Moonblast|p2b: Whimsicott\n|-damage|p2b: Whimsicott|0 fnt\n|faint|p2b: Whimsicott\n|\n|-weather|Snowscape|[upkeep]\n|upkeep\n|j| H4irashi\n|\n|t:|1775877459\n|switch|p2b: Floette|Floette-Eternal, L50, F|100/100\n|turn|4\n|j| VaatiMan92\n|l| VaatiMan92\n|j| Ducktile\n|inactive|mr bunnelby has 30 seconds left.\n|inactive|mr bunnelby has 20 seconds left.\n|inactive|mr bunnelby has 15 seconds left.\n|\n|t:|1775877503\n|switch|p1b: Froslass|Froslass-Mega, L50, F, shiny|100/100\n|detailschange|p2b: Floette|Floette-Mega, L50, F\n|-mega|p2b: Floette|Floette|Floettite\n|-ability|p2b: Floette|Fairy Aura\n|move|p1a: Clefable|Protect|p1a: Clefable\n|-singleturn|p1a: Clefable|Protect\n|move|p2b: Floette|Moonblast|p1b: Froslass\n|-damage|p1b: Froslass|41/100\n|move|p2a: Kingambit|Iron Head|p1a: Clefable\n|-activate|p1a: Clefable|move: Protect\n|\n|-weather|Snowscape|[upkeep]\n|upkeep\n|turn|5\n|j| ultima127\n|inactive|Pyip has 30 seconds left.\n|\n|t:|1775877530\n|move|p1a: Clefable|Follow Me|p1a: Clefable\n|-singleturn|p1a: Clefable|move: Follow Me\n|move|p2b: Floette|Moonblast|p1a: Clefable\n|-damage|p1a: Clefable|49/100\n|-enditem|p1a: Clefable|Sitrus Berry|[eat]\n|-heal|p1a: Clefable|73/100|[from] item: Sitrus Berry\n|move|p1b: Froslass|Blizzard|p2b: Floette|[spread] p2a,p2b\n|-resisted|p2a: Kingambit|1\n|-damage|p2a: Kingambit|83/100\n|-damage|p2b: Floette|66/100\n|-status|p2a: Kingambit|frz\n|cant|p2a: Kingambit|frz\n|\n|-weather|none\n|-sideend|p2: mr bunnelby|move: Tailwind\n|-sideend|p1: Pyip|move: Aurora Veil\n|upkeep\n|turn|6\n|c|\u2606Pyip|mb\n|l| Ducktile\n|inactive|Pyip has 30 seconds left.\n|inactive|mr bunnelby has 30 seconds left.\n|inactive|mr bunnelby has 20 seconds left.\n|inactive|mr bunnelby has 15 seconds left.\n|\n|t:|1775877574\n|move|p2b: Floette|Protect|p2b: Floette\n|-singleturn|p2b: Floette|Protect\n|move|p1a: Clefable|Follow Me|p1a: Clefable\n|-singleturn|p1a: Clefable|move: Follow Me\n|move|p1b: Froslass|Shadow Ball|p2b: Floette\n|-activate|p2b: Floette|move: Protect\n|cant|p2a: Kingambit|frz\n|\n|upkeep\n|turn|7\n|l|+crystalninetales\n|inactive|mr bunnelby has 30 seconds left.\n|j| masterstef\n|j| TheGuyWithACloak\n|inactive|mr bunnelby has 20 seconds left.\n|\n|t:|1775877611\n|switch|p2b: Rotom|Rotom-Wash, L50|64/100\n|move|p1b: Froslass|Shadow Ball|p2b: Rotom\n|-damage|p2b: Rotom|25/100\n|-enditem|p2b: Rotom|Sitrus Berry|[eat]\n|-heal|p2b: Rotom|50/100|[from] item: Sitrus Berry\n|move|p1a: Clefable|Moonblast|p2b: Rotom\n|-damage|p2b: Rotom|15/100\n|-curestatus|p2a: Kingambit|frz|[msg]\n|move|p2a: Kingambit|Iron Head|p1a: Clefable\n|-supereffective|p1a: Clefable|1\n|-damage|p1a: Clefable|0 fnt\n|faint|p1a: Clefable\n|\n|upkeep\n|\n|t:|1775877627\n|switch|p1a: Sneasler|Sneasler, L50, F|24/100\n|turn|8\n|j| fancy cucudrula\n|\n|t:|1775877642\n|move|p2a: Kingambit|Protect|p2a: Kingambit\n|-singleturn|p2a: Kingambit|Protect\n|move|p1a: Sneasler|Fake Out|p2a: Kingambit\n|-activate|p2a: Kingambit|move: Protect\n|move|p1b: Froslass|Shadow Ball|p2b: Rotom\n|-damage|p2b: Rotom|0 fnt\n|faint|p2b: Rotom\n|\n|upkeep\n|\n|t:|1775877648\n|switch|p2b: Floette|Floette-Mega, L50, F|66/100\n|-ability|p2b: Floette|Fairy Aura\n|turn|9\n|\n|t:|1775877670\n|move|p1a: Sneasler|Protect|p1a: Sneasler\n|-singleturn|p1a: Sneasler|Protect\n|move|p2a: Kingambit|Sucker Punch||[still]\n|-fail|p2a: Kingambit\n|move|p1b: Froslass|Shadow Ball|p2b: Floette\n|-damage|p2b: Floette|34/100\n|move|p2b: Floette|Moonblast|p1b: Froslass\n|-damage|p1b: Froslass|0 fnt\n|faint|p1b: Froslass\n|\n|upkeep\n|\n|t:|1775877680\n|switch|p1b: Arcanine|Arcanine-Hisui, L50, M|100/100\n|-ability|p1b: Arcanine|Intimidate|boost\n|-unboost|p2a: Kingambit|atk|1\n|-ability|p2a: Kingambit|Defiant|boost\n|-boost|p2a: Kingambit|atk|2\n|-unboost|p2b: Floette|atk|1\n|turn|10\n|inactive|Pyip has 30 seconds left.\n|inactive|mr bunnelby has 30 seconds left.\n|inactive|Pyip has 20 seconds left.\n|inactive|mr bunnelby has 20 seconds left.\n|inactive|Pyip has 15 seconds left.\n|inactive|mr bunnelby has 15 seconds left.\n|inactive|mr bunnelby has 10 seconds left.\n|\n|t:|1775877729\n|move|p2b: Floette|Protect|p2b: Floette\n|-singleturn|p2b: Floette|Protect\n|move|p2a: Kingambit|Sucker Punch|p1a: Sneasler\n|-resisted|p1a: Sneasler|1\n|-damage|p1a: Sneasler|0 fnt\n|faint|p1a: Sneasler\n|move|p1b: Arcanine|Flare Blitz|p2a: Kingambit\n|-supereffective|p2a: Kingambit|1\n|-damage|p2a: Kingambit|0 fnt\n|faint|p2a: Kingambit\n|-damage|p1b: Arcanine|68/100|[from] Recoil\n|\n|upkeep\n|turn|11\n|\n|t:|1775877740\n|move|p1b: Arcanine|Extreme Speed|p2b: Floette\n|-damage|p2b: Floette|0 fnt\n|faint|p2b: Floette\n|\n|win|Pyip\n|n|\u2606Pyip|pyip\n|n|\u2606mr bunnelby|mrbunnelby\n|n| Bright Size|brightsize\n|n| orangejuice111|orangejuice111\n|n| sroms|sroms\n|n| Gggarbage|gggarbage\n|n| hershynt|hershynt\n|n| chuppa|chuppa\n|n| DratiniKing10|dratiniking10\n|n| magicalarcher57|magicalarcher57\n|n| wowee20|wowee20\n|n|@verbatim|verbatim\n|n| pits fiend|pitsfiend\n|n| systemsolo|systemsolo\n|n|~DaWoblefet|dawoblefet\n|n| lockjawjones|lockjawjones\n|n|+Radio Free C-Side|radiofreecside\n|n| H4irashi|h4irashi\n|n| ultima127|ultima127\n|n| masterstef|masterstef\n|n| TheGuyWithACloak|theguywithacloak\n|n| fancy cucudrula|fancycucudrula\n|l| magicalarcher57\n|c|\u2606mr bunnelby|gg\n|c|\u2606Pyip|gg\n|l| masterstef\n|l|~DaWoblefet\n|l| systemsolo\n|l|@verbatim\n|l|\u2606Pyip\n|player|p1|\n|l| pits fiend\n|l| Gggarbage\n|l| DratiniKing10\n|l| ultima127\n|l|+Radio Free C-Side\n|l| hershynt\n|l| lockjawjones\n|l| orangejuice111\n|j| Tealnotsu\n|l| Tealnotsu\n|l| TheGuyWithACloak\n|l| Bright Size\n|l| sroms\n|l| H4irashi\n",
  "uploadtime": 1775877746,
  "views": 25,
  "formatid": "gen9championsvgc2026regma",
  "rating": null,
  "private": 0,
  "password": null
}