{
  "id": "gen9championsvgc2026regma-2581206834",
  "format": "[Gen 9 Champions] VGC 2026 Reg M-A",
  "players": [
    "Hipphoppotas",
    "escurli"
  ],
  "log": "|j|\u2606Hipphoppotas\n|j|\u2606escurli\n|t:|1775970773\n|gametype|doubles\n|player|p1|Hipphoppotas|flannery|1185\n|player|p2|escurli|101|1257\n|gen|9\n|tier|[Gen 9 Champions] VGC 2026 Reg M-A\n|rated|\n|rule|Species Clause: Limit one of each Pok\u00e9mon\n|rule|Item Clause: Limit 1 of each item\n|clearpoke\n|poke|p1|Primarina, L50, F|\n|poke|p1|Talonflame, L50, M|\n|poke|p1|Archaludon, L50, M|\n|poke|p1|Basculegion, L50, M|\n|poke|p1|Pelipper, L50, M|\n|poke|p1|Lopunny, L50, M|\n|poke|p2|Charizard, L50, M|\n|poke|p2|Venusaur, L50, F|\n|poke|p2|Garchomp, L50, F|\n|poke|p2|Rotom-Wash, L50|\n|poke|p2|Sneasler, L50, F|\n|poke|p2|Incineroar, L50, M|\n|teampreview|4\n|\n|t:|1775970808\n|teamsize|p1|4\n|teamsize|p2|4\n|start\n|switch|p1a: Lopunny|Lopunny, L50, M|100/100\n|switch|p1b: Talonflame|Talonflame, L50, M|100/100\n|switch|p2a: Rotom|Rotom-Wash, L50|100/100\n|switch|p2b: Sneasler|Sneasler, L50, F|100/100\n|turn|1\n|\n|t:|1775970826\n|detailschange|p1a: Lopunny|Lopunny-Mega, L50, M\n|-mega|p1a: Lopunny|Lopunny|Lopunnite\n|move|p1a: Lopunny|Fake Out|p2b: Sneasler\n|-damage|p2b: Sneasler|63/100\n|move|p1b: Talonflame|Tailwind|p1b: Talonflame\n|-sidestart|p1: Hipphoppotas|move: Tailwind\n|cant|p2b: Sneasler|flinch\n|move|p2a: Rotom|Thunderbolt|p1b: Talonflame\n|-supereffective|p1b: Talonflame|1\n|-enditem|p1b: Talonflame|Focus Sash\n|-damage|p1b: Talonflame|1/100\n|\n|upkeep\n|turn|2\n|\n|t:|1775970854\n|switch|p2b: Charizard|Charizard, L50, M|100/100\n|move|p1b: Talonflame|Hurricane|p2a: Rotom|[miss]\n|-miss|p1b: Talonflame|p2a: Rotom\n|move|p1a: Lopunny|Ice Punch|p2b: Charizard\n|-damage|p2b: Charizard|59/100\n|move|p2a: Rotom|Will-O-Wisp|p1a: Lopunny|[miss]\n|-miss|p2a: Rotom|p1a: Lopunny\n|\n|upkeep\n|turn|3\n|\n|t:|1775970875\n|switch|p1a: Primarina|Primarina, L50, F|100/100\n|detailschange|p2b: Charizard|Charizard-Mega-Y, L50, M\n|-mega|p2b: Charizard|Charizard|Charizardite Y\n|-weather|SunnyDay|[from] ability: Drought|[of] p2b: Charizard\n|move|p2b: Charizard|Protect|p2b: Charizard\n|-singleturn|p2b: Charizard|Protect\n|move|p1b: Talonflame|Rain Dance|p1b: Talonflame\n|-weather|RainDance\n|move|p2a: Rotom|Will-O-Wisp|p1a: Primarina|[miss]\n|-miss|p2a: Rotom|p1a: Primarina\n|\n|-weather|RainDance|[upkeep]\n|upkeep\n|turn|4\n|\n|t:|1775970893\n|switch|p2b: Venusaur|Venusaur, L50, F|100/100\n|move|p2a: Rotom|Protect|p2a: Rotom\n|-singleturn|p2a: Rotom|Protect\n|move|p1b: Talonflame|Hurricane|p2a: Rotom\n|-activate|p2a: Rotom|move: Protect\n|move|p1a: Primarina|Hyper Voice|p2b: Venusaur|[spread] p2b\n|-activate|p2a: Rotom|move: Protect\n|-resisted|p2b: Venusaur|1\n|-damage|p2b: Venusaur|65/100\n|\n|-weather|RainDance|[upkeep]\n|-sideend|p1: Hipphoppotas|move: Tailwind\n|upkeep\n|turn|5\n|\n|t:|1775970924\n|switch|p2a: Charizard|Charizard-Mega-Y, L50, M|59/100\n|-weather|SunnyDay|[from] ability: Drought|[of] p2a: Charizard\n|move|p2b: Venusaur|Sludge Bomb|p1a: Primarina\n|-supereffective|p1a: Primarina|1\n|-damage|p1a: Primarina|13/100\n|move|p1b: Talonflame|Rain Dance|p1b: Talonflame\n|-weather|RainDance\n|move|p1a: Primarina|Hyper Voice|p2b: Venusaur|[spread] p2a,p2b\n|-supereffective|p2a: Charizard|1\n|-resisted|p2b: Venusaur|1\n|-damage|p2a: Charizard|0 fnt\n|-damage|p2b: Venusaur|25/100\n|faint|p2a: Charizard\n|\n|-weather|RainDance|[upkeep]\n|upkeep\n|\n|t:|1775970937\n|switch|p2a: Rotom|Rotom-Wash, L50|100/100\n|turn|6\n|\n|t:|1775970950\n|move|p2b: Venusaur|Protect|p2b: Venusaur\n|-singleturn|p2b: Venusaur|Protect\n|move|p1b: Talonflame|Tailwind|p1b: Talonflame\n|-sidestart|p1: Hipphoppotas|move: Tailwind\n|move|p1a: Primarina|Dazzling Gleam|p2a: Rotom|[spread] p2a\n|-activate|p2b: Venusaur|move: Protect\n|-damage|p2a: Rotom|66/100\n|move|p2a: Rotom|Thunderbolt|p1b: Talonflame\n|-supereffective|p1b: Talonflame|1\n|-damage|p1b: Talonflame|0 fnt\n|faint|p1b: Talonflame\n|\n|-weather|RainDance|[upkeep]\n|-heal|p2a: Rotom|72/100|[from] item: Leftovers\n|upkeep\n|\n|t:|1775970962\n|switch|p1b: Lopunny|Lopunny-Mega, L50, M|100/100\n|turn|7\n|\n|t:|1775970969\n|move|p2a: Rotom|Protect|p2a: Rotom\n|-singleturn|p2a: Rotom|Protect\n|move|p1b: Lopunny|Fake Out|p2a: Rotom\n|-activate|p2a: Rotom|move: Protect\n|move|p1a: Primarina|Ice Beam|p2b: Venusaur\n|-supereffective|p2b: Venusaur|1\n|-damage|p2b: Venusaur|0 fnt\n|faint|p2b: Venusaur\n|\n|-weather|RainDance|[upkeep]\n|-heal|p2a: Rotom|78/100|[from] item: Leftovers\n|upkeep\n|\n|t:|1775970980\n|switch|p2b: Sneasler|Sneasler, L50, F|63/100\n|turn|8\n|\n|t:|1775970999\n|move|p1a: Primarina|Protect|p1a: Primarina\n|-singleturn|p1a: Primarina|Protect\n|move|p2b: Sneasler|Fake Out|p1b: Lopunny\n|-crit|p1b: Lopunny\n|-damage|p1b: Lopunny|73/100\n|cant|p1b: Lopunny|flinch\n|move|p2a: Rotom|Will-O-Wisp|p1b: Lopunny\n|-status|p1b: Lopunny|brn\n|\n|-weather|RainDance|[upkeep]\n|-heal|p2a: Rotom|83/100|[from] item: Leftovers\n|-damage|p1b: Lopunny|67/100 brn|[from] brn\n|upkeep\n|turn|9\n|\n|t:|1775971015\n|move|p1b: Lopunny|Close Combat|p2a: Rotom\n|-damage|p2a: Rotom|52/100\n|-unboost|p1b: Lopunny|def|1\n|-unboost|p1b: Lopunny|spd|1\n|move|p1a: Primarina|Hyper Voice|p2a: Rotom|[spread] p2a,p2b\n|-resisted|p2a: Rotom|1\n|-damage|p2a: Rotom|19/100\n|-damage|p2b: Sneasler|0 fnt\n|faint|p2b: Sneasler\n|move|p2a: Rotom|Thunderbolt|p1a: Primarina\n|-supereffective|p1a: Primarina|1\n|-damage|p1a: Primarina|0 fnt\n|faint|p1a: Primarina\n|\n|-weather|none\n|-heal|p2a: Rotom|25/100|[from] item: Leftovers\n|-damage|p1b: Lopunny|61/100 brn|[from] brn\n|-sideend|p1: Hipphoppotas|move: Tailwind\n|upkeep\n|\n|t:|1775971029\n|switch|p1a: Basculegion|Basculegion, L50, M|100/100\n|turn|10\n|\n|t:|1775971036\n|move|p1b: Lopunny|Protect|p1b: Lopunny\n|-singleturn|p1b: Lopunny|Protect\n|move|p2a: Rotom|Protect|p2a: Rotom\n|-singleturn|p2a: Rotom|Protect\n|move|p1a: Basculegion|Last Respects|p2a: Rotom\n|-activate|p2a: Rotom|move: Protect\n|\n|-heal|p2a: Rotom|30/100|[from] item: Leftovers\n|-damage|p1b: Lopunny|56/100 brn|[from] brn\n|upkeep\n|turn|11\n|\n|t:|1775971049\n|move|p1a: Basculegion|Last Respects|p2a: Rotom\n|-damage|p2a: Rotom|0 fnt\n|faint|p2a: Rotom\n|\n|win|Hipphoppotas\n|raw|Hipphoppotas's rating: 1185 &rarr; <strong>1215</strong><br />(+30 for winning)\n|raw|escurli's rating: 1257 &rarr; <strong>1227</strong><br />(-30 for losing)\n|l|\u2606escurli\n|player|p2|\n",
  "uploadtime": 1775971054,
  "views": 27,
  "formatid": "gen9championsvgc2026regma",
  "rating": 1215,
  "private": 0,
  "password": null
}