{
  "id": "gen9championsvgc2026regma-2584022716",
  "format": "[Gen 9 Champions] VGC 2026 Reg M-A",
  "players": [
    "Zardx42",
    "Teik"
  ],
  "log": "|j|\u2606Zardx42\n|j|\u2606Teik\n|t:|1776217628\n|gametype|doubles\n|player|p1|Zardx42|266|1413\n|player|p2|Teik|169|1379\n|gen|9\n|tier|[Gen 9 Champions] VGC 2026 Reg M-A\n|rated|\n|rule|Species Clause: Limit one of each Pok\u00e9mon\n|rule|Item Clause: Limit 1 of each item\n|clearpoke\n|poke|p1|Aggron, L50, F|\n|poke|p1|Sneasler, L50, M|\n|poke|p1|Tyranitar, L50, F|\n|poke|p1|Sinistcha, L50|\n|poke|p1|Aerodactyl, L50, F|\n|poke|p1|Hydreigon, L50, F|\n|poke|p2|Aggron, L50, M|\n|poke|p2|Pelipper, L50, F|\n|poke|p2|Decidueye-Hisui, L50, M|\n|poke|p2|Farigiraf, L50, F|\n|poke|p2|Lycanroc-Dusk, L50, M|\n|poke|p2|Bellibolt, L50, M|\n|teampreview|4\n|\n|t:|1776217689\n|teamsize|p1|4\n|teamsize|p2|4\n|start\n|switch|p1a: Aggron|Aggron, L50, F|100/100\n|switch|p1b: Sneasler|Sneasler, L50, M|100/100\n|switch|p2a: Decidueye|Decidueye-Hisui, L50, M|100/100\n|switch|p2b: Farigiraf|Farigiraf, L50, F|100/100\n|turn|1\n|\n|t:|1776217709\n|detailschange|p1a: Aggron|Aggron-Mega, L50, F\n|-mega|p1a: Aggron|Aggron|Aggronite\n|move|p1a: Aggron|Protect|p1a: Aggron\n|-singleturn|p1a: Aggron|Protect\n|move|p1b: Sneasler|Coaching|p1a: Aggron\n|-boost|p1a: Aggron|atk|1\n|-boost|p1a: Aggron|def|1\n|move|p2a: Decidueye|Triple Arrows|p1a: Aggron\n|-activate|p1a: Aggron|move: Protect\n|move|p2b: Farigiraf|Trick Room|p2b: Farigiraf\n|-fieldstart|move: Trick Room|[of] p2b: Farigiraf\n|\n|upkeep\n|turn|2\n|\n|t:|1776217740\n|switch|p1b: Sinistcha|Sinistcha, L50|100/100\n|move|p1a: Aggron|Iron Defense|p1a: Aggron\n|-boost|p1a: Aggron|def|2\n|move|p2b: Farigiraf|Psychic Noise|p1b: Sinistcha\n|-damage|p1b: Sinistcha|73/100\n|-start|p1b: Sinistcha|move: Heal Block\n|-enditem|p1b: Sinistcha|Mental Herb\n|-end|p1b: Sinistcha|move: Heal Block\n|move|p2a: Decidueye|Triple Arrows|p1a: Aggron\n|-supereffective|p1a: Aggron|1\n|-damage|p1a: Aggron|85/100\n|-unboost|p1a: Aggron|def|1\n|\n|upkeep\n|turn|3\n|\n|t:|1776217766\n|move|p1a: Aggron|Body Press|p2a: Decidueye\n|-damage|p2a: Decidueye|7/100\n|move|p2b: Farigiraf|Psychic Noise|p1a: Aggron\n|-resisted|p1a: Aggron|1\n|-damage|p1a: Aggron|72/100\n|-start|p1a: Aggron|move: Heal Block\n|move|p2a: Decidueye|Triple Arrows|p1a: Aggron\n|-supereffective|p1a: Aggron|1\n|-damage|p1a: Aggron|54/100\n|move|p1b: Sinistcha|Life Dew||[still]|[spread] p1a,p1b\n|-fail|p1b: Sinistcha\n|-heal|p1b: Sinistcha|99/100\n|\n|upkeep\n|turn|4\n|inactive|Battle timer is ON: inactive players will automatically lose when time's up. (requested by Zardx42)\n|\n|t:|1776217794\n|move|p1a: Aggron|Protect|p1a: Aggron\n|-singleturn|p1a: Aggron|Protect\n|move|p2a: Decidueye|Protect|p2a: Decidueye\n|-singleturn|p2a: Decidueye|Protect\n|move|p2b: Farigiraf|Psychic Noise|p1b: Sinistcha\n|-damage|p1b: Sinistcha|70/100\n|-start|p1b: Sinistcha|move: Heal Block\n|cant|p1b: Sinistcha|move: Heal Block|Matcha Gotcha\n|\n|-end|p1a: Aggron|move: Heal Block\n|upkeep\n|turn|5\n|inactive|Zardx42 has 30 seconds left.\n|\n|t:|1776217824\n|switch|p1b: Tyranitar|Tyranitar, L50, F|100/100\n|-weather|Sandstorm|[from] ability: Sand Stream|[of] p1b: Tyranitar\n|move|p1a: Aggron|Body Press|p2a: Decidueye\n|-damage|p2a: Decidueye|0 fnt\n|faint|p2a: Decidueye\n|move|p2b: Farigiraf|Psychic Noise|p1a: Aggron\n|-resisted|p1a: Aggron|1\n|-damage|p1a: Aggron|42/100\n|-start|p1a: Aggron|move: Heal Block\n|\n|-weather|Sandstorm|[upkeep]\n|-damage|p2b: Farigiraf|94/100|[from] Sandstorm\n|-heal|p2b: Farigiraf|100/100|[from] item: Leftovers\n|-fieldend|move: Trick Room\n|upkeep\n|\n|t:|1776217836\n|switch|p2a: Pelipper|Pelipper, L50, F|100/100\n|-weather|RainDance|[from] ability: Drizzle|[of] p2a: Pelipper\n|turn|6\n|inactive|Zardx42 has 30 seconds left.\n|\n|t:|1776217866\n|switch|p1b: Sinistcha|Sinistcha, L50|70/100\n|move|p2b: Farigiraf|Protect|p2b: Farigiraf\n|-singleturn|p2b: Farigiraf|Protect\n|move|p1a: Aggron|Protect|p1a: Aggron\n|-singleturn|p1a: Aggron|Protect\n|move|p2a: Pelipper|Surf|p1b: Sinistcha|[spread] p1b\n|-activate|p2b: Farigiraf|move: Protect\n|-activate|p1a: Aggron|move: Protect\n|-resisted|p1b: Sinistcha|1\n|-crit|p1b: Sinistcha\n|-damage|p1b: Sinistcha|42/100\n|\n|-weather|RainDance|[upkeep]\n|-end|p1a: Aggron|move: Heal Block\n|upkeep\n|turn|7\n|\n|t:|1776217889\n|switch|p1b: Tyranitar|Tyranitar, L50, F|100/100\n|-weather|Sandstorm|[from] ability: Sand Stream|[of] p1b: Tyranitar\n|move|p2a: Pelipper|Hurricane|p1b: Tyranitar\n|-resisted|p1b: Tyranitar|1\n|-damage|p1b: Tyranitar|89/100\n|-start|p1b: Tyranitar|confusion\n|move|p2b: Farigiraf|Psychic Noise|p1b: Tyranitar\n|-immune|p1b: Tyranitar\n|move|p1a: Aggron|Body Press|p2b: Farigiraf\n|-damage|p2b: Farigiraf|37/100\n|\n|-weather|Sandstorm|[upkeep]\n|-damage|p2a: Pelipper|95/100|[from] Sandstorm\n|-damage|p2b: Farigiraf|30/100|[from] Sandstorm\n|-heal|p2b: Farigiraf|37/100|[from] item: Leftovers\n|upkeep\n|turn|8\n|inactive|Zardx42 has 30 seconds left.\n|inactive|Teik has 30 seconds left.\n|inactive|Teik has 20 seconds left.\n|\n|t:|1776217926\n|switch|p1b: Sinistcha|Sinistcha, L50|42/100\n|-heal|p1a: Aggron|67/100|[from] ability: Hospitality|[of] p1b: Sinistcha\n|move|p2b: Farigiraf|Protect|p2b: Farigiraf\n|-singleturn|p2b: Farigiraf|Protect\n|move|p2a: Pelipper|Surf|p1a: Aggron|[spread] p1a,p1b\n|-activate|p2b: Farigiraf|move: Protect\n|-resisted|p1b: Sinistcha|1\n|-damage|p1a: Aggron|44/100\n|-damage|p1b: Sinistcha|28/100\n|move|p1a: Aggron|Body Press|p2b: Farigiraf\n|-activate|p2b: Farigiraf|move: Protect\n|\n|-weather|Sandstorm|[upkeep]\n|-damage|p1b: Sinistcha|22/100|[from] Sandstorm\n|-damage|p2a: Pelipper|89/100|[from] Sandstorm\n|-damage|p2b: Farigiraf|30/100|[from] Sandstorm\n|-heal|p2b: Farigiraf|37/100|[from] item: Leftovers\n|upkeep\n|turn|9\n|inactive|Zardx42 has 30 seconds left.\n|inactive|Zardx42 has 20 seconds left.\n|\n|t:|1776217962\n|move|p1b: Sinistcha|Life Dew|p1b: Sinistcha|[spread] p1a,p1b\n|-heal|p1a: Aggron|69/100\n|-heal|p1b: Sinistcha|48/100\n|move|p2a: Pelipper|Hurricane|p1b: Sinistcha\n|-supereffective|p1b: Sinistcha|1\n|-damage|p1b: Sinistcha|0 fnt\n|faint|p1b: Sinistcha\n|move|p2b: Farigiraf|Psychic Noise|p1a: Aggron\n|-resisted|p1a: Aggron|1\n|-damage|p1a: Aggron|57/100\n|-start|p1a: Aggron|move: Heal Block\n|move|p1a: Aggron|Body Press|p2b: Farigiraf\n|-damage|p2b: Farigiraf|0 fnt\n|faint|p2b: Farigiraf\n|\n|-weather|Sandstorm|[upkeep]\n|-damage|p2a: Pelipper|83/100|[from] Sandstorm\n|upkeep\n|\n|t:|1776217971\n|switch|p1b: Sneasler|Sneasler, L50, M|100/100\n|switch|p2b: Aggron|Aggron, L50, M|100/100\n|turn|10\n|\n|t:|1776217993\n|detailschange|p2b: Aggron|Aggron-Mega, L50, M\n|-mega|p2b: Aggron|Aggron|Aggronite\n|move|p1b: Sneasler|Dire Claw|p2a: Pelipper\n|-damage|p2a: Pelipper|39/100\n|-enditem|p2a: Pelipper|Sitrus Berry|[eat]\n|-heal|p2a: Pelipper|63/100|[from] item: Sitrus Berry\n|move|p2a: Pelipper|Hurricane|p1b: Sneasler|[miss]\n|-miss|p2a: Pelipper|p1b: Sneasler\n|move|p1a: Aggron|Body Press|p2b: Aggron\n|-supereffective|p2b: Aggron|1\n|-damage|p2b: Aggron|44/100\n|move|p2b: Aggron|Iron Defense|p2b: Aggron\n|-boost|p2b: Aggron|def|2\n|\n|-weather|Sandstorm|[upkeep]\n|-damage|p1b: Sneasler|95/100|[from] Sandstorm\n|-damage|p2a: Pelipper|57/100|[from] Sandstorm\n|-end|p1a: Aggron|move: Heal Block\n|upkeep\n|turn|11\n|inactive|Zardx42 has 30 seconds left.\n|\n|t:|1776218024\n|move|p1b: Sneasler|Coaching|p1a: Aggron\n|-boost|p1a: Aggron|atk|1\n|-boost|p1a: Aggron|def|1\n|move|p2a: Pelipper|Hurricane|p1b: Sneasler|[miss]\n|-miss|p2a: Pelipper|p1b: Sneasler\n|move|p1a: Aggron|Body Press|p2b: Aggron\n|-supereffective|p2b: Aggron|1\n|-damage|p2b: Aggron|8/100\n|move|p2b: Aggron|Body Press|p1a: Aggron\n|-supereffective|p1a: Aggron|1\n|-damage|p1a: Aggron|36/100\n|\n|-weather|none\n|upkeep\n|turn|12\n|\n|t:|1776218037\n|move|p2b: Aggron|Protect|p2b: Aggron\n|-singleturn|p2b: Aggron|Protect\n|move|p1b: Sneasler|Dire Claw|p2a: Pelipper\n|-damage|p2a: Pelipper|12/100\n|-status|p2a: Pelipper|psn\n|move|p2a: Pelipper|Hurricane|p1b: Sneasler\n|-supereffective|p1b: Sneasler|1\n|-damage|p1b: Sneasler|0 fnt\n|faint|p1b: Sneasler\n|move|p1a: Aggron|Body Press|p2b: Aggron\n|-activate|p2b: Aggron|move: Protect\n|\n|-damage|p2a: Pelipper|0 fnt|[from] psn\n|faint|p2a: Pelipper\n|upkeep\n|\n|t:|1776218039\n|switch|p1b: Tyranitar|Tyranitar, L50, F|89/100\n|-weather|Sandstorm|[from] ability: Sand Stream|[of] p1b: Tyranitar\n|turn|13\n|\n|t:|1776218045\n|move|p1b: Tyranitar|Low Kick|p2b: Aggron\n|-supereffective|p2b: Aggron|1\n|-damage|p2b: Aggron|0 fnt\n|faint|p2b: Aggron\n|\n|win|Zardx42\n|raw|Zardx42's rating: 1413 &rarr; <strong>1431</strong><br />(+18 for winning)\n|raw|Teik's rating: 1379 &rarr; <strong>1361</strong><br />(-18 for losing)\n|c|\u2606Zardx42|gg\n|l|\u2606Teik\n|player|p2|\n",
  "uploadtime": 1776218047,
  "views": 39,
  "formatid": "gen9championsvgc2026regma",
  "rating": 1361,
  "private": 0,
  "password": null
}