{
  "id": "gen9championsvgc2026regma-2587015282",
  "format": "[Gen 9 Champions] VGC 2026 Reg M-A",
  "players": [
    "hoy tu f gg",
    "HornetXxPvP"
  ],
  "log": "|j|\u2606hoy tu f gg\n|j|\u2606HornetXxPvP\n|t:|1776481437\n|gametype|doubles\n|player|p1|hoy tu f gg|ninjaboy|1090\n|player|p2|HornetXxPvP|bellelba|1057\n|gen|9\n|tier|[Gen 9 Champions] VGC 2026 Reg M-A\n|rated|\n|rule|Species Clause: Limit one of each Pok\u00e9mon\n|rule|Item Clause: Limit 1 of each item\n|clearpoke\n|poke|p1|Sneasler, L50, F|\n|poke|p1|Palafin, L50, F|\n|poke|p1|Froslass, L50, F|\n|poke|p1|Aerodactyl, L50, F|\n|poke|p1|Incineroar, L50, F|\n|poke|p1|Greninja-*, L50, F|\n|poke|p2|Delphox, L50, M|\n|poke|p2|Rotom-Wash, L50|\n|poke|p2|Incineroar, L50, M|\n|poke|p2|Sinistcha-Masterpiece, L50|\n|poke|p2|Sneasler, L50, F|\n|poke|p2|Ninetales-Alola, L50, F|\n|teampreview|4\nhoy tu f gg rejected open team sheets.\n|inactive|Battle timer is ON: inactive players will automatically lose when time's up. (requested by hoy tu f gg)\n|\n|t:|1776481468\n|teamsize|p1|4\n|teamsize|p2|4\n|start\n|switch|p1a: Sneasler|Sneasler, L50, F|100/100\n|switch|p1b: Palafin|Palafin, L50, F, shiny|100/100\n|switch|p2a: Rotom|Rotom-Wash, L50|100/100\n|switch|p2b: Incineroar|Incineroar, L50, M|100/100\n|-ability|p2b: Incineroar|Intimidate|boost\n|-unboost|p1a: Sneasler|atk|1\n|-unboost|p1b: Palafin|atk|1\n|-enditem|p1a: Sneasler|White Herb\n|-clearnegativeboost|p1a: Sneasler|[silent]\n|turn|1\n|\n|t:|1776481488\n|detailschange|p1b: Palafin|Palafin-Hero, L50, F, shiny\n|switch|p1b: Incineroar|Incineroar, L50, F, shiny|100/100\n|-ability|p1b: Incineroar|Intimidate|boost\n|-unboost|p2a: Rotom|atk|1\n|-unboost|p2b: Incineroar|atk|1\n|move|p2b: Incineroar|Protect|p2b: Incineroar\n|-singleturn|p2b: Incineroar|Protect\n|move|p1a: Sneasler|Fake Out|p2a: Rotom\n|-damage|p2a: Rotom|85/100\n|cant|p2a: Rotom|flinch\n|\n|upkeep\n|turn|2\n|\n|t:|1776481502\n|switch|p2b: Delphox|Delphox, L50, M|100/100\n|move|p1b: Incineroar|Fake Out|p2a: Rotom\n|-damage|p2a: Rotom|71/100\n|move|p1a: Sneasler|Close Combat|p2b: Delphox\n|-resisted|p2b: Delphox|1\n|-damage|p2b: Delphox|49/100\n|-unboost|p1a: Sneasler|def|1\n|-unboost|p1a: Sneasler|spd|1\n|cant|p2a: Rotom|flinch\n|\n|upkeep\n|turn|3\n|\n|t:|1776481518\n|switch|p1a: Aerodactyl|Aerodactyl, L50, F, shiny|100/100\n|-ability|p1a: Aerodactyl|Pressure\n|detailschange|p2b: Delphox|Delphox-Mega, L50, M\n|-mega|p2b: Delphox|Delphox|Delphoxite\n|move|p2b: Delphox|Psychic|p1a: Aerodactyl\n|-crit|p1a: Aerodactyl\n|-damage|p1a: Aerodactyl|0 fnt\n|faint|p1a: Aerodactyl\n|move|p2a: Rotom|Hydro Pump|p1b: Incineroar\n|-supereffective|p1b: Incineroar|1\n|-damage|p1b: Incineroar|0 fnt\n|faint|p1b: Incineroar\n|\n|upkeep\n|\n|t:|1776481531\n|switch|p1a: Sneasler|Sneasler, L50, F|100/100\n|switch|p1b: Palafin|Palafin-Hero, L50, F, shiny|100/100\n|-activate|p1b: Palafin|ability: Zero to Hero\n|turn|4\n|\n|t:|1776481548\n|move|p2b: Delphox|Protect|p2b: Delphox\n|-singleturn|p2b: Delphox|Protect\n|move|p1a: Sneasler|Fake Out|p2a: Rotom\n|-damage|p2a: Rotom|54/100\n|move|p1b: Palafin|Aqua Jet|p2b: Delphox\n|-activate|p2b: Delphox|move: Protect\n|cant|p2a: Rotom|flinch\n|\n|upkeep\n|turn|5\n|\n|t:|1776481561\n|switch|p2b: Incineroar|Incineroar, L50, M|100/100\n|-ability|p2b: Incineroar|Intimidate|boost\n|-unboost|p1a: Sneasler|atk|1\n|-unboost|p1b: Palafin|atk|1\n|move|p1b: Palafin|Aqua Jet|p2b: Incineroar\n|-supereffective|p2b: Incineroar|1\n|-damage|p2b: Incineroar|72/100\n|move|p1a: Sneasler|Dire Claw|p2a: Rotom\n|-damage|p2a: Rotom|20/100\n|move|p2a: Rotom|Thunderbolt|p1b: Palafin\n|-supereffective|p1b: Palafin|1\n|-damage|p1b: Palafin|15/100\n|\n|upkeep\n|turn|6\n|-message|hoy tu f gg forfeited.\n|\n|win|HornetXxPvP\n|raw|hoy tu f gg's rating: 1090 &rarr; <strong>1064</strong><br />(-26 for losing)\n|raw|HornetXxPvP's rating: 1057 &rarr; <strong>1091</strong><br />(+34 for winning)\n|l|\u2606hoy tu f gg\n|player|p1|\n",
  "uploadtime": 1776481577,
  "views": 15,
  "formatid": "gen9championsvgc2026regma",
  "rating": 1064,
  "private": 0,
  "password": null
}