{
  "id": "gen9championsvgc2026regma-2589416420",
  "format": "[Gen 9 Champions] VGC 2026 Reg M-A",
  "players": [
    "azzaconda22",
    "SirNeru"
  ],
  "log": "|j|\u2606azzaconda22\n|j|\u2606SirNeru\n|t:|1776721150\n|gametype|doubles\n|player|p1|azzaconda22|aaron|1307\n|player|p2|SirNeru|101|1298\n|gen|9\n|tier|[Gen 9 Champions] VGC 2026 Reg M-A\n|rated|\n|rule|Species Clause: Limit one of each Pok\u00e9mon\n|rule|Item Clause: Limit 1 of each item\n|clearpoke\n|poke|p1|Floette-Eternal, L50, F|\n|poke|p1|Garchomp, L50, F|\n|poke|p1|Kingambit, L50, M|\n|poke|p1|Basculegion, L50, M|\n|poke|p1|Sneasler, L50, M|\n|poke|p1|Froslass, L50, F|\n|poke|p2|Tsareena, L50, F, shiny|\n|poke|p2|Blastoise, L50, F, shiny|\n|poke|p2|Pelipper, L50, M, shiny|\n|poke|p2|Talonflame, L50, M, shiny|\n|poke|p2|Medicham, L50, F|\n|poke|p2|Froslass, L50, F|\n|teampreview|4\n|inactive|Battle timer is ON: inactive players will automatically lose when time's up. (requested by azzaconda22)\n|inactive|azzaconda22 has 60 seconds left.\n|\n|t:|1776721207\n|teamsize|p1|4\n|teamsize|p2|4\n|start\n|switch|p1a: Floette|Floette-Eternal, L50, F|100/100\n|switch|p1b: Garchomp|Garchomp, L50, F|100/100\n|switch|p2a: Blastoise|Blastoise, L50, F, shiny|100/100\n|switch|p2b: Talonflame|Talonflame, L50, M, shiny|100/100\n|turn|1\n|\n|t:|1776721228\n|detailschange|p1a: Floette|Floette-Mega, L50, F\n|-mega|p1a: Floette|Floette|Floettite\n|-ability|p1a: Floette|Fairy Aura\n|move|p2a: Blastoise|Protect|p2a: Blastoise\n|-singleturn|p2a: Blastoise|Protect\n|move|p2b: Talonflame|Tailwind|p2b: Talonflame\n|-sidestart|p2: SirNeru|move: Tailwind\n|move|p1a: Floette|Dazzling Gleam|p2a: Blastoise|[spread] p2b\n|-activate|p2a: Blastoise|move: Protect\n|-resisted|p2b: Talonflame|1\n|-damage|p2b: Talonflame|66/100\n|move|p1b: Garchomp|Rock Slide|p2a: Blastoise|[spread] p2b\n|-activate|p2a: Blastoise|move: Protect\n|-supereffective|p2b: Talonflame|2\n|-damage|p2b: Talonflame|0 fnt\n|faint|p2b: Talonflame\n|\n|upkeep\n|\n|t:|1776721241\n|switch|p2b: Froslass|Froslass, L50, F|100/100\n|turn|2\n|\n|t:|1776721254\n|detailschange|p2b: Froslass|Froslass-Mega, L50, F\n|-mega|p2b: Froslass|Froslass|Froslassite\n|-weather|Snowscape|[from] ability: Snow Warning|[of] p2b: Froslass\n|move|p1a: Floette|Protect|p1a: Floette\n|-singleturn|p1a: Floette|Protect\n|move|p1b: Garchomp|Protect|p1b: Garchomp\n|-singleturn|p1b: Garchomp|Protect\n|move|p2b: Froslass|Blizzard|p1b: Garchomp|[spread] \n|-activate|p1a: Floette|move: Protect\n|-activate|p1b: Garchomp|move: Protect\n|move|p2a: Blastoise|Water Spout|p1b: Garchomp|[spread] \n|-activate|p1a: Floette|move: Protect\n|-activate|p1b: Garchomp|move: Protect\n|\n|-weather|Snowscape|[upkeep]\n|upkeep\n|turn|3\n|inactive|azzaconda22 has 30 seconds left.\n|\n|t:|1776721279\n|switch|p1b: Basculegion|Basculegion, L50, M|100/100\n|move|p2b: Froslass|Blizzard|p1b: Basculegion|[spread] p1a,p1b\n|-resisted|p1b: Basculegion|1\n|-damage|p1a: Floette|65/100\n|-damage|p1b: Basculegion|78/100\n|move|p2a: Blastoise|Shell Smash|p2a: Blastoise\n|-unboost|p2a: Blastoise|def|1\n|-unboost|p2a: Blastoise|spd|1\n|-boost|p2a: Blastoise|atk|2\n|-boost|p2a: Blastoise|spa|2\n|-boost|p2a: Blastoise|spe|2\n|move|p1a: Floette|Moonblast|p2b: Froslass\n|-damage|p2b: Froslass|2/100\n|-unboost|p2b: Froslass|spa|1\n|\n|-weather|Snowscape|[upkeep]\n|upkeep\n|turn|4\n|\n|t:|1776721300\n|switch|p2b: Tsareena|Tsareena, L50, F, shiny|100/100\n|move|p1a: Floette|Protect|p1a: Floette\n|-singleturn|p1a: Floette|Protect\n|move|p1b: Basculegion|Protect|p1b: Basculegion\n|-singleturn|p1b: Basculegion|Protect\n|move|p2a: Blastoise|Water Spout|p1a: Floette|[spread] \n|-activate|p1a: Floette|move: Protect\n|-activate|p1b: Basculegion|move: Protect\n|\n|-weather|Snowscape|[upkeep]\n|-sideend|p2: SirNeru|move: Tailwind\n|upkeep\n|turn|5\n|\n|t:|1776721323\n|move|p2b: Tsareena|Helping Hand|p2a: Blastoise\n|-singleturn|p2a: Blastoise|Helping Hand|[of] p2b: Tsareena\n|move|p2a: Blastoise|Water Spout|p1a: Floette|[spread] p1a,p1b\n|-resisted|p1b: Basculegion|1\n|-crit|p1b: Basculegion\n|-damage|p1a: Floette|0 fnt\n|-damage|p1b: Basculegion|0 fnt\n|faint|p1a: Floette\n|faint|p1b: Basculegion\n|\n|-weather|Snowscape|[upkeep]\n|upkeep\n|\n|t:|1776721332\n|switch|p1a: Sneasler|Sneasler, L50, M|100/100\n|switch|p1b: Garchomp|Garchomp, L50, F|100/100\n|turn|6\n|\n|t:|1776721350\n|move|p2a: Blastoise|Water Spout|p1b: Garchomp|[spread] p1a,p1b\n|-crit|p1b: Garchomp\n|-enditem|p1a: Sneasler|Focus Sash\n|-damage|p1a: Sneasler|1/100\n|-damage|p1b: Garchomp|0 fnt\n|faint|p1b: Garchomp\n|move|p1a: Sneasler|Dire Claw|p2b: Tsareena\n|-supereffective|p2b: Tsareena|1\n|-enditem|p2b: Tsareena|Kebia Berry|[eat]\n|-enditem|p2b: Tsareena|Kebia Berry|[weaken]\n|-damage|p2b: Tsareena|54/100\n|move|p2b: Tsareena|Play Rough|p1a: Sneasler\n|-damage|p1a: Sneasler|0 fnt\n|faint|p1a: Sneasler\n|\n|win|SirNeru\n|raw|azzaconda22's rating: 1307 &rarr; <strong>1286</strong><br />(-21 for losing)\n|raw|SirNeru's rating: 1298 &rarr; <strong>1324</strong><br />(+26 for winning)\n|l|\u2606azzaconda22\n|player|p1|\n",
  "uploadtime": 1776721363,
  "views": 17,
  "formatid": "gen9championsvgc2026regma",
  "rating": 1286,
  "private": 0,
  "password": null
}