{
  "id": "gen9championsvgc2026regma-2583906894",
  "format": "[Gen 9 Champions] VGC 2026 Reg M-A",
  "players": [
    "Xedivad",
    "Hiat6578"
  ],
  "log": "|j|\u2606Xedivad\n|j|\u2606Hiat6578\n|t:|1776207216\n|gametype|doubles\n|player|p1|Xedivad|morty|1066\n|player|p2|Hiat6578|fisherman-gen4|1073\n|gen|9\n|tier|[Gen 9 Champions] VGC 2026 Reg M-A\n|rated|\n|rule|Species Clause: Limit one of each Pok\u00e9mon\n|rule|Item Clause: Limit 1 of each item\n|clearpoke\n|poke|p1|Floette-Eternal, L50, F|\n|poke|p1|Sinistcha, L50|\n|poke|p1|Incineroar, L50, F|\n|poke|p1|Basculegion, L50, M|\n|poke|p1|Garchomp, L50, M|\n|poke|p1|Ninetales-Alola, L50, F|\n|poke|p2|Pinsir, L50, M|\n|poke|p2|Sneasler, L50, M|\n|poke|p2|Rotom-Wash, L50|\n|poke|p2|Archaludon, L50, F|\n|poke|p2|Whimsicott, L50, M|\n|poke|p2|Starmie, L50|\n|teampreview|4\n|inactive|Battle timer is ON: inactive players will automatically lose when time's up. (requested by Hiat6578)\nHiat6578 rejected open team sheets.\n|\n|t:|1776207230\n|teamsize|p1|4\n|teamsize|p2|4\n|start\n|switch|p1a: Floette|Floette-Eternal, L50, F|100/100\n|switch|p1b: Incineroar|Incineroar, L50, F|100/100\n|switch|p2a: Starmie|Starmie, L50|100/100\n|switch|p2b: Rotom|Rotom-Wash, L50, shiny|100/100\n|-ability|p1b: Incineroar|Intimidate|boost\n|-unboost|p2a: Starmie|atk|1\n|-unboost|p2b: Rotom|atk|1\n|turn|1\n|\n|t:|1776207245\n|detailschange|p2a: Starmie|Starmie-Mega, L50\n|-mega|p2a: Starmie|Starmie|Starminite\n|detailschange|p1a: Floette|Floette-Mega, L50, F\n|-mega|p1a: Floette|Floette|Floettite\n|-ability|p1a: Floette|Fairy Aura\n|move|p2a: Starmie|Protect|p2a: Starmie\n|-singleturn|p2a: Starmie|Protect\n|move|p1b: Incineroar|Fake Out|p2b: Rotom\n|-damage|p2b: Rotom|83/100\n|move|p1a: Floette|Calm Mind|p1a: Floette\n|-boost|p1a: Floette|spa|1\n|-boost|p1a: Floette|spd|1\n|cant|p2b: Rotom|flinch\n|\n|upkeep\n|turn|2\n|\n|t:|1776207259\n|move|p1a: Floette|Protect|p1a: Floette\n|-singleturn|p1a: Floette|Protect\n|move|p2b: Rotom|Protect|p2b: Rotom\n|-singleturn|p2b: Rotom|Protect\n|move|p2a: Starmie|Self-Destruct|p1b: Incineroar|[spread] p1b\n|-activate|p2b: Rotom|move: Protect\n|-activate|p1a: Floette|move: Protect\n|-damage|p1b: Incineroar|30/100\n|faint|p2a: Starmie\n|move|p1b: Incineroar|Parting Shot|p2b: Rotom\n|-activate|p2b: Rotom|move: Protect\n|\n|upkeep\n|\n|t:|1776207272\n|switch|p2a: Sneasler|Sneasler, L50, M|100/100\n|turn|3\n|\n|t:|1776207285\n|move|p2a: Sneasler|Dire Claw|p1a: Floette\n|-supereffective|p1a: Floette|1\n|-damage|p1a: Floette|10/100\n|move|p1a: Floette|Draining Kiss|p2a: Sneasler\n|-damage|p2a: Sneasler|17/100\n|-heal|p1a: Floette|71/100|[from] drain|[of] p2a: Sneasler\n|move|p1b: Incineroar|Parting Shot|p2a: Sneasler\n|-unboost|p2a: Sneasler|atk|1\n|-unboost|p2a: Sneasler|spa|1\n|\n|t:|1776207295\n|switch|p1b: Sinistcha|Sinistcha, L50|100/100|[from] Parting Shot\n|-enditem|p2a: Sneasler|White Herb\n|-clearnegativeboost|p2a: Sneasler|[silent]\n|-heal|p1a: Floette|95/100|[from] ability: Hospitality|[of] p1b: Sinistcha\n|move|p2b: Rotom|Hydro Pump|p1b: Sinistcha\n|-resisted|p1b: Sinistcha|1\n|-damage|p1b: Sinistcha|74/100\n|\n|-heal|p1b: Sinistcha|80/100|[from] item: Leftovers\n|upkeep\n|turn|4\n|inactive|Hiat6578 has 30 seconds left.\n|\n|t:|1776207324\n|switch|p1b: Incineroar|Incineroar, L50, F|30/100\n|-ability|p1b: Incineroar|Intimidate|boost\n|-unboost|p2a: Sneasler|atk|1\n|-unboost|p2b: Rotom|atk|1\n|move|p2a: Sneasler|Dire Claw|p1a: Floette\n|-supereffective|p1a: Floette|1\n|-damage|p1a: Floette|34/100\n|move|p1a: Floette|Draining Kiss|p2a: Sneasler\n|-damage|p2a: Sneasler|0 fnt\n|-heal|p1a: Floette|46/100|[from] drain|[of] p2a: Sneasler\n|faint|p2a: Sneasler\n|move|p2b: Rotom|Thunderbolt|p1a: Floette\n|-damage|p1a: Floette|21/100\n|-status|p1a: Floette|par\n|\n|upkeep\n|\n|t:|1776207337\n|switch|p2a: Archaludon|Archaludon, L50, F|100/100\n|turn|5\n|\n|t:|1776207351\n|move|p1b: Incineroar|Fake Out|p2a: Archaludon\n|-resisted|p2a: Archaludon|1\n|-damage|p2a: Archaludon|96/100\n|cant|p2a: Archaludon|flinch\n|move|p2b: Rotom|Hydro Pump|p1b: Incineroar\n|-supereffective|p1b: Incineroar|1\n|-damage|p1b: Incineroar|0 fnt\n|faint|p1b: Incineroar\n|move|p1a: Floette|Draining Kiss|p2b: Rotom\n|-damage|p2b: Rotom|24/100\n|-heal|p1a: Floette|56/100 par|[from] drain|[of] p2b: Rotom\n|\n|upkeep\n|\n|t:|1776207358\n|switch|p1b: Sinistcha|Sinistcha, L50|80/100\n|-heal|p1a: Floette|80/100 par|[from] ability: Hospitality|[of] p1b: Sinistcha\n|turn|6\n|inactive|Hiat6578 has 30 seconds left.\n|inactive|Hiat6578 has 20 seconds left.\n|\n|t:|1776207396\n|move|p1b: Sinistcha|Rage Powder|p1b: Sinistcha\n|-singleturn|p1b: Sinistcha|move: Rage Powder\n|move|p2a: Archaludon|Snarl|p1b: Sinistcha|[spread] p1a\n|-miss|p2a: Archaludon|p1b: Sinistcha\n|-resisted|p1a: Floette|1\n|-damage|p1a: Floette|77/100 par\n|-unboost|p1a: Floette|spa|1\n|move|p2b: Rotom|Hydro Pump|p1b: Sinistcha\n|-resisted|p1b: Sinistcha|1\n|-damage|p1b: Sinistcha|54/100\n|move|p1a: Floette|Moonblast|p2a: Archaludon\n|-damage|p2a: Archaludon|6/100\n|\n|-heal|p1b: Sinistcha|60/100|[from] item: Leftovers\n|upkeep\n|turn|7\n|inactive|Xedivad has 30 seconds left.\n|\n|t:|1776207423\n|switch|p1a: Ninetales|Ninetales-Alola, L50, F|100/100\n|-weather|Snowscape|[from] ability: Snow Warning|[of] p1a: Ninetales\n|move|p2a: Archaludon|Snarl|p1b: Sinistcha|[spread] p1a,p1b\n|-resisted|p1a: Ninetales|1\n|-supereffective|p1b: Sinistcha|1\n|-damage|p1a: Ninetales|93/100\n|-damage|p1b: Sinistcha|31/100\n|-unboost|p1a: Ninetales|spa|1\n|-unboost|p1b: Sinistcha|spa|1\n|move|p2b: Rotom|Hydro Pump|p1a: Ninetales\n|-damage|p1a: Ninetales|32/100\n|move|p1b: Sinistcha|Matcha Gotcha|p2a: Archaludon|[spread] p2a,p2b\n|-resisted|p2a: Archaludon|2\n|-supereffective|p2b: Rotom|1\n|-damage|p2a: Archaludon|1/100\n|-heal|p1b: Sinistcha|34/100|[from] drain|[of] p2a: Archaludon\n|-damage|p2b: Rotom|0 fnt\n|-heal|p1b: Sinistcha|42/100|[from] drain|[of] p2b: Rotom\n|-status|p2a: Archaludon|brn\n|faint|p2b: Rotom\n|\n|-weather|Snowscape|[upkeep]\n|-heal|p1b: Sinistcha|48/100|[from] item: Leftovers\n|-damage|p2a: Archaludon|0 fnt|[from] brn\n|faint|p2a: Archaludon\n|\n|win|Xedivad\n|raw|Xedivad's rating: 1066 &rarr; <strong>1097</strong><br />(+31 for winning)\n|raw|Hiat6578's rating: 1073 &rarr; <strong>1052</strong><br />(-21 for losing)\n",
  "uploadtime": 1776207428,
  "views": 14,
  "formatid": "gen9championsvgc2026regma",
  "rating": 1052,
  "private": 0,
  "password": null
}