{
  "id": "gen9championsvgc2026regma-2584604967",
  "format": "[Gen 9 Champions] VGC 2026 Reg M-A",
  "players": [
    "ghfgchgchg",
    "RagingBerserker1"
  ],
  "log": "|j|\u2606ghfgchgchg\n|j|\u2606RagingBerserker1\n|t:|1776271621\n|gametype|doubles\n|player|p1|ghfgchgchg|102|1031\n|player|p2|RagingBerserker1|2|1000\n|gen|9\n|tier|[Gen 9 Champions] VGC 2026 Reg M-A\n|rated|\n|rule|Species Clause: Limit one of each Pok\u00e9mon\n|rule|Item Clause: Limit 1 of each item\n|clearpoke\n|poke|p1|Charizard, L50, F|\n|poke|p1|Incineroar, L50, M|\n|poke|p1|Venusaur, L50, F|\n|poke|p1|Sneasler, L50, M|\n|poke|p1|Basculegion, L50, M|\n|poke|p1|Garchomp, L50, M|\n|poke|p2|Weavile, L50, F|\n|poke|p2|Meganium, L50, F|\n|poke|p2|Aerodactyl, L50, M|\n|poke|p2|Kangaskhan, L50, F|\n|poke|p2|Sinistcha, L50|\n|poke|p2|Tyranitar, L50, M|\n|teampreview|4\n|inactive|Battle timer is ON: inactive players will automatically lose when time's up. (requested by RagingBerserker1)\nRagingBerserker1 rejected open team sheets.\n|\n|t:|1776271660\n|teamsize|p1|4\n|teamsize|p2|4\n|start\n|switch|p1a: Charizard|Charizard, L50, F|100/100\n|switch|p1b: Incineroar|Incineroar, L50, M|100/100\n|switch|p2a: Weavile|Weavile, L50, F|100/100\n|switch|p2b: Meganium|Meganium, L50, F|100/100\n|-ability|p1b: Incineroar|Intimidate|boost\n|-unboost|p2a: Weavile|atk|1\n|-unboost|p2b: Meganium|atk|1\n|turn|1\n|inactive|RagingBerserker1 has 30 seconds left.\n|inactive|RagingBerserker1 has 20 seconds left.\n|\n|t:|1776271696\n|switch|p2b: Aerodactyl|Aerodactyl, L50, M|100/100\n|-ability|p2b: Aerodactyl|Unnerve\n|detailschange|p1a: Charizard|Charizard-Mega-Y, L50, F\n|-mega|p1a: Charizard|Charizard|Charizardite Y\n|-weather|SunnyDay|[from] ability: Drought|[of] p1a: Charizard\n|move|p2a: Weavile|Fake Out|p1a: Charizard\n|-damage|p1a: Charizard|89/100\n|move|p1b: Incineroar|Fake Out|p2a: Weavile\n|-damage|p2a: Weavile|79/100\n|cant|p1a: Charizard|flinch\n|\n|-weather|SunnyDay|[upkeep]\n|upkeep\n|turn|2\n|\n|t:|1776271722\n|move|p1a: Charizard|Protect|p1a: Charizard\n|-singleturn|p1a: Charizard|Protect\n|move|p2b: Aerodactyl|Rock Slide|p1a: Charizard|[spread] p1b\n|-activate|p1a: Charizard|move: Protect\n|-supereffective|p1b: Incineroar|1\n|-damage|p1b: Incineroar|58/100\n|move|p2a: Weavile|Knock Off|p1b: Incineroar\n|-resisted|p1b: Incineroar|1\n|-damage|p1b: Incineroar|44/100\n|-enditem|p1b: Incineroar|Sitrus Berry|[from] move: Knock Off|[of] p2a: Weavile\n|move|p1b: Incineroar|Parting Shot|p2b: Aerodactyl\n|-unboost|p2b: Aerodactyl|atk|1\n|-unboost|p2b: Aerodactyl|spa|1\n|\n|t:|1776271739\n|switch|p1b: Basculegion|Basculegion, L50, M|100/100|[from] Parting Shot\n|\n|-weather|SunnyDay|[upkeep]\n|upkeep\n|turn|3\n|\n|t:|1776271755\n|switch|p1a: Incineroar|Incineroar, L50, M|44/100\n|-ability|p1a: Incineroar|Intimidate|boost\n|-unboost|p2a: Weavile|atk|1\n|-unboost|p2b: Aerodactyl|atk|1\n|move|p2b: Aerodactyl|Rock Slide|p1b: Basculegion|[spread] p1a,p1b\n|-supereffective|p1a: Incineroar|1\n|-damage|p1a: Incineroar|22/100\n|-damage|p1b: Basculegion|84/100\n|move|p1b: Basculegion|Wave Crash|p2b: Aerodactyl\n|-supereffective|p2b: Aerodactyl|1\n|-damage|p2b: Aerodactyl|0 fnt\n|faint|p2b: Aerodactyl\n|-damage|p1b: Basculegion|57/100|[from] Recoil\n|move|p2a: Weavile|Knock Off|p1b: Basculegion\n|-supereffective|p1b: Basculegion|1\n|-damage|p1b: Basculegion|0 fnt\n|-enditem|p1b: Basculegion|Choice Scarf|[from] move: Knock Off|[of] p2a: Weavile\n|faint|p1b: Basculegion\n|\n|-weather|SunnyDay|[upkeep]\n|upkeep\n|\n|t:|1776271774\n|switch|p2b: Tyranitar|Tyranitar, L50, M|100/100\n|switch|p1b: Sneasler|Sneasler, L50, M|100/100\n|-weather|Sandstorm|[from] ability: Sand Stream|[of] p2b: Tyranitar\n|turn|4\n|inactive|RagingBerserker1 has 30 seconds left.\n|\n|t:|1776271807\n|switch|p2b: Meganium|Meganium, L50, F|100/100\n|move|p2a: Weavile|Protect|p2a: Weavile\n|-singleturn|p2a: Weavile|Protect\n|move|p1a: Incineroar|Fake Out|p2a: Weavile\n|-activate|p2a: Weavile|move: Protect\n|move|p1b: Sneasler|Close Combat|p2b: Meganium\n|-damage|p2b: Meganium|26/100\n|-unboost|p1b: Sneasler|def|1\n|-unboost|p1b: Sneasler|spd|1\n|-enditem|p1b: Sneasler|White Herb\n|-clearnegativeboost|p1b: Sneasler|[silent]\n|\n|-weather|Sandstorm|[upkeep]\n|-damage|p1b: Sneasler|95/100|[from] Sandstorm\n|-damage|p2a: Weavile|73/100|[from] Sandstorm\n|-damage|p2b: Meganium|20/100|[from] Sandstorm\n|-damage|p1a: Incineroar|16/100|[from] Sandstorm\n|upkeep\n|turn|5\n|inactive|RagingBerserker1 has 30 seconds left.\n|inactive|RagingBerserker1 has 20 seconds left.\n|inactive|RagingBerserker1 has 15 seconds left.\n|inactive|RagingBerserker1 has 10 seconds left.\n|inactive|RagingBerserker1 has 5 seconds left.\n|\n|t:|1776271857\n|switch|p2a: Tyranitar|Tyranitar, L50, M|100/100\n|detailschange|p2b: Meganium|Meganium-Mega, L50, F\n|-mega|p2b: Meganium|Meganium|Meganiumite\n|move|p1b: Sneasler|Dire Claw|p2b: Meganium\n|-supereffective|p2b: Meganium|2\n|-damage|p2b: Meganium|0 fnt\n|faint|p2b: Meganium\n|move|p1a: Incineroar|Flare Blitz|p2a: Tyranitar\n|-resisted|p2a: Tyranitar|1\n|-damage|p2a: Tyranitar|74/100\n|-damage|p1a: Incineroar|8/100|[from] Recoil\n|\n|-weather|Sandstorm|[upkeep]\n|-damage|p1b: Sneasler|89/100|[from] Sandstorm\n|-damage|p1a: Incineroar|2/100|[from] Sandstorm\n|upkeep\n|\n|t:|1776271865\n|switch|p2b: Weavile|Weavile, L50, F|73/100\n|turn|6\n|\n|t:|1776271883\n|move|p2b: Weavile|Fake Out|p1b: Sneasler\n|-damage|p1b: Sneasler|67/100\n|cant|p1b: Sneasler|flinch\n|move|p2a: Tyranitar|Rock Slide|p1a: Incineroar|[spread] p1a,p1b\n|-supereffective|p1a: Incineroar|1\n|-resisted|p1b: Sneasler|1\n|-crit|p1b: Sneasler\n|-damage|p1a: Incineroar|0 fnt\n|-damage|p1b: Sneasler|31/100\n|faint|p1a: Incineroar\n|\n|-weather|Sandstorm|[upkeep]\n|-damage|p1b: Sneasler|25/100|[from] Sandstorm\n|-damage|p2b: Weavile|67/100|[from] Sandstorm\n|upkeep\n|\n|t:|1776271895\n|switch|p1a: Charizard|Charizard-Mega-Y, L50, F|89/100\n|-weather|SunnyDay|[from] ability: Drought|[of] p1a: Charizard\n|turn|7\n|\n|t:|1776271918\n|move|p1b: Sneasler|Protect|p1b: Sneasler\n|-singleturn|p1b: Sneasler|Protect\n|move|p2b: Weavile|Triple Axel|p1a: Charizard\n|-damage|p1a: Charizard|73/100\n|-damage|p1a: Charizard|46/100\n|-damage|p1a: Charizard|0 fnt\n|faint|p1a: Charizard\n|-hitcount|p1: Charizard|3\n|move|p2a: Tyranitar|Rock Slide|p1b: Sneasler\n|-activate|p1b: Sneasler|move: Protect\n|\n|-weather|SunnyDay|[upkeep]\n|upkeep\n|turn|8\n|\n|t:|1776271931\n|move|p1b: Sneasler|Close Combat|p2a: Tyranitar\n|-supereffective|p2a: Tyranitar|2\n|-damage|p2a: Tyranitar|0 fnt\n|-unboost|p1b: Sneasler|def|1\n|-unboost|p1b: Sneasler|spd|1\n|faint|p2a: Tyranitar\n|move|p2b: Weavile|Triple Axel|p1b: Sneasler\n|-damage|p1b: Sneasler|0 fnt\n|faint|p1b: Sneasler\n|-hitcount|p1: Sneasler|1\n|\n|win|RagingBerserker1\n|raw|ghfgchgchg's rating: 1031 &rarr; <strong>1015</strong><br />(-16 for losing)\n|raw|RagingBerserker1's rating: 1000 &rarr; <strong>1044</strong><br />(+44 for winning)\n|l|\u2606ghfgchgchg\n|player|p1|\n",
  "uploadtime": 1776271945,
  "views": 21,
  "formatid": "gen9championsvgc2026regma",
  "rating": 1015,
  "private": 0,
  "password": null
}