{
  "id": "gen9championsvgc2026regma-2581921816",
  "format": "[Gen 9 Champions] VGC 2026 Reg M-A",
  "players": [
    "KangarooToodleloo",
    "b9yan13"
  ],
  "log": "|j|\u2606KangarooToodleloo\n|j|\u2606b9yan13\n|t:|1776039972\n|gametype|doubles\n|player|p1|KangarooToodleloo|blue-masters|1121\n|player|p2|b9yan13|steven|1133\n|gen|9\n|tier|[Gen 9 Champions] VGC 2026 Reg M-A\n|rated|\n|rule|Species Clause: Limit one of each Pok\u00e9mon\n|rule|Item Clause: Limit 1 of each item\n|clearpoke\n|poke|p1|Gyarados, L50, F|\n|poke|p1|Incineroar, L50, M|\n|poke|p1|Sinistcha-Masterpiece, L50|\n|poke|p1|Kommo-o, L50, F|\n|poke|p1|Ninetales-Alola, L50, M|\n|poke|p1|Kangaskhan, L50, F|\n|poke|p2|Archaludon, L50, M|\n|poke|p2|Pelipper, L50, F|\n|poke|p2|Incineroar, L50, M|\n|poke|p2|Whimsicott, L50, M|\n|poke|p2|Gengar, L50, F|\n|poke|p2|Meganium, L50, M|\n|teampreview|4\n|\n|t:|1776040001\n|teamsize|p1|4\n|teamsize|p2|4\n|start\n|switch|p1a: Kommo-o|Kommo-o, L50, F|100/100\n|switch|p1b: Incineroar|Incineroar, L50, M|100/100\n|switch|p2a: Archaludon|Archaludon, L50, M|100/100\n|switch|p2b: Incineroar|Incineroar, L50, M|100/100\n|-ability|p1b: Incineroar|Intimidate|boost\n|-unboost|p2a: Archaludon|atk|1\n|-unboost|p2b: Incineroar|atk|1\n|-ability|p2b: Incineroar|Intimidate|boost\n|-unboost|p1a: Kommo-o|atk|1\n|-unboost|p1b: Incineroar|atk|1\n|turn|1\n|\n|t:|1776040018\n|move|p1a: Kommo-o|Protect|p1a: Kommo-o\n|-singleturn|p1a: Kommo-o|Protect\n|move|p2b: Incineroar|Fake Out|p1a: Kommo-o\n|-activate|p1a: Kommo-o|move: Protect\n|move|p2a: Archaludon|Dragon Pulse|p1a: Kommo-o\n|-activate|p1a: Kommo-o|move: Protect\n|move|p1b: Incineroar|Parting Shot|p2a: Archaludon\n|-unboost|p2a: Archaludon|atk|1\n|-unboost|p2a: Archaludon|spa|1\n|\n|t:|1776040030\n|switch|p1b: Kangaskhan|Kangaskhan, L50, F|100/100|[from] Parting Shot\n|\n|upkeep\n|turn|2\n|\n|t:|1776040057\n|switch|p2a: Pelipper|Pelipper, L50, F|100/100\n|-weather|RainDance|[from] ability: Drizzle|[of] p2a: Pelipper\n|move|p1b: Kangaskhan|Fake Out|p2a: Pelipper\n|-damage|p2a: Pelipper|80/100\n|move|p1a: Kommo-o|Clangorous Soul|p1a: Kommo-o\n|-boost|p1a: Kommo-o|atk|1\n|-boost|p1a: Kommo-o|def|1\n|-boost|p1a: Kommo-o|spa|1\n|-boost|p1a: Kommo-o|spd|1\n|-boost|p1a: Kommo-o|spe|1\n|-damage|p1a: Kommo-o|68/100\n|move|p2b: Incineroar|Parting Shot|p1b: Kangaskhan\n|-unboost|p1b: Kangaskhan|atk|1\n|-unboost|p1b: Kangaskhan|spa|1\n|\n|t:|1776040075\n|switch|p2b: Meganium|Meganium, L50, M, shiny|100/100|[from] Parting Shot\n|\n|-weather|RainDance|[upkeep]\n|upkeep\n|turn|3\n|\n|t:|1776040088\n|switch|p1b: Ninetales|Ninetales-Alola, L50, M|100/100\n|-weather|Snowscape|[from] ability: Snow Warning|[of] p1b: Ninetales\n|detailschange|p2b: Meganium|Meganium-Mega, L50, M, shiny\n|-mega|p2b: Meganium|Meganium|Meganiumite\n|move|p1a: Kommo-o|Protect|p1a: Kommo-o\n|-singleturn|p1a: Kommo-o|Protect\n|move|p2b: Meganium|Dazzling Gleam|p1a: Kommo-o|[spread] p1b\n|-activate|p1a: Kommo-o|move: Protect\n|-damage|p1b: Ninetales|54/100\n|move|p2a: Pelipper|Tailwind|p2a: Pelipper\n|-sidestart|p2: b9yan13|move: Tailwind\n|\n|-weather|Snowscape|[upkeep]\n|upkeep\n|turn|4\n|\n|t:|1776040109\n|move|p2a: Pelipper|Protect|p2a: Pelipper\n|-singleturn|p2a: Pelipper|Protect\n|move|p2b: Meganium|Dazzling Gleam|p1b: Ninetales|[spread] p1a,p1b\n|-supereffective|p1a: Kommo-o|2\n|-enditem|p1a: Kommo-o|Roseli Berry|[eat]\n|-enditem|p1a: Kommo-o|Roseli Berry|[weaken]\n|-damage|p1a: Kommo-o|16/100\n|-damage|p1b: Ninetales|9/100\n|move|p1a: Kommo-o|Clanging Scales|p2b: Meganium|[spread] \n|-activate|p2a: Pelipper|move: Protect\n|-immune|p2b: Meganium\n|move|p1b: Ninetales|Blizzard|p2b: Meganium|[spread] p2b\n|-activate|p2a: Pelipper|move: Protect\n|-supereffective|p2b: Meganium|1\n|-damage|p2b: Meganium|34/100\n|\n|-weather|Snowscape|[upkeep]\n|upkeep\n|turn|5\n|\n|t:|1776040131\n|switch|p1b: Incineroar|Incineroar, L50, M|100/100\n|-ability|p1b: Incineroar|Intimidate|boost\n|-unboost|p2a: Pelipper|atk|1\n|-unboost|p2b: Meganium|atk|1\n|move|p1a: Kommo-o|Protect|p1a: Kommo-o\n|-singleturn|p1a: Kommo-o|Protect\n|move|p2b: Meganium|Dazzling Gleam|p1b: Incineroar|[spread] p1b\n|-activate|p1a: Kommo-o|move: Protect\n|-damage|p1b: Incineroar|64/100\n|move|p2a: Pelipper|Weather Ball|p1b: Incineroar\n|-resisted|p1b: Incineroar|1\n|-damage|p1b: Incineroar|54/100\n|\n|-weather|Snowscape|[upkeep]\n|upkeep\n|turn|6\n|\n|t:|1776040154\n|switch|p2a: Archaludon|Archaludon, L50, M|100/100\n|move|p1b: Incineroar|Fake Out|p2b: Meganium\n|-damage|p2b: Meganium|21/100\n|cant|p2b: Meganium|flinch\n|move|p1a: Kommo-o|Clanging Scales|p2b: Meganium|[spread] p2a\n|-immune|p2b: Meganium\n|-damage|p2a: Archaludon|38/100\n|-ability|p2a: Archaludon|Stamina|boost\n|-boost|p2a: Archaludon|def|1\n|-unboost|p1a: Kommo-o|def|1\n|\n|-weather|Snowscape|[upkeep]\n|-heal|p2a: Archaludon|44/100|[from] item: Leftovers\n|-sideend|p2: b9yan13|move: Tailwind\n|upkeep\n|turn|7\n|\n|t:|1776040172\n|move|p1a: Kommo-o|Protect|p1a: Kommo-o\n|-singleturn|p1a: Kommo-o|Protect\n|move|p2b: Meganium|Dazzling Gleam|p1a: Kommo-o|[spread] p1b\n|-activate|p1a: Kommo-o|move: Protect\n|-damage|p1b: Incineroar|20/100\n|-enditem|p1b: Incineroar|Sitrus Berry|[eat]\n|-heal|p1b: Incineroar|45/100|[from] item: Sitrus Berry\n|move|p2a: Archaludon|Electro Shot||[still]\n|-prepare|p2a: Archaludon|Electro Shot\n|-boost|p2a: Archaludon|spa|1\n|move|p1b: Incineroar|Flare Blitz|p2b: Meganium\n|-supereffective|p2b: Meganium|1\n|-damage|p2b: Meganium|0 fnt\n|faint|p2b: Meganium\n|-damage|p1b: Incineroar|39/100|[from] Recoil\n|\n|-weather|none\n|-heal|p2a: Archaludon|50/100|[from] item: Leftovers\n|upkeep\n|\n|t:|1776040190\n|switch|p2b: Pelipper|Pelipper, L50, F|80/100\n|-weather|RainDance|[from] ability: Drizzle|[of] p2b: Pelipper\n|turn|8\n|\n|t:|1776040200\n|switch|p1b: Ninetales|Ninetales-Alola, L50, M|9/100\n|-weather|Snowscape|[from] ability: Snow Warning|[of] p1b: Ninetales\n|move|p1a: Kommo-o|Aura Sphere|p2a: Archaludon\n|-supereffective|p2a: Archaludon|1\n|-damage|p2a: Archaludon|0 fnt\n|faint|p2a: Archaludon\n|move|p2b: Pelipper|Tailwind|p2b: Pelipper\n|-sidestart|p2: b9yan13|move: Tailwind\n|\n|-weather|Snowscape|[upkeep]\n|upkeep\n|\n|t:|1776040212\n|switch|p2a: Incineroar|Incineroar, L50, M|100/100\n|-ability|p2a: Incineroar|Intimidate|boost\n|-unboost|p1a: Kommo-o|atk|1\n|-unboost|p1b: Ninetales|atk|1\n|turn|9\n|\n|t:|1776040224\n|move|p1a: Kommo-o|Protect|p1a: Kommo-o\n|-singleturn|p1a: Kommo-o|Protect\n|move|p2a: Incineroar|Fake Out|p1a: Kommo-o\n|-activate|p1a: Kommo-o|move: Protect\n|move|p2b: Pelipper|Weather Ball|p1a: Kommo-o\n|-activate|p1a: Kommo-o|move: Protect\n|move|p1b: Ninetales|Icy Wind|p2b: Pelipper|[spread] p2a,p2b\n|-resisted|p2a: Incineroar|1\n|-damage|p2a: Incineroar|95/100\n|-damage|p2b: Pelipper|57/100\n|-unboost|p2a: Incineroar|spe|1\n|-unboost|p2b: Pelipper|spe|1\n|\n|-weather|Snowscape|[upkeep]\n|upkeep\n|turn|10\n|\n|t:|1776040242\n|move|p1a: Kommo-o|Clanging Scales|p2b: Pelipper|[spread] p2a,p2b\n|-damage|p2a: Incineroar|51/100\n|-damage|p2b: Pelipper|0 fnt\n|faint|p2b: Pelipper\n|-unboost|p1a: Kommo-o|def|1\n|move|p1b: Ninetales|Moonblast|p2a: Incineroar\n|-damage|p2a: Incineroar|26/100\n|-enditem|p2a: Incineroar|Sitrus Berry|[eat]\n|-heal|p2a: Incineroar|50/100|[from] item: Sitrus Berry\n|move|p2a: Incineroar|Fire Blast|p1b: Ninetales\n|-supereffective|p1b: Ninetales|1\n|-damage|p1b: Ninetales|0 fnt\n|faint|p1b: Ninetales\n|\n|-weather|Snowscape|[upkeep]\n|upkeep\n|\n|t:|1776040247\n|switch|p1b: Incineroar|Incineroar, L50, M|39/100\n|-ability|p1b: Incineroar|Intimidate|boost\n|-unboost|p2a: Incineroar|atk|1\n|turn|11\n|-message|b9yan13 forfeited.\n|\n|win|KangarooToodleloo\n|raw|KangarooToodleloo's rating: 1121 &rarr; <strong>1147</strong><br />(+26 for winning)\n|raw|b9yan13's rating: 1133 &rarr; <strong>1107</strong><br />(-26 for losing)\n|l|\u2606b9yan13\n|player|p2|\n",
  "uploadtime": 1776040252,
  "views": 12,
  "formatid": "gen9championsvgc2026regma",
  "rating": 1107,
  "private": 0,
  "password": null
}