{
  "id": "gen9championsvgc2026regma-2581473673",
  "format": "[Gen 9 Champions] VGC 2026 Reg M-A",
  "players": [
    "BlueBird13",
    "Tailwind Lobbyist"
  ],
  "log": "|j|\u203dBlueBird13\n|j|\u2606Tailwind Lobbyist\n|t:|1776003810\n|gametype|doubles\n|player|p1|BlueBird13|102|1072\n|player|p2|Tailwind Lobbyist|clerkf|1036\n|gen|9\n|tier|[Gen 9 Champions] VGC 2026 Reg M-A\n|rated|\n|rule|Species Clause: Limit one of each Pok\u00e9mon\n|rule|Item Clause: Limit 1 of each item\n|clearpoke\n|poke|p1|Armarouge, L50, M|\n|poke|p1|Farigiraf, L50, M|\n|poke|p1|Tyranitar, L50, M|\n|poke|p1|Hawlucha, L50, M|\n|poke|p1|Whimsicott, L50, M|\n|poke|p1|Kingambit, L50, F|\n|poke|p2|Lucario, L50, F|\n|poke|p2|Incineroar, L50, M|\n|poke|p2|Aerodactyl, L50, M|\n|poke|p2|Garchomp, L50, M|\n|poke|p2|Farigiraf, L50, F|\n|poke|p2|Sylveon, L50, F|\n|teampreview|4\nTailwind Lobbyist has agreed to open team sheets.\n|\n|t:|1776003846\n|teamsize|p1|4\n|teamsize|p2|4\n|start\n|switch|p1a: Farigiraf|Farigiraf, L50, M|100/100\n|switch|p1b: Tyranitar|Tyranitar, L50, M|100/100\n|switch|p2a: Incineroar|Incineroar, L50, M|100/100\n|switch|p2b: Lucario|Lucario, L50, F, shiny|100/100\n|-weather|Sandstorm|[from] ability: Sand Stream|[of] p1b: Tyranitar\n|-ability|p2a: Incineroar|Intimidate|boost\n|-unboost|p1a: Farigiraf|atk|1\n|-unboost|p1b: Tyranitar|atk|1\n|turn|1\n|\n|t:|1776003869\n|detailschange|p2b: Lucario|Lucario-Mega, L50, F, shiny\n|-mega|p2b: Lucario|Lucario|Lucarionite\n|move|p2b: Lucario|Meteor Mash|p1b: Tyranitar\n|-supereffective|p1b: Tyranitar|1\n|-damage|p1b: Tyranitar|0 fnt\n|faint|p1b: Tyranitar\n|move|p2a: Incineroar|Throat Chop|p1a: Farigiraf\n|-supereffective|p1a: Farigiraf|1\n|-crit|p1a: Farigiraf\n|-enditem|p1a: Farigiraf|Colbur Berry|[eat]\n|-enditem|p1a: Farigiraf|Colbur Berry|[weaken]\n|-damage|p1a: Farigiraf|58/100\n|-start|p1a: Farigiraf|Throat Chop|[silent]\n|move|p1a: Farigiraf|Trick Room|p1a: Farigiraf\n|-fieldstart|move: Trick Room|[of] p1a: Farigiraf\n|\n|-weather|Sandstorm|[upkeep]\n|-damage|p1a: Farigiraf|52/100|[from] Sandstorm\n|-damage|p2a: Incineroar|95/100|[from] Sandstorm\n|upkeep\n|\n|t:|1776003884\n|switch|p1b: Armarouge|Armarouge, L50, M|100/100\n|turn|2\n|\n|t:|1776003904\n|move|p2b: Lucario|Protect|p2b: Lucario\n|-singleturn|p2b: Lucario|Protect\n|move|p2a: Incineroar|Throat Chop|p1a: Farigiraf\n|-supereffective|p1a: Farigiraf|1\n|-damage|p1a: Farigiraf|0 fnt\n|faint|p1a: Farigiraf\n|move|p1b: Armarouge|Aura Sphere|p2a: Incineroar\n|-supereffective|p2a: Incineroar|1\n|-damage|p2a: Incineroar|40/100\n|-enditem|p2a: Incineroar|Sitrus Berry|[eat]\n|-heal|p2a: Incineroar|65/100|[from] item: Sitrus Berry\n|\n|-weather|Sandstorm|[upkeep]\n|-damage|p2a: Incineroar|59/100|[from] Sandstorm\n|-damage|p1b: Armarouge|94/100|[from] Sandstorm\n|upkeep\n|\n|t:|1776003916\n|switch|p1a: Hawlucha|Hawlucha, L50, M|100/100\n|turn|3\n|\n|t:|1776003940\n|switch|p2b: Aerodactyl|Aerodactyl, L50, M|100/100\n|-ability|p2b: Aerodactyl|Unnerve\n|detailschange|p1a: Hawlucha|Hawlucha-Mega, L50, M\n|-mega|p1a: Hawlucha|Hawlucha|Hawluchanite\n|move|p2a: Incineroar|Parting Shot|p1b: Armarouge\n|-unboost|p1b: Armarouge|atk|1\n|-unboost|p1b: Armarouge|spa|1\n|\n|t:|1776003948\n|switch|p2a: Garchomp|Garchomp, L50, M, shiny|100/100|[from] Parting Shot\n|move|p1b: Armarouge|Expanding Force|p2b: Aerodactyl\n|-damage|p2b: Aerodactyl|64/100\n|move|p1a: Hawlucha|High Jump Kick|p2a: Garchomp\n|-damage|p2a: Garchomp|20/100\n|-damage|p1a: Hawlucha|88/100|[from] ability: Rough Skin|[of] p2a: Garchomp\n|\n|-weather|Sandstorm|[upkeep]\n|-damage|p1b: Armarouge|88/100|[from] Sandstorm\n|-damage|p1a: Hawlucha|82/100|[from] Sandstorm\n|upkeep\n|turn|4\n|\n|t:|1776003968\n|move|p2a: Garchomp|Protect|p2a: Garchomp\n|-singleturn|p2a: Garchomp|Protect\n|move|p2b: Aerodactyl|Protect|p2b: Aerodactyl\n|-singleturn|p2b: Aerodactyl|Protect\n|move|p1b: Armarouge|Expanding Force|p2b: Aerodactyl\n|-activate|p2b: Aerodactyl|move: Protect\n|move|p1a: Hawlucha|Rock Slide|p2b: Aerodactyl|[spread] \n|-activate|p2a: Garchomp|move: Protect\n|-activate|p2b: Aerodactyl|move: Protect\n|\n|-weather|Sandstorm|[upkeep]\n|-damage|p1b: Armarouge|82/100|[from] Sandstorm\n|-damage|p1a: Hawlucha|77/100|[from] Sandstorm\n|upkeep\n|turn|5\n|\n|t:|1776003993\n|switch|p2b: Incineroar|Incineroar, L50, M|59/100\n|-ability|p2b: Incineroar|Intimidate|boost\n|-unboost|p1a: Hawlucha|atk|1\n|-unboost|p1b: Armarouge|atk|1\n|move|p1b: Armarouge|Expanding Force|p2b: Incineroar\n|-immune|p2b: Incineroar\n|move|p2a: Garchomp|Rock Slide|p1b: Armarouge|[spread] p1a,p1b\n|-supereffective|p1b: Armarouge|1\n|-damage|p1a: Hawlucha|52/100\n|-damage|p1b: Armarouge|45/100\n|move|p1a: Hawlucha|Rock Slide|p2b: Incineroar|[spread] p2a,p2b\n|-resisted|p2a: Garchomp|1\n|-supereffective|p2b: Incineroar|1\n|-damage|p2a: Garchomp|12/100\n|-damage|p2b: Incineroar|33/100\n|\n|-weather|none\n|-fieldend|move: Trick Room\n|upkeep\n|turn|6\n|\n|t:|1776004014\n|move|p2b: Incineroar|Fake Out|p1a: Hawlucha\n|-crit|p1a: Hawlucha\n|-damage|p1a: Hawlucha|34/100\n|cant|p1a: Hawlucha|flinch\n|move|p2a: Garchomp|Earthquake|p1a: Hawlucha|[spread] p2b,p1b\n|-immune|p1a: Hawlucha\n|-supereffective|p2b: Incineroar|1\n|-supereffective|p1b: Armarouge|1\n|-damage|p2b: Incineroar|0 fnt\n|-damage|p1b: Armarouge|0 fnt\n|faint|p2b: Incineroar\n|faint|p1b: Armarouge\n|\n|upkeep\n|\n|t:|1776004021\n|switch|p2b: Lucario|Lucario-Mega, L50, F, shiny|100/100\n|turn|7\n|\n|t:|1776004030\n|move|p2b: Lucario|Bullet Punch|p1a: Hawlucha\n|-damage|p1a: Hawlucha|2/100\n|move|p1a: Hawlucha|High Jump Kick|p2b: Lucario\n|-supereffective|p2b: Lucario|1\n|-damage|p2b: Lucario|0 fnt\n|faint|p2b: Lucario\n|move|p2a: Garchomp|Rock Slide|p1a: Hawlucha\n|-damage|p1a: Hawlucha|0 fnt\n|faint|p1a: Hawlucha\n|\n|win|Tailwind Lobbyist\n|raw|BlueBird13's rating: 1072 &rarr; <strong>1049</strong><br />(-23 for losing)\n|raw|Tailwind Lobbyist's rating: 1036 &rarr; <strong>1074</strong><br />(+38 for winning)\n",
  "uploadtime": 1776004041,
  "views": 48,
  "formatid": "gen9championsvgc2026regma",
  "rating": 1049,
  "private": 0,
  "password": null
}