{
  "id": "gen9championsvgc2026regma-2584673522",
  "format": "[Gen 9 Champions] VGC 2026 Reg M-A",
  "players": [
    "disenchantedrando",
    "JCMT"
  ],
  "log": "|j|\u2606disenchantedrando\n|j|\u2606JCMT\n|t:|1776275922\n|gametype|doubles\n|player|p1|disenchantedrando|2|1134\n|player|p2|JCMT|harlequin|1096\n|gen|9\n|tier|[Gen 9 Champions] VGC 2026 Reg M-A\n|rated|\n|rule|Species Clause: Limit one of each Pok\u00e9mon\n|rule|Item Clause: Limit 1 of each item\n|clearpoke\n|poke|p1|Sneasler, L50, M|\n|poke|p1|Tyranitar, L50, M|\n|poke|p1|Rotom-Wash, L50|\n|poke|p1|Hawlucha, L50, F|\n|poke|p1|Whimsicott, L50, F|\n|poke|p1|Excadrill, L50, M|\n|poke|p2|Glimmora, L50, F|\n|poke|p2|Ditto, L50|\n|poke|p2|Maushold-Four, L50|\n|poke|p2|Aegislash, L50, F|\n|poke|p2|Kangaskhan, L50, F|\n|poke|p2|Sylveon, L50, F|\n|teampreview|4\n|inactive|Battle timer is ON: inactive players will automatically lose when time's up. (requested by JCMT)\n|c|\u2606JCMT|glhf\nJCMT has agreed to open team sheets.\n|inactive|JCMT has 60 seconds left.\n|inactive|disenchantedrando has 60 seconds left.\n|\n|t:|1776275958\n|teamsize|p1|4\n|teamsize|p2|4\n|start\n|switch|p1a: Sneasler|Sneasler, L50, M|100/100\n|switch|p1b: Hawlucha|Hawlucha, L50, F|100/100\n|switch|p2a: Kangaskhan|Kangaskhan, L50, F, shiny|100/100\n|switch|p2b: Sylveon|Sylveon, L50, F, shiny|100/100\n|turn|1\n|\n|t:|1776275979\n|detailschange|p2a: Kangaskhan|Kangaskhan-Mega, L50, F, shiny\n|-mega|p2a: Kangaskhan|Kangaskhan|Kangaskhanite\n|move|p2b: Sylveon|Protect|p2b: Sylveon\n|-singleturn|p2b: Sylveon|Protect\n|move|p1a: Sneasler|Fake Out|p2b: Sylveon\n|-activate|p2b: Sylveon|move: Protect\n|move|p2a: Kangaskhan|Fake Out|p1b: Hawlucha\n|-damage|p1b: Hawlucha|73/100\n|-damage|p1b: Hawlucha|66/100\n|-hitcount|p1b: Hawlucha|2\n|cant|p1b: Hawlucha|flinch\n|\n|upkeep\n|turn|2\n|inactive|disenchantedrando has 30 seconds left.\n|inactive|JCMT has 30 seconds left.\n|\n|t:|1776276006\n|switch|p1a: Excadrill|Excadrill, L50, M|100/100\n|switch|p2b: Aegislash|Aegislash, L50, F|100/100\n|detailschange|p1b: Hawlucha|Hawlucha-Mega, L50, F\n|-mega|p1b: Hawlucha|Hawlucha|Hawluchanite\n|move|p1b: Hawlucha|Entrainment|p1a: Excadrill\n|-ability|p1a: Excadrill|No Guard|Sand Rush|[from] move: Entrainment|[of] p1b: Hawlucha\n|move|p2a: Kangaskhan|Thunder Punch|p1b: Hawlucha\n|-supereffective|p1b: Hawlucha|1\n|-damage|p1b: Hawlucha|13/100\n|-supereffective|p1b: Hawlucha|1\n|-damage|p1b: Hawlucha|2/100\n|-hitcount|p1b: Hawlucha|2\n|\n|upkeep\n|turn|3\n|inactive|JCMT has 30 seconds left.\n|\n|t:|1776276036\n|move|p1b: Hawlucha|Protect|p1b: Hawlucha\n|-singleturn|p1b: Hawlucha|Protect\n|move|p2a: Kangaskhan|Protect|p2a: Kangaskhan\n|-singleturn|p2a: Kangaskhan|Protect\n|move|p1a: Excadrill|Horn Drill|p2a: Kangaskhan\n|-activate|p2a: Kangaskhan|move: Protect\n|-formechange|p2b: Aegislash|Aegislash-Blade|\n|move|p2b: Aegislash|Close Combat|p1a: Excadrill\n|-supereffective|p1a: Excadrill|1\n|-enditem|p1a: Excadrill|Focus Sash\n|-damage|p1a: Excadrill|1/100\n|-unboost|p2b: Aegislash|def|1\n|-unboost|p2b: Aegislash|spd|1\n|-enditem|p2b: Aegislash|White Herb\n|-clearnegativeboost|p2b: Aegislash|[silent]\n|\n|upkeep\n|turn|4\n|inactive|disenchantedrando has 30 seconds left.\n|inactive|JCMT has 30 seconds left.\n|inactive|JCMT has 20 seconds left.\n|inactive|JCMT has 15 seconds left.\n|inactive|JCMT has 10 seconds left.\n|\n|t:|1776276082\n|switch|p2a: Ditto|Ditto, L50|100/100\n|-transform|p2a: Ditto|p1b: Hawlucha|[from] ability: Imposter\n|move|p1b: Hawlucha|Entrainment||[still]\n|-fail|p1b: Hawlucha\n|move|p1a: Excadrill|Horn Drill|p2a: Ditto\n|-enditem|p2a: Ditto|Focus Sash\n|-damage|p2a: Ditto|1/100\n|move|p2b: Aegislash|Shadow Claw|p1a: Excadrill\n|-damage|p1a: Excadrill|0 fnt\n|faint|p1a: Excadrill\n|\n|upkeep\n|\n|t:|1776276096\n|switch|p1a: Tyranitar|Tyranitar, L50, M|100/100\n|-weather|Sandstorm|[from] ability: Sand Stream|[of] p1a: Tyranitar\n|turn|5\n|inactive|disenchantedrando has 30 seconds left.\n|inactive|disenchantedrando has 20 seconds left.\n|\n|t:|1776276136\n|switch|p2a: Sylveon|Sylveon, L50, F, shiny|100/100\n|-formechange|p2b: Aegislash|Aegislash|\n|move|p2b: Aegislash|King's Shield|p2b: Aegislash\n|-singleturn|p2b: Aegislash|Protect\n|move|p1b: Hawlucha|Encore||[still]\n|-fail|p1b: Hawlucha\n|move|p1a: Tyranitar|Knock Off|p2b: Aegislash\n|-activate|p2b: Aegislash|move: Protect\n|-unboost|p1a: Tyranitar|atk|1\n|\n|-weather|Sandstorm|[upkeep]\n|-damage|p1b: Hawlucha|0 fnt|[from] Sandstorm\n|-damage|p2a: Sylveon|95/100|[from] Sandstorm\n|faint|p1b: Hawlucha\n|upkeep\n|\n|t:|1776276149\n|switch|p1b: Sneasler|Sneasler, L50, M|100/100\n|turn|6\n|\n|t:|1776276172\n|move|p2a: Sylveon|Protect|p2a: Sylveon\n|-singleturn|p2a: Sylveon|Protect\n|move|p1b: Sneasler|Fake Out|p2a: Sylveon\n|-activate|p2a: Sylveon|move: Protect\n|move|p1a: Tyranitar|Knock Off|p2b: Aegislash\n|-supereffective|p2b: Aegislash|1\n|-damage|p2b: Aegislash|65/100\n|-formechange|p2b: Aegislash|Aegislash-Blade|\n|move|p2b: Aegislash|Close Combat|p1a: Tyranitar\n|-supereffective|p1a: Tyranitar|2\n|-damage|p1a: Tyranitar|0 fnt\n|-unboost|p2b: Aegislash|def|1\n|-unboost|p2b: Aegislash|spd|1\n|faint|p1a: Tyranitar\n|\n|-weather|Sandstorm|[upkeep]\n|-damage|p1b: Sneasler|95/100|[from] Sandstorm\n|-damage|p2a: Sylveon|89/100|[from] Sandstorm\n|upkeep\n|turn|7\n|-message|disenchantedrando forfeited.\n|\n|win|JCMT\n|raw|disenchantedrando's rating: 1134 &rarr; <strong>1106</strong><br />(-28 for losing)\n|raw|JCMT's rating: 1096 &rarr; <strong>1124</strong><br />(+28 for winning)\n|l|\u2606disenchantedrando\n|player|p1|\n|c|\u2606JCMT|ggwp\n",
  "uploadtime": 1776276188,
  "views": 21,
  "formatid": "gen9championsvgc2026regma",
  "rating": 1106,
  "private": 0,
  "password": null
}