{
  "id": "gen9championsvgc2026regma-2580779573",
  "format": "[Gen 9 Champions] VGC 2026 Reg M-A",
  "players": [
    "Luma Tactas",
    "StarStorm295"
  ],
  "log": "|j|\u2606Luma Tactas\n|j|\u2606StarStorm295\n|t:|1775931828\n|gametype|doubles\n|player|p1|Luma Tactas|acetrainerf|1080\n|player|p2|StarStorm295|170|1085\n|gen|9\n|tier|[Gen 9 Champions] VGC 2026 Reg M-A\n|rated|\n|rule|Species Clause: Limit one of each Pok\u00e9mon\n|rule|Item Clause: Limit 1 of each item\n|clearpoke\n|poke|p1|Gardevoir, L50, F|\n|poke|p1|Sneasler, L50, M|\n|poke|p1|Maushold, L50|\n|poke|p1|Rotom-Wash, L50|\n|poke|p1|Talonflame, L50, M|\n|poke|p1|Garchomp, L50, F|\n|poke|p2|Dragapult, L50, M|\n|poke|p2|Lopunny, L50, F|\n|poke|p2|Volcarona, L50, F|\n|poke|p2|Sinistcha, L50|\n|poke|p2|Kingambit, L50, M|\n|poke|p2|Ninetales-Alola, L50, M|\n|teampreview|4\nLuma Tactas rejected open team sheets.\n|inactive|Battle timer is ON: inactive players will automatically lose when time's up. (requested by StarStorm295)\n|\n|t:|1775931928\n|teamsize|p1|4\n|teamsize|p2|4\n|start\n|switch|p1a: Talonflame|Talonflame, L50, M|100/100\n|switch|p1b: Unseen|Sneasler, L50, M|100/100\n|switch|p2a: Espresso|Lopunny, L50, F, shiny|100/100\n|switch|p2b: Good Graces|Ninetales-Alola, L50, M|100/100\n|-weather|Snowscape|[from] ability: Snow Warning|[of] p2b: Good Graces\n|turn|1\n|\n|t:|1775931951\n|detailschange|p2a: Espresso|Lopunny-Mega, L50, F, shiny\n|-mega|p2a: Espresso|Lopunny|Lopunnite\n|move|p2a: Espresso|Fake Out|p1a: Talonflame\n|-damage|p1a: Talonflame|67/100\n|move|p1b: Unseen|Fake Out|p2a: Espresso\n|-damage|p2a: Espresso|84/100\n|cant|p1a: Talonflame|flinch\n|move|p2b: Good Graces|Aurora Veil|p2b: Good Graces\n|-sidestart|p2: StarStorm295|move: Aurora Veil\n|\n|-weather|Snowscape|[upkeep]\n|upkeep\n|turn|2\n|inactive|StarStorm295 has 30 seconds left.\n|\n|t:|1775931984\n|move|p2b: Good Graces|Helping Hand|p2a: Espresso\n|-singleturn|p2a: Espresso|Helping Hand|[of] p2b: Good Graces\n|move|p1a: Talonflame|Protect|p1a: Talonflame\n|-singleturn|p1a: Talonflame|Protect\n|move|p2a: Espresso|Thunder Punch|p1a: Talonflame\n|-activate|p1a: Talonflame|move: Protect\n|move|p1b: Unseen|Dire Claw|p2b: Good Graces\n|-supereffective|p2b: Good Graces|1\n|-damage|p2b: Good Graces|44/100\n|-status|p2b: Good Graces|psn\n|\n|-weather|Snowscape|[upkeep]\n|-damage|p2b: Good Graces|32/100 psn|[from] psn\n|upkeep\n|turn|3\n|inactive|StarStorm295 has 30 seconds left.\n|\n|t:|1775932012\n|switch|p1a: Motorwash|Rotom-Wash, L50|100/100\n|switch|p2b: Go Go Juice|Sinistcha, L50|100/100\n|-heal|p2a: Espresso|100/100|[from] ability: Hospitality|[of] p2b: Go Go Juice\n|move|p2a: Espresso|Thunder Punch|p1a: Motorwash\n|-damage|p1a: Motorwash|74/100\n|move|p1b: Unseen|Dire Claw|p2b: Go Go Juice\n|-damage|p2b: Go Go Juice|79/100\n|-status|p2b: Go Go Juice|par\n|\n|-weather|Snowscape|[upkeep]\n|-heal|p1a: Motorwash|80/100|[from] item: Leftovers\n|upkeep\n|turn|4\n|\n|t:|1775932037\n|switch|p2a: Feather|Volcarona, L50, F|100/100\n|move|p1b: Unseen|Protect|p1b: Unseen\n|-singleturn|p1b: Unseen|Protect\n|move|p1a: Motorwash|Will-O-Wisp|p2a: Feather\n|-immune|p2a: Feather\n|move|p2b: Go Go Juice|Matcha Gotcha|p1b: Unseen|[spread] p1a\n|-activate|p1b: Unseen|move: Protect\n|-supereffective|p1a: Motorwash|1\n|-damage|p1a: Motorwash|30/100\n|-heal|p2b: Go Go Juice|100/100 par|[from] drain|[of] p1a: Motorwash\n|\n|-weather|Snowscape|[upkeep]\n|-heal|p1a: Motorwash|36/100|[from] item: Leftovers\n|upkeep\n|turn|5\n|inactive|Luma Tactas has 30 seconds left.\n|inactive|Luma Tactas has 20 seconds left.\n|\n|t:|1775932072\n|switch|p1a: Talonflame|Talonflame, L50, M|67/100\n|move|p1b: Unseen|Dire Claw|p2a: Feather\n|-damage|p2a: Feather|66/100\n|-status|p2a: Feather|par\n|move|p2a: Feather|Tailwind|p2a: Feather\n|-sidestart|p2: StarStorm295|move: Tailwind\n|move|p2b: Go Go Juice|Matcha Gotcha|p1a: Talonflame|[spread] p1b\n|-miss|p2b: Go Go Juice|p1a: Talonflame\n|-resisted|p1b: Unseen|1\n|-damage|p1b: Unseen|85/100\n|-status|p1b: Unseen|brn\n|\n|-weather|none\n|-damage|p1b: Unseen|79/100 brn|[from] brn\n|-sideend|p2: StarStorm295|move: Aurora Veil\n|upkeep\n|turn|6\n|inactive|StarStorm295 has 30 seconds left.\n|inactive|StarStorm295 has 20 seconds left.\n|inactive|StarStorm295 has 15 seconds left.\n|inactive|StarStorm295 has 10 seconds left.\n|inactive|StarStorm295 has 5 seconds left.\n|\n|t:|1775932124\n|switch|p2b: Espresso|Lopunny-Mega, L50, F, shiny|100/100\n|move|p1a: Talonflame|Tailwind|p1a: Talonflame\n|-sidestart|p1: Luma Tactas|move: Tailwind\n|move|p1b: Unseen|Dire Claw|p2a: Feather\n|-damage|p2a: Feather|42/100 par\n|move|p2a: Feather|Heat Wave|p1a: Talonflame|[spread] p1a,p1b\n|-resisted|p1a: Talonflame|1\n|-damage|p1a: Talonflame|39/100\n|-damage|p1b: Unseen|32/100 brn\n|\n|-damage|p1b: Unseen|26/100 brn|[from] brn\n|upkeep\n|turn|7\n|inactive|Luma Tactas has 30 seconds left.\n|inactive|StarStorm295 has 30 seconds left.\n|inactive|StarStorm295 has 20 seconds left.\n|\n|t:|1775932162\n|switch|p2a: Good Graces|Ninetales-Alola, L50, M|32/100 psn\n|-weather|Snowscape|[from] ability: Snow Warning|[of] p2a: Good Graces\n|move|p1a: Talonflame|Protect|p1a: Talonflame\n|-singleturn|p1a: Talonflame|Protect\n|move|p2b: Espresso|Fake Out|p1b: Unseen\n|-damage|p1b: Unseen|0 fnt\n|faint|p1b: Unseen\n|\n|-weather|Snowscape|[upkeep]\n|-damage|p2a: Good Graces|20/100 psn|[from] psn\n|upkeep\n|\n|t:|1775932175\n|switch|p1b: Ophelia|Gardevoir, L50, F, shiny|100/100\n|turn|8\n|inactive|StarStorm295 has 30 seconds left.\n|\n|t:|1775932204\n|detailschange|p1b: Ophelia|Gardevoir-Mega, L50, F, shiny\n|-mega|p1b: Ophelia|Gardevoir|Gardevoirite\n|move|p1a: Talonflame|Acrobatics|p2b: Espresso\n|-supereffective|p2b: Espresso|1\n|-damage|p2b: Espresso|50/100\n|move|p2b: Espresso|Giga Impact|p1b: Ophelia\n|-damage|p1b: Ophelia|12/100\n|-mustrecharge|p2b: Espresso\n|move|p2a: Good Graces|Blizzard|p1a: Talonflame|[spread] p1a,p1b\n|-damage|p1a: Talonflame|0 fnt\n|-damage|p1b: Ophelia|0 fnt\n|faint|p1a: Talonflame\n|faint|p1b: Ophelia\n|\n|-weather|Snowscape|[upkeep]\n|-damage|p2a: Good Graces|8/100 psn|[from] psn\n|-sideend|p2: StarStorm295|move: Tailwind\n|upkeep\n|-message|Luma Tactas forfeited.\n|\n|win|StarStorm295\n|raw|Luma Tactas's rating: 1080 &rarr; <strong>1058</strong><br />(-22 for losing)\n|raw|StarStorm295's rating: 1085 &rarr; <strong>1112</strong><br />(+27 for winning)\n|l|\u2606Luma Tactas\n|player|p1|\n",
  "uploadtime": 1775932222,
  "views": 18,
  "formatid": "gen9championsvgc2026regma",
  "rating": 1058,
  "private": 0,
  "password": null
}