{
  "id": "gen9championsvgc2026regma-2584284240",
  "format": "[Gen 9 Champions] VGC 2026 Reg M-A",
  "players": [
    "SRTW1thered",
    "Bio_Hazz"
  ],
  "log": "|j|\u2606SRTW1thered\n|j|\u2606Bio_Hazz\n|t:|1776247010\n|gametype|doubles\n|player|p1|SRTW1thered|unknown|1112\n|player|p2|Bio_Hazz|lucas|1140\n|gen|9\n|tier|[Gen 9 Champions] VGC 2026 Reg M-A\n|rated|\n|rule|Species Clause: Limit one of each Pok\u00e9mon\n|rule|Item Clause: Limit 1 of each item\n|clearpoke\n|poke|p1|Kangaskhan, L50, F|\n|poke|p1|Sinistcha, L50|\n|poke|p1|Kommo-o, L50, F|\n|poke|p1|Incineroar, L50, M|\n|poke|p1|Volcarona, L50, F|\n|poke|p1|Milotic, L50, M|\n|poke|p2|Crabominable, L50, M|\n|poke|p2|Slowking, L50, M|\n|poke|p2|Incineroar, L50, F|\n|poke|p2|Camerupt, L50, M|\n|poke|p2|Sneasler, L50, F|\n|poke|p2|Hatterene, L50, F|\n|teampreview|4\n|\n|t:|1776247028\n|teamsize|p1|4\n|teamsize|p2|4\n|start\n|switch|p1a: Kommo-o|Kommo-o, L50, F|100/100\n|switch|p1b: Incineroar|Incineroar, L50, M|100/100\n|switch|p2a: Slowking|Slowking, L50, M|100/100\n|switch|p2b: Incineroar|Incineroar, L50, F|100/100\n|-ability|p1b: Incineroar|Intimidate|boost\n|-fail|p2a: Slowking|unboost|Attack|[from] ability: Oblivious|[of] p2a: Slowking\n|-unboost|p2b: Incineroar|atk|1\n|-ability|p2b: Incineroar|Intimidate|boost\n|-unboost|p1a: Kommo-o|atk|1\n|-unboost|p1b: Incineroar|atk|1\n|turn|1\n|inactive|Battle timer is ON: inactive players will automatically lose when time's up. (requested by Bio_Hazz)\n|\n|t:|1776247052\n|move|p1b: Incineroar|Fake Out|p2b: Incineroar\n|-damage|p2b: Incineroar|92/100\n|cant|p2b: Incineroar|flinch\n|move|p1a: Kommo-o|Clangorous Soul|p1a: Kommo-o\n|-boost|p1a: Kommo-o|atk|1\n|-boost|p1a: Kommo-o|def|1\n|-boost|p1a: Kommo-o|spa|1\n|-boost|p1a: Kommo-o|spd|1\n|-boost|p1a: Kommo-o|spe|1\n|-damage|p1a: Kommo-o|68/100\n|move|p2a: Slowking|Trick Room|p2a: Slowking\n|-fieldstart|move: Trick Room|[of] p2a: Slowking\n|\n|-heal|p1a: Kommo-o|74/100|[from] item: Leftovers\n|upkeep\n|turn|2\n|\n|t:|1776247076\n|move|p1a: Kommo-o|Protect|p1a: Kommo-o\n|-singleturn|p1a: Kommo-o|Protect\n|move|p2a: Slowking|Psychic|p1a: Kommo-o\n|-activate|p1a: Kommo-o|move: Protect\n|move|p2b: Incineroar|Parting Shot|p1b: Incineroar\n|-unboost|p1b: Incineroar|atk|1\n|-unboost|p1b: Incineroar|spa|1\n|\n|t:|1776247083\n|switch|p2b: Hatterene|Hatterene, L50, F|100/100|[from] Parting Shot\n|move|p1b: Incineroar|Throat Chop|p2a: Slowking\n|-supereffective|p2a: Slowking|1\n|-enditem|p2a: Slowking|Colbur Berry|[eat]\n|-enditem|p2a: Slowking|Colbur Berry|[weaken]\n|-damage|p2a: Slowking|87/100\n|-start|p2a: Slowking|Throat Chop|[silent]\n|\n|-heal|p1a: Kommo-o|80/100|[from] item: Leftovers\n|upkeep\n|turn|3\n|\n|t:|1776247106\n|move|p2b: Hatterene|Dazzling Gleam|p1b: Incineroar|[spread] p1a,p1b\n|-supereffective|p1a: Kommo-o|2\n|-damage|p1a: Kommo-o|0 fnt\n|-damage|p1b: Incineroar|62/100\n|faint|p1a: Kommo-o\n|move|p2a: Slowking|Scald|p1b: Incineroar\n|-supereffective|p1b: Incineroar|1\n|-damage|p1b: Incineroar|10/100\n|move|p1b: Incineroar|Throat Chop|p2a: Slowking\n|-supereffective|p2a: Slowking|1\n|-damage|p2a: Slowking|60/100\n|\n|-end|p2a: Slowking|Throat Chop|[silent]\n|upkeep\n|\n|t:|1776247109\n|switch|p1a: Sinistcha|Sinistcha, L50|100/100\n|-heal|p1b: Incineroar|35/100|[from] ability: Hospitality|[of] p1a: Sinistcha\n|turn|4\n|\n|t:|1776247123\n|move|p2b: Hatterene|Dazzling Gleam|p1a: Sinistcha|[spread] p1a,p1b\n|-damage|p1a: Sinistcha|66/100\n|-damage|p1b: Incineroar|0 fnt\n|faint|p1b: Incineroar\n|-prepare|p2a: Slowking|Chilly Reception|[premajor]\n|move|p2a: Slowking|Chilly Reception|p2a: Slowking\n|-weather|Snowscape\n|\n|t:|1776247130\n|switch|p2a: Crabominable|Crabominable, L50, M|100/100|[from] Chilly Reception\n|move|p1a: Sinistcha|Matcha Gotcha|p2b: Hatterene|[spread] p2a,p2b\n|-damage|p2a: Crabominable|74/100\n|-heal|p1a: Sinistcha|82/100|[from] drain|[of] p2a: Crabominable\n|-damage|p2b: Hatterene|74/100\n|-heal|p1a: Sinistcha|94/100|[from] drain|[of] p2b: Hatterene\n|\n|-weather|Snowscape|[upkeep]\n|upkeep\n|\n|t:|1776247133\n|switch|p1b: Kangaskhan|Kangaskhan, L50, F|100/100\n|turn|5\n|\n|t:|1776247155\n|detailschange|p2a: Crabominable|Crabominable-Mega, L50, M\n|-mega|p2a: Crabominable|Crabominable|Crabominite\n|move|p1a: Sinistcha|Protect|p1a: Sinistcha\n|-singleturn|p1a: Sinistcha|Protect\n|move|p1b: Kangaskhan|Fake Out|p2a: Crabominable\n|-crit|p2a: Crabominable\n|-damage|p2a: Crabominable|59/100\n|cant|p2a: Crabominable|flinch\n|move|p2b: Hatterene|Dazzling Gleam|p1b: Kangaskhan|[spread] p1b\n|-activate|p1a: Sinistcha|move: Protect\n|-damage|p1b: Kangaskhan|49/100\n|\n|-weather|Snowscape|[upkeep]\n|-fieldend|move: Trick Room\n|upkeep\n|turn|6\n|inactive|SRTW1thered has 30 seconds left.\n|\n|t:|1776247186\n|detailschange|p1b: Kangaskhan|Kangaskhan-Mega, L50, F\n|-mega|p1b: Kangaskhan|Kangaskhan|Kangaskhanite\n|move|p2a: Crabominable|Protect|p2a: Crabominable\n|-singleturn|p2a: Crabominable|Protect\n|move|p1b: Kangaskhan|Double-Edge|p2a: Crabominable\n|-activate|p2a: Crabominable|move: Protect\n|move|p1a: Sinistcha|Life Dew|p1a: Sinistcha|[spread] p1a,p1b\n|-heal|p1a: Sinistcha|100/100\n|-heal|p1b: Kangaskhan|75/100\n|move|p2b: Hatterene|Trick Room|p2b: Hatterene\n|-fieldstart|move: Trick Room|[of] p2b: Hatterene\n|\n|-weather|Snowscape|[upkeep]\n|upkeep\n|turn|7\n|\n|t:|1776247201\n|move|p1b: Kangaskhan|Sucker Punch|p2b: Hatterene\n|-damage|p2b: Hatterene|44/100\n|-damage|p2b: Hatterene|38/100\n|-hitcount|p2b: Hatterene|2\n|move|p2a: Crabominable|Ice Hammer|p1a: Sinistcha\n|-supereffective|p1a: Sinistcha|1\n|-damage|p1a: Sinistcha|0 fnt\n|-unboost|p2a: Crabominable|spe|1\n|faint|p1a: Sinistcha\n|move|p2b: Hatterene|Dazzling Gleam|p1b: Kangaskhan\n|-damage|p1b: Kangaskhan|19/100\n|\n|-weather|Snowscape|[upkeep]\n|upkeep\n|turn|8\n|-message|SRTW1thered forfeited.\n|\n|win|Bio_Hazz\n|raw|SRTW1thered's rating: 1112 &rarr; <strong>1089</strong><br />(-23 for losing)\n|raw|Bio_Hazz's rating: 1140 &rarr; <strong>1163</strong><br />(+23 for winning)\n|l|\u2606SRTW1thered\n|player|p1|\n",
  "uploadtime": 1776247228,
  "views": 28,
  "formatid": "gen9championsvgc2026regma",
  "rating": 1089,
  "private": 0,
  "password": null
}