{
  "id": "gen9championsvgc2026regma-2581874622",
  "format": "[Gen 9 Champions] VGC 2026 Reg M-A",
  "players": [
    "TheTailwindEnjoyer",
    "someone#58"
  ],
  "log": "|j|\u2606TheTailwindEnjoyer\n|j|\u2606someone#58\n|t:|1776035725\n|gametype|doubles\n|player|p1|TheTailwindEnjoyer|player-go|\n|player|p2|someone#58|101|\n|gen|9\n|tier|[Gen 9 Champions] VGC 2026 Reg M-A\n|rated|Tournament battle\n|rule|Species Clause: Limit one of each Pok\u00e9mon\n|rule|Item Clause: Limit 1 of each item\n|clearpoke\n|poke|p1|Gengar, L50, M|\n|poke|p1|Basculegion, L50, M|\n|poke|p1|Typhlosion-Hisui, L50, M|\n|poke|p1|Whimsicott, L50, M|\n|poke|p1|Dragonite, L50, M|\n|poke|p1|Sneasler, L50, F|\n|poke|p2|Floette-Eternal, L50, F|\n|poke|p2|Garchomp, L50, F|\n|poke|p2|Pelipper, L50, M|\n|poke|p2|Basculegion, L50, M|\n|poke|p2|Incineroar, L50, F|\n|poke|p2|Orthworm, L50, F|\n|teampreview|4\n|inactive|Battle timer is ON: inactive players will automatically lose when time's up. (requested by TheTailwindEnjoyer)\n|inactive|someone#58 has 60 seconds left.\n|inactive|someone#58 has 30 seconds left.\n|\n|t:|1776035789\n|teamsize|p1|4\n|teamsize|p2|4\n|start\n|switch|p1a: Typhlosion|Typhlosion-Hisui, L50, M|100/100\n|switch|p1b: Whimsicott|Whimsicott, L50, M|100/100\n|switch|p2a: Garchomp|Garchomp, L50, F|100/100\n|switch|p2b: Orthworm|Orthworm, L50, F|100/100\n|-item|p2a: Garchomp|Lum Berry|[from] ability: Frisk|[of] p1a: Typhlosion\n|-item|p2b: Orthworm|Sitrus Berry|[from] ability: Frisk|[of] p1a: Typhlosion\n|turn|1\n|inactive|someone#58 has 30 seconds left.\n|inactive|someone#58 has 20 seconds left.\n|inactive|someone#58 has 15 seconds left.\n|inactive|someone#58 has 10 seconds left.\n|\n|t:|1776035835\n|move|p2b: Orthworm|Protect|p2b: Orthworm\n|-singleturn|p2b: Orthworm|Protect\n|move|p1a: Typhlosion|Eruption|p2a: Garchomp|[spread] p2a\n|-activate|p2b: Orthworm|move: Protect\n|-resisted|p2a: Garchomp|1\n|-damage|p2a: Garchomp|66/100\n|move|p1b: Whimsicott|Moonblast|p2a: Garchomp\n|-supereffective|p2a: Garchomp|1\n|-damage|p2a: Garchomp|0 fnt\n|faint|p2a: Garchomp\n|\n|upkeep\n|\n|t:|1776035850\n|switch|p2a: Basculegion|Basculegion, L50, M|100/100\n|turn|2\n|\n|t:|1776035871\n|switch|p2b: Pelipper|Pelipper, L50, M|100/100\n|-weather|RainDance|[from] ability: Drizzle|[of] p2b: Pelipper\n|move|p1b: Whimsicott|Encore||[still]\n|-fail|p1b: Whimsicott\n|move|p1a: Typhlosion|Eruption|p2b: Pelipper|[spread] p2a,p2b\n|-resisted|p2a: Basculegion|1\n|-resisted|p2b: Pelipper|1\n|-damage|p2a: Basculegion|84/100\n|-damage|p2b: Pelipper|81/100\n|move|p2a: Basculegion|Flip Turn|p1a: Typhlosion\n|-supereffective|p1a: Typhlosion|1\n|-damage|p1a: Typhlosion|0 fnt\n|faint|p1a: Typhlosion\n|\n|t:|1776035882\n|switch|p2a: Orthworm|Orthworm, L50, F|100/100|[from] Flip Turn\n|\n|-weather|RainDance|[upkeep]\n|upkeep\n|inactive|TheTailwindEnjoyer has 30 seconds left.\n|inactive|TheTailwindEnjoyer has 20 seconds left.\n|inactive|TheTailwindEnjoyer has 15 seconds left.\n|\n|t:|1776035924\n|switch|p1a: Gengar|Gengar, L50, M|100/100\n|turn|3\n|\n|t:|1776035940\n|detailschange|p1a: Gengar|Gengar-Mega, L50, M\n|-mega|p1a: Gengar|Gengar|Gengarite\n|move|p1b: Whimsicott|Fake Tears|p2a: Orthworm\n|-unboost|p2a: Orthworm|spd|2\n|move|p1a: Gengar|Shadow Ball|p2a: Orthworm\n|-damage|p2a: Orthworm|0 fnt\n|faint|p2a: Orthworm\n|move|p2b: Pelipper|Tailwind|p2b: Pelipper\n|-sidestart|p2: someone#58|move: Tailwind\n|\n|-weather|RainDance|[upkeep]\n|upkeep\n|\n|t:|1776035946\n|switch|p2a: Basculegion|Basculegion, L50, M|84/100\n|turn|4\n|\n|t:|1776035965\n|move|p1a: Gengar|Protect|p1a: Gengar\n|-singleturn|p1a: Gengar|Protect\n|move|p1b: Whimsicott|Encore|p2b: Pelipper\n|-start|p2b: Pelipper|Encore\n|move|p2a: Basculegion|Last Respects|p1a: Gengar\n|-activate|p1a: Gengar|move: Protect\n|move|p2b: Pelipper|Tailwind||[still]\n|-fail|p2b: Pelipper\n|\n|-weather|RainDance|[upkeep]\n|upkeep\n|turn|5\n|\n|t:|1776035974\n|move|p2a: Basculegion|Last Respects|p1a: Gengar\n|-supereffective|p1a: Gengar|1\n|-damage|p1a: Gengar|0 fnt\n|faint|p1a: Gengar\n|move|p2b: Pelipper|Tailwind||[still]\n|-fail|p2b: Pelipper\n|move|p1b: Whimsicott|Moonblast|p2a: Basculegion\n|-damage|p2a: Basculegion|39/100\n|\n|-weather|RainDance|[upkeep]\n|upkeep\n|\n|t:|1776035977\n|switch|p1a: Basculegion|Basculegion, L50, M|100/100\n|turn|6\n|j| Jackleton\n|\n|t:|1776035988\n|move|p1a: Basculegion|Protect|p1a: Basculegion\n|-singleturn|p1a: Basculegion|Protect\n|move|p2a: Basculegion|Last Respects|p1a: Basculegion\n|-activate|p1a: Basculegion|move: Protect\n|move|p2b: Pelipper|Tailwind||[still]\n|-fail|p2b: Pelipper\n|move|p1b: Whimsicott|Moonblast|p2a: Basculegion\n|-damage|p2a: Basculegion|0 fnt\n|faint|p2a: Basculegion\n|\n|-weather|none\n|-end|p2b: Pelipper|Encore\n|-sideend|p2: someone#58|move: Tailwind\n|upkeep\n|turn|7\n|inactive|TheTailwindEnjoyer has 30 seconds left.\n|\n|t:|1776036016\n|move|p1b: Whimsicott|Encore|p2b: Pelipper\n|-start|p2b: Pelipper|Encore\n|move|p1a: Basculegion|Last Respects|p2b: Pelipper\n|-damage|p2b: Pelipper|0 fnt\n|faint|p2b: Pelipper\n|\n|win|TheTailwindEnjoyer\n|n|\u2606TheTailwindEnjoyer|thetailwindenjoyer\n|n|\u2606someone#58|someone58\n|n| Jackleton|jackleton\n",
  "uploadtime": 1776036018,
  "views": 7,
  "formatid": "gen9championsvgc2026regma",
  "rating": null,
  "private": 0,
  "password": null
}