{
  "id": "gen9championsvgc2026regma-2580287655",
  "format": "[Gen 9 Champions] VGC 2026 Reg M-A",
  "players": [
    "test for a tour v4",
    "Pyip"
  ],
  "log": "|j|\u2606test for a tour v4\n|j|\u2606Pyip\n|t:|1775876056\n|gametype|doubles\n|player|p1|test for a tour v4|miku-flying|\n|player|p2|Pyip|pokekid|\n|gen|9\n|tier|[Gen 9 Champions] VGC 2026 Reg M-A\n|rated|Tournament battle\n|rule|Species Clause: Limit one of each Pok\u00e9mon\n|rule|Item Clause: Limit 1 of each item\n|clearpoke\n|poke|p1|Gengar, L50, F|\n|poke|p1|Whimsicott, L50, M|\n|poke|p1|Incineroar, L50, M|\n|poke|p1|Sinistcha, L50|\n|poke|p1|Sneasler, L50, M|\n|poke|p1|Floette-Eternal, L50, F|\n|poke|p2|Froslass, L50, F|\n|poke|p2|Palafin, L50, F|\n|poke|p2|Sneasler, L50, F|\n|poke|p2|Arcanine-Hisui, L50, M|\n|poke|p2|Kingambit, L50, F|\n|poke|p2|Clefable, L50, F|\n|teampreview|4\n|inactive|Battle timer is ON: inactive players will automatically lose when time's up. (requested by Pyip)\nPyip rejected open team sheets.\n|inactive|Pyip has 60 seconds left.\n|\n|t:|1775876099\n|teamsize|p1|4\n|teamsize|p2|4\n|start\n|switch|p1a: Whimsicott|Whimsicott, L50, M, shiny|100/100\n|switch|p1b: Floette|Floette-Eternal, L50, F, shiny|100/100\n|switch|p2a: Sneasler|Sneasler, L50, F|100/100\n|switch|p2b: Palafin|Palafin, L50, F|100/100\n|turn|1\n|inactive|Pyip has 30 seconds left.\n|\n|t:|1775876124\n|detailschange|p2b: Palafin|Palafin-Hero, L50, F\n|switch|p2b: Arcanine|Arcanine-Hisui, L50, M|100/100\n|-ability|p2b: Arcanine|Intimidate|boost\n|-block|p1a: Whimsicott|ability: Flower Veil|[of] p1b: Floette\n|-unboost|p1b: Floette|atk|1\n|detailschange|p1b: Floette|Floette-Mega, L50, F, shiny\n|-mega|p1b: Floette|Floette|Floettite\n|-ability|p1b: Floette|Fairy Aura\n|move|p2a: Sneasler|Fake Out|p1b: Floette\n|-damage|p1b: Floette|81/100\n|move|p1a: Whimsicott|Tailwind|p1a: Whimsicott\n|-sidestart|p1: test for a tour v4|move: Tailwind\n|cant|p1b: Floette|flinch\n|\n|upkeep\n|turn|2\n|inactive|test for a tour v4 has 30 seconds left.\n|inactive|Pyip has 30 seconds left.\n|\n|t:|1775876157\n|move|p2a: Sneasler|Protect|p2a: Sneasler\n|-singleturn|p2a: Sneasler|Protect\n|move|p1a: Whimsicott|Fake Tears|p2b: Arcanine\n|-unboost|p2b: Arcanine|spd|2\n|move|p1b: Floette|Dazzling Gleam|p2a: Sneasler|[spread] p2b\n|-activate|p2a: Sneasler|move: Protect\n|-resisted|p2b: Arcanine|1\n|-damage|p2b: Arcanine|38/100\n|move|p2b: Arcanine|Flare Blitz|p1b: Floette\n|-damage|p1b: Floette|0 fnt\n|faint|p1b: Floette\n|-damage|p2b: Arcanine|14/100|[from] Recoil\n|\n|upkeep\n|\n|t:|1775876166\n|switch|p1b: Incineroar|Incineroar, L50, M|100/100\n|-ability|p1b: Incineroar|Intimidate|boost\n|-unboost|p2a: Sneasler|atk|1\n|-unboost|p2b: Arcanine|atk|1\n|-enditem|p2a: Sneasler|White Herb\n|-clearnegativeboost|p2a: Sneasler|[silent]\n|turn|3\n|j| cal\n|j| only sv\n|inactive|Pyip has 30 seconds left.\n|\n|t:|1775876192\n|switch|p2b: Palafin|Palafin-Hero, L50, F|100/100\n|-activate|p2b: Palafin|ability: Zero to Hero\n|move|p1a: Whimsicott|Encore||[still]\n|-fail|p1a: Whimsicott\n|move|p2a: Sneasler|Dire Claw|p1a: Whimsicott\n|-supereffective|p1a: Whimsicott|2\n|-enditem|p1a: Whimsicott|Focus Sash\n|-damage|p1a: Whimsicott|1/100\n|move|p1b: Incineroar|Flare Blitz|p2a: Sneasler\n|-damage|p2a: Sneasler|2/100\n|-damage|p1b: Incineroar|74/100|[from] Recoil\n|\n|upkeep\n|turn|4\n|j| pits fiend\n|inactive|Pyip has 30 seconds left.\n|inactive|Pyip has 20 seconds left.\n|\n|t:|1775876231\n|switch|p2a: Kingambit|Kingambit, L50, F, shiny|100/100\n|switch|p1a: Sneasler|Sneasler, L50, M|100/100\n|move|p1b: Incineroar|Darkest Lariat|p2a: Kingambit\n|-resisted|p2a: Kingambit|1\n|-damage|p2a: Kingambit|86/100\n|move|p2b: Palafin|Flip Turn|p1b: Incineroar\n|-supereffective|p1b: Incineroar|1\n|-damage|p1b: Incineroar|0 fnt\n|faint|p1b: Incineroar\n|l| pits fiend\n|l| only sv\n|\n|t:|1775876251\n|switch|p2b: Arcanine|Arcanine-Hisui, L50, M|14/100|[from] Flip Turn\n|-ability|p2b: Arcanine|Intimidate|boost\n|-unboost|p1a: Sneasler|atk|1\n|-enditem|p1a: Sneasler|White Herb\n|-clearnegativeboost|p1a: Sneasler|[silent]\n|\n|-sideend|p1: test for a tour v4|move: Tailwind\n|upkeep\n|j| Luigi Magnezone\n|\n|t:|1775876255\n|switch|p1b: Whimsicott|Whimsicott, L50, M, shiny|1/100\n|turn|5\n|\n|t:|1775876279\n|move|p2b: Arcanine|Protect|p2b: Arcanine\n|-singleturn|p2b: Arcanine|Protect\n|move|p2a: Kingambit|Protect|p2a: Kingambit\n|-singleturn|p2a: Kingambit|Protect\n|move|p1b: Whimsicott|Tailwind|p1b: Whimsicott\n|-sidestart|p1: test for a tour v4|move: Tailwind\n|move|p1a: Sneasler|Dire Claw|p2b: Arcanine\n|-activate|p2b: Arcanine|move: Protect\n|\n|upkeep\n|turn|6\n|\n|t:|1775876294\n|move|p2b: Arcanine|Extreme Speed|p1b: Whimsicott\n|-damage|p1b: Whimsicott|0 fnt\n|faint|p1b: Whimsicott\n|move|p2a: Kingambit|Sucker Punch|p1a: Sneasler\n|-resisted|p1a: Sneasler|1\n|-damage|p1a: Sneasler|57/100\n|move|p1a: Sneasler|Close Combat|p2a: Kingambit\n|-supereffective|p2a: Kingambit|2\n|-crit|p2a: Kingambit\n|-damage|p2a: Kingambit|0 fnt\n|-unboost|p1a: Sneasler|def|1\n|-unboost|p1a: Sneasler|spd|1\n|faint|p2a: Kingambit\n|\n|upkeep\n|\n|t:|1775876304\n|switch|p2a: Palafin|Palafin-Hero, L50, F|100/100\n|turn|7\n|\n|t:|1775876308\n|move|p2b: Arcanine|Extreme Speed|p1a: Sneasler\n|-damage|p1a: Sneasler|0 fnt\n|faint|p1a: Sneasler\n|\n|win|Pyip\n|n|\u2606test for a tour v4|testforatourv4\n|n|\u2606Pyip|pyip\n|n| cal|cal\n|n| Luigi Magnezone|luigimagnezone\n|l|\u2606test for a tour v4\n|player|p1|\n|c|\u2606Pyip|gg\n",
  "uploadtime": 1775876319,
  "views": 20,
  "formatid": "gen9championsvgc2026regma",
  "rating": null,
  "private": 0,
  "password": null
}