{
  "id": "gen9championsvgc2026regma-2586695074",
  "format": "[Gen 9 Champions] VGC 2026 Reg M-A",
  "players": [
    "Sceptilicious",
    "Luigi Magnezone"
  ],
  "log": "|j|\u2606Sceptilicious\n|j|\u2606Luigi Magnezone\n|t:|1776452803\n|gametype|doubles\n|player|p1|Sceptilicious|266|1247\n|player|p2|Luigi Magnezone|giovanni|1318\n|gen|9\n|tier|[Gen 9 Champions] VGC 2026 Reg M-A\n|rated|\n|rule|Species Clause: Limit one of each Pok\u00e9mon\n|rule|Item Clause: Limit 1 of each item\n|clearpoke\n|poke|p1|Tyranitar, L50, F|\n|poke|p1|Excadrill, L50, M|\n|poke|p1|Glimmora, L50, F|\n|poke|p1|Arcanine-Hisui, L50, M|\n|poke|p1|Corviknight, L50, F|\n|poke|p1|Venusaur, L50, F|\n|poke|p2|Farigiraf, L50, M|\n|poke|p2|Incineroar, L50, M|\n|poke|p2|Kingambit, L50, F|\n|poke|p2|Torkoal, L50, M|\n|poke|p2|Kangaskhan, L50, F|\n|poke|p2|Rotom-Wash, L50|\n|teampreview|4\n|inactive|Battle timer is ON: inactive players will automatically lose when time's up. (requested by Luigi Magnezone)\n|inactive|Sceptilicious has 60 seconds left.\n|inactive|Luigi Magnezone has 60 seconds left.\n|\n|t:|1776452854\n|teamsize|p1|4\n|teamsize|p2|4\n|start\n|switch|p1a: Arcanine|Arcanine-Hisui, L50, M|100/100\n|switch|p1b: Glimmora|Glimmora, L50, F|100/100\n|switch|p2a: Farigiraf|Farigiraf, L50, M|100/100\n|switch|p2b: Kangaskhan|Kangaskhan, L50, F|100/100\n|-ability|p1a: Arcanine|Intimidate|boost\n|-unboost|p2a: Farigiraf|atk|1\n|-fail|p2b: Kangaskhan|unboost|Attack|[from] ability: Scrappy|[of] p2b: Kangaskhan\n|turn|1\n|\n|t:|1776452869\n|detailschange|p2b: Kangaskhan|Kangaskhan-Mega, L50, F\n|-mega|p2b: Kangaskhan|Kangaskhan|Kangaskhanite\n|move|p1a: Arcanine|Will-O-Wisp|p2b: Kangaskhan\n|-status|p2b: Kangaskhan|brn\n|move|p1b: Glimmora|Stealth Rock|p2b: Kangaskhan\n|-sidestart|p2: Luigi Magnezone|move: Stealth Rock\n|move|p2b: Kangaskhan|Hammer Arm|p1b: Glimmora\n|-damage|p1b: Glimmora|83/100\n|-unboost|p2b: Kangaskhan|spe|1\n|-activate|p1b: Glimmora|ability: Toxic Debris\n|-sidestart|p2: Luigi Magnezone|move: Toxic Spikes\n|-damage|p1b: Glimmora|78/100\n|-unboost|p2b: Kangaskhan|spe|1\n|-activate|p1b: Glimmora|ability: Toxic Debris\n|-sidestart|p2: Luigi Magnezone|move: Toxic Spikes\n|-hitcount|p1b: Glimmora|2\n|move|p2a: Farigiraf|Trick Room|p2a: Farigiraf\n|-fieldstart|move: Trick Room|[of] p2a: Farigiraf\n|\n|-damage|p2b: Kangaskhan|94/100 brn|[from] brn\n|upkeep\n|turn|2\n|\n|t:|1776452893\n|switch|p2b: Kingambit|Kingambit, L50, F|100/100\n|-damage|p2b: Kingambit|95/100|[from] Stealth Rock\n|move|p1b: Glimmora|Protect|p1b: Glimmora\n|-singleturn|p1b: Glimmora|Protect\n|move|p2a: Farigiraf|Psyshock|p1b: Glimmora\n|-activate|p1b: Glimmora|move: Protect\n|move|p1a: Arcanine|Rock Slide|p2b: Kingambit|[spread] p2a,p2b\n|-crit|p2a: Farigiraf\n|-resisted|p2b: Kingambit|1\n|-damage|p2a: Farigiraf|70/100\n|-damage|p2b: Kingambit|88/100\n|\n|upkeep\n|turn|3\n|\n|t:|1776452918\n|move|p2b: Kingambit|Low Kick|p1a: Arcanine\n|-supereffective|p1a: Arcanine|1\n|-damage|p1a: Arcanine|16/100\n|move|p2a: Farigiraf|Psyshock|p1b: Glimmora\n|-supereffective|p1b: Glimmora|1\n|-damage|p1b: Glimmora|17/100\n|move|p1b: Glimmora|Dazzling Gleam|p2a: Farigiraf|[spread] p2a,p2b\n|-crit|p2a: Farigiraf\n|-damage|p2a: Farigiraf|52/100\n|-damage|p2b: Kingambit|70/100\n|move|p1a: Arcanine|Will-O-Wisp|p2b: Kingambit\n|-status|p2b: Kingambit|brn\n|\n|-damage|p2b: Kingambit|65/100 brn|[from] brn\n|upkeep\n|turn|4\n|\n|t:|1776452933\n|switch|p2a: Kangaskhan|Kangaskhan-Mega, L50, F|94/100 brn\n|-damage|p2a: Kangaskhan|82/100 brn|[from] Stealth Rock\n|move|p1b: Glimmora|Protect|p1b: Glimmora\n|-singleturn|p1b: Glimmora|Protect\n|move|p1a: Arcanine|Protect|p1a: Arcanine\n|-singleturn|p1a: Arcanine|Protect\n|move|p2b: Kingambit|Kowtow Cleave|p1a: Arcanine\n|-activate|p1a: Arcanine|move: Protect\n|\n|-damage|p2b: Kingambit|59/100 brn|[from] brn\n|-damage|p2a: Kangaskhan|76/100 brn|[from] brn\n|upkeep\n|turn|5\n|\n|t:|1776452947\n|move|p2a: Kangaskhan|Fake Out|p1b: Glimmora\n|-resisted|p1b: Glimmora|1\n|-damage|p1b: Glimmora|12/100\n|-resisted|p1b: Glimmora|1\n|-damage|p1b: Glimmora|10/100\n|-hitcount|p1b: Glimmora|2\n|move|p2b: Kingambit|Low Kick|p1a: Arcanine\n|-supereffective|p1a: Arcanine|1\n|-damage|p1a: Arcanine|0 fnt\n|faint|p1a: Arcanine\n|cant|p1b: Glimmora|flinch\n|\n|-damage|p2b: Kingambit|53/100 brn|[from] brn\n|-damage|p2a: Kangaskhan|70/100 brn|[from] brn\n|-fieldend|move: Trick Room\n|upkeep\n|\n|t:|1776452959\n|switch|p1a: Tyranitar|Tyranitar, L50, F|100/100\n|-weather|Sandstorm|[from] ability: Sand Stream|[of] p1a: Tyranitar\n|turn|6\n|\n|t:|1776452982\n|move|p1a: Tyranitar|Protect|p1a: Tyranitar\n|-singleturn|p1a: Tyranitar|Protect\n|move|p1b: Glimmora|Dazzling Gleam|p2a: Kangaskhan|[spread] p2a,p2b\n|-crit|p2a: Kangaskhan\n|-damage|p2a: Kangaskhan|49/100 brn\n|-damage|p2b: Kingambit|35/100 brn\n|move|p2a: Kangaskhan|Hammer Arm|p1a: Tyranitar\n|-activate|p1a: Tyranitar|move: Protect\n|move|p2b: Kingambit|Low Kick|p1a: Tyranitar\n|-activate|p1a: Tyranitar|move: Protect\n|\n|-weather|Sandstorm|[upkeep]\n|-damage|p2a: Kangaskhan|42/100 brn|[from] Sandstorm\n|-damage|p2a: Kangaskhan|36/100 brn|[from] brn\n|-damage|p2b: Kingambit|30/100 brn|[from] brn\n|upkeep\n|turn|7\n|\n|t:|1776453007\n|detailschange|p1a: Tyranitar|Tyranitar-Mega, L50, F\n|-mega|p1a: Tyranitar|Tyranitar|Tyranitarite\n|move|p1b: Glimmora|Dazzling Gleam|p2a: Kangaskhan|[spread] p2a,p2b\n|-damage|p2a: Kangaskhan|23/100 brn\n|-damage|p2b: Kingambit|14/100 brn\n|move|p2a: Kangaskhan|Hammer Arm|p1a: Tyranitar\n|-supereffective|p1a: Tyranitar|2\n|-damage|p1a: Tyranitar|52/100\n|-unboost|p2a: Kangaskhan|spe|1\n|-supereffective|p1a: Tyranitar|2\n|-damage|p1a: Tyranitar|41/100\n|-unboost|p2a: Kangaskhan|spe|1\n|-hitcount|p1a: Tyranitar|2\n|move|p1a: Tyranitar|Crunch|p2a: Kangaskhan\n|-damage|p2a: Kangaskhan|0 fnt\n|faint|p2a: Kangaskhan\n|move|p2b: Kingambit|Low Kick|p1a: Tyranitar\n|-supereffective|p1a: Tyranitar|2\n|-damage|p1a: Tyranitar|0 fnt\n|faint|p1a: Tyranitar\n|\n|-weather|Sandstorm|[upkeep]\n|-damage|p2b: Kingambit|8/100 brn|[from] brn\n|upkeep\n|\n|t:|1776453031\n|switch|p2a: Rotom|Rotom-Wash, L50|100/100\n|switch|p1a: Excadrill|Excadrill, L50, M|100/100\n|-damage|p2a: Rotom|88/100|[from] Stealth Rock\n|turn|8\n|\n|t:|1776453051\n|move|p2b: Kingambit|Sucker Punch|p1b: Glimmora\n|-damage|p1b: Glimmora|0 fnt\n|faint|p1b: Glimmora\n|move|p1a: Excadrill|Poison Jab|p2a: Rotom\n|-damage|p2a: Rotom|58/100\n|-status|p2a: Rotom|psn\n|move|p2a: Rotom|Hydro Pump|p1a: Excadrill\n|-supereffective|p1a: Excadrill|1\n|-damage|p1a: Excadrill|0 fnt\n|faint|p1a: Excadrill\n|\n|win|Luigi Magnezone\n|raw|Sceptilicious's rating: 1247 &rarr; <strong>1227</strong><br />(-20 for losing)\n|raw|Luigi Magnezone's rating: 1318 &rarr; <strong>1334</strong><br />(+16 for winning)\n|l|\u2606Luigi Magnezone\n|player|p2|\n",
  "uploadtime": 1776453063,
  "views": 44,
  "formatid": "gen9championsvgc2026regma",
  "rating": 1227,
  "private": 0,
  "password": null
}