{
  "id": "gen9championsvgc2026regma-2586374940",
  "format": "[Gen 9 Champions] VGC 2026 Reg M-A",
  "players": [
    "nhatbb",
    "ChronicNikos"
  ],
  "log": "|j|\u2606nhatbb\n|j|\u2606ChronicNikos\n|t:|1776429950\n|gametype|doubles\n|player|p1|nhatbb|1|1311\n|player|p2|ChronicNikos|cynthia-gen4|1405\n|gen|9\n|tier|[Gen 9 Champions] VGC 2026 Reg M-A\n|rated|\n|rule|Species Clause: Limit one of each Pok\u00e9mon\n|rule|Item Clause: Limit 1 of each item\n|clearpoke\n|poke|p1|Tyranitar, L50, M|\n|poke|p1|Excadrill, L50, M|\n|poke|p1|Garchomp, L50, M|\n|poke|p1|Corviknight, L50, F|\n|poke|p1|Incineroar, L50, M|\n|poke|p1|Sinistcha-Masterpiece, L50|\n|poke|p2|Gengar, L50, F|\n|poke|p2|Incineroar, L50, M|\n|poke|p2|Politoed, L50, M|\n|poke|p2|Archaludon, L50, F|\n|poke|p2|Basculegion, L50, M|\n|poke|p2|Meganium, L50, F|\n|teampreview|4\nChronicNikos has agreed to open team sheets.\n|inactive|Battle timer is ON: inactive players will automatically lose when time's up. (requested by nhatbb)\n|inactive|ChronicNikos has 60 seconds left.\n|\n|t:|1776429998\n|teamsize|p1|4\n|teamsize|p2|4\n|start\n|switch|p1a: Excadrill|Excadrill, L50, M|100/100\n|switch|p1b: Tyranitar|Tyranitar, L50, M, shiny|100/100\n|switch|p2a: PetalBurst|Meganium, L50, F|100/100\n|switch|p2b: Tri-Hard|Basculegion, L50, M|100/100\n|-weather|Sandstorm|[from] ability: Sand Stream|[of] p1b: Tyranitar\n|turn|1\n|inactive|ChronicNikos has 30 seconds left.\n|inactive|ChronicNikos has 20 seconds left.\n|\n|t:|1776430037\n|detailschange|p2a: PetalBurst|Meganium-Mega, L50, F\n|-mega|p2a: PetalBurst|Meganium|Meganiumite\n|move|p1a: Excadrill|Iron Head|p2a: PetalBurst\n|-supereffective|p2a: PetalBurst|1\n|-damage|p2a: PetalBurst|11/100\n|move|p2b: Tri-Hard|Flip Turn|p1a: Excadrill\n|-supereffective|p1a: Excadrill|1\n|-enditem|p1a: Excadrill|Focus Sash\n|-damage|p1a: Excadrill|1/100\n|\n|t:|1776430045\n|switch|p2b: I May Fall|Politoed, L50, M|100/100|[from] Flip Turn\n|-weather|RainDance|[from] ability: Drizzle|[of] p2b: I May Fall\n|move|p2a: PetalBurst|Solar Beam||[still]\n|-prepare|p2a: PetalBurst|Solar Beam\n|-activate|p2a: PetalBurst|ability: Mega Sol\n|-anim|p2a: PetalBurst|Solar Beam|p1b: Tyranitar\n|-supereffective|p1b: Tyranitar|1\n|-damage|p1b: Tyranitar|0 fnt\n|faint|p1b: Tyranitar\n|\n|-weather|RainDance|[upkeep]\n|upkeep\n|\n|t:|1776430065\n|switch|p1b: Corviknight|Corviknight, L50, F|100/100\n|turn|2\n|inactive|ChronicNikos has 30 seconds left.\n|inactive|ChronicNikos has 20 seconds left.\n|inactive|ChronicNikos has 15 seconds left.\n|inactive|ChronicNikos has 10 seconds left.\n|\n|t:|1776430111\n|move|p2a: PetalBurst|Protect|p2a: PetalBurst\n|-singleturn|p2a: PetalBurst|Protect\n|move|p1a: Excadrill|Rock Slide|p2a: PetalBurst|[spread] p2b\n|-activate|p2a: PetalBurst|move: Protect\n|-damage|p2b: I May Fall|78/100\n|move|p2b: I May Fall|Perish Song|p2b: I May Fall\n|-start|p1a: Excadrill|perish3|[silent]\n|-start|p1b: Corviknight|perish3|[silent]\n|-start|p2a: PetalBurst|perish3|[silent]\n|-start|p2b: I May Fall|perish3|[silent]\n|-fieldactivate|move: Perish Song\n|move|p1b: Corviknight|Bulk Up|p1b: Corviknight\n|-boost|p1b: Corviknight|atk|1\n|-boost|p1b: Corviknight|def|1\n|\n|-weather|RainDance|[upkeep]\n|-heal|p2b: I May Fall|84/100|[from] item: Leftovers\n|-start|p1a: Excadrill|perish3\n|-start|p2a: PetalBurst|perish3\n|-start|p2b: I May Fall|perish3\n|-start|p1b: Corviknight|perish3\n|upkeep\n|turn|3\n|inactive|nhatbb has 30 seconds left.\n|inactive|ChronicNikos has 30 seconds left.\n|inactive|nhatbb has 20 seconds left.\n|\n|t:|1776430147\n|move|p1a: Excadrill|Iron Head|p2a: PetalBurst\n|-supereffective|p2a: PetalBurst|1\n|-damage|p2a: PetalBurst|0 fnt\n|faint|p2a: PetalBurst\n|move|p2b: I May Fall|Weather Ball|p1a: Excadrill\n|-supereffective|p1a: Excadrill|1\n|-damage|p1a: Excadrill|0 fnt\n|faint|p1a: Excadrill\n|move|p1b: Corviknight|Brave Bird|p2b: I May Fall\n|-damage|p2b: I May Fall|29/100\n|-damage|p1b: Corviknight|83/100|[from] Recoil\n|\n|-weather|RainDance|[upkeep]\n|-heal|p2b: I May Fall|36/100|[from] item: Leftovers\n|-heal|p1b: Corviknight|89/100|[from] item: Leftovers\n|-start|p2b: I May Fall|perish2\n|-start|p1b: Corviknight|perish2\n|upkeep\n|\n|t:|1776430166\n|switch|p1a: Garchomp|Garchomp, L50, M|100/100\n|switch|p2a: Tri-Hard|Basculegion, L50, M|100/100\n|turn|4\n|inactive|nhatbb has 30 seconds left.\n|inactive|ChronicNikos has 30 seconds left.\n|inactive|nhatbb has 20 seconds left.\n|inactive|nhatbb has 15 seconds left.\n|inactive|nhatbb has 10 seconds left.\n|\n|t:|1776430215\n|switch|p2b: Due Process|Archaludon, L50, F|100/100\n|move|p2a: Tri-Hard|Wave Crash|p1a: Garchomp\n|-damage|p1a: Garchomp|0 fnt\n|-damage|p2a: Tri-Hard|88/100|[from] ability: Rough Skin|[of] p1a: Garchomp\n|faint|p1a: Garchomp\n|-damage|p2a: Tri-Hard|57/100|[from] Recoil\n|move|p1b: Corviknight|Brave Bird|p2b: Due Process\n|-resisted|p2b: Due Process|1\n|-damage|p2b: Due Process|80/100\n|-ability|p2b: Due Process|Stamina|boost\n|-boost|p2b: Due Process|def|1\n|-damage|p1b: Corviknight|82/100|[from] Recoil\n|\n|-weather|RainDance|[upkeep]\n|-heal|p1b: Corviknight|88/100|[from] item: Leftovers\n|-start|p1b: Corviknight|perish1\n|upkeep\n|turn|5\n|-message|nhatbb forfeited.\n|\n|win|ChronicNikos\n|raw|nhatbb's rating: 1311 &rarr; <strong>1296</strong><br />(-15 for losing)\n|raw|ChronicNikos's rating: 1405 &rarr; <strong>1420</strong><br />(+15 for winning)\n|l|\u2606nhatbb\n|player|p1|\n",
  "uploadtime": 1776430235,
  "views": 63,
  "formatid": "gen9championsvgc2026regma",
  "rating": 1296,
  "private": 0,
  "password": null
}