{
  "id": "gen9championsvgc2026regma-2583718460",
  "format": "[Gen 9 Champions] VGC 2026 Reg M-A",
  "players": [
    "devaunte",
    "Potterfan3"
  ],
  "log": "|j|\u2606devaunte\n|j|\u2606Potterfan3\n|t:|1776192999\n|gametype|doubles\n|player|p1|devaunte|102|1082\n|player|p2|Potterfan3|richboy|1058\n|gen|9\n|tier|[Gen 9 Champions] VGC 2026 Reg M-A\n|rated|\n|rule|Species Clause: Limit one of each Pok\u00e9mon\n|rule|Item Clause: Limit 1 of each item\n|clearpoke\n|poke|p1|Alakazam, L50, F|\n|poke|p1|Incineroar, L50, M|\n|poke|p1|Crabominable, L50, F|\n|poke|p1|Pelipper, L50, M|\n|poke|p1|Basculegion, L50, M|\n|poke|p1|Archaludon, L50, F|\n|poke|p2|Aggron, L50, M|\n|poke|p2|Maushold, L50|\n|poke|p2|Tyranitar, L50, F|\n|poke|p2|Incineroar, L50, F|\n|poke|p2|Rotom-Wash, L50|\n|poke|p2|Milotic, L50, F|\n|teampreview|4\n|inactive|Battle timer is ON: inactive players will automatically lose when time's up. (requested by devaunte)\n|inactive|devaunte has 60 seconds left.\n|\n|t:|1776193036\n|teamsize|p1|4\n|teamsize|p2|4\n|start\n|switch|p1a: Incineroar|Incineroar, L50, M|100/100\n|switch|p1b: Pelipper|Pelipper, L50, M|100/100\n|switch|p2a: Aggron|Aggron, L50, M|100/100\n|switch|p2b: Maushold|Maushold, L50|100/100\n|-weather|RainDance|[from] ability: Drizzle|[of] p1b: Pelipper\n|-ability|p1a: Incineroar|Intimidate|boost\n|-unboost|p2a: Aggron|atk|1\n|-unboost|p2b: Maushold|atk|1\n|turn|1\n|inactive|devaunte has 30 seconds left.\n|\n|t:|1776193069\n|switch|p1b: Alakazam|Alakazam, L50, F|100/100\n|detailschange|p2a: Aggron|Aggron-Mega, L50, M\n|-mega|p2a: Aggron|Aggron|Aggronite\n|move|p2b: Maushold|Protect|p2b: Maushold\n|-singleturn|p2b: Maushold|Protect\n|move|p1a: Incineroar|Parting Shot|p2a: Aggron\n|-unboost|p2a: Aggron|atk|1\n|-unboost|p2a: Aggron|spa|1\n|\n|t:|1776193076\n|switch|p1a: Pelipper|Pelipper, L50, M|100/100|[from] Parting Shot\n|move|p2a: Aggron|Iron Defense|p2a: Aggron\n|-boost|p2a: Aggron|def|2\n|\n|-weather|RainDance|[upkeep]\n|upkeep\n|turn|2\n|inactive|devaunte has 30 seconds left.\n|\n|t:|1776193105\n|move|p2b: Maushold|Helping Hand|p2a: Aggron\n|-singleturn|p2a: Aggron|Helping Hand|[of] p2b: Maushold\n|move|p1b: Alakazam|Encore|p2b: Maushold\n|-start|p2b: Maushold|Encore\n|move|p1a: Pelipper|Weather Ball|p2a: Aggron\n|-damage|p2a: Aggron|39/100\n|move|p2a: Aggron|Body Press|p1a: Pelipper\n|-resisted|p1a: Pelipper|1\n|-damage|p1a: Pelipper|3/100\n|\n|-weather|RainDance|[upkeep]\n|upkeep\n|turn|3\n|\n|t:|1776193129\n|move|p2b: Maushold|Helping Hand|p2a: Aggron\n|-singleturn|p2a: Aggron|Helping Hand|[of] p2b: Maushold\n|move|p1b: Alakazam|Psychic|p2b: Maushold\n|-damage|p2b: Maushold|45/100\n|move|p1a: Pelipper|Weather Ball|p2a: Aggron\n|-damage|p2a: Aggron|0 fnt\n|faint|p2a: Aggron\n|\n|-weather|RainDance|[upkeep]\n|upkeep\n|\n|t:|1776193139\n|switch|p2a: Rotom|Rotom-Wash, L50|100/100\n|turn|4\n|inactive|devaunte has 30 seconds left.\n|inactive|devaunte has 20 seconds left.\n|inactive|devaunte has 15 seconds left.\n|inactive|devaunte has 10 seconds left.\n|\n|t:|1776193188\n|switch|p2b: Incineroar|Incineroar, L50, F|100/100\n|-ability|p2b: Incineroar|Intimidate|boost\n|-unboost|p1a: Pelipper|atk|1\n|-fail|p1b: Alakazam|unboost|Attack|[from] ability: Inner Focus|[of] p1b: Alakazam\n|move|p2a: Rotom|Thunderbolt|p1b: Alakazam\n|-damage|p1b: Alakazam|41/100\n|move|p1b: Alakazam|Psychic|p2a: Rotom\n|-damage|p2a: Rotom|31/100\n|-unboost|p2a: Rotom|spd|1\n|move|p1a: Pelipper|Hurricane|p2a: Rotom\n|-resisted|p2a: Rotom|1\n|-damage|p2a: Rotom|0 fnt\n|faint|p2a: Rotom\n|\n|-weather|RainDance|[upkeep]\n|upkeep\n|\n|t:|1776193198\n|switch|p2a: Maushold|Maushold, L50|45/100\n|turn|5\n|inactive|Potterfan3 has 30 seconds left.\n|\n|t:|1776193226\n|move|p2a: Maushold|Helping Hand|p2b: Incineroar\n|-singleturn|p2b: Incineroar|Helping Hand|[of] p2a: Maushold\n|move|p1b: Alakazam|Speed Swap|p1a: Pelipper\n|-activate|p1b: Alakazam|move: Speed Swap|[of] p1a: Pelipper\n|move|p1a: Pelipper|Weather Ball|p2b: Incineroar\n|-supereffective|p2b: Incineroar|1\n|-damage|p2b: Incineroar|18/100\n|move|p2b: Incineroar|Flare Blitz|p1b: Alakazam\n|-damage|p1b: Alakazam|0 fnt\n|faint|p1b: Alakazam\n|-damage|p2b: Incineroar|10/100|[from] Recoil\n|\n|-weather|none\n|upkeep\n|c|\u2606devaunte|sauced\n|c|\u2606devaunte|aaaaw it didn't kill\n|\n|t:|1776193244\n|switch|p1b: Incineroar|Incineroar, L50, M|100/100\n|-ability|p1b: Incineroar|Intimidate|boost\n|-unboost|p2a: Maushold|atk|1\n|-unboost|p2b: Incineroar|atk|1\n|turn|6\n|c|\u2606Potterfan3|bro I need to invest in special defence for my aggron\n|c|\u2606devaunte|it's an aggron it's kinda boned\n|\n|t:|1776193268\n|move|p1b: Incineroar|Fake Out|p2b: Incineroar\n|-damage|p2b: Incineroar|3/100\n|move|p2a: Maushold|Follow Me|p2a: Maushold\n|-singleturn|p2a: Maushold|move: Follow Me\n|move|p1a: Pelipper|Tailwind|p1a: Pelipper\n|-sidestart|p1: devaunte|move: Tailwind\n|cant|p2b: Incineroar|flinch\n|\n|upkeep\n|turn|7\n|\n|t:|1776193282\n|move|p2a: Maushold|Follow Me|p2a: Maushold\n|-singleturn|p2a: Maushold|move: Follow Me\n|move|p1a: Pelipper|Weather Ball|p2a: Maushold\n|-damage|p2a: Maushold|27/100\n|move|p1b: Incineroar|Flare Blitz|p2a: Maushold\n|-damage|p2a: Maushold|0 fnt\n|faint|p2a: Maushold\n|-damage|p1b: Incineroar|93/100|[from] Recoil\n|move|p2b: Incineroar|Flare Blitz|p1b: Incineroar\n|-resisted|p1b: Incineroar|1\n|-crit|p1b: Incineroar\n|-damage|p1b: Incineroar|61/100\n|-damage|p2b: Incineroar|0 fnt|[from] Recoil\n|faint|p2b: Incineroar\n|\n|win|devaunte\n|raw|devaunte's rating: 1082 &rarr; <strong>1108</strong><br />(+26 for winning)\n|raw|Potterfan3's rating: 1058 &rarr; <strong>1041</strong><br />(-17 for losing)\n|c|\u2606devaunte|gg man\n|c|\u2606Potterfan3|gg\n|l|\u2606Potterfan3\n|player|p2|\n",
  "uploadtime": 1776193297,
  "views": 26,
  "formatid": "gen9championsvgc2026regma",
  "rating": 1041,
  "private": 0,
  "password": null
}