{
  "id": "gen9championsvgc2026regma-2586672648",
  "format": "[Gen 9 Champions] VGC 2026 Reg M-A",
  "players": [
    "Woop1884",
    "LeKwis"
  ],
  "log": "|j|\u2606Woop1884\n|j|\u2606LeKwis\n|t:|1776450973\n|gametype|doubles\n|player|p1|Woop1884|102|1105\n|player|p2|LeKwis|169|1015\n|gen|9\n|tier|[Gen 9 Champions] VGC 2026 Reg M-A\n|rated|\n|rule|Species Clause: Limit one of each Pok\u00e9mon\n|rule|Item Clause: Limit 1 of each item\n|clearpoke\n|poke|p1|Froslass, L50, F|\n|poke|p1|Rotom-Wash, L50|\n|poke|p1|Sableye, L50, M|\n|poke|p1|Sneasler, L50, M|\n|poke|p1|Garchomp, L50, M|\n|poke|p1|Arcanine, L50, F|\n|poke|p2|Hatterene, L50, F|\n|poke|p2|Steelix, L50, F|\n|poke|p2|Mimikyu, L50, M|\n|poke|p2|Pelipper, L50, M|\n|poke|p2|Ampharos, L50, M|\n|poke|p2|Lycanroc-Dusk, L50, M|\n|teampreview|4\n|inactive|Battle timer is ON: inactive players will automatically lose when time's up. (requested by LeKwis)\nLeKwis rejected open team sheets.\n|\n|t:|1776451016\n|teamsize|p1|4\n|teamsize|p2|4\n|start\n|switch|p1a: Froslass|Froslass, L50, F|100/100\n|switch|p1b: Sableye|Sableye, L50, M|100/100\n|switch|p2a: Hatterene|Hatterene, L50, F|100/100\n|switch|p2b: Steelix|Steelix, L50, F|100/100\n|turn|1\n|\n|t:|1776451038\n|detailschange|p1a: Froslass|Froslass-Mega, L50, F\n|-mega|p1a: Froslass|Froslass|Froslassite\n|-weather|Snowscape|[from] ability: Snow Warning|[of] p1a: Froslass\n|detailschange|p2b: Steelix|Steelix-Mega, L50, F\n|-mega|p2b: Steelix|Steelix|Steelixite\n|move|p1b: Sableye|Fake Out|p2a: Hatterene\n|-damage|p2a: Hatterene|92/100\n|move|p1a: Froslass|Blizzard|p2a: Hatterene|[spread] p2a,p2b\n|-damage|p2a: Hatterene|52/100\n|-damage|p2b: Steelix|53/100\n|move|p2b: Steelix|Smack Down|p1a: Froslass\n|-supereffective|p1a: Froslass|1\n|-damage|p1a: Froslass|69/100\n|cant|p2a: Hatterene|flinch\n|\n|-weather|Snowscape|[upkeep]\n|upkeep\n|turn|2\n|\n|t:|1776451063\n|move|p2b: Steelix|Protect|p2b: Steelix\n|-singleturn|p2b: Steelix|Protect\n|move|p1b: Sableye|Will-O-Wisp|p2b: Steelix\n|-activate|p2b: Steelix|move: Protect\n|move|p1a: Froslass|Aurora Veil|p1a: Froslass\n|-sidestart|p1: Woop1884|move: Aurora Veil\n|move|p2a: Hatterene|Trick Room|p2a: Hatterene\n|-fieldstart|move: Trick Room|[of] p2a: Hatterene\n|\n|-weather|Snowscape|[upkeep]\n|upkeep\n|turn|3\n|inactive|LeKwis has 30 seconds left.\n|\n|t:|1776451093\n|switch|p2a: Pelipper|Pelipper, L50, M|100/100\n|-weather|RainDance|[from] ability: Drizzle|[of] p2a: Pelipper\n|switch|p2b: Ampharos|Ampharos, L50, M|100/100\n|move|p1b: Sableye|Quash||[still]\n|-fail|p1b: Sableye\n|move|p1a: Froslass|Blizzard|p2a: Pelipper|[spread] p2a,p2b\n|-damage|p2a: Pelipper|51/100\n|-damage|p2b: Ampharos|47/100\n|\n|-weather|RainDance|[upkeep]\n|upkeep\n|turn|4\n|\n|t:|1776451114\n|move|p1b: Sableye|Quash|p2b: Ampharos\n|-activate|p2b: Ampharos|move: Quash\n|move|p2a: Pelipper|Roost|p2a: Pelipper\n|-heal|p2a: Pelipper|100/100\n|-singleturn|p2a: Pelipper|move: Roost\n|move|p1a: Froslass|Shadow Ball|p2b: Ampharos\n|-damage|p2b: Ampharos|1/100\n|move|p2b: Ampharos|Thunder|p1a: Froslass\n|-damage|p1a: Froslass|26/100\n|\n|-weather|RainDance|[upkeep]\n|upkeep\n|turn|5\n|\n|t:|1776451135\n|move|p2b: Ampharos|Protect|p2b: Ampharos\n|-singleturn|p2b: Ampharos|Protect\n|move|p1b: Sableye|Foul Play|p2b: Ampharos\n|-activate|p2b: Ampharos|move: Protect\n|move|p2a: Pelipper|Hurricane|p1a: Froslass\n|-damage|p1a: Froslass|0 fnt\n|faint|p1a: Froslass\n|\n|-weather|RainDance|[upkeep]\n|upkeep\n|\n|t:|1776451146\n|switch|p1a: Garchomp|Garchomp, L50, M|100/100\n|turn|6\n|\n|t:|1776451164\n|move|p1a: Garchomp|Protect|p1a: Garchomp\n|-singleturn|p1a: Garchomp|Protect\n|move|p2b: Ampharos|Volt Switch|p1b: Sableye\n|-damage|p1b: Sableye|60/100\n|\n|t:|1776451172\n|switch|p2b: Hatterene|Hatterene, L50, F|52/100|[from] Volt Switch\n|move|p1b: Sableye|Foul Play|p2b: Hatterene\n|-damage|p2b: Hatterene|16/100\n|-enditem|p2b: Hatterene|Sitrus Berry|[eat]\n|-heal|p2b: Hatterene|41/100|[from] item: Sitrus Berry\n|move|p2a: Pelipper|Hydro Pump|p1a: Garchomp\n|-activate|p1a: Garchomp|move: Protect\n|\n|-weather|RainDance|[upkeep]\n|-sideend|p1: Woop1884|move: Aurora Veil\n|-fieldend|move: Trick Room\n|upkeep\n|turn|7\n|\n|t:|1776451193\n|switch|p1b: Rotom|Rotom-Wash, L50|100/100\n|move|p2b: Hatterene|Protect|p2b: Hatterene\n|-singleturn|p2b: Hatterene|Protect\n|move|p1a: Garchomp|Rock Slide|p2a: Pelipper|[spread] p2a\n|-activate|p2b: Hatterene|move: Protect\n|-supereffective|p2a: Pelipper|1\n|-damage|p2a: Pelipper|62/100\n|cant|p2a: Pelipper|flinch\n|\n|-weather|none\n|upkeep\n|turn|8\n|inactive|Woop1884 has 30 seconds left.\n|\n|t:|1776451226\n|switch|p2a: Steelix|Steelix-Mega, L50, F|53/100\n|move|p1b: Rotom|Hydro Pump|p2b: Hatterene\n|-damage|p2b: Hatterene|4/100\n|move|p1a: Garchomp|Rock Slide|p2b: Hatterene|[spread] p2a,p2b\n|-resisted|p2a: Steelix|2\n|-damage|p2a: Steelix|51/100\n|-damage|p2b: Hatterene|0 fnt\n|faint|p2b: Hatterene\n|\n|upkeep\n|\n|t:|1776451271\n|switch|p2b: Ampharos|Ampharos, L50, M|1/100\n|turn|9\n|inactive|Woop1884 has 30 seconds left.\n|inactive|LeKwis has 30 seconds left.\n|-message|LeKwis forfeited.\n|l|\u2606LeKwis\n|inactive|LeKwis disconnected and has a minute to reconnect!\n|player|p2|\n|j|\u2606LeKwis\n|inactive|LeKwis reconnected and has 30 seconds left.\n|player|p2|LeKwis|169|\n|l|\u2606LeKwis\n|inactive|LeKwis disconnected and has a minute to reconnect!\n|player|p2|\n|\n|win|Woop1884\n|raw|Woop1884's rating: 1105 &rarr; <strong>1124</strong><br />(+19 for winning)\n|raw|LeKwis's rating: 1015 &rarr; <strong>1006</strong><br />(-9 for losing)\n",
  "uploadtime": 1776451344,
  "views": 30,
  "formatid": "gen9championsvgc2026regma",
  "rating": 1006,
  "private": 0,
  "password": null
}