{
  "id": "gen9championsvgc2026regma-2588195579",
  "format": "[Gen 9 Champions] VGC 2026 Reg M-A",
  "players": [
    "Larusso_uc",
    "GordoFox"
  ],
  "log": "|j|\u2606Larusso_uc\n|j|\u2606GordoFox\n|t:|1776613398\n|gametype|doubles\n|player|p1|Larusso_uc|roark|1084\n|player|p2|GordoFox|blue|1047\n|gen|9\n|tier|[Gen 9 Champions] VGC 2026 Reg M-A\n|rated|\n|rule|Species Clause: Limit one of each Pok\u00e9mon\n|rule|Item Clause: Limit 1 of each item\n|clearpoke\n|poke|p1|Talonflame, L50, M|\n|poke|p1|Gengar, L50, M|\n|poke|p1|Garchomp, L50, F|\n|poke|p1|Kingambit, L50, F|\n|poke|p1|Incineroar, L50, M|\n|poke|p1|Rotom-Wash, L50|\n|poke|p2|Lucario, L50, M, shiny|\n|poke|p2|Incineroar, L50, F, shiny|\n|poke|p2|Garchomp, L50, M, shiny|\n|poke|p2|Gardevoir, L50, F, shiny|\n|poke|p2|Gyarados, L50, F, shiny|\n|poke|p2|Talonflame, L50, F, shiny|\n|teampreview|4\nGordoFox has agreed to open team sheets.\n|inactive|Battle timer is ON: inactive players will automatically lose when time's up. (requested by GordoFox)\n|\n|t:|1776613421\n|teamsize|p1|4\n|teamsize|p2|4\n|start\n|switch|p1a: Talonflame|Talonflame, L50, M|100/100\n|switch|p1b: Gengar|Gengar, L50, M|100/100\n|switch|p2a: Gardevoir|Gardevoir, L50, F, shiny|100/100\n|switch|p2b: Talonflame|Talonflame, L50, F, shiny|100/100\n|turn|1\n|inactive|Larusso_uc has 30 seconds left.\n|\n|t:|1776613447\n|detailschange|p1b: Gengar|Gengar-Mega, L50, M\n|-mega|p1b: Gengar|Gengar|Gengarite\n|move|p2a: Gardevoir|Protect|p2a: Gardevoir\n|-singleturn|p2a: Gardevoir|Protect\n|move|p1a: Talonflame|Tailwind|p1a: Talonflame\n|-sidestart|p1: Larusso_uc|move: Tailwind\n|move|p2b: Talonflame|Tailwind|p2b: Talonflame\n|-sidestart|p2: GordoFox|move: Tailwind\n|move|p1b: Gengar|Shadow Ball|p2a: Gardevoir\n|-activate|p2a: Gardevoir|move: Protect\n|\n|upkeep\n|turn|2\n|inactive|Larusso_uc has 30 seconds left.\n|\n|t:|1776613480\n|detailschange|p2a: Gardevoir|Gardevoir-Mega, L50, F, shiny\n|-mega|p2a: Gardevoir|Gardevoir|Gardevoirite\n|move|p1a: Talonflame|Protect|p1a: Talonflame\n|-singleturn|p1a: Talonflame|Protect\n|move|p2b: Talonflame|Quick Guard|p2b: Talonflame\n|-singleturn|p2b: Talonflame|Quick Guard\n|move|p1b: Gengar|Shadow Ball|p2b: Talonflame\n|-damage|p2b: Talonflame|28/100\n|move|p2a: Gardevoir|Psychic|p1b: Gengar\n|-supereffective|p1b: Gengar|1\n|-damage|p1b: Gengar|0 fnt\n|faint|p1b: Gengar\n|\n|upkeep\n|\n|t:|1776613502\n|switch|p1b: Garchomp|Garchomp, L50, F|100/100\n|turn|3\n|\n|t:|1776613514\n|switch|p2b: Incineroar|Incineroar, L50, F, shiny|100/100\n|-ability|p2b: Incineroar|Intimidate|boost\n|-unboost|p1a: Talonflame|atk|1\n|-unboost|p1b: Garchomp|atk|1\n|move|p1a: Talonflame|Acrobatics|p2a: Gardevoir\n|-damage|p2a: Gardevoir|66/100\n|move|p1b: Garchomp|Earthquake|p2a: Gardevoir|[spread] p2a,p2b\n|-immune|p1a: Talonflame\n|-supereffective|p2b: Incineroar|1\n|-damage|p2a: Gardevoir|16/100\n|-damage|p2b: Incineroar|51/100\n|move|p2a: Gardevoir|Hyper Voice|p1a: Talonflame|[spread] p1a,p1b\n|-resisted|p1a: Talonflame|1\n|-supereffective|p1b: Garchomp|1\n|-damage|p1a: Talonflame|66/100\n|-damage|p1b: Garchomp|0 fnt\n|faint|p1b: Garchomp\n|\n|upkeep\n|\n|t:|1776613531\n|switch|p1b: Rotom|Rotom-Wash, L50|100/100\n|turn|4\n|\n|t:|1776613543\n|move|p1a: Talonflame|Protect|p1a: Talonflame\n|-singleturn|p1a: Talonflame|Protect\n|move|p1b: Rotom|Protect|p1b: Rotom\n|-singleturn|p1b: Rotom|Protect\n|move|p2b: Incineroar|Fake Out|p1a: Talonflame\n|-activate|p1a: Talonflame|move: Protect\n|move|p2a: Gardevoir|Will-O-Wisp|p1b: Rotom\n|-activate|p1b: Rotom|move: Protect\n|\n|-sideend|p1: Larusso_uc|move: Tailwind\n|-sideend|p2: GordoFox|move: Tailwind\n|upkeep\n|turn|5\n|\n|t:|1776613559\n|move|p2a: Gardevoir|Protect|p2a: Gardevoir\n|-singleturn|p2a: Gardevoir|Protect\n|move|p1a: Talonflame|Acrobatics|p2a: Gardevoir\n|-activate|p2a: Gardevoir|move: Protect\n|move|p1b: Rotom|Hydro Pump|p2b: Incineroar\n|-supereffective|p2b: Incineroar|1\n|-damage|p2b: Incineroar|0 fnt\n|faint|p2b: Incineroar\n|\n|upkeep\n|\n|t:|1776613567\n|switch|p2b: Garchomp|Garchomp, L50, M, shiny|100/100\n|turn|6\n|\n|t:|1776613586\n|move|p1a: Talonflame|Protect|p1a: Talonflame\n|-singleturn|p1a: Talonflame|Protect\n|move|p2a: Gardevoir|Protect||[still]\n|-fail|p2a: Gardevoir\n|move|p2b: Garchomp|Rock Slide|p1b: Rotom|[spread] p1b\n|-activate|p1a: Talonflame|move: Protect\n|-damage|p1b: Rotom|85/100\n|cant|p1b: Rotom|flinch\n|\n|-heal|p1b: Rotom|91/100|[from] item: Leftovers\n|upkeep\n|turn|7\n|inactive|Larusso_uc has 30 seconds left.\n|\n|t:|1776613613\n|switch|p2a: Talonflame|Talonflame, L50, F, shiny|28/100\n|move|p1a: Talonflame|Acrobatics|p2a: Talonflame\n|-damage|p2a: Talonflame|0 fnt\n|faint|p2a: Talonflame\n|move|p2b: Garchomp|Earthquake|p1a: Talonflame|[spread] \n|-immune|p1a: Talonflame\n|-immune|p1b: Rotom|[from] ability: Levitate\n|move|p1b: Rotom|Will-O-Wisp|p2b: Garchomp\n|-status|p2b: Garchomp|brn\n|\n|-heal|p1b: Rotom|97/100|[from] item: Leftovers\n|-damage|p2b: Garchomp|94/100 brn|[from] brn\n|upkeep\n|\n|t:|1776613623\n|switch|p2a: Gardevoir|Gardevoir-Mega, L50, F, shiny|16/100\n|turn|8\n|\n|t:|1776613634\n|move|p1a: Talonflame|Protect|p1a: Talonflame\n|-singleturn|p1a: Talonflame|Protect\n|move|p2a: Gardevoir|Protect|p2a: Gardevoir\n|-singleturn|p2a: Gardevoir|Protect\n|move|p2b: Garchomp|Rock Slide|p1a: Talonflame|[spread] p1b\n|-activate|p1a: Talonflame|move: Protect\n|-damage|p1b: Rotom|89/100\n|move|p1b: Rotom|Hydro Pump|p2b: Garchomp\n|-damage|p2b: Garchomp|50/100 brn\n|\n|-heal|p1b: Rotom|95/100|[from] item: Leftovers\n|-damage|p2b: Garchomp|44/100 brn|[from] brn\n|upkeep\n|turn|9\n|\n|t:|1776613654\n|move|p1a: Talonflame|Acrobatics|p2a: Gardevoir\n|-damage|p2a: Gardevoir|0 fnt\n|faint|p2a: Gardevoir\n|move|p2b: Garchomp|Dragon Claw|p1b: Rotom\n|-damage|p1b: Rotom|79/100\n|move|p1b: Rotom|Hydro Pump|p2b: Garchomp\n|-damage|p2b: Garchomp|1/100 brn\n|\n|-heal|p1b: Rotom|85/100|[from] item: Leftovers\n|-damage|p2b: Garchomp|0 fnt|[from] brn\n|faint|p2b: Garchomp\n|\n|win|Larusso_uc\n|raw|Larusso_uc's rating: 1084 &rarr; <strong>1108</strong><br />(+24 for winning)\n|raw|GordoFox's rating: 1047 &rarr; <strong>1032</strong><br />(-15 for losing)\n",
  "uploadtime": 1776613660,
  "views": 7,
  "formatid": "gen9championsvgc2026regma",
  "rating": 1032,
  "private": 0,
  "password": null
}