{
  "id": "gen9championsvgc2026regma-2587486211",
  "format": "[Gen 9 Champions] VGC 2026 Reg M-A",
  "players": [
    "SpockyFrogo",
    "d_malicious"
  ],
  "log": "|j|\u2606SpockyFrogo\n|j|\u2606d_malicious\n|t:|1776535883\n|gametype|doubles\n|player|p1|SpockyFrogo|266|1285\n|player|p2|d_malicious|265|1279\n|gen|9\n|tier|[Gen 9 Champions] VGC 2026 Reg M-A\n|rated|\n|rule|Species Clause: Limit one of each Pok\u00e9mon\n|rule|Item Clause: Limit 1 of each item\n|clearpoke\n|poke|p1|Sylveon, L50, F|\n|poke|p1|Milotic, L50, F|\n|poke|p1|Golurk, L50|\n|poke|p1|Farigiraf, L50, F|\n|poke|p1|Arcanine-Hisui, L50, F|\n|poke|p1|Garchomp, L50, M|\n|poke|p2|Chesnaught, L50, M|\n|poke|p2|Excadrill, L50, M|\n|poke|p2|Tyranitar, L50, F|\n|poke|p2|Corviknight, L50, F|\n|poke|p2|Farigiraf, L50, M|\n|poke|p2|Rotom-Heat, L50|\n|teampreview|4\n|\n|t:|1776535918\n|teamsize|p1|4\n|teamsize|p2|4\n|start\n|switch|p1a: Farigiraf|Farigiraf, L50, F|100/100\n|switch|p1b: Sylveon|Sylveon, L50, F|100/100\n|switch|p2a: Rotom|Rotom-Heat, L50|100/100\n|switch|p2b: Chesnaught|Chesnaught, L50, M|100/100\n|turn|1\n|\n|t:|1776535942\n|detailschange|p2b: Chesnaught|Chesnaught-Mega, L50, M\n|-mega|p2b: Chesnaught|Chesnaught|Chesnaughtite\n|move|p2a: Rotom|Volt Switch|p1a: Farigiraf\n|-damage|p1a: Farigiraf|66/100\n|\n|t:|1776535951\n|switch|p2a: Farigiraf|Farigiraf, L50, M|100/100|[from] Volt Switch\n|move|p1b: Sylveon|Hyper Voice|p2a: Farigiraf|[spread] p2a,p2b\n|-supereffective|p2b: Chesnaught|1\n|-damage|p2a: Farigiraf|54/100\n|-damage|p2b: Chesnaught|23/100\n|move|p2b: Chesnaught|Body Press|p1a: Farigiraf\n|-damage|p1a: Farigiraf|7/100\n|move|p1a: Farigiraf|Trick Room|p1a: Farigiraf\n|-fieldstart|move: Trick Room|[of] p1a: Farigiraf\n|\n|upkeep\n|turn|2\n|\n|t:|1776535972\n|move|p2b: Chesnaught|Spiky Shield|p2b: Chesnaught\n|-singleturn|p2b: Chesnaught|move: Protect\n|move|p1a: Farigiraf|Hyper Voice|p2a: Farigiraf|[spread] p2a\n|-activate|p2b: Chesnaught|move: Protect\n|-damage|p2a: Farigiraf|18/100\n|move|p1b: Sylveon|Hyper Voice|p2a: Farigiraf|[spread] p2a\n|-activate|p2b: Chesnaught|move: Protect\n|-damage|p2a: Farigiraf|0 fnt\n|faint|p2a: Farigiraf\n|\n|upkeep\n|\n|t:|1776535980\n|switch|p2a: Tyranitar|Tyranitar, L50, F|100/100\n|-weather|Sandstorm|[from] ability: Sand Stream|[of] p2a: Tyranitar\n|turn|3\n|\n|t:|1776535995\n|move|p2b: Chesnaught|Wide Guard|p2b: Chesnaught\n|-singleturn|p2b: Chesnaught|Wide Guard\n|move|p1a: Farigiraf|Hyper Voice|p2b: Chesnaught|[spread] \n|-activate|p2a: Tyranitar|move: Wide Guard\n|-activate|p2b: Chesnaught|move: Wide Guard\n|move|p1b: Sylveon|Hyper Voice|p2a: Tyranitar|[spread] \n|-activate|p2a: Tyranitar|move: Wide Guard\n|-activate|p2b: Chesnaught|move: Wide Guard\n|move|p2a: Tyranitar|Rock Slide|p1a: Farigiraf|[spread] p1a,p1b\n|-damage|p1a: Farigiraf|0 fnt\n|-damage|p1b: Sylveon|61/100\n|faint|p1a: Farigiraf\n|\n|-weather|Sandstorm|[upkeep]\n|-damage|p2b: Chesnaught|17/100|[from] Sandstorm\n|-damage|p1b: Sylveon|55/100|[from] Sandstorm\n|upkeep\n|\n|t:|1776536013\n|switch|p1a: Golurk|Golurk, L50|100/100\n|turn|4\n|\n|t:|1776536020\n|move|p2b: Chesnaught|Leech Seed|p1b: Sylveon\n|-start|p1b: Sylveon|move: Leech Seed\n|move|p1a: Golurk|Close Combat|p2a: Tyranitar\n|-supereffective|p2a: Tyranitar|2\n|-damage|p2a: Tyranitar|0 fnt\n|-unboost|p1a: Golurk|def|1\n|-unboost|p1a: Golurk|spd|1\n|faint|p2a: Tyranitar\n|move|p1b: Sylveon|Hyper Voice|p2b: Chesnaught\n|-supereffective|p2b: Chesnaught|1\n|-damage|p2b: Chesnaught|0 fnt\n|faint|p2b: Chesnaught\n|\n|-weather|Sandstorm|[upkeep]\n|-damage|p1b: Sylveon|49/100|[from] Sandstorm\n|upkeep\n|\n|t:|1776536025\n|switch|p2a: Rotom|Rotom-Heat, L50|100/100\n|turn|5\n|\n|t:|1776536038\n|detailschange|p1a: Golurk|Golurk-Mega, L50\n|-mega|p1a: Golurk|Golurk|Golurkite\n|move|p2a: Rotom|Protect|p2a: Rotom\n|-singleturn|p2a: Rotom|Protect\n|move|p1a: Golurk|Poltergeist|p2a: Rotom\n|-activate|p2a: Rotom|move: Protect\n|move|p1b: Sylveon|Hyper Voice|p2a: Rotom\n|-activate|p2a: Rotom|move: Protect\n|\n|-weather|Sandstorm|[upkeep]\n|-damage|p1b: Sylveon|43/100|[from] Sandstorm\n|-damage|p2a: Rotom|95/100|[from] Sandstorm\n|-fieldend|move: Trick Room\n|upkeep\n|turn|6\n|\n|t:|1776536066\n|move|p2a: Rotom|Overheat|p1a: Golurk\n|-damage|p1a: Golurk|31/100\n|-unboost|p2a: Rotom|spa|2\n|move|p1b: Sylveon|Hyper Voice|p2a: Rotom\n|-resisted|p2a: Rotom|1\n|-damage|p2a: Rotom|49/100\n|-enditem|p2a: Rotom|Sitrus Berry|[eat]\n|-heal|p2a: Rotom|73/100|[from] item: Sitrus Berry\n|move|p1a: Golurk|Poltergeist||[still]\n|-fail|p1a: Golurk\n|\n|-weather|Sandstorm|[upkeep]\n|-damage|p2a: Rotom|67/100|[from] Sandstorm\n|-damage|p1b: Sylveon|38/100|[from] Sandstorm\n|upkeep\n|turn|7\n|\n|t:|1776536089\n|move|p2a: Rotom|Overheat|p1a: Golurk\n|-damage|p1a: Golurk|0 fnt\n|-unboost|p2a: Rotom|spa|2\n|faint|p1a: Golurk\n|move|p1b: Sylveon|Hyper Voice|p2a: Rotom\n|-resisted|p2a: Rotom|1\n|-crit|p2a: Rotom\n|-damage|p2a: Rotom|4/100\n|\n|-weather|none\n|upkeep\n|\n|t:|1776536097\n|switch|p1a: Milotic|Milotic, L50, F|100/100\n|turn|8\n|\n|t:|1776536101\n|move|p2a: Rotom|Thunderbolt|p1a: Milotic\n|-supereffective|p1a: Milotic|1\n|-damage|p1a: Milotic|82/100\n|move|p1a: Milotic|Scald|p2a: Rotom\n|-supereffective|p2a: Rotom|1\n|-damage|p2a: Rotom|0 fnt\n|faint|p2a: Rotom\n|\n|win|SpockyFrogo\n|raw|SpockyFrogo's rating: 1285 &rarr; <strong>1310</strong><br />(+25 for winning)\n|raw|d_malicious's rating: 1279 &rarr; <strong>1254</strong><br />(-25 for losing)\n",
  "uploadtime": 1776536121,
  "views": 20,
  "formatid": "gen9championsvgc2026regma",
  "rating": 1254,
  "private": 0,
  "password": null
}