{
  "id": "gen9championsvgc2026regma-2581282368",
  "format": "[Gen 9 Champions] VGC 2026 Reg M-A",
  "players": [
    "Despairing Sadness",
    "thebleakdisc"
  ],
  "log": "|j|\u203dDespairing Sadness\n|j|\u2606thebleakdisc\n|t:|1775980927\n|gametype|doubles\n|player|p1|Despairing Sadness|skier|1076\n|player|p2|thebleakdisc|170|1000\n|gen|9\n|tier|[Gen 9 Champions] VGC 2026 Reg M-A\n|rated|\n|rule|Species Clause: Limit one of each Pok\u00e9mon\n|rule|Item Clause: Limit 1 of each item\n|clearpoke\n|poke|p1|Gardevoir, L50, F|\n|poke|p1|Garchomp, L50, M|\n|poke|p1|Sneasler, L50, M|\n|poke|p1|Gyarados, L50, F|\n|poke|p1|Sinistcha, L50|\n|poke|p1|Charizard, L50, M|\n|poke|p2|Gengar, L50, F|\n|poke|p2|Incineroar, L50, M|\n|poke|p2|Umbreon, L50, F|\n|poke|p2|Whimsicott, L50, F|\n|teampreview|4\n|inactive|Battle timer is ON: inactive players will automatically lose when time's up. (requested by thebleakdisc)\n|\n|t:|1775980949\n|teamsize|p1|4\n|teamsize|p2|4\n|start\n|switch|p1a: Gyarados|Gyarados, L50, F, shiny|100/100\n|switch|p1b: Sneasler|Sneasler, L50, M, shiny|100/100\n|switch|p2a: Gengar|Gengar, L50, F|100/100\n|switch|p2b: Whimsicott|Whimsicott, L50, F|100/100\n|-ability|p1a: Gyarados|Intimidate|boost\n|-unboost|p2a: Gengar|atk|1\n|-unboost|p2b: Whimsicott|atk|1\n|turn|1\n|\n|t:|1775980958\n|detailschange|p2a: Gengar|Gengar-Mega, L50, F\n|-mega|p2a: Gengar|Gengar|Gengarite\n|move|p2a: Gengar|Protect|p2a: Gengar\n|-singleturn|p2a: Gengar|Protect\n|move|p2b: Whimsicott|Tailwind|p2b: Whimsicott\n|-sidestart|p2: thebleakdisc|move: Tailwind\n|move|p1b: Sneasler|Dire Claw|p2b: Whimsicott\n|-supereffective|p2b: Whimsicott|2\n|-enditem|p2b: Whimsicott|Focus Sash\n|-damage|p2b: Whimsicott|1/100\n|move|p1a: Gyarados|Thunder Wave|p2a: Gengar\n|-activate|p2a: Gengar|move: Protect\n|\n|upkeep\n|turn|2\n|\n|t:|1775980981\n|move|p2a: Gengar|Perish Song|p2a: Gengar\n|-start|p1a: Gyarados|perish3|[silent]\n|-start|p1b: Sneasler|perish3|[silent]\n|-start|p2a: Gengar|perish3|[silent]\n|-start|p2b: Whimsicott|perish3|[silent]\n|-fieldactivate|move: Perish Song\n|move|p2b: Whimsicott|Endeavor|p1a: Gyarados\n|-damage|p1a: Gyarados|1/100\n|-enditem|p1a: Gyarados|Sitrus Berry|[eat]\n|-heal|p1a: Gyarados|26/100|[from] item: Sitrus Berry\n|move|p1b: Sneasler|Dire Claw|p2b: Whimsicott\n|-supereffective|p2b: Whimsicott|2\n|-damage|p2b: Whimsicott|0 fnt\n|faint|p2b: Whimsicott\n|move|p1a: Gyarados|Thunder Wave|p2a: Gengar\n|-status|p2a: Gengar|par\n|\n|-start|p2a: Gengar|perish3\n|-start|p1b: Sneasler|perish3\n|-start|p1a: Gyarados|perish3\n|upkeep\n|\n|t:|1775980989\n|switch|p2b: Umbreon|Umbreon, L50, F|100/100\n|turn|3\n|\n|t:|1775981001\n|switch|p2a: Incineroar|Incineroar, L50, M|100/100\n|-ability|p2a: Incineroar|Intimidate|boost\n|-unboost|p1a: Gyarados|atk|1\n|-unboost|p1b: Sneasler|atk|1\n|-enditem|p1b: Sneasler|White Herb\n|-clearnegativeboost|p1b: Sneasler|[silent]\n|move|p1b: Sneasler|Close Combat|p2b: Umbreon\n|-supereffective|p2b: Umbreon|1\n|-damage|p2b: Umbreon|0 fnt\n|-unboost|p1b: Sneasler|def|1\n|-unboost|p1b: Sneasler|spd|1\n|faint|p2b: Umbreon\n|move|p1a: Gyarados|Thunder Wave|p2a: Incineroar\n|-status|p2a: Incineroar|par\n|\n|-start|p1b: Sneasler|perish2\n|-start|p1a: Gyarados|perish2\n|upkeep\n|\n|t:|1775981009\n|switch|p2b: Gengar|Gengar-Mega, L50, F|100/100 par\n|turn|4\n|\n|t:|1775981022\n|move|p2b: Gengar|Protect|p2b: Gengar\n|-singleturn|p2b: Gengar|Protect\n|cant|p2a: Incineroar|par\n|move|p1b: Sneasler|Close Combat|p2a: Incineroar\n|-supereffective|p2a: Incineroar|1\n|-damage|p2a: Incineroar|0 fnt\n|-unboost|p1b: Sneasler|def|1\n|-unboost|p1b: Sneasler|spd|1\n|faint|p2a: Incineroar\n|move|p1a: Gyarados|Waterfall|p2b: Gengar\n|-activate|p2b: Gengar|move: Protect\n|\n|-start|p1b: Sneasler|perish1\n|-start|p1a: Gyarados|perish1\n|-sideend|p2: thebleakdisc|move: Tailwind\n|upkeep\n|turn|5\n|\n|t:|1775981038\n|move|p1b: Sneasler|Throat Chop|p2b: Gengar\n|-supereffective|p2b: Gengar|1\n|-damage|p2b: Gengar|18/100 par\n|-start|p2b: Gengar|Throat Chop|[silent]\n|move|p1a: Gyarados|Waterfall|p2b: Gengar\n|-damage|p2b: Gengar|0 fnt\n|faint|p2b: Gengar\n|\n|win|Despairing Sadness\n|raw|Despairing Sadness's rating: 1076 &rarr; <strong>1098</strong><br />(+22 for winning)\n|raw|thebleakdisc's rating: 1000 &rarr; <strong>1000</strong><br />(+0 for losing)\n|l|\u2606thebleakdisc\n|player|p2|\n",
  "uploadtime": 1775981067,
  "views": 18,
  "formatid": "gen9championsvgc2026regma",
  "rating": 1000,
  "private": 0,
  "password": null
}