{
  "id": "gen9championsvgc2026regma-2586661075",
  "format": "[Gen 9 Champions] VGC 2026 Reg M-A",
  "players": [
    "antarcticbeluga",
    "Atlas Erol"
  ],
  "log": "|j|\u2606antarcticbeluga\n|j|\u2606Atlas Erol\n|t:|1776450172\n|gametype|doubles\n|player|p1|antarcticbeluga|102|1206\n|player|p2|Atlas Erol|266|1250\n|gen|9\n|tier|[Gen 9 Champions] VGC 2026 Reg M-A\n|rated|\n|rule|Species Clause: Limit one of each Pok\u00e9mon\n|rule|Item Clause: Limit 1 of each item\n|clearpoke\n|poke|p1|Sneasler, L50, F|\n|poke|p1|Tyranitar, L50, M|\n|poke|p1|Rotom-Wash, L50|\n|poke|p1|Excadrill, L50, F|\n|poke|p1|Dragapult, L50, F|\n|poke|p1|Meganium, L50, F|\n|poke|p2|Floette-Eternal, L50, F|\n|poke|p2|Talonflame, L50, M|\n|poke|p2|Sinistcha, L50|\n|poke|p2|Basculegion, L50, M|\n|poke|p2|Delphox, L50, M|\n|poke|p2|Farigiraf, L50, F|\n|teampreview|4\n|inactive|Battle timer is ON: inactive players will automatically lose when time's up. (requested by antarcticbeluga)\n|inactive|antarcticbeluga has 60 seconds left.\n|inactive|Atlas Erol has 60 seconds left.\n|inactive|Atlas Erol has 30 seconds left.\n|inactive|Atlas Erol has 20 seconds left.\n|\n|t:|1776450263\n|teamsize|p1|4\n|teamsize|p2|4\n|start\n|switch|p1a: Dragapult|Dragapult, L50, F|100/100\n|switch|p1b: Sneasler|Sneasler, L50, F|100/100\n|switch|p2a: Floette|Floette-Eternal, L50, F|100/100\n|switch|p2b: Talonflame|Talonflame, L50, M|100/100\n|turn|1\n|\n|t:|1776450291\n|switch|p2a: Farigiraf|Farigiraf, L50, F|100/100\n|move|p1b: Sneasler|Fake Out||[still]\n|cant|p2a: Farigiraf|ability: Armor Tail|Fake Out|[of] p1b: Sneasler\n|move|p2b: Talonflame|Brave Bird|p1b: Sneasler\n|-supereffective|p1b: Sneasler|1\n|-damage|p1b: Sneasler|0 fnt\n|faint|p1b: Sneasler\n|-damage|p2b: Talonflame|67/100|[from] Recoil\n|move|p1a: Dragapult|Dragon Darts|p2b: Talonflame\n|-damage|p2b: Talonflame|26/100\n|-anim|p1a: Dragapult|Dragon Darts|p2a: Farigiraf\n|-damage|p2a: Farigiraf|82/100\n|\n|upkeep\n|\n|t:|1776450307\n|switch|p1b: Tyranitar|Tyranitar, L50, M|100/100\n|-weather|Sandstorm|[from] ability: Sand Stream|[of] p1b: Tyranitar\n|turn|2\n|\n|t:|1776450330\n|switch|p2b: Floette|Floette-Eternal, L50, F|100/100\n|move|p1a: Dragapult|Dragon Darts|p2a: Farigiraf\n|-damage|p2a: Farigiraf|64/100\n|-anim|p1a: Dragapult|Dragon Darts|p2a: Farigiraf\n|-damage|p2a: Farigiraf|47/100\n|-enditem|p2a: Farigiraf|Sitrus Berry|[eat]\n|-heal|p2a: Farigiraf|71/100|[from] item: Sitrus Berry\n|move|p1b: Tyranitar|Knock Off|p2a: Farigiraf\n|-supereffective|p2a: Farigiraf|1\n|-damage|p2a: Farigiraf|24/100\n|move|p2a: Farigiraf|Psychic|p1a: Dragapult\n|-damage|p1a: Dragapult|58/100\n|\n|-weather|Sandstorm|[upkeep]\n|-damage|p1a: Dragapult|52/100|[from] Sandstorm\n|-damage|p2b: Floette|94/100|[from] Sandstorm\n|-damage|p2a: Farigiraf|18/100|[from] Sandstorm\n|upkeep\n|turn|3\n|\n|t:|1776450350\n|detailschange|p2b: Floette|Floette-Mega, L50, F\n|-mega|p2b: Floette|Floette|Floettite\n|-ability|p2b: Floette|Fairy Aura\n|move|p2a: Farigiraf|Helping Hand|p2b: Floette\n|-singleturn|p2b: Floette|Helping Hand|[of] p2a: Farigiraf\n|move|p1a: Dragapult|Phantom Force||[still]\n|-prepare|p1a: Dragapult|Phantom Force\n|move|p2b: Floette|Dazzling Gleam|p1b: Tyranitar|[spread] p1b\n|-miss|p2b: Floette|p1a: Dragapult\n|-supereffective|p1b: Tyranitar|1\n|-damage|p1b: Tyranitar|22/100\n|move|p1b: Tyranitar|Rock Slide|p2b: Floette|[spread] p2a,p2b\n|-damage|p2a: Farigiraf|0 fnt\n|-damage|p2b: Floette|54/100\n|faint|p2a: Farigiraf\n|\n|-weather|Sandstorm|[upkeep]\n|-damage|p1a: Dragapult|46/100|[from] Sandstorm\n|-damage|p2b: Floette|48/100|[from] Sandstorm\n|upkeep\n|\n|t:|1776450362\n|switch|p2a: Talonflame|Talonflame, L50, M|26/100\n|turn|4\n|\n|t:|1776450379\n|move|p2b: Floette|Protect|p2b: Floette\n|-singleturn|p2b: Floette|Protect\n|move|p1a: Dragapult|Phantom Force|p2b: Floette|[from] lockedmove\n|-activate|p2b: Floette|move: Phantom Force|[broken]\n|-damage|p2b: Floette|0 fnt\n|faint|p2b: Floette\n|move|p2a: Talonflame|Tailwind|p2a: Talonflame\n|-sidestart|p2: Atlas Erol|move: Tailwind\n|move|p1b: Tyranitar|Rock Slide|p2a: Talonflame|[miss]\n|-miss|p1b: Tyranitar|p2a: Talonflame\n|\n|-weather|Sandstorm|[upkeep]\n|-damage|p2a: Talonflame|20/100|[from] Sandstorm\n|-damage|p1a: Dragapult|40/100|[from] Sandstorm\n|upkeep\n|\n|t:|1776450385\n|switch|p2b: Delphox|Delphox, L50, M|100/100\n|turn|5\n|\n|t:|1776450410\n|move|p1a: Dragapult|Protect|p1a: Dragapult\n|-singleturn|p1a: Dragapult|Protect\n|move|p2a: Talonflame|Brave Bird|p1a: Dragapult\n|-activate|p1a: Dragapult|move: Protect\n|move|p2b: Delphox|Heat Wave|p1b: Tyranitar|[spread] p1b\n|-activate|p1a: Dragapult|move: Protect\n|-resisted|p1b: Tyranitar|1\n|-damage|p1b: Tyranitar|12/100\n|-status|p1b: Tyranitar|brn\n|move|p1b: Tyranitar|Rock Slide|p2b: Delphox|[spread] p2a,p2b\n|-supereffective|p2a: Talonflame|2\n|-supereffective|p2b: Delphox|1\n|-damage|p2a: Talonflame|0 fnt\n|-damage|p2b: Delphox|52/100\n|faint|p2a: Talonflame\n|\n|-weather|Sandstorm|[upkeep]\n|-damage|p2b: Delphox|46/100|[from] Sandstorm\n|-damage|p1a: Dragapult|34/100|[from] Sandstorm\n|-damage|p1b: Tyranitar|6/100 brn|[from] brn\n|upkeep\n|turn|6\n|inactive|antarcticbeluga has 30 seconds left.\n|\n|t:|1776450437\n|move|p2b: Delphox|Heat Wave|p1b: Tyranitar|[spread] p1a,p1b\n|-resisted|p1a: Dragapult|1\n|-resisted|p1b: Tyranitar|1\n|-damage|p1a: Dragapult|9/100\n|-damage|p1b: Tyranitar|0 fnt\n|-status|p1a: Dragapult|brn\n|-enditem|p1a: Dragapult|Lum Berry|[eat]\n|-curestatus|p1a: Dragapult|brn|[msg]\n|faint|p1b: Tyranitar\n|move|p1a: Dragapult|Phantom Force||[still]\n|-prepare|p1a: Dragapult|Phantom Force\n|\n|-weather|none\n|upkeep\n|\n|t:|1776450446\n|switch|p1b: Excadrill|Excadrill, L50, F|100/100\n|turn|7\n|-message|Atlas Erol forfeited.\n|\n|win|antarcticbeluga\n|raw|antarcticbeluga's rating: 1206 &rarr; <strong>1234</strong><br />(+28 for winning)\n|raw|Atlas Erol's rating: 1250 &rarr; <strong>1222</strong><br />(-28 for losing)\n|l|\u2606Atlas Erol\n|player|p2|\n",
  "uploadtime": 1776450451,
  "views": 53,
  "formatid": "gen9championsvgc2026regma",
  "rating": 1222,
  "private": 0,
  "password": null
}