{
  "id": "gen9championsvgc2026regma-2585496056",
  "format": "[Gen 9 Champions] VGC 2026 Reg M-A",
  "players": [
    "FizzKing",
    "Evolice"
  ],
  "log": "|j|\u2606FizzKing\n|j|\u2606Evolice\n|t:|1776351438\n|gametype|doubles\n|player|p1|FizzKing|265|1080\n|player|p2|Evolice|falkner|1017\n|gen|9\n|tier|[Gen 9 Champions] VGC 2026 Reg M-A\n|rated|\n|rule|Species Clause: Limit one of each Pok\u00e9mon\n|rule|Item Clause: Limit 1 of each item\n|clearpoke\n|poke|p1|Oranguru, L50, F|\n|poke|p1|Froslass, L50, F|\n|poke|p1|Zoroark-Hisui, L50, M|\n|poke|p1|Ninetales-Alola, L50, M|\n|poke|p1|Aerodactyl, L50, M|\n|poke|p1|Rotom-Wash, L50|\n|poke|p2|Tauros-Paldea-Blaze, L50, M|\n|poke|p2|Meowscarada, L50, F|\n|poke|p2|Torkoal, L50, F|\n|poke|p2|Basculegion, L50, M|\n|poke|p2|Sinistcha-Masterpiece, L50|\n|poke|p2|Mimikyu, L50, M|\n|teampreview|4\n|\n|t:|1776351488\n|teamsize|p1|4\n|teamsize|p2|4\n|start\n|switch|p1a: Oranguru|Oranguru, L50, F|100/100\n|switch|p1b: Froslass|Froslass, L50, F|100/100\n|switch|p2a: Meowscarada|Meowscarada, L50, F|100/100\n|switch|p2b: Torkoal|Torkoal, L50, F|100/100\n|-weather|SunnyDay|[from] ability: Drought|[of] p2b: Torkoal\n|turn|1\n|\n|t:|1776351520\n|detailschange|p1b: Froslass|Froslass-Mega, L50, F\n|-mega|p1b: Froslass|Froslass|Froslassite\n|-weather|Snowscape|[from] ability: Snow Warning|[of] p1b: Froslass\n|move|p2a: Meowscarada|Knock Off|p1b: Froslass\n|-start|p2a: Meowscarada|typechange|Dark|[from] ability: Protean\n|-supereffective|p1b: Froslass|1\n|-damage|p1b: Froslass|52/100\n|move|p1b: Froslass|Blizzard|p2a: Meowscarada|[spread] p2a,p2b\n|-resisted|p2b: Torkoal|1\n|-damage|p2a: Meowscarada|46/100\n|-damage|p2b: Torkoal|78/100\n|move|p1a: Oranguru|Instruct|p1b: Froslass\n|-singleturn|p1b: Froslass|move: Instruct|[of] p1a: Oranguru\n|move|p1b: Froslass|Blizzard|p2a: Meowscarada|[spread] p2a,p2b\n|-resisted|p2b: Torkoal|1\n|-damage|p2a: Meowscarada|0 fnt\n|-damage|p2b: Torkoal|58/100\n|faint|p2a: Meowscarada\n|move|p2b: Torkoal|Stealth Rock|p1a: Oranguru\n|-sidestart|p1: FizzKing|move: Stealth Rock\n|\n|-weather|Snowscape|[upkeep]\n|-heal|p2b: Torkoal|64/100|[from] item: Leftovers\n|upkeep\n|\n|t:|1776351540\n|switch|p2a: Basculegion|Basculegion, L50, M|100/100\n|turn|2\n|\n|t:|1776351597\n|switch|p1b: Rotom|Rotom-Wash, L50|100/100\n|-damage|p1b: Rotom|88/100|[from] Stealth Rock\n|switch|p1a: Aerodactyl|Aerodactyl, L50, M|100/100\n|-ability|p1a: Aerodactyl|Unnerve\n|-damage|p1a: Aerodactyl|76/100|[from] Stealth Rock\n|switch|p2b: Tauros|Tauros-Paldea-Blaze, L50, M|100/100\n|move|p2a: Basculegion|Last Respects|p1b: Rotom\n|-damage|p1b: Rotom|15/100\n|\n|-weather|Snowscape|[upkeep]\n|upkeep\n|turn|3\n|\n|t:|1776351629\n|move|p2a: Basculegion|Aqua Jet|p1b: Rotom\n|-resisted|p1b: Rotom|1\n|-damage|p1b: Rotom|0 fnt\n|faint|p1b: Rotom\n|move|p1a: Aerodactyl|Tailwind|p1a: Aerodactyl\n|-sidestart|p1: FizzKing|move: Tailwind\n|move|p2b: Tauros|Rock Slide|p1a: Aerodactyl\n|-supereffective|p1a: Aerodactyl|1\n|-damage|p1a: Aerodactyl|18/100\n|\n|-weather|Snowscape|[upkeep]\n|upkeep\n|\n|t:|1776351638\n|switch|p1b: Froslass|Froslass-Mega, L50, F|52/100\n|-damage|p1b: Froslass|27/100|[from] Stealth Rock\n|turn|4\n|\n|t:|1776351671\n|switch|p2b: Torkoal|Torkoal, L50, F|64/100\n|-weather|SunnyDay|[from] ability: Drought|[of] p2b: Torkoal\n|move|p1b: Froslass|Protect|p1b: Froslass\n|-singleturn|p1b: Froslass|Protect\n|move|p2a: Basculegion|Aqua Jet|p1a: Aerodactyl\n|-supereffective|p1a: Aerodactyl|1\n|-damage|p1a: Aerodactyl|0 fnt\n|faint|p1a: Aerodactyl\n|\n|-weather|SunnyDay|[upkeep]\n|-heal|p2b: Torkoal|71/100|[from] item: Leftovers\n|upkeep\n|\n|t:|1776351682\n|switch|p1a: Oranguru|Oranguru, L50, F|100/100\n|-damage|p1a: Oranguru|88/100|[from] Stealth Rock\n|turn|5\n|\n|t:|1776351731\n|move|p2a: Basculegion|Aqua Jet|p1b: Froslass\n|-damage|p1b: Froslass|0 fnt\n|faint|p1b: Froslass\n|move|p1a: Oranguru|Instruct|p1: Froslass|[notarget]\n|-fail|p1a: Oranguru\n|move|p2b: Torkoal|Eruption|p1a: Oranguru\n|-damage|p1a: Oranguru|50/100\n|\n|-weather|SunnyDay|[upkeep]\n|-heal|p2b: Torkoal|77/100|[from] item: Leftovers\n|upkeep\n|turn|6\n|-message|FizzKing forfeited.\n|\n|win|Evolice\n|raw|FizzKing's rating: 1080 &rarr; <strong>1054</strong><br />(-26 for losing)\n|raw|Evolice's rating: 1017 &rarr; <strong>1061</strong><br />(+44 for winning)\n|l|\u2606FizzKing\n|player|p1|\n",
  "uploadtime": 1776351951,
  "views": 27,
  "formatid": "gen9championsvgc2026regma",
  "rating": 1054,
  "private": 0,
  "password": null
}