{
  "id": "gen9championsvgc2026regma-2583901783",
  "format": "[Gen 9 Champions] VGC 2026 Reg M-A",
  "players": [
    "Scaramouche_UwU6",
    "helyo283"
  ],
  "log": "|j|\u2606Scaramouche_UwU6\n|j|\u2606helyo283\n|t:|1776206794\n|gametype|doubles\n|player|p1|Scaramouche_UwU6|zinzolin|1099\n|player|p2|helyo283|266|1119\n|gen|9\n|tier|[Gen 9 Champions] VGC 2026 Reg M-A\n|rated|\n|rule|Species Clause: Limit one of each Pok\u00e9mon\n|rule|Item Clause: Limit 1 of each item\n|clearpoke\n|poke|p1|Gyarados, L50, M|\n|poke|p1|Gengar, L50, M|\n|poke|p1|Incineroar, L50, M|\n|poke|p1|Ninetales-Alola, L50, F|\n|poke|p1|Corviknight, L50, M|\n|poke|p1|Garchomp, L50, M|\n|poke|p2|Charizard, L50, F|\n|poke|p2|Raichu, L50, F|\n|poke|p2|Venusaur, L50, F|\n|poke|p2|Gyarados, L50, M|\n|poke|p2|Heracross, L50, M|\n|poke|p2|Vivillon, L50, M|\n|teampreview|4\n|\n|t:|1776206804\n|teamsize|p1|4\n|teamsize|p2|4\n|start\n|switch|p1a: Maelstrom|Gyarados, L50, M|100/100\n|switch|p1b: Funeral|Incineroar, L50, M, shiny|100/100\n|switch|p2a: Charizard|Charizard, L50, F|100/100\n|switch|p2b: Venusaur|Venusaur, L50, F|100/100\n|-ability|p1a: Maelstrom|Intimidate|boost\n|-unboost|p2a: Charizard|atk|1\n|-unboost|p2b: Venusaur|atk|1\n|-ability|p1b: Funeral|Intimidate|boost\n|-unboost|p2a: Charizard|atk|1\n|-unboost|p2b: Venusaur|atk|1\n|turn|1\n|inactive|Battle timer is ON: inactive players will automatically lose when time's up. (requested by Scaramouche_UwU6)\n|\n|t:|1776206820\n|move|p2a: Charizard|Protect|p2a: Charizard\n|-singleturn|p2a: Charizard|Protect\n|move|p2b: Venusaur|Protect|p2b: Venusaur\n|-singleturn|p2b: Venusaur|Protect\n|move|p1b: Funeral|Fake Out|p2b: Venusaur\n|-activate|p2b: Venusaur|move: Protect\n|move|p1a: Maelstrom|Dragon Dance|p1a: Maelstrom\n|-boost|p1a: Maelstrom|atk|1\n|-boost|p1a: Maelstrom|spe|1\n|\n|upkeep\n|turn|2\n|\n|t:|1776206837\n|detailschange|p2a: Charizard|Charizard-Mega-Y, L50, F\n|-mega|p2a: Charizard|Charizard|Charizardite Y\n|-weather|SunnyDay|[from] ability: Drought|[of] p2a: Charizard\n|move|p1a: Maelstrom|Protect|p1a: Maelstrom\n|-singleturn|p1a: Maelstrom|Protect\n|move|p2b: Venusaur|Sleep Powder|p1a: Maelstrom\n|-activate|p1a: Maelstrom|move: Protect\n|move|p2a: Charizard|Weather Ball|p1b: Funeral\n|-resisted|p1b: Funeral|1\n|-damage|p1b: Funeral|63/100\n|move|p1b: Funeral|Parting Shot|p2a: Charizard\n|-unboost|p2a: Charizard|atk|1\n|-unboost|p2a: Charizard|spa|1\n|\n|t:|1776206851\n|switch|p1b: Gemma|Ninetales-Alola, L50, F|100/100|[from] Parting Shot\n|-weather|Snowscape|[from] ability: Snow Warning|[of] p1b: Gemma\n|\n|-weather|Snowscape|[upkeep]\n|upkeep\n|turn|3\n|\n|t:|1776206861\n|switch|p2a: Raichu|Raichu, L50, F|100/100\n|detailschange|p1a: Maelstrom|Gyarados-Mega, L50, M\n|-mega|p1a: Maelstrom|Gyarados|Gyaradosite\n|-ability|p1a: Maelstrom|Mold Breaker\n|move|p1a: Maelstrom|Ice Fang|p2b: Venusaur\n|-supereffective|p2b: Venusaur|1\n|-damage|p2b: Venusaur|16/100\n|move|p1b: Gemma|Icy Wind|p2a: Raichu|[spread] p2b\n|-miss|p1b: Gemma|p2a: Raichu\n|-supereffective|p2b: Venusaur|1\n|-damage|p2b: Venusaur|0 fnt\n|faint|p2b: Venusaur\n|\n|-weather|Snowscape|[upkeep]\n|upkeep\n|\n|t:|1776206867\n|switch|p2b: Charizard|Charizard-Mega-Y, L50, F|100/100\n|-weather|SunnyDay|[from] ability: Drought|[of] p2b: Charizard\n|turn|4\n|\n|t:|1776206889\n|switch|p1b: Funeral|Incineroar, L50, M, shiny|63/100\n|-ability|p1b: Funeral|Intimidate|boost\n|-unboost|p2a: Raichu|atk|1\n|-unboost|p2b: Charizard|atk|1\n|move|p1a: Maelstrom|Protect|p1a: Maelstrom\n|-singleturn|p1a: Maelstrom|Protect\n|move|p2a: Raichu|Thunderbolt|p1b: Funeral\n|-damage|p1b: Funeral|38/100\n|-enditem|p1b: Funeral|Sitrus Berry|[eat]\n|-heal|p1b: Funeral|62/100|[from] item: Sitrus Berry\n|move|p2b: Charizard|Heat Wave|p1a: Maelstrom|[spread] \n|-activate|p1a: Maelstrom|move: Protect\n|-miss|p2b: Charizard|p1b: Funeral\n|\n|-weather|SunnyDay|[upkeep]\n|upkeep\n|turn|5\n|\n|t:|1776206912\n|move|p2a: Raichu|Protect|p2a: Raichu\n|-singleturn|p2a: Raichu|Protect\n|move|p2b: Charizard|Protect|p2b: Charizard\n|-singleturn|p2b: Charizard|Protect\n|move|p1b: Funeral|Fake Out|p2a: Raichu\n|-activate|p2a: Raichu|move: Protect\n|move|p1a: Maelstrom|Waterfall|p2a: Raichu\n|-activate|p2a: Raichu|move: Protect\n|\n|-weather|SunnyDay|[upkeep]\n|upkeep\n|turn|6\n|\n|t:|1776206922\n|move|p1a: Maelstrom|Protect|p1a: Maelstrom\n|-singleturn|p1a: Maelstrom|Protect\n|move|p2a: Raichu|Thunderbolt|p1a: Maelstrom\n|-activate|p1a: Maelstrom|move: Protect\n|move|p2b: Charizard|Heat Wave|p1a: Maelstrom|[spread] p1b\n|-activate|p1a: Maelstrom|move: Protect\n|-resisted|p1b: Funeral|1\n|-damage|p1b: Funeral|32/100\n|move|p1b: Funeral|Flare Blitz|p2a: Raichu\n|-damage|p2a: Raichu|0 fnt\n|faint|p2a: Raichu\n|-damage|p1b: Funeral|6/100|[from] Recoil\n|\n|-weather|SunnyDay|[upkeep]\n|upkeep\n|\n|t:|1776206928\n|switch|p2a: Gyarados|Gyarados, L50, M|100/100\n|-ability|p2a: Gyarados|Intimidate|boost\n|-unboost|p1a: Maelstrom|atk|1\n|-unboost|p1b: Funeral|atk|1\n|turn|7\n|\n|t:|1776206937\n|switch|p1b: Gemma|Ninetales-Alola, L50, F|100/100\n|-weather|Snowscape|[from] ability: Snow Warning|[of] p1b: Gemma\n|move|p1a: Maelstrom|Waterfall|p2b: Charizard\n|-supereffective|p2b: Charizard|1\n|-damage|p2b: Charizard|0 fnt\n|faint|p2b: Charizard\n|move|p2a: Gyarados|Power Whip|p1a: Maelstrom\n|-supereffective|p1a: Maelstrom|1\n|-damage|p1a: Maelstrom|17/100\n|\n|-weather|Snowscape|[upkeep]\n|upkeep\n|turn|8\n|-message|helyo283 forfeited.\n|\n|win|Scaramouche_UwU6\n|raw|Scaramouche_UwU6's rating: 1074 &rarr; <strong>1107</strong><br />(+33 for winning)\n|raw|helyo283's rating: 1119 &rarr; <strong>1091</strong><br />(-28 for losing)\n|l|\u2606helyo283\n|player|p2|\n",
  "uploadtime": 1776207065,
  "views": 15,
  "formatid": "gen9championsvgc2026regma",
  "rating": 1091,
  "private": 0,
  "password": null
}