{
  "id": "gen9championsvgc2026regma-2588426125",
  "format": "[Gen 9 Champions] VGC 2026 Reg M-A",
  "players": [
    "campeondelfitness",
    "setternr1"
  ],
  "log": "|j|\u2606campeondelfitness\n|j|\u2606setternr1\n|t:|1776632504\n|gametype|doubles\n|player|p1|campeondelfitness|swimmer|1287\n|player|p2|setternr1|170|1204\n|gen|9\n|tier|[Gen 9 Champions] VGC 2026 Reg M-A\n|rated|\n|rule|Species Clause: Limit one of each Pok\u00e9mon\n|rule|Item Clause: Limit 1 of each item\n|clearpoke\n|poke|p1|Tyranitar, L50, F|\n|poke|p1|Garchomp, L50, F|\n|poke|p1|Heliolisk, L50, F|\n|poke|p1|Rotom-Heat, L50|\n|poke|p1|Orthworm, L50, F|\n|poke|p1|Aerodactyl, L50, F|\n|poke|p2|Aerodactyl, L50, F|\n|poke|p2|Froslass, L50, F|\n|poke|p2|Greninja, L50, F|\n|poke|p2|Incineroar, L50, M|\n|poke|p2|Garchomp, L50, F|\n|poke|p2|Araquanid, L50, M|\n|teampreview|4\n|inactive|Battle timer is ON: inactive players will automatically lose when time's up. (requested by campeondelfitness)\n|inactive|campeondelfitness has 60 seconds left.\n|inactive|setternr1 has 60 seconds left.\n|\n|t:|1776632557\n|teamsize|p1|4\n|teamsize|p2|4\n|start\n|switch|p1a: Heliolisk|Heliolisk, L50, F|100/100\n|switch|p1b: Rotom|Rotom-Heat, L50|100/100\n|switch|p2a: Aerodactyl|Aerodactyl, L50, F|100/100\n|switch|p2b: Garchomp|Garchomp, L50, F|100/100\n|-ability|p2a: Aerodactyl|Unnerve\n|turn|1\n|inactive|campeondelfitness has 30 seconds left.\n|inactive|campeondelfitness has 20 seconds left.\n|inactive|campeondelfitness has 15 seconds left.\n|inactive|campeondelfitness has 10 seconds left.\n|\n|t:|1776632603\n|move|p2a: Aerodactyl|Protect|p2a: Aerodactyl\n|-singleturn|p2a: Aerodactyl|Protect\n|move|p2b: Garchomp|Earthquake|p1a: Heliolisk|[spread] p1a\n|-activate|p2a: Aerodactyl|move: Protect\n|-immune|p1b: Rotom|[from] ability: Levitate\n|-supereffective|p1a: Heliolisk|1\n|-damage|p1a: Heliolisk|0 fnt\n|faint|p1a: Heliolisk\n|move|p1b: Rotom|Will-O-Wisp|p2b: Garchomp\n|-status|p2b: Garchomp|brn\n|\n|-damage|p2b: Garchomp|94/100 brn|[from] brn\n|upkeep\n|\n|t:|1776632615\n|switch|p1a: Garchomp|Garchomp, L50, F|100/100\n|turn|2\n|\n|t:|1776632638\n|detailschange|p1a: Garchomp|Garchomp-Mega, L50, F\n|-mega|p1a: Garchomp|Garchomp|Garchompite\n|move|p2b: Garchomp|Earthquake|p1b: Rotom|[spread] p1a\n|-immune|p2a: Aerodactyl\n|-immune|p1b: Rotom|[from] ability: Levitate\n|-damage|p1a: Garchomp|83/100\n|move|p2a: Aerodactyl|Tailwind|p2a: Aerodactyl\n|-sidestart|p2: setternr1|move: Tailwind\n|move|p1a: Garchomp|Dragon Claw|p2b: Garchomp\n|-supereffective|p2b: Garchomp|1\n|-damage|p2b: Garchomp|0 fnt\n|-damage|p1a: Garchomp|70/100|[from] ability: Rough Skin|[of] p2b: Garchomp\n|faint|p2b: Garchomp\n|move|p1b: Rotom|Discharge|p2a: Aerodactyl|[spread] p2a\n|-immune|p1a: Garchomp\n|-supereffective|p2a: Aerodactyl|1\n|-damage|p2a: Aerodactyl|34/100\n|\n|upkeep\n|\n|t:|1776632650\n|switch|p2b: Froslass|Froslass, L50, F|100/100\n|turn|3\n|\n|t:|1776632666\n|detailschange|p2b: Froslass|Froslass-Mega, L50, F\n|-mega|p2b: Froslass|Froslass|Froslassite\n|-weather|Snowscape|[from] ability: Snow Warning|[of] p2b: Froslass\n|move|p2b: Froslass|Protect|p2b: Froslass\n|-singleturn|p2b: Froslass|Protect\n|move|p1a: Garchomp|Protect|p1a: Garchomp\n|-singleturn|p1a: Garchomp|Protect\n|move|p2a: Aerodactyl|Rock Slide|p1b: Rotom|[spread] \n|-activate|p1a: Garchomp|move: Protect\n|-miss|p2a: Aerodactyl|p1b: Rotom\n|move|p1b: Rotom|Overheat|p2b: Froslass\n|-activate|p2b: Froslass|move: Protect\n|\n|-weather|Snowscape|[upkeep]\n|upkeep\n|turn|4\n|inactive|setternr1 has 30 seconds left.\n|\n|t:|1776632696\n|switch|p1a: Tyranitar|Tyranitar, L50, F|100/100\n|-weather|Sandstorm|[from] ability: Sand Stream|[of] p1a: Tyranitar\n|move|p2a: Aerodactyl|Rock Slide|p1a: Tyranitar|[spread] p1a,p1b\n|-supereffective|p1b: Rotom|1\n|-damage|p1a: Tyranitar|84/100\n|-damage|p1b: Rotom|47/100\n|move|p2b: Froslass|Blizzard|p1b: Rotom|[spread] p1a\n|-miss|p2b: Froslass|p1b: Rotom\n|-damage|p1a: Tyranitar|56/100\n|move|p1b: Rotom|Overheat|p2b: Froslass\n|-supereffective|p2b: Froslass|1\n|-damage|p2b: Froslass|0 fnt\n|-unboost|p1b: Rotom|spa|2\n|faint|p2b: Froslass\n|-enditem|p1b: Rotom|White Herb\n|-clearnegativeboost|p1b: Rotom|[silent]\n|\n|-weather|Sandstorm|[upkeep]\n|-damage|p1b: Rotom|41/100|[from] Sandstorm\n|upkeep\n|\n|t:|1776632710\n|switch|p2b: Greninja|Greninja, L50, F|100/100\n|turn|5\n|inactive|campeondelfitness has 30 seconds left.\n|inactive|campeondelfitness has 20 seconds left.\n|\n|t:|1776632748\n|move|p2a: Aerodactyl|Rock Slide|p1b: Rotom|[spread] p1b\n|-miss|p2a: Aerodactyl|p1a: Tyranitar\n|-supereffective|p1b: Rotom|1\n|-damage|p1b: Rotom|0 fnt\n|faint|p1b: Rotom\n|move|p2b: Greninja|Hydro Pump|p1a: Tyranitar\n|-start|p2b: Greninja|typechange|Water|[from] ability: Protean\n|-supereffective|p1a: Tyranitar|1\n|-damage|p1a: Tyranitar|1/100\n|move|p1a: Tyranitar|Knock Off|p2a: Aerodactyl\n|-damage|p2a: Aerodactyl|0 fnt\n|-enditem|p2a: Aerodactyl|Focus Sash|[from] move: Knock Off|[of] p1a: Tyranitar\n|faint|p2a: Aerodactyl\n|\n|-weather|Sandstorm|[upkeep]\n|-damage|p2b: Greninja|94/100|[from] Sandstorm\n|-sideend|p2: setternr1|move: Tailwind\n|upkeep\n|\n|t:|1776632764\n|switch|p1b: Garchomp|Garchomp-Mega, L50, F|70/100\n|turn|6\n|\n|t:|1776632777\n|move|p2b: Greninja|Blizzard|p1a: Tyranitar|[spread] p1a,p1b\n|-supereffective|p1b: Garchomp|2\n|-damage|p1a: Tyranitar|0 fnt\n|-damage|p1b: Garchomp|0 fnt\n|faint|p1a: Tyranitar\n|faint|p1b: Garchomp\n|\n|win|setternr1\n|raw|campeondelfitness's rating: 1287 &rarr; <strong>1256</strong><br />(-31 for losing)\n|raw|setternr1's rating: 1204 &rarr; <strong>1235</strong><br />(+31 for winning)\n",
  "uploadtime": 1776632784,
  "views": 13,
  "formatid": "gen9championsvgc2026regma",
  "rating": 1235,
  "private": 0,
  "password": null
}