{
  "id": "gen9championsvgc2026regma-2583722563",
  "format": "[Gen 9 Champions] VGC 2026 Reg M-A",
  "players": [
    "thebigkabosh",
    "SorcererBadgerTG"
  ],
  "log": "|j|\u2606thebigkabosh\n|j|\u2606SorcererBadgerTG\n|t:|1776193266\n|gametype|doubles\n|player|p1|thebigkabosh|1|1000\n|player|p2|SorcererBadgerTG|2|1018\n|gen|9\n|tier|[Gen 9 Champions] VGC 2026 Reg M-A\n|rated|\n|rule|Species Clause: Limit one of each Pok\u00e9mon\n|rule|Item Clause: Limit 1 of each item\n|clearpoke\n|poke|p1|Pelipper, L50, F|\n|poke|p1|Archaludon, L50, F|\n|poke|p1|Palafin, L50, F|\n|poke|p1|Incineroar, L50, F|\n|poke|p1|Sneasler, L50, F|\n|poke|p1|Gengar, L50, M|\n|poke|p2|Sneasler, L50, M|\n|poke|p2|Garchomp, L50, M|\n|poke|p2|Heracross, L50, F|\n|poke|p2|Starmie, L50|\n|poke|p2|Abomasnow, L50, F|\n|poke|p2|Whimsicott, L50, M|\n|teampreview|4\n|inactive|Battle timer is ON: inactive players will automatically lose when time's up. (requested by SorcererBadgerTG)\nSorcererBadgerTG rejected open team sheets.\n|inactive|SorcererBadgerTG has 60 seconds left.\n|\n|t:|1776193300\n|teamsize|p1|4\n|teamsize|p2|4\n|start\n|switch|p1a: Incineroar|Incineroar, L50, F|100/100\n|switch|p1b: Sneasler|Sneasler, L50, F|100/100\n|switch|p2a: Sneasler|Sneasler, L50, M|100/100\n|switch|p2b: Whimsicott|Whimsicott, L50, M|100/100\n|turn|1\n|inactive|thebigkabosh has 30 seconds left.\n|\n|t:|1776193327\n|move|p2a: Sneasler|Quick Guard|p2a: Sneasler\n|-singleturn|p2a: Sneasler|Quick Guard\n|move|p1b: Sneasler|Fake Out|p2b: Whimsicott\n|-activate|p2b: Whimsicott|move: Quick Guard\n|move|p1a: Incineroar|Fake Out|p2b: Whimsicott\n|-activate|p2b: Whimsicott|move: Quick Guard\n|move|p2b: Whimsicott|Encore|p1b: Sneasler\n|-start|p1b: Sneasler|Encore\n|\n|upkeep\n|turn|2\n|\n|t:|1776193349\n|switch|p1b: Pelipper|Pelipper, L50, F|100/100\n|-weather|RainDance|[from] ability: Drizzle|[of] p1b: Pelipper\n|move|p2a: Sneasler|Close Combat|p1a: Incineroar\n|-supereffective|p1a: Incineroar|1\n|-crit|p1a: Incineroar\n|-damage|p1a: Incineroar|0 fnt\n|-unboost|p2a: Sneasler|def|1\n|-unboost|p2a: Sneasler|spd|1\n|faint|p1a: Incineroar\n|-enditem|p2a: Sneasler|White Herb\n|-clearnegativeboost|p2a: Sneasler|[silent]\n|move|p2b: Whimsicott|Moonblast|p1b: Pelipper\n|-damage|p1b: Pelipper|55/100\n|\n|-weather|RainDance|[upkeep]\n|upkeep\n|\n|t:|1776193374\n|switch|p1a: Archaludon|Archaludon, L50, F|100/100\n|turn|3\n|\n|t:|1776193403\n|move|p2a: Sneasler|Close Combat|p1a: Archaludon\n|-supereffective|p1a: Archaludon|1\n|-damage|p1a: Archaludon|8/100\n|-unboost|p2a: Sneasler|def|1\n|-unboost|p2a: Sneasler|spd|1\n|-ability|p1a: Archaludon|Stamina|boost\n|-boost|p1a: Archaludon|def|1\n|-enditem|p1a: Archaludon|Sitrus Berry|[eat]\n|-heal|p1a: Archaludon|33/100|[from] item: Sitrus Berry\n|move|p2b: Whimsicott|Moonblast|p1b: Pelipper\n|-damage|p1b: Pelipper|15/100\n|-unboost|p1b: Pelipper|spa|1\n|move|p1a: Archaludon|Electro Shot||[still]\n|-prepare|p1a: Archaludon|Electro Shot\n|-boost|p1a: Archaludon|spa|1\n|-anim|p1a: Archaludon|Electro Shot|p2b: Whimsicott\n|-resisted|p2b: Whimsicott|1\n|-damage|p2b: Whimsicott|53/100\n|move|p1b: Pelipper|Tailwind|p1b: Pelipper\n|-sidestart|p1: thebigkabosh|move: Tailwind\n|\n|-weather|RainDance|[upkeep]\n|upkeep\n|turn|4\n|inactive|thebigkabosh has 30 seconds left.\n|inactive|SorcererBadgerTG has 30 seconds left.\n|\n|t:|1776193432\n|move|p2a: Sneasler|Close Combat|p1a: Archaludon\n|-supereffective|p1a: Archaludon|1\n|-damage|p1a: Archaludon|0 fnt\n|-unboost|p2a: Sneasler|def|1\n|-unboost|p2a: Sneasler|spd|1\n|faint|p1a: Archaludon\n|move|p2b: Whimsicott|Moonblast|p1b: Pelipper\n|-damage|p1b: Pelipper|0 fnt\n|faint|p1b: Pelipper\n|\n|-weather|RainDance|[upkeep]\n|upkeep\n|inactive|thebigkabosh has 30 seconds left.\n|\n|t:|1776193464\n|switch|p1b: Sneasler|Sneasler, L50, F|100/100\n|turn|5\n|\n|t:|1776193472\n|move|p2a: Sneasler|Quick Guard|p2a: Sneasler\n|-singleturn|p2a: Sneasler|Quick Guard\n|move|p2b: Whimsicott|Tailwind|p2b: Whimsicott\n|-sidestart|p2: SorcererBadgerTG|move: Tailwind\n|move|p1b: Sneasler|Acrobatics|p2b: Whimsicott\n|-supereffective|p2b: Whimsicott|1\n|-damage|p2b: Whimsicott|0 fnt\n|faint|p2b: Whimsicott\n|\n|-weather|RainDance|[upkeep]\n|upkeep\n|\n|t:|1776193479\n|switch|p2b: Starmie|Starmie, L50|100/100\n|turn|6\n|\n|t:|1776193488\n|switch|p2a: Abomasnow|Abomasnow, L50, F|100/100\n|-weather|Snowscape|[from] ability: Snow Warning|[of] p2a: Abomasnow\n|detailschange|p2b: Starmie|Starmie-Mega, L50\n|-mega|p2b: Starmie|Starmie|Starminite\n|move|p2b: Starmie|Blizzard|p1b: Sneasler\n|-damage|p1b: Sneasler|39/100\n|move|p1b: Sneasler|Close Combat|p2b: Starmie\n|-resisted|p2b: Starmie|1\n|-damage|p2b: Starmie|59/100\n|-unboost|p1b: Sneasler|def|1\n|-unboost|p1b: Sneasler|spd|1\n|-enditem|p1b: Sneasler|White Herb\n|-clearnegativeboost|p1b: Sneasler|[silent]\n|\n|-weather|Snowscape|[upkeep]\n|-sideend|p1: thebigkabosh|move: Tailwind\n|upkeep\n|turn|7\n|-activate|p2a: Abomasnow|item: Quick Claw\n|\n|t:|1776193508\n|move|p2a: Abomasnow|Aurora Veil|p2a: Abomasnow\n|-sidestart|p2: SorcererBadgerTG|move: Aurora Veil\n|move|p2b: Starmie|Blizzard|p1b: Sneasler\n|-damage|p1b: Sneasler|0 fnt\n|faint|p1b: Sneasler\n|\n|win|SorcererBadgerTG\n|raw|thebigkabosh's rating: 1000 &rarr; <strong>1000</strong><br />(+0 for losing)\n|raw|SorcererBadgerTG's rating: 1018 &rarr; <strong>1053</strong><br />(+35 for winning)\n",
  "uploadtime": 1776193515,
  "views": 16,
  "formatid": "gen9championsvgc2026regma",
  "rating": 1000,
  "private": 0,
  "password": null
}