{
  "id": "gen9championsvgc2026regma-2582248352",
  "format": "[Gen 9 Champions] VGC 2026 Reg M-A",
  "players": [
    "bezzason",
    "plaweh"
  ],
  "log": "|j|\u2606bezzason\n|j|\u2606plaweh\n|t:|1776075923\n|gametype|doubles\n|player|p1|bezzason|266|1108\n|player|p2|plaweh|170|1054\n|gen|9\n|tier|[Gen 9 Champions] VGC 2026 Reg M-A\n|rated|\n|rule|Species Clause: Limit one of each Pok\u00e9mon\n|rule|Item Clause: Limit 1 of each item\n|clearpoke\n|poke|p1|Slowking, L50, F|\n|poke|p1|Camerupt, L50, M|\n|poke|p1|Crabominable, L50, F|\n|poke|p1|Tsareena, L50, F|\n|poke|p1|Incineroar, L50, M|\n|poke|p1|Slowbro-Galar, L50, M|\n|poke|p2|Espathra, L50, M|\n|poke|p2|Charizard, L50, M|\n|poke|p2|Garchomp, L50, F|\n|poke|p2|Sableye, L50, M|\n|poke|p2|Milotic, L50, F|\n|poke|p2|Gardevoir, L50, M|\n|teampreview|4\n|\n|t:|1776075981\n|teamsize|p1|4\n|teamsize|p2|4\n|start\n|switch|p1a: Slowking|Slowking, L50, F|100/100\n|switch|p1b: Tsareena|Tsareena, L50, F|100/100\n|switch|p2a: Sableye|Sableye, L50, M|100/100\n|switch|p2b: Milotic|Milotic, L50, F|100/100\n|turn|1\n|inactive|Battle timer is ON: inactive players will automatically lose when time's up. (requested by bezzason)\n|\n|t:|1776076044\n|move|p2a: Sableye|Gravity|p2a: Sableye\n|-fieldstart|move: Gravity\n|move|p2b: Milotic|Hypnosis|p1b: Tsareena\n|-status|p1b: Tsareena|slp|[from] move: Hypnosis\n|cant|p1b: Tsareena|slp\n|move|p1a: Slowking|Trick Room|p1a: Slowking\n|-fieldstart|move: Trick Room|[of] p1a: Slowking\n|\n|upkeep\n|turn|2\n|\n|t:|1776076068\n|-prepare|p1a: Slowking|Chilly Reception|[premajor]\n|move|p1a: Slowking|Chilly Reception|p1a: Slowking\n|-weather|Snowscape\n|\n|t:|1776076074\n|switch|p1a: Crabominable|Crabominable, L50, F|100/100|[from] Chilly Reception\n|move|p2a: Sableye|Foul Play|p1a: Crabominable\n|-resisted|p1a: Crabominable|1\n|-damage|p1a: Crabominable|80/100\n|-curestatus|p1b: Tsareena|slp|[msg]\n|move|p1b: Tsareena|Power Whip|p2b: Milotic\n|-supereffective|p2b: Milotic|1\n|-damage|p2b: Milotic|0 fnt\n|faint|p2b: Milotic\n|\n|-weather|Snowscape|[upkeep]\n|upkeep\n|\n|t:|1776076094\n|switch|p2b: Charizard|Charizard, L50, M|100/100\n|turn|3\n|\n|t:|1776076119\n|detailschange|p1a: Crabominable|Crabominable-Mega, L50, F\n|-mega|p1a: Crabominable|Crabominable|Crabominite\n|detailschange|p2b: Charizard|Charizard-Mega-Y, L50, M\n|-mega|p2b: Charizard|Charizard|Charizardite Y\n|-weather|SunnyDay|[from] ability: Drought|[of] p2b: Charizard\n|move|p2b: Charizard|Protect|p2b: Charizard\n|-singleturn|p2b: Charizard|Protect\n|move|p1a: Crabominable|Thunder Punch|p2b: Charizard\n|-activate|p2b: Charizard|move: Protect\n|move|p2a: Sableye|Foul Play|p1b: Tsareena\n|-damage|p1b: Tsareena|48/100\n|move|p1b: Tsareena|Power Whip|p2a: Sableye\n|-damage|p2a: Sableye|11/100\n|\n|-weather|SunnyDay|[upkeep]\n|upkeep\n|turn|4\n|inactive|bezzason has 30 seconds left.\n|inactive|plaweh has 30 seconds left.\n|inactive|plaweh has 20 seconds left.\n|inactive|plaweh has 15 seconds left.\n|\n|t:|1776076162\n|move|p1b: Tsareena|Protect|p1b: Tsareena\n|-singleturn|p1b: Tsareena|Protect\n|move|p1a: Crabominable|Thunder Punch|p2b: Charizard\n|-supereffective|p2b: Charizard|1\n|-damage|p2b: Charizard|5/100\n|move|p2a: Sableye|Foul Play|p1b: Tsareena\n|-activate|p1b: Tsareena|move: Protect\n|move|p2b: Charizard|Weather Ball|p1a: Crabominable\n|-supereffective|p1a: Crabominable|1\n|-damage|p1a: Crabominable|0 fnt\n|faint|p1a: Crabominable\n|\n|-weather|SunnyDay|[upkeep]\n|upkeep\n|c|\u2606bezzason|you live that?!\n|\n|t:|1776076187\n|switch|p1a: Slowking|Slowking, L50, F|100/100\n|turn|5\n|\n|t:|1776076198\n|move|p2b: Charizard|Protect|p2b: Charizard\n|-singleturn|p2b: Charizard|Protect\n|move|p1a: Slowking|Hydro Pump|p2b: Charizard\n|-activate|p2b: Charizard|move: Protect\n|move|p2a: Sableye|Foul Play|p1a: Slowking\n|-supereffective|p1a: Slowking|1\n|-enditem|p1a: Slowking|Colbur Berry|[eat]\n|-enditem|p1a: Slowking|Colbur Berry|[weaken]\n|-damage|p1a: Slowking|78/100\n|move|p1b: Tsareena|Triple Axel|p2a: Sableye\n|-damage|p2a: Sableye|0 fnt\n|faint|p2a: Sableye\n|-hitcount|p2: Sableye|1\n|\n|-weather|SunnyDay|[upkeep]\n|-fieldend|move: Trick Room\n|-fieldend|move: Gravity\n|upkeep\n|\n|t:|1776076210\n|switch|p2a: Gardevoir|Gardevoir, L50, M|100/100\n|turn|6\n|\n|t:|1776076230\n|move|p1b: Tsareena|Protect|p1b: Tsareena\n|-singleturn|p1b: Tsareena|Protect\n|move|p2a: Gardevoir|Dazzling Gleam|p1a: Slowking|[spread] p1a\n|-activate|p1b: Tsareena|move: Protect\n|-damage|p1a: Slowking|55/100\n|move|p2b: Charizard|Solar Beam||[still]\n|-prepare|p2b: Charizard|Solar Beam\n|-anim|p2b: Charizard|Solar Beam|p1a: Slowking\n|-supereffective|p1a: Slowking|1\n|-damage|p1a: Slowking|0 fnt\n|faint|p1a: Slowking\n|\n|-weather|SunnyDay|[upkeep]\n|upkeep\n|\n|t:|1776076243\n|switch|p1a: Slowbro|Slowbro-Galar, L50, M|100/100\n|turn|7\n|inactive|plaweh has 30 seconds left.\n|\n|t:|1776076271\n|move|p2a: Gardevoir|Dazzling Gleam|p1b: Tsareena|[spread] p1a,p1b\n|-resisted|p1a: Slowbro|1\n|-damage|p1a: Slowbro|86/100\n|-damage|p1b: Tsareena|16/100\n|move|p2b: Charizard|Weather Ball|p1a: Slowbro\n|-damage|p1a: Slowbro|0 fnt\n|faint|p1a: Slowbro\n|move|p1b: Tsareena|Power Whip|p2b: Charizard\n|-resisted|p2b: Charizard|2\n|-damage|p2b: Charizard|0 fnt\n|faint|p2b: Charizard\n|\n|-weather|none\n|upkeep\n|turn|8\n|\n|t:|1776076295\n|move|p2a: Gardevoir|Dazzling Gleam|p1b: Tsareena\n|-damage|p1b: Tsareena|0 fnt\n|faint|p1b: Tsareena\n|\n|win|plaweh\n|raw|bezzason's rating: 1108 &rarr; <strong>1079</strong><br />(-29 for losing)\n|raw|plaweh's rating: 1054 &rarr; <strong>1091</strong><br />(+37 for winning)\n",
  "uploadtime": 1776076299,
  "views": 13,
  "formatid": "gen9championsvgc2026regma",
  "rating": 1079,
  "private": 0,
  "password": null
}