{
  "id": "gen9championsvgc2026regma-2583707605",
  "format": "[Gen 9 Champions] VGC 2026 Reg M-A",
  "players": [
    "lucyeldreepy",
    "IdkImScared"
  ],
  "log": "|j|\u2606lucyeldreepy\n|j|\u2606IdkImScared\n|t:|1776192319\n|gametype|doubles\n|player|p1|lucyeldreepy|266|1051\n|player|p2|IdkImScared|workerice|1081\n|gen|9\n|tier|[Gen 9 Champions] VGC 2026 Reg M-A\n|rated|\n|rule|Species Clause: Limit one of each Pok\u00e9mon\n|rule|Item Clause: Limit 1 of each item\n|clearpoke\n|poke|p1|Crabominable, L50, M|\n|poke|p1|Farigiraf, L50, F|\n|poke|p1|Hydrapple, L50, M|\n|poke|p1|Incineroar, L50, M|\n|poke|p1|Klefki, L50, M|\n|poke|p1|Basculegion, L50, M|\n|poke|p2|Floette-Eternal, L50, F|\n|poke|p2|Garchomp, L50, F|\n|poke|p2|Maushold-Four, L50|\n|poke|p2|Talonflame, L50, F|\n|poke|p2|Rotom-Wash, L50|\n|poke|p2|Aegislash, L50, F|\n|teampreview|4\n|inactive|Battle timer is ON: inactive players will automatically lose when time's up. (requested by lucyeldreepy)\nlucyeldreepy rejected open team sheets.\n|\n|t:|1776192350\n|teamsize|p1|4\n|teamsize|p2|4\n|start\n|switch|p1a: Farigiraf|Farigiraf, L50, F, shiny|100/100\n|switch|p1b: Incineroar|Incineroar, L50, M|100/100\n|switch|p2a: Family Guys|Maushold-Four, L50|100/100\n|switch|p2b: Flour|Floette-Eternal, L50, F|100/100\n|-ability|p1b: Incineroar|Intimidate|boost\n|-unboost|p2a: Family Guys|atk|1\n|-unboost|p2b: Flour|atk|1\n|turn|1\n|\n|t:|1776192366\n|detailschange|p2b: Flour|Floette-Mega, L50, F\n|-mega|p2b: Flour|Floette|Floettite\n|-ability|p2b: Flour|Fairy Aura\n|move|p1b: Incineroar|Fake Out|p2a: Family Guys\n|-damage|p2a: Family Guys|87/100\n|cant|p2a: Family Guys|flinch\n|move|p2b: Flour|Calm Mind|p2b: Flour\n|-boost|p2b: Flour|spa|1\n|-boost|p2b: Flour|spd|1\n|move|p1a: Farigiraf|Trick Room|p1a: Farigiraf\n|-fieldstart|move: Trick Room|[of] p1a: Farigiraf\n|\n|upkeep\n|turn|2\n|inactive|IdkImScared has 30 seconds left.\n|\n|t:|1776192394\n|move|p2a: Family Guys|Follow Me|p2a: Family Guys\n|-singleturn|p2a: Family Guys|move: Follow Me\n|move|p1a: Farigiraf|Psychic|p2a: Family Guys\n|-damage|p2a: Family Guys|44/100\n|-unboost|p2a: Family Guys|spd|1\n|move|p1b: Incineroar|Parting Shot|p2a: Family Guys\n|-unboost|p2a: Family Guys|atk|1\n|-unboost|p2a: Family Guys|spa|1\n|\n|t:|1776192403\n|switch|p1b: Crabominable|Crabominable, L50, M, shiny|100/100|[from] Parting Shot\n|move|p2b: Flour|Dazzling Gleam|p1b: Crabominable|[spread] p1a,p1b\n|-supereffective|p1b: Crabominable|1\n|-crit|p1b: Crabominable\n|-damage|p1a: Farigiraf|32/100\n|-damage|p1b: Crabominable|0 fnt\n|faint|p1b: Crabominable\n|\n|-heal|p1a: Farigiraf|38/100|[from] item: Leftovers\n|upkeep\n|\n|t:|1776192413\n|switch|p1b: Incineroar|Incineroar, L50, M|100/100\n|-ability|p1b: Incineroar|Intimidate|boost\n|-unboost|p2a: Family Guys|atk|1\n|-unboost|p2b: Flour|atk|1\n|turn|3\n|\n|t:|1776192429\n|move|p2b: Flour|Protect|p2b: Flour\n|-singleturn|p2b: Flour|Protect\n|move|p2a: Family Guys|Protect|p2a: Family Guys\n|-singleturn|p2a: Family Guys|Protect\n|move|p1b: Incineroar|Fake Out|p2b: Flour\n|-activate|p2b: Flour|move: Protect\n|move|p1a: Farigiraf|Hyper Voice|p2b: Flour|[spread] \n|-activate|p2a: Family Guys|move: Protect\n|-activate|p2b: Flour|move: Protect\n|\n|-heal|p1a: Farigiraf|44/100|[from] item: Leftovers\n|upkeep\n|turn|4\n|\n|t:|1776192451\n|move|p2a: Family Guys|Follow Me|p2a: Family Guys\n|-singleturn|p2a: Family Guys|move: Follow Me\n|move|p1a: Farigiraf|Hyper Voice|p2a: Family Guys|[spread] p2a,p2b\n|-damage|p2a: Family Guys|0 fnt\n|-damage|p2b: Flour|92/100\n|faint|p2a: Family Guys\n|move|p1b: Incineroar|Flare Blitz|p2b: Flour\n|-damage|p2b: Flour|39/100\n|-damage|p1b: Incineroar|85/100|[from] Recoil\n|move|p2b: Flour|Dazzling Gleam|p1a: Farigiraf|[spread] p1a,p1b\n|-damage|p1a: Farigiraf|0 fnt\n|-damage|p1b: Incineroar|7/100\n|-enditem|p1b: Incineroar|Sitrus Berry|[eat]\n|-heal|p1b: Incineroar|32/100|[from] item: Sitrus Berry\n|faint|p1a: Farigiraf\n|\n|upkeep\n|\n|t:|1776192470\n|switch|p1a: Basculegion|Basculegion, L50, M|100/100\n|switch|p2a: Monado|Aegislash, L50, F, shiny|100/100\n|turn|5\n|\n|t:|1776192483\n|move|p2a: Monado|King's Shield|p2a: Monado\n|-singleturn|p2a: Monado|Protect\n|move|p2b: Flour|Protect|p2b: Flour\n|-singleturn|p2b: Flour|Protect\n|move|p1b: Incineroar|Flare Blitz|p2b: Flour\n|-activate|p2b: Flour|move: Protect\n|move|p1a: Basculegion|Last Respects|p2a: Monado\n|-activate|p2a: Monado|move: Protect\n|\n|-fieldend|move: Trick Room\n|upkeep\n|turn|6\n|\n|t:|1776192502\n|-formechange|p2a: Monado|Aegislash-Blade|\n|move|p2a: Monado|Shadow Sneak|p1a: Basculegion\n|-supereffective|p1a: Basculegion|1\n|-damage|p1a: Basculegion|30/100\n|move|p1a: Basculegion|Last Respects|p2b: Flour\n|-damage|p2b: Flour|0 fnt\n|faint|p2b: Flour\n|move|p1b: Incineroar|Flare Blitz|p2a: Monado\n|-supereffective|p2a: Monado|1\n|-damage|p2a: Monado|0 fnt\n|faint|p2a: Monado\n|-damage|p1b: Incineroar|5/100|[from] Recoil\n|\n|upkeep\n|\n|t:|1776192513\n|switch|p2b: Maytag|Rotom-Wash, L50|100/100\n|turn|7\n|\n|t:|1776192523\n|move|p1a: Basculegion|Last Respects|p2b: Maytag\n|-damage|p2b: Maytag|22/100\n|-enditem|p2b: Maytag|Sitrus Berry|[eat]\n|-heal|p2b: Maytag|46/100|[from] item: Sitrus Berry\n|move|p2b: Maytag|Thunderbolt|p1a: Basculegion\n|-supereffective|p1a: Basculegion|1\n|-damage|p1a: Basculegion|0 fnt\n|faint|p1a: Basculegion\n|move|p1b: Incineroar|Darkest Lariat|p2b: Maytag\n|-damage|p2b: Maytag|13/100\n|\n|upkeep\n|turn|8\n|\n|t:|1776192535\n|move|p2b: Maytag|Thunderbolt|p1b: Incineroar\n|-damage|p1b: Incineroar|0 fnt\n|faint|p1b: Incineroar\n|\n|win|IdkImScared\n|raw|lucyeldreepy's rating: 1051 &rarr; <strong>1035</strong><br />(-16 for losing)\n|raw|IdkImScared's rating: 1081 &rarr; <strong>1106</strong><br />(+25 for winning)\n|l|\u2606lucyeldreepy\n|player|p1|\n",
  "uploadtime": 1776192540,
  "views": 24,
  "formatid": "gen9championsvgc2026regma",
  "rating": 1035,
  "private": 0,
  "password": null
}