{
  "id": "gen9championsvgc2026regma-2583790649",
  "format": "[Gen 9 Champions] VGC 2026 Reg M-A",
  "players": [
    "jeanmixed",
    "zCesarsub"
  ],
  "log": "|j|\u2606jeanmixed\n|j|\u2606zCesarsub\n|t:|1776197923\n|gametype|doubles\n|player|p1|jeanmixed|169|\n|player|p2|zCesarsub|iris-gen5bw2|\n|gen|9\n|tier|[Gen 9 Champions] VGC 2026 Reg M-A\n|rule|Species Clause: Limit one of each Pok\u00e9mon\n|rule|Item Clause: Limit 1 of each item\n|clearpoke\n|poke|p1|Venusaur, L50, M|\n|poke|p1|Incineroar, L50, M|\n|poke|p1|Milotic, L50, F|\n|poke|p1|Aerodactyl, L50, F|\n|poke|p1|Sableye, L50, M|\n|poke|p1|Scizor, L50, M|\n|poke|p2|Politoed, L50, M|\n|poke|p2|Basculegion, L50, M|\n|poke|p2|Sinistcha, L50|\n|poke|p2|Incineroar, L50, M|\n|poke|p2|Jolteon, L50, F|\n|poke|p2|Scizor, L50, M|\n|teampreview|4\n|\n|t:|1776197974\n|teamsize|p1|4\n|teamsize|p2|4\n|start\n|switch|p1a: Venusaur|Venusaur, L50, M, shiny|100/100\n|switch|p1b: Sableye|Sableye, L50, M|100/100\n|switch|p2a: Incineroar|Incineroar, L50, M|100/100\n|switch|p2b: Scizor|Scizor, L50, M, shiny|100/100\n|-ability|p2a: Incineroar|Intimidate|boost\n|-unboost|p1a: Venusaur|atk|1\n|-unboost|p1b: Sableye|atk|1\n|turn|1\n|\n|t:|1776198000\n|detailschange|p1a: Venusaur|Venusaur-Mega, L50, M, shiny\n|-mega|p1a: Venusaur|Venusaur|Venusaurite\n|move|p1b: Sableye|Protect|p1b: Sableye\n|-singleturn|p1b: Sableye|Protect\n|move|p1a: Venusaur|Protect|p1a: Venusaur\n|-singleturn|p1a: Venusaur|Protect\n|move|p2b: Scizor|Protect|p2b: Scizor\n|-singleturn|p2b: Scizor|Protect\n|move|p2a: Incineroar|Taunt|p1b: Sableye\n|-activate|p1b: Sableye|move: Protect\n|\n|upkeep\n|turn|2\n|j| mofriu4334\n|j| lisarb660\n|\n|t:|1776198049\n|move|p2b: Scizor|Bullet Punch|p1b: Sableye\n|-damage|p1b: Sableye|60/100\n|move|p1b: Sableye|Encore|p2b: Scizor\n|-start|p2b: Scizor|Encore\n|move|p1a: Venusaur|Earth Power|p2a: Incineroar\n|-supereffective|p2a: Incineroar|1\n|-damage|p2a: Incineroar|54/100\n|move|p2a: Incineroar|Taunt|p1b: Sableye\n|-start|p1b: Sableye|move: Taunt\n|-enditem|p1b: Sableye|Mental Herb\n|-end|p1b: Sableye|move: Taunt\n|\n|upkeep\n|turn|3\n|\n|t:|1776198087\n|switch|p1b: Incineroar|Incineroar, L50, M, shiny|100/100\n|-ability|p1b: Incineroar|Intimidate|boost\n|-unboost|p2a: Incineroar|atk|1\n|-unboost|p2b: Scizor|atk|1\n|move|p2b: Scizor|Bullet Punch|p1b: Incineroar\n|-resisted|p1b: Incineroar|1\n|-damage|p1b: Incineroar|91/100\n|move|p1a: Venusaur|Earth Power|p2a: Incineroar\n|-supereffective|p2a: Incineroar|1\n|-damage|p2a: Incineroar|6/100\n|-enditem|p2a: Incineroar|Sitrus Berry|[eat]\n|-heal|p2a: Incineroar|31/100|[from] item: Sitrus Berry\n|move|p2a: Incineroar|Flare Blitz|p1a: Venusaur\n|-supereffective|p1a: Venusaur|1\n|-damage|p1a: Venusaur|75/100\n|-damage|p2a: Incineroar|23/100|[from] Recoil\n|\n|upkeep\n|turn|4\n|\n|t:|1776198148\n|switch|p2b: Basculegion|Basculegion, L50, M, shiny|100/100\n|move|p1b: Incineroar|Fake Out|p2b: Basculegion\n|-immune|p2b: Basculegion\n|move|p1a: Venusaur|Earth Power|p2a: Incineroar\n|-supereffective|p2a: Incineroar|1\n|-damage|p2a: Incineroar|0 fnt\n|faint|p2a: Incineroar\n|\n|upkeep\n|\n|t:|1776198157\n|switch|p2a: Politoed|Politoed, L50, M|100/100\n|-weather|RainDance|[from] ability: Drizzle|[of] p2a: Politoed\n|turn|5\n|\n|t:|1776198174\n|switch|p1b: Milotic|Milotic, L50, F|100/100\n|move|p2a: Politoed|Helping Hand|p2b: Basculegion\n|-singleturn|p2b: Basculegion|Helping Hand|[of] p2a: Politoed\n|move|p2b: Basculegion|Ice Fang|p1a: Venusaur\n|-supereffective|p1a: Venusaur|1\n|-damage|p1a: Venusaur|50/100\n|move|p1a: Venusaur|Giga Drain|p2b: Basculegion\n|-supereffective|p2b: Basculegion|1\n|-damage|p2b: Basculegion|19/100\n|-heal|p1a: Venusaur|100/100|[from] drain|[of] p2b: Basculegion\n|\n|-weather|RainDance|[upkeep]\n|upkeep\n|turn|6\n|\n|t:|1776198204\n|move|p1b: Milotic|Protect|p1b: Milotic\n|-singleturn|p1b: Milotic|Protect\n|move|p2b: Basculegion|Wave Crash|p1a: Venusaur\n|-resisted|p1a: Venusaur|1\n|-damage|p1a: Venusaur|57/100\n|-damage|p2b: Basculegion|7/100|[from] Recoil\n|move|p1a: Venusaur|Giga Drain|p2a: Politoed\n|-supereffective|p2a: Politoed|1\n|-damage|p2a: Politoed|41/100\n|-heal|p1a: Venusaur|91/100|[from] drain|[of] p2a: Politoed\n|move|p2a: Politoed|Icy Wind|p1a: Venusaur|[spread] p1a\n|-activate|p1b: Milotic|move: Protect\n|-supereffective|p1a: Venusaur|1\n|-damage|p1a: Venusaur|84/100\n|-unboost|p1a: Venusaur|spe|1\n|\n|-weather|RainDance|[upkeep]\n|upkeep\n|turn|7\n|\n|t:|1776198227\n|move|p2a: Politoed|Helping Hand|p2b: Basculegion\n|-singleturn|p2b: Basculegion|Helping Hand|[of] p2a: Politoed\n|move|p1a: Venusaur|Protect|p1a: Venusaur\n|-singleturn|p1a: Venusaur|Protect\n|move|p2b: Basculegion|Wave Crash|p1a: Venusaur\n|-activate|p1a: Venusaur|move: Protect\n|move|p1b: Milotic|Ice Beam|p2b: Basculegion\n|-resisted|p2b: Basculegion|1\n|-damage|p2b: Basculegion|0 fnt\n|faint|p2b: Basculegion\n|\n|-weather|RainDance|[upkeep]\n|upkeep\n|\n|t:|1776198239\n|switch|p2b: Scizor|Scizor, L50, M, shiny|100/100\n|turn|8\n|\n|t:|1776198249\n|switch|p1b: Incineroar|Incineroar, L50, M, shiny|91/100\n|-ability|p1b: Incineroar|Intimidate|boost\n|-unboost|p2a: Politoed|atk|1\n|-unboost|p2b: Scizor|atk|1\n|move|p2a: Politoed|Helping Hand|p2b: Scizor\n|-singleturn|p2b: Scizor|Helping Hand|[of] p2a: Politoed\n|move|p2b: Scizor|Close Combat|p1a: Venusaur\n|-resisted|p1a: Venusaur|1\n|-damage|p1a: Venusaur|64/100\n|-unboost|p2b: Scizor|def|1\n|-unboost|p2b: Scizor|spd|1\n|move|p1a: Venusaur|Giga Drain|p2a: Politoed\n|-supereffective|p2a: Politoed|1\n|-damage|p2a: Politoed|0 fnt\n|-heal|p1a: Venusaur|88/100|[from] drain|[of] p2a: Politoed\n|faint|p2a: Politoed\n|\n|-weather|RainDance|[upkeep]\n|upkeep\n|turn|9\n|\n|t:|1776198272\n|move|p1b: Incineroar|Fake Out|p2b: Scizor\n|-resisted|p2b: Scizor|1\n|-damage|p2b: Scizor|93/100\n|cant|p2b: Scizor|flinch\n|move|p1a: Venusaur|Earth Power|p2b: Scizor\n|-crit|p2b: Scizor\n|-damage|p2b: Scizor|0 fnt\n|faint|p2b: Scizor\n|\n|win|jeanmixed\n",
  "uploadtime": 1776198282,
  "views": 21,
  "formatid": "gen9championsvgc2026regma",
  "rating": null,
  "private": 0,
  "password": null
}