{
  "id": "gen9championsvgc2026regma-2581440371",
  "format": "[Gen 9 Champions] VGC 2026 Reg M-A",
  "players": [
    "OwlVision",
    "ChronicNikos"
  ],
  "log": "|j|\u2606OwlVision\n|j|\u2606ChronicNikos\n|t:|1776000635\n|gametype|doubles\n|player|p1|OwlVision|preschooler|1031\n|player|p2|ChronicNikos|cynthia-gen4|1040\n|gen|9\n|tier|[Gen 9 Champions] VGC 2026 Reg M-A\n|rated|\n|rule|Species Clause: Limit one of each Pok\u00e9mon\n|rule|Item Clause: Limit 1 of each item\n|clearpoke\n|poke|p1|Excadrill, L50, F|\n|poke|p1|Tyranitar, L50, F|\n|poke|p1|Hippowdon, L50, M|\n|poke|p1|Chimecho, L50, F|\n|poke|p1|Oranguru, L50, M|\n|poke|p1|Serperior, L50, M|\n|poke|p2|Gengar, L50, F|\n|poke|p2|Incineroar, L50, M|\n|poke|p2|Chesnaught, L50, F|\n|poke|p2|Politoed, L50, M|\n|poke|p2|Archaludon, L50, F|\n|poke|p2|Basculegion, L50, M|\n|teampreview|4\nChronicNikos has agreed to open team sheets.\nOwlVision has agreed to open team sheets.\n|showteam|p1|Excadrill||Excadrite|SandRush|Earthquake,IronHead,Protect,RockSlide|||F|||50|]Tyranitar||SitrusBerry|SandStream|Earthquake,RockSlide,IcePunch,KnockOff|||F|||50|]Hippowdon||Leftovers|SandStream|Protect,Bulldoze,SlackOff,BodyPress|||M|||50|]Chimecho||Chimechite|Levitate|DazzlingGleam,Boomburst,Psychic,PsychUp|||F|||50|]Oranguru||MentalHerb|Telepathy|PsychicNoise,Instruct,Protect,Encore|||M|||50|]Serperior||MiracleSeed|Contrary|LeafStorm,Glare,GigaDrain,DragonPulse|||M|||50|\n|showteam|p2|Gengar||Gengarite|CursedBody|Protect,PerishSong,ShadowBall,SludgeBomb|||F|||50|]Incineroar||ChopleBerry|Intimidate|Protect,FakeOut,PartingShot,DarkestLariat|||M|||50|]Chesnaught||Chesnaughtite|Overgrow|ZenHeadbutt,SpikyShield,BodyPress,WideGuard|||F|||50|]Politoed||Leftovers|Drizzle|Protect,IceBeam,PerishSong,WeatherBall|||M|||50|]Archaludon||Magnet|Sturdy|Protect,ElectroShot,FlashCannon,DracoMeteor|||F|||50|]Basculegion||ChoiceScarf|Adaptability|FlipTurn,IcyWind,Liquidation,LastRespects|||M|||50|\n|\n|t:|1776000680\n|teamsize|p1|4\n|teamsize|p2|4\n|start\n|switch|p1a: Excadrill|Excadrill, L50, F, shiny|100/100\n|switch|p1b: Hippowdon|Hippowdon, L50, M|100/100\n|switch|p2a: Chesnaught|Chesnaught, L50, F|100/100\n|switch|p2b: Ian|Incineroar, L50, M|100/100\n|-ability|p2b: Ian|Intimidate|boost\n|-unboost|p1a: Excadrill|atk|1\n|-unboost|p1b: Hippowdon|atk|1\n|-weather|Sandstorm|[from] ability: Sand Stream|[of] p1b: Hippowdon\n|turn|1\n|\n|t:|1776000709\n|switch|p1a: Oranguru|Oranguru, L50, M, shiny|100/100\n|move|p2b: Ian|Fake Out|p1a: Oranguru\n|-damage|p1a: Oranguru|89/100\n|move|p2a: Chesnaught|Body Press|p1b: Hippowdon\n|-damage|p1b: Hippowdon|80/100\n|move|p1b: Hippowdon|Bulldoze|p2b: Ian|[spread] p2a,p2b\n|-activate|p1a: Oranguru|ability: Telepathy\n|-resisted|p2a: Chesnaught|1\n|-supereffective|p2b: Ian|1\n|-damage|p2a: Chesnaught|97/100\n|-damage|p2b: Ian|80/100\n|-unboost|p2a: Chesnaught|spe|1\n|-unboost|p2b: Ian|spe|1\n|\n|-weather|Sandstorm|[upkeep]\n|-damage|p1a: Oranguru|83/100|[from] Sandstorm\n|-damage|p2a: Chesnaught|91/100|[from] Sandstorm\n|-damage|p2b: Ian|74/100|[from] Sandstorm\n|-heal|p1b: Hippowdon|86/100|[from] item: Leftovers\n|upkeep\n|turn|2\n|\n|t:|1776000737\n|switch|p2b: Rosey|Politoed, L50, M|100/100\n|-weather|RainDance|[from] ability: Drizzle|[of] p2b: Rosey\n|move|p1a: Oranguru|Protect|p1a: Oranguru\n|-singleturn|p1a: Oranguru|Protect\n|move|p2a: Chesnaught|Spiky Shield|p2a: Chesnaught\n|-singleturn|p2a: Chesnaught|move: Protect\n|move|p1b: Hippowdon|Bulldoze|p2a: Chesnaught|[spread] p2b\n|-activate|p1a: Oranguru|move: Protect\n|-activate|p2a: Chesnaught|move: Protect\n|-damage|p2b: Rosey|88/100\n|-unboost|p2b: Rosey|spe|1\n|\n|-weather|RainDance|[upkeep]\n|-heal|p1b: Hippowdon|92/100|[from] item: Leftovers\n|-heal|p2b: Rosey|94/100|[from] item: Leftovers\n|upkeep\n|turn|3\n|\n|t:|1776000767\n|switch|p2a: Ian|Incineroar, L50, M|74/100\n|-ability|p2a: Ian|Intimidate|boost\n|-unboost|p1a: Oranguru|atk|1\n|-unboost|p1b: Hippowdon|atk|1\n|move|p1b: Hippowdon|Protect|p1b: Hippowdon\n|-singleturn|p1b: Hippowdon|Protect\n|move|p1a: Oranguru|Psychic Noise|p2a: Ian\n|-immune|p2a: Ian\n|move|p2b: Rosey|Weather Ball|p1a: Oranguru\n|-damage|p1a: Oranguru|53/100\n|\n|-weather|RainDance|[upkeep]\n|-heal|p1b: Hippowdon|98/100|[from] item: Leftovers\n|-heal|p2b: Rosey|99/100|[from] item: Leftovers\n|upkeep\n|turn|4\n|\n|t:|1776000805\n|move|p1a: Oranguru|Instruct|p1b: Hippowdon\n|-singleturn|p1b: Hippowdon|move: Instruct|[of] p1a: Oranguru\n|move|p1b: Hippowdon|Protect|p1b: Hippowdon\n|-singleturn|p1b: Hippowdon|Protect\n|move|p2a: Ian|Parting Shot|p1a: Oranguru\n|-unboost|p1a: Oranguru|atk|1\n|-unboost|p1a: Oranguru|spa|1\n|\n|t:|1776000818\n|switch|p2a: Stephen|Basculegion, L50, M|100/100|[from] Parting Shot\n|move|p1b: Hippowdon|Bulldoze|p2b: Rosey|[spread] p2a,p2b\n|-activate|p1a: Oranguru|ability: Telepathy\n|-damage|p2a: Stephen|91/100\n|-damage|p2b: Rosey|92/100\n|-unboost|p2a: Stephen|spe|1\n|-unboost|p2b: Rosey|spe|1\n|move|p2b: Rosey|Weather Ball|p1a: Oranguru\n|-damage|p1a: Oranguru|24/100\n|\n|-weather|RainDance|[upkeep]\n|-heal|p1b: Hippowdon|100/100|[from] item: Leftovers\n|-heal|p2b: Rosey|98/100|[from] item: Leftovers\n|upkeep\n|turn|5\n|\n|t:|1776000846\n|switch|p1a: Serperior|Serperior, L50, M, shiny|100/100\n|move|p2a: Stephen|Flip Turn|p1a: Serperior\n|-resisted|p1a: Serperior|1\n|-damage|p1a: Serperior|58/100\n|\n|t:|1776000854\n|switch|p2a: Chesnaught|Chesnaught, L50, F|91/100|[from] Flip Turn\n|move|p1b: Hippowdon|Bulldoze|p2a: Chesnaught|[spread] p1a,p2a,p2b\n|-resisted|p1a: Serperior|1\n|-resisted|p2a: Chesnaught|1\n|-damage|p1a: Serperior|52/100\n|-damage|p2a: Chesnaught|88/100\n|-damage|p2b: Rosey|89/100\n|-boost|p1a: Serperior|spe|1\n|-unboost|p2a: Chesnaught|spe|1\n|-unboost|p2b: Rosey|spe|1\n|move|p2b: Rosey|Weather Ball|p1b: Hippowdon\n|-supereffective|p1b: Hippowdon|1\n|-crit|p1b: Hippowdon\n|-damage|p1b: Hippowdon|0 fnt\n|faint|p1b: Hippowdon\n|\n|-weather|RainDance|[upkeep]\n|-heal|p2b: Rosey|95/100|[from] item: Leftovers\n|upkeep\n|\n|t:|1776000869\n|switch|p1b: Oranguru|Oranguru, L50, M, shiny|24/100\n|turn|6\n|\n|t:|1776000892\n|switch|p2b: Ian|Incineroar, L50, M|74/100\n|-ability|p2b: Ian|Intimidate|boost\n|-boost|p1a: Serperior|atk|1\n|-unboost|p1b: Oranguru|atk|1\n|detailschange|p2a: Chesnaught|Chesnaught-Mega, L50, F\n|-mega|p2a: Chesnaught|Chesnaught|Chesnaughtite\n|move|p1a: Serperior|Glare|p2b: Ian\n|-status|p2b: Ian|par\n|move|p1b: Oranguru|Psychic Noise|p2a: Chesnaught\n|-supereffective|p2a: Chesnaught|1\n|-damage|p2a: Chesnaught|56/100\n|-start|p2a: Chesnaught|move: Heal Block\n|move|p2a: Chesnaught|Body Press|p1a: Serperior\n|-damage|p1a: Serperior|0 fnt\n|faint|p1a: Serperior\n|\n|-weather|none\n|upkeep\n|\n|t:|1776000909\n|switch|p1a: Excadrill|Excadrill, L50, F, shiny|100/100\n|turn|7\n|\n|t:|1776000935\n|detailschange|p1a: Excadrill|Excadrill-Mega, L50, F, shiny\n|-mega|p1a: Excadrill|Excadrill|Excadrite\n|move|p2b: Ian|Fake Out|p1b: Oranguru\n|-crit|p1b: Oranguru\n|-damage|p1b: Oranguru|5/100\n|move|p1a: Excadrill|Earthquake|p2b: Ian|[spread] p2a,p2b\n|-activate|p1b: Oranguru|ability: Telepathy\n|-resisted|p2a: Chesnaught|1\n|-crit|p2a: Chesnaught\n|-supereffective|p2b: Ian|1\n|-damage|p2a: Chesnaught|35/100\n|-damage|p2b: Ian|0 fnt\n|faint|p2b: Ian\n|cant|p1b: Oranguru|flinch\n|move|p2a: Chesnaught|Body Press|p1b: Oranguru\n|-damage|p1b: Oranguru|0 fnt\n|faint|p1b: Oranguru\n|\n|-end|p2a: Chesnaught|move: Heal Block\n|upkeep\n|\n|t:|1776000952\n|switch|p2b: Rosey|Politoed, L50, M|95/100\n|-weather|RainDance|[from] ability: Drizzle|[of] p2b: Rosey\n|turn|8\n|\n|t:|1776000972\n|move|p1a: Excadrill|Rock Slide|p2b: Rosey|[spread] p2a,p2b\n|-resisted|p2a: Chesnaught|1\n|-crit|p2a: Chesnaught\n|-damage|p2a: Chesnaught|26/100\n|-damage|p2b: Rosey|70/100\n|move|p2b: Rosey|Weather Ball|p1a: Excadrill\n|-supereffective|p1a: Excadrill|1\n|-damage|p1a: Excadrill|0 fnt\n|faint|p1a: Excadrill\n|\n|win|ChronicNikos\n|raw|OwlVision's rating: 1031 &rarr; <strong>1017</strong><br />(-14 for losing)\n|raw|ChronicNikos's rating: 1040 &rarr; <strong>1073</strong><br />(+33 for winning)\n",
  "uploadtime": 1776000984,
  "views": 28,
  "formatid": "gen9championsvgc2026regma",
  "rating": 1017,
  "private": 0,
  "password": null
}