{
  "id": "gen9championsvgc2026regma-2588791157",
  "format": "[Gen 9 Champions] VGC 2026 Reg M-A",
  "players": [
    "Robert39rr",
    "DavidTIS"
  ],
  "log": "|j|\u2606Robert39rr\n|j|\u2606DavidTIS\n|t:|1776671263\n|gametype|doubles\n|player|p1|Robert39rr|cynthia-gen4|1214\n|player|p2|DavidTIS|170|1141\n|gen|9\n|tier|[Gen 9 Champions] VGC 2026 Reg M-A\n|rated|\n|rule|Species Clause: Limit one of each Pok\u00e9mon\n|rule|Item Clause: Limit 1 of each item\n|clearpoke\n|poke|p1|Meganium, L50, M, shiny|\n|poke|p1|Kangaskhan, L50, F, shiny|\n|poke|p1|Aerodactyl, L50, F, shiny|\n|poke|p1|Tauros-Paldea-Aqua, L50, M, shiny|\n|poke|p1|Archaludon, L50, M, shiny|\n|poke|p1|Typhlosion-Hisui, L50, M|\n|poke|p2|Starmie, L50|\n|poke|p2|Lycanroc-Dusk, L50, F|\n|poke|p2|Hydreigon, L50, F|\n|poke|p2|Tauros-Paldea-Aqua, L50, M|\n|poke|p2|Froslass, L50, F|\n|poke|p2|Scizor, L50, F|\n|teampreview|4\n|inactive|Battle timer is ON: inactive players will automatically lose when time's up. (requested by Robert39rr)\n|\n|t:|1776671326\n|teamsize|p1|4\n|teamsize|p2|4\n|start\n|switch|p1a: Tauros|Tauros-Paldea-Aqua, L50, M, shiny|100/100\n|switch|p1b: Aerodactyl|Aerodactyl, L50, F, shiny|100/100\n|switch|p2a: Starmie|Starmie, L50|100/100\n|switch|p2b: Scizor|Scizor, L50, F|100/100\n|-ability|p1b: Aerodactyl|Unnerve\n|-ability|p1a: Tauros|Intimidate|boost\n|-unboost|p2a: Starmie|atk|1\n|-unboost|p2b: Scizor|atk|1\n|turn|1\n|inactive|Robert39rr has 30 seconds left.\n|inactive|Robert39rr has 20 seconds left.\n|\n|t:|1776671364\n|switch|p1a: Typhlosion|Typhlosion-Hisui, L50, M|100/100\n|-item|p2a: Starmie|Starminite|[from] ability: Frisk|[of] p1a: Typhlosion\n|-item|p2b: Scizor|Leftovers|[from] ability: Frisk|[of] p1a: Typhlosion\n|detailschange|p2a: Starmie|Starmie-Mega, L50\n|-mega|p2a: Starmie|Starmie|Starminite\n|move|p1b: Aerodactyl|Tailwind|p1b: Aerodactyl\n|-sidestart|p1: Robert39rr|move: Tailwind\n|move|p2a: Starmie|Liquidation|p1b: Aerodactyl\n|-supereffective|p1b: Aerodactyl|1\n|-enditem|p1b: Aerodactyl|Focus Sash\n|-damage|p1b: Aerodactyl|1/100\n|move|p2b: Scizor|Dual Wingbeat|p1a: Typhlosion\n|-damage|p1a: Typhlosion|76/100\n|-damage|p1a: Typhlosion|54/100\n|-hitcount|p1a: Typhlosion|2\n|\n|upkeep\n|turn|2\n|inactive|Robert39rr has 30 seconds left.\n|inactive|DavidTIS has 30 seconds left.\n|\n|t:|1776671402\n|switch|p2b: Tauros|Tauros-Paldea-Aqua, L50, M|100/100\n|-ability|p2b: Tauros|Intimidate|boost\n|-unboost|p1a: Typhlosion|atk|1\n|-unboost|p1b: Aerodactyl|atk|1\n|move|p2a: Starmie|Protect|p2a: Starmie\n|-singleturn|p2a: Starmie|Protect\n|move|p1a: Typhlosion|Heat Wave|p2a: Starmie|[spread] p2b\n|-activate|p2a: Starmie|move: Protect\n|-resisted|p2b: Tauros|1\n|-damage|p2b: Tauros|72/100\n|move|p1b: Aerodactyl|Rock Slide|p2a: Starmie|[spread] p2b\n|-activate|p2a: Starmie|move: Protect\n|-resisted|p2b: Tauros|1\n|-damage|p2b: Tauros|62/100\n|\n|upkeep\n|turn|3\n|inactive|Robert39rr has 30 seconds left.\n|\n|t:|1776671431\n|switch|p1a: Tauros|Tauros-Paldea-Aqua, L50, M, shiny|100/100\n|-ability|p1a: Tauros|Intimidate|boost\n|-unboost|p2a: Starmie|atk|1\n|-unboost|p2b: Tauros|atk|1\n|move|p2b: Tauros|Aqua Jet|p1b: Aerodactyl\n|-supereffective|p1b: Aerodactyl|1\n|-damage|p1b: Aerodactyl|0 fnt\n|faint|p1b: Aerodactyl\n|move|p2a: Starmie|Liquidation|p1a: Tauros\n|-resisted|p1a: Tauros|1\n|-damage|p1a: Tauros|80/100\n|\n|upkeep\n|\n|t:|1776671444\n|switch|p1b: Archaludon|Archaludon, L50, M, shiny|100/100\n|turn|4\n|\n|t:|1776671465\n|switch|p2a: Scizor|Scizor, L50, F|100/100\n|move|p1a: Tauros|Protect|p1a: Tauros\n|-singleturn|p1a: Tauros|Protect\n|move|p1b: Archaludon|Thunderbolt|p2a: Scizor\n|-damage|p2a: Scizor|60/100\n|move|p2b: Tauros|Close Combat|p1b: Archaludon\n|-supereffective|p1b: Archaludon|1\n|-damage|p1b: Archaludon|35/100\n|-unboost|p2b: Tauros|def|1\n|-unboost|p2b: Tauros|spd|1\n|\n|-heal|p2a: Scizor|66/100|[from] item: Leftovers\n|-sideend|p1: Robert39rr|move: Tailwind\n|upkeep\n|turn|5\n|inactive|DavidTIS has 30 seconds left.\n|\n|t:|1776671494\n|switch|p2b: Hydreigon|Hydreigon, L50, F|100/100\n|move|p1b: Archaludon|Protect|p1b: Archaludon\n|-singleturn|p1b: Archaludon|Protect\n|move|p1a: Tauros|Close Combat|p2b: Hydreigon\n|-supereffective|p2b: Hydreigon|1\n|-damage|p2b: Hydreigon|0 fnt\n|-unboost|p1a: Tauros|def|1\n|-unboost|p1a: Tauros|spd|1\n|faint|p2b: Hydreigon\n|-enditem|p1a: Tauros|White Herb\n|-clearnegativeboost|p1a: Tauros|[silent]\n|move|p2a: Scizor|Dual Wingbeat|p1a: Tauros\n|-supereffective|p1a: Tauros|1\n|-damage|p1a: Tauros|24/100\n|-supereffective|p1a: Tauros|1\n|-damage|p1a: Tauros|0 fnt\n|faint|p1a: Tauros\n|-hitcount|p1: Tauros|2\n|\n|-heal|p2a: Scizor|72/100|[from] item: Leftovers\n|upkeep\n|\n|t:|1776671517\n|switch|p1a: Typhlosion|Typhlosion-Hisui, L50, M|54/100\n|switch|p2b: Tauros|Tauros-Paldea-Aqua, L50, M|62/100\n|-item|p2a: Scizor|Leftovers|[from] ability: Frisk|[of] p1a: Typhlosion\n|-item|p2b: Tauros|Sitrus Berry|[from] ability: Frisk|[of] p1a: Typhlosion\n|-ability|p2b: Tauros|Intimidate|boost\n|-unboost|p1a: Typhlosion|atk|1\n|-unboost|p1b: Archaludon|atk|1\n|turn|6\n|inactive|DavidTIS has 30 seconds left.\n|\n|t:|1776671544\n|move|p2a: Scizor|Protect|p2a: Scizor\n|-singleturn|p2a: Scizor|Protect\n|move|p2b: Tauros|Aqua Jet|p1a: Typhlosion\n|-supereffective|p1a: Typhlosion|1\n|-damage|p1a: Typhlosion|0 fnt\n|faint|p1a: Typhlosion\n|move|p1b: Archaludon|Thunderbolt|p2b: Tauros\n|-supereffective|p2b: Tauros|1\n|-damage|p2b: Tauros|0 fnt\n|faint|p2b: Tauros\n|\n|-heal|p2a: Scizor|78/100|[from] item: Leftovers\n|upkeep\n|\n|t:|1776671553\n|switch|p2b: Starmie|Starmie-Mega, L50|100/100\n|turn|7\n|-message|Robert39rr forfeited.\n|\n|win|DavidTIS\n|raw|Robert39rr's rating: 1214 &rarr; <strong>1184</strong><br />(-30 for losing)\n|raw|DavidTIS's rating: 1141 &rarr; <strong>1171</strong><br />(+30 for winning)\n|l|\u2606Robert39rr\n|player|p1|\n",
  "uploadtime": 1776671565,
  "views": 11,
  "formatid": "gen9championsvgc2026regma",
  "rating": 1171,
  "private": 0,
  "password": null
}