{
  "id": "gen9championsvgc2026regma-2587915386",
  "format": "[Gen 9 Champions] VGC 2026 Reg M-A",
  "players": [
    "BlackWu",
    "12457a"
  ],
  "log": "|j|\u2606BlackWu\n|j|\u260612457a\n|t:|1776578510\n|gametype|doubles\n|player|p1|BlackWu|265|1309\n|player|p2|12457a|170|1393\n|gen|9\n|tier|[Gen 9 Champions] VGC 2026 Reg M-A\n|rated|\n|rule|Species Clause: Limit one of each Pok\u00e9mon\n|rule|Item Clause: Limit 1 of each item\n|clearpoke\n|poke|p1|Tyranitar, L50, F|\n|poke|p1|Sneasler, L50, F|\n|poke|p1|Gyarados, L50, F|\n|poke|p1|Goodra-Hisui, L50, M|\n|poke|p1|Sinistcha, L50|\n|poke|p1|Farigiraf, L50, F|\n|poke|p2|Floette-Eternal, L50, F|\n|poke|p2|Araquanid, L50, M|\n|poke|p2|Farigiraf, L50, M|\n|poke|p2|Kingambit, L50, F|\n|poke|p2|Aerodactyl, L50, M|\n|poke|p2|Rotom-Heat, L50|\n|teampreview|4\n|inactive|Battle timer is ON: inactive players will automatically lose when time's up. (requested by 12457a)\n|inactive|BlackWu has 60 seconds left.\n|inactive|12457a has 60 seconds left.\n|\n|t:|1776578560\n|teamsize|p1|4\n|teamsize|p2|4\n|start\n|switch|p1a: Goodra|Goodra-Hisui, L50, M|100/100\n|switch|p1b: Farigiraf|Farigiraf, L50, F|100/100\n|switch|p2a: Farigiraf|Farigiraf, L50, M|100/100\n|switch|p2b: Araquanid|Araquanid, L50, M|100/100\n|turn|1\n|\n|t:|1776578581\n|move|p1a: Goodra|Shelter|p1a: Goodra\n|-boost|p1a: Goodra|def|2\n|move|p2a: Farigiraf|Psychic|p1a: Goodra\n|-resisted|p1a: Goodra|1\n|-damage|p1a: Goodra|89/100\n|move|p1b: Farigiraf|Twin Beam|p2b: Araquanid\n|-damage|p2b: Araquanid|88/100\n|-damage|p2b: Araquanid|74/100\n|-hitcount|p2b: Araquanid|2\n|move|p2b: Araquanid|Liquidation|p1a: Goodra\n|-resisted|p1a: Goodra|1\n|-damage|p1a: Goodra|76/100\n|\n|-heal|p1a: Goodra|82/100|[from] item: Leftovers\n|upkeep\n|turn|2\n|inactive|12457a has 30 seconds left.\n|inactive|12457a has 20 seconds left.\n|inactive|12457a has 15 seconds left.\n|\n|t:|1776578622\n|switch|p2b: Rotom|Rotom-Heat, L50|100/100\n|move|p1a: Goodra|Shelter|p1a: Goodra\n|-boost|p1a: Goodra|def|2\n|move|p1b: Farigiraf|Twin Beam|p2b: Rotom\n|-damage|p2b: Rotom|84/100\n|-damage|p2b: Rotom|67/100\n|-hitcount|p2b: Rotom|2\n|move|p2a: Farigiraf|Psychic|p1a: Goodra\n|-resisted|p1a: Goodra|1\n|-damage|p1a: Goodra|70/100\n|\n|-heal|p1a: Goodra|76/100|[from] item: Leftovers\n|upkeep\n|turn|3\n|\n|t:|1776578640\n|move|p1a: Goodra|Protect|p1a: Goodra\n|-singleturn|p1a: Goodra|Protect\n|move|p2b: Rotom|Overheat|p1a: Goodra\n|-activate|p1a: Goodra|move: Protect\n|move|p2a: Farigiraf|Psychic|p1a: Goodra\n|-activate|p1a: Goodra|move: Protect\n|move|p1b: Farigiraf|Trick Room|p1b: Farigiraf\n|-fieldstart|move: Trick Room|[of] p1b: Farigiraf\n|\n|-heal|p1a: Goodra|82/100|[from] item: Leftovers\n|upkeep\n|turn|4\n|inactive|BlackWu has 30 seconds left.\n|\n|t:|1776578666\n|move|p2b: Rotom|Protect|p2b: Rotom\n|-singleturn|p2b: Rotom|Protect\n|move|p1b: Farigiraf|Twin Beam|p2a: Farigiraf\n|-resisted|p2a: Farigiraf|1\n|-damage|p2a: Farigiraf|95/100\n|-resisted|p2a: Farigiraf|1\n|-damage|p2a: Farigiraf|90/100\n|-hitcount|p2a: Farigiraf|2\n|move|p1a: Goodra|Body Press|p2b: Rotom\n|-activate|p2b: Rotom|move: Protect\n|move|p2a: Farigiraf|Trick Room|p2a: Farigiraf\n|-fieldend|move: Trick Room\n|\n|-heal|p1a: Goodra|88/100|[from] item: Leftovers\n|upkeep\n|turn|5\n|\n|t:|1776578685\n|move|p2b: Rotom|Overheat|p1b: Farigiraf\n|-damage|p1b: Farigiraf|50/100\n|-unboost|p2b: Rotom|spa|2\n|-enditem|p2b: Rotom|White Herb\n|-clearnegativeboost|p2b: Rotom|[silent]\n|move|p1a: Goodra|Body Press|p2a: Farigiraf\n|-damage|p2a: Farigiraf|6/100\n|move|p2a: Farigiraf|Psychic|p1b: Farigiraf\n|-resisted|p1b: Farigiraf|1\n|-damage|p1b: Farigiraf|34/100\n|move|p1b: Farigiraf|Trick Room|p1b: Farigiraf\n|-fieldstart|move: Trick Room|[of] p1b: Farigiraf\n|\n|-heal|p1a: Goodra|94/100|[from] item: Leftovers\n|upkeep\n|turn|6\n|inactive|12457a has 30 seconds left.\n|\n|t:|1776578711\n|move|p2b: Rotom|Protect|p2b: Rotom\n|-singleturn|p2b: Rotom|Protect\n|move|p1b: Farigiraf|Twin Beam|p2a: Farigiraf\n|-resisted|p2a: Farigiraf|1\n|-damage|p2a: Farigiraf|0 fnt\n|faint|p2a: Farigiraf\n|-hitcount|p2: Farigiraf|1\n|move|p1a: Goodra|Body Press|p2b: Rotom\n|-activate|p2b: Rotom|move: Protect\n|\n|-heal|p1a: Goodra|99/100|[from] item: Leftovers\n|upkeep\n|\n|t:|1776578716\n|switch|p2a: Araquanid|Araquanid, L50, M|74/100\n|turn|7\n|\n|t:|1776578727\n|switch|p1b: Sinistcha|Sinistcha, L50|100/100\n|-heal|p1a: Goodra|100/100|[from] ability: Hospitality|[of] p1b: Sinistcha\n|move|p2a: Araquanid|Liquidation|p1b: Sinistcha\n|-resisted|p1b: Sinistcha|1\n|-damage|p1b: Sinistcha|67/100\n|move|p1a: Goodra|Body Press|p2b: Rotom\n|-damage|p2b: Rotom|0 fnt\n|faint|p2b: Rotom\n|\n|upkeep\n|-message|12457a forfeited.\n|\n|win|BlackWu\n|raw|BlackWu's rating: 1309 &rarr; <strong>1334</strong><br />(+25 for winning)\n|raw|12457a's rating: 1393 &rarr; <strong>1368</strong><br />(-25 for losing)\n|l|\u260612457a\n|player|p2|\n",
  "uploadtime": 1776578734,
  "views": 24,
  "formatid": "gen9championsvgc2026regma",
  "rating": 1334,
  "private": 0,
  "password": null
}