{
  "id": "gen9championsvgc2026regma-2582144087",
  "format": "[Gen 9 Champions] VGC 2026 Reg M-A",
  "players": [
    "SimplyNarwall",
    "ioiimaspyioi"
  ],
  "log": "|j|\u2606SimplyNarwall\n|j|\u2606ioiimaspyioi\n|t:|1776063669\n|gametype|doubles\n|player|p1|SimplyNarwall|2|1168\n|player|p2|ioiimaspyioi|morty|1219\n|gen|9\n|tier|[Gen 9 Champions] VGC 2026 Reg M-A\n|rated|\n|rule|Species Clause: Limit one of each Pok\u00e9mon\n|rule|Item Clause: Limit 1 of each item\n|clearpoke\n|poke|p1|Primarina, L50, F|\n|poke|p1|Sylveon, L50, M|\n|poke|p1|Skarmory, L50, M|\n|poke|p1|Chesnaught, L50, F|\n|poke|p1|Aerodactyl, L50, F|\n|poke|p1|Whimsicott, L50, M|\n|poke|p2|Charizard, L50, M|\n|poke|p2|Sneasler, L50, M|\n|poke|p2|Rotom-Wash, L50|\n|poke|p2|Kingambit, L50, M|\n|poke|p2|Garchomp, L50, M|\n|poke|p2|Whimsicott, L50, M|\n|teampreview|4\n|\n|t:|1776063702\n|teamsize|p1|4\n|teamsize|p2|4\n|start\n|switch|p1a: Whimsicott|Whimsicott, L50, M|100/100\n|switch|p1b: Aerodactyl|Aerodactyl, L50, F|100/100\n|switch|p2a: Kingambit|Kingambit, L50, M, shiny|100/100\n|switch|p2b: Garchomp|Garchomp, L50, M|100/100\n|turn|1\n|\n|t:|1776063719\n|switch|p1b: Chesnaught|Chesnaught, L50, F|100/100\n|move|p1a: Whimsicott|Protect|p1a: Whimsicott\n|-singleturn|p1a: Whimsicott|Protect\n|move|p2b: Garchomp|Rock Slide|p1a: Whimsicott|[spread] p1b\n|-activate|p1a: Whimsicott|move: Protect\n|-resisted|p1b: Chesnaught|1\n|-damage|p1b: Chesnaught|93/100\n|move|p2a: Kingambit|Iron Head|p1a: Whimsicott\n|-activate|p1a: Whimsicott|move: Protect\n|\n|-heal|p1b: Chesnaught|99/100|[from] item: Leftovers\n|upkeep\n|turn|2\n|\n|t:|1776063744\n|switch|p2a: Whimsicott|Whimsicott, L50, M|100/100\n|move|p1a: Whimsicott|Tailwind|p1a: Whimsicott\n|-sidestart|p1: SimplyNarwall|move: Tailwind\n|move|p2b: Garchomp|Rock Slide|p1a: Whimsicott|[spread] p1a,p1b\n|-resisted|p1b: Chesnaught|1\n|-damage|p1a: Whimsicott|79/100\n|-damage|p1b: Chesnaught|90/100\n|cant|p1b: Chesnaught|flinch\n|\n|-heal|p1b: Chesnaught|96/100|[from] item: Leftovers\n|upkeep\n|turn|3\n|\n|t:|1776063777\n|switch|p2b: Charizard|Charizard, L50, M, shiny|100/100\n|move|p1a: Whimsicott|Taunt|p2a: Whimsicott\n|-start|p2a: Whimsicott|move: Taunt\n|cant|p2a: Whimsicott|move: Taunt|Encore\n|move|p1b: Chesnaught|Bulk Up|p1b: Chesnaught\n|-boost|p1b: Chesnaught|atk|1\n|-boost|p1b: Chesnaught|def|1\n|\n|-heal|p1b: Chesnaught|100/100|[from] item: Leftovers\n|upkeep\n|turn|4\n|\n|t:|1776063795\n|switch|p1b: Aerodactyl|Aerodactyl, L50, F|100/100\n|detailschange|p2b: Charizard|Charizard-Mega-Y, L50, M, shiny\n|-mega|p2b: Charizard|Charizard|Charizardite Y\n|-weather|SunnyDay|[from] ability: Drought|[of] p2b: Charizard\n|move|p1a: Whimsicott|Protect|p1a: Whimsicott\n|-singleturn|p1a: Whimsicott|Protect\n|move|p2b: Charizard|Protect|p2b: Charizard\n|-singleturn|p2b: Charizard|Protect\n|move|p2a: Whimsicott|Moonblast|p1b: Aerodactyl\n|-damage|p1b: Aerodactyl|62/100\n|-unboost|p1b: Aerodactyl|spa|1\n|\n|-weather|SunnyDay|[upkeep]\n|upkeep\n|turn|5\n|\n|t:|1776063814\n|switch|p2b: Kingambit|Kingambit, L50, M, shiny|100/100\n|detailschange|p1b: Aerodactyl|Aerodactyl-Mega, L50, F\n|-mega|p1b: Aerodactyl|Aerodactyl|Aerodactylite\n|move|p1a: Whimsicott|Encore|p2b: Kingambit\n|-hint|Since gen 7, Dark is immune to Prankster moves.\n|-immune|p2b: Kingambit\n|move|p1b: Aerodactyl|Rock Slide|p2b: Kingambit|[spread] p2a,p2b\n|-resisted|p2b: Kingambit|1\n|-damage|p2a: Whimsicott|65/100\n|-damage|p2b: Kingambit|90/100\n|move|p2a: Whimsicott|Moonblast|p1b: Aerodactyl\n|-damage|p1b: Aerodactyl|31/100\n|\n|-weather|SunnyDay|[upkeep]\n|-end|p2a: Whimsicott|move: Taunt\n|-sideend|p1: SimplyNarwall|move: Tailwind\n|upkeep\n|turn|6\n|\n|t:|1776063854\n|switch|p1a: Chesnaught|Chesnaught, L50, F|100/100\n|move|p2a: Whimsicott|Tailwind|p2a: Whimsicott\n|-sidestart|p2: ioiimaspyioi|move: Tailwind\n|move|p1b: Aerodactyl|Dual Wingbeat|p2a: Whimsicott\n|-supereffective|p2a: Whimsicott|1\n|-damage|p2a: Whimsicott|0 fnt\n|faint|p2a: Whimsicott\n|-hitcount|p2: Whimsicott|1\n|move|p2b: Kingambit|Kowtow Cleave|p1b: Aerodactyl\n|-damage|p1b: Aerodactyl|0 fnt\n|faint|p1b: Aerodactyl\n|\n|-weather|SunnyDay|[upkeep]\n|upkeep\n|\n|t:|1776063878\n|switch|p1b: Whimsicott|Whimsicott, L50, M|79/100\n|switch|p2a: Charizard|Charizard-Mega-Y, L50, M, shiny|100/100\n|turn|7\n|\n|t:|1776063899\n|switch|p1a: Primarina|Primarina, L50, F|100/100\n|move|p1b: Whimsicott|Protect|p1b: Whimsicott\n|-singleturn|p1b: Whimsicott|Protect\n|move|p2b: Kingambit|Protect|p2b: Kingambit\n|-singleturn|p2b: Kingambit|Protect\n|move|p2a: Charizard|Heat Wave|p1b: Whimsicott|[spread] \n|-activate|p1b: Whimsicott|move: Protect\n|-miss|p2a: Charizard|p1a: Primarina\n|\n|-weather|SunnyDay|[upkeep]\n|upkeep\n|turn|8\n|\n|t:|1776063917\n|switch|p1b: Chesnaught|Chesnaught, L50, F|100/100\n|move|p2a: Charizard|Heat Wave|p1b: Chesnaught|[spread] p1a\n|-miss|p2a: Charizard|p1b: Chesnaught\n|-resisted|p1a: Primarina|1\n|-damage|p1a: Primarina|69/100\n|move|p2b: Kingambit|Iron Head|p1a: Primarina\n|-damage|p1a: Primarina|6/100\n|cant|p1a: Primarina|flinch\n|\n|-weather|none\n|upkeep\n|turn|9\n|\n|t:|1776063950\n|switch|p2b: Garchomp|Garchomp, L50, M|100/100\n|switch|p1a: Whimsicott|Whimsicott, L50, M|79/100\n|move|p2a: Charizard|Heat Wave|p1b: Chesnaught|[spread] p1a,p1b\n|-supereffective|p1a: Whimsicott|1\n|-supereffective|p1b: Chesnaught|1\n|-damage|p1a: Whimsicott|0 fnt\n|-damage|p1b: Chesnaught|0 fnt\n|faint|p1a: Whimsicott\n|faint|p1b: Chesnaught\n|\n|-sideend|p2: ioiimaspyioi|move: Tailwind\n|upkeep\n|-message|SimplyNarwall forfeited.\n|\n|win|ioiimaspyioi\n|raw|SimplyNarwall's rating: 1168 &rarr; <strong>1147</strong><br />(-21 for losing)\n|raw|ioiimaspyioi's rating: 1219 &rarr; <strong>1240</strong><br />(+21 for winning)\n|l|\u2606SimplyNarwall\n|player|p1|\n",
  "uploadtime": 1776063964,
  "views": 30,
  "formatid": "gen9championsvgc2026regma",
  "rating": 1147,
  "private": 0,
  "password": null
}