{
  "id": "gen9championsvgc2026regma-2583368512",
  "format": "[Gen 9 Champions] VGC 2026 Reg M-A",
  "players": [
    "KogaAF1219",
    "Tilsch"
  ],
  "log": "|j|\u2606KogaAF1219\n|j|\u2606Tilsch\n|t:|1776170696\n|gametype|doubles\n|player|p1|KogaAF1219|koga|1181\n|player|p2|Tilsch|1|1221\n|gen|9\n|tier|[Gen 9 Champions] VGC 2026 Reg M-A\n|rated|\n|rule|Species Clause: Limit one of each Pok\u00e9mon\n|rule|Item Clause: Limit 1 of each item\n|clearpoke\n|poke|p1|Torkoal, L50, F|\n|poke|p1|Venusaur, L50, M|\n|poke|p1|Incineroar, L50, F|\n|poke|p1|Farigiraf, L50, M|\n|poke|p1|Rotom-Fan, L50|\n|poke|p1|Excadrill, L50, F|\n|poke|p2|Crabominable, L50, M|\n|poke|p2|Incineroar, L50, M|\n|poke|p2|Golurk, L50|\n|poke|p2|Rotom-Wash, L50|\n|poke|p2|Slowbro, L50, M|\n|poke|p2|Politoed, L50, F|\n|teampreview|4\nKogaAF1219 has agreed to open team sheets.\n|inactive|Battle timer is ON: inactive players will automatically lose when time's up. (requested by KogaAF1219)\n|\n|t:|1776170756\n|teamsize|p1|4\n|teamsize|p2|4\n|start\n|switch|p1a: Venusaur|Venusaur, L50, M|100/100\n|switch|p1b: Farigiraf|Farigiraf, L50, M|100/100\n|switch|p2a: Slowbro|Slowbro, L50, M|100/100\n|switch|p2b: Golurk|Golurk, L50|100/100\n|turn|1\n|\n|t:|1776170780\n|switch|p2b: Rotom|Rotom-Wash, L50|100/100\n|move|p1a: Venusaur|Sleep Powder|p2b: Rotom\n|-status|p2b: Rotom|slp|[from] move: Sleep Powder\n|move|p1b: Farigiraf|Thunderbolt|p2a: Slowbro\n|-supereffective|p2a: Slowbro|1\n|-damage|p2a: Slowbro|49/100\n|move|p2a: Slowbro|Trick Room|p2a: Slowbro\n|-fieldstart|move: Trick Room|[of] p2a: Slowbro\n|\n|upkeep\n|turn|2\n|inactive|Tilsch has 30 seconds left.\n|\n|t:|1776170812\n|move|p1a: Venusaur|Protect|p1a: Venusaur\n|-singleturn|p1a: Venusaur|Protect\n|move|p2a: Slowbro|Light Screen|p2a: Slowbro\n|-sidestart|p2: Tilsch|move: Light Screen\n|move|p1b: Farigiraf|Thunderbolt|p2a: Slowbro\n|-supereffective|p2a: Slowbro|1\n|-damage|p2a: Slowbro|14/100\n|cant|p2b: Rotom|slp\n|\n|upkeep\n|turn|3\n|\n|t:|1776170831\n|switch|p2a: Politoed|Politoed, L50, F|100/100\n|-weather|RainDance|[from] ability: Drizzle|[of] p2a: Politoed\n|detailschange|p1a: Venusaur|Venusaur-Mega, L50, M\n|-mega|p1a: Venusaur|Venusaur|Venusaurite\n|move|p1b: Farigiraf|Thunderbolt|p2a: Politoed\n|-supereffective|p2a: Politoed|1\n|-damage|p2a: Politoed|68/100\n|-curestatus|p2b: Rotom|slp|[msg]\n|move|p2b: Rotom|Thunder|p1b: Farigiraf\n|-damage|p1b: Farigiraf|52/100\n|move|p1a: Venusaur|Energy Ball|p2b: Rotom\n|-supereffective|p2b: Rotom|1\n|-damage|p2b: Rotom|28/100\n|\n|-weather|RainDance|[upkeep]\n|-heal|p2a: Politoed|74/100|[from] item: Leftovers\n|upkeep\n|turn|4\n|inactive|Tilsch has 30 seconds left.\n|\n|t:|1776170859\n|move|p1b: Farigiraf|Dazzling Gleam|p2b: Rotom|[spread] p2a,p2b\n|-damage|p2a: Politoed|64/100\n|-damage|p2b: Rotom|12/100\n|move|p2a: Politoed|Ice Beam|p1a: Venusaur\n|-supereffective|p1a: Venusaur|1\n|-damage|p1a: Venusaur|79/100\n|move|p2b: Rotom|Hydro Pump|p1b: Farigiraf\n|-damage|p1b: Farigiraf|0 fnt\n|faint|p1b: Farigiraf\n|move|p1a: Venusaur|Energy Ball|p2a: Politoed\n|-supereffective|p2a: Politoed|1\n|-damage|p2a: Politoed|17/100\n|\n|-weather|RainDance|[upkeep]\n|-heal|p2a: Politoed|23/100|[from] item: Leftovers\n|upkeep\n|\n|t:|1776170862\n|switch|p1b: Torkoal|Torkoal, L50, F|100/100\n|-weather|SunnyDay|[from] ability: Drought|[of] p1b: Torkoal\n|turn|5\n|\n|t:|1776170879\n|switch|p2a: Slowbro|Slowbro, L50, M|47/100\n|move|p2b: Rotom|Protect|p2b: Rotom\n|-singleturn|p2b: Rotom|Protect\n|move|p1b: Torkoal|Eruption|p2b: Rotom|[spread] p2a\n|-activate|p2b: Rotom|move: Protect\n|-resisted|p2a: Slowbro|1\n|-damage|p2a: Slowbro|25/100\n|move|p1a: Venusaur|Earth Power|p2a: Slowbro\n|-damage|p2a: Slowbro|5/100\n|\n|-weather|SunnyDay|[upkeep]\n|-fieldend|move: Trick Room\n|upkeep\n|turn|6\n|\n|t:|1776170903\n|switch|p1b: Rotom|Rotom-Fan, L50|100/100\n|move|p1a: Venusaur|Energy Ball|p2a: Slowbro\n|-supereffective|p2a: Slowbro|1\n|-damage|p2a: Slowbro|0 fnt\n|faint|p2a: Slowbro\n|move|p2b: Rotom|Discharge|p1a: Venusaur|[spread] p1a,p1b\n|-resisted|p1a: Venusaur|1\n|-damage|p1a: Venusaur|66/100\n|-damage|p1b: Rotom|70/100\n|\n|-weather|SunnyDay|[upkeep]\n|-sideend|p2: Tilsch|move: Light Screen\n|upkeep\n|\n|t:|1776170913\n|switch|p2a: Politoed|Politoed, L50, F|23/100\n|-weather|RainDance|[from] ability: Drizzle|[of] p2a: Politoed\n|turn|7\n|\n|t:|1776170926\n|switch|p2a: Golurk|Golurk, L50|100/100\n|move|p1b: Rotom|Volt Switch|p2b: Rotom\n|-damage|p2b: Rotom|0 fnt\n|faint|p2b: Rotom\n|\n|t:|1776170932\n|switch|p1b: Torkoal|Torkoal, L50, F|100/100|[from] Volt Switch\n|-weather|SunnyDay|[from] ability: Drought|[of] p1b: Torkoal\n|move|p1a: Venusaur|Energy Ball|p2a: Golurk\n|-supereffective|p2a: Golurk|1\n|-damage|p2a: Golurk|1/100\n|-unboost|p2a: Golurk|spd|1\n|\n|-weather|SunnyDay|[upkeep]\n|upkeep\n|\n|t:|1776170935\n|switch|p2b: Politoed|Politoed, L50, F|23/100\n|-weather|RainDance|[from] ability: Drizzle|[of] p2b: Politoed\n|turn|8\n|-message|Tilsch forfeited.\n|\n|win|KogaAF1219\n|raw|KogaAF1219's rating: 1181 &rarr; <strong>1209</strong><br />(+28 for winning)\n|raw|Tilsch's rating: 1221 &rarr; <strong>1193</strong><br />(-28 for losing)\n|l|\u2606Tilsch\n|player|p2|\n",
  "uploadtime": 1776170943,
  "views": 20,
  "formatid": "gen9championsvgc2026regma",
  "rating": 1193,
  "private": 0,
  "password": null
}