{
  "id": "gen9championsvgc2026regma-2588268496",
  "format": "[Gen 9 Champions] VGC 2026 Reg M-A",
  "players": [
    "Guccisan1",
    "TheNewMeliolizard"
  ],
  "log": "|j|\u2606Guccisan1\n|j|\u2606TheNewMeliolizard\n|t:|1776619590\n|gametype|doubles\n|player|p1|Guccisan1|1|1421\n|player|p2|TheNewMeliolizard|larry|1439\n|gen|9\n|tier|[Gen 9 Champions] VGC 2026 Reg M-A\n|rated|\n|rule|Species Clause: Limit one of each Pok\u00e9mon\n|rule|Item Clause: Limit 1 of each item\n|clearpoke\n|poke|p1|Golurk, L50|\n|poke|p1|Farigiraf, L50, M|\n|poke|p1|Incineroar, L50, F|\n|poke|p1|Torkoal, L50, M|\n|poke|p1|Sneasler, L50, M|\n|poke|p1|Venusaur, L50, M|\n|poke|p2|Aggron, L50, F, shiny|\n|poke|p2|Rotom-Wash, L50, shiny|\n|poke|p2|Sinistcha, L50, shiny|\n|poke|p2|Incineroar, L50, F, shiny|\n|poke|p2|Ninetales-Alola, L50, F, shiny|\n|poke|p2|Tyranitar, L50, M, shiny|\n|teampreview|4\n|inactive|Battle timer is ON: inactive players will automatically lose when time's up. (requested by Guccisan1)\n|inactive|TheNewMeliolizard has 60 seconds left.\n|inactive|TheNewMeliolizard has 30 seconds left.\n|inactive|TheNewMeliolizard has 20 seconds left.\n|\n|t:|1776619699\n|teamsize|p1|4\n|teamsize|p2|4\n|start\n|switch|p1a: Sneasler|Sneasler, L50, M|100/100\n|switch|p1b: Farigiraf|Farigiraf, L50, M|100/100\n|switch|p2a: Incineroar|Incineroar, L50, F, shiny|100/100\n|switch|p2b: Ninetales|Ninetales-Alola, L50, F, shiny|100/100\n|-weather|Snowscape|[from] ability: Snow Warning|[of] p2b: Ninetales\n|-ability|p2a: Incineroar|Intimidate|boost\n|-unboost|p1a: Sneasler|atk|1\n|-unboost|p1b: Farigiraf|atk|1\n|-enditem|p1a: Sneasler|White Herb\n|-clearnegativeboost|p1a: Sneasler|[silent]\n|turn|1\n|\n|t:|1776619716\n|move|p1a: Sneasler|Close Combat|p2a: Incineroar\n|-supereffective|p2a: Incineroar|1\n|-enditem|p2a: Incineroar|Chople Berry|[eat]\n|-enditem|p2a: Incineroar|Chople Berry|[weaken]\n|-damage|p2a: Incineroar|41/100\n|-unboost|p1a: Sneasler|def|1\n|-unboost|p1a: Sneasler|spd|1\n|move|p2b: Ninetales|Aurora Veil|p2b: Ninetales\n|-sidestart|p2: TheNewMeliolizard|move: Aurora Veil\n|move|p2a: Incineroar|Parting Shot|p1a: Sneasler\n|-unboost|p1a: Sneasler|atk|1\n|-unboost|p1a: Sneasler|spa|1\n|\n|t:|1776619723\n|switch|p2a: Aggron|Aggron, L50, F, shiny|100/100|[from] Parting Shot\n|move|p1b: Farigiraf|Trick Room|p1b: Farigiraf\n|-fieldstart|move: Trick Room|[of] p1b: Farigiraf\n|\n|-weather|Snowscape|[upkeep]\n|upkeep\n|turn|2\n|\n|t:|1776619753\n|detailschange|p2a: Aggron|Aggron-Mega, L50, F, shiny\n|-mega|p2a: Aggron|Aggron|Aggronite\n|move|p2a: Aggron|Iron Defense|p2a: Aggron\n|-boost|p2a: Aggron|def|2\n|move|p1b: Farigiraf|Hyper Voice|p2a: Aggron|[spread] p2a,p2b\n|-resisted|p2a: Aggron|1\n|-damage|p2a: Aggron|93/100\n|-damage|p2b: Ninetales|80/100\n|move|p2b: Ninetales|Blizzard|p1a: Sneasler|[spread] p1a,p1b\n|-damage|p1a: Sneasler|45/100\n|-damage|p1b: Farigiraf|75/100\n|move|p1a: Sneasler|Close Combat|p2a: Aggron\n|-supereffective|p2a: Aggron|1\n|-damage|p2a: Aggron|82/100\n|-unboost|p1a: Sneasler|def|1\n|-unboost|p1a: Sneasler|spd|1\n|\n|-weather|Snowscape|[upkeep]\n|upkeep\n|turn|3\n|\n|t:|1776619773\n|switch|p1a: Torkoal|Torkoal, L50, M|100/100\n|-weather|SunnyDay|[from] ability: Drought|[of] p1a: Torkoal\n|move|p2a: Aggron|Body Press|p1b: Farigiraf\n|-damage|p1b: Farigiraf|10/100\n|-enditem|p1b: Farigiraf|Sitrus Berry|[eat]\n|-heal|p1b: Farigiraf|35/100|[from] item: Sitrus Berry\n|move|p1b: Farigiraf|Psychic|p2b: Ninetales\n|-damage|p2b: Ninetales|50/100\n|move|p2b: Ninetales|Moonblast|p1a: Torkoal\n|-resisted|p1a: Torkoal|1\n|-damage|p1a: Torkoal|79/100\n|\n|-weather|SunnyDay|[upkeep]\n|upkeep\n|turn|4\n|inactive|Guccisan1 has 30 seconds left.\n|\n|t:|1776619804\n|switch|p1b: Golurk|Golurk, L50|100/100\n|switch|p2b: Incineroar|Incineroar, L50, F, shiny|41/100\n|-ability|p2b: Incineroar|Intimidate|boost\n|-unboost|p1a: Torkoal|atk|1\n|-unboost|p1b: Golurk|atk|1\n|move|p2a: Aggron|Protect|p2a: Aggron\n|-singleturn|p2a: Aggron|Protect\n|move|p1a: Torkoal|Eruption|p2a: Aggron|[spread] p2b\n|-activate|p2a: Aggron|move: Protect\n|-resisted|p2b: Incineroar|1\n|-damage|p2b: Incineroar|24/100\n|\n|-weather|SunnyDay|[upkeep]\n|upkeep\n|turn|5\n|\n|t:|1776619823\n|switch|p1b: Farigiraf|Farigiraf, L50, M|35/100\n|move|p2b: Incineroar|Fake Out||[still]\n|cant|p1b: Farigiraf|ability: Armor Tail|Fake Out|[of] p2b: Incineroar\n|move|p1a: Torkoal|Eruption|p2a: Aggron|[spread] p2a,p2b\n|-supereffective|p2a: Aggron|1\n|-resisted|p2b: Incineroar|1\n|-damage|p2a: Aggron|24/100\n|-damage|p2b: Incineroar|8/100\n|move|p2a: Aggron|Body Press|p1a: Torkoal\n|-damage|p1a: Torkoal|20/100\n|\n|-weather|SunnyDay|[upkeep]\n|-sideend|p2: TheNewMeliolizard|move: Aurora Veil\n|-fieldend|move: Trick Room\n|upkeep\n|turn|6\n|\n|t:|1776619840\n|move|p1b: Farigiraf|Protect|p1b: Farigiraf\n|-singleturn|p1b: Farigiraf|Protect\n|move|p2b: Incineroar|Flare Blitz|p1b: Farigiraf\n|-activate|p1b: Farigiraf|move: Protect\n|move|p2a: Aggron|Body Press|p1a: Torkoal\n|-damage|p1a: Torkoal|0 fnt\n|faint|p1a: Torkoal\n|\n|-weather|SunnyDay|[upkeep]\n|upkeep\n|\n|t:|1776619849\n|switch|p1a: Sneasler|Sneasler, L50, M|45/100\n|turn|7\n|\n|t:|1776619865\n|move|p1a: Sneasler|Close Combat|p2a: Aggron\n|-supereffective|p2a: Aggron|1\n|-damage|p2a: Aggron|0 fnt\n|-unboost|p1a: Sneasler|def|1\n|-unboost|p1a: Sneasler|spd|1\n|faint|p2a: Aggron\n|move|p2b: Incineroar|Flare Blitz|p1b: Farigiraf\n|-damage|p1b: Farigiraf|0 fnt\n|faint|p1b: Farigiraf\n|-damage|p2b: Incineroar|0 fnt|[from] Recoil\n|faint|p2b: Incineroar\n|\n|-weather|none\n|upkeep\n|\n|t:|1776619871\n|switch|p2b: Ninetales|Ninetales-Alola, L50, F, shiny|50/100\n|switch|p1b: Golurk|Golurk, L50|100/100\n|switch|p2a: Sinistcha|Sinistcha, L50, shiny|100/100\n|-weather|Snowscape|[from] ability: Snow Warning|[of] p2b: Ninetales\n|-heal|p2b: Ninetales|75/100|[from] ability: Hospitality|[of] p2a: Sinistcha\n|turn|8\n|\n|t:|1776619886\n|detailschange|p1b: Golurk|Golurk-Mega, L50\n|-mega|p1b: Golurk|Golurk|Golurkite\n|move|p1a: Sneasler|Protect|p1a: Sneasler\n|-singleturn|p1a: Sneasler|Protect\n|move|p2a: Sinistcha|Rage Powder|p2a: Sinistcha\n|-singleturn|p2a: Sinistcha|move: Rage Powder\n|move|p2b: Ninetales|Blizzard|p1a: Sneasler|[spread] p1b\n|-activate|p1a: Sneasler|move: Protect\n|-supereffective|p1b: Golurk|1\n|-damage|p1b: Golurk|47/100\n|move|p1b: Golurk|Poltergeist|p2a: Sinistcha\n|-activate|p2a: Sinistcha|move: Poltergeist|Sitrus Berry\n|-supereffective|p2a: Sinistcha|1\n|-damage|p2a: Sinistcha|0 fnt\n|faint|p2a: Sinistcha\n|\n|-weather|Snowscape|[upkeep]\n|upkeep\n|turn|9\n|\n|t:|1776619907\n|move|p1a: Sneasler|Dire Claw|p2b: Ninetales\n|-supereffective|p2b: Ninetales|1\n|-enditem|p2b: Ninetales|Kebia Berry|[eat]\n|-enditem|p2b: Ninetales|Kebia Berry|[weaken]\n|-damage|p2b: Ninetales|39/100\n|move|p2b: Ninetales|Blizzard|p1a: Sneasler|[spread] p1a,p1b\n|-supereffective|p1b: Golurk|1\n|-damage|p1a: Sneasler|0 fnt\n|-damage|p1b: Golurk|0 fnt\n|faint|p1a: Sneasler\n|faint|p1b: Golurk\n|\n|win|TheNewMeliolizard\n|raw|Guccisan1's rating: 1421 &rarr; <strong>1402</strong><br />(-19 for losing)\n|raw|TheNewMeliolizard's rating: 1439 &rarr; <strong>1458</strong><br />(+19 for winning)\n",
  "uploadtime": 1776619926,
  "views": 19,
  "formatid": "gen9championsvgc2026regma",
  "rating": 1402,
  "private": 0,
  "password": null
}