{
  "id": "gen9championsvgc2026regma-2582978456",
  "format": "[Gen 9 Champions] VGC 2026 Reg M-A",
  "players": [
    "Novicebest",
    "shantoobrown"
  ],
  "log": "|j|\u2606Novicebest\n|j|\u2606shantoobrown\n|t:|1776130242\n|gametype|doubles\n|player|p1|Novicebest|dawn|1341\n|player|p2|shantoobrown|1|1265\n|gen|9\n|tier|[Gen 9 Champions] VGC 2026 Reg M-A\n|rated|\n|rule|Species Clause: Limit one of each Pok\u00e9mon\n|rule|Item Clause: Limit 1 of each item\n|clearpoke\n|poke|p1|Kingambit, L50, M|\n|poke|p1|Gengar, L50, F|\n|poke|p1|Sneasler, L50, M|\n|poke|p1|Politoed, L50, F|\n|poke|p1|Incineroar, L50, M|\n|poke|p1|Basculegion, L50, M|\n|poke|p2|Chandelure, L50, M|\n|poke|p2|Whimsicott, L50, M|\n|poke|p2|Primarina, L50, F|\n|poke|p2|Raichu, L50, M|\n|poke|p2|Gyarados, L50, F|\n|poke|p2|Garchomp, L50, F|\n|teampreview|4\n|inactive|Battle timer is ON: inactive players will automatically lose when time's up. (requested by Novicebest)\n|inactive|Novicebest has 60 seconds left.\n|inactive|shantoobrown has 60 seconds left.\n|inactive|Novicebest has 30 seconds left.\n|inactive|Novicebest has 20 seconds left.\n|inactive|Novicebest has 15 seconds left.\n|\n|t:|1776130325\n|teamsize|p1|4\n|teamsize|p2|4\n|start\n|switch|p1a: Incineroar|Incineroar, L50, M|100/100\n|switch|p1b: Gengar|Gengar, L50, F|100/100\n|switch|p2a: Whimsicott|Whimsicott, L50, M, shiny|100/100\n|switch|p2b: Raichu|Raichu, L50, M|100/100\n|-ability|p1a: Incineroar|Intimidate|boost\n|-unboost|p2a: Whimsicott|atk|1\n|-unboost|p2b: Raichu|atk|1\n|turn|1\n|\n|t:|1776130349\n|detailschange|p1b: Gengar|Gengar-Mega, L50, F\n|-mega|p1b: Gengar|Gengar|Gengarite\n|move|p2b: Raichu|Fake Out|p1a: Incineroar\n|-damage|p1a: Incineroar|96/100\n|cant|p1a: Incineroar|flinch\n|move|p2a: Whimsicott|Tailwind|p2a: Whimsicott\n|-sidestart|p2: shantoobrown|move: Tailwind\n|move|p1b: Gengar|Perish Song|p1b: Gengar\n|-start|p1a: Incineroar|perish3|[silent]\n|-start|p1b: Gengar|perish3|[silent]\n|-start|p2a: Whimsicott|perish3|[silent]\n|-start|p2b: Raichu|perish3|[silent]\n|-fieldactivate|move: Perish Song\n|\n|-start|p2b: Raichu|perish3\n|-start|p2a: Whimsicott|perish3\n|-start|p1b: Gengar|perish3\n|-start|p1a: Incineroar|perish3\n|upkeep\n|turn|2\n|inactive|Novicebest has 30 seconds left.\n|inactive|shantoobrown has 30 seconds left.\n|inactive|Novicebest has 20 seconds left.\n|\n|t:|1776130384\n|move|p2a: Whimsicott|Encore|p1b: Gengar\n|-start|p1b: Gengar|Encore\n|move|p2b: Raichu|Volt Switch|p1b: Gengar\n|-damage|p1b: Gengar|57/100\n|\n|t:|1776130393\n|switch|p2b: Primarina|Primarina, L50, F, shiny|100/100|[from] Volt Switch\n|move|p1b: Gengar|Perish Song|p1b: Gengar\n|-start|p2b: Primarina|perish3|[silent]\n|-fieldactivate|move: Perish Song\n|move|p1a: Incineroar|Throat Chop|p2b: Primarina\n|-resisted|p2b: Primarina|1\n|-damage|p2b: Primarina|82/100\n|-start|p2b: Primarina|Throat Chop|[silent]\n|\n|-heal|p2b: Primarina|88/100|[from] item: Leftovers\n|-start|p2a: Whimsicott|perish2\n|-start|p1b: Gengar|perish2\n|-start|p2b: Primarina|perish3\n|-start|p1a: Incineroar|perish2\n|upkeep\n|turn|3\n|inactive|shantoobrown has 30 seconds left.\n|\n|t:|1776130425\n|move|p2a: Whimsicott|Fake Tears|p1b: Gengar\n|-unboost|p1b: Gengar|spd|2\n|move|p1b: Gengar|Perish Song||[still]\n|-fail|p1b: Gengar\n|move|p2b: Primarina|Moonblast|p1b: Gengar\n|-resisted|p1b: Gengar|1\n|-damage|p1b: Gengar|0 fnt\n|faint|p1b: Gengar\n|move|p1a: Incineroar|Parting Shot|p2b: Primarina\n|-unboost|p2b: Primarina|atk|1\n|-unboost|p2b: Primarina|spa|1\n|\n|t:|1776130442\n|switch|p1a: Politoed|Politoed, L50, F|100/100|[from] Parting Shot\n|-weather|RainDance|[from] ability: Drizzle|[of] p1a: Politoed\n|\n|-weather|RainDance|[upkeep]\n|-heal|p2b: Primarina|94/100|[from] item: Leftovers\n|-end|p2b: Primarina|Throat Chop|[silent]\n|-start|p2a: Whimsicott|perish1\n|-start|p2b: Primarina|perish2\n|upkeep\n|\n|t:|1776130454\n|switch|p1b: Basculegion|Basculegion, L50, M|100/100\n|turn|4\n|\n|t:|1776130469\n|switch|p2a: Raichu|Raichu, L50, M|100/100\n|move|p2b: Primarina|Protect|p2b: Primarina\n|-singleturn|p2b: Primarina|Protect\n|move|p1b: Basculegion|Last Respects|p2b: Primarina\n|-activate|p2b: Primarina|move: Protect\n|move|p1a: Politoed|Weather Ball|p2a: Raichu\n|-damage|p2a: Raichu|30/100\n|\n|-weather|RainDance|[upkeep]\n|-heal|p2b: Primarina|99/100|[from] item: Leftovers\n|-start|p2b: Primarina|perish1\n|-sideend|p2: shantoobrown|move: Tailwind\n|upkeep\n|turn|5\n|inactive|Novicebest has 30 seconds left.\n|inactive|Novicebest has 20 seconds left.\n|inactive|Novicebest has 15 seconds left.\n|inactive|Novicebest has 10 seconds left.\n|\n|t:|1776130519\n|switch|p2b: Whimsicott|Whimsicott, L50, M, shiny|100/100\n|move|p1b: Basculegion|Last Respects|p2b: Whimsicott\n|-damage|p2b: Whimsicott|35/100\n|move|p2a: Raichu|Electroweb|p1a: Politoed|[spread] p1a,p1b\n|-supereffective|p1a: Politoed|1\n|-supereffective|p1b: Basculegion|1\n|-damage|p1a: Politoed|70/100\n|-damage|p1b: Basculegion|57/100\n|-unboost|p1a: Politoed|spe|1\n|-unboost|p1b: Basculegion|spe|1\n|move|p1a: Politoed|Weather Ball|p2a: Raichu\n|-damage|p2a: Raichu|0 fnt\n|faint|p2a: Raichu\n|\n|-weather|RainDance|[upkeep]\n|-heal|p1a: Politoed|76/100|[from] item: Leftovers\n|upkeep\n|\n|t:|1776130534\n|switch|p2a: Primarina|Primarina, L50, F, shiny|99/100\n|turn|6\n|\n|t:|1776130552\n|switch|p1b: Incineroar|Incineroar, L50, M|96/100\n|-ability|p1b: Incineroar|Intimidate|boost\n|-unboost|p2a: Primarina|atk|1\n|-unboost|p2b: Whimsicott|atk|1\n|move|p2b: Whimsicott|Fake Tears|p1b: Incineroar\n|-hint|Since gen 7, Dark is immune to Prankster moves.\n|-immune|p1b: Incineroar\n|move|p2a: Primarina|Dazzling Gleam|p1a: Politoed|[spread] p1a,p1b\n|-damage|p1a: Politoed|54/100\n|-damage|p1b: Incineroar|66/100\n|move|p1a: Politoed|Encore|p2b: Whimsicott\n|-start|p2b: Whimsicott|Encore\n|\n|-weather|RainDance|[upkeep]\n|-heal|p2a: Primarina|100/100|[from] item: Leftovers\n|-heal|p1a: Politoed|60/100|[from] item: Leftovers\n|upkeep\n|turn|7\n|inactive|Novicebest has 30 seconds left.\n|inactive|shantoobrown has 30 seconds left.\n|\n|t:|1776130585\n|move|p1a: Politoed|Protect|p1a: Politoed\n|-singleturn|p1a: Politoed|Protect\n|move|p2b: Whimsicott|Fake Tears|p1a: Politoed\n|-activate|p1a: Politoed|move: Protect\n|move|p1b: Incineroar|Parting Shot|p2a: Primarina\n|-unboost|p2a: Primarina|atk|1\n|-unboost|p2a: Primarina|spa|1\n|\n|t:|1776130593\n|switch|p1b: Basculegion|Basculegion, L50, M|57/100|[from] Parting Shot\n|move|p2a: Primarina|Hyper Voice|p1a: Politoed|[spread] p1b\n|-activate|p1a: Politoed|move: Protect\n|-resisted|p1b: Basculegion|1\n|-damage|p1b: Basculegion|34/100\n|\n|-weather|none\n|-heal|p1a: Politoed|66/100|[from] item: Leftovers\n|upkeep\n|turn|8\n|inactive|Novicebest has 30 seconds left.\n|\n|t:|1776130621\n|switch|p1a: Incineroar|Incineroar, L50, M|66/100\n|-ability|p1a: Incineroar|Intimidate|boost\n|-unboost|p2a: Primarina|atk|1\n|-unboost|p2b: Whimsicott|atk|1\n|move|p1b: Basculegion|Protect|p1b: Basculegion\n|-singleturn|p1b: Basculegion|Protect\n|move|p2b: Whimsicott|Fake Tears|p1b: Basculegion\n|-activate|p1b: Basculegion|move: Protect\n|move|p2a: Primarina|Dazzling Gleam|p1a: Incineroar|[spread] p1a\n|-activate|p1b: Basculegion|move: Protect\n|-crit|p1a: Incineroar\n|-damage|p1a: Incineroar|19/100\n|-enditem|p1a: Incineroar|Sitrus Berry|[eat]\n|-heal|p1a: Incineroar|44/100|[from] item: Sitrus Berry\n|\n|upkeep\n|turn|9\n|inactive|Novicebest has 30 seconds left.\n|inactive|shantoobrown has 30 seconds left.\n|\n|t:|1776130651\n|move|p2a: Primarina|Protect|p2a: Primarina\n|-singleturn|p2a: Primarina|Protect\n|move|p1a: Incineroar|Fake Out|p2b: Whimsicott\n|-damage|p2b: Whimsicott|21/100\n|cant|p2b: Whimsicott|flinch\n|move|p1b: Basculegion|Last Respects|p2a: Primarina\n|-activate|p2a: Primarina|move: Protect\n|\n|-end|p2b: Whimsicott|Encore\n|upkeep\n|turn|10\n|inactive|shantoobrown has 30 seconds left.\n|\n|t:|1776130680\n|switch|p1a: Politoed|Politoed, L50, F|66/100\n|-weather|RainDance|[from] ability: Drizzle|[of] p1a: Politoed\n|move|p1b: Basculegion|Aqua Jet|p2b: Whimsicott\n|-resisted|p2b: Whimsicott|1\n|-damage|p2b: Whimsicott|0 fnt\n|faint|p2b: Whimsicott\n|move|p2a: Primarina|Dazzling Gleam|p1b: Basculegion|[spread] p1a,p1b\n|-damage|p1a: Politoed|51/100\n|-damage|p1b: Basculegion|8/100\n|\n|-weather|RainDance|[upkeep]\n|-heal|p1a: Politoed|57/100|[from] item: Leftovers\n|upkeep\n|\n|t:|1776130691\n|switch|p2b: Chandelure|Chandelure, L50, M, shiny|100/100\n|turn|11\n|\n|t:|1776130715\n|switch|p1b: Incineroar|Incineroar, L50, M|44/100\n|-ability|p1b: Incineroar|Intimidate|boost\n|-unboost|p2a: Primarina|atk|1\n|-unboost|p2b: Chandelure|atk|1\n|detailschange|p2b: Chandelure|Chandelure-Mega, L50, M, shiny\n|-mega|p2b: Chandelure|Chandelure|Chandelurite\n|move|p2b: Chandelure|Protect|p2b: Chandelure\n|-singleturn|p2b: Chandelure|Protect\n|move|p1a: Politoed|Weather Ball|p2b: Chandelure\n|-activate|p2b: Chandelure|move: Protect\n|move|p2a: Primarina|Dazzling Gleam|p1a: Politoed|[spread] p1a,p1b\n|-damage|p1a: Politoed|42/100\n|-damage|p1b: Incineroar|24/100\n|\n|-weather|RainDance|[upkeep]\n|-heal|p1a: Politoed|48/100|[from] item: Leftovers\n|upkeep\n|turn|12\n|inactive|shantoobrown has 30 seconds left.\n|inactive|shantoobrown has 20 seconds left.\n|inactive|Novicebest has 30 seconds left.\n|inactive|shantoobrown has 15 seconds left.\n|\n|t:|1776130757\n|move|p2a: Primarina|Protect|p2a: Primarina\n|-singleturn|p2a: Primarina|Protect\n|move|p1b: Incineroar|Fake Out|p2a: Primarina\n|-activate|p2a: Primarina|move: Protect\n|move|p2b: Chandelure|Shadow Ball|p1a: Politoed\n|-damage|p1a: Politoed|10/100\n|move|p1a: Politoed|Perish Song|p1a: Politoed\n|-start|p1a: Politoed|perish3|[silent]\n|-start|p1b: Incineroar|perish3|[silent]\n|-start|p2a: Primarina|perish3|[silent]\n|-start|p2b: Chandelure|perish3|[silent]\n|-fieldactivate|move: Perish Song\n|\n|-weather|RainDance|[upkeep]\n|-heal|p1a: Politoed|16/100|[from] item: Leftovers\n|-start|p2b: Chandelure|perish3\n|-start|p1a: Politoed|perish3\n|-start|p1b: Incineroar|perish3\n|-start|p2a: Primarina|perish3\n|upkeep\n|turn|13\n|inactive|Novicebest has 30 seconds left.\n|inactive|shantoobrown has 30 seconds left.\n|inactive|shantoobrown has 20 seconds left.\n|inactive|shantoobrown has 15 seconds left.\n|inactive|shantoobrown has 10 seconds left.\n|inactive|shantoobrown has 5 seconds left.\n|\n|t:|1776130812\n|move|p1a: Politoed|Protect|p1a: Politoed\n|-singleturn|p1a: Politoed|Protect\n|move|p2b: Chandelure|Heat Wave|p1a: Politoed|[spread] \n|-activate|p1a: Politoed|move: Protect\n|-miss|p2b: Chandelure|p1b: Incineroar\n|move|p1b: Incineroar|Throat Chop|p2b: Chandelure\n|-supereffective|p2b: Chandelure|1\n|-damage|p2b: Chandelure|17/100\n|-start|p2b: Chandelure|Throat Chop|[silent]\n|move|p2a: Primarina|Hyper Voice|p1a: Politoed|[spread] p1b\n|-activate|p1a: Politoed|move: Protect\n|-supereffective|p1b: Incineroar|1\n|-damage|p1b: Incineroar|0 fnt\n|faint|p1b: Incineroar\n|\n|-weather|RainDance|[upkeep]\n|-heal|p1a: Politoed|22/100|[from] item: Leftovers\n|-start|p2b: Chandelure|perish2\n|-start|p1a: Politoed|perish2\n|-start|p2a: Primarina|perish2\n|upkeep\n|\n|t:|1776130832\n|switch|p1b: Basculegion|Basculegion, L50, M|8/100\n|turn|14\n|\n|t:|1776130857\n|move|p1b: Basculegion|Protect|p1b: Basculegion\n|-singleturn|p1b: Basculegion|Protect\n|move|p2b: Chandelure|Protect|p2b: Chandelure\n|-singleturn|p2b: Chandelure|Protect\n|move|p1a: Politoed|Weather Ball|p2b: Chandelure\n|-activate|p2b: Chandelure|move: Protect\n|move|p2a: Primarina|Dazzling Gleam|p1a: Politoed|[spread] p1a\n|-activate|p1b: Basculegion|move: Protect\n|-damage|p1a: Politoed|7/100\n|\n|-weather|none\n|-heal|p1a: Politoed|13/100|[from] item: Leftovers\n|-end|p2b: Chandelure|Throat Chop|[silent]\n|-start|p2b: Chandelure|perish1\n|-start|p1a: Politoed|perish1\n|-start|p2a: Primarina|perish1\n|upkeep\n|turn|15\n|inactive|Novicebest has 30 seconds left.\n|inactive|Novicebest has 20 seconds left.\n|inactive|shantoobrown has 30 seconds left.\n|inactive|Novicebest has 15 seconds left.\n|inactive|Novicebest has 10 seconds left.\n|inactive|shantoobrown has 20 seconds left.\n|inactive|shantoobrown has 15 seconds left.\n|inactive|shantoobrown has 10 seconds left.\n|\n|t:|1776130900\n|move|p2b: Chandelure|Shadow Ball|p1a: Politoed\n|-damage|p1a: Politoed|0 fnt\n|faint|p1a: Politoed\n|move|p1b: Basculegion|Last Respects|p2a: Primarina\n|-damage|p2a: Primarina|0 fnt\n|faint|p2a: Primarina\n|\n|-start|p2b: Chandelure|perish0\n|upkeep\n|faint|p2b: Chandelure\n|\n|win|Novicebest\n|raw|Novicebest's rating: 1341 &rarr; <strong>1357</strong><br />(+16 for winning)\n|raw|shantoobrown's rating: 1265 &rarr; <strong>1245</strong><br />(-20 for losing)\n",
  "uploadtime": 1776130912,
  "views": 20,
  "formatid": "gen9championsvgc2026regma",
  "rating": 1245,
  "private": 0,
  "password": null
}