{
  "id": "gen9championsvgc2026regma-2586132037",
  "format": "[Gen 9 Champions] VGC 2026 Reg M-A",
  "players": [
    "mobmasher99",
    "Phillip Blevin"
  ],
  "log": "|j|\u2606mobmasher99\n|j|\u2606Phillip Blevin\n|t:|1776402943\n|gametype|doubles\n|player|p1|mobmasher99|teamrocket|1226\n|player|p2|Phillip Blevin|cynthia-masters4|1260\n|gen|9\n|tier|[Gen 9 Champions] VGC 2026 Reg M-A\n|rated|\n|rule|Species Clause: Limit one of each Pok\u00e9mon\n|rule|Item Clause: Limit 1 of each item\n|clearpoke\n|poke|p1|Crabominable, L50, M|\n|poke|p1|Slowking-Galar, L50, M|\n|poke|p1|Kingambit, L50, M|\n|poke|p1|Primarina, L50, M|\n|poke|p1|Sinistcha, L50|\n|poke|p1|Incineroar, L50, M|\n|poke|p2|Froslass, L50, F|\n|poke|p2|Corviknight, L50, M|\n|poke|p2|Arcanine-Hisui, L50, F|\n|poke|p2|Rotom-Wash, L50|\n|poke|p2|Sneasler, L50, F|\n|poke|p2|Gyarados, L50, F|\n|teampreview|4\n|inactive|Battle timer is ON: inactive players will automatically lose when time's up. (requested by Phillip Blevin)\n|inactive|mobmasher99 also wants the timer to be on.\nPhillip Blevin has agreed to open team sheets.\n|inactive|Phillip Blevin has 60 seconds left.\n|\n|t:|1776402975\n|teamsize|p1|4\n|teamsize|p2|4\n|start\n|switch|p1a: Slowking|Slowking-Galar, L50, M|100/100\n|switch|p1b: Primarina|Primarina, L50, M|100/100\n|switch|p2a: Corviknight|Corviknight, L50, M|100/100\n|switch|p2b: Rotom|Rotom-Wash, L50|100/100\n|turn|1\n|\n|t:|1776402987\n|move|p2b: Rotom|Trick|p1b: Primarina\n|-activate|p2b: Rotom|move: Trick|[of] p1b: Primarina\n|-item|p1b: Primarina|Choice Scarf|[from] move: Trick\n|-item|p2b: Rotom|Leftovers|[from] move: Trick\n|move|p1b: Primarina|Calm Mind|p1b: Primarina\n|-boost|p1b: Primarina|spa|1\n|-boost|p1b: Primarina|spd|1\n|move|p2a: Corviknight|Bulk Up|p2a: Corviknight\n|-boost|p2a: Corviknight|atk|1\n|-boost|p2a: Corviknight|def|1\n|move|p1a: Slowking|Trick Room|p1a: Slowking\n|-fieldstart|move: Trick Room|[of] p1a: Slowking\n|\n|upkeep\n|turn|2\n|\n|t:|1776403000\n|switch|p1b: Sinistcha|Sinistcha, L50|100/100\n|-prepare|p1a: Slowking|Chilly Reception|[premajor]\n|move|p1a: Slowking|Chilly Reception|p1a: Slowking\n|-weather|Snowscape\n|\n|t:|1776403002\n|switch|p1a: Crabominable|Crabominable, L50, M|100/100|[from] Chilly Reception\n|move|p2a: Corviknight|Bulk Up|p2a: Corviknight\n|-boost|p2a: Corviknight|atk|1\n|-boost|p2a: Corviknight|def|1\n|move|p2b: Rotom|Volt Switch|p1a: Crabominable\n|-damage|p1a: Crabominable|71/100\n|\n|t:|1776403010\n|switch|p2b: Froslass|Froslass, L50, F|100/100|[from] Volt Switch\n|\n|-weather|Snowscape|[upkeep]\n|upkeep\n|turn|3\n|\n|t:|1776403017\n|detailschange|p1a: Crabominable|Crabominable-Mega, L50, M\n|-mega|p1a: Crabominable|Crabominable|Crabominite\n|move|p2b: Froslass|Protect|p2b: Froslass\n|-singleturn|p2b: Froslass|Protect\n|move|p1a: Crabominable|Drain Punch|p2a: Corviknight\n|-damage|p2a: Corviknight|81/100\n|-heal|p1a: Crabominable|80/100|[from] drain|[of] p2a: Corviknight\n|move|p2a: Corviknight|Brave Bird|p1b: Sinistcha\n|-supereffective|p1b: Sinistcha|1\n|-damage|p1b: Sinistcha|0 fnt\n|faint|p1b: Sinistcha\n|-damage|p2a: Corviknight|53/100|[from] Recoil\n|\n|-weather|Snowscape|[upkeep]\n|-heal|p2a: Corviknight|59/100|[from] item: Leftovers\n|upkeep\n|\n|t:|1776403034\n|switch|p1b: Slowking|Slowking-Galar, L50, M|100/100\n|turn|4\n|\n|t:|1776403053\n|move|p1b: Slowking|Psychic Noise|p2a: Corviknight\n|-resisted|p2a: Corviknight|1\n|-damage|p2a: Corviknight|44/100\n|-start|p2a: Corviknight|move: Heal Block\n|move|p1a: Crabominable|Ice Hammer|p2a: Corviknight\n|-damage|p2a: Corviknight|19/100\n|-unboost|p1a: Crabominable|spe|1\n|cant|p2a: Corviknight|move: Heal Block|Roost\n|move|p2b: Froslass|Aurora Veil|p2b: Froslass\n|-sidestart|p2: Phillip Blevin|move: Aurora Veil\n|\n|-weather|Snowscape|[upkeep]\n|upkeep\n|turn|5\n|\n|t:|1776403068\n|detailschange|p2b: Froslass|Froslass-Mega, L50, F\n|-mega|p2b: Froslass|Froslass|Froslassite\n|move|p1a: Crabominable|Ice Hammer|p2a: Corviknight\n|-damage|p2a: Corviknight|4/100\n|-unboost|p1a: Crabominable|spe|1\n|move|p1b: Slowking|Psychic Noise|p2a: Corviknight\n|-resisted|p2a: Corviknight|1\n|-damage|p2a: Corviknight|0 fnt\n|faint|p2a: Corviknight\n|move|p2b: Froslass|Shadow Ball|p1b: Slowking\n|-supereffective|p1b: Slowking|1\n|-damage|p1b: Slowking|44/100\n|-unboost|p1b: Slowking|spd|1\n|\n|-weather|Snowscape|[upkeep]\n|-fieldend|move: Trick Room\n|upkeep\n|\n|t:|1776403078\n|switch|p2a: Gyarados|Gyarados, L50, F|100/100\n|-ability|p2a: Gyarados|Intimidate|boost\n|-unboost|p1a: Crabominable|atk|1\n|-unboost|p1b: Slowking|atk|1\n|turn|6\n|\n|t:|1776403092\n|switch|p1b: Primarina|Primarina, L50, M|100/100\n|move|p2b: Froslass|Shadow Ball|p1b: Primarina\n|-damage|p1b: Primarina|65/100\n|move|p2a: Gyarados|Waterfall|p1a: Crabominable\n|-damage|p1a: Crabominable|56/100\n|move|p1a: Crabominable|Ice Hammer|p2a: Gyarados|[miss]\n|-miss|p1a: Crabominable|p2a: Gyarados\n|\n|-weather|none\n|upkeep\n|turn|7\n|\n|t:|1776403108\n|switch|p2a: Rotom|Rotom-Wash, L50|100/100\n|move|p2b: Froslass|Shadow Ball|p1a: Crabominable\n|-damage|p1a: Crabominable|18/100\n|move|p1b: Primarina|Moonblast|p2b: Froslass\n|-damage|p2b: Froslass|56/100\n|move|p1a: Crabominable|Ice Hammer|p2a: Rotom\n|-resisted|p2a: Rotom|1\n|-damage|p2a: Rotom|83/100\n|-unboost|p1a: Crabominable|spe|1\n|\n|-heal|p2a: Rotom|88/100|[from] item: Leftovers\n|upkeep\n|turn|8\n|\n|t:|1776403121\n|switch|p1a: Slowking|Slowking-Galar, L50, M|77/100\n|move|p2b: Froslass|Shadow Ball|p1a: Slowking\n|-supereffective|p1a: Slowking|1\n|-damage|p1a: Slowking|18/100\n|-unboost|p1a: Slowking|spd|1\n|move|p2a: Rotom|Volt Switch|p1b: Primarina\n|-supereffective|p1b: Primarina|1\n|-damage|p1b: Primarina|22/100\n|\n|t:|1776403126\n|switch|p2a: Gyarados|Gyarados, L50, F|100/100|[from] Volt Switch\n|-ability|p2a: Gyarados|Intimidate|boost\n|-unboost|p1a: Slowking|atk|1\n|-unboost|p1b: Primarina|atk|1\n|move|p1b: Primarina|Moonblast|p2a: Gyarados\n|-crit|p2a: Gyarados\n|-damage|p2a: Gyarados|32/100\n|-enditem|p2a: Gyarados|Sitrus Berry|[eat]\n|-heal|p2a: Gyarados|57/100|[from] item: Sitrus Berry\n|\n|-sideend|p2: Phillip Blevin|move: Aurora Veil\n|upkeep\n|turn|9\n|\n|t:|1776403134\n|move|p2b: Froslass|Shadow Ball|p1b: Primarina\n|-damage|p1b: Primarina|0 fnt\n|faint|p1b: Primarina\n|move|p2a: Gyarados|Waterfall|p1a: Slowking\n|-damage|p1a: Slowking|0 fnt\n|faint|p1a: Slowking\n|\n|upkeep\n|-message|mobmasher99 forfeited.\n|\n|win|Phillip Blevin\n|raw|mobmasher99's rating: 1226 &rarr; <strong>1203</strong><br />(-23 for losing)\n|raw|Phillip Blevin's rating: 1260 &rarr; <strong>1283</strong><br />(+23 for winning)\n",
  "uploadtime": 1776403140,
  "views": 24,
  "formatid": "gen9championsvgc2026regma",
  "rating": 1203,
  "private": 0,
  "password": null
}