{
  "id": "gen9championsvgc2026regma-2585087444",
  "format": "[Gen 9 Champions] VGC 2026 Reg M-A",
  "players": [
    "Skib72726161",
    "crowteefies"
  ],
  "log": "|j|\u2606Skib72726161\n|j|\u203dcrowteefies\n|t:|1776310409\n|gametype|doubles\n|player|p1|Skib72726161|2|1085\n|player|p2|crowteefies|psychicf|1117\n|gen|9\n|tier|[Gen 9 Champions] VGC 2026 Reg M-A\n|rated|\n|rule|Species Clause: Limit one of each Pok\u00e9mon\n|rule|Item Clause: Limit 1 of each item\n|clearpoke\n|poke|p1|Delphox, L50, F|\n|poke|p1|Garchomp, L50, F|\n|poke|p1|Lucario, L50, M|\n|poke|p1|Sneasler, L50, M|\n|poke|p1|Sinistcha, L50|\n|poke|p1|Slowbro, L50, M|\n|poke|p2|Lopunny, L50, F|\n|poke|p2|Incineroar, L50, M|\n|poke|p2|Aegislash, L50, M|\n|poke|p2|Sneasler, L50, F|\n|poke|p2|Sinistcha-Masterpiece, L50|\n|poke|p2|Milotic, L50, M|\n|teampreview|4\n|\n|t:|1776310444\n|teamsize|p1|4\n|teamsize|p2|4\n|start\n|switch|p1a: Delphox|Delphox, L50, F|100/100\n|switch|p1b: Sinistcha|Sinistcha, L50|100/100\n|switch|p2a: Milotic|Milotic, L50, M|100/100\n|switch|p2b: Incineroar|Incineroar, L50, M|100/100\n|-ability|p2b: Incineroar|Intimidate|boost\n|-unboost|p1a: Delphox|atk|1\n|-unboost|p1b: Sinistcha|atk|1\n|turn|1\n|\n|t:|1776310481\n|detailschange|p1a: Delphox|Delphox-Mega, L50, F\n|-mega|p1a: Delphox|Delphox|Delphoxite\n|move|p1a: Delphox|Protect|p1a: Delphox\n|-singleturn|p1a: Delphox|Protect\n|move|p2b: Incineroar|Fake Out|p1a: Delphox\n|-activate|p1a: Delphox|move: Protect\n|move|p2a: Milotic|Icy Wind|p1a: Delphox|[spread] p1b\n|-activate|p1a: Delphox|move: Protect\n|-supereffective|p1b: Sinistcha|1\n|-damage|p1b: Sinistcha|80/100\n|-unboost|p1b: Sinistcha|spe|1\n|move|p1b: Sinistcha|Strength Sap|p2b: Incineroar\n|-unboost|p2b: Incineroar|atk|1\n|-heal|p1b: Sinistcha|100/100\n|\n|upkeep\n|turn|2\n|\n|t:|1776310505\n|switch|p1a: Lucario|Lucario, L50, M|100/100\n|move|p2a: Milotic|Icy Wind|p1a: Lucario|[spread] p1a,p1b\n|-resisted|p1a: Lucario|1\n|-supereffective|p1b: Sinistcha|1\n|-damage|p1a: Lucario|92/100\n|-damage|p1b: Sinistcha|80/100\n|-unboost|p1a: Lucario|spe|1\n|-unboost|p1b: Sinistcha|spe|1\n|move|p2b: Incineroar|Parting Shot|p1a: Lucario\n|-unboost|p1a: Lucario|atk|1\n|-unboost|p1a: Lucario|spa|1\n|\n|t:|1776310520\n|switch|p2b: Sneasler|Sneasler, L50, F|100/100|[from] Parting Shot\n|-ability|p2b: Sneasler|Pressure\n|move|p1b: Sinistcha|Matcha Gotcha|p2a: Milotic|[spread] p2a,p2b\n|-supereffective|p2a: Milotic|1\n|-resisted|p2b: Sneasler|1\n|-damage|p2a: Milotic|64/100\n|-heal|p1b: Sinistcha|100/100|[from] drain|[of] p2a: Milotic\n|-damage|p2b: Sneasler|85/100\n|\n|-heal|p2a: Milotic|70/100|[from] item: Leftovers\n|upkeep\n|turn|3\n|\n|t:|1776310550\n|switch|p1a: Delphox|Delphox-Mega, L50, F|100/100\n|move|p2a: Milotic|Helping Hand|p2b: Sneasler\n|-singleturn|p2b: Sneasler|Helping Hand|[of] p2a: Milotic\n|move|p1b: Sinistcha|Rage Powder|p1b: Sinistcha\n|-singleturn|p1b: Sinistcha|move: Rage Powder\n|move|p2b: Sneasler|Dire Claw|p1b: Sinistcha\n|-damage|p1b: Sinistcha|45/100\n|-enditem|p1b: Sinistcha|Sitrus Berry|[eat]\n|-heal|p1b: Sinistcha|70/100|[from] item: Sitrus Berry\n|\n|-heal|p2a: Milotic|76/100|[from] item: Leftovers\n|upkeep\n|turn|4\n|\n|t:|1776310593\n|switch|p2b: Incineroar|Incineroar, L50, M|100/100\n|-ability|p2b: Incineroar|Intimidate|boost\n|-unboost|p1a: Delphox|atk|1\n|-unboost|p1b: Sinistcha|atk|1\n|move|p1a: Delphox|Substitute|p1a: Delphox\n|-start|p1a: Delphox|Substitute\n|-damage|p1a: Delphox|75/100\n|move|p2a: Milotic|Icy Wind|p1b: Sinistcha|[spread] p1a,p1b\n|-resisted|p1a: Delphox|1\n|-activate|p1a: Delphox|move: Substitute|[damage]\n|-supereffective|p1b: Sinistcha|1\n|-damage|p1b: Sinistcha|50/100\n|-unboost|p1b: Sinistcha|spe|1\n|move|p1b: Sinistcha|Matcha Gotcha|p2b: Incineroar|[spread] p2a,p2b\n|-supereffective|p2a: Milotic|1\n|-resisted|p2b: Incineroar|1\n|-damage|p2a: Milotic|37/100\n|-heal|p1b: Sinistcha|72/100|[from] drain|[of] p2a: Milotic\n|-damage|p2b: Incineroar|90/100\n|-heal|p1b: Sinistcha|77/100|[from] drain|[of] p2b: Incineroar\n|\n|-heal|p2a: Milotic|43/100|[from] item: Leftovers\n|upkeep\n|turn|5\n|\n|t:|1776310625\n|move|p1a: Delphox|Psychic|p2a: Milotic\n|-damage|p2a: Milotic|0 fnt\n|faint|p2a: Milotic\n|move|p2b: Incineroar|Flame Charge|p1b: Sinistcha\n|-supereffective|p1b: Sinistcha|1\n|-damage|p1b: Sinistcha|47/100\n|-boost|p2b: Incineroar|spe|1\n|move|p1b: Sinistcha|Matcha Gotcha|p2b: Incineroar\n|-resisted|p2b: Incineroar|1\n|-damage|p2b: Incineroar|77/100\n|-heal|p1b: Sinistcha|54/100|[from] drain|[of] p2b: Incineroar\n|\n|upkeep\n|\n|t:|1776310640\n|switch|p2a: Sneasler|Sneasler, L50, F|85/100\n|-ability|p2a: Sneasler|Pressure\n|turn|6\n|\n|t:|1776310660\n|move|p2a: Sneasler|Dire Claw|p1b: Sinistcha\n|-damage|p1b: Sinistcha|18/100\n|move|p1a: Delphox|Psychic|p2a: Sneasler\n|-supereffective|p2a: Sneasler|2\n|-damage|p2a: Sneasler|0 fnt\n|faint|p2a: Sneasler\n|move|p2b: Incineroar|Flame Charge|p1b: Sinistcha\n|-supereffective|p1b: Sinistcha|1\n|-damage|p1b: Sinistcha|0 fnt\n|-boost|p2b: Incineroar|spe|1\n|faint|p1b: Sinistcha\n|\n|upkeep\n|\n|t:|1776310674\n|switch|p2a: Lopunny|Lopunny, L50, F, shiny|100/100\n|switch|p1b: Garchomp|Garchomp, L50, F|100/100\n|turn|7\n|\n|t:|1776310694\n|detailschange|p2a: Lopunny|Lopunny-Mega, L50, F, shiny\n|-mega|p2a: Lopunny|Lopunny|Lopunnite\n|move|p2a: Lopunny|Fake Out|p1a: Delphox\n|-end|p1a: Delphox|Substitute\n|move|p1b: Garchomp|Earthquake|p2a: Lopunny|[spread] p2a,p2b\n|-immune|p1a: Delphox|[from] ability: Levitate\n|-supereffective|p2b: Incineroar|1\n|-damage|p2a: Lopunny|46/100\n|-damage|p2b: Incineroar|0 fnt\n|faint|p2b: Incineroar\n|move|p1a: Delphox|Psychic|p2a: Lopunny\n|-supereffective|p2a: Lopunny|1\n|-damage|p2a: Lopunny|0 fnt\n|faint|p2a: Lopunny\n|\n|win|Skib72726161\n|raw|Skib72726161's rating: 1085 &rarr; <strong>1115</strong><br />(+30 for winning)\n|raw|crowteefies's rating: 1117 &rarr; <strong>1090</strong><br />(-27 for losing)\n|l|\u203dcrowteefies\n|player|p2|\n",
  "uploadtime": 1776310710,
  "views": 21,
  "formatid": "gen9championsvgc2026regma",
  "rating": 1090,
  "private": 0,
  "password": null
}