{
  "id": "gen9championsvgc2026regma-2582121982",
  "format": "[Gen 9 Champions] VGC 2026 Reg M-A",
  "players": [
    "radstads",
    "elmamawebos"
  ],
  "log": "|j|\u2606radstads\n|j|\u2606elmamawebos\n|t:|1776060759\n|gametype|doubles\n|player|p1|radstads|265|1115\n|player|p2|elmamawebos|265|1105\n|gen|9\n|tier|[Gen 9 Champions] VGC 2026 Reg M-A\n|rated|\n|rule|Species Clause: Limit one of each Pok\u00e9mon\n|rule|Item Clause: Limit 1 of each item\n|clearpoke\n|poke|p1|Zoroark-Hisui, L50, F|\n|poke|p1|Maushold, L50|\n|poke|p1|Palafin, L50, F|\n|poke|p1|Gengar, L50, F|\n|poke|p1|Kommo-o, L50, M|\n|poke|p1|Sneasler, L50, F|\n|poke|p2|Audino, L50, F|\n|poke|p2|Whimsicott, L50, F|\n|poke|p2|Chandelure, L50, M|\n|poke|p2|Slowbro, L50, F|\n|poke|p2|Incineroar, L50, F|\n|poke|p2|Starmie, L50|\n|teampreview|4\nelmamawebos rejected open team sheets.\n|\n|t:|1776060796\n|teamsize|p1|4\n|teamsize|p2|4\n|start\n|switch|p1a: Kommo-o|Kommo-o, L50, M|100/100\n|switch|p1b: Gengar|Gengar, L50, F|100/100\n|switch|p2a: Audino|Audino, L50, F|100/100\n|switch|p2b: Whimsicott|Whimsicott, L50, F|100/100\n|turn|1\n|\n|t:|1776060826\n|detailschange|p1b: Gengar|Gengar-Mega, L50, F\n|-mega|p1b: Gengar|Gengar|Gengarite\n|move|p2b: Whimsicott|Encore||[still]\n|-fail|p2b: Whimsicott\n|move|p1a: Kommo-o|Trick|p2a: Audino\n|-activate|p1a: Kommo-o|move: Trick|[of] p2a: Audino\n|-item|p2a: Audino|Choice Scarf|[from] move: Trick\n|-item|p1a: Kommo-o|Mental Herb|[from] move: Trick\n|move|p1b: Gengar|Shadow Ball|p2b: Whimsicott\n|-damage|p2b: Whimsicott|52/100\n|move|p2a: Audino|Trick Room|p2a: Audino\n|-fieldstart|move: Trick Room|[of] p2a: Audino\n|\n|upkeep\n|turn|2\n|\n|t:|1776060876\n|switch|p1a: Palafin|Palafin, L50, F|100/100\n|move|p2b: Whimsicott|Memento|p1b: Gengar\n|-unboost|p1b: Gengar|atk|2\n|-unboost|p1b: Gengar|spa|2\n|faint|p2b: Whimsicott\n|move|p1b: Gengar|Shadow Ball|p2a: Audino\n|-immune|p2a: Audino\n|move|p2a: Audino|Trick Room|p2a: Audino\n|-fieldend|move: Trick Room\n|\n|upkeep\n|\n|t:|1776060889\n|switch|p2b: Chandelure|Chandelure, L50, M|100/100\n|turn|3\n|\n|t:|1776060903\n|move|p1b: Gengar|Protect|p1b: Gengar\n|-singleturn|p1b: Gengar|Protect\n|move|p1a: Palafin|Flip Turn|p2b: Chandelure\n|-supereffective|p2b: Chandelure|1\n|-damage|p2b: Chandelure|39/100\n|\n|t:|1776060909\n|detailschange|p1a: Palafin|Palafin-Hero, L50, F\n|switch|p1a: Kommo-o|Kommo-o, L50, M|100/100|[from] Flip Turn\n|move|p2b: Chandelure|Minimize|p2b: Chandelure\n|-boost|p2b: Chandelure|evasion|2\n|move|p2a: Audino|Trick Room|p2a: Audino\n|-fieldstart|move: Trick Room|[of] p2a: Audino\n|\n|upkeep\n|turn|4\n|\n|t:|1776060937\n|switch|p1b: Palafin|Palafin-Hero, L50, F|100/100\n|-activate|p1b: Palafin|ability: Zero to Hero\n|move|p2b: Chandelure|Minimize|p2b: Chandelure\n|-boost|p2b: Chandelure|evasion|2\n|move|p1a: Kommo-o|Bitter Malice|p2b: Chandelure|[miss]\n|-miss|p1a: Kommo-o|p2b: Chandelure\n|move|p2a: Audino|Trick Room|p2a: Audino\n|-fieldend|move: Trick Room\n|\n|upkeep\n|turn|5\n|\n|t:|1776060979\n|switch|p2a: Slowbro|Slowbro, L50, F|100/100\n|move|p1b: Palafin|Jet Punch|p2b: Chandelure|[miss]\n|-miss|p1b: Palafin|p2b: Chandelure\n|move|p1a: Kommo-o|Bitter Malice|p2b: Chandelure\n|-supereffective|p2b: Chandelure|1\n|-damage|p2b: Chandelure|0 fnt\n|faint|p2b: Chandelure\n|\n|upkeep\n|\n|t:|1776060989\n|switch|p2b: Audino|Audino, L50, F|100/100\n|turn|6\n|\n|t:|1776061004\n|detailschange|p2a: Slowbro|Slowbro-Mega, L50, F\n|-mega|p2a: Slowbro|Slowbro|Slowbronite\n|move|p1a: Kommo-o|Hyper Voice|p2a: Slowbro|[spread] p2a,p2b\n|-damage|p2a: Slowbro|64/100\n|-damage|p2b: Audino|72/100\n|move|p1b: Palafin|Drain Punch|p2b: Audino\n|-supereffective|p2b: Audino|1\n|-damage|p2b: Audino|15/100\n|move|p2a: Slowbro|Ice Beam|p1a: Kommo-o\n|-damage|p1a: Kommo-o|58/100\n|replace|p1a: Zoroark|Zoroark-Hisui, L50, F\n|-end|p1a: Zoroark|Illusion\n|move|p2b: Audino|Trick Room|p2b: Audino\n|-fieldstart|move: Trick Room|[of] p2b: Audino\n|\n|upkeep\n|turn|7\n|\n|t:|1776061037\n|move|p1b: Palafin|Protect|p1b: Palafin\n|-singleturn|p1b: Palafin|Protect\n|move|p1a: Zoroark|Protect|p1a: Zoroark\n|-singleturn|p1a: Zoroark|Protect\n|move|p2a: Slowbro|Scald|p1a: Zoroark\n|-activate|p1a: Zoroark|move: Protect\n|move|p2b: Audino|Trick Room|p2b: Audino\n|-fieldend|move: Trick Room\n|\n|upkeep\n|turn|8\n|\n|t:|1776061051\n|move|p1b: Palafin|Jet Punch|p2a: Slowbro\n|-resisted|p2a: Slowbro|1\n|-damage|p2a: Slowbro|54/100\n|move|p1a: Zoroark|Bitter Malice|p2a: Slowbro\n|-supereffective|p2a: Slowbro|1\n|-damage|p2a: Slowbro|0 fnt\n|faint|p2a: Slowbro\n|move|p2b: Audino|Trick Room|p2b: Audino\n|-fieldstart|move: Trick Room|[of] p2b: Audino\n|\n|upkeep\n|turn|9\n|-message|elmamawebos forfeited.\n|\n|win|radstads\n|raw|radstads's rating: 1115 &rarr; <strong>1139</strong><br />(+24 for winning)\n|raw|elmamawebos's rating: 1105 &rarr; <strong>1081</strong><br />(-24 for losing)\n|l|\u2606elmamawebos\n|player|p2|\n",
  "uploadtime": 1776061066,
  "views": 11,
  "formatid": "gen9championsvgc2026regma",
  "rating": 1081,
  "private": 0,
  "password": null
}