{
  "id": "gen9championsvgc2026regma-2587919509",
  "format": "[Gen 9 Champions] VGC 2026 Reg M-A",
  "players": [
    "StormRod",
    "lowtiergimmick"
  ],
  "log": "|j|\u2606StormRod\n|j|\u2606lowtiergimmick\n|t:|1776579084\n|gametype|doubles\n|player|p1|StormRod|2|1200\n|player|p2|lowtiergimmick|265|1200\n|gen|9\n|tier|[Gen 9 Champions] VGC 2026 Reg M-A\n|rated|\n|rule|Species Clause: Limit one of each Pok\u00e9mon\n|rule|Item Clause: Limit 1 of each item\n|clearpoke\n|poke|p1|Charizard, L50, F|\n|poke|p1|Gengar, L50, M|\n|poke|p1|Dragapult, L50, F|\n|poke|p1|Whimsicott, L50, M|\n|poke|p1|Incineroar, L50, F|\n|poke|p1|Sneasler, L50, M|\n|poke|p2|Kangaskhan, L50, F|\n|poke|p2|Aegislash, L50, M|\n|poke|p2|Garchomp, L50, M|\n|poke|p2|Talonflame, L50, M|\n|poke|p2|Sneasler, L50, F|\n|poke|p2|Gardevoir, L50, M, shiny|\n|teampreview|4\nlowtiergimmick rejected open team sheets.\n|\n|t:|1776579139\n|teamsize|p1|4\n|teamsize|p2|4\n|start\n|switch|p1a: Whimsicott|Whimsicott, L50, M|100/100\n|switch|p1b: Gengar|Gengar, L50, M|100/100\n|switch|p2a: Gardevoir|Gardevoir, L50, M, shiny|100/100\n|switch|p2b: Talonflame|Talonflame, L50, M|100/100\n|turn|1\n|\n|t:|1776579168\n|detailschange|p1b: Gengar|Gengar-Mega, L50, M\n|-mega|p1b: Gengar|Gengar|Gengarite\n|detailschange|p2a: Gardevoir|Gardevoir-Mega, L50, M, shiny\n|-mega|p2a: Gardevoir|Gardevoir|Gardevoirite\n|move|p1b: Gengar|Protect|p1b: Gengar\n|-singleturn|p1b: Gengar|Protect\n|move|p2a: Gardevoir|Protect|p2a: Gardevoir\n|-singleturn|p2a: Gardevoir|Protect\n|move|p2b: Talonflame|Dual Wingbeat|p1a: Whimsicott\n|-supereffective|p1a: Whimsicott|1\n|-damage|p1a: Whimsicott|51/100\n|-supereffective|p1a: Whimsicott|1\n|-damage|p1a: Whimsicott|0 fnt\n|faint|p1a: Whimsicott\n|-hitcount|p1: Whimsicott|2\n|\n|upkeep\n|\n|t:|1776579179\n|switch|p1a: Incineroar|Incineroar, L50, F|100/100\n|-ability|p1a: Incineroar|Intimidate|boost\n|-unboost|p2a: Gardevoir|atk|1\n|-unboost|p2b: Talonflame|atk|1\n|turn|2\n|\n|t:|1776579219\n|move|p1a: Incineroar|Fake Out|p2b: Talonflame\n|-damage|p2b: Talonflame|80/100\n|move|p1b: Gengar|Shadow Ball|p2a: Gardevoir\n|-supereffective|p2a: Gardevoir|1\n|-damage|p2a: Gardevoir|22/100\n|cant|p2b: Talonflame|flinch\n|move|p2a: Gardevoir|Psyshock|p1b: Gengar\n|-supereffective|p1b: Gengar|1\n|-damage|p1b: Gengar|0 fnt\n|faint|p1b: Gengar\n|\n|upkeep\n|\n|t:|1776579224\n|switch|p1b: Dragapult|Dragapult, L50, F|100/100\n|turn|3\n|\n|t:|1776579252\n|move|p2a: Gardevoir|Protect|p2a: Gardevoir\n|-singleturn|p2a: Gardevoir|Protect\n|move|p1b: Dragapult|Sucker Punch||[still]\n|-fail|p1b: Dragapult\n|move|p2b: Talonflame|Tailwind|p2b: Talonflame\n|-sidestart|p2: lowtiergimmick|move: Tailwind\n|move|p1a: Incineroar|Taunt|p2b: Talonflame\n|-start|p2b: Talonflame|move: Taunt\n|\n|upkeep\n|turn|4\n|\n|t:|1776579274\n|switch|p2a: Aegislash|Aegislash, L50, M|100/100\n|move|p1b: Dragapult|Protect|p1b: Dragapult\n|-singleturn|p1b: Dragapult|Protect\n|move|p2b: Talonflame|Dual Wingbeat|p1b: Dragapult\n|-activate|p1b: Dragapult|move: Protect\n|move|p1a: Incineroar|Flare Blitz|p2a: Aegislash\n|-supereffective|p2a: Aegislash|1\n|-damage|p2a: Aegislash|0 fnt\n|faint|p2a: Aegislash\n|-damage|p1a: Incineroar|78/100|[from] Recoil\n|\n|upkeep\n|\n|t:|1776579282\n|switch|p2a: Garchomp|Garchomp, L50, M|100/100\n|turn|5\n|\n|t:|1776579296\n|move|p2b: Talonflame|Dual Wingbeat|p1a: Incineroar\n|-damage|p1a: Incineroar|66/100\n|-damage|p1a: Incineroar|53/100\n|-hitcount|p1a: Incineroar|2\n|move|p2a: Garchomp|Dragon Claw|p1b: Dragapult\n|-supereffective|p1b: Dragapult|1\n|-damage|p1b: Dragapult|1/100\n|move|p1b: Dragapult|Dragon Darts|p2a: Garchomp\n|-supereffective|p2a: Garchomp|1\n|-damage|p2a: Garchomp|35/100\n|-anim|p1b: Dragapult|Dragon Darts|p2b: Talonflame\n|-damage|p2b: Talonflame|28/100\n|move|p1a: Incineroar|Parting Shot|p2a: Garchomp\n|-unboost|p2a: Garchomp|atk|1\n|-unboost|p2a: Garchomp|spa|1\n|\n|upkeep\n|turn|6\n|\n|t:|1776579331\n|move|p1b: Dragapult|Protect|p1b: Dragapult\n|-singleturn|p1b: Dragapult|Protect\n|move|p2b: Talonflame|Dual Wingbeat|p1b: Dragapult\n|-activate|p1b: Dragapult|move: Protect\n|move|p2a: Garchomp|Stomping Tantrum|p1a: Incineroar\n|-supereffective|p1a: Incineroar|1\n|-damage|p1a: Incineroar|11/100\n|-enditem|p1a: Incineroar|Sitrus Berry|[eat]\n|-heal|p1a: Incineroar|36/100|[from] item: Sitrus Berry\n|move|p1a: Incineroar|Parting Shot|p2b: Talonflame\n|-unboost|p2b: Talonflame|atk|1\n|-unboost|p2b: Talonflame|spa|1\n|\n|-end|p2b: Talonflame|move: Taunt\n|-sideend|p2: lowtiergimmick|move: Tailwind\n|upkeep\n|turn|7\n|\n|t:|1776579360\n|move|p2b: Talonflame|Dual Wingbeat|p1b: Dragapult\n|-damage|p1b: Dragapult|0 fnt\n|faint|p1b: Dragapult\n|-hitcount|p1: Dragapult|1\n|move|p2a: Garchomp|Dragon Claw|p1a: Incineroar\n|-damage|p1a: Incineroar|12/100\n|move|p1a: Incineroar|Taunt|p2b: Talonflame\n|-start|p2b: Talonflame|move: Taunt\n|\n|upkeep\n|turn|8\n|-message|StormRod forfeited.\n|\n|win|lowtiergimmick\n|raw|StormRod's rating: 1200 &rarr; <strong>1175</strong><br />(-25 for losing)\n|raw|lowtiergimmick's rating: 1200 &rarr; <strong>1225</strong><br />(+25 for winning)\n|l|\u2606StormRod\n|player|p1|\n",
  "uploadtime": 1776579367,
  "views": 10,
  "formatid": "gen9championsvgc2026regma",
  "rating": 1175,
  "private": 0,
  "password": null
}