{
  "id": "gen9championsvgc2026regma-2581275293",
  "format": "[Gen 9 Champions] VGC 2026 Reg M-A",
  "players": [
    "moonone",
    "Zappyzap01"
  ],
  "log": "|j|\u2606moonone\n|j|\u2606Zappyzap01\n|t:|1775979909\n|gametype|doubles\n|player|p1|moonone|265|1309\n|player|p2|Zappyzap01|benga|1347\n|gen|9\n|tier|[Gen 9 Champions] VGC 2026 Reg M-A\n|rated|\n|rule|Species Clause: Limit one of each Pok\u00e9mon\n|rule|Item Clause: Limit 1 of each item\n|clearpoke\n|poke|p1|Gengar, L50, M|\n|poke|p1|Basculegion, L50, M|\n|poke|p1|Incineroar, L50, F|\n|poke|p1|Pelipper, L50, M|\n|poke|p1|Kingambit, L50, F|\n|poke|p1|Kommo-o, L50, F|\n|poke|p2|Sylveon, L50, F|\n|poke|p2|Camerupt, L50, M|\n|poke|p2|Sableye, L50, M|\n|poke|p2|Oranguru, L50, M|\n|poke|p2|Torkoal, L50, M|\n|poke|p2|Meganium, L50, F|\n|teampreview|4\n|inactive|Battle timer is ON: inactive players will automatically lose when time's up. (requested by Zappyzap01)\n|j| gE1xjZRtuhW2DdT0AK\n|inactive|moonone has 60 seconds left.\n|\n|t:|1775979977\n|teamsize|p1|4\n|teamsize|p2|4\n|start\n|switch|p1a: Gengar|Gengar, L50, M, shiny|100/100\n|switch|p1b: Basculegion|Basculegion, L50, M|100/100\n|switch|p2a: Sableye|Sableye, L50, M, shiny|100/100\n|switch|p2b: Camerupt|Camerupt, L50, M, shiny|100/100\n|turn|1\n|\n|t:|1775980001\n|switch|p2b: Sylveon|Sylveon, L50, F, shiny|100/100\n|detailschange|p1a: Gengar|Gengar-Mega, L50, M, shiny\n|-mega|p1a: Gengar|Gengar|Gengarite\n|move|p2a: Sableye|Taunt|p1a: Gengar\n|-start|p1a: Gengar|move: Taunt\n|move|p1b: Basculegion|Flip Turn|p2b: Sylveon\n|-damage|p2b: Sylveon|60/100\n|\n|t:|1775980021\n|switch|p1b: Pelipper|Pelipper, L50, M|100/100|[from] Flip Turn\n|-weather|RainDance|[from] ability: Drizzle|[of] p1b: Pelipper\n|move|p1a: Gengar|Shadow Ball|p2a: Sableye\n|-damage|p2a: Sableye|43/100\n|-enditem|p2a: Sableye|Sitrus Berry|[eat]\n|-heal|p2a: Sableye|67/100|[from] item: Sitrus Berry\n|\n|-weather|RainDance|[upkeep]\n|upkeep\n|turn|2\n|inactive|Zappyzap01 has 30 seconds left.\n|inactive|Zappyzap01 has 20 seconds left.\n|inactive|Zappyzap01 has 15 seconds left.\n|inactive|Zappyzap01 has 10 seconds left.\n|\n|t:|1775980070\n|move|p2a: Sableye|Quash|p1a: Gengar\n|-activate|p1a: Gengar|move: Quash\n|move|p1b: Pelipper|U-turn|p2a: Sableye\n|-damage|p2a: Sableye|57/100\n|\n|t:|1775980091\n|switch|p1b: Kingambit|Kingambit, L50, F|100/100|[from] U-turn\n|move|p2b: Sylveon|Hyper Voice|p1b: Kingambit|[spread] p1a,p1b\n|-resisted|p1a: Gengar|1\n|-crit|p1a: Gengar\n|-damage|p1a: Gengar|55/100\n|-damage|p1b: Kingambit|47/100\n|move|p1a: Gengar|Shadow Ball|p2a: Sableye\n|-damage|p2a: Sableye|6/100\n|\n|-weather|RainDance|[upkeep]\n|upkeep\n|turn|3\n|inactive|moonone has 30 seconds left.\n|\n|t:|1775980124\n|move|p1b: Kingambit|Sucker Punch|p2b: Sylveon\n|-resisted|p2b: Sylveon|1\n|-damage|p2b: Sylveon|37/100\n|move|p2a: Sableye|Sunny Day|p2a: Sableye\n|-weather|SunnyDay\n|move|p1a: Gengar|Shadow Ball|p2b: Sylveon\n|-damage|p2b: Sylveon|3/100\n|move|p2b: Sylveon|Hyper Voice|p1a: Gengar|[spread] p1a,p1b\n|-resisted|p1a: Gengar|1\n|-damage|p1a: Gengar|25/100\n|-damage|p1b: Kingambit|0 fnt\n|faint|p1b: Kingambit\n|\n|-weather|SunnyDay|[upkeep]\n|-end|p1a: Gengar|move: Taunt\n|upkeep\n|\n|t:|1775980140\n|switch|p1b: Basculegion|Basculegion, L50, M|100/100\n|turn|4\n|\n|t:|1775980154\n|move|p1b: Basculegion|Aqua Jet|p2b: Sylveon\n|-damage|p2b: Sylveon|0 fnt\n|faint|p2b: Sylveon\n|move|p2a: Sableye|Taunt|p1a: Gengar\n|-start|p1a: Gengar|move: Taunt\n|move|p1a: Gengar|Shadow Ball|p2a: Sableye\n|-damage|p2a: Sableye|0 fnt\n|faint|p2a: Sableye\n|\n|-weather|SunnyDay|[upkeep]\n|upkeep\n|\n|t:|1775980164\n|switch|p2b: Camerupt|Camerupt, L50, M, shiny|100/100\n|switch|p2a: Oranguru|Oranguru, L50, M, shiny|100/100\n|turn|5\n|\n|t:|1775980177\n|switch|p1a: Pelipper|Pelipper, L50, M|100/100\n|-weather|RainDance|[from] ability: Drizzle|[of] p1a: Pelipper\n|move|p2b: Camerupt|Protect|p2b: Camerupt\n|-singleturn|p2b: Camerupt|Protect\n|move|p1b: Basculegion|Aqua Jet|p2b: Camerupt\n|-activate|p2b: Camerupt|move: Protect\n|move|p2a: Oranguru|Trick Room|p2a: Oranguru\n|-fieldstart|move: Trick Room|[of] p2a: Oranguru\n|\n|-weather|RainDance|[upkeep]\n|upkeep\n|turn|6\n|\n|t:|1775980192\n|detailschange|p2b: Camerupt|Camerupt-Mega, L50, M, shiny\n|-mega|p2b: Camerupt|Camerupt|Cameruptite\n|move|p1b: Basculegion|Aqua Jet|p2b: Camerupt\n|-supereffective|p2b: Camerupt|2\n|-damage|p2b: Camerupt|0 fnt\n|faint|p2b: Camerupt\n|move|p2a: Oranguru|Instruct|p2: Camerupt|[notarget]\n|-fail|p2a: Oranguru\n|move|p1a: Pelipper|Weather Ball|p2a: Oranguru\n|-damage|p2a: Oranguru|61/100\n|\n|-weather|RainDance|[upkeep]\n|upkeep\n|turn|7\n|j| Junglebolt\n|-message|Zappyzap01 forfeited.\n|\n|win|moonone\n|raw|moonone's rating: 1309 &rarr; <strong>1331</strong><br />(+22 for winning)\n|raw|Zappyzap01's rating: 1347 &rarr; <strong>1325</strong><br />(-22 for losing)\n|l|\u2606Zappyzap01\n|player|p2|\n|l| Junglebolt\n",
  "uploadtime": 1775980210,
  "views": 22,
  "formatid": "gen9championsvgc2026regma",
  "rating": 1325,
  "private": 0,
  "password": null
}