{
  "id": "gen9championsvgc2026regma-2584216137",
  "format": "[Gen 9 Champions] VGC 2026 Reg M-A",
  "players": [
    "malucy",
    "Kheyminus"
  ],
  "log": "|j|\u2606malucy\n|j|\u2606Kheyminus\n|t:|1776239285\n|gametype|doubles\n|player|p1|malucy|101|1142\n|player|p2|Kheyminus|265|1116\n|gen|9\n|tier|[Gen 9 Champions] VGC 2026 Reg M-A\n|rated|\n|rule|Species Clause: Limit one of each Pok\u00e9mon\n|rule|Item Clause: Limit 1 of each item\n|clearpoke\n|poke|p1|Delphox, L50, F|\n|poke|p1|Farigiraf, L50, F|\n|poke|p1|Whimsicott, L50, F|\n|poke|p1|Incineroar, L50, M|\n|poke|p1|Milotic, L50, M|\n|poke|p1|Decidueye-Hisui, L50, M|\n|poke|p2|Crabominable, L50, M|\n|poke|p2|Slowking-Galar, L50, M|\n|poke|p2|Incineroar, L50, F|\n|poke|p2|Sinistcha, L50|\n|poke|p2|Kingambit, L50, M|\n|poke|p2|Primarina, L50, M|\n|teampreview|4\n|inactive|Battle timer is ON: inactive players will automatically lose when time's up. (requested by Kheyminus)\n|inactive|Kheyminus has 60 seconds left.\n|\n|t:|1776239323\n|teamsize|p1|4\n|teamsize|p2|4\n|start\n|switch|p1a: Farigiraf|Farigiraf, L50, F|100/100\n|switch|p1b: Whimsicott|Whimsicott, L50, F|100/100\n|switch|p2a: Slowking|Slowking-Galar, L50, M|100/100\n|switch|p2b: Kingambit|Kingambit, L50, M|100/100\n|turn|1\n|\n|t:|1776239338\n|move|p1b: Whimsicott|Tailwind|p1b: Whimsicott\n|-sidestart|p1: malucy|move: Tailwind\n|move|p1a: Farigiraf|Calm Mind|p1a: Farigiraf\n|-boost|p1a: Farigiraf|spa|1\n|-boost|p1a: Farigiraf|spd|1\n|move|p2b: Kingambit|Kowtow Cleave|p1a: Farigiraf\n|-supereffective|p1a: Farigiraf|1\n|-enditem|p1a: Farigiraf|Colbur Berry|[eat]\n|-enditem|p1a: Farigiraf|Colbur Berry|[weaken]\n|-damage|p1a: Farigiraf|63/100\n|move|p2a: Slowking|Sludge Bomb|p1b: Whimsicott\n|-supereffective|p1b: Whimsicott|2\n|-damage|p1b: Whimsicott|0 fnt\n|faint|p1b: Whimsicott\n|\n|upkeep\n|\n|t:|1776239351\n|switch|p1b: Delphox|Delphox, L50, F|100/100\n|turn|2\n|\n|t:|1776239367\n|detailschange|p1b: Delphox|Delphox-Mega, L50, F\n|-mega|p1b: Delphox|Delphox|Delphoxite\n|move|p2b: Kingambit|Protect|p2b: Kingambit\n|-singleturn|p2b: Kingambit|Protect\n|move|p1b: Delphox|Heat Wave|p2b: Kingambit|[spread] p2a\n|-activate|p2b: Kingambit|move: Protect\n|-damage|p2a: Slowking|66/100\n|move|p1a: Farigiraf|Power Swap|p1b: Delphox\n|-swapboost|p1a: Farigiraf|p1b: Delphox|atk, spa|[from] move: Power Swap\n|move|p2a: Slowking|Trick Room|p2a: Slowking\n|-fieldstart|move: Trick Room|[of] p2a: Slowking\n|\n|upkeep\n|turn|3\n|inactive|malucy has 30 seconds left.\n|inactive|Kheyminus has 30 seconds left.\n|\n|t:|1776239397\n|switch|p1a: Decidueye|Decidueye-Hisui, L50, M|100/100\n|move|p2a: Slowking|Sludge Bomb|p1b: Delphox\n|-damage|p1b: Delphox|71/100\n|move|p2b: Kingambit|Kowtow Cleave|p1a: Decidueye\n|-resisted|p1a: Decidueye|1\n|-damage|p1a: Decidueye|67/100\n|move|p1b: Delphox|Heat Wave|p2b: Kingambit|[spread] p2a,p2b\n|-supereffective|p2b: Kingambit|1\n|-damage|p2a: Slowking|16/100\n|-damage|p2b: Kingambit|0 fnt\n|faint|p2b: Kingambit\n|\n|upkeep\n|\n|t:|1776239410\n|switch|p2b: Crabominable|Crabominable, L50, M|100/100\n|turn|4\n|inactive|malucy has 30 seconds left.\n|inactive|Kheyminus has 30 seconds left.\n|\n|t:|1776239445\n|detailschange|p2b: Crabominable|Crabominable-Mega, L50, M\n|-mega|p2b: Crabominable|Crabominable|Crabominite\n|move|p1b: Delphox|Protect|p1b: Delphox\n|-singleturn|p1b: Delphox|Protect\n|move|p2a: Slowking|Sludge Bomb|p1b: Delphox\n|-activate|p1b: Delphox|move: Protect\n|move|p2b: Crabominable|Ice Hammer|p1b: Delphox\n|-activate|p1b: Delphox|move: Protect\n|move|p1a: Decidueye|Triple Arrows|p2b: Crabominable\n|-supereffective|p2b: Crabominable|1\n|-crit|p2b: Crabominable\n|-damage|p2b: Crabominable|12/100\n|\n|-sideend|p1: malucy|move: Tailwind\n|upkeep\n|turn|5\n|inactive|malucy has 30 seconds left.\n|-message|Kheyminus forfeited.\n|\n|win|malucy\n|raw|malucy's rating: 1142 &rarr; <strong>1165</strong><br />(+23 for winning)\n|raw|Kheyminus's rating: 1116 &rarr; <strong>1093</strong><br />(-23 for losing)\n|l|\u2606Kheyminus\n|player|p2|\n",
  "uploadtime": 1776239479,
  "views": 19,
  "formatid": "gen9championsvgc2026regma",
  "rating": 1093,
  "private": 0,
  "password": null
}