{
  "id": "gen9championsvgc2026regma-2588228080",
  "format": "[Gen 9 Champions] VGC 2026 Reg M-A",
  "players": [
    "Doll_Maddie",
    "sirae"
  ],
  "log": "|j|\u2606Doll_Maddie\n|j|\u2606sirae\n|t:|1776616201\n|gametype|doubles\n|player|p1|Doll_Maddie|zinnia-masters|1161\n|player|p2|sirae|caitlin|1142\n|gen|9\n|tier|[Gen 9 Champions] VGC 2026 Reg M-A\n|rated|\n|rule|Species Clause: Limit one of each Pok\u00e9mon\n|rule|Item Clause: Limit 1 of each item\n|clearpoke\n|poke|p1|Delphox, L50, F, shiny|\n|poke|p1|Tinkaton, L50, F|\n|poke|p1|Garchomp, L50, M|\n|poke|p1|Rotom-Wash, L50|\n|poke|p1|Sneasler, L50, M|\n|poke|p1|Floette-Eternal, L50, F|\n|poke|p2|Feraligatr, L50, F|\n|poke|p2|Farigiraf, L50, F|\n|poke|p2|Aegislash, L50, F|\n|poke|p2|Incineroar, L50, F|\n|poke|p2|Toxicroak, L50, F|\n|poke|p2|Sylveon, L50, F|\n|teampreview|4\n|inactive|Battle timer is ON: inactive players will automatically lose when time's up. (requested by sirae)\nDoll_Maddie rejected open team sheets.\n|inactive|sirae has 60 seconds left.\n|\n|t:|1776616236\n|teamsize|p1|4\n|teamsize|p2|4\n|start\n|switch|p1a: Cyn|Garchomp, L50, M|100/100\n|switch|p1b: PumpOut|Rotom-Wash, L50|100/100\n|switch|p2a: Incineroar|Incineroar, L50, F|100/100\n|switch|p2b: Farigiraf|Farigiraf, L50, F|100/100\n|-ability|p2a: Incineroar|Intimidate|boost\n|-unboost|p1a: Cyn|atk|1\n|-unboost|p1b: PumpOut|atk|1\n|turn|1\n|\n|t:|1776616256\n|move|p2a: Incineroar|Fake Out|p1a: Cyn\n|-damage|p1a: Cyn|89/100\n|-damage|p2a: Incineroar|88/100|[from] ability: Rough Skin|[of] p1a: Cyn\n|cant|p1a: Cyn|flinch\n|move|p1b: PumpOut|Hydro Pump|p2a: Incineroar\n|-supereffective|p2a: Incineroar|1\n|-damage|p2a: Incineroar|0 fnt\n|faint|p2a: Incineroar\n|move|p2b: Farigiraf|Trick Room|p2b: Farigiraf\n|-fieldstart|move: Trick Room|[of] p2b: Farigiraf\n|\n|upkeep\n|\n|t:|1776616268\n|switch|p2a: Feraligatr|Feraligatr, L50, F|100/100\n|turn|2\n|\n|t:|1776616276\n|detailschange|p2a: Feraligatr|Feraligatr-Mega, L50, F\n|-mega|p2a: Feraligatr|Feraligatr|Feraligite\n|move|p2b: Farigiraf|Psychic|p1b: PumpOut\n|-damage|p1b: PumpOut|60/100\n|move|p2a: Feraligatr|Body Slam|p1a: Cyn\n|-supereffective|p1a: Cyn|1\n|-damage|p1a: Cyn|0 fnt\n|-damage|p2a: Feraligatr|88/100|[from] ability: Rough Skin|[of] p1a: Cyn\n|faint|p1a: Cyn\n|move|p1b: PumpOut|Discharge|p2a: Feraligatr|[spread] p2a,p2b\n|-crit|p2a: Feraligatr\n|-damage|p2a: Feraligatr|53/100\n|-damage|p2b: Farigiraf|75/100\n|\n|-heal|p1b: PumpOut|66/100|[from] item: Leftovers\n|upkeep\n|\n|t:|1776616293\n|switch|p1a: Long|Sneasler, L50, M|100/100\n|turn|3\n|\n|t:|1776616301\n|move|p2b: Farigiraf|Psychic|p1a: Long\n|-supereffective|p1a: Long|2\n|-crit|p1a: Long\n|-enditem|p1a: Long|Focus Sash\n|-damage|p1a: Long|1/100\n|move|p2a: Feraligatr|Body Slam|p1b: PumpOut\n|-crit|p1b: PumpOut\n|-damage|p1b: PumpOut|0 fnt\n|faint|p1b: PumpOut\n|move|p1a: Long|Close Combat|p2b: Farigiraf\n|-damage|p2b: Farigiraf|13/100\n|-unboost|p1a: Long|def|1\n|-unboost|p1a: Long|spd|1\n|\n|upkeep\n|\n|t:|1776616316\n|switch|p1b: BeWitch|Delphox, L50, F, shiny|100/100\n|turn|4\n|\n|t:|1776616324\n|detailschange|p1b: BeWitch|Delphox-Mega, L50, F, shiny\n|-mega|p1b: BeWitch|Delphox|Delphoxite\n|move|p1b: BeWitch|Protect|p1b: BeWitch\n|-singleturn|p1b: BeWitch|Protect\n|move|p2b: Farigiraf|Psychic|p1a: Long\n|-supereffective|p1a: Long|2\n|-damage|p1a: Long|0 fnt\n|faint|p1a: Long\n|move|p2a: Feraligatr|Liquidation|p1b: BeWitch\n|-activate|p1b: BeWitch|move: Protect\n|\n|upkeep\n|turn|5\n|\n|t:|1776616336\n|move|p1b: BeWitch|Protect|p1b: BeWitch\n|-singleturn|p1b: BeWitch|Protect\n|move|p2b: Farigiraf|Psychic|p1b: BeWitch\n|-activate|p1b: BeWitch|move: Protect\n|move|p2a: Feraligatr|Liquidation|p1b: BeWitch\n|-activate|p1b: BeWitch|move: Protect\n|\n|-fieldend|move: Trick Room\n|upkeep\n|turn|6\n|\n|t:|1776616349\n|move|p2b: Farigiraf|Protect|p2b: Farigiraf\n|-singleturn|p2b: Farigiraf|Protect\n|move|p1b: BeWitch|Psychic|p2a: Feraligatr\n|-damage|p2a: Feraligatr|8/100\n|move|p2a: Feraligatr|Liquidation|p1b: BeWitch\n|-supereffective|p1b: BeWitch|1\n|-crit|p1b: BeWitch\n|-damage|p1b: BeWitch|0 fnt\n|faint|p1b: BeWitch\n|\n|win|sirae\n|raw|Doll_Maddie's rating: 1161 &rarr; <strong>1135</strong><br />(-26 for losing)\n|raw|sirae's rating: 1142 &rarr; <strong>1168</strong><br />(+26 for winning)\n|l|\u2606Doll_Maddie\n|player|p1|\n",
  "uploadtime": 1776616358,
  "views": 13,
  "formatid": "gen9championsvgc2026regma",
  "rating": 1135,
  "private": 0,
  "password": null
}