{
  "id": "gen9championsvgc2026regma-2585175005",
  "format": "[Gen 9 Champions] VGC 2026 Reg M-A",
  "players": [
    "Zanderquake",
    "Toykom1"
  ],
  "log": "|j|\u2606Zanderquake\n|j|\u2606Toykom1\n|t:|1776321130\n|gametype|doubles\n|player|p1|Zanderquake|gentleman-gen4|1000\n|player|p2|Toykom1|102|1018\n|gen|9\n|tier|[Gen 9 Champions] VGC 2026 Reg M-A\n|rated|\n|rule|Species Clause: Limit one of each Pok\u00e9mon\n|rule|Item Clause: Limit 1 of each item\n|clearpoke\n|poke|p1|Crabominable, L50, M|\n|poke|p1|Froslass, L50, F|\n|poke|p1|Zoroark-Hisui, L50, M|\n|poke|p1|Mr. Rime, L50, M|\n|poke|p1|Empoleon, L50, F|\n|poke|p1|Maushold, L50|\n|poke|p2|Tyranitar, L50, F|\n|poke|p2|Flapple, L50, F|\n|poke|p2|Sneasler, L50, F|\n|poke|p2|Sableye, L50, F|\n|poke|p2|Farigiraf, L50, F|\n|poke|p2|Talonflame, L50, F|\n|teampreview|4\n|\n|t:|1776321152\n|teamsize|p1|4\n|teamsize|p2|4\n|start\n|switch|p1a: Crabominable|Crabominable, L50, M|100/100\n|switch|p1b: Mr. Rime|Mr. Rime, L50, M|100/100\n|switch|p2a: Tyranitar|Tyranitar, L50, F|100/100\n|switch|p2b: Sneasler|Sneasler, L50, F|100/100\n|-weather|Sandstorm|[from] ability: Sand Stream|[of] p2a: Tyranitar\n|turn|1\n|\n|t:|1776321189\n|move|p2b: Sneasler|Fake Out|p1b: Mr. Rime\n|-damage|p1b: Mr. Rime|84/100\n|move|p1a: Crabominable|Poltergeist|p2b: Sneasler\n|-activate|p2b: Sneasler|move: Poltergeist|White Herb\n|-damage|p2b: Sneasler|0 fnt\n|faint|p2b: Sneasler\n|move|p2a: Tyranitar|Iron Tail|p1a: Crabominable|[miss]\n|-miss|p2a: Tyranitar|p1a: Crabominable\n|cant|p1b: Mr. Rime|flinch\n|\n|-weather|Sandstorm|[upkeep]\n|-damage|p1a: Crabominable|94/100|[from] Sandstorm\n|-damage|p1b: Mr. Rime|78/100|[from] Sandstorm\n|upkeep\n|\n|t:|1776321202\n|switch|p2b: Sableye|Sableye, L50, F|100/100\n|turn|2\n|\n|t:|1776321223\n|detailschange|p2a: Tyranitar|Tyranitar-Mega, L50, F\n|-mega|p2a: Tyranitar|Tyranitar|Tyranitarite\n|move|p2b: Sableye|Thunder Wave|p1a: Crabominable\n|-status|p1a: Crabominable|par\n|move|p2a: Tyranitar|Dragon Dance|p2a: Tyranitar\n|-boost|p2a: Tyranitar|atk|1\n|-boost|p2a: Tyranitar|spe|1\n|move|p1a: Crabominable|Poltergeist|p2b: Sableye|[miss]\n|-miss|p1a: Crabominable|p2b: Sableye\n|move|p1b: Mr. Rime|Trick Room|p1b: Mr. Rime\n|-fieldstart|move: Trick Room|[of] p1b: Mr. Rime\n|\n|-weather|Sandstorm|[upkeep]\n|-damage|p2b: Sableye|95/100|[from] Sandstorm\n|-damage|p1b: Mr. Rime|72/100|[from] Sandstorm\n|-damage|p1a: Crabominable|88/100 par|[from] Sandstorm\n|upkeep\n|turn|3\n|\n|t:|1776321250\n|switch|p1a: Crabominable|Crabominable, L50, M|100/100\n|move|p2b: Sableye|Foul Play|p1b: Mr. Rime\n|-supereffective|p1b: Mr. Rime|1\n|-damage|p1b: Mr. Rime|0 fnt\n|faint|p1b: Mr. Rime\n|move|p2a: Tyranitar|Iron Tail|p1a: Crabominable\n|-supereffective|p1a: Crabominable|1\n|-damage|p1a: Crabominable|0 fnt\n|faint|p1a: Crabominable\n|\n|-weather|Sandstorm|[upkeep]\n|-damage|p2b: Sableye|89/100|[from] Sandstorm\n|upkeep\n|\n|t:|1776321260\n|switch|p1a: Maushold|Maushold, L50|100/100\n|switch|p1b: Zoroark|Zoroark-Hisui, L50, M|88/100 par\n|turn|4\n|\n|t:|1776321284\n|move|p2b: Sableye|Swagger|p2a: Tyranitar\n|-boost|p2a: Tyranitar|atk|2\n|-start|p2a: Tyranitar|confusion\n|move|p1b: Zoroark|Poltergeist|p2b: Sableye\n|-activate|p2b: Sableye|move: Poltergeist|Roseli Berry\n|-crit|p2b: Sableye\n|-damage|p2b: Sableye|6/100\n|move|p1a: Maushold|Population Bomb|p2a: Tyranitar\n|-resisted|p2a: Tyranitar|1\n|-damage|p2a: Tyranitar|98/100\n|-resisted|p2a: Tyranitar|1\n|-damage|p2a: Tyranitar|94/100\n|-resisted|p2a: Tyranitar|1\n|-damage|p2a: Tyranitar|91/100\n|-resisted|p2a: Tyranitar|1\n|-damage|p2a: Tyranitar|89/100\n|-resisted|p2a: Tyranitar|1\n|-damage|p2a: Tyranitar|86/100\n|-resisted|p2a: Tyranitar|1\n|-damage|p2a: Tyranitar|84/100\n|-resisted|p2a: Tyranitar|1\n|-damage|p2a: Tyranitar|81/100\n|-resisted|p2a: Tyranitar|1\n|-damage|p2a: Tyranitar|78/100\n|-resisted|p2a: Tyranitar|1\n|-damage|p2a: Tyranitar|75/100\n|-resisted|p2a: Tyranitar|1\n|-damage|p2a: Tyranitar|72/100\n|-hitcount|p2a: Tyranitar|10\n|cant|p2a: Tyranitar|flinch\n|\n|-weather|Sandstorm|[upkeep]\n|-damage|p2b: Sableye|0 fnt|[from] Sandstorm\n|-damage|p1b: Zoroark|82/100 par|[from] Sandstorm\n|-damage|p1a: Maushold|94/100|[from] Sandstorm\n|faint|p2b: Sableye\n|upkeep\n|\n|t:|1776321296\n|switch|p2b: Farigiraf|Farigiraf, L50, F|100/100\n|turn|5\n|\n|t:|1776321331\n|move|p2b: Farigiraf|Ally Switch|p2b: Farigiraf\n|swap|p2b: Farigiraf|0|[from] move: Ally Switch\n|move|p1b: Zoroark|Psych Up|p2a: Farigiraf\n|-copyboost|p1b: Zoroark|p2a: Farigiraf|[from] move: Psych Up\n|move|p1a: Maushold|Population Bomb|p2a: Farigiraf\n|-crit|p2a: Farigiraf\n|-damage|p2a: Farigiraf|91/100\n|-damage|p2a: Farigiraf|84/100\n|-damage|p2a: Farigiraf|77/100\n|-damage|p2a: Farigiraf|70/100\n|-damage|p2a: Farigiraf|64/100\n|-crit|p2a: Farigiraf\n|-damage|p2a: Farigiraf|53/100\n|-damage|p2a: Farigiraf|46/100\n|-damage|p2a: Farigiraf|39/100\n|-damage|p2a: Farigiraf|32/100\n|-damage|p2a: Farigiraf|25/100\n|-hitcount|p2a: Farigiraf|10\n|-activate|p2b: Tyranitar|confusion\n|-damage|p2b: Tyranitar|41/100|[from] confusion\n|\n|-weather|none\n|upkeep\n|turn|6\n|\n|t:|1776321375\n|move|p2a: Farigiraf|Gravity|p2a: Farigiraf\n|-fieldstart|move: Gravity\n|move|p1b: Zoroark|Psych Up|p2a: Farigiraf\n|-copyboost|p1b: Zoroark|p2a: Farigiraf|[from] move: Psych Up\n|move|p1a: Maushold|Population Bomb|p2a: Farigiraf\n|-damage|p2a: Farigiraf|19/100\n|-crit|p2a: Farigiraf\n|-damage|p2a: Farigiraf|9/100\n|-damage|p2a: Farigiraf|3/100\n|-crit|p2a: Farigiraf\n|-damage|p2a: Farigiraf|0 fnt\n|faint|p2a: Farigiraf\n|-hitcount|p2: Farigiraf|4\n|-activate|p2b: Tyranitar|confusion\n|move|p2b: Tyranitar|Iron Tail|p1a: Maushold\n|-damage|p1a: Maushold|0 fnt\n|faint|p1a: Maushold\n|\n|-fieldend|move: Trick Room\n|upkeep\n|turn|7\n|\n|t:|1776321393\n|-end|p2b: Tyranitar|confusion\n|move|p2b: Tyranitar|Stone Edge|p1b: Zoroark\n|-damage|p1b: Zoroark|0 fnt\n|faint|p1b: Zoroark\n|\n|win|Toykom1\n|raw|Zanderquake's rating: 1000 &rarr; <strong>1000</strong><br />(+0 for losing)\n|raw|Toykom1's rating: 1018 &rarr; <strong>1053</strong><br />(+35 for winning)\n|l|\u2606Zanderquake\n|player|p1|\n",
  "uploadtime": 1776321402,
  "views": 22,
  "formatid": "gen9championsvgc2026regma",
  "rating": 1000,
  "private": 0,
  "password": null
}