{
  "id": "gen9championsvgc2026regma-2582188019",
  "format": "[Gen 9 Champions] VGC 2026 Reg M-A",
  "players": [
    "Argentum2105",
    "GuardianLemartes"
  ],
  "log": "|j|\u2606Argentum2105\n|j|\u2606GuardianLemartes\n|t:|1776069073\n|gametype|doubles\n|player|p1|Argentum2105|hilbert|1044\n|player|p2|GuardianLemartes|roark|1062\n|gen|9\n|tier|[Gen 9 Champions] VGC 2026 Reg M-A\n|rated|\n|rule|Species Clause: Limit one of each Pok\u00e9mon\n|rule|Item Clause: Limit 1 of each item\n|clearpoke\n|poke|p1|Charizard, L50, F|\n|poke|p1|Whimsicott, L50, M|\n|poke|p1|Sneasler, L50, F|\n|poke|p1|Kingambit, L50, M|\n|poke|p1|Garchomp, L50, F|\n|poke|p1|Hawlucha, L50, M|\n|poke|p2|Incineroar, L50, F|\n|poke|p2|Kingambit, L50, M|\n|poke|p2|Gengar, L50, F|\n|poke|p2|Sinistcha, L50|\n|poke|p2|Tyranitar, L50, M|\n|poke|p2|Kommo-o, L50, M|\n|teampreview|4\n|inactive|Battle timer is ON: inactive players will automatically lose when time's up. (requested by Argentum2105)\n|inactive|Argentum2105 has 60 seconds left.\nGuardianLemartes rejected open team sheets.\n|\n|t:|1776069112\n|teamsize|p1|4\n|teamsize|p2|4\n|start\n|switch|p1a: Kingambit|Kingambit, L50, M|100/100\n|switch|p1b: Sneasler|Sneasler, L50, F|100/100\n|switch|p2a: Beat cop|Gengar, L50, F|100/100\n|switch|p2b: In the Hat|Incineroar, L50, F, shiny|100/100\n|-ability|p2b: In the Hat|Intimidate|boost\n|-unboost|p1a: Kingambit|atk|1\n|-ability|p1a: Kingambit|Defiant|boost\n|-boost|p1a: Kingambit|atk|2\n|-unboost|p1b: Sneasler|atk|1\n|-enditem|p1b: Sneasler|White Herb\n|-clearnegativeboost|p1b: Sneasler|[silent]\n|turn|1\n|inactive|GuardianLemartes has 30 seconds left.\n|\n|t:|1776069140\n|switch|p2a: Pots and Pans|Kommo-o, L50, M|100/100\n|move|p1b: Sneasler|Fake Out|p2b: In the Hat\n|-damage|p2b: In the Hat|86/100\n|cant|p2b: In the Hat|flinch\n|move|p1a: Kingambit|Kowtow Cleave|p2a: Pots and Pans\n|-resisted|p2a: Pots and Pans|1\n|-damage|p2a: Pots and Pans|66/100\n|\n|-heal|p2a: Pots and Pans|71/100|[from] item: Leftovers\n|upkeep\n|turn|2\n|inactive|Argentum2105 has 30 seconds left.\n|inactive|GuardianLemartes has 30 seconds left.\n|inactive|Argentum2105 has 20 seconds left.\n|inactive|Argentum2105 has 15 seconds left.\n|\n|t:|1776069184\n|move|p1b: Sneasler|Close Combat|p2b: In the Hat\n|-supereffective|p2b: In the Hat|1\n|-damage|p2b: In the Hat|0 fnt\n|-unboost|p1b: Sneasler|def|1\n|-unboost|p1b: Sneasler|spd|1\n|faint|p2b: In the Hat\n|move|p2a: Pots and Pans|Aura Sphere|p1a: Kingambit\n|-supereffective|p1a: Kingambit|2\n|-damage|p1a: Kingambit|0 fnt\n|faint|p1a: Kingambit\n|\n|-heal|p2a: Pots and Pans|77/100|[from] item: Leftovers\n|upkeep\n|\n|t:|1776069203\n|switch|p2b: Pudding|Sinistcha, L50|100/100\n|switch|p1a: Whimsicott|Whimsicott, L50, M|100/100\n|-heal|p2a: Pots and Pans|100/100|[from] ability: Hospitality|[of] p2b: Pudding\n|turn|3\n|inactive|GuardianLemartes has 30 seconds left.\n|c|\u2606Argentum2105|Nice nicknames\n|\n|t:|1776069233\n|move|p1a: Whimsicott|Encore|p2a: Pots and Pans\n|-start|p2a: Pots and Pans|Encore\n|move|p1b: Sneasler|Dire Claw|p2b: Pudding\n|-damage|p2b: Pudding|58/100\n|move|p2a: Pots and Pans|Aura Sphere|p1a: Whimsicott\n|-resisted|p1a: Whimsicott|1\n|-crit|p1a: Whimsicott\n|-damage|p1a: Whimsicott|66/100\n|move|p2b: Pudding|Life Dew||[still]|[spread] p2a,p2b\n|-fail|p2a: Pots and Pans|heal\n|-heal|p2b: Pudding|82/100\n|\n|upkeep\n|turn|4\n|c|\u2606GuardianLemartes|thank you\n|inactive|GuardianLemartes has 30 seconds left.\n|\n|t:|1776069259\n|switch|p2a: Beat cop|Gengar, L50, F|100/100\n|move|p2b: Pudding|Rage Powder|p2b: Pudding\n|-singleturn|p2b: Pudding|move: Rage Powder\n|move|p1b: Sneasler|Dire Claw|p2b: Pudding\n|-damage|p2b: Pudding|43/100\n|-enditem|p2b: Pudding|Sitrus Berry|[eat]\n|-heal|p2b: Pudding|68/100|[from] item: Sitrus Berry\n|move|p1a: Whimsicott|Moonblast|p2a: Beat cop\n|-resisted|p2a: Beat cop|1\n|-damage|p2a: Beat cop|83/100\n|-start|p1a: Whimsicott|Disable|Moonblast|[from] ability: Cursed Body|[of] p2a: Beat cop\n|\n|upkeep\n|turn|5\n|inactive|Argentum2105 has 30 seconds left.\n|inactive|GuardianLemartes has 30 seconds left.\n|inactive|GuardianLemartes has 20 seconds left.\n|\n|t:|1776069301\n|detailschange|p2a: Beat cop|Gengar-Mega, L50, F\n|-mega|p2a: Beat cop|Gengar|Gengarite\n|move|p1a: Whimsicott|Tailwind|p1a: Whimsicott\n|-sidestart|p1: Argentum2105|move: Tailwind\n|move|p1b: Sneasler|Dire Claw|p2b: Pudding\n|-damage|p2b: Pudding|26/100\n|move|p2a: Beat cop|Perish Song|p2a: Beat cop\n|-start|p1a: Whimsicott|perish3|[silent]\n|-start|p1b: Sneasler|perish3|[silent]\n|-start|p2a: Beat cop|perish3|[silent]\n|-start|p2b: Pudding|perish3|[silent]\n|-fieldactivate|move: Perish Song\n|move|p2b: Pudding|Life Dew|p2b: Pudding|[spread] p2a,p2b\n|-heal|p2a: Beat cop|100/100\n|-heal|p2b: Pudding|51/100\n|\n|-start|p1b: Sneasler|perish3\n|-start|p1a: Whimsicott|perish3\n|-start|p2a: Beat cop|perish3\n|-start|p2b: Pudding|perish3\n|upkeep\n|turn|6\n|inactive|Argentum2105 has 30 seconds left.\n|inactive|GuardianLemartes has 30 seconds left.\n|\n|t:|1776069335\n|switch|p2b: Pots and Pans|Kommo-o, L50, M|100/100\n|move|p1a: Whimsicott|Encore|p2a: Beat cop\n|-start|p2a: Beat cop|Encore\n|move|p1b: Sneasler|Dire Claw|p2b: Pots and Pans\n|-damage|p2b: Pots and Pans|57/100\n|move|p2a: Beat cop|Perish Song|p2a: Beat cop\n|-start|p2b: Pots and Pans|perish3|[silent]\n|-fieldactivate|move: Perish Song\n|\n|-heal|p2b: Pots and Pans|63/100|[from] item: Leftovers\n|-start|p1b: Sneasler|perish2\n|-start|p1a: Whimsicott|perish2\n|-start|p2a: Beat cop|perish2\n|-start|p2b: Pots and Pans|perish3\n|upkeep\n|turn|7\n|inactive|Argentum2105 has 30 seconds left.\n|inactive|GuardianLemartes has 30 seconds left.\n|\n|t:|1776069368\n|switch|p2b: Pudding|Sinistcha, L50|51/100\n|move|p1a: Whimsicott|Sunny Day|p1a: Whimsicott\n|-weather|SunnyDay\n|move|p1b: Sneasler|Dire Claw|p2b: Pudding\n|-damage|p2b: Pudding|13/100\n|move|p2a: Beat cop|Perish Song|p2a: Beat cop\n|-start|p2b: Pudding|perish3|[silent]\n|-fieldactivate|move: Perish Song\n|\n|-weather|SunnyDay|[upkeep]\n|-end|p1a: Whimsicott|Disable\n|-start|p1b: Sneasler|perish1\n|-start|p1a: Whimsicott|perish1\n|-start|p2a: Beat cop|perish1\n|-start|p2b: Pudding|perish3\n|upkeep\n|turn|8\n|inactive|GuardianLemartes has 30 seconds left.\n|inactive|GuardianLemartes has 20 seconds left.\n|inactive|GuardianLemartes has 15 seconds left.\n|\n|t:|1776069412\n|switch|p2a: Pots and Pans|Kommo-o, L50, M|63/100\n|move|p2b: Pudding|Protect|p2b: Pudding\n|-singleturn|p2b: Pudding|Protect\n|move|p1b: Sneasler|Dire Claw|p2b: Pudding\n|-activate|p2b: Pudding|move: Protect\n|move|p1a: Whimsicott|Moonblast|p2a: Pots and Pans\n|-supereffective|p2a: Pots and Pans|2\n|-damage|p2a: Pots and Pans|0 fnt\n|faint|p2a: Pots and Pans\n|\n|-weather|SunnyDay|[upkeep]\n|-start|p1b: Sneasler|perish0\n|-start|p1a: Whimsicott|perish0\n|-start|p2b: Pudding|perish2\n|faint|p1b: Sneasler\n|faint|p1a: Whimsicott\n|-sideend|p1: Argentum2105|move: Tailwind\n|upkeep\n|\n|t:|1776069431\n|switch|p1b: Charizard|Charizard, L50, F|100/100\n|switch|p2a: Beat cop|Gengar-Mega, L50, F|100/100\n|turn|9\n|inactive|GuardianLemartes has 30 seconds left.\n|\n|t:|1776069459\n|detailschange|p1b: Charizard|Charizard-Mega-Y, L50, F\n|-mega|p1b: Charizard|Charizard|Charizardite Y\n|move|p2a: Beat cop|Shadow Ball|p1b: Charizard\n|-damage|p1b: Charizard|57/100\n|move|p1b: Charizard|Heat Wave|p2b: Pudding|[spread] p2a,p2b\n|-supereffective|p2b: Pudding|1\n|-damage|p2a: Beat cop|29/100\n|-damage|p2b: Pudding|0 fnt\n|faint|p2b: Pudding\n|\n|-weather|SunnyDay|[upkeep]\n|upkeep\n|turn|10\n|c|\u2606Argentum2105|Ggs\n|c|\u2606GuardianLemartes|ggs\n|\n|t:|1776069478\n|move|p2a: Beat cop|Protect|p2a: Beat cop\n|-singleturn|p2a: Beat cop|Protect\n|move|p1b: Charizard|Heat Wave|p2a: Beat cop\n|-activate|p2a: Beat cop|move: Protect\n|\n|-weather|SunnyDay|[upkeep]\n|upkeep\n|turn|11\n|\n|t:|1776069492\n|move|p2a: Beat cop|Substitute|p2a: Beat cop\n|-start|p2a: Beat cop|Substitute\n|-damage|p2a: Beat cop|4/100\n|move|p1b: Charizard|Heat Wave|p2a: Beat cop\n|-end|p2a: Beat cop|Substitute\n|\n|-weather|none\n|upkeep\n|turn|12\n|c|\u2606GuardianLemartes|:p\n|\n|t:|1776069506\n|move|p2a: Beat cop|Protect|p2a: Beat cop\n|-singleturn|p2a: Beat cop|Protect\n|move|p1b: Charizard|Air Slash|p2a: Beat cop\n|-activate|p2a: Beat cop|move: Protect\n|\n|upkeep\n|turn|13\n|\n|t:|1776069513\n|move|p2a: Beat cop|Shadow Ball|p1b: Charizard\n|-damage|p1b: Charizard|12/100\n|move|p1b: Charizard|Air Slash|p2a: Beat cop\n|-damage|p2a: Beat cop|0 fnt\n|faint|p2a: Beat cop\n|\n|win|Argentum2105\n|raw|Argentum2105's rating: 1044 &rarr; <strong>1079</strong><br />(+35 for winning)\n|raw|GuardianLemartes's rating: 1062 &rarr; <strong>1042</strong><br />(-20 for losing)\n|c|\u2606Argentum2105|:(\n|l|\u2606GuardianLemartes\n|player|p2|\n",
  "uploadtime": 1776069529,
  "views": 8,
  "formatid": "gen9championsvgc2026regma",
  "rating": 1042,
  "private": 0,
  "password": null
}