{
  "id": "gen9championsvgc2026regma-2587306422",
  "format": "[Gen 9 Champions] VGC 2026 Reg M-A",
  "players": [
    "hubuluscumbulus",
    "greetathunberg"
  ],
  "log": "|j|\u2606hubuluscumbulus\n|j|\u2606greetathunberg\n|t:|1776520392\n|gametype|doubles\n|player|p1|hubuluscumbulus|preschooler|1222\n|player|p2|greetathunberg|169|1203\n|gen|9\n|tier|[Gen 9 Champions] VGC 2026 Reg M-A\n|rated|\n|rule|Species Clause: Limit one of each Pok\u00e9mon\n|rule|Item Clause: Limit 1 of each item\n|clearpoke\n|poke|p1|Victreebel, L50, F|\n|poke|p1|Milotic, L50, F|\n|poke|p1|Sneasler, L50, M|\n|poke|p1|Incineroar, L50, M|\n|poke|p1|Torkoal, L50, F|\n|poke|p1|Farigiraf, L50, F|\n|poke|p2|Tyranitar, L50, M|\n|poke|p2|Sinistcha, L50|\n|poke|p2|Talonflame, L50, F|\n|poke|p2|Excadrill, L50, F|\n|poke|p2|Farigiraf, L50, M|\n|poke|p2|Sneasler, L50, F|\n|teampreview|4\n|inactive|Battle timer is ON: inactive players will automatically lose when time's up. (requested by hubuluscumbulus)\n|\n|t:|1776520418\n|teamsize|p1|4\n|teamsize|p2|4\n|start\n|switch|p1a: Victreebel|Victreebel, L50, F|100/100\n|switch|p1b: Incineroar|Incineroar, L50, M|100/100\n|switch|p2a: Tyranitar|Tyranitar, L50, M|100/100\n|switch|p2b: Talonflame|Talonflame, L50, F|100/100\n|-weather|Sandstorm|[from] ability: Sand Stream|[of] p2a: Tyranitar\n|-ability|p1b: Incineroar|Intimidate|boost\n|-unboost|p2a: Tyranitar|atk|1\n|-unboost|p2b: Talonflame|atk|1\n|turn|1\n|\n|t:|1776520429\n|switch|p2b: Farigiraf|Farigiraf, L50, M|100/100\n|detailschange|p1a: Victreebel|Victreebel-Mega, L50, F\n|-mega|p1a: Victreebel|Victreebel|Victreebelite\n|move|p1b: Incineroar|Fake Out||[still]\n|cant|p2b: Farigiraf|ability: Armor Tail|Fake Out|[of] p1b: Incineroar\n|move|p2a: Tyranitar|Dragon Dance|p2a: Tyranitar\n|-boost|p2a: Tyranitar|atk|1\n|-boost|p2a: Tyranitar|spe|1\n|move|p1a: Victreebel|Sleep Powder|p2a: Tyranitar\n|-status|p2a: Tyranitar|slp|[from] move: Sleep Powder\n|\n|-weather|Sandstorm|[upkeep]\n|-damage|p2b: Farigiraf|95/100|[from] Sandstorm\n|-damage|p1a: Victreebel|95/100|[from] Sandstorm\n|-damage|p1b: Incineroar|95/100|[from] Sandstorm\n|upkeep\n|turn|2\n|-activate|p2b: Farigiraf|item: Quick Claw\n|\n|t:|1776520454\n|cant|p2a: Tyranitar|slp\n|move|p2b: Farigiraf|Psychic|p1a: Victreebel\n|-supereffective|p1a: Victreebel|1\n|-damage|p1a: Victreebel|0 fnt\n|-damage|p2b: Farigiraf|21/100|[from] ability: Innards Out|[of] p1a: Victreebel\n|faint|p1a: Victreebel\n|move|p1b: Incineroar|Darkest Lariat|p2b: Farigiraf\n|-supereffective|p2b: Farigiraf|1\n|-damage|p2b: Farigiraf|0 fnt\n|faint|p2b: Farigiraf\n|\n|-weather|Sandstorm|[upkeep]\n|-damage|p1b: Incineroar|89/100|[from] Sandstorm\n|upkeep\n|\n|t:|1776520469\n|switch|p1a: Torkoal|Torkoal, L50, F|100/100\n|switch|p2b: Talonflame|Talonflame, L50, F|100/100\n|-weather|SunnyDay|[from] ability: Drought|[of] p1a: Torkoal\n|turn|3\n|\n|t:|1776520488\n|switch|p1b: Farigiraf|Farigiraf, L50, F|100/100\n|detailschange|p2a: Tyranitar|Tyranitar-Mega, L50, M\n|-mega|p2a: Tyranitar|Tyranitar|Tyranitarite\n|-weather|Sandstorm|[from] ability: Sand Stream|[of] p2a: Tyranitar\n|move|p2b: Talonflame|Tailwind|p2b: Talonflame\n|-sidestart|p2: greetathunberg|move: Tailwind\n|cant|p2a: Tyranitar|slp\n|move|p1a: Torkoal|Scorching Sands|p2a: Tyranitar\n|-supereffective|p2a: Tyranitar|1\n|-crit|p2a: Tyranitar\n|-damage|p2a: Tyranitar|72/100 slp\n|\n|-weather|Sandstorm|[upkeep]\n|-damage|p2b: Talonflame|95/100|[from] Sandstorm\n|-damage|p1b: Farigiraf|94/100|[from] Sandstorm\n|-damage|p1a: Torkoal|94/100|[from] Sandstorm\n|upkeep\n|turn|4\n|\n|t:|1776520512\n|switch|p2b: Sinistcha|Sinistcha, L50|100/100\n|-heal|p2a: Tyranitar|96/100 slp|[from] ability: Hospitality|[of] p2b: Sinistcha\n|switch|p1a: Incineroar|Incineroar, L50, M|89/100\n|-ability|p1a: Incineroar|Intimidate|boost\n|-unboost|p2a: Tyranitar|atk|1\n|-unboost|p2b: Sinistcha|atk|1\n|-curestatus|p2a: Tyranitar|slp|[msg]\n|move|p2a: Tyranitar|Rock Slide|p1b: Farigiraf|[spread] p1a,p1b\n|-supereffective|p1a: Incineroar|1\n|-crit|p1a: Incineroar\n|-crit|p1b: Farigiraf\n|-damage|p1a: Incineroar|14/100\n|-damage|p1b: Farigiraf|51/100\n|cant|p1b: Farigiraf|flinch\n|\n|-weather|Sandstorm|[upkeep]\n|-damage|p2b: Sinistcha|94/100|[from] Sandstorm\n|-damage|p1a: Incineroar|9/100|[from] Sandstorm\n|-damage|p1b: Farigiraf|45/100|[from] Sandstorm\n|-enditem|p1b: Farigiraf|Sitrus Berry|[eat]\n|-heal|p1b: Farigiraf|69/100|[from] item: Sitrus Berry\n|upkeep\n|turn|5\n|inactive|greetathunberg has 30 seconds left.\n|\n|t:|1776520538\n|move|p1a: Incineroar|Fake Out|p2a: Tyranitar\n|-resisted|p2a: Tyranitar|1\n|-damage|p2a: Tyranitar|92/100\n|cant|p2a: Tyranitar|flinch\n|move|p2b: Sinistcha|Matcha Gotcha|p1b: Farigiraf|[spread] p1a\n|-miss|p2b: Sinistcha|p1b: Farigiraf\n|-resisted|p1a: Incineroar|1\n|-damage|p1a: Incineroar|0 fnt\n|-heal|p2b: Sinistcha|98/100|[from] drain|[of] p1a: Incineroar\n|faint|p1a: Incineroar\n|move|p1b: Farigiraf|Trick Room|p1b: Farigiraf\n|-fieldstart|move: Trick Room|[of] p1b: Farigiraf\n|\n|-weather|Sandstorm|[upkeep]\n|-damage|p1b: Farigiraf|63/100|[from] Sandstorm\n|-damage|p2b: Sinistcha|92/100|[from] Sandstorm\n|upkeep\n|\n|t:|1776520545\n|switch|p1a: Torkoal|Torkoal, L50, F|94/100\n|-weather|SunnyDay|[from] ability: Drought|[of] p1a: Torkoal\n|turn|6\n|\n|t:|1776520556\n|switch|p2a: Talonflame|Talonflame, L50, F|95/100\n|move|p1a: Torkoal|Eruption|p2b: Sinistcha|[spread] p2a,p2b\n|-resisted|p2a: Talonflame|1\n|-supereffective|p2b: Sinistcha|1\n|-crit|p2b: Sinistcha\n|-damage|p2a: Talonflame|31/100\n|-damage|p2b: Sinistcha|0 fnt\n|faint|p2b: Sinistcha\n|move|p1b: Farigiraf|Dazzling Gleam|p2a: Talonflame\n|-resisted|p2a: Talonflame|1\n|-damage|p2a: Talonflame|12/100\n|\n|-weather|SunnyDay|[upkeep]\n|-sideend|p2: greetathunberg|move: Tailwind\n|upkeep\n|\n|t:|1776520566\n|switch|p2b: Tyranitar|Tyranitar-Mega, L50, M|92/100\n|-weather|Sandstorm|[from] ability: Sand Stream|[of] p2b: Tyranitar\n|turn|7\n|\n|t:|1776520580\n|move|p1a: Torkoal|Eruption|p2b: Tyranitar|[spread] p2a,p2b\n|-resisted|p2a: Talonflame|1\n|-resisted|p2b: Tyranitar|1\n|-damage|p2a: Talonflame|0 fnt\n|-damage|p2b: Tyranitar|79/100\n|faint|p2a: Talonflame\n|move|p1b: Farigiraf|Dazzling Gleam|p2b: Tyranitar\n|-supereffective|p2b: Tyranitar|1\n|-damage|p2b: Tyranitar|54/100\n|move|p2b: Tyranitar|Knock Off|p1b: Farigiraf\n|-supereffective|p1b: Farigiraf|1\n|-damage|p1b: Farigiraf|0 fnt\n|faint|p1b: Farigiraf\n|\n|-weather|Sandstorm|[upkeep]\n|-damage|p1a: Torkoal|88/100|[from] Sandstorm\n|upkeep\n|turn|8\n|\n|t:|1776520595\n|move|p1a: Torkoal|Scorching Sands|p2b: Tyranitar\n|-supereffective|p2b: Tyranitar|1\n|-damage|p2b: Tyranitar|34/100\n|-status|p2b: Tyranitar|brn\n|move|p2b: Tyranitar|Knock Off|p1a: Torkoal\n|-damage|p1a: Torkoal|69/100\n|-enditem|p1a: Torkoal|Charcoal|[from] move: Knock Off|[of] p2b: Tyranitar\n|\n|-weather|Sandstorm|[upkeep]\n|-damage|p1a: Torkoal|63/100|[from] Sandstorm\n|-damage|p2b: Tyranitar|29/100 brn|[from] brn\n|upkeep\n|turn|9\n|\n|t:|1776520610\n|move|p1a: Torkoal|Scorching Sands|p2b: Tyranitar\n|-supereffective|p2b: Tyranitar|1\n|-damage|p2b: Tyranitar|10/100 brn\n|move|p2b: Tyranitar|Rock Slide|p1a: Torkoal\n|-supereffective|p1a: Torkoal|1\n|-damage|p1a: Torkoal|34/100\n|\n|-weather|Sandstorm|[upkeep]\n|-damage|p1a: Torkoal|28/100|[from] Sandstorm\n|-damage|p2b: Tyranitar|4/100 brn|[from] brn\n|-fieldend|move: Trick Room\n|upkeep\n|turn|10\n|\n|t:|1776520625\n|move|p2b: Tyranitar|Rock Slide|p1a: Torkoal\n|-supereffective|p1a: Torkoal|1\n|-damage|p1a: Torkoal|0 fnt\n|faint|p1a: Torkoal\n|\n|win|greetathunberg\n|raw|hubuluscumbulus's rating: 1222 &rarr; <strong>1196</strong><br />(-26 for losing)\n|raw|greetathunberg's rating: 1203 &rarr; <strong>1229</strong><br />(+26 for winning)\n|l|\u2606hubuluscumbulus\n|player|p1|\n",
  "uploadtime": 1776520637,
  "views": 16,
  "formatid": "gen9championsvgc2026regma",
  "rating": 1196,
  "private": 0,
  "password": null
}