{
  "id": "gen9championsvgc2026regma-2588541888",
  "format": "[Gen 9 Champions] VGC 2026 Reg M-A",
  "players": [
    "fayetssf",
    "Notswitch417"
  ],
  "log": "|j|\u2606fayetssf\n|j|\u2606Notswitch417\n|html|<table width=\"100%\"><tr><td align=\"left\">fayetssf</td><td align=\"right\">Notswitch417</tr><tr><td align=\"left\"><i class=\"fa fa-circle-o\"></i> <i class=\"fa fa-circle-o\"></i> </td><td align=\"right\"><i class=\"fa fa-circle-o\"></i> <i class=\"fa fa-circle\"></i> </tr></table>\n|uhtml|bestof|<h2><strong>Game 2</strong> of <a href=\"/game-bestof3-gen9championsvgc2026regma-2588539867\">a best-of-3</a></h2>\n|t:|1776643209\n|gametype|doubles\n|player|p1|fayetssf|miku-ghost|\n|player|p2|Notswitch417|colress|\n|gen|9\n|tier|[Gen 9 Champions] VGC 2026 Reg M-A\n|rule|Species Clause: Limit one of each Pok\u00e9mon\n|rule|Item Clause: Limit 1 of each item\n|raw|<div class=\"infobox\"><details class=\"readmore\" open><summary><strong>1 custom rule:</strong></summary> Best of = 3</details></div>\n|clearpoke\n|poke|p1|Clefable, L50, M|\n|poke|p1|Charizard, L50, M|\n|poke|p1|Scizor, L50, F|\n|poke|p1|Mamoswine, L50, F|\n|poke|p1|Liepard, L50, F|\n|poke|p1|Tauros-Paldea-Aqua, L50, M|\n|poke|p2|Lucario, L50, M, shiny|\n|poke|p2|Whimsicott, L50, M|\n|poke|p2|Volcarona, L50, M|\n|poke|p2|Hydreigon, L50, F, shiny|\n|poke|p2|Rampardos, L50, M|\n|poke|p2|Palafin, L50, F|\n|teampreview|4\n|inactive|Battle timer is ON: inactive players will automatically lose when time's up. (requested by fayetssf)\n|j| DozenSBU1\n|inactive|Notswitch417 has 60 seconds left.\n|\n|t:|1776643256\n|teamsize|p1|4\n|teamsize|p2|4\n|start\n|switch|p1a: Scizor|Scizor, L50, F|100/100\n|switch|p1b: Clefable|Clefable, L50, M|100/100\n|switch|p2a: Rampardos|Rampardos, L50, M|100/100\n|switch|p2b: Volcarona|Volcarona, L50, M|100/100\n|turn|1\n|inactive|fayetssf has 30 seconds left.\n|\n|t:|1776643286\n|move|p1a: Scizor|Protect|p1a: Scizor\n|-singleturn|p1a: Scizor|Protect\n|move|p1b: Clefable|Protect|p1b: Clefable\n|-singleturn|p1b: Clefable|Protect\n|move|p2b: Volcarona|Rage Powder|p2b: Volcarona\n|-singleturn|p2b: Volcarona|move: Rage Powder\n|move|p2a: Rampardos|Rock Slide|p1a: Scizor|[spread] \n|-activate|p1a: Scizor|move: Protect\n|-activate|p1b: Clefable|move: Protect\n|\n|upkeep\n|turn|2\n|\n|t:|1776643300\n|switch|p1a: Liepard|Liepard, L50, F|100/100\n|move|p2b: Volcarona|Rage Powder|p2b: Volcarona\n|-singleturn|p2b: Volcarona|move: Rage Powder\n|move|p2a: Rampardos|Rock Slide|p1b: Clefable|[spread] p1a,p1b\n|-damage|p1a: Liepard|35/100\n|-damage|p1b: Clefable|54/100\n|-enditem|p1a: Liepard|Sitrus Berry|[eat]\n|-heal|p1a: Liepard|60/100|[from] item: Sitrus Berry\n|move|p1b: Clefable|Moonblast|p2b: Volcarona\n|-resisted|p2b: Volcarona|1\n|-damage|p2b: Volcarona|84/100\n|\n|-heal|p2b: Volcarona|90/100|[from] item: Leftovers\n|upkeep\n|turn|3\n|inactive|fayetssf has 30 seconds left.\n|\n|t:|1776643326\n|switch|p1b: Scizor|Scizor, L50, F|100/100\n|move|p2a: Rampardos|Protect|p2a: Rampardos\n|-singleturn|p2a: Rampardos|Protect\n|move|p1a: Liepard|Fake Out|p2b: Volcarona\n|-damage|p2b: Volcarona|84/100\n|cant|p2b: Volcarona|flinch\n|\n|-heal|p2b: Volcarona|90/100|[from] item: Leftovers\n|upkeep\n|turn|4\n|\n|t:|1776643345\n|move|p2b: Volcarona|Rage Powder|p2b: Volcarona\n|-singleturn|p2b: Volcarona|move: Rage Powder\n|move|p1a: Liepard|U-turn|p2b: Volcarona\n|-resisted|p2b: Volcarona|1\n|-damage|p2b: Volcarona|84/100\n|\n|t:|1776643348\n|switch|p1a: Clefable|Clefable, L50, M|54/100|[from] U-turn\n|move|p2a: Rampardos|Rock Slide|p1b: Scizor|[spread] p1a,p1b\n|-damage|p1a: Clefable|4/100\n|-damage|p1b: Scizor|42/100\n|move|p1b: Scizor|Tailwind|p1b: Scizor\n|-sidestart|p1: fayetssf|move: Tailwind\n|\n|-heal|p1b: Scizor|48/100|[from] item: Leftovers\n|-heal|p2b: Volcarona|90/100|[from] item: Leftovers\n|upkeep\n|turn|5\n|\n|t:|1776643368\n|switch|p1b: Liepard|Liepard, L50, F|60/100\n|move|p2b: Volcarona|Rage Powder|p2b: Volcarona\n|-singleturn|p2b: Volcarona|move: Rage Powder\n|move|p1a: Clefable|Moonblast|p2b: Volcarona\n|-resisted|p2b: Volcarona|1\n|-damage|p2b: Volcarona|74/100\n|move|p2a: Rampardos|Rock Slide|p1b: Liepard|[spread] p1a,p1b\n|-damage|p1a: Clefable|0 fnt\n|-damage|p1b: Liepard|0 fnt\n|faint|p1a: Clefable\n|faint|p1b: Liepard\n|\n|-heal|p2b: Volcarona|80/100|[from] item: Leftovers\n|upkeep\n|\n|t:|1776643371\n|switch|p1b: Scizor|Scizor, L50, F|48/100\n|switch|p1a: Charizard|Charizard, L50, M|100/100\n|turn|6\n|\n|t:|1776643395\n|detailschange|p1a: Charizard|Charizard-Mega-X, L50, M\n|-mega|p1a: Charizard|Charizard|Charizardite X\n|move|p2a: Rampardos|Protect|p2a: Rampardos\n|-singleturn|p2a: Rampardos|Protect\n|move|p1a: Charizard|Flare Blitz|p2b: Volcarona\n|-damage|p2b: Volcarona|4/100\n|-damage|p1a: Charizard|72/100|[from] Recoil\n|move|p1b: Scizor|Roost|p1b: Scizor\n|-heal|p1b: Scizor|98/100\n|-singleturn|p1b: Scizor|move: Roost\n|move|p2b: Volcarona|Heat Wave|p1a: Charizard|[spread] p1a,p1b\n|-resisted|p1a: Charizard|2\n|-supereffective|p1b: Scizor|2\n|-damage|p1a: Charizard|62/100\n|-damage|p1b: Scizor|0 fnt\n|faint|p1b: Scizor\n|\n|-heal|p2b: Volcarona|10/100|[from] item: Leftovers\n|upkeep\n|turn|7\n|-message|fayetssf forfeited.\n|\n|win|Notswitch417\n|l|\u2606fayetssf\n|player|p1|\n",
  "uploadtime": 1776643413,
  "views": 6,
  "formatid": "gen9championsvgc2026regma",
  "rating": null,
  "private": 0,
  "password": null
}