{
  "id": "gen9championsvgc2026regma-2585908180",
  "format": "[Gen 9 Champions] VGC 2026 Reg M-A",
  "players": [
    "Aimboted",
    "MarsieHehe"
  ],
  "log": "|j|\u2606Aimboted\n|j|\u2606MarsieHehe\n|t:|1776380424\n|gametype|doubles\n|player|p1|Aimboted|unknown|1121\n|player|p2|MarsieHehe|169|1121\n|gen|9\n|tier|[Gen 9 Champions] VGC 2026 Reg M-A\n|rated|\n|rule|Species Clause: Limit one of each Pok\u00e9mon\n|rule|Item Clause: Limit 1 of each item\n|clearpoke\n|poke|p1|Floette-Eternal, L50, F|\n|poke|p1|Sylveon, L50, F|\n|poke|p1|Talonflame, L50, F|\n|poke|p1|Garchomp, L50, M|\n|poke|p1|Aegislash, L50, F|\n|poke|p1|Gengar, L50, M|\n|poke|p2|Froslass, L50, F|\n|poke|p2|Sneasler, L50, M|\n|poke|p2|Rotom-Frost, L50|\n|poke|p2|Garchomp, L50, M|\n|poke|p2|Maushold, L50|\n|poke|p2|Kingambit, L50, F|\n|teampreview|4\n|inactive|Battle timer is ON: inactive players will automatically lose when time's up. (requested by Aimboted)\n|\n|t:|1776380451\n|teamsize|p1|4\n|teamsize|p2|4\n|start\n|switch|p1a: Aegislash|Aegislash, L50, F|100/100\n|switch|p1b: Talonflame|Talonflame, L50, F|100/100\n|switch|p2a: Maushold|Maushold, L50|100/100\n|switch|p2b: Sneasler|Sneasler, L50, M|100/100\n|turn|1\n|\n|t:|1776380476\n|move|p2b: Sneasler|Fake Out|p1b: Talonflame\n|-damage|p1b: Talonflame|82/100\n|move|p2a: Maushold|Follow Me|p2a: Maushold\n|-singleturn|p2a: Maushold|move: Follow Me\n|cant|p1b: Talonflame|flinch\n|-formechange|p1a: Aegislash|Aegislash-Blade|\n|move|p1a: Aegislash|Poltergeist|p2a: Maushold\n|-immune|p2a: Maushold\n|\n|upkeep\n|turn|2\n|\n|t:|1776380494\n|move|p2b: Sneasler|Protect|p2b: Sneasler\n|-singleturn|p2b: Sneasler|Protect\n|move|p1b: Talonflame|Protect|p1b: Talonflame\n|-singleturn|p1b: Talonflame|Protect\n|-formechange|p1a: Aegislash|Aegislash|\n|move|p1a: Aegislash|King's Shield|p1a: Aegislash\n|-singleturn|p1a: Aegislash|Protect\n|move|p2a: Maushold|Population Bomb|p1b: Talonflame\n|-activate|p1b: Talonflame|move: Protect\n|\n|upkeep\n|turn|3\n|\n|t:|1776380517\n|move|p2a: Maushold|Helping Hand|p2b: Sneasler\n|-singleturn|p2b: Sneasler|Helping Hand|[of] p2a: Maushold\n|move|p2b: Sneasler|Dire Claw|p1b: Talonflame\n|-damage|p1b: Talonflame|4/100\n|-status|p1b: Talonflame|psn\n|move|p1b: Talonflame|Will-O-Wisp|p2a: Maushold\n|-status|p2a: Maushold|brn\n|-formechange|p1a: Aegislash|Aegislash-Blade|\n|move|p1a: Aegislash|Iron Head|p2b: Sneasler\n|-damage|p2b: Sneasler|36/100\n|\n|-damage|p1b: Talonflame|0 fnt|[from] psn\n|faint|p1b: Talonflame\n|-damage|p2a: Maushold|95/100 brn|[from] brn\n|upkeep\n|\n|t:|1776380531\n|switch|p1b: Sylveon|Sylveon, L50, F|100/100\n|turn|4\n|\n|t:|1776380550\n|move|p2b: Sneasler|Protect|p2b: Sneasler\n|-singleturn|p2b: Sneasler|Protect\n|move|p1b: Sylveon|Protect|p1b: Sylveon\n|-singleturn|p1b: Sylveon|Protect\n|move|p2a: Maushold|Population Bomb|p1b: Sylveon\n|-activate|p1b: Sylveon|move: Protect\n|move|p1a: Aegislash|Iron Head|p2b: Sneasler\n|-activate|p2b: Sneasler|move: Protect\n|\n|-damage|p2a: Maushold|89/100 brn|[from] brn\n|upkeep\n|turn|5\n|\n|t:|1776380569\n|move|p2a: Maushold|Follow Me|p2a: Maushold\n|-singleturn|p2a: Maushold|move: Follow Me\n|move|p2b: Sneasler|Dire Claw|p1b: Sylveon\n|-supereffective|p1b: Sylveon|1\n|-damage|p1b: Sylveon|0 fnt\n|faint|p1b: Sylveon\n|move|p1a: Aegislash|Iron Head|p2a: Maushold\n|-damage|p2a: Maushold|32/100 brn\n|\n|-damage|p2a: Maushold|26/100 brn|[from] brn\n|upkeep\n|\n|t:|1776380574\n|switch|p1b: Floette|Floette-Eternal, L50, F|100/100\n|turn|6\n|\n|t:|1776380590\n|move|p1b: Floette|Protect|p1b: Floette\n|-singleturn|p1b: Floette|Protect\n|move|p2a: Maushold|Follow Me|p2a: Maushold\n|-singleturn|p2a: Maushold|move: Follow Me\n|move|p2b: Sneasler|Dire Claw|p1b: Floette\n|-activate|p1b: Floette|move: Protect\n|move|p1a: Aegislash|Iron Head|p2a: Maushold\n|-crit|p2a: Maushold\n|-damage|p2a: Maushold|0 fnt\n|faint|p2a: Maushold\n|\n|upkeep\n|\n|t:|1776380605\n|switch|p2a: Froslass|Froslass, L50, F|100/100\n|turn|7\n|\n|t:|1776380620\n|switch|p2a: Garchomp|Garchomp, L50, M|100/100\n|detailschange|p1b: Floette|Floette-Mega, L50, F\n|-mega|p1b: Floette|Floette|Floettite\n|-ability|p1b: Floette|Fairy Aura\n|move|p2b: Sneasler|Dire Claw|p1b: Floette\n|-supereffective|p1b: Floette|1\n|-crit|p1b: Floette\n|-damage|p1b: Floette|0 fnt\n|faint|p1b: Floette\n|move|p1a: Aegislash|Iron Head|p2a: Garchomp\n|-damage|p2a: Garchomp|51/100\n|-damage|p1a: Aegislash|89/100|[from] ability: Rough Skin|[of] p2a: Garchomp\n|\n|-heal|p1a: Aegislash|95/100|[from] item: Leftovers\n|upkeep\n|turn|8\n|-message|Aimboted forfeited.\n|\n|win|MarsieHehe\n|raw|Aimboted's rating: 1121 &rarr; <strong>1096</strong><br />(-25 for losing)\n|raw|MarsieHehe's rating: 1121 &rarr; <strong>1146</strong><br />(+25 for winning)\n|l|\u2606Aimboted\n|player|p1|\n",
  "uploadtime": 1776380636,
  "views": 18,
  "formatid": "gen9championsvgc2026regma",
  "rating": 1096,
  "private": 0,
  "password": null
}