{
  "id": "gen9championsvgc2026regma-2588472443",
  "format": "[Gen 9 Champions] VGC 2026 Reg M-A",
  "players": [
    "Pablisuuus",
    "Pokeventurer"
  ],
  "log": "|j|\u2606Pablisuuus\n|j|\u2606Pokeventurer\n|t:|1776636582\n|gametype|doubles\n|player|p1|Pablisuuus|wallace|1370\n|player|p2|Pokeventurer|1|1536\n|gen|9\n|tier|[Gen 9 Champions] VGC 2026 Reg M-A\n|rated|\n|rule|Species Clause: Limit one of each Pok\u00e9mon\n|rule|Item Clause: Limit 1 of each item\n|clearpoke\n|poke|p1|Basculegion, L50, M|\n|poke|p1|Aerodactyl, L50, F|\n|poke|p1|Kangaskhan, L50, F|\n|poke|p1|Clefable, L50, M|\n|poke|p1|Kommo-o, L50, F|\n|poke|p1|Kingambit, L50, F|\n|poke|p2|Talonflame, L50, F|\n|poke|p2|Kingambit, L50, F|\n|poke|p2|Garchomp, L50, F|\n|poke|p2|Basculegion, L50, M|\n|poke|p2|Floette-Eternal, L50, F|\n|poke|p2|Corviknight, L50, F|\n|teampreview|4\n|inactive|Battle timer is ON: inactive players will automatically lose when time's up. (requested by Pokeventurer)\n|\n|t:|1776636619\n|teamsize|p1|4\n|teamsize|p2|4\n|start\n|switch|p1a: Kangaskhan|Kangaskhan, L50, F|100/100\n|switch|p1b: Aerodactyl|Aerodactyl, L50, F|100/100\n|switch|p2a: Basculegion|Basculegion, L50, M|100/100\n|switch|p2b: Talonflame|Talonflame, L50, F|100/100\n|-ability|p1b: Aerodactyl|Unnerve\n|turn|1\n|inactive|Pokeventurer has 30 seconds left.\n|\n|t:|1776636644\n|detailschange|p1a: Kangaskhan|Kangaskhan-Mega, L50, F\n|-mega|p1a: Kangaskhan|Kangaskhan|Kangaskhanite\n|move|p2b: Talonflame|Upper Hand|p1a: Kangaskhan\n|-supereffective|p1a: Kangaskhan|1\n|-damage|p1a: Kangaskhan|68/100\n|cant|p1a: Kangaskhan|flinch\n|move|p2a: Basculegion|Flip Turn|p1b: Aerodactyl\n|-supereffective|p1b: Aerodactyl|1\n|-enditem|p1b: Aerodactyl|Focus Sash\n|-damage|p1b: Aerodactyl|1/100\n|c|\u2606Pablisuuus|goated\n|\n|t:|1776636656\n|switch|p2a: Floette|Floette-Eternal, L50, F|100/100|[from] Flip Turn\n|move|p1b: Aerodactyl|Tailwind|p1b: Aerodactyl\n|-sidestart|p1: Pablisuuus|move: Tailwind\n|\n|upkeep\n|turn|2\n|\n|t:|1776636670\n|detailschange|p2a: Floette|Floette-Mega, L50, F\n|-mega|p2a: Floette|Floette|Floettite\n|-ability|p2a: Floette|Fairy Aura\n|move|p2b: Talonflame|Brave Bird|p1b: Aerodactyl\n|-resisted|p1b: Aerodactyl|1\n|-damage|p1b: Aerodactyl|0 fnt\n|faint|p1b: Aerodactyl\n|-damage|p2b: Talonflame|99/100|[from] Recoil\n|move|p1a: Kangaskhan|Double-Edge|p2a: Floette\n|-damage|p2a: Floette|37/100\n|-damage|p2a: Floette|19/100\n|-hitcount|p2a: Floette|2\n|-damage|p1a: Kangaskhan|42/100|[from] Recoil\n|move|p2a: Floette|Moonblast|p1a: Kangaskhan\n|-damage|p1a: Kangaskhan|0 fnt\n|faint|p1a: Kangaskhan\n|\n|upkeep\n|\n|t:|1776636676\n|switch|p1b: Basculegion|Basculegion, L50, M|100/100\n|switch|p1a: Kingambit|Kingambit, L50, F|100/100\n|turn|3\n|\n|t:|1776636700\n|move|p2b: Talonflame|Upper Hand||[still]\n|-fail|p2b: Talonflame\n|move|p1b: Basculegion|Last Respects|p2b: Talonflame\n|-damage|p2b: Talonflame|0 fnt\n|faint|p2b: Talonflame\n|move|p1a: Kingambit|Iron Head|p2a: Floette\n|-supereffective|p2a: Floette|1\n|-damage|p2a: Floette|0 fnt\n|faint|p2a: Floette\n|\n|upkeep\n|\n|t:|1776636706\n|switch|p2b: Corviknight|Corviknight, L50, F|100/100\n|switch|p2a: Basculegion|Basculegion, L50, M|100/100\n|-ability|p2b: Corviknight|Unnerve\n|turn|4\n|\n|t:|1776636721\n|move|p1a: Kingambit|Sucker Punch|p2a: Basculegion\n|-supereffective|p2a: Basculegion|1\n|-damage|p2a: Basculegion|2/100\n|move|p1b: Basculegion|Last Respects|p2a: Basculegion\n|-supereffective|p2a: Basculegion|1\n|-damage|p2a: Basculegion|0 fnt\n|faint|p2a: Basculegion\n|move|p2b: Corviknight|Body Press|p1a: Kingambit\n|-supereffective|p1a: Kingambit|2\n|-damage|p1a: Kingambit|35/100\n|\n|-sideend|p1: Pablisuuus|move: Tailwind\n|upkeep\n|turn|5\n|\n|t:|1776636727\n|move|p1a: Kingambit|Sucker Punch|p2b: Corviknight\n|-crit|p2b: Corviknight\n|-damage|p2b: Corviknight|58/100\n|move|p1b: Basculegion|Last Respects|p2b: Corviknight\n|-damage|p2b: Corviknight|0 fnt\n|faint|p2b: Corviknight\n|\n|win|Pablisuuus\n|raw|Pablisuuus's rating: 1370 &rarr; <strong>1399</strong><br />(+29 for winning)\n|raw|Pokeventurer's rating: 1536 &rarr; <strong>1507</strong><br />(-29 for losing)\n",
  "uploadtime": 1776636730,
  "views": 12,
  "formatid": "gen9championsvgc2026regma",
  "rating": 1399,
  "private": 0,
  "password": null
}